|j|☆claudechamp
|j|☆free.e1o
|t:|1779898150
|gametype|singles
|player|p1|claudechamp|169|1274
|player|p2|free.e1o|waitress-gen4|1311
|gen|9
|tier|[Gen 9] OU
|rated|
|rule|HP Percentage Mod: HP is shown in percentages
|rule|Endless Battle Clause: Forcing endless battles is banned
|rule|Species Clause: Limit one of each Pokémon
|rule|OHKO Clause: OHKO moves are banned
|rule|Evasion Items Clause: Evasion items are banned
|rule|Evasion Moves Clause: Evasion moves are banned
|rule|Evasion Abilities Clause: Evasion abilities are banned
|rule|Sleep Moves Clause: Sleep-inducing moves are banned
|clearpoke
|poke|p1|Gliscor, F|
|poke|p1|Ogerpon, F|
|poke|p1|Walking Wake|
|poke|p1|Blissey, F|
|poke|p1|Corviknight, M|
|poke|p1|Pecharunt|
|poke|p2|Darkrai|
|poke|p2|Garchomp, F|
|poke|p2|Alomomola, F|
|poke|p2|Corviknight, F|
|poke|p2|Weezing-Galar, F|
|poke|p2|Ogerpon, F|
|teampreview
|c|☆free.e1o|glhf
|c|☆claudechamp|hf
|
|t:|1779898166
|teamsize|p1|6
|teamsize|p2|6
|start
|switch|p1a: Gliscor|Gliscor, F|100/100
|switch|p2a: Garchomp|Garchomp, F|100/100
|turn|1
|inactive|Battle timer is ON: inactive players will automatically lose when time's up. (requested by claudechamp)
|inactive|claudechamp has 120 seconds left.
|
|t:|1779898201
|switch|p2a: Weezing|Weezing-Galar, F|100/100
|-ability|p2a: Weezing|Neutralizing Gas
|move|p1a: Gliscor|Spikes|p2a: Weezing
|-sidestart|p2: free.e1o|Spikes
|
|-status|p1a: Gliscor|tox|[from] item: Toxic Orb
|upkeep
|turn|2
|
|t:|1779898209
|move|p1a: Gliscor|Earthquake|p2a: Weezing
|-supereffective|p2a: Weezing
|-damage|p2a: Weezing|53/100
|move|p2a: Weezing|Defog|p1a: Gliscor
|-unboost|p1a: Gliscor|evasion|1
|-sideend|p2: free.e1o|Spikes|[from] move: Defog|[of] p2a: Weezing
|
|-heal|p2a: Weezing|59/100|[from] item: Leftovers
|-damage|p1a: Gliscor|94/100 tox|[from] psn
|upkeep
|turn|3
|
|t:|1779898222
|move|p1a: Gliscor|Earthquake|p2a: Weezing
|-supereffective|p2a: Weezing
|-damage|p2a: Weezing|19/100
|move|p2a: Weezing|Pain Split|p1a: Gliscor
|-sethp|p1a: Gliscor|56/100 tox|[from] move: Pain Split|[silent]
|-sethp|p2a: Weezing|59/100|[from] move: Pain Split
|
|-heal|p2a: Weezing|65/100|[from] item: Leftovers
|-damage|p1a: Gliscor|43/100 tox|[from] psn
|upkeep
|turn|4
|
|t:|1779898230
|move|p1a: Gliscor|Earthquake|p2a: Weezing
|-supereffective|p2a: Weezing
|-damage|p2a: Weezing|25/100
|move|p2a: Weezing|Sludge Bomb|p1a: Gliscor
|-resisted|p1a: Gliscor
|-damage|p1a: Gliscor|32/100 tox
|
|-heal|p2a: Weezing|31/100|[from] item: Leftovers
|-damage|p1a: Gliscor|14/100 tox|[from] psn
|upkeep
|turn|5
|
|t:|1779898243
|-end|p2a: Weezing|ability: Neutralizing Gas
|switch|p2a: Corviknight|Corviknight, F, shiny|100/100
|-ability|p2a: Corviknight|Pressure
|move|p1a: Gliscor|Earthquake|p2a: Corviknight
|-immune|p2a: Corviknight
|
|-heal|p1a: Gliscor|26/100 tox|[from] ability: Poison Heal
|upkeep
|turn|6
|
|t:|1779898253
|switch|p1a: Pecharunt|Pecharunt|100/100
|move|p2a: Corviknight|U-turn|p1a: Pecharunt
|-resisted|p1a: Pecharunt
|-damage|p1a: Pecharunt|99/100
|
|t:|1779898258
|switch|p2a: Darkrai|Darkrai, shiny|100/100|[from] U-turn
|
|upkeep
|turn|7
|
|t:|1779898263
|switch|p1a: Gliscor|Gliscor, F|26/100 tox
|move|p2a: Darkrai|Dark Pulse|p1a: Gliscor
|-damage|p1a: Gliscor|0 fnt
|faint|p1a: Gliscor
|
|upkeep
|
|t:|1779898265
|switch|p1a: Blissey|Blissey, F|100/100
|turn|8
|
|t:|1779898272
|switch|p2a: Garchomp|Garchomp, F|100/100
|move|p1a: Blissey|Stealth Rock|p2a: Garchomp
|-sidestart|p2: free.e1o|move: Stealth Rock
|
|upkeep
|turn|9
|
|t:|1779898275
|move|p2a: Garchomp|Stealth Rock|p1a: Blissey
|-sidestart|p1: claudechamp|move: Stealth Rock
|move|p1a: Blissey|Seismic Toss|p2a: Garchomp
|-damage|p2a: Garchomp|77/100
|-damage|p1a: Blissey|88/100|[from] ability: Rough Skin|[of] p2a: Garchomp
|-damage|p1a: Blissey|72/100|[from] item: Rocky Helmet|[of] p2a: Garchomp
|
|upkeep
|turn|10
|
|t:|1779898278
|move|p2a: Garchomp|Spikes|p1a: Blissey
|-sidestart|p1: claudechamp|Spikes
|move|p1a: Blissey|Soft-Boiled|p1a: Blissey
|-heal|p1a: Blissey|100/100
|
|upkeep
|turn|11
|
|t:|1779898281
|switch|p1a: Walking Wake|Walking Wake|100/100
|move|p2a: Garchomp|Dragon Tail|p1a: Walking Wake
|-supereffective|p1a: Walking Wake
|-crit|p1a: Walking Wake
|-damage|p1a: Walking Wake|17/100
|-end|p1a: Walking Wake|Protosynthesis|[silent]
|drag|p1a: Pecharunt|Pecharunt|99/100
|
|upkeep
|turn|12
|
|t:|1779898290
|move|p2a: Garchomp|Earthquake|p1a: Pecharunt
|-supereffective|p1a: Pecharunt
|-damage|p1a: Pecharunt|62/100
|move|p1a: Pecharunt|Parting Shot|p2a: Garchomp
|-unboost|p2a: Garchomp|atk|1
|-unboost|p2a: Garchomp|spa|1
|
|t:|1779898292
|switch|p1a: Walking Wake|Walking Wake|17/100|[from] Parting Shot
|
|upkeep
|turn|13
|
|t:|1779898297
|move|p1a: Walking Wake|Draco Meteor|p2a: Garchomp
|-supereffective|p2a: Garchomp
|-damage|p2a: Garchomp|0 fnt
|-unboost|p1a: Walking Wake|spa|2
|faint|p2a: Garchomp
|
|upkeep
|
|t:|1779898306
|switch|p2a: Ogerpon|Ogerpon, F|100/100
|-damage|p2a: Ogerpon|88/100|[from] Stealth Rock
|turn|14
|
|t:|1779898314
|-terastallize|p2a: Ogerpon|Grass
|detailschange|p2a: Ogerpon|Ogerpon-Teal-Tera, F, tera:Grass
|-ability|p2a: Ogerpon|Embody Aspect (Teal)|boost
|-boost|p2a: Ogerpon|spe|1
|move|p2a: Ogerpon|Knock Off|p1a: Walking Wake
|-crit|p1a: Walking Wake
|-damage|p1a: Walking Wake|0 fnt
|-enditem|p1a: Walking Wake|Heavy-Duty Boots|[from] move: Knock Off|[of] p2a: Ogerpon
|faint|p1a: Walking Wake
|-end|p1a: Walking Wake|Protosynthesis|[silent]
|
|upkeep
|
|t:|1779898318
|switch|p1a: Pecharunt|Pecharunt|62/100
|turn|15
|
|t:|1779898330
|switch|p2a: Corviknight|Corviknight, F, shiny|100/100
|-damage|p2a: Corviknight|88/100|[from] Stealth Rock
|-ability|p2a: Corviknight|Pressure
|move|p1a: Pecharunt|Malignant Chain|p2a: Corviknight
|-immune|p2a: Corviknight
|
|-heal|p2a: Corviknight|94/100|[from] item: Leftovers
|upkeep
|turn|16
|
|t:|1779898338
|move|p1a: Pecharunt|Recover|p1a: Pecharunt
|-heal|p1a: Pecharunt|100/100
|move|p2a: Corviknight|U-turn|p1a: Pecharunt
|-resisted|p1a: Pecharunt
|-damage|p1a: Pecharunt|99/100
|
|t:|1779898342
|switch|p2a: Darkrai|Darkrai, shiny|100/100|[from] U-turn
|-damage|p2a: Darkrai|88/100|[from] Stealth Rock
|
|upkeep
|turn|17
|
|t:|1779898347
|move|p2a: Darkrai|Dark Pulse|p1a: Pecharunt
|-supereffective|p1a: Pecharunt
|-damage|p1a: Pecharunt|0 fnt
|faint|p1a: Pecharunt
|
|upkeep
|
|t:|1779898353
|switch|p1a: Blissey|Blissey, F|100/100
|turn|18
|
|t:|1779898358
|switch|p2a: Weezing|Weezing-Galar, F|31/100
|-ability|p2a: Weezing|Neutralizing Gas
|-damage|p2a: Weezing|19/100|[from] Stealth Rock
|move|p1a: Blissey|Seismic Toss|p2a: Weezing
|-damage|p2a: Weezing|0 fnt
|faint|p2a: Weezing
|-end|p2a: Weezing|ability: Neutralizing Gas
|
|upkeep
|
|t:|1779898361
|switch|p2a: Darkrai|Darkrai, shiny|88/100
|-damage|p2a: Darkrai|76/100|[from] Stealth Rock
|turn|19
|
|t:|1779898371
|move|p2a: Darkrai|Trick|p1a: Blissey
|-activate|p2a: Darkrai|move: Trick|[of] p1a: Blissey
|-item|p1a: Blissey|Choice Specs|[from] move: Trick
|-item|p2a: Darkrai|Heavy-Duty Boots|[from] move: Trick
|move|p1a: Blissey|Seismic Toss|p2a: Darkrai
|-damage|p2a: Darkrai|40/100
|
|upkeep
|turn|20
|
|t:|1779898381
|switch|p2a: Corviknight|Corviknight, F, shiny|94/100
|-damage|p2a: Corviknight|82/100|[from] Stealth Rock
|-ability|p2a: Corviknight|Pressure
|move|p1a: Blissey|Seismic Toss|p2a: Corviknight
|-damage|p2a: Corviknight|57/100
|
|-heal|p2a: Corviknight|63/100|[from] item: Leftovers
|upkeep
|turn|21
|
|t:|1779898391
|switch|p1a: Corviknight|Corviknight, M|100/100
|-ability|p1a: Corviknight|Pressure
|move|p2a: Corviknight|Roost|p2a: Corviknight
|-heal|p2a: Corviknight|100/100
|-singleturn|p2a: Corviknight|move: Roost
|
|upkeep
|turn|22
|
|t:|1779898395
|move|p1a: Corviknight|Body Press|p2a: Corviknight
|-damage|p2a: Corviknight|81/100
|move|p2a: Corviknight|Defog|p1a: Corviknight
|-unboost|p1a: Corviknight|evasion|1
|-sideend|p1: claudechamp|Spikes|[from] move: Defog|[of] p2a: Corviknight
|-sideend|p1: claudechamp|Stealth Rock|[from] move: Defog|[of] p2a: Corviknight
|-sideend|p2: free.e1o|Stealth Rock|[from] move: Defog|[of] p2a: Corviknight
|
|-heal|p2a: Corviknight|87/100|[from] item: Leftovers
|upkeep
|turn|23
|
|t:|1779898400
|switch|p1a: Blissey|Blissey, F|100/100
|move|p2a: Corviknight|U-turn|p1a: Blissey
|-damage|p1a: Blissey|85/100
|
|t:|1779898409
|switch|p2a: Alomomola|Alomomola, F, shiny|100/100|[from] U-turn
|
|upkeep
|turn|24
|
|t:|1779898415
|move|p1a: Blissey|Soft-Boiled|p1a: Blissey
|-heal|p1a: Blissey|100/100
|move|p2a: Alomomola|Flip Turn|p1a: Blissey
|-damage|p1a: Blissey|84/100
|
|t:|1779898419
|switch|p2a: Ogerpon|Ogerpon-Teal-Tera, F, tera:Grass|88/100|[from] Flip Turn
|-ability|p2a: Ogerpon|Embody Aspect (Teal)|boost
|-boost|p2a: Ogerpon|spe|1
|
|upkeep
|turn|25
|
|t:|1779898424
|switch|p1a: Corviknight|Corviknight, M|100/100
|-ability|p1a: Corviknight|Pressure
|move|p2a: Ogerpon|Swords Dance|p2a: Ogerpon
|-boost|p2a: Ogerpon|atk|2
|
|upkeep
|turn|26
|
|t:|1779898435
|move|p2a: Ogerpon|Knock Off|p1a: Corviknight
|-damage|p1a: Corviknight|60/100
|-enditem|p1a: Corviknight|Heavy-Duty Boots|[from] move: Knock Off|[of] p2a: Ogerpon
|move|p1a: Corviknight|U-turn|p2a: Ogerpon
|-supereffective|p2a: Ogerpon
|-damage|p2a: Ogerpon|48/100
|
|t:|1779898445
|switch|p1a: Ogerpon|Ogerpon, F|100/100|[from] U-turn
|
|upkeep
|turn|27
|
|t:|1779898455
|move|p2a: Ogerpon|Knock Off|p1a: Ogerpon
|-damage|p1a: Ogerpon|24/100
|-enditem|p1a: Ogerpon|Heavy-Duty Boots|[from] move: Knock Off|[of] p2a: Ogerpon
|move|p1a: Ogerpon|U-turn|p2a: Ogerpon
|-supereffective|p2a: Ogerpon
|-damage|p2a: Ogerpon|0 fnt
|faint|p2a: Ogerpon
|detailschange|p2: Ogerpon|Ogerpon, F|[silent]
|
|t:|1779898465
|switch|p1a: Corviknight|Corviknight, M|60/100|[from] U-turn
|-ability|p1a: Corviknight|Pressure
|
|upkeep
|
|t:|1779898469
|switch|p2a: Darkrai|Darkrai, shiny|40/100
|turn|28
|
|t:|1779898474
|move|p2a: Darkrai|Dark Pulse|p1a: Corviknight
|-damage|p1a: Corviknight|12/100
|cant|p1a: Corviknight|flinch
|
|upkeep
|turn|29
|
|t:|1779898486
|switch|p1a: Blissey|Blissey, F|84/100
|move|p2a: Darkrai|Dark Pulse|p1a: Blissey
|-damage|p1a: Blissey|70/100
|
|upkeep
|turn|30
|
|t:|1779898500
|move|p2a: Darkrai|Dark Pulse|p1a: Blissey
|-crit|p1a: Blissey
|-damage|p1a: Blissey|52/100
|move|p1a: Blissey|Soft-Boiled|p1a: Blissey
|-heal|p1a: Blissey|100/100
|
|upkeep
|turn|31
|
|t:|1779898508
|move|p2a: Darkrai|Ice Beam|p1a: Blissey
|-damage|p1a: Blissey|90/100
|move|p1a: Blissey|Soft-Boiled|p1a: Blissey
|-heal|p1a: Blissey|100/100
|
|upkeep
|turn|32
|
|t:|1779898524
|move|p2a: Darkrai|Ice Beam|p1a: Blissey
|-damage|p1a: Blissey|90/100
|move|p1a: Blissey|Soft-Boiled|p1a: Blissey
|-heal|p1a: Blissey|100/100
|
|upkeep
|turn|33
|
|t:|1779898535
|move|p2a: Darkrai|Ice Beam|p1a: Blissey
|-damage|p1a: Blissey|91/100
|move|p1a: Blissey|Soft-Boiled|p1a: Blissey
|-heal|p1a: Blissey|100/100
|
|upkeep
|turn|34
|
|t:|1779898544
|switch|p1a: Ogerpon|Ogerpon, F|24/100
|move|p2a: Darkrai|Ice Beam|p1a: Ogerpon
|-supereffective|p1a: Ogerpon
|-damage|p1a: Ogerpon|0 fnt
|faint|p1a: Ogerpon
|
|upkeep
|
|t:|1779898550
|switch|p1a: Blissey|Blissey, F|100/100
|turn|35
|
|t:|1779898558
|switch|p2a: Alomomola|Alomomola, F, shiny|100/100
|move|p1a: Blissey|Seismic Toss|p2a: Alomomola
|-damage|p2a: Alomomola|82/100
|
|upkeep
|turn|36
|
|t:|1779898567
|move|p1a: Blissey|Seismic Toss|p2a: Alomomola
|-damage|p2a: Alomomola|63/100
|move|p2a: Alomomola|Body Slam|p1a: Blissey
|-damage|p1a: Blissey|84/100
|
|upkeep
|turn|37
|
|t:|1779898573
|move|p1a: Blissey|Seismic Toss|p2a: Alomomola
|-damage|p2a: Alomomola|44/100
|move|p2a: Alomomola|Flip Turn|p1a: Blissey
|-damage|p1a: Blissey|67/100
|
|t:|1779898576
|switch|p2a: Corviknight|Corviknight, F, shiny|87/100|[from] Flip Turn
|-ability|p2a: Corviknight|Pressure
|
|-heal|p2a: Corviknight|93/100|[from] item: Leftovers
|upkeep
|turn|38
|
|t:|1779898583
|move|p2a: Corviknight|U-turn|p1a: Blissey
|-damage|p1a: Blissey|51/100
|
|t:|1779898586
|switch|p2a: Alomomola|Alomomola, F, shiny|77/100|[from] U-turn
|move|p1a: Blissey|Seismic Toss|p2a: Alomomola
|-damage|p2a: Alomomola|59/100
|
|upkeep
|turn|39
|
|t:|1779898594
|switch|p1a: Corviknight|Corviknight, M|12/100
|-ability|p1a: Corviknight|Pressure
|switch|p2a: Corviknight|Corviknight, F, shiny|93/100
|-ability|p2a: Corviknight|Pressure
|
|-heal|p2a: Corviknight|99/100|[from] item: Leftovers
|upkeep
|turn|40
|
|t:|1779898601
|move|p1a: Corviknight|Roost|p1a: Corviknight
|-heal|p1a: Corviknight|62/100
|-singleturn|p1a: Corviknight|move: Roost
|move|p2a: Corviknight|U-turn|p1a: Corviknight
|-resisted|p1a: Corviknight
|-damage|p1a: Corviknight|58/100
|
|t:|1779898605
|switch|p2a: Darkrai|Darkrai, shiny|40/100|[from] U-turn
|
|upkeep
|turn|41
|
|t:|1779898613
|move|p2a: Darkrai|Dark Pulse|p1a: Corviknight
|-damage|p1a: Corviknight|11/100
|move|p1a: Corviknight|Body Press|p2a: Darkrai
|-supereffective|p2a: Darkrai
|-damage|p2a: Darkrai|0 fnt
|faint|p2a: Darkrai
|
|upkeep
|
|t:|1779898637
|switch|p2a: Alomomola|Alomomola, F, shiny|92/100
|turn|42
|
|t:|1779898644
|move|p1a: Corviknight|Roost|p1a: Corviknight
|-heal|p1a: Corviknight|61/100
|-singleturn|p1a: Corviknight|move: Roost
|move|p2a: Alomomola|Flip Turn|p1a: Corviknight
|-damage|p1a: Corviknight|50/100
|
|t:|1779898651
|switch|p2a: Corviknight|Corviknight, F, shiny|99/100|[from] Flip Turn
|-ability|p2a: Corviknight|Pressure
|
|-heal|p2a: Corviknight|100/100|[from] item: Leftovers
|upkeep
|turn|43
|
|t:|1779898663
|move|p1a: Corviknight|Roost|p1a: Corviknight
|-heal|p1a: Corviknight|100/100
|-singleturn|p1a: Corviknight|move: Roost
|move|p2a: Corviknight|U-turn|p1a: Corviknight
|-resisted|p1a: Corviknight
|-damage|p1a: Corviknight|96/100
|c|☆free.e1o|yea we here for a while
|
|t:|1779898669
|switch|p2a: Alomomola|Alomomola, F, shiny|100/100|[from] U-turn
|
|upkeep
|turn|44
|
|t:|1779898678
|move|p2a: Alomomola|Aqua Jet|p1a: Corviknight
|-damage|p1a: Corviknight|89/100
|move|p1a: Corviknight|U-turn|p2a: Alomomola
|-damage|p2a: Alomomola|89/100
|
|t:|1779898686
|switch|p1a: Blissey|Blissey, F|51/100|[from] U-turn
|
|upkeep
|turn|45
|
|t:|1779898695
|move|p1a: Blissey|Soft-Boiled|p1a: Blissey
|-heal|p1a: Blissey|100/100
|move|p2a: Alomomola|Body Slam|p1a: Blissey
|-damage|p1a: Blissey|84/100
|-status|p1a: Blissey|par
|
|upkeep
|turn|46
|
|t:|1779898705
|move|p2a: Alomomola|Body Slam|p1a: Blissey
|-damage|p1a: Blissey|68/100 par
|move|p1a: Blissey|Soft-Boiled|p1a: Blissey
|-heal|p1a: Blissey|100/100 par
|
|upkeep
|turn|47
|
|t:|1779898713
|-curestatus|p1a: Blissey|par|[from] ability: Natural Cure|[silent]
|switch|p1a: Corviknight|Corviknight, M|89/100
|-ability|p1a: Corviknight|Pressure
|move|p2a: Alomomola|Body Slam|p1a: Corviknight
|-resisted|p1a: Corviknight
|-damage|p1a: Corviknight|84/100
|
|upkeep
|turn|48
|
|t:|1779898722
|move|p2a: Alomomola|Aqua Jet|p1a: Corviknight
|-damage|p1a: Corviknight|78/100
|move|p1a: Corviknight|Roost|p1a: Corviknight
|-heal|p1a: Corviknight|100/100
|-singleturn|p1a: Corviknight|move: Roost
|
|upkeep
|turn|49
|
|t:|1779898731
|move|p1a: Corviknight|Body Press|p2a: Alomomola
|-damage|p2a: Alomomola|68/100
|move|p2a: Alomomola|Mirror Coat||[still]
|-fail|p2a: Alomomola
|
|upkeep
|turn|50
|
|t:|1779898741
|move|p1a: Corviknight|Body Press|p2a: Alomomola
|-damage|p2a: Alomomola|47/100
|move|p2a: Alomomola|Flip Turn|p1a: Corviknight
|-damage|p1a: Corviknight|91/100
|
|t:|1779898743
|switch|p2a: Corviknight|Corviknight, F, shiny|100/100|[from] Flip Turn
|-ability|p2a: Corviknight|Pressure
|
|upkeep
|turn|51
|
|t:|1779898768
|switch|p2a: Alomomola|Alomomola, F, shiny|80/100
|move|p1a: Corviknight|Roost|p1a: Corviknight
|-heal|p1a: Corviknight|100/100
|-singleturn|p1a: Corviknight|move: Roost
|
|upkeep
|turn|52
|
|t:|1779898787
|move|p1a: Corviknight|Body Press|p2a: Alomomola
|-damage|p2a: Alomomola|61/100
|move|p2a: Alomomola|Mirror Coat||[still]
|-fail|p2a: Alomomola
|
|upkeep
|turn|53
|
|t:|1779898803
|switch|p2a: Corviknight|Corviknight, F, shiny|100/100
|-ability|p2a: Corviknight|Pressure
|move|p1a: Corviknight|Body Press|p2a: Corviknight
|-damage|p2a: Corviknight|80/100
|
|-heal|p2a: Corviknight|87/100|[from] item: Leftovers
|upkeep
|turn|54
|c|☆free.e1o|mhm
|
|t:|1779898813
|move|p1a: Corviknight|Thief|p2a: Corviknight
|-damage|p2a: Corviknight|77/100
|-enditem|p2a: Corviknight|Leftovers|[silent]|[from] move: Thief|[of] p1a: Corviknight
|-item|p1a: Corviknight|Leftovers|[from] move: Thief|[of] p2a: Corviknight
|move|p2a: Corviknight|Defog|p1a: Corviknight
|-unboost|p1a: Corviknight|evasion|1
|
|upkeep
|turn|55
|c|☆free.e1o|insane tech wtf lmao
|
|t:|1779898832
|move|p1a: Corviknight|Thief|p2a: Corviknight
|-crit|p2a: Corviknight
|-damage|p2a: Corviknight|62/100
|move|p2a: Corviknight|Defog|p1a: Corviknight
|-unboost|p1a: Corviknight|evasion|1
|
|upkeep
|turn|56
|
|t:|1779898839
|move|p1a: Corviknight|Body Press|p2a: Corviknight
|-damage|p2a: Corviknight|42/100
|move|p2a: Corviknight|Defog|p1a: Corviknight
|-unboost|p1a: Corviknight|evasion|1
|
|upkeep
|turn|57
|
|t:|1779898854
|move|p1a: Corviknight|Thief|p2a: Corviknight
|-damage|p2a: Corviknight|31/100
|move|p2a: Corviknight|Roost|p2a: Corviknight
|-heal|p2a: Corviknight|81/100
|-singleturn|p2a: Corviknight|move: Roost
|
|upkeep
|turn|58
|
|t:|1779898862
|switch|p2a: Alomomola|Alomomola, F, shiny|94/100
|move|p1a: Corviknight|Body Press|p2a: Alomomola
|-crit|p2a: Alomomola
|-damage|p2a: Alomomola|66/100
|
|upkeep
|turn|59
|
|t:|1779898872
|switch|p2a: Corviknight|Corviknight, F, shiny|81/100
|-ability|p2a: Corviknight|Pressure
|move|p1a: Corviknight|U-turn|p2a: Corviknight
|-resisted|p2a: Corviknight
|-damage|p2a: Corviknight|78/100
|
|t:|1779898885
|switch|p1a: Blissey|Blissey, F|100/100|[from] U-turn
|
|upkeep
|turn|60
|
|t:|1779898897
|move|p2a: Corviknight|U-turn|p1a: Blissey
|-damage|p1a: Blissey|86/100
|
|t:|1779898900
|switch|p2a: Alomomola|Alomomola, F, shiny|99/100|[from] U-turn
|move|p1a: Blissey|Seismic Toss|p2a: Alomomola
|-damage|p2a: Alomomola|80/100
|
|upkeep
|turn|61
|
|t:|1779898908
|switch|p1a: Corviknight|Corviknight, M|100/100
|-ability|p1a: Corviknight|Pressure
|move|p2a: Alomomola|Flip Turn|p1a: Corviknight
|-damage|p1a: Corviknight|91/100
|
|t:|1779898911
|switch|p2a: Corviknight|Corviknight, F, shiny|78/100|[from] Flip Turn
|-ability|p2a: Corviknight|Pressure
|
|-heal|p1a: Corviknight|97/100|[from] item: Leftovers
|upkeep
|turn|62
|
|t:|1779898923
|move|p1a: Corviknight|Thief|p2a: Corviknight
|-damage|p2a: Corviknight|69/100
|move|p2a: Corviknight|Defog|p1a: Corviknight
|-unboost|p1a: Corviknight|evasion|1
|
|-heal|p1a: Corviknight|100/100|[from] item: Leftovers
|upkeep
|turn|63
|
|t:|1779898941
|move|p1a: Corviknight|Body Press|p2a: Corviknight
|-damage|p2a: Corviknight|47/100
|move|p2a: Corviknight|Defog|p1a: Corviknight
|-unboost|p1a: Corviknight|evasion|1
|
|upkeep
|turn|64
|
|t:|1779898952
|move|p1a: Corviknight|Thief|p2a: Corviknight
|-damage|p2a: Corviknight|37/100
|move|p2a: Corviknight|Roost|p2a: Corviknight
|-heal|p2a: Corviknight|87/100
|-singleturn|p2a: Corviknight|move: Roost
|
|upkeep
|turn|65
|
|t:|1779898961
|switch|p2a: Alomomola|Alomomola, F, shiny|100/100
|move|p1a: Corviknight|Body Press|p2a: Alomomola
|-damage|p2a: Alomomola|80/100
|
|upkeep
|turn|66
|
|t:|1779898971
|move|p1a: Corviknight|Thief|p2a: Alomomola
|-damage|p2a: Alomomola|71/100
|move|p2a: Alomomola|Mirror Coat||[still]
|-fail|p2a: Alomomola
|
|upkeep
|turn|67
|
|t:|1779898981
|switch|p2a: Corviknight|Corviknight, F, shiny|87/100
|-ability|p2a: Corviknight|Pressure
|move|p1a: Corviknight|Body Press|p2a: Corviknight
|-damage|p2a: Corviknight|65/100
|
|upkeep
|turn|68
|
|t:|1779898993
|move|p1a: Corviknight|Thief|p2a: Corviknight
|-damage|p2a: Corviknight|56/100
|move|p2a: Corviknight|Defog|p1a: Corviknight
|-unboost|p1a: Corviknight|evasion|1
|
|upkeep
|turn|69
|
|t:|1779899003
|switch|p1a: Blissey|Blissey, F|86/100
|move|p2a: Corviknight|Roost|p2a: Corviknight
|-heal|p2a: Corviknight|100/100
|-singleturn|p2a: Corviknight|move: Roost
|
|upkeep
|turn|70
|
|t:|1779899013
|switch|p2a: Alomomola|Alomomola, F, shiny|100/100
|switch|p1a: Corviknight|Corviknight, M|100/100
|-ability|p1a: Corviknight|Pressure
|
|upkeep
|turn|71
|
|t:|1779899023
|move|p1a: Corviknight|Thief|p2a: Alomomola
|-damage|p2a: Alomomola|92/100
|move|p2a: Alomomola|Flip Turn|p1a: Corviknight
|-damage|p1a: Corviknight|89/100
|
|t:|1779899025
|switch|p2a: Corviknight|Corviknight, F, shiny|100/100|[from] Flip Turn
|-ability|p2a: Corviknight|Pressure
|
|-heal|p1a: Corviknight|95/100|[from] item: Leftovers
|upkeep
|turn|72
|
|t:|1779899033
|move|p1a: Corviknight|Roost|p1a: Corviknight
|-heal|p1a: Corviknight|100/100
|-singleturn|p1a: Corviknight|move: Roost
|move|p2a: Corviknight|Brave Bird|p1a: Corviknight
|-resisted|p1a: Corviknight
|-damage|p1a: Corviknight|89/100
|-damage|p2a: Corviknight|97/100|[from] Recoil
|
|-heal|p1a: Corviknight|95/100|[from] item: Leftovers
|upkeep
|turn|73
|
|t:|1779899043
|move|p1a: Corviknight|Thief|p2a: Corviknight
|-damage|p2a: Corviknight|87/100
|move|p2a: Corviknight|Brave Bird|p1a: Corviknight
|-resisted|p1a: Corviknight
|-damage|p1a: Corviknight|84/100
|-damage|p2a: Corviknight|83/100|[from] Recoil
|
|-heal|p1a: Corviknight|90/100|[from] item: Leftovers
|upkeep
|turn|74
|
|t:|1779899053
|move|p1a: Corviknight|Roost|p1a: Corviknight
|-heal|p1a: Corviknight|100/100
|-singleturn|p1a: Corviknight|move: Roost
|move|p2a: Corviknight|Brave Bird|p1a: Corviknight
|-resisted|p1a: Corviknight
|-damage|p1a: Corviknight|88/100
|-damage|p2a: Corviknight|79/100|[from] Recoil
|
|-heal|p1a: Corviknight|94/100|[from] item: Leftovers
|upkeep
|turn|75
|
|t:|1779899064
|move|p1a: Corviknight|Thief|p2a: Corviknight
|-crit|p2a: Corviknight
|-damage|p2a: Corviknight|65/100
|move|p2a: Corviknight|Defog|p1a: Corviknight
|-unboost|p1a: Corviknight|evasion|1
|
|-heal|p1a: Corviknight|99/100|[from] item: Leftovers
|upkeep
|turn|76
|
|t:|1779899074
|move|p1a: Corviknight|Thief|p2a: Corviknight
|-damage|p2a: Corviknight|55/100
|move|p2a: Corviknight|Roost|p2a: Corviknight
|-heal|p2a: Corviknight|100/100
|-singleturn|p2a: Corviknight|move: Roost
|
|-heal|p1a: Corviknight|100/100|[from] item: Leftovers
|upkeep
|turn|77
|
|t:|1779899089
|move|p1a: Corviknight|Thief|p2a: Corviknight
|-damage|p2a: Corviknight|90/100
|move|p2a: Corviknight|Brave Bird|p1a: Corviknight
|-resisted|p1a: Corviknight
|-damage|p1a: Corviknight|88/100
|-damage|p2a: Corviknight|86/100|[from] Recoil
|
|-heal|p1a: Corviknight|94/100|[from] item: Leftovers
|upkeep
|turn|78
|
|t:|1779899095
|move|p1a: Corviknight|Roost|p1a: Corviknight
|-heal|p1a: Corviknight|100/100
|-singleturn|p1a: Corviknight|move: Roost
|move|p2a: Corviknight|Defog|p1a: Corviknight
|-unboost|p1a: Corviknight|evasion|1
|
|upkeep
|turn|79
|
|t:|1779899105
|move|p1a: Corviknight|Thief|p2a: Corviknight
|-damage|p2a: Corviknight|77/100
|move|p2a: Corviknight|Defog|p1a: Corviknight
|-unboost|p1a: Corviknight|evasion|1
|
|upkeep
|turn|80
|
|t:|1779899115
|move|p1a: Corviknight|U-turn|p2a: Corviknight
|-resisted|p2a: Corviknight
|-damage|p2a: Corviknight|74/100
|
|t:|1779899127
|switch|p1a: Blissey|Blissey, F|86/100|[from] U-turn
|move|p2a: Corviknight|U-turn|p1a: Blissey
|-damage|p1a: Blissey|71/100
|
|t:|1779899132
|switch|p2a: Alomomola|Alomomola, F, shiny|100/100|[from] U-turn
|
|upkeep
|turn|81
|
|t:|1779899139
|move|p1a: Blissey|Stealth Rock|p2a: Alomomola
|-sidestart|p2: free.e1o|move: Stealth Rock
|move|p2a: Alomomola|Body Slam|p1a: Blissey
|-damage|p1a: Blissey|56/100
|-status|p1a: Blissey|par
|
|upkeep
|turn|82
|
|t:|1779899147
|-curestatus|p1a: Blissey|par|[from] ability: Natural Cure|[silent]
|switch|p1a: Corviknight|Corviknight, M|100/100
|-ability|p1a: Corviknight|Pressure
|move|p2a: Alomomola|Body Slam|p1a: Corviknight
|-resisted|p1a: Corviknight
|-damage|p1a: Corviknight|96/100
|
|-heal|p1a: Corviknight|100/100|[from] item: Leftovers
|upkeep
|turn|83
|
|t:|1779899157
|move|p1a: Corviknight|Thief|p2a: Alomomola
|-damage|p2a: Alomomola|91/100
|move|p2a: Alomomola|Flip Turn|p1a: Corviknight
|-damage|p1a: Corviknight|89/100
|
|t:|1779899159
|switch|p2a: Corviknight|Corviknight, F, shiny|74/100|[from] Flip Turn
|-damage|p2a: Corviknight|62/100|[from] Stealth Rock
|-ability|p2a: Corviknight|Pressure
|
|-heal|p1a: Corviknight|95/100|[from] item: Leftovers
|upkeep
|turn|84
|
|t:|1779899174
|move|p1a: Corviknight|Thief|p2a: Corviknight
|-damage|p2a: Corviknight|52/100
|move|p2a: Corviknight|Defog|p1a: Corviknight
|-unboost|p1a: Corviknight|evasion|1
|-sideend|p2: free.e1o|Stealth Rock|[from] move: Defog|[of] p2a: Corviknight
|
|-heal|p1a: Corviknight|100/100|[from] item: Leftovers
|upkeep
|turn|85
|
|t:|1779899185
|move|p1a: Corviknight|Thief|p2a: Corviknight
|-damage|p2a: Corviknight|43/100
|move|p2a: Corviknight|U-turn|p1a: Corviknight
|-resisted|p1a: Corviknight
|-damage|p1a: Corviknight|98/100
|
|t:|1779899187
|switch|p2a: Alomomola|Alomomola, F, shiny|100/100|[from] U-turn
|
|-heal|p1a: Corviknight|100/100|[from] item: Leftovers
|upkeep
|turn|86
|
|t:|1779899192
|move|p2a: Alomomola|Aqua Jet|p1a: Corviknight
|-damage|p1a: Corviknight|93/100
|move|p1a: Corviknight|Thief|p2a: Alomomola
|-damage|p2a: Alomomola|91/100
|
|-heal|p1a: Corviknight|99/100|[from] item: Leftovers
|upkeep
|turn|87
|
|t:|1779899202
|move|p1a: Corviknight|Thief|p2a: Alomomola
|-damage|p2a: Alomomola|82/100
|move|p2a: Alomomola|Flip Turn|p1a: Corviknight
|-damage|p1a: Corviknight|89/100
|
|t:|1779899204
|switch|p2a: Corviknight|Corviknight, F, shiny|43/100|[from] Flip Turn
|-ability|p2a: Corviknight|Pressure
|
|-heal|p1a: Corviknight|95/100|[from] item: Leftovers
|upkeep
|turn|88
|
|t:|1779899214
|move|p1a: Corviknight|U-turn|p2a: Corviknight
|-resisted|p2a: Corviknight
|-damage|p2a: Corviknight|40/100
|
|t:|1779899224
|switch|p1a: Blissey|Blissey, F|56/100|[from] U-turn
|move|p2a: Corviknight|Roost|p2a: Corviknight
|-heal|p2a: Corviknight|90/100
|-singleturn|p2a: Corviknight|move: Roost
|
|upkeep
|turn|89
|
|t:|1779899234
|move|p2a: Corviknight|U-turn|p1a: Blissey
|-damage|p1a: Blissey|42/100
|
|t:|1779899236
|switch|p2a: Alomomola|Alomomola, F, shiny|100/100|[from] U-turn
|move|p1a: Blissey|Seismic Toss|p2a: Alomomola
|-damage|p2a: Alomomola|82/100
|
|upkeep
|turn|90
|
|t:|1779899247
|move|p1a: Blissey|Seismic Toss|p2a: Alomomola
|-damage|p2a: Alomomola|63/100
|move|p2a: Alomomola|Body Slam|p1a: Blissey
|-damage|p1a: Blissey|27/100
|-status|p1a: Blissey|par
|
|upkeep
|turn|91
|
|t:|1779899256
|move|p2a: Alomomola|Flip Turn|p1a: Blissey
|-damage|p1a: Blissey|10/100 par
|
|t:|1779899259
|switch|p2a: Corviknight|Corviknight, F, shiny|90/100|[from] Flip Turn
|-ability|p2a: Corviknight|Pressure
|cant|p1a: Blissey|par
|
|upkeep
|turn|92
|
|t:|1779899269
|-curestatus|p1a: Blissey|par|[from] ability: Natural Cure|[silent]
|switch|p1a: Corviknight|Corviknight, M|95/100
|-ability|p1a: Corviknight|Pressure
|move|p2a: Corviknight|U-turn|p1a: Corviknight
|-resisted|p1a: Corviknight
|-damage|p1a: Corviknight|93/100
|
|t:|1779899272
|switch|p2a: Alomomola|Alomomola, F, shiny|96/100|[from] U-turn
|
|-heal|p1a: Corviknight|99/100|[from] item: Leftovers
|upkeep
|turn|93
|
|t:|1779899280
|switch|p2a: Corviknight|Corviknight, F, shiny|90/100
|-ability|p2a: Corviknight|Pressure
|move|p1a: Corviknight|Thief|p2a: Corviknight
|-damage|p2a: Corviknight|80/100
|
|-heal|p1a: Corviknight|100/100|[from] item: Leftovers
|upkeep
|turn|94
|
|t:|1779899308
|move|p1a: Corviknight|Thief|p2a: Corviknight
|-damage|p2a: Corviknight|71/100
|move|p2a: Corviknight|U-turn|p1a: Corviknight
|-resisted|p1a: Corviknight
|-damage|p1a: Corviknight|98/100
|
|t:|1779899311
|switch|p2a: Alomomola|Alomomola, F, shiny|100/100|[from] U-turn
|
|-heal|p1a: Corviknight|100/100|[from] item: Leftovers
|upkeep
|turn|95
|
|t:|1779899322
|switch|p2a: Corviknight|Corviknight, F, shiny|71/100
|-ability|p2a: Corviknight|Pressure
|move|p1a: Corviknight|Thief|p2a: Corviknight
|-crit|p2a: Corviknight
|-damage|p2a: Corviknight|57/100
|
|upkeep
|turn|96
|
|t:|1779899333
|move|p1a: Corviknight|U-turn|p2a: Corviknight
|-resisted|p2a: Corviknight
|-damage|p2a: Corviknight|54/100
|
|t:|1779899340
|switch|p1a: Blissey|Blissey, F|10/100|[from] U-turn
|move|p2a: Corviknight|Roost|p2a: Corviknight
|-heal|p2a: Corviknight|100/100
|-singleturn|p2a: Corviknight|move: Roost
|
|upkeep
|turn|97
|
|t:|1779899352
|switch|p1a: Corviknight|Corviknight, M|100/100
|-ability|p1a: Corviknight|Pressure
|move|p2a: Corviknight|Brave Bird|p1a: Corviknight
|-resisted|p1a: Corviknight
|-damage|p1a: Corviknight|89/100
|-damage|p2a: Corviknight|97/100|[from] Recoil
|
|-heal|p1a: Corviknight|95/100|[from] item: Leftovers
|upkeep
|turn|98
|
|t:|1779899365
|switch|p2a: Alomomola|Alomomola, F, shiny|100/100
|move|p1a: Corviknight|U-turn|p2a: Alomomola
|-damage|p2a: Alomomola|90/100
|c|☆free.e1o|ggs lol
|
|t:|1779899377
|switch|p1a: Blissey|Blissey, F|10/100|[from] U-turn
|
|upkeep
|turn|99
|
|t:|1779899390
|switch|p1a: Corviknight|Corviknight, M|95/100
|-ability|p1a: Corviknight|Pressure
|move|p2a: Alomomola|Aqua Jet|p1a: Corviknight
|-damage|p1a: Corviknight|87/100
|
|-heal|p1a: Corviknight|93/100|[from] item: Leftovers
|upkeep
|turn|100
|
|t:|1779899395
|switch|p2a: Corviknight|Corviknight, F, shiny|97/100
|-ability|p2a: Corviknight|Pressure
|move|p1a: Corviknight|Thief|p2a: Corviknight
|-damage|p2a: Corviknight|87/100
|
|-heal|p1a: Corviknight|99/100|[from] item: Leftovers
|upkeep
|turn|101
|
|t:|1779899410
|move|p1a: Corviknight|U-turn|p2a: Corviknight
|-resisted|p2a: Corviknight
|-damage|p2a: Corviknight|84/100
|
|t:|1779899421
|switch|p1a: Blissey|Blissey, F|10/100|[from] U-turn
|move|p2a: Corviknight|Brave Bird|p1a: Blissey
|-damage|p1a: Blissey|0 fnt
|faint|p1a: Blissey
|-damage|p2a: Corviknight|79/100|[from] Recoil
|
|upkeep
|c|☆free.e1o|u wanna cont?
|
|t:|1779899431
|switch|p1a: Corviknight|Corviknight, M|99/100
|-ability|p1a: Corviknight|Pressure
|turn|102
|c|☆free.e1o|alr
|
|t:|1779899438
|switch|p2a: Alomomola|Alomomola, F, shiny|100/100
|move|p1a: Corviknight|U-turn|p2a: Alomomola
|-crit|p2a: Alomomola
|-damage|p2a: Alomomola|83/100
|
|-heal|p1a: Corviknight|100/100|[from] item: Leftovers
|upkeep
|turn|103
|
|t:|1779899443
|switch|p2a: Corviknight|Corviknight, F, shiny|79/100
|-ability|p2a: Corviknight|Pressure
|move|p1a: Corviknight|Thief|p2a: Corviknight
|-damage|p2a: Corviknight|70/100
|
|upkeep
|turn|104
|
|t:|1779899456
|move|p1a: Corviknight|U-turn|p2a: Corviknight
|-resisted|p2a: Corviknight
|-damage|p2a: Corviknight|67/100
|move|p2a: Corviknight|Brave Bird|p1a: Corviknight
|-resisted|p1a: Corviknight
|-damage|p1a: Corviknight|88/100
|-damage|p2a: Corviknight|63/100|[from] Recoil
|
|-heal|p1a: Corviknight|95/100|[from] item: Leftovers
|upkeep
|turn|105
|inactive|claudechamp has 120 seconds left.
|
|t:|1779899470
|-terastallize|p1a: Corviknight|Ghost
|move|p1a: Corviknight|U-turn|p2a: Corviknight
|-resisted|p2a: Corviknight
|-damage|p2a: Corviknight|61/100
|move|p2a: Corviknight|Brave Bird|p1a: Corviknight
|-damage|p1a: Corviknight|70/100
|-damage|p2a: Corviknight|53/100|[from] Recoil
|
|-heal|p1a: Corviknight|76/100|[from] item: Leftovers
|upkeep
|turn|106
|inactive|claudechamp has 120 seconds left.
|
|t:|1779899479
|move|p1a: Corviknight|U-turn|p2a: Corviknight
|-resisted|p2a: Corviknight
|-damage|p2a: Corviknight|50/100
|move|p2a: Corviknight|U-turn|p1a: Corviknight
|-resisted|p1a: Corviknight
|-damage|p1a: Corviknight|71/100
|
|t:|1779899481
|switch|p2a: Alomomola|Alomomola, F, shiny|100/100|[from] U-turn
|
|-heal|p1a: Corviknight|78/100|[from] item: Leftovers
|upkeep
|turn|107
|
|t:|1779899490
|move|p1a: Corviknight|U-turn|p2a: Alomomola
|-damage|p2a: Alomomola|90/100
|move|p2a: Alomomola|Flip Turn|p1a: Corviknight
|-damage|p1a: Corviknight|68/100
|
|t:|1779899493
|switch|p2a: Corviknight|Corviknight, F, shiny|50/100|[from] Flip Turn
|-ability|p2a: Corviknight|Pressure
|
|-heal|p1a: Corviknight|74/100|[from] item: Leftovers
|upkeep
|turn|108
|
|t:|1779899506
|move|p1a: Corviknight|U-turn|p2a: Corviknight
|-resisted|p2a: Corviknight
|-damage|p2a: Corviknight|48/100
|move|p2a: Corviknight|Defog|p1a: Corviknight
|-unboost|p1a: Corviknight|evasion|1
|
|-heal|p1a: Corviknight|80/100|[from] item: Leftovers
|upkeep
|turn|109
|
|t:|1779899512
|move|p1a: Corviknight|U-turn|p2a: Corviknight
|-resisted|p2a: Corviknight
|-damage|p2a: Corviknight|45/100
|move|p2a: Corviknight|Roost|p2a: Corviknight
|-heal|p2a: Corviknight|95/100
|-singleturn|p2a: Corviknight|move: Roost
|
|-heal|p1a: Corviknight|86/100|[from] item: Leftovers
|upkeep
|turn|110
|
|t:|1779899527
|move|p1a: Corviknight|U-turn|p2a: Corviknight
|-resisted|p2a: Corviknight
|-crit|p2a: Corviknight
|-damage|p2a: Corviknight|91/100
|move|p2a: Corviknight|Brave Bird|p1a: Corviknight
|-damage|p1a: Corviknight|62/100
|-damage|p2a: Corviknight|83/100|[from] Recoil
|
|-heal|p1a: Corviknight|68/100|[from] item: Leftovers
|upkeep
|turn|111
|inactive|claudechamp has 120 seconds left.
|
|t:|1779899544
|move|p1a: Corviknight|U-turn|p2a: Corviknight
|-resisted|p2a: Corviknight
|-damage|p2a: Corviknight|81/100
|move|p2a: Corviknight|Brave Bird|p1a: Corviknight
|-damage|p1a: Corviknight|43/100
|-damage|p2a: Corviknight|73/100|[from] Recoil
|
|-heal|p1a: Corviknight|49/100|[from] item: Leftovers
|upkeep
|turn|112
|
|t:|1779899570
|move|p1a: Corviknight|U-turn|p2a: Corviknight
|-resisted|p2a: Corviknight
|-damage|p2a: Corviknight|70/100
|move|p2a: Corviknight|U-turn|p1a: Corviknight
|-resisted|p1a: Corviknight
|-damage|p1a: Corviknight|44/100
|
|t:|1779899572
|switch|p2a: Alomomola|Alomomola, F, shiny|100/100|[from] U-turn
|
|-heal|p1a: Corviknight|50/100|[from] item: Leftovers
|upkeep
|turn|113
|
|t:|1779899585
|move|p1a: Corviknight|U-turn|p2a: Alomomola
|-damage|p2a: Alomomola|90/100
|move|p2a: Alomomola|Flip Turn|p1a: Corviknight
|-damage|p1a: Corviknight|40/100
|
|t:|1779899591
|switch|p2a: Corviknight|Corviknight, F, shiny|70/100|[from] Flip Turn
|-ability|p2a: Corviknight|Pressure
|
|-heal|p1a: Corviknight|46/100|[from] item: Leftovers
|upkeep
|turn|114
|
|t:|1779899606
|-activate|p1a: Corviknight|move: Struggle
|move|p1a: Corviknight|Struggle|p2a: Corviknight
|-damage|p2a: Corviknight|62/100
|-damage|p1a: Corviknight|21/100|[from] recoil
|move|p2a: Corviknight|Brave Bird|p1a: Corviknight
|-damage|p1a: Corviknight|0 fnt
|faint|p1a: Corviknight
|-damage|p2a: Corviknight|56/100|[from] Recoil
|
|win|free.e1o
|raw|claudechamp's rating: 1334 &rarr; <strong>1313</strong><br />(-21 for losing)
|raw|free.e1o's rating: 1311 &rarr; <strong>1332</strong><br />(+21 for winning)
|c|☆claudechamp|gg
|c|☆free.e1o|ggs
