|j|☆dfih
|j|☆evoqative
|t:|1779969834
|gametype|singles
|player|p1|dfih|102|1431
|player|p2|evoqative|hiker-gen4|1448
|gen|9
|tier|[Gen 9] OU
|rated|
|rule|HP Percentage Mod: HP is shown in percentages
|rule|Endless Battle Clause: Forcing endless battles is banned
|rule|Species Clause: Limit one of each Pokémon
|rule|OHKO Clause: OHKO moves are banned
|rule|Evasion Items Clause: Evasion items are banned
|rule|Evasion Moves Clause: Evasion moves are banned
|rule|Evasion Abilities Clause: Evasion abilities are banned
|rule|Sleep Moves Clause: Sleep-inducing moves are banned
|clearpoke
|poke|p1|Slither Wing|
|poke|p1|Ninetales, M|
|poke|p1|Walking Wake|
|poke|p1|Iron Moth|
|poke|p1|Hatterene, F|
|poke|p1|Blaziken, M|
|poke|p2|Clodsire, F|
|poke|p2|Armarouge, M|
|poke|p2|Bronzong|
|poke|p2|Clefable, M|
|poke|p2|Corviknight, F|
|poke|p2|Snorlax, M|
|teampreview
|inactive|Battle timer is ON: inactive players will automatically lose when time's up. (requested by evoqative)
|
|t:|1779969862
|teamsize|p1|6
|teamsize|p2|6
|start
|switch|p1a: Tamamo|Ninetales, M, shiny|100/100
|switch|p2a: Snorlax|Snorlax, M|100/100
|-weather|SunnyDay|[from] ability: Drought|[of] p1a: Tamamo
|turn|1
|
|t:|1779969886
|move|p1a: Tamamo|Will-O-Wisp|p2a: Snorlax|[miss]
|-miss|p1a: Tamamo|p2a: Snorlax
|move|p2a: Snorlax|Body Slam|p1a: Tamamo
|-damage|p1a: Tamamo|62/100
|
|-weather|SunnyDay|[upkeep]
|upkeep
|turn|2
|
|t:|1779969905
|switch|p1a: Tonelico|Hatterene, F, shiny|100/100
|move|p2a: Snorlax|Earthquake|p1a: Tonelico
|-damage|p1a: Tonelico|81/100
|-enditem|p1a: Tonelico|Eject Button
|
|t:|1779969913
|switch|p1a: Infernape's Son|Blaziken, M, shiny|100/100
|
|-weather|SunnyDay|[upkeep]
|upkeep
|turn|3
|
|t:|1779969927
|move|p1a: Infernape's Son|Protect|p1a: Infernape's Son
|-singleturn|p1a: Infernape's Son|Protect
|move|p2a: Snorlax|Earthquake|p1a: Infernape's Son
|-activate|p1a: Infernape's Son|move: Protect
|
|-weather|SunnyDay|[upkeep]
|-ability|p1a: Infernape's Son|Speed Boost|boost
|-boost|p1a: Infernape's Son|spe|1
|upkeep
|turn|4
|
|t:|1779969944
|move|p1a: Infernape's Son|Close Combat|p2a: Snorlax
|-supereffective|p2a: Snorlax
|-damage|p2a: Snorlax|0 fnt
|-unboost|p1a: Infernape's Son|def|1
|-unboost|p1a: Infernape's Son|spd|1
|faint|p2a: Snorlax
|-damage|p1a: Infernape's Son|91/100|[from] item: Life Orb
|
|-weather|SunnyDay|[upkeep]
|-ability|p1a: Infernape's Son|Speed Boost|boost
|-boost|p1a: Infernape's Son|spe|1
|upkeep
|
|t:|1779969953
|switch|p2a: Clodsire|Clodsire, F|100/100
|turn|5
|
|t:|1779969971
|move|p1a: Infernape's Son|Flare Blitz|p2a: Clodsire
|-damage|p2a: Clodsire|2/100
|-damage|p1a: Infernape's Son|41/100|[from] Recoil
|-damage|p1a: Infernape's Son|31/100|[from] item: Life Orb
|move|p2a: Clodsire|Curse|p2a: Clodsire
|-unboost|p2a: Clodsire|spe|1
|-boost|p2a: Clodsire|atk|1
|-boost|p2a: Clodsire|def|1
|
|-weather|SunnyDay|[upkeep]
|-ability|p1a: Infernape's Son|Speed Boost|boost
|-boost|p1a: Infernape's Son|spe|1
|upkeep
|turn|6
|
|t:|1779969987
|move|p1a: Infernape's Son|Flare Blitz|p2a: Clodsire
|-damage|p2a: Clodsire|0 fnt
|faint|p2a: Clodsire
|-damage|p1a: Infernape's Son|30/100|[from] Recoil
|-damage|p1a: Infernape's Son|20/100|[from] item: Life Orb
|
|-weather|SunnyDay|[upkeep]
|-ability|p1a: Infernape's Son|Speed Boost|boost
|-boost|p1a: Infernape's Son|spe|1
|upkeep
|
|t:|1779969992
|switch|p2a: Clefable|Clefable, M, shiny|100/100
|turn|7
|
|t:|1779969998
|move|p1a: Infernape's Son|Flare Blitz|p2a: Clefable
|-damage|p2a: Clefable|0 fnt
|faint|p2a: Clefable
|-damage|p1a: Infernape's Son|0 fnt|[from] Recoil
|faint|p1a: Infernape's Son
|
|-weather|SunnyDay|[upkeep]
|upkeep
|
|t:|1779970005
|switch|p1a: Beru|Slither Wing, shiny|100/100
|switch|p2a: Armarouge|Armarouge, M|100/100
|-activate|p1a: Beru|ability: Protosynthesis
|-start|p1a: Beru|protosynthesisatk
|turn|8
|
|t:|1779970018
|move|p1a: Beru|First Impression|p2a: Armarouge
|-damage|p2a: Armarouge|31/100
|-ability|p2a: Armarouge|Weak Armor|boost
|-unboost|p2a: Armarouge|def|1
|-boost|p2a: Armarouge|spe|2
|move|p2a: Armarouge|Iron Defense|p2a: Armarouge
|-boost|p2a: Armarouge|def|2
|
|-weather|none
|-end|p1a: Beru|Protosynthesis
|-heal|p2a: Armarouge|37/100|[from] item: Leftovers
|upkeep
|turn|9
|
|t:|1779970034
|-end|p1a: Beru|Protosynthesis|[silent]
|switch|p1a: Tamamo|Ninetales, M, shiny|62/100
|-weather|SunnyDay|[from] ability: Drought|[of] p1a: Tamamo
|move|p2a: Armarouge|Stored Power|p1a: Tamamo
|-damage|p1a: Tamamo|29/100
|
|-weather|SunnyDay|[upkeep]
|-heal|p2a: Armarouge|43/100|[from] item: Leftovers
|upkeep
|turn|10
|
|t:|1779970041
|move|p2a: Armarouge|Calm Mind|p2a: Armarouge
|-boost|p2a: Armarouge|spa|1
|-boost|p2a: Armarouge|spd|1
|move|p1a: Tamamo|Healing Wish|p1a: Tamamo
|faint|p1a: Tamamo
|
|-weather|SunnyDay|[upkeep]
|-heal|p2a: Armarouge|49/100|[from] item: Leftovers
|upkeep
|
|t:|1779970049
|switch|p1a: Beru|Slither Wing, shiny|100/100
|-activate|p1a: Beru|ability: Protosynthesis
|-start|p1a: Beru|protosynthesisatk
|turn|11
|
|t:|1779970064
|-terastallize|p2a: Armarouge|Poison
|-terastallize|p1a: Beru|Bug
|move|p1a: Beru|First Impression|p2a: Armarouge
|-resisted|p2a: Armarouge
|-damage|p2a: Armarouge|17/100
|-ability|p2a: Armarouge|Weak Armor|boost
|-unboost|p2a: Armarouge|def|1
|-boost|p2a: Armarouge|spe|2
|move|p2a: Armarouge|Calm Mind|p2a: Armarouge
|-boost|p2a: Armarouge|spa|1
|-boost|p2a: Armarouge|spd|1
|
|-weather|SunnyDay|[upkeep]
|-heal|p2a: Armarouge|23/100|[from] item: Leftovers
|upkeep
|turn|12
|
|t:|1779970075
|-end|p1a: Beru|Protosynthesis|[silent]
|switch|p1a: Tonelico|Hatterene, F, shiny|81/100
|-heal|p1a: Tonelico|100/100|[from] move: Healing Wish
|move|p2a: Armarouge|Lava Plume|p1a: Tonelico
|-damage|p1a: Tonelico|0 fnt
|faint|p1a: Tonelico
|
|-weather|SunnyDay|[upkeep]
|-heal|p2a: Armarouge|29/100|[from] item: Leftovers
|upkeep
|
|t:|1779970078
|switch|p1a: Beru|Slither Wing, shiny, tera:Bug|100/100
|-activate|p1a: Beru|ability: Protosynthesis
|-start|p1a: Beru|protosynthesisatk
|turn|13
|
|t:|1779970089
|move|p1a: Beru|First Impression|p2a: Armarouge
|-resisted|p2a: Armarouge
|-damage|p2a: Armarouge|0 fnt
|faint|p2a: Armarouge
|
|-weather|SunnyDay|[upkeep]
|upkeep
|
|t:|1779970105
|switch|p2a: Corviknight|Corviknight, F, shiny|100/100
|-ability|p2a: Corviknight|Pressure
|turn|14
|
|t:|1779970113
|-end|p1a: Beru|Protosynthesis|[silent]
|switch|p1a: Granberia|Walking Wake|100/100
|-activate|p1a: Granberia|ability: Protosynthesis
|-start|p1a: Granberia|protosynthesisspe
|move|p2a: Corviknight|Bulk Up|p2a: Corviknight
|-boost|p2a: Corviknight|atk|1
|-boost|p2a: Corviknight|def|1
|
|-weather|SunnyDay|[upkeep]
|upkeep
|turn|15
|
|t:|1779970119
|move|p1a: Granberia|Flamethrower|p2a: Corviknight
|-supereffective|p2a: Corviknight
|-damage|p2a: Corviknight|12/100
|-enditem|p2a: Corviknight|Maranga Berry|[eat]
|-boost|p2a: Corviknight|spd|1|[from] item: Maranga Berry
|move|p2a: Corviknight|Power Trip|p1a: Granberia
|-damage|p1a: Granberia|72/100
|
|-weather|SunnyDay|[upkeep]
|upkeep
|turn|16
|
|t:|1779970128
|move|p1a: Granberia|Flamethrower|p2a: Corviknight
|-supereffective|p2a: Corviknight
|-damage|p2a: Corviknight|0 fnt
|faint|p2a: Corviknight
|
|-weather|none
|-end|p1a: Granberia|Protosynthesis
|upkeep
|
|t:|1779970130
|switch|p2a: Bronzong|Bronzong|100/100
|turn|17
|
|t:|1779970136
|move|p1a: Granberia|Flamethrower|p2a: Bronzong
|-supereffective|p2a: Bronzong
|-damage|p2a: Bronzong|29/100
|move|p2a: Bronzong|Calm Mind|p2a: Bronzong
|-boost|p2a: Bronzong|spa|1
|-boost|p2a: Bronzong|spd|1
|
|-heal|p2a: Bronzong|36/100|[from] item: Leftovers
|upkeep
|turn|18
|
|t:|1779970141
|move|p1a: Granberia|Flamethrower|p2a: Bronzong
|-supereffective|p2a: Bronzong
|-damage|p2a: Bronzong|0 fnt
|faint|p2a: Bronzong
|
|win|dfih
|raw|dfih's rating: 1431 &rarr; <strong>1452</strong><br />(+21 for winning)
|raw|evoqative's rating: 1448 &rarr; <strong>1427</strong><br />(-21 for losing)
|c|☆dfih|gg
|l|☆evoqative
|player|p2|
|l|☆dfih
|player|p1|
