|j|☆QuincyPKM
|j|‽DevotedToaster
|t:|1779854669
|gametype|singles
|player|p1|QuincyPKM|giovanni|1328
|player|p2|DevotedToaster|266|1357
|gen|9
|tier|[Gen 9] OU
|rated|
|rule|HP Percentage Mod: HP is shown in percentages
|rule|Endless Battle Clause: Forcing endless battles is banned
|rule|Species Clause: Limit one of each Pokémon
|rule|OHKO Clause: OHKO moves are banned
|rule|Evasion Items Clause: Evasion items are banned
|rule|Evasion Moves Clause: Evasion moves are banned
|rule|Evasion Abilities Clause: Evasion abilities are banned
|rule|Sleep Moves Clause: Sleep-inducing moves are banned
|clearpoke
|poke|p1|Volcanion|
|poke|p1|Rillaboom, F|
|poke|p1|Slowking-Galar, F|
|poke|p1|Scizor, F|
|poke|p1|Raging Bolt|
|poke|p1|Great Tusk|
|poke|p2|Glimmora, M|
|poke|p2|Tyranitar, M|
|poke|p2|Conkeldurr, F|
|poke|p2|Sudowoodo, L1, M|
|poke|p2|Ceruledge, F|
|poke|p2|Hippowdon, F|
|teampreview
|inactive|Battle timer is ON: inactive players will automatically lose when time's up. (requested by QuincyPKM)
|
|t:|1779854682
|teamsize|p1|6
|teamsize|p2|6
|start
|switch|p1a: Rillaboom|Rillaboom, F|100/100
|switch|p2a: Sudowoodo|Sudowoodo, L1, M|100/100
|-fieldstart|move: Grassy Terrain|[from] ability: Grassy Surge|[of] p1a: Rillaboom
|turn|1
|
|t:|1779854696
|move|p1a: Rillaboom|U-turn|p2a: Sudowoodo
|-ability|p2a: Sudowoodo|Sturdy
|-damage|p2a: Sudowoodo|9/100
|
|t:|1779854700
|switch|p1a: Scizor|Scizor, F|100/100|[from] U-turn
|move|p2a: Sudowoodo|Endeavor|p1a: Scizor
|-damage|p1a: Scizor|1/100
|-heal|p2a: Sudowoodo|100/100|[from] item: Shell Bell|[of] p1a: Scizor
|
|-heal|p1a: Scizor|7/100|[from] Grassy Terrain
|upkeep
|turn|2
|
|t:|1779854721
|switch|p2a: Conkeldurr|Conkeldurr, F|100/100
|move|p1a: Scizor|U-turn|p2a: Conkeldurr
|-resisted|p2a: Conkeldurr
|-damage|p2a: Conkeldurr|81/100
|-damage|p1a: Scizor|0 fnt|[from] item: Life Orb
|faint|p1a: Scizor
|
|-heal|p2a: Conkeldurr|87/100|[from] Grassy Terrain
|-status|p2a: Conkeldurr|brn|[from] item: Flame Orb
|upkeep
|inactive|QuincyPKM has 120 seconds left.
|
|t:|1779854737
|switch|p1a: Great Tusk|Great Tusk|100/100
|turn|3
|
|t:|1779854741
|move|p1a: Great Tusk|Stealth Rock|p2a: Conkeldurr
|-sidestart|p2: DevotedToaster|move: Stealth Rock
|move|p2a: Conkeldurr|Ice Punch|p1a: Great Tusk
|-supereffective|p1a: Great Tusk
|-damage|p1a: Great Tusk|45/100
|
|-heal|p1a: Great Tusk|51/100|[from] Grassy Terrain
|-heal|p2a: Conkeldurr|93/100 brn|[from] Grassy Terrain
|-damage|p2a: Conkeldurr|87/100 brn|[from] brn
|upkeep
|turn|4
|
|t:|1779854749
|-end|p1a: Great Tusk|Protosynthesis|[silent]
|switch|p1a: Volcanion|Volcanion|100/100
|move|p2a: Conkeldurr|Ice Punch|p1a: Volcanion
|-resisted|p1a: Volcanion
|-crit|p1a: Volcanion
|-damage|p1a: Volcanion|85/100
|
|-heal|p1a: Volcanion|91/100|[from] Grassy Terrain
|-heal|p2a: Conkeldurr|93/100 brn|[from] Grassy Terrain
|-damage|p2a: Conkeldurr|87/100 brn|[from] brn
|upkeep
|turn|5
|
|t:|1779854764
|move|p1a: Volcanion|Steam Eruption|p2a: Conkeldurr
|-damage|p2a: Conkeldurr|0 fnt
|faint|p2a: Conkeldurr
|
|-heal|p1a: Volcanion|98/100|[from] Grassy Terrain
|-fieldend|move: Grassy Terrain
|upkeep
|
|t:|1779854771
|switch|p2a: Glimmora|Glimmora, M|100/100
|-damage|p2a: Glimmora|88/100|[from] Stealth Rock
|turn|6
|
|t:|1779854774
|move|p2a: Glimmora|Mortal Spin|p1a: Volcanion
|-damage|p1a: Volcanion|92/100
|-status|p1a: Volcanion|psn
|-sideend|p2: DevotedToaster|Stealth Rock|[from] move: Mortal Spin|[of] p2a: Glimmora
|move|p1a: Volcanion|Steam Eruption|p2a: Glimmora
|-supereffective|p2a: Glimmora
|-damage|p2a: Glimmora|0 fnt
|faint|p2a: Glimmora
|
|-damage|p1a: Volcanion|80/100 psn|[from] psn
|upkeep
|
|t:|1779854783
|switch|p2a: Sudowoodo|Sudowoodo, L1, M|100/100
|turn|7
|
|t:|1779854789
|move|p1a: Volcanion|Steam Eruption|p2a: Sudowoodo
|-supereffective|p2a: Sudowoodo
|-ability|p2a: Sudowoodo|Sturdy
|-damage|p2a: Sudowoodo|9/100
|move|p2a: Sudowoodo|Endeavor|p1a: Volcanion
|-damage|p1a: Volcanion|1/100 psn
|-heal|p2a: Sudowoodo|100/100|[from] item: Shell Bell|[of] p1a: Volcanion
|
|-damage|p1a: Volcanion|0 fnt|[from] psn
|faint|p1a: Volcanion
|upkeep
|
|t:|1779854799
|switch|p1a: Rillaboom|Rillaboom, F|100/100
|-fieldstart|move: Grassy Terrain|[from] ability: Grassy Surge|[of] p1a: Rillaboom
|turn|8
|
|t:|1779854813
|move|p1a: Rillaboom|Knock Off|p2a: Sudowoodo
|-ability|p2a: Sudowoodo|Sturdy
|-damage|p2a: Sudowoodo|9/100
|-enditem|p2a: Sudowoodo|Shell Bell|[from] move: Knock Off|[of] p1a: Rillaboom
|move|p2a: Sudowoodo|Endeavor|p1a: Rillaboom
|-damage|p1a: Rillaboom|1/100
|
|-heal|p1a: Rillaboom|7/100|[from] Grassy Terrain
|-heal|p2a: Sudowoodo|17/100|[from] Grassy Terrain
|upkeep
|turn|9
|
|t:|1779854825
|move|p1a: Rillaboom|U-turn|p2a: Sudowoodo
|-damage|p2a: Sudowoodo|0 fnt
|faint|p2a: Sudowoodo
|
|t:|1779854833
|switch|p1a: Great Tusk|Great Tusk|51/100|[from] U-turn
|
|-heal|p1a: Great Tusk|57/100|[from] Grassy Terrain
|upkeep
|
|t:|1779854855
|switch|p2a: Ceruledge|Ceruledge, F|100/100
|turn|10
|
|t:|1779854864
|-terastallize|p1a: Great Tusk|Water
|move|p1a: Great Tusk|Headlong Rush|p2a: Ceruledge
|-supereffective|p2a: Ceruledge
|-enditem|p2a: Ceruledge|Focus Sash
|-damage|p2a: Ceruledge|1/100
|-unboost|p1a: Great Tusk|def|1
|-unboost|p1a: Great Tusk|spd|1
|-ability|p2a: Ceruledge|Weak Armor|boost
|-unboost|p2a: Ceruledge|def|1
|-boost|p2a: Ceruledge|spe|2
|move|p2a: Ceruledge|Swords Dance|p2a: Ceruledge
|-boost|p2a: Ceruledge|atk|2
|
|-heal|p2a: Ceruledge|7/100|[from] Grassy Terrain
|-heal|p1a: Great Tusk|64/100|[from] Grassy Terrain
|upkeep
|turn|11
|
|t:|1779854877
|move|p2a: Ceruledge|Close Combat|p1a: Great Tusk
|-damage|p1a: Great Tusk|0 fnt
|-unboost|p2a: Ceruledge|def|1
|-unboost|p2a: Ceruledge|spd|1
|faint|p1a: Great Tusk
|-end|p1a: Great Tusk|Protosynthesis|[silent]
|
|-heal|p2a: Ceruledge|13/100|[from] Grassy Terrain
|upkeep
|
|t:|1779854883
|switch|p1a: Raging Bolt|Raging Bolt|100/100
|turn|12
|
|t:|1779854894
|move|p2a: Ceruledge|Shadow Sneak|p1a: Raging Bolt
|-damage|p1a: Raging Bolt|65/100
|move|p1a: Raging Bolt|Thunderclap||[still]
|-fail|p1a: Raging Bolt
|
|-heal|p2a: Ceruledge|19/100|[from] Grassy Terrain
|-heal|p1a: Raging Bolt|71/100|[from] Grassy Terrain
|-fieldend|move: Grassy Terrain
|upkeep
|turn|13
|
|t:|1779854904
|-end|p1a: Raging Bolt|Protosynthesis|[silent]
|switch|p1a: Slowking|Slowking-Galar, F|100/100
|move|p2a: Ceruledge|Close Combat|p1a: Slowking
|-resisted|p1a: Slowking
|-damage|p1a: Slowking|81/100
|-unboost|p2a: Ceruledge|def|1
|-unboost|p2a: Ceruledge|spd|1
|
|upkeep
|turn|14
|
|t:|1779854918
|move|p2a: Ceruledge|Bitter Blade|p1a: Slowking
|-damage|p1a: Slowking|0 fnt
|-heal|p2a: Ceruledge|74/100|[from] drain|[of] p1a: Slowking
|faint|p1a: Slowking
|
|upkeep
|
|t:|1779854923
|switch|p1a: Raging Bolt|Raging Bolt|71/100
|turn|15
|
|t:|1779854928
|move|p2a: Ceruledge|Shadow Sneak|p1a: Raging Bolt
|-damage|p1a: Raging Bolt|41/100
|move|p1a: Raging Bolt|Draco Meteor|p2a: Ceruledge
|-damage|p2a: Ceruledge|0 fnt
|-unboost|p1a: Raging Bolt|spa|2
|faint|p2a: Ceruledge
|
|upkeep
|
|t:|1779854936
|switch|p2a: Tyranitar|Tyranitar, M|100/100
|-weather|Sandstorm|[from] ability: Sand Stream|[of] p2a: Tyranitar
|turn|16
|
|t:|1779854943
|-end|p1a: Raging Bolt|Protosynthesis|[silent]
|switch|p1a: Rillaboom|Rillaboom, F|7/100
|-fieldstart|move: Grassy Terrain|[from] ability: Grassy Surge|[of] p1a: Rillaboom
|move|p2a: Tyranitar|Knock Off|p1a: Rillaboom
|-damage|p1a: Rillaboom|0 fnt
|-enditem|p1a: Rillaboom|Assault Vest|[from] move: Knock Off|[of] p2a: Tyranitar
|faint|p1a: Rillaboom
|
|-weather|Sandstorm|[upkeep]
|upkeep
|
|t:|1779854949
|switch|p1a: Raging Bolt|Raging Bolt|41/100
|turn|17
|
|t:|1779854953
|move|p1a: Raging Bolt|Draco Meteor|p2a: Tyranitar
|-damage|p2a: Tyranitar|63/100
|-unboost|p1a: Raging Bolt|spa|2
|move|p2a: Tyranitar|Knock Off|p1a: Raging Bolt
|-damage|p1a: Raging Bolt|3/100
|-enditem|p1a: Raging Bolt|Choice Specs|[from] move: Knock Off|[of] p2a: Tyranitar
|
|-weather|Sandstorm|[upkeep]
|-damage|p1a: Raging Bolt|0 fnt|[from] Sandstorm
|faint|p1a: Raging Bolt
|-end|p1a: Raging Bolt|Protosynthesis|[silent]
|
|win|DevotedToaster
|raw|QuincyPKM's rating: 1328 &rarr; <strong>1310</strong><br />(-18 for losing)
|raw|DevotedToaster's rating: 1357 &rarr; <strong>1375</strong><br />(+18 for winning)
|l|☆QuincyPKM
|player|p1|
|l|‽DevotedToaster
|player|p2|
