|j|☆icewizardlair☃
|j|☆LeoBootyMan
|t:|1779876557
|gametype|singles
|player|p1|icewizardlair☃|lorelei-lgpe|1050
|player|p2|LeoBootyMan|veteran|1076
|gen|9
|tier|[Gen 9] OU
|rated|
|rule|HP Percentage Mod: HP is shown in percentages
|rule|Endless Battle Clause: Forcing endless battles is banned
|rule|Species Clause: Limit one of each Pokémon
|rule|OHKO Clause: OHKO moves are banned
|rule|Evasion Items Clause: Evasion items are banned
|rule|Evasion Moves Clause: Evasion moves are banned
|rule|Evasion Abilities Clause: Evasion abilities are banned
|rule|Sleep Moves Clause: Sleep-inducing moves are banned
|clearpoke
|poke|p1|Chesnaught, M|
|poke|p1|Ninetales-Alola, F|
|poke|p1|Kilowattrel, M|
|poke|p1|Flygon, F|
|poke|p1|Lurantis, M|
|poke|p1|Grafaiai, M|
|poke|p2|Tinkaton, F|
|poke|p2|Ninetales-Alola, M|
|poke|p2|Mimikyu, M|
|poke|p2|Gardevoir, M|
|poke|p2|Primarina, M|
|poke|p2|Diancie|
|teampreview
|inactive|Battle timer is ON: inactive players will automatically lose when time's up. (requested by icewizardlair☃)
|
|t:|1779876569
|teamsize|p1|6
|teamsize|p2|6
|start
|switch|p1a: Lurantis|Lurantis, M|100/100
|switch|p2a: Diancie|Diancie|100/100
|turn|1
|
|t:|1779876577
|move|p2a: Diancie|Diamond Storm|p1a: Lurantis
|-damage|p1a: Lurantis|57/100
|-boost|p2a: Diancie|def|2
|move|p1a: Lurantis|Leaf Storm|p2a: Diancie
|-supereffective|p2a: Diancie
|-damage|p2a: Diancie|35/100
|-boost|p1a: Lurantis|spa|2
|
|upkeep
|turn|2
|
|t:|1779876582
|move|p2a: Diancie|Meteor Beam||[still]
|-prepare|p2a: Diancie|Meteor Beam
|-boost|p2a: Diancie|spa|1
|move|p1a: Lurantis|Leaf Storm|p2a: Diancie
|-supereffective|p2a: Diancie
|-damage|p2a: Diancie|0 fnt
|-boost|p1a: Lurantis|spa|2
|faint|p2a: Diancie
|
|upkeep
|
|t:|1779876588
|switch|p2a: Mimikyu|Mimikyu, M|100/100
|turn|3
|
|t:|1779876594
|move|p2a: Mimikyu|Leech Life|p1a: Lurantis
|-supereffective|p1a: Lurantis
|-damage|p1a: Lurantis|7/100
|move|p1a: Lurantis|Leaf Storm|p2a: Mimikyu
|-activate|p2a: Mimikyu|ability: Disguise
|-damage|p2a: Mimikyu|100/100
|-boost|p1a: Lurantis|spa|2
|detailschange|p2a: Mimikyu|Mimikyu-Busted, M
|-damage|p2a: Mimikyu|88/100|[from] pokemon: Mimikyu-Busted
|
|upkeep
|turn|4
|
|t:|1779876599
|move|p2a: Mimikyu|Leech Life|p1a: Lurantis
|-supereffective|p1a: Lurantis
|-damage|p1a: Lurantis|0 fnt
|-heal|p2a: Mimikyu|93/100|[from] drain|[of] p1a: Lurantis
|faint|p1a: Lurantis
|
|upkeep
|
|t:|1779876610
|switch|p1a: Grafaiai|Grafaiai, M|100/100
|turn|5
|
|t:|1779876623
|switch|p2a: Tinkaton|Tinkaton, F|100/100
|-ability|p2a: Tinkaton|Mold Breaker
|move|p1a: Grafaiai|Toxic|p2a: Tinkaton
|-immune|p2a: Tinkaton
|
|upkeep
|turn|6
|
|t:|1779876632
|move|p1a: Grafaiai|Switcheroo|p2a: Tinkaton
|-activate|p1a: Grafaiai|move: Trick|[of] p2a: Tinkaton
|-item|p2a: Tinkaton|Black Sludge|[from] move: Switcheroo
|-item|p1a: Grafaiai|Iron Plate|[from] move: Switcheroo
|move|p2a: Tinkaton|Gigaton Hammer|p1a: Grafaiai
|-damage|p1a: Grafaiai|20/100
|
|-damage|p2a: Tinkaton|88/100|[from] item: Black Sludge
|upkeep
|turn|7
|
|t:|1779876641
|move|p1a: Grafaiai|Protect|p1a: Grafaiai
|-singleturn|p1a: Grafaiai|Protect
|move|p2a: Tinkaton|Slam|p1a: Grafaiai
|-activate|p1a: Grafaiai|move: Protect
|
|-damage|p2a: Tinkaton|75/100|[from] item: Black Sludge
|upkeep
|turn|8
|
|t:|1779876655
|switch|p1a: Thunder Child|Kilowattrel, M|100/100
|move|p2a: Tinkaton|Gigaton Hammer|p1a: Thunder Child
|-resisted|p1a: Thunder Child
|-damage|p1a: Thunder Child|10/100
|
|-damage|p2a: Tinkaton|63/100|[from] item: Black Sludge
|upkeep
|turn|9
|
|t:|1779876662
|move|p1a: Thunder Child|Endeavor|p2a: Tinkaton
|-damage|p2a: Tinkaton|9/100
|move|p2a: Tinkaton|Slam|p1a: Thunder Child
|-damage|p1a: Thunder Child|0 fnt
|faint|p1a: Thunder Child
|
|-damage|p2a: Tinkaton|0 fnt|[from] item: Black Sludge
|faint|p2a: Tinkaton
|upkeep
|
|t:|1779876675
|switch|p1a: Grafaiai|Grafaiai, M|20/100
|switch|p2a: Mimikyu|Mimikyu-Busted, M|93/100
|turn|10
|
|t:|1779876686
|move|p1a: Grafaiai|Toxic|p2a: Mimikyu
|-status|p2a: Mimikyu|tox
|move|p2a: Mimikyu|Play Rough|p1a: Grafaiai|[miss]
|-miss|p2a: Mimikyu|p1a: Grafaiai
|
|-damage|p2a: Mimikyu|87/100 tox|[from] psn
|upkeep
|turn|11
|
|t:|1779876691
|move|p1a: Grafaiai|Switcheroo|p2a: Mimikyu
|-activate|p1a: Grafaiai|move: Trick|[of] p2a: Mimikyu
|-item|p2a: Mimikyu|Iron Plate|[from] move: Switcheroo
|-item|p1a: Grafaiai|Spooky Plate|[from] move: Switcheroo
|move|p2a: Mimikyu|Leech Life|p1a: Grafaiai
|-resisted|p1a: Grafaiai
|-damage|p1a: Grafaiai|4/100
|-heal|p2a: Mimikyu|98/100 tox|[from] drain|[of] p1a: Grafaiai
|
|-damage|p2a: Mimikyu|86/100 tox|[from] psn
|upkeep
|turn|12
|
|t:|1779876700
|move|p1a: Grafaiai|Protect|p1a: Grafaiai
|-singleturn|p1a: Grafaiai|Protect
|move|p2a: Mimikyu|Leech Life|p1a: Grafaiai
|-activate|p1a: Grafaiai|move: Protect
|
|-damage|p2a: Mimikyu|68/100 tox|[from] psn
|upkeep
|turn|13
|
|t:|1779876714
|switch|p1a: Ninetales|Ninetales-Alola, F|100/100
|-weather|Snowscape|[from] ability: Snow Warning|[of] p1a: Ninetales
|move|p2a: Mimikyu|Leech Life|p1a: Ninetales
|-resisted|p1a: Ninetales
|-damage|p1a: Ninetales|90/100
|-heal|p2a: Mimikyu|74/100 tox|[from] drain|[of] p1a: Ninetales
|
|-weather|Snowscape|[upkeep]
|-damage|p2a: Mimikyu|50/100 tox|[from] psn
|upkeep
|turn|14
|
|t:|1779876730
|move|p1a: Ninetales|Blizzard|p2a: Mimikyu
|-damage|p2a: Mimikyu|2/100 tox
|move|p2a: Mimikyu|Phantom Force||[still]
|-prepare|p2a: Mimikyu|Phantom Force
|
|-weather|Snowscape|[upkeep]
|-damage|p2a: Mimikyu|0 fnt|[from] psn
|faint|p2a: Mimikyu
|upkeep
|
|t:|1779876733
|switch|p2a: Ninetales|Ninetales-Alola, M|100/100
|turn|15
|
|t:|1779876748
|move|p1a: Ninetales|Moonblast|p2a: Ninetales
|-damage|p2a: Ninetales|61/100
|move|p2a: Ninetales|Psyshock|p1a: Ninetales
|-damage|p1a: Ninetales|70/100
|
|-weather|Snowscape|[upkeep]
|upkeep
|turn|16
|
|t:|1779876753
|move|p1a: Ninetales|Moonblast|p2a: Ninetales
|-damage|p2a: Ninetales|18/100
|move|p2a: Ninetales|Dazzling Gleam|p1a: Ninetales
|-damage|p1a: Ninetales|34/100
|
|-weather|Snowscape|[upkeep]
|upkeep
|turn|17
|
|t:|1779876759
|move|p1a: Ninetales|Moonblast|p2a: Ninetales
|-damage|p2a: Ninetales|0 fnt
|faint|p2a: Ninetales
|
|-weather|none
|upkeep
|
|t:|1779876760
|switch|p2a: Primarina|Primarina, M|100/100
|turn|18
|
|t:|1779876768
|move|p1a: Ninetales|Freeze-Dry|p2a: Primarina
|-supereffective|p2a: Primarina
|-damage|p2a: Primarina|56/100
|move|p2a: Primarina|Sparkling Aria|p1a: Ninetales
|-damage|p1a: Ninetales|0 fnt
|faint|p1a: Ninetales
|
|upkeep
|
|t:|1779876775
|switch|p1a: Grafaiai|Grafaiai, M|4/100
|turn|19
|
|t:|1779876780
|-terastallize|p2a: Primarina|Water
|move|p1a: Grafaiai|Toxic|p2a: Primarina
|-status|p2a: Primarina|tox
|move|p2a: Primarina|Surf|p1a: Grafaiai
|-damage|p1a: Grafaiai|0 fnt
|faint|p1a: Grafaiai
|
|-damage|p2a: Primarina|50/100 tox|[from] psn
|upkeep
|
|t:|1779876790
|switch|p1a: Chesnaught|Chesnaught, M, shiny|100/100
|turn|20
|
|t:|1779876801
|-terastallize|p1a: Chesnaught|Rock
|move|p1a: Chesnaught|Seed Bomb|p2a: Primarina
|-supereffective|p2a: Primarina
|-damage|p2a: Primarina|0 fnt
|faint|p2a: Primarina
|
|upkeep
|
|t:|1779876805
|switch|p2a: Gardevoir|Gardevoir, M|100/100
|turn|21
|
|t:|1779876816
|move|p1a: Chesnaught|Seed Bomb|p2a: Gardevoir
|-damage|p2a: Gardevoir|32/100
|move|p2a: Gardevoir|Moonblast|p1a: Chesnaught
|-damage|p1a: Chesnaught|38/100
|
|upkeep
|turn|22
|
|t:|1779876823
|move|p1a: Chesnaught|Seed Bomb|p2a: Gardevoir
|-damage|p2a: Gardevoir|0 fnt
|faint|p2a: Gardevoir
|
|win|icewizardlair☃
|raw|icewizardlair☃'s rating: 1050 &rarr; <strong>1085</strong><br />(+35 for winning)
|raw|LeoBootyMan's rating: 1076 &rarr; <strong>1053</strong><br />(-23 for losing)
|l|☆LeoBootyMan
|player|p2|
|l|☆icewizardlair☃
|player|p1|
