|j|☆claudechamp
|j|☆fregene97
|t:|1779803119
|gametype|singles
|player|p1|claudechamp|265|1306
|player|p2|fregene97|youngster-gen4dp|1344
|gen|9
|tier|[Gen 9] OU
|rated|
|rule|HP Percentage Mod: HP is shown in percentages
|rule|Endless Battle Clause: Forcing endless battles is banned
|rule|Species Clause: Limit one of each Pokémon
|rule|OHKO Clause: OHKO moves are banned
|rule|Evasion Items Clause: Evasion items are banned
|rule|Evasion Moves Clause: Evasion moves are banned
|rule|Evasion Abilities Clause: Evasion abilities are banned
|rule|Sleep Moves Clause: Sleep-inducing moves are banned
|clearpoke
|poke|p1|Corviknight, F|
|poke|p1|Ting-Lu|
|poke|p1|Kyurem|
|poke|p1|Dondozo, M|
|poke|p1|Slowking-Galar, F|
|poke|p1|Cinderace, M|
|poke|p2|Raging Bolt|
|poke|p2|Ceruledge, M|
|poke|p2|Iron Leaves|
|poke|p2|Kingambit, M|
|poke|p2|Glimmora, F|
|poke|p2|Greninja-*, M|
|teampreview
|inactive|Battle timer is ON: inactive players will automatically lose when time's up. (requested by fregene97)
|c|☆claudechamp|hf
|
|t:|1779803127
|teamsize|p1|6
|teamsize|p2|6
|start
|switch|p1a: Cinderace|Cinderace, M|100/100
|switch|p2a: Glimmora|Glimmora, F|100/100
|turn|1
|inactive|claudechamp also wants the timer to be on.
|
|t:|1779803151
|switch|p1a: Kyurem|Kyurem|100/100
|-ability|p1a: Kyurem|Pressure
|-terastallize|p2a: Glimmora|Ghost
|move|p2a: Glimmora|Meteor Beam||[still]
|-prepare|p2a: Glimmora|Meteor Beam
|-boost|p2a: Glimmora|spa|1
|-enditem|p2a: Glimmora|Power Herb
|-anim|p2a: Glimmora|Meteor Beam|p1a: Kyurem
|-supereffective|p1a: Kyurem
|-damage|p1a: Kyurem|0 fnt
|faint|p1a: Kyurem
|
|upkeep
|
|t:|1779803157
|switch|p1a: Ting-Lu|Ting-Lu|100/100
|-ability|p1a: Ting-Lu|Vessel of Ruin
|turn|2
|
|t:|1779803167
|move|p2a: Glimmora|Mortal Spin|p1a: Ting-Lu
|-resisted|p1a: Ting-Lu
|-damage|p1a: Ting-Lu|99/100
|-status|p1a: Ting-Lu|psn
|move|p1a: Ting-Lu|Earthquake|p2a: Glimmora
|-damage|p2a: Glimmora|57/100
|-activate|p2a: Glimmora|ability: Toxic Debris
|-sidestart|p1: claudechamp|move: Toxic Spikes
|
|-heal|p1a: Ting-Lu|100/100 psn|[from] item: Leftovers
|-damage|p1a: Ting-Lu|88/100 psn|[from] psn
|upkeep
|turn|3
|
|t:|1779803177
|move|p2a: Glimmora|Meteor Beam||[still]
|-prepare|p2a: Glimmora|Meteor Beam
|-boost|p2a: Glimmora|spa|1
|move|p1a: Ting-Lu|Earthquake|p2a: Glimmora
|-damage|p2a: Glimmora|8/100
|-activate|p2a: Glimmora|ability: Toxic Debris
|-sidestart|p1: claudechamp|move: Toxic Spikes
|
|-heal|p1a: Ting-Lu|94/100 psn|[from] item: Leftovers
|-damage|p1a: Ting-Lu|82/100 psn|[from] psn
|upkeep
|turn|4
|
|t:|1779803184
|move|p2a: Glimmora|Meteor Beam|p1a: Ting-Lu|[from] lockedmove
|-resisted|p1a: Ting-Lu
|-damage|p1a: Ting-Lu|57/100 psn
|move|p1a: Ting-Lu|Payback|p2a: Glimmora
|-supereffective|p2a: Glimmora
|-damage|p2a: Glimmora|0 fnt
|faint|p2a: Glimmora
|
|-heal|p1a: Ting-Lu|64/100 psn|[from] item: Leftovers
|-damage|p1a: Ting-Lu|51/100 psn|[from] psn
|upkeep
|
|t:|1779803188
|switch|p2a: Iron Leaves|Iron Leaves|100/100
|-enditem|p2a: Iron Leaves|Booster Energy
|-activate|p2a: Iron Leaves|ability: Quark Drive|[fromitem]
|-start|p2a: Iron Leaves|quarkdrivespe
|turn|5
|
|t:|1779803199
|switch|p1a: Slowking|Slowking-Galar, F|100/100
|-sideend|p1: claudechamp|move: Toxic Spikes|[of] p1a: Slowking
|move|p2a: Iron Leaves|Swords Dance|p2a: Iron Leaves
|-boost|p2a: Iron Leaves|atk|2
|
|upkeep
|turn|6
|
|t:|1779803204
|move|p2a: Iron Leaves|Psyblade|p1a: Slowking
|-damage|p1a: Slowking|47/100
|move|p1a: Slowking|Sludge Bomb|p2a: Iron Leaves
|-supereffective|p2a: Iron Leaves
|-damage|p2a: Iron Leaves|43/100
|
|upkeep
|turn|7
|
|t:|1779803214
|switch|p1a: Corviknight|Corviknight, F|100/100
|-ability|p1a: Corviknight|Pressure
|move|p2a: Iron Leaves|Leaf Blade|p1a: Corviknight
|-resisted|p1a: Corviknight
|-damage|p1a: Corviknight|88/100
|-damage|p2a: Iron Leaves|27/100|[from] item: Rocky Helmet|[of] p1a: Corviknight
|
|upkeep
|turn|8
|
|t:|1779803228
|move|p2a: Iron Leaves|Close Combat|p1a: Corviknight
|-damage|p1a: Corviknight|45/100
|-unboost|p2a: Iron Leaves|def|1
|-unboost|p2a: Iron Leaves|spd|1
|-damage|p2a: Iron Leaves|10/100|[from] item: Rocky Helmet|[of] p1a: Corviknight
|move|p1a: Corviknight|Brave Bird|p2a: Iron Leaves
|-supereffective|p2a: Iron Leaves
|-damage|p2a: Iron Leaves|0 fnt
|faint|p2a: Iron Leaves
|-end|p2a: Iron Leaves|Quark Drive|[silent]
|-damage|p1a: Corviknight|43/100|[from] Recoil
|
|upkeep
|
|t:|1779803231
|switch|p2a: Greninja|Greninja, M|100/100
|turn|9
|
|t:|1779803246
|move|p2a: Greninja|Dark Pulse|p1a: Corviknight
|-damage|p1a: Corviknight|0 fnt
|faint|p1a: Corviknight
|-ability|p2a: Greninja|Battle Bond|boost
|-boost|p2a: Greninja|atk|1
|-boost|p2a: Greninja|spa|1
|-boost|p2a: Greninja|spe|1
|-activate|p2a: Greninja|ability: Battle Bond
|-damage|p2a: Greninja|91/100|[from] item: Life Orb
|
|upkeep
|
|t:|1779803251
|switch|p1a: Dondozo|Dondozo, M|100/100
|turn|10
|
|t:|1779803263
|move|p2a: Greninja|Dark Pulse|p1a: Dondozo
|-damage|p1a: Dondozo|69/100
|-damage|p2a: Greninja|81/100|[from] item: Life Orb
|move|p1a: Dondozo|Body Press|p2a: Greninja
|-supereffective|p2a: Greninja
|-damage|p2a: Greninja|8/100
|
|-heal|p1a: Dondozo|75/100|[from] item: Leftovers
|upkeep
|turn|11
|
|t:|1779803277
|move|p2a: Greninja|Dark Pulse|p1a: Dondozo
|-damage|p1a: Dondozo|44/100
|-damage|p2a: Greninja|0 fnt|[from] item: Life Orb
|faint|p2a: Greninja
|move|p1a: Dondozo|Waterfall|p2: Greninja|[notarget]
|-fail|p1a: Dondozo
|
|-heal|p1a: Dondozo|51/100|[from] item: Leftovers
|upkeep
|
|t:|1779803280
|switch|p2a: Raging Bolt|Raging Bolt|100/100
|-enditem|p2a: Raging Bolt|Booster Energy
|-activate|p2a: Raging Bolt|ability: Protosynthesis|[fromitem]
|-start|p2a: Raging Bolt|protosynthesisspa
|turn|12
|
|t:|1779803288
|move|p2a: Raging Bolt|Dragon Pulse|p1a: Dondozo
|-damage|p1a: Dondozo|6/100
|move|p1a: Dondozo|Rest|p1a: Dondozo
|-status|p1a: Dondozo|slp|[from] move: Rest
|-heal|p1a: Dondozo|100/100 slp|[silent]
|
|upkeep
|turn|13
|
|t:|1779803299
|move|p2a: Raging Bolt|Thunderbolt|p1a: Dondozo
|-supereffective|p1a: Dondozo
|-damage|p1a: Dondozo|11/100 slp
|cant|p1a: Dondozo|slp
|
|-heal|p1a: Dondozo|17/100 slp|[from] item: Leftovers
|upkeep
|turn|14
|
|t:|1779803303
|switch|p1a: Ting-Lu|Ting-Lu|51/100 psn
|-ability|p1a: Ting-Lu|Vessel of Ruin
|move|p2a: Raging Bolt|Calm Mind|p2a: Raging Bolt
|-boost|p2a: Raging Bolt|spa|1
|-boost|p2a: Raging Bolt|spd|1
|
|-heal|p1a: Ting-Lu|57/100 psn|[from] item: Leftovers
|-damage|p1a: Ting-Lu|45/100 psn|[from] psn
|upkeep
|turn|15
|
|t:|1779803311
|move|p2a: Raging Bolt|Dragon Pulse|p1a: Ting-Lu
|-damage|p1a: Ting-Lu|3/100 psn
|move|p1a: Ting-Lu|Earthquake|p2a: Raging Bolt
|-supereffective|p2a: Raging Bolt
|-damage|p2a: Raging Bolt|31/100
|
|-heal|p1a: Ting-Lu|9/100 psn|[from] item: Leftovers
|-damage|p1a: Ting-Lu|0 fnt|[from] psn
|faint|p1a: Ting-Lu
|upkeep
|
|t:|1779803320
|switch|p1a: Cinderace|Cinderace, M|100/100
|turn|16
|
|t:|1779803328
|-terastallize|p1a: Cinderace|Fire
|move|p2a: Raging Bolt|Thunderclap|p1a: Cinderace
|-damage|p1a: Cinderace|3/100
|move|p1a: Cinderace|Pyro Ball|p2a: Raging Bolt
|-resisted|p2a: Raging Bolt
|-damage|p2a: Raging Bolt|0 fnt
|faint|p2a: Raging Bolt
|-end|p2a: Raging Bolt|Protosynthesis|[silent]
|
|upkeep
|
|t:|1779803332
|switch|p2a: Ceruledge|Ceruledge, M|100/100
|turn|17
|
|t:|1779803337
|move|p1a: Cinderace|Pyro Ball|p2a: Ceruledge
|-resisted|p2a: Ceruledge
|-damage|p2a: Ceruledge|33/100
|-ability|p2a: Ceruledge|Weak Armor|boost
|-unboost|p2a: Ceruledge|def|1
|-boost|p2a: Ceruledge|spe|2
|move|p2a: Ceruledge|Swords Dance|p2a: Ceruledge
|-boost|p2a: Ceruledge|atk|2
|
|upkeep
|turn|18
|
|t:|1779803346
|move|p2a: Ceruledge|Shadow Sneak|p1a: Cinderace
|-damage|p1a: Cinderace|0 fnt
|faint|p1a: Cinderace
|
|upkeep
|
|t:|1779803357
|switch|p1a: Slowking|Slowking-Galar, F|80/100
|turn|19
|
|t:|1779803367
|move|p2a: Ceruledge|Poltergeist|p1a: Slowking
|-activate|p1a: Slowking|move: Poltergeist|Shuca Berry
|-supereffective|p1a: Slowking
|-damage|p1a: Slowking|0 fnt
|faint|p1a: Slowking
|
|upkeep
|
|t:|1779803377
|switch|p1a: Dondozo|Dondozo, M|17/100 slp
|turn|20
|
|t:|1779803387
|move|p2a: Ceruledge|Poltergeist|p1a: Dondozo
|-activate|p1a: Dondozo|move: Poltergeist|Leftovers
|-damage|p1a: Dondozo|0 fnt
|faint|p1a: Dondozo
|
|win|fregene97
|raw|claudechamp's rating: 1306 &rarr; <strong>1289</strong><br />(-17 for losing)
|raw|fregene97's rating: 1363 &rarr; <strong>1380</strong><br />(+17 for winning)
|c|☆claudechamp|gg
|l|☆fregene97
|player|p2|
|l|☆claudechamp
|player|p1|
