|j|☆potato9832
|j|‽z11zzzzeedf
|t:|1779885924
|gametype|singles
|player|p1|potato9832|170|1202
|player|p2|z11zzzzeedf|hilda|1143
|gen|9
|tier|[Gen 9] OU
|rated|
|rule|HP Percentage Mod: HP is shown in percentages
|rule|Endless Battle Clause: Forcing endless battles is banned
|rule|Species Clause: Limit one of each Pokémon
|rule|OHKO Clause: OHKO moves are banned
|rule|Evasion Items Clause: Evasion items are banned
|rule|Evasion Moves Clause: Evasion moves are banned
|rule|Evasion Abilities Clause: Evasion abilities are banned
|rule|Sleep Moves Clause: Sleep-inducing moves are banned
|clearpoke
|poke|p1|Araquanid, F|
|poke|p1|Avalugg-Hisui, F|
|poke|p1|Kommo-o, M|
|poke|p1|Frosmoth, M|
|poke|p1|Goodra, M|
|poke|p1|Swampert, M|
|poke|p2|Ribombee, M|
|poke|p2|Cinderace, F|
|poke|p2|Serperior, M|
|poke|p2|Samurott-Hisui, F|
|poke|p2|Dragapult, F|
|poke|p2|Bisharp, F|
|teampreview
|
|t:|1779885933
|teamsize|p1|6
|teamsize|p2|6
|start
|switch|p1a: Araquanid|Araquanid, F, shiny|100/100
|switch|p2a: Ribombee|Ribombee, M, shiny|100/100
|turn|1
|
|t:|1779885939
|move|p2a: Ribombee|Sticky Web|p1a: Araquanid
|-sidestart|p1: potato9832|move: Sticky Web
|move|p1a: Araquanid|Sticky Web|p2a: Ribombee
|-sidestart|p2: z11zzzzeedf|move: Sticky Web
|
|upkeep
|turn|2
|
|t:|1779885943
|move|p2a: Ribombee|Quiver Dance|p2a: Ribombee
|-boost|p2a: Ribombee|spa|1
|-boost|p2a: Ribombee|spd|1
|-boost|p2a: Ribombee|spe|1
|move|p1a: Araquanid|Liquidation|p2a: Ribombee
|-enditem|p2a: Ribombee|Focus Sash
|-damage|p2a: Ribombee|1/100
|
|upkeep
|turn|3
|
|t:|1779885951
|move|p2a: Ribombee|Moonblast|p1a: Araquanid
|-damage|p1a: Araquanid|57/100
|-unboost|p1a: Araquanid|spa|1
|move|p1a: Araquanid|Liquidation|p2a: Ribombee
|-damage|p2a: Ribombee|0 fnt
|faint|p2a: Ribombee
|
|-heal|p1a: Araquanid|63/100|[from] item: Leftovers
|upkeep
|
|t:|1779885960
|switch|p2a: Serperior|Serperior, M, shiny|100/100
|-activate|p2a: Serperior|move: Sticky Web
|-boost|p2a: Serperior|spe|1
|turn|4
|
|t:|1779885969
|move|p2a: Serperior|Leaf Storm|p1a: Araquanid
|-damage|p1a: Araquanid|10/100
|-boost|p2a: Serperior|spa|2
|move|p1a: Araquanid|Lunge|p2a: Serperior
|-supereffective|p2a: Serperior
|-damage|p2a: Serperior|28/100
|-boost|p2a: Serperior|atk|1
|
|-heal|p1a: Araquanid|17/100|[from] item: Leftovers
|upkeep
|turn|5
|
|t:|1779885979
|move|p2a: Serperior|Leaf Storm|p1a: Araquanid
|-damage|p1a: Araquanid|0 fnt
|-boost|p2a: Serperior|spa|2
|faint|p1a: Araquanid
|
|upkeep
|
|t:|1779885983
|switch|p1a: Avalugg|Avalugg-Hisui, F, shiny|100/100
|-activate|p1a: Avalugg|move: Sticky Web
|-unboost|p1a: Avalugg|spe|1
|turn|6
|
|t:|1779885989
|-terastallize|p2a: Serperior|Stellar
|move|p2a: Serperior|Leaf Storm|p1a: Avalugg
|-supereffective|p1a: Avalugg
|-ability|p1a: Avalugg|Sturdy
|-damage|p1a: Avalugg|1/100
|-boost|p2a: Serperior|spa|2
|move|p1a: Avalugg|Rapid Spin|p2a: Serperior
|-damage|p2a: Serperior|12/100
|-boost|p1a: Avalugg|spe|1
|-sideend|p1: potato9832|Sticky Web|[from] move: Rapid Spin|[of] p1a: Avalugg
|
|-heal|p1a: Avalugg|7/100|[from] item: Leftovers
|upkeep
|turn|7
|
|t:|1779886001
|move|p2a: Serperior|Leaf Storm|p1a: Avalugg|[miss]
|-miss|p2a: Serperior|p1a: Avalugg
|move|p1a: Avalugg|Body Press|p2a: Serperior
|-damage|p2a: Serperior|0 fnt
|faint|p2a: Serperior
|
|-heal|p1a: Avalugg|13/100|[from] item: Leftovers
|upkeep
|
|t:|1779886010
|switch|p2a: Samurott|Samurott-Hisui, F, shiny|100/100
|-activate|p2a: Samurott|move: Sticky Web
|-unboost|p2a: Samurott|spe|1
|turn|8
|
|t:|1779886015
|move|p2a: Samurott|Ceaseless Edge|p1a: Avalugg
|-damage|p1a: Avalugg|0 fnt
|-sidestart|p1: potato9832|Spikes
|faint|p1a: Avalugg
|
|upkeep
|
|t:|1779886023
|switch|p1a: Frosmoth|Frosmoth, M, shiny|100/100
|-damage|p1a: Frosmoth|88/100|[from] Spikes
|turn|9
|
|t:|1779886033
|move|p1a: Frosmoth|Quiver Dance|p1a: Frosmoth
|-boost|p1a: Frosmoth|spa|1
|-boost|p1a: Frosmoth|spd|1
|-boost|p1a: Frosmoth|spe|1
|move|p2a: Samurott|Ceaseless Edge|p1a: Frosmoth|[miss]
|-miss|p2a: Samurott|p1a: Frosmoth
|
|-heal|p1a: Frosmoth|94/100|[from] item: Leftovers
|upkeep
|turn|10
|
|t:|1779886042
|move|p1a: Frosmoth|Bug Buzz|p2a: Samurott
|-supereffective|p2a: Samurott
|-crit|p2a: Samurott
|-enditem|p2a: Samurott|Focus Sash
|-damage|p2a: Samurott|1/100
|move|p2a: Samurott|Knock Off|p1a: Frosmoth
|-damage|p1a: Frosmoth|5/100
|-enditem|p1a: Frosmoth|Leftovers|[from] move: Knock Off|[of] p2a: Samurott
|
|upkeep
|turn|11
|
|t:|1779886052
|move|p2a: Samurott|Aqua Jet|p1a: Frosmoth
|-damage|p1a: Frosmoth|0 fnt
|faint|p1a: Frosmoth
|
|upkeep
|
|t:|1779886059
|switch|p1a: Swampert|Swampert, M, shiny|100/100
|-damage|p1a: Swampert|88/100|[from] Spikes
|turn|12
|
|t:|1779886064
|move|p1a: Swampert|Stealth Rock|p2a: Samurott
|-sidestart|p2: z11zzzzeedf|move: Stealth Rock
|move|p2a: Samurott|Knock Off|p1a: Swampert
|-damage|p1a: Swampert|43/100
|-enditem|p1a: Swampert|Focus Sash|[from] move: Knock Off|[of] p2a: Samurott
|
|upkeep
|turn|13
|
|t:|1779886071
|move|p2a: Samurott|Aqua Cutter|p1a: Swampert
|-damage|p1a: Swampert|0 fnt
|faint|p1a: Swampert
|
|upkeep
|
|t:|1779886075
|switch|p1a: Goodra|Goodra, M, shiny|100/100
|-damage|p1a: Goodra|88/100|[from] Spikes
|turn|14
|
|t:|1779886083
|move|p1a: Goodra|Earthquake|p2a: Samurott
|-damage|p2a: Samurott|0 fnt
|faint|p2a: Samurott
|
|-heal|p1a: Goodra|94/100|[from] item: Leftovers
|upkeep
|
|t:|1779886091
|switch|p2a: Dragapult|Dragapult, F, shiny|100/100
|-activate|p2a: Dragapult|move: Sticky Web
|-fail|p2a: Dragapult|unboost|[from] ability: Clear Body|[of] p2a: Dragapult
|-damage|p2a: Dragapult|88/100|[from] Stealth Rock
|turn|15
|
|t:|1779886097
|move|p2a: Dragapult|Dragon Darts|p1a: Goodra
|-supereffective|p1a: Goodra
|-damage|p1a: Goodra|31/100
|-anim|p2a: Dragapult|Dragon Darts|p1a: Goodra
|-supereffective|p1a: Goodra
|-damage|p1a: Goodra|0 fnt
|faint|p1a: Goodra
|-damage|p2a: Dragapult|78/100|[from] item: Life Orb
|
|upkeep
|
|t:|1779886100
|switch|p1a: Kommo-o|Kommo-o, M, shiny|100/100
|-damage|p1a: Kommo-o|88/100|[from] Spikes
|turn|16
|
|t:|1779886110
|-terastallize|p1a: Kommo-o|Steel
|move|p2a: Dragapult|Dragon Darts|p1a: Kommo-o
|-resisted|p1a: Kommo-o
|-damage|p1a: Kommo-o|75/100
|-anim|p2a: Dragapult|Dragon Darts|p1a: Kommo-o
|-resisted|p1a: Kommo-o
|-damage|p1a: Kommo-o|61/100
|-damage|p2a: Dragapult|69/100|[from] item: Life Orb
|move|p1a: Kommo-o|Clangorous Soul|p1a: Kommo-o
|-boost|p1a: Kommo-o|atk|1
|-boost|p1a: Kommo-o|def|1
|-boost|p1a: Kommo-o|spa|1
|-boost|p1a: Kommo-o|spd|1
|-boost|p1a: Kommo-o|spe|1
|-damage|p1a: Kommo-o|28/100
|
|-heal|p1a: Kommo-o|35/100|[from] item: Leftovers
|upkeep
|turn|17
|
|t:|1779886128
|move|p1a: Kommo-o|Clanging Scales|p2a: Dragapult
|-supereffective|p2a: Dragapult
|-damage|p2a: Dragapult|0 fnt
|faint|p2a: Dragapult
|-unboost|p1a: Kommo-o|def|1
|
|-heal|p1a: Kommo-o|41/100|[from] item: Leftovers
|upkeep
|
|t:|1779886135
|switch|p2a: Cinderace|Cinderace, F|100/100
|turn|18
|
|t:|1779886141
|move|p1a: Kommo-o|Clanging Scales|p2a: Cinderace
|-damage|p2a: Cinderace|0 fnt
|faint|p2a: Cinderace
|-unboost|p1a: Kommo-o|def|1
|
|-heal|p1a: Kommo-o|47/100|[from] item: Leftovers
|upkeep
|
|t:|1779886145
|switch|p2a: Bisharp|Bisharp, F, shiny|100/100
|-activate|p2a: Bisharp|move: Sticky Web
|-unboost|p2a: Bisharp|spe|1
|-ability|p2a: Bisharp|Defiant|boost
|-boost|p2a: Bisharp|atk|2
|-damage|p2a: Bisharp|94/100|[from] Stealth Rock
|turn|19
|
|t:|1779886151
|move|p2a: Bisharp|Sucker Punch|p1a: Kommo-o
|-damage|p1a: Kommo-o|0 fnt
|faint|p1a: Kommo-o
|
|win|z11zzzzeedf
|raw|potato9832's rating: 1202 &rarr; <strong>1173</strong><br />(-29 for losing)
|raw|z11zzzzeedf's rating: 1143 &rarr; <strong>1172</strong><br />(+29 for winning)
|l|☆potato9832
|player|p1|
|l|‽z11zzzzeedf
|player|p2|
