|j|☆teapause
|j|☆ydyjyrdy
|t:|1779890502
|gametype|singles
|player|p1|teapause|waiter|1447
|player|p2|ydyjyrdy|hilbert|1414
|gen|9
|tier|[Gen 9] OU
|rated|
|rule|HP Percentage Mod: HP is shown in percentages
|rule|Endless Battle Clause: Forcing endless battles is banned
|rule|Species Clause: Limit one of each Pokémon
|rule|OHKO Clause: OHKO moves are banned
|rule|Evasion Items Clause: Evasion items are banned
|rule|Evasion Moves Clause: Evasion moves are banned
|rule|Evasion Abilities Clause: Evasion abilities are banned
|rule|Sleep Moves Clause: Sleep-inducing moves are banned
|clearpoke
|poke|p1|Tropius, F|
|poke|p1|Torkoal, M|
|poke|p1|Heatran, M|
|poke|p1|Clefable, F|
|poke|p1|Glimmora, F|
|poke|p1|Walking Wake|
|poke|p2|Pelipper, F|
|poke|p2|Kilowattrel, F|
|poke|p2|Basculegion, M|
|poke|p2|Iron Treads|
|poke|p2|Raging Bolt|
|poke|p2|Kingambit, F|
|teampreview
|inactive|Battle timer is ON: inactive players will automatically lose when time's up. (requested by teapause)
|
|t:|1779890511
|teamsize|p1|6
|teamsize|p2|6
|start
|switch|p1a: Torkoal|Torkoal, M|100/100
|switch|p2a: Pelipper|Pelipper, F|100/100
|-weather|RainDance|[from] ability: Drizzle|[of] p2a: Pelipper
|-weather|SunnyDay|[from] ability: Drought|[of] p1a: Torkoal
|turn|1
|
|t:|1779890524
|move|p2a: Pelipper|U-turn|p1a: Torkoal
|-resisted|p1a: Torkoal
|-crit|p1a: Torkoal
|-damage|p1a: Torkoal|96/100
|-damage|p2a: Pelipper|84/100|[from] item: Rocky Helmet|[of] p1a: Torkoal
|
|t:|1779890534
|switch|p2a: Raging Bolt|Raging Bolt|100/100|[from] U-turn
|-activate|p2a: Raging Bolt|ability: Protosynthesis
|-start|p2a: Raging Bolt|protosynthesisspa
|move|p1a: Torkoal|Will-O-Wisp|p2a: Raging Bolt
|-status|p2a: Raging Bolt|brn
|
|-weather|SunnyDay|[upkeep]
|-damage|p2a: Raging Bolt|94/100 brn|[from] brn
|upkeep
|turn|2
|
|t:|1779890548
|move|p2a: Raging Bolt|Draco Meteor|p1a: Torkoal|[miss]
|-miss|p2a: Raging Bolt|p1a: Torkoal
|move|p1a: Torkoal|Earth Power|p2a: Raging Bolt
|-supereffective|p2a: Raging Bolt
|-damage|p2a: Raging Bolt|62/100 brn
|
|-weather|SunnyDay|[upkeep]
|-damage|p2a: Raging Bolt|56/100 brn|[from] brn
|upkeep
|turn|3
|
|t:|1779890560
|switch|p1a: Clefable|Clefable, F|100/100
|move|p2a: Raging Bolt|Draco Meteor|p1a: Clefable
|-immune|p1a: Clefable
|
|-weather|SunnyDay|[upkeep]
|-damage|p2a: Raging Bolt|50/100 brn|[from] brn
|upkeep
|turn|4
|
|t:|1779890570
|-terastallize|p2a: Raging Bolt|Fairy
|move|p2a: Raging Bolt|Weather Ball|p1a: Clefable
|-damage|p1a: Clefable|27/100
|move|p1a: Clefable|Moonblast|p2a: Raging Bolt
|-damage|p2a: Raging Bolt|7/100 brn
|
|-weather|SunnyDay|[upkeep]
|-damage|p2a: Raging Bolt|0 fnt|[from] brn
|faint|p2a: Raging Bolt
|-end|p2a: Raging Bolt|Protosynthesis|[silent]
|upkeep
|
|t:|1779890579
|switch|p2a: Pelipper|Pelipper, F|84/100
|-weather|RainDance|[from] ability: Drizzle|[of] p2a: Pelipper
|turn|5
|
|t:|1779890586
|switch|p1a: Torkoal|Torkoal, M|96/100
|-weather|SunnyDay|[from] ability: Drought|[of] p1a: Torkoal
|move|p2a: Pelipper|U-turn|p1a: Torkoal
|-resisted|p1a: Torkoal
|-damage|p1a: Torkoal|93/100
|-damage|p2a: Pelipper|67/100|[from] item: Rocky Helmet|[of] p1a: Torkoal
|
|t:|1779890593
|switch|p2a: Iron Treads|Iron Treads, shiny|100/100|[from] U-turn
|-enditem|p2a: Iron Treads|Booster Energy
|-activate|p2a: Iron Treads|ability: Quark Drive|[fromitem]
|-start|p2a: Iron Treads|quarkdrivespe
|
|-weather|SunnyDay|[upkeep]
|upkeep
|turn|6
|
|t:|1779890602
|move|p2a: Iron Treads|Earthquake|p1a: Torkoal
|-supereffective|p1a: Torkoal
|-damage|p1a: Torkoal|26/100
|move|p1a: Torkoal|Fire Blast|p2a: Iron Treads
|-supereffective|p2a: Iron Treads
|-damage|p2a: Iron Treads|0 fnt
|faint|p2a: Iron Treads
|-end|p2a: Iron Treads|Quark Drive|[silent]
|
|-weather|SunnyDay|[upkeep]
|upkeep
|
|t:|1779890610
|switch|p2a: Pelipper|Pelipper, F|67/100
|-weather|RainDance|[from] ability: Drizzle|[of] p2a: Pelipper
|turn|7
|
|t:|1779890619
|switch|p1a: Clefable|Clefable, F|27/100
|move|p2a: Pelipper|Hurricane|p1a: Clefable
|-damage|p1a: Clefable|0 fnt
|faint|p1a: Clefable
|
|-weather|RainDance|[upkeep]
|upkeep
|
|t:|1779890632
|switch|p1a: Glimmora|Glimmora, F|100/100
|turn|8
|
|t:|1779890640
|switch|p2a: Kingambit|Kingambit, F|100/100
|-activate|p2a: Kingambit|ability: Supreme Overlord
|-start|p2a: Kingambit|fallen2|[silent]
|move|p1a: Glimmora|Meteor Beam||[still]
|-prepare|p1a: Glimmora|Meteor Beam
|-boost|p1a: Glimmora|spa|1
|-enditem|p1a: Glimmora|Power Herb
|-anim|p1a: Glimmora|Meteor Beam|p2a: Kingambit
|-resisted|p2a: Kingambit
|-damage|p2a: Kingambit|48/100
|
|-weather|RainDance|[upkeep]
|upkeep
|turn|9
|
|t:|1779890657
|switch|p1a: Torkoal|Torkoal, M|26/100
|-weather|SunnyDay|[from] ability: Drought|[of] p1a: Torkoal
|move|p2a: Kingambit|Kowtow Cleave|p1a: Torkoal
|-damage|p1a: Torkoal|0 fnt
|-damage|p2a: Kingambit|32/100|[from] item: Rocky Helmet|[of] p1a: Torkoal
|faint|p1a: Torkoal
|
|-weather|SunnyDay|[upkeep]
|upkeep
|
|t:|1779890669
|switch|p1a: Walking Wake|Walking Wake|100/100
|-activate|p1a: Walking Wake|ability: Protosynthesis
|-start|p1a: Walking Wake|protosynthesisspa
|turn|10
|
|t:|1779890682
|move|p2a: Kingambit|Sucker Punch|p1a: Walking Wake
|-damage|p1a: Walking Wake|39/100
|move|p1a: Walking Wake|Hydro Steam|p2a: Kingambit
|-damage|p2a: Kingambit|0 fnt
|faint|p2a: Kingambit
|-end|p2a: Kingambit|fallen2|[silent]
|
|-weather|SunnyDay|[upkeep]
|upkeep
|
|t:|1779890686
|switch|p2a: Pelipper|Pelipper, F|67/100
|-weather|RainDance|[from] ability: Drizzle|[of] p2a: Pelipper
|-end|p1a: Walking Wake|Protosynthesis
|turn|11
|
|t:|1779890708
|-end|p1a: Walking Wake|Protosynthesis|[silent]
|switch|p1a: Tropius|Tropius, F|100/100
|move|p2a: Pelipper|Roost|p2a: Pelipper
|-heal|p2a: Pelipper|100/100
|-singleturn|p2a: Pelipper|move: Roost
|
|-weather|RainDance|[upkeep]
|upkeep
|turn|12
|
|t:|1779890717
|move|p2a: Pelipper|Hurricane|p1a: Tropius
|-supereffective|p1a: Tropius
|-damage|p1a: Tropius|30/100
|-start|p1a: Tropius|confusion
|-activate|p1a: Tropius|confusion
|move|p1a: Tropius|Substitute|p1a: Tropius
|-start|p1a: Tropius|Substitute
|-damage|p1a: Tropius|5/100
|-enditem|p1a: Tropius|Starf Berry|[eat]
|-boost|p1a: Tropius|spd|2|[from] item: Starf Berry
|
|-weather|RainDance|[upkeep]
|-item|p1a: Tropius|Starf Berry|[from] ability: Harvest
|upkeep
|-enditem|p1a: Tropius|Starf Berry|[eat]
|-boost|p1a: Tropius|spd|2|[from] item: Starf Berry
|turn|13
|
|t:|1779890734
|move|p2a: Pelipper|U-turn|p1a: Tropius
|-activate|p1a: Tropius|move: Substitute|[damage]
|
|t:|1779890740
|switch|p2a: Kilowattrel|Kilowattrel, F|100/100|[from] U-turn
|-activate|p1a: Tropius|confusion
|move|p1a: Tropius|Leech Seed|p2a: Kilowattrel
|-start|p2a: Kilowattrel|move: Leech Seed
|
|-weather|RainDance|[upkeep]
|-damage|p2a: Kilowattrel|88/100|[from] Leech Seed|[of] p1a: Tropius
|-heal|p1a: Tropius|13/100|[silent]
|-item|p1a: Tropius|Starf Berry|[from] ability: Harvest
|upkeep
|-enditem|p1a: Tropius|Starf Berry|[eat]
|-boost|p1a: Tropius|atk|2|[from] item: Starf Berry
|turn|14
|
|t:|1779890754
|-activate|p1a: Tropius|confusion
|move|p1a: Tropius|Protect|p1a: Tropius
|-singleturn|p1a: Tropius|Protect
|move|p2a: Kilowattrel|Volt Switch|p1a: Tropius
|-activate|p1a: Tropius|move: Protect
|
|-weather|RainDance|[upkeep]
|-damage|p2a: Kilowattrel|76/100|[from] Leech Seed|[of] p1a: Tropius
|-heal|p1a: Tropius|22/100|[silent]
|upkeep
|turn|15
|
|t:|1779890770
|move|p2a: Kilowattrel|Volt Switch|p1a: Tropius
|-activate|p1a: Tropius|move: Substitute|[damage]
|
|t:|1779890779
|switch|p2a: Basculegion|Basculegion, M|100/100|[from] Volt Switch
|-end|p1a: Tropius|confusion
|move|p1a: Tropius|Hurricane|p2a: Basculegion
|-damage|p2a: Basculegion|48/100
|
|-weather|RainDance|[upkeep]
|upkeep
|turn|16
|
|t:|1779890792
|move|p2a: Basculegion|Flip Turn|p1a: Tropius
|-resisted|p1a: Tropius
|-end|p1a: Tropius|Substitute
|
|t:|1779890799
|switch|p2a: Kilowattrel|Kilowattrel, F|76/100|[from] Flip Turn
|move|p1a: Tropius|Hurricane|p2a: Kilowattrel
|-resisted|p2a: Kilowattrel
|-damage|p2a: Kilowattrel|36/100
|
|-weather|RainDance|[upkeep]
|-item|p1a: Tropius|Starf Berry|[from] ability: Harvest
|upkeep
|-enditem|p1a: Tropius|Starf Berry|[eat]
|-boost|p1a: Tropius|spe|2|[from] item: Starf Berry
|turn|17
|
|t:|1779890816
|move|p1a: Tropius|Protect|p1a: Tropius
|-singleturn|p1a: Tropius|Protect
|move|p2a: Kilowattrel|Hurricane|p1a: Tropius
|-activate|p1a: Tropius|move: Protect
|
|-weather|RainDance|[upkeep]
|-item|p1a: Tropius|Starf Berry|[from] ability: Harvest
|upkeep
|-enditem|p1a: Tropius|Starf Berry|[eat]
|-boost|p1a: Tropius|spa|2|[from] item: Starf Berry
|turn|18
|
|t:|1779890831
|-terastallize|p1a: Tropius|Steel
|move|p2a: Kilowattrel|Hurricane|p1a: Tropius
|-resisted|p1a: Tropius
|-damage|p1a: Tropius|11/100
|-start|p1a: Tropius|confusion
|-activate|p1a: Tropius|confusion
|move|p1a: Tropius|Hurricane|p2a: Kilowattrel
|-resisted|p2a: Kilowattrel
|-damage|p2a: Kilowattrel|0 fnt
|faint|p2a: Kilowattrel
|
|-weather|none
|-item|p1a: Tropius|Starf Berry|[from] ability: Harvest
|upkeep
|-enditem|p1a: Tropius|Starf Berry|[eat]
|-boost|p1a: Tropius|spe|2|[from] item: Starf Berry
|
|t:|1779890837
|switch|p2a: Pelipper|Pelipper, F|100/100
|-weather|RainDance|[from] ability: Drizzle|[of] p2a: Pelipper
|turn|19
|
|t:|1779890851
|-activate|p1a: Tropius|confusion
|move|p1a: Tropius|Hurricane|p2a: Pelipper
|-damage|p2a: Pelipper|0 fnt
|faint|p2a: Pelipper
|
|-weather|RainDance|[upkeep]
|-item|p1a: Tropius|Starf Berry|[from] ability: Harvest
|upkeep
|-enditem|p1a: Tropius|Starf Berry|[eat]
|-boost|p1a: Tropius|def|2|[from] item: Starf Berry
|
|t:|1779890855
|switch|p2a: Basculegion|Basculegion, M|48/100
|turn|20
|
|t:|1779890864
|move|p2a: Basculegion|Wave Crash|p1a: Tropius
|-crit|p1a: Tropius
|-damage|p1a: Tropius|0 fnt
|faint|p1a: Tropius
|-damage|p2a: Basculegion|45/100|[from] Recoil
|
|-weather|RainDance|[upkeep]
|upkeep
|
|t:|1779890879
|switch|p1a: Walking Wake|Walking Wake|39/100
|turn|21
|
|t:|1779890884
|move|p1a: Walking Wake|Dragon Pulse|p2a: Basculegion
|-damage|p2a: Basculegion|0 fnt
|faint|p2a: Basculegion
|
|win|teapause
|raw|teapause's rating: 1447 &rarr; <strong>1465</strong><br />(+18 for winning)
|raw|ydyjyrdy's rating: 1414 &rarr; <strong>1396</strong><br />(-18 for losing)
|l|☆ydyjyrdy
|player|p2|
|l|☆teapause
|player|p1|
