|j|☆lider roca
|j|☆npctypebeat
|t:|1779933228
|gametype|singles
|player|p1|lider roca|102|1108
|player|p2|npctypebeat|102|1053
|gen|9
|tier|[Gen 9] OU
|rated|
|rule|HP Percentage Mod: HP is shown in percentages
|rule|Endless Battle Clause: Forcing endless battles is banned
|rule|Species Clause: Limit one of each Pokémon
|rule|OHKO Clause: OHKO moves are banned
|rule|Evasion Items Clause: Evasion items are banned
|rule|Evasion Moves Clause: Evasion moves are banned
|rule|Evasion Abilities Clause: Evasion abilities are banned
|rule|Sleep Moves Clause: Sleep-inducing moves are banned
|clearpoke
|poke|p1|Flygon, F|
|poke|p1|Staraptor, F|
|poke|p1|Jolteon, F|
|poke|p1|Tentacruel, F|
|poke|p1|Amoonguss, M|
|poke|p1|Rotom-Heat|
|poke|p2|Gliscor, F|
|poke|p2|Ogerpon, F|
|poke|p2|Walking Wake|
|poke|p2|Blissey, F|
|poke|p2|Corviknight, F|
|poke|p2|Pecharunt|
|teampreview
|c|☆npctypebeat|hf
|inactive|Battle timer is ON: inactive players will automatically lose when time's up. (requested by npctypebeat)
|
|t:|1779933237
|teamsize|p1|6
|teamsize|p2|6
|start
|switch|p1a: Staraptor|Staraptor, F|100/100
|switch|p2a: Gliscor|Gliscor, F|100/100
|-ability|p1a: Staraptor|Intimidate|boost
|-unboost|p2a: Gliscor|atk|1
|turn|1
|inactive|lider roca has 120 seconds left.
|
|t:|1779933279
|switch|p1a: Rotom|Rotom-Heat|100/100
|move|p2a: Gliscor|Spikes|p1a: Rotom
|-sidestart|p1: lider roca|Spikes
|
|-status|p2a: Gliscor|tox|[from] item: Toxic Orb
|upkeep
|turn|2
|
|t:|1779933294
|switch|p2a: Blissey|Blissey, F|100/100
|move|p1a: Rotom|Overheat|p2a: Blissey
|-damage|p2a: Blissey|84/100
|-unboost|p1a: Rotom|spa|2
|
|upkeep
|turn|3
|
|t:|1779933302
|switch|p1a: Tentacruel|Tentacruel, F|100/100
|-damage|p1a: Tentacruel|88/100|[from] Spikes
|move|p2a: Blissey|Stealth Rock|p1a: Tentacruel
|-sidestart|p1: lider roca|move: Stealth Rock
|
|-heal|p1a: Tentacruel|94/100|[from] item: Leftovers
|upkeep
|turn|4
|inactive|lider roca has 120 seconds left.
|
|t:|1779933311
|switch|p2a: Gliscor|Gliscor, F|100/100 tox
|move|p1a: Tentacruel|Rapid Spin|p2a: Gliscor
|-damage|p2a: Gliscor|94/100 tox
|-boost|p1a: Tentacruel|spe|1
|-sideend|p1: lider roca|Spikes|[from] move: Rapid Spin|[of] p1a: Tentacruel
|-sideend|p1: lider roca|Stealth Rock|[from] move: Rapid Spin|[of] p1a: Tentacruel
|
|-heal|p1a: Tentacruel|99/100|[from] item: Leftovers
|-heal|p2a: Gliscor|100/100 tox|[from] ability: Poison Heal
|upkeep
|turn|5
|inactive|lider roca has 120 seconds left.
|
|t:|1779933328
|-terastallize|p1a: Tentacruel|Water
|move|p1a: Tentacruel|Chilling Water|p2a: Gliscor
|-supereffective|p2a: Gliscor
|-damage|p2a: Gliscor|62/100 tox
|-unboost|p2a: Gliscor|atk|1
|move|p2a: Gliscor|Earthquake|p1a: Tentacruel
|-damage|p1a: Tentacruel|71/100
|
|-heal|p1a: Tentacruel|77/100|[from] item: Leftovers
|-heal|p2a: Gliscor|75/100 tox|[from] ability: Poison Heal
|upkeep
|turn|6
|inactive|lider roca has 120 seconds left.
|
|t:|1779933344
|move|p1a: Tentacruel|Chilling Water|p2a: Gliscor
|-supereffective|p2a: Gliscor
|-damage|p2a: Gliscor|33/100 tox
|-unboost|p2a: Gliscor|atk|1
|move|p2a: Gliscor|Earthquake|p1a: Tentacruel
|-damage|p1a: Tentacruel|55/100
|
|-heal|p1a: Tentacruel|61/100|[from] item: Leftovers
|-heal|p2a: Gliscor|45/100 tox|[from] ability: Poison Heal
|upkeep
|turn|7
|inactive|lider roca has 120 seconds left.
|
|t:|1779933359
|switch|p2a: Blissey|Blissey, F|84/100
|move|p1a: Tentacruel|Chilling Water|p2a: Blissey
|-damage|p2a: Blissey|77/100
|-unboost|p2a: Blissey|atk|1
|
|-heal|p1a: Tentacruel|67/100|[from] item: Leftovers
|upkeep
|turn|8
|inactive|lider roca has 120 seconds left.
|
|t:|1779933369
|move|p1a: Tentacruel|Sludge Bomb|p2a: Blissey
|-damage|p2a: Blissey|69/100
|move|p2a: Blissey|Seismic Toss|p1a: Tentacruel
|-damage|p1a: Tentacruel|40/100
|
|-heal|p1a: Tentacruel|46/100|[from] item: Leftovers
|upkeep
|turn|9
|inactive|lider roca has 120 seconds left.
|
|t:|1779933382
|move|p1a: Tentacruel|Sludge Bomb|p2a: Blissey
|-damage|p2a: Blissey|62/100
|move|p2a: Blissey|Seismic Toss|p1a: Tentacruel
|-damage|p1a: Tentacruel|18/100
|
|-heal|p1a: Tentacruel|24/100|[from] item: Leftovers
|upkeep
|turn|10
|
|t:|1779933391
|move|p1a: Tentacruel|Giga Drain|p2a: Blissey
|-damage|p2a: Blissey|57/100
|-heal|p1a: Tentacruel|29/100|[from] drain|[of] p2a: Blissey
|move|p2a: Blissey|Seismic Toss|p1a: Tentacruel
|-damage|p1a: Tentacruel|1/100
|
|-heal|p1a: Tentacruel|7/100|[from] item: Leftovers
|upkeep
|turn|11
|
|t:|1779933402
|move|p1a: Tentacruel|Sludge Bomb|p2a: Blissey
|-damage|p2a: Blissey|49/100
|move|p2a: Blissey|Stealth Rock|p1a: Tentacruel
|-sidestart|p1: lider roca|move: Stealth Rock
|
|-heal|p1a: Tentacruel|13/100|[from] item: Leftovers
|upkeep
|turn|12
|
|t:|1779933411
|move|p1a: Tentacruel|Rapid Spin|p2a: Blissey
|-damage|p2a: Blissey|41/100
|-boost|p1a: Tentacruel|spe|1
|-sideend|p1: lider roca|Stealth Rock|[from] move: Rapid Spin|[of] p1a: Tentacruel
|move|p2a: Blissey|Seismic Toss|p1a: Tentacruel
|-damage|p1a: Tentacruel|0 fnt
|faint|p1a: Tentacruel
|
|upkeep
|
|t:|1779933422
|switch|p1a: Staraptor|Staraptor, F|100/100
|-ability|p1a: Staraptor|Intimidate|boost
|-unboost|p2a: Blissey|atk|1
|turn|13
|
|t:|1779933428
|switch|p2a: Pecharunt|Pecharunt|100/100
|move|p1a: Staraptor|U-turn|p2a: Pecharunt
|-resisted|p2a: Pecharunt
|-damage|p2a: Pecharunt|97/100
|
|t:|1779933439
|switch|p1a: Flygon|Flygon, F|100/100|[from] U-turn
|
|upkeep
|turn|14
|
|t:|1779933444
|move|p1a: Flygon|Earthquake|p2a: Pecharunt
|-supereffective|p2a: Pecharunt
|-damage|p2a: Pecharunt|57/100
|move|p2a: Pecharunt|Malignant Chain|p1a: Flygon
|-resisted|p1a: Flygon
|-damage|p1a: Flygon|80/100
|
|upkeep
|turn|15
|
|t:|1779933455
|switch|p1a: Amoonguss|Amoonguss, M|100/100
|move|p2a: Pecharunt|Recover|p2a: Pecharunt
|-heal|p2a: Pecharunt|100/100
|
|upkeep
|turn|16
|
|t:|1779933471
|move|p2a: Pecharunt|Malignant Chain|p1a: Amoonguss
|-damage|p1a: Amoonguss|69/100
|move|p1a: Amoonguss|Clear Smog|p2a: Pecharunt
|-resisted|p2a: Pecharunt
|-damage|p2a: Pecharunt|97/100
|-clearboost|p2a: Pecharunt
|
|upkeep
|turn|17
|
|t:|1779933481
|move|p2a: Pecharunt|Malignant Chain|p1a: Amoonguss
|-damage|p1a: Amoonguss|41/100
|move|p1a: Amoonguss|Synthesis|p1a: Amoonguss
|-heal|p1a: Amoonguss|91/100
|
|upkeep
|turn|18
|
|t:|1779933490
|switch|p2a: Gliscor|Gliscor, F|45/100 tox
|move|p1a: Amoonguss|Synthesis|p1a: Amoonguss
|-heal|p1a: Amoonguss|100/100
|
|-heal|p2a: Gliscor|58/100 tox|[from] ability: Poison Heal
|upkeep
|turn|19
|
|t:|1779933499
|move|p2a: Gliscor|Spikes|p1a: Amoonguss
|-sidestart|p1: lider roca|Spikes
|move|p1a: Amoonguss|Giga Drain|p2a: Gliscor
|-damage|p2a: Gliscor|39/100 tox
|
|-heal|p2a: Gliscor|52/100 tox|[from] ability: Poison Heal
|upkeep
|turn|20
|-message|lider roca forfeited.
|
|win|npctypebeat
|raw|lider roca's rating: 1108 &rarr; <strong>1078</strong><br />(-30 for losing)
|raw|npctypebeat's rating: 1036 &rarr; <strong>1078</strong><br />(+42 for winning)
|c|☆npctypebeat|gg
|l|☆lider roca
|player|p1|
