|j|☆milkmaster3001
|j|☆cheeseguy43
|t:|1779899054
|gametype|singles
|player|p1|milkmaster3001|chuck|1466
|player|p2|cheeseguy43|1|1447
|gen|9
|tier|[Gen 9] OU
|rated|
|rule|HP Percentage Mod: HP is shown in percentages
|rule|Endless Battle Clause: Forcing endless battles is banned
|rule|Species Clause: Limit one of each Pokémon
|rule|OHKO Clause: OHKO moves are banned
|rule|Evasion Items Clause: Evasion items are banned
|rule|Evasion Moves Clause: Evasion moves are banned
|rule|Evasion Abilities Clause: Evasion abilities are banned
|rule|Sleep Moves Clause: Sleep-inducing moves are banned
|clearpoke
|poke|p1|Alomomola, F|
|poke|p1|Zapdos|
|poke|p1|Garganacl, F|
|poke|p1|Clodsire, F|
|poke|p1|Ogerpon-Wellspring, F|
|poke|p1|Iron Treads|
|poke|p2|Tinkaton, F|
|poke|p2|Ogerpon, F|
|poke|p2|Great Tusk|
|poke|p2|Pecharunt|
|poke|p2|Alomomola, M|
|poke|p2|Hydreigon, M|
|teampreview
|c|☆cheeseguy43|gshf
|inactive|Battle timer is ON: inactive players will automatically lose when time's up. (requested by milkmaster3001)
|inactive|cheeseguy43 has 120 seconds left.
|n| oatishere|oatishere
|c| oatishere|insane larp
|
|t:|1779899108
|teamsize|p1|6
|teamsize|p2|6
|start
|switch|p1a: Ogerpon|Ogerpon-Wellspring, F|100/100
|switch|p2a: Smile.exe|Tinkaton, F, shiny|100/100
|-item|p2a: Smile.exe|Air Balloon
|turn|1
|c|☆cheeseguy43|bro
|
|t:|1779899115
|switch|p2a: Overseer|Pecharunt|100/100
|move|p1a: Ogerpon|Taunt|p2a: Overseer
|-start|p2a: Overseer|move: Taunt
|
|upkeep
|turn|2
|
|t:|1779899135
|switch|p1a: Iron Treads|Iron Treads|100/100
|move|p2a: Overseer|Malignant Chain|p1a: Iron Treads
|-immune|p1a: Iron Treads
|
|upkeep
|turn|3
|
|t:|1779899150
|switch|p2a: Behemoth|Great Tusk, shiny|100/100
|move|p1a: Iron Treads|Ice Spinner|p2a: Behemoth
|-supereffective|p2a: Behemoth
|-damage|p2a: Behemoth|65/100
|
|upkeep
|turn|4
|
|t:|1779899156
|-end|p1a: Iron Treads|Quark Drive|[silent]
|switch|p1a: Alomomola|Alomomola, F|100/100
|move|p2a: Behemoth|Headlong Rush|p1a: Alomomola
|-damage|p1a: Alomomola|67/100
|-unboost|p2a: Behemoth|def|1
|-unboost|p2a: Behemoth|spd|1
|-damage|p2a: Behemoth|49/100|[from] item: Rocky Helmet|[of] p1a: Alomomola
|
|upkeep
|turn|5
|
|t:|1779899163
|-end|p2a: Behemoth|Protosynthesis|[silent]
|switch|p2a: Anonymous|Ogerpon, F|100/100
|move|p1a: Alomomola|Flip Turn|p2a: Anonymous
|-resisted|p2a: Anonymous
|-damage|p2a: Anonymous|91/100
|
|t:|1779899169
|switch|p1a: Zapdos|Zapdos|100/100|[from] Flip Turn
|
|upkeep
|turn|6
|
|t:|1779899195
|switch|p2a: Hybrid|Hydreigon, M, shiny|100/100
|move|p1a: Zapdos|Hurricane|p2a: Hybrid
|-damage|p2a: Hybrid|50/100
|-start|p2a: Hybrid|confusion
|
|upkeep
|turn|7
|
|t:|1779899206
|switch|p1a: Garganacl|Garganacl, F|100/100
|-activate|p2a: Hybrid|confusion
|move|p2a: Hybrid|Dark Pulse|p1a: Garganacl
|-damage|p1a: Garganacl|63/100
|
|-heal|p1a: Garganacl|70/100|[from] item: Leftovers
|upkeep
|turn|8
|
|t:|1779899211
|switch|p2a: Overseer|Pecharunt|100/100
|move|p1a: Garganacl|Salt Cure|p2a: Overseer
|-damage|p2a: Overseer|93/100
|-start|p2a: Overseer|Salt Cure
|
|-heal|p1a: Garganacl|76/100|[from] item: Leftovers
|-damage|p2a: Overseer|81/100|[from] Salt Cure
|upkeep
|turn|9
|
|t:|1779899228
|move|p2a: Overseer|Parting Shot|p1a: Garganacl
|-unboost|p1a: Garganacl|atk|1
|-unboost|p1a: Garganacl|spa|1
|
|t:|1779899231
|switch|p2a: Anonymous|Ogerpon, F|91/100|[from] Parting Shot
|move|p1a: Garganacl|Salt Cure|p2a: Anonymous
|-damage|p2a: Anonymous|78/100
|-start|p2a: Anonymous|Salt Cure
|
|-heal|p1a: Garganacl|82/100|[from] item: Leftovers
|-damage|p2a: Anonymous|66/100|[from] Salt Cure
|upkeep
|turn|10
|
|t:|1779899239
|switch|p1a: Zapdos|Zapdos|100/100
|-terastallize|p2a: Anonymous|Grass
|detailschange|p2a: Anonymous|Ogerpon-Teal-Tera, F, tera:Grass
|-ability|p2a: Anonymous|Embody Aspect (Teal)|boost
|-boost|p2a: Anonymous|spe|1
|move|p2a: Anonymous|Ivy Cudgel|p1a: Zapdos
|-resisted|p1a: Zapdos
|-damage|p1a: Zapdos|64/100
|
|-damage|p2a: Anonymous|53/100|[from] Salt Cure
|upkeep
|turn|11
|
|t:|1779899249
|switch|p2a: Pisces|Alomomola, M, shiny|100/100
|move|p1a: Zapdos|Roost|p1a: Zapdos
|-heal|p1a: Zapdos|100/100
|-singleturn|p1a: Zapdos|move: Roost
|
|upkeep
|turn|12
|
|t:|1779899255
|move|p1a: Zapdos|Volt Switch|p2a: Pisces
|-supereffective|p2a: Pisces
|-damage|p2a: Pisces|70/100
|
|t:|1779899259
|switch|p1a: Clodsire|Clodsire, F|100/100|[from] Volt Switch
|move|p2a: Pisces|Mirror Coat|p1a: Clodsire
|-damage|p1a: Clodsire|30/100
|
|upkeep
|turn|13
|
|t:|1779899266
|move|p2a: Pisces|Flip Turn|p1a: Clodsire
|-supereffective|p1a: Clodsire
|-crit|p1a: Clodsire
|-damage|p1a: Clodsire|0 fnt
|faint|p1a: Clodsire
|
|t:|1779899273
|switch|p2a: Smile.exe|Tinkaton, F, shiny|100/100|[from] Flip Turn
|-item|p2a: Smile.exe|Air Balloon
|
|upkeep
|
|t:|1779899276
|switch|p1a: Ogerpon|Ogerpon-Wellspring, F|100/100
|turn|14
|
|t:|1779899294
|switch|p2a: Overseer|Pecharunt|81/100
|move|p1a: Ogerpon|Taunt|p2a: Overseer
|-start|p2a: Overseer|move: Taunt
|
|upkeep
|turn|15
|
|t:|1779899301
|move|p1a: Ogerpon|Knock Off|p2a: Overseer
|-supereffective|p2a: Overseer
|-damage|p2a: Overseer|45/100
|-damage|p1a: Ogerpon|84/100|[from] item: Rocky Helmet|[of] p2a: Overseer
|-enditem|p2a: Overseer|Rocky Helmet|[from] move: Knock Off|[of] p1a: Ogerpon
|move|p2a: Overseer|Shadow Ball|p1a: Ogerpon
|-damage|p1a: Ogerpon|53/100
|
|upkeep
|turn|16
|
|t:|1779899315
|switch|p1a: Garganacl|Garganacl, F|82/100
|move|p2a: Overseer|Malignant Chain|p1a: Garganacl
|-resisted|p1a: Garganacl
|-damage|p1a: Garganacl|72/100
|
|-heal|p1a: Garganacl|78/100|[from] item: Leftovers
|-end|p2a: Overseer|move: Taunt
|upkeep
|turn|17
|
|t:|1779899335
|switch|p2a: Smile.exe|Tinkaton, F, shiny|100/100
|-item|p2a: Smile.exe|Air Balloon
|move|p1a: Garganacl|Salt Cure|p2a: Smile.exe
|-resisted|p2a: Smile.exe
|-damage|p2a: Smile.exe|91/100
|-start|p2a: Smile.exe|Salt Cure
|-enditem|p2a: Smile.exe|Air Balloon
|
|-heal|p1a: Garganacl|85/100|[from] item: Leftovers
|-damage|p2a: Smile.exe|66/100|[from] Salt Cure
|upkeep
|turn|18
|
|t:|1779899345
|switch|p1a: Zapdos|Zapdos|100/100
|move|p2a: Smile.exe|Gigaton Hammer|p1a: Zapdos
|-resisted|p1a: Zapdos
|-damage|p1a: Zapdos|80/100
|
|-damage|p2a: Smile.exe|41/100|[from] Salt Cure
|upkeep
|turn|19
|
|t:|1779899350
|switch|p2a: Pisces|Alomomola, M, shiny|100/100
|move|p1a: Zapdos|Discharge|p2a: Pisces
|-supereffective|p2a: Pisces
|-damage|p2a: Pisces|69/100
|
|upkeep
|turn|20
|
|t:|1779899363
|move|p1a: Zapdos|Roost|p1a: Zapdos
|-heal|p1a: Zapdos|100/100
|-singleturn|p1a: Zapdos|move: Roost
|move|p2a: Pisces|Mirror Coat||[still]
|-fail|p2a: Pisces
|
|upkeep
|turn|21
|
|t:|1779899370
|switch|p1a: Alomomola|Alomomola, F|100/100
|move|p2a: Pisces|Mirror Coat||[still]
|-fail|p2a: Pisces
|
|upkeep
|turn|22
|
|t:|1779899374
|move|p1a: Alomomola|Wish|p1a: Alomomola
|move|p2a: Pisces|Flip Turn|p1a: Alomomola
|-resisted|p1a: Alomomola
|-damage|p1a: Alomomola|96/100
|-damage|p2a: Pisces|52/100|[from] item: Rocky Helmet|[of] p1a: Alomomola
|
|t:|1779899376
|switch|p2a: Anonymous|Ogerpon-Teal-Tera, F, tera:Grass|53/100|[from] Flip Turn
|-ability|p2a: Anonymous|Embody Aspect (Teal)|boost
|-boost|p2a: Anonymous|spe|1
|
|upkeep
|turn|23
|
|t:|1779899384
|switch|p1a: Zapdos|Zapdos|100/100
|move|p2a: Anonymous|Knock Off|p1a: Zapdos
|-damage|p1a: Zapdos|69/100
|-status|p2a: Anonymous|par|[from] ability: Static|[of] p1a: Zapdos
|-enditem|p1a: Zapdos|Heavy-Duty Boots|[from] move: Knock Off|[of] p2a: Anonymous
|
|-heal|p1a: Zapdos|100/100|[from] move: Wish|[wisher] Alomomola
|upkeep
|turn|24
|
|t:|1779899390
|switch|p2a: Pisces|Alomomola, M, shiny|85/100
|move|p1a: Zapdos|Hurricane|p2a: Pisces
|-damage|p2a: Pisces|62/100
|
|upkeep
|turn|25
|
|t:|1779899404
|switch|p1a: Ogerpon|Ogerpon-Wellspring, F|53/100
|move|p2a: Pisces|Mirror Coat||[still]
|-fail|p2a: Pisces
|
|upkeep
|turn|26
|
|t:|1779899422
|move|p1a: Ogerpon|Knock Off|p2a: Pisces
|-damage|p2a: Pisces|32/100
|-enditem|p2a: Pisces|Assault Vest|[from] move: Knock Off|[of] p1a: Ogerpon
|move|p2a: Pisces|Play Rough|p1a: Ogerpon
|-damage|p1a: Ogerpon|31/100
|
|upkeep
|turn|27
|
|t:|1779899434
|switch|p1a: Alomomola|Alomomola, F|100/100
|move|p2a: Pisces|Play Rough|p1a: Alomomola
|-damage|p1a: Alomomola|92/100
|-damage|p2a: Pisces|16/100|[from] item: Rocky Helmet|[of] p1a: Alomomola
|
|upkeep
|turn|28
|
|t:|1779899439
|switch|p2a: Anonymous|Ogerpon-Teal-Tera, F, tera:Grass|53/100 par
|-ability|p2a: Anonymous|Embody Aspect (Teal)|boost
|-boost|p2a: Anonymous|spe|1
|move|p1a: Alomomola|Wish|p1a: Alomomola
|
|upkeep
|turn|29
|
|t:|1779899449
|switch|p1a: Zapdos|Zapdos|100/100
|move|p2a: Anonymous|Rock Tomb|p1a: Zapdos
|-supereffective|p1a: Zapdos
|-damage|p1a: Zapdos|59/100
|-unboost|p1a: Zapdos|spe|1
|
|-heal|p1a: Zapdos|100/100|[from] move: Wish|[wisher] Alomomola
|upkeep
|turn|30
|
|t:|1779899458
|switch|p2a: Smile.exe|Tinkaton, F, shiny|41/100
|move|p1a: Zapdos|Hurricane|p2a: Smile.exe|[miss]
|-miss|p1a: Zapdos|p2a: Smile.exe
|
|upkeep
|turn|31
|
|t:|1779899461
|move|p2a: Smile.exe|Stealth Rock|p1a: Zapdos
|-sidestart|p1: milkmaster3001|move: Stealth Rock
|move|p1a: Zapdos|Discharge|p2a: Smile.exe
|-damage|p2a: Smile.exe|8/100
|
|upkeep
|turn|32
|
|t:|1779899475
|move|p2a: Smile.exe|Ice Hammer|p1a: Zapdos
|-supereffective|p1a: Zapdos
|-damage|p1a: Zapdos|64/100
|-unboost|p2a: Smile.exe|spe|1
|move|p1a: Zapdos|Volt Switch|p2a: Smile.exe
|-damage|p2a: Smile.exe|0 fnt
|faint|p2a: Smile.exe
|
|t:|1779899480
|switch|p1a: Iron Treads|Iron Treads|100/100|[from] Volt Switch
|-damage|p1a: Iron Treads|97/100|[from] Stealth Rock
|
|-heal|p1a: Iron Treads|100/100|[from] item: Leftovers
|upkeep
|
|t:|1779899481
|switch|p2a: Pisces|Alomomola, M, shiny|49/100
|turn|33
|
|t:|1779899485
|switch|p2a: Hybrid|Hydreigon, M, shiny|50/100
|move|p1a: Iron Treads|Rapid Spin|p2a: Hybrid
|-damage|p2a: Hybrid|32/100
|-boost|p1a: Iron Treads|spe|1
|-sideend|p1: milkmaster3001|Stealth Rock|[from] move: Rapid Spin|[of] p1a: Iron Treads
|
|upkeep
|turn|34
|
|t:|1779899491
|move|p1a: Iron Treads|Ice Spinner|p2a: Hybrid
|-supereffective|p2a: Hybrid
|-damage|p2a: Hybrid|0 fnt
|faint|p2a: Hybrid
|
|upkeep
|
|t:|1779899501
|switch|p2a: Behemoth|Great Tusk, shiny|49/100
|turn|35
|j| Chris Talus
|inactive|cheeseguy43 has 120 seconds left.
|
|t:|1779899535
|-end|p1a: Iron Treads|Quark Drive|[silent]
|switch|p1a: Zapdos|Zapdos|64/100
|move|p2a: Behemoth|Headlong Rush|p1a: Zapdos
|-immune|p1a: Zapdos
|
|upkeep
|turn|36
|
|t:|1779899542
|move|p2a: Behemoth|Rapid Spin|p1a: Zapdos
|-damage|p1a: Zapdos|52/100
|-boost|p2a: Behemoth|spe|1
|-status|p2a: Behemoth|par|[from] ability: Static|[of] p1a: Zapdos
|move|p1a: Zapdos|Hurricane|p2a: Behemoth|[miss]
|-miss|p1a: Zapdos|p2a: Behemoth
|
|upkeep
|turn|37
|
|t:|1779899551
|move|p1a: Zapdos|Roost|p1a: Zapdos
|-heal|p1a: Zapdos|100/100
|-singleturn|p1a: Zapdos|move: Roost
|cant|p2a: Behemoth|par
|
|upkeep
|turn|38
|inactive|cheeseguy43 has 120 seconds left.
|
|t:|1779899578
|move|p1a: Zapdos|Hurricane|p2a: Behemoth|[miss]
|-miss|p1a: Zapdos|p2a: Behemoth
|move|p2a: Behemoth|Ice Spinner|p1a: Zapdos
|-supereffective|p1a: Zapdos
|-damage|p1a: Zapdos|59/100
|
|upkeep
|turn|39
|inactive|cheeseguy43 has 120 seconds left.
|l| Chris Talus
|
|t:|1779899593
|move|p1a: Zapdos|Hurricane|p2a: Behemoth|[miss]
|-miss|p1a: Zapdos|p2a: Behemoth
|move|p2a: Behemoth|Ice Spinner|p1a: Zapdos
|-supereffective|p1a: Zapdos
|-damage|p1a: Zapdos|19/100
|
|upkeep
|turn|40
|inactive|cheeseguy43 has 120 seconds left.
|
|t:|1779899608
|move|p1a: Zapdos|Hurricane|p2a: Behemoth|[miss]
|-miss|p1a: Zapdos|p2a: Behemoth
|move|p2a: Behemoth|Ice Spinner|p1a: Zapdos
|-supereffective|p1a: Zapdos
|-damage|p1a: Zapdos|0 fnt
|faint|p1a: Zapdos
|
|upkeep
|
|t:|1779899622
|switch|p1a: Ogerpon|Ogerpon-Wellspring, F|31/100
|turn|41
|
|t:|1779899636
|move|p1a: Ogerpon|Ivy Cudgel|p2a: Behemoth|[anim] Ivy Cudgel Water
|-supereffective|p2a: Behemoth
|-damage|p2a: Behemoth|0 fnt
|faint|p2a: Behemoth
|-end|p2a: Behemoth|Protosynthesis|[silent]
|
|upkeep
|
|t:|1779899640
|switch|p2a: Anonymous|Ogerpon-Teal-Tera, F, tera:Grass|53/100 par
|-ability|p2a: Anonymous|Embody Aspect (Teal)|boost
|-boost|p2a: Anonymous|spe|1
|turn|42
|
|t:|1779899647
|switch|p1a: Iron Treads|Iron Treads|100/100
|move|p2a: Anonymous|Ivy Cudgel|p1a: Iron Treads
|-damage|p1a: Iron Treads|13/100
|
|-heal|p1a: Iron Treads|20/100|[from] item: Leftovers
|upkeep
|turn|43
|
|t:|1779899655
|switch|p2a: Pisces|Alomomola, M, shiny|82/100
|move|p1a: Iron Treads|Ice Spinner|p2a: Pisces
|-resisted|p2a: Pisces
|-damage|p2a: Pisces|73/100
|
|-heal|p1a: Iron Treads|26/100|[from] item: Leftovers
|upkeep
|turn|44
|inactive|cheeseguy43 has 120 seconds left.
|
|t:|1779899700
|-end|p1a: Iron Treads|Quark Drive|[silent]
|switch|p1a: Garganacl|Garganacl, F|85/100
|move|p2a: Pisces|Flip Turn|p1a: Garganacl
|-supereffective|p1a: Garganacl
|-damage|p1a: Garganacl|63/100
|
|t:|1779899703
|switch|p2a: Anonymous|Ogerpon-Teal-Tera, F, tera:Grass|53/100 par|[from] Flip Turn
|-ability|p2a: Anonymous|Embody Aspect (Teal)|boost
|-boost|p2a: Anonymous|spe|1
|
|-heal|p1a: Garganacl|70/100|[from] item: Leftovers
|upkeep
|turn|45
|
|t:|1779899713
|-terastallize|p1a: Garganacl|Ghost
|move|p2a: Anonymous|Ivy Cudgel|p1a: Garganacl
|-damage|p1a: Garganacl|9/100
|move|p1a: Garganacl|Recover|p1a: Garganacl
|-heal|p1a: Garganacl|59/100
|
|-heal|p1a: Garganacl|65/100|[from] item: Leftovers
|upkeep
|turn|46
|inactive|milkmaster3001 has 120 seconds left.
|
|t:|1779899743
|cant|p2a: Anonymous|par
|move|p1a: Garganacl|Recover|p1a: Garganacl
|-heal|p1a: Garganacl|100/100
|
|upkeep
|turn|47
|
|t:|1779899754
|move|p2a: Anonymous|Ivy Cudgel|p1a: Garganacl
|-damage|p1a: Garganacl|38/100
|move|p1a: Garganacl|Iron Defense|p1a: Garganacl
|-boost|p1a: Garganacl|def|2
|
|-heal|p1a: Garganacl|44/100|[from] item: Leftovers
|upkeep
|turn|48
|
|t:|1779899758
|move|p2a: Anonymous|Ivy Cudgel|p1a: Garganacl
|-damage|p1a: Garganacl|8/100
|move|p1a: Garganacl|Recover|p1a: Garganacl
|-heal|p1a: Garganacl|58/100
|
|-heal|p1a: Garganacl|64/100|[from] item: Leftovers
|upkeep
|turn|49
|
|t:|1779899767
|cant|p2a: Anonymous|par
|move|p1a: Garganacl|Recover|p1a: Garganacl
|-heal|p1a: Garganacl|100/100
|
|upkeep
|turn|50
|
|t:|1779899770
|move|p2a: Anonymous|Ivy Cudgel|p1a: Garganacl
|-damage|p1a: Garganacl|64/100
|move|p1a: Garganacl|Salt Cure|p2a: Anonymous
|-damage|p2a: Anonymous|34/100 par
|-start|p2a: Anonymous|Salt Cure
|
|-heal|p1a: Garganacl|71/100|[from] item: Leftovers
|-damage|p2a: Anonymous|22/100 par|[from] Salt Cure
|upkeep
|turn|51
|
|t:|1779899775
|move|p2a: Anonymous|Ivy Cudgel|p1a: Garganacl
|-damage|p1a: Garganacl|39/100
|move|p1a: Garganacl|Iron Defense|p1a: Garganacl
|-boost|p1a: Garganacl|def|2
|
|-heal|p1a: Garganacl|45/100|[from] item: Leftovers
|-damage|p2a: Anonymous|10/100 par|[from] Salt Cure
|upkeep
|turn|52
|
|t:|1779899779
|cant|p2a: Anonymous|par
|move|p1a: Garganacl|Recover|p1a: Garganacl
|-heal|p1a: Garganacl|95/100
|
|-heal|p1a: Garganacl|100/100|[from] item: Leftovers
|-damage|p2a: Anonymous|0 fnt|[from] Salt Cure
|faint|p2a: Anonymous
|detailschange|p2: Anonymous|Ogerpon, F|[silent]
|upkeep
|
|t:|1779899782
|switch|p2a: Overseer|Pecharunt|45/100
|turn|53
|c|☆cheeseguy43|gg
|-message|cheeseguy43 forfeited.
|
|win|milkmaster3001
|raw|milkmaster3001's rating: 1466 &rarr; <strong>1485</strong><br />(+19 for winning)
|raw|cheeseguy43's rating: 1447 &rarr; <strong>1428</strong><br />(-19 for losing)
