|j|☆Dubyaz13
|j|☆purple pastels
|t:|1779854982
|gametype|singles
|player|p1|Dubyaz13|linebacker|1474
|player|p2|purple pastels|doubleteam|1507
|gen|9
|tier|[Gen 9] OU
|rated|
|rule|HP Percentage Mod: HP is shown in percentages
|rule|Endless Battle Clause: Forcing endless battles is banned
|rule|Species Clause: Limit one of each Pokémon
|rule|OHKO Clause: OHKO moves are banned
|rule|Evasion Items Clause: Evasion items are banned
|rule|Evasion Moves Clause: Evasion moves are banned
|rule|Evasion Abilities Clause: Evasion abilities are banned
|rule|Sleep Moves Clause: Sleep-inducing moves are banned
|clearpoke
|poke|p1|Dragonite, F|
|poke|p1|Samurott-Hisui, F|
|poke|p1|Gholdengo|
|poke|p1|Pecharunt|
|poke|p1|Walking Wake|
|poke|p1|Ting-Lu|
|poke|p2|Cinderace, M|
|poke|p2|Blaziken, F|
|poke|p2|Ogerpon-Wellspring, F|
|poke|p2|Lokix, F|
|poke|p2|Iron Treads|
|poke|p2|Dragapult, F|
|teampreview
|inactive|Battle timer is ON: inactive players will automatically lose when time's up. (requested by purple pastels)
|
|t:|1779855000
|teamsize|p1|6
|teamsize|p2|6
|start
|switch|p1a: Samurott|Samurott-Hisui, F|100/100
|switch|p2a: rio vidal|Lokix, F|100/100
|turn|1
|
|t:|1779855010
|switch|p1a: Pecharunt|Pecharunt|100/100
|move|p2a: rio vidal|Swords Dance|p2a: rio vidal
|-boost|p2a: rio vidal|atk|2
|
|upkeep
|turn|2
|
|t:|1779855020
|move|p2a: rio vidal|Swords Dance|p2a: rio vidal
|-boost|p2a: rio vidal|atk|2
|move|p1a: Pecharunt|Malignant Chain|p2a: rio vidal
|-damage|p2a: rio vidal|36/100
|-status|p2a: rio vidal|tox
|-start|p2a: rio vidal|confusion|[from] ability: Poison Puppeteer|[of] p1a: Pecharunt
|
|-damage|p2a: rio vidal|30/100 tox|[from] psn
|upkeep
|turn|3
|
|t:|1779855029
|switch|p1a: Samurott|Samurott-Hisui, F|100/100
|-activate|p2a: rio vidal|confusion
|move|p2a: rio vidal|Sucker Punch||[still]
|-fail|p2a: rio vidal
|
|-damage|p2a: rio vidal|18/100 tox|[from] psn
|upkeep
|turn|4
|
|t:|1779855036
|move|p1a: Samurott|Sucker Punch|p2a: rio vidal
|-resisted|p2a: rio vidal
|-damage|p2a: rio vidal|0 fnt
|faint|p2a: rio vidal
|
|upkeep
|
|t:|1779855044
|switch|p2a: sambucky yuri|Ogerpon-Wellspring, F|100/100
|turn|5
|
|t:|1779855050
|switch|p1a: Pecharunt|Pecharunt|100/100
|move|p2a: sambucky yuri|Trailblaze|p1a: Pecharunt
|-resisted|p1a: Pecharunt
|-damage|p1a: Pecharunt|91/100
|-boost|p2a: sambucky yuri|spe|1
|
|upkeep
|turn|6
|
|t:|1779855052
|switch|p2a: Kori Treads|Iron Treads|100/100
|-enditem|p2a: Kori Treads|Booster Energy
|-activate|p2a: Kori Treads|ability: Quark Drive|[fromitem]
|-start|p2a: Kori Treads|quarkdrivespe
|move|p1a: Pecharunt|Malignant Chain|p2a: Kori Treads
|-immune|p2a: Kori Treads
|
|upkeep
|turn|7
|
|t:|1779855061
|switch|p1a: Ting-Lu|Ting-Lu|100/100
|-ability|p1a: Ting-Lu|Vessel of Ruin
|move|p2a: Kori Treads|Earth Power|p1a: Ting-Lu
|-damage|p1a: Ting-Lu|88/100
|-unboost|p1a: Ting-Lu|spd|1
|
|-heal|p1a: Ting-Lu|94/100|[from] item: Leftovers
|upkeep
|turn|8
|
|t:|1779855069
|-end|p2a: Kori Treads|Quark Drive|[silent]
|switch|p2a: sambucky yuri|Ogerpon-Wellspring, F|100/100
|move|p1a: Ting-Lu|Stealth Rock|p2a: sambucky yuri
|-sidestart|p2: purple pastels|move: Stealth Rock
|
|-heal|p1a: Ting-Lu|100/100|[from] item: Leftovers
|upkeep
|turn|9
|
|t:|1779855073
|switch|p1a: Pecharunt|Pecharunt|91/100
|move|p2a: sambucky yuri|Ivy Cudgel|p1a: Pecharunt|[anim] Ivy Cudgel Water
|-damage|p1a: Pecharunt|56/100
|
|upkeep
|turn|10
|
|t:|1779855079
|move|p2a: sambucky yuri|Ivy Cudgel|p1a: Pecharunt|[anim] Ivy Cudgel Water
|-damage|p1a: Pecharunt|20/100
|move|p1a: Pecharunt|Recover|p1a: Pecharunt
|-heal|p1a: Pecharunt|70/100
|
|upkeep
|turn|11
|
|t:|1779855088
|-terastallize|p2a: sambucky yuri|Water
|detailschange|p2a: sambucky yuri|Ogerpon-Wellspring-Tera, F, tera:Water
|-ability|p2a: sambucky yuri|Embody Aspect (Wellspring)|boost
|-boost|p2a: sambucky yuri|spd|1
|move|p2a: sambucky yuri|Ivy Cudgel|p1a: Pecharunt|[anim] Ivy Cudgel Water
|-damage|p1a: Pecharunt|23/100
|move|p1a: Pecharunt|Malignant Chain|p2a: sambucky yuri
|-damage|p2a: sambucky yuri|74/100
|
|upkeep
|turn|12
|
|t:|1779855093
|switch|p1a: Walking Wake|Walking Wake|100/100
|move|p2a: sambucky yuri|Ivy Cudgel|p1a: Walking Wake|[anim] Ivy Cudgel Water
|-resisted|p1a: Walking Wake
|-damage|p1a: Walking Wake|79/100
|
|upkeep
|turn|13
|
|t:|1779855096
|move|p2a: sambucky yuri|Play Rough|p1a: Walking Wake
|-supereffective|p1a: Walking Wake
|-damage|p1a: Walking Wake|0 fnt
|faint|p1a: Walking Wake
|-end|p1a: Walking Wake|Protosynthesis|[silent]
|
|upkeep
|
|t:|1779855109
|switch|p1a: Dragonite|Dragonite, F|100/100
|turn|14
|
|t:|1779855113
|move|p1a: Dragonite|Extreme Speed|p2a: sambucky yuri
|-damage|p2a: sambucky yuri|37/100
|move|p2a: sambucky yuri|Play Rough|p1a: Dragonite
|-supereffective|p1a: Dragonite
|-damage|p1a: Dragonite|68/100
|-unboost|p1a: Dragonite|atk|1
|
|upkeep
|turn|15
|
|t:|1779855121
|switch|p2a: Kori Treads|Iron Treads|100/100
|-damage|p2a: Kori Treads|97/100|[from] Stealth Rock
|move|p1a: Dragonite|Extreme Speed|p2a: Kori Treads
|-resisted|p2a: Kori Treads
|-damage|p2a: Kori Treads|88/100
|
|upkeep
|turn|16
|
|t:|1779855128
|switch|p1a: Samurott|Samurott-Hisui, F|100/100
|move|p2a: Kori Treads|Steel Beam|p1a: Samurott
|-resisted|p1a: Samurott
|-damage|p1a: Samurott|86/100
|-damage|p2a: Kori Treads|38/100|[from] steelbeam
|
|upkeep
|turn|17
|
|t:|1779855134
|move|p2a: Kori Treads|Earth Power|p1a: Samurott
|-damage|p1a: Samurott|64/100
|-unboost|p1a: Samurott|spd|1
|move|p1a: Samurott|Ceaseless Edge|p2a: Kori Treads
|-damage|p2a: Kori Treads|3/100
|-sidestart|p2: purple pastels|Spikes
|
|upkeep
|turn|18
|
|t:|1779855143
|move|p1a: Samurott|Sucker Punch|p2a: Kori Treads
|-damage|p2a: Kori Treads|0 fnt
|faint|p2a: Kori Treads
|-end|p2a: Kori Treads|Quark Drive|[silent]
|
|upkeep
|
|t:|1779855152
|switch|p2a: discord addamz|Cinderace, M|100/100
|-damage|p2a: discord addamz|76/100|[from] Stealth Rock
|-damage|p2a: discord addamz|63/100|[from] Spikes
|turn|19
|
|t:|1779855156
|move|p2a: discord addamz|Court Change|p2a: discord addamz
|-swapsideconditions
|-activate|p2a: discord addamz|move: Court Change
|move|p1a: Samurott|Ceaseless Edge|p2a: discord addamz
|-damage|p2a: discord addamz|4/100
|-sidestart|p2: purple pastels|Spikes
|
|upkeep
|turn|20
|
|t:|1779855162
|move|p2a: discord addamz|Flare Blitz|p1a: Samurott
|-resisted|p1a: Samurott
|-damage|p1a: Samurott|0 fnt
|faint|p1a: Samurott
|-damage|p2a: discord addamz|0 fnt|[from] Recoil
|faint|p2a: discord addamz
|
|upkeep
|
|t:|1779855173
|switch|p2a: a DRAG QUEEN??|Dragapult, F|100/100
|switch|p1a: Gholdengo|Gholdengo|100/100
|-damage|p1a: Gholdengo|94/100|[from] Stealth Rock
|-damage|p1a: Gholdengo|82/100|[from] Spikes
|-damage|p2a: a DRAG QUEEN??|88/100|[from] Spikes
|turn|21
|
|t:|1779855176
|move|p1a: Gholdengo|Shadow Ball|p2a: a DRAG QUEEN??
|-supereffective|p2a: a DRAG QUEEN??
|-damage|p2a: a DRAG QUEEN??|0 fnt
|faint|p2a: a DRAG QUEEN??
|
|upkeep
|
|t:|1779855179
|switch|p2a: sambucky yuri|Ogerpon-Wellspring-Tera, F, tera:Water|37/100
|-damage|p2a: sambucky yuri|24/100|[from] Spikes
|-ability|p2a: sambucky yuri|Embody Aspect (Wellspring)|boost
|-boost|p2a: sambucky yuri|spd|1
|turn|22
|
|t:|1779855185
|move|p1a: Gholdengo|Shadow Ball|p2a: sambucky yuri
|-damage|p2a: sambucky yuri|0 fnt
|faint|p2a: sambucky yuri
|detailschange|p2: sambucky yuri|Ogerpon-Wellspring, F|[silent]
|
|upkeep
|
|t:|1779855187
|switch|p2a: bird|Blaziken, F|100/100
|-item|p2a: bird|Air Balloon
|turn|23
|
|t:|1779855194
|move|p1a: Gholdengo|Shadow Ball|p2a: bird
|-damage|p2a: bird|34/100
|-enditem|p2a: bird|Air Balloon
|move|p2a: bird|Earthquake|p1a: Gholdengo
|-supereffective|p1a: Gholdengo
|-damage|p1a: Gholdengo|0 fnt
|faint|p1a: Gholdengo
|
|-ability|p2a: bird|Speed Boost|boost
|-boost|p2a: bird|spe|1
|upkeep
|
|t:|1779855202
|switch|p1a: Dragonite|Dragonite, F|68/100
|turn|24
|
|t:|1779855206
|move|p1a: Dragonite|Extreme Speed|p2a: bird
|-damage|p2a: bird|0 fnt
|faint|p2a: bird
|
|win|Dubyaz13
|raw|Dubyaz13's rating: 1474 &rarr; <strong>1496</strong><br />(+22 for winning)
|raw|purple pastels's rating: 1507 &rarr; <strong>1485</strong><br />(-22 for losing)
|l|☆purple pastels
|player|p2|
|l|☆Dubyaz13
|player|p1|
