|j|☆Ellunae
|j|☆claudechamp
|t:|1779884700
|gametype|singles
|player|p1|Ellunae|cynthia|1299
|player|p2|claudechamp|169|1330
|gen|9
|tier|[Gen 9] OU
|rated|
|rule|HP Percentage Mod: HP is shown in percentages
|rule|Endless Battle Clause: Forcing endless battles is banned
|rule|Species Clause: Limit one of each Pokémon
|rule|OHKO Clause: OHKO moves are banned
|rule|Evasion Items Clause: Evasion items are banned
|rule|Evasion Moves Clause: Evasion moves are banned
|rule|Evasion Abilities Clause: Evasion abilities are banned
|rule|Sleep Moves Clause: Sleep-inducing moves are banned
|clearpoke
|poke|p1|Smeargle, F|
|poke|p1|Great Tusk|
|poke|p1|Raging Bolt|
|poke|p1|Gholdengo|
|poke|p1|Enamorus, F|
|poke|p1|Kingambit, F|
|poke|p2|Gliscor, F|
|poke|p2|Gholdengo|
|poke|p2|Zamazenta-*|
|poke|p2|Blissey, F|
|poke|p2|Skarmory, M|
|poke|p2|Pecharunt|
|teampreview
|inactive|Battle timer is ON: inactive players will automatically lose when time's up. (requested by Ellunae)
|c|☆claudechamp|hf
|
|t:|1779884703
|teamsize|p1|6
|teamsize|p2|6
|start
|switch|p1a: Smeargle|Smeargle, F|100/100
|switch|p2a: Skarmory|Skarmory, M|100/100
|turn|1
|inactive|claudechamp also wants the timer to be on.
|j| peeekapeee
|l| peeekapeee
|
|t:|1779884710
|move|p1a: Smeargle|Jaw Lock|p2a: Skarmory
|-damage|p2a: Skarmory|94/100
|-activate|p1a: Smeargle|trapped
|-activate|p2a: Skarmory|trapped
|move|p2a: Skarmory|Spikes|p1a: Smeargle
|-sidestart|p1: Ellunae|Spikes
|
|upkeep
|turn|2
|
|t:|1779884717
|move|p1a: Smeargle|Encore|p2a: Skarmory
|-start|p2a: Skarmory|Encore
|move|p2a: Skarmory|Spikes|p1a: Smeargle
|-sidestart|p1: Ellunae|Spikes
|
|upkeep
|turn|3
|
|t:|1779884725
|move|p1a: Smeargle|No Retreat|p1a: Smeargle
|-boost|p1a: Smeargle|atk|1
|-boost|p1a: Smeargle|def|1
|-boost|p1a: Smeargle|spa|1
|-boost|p1a: Smeargle|spd|1
|-boost|p1a: Smeargle|spe|1
|move|p2a: Skarmory|Spikes|p1a: Smeargle
|-sidestart|p1: Ellunae|Spikes
|
|upkeep
|turn|4
|
|t:|1779884730
|move|p1a: Smeargle|No Retreat|p1a: Smeargle
|-boost|p1a: Smeargle|atk|1
|-boost|p1a: Smeargle|def|1
|-boost|p1a: Smeargle|spa|1
|-boost|p1a: Smeargle|spd|1
|-boost|p1a: Smeargle|spe|1
|move|p2a: Skarmory|Spikes||[still]
|-fail|p2a: Skarmory
|
|-end|p2a: Skarmory|Encore
|upkeep
|turn|5
|
|t:|1779884735
|move|p1a: Smeargle|Encore|p2a: Skarmory
|-start|p2a: Skarmory|Encore
|move|p2a: Skarmory|Spikes||[still]
|-fail|p2a: Skarmory
|
|upkeep
|turn|6
|
|t:|1779884741
|move|p1a: Smeargle|No Retreat|p1a: Smeargle
|-boost|p1a: Smeargle|atk|1
|-boost|p1a: Smeargle|def|1
|-boost|p1a: Smeargle|spa|1
|-boost|p1a: Smeargle|spd|1
|-boost|p1a: Smeargle|spe|1
|move|p2a: Skarmory|Spikes||[still]
|-fail|p2a: Skarmory
|
|upkeep
|turn|7
|
|t:|1779884744
|move|p1a: Smeargle|No Retreat|p1a: Smeargle
|-boost|p1a: Smeargle|atk|1
|-boost|p1a: Smeargle|def|1
|-boost|p1a: Smeargle|spa|1
|-boost|p1a: Smeargle|spd|1
|-boost|p1a: Smeargle|spe|1
|move|p2a: Skarmory|Spikes||[still]
|-fail|p2a: Skarmory
|
|-end|p2a: Skarmory|Encore
|upkeep
|turn|8
|
|t:|1779884749
|move|p1a: Smeargle|Encore|p2a: Skarmory
|-start|p2a: Skarmory|Encore
|move|p2a: Skarmory|Spikes||[still]
|-fail|p2a: Skarmory
|
|upkeep
|turn|9
|
|t:|1779884755
|move|p1a: Smeargle|No Retreat|p1a: Smeargle
|-boost|p1a: Smeargle|atk|1
|-boost|p1a: Smeargle|def|1
|-boost|p1a: Smeargle|spa|1
|-boost|p1a: Smeargle|spd|1
|-boost|p1a: Smeargle|spe|1
|move|p2a: Skarmory|Spikes||[still]
|-fail|p2a: Skarmory
|
|upkeep
|turn|10
|
|t:|1779884760
|move|p1a: Smeargle|No Retreat|p1a: Smeargle
|-boost|p1a: Smeargle|atk|1
|-boost|p1a: Smeargle|def|1
|-boost|p1a: Smeargle|spa|1
|-boost|p1a: Smeargle|spd|1
|-boost|p1a: Smeargle|spe|1
|move|p2a: Skarmory|Spikes||[still]
|-fail|p2a: Skarmory
|
|-end|p2a: Skarmory|Encore
|upkeep
|turn|11
|
|t:|1779884763
|-terastallize|p1a: Smeargle|Dark
|move|p1a: Smeargle|Power Trip|p2a: Skarmory
|-damage|p2a: Skarmory|0 fnt
|faint|p2a: Skarmory
|
|upkeep
|
|t:|1779884768
|switch|p2a: Zamazenta|Zamazenta|100/100
|-ability|p2a: Zamazenta|Dauntless Shield|boost
|-boost|p2a: Zamazenta|def|1
|turn|12
|
|t:|1779884770
|move|p1a: Smeargle|Power Trip|p2a: Zamazenta
|-resisted|p2a: Zamazenta
|-damage|p2a: Zamazenta|0 fnt
|faint|p2a: Zamazenta
|
|upkeep
|
|t:|1779884773
|switch|p2a: Pecharunt|Pecharunt|100/100
|turn|13
|
|t:|1779884775
|move|p1a: Smeargle|Power Trip|p2a: Pecharunt
|-supereffective|p2a: Pecharunt
|-damage|p2a: Pecharunt|0 fnt
|faint|p2a: Pecharunt
|
|upkeep
|
|t:|1779884783
|switch|p2a: Gholdengo|Gholdengo|100/100
|turn|14
|
|t:|1779884790
|-terastallize|p2a: Gholdengo|Fairy
|move|p1a: Smeargle|Power Trip|p2a: Gholdengo
|-resisted|p2a: Gholdengo
|-damage|p2a: Gholdengo|0 fnt
|faint|p2a: Gholdengo
|
|upkeep
|
|t:|1779884795
|switch|p2a: Gliscor|Gliscor, F|100/100
|turn|15
|
|t:|1779884801
|move|p1a: Smeargle|Power Trip|p2a: Gliscor
|-damage|p2a: Gliscor|0 fnt
|faint|p2a: Gliscor
|
|upkeep
|
|t:|1779884805
|switch|p2a: Blissey|Blissey, F|100/100
|turn|16
|
|t:|1779884808
|move|p1a: Smeargle|Power Trip|p2a: Blissey
|-damage|p2a: Blissey|0 fnt
|faint|p2a: Blissey
|
|win|Ellunae
|raw|Ellunae's rating: 1299 &rarr; <strong>1326</strong><br />(+27 for winning)
|raw|claudechamp's rating: 1330 &rarr; <strong>1308</strong><br />(-22 for losing)
|c|☆claudechamp|gg
|l|☆Ellunae
|player|p1|
