|j|☆WereDyxz
|j|☆gardevoirandvapo
|t:|1779906551
|gametype|singles
|player|p1|WereDyxz|steven|1183
|player|p2|gardevoirandvapo|170|1224
|gen|9
|tier|[Gen 9] OU
|rated|
|rule|HP Percentage Mod: HP is shown in percentages
|rule|Endless Battle Clause: Forcing endless battles is banned
|rule|Species Clause: Limit one of each Pokémon
|rule|OHKO Clause: OHKO moves are banned
|rule|Evasion Items Clause: Evasion items are banned
|rule|Evasion Moves Clause: Evasion moves are banned
|rule|Evasion Abilities Clause: Evasion abilities are banned
|rule|Sleep Moves Clause: Sleep-inducing moves are banned
|clearpoke
|poke|p1|Kingambit, M|
|poke|p1|Kommo-o, M|
|poke|p1|Iron Valiant|
|poke|p1|Kyurem|
|poke|p1|Iron Treads|
|poke|p1|Iron Crown|
|poke|p2|Tinkaton, F|
|poke|p2|Smeargle, M|
|poke|p2|Mismagius, M|
|poke|p2|Fezandipiti, M|
|poke|p2|Sandaconda, F|
|poke|p2|Darkrai|
|teampreview
|inactive|Battle timer is ON: inactive players will automatically lose when time's up. (requested by WereDyxz)
|
|t:|1779906561
|teamsize|p1|6
|teamsize|p2|6
|start
|switch|p1a: Iron Treads|Iron Treads|100/100
|switch|p2a: Smeargle|Smeargle, M|100/100
|-enditem|p1a: Iron Treads|Booster Energy
|-activate|p1a: Iron Treads|ability: Quark Drive|[fromitem]
|-start|p1a: Iron Treads|quarkdrivespe
|turn|1
|
|t:|1779906568
|move|p1a: Iron Treads|Stealth Rock|p2a: Smeargle
|-sidestart|p2: gardevoirandvapo|move: Stealth Rock
|move|p2a: Smeargle|Toxic Spikes|p1a: Iron Treads
|-sidestart|p1: WereDyxz|move: Toxic Spikes
|
|upkeep
|turn|2
|
|t:|1779906574
|move|p2a: Smeargle|Burning Bulwark|p2a: Smeargle
|-singleturn|p2a: Smeargle|move: Protect
|move|p1a: Iron Treads|Earthquake|p2a: Smeargle
|-activate|p2a: Smeargle|move: Protect
|
|upkeep
|turn|3
|inactive|gardevoirandvapo has 120 seconds left.
|
|t:|1779906619
|switch|p2a: Mismagius|Mismagius, M, shiny|100/100
|-damage|p2a: Mismagius|88/100|[from] Stealth Rock
|move|p1a: Iron Treads|Earthquake|p2a: Mismagius
|-immune|p2a: Mismagius|[from] ability: Levitate
|
|upkeep
|turn|4
|
|t:|1779906645
|-end|p1a: Iron Treads|Quark Drive|[silent]
|switch|p1a: Kommo-o|Kommo-o, M|100/100
|-status|p1a: Kommo-o|psn
|move|p2a: Mismagius|Mystical Fire|p1a: Kommo-o
|-resisted|p1a: Kommo-o
|-damage|p1a: Kommo-o|84/100 psn
|-unboost|p1a: Kommo-o|spa|1
|
|-heal|p1a: Kommo-o|90/100 psn|[from] item: Leftovers
|-damage|p1a: Kommo-o|78/100 psn|[from] psn
|upkeep
|turn|5
|
|t:|1779906656
|switch|p2a: Fezandipiti|Fezandipiti, M|100/100
|-damage|p2a: Fezandipiti|88/100|[from] Stealth Rock
|move|p1a: Kommo-o|Shadow Claw|p2a: Fezandipiti
|-damage|p2a: Fezandipiti|70/100
|
|-heal|p1a: Kommo-o|84/100 psn|[from] item: Leftovers
|-damage|p1a: Kommo-o|72/100 psn|[from] psn
|upkeep
|turn|6
|inactive|WereDyxz has 120 seconds left.
|
|t:|1779906673
|switch|p1a: Iron Treads|Iron Treads|100/100
|move|p2a: Fezandipiti|Nasty Plot|p2a: Fezandipiti
|-boost|p2a: Fezandipiti|spa|2
|
|upkeep
|turn|7
|
|t:|1779906688
|switch|p2a: Mismagius|Mismagius, M, shiny|88/100
|-damage|p2a: Mismagius|76/100|[from] Stealth Rock
|move|p1a: Iron Treads|Earthquake|p2a: Mismagius
|-immune|p2a: Mismagius|[from] ability: Levitate
|
|upkeep
|turn|8
|
|t:|1779906695
|-end|p1a: Iron Treads|Quark Drive|[silent]
|switch|p1a: Kommo-o|Kommo-o, M|72/100 psn
|move|p2a: Mismagius|Hex|p1a: Kommo-o
|-damage|p1a: Kommo-o|0 fnt
|faint|p1a: Kommo-o
|
|upkeep
|
|t:|1779906709
|switch|p1a: Iron Crown|Iron Crown|100/100
|-enditem|p1a: Iron Crown|Booster Energy
|-activate|p1a: Iron Crown|ability: Quark Drive|[fromitem]
|-start|p1a: Iron Crown|quarkdrivespe
|turn|9
|
|t:|1779906733
|-terastallize|p2a: Mismagius|Ghost
|move|p1a: Iron Crown|Calm Mind|p1a: Iron Crown
|-boost|p1a: Iron Crown|spa|1
|-boost|p1a: Iron Crown|spd|1
|move|p2a: Mismagius|Hex|p1a: Iron Crown
|-supereffective|p1a: Iron Crown
|-damage|p1a: Iron Crown|28/100
|
|upkeep
|turn|10
|
|t:|1779906741
|move|p1a: Iron Crown|Psychic Noise|p2a: Mismagius
|-damage|p2a: Mismagius|15/100
|-start|p2a: Mismagius|move: Heal Block
|move|p2a: Mismagius|Hex|p1a: Iron Crown
|-supereffective|p1a: Iron Crown
|-damage|p1a: Iron Crown|0 fnt
|faint|p1a: Iron Crown
|-end|p1a: Iron Crown|Quark Drive|[silent]
|
|upkeep
|inactive|WereDyxz has 120 seconds left.
|
|t:|1779906761
|switch|p1a: Kingambit|Kingambit, M|100/100
|-activate|p1a: Kingambit|ability: Supreme Overlord
|-start|p1a: Kingambit|fallen2|[silent]
|turn|11
|inactive|WereDyxz has 120 seconds left.
|inactive|gardevoirandvapo has 90 seconds left.
|
|t:|1779906799
|switch|p2a: Darkrai|Darkrai, shiny|100/100
|-damage|p2a: Darkrai|88/100|[from] Stealth Rock
|-terastallize|p1a: Kingambit|Ghost
|move|p1a: Kingambit|Sucker Punch||[still]
|-fail|p1a: Kingambit
|
|upkeep
|turn|12
|inactive|gardevoirandvapo has 90 seconds left.
|
|t:|1779906811
|move|p2a: Darkrai|Dark Pulse|p1a: Kingambit
|-supereffective|p1a: Kingambit
|-damage|p1a: Kingambit|0 fnt
|faint|p1a: Kingambit
|-end|p1a: Kingambit|fallen2|[silent]
|
|upkeep
|
|t:|1779906824
|switch|p1a: Iron Treads|Iron Treads|100/100
|turn|13
|
|t:|1779906829
|move|p2a: Darkrai|Dark Pulse|p1a: Iron Treads
|-damage|p1a: Iron Treads|22/100
|move|p1a: Iron Treads|Earthquake|p2a: Darkrai
|-damage|p2a: Darkrai|36/100
|
|upkeep
|turn|14
|
|t:|1779906836
|move|p2a: Darkrai|Dark Pulse|p1a: Iron Treads
|-damage|p1a: Iron Treads|0 fnt
|faint|p1a: Iron Treads
|-end|p1a: Iron Treads|Quark Drive|[silent]
|
|upkeep
|
|t:|1779906841
|switch|p1a: Iron Valiant|Iron Valiant|100/100
|-status|p1a: Iron Valiant|psn
|-enditem|p1a: Iron Valiant|Booster Energy
|-activate|p1a: Iron Valiant|ability: Quark Drive|[fromitem]
|-start|p1a: Iron Valiant|quarkdrivespe
|turn|15
|inactive|gardevoirandvapo has 120 seconds left.
|
|t:|1779906866
|move|p1a: Iron Valiant|Moonblast|p2a: Darkrai
|-supereffective|p2a: Darkrai
|-damage|p2a: Darkrai|0 fnt
|faint|p2a: Darkrai
|
|-damage|p1a: Iron Valiant|88/100 psn|[from] psn
|upkeep
|
|t:|1779906870
|switch|p2a: Tinkaton|Tinkaton, F|100/100
|-damage|p2a: Tinkaton|94/100|[from] Stealth Rock
|-ability|p2a: Tinkaton|Mold Breaker
|turn|16
|
|t:|1779906879
|move|p1a: Iron Valiant|Focus Blast|p2a: Tinkaton
|-damage|p2a: Tinkaton|47/100
|move|p2a: Tinkaton|Gigaton Hammer|p1a: Iron Valiant
|-supereffective|p1a: Iron Valiant
|-damage|p1a: Iron Valiant|0 fnt
|faint|p1a: Iron Valiant
|-end|p1a: Iron Valiant|Quark Drive|[silent]
|
|-heal|p2a: Tinkaton|53/100|[from] item: Leftovers
|upkeep
|
|t:|1779906890
|switch|p1a: Kyurem|Kyurem|100/100
|-status|p1a: Kyurem|psn
|-ability|p1a: Kyurem|Pressure
|turn|17
|
|t:|1779906899
|move|p1a: Kyurem|Earth Power|p2a: Tinkaton
|-supereffective|p2a: Tinkaton
|-damage|p2a: Tinkaton|6/100
|move|p2a: Tinkaton|Encore|p1a: Kyurem
|-start|p1a: Kyurem|Encore
|
|-heal|p2a: Tinkaton|12/100|[from] item: Leftovers
|-damage|p1a: Kyurem|88/100 psn|[from] psn
|upkeep
|turn|18
|
|t:|1779906915
|move|p1a: Kyurem|Earth Power|p2a: Tinkaton
|-supereffective|p2a: Tinkaton
|-damage|p2a: Tinkaton|0 fnt
|faint|p2a: Tinkaton
|
|-damage|p1a: Kyurem|76/100 psn|[from] psn
|upkeep
|
|t:|1779906933
|switch|p2a: Mismagius|Mismagius, M, shiny, tera:Ghost|15/100
|-damage|p2a: Mismagius|3/100|[from] Stealth Rock
|turn|19
|inactive|WereDyxz has 120 seconds left.
|c|☆gardevoirandvapo|gg
|
|t:|1779906964
|move|p2a: Mismagius|Hex|p1a: Kyurem
|-damage|p1a: Kyurem|0 fnt
|faint|p1a: Kyurem
|
|win|gardevoirandvapo
|raw|WereDyxz's rating: 1183 &rarr; <strong>1161</strong><br />(-22 for losing)
|raw|gardevoirandvapo's rating: 1224 &rarr; <strong>1246</strong><br />(+22 for winning)
|c|☆gardevoirandvapo|Gg
|c|☆WereDyxz|gg
|l|☆WereDyxz
|player|p1|
