|j|☆Graetey
|j|☆55tyhg4
|t:|1779895353
|gametype|singles
|player|p1|Graetey|169|1116
|player|p2|55tyhg4|170|1148
|gen|9
|tier|[Gen 9] OU
|rated|
|rule|HP Percentage Mod: HP is shown in percentages
|rule|Endless Battle Clause: Forcing endless battles is banned
|rule|Species Clause: Limit one of each Pokémon
|rule|OHKO Clause: OHKO moves are banned
|rule|Evasion Items Clause: Evasion items are banned
|rule|Evasion Moves Clause: Evasion moves are banned
|rule|Evasion Abilities Clause: Evasion abilities are banned
|rule|Sleep Moves Clause: Sleep-inducing moves are banned
|clearpoke
|poke|p1|Ampharos, M|
|poke|p1|Weezing-Galar, M|
|poke|p1|Gyarados, F|
|poke|p1|Excadrill, F|
|poke|p1|Lokix, F|
|poke|p1|Leavanny, M|
|poke|p2|Ditto|
|poke|p2|Clefable, F|
|poke|p2|Toxapex, M|
|poke|p2|Garganacl, F|
|poke|p2|Mew|
|poke|p2|Rotom-Wash|
|teampreview
|inactive|Battle timer is ON: inactive players will automatically lose when time's up. (requested by Graetey)
|
|t:|1779895370
|teamsize|p1|6
|teamsize|p2|6
|start
|switch|p1a: Excadrill|Excadrill, F|100/100
|switch|p2a: Rotom|Rotom-Wash|100/100
|-ability|p1a: Excadrill|Mold Breaker
|turn|1
|
|t:|1779895375
|switch|p1a: Leavanny|Leavanny, M|100/100
|move|p2a: Rotom|Will-O-Wisp|p1a: Leavanny|[miss]
|-miss|p2a: Rotom|p1a: Leavanny
|
|upkeep
|turn|2
|
|t:|1779895379
|move|p2a: Rotom|Will-O-Wisp|p1a: Leavanny
|-status|p1a: Leavanny|brn
|move|p1a: Leavanny|Sticky Web|p2a: Rotom
|-sidestart|p2: 55tyhg4|move: Sticky Web
|
|-damage|p1a: Leavanny|94/100 brn|[from] brn
|upkeep
|turn|3
|
|t:|1779895386
|switch|p2a: Mew|Mew|100/100
|-activate|p2a: Mew|move: Sticky Web
|-unboost|p2a: Mew|spe|1
|move|p1a: Leavanny|Seed Bomb|p2a: Mew
|-damage|p2a: Mew|87/100
|
|-damage|p1a: Leavanny|88/100 brn|[from] brn
|upkeep
|turn|4
|
|t:|1779895393
|move|p1a: Leavanny|Lunge|p2a: Mew
|-supereffective|p2a: Mew
|-damage|p2a: Mew|60/100
|-unboost|p2a: Mew|atk|1
|move|p2a: Mew|Stealth Rock|p1a: Leavanny
|-sidestart|p1: Graetey|move: Stealth Rock
|
|-damage|p1a: Leavanny|82/100 brn|[from] brn
|upkeep
|turn|5
|
|t:|1779895399
|switch|p2a: Toxapex|Toxapex, M|100/100
|-activate|p2a: Toxapex|move: Sticky Web
|-unboost|p2a: Toxapex|spe|1
|move|p1a: Leavanny|Lunge|p2a: Toxapex
|-resisted|p2a: Toxapex
|-damage|p2a: Toxapex|95/100
|-unboost|p2a: Toxapex|atk|1
|
|-heal|p2a: Toxapex|100/100|[from] item: Black Sludge
|-damage|p1a: Leavanny|76/100 brn|[from] brn
|upkeep
|turn|6
|
|t:|1779895405
|switch|p1a: Excadrill|Excadrill, F|100/100
|-damage|p1a: Excadrill|97/100|[from] Stealth Rock
|-ability|p1a: Excadrill|Mold Breaker
|move|p2a: Toxapex|Liquidation|p1a: Excadrill
|-supereffective|p1a: Excadrill
|-damage|p1a: Excadrill|61/100
|-damage|p2a: Toxapex|84/100|[from] item: Rocky Helmet|[of] p1a: Excadrill
|
|-heal|p2a: Toxapex|90/100|[from] item: Black Sludge
|upkeep
|turn|7
|
|t:|1779895410
|move|p1a: Excadrill|Earthquake|p2a: Toxapex
|-supereffective|p2a: Toxapex
|-damage|p2a: Toxapex|29/100
|move|p2a: Toxapex|Liquidation|p1a: Excadrill
|-supereffective|p1a: Excadrill
|-damage|p1a: Excadrill|22/100
|-damage|p2a: Toxapex|13/100|[from] item: Rocky Helmet|[of] p1a: Excadrill
|
|-heal|p2a: Toxapex|19/100|[from] item: Black Sludge
|upkeep
|turn|8
|
|t:|1779895414
|switch|p2a: Mew|Mew|60/100
|-activate|p2a: Mew|move: Sticky Web
|-unboost|p2a: Mew|spe|1
|move|p1a: Excadrill|Earthquake|p2a: Mew
|-damage|p2a: Mew|22/100
|
|upkeep
|turn|9
|
|t:|1779895416
|move|p1a: Excadrill|Iron Head|p2a: Mew
|-damage|p2a: Mew|0 fnt
|faint|p2a: Mew
|
|upkeep
|
|t:|1779895421
|switch|p2a: Ditto|Ditto|100/100
|-activate|p2a: Ditto|move: Sticky Web
|-unboost|p2a: Ditto|spe|1
|-transform|p2a: Ditto|p1a: Excadrill|[from] ability: Imposter
|-ability|p2a: Ditto|Mold Breaker
|turn|10
|
|t:|1779895425
|move|p2a: Ditto|Earthquake|p1a: Excadrill
|-supereffective|p1a: Excadrill
|-damage|p1a: Excadrill|0 fnt
|faint|p1a: Excadrill
|
|upkeep
|
|t:|1779895428
|switch|p1a: Gyarados|Gyarados, F|100/100
|-damage|p1a: Gyarados|76/100|[from] Stealth Rock
|turn|11
|
|t:|1779895431
|switch|p2a: Rotom|Rotom-Wash|100/100
|move|p1a: Gyarados|Crunch|p2a: Rotom
|-damage|p2a: Rotom|71/100
|
|upkeep
|turn|12
|
|t:|1779895436
|move|p2a: Rotom|Volt Switch|p1a: Gyarados
|-supereffective|p1a: Gyarados
|-crit|p1a: Gyarados
|-damage|p1a: Gyarados|0 fnt
|faint|p1a: Gyarados
|
|t:|1779895438
|switch|p2a: Toxapex|Toxapex, M|52/100|[from] Volt Switch
|-activate|p2a: Toxapex|move: Sticky Web
|-unboost|p2a: Toxapex|spe|1
|
|-heal|p2a: Toxapex|58/100|[from] item: Black Sludge
|upkeep
|
|t:|1779895449
|switch|p1a: Ampharos|Ampharos, M|100/100
|-damage|p1a: Ampharos|88/100|[from] Stealth Rock
|turn|13
|
|t:|1779895452
|switch|p2a: Rotom|Rotom-Wash|71/100
|move|p1a: Ampharos|Meteor Beam||[still]
|-prepare|p1a: Ampharos|Meteor Beam
|-boost|p1a: Ampharos|spa|1
|-enditem|p1a: Ampharos|Power Herb
|-anim|p1a: Ampharos|Meteor Beam|p2a: Rotom
|-damage|p2a: Rotom|28/100
|
|upkeep
|turn|14
|
|t:|1779895460
|move|p2a: Rotom|Hydro Pump|p1a: Ampharos
|-damage|p1a: Ampharos|52/100
|move|p1a: Ampharos|Thunderbolt|p2a: Rotom
|-damage|p2a: Rotom|0 fnt
|faint|p2a: Rotom
|
|upkeep
|
|t:|1779895466
|switch|p2a: Ditto|Ditto|100/100
|-activate|p2a: Ditto|move: Sticky Web
|-unboost|p2a: Ditto|spe|1
|-transform|p2a: Ditto|p1a: Ampharos|[from] ability: Imposter
|turn|15
|
|t:|1779895470
|move|p2a: Ditto|Focus Blast|p1a: Ampharos|[miss]
|-miss|p2a: Ditto|p1a: Ampharos
|move|p1a: Ampharos|Thunderbolt|p2a: Ditto
|-resisted|p2a: Ditto
|-damage|p2a: Ditto|59/100
|
|upkeep
|turn|16
|
|t:|1779895473
|move|p2a: Ditto|Focus Blast|p1a: Ampharos
|-damage|p1a: Ampharos|0 fnt
|faint|p1a: Ampharos
|
|upkeep
|
|t:|1779895478
|switch|p1a: Weezing|Weezing-Galar, M|100/100
|-damage|p1a: Weezing|88/100|[from] Stealth Rock
|turn|17
|
|t:|1779895486
|switch|p2a: Garganacl|Garganacl, F|100/100
|-activate|p2a: Garganacl|move: Sticky Web
|-unboost|p2a: Garganacl|spe|1
|move|p1a: Weezing|Toxic Spikes|p2a: Garganacl
|-sidestart|p2: 55tyhg4|move: Toxic Spikes
|
|-heal|p1a: Weezing|94/100|[from] item: Leftovers
|upkeep
|turn|18
|
|t:|1779895493
|move|p1a: Weezing|Strange Steam|p2a: Garganacl
|-damage|p2a: Garganacl|81/100
|-start|p2a: Garganacl|confusion
|-activate|p2a: Garganacl|confusion
|-damage|p2a: Garganacl|75/100|[from] confusion
|
|-heal|p1a: Weezing|99/100|[from] item: Leftovers
|-heal|p2a: Garganacl|81/100|[from] item: Leftovers
|upkeep
|turn|19
|
|t:|1779895497
|move|p1a: Weezing|Will-O-Wisp|p2a: Garganacl
|-immune|p2a: Garganacl|[from] ability: Purifying Salt
|-activate|p2a: Garganacl|confusion
|move|p2a: Garganacl|Curse|p2a: Garganacl
|-unboost|p2a: Garganacl|spe|1
|-boost|p2a: Garganacl|atk|1
|-boost|p2a: Garganacl|def|1
|
|-heal|p1a: Weezing|100/100|[from] item: Leftovers
|-heal|p2a: Garganacl|87/100|[from] item: Leftovers
|upkeep
|turn|20
|
|t:|1779895504
|move|p1a: Weezing|Clear Smog|p2a: Garganacl
|-resisted|p2a: Garganacl
|-damage|p2a: Garganacl|81/100
|-clearboost|p2a: Garganacl
|-end|p2a: Garganacl|confusion
|move|p2a: Garganacl|Salt Cure|p1a: Weezing
|-damage|p1a: Weezing|88/100
|-start|p1a: Weezing|Salt Cure
|
|-heal|p1a: Weezing|94/100|[from] item: Leftovers
|-heal|p2a: Garganacl|88/100|[from] item: Leftovers
|-damage|p1a: Weezing|82/100|[from] Salt Cure
|upkeep
|turn|21
|
|t:|1779895512
|switch|p2a: Ditto|Ditto|59/100
|-activate|p2a: Ditto|move: Sticky Web
|-unboost|p2a: Ditto|spe|1
|-status|p2a: Ditto|psn
|-transform|p2a: Ditto|p1a: Weezing|[from] ability: Imposter
|move|p1a: Weezing|Strange Steam|p2a: Ditto
|-resisted|p2a: Ditto
|-damage|p2a: Ditto|45/100 psn
|
|-heal|p1a: Weezing|88/100|[from] item: Leftovers
|-damage|p2a: Ditto|32/100 psn|[from] psn
|-damage|p1a: Weezing|75/100|[from] Salt Cure
|upkeep
|turn|22
|
|t:|1779895521
|move|p2a: Ditto|Toxic Spikes|p1a: Weezing
|-sidestart|p1: Graetey|move: Toxic Spikes
|move|p1a: Weezing|Strange Steam|p2a: Ditto
|-resisted|p2a: Ditto
|-damage|p2a: Ditto|17/100 psn
|
|-heal|p1a: Weezing|81/100|[from] item: Leftovers
|-damage|p2a: Ditto|5/100 psn|[from] psn
|-damage|p1a: Weezing|69/100|[from] Salt Cure
|upkeep
|turn|23
|
|t:|1779895525
|move|p2a: Ditto|Toxic Spikes|p1a: Weezing
|-sidestart|p1: Graetey|move: Toxic Spikes
|move|p1a: Weezing|Strange Steam|p2a: Ditto
|-resisted|p2a: Ditto
|-damage|p2a: Ditto|0 fnt
|faint|p2a: Ditto
|
|-heal|p1a: Weezing|75/100|[from] item: Leftovers
|-damage|p1a: Weezing|63/100|[from] Salt Cure
|upkeep
|
|t:|1779895534
|switch|p2a: Toxapex|Toxapex, M|92/100
|-activate|p2a: Toxapex|move: Sticky Web
|-unboost|p2a: Toxapex|spe|1
|-sideend|p2: 55tyhg4|move: Toxic Spikes|[of] p2a: Toxapex
|turn|24
|
|t:|1779895537
|move|p1a: Weezing|Will-O-Wisp|p2a: Toxapex
|-status|p2a: Toxapex|brn
|move|p2a: Toxapex|Liquidation|p1a: Weezing
|-damage|p1a: Weezing|54/100
|
|-heal|p1a: Weezing|60/100|[from] item: Leftovers
|-heal|p2a: Toxapex|98/100 brn|[from] item: Black Sludge
|-damage|p2a: Toxapex|92/100 brn|[from] brn
|-damage|p1a: Weezing|48/100|[from] Salt Cure
|upkeep
|turn|25
|
|t:|1779895541
|move|p1a: Weezing|Toxic Spikes|p2a: Toxapex
|-sidestart|p2: 55tyhg4|move: Toxic Spikes
|move|p2a: Toxapex|Liquidation|p1a: Weezing
|-damage|p1a: Weezing|39/100
|
|-heal|p1a: Weezing|45/100|[from] item: Leftovers
|-heal|p2a: Toxapex|98/100 brn|[from] item: Black Sludge
|-damage|p2a: Toxapex|92/100 brn|[from] brn
|-damage|p1a: Weezing|33/100|[from] Salt Cure
|upkeep
|turn|26
|
|t:|1779895545
|move|p1a: Weezing|Toxic Spikes|p2a: Toxapex
|-sidestart|p2: 55tyhg4|move: Toxic Spikes
|move|p2a: Toxapex|Liquidation|p1a: Weezing
|-damage|p1a: Weezing|24/100
|
|-heal|p1a: Weezing|30/100|[from] item: Leftovers
|-heal|p2a: Toxapex|98/100 brn|[from] item: Black Sludge
|-damage|p2a: Toxapex|92/100 brn|[from] brn
|-damage|p1a: Weezing|18/100|[from] Salt Cure
|upkeep
|turn|27
|
|t:|1779895547
|move|p1a: Weezing|Strange Steam|p2a: Toxapex
|-resisted|p2a: Toxapex
|-damage|p2a: Toxapex|81/100 brn
|move|p2a: Toxapex|Liquidation|p1a: Weezing
|-damage|p1a: Weezing|9/100
|
|-heal|p1a: Weezing|15/100|[from] item: Leftovers
|-heal|p2a: Toxapex|88/100 brn|[from] item: Black Sludge
|-damage|p2a: Toxapex|81/100 brn|[from] brn
|-damage|p1a: Weezing|3/100|[from] Salt Cure
|upkeep
|turn|28
|
|t:|1779895550
|move|p1a: Weezing|Strange Steam|p2a: Toxapex
|-resisted|p2a: Toxapex
|-damage|p2a: Toxapex|71/100 brn
|-start|p2a: Toxapex|confusion
|-activate|p2a: Toxapex|confusion
|move|p2a: Toxapex|Liquidation|p1a: Weezing
|-damage|p1a: Weezing|0 fnt
|faint|p1a: Weezing
|
|-heal|p2a: Toxapex|77/100 brn|[from] item: Black Sludge
|-damage|p2a: Toxapex|71/100 brn|[from] brn
|upkeep
|
|t:|1779895554
|switch|p1a: Lokix|Lokix, F|100/100
|turn|29
|
|t:|1779895577
|move|p1a: Lokix|First Impression|p2a: Toxapex
|-resisted|p2a: Toxapex
|-damage|p2a: Toxapex|46/100 brn
|-end|p2a: Toxapex|confusion
|move|p2a: Toxapex|Toxic|p1a: Lokix
|-status|p1a: Lokix|tox
|
|-heal|p2a: Toxapex|52/100 brn|[from] item: Black Sludge
|-damage|p1a: Lokix|94/100 tox|[from] psn
|-damage|p2a: Toxapex|46/100 brn|[from] brn
|upkeep
|turn|30
|
|t:|1779895584
|move|p1a: Lokix|Knock Off|p2a: Toxapex
|-damage|p2a: Toxapex|21/100 brn
|-enditem|p2a: Toxapex|Black Sludge|[from] move: Knock Off|[of] p1a: Lokix
|move|p2a: Toxapex|Recover|p2a: Toxapex
|-heal|p2a: Toxapex|71/100 brn
|
|-damage|p1a: Lokix|82/100 tox|[from] psn
|-damage|p2a: Toxapex|65/100 brn|[from] brn
|upkeep
|turn|31
|
|t:|1779895592
|move|p1a: Lokix|U-turn|p2a: Toxapex
|-resisted|p2a: Toxapex
|-damage|p2a: Toxapex|47/100 brn
|
|t:|1779895594
|switch|p1a: Leavanny|Leavanny, M|76/100 brn|[from] U-turn
|move|p2a: Toxapex|Recover|p2a: Toxapex
|-heal|p2a: Toxapex|97/100 brn
|
|-damage|p1a: Leavanny|70/100 brn|[from] brn
|-damage|p2a: Toxapex|91/100 brn|[from] brn
|upkeep
|turn|32
|
|t:|1779895597
|move|p1a: Leavanny|Seed Bomb|p2a: Toxapex
|-damage|p2a: Toxapex|78/100 brn
|move|p2a: Toxapex|Liquidation|p1a: Leavanny
|-resisted|p1a: Leavanny
|-damage|p1a: Leavanny|63/100 brn
|
|-damage|p1a: Leavanny|57/100 brn|[from] brn
|-damage|p2a: Toxapex|72/100 brn|[from] brn
|upkeep
|turn|33
|
|t:|1779895605
|move|p1a: Leavanny|Lunge|p2a: Toxapex
|-resisted|p2a: Toxapex
|-damage|p2a: Toxapex|67/100 brn
|-unboost|p2a: Toxapex|atk|1
|move|p2a: Toxapex|Liquidation|p1a: Leavanny
|-resisted|p1a: Leavanny
|-damage|p1a: Leavanny|52/100 brn
|
|-damage|p1a: Leavanny|46/100 brn|[from] brn
|-damage|p2a: Toxapex|60/100 brn|[from] brn
|upkeep
|turn|34
|
|t:|1779895616
|move|p1a: Leavanny|Seed Bomb|p2a: Toxapex
|-damage|p2a: Toxapex|49/100 brn
|move|p2a: Toxapex|Recover|p2a: Toxapex
|-heal|p2a: Toxapex|99/100 brn
|
|-damage|p1a: Leavanny|40/100 brn|[from] brn
|-damage|p2a: Toxapex|92/100 brn|[from] brn
|upkeep
|turn|35
|
|t:|1779895619
|move|p1a: Leavanny|Lunge|p2a: Toxapex
|-resisted|p2a: Toxapex
|-damage|p2a: Toxapex|86/100 brn
|-unboost|p2a: Toxapex|atk|1
|move|p2a: Toxapex|Liquidation|p1a: Leavanny
|-resisted|p1a: Leavanny
|-damage|p1a: Leavanny|36/100 brn
|
|-damage|p1a: Leavanny|30/100 brn|[from] brn
|-damage|p2a: Toxapex|80/100 brn|[from] brn
|upkeep
|turn|36
|
|t:|1779895628
|move|p1a: Leavanny|Seed Bomb|p2a: Toxapex
|-damage|p2a: Toxapex|68/100 brn
|move|p2a: Toxapex|Liquidation|p1a: Leavanny
|-resisted|p1a: Leavanny
|-damage|p1a: Leavanny|27/100 brn
|
|-damage|p1a: Leavanny|20/100 brn|[from] brn
|-damage|p2a: Toxapex|62/100 brn|[from] brn
|upkeep
|turn|37
|
|t:|1779895631
|move|p1a: Leavanny|Seed Bomb|p2a: Toxapex
|-damage|p2a: Toxapex|51/100 brn
|move|p2a: Toxapex|Recover|p2a: Toxapex
|-heal|p2a: Toxapex|100/100 brn
|
|-damage|p1a: Leavanny|14/100 brn|[from] brn
|-damage|p2a: Toxapex|94/100 brn|[from] brn
|upkeep
|turn|38
|
|t:|1779895643
|move|p1a: Leavanny|Seed Bomb|p2a: Toxapex
|-damage|p2a: Toxapex|83/100 brn
|move|p2a: Toxapex|Liquidation|p1a: Leavanny
|-resisted|p1a: Leavanny
|-damage|p1a: Leavanny|10/100 brn
|
|-damage|p1a: Leavanny|4/100 brn|[from] brn
|-damage|p2a: Toxapex|77/100 brn|[from] brn
|upkeep
|turn|39
|
|t:|1779895653
|move|p1a: Leavanny|Lunge|p2a: Toxapex
|-resisted|p2a: Toxapex
|-damage|p2a: Toxapex|71/100 brn
|-unboost|p2a: Toxapex|atk|1
|move|p2a: Toxapex|Liquidation|p1a: Leavanny
|-resisted|p1a: Leavanny
|-damage|p1a: Leavanny|2/100 brn
|
|-damage|p1a: Leavanny|0 fnt|[from] brn
|faint|p1a: Leavanny
|-damage|p2a: Toxapex|65/100 brn|[from] brn
|upkeep
|
|t:|1779895656
|switch|p1a: Lokix|Lokix, F|82/100 tox
|turn|40
|inactive|55tyhg4 has 120 seconds left.
|
|t:|1779895688
|-terastallize|p1a: Lokix|Bug
|move|p1a: Lokix|First Impression|p2a: Toxapex
|-resisted|p2a: Toxapex
|-damage|p2a: Toxapex|35/100 brn
|move|p2a: Toxapex|Liquidation|p1a: Lokix
|-damage|p1a: Lokix|76/100 tox
|
|-damage|p1a: Lokix|70/100 tox|[from] psn
|-damage|p2a: Toxapex|29/100 brn|[from] brn
|upkeep
|turn|41
|
|t:|1779895699
|move|p1a: Lokix|Axe Kick|p2a: Toxapex
|-resisted|p2a: Toxapex
|-damage|p2a: Toxapex|6/100 brn
|move|p2a: Toxapex|Recover|p2a: Toxapex
|-heal|p2a: Toxapex|56/100 brn
|
|-damage|p1a: Lokix|58/100 tox|[from] psn
|-damage|p2a: Toxapex|50/100 brn|[from] brn
|upkeep
|turn|42
|
|t:|1779895705
|move|p1a: Lokix|Axe Kick|p2a: Toxapex
|-resisted|p2a: Toxapex
|-damage|p2a: Toxapex|29/100 brn
|move|p2a: Toxapex|Recover|p2a: Toxapex
|-heal|p2a: Toxapex|79/100 brn
|
|-damage|p1a: Lokix|40/100 tox|[from] psn
|-damage|p2a: Toxapex|73/100 brn|[from] brn
|upkeep
|turn|43
|inactive|55tyhg4 has 120 seconds left.
|-message|Graetey forfeited.
|
|win|55tyhg4
|raw|Graetey's rating: 1116 &rarr; <strong>1093</strong><br />(-23 for losing)
|raw|55tyhg4's rating: 1148 &rarr; <strong>1171</strong><br />(+23 for winning)
|l|☆Graetey
|player|p1|
|l|☆55tyhg4
|player|p2|
