|j|☆TINT'24
|j|☆allstartalon
|t:|1779890648
|gametype|singles
|player|p1|TINT'24|riley|1263
|player|p2|allstartalon|pokemonranger-gen4|1241
|gen|9
|tier|[Gen 9] OU
|rated|
|rule|HP Percentage Mod: HP is shown in percentages
|rule|Endless Battle Clause: Forcing endless battles is banned
|rule|Species Clause: Limit one of each Pokémon
|rule|OHKO Clause: OHKO moves are banned
|rule|Evasion Items Clause: Evasion items are banned
|rule|Evasion Moves Clause: Evasion moves are banned
|rule|Evasion Abilities Clause: Evasion abilities are banned
|rule|Sleep Moves Clause: Sleep-inducing moves are banned
|clearpoke
|poke|p1|Ceruledge, M|
|poke|p1|Dragapult, M|
|poke|p1|Great Tusk|
|poke|p1|Gliscor, F|
|poke|p1|Toxapex, F|
|poke|p1|Greninja-*, M|
|poke|p2|Flapple, F|
|poke|p2|Breloom, F|
|poke|p2|Sceptile, M|
|poke|p2|Rillaboom, F|
|poke|p2|Decidueye, M|
|poke|p2|Meowscarada, M|
|teampreview
|inactive|Battle timer is ON: inactive players will automatically lose when time's up. (requested by allstartalon)
|
|t:|1779890670
|teamsize|p1|6
|teamsize|p2|6
|start
|switch|p1a: Toxapex|Toxapex, F, shiny|100/100
|switch|p2a: Rillaboom|Rillaboom, F, shiny|100/100
|-fieldstart|move: Grassy Terrain|[from] ability: Grassy Surge|[of] p2a: Rillaboom
|turn|1
|
|t:|1779890687
|move|p2a: Rillaboom|Knock Off|p1a: Toxapex
|-damage|p1a: Toxapex|68/100
|-enditem|p1a: Toxapex|Black Sludge|[from] move: Knock Off|[of] p2a: Rillaboom
|move|p1a: Toxapex|Sludge Bomb|p2a: Rillaboom
|-supereffective|p2a: Rillaboom
|-damage|p2a: Rillaboom|54/100
|
|-heal|p2a: Rillaboom|60/100|[from] Grassy Terrain
|-heal|p1a: Toxapex|74/100|[from] Grassy Terrain
|upkeep
|turn|2
|
|t:|1779890700
|move|p1a: Toxapex|Baneful Bunker|p1a: Toxapex
|-singleturn|p1a: Toxapex|move: Protect
|move|p2a: Rillaboom|U-turn|p1a: Toxapex
|-activate|p1a: Toxapex|move: Protect
|-status|p2a: Rillaboom|psn
|
|-heal|p2a: Rillaboom|67/100 psn|[from] Grassy Terrain
|-heal|p1a: Toxapex|81/100|[from] Grassy Terrain
|-damage|p2a: Rillaboom|54/100 psn|[from] psn
|upkeep
|turn|3
|
|t:|1779890712
|switch|p1a: Ceruledge|Ceruledge, M, shiny|100/100
|move|p2a: Rillaboom|U-turn|p1a: Ceruledge
|-resisted|p1a: Ceruledge
|-damage|p1a: Ceruledge|92/100
|-ability|p1a: Ceruledge|Weak Armor|boost
|-unboost|p1a: Ceruledge|def|1
|-boost|p1a: Ceruledge|spe|2
|
|t:|1779890718
|switch|p2a: Flapple|Flapple, F, shiny|100/100|[from] U-turn
|
|-heal|p1a: Ceruledge|98/100|[from] Grassy Terrain
|upkeep
|turn|4
|
|t:|1779890724
|move|p2a: Flapple|Sucker Punch||[still]
|-fail|p2a: Flapple
|move|p1a: Ceruledge|Swords Dance|p1a: Ceruledge
|-boost|p1a: Ceruledge|atk|2
|
|-heal|p1a: Ceruledge|100/100|[from] Grassy Terrain
|upkeep
|turn|5
|
|t:|1779890734
|move|p1a: Ceruledge|Swords Dance|p1a: Ceruledge
|-boost|p1a: Ceruledge|atk|2
|move|p2a: Flapple|Outrage|p1a: Ceruledge
|-enditem|p1a: Ceruledge|Focus Sash
|-damage|p1a: Ceruledge|1/100
|-ability|p1a: Ceruledge|Weak Armor|boost
|-unboost|p1a: Ceruledge|def|1
|-boost|p1a: Ceruledge|spe|2
|-damage|p2a: Flapple|91/100|[from] item: Life Orb
|
|-heal|p1a: Ceruledge|7/100|[from] Grassy Terrain
|-heal|p2a: Flapple|97/100|[from] Grassy Terrain
|upkeep
|turn|6
|
|t:|1779890741
|move|p1a: Ceruledge|Bitter Blade|p2a: Flapple
|-crit|p2a: Flapple
|-damage|p2a: Flapple|0 fnt
|-heal|p1a: Ceruledge|54/100|[from] drain|[of] p2a: Flapple
|faint|p2a: Flapple
|
|-heal|p1a: Ceruledge|60/100|[from] Grassy Terrain
|upkeep
|
|t:|1779890749
|switch|p2a: Rillaboom|Rillaboom, F, shiny|54/100 psn
|turn|7
|
|t:|1779890762
|-terastallize|p2a: Rillaboom|Dark
|move|p1a: Ceruledge|Bitter Blade|p2a: Rillaboom
|-crit|p2a: Rillaboom
|-damage|p2a: Rillaboom|0 fnt
|-heal|p1a: Ceruledge|91/100|[from] drain|[of] p2a: Rillaboom
|faint|p2a: Rillaboom
|
|-heal|p1a: Ceruledge|97/100|[from] Grassy Terrain
|upkeep
|
|t:|1779890773
|switch|p2a: Decidueye|Decidueye, M, shiny|100/100
|turn|8
|
|t:|1779890779
|move|p1a: Ceruledge|Shadow Sneak|p2a: Decidueye
|-supereffective|p2a: Decidueye
|-damage|p2a: Decidueye|0 fnt
|faint|p2a: Decidueye
|
|-heal|p1a: Ceruledge|100/100|[from] Grassy Terrain
|-fieldend|move: Grassy Terrain
|upkeep
|
|t:|1779890781
|switch|p2a: Meowscarada|Meowscarada, M, shiny|100/100
|turn|9
|
|t:|1779890787
|move|p1a: Ceruledge|Bitter Blade|p2a: Meowscarada
|-supereffective|p2a: Meowscarada
|-damage|p2a: Meowscarada|0 fnt
|faint|p2a: Meowscarada
|
|upkeep
|
|t:|1779890791
|switch|p2a: Breloom|Breloom, F, shiny|100/100
|turn|10
|
|t:|1779890795
|move|p1a: Ceruledge|Bitter Blade|p2a: Breloom
|-supereffective|p2a: Breloom
|-damage|p2a: Breloom|0 fnt
|faint|p2a: Breloom
|
|upkeep
|
|t:|1779890798
|switch|p2a: Sceptile|Sceptile, M, shiny|100/100
|turn|11
|c|☆TINT'24|gg
|
|t:|1779890805
|move|p1a: Ceruledge|Bitter Blade|p2a: Sceptile
|-supereffective|p2a: Sceptile
|-damage|p2a: Sceptile|0 fnt
|faint|p2a: Sceptile
|
|win|TINT'24
|raw|TINT&apos;24's rating: 1263 &rarr; <strong>1286</strong><br />(+23 for winning)
|raw|allstartalon's rating: 1241 &rarr; <strong>1218</strong><br />(-23 for losing)
|l|☆allstartalon
|player|p2|
|l|☆TINT'24
|player|p1|
