|j|☆Maxxxxilla
|j|☆claudechamp
|t:|1779878964
|gametype|singles
|player|p1|Maxxxxilla|alder|1308
|player|p2|claudechamp|169|1295
|gen|9
|tier|[Gen 9] OU
|rated|
|rule|HP Percentage Mod: HP is shown in percentages
|rule|Endless Battle Clause: Forcing endless battles is banned
|rule|Species Clause: Limit one of each Pokémon
|rule|OHKO Clause: OHKO moves are banned
|rule|Evasion Items Clause: Evasion items are banned
|rule|Evasion Moves Clause: Evasion moves are banned
|rule|Evasion Abilities Clause: Evasion abilities are banned
|rule|Sleep Moves Clause: Sleep-inducing moves are banned
|clearpoke
|poke|p1|Iron Treads|
|poke|p1|Iron Moth|
|poke|p1|Pincurchin, F|
|poke|p1|Iron Valiant|
|poke|p1|Thundurus, M|
|poke|p1|Hawlucha, M|
|poke|p2|Gliscor, F|
|poke|p2|Ogerpon, F|
|poke|p2|Walking Wake|
|poke|p2|Blissey, F|
|poke|p2|Corviknight, M|
|poke|p2|Pecharunt|
|teampreview
|c|☆claudechamp|hf
|inactive|Battle timer is ON: inactive players will automatically lose when time's up. (requested by claudechamp)
|
|t:|1779878970
|teamsize|p1|6
|teamsize|p2|6
|start
|switch|p1a: Pincurchin|Pincurchin, F|100/100
|switch|p2a: Gliscor|Gliscor, F|100/100
|-fieldstart|move: Electric Terrain|[from] ability: Electric Surge|[of] p1a: Pincurchin
|turn|1
|
|t:|1779878985
|switch|p1a: Thundurus|Thundurus, M|100/100
|move|p2a: Gliscor|Spikes|p1a: Thundurus
|-sidestart|p1: Maxxxxilla|Spikes
|
|-status|p2a: Gliscor|tox|[from] item: Toxic Orb
|upkeep
|turn|2
|
|t:|1779878990
|move|p1a: Thundurus|Knock Off|p2a: Gliscor
|-damage|p2a: Gliscor|84/100 tox
|-enditem|p2a: Gliscor|Toxic Orb|[from] move: Knock Off|[of] p1a: Thundurus
|move|p2a: Gliscor|Spikes|p1a: Thundurus
|-sidestart|p1: Maxxxxilla|Spikes
|
|-heal|p2a: Gliscor|96/100 tox|[from] ability: Poison Heal
|upkeep
|turn|3
|
|t:|1779879010
|switch|p1a: Hawlucha|Hawlucha, M|100/100
|-enditem|p1a: Hawlucha|Electric Seed
|-boost|p1a: Hawlucha|def|1|[from] item: Electric Seed
|move|p2a: Gliscor|Toxic|p1a: Hawlucha
|-status|p1a: Hawlucha|tox
|
|-damage|p1a: Hawlucha|94/100 tox|[from] psn
|-heal|p2a: Gliscor|100/100 tox|[from] ability: Poison Heal
|upkeep
|turn|4
|
|t:|1779879016
|move|p1a: Hawlucha|Swords Dance|p1a: Hawlucha
|-boost|p1a: Hawlucha|atk|2
|move|p2a: Gliscor|Spikes|p1a: Hawlucha
|-sidestart|p1: Maxxxxilla|Spikes
|
|-damage|p1a: Hawlucha|82/100 tox|[from] psn
|upkeep
|turn|5
|
|t:|1779879027
|switch|p2a: Walking Wake|Walking Wake|100/100
|move|p1a: Hawlucha|Swords Dance|p1a: Hawlucha
|-boost|p1a: Hawlucha|atk|2
|
|-damage|p1a: Hawlucha|64/100 tox|[from] psn
|upkeep
|turn|6
|
|t:|1779879032
|move|p1a: Hawlucha|Acrobatics|p2a: Walking Wake
|-damage|p2a: Walking Wake|0 fnt
|faint|p2a: Walking Wake
|-end|p2a: Walking Wake|Protosynthesis|[silent]
|
|-damage|p1a: Hawlucha|40/100 tox|[from] psn
|upkeep
|
|t:|1779879038
|switch|p2a: Corviknight|Corviknight, M|100/100
|-ability|p2a: Corviknight|Pressure
|turn|7
|
|t:|1779879043
|move|p1a: Hawlucha|Close Combat|p2a: Corviknight
|-damage|p2a: Corviknight|3/100
|-unboost|p1a: Hawlucha|def|1
|-unboost|p1a: Hawlucha|spd|1
|move|p2a: Corviknight|Body Press|p1a: Hawlucha
|-resisted|p1a: Hawlucha
|-damage|p1a: Hawlucha|22/100 tox
|
|-damage|p1a: Hawlucha|0 fnt|[from] psn
|faint|p1a: Hawlucha
|upkeep
|
|t:|1779879050
|switch|p1a: Iron Treads|Iron Treads|100/100
|-damage|p1a: Iron Treads|76/100|[from] Spikes
|-activate|p1a: Iron Treads|ability: Quark Drive
|-start|p1a: Iron Treads|quarkdrivespe
|turn|8
|
|t:|1779879053
|move|p1a: Iron Treads|Rapid Spin|p2a: Corviknight
|-resisted|p2a: Corviknight
|-damage|p2a: Corviknight|0 fnt
|-boost|p1a: Iron Treads|spe|1
|-sideend|p1: Maxxxxilla|Spikes|[from] move: Rapid Spin|[of] p1a: Iron Treads
|faint|p2a: Corviknight
|
|-fieldend|move: Electric Terrain
|-end|p1a: Iron Treads|Quark Drive
|upkeep
|
|t:|1779879056
|switch|p2a: Gliscor|Gliscor, F|100/100 tox
|turn|9
|
|t:|1779879063
|-end|p1a: Iron Treads|Quark Drive|[silent]
|switch|p1a: Thundurus|Thundurus, M|100/100
|move|p2a: Gliscor|Earthquake|p1a: Thundurus
|-immune|p1a: Thundurus
|
|upkeep
|turn|10
|
|t:|1779879070
|move|p1a: Thundurus|Sludge Bomb|p2a: Gliscor
|-resisted|p2a: Gliscor
|-damage|p2a: Gliscor|87/100 tox
|move|p2a: Gliscor|Spikes|p1a: Thundurus
|-sidestart|p1: Maxxxxilla|Spikes
|
|-heal|p2a: Gliscor|99/100 tox|[from] ability: Poison Heal
|upkeep
|turn|11
|
|t:|1779879079
|switch|p1a: Iron Moth|Iron Moth|100/100
|-item|p1a: Iron Moth|Air Balloon
|move|p2a: Gliscor|Spikes|p1a: Iron Moth
|-sidestart|p1: Maxxxxilla|Spikes
|
|-heal|p2a: Gliscor|100/100 tox|[from] ability: Poison Heal
|upkeep
|turn|12
|
|t:|1779879090
|-end|p1a: Iron Moth|Quark Drive|[silent]
|switch|p1a: Pincurchin|Pincurchin, F|100/100
|-damage|p1a: Pincurchin|84/100|[from] Spikes
|-fieldstart|move: Electric Terrain|[from] ability: Electric Surge|[of] p1a: Pincurchin
|switch|p2a: Blissey|Blissey, F|100/100
|
|upkeep
|turn|13
|
|t:|1779879103
|switch|p1a: Iron Treads|Iron Treads|76/100
|-damage|p1a: Iron Treads|59/100|[from] Spikes
|-activate|p1a: Iron Treads|ability: Quark Drive
|-start|p1a: Iron Treads|quarkdrivespe
|move|p2a: Blissey|Stealth Rock|p1a: Iron Treads
|-sidestart|p1: Maxxxxilla|move: Stealth Rock
|
|upkeep
|turn|14
|
|t:|1779879106
|switch|p2a: Pecharunt|Pecharunt|100/100
|move|p1a: Iron Treads|Rapid Spin|p2a: Pecharunt
|-immune|p2a: Pecharunt
|
|upkeep
|turn|15
|
|t:|1779879115
|move|p1a: Iron Treads|Knock Off|p2a: Pecharunt
|-supereffective|p2a: Pecharunt
|-damage|p2a: Pecharunt|74/100
|-enditem|p2a: Pecharunt|Heavy-Duty Boots|[from] move: Knock Off|[of] p1a: Iron Treads
|move|p2a: Pecharunt|Foul Play|p1a: Iron Treads
|-damage|p1a: Iron Treads|34/100
|-damage|p2a: Pecharunt|57/100|[from] item: Rocky Helmet|[of] p1a: Iron Treads
|
|upkeep
|turn|16
|
|t:|1779879124
|move|p1a: Iron Treads|Earthquake|p2a: Pecharunt
|-supereffective|p2a: Pecharunt
|-damage|p2a: Pecharunt|12/100
|move|p2a: Pecharunt|Foul Play|p1a: Iron Treads
|-damage|p1a: Iron Treads|5/100
|-damage|p2a: Pecharunt|0 fnt|[from] item: Rocky Helmet|[of] p1a: Iron Treads
|faint|p2a: Pecharunt
|
|upkeep
|
|t:|1779879127
|switch|p2a: Gliscor|Gliscor, F|100/100 tox
|turn|17
|
|t:|1779879130
|-terastallize|p2a: Gliscor|Ghost
|move|p1a: Iron Treads|Rapid Spin|p2a: Gliscor
|-immune|p2a: Gliscor
|move|p2a: Gliscor|Earthquake|p1a: Iron Treads
|-supereffective|p1a: Iron Treads
|-damage|p1a: Iron Treads|0 fnt
|faint|p1a: Iron Treads
|-end|p1a: Iron Treads|Quark Drive|[silent]
|
|upkeep
|
|t:|1779879149
|switch|p1a: Thundurus|Thundurus, M|100/100
|-damage|p1a: Thundurus|76/100|[from] Stealth Rock
|turn|18
|
|t:|1779879157
|move|p1a: Thundurus|Volt Switch|p2a: Gliscor
|-damage|p2a: Gliscor|71/100 tox
|
|t:|1779879160
|switch|p1a: Iron Valiant|Iron Valiant|100/100|[from] Volt Switch
|-damage|p1a: Iron Valiant|84/100|[from] Spikes
|-damage|p1a: Iron Valiant|78/100|[from] Stealth Rock
|-activate|p1a: Iron Valiant|ability: Quark Drive
|-start|p1a: Iron Valiant|quarkdrivespe
|move|p2a: Gliscor|Toxic|p1a: Iron Valiant
|-status|p1a: Iron Valiant|tox
|
|-damage|p1a: Iron Valiant|71/100 tox|[from] psn
|-heal|p2a: Gliscor|83/100 tox|[from] ability: Poison Heal
|upkeep
|turn|19
|
|t:|1779879166
|switch|p2a: Blissey|Blissey, F|100/100
|move|p1a: Iron Valiant|Moonblast|p2a: Blissey
|-damage|p2a: Blissey|82/100
|-damage|p1a: Iron Valiant|62/100 tox|[from] item: Life Orb
|
|-damage|p1a: Iron Valiant|49/100 tox|[from] psn
|-fieldend|move: Electric Terrain
|-end|p1a: Iron Valiant|Quark Drive
|upkeep
|turn|20
|
|t:|1779879179
|move|p1a: Iron Valiant|Aura Sphere|p2a: Blissey
|-supereffective|p2a: Blissey
|-damage|p2a: Blissey|51/100
|-damage|p1a: Iron Valiant|40/100 tox|[from] item: Life Orb
|move|p2a: Blissey|Seismic Toss|p1a: Iron Valiant
|-damage|p1a: Iron Valiant|5/100 tox
|
|-damage|p1a: Iron Valiant|0 fnt|[from] psn
|faint|p1a: Iron Valiant
|-end|p1a: Iron Valiant|Quark Drive|[silent]
|upkeep
|
|t:|1779879184
|switch|p1a: Pincurchin|Pincurchin, F|84/100
|-damage|p1a: Pincurchin|68/100|[from] Spikes
|-damage|p1a: Pincurchin|55/100|[from] Stealth Rock
|-fieldstart|move: Electric Terrain|[from] ability: Electric Surge|[of] p1a: Pincurchin
|turn|21
|
|t:|1779879191
|move|p2a: Blissey|Seismic Toss|p1a: Pincurchin
|-damage|p1a: Pincurchin|13/100
|move|p1a: Pincurchin|Thunderbolt|p2a: Blissey
|-damage|p2a: Blissey|36/100
|-status|p2a: Blissey|par
|
|upkeep
|turn|22
|
|t:|1779879204
|move|p2a: Blissey|Soft-Boiled|p2a: Blissey
|-heal|p2a: Blissey|86/100 par
|move|p1a: Pincurchin|Thunderbolt|p2a: Blissey
|-damage|p2a: Blissey|71/100 par
|
|upkeep
|turn|23
|
|t:|1779879216
|move|p2a: Blissey|Calm Mind|p2a: Blissey
|-boost|p2a: Blissey|spa|1
|-boost|p2a: Blissey|spd|1
|move|p1a: Pincurchin|Toxic Spikes|p2a: Blissey
|-sidestart|p2: claudechamp|move: Toxic Spikes
|
|upkeep
|turn|24
|-message|Maxxxxilla forfeited.
|
|win|claudechamp
|raw|Maxxxxilla's rating: 1308 &rarr; <strong>1288</strong><br />(-20 for losing)
|raw|claudechamp's rating: 1316 &rarr; <strong>1336</strong><br />(+20 for winning)
|l|☆Maxxxxilla
|player|p1|
|c|☆claudechamp|gg
