|j|☆1bry
|j|☆h f ddgbbv
|t:|1779858585
|gametype|singles
|player|p1|1bry|dragontamer|1113
|player|p2|h f ddgbbv|170|1055
|gen|9
|tier|[Gen 9] OU
|rated|
|rule|HP Percentage Mod: HP is shown in percentages
|rule|Endless Battle Clause: Forcing endless battles is banned
|rule|Species Clause: Limit one of each Pokémon
|rule|OHKO Clause: OHKO moves are banned
|rule|Evasion Items Clause: Evasion items are banned
|rule|Evasion Moves Clause: Evasion moves are banned
|rule|Evasion Abilities Clause: Evasion abilities are banned
|rule|Sleep Moves Clause: Sleep-inducing moves are banned
|clearpoke
|poke|p1|Magmar, M|
|poke|p1|Ambipom, F|
|poke|p1|Scyther, F|
|poke|p1|Gurdurr, M|
|poke|p1|Revavroom, M|
|poke|p1|Duraludon, M|
|poke|p2|Hatterene, F|
|poke|p2|Volcanion|
|poke|p2|Zamazenta-*|
|poke|p2|Ceruledge, M|
|poke|p2|Glastrier|
|poke|p2|Ursaluna, M|
|teampreview
|inactive|Battle timer is ON: inactive players will automatically lose when time's up. (requested by 1bry)
|
|t:|1779858600
|teamsize|p1|6
|teamsize|p2|6
|start
|switch|p1a: Ambipom|Ambipom, F, shiny|100/100
|switch|p2a: Volcanion|Volcanion|100/100
|turn|1
|
|t:|1779858613
|switch|p1a: Duraludon|Duraludon, M, shiny|100/100
|switch|p2a: Ceruledge|Ceruledge, M|100/100
|
|upkeep
|turn|2
|
|t:|1779858622
|move|p2a: Ceruledge|Close Combat|p1a: Duraludon
|-supereffective|p1a: Duraludon
|-damage|p1a: Duraludon|52/100
|-unboost|p2a: Ceruledge|def|1
|-unboost|p2a: Ceruledge|spd|1
|move|p1a: Duraludon|Dark Pulse|p2a: Ceruledge
|-supereffective|p2a: Ceruledge
|-damage|p2a: Ceruledge|15/100
|
|upkeep
|turn|3
|
|t:|1779858636
|switch|p2a: Zamazenta|Zamazenta|100/100
|-ability|p2a: Zamazenta|Dauntless Shield|boost
|-boost|p2a: Zamazenta|def|1
|move|p1a: Duraludon|Dark Pulse|p2a: Zamazenta
|-resisted|p2a: Zamazenta
|-damage|p2a: Zamazenta|89/100
|
|upkeep
|turn|4
|
|t:|1779858645
|switch|p1a: Magmar|Magmar, M, shiny|100/100
|move|p2a: Zamazenta|Close Combat|p1a: Magmar
|-damage|p1a: Magmar|27/100
|-unboost|p2a: Zamazenta|def|1
|-unboost|p2a: Zamazenta|spd|1
|
|upkeep
|turn|5
|
|t:|1779858653
|move|p2a: Zamazenta|Close Combat|p1a: Magmar
|-damage|p1a: Magmar|0 fnt
|-unboost|p2a: Zamazenta|def|1
|-unboost|p2a: Zamazenta|spd|1
|faint|p1a: Magmar
|
|upkeep
|
|t:|1779858663
|switch|p1a: Scyther|Scyther, F, shiny|100/100
|turn|6
|
|t:|1779858673
|switch|p2a: Volcanion|Volcanion|100/100
|move|p1a: Scyther|Tailwind|p1a: Scyther
|-sidestart|p1: 1bry|move: Tailwind
|
|upkeep
|turn|7
|
|t:|1779858682
|switch|p1a: Duraludon|Duraludon, M, shiny|52/100
|move|p2a: Volcanion|Flamethrower|p1a: Duraludon
|-damage|p1a: Duraludon|0 fnt
|faint|p1a: Duraludon
|
|upkeep
|
|t:|1779858688
|switch|p1a: Revavroom|Revavroom, M, shiny|100/100
|-item|p1a: Revavroom|Air Balloon
|turn|8
|
|t:|1779858694
|move|p1a: Revavroom|High Horsepower|p2a: Volcanion
|-supereffective|p2a: Volcanion
|-enditem|p2a: Volcanion|Shuca Berry|[eat]
|-enditem|p2a: Volcanion|Shuca Berry|[weaken]
|-damage|p2a: Volcanion|74/100
|move|p2a: Volcanion|Flamethrower|p1a: Revavroom
|-supereffective|p1a: Revavroom
|-damage|p1a: Revavroom|0 fnt
|-enditem|p1a: Revavroom|Air Balloon
|faint|p1a: Revavroom
|
|upkeep
|
|t:|1779858703
|switch|p1a: Ambipom|Ambipom, F, shiny|100/100
|turn|9
|
|t:|1779858711
|switch|p2a: Ceruledge|Ceruledge, M|15/100
|move|p1a: Ambipom|Double Hit|p2a: Ceruledge
|-immune|p2a: Ceruledge
|
|-sideend|p1: 1bry|move: Tailwind
|upkeep
|turn|10
|
|t:|1779858721
|move|p2a: Ceruledge|Bitter Blade|p1a: Ambipom
|-damage|p1a: Ambipom|18/100
|-heal|p2a: Ceruledge|57/100|[from] drain|[of] p1a: Ambipom
|move|p1a: Ambipom|Triple Axel|p2a: Ceruledge
|-resisted|p2a: Ceruledge
|-damage|p2a: Ceruledge|49/100
|-resisted|p2a: Ceruledge
|-damage|p2a: Ceruledge|33/100
|-resisted|p2a: Ceruledge
|-damage|p2a: Ceruledge|8/100
|-hitcount|p2a: Ceruledge|3
|-damage|p1a: Ambipom|8/100|[from] item: Life Orb
|
|upkeep
|turn|11
|
|t:|1779858738
|switch|p1a: Gurdurr|Gurdurr, M|100/100
|move|p2a: Ceruledge|Bitter Blade|p1a: Gurdurr
|-damage|p1a: Gurdurr|67/100
|-heal|p2a: Ceruledge|28/100|[from] drain|[of] p1a: Gurdurr
|
|upkeep
|turn|12
|
|t:|1779858751
|move|p2a: Ceruledge|Bitter Blade|p1a: Gurdurr
|-damage|p1a: Gurdurr|32/100
|-heal|p2a: Ceruledge|48/100|[from] drain|[of] p1a: Gurdurr
|move|p1a: Gurdurr|Knock Off|p2a: Ceruledge
|-supereffective|p2a: Ceruledge
|-damage|p2a: Ceruledge|0 fnt
|-enditem|p2a: Ceruledge|Choice Scarf|[from] move: Knock Off|[of] p1a: Gurdurr
|faint|p2a: Ceruledge
|
|upkeep
|
|t:|1779858762
|switch|p2a: Zamazenta|Zamazenta|89/100
|turn|13
|
|t:|1779858771
|move|p1a: Gurdurr|Mach Punch|p2a: Zamazenta
|-damage|p2a: Zamazenta|69/100
|move|p2a: Zamazenta|Psychic Fangs|p1a: Gurdurr
|-supereffective|p1a: Gurdurr
|-damage|p1a: Gurdurr|0 fnt
|faint|p1a: Gurdurr
|
|upkeep
|
|t:|1779858777
|switch|p1a: Ambipom|Ambipom, F, shiny|8/100
|turn|14
|
|t:|1779858784
|-terastallize|p1a: Ambipom|Ghost
|move|p2a: Zamazenta|Psychic Fangs|p1a: Ambipom
|-damage|p1a: Ambipom|0 fnt
|faint|p1a: Ambipom
|
|upkeep
|
|t:|1779858787
|switch|p1a: Scyther|Scyther, F, shiny|100/100
|turn|15
|
|t:|1779858794
|move|p2a: Zamazenta|Psychic Fangs|p1a: Scyther
|-damage|p1a: Scyther|54/100
|move|p1a: Scyther|Lunge|p2a: Zamazenta
|-resisted|p2a: Zamazenta
|-damage|p2a: Zamazenta|50/100
|-unboost|p2a: Zamazenta|atk|1
|
|upkeep
|turn|16
|
|t:|1779858804
|switch|p2a: Volcanion|Volcanion|74/100
|move|p1a: Scyther|Lunge|p2a: Volcanion
|-resisted|p2a: Volcanion
|-damage|p2a: Volcanion|58/100
|-unboost|p2a: Volcanion|atk|1
|
|upkeep
|turn|17
|
|t:|1779858812
|move|p1a: Scyther|Brick Break|p2a: Volcanion
|-damage|p2a: Volcanion|38/100
|move|p2a: Volcanion|Flamethrower|p1a: Scyther
|-supereffective|p1a: Scyther
|-crit|p1a: Scyther
|-damage|p1a: Scyther|0 fnt
|faint|p1a: Scyther
|
|win|h f ddgbbv
|raw|1bry's rating: 1113 &rarr; <strong>1084</strong><br />(-29 for losing)
|raw|h f ddgbbv's rating: 1055 &rarr; <strong>1092</strong><br />(+37 for winning)
|l|☆1bry
|player|p1|
|l|☆h f ddgbbv
|player|p2|
