|j|☆kineticow
|j|☆mikael_ita
|t:|1779875306
|gametype|singles
|player|p1|kineticow|169|1200
|player|p2|mikael_ita|ethan|1116
|gen|9
|tier|[Gen 9] OU
|rated|
|rule|HP Percentage Mod: HP is shown in percentages
|rule|Endless Battle Clause: Forcing endless battles is banned
|rule|Species Clause: Limit one of each Pokémon
|rule|OHKO Clause: OHKO moves are banned
|rule|Evasion Items Clause: Evasion items are banned
|rule|Evasion Moves Clause: Evasion moves are banned
|rule|Evasion Abilities Clause: Evasion abilities are banned
|rule|Sleep Moves Clause: Sleep-inducing moves are banned
|clearpoke
|poke|p1|Samurott-Hisui, F|
|poke|p1|Kleavor, M|
|poke|p1|Azelf|
|poke|p1|Hitmontop, M|
|poke|p1|Bronzong|
|poke|p1|Iron Moth|
|poke|p2|Cinderace, F|
|poke|p2|Zoroark-Hisui, M|
|poke|p2|Ogerpon-Wellspring, F|
|poke|p2|Iron Valiant|
|poke|p2|Dragonite, M|
|poke|p2|Kingambit, M|
|teampreview
|inactive|Battle timer is ON: inactive players will automatically lose when time's up. (requested by mikael_ita)
|l|☆mikael_ita
|inactive|mikael_ita disconnected and has a minute to reconnect!
|player|p2|
|j|☆mikael_ita
|inactive|mikael_ita reconnected and has 145 seconds left.
|player|p2|mikael_ita|ethan|
|
|t:|1779875334
|teamsize|p1|6
|teamsize|p2|6
|start
|switch|p1a: Bronzong|Bronzong|100/100
|switch|p2a: Ogerpon|Ogerpon-Wellspring, F|100/100
|turn|1
|
|t:|1779875342
|move|p2a: Ogerpon|Knock Off|p1a: Bronzong
|-supereffective|p1a: Bronzong
|-crit|p1a: Bronzong
|-damage|p1a: Bronzong|7/100
|-enditem|p1a: Bronzong|Light Clay|[from] move: Knock Off|[of] p2a: Ogerpon
|move|p1a: Bronzong|Reflect|p1a: Bronzong
|-sidestart|p1: kineticow|Reflect
|
|upkeep
|turn|2
|
|t:|1779875349
|move|p2a: Ogerpon|U-turn|p1a: Bronzong
|-damage|p1a: Bronzong|0 fnt
|faint|p1a: Bronzong
|
|t:|1779875353
|switch|p2a: Cinderace|Cinderace, F|100/100|[from] U-turn
|
|upkeep
|
|t:|1779875362
|switch|p1a: Samurott|Samurott-Hisui, F|100/100
|turn|3
|
|t:|1779875375
|move|p1a: Samurott|Flip Turn|p2a: Cinderace
|-supereffective|p2a: Cinderace
|-damage|p2a: Cinderace|6/100
|
|t:|1779875380
|switch|p1a: Hitmontop|Hitmontop, M|100/100|[from] Flip Turn
|move|p2a: Cinderace|U-turn|p1a: Hitmontop
|-start|p2a: Cinderace|typechange|Bug|[from] ability: Libero
|-resisted|p1a: Hitmontop
|-damage|p1a: Hitmontop|91/100
|
|t:|1779875389
|switch|p2a: Kingambit|Kingambit, M|100/100|[from] U-turn
|
|upkeep
|turn|4
|
|t:|1779875394
|-terastallize|p1a: Hitmontop|Fighting
|move|p1a: Hitmontop|Mach Punch|p2a: Kingambit
|-immune|p2a: Kingambit
|move|p2a: Kingambit|Nasty Plot|p2a: Kingambit
|-boost|p2a: Kingambit|spa|2
|
|upkeep
|turn|5
|inactive|kineticow has 120 seconds left.
|
|t:|1779875429
|switch|p1a: Azelf|Azelf|100/100
|move|p2a: Kingambit|Hyper Voice|p1a: Azelf
|-damage|p1a: Azelf|0 fnt
|faint|p1a: Azelf
|
|-sideend|p1: kineticow|Reflect
|upkeep
|
|t:|1779875437
|switch|p1a: Samurott|Samurott-Hisui, F|100/100
|turn|6
|inactive|kineticow has 120 seconds left.
|
|t:|1779875443
|move|p1a: Samurott|Ceaseless Edge|p2a: Kingambit
|-supereffective|p2a: Kingambit
|-enditem|p2a: Kingambit|Focus Sash
|-damage|p2a: Kingambit|1/100
|replace|p2a: Zoroark|Zoroark-Hisui, M
|-end|p2a: Zoroark|Illusion
|-sidestart|p2: mikael_ita|Spikes
|move|p2a: Zoroark|Hyper Voice|p1a: Samurott
|-damage|p1a: Samurott|0 fnt
|faint|p1a: Samurott
|
|upkeep
|inactive|kineticow has 120 seconds left.
|
|t:|1779875457
|switch|p1a: Kleavor|Kleavor, M|100/100
|turn|7
|
|t:|1779875462
|move|p2a: Zoroark|Shadow Ball|p1a: Kleavor
|-enditem|p1a: Kleavor|Focus Sash
|-damage|p1a: Kleavor|1/100
|move|p1a: Kleavor|Tailwind|p1a: Kleavor
|-sidestart|p1: kineticow|move: Tailwind
|
|upkeep
|turn|8
|
|t:|1779875470
|move|p1a: Kleavor|Stone Axe|p2a: Zoroark
|-damage|p2a: Zoroark|0 fnt
|-sidestart|p2: mikael_ita|move: Stealth Rock
|faint|p2a: Zoroark
|
|upkeep
|
|t:|1779875486
|switch|p2a: Ogerpon|Ogerpon-Wellspring, F|100/100
|-damage|p2a: Ogerpon|88/100|[from] Spikes
|-damage|p2a: Ogerpon|76/100|[from] Stealth Rock
|turn|9
|
|t:|1779875498
|-terastallize|p2a: Ogerpon|Water
|detailschange|p2a: Ogerpon|Ogerpon-Wellspring-Tera, F, tera:Water
|-ability|p2a: Ogerpon|Embody Aspect (Wellspring)|boost
|-boost|p2a: Ogerpon|spd|1
|move|p1a: Kleavor|Acrobatics|p2a: Ogerpon
|-damage|p2a: Ogerpon|21/100
|move|p2a: Ogerpon|U-turn|p1a: Kleavor
|-damage|p1a: Kleavor|0 fnt
|faint|p1a: Kleavor
|
|t:|1779875514
|switch|p2a: Iron Valiant|Iron Valiant|100/100|[from] U-turn
|-damage|p2a: Iron Valiant|88/100|[from] Spikes
|-damage|p2a: Iron Valiant|82/100|[from] Stealth Rock
|-enditem|p2a: Iron Valiant|Booster Energy
|-activate|p2a: Iron Valiant|ability: Quark Drive|[fromitem]
|-start|p2a: Iron Valiant|quarkdrivespe
|
|upkeep
|
|t:|1779875527
|switch|p1a: Iron Moth|Iron Moth|100/100
|-enditem|p1a: Iron Moth|Booster Energy
|-activate|p1a: Iron Moth|ability: Quark Drive|[fromitem]
|-start|p1a: Iron Moth|quarkdrivespa
|turn|10
|
|t:|1779875541
|move|p1a: Iron Moth|Sludge Wave|p2a: Iron Valiant
|-supereffective|p2a: Iron Valiant
|-damage|p2a: Iron Valiant|0 fnt
|faint|p2a: Iron Valiant
|-end|p2a: Iron Valiant|Quark Drive|[silent]
|
|-sideend|p1: kineticow|move: Tailwind
|upkeep
|
|t:|1779875548
|switch|p2a: Cinderace|Cinderace, F|6/100
|turn|11
|
|t:|1779875557
|move|p2a: Cinderace|Court Change|p2a: Cinderace
|-start|p2a: Cinderace|typechange|Normal|[from] ability: Libero
|-swapsideconditions
|-activate|p2a: Cinderace|move: Court Change
|move|p1a: Iron Moth|Agility|p1a: Iron Moth
|-boost|p1a: Iron Moth|spe|2
|
|upkeep
|turn|12
|
|t:|1779875564
|move|p2a: Cinderace|Sucker Punch|p1a: Iron Moth
|-damage|p1a: Iron Moth|61/100
|move|p1a: Iron Moth|Fiery Dance|p2a: Cinderace
|-crit|p2a: Cinderace
|-damage|p2a: Cinderace|0 fnt
|faint|p2a: Cinderace
|
|upkeep
|
|t:|1779875577
|switch|p2a: Kingambit|Kingambit, M|100/100
|-activate|p2a: Kingambit|ability: Supreme Overlord
|-start|p2a: Kingambit|fallen3|[silent]
|turn|13
|
|t:|1779875584
|move|p1a: Iron Moth|Fiery Dance|p2a: Kingambit
|-supereffective|p2a: Kingambit
|-enditem|p2a: Kingambit|Focus Sash
|-damage|p2a: Kingambit|1/100
|-boost|p1a: Iron Moth|spa|1
|move|p2a: Kingambit|Kowtow Cleave|p1a: Iron Moth
|-damage|p1a: Iron Moth|0 fnt
|faint|p1a: Iron Moth
|-end|p1a: Iron Moth|Quark Drive|[silent]
|
|upkeep
|
|t:|1779875592
|switch|p1a: Hitmontop|Hitmontop, M, tera:Fighting|91/100
|-damage|p1a: Hitmontop|78/100|[from] Spikes
|-damage|p1a: Hitmontop|72/100|[from] Stealth Rock
|turn|14
|
|t:|1779875604
|move|p1a: Hitmontop|Mach Punch|p2a: Kingambit
|-supereffective|p2a: Kingambit
|-damage|p2a: Kingambit|0 fnt
|faint|p2a: Kingambit
|-end|p2a: Kingambit|fallen3|[silent]
|
|upkeep
|
|t:|1779875609
|switch|p2a: Dragonite|Dragonite, M|100/100
|turn|15
|
|t:|1779875614
|move|p2a: Dragonite|Extreme Speed|p1a: Hitmontop
|-damage|p1a: Hitmontop|40/100
|move|p1a: Hitmontop|Mach Punch|p2a: Dragonite
|-resisted|p2a: Dragonite
|-damage|p2a: Dragonite|84/100
|
|upkeep
|turn|16
|-message|kineticow forfeited.
|
|win|mikael_ita
|raw|kineticow's rating: 1200 &rarr; <strong>1169</strong><br />(-31 for losing)
|raw|mikael_ita's rating: 1116 &rarr; <strong>1147</strong><br />(+31 for winning)
|l|☆kineticow
|player|p1|
|l|☆mikael_ita
|player|p2|
