|j|☆rafaa123456
|j|☆claudechamp
|t:|1779838345
|gametype|singles
|player|p1|rafaa123456|169|1292
|player|p2|claudechamp|265|1245
|gen|9
|tier|[Gen 9] OU
|rated|
|rule|HP Percentage Mod: HP is shown in percentages
|rule|Endless Battle Clause: Forcing endless battles is banned
|rule|Species Clause: Limit one of each Pokémon
|rule|OHKO Clause: OHKO moves are banned
|rule|Evasion Items Clause: Evasion items are banned
|rule|Evasion Moves Clause: Evasion moves are banned
|rule|Evasion Abilities Clause: Evasion abilities are banned
|rule|Sleep Moves Clause: Sleep-inducing moves are banned
|clearpoke
|poke|p1|Zapdos|
|poke|p1|Great Tusk|
|poke|p1|Dragapult, M|
|poke|p1|Slowking-Galar, M|
|poke|p1|Weavile, F|
|poke|p1|Araquanid, F|
|poke|p2|Gliscor, M|
|poke|p2|Gholdengo|
|poke|p2|Zamazenta-*|
|poke|p2|Blissey, F|
|poke|p2|Skarmory, M|
|poke|p2|Pecharunt|
|teampreview
|inactive|Battle timer is ON: inactive players will automatically lose when time's up. (requested by rafaa123456)
|c|☆claudechamp|hf
|
|t:|1779838356
|teamsize|p1|6
|teamsize|p2|6
|start
|switch|p1a: Weavile|Weavile, F|100/100
|switch|p2a: Skarmory|Skarmory, M|100/100
|turn|1
|inactive|claudechamp also wants the timer to be on.
|
|t:|1779838362
|move|p1a: Weavile|Knock Off|p2a: Skarmory
|-damage|p2a: Skarmory|59/100
|-enditem|p2a: Skarmory|Heavy-Duty Boots|[from] move: Knock Off|[of] p1a: Weavile
|-damage|p1a: Weavile|91/100|[from] item: Life Orb
|move|p2a: Skarmory|Spikes|p1a: Weavile
|-sidestart|p1: rafaa123456|Spikes
|
|upkeep
|turn|2
|
|t:|1779838368
|move|p1a: Weavile|Triple Axel|p2a: Skarmory
|-damage|p2a: Skarmory|50/100
|-damage|p2a: Skarmory|33/100
|-damage|p2a: Skarmory|8/100
|-hitcount|p2a: Skarmory|3
|-damage|p1a: Weavile|81/100|[from] item: Life Orb
|move|p2a: Skarmory|Body Press|p1a: Weavile
|-supereffective|p1a: Weavile
|-damage|p1a: Weavile|0 fnt
|faint|p1a: Weavile
|
|upkeep
|
|t:|1779838391
|switch|p1a: Zapdos|Zapdos|100/100
|turn|3
|
|t:|1779838405
|move|p1a: Zapdos|Volt Switch|p2a: Skarmory
|-supereffective|p2a: Skarmory
|-damage|p2a: Skarmory|0 fnt
|faint|p2a: Skarmory
|
|t:|1779838429
|switch|p1a: Dragapult|Dragapult, M|100/100|[from] Volt Switch
|
|upkeep
|
|t:|1779838444
|switch|p2a: Gliscor|Gliscor, M|100/100
|turn|4
|inactive|rafaa123456 has 120 seconds left.
|
|t:|1779838484
|switch|p1a: Araquanid|Araquanid, F|100/100
|-damage|p1a: Araquanid|88/100|[from] Spikes
|move|p2a: Gliscor|Swords Dance|p2a: Gliscor
|-boost|p2a: Gliscor|atk|2
|
|-status|p2a: Gliscor|tox|[from] item: Toxic Orb
|upkeep
|turn|5
|
|t:|1779838498
|move|p2a: Gliscor|Knock Off|p1a: Araquanid
|-damage|p1a: Araquanid|38/100
|-enditem|p1a: Araquanid|Custap Berry|[from] move: Knock Off|[of] p2a: Gliscor
|move|p1a: Araquanid|Liquidation|p2a: Gliscor
|-supereffective|p2a: Gliscor
|-damage|p2a: Gliscor|8/100 tox
|
|-heal|p2a: Gliscor|21/100 tox|[from] ability: Poison Heal
|upkeep
|turn|6
|
|t:|1779838507
|move|p2a: Gliscor|Earthquake|p1a: Araquanid
|-resisted|p1a: Araquanid
|-damage|p1a: Araquanid|3/100
|move|p1a: Araquanid|Sticky Web|p2a: Gliscor
|-sidestart|p2: claudechamp|move: Sticky Web
|
|-heal|p2a: Gliscor|33/100 tox|[from] ability: Poison Heal
|upkeep
|turn|7
|
|t:|1779838512
|move|p2a: Gliscor|Earthquake|p1a: Araquanid
|-resisted|p1a: Araquanid
|-damage|p1a: Araquanid|0 fnt
|faint|p1a: Araquanid
|
|-heal|p2a: Gliscor|46/100 tox|[from] ability: Poison Heal
|upkeep
|inactive|rafaa123456 has 120 seconds left.
|
|t:|1779838520
|switch|p1a: Great Tusk|Great Tusk|100/100
|turn|8
|
|t:|1779838527
|move|p2a: Gliscor|Protect|p2a: Gliscor
|-singleturn|p2a: Gliscor|Protect
|move|p1a: Great Tusk|Ice Spinner|p2a: Gliscor
|-activate|p2a: Gliscor|move: Protect
|
|-heal|p2a: Gliscor|58/100 tox|[from] ability: Poison Heal
|upkeep
|turn|9
|
|t:|1779838531
|-terastallize|p2a: Gliscor|Dark
|move|p1a: Great Tusk|Ice Spinner|p2a: Gliscor
|-damage|p2a: Gliscor|39/100 tox
|move|p2a: Gliscor|Earthquake|p1a: Great Tusk
|-damage|p1a: Great Tusk|54/100
|
|-heal|p2a: Gliscor|51/100 tox|[from] ability: Poison Heal
|upkeep
|turn|10
|
|t:|1779838543
|move|p2a: Gliscor|Protect|p2a: Gliscor
|-singleturn|p2a: Gliscor|Protect
|move|p1a: Great Tusk|Headlong Rush|p2a: Gliscor
|-activate|p2a: Gliscor|move: Protect
|
|-heal|p2a: Gliscor|64/100 tox|[from] ability: Poison Heal
|upkeep
|turn|11
|
|t:|1779838548
|move|p1a: Great Tusk|Rapid Spin|p2a: Gliscor
|-damage|p2a: Gliscor|50/100 tox
|-boost|p1a: Great Tusk|spe|1
|-sideend|p1: rafaa123456|Spikes|[from] move: Rapid Spin|[of] p1a: Great Tusk
|move|p2a: Gliscor|Earthquake|p1a: Great Tusk
|-damage|p1a: Great Tusk|8/100
|
|-heal|p2a: Gliscor|63/100 tox|[from] ability: Poison Heal
|upkeep
|turn|12
|
|t:|1779838562
|move|p1a: Great Tusk|Headlong Rush|p2a: Gliscor
|-damage|p2a: Gliscor|13/100 tox
|-unboost|p1a: Great Tusk|def|1
|-unboost|p1a: Great Tusk|spd|1
|move|p2a: Gliscor|Knock Off|p1a: Great Tusk
|-resisted|p1a: Great Tusk
|-damage|p1a: Great Tusk|0 fnt
|-enditem|p1a: Great Tusk|Heavy-Duty Boots|[from] move: Knock Off|[of] p2a: Gliscor
|faint|p1a: Great Tusk
|-end|p1a: Great Tusk|Protosynthesis|[silent]
|
|-heal|p2a: Gliscor|25/100 tox|[from] ability: Poison Heal
|upkeep
|
|t:|1779838573
|switch|p1a: Dragapult|Dragapult, M|100/100
|turn|13
|
|t:|1779838578
|-terastallize|p1a: Dragapult|Dragon
|move|p1a: Dragapult|Dragon Darts|p2a: Gliscor
|-damage|p2a: Gliscor|1/100 tox
|-anim|p1a: Dragapult|Dragon Darts|p2a: Gliscor
|-damage|p2a: Gliscor|0 fnt
|faint|p2a: Gliscor
|
|upkeep
|
|t:|1779838585
|switch|p2a: Zamazenta|Zamazenta|100/100
|-ability|p2a: Zamazenta|Dauntless Shield|boost
|-boost|p2a: Zamazenta|def|1
|turn|14
|
|t:|1779838604
|move|p1a: Dragapult|Will-O-Wisp|p2a: Zamazenta
|-status|p2a: Zamazenta|brn
|move|p2a: Zamazenta|Ice Fang|p1a: Dragapult
|-supereffective|p1a: Dragapult
|-damage|p1a: Dragapult|68/100
|
|-damage|p2a: Zamazenta|94/100 brn|[from] brn
|upkeep
|turn|15
|
|t:|1779838610
|move|p1a: Dragapult|Hex|p2a: Zamazenta
|-damage|p2a: Zamazenta|49/100 brn
|move|p2a: Zamazenta|Ice Fang|p1a: Dragapult
|-supereffective|p1a: Dragapult
|-damage|p1a: Dragapult|33/100
|
|-damage|p2a: Zamazenta|43/100 brn|[from] brn
|upkeep
|turn|16
|
|t:|1779838620
|move|p1a: Dragapult|U-turn|p2a: Zamazenta
|-resisted|p2a: Zamazenta
|-damage|p2a: Zamazenta|36/100 brn
|
|t:|1779838634
|switch|p1a: Slowking|Slowking-Galar, M|100/100|[from] U-turn
|move|p2a: Zamazenta|Close Combat|p1a: Slowking
|-resisted|p1a: Slowking
|-damage|p1a: Slowking|92/100
|-unboost|p2a: Zamazenta|def|1
|-unboost|p2a: Zamazenta|spd|1
|
|-heal|p1a: Slowking|98/100|[from] item: Leftovers
|-damage|p2a: Zamazenta|30/100 brn|[from] brn
|upkeep
|turn|17
|
|t:|1779838640
|switch|p2a: Gholdengo|Gholdengo|100/100
|-activate|p2a: Gholdengo|move: Sticky Web
|-unboost|p2a: Gholdengo|spe|1
|move|p1a: Slowking|Future Sight|p2a: Gholdengo
|-start|p1a: Slowking|move: Future Sight
|
|-heal|p1a: Slowking|100/100|[from] item: Leftovers
|upkeep
|turn|18
|
|t:|1779838649
|move|p2a: Gholdengo|Nasty Plot|p2a: Gholdengo
|-boost|p2a: Gholdengo|spa|2
|move|p1a: Slowking|Thunder Wave|p2a: Gholdengo
|-immune|p2a: Gholdengo|[from] ability: Good as Gold
|
|upkeep
|turn|19
|
|t:|1779838669
|move|p2a: Gholdengo|Hex|p1a: Slowking
|-supereffective|p1a: Slowking
|-damage|p1a: Slowking|14/100
|-prepare|p1a: Slowking|Chilly Reception|[premajor]
|move|p1a: Slowking|Chilly Reception|p1a: Slowking
|-weather|Snowscape
|
|t:|1779838681
|switch|p1a: Zapdos|Zapdos|100/100|[from] Chilly Reception
|
|-weather|Snowscape|[upkeep]
|-end|p2a: Gholdengo|move: Future Sight
|-resisted|p2a: Gholdengo
|-damage|p2a: Gholdengo|72/100
|upkeep
|turn|20
|
|t:|1779838690
|move|p1a: Zapdos|Heat Wave|p2a: Gholdengo
|-supereffective|p2a: Gholdengo
|-damage|p2a: Gholdengo|7/100
|move|p2a: Gholdengo|Recover|p2a: Gholdengo
|-heal|p2a: Gholdengo|57/100
|
|-weather|Snowscape|[upkeep]
|upkeep
|turn|21
|
|t:|1779838698
|switch|p2a: Blissey|Blissey, F|100/100
|move|p1a: Zapdos|Heat Wave|p2a: Blissey
|-damage|p2a: Blissey|90/100
|
|-weather|Snowscape|[upkeep]
|upkeep
|turn|22
|
|t:|1779838706
|move|p1a: Zapdos|Volt Switch|p2a: Blissey
|-damage|p2a: Blissey|79/100
|
|t:|1779838710
|switch|p1a: Slowking|Slowking-Galar, M|47/100|[from] Volt Switch
|move|p2a: Blissey|Stealth Rock|p1a: Slowking
|-sidestart|p1: rafaa123456|move: Stealth Rock
|
|-weather|Snowscape|[upkeep]
|-heal|p1a: Slowking|53/100|[from] item: Leftovers
|upkeep
|turn|23
|
|t:|1779838722
|switch|p2a: Gholdengo|Gholdengo|57/100
|-activate|p2a: Gholdengo|move: Sticky Web
|-unboost|p2a: Gholdengo|spe|1
|-prepare|p1a: Slowking|Chilly Reception|[premajor]
|move|p1a: Slowking|Chilly Reception|p1a: Slowking
|
|t:|1779838731
|switch|p1a: Dragapult|Dragapult, M, tera:Dragon|33/100|[from] Chilly Reception
|
|-weather|none
|upkeep
|turn|24
|
|t:|1779838735
|move|p1a: Dragapult|Hex|p2a: Gholdengo
|-supereffective|p2a: Gholdengo
|-crit|p2a: Gholdengo
|-damage|p2a: Gholdengo|0 fnt
|faint|p2a: Gholdengo
|
|upkeep
|
|t:|1779838757
|switch|p2a: Pecharunt|Pecharunt|100/100
|turn|25
|
|t:|1779838771
|move|p1a: Dragapult|U-turn|p2a: Pecharunt
|-resisted|p2a: Pecharunt
|-damage|p2a: Pecharunt|98/100
|
|t:|1779838777
|switch|p1a: Zapdos|Zapdos|100/100|[from] U-turn
|-damage|p1a: Zapdos|75/100|[from] Stealth Rock
|move|p2a: Pecharunt|Shadow Ball|p1a: Zapdos
|-damage|p1a: Zapdos|50/100
|
|-heal|p1a: Zapdos|57/100|[from] item: Leftovers
|upkeep
|turn|26
|
|t:|1779838796
|move|p1a: Zapdos|Hurricane|p2a: Pecharunt
|-damage|p2a: Pecharunt|39/100
|move|p2a: Pecharunt|Toxic|p1a: Zapdos
|-status|p1a: Zapdos|tox
|-start|p1a: Zapdos|confusion|[from] ability: Poison Puppeteer|[of] p2a: Pecharunt
|
|-heal|p1a: Zapdos|63/100 tox|[from] item: Leftovers
|-damage|p1a: Zapdos|57/100 tox|[from] psn
|upkeep
|turn|27
|
|t:|1779838809
|-activate|p1a: Zapdos|confusion
|move|p1a: Zapdos|Roost|p1a: Zapdos
|-heal|p1a: Zapdos|100/100 tox
|-singleturn|p1a: Zapdos|move: Roost
|move|p2a: Pecharunt|Recover|p2a: Pecharunt
|-heal|p2a: Pecharunt|89/100
|
|-damage|p1a: Zapdos|88/100 tox|[from] psn
|upkeep
|turn|28
|
|t:|1779838821
|-activate|p1a: Zapdos|confusion
|-damage|p1a: Zapdos|81/100 tox|[from] confusion
|move|p2a: Pecharunt|Shadow Ball|p1a: Zapdos
|-damage|p1a: Zapdos|56/100 tox
|
|-heal|p1a: Zapdos|62/100 tox|[from] item: Leftovers
|-damage|p1a: Zapdos|43/100 tox|[from] psn
|upkeep
|turn|29
|
|t:|1779838829
|-activate|p1a: Zapdos|confusion
|move|p1a: Zapdos|Volt Switch|p2a: Pecharunt
|-damage|p2a: Pecharunt|51/100
|
|t:|1779838833
|switch|p1a: Slowking|Slowking-Galar, M|86/100|[from] Volt Switch
|-damage|p1a: Slowking|74/100|[from] Stealth Rock
|move|p2a: Pecharunt|Recover|p2a: Pecharunt
|-heal|p2a: Pecharunt|100/100
|
|-heal|p1a: Slowking|80/100|[from] item: Leftovers
|upkeep
|turn|30
|
|t:|1779838841
|move|p2a: Pecharunt|Parting Shot|p1a: Slowking
|-unboost|p1a: Slowking|atk|1
|-unboost|p1a: Slowking|spa|1
|
|t:|1779838849
|switch|p2a: Zamazenta|Zamazenta|30/100 brn|[from] Parting Shot
|move|p1a: Slowking|Thunder Wave||[still]
|-fail|p1a: Slowking
|
|-heal|p1a: Slowking|86/100|[from] item: Leftovers
|-damage|p2a: Zamazenta|24/100 brn|[from] brn
|upkeep
|turn|31
|
|t:|1779838856
|move|p2a: Zamazenta|Crunch|p1a: Slowking
|-supereffective|p1a: Slowking
|-damage|p1a: Slowking|57/100
|move|p1a: Slowking|Ice Beam|p2a: Zamazenta
|-damage|p2a: Zamazenta|6/100 brn
|
|-heal|p1a: Slowking|63/100|[from] item: Leftovers
|-damage|p2a: Zamazenta|0 fnt|[from] brn
|faint|p2a: Zamazenta
|upkeep
|
|t:|1779838874
|switch|p2a: Pecharunt|Pecharunt|100/100
|turn|32
|
|t:|1779838886
|move|p2a: Pecharunt|Shadow Ball|p1a: Slowking
|-supereffective|p1a: Slowking
|-damage|p1a: Slowking|24/100
|move|p1a: Slowking|Future Sight|p2a: Pecharunt
|-start|p1a: Slowking|move: Future Sight
|
|-heal|p1a: Slowking|30/100|[from] item: Leftovers
|upkeep
|turn|33
|
|t:|1779838898
|switch|p1a: Zapdos|Zapdos|43/100 tox
|-damage|p1a: Zapdos|18/100 tox|[from] Stealth Rock
|move|p2a: Pecharunt|Shadow Ball|p1a: Zapdos
|-damage|p1a: Zapdos|0 fnt
|faint|p1a: Zapdos
|
|upkeep
|inactive|rafaa123456 has 120 seconds left.
|
|t:|1779838953
|switch|p1a: Dragapult|Dragapult, M, tera:Dragon|33/100
|turn|34
|
|t:|1779838967
|move|p1a: Dragapult|Will-O-Wisp|p2a: Pecharunt
|-status|p2a: Pecharunt|brn
|move|p2a: Pecharunt|Parting Shot|p1a: Dragapult
|-unboost|p1a: Dragapult|atk|1
|-unboost|p1a: Dragapult|spa|1
|
|t:|1779838973
|switch|p2a: Blissey|Blissey, F|79/100|[from] Parting Shot
|
|-end|p2a: Blissey|move: Future Sight
|-damage|p2a: Blissey|59/100
|upkeep
|turn|35
|
|t:|1779838991
|move|p1a: Dragapult|Dragon Darts|p2a: Blissey
|-damage|p2a: Blissey|37/100
|-anim|p1a: Dragapult|Dragon Darts|p2a: Blissey
|-damage|p2a: Blissey|12/100
|move|p2a: Blissey|Soft-Boiled|p2a: Blissey
|-heal|p2a: Blissey|62/100
|
|upkeep
|turn|36
|
|t:|1779839000
|move|p1a: Dragapult|U-turn|p2a: Blissey
|-damage|p2a: Blissey|47/100
|
|t:|1779839002
|switch|p1a: Slowking|Slowking-Galar, M|63/100|[from] U-turn
|-damage|p1a: Slowking|51/100|[from] Stealth Rock
|move|p2a: Blissey|Soft-Boiled|p2a: Blissey
|-heal|p2a: Blissey|97/100
|
|-heal|p1a: Slowking|57/100|[from] item: Leftovers
|upkeep
|turn|37
|
|t:|1779839008
|move|p2a: Blissey|Shadow Ball|p1a: Slowking
|-supereffective|p1a: Slowking
|-damage|p1a: Slowking|34/100
|move|p1a: Slowking|Future Sight|p2a: Blissey
|-start|p1a: Slowking|move: Future Sight
|
|-heal|p1a: Slowking|40/100|[from] item: Leftovers
|upkeep
|turn|38
|
|t:|1779839023
|move|p2a: Blissey|Shadow Ball|p1a: Slowking
|-supereffective|p1a: Slowking
|-damage|p1a: Slowking|17/100
|-prepare|p1a: Slowking|Chilly Reception|[premajor]
|move|p1a: Slowking|Chilly Reception|p1a: Slowking
|-weather|Snowscape
|
|t:|1779839026
|switch|p1a: Dragapult|Dragapult, M, tera:Dragon|33/100|[from] Chilly Reception
|
|-weather|Snowscape|[upkeep]
|upkeep
|turn|39
|
|t:|1779839039
|move|p1a: Dragapult|Dragon Darts|p2a: Blissey
|-damage|p2a: Blissey|63/100
|-anim|p1a: Dragapult|Dragon Darts|p2a: Blissey
|-crit|p2a: Blissey
|-damage|p2a: Blissey|15/100
|move|p2a: Blissey|Soft-Boiled|p2a: Blissey
|-heal|p2a: Blissey|65/100
|
|-weather|Snowscape|[upkeep]
|-end|p2a: Blissey|move: Future Sight
|-damage|p2a: Blissey|47/100
|upkeep
|turn|40
|
|t:|1779839051
|switch|p2a: Pecharunt|Pecharunt|100/100 brn
|move|p1a: Dragapult|Dragon Darts|p2a: Pecharunt
|-damage|p2a: Pecharunt|86/100 brn
|-anim|p1a: Dragapult|Dragon Darts|p2a: Pecharunt
|-damage|p2a: Pecharunt|69/100 brn
|
|-weather|Snowscape|[upkeep]
|-damage|p2a: Pecharunt|63/100 brn|[from] brn
|upkeep
|turn|41
|
|t:|1779839058
|switch|p2a: Blissey|Blissey, F|47/100
|move|p1a: Dragapult|Hex|p2a: Blissey
|-immune|p2a: Blissey
|
|-weather|Snowscape|[upkeep]
|upkeep
|turn|42
|
|t:|1779839068
|move|p1a: Dragapult|Dragon Darts|p2a: Blissey
|-damage|p2a: Blissey|10/100
|-anim|p1a: Dragapult|Dragon Darts|p2a: Blissey
|-damage|p2a: Blissey|0 fnt
|faint|p2a: Blissey
|
|-weather|none
|upkeep
|
|t:|1779839080
|switch|p2a: Pecharunt|Pecharunt|63/100 brn
|turn|43
|
|t:|1779839091
|move|p1a: Dragapult|Hex|p2a: Pecharunt
|-supereffective|p2a: Pecharunt
|-damage|p2a: Pecharunt|0 fnt
|faint|p2a: Pecharunt
|
|win|rafaa123456
|raw|rafaa123456's rating: 1292 &rarr; <strong>1310</strong><br />(+18 for winning)
|raw|claudechamp's rating: 1190 &rarr; <strong>1172</strong><br />(-18 for losing)
|c|☆claudechamp|gg
