|j|☆PlasmaProphet
|j|☆Sigma11123
|t:|1779913493
|gametype|singles
|player|p1|PlasmaProphet|erika|1287
|player|p2|Sigma11123|hiker-gen4|1295
|gen|9
|tier|[Gen 9] OU
|rated|
|rule|HP Percentage Mod: HP is shown in percentages
|rule|Endless Battle Clause: Forcing endless battles is banned
|rule|Species Clause: Limit one of each Pokémon
|rule|OHKO Clause: OHKO moves are banned
|rule|Evasion Items Clause: Evasion items are banned
|rule|Evasion Moves Clause: Evasion moves are banned
|rule|Evasion Abilities Clause: Evasion abilities are banned
|rule|Sleep Moves Clause: Sleep-inducing moves are banned
|clearpoke
|poke|p1|Iron Leaves|
|poke|p1|Iron Valiant|
|poke|p1|Moltres|
|poke|p1|Pincurchin, M|
|poke|p1|Raging Bolt|
|poke|p1|Iron Crown|
|poke|p2|Zamazenta-*|
|poke|p2|Azumarill, F|
|poke|p2|Landorus-Therian, M|
|poke|p2|Iron Valiant|
|poke|p2|Breloom, M|
|poke|p2|Kingambit, F|
|teampreview
|
|t:|1779913511
|teamsize|p1|6
|teamsize|p2|6
|start
|switch|p1a: Iron Valiant|Iron Valiant|100/100
|switch|p2a: Landorus|Landorus-Therian, M|100/100
|-ability|p2a: Landorus|Intimidate|boost
|-unboost|p1a: Iron Valiant|atk|1
|turn|1
|
|t:|1779913518
|-end|p1a: Iron Valiant|Quark Drive|[silent]
|switch|p1a: Moltres|Moltres|100/100
|move|p2a: Landorus|Taunt|p1a: Moltres
|-start|p1a: Moltres|move: Taunt
|
|upkeep
|turn|2
|
|t:|1779913521
|move|p2a: Landorus|Stealth Rock|p1a: Moltres
|-sidestart|p1: PlasmaProphet|move: Stealth Rock
|move|p1a: Moltres|Air Slash|p2a: Landorus
|-damage|p2a: Landorus|52/100
|
|upkeep
|turn|3
|
|t:|1779913532
|move|p2a: Landorus|Taunt||[still]
|-fail|p2a: Landorus
|move|p1a: Moltres|Air Slash|p2a: Landorus|[miss]
|-miss|p1a: Moltres|p2a: Landorus
|
|-end|p1a: Moltres|move: Taunt
|upkeep
|turn|4
|
|t:|1779913535
|move|p2a: Landorus|Taunt|p1a: Moltres
|-start|p1a: Moltres|move: Taunt
|move|p1a: Moltres|Air Slash|p2a: Landorus
|-damage|p2a: Landorus|7/100
|
|upkeep
|turn|5
|
|t:|1779913539
|move|p2a: Landorus|Taunt||[still]
|-fail|p2a: Landorus
|move|p1a: Moltres|U-turn|p2a: Landorus
|-resisted|p2a: Landorus
|-damage|p2a: Landorus|2/100
|-damage|p1a: Moltres|84/100|[from] item: Rocky Helmet|[of] p2a: Landorus
|
|t:|1779913549
|switch|p1a: Iron Leaves|Iron Leaves|100/100|[from] U-turn
|-damage|p1a: Iron Leaves|88/100|[from] Stealth Rock
|
|upkeep
|turn|6
|
|t:|1779913553
|move|p1a: Iron Leaves|Close Combat|p2a: Landorus
|-resisted|p2a: Landorus
|-damage|p2a: Landorus|0 fnt
|-unboost|p1a: Iron Leaves|def|1
|-unboost|p1a: Iron Leaves|spd|1
|-damage|p1a: Iron Leaves|72/100|[from] item: Rocky Helmet|[of] p2a: Landorus
|faint|p2a: Landorus
|
|upkeep
|
|t:|1779913555
|switch|p2a: Azumarill|Azumarill, F|100/100
|turn|7
|
|t:|1779913558
|-end|p1a: Iron Leaves|Quark Drive|[silent]
|switch|p1a: Pincurchin|Pincurchin, M|100/100
|-damage|p1a: Pincurchin|88/100|[from] Stealth Rock
|-fieldstart|move: Electric Terrain|[from] ability: Electric Surge|[of] p1a: Pincurchin
|move|p2a: Azumarill|Belly Drum|p2a: Azumarill
|-damage|p2a: Azumarill|50/100
|-setboost|p2a: Azumarill|atk|6|[from] move: Belly Drum
|-enditem|p2a: Azumarill|Sitrus Berry|[eat]
|-heal|p2a: Azumarill|75/100|[from] item: Sitrus Berry
|
|upkeep
|turn|8
|
|t:|1779913561
|move|p2a: Azumarill|Aqua Jet|p1a: Pincurchin
|-damage|p1a: Pincurchin|0 fnt
|faint|p1a: Pincurchin
|
|upkeep
|
|t:|1779913566
|switch|p1a: Iron Crown|Iron Crown|100/100
|-damage|p1a: Iron Crown|94/100|[from] Stealth Rock
|-activate|p1a: Iron Crown|ability: Quark Drive
|-start|p1a: Iron Crown|quarkdrivespa
|turn|9
|
|t:|1779913570
|move|p2a: Azumarill|Aqua Jet|p1a: Iron Crown
|-damage|p1a: Iron Crown|0 fnt
|faint|p1a: Iron Crown
|-end|p1a: Iron Crown|Quark Drive|[silent]
|
|upkeep
|
|t:|1779913574
|switch|p1a: Raging Bolt|Raging Bolt|100/100
|-damage|p1a: Raging Bolt|88/100|[from] Stealth Rock
|-item|p1a: Raging Bolt|Air Balloon
|turn|10
|
|t:|1779913576
|move|p2a: Azumarill|Protect|p2a: Azumarill
|-singleturn|p2a: Azumarill|Protect
|move|p1a: Raging Bolt|Thunderclap||[still]
|-fail|p1a: Raging Bolt
|
|upkeep
|turn|11
|
|t:|1779913584
|move|p2a: Azumarill|Protect|p2a: Azumarill
|-singleturn|p2a: Azumarill|Protect
|move|p1a: Raging Bolt|Volt Switch|p2a: Azumarill
|-activate|p2a: Azumarill|move: Protect
|
|upkeep
|turn|12
|
|t:|1779913592
|move|p1a: Raging Bolt|Thunderclap|p2a: Azumarill
|-supereffective|p2a: Azumarill
|-damage|p2a: Azumarill|0 fnt
|faint|p2a: Azumarill
|
|upkeep
|
|t:|1779913597
|switch|p2a: Zamazenta|Zamazenta|100/100
|-ability|p2a: Zamazenta|Dauntless Shield|boost
|-boost|p2a: Zamazenta|def|1
|turn|13
|
|t:|1779913599
|move|p2a: Zamazenta|Ice Fang|p1a: Raging Bolt
|-supereffective|p1a: Raging Bolt
|-damage|p1a: Raging Bolt|49/100
|-enditem|p1a: Raging Bolt|Air Balloon
|move|p1a: Raging Bolt|Draco Meteor|p2a: Zamazenta
|-damage|p2a: Zamazenta|36/100
|-unboost|p1a: Raging Bolt|spa|2
|
|upkeep
|turn|14
|
|t:|1779913604
|move|p2a: Zamazenta|Ice Fang|p1a: Raging Bolt
|-supereffective|p1a: Raging Bolt
|-damage|p1a: Raging Bolt|8/100
|move|p1a: Raging Bolt|Volt Switch|p2a: Zamazenta
|-damage|p2a: Zamazenta|14/100
|
|t:|1779913609
|-end|p1a: Raging Bolt|Protosynthesis|[silent]
|switch|p1a: Iron Leaves|Iron Leaves|72/100|[from] Volt Switch
|-damage|p1a: Iron Leaves|59/100|[from] Stealth Rock
|-activate|p1a: Iron Leaves|ability: Quark Drive
|-start|p1a: Iron Leaves|quarkdriveatk
|
|-fieldend|move: Electric Terrain
|-end|p1a: Iron Leaves|Quark Drive
|upkeep
|turn|15
|
|t:|1779913615
|move|p1a: Iron Leaves|Psyblade|p2a: Zamazenta
|-supereffective|p2a: Zamazenta
|-damage|p2a: Zamazenta|0 fnt
|faint|p2a: Zamazenta
|
|upkeep
|
|t:|1779913627
|switch|p2a: Iron Valiant|Iron Valiant|100/100
|-enditem|p2a: Iron Valiant|Booster Energy
|-activate|p2a: Iron Valiant|ability: Quark Drive|[fromitem]
|-start|p2a: Iron Valiant|quarkdrivespe
|turn|16
|
|t:|1779913630
|move|p2a: Iron Valiant|Knock Off|p1a: Iron Leaves
|-supereffective|p1a: Iron Leaves
|-damage|p1a: Iron Leaves|0 fnt
|-enditem|p1a: Iron Leaves|Choice Scarf|[from] move: Knock Off|[of] p2a: Iron Valiant
|faint|p1a: Iron Leaves
|-end|p1a: Iron Leaves|Quark Drive|[silent]
|
|upkeep
|
|t:|1779913632
|switch|p1a: Moltres|Moltres|84/100
|turn|17
|
|t:|1779913636
|move|p2a: Iron Valiant|Knock Off|p1a: Moltres
|-damage|p1a: Moltres|57/100
|-status|p2a: Iron Valiant|brn|[from] ability: Flame Body|[of] p1a: Moltres
|-enditem|p1a: Moltres|Heavy-Duty Boots|[from] move: Knock Off|[of] p2a: Iron Valiant
|move|p1a: Moltres|Air Slash|p2a: Iron Valiant
|-supereffective|p2a: Iron Valiant
|-damage|p2a: Iron Valiant|0 fnt
|faint|p2a: Iron Valiant
|-end|p2a: Iron Valiant|Quark Drive|[silent]
|
|upkeep
|
|t:|1779913639
|switch|p2a: Breloom|Breloom, M|100/100
|turn|18
|
|t:|1779913642
|move|p2a: Breloom|Bullet Seed|p1a: Moltres
|-resisted|p1a: Moltres
|-damage|p1a: Moltres|53/100
|-resisted|p1a: Moltres
|-damage|p1a: Moltres|48/100
|-resisted|p1a: Moltres
|-damage|p1a: Moltres|43/100
|-resisted|p1a: Moltres
|-damage|p1a: Moltres|39/100
|-hitcount|p1a: Moltres|4
|move|p1a: Moltres|Air Slash|p2a: Breloom
|-supereffective|p2a: Breloom
|-damage|p2a: Breloom|0 fnt
|faint|p2a: Breloom
|
|upkeep
|
|t:|1779913644
|switch|p2a: Kingambit|Kingambit, F|100/100
|-activate|p2a: Kingambit|ability: Supreme Overlord
|-start|p2a: Kingambit|fallen5|[silent]
|turn|19
|
|t:|1779913649
|-terastallize|p2a: Kingambit|Fairy
|move|p1a: Moltres|Flamethrower|p2a: Kingambit
|-damage|p2a: Kingambit|53/100
|move|p2a: Kingambit|Swords Dance|p2a: Kingambit
|-boost|p2a: Kingambit|atk|2
|
|-heal|p2a: Kingambit|59/100|[from] item: Leftovers
|upkeep
|turn|20
|
|t:|1779913657
|move|p1a: Moltres|Roost|p1a: Moltres
|-heal|p1a: Moltres|89/100
|-singleturn|p1a: Moltres|move: Roost
|move|p2a: Kingambit|Swords Dance|p2a: Kingambit
|-boost|p2a: Kingambit|atk|2
|
|-heal|p2a: Kingambit|65/100|[from] item: Leftovers
|upkeep
|turn|21
|
|t:|1779913666
|move|p1a: Moltres|Flamethrower|p2a: Kingambit
|-crit|p2a: Kingambit
|-damage|p2a: Kingambit|0 fnt
|faint|p2a: Kingambit
|-end|p2a: Kingambit|fallen5|[silent]
|
|win|PlasmaProphet
|raw|PlasmaProphet's rating: 1287 &rarr; <strong>1313</strong><br />(+26 for winning)
|raw|Sigma11123's rating: 1295 &rarr; <strong>1269</strong><br />(-26 for losing)
|l|☆PlasmaProphet
|player|p1|
|c|☆Sigma11123|NO WAYYY
|c|☆Sigma11123|WHAT THE FUCK
|l|☆Sigma11123
|player|p2|
