|j|☆Cantarope
|j|☆bigdannymason
|t:|1779916162
|gametype|singles
|player|p1|Cantarope|kieran|1524
|player|p2|bigdannymason|265|1543
|gen|9
|tier|[Gen 9] OU
|rated|
|rule|HP Percentage Mod: HP is shown in percentages
|rule|Endless Battle Clause: Forcing endless battles is banned
|rule|Species Clause: Limit one of each Pokémon
|rule|OHKO Clause: OHKO moves are banned
|rule|Evasion Items Clause: Evasion items are banned
|rule|Evasion Moves Clause: Evasion moves are banned
|rule|Evasion Abilities Clause: Evasion abilities are banned
|rule|Sleep Moves Clause: Sleep-inducing moves are banned
|clearpoke
|poke|p1|Muk-Alola, F|
|poke|p1|Corviknight, M|
|poke|p1|Darkrai|
|poke|p1|Enamorus, F|
|poke|p1|Ogerpon-Wellspring, F|
|poke|p1|Cinderace, M|
|poke|p2|Hawlucha, F|
|poke|p2|Samurott-Hisui, F|
|poke|p2|Rillaboom, F|
|poke|p2|Gholdengo|
|poke|p2|Kyurem|
|poke|p2|Landorus-Therian, M|
|teampreview
|inactive|Battle timer is ON: inactive players will automatically lose when time's up. (requested by Cantarope)
|c|☆Cantarope|glhf
|c|☆bigdannymason|you too
|
|t:|1779916192
|teamsize|p1|6
|teamsize|p2|6
|start
|switch|p1a: Corviknight|Corviknight, M|100/100
|switch|p2a: Samurott|Samurott-Hisui, F|100/100
|-ability|p1a: Corviknight|Pressure
|turn|1
|
|t:|1779916206
|move|p2a: Samurott|Ceaseless Edge|p1a: Corviknight
|-crit|p1a: Corviknight
|-damage|p1a: Corviknight|63/100
|-damage|p2a: Samurott|84/100|[from] item: Rocky Helmet|[of] p1a: Corviknight
|-sidestart|p1: Cantarope|Spikes
|move|p1a: Corviknight|U-turn|p2a: Samurott
|-supereffective|p2a: Samurott
|-damage|p2a: Samurott|53/100
|
|t:|1779916230
|switch|p1a: Cinderace|Cinderace, M|100/100|[from] U-turn
|
|upkeep
|turn|2
|
|t:|1779916240
|switch|p2a: Landorus|Landorus-Therian, M|100/100
|-ability|p2a: Landorus|Intimidate|boost
|-unboost|p1a: Cinderace|atk|1
|move|p1a: Cinderace|U-turn|p2a: Landorus
|-start|p1a: Cinderace|typechange|Bug|[from] ability: Libero
|-resisted|p2a: Landorus
|-damage|p2a: Landorus|89/100
|-damage|p1a: Cinderace|84/100|[from] item: Rocky Helmet|[of] p2a: Landorus
|
|t:|1779916254
|switch|p1a: Corviknight|Corviknight, M|63/100|[from] U-turn
|-ability|p1a: Corviknight|Pressure
|
|upkeep
|turn|3
|
|t:|1779916259
|move|p2a: Landorus|Taunt|p1a: Corviknight
|-start|p1a: Corviknight|move: Taunt
|cant|p1a: Corviknight|move: Taunt|Defog
|
|upkeep
|turn|4
|
|t:|1779916264
|move|p2a: Landorus|Stealth Rock|p1a: Corviknight
|-sidestart|p1: Cantarope|move: Stealth Rock
|move|p1a: Corviknight|U-turn|p2a: Landorus
|-resisted|p2a: Landorus
|-damage|p2a: Landorus|82/100
|-damage|p1a: Corviknight|46/100|[from] item: Rocky Helmet|[of] p2a: Landorus
|
|t:|1779916272
|switch|p1a: Darkrai|Darkrai|100/100|[from] U-turn
|-damage|p1a: Darkrai|88/100|[from] Spikes
|-damage|p1a: Darkrai|76/100|[from] Stealth Rock
|
|upkeep
|turn|5
|
|t:|1779916283
|switch|p2a: Kyurem|Kyurem|100/100
|-ability|p2a: Kyurem|Pressure
|move|p1a: Darkrai|Ice Beam|p2a: Kyurem
|-damage|p2a: Kyurem|74/100
|-damage|p1a: Darkrai|66/100|[from] item: Life Orb
|
|upkeep
|turn|6
|
|t:|1779916292
|move|p1a: Darkrai|Focus Blast|p2a: Kyurem
|-supereffective|p2a: Kyurem
|-damage|p2a: Kyurem|0 fnt
|faint|p2a: Kyurem
|-damage|p1a: Darkrai|56/100|[from] item: Life Orb
|
|upkeep
|
|t:|1779916319
|switch|p2a: Gholdengo|Gholdengo|100/100
|turn|7
|
|t:|1779916333
|switch|p1a: Me Ne Sbatto G!|Muk-Alola, F, shiny|100/100
|-damage|p1a: Me Ne Sbatto G!|88/100|[from] Spikes
|-damage|p1a: Me Ne Sbatto G!|76/100|[from] Stealth Rock
|move|p2a: Gholdengo|Make It Rain|p1a: Me Ne Sbatto G!
|-damage|p1a: Me Ne Sbatto G!|43/100
|-unboost|p2a: Gholdengo|spa|1
|
|upkeep
|turn|8
|
|t:|1779916343
|switch|p2a: Landorus|Landorus-Therian, M|82/100
|-ability|p2a: Landorus|Intimidate|boost
|-unboost|p1a: Me Ne Sbatto G!|atk|1
|move|p1a: Me Ne Sbatto G!|Knock Off|p2a: Landorus
|-damage|p2a: Landorus|52/100
|-damage|p1a: Me Ne Sbatto G!|27/100|[from] item: Rocky Helmet|[of] p2a: Landorus
|-enditem|p2a: Landorus|Rocky Helmet|[from] move: Knock Off|[of] p1a: Me Ne Sbatto G!
|
|upkeep
|turn|9
|
|t:|1779916353
|move|p2a: Landorus|U-turn|p1a: Me Ne Sbatto G!
|-damage|p1a: Me Ne Sbatto G!|7/100
|
|t:|1779916364
|switch|p2a: Samurott|Samurott-Hisui, F|53/100|[from] U-turn
|move|p1a: Me Ne Sbatto G!|Ice Punch|p2a: Samurott
|-resisted|p2a: Samurott
|-damage|p2a: Samurott|44/100
|
|upkeep
|turn|10
|
|t:|1779916379
|move|p2a: Samurott|Flip Turn|p1a: Me Ne Sbatto G!
|-damage|p1a: Me Ne Sbatto G!|0 fnt
|faint|p1a: Me Ne Sbatto G!
|
|t:|1779916384
|switch|p2a: Landorus|Landorus-Therian, M|52/100|[from] Flip Turn
|
|upkeep
|inactive|Cantarope has 120 seconds left.
|
|t:|1779916417
|switch|p1a: Darkrai|Darkrai|56/100
|-damage|p1a: Darkrai|43/100|[from] Spikes
|-damage|p1a: Darkrai|31/100|[from] Stealth Rock
|turn|11
|
|t:|1779916423
|switch|p2a: Samurott|Samurott-Hisui, F|44/100
|move|p1a: Darkrai|Dark Pulse|p2a: Samurott
|-resisted|p2a: Samurott
|-damage|p2a: Samurott|25/100
|-damage|p1a: Darkrai|21/100|[from] item: Life Orb
|
|upkeep
|turn|12
|
|t:|1779916431
|switch|p1a: Corviknight|Corviknight, M|46/100
|-damage|p1a: Corviknight|34/100|[from] Stealth Rock
|-ability|p1a: Corviknight|Pressure
|move|p2a: Samurott|Sucker Punch||[still]
|-fail|p2a: Samurott
|
|upkeep
|turn|13
|
|t:|1779916441
|move|p2a: Samurott|Knock Off|p1a: Corviknight
|-damage|p1a: Corviknight|8/100
|-damage|p2a: Samurott|8/100|[from] item: Rocky Helmet|[of] p1a: Corviknight
|-enditem|p1a: Corviknight|Rocky Helmet|[from] move: Knock Off|[of] p2a: Samurott
|move|p1a: Corviknight|Defog|p2a: Samurott
|-unboost|p2a: Samurott|evasion|1
|-sideend|p1: Cantarope|Spikes|[from] move: Defog|[of] p1a: Corviknight
|-sideend|p1: Cantarope|Stealth Rock|[from] move: Defog|[of] p1a: Corviknight
|
|upkeep
|turn|14
|
|t:|1779916452
|move|p2a: Samurott|Ceaseless Edge|p1a: Corviknight
|-damage|p1a: Corviknight|0 fnt
|-sidestart|p1: Cantarope|Spikes
|faint|p1a: Corviknight
|
|upkeep
|
|t:|1779916476
|switch|p1a: Cinderace|Cinderace, M|84/100
|turn|15
|
|t:|1779916487
|move|p2a: Samurott|Sucker Punch||[still]
|-fail|p2a: Samurott
|move|p1a: Cinderace|Court Change|p1a: Cinderace
|-start|p1a: Cinderace|typechange|Normal|[from] ability: Libero
|-swapsideconditions
|-activate|p1a: Cinderace|move: Court Change
|
|upkeep
|turn|16
|
|t:|1779916494
|move|p2a: Samurott|Sucker Punch|p1a: Cinderace
|-damage|p1a: Cinderace|45/100
|move|p1a: Cinderace|U-turn|p2a: Samurott
|-supereffective|p2a: Samurott
|-damage|p2a: Samurott|0 fnt
|faint|p2a: Samurott
|
|t:|1779916503
|switch|p1a: Enamorus|Enamorus, F|100/100|[from] U-turn
|
|upkeep
|
|t:|1779916508
|switch|p2a: Gholdengo|Gholdengo|100/100
|-damage|p2a: Gholdengo|88/100|[from] Spikes
|turn|17
|
|t:|1779916517
|-terastallize|p1a: Enamorus|Ground
|move|p1a: Enamorus|Earth Power|p2a: Gholdengo
|-supereffective|p2a: Gholdengo
|-damage|p2a: Gholdengo|0 fnt
|faint|p2a: Gholdengo
|
|upkeep
|
|t:|1779916526
|switch|p2a: Rillaboom|Rillaboom, F|100/100
|-damage|p2a: Rillaboom|88/100|[from] Spikes
|-fieldstart|move: Grassy Terrain|[from] ability: Grassy Surge|[of] p2a: Rillaboom
|turn|18
|inactive|Cantarope has 120 seconds left.
|
|t:|1779916564
|switch|p1a: Ogerpon|Ogerpon-Wellspring, F|100/100
|move|p2a: Rillaboom|Swords Dance|p2a: Rillaboom
|-boost|p2a: Rillaboom|atk|2
|
|-heal|p2a: Rillaboom|94/100|[from] Grassy Terrain
|upkeep
|turn|19
|inactive|Cantarope has 120 seconds left.
|
|t:|1779916574
|move|p2a: Rillaboom|Grassy Glide|p1a: Ogerpon
|-damage|p1a: Ogerpon|0 fnt
|faint|p1a: Ogerpon
|
|-heal|p2a: Rillaboom|100/100|[from] Grassy Terrain
|upkeep
|inactive|Cantarope has 120 seconds left.
|
|t:|1779916588
|switch|p1a: Cinderace|Cinderace, M|45/100
|turn|20
|inactive|Cantarope has 120 seconds left.
|inactive|bigdannymason has 120 seconds left.
|
|t:|1779916633
|-terastallize|p2a: Rillaboom|Fire
|move|p1a: Cinderace|Pyro Ball|p2a: Rillaboom
|-resisted|p2a: Rillaboom
|-damage|p2a: Rillaboom|69/100
|move|p2a: Rillaboom|Knock Off|p1a: Cinderace
|-damage|p1a: Cinderace|0 fnt
|-enditem|p1a: Cinderace|Heavy-Duty Boots|[from] move: Knock Off|[of] p2a: Rillaboom
|faint|p1a: Cinderace
|
|-heal|p2a: Rillaboom|76/100|[from] Grassy Terrain
|upkeep
|
|t:|1779916647
|switch|p1a: Enamorus|Enamorus, F, tera:Ground|100/100
|turn|21
|
|t:|1779916650
|move|p2a: Rillaboom|Grassy Glide|p1a: Enamorus
|-supereffective|p1a: Enamorus
|-damage|p1a: Enamorus|0 fnt
|faint|p1a: Enamorus
|
|-heal|p2a: Rillaboom|82/100|[from] Grassy Terrain
|upkeep
|
|t:|1779916653
|switch|p1a: Darkrai|Darkrai|21/100
|turn|22
|c|☆Cantarope|gg wp
|c|☆bigdannymason|gg
|
|t:|1779916660
|move|p2a: Rillaboom|Grassy Glide|p1a: Darkrai
|-damage|p1a: Darkrai|0 fnt
|faint|p1a: Darkrai
|
|win|bigdannymason
|raw|Cantarope's rating: 1524 &rarr; <strong>1505</strong><br />(-19 for losing)
|raw|bigdannymason's rating: 1543 &rarr; <strong>1562</strong><br />(+19 for winning)
|l|☆Cantarope
|player|p1|
