|j|☆jd2sleepy
|j|☆carnivore05
|t:|1779856235
|gametype|singles
|player|p1|jd2sleepy|brock|1640
|player|p2|carnivore05|darach-caitlin|1538
|gen|9
|tier|[Gen 9] OU
|rated|
|rule|HP Percentage Mod: HP is shown in percentages
|rule|Endless Battle Clause: Forcing endless battles is banned
|rule|Species Clause: Limit one of each Pokémon
|rule|OHKO Clause: OHKO moves are banned
|rule|Evasion Items Clause: Evasion items are banned
|rule|Evasion Moves Clause: Evasion moves are banned
|rule|Evasion Abilities Clause: Evasion abilities are banned
|rule|Sleep Moves Clause: Sleep-inducing moves are banned
|clearpoke
|poke|p1|Kingambit, M|
|poke|p1|Pelipper, F|
|poke|p1|Iron Treads|
|poke|p1|Zamazenta-*|
|poke|p1|Iron Valiant|
|poke|p1|Keldeo-Resolute|
|poke|p2|Deoxys-Speed|
|poke|p2|Ogerpon-Wellspring, F|
|poke|p2|Zamazenta-*|
|poke|p2|Glimmora, M|
|poke|p2|Ceruledge, M|
|poke|p2|Darkrai|
|teampreview
|c|☆carnivore05|glhf
|
|t:|1779856245
|teamsize|p1|6
|teamsize|p2|6
|start
|switch|p1a: Tready Way|Iron Treads|100/100
|switch|p2a: Glimmora|Glimmora, M|100/100
|turn|1
|
|t:|1779856249
|switch|p2a: Ogerpon|Ogerpon-Wellspring, F|100/100
|move|p1a: Tready Way|Earthquake|p2a: Ogerpon
|-resisted|p2a: Ogerpon
|-damage|p2a: Ogerpon|78/100
|
|upkeep
|turn|2
|
|t:|1779856255
|move|p2a: Ogerpon|Ivy Cudgel|p1a: Tready Way|[anim] Ivy Cudgel Water
|-supereffective|p1a: Tready Way
|-crit|p1a: Tready Way
|-enditem|p1a: Tready Way|Focus Sash
|-damage|p1a: Tready Way|1/100
|move|p1a: Tready Way|Endeavor|p2a: Ogerpon
|-damage|p2a: Ogerpon|1/100
|
|upkeep
|turn|3
|
|t:|1779856264
|-end|p1a: Tready Way|Quark Drive|[silent]
|switch|p1a: Drizzy|Pelipper, F|100/100
|-weather|RainDance|[from] ability: Drizzle|[of] p1a: Drizzy
|move|p2a: Ogerpon|Horn Leech|p1a: Drizzy
|-damage|p1a: Drizzy|65/100
|-heal|p2a: Ogerpon|20/100|[from] drain|[of] p1a: Drizzy
|
|-weather|RainDance|[upkeep]
|upkeep
|turn|4
|j| xXweedwizerd420Xx
|
|t:|1779856273
|switch|p1a: My Little Pony|Keldeo-Resolute|100/100
|move|p2a: Ogerpon|Ivy Cudgel|p1a: My Little Pony|[anim] Ivy Cudgel Water
|-resisted|p1a: My Little Pony
|-damage|p1a: My Little Pony|48/100
|
|-weather|RainDance|[upkeep]
|upkeep
|turn|5
|
|t:|1779856287
|switch|p2a: Ceruledge|Ceruledge, M|100/100
|move|p1a: My Little Pony|Secret Sword|p2a: Ceruledge
|-immune|p2a: Ceruledge
|
|-weather|RainDance|[upkeep]
|upkeep
|turn|6
|
|t:|1779856292
|switch|p2a: Ogerpon|Ogerpon-Wellspring, F|20/100
|move|p1a: My Little Pony|Icy Wind|p2a: Ogerpon
|-crit|p2a: Ogerpon
|-damage|p2a: Ogerpon|0 fnt
|faint|p2a: Ogerpon
|
|-weather|RainDance|[upkeep]
|upkeep
|
|t:|1779856300
|switch|p2a: Darkrai|Darkrai|100/100
|turn|7
|
|t:|1779856307
|move|p2a: Darkrai|Focus Blast|p1a: My Little Pony
|-damage|p1a: My Little Pony|0 fnt
|faint|p1a: My Little Pony
|
|-weather|RainDance|[upkeep]
|upkeep
|
|t:|1779856322
|switch|p1a: Legend Of Zama|Zamazenta|100/100
|-ability|p1a: Legend Of Zama|Dauntless Shield|boost
|-boost|p1a: Legend Of Zama|def|1
|turn|8
|
|t:|1779856330
|switch|p2a: Ceruledge|Ceruledge, M|100/100
|move|p1a: Legend Of Zama|Crunch|p2a: Ceruledge
|-supereffective|p2a: Ceruledge
|-damage|p2a: Ceruledge|4/100
|-ability|p2a: Ceruledge|Weak Armor|boost
|-unboost|p2a: Ceruledge|def|1
|-boost|p2a: Ceruledge|spe|2
|-damage|p1a: Legend Of Zama|91/100|[from] item: Life Orb
|
|-weather|RainDance|[upkeep]
|upkeep
|turn|9
|l| xXweedwizerd420Xx
|
|t:|1779856336
|move|p2a: Ceruledge|Poltergeist|p1a: Legend Of Zama
|-activate|p1a: Legend Of Zama|move: Poltergeist|Life Orb
|-damage|p1a: Legend Of Zama|41/100
|-damage|p2a: Ceruledge|0 fnt|[from] item: Life Orb
|faint|p2a: Ceruledge
|move|p1a: Legend Of Zama|Crunch|p2: Ceruledge|[notarget]
|-fail|p1a: Legend Of Zama
|
|-weather|RainDance|[upkeep]
|upkeep
|
|t:|1779856341
|switch|p2a: Deoxys|Deoxys-Speed|100/100
|-ability|p2a: Deoxys|Pressure
|turn|10
|
|t:|1779856348
|move|p2a: Deoxys|Reflect|p2a: Deoxys
|-sidestart|p2: carnivore05|Reflect
|move|p1a: Legend Of Zama|Crunch|p2a: Deoxys
|-supereffective|p2a: Deoxys
|-damage|p2a: Deoxys|58/100
|-damage|p1a: Legend Of Zama|32/100|[from] item: Life Orb
|
|-weather|none
|upkeep
|turn|11
|
|t:|1779856351
|move|p2a: Deoxys|Psycho Boost|p1a: Legend Of Zama
|-supereffective|p1a: Legend Of Zama
|-damage|p1a: Legend Of Zama|0 fnt
|-unboost|p2a: Deoxys|spa|2
|faint|p1a: Legend Of Zama
|
|upkeep
|
|t:|1779856363
|switch|p1a: IfILoseitall|Kingambit, M|100/100
|-activate|p1a: IfILoseitall|ability: Supreme Overlord
|-start|p1a: IfILoseitall|fallen2|[silent]
|-item|p1a: IfILoseitall|Air Balloon
|turn|12
|
|t:|1779856371
|switch|p2a: Zamazenta|Zamazenta|100/100
|-ability|p2a: Zamazenta|Dauntless Shield|boost
|-boost|p2a: Zamazenta|def|1
|move|p1a: IfILoseitall|Kowtow Cleave|p2a: Zamazenta
|-resisted|p2a: Zamazenta
|-damage|p2a: Zamazenta|94/100
|
|-heal|p2a: Zamazenta|99/100|[from] item: Leftovers
|upkeep
|turn|13
|
|t:|1779856384
|-end|p1a: IfILoseitall|fallen2|[silent]
|switch|p1a: Drizzy|Pelipper, F|65/100
|-weather|RainDance|[from] ability: Drizzle|[of] p1a: Drizzy
|move|p2a: Zamazenta|Body Press|p1a: Drizzy
|-resisted|p1a: Drizzy
|-damage|p1a: Drizzy|43/100
|
|-weather|RainDance|[upkeep]
|-heal|p2a: Zamazenta|100/100|[from] item: Leftovers
|upkeep
|turn|14
|
|t:|1779856423
|switch|p2a: Glimmora|Glimmora, M|100/100
|move|p1a: Drizzy|Hurricane|p2a: Glimmora
|-resisted|p2a: Glimmora
|-damage|p2a: Glimmora|75/100
|
|-weather|RainDance|[upkeep]
|upkeep
|turn|15
|
|t:|1779856440
|switch|p1a: Tready Way|Iron Treads|1/100
|move|p2a: Glimmora|Meteor Beam||[still]
|-prepare|p2a: Glimmora|Meteor Beam
|-boost|p2a: Glimmora|spa|1
|-enditem|p2a: Glimmora|Power Herb
|-anim|p2a: Glimmora|Meteor Beam|p1a: Tready Way
|-resisted|p1a: Tready Way
|-damage|p1a: Tready Way|0 fnt
|faint|p1a: Tready Way
|-end|p1a: Tready Way|Quark Drive|[silent]
|
|-weather|RainDance|[upkeep]
|upkeep
|
|t:|1779856443
|switch|p1a: IfILoseitall|Kingambit, M|100/100
|-activate|p1a: IfILoseitall|ability: Supreme Overlord
|-start|p1a: IfILoseitall|fallen3|[silent]
|-item|p1a: IfILoseitall|Air Balloon
|turn|16
|
|t:|1779856453
|switch|p2a: Zamazenta|Zamazenta|100/100
|move|p1a: IfILoseitall|Iron Head|p2a: Zamazenta
|-damage|p2a: Zamazenta|79/100
|
|-weather|RainDance|[upkeep]
|-heal|p2a: Zamazenta|85/100|[from] item: Leftovers
|upkeep
|turn|17
|
|t:|1779856460
|move|p2a: Zamazenta|Body Press|p1a: IfILoseitall
|-supereffective|p1a: IfILoseitall
|-damage|p1a: IfILoseitall|0 fnt
|-enditem|p1a: IfILoseitall|Air Balloon
|faint|p1a: IfILoseitall
|-end|p1a: IfILoseitall|fallen3|[silent]
|
|-weather|RainDance|[upkeep]
|-heal|p2a: Zamazenta|92/100|[from] item: Leftovers
|-sideend|p2: carnivore05|Reflect
|upkeep
|
|t:|1779856462
|switch|p1a: Valiant Effort|Iron Valiant|100/100
|-enditem|p1a: Valiant Effort|Booster Energy
|-activate|p1a: Valiant Effort|ability: Quark Drive|[fromitem]
|-start|p1a: Valiant Effort|quarkdrivespe
|turn|18
|
|t:|1779856470
|switch|p2a: Glimmora|Glimmora, M|75/100
|move|p1a: Valiant Effort|Calm Mind|p1a: Valiant Effort
|-boost|p1a: Valiant Effort|spa|1
|-boost|p1a: Valiant Effort|spd|1
|
|-weather|RainDance|[upkeep]
|upkeep
|turn|19
|
|t:|1779856476
|move|p1a: Valiant Effort|Psyshock|p2a: Glimmora
|-supereffective|p2a: Glimmora
|-damage|p2a: Glimmora|0 fnt
|faint|p2a: Glimmora
|
|-weather|RainDance|[upkeep]
|upkeep
|
|t:|1779856491
|switch|p2a: Zamazenta|Zamazenta|92/100
|turn|20
|
|t:|1779856499
|-terastallize|p2a: Zamazenta|Electric
|move|p1a: Valiant Effort|Moonblast|p2a: Zamazenta
|-damage|p2a: Zamazenta|29/100
|move|p2a: Zamazenta|Heavy Slam|p1a: Valiant Effort
|-supereffective|p1a: Valiant Effort
|-damage|p1a: Valiant Effort|23/100
|
|-weather|none
|-heal|p2a: Zamazenta|36/100|[from] item: Leftovers
|upkeep
|turn|21
|j| testingrainteam1
|
|t:|1779856509
|move|p1a: Valiant Effort|Moonblast|p2a: Zamazenta
|-damage|p2a: Zamazenta|0 fnt
|faint|p2a: Zamazenta
|
|upkeep
|
|t:|1779856512
|switch|p2a: Deoxys|Deoxys-Speed|58/100
|-ability|p2a: Deoxys|Pressure
|turn|22
|
|t:|1779856514
|move|p1a: Valiant Effort|Moonblast|p2a: Deoxys
|-damage|p2a: Deoxys|0 fnt
|faint|p2a: Deoxys
|
|upkeep
|
|t:|1779856516
|switch|p2a: Darkrai|Darkrai|100/100
|turn|23
|
|t:|1779856520
|move|p1a: Valiant Effort|Moonblast|p2a: Darkrai
|-supereffective|p2a: Darkrai
|-damage|p2a: Darkrai|0 fnt
|faint|p2a: Darkrai
|
|win|jd2sleepy
|raw|jd2sleepy's rating: 1640 &rarr; <strong>1654</strong><br />(+14 for winning)
|raw|carnivore05's rating: 1538 &rarr; <strong>1524</strong><br />(-14 for losing)
|l|☆jd2sleepy
|player|p1|
|l|☆carnivore05
|player|p2|
|l| testingrainteam1
