|j|☆AKGD
|j|☆noomvoom
|t:|1779833829
|gametype|singles
|player|p1|AKGD|swimmerf|1448
|player|p2|noomvoom|bugcatcher-gen4dp|1443
|gen|9
|tier|[Gen 9] OU
|rated|
|rule|HP Percentage Mod: HP is shown in percentages
|rule|Endless Battle Clause: Forcing endless battles is banned
|rule|Species Clause: Limit one of each Pokémon
|rule|OHKO Clause: OHKO moves are banned
|rule|Evasion Items Clause: Evasion items are banned
|rule|Evasion Moves Clause: Evasion moves are banned
|rule|Evasion Abilities Clause: Evasion abilities are banned
|rule|Sleep Moves Clause: Sleep-inducing moves are banned
|clearpoke
|poke|p1|Iron Moth|
|poke|p1|Ogerpon-Wellspring, F|
|poke|p1|Raging Bolt|
|poke|p1|Great Tusk|
|poke|p1|Darkrai|
|poke|p1|Deoxys-Speed|
|poke|p2|Kingambit, M|
|poke|p2|Clefable, M|
|poke|p2|Slowking-Galar, F|
|poke|p2|Great Tusk|
|poke|p2|Ogerpon-Wellspring, F|
|poke|p2|Kyurem|
|teampreview
|inactive|Battle timer is ON: inactive players will automatically lose when time's up. (requested by noomvoom)
|inactive|AKGD also wants the timer to be on.
|
|t:|1779833853
|teamsize|p1|6
|teamsize|p2|6
|start
|switch|p1a: Deoxys|Deoxys-Speed|100/100
|switch|p2a: Clefable|Clefable, M|100/100
|-ability|p1a: Deoxys|Pressure
|turn|1
|
|t:|1779833862
|move|p1a: Deoxys|Taunt|p2a: Clefable
|-start|p2a: Clefable|move: Taunt
|move|p2a: Clefable|Moonblast|p1a: Deoxys
|-damage|p1a: Deoxys|60/100
|-unboost|p1a: Deoxys|spa|1
|
|upkeep
|turn|2
|
|t:|1779833868
|move|p1a: Deoxys|Light Screen|p1a: Deoxys
|-sidestart|p1: AKGD|move: Light Screen
|move|p2a: Clefable|Moonblast|p1a: Deoxys
|-damage|p1a: Deoxys|42/100
|-unboost|p1a: Deoxys|spa|1
|
|upkeep
|turn|3
|
|t:|1779833884
|switch|p2a: Slowking|Slowking-Galar, F|100/100
|move|p1a: Deoxys|Reflect|p1a: Deoxys
|-sidestart|p1: AKGD|Reflect
|
|upkeep
|turn|4
|
|t:|1779833891
|move|p1a: Deoxys|Taunt|p2a: Slowking
|-start|p2a: Slowking|move: Taunt
|cant|p2a: Slowking|move: Taunt|Toxic Spikes
|
|upkeep
|turn|5
|
|t:|1779833898
|switch|p1a: Darkrai|Darkrai|100/100
|move|p2a: Slowking|Shadow Ball|p1a: Darkrai
|-resisted|p1a: Darkrai
|-damage|p1a: Darkrai|94/100
|
|upkeep
|turn|6
|
|t:|1779833907
|switch|p2a: Clefable|Clefable, M|100/100
|move|p1a: Darkrai|Nasty Plot|p1a: Darkrai
|-boost|p1a: Darkrai|spa|2
|
|upkeep
|turn|7
|
|t:|1779833922
|switch|p2a: Kingambit|Kingambit, M|100/100
|move|p1a: Darkrai|Ice Beam|p2a: Kingambit
|-resisted|p2a: Kingambit
|-damage|p2a: Kingambit|68/100
|
|upkeep
|turn|8
|
|t:|1779833934
|move|p1a: Darkrai|Focus Blast|p2a: Kingambit
|-supereffective|p2a: Kingambit
|-damage|p2a: Kingambit|0 fnt
|faint|p2a: Kingambit
|-end|p2a: Kingambit|fallenundefined|[silent]
|
|upkeep
|
|t:|1779833945
|switch|p2a: Clefable|Clefable, M|100/100
|turn|9
|
|t:|1779833950
|move|p1a: Darkrai|Ice Beam|p2a: Clefable
|-damage|p2a: Clefable|72/100
|-status|p2a: Clefable|frz
|cant|p2a: Clefable|frz
|
|-sideend|p1: AKGD|move: Light Screen
|upkeep
|turn|10
|
|t:|1779833958
|move|p1a: Darkrai|Ice Beam|p2a: Clefable
|-damage|p2a: Clefable|46/100 frz
|cant|p2a: Clefable|frz
|
|-sideend|p1: AKGD|Reflect
|upkeep
|turn|11
|
|t:|1779833965
|move|p1a: Darkrai|Ice Beam|p2a: Clefable
|-damage|p2a: Clefable|19/100 frz
|cant|p2a: Clefable|frz
|
|upkeep
|turn|12
|-message|noomvoom forfeited.
|
|win|AKGD
|raw|AKGD's rating: 1448 &rarr; <strong>1468</strong><br />(+20 for winning)
|raw|noomvoom's rating: 1443 &rarr; <strong>1423</strong><br />(-20 for losing)
|l|☆noomvoom
|player|p2|
