|j|☆karakel
|j|☆nesnot
|t:|1779808471
|gametype|singles
|player|p1|karakel|cowgirl|1497
|player|p2|nesnot|169|1541
|gen|9
|tier|[Gen 9] OU
|rated|
|rule|HP Percentage Mod: HP is shown in percentages
|rule|Endless Battle Clause: Forcing endless battles is banned
|rule|Species Clause: Limit one of each Pokémon
|rule|OHKO Clause: OHKO moves are banned
|rule|Evasion Items Clause: Evasion items are banned
|rule|Evasion Moves Clause: Evasion moves are banned
|rule|Evasion Abilities Clause: Evasion abilities are banned
|rule|Sleep Moves Clause: Sleep-inducing moves are banned
|clearpoke
|poke|p1|Lilligant-Hisui, F|
|poke|p1|Ninetales, F|
|poke|p1|Great Tusk|
|poke|p1|Walking Wake|
|poke|p1|Cresselia, F|
|poke|p1|Cinderace, F|
|poke|p2|Lokix, F|
|poke|p2|Alomomola, F|
|poke|p2|Hatterene, F|
|poke|p2|Iron Treads|
|poke|p2|Amoonguss, F|
|poke|p2|Umbreon, F|
|teampreview
|inactive|Battle timer is ON: inactive players will automatically lose when time's up. (requested by nesnot)
|
|t:|1779808477
|teamsize|p1|6
|teamsize|p2|6
|start
|switch|p1a: Ninetales|Ninetales, F|100/100
|switch|p2a: Alomomola|Alomomola, F|100/100
|-weather|SunnyDay|[from] ability: Drought|[of] p1a: Ninetales
|turn|1
|
|t:|1779808481
|switch|p1a: Cresselia|Cresselia, F|100/100
|move|p2a: Alomomola|Flip Turn|p1a: Cresselia
|-damage|p1a: Cresselia|96/100
|-enditem|p1a: Cresselia|Eject Button
|
|t:|1779808485
|switch|p1a: Lilligant|Lilligant-Hisui, F|100/100
|
|-weather|SunnyDay|[upkeep]
|upkeep
|turn|2
|
|t:|1779808490
|switch|p2a: Amoonguss|Amoonguss, F|100/100
|move|p1a: Lilligant|Victory Dance|p1a: Lilligant
|-boost|p1a: Lilligant|atk|1
|-boost|p1a: Lilligant|def|1
|-boost|p1a: Lilligant|spe|1
|
|-weather|SunnyDay|[upkeep]
|upkeep
|turn|3
|
|t:|1779808502
|-terastallize|p1a: Lilligant|Ice
|move|p1a: Lilligant|Victory Dance|p1a: Lilligant
|-boost|p1a: Lilligant|atk|1
|-boost|p1a: Lilligant|def|1
|-boost|p1a: Lilligant|spe|1
|move|p2a: Amoonguss|Sludge Bomb|p1a: Lilligant
|-damage|p1a: Lilligant|65/100
|
|-weather|SunnyDay|[upkeep]
|-heal|p1a: Lilligant|72/100|[from] item: Leftovers
|upkeep
|turn|4
|
|t:|1779808510
|move|p1a: Lilligant|Ice Spinner|p2a: Amoonguss
|-supereffective|p2a: Amoonguss
|-crit|p2a: Amoonguss
|-damage|p2a: Amoonguss|0 fnt
|-damage|p1a: Lilligant|55/100|[from] item: Rocky Helmet|[of] p2a: Amoonguss
|faint|p2a: Amoonguss
|
|-weather|SunnyDay|[upkeep]
|-heal|p1a: Lilligant|61/100|[from] item: Leftovers
|upkeep
|
|t:|1779808518
|switch|p2a: Lokix|Lokix, F|100/100
|turn|5
|
|t:|1779808522
|-terastallize|p2a: Lokix|Bug
|move|p2a: Lokix|First Impression|p1a: Lilligant
|-damage|p1a: Lilligant|1/100
|move|p1a: Lilligant|Close Combat|p2a: Lokix
|-resisted|p2a: Lokix
|-damage|p2a: Lokix|17/100
|-unboost|p1a: Lilligant|def|1
|-unboost|p1a: Lilligant|spd|1
|
|-weather|SunnyDay|[upkeep]
|-heal|p1a: Lilligant|8/100|[from] item: Leftovers
|upkeep
|turn|6
|
|t:|1779808534
|switch|p2a: Hatterene|Hatterene, F|100/100
|move|p1a: Lilligant|Leaf Blade|p2a: Hatterene
|-damage|p2a: Hatterene|21/100
|
|-weather|SunnyDay|[upkeep]
|-heal|p1a: Lilligant|14/100|[from] item: Leftovers
|-heal|p2a: Hatterene|27/100|[from] item: Leftovers
|upkeep
|turn|7
|
|t:|1779808541
|move|p1a: Lilligant|Leaf Blade|p2a: Hatterene
|-crit|p2a: Hatterene
|-damage|p2a: Hatterene|0 fnt
|faint|p2a: Hatterene
|
|-weather|SunnyDay|[upkeep]
|-heal|p1a: Lilligant|20/100|[from] item: Leftovers
|upkeep
|
|t:|1779808544
|switch|p2a: Lokix|Lokix, F, tera:Bug|17/100
|turn|8
|
|t:|1779808548
|move|p1a: Lilligant|Leaf Blade|p2a: Lokix
|-resisted|p2a: Lokix
|-damage|p2a: Lokix|0 fnt
|faint|p2a: Lokix
|
|-weather|none
|-heal|p1a: Lilligant|26/100|[from] item: Leftovers
|upkeep
|inactive|nesnot has 120 seconds left.
|inactive|nesnot has 90 seconds left.
|inactive|nesnot has 60 seconds left.
|inactive|nesnot has 30 seconds left.
|inactive|nesnot has 20 seconds left.
|inactive|nesnot has 15 seconds left.
|inactive|nesnot has 10 seconds left.
|inactive|nesnot has 5 seconds left.
|-message|nesnot lost due to inactivity.
|
|win|karakel
|raw|karakel's rating: 1497 &rarr; <strong>1521</strong><br />(+24 for winning)
|raw|nesnot's rating: 1559 &rarr; <strong>1535</strong><br />(-24 for losing)
|l|☆karakel
|player|p1|
|l|☆nesnot
|player|p2|
