|j|☆6767aurajacket
|j|☆sammichael
|t:|1779970374
|gametype|singles
|player|p1|6767aurajacket|fisherman-gen4|1087
|player|p2|sammichael|n|1072
|gen|9
|tier|[Gen 9] OU
|rated|
|rule|HP Percentage Mod: HP is shown in percentages
|rule|Endless Battle Clause: Forcing endless battles is banned
|rule|Species Clause: Limit one of each Pokémon
|rule|OHKO Clause: OHKO moves are banned
|rule|Evasion Items Clause: Evasion items are banned
|rule|Evasion Moves Clause: Evasion moves are banned
|rule|Evasion Abilities Clause: Evasion abilities are banned
|rule|Sleep Moves Clause: Sleep-inducing moves are banned
|clearpoke
|poke|p1|Blaziken, M|
|poke|p1|Iron Treads|
|poke|p1|Zamazenta-*|
|poke|p1|Venomoth, M|
|poke|p1|Polteageist|
|poke|p1|Primarina, F|
|poke|p2|Greninja-*, M|
|poke|p2|Iron Moth|
|poke|p2|Toxtricity, F|
|poke|p2|Hawlucha, F|
|poke|p2|Hatterene, F|
|poke|p2|Rillaboom, M|
|teampreview
|inactive|Battle timer is ON: inactive players will automatically lose when time's up. (requested by 6767aurajacket)
|
|t:|1779970386
|teamsize|p1|6
|teamsize|p2|6
|start
|switch|p1a: Blaziken|Blaziken, M, shiny|100/100
|switch|p2a: Iron Moth|Iron Moth|100/100
|-enditem|p2a: Iron Moth|Booster Energy
|-activate|p2a: Iron Moth|ability: Quark Drive|[fromitem]
|-start|p2a: Iron Moth|quarkdrivespe
|turn|1
|
|t:|1779970408
|move|p2a: Iron Moth|Sludge Wave|p1a: Blaziken
|-damage|p1a: Blaziken|22/100
|move|p1a: Blaziken|Bulk Up|p1a: Blaziken
|-boost|p1a: Blaziken|atk|1
|-boost|p1a: Blaziken|def|1
|
|-heal|p1a: Blaziken|28/100|[from] item: Leftovers
|-ability|p1a: Blaziken|Speed Boost|boost
|-boost|p1a: Blaziken|spe|1
|upkeep
|turn|2
|
|t:|1779970423
|move|p2a: Iron Moth|Sludge Wave|p1a: Blaziken
|-damage|p1a: Blaziken|0 fnt
|faint|p1a: Blaziken
|
|upkeep
|
|t:|1779970426
|switch|p1a: Iron Treads|Iron Treads|100/100
|-enditem|p1a: Iron Treads|Booster Energy
|-activate|p1a: Iron Treads|ability: Quark Drive|[fromitem]
|-start|p1a: Iron Treads|quarkdrivespe
|turn|3
|
|t:|1779970435
|move|p2a: Iron Moth|Sludge Wave|p1a: Iron Treads
|-immune|p1a: Iron Treads
|move|p1a: Iron Treads|Earthquake|p2a: Iron Moth
|-supereffective|p2a: Iron Moth
|-damage|p2a: Iron Moth|0 fnt
|faint|p2a: Iron Moth
|-end|p2a: Iron Moth|Quark Drive|[silent]
|
|upkeep
|
|t:|1779970442
|switch|p2a: Rillaboom|Rillaboom, M|100/100
|-fieldstart|move: Grassy Terrain|[from] ability: Grassy Surge|[of] p2a: Rillaboom
|turn|4
|
|t:|1779970451
|-terastallize|p2a: Rillaboom|Grass
|move|p2a: Rillaboom|Grassy Glide|p1a: Iron Treads
|-damage|p1a: Iron Treads|32/100
|move|p1a: Iron Treads|Iron Defense|p1a: Iron Treads
|-boost|p1a: Iron Treads|def|2
|
|-heal|p1a: Iron Treads|38/100|[from] Grassy Terrain
|upkeep
|turn|5
|
|t:|1779970457
|move|p2a: Rillaboom|Grassy Glide|p1a: Iron Treads
|-damage|p1a: Iron Treads|7/100
|move|p1a: Iron Treads|Body Press|p2a: Rillaboom
|-damage|p2a: Rillaboom|54/100
|
|-heal|p1a: Iron Treads|13/100|[from] Grassy Terrain
|-heal|p2a: Rillaboom|60/100|[from] Grassy Terrain
|upkeep
|turn|6
|
|t:|1779970464
|move|p2a: Rillaboom|Grassy Glide|p1a: Iron Treads
|-damage|p1a: Iron Treads|0 fnt
|faint|p1a: Iron Treads
|-end|p1a: Iron Treads|Quark Drive|[silent]
|
|-heal|p2a: Rillaboom|66/100|[from] Grassy Terrain
|upkeep
|
|t:|1779970471
|switch|p1a: Venomoth|Venomoth, M, shiny|100/100
|turn|7
|
|t:|1779970479
|switch|p2a: Hawlucha|Hawlucha, F|100/100
|-ability|p2a: Hawlucha|Mold Breaker
|-terastallize|p1a: Venomoth|Poison
|move|p1a: Venomoth|Quiver Dance|p1a: Venomoth
|-boost|p1a: Venomoth|spa|1
|-boost|p1a: Venomoth|spd|1
|-boost|p1a: Venomoth|spe|1
|
|upkeep
|turn|8
|
|t:|1779970484
|move|p1a: Venomoth|Quiver Dance|p1a: Venomoth
|-boost|p1a: Venomoth|spa|1
|-boost|p1a: Venomoth|spd|1
|-boost|p1a: Venomoth|spe|1
|move|p2a: Hawlucha|Acrobatics|p1a: Venomoth
|-damage|p1a: Venomoth|57/100
|-damage|p2a: Hawlucha|91/100|[from] item: Life Orb
|
|-heal|p1a: Venomoth|64/100|[from] Grassy Terrain
|-heal|p1a: Venomoth|70/100|[from] item: Leftovers
|-fieldend|move: Grassy Terrain
|upkeep
|turn|9
|
|t:|1779970497
|move|p1a: Venomoth|Quiver Dance|p1a: Venomoth
|-boost|p1a: Venomoth|spa|1
|-boost|p1a: Venomoth|spd|1
|-boost|p1a: Venomoth|spe|1
|move|p2a: Hawlucha|Close Combat|p1a: Venomoth
|-resisted|p1a: Venomoth
|-damage|p1a: Venomoth|20/100
|-unboost|p2a: Hawlucha|def|1
|-unboost|p2a: Hawlucha|spd|1
|-damage|p2a: Hawlucha|81/100|[from] item: Life Orb
|
|-heal|p1a: Venomoth|26/100|[from] item: Leftovers
|upkeep
|turn|10
|
|t:|1779970507
|move|p1a: Venomoth|Giga Drain|p2a: Hawlucha
|-resisted|p2a: Hawlucha
|-damage|p2a: Hawlucha|0 fnt
|-heal|p1a: Venomoth|61/100|[from] drain|[of] p2a: Hawlucha
|faint|p2a: Hawlucha
|
|-heal|p1a: Venomoth|67/100|[from] item: Leftovers
|upkeep
|
|t:|1779970516
|switch|p2a: Greninja|Greninja, M|100/100
|turn|11
|
|t:|1779970523
|move|p1a: Venomoth|Giga Drain|p2a: Greninja
|-supereffective|p2a: Greninja
|-damage|p2a: Greninja|0 fnt
|-heal|p1a: Venomoth|100/100|[from] drain|[of] p2a: Greninja
|faint|p2a: Greninja
|
|upkeep
|
|t:|1779970526
|switch|p2a: Hatterene|Hatterene, F|100/100
|turn|12
|
|t:|1779970535
|move|p1a: Venomoth|Sludge Wave|p2a: Hatterene
|-supereffective|p2a: Hatterene
|-damage|p2a: Hatterene|0 fnt
|faint|p2a: Hatterene
|
|upkeep
|
|t:|1779970538
|switch|p2a: Toxtricity|Toxtricity, F|100/100
|turn|13
|
|t:|1779970546
|move|p1a: Venomoth|Sludge Wave|p2a: Toxtricity
|-resisted|p2a: Toxtricity
|-damage|p2a: Toxtricity|0 fnt
|faint|p2a: Toxtricity
|
|upkeep
|
|t:|1779970549
|switch|p2a: Rillaboom|Rillaboom, M, tera:Grass|66/100
|-fieldstart|move: Grassy Terrain|[from] ability: Grassy Surge|[of] p2a: Rillaboom
|turn|14
|
|t:|1779970552
|move|p1a: Venomoth|Sludge Wave|p2a: Rillaboom
|-supereffective|p2a: Rillaboom
|-damage|p2a: Rillaboom|0 fnt
|faint|p2a: Rillaboom
|
|win|6767aurajacket
|raw|6767aurajacket's rating: 1087 &rarr; <strong>1113</strong><br />(+26 for winning)
|raw|sammichael's rating: 1072 &rarr; <strong>1052</strong><br />(-20 for losing)
|l|☆6767aurajacket
|player|p1|
|l|☆sammichael
|player|p2|
