|j|☆Sharpergamer
|j|☆drakeero
|t:|1779950090
|gametype|singles
|player|p1|Sharpergamer|gentleman|1079
|player|p2|drakeero|265|1157
|gen|9
|tier|[Gen 9] OU
|rated|
|rule|HP Percentage Mod: HP is shown in percentages
|rule|Endless Battle Clause: Forcing endless battles is banned
|rule|Species Clause: Limit one of each Pokémon
|rule|OHKO Clause: OHKO moves are banned
|rule|Evasion Items Clause: Evasion items are banned
|rule|Evasion Moves Clause: Evasion moves are banned
|rule|Evasion Abilities Clause: Evasion abilities are banned
|rule|Sleep Moves Clause: Sleep-inducing moves are banned
|clearpoke
|poke|p1|Grimmsnarl, M|
|poke|p1|Krookodile, M|
|poke|p1|Kingambit, M|
|poke|p1|Gengar, M|
|poke|p1|Cinderace, F|
|poke|p1|Mamoswine, M|
|poke|p2|Maushold|
|poke|p2|Talonflame, M|
|poke|p2|Dragapult, F|
|poke|p2|Dondozo, M|
|poke|p2|Azumarill, F|
|poke|p2|Slowking-Galar, F|
|teampreview
|
|t:|1779950101
|teamsize|p1|6
|teamsize|p2|6
|start
|switch|p1a: Grimmsnarl|Grimmsnarl, M|100/100
|switch|p2a: Dragapult|Dragapult, F|100/100
|turn|1
|inactive|Battle timer is ON: inactive players will automatically lose when time's up. (requested by Sharpergamer)
|
|t:|1779950112
|move|p2a: Dragapult|Thunder Wave|p1a: Grimmsnarl
|-status|p1a: Grimmsnarl|par
|move|p1a: Grimmsnarl|Spirit Break|p2a: Dragapult
|-supereffective|p2a: Dragapult
|-damage|p2a: Dragapult|0 fnt
|faint|p2a: Dragapult
|
|upkeep
|
|t:|1779950122
|switch|p2a: Maushold|Maushold|100/100
|turn|2
|
|t:|1779950128
|cant|p1a: Grimmsnarl|par
|move|p2a: Maushold|Tidy Up|p2a: Maushold
|-boost|p2a: Maushold|atk|1
|-boost|p2a: Maushold|spe|1
|
|upkeep
|turn|3
|
|t:|1779950134
|move|p1a: Grimmsnarl|Thunder Wave|p2a: Maushold
|-status|p2a: Maushold|par
|move|p2a: Maushold|Population Bomb|p1a: Grimmsnarl
|-damage|p1a: Grimmsnarl|83/100 par
|-damage|p1a: Grimmsnarl|64/100 par
|-damage|p1a: Grimmsnarl|44/100 par
|-damage|p1a: Grimmsnarl|26/100 par
|-damage|p1a: Grimmsnarl|6/100 par
|-damage|p1a: Grimmsnarl|0 fnt
|faint|p1a: Grimmsnarl
|-hitcount|p1: Grimmsnarl|6
|
|upkeep
|
|t:|1779950149
|switch|p1a: Krookodile|Krookodile, M|100/100
|turn|4
|
|t:|1779950157
|-terastallize|p1a: Krookodile|Dragon
|move|p2a: Maushold|Population Bomb|p1a: Krookodile
|-damage|p1a: Krookodile|85/100
|-damage|p1a: Krookodile|69/100
|-damage|p1a: Krookodile|52/100
|-damage|p1a: Krookodile|35/100
|-damage|p1a: Krookodile|18/100
|-damage|p1a: Krookodile|0 fnt
|faint|p1a: Krookodile
|-hitcount|p1: Krookodile|6
|
|upkeep
|
|t:|1779950169
|switch|p1a: Gengar|Gengar, M|100/100
|turn|5
|
|t:|1779950174
|move|p1a: Gengar|Dark Pulse|p2a: Maushold
|-damage|p2a: Maushold|55/100 par
|move|p2a: Maushold|Thunder Wave|p1a: Gengar
|-status|p1a: Gengar|par
|
|upkeep
|turn|6
|
|t:|1779950183
|move|p2a: Maushold|Bite|p1a: Gengar
|-supereffective|p1a: Gengar
|-damage|p1a: Gengar|0 fnt
|faint|p1a: Gengar
|
|upkeep
|
|t:|1779950188
|switch|p1a: Mamoswine|Mamoswine, M|100/100
|turn|7
|
|t:|1779950193
|cant|p2a: Maushold|par
|move|p1a: Mamoswine|Rock Blast|p2a: Maushold|[miss]
|-miss|p1a: Mamoswine|p2a: Maushold
|
|upkeep
|turn|8
|
|t:|1779950199
|-terastallize|p2a: Maushold|Normal
|move|p2a: Maushold|Population Bomb|p1a: Mamoswine
|-damage|p1a: Mamoswine|78/100
|-damage|p1a: Mamoswine|58/100
|-damage|p1a: Mamoswine|37/100
|-damage|p1a: Mamoswine|17/100
|-damage|p1a: Mamoswine|0 fnt
|faint|p1a: Mamoswine
|-hitcount|p1: Mamoswine|5
|
|upkeep
|
|t:|1779950209
|switch|p1a: Cinderace|Cinderace, F|100/100
|turn|9
|
|t:|1779950213
|move|p1a: Cinderace|Pyro Ball|p2a: Maushold
|-damage|p2a: Maushold|0 fnt
|faint|p2a: Maushold
|
|upkeep
|
|t:|1779950218
|switch|p2a: Azumarill|Azumarill, F|100/100
|turn|10
|
|t:|1779950221
|move|p1a: Cinderace|Iron Head|p2a: Azumarill
|-start|p1a: Cinderace|typechange|Steel|[from] ability: Libero
|-damage|p2a: Azumarill|63/100
|move|p2a: Azumarill|Waterfall|p1a: Cinderace
|-damage|p1a: Cinderace|7/100
|
|upkeep
|turn|11
|
|t:|1779950231
|move|p1a: Cinderace|Will-O-Wisp|p2a: Azumarill
|-status|p2a: Azumarill|brn
|move|p2a: Azumarill|Waterfall|p1a: Cinderace
|-damage|p1a: Cinderace|0 fnt
|faint|p1a: Cinderace
|
|-damage|p2a: Azumarill|57/100 brn|[from] brn
|upkeep
|
|t:|1779950238
|switch|p1a: Kingambit|Kingambit, M|100/100
|-activate|p1a: Kingambit|ability: Supreme Overlord
|-start|p1a: Kingambit|fallen5|[silent]
|turn|12
|
|t:|1779950244
|switch|p2a: Talonflame|Talonflame, M|100/100
|move|p1a: Kingambit|Swords Dance|p1a: Kingambit
|-boost|p1a: Kingambit|atk|2
|
|upkeep
|turn|13
|
|t:|1779950251
|move|p1a: Kingambit|Sucker Punch||[still]
|-fail|p1a: Kingambit
|move|p2a: Talonflame|Will-O-Wisp|p1a: Kingambit
|-status|p1a: Kingambit|brn
|
|-damage|p1a: Kingambit|94/100 brn|[from] brn
|upkeep
|turn|14
|-message|Sharpergamer forfeited.
|
|win|drakeero
|raw|Sharpergamer's rating: 1079 &rarr; <strong>1062</strong><br />(-17 for losing)
|raw|drakeero's rating: 1157 &rarr; <strong>1176</strong><br />(+19 for winning)
|l|☆Sharpergamer
|player|p1|
|l|☆drakeero
|player|p2|
