|j|☆hat_fm
|j|☆stone douchebag
|t:|1779941546
|gametype|singles
|player|p1|hat_fm|pilot|1319
|player|p2|stone douchebag|265|1373
|gen|9
|tier|[Gen 9] OU
|rated|
|rule|HP Percentage Mod: HP is shown in percentages
|rule|Endless Battle Clause: Forcing endless battles is banned
|rule|Species Clause: Limit one of each Pokémon
|rule|OHKO Clause: OHKO moves are banned
|rule|Evasion Items Clause: Evasion items are banned
|rule|Evasion Moves Clause: Evasion moves are banned
|rule|Evasion Abilities Clause: Evasion abilities are banned
|rule|Sleep Moves Clause: Sleep-inducing moves are banned
|clearpoke
|poke|p1|Zamazenta-*|
|poke|p1|Ceruledge, F|
|poke|p1|Scizor, F|
|poke|p1|Donphan, M|
|poke|p1|Lycanroc-Dusk, M|
|poke|p1|Florges, F|
|poke|p2|Dondozo, M|
|poke|p2|Skarmory, F|
|poke|p2|Vileplume, F|
|poke|p2|Gliscor, M|
|poke|p2|Blissey, F|
|poke|p2|Clefable, M|
|teampreview
|
|t:|1779941588
|teamsize|p1|6
|teamsize|p2|6
|start
|switch|p1a: Donphan|Donphan, M|100/100
|switch|p2a: Corviknight?|Skarmory, F|100/100
|turn|1
|
|t:|1779941591
|move|p2a: Corviknight?|Spikes|p1a: Donphan
|-sidestart|p1: hat_fm|Spikes
|move|p1a: Donphan|Stealth Rock|p2a: Corviknight?
|-sidestart|p2: stone douchebag|move: Stealth Rock
|
|upkeep
|turn|2
|
|t:|1779941593
|move|p2a: Corviknight?|Spikes|p1a: Donphan
|-sidestart|p1: hat_fm|Spikes
|move|p1a: Donphan|Rapid Spin|p2a: Corviknight?
|-resisted|p2a: Corviknight?
|-damage|p2a: Corviknight?|96/100
|-boost|p1a: Donphan|spe|1
|-damage|p1a: Donphan|84/100|[from] item: Rocky Helmet|[of] p2a: Corviknight?
|-sideend|p1: hat_fm|Spikes|[from] move: Rapid Spin|[of] p1a: Donphan
|
|upkeep
|turn|3
|
|t:|1779941596
|move|p1a: Donphan|Knock Off|p2a: Corviknight?
|-damage|p2a: Corviknight?|81/100
|-damage|p1a: Donphan|67/100|[from] item: Rocky Helmet|[of] p2a: Corviknight?
|-enditem|p2a: Corviknight?|Rocky Helmet|[from] move: Knock Off|[of] p1a: Donphan
|move|p2a: Corviknight?|Spikes|p1a: Donphan
|-sidestart|p1: hat_fm|Spikes
|
|upkeep
|turn|4
|
|t:|1779941603
|move|p1a: Donphan|Rapid Spin|p2a: Corviknight?
|-resisted|p2a: Corviknight?
|-damage|p2a: Corviknight?|78/100
|-boost|p1a: Donphan|spe|1
|-sideend|p1: hat_fm|Spikes|[from] move: Rapid Spin|[of] p1a: Donphan
|move|p2a: Corviknight?|Body Press|p1a: Donphan
|-damage|p1a: Donphan|48/100
|-damage|p2a: Corviknight?|61/100|[from] item: Rocky Helmet|[of] p1a: Donphan
|
|upkeep
|turn|5
|
|t:|1779941632
|switch|p1a: Ceruledge|Ceruledge, F|100/100
|move|p2a: Corviknight?|Roost|p2a: Corviknight?
|-heal|p2a: Corviknight?|100/100
|-singleturn|p2a: Corviknight?|move: Roost
|
|upkeep
|turn|6
|l|☆stone douchebag
|player|p2|
|j|☆stone douchebag
|player|p2|stone douchebag|265|
|
|t:|1779941668
|switch|p2a: Landorus-Therian?|Gliscor, M|100/100
|-damage|p2a: Landorus-Therian?|88/100|[from] Stealth Rock
|move|p1a: Ceruledge|Poltergeist|p2a: Landorus-Therian?
|-activate|p2a: Landorus-Therian?|move: Poltergeist|Toxic Orb
|-damage|p2a: Landorus-Therian?|56/100
|
|-status|p2a: Landorus-Therian?|tox|[from] item: Toxic Orb
|upkeep
|turn|7
|
|t:|1779941688
|move|p1a: Ceruledge|Swords Dance|p1a: Ceruledge
|-boost|p1a: Ceruledge|atk|2
|move|p2a: Landorus-Therian?|Knock Off|p1a: Ceruledge
|-supereffective|p1a: Ceruledge
|-damage|p1a: Ceruledge|46/100
|-ability|p1a: Ceruledge|Weak Armor|boost
|-unboost|p1a: Ceruledge|def|1
|-boost|p1a: Ceruledge|spe|2
|-enditem|p1a: Ceruledge|Focus Sash|[from] move: Knock Off|[of] p2a: Landorus-Therian?
|
|-heal|p2a: Landorus-Therian?|68/100 tox|[from] ability: Poison Heal
|upkeep
|turn|8
|
|t:|1779941722
|switch|p2a: Quagsire?|Dondozo, M|100/100
|move|p1a: Ceruledge|Bitter Blade|p2a: Quagsire?
|-resisted|p2a: Quagsire?
|-crit|p2a: Quagsire?
|-damage|p2a: Quagsire?|86/100
|-heal|p1a: Ceruledge|58/100|[from] drain|[of] p2a: Quagsire?
|
|upkeep
|turn|9
|
|t:|1779941738
|switch|p1a: Donphan|Donphan, M|48/100
|switch|p2a: Landorus-Therian?|Gliscor, M|68/100 tox
|-damage|p2a: Landorus-Therian?|56/100 tox|[from] Stealth Rock
|
|-heal|p2a: Landorus-Therian?|68/100 tox|[from] ability: Poison Heal
|upkeep
|turn|10
|
|t:|1779941746
|switch|p2a: Corviknight?|Skarmory, F|100/100
|-damage|p2a: Corviknight?|88/100|[from] Stealth Rock
|switch|p1a: Scizor|Scizor, F|100/100
|
|upkeep
|turn|11
|
|t:|1779941754
|move|p1a: Scizor|Swords Dance|p1a: Scizor
|-boost|p1a: Scizor|atk|2
|move|p2a: Corviknight?|Roar|p1a: Scizor
|drag|p1a: Lycanroc|Lycanroc-Dusk, M|100/100
|
|upkeep
|turn|12
|
|t:|1779941758
|move|p1a: Lycanroc|Stone Edge|p2a: Corviknight?
|-damage|p2a: Corviknight?|46/100
|-damage|p1a: Lycanroc|91/100|[from] item: Life Orb
|move|p2a: Corviknight?|Body Press|p1a: Lycanroc
|-supereffective|p1a: Lycanroc
|-damage|p1a: Lycanroc|0 fnt
|faint|p1a: Lycanroc
|
|upkeep
|
|t:|1779941767
|switch|p1a: Ceruledge|Ceruledge, F|58/100
|turn|13
|
|t:|1779941772
|switch|p2a: Quagsire?|Dondozo, M|86/100
|move|p1a: Ceruledge|Bitter Blade|p2a: Quagsire?
|-resisted|p2a: Quagsire?
|-damage|p2a: Quagsire?|75/100
|-heal|p1a: Ceruledge|67/100|[from] drain|[of] p2a: Quagsire?
|
|upkeep
|turn|14
|
|t:|1779941783
|switch|p1a: Donphan|Donphan, M|48/100
|move|p2a: Quagsire?|Curse|p2a: Quagsire?
|-unboost|p2a: Quagsire?|spe|1
|-boost|p2a: Quagsire?|atk|1
|-boost|p2a: Quagsire?|def|1
|
|upkeep
|turn|15
|
|t:|1779941787
|move|p1a: Donphan|Knock Off|p2a: Quagsire?
|-damage|p2a: Quagsire?|66/100
|-enditem|p2a: Quagsire?|Heavy-Duty Boots|[from] move: Knock Off|[of] p1a: Donphan
|move|p2a: Quagsire?|Avalanche|p1a: Donphan
|-supereffective|p1a: Donphan
|-damage|p1a: Donphan|0 fnt
|-damage|p2a: Quagsire?|50/100|[from] item: Rocky Helmet|[of] p1a: Donphan
|faint|p1a: Donphan
|
|upkeep
|
|t:|1779941793
|switch|p1a: Florges|Florges, F|100/100
|turn|16
|
|t:|1779941802
|switch|p2a: Amoongus?|Vileplume, F|100/100
|move|p1a: Florges|Giga Drain|p2a: Amoongus?
|-resisted|p2a: Amoongus?
|-damage|p2a: Amoongus?|93/100
|
|upkeep
|turn|17
|
|t:|1779941807
|-terastallize|p1a: Florges|Grass
|move|p1a: Florges|Calm Mind|p1a: Florges
|-boost|p1a: Florges|spa|1
|-boost|p1a: Florges|spd|1
|move|p2a: Amoongus?|Leech Seed|p1a: Florges
|-immune|p1a: Florges
|
|upkeep
|turn|18
|
|t:|1779941814
|move|p1a: Florges|Psychic Noise|p2a: Amoongus?
|-supereffective|p2a: Amoongus?
|-damage|p2a: Amoongus?|11/100
|-start|p2a: Amoongus?|move: Heal Block
|move|p2a: Amoongus?|Toxic|p1a: Florges
|-block|p1a: Florges|ability: Flower Veil|[of] p1a: Florges
|
|upkeep
|turn|19
|c|☆stone douchebag|this is madness
|
|t:|1779941839
|switch|p2a: Corviknight?|Skarmory, F|46/100
|-damage|p2a: Corviknight?|33/100|[from] Stealth Rock
|move|p1a: Florges|Calm Mind|p1a: Florges
|-boost|p1a: Florges|spa|1
|-boost|p1a: Florges|spd|1
|
|upkeep
|turn|20
|l|☆stone douchebag
|player|p2|
|j|☆stone douchebag
|player|p2|stone douchebag|265|
|
|t:|1779941874
|switch|p2a: Clefable?|Blissey, F|100/100
|move|p1a: Florges|Psychic Noise|p2a: Clefable?
|-damage|p2a: Clefable?|84/100
|-start|p2a: Clefable?|move: Heal Block
|
|upkeep
|turn|21
|
|t:|1779941885
|move|p1a: Florges|Moonblast|p2a: Clefable?
|-damage|p2a: Clefable?|52/100
|-unboost|p2a: Clefable?|spa|1
|move|p2a: Clefable?|Calm Mind|p2a: Clefable?
|-boost|p2a: Clefable?|spa|1
|-boost|p2a: Clefable?|spd|1
|
|-end|p2a: Clefable?|move: Heal Block
|upkeep
|turn|22
|
|t:|1779941911
|move|p1a: Florges|Psychic Noise|p2a: Clefable?
|-damage|p2a: Clefable?|42/100
|-start|p2a: Clefable?|move: Heal Block
|cant|p2a: Clefable?|move: Heal Block|Soft-Boiled
|
|upkeep
|turn|23
|-message|stone douchebag forfeited.
|
|win|hat_fm
|raw|hat_fm's rating: 1319 &rarr; <strong>1341</strong><br />(+22 for winning)
|raw|stone douchebag's rating: 1358 &rarr; <strong>1336</strong><br />(-22 for losing)
|l|☆stone douchebag
|player|p2|
|l|☆hat_fm
|player|p1|
