|j|☆riarley
|j|☆drybeater36
|t:|1779914810
|gametype|singles
|player|p1|riarley|169|1248
|player|p2|drybeater36|n|1258
|gen|9
|tier|[Gen 9] OU
|rated|
|rule|HP Percentage Mod: HP is shown in percentages
|rule|Endless Battle Clause: Forcing endless battles is banned
|rule|Species Clause: Limit one of each Pokémon
|rule|OHKO Clause: OHKO moves are banned
|rule|Evasion Items Clause: Evasion items are banned
|rule|Evasion Moves Clause: Evasion moves are banned
|rule|Evasion Abilities Clause: Evasion abilities are banned
|rule|Sleep Moves Clause: Sleep-inducing moves are banned
|clearpoke
|poke|p1|Corviknight, F|
|poke|p1|Slowking-Galar, F|
|poke|p1|Blissey, F|
|poke|p1|Dondozo, M|
|poke|p1|Kyurem|
|poke|p1|Great Tusk|
|poke|p2|Drifblim, F|
|poke|p2|Rillaboom, F|
|poke|p2|Ogerpon-Cornerstone, F|
|poke|p2|Kyurem|
|poke|p2|Dragapult, M|
|poke|p2|Great Tusk|
|teampreview
|inactive|Battle timer is ON: inactive players will automatically lose when time's up. (requested by drybeater36)
|
|t:|1779914830
|teamsize|p1|6
|teamsize|p2|6
|start
|switch|p1a: Great Tusk|Great Tusk|100/100
|switch|p2a: Rillaboom|Rillaboom, F|100/100
|-fieldstart|move: Grassy Terrain|[from] ability: Grassy Surge|[of] p2a: Rillaboom
|turn|1
|
|t:|1779914836
|-end|p1a: Great Tusk|Protosynthesis|[silent]
|switch|p1a: Corviknight|Corviknight, F|100/100
|-ability|p1a: Corviknight|Pressure
|move|p2a: Rillaboom|Wood Hammer|p1a: Corviknight
|-resisted|p1a: Corviknight
|-damage|p1a: Corviknight|81/100
|-damage|p2a: Rillaboom|84/100|[from] item: Rocky Helmet|[of] p1a: Corviknight
|-damage|p2a: Rillaboom|76/100|[from] Recoil
|
|-heal|p2a: Rillaboom|83/100|[from] Grassy Terrain
|upkeep
|turn|2
|
|t:|1779914847
|switch|p2a: Drifblim|Drifblim, F|100/100
|-enditem|p2a: Drifblim|Grassy Seed
|-boost|p2a: Drifblim|def|1|[from] item: Grassy Seed
|move|p1a: Corviknight|U-turn|p2a: Drifblim
|-resisted|p2a: Drifblim
|-damage|p2a: Drifblim|98/100
|
|t:|1779914855
|switch|p1a: Kyurem|Kyurem|100/100|[from] U-turn
|-ability|p1a: Kyurem|Pressure
|
|upkeep
|turn|3
|
|t:|1779914876
|-terastallize|p2a: Drifblim|Electric
|move|p2a: Drifblim|Calm Mind|p2a: Drifblim
|-boost|p2a: Drifblim|spa|1
|-boost|p2a: Drifblim|spd|1
|move|p1a: Kyurem|Ice Beam|p2a: Drifblim
|-damage|p2a: Drifblim|38/100
|
|-heal|p2a: Drifblim|44/100|[from] Grassy Terrain
|upkeep
|turn|4
|
|t:|1779914882
|move|p2a: Drifblim|Strength Sap|p1a: Kyurem
|-unboost|p1a: Kyurem|atk|1
|-heal|p2a: Drifblim|98/100
|move|p1a: Kyurem|Ice Beam|p2a: Drifblim
|-damage|p2a: Drifblim|40/100
|
|-heal|p2a: Drifblim|46/100|[from] Grassy Terrain
|upkeep
|turn|5
|
|t:|1779914894
|move|p2a: Drifblim|Strength Sap|p1a: Kyurem
|-unboost|p1a: Kyurem|atk|1
|-heal|p2a: Drifblim|82/100
|move|p1a: Kyurem|Ice Beam|p2a: Drifblim
|-damage|p2a: Drifblim|24/100
|-status|p2a: Drifblim|frz
|
|-heal|p2a: Drifblim|30/100 frz|[from] Grassy Terrain
|-fieldend|move: Grassy Terrain
|upkeep
|turn|6
|
|t:|1779914901
|-curestatus|p2a: Drifblim|frz|[msg]
|move|p2a: Drifblim|Strength Sap|p1a: Kyurem
|-unboost|p1a: Kyurem|atk|1
|-heal|p2a: Drifblim|57/100
|move|p1a: Kyurem|Ice Beam|p2a: Drifblim
|-damage|p2a: Drifblim|3/100
|-status|p2a: Drifblim|frz
|
|upkeep
|turn|7
|c|☆drybeater36|bro
|
|t:|1779914913
|cant|p2a: Drifblim|frz
|move|p1a: Kyurem|Ice Beam|p2a: Drifblim
|-damage|p2a: Drifblim|0 fnt
|faint|p2a: Drifblim
|
|upkeep
|
|t:|1779914928
|switch|p2a: Ogerpon|Ogerpon-Cornerstone, F|100/100
|turn|8
|c|☆riarley|sory
|
|t:|1779914950
|move|p2a: Ogerpon|Swords Dance|p2a: Ogerpon
|-boost|p2a: Ogerpon|atk|2
|move|p1a: Kyurem|Ice Beam|p2a: Ogerpon
|-supereffective|p2a: Ogerpon
|-ability|p2a: Ogerpon|Sturdy
|-damage|p2a: Ogerpon|1/100
|
|upkeep
|turn|9
|
|t:|1779914966
|switch|p1a: Great Tusk|Great Tusk|100/100
|move|p2a: Ogerpon|Ivy Cudgel|p1a: Great Tusk|[anim] Ivy Cudgel Rock
|-resisted|p1a: Great Tusk
|-damage|p1a: Great Tusk|80/100
|
|upkeep
|turn|10
|
|t:|1779914975
|-end|p1a: Great Tusk|Protosynthesis|[silent]
|switch|p1a: Corviknight|Corviknight, F|81/100
|-ability|p1a: Corviknight|Pressure
|move|p2a: Ogerpon|Horn Leech|p1a: Corviknight
|-resisted|p1a: Corviknight
|-damage|p1a: Corviknight|67/100
|-heal|p2a: Ogerpon|10/100|[from] drain|[of] p1a: Corviknight
|-damage|p2a: Ogerpon|0 fnt|[from] item: Rocky Helmet|[of] p1a: Corviknight
|faint|p2a: Ogerpon
|
|upkeep
|
|t:|1779914983
|switch|p2a: Kyurem|Kyurem, shiny|100/100
|-ability|p2a: Kyurem|Pressure
|turn|11
|
|t:|1779914986
|switch|p1a: Blissey|Blissey, F|100/100
|move|p2a: Kyurem|Ice Beam|p1a: Blissey
|-damage|p1a: Blissey|74/100
|
|upkeep
|turn|12
|
|t:|1779914995
|switch|p2a: Rillaboom|Rillaboom, F|83/100
|-fieldstart|move: Grassy Terrain|[from] ability: Grassy Surge|[of] p2a: Rillaboom
|switch|p1a: Kyurem|Kyurem|100/100
|-ability|p1a: Kyurem|Pressure
|
|-heal|p2a: Rillaboom|89/100|[from] Grassy Terrain
|upkeep
|turn|13
|
|t:|1779915006
|move|p1a: Kyurem|Ice Beam|p2a: Rillaboom
|-supereffective|p2a: Rillaboom
|-damage|p2a: Rillaboom|0 fnt
|faint|p2a: Rillaboom
|
|upkeep
|c|☆riarley|kkkk
|
|t:|1779915017
|switch|p2a: Kyurem|Kyurem, shiny|100/100
|-ability|p2a: Kyurem|Pressure
|turn|14
|
|t:|1779915023
|switch|p1a: Blissey|Blissey, F|74/100
|move|p2a: Kyurem|Draco Meteor|p1a: Blissey
|-damage|p1a: Blissey|39/100
|-unboost|p2a: Kyurem|spa|2
|
|-heal|p1a: Blissey|46/100|[from] Grassy Terrain
|upkeep
|turn|15
|c|☆drybeater36|well
|c|☆drybeater36|gg
|
|t:|1779915032
|switch|p2a: Dragapult|Dragapult, M|100/100
|move|p1a: Blissey|Soft-Boiled|p1a: Blissey
|-heal|p1a: Blissey|96/100
|
|-heal|p1a: Blissey|100/100|[from] Grassy Terrain
|upkeep
|turn|16
|
|t:|1779915040
|move|p2a: Dragapult|Thunder Wave|p1a: Blissey
|-status|p1a: Blissey|par
|move|p1a: Blissey|Soft-Boiled||[still]
|-fail|p1a: Blissey|heal
|
|-fieldend|move: Grassy Terrain
|upkeep
|turn|17
|
|t:|1779915048
|move|p2a: Dragapult|Dragon Darts|p1a: Blissey
|-damage|p1a: Blissey|84/100 par
|-anim|p2a: Dragapult|Dragon Darts|p1a: Blissey
|-damage|p1a: Blissey|66/100 par
|move|p1a: Blissey|Calm Mind|p1a: Blissey
|-boost|p1a: Blissey|spa|1
|-boost|p1a: Blissey|spd|1
|
|upkeep
|turn|18
|
|t:|1779915056
|-curestatus|p1a: Blissey|par|[from] ability: Natural Cure|[silent]
|switch|p1a: Dondozo|Dondozo, M|100/100
|move|p2a: Dragapult|Dragon Darts|p1a: Dondozo
|-damage|p1a: Dondozo|90/100
|-anim|p2a: Dragapult|Dragon Darts|p1a: Dondozo
|-damage|p1a: Dondozo|80/100
|
|-heal|p1a: Dondozo|86/100|[from] item: Leftovers
|upkeep
|turn|19
|
|t:|1779915075
|move|p2a: Dragapult|Thunder Wave|p1a: Dondozo|[miss]
|-miss|p2a: Dragapult|p1a: Dondozo
|move|p1a: Dondozo|Curse|p1a: Dondozo
|-unboost|p1a: Dondozo|spe|1
|-boost|p1a: Dondozo|atk|1
|-boost|p1a: Dondozo|def|1
|
|-heal|p1a: Dondozo|92/100|[from] item: Leftovers
|upkeep
|turn|20
|c|☆drybeater36|i cant do much lol
|
|t:|1779915084
|move|p2a: Dragapult|Thunder Wave|p1a: Dondozo
|-status|p1a: Dondozo|par
|cant|p1a: Dondozo|par
|
|-heal|p1a: Dondozo|99/100 par|[from] item: Leftovers
|upkeep
|turn|21
|c|☆drybeater36|unless i get a full para
|inactive|riarley has 120 seconds left.
|inactive|riarley has 90 seconds left.
|
|t:|1779915148
|move|p2a: Dragapult|Hex|p1a: Dondozo
|-damage|p1a: Dondozo|47/100 par
|move|p1a: Dondozo|Waterfall|p2a: Dragapult
|-resisted|p2a: Dragapult
|-damage|p2a: Dragapult|73/100
|
|-heal|p1a: Dondozo|53/100 par|[from] item: Leftovers
|upkeep
|turn|22
|
|t:|1779915155
|move|p2a: Dragapult|Hex|p1a: Dondozo
|-damage|p1a: Dondozo|1/100 par
|move|p1a: Dondozo|Rest|p1a: Dondozo
|-status|p1a: Dondozo|slp|[from] move: Rest
|-heal|p1a: Dondozo|100/100 slp|[silent]
|
|upkeep
|turn|23
|
|t:|1779915159
|move|p2a: Dragapult|Hex|p1a: Dondozo
|-damage|p1a: Dondozo|49/100 slp
|cant|p1a: Dondozo|slp
|move|p1a: Dondozo|Sleep Talk|p1a: Dondozo
|move|p1a: Dondozo|Curse|p1a: Dondozo|[from] move: Sleep Talk
|-unboost|p1a: Dondozo|spe|1
|-boost|p1a: Dondozo|atk|1
|-boost|p1a: Dondozo|def|1
|
|-heal|p1a: Dondozo|55/100 slp|[from] item: Leftovers
|upkeep
|turn|24
|
|t:|1779915166
|switch|p1a: Blissey|Blissey, F|66/100
|move|p2a: Dragapult|Hex|p1a: Blissey
|-immune|p1a: Blissey
|
|upkeep
|turn|25
|
|t:|1779915192
|switch|p1a: Corviknight|Corviknight, F|67/100
|-ability|p1a: Corviknight|Pressure
|move|p2a: Dragapult|Dragon Darts|p1a: Corviknight
|-resisted|p1a: Corviknight
|-damage|p1a: Corviknight|62/100
|-anim|p2a: Dragapult|Dragon Darts|p1a: Corviknight
|-resisted|p1a: Corviknight
|-damage|p1a: Corviknight|56/100
|
|upkeep
|turn|26
|
|t:|1779915204
|move|p2a: Dragapult|Thunder Wave|p1a: Corviknight
|-status|p1a: Corviknight|par
|move|p1a: Corviknight|Roost|p1a: Corviknight
|-heal|p1a: Corviknight|100/100 par
|-singleturn|p1a: Corviknight|move: Roost
|
|upkeep
|turn|27
|
|t:|1779915210
|switch|p1a: Blissey|Blissey, F|66/100
|move|p2a: Dragapult|Hex|p1a: Blissey
|-immune|p1a: Blissey
|
|upkeep
|turn|28
|
|t:|1779915213
|move|p2a: Dragapult|Dragon Darts|p1a: Blissey
|-damage|p1a: Blissey|48/100
|-anim|p2a: Dragapult|Dragon Darts|p1a: Blissey
|-damage|p1a: Blissey|32/100
|move|p1a: Blissey|Soft-Boiled|p1a: Blissey
|-heal|p1a: Blissey|82/100
|
|upkeep
|turn|29
|
|t:|1779915223
|switch|p1a: Slowking|Slowking-Galar, F|100/100
|move|p2a: Dragapult|U-turn|p1a: Slowking
|-damage|p1a: Slowking|81/100
|
|t:|1779915228
|switch|p2a: Great Tusk|Great Tusk|100/100|[from] U-turn
|
|upkeep
|turn|30
|
|t:|1779915234
|switch|p1a: Corviknight|Corviknight, F|100/100 par
|-ability|p1a: Corviknight|Pressure
|move|p2a: Great Tusk|Stealth Rock|p1a: Corviknight
|-sidestart|p1: riarley|move: Stealth Rock
|
|upkeep
|turn|31
|
|t:|1779915245
|move|p2a: Great Tusk|Rapid Spin|p1a: Corviknight
|-resisted|p1a: Corviknight
|-damage|p1a: Corviknight|96/100 par
|-boost|p2a: Great Tusk|spe|1
|-damage|p2a: Great Tusk|84/100|[from] item: Rocky Helmet|[of] p1a: Corviknight
|move|p1a: Corviknight|U-turn|p2a: Great Tusk
|-resisted|p2a: Great Tusk
|-damage|p2a: Great Tusk|79/100
|
|t:|1779915252
|switch|p1a: Dondozo|Dondozo, M|55/100 slp|[from] U-turn
|-damage|p1a: Dondozo|42/100 slp|[from] Stealth Rock
|
|-heal|p1a: Dondozo|49/100 slp|[from] item: Leftovers
|upkeep
|turn|32
|
|t:|1779915258
|-terastallize|p1a: Dondozo|Grass
|move|p2a: Great Tusk|Headlong Rush|p1a: Dondozo
|-resisted|p1a: Dondozo
|-damage|p1a: Dondozo|33/100 slp
|-unboost|p2a: Great Tusk|def|1
|-unboost|p2a: Great Tusk|spd|1
|cant|p1a: Dondozo|slp
|
|-heal|p1a: Dondozo|39/100 slp|[from] item: Leftovers
|upkeep
|turn|33
|
|t:|1779915264
|move|p2a: Great Tusk|Ice Spinner|p1a: Dondozo
|-supereffective|p1a: Dondozo
|-damage|p1a: Dondozo|9/100 slp
|-curestatus|p1a: Dondozo|slp|[msg]
|move|p1a: Dondozo|Rest|p1a: Dondozo
|-status|p1a: Dondozo|slp|[from] move: Rest
|-heal|p1a: Dondozo|100/100 slp|[silent]
|
|upkeep
|turn|34
|
|t:|1779915270
|move|p2a: Great Tusk|Ice Spinner|p1a: Dondozo
|-supereffective|p1a: Dondozo
|-damage|p1a: Dondozo|74/100 slp
|cant|p1a: Dondozo|slp
|move|p1a: Dondozo|Sleep Talk|p1a: Dondozo
|move|p1a: Dondozo|Waterfall|p2a: Great Tusk|[from] move: Sleep Talk
|-supereffective|p2a: Great Tusk
|-damage|p2a: Great Tusk|36/100
|
|-heal|p1a: Dondozo|80/100 slp|[from] item: Leftovers
|upkeep
|turn|35
|
|t:|1779915273
|move|p2a: Great Tusk|Ice Spinner|p1a: Dondozo
|-supereffective|p1a: Dondozo
|-damage|p1a: Dondozo|51/100 slp
|cant|p1a: Dondozo|slp
|move|p1a: Dondozo|Sleep Talk|p1a: Dondozo
|move|p1a: Dondozo|Rest||[from] move: Sleep Talk|[still]
|-fail|p1a: Dondozo
|
|-heal|p1a: Dondozo|57/100 slp|[from] item: Leftovers
|upkeep
|turn|36
|
|t:|1779915278
|move|p2a: Great Tusk|Ice Spinner|p1a: Dondozo
|-supereffective|p1a: Dondozo
|-damage|p1a: Dondozo|29/100 slp
|-curestatus|p1a: Dondozo|slp|[msg]
|move|p1a: Dondozo|Waterfall|p2a: Great Tusk
|-supereffective|p2a: Great Tusk
|-damage|p2a: Great Tusk|0 fnt
|faint|p2a: Great Tusk
|-end|p2a: Great Tusk|Protosynthesis|[silent]
|
|-heal|p1a: Dondozo|35/100|[from] item: Leftovers
|upkeep
|
|t:|1779915287
|switch|p2a: Kyurem|Kyurem, shiny|100/100
|-ability|p2a: Kyurem|Pressure
|turn|37
|
|t:|1779915295
|switch|p1a: Blissey|Blissey, F|82/100
|move|p2a: Kyurem|Ice Beam|p1a: Blissey
|-damage|p1a: Blissey|58/100
|
|upkeep
|turn|38
|
|t:|1779915300
|move|p2a: Kyurem|Ice Beam|p1a: Blissey
|-damage|p1a: Blissey|34/100
|move|p1a: Blissey|Soft-Boiled|p1a: Blissey
|-heal|p1a: Blissey|84/100
|
|upkeep
|turn|39
|
|t:|1779915304
|move|p2a: Kyurem|Ice Beam|p1a: Blissey
|-damage|p1a: Blissey|59/100
|move|p1a: Blissey|Calm Mind|p1a: Blissey
|-boost|p1a: Blissey|spa|1
|-boost|p1a: Blissey|spd|1
|
|upkeep
|turn|40
|
|t:|1779915310
|move|p2a: Kyurem|Ice Beam|p1a: Blissey
|-damage|p1a: Blissey|41/100
|move|p1a: Blissey|Soft-Boiled|p1a: Blissey
|-heal|p1a: Blissey|91/100
|
|upkeep
|turn|41
|
|t:|1779915315
|move|p2a: Kyurem|Ice Beam|p1a: Blissey
|-damage|p1a: Blissey|74/100
|move|p1a: Blissey|Seismic Toss|p2a: Kyurem
|-damage|p2a: Kyurem|75/100
|
|upkeep
|turn|42
|c|☆drybeater36|gimmie a freeze
|
|t:|1779915321
|move|p2a: Kyurem|Ice Beam|p1a: Blissey
|-damage|p1a: Blissey|57/100
|move|p1a: Blissey|Seismic Toss|p2a: Kyurem
|-damage|p2a: Kyurem|49/100
|
|upkeep
|turn|43
|
|t:|1779915327
|move|p2a: Kyurem|Ice Beam|p1a: Blissey
|-damage|p1a: Blissey|39/100
|move|p1a: Blissey|Seismic Toss|p2a: Kyurem
|-damage|p2a: Kyurem|24/100
|
|upkeep
|turn|44
|
|t:|1779915333
|move|p2a: Kyurem|Ice Beam|p1a: Blissey
|-damage|p1a: Blissey|23/100
|move|p1a: Blissey|Soft-Boiled|p1a: Blissey
|-heal|p1a: Blissey|73/100
|
|upkeep
|turn|45
|
|t:|1779915337
|move|p2a: Kyurem|Ice Beam|p1a: Blissey
|-damage|p1a: Blissey|56/100
|move|p1a: Blissey|Seismic Toss|p2a: Kyurem
|-damage|p2a: Kyurem|0 fnt
|faint|p2a: Kyurem
|
|upkeep
|
|t:|1779915342
|switch|p2a: Dragapult|Dragapult, M|73/100
|turn|46
|c|☆riarley|gg
|
|t:|1779915347
|move|p2a: Dragapult|Dragon Darts|p1a: Blissey
|-damage|p1a: Blissey|38/100
|-anim|p2a: Dragapult|Dragon Darts|p1a: Blissey
|-damage|p1a: Blissey|22/100
|move|p1a: Blissey|Soft-Boiled|p1a: Blissey
|-heal|p1a: Blissey|72/100
|
|upkeep
|turn|47
|c|☆drybeater36|gg
|
|t:|1779915355
|switch|p1a: Corviknight|Corviknight, F|96/100 par
|-damage|p1a: Corviknight|83/100 par|[from] Stealth Rock
|-ability|p1a: Corviknight|Pressure
|move|p2a: Dragapult|Dragon Darts|p1a: Corviknight
|-resisted|p1a: Corviknight
|-damage|p1a: Corviknight|77/100 par
|-anim|p2a: Dragapult|Dragon Darts|p1a: Corviknight
|-resisted|p1a: Corviknight
|-damage|p1a: Corviknight|71/100 par
|
|upkeep
|turn|48
|c|☆drybeater36|u mind forfeiting bro
|
|t:|1779915363
|move|p2a: Dragapult|Hex|p1a: Corviknight
|-damage|p1a: Corviknight|15/100 par
|move|p1a: Corviknight|U-turn|p2a: Dragapult
|-resisted|p2a: Dragapult
|-damage|p2a: Dragapult|63/100
|
|t:|1779915368
|switch|p1a: Great Tusk|Great Tusk|80/100|[from] U-turn
|
|upkeep
|turn|49
|
|t:|1779915375
|move|p2a: Dragapult|Hex|p1a: Great Tusk
|-damage|p1a: Great Tusk|39/100
|move|p1a: Great Tusk|Headlong Rush|p2a: Dragapult
|-crit|p2a: Dragapult
|-damage|p2a: Dragapult|0 fnt
|-unboost|p1a: Great Tusk|def|1
|-unboost|p1a: Great Tusk|spd|1
|faint|p2a: Dragapult
|
|win|riarley
|raw|riarley's rating: 1248 &rarr; <strong>1274</strong><br />(+26 for winning)
|raw|drybeater36's rating: 1258 &rarr; <strong>1232</strong><br />(-26 for losing)
