|j|☆claudechamp
|j|☆zenex_kall
|t:|1779830816
|gametype|singles
|player|p1|claudechamp|265|1147
|player|p2|zenex_kall|1|1120
|gen|9
|tier|[Gen 9] OU
|rated|
|rule|HP Percentage Mod: HP is shown in percentages
|rule|Endless Battle Clause: Forcing endless battles is banned
|rule|Species Clause: Limit one of each Pokémon
|rule|OHKO Clause: OHKO moves are banned
|rule|Evasion Items Clause: Evasion items are banned
|rule|Evasion Moves Clause: Evasion moves are banned
|rule|Evasion Abilities Clause: Evasion abilities are banned
|rule|Sleep Moves Clause: Sleep-inducing moves are banned
|clearpoke
|poke|p1|Gliscor, F|
|poke|p1|Gholdengo|
|poke|p1|Zamazenta-*|
|poke|p1|Blissey, F|
|poke|p1|Skarmory, M|
|poke|p1|Pecharunt|
|poke|p2|Dragapult, M|
|poke|p2|Serperior, M|
|poke|p2|Gyarados, F|
|poke|p2|Iron Valiant|
|poke|p2|Meowstic, M|
|poke|p2|Slowking-Galar, F|
|teampreview
|c|☆claudechamp|hf
|
|t:|1779830825
|teamsize|p1|6
|teamsize|p2|6
|start
|switch|p1a: Skarmory|Skarmory, M|100/100
|switch|p2a: Serperior|Serperior, M|100/100
|turn|1
|inactive|Battle timer is ON: inactive players will automatically lose when time's up. (requested by claudechamp)
|
|t:|1779830845
|move|p2a: Serperior|Substitute|p2a: Serperior
|-start|p2a: Serperior|Substitute
|-damage|p2a: Serperior|75/100
|move|p1a: Skarmory|Spikes|p2a: Serperior
|-sidestart|p2: zenex_kall|Spikes
|
|-heal|p2a: Serperior|82/100|[from] item: Leftovers
|upkeep
|turn|2
|
|t:|1779830852
|switch|p1a: Gholdengo|Gholdengo|100/100
|move|p2a: Serperior|Leaf Storm|p1a: Gholdengo
|-resisted|p1a: Gholdengo
|-damage|p1a: Gholdengo|76/100
|-boost|p2a: Serperior|spa|2
|
|-heal|p2a: Serperior|88/100|[from] item: Leftovers
|upkeep
|turn|3
|
|t:|1779830862
|switch|p1a: Skarmory|Skarmory, M|100/100
|move|p2a: Serperior|Leaf Storm|p1a: Skarmory
|-resisted|p1a: Skarmory
|-damage|p1a: Skarmory|65/100
|-boost|p2a: Serperior|spa|2
|
|-heal|p2a: Serperior|94/100|[from] item: Leftovers
|upkeep
|turn|4
|
|t:|1779830871
|-terastallize|p2a: Serperior|Grass
|-terastallize|p1a: Skarmory|Dragon
|move|p2a: Serperior|Leaf Storm|p1a: Skarmory|[miss]
|-miss|p2a: Serperior|p1a: Skarmory
|move|p1a: Skarmory|Whirlwind|p2a: Serperior
|drag|p2a: Gyarados|Gyarados, F|100/100
|-ability|p2a: Gyarados|Intimidate|boost
|-unboost|p1a: Skarmory|atk|1
|
|upkeep
|turn|5
|
|t:|1779830881
|move|p2a: Gyarados|Dragon Dance|p2a: Gyarados
|-boost|p2a: Gyarados|atk|1
|-boost|p2a: Gyarados|spe|1
|move|p1a: Skarmory|Spikes|p2a: Gyarados
|-sidestart|p2: zenex_kall|Spikes
|
|upkeep
|turn|6
|
|t:|1779830886
|move|p2a: Gyarados|Dragon Dance|p2a: Gyarados
|-boost|p2a: Gyarados|atk|1
|-boost|p2a: Gyarados|spe|1
|move|p1a: Skarmory|Whirlwind|p2a: Gyarados
|drag|p2a: Slowking|Slowking-Galar, F|100/100
|-damage|p2a: Slowking|84/100|[from] Spikes
|
|upkeep
|turn|7
|
|t:|1779830894
|move|p1a: Skarmory|Spikes|p2a: Slowking
|-sidestart|p2: zenex_kall|Spikes
|move|p2a: Slowking|Ice Beam|p1a: Skarmory
|-supereffective|p1a: Skarmory
|-damage|p1a: Skarmory|0 fnt
|faint|p1a: Skarmory
|
|upkeep
|
|t:|1779830897
|switch|p1a: Gholdengo|Gholdengo|76/100
|turn|8
|
|t:|1779830911
|switch|p2a: Dragapult|Dragapult, M|100/100
|-damage|p2a: Dragapult|76/100|[from] Spikes
|move|p1a: Gholdengo|Thunder Wave|p2a: Dragapult
|-status|p2a: Dragapult|par
|
|upkeep
|turn|9
|
|t:|1779830918
|move|p1a: Gholdengo|Nasty Plot|p1a: Gholdengo
|-boost|p1a: Gholdengo|spa|2
|move|p2a: Dragapult|Dragon Darts|p1a: Gholdengo
|-resisted|p1a: Gholdengo
|-damage|p1a: Gholdengo|63/100
|-anim|p2a: Dragapult|Dragon Darts|p1a: Gholdengo
|-resisted|p1a: Gholdengo
|-damage|p1a: Gholdengo|49/100
|-damage|p2a: Dragapult|66/100 par|[from] item: Life Orb
|
|upkeep
|turn|10
|
|t:|1779830931
|move|p1a: Gholdengo|Hex|p2a: Dragapult
|-supereffective|p2a: Dragapult
|-damage|p2a: Dragapult|0 fnt
|faint|p2a: Dragapult
|
|upkeep
|
|t:|1779830937
|switch|p2a: Iron Valiant|Iron Valiant|100/100
|-damage|p2a: Iron Valiant|76/100|[from] Spikes
|-enditem|p2a: Iron Valiant|Booster Energy
|-activate|p2a: Iron Valiant|ability: Quark Drive|[fromitem]
|-start|p2a: Iron Valiant|quarkdrivespa
|turn|11
|
|t:|1779830945
|move|p2a: Iron Valiant|Moonblast|p1a: Gholdengo
|-resisted|p1a: Gholdengo
|-damage|p1a: Gholdengo|20/100
|move|p1a: Gholdengo|Recover|p1a: Gholdengo
|-heal|p1a: Gholdengo|70/100
|
|upkeep
|turn|12
|
|t:|1779830955
|move|p2a: Iron Valiant|Moonblast|p1a: Gholdengo
|-resisted|p1a: Gholdengo
|-damage|p1a: Gholdengo|42/100
|move|p1a: Gholdengo|Recover|p1a: Gholdengo
|-heal|p1a: Gholdengo|92/100
|
|upkeep
|turn|13
|
|t:|1779830960
|move|p2a: Iron Valiant|Moonblast|p1a: Gholdengo
|-resisted|p1a: Gholdengo
|-damage|p1a: Gholdengo|60/100
|move|p1a: Gholdengo|Thunder Wave|p2a: Iron Valiant
|-status|p2a: Iron Valiant|par
|
|upkeep
|turn|14
|
|t:|1779830966
|move|p1a: Gholdengo|Hex|p2a: Iron Valiant
|-damage|p2a: Iron Valiant|0 fnt
|faint|p2a: Iron Valiant
|-end|p2a: Iron Valiant|Quark Drive|[silent]
|
|upkeep
|
|t:|1779830972
|switch|p2a: Serperior|Serperior, M, tera:Grass|94/100
|-damage|p2a: Serperior|69/100|[from] Spikes
|turn|15
|
|t:|1779830977
|move|p2a: Serperior|Leaf Storm|p1a: Gholdengo
|-resisted|p1a: Gholdengo
|-damage|p1a: Gholdengo|25/100
|-boost|p2a: Serperior|spa|2
|move|p1a: Gholdengo|Hex|p2a: Serperior
|-damage|p2a: Serperior|4/100
|
|-heal|p2a: Serperior|10/100|[from] item: Leftovers
|upkeep
|turn|16
|
|t:|1779830985
|switch|p1a: Blissey|Blissey, F|100/100
|move|p2a: Serperior|Leaf Storm|p1a: Blissey|[miss]
|-miss|p2a: Serperior|p1a: Blissey
|
|-heal|p2a: Serperior|16/100|[from] item: Leftovers
|upkeep
|turn|17
|
|t:|1779830991
|move|p2a: Serperior|Substitute|p2a: Serperior
|-fail|p2a: Serperior|move: Substitute|[weak]
|move|p1a: Blissey|Shadow Ball|p2a: Serperior
|-damage|p2a: Serperior|0 fnt
|faint|p2a: Serperior
|
|upkeep
|
|t:|1779830998
|switch|p2a: Meowstic|Meowstic, M|100/100
|-damage|p2a: Meowstic|76/100|[from] Spikes
|turn|18
|
|t:|1779831007
|switch|p1a: Zamazenta|Zamazenta|100/100
|-ability|p1a: Zamazenta|Dauntless Shield|boost
|-boost|p1a: Zamazenta|def|1
|move|p2a: Meowstic|Light Screen|p2a: Meowstic
|-sidestart|p2: zenex_kall|move: Light Screen
|
|upkeep
|turn|19
|
|t:|1779831013
|switch|p1a: Pecharunt|Pecharunt|100/100
|move|p2a: Meowstic|Reflect|p2a: Meowstic
|-sidestart|p2: zenex_kall|Reflect
|
|upkeep
|turn|20
|
|t:|1779831024
|move|p2a: Meowstic|Expanding Force|p1a: Pecharunt
|-supereffective|p1a: Pecharunt
|-damage|p1a: Pecharunt|36/100
|move|p1a: Pecharunt|Toxic|p2a: Meowstic
|-status|p2a: Meowstic|tox
|-start|p2a: Meowstic|confusion|[from] ability: Poison Puppeteer|[of] p1a: Pecharunt
|
|-damage|p2a: Meowstic|69/100 tox|[from] psn
|upkeep
|turn|21
|
|t:|1779831032
|-activate|p2a: Meowstic|confusion
|move|p2a: Meowstic|Expanding Force|p1a: Pecharunt
|-supereffective|p1a: Pecharunt
|-damage|p1a: Pecharunt|0 fnt
|faint|p1a: Pecharunt
|
|-damage|p2a: Meowstic|57/100 tox|[from] psn
|upkeep
|
|t:|1779831037
|switch|p1a: Gholdengo|Gholdengo|25/100
|turn|22
|
|t:|1779831043
|-end|p2a: Meowstic|confusion
|move|p2a: Meowstic|Thunderbolt|p1a: Gholdengo
|-damage|p1a: Gholdengo|3/100
|move|p1a: Gholdengo|Recover|p1a: Gholdengo
|-heal|p1a: Gholdengo|53/100
|
|-damage|p2a: Meowstic|38/100 tox|[from] psn
|-sideend|p2: zenex_kall|move: Light Screen
|upkeep
|turn|23
|
|t:|1779831051
|move|p2a: Meowstic|Light Screen|p2a: Meowstic
|-sidestart|p2: zenex_kall|move: Light Screen
|move|p1a: Gholdengo|Recover|p1a: Gholdengo
|-heal|p1a: Gholdengo|100/100
|
|-damage|p2a: Meowstic|13/100 tox|[from] psn
|-sideend|p2: zenex_kall|Reflect
|upkeep
|turn|24
|
|t:|1779831057
|move|p2a: Meowstic|Reflect|p2a: Meowstic
|-sidestart|p2: zenex_kall|Reflect
|move|p1a: Gholdengo|Nasty Plot|p1a: Gholdengo
|-boost|p1a: Gholdengo|spa|2
|
|-damage|p2a: Meowstic|0 fnt|[from] psn
|faint|p2a: Meowstic
|upkeep
|
|t:|1779831063
|switch|p2a: Gyarados|Gyarados, F|100/100
|-ability|p2a: Gyarados|Intimidate|boost
|-unboost|p1a: Gholdengo|atk|1
|turn|25
|
|t:|1779831068
|move|p2a: Gyarados|Earthquake|p1a: Gholdengo
|-supereffective|p1a: Gholdengo
|-damage|p1a: Gholdengo|42/100
|move|p1a: Gholdengo|Hex|p2a: Gyarados
|-damage|p2a: Gyarados|71/100
|
|upkeep
|turn|26
|
|t:|1779831077
|switch|p1a: Gliscor|Gliscor, F|100/100
|move|p2a: Gyarados|Earthquake|p1a: Gliscor
|-immune|p1a: Gliscor
|
|-status|p1a: Gliscor|tox|[from] item: Toxic Orb
|upkeep
|turn|27
|
|t:|1779831086
|move|p2a: Gyarados|Dragon Dance|p2a: Gyarados
|-boost|p2a: Gyarados|atk|1
|-boost|p2a: Gyarados|spe|1
|move|p1a: Gliscor|Swords Dance|p1a: Gliscor
|-boost|p1a: Gliscor|atk|2
|
|-sideend|p2: zenex_kall|move: Light Screen
|upkeep
|turn|28
|
|t:|1779831094
|move|p2a: Gyarados|Waterfall|p1a: Gliscor
|-supereffective|p1a: Gliscor
|-damage|p1a: Gliscor|0 fnt
|faint|p1a: Gliscor
|
|-sideend|p2: zenex_kall|Reflect
|upkeep
|
|t:|1779831104
|switch|p1a: Zamazenta|Zamazenta|100/100
|turn|29
|
|t:|1779831114
|move|p1a: Zamazenta|Crunch|p2a: Gyarados
|-damage|p2a: Gyarados|40/100
|-unboost|p2a: Gyarados|def|1
|-damage|p1a: Zamazenta|84/100|[from] item: Rocky Helmet|[of] p2a: Gyarados
|move|p2a: Gyarados|Waterfall|p1a: Zamazenta
|-damage|p1a: Zamazenta|27/100
|
|upkeep
|turn|30
|
|t:|1779831123
|move|p1a: Zamazenta|Close Combat|p2a: Gyarados
|-resisted|p2a: Gyarados
|-damage|p2a: Gyarados|0 fnt
|-unboost|p1a: Zamazenta|def|1
|-unboost|p1a: Zamazenta|spd|1
|-damage|p1a: Zamazenta|10/100|[from] item: Rocky Helmet|[of] p2a: Gyarados
|faint|p2a: Gyarados
|
|upkeep
|
|t:|1779831130
|switch|p2a: Slowking|Slowking-Galar, F|100/100
|-damage|p2a: Slowking|76/100|[from] Spikes
|turn|31
|
|t:|1779831140
|move|p1a: Zamazenta|Crunch|p2a: Slowking
|-supereffective|p2a: Slowking
|-damage|p2a: Slowking|14/100
|move|p2a: Slowking|Surf|p1a: Zamazenta
|-damage|p1a: Zamazenta|0 fnt
|faint|p1a: Zamazenta
|
|upkeep
|
|t:|1779831147
|switch|p1a: Blissey|Blissey, F|100/100
|turn|32
|
|t:|1779831156
|move|p1a: Blissey|Shadow Ball|p2a: Slowking
|-supereffective|p2a: Slowking
|-damage|p2a: Slowking|1/100
|move|p2a: Slowking|Sludge Bomb|p1a: Blissey
|-damage|p1a: Blissey|88/100
|
|upkeep
|turn|33
|
|t:|1779831165
|move|p1a: Blissey|Shadow Ball|p2a: Slowking
|-supereffective|p2a: Slowking
|-damage|p2a: Slowking|0 fnt
|faint|p2a: Slowking
|
|win|claudechamp
|raw|claudechamp's rating: 1124 &rarr; <strong>1149</strong><br />(+25 for winning)
|raw|zenex_kall's rating: 1120 &rarr; <strong>1095</strong><br />(-25 for losing)
|c|☆claudechamp|gg
