|j|☆miguelissussybaka
|j|☆SimonStork
|t:|1779865283
|gametype|singles
|player|p1|miguelissussybaka|266|1351
|player|p2|SimonStork|170|1455
|gen|9
|tier|[Gen 9] OU
|rated|
|rule|HP Percentage Mod: HP is shown in percentages
|rule|Endless Battle Clause: Forcing endless battles is banned
|rule|Species Clause: Limit one of each Pokémon
|rule|OHKO Clause: OHKO moves are banned
|rule|Evasion Items Clause: Evasion items are banned
|rule|Evasion Moves Clause: Evasion moves are banned
|rule|Evasion Abilities Clause: Evasion abilities are banned
|rule|Sleep Moves Clause: Sleep-inducing moves are banned
|clearpoke
|poke|p1|Kingambit, F|
|poke|p1|Ogerpon-Wellspring, F|
|poke|p1|Rillaboom, M|
|poke|p1|Mamoswine, M|
|poke|p1|Moltres|
|poke|p1|Infernape, M|
|poke|p2|Weezing-Galar, M|
|poke|p2|Alomomola, M|
|poke|p2|Iron Treads|
|poke|p2|Blissey, F|
|poke|p2|Zamazenta-*|
|poke|p2|Lokix, M|
|teampreview
|
|t:|1779865315
|teamsize|p1|6
|teamsize|p2|6
|start
|switch|p1a: Rillaboom|Rillaboom, M|100/100
|switch|p2a: Weezing|Weezing-Galar, M|100/100
|-ability|p2a: Weezing|Neutralizing Gas
|turn|1
|
|t:|1779865342
|move|p1a: Rillaboom|U-turn|p2a: Weezing
|-resisted|p2a: Weezing
|-damage|p2a: Weezing|94/100
|
|t:|1779865362
|switch|p1a: Moltres|Moltres|100/100|[from] U-turn
|move|p2a: Weezing|Will-O-Wisp|p1a: Moltres
|-immune|p1a: Moltres
|
|-heal|p2a: Weezing|99/100|[from] item: Leftovers
|upkeep
|turn|2
|
|t:|1779865373
|-end|p2a: Weezing|ability: Neutralizing Gas
|switch|p2a: Blissey|Blissey, F|100/100
|move|p1a: Moltres|Flamethrower|p2a: Blissey
|-crit|p2a: Blissey
|-damage|p2a: Blissey|83/100
|
|-heal|p2a: Blissey|90/100|[from] item: Leftovers
|upkeep
|turn|3
|
|t:|1779865389
|move|p1a: Moltres|U-turn|p2a: Blissey
|-damage|p2a: Blissey|75/100
|
|t:|1779865397
|switch|p1a: Kingambit|Kingambit, F|100/100|[from] U-turn
|move|p2a: Blissey|Seismic Toss|p1a: Kingambit
|-damage|p1a: Kingambit|76/100
|
|-heal|p2a: Blissey|81/100|[from] item: Leftovers
|-heal|p1a: Kingambit|82/100|[from] item: Leftovers
|upkeep
|turn|4
|
|t:|1779865409
|switch|p2a: Weezing|Weezing-Galar, M|99/100
|-ability|p2a: Weezing|Neutralizing Gas
|move|p1a: Kingambit|Swords Dance|p1a: Kingambit
|-boost|p1a: Kingambit|atk|2
|
|-heal|p2a: Weezing|100/100|[from] item: Leftovers
|-heal|p1a: Kingambit|88/100|[from] item: Leftovers
|upkeep
|turn|5
|
|t:|1779865418
|-terastallize|p2a: Weezing|Grass
|move|p2a: Weezing|Will-O-Wisp|p1a: Kingambit
|-status|p1a: Kingambit|brn
|move|p1a: Kingambit|Iron Head|p2a: Weezing
|-damage|p2a: Weezing|68/100
|
|-heal|p2a: Weezing|74/100|[from] item: Leftovers
|-heal|p1a: Kingambit|94/100 brn|[from] item: Leftovers
|-damage|p1a: Kingambit|88/100 brn|[from] brn
|upkeep
|turn|6
|
|t:|1779865428
|-end|p2a: Weezing|ability: Neutralizing Gas
|switch|p2a: Alomomola|Alomomola, M|100/100
|move|p1a: Kingambit|Kowtow Cleave|p2a: Alomomola
|-damage|p2a: Alomomola|70/100
|-damage|p1a: Kingambit|72/100 brn|[from] item: Rocky Helmet|[of] p2a: Alomomola
|
|-heal|p1a: Kingambit|78/100 brn|[from] item: Leftovers
|-damage|p1a: Kingambit|72/100 brn|[from] brn
|upkeep
|turn|7
|
|t:|1779865447
|move|p1a: Kingambit|Swords Dance|p1a: Kingambit
|-boost|p1a: Kingambit|atk|2
|move|p2a: Alomomola|Wish|p2a: Alomomola
|
|-heal|p1a: Kingambit|78/100 brn|[from] item: Leftovers
|-damage|p1a: Kingambit|72/100 brn|[from] brn
|upkeep
|turn|8
|
|t:|1779865459
|move|p1a: Kingambit|Swords Dance|p1a: Kingambit
|-boost|p1a: Kingambit|atk|2
|move|p2a: Alomomola|Tickle|p1a: Kingambit
|-unboost|p1a: Kingambit|atk|1
|-unboost|p1a: Kingambit|def|1
|
|-heal|p2a: Alomomola|100/100|[from] move: Wish|[wisher] Alomomola
|-heal|p1a: Kingambit|78/100 brn|[from] item: Leftovers
|-damage|p1a: Kingambit|72/100 brn|[from] brn
|upkeep
|turn|9
|
|t:|1779865473
|move|p1a: Kingambit|Swords Dance|p1a: Kingambit
|-boost|p1a: Kingambit|atk|1
|move|p2a: Alomomola|Tickle|p1a: Kingambit
|-unboost|p1a: Kingambit|atk|1
|-unboost|p1a: Kingambit|def|1
|
|-heal|p1a: Kingambit|78/100 brn|[from] item: Leftovers
|-damage|p1a: Kingambit|72/100 brn|[from] brn
|upkeep
|turn|10
|
|t:|1779865482
|move|p1a: Kingambit|Kowtow Cleave|p2a: Alomomola
|-damage|p2a: Alomomola|49/100
|-damage|p1a: Kingambit|55/100 brn|[from] item: Rocky Helmet|[of] p2a: Alomomola
|move|p2a: Alomomola|Flip Turn|p1a: Kingambit
|-damage|p1a: Kingambit|33/100 brn
|
|t:|1779865490
|switch|p2a: Lokix|Lokix, M|100/100|[from] Flip Turn
|
|-heal|p1a: Kingambit|39/100 brn|[from] item: Leftovers
|-damage|p1a: Kingambit|33/100 brn|[from] brn
|upkeep
|turn|11
|
|t:|1779865533
|move|p2a: Lokix|First Impression|p1a: Kingambit
|-damage|p1a: Kingambit|0 fnt
|faint|p1a: Kingambit
|-end|p1a: Kingambit|fallenundefined|[silent]
|
|upkeep
|
|t:|1779865553
|switch|p1a: Moltres|Moltres|100/100
|turn|12
|
|t:|1779865564
|switch|p2a: Alomomola|Alomomola, M|82/100
|move|p1a: Moltres|U-turn|p2a: Alomomola
|-damage|p2a: Alomomola|73/100
|-damage|p1a: Moltres|84/100|[from] item: Rocky Helmet|[of] p2a: Alomomola
|
|t:|1779865575
|switch|p1a: Ogerpon|Ogerpon-Wellspring, F|100/100|[from] U-turn
|
|upkeep
|turn|13
|
|t:|1779865582
|switch|p2a: Lokix|Lokix, M|100/100
|move|p1a: Ogerpon|Power Whip|p2a: Lokix
|-resisted|p2a: Lokix
|-damage|p2a: Lokix|46/100
|
|upkeep
|turn|14
|
|t:|1779865591
|switch|p1a: Moltres|Moltres|84/100
|move|p2a: Lokix|First Impression|p1a: Moltres
|-resisted|p1a: Moltres
|-damage|p1a: Moltres|62/100
|
|upkeep
|turn|15
|
|t:|1779865601
|switch|p2a: Alomomola|Alomomola, M|100/100
|move|p1a: Moltres|Flamethrower|p2a: Alomomola
|-resisted|p2a: Alomomola
|-damage|p2a: Alomomola|85/100
|
|upkeep
|turn|16
|
|t:|1779865617
|move|p1a: Moltres|Roost|p1a: Moltres
|-heal|p1a: Moltres|100/100
|-singleturn|p1a: Moltres|move: Roost
|move|p2a: Alomomola|Flip Turn|p1a: Moltres
|-supereffective|p1a: Moltres
|-damage|p1a: Moltres|77/100
|-status|p2a: Alomomola|brn|[from] ability: Flame Body|[of] p1a: Moltres
|
|t:|1779865629
|switch|p2a: Zamazenta|Zamazenta|100/100|[from] Flip Turn
|-ability|p2a: Zamazenta|Dauntless Shield|boost
|-boost|p2a: Zamazenta|def|1
|
|upkeep
|turn|17
|
|t:|1779865640
|move|p2a: Zamazenta|Stone Edge|p1a: Moltres
|-supereffective|p1a: Moltres
|-damage|p1a: Moltres|0 fnt
|faint|p1a: Moltres
|
|upkeep
|
|t:|1779865667
|switch|p1a: Infernape|Infernape, M|100/100
|turn|18
|
|t:|1779865694
|switch|p2a: Alomomola|Alomomola, M|100/100 brn
|move|p1a: Infernape|Grass Knot|p2a: Alomomola
|-supereffective|p2a: Alomomola
|-damage|p2a: Alomomola|68/100 brn
|-damage|p1a: Infernape|84/100|[from] item: Rocky Helmet|[of] p2a: Alomomola
|
|-damage|p2a: Alomomola|62/100 brn|[from] brn
|upkeep
|turn|19
|
|t:|1779865703
|move|p1a: Infernape|Grass Knot|p2a: Alomomola
|-supereffective|p2a: Alomomola
|-damage|p2a: Alomomola|25/100 brn
|-damage|p1a: Infernape|68/100|[from] item: Rocky Helmet|[of] p2a: Alomomola
|move|p2a: Alomomola|Flip Turn|p1a: Infernape
|-supereffective|p1a: Infernape
|-damage|p1a: Infernape|44/100
|
|t:|1779865714
|switch|p2a: Zamazenta|Zamazenta|100/100|[from] Flip Turn
|
|upkeep
|turn|20
|
|t:|1779865742
|switch|p1a: Rillaboom|Rillaboom, M|100/100
|-fieldstart|move: Grassy Terrain|[from] ability: Grassy Surge|[of] p1a: Rillaboom
|move|p2a: Zamazenta|Close Combat|p1a: Rillaboom
|-damage|p1a: Rillaboom|0 fnt
|-unboost|p2a: Zamazenta|def|1
|-unboost|p2a: Zamazenta|spd|1
|faint|p1a: Rillaboom
|
|upkeep
|
|t:|1779865747
|switch|p1a: Infernape|Infernape, M|44/100
|turn|21
|
|t:|1779865761
|switch|p2a: Alomomola|Alomomola, M|58/100 brn
|-terastallize|p1a: Infernape|Grass
|move|p1a: Infernape|Grass Knot|p2a: Alomomola
|-supereffective|p2a: Alomomola
|-damage|p2a: Alomomola|0 fnt
|-damage|p1a: Infernape|28/100|[from] item: Rocky Helmet|[of] p2a: Alomomola
|faint|p2a: Alomomola
|
|-heal|p1a: Infernape|34/100|[from] Grassy Terrain
|upkeep
|
|t:|1779865772
|switch|p2a: Lokix|Lokix, M|46/100
|turn|22
|
|t:|1779865790
|switch|p1a: Mamoswine|Mamoswine, M|100/100
|move|p2a: Lokix|Leech Life|p1a: Mamoswine
|-damage|p1a: Mamoswine|35/100
|-heal|p2a: Lokix|88/100|[from] drain|[of] p1a: Mamoswine
|
|-heal|p2a: Lokix|94/100|[from] Grassy Terrain
|-heal|p1a: Mamoswine|41/100|[from] Grassy Terrain
|upkeep
|turn|23
|
|t:|1779865799
|move|p2a: Lokix|Leech Life|p1a: Mamoswine
|-damage|p1a: Mamoswine|0 fnt
|-heal|p2a: Lokix|100/100|[from] drain|[of] p1a: Mamoswine
|faint|p1a: Mamoswine
|
|upkeep
|
|t:|1779865802
|switch|p1a: Ogerpon|Ogerpon-Wellspring, F|100/100
|turn|24
|
|t:|1779865824
|move|p1a: Ogerpon|Play Rough|p2a: Lokix|[miss]
|-miss|p1a: Ogerpon|p2a: Lokix
|move|p2a: Lokix|Leech Life|p1a: Ogerpon
|-supereffective|p1a: Ogerpon
|-damage|p1a: Ogerpon|0 fnt
|faint|p1a: Ogerpon
|
|-fieldend|move: Grassy Terrain
|upkeep
|
|t:|1779865826
|switch|p1a: Infernape|Infernape, M, tera:Grass|34/100
|turn|25
|
|t:|1779865834
|move|p1a: Infernape|Switcheroo|p2a: Lokix
|-activate|p1a: Infernape|move: Trick|[of] p2a: Lokix
|-item|p2a: Lokix|Choice Scarf|[from] move: Switcheroo
|-item|p1a: Infernape|Choice Band|[from] move: Switcheroo
|move|p2a: Lokix|Leech Life|p1a: Infernape
|-supereffective|p1a: Infernape
|-damage|p1a: Infernape|0 fnt
|faint|p1a: Infernape
|
|win|SimonStork
|raw|miguelissussybaka's rating: 1351 &rarr; <strong>1337</strong><br />(-14 for losing)
|raw|SimonStork's rating: 1455 &rarr; <strong>1469</strong><br />(+14 for winning)
|l|☆miguelissussybaka
|player|p1|
|l|☆SimonStork
|player|p2|
