|j|☆Moltov91
|j|☆claudechamp
|t:|1779870808
|gametype|singles
|player|p1|Moltov91|266|1280
|player|p2|claudechamp|169|1277
|gen|9
|tier|[Gen 9] OU
|rated|
|rule|HP Percentage Mod: HP is shown in percentages
|rule|Endless Battle Clause: Forcing endless battles is banned
|rule|Species Clause: Limit one of each Pokémon
|rule|OHKO Clause: OHKO moves are banned
|rule|Evasion Items Clause: Evasion items are banned
|rule|Evasion Moves Clause: Evasion moves are banned
|rule|Evasion Abilities Clause: Evasion abilities are banned
|rule|Sleep Moves Clause: Sleep-inducing moves are banned
|clearpoke
|poke|p1|Dragapult, F|
|poke|p1|Zamazenta-*|
|poke|p1|Darkrai|
|poke|p1|Kyurem|
|poke|p1|Scizor, M|
|poke|p1|Azumarill, F|
|poke|p2|Gliscor, M|
|poke|p2|Gholdengo|
|poke|p2|Zamazenta-*|
|poke|p2|Blissey, F|
|poke|p2|Skarmory, F|
|poke|p2|Pecharunt|
|teampreview
|c|☆claudechamp|hf
|inactive|Battle timer is ON: inactive players will automatically lose when time's up. (requested by claudechamp)
|inactive|Moltov91 also wants the timer to be on.
|
|t:|1779870816
|teamsize|p1|6
|teamsize|p2|6
|start
|switch|p1a: Kyurem|Kyurem|100/100
|switch|p2a: Skarmory|Skarmory, F|100/100
|-ability|p1a: Kyurem|Pressure
|turn|1
|
|t:|1779870824
|move|p1a: Kyurem|Freeze-Dry|p2a: Skarmory
|-damage|p2a: Skarmory|48/100
|-status|p2a: Skarmory|frz
|cant|p2a: Skarmory|frz
|
|upkeep
|turn|2
|
|t:|1779870828
|switch|p2a: Blissey|Blissey, F|100/100
|move|p1a: Kyurem|Freeze-Dry|p2a: Blissey
|-damage|p2a: Blissey|87/100
|
|upkeep
|turn|3
|
|t:|1779870836
|switch|p1a: Scizor|Scizor, M|100/100
|move|p2a: Blissey|Stealth Rock|p1a: Scizor
|-sidestart|p1: Moltov91|move: Stealth Rock
|
|upkeep
|turn|4
|
|t:|1779870841
|switch|p2a: Zamazenta|Zamazenta|100/100
|-ability|p2a: Zamazenta|Dauntless Shield|boost
|-boost|p2a: Zamazenta|def|1
|move|p1a: Scizor|Defog|p2a: Zamazenta
|-unboost|p2a: Zamazenta|evasion|1
|-sideend|p1: Moltov91|Stealth Rock|[from] move: Defog|[of] p1a: Scizor
|
|upkeep
|turn|5
|
|t:|1779870846
|switch|p1a: Azumarill|Azumarill, F|100/100
|move|p2a: Zamazenta|Close Combat|p1a: Azumarill
|-resisted|p1a: Azumarill
|-damage|p1a: Azumarill|67/100
|-unboost|p2a: Zamazenta|def|1
|-unboost|p2a: Zamazenta|spd|1
|
|upkeep
|turn|6
|
|t:|1779870858
|move|p2a: Zamazenta|Close Combat|p1a: Azumarill
|-resisted|p1a: Azumarill
|-damage|p1a: Azumarill|33/100
|-unboost|p2a: Zamazenta|def|1
|-unboost|p2a: Zamazenta|spd|1
|move|p1a: Azumarill|Play Rough|p2a: Zamazenta
|-supereffective|p2a: Zamazenta
|-crit|p2a: Zamazenta
|-damage|p2a: Zamazenta|0 fnt
|faint|p2a: Zamazenta
|
|upkeep
|
|t:|1779870861
|switch|p2a: Gliscor|Gliscor, M|100/100
|turn|7
|
|t:|1779870870
|move|p2a: Gliscor|Swords Dance|p2a: Gliscor
|-boost|p2a: Gliscor|atk|2
|move|p1a: Azumarill|Liquidation|p2a: Gliscor
|-supereffective|p2a: Gliscor
|-damage|p2a: Gliscor|20/100
|
|-status|p2a: Gliscor|tox|[from] item: Toxic Orb
|upkeep
|turn|8
|
|t:|1779870876
|move|p1a: Azumarill|Aqua Jet|p2a: Gliscor
|-supereffective|p2a: Gliscor
|-damage|p2a: Gliscor|0 fnt
|faint|p2a: Gliscor
|
|upkeep
|
|t:|1779870878
|switch|p2a: Gholdengo|Gholdengo|100/100
|turn|9
|
|t:|1779870886
|move|p1a: Azumarill|Aqua Jet|p2a: Gholdengo
|-damage|p2a: Gholdengo|82/100
|move|p2a: Gholdengo|Nasty Plot|p2a: Gholdengo
|-boost|p2a: Gholdengo|spa|2
|
|upkeep
|turn|10
|
|t:|1779870891
|move|p2a: Gholdengo|Hex|p1a: Azumarill
|-damage|p1a: Azumarill|0 fnt
|faint|p1a: Azumarill
|
|upkeep
|
|t:|1779870897
|switch|p1a: Darkrai|Darkrai|100/100
|turn|11
|
|t:|1779870901
|move|p1a: Darkrai|Dark Pulse|p2a: Gholdengo
|-supereffective|p2a: Gholdengo
|-damage|p2a: Gholdengo|0 fnt
|faint|p2a: Gholdengo
|
|upkeep
|
|t:|1779870907
|switch|p2a: Blissey|Blissey, F|87/100
|turn|12
|
|t:|1779870913
|switch|p1a: Dragapult|Dragapult, F|100/100
|move|p2a: Blissey|Calm Mind|p2a: Blissey
|-boost|p2a: Blissey|spa|1
|-boost|p2a: Blissey|spd|1
|
|upkeep
|turn|13
|
|t:|1779870917
|move|p1a: Dragapult|Will-O-Wisp|p2a: Blissey
|-status|p2a: Blissey|brn
|move|p2a: Blissey|Stealth Rock|p1a: Dragapult
|-sidestart|p1: Moltov91|move: Stealth Rock
|
|-damage|p2a: Blissey|81/100 brn|[from] brn
|upkeep
|turn|14
|
|t:|1779870923
|switch|p1a: Scizor|Scizor, M|100/100
|-damage|p1a: Scizor|88/100|[from] Stealth Rock
|move|p2a: Blissey|Calm Mind|p2a: Blissey
|-boost|p2a: Blissey|spa|1
|-boost|p2a: Blissey|spd|1
|
|-damage|p2a: Blissey|75/100 brn|[from] brn
|upkeep
|turn|15
|
|t:|1779870928
|move|p1a: Scizor|Defog|p2a: Blissey
|-unboost|p2a: Blissey|evasion|1
|-sideend|p1: Moltov91|Stealth Rock|[from] move: Defog|[of] p1a: Scizor
|move|p2a: Blissey|Shadow Ball|p1a: Scizor
|-damage|p1a: Scizor|43/100
|
|-damage|p2a: Blissey|69/100 brn|[from] brn
|upkeep
|turn|16
|
|t:|1779870932
|switch|p1a: Zamazenta|Zamazenta|100/100
|-ability|p1a: Zamazenta|Dauntless Shield|boost
|-boost|p1a: Zamazenta|def|1
|move|p2a: Blissey|Stealth Rock|p1a: Zamazenta
|-sidestart|p1: Moltov91|move: Stealth Rock
|
|-damage|p2a: Blissey|63/100 brn|[from] brn
|upkeep
|turn|17
|
|t:|1779870938
|move|p1a: Zamazenta|Crunch|p2a: Blissey
|-damage|p2a: Blissey|24/100 brn
|-damage|p1a: Zamazenta|91/100|[from] item: Life Orb
|move|p2a: Blissey|Shadow Ball|p1a: Zamazenta
|-crit|p1a: Zamazenta
|-damage|p1a: Zamazenta|49/100
|
|-damage|p2a: Blissey|18/100 brn|[from] brn
|upkeep
|turn|18
|
|t:|1779870945
|-curestatus|p2a: Blissey|brn|[from] ability: Natural Cure|[silent]
|switch|p2a: Pecharunt|Pecharunt|100/100
|move|p1a: Zamazenta|Crunch|p2a: Pecharunt
|-supereffective|p2a: Pecharunt
|-damage|p2a: Pecharunt|62/100
|-damage|p1a: Zamazenta|40/100|[from] item: Life Orb
|
|upkeep
|turn|19
|
|t:|1779870953
|-terastallize|p1a: Zamazenta|Dark
|move|p1a: Zamazenta|Crunch|p2a: Pecharunt
|-supereffective|p2a: Pecharunt
|-damage|p2a: Pecharunt|12/100
|-damage|p1a: Zamazenta|30/100|[from] item: Life Orb
|move|p2a: Pecharunt|Recover|p2a: Pecharunt
|-heal|p2a: Pecharunt|62/100
|
|upkeep
|turn|20
|
|t:|1779870961
|-terastallize|p2a: Pecharunt|Fairy
|move|p1a: Zamazenta|Crunch|p2a: Pecharunt
|-resisted|p2a: Pecharunt
|-damage|p2a: Pecharunt|49/100
|-damage|p1a: Zamazenta|20/100|[from] item: Life Orb
|move|p2a: Pecharunt|Recover|p2a: Pecharunt
|-heal|p2a: Pecharunt|99/100
|
|upkeep
|turn|21
|
|t:|1779870965
|move|p1a: Zamazenta|Iron Head|p2a: Pecharunt
|-supereffective|p2a: Pecharunt
|-damage|p2a: Pecharunt|65/100
|-damage|p1a: Zamazenta|10/100|[from] item: Life Orb
|cant|p2a: Pecharunt|flinch
|
|upkeep
|turn|22
|
|t:|1779870983
|switch|p1a: Scizor|Scizor, M|43/100
|-damage|p1a: Scizor|30/100|[from] Stealth Rock
|move|p2a: Pecharunt|Recover|p2a: Pecharunt
|-heal|p2a: Pecharunt|100/100
|
|upkeep
|turn|23
|
|t:|1779870988
|move|p2a: Pecharunt|Shadow Ball|p1a: Scizor
|-damage|p1a: Scizor|0 fnt
|faint|p1a: Scizor
|
|upkeep
|
|t:|1779870995
|switch|p1a: Darkrai|Darkrai|100/100
|-damage|p1a: Darkrai|88/100|[from] Stealth Rock
|turn|24
|
|t:|1779871004
|move|p1a: Darkrai|Sludge Bomb|p2a: Pecharunt
|-supereffective|p2a: Pecharunt
|-damage|p2a: Pecharunt|35/100
|move|p2a: Pecharunt|Toxic|p1a: Darkrai
|-status|p1a: Darkrai|tox
|-start|p1a: Darkrai|confusion|[from] ability: Poison Puppeteer|[of] p2a: Pecharunt
|
|-damage|p1a: Darkrai|82/100 tox|[from] psn
|upkeep
|turn|25
|
|t:|1779871012
|-activate|p1a: Darkrai|confusion
|move|p1a: Darkrai|Sludge Bomb|p2a: Pecharunt
|-supereffective|p2a: Pecharunt
|-damage|p2a: Pecharunt|0 fnt
|faint|p2a: Pecharunt
|
|-damage|p1a: Darkrai|70/100 tox|[from] psn
|upkeep
|
|t:|1779871020
|switch|p2a: Blissey|Blissey, F|18/100
|turn|26
|
|t:|1779871029
|-activate|p1a: Darkrai|confusion
|move|p1a: Darkrai|Sludge Bomb|p2a: Blissey
|-damage|p2a: Blissey|8/100
|move|p2a: Blissey|Soft-Boiled|p2a: Blissey
|-heal|p2a: Blissey|58/100
|
|-damage|p1a: Darkrai|52/100 tox|[from] psn
|upkeep
|turn|27
|
|t:|1779871034
|switch|p1a: Zamazenta|Zamazenta, tera:Dark|10/100
|-damage|p1a: Zamazenta|0 fnt|[from] Stealth Rock
|faint|p1a: Zamazenta
|move|p2a: Blissey|Calm Mind|p2a: Blissey
|-boost|p2a: Blissey|spa|1
|-boost|p2a: Blissey|spd|1
|
|upkeep
|
|t:|1779871048
|switch|p1a: Darkrai|Darkrai|52/100 tox
|-damage|p1a: Darkrai|39/100 tox|[from] Stealth Rock
|turn|28
|
|t:|1779871054
|move|p1a: Darkrai|Psyshock|p2a: Blissey
|-damage|p2a: Blissey|23/100
|move|p2a: Blissey|Calm Mind|p2a: Blissey
|-boost|p2a: Blissey|spa|1
|-boost|p2a: Blissey|spd|1
|
|-damage|p1a: Darkrai|33/100 tox|[from] psn
|upkeep
|turn|29
|
|t:|1779871063
|move|p1a: Darkrai|Psyshock|p2a: Blissey
|-damage|p2a: Blissey|0 fnt
|faint|p2a: Blissey
|
|-damage|p1a: Darkrai|21/100 tox|[from] psn
|upkeep
|
|t:|1779871070
|switch|p2a: Skarmory|Skarmory, F|48/100 frz
|turn|30
|
|t:|1779871077
|move|p1a: Darkrai|Psyshock|p2a: Skarmory
|-resisted|p2a: Skarmory
|-damage|p2a: Skarmory|38/100 frz
|cant|p2a: Skarmory|frz
|
|-damage|p1a: Darkrai|3/100 tox|[from] psn
|upkeep
|turn|31
|
|t:|1779871080
|switch|p1a: Dragapult|Dragapult, F|100/100
|-damage|p1a: Dragapult|88/100|[from] Stealth Rock
|-curestatus|p2a: Skarmory|frz|[msg]
|move|p2a: Skarmory|Roost|p2a: Skarmory
|-heal|p2a: Skarmory|88/100
|-singleturn|p2a: Skarmory|move: Roost
|
|upkeep
|turn|32
|
|t:|1779871085
|move|p1a: Dragapult|Will-O-Wisp|p2a: Skarmory
|-status|p2a: Skarmory|brn
|move|p2a: Skarmory|Spikes|p1a: Dragapult
|-sidestart|p1: Moltov91|Spikes
|
|-damage|p2a: Skarmory|82/100 brn|[from] brn
|upkeep
|turn|33
|
|t:|1779871092
|move|p1a: Dragapult|Thunderbolt|p2a: Skarmory
|-supereffective|p2a: Skarmory
|-damage|p2a: Skarmory|0 fnt
|faint|p2a: Skarmory
|-damage|p1a: Dragapult|78/100|[from] item: Life Orb
|
|win|Moltov91
|raw|Moltov91's rating: 1280 &rarr; <strong>1309</strong><br />(+29 for winning)
|raw|claudechamp's rating: 1336 &rarr; <strong>1313</strong><br />(-23 for losing)
|c|☆claudechamp|gg
|l|☆Moltov91
|player|p1|
