|j|☆Relative-Ease
|j|☆bombyswaggy
|t:|1779864105
|gametype|singles
|player|p1|Relative-Ease|169|1329
|player|p2|bombyswaggy|265|1289
|gen|9
|tier|[Gen 9] OU
|rated|
|rule|HP Percentage Mod: HP is shown in percentages
|rule|Endless Battle Clause: Forcing endless battles is banned
|rule|Species Clause: Limit one of each Pokémon
|rule|OHKO Clause: OHKO moves are banned
|rule|Evasion Items Clause: Evasion items are banned
|rule|Evasion Moves Clause: Evasion moves are banned
|rule|Evasion Abilities Clause: Evasion abilities are banned
|rule|Sleep Moves Clause: Sleep-inducing moves are banned
|clearpoke
|poke|p1|Pawmot, M|
|poke|p1|Clefable, F|
|poke|p1|Rillaboom, F|
|poke|p1|Swampert, M|
|poke|p1|Kingdra, M|
|poke|p1|Pelipper, M|
|poke|p2|Dragonite, F|
|poke|p2|Gholdengo|
|poke|p2|Great Tusk|
|poke|p2|Samurott-Hisui, F|
|poke|p2|Iron Valiant|
|poke|p2|Kingambit, F|
|teampreview
|
|t:|1779864113
|teamsize|p1|6
|teamsize|p2|6
|start
|switch|p1a: Chirs Paul|Pelipper, M|100/100
|switch|p2a: Samurott|Samurott-Hisui, F|100/100
|-weather|RainDance|[from] ability: Drizzle|[of] p1a: Chirs Paul
|turn|1
|
|t:|1779864127
|move|p2a: Samurott|Ceaseless Edge|p1a: Chirs Paul
|-damage|p1a: Chirs Paul|65/100
|-sidestart|p1: Relative-Ease|Spikes
|move|p1a: Chirs Paul|U-turn|p2a: Samurott
|-supereffective|p2a: Samurott
|-damage|p2a: Samurott|77/100
|
|t:|1779864136
|switch|p1a: Brunson|Rillaboom, F|100/100|[from] U-turn
|-damage|p1a: Brunson|88/100|[from] Spikes
|-fieldstart|move: Grassy Terrain|[from] ability: Grassy Surge|[of] p1a: Brunson
|
|-weather|RainDance|[upkeep]
|-heal|p2a: Samurott|84/100|[from] Grassy Terrain
|-heal|p1a: Brunson|94/100|[from] Grassy Terrain
|upkeep
|turn|2
|
|t:|1779864144
|move|p1a: Brunson|Grassy Glide|p2a: Samurott
|-supereffective|p2a: Samurott
|-damage|p2a: Samurott|0 fnt
|faint|p2a: Samurott
|
|-weather|RainDance|[upkeep]
|-heal|p1a: Brunson|99/100|[from] Grassy Terrain
|upkeep
|
|t:|1779864161
|switch|p2a: Gholdengo|Gholdengo|100/100
|-item|p2a: Gholdengo|Air Balloon
|turn|3
|
|t:|1779864172
|switch|p1a: Gasol|Swampert, M|100/100
|-damage|p1a: Gasol|88/100|[from] Spikes
|move|p2a: Gholdengo|Shadow Ball|p1a: Gasol
|-damage|p1a: Gasol|48/100
|
|-weather|RainDance|[upkeep]
|-heal|p1a: Gasol|54/100|[from] Grassy Terrain
|-heal|p1a: Gasol|60/100|[from] item: Leftovers
|upkeep
|turn|4
|
|t:|1779864188
|move|p2a: Gholdengo|Nasty Plot|p2a: Gholdengo
|-boost|p2a: Gholdengo|spa|2
|move|p1a: Gasol|Surf|p2a: Gholdengo
|-crit|p2a: Gholdengo
|-damage|p2a: Gholdengo|38/100
|-enditem|p2a: Gholdengo|Air Balloon
|
|-weather|RainDance|[upkeep]
|-heal|p2a: Gholdengo|45/100|[from] Grassy Terrain
|-heal|p1a: Gasol|67/100|[from] Grassy Terrain
|-heal|p1a: Gasol|73/100|[from] item: Leftovers
|upkeep
|turn|5
|
|t:|1779864199
|move|p2a: Gholdengo|Shadow Ball|p1a: Gasol
|-damage|p1a: Gasol|0 fnt
|faint|p1a: Gasol
|
|-weather|RainDance|[upkeep]
|-heal|p2a: Gholdengo|51/100|[from] Grassy Terrain
|-fieldend|move: Grassy Terrain
|upkeep
|
|t:|1779864206
|switch|p1a: SGA|Kingdra, M|100/100
|-damage|p1a: SGA|88/100|[from] Spikes
|turn|6
|
|t:|1779864211
|move|p1a: SGA|Surf|p2a: Gholdengo
|-damage|p2a: Gholdengo|0 fnt
|faint|p2a: Gholdengo
|
|-weather|RainDance|[upkeep]
|upkeep
|
|t:|1779864220
|switch|p2a: Iron Valiant|Iron Valiant|100/100
|-enditem|p2a: Iron Valiant|Booster Energy
|-activate|p2a: Iron Valiant|ability: Quark Drive|[fromitem]
|-start|p2a: Iron Valiant|quarkdrivespe
|turn|7
|
|t:|1779864227
|switch|p1a: Greed|Clefable, F|100/100
|-damage|p1a: Greed|88/100|[from] Spikes
|move|p2a: Iron Valiant|Moonblast|p1a: Greed
|-damage|p1a: Greed|46/100
|
|-weather|RainDance|[upkeep]
|-heal|p1a: Greed|52/100|[from] item: Leftovers
|upkeep
|turn|8
|
|t:|1779864241
|move|p2a: Iron Valiant|Moonblast|p1a: Greed
|-damage|p1a: Greed|9/100
|move|p1a: Greed|Moonblast|p2a: Iron Valiant
|-supereffective|p2a: Iron Valiant
|-damage|p2a: Iron Valiant|0 fnt
|faint|p2a: Iron Valiant
|-end|p2a: Iron Valiant|Quark Drive|[silent]
|
|-weather|none
|-heal|p1a: Greed|15/100|[from] item: Leftovers
|upkeep
|
|t:|1779864250
|switch|p2a: Dragonite|Dragonite, F|100/100
|turn|9
|
|t:|1779864254
|-terastallize|p2a: Dragonite|Normal
|move|p2a: Dragonite|Dragon Dance|p2a: Dragonite
|-boost|p2a: Dragonite|atk|1
|-boost|p2a: Dragonite|spe|1
|move|p1a: Greed|Wish|p1a: Greed
|
|-heal|p1a: Greed|21/100|[from] item: Leftovers
|upkeep
|turn|10
|
|t:|1779864262
|switch|p1a: Chirs Paul|Pelipper, M|65/100
|-weather|RainDance|[from] ability: Drizzle|[of] p1a: Chirs Paul
|move|p2a: Dragonite|Dragon Dance|p2a: Dragonite
|-boost|p2a: Dragonite|atk|1
|-boost|p2a: Dragonite|spe|1
|
|-weather|RainDance|[upkeep]
|-heal|p1a: Chirs Paul|100/100|[from] move: Wish|[wisher] Greed
|upkeep
|turn|11
|
|t:|1779864275
|move|p2a: Dragonite|Extreme Speed|p1a: Chirs Paul
|-damage|p1a: Chirs Paul|41/100
|move|p1a: Chirs Paul|Hurricane|p2a: Dragonite
|-damage|p2a: Dragonite|80/100
|
|-weather|RainDance|[upkeep]
|upkeep
|turn|12
|
|t:|1779864282
|move|p2a: Dragonite|Extreme Speed|p1a: Chirs Paul
|-damage|p1a: Chirs Paul|0 fnt
|faint|p1a: Chirs Paul
|
|-weather|RainDance|[upkeep]
|upkeep
|
|t:|1779864290
|switch|p1a: Klay|Pawmot, M|100/100
|-damage|p1a: Klay|88/100|[from] Spikes
|turn|13
|
|t:|1779864298
|-terastallize|p1a: Klay|Ghost
|move|p2a: Dragonite|Earthquake|p1a: Klay
|-damage|p1a: Klay|0 fnt
|faint|p1a: Klay
|
|-weather|RainDance|[upkeep]
|upkeep
|
|t:|1779864305
|switch|p1a: SGA|Kingdra, M|88/100
|-damage|p1a: SGA|76/100|[from] Spikes
|turn|14
|
|t:|1779864312
|move|p1a: SGA|Surf|p2a: Dragonite
|-damage|p2a: Dragonite|0 fnt
|faint|p2a: Dragonite
|
|-weather|RainDance|[upkeep]
|upkeep
|
|t:|1779864318
|switch|p2a: Great Tusk|Great Tusk|100/100
|turn|15
|
|t:|1779864323
|move|p1a: SGA|Surf|p2a: Great Tusk
|-supereffective|p2a: Great Tusk
|-damage|p2a: Great Tusk|0 fnt
|faint|p2a: Great Tusk
|-end|p2a: Great Tusk|Protosynthesis|[silent]
|
|-weather|RainDance|[upkeep]
|upkeep
|
|t:|1779864328
|switch|p2a: Kingambit|Kingambit, F|100/100
|-activate|p2a: Kingambit|ability: Supreme Overlord
|-start|p2a: Kingambit|fallen5|[silent]
|turn|16
|c|☆Relative-Ease|gg
|
|t:|1779864339
|move|p1a: SGA|Surf|p2a: Kingambit
|-damage|p2a: Kingambit|19/100
|move|p2a: Kingambit|Swords Dance|p2a: Kingambit
|-boost|p2a: Kingambit|atk|2
|
|-weather|RainDance|[upkeep]
|upkeep
|turn|17
|
|t:|1779864347
|move|p2a: Kingambit|Sucker Punch|p1a: SGA
|-damage|p1a: SGA|0 fnt
|faint|p1a: SGA
|
|-weather|none
|upkeep
|
|t:|1779864354
|switch|p1a: Brunson|Rillaboom, F|99/100
|-damage|p1a: Brunson|88/100|[from] Spikes
|-fieldstart|move: Grassy Terrain|[from] ability: Grassy Surge|[of] p1a: Brunson
|turn|18
|
|t:|1779864360
|move|p1a: Brunson|Grassy Glide|p2a: Kingambit
|-resisted|p2a: Kingambit
|-damage|p2a: Kingambit|0 fnt
|faint|p2a: Kingambit
|-end|p2a: Kingambit|fallen5|[silent]
|
|win|Relative-Ease
|raw|Relative-Ease's rating: 1329 &rarr; <strong>1347</strong><br />(+18 for winning)
|raw|bombyswaggy's rating: 1289 &rarr; <strong>1267</strong><br />(-22 for losing)
|l|☆bombyswaggy
|player|p2|
