|j|☆metallettuce52
|j|☆buyijklkm
|t:|1779970687
|gametype|singles
|player|p1|metallettuce52|elesa|1222
|player|p2|buyijklkm|266|1262
|gen|9
|tier|[Gen 9] OU
|rated|
|rule|HP Percentage Mod: HP is shown in percentages
|rule|Endless Battle Clause: Forcing endless battles is banned
|rule|Species Clause: Limit one of each Pokémon
|rule|OHKO Clause: OHKO moves are banned
|rule|Evasion Items Clause: Evasion items are banned
|rule|Evasion Moves Clause: Evasion moves are banned
|rule|Evasion Abilities Clause: Evasion abilities are banned
|rule|Sleep Moves Clause: Sleep-inducing moves are banned
|clearpoke
|poke|p1|Oricorio-Sensu, F|
|poke|p1|Alomomola, F|
|poke|p1|Glimmora, M|
|poke|p1|Meowscarada, M|
|poke|p1|Cloyster, F|
|poke|p1|Arcanine-Hisui, M|
|poke|p2|Meowscarada, F|
|poke|p2|Pecharunt|
|poke|p2|Enamorus, F|
|poke|p2|Iron Treads|
|poke|p2|Skarmory, F|
|poke|p2|Slowking, M|
|teampreview
|inactive|Battle timer is ON: inactive players will automatically lose when time's up. (requested by buyijklkm)
|inactive|metallettuce52 also wants the timer to be on.
|
|t:|1779970707
|teamsize|p1|6
|teamsize|p2|6
|start
|switch|p1a: Flesh|Cloyster, F|100/100
|switch|p2a: Meowscarada|Meowscarada, F|100/100
|turn|1
|
|t:|1779970713
|move|p2a: Meowscarada|Flower Trick|p1a: Flesh
|-start|p2a: Meowscarada|typechange|Grass|[from] ability: Protean
|-supereffective|p1a: Flesh
|-crit|p1a: Flesh
|-enditem|p1a: Flesh|Focus Sash
|-damage|p1a: Flesh|1/100
|move|p1a: Flesh|Shell Smash|p1a: Flesh
|-unboost|p1a: Flesh|def|1
|-unboost|p1a: Flesh|spd|1
|-boost|p1a: Flesh|atk|2
|-boost|p1a: Flesh|spa|2
|-boost|p1a: Flesh|spe|2
|
|upkeep
|turn|2
|
|t:|1779970726
|switch|p2a: Pecharunt|Pecharunt|100/100
|move|p1a: Flesh|Icicle Spear|p2a: Pecharunt
|-damage|p2a: Pecharunt|90/100
|-damage|p2a: Pecharunt|79/100
|-damage|p2a: Pecharunt|68/100
|-damage|p2a: Pecharunt|56/100
|-damage|p2a: Pecharunt|44/100
|-hitcount|p2a: Pecharunt|5
|
|upkeep
|turn|3
|c|☆buyijklkm|Huh
|c|☆buyijklkm|No rocky damage?
|c|☆metallettuce52|icicle spear isn't contact
|inactive|buyijklkm has 120 seconds left.
|
|t:|1779970758
|move|p1a: Flesh|Icicle Spear|p2a: Pecharunt
|-damage|p2a: Pecharunt|33/100
|-damage|p2a: Pecharunt|22/100
|-damage|p2a: Pecharunt|11/100
|-crit|p2a: Pecharunt
|-damage|p2a: Pecharunt|0 fnt
|faint|p2a: Pecharunt
|-hitcount|p2: Pecharunt|4
|
|upkeep
|
|t:|1779970763
|switch|p2a: Enamorus|Enamorus, F|100/100
|turn|4
|
|t:|1779970776
|move|p1a: Flesh|Icicle Spear|p2a: Enamorus
|-supereffective|p2a: Enamorus
|-damage|p2a: Enamorus|24/100
|-supereffective|p2a: Enamorus
|-damage|p2a: Enamorus|0 fnt
|faint|p2a: Enamorus
|-hitcount|p2: Enamorus|2
|
|upkeep
|c|☆buyijklkm|Fahh
|
|t:|1779970782
|switch|p2a: Iron Treads|Iron Treads|100/100
|turn|5
|c|☆metallettuce52|dw lol i've made similar mistakes before
|
|t:|1779970791
|move|p1a: Flesh|Icicle Spear|p2a: Iron Treads
|-damage|p2a: Iron Treads|84/100
|-damage|p2a: Iron Treads|66/100
|-damage|p2a: Iron Treads|46/100
|-damage|p2a: Iron Treads|29/100
|-damage|p2a: Iron Treads|11/100
|-hitcount|p2a: Iron Treads|5
|move|p2a: Iron Treads|Rapid Spin|p1a: Flesh
|-damage|p1a: Flesh|0 fnt
|-boost|p2a: Iron Treads|spe|1
|faint|p1a: Flesh
|
|-heal|p2a: Iron Treads|17/100|[from] item: Leftovers
|upkeep
|
|t:|1779970806
|switch|p1a: Fih|Alomomola, F|100/100
|turn|6
|
|t:|1779970812
|move|p2a: Iron Treads|Knock Off|p1a: Fih
|-damage|p1a: Fih|87/100
|-enditem|p1a: Fih|Leftovers|[from] move: Knock Off|[of] p2a: Iron Treads
|move|p1a: Fih|Flip Turn|p2a: Iron Treads
|-supereffective|p2a: Iron Treads
|-damage|p2a: Iron Treads|0 fnt
|faint|p2a: Iron Treads
|-end|p2a: Iron Treads|Quark Drive|[silent]
|
|t:|1779970821
|switch|p1a: Asmongold|Glimmora, M|100/100|[from] Flip Turn
|
|upkeep
|
|t:|1779970826
|switch|p2a: Slowking|Slowking, M|100/100
|turn|7
|
|t:|1779970829
|move|p1a: Asmongold|Stealth Rock|p2a: Slowking
|-sidestart|p2: buyijklkm|move: Stealth Rock
|move|p2a: Slowking|Psyshock|p1a: Asmongold
|-supereffective|p1a: Asmongold
|-damage|p1a: Asmongold|26/100
|
|upkeep
|turn|8
|
|t:|1779970837
|move|p1a: Asmongold|Mortal Spin|p2a: Slowking
|-damage|p2a: Slowking|95/100
|-status|p2a: Slowking|psn
|move|p2a: Slowking|Scald|p1a: Asmongold
|-supereffective|p1a: Asmongold
|-damage|p1a: Asmongold|0 fnt
|faint|p1a: Asmongold
|
|-damage|p2a: Slowking|82/100 psn|[from] psn
|upkeep
|
|t:|1779970847
|switch|p1a: The Bouncer|Meowscarada, M|100/100
|turn|9
|
|t:|1779970850
|switch|p2a: Skarmory|Skarmory, F|100/100
|-damage|p2a: Skarmory|88/100|[from] Stealth Rock
|move|p1a: The Bouncer|U-turn|p2a: Skarmory
|-start|p1a: The Bouncer|typechange|Bug|[from] ability: Protean
|-resisted|p2a: Skarmory
|-damage|p2a: Skarmory|80/100
|
|t:|1779970860
|switch|p1a: Assreaper|Oricorio-Sensu, F|100/100|[from] U-turn
|
|upkeep
|turn|10
|
|t:|1779970865
|switch|p2a: Meowscarada|Meowscarada, F|100/100
|-damage|p2a: Meowscarada|88/100|[from] Stealth Rock
|move|p1a: Assreaper|Quiver Dance|p1a: Assreaper
|-boost|p1a: Assreaper|spa|1
|-boost|p1a: Assreaper|spd|1
|-boost|p1a: Assreaper|spe|1
|
|upkeep
|turn|11
|
|t:|1779970880
|move|p2a: Meowscarada|Knock Off|p1a: Assreaper
|-start|p2a: Meowscarada|typechange|Dark|[from] ability: Protean
|-supereffective|p1a: Assreaper
|-damage|p1a: Assreaper|0 fnt
|-enditem|p1a: Assreaper|Leftovers|[from] move: Knock Off|[of] p2a: Meowscarada
|faint|p1a: Assreaper
|
|upkeep
|
|t:|1779970888
|switch|p1a: The Bouncer|Meowscarada, M|100/100
|turn|12
|
|t:|1779970891
|switch|p2a: Skarmory|Skarmory, F|80/100
|-damage|p2a: Skarmory|68/100|[from] Stealth Rock
|move|p1a: The Bouncer|U-turn|p2a: Skarmory
|-start|p1a: The Bouncer|typechange|Bug|[from] ability: Protean
|-resisted|p2a: Skarmory
|-damage|p2a: Skarmory|61/100
|
|t:|1779970899
|switch|p1a: Doug|Arcanine-Hisui, M|100/100|[from] U-turn
|
|upkeep
|turn|13
|
|t:|1779970906
|move|p1a: Doug|Head Smash|p2a: Skarmory
|-damage|p2a: Skarmory|0 fnt
|faint|p2a: Skarmory
|
|upkeep
|
|t:|1779970915
|switch|p2a: Meowscarada|Meowscarada, F|88/100
|-damage|p2a: Meowscarada|76/100|[from] Stealth Rock
|turn|14
|
|t:|1779970919
|move|p2a: Meowscarada|Flower Trick|p1a: Doug
|-start|p2a: Meowscarada|typechange|Grass|[from] ability: Protean
|-crit|p1a: Doug
|-damage|p1a: Doug|16/100
|move|p1a: Doug|Head Smash|p2a: Meowscarada
|-damage|p2a: Meowscarada|0 fnt
|faint|p2a: Meowscarada
|
|upkeep
|
|t:|1779970924
|switch|p2a: Slowking|Slowking, M|100/100 psn
|-damage|p2a: Slowking|88/100 psn|[from] Stealth Rock
|turn|15
|-message|buyijklkm forfeited.
|
|win|metallettuce52
|raw|metallettuce52's rating: 1222 &rarr; <strong>1250</strong><br />(+28 for winning)
|raw|buyijklkm's rating: 1262 &rarr; <strong>1234</strong><br />(-28 for losing)
|l|☆buyijklkm
|player|p2|
|c|☆metallettuce52|gg btw
|l|☆metallettuce52
|player|p1|
