|j|☆tauros3
|j|☆Nobodyandno-one
|t:|1779808858
|gametype|singles
|player|p1|tauros3|swimmer-gen4dp|1537
|player|p2|Nobodyandno-one|pilot|1507
|gen|9
|tier|[Gen 9] OU
|rated|
|rule|HP Percentage Mod: HP is shown in percentages
|rule|Endless Battle Clause: Forcing endless battles is banned
|rule|Species Clause: Limit one of each Pokémon
|rule|OHKO Clause: OHKO moves are banned
|rule|Evasion Items Clause: Evasion items are banned
|rule|Evasion Moves Clause: Evasion moves are banned
|rule|Evasion Abilities Clause: Evasion abilities are banned
|rule|Sleep Moves Clause: Sleep-inducing moves are banned
|clearpoke
|poke|p1|Ribombee, M|
|poke|p1|Kingambit, M|
|poke|p1|Milotic, M|
|poke|p1|Serperior, M|
|poke|p1|Gothitelle, F|
|poke|p1|Cinderace, F|
|poke|p2|Samurott-Hisui, F|
|poke|p2|Kingambit, F|
|poke|p2|Iron Treads|
|poke|p2|Zapdos|
|poke|p2|Ceruledge, M|
|poke|p2|Gholdengo|
|teampreview
|inactive|Battle timer is ON: inactive players will automatically lose when time's up. (requested by Nobodyandno-one)
|inactive|tauros3 also wants the timer to be on.
|
|t:|1779808877
|teamsize|p1|6
|teamsize|p2|6
|start
|switch|p1a: Ribombee|Ribombee, M|100/100
|switch|p2a: Mr Fuck Face|Iron Treads|100/100
|turn|1
|
|t:|1779808894
|move|p1a: Ribombee|Stun Spore|p2a: Mr Fuck Face|[miss]
|-miss|p1a: Ribombee|p2a: Mr Fuck Face
|move|p2a: Mr Fuck Face|Earthquake|p1a: Ribombee
|-resisted|p1a: Ribombee
|-damage|p1a: Ribombee|58/100
|
|upkeep
|turn|2
|
|t:|1779808913
|move|p1a: Ribombee|Sticky Web|p2a: Mr Fuck Face
|-sidestart|p2: Nobodyandno-one|move: Sticky Web
|move|p2a: Mr Fuck Face|Stealth Rock|p1a: Ribombee
|-sidestart|p1: tauros3|move: Stealth Rock
|
|upkeep
|turn|3
|
|t:|1779808919
|-terastallize|p1a: Ribombee|Ghost
|move|p1a: Ribombee|Stun Spore|p2a: Mr Fuck Face
|-status|p2a: Mr Fuck Face|par
|move|p2a: Mr Fuck Face|Rapid Spin|p1a: Ribombee
|-immune|p1a: Ribombee
|
|upkeep
|turn|4
|
|t:|1779808929
|-end|p2a: Mr Fuck Face|Quark Drive|[silent]
|switch|p2a: Zappy Boi|Zapdos|100/100
|move|p1a: Ribombee|Moonblast|p2a: Zappy Boi
|-damage|p2a: Zappy Boi|64/100
|
|upkeep
|turn|5
|
|t:|1779808944
|move|p1a: Ribombee|Moonblast|p2a: Zappy Boi
|-damage|p2a: Zappy Boi|27/100
|-unboost|p2a: Zappy Boi|spa|1
|move|p2a: Zappy Boi|Thunder Wave|p1a: Ribombee
|-status|p1a: Ribombee|par
|
|upkeep
|turn|6
|
|t:|1779808950
|move|p2a: Zappy Boi|Roost|p2a: Zappy Boi
|-heal|p2a: Zappy Boi|77/100
|-singleturn|p2a: Zappy Boi|move: Roost
|move|p1a: Ribombee|Moonblast|p2a: Zappy Boi
|-damage|p2a: Zappy Boi|38/100
|
|upkeep
|turn|7
|
|t:|1779808954
|move|p2a: Zappy Boi|Roost|p2a: Zappy Boi
|-heal|p2a: Zappy Boi|88/100
|-singleturn|p2a: Zappy Boi|move: Roost
|cant|p1a: Ribombee|par
|
|upkeep
|turn|8
|
|t:|1779808959
|move|p2a: Zappy Boi|Volt Switch|p1a: Ribombee
|-damage|p1a: Ribombee|21/100 par
|
|t:|1779808972
|switch|p2a: Noodle Guy|Gholdengo|100/100|[from] Volt Switch
|-item|p2a: Noodle Guy|Air Balloon
|cant|p1a: Ribombee|par
|
|upkeep
|turn|9
|
|t:|1779808979
|move|p2a: Noodle Guy|Hex|p1a: Ribombee
|-supereffective|p1a: Ribombee
|-damage|p1a: Ribombee|0 fnt
|faint|p1a: Ribombee
|
|upkeep
|
|t:|1779808980
|switch|p1a: Cinderace|Cinderace, F|100/100
|turn|10
|
|t:|1779808990
|-terastallize|p2a: Noodle Guy|Fairy
|move|p1a: Cinderace|Court Change|p1a: Cinderace
|-swapsideconditions
|-activate|p1a: Cinderace|move: Court Change
|move|p2a: Noodle Guy|Thunder Wave|p1a: Cinderace
|-status|p1a: Cinderace|par
|
|upkeep
|turn|11
|
|t:|1779809003
|move|p2a: Noodle Guy|Hex|p1a: Cinderace
|-damage|p1a: Cinderace|34/100 par
|move|p1a: Cinderace|U-turn|p2a: Noodle Guy
|-resisted|p2a: Noodle Guy
|-damage|p2a: Noodle Guy|94/100
|-enditem|p2a: Noodle Guy|Air Balloon
|
|t:|1779809012
|switch|p1a: Kingambit|Kingambit, M|100/100|[from] U-turn
|-activate|p1a: Kingambit|move: Sticky Web
|-unboost|p1a: Kingambit|spe|1
|-ability|p1a: Kingambit|Defiant|boost
|-boost|p1a: Kingambit|atk|2
|
|upkeep
|turn|12
|
|t:|1779809016
|move|p2a: Noodle Guy|Focus Blast|p1a: Kingambit
|-supereffective|p1a: Kingambit
|-damage|p1a: Kingambit|0 fnt
|faint|p1a: Kingambit
|
|upkeep
|
|t:|1779809022
|switch|p1a: Serperior|Serperior, M|100/100
|-activate|p1a: Serperior|move: Sticky Web
|-boost|p1a: Serperior|spe|1
|turn|13
|
|t:|1779809025
|move|p1a: Serperior|Substitute|p1a: Serperior
|-start|p1a: Serperior|Substitute
|-damage|p1a: Serperior|76/100
|move|p2a: Noodle Guy|Thunder Wave||[still]
|-fail|p2a: Noodle Guy
|
|-heal|p1a: Serperior|82/100|[from] item: Leftovers
|upkeep
|turn|14
|
|t:|1779809030
|move|p1a: Serperior|Leaf Storm|p2a: Noodle Guy
|-crit|p2a: Noodle Guy
|-damage|p2a: Noodle Guy|26/100
|-boost|p1a: Serperior|spa|2
|move|p2a: Noodle Guy|Hex|p1a: Serperior
|-end|p1a: Serperior|Substitute
|
|-heal|p1a: Serperior|88/100|[from] item: Leftovers
|upkeep
|turn|15
|
|t:|1779809035
|move|p1a: Serperior|Leaf Storm|p2a: Noodle Guy|[miss]
|-miss|p1a: Serperior|p2a: Noodle Guy
|move|p2a: Noodle Guy|Hex|p1a: Serperior
|-damage|p1a: Serperior|51/100
|
|-heal|p1a: Serperior|57/100|[from] item: Leftovers
|upkeep
|turn|16
|
|t:|1779809038
|move|p1a: Serperior|Leaf Storm|p2a: Noodle Guy
|-damage|p2a: Noodle Guy|0 fnt
|-boost|p1a: Serperior|spa|2
|faint|p2a: Noodle Guy
|
|-heal|p1a: Serperior|63/100|[from] item: Leftovers
|upkeep
|
|t:|1779809047
|switch|p2a: Zappy Boi|Zapdos|88/100
|turn|17
|
|t:|1779809051
|move|p1a: Serperior|Substitute|p1a: Serperior
|-start|p1a: Serperior|Substitute
|-damage|p1a: Serperior|38/100
|move|p2a: Zappy Boi|Hurricane|p1a: Serperior
|-supereffective|p1a: Serperior
|-end|p1a: Serperior|Substitute
|
|-heal|p1a: Serperior|44/100|[from] item: Leftovers
|upkeep
|turn|18
|
|t:|1779809056
|move|p1a: Serperior|Substitute|p1a: Serperior
|-start|p1a: Serperior|Substitute
|-damage|p1a: Serperior|19/100
|move|p2a: Zappy Boi|Hurricane|p1a: Serperior|[miss]
|-miss|p2a: Zappy Boi|p1a: Serperior
|
|-heal|p1a: Serperior|25/100|[from] item: Leftovers
|upkeep
|turn|19
|
|t:|1779809060
|move|p1a: Serperior|Leaf Storm|p2a: Zappy Boi
|-resisted|p2a: Zappy Boi
|-damage|p2a: Zappy Boi|22/100
|-boost|p1a: Serperior|spa|2
|move|p2a: Zappy Boi|Hurricane|p1a: Serperior
|-supereffective|p1a: Serperior
|-end|p1a: Serperior|Substitute
|
|-heal|p1a: Serperior|31/100|[from] item: Leftovers
|upkeep
|turn|20
|
|t:|1779809064
|move|p1a: Serperior|Substitute|p1a: Serperior
|-start|p1a: Serperior|Substitute
|-damage|p1a: Serperior|7/100
|move|p2a: Zappy Boi|Hurricane|p1a: Serperior
|-supereffective|p1a: Serperior
|-end|p1a: Serperior|Substitute
|
|-heal|p1a: Serperior|13/100|[from] item: Leftovers
|upkeep
|turn|21
|
|t:|1779809069
|move|p1a: Serperior|Leaf Storm|p2a: Zappy Boi
|-resisted|p2a: Zappy Boi
|-damage|p2a: Zappy Boi|0 fnt
|faint|p2a: Zappy Boi
|
|-heal|p1a: Serperior|19/100|[from] item: Leftovers
|upkeep
|
|t:|1779809071
|switch|p2a: Check|Ceruledge, M|100/100
|-damage|p2a: Check|76/100|[from] Stealth Rock
|turn|22
|
|t:|1779809076
|move|p2a: Check|Shadow Sneak|p1a: Serperior
|-damage|p1a: Serperior|0 fnt
|faint|p1a: Serperior
|-damage|p2a: Check|66/100|[from] item: Life Orb
|
|upkeep
|
|t:|1779809086
|switch|p1a: Milotic|Milotic, M|100/100
|-activate|p1a: Milotic|move: Sticky Web
|-unboost|p1a: Milotic|spe|1
|-ability|p1a: Milotic|Competitive|boost
|-boost|p1a: Milotic|spa|2
|turn|23
|
|t:|1779809090
|move|p2a: Check|Poltergeist|p1a: Milotic
|-activate|p1a: Milotic|move: Poltergeist|Assault Vest
|-damage|p1a: Milotic|17/100
|-damage|p2a: Check|56/100|[from] item: Life Orb
|move|p1a: Milotic|Scald|p2a: Check
|-supereffective|p2a: Check
|-damage|p2a: Check|0 fnt
|faint|p2a: Check
|
|upkeep
|
|t:|1779809099
|switch|p2a: Mr Fuck Face|Iron Treads|100/100 par
|-damage|p2a: Mr Fuck Face|97/100 par|[from] Stealth Rock
|turn|24
|
|t:|1779809102
|move|p2a: Mr Fuck Face|Earthquake|p1a: Milotic
|-damage|p1a: Milotic|0 fnt
|faint|p1a: Milotic
|
|-heal|p2a: Mr Fuck Face|100/100 par|[from] item: Leftovers
|upkeep
|
|t:|1779809105
|switch|p1a: Cinderace|Cinderace, F|34/100 par
|turn|25
|
|t:|1779809108
|move|p1a: Cinderace|Pyro Ball|p2a: Mr Fuck Face
|-supereffective|p2a: Mr Fuck Face
|-damage|p2a: Mr Fuck Face|0 fnt
|faint|p2a: Mr Fuck Face
|-end|p2a: Mr Fuck Face|Quark Drive|[silent]
|
|upkeep
|
|t:|1779809111
|switch|p2a: “Just a Phase”|Samurott-Hisui, F|100/100
|-damage|p2a: “Just a Phase”|88/100|[from] Stealth Rock
|turn|26
|
|t:|1779809116
|move|p2a: “Just a Phase”|Sucker Punch|p1a: Cinderace
|-damage|p1a: Cinderace|0 fnt
|faint|p1a: Cinderace
|
|upkeep
|
|t:|1779809118
|switch|p1a: Gothitelle|Gothitelle, F|100/100
|-activate|p1a: Gothitelle|move: Sticky Web
|-unboost|p1a: Gothitelle|spe|1
|-ability|p1a: Gothitelle|Competitive|boost
|-boost|p1a: Gothitelle|spa|2
|turn|27
|
|t:|1779809124
|move|p2a: “Just a Phase”|Knock Off|p1a: Gothitelle
|-supereffective|p1a: Gothitelle
|-enditem|p1a: Gothitelle|Colbur Berry|[eat]
|-enditem|p1a: Gothitelle|Colbur Berry|[weaken]
|-damage|p1a: Gothitelle|60/100
|move|p1a: Gothitelle|Trick Room|p1a: Gothitelle
|-fieldstart|move: Trick Room|[of] p1a: Gothitelle
|
|upkeep
|turn|28
|
|t:|1779809133
|move|p1a: Gothitelle|Thunderbolt|p2a: “Just a Phase”
|-supereffective|p2a: “Just a Phase”
|-damage|p2a: “Just a Phase”|9/100
|move|p2a: “Just a Phase”|Ceaseless Edge|p1a: Gothitelle
|-supereffective|p1a: Gothitelle
|-damage|p1a: Gothitelle|0 fnt
|-sidestart|p1: tauros3|Spikes
|faint|p1a: Gothitelle
|
|win|Nobodyandno-one
|raw|tauros3's rating: 1537 &rarr; <strong>1515</strong><br />(-22 for losing)
|raw|Nobodyandno-one's rating: 1507 &rarr; <strong>1529</strong><br />(+22 for winning)
|l|☆Nobodyandno-one
|player|p2|
|l|☆tauros3
|player|p1|
