|j|☆prepare 4 die
|j|☆bigant40007
|t:|1779957396
|gametype|singles
|player|p1|prepare 4 die|wallace|1377
|player|p2|bigant40007|265|1335
|gen|9
|tier|[Gen 9] OU
|rated|
|rule|HP Percentage Mod: HP is shown in percentages
|rule|Endless Battle Clause: Forcing endless battles is banned
|rule|Species Clause: Limit one of each Pokémon
|rule|OHKO Clause: OHKO moves are banned
|rule|Evasion Items Clause: Evasion items are banned
|rule|Evasion Moves Clause: Evasion moves are banned
|rule|Evasion Abilities Clause: Evasion abilities are banned
|rule|Sleep Moves Clause: Sleep-inducing moves are banned
|clearpoke
|poke|p1|Palossand, M|
|poke|p1|Iron Crown|
|poke|p1|Ogerpon-Wellspring, F|
|poke|p1|Glimmora, F|
|poke|p1|Tyranitar, M|
|poke|p1|Kyurem|
|poke|p2|Gengar, M|
|poke|p2|Conkeldurr, M|
|poke|p2|Scream Tail|
|poke|p2|Mandibuzz, F|
|poke|p2|Volcanion|
|poke|p2|Dragonite, F|
|teampreview
|inactive|Battle timer is ON: inactive players will automatically lose when time's up. (requested by bigant40007)
|inactiveoff|Battle timer is now OFF.
|
|t:|1779957445
|teamsize|p1|6
|teamsize|p2|6
|start
|switch|p1a: Glimmora|Glimmora, F|100/100
|switch|p2a: Conkeldurr|Conkeldurr, M|100/100
|turn|1
|
|t:|1779957467
|move|p1a: Glimmora|Meteor Beam||[still]
|-prepare|p1a: Glimmora|Meteor Beam
|-boost|p1a: Glimmora|spa|1
|-enditem|p1a: Glimmora|Power Herb
|-anim|p1a: Glimmora|Meteor Beam|p2a: Conkeldurr
|-resisted|p2a: Conkeldurr
|-damage|p2a: Conkeldurr|48/100
|move|p2a: Conkeldurr|Knock Off|p1a: Glimmora
|-damage|p1a: Glimmora|67/100
|-activate|p1a: Glimmora|ability: Toxic Debris
|-sidestart|p2: bigant40007|move: Toxic Spikes
|
|upkeep
|turn|2
|
|t:|1779957479
|move|p1a: Glimmora|Earth Power|p2a: Conkeldurr
|-damage|p2a: Conkeldurr|0 fnt
|faint|p2a: Conkeldurr
|
|upkeep
|
|t:|1779957486
|switch|p2a: Gengar|Gengar, M, shiny|100/100
|-sideend|p2: bigant40007|move: Toxic Spikes|[of] p2a: Gengar
|turn|3
|
|t:|1779957491
|move|p2a: Gengar|Shadow Ball|p1a: Glimmora
|-damage|p1a: Glimmora|14/100
|move|p1a: Glimmora|Earth Power|p2a: Gengar
|-supereffective|p2a: Gengar
|-damage|p2a: Gengar|0 fnt
|faint|p2a: Gengar
|
|upkeep
|
|t:|1779957500
|switch|p2a: Mandibuzz|Mandibuzz, F|100/100
|turn|4
|
|t:|1779957509
|move|p1a: Glimmora|Mortal Spin|p2a: Mandibuzz
|-damage|p2a: Mandibuzz|97/100
|-status|p2a: Mandibuzz|psn
|-damage|p1a: Glimmora|0 fnt|[from] item: Rocky Helmet|[of] p2a: Mandibuzz
|faint|p1a: Glimmora
|move|p2a: Mandibuzz|Foul Play|p1: Glimmora|[notarget]
|-fail|p2a: Mandibuzz
|
|-damage|p2a: Mandibuzz|85/100 psn|[from] psn
|upkeep
|
|t:|1779957541
|switch|p1a: Tyranitar|Tyranitar, M|100/100
|-weather|Sandstorm|[from] ability: Sand Stream|[of] p1a: Tyranitar
|turn|5
|
|t:|1779957546
|move|p1a: Tyranitar|Knock Off|p2a: Mandibuzz
|-resisted|p2a: Mandibuzz
|-damage|p2a: Mandibuzz|62/100 psn
|-damage|p1a: Tyranitar|84/100|[from] item: Rocky Helmet|[of] p2a: Mandibuzz
|-enditem|p2a: Mandibuzz|Rocky Helmet|[from] move: Knock Off|[of] p1a: Tyranitar
|move|p2a: Mandibuzz|Foul Play|p1a: Tyranitar
|-resisted|p1a: Tyranitar
|-damage|p1a: Tyranitar|59/100
|
|-weather|Sandstorm|[upkeep]
|-damage|p2a: Mandibuzz|56/100 psn|[from] Sandstorm
|-damage|p2a: Mandibuzz|44/100 psn|[from] psn
|upkeep
|turn|6
|
|t:|1779957575
|switch|p1a: Iron Crown|Iron Crown|100/100
|move|p2a: Mandibuzz|Whirlwind|p1a: Iron Crown
|-end|p1a: Iron Crown|Quark Drive|[silent]
|drag|p1a: Palossand|Palossand, M|100/100
|
|-weather|Sandstorm|[upkeep]
|-damage|p2a: Mandibuzz|38/100 psn|[from] Sandstorm
|-damage|p2a: Mandibuzz|26/100 psn|[from] psn
|upkeep
|turn|7
|
|t:|1779957585
|switch|p2a: Scream Tail|Scream Tail|100/100
|move|p1a: Palossand|Shadow Ball|p2a: Scream Tail
|-supereffective|p2a: Scream Tail
|-damage|p2a: Scream Tail|58/100
|
|-weather|Sandstorm|[upkeep]
|-damage|p2a: Scream Tail|51/100|[from] Sandstorm
|upkeep
|turn|8
|
|t:|1779957595
|move|p2a: Scream Tail|Light Screen|p2a: Scream Tail
|-sidestart|p2: bigant40007|move: Light Screen
|move|p1a: Palossand|Shadow Ball|p2a: Scream Tail
|-supereffective|p2a: Scream Tail
|-crit|p2a: Scream Tail
|-damage|p2a: Scream Tail|0 fnt
|faint|p2a: Scream Tail
|-end|p2a: Scream Tail|Protosynthesis|[silent]
|
|-weather|Sandstorm|[upkeep]
|upkeep
|
|t:|1779957603
|switch|p2a: Volcanion|Volcanion|100/100
|turn|9
|
|t:|1779957610
|move|p2a: Volcanion|Steam Eruption|p1a: Palossand
|-supereffective|p1a: Palossand
|-damage|p1a: Palossand|0 fnt
|faint|p1a: Palossand
|
|-weather|none
|upkeep
|
|t:|1779957628
|switch|p1a: Ogerpon|Ogerpon-Wellspring, F|100/100
|turn|10
|
|t:|1779957634
|switch|p2a: Mandibuzz|Mandibuzz, F|26/100 psn
|move|p1a: Ogerpon|Spikes|p2a: Mandibuzz
|-sidestart|p2: bigant40007|Spikes
|
|-damage|p2a: Mandibuzz|13/100 psn|[from] psn
|upkeep
|turn|11
|
|t:|1779957643
|move|p1a: Ogerpon|U-turn|p2a: Mandibuzz
|-damage|p2a: Mandibuzz|0 fnt
|faint|p2a: Mandibuzz
|
|t:|1779957655
|switch|p1a: Kyurem|Kyurem|100/100|[from] U-turn
|-ability|p1a: Kyurem|Pressure
|
|upkeep
|
|t:|1779957661
|switch|p2a: Dragonite|Dragonite, F|100/100
|turn|12
|
|t:|1779957667
|-terastallize|p1a: Kyurem|Ice
|move|p1a: Kyurem|Icicle Spear|p2a: Dragonite
|-supereffective|p2a: Dragonite
|-damage|p2a: Dragonite|63/100
|-supereffective|p2a: Dragonite
|-damage|p2a: Dragonite|0 fnt
|faint|p2a: Dragonite
|-hitcount|p2: Dragonite|2
|
|upkeep
|
|t:|1779957675
|switch|p2a: Volcanion|Volcanion|100/100
|-damage|p2a: Volcanion|88/100|[from] Spikes
|turn|13
|
|t:|1779957680
|switch|p1a: Ogerpon|Ogerpon-Wellspring, F|100/100
|move|p2a: Volcanion|Heat Wave|p1a: Ogerpon
|-damage|p1a: Ogerpon|12/100
|
|upkeep
|turn|14
|
|t:|1779957686
|move|p1a: Ogerpon|Knock Off|p2a: Volcanion
|-damage|p2a: Volcanion|54/100
|-enditem|p2a: Volcanion|Choice Specs|[from] move: Knock Off|[of] p1a: Ogerpon
|move|p2a: Volcanion|Heat Wave|p1a: Ogerpon
|-damage|p1a: Ogerpon|0 fnt
|faint|p1a: Ogerpon
|
|upkeep
|
|t:|1779957693
|switch|p1a: Iron Crown|Iron Crown|100/100
|turn|15
|
|t:|1779957697
|move|p1a: Iron Crown|Volt Switch|p2a: Volcanion
|-supereffective|p2a: Volcanion
|-damage|p2a: Volcanion|16/100
|
|t:|1779957703
|-end|p1a: Iron Crown|Quark Drive|[silent]
|switch|p1a: Tyranitar|Tyranitar, M|59/100|[from] Volt Switch
|-weather|Sandstorm|[from] ability: Sand Stream|[of] p1a: Tyranitar
|move|p2a: Volcanion|Heat Wave|p1a: Tyranitar
|-resisted|p1a: Tyranitar
|-damage|p1a: Tyranitar|41/100
|
|-weather|Sandstorm|[upkeep]
|-damage|p2a: Volcanion|10/100|[from] Sandstorm
|-sideend|p2: bigant40007|move: Light Screen
|upkeep
|turn|16
|
|t:|1779957714
|move|p1a: Tyranitar|Knock Off|p2a: Volcanion
|-damage|p2a: Volcanion|0 fnt
|faint|p2a: Volcanion
|
|win|prepare 4 die
|raw|prepare 4 die's rating: 1377 &rarr; <strong>1395</strong><br />(+18 for winning)
|raw|bigant40007's rating: 1335 &rarr; <strong>1317</strong><br />(-18 for losing)
|l|☆bigant40007
|player|p2|
|l|☆prepare 4 die
|player|p1|
