|j|☆sesetwelve
|j|☆enigma96
|t:|1779945319
|gametype|singles
|player|p1|sesetwelve|depotagent|1116
|player|p2|enigma96|jogger|1106
|gen|9
|tier|[Gen 9] OU
|rated|
|rule|HP Percentage Mod: HP is shown in percentages
|rule|Endless Battle Clause: Forcing endless battles is banned
|rule|Species Clause: Limit one of each Pokémon
|rule|OHKO Clause: OHKO moves are banned
|rule|Evasion Items Clause: Evasion items are banned
|rule|Evasion Moves Clause: Evasion moves are banned
|rule|Evasion Abilities Clause: Evasion abilities are banned
|rule|Sleep Moves Clause: Sleep-inducing moves are banned
|clearpoke
|poke|p1|Zamazenta-*|
|poke|p1|Bruxish, M|
|poke|p1|Indeedee-F, F|
|poke|p1|Latios, M|
|poke|p1|Landorus-Therian, M|
|poke|p1|Iron Valiant|
|poke|p2|Incineroar, M|
|poke|p2|Meowscarada, M|
|poke|p2|Luxray, M|
|poke|p2|Espeon, M|
|poke|p2|Pyroar, M|
|poke|p2|Persian-Alola, M|
|teampreview
|
|t:|1779945326
|teamsize|p1|6
|teamsize|p2|6
|start
|switch|p1a: Landorus|Landorus-Therian, M|100/100
|switch|p2a: Meowscarada|Meowscarada, M, shiny|100/100
|-ability|p1a: Landorus|Intimidate|boost
|-unboost|p2a: Meowscarada|atk|1
|turn|1
|inactive|Battle timer is ON: inactive players will automatically lose when time's up. (requested by enigma96)
|
|t:|1779945341
|move|p2a: Meowscarada|Triple Axel|p1a: Landorus
|-start|p2a: Meowscarada|typechange|Ice|[from] ability: Protean
|-supereffective|p1a: Landorus
|-damage|p1a: Landorus|79/100
|-supereffective|p1a: Landorus
|-damage|p1a: Landorus|41/100
|-supereffective|p1a: Landorus
|-damage|p1a: Landorus|0 fnt
|faint|p1a: Landorus
|-hitcount|p1: Landorus|3
|
|upkeep
|inactive|sesetwelve has 120 seconds left.
|
|t:|1779945372
|switch|p1a: Zamazenta|Zamazenta|100/100
|-ability|p1a: Zamazenta|Dauntless Shield|boost
|-boost|p1a: Zamazenta|def|1
|turn|2
|
|t:|1779945381
|switch|p2a: Incineroar|Incineroar, M, shiny|100/100
|-ability|p2a: Incineroar|Intimidate|boost
|-unboost|p1a: Zamazenta|atk|1
|move|p1a: Zamazenta|Iron Defense|p1a: Zamazenta
|-boost|p1a: Zamazenta|def|2
|
|upkeep
|turn|3
|inactive|enigma96 has 120 seconds left.
|
|t:|1779945415
|move|p1a: Zamazenta|Body Press|p2a: Incineroar
|-supereffective|p2a: Incineroar
|-damage|p2a: Incineroar|0 fnt
|faint|p2a: Incineroar
|
|upkeep
|inactive|enigma96 has 120 seconds left.
|
|t:|1779945420
|switch|p2a: Espeon|Espeon, M|100/100
|turn|4
|
|t:|1779945426
|move|p2a: Espeon|Psychic|p1a: Zamazenta
|-supereffective|p1a: Zamazenta
|-damage|p1a: Zamazenta|0 fnt
|faint|p1a: Zamazenta
|
|upkeep
|
|t:|1779945439
|switch|p1a: Latios|Latios, M|100/100
|turn|5
|
|t:|1779945446
|switch|p2a: Pyroar|Pyroar, M|100/100
|-ability|p2a: Pyroar|Unnerve
|move|p1a: Latios|Agility|p1a: Latios
|-boost|p1a: Latios|spe|2
|
|upkeep
|turn|6
|
|t:|1779945458
|move|p1a: Latios|Dragon Pulse|p2a: Pyroar
|-damage|p2a: Pyroar|41/100
|move|p2a: Pyroar|Dark Pulse|p1a: Latios
|-supereffective|p1a: Latios
|-damage|p1a: Latios|53/100
|
|upkeep
|turn|7
|
|t:|1779945469
|move|p1a: Latios|Dragon Pulse|p2a: Pyroar
|-damage|p2a: Pyroar|0 fnt
|faint|p2a: Pyroar
|
|upkeep
|
|t:|1779945475
|switch|p2a: Meowscarada|Meowscarada, M, shiny|100/100
|turn|8
|
|t:|1779945486
|switch|p1a: Iron Valiant|Iron Valiant|100/100
|-enditem|p1a: Iron Valiant|Booster Energy
|-activate|p1a: Iron Valiant|ability: Quark Drive|[fromitem]
|-start|p1a: Iron Valiant|quarkdriveatk
|move|p2a: Meowscarada|U-turn|p1a: Iron Valiant
|-start|p2a: Meowscarada|typechange|Bug|[from] ability: Protean
|-resisted|p1a: Iron Valiant
|-damage|p1a: Iron Valiant|92/100
|inactive|enigma96 has 120 seconds left.
|
|t:|1779945518
|switch|p2a: Luxray|Luxray, M|100/100|[from] U-turn
|
|-status|p2a: Luxray|brn|[from] item: Flame Orb
|upkeep
|turn|9
|
|t:|1779945539
|move|p1a: Iron Valiant|Protect|p1a: Iron Valiant
|-singleturn|p1a: Iron Valiant|Protect
|move|p2a: Luxray|Psychic Fangs|p1a: Iron Valiant
|-activate|p1a: Iron Valiant|move: Protect
|
|-damage|p2a: Luxray|95/100 brn|[from] brn
|upkeep
|turn|10
|
|t:|1779945557
|-end|p1a: Iron Valiant|Quark Drive|[silent]
|switch|p1a: Indeedee|Indeedee-F, F|100/100
|-fieldstart|move: Psychic Terrain|[from] ability: Psychic Surge|[of] p1a: Indeedee
|move|p2a: Luxray|Facade|p1a: Indeedee
|-damage|p1a: Indeedee|0 fnt
|faint|p1a: Indeedee
|
|-damage|p2a: Luxray|89/100 brn|[from] brn
|upkeep
|inactive|sesetwelve has 120 seconds left.
|
|t:|1779945571
|switch|p1a: Bruxish|Bruxish, M, shiny|100/100
|turn|11
|
|t:|1779945579
|move|p1a: Bruxish|Psychic Fangs|p2a: Luxray
|-damage|p2a: Luxray|0 fnt
|faint|p2a: Luxray
|
|upkeep
|
|t:|1779945584
|switch|p2a: Persian|Persian-Alola, M, shiny|100/100
|turn|12
|
|t:|1779945591
|switch|p1a: Iron Valiant|Iron Valiant|92/100
|move|p2a: Persian|Parting Shot|p1a: Iron Valiant
|-unboost|p1a: Iron Valiant|atk|1
|-unboost|p1a: Iron Valiant|spa|1
|
|t:|1779945609
|switch|p2a: Espeon|Espeon, M|100/100|[from] Parting Shot
|
|upkeep
|turn|13
|
|t:|1779945639
|move|p2a: Espeon|Alluring Voice|p1a: Iron Valiant
|-supereffective|p1a: Iron Valiant
|-damage|p1a: Iron Valiant|0 fnt
|faint|p1a: Iron Valiant
|-end|p1a: Iron Valiant|Quark Drive|[silent]
|
|upkeep
|
|t:|1779945645
|switch|p1a: Bruxish|Bruxish, M, shiny|100/100
|turn|14
|inactive|enigma96 has 120 seconds left.
|
|t:|1779945669
|switch|p2a: Persian|Persian-Alola, M, shiny|100/100
|move|p1a: Bruxish|Ice Fang|p2a: Persian
|-damage|p2a: Persian|70/100
|-damage|p1a: Bruxish|84/100|[from] item: Rocky Helmet|[of] p2a: Persian
|
|-fieldend|move: Psychic Terrain
|upkeep
|turn|15
|inactive|enigma96 has 120 seconds left.
|
|t:|1779945693
|move|p1a: Bruxish|Ice Fang|p2a: Persian
|-damage|p2a: Persian|41/100
|-damage|p1a: Bruxish|67/100|[from] item: Rocky Helmet|[of] p2a: Persian
|move|p2a: Persian|Parting Shot|p1a: Bruxish
|-unboost|p1a: Bruxish|atk|1
|-unboost|p1a: Bruxish|spa|1
|
|t:|1779945703
|switch|p2a: Meowscarada|Meowscarada, M, shiny|100/100|[from] Parting Shot
|
|upkeep
|turn|16
|
|t:|1779945712
|move|p2a: Meowscarada|U-turn|p1a: Bruxish
|-start|p2a: Meowscarada|typechange|Bug|[from] ability: Protean
|-supereffective|p1a: Bruxish
|-damage|p1a: Bruxish|0 fnt
|faint|p1a: Bruxish
|inactive|enigma96 has 120 seconds left.
|
|t:|1779945719
|switch|p2a: Espeon|Espeon, M|100/100|[from] U-turn
|
|upkeep
|
|t:|1779945723
|switch|p1a: Latios|Latios, M|53/100
|turn|17
|
|t:|1779945731
|-terastallize|p2a: Espeon|Fairy
|move|p2a: Espeon|Alluring Voice|p1a: Latios
|-supereffective|p1a: Latios
|-damage|p1a: Latios|0 fnt
|faint|p1a: Latios
|
|win|enigma96
|raw|sesetwelve's rating: 1116 &rarr; <strong>1090</strong><br />(-26 for losing)
|raw|enigma96's rating: 1106 &rarr; <strong>1132</strong><br />(+26 for winning)
|l|☆sesetwelve
|player|p1|
|l|☆enigma96
|player|p2|
