|j|☆Nezus
|j|‽aaagislash
|t:|1779952802
|gametype|singles
|player|p1|Nezus|bruno|1345
|player|p2|aaagislash|266|1438
|gen|9
|tier|[Gen 9] OU
|rated|
|rule|HP Percentage Mod: HP is shown in percentages
|rule|Endless Battle Clause: Forcing endless battles is banned
|rule|Species Clause: Limit one of each Pokémon
|rule|OHKO Clause: OHKO moves are banned
|rule|Evasion Items Clause: Evasion items are banned
|rule|Evasion Moves Clause: Evasion moves are banned
|rule|Evasion Abilities Clause: Evasion abilities are banned
|rule|Sleep Moves Clause: Sleep-inducing moves are banned
|clearpoke
|poke|p1|Hatterene, F|
|poke|p1|Great Tusk|
|poke|p1|Tornadus-Therian, M|
|poke|p1|Kyurem|
|poke|p1|Slowking-Galar, M|
|poke|p1|Kingambit, M|
|poke|p2|Poliwrath, M|
|poke|p2|Pelipper, M|
|poke|p2|Goodra-Hisui, M|
|poke|p2|Toxicroak, F|
|poke|p2|Kingdra, F|
|poke|p2|Rillaboom, M|
|teampreview
|
|t:|1779952820
|teamsize|p1|6
|teamsize|p2|6
|start
|switch|p1a: Hatterene|Hatterene, F|100/100
|switch|p2a: Rillaboom|Rillaboom, M|100/100
|-fieldstart|move: Grassy Terrain|[from] ability: Grassy Surge|[of] p2a: Rillaboom
|turn|1
|
|t:|1779952827
|move|p2a: Rillaboom|U-turn|p1a: Hatterene
|-damage|p1a: Hatterene|77/100
|-damage|p2a: Rillaboom|84/100|[from] item: Rocky Helmet|[of] p1a: Hatterene
|
|t:|1779952829
|switch|p2a: Pelipper|Pelipper, M|100/100|[from] U-turn
|-weather|RainDance|[from] ability: Drizzle|[of] p2a: Pelipper
|move|p1a: Hatterene|Nuzzle|p2a: Pelipper
|-supereffective|p2a: Pelipper
|-damage|p2a: Pelipper|86/100
|-status|p2a: Pelipper|par
|
|-weather|RainDance|[upkeep]
|-heal|p1a: Hatterene|83/100|[from] Grassy Terrain
|upkeep
|turn|2
|
|t:|1779952839
|move|p1a: Hatterene|Draining Kiss|p2a: Pelipper
|-damage|p2a: Pelipper|61/100 par
|-heal|p1a: Hatterene|100/100|[from] drain|[of] p2a: Pelipper
|move|p2a: Pelipper|U-turn|p1a: Hatterene
|-damage|p1a: Hatterene|94/100
|-damage|p2a: Pelipper|45/100 par|[from] item: Rocky Helmet|[of] p1a: Hatterene
|
|t:|1779952848
|switch|p2a: Kingdra|Kingdra, F|100/100|[from] U-turn
|
|-weather|RainDance|[upkeep]
|-heal|p1a: Hatterene|99/100|[from] Grassy Terrain
|upkeep
|turn|3
|
|t:|1779952862
|-terastallize|p2a: Kingdra|Water
|move|p2a: Kingdra|Weather Ball|p1a: Hatterene
|-damage|p1a: Hatterene|0 fnt
|faint|p1a: Hatterene
|
|-weather|RainDance|[upkeep]
|upkeep
|
|t:|1779952869
|switch|p1a: Tornadus|Tornadus-Therian, M|100/100
|turn|4
|
|t:|1779952873
|move|p2a: Kingdra|Weather Ball|p1a: Tornadus
|-damage|p1a: Tornadus|11/100
|move|p1a: Tornadus|Bleakwind Storm|p2a: Kingdra
|-damage|p2a: Kingdra|57/100
|
|-weather|RainDance|[upkeep]
|-heal|p2a: Kingdra|63/100|[from] Grassy Terrain
|upkeep
|turn|5
|
|t:|1779952883
|move|p2a: Kingdra|Weather Ball|p1a: Tornadus
|-damage|p1a: Tornadus|0 fnt
|faint|p1a: Tornadus
|
|-weather|RainDance|[upkeep]
|-heal|p2a: Kingdra|70/100|[from] Grassy Terrain
|-fieldend|move: Grassy Terrain
|upkeep
|
|t:|1779952893
|switch|p1a: Kyurem|Kyurem|100/100
|-ability|p1a: Kyurem|Pressure
|turn|6
|
|t:|1779952901
|move|p2a: Kingdra|Weather Ball|p1a: Kyurem
|-resisted|p1a: Kyurem
|-damage|p1a: Kyurem|31/100
|move|p1a: Kyurem|Freeze-Dry|p2a: Kingdra
|-supereffective|p2a: Kingdra
|-damage|p2a: Kingdra|0 fnt
|faint|p2a: Kingdra
|
|-weather|RainDance|[upkeep]
|upkeep
|
|t:|1779952908
|switch|p2a: Goodra|Goodra-Hisui, M|100/100
|turn|7
|
|t:|1779952944
|switch|p1a: Great Tusk|Great Tusk|100/100
|move|p2a: Goodra|Thunder|p1a: Great Tusk
|-immune|p1a: Great Tusk
|
|-weather|RainDance|[upkeep]
|upkeep
|turn|8
|
|t:|1779952957
|move|p1a: Great Tusk|Stealth Rock|p2a: Goodra
|-sidestart|p2: aaagislash|move: Stealth Rock
|move|p2a: Goodra|Surf|p1a: Great Tusk
|-supereffective|p1a: Great Tusk
|-damage|p1a: Great Tusk|0 fnt
|faint|p1a: Great Tusk
|-end|p1a: Great Tusk|Protosynthesis|[silent]
|
|-weather|none
|upkeep
|
|t:|1779952999
|switch|p1a: Slowking|Slowking-Galar, M|100/100
|turn|9
|
|t:|1779953007
|move|p2a: Goodra|Dragon Pulse|p1a: Slowking
|-damage|p1a: Slowking|72/100
|move|p1a: Slowking|Trick|p2a: Goodra
|-activate|p1a: Slowking|move: Trick|[of] p2a: Goodra
|-item|p2a: Goodra|Black Sludge|[from] move: Trick
|-item|p1a: Slowking|Assault Vest|[from] move: Trick
|
|-damage|p2a: Goodra|88/100|[from] item: Black Sludge
|upkeep
|turn|10
|
|t:|1779953033
|move|p2a: Goodra|Dragon Pulse|p1a: Slowking
|-damage|p1a: Slowking|51/100
|move|p1a: Slowking|Future Sight|p2a: Goodra
|-start|p1a: Slowking|move: Future Sight
|
|-damage|p2a: Goodra|76/100|[from] item: Black Sludge
|upkeep
|turn|11
|
|t:|1779953044
|switch|p2a: Pelipper|Pelipper, M|45/100 par
|-damage|p2a: Pelipper|20/100 par|[from] Stealth Rock
|-weather|RainDance|[from] ability: Drizzle|[of] p2a: Pelipper
|switch|p1a: Kingambit|Kingambit, M|100/100
|-activate|p1a: Kingambit|ability: Supreme Overlord
|-start|p1a: Kingambit|fallen3|[silent]
|
|-weather|RainDance|[upkeep]
|upkeep
|turn|12
|
|t:|1779953050
|move|p1a: Kingambit|Swords Dance|p1a: Kingambit
|-boost|p1a: Kingambit|atk|2
|move|p2a: Pelipper|Weather Ball|p1a: Kingambit
|-damage|p1a: Kingambit|50/100
|
|-weather|RainDance|[upkeep]
|-end|p2a: Pelipper|move: Future Sight
|-damage|p2a: Pelipper|0 fnt
|faint|p2a: Pelipper
|-heal|p1a: Kingambit|56/100|[from] item: Leftovers
|upkeep
|
|t:|1779953054
|switch|p2a: Toxicroak|Toxicroak, F|100/100
|turn|13
|
|t:|1779953063
|-terastallize|p1a: Kingambit|Ghost
|move|p2a: Toxicroak|Close Combat|p1a: Kingambit
|-immune|p1a: Kingambit
|move|p1a: Kingambit|Iron Head|p2a: Toxicroak
|-damage|p2a: Toxicroak|0 fnt
|faint|p2a: Toxicroak
|
|-weather|RainDance|[upkeep]
|-heal|p1a: Kingambit|62/100|[from] item: Leftovers
|upkeep
|
|t:|1779953074
|switch|p2a: Rillaboom|Rillaboom, M|84/100
|-damage|p2a: Rillaboom|72/100|[from] Stealth Rock
|-fieldstart|move: Grassy Terrain|[from] ability: Grassy Surge|[of] p2a: Rillaboom
|turn|14
|
|t:|1779953087
|move|p2a: Rillaboom|Grassy Glide|p1a: Kingambit
|-damage|p1a: Kingambit|35/100
|move|p1a: Kingambit|Sucker Punch||[still]
|-fail|p1a: Kingambit
|
|-weather|RainDance|[upkeep]
|-heal|p2a: Rillaboom|78/100|[from] Grassy Terrain
|-heal|p1a: Kingambit|41/100|[from] Grassy Terrain
|-heal|p1a: Kingambit|47/100|[from] item: Leftovers
|upkeep
|turn|15
|
|t:|1779953094
|move|p2a: Rillaboom|Grassy Glide|p1a: Kingambit
|-damage|p1a: Kingambit|20/100
|move|p1a: Kingambit|Iron Head|p2a: Rillaboom
|-damage|p2a: Rillaboom|0 fnt
|faint|p2a: Rillaboom
|
|-weather|RainDance|[upkeep]
|-heal|p1a: Kingambit|26/100|[from] Grassy Terrain
|-heal|p1a: Kingambit|32/100|[from] item: Leftovers
|upkeep
|
|t:|1779953098
|switch|p2a: Poliwrath|Poliwrath, M|100/100
|-damage|p2a: Poliwrath|94/100|[from] Stealth Rock
|turn|16
|
|t:|1779953108
|move|p1a: Kingambit|Sucker Punch|p2a: Poliwrath
|-resisted|p2a: Poliwrath
|-damage|p2a: Poliwrath|31/100
|-enditem|p2a: Poliwrath|Sitrus Berry|[eat]
|-heal|p2a: Poliwrath|56/100|[from] item: Sitrus Berry
|move|p2a: Poliwrath|Liquidation|p1a: Kingambit
|-damage|p1a: Kingambit|0 fnt
|faint|p1a: Kingambit
|-end|p1a: Kingambit|fallen3|[silent]
|
|-weather|RainDance|[upkeep]
|-heal|p2a: Poliwrath|62/100|[from] Grassy Terrain
|upkeep
|
|t:|1779953115
|switch|p1a: Kyurem|Kyurem|31/100
|-ability|p1a: Kyurem|Pressure
|turn|17
|
|t:|1779953142
|move|p2a: Poliwrath|Drain Punch|p1a: Kyurem
|-supereffective|p1a: Kyurem
|-damage|p1a: Kyurem|0 fnt
|-heal|p2a: Poliwrath|80/100|[from] drain|[of] p1a: Kyurem
|faint|p1a: Kyurem
|
|-weather|RainDance|[upkeep]
|-heal|p2a: Poliwrath|87/100|[from] Grassy Terrain
|upkeep
|
|t:|1779953161
|switch|p1a: Slowking|Slowking-Galar, M|84/100
|turn|18
|-message|Nezus forfeited.
|
|win|aaagislash
|raw|Nezus's rating: 1345 &rarr; <strong>1330</strong><br />(-15 for losing)
|raw|aaagislash's rating: 1438 &rarr; <strong>1453</strong><br />(+15 for winning)
|l|☆Nezus
|player|p1|
|l|‽aaagislash
|player|p2|
