|j|☆INS3CT
|j|☆zaybo_0
|t:|1779924752
|gametype|singles
|player|p1|INS3CT|169|1130
|player|p2|zaybo_0|169|1085
|gen|9
|tier|[Gen 9] OU
|rated|
|rule|HP Percentage Mod: HP is shown in percentages
|rule|Endless Battle Clause: Forcing endless battles is banned
|rule|Species Clause: Limit one of each Pokémon
|rule|OHKO Clause: OHKO moves are banned
|rule|Evasion Items Clause: Evasion items are banned
|rule|Evasion Moves Clause: Evasion moves are banned
|rule|Evasion Abilities Clause: Evasion abilities are banned
|rule|Sleep Moves Clause: Sleep-inducing moves are banned
|clearpoke
|poke|p1|Gengar, F|
|poke|p1|Glimmora, F|
|poke|p1|Muk-Alola, M|
|poke|p1|Amoonguss, F|
|poke|p1|Weezing-Galar, F|
|poke|p1|Clodsire, M|
|poke|p2|Kyurem|
|poke|p2|Hatterene, F|
|poke|p2|Darkrai|
|poke|p2|Great Tusk|
|poke|p2|Dragonite, F|
|poke|p2|Gholdengo|
|teampreview
|c|☆zaybo_0|glhf
|inactive|Battle timer is ON: inactive players will automatically lose when time's up. (requested by INS3CT)
|
|t:|1779924767
|teamsize|p1|6
|teamsize|p2|6
|start
|switch|p1a: Glimmora|Glimmora, F|100/100
|switch|p2a: Great Tusk|Great Tusk, shiny|100/100
|turn|1
|
|t:|1779924793
|move|p1a: Glimmora|Stealth Rock|p2a: Great Tusk
|-sidestart|p2: zaybo_0|move: Stealth Rock
|move|p2a: Great Tusk|Stealth Rock|p1a: Glimmora
|-sidestart|p1: INS3CT|move: Stealth Rock
|
|upkeep
|turn|2
|
|t:|1779924800
|move|p1a: Glimmora|Mortal Spin|p2a: Great Tusk
|-resisted|p2a: Great Tusk
|-damage|p2a: Great Tusk|99/100
|-status|p2a: Great Tusk|psn
|-sideend|p1: INS3CT|Stealth Rock|[from] move: Mortal Spin|[of] p1a: Glimmora
|move|p2a: Great Tusk|Rapid Spin|p1a: Glimmora
|-resisted|p1a: Glimmora
|-damage|p1a: Glimmora|91/100
|-boost|p2a: Great Tusk|spe|1
|-activate|p1a: Glimmora|ability: Toxic Debris
|-sidestart|p2: zaybo_0|move: Toxic Spikes
|-sideend|p2: zaybo_0|Toxic Spikes|[from] move: Rapid Spin|[of] p2a: Great Tusk
|-sideend|p2: zaybo_0|Stealth Rock|[from] move: Rapid Spin|[of] p2a: Great Tusk
|
|-heal|p2a: Great Tusk|100/100 psn|[from] item: Leftovers
|-damage|p2a: Great Tusk|88/100 psn|[from] psn
|upkeep
|turn|3
|inactive|INS3CT has 120 seconds left.
|
|t:|1779924826
|move|p2a: Great Tusk|Headlong Rush|p1a: Glimmora
|-supereffective|p1a: Glimmora
|-damage|p1a: Glimmora|0 fnt
|-unboost|p2a: Great Tusk|def|1
|-unboost|p2a: Great Tusk|spd|1
|-activate|p1a: Glimmora|ability: Toxic Debris
|-sidestart|p2: zaybo_0|move: Toxic Spikes
|faint|p1a: Glimmora
|
|-heal|p2a: Great Tusk|94/100 psn|[from] item: Leftovers
|-damage|p2a: Great Tusk|82/100 psn|[from] psn
|upkeep
|
|t:|1779924832
|switch|p1a: Gengar|Gengar, F|100/100
|-item|p1a: Gengar|Air Balloon
|turn|4
|inactive|INS3CT has 120 seconds left.
|
|t:|1779924843
|move|p2a: Great Tusk|Ice Spinner|p1a: Gengar
|-damage|p1a: Gengar|55/100
|-enditem|p1a: Gengar|Air Balloon
|move|p1a: Gengar|Encore|p2a: Great Tusk
|-start|p2a: Great Tusk|Encore
|
|-heal|p2a: Great Tusk|88/100 psn|[from] item: Leftovers
|-damage|p2a: Great Tusk|76/100 psn|[from] psn
|upkeep
|turn|5
|inactive|INS3CT has 120 seconds left.
|
|t:|1779924870
|-end|p2a: Great Tusk|Protosynthesis|[silent]
|switch|p2a: Gholdengo|Gholdengo, shiny|100/100
|switch|p1a: Clodsire|Clodsire, M|100/100
|
|upkeep
|turn|6
|
|t:|1779924878
|move|p2a: Gholdengo|Nasty Plot|p2a: Gholdengo
|-boost|p2a: Gholdengo|spa|2
|move|p1a: Clodsire|Spikes|p2a: Gholdengo
|-sidestart|p2: zaybo_0|Spikes
|
|upkeep
|turn|7
|
|t:|1779924884
|move|p2a: Gholdengo|Psyshock|p1a: Clodsire
|-supereffective|p1a: Clodsire
|-damage|p1a: Clodsire|31/100
|move|p1a: Clodsire|Spikes|p2a: Gholdengo
|-sidestart|p2: zaybo_0|Spikes
|
|-heal|p1a: Clodsire|37/100|[from] item: Leftovers
|upkeep
|turn|8
|inactive|INS3CT has 120 seconds left.
|
|t:|1779924890
|move|p2a: Gholdengo|Psyshock|p1a: Clodsire
|-supereffective|p1a: Clodsire
|-damage|p1a: Clodsire|0 fnt
|faint|p1a: Clodsire
|
|upkeep
|inactive|INS3CT has 120 seconds left.
|
|t:|1779924905
|switch|p1a: Muk|Muk-Alola, M|100/100
|turn|9
|
|t:|1779924925
|move|p2a: Gholdengo|Make It Rain|p1a: Muk
|-damage|p1a: Muk|0 fnt
|-unboost|p2a: Gholdengo|spa|1
|faint|p1a: Muk
|
|upkeep
|inactive|INS3CT has 120 seconds left.
|
|t:|1779924939
|switch|p1a: Weezing|Weezing-Galar, F|100/100
|turn|10
|inactive|zaybo_0 has 120 seconds left.
|
|t:|1779924968
|move|p2a: Gholdengo|Psyshock|p1a: Weezing
|-supereffective|p1a: Weezing
|-damage|p1a: Weezing|44/100
|move|p1a: Weezing|Pain Split|p2a: Gholdengo
|-immune|p2a: Gholdengo|[from] ability: Good as Gold
|
|upkeep
|turn|11
|inactive|INS3CT has 120 seconds left.
|
|t:|1779924990
|switch|p1a: Amoonguss|Amoonguss, F|100/100
|move|p2a: Gholdengo|Make It Rain|p1a: Amoonguss
|-damage|p1a: Amoonguss|40/100
|-unboost|p2a: Gholdengo|spa|1
|
|upkeep
|turn|12
|inactive|INS3CT has 120 seconds left.
|
|t:|1779924999
|move|p2a: Gholdengo|Nasty Plot|p2a: Gholdengo
|-boost|p2a: Gholdengo|spa|2
|move|p1a: Amoonguss|Foul Play|p2a: Gholdengo
|-supereffective|p2a: Gholdengo
|-damage|p2a: Gholdengo|77/100
|
|upkeep
|turn|13
|inactive|INS3CT has 120 seconds left.
|
|t:|1779925009
|-terastallize|p1a: Amoonguss|Grass
|move|p2a: Gholdengo|Psyshock|p1a: Amoonguss
|-damage|p1a: Amoonguss|0 fnt
|faint|p1a: Amoonguss
|
|upkeep
|inactive|INS3CT has 120 seconds left.
|
|t:|1779925016
|switch|p1a: Gengar|Gengar, F|55/100
|turn|14
|
|t:|1779925023
|move|p1a: Gengar|Shadow Ball|p2a: Gholdengo
|-supereffective|p2a: Gholdengo
|-damage|p2a: Gholdengo|0 fnt
|faint|p2a: Gholdengo
|
|upkeep
|
|t:|1779925030
|switch|p2a: Great Tusk|Great Tusk, shiny|76/100 psn
|-damage|p2a: Great Tusk|59/100 psn|[from] Spikes
|turn|15
|
|t:|1779925041
|-terastallize|p2a: Great Tusk|Poison
|move|p1a: Gengar|Sludge Wave|p2a: Great Tusk
|-resisted|p2a: Great Tusk
|-damage|p2a: Great Tusk|28/100 psn
|move|p2a: Great Tusk|Headlong Rush|p1a: Gengar
|-supereffective|p1a: Gengar
|-damage|p1a: Gengar|0 fnt
|-unboost|p2a: Great Tusk|def|1
|-unboost|p2a: Great Tusk|spd|1
|-start|p2a: Great Tusk|Disable|Headlong Rush|[from] ability: Cursed Body|[of] p1a: Gengar
|faint|p1a: Gengar
|
|-heal|p2a: Great Tusk|34/100 psn|[from] item: Leftovers
|-damage|p2a: Great Tusk|22/100 psn|[from] psn
|upkeep
|
|t:|1779925063
|switch|p1a: Weezing|Weezing-Galar, F|44/100
|turn|16
|
|t:|1779925069
|move|p2a: Great Tusk|Rapid Spin|p1a: Weezing
|-damage|p1a: Weezing|35/100
|-boost|p2a: Great Tusk|spe|1
|-damage|p2a: Great Tusk|5/100 psn|[from] item: Rocky Helmet|[of] p1a: Weezing
|-sideend|p2: zaybo_0|Spikes|[from] move: Rapid Spin|[of] p2a: Great Tusk
|-sideend|p2: zaybo_0|Toxic Spikes|[from] move: Rapid Spin|[of] p2a: Great Tusk
|move|p1a: Weezing|Strange Steam|p2a: Great Tusk
|-resisted|p2a: Great Tusk
|-damage|p2a: Great Tusk|0 fnt
|faint|p2a: Great Tusk
|-end|p2a: Great Tusk|Protosynthesis|[silent]
|
|upkeep
|
|t:|1779925079
|switch|p2a: Kyurem|Kyurem, shiny|100/100
|-ability|p2a: Kyurem|Pressure
|turn|17
|
|t:|1779925086
|move|p2a: Kyurem|Earth Power|p1a: Weezing
|-immune|p1a: Weezing|[from] ability: Levitate
|move|p1a: Weezing|Pain Split|p2a: Kyurem
|-sethp|p2a: Kyurem|65/100|[from] move: Pain Split|[silent]
|-sethp|p1a: Weezing|76/100|[from] move: Pain Split
|
|upkeep
|turn|18
|
|t:|1779925094
|move|p2a: Kyurem|Ice Beam|p1a: Weezing
|-damage|p1a: Weezing|13/100
|move|p1a: Weezing|Strange Steam|p2a: Kyurem
|-supereffective|p2a: Kyurem
|-damage|p2a: Kyurem|31/100
|
|upkeep
|turn|19
|
|t:|1779925103
|move|p2a: Kyurem|Freeze-Dry|p1a: Weezing
|-damage|p1a: Weezing|0 fnt
|faint|p1a: Weezing
|
|win|zaybo_0
|raw|INS3CT's rating: 1130 &rarr; <strong>1102</strong><br />(-28 for losing)
|raw|zaybo_0's rating: 1085 &rarr; <strong>1116</strong><br />(+31 for winning)
|c|☆zaybo_0|gg
