|j|☆ianzera12
|j|☆papipanger
|t:|1779897718
|gametype|singles
|player|p1|ianzera12|gambler|1077
|player|p2|papipanger|clown|1026
|gen|9
|tier|[Gen 9] OU
|rated|
|rule|HP Percentage Mod: HP is shown in percentages
|rule|Endless Battle Clause: Forcing endless battles is banned
|rule|Species Clause: Limit one of each Pokémon
|rule|OHKO Clause: OHKO moves are banned
|rule|Evasion Items Clause: Evasion items are banned
|rule|Evasion Moves Clause: Evasion moves are banned
|rule|Evasion Abilities Clause: Evasion abilities are banned
|rule|Sleep Moves Clause: Sleep-inducing moves are banned
|clearpoke
|poke|p1|Cramorant, M|
|poke|p1|Zamazenta-*|
|poke|p1|Deoxys-Speed|
|poke|p1|Heatran, M|
|poke|p1|Iron Valiant|
|poke|p1|Kyurem|
|poke|p2|Ogerpon-Wellspring, F|
|poke|p2|Glimmora, F|
|poke|p2|Araquanid, F|
|poke|p2|Typhlosion-Hisui, M|
|poke|p2|Deoxys-Defense|
|poke|p2|Toxapex, F|
|teampreview
|inactive|Battle timer is ON: inactive players will automatically lose when time's up. (requested by papipanger)
|inactive|ianzera12 also wants the timer to be on.
|
|t:|1779897724
|teamsize|p1|6
|teamsize|p2|6
|start
|switch|p1a: Deoxys|Deoxys-Speed|100/100
|switch|p2a: Toxapex|Toxapex, F|100/100
|-ability|p1a: Deoxys|Pressure
|turn|1
|
|t:|1779897741
|switch|p2a: Araquanid|Araquanid, F|100/100
|move|p1a: Deoxys|Stealth Rock|p2a: Araquanid
|-sidestart|p2: papipanger|move: Stealth Rock
|
|upkeep
|turn|2
|
|t:|1779897748
|move|p1a: Deoxys|Skill Swap|p2a: Araquanid
|-activate|p1a: Deoxys|Skill Swap|Water Bubble|Pressure|[of] p2a: Araquanid
|-ability|p2a: Araquanid|Pressure
|move|p2a: Araquanid|Lunge|p1a: Deoxys
|-supereffective|p1a: Deoxys
|-damage|p1a: Deoxys|27/100
|-unboost|p1a: Deoxys|atk|1
|-enditem|p1a: Deoxys|Red Card|[of] p2a: Araquanid
|drag|p2a: Toxapex|Toxapex, F|100/100
|-damage|p2a: Toxapex|88/100|[from] Stealth Rock
|
|upkeep
|turn|3
|inactive|ianzera12 has 120 seconds left.
|
|t:|1779897778
|switch|p1a: Kyurem|Kyurem|100/100
|-ability|p1a: Kyurem|Pressure
|move|p2a: Toxapex|Toxic|p1a: Kyurem
|-status|p1a: Kyurem|tox
|
|-damage|p1a: Kyurem|94/100 tox|[from] psn
|upkeep
|turn|4
|inactive|ianzera12 has 120 seconds left.
|
|t:|1779897798
|move|p1a: Kyurem|Freeze-Dry|p2a: Toxapex
|-supereffective|p2a: Toxapex
|-damage|p2a: Toxapex|0 fnt
|faint|p2a: Toxapex
|
|-damage|p1a: Kyurem|82/100 tox|[from] psn
|upkeep
|
|t:|1779897803
|switch|p2a: Glimmora|Glimmora, F, shiny|100/100
|turn|5
|
|t:|1779897807
|switch|p1a: Deoxys|Deoxys-Speed|27/100
|-ability|p1a: Deoxys|Pressure
|move|p2a: Glimmora|Mortal Spin|p1a: Deoxys
|-damage|p1a: Deoxys|19/100
|-status|p1a: Deoxys|psn
|-sideend|p2: papipanger|Stealth Rock|[from] move: Mortal Spin|[of] p2a: Glimmora
|
|-damage|p1a: Deoxys|6/100 psn|[from] psn
|upkeep
|turn|6
|
|t:|1779897817
|move|p2a: Glimmora|Spiky Shield|p2a: Glimmora
|-singleturn|p2a: Glimmora|move: Protect
|move|p1a: Deoxys|Skill Swap|p2a: Glimmora
|-activate|p2a: Glimmora|move: Protect
|
|-damage|p1a: Deoxys|0 fnt|[from] psn
|faint|p1a: Deoxys
|upkeep
|
|t:|1779897826
|switch|p1a: Cramorant|Cramorant, M|100/100
|turn|7
|
|t:|1779897850
|switch|p2a: Ogerpon|Ogerpon-Wellspring, F|100/100
|move|p1a: Cramorant|Surf|p2a: Ogerpon
|-immune|p2a: Ogerpon|[from] ability: Water Absorb
|
|upkeep
|turn|8
|
|t:|1779897857
|move|p2a: Ogerpon|Leech Seed|p1a: Cramorant
|-start|p1a: Cramorant|move: Leech Seed
|move|p1a: Cramorant|Brave Bird|p2a: Ogerpon
|-supereffective|p2a: Ogerpon
|-damage|p2a: Ogerpon|17/100
|-damage|p1a: Cramorant|76/100|[from] Recoil
|
|-damage|p1a: Cramorant|64/100|[from] Leech Seed|[of] p2a: Ogerpon
|-heal|p2a: Ogerpon|31/100|[silent]
|upkeep
|turn|9
|
|t:|1779897880
|-terastallize|p2a: Ogerpon|Water
|detailschange|p2a: Ogerpon|Ogerpon-Wellspring-Tera, F, tera:Water
|-ability|p2a: Ogerpon|Embody Aspect (Wellspring)|boost
|-boost|p2a: Ogerpon|spd|1
|move|p2a: Ogerpon|Knock Off|p1a: Cramorant
|-damage|p1a: Cramorant|15/100
|-enditem|p1a: Cramorant|Heavy-Duty Boots|[from] move: Knock Off|[of] p2a: Ogerpon
|move|p1a: Cramorant|Brave Bird|p2a: Ogerpon
|-damage|p2a: Ogerpon|0 fnt
|faint|p2a: Ogerpon
|detailschange|p2: Ogerpon|Ogerpon-Wellspring, F|[silent]
|-damage|p1a: Cramorant|6/100|[from] Recoil
|
|upkeep
|inactive|papipanger has 120 seconds left.
|
|t:|1779897892
|switch|p2a: Glimmora|Glimmora, F, shiny|100/100
|turn|10
|
|t:|1779897900
|-terastallize|p1a: Cramorant|Steel
|move|p2a: Glimmora|Spiky Shield|p2a: Glimmora
|-singleturn|p2a: Glimmora|move: Protect
|move|p1a: Cramorant|Roost|p1a: Cramorant
|-heal|p1a: Cramorant|56/100
|
|-damage|p1a: Cramorant|44/100|[from] Leech Seed|[of] p2a: Glimmora
|upkeep
|turn|11
|inactive|papipanger has 120 seconds left.
|
|t:|1779897921
|move|p1a: Cramorant|Roost|p1a: Cramorant
|-heal|p1a: Cramorant|94/100
|move|p2a: Glimmora|Stealth Rock|p1a: Cramorant
|-sidestart|p1: ianzera12|move: Stealth Rock
|
|-damage|p1a: Cramorant|82/100|[from] Leech Seed|[of] p2a: Glimmora
|upkeep
|turn|12
|inactive|papipanger has 120 seconds left.
|
|t:|1779897929
|move|p2a: Glimmora|Spiky Shield|p2a: Glimmora
|-singleturn|p2a: Glimmora|move: Protect
|move|p1a: Cramorant|Surf|p2a: Glimmora
|-activate|p2a: Glimmora|move: Protect
|
|-damage|p1a: Cramorant|70/100|[from] Leech Seed|[of] p2a: Glimmora
|upkeep
|turn|13
|
|t:|1779897937
|switch|p2a: Araquanid|Araquanid, F|100/100
|move|p1a: Cramorant|Defog|p2a: Araquanid
|-unboost|p2a: Araquanid|evasion|1
|-sideend|p1: ianzera12|Stealth Rock|[from] move: Defog|[of] p1a: Cramorant
|
|-damage|p1a: Cramorant|58/100|[from] Leech Seed|[of] p2a: Araquanid
|upkeep
|turn|14
|
|t:|1779897946
|move|p1a: Cramorant|Brave Bird|p2a: Araquanid
|-supereffective|p2a: Araquanid
|-damage|p2a: Araquanid|10/100
|-damage|p1a: Cramorant|33/100|[from] Recoil
|move|p2a: Araquanid|Liquidation|p1a: Cramorant
|-damage|p1a: Cramorant|0 fnt
|faint|p1a: Cramorant
|
|upkeep
|
|t:|1779897962
|switch|p1a: Zamazenta|Zamazenta|100/100
|-ability|p1a: Zamazenta|Dauntless Shield|boost
|-boost|p1a: Zamazenta|def|1
|turn|15
|
|t:|1779897968
|move|p1a: Zamazenta|Iron Defense|p1a: Zamazenta
|-boost|p1a: Zamazenta|def|2
|move|p2a: Araquanid|Liquidation|p1a: Zamazenta
|-damage|p1a: Zamazenta|82/100
|
|-heal|p1a: Zamazenta|88/100|[from] item: Leftovers
|upkeep
|turn|16
|
|t:|1779897974
|move|p1a: Zamazenta|Iron Defense|p1a: Zamazenta
|-boost|p1a: Zamazenta|def|2
|move|p2a: Araquanid|Sticky Web|p1a: Zamazenta
|-sidestart|p1: ianzera12|move: Sticky Web
|
|-heal|p1a: Zamazenta|94/100|[from] item: Leftovers
|upkeep
|turn|17
|
|t:|1779897984
|move|p1a: Zamazenta|Iron Defense|p1a: Zamazenta
|-boost|p1a: Zamazenta|def|1
|move|p2a: Araquanid|Lunge|p1a: Zamazenta
|-resisted|p1a: Zamazenta
|-damage|p1a: Zamazenta|92/100
|-unboost|p1a: Zamazenta|atk|1
|
|-heal|p1a: Zamazenta|98/100|[from] item: Leftovers
|upkeep
|turn|18
|
|t:|1779897991
|move|p1a: Zamazenta|Crunch|p2a: Araquanid
|-damage|p2a: Araquanid|0 fnt
|faint|p2a: Araquanid
|
|-heal|p1a: Zamazenta|100/100|[from] item: Leftovers
|upkeep
|
|t:|1779898018
|switch|p2a: Glimmora|Glimmora, F, shiny|100/100
|turn|19
|
|t:|1779898021
|move|p1a: Zamazenta|Body Press|p2a: Glimmora
|-damage|p2a: Glimmora|0 fnt
|-activate|p2a: Glimmora|ability: Toxic Debris
|-sidestart|p1: ianzera12|move: Toxic Spikes
|faint|p2a: Glimmora
|
|upkeep
|
|t:|1779898023
|switch|p2a: Typhlosion|Typhlosion-Hisui, M|100/100
|turn|20
|
|t:|1779898030
|move|p1a: Zamazenta|Crunch|p2a: Typhlosion
|-supereffective|p2a: Typhlosion
|-damage|p2a: Typhlosion|59/100
|-unboost|p2a: Typhlosion|def|1
|move|p2a: Typhlosion|Infernal Parade|p1a: Zamazenta
|-damage|p1a: Zamazenta|77/100
|-status|p1a: Zamazenta|brn
|
|-heal|p1a: Zamazenta|83/100 brn|[from] item: Leftovers
|-damage|p1a: Zamazenta|77/100 brn|[from] brn
|upkeep
|turn|21
|
|t:|1779898046
|switch|p1a: Kyurem|Kyurem|82/100 tox
|-activate|p1a: Kyurem|move: Sticky Web
|-unboost|p1a: Kyurem|spe|1
|-ability|p1a: Kyurem|Pressure
|move|p2a: Typhlosion|Infernal Parade|p1a: Kyurem
|-damage|p1a: Kyurem|31/100 tox
|
|-damage|p1a: Kyurem|25/100 tox|[from] psn
|upkeep
|turn|22
|
|t:|1779898060
|move|p2a: Typhlosion|Infernal Parade|p1a: Kyurem
|-damage|p1a: Kyurem|0 fnt
|faint|p1a: Kyurem
|
|upkeep
|
|t:|1779898064
|switch|p1a: Heatran|Heatran, M|100/100
|-activate|p1a: Heatran|move: Sticky Web
|-unboost|p1a: Heatran|spe|1
|turn|23
|
|t:|1779898072
|move|p2a: Typhlosion|Calm Mind|p2a: Typhlosion
|-boost|p2a: Typhlosion|spa|1
|-boost|p2a: Typhlosion|spd|1
|move|p1a: Heatran|Earth Power|p2a: Typhlosion
|-supereffective|p2a: Typhlosion
|-damage|p2a: Typhlosion|0 fnt
|faint|p2a: Typhlosion
|
|upkeep
|
|t:|1779898074
|switch|p2a: Deoxys|Deoxys-Defense|100/100
|-ability|p2a: Deoxys|Pressure
|turn|24
|
|t:|1779898095
|move|p2a: Deoxys|Knock Off|p1a: Heatran
|-damage|p1a: Heatran|85/100
|-enditem|p1a: Heatran|Leftovers|[from] move: Knock Off|[of] p2a: Deoxys
|move|p1a: Heatran|Steel Beam|p2a: Deoxys
|-damage|p2a: Deoxys|46/100
|-damage|p1a: Heatran|35/100|[from] steelbeam
|
|upkeep
|turn|25
|
|t:|1779898105
|move|p2a: Deoxys|Recover|p2a: Deoxys
|-heal|p2a: Deoxys|96/100
|move|p1a: Heatran|Steel Beam|p2a: Deoxys
|-damage|p2a: Deoxys|38/100
|-damage|p1a: Heatran|0 fnt|[from] steelbeam
|faint|p1a: Heatran
|
|upkeep
|
|t:|1779898113
|switch|p1a: Zamazenta|Zamazenta|77/100 brn
|-activate|p1a: Zamazenta|move: Sticky Web
|-unboost|p1a: Zamazenta|spe|1
|turn|26
|
|t:|1779898120
|move|p1a: Zamazenta|Crunch|p2a: Deoxys
|-supereffective|p2a: Deoxys
|-damage|p2a: Deoxys|26/100
|move|p2a: Deoxys|Taunt|p1a: Zamazenta
|-start|p1a: Zamazenta|move: Taunt
|
|-heal|p1a: Zamazenta|83/100 brn|[from] item: Leftovers
|-damage|p1a: Zamazenta|77/100 brn|[from] brn
|upkeep
|turn|27
|
|t:|1779898126
|move|p1a: Zamazenta|Crunch|p2a: Deoxys
|-supereffective|p2a: Deoxys
|-damage|p2a: Deoxys|13/100
|move|p2a: Deoxys|Recover|p2a: Deoxys
|-heal|p2a: Deoxys|63/100
|
|-heal|p1a: Zamazenta|83/100 brn|[from] item: Leftovers
|-damage|p1a: Zamazenta|77/100 brn|[from] brn
|upkeep
|turn|28
|
|t:|1779898131
|move|p1a: Zamazenta|Crunch|p2a: Deoxys
|-supereffective|p2a: Deoxys
|-damage|p2a: Deoxys|50/100
|move|p2a: Deoxys|Recover|p2a: Deoxys
|-heal|p2a: Deoxys|99/100
|
|-heal|p1a: Zamazenta|83/100 brn|[from] item: Leftovers
|-damage|p1a: Zamazenta|77/100 brn|[from] brn
|upkeep
|turn|29
|
|t:|1779898138
|move|p1a: Zamazenta|Crunch|p2a: Deoxys
|-supereffective|p2a: Deoxys
|-damage|p2a: Deoxys|88/100
|move|p2a: Deoxys|Spikes|p1a: Zamazenta
|-sidestart|p1: ianzera12|Spikes
|
|-heal|p1a: Zamazenta|83/100 brn|[from] item: Leftovers
|-damage|p1a: Zamazenta|77/100 brn|[from] brn
|-end|p1a: Zamazenta|move: Taunt
|upkeep
|turn|30
|
|t:|1779898143
|move|p1a: Zamazenta|Crunch|p2a: Deoxys
|-supereffective|p2a: Deoxys
|-damage|p2a: Deoxys|75/100
|-unboost|p2a: Deoxys|def|1
|move|p2a: Deoxys|Taunt|p1a: Zamazenta
|-start|p1a: Zamazenta|move: Taunt
|
|-heal|p1a: Zamazenta|83/100 brn|[from] item: Leftovers
|-damage|p1a: Zamazenta|77/100 brn|[from] brn
|upkeep
|turn|31
|
|t:|1779898150
|move|p1a: Zamazenta|Crunch|p2a: Deoxys
|-supereffective|p2a: Deoxys
|-damage|p2a: Deoxys|56/100
|-unboost|p2a: Deoxys|def|1
|move|p2a: Deoxys|Spikes|p1a: Zamazenta
|-sidestart|p1: ianzera12|Spikes
|
|-heal|p1a: Zamazenta|83/100 brn|[from] item: Leftovers
|-damage|p1a: Zamazenta|77/100 brn|[from] brn
|upkeep
|turn|32
|
|t:|1779898156
|move|p1a: Zamazenta|Crunch|p2a: Deoxys
|-supereffective|p2a: Deoxys
|-damage|p2a: Deoxys|32/100
|move|p2a: Deoxys|Recover|p2a: Deoxys
|-heal|p2a: Deoxys|82/100
|
|-heal|p1a: Zamazenta|83/100 brn|[from] item: Leftovers
|-damage|p1a: Zamazenta|77/100 brn|[from] brn
|upkeep
|turn|33
|
|t:|1779898164
|move|p1a: Zamazenta|Crunch|p2a: Deoxys
|-supereffective|p2a: Deoxys
|-damage|p2a: Deoxys|58/100
|move|p2a: Deoxys|Knock Off|p1a: Zamazenta
|-resisted|p1a: Zamazenta
|-damage|p1a: Zamazenta|71/100 brn
|-enditem|p1a: Zamazenta|Leftovers|[from] move: Knock Off|[of] p2a: Deoxys
|
|-damage|p1a: Zamazenta|65/100 brn|[from] brn
|-end|p1a: Zamazenta|move: Taunt
|upkeep
|turn|34
|
|t:|1779898173
|move|p1a: Zamazenta|Crunch|p2a: Deoxys
|-supereffective|p2a: Deoxys
|-damage|p2a: Deoxys|33/100
|-unboost|p2a: Deoxys|def|1
|move|p2a: Deoxys|Recover|p2a: Deoxys
|-heal|p2a: Deoxys|83/100
|
|-damage|p1a: Zamazenta|58/100 brn|[from] brn
|upkeep
|turn|35
|
|t:|1779898180
|move|p1a: Zamazenta|Crunch|p2a: Deoxys
|-supereffective|p2a: Deoxys
|-damage|p2a: Deoxys|52/100
|move|p2a: Deoxys|Knock Off|p1a: Zamazenta
|-resisted|p1a: Zamazenta
|-damage|p1a: Zamazenta|55/100 brn
|
|-damage|p1a: Zamazenta|48/100 brn|[from] brn
|upkeep
|turn|36
|
|t:|1779898186
|move|p1a: Zamazenta|Crunch|p2a: Deoxys
|-supereffective|p2a: Deoxys
|-damage|p2a: Deoxys|24/100
|move|p2a: Deoxys|Recover|p2a: Deoxys
|-heal|p2a: Deoxys|74/100
|
|-damage|p1a: Zamazenta|42/100 brn|[from] brn
|upkeep
|turn|37
|
|t:|1779898199
|move|p1a: Zamazenta|Body Press|p2a: Deoxys
|-resisted|p2a: Deoxys
|-damage|p2a: Deoxys|61/100
|move|p2a: Deoxys|Spikes|p1a: Zamazenta
|-sidestart|p1: ianzera12|Spikes
|
|-damage|p1a: Zamazenta|36/100 brn|[from] brn
|upkeep
|turn|38
|
|t:|1779898206
|move|p1a: Zamazenta|Body Press|p2a: Deoxys
|-resisted|p2a: Deoxys
|-damage|p2a: Deoxys|49/100
|move|p2a: Deoxys|Recover|p2a: Deoxys
|-heal|p2a: Deoxys|99/100
|
|-damage|p1a: Zamazenta|30/100 brn|[from] brn
|upkeep
|turn|39
|
|t:|1779898219
|move|p1a: Zamazenta|Body Press|p2a: Deoxys
|-resisted|p2a: Deoxys
|-damage|p2a: Deoxys|87/100
|move|p2a: Deoxys|Taunt|p1a: Zamazenta
|-start|p1a: Zamazenta|move: Taunt
|
|-damage|p1a: Zamazenta|24/100 brn|[from] brn
|upkeep
|turn|40
|
|t:|1779898226
|move|p1a: Zamazenta|Body Press|p2a: Deoxys
|-resisted|p2a: Deoxys
|-damage|p2a: Deoxys|75/100
|move|p2a: Deoxys|Knock Off|p1a: Zamazenta
|-resisted|p1a: Zamazenta
|-damage|p1a: Zamazenta|20/100 brn
|
|-damage|p1a: Zamazenta|14/100 brn|[from] brn
|upkeep
|turn|41
|
|t:|1779898235
|move|p1a: Zamazenta|Body Press|p2a: Deoxys
|-resisted|p2a: Deoxys
|-damage|p2a: Deoxys|64/100
|move|p2a: Deoxys|Knock Off|p1a: Zamazenta
|-resisted|p1a: Zamazenta
|-damage|p1a: Zamazenta|10/100 brn
|
|-damage|p1a: Zamazenta|4/100 brn|[from] brn
|upkeep
|turn|42
|
|t:|1779898249
|move|p1a: Zamazenta|Body Press|p2a: Deoxys
|-resisted|p2a: Deoxys
|-damage|p2a: Deoxys|52/100
|move|p2a: Deoxys|Recover|p2a: Deoxys
|-heal|p2a: Deoxys|100/100
|
|-damage|p1a: Zamazenta|0 fnt|[from] brn
|faint|p1a: Zamazenta
|upkeep
|
|t:|1779898255
|switch|p1a: Iron Valiant|Iron Valiant|100/100
|-activate|p1a: Iron Valiant|move: Sticky Web
|-unboost|p1a: Iron Valiant|spe|1
|-status|p1a: Iron Valiant|psn
|-damage|p1a: Iron Valiant|76/100 psn|[from] Spikes
|-enditem|p1a: Iron Valiant|Booster Energy
|-activate|p1a: Iron Valiant|ability: Quark Drive|[fromitem]
|-start|p1a: Iron Valiant|quarkdrivespa
|turn|43
|
|t:|1779898268
|move|p1a: Iron Valiant|Shadow Ball|p2a: Deoxys
|-supereffective|p2a: Deoxys
|-damage|p2a: Deoxys|48/100
|move|p2a: Deoxys|Taunt|p1a: Iron Valiant
|-start|p1a: Iron Valiant|move: Taunt
|
|-damage|p1a: Iron Valiant|63/100 psn|[from] psn
|upkeep
|turn|44
|
|t:|1779898274
|move|p1a: Iron Valiant|Shadow Ball|p2a: Deoxys
|-supereffective|p2a: Deoxys
|-damage|p2a: Deoxys|0 fnt
|faint|p2a: Deoxys
|
|win|ianzera12
|raw|ianzera12's rating: 1077 &rarr; <strong>1101</strong><br />(+24 for winning)
|raw|papipanger's rating: 1026 &rarr; <strong>1014</strong><br />(-12 for losing)
|l|☆papipanger
|player|p2|
