|j|☆plixim
|j|☆Pokeactu
|t:|1779810487
|gametype|singles
|player|p1|plixim|266|1210
|player|p2|Pokeactu|worker|1145
|gen|9
|tier|[Gen 9] OU
|rated|
|rule|HP Percentage Mod: HP is shown in percentages
|rule|Endless Battle Clause: Forcing endless battles is banned
|rule|Species Clause: Limit one of each Pokémon
|rule|OHKO Clause: OHKO moves are banned
|rule|Evasion Items Clause: Evasion items are banned
|rule|Evasion Moves Clause: Evasion moves are banned
|rule|Evasion Abilities Clause: Evasion abilities are banned
|rule|Sleep Moves Clause: Sleep-inducing moves are banned
|clearpoke
|poke|p1|Ninetales, F|
|poke|p1|Ceruledge, M|
|poke|p1|Leavanny, M|
|poke|p1|Hatterene, F|
|poke|p1|Walking Wake|
|poke|p1|Great Tusk|
|poke|p2|Alomomola, M|
|poke|p2|Ting-Lu|
|poke|p2|Iron Valiant|
|poke|p2|Zarude|
|poke|p2|Gholdengo|
|poke|p2|Cinderace, M|
|teampreview
|
|t:|1779810496
|teamsize|p1|6
|teamsize|p2|6
|start
|switch|p1a: Hatterene|Hatterene, F|100/100
|switch|p2a: Ting-Lu|Ting-Lu|100/100
|-ability|p2a: Ting-Lu|Vessel of Ruin
|turn|1
|inactive|Battle timer is ON: inactive players will automatically lose when time's up. (requested by Pokeactu)
|
|t:|1779810512
|switch|p2a: Gholdengo|Gholdengo|100/100
|-item|p2a: Gholdengo|Air Balloon
|move|p1a: Hatterene|Dazzling Gleam|p2a: Gholdengo
|-resisted|p2a: Gholdengo
|-damage|p2a: Gholdengo|80/100
|-enditem|p2a: Gholdengo|Air Balloon
|
|upkeep
|turn|2
|
|t:|1779810524
|switch|p1a: Ninetales|Ninetales, F|100/100
|-weather|SunnyDay|[from] ability: Drought|[of] p1a: Ninetales
|move|p2a: Gholdengo|Shadow Ball|p1a: Ninetales
|-damage|p1a: Ninetales|58/100
|-unboost|p1a: Ninetales|spd|1
|
|-weather|SunnyDay|[upkeep]
|upkeep
|turn|3
|
|t:|1779810537
|switch|p2a: Ting-Lu|Ting-Lu|100/100
|-ability|p2a: Ting-Lu|Vessel of Ruin
|move|p1a: Ninetales|Weather Ball|p2a: Ting-Lu
|-damage|p2a: Ting-Lu|81/100
|
|-weather|SunnyDay|[upkeep]
|-heal|p2a: Ting-Lu|87/100|[from] item: Leftovers
|upkeep
|turn|4
|
|t:|1779810545
|switch|p1a: Leavanny|Leavanny, M|100/100
|move|p2a: Ting-Lu|Earthquake|p1a: Leavanny
|-resisted|p1a: Leavanny
|-damage|p1a: Leavanny|88/100
|
|-weather|SunnyDay|[upkeep]
|-heal|p2a: Ting-Lu|93/100|[from] item: Leftovers
|upkeep
|turn|5
|
|t:|1779810560
|move|p1a: Leavanny|Sticky Web|p2a: Ting-Lu
|-sidestart|p2: Pokeactu|move: Sticky Web
|move|p2a: Ting-Lu|Whirlwind|p1a: Leavanny
|drag|p1a: Hatterene|Hatterene, F|100/100
|
|-weather|SunnyDay|[upkeep]
|-heal|p2a: Ting-Lu|99/100|[from] item: Leftovers
|upkeep
|turn|6
|
|t:|1779810568
|switch|p2a: Cinderace|Cinderace, M|100/100
|move|p1a: Hatterene|Future Sight|p2a: Cinderace
|-start|p1a: Hatterene|move: Future Sight
|
|-weather|SunnyDay|[upkeep]
|upkeep
|turn|7
|
|t:|1779810576
|switch|p1a: Great Tusk|Great Tusk|100/100
|-activate|p1a: Great Tusk|ability: Protosynthesis
|-start|p1a: Great Tusk|protosynthesisatk
|move|p2a: Cinderace|Pyro Ball|p1a: Great Tusk|[miss]
|-miss|p2a: Cinderace|p1a: Great Tusk
|
|-weather|SunnyDay|[upkeep]
|upkeep
|turn|8
|
|t:|1779810585
|move|p2a: Cinderace|U-turn|p1a: Great Tusk
|-start|p2a: Cinderace|typechange|Bug|[from] ability: Libero
|-resisted|p1a: Great Tusk
|-damage|p1a: Great Tusk|87/100
|
|t:|1779810589
|switch|p2a: Ting-Lu|Ting-Lu|99/100|[from] U-turn
|-activate|p2a: Ting-Lu|move: Sticky Web
|-unboost|p2a: Ting-Lu|spe|1
|-ability|p2a: Ting-Lu|Vessel of Ruin
|move|p1a: Great Tusk|Headlong Rush|p2a: Ting-Lu
|-damage|p2a: Ting-Lu|56/100
|-unboost|p1a: Great Tusk|def|1
|-unboost|p1a: Great Tusk|spd|1
|
|-weather|SunnyDay|[upkeep]
|-end|p2a: Ting-Lu|move: Future Sight
|-immune|p2a: Ting-Lu
|-heal|p2a: Ting-Lu|62/100|[from] item: Leftovers
|upkeep
|turn|9
|
|t:|1779810603
|-end|p1a: Great Tusk|Protosynthesis|[silent]
|switch|p1a: Leavanny|Leavanny, M|88/100
|move|p2a: Ting-Lu|Ruination|p1a: Leavanny
|-damage|p1a: Leavanny|44/100
|
|-weather|none
|-heal|p2a: Ting-Lu|68/100|[from] item: Leftovers
|upkeep
|turn|10
|
|t:|1779810612
|move|p1a: Leavanny|Leaf Storm|p2a: Ting-Lu
|-supereffective|p2a: Ting-Lu
|-damage|p2a: Ting-Lu|41/100
|-unboost|p1a: Leavanny|spa|2
|-enditem|p1a: Leavanny|Eject Pack
|
|t:|1779810625
|switch|p1a: Great Tusk|Great Tusk|87/100
|move|p2a: Ting-Lu|Stealth Rock|p1a: Great Tusk
|-sidestart|p1: plixim|move: Stealth Rock
|
|-heal|p2a: Ting-Lu|47/100|[from] item: Leftovers
|upkeep
|turn|11
|
|t:|1779810632
|move|p1a: Great Tusk|Rapid Spin|p2a: Ting-Lu
|-damage|p2a: Ting-Lu|38/100
|-boost|p1a: Great Tusk|spe|1
|-sideend|p1: plixim|Stealth Rock|[from] move: Rapid Spin|[of] p1a: Great Tusk
|move|p2a: Ting-Lu|Whirlwind|p1a: Great Tusk
|-end|p1a: Great Tusk|Protosynthesis|[silent]
|drag|p1a: Hatterene|Hatterene, F|100/100
|
|-heal|p2a: Ting-Lu|44/100|[from] item: Leftovers
|upkeep
|turn|12
|-message|Pokeactu forfeited.
|
|win|plixim
|raw|plixim's rating: 1210 &rarr; <strong>1230</strong><br />(+20 for winning)
|raw|Pokeactu's rating: 1145 &rarr; <strong>1125</strong><br />(-20 for losing)
|l|☆Pokeactu
|player|p2|
