|j|☆Vico2505
|j|☆zukarusuke
|t:|1779858394
|gametype|singles
|player|p1|Vico2505|steven|1227
|player|p2|zukarusuke|unknown|1170
|gen|9
|tier|[Gen 9] OU
|rated|
|rule|HP Percentage Mod: HP is shown in percentages
|rule|Endless Battle Clause: Forcing endless battles is banned
|rule|Species Clause: Limit one of each Pokémon
|rule|OHKO Clause: OHKO moves are banned
|rule|Evasion Items Clause: Evasion items are banned
|rule|Evasion Moves Clause: Evasion moves are banned
|rule|Evasion Abilities Clause: Evasion abilities are banned
|rule|Sleep Moves Clause: Sleep-inducing moves are banned
|clearpoke
|poke|p1|Gastrodon, F|
|poke|p1|Chandelure, F|
|poke|p1|Goodra, F|
|poke|p1|Scizor, M|
|poke|p1|Iron Valiant|
|poke|p1|Gliscor, M|
|poke|p2|Cinderace, F|
|poke|p2|Corviknight, M|
|poke|p2|Slowking-Galar, F|
|poke|p2|Kyurem|
|poke|p2|Great Tusk|
|poke|p2|Samurott-Hisui, M|
|teampreview
|inactive|Battle timer is ON: inactive players will automatically lose when time's up. (requested by zukarusuke)
|
|t:|1779858400
|teamsize|p1|6
|teamsize|p2|6
|start
|switch|p1a: Goodra|Goodra, F|100/100
|switch|p2a: Kyurem|Kyurem|100/100
|-ability|p2a: Kyurem|Pressure
|turn|1
|
|t:|1779858413
|switch|p2a: Slowking|Slowking-Galar, F|100/100
|move|p1a: Goodra|Draco Meteor|p2a: Slowking
|-damage|p2a: Slowking|63/100
|-unboost|p1a: Goodra|spa|2
|
|upkeep
|turn|2
|
|t:|1779858422
|switch|p1a: Gliscor|Gliscor, M|100/100
|-prepare|p2a: Slowking|Chilly Reception|[premajor]
|move|p2a: Slowking|Chilly Reception|p2a: Slowking
|-weather|Snowscape
|
|t:|1779858424
|switch|p2a: Kyurem|Kyurem|100/100|[from] Chilly Reception
|-ability|p2a: Kyurem|Pressure
|
|-weather|Snowscape|[upkeep]
|-status|p1a: Gliscor|tox|[from] item: Toxic Orb
|upkeep
|turn|3
|
|t:|1779858435
|switch|p1a: Scizor|Scizor, M|100/100
|move|p2a: Kyurem|Blizzard|p1a: Scizor
|-resisted|p1a: Scizor
|-damage|p1a: Scizor|48/100
|
|-weather|Snowscape|[upkeep]
|upkeep
|turn|4
|
|t:|1779858447
|switch|p2a: Cinderace|Cinderace, F|100/100
|move|p1a: Scizor|Bullet Punch|p2a: Cinderace
|-resisted|p2a: Cinderace
|-damage|p2a: Cinderace|65/100
|
|-weather|Snowscape|[upkeep]
|upkeep
|turn|5
|
|t:|1779858456
|switch|p1a: Chandelure|Chandelure, F, shiny|100/100
|move|p2a: Cinderace|Gunk Shot|p1a: Chandelure
|-start|p2a: Cinderace|typechange|Poison|[from] ability: Libero
|-resisted|p1a: Chandelure
|-damage|p1a: Chandelure|62/100
|
|-weather|Snowscape|[upkeep]
|upkeep
|turn|6
|
|t:|1779858465
|switch|p2a: Samurott|Samurott-Hisui, M|100/100
|move|p1a: Chandelure|Psychic|p2a: Samurott
|-immune|p2a: Samurott
|
|-weather|none
|upkeep
|turn|7
|
|t:|1779858473
|switch|p1a: Gastrodon|Gastrodon, F|100/100
|move|p2a: Samurott|Ceaseless Edge|p1a: Gastrodon
|-damage|p1a: Gastrodon|48/100
|-sidestart|p1: Vico2505|Spikes
|
|-heal|p1a: Gastrodon|54/100|[from] item: Leftovers
|upkeep
|turn|8
|
|t:|1779858483
|move|p2a: Samurott|Ceaseless Edge|p1a: Gastrodon
|-damage|p1a: Gastrodon|4/100
|-sidestart|p1: Vico2505|Spikes
|move|p1a: Gastrodon|Earth Power|p2a: Samurott
|-damage|p2a: Samurott|60/100
|
|-heal|p1a: Gastrodon|10/100|[from] item: Leftovers
|upkeep
|turn|9
|
|t:|1779858492
|move|p1a: Gastrodon|Protect|p1a: Gastrodon
|-singleturn|p1a: Gastrodon|Protect
|move|p2a: Samurott|Ceaseless Edge|p1a: Gastrodon
|-activate|p1a: Gastrodon|move: Protect
|
|-heal|p1a: Gastrodon|16/100|[from] item: Leftovers
|upkeep
|turn|10
|
|t:|1779858500
|move|p1a: Gastrodon|Protect|p1a: Gastrodon
|-singleturn|p1a: Gastrodon|Protect
|move|p2a: Samurott|Ceaseless Edge|p1a: Gastrodon
|-activate|p1a: Gastrodon|move: Protect
|
|-heal|p1a: Gastrodon|22/100|[from] item: Leftovers
|upkeep
|turn|11
|
|t:|1779858508
|move|p2a: Samurott|Ceaseless Edge|p1a: Gastrodon
|-damage|p1a: Gastrodon|0 fnt
|-sidestart|p1: Vico2505|Spikes
|faint|p1a: Gastrodon
|
|upkeep
|
|t:|1779858515
|switch|p1a: Iron Valiant|Iron Valiant, shiny|100/100
|-damage|p1a: Iron Valiant|76/100|[from] Spikes
|-enditem|p1a: Iron Valiant|Booster Energy
|-activate|p1a: Iron Valiant|ability: Quark Drive|[fromitem]
|-start|p1a: Iron Valiant|quarkdrivespe
|turn|12
|
|t:|1779858522
|switch|p2a: Slowking|Slowking-Galar, F|96/100
|move|p1a: Iron Valiant|Swords Dance|p1a: Iron Valiant
|-boost|p1a: Iron Valiant|atk|2
|
|upkeep
|turn|13
|
|t:|1779858536
|switch|p2a: Corviknight|Corviknight, M|100/100
|-ability|p2a: Corviknight|Pressure
|-terastallize|p1a: Iron Valiant|Psychic
|move|p1a: Iron Valiant|Zen Headbutt|p2a: Corviknight
|-resisted|p2a: Corviknight
|-damage|p2a: Corviknight|74/100
|-damage|p1a: Iron Valiant|59/100|[from] item: Rocky Helmet|[of] p2a: Corviknight
|
|upkeep
|turn|14
|
|t:|1779858547
|move|p1a: Iron Valiant|Close Combat|p2a: Corviknight
|-damage|p2a: Corviknight|2/100
|-unboost|p1a: Iron Valiant|def|1
|-unboost|p1a: Iron Valiant|spd|1
|-damage|p1a: Iron Valiant|42/100|[from] item: Rocky Helmet|[of] p2a: Corviknight
|move|p2a: Corviknight|U-turn|p1a: Iron Valiant
|-supereffective|p1a: Iron Valiant
|-damage|p1a: Iron Valiant|0 fnt
|faint|p1a: Iron Valiant
|-end|p1a: Iron Valiant|Quark Drive|[silent]
|
|t:|1779858554
|switch|p2a: Samurott|Samurott-Hisui, M|60/100|[from] U-turn
|
|upkeep
|-message|Vico2505 forfeited.
|
|win|zukarusuke
|raw|Vico2505's rating: 1227 &rarr; <strong>1198</strong><br />(-29 for losing)
|raw|zukarusuke's rating: 1170 &rarr; <strong>1199</strong><br />(+29 for winning)
|l|☆Vico2505
|player|p1|
|l|☆zukarusuke
|player|p2|
