|j|☆2354jhdvk456
|j|☆jopper44
|t:|1779961005
|gametype|singles
|player|p1|2354jhdvk456|pokemonranger-gen4|1064
|player|p2|jopper44|roughneck|1101
|gen|9
|tier|[Gen 9] OU
|rated|
|rule|HP Percentage Mod: HP is shown in percentages
|rule|Endless Battle Clause: Forcing endless battles is banned
|rule|Species Clause: Limit one of each Pokémon
|rule|OHKO Clause: OHKO moves are banned
|rule|Evasion Items Clause: Evasion items are banned
|rule|Evasion Moves Clause: Evasion moves are banned
|rule|Evasion Abilities Clause: Evasion abilities are banned
|rule|Sleep Moves Clause: Sleep-inducing moves are banned
|clearpoke
|poke|p1|Walking Wake|
|poke|p1|Torkoal, F|
|poke|p1|Cresselia, F|
|poke|p1|Pelipper, M|
|poke|p1|Iron Hands|
|poke|p1|Kingambit, F|
|poke|p2|Eelektross, M|
|poke|p2|Krookodile, M|
|poke|p2|Drifblim, M|
|poke|p2|Cloyster, F|
|poke|p2|Goodra-Hisui, M|
|poke|p2|Garganacl, M|
|teampreview
|inactive|Battle timer is ON: inactive players will automatically lose when time's up. (requested by 2354jhdvk456)
|
|t:|1779961013
|teamsize|p1|6
|teamsize|p2|6
|start
|switch|p1a: Pelipper|Pelipper, M|100/100
|switch|p2a: punani|Cloyster, F|100/100
|-weather|RainDance|[from] ability: Drizzle|[of] p1a: Pelipper
|turn|1
|
|t:|1779961026
|switch|p1a: 洗澡用的花洒外观款式|Cresselia, F|100/100
|move|p2a: punani|Rock Blast|p1a: 洗澡用的花洒外观款式
|-damage|p1a: 洗澡用的花洒外观款式|96/100
|-damage|p1a: 洗澡用的花洒外观款式|92/100
|-damage|p1a: 洗澡用的花洒外观款式|87/100
|-damage|p1a: 洗澡用的花洒外观款式|83/100
|-damage|p1a: 洗澡用的花洒外观款式|78/100
|-hitcount|p1a: 洗澡用的花洒外观款式|5
|
|-weather|RainDance|[upkeep]
|-heal|p1a: 洗澡用的花洒外观款式|84/100|[from] item: Leftovers
|upkeep
|turn|2
|
|t:|1779961041
|move|p1a: 洗澡用的花洒外观款式|Thunder|p2a: punani
|-supereffective|p2a: punani
|-damage|p2a: punani|23/100
|move|p2a: punani|Light Screen|p2a: punani
|-sidestart|p2: jopper44|move: Light Screen
|
|-weather|RainDance|[upkeep]
|-heal|p1a: 洗澡用的花洒外观款式|90/100|[from] item: Leftovers
|upkeep
|turn|3
|
|t:|1779961049
|switch|p2a: aal|Eelektross, M|100/100
|move|p1a: 洗澡用的花洒外观款式|Thunder Wave|p2a: aal
|-immune|p2a: aal
|
|-weather|RainDance|[upkeep]
|-heal|p1a: 洗澡用的花洒外观款式|96/100|[from] item: Leftovers
|upkeep
|turn|4
|
|t:|1779961063
|switch|p1a: 桑G尔夫|Iron Hands|100/100
|-enditem|p1a: 桑G尔夫|Booster Energy
|-activate|p1a: 桑G尔夫|ability: Quark Drive|[fromitem]
|-start|p1a: 桑G尔夫|quarkdriveatk
|move|p2a: aal|Bulk Up|p2a: aal
|-boost|p2a: aal|atk|1
|-boost|p2a: aal|def|1
|
|-weather|RainDance|[upkeep]
|upkeep
|turn|5
|
|t:|1779961074
|move|p2a: aal|Close Combat|p1a: 桑G尔夫
|-damage|p1a: 桑G尔夫|61/100
|-unboost|p2a: aal|def|1
|-unboost|p2a: aal|spd|1
|move|p1a: 桑G尔夫|Swords Dance|p1a: 桑G尔夫
|-boost|p1a: 桑G尔夫|atk|2
|
|-weather|none
|upkeep
|turn|6
|
|t:|1779961082
|move|p1a: 桑G尔夫|Drain Punch|p2a: aal
|-damage|p2a: aal|0 fnt
|-heal|p1a: 桑G尔夫|96/100|[from] drain|[of] p2a: aal
|faint|p2a: aal
|
|-sideend|p2: jopper44|move: Light Screen
|upkeep
|
|t:|1779961088
|switch|p2a: kila|Krookodile, M|100/100
|turn|7
|
|t:|1779961092
|-terastallize|p1a: 桑G尔夫|Fighting
|move|p2a: kila|Earthquake|p1a: 桑G尔夫
|-damage|p1a: 桑G尔夫|61/100
|move|p1a: 桑G尔夫|Drain Punch|p2a: kila
|-supereffective|p2a: kila
|-damage|p2a: kila|0 fnt
|-heal|p1a: 桑G尔夫|98/100|[from] drain|[of] p2a: kila
|faint|p2a: kila
|
|upkeep
|-message|jopper44 forfeited.
|
|win|2354jhdvk456
|raw|2354jhdvk456's rating: 1064 &rarr; <strong>1098</strong><br />(+34 for winning)
|raw|jopper44's rating: 1101 &rarr; <strong>1073</strong><br />(-28 for losing)
|l|☆jopper44
|player|p2|
