|j|☆claudechamp
|j|☆Dakota1683
|t:|1779870604
|gametype|singles
|player|p1|claudechamp|169|1274
|player|p2|Dakota1683|2|1233
|gen|9
|tier|[Gen 9] OU
|rated|
|rule|HP Percentage Mod: HP is shown in percentages
|rule|Endless Battle Clause: Forcing endless battles is banned
|rule|Species Clause: Limit one of each Pokémon
|rule|OHKO Clause: OHKO moves are banned
|rule|Evasion Items Clause: Evasion items are banned
|rule|Evasion Moves Clause: Evasion moves are banned
|rule|Evasion Abilities Clause: Evasion abilities are banned
|rule|Sleep Moves Clause: Sleep-inducing moves are banned
|clearpoke
|poke|p1|Gliscor, F|
|poke|p1|Gholdengo|
|poke|p1|Zamazenta-*|
|poke|p1|Blissey, F|
|poke|p1|Skarmory, M|
|poke|p1|Pecharunt|
|poke|p2|Crawdaunt, M|
|poke|p2|Metagross|
|poke|p2|Banette, F|
|poke|p2|Latias, F|
|poke|p2|Torkoal, F|
|poke|p2|Gardevoir, F|
|teampreview
|c|☆claudechamp|hf
|inactive|Battle timer is ON: inactive players will automatically lose when time's up. (requested by claudechamp)
|
|t:|1779870610
|teamsize|p1|6
|teamsize|p2|6
|start
|switch|p1a: Skarmory|Skarmory, M|100/100
|switch|p2a: Latias|Latias, F|100/100
|turn|1
|
|t:|1779870619
|switch|p2a: Torkoal|Torkoal, F|100/100
|move|p1a: Skarmory|Spikes|p2a: Torkoal
|-sidestart|p2: Dakota1683|Spikes
|
|upkeep
|turn|2
|
|t:|1779870622
|move|p1a: Skarmory|Spikes|p2a: Torkoal
|-sidestart|p2: Dakota1683|Spikes
|move|p2a: Torkoal|Lava Plume|p1a: Skarmory
|-supereffective|p1a: Skarmory
|-damage|p1a: Skarmory|37/100
|
|upkeep
|turn|3
|
|t:|1779870626
|switch|p1a: Blissey|Blissey, F|100/100
|move|p2a: Torkoal|Lava Plume|p1a: Blissey
|-damage|p1a: Blissey|93/100
|-status|p1a: Blissey|brn
|
|-damage|p1a: Blissey|87/100 brn|[from] brn
|upkeep
|turn|4
|
|t:|1779870632
|move|p1a: Blissey|Stealth Rock|p2a: Torkoal
|-sidestart|p2: Dakota1683|move: Stealth Rock
|move|p2a: Torkoal|Rapid Spin|p1a: Blissey
|-damage|p1a: Blissey|77/100 brn
|-boost|p2a: Torkoal|spe|1
|-sideend|p2: Dakota1683|Spikes|[from] move: Rapid Spin|[of] p2a: Torkoal
|-sideend|p2: Dakota1683|Stealth Rock|[from] move: Rapid Spin|[of] p2a: Torkoal
|
|-damage|p1a: Blissey|71/100 brn|[from] brn
|upkeep
|turn|5
|
|t:|1779870635
|move|p1a: Blissey|Shadow Ball|p2a: Torkoal
|-damage|p2a: Torkoal|81/100
|move|p2a: Torkoal|Body Press|p1a: Blissey
|-supereffective|p1a: Blissey
|-damage|p1a: Blissey|6/100 brn
|
|-damage|p1a: Blissey|0 fnt|[from] brn
|faint|p1a: Blissey
|upkeep
|
|t:|1779870643
|switch|p1a: Gliscor|Gliscor, F|100/100
|turn|6
|
|t:|1779870650
|switch|p2a: Latias|Latias, F|100/100
|move|p1a: Gliscor|Earthquake|p2a: Latias
|-immune|p2a: Latias|[from] ability: Levitate
|
|-status|p1a: Gliscor|tox|[from] item: Toxic Orb
|upkeep
|turn|7
|
|t:|1779870656
|move|p2a: Latias|Ice Beam|p1a: Gliscor
|-supereffective|p1a: Gliscor
|-damage|p1a: Gliscor|0 fnt
|faint|p1a: Gliscor
|
|upkeep
|
|t:|1779870661
|switch|p1a: Gholdengo|Gholdengo|100/100
|turn|8
|
|t:|1779870666
|switch|p2a: Crawdaunt|Crawdaunt, M|100/100
|move|p1a: Gholdengo|Nasty Plot|p1a: Gholdengo
|-boost|p1a: Gholdengo|spa|2
|
|upkeep
|turn|9
|
|t:|1779870673
|move|p1a: Gholdengo|Hex|p2a: Crawdaunt
|-resisted|p2a: Crawdaunt
|-damage|p2a: Crawdaunt|50/100
|move|p2a: Crawdaunt|Knock Off|p1a: Gholdengo
|-supereffective|p1a: Gholdengo
|-damage|p1a: Gholdengo|0 fnt
|-enditem|p1a: Gholdengo|Ability Shield|[from] move: Knock Off|[of] p2a: Crawdaunt
|faint|p1a: Gholdengo
|
|upkeep
|
|t:|1779870679
|switch|p1a: Skarmory|Skarmory, M|37/100
|turn|10
|
|t:|1779870682
|move|p1a: Skarmory|Roost|p1a: Skarmory
|-heal|p1a: Skarmory|87/100
|-singleturn|p1a: Skarmory|move: Roost
|move|p2a: Crawdaunt|Knock Off|p1a: Skarmory
|-damage|p1a: Skarmory|40/100
|-enditem|p1a: Skarmory|Heavy-Duty Boots|[from] move: Knock Off|[of] p2a: Crawdaunt
|
|upkeep
|turn|11
|
|t:|1779870691
|move|p1a: Skarmory|Roost|p1a: Skarmory
|-heal|p1a: Skarmory|90/100
|-singleturn|p1a: Skarmory|move: Roost
|move|p2a: Crawdaunt|Swords Dance|p2a: Crawdaunt
|-boost|p2a: Crawdaunt|atk|2
|
|upkeep
|turn|12
|
|t:|1779870697
|move|p2a: Crawdaunt|Liquidation|p1a: Skarmory
|-damage|p1a: Skarmory|0 fnt
|faint|p1a: Skarmory
|
|upkeep
|
|t:|1779870702
|switch|p1a: Zamazenta|Zamazenta|100/100
|-ability|p1a: Zamazenta|Dauntless Shield|boost
|-boost|p1a: Zamazenta|def|1
|turn|13
|
|t:|1779870705
|move|p1a: Zamazenta|Close Combat|p2a: Crawdaunt
|-supereffective|p2a: Crawdaunt
|-damage|p2a: Crawdaunt|0 fnt
|-unboost|p1a: Zamazenta|def|1
|-unboost|p1a: Zamazenta|spd|1
|faint|p2a: Crawdaunt
|
|upkeep
|
|t:|1779870710
|switch|p2a: Metagross|Metagross|100/100
|turn|14
|
|t:|1779870713
|switch|p1a: Pecharunt|Pecharunt|100/100
|move|p2a: Metagross|Psychic Fangs|p1a: Pecharunt
|-supereffective|p1a: Pecharunt
|-damage|p1a: Pecharunt|51/100
|
|upkeep
|turn|15
|
|t:|1779870720
|move|p1a: Pecharunt|Recover|p1a: Pecharunt
|-heal|p1a: Pecharunt|100/100
|move|p2a: Metagross|Psychic Fangs|p1a: Pecharunt
|-supereffective|p1a: Pecharunt
|-damage|p1a: Pecharunt|53/100
|
|upkeep
|turn|16
|
|t:|1779870729
|-terastallize|p1a: Pecharunt|Fairy
|move|p1a: Pecharunt|Shadow Ball|p2a: Metagross
|-supereffective|p2a: Metagross
|-damage|p2a: Metagross|64/100
|move|p2a: Metagross|Psychic Fangs|p1a: Pecharunt
|-damage|p1a: Pecharunt|29/100
|
|upkeep
|turn|17
|
|t:|1779870736
|move|p1a: Pecharunt|Recover|p1a: Pecharunt
|-heal|p1a: Pecharunt|79/100
|move|p2a: Metagross|Iron Head|p1a: Pecharunt
|-supereffective|p1a: Pecharunt
|-damage|p1a: Pecharunt|36/100
|
|upkeep
|turn|18
|
|t:|1779870747
|-terastallize|p2a: Metagross|Steel
|move|p1a: Pecharunt|Recover|p1a: Pecharunt
|-heal|p1a: Pecharunt|86/100
|move|p2a: Metagross|Iron Head|p1a: Pecharunt
|-supereffective|p1a: Pecharunt
|-damage|p1a: Pecharunt|26/100
|
|upkeep
|turn|19
|
|t:|1779870752
|move|p2a: Metagross|Bullet Punch|p1a: Pecharunt
|-supereffective|p1a: Pecharunt
|-damage|p1a: Pecharunt|0 fnt
|faint|p1a: Pecharunt
|
|upkeep
|
|t:|1779870756
|switch|p1a: Zamazenta|Zamazenta|100/100
|turn|20
|
|t:|1779870759
|move|p1a: Zamazenta|Close Combat|p2a: Metagross
|-supereffective|p2a: Metagross
|-damage|p2a: Metagross|0 fnt
|-unboost|p1a: Zamazenta|def|1
|-unboost|p1a: Zamazenta|spd|1
|faint|p2a: Metagross
|
|upkeep
|
|t:|1779870762
|switch|p2a: Banette|Banette, F|100/100
|turn|21
|
|t:|1779870771
|move|p1a: Zamazenta|Crunch|p2a: Banette
|-supereffective|p2a: Banette
|-crit|p2a: Banette
|-enditem|p2a: Banette|Focus Sash
|-damage|p2a: Banette|1/100
|move|p2a: Banette|Poltergeist|p1a: Zamazenta
|-activate|p1a: Zamazenta|move: Poltergeist|Heavy-Duty Boots
|-damage|p1a: Zamazenta|17/100
|
|upkeep
|turn|22
|
|t:|1779870779
|move|p2a: Banette|Shadow Sneak|p1a: Zamazenta
|-damage|p1a: Zamazenta|0 fnt
|faint|p1a: Zamazenta
|
|win|Dakota1683
|raw|claudechamp's rating: 1301 &rarr; <strong>1277</strong><br />(-24 for losing)
|raw|Dakota1683's rating: 1233 &rarr; <strong>1263</strong><br />(+30 for winning)
|c|☆claudechamp|gg
|l|☆Dakota1683
|player|p2|
|l|☆claudechamp
|player|p1|
