|j|☆phanxflame
|j|☆firered27
|t:|1779806716
|gametype|singles
|player|p1|phanxflame|169|1176
|player|p2|firered27|170|1194
|gen|9
|tier|[Gen 9] OU
|rated|
|rule|HP Percentage Mod: HP is shown in percentages
|rule|Endless Battle Clause: Forcing endless battles is banned
|rule|Species Clause: Limit one of each Pokémon
|rule|OHKO Clause: OHKO moves are banned
|rule|Evasion Items Clause: Evasion items are banned
|rule|Evasion Moves Clause: Evasion moves are banned
|rule|Evasion Abilities Clause: Evasion abilities are banned
|rule|Sleep Moves Clause: Sleep-inducing moves are banned
|clearpoke
|poke|p1|Gengar, M|
|poke|p1|Cinderace, F|
|poke|p1|Krookodile, F|
|poke|p1|Pelipper, F|
|poke|p1|Hatterene, F|
|poke|p1|Rampardos, M|
|poke|p2|Vivillon-Pokeball, F|
|poke|p2|Ogerpon-Wellspring, F|
|poke|p2|Ninetales-Alola, M|
|poke|p2|Dragonite, F|
|poke|p2|Great Tusk|
|poke|p2|Hatterene, F|
|teampreview
|inactive|Battle timer is ON: inactive players will automatically lose when time's up. (requested by firered27)
|
|t:|1779806730
|teamsize|p1|6
|teamsize|p2|6
|start
|switch|p1a: Pelipper|Pelipper, F|100/100
|switch|p2a: Ninetales|Ninetales-Alola, M|100/100
|-weather|Snowscape|[from] ability: Snow Warning|[of] p2a: Ninetales
|-weather|RainDance|[from] ability: Drizzle|[of] p1a: Pelipper
|turn|1
|
|t:|1779806750
|move|p2a: Ninetales|Snowscape|p2a: Ninetales
|-weather|Snowscape
|move|p1a: Pelipper|Hurricane|p2a: Ninetales
|-damage|p2a: Ninetales|28/100
|-start|p2a: Ninetales|confusion
|
|-weather|Snowscape|[upkeep]
|upkeep
|turn|2
|
|t:|1779806766
|switch|p1a: Cinderace|Cinderace, F|100/100
|-activate|p2a: Ninetales|confusion
|-damage|p2a: Ninetales|22/100|[from] confusion
|
|-weather|Snowscape|[upkeep]
|upkeep
|turn|3
|
|t:|1779806775
|switch|p2a: Great Tusk|Great Tusk|100/100
|-enditem|p2a: Great Tusk|Booster Energy
|-activate|p2a: Great Tusk|ability: Protosynthesis|[fromitem]
|-start|p2a: Great Tusk|protosynthesisspe
|move|p1a: Cinderace|U-turn|p2a: Great Tusk
|-start|p1a: Cinderace|typechange|Bug|[from] ability: Libero
|-resisted|p2a: Great Tusk
|-damage|p2a: Great Tusk|92/100
|
|t:|1779806784
|switch|p1a: Pelipper|Pelipper, F|100/100|[from] U-turn
|-weather|RainDance|[from] ability: Drizzle|[of] p1a: Pelipper
|
|-weather|RainDance|[upkeep]
|upkeep
|turn|4
|
|t:|1779806799
|-end|p2a: Great Tusk|Protosynthesis|[silent]
|switch|p2a: Dragonite|Dragonite, F|100/100
|move|p1a: Pelipper|Hurricane|p2a: Dragonite
|-damage|p2a: Dragonite|63/100
|-start|p2a: Dragonite|confusion
|
|-weather|RainDance|[upkeep]
|upkeep
|turn|5
|
|t:|1779806810
|switch|p1a: Gengar|Gengar, M|100/100
|-activate|p2a: Dragonite|confusion
|move|p2a: Dragonite|Dragon Dance|p2a: Dragonite
|-boost|p2a: Dragonite|atk|1
|-boost|p2a: Dragonite|spe|1
|
|-weather|RainDance|[upkeep]
|upkeep
|turn|6
|
|t:|1779806818
|move|p1a: Gengar|Encore|p2a: Dragonite
|-start|p2a: Dragonite|Encore
|-activate|p2a: Dragonite|confusion
|-damage|p2a: Dragonite|37/100|[from] confusion
|
|-weather|RainDance|[upkeep]
|upkeep
|turn|7
|
|t:|1779806832
|switch|p1a: Pelipper|Pelipper, F|100/100
|switch|p2a: Great Tusk|Great Tusk|92/100
|
|-weather|none
|upkeep
|turn|8
|
|t:|1779806847
|-end|p2a: Great Tusk|Protosynthesis|[silent]
|switch|p2a: Hatterene|Hatterene, F|100/100
|switch|p1a: Krookodile|Krookodile, F|100/100
|-ability|p1a: Krookodile|Intimidate|boost
|-unboost|p2a: Hatterene|atk|1
|
|upkeep
|turn|9
|
|t:|1779806856
|switch|p1a: Hatterene|Hatterene, F|100/100
|move|p2a: Hatterene|Draining Kiss|p1a: Hatterene
|-damage|p1a: Hatterene|76/100
|
|upkeep
|turn|10
|
|t:|1779806864
|move|p2a: Hatterene|Nuzzle|p1a: Hatterene
|-crit|p1a: Hatterene
|-damage|p1a: Hatterene|68/100
|-status|p1a: Hatterene|par
|move|p1a: Hatterene|Future Sight|p2a: Hatterene
|-start|p1a: Hatterene|move: Future Sight
|
|upkeep
|turn|11
|
|t:|1779806873
|move|p2a: Hatterene|Draining Kiss|p1a: Hatterene
|-damage|p1a: Hatterene|45/100 par
|cant|p1a: Hatterene|par
|
|upkeep
|turn|12
|
|t:|1779806878
|move|p2a: Hatterene|Nuzzle|p1a: Hatterene
|-damage|p1a: Hatterene|42/100 par
|move|p1a: Hatterene|Healing Wish|p1a: Hatterene
|faint|p1a: Hatterene
|
|-end|p2a: Hatterene|move: Future Sight
|-resisted|p2a: Hatterene
|-damage|p2a: Hatterene|61/100
|-heal|p2a: Hatterene|67/100|[from] item: Leftovers
|upkeep
|
|t:|1779806897
|switch|p1a: Rampardos|Rampardos, M|100/100
|turn|13
|
|t:|1779806902
|switch|p2a: Great Tusk|Great Tusk|92/100
|move|p1a: Rampardos|Iron Head|p2a: Great Tusk
|-damage|p2a: Great Tusk|63/100
|
|upkeep
|turn|14
|
|t:|1779806910
|move|p2a: Great Tusk|Stealth Rock|p1a: Rampardos
|-sidestart|p1: phanxflame|move: Stealth Rock
|move|p1a: Rampardos|Blizzard|p2a: Great Tusk|[miss]
|-miss|p1a: Rampardos|p2a: Great Tusk
|
|upkeep
|turn|15
|
|t:|1779806918
|move|p2a: Great Tusk|Headlong Rush|p1a: Rampardos
|-supereffective|p1a: Rampardos
|-damage|p1a: Rampardos|0 fnt
|-unboost|p2a: Great Tusk|def|1
|-unboost|p2a: Great Tusk|spd|1
|faint|p1a: Rampardos
|
|upkeep
|
|t:|1779806923
|switch|p1a: Cinderace|Cinderace, F|100/100
|turn|16
|
|t:|1779806927
|move|p1a: Cinderace|Court Change|p1a: Cinderace
|-start|p1a: Cinderace|typechange|Normal|[from] ability: Libero
|-swapsideconditions
|-activate|p1a: Cinderace|move: Court Change
|move|p2a: Great Tusk|Headlong Rush|p1a: Cinderace
|-damage|p1a: Cinderace|31/100
|-unboost|p2a: Great Tusk|def|1
|-unboost|p2a: Great Tusk|spd|1
|
|upkeep
|turn|17
|
|t:|1779806939
|-end|p2a: Great Tusk|Protosynthesis|[silent]
|switch|p2a: Dragonite|Dragonite, F|37/100
|move|p1a: Cinderace|Pyro Ball|p2a: Dragonite
|-resisted|p2a: Dragonite
|-damage|p2a: Dragonite|20/100
|-status|p2a: Dragonite|brn
|
|-damage|p2a: Dragonite|14/100 brn|[from] brn
|upkeep
|turn|18
|
|t:|1779806957
|switch|p1a: Krookodile|Krookodile, F|100/100
|-ability|p1a: Krookodile|Intimidate|boost
|-unboost|p2a: Dragonite|atk|1
|move|p2a: Dragonite|Extreme Speed|p1a: Krookodile
|-damage|p1a: Krookodile|88/100
|
|-damage|p2a: Dragonite|8/100 brn|[from] brn
|upkeep
|turn|19
|
|t:|1779806968
|move|p1a: Krookodile|Knock Off|p2a: Dragonite
|-crit|p2a: Dragonite
|-damage|p2a: Dragonite|0 fnt
|-enditem|p2a: Dragonite|Heavy-Duty Boots|[from] move: Knock Off|[of] p1a: Krookodile
|faint|p2a: Dragonite
|
|upkeep
|
|t:|1779806973
|switch|p2a: Ninetales|Ninetales-Alola, M|22/100
|-damage|p2a: Ninetales|0 fnt|[from] Stealth Rock
|faint|p2a: Ninetales
|
|t:|1779806980
|switch|p2a: Great Tusk|Great Tusk|63/100
|-damage|p2a: Great Tusk|60/100|[from] Stealth Rock
|turn|20
|
|t:|1779806984
|move|p1a: Krookodile|Knock Off|p2a: Great Tusk
|-resisted|p2a: Great Tusk
|-damage|p2a: Great Tusk|49/100
|move|p2a: Great Tusk|Rapid Spin|p1a: Krookodile
|-damage|p1a: Krookodile|70/100
|-boost|p2a: Great Tusk|spe|1
|-sideend|p2: firered27|Stealth Rock|[from] move: Rapid Spin|[of] p2a: Great Tusk
|
|upkeep
|turn|21
|
|t:|1779806992
|move|p2a: Great Tusk|Stealth Rock|p1a: Krookodile
|-sidestart|p1: phanxflame|move: Stealth Rock
|move|p1a: Krookodile|Earthquake|p2a: Great Tusk
|-damage|p2a: Great Tusk|16/100
|
|upkeep
|turn|22
|
|t:|1779806997
|move|p2a: Great Tusk|Ice Spinner|p1a: Krookodile
|-supereffective|p1a: Krookodile
|-damage|p1a: Krookodile|10/100
|move|p1a: Krookodile|Earthquake|p2a: Great Tusk
|-crit|p2a: Great Tusk
|-damage|p2a: Great Tusk|0 fnt
|faint|p2a: Great Tusk
|-end|p2a: Great Tusk|Protosynthesis|[silent]
|
|upkeep
|
|t:|1779807009
|switch|p2a: Vivillon|Vivillon-Pokeball, F|100/100
|turn|23
|
|t:|1779807014
|move|p1a: Krookodile|Knock Off|p2a: Vivillon
|-damage|p2a: Vivillon|4/100
|-enditem|p2a: Vivillon|Chesto Berry|[from] move: Knock Off|[of] p1a: Krookodile
|move|p2a: Vivillon|Iron Defense|p2a: Vivillon
|-boost|p2a: Vivillon|def|2
|
|upkeep
|turn|24
|
|t:|1779807033
|switch|p2a: Hatterene|Hatterene, F|67/100
|move|p1a: Krookodile|Knock Off|p2a: Hatterene
|-damage|p2a: Hatterene|21/100
|-enditem|p2a: Hatterene|Leftovers|[from] move: Knock Off|[of] p1a: Krookodile
|
|upkeep
|turn|25
|
|t:|1779807041
|move|p1a: Krookodile|Knock Off|p2a: Hatterene
|-damage|p2a: Hatterene|0 fnt
|faint|p2a: Hatterene
|
|upkeep
|
|t:|1779807046
|switch|p2a: Ogerpon|Ogerpon-Wellspring, F|100/100
|turn|26
|
|t:|1779807056
|move|p2a: Ogerpon|Ivy Cudgel|p1a: Krookodile|[anim] Ivy Cudgel Water
|-supereffective|p1a: Krookodile
|-damage|p1a: Krookodile|0 fnt
|faint|p1a: Krookodile
|
|upkeep
|
|t:|1779807059
|switch|p1a: Gengar|Gengar, M|100/100
|-damage|p1a: Gengar|88/100|[from] Stealth Rock
|turn|27
|
|t:|1779807076
|-terastallize|p2a: Ogerpon|Water
|detailschange|p2a: Ogerpon|Ogerpon-Wellspring-Tera, F, tera:Water
|-ability|p2a: Ogerpon|Embody Aspect (Wellspring)|boost
|-boost|p2a: Ogerpon|spd|1
|move|p1a: Gengar|Shadow Ball|p2a: Ogerpon
|-damage|p2a: Ogerpon|75/100
|move|p2a: Ogerpon|Ivy Cudgel|p1a: Gengar|[anim] Ivy Cudgel Water
|-damage|p1a: Gengar|0 fnt
|faint|p1a: Gengar
|
|upkeep
|
|t:|1779807090
|switch|p1a: Pelipper|Pelipper, F|100/100
|-damage|p1a: Pelipper|75/100|[from] Stealth Rock
|-weather|RainDance|[from] ability: Drizzle|[of] p1a: Pelipper
|turn|28
|
|t:|1779807096
|move|p2a: Ogerpon|Substitute|p2a: Ogerpon
|-start|p2a: Ogerpon|Substitute
|-damage|p2a: Ogerpon|50/100
|move|p1a: Pelipper|Hurricane|p2a: Ogerpon
|-end|p2a: Ogerpon|Substitute
|
|-weather|RainDance|[upkeep]
|upkeep
|turn|29
|
|t:|1779807103
|move|p2a: Ogerpon|Horn Leech|p1a: Pelipper
|-damage|p1a: Pelipper|26/100
|-heal|p2a: Ogerpon|76/100|[from] drain|[of] p1a: Pelipper
|move|p1a: Pelipper|Hurricane|p2a: Ogerpon
|-damage|p2a: Ogerpon|17/100
|
|-weather|RainDance|[upkeep]
|upkeep
|turn|30
|
|t:|1779807111
|move|p2a: Ogerpon|Horn Leech|p1a: Pelipper
|-damage|p1a: Pelipper|0 fnt
|-heal|p2a: Ogerpon|31/100|[from] drain|[of] p1a: Pelipper
|faint|p1a: Pelipper
|
|-weather|RainDance|[upkeep]
|upkeep
|
|t:|1779807114
|switch|p1a: Cinderace|Cinderace, F|31/100
|-heal|p1a: Cinderace|100/100|[from] move: Healing Wish
|turn|31
|
|t:|1779807122
|move|p1a: Cinderace|High Jump Kick|p2a: Ogerpon|[miss]
|-start|p1a: Cinderace|typechange|Fighting|[from] ability: Libero
|-miss|p1a: Cinderace|p2a: Ogerpon
|-damage|p1a: Cinderace|50/100|[from] highjumpkick
|move|p2a: Ogerpon|Ivy Cudgel|p1a: Cinderace|[anim] Ivy Cudgel Water
|-damage|p1a: Cinderace|0 fnt
|faint|p1a: Cinderace
|
|win|firered27
|raw|phanxflame's rating: 1176 &rarr; <strong>1152</strong><br />(-24 for losing)
|raw|firered27's rating: 1194 &rarr; <strong>1218</strong><br />(+24 for winning)
|l|☆phanxflame
|player|p1|
