|j|☆Randomcan42
|j|☆KaiZX49
|t:|1779850083
|gametype|singles
|player|p1|Randomcan42|266|1343
|player|p2|KaiZX49|youngster|1302
|gen|9
|tier|[Gen 9] OU
|rated|
|rule|HP Percentage Mod: HP is shown in percentages
|rule|Endless Battle Clause: Forcing endless battles is banned
|rule|Species Clause: Limit one of each Pokémon
|rule|OHKO Clause: OHKO moves are banned
|rule|Evasion Items Clause: Evasion items are banned
|rule|Evasion Moves Clause: Evasion moves are banned
|rule|Evasion Abilities Clause: Evasion abilities are banned
|rule|Sleep Moves Clause: Sleep-inducing moves are banned
|clearpoke
|poke|p1|Hatterene, F|
|poke|p1|Dragonite, M|
|poke|p1|Alomomola, F|
|poke|p1|Raichu, F|
|poke|p1|Dragapult, M|
|poke|p1|Great Tusk|
|poke|p2|Skarmory, F|
|poke|p2|Iron Boulder|
|poke|p2|Clodsire, F|
|poke|p2|Rotom-Wash|
|poke|p2|Greninja-*, M|
|poke|p2|Cinderace, F|
|teampreview
|inactive|Battle timer is ON: inactive players will automatically lose when time's up. (requested by Randomcan42)
|
|t:|1779850090
|teamsize|p1|6
|teamsize|p2|6
|start
|switch|p1a: Raichu|Raichu, F|100/100
|switch|p2a: Greninja|Greninja, M|100/100
|turn|1
|
|t:|1779850098
|switch|p2a: Clodsire|Clodsire, F|100/100
|move|p1a: Raichu|Volt Switch|p2a: Clodsire
|-immune|p2a: Clodsire
|
|upkeep
|turn|2
|
|t:|1779850104
|switch|p1a: Great Tusk|Great Tusk|100/100
|move|p2a: Clodsire|Toxic|p1a: Great Tusk
|-status|p1a: Great Tusk|tox
|
|-damage|p1a: Great Tusk|94/100 tox|[from] psn
|upkeep
|turn|3
|
|t:|1779850112
|switch|p2a: Skarmory|Skarmory, F|100/100
|move|p1a: Great Tusk|Knock Off|p2a: Skarmory
|-crit|p2a: Skarmory
|-damage|p2a: Skarmory|66/100
|-damage|p1a: Great Tusk|78/100 tox|[from] item: Rocky Helmet|[of] p2a: Skarmory
|-enditem|p2a: Skarmory|Rocky Helmet|[from] move: Knock Off|[of] p1a: Great Tusk
|
|-damage|p1a: Great Tusk|65/100 tox|[from] psn
|upkeep
|turn|4
|
|t:|1779850126
|-end|p1a: Great Tusk|Protosynthesis|[silent]
|switch|p1a: Hatterene|Hatterene, F, shiny|100/100
|move|p2a: Skarmory|Body Press|p1a: Hatterene
|-resisted|p1a: Hatterene
|-crit|p1a: Hatterene
|-damage|p1a: Hatterene|91/100
|
|-heal|p1a: Hatterene|97/100|[from] item: Leftovers
|upkeep
|turn|5
|
|t:|1779850134
|switch|p2a: Rotom|Rotom-Wash|100/100
|move|p1a: Hatterene|Mystical Fire|p2a: Rotom
|-resisted|p2a: Rotom
|-damage|p2a: Rotom|88/100
|-unboost|p2a: Rotom|spa|1
|
|-heal|p2a: Rotom|95/100|[from] item: Leftovers
|-heal|p1a: Hatterene|100/100|[from] item: Leftovers
|upkeep
|turn|6
|
|t:|1779850147
|move|p2a: Rotom|Volt Switch|p1a: Hatterene
|-crit|p1a: Hatterene
|-damage|p1a: Hatterene|60/100
|
|t:|1779850150
|switch|p2a: Greninja|Greninja, M|100/100|[from] Volt Switch
|move|p1a: Hatterene|Draining Kiss|p2a: Greninja
|-supereffective|p2a: Greninja
|-damage|p2a: Greninja|25/100
|-heal|p1a: Hatterene|100/100|[from] drain|[of] p2a: Greninja
|
|upkeep
|turn|7
|
|t:|1779850158
|move|p2a: Greninja|Switcheroo|p1a: Hatterene
|-activate|p2a: Greninja|move: Trick|[of] p1a: Hatterene
|-item|p1a: Hatterene|Choice Specs|[from] move: Switcheroo
|-item|p2a: Greninja|Leftovers|[from] move: Switcheroo
|move|p1a: Hatterene|Draining Kiss|p2a: Greninja
|-supereffective|p2a: Greninja
|-damage|p2a: Greninja|0 fnt
|faint|p2a: Greninja
|
|upkeep
|
|t:|1779850165
|switch|p2a: Cinderace|Cinderace, F|100/100
|turn|8
|
|t:|1779850168
|switch|p1a: Alomomola|Alomomola, F|100/100
|move|p2a: Cinderace|Will-O-Wisp|p1a: Alomomola
|-status|p1a: Alomomola|brn
|
|-damage|p1a: Alomomola|94/100 brn|[from] brn
|upkeep
|turn|9
|
|t:|1779850175
|move|p2a: Cinderace|U-turn|p1a: Alomomola
|-start|p2a: Cinderace|typechange|Bug|[from] ability: Libero
|-damage|p1a: Alomomola|76/100 brn
|-damage|p2a: Cinderace|84/100|[from] item: Rocky Helmet|[of] p1a: Alomomola
|
|t:|1779850180
|switch|p2a: Rotom|Rotom-Wash|95/100|[from] U-turn
|move|p1a: Alomomola|Flip Turn|p2a: Rotom
|-resisted|p2a: Rotom
|-damage|p2a: Rotom|92/100
|inactive|Randomcan42 has 120 seconds left.
|inactive|Randomcan42 has 90 seconds left.
|
|t:|1779850255
|switch|p1a: Hatterene|Hatterene, F, shiny|100/100|[from] Flip Turn
|
|-heal|p2a: Rotom|98/100|[from] item: Leftovers
|upkeep
|turn|10
|
|t:|1779850260
|move|p2a: Rotom|Hydro Pump|p1a: Hatterene
|-damage|p1a: Hatterene|62/100
|move|p1a: Hatterene|Mystical Fire|p2a: Rotom
|-resisted|p2a: Rotom
|-damage|p2a: Rotom|79/100
|-unboost|p2a: Rotom|spa|1
|
|-heal|p2a: Rotom|85/100|[from] item: Leftovers
|upkeep
|turn|11
|
|t:|1779850269
|move|p2a: Rotom|Volt Switch|p1a: Hatterene
|-damage|p1a: Hatterene|46/100
|
|t:|1779850273
|switch|p2a: Cinderace|Cinderace, F|84/100|[from] Volt Switch
|move|p1a: Hatterene|Mystical Fire|p2a: Cinderace
|-resisted|p2a: Cinderace
|-damage|p2a: Cinderace|59/100
|-unboost|p2a: Cinderace|spa|1
|
|upkeep
|turn|12
|inactive|Randomcan42 has 120 seconds left.
|
|t:|1779850285
|move|p2a: Cinderace|U-turn|p1a: Hatterene
|-start|p2a: Cinderace|typechange|Bug|[from] ability: Libero
|-damage|p1a: Hatterene|22/100
|
|t:|1779850289
|switch|p2a: Clodsire|Clodsire, F|100/100|[from] U-turn
|move|p1a: Hatterene|Mystical Fire|p2a: Clodsire
|-damage|p2a: Clodsire|83/100
|-unboost|p2a: Clodsire|spa|1
|
|upkeep
|turn|13
|
|t:|1779850295
|move|p1a: Hatterene|Mystical Fire|p2a: Clodsire
|-damage|p2a: Clodsire|66/100
|-unboost|p2a: Clodsire|spa|1
|move|p2a: Clodsire|Earthquake|p1a: Hatterene
|-damage|p1a: Hatterene|1/100
|
|upkeep
|turn|14
|
|t:|1779850302
|move|p1a: Hatterene|Mystical Fire|p2a: Clodsire
|-damage|p2a: Clodsire|47/100
|-unboost|p2a: Clodsire|spa|1
|move|p2a: Clodsire|Recover|p2a: Clodsire
|-heal|p2a: Clodsire|97/100
|
|upkeep
|turn|15
|
|t:|1779850309
|move|p1a: Hatterene|Mystical Fire|p2a: Clodsire
|-damage|p2a: Clodsire|79/100
|-unboost|p2a: Clodsire|spa|1
|move|p2a: Clodsire|Earthquake|p1a: Hatterene
|-damage|p1a: Hatterene|0 fnt
|faint|p1a: Hatterene
|
|upkeep
|inactive|Randomcan42 has 120 seconds left.
|
|t:|1779850345
|switch|p1a: Dragapult|Dragapult, M|100/100
|turn|16
|
|t:|1779850348
|-terastallize|p1a: Dragapult|Dragon
|move|p1a: Dragapult|Dragon Darts|p2a: Clodsire
|-damage|p2a: Clodsire|24/100
|-anim|p1a: Dragapult|Dragon Darts|p2a: Clodsire
|-damage|p2a: Clodsire|0 fnt
|faint|p2a: Clodsire
|
|upkeep
|
|t:|1779850354
|switch|p2a: Rotom|Rotom-Wash|85/100
|turn|17
|
|t:|1779850358
|-terastallize|p2a: Rotom|Steel
|move|p1a: Dragapult|Dragon Darts|p2a: Rotom
|-resisted|p2a: Rotom
|-damage|p2a: Rotom|65/100
|-anim|p1a: Dragapult|Dragon Darts|p2a: Rotom
|-resisted|p2a: Rotom
|-damage|p2a: Rotom|44/100
|move|p2a: Rotom|Will-O-Wisp|p1a: Dragapult
|-status|p1a: Dragapult|brn
|
|-heal|p2a: Rotom|50/100|[from] item: Leftovers
|-damage|p1a: Dragapult|95/100 brn|[from] brn
|upkeep
|turn|18
|
|t:|1779850370
|switch|p1a: Great Tusk|Great Tusk|65/100 tox
|move|p2a: Rotom|Pain Split|p1a: Great Tusk
|-sethp|p1a: Great Tusk|50/100 tox|[from] move: Pain Split|[silent]
|-sethp|p2a: Rotom|72/100|[from] move: Pain Split
|
|-heal|p2a: Rotom|78/100|[from] item: Leftovers
|-damage|p1a: Great Tusk|44/100 tox|[from] psn
|upkeep
|turn|19
|
|t:|1779850378
|move|p2a: Rotom|Hydro Pump|p1a: Great Tusk
|-supereffective|p1a: Great Tusk
|-damage|p1a: Great Tusk|0 fnt
|faint|p1a: Great Tusk
|-end|p1a: Great Tusk|Protosynthesis|[silent]
|
|-heal|p2a: Rotom|84/100|[from] item: Leftovers
|upkeep
|
|t:|1779850384
|switch|p1a: Raichu|Raichu, F|100/100
|turn|20
|
|t:|1779850393
|move|p1a: Raichu|Thunderbolt|p2a: Rotom
|-damage|p2a: Rotom|20/100
|move|p2a: Rotom|Hydro Pump|p1a: Raichu
|-damage|p1a: Raichu|36/100
|
|-heal|p2a: Rotom|26/100|[from] item: Leftovers
|upkeep
|turn|21
|
|t:|1779850411
|move|p1a: Raichu|Thunderbolt|p2a: Rotom
|-damage|p2a: Rotom|0 fnt
|faint|p2a: Rotom
|
|upkeep
|
|t:|1779850415
|switch|p2a: Iron Boulder|Iron Boulder|100/100
|-enditem|p2a: Iron Boulder|Booster Energy
|-activate|p2a: Iron Boulder|ability: Quark Drive|[fromitem]
|-start|p2a: Iron Boulder|quarkdrivespe
|turn|22
|
|t:|1779850421
|switch|p1a: Alomomola|Alomomola, F|100/100 brn
|move|p2a: Iron Boulder|Swords Dance|p2a: Iron Boulder
|-boost|p2a: Iron Boulder|atk|2
|
|-damage|p1a: Alomomola|94/100 brn|[from] brn
|upkeep
|turn|23
|
|t:|1779850428
|move|p2a: Iron Boulder|Mighty Cleave|p1a: Alomomola
|-damage|p1a: Alomomola|47/100 brn
|-damage|p2a: Iron Boulder|84/100|[from] item: Rocky Helmet|[of] p1a: Alomomola
|move|p1a: Alomomola|Scald|p2a: Iron Boulder
|-supereffective|p2a: Iron Boulder
|-crit|p2a: Iron Boulder
|-damage|p2a: Iron Boulder|42/100
|
|-damage|p1a: Alomomola|40/100 brn|[from] brn
|upkeep
|turn|24
|
|t:|1779850445
|switch|p1a: Dragapult|Dragapult, M, tera:Dragon|95/100 brn
|move|p2a: Iron Boulder|Mighty Cleave|p1a: Dragapult
|-damage|p1a: Dragapult|0 fnt
|faint|p1a: Dragapult
|
|upkeep
|
|t:|1779850449
|switch|p1a: Dragonite|Dragonite, M|100/100
|turn|25
|
|t:|1779850454
|move|p2a: Iron Boulder|Mighty Cleave|p1a: Dragonite
|-supereffective|p1a: Dragonite
|-damage|p1a: Dragonite|29/100
|move|p1a: Dragonite|Earthquake|p2a: Iron Boulder
|-supereffective|p2a: Iron Boulder
|-damage|p2a: Iron Boulder|0 fnt
|faint|p2a: Iron Boulder
|-end|p2a: Iron Boulder|Quark Drive|[silent]
|
|-heal|p1a: Dragonite|35/100|[from] item: Leftovers
|upkeep
|
|t:|1779850462
|switch|p2a: Skarmory|Skarmory, F|66/100
|turn|26
|
|t:|1779850469
|switch|p1a: Alomomola|Alomomola, F|74/100 brn
|move|p2a: Skarmory|Stealth Rock|p1a: Alomomola
|-sidestart|p1: Randomcan42|move: Stealth Rock
|
|-damage|p1a: Alomomola|68/100 brn|[from] brn
|upkeep
|turn|27
|
|t:|1779850475
|move|p1a: Alomomola|Scald|p2a: Skarmory
|-damage|p2a: Skarmory|47/100
|move|p2a: Skarmory|Whirlwind|p1a: Alomomola
|drag|p1a: Dragonite|Dragonite, M|35/100
|-damage|p1a: Dragonite|10/100|[from] Stealth Rock
|
|-heal|p1a: Dragonite|16/100|[from] item: Leftovers
|upkeep
|turn|28
|
|t:|1779850483
|move|p1a: Dragonite|Roost|p1a: Dragonite
|-heal|p1a: Dragonite|66/100
|-singleturn|p1a: Dragonite|move: Roost
|move|p2a: Skarmory|Body Press|p1a: Dragonite
|-damage|p1a: Dragonite|40/100
|
|-heal|p1a: Dragonite|46/100|[from] item: Leftovers
|upkeep
|turn|29
|
|t:|1779850492
|switch|p1a: Alomomola|Alomomola, F|100/100 brn
|-damage|p1a: Alomomola|88/100 brn|[from] Stealth Rock
|move|p2a: Skarmory|Roost|p2a: Skarmory
|-heal|p2a: Skarmory|97/100
|-singleturn|p2a: Skarmory|move: Roost
|
|-damage|p1a: Alomomola|82/100 brn|[from] brn
|upkeep
|turn|30
|-message|KaiZX49 forfeited.
|
|win|Randomcan42
|raw|Randomcan42's rating: 1343 &rarr; <strong>1361</strong><br />(+18 for winning)
|raw|KaiZX49's rating: 1302 &rarr; <strong>1284</strong><br />(-18 for losing)
|l|☆KaiZX49
|player|p2|
|l|☆Randomcan42
|player|p1|
