|j|☆playingtsinschool
|j|☆claudechamp
|t:|1779813161
|gametype|singles
|player|p1|playingtsinschool|youngn|1208
|player|p2|claudechamp|265|1225
|gen|9
|tier|[Gen 9] OU
|rated|
|rule|HP Percentage Mod: HP is shown in percentages
|rule|Endless Battle Clause: Forcing endless battles is banned
|rule|Species Clause: Limit one of each Pokémon
|rule|OHKO Clause: OHKO moves are banned
|rule|Evasion Items Clause: Evasion items are banned
|rule|Evasion Moves Clause: Evasion moves are banned
|rule|Evasion Abilities Clause: Evasion abilities are banned
|rule|Sleep Moves Clause: Sleep-inducing moves are banned
|clearpoke
|poke|p1|Zamazenta-*|
|poke|p1|Weezing-Galar, F|
|poke|p1|Ogerpon-Cornerstone, F|
|poke|p1|Pecharunt|
|poke|p1|Landorus-Therian, M|
|poke|p1|Kingambit, M|
|poke|p2|Corviknight, F|
|poke|p2|Ting-Lu|
|poke|p2|Kyurem|
|poke|p2|Dondozo, F|
|poke|p2|Slowking-Galar, M|
|poke|p2|Cinderace, M|
|teampreview
|c|☆claudechamp|hf
|inactive|Battle timer is ON: inactive players will automatically lose when time's up. (requested by claudechamp)
|c|☆playingtsinschool|glhf
|
|t:|1779813187
|teamsize|p1|6
|teamsize|p2|6
|start
|switch|p1a: Zamazenta|Zamazenta|100/100
|switch|p2a: Cinderace|Cinderace, M|100/100
|-ability|p1a: Zamazenta|Dauntless Shield|boost
|-boost|p1a: Zamazenta|def|1
|turn|1
|
|t:|1779813194
|move|p1a: Zamazenta|Close Combat|p2a: Cinderace
|-damage|p2a: Cinderace|0 fnt
|-unboost|p1a: Zamazenta|def|1
|-unboost|p1a: Zamazenta|spd|1
|faint|p2a: Cinderace
|
|upkeep
|
|t:|1779813198
|switch|p2a: Slowking|Slowking-Galar, M|100/100
|turn|2
|
|t:|1779813204
|switch|p1a: Weezing|Weezing-Galar, F|100/100
|move|p2a: Slowking|Ice Beam|p1a: Weezing
|-damage|p1a: Weezing|69/100
|
|-heal|p1a: Weezing|75/100|[from] item: Black Sludge
|upkeep
|turn|3
|
|t:|1779813213
|move|p1a: Weezing|Strange Steam|p2a: Slowking
|-resisted|p2a: Slowking
|-damage|p2a: Slowking|90/100
|move|p2a: Slowking|Future Sight|p1a: Weezing
|-start|p2a: Slowking|move: Future Sight
|
|-heal|p1a: Weezing|81/100|[from] item: Black Sludge
|upkeep
|turn|4
|
|t:|1779813220
|move|p1a: Weezing|Strange Steam|p2a: Slowking
|-resisted|p2a: Slowking
|-damage|p2a: Slowking|78/100
|move|p2a: Slowking|Ice Beam|p1a: Weezing
|-damage|p1a: Weezing|52/100
|
|-heal|p1a: Weezing|58/100|[from] item: Black Sludge
|upkeep
|turn|5
|
|t:|1779813227
|switch|p1a: Kingambit|Kingambit, M|100/100
|-prepare|p2a: Slowking|Chilly Reception|[premajor]
|move|p2a: Slowking|Chilly Reception|p2a: Slowking
|-weather|Snowscape
|
|t:|1779813237
|switch|p2a: Kyurem|Kyurem|100/100|[from] Chilly Reception
|-ability|p2a: Kyurem|Pressure
|
|-weather|Snowscape|[upkeep]
|-end|p1a: Kingambit|move: Future Sight
|-immune|p1a: Kingambit
|upkeep
|turn|6
|
|t:|1779813247
|move|p2a: Kyurem|Substitute|p2a: Kyurem
|-start|p2a: Kyurem|Substitute
|-damage|p2a: Kyurem|75/100
|move|p1a: Kingambit|Iron Head|p2a: Kyurem
|-supereffective|p2a: Kyurem
|-end|p2a: Kyurem|Substitute
|
|-weather|Snowscape|[upkeep]
|-heal|p2a: Kyurem|82/100|[from] item: Leftovers
|upkeep
|turn|7
|
|t:|1779813253
|-terastallize|p2a: Kyurem|Ground
|move|p2a: Kyurem|Earth Power|p1a: Kingambit
|-supereffective|p1a: Kingambit
|-damage|p1a: Kingambit|5/100
|move|p1a: Kingambit|Iron Head|p2a: Kyurem
|-damage|p2a: Kyurem|34/100
|
|-weather|Snowscape|[upkeep]
|-heal|p2a: Kyurem|40/100|[from] item: Leftovers
|upkeep
|turn|8
|
|t:|1779813258
|move|p1a: Kingambit|Sucker Punch|p2a: Kyurem
|-damage|p2a: Kyurem|0 fnt
|faint|p2a: Kyurem
|
|-weather|Snowscape|[upkeep]
|upkeep
|
|t:|1779813266
|switch|p2a: Corviknight|Corviknight, F|100/100
|-ability|p2a: Corviknight|Pressure
|turn|9
|
|t:|1779813285
|move|p1a: Kingambit|Sucker Punch|p2a: Corviknight
|-damage|p2a: Corviknight|72/100
|-damage|p1a: Kingambit|0 fnt|[from] item: Rocky Helmet|[of] p2a: Corviknight
|faint|p1a: Kingambit
|-end|p1a: Kingambit|fallenundefined|[silent]
|move|p2a: Corviknight|U-turn|p1: Kingambit|[notarget]
|-fail|p2a: Corviknight
|
|-weather|none
|upkeep
|
|t:|1779813288
|switch|p1a: Ogerpon|Ogerpon-Cornerstone, F|100/100
|turn|10
|
|t:|1779813299
|-terastallize|p1a: Ogerpon|Rock
|detailschange|p1a: Ogerpon|Ogerpon-Cornerstone-Tera, F, tera:Rock
|-ability|p1a: Ogerpon|Embody Aspect (Cornerstone)|boost
|-boost|p1a: Ogerpon|def|1
|move|p1a: Ogerpon|Swords Dance|p1a: Ogerpon
|-boost|p1a: Ogerpon|atk|2
|move|p2a: Corviknight|U-turn|p1a: Ogerpon
|-damage|p1a: Ogerpon|89/100
|
|t:|1779813308
|switch|p2a: Dondozo|Dondozo, F|100/100|[from] U-turn
|
|upkeep
|turn|11
|
|t:|1779813310
|move|p1a: Ogerpon|Wood Hammer|p2a: Dondozo
|-supereffective|p2a: Dondozo
|-damage|p2a: Dondozo|21/100
|-damage|p1a: Ogerpon|44/100|[from] Recoil
|move|p2a: Dondozo|Waterfall|p1a: Ogerpon
|-supereffective|p1a: Ogerpon
|-damage|p1a: Ogerpon|0 fnt
|faint|p1a: Ogerpon
|detailschange|p1: Ogerpon|Ogerpon-Cornerstone, F|[silent]
|
|-heal|p2a: Dondozo|27/100|[from] item: Leftovers
|upkeep
|
|t:|1779813317
|switch|p1a: Zamazenta|Zamazenta|100/100
|turn|12
|
|t:|1779813321
|switch|p2a: Slowking|Slowking-Galar, M|100/100
|move|p1a: Zamazenta|Close Combat|p2a: Slowking
|-resisted|p2a: Slowking
|-damage|p2a: Slowking|83/100
|-unboost|p1a: Zamazenta|def|1
|-unboost|p1a: Zamazenta|spd|1
|
|upkeep
|turn|13
|
|t:|1779813326
|switch|p1a: Landorus|Landorus-Therian, M|100/100
|-ability|p1a: Landorus|Intimidate|boost
|-unboost|p2a: Slowking|atk|1
|move|p2a: Slowking|Future Sight|p1a: Landorus
|-start|p2a: Slowking|move: Future Sight
|
|upkeep
|turn|14
|
|t:|1779813334
|move|p1a: Landorus|Stealth Rock|p2a: Slowking
|-sidestart|p2: claudechamp|move: Stealth Rock
|move|p2a: Slowking|Ice Beam|p1a: Landorus
|-supereffective|p1a: Landorus
|-damage|p1a: Landorus|0 fnt
|faint|p1a: Landorus
|
|upkeep
|
|t:|1779813338
|switch|p1a: Zamazenta|Zamazenta|100/100
|turn|15
|
|t:|1779813350
|move|p1a: Zamazenta|Crunch|p2a: Slowking
|-supereffective|p2a: Slowking
|-damage|p2a: Slowking|22/100
|-unboost|p2a: Slowking|def|1
|move|p2a: Slowking|Ice Beam|p1a: Zamazenta
|-damage|p1a: Zamazenta|80/100
|
|-end|p1a: Zamazenta|move: Future Sight
|-supereffective|p1a: Zamazenta
|-damage|p1a: Zamazenta|0 fnt
|faint|p1a: Zamazenta
|upkeep
|l|☆playingtsinschool
|inactive|playingtsinschool disconnected and has a minute to reconnect!
|player|p1|
|inactive|playingtsinschool has 30 seconds to reconnect!
|inactive|playingtsinschool has 20 seconds to reconnect!
|inactive|playingtsinschool has 15 seconds to reconnect!
|inactive|playingtsinschool has 10 seconds to reconnect!
|inactive|playingtsinschool has 5 seconds to reconnect!
|-message|playingtsinschool lost due to inactivity.
|
|win|claudechamp
|raw|playingtsinschool's rating: 1208 &rarr; <strong>1182</strong><br />(-26 for losing)
|raw|claudechamp's rating: 1201 &rarr; <strong>1227</strong><br />(+26 for winning)
|c|☆claudechamp|gg
