|j|☆RainyDream sky
|j|☆choispecs ironmoth
|t:|1779895202
|gametype|singles
|player|p1|RainyDream sky|dawn|1550
|player|p2|choispecs ironmoth|lucas|1616
|gen|9
|tier|[Gen 9] OU
|rated|
|rule|HP Percentage Mod: HP is shown in percentages
|rule|Endless Battle Clause: Forcing endless battles is banned
|rule|Species Clause: Limit one of each Pokémon
|rule|OHKO Clause: OHKO moves are banned
|rule|Evasion Items Clause: Evasion items are banned
|rule|Evasion Moves Clause: Evasion moves are banned
|rule|Evasion Abilities Clause: Evasion abilities are banned
|rule|Sleep Moves Clause: Sleep-inducing moves are banned
|clearpoke
|poke|p1|Pelipper, M|
|poke|p1|Sandy Shocks|
|poke|p1|Basculegion, M|
|poke|p1|Hatterene, F|
|poke|p1|Ogerpon-Wellspring, F|
|poke|p1|Tornadus-Therian, M|
|poke|p2|Kyurem|
|poke|p2|Cinderace, F|
|poke|p2|Kingambit, F|
|poke|p2|Landorus-Therian, M|
|poke|p2|Iron Valiant|
|poke|p2|Slowking-Galar, F|
|teampreview
|inactive|Battle timer is ON: inactive players will automatically lose when time's up. (requested by RainyDream sky)
|
|t:|1779895221
|teamsize|p1|6
|teamsize|p2|6
|start
|switch|p1a: Tornadus|Tornadus-Therian, M|100/100
|switch|p2a: Slowking|Slowking-Galar, F|100/100
|turn|1
|
|t:|1779895232
|switch|p1a: Sandy Shocks|Sandy Shocks|100/100
|-enditem|p1a: Sandy Shocks|Booster Energy
|-activate|p1a: Sandy Shocks|ability: Protosynthesis|[fromitem]
|-start|p1a: Sandy Shocks|protosynthesisspe
|move|p2a: Slowking|Thunder Wave|p1a: Sandy Shocks
|-immune|p1a: Sandy Shocks
|
|upkeep
|turn|2
|
|t:|1779895241
|switch|p2a: Landorus|Landorus-Therian, M|100/100
|-ability|p2a: Landorus|Intimidate|boost
|-unboost|p1a: Sandy Shocks|atk|1
|move|p1a: Sandy Shocks|Earth Power|p2a: Landorus
|-immune|p2a: Landorus
|
|upkeep
|turn|3
|
|t:|1779895253
|-end|p1a: Sandy Shocks|Protosynthesis|[silent]
|switch|p1a: Pelipper|Pelipper, M|100/100
|-weather|RainDance|[from] ability: Drizzle|[of] p1a: Pelipper
|move|p2a: Landorus|Rock Tomb|p1a: Pelipper|[miss]
|-miss|p2a: Landorus|p1a: Pelipper
|
|-weather|RainDance|[upkeep]
|upkeep
|turn|4
|
|t:|1779895259
|switch|p1a: Hatterene|Hatterene, F|100/100
|move|p2a: Landorus|U-turn|p1a: Hatterene
|-damage|p1a: Hatterene|82/100
|-enditem|p1a: Hatterene|Eject Button
|
|t:|1779895264
|switch|p1a: Basculegion|Basculegion, M|100/100
|
|-weather|RainDance|[upkeep]
|upkeep
|turn|5
|
|t:|1779895270
|switch|p2a: Kyurem|Kyurem|100/100
|-ability|p2a: Kyurem|Pressure
|move|p1a: Basculegion|Wave Crash|p2a: Kyurem
|-resisted|p2a: Kyurem
|-damage|p2a: Kyurem|55/100
|-damage|p1a: Basculegion|85/100|[from] Recoil
|
|-weather|RainDance|[upkeep]
|upkeep
|turn|6
|
|t:|1779895282
|move|p1a: Basculegion|Wave Crash|p2a: Kyurem
|-resisted|p2a: Kyurem
|-damage|p2a: Kyurem|7/100
|-damage|p1a: Basculegion|69/100|[from] Recoil
|move|p2a: Kyurem|Freeze-Dry|p1a: Basculegion
|-supereffective|p1a: Basculegion
|-damage|p1a: Basculegion|0 fnt
|faint|p1a: Basculegion
|
|-weather|RainDance|[upkeep]
|upkeep
|
|t:|1779895288
|switch|p1a: Ogerpon|Ogerpon-Wellspring, F|100/100
|turn|7
|
|t:|1779895293
|switch|p2a: Landorus|Landorus-Therian, M|100/100
|-ability|p2a: Landorus|Intimidate|boost
|-unboost|p1a: Ogerpon|atk|1
|move|p1a: Ogerpon|Ivy Cudgel|p2a: Landorus|[anim] Ivy Cudgel Water
|-supereffective|p2a: Landorus
|-damage|p2a: Landorus|0 fnt
|faint|p2a: Landorus
|
|-weather|RainDance|[upkeep]
|upkeep
|
|t:|1779895302
|switch|p2a: Kingambit|Kingambit, F|100/100
|-activate|p2a: Kingambit|ability: Supreme Overlord
|-start|p2a: Kingambit|fallen1|[silent]
|turn|8
|
|t:|1779895314
|switch|p1a: Hatterene|Hatterene, F|82/100
|move|p2a: Kingambit|Kowtow Cleave|p1a: Hatterene
|-damage|p1a: Hatterene|35/100
|
|-weather|RainDance|[upkeep]
|upkeep
|turn|9
|
|t:|1779895322
|-end|p2a: Kingambit|fallen1|[silent]
|switch|p2a: Slowking|Slowking-Galar, F|100/100
|move|p1a: Hatterene|Psychic Noise|p2a: Slowking
|-damage|p2a: Slowking|82/100
|-start|p2a: Slowking|move: Heal Block
|
|-weather|RainDance|[upkeep]
|upkeep
|turn|10
|
|t:|1779895332
|-prepare|p2a: Slowking|Chilly Reception|[premajor]
|move|p2a: Slowking|Chilly Reception|p2a: Slowking
|-weather|Snowscape
|
|t:|1779895338
|switch|p2a: Kingambit|Kingambit, F|100/100|[from] Chilly Reception
|-activate|p2a: Kingambit|ability: Supreme Overlord
|-start|p2a: Kingambit|fallen1|[silent]
|move|p1a: Hatterene|Nuzzle|p2a: Kingambit
|-damage|p2a: Kingambit|97/100
|-status|p2a: Kingambit|par
|
|-weather|Snowscape|[upkeep]
|-heal|p2a: Kingambit|100/100 par|[from] item: Leftovers
|upkeep
|turn|11
|
|t:|1779895345
|move|p2a: Kingambit|Kowtow Cleave|p1a: Hatterene
|-damage|p1a: Hatterene|0 fnt
|faint|p1a: Hatterene
|
|-weather|Snowscape|[upkeep]
|upkeep
|
|t:|1779895350
|switch|p1a: Sandy Shocks|Sandy Shocks|100/100
|turn|12
|
|t:|1779895355
|-end|p2a: Kingambit|fallen1|[silent]
|switch|p2a: Slowking|Slowking-Galar, F|100/100
|move|p1a: Sandy Shocks|Earth Power|p2a: Slowking
|-supereffective|p2a: Slowking
|-damage|p2a: Slowking|53/100
|
|-weather|Snowscape|[upkeep]
|upkeep
|turn|13
|
|t:|1779895359
|move|p1a: Sandy Shocks|Earth Power|p2a: Slowking
|-supereffective|p2a: Slowking
|-damage|p2a: Slowking|2/100
|-prepare|p2a: Slowking|Chilly Reception|[premajor]
|move|p2a: Slowking|Chilly Reception|p2a: Slowking
|
|t:|1779895366
|switch|p2a: Iron Valiant|Iron Valiant|100/100|[from] Chilly Reception
|-enditem|p2a: Iron Valiant|Booster Energy
|-activate|p2a: Iron Valiant|ability: Quark Drive|[fromitem]
|-start|p2a: Iron Valiant|quarkdrivespe
|
|-weather|Snowscape|[upkeep]
|upkeep
|turn|14
|
|t:|1779895372
|move|p2a: Iron Valiant|Moonblast|p1a: Sandy Shocks
|-damage|p1a: Sandy Shocks|43/100
|move|p1a: Sandy Shocks|Thunder Wave|p2a: Iron Valiant
|-status|p2a: Iron Valiant|par
|
|-weather|none
|upkeep
|turn|15
|
|t:|1779895377
|-end|p1a: Sandy Shocks|Protosynthesis|[silent]
|switch|p1a: Pelipper|Pelipper, M|100/100
|-weather|RainDance|[from] ability: Drizzle|[of] p1a: Pelipper
|move|p2a: Iron Valiant|Moonblast|p1a: Pelipper
|-damage|p1a: Pelipper|53/100
|
|-weather|RainDance|[upkeep]
|upkeep
|turn|16
|
|t:|1779895390
|switch|p1a: Tornadus|Tornadus-Therian, M|100/100
|move|p2a: Iron Valiant|Moonblast|p1a: Tornadus
|-damage|p1a: Tornadus|41/100
|
|-weather|RainDance|[upkeep]
|upkeep
|turn|17
|
|t:|1779895397
|-end|p2a: Iron Valiant|Quark Drive|[silent]
|switch|p2a: Slowking|Slowking-Galar, F|36/100
|move|p1a: Tornadus|Hurricane|p2a: Slowking
|-damage|p2a: Slowking|0 fnt
|faint|p2a: Slowking
|-damage|p1a: Tornadus|32/100|[from] item: Life Orb
|
|-weather|RainDance|[upkeep]
|upkeep
|
|t:|1779895402
|switch|p2a: Kingambit|Kingambit, F|100/100 par
|-activate|p2a: Kingambit|ability: Supreme Overlord
|-start|p2a: Kingambit|fallen2|[silent]
|turn|18
|
|t:|1779895409
|switch|p1a: Pelipper|Pelipper, M|53/100
|cant|p2a: Kingambit|par
|
|-weather|RainDance|[upkeep]
|upkeep
|turn|19
|
|t:|1779895415
|move|p1a: Pelipper|Weather Ball|p2a: Kingambit
|-damage|p2a: Kingambit|46/100 par
|move|p2a: Kingambit|Kowtow Cleave|p1a: Pelipper
|-damage|p1a: Pelipper|0 fnt
|faint|p1a: Pelipper
|
|-weather|RainDance|[upkeep]
|-heal|p2a: Kingambit|52/100 par|[from] item: Leftovers
|upkeep
|
|t:|1779895419
|switch|p1a: Ogerpon|Ogerpon-Wellspring, F|100/100
|turn|20
|
|t:|1779895423
|move|p2a: Kingambit|Sucker Punch|p1a: Ogerpon
|-damage|p1a: Ogerpon|39/100
|move|p1a: Ogerpon|Ivy Cudgel|p2a: Kingambit|[anim] Ivy Cudgel Water
|-damage|p2a: Kingambit|0 fnt
|faint|p2a: Kingambit
|-end|p2a: Kingambit|fallen2|[silent]
|
|-weather|RainDance|[upkeep]
|upkeep
|
|t:|1779895429
|switch|p2a: Cinderace|Cinderace, F|100/100
|turn|21
|
|t:|1779895435
|move|p2a: Cinderace|U-turn|p1a: Ogerpon
|-start|p2a: Cinderace|typechange|Bug|[from] ability: Libero
|-supereffective|p1a: Ogerpon
|-damage|p1a: Ogerpon|0 fnt
|faint|p1a: Ogerpon
|
|t:|1779895439
|switch|p2a: Kyurem|Kyurem|7/100|[from] U-turn
|-ability|p2a: Kyurem|Pressure
|
|-weather|RainDance|[upkeep]
|upkeep
|
|t:|1779895448
|switch|p1a: Tornadus|Tornadus-Therian, M|65/100
|turn|22
|
|t:|1779895452
|move|p1a: Tornadus|Hurricane|p2a: Kyurem
|-damage|p2a: Kyurem|0 fnt
|faint|p2a: Kyurem
|-damage|p1a: Tornadus|55/100|[from] item: Life Orb
|
|-weather|none
|upkeep
|
|t:|1779895455
|switch|p2a: Iron Valiant|Iron Valiant|100/100 par
|turn|23
|
|t:|1779895459
|-terastallize|p2a: Iron Valiant|Ghost
|move|p1a: Tornadus|Hurricane|p2a: Iron Valiant
|-damage|p2a: Iron Valiant|0 fnt
|faint|p2a: Iron Valiant
|-end|p2a: Iron Valiant|Quark Drive|[silent]
|-damage|p1a: Tornadus|45/100|[from] item: Life Orb
|
|upkeep
|
|t:|1779895464
|switch|p2a: Cinderace|Cinderace, F|100/100
|turn|24
|
|t:|1779895470
|switch|p1a: Sandy Shocks|Sandy Shocks|43/100
|move|p2a: Cinderace|Pyro Ball|p1a: Sandy Shocks
|-damage|p1a: Sandy Shocks|0 fnt
|faint|p1a: Sandy Shocks
|-end|p1a: Sandy Shocks|Protosynthesis|[silent]
|
|upkeep
|
|t:|1779895476
|switch|p1a: Tornadus|Tornadus-Therian, M|78/100
|turn|25
|
|t:|1779895478
|move|p1a: Tornadus|Hurricane|p2a: Cinderace
|-damage|p2a: Cinderace|5/100
|-start|p2a: Cinderace|confusion
|-damage|p1a: Tornadus|69/100|[from] item: Life Orb
|-activate|p2a: Cinderace|confusion
|move|p2a: Cinderace|Pyro Ball|p1a: Tornadus
|-damage|p1a: Tornadus|0 fnt
|faint|p1a: Tornadus
|
|win|choispecs ironmoth
|raw|RainyDream sky's rating: 1550 &rarr; <strong>1534</strong><br />(-16 for losing)
|raw|choispecs ironmoth's rating: 1616 &rarr; <strong>1632</strong><br />(+16 for winning)
|l|☆RainyDream sky
|player|p1|
|l|☆choispecs ironmoth
|player|p2|
|j|☆choispecs ironmoth
|player|p2|choispecs ironmoth|lucas|
