|j|☆wait im faded
|j|☆2001civic
|t:|1779935917
|gametype|singles
|player|p1|wait im faded|elesa|1588
|player|p2|2001civic|102|1600
|gen|9
|tier|[Gen 9] OU
|rated|
|rule|HP Percentage Mod: HP is shown in percentages
|rule|Endless Battle Clause: Forcing endless battles is banned
|rule|Species Clause: Limit one of each Pokémon
|rule|OHKO Clause: OHKO moves are banned
|rule|Evasion Items Clause: Evasion items are banned
|rule|Evasion Moves Clause: Evasion moves are banned
|rule|Evasion Abilities Clause: Evasion abilities are banned
|rule|Sleep Moves Clause: Sleep-inducing moves are banned
|clearpoke
|poke|p1|Zoroark-Hisui, M|
|poke|p1|Ogerpon-Wellspring, F|
|poke|p1|Great Tusk|
|poke|p1|Garganacl, M|
|poke|p1|Pecharunt|
|poke|p1|Alomomola, M|
|poke|p2|Torkoal, F|
|poke|p2|Great Tusk|
|poke|p2|Walking Wake|
|poke|p2|Kingambit, F|
|poke|p2|Slither Wing|
|poke|p2|Venusaur, M|
|teampreview
|inactive|Battle timer is ON: inactive players will automatically lose when time's up. (requested by wait im faded)
|
|t:|1779935935
|teamsize|p1|6
|teamsize|p2|6
|start
|switch|p1a: Great Tusk|Great Tusk|100/100
|switch|p2a: Slither Wing|Slither Wing|100/100
|turn|1
|
|t:|1779935945
|move|p1a: Great Tusk|Shadow Ball|p2a: Slither Wing
|-damage|p2a: Slither Wing|32/100
|move|p2a: Slither Wing|U-turn|p1a: Great Tusk
|-resisted|p1a: Great Tusk
|-damage|p1a: Great Tusk|34/100
|replace|p1a: Zoroark|Zoroark-Hisui, M, shiny
|-end|p1a: Zoroark|Illusion
|
|t:|1779935955
|-end|p2a: Slither Wing|Protosynthesis|[silent]
|switch|p2a: Kingambit|Kingambit, F|100/100|[from] U-turn
|
|upkeep
|turn|2
|
|t:|1779935964
|switch|p1a: Great Tusk|Great Tusk|100/100
|-end|p2a: Kingambit|fallenundefined|[silent]
|switch|p2a: Torkoal|Torkoal, F|100/100
|-weather|SunnyDay|[from] ability: Drought|[of] p2a: Torkoal
|-activate|p1a: Great Tusk|ability: Protosynthesis
|-start|p1a: Great Tusk|protosynthesisatk
|
|-weather|SunnyDay|[upkeep]
|upkeep
|turn|3
|
|t:|1779935986
|switch|p2a: Slither Wing|Slither Wing|32/100
|-activate|p2a: Slither Wing|ability: Protosynthesis
|-start|p2a: Slither Wing|protosynthesisatk
|move|p1a: Great Tusk|Headlong Rush|p2a: Slither Wing
|-resisted|p2a: Slither Wing
|-damage|p2a: Slither Wing|0 fnt
|-unboost|p1a: Great Tusk|def|1
|-unboost|p1a: Great Tusk|spd|1
|faint|p2a: Slither Wing
|-end|p2a: Slither Wing|Protosynthesis|[silent]
|
|-weather|SunnyDay|[upkeep]
|upkeep
|
|t:|1779935992
|switch|p2a: Venusaur|Venusaur, M|100/100
|turn|4
|
|t:|1779936002
|-end|p1a: Great Tusk|Protosynthesis|[silent]
|switch|p1a: Pecharunt|Pecharunt|100/100
|move|p2a: Venusaur|Weather Ball|p1a: Pecharunt
|-damage|p1a: Pecharunt|41/100
|-damage|p2a: Venusaur|91/100|[from] item: Life Orb
|
|-weather|SunnyDay|[upkeep]
|upkeep
|turn|5
|
|t:|1779936011
|switch|p1a: Alomomola|Alomomola, M|100/100
|move|p2a: Venusaur|Growth|p2a: Venusaur
|-boost|p2a: Venusaur|atk|2
|-boost|p2a: Venusaur|spa|2
|
|-weather|SunnyDay|[upkeep]
|upkeep
|turn|6
|
|t:|1779936014
|move|p2a: Venusaur|Growth|p2a: Venusaur
|-boost|p2a: Venusaur|atk|2
|-boost|p2a: Venusaur|spa|2
|move|p1a: Alomomola|Mirror Coat||[still]
|-fail|p1a: Alomomola
|
|-weather|SunnyDay|[upkeep]
|upkeep
|turn|7
|
|t:|1779936018
|move|p2a: Venusaur|Giga Drain|p1a: Alomomola
|-supereffective|p1a: Alomomola
|-damage|p1a: Alomomola|0 fnt
|-heal|p2a: Venusaur|100/100|[from] drain|[of] p1a: Alomomola
|faint|p1a: Alomomola
|-damage|p2a: Venusaur|91/100|[from] item: Life Orb
|
|-weather|SunnyDay|[upkeep]
|upkeep
|inactive|wait im faded has 120 seconds left.
|
|t:|1779936050
|switch|p1a: Garganacl|Garganacl, M|100/100
|turn|8
|
|t:|1779936053
|move|p1a: Garganacl|Protect|p1a: Garganacl
|-singleturn|p1a: Garganacl|Protect
|move|p2a: Venusaur|Giga Drain|p1a: Garganacl
|-activate|p1a: Garganacl|move: Protect
|
|-weather|SunnyDay|[upkeep]
|upkeep
|turn|9
|
|t:|1779936056
|switch|p1a: Pecharunt|Pecharunt|41/100
|move|p2a: Venusaur|Giga Drain|p1a: Pecharunt
|-resisted|p1a: Pecharunt
|-damage|p1a: Pecharunt|0 fnt
|-heal|p2a: Venusaur|100/100|[from] drain|[of] p1a: Pecharunt
|faint|p1a: Pecharunt
|-damage|p2a: Venusaur|91/100|[from] item: Life Orb
|
|-weather|none
|upkeep
|
|t:|1779936059
|switch|p1a: Garganacl|Garganacl, M|34/100
|turn|10
|
|t:|1779936070
|switch|p2a: Torkoal|Torkoal, F|100/100
|-weather|SunnyDay|[from] ability: Drought|[of] p2a: Torkoal
|move|p1a: Garganacl|Shadow Ball|p2a: Torkoal
|-damage|p2a: Torkoal|17/100
|
|-weather|SunnyDay|[upkeep]
|upkeep
|turn|11
|
|t:|1779936075
|switch|p2a: Kingambit|Kingambit, F|100/100
|-activate|p2a: Kingambit|ability: Supreme Overlord
|-start|p2a: Kingambit|fallen1|[silent]
|move|p1a: Garganacl|Shadow Ball|p2a: Kingambit
|-resisted|p2a: Kingambit
|-damage|p2a: Kingambit|71/100
|
|-weather|SunnyDay|[upkeep]
|-heal|p2a: Kingambit|77/100|[from] item: Leftovers
|upkeep
|turn|12
|
|t:|1779936079
|switch|p1a: Great Tusk|Great Tusk|100/100
|-activate|p1a: Great Tusk|ability: Protosynthesis
|-start|p1a: Great Tusk|protosynthesisatk
|move|p2a: Kingambit|Iron Head|p1a: Great Tusk
|-damage|p1a: Great Tusk|64/100
|
|-weather|SunnyDay|[upkeep]
|-heal|p2a: Kingambit|84/100|[from] item: Leftovers
|upkeep
|turn|13
|
|t:|1779936091
|move|p1a: Great Tusk|Ice Spinner|p2a: Kingambit
|-resisted|p2a: Kingambit
|-damage|p2a: Kingambit|71/100
|move|p2a: Kingambit|Iron Head|p1a: Great Tusk
|-crit|p1a: Great Tusk
|-damage|p1a: Great Tusk|9/100
|
|-weather|SunnyDay|[upkeep]
|-heal|p2a: Kingambit|78/100|[from] item: Leftovers
|upkeep
|turn|14
|
|t:|1779936097
|-end|p1a: Great Tusk|Protosynthesis|[silent]
|switch|p1a: Ogerpon|Ogerpon-Wellspring, F|100/100
|move|p2a: Kingambit|Iron Head|p1a: Ogerpon
|-resisted|p1a: Ogerpon
|-damage|p1a: Ogerpon|68/100
|
|-weather|SunnyDay|[upkeep]
|-heal|p2a: Kingambit|84/100|[from] item: Leftovers
|upkeep
|turn|15
|
|t:|1779936103
|move|p1a: Ogerpon|Encore|p2a: Kingambit
|-start|p2a: Kingambit|Encore
|move|p2a: Kingambit|Iron Head|p1a: Ogerpon
|-resisted|p1a: Ogerpon
|-damage|p1a: Ogerpon|35/100
|
|-weather|SunnyDay|[upkeep]
|-heal|p2a: Kingambit|90/100|[from] item: Leftovers
|upkeep
|turn|16
|
|t:|1779936112
|move|p1a: Ogerpon|Swords Dance|p1a: Ogerpon
|-boost|p1a: Ogerpon|atk|2
|move|p2a: Kingambit|Iron Head|p1a: Ogerpon
|-resisted|p1a: Ogerpon
|-damage|p1a: Ogerpon|3/100
|
|-weather|SunnyDay|[upkeep]
|-heal|p2a: Kingambit|96/100|[from] item: Leftovers
|upkeep
|turn|17
|
|t:|1779936115
|move|p1a: Ogerpon|Horn Leech|p2a: Kingambit
|-resisted|p2a: Kingambit
|-damage|p2a: Kingambit|66/100
|-heal|p1a: Ogerpon|24/100|[from] drain|[of] p2a: Kingambit
|move|p2a: Kingambit|Iron Head|p1a: Ogerpon
|-resisted|p1a: Ogerpon
|-crit|p1a: Ogerpon
|-damage|p1a: Ogerpon|0 fnt
|faint|p1a: Ogerpon
|
|-weather|none
|-heal|p2a: Kingambit|72/100|[from] item: Leftovers
|-end|p2a: Kingambit|Encore
|upkeep
|
|t:|1779936122
|switch|p1a: Garganacl|Garganacl, M|100/100
|turn|18
|
|t:|1779936125
|move|p2a: Kingambit|Iron Head|p1a: Garganacl
|-supereffective|p1a: Garganacl
|-damage|p1a: Garganacl|35/100
|move|p1a: Garganacl|Stealth Rock|p2a: Kingambit
|-sidestart|p2: 2001civic|move: Stealth Rock
|
|-heal|p2a: Kingambit|79/100|[from] item: Leftovers
|-heal|p1a: Garganacl|41/100|[from] item: Leftovers
|upkeep
|turn|19
|
|t:|1779936129
|move|p1a: Garganacl|Protect|p1a: Garganacl
|-singleturn|p1a: Garganacl|Protect
|move|p2a: Kingambit|Iron Head|p1a: Garganacl
|-activate|p1a: Garganacl|move: Protect
|
|-heal|p2a: Kingambit|85/100|[from] item: Leftovers
|-heal|p1a: Garganacl|48/100|[from] item: Leftovers
|upkeep
|turn|20
|
|t:|1779936132
|move|p2a: Kingambit|Iron Head|p1a: Garganacl
|-supereffective|p1a: Garganacl
|-damage|p1a: Garganacl|0 fnt
|faint|p1a: Garganacl
|
|-heal|p2a: Kingambit|91/100|[from] item: Leftovers
|upkeep
|
|t:|1779936136
|switch|p1a: Great Tusk|Great Tusk|34/100
|turn|21
|
|t:|1779936138
|-end|p2a: Kingambit|fallen1|[silent]
|switch|p2a: Torkoal|Torkoal, F|17/100
|-damage|p2a: Torkoal|0 fnt|[from] Stealth Rock
|faint|p2a: Torkoal
|move|p1a: Great Tusk|Trick|p2: Torkoal|[notarget]
|-fail|p1a: Great Tusk
|
|upkeep
|-message|wait im faded forfeited.
|
|win|2001civic
|raw|wait im faded's rating: 1588 &rarr; <strong>1569</strong><br />(-19 for losing)
|raw|2001civic's rating: 1600 &rarr; <strong>1619</strong><br />(+19 for winning)
|l|☆wait im faded
|player|p1|
|l|☆2001civic
|player|p2|
