|j|‽Bumulus
|j|☆fadingstrawberry
|t:|1779912599
|gametype|singles
|player|p1|Bumulus|266|1415
|player|p2|fadingstrawberry|may-masters|1410
|gen|9
|tier|[Gen 9] OU
|rated|
|rule|HP Percentage Mod: HP is shown in percentages
|rule|Endless Battle Clause: Forcing endless battles is banned
|rule|Species Clause: Limit one of each Pokémon
|rule|OHKO Clause: OHKO moves are banned
|rule|Evasion Items Clause: Evasion items are banned
|rule|Evasion Moves Clause: Evasion moves are banned
|rule|Evasion Abilities Clause: Evasion abilities are banned
|rule|Sleep Moves Clause: Sleep-inducing moves are banned
|clearpoke
|poke|p1|Dragonite, M|
|poke|p1|Great Tusk|
|poke|p1|Deoxys-Speed|
|poke|p1|Gholdengo|
|poke|p1|Zamazenta-*|
|poke|p1|Iron Valiant|
|poke|p2|Tornadus-Therian, M|
|poke|p2|Samurott-Hisui, M|
|poke|p2|Gholdengo|
|poke|p2|Great Tusk|
|poke|p2|Umbreon, M|
|poke|p2|Gliscor, F|
|teampreview
|
|t:|1779912615
|teamsize|p1|6
|teamsize|p2|6
|start
|switch|p1a: Deoxys|Deoxys-Speed|100/100
|switch|p2a: Samurott|Samurott-Hisui, M|100/100
|-ability|p1a: Deoxys|Pressure
|turn|1
|
|t:|1779912619
|move|p1a: Deoxys|Stealth Rock|p2a: Samurott
|-sidestart|p2: fadingstrawberry|move: Stealth Rock
|move|p2a: Samurott|Ceaseless Edge|p1a: Deoxys
|-supereffective|p1a: Deoxys
|-enditem|p1a: Deoxys|Focus Sash
|-damage|p1a: Deoxys|1/100
|-sidestart|p1: Bumulus|Spikes
|
|upkeep
|turn|2
|
|t:|1779912621
|move|p1a: Deoxys|Spikes|p2a: Samurott
|-sidestart|p2: fadingstrawberry|Spikes
|move|p2a: Samurott|Ceaseless Edge|p1a: Deoxys|[miss]
|-miss|p2a: Samurott|p1a: Deoxys
|
|upkeep
|turn|3
|
|t:|1779912627
|move|p1a: Deoxys|Spikes|p2a: Samurott
|-sidestart|p2: fadingstrawberry|Spikes
|move|p2a: Samurott|Ceaseless Edge|p1a: Deoxys
|-supereffective|p1a: Deoxys
|-damage|p1a: Deoxys|0 fnt
|-sidestart|p1: Bumulus|Spikes
|faint|p1a: Deoxys
|
|upkeep
|
|t:|1779912632
|switch|p1a: Zamazenta|Zamazenta|100/100
|-damage|p1a: Zamazenta|84/100|[from] Spikes
|-ability|p1a: Zamazenta|Dauntless Shield|boost
|-boost|p1a: Zamazenta|def|1
|turn|4
|
|t:|1779912641
|switch|p2a: Gholdengo|Gholdengo|100/100
|-damage|p2a: Gholdengo|94/100|[from] Stealth Rock
|-item|p2a: Gholdengo|Air Balloon
|move|p1a: Zamazenta|Close Combat|p2a: Gholdengo
|-immune|p2a: Gholdengo
|
|upkeep
|turn|5
|
|t:|1779912649
|move|p1a: Zamazenta|Crunch|p2a: Gholdengo
|-supereffective|p2a: Gholdengo
|-damage|p2a: Gholdengo|40/100
|-enditem|p2a: Gholdengo|Air Balloon
|-damage|p1a: Zamazenta|74/100|[from] item: Life Orb
|move|p2a: Gholdengo|Make It Rain|p1a: Zamazenta
|-damage|p1a: Zamazenta|25/100
|-unboost|p2a: Gholdengo|spa|1
|
|upkeep
|turn|6
|
|t:|1779912657
|move|p1a: Zamazenta|Crunch|p2a: Gholdengo
|-supereffective|p2a: Gholdengo
|-damage|p2a: Gholdengo|0 fnt
|faint|p2a: Gholdengo
|-damage|p1a: Zamazenta|15/100|[from] item: Life Orb
|
|upkeep
|
|t:|1779912662
|switch|p2a: Tornadus|Tornadus-Therian, M|100/100
|-damage|p2a: Tornadus|76/100|[from] Stealth Rock
|turn|7
|
|t:|1779912666
|move|p2a: Tornadus|Knock Off|p1a: Zamazenta
|-resisted|p1a: Zamazenta
|-damage|p1a: Zamazenta|9/100
|-enditem|p1a: Zamazenta|Life Orb|[from] move: Knock Off|[of] p2a: Tornadus
|move|p1a: Zamazenta|Ice Fang|p2a: Tornadus
|-supereffective|p2a: Tornadus
|-damage|p2a: Tornadus|24/100
|
|upkeep
|turn|8
|
|t:|1779912672
|move|p2a: Tornadus|Heat Wave|p1a: Zamazenta
|-damage|p1a: Zamazenta|0 fnt
|faint|p1a: Zamazenta
|
|upkeep
|
|t:|1779912680
|switch|p1a: Iron Valiant|Iron Valiant|100/100
|-damage|p1a: Iron Valiant|84/100|[from] Spikes
|-enditem|p1a: Iron Valiant|Booster Energy
|-activate|p1a: Iron Valiant|ability: Quark Drive|[fromitem]
|-start|p1a: Iron Valiant|quarkdrivespe
|turn|9
|
|t:|1779912685
|-terastallize|p2a: Tornadus|Steel
|move|p1a: Iron Valiant|Moonblast|p2a: Tornadus
|-resisted|p2a: Tornadus
|-damage|p2a: Tornadus|7/100
|-unboost|p2a: Tornadus|spa|1
|move|p2a: Tornadus|Bleakwind Storm|p1a: Iron Valiant
|-supereffective|p1a: Iron Valiant
|-damage|p1a: Iron Valiant|0 fnt
|faint|p1a: Iron Valiant
|-end|p1a: Iron Valiant|Quark Drive|[silent]
|
|upkeep
|
|t:|1779912702
|switch|p1a: Dragonite|Dragonite, M|100/100
|turn|10
|
|t:|1779912711
|switch|p2a: Great Tusk|Great Tusk|100/100
|move|p1a: Dragonite|Dragon Dance|p1a: Dragonite
|-boost|p1a: Dragonite|atk|1
|-boost|p1a: Dragonite|spe|1
|
|upkeep
|turn|11
|
|t:|1779912718
|move|p1a: Dragonite|Outrage|p2a: Great Tusk
|-crit|p2a: Great Tusk
|-damage|p2a: Great Tusk|0 fnt
|faint|p2a: Great Tusk
|-end|p2a: Great Tusk|Protosynthesis|[silent]
|-damage|p1a: Dragonite|91/100|[from] item: Life Orb
|
|upkeep
|
|t:|1779912726
|switch|p2a: Gliscor|Gliscor, F|100/100
|-damage|p2a: Gliscor|88/100|[from] Stealth Rock
|turn|12
|
|t:|1779912735
|move|p2a: Gliscor|Protect|p2a: Gliscor
|-singleturn|p2a: Gliscor|Protect
|move|p1a: Dragonite|Outrage|p2a: Gliscor|[from] lockedmove
|-activate|p2a: Gliscor|move: Protect
|
|-status|p2a: Gliscor|tox|[from] item: Toxic Orb
|upkeep
|turn|13
|
|t:|1779912744
|move|p1a: Dragonite|Dragon Dance|p1a: Dragonite
|-boost|p1a: Dragonite|atk|1
|-boost|p1a: Dragonite|spe|1
|move|p2a: Gliscor|Toxic|p1a: Dragonite
|-status|p1a: Dragonite|tox
|
|-damage|p1a: Dragonite|84/100 tox|[from] psn
|-heal|p2a: Gliscor|100/100 tox|[from] ability: Poison Heal
|upkeep
|turn|14
|
|t:|1779912751
|move|p1a: Dragonite|Outrage|p2a: Gliscor
|-damage|p2a: Gliscor|0 fnt
|faint|p2a: Gliscor
|-damage|p1a: Dragonite|74/100 tox|[from] item: Life Orb
|
|-damage|p1a: Dragonite|62/100 tox|[from] psn
|upkeep
|
|t:|1779912755
|switch|p2a: Umbreon|Umbreon, M|100/100
|-damage|p2a: Umbreon|88/100|[from] Stealth Rock
|-damage|p2a: Umbreon|72/100|[from] Spikes
|turn|15
|
|t:|1779912757
|move|p2a: Umbreon|Protect|p2a: Umbreon
|-singleturn|p2a: Umbreon|Protect
|move|p1a: Dragonite|Outrage|p2a: Umbreon|[from] lockedmove
|-activate|p2a: Umbreon|move: Protect
|-start|p1a: Dragonite|confusion|[fatigue]
|
|-heal|p2a: Umbreon|78/100|[from] item: Leftovers
|-damage|p1a: Dragonite|44/100 tox|[from] psn
|upkeep
|turn|16
|
|t:|1779912764
|switch|p2a: Tornadus|Tornadus-Therian, M, tera:Steel|40/100
|-damage|p2a: Tornadus|34/100|[from] Stealth Rock
|-damage|p2a: Tornadus|18/100|[from] Spikes
|-activate|p1a: Dragonite|confusion
|move|p1a: Dragonite|Outrage|p2a: Tornadus
|-resisted|p2a: Tornadus
|-damage|p2a: Tornadus|0 fnt
|faint|p2a: Tornadus
|-damage|p1a: Dragonite|34/100 tox|[from] item: Life Orb
|
|-damage|p1a: Dragonite|9/100 tox|[from] psn
|upkeep
|
|t:|1779912766
|switch|p2a: Umbreon|Umbreon, M|78/100
|-damage|p2a: Umbreon|65/100|[from] Stealth Rock
|-damage|p2a: Umbreon|49/100|[from] Spikes
|turn|17
|
|t:|1779912776
|move|p2a: Umbreon|Protect|p2a: Umbreon
|-singleturn|p2a: Umbreon|Protect
|-end|p1a: Dragonite|confusion
|move|p1a: Dragonite|Outrage|p2a: Umbreon|[from] lockedmove
|-activate|p2a: Umbreon|move: Protect
|
|-heal|p2a: Umbreon|55/100|[from] item: Leftovers
|-damage|p1a: Dragonite|0 fnt|[from] psn
|faint|p1a: Dragonite
|upkeep
|
|t:|1779912780
|switch|p1a: Great Tusk|Great Tusk|100/100
|-damage|p1a: Great Tusk|84/100|[from] Spikes
|-enditem|p1a: Great Tusk|Booster Energy
|-activate|p1a: Great Tusk|ability: Protosynthesis|[fromitem]
|-start|p1a: Great Tusk|protosynthesisspe
|turn|18
|
|t:|1779912787
|move|p1a: Great Tusk|Taunt|p2a: Umbreon
|-start|p2a: Umbreon|move: Taunt
|cant|p2a: Umbreon|move: Taunt|Wish
|
|-heal|p2a: Umbreon|61/100|[from] item: Leftovers
|upkeep
|turn|19
|
|t:|1779912790
|move|p1a: Great Tusk|Bulk Up|p1a: Great Tusk
|-boost|p1a: Great Tusk|atk|1
|-boost|p1a: Great Tusk|def|1
|move|p2a: Umbreon|Foul Play|p1a: Great Tusk
|-resisted|p1a: Great Tusk
|-damage|p1a: Great Tusk|70/100
|
|-heal|p2a: Umbreon|67/100|[from] item: Leftovers
|upkeep
|turn|20
|
|t:|1779912793
|switch|p2a: Samurott|Samurott-Hisui, M|100/100
|-damage|p2a: Samurott|88/100|[from] Stealth Rock
|-damage|p2a: Samurott|72/100|[from] Spikes
|move|p1a: Great Tusk|Bulk Up|p1a: Great Tusk
|-boost|p1a: Great Tusk|atk|1
|-boost|p1a: Great Tusk|def|1
|
|upkeep
|turn|21
|
|t:|1779912795
|move|p1a: Great Tusk|Headlong Rush|p2a: Samurott
|-damage|p2a: Samurott|0 fnt
|-unboost|p1a: Great Tusk|def|1
|-unboost|p1a: Great Tusk|spd|1
|faint|p2a: Samurott
|
|upkeep
|
|t:|1779912798
|switch|p2a: Umbreon|Umbreon, M|67/100
|-damage|p2a: Umbreon|55/100|[from] Stealth Rock
|-damage|p2a: Umbreon|38/100|[from] Spikes
|turn|22
|
|t:|1779912802
|move|p1a: Great Tusk|Bulk Up|p1a: Great Tusk
|-boost|p1a: Great Tusk|atk|1
|-boost|p1a: Great Tusk|def|1
|move|p2a: Umbreon|Wish|p2a: Umbreon
|
|-heal|p2a: Umbreon|44/100|[from] item: Leftovers
|upkeep
|turn|23
|-message|fadingstrawberry forfeited.
|
|win|Bumulus
|raw|Bumulus's rating: 1415 &rarr; <strong>1435</strong><br />(+20 for winning)
|raw|fadingstrawberry's rating: 1410 &rarr; <strong>1390</strong><br />(-20 for losing)
|l|☆fadingstrawberry
|player|p2|
|l|‽Bumulus
|player|p1|
