|j|☆cryrob9909
|j|☆HokaHemat
|t:|1779842332
|gametype|singles
|player|p1|cryrob9909|plasmagruntf-gen5bw|1057
|player|p2|HokaHemat|265|1030
|gen|9
|tier|[Gen 9] OU
|rated|
|rule|HP Percentage Mod: HP is shown in percentages
|rule|Endless Battle Clause: Forcing endless battles is banned
|rule|Species Clause: Limit one of each Pokémon
|rule|OHKO Clause: OHKO moves are banned
|rule|Evasion Items Clause: Evasion items are banned
|rule|Evasion Moves Clause: Evasion moves are banned
|rule|Evasion Abilities Clause: Evasion abilities are banned
|rule|Sleep Moves Clause: Sleep-inducing moves are banned
|clearpoke
|poke|p1|Metagross|
|poke|p1|Cinderace, M|
|poke|p1|Dragonite, M|
|poke|p1|Alomomola, F|
|poke|p1|Iron Boulder|
|poke|p1|Clodsire, M|
|poke|p2|Whimsicott, M|
|poke|p2|Hatterene, F|
|poke|p2|Great Tusk|
|poke|p2|Ursaluna, M|
|poke|p2|Reuniclus, F|
|poke|p2|Kingambit, F|
|teampreview
|inactive|Battle timer is ON: inactive players will automatically lose when time's up. (requested by cryrob9909)
|
|t:|1779842349
|teamsize|p1|6
|teamsize|p2|6
|start
|switch|p1a: Gus|Dragonite, M, shiny|100/100
|switch|p2a: Hatterene|Hatterene, F|100/100
|turn|1
|
|t:|1779842357
|-terastallize|p1a: Gus|Steel
|move|p1a: Gus|Iron Head|p2a: Hatterene
|-supereffective|p2a: Hatterene
|-damage|p2a: Hatterene|2/100
|move|p2a: Hatterene|Trick Room|p2a: Hatterene
|-fieldstart|move: Trick Room|[of] p2a: Hatterene
|
|upkeep
|turn|2
|
|t:|1779842369
|move|p1a: Gus|Extreme Speed|p2a: Hatterene
|-damage|p2a: Hatterene|0 fnt
|faint|p2a: Hatterene
|
|upkeep
|
|t:|1779842374
|switch|p2a: Ursaluna|Ursaluna, M|100/100
|turn|3
|
|t:|1779842379
|switch|p1a: Burp|Clodsire, M|100/100
|move|p2a: Ursaluna|Headlong Rush|p1a: Burp
|-supereffective|p1a: Burp
|-damage|p1a: Burp|0 fnt
|-unboost|p2a: Ursaluna|def|1
|-unboost|p2a: Ursaluna|spd|1
|faint|p1a: Burp
|
|-status|p2a: Ursaluna|brn|[from] item: Flame Orb
|upkeep
|
|t:|1779842393
|switch|p1a: Gus|Dragonite, M, shiny, tera:Steel|100/100
|turn|4
|
|t:|1779842399
|move|p1a: Gus|Extreme Speed|p2a: Ursaluna
|-damage|p2a: Ursaluna|68/100 brn
|move|p2a: Ursaluna|Headlong Rush|p1a: Gus
|-supereffective|p1a: Gus
|-damage|p1a: Gus|0 fnt
|-unboost|p2a: Ursaluna|def|1
|-unboost|p2a: Ursaluna|spd|1
|faint|p1a: Gus
|
|-damage|p2a: Ursaluna|62/100 brn|[from] brn
|upkeep
|
|t:|1779842410
|switch|p1a: 💔|Alomomola, F|100/100
|turn|5
|
|t:|1779842418
|move|p2a: Ursaluna|Headlong Rush|p1a: 💔
|-damage|p1a: 💔|24/100
|-unboost|p2a: Ursaluna|def|1
|-unboost|p2a: Ursaluna|spd|1
|move|p1a: 💔|Flip Turn|p2a: Ursaluna
|-supereffective|p2a: Ursaluna
|-damage|p2a: Ursaluna|0 fnt
|faint|p2a: Ursaluna
|
|t:|1779842427
|switch|p1a: Starman|Metagross, shiny|100/100|[from] Flip Turn
|
|-fieldend|move: Trick Room
|upkeep
|
|t:|1779842436
|switch|p2a: Great Tusk|Great Tusk|100/100
|-enditem|p2a: Great Tusk|Booster Energy
|-activate|p2a: Great Tusk|ability: Protosynthesis|[fromitem]
|-start|p2a: Great Tusk|protosynthesisspe
|turn|6
|
|t:|1779842446
|move|p2a: Great Tusk|Bulk Up|p2a: Great Tusk
|-boost|p2a: Great Tusk|atk|1
|-boost|p2a: Great Tusk|def|1
|move|p1a: Starman|Psychic Fangs|p2a: Great Tusk
|-supereffective|p2a: Great Tusk
|-damage|p2a: Great Tusk|56/100
|
|upkeep
|turn|7
|
|t:|1779842465
|switch|p1a: 💔|Alomomola, F|57/100
|move|p2a: Great Tusk|Headlong Rush|p1a: 💔
|-damage|p1a: 💔|0 fnt
|-unboost|p2a: Great Tusk|def|1
|-unboost|p2a: Great Tusk|spd|1
|faint|p1a: 💔
|
|upkeep
|
|t:|1779842478
|switch|p1a: Runes|Cinderace, M|100/100
|turn|8
|
|t:|1779842488
|move|p2a: Great Tusk|Headlong Rush|p1a: Runes
|-supereffective|p1a: Runes
|-damage|p1a: Runes|0 fnt
|-unboost|p2a: Great Tusk|def|1
|-unboost|p2a: Great Tusk|spd|1
|faint|p1a: Runes
|
|upkeep
|
|t:|1779842496
|switch|p1a: Starman|Metagross, shiny|100/100
|turn|9
|
|t:|1779842500
|move|p2a: Great Tusk|Headlong Rush|p1a: Starman
|-supereffective|p1a: Starman
|-damage|p1a: Starman|0 fnt
|-unboost|p2a: Great Tusk|def|1
|-unboost|p2a: Great Tusk|spd|1
|faint|p1a: Starman
|
|upkeep
|
|t:|1779842506
|switch|p1a: BAAA|Iron Boulder|100/100
|-enditem|p1a: BAAA|Booster Energy
|-activate|p1a: BAAA|ability: Quark Drive|[fromitem]
|-start|p1a: BAAA|quarkdriveatk
|turn|10
|
|t:|1779842514
|move|p2a: Great Tusk|Headlong Rush|p1a: BAAA
|-supereffective|p1a: BAAA
|-damage|p1a: BAAA|0 fnt
|-unboost|p2a: Great Tusk|def|1
|-unboost|p2a: Great Tusk|spd|1
|faint|p1a: BAAA
|-end|p1a: BAAA|Quark Drive|[silent]
|
|win|HokaHemat
|raw|cryrob9909's rating: 1057 &rarr; <strong>1037</strong><br />(-20 for losing)
|raw|HokaHemat's rating: 1030 &rarr; <strong>1068</strong><br />(+38 for winning)
|l|☆cryrob9909
|player|p1|
|c|☆HokaHemat|gg
