|j|☆oseidio
|j|☆Anoxx17
|t:|1779919639
|gametype|singles
|player|p1|oseidio|101|
|player|p2|Anoxx17|169|
|gen|9
|tier|[Gen 9] OU
|rule|HP Percentage Mod: HP is shown in percentages
|rule|Endless Battle Clause: Forcing endless battles is banned
|rule|Species Clause: Limit one of each Pokémon
|rule|OHKO Clause: OHKO moves are banned
|rule|Evasion Items Clause: Evasion items are banned
|rule|Evasion Moves Clause: Evasion moves are banned
|rule|Evasion Abilities Clause: Evasion abilities are banned
|rule|Sleep Moves Clause: Sleep-inducing moves are banned
|clearpoke
|poke|p1|Ceruledge, M|
|poke|p1|Greninja-*, M|
|poke|p1|Dragonite, M|
|poke|p1|Lucario, M|
|poke|p1|Raging Bolt|
|poke|p1|Ogerpon-Wellspring, F|
|poke|p2|Ogerpon-Wellspring, F|
|poke|p2|Iron Moth|
|poke|p2|Garchomp, F|
|poke|p2|Pincurchin, F|
|poke|p2|Iron Hands|
|poke|p2|Latios, M|
|teampreview
|
|t:|1779919671
|teamsize|p1|6
|teamsize|p2|6
|start
|switch|p1a: Lucario|Lucario, M, shiny|100/100
|switch|p2a: Garchomp|Garchomp, F|100/100
|turn|1
|
|t:|1779919676
|move|p2a: Garchomp|Earthquake|p1a: Lucario
|-supereffective|p1a: Lucario
|-enditem|p1a: Lucario|Focus Sash
|-damage|p1a: Lucario|1/100
|move|p1a: Lucario|Close Combat|p2a: Garchomp
|-damage|p2a: Garchomp|41/100
|-unboost|p1a: Lucario|def|1
|-unboost|p1a: Lucario|spd|1
|-damage|p1a: Lucario|0 fnt|[from] ability: Rough Skin|[of] p2a: Garchomp
|faint|p1a: Lucario
|
|upkeep
|
|t:|1779919688
|switch|p1a: Greninja|Greninja, M|100/100
|turn|2
|
|t:|1779919693
|switch|p2a: Iron Hands|Iron Hands|100/100
|move|p1a: Greninja|Ice Beam|p2a: Iron Hands
|-damage|p2a: Iron Hands|84/100
|-status|p2a: Iron Hands|frz
|-damage|p1a: Greninja|91/100|[from] item: Life Orb
|
|upkeep
|turn|3
|
|t:|1779919714
|move|p1a: Greninja|Sludge Wave|p2a: Iron Hands
|-damage|p2a: Iron Hands|66/100 frz
|-damage|p1a: Greninja|81/100|[from] item: Life Orb
|cant|p2a: Iron Hands|frz
|
|upkeep
|turn|4
|inactive|Battle timer is ON: inactive players will automatically lose when time's up. (requested by oseidio)
|
|t:|1779919721
|move|p1a: Greninja|Sludge Wave|p2a: Iron Hands
|-damage|p2a: Iron Hands|47/100 frz
|-damage|p1a: Greninja|71/100|[from] item: Life Orb
|cant|p2a: Iron Hands|frz
|
|upkeep
|turn|5
|
|t:|1779919727
|move|p1a: Greninja|Sludge Wave|p2a: Iron Hands
|-damage|p2a: Iron Hands|30/100 frz
|-damage|p1a: Greninja|61/100|[from] item: Life Orb
|cant|p2a: Iron Hands|frz
|
|upkeep
|turn|6
|
|t:|1779919733
|move|p1a: Greninja|Sludge Wave|p2a: Iron Hands
|-damage|p2a: Iron Hands|13/100 frz
|-damage|p1a: Greninja|51/100|[from] item: Life Orb
|cant|p2a: Iron Hands|frz
|
|upkeep
|turn|7
|
|t:|1779919738
|move|p1a: Greninja|Sludge Wave|p2a: Iron Hands
|-damage|p2a: Iron Hands|0 fnt
|faint|p2a: Iron Hands
|-end|p2a: Iron Hands|Quark Drive|[silent]
|-ability|p1a: Greninja|Battle Bond|boost
|-boost|p1a: Greninja|atk|1
|-boost|p1a: Greninja|spa|1
|-boost|p1a: Greninja|spe|1
|-activate|p1a: Greninja|ability: Battle Bond
|-damage|p1a: Greninja|42/100|[from] item: Life Orb
|
|upkeep
|
|t:|1779919762
|switch|p2a: Pincurchin|Pincurchin, F, shiny|100/100
|-fieldstart|move: Electric Terrain|[from] ability: Electric Surge|[of] p2a: Pincurchin
|turn|8
|
|t:|1779919770
|move|p1a: Greninja|Surf|p2a: Pincurchin
|-damage|p2a: Pincurchin|0 fnt
|faint|p2a: Pincurchin
|-damage|p1a: Greninja|32/100|[from] item: Life Orb
|
|upkeep
|
|t:|1779919775
|switch|p2a: Latios|Latios, M, shiny|100/100
|turn|9
|
|t:|1779919780
|move|p1a: Greninja|Ice Beam|p2a: Latios
|-supereffective|p2a: Latios
|-damage|p2a: Latios|0 fnt
|faint|p2a: Latios
|-damage|p1a: Greninja|22/100|[from] item: Life Orb
|
|upkeep
|
|t:|1779919785
|switch|p2a: Iron Moth|Iron Moth, shiny|100/100
|-activate|p2a: Iron Moth|ability: Quark Drive
|-start|p2a: Iron Moth|quarkdrivespe
|turn|10
|
|t:|1779919792
|move|p1a: Greninja|Surf|p2a: Iron Moth
|-supereffective|p2a: Iron Moth
|-damage|p2a: Iron Moth|0 fnt
|faint|p2a: Iron Moth
|-end|p2a: Iron Moth|Quark Drive|[silent]
|-damage|p1a: Greninja|12/100|[from] item: Life Orb
|
|upkeep
|
|t:|1779919797
|switch|p2a: Ogerpon|Ogerpon-Wellspring, F|100/100
|turn|11
|
|t:|1779919800
|move|p1a: Greninja|Sludge Wave|p2a: Ogerpon
|-supereffective|p2a: Ogerpon
|-damage|p2a: Ogerpon|0 fnt
|faint|p2a: Ogerpon
|-damage|p1a: Greninja|2/100|[from] item: Life Orb
|
|upkeep
|
|t:|1779919805
|switch|p2a: Garchomp|Garchomp, F|41/100
|turn|12
|
|t:|1779919808
|move|p1a: Greninja|Ice Beam|p2a: Garchomp
|-supereffective|p2a: Garchomp
|-damage|p2a: Garchomp|0 fnt
|faint|p2a: Garchomp
|-damage|p1a: Greninja|0 fnt|[from] item: Life Orb
|faint|p1a: Greninja
|
|win|oseidio
