|j|☆indoubtwaterspout
|j|☆duli2010
|t:|1779892483
|gametype|singles
|player|p1|indoubtwaterspout|266|1423
|player|p2|duli2010|bugcatcher-gen4dp|1414
|gen|9
|tier|[Gen 9] OU
|rated|
|rule|HP Percentage Mod: HP is shown in percentages
|rule|Endless Battle Clause: Forcing endless battles is banned
|rule|Species Clause: Limit one of each Pokémon
|rule|OHKO Clause: OHKO moves are banned
|rule|Evasion Items Clause: Evasion items are banned
|rule|Evasion Moves Clause: Evasion moves are banned
|rule|Evasion Abilities Clause: Evasion abilities are banned
|rule|Sleep Moves Clause: Sleep-inducing moves are banned
|clearpoke
|poke|p1|Kingambit, F|
|poke|p1|Cinderace, F|
|poke|p1|Landorus-Therian, M|
|poke|p1|Iron Valiant|
|poke|p1|Kyurem|
|poke|p1|Slowking-Galar, M|
|poke|p2|Muk-Alola, F|
|poke|p2|Goodra, M|
|poke|p2|Hydrapple, F|
|poke|p2|Sylveon, F|
|poke|p2|Weezing-Galar, M|
|poke|p2|Iron Hands|
|teampreview
|inactive|Battle timer is ON: inactive players will automatically lose when time's up. (requested by indoubtwaterspout)
|
|t:|1779892489
|teamsize|p1|6
|teamsize|p2|6
|start
|switch|p1a: Slowking|Slowking-Galar, M, shiny|100/100
|switch|p2a: Weezing|Weezing-Galar, M|100/100
|turn|1
|
|t:|1779892494
|move|p2a: Weezing|Will-O-Wisp|p1a: Slowking
|-status|p1a: Slowking|brn
|-prepare|p1a: Slowking|Chilly Reception|[premajor]
|move|p1a: Slowking|Chilly Reception|p1a: Slowking
|-weather|Snowscape
|
|t:|1779892497
|switch|p1a: Kyurem|Kyurem, shiny|100/100|[from] Chilly Reception
|-ability|p1a: Kyurem|Pressure
|
|-weather|Snowscape|[upkeep]
|upkeep
|turn|2
|
|t:|1779892504
|switch|p2a: Sylveon|Sylveon, F|100/100
|move|p1a: Kyurem|Substitute|p1a: Kyurem
|-start|p1a: Kyurem|Substitute
|-damage|p1a: Kyurem|76/100
|
|-weather|Snowscape|[upkeep]
|-heal|p1a: Kyurem|82/100|[from] item: Leftovers
|upkeep
|turn|3
|
|t:|1779892512
|move|p1a: Kyurem|Protect|p1a: Kyurem
|-singleturn|p1a: Kyurem|Protect
|move|p2a: Sylveon|Hyper Voice|p1a: Kyurem
|-activate|p1a: Kyurem|move: Protect
|
|-weather|Snowscape|[upkeep]
|-heal|p1a: Kyurem|88/100|[from] item: Leftovers
|upkeep
|turn|4
|
|t:|1779892530
|switch|p1a: Slowking|Slowking-Galar, M, shiny|100/100 brn
|move|p2a: Sylveon|Hyper Voice|p1a: Slowking
|-resisted|p1a: Slowking
|-damage|p1a: Slowking|84/100 brn
|
|-weather|Snowscape|[upkeep]
|-damage|p1a: Slowking|78/100 brn|[from] brn
|upkeep
|turn|5
|
|t:|1779892538
|switch|p2a: Muk|Muk-Alola, F|100/100
|-prepare|p1a: Slowking|Chilly Reception|[premajor]
|move|p1a: Slowking|Chilly Reception|p1a: Slowking
|
|t:|1779892554
|switch|p1a: Landorus|Landorus-Therian, M, shiny|100/100|[from] Chilly Reception
|-ability|p1a: Landorus|Intimidate|boost
|-unboost|p2a: Muk|atk|1
|
|-weather|none
|upkeep
|turn|6
|
|t:|1779892560
|switch|p2a: Weezing|Weezing-Galar, M|100/100
|move|p1a: Landorus|Earthquake|p2a: Weezing
|-immune|p2a: Weezing|[from] ability: Levitate
|
|upkeep
|turn|7
|
|t:|1779892574
|move|p1a: Landorus|U-turn|p2a: Weezing
|-resisted|p2a: Weezing
|-damage|p2a: Weezing|97/100
|
|t:|1779892577
|switch|p1a: Slowking|Slowking-Galar, M, shiny|100/100 brn|[from] U-turn
|move|p2a: Weezing|Sludge Bomb|p1a: Slowking
|-resisted|p1a: Slowking
|-damage|p1a: Slowking|90/100 brn
|
|-heal|p2a: Weezing|100/100|[from] item: Black Sludge
|-damage|p1a: Slowking|84/100 brn|[from] brn
|upkeep
|turn|8
|
|t:|1779892595
|switch|p2a: Muk|Muk-Alola, F|100/100
|move|p1a: Slowking|Thunder Wave|p2a: Muk
|-status|p2a: Muk|par
|
|-damage|p1a: Slowking|78/100 brn|[from] brn
|upkeep
|turn|9
|
|t:|1779892602
|switch|p1a: Landorus|Landorus-Therian, M, shiny|100/100
|-ability|p1a: Landorus|Intimidate|boost
|-unboost|p2a: Muk|atk|1
|cant|p2a: Muk|par
|
|upkeep
|turn|10
|
|t:|1779892609
|switch|p2a: Weezing|Weezing-Galar, M|100/100
|move|p1a: Landorus|U-turn|p2a: Weezing
|-resisted|p2a: Weezing
|-damage|p2a: Weezing|96/100
|
|t:|1779892614
|switch|p1a: Kingambit|Kingambit, F|100/100|[from] U-turn
|
|-heal|p2a: Weezing|100/100|[from] item: Black Sludge
|upkeep
|turn|11
|
|t:|1779892623
|-end|p1a: Kingambit|fallenundefined|[silent]
|switch|p1a: Cinderace|Cinderace, F, shiny|100/100
|move|p2a: Weezing|Will-O-Wisp|p1a: Cinderace
|-immune|p1a: Cinderace
|
|upkeep
|turn|12
|
|t:|1779892630
|move|p1a: Cinderace|Pyro Ball|p2a: Weezing
|-damage|p2a: Weezing|65/100
|move|p2a: Weezing|Sludge Bomb|p1a: Cinderace
|-damage|p1a: Cinderace|60/100
|
|-heal|p2a: Weezing|71/100|[from] item: Black Sludge
|upkeep
|turn|13
|
|t:|1779892636
|move|p1a: Cinderace|U-turn|p2a: Weezing
|-resisted|p2a: Weezing
|-damage|p2a: Weezing|68/100
|
|t:|1779892638
|switch|p1a: Slowking|Slowking-Galar, M, shiny|100/100 brn|[from] U-turn
|move|p2a: Weezing|Sludge Bomb|p1a: Slowking
|-resisted|p1a: Slowking
|-damage|p1a: Slowking|90/100 brn
|
|-heal|p2a: Weezing|74/100|[from] item: Black Sludge
|-damage|p1a: Slowking|84/100 brn|[from] brn
|upkeep
|turn|14
|
|t:|1779892647
|switch|p2a: Iron Hands|Iron Hands|100/100
|-prepare|p1a: Slowking|Chilly Reception|[premajor]
|move|p1a: Slowking|Chilly Reception|p1a: Slowking
|-weather|Snowscape
|
|t:|1779892656
|switch|p1a: Iron Valiant|Iron Valiant|100/100|[from] Chilly Reception
|-enditem|p1a: Iron Valiant|Booster Energy
|-activate|p1a: Iron Valiant|ability: Quark Drive|[fromitem]
|-start|p1a: Iron Valiant|quarkdrivespe
|
|-weather|Snowscape|[upkeep]
|upkeep
|turn|15
|
|t:|1779892670
|-end|p1a: Iron Valiant|Quark Drive|[silent]
|switch|p1a: Landorus|Landorus-Therian, M, shiny|100/100
|-ability|p1a: Landorus|Intimidate|boost
|-unboost|p2a: Iron Hands|atk|1
|-end|p2a: Iron Hands|Quark Drive|[silent]
|switch|p2a: Sylveon|Sylveon, F|100/100
|
|-weather|Snowscape|[upkeep]
|upkeep
|turn|16
|
|t:|1779892678
|switch|p2a: Hydrapple|Hydrapple, F, shiny|100/100
|move|p1a: Landorus|U-turn|p2a: Hydrapple
|-supereffective|p2a: Hydrapple
|-damage|p2a: Hydrapple|68/100
|
|t:|1779892685
|switch|p1a: Kyurem|Kyurem, shiny|88/100|[from] U-turn
|-ability|p1a: Kyurem|Pressure
|
|-weather|Snowscape|[upkeep]
|-heal|p1a: Kyurem|94/100|[from] item: Leftovers
|-heal|p2a: Hydrapple|74/100|[from] item: Leftovers
|upkeep
|turn|17
|
|t:|1779892692
|switch|p2a: Sylveon|Sylveon, F|100/100
|move|p1a: Kyurem|Freeze-Dry|p2a: Sylveon
|-damage|p2a: Sylveon|84/100
|
|-weather|Snowscape|[upkeep]
|-heal|p1a: Kyurem|99/100|[from] item: Leftovers
|upkeep
|turn|18
|
|t:|1779892702
|switch|p1a: Slowking|Slowking-Galar, M, shiny|100/100 brn
|move|p2a: Sylveon|Shadow Ball|p1a: Slowking
|-supereffective|p1a: Slowking
|-crit|p1a: Slowking
|-damage|p1a: Slowking|53/100 brn
|
|-weather|none
|-damage|p1a: Slowking|47/100 brn|[from] brn
|upkeep
|turn|19
|
|t:|1779892712
|move|p2a: Sylveon|Shadow Ball|p1a: Slowking
|-supereffective|p1a: Slowking
|-damage|p1a: Slowking|16/100 brn
|move|p1a: Slowking|Thunder Wave|p2a: Sylveon
|-status|p2a: Sylveon|par
|
|-damage|p1a: Slowking|9/100 brn|[from] brn
|upkeep
|turn|20
|
|t:|1779892720
|switch|p1a: Kingambit|Kingambit, F|100/100
|move|p2a: Sylveon|Hyper Voice|p1a: Kingambit
|-damage|p1a: Kingambit|45/100
|
|-heal|p1a: Kingambit|51/100|[from] item: Leftovers
|upkeep
|turn|21
|
|t:|1779892728
|switch|p2a: Iron Hands|Iron Hands|100/100
|move|p1a: Kingambit|Iron Head|p2a: Iron Hands
|-resisted|p2a: Iron Hands
|-damage|p2a: Iron Hands|87/100
|
|-heal|p1a: Kingambit|57/100|[from] item: Leftovers
|upkeep
|turn|22
|
|t:|1779892739
|-end|p1a: Kingambit|fallenundefined|[silent]
|switch|p1a: Landorus|Landorus-Therian, M, shiny|100/100
|-ability|p1a: Landorus|Intimidate|boost
|-unboost|p2a: Iron Hands|atk|1
|move|p2a: Iron Hands|Ice Punch|p1a: Landorus
|-supereffective|p1a: Landorus
|-damage|p1a: Landorus|10/100
|-damage|p2a: Iron Hands|71/100|[from] item: Rocky Helmet|[of] p1a: Landorus
|-damage|p2a: Iron Hands|61/100|[from] item: Life Orb
|
|upkeep
|turn|23
|
|t:|1779892749
|-end|p2a: Iron Hands|Quark Drive|[silent]
|switch|p2a: Weezing|Weezing-Galar, M|74/100
|move|p1a: Landorus|U-turn|p2a: Weezing
|-resisted|p2a: Weezing
|-damage|p2a: Weezing|70/100
|
|t:|1779892753
|switch|p1a: Iron Valiant|Iron Valiant|100/100|[from] U-turn
|
|-heal|p2a: Weezing|76/100|[from] item: Black Sludge
|upkeep
|turn|24
|
|t:|1779892759
|move|p1a: Iron Valiant|Calm Mind|p1a: Iron Valiant
|-boost|p1a: Iron Valiant|spa|1
|-boost|p1a: Iron Valiant|spd|1
|move|p2a: Weezing|Sludge Bomb|p1a: Iron Valiant
|-supereffective|p1a: Iron Valiant
|-damage|p1a: Iron Valiant|23/100
|
|-heal|p2a: Weezing|82/100|[from] item: Black Sludge
|upkeep
|turn|25
|-message|indoubtwaterspout forfeited.
|
|win|duli2010
|raw|indoubtwaterspout's rating: 1423 &rarr; <strong>1402</strong><br />(-21 for losing)
|raw|duli2010's rating: 1414 &rarr; <strong>1435</strong><br />(+21 for winning)
|l|☆indoubtwaterspout
|player|p1|
|l|☆duli2010
|player|p2|
