|j|☆oMudkipp
|j|☆npctypebeat
|t:|1779936051
|gametype|singles
|player|p1|oMudkipp|swimmerf|1047
|player|p2|npctypebeat|102|1067
|gen|9
|tier|[Gen 9] OU
|rated|
|rule|HP Percentage Mod: HP is shown in percentages
|rule|Endless Battle Clause: Forcing endless battles is banned
|rule|Species Clause: Limit one of each Pokémon
|rule|OHKO Clause: OHKO moves are banned
|rule|Evasion Items Clause: Evasion items are banned
|rule|Evasion Moves Clause: Evasion moves are banned
|rule|Evasion Abilities Clause: Evasion abilities are banned
|rule|Sleep Moves Clause: Sleep-inducing moves are banned
|clearpoke
|poke|p1|Kingambit, F|
|poke|p1|Milotic, F|
|poke|p1|Gengar, F|
|poke|p1|Weavile, F|
|poke|p1|Scizor, F|
|poke|p1|Krookodile, F|
|poke|p2|Corviknight, F|
|poke|p2|Ting-Lu|
|poke|p2|Kyurem|
|poke|p2|Dondozo, F|
|poke|p2|Slowking-Galar, F|
|poke|p2|Cinderace, F|
|teampreview
|c|☆npctypebeat|hf
|
|t:|1779936057
|teamsize|p1|6
|teamsize|p2|6
|start
|switch|p1a: Genk|Gengar, F, shiny|100/100
|switch|p2a: Cinderace|Cinderace, F|100/100
|turn|1
|inactive|Battle timer is ON: inactive players will automatically lose when time's up. (requested by npctypebeat)
|
|t:|1779936067
|move|p2a: Cinderace|Pyro Ball|p1a: Genk
|-damage|p1a: Genk|8/100
|move|p1a: Genk|Shadow Ball|p2a: Cinderace
|-damage|p2a: Cinderace|48/100
|
|upkeep
|turn|2
|
|t:|1779936088
|switch|p1a: Clampers|Scizor, F, shiny|100/100
|move|p2a: Cinderace|Pyro Ball|p1a: Clampers
|-supereffective|p1a: Clampers
|-damage|p1a: Clampers|0 fnt
|faint|p1a: Clampers
|
|upkeep
|
|t:|1779936097
|switch|p1a: Katana Bug|Kingambit, F, shiny|100/100
|-activate|p1a: Katana Bug|ability: Supreme Overlord
|-start|p1a: Katana Bug|fallen1|[silent]
|turn|3
|
|t:|1779936106
|move|p2a: Cinderace|Pyro Ball|p1a: Katana Bug|[miss]
|-miss|p2a: Cinderace|p1a: Katana Bug
|move|p1a: Katana Bug|Kowtow Cleave|p2a: Cinderace
|-damage|p2a: Cinderace|0 fnt
|faint|p2a: Cinderace
|
|upkeep
|
|t:|1779936113
|switch|p2a: Ting-Lu|Ting-Lu|100/100
|-ability|p2a: Ting-Lu|Vessel of Ruin
|turn|4
|
|t:|1779936118
|move|p1a: Katana Bug|Sucker Punch|p2a: Ting-Lu
|-resisted|p2a: Ting-Lu
|-damage|p2a: Ting-Lu|86/100
|move|p2a: Ting-Lu|Payback|p1a: Katana Bug
|-resisted|p1a: Katana Bug
|-damage|p1a: Katana Bug|85/100
|
|-heal|p2a: Ting-Lu|92/100|[from] item: Leftovers
|upkeep
|turn|5
|
|t:|1779936142
|-end|p1a: Katana Bug|fallen1|[silent]
|switch|p1a: Crocs|Krookodile, F, shiny|100/100
|-ability|p1a: Crocs|Intimidate|boost
|-unboost|p2a: Ting-Lu|atk|1
|move|p2a: Ting-Lu|Payback|p1a: Crocs
|-resisted|p1a: Crocs
|-damage|p1a: Crocs|93/100
|
|-heal|p2a: Ting-Lu|99/100|[from] item: Leftovers
|upkeep
|turn|6
|
|t:|1779936151
|move|p1a: Crocs|Knock Off|p2a: Ting-Lu
|-resisted|p2a: Ting-Lu
|-damage|p2a: Ting-Lu|86/100
|-enditem|p2a: Ting-Lu|Leftovers|[from] move: Knock Off|[of] p1a: Crocs
|move|p2a: Ting-Lu|Earthquake|p1a: Crocs
|-damage|p1a: Crocs|65/100
|
|upkeep
|turn|7
|
|t:|1779936169
|switch|p1a: Katana Bug|Kingambit, F, shiny|85/100
|-activate|p1a: Katana Bug|ability: Supreme Overlord
|-start|p1a: Katana Bug|fallen1|[silent]
|switch|p2a: Kyurem|Kyurem|100/100
|-ability|p2a: Kyurem|Pressure
|
|upkeep
|turn|8
|
|t:|1779936182
|move|p1a: Katana Bug|Sucker Punch|p2a: Kyurem
|-damage|p2a: Kyurem|54/100
|move|p2a: Kyurem|Freeze-Dry|p1a: Katana Bug
|-resisted|p1a: Katana Bug
|-crit|p1a: Katana Bug
|-damage|p1a: Katana Bug|53/100
|
|-heal|p2a: Kyurem|60/100|[from] item: Leftovers
|upkeep
|turn|9
|
|t:|1779936191
|move|p2a: Kyurem|Substitute|p2a: Kyurem
|-start|p2a: Kyurem|Substitute
|-damage|p2a: Kyurem|35/100
|move|p1a: Katana Bug|Iron Head|p2a: Kyurem
|-supereffective|p2a: Kyurem
|-end|p2a: Kyurem|Substitute
|
|-heal|p2a: Kyurem|42/100|[from] item: Leftovers
|upkeep
|turn|10
|
|t:|1779936199
|move|p2a: Kyurem|Protect|p2a: Kyurem
|-singleturn|p2a: Kyurem|Protect
|move|p1a: Katana Bug|Iron Head|p2a: Kyurem
|-activate|p2a: Kyurem|move: Protect
|
|-heal|p2a: Kyurem|48/100|[from] item: Leftovers
|upkeep
|turn|11
|
|t:|1779936208
|move|p2a: Kyurem|Substitute|p2a: Kyurem
|-start|p2a: Kyurem|Substitute
|-damage|p2a: Kyurem|23/100
|move|p1a: Katana Bug|Swords Dance|p1a: Katana Bug
|-boost|p1a: Katana Bug|atk|2
|
|-heal|p2a: Kyurem|29/100|[from] item: Leftovers
|upkeep
|turn|12
|
|t:|1779936216
|switch|p2a: Ting-Lu|Ting-Lu|86/100
|-ability|p2a: Ting-Lu|Vessel of Ruin
|move|p1a: Katana Bug|Kowtow Cleave|p2a: Ting-Lu
|-resisted|p2a: Ting-Lu
|-crit|p2a: Ting-Lu
|-damage|p2a: Ting-Lu|28/100
|
|upkeep
|turn|13
|
|t:|1779936224
|move|p1a: Katana Bug|Kowtow Cleave|p2a: Ting-Lu
|-resisted|p2a: Ting-Lu
|-damage|p2a: Ting-Lu|0 fnt
|faint|p2a: Ting-Lu
|
|upkeep
|
|t:|1779936228
|switch|p2a: Dondozo|Dondozo, F|100/100
|turn|14
|
|t:|1779936250
|-end|p1a: Katana Bug|fallen1|[silent]
|switch|p1a: Duck & Weave|Weavile, F|100/100
|-ability|p1a: Duck & Weave|Pressure
|move|p2a: Dondozo|Body Press|p1a: Duck & Weave
|-supereffective|p1a: Duck & Weave
|-crit|p1a: Duck & Weave
|-damage|p1a: Duck & Weave|0 fnt
|faint|p1a: Duck & Weave
|
|upkeep
|
|t:|1779936261
|switch|p1a: Crocs|Krookodile, F, shiny|65/100
|-ability|p1a: Crocs|Intimidate|boost
|-unboost|p2a: Dondozo|atk|1
|turn|15
|
|t:|1779936268
|move|p1a: Crocs|Earthquake|p2a: Dondozo
|-damage|p2a: Dondozo|74/100
|move|p2a: Dondozo|Waterfall|p1a: Crocs
|-supereffective|p1a: Crocs
|-damage|p1a: Crocs|17/100
|
|-heal|p2a: Dondozo|80/100|[from] item: Leftovers
|upkeep
|turn|16
|
|t:|1779936278
|switch|p1a: Katana Bug|Kingambit, F, shiny|53/100
|-activate|p1a: Katana Bug|ability: Supreme Overlord
|-start|p1a: Katana Bug|fallen2|[silent]
|move|p2a: Dondozo|Waterfall|p1a: Katana Bug
|-crit|p1a: Katana Bug
|-damage|p1a: Katana Bug|18/100
|
|-heal|p2a: Dondozo|86/100|[from] item: Leftovers
|upkeep
|turn|17
|
|t:|1779936288
|move|p1a: Katana Bug|Sucker Punch|p2a: Dondozo
|-damage|p2a: Dondozo|50/100
|move|p2a: Dondozo|Body Press|p1a: Katana Bug
|-supereffective|p1a: Katana Bug
|-crit|p1a: Katana Bug
|-damage|p1a: Katana Bug|0 fnt
|faint|p1a: Katana Bug
|-end|p1a: Katana Bug|fallen2|[silent]
|
|-heal|p2a: Dondozo|56/100|[from] item: Leftovers
|upkeep
|
|t:|1779936299
|switch|p1a: Crocs|Krookodile, F, shiny|17/100
|-ability|p1a: Crocs|Intimidate|boost
|-unboost|p2a: Dondozo|atk|1
|turn|18
|
|t:|1779936304
|move|p1a: Crocs|Knock Off|p2a: Dondozo
|-crit|p2a: Dondozo
|-damage|p2a: Dondozo|16/100
|-enditem|p2a: Dondozo|Leftovers|[from] move: Knock Off|[of] p1a: Crocs
|move|p2a: Dondozo|Waterfall|p1a: Crocs
|-supereffective|p1a: Crocs
|-damage|p1a: Crocs|0 fnt
|faint|p1a: Crocs
|
|upkeep
|
|t:|1779936313
|switch|p1a: Genk|Gengar, F, shiny|8/100
|turn|19
|
|t:|1779936316
|switch|p2a: Corviknight|Corviknight, F|100/100
|-ability|p2a: Corviknight|Pressure
|move|p1a: Genk|Focus Blast|p2a: Corviknight
|-damage|p2a: Corviknight|58/100
|
|upkeep
|turn|20
|
|t:|1779936327
|switch|p1a: Milo|Milotic, F, shiny|100/100
|move|p2a: Corviknight|Brave Bird|p1a: Milo
|-damage|p1a: Milo|73/100
|-damage|p2a: Corviknight|49/100|[from] Recoil
|
|-status|p1a: Milo|brn|[from] item: Flame Orb
|upkeep
|turn|21
|
|t:|1779936339
|move|p1a: Milo|Ice Beam|p2a: Corviknight
|-damage|p2a: Corviknight|28/100
|move|p2a: Corviknight|Brave Bird|p1a: Milo
|-damage|p1a: Milo|56/100 brn
|-damage|p2a: Corviknight|22/100|[from] Recoil
|
|-damage|p1a: Milo|49/100 brn|[from] brn
|upkeep
|turn|22
|
|t:|1779936348
|move|p1a: Milo|Ice Beam|p2a: Corviknight
|-damage|p2a: Corviknight|3/100
|move|p2a: Corviknight|Brave Bird|p1a: Milo
|-damage|p1a: Milo|32/100 brn
|-damage|p2a: Corviknight|0 fnt|[from] Recoil
|faint|p2a: Corviknight
|
|-damage|p1a: Milo|26/100 brn|[from] brn
|upkeep
|
|t:|1779936352
|switch|p2a: Slowking|Slowking-Galar, F|100/100
|turn|23
|
|t:|1779936359
|move|p1a: Milo|Haze|p1a: Milo
|-clearallboost
|move|p2a: Slowking|Sludge Bomb|p1a: Milo
|-damage|p1a: Milo|1/100 brn
|
|-damage|p1a: Milo|0 fnt|[from] brn
|faint|p1a: Milo
|upkeep
|
|t:|1779936368
|switch|p1a: Genk|Gengar, F, shiny|8/100
|turn|24
|
|t:|1779936373
|switch|p2a: Dondozo|Dondozo, F|16/100
|move|p1a: Genk|Destiny Bond|p1a: Genk
|-singlemove|p1a: Genk|Destiny Bond
|
|upkeep
|turn|25
|
|t:|1779936382
|move|p1a: Genk|Focus Blast|p2a: Dondozo|[miss]
|-miss|p1a: Genk|p2a: Dondozo
|move|p2a: Dondozo|Curse|p2a: Dondozo
|-unboost|p2a: Dondozo|spe|1
|-boost|p2a: Dondozo|atk|1
|-boost|p2a: Dondozo|def|1
|
|upkeep
|turn|26
|
|t:|1779936389
|move|p1a: Genk|Destiny Bond|p1a: Genk
|-singlemove|p1a: Genk|Destiny Bond
|move|p2a: Dondozo|Waterfall|p1a: Genk
|-damage|p1a: Genk|0 fnt
|-start|p2a: Dondozo|Disable|Waterfall|[from] ability: Cursed Body|[of] p1a: Genk
|faint|p1a: Genk
|-activate|p1a: Genk|move: Destiny Bond
|faint|p2a: Dondozo
|
|win|npctypebeat
|raw|oMudkipp's rating: 1047 &rarr; <strong>1031</strong><br />(-16 for losing)
|raw|npctypebeat's rating: 1067 &rarr; <strong>1095</strong><br />(+28 for winning)
|c|☆npctypebeat|gg
|c|☆oMudkipp|gg
