|j|☆draconotmeteor
|j|☆My Alexandra
|t:|1779871252
|gametype|singles
|player|p1|draconotmeteor|shauntal|1371
|player|p2|My Alexandra|caitlin-masters|1323
|gen|9
|tier|[Gen 9] OU
|rated|
|rule|HP Percentage Mod: HP is shown in percentages
|rule|Endless Battle Clause: Forcing endless battles is banned
|rule|Species Clause: Limit one of each Pokémon
|rule|OHKO Clause: OHKO moves are banned
|rule|Evasion Items Clause: Evasion items are banned
|rule|Evasion Moves Clause: Evasion moves are banned
|rule|Evasion Abilities Clause: Evasion abilities are banned
|rule|Sleep Moves Clause: Sleep-inducing moves are banned
|clearpoke
|poke|p1|Gliscor, M|
|poke|p1|Pecharunt|
|poke|p1|Ting-Lu|
|poke|p1|Clefable, M|
|poke|p1|Ogerpon, F|
|poke|p1|Tinkaton, F|
|poke|p2|Cobalion|
|poke|p2|Mandibuzz, F|
|poke|p2|Dragapult, M|
|poke|p2|Iron Treads|
|poke|p2|Primarina, M|
|poke|p2|Ogerpon-Wellspring, F|
|teampreview
|inactive|Battle timer is ON: inactive players will automatically lose when time's up. (requested by My Alexandra)
|
|t:|1779871265
|teamsize|p1|6
|teamsize|p2|6
|start
|switch|p1a: Gliscor|Gliscor, M|100/100
|switch|p2a: Dragapult|Dragapult, M|100/100
|turn|1
|
|t:|1779871270
|move|p1a: Gliscor|Protect|p1a: Gliscor
|-singleturn|p1a: Gliscor|Protect
|move|p2a: Dragapult|Shadow Ball|p1a: Gliscor
|-activate|p1a: Gliscor|move: Protect
|
|-status|p1a: Gliscor|tox|[from] item: Toxic Orb
|upkeep
|turn|2
|
|t:|1779871274
|switch|p2a: Cobalion|Cobalion|100/100
|-item|p2a: Cobalion|Air Balloon
|move|p1a: Gliscor|Knock Off|p2a: Cobalion
|-resisted|p2a: Cobalion
|-damage|p2a: Cobalion|94/100
|-ability|p2a: Cobalion|Justified|boost
|-boost|p2a: Cobalion|atk|1
|-enditem|p2a: Cobalion|Air Balloon
|
|upkeep
|turn|3
|
|t:|1779871282
|switch|p1a: Tinkaton|Tinkaton, F|100/100
|-ability|p1a: Tinkaton|Mold Breaker
|move|p2a: Cobalion|Iron Defense|p2a: Cobalion
|-boost|p2a: Cobalion|def|2
|
|upkeep
|turn|4
|
|t:|1779871286
|move|p2a: Cobalion|Body Press|p1a: Tinkaton
|-damage|p1a: Tinkaton|11/100
|move|p1a: Tinkaton|Encore|p2a: Cobalion
|-start|p2a: Cobalion|Encore
|
|upkeep
|turn|5
|
|t:|1779871292
|switch|p2a: Dragapult|Dragapult, M|100/100
|switch|p1a: Pecharunt|Pecharunt|100/100
|
|upkeep
|turn|6
|
|t:|1779871301
|switch|p1a: Tinkaton|Tinkaton, F|11/100
|-ability|p1a: Tinkaton|Mold Breaker
|move|p2a: Dragapult|U-turn|p1a: Tinkaton
|-resisted|p1a: Tinkaton
|-damage|p1a: Tinkaton|7/100
|
|t:|1779871325
|switch|p2a: Iron Treads|Iron Treads|100/100|[from] U-turn
|
|upkeep
|turn|7
|
|t:|1779871328
|move|p2a: Iron Treads|Stealth Rock|p1a: Tinkaton
|-sidestart|p1: draconotmeteor|move: Stealth Rock
|move|p1a: Tinkaton|Stealth Rock|p2a: Iron Treads
|-sidestart|p2: My Alexandra|move: Stealth Rock
|
|upkeep
|turn|8
|
|t:|1779871332
|switch|p1a: Pecharunt|Pecharunt|100/100
|move|p2a: Iron Treads|Rapid Spin|p1a: Pecharunt
|-immune|p1a: Pecharunt
|
|upkeep
|turn|9
|
|t:|1779871335
|move|p2a: Iron Treads|Knock Off|p1a: Pecharunt
|-supereffective|p1a: Pecharunt
|-damage|p1a: Pecharunt|72/100
|-enditem|p1a: Pecharunt|Heavy-Duty Boots|[from] move: Knock Off|[of] p2a: Iron Treads
|move|p1a: Pecharunt|Parting Shot|p2a: Iron Treads
|-unboost|p2a: Iron Treads|atk|1
|-unboost|p2a: Iron Treads|spa|1
|
|t:|1779871343
|switch|p1a: Ogerpon|Ogerpon, F|100/100|[from] Parting Shot
|
|upkeep
|turn|10
|
|t:|1779871347
|move|p1a: Ogerpon|Ivy Cudgel|p2a: Iron Treads
|-crit|p2a: Iron Treads
|-damage|p2a: Iron Treads|38/100
|move|p2a: Iron Treads|Rapid Spin|p1a: Ogerpon
|-damage|p1a: Ogerpon|86/100
|-boost|p2a: Iron Treads|spe|1
|-sideend|p2: My Alexandra|Stealth Rock|[from] move: Rapid Spin|[of] p2a: Iron Treads
|
|-heal|p2a: Iron Treads|44/100|[from] item: Leftovers
|upkeep
|turn|11
|
|t:|1779871351
|-end|p2a: Iron Treads|Quark Drive|[silent]
|switch|p2a: Mandibuzz|Mandibuzz, F|100/100
|move|p1a: Ogerpon|Knock Off|p2a: Mandibuzz
|-resisted|p2a: Mandibuzz
|-damage|p2a: Mandibuzz|91/100
|-enditem|p2a: Mandibuzz|Heavy-Duty Boots|[from] move: Knock Off|[of] p1a: Ogerpon
|
|upkeep
|turn|12
|
|t:|1779871357
|move|p1a: Ogerpon|U-turn|p2a: Mandibuzz
|-damage|p2a: Mandibuzz|78/100
|
|t:|1779871360
|switch|p1a: Tinkaton|Tinkaton, F|7/100|[from] U-turn
|-ability|p1a: Tinkaton|Mold Breaker
|move|p2a: Mandibuzz|Toxic|p1a: Tinkaton
|-immune|p1a: Tinkaton
|
|upkeep
|turn|13
|
|t:|1779871364
|move|p1a: Tinkaton|Stealth Rock|p2a: Mandibuzz
|-sidestart|p2: My Alexandra|move: Stealth Rock
|move|p2a: Mandibuzz|Foul Play|p1a: Tinkaton
|-resisted|p1a: Tinkaton
|-damage|p1a: Tinkaton|0 fnt
|faint|p1a: Tinkaton
|
|upkeep
|
|t:|1779871368
|switch|p1a: Clefable|Clefable, M|100/100
|turn|14
|
|t:|1779871388
|switch|p2a: Iron Treads|Iron Treads|44/100
|-damage|p2a: Iron Treads|41/100|[from] Stealth Rock
|move|p1a: Clefable|Knock Off|p2a: Iron Treads
|-damage|p2a: Iron Treads|28/100
|-enditem|p2a: Iron Treads|Leftovers|[from] move: Knock Off|[of] p1a: Clefable
|
|upkeep
|turn|15
|
|t:|1779871396
|switch|p1a: Ting-Lu|Ting-Lu|100/100
|-damage|p1a: Ting-Lu|94/100|[from] Stealth Rock
|-ability|p1a: Ting-Lu|Vessel of Ruin
|move|p2a: Iron Treads|Knock Off|p1a: Ting-Lu
|-resisted|p1a: Ting-Lu
|-damage|p1a: Ting-Lu|86/100
|-enditem|p1a: Ting-Lu|Leftovers|[from] move: Knock Off|[of] p2a: Iron Treads
|
|upkeep
|turn|16
|
|t:|1779871404
|move|p2a: Iron Treads|Rapid Spin|p1a: Ting-Lu
|-damage|p1a: Ting-Lu|76/100
|-boost|p2a: Iron Treads|spe|1
|-sideend|p2: My Alexandra|Stealth Rock|[from] move: Rapid Spin|[of] p2a: Iron Treads
|move|p1a: Ting-Lu|Earthquake|p2a: Iron Treads
|-supereffective|p2a: Iron Treads
|-damage|p2a: Iron Treads|0 fnt
|faint|p2a: Iron Treads
|-end|p2a: Iron Treads|Quark Drive|[silent]
|
|upkeep
|
|t:|1779871408
|switch|p2a: Primarina|Primarina, M|100/100
|turn|17
|
|t:|1779871411
|move|p2a: Primarina|Hydro Pump|p1a: Ting-Lu|[miss]
|-miss|p2a: Primarina|p1a: Ting-Lu
|move|p1a: Ting-Lu|Spikes|p2a: Primarina
|-sidestart|p2: My Alexandra|Spikes
|
|upkeep
|turn|18
|
|t:|1779871417
|move|p2a: Primarina|Hydro Pump|p1a: Ting-Lu|[miss]
|-miss|p2a: Primarina|p1a: Ting-Lu
|move|p1a: Ting-Lu|Spikes|p2a: Primarina
|-sidestart|p2: My Alexandra|Spikes
|
|upkeep
|turn|19
|
|t:|1779871420
|move|p2a: Primarina|Hydro Pump|p1a: Ting-Lu
|-supereffective|p1a: Ting-Lu
|-damage|p1a: Ting-Lu|0 fnt
|faint|p1a: Ting-Lu
|
|upkeep
|
|t:|1779871422
|switch|p1a: Ogerpon|Ogerpon, F|86/100
|turn|20
|
|t:|1779871426
|switch|p2a: Mandibuzz|Mandibuzz, F|78/100
|move|p1a: Ogerpon|Ivy Cudgel|p2a: Mandibuzz
|-resisted|p2a: Mandibuzz
|-damage|p2a: Mandibuzz|64/100
|
|upkeep
|turn|21
|
|t:|1779871432
|move|p1a: Ogerpon|U-turn|p2a: Mandibuzz
|-damage|p2a: Mandibuzz|50/100
|
|t:|1779871435
|switch|p1a: Gliscor|Gliscor, M|100/100 tox|[from] U-turn
|-damage|p1a: Gliscor|88/100 tox|[from] Stealth Rock
|move|p2a: Mandibuzz|Roost|p2a: Mandibuzz
|-heal|p2a: Mandibuzz|99/100
|-singleturn|p2a: Mandibuzz|move: Roost
|
|-heal|p1a: Gliscor|100/100 tox|[from] ability: Poison Heal
|upkeep
|turn|22
|
|t:|1779871442
|switch|p2a: Cobalion|Cobalion|94/100
|-damage|p2a: Cobalion|77/100|[from] Spikes
|move|p1a: Gliscor|Swords Dance|p1a: Gliscor
|-boost|p1a: Gliscor|atk|2
|
|upkeep
|turn|23
|
|t:|1779871447
|switch|p2a: Ogerpon|Ogerpon-Wellspring, F|100/100
|-damage|p2a: Ogerpon|84/100|[from] Spikes
|switch|p1a: Ogerpon|Ogerpon, F|86/100
|
|upkeep
|turn|24
|
|t:|1779871453
|switch|p2a: Mandibuzz|Mandibuzz, F|99/100
|move|p1a: Ogerpon|U-turn|p2a: Mandibuzz
|-damage|p2a: Mandibuzz|87/100
|
|t:|1779871456
|switch|p1a: Gliscor|Gliscor, M|100/100 tox|[from] U-turn
|-damage|p1a: Gliscor|88/100 tox|[from] Stealth Rock
|
|-heal|p1a: Gliscor|100/100 tox|[from] ability: Poison Heal
|upkeep
|turn|25
|
|t:|1779871461
|move|p1a: Gliscor|Swords Dance|p1a: Gliscor
|-boost|p1a: Gliscor|atk|2
|move|p2a: Mandibuzz|Defog|p1a: Gliscor
|-unboost|p1a: Gliscor|evasion|1
|-sideend|p1: draconotmeteor|Stealth Rock|[from] move: Defog|[of] p2a: Mandibuzz
|-sideend|p2: My Alexandra|Spikes|[from] move: Defog|[of] p2a: Mandibuzz
|
|upkeep
|turn|26
|
|t:|1779871464
|-terastallize|p1a: Gliscor|Normal
|move|p1a: Gliscor|Facade|p2a: Mandibuzz
|-damage|p2a: Mandibuzz|36/100
|move|p2a: Mandibuzz|Foul Play|p1a: Gliscor
|-damage|p1a: Gliscor|55/100 tox
|
|-heal|p1a: Gliscor|68/100 tox|[from] ability: Poison Heal
|upkeep
|turn|27
|
|t:|1779871473
|switch|p2a: Dragapult|Dragapult, M|100/100
|move|p1a: Gliscor|Facade|p2a: Dragapult
|-immune|p2a: Dragapult
|
|-heal|p1a: Gliscor|80/100 tox|[from] ability: Poison Heal
|upkeep
|turn|28
|
|t:|1779871479
|move|p1a: Gliscor|Protect|p1a: Gliscor
|-singleturn|p1a: Gliscor|Protect
|move|p2a: Dragapult|Draco Meteor|p1a: Gliscor
|-activate|p1a: Gliscor|move: Protect
|
|-heal|p1a: Gliscor|93/100 tox|[from] ability: Poison Heal
|upkeep
|turn|29
|
|t:|1779871483
|switch|p2a: Cobalion|Cobalion|77/100
|switch|p1a: Clefable|Clefable, M|100/100
|
|upkeep
|turn|30
|
|t:|1779871487
|move|p2a: Cobalion|Thunder Wave|p1a: Clefable
|-status|p1a: Clefable|par
|cant|p1a: Clefable|par
|
|upkeep
|turn|31
|
|t:|1779871491
|move|p2a: Cobalion|Volt Switch|p1a: Clefable
|-damage|p1a: Clefable|87/100 par
|
|t:|1779871494
|switch|p2a: Primarina|Primarina, M|100/100|[from] Volt Switch
|move|p1a: Clefable|Thunder Wave|p2a: Primarina
|-status|p2a: Primarina|par
|
|-heal|p1a: Clefable|93/100 par|[from] item: Leftovers
|upkeep
|turn|32
|
|t:|1779871500
|move|p2a: Primarina|Moonblast|p1a: Clefable
|-damage|p1a: Clefable|23/100 par
|-unboost|p1a: Clefable|spa|1
|move|p1a: Clefable|Knock Off|p2a: Primarina
|-resisted|p2a: Primarina
|-damage|p2a: Primarina|91/100 par
|-enditem|p2a: Primarina|Choice Specs|[from] move: Knock Off|[of] p1a: Clefable
|
|-heal|p1a: Clefable|29/100 par|[from] item: Leftovers
|upkeep
|turn|33
|
|t:|1779871505
|switch|p1a: Ogerpon|Ogerpon, F|86/100
|move|p2a: Primarina|Ice Beam|p1a: Ogerpon
|-supereffective|p1a: Ogerpon
|-damage|p1a: Ogerpon|11/100
|
|upkeep
|turn|34
|
|t:|1779871511
|move|p1a: Ogerpon|Ivy Cudgel|p2a: Primarina
|-supereffective|p2a: Primarina
|-damage|p2a: Primarina|0 fnt
|faint|p2a: Primarina
|
|upkeep
|
|t:|1779871514
|switch|p2a: Dragapult|Dragapult, M|100/100
|turn|35
|
|t:|1779871519
|move|p2a: Dragapult|U-turn|p1a: Ogerpon
|-supereffective|p1a: Ogerpon
|-damage|p1a: Ogerpon|0 fnt
|faint|p1a: Ogerpon
|
|t:|1779871526
|switch|p2a: Ogerpon|Ogerpon-Wellspring, F|84/100|[from] U-turn
|
|upkeep
|
|t:|1779871530
|switch|p1a: Pecharunt|Pecharunt|72/100
|turn|36
|
|t:|1779871533
|switch|p2a: Cobalion|Cobalion|77/100
|move|p1a: Pecharunt|Parting Shot|p2a: Cobalion
|-unboost|p2a: Cobalion|atk|1
|-unboost|p2a: Cobalion|spa|1
|
|t:|1779871535
|switch|p1a: Gliscor|Gliscor, M, tera:Normal|93/100 tox|[from] Parting Shot
|
|-heal|p1a: Gliscor|100/100 tox|[from] ability: Poison Heal
|upkeep
|turn|37
|
|t:|1779871539
|move|p2a: Cobalion|Volt Switch|p1a: Gliscor
|-damage|p1a: Gliscor|93/100 tox
|
|t:|1779871542
|switch|p2a: Mandibuzz|Mandibuzz, F|36/100|[from] Volt Switch
|move|p1a: Gliscor|Swords Dance|p1a: Gliscor
|-boost|p1a: Gliscor|atk|2
|
|-heal|p1a: Gliscor|100/100 tox|[from] ability: Poison Heal
|upkeep
|turn|38
|
|t:|1779871546
|move|p1a: Gliscor|Facade|p2a: Mandibuzz
|-damage|p2a: Mandibuzz|0 fnt
|faint|p2a: Mandibuzz
|
|upkeep
|
|t:|1779871548
|switch|p2a: Cobalion|Cobalion|77/100
|turn|39
|
|t:|1779871553
|-terastallize|p2a: Cobalion|Fairy
|move|p2a: Cobalion|Iron Defense|p2a: Cobalion
|-boost|p2a: Cobalion|def|2
|move|p1a: Gliscor|Facade|p2a: Cobalion
|-damage|p2a: Cobalion|43/100
|
|upkeep
|turn|40
|
|t:|1779871558
|move|p2a: Cobalion|Body Press|p1a: Gliscor
|-supereffective|p1a: Gliscor
|-damage|p1a: Gliscor|0 fnt
|faint|p1a: Gliscor
|
|upkeep
|
|t:|1779871561
|switch|p1a: Pecharunt|Pecharunt|72/100
|turn|41
|
|t:|1779871563
|move|p2a: Cobalion|Thunder Wave|p1a: Pecharunt
|-status|p1a: Pecharunt|par
|move|p1a: Pecharunt|Malignant Chain|p2a: Cobalion
|-supereffective|p2a: Cobalion
|-damage|p2a: Cobalion|0 fnt
|faint|p2a: Cobalion
|
|upkeep
|-message|draconotmeteor forfeited.
|
|win|My Alexandra
|raw|draconotmeteor's rating: 1371 &rarr; <strong>1348</strong><br />(-23 for losing)
|raw|My Alexandra's rating: 1323 &rarr; <strong>1346</strong><br />(+23 for winning)
|l|☆draconotmeteor
|player|p1|
|l|☆My Alexandra
|player|p2|
