|j|☆hgbbhh
|j|☆noobking9786
|t:|1779898722
|gametype|singles
|player|p1|hgbbhh|265|1000
|player|p2|noobking9786|266|1047
|gen|9
|tier|[Gen 9] OU
|rated|
|rule|HP Percentage Mod: HP is shown in percentages
|rule|Endless Battle Clause: Forcing endless battles is banned
|rule|Species Clause: Limit one of each Pokémon
|rule|OHKO Clause: OHKO moves are banned
|rule|Evasion Items Clause: Evasion items are banned
|rule|Evasion Moves Clause: Evasion moves are banned
|rule|Evasion Abilities Clause: Evasion abilities are banned
|rule|Sleep Moves Clause: Sleep-inducing moves are banned
|clearpoke
|poke|p1|Kingambit, M|
|poke|p1|Great Tusk|
|poke|p1|Incineroar, M|
|poke|p1|Typhlosion-Hisui, F|
|poke|p1|Iron Valiant|
|poke|p1|Maushold-Four|
|poke|p2|Ceruledge, M|
|poke|p2|Kingambit, F|
|poke|p2|Blaziken, F|
|poke|p2|Deoxys-Speed|
|poke|p2|Okidogi, M|
|poke|p2|Regieleki|
|teampreview
|
|t:|1779898730
|teamsize|p1|6
|teamsize|p2|6
|start
|switch|p1a: Maushold|Maushold-Four|100/100
|switch|p2a: Ceruledge|Ceruledge, M|100/100
|turn|1
|
|t:|1779898742
|switch|p1a: Great Tusk|Great Tusk, shiny|100/100
|-enditem|p1a: Great Tusk|Booster Energy
|-activate|p1a: Great Tusk|ability: Protosynthesis|[fromitem]
|-start|p1a: Great Tusk|protosynthesisatk
|move|p2a: Ceruledge|Iron Defense|p2a: Ceruledge
|-boost|p2a: Ceruledge|def|2
|
|upkeep
|turn|2
|
|t:|1779898757
|move|p2a: Ceruledge|Will-O-Wisp|p1a: Great Tusk
|-status|p1a: Great Tusk|brn
|move|p1a: Great Tusk|Headlong Rush|p2a: Ceruledge
|-supereffective|p2a: Ceruledge
|-damage|p2a: Ceruledge|51/100
|-unboost|p1a: Great Tusk|def|1
|-unboost|p1a: Great Tusk|spd|1
|-ability|p2a: Ceruledge|Weak Armor|boost
|-unboost|p2a: Ceruledge|def|1
|-boost|p2a: Ceruledge|spe|2
|
|-damage|p1a: Great Tusk|94/100 brn|[from] brn
|upkeep
|turn|3
|
|t:|1779898772
|move|p2a: Ceruledge|Bitter Blade|p1a: Great Tusk
|-damage|p1a: Great Tusk|43/100 brn
|-heal|p2a: Ceruledge|81/100|[from] drain|[of] p1a: Great Tusk
|move|p1a: Great Tusk|Stealth Rock|p2a: Ceruledge
|-sidestart|p2: noobking9786|move: Stealth Rock
|
|-damage|p1a: Great Tusk|37/100 brn|[from] brn
|upkeep
|turn|4
|
|t:|1779898789
|-end|p1a: Great Tusk|Protosynthesis|[silent]
|switch|p1a: Incineroar|Incineroar, M|100/100
|-ability|p1a: Incineroar|Intimidate|boost
|-unboost|p2a: Ceruledge|atk|1
|move|p2a: Ceruledge|Bitter Blade|p1a: Incineroar
|-resisted|p1a: Incineroar
|-damage|p1a: Incineroar|85/100
|-heal|p2a: Ceruledge|89/100|[from] drain|[of] p1a: Incineroar
|
|upkeep
|turn|5
|
|t:|1779898806
|move|p2a: Ceruledge|Bitter Blade|p1a: Incineroar
|-resisted|p1a: Incineroar
|-damage|p1a: Incineroar|68/100
|-heal|p2a: Ceruledge|97/100|[from] drain|[of] p1a: Incineroar
|move|p1a: Incineroar|Swords Dance|p1a: Incineroar
|-boost|p1a: Incineroar|atk|2
|
|upkeep
|turn|6
|
|t:|1779898821
|move|p2a: Ceruledge|Bitter Blade|p1a: Incineroar
|-resisted|p1a: Incineroar
|-damage|p1a: Incineroar|53/100
|-heal|p2a: Ceruledge|100/100|[from] drain|[of] p1a: Incineroar
|move|p1a: Incineroar|Knock Off|p2a: Ceruledge
|-supereffective|p2a: Ceruledge
|-damage|p2a: Ceruledge|0 fnt
|-enditem|p2a: Ceruledge|Charcoal|[from] move: Knock Off|[of] p1a: Incineroar
|faint|p2a: Ceruledge
|
|upkeep
|
|t:|1779898834
|switch|p2a: Regieleki|Regieleki|100/100
|-damage|p2a: Regieleki|88/100|[from] Stealth Rock
|-item|p2a: Regieleki|Air Balloon
|turn|7
|
|t:|1779898847
|switch|p1a: Great Tusk|Great Tusk, shiny|37/100 brn
|move|p2a: Regieleki|Supercell Slam|p1a: Great Tusk
|-immune|p1a: Great Tusk
|-damage|p2a: Regieleki|38/100|[from] supercellslam
|
|-damage|p1a: Great Tusk|31/100 brn|[from] brn
|upkeep
|turn|8
|
|t:|1779898861
|switch|p2a: Deoxys|Deoxys-Speed|100/100
|-ability|p2a: Deoxys|Pressure
|move|p1a: Great Tusk|Close Combat|p2a: Deoxys
|-resisted|p2a: Deoxys
|-damage|p2a: Deoxys|77/100
|-unboost|p1a: Great Tusk|def|1
|-unboost|p1a: Great Tusk|spd|1
|
|-damage|p1a: Great Tusk|24/100 brn|[from] brn
|upkeep
|turn|9
|
|t:|1779898875
|-end|p1a: Great Tusk|Protosynthesis|[silent]
|switch|p1a: Incineroar|Incineroar, M|53/100
|-ability|p1a: Incineroar|Intimidate|boost
|-unboost|p2a: Deoxys|atk|1
|move|p2a: Deoxys|Calm Mind|p2a: Deoxys
|-boost|p2a: Deoxys|spa|1
|-boost|p2a: Deoxys|spd|1
|
|upkeep
|turn|10
|
|t:|1779898884
|move|p2a: Deoxys|Meteor Beam||[still]
|-prepare|p2a: Deoxys|Meteor Beam
|-boost|p2a: Deoxys|spa|1
|move|p1a: Incineroar|Knock Off|p2a: Deoxys
|-supereffective|p2a: Deoxys
|-damage|p2a: Deoxys|0 fnt
|-enditem|p2a: Deoxys|Heavy-Duty Boots|[from] move: Knock Off|[of] p1a: Incineroar
|faint|p2a: Deoxys
|
|upkeep
|
|t:|1779898894
|switch|p2a: Blaziken|Blaziken, F|100/100
|-damage|p2a: Blaziken|88/100|[from] Stealth Rock
|turn|11
|
|t:|1779898908
|switch|p1a: Typhlosion|Typhlosion-Hisui, F|100/100
|move|p2a: Blaziken|Bulk Up|p2a: Blaziken
|-boost|p2a: Blaziken|atk|1
|-boost|p2a: Blaziken|def|1
|
|-ability|p2a: Blaziken|Speed Boost|boost
|-boost|p2a: Blaziken|spe|1
|upkeep
|turn|12
|
|t:|1779898926
|-singleturn|p1a: Typhlosion|move: Focus Punch
|move|p2a: Blaziken|Acrobatics|p1a: Typhlosion
|-damage|p1a: Typhlosion|70/100
|cant|p1a: Typhlosion|Focus Punch|Focus Punch
|
|-ability|p2a: Blaziken|Speed Boost|boost
|-boost|p2a: Blaziken|spe|1
|upkeep
|turn|13
|
|t:|1779898943
|switch|p1a: Iron Valiant|Iron Valiant|100/100
|-enditem|p1a: Iron Valiant|Booster Energy
|-activate|p1a: Iron Valiant|ability: Quark Drive|[fromitem]
|-start|p1a: Iron Valiant|quarkdriveatk
|move|p2a: Blaziken|Bulk Up|p2a: Blaziken
|-boost|p2a: Blaziken|atk|1
|-boost|p2a: Blaziken|def|1
|
|-ability|p2a: Blaziken|Speed Boost|boost
|-boost|p2a: Blaziken|spe|1
|upkeep
|turn|14
|
|t:|1779898955
|move|p2a: Blaziken|Acrobatics|p1a: Iron Valiant
|-supereffective|p1a: Iron Valiant
|-damage|p1a: Iron Valiant|30/100
|move|p1a: Iron Valiant|Future Sight|p2a: Blaziken
|-start|p1a: Iron Valiant|move: Future Sight
|
|-ability|p2a: Blaziken|Speed Boost|boost
|-boost|p2a: Blaziken|spe|1
|upkeep
|turn|15
|
|t:|1779898965
|move|p2a: Blaziken|Acrobatics|p1a: Iron Valiant
|-supereffective|p1a: Iron Valiant
|-damage|p1a: Iron Valiant|0 fnt
|faint|p1a: Iron Valiant
|-end|p1a: Iron Valiant|Quark Drive|[silent]
|
|-ability|p2a: Blaziken|Speed Boost|boost
|-boost|p2a: Blaziken|spe|1
|upkeep
|
|t:|1779898976
|switch|p1a: Great Tusk|Great Tusk, shiny|24/100 brn
|turn|16
|
|t:|1779898981
|move|p2a: Blaziken|Protect|p2a: Blaziken
|-singleturn|p2a: Blaziken|Protect
|move|p1a: Great Tusk|Headlong Rush|p2a: Blaziken
|-activate|p2a: Blaziken|move: Protect
|
|-end|p2a: Blaziken|move: Future Sight
|-supereffective|p2a: Blaziken
|-damage|p2a: Blaziken|9/100
|-enditem|p2a: Blaziken|Sitrus Berry|[eat]
|-heal|p2a: Blaziken|34/100|[from] item: Sitrus Berry
|-damage|p1a: Great Tusk|18/100 brn|[from] brn
|-ability|p2a: Blaziken|Speed Boost|boost
|-boost|p2a: Blaziken|spe|1
|upkeep
|turn|17
|
|t:|1779898996
|move|p2a: Blaziken|Acrobatics|p1a: Great Tusk
|-supereffective|p1a: Great Tusk
|-damage|p1a: Great Tusk|0 fnt
|faint|p1a: Great Tusk
|-end|p1a: Great Tusk|Protosynthesis|[silent]
|
|upkeep
|
|t:|1779899002
|switch|p1a: Kingambit|Kingambit, M, shiny|100/100
|-activate|p1a: Kingambit|ability: Supreme Overlord
|-start|p1a: Kingambit|fallen2|[silent]
|turn|18
|
|t:|1779899010
|-terastallize|p1a: Kingambit|Fighting
|move|p1a: Kingambit|Sucker Punch||[still]
|-fail|p1a: Kingambit
|move|p2a: Blaziken|Bulk Up|p2a: Blaziken
|-boost|p2a: Blaziken|atk|1
|-boost|p2a: Blaziken|def|1
|
|upkeep
|turn|19
|
|t:|1779899021
|move|p2a: Blaziken|Protect|p2a: Blaziken
|-singleturn|p2a: Blaziken|Protect
|move|p1a: Kingambit|Kowtow Cleave|p2a: Blaziken
|-activate|p2a: Blaziken|move: Protect
|
|upkeep
|turn|20
|
|t:|1779899032
|move|p2a: Blaziken|Acrobatics|p1a: Kingambit
|-supereffective|p1a: Kingambit
|-damage|p1a: Kingambit|0 fnt
|faint|p1a: Kingambit
|-end|p1a: Kingambit|fallen2|[silent]
|
|upkeep
|
|t:|1779899038
|switch|p1a: Maushold|Maushold-Four|100/100
|turn|21
|
|t:|1779899044
|move|p2a: Blaziken|Acrobatics|p1a: Maushold
|-damage|p1a: Maushold|0 fnt
|faint|p1a: Maushold
|
|upkeep
|
|t:|1779899050
|switch|p1a: Incineroar|Incineroar, M|53/100
|-ability|p1a: Incineroar|Intimidate|boost
|-unboost|p2a: Blaziken|atk|1
|turn|22
|
|t:|1779899056
|move|p2a: Blaziken|Acrobatics|p1a: Incineroar
|-damage|p1a: Incineroar|3/100
|move|p1a: Incineroar|Close Combat|p2a: Blaziken
|-damage|p2a: Blaziken|15/100
|-unboost|p1a: Incineroar|def|1
|-unboost|p1a: Incineroar|spd|1
|
|upkeep
|turn|23
|
|t:|1779899066
|move|p2a: Blaziken|Acrobatics|p1a: Incineroar
|-damage|p1a: Incineroar|0 fnt
|faint|p1a: Incineroar
|
|upkeep
|
|t:|1779899073
|switch|p1a: Typhlosion|Typhlosion-Hisui, F|70/100
|turn|24
|
|t:|1779899080
|move|p2a: Blaziken|Protect|p2a: Blaziken
|-singleturn|p2a: Blaziken|Protect
|move|p1a: Typhlosion|Brick Break|p2a: Blaziken
|-activate|p2a: Blaziken|move: Protect
|
|upkeep
|turn|25
|
|t:|1779899087
|move|p2a: Blaziken|Acrobatics|p1a: Typhlosion
|-damage|p1a: Typhlosion|0 fnt
|faint|p1a: Typhlosion
|
|win|noobking9786
|raw|hgbbhh's rating: 1000 &rarr; <strong>1000</strong><br />(+0 for losing)
|raw|noobking9786's rating: 1047 &rarr; <strong>1076</strong><br />(+29 for winning)
|l|☆hgbbhh
|player|p1|
