|j|‽aria4games
|j|☆TheLeo4780
|t:|1779970128
|gametype|singles
|player|p1|aria4games|baker|1372
|player|p2|TheLeo4780|scientist-gen4|1397
|gen|9
|tier|[Gen 9] OU
|rated|
|rule|HP Percentage Mod: HP is shown in percentages
|rule|Endless Battle Clause: Forcing endless battles is banned
|rule|Species Clause: Limit one of each Pokémon
|rule|OHKO Clause: OHKO moves are banned
|rule|Evasion Items Clause: Evasion items are banned
|rule|Evasion Moves Clause: Evasion moves are banned
|rule|Evasion Abilities Clause: Evasion abilities are banned
|rule|Sleep Moves Clause: Sleep-inducing moves are banned
|clearpoke
|poke|p1|Cinderace, M|
|poke|p1|Reuniclus, M|
|poke|p1|Kyurem|
|poke|p1|Raging Bolt|
|poke|p1|Darkrai|
|poke|p1|Keldeo-Resolute|
|poke|p2|Raging Bolt|
|poke|p2|Ogerpon-Wellspring, F|
|poke|p2|Hatterene, F|
|poke|p2|Landorus-Therian, M|
|poke|p2|Kingambit, M|
|poke|p2|Zamazenta-*|
|teampreview
|
|t:|1779970148
|teamsize|p1|6
|teamsize|p2|6
|start
|switch|p1a: Reuniclus|Reuniclus, M, shiny|100/100
|switch|p2a: Raging Bolt|Raging Bolt|100/100
|turn|1
|
|t:|1779970156
|move|p2a: Raging Bolt|Volt Switch|p1a: Reuniclus
|-damage|p1a: Reuniclus|44/100
|
|t:|1779970162
|-end|p2a: Raging Bolt|Protosynthesis|[silent]
|switch|p2a: Ogerpon|Ogerpon-Wellspring, F|100/100|[from] Volt Switch
|move|p1a: Reuniclus|Future Sight|p2a: Ogerpon
|-start|p1a: Reuniclus|move: Future Sight
|
|upkeep
|turn|2
|
|t:|1779970174
|move|p2a: Ogerpon|Ivy Cudgel|p1a: Reuniclus|[anim] Ivy Cudgel Water
|-damage|p1a: Reuniclus|3/100
|move|p1a: Reuniclus|Recover|p1a: Reuniclus
|-heal|p1a: Reuniclus|53/100
|
|upkeep
|turn|3
|
|t:|1779970182
|switch|p2a: Kingambit|Kingambit, M|100/100
|move|p1a: Reuniclus|Thunder Wave|p2a: Kingambit
|-status|p2a: Kingambit|par
|
|-end|p2a: Kingambit|move: Future Sight
|-immune|p2a: Kingambit
|upkeep
|turn|4
|
|t:|1779970194
|switch|p1a: Keldeo|Keldeo-Resolute|100/100
|move|p2a: Kingambit|Sucker Punch||[still]
|-fail|p2a: Kingambit
|
|upkeep
|turn|5
|
|t:|1779970201
|-end|p2a: Kingambit|fallenundefined|[silent]
|switch|p2a: Raging Bolt|Raging Bolt|100/100
|move|p1a: Keldeo|Flip Turn|p2a: Raging Bolt
|-resisted|p2a: Raging Bolt
|-damage|p2a: Raging Bolt|94/100
|
|t:|1779970209
|switch|p1a: Darkrai|Darkrai|100/100|[from] Flip Turn
|
|upkeep
|turn|6
|
|t:|1779970216
|move|p1a: Darkrai|Ice Beam|p2a: Raging Bolt
|-supereffective|p2a: Raging Bolt
|-damage|p2a: Raging Bolt|0 fnt
|faint|p2a: Raging Bolt
|-end|p2a: Raging Bolt|Protosynthesis|[silent]
|
|upkeep
|
|t:|1779970223
|switch|p2a: Hatterene|Hatterene, F|100/100
|turn|7
|
|t:|1779970257
|switch|p1a: Raging Bolt|Raging Bolt|100/100
|-enditem|p1a: Raging Bolt|Booster Energy
|-activate|p1a: Raging Bolt|ability: Protosynthesis|[fromitem]
|-start|p1a: Raging Bolt|protosynthesisspa
|switch|p2a: Ogerpon|Ogerpon-Wellspring, F|100/100
|
|upkeep
|turn|8
|
|t:|1779970263
|switch|p2a: Landorus|Landorus-Therian, M|100/100
|-ability|p2a: Landorus|Intimidate|boost
|-unboost|p1a: Raging Bolt|atk|1
|move|p1a: Raging Bolt|Calm Mind|p1a: Raging Bolt
|-boost|p1a: Raging Bolt|spa|1
|-boost|p1a: Raging Bolt|spd|1
|
|upkeep
|turn|9
|
|t:|1779970268
|-terastallize|p1a: Raging Bolt|Bug
|move|p2a: Landorus|Taunt|p1a: Raging Bolt
|-start|p1a: Raging Bolt|move: Taunt
|move|p1a: Raging Bolt|Dragon Pulse|p2a: Landorus
|-damage|p2a: Landorus|0 fnt
|faint|p2a: Landorus
|
|upkeep
|
|t:|1779970280
|switch|p2a: Hatterene|Hatterene, F|100/100
|turn|10
|
|t:|1779970284
|move|p1a: Raging Bolt|Thunderbolt|p2a: Hatterene
|-damage|p2a: Hatterene|31/100
|-status|p2a: Hatterene|par
|cant|p2a: Hatterene|par
|
|upkeep
|turn|11
|-message|TheLeo4780 forfeited.
|
|win|aria4games
|raw|aria4games's rating: 1372 &rarr; <strong>1393</strong><br />(+21 for winning)
|raw|TheLeo4780's rating: 1397 &rarr; <strong>1376</strong><br />(-21 for losing)
|l|☆TheLeo4780
|player|p2|
|l|‽aria4games
|player|p1|
