|j|☆iosoyio
|j|☆Chechoide
|t:|1779855012
|gametype|singles
|player|p1|iosoyio|gambler|1339
|player|p2|Chechoide|clown|1331
|gen|9
|tier|[Gen 9] OU
|rated|
|rule|HP Percentage Mod: HP is shown in percentages
|rule|Endless Battle Clause: Forcing endless battles is banned
|rule|Species Clause: Limit one of each Pokémon
|rule|OHKO Clause: OHKO moves are banned
|rule|Evasion Items Clause: Evasion items are banned
|rule|Evasion Moves Clause: Evasion moves are banned
|rule|Evasion Abilities Clause: Evasion abilities are banned
|rule|Sleep Moves Clause: Sleep-inducing moves are banned
|clearpoke
|poke|p1|Grafaiai, M|
|poke|p1|Kilowattrel, M|
|poke|p1|Meowscarada, F|
|poke|p1|Garganacl, F|
|poke|p1|Ceruledge, M|
|poke|p1|Rillaboom, F|
|poke|p2|Blissey, F|
|poke|p2|Gliscor, M|
|poke|p2|Dondozo, F|
|poke|p2|Slowking-Galar, M|
|poke|p2|Clefable, M|
|poke|p2|Weezing-Galar, F|
|teampreview
|
|t:|1779855036
|teamsize|p1|6
|teamsize|p2|6
|start
|switch|p1a: Rillaboom|Rillaboom, F|100/100
|switch|p2a: Albert Eipstein|Weezing-Galar, F|100/100
|-ability|p2a: Albert Eipstein|Neutralizing Gas
|turn|1
|
|t:|1779855044
|move|p1a: Rillaboom|U-turn|p2a: Albert Eipstein
|-resisted|p2a: Albert Eipstein
|-damage|p2a: Albert Eipstein|96/100
|
|t:|1779855048
|switch|p1a: Grafaiai|Grafaiai, M|100/100|[from] U-turn
|move|p2a: Albert Eipstein|Will-O-Wisp|p1a: Grafaiai
|-status|p1a: Grafaiai|brn
|
|-damage|p1a: Grafaiai|94/100 brn|[from] brn
|upkeep
|turn|2
|
|t:|1779855069
|-end|p2a: Albert Eipstein|ability: Neutralizing Gas
|switch|p2a: Cabryan|Blissey, F|100/100
|move|p1a: Grafaiai|Taunt|p2a: Cabryan
|-start|p2a: Cabryan|move: Taunt
|
|-heal|p1a: Grafaiai|100/100 brn|[from] item: Black Sludge
|-damage|p1a: Grafaiai|94/100 brn|[from] brn
|upkeep
|turn|3
|
|t:|1779855107
|move|p1a: Grafaiai|Switcheroo|p2a: Cabryan
|-activate|p1a: Grafaiai|move: Trick|[of] p2a: Cabryan
|-item|p2a: Cabryan|Black Sludge|[from] move: Switcheroo
|-item|p1a: Grafaiai|Heavy-Duty Boots|[from] move: Switcheroo
|move|p2a: Cabryan|Shadow Ball|p1a: Grafaiai
|-immune|p1a: Grafaiai
|
|-damage|p2a: Cabryan|88/100|[from] item: Black Sludge
|-damage|p1a: Grafaiai|88/100 brn|[from] brn
|upkeep
|turn|4
|l|☆iosoyio
|player|p1|
|
|t:|1779855124
|switch|p1a: Rillaboom|Rillaboom, F|100/100
|-fieldstart|move: Grassy Terrain|[from] ability: Grassy Surge|[of] p1a: Rillaboom
|switch|p2a: Charlie Kirk|Slowking-Galar, M|100/100
|
|upkeep
|turn|5
|j|☆iosoyio
|player|p1|iosoyio|gambler|
|
|t:|1779855142
|move|p1a: Rillaboom|Knock Off|p2a: Charlie Kirk
|-supereffective|p2a: Charlie Kirk
|-damage|p2a: Charlie Kirk|29/100
|-enditem|p2a: Charlie Kirk|Heavy-Duty Boots|[from] move: Knock Off|[of] p1a: Rillaboom
|move|p2a: Charlie Kirk|Sludge Bomb|p1a: Rillaboom
|-supereffective|p1a: Rillaboom
|-damage|p1a: Rillaboom|18/100
|
|-heal|p1a: Rillaboom|24/100|[from] Grassy Terrain
|-heal|p2a: Charlie Kirk|35/100|[from] Grassy Terrain
|upkeep
|turn|6
|
|t:|1779855156
|switch|p1a: Grafaiai|Grafaiai, M|88/100 brn
|switch|p2a: Ginecólogo Braga|Gliscor, M|100/100
|
|-heal|p1a: Grafaiai|94/100 brn|[from] Grassy Terrain
|-damage|p1a: Grafaiai|88/100 brn|[from] brn
|-status|p2a: Ginecólogo Braga|tox|[from] item: Toxic Orb
|upkeep
|turn|7
|
|t:|1779855168
|move|p1a: Grafaiai|Taunt|p2a: Ginecólogo Braga
|-start|p2a: Ginecólogo Braga|move: Taunt
|move|p2a: Ginecólogo Braga|Knock Off|p1a: Grafaiai
|-damage|p1a: Grafaiai|59/100 brn
|-enditem|p1a: Grafaiai|Heavy-Duty Boots|[from] move: Knock Off|[of] p2a: Ginecólogo Braga
|
|-heal|p1a: Grafaiai|65/100 brn|[from] Grassy Terrain
|-damage|p1a: Grafaiai|59/100 brn|[from] brn
|upkeep
|turn|8
|
|t:|1779855179
|move|p1a: Grafaiai|Sunny Day|p1a: Grafaiai
|-weather|SunnyDay
|move|p2a: Ginecólogo Braga|Knock Off|p1a: Grafaiai
|-damage|p1a: Grafaiai|39/100 brn
|
|-weather|SunnyDay|[upkeep]
|-heal|p1a: Grafaiai|45/100 brn|[from] Grassy Terrain
|-damage|p1a: Grafaiai|39/100 brn|[from] brn
|-fieldend|move: Grassy Terrain
|upkeep
|turn|9
|
|t:|1779855189
|switch|p1a: Ceruledge|Ceruledge, M|100/100
|move|p2a: Ginecólogo Braga|Knock Off|p1a: Ceruledge
|-supereffective|p1a: Ceruledge
|-damage|p1a: Ceruledge|48/100
|-ability|p1a: Ceruledge|Weak Armor|boost
|-unboost|p1a: Ceruledge|def|1
|-boost|p1a: Ceruledge|spe|2
|-enditem|p1a: Ceruledge|Weakness Policy
|-boost|p1a: Ceruledge|atk|2|[from] item: Weakness Policy
|-boost|p1a: Ceruledge|spa|2|[from] item: Weakness Policy
|
|-weather|SunnyDay|[upkeep]
|-end|p2a: Ginecólogo Braga|move: Taunt
|upkeep
|turn|10
|
|t:|1779855197
|-terastallize|p2a: Ginecólogo Braga|Dragon
|move|p1a: Ceruledge|Bitter Blade|p2a: Ginecólogo Braga
|-resisted|p2a: Ginecólogo Braga
|-damage|p2a: Ginecólogo Braga|57/100 tox
|-heal|p1a: Ceruledge|73/100|[from] drain|[of] p2a: Ginecólogo Braga
|move|p2a: Ginecólogo Braga|Knock Off|p1a: Ceruledge
|-supereffective|p1a: Ceruledge
|-damage|p1a: Ceruledge|11/100
|-ability|p1a: Ceruledge|Weak Armor|boost
|-unboost|p1a: Ceruledge|def|1
|-boost|p1a: Ceruledge|spe|2
|
|-weather|SunnyDay|[upkeep]
|-heal|p2a: Ginecólogo Braga|70/100 tox|[from] ability: Poison Heal
|upkeep
|turn|11
|
|t:|1779855209
|move|p1a: Ceruledge|Poltergeist|p2a: Ginecólogo Braga
|-activate|p2a: Ginecólogo Braga|move: Poltergeist|Toxic Orb
|-damage|p2a: Ginecólogo Braga|7/100 tox
|move|p2a: Ginecólogo Braga|Knock Off|p1a: Ceruledge
|-supereffective|p1a: Ceruledge
|-damage|p1a: Ceruledge|0 fnt
|faint|p1a: Ceruledge
|
|-weather|SunnyDay|[upkeep]
|-heal|p2a: Ginecólogo Braga|20/100 tox|[from] ability: Poison Heal
|upkeep
|
|t:|1779855219
|switch|p1a: Meowscarada|Meowscarada, F|100/100
|turn|12
|
|t:|1779855232
|switch|p2a: Gayllermo|Clefable, M|100/100
|move|p1a: Meowscarada|Triple Axel|p2a: Gayllermo
|-start|p1a: Meowscarada|typechange|Ice|[from] ability: Protean
|-damage|p2a: Gayllermo|92/100
|-crit|p2a: Gayllermo
|-damage|p2a: Gayllermo|64/100
|-damage|p2a: Gayllermo|37/100
|-hitcount|p2a: Gayllermo|3
|-damage|p1a: Meowscarada|91/100|[from] item: Life Orb
|
|-weather|none
|upkeep
|turn|13
|
|t:|1779855250
|move|p2a: Gayllermo|Protect|p2a: Gayllermo
|-singleturn|p2a: Gayllermo|Protect
|move|p1a: Meowscarada|Flower Trick|p2a: Gayllermo
|-activate|p2a: Gayllermo|move: Protect
|
|upkeep
|turn|14
|
|t:|1779855258
|switch|p2a: Albert Eipstein|Weezing-Galar, F|96/100
|-ability|p2a: Albert Eipstein|Neutralizing Gas
|move|p1a: Meowscarada|Triple Axel|p2a: Albert Eipstein
|-damage|p2a: Albert Eipstein|88/100
|-damage|p2a: Albert Eipstein|70/100
|-damage|p2a: Albert Eipstein|42/100
|-hitcount|p2a: Albert Eipstein|3
|-damage|p1a: Meowscarada|81/100|[from] item: Life Orb
|
|upkeep
|turn|15
|
|t:|1779855299
|move|p1a: Meowscarada|U-turn|p2a: Albert Eipstein
|-resisted|p2a: Albert Eipstein
|-crit|p2a: Albert Eipstein
|-damage|p2a: Albert Eipstein|36/100
|-damage|p1a: Meowscarada|71/100|[from] item: Life Orb
|
|t:|1779855302
|switch|p1a: Grafaiai|Grafaiai, M|39/100 brn|[from] U-turn
|move|p2a: Albert Eipstein|Will-O-Wisp|p1a: Grafaiai
|-fail|p1a: Grafaiai|brn
|
|-damage|p1a: Grafaiai|33/100 brn|[from] brn
|upkeep
|turn|16
|
|t:|1779855321
|-end|p2a: Albert Eipstein|ability: Neutralizing Gas
|switch|p2a: Charlie Kirk|Slowking-Galar, M|68/100
|move|p1a: Grafaiai|Taunt|p2a: Charlie Kirk
|-start|p2a: Charlie Kirk|move: Taunt
|
|-damage|p1a: Grafaiai|27/100 brn|[from] brn
|upkeep
|turn|17
|
|t:|1779855335
|move|p1a: Grafaiai|Knock Off|p2a: Charlie Kirk
|-supereffective|p2a: Charlie Kirk
|-damage|p2a: Charlie Kirk|52/100
|move|p2a: Charlie Kirk|Future Sight|p1a: Grafaiai
|-start|p2a: Charlie Kirk|move: Future Sight
|
|-damage|p1a: Grafaiai|20/100 brn|[from] brn
|upkeep
|turn|18
|
|t:|1779855346
|switch|p1a: Meowscarada|Meowscarada, F|71/100
|switch|p2a: Gayllermo|Clefable, M|37/100
|
|upkeep
|turn|19
|
|t:|1779855359
|switch|p2a: Luis Vargas|Dondozo, F|100/100
|move|p1a: Meowscarada|Knock Off|p2a: Luis Vargas
|-start|p1a: Meowscarada|typechange|Dark|[from] ability: Protean
|-damage|p2a: Luis Vargas|75/100
|-enditem|p2a: Luis Vargas|Heavy-Duty Boots|[from] move: Knock Off|[of] p1a: Meowscarada
|-damage|p1a: Meowscarada|61/100|[from] item: Life Orb
|
|-end|p1a: Meowscarada|move: Future Sight
|-immune|p1a: Meowscarada
|upkeep
|turn|20
|l|☆iosoyio
|player|p1|
|j|☆iosoyio
|player|p1|iosoyio|gambler|
|
|t:|1779855377
|move|p1a: Meowscarada|U-turn|p2a: Luis Vargas
|-crit|p2a: Luis Vargas
|-damage|p2a: Luis Vargas|56/100
|-damage|p1a: Meowscarada|51/100|[from] item: Life Orb
|
|t:|1779855383
|switch|p1a: Grafaiai|Grafaiai, M|20/100 brn|[from] U-turn
|move|p2a: Luis Vargas|Curse|p2a: Luis Vargas
|-unboost|p2a: Luis Vargas|spe|1
|-boost|p2a: Luis Vargas|atk|1
|-boost|p2a: Luis Vargas|def|1
|
|-damage|p1a: Grafaiai|14/100 brn|[from] brn
|upkeep
|turn|21
|
|t:|1779855395
|move|p1a: Grafaiai|Taunt|p2a: Luis Vargas
|-start|p2a: Luis Vargas|move: Taunt
|cant|p2a: Luis Vargas|move: Taunt|Rest
|
|-damage|p1a: Grafaiai|8/100 brn|[from] brn
|upkeep
|turn|22
|
|t:|1779855399
|move|p1a: Grafaiai|Sunny Day|p1a: Grafaiai
|-weather|SunnyDay
|move|p2a: Luis Vargas|Waterfall|p1a: Grafaiai
|-damage|p1a: Grafaiai|0 fnt
|faint|p1a: Grafaiai
|
|-weather|SunnyDay|[upkeep]
|upkeep
|l|☆iosoyio
|player|p1|
|j|☆iosoyio
|player|p1|iosoyio|gambler|
|
|t:|1779855413
|switch|p1a: Rillaboom|Rillaboom, F|24/100
|-fieldstart|move: Grassy Terrain|[from] ability: Grassy Surge|[of] p1a: Rillaboom
|turn|23
|
|t:|1779855423
|switch|p2a: Charlie Kirk|Slowking-Galar, M|85/100
|move|p1a: Rillaboom|Drum Beating|p2a: Charlie Kirk
|-resisted|p2a: Charlie Kirk
|-damage|p2a: Charlie Kirk|52/100
|-unboost|p2a: Charlie Kirk|spe|1
|
|-weather|SunnyDay|[upkeep]
|-heal|p1a: Rillaboom|30/100|[from] Grassy Terrain
|-heal|p2a: Charlie Kirk|58/100|[from] Grassy Terrain
|upkeep
|turn|24
|
|t:|1779855433
|move|p1a: Rillaboom|Knock Off|p2a: Charlie Kirk
|-supereffective|p2a: Charlie Kirk
|-damage|p2a: Charlie Kirk|9/100
|move|p2a: Charlie Kirk|Sludge Bomb|p1a: Rillaboom
|-supereffective|p1a: Rillaboom
|-damage|p1a: Rillaboom|0 fnt
|faint|p1a: Rillaboom
|
|-weather|SunnyDay|[upkeep]
|-heal|p2a: Charlie Kirk|15/100|[from] Grassy Terrain
|upkeep
|
|t:|1779855439
|switch|p1a: Meowscarada|Meowscarada, F|51/100
|turn|25
|
|t:|1779855455
|move|p1a: Meowscarada|Flower Trick|p2a: Charlie Kirk
|-start|p1a: Meowscarada|typechange|Grass|[from] ability: Protean
|-resisted|p2a: Charlie Kirk
|-crit|p2a: Charlie Kirk
|-damage|p2a: Charlie Kirk|0 fnt
|faint|p2a: Charlie Kirk
|-damage|p1a: Meowscarada|41/100|[from] item: Life Orb
|
|-weather|SunnyDay|[upkeep]
|-heal|p1a: Meowscarada|47/100|[from] Grassy Terrain
|upkeep
|
|t:|1779855469
|switch|p2a: Ginecólogo Braga|Gliscor, M, tera:Dragon|20/100 tox
|turn|26
|
|t:|1779855482
|move|p2a: Ginecólogo Braga|Protect|p2a: Ginecólogo Braga
|-singleturn|p2a: Ginecólogo Braga|Protect
|move|p1a: Meowscarada|Knock Off|p2a: Ginecólogo Braga
|-activate|p2a: Ginecólogo Braga|move: Protect
|
|-weather|none
|-heal|p1a: Meowscarada|53/100|[from] Grassy Terrain
|-heal|p2a: Ginecólogo Braga|26/100 tox|[from] Grassy Terrain
|-heal|p2a: Ginecólogo Braga|39/100 tox|[from] ability: Poison Heal
|upkeep
|turn|27
|
|t:|1779855494
|move|p1a: Meowscarada|Triple Axel|p2a: Ginecólogo Braga|[miss]
|-miss|p1a: Meowscarada|p2a: Ginecólogo Braga
|move|p2a: Ginecólogo Braga|Toxic|p1a: Meowscarada
|-status|p1a: Meowscarada|tox
|
|-heal|p1a: Meowscarada|60/100 tox|[from] Grassy Terrain
|-heal|p2a: Ginecólogo Braga|45/100 tox|[from] Grassy Terrain
|-damage|p1a: Meowscarada|53/100 tox|[from] psn
|-heal|p2a: Ginecólogo Braga|57/100 tox|[from] ability: Poison Heal
|-fieldend|move: Grassy Terrain
|upkeep
|turn|28
|
|t:|1779855502
|move|p2a: Ginecólogo Braga|Protect|p2a: Ginecólogo Braga
|-singleturn|p2a: Ginecólogo Braga|Protect
|move|p1a: Meowscarada|Triple Axel|p2a: Ginecólogo Braga
|-activate|p2a: Ginecólogo Braga|move: Protect
|
|-damage|p1a: Meowscarada|41/100 tox|[from] psn
|-heal|p2a: Ginecólogo Braga|70/100 tox|[from] ability: Poison Heal
|upkeep
|turn|29
|
|t:|1779855511
|switch|p1a: Garganacl|Garganacl, F, shiny|100/100
|switch|p2a: Luis Vargas|Dondozo, F|56/100
|
|upkeep
|turn|30
|
|t:|1779855523
|switch|p2a: Albert Eipstein|Weezing-Galar, F|36/100
|-ability|p2a: Albert Eipstein|Neutralizing Gas
|-terastallize|p1a: Garganacl|Fairy
|move|p1a: Garganacl|Salt Cure|p2a: Albert Eipstein
|-damage|p2a: Albert Eipstein|25/100
|-start|p2a: Albert Eipstein|Salt Cure
|
|-damage|p2a: Albert Eipstein|13/100|[from] Salt Cure
|upkeep
|turn|31
|
|t:|1779855531
|move|p2a: Albert Eipstein|Pain Split|p1a: Garganacl
|-sethp|p1a: Garganacl|56/100|[from] move: Pain Split|[silent]
|-sethp|p2a: Albert Eipstein|65/100|[from] move: Pain Split
|move|p1a: Garganacl|Body Press|p2a: Albert Eipstein
|-resisted|p2a: Albert Eipstein
|-crit|p2a: Albert Eipstein
|-damage|p2a: Albert Eipstein|58/100
|
|-damage|p2a: Albert Eipstein|46/100|[from] Salt Cure
|upkeep
|turn|32
|
|t:|1779855543
|move|p2a: Albert Eipstein|Sludge Bomb|p1a: Garganacl
|-supereffective|p1a: Garganacl
|-damage|p1a: Garganacl|14/100
|move|p1a: Garganacl|Iron Defense|p1a: Garganacl
|-boost|p1a: Garganacl|def|2
|
|-damage|p2a: Albert Eipstein|33/100|[from] Salt Cure
|upkeep
|turn|33
|
|t:|1779855548
|switch|p1a: Kilowattrel|Kilowattrel, M|100/100
|move|p2a: Albert Eipstein|Will-O-Wisp|p1a: Kilowattrel
|-status|p1a: Kilowattrel|brn
|
|-damage|p1a: Kilowattrel|94/100 brn|[from] brn
|-damage|p2a: Albert Eipstein|21/100|[from] Salt Cure
|upkeep
|turn|34
|
|t:|1779855554
|-end|p2a: Albert Eipstein|ability: Neutralizing Gas
|switch|p2a: Cabryan|Blissey, F|88/100
|move|p1a: Kilowattrel|Thunderbolt|p2a: Cabryan
|-damage|p2a: Cabryan|69/100
|
|-damage|p2a: Cabryan|57/100|[from] item: Black Sludge
|-damage|p1a: Kilowattrel|88/100 brn|[from] brn
|upkeep
|turn|35
|
|t:|1779855564
|switch|p1a: Garganacl|Garganacl, F, shiny, tera:Fairy|14/100
|move|p2a: Cabryan|Soft-Boiled|p2a: Cabryan
|-heal|p2a: Cabryan|100/100
|
|-damage|p2a: Cabryan|88/100|[from] item: Black Sludge
|upkeep
|turn|36
|
|t:|1779855571
|move|p2a: Cabryan|Shadow Ball|p1a: Garganacl
|-damage|p1a: Garganacl|7/100
|move|p1a: Garganacl|Recover|p1a: Garganacl
|-heal|p1a: Garganacl|57/100
|
|-damage|p2a: Cabryan|76/100|[from] item: Black Sludge
|upkeep
|turn|37
|
|t:|1779855577
|move|p2a: Cabryan|Stealth Rock|p1a: Garganacl
|-sidestart|p1: iosoyio|move: Stealth Rock
|move|p1a: Garganacl|Recover|p1a: Garganacl
|-heal|p1a: Garganacl|100/100
|
|-damage|p2a: Cabryan|63/100|[from] item: Black Sludge
|upkeep
|turn|38
|
|t:|1779855583
|move|p2a: Cabryan|Soft-Boiled|p2a: Cabryan
|-heal|p2a: Cabryan|100/100
|move|p1a: Garganacl|Iron Defense|p1a: Garganacl
|-boost|p1a: Garganacl|def|2
|
|-damage|p2a: Cabryan|88/100|[from] item: Black Sludge
|upkeep
|turn|39
|
|t:|1779855588
|switch|p2a: Luis Vargas|Dondozo, F|56/100
|move|p1a: Garganacl|Iron Defense|p1a: Garganacl
|-boost|p1a: Garganacl|def|2
|
|upkeep
|turn|40
|
|t:|1779855593
|move|p2a: Luis Vargas|Curse|p2a: Luis Vargas
|-unboost|p2a: Luis Vargas|spe|1
|-boost|p2a: Luis Vargas|atk|1
|-boost|p2a: Luis Vargas|def|1
|move|p1a: Garganacl|Salt Cure|p2a: Luis Vargas
|-damage|p2a: Luis Vargas|52/100
|-start|p2a: Luis Vargas|Salt Cure
|
|-damage|p2a: Luis Vargas|27/100|[from] Salt Cure
|upkeep
|turn|41
|
|t:|1779855600
|move|p1a: Garganacl|Body Press|p2a: Luis Vargas
|-crit|p2a: Luis Vargas
|-damage|p2a: Luis Vargas|10/100
|move|p2a: Luis Vargas|Rest|p2a: Luis Vargas
|-status|p2a: Luis Vargas|slp|[from] move: Rest
|-heal|p2a: Luis Vargas|100/100 slp|[silent]
|
|-damage|p2a: Luis Vargas|75/100 slp|[from] Salt Cure
|upkeep
|turn|42
|
|t:|1779855616
|switch|p2a: Albert Eipstein|Weezing-Galar, F|21/100
|-ability|p2a: Albert Eipstein|Neutralizing Gas
|move|p1a: Garganacl|Iron Defense|p1a: Garganacl
|-boost|p1a: Garganacl|def|2
|
|upkeep
|turn|43
|
|t:|1779855623
|move|p2a: Albert Eipstein|Pain Split|p1a: Garganacl
|-sethp|p1a: Garganacl|59/100|[from] move: Pain Split|[silent]
|-sethp|p2a: Albert Eipstein|69/100|[from] move: Pain Split
|move|p1a: Garganacl|Salt Cure|p2a: Albert Eipstein
|-damage|p2a: Albert Eipstein|59/100
|-start|p2a: Albert Eipstein|Salt Cure
|
|-damage|p2a: Albert Eipstein|47/100|[from] Salt Cure
|upkeep
|turn|44
|
|t:|1779855631
|move|p2a: Albert Eipstein|Will-O-Wisp|p1a: Garganacl
|-status|p1a: Garganacl|brn
|move|p1a: Garganacl|Recover|p1a: Garganacl
|-heal|p1a: Garganacl|100/100 brn
|
|-damage|p1a: Garganacl|94/100 brn|[from] brn
|-damage|p2a: Albert Eipstein|35/100|[from] Salt Cure
|upkeep
|turn|45
|
|t:|1779855637
|move|p2a: Albert Eipstein|Pain Split|p1a: Garganacl
|-sethp|p1a: Garganacl|62/100 brn|[from] move: Pain Split|[silent]
|-sethp|p2a: Albert Eipstein|72/100|[from] move: Pain Split
|move|p1a: Garganacl|Salt Cure|p2a: Albert Eipstein
|-damage|p2a: Albert Eipstein|67/100
|
|-damage|p1a: Garganacl|56/100 brn|[from] brn
|-damage|p2a: Albert Eipstein|55/100|[from] Salt Cure
|upkeep
|turn|46
|
|t:|1779855650
|switch|p1a: Meowscarada|Meowscarada, F|41/100 tox
|-damage|p1a: Meowscarada|29/100 tox|[from] Stealth Rock
|move|p2a: Albert Eipstein|Sludge Bomb|p1a: Meowscarada
|-supereffective|p1a: Meowscarada
|-damage|p1a: Meowscarada|0 fnt
|faint|p1a: Meowscarada
|
|-damage|p2a: Albert Eipstein|42/100|[from] Salt Cure
|upkeep
|
|t:|1779855657
|switch|p1a: Kilowattrel|Kilowattrel, M|88/100 brn
|-damage|p1a: Kilowattrel|64/100 brn|[from] Stealth Rock
|turn|47
|
|t:|1779855666
|-end|p2a: Albert Eipstein|ability: Neutralizing Gas
|switch|p2a: Cabryan|Blissey, F|88/100
|move|p1a: Kilowattrel|Thunderbolt|p2a: Cabryan
|-damage|p2a: Cabryan|70/100
|
|-damage|p2a: Cabryan|58/100|[from] item: Black Sludge
|-damage|p1a: Kilowattrel|58/100 brn|[from] brn
|upkeep
|turn|48
|
|t:|1779855673
|switch|p1a: Garganacl|Garganacl, F, shiny, tera:Fairy|56/100 brn
|-damage|p1a: Garganacl|44/100 brn|[from] Stealth Rock
|move|p2a: Cabryan|Soft-Boiled|p2a: Cabryan
|-heal|p2a: Cabryan|100/100
|
|-damage|p2a: Cabryan|88/100|[from] item: Black Sludge
|-damage|p1a: Garganacl|37/100 brn|[from] brn
|upkeep
|turn|49
|
|t:|1779855680
|move|p2a: Cabryan|Shadow Ball|p1a: Garganacl
|-damage|p1a: Garganacl|31/100 brn
|move|p1a: Garganacl|Recover|p1a: Garganacl
|-heal|p1a: Garganacl|81/100 brn
|
|-damage|p2a: Cabryan|76/100|[from] item: Black Sludge
|-damage|p1a: Garganacl|75/100 brn|[from] brn
|upkeep
|turn|50
|
|t:|1779855694
|switch|p2a: Ginecólogo Braga|Gliscor, M, tera:Dragon|70/100 tox
|move|p1a: Garganacl|Body Press|p2a: Ginecólogo Braga
|-damage|p2a: Ginecólogo Braga|62/100 tox
|
|-heal|p2a: Ginecólogo Braga|74/100 tox|[from] ability: Poison Heal
|-damage|p1a: Garganacl|68/100 brn|[from] brn
|upkeep
|turn|51
|
|t:|1779855703
|move|p2a: Ginecólogo Braga|Knock Off|p1a: Garganacl
|-resisted|p1a: Garganacl
|-damage|p1a: Garganacl|62/100 brn
|-damage|p2a: Ginecólogo Braga|58/100 tox|[from] item: Rocky Helmet|[of] p1a: Garganacl
|-enditem|p1a: Garganacl|Rocky Helmet|[from] move: Knock Off|[of] p2a: Ginecólogo Braga
|move|p1a: Garganacl|Iron Defense|p1a: Garganacl
|-boost|p1a: Garganacl|def|2
|
|-heal|p2a: Ginecólogo Braga|70/100 tox|[from] ability: Poison Heal
|-damage|p1a: Garganacl|56/100 brn|[from] brn
|upkeep
|turn|52
|
|t:|1779855716
|switch|p2a: Luis Vargas|Dondozo, F|75/100 slp
|move|p1a: Garganacl|Recover|p1a: Garganacl
|-heal|p1a: Garganacl|100/100 brn
|
|-damage|p1a: Garganacl|94/100 brn|[from] brn
|upkeep
|turn|53
|
|t:|1779855724
|move|p1a: Garganacl|Salt Cure|p2a: Luis Vargas
|-damage|p2a: Luis Vargas|73/100 slp
|-start|p2a: Luis Vargas|Salt Cure
|cant|p2a: Luis Vargas|slp
|
|-damage|p1a: Garganacl|88/100 brn|[from] brn
|-damage|p2a: Luis Vargas|48/100 slp|[from] Salt Cure
|upkeep
|turn|54
|
|t:|1779855735
|switch|p2a: Albert Eipstein|Weezing-Galar, F|42/100
|-ability|p2a: Albert Eipstein|Neutralizing Gas
|move|p1a: Garganacl|Iron Defense|p1a: Garganacl
|-boost|p1a: Garganacl|def|2
|
|-damage|p1a: Garganacl|82/100 brn|[from] brn
|upkeep
|turn|55
|
|t:|1779855746
|switch|p1a: Kilowattrel|Kilowattrel, M|58/100 brn
|-damage|p1a: Kilowattrel|33/100 brn|[from] Stealth Rock
|move|p2a: Albert Eipstein|Pain Split|p1a: Kilowattrel
|-sethp|p1a: Kilowattrel|41/100 brn|[from] move: Pain Split|[silent]
|-sethp|p2a: Albert Eipstein|35/100|[from] move: Pain Split
|
|-damage|p1a: Kilowattrel|35/100 brn|[from] brn
|upkeep
|turn|56
|
|t:|1779855754
|-end|p2a: Albert Eipstein|ability: Neutralizing Gas
|switch|p2a: Cabryan|Blissey, F|76/100
|move|p1a: Kilowattrel|Volt Switch|p2a: Cabryan
|-damage|p2a: Cabryan|62/100
|
|t:|1779855758
|switch|p1a: Garganacl|Garganacl, F, shiny, tera:Fairy|82/100 brn|[from] Volt Switch
|-damage|p1a: Garganacl|70/100 brn|[from] Stealth Rock
|
|-damage|p2a: Cabryan|49/100|[from] item: Black Sludge
|-damage|p1a: Garganacl|64/100 brn|[from] brn
|upkeep
|turn|57
|
|t:|1779855760
|move|p2a: Cabryan|Soft-Boiled|p2a: Cabryan
|-heal|p2a: Cabryan|99/100
|move|p1a: Garganacl|Recover|p1a: Garganacl
|-heal|p1a: Garganacl|100/100 brn
|
|-damage|p2a: Cabryan|87/100|[from] item: Black Sludge
|-damage|p1a: Garganacl|94/100 brn|[from] brn
|upkeep
|turn|58
|
|t:|1779855768
|move|p2a: Cabryan|Shadow Ball|p1a: Garganacl
|-damage|p1a: Garganacl|88/100 brn
|move|p1a: Garganacl|Iron Defense|p1a: Garganacl
|-boost|p1a: Garganacl|def|2
|
|-damage|p2a: Cabryan|74/100|[from] item: Black Sludge
|-damage|p1a: Garganacl|82/100 brn|[from] brn
|upkeep
|turn|59
|
|t:|1779855773
|move|p2a: Cabryan|Shadow Ball|p1a: Garganacl
|-damage|p1a: Garganacl|75/100 brn
|-unboost|p1a: Garganacl|spd|1
|move|p1a: Garganacl|Body Press|p2a: Cabryan
|-supereffective|p2a: Cabryan
|-damage|p2a: Cabryan|21/100
|
|-damage|p2a: Cabryan|9/100|[from] item: Black Sludge
|-damage|p1a: Garganacl|69/100 brn|[from] brn
|upkeep
|turn|60
|
|t:|1779855785
|switch|p2a: Gayllermo|Clefable, M|37/100
|move|p1a: Garganacl|Iron Defense|p1a: Garganacl
|-boost|p1a: Garganacl|def|2
|
|-damage|p1a: Garganacl|63/100 brn|[from] brn
|upkeep
|turn|61
|
|t:|1779855789
|move|p2a: Gayllermo|Wish|p2a: Gayllermo
|move|p1a: Garganacl|Salt Cure|p2a: Gayllermo
|-damage|p2a: Gayllermo|32/100
|-start|p2a: Gayllermo|Salt Cure
|
|-damage|p1a: Garganacl|57/100 brn|[from] brn
|upkeep
|turn|62
|
|t:|1779855797
|move|p2a: Gayllermo|Protect|p2a: Gayllermo
|-singleturn|p2a: Gayllermo|Protect
|move|p1a: Garganacl|Recover|p1a: Garganacl
|-heal|p1a: Garganacl|100/100 brn
|
|-heal|p2a: Gayllermo|82/100|[from] move: Wish|[wisher] Gayllermo
|-damage|p1a: Garganacl|94/100 brn|[from] brn
|upkeep
|turn|63
|
|t:|1779855804
|move|p2a: Gayllermo|Moonblast|p1a: Garganacl
|-damage|p1a: Garganacl|54/100 brn
|move|p1a: Garganacl|Body Press|p2a: Gayllermo
|-resisted|p2a: Gayllermo
|-damage|p2a: Gayllermo|68/100
|
|-damage|p1a: Garganacl|48/100 brn|[from] brn
|-damage|p1a: Garganacl|36/100 brn|[from] item: Sticky Barb
|upkeep
|turn|64
|
|t:|1779855810
|move|p2a: Gayllermo|Moonblast|p1a: Garganacl
|-damage|p1a: Garganacl|0 fnt
|faint|p1a: Garganacl
|
|upkeep
|
|t:|1779855812
|switch|p1a: Kilowattrel|Kilowattrel, M|35/100 brn
|-damage|p1a: Kilowattrel|10/100 brn|[from] Stealth Rock
|turn|65
|
|t:|1779855817
|move|p2a: Gayllermo|Protect|p2a: Gayllermo
|-singleturn|p2a: Gayllermo|Protect
|move|p1a: Kilowattrel|Hurricane|p2a: Gayllermo
|-activate|p2a: Gayllermo|move: Protect
|
|-damage|p1a: Kilowattrel|4/100 brn|[from] brn
|upkeep
|turn|66
|
|t:|1779855822
|move|p1a: Kilowattrel|Hurricane|p2a: Gayllermo|[miss]
|-miss|p1a: Kilowattrel|p2a: Gayllermo
|move|p2a: Gayllermo|Wish|p2a: Gayllermo
|
|-damage|p1a: Kilowattrel|0 fnt|[from] brn
|faint|p1a: Kilowattrel
|
|win|Chechoide
|raw|iosoyio's rating: 1339 &rarr; <strong>1319</strong><br />(-20 for losing)
|raw|Chechoide's rating: 1331 &rarr; <strong>1351</strong><br />(+20 for winning)
|l|☆iosoyio
|player|p1|
|l|☆Chechoide
|player|p2|
