|j|☆CameIIya
|j|☆sterster
|t:|1779861053
|gametype|singles
|player|p1|CameIIya|102|1269
|player|p2|sterster|101|1394
|gen|9
|tier|[Gen 9] OU
|rated|
|rule|HP Percentage Mod: HP is shown in percentages
|rule|Endless Battle Clause: Forcing endless battles is banned
|rule|Species Clause: Limit one of each Pokémon
|rule|OHKO Clause: OHKO moves are banned
|rule|Evasion Items Clause: Evasion items are banned
|rule|Evasion Moves Clause: Evasion moves are banned
|rule|Evasion Abilities Clause: Evasion abilities are banned
|rule|Sleep Moves Clause: Sleep-inducing moves are banned
|clearpoke
|poke|p1|Chandelure, M|
|poke|p1|Gastrodon, F|
|poke|p1|Azumarill, M|
|poke|p1|Scizor, M|
|poke|p1|Corviknight, M|
|poke|p1|Ogerpon-Cornerstone, F|
|poke|p2|Iron Valiant|
|poke|p2|Weavile, F|
|poke|p2|Dragapult, F|
|poke|p2|Moltres|
|poke|p2|Ogerpon-Wellspring, F|
|poke|p2|Great Tusk|
|teampreview
|
|t:|1779861070
|teamsize|p1|6
|teamsize|p2|6
|start
|switch|p1a: Azumarill|Azumarill, M|100/100
|switch|p2a: Dragapult|Dragapult, F|100/100
|turn|1
|
|t:|1779861077
|move|p2a: Dragapult|Will-O-Wisp|p1a: Azumarill
|-status|p1a: Azumarill|brn
|move|p1a: Azumarill|Play Rough|p2a: Dragapult
|-supereffective|p2a: Dragapult
|-damage|p2a: Dragapult|20/100
|
|-damage|p1a: Azumarill|94/100 brn|[from] brn
|upkeep
|turn|2
|
|t:|1779861089
|move|p2a: Dragapult|U-turn|p1a: Azumarill
|-resisted|p1a: Azumarill
|-damage|p1a: Azumarill|85/100 brn
|
|t:|1779861098
|switch|p2a: Ogerpon|Ogerpon-Wellspring, F|100/100|[from] U-turn
|move|p1a: Azumarill|Ice Spinner|p2a: Ogerpon
|-damage|p2a: Ogerpon|80/100
|
|-damage|p1a: Azumarill|79/100 brn|[from] brn
|upkeep
|turn|3
|
|t:|1779861108
|switch|p1a: Corviknight|Corviknight, M|100/100
|-ability|p1a: Corviknight|Pressure
|move|p2a: Ogerpon|Spikes|p1a: Corviknight
|-sidestart|p1: CameIIya|Spikes
|
|upkeep
|turn|4
|
|t:|1779861115
|switch|p2a: Moltres|Moltres|100/100
|move|p1a: Corviknight|Defog|p2a: Moltres
|-unboost|p2a: Moltres|evasion|1
|-sideend|p1: CameIIya|Spikes|[from] move: Defog|[of] p1a: Corviknight
|
|upkeep
|turn|5
|
|t:|1779861123
|switch|p1a: Azumarill|Azumarill, M|79/100 brn
|move|p2a: Moltres|U-turn|p1a: Azumarill
|-resisted|p1a: Azumarill
|-damage|p1a: Azumarill|72/100 brn
|
|t:|1779861142
|switch|p2a: Ogerpon|Ogerpon-Wellspring, F|80/100|[from] U-turn
|
|-damage|p1a: Azumarill|66/100 brn|[from] brn
|upkeep
|turn|6
|
|t:|1779861157
|move|p2a: Ogerpon|Knock Off|p1a: Azumarill
|-resisted|p1a: Azumarill
|-damage|p1a: Azumarill|46/100 brn
|-enditem|p1a: Azumarill|Assault Vest|[from] move: Knock Off|[of] p2a: Ogerpon
|move|p1a: Azumarill|Play Rough|p2a: Ogerpon
|-damage|p2a: Ogerpon|41/100
|
|-damage|p1a: Azumarill|40/100 brn|[from] brn
|upkeep
|turn|7
|
|t:|1779861171
|move|p2a: Ogerpon|Ivy Cudgel|p1a: Azumarill|[anim] Ivy Cudgel Water
|-resisted|p1a: Azumarill
|-crit|p1a: Azumarill
|-damage|p1a: Azumarill|0 fnt
|faint|p1a: Azumarill
|
|upkeep
|
|t:|1779861185
|switch|p1a: Chandelure|Chandelure, M|100/100
|turn|8
|
|t:|1779861202
|switch|p1a: Gastrodon|Gastrodon, F|100/100
|switch|p2a: Weavile|Weavile, F|100/100
|-ability|p2a: Weavile|Pressure
|
|upkeep
|turn|9
|
|t:|1779861209
|move|p2a: Weavile|Swords Dance|p2a: Weavile
|-boost|p2a: Weavile|atk|2
|move|p1a: Gastrodon|Earth Power|p2a: Weavile
|-damage|p2a: Weavile|53/100
|
|upkeep
|turn|10
|
|t:|1779861217
|move|p2a: Weavile|Triple Axel|p1a: Gastrodon
|-damage|p1a: Gastrodon|81/100
|-damage|p1a: Gastrodon|33/100
|-damage|p1a: Gastrodon|0 fnt
|faint|p1a: Gastrodon
|-hitcount|p1: Gastrodon|3
|
|upkeep
|
|t:|1779861225
|switch|p1a: Scizor|Scizor, M|100/100
|turn|11
|
|t:|1779861233
|switch|p2a: Moltres|Moltres|100/100
|switch|p1a: Ogerpon|Ogerpon-Cornerstone, F|100/100
|
|upkeep
|turn|12
|
|t:|1779861244
|switch|p1a: Chandelure|Chandelure, M|100/100
|switch|p2a: Ogerpon|Ogerpon-Wellspring, F|41/100
|
|upkeep
|turn|13
|
|t:|1779861259
|-terastallize|p2a: Ogerpon|Water
|detailschange|p2a: Ogerpon|Ogerpon-Wellspring-Tera, F, tera:Water
|-ability|p2a: Ogerpon|Embody Aspect (Wellspring)|boost
|-boost|p2a: Ogerpon|spd|1
|move|p1a: Chandelure|Flamethrower|p2a: Ogerpon
|-resisted|p2a: Ogerpon
|-damage|p2a: Ogerpon|21/100
|move|p2a: Ogerpon|Ivy Cudgel|p1a: Chandelure|[anim] Ivy Cudgel Water
|-supereffective|p1a: Chandelure
|-damage|p1a: Chandelure|0 fnt
|faint|p1a: Chandelure
|
|upkeep
|
|t:|1779861297
|switch|p1a: Ogerpon|Ogerpon-Cornerstone, F|100/100
|turn|14
|l|☆CameIIya
|player|p1|
|inactive|Battle timer is ON: inactive players will automatically lose when time's up. (requested by sterster)
|j|☆CameIIya
|inactive|CameIIya reconnected and has 150 seconds left.
|player|p1|CameIIya|102|
|
|t:|1779861329
|move|p2a: Ogerpon|Ivy Cudgel|p1a: Ogerpon|[anim] Ivy Cudgel Water
|-ability|p1a: Ogerpon|Sturdy
|-damage|p1a: Ogerpon|1/100
|move|p1a: Ogerpon|Trailblaze|p2a: Ogerpon
|-supereffective|p2a: Ogerpon
|-damage|p2a: Ogerpon|0 fnt
|-boost|p1a: Ogerpon|spe|1
|faint|p2a: Ogerpon
|detailschange|p2: Ogerpon|Ogerpon-Wellspring, F|[silent]
|
|upkeep
|
|t:|1779861341
|switch|p2a: Weavile|Weavile, F|53/100
|-ability|p2a: Weavile|Pressure
|turn|15
|
|t:|1779861347
|switch|p1a: Scizor|Scizor, M|100/100
|move|p2a: Weavile|Ice Shard|p1a: Scizor
|-resisted|p1a: Scizor
|-damage|p1a: Scizor|94/100
|
|-heal|p1a: Scizor|99/100|[from] item: Leftovers
|upkeep
|turn|16
|
|t:|1779861357
|switch|p2a: Moltres|Moltres|100/100
|move|p1a: Scizor|Swords Dance|p1a: Scizor
|-boost|p1a: Scizor|atk|2
|
|-heal|p1a: Scizor|100/100|[from] item: Leftovers
|upkeep
|turn|17
|
|t:|1779861371
|-terastallize|p1a: Scizor|Fire
|move|p2a: Moltres|Flamethrower|p1a: Scizor
|-resisted|p1a: Scizor
|-damage|p1a: Scizor|76/100
|move|p1a: Scizor|Swords Dance|p1a: Scizor
|-boost|p1a: Scizor|atk|2
|
|-heal|p1a: Scizor|82/100|[from] item: Leftovers
|upkeep
|turn|18
|
|t:|1779861392
|move|p2a: Moltres|U-turn|p1a: Scizor
|-resisted|p1a: Scizor
|-damage|p1a: Scizor|77/100
|
|t:|1779861395
|switch|p2a: Great Tusk|Great Tusk|100/100|[from] U-turn
|move|p1a: Scizor|Knock Off|p2a: Great Tusk
|-resisted|p2a: Great Tusk
|-damage|p2a: Great Tusk|72/100
|-enditem|p2a: Great Tusk|Heavy-Duty Boots|[from] move: Knock Off|[of] p1a: Scizor
|
|-heal|p1a: Scizor|83/100|[from] item: Leftovers
|upkeep
|turn|19
|
|t:|1779861408
|switch|p1a: Corviknight|Corviknight, M|100/100
|-ability|p1a: Corviknight|Pressure
|move|p2a: Great Tusk|Headlong Rush|p1a: Corviknight
|-immune|p1a: Corviknight
|
|upkeep
|turn|20
|
|t:|1779861416
|-end|p2a: Great Tusk|Protosynthesis|[silent]
|switch|p2a: Moltres|Moltres|100/100
|move|p1a: Corviknight|Bulk Up|p1a: Corviknight
|-boost|p1a: Corviknight|atk|1
|-boost|p1a: Corviknight|def|1
|
|upkeep
|turn|21
|
|t:|1779861428
|move|p2a: Moltres|Flamethrower|p1a: Corviknight
|-supereffective|p1a: Corviknight
|-damage|p1a: Corviknight|50/100
|-status|p1a: Corviknight|brn
|move|p1a: Corviknight|Brave Bird|p2a: Moltres
|-damage|p2a: Moltres|81/100
|-damage|p1a: Corviknight|44/100 brn|[from] Recoil
|
|-heal|p1a: Corviknight|50/100 brn|[from] item: Leftovers
|-damage|p1a: Corviknight|44/100 brn|[from] brn
|upkeep
|turn|22
|
|t:|1779861443
|move|p2a: Moltres|U-turn|p1a: Corviknight
|-resisted|p1a: Corviknight
|-damage|p1a: Corviknight|42/100 brn
|
|t:|1779861449
|switch|p2a: Great Tusk|Great Tusk|72/100|[from] U-turn
|move|p1a: Corviknight|Brave Bird|p2a: Great Tusk
|-supereffective|p2a: Great Tusk
|-damage|p2a: Great Tusk|35/100
|-damage|p1a: Corviknight|31/100 brn|[from] Recoil
|
|-heal|p1a: Corviknight|37/100 brn|[from] item: Leftovers
|-damage|p1a: Corviknight|31/100 brn|[from] brn
|upkeep
|turn|23
|
|t:|1779861463
|move|p2a: Great Tusk|Stealth Rock|p1a: Corviknight
|-sidestart|p1: CameIIya|move: Stealth Rock
|move|p1a: Corviknight|Roost|p1a: Corviknight
|-heal|p1a: Corviknight|81/100 brn
|-singleturn|p1a: Corviknight|move: Roost
|
|-heal|p1a: Corviknight|87/100 brn|[from] item: Leftovers
|-damage|p1a: Corviknight|81/100 brn|[from] brn
|upkeep
|turn|24
|
|t:|1779861475
|-end|p2a: Great Tusk|Protosynthesis|[silent]
|switch|p2a: Moltres|Moltres|81/100
|move|p1a: Corviknight|Bulk Up|p1a: Corviknight
|-boost|p1a: Corviknight|atk|1
|-boost|p1a: Corviknight|def|1
|
|-heal|p1a: Corviknight|87/100 brn|[from] item: Leftovers
|-damage|p1a: Corviknight|81/100 brn|[from] brn
|upkeep
|turn|25
|
|t:|1779861485
|move|p2a: Moltres|Flamethrower|p1a: Corviknight
|-supereffective|p1a: Corviknight
|-damage|p1a: Corviknight|28/100 brn
|move|p1a: Corviknight|Defog|p2a: Moltres
|-unboost|p2a: Moltres|evasion|1
|-sideend|p1: CameIIya|Stealth Rock|[from] move: Defog|[of] p1a: Corviknight
|
|-heal|p1a: Corviknight|35/100 brn|[from] item: Leftovers
|-damage|p1a: Corviknight|28/100 brn|[from] brn
|upkeep
|turn|26
|
|t:|1779861497
|move|p2a: Moltres|Flamethrower|p1a: Corviknight
|-supereffective|p1a: Corviknight
|-damage|p1a: Corviknight|0 fnt
|faint|p1a: Corviknight
|
|upkeep
|
|t:|1779861502
|switch|p1a: Ogerpon|Ogerpon-Cornerstone, F|1/100
|turn|27
|
|t:|1779861508
|switch|p2a: Dragapult|Dragapult, F|20/100
|move|p1a: Ogerpon|Horn Leech|p2a: Dragapult
|-resisted|p2a: Dragapult
|-damage|p2a: Dragapult|0 fnt
|-heal|p1a: Ogerpon|11/100|[from] drain|[of] p2a: Dragapult
|faint|p2a: Dragapult
|
|upkeep
|
|t:|1779861528
|switch|p2a: Iron Valiant|Iron Valiant|100/100
|-enditem|p2a: Iron Valiant|Booster Energy
|-activate|p2a: Iron Valiant|ability: Quark Drive|[fromitem]
|-start|p2a: Iron Valiant|quarkdrivespe
|turn|28
|
|t:|1779861538
|switch|p1a: Scizor|Scizor, M, tera:Fire|83/100
|move|p2a: Iron Valiant|Shadow Ball|p1a: Scizor
|-damage|p1a: Scizor|50/100
|
|-heal|p1a: Scizor|56/100|[from] item: Leftovers
|upkeep
|turn|29
|
|t:|1779861550
|move|p2a: Iron Valiant|Shadow Ball|p1a: Scizor
|-damage|p1a: Scizor|26/100
|move|p1a: Scizor|Swords Dance|p1a: Scizor
|-boost|p1a: Scizor|atk|2
|
|-heal|p1a: Scizor|32/100|[from] item: Leftovers
|upkeep
|turn|30
|
|t:|1779861563
|move|p1a: Scizor|Bullet Punch|p2a: Iron Valiant
|-supereffective|p2a: Iron Valiant
|-damage|p2a: Iron Valiant|0 fnt
|faint|p2a: Iron Valiant
|-end|p2a: Iron Valiant|Quark Drive|[silent]
|
|-heal|p1a: Scizor|39/100|[from] item: Leftovers
|upkeep
|
|t:|1779861582
|switch|p2a: Moltres|Moltres|81/100
|turn|31
|
|t:|1779861587
|move|p2a: Moltres|Flamethrower|p1a: Scizor
|-resisted|p1a: Scizor
|-damage|p1a: Scizor|16/100
|move|p1a: Scizor|Knock Off|p2a: Moltres
|-damage|p2a: Moltres|41/100
|-enditem|p2a: Moltres|Heavy-Duty Boots|[from] move: Knock Off|[of] p1a: Scizor
|
|-heal|p1a: Scizor|22/100|[from] item: Leftovers
|upkeep
|turn|32
|
|t:|1779861598
|move|p2a: Moltres|Flamethrower|p1a: Scizor
|-resisted|p1a: Scizor
|-damage|p1a: Scizor|0 fnt
|faint|p1a: Scizor
|
|upkeep
|
|t:|1779861603
|switch|p1a: Ogerpon|Ogerpon-Cornerstone, F|11/100
|turn|33
|
|t:|1779861606
|move|p1a: Ogerpon|Ivy Cudgel|p2a: Moltres|[anim] Ivy Cudgel Rock
|-supereffective|p2a: Moltres
|-damage|p2a: Moltres|0 fnt
|faint|p2a: Moltres
|
|upkeep
|
|t:|1779861610
|switch|p2a: Weavile|Weavile, F|53/100
|-ability|p2a: Weavile|Pressure
|turn|34
|
|t:|1779861616
|move|p2a: Weavile|Ice Shard|p1a: Ogerpon
|-supereffective|p1a: Ogerpon
|-damage|p1a: Ogerpon|0 fnt
|faint|p1a: Ogerpon
|
|win|sterster
|raw|CameIIya's rating: 1269 &rarr; <strong>1253</strong><br />(-16 for losing)
|raw|sterster's rating: 1394 &rarr; <strong>1407</strong><br />(+13 for winning)
|c|☆sterster|gg
|l|☆CameIIya
|player|p1|
|l|☆sterster
|player|p2|
