|j|☆Love gothitelle
|j|☆a19a19
|t:|1779966208
|gametype|singles
|player|p1|Love gothitelle|1|1355
|player|p2|a19a19|red|1358
|gen|9
|tier|[Gen 9] OU
|rated|
|rule|HP Percentage Mod: HP is shown in percentages
|rule|Endless Battle Clause: Forcing endless battles is banned
|rule|Species Clause: Limit one of each Pokémon
|rule|OHKO Clause: OHKO moves are banned
|rule|Evasion Items Clause: Evasion items are banned
|rule|Evasion Moves Clause: Evasion moves are banned
|rule|Evasion Abilities Clause: Evasion abilities are banned
|rule|Sleep Moves Clause: Sleep-inducing moves are banned
|clearpoke
|poke|p1|Dragonite, F|
|poke|p1|Great Tusk|
|poke|p1|Deoxys-Speed|
|poke|p1|Gholdengo|
|poke|p1|Zamazenta-*|
|poke|p1|Iron Valiant|
|poke|p2|Kyurem|
|poke|p2|Great Tusk|
|poke|p2|Entei|
|poke|p2|Ting-Lu|
|poke|p2|Tornadus-Therian, M|
|poke|p2|Dragapult, M|
|teampreview
|inactive|Battle timer is ON: inactive players will automatically lose when time's up. (requested by Love gothitelle)
|
|t:|1779966219
|teamsize|p1|6
|teamsize|p2|6
|start
|switch|p1a: Deoxys|Deoxys-Speed|100/100
|switch|p2a: Tornadus|Tornadus-Therian, M|100/100
|-ability|p1a: Deoxys|Pressure
|turn|1
|
|t:|1779966227
|move|p1a: Deoxys|Stealth Rock|p2a: Tornadus
|-sidestart|p2: a19a19|move: Stealth Rock
|move|p2a: Tornadus|Knock Off|p1a: Deoxys
|-supereffective|p1a: Deoxys
|-damage|p1a: Deoxys|51/100
|-enditem|p1a: Deoxys|Focus Sash|[from] move: Knock Off|[of] p2a: Tornadus
|
|upkeep
|turn|2
|
|t:|1779966236
|move|p1a: Deoxys|Spikes|p2a: Tornadus
|-sidestart|p2: a19a19|Spikes
|move|p2a: Tornadus|U-turn|p1a: Deoxys
|-supereffective|p1a: Deoxys
|-damage|p1a: Deoxys|16/100
|
|t:|1779966255
|switch|p2a: Entei|Entei|100/100|[from] U-turn
|
|upkeep
|turn|3
|
|t:|1779966264
|switch|p2a: Tornadus|Tornadus-Therian, M|100/100
|move|p1a: Deoxys|Taunt|p2a: Tornadus
|-start|p2a: Tornadus|move: Taunt
|
|upkeep
|turn|4
|
|t:|1779966272
|move|p1a: Deoxys|Skill Swap|p2a: Tornadus
|-activate|p1a: Deoxys|Skill Swap|Regenerator|Pressure|[of] p2a: Tornadus
|-ability|p2a: Tornadus|Pressure
|move|p2a: Tornadus|U-turn|p1a: Deoxys
|-supereffective|p1a: Deoxys
|-damage|p1a: Deoxys|0 fnt
|faint|p1a: Deoxys
|
|t:|1779966291
|switch|p2a: Entei|Entei|100/100|[from] U-turn
|
|upkeep
|
|t:|1779966297
|switch|p1a: Great Tusk|Great Tusk|100/100
|-enditem|p1a: Great Tusk|Booster Energy
|-activate|p1a: Great Tusk|ability: Protosynthesis|[fromitem]
|-start|p1a: Great Tusk|protosynthesisspe
|turn|5
|
|t:|1779966304
|switch|p2a: Tornadus|Tornadus-Therian, M|100/100
|move|p1a: Great Tusk|Headlong Rush|p2a: Tornadus
|-immune|p2a: Tornadus
|
|upkeep
|turn|6
|
|t:|1779966312
|move|p1a: Great Tusk|Ice Spinner|p2a: Tornadus
|-supereffective|p2a: Tornadus
|-damage|p2a: Tornadus|51/100
|move|p2a: Tornadus|Bleakwind Storm|p1a: Great Tusk|[miss]
|-miss|p2a: Tornadus|p1a: Great Tusk
|
|upkeep
|turn|7
|
|t:|1779966320
|move|p1a: Great Tusk|Ice Spinner|p2a: Tornadus
|-supereffective|p2a: Tornadus
|-damage|p2a: Tornadus|3/100
|move|p2a: Tornadus|Bleakwind Storm|p1a: Great Tusk
|-supereffective|p1a: Great Tusk
|-damage|p1a: Great Tusk|6/100
|-unboost|p1a: Great Tusk|spe|1
|
|upkeep
|turn|8
|
|t:|1779966331
|switch|p2a: Entei|Entei|100/100
|move|p1a: Great Tusk|Ice Spinner|p2a: Entei
|-resisted|p2a: Entei
|-damage|p2a: Entei|88/100
|
|upkeep
|turn|9
|
|t:|1779966338
|switch|p2a: Tornadus|Tornadus-Therian, M|36/100
|move|p1a: Great Tusk|Headlong Rush|p2a: Tornadus
|-immune|p2a: Tornadus
|
|upkeep
|turn|10
|
|t:|1779966348
|switch|p2a: Entei|Entei|88/100
|move|p1a: Great Tusk|Ice Spinner|p2a: Entei
|-resisted|p2a: Entei
|-damage|p2a: Entei|77/100
|
|upkeep
|turn|11
|
|t:|1779966356
|switch|p2a: Tornadus|Tornadus-Therian, M|70/100
|move|p1a: Great Tusk|Ice Spinner|p2a: Tornadus
|-supereffective|p2a: Tornadus
|-damage|p2a: Tornadus|23/100
|
|upkeep
|turn|12
|
|t:|1779966363
|move|p1a: Great Tusk|Headlong Rush|p2a: Tornadus
|-immune|p2a: Tornadus
|move|p2a: Tornadus|Bleakwind Storm|p1a: Great Tusk|[miss]
|-miss|p2a: Tornadus|p1a: Great Tusk
|
|upkeep
|turn|13
|l|☆a19a19
|inactive|a19a19 disconnected and has a minute to reconnect!
|player|p2|
|inactive|a19a19 has 30 seconds to reconnect!
|inactive|a19a19 has 20 seconds to reconnect!
|inactive|a19a19 has 15 seconds to reconnect!
|inactive|a19a19 has 10 seconds to reconnect!
|inactive|a19a19 has 5 seconds to reconnect!
|-message|a19a19 lost due to inactivity.
|
|win|Love gothitelle
|raw|Love gothitelle's rating: 1355 &rarr; <strong>1375</strong><br />(+20 for winning)
|raw|a19a19's rating: 1358 &rarr; <strong>1338</strong><br />(-20 for losing)
|l|☆Love gothitelle
|player|p1|
