|j|☆lord thunderclap
|j|☆claudechamp
|t:|1779898282
|gametype|singles
|player|p1|lord thunderclap|pokemonrangerf|1220
|player|p2|claudechamp|169|1269
|gen|9
|tier|[Gen 9] OU
|rated|
|rule|HP Percentage Mod: HP is shown in percentages
|rule|Endless Battle Clause: Forcing endless battles is banned
|rule|Species Clause: Limit one of each Pokémon
|rule|OHKO Clause: OHKO moves are banned
|rule|Evasion Items Clause: Evasion items are banned
|rule|Evasion Moves Clause: Evasion moves are banned
|rule|Evasion Abilities Clause: Evasion abilities are banned
|rule|Sleep Moves Clause: Sleep-inducing moves are banned
|clearpoke
|poke|p1|Salazzle, F|
|poke|p1|Tsareena, F|
|poke|p1|Primarina, M|
|poke|p1|Meowscarada, F|
|poke|p1|Landorus-Therian, M|
|poke|p1|Azelf|
|poke|p2|Corviknight, F|
|poke|p2|Ting-Lu|
|poke|p2|Kyurem|
|poke|p2|Dondozo, M|
|poke|p2|Slowking-Galar, M|
|poke|p2|Cinderace, F|
|teampreview
|c|☆claudechamp|hf
|inactive|Battle timer is ON: inactive players will automatically lose when time's up. (requested by claudechamp)
|
|t:|1779898304
|teamsize|p1|6
|teamsize|p2|6
|start
|switch|p1a: Landorus|Landorus-Therian, M, shiny|100/100
|switch|p2a: Cinderace|Cinderace, F|100/100
|-ability|p1a: Landorus|Intimidate|boost
|-unboost|p2a: Cinderace|atk|1
|turn|1
|
|t:|1779898308
|switch|p2a: Kyurem|Kyurem|100/100
|-ability|p2a: Kyurem|Pressure
|move|p1a: Landorus|Earth Power|p2a: Kyurem
|-damage|p2a: Kyurem|71/100
|
|-heal|p2a: Kyurem|77/100|[from] item: Leftovers
|upkeep
|turn|2
|
|t:|1779898314
|move|p2a: Kyurem|Freeze-Dry|p1a: Landorus
|-supereffective|p1a: Landorus
|-damage|p1a: Landorus|0 fnt
|faint|p1a: Landorus
|
|-heal|p2a: Kyurem|83/100|[from] item: Leftovers
|upkeep
|
|t:|1779898317
|switch|p1a: Salazzle|Salazzle, F|100/100
|turn|3
|
|t:|1779898323
|move|p1a: Salazzle|Substitute|p1a: Salazzle
|-start|p1a: Salazzle|Substitute
|-damage|p1a: Salazzle|76/100
|move|p2a: Kyurem|Freeze-Dry|p1a: Salazzle
|-resisted|p1a: Salazzle
|-end|p1a: Salazzle|Substitute
|
|-heal|p1a: Salazzle|82/100|[from] item: Leftovers
|-heal|p2a: Kyurem|89/100|[from] item: Leftovers
|upkeep
|turn|4
|
|t:|1779898329
|move|p1a: Salazzle|Toxic|p2a: Kyurem
|-status|p2a: Kyurem|tox
|move|p2a: Kyurem|Earth Power|p1a: Salazzle
|-supereffective|p1a: Salazzle
|-damage|p1a: Salazzle|0 fnt
|faint|p1a: Salazzle
|
|-heal|p2a: Kyurem|95/100 tox|[from] item: Leftovers
|-damage|p2a: Kyurem|89/100 tox|[from] psn
|upkeep
|
|t:|1779898339
|switch|p1a: Primarina|Primarina, M|100/100
|turn|5
|
|t:|1779898341
|-terastallize|p1a: Primarina|Steel
|move|p2a: Kyurem|Freeze-Dry|p1a: Primarina
|-resisted|p1a: Primarina
|-damage|p1a: Primarina|85/100
|move|p1a: Primarina|Calm Mind|p1a: Primarina
|-boost|p1a: Primarina|spa|1
|-boost|p1a: Primarina|spd|1
|
|-heal|p2a: Kyurem|95/100 tox|[from] item: Leftovers
|-heal|p1a: Primarina|91/100|[from] item: Leftovers
|-damage|p2a: Kyurem|83/100 tox|[from] psn
|upkeep
|turn|6
|
|t:|1779898349
|move|p2a: Kyurem|Earth Power|p1a: Primarina
|-supereffective|p1a: Primarina
|-crit|p1a: Primarina
|-damage|p1a: Primarina|4/100
|-unboost|p1a: Primarina|spd|1
|move|p1a: Primarina|Calm Mind|p1a: Primarina
|-boost|p1a: Primarina|spa|1
|-boost|p1a: Primarina|spd|1
|
|-heal|p2a: Kyurem|89/100 tox|[from] item: Leftovers
|-heal|p1a: Primarina|10/100|[from] item: Leftovers
|-damage|p2a: Kyurem|71/100 tox|[from] psn
|upkeep
|turn|7
|
|t:|1779898357
|move|p2a: Kyurem|Freeze-Dry|p1a: Primarina
|-resisted|p1a: Primarina
|-damage|p1a: Primarina|0 fnt
|faint|p1a: Primarina
|
|-heal|p2a: Kyurem|77/100 tox|[from] item: Leftovers
|-damage|p2a: Kyurem|52/100 tox|[from] psn
|upkeep
|
|t:|1779898361
|switch|p1a: Azelf|Azelf|100/100
|turn|8
|
|t:|1779898368
|switch|p2a: Cinderace|Cinderace, F|100/100
|move|p1a: Azelf|Mystical Power|p2a: Cinderace
|-damage|p2a: Cinderace|41/100
|-boost|p1a: Azelf|spa|1
|-damage|p1a: Azelf|91/100|[from] item: Life Orb
|
|upkeep
|turn|9
|
|t:|1779898382
|-terastallize|p2a: Cinderace|Fire
|move|p2a: Cinderace|Pyro Ball|p1a: Azelf
|-damage|p1a: Azelf|0 fnt
|faint|p1a: Azelf
|
|upkeep
|-message|lord thunderclap forfeited.
|
|win|claudechamp
|raw|lord thunderclap's rating: 1220 &rarr; <strong>1199</strong><br />(-21 for losing)
|raw|claudechamp's rating: 1269 &rarr; <strong>1290</strong><br />(+21 for winning)
|l|☆lord thunderclap
|player|p1|
|c|☆claudechamp|gg
