|j|‽Alakazam darnold
|j|☆cenotaphs
|t:|1779900887
|gametype|singles
|player|p1|Alakazam darnold|li|1376
|player|p2|cenotaphs|lady|1371
|gen|9
|tier|[Gen 9] OU
|rated|
|rule|HP Percentage Mod: HP is shown in percentages
|rule|Endless Battle Clause: Forcing endless battles is banned
|rule|Species Clause: Limit one of each Pokémon
|rule|OHKO Clause: OHKO moves are banned
|rule|Evasion Items Clause: Evasion items are banned
|rule|Evasion Moves Clause: Evasion moves are banned
|rule|Evasion Abilities Clause: Evasion abilities are banned
|rule|Sleep Moves Clause: Sleep-inducing moves are banned
|clearpoke
|poke|p1|Golurk|
|poke|p1|Ogerpon-Wellspring, F|
|poke|p1|Mandibuzz, F|
|poke|p1|Garganacl, F|
|poke|p1|Iron Crown|
|poke|p1|Enamorus, F|
|poke|p2|Manaphy|
|poke|p2|Pelipper, M|
|poke|p2|Dragapult, M|
|poke|p2|Heatran, F|
|poke|p2|Kingambit, M|
|poke|p2|Raging Bolt|
|teampreview
|inactive|Battle timer is ON: inactive players will automatically lose when time's up. (requested by cenotaphs)
|
|t:|1779900911
|teamsize|p1|6
|teamsize|p2|6
|start
|switch|p1a: Golurk|Golurk|100/100
|switch|p2a: Pelipper|Pelipper, M, shiny|100/100
|-weather|RainDance|[from] ability: Drizzle|[of] p2a: Pelipper
|turn|1
|j| AKGD
|
|t:|1779900917
|move|p2a: Pelipper|Hurricane|p1a: Golurk
|-damage|p1a: Golurk|59/100
|-start|p1a: Golurk|confusion
|-activate|p1a: Golurk|confusion
|-damage|p1a: Golurk|42/100|[from] confusion
|
|-weather|RainDance|[upkeep]
|upkeep
|turn|2
|
|t:|1779900922
|move|p2a: Pelipper|Hurricane|p1a: Golurk
|-damage|p1a: Golurk|3/100
|-activate|p1a: Golurk|confusion
|move|p1a: Golurk|Stone Edge|p2a: Pelipper
|-supereffective|p2a: Pelipper
|-damage|p2a: Pelipper|22/100
|
|-weather|RainDance|[upkeep]
|upkeep
|turn|3
|
|t:|1779900928
|switch|p1a: Iron Crown|Iron Crown|100/100
|-enditem|p1a: Iron Crown|Booster Energy
|-activate|p1a: Iron Crown|ability: Quark Drive|[fromitem]
|-start|p1a: Iron Crown|quarkdrivespe
|move|p2a: Pelipper|Roost|p2a: Pelipper
|-heal|p2a: Pelipper|72/100
|-singleturn|p2a: Pelipper|move: Roost
|
|-weather|RainDance|[upkeep]
|upkeep
|turn|4
|
|t:|1779900932
|switch|p2a: Heatran|Heatran, F|100/100
|move|p1a: Iron Crown|Calm Mind|p1a: Iron Crown
|-boost|p1a: Iron Crown|spa|1
|-boost|p1a: Iron Crown|spd|1
|
|-weather|RainDance|[upkeep]
|upkeep
|turn|5
|
|t:|1779900936
|move|p1a: Iron Crown|Calm Mind|p1a: Iron Crown
|-boost|p1a: Iron Crown|spa|1
|-boost|p1a: Iron Crown|spd|1
|move|p2a: Heatran|Taunt|p1a: Iron Crown
|-start|p1a: Iron Crown|move: Taunt
|
|-weather|none
|upkeep
|turn|6
|
|t:|1779900939
|move|p1a: Iron Crown|Focus Blast|p2a: Heatran|[miss]
|-miss|p1a: Iron Crown|p2a: Heatran
|move|p2a: Heatran|Stealth Rock|p1a: Iron Crown
|-sidestart|p1: Alakazam darnold|move: Stealth Rock
|
|upkeep
|turn|7
|
|t:|1779900942
|move|p1a: Iron Crown|Focus Blast|p2a: Heatran
|-supereffective|p2a: Heatran
|-damage|p2a: Heatran|9/100
|move|p2a: Heatran|Lava Plume|p1a: Iron Crown
|-supereffective|p1a: Iron Crown
|-damage|p1a: Iron Crown|70/100
|
|-heal|p2a: Heatran|16/100|[from] item: Leftovers
|upkeep
|turn|8
|
|t:|1779900946
|move|p1a: Iron Crown|Tachyon Cutter|p2a: Heatran
|-resisted|p2a: Heatran
|-damage|p2a: Heatran|9/100
|-resisted|p2a: Heatran
|-damage|p2a: Heatran|1/100
|-hitcount|p2a: Heatran|2
|move|p2a: Heatran|Lava Plume|p1a: Iron Crown
|-supereffective|p1a: Iron Crown
|-damage|p1a: Iron Crown|38/100
|-status|p1a: Iron Crown|brn
|
|-heal|p2a: Heatran|7/100|[from] item: Leftovers
|-damage|p1a: Iron Crown|32/100 brn|[from] brn
|-end|p1a: Iron Crown|move: Taunt
|upkeep
|turn|9
|
|t:|1779900951
|move|p1a: Iron Crown|Tachyon Cutter|p2a: Heatran
|-resisted|p2a: Heatran
|-damage|p2a: Heatran|0 fnt
|faint|p2a: Heatran
|-hitcount|p2: Heatran|1
|
|-damage|p1a: Iron Crown|25/100 brn|[from] brn
|upkeep
|
|t:|1779900954
|switch|p2a: Kingambit|Kingambit, M, shiny|100/100
|-activate|p2a: Kingambit|ability: Supreme Overlord
|-start|p2a: Kingambit|fallen1|[silent]
|turn|10
|
|t:|1779900960
|move|p2a: Kingambit|Sucker Punch||[still]
|-fail|p2a: Kingambit
|move|p1a: Iron Crown|Calm Mind|p1a: Iron Crown
|-boost|p1a: Iron Crown|spa|1
|-boost|p1a: Iron Crown|spd|1
|
|-damage|p1a: Iron Crown|19/100 brn|[from] brn
|upkeep
|turn|11
|
|t:|1779900964
|move|p2a: Kingambit|Sucker Punch||[still]
|-fail|p2a: Kingambit
|move|p1a: Iron Crown|Calm Mind|p1a: Iron Crown
|-boost|p1a: Iron Crown|spa|1
|-boost|p1a: Iron Crown|spd|1
|
|-damage|p1a: Iron Crown|13/100 brn|[from] brn
|upkeep
|turn|12
|
|t:|1779900966
|move|p2a: Kingambit|Sucker Punch||[still]
|-fail|p2a: Kingambit
|move|p1a: Iron Crown|Calm Mind|p1a: Iron Crown
|-boost|p1a: Iron Crown|spa|1
|-boost|p1a: Iron Crown|spd|1
|
|-damage|p1a: Iron Crown|7/100 brn|[from] brn
|upkeep
|turn|13
|
|t:|1779900969
|move|p2a: Kingambit|Sucker Punch|p1a: Iron Crown
|-supereffective|p1a: Iron Crown
|-damage|p1a: Iron Crown|0 fnt
|faint|p1a: Iron Crown
|-end|p1a: Iron Crown|Quark Drive|[silent]
|
|upkeep
|
|t:|1779900976
|switch|p1a: Enamorus|Enamorus, F|100/100
|turn|14
|
|t:|1779900985
|-end|p2a: Kingambit|fallen1|[silent]
|switch|p2a: Pelipper|Pelipper, M, shiny|72/100
|-weather|RainDance|[from] ability: Drizzle|[of] p2a: Pelipper
|move|p1a: Enamorus|Mystical Fire|p2a: Pelipper
|-resisted|p2a: Pelipper
|-damage|p2a: Pelipper|63/100
|-unboost|p2a: Pelipper|spa|1
|
|-weather|RainDance|[upkeep]
|upkeep
|turn|15
|
|t:|1779900989
|move|p1a: Enamorus|Moonblast|p2a: Pelipper
|-damage|p2a: Pelipper|0 fnt
|faint|p2a: Pelipper
|
|-weather|RainDance|[upkeep]
|upkeep
|
|t:|1779900993
|switch|p2a: Manaphy|Manaphy, shiny|100/100
|turn|16
|
|t:|1779900999
|move|p1a: Enamorus|Moonblast|p2a: Manaphy
|-damage|p2a: Manaphy|54/100
|move|p2a: Manaphy|Substitute|p2a: Manaphy
|-start|p2a: Manaphy|Substitute
|-damage|p2a: Manaphy|29/100
|
|-weather|RainDance|[upkeep]
|-heal|p2a: Manaphy|36/100|[from] item: Leftovers
|upkeep
|turn|17
|
|t:|1779901004
|move|p1a: Enamorus|Moonblast|p2a: Manaphy
|-end|p2a: Manaphy|Substitute
|move|p2a: Manaphy|Scald|p1a: Enamorus
|-damage|p1a: Enamorus|13/100
|
|-weather|RainDance|[upkeep]
|-heal|p2a: Manaphy|42/100|[from] item: Leftovers
|upkeep
|turn|18
|
|t:|1779901006
|move|p1a: Enamorus|Moonblast|p2a: Manaphy
|-damage|p2a: Manaphy|1/100
|move|p2a: Manaphy|Scald|p1a: Enamorus
|-damage|p1a: Enamorus|0 fnt
|faint|p1a: Enamorus
|
|-weather|none
|-heal|p2a: Manaphy|8/100|[from] item: Leftovers
|upkeep
|
|t:|1779901016
|switch|p1a: Ogerpon|Ogerpon-Wellspring, F|100/100
|-damage|p1a: Ogerpon|88/100|[from] Stealth Rock
|turn|19
|
|t:|1779901018
|move|p1a: Ogerpon|Ivy Cudgel|p2a: Manaphy|[anim] Ivy Cudgel Water
|-resisted|p2a: Manaphy
|-damage|p2a: Manaphy|0 fnt
|faint|p2a: Manaphy
|
|upkeep
|
|t:|1779901020
|switch|p2a: Dragapult|Dragapult, M, shiny|100/100
|turn|20
|
|t:|1779901023
|move|p2a: Dragapult|Will-O-Wisp|p1a: Ogerpon
|-status|p1a: Ogerpon|brn
|move|p1a: Ogerpon|Knock Off|p2a: Dragapult
|-supereffective|p2a: Dragapult
|-damage|p2a: Dragapult|55/100
|-enditem|p2a: Dragapult|Heavy-Duty Boots|[from] move: Knock Off|[of] p1a: Ogerpon
|
|-damage|p1a: Ogerpon|82/100 brn|[from] brn
|upkeep
|turn|21
|
|t:|1779901029
|move|p2a: Dragapult|Hex|p1a: Ogerpon
|-damage|p1a: Ogerpon|32/100 brn
|move|p1a: Ogerpon|U-turn|p2a: Dragapult
|-resisted|p2a: Dragapult
|-damage|p2a: Dragapult|48/100
|
|t:|1779901032
|switch|p1a: Garganacl|Garganacl, F|100/100|[from] U-turn
|-damage|p1a: Garganacl|88/100|[from] Stealth Rock
|
|-heal|p1a: Garganacl|94/100|[from] item: Leftovers
|upkeep
|turn|22
|
|t:|1779901037
|move|p2a: Dragapult|U-turn|p1a: Garganacl
|-damage|p1a: Garganacl|81/100
|
|t:|1779901039
|switch|p2a: Raging Bolt|Raging Bolt|100/100|[from] U-turn
|-enditem|p2a: Raging Bolt|Booster Energy
|-activate|p2a: Raging Bolt|ability: Protosynthesis|[fromitem]
|-start|p2a: Raging Bolt|protosynthesisspa
|move|p1a: Garganacl|Salt Cure|p2a: Raging Bolt
|-damage|p2a: Raging Bolt|88/100
|-start|p2a: Raging Bolt|Salt Cure
|
|-heal|p1a: Garganacl|88/100|[from] item: Leftovers
|-damage|p2a: Raging Bolt|76/100|[from] Salt Cure
|upkeep
|turn|23
|
|t:|1779901044
|move|p2a: Raging Bolt|Calm Mind|p2a: Raging Bolt
|-boost|p2a: Raging Bolt|spa|1
|-boost|p2a: Raging Bolt|spd|1
|move|p1a: Garganacl|Stealth Rock|p2a: Raging Bolt
|-sidestart|p2: cenotaphs|move: Stealth Rock
|
|-heal|p1a: Garganacl|94/100|[from] item: Leftovers
|-damage|p2a: Raging Bolt|64/100|[from] Salt Cure
|upkeep
|turn|24
|
|t:|1779901048
|move|p1a: Garganacl|Protect|p1a: Garganacl
|-singleturn|p1a: Garganacl|Protect
|move|p2a: Raging Bolt|Thunderbolt|p1a: Garganacl
|-activate|p1a: Garganacl|move: Protect
|
|-heal|p1a: Garganacl|99/100|[from] item: Leftovers
|-damage|p2a: Raging Bolt|51/100|[from] Salt Cure
|upkeep
|turn|25
|
|t:|1779901051
|move|p2a: Raging Bolt|Thunderbolt|p1a: Garganacl
|-damage|p1a: Garganacl|35/100
|move|p1a: Garganacl|Recover|p1a: Garganacl
|-heal|p1a: Garganacl|85/100
|
|-heal|p1a: Garganacl|92/100|[from] item: Leftovers
|-damage|p2a: Raging Bolt|39/100|[from] Salt Cure
|upkeep
|turn|26
|
|t:|1779901059
|move|p2a: Raging Bolt|Calm Mind|p2a: Raging Bolt
|-boost|p2a: Raging Bolt|spa|1
|-boost|p2a: Raging Bolt|spd|1
|move|p1a: Garganacl|Salt Cure|p2a: Raging Bolt
|-damage|p2a: Raging Bolt|26/100
|
|-heal|p1a: Garganacl|98/100|[from] item: Leftovers
|-damage|p2a: Raging Bolt|14/100|[from] Salt Cure
|upkeep
|turn|27
|
|t:|1779901063
|move|p1a: Garganacl|Protect|p1a: Garganacl
|-singleturn|p1a: Garganacl|Protect
|move|p2a: Raging Bolt|Thunderbolt|p1a: Garganacl
|-activate|p1a: Garganacl|move: Protect
|
|-heal|p1a: Garganacl|100/100|[from] item: Leftovers
|-damage|p2a: Raging Bolt|2/100|[from] Salt Cure
|upkeep
|turn|28
|
|t:|1779901067
|switch|p1a: Golurk|Golurk|3/100
|-damage|p1a: Golurk|0 fnt|[from] Stealth Rock
|faint|p1a: Golurk
|move|p2a: Raging Bolt|Dragon Pulse|p1: Golurk|[notarget]
|-fail|p2a: Raging Bolt
|
|-damage|p2a: Raging Bolt|0 fnt|[from] Salt Cure
|faint|p2a: Raging Bolt
|-end|p2a: Raging Bolt|Protosynthesis|[silent]
|upkeep
|
|t:|1779901073
|switch|p2a: Dragapult|Dragapult, M, shiny|48/100
|switch|p1a: Garganacl|Garganacl, F|100/100
|-damage|p2a: Dragapult|35/100|[from] Stealth Rock
|-damage|p1a: Garganacl|88/100|[from] Stealth Rock
|turn|29
|
|t:|1779901076
|move|p2a: Dragapult|Dragon Darts|p1a: Garganacl
|-damage|p1a: Garganacl|74/100
|-anim|p2a: Dragapult|Dragon Darts|p1a: Garganacl
|-damage|p1a: Garganacl|61/100
|move|p1a: Garganacl|Salt Cure|p2a: Dragapult
|-crit|p2a: Dragapult
|-damage|p2a: Dragapult|12/100
|-start|p2a: Dragapult|Salt Cure
|
|-heal|p1a: Garganacl|68/100|[from] item: Leftovers
|-damage|p2a: Dragapult|0 fnt|[from] Salt Cure
|faint|p2a: Dragapult
|upkeep
|
|t:|1779901079
|switch|p2a: Kingambit|Kingambit, M, shiny|100/100
|-damage|p2a: Kingambit|94/100|[from] Stealth Rock
|-activate|p2a: Kingambit|ability: Supreme Overlord
|-start|p2a: Kingambit|fallen5|[silent]
|turn|30
|
|t:|1779901083
|-terastallize|p2a: Kingambit|Ghost
|-terastallize|p1a: Garganacl|Water
|move|p2a: Kingambit|Iron Head|p1a: Garganacl
|-resisted|p1a: Garganacl
|-damage|p1a: Garganacl|43/100
|move|p1a: Garganacl|Salt Cure|p2a: Kingambit
|-crit|p2a: Kingambit
|-damage|p2a: Kingambit|77/100
|-start|p2a: Kingambit|Salt Cure
|
|-heal|p1a: Garganacl|49/100|[from] item: Leftovers
|-damage|p2a: Kingambit|65/100|[from] Salt Cure
|upkeep
|turn|31
|
|t:|1779901088
|move|p2a: Kingambit|Swords Dance|p2a: Kingambit
|-boost|p2a: Kingambit|atk|2
|move|p1a: Garganacl|Recover|p1a: Garganacl
|-heal|p1a: Garganacl|99/100
|
|-heal|p1a: Garganacl|100/100|[from] item: Leftovers
|-damage|p2a: Kingambit|53/100|[from] Salt Cure
|upkeep
|turn|32
|
|t:|1779901091
|move|p1a: Garganacl|Protect|p1a: Garganacl
|-singleturn|p1a: Garganacl|Protect
|move|p2a: Kingambit|Kowtow Cleave|p1a: Garganacl
|-activate|p1a: Garganacl|move: Protect
|
|-damage|p2a: Kingambit|40/100|[from] Salt Cure
|upkeep
|turn|33
|
|t:|1779901096
|switch|p1a: Ogerpon|Ogerpon-Wellspring, F|32/100 brn
|-damage|p1a: Ogerpon|20/100 brn|[from] Stealth Rock
|move|p2a: Kingambit|Kowtow Cleave|p1a: Ogerpon
|-damage|p1a: Ogerpon|0 fnt
|faint|p1a: Ogerpon
|
|-damage|p2a: Kingambit|28/100|[from] Salt Cure
|upkeep
|
|t:|1779901098
|switch|p1a: Mandibuzz|Mandibuzz, F|100/100
|turn|34
|
|t:|1779901101
|move|p1a: Mandibuzz|Foul Play|p2a: Kingambit
|-supereffective|p2a: Kingambit
|-damage|p2a: Kingambit|0 fnt
|faint|p2a: Kingambit
|-end|p2a: Kingambit|fallen5|[silent]
|
|win|Alakazam darnold
|raw|Alakazam darnold's rating: 1376 &rarr; <strong>1396</strong><br />(+20 for winning)
|raw|cenotaphs's rating: 1371 &rarr; <strong>1351</strong><br />(-20 for losing)
|l|☆cenotaphs
|player|p2|
|l|‽Alakazam darnold
|player|p1|
|l| AKGD
