|j|☆RealismisReal
|j|☆zigzagoon suprme
|t:|1779886362
|gametype|singles
|player|p1|RealismisReal|cyrus|1024
|player|p2|zigzagoon suprme|170|1000
|gen|9
|tier|[Gen 9] OU
|rated|
|rule|HP Percentage Mod: HP is shown in percentages
|rule|Endless Battle Clause: Forcing endless battles is banned
|rule|Species Clause: Limit one of each Pokémon
|rule|OHKO Clause: OHKO moves are banned
|rule|Evasion Items Clause: Evasion items are banned
|rule|Evasion Moves Clause: Evasion moves are banned
|rule|Evasion Abilities Clause: Evasion abilities are banned
|rule|Sleep Moves Clause: Sleep-inducing moves are banned
|clearpoke
|poke|p1|Weezing-Galar, M|
|poke|p1|Ogerpon-Wellspring, F|
|poke|p1|Gallade, M|
|poke|p1|Darkrai|
|poke|p1|Sylveon, F|
|poke|p1|Magnezone|
|poke|p2|Clefable, F|
|poke|p2|Gumshoos, M|
|poke|p2|Kilowattrel, F|
|poke|p2|Zoroark-Hisui, M|
|poke|p2|Arbok, F|
|poke|p2|Enamorus, F|
|teampreview
|
|t:|1779886377
|teamsize|p1|6
|teamsize|p2|6
|start
|switch|p1a: Weezing|Weezing-Galar, M|100/100
|switch|p2a: Enamorus|Enamorus, F|100/100
|turn|1
|
|t:|1779886400
|switch|p2a: Kilowattrel|Kilowattrel, F|100/100
|move|p1a: Weezing|Misty Terrain|p1a: Weezing
|-fieldstart|move: Misty Terrain
|
|upkeep
|turn|2
|
|t:|1779886407
|move|p2a: Kilowattrel|Thunder|p1a: Weezing|[miss]
|-miss|p2a: Kilowattrel|p1a: Weezing
|move|p1a: Weezing|Misty Explosion|p2a: Kilowattrel
|-damage|p2a: Kilowattrel|51/100
|faint|p1a: Weezing
|
|upkeep
|
|t:|1779886416
|switch|p1a: Ogerpon|Ogerpon-Wellspring, F|100/100
|turn|3
|
|t:|1779886422
|move|p1a: Ogerpon|Substitute|p1a: Ogerpon
|-start|p1a: Ogerpon|Substitute
|-damage|p1a: Ogerpon|76/100
|move|p2a: Kilowattrel|Thunder|p1a: Ogerpon
|-end|p1a: Ogerpon|Substitute
|
|upkeep
|turn|4
|c|☆zigzagoon suprme|My team is completely random
|
|t:|1779886442
|move|p1a: Ogerpon|Ivy Cudgel|p2a: Kilowattrel|[anim] Ivy Cudgel Water
|-damage|p2a: Kilowattrel|0 fnt
|faint|p2a: Kilowattrel
|
|upkeep
|
|t:|1779886448
|switch|p2a: Clefable|Clefable, F|100/100
|turn|5
|
|t:|1779886452
|move|p1a: Ogerpon|Swords Dance|p1a: Ogerpon
|-boost|p1a: Ogerpon|atk|2
|move|p2a: Clefable|Shadow Ball|p1a: Ogerpon
|-damage|p1a: Ogerpon|43/100
|
|-fieldend|Misty Terrain
|upkeep
|turn|6
|
|t:|1779886460
|move|p1a: Ogerpon|Substitute|p1a: Ogerpon
|-start|p1a: Ogerpon|Substitute
|-damage|p1a: Ogerpon|18/100
|move|p2a: Clefable|Shadow Ball|p1a: Ogerpon
|-end|p1a: Ogerpon|Substitute
|
|upkeep
|turn|7
|
|t:|1779886469
|move|p1a: Ogerpon|Ivy Cudgel|p2a: Clefable|[anim] Ivy Cudgel Water
|-damage|p2a: Clefable|38/100
|move|p2a: Clefable|Shadow Ball|p1a: Ogerpon
|-damage|p1a: Ogerpon|0 fnt
|faint|p1a: Ogerpon
|
|upkeep
|
|t:|1779886485
|switch|p1a: Sylveon|Sylveon, F|100/100
|turn|8
|
|t:|1779886493
|move|p2a: Clefable|Shadow Ball|p1a: Sylveon
|-damage|p1a: Sylveon|81/100
|move|p1a: Sylveon|Hyper Voice|p2a: Clefable
|-damage|p2a: Clefable|0 fnt
|faint|p2a: Clefable
|
|-heal|p1a: Sylveon|87/100|[from] item: Leftovers
|upkeep
|
|t:|1779886503
|switch|p2a: Arbok|Arbok, F|100/100
|-ability|p2a: Arbok|Intimidate|boost
|-unboost|p1a: Sylveon|atk|1
|turn|9
|
|t:|1779886508
|move|p1a: Sylveon|Protect|p1a: Sylveon
|-singleturn|p1a: Sylveon|Protect
|move|p2a: Arbok|Venoshock|p1a: Sylveon
|-activate|p1a: Sylveon|move: Protect
|
|-heal|p1a: Sylveon|93/100|[from] item: Leftovers
|upkeep
|turn|10
|
|t:|1779886517
|move|p2a: Arbok|Venoshock|p1a: Sylveon
|-supereffective|p1a: Sylveon
|-damage|p1a: Sylveon|73/100
|move|p1a: Sylveon|Hyper Voice|p2a: Arbok
|-resisted|p2a: Arbok
|-damage|p2a: Arbok|80/100
|
|-heal|p1a: Sylveon|79/100|[from] item: Leftovers
|upkeep
|turn|11
|
|t:|1779886542
|move|p2a: Arbok|Rock Slide|p1a: Sylveon
|-damage|p1a: Sylveon|65/100
|cant|p1a: Sylveon|flinch
|
|-heal|p1a: Sylveon|71/100|[from] item: Leftovers
|upkeep
|turn|12
|
|t:|1779886549
|switch|p1a: Magnezone|Magnezone|100/100
|move|p2a: Arbok|Venoshock|p1a: Magnezone
|-immune|p1a: Magnezone
|
|upkeep
|turn|13
|
|t:|1779886562
|move|p1a: Magnezone|Thunder Wave|p2a: Arbok
|-status|p2a: Arbok|par
|move|p2a: Arbok|Rock Slide|p1a: Magnezone
|-resisted|p1a: Magnezone
|-damage|p1a: Magnezone|91/100
|
|upkeep
|turn|14
|
|t:|1779886572
|switch|p2a: Gumshoos|Gumshoos, M|100/100
|move|p1a: Magnezone|Thunderbolt|p2a: Gumshoos
|-damage|p2a: Gumshoos|29/100
|replace|p2a: Zoroark|Zoroark-Hisui, M
|-end|p2a: Zoroark|Illusion
|-enditem|p2a: Zoroark|Oran Berry|[eat]
|-heal|p2a: Zoroark|32/100|[from] item: Oran Berry
|
|upkeep
|turn|15
|
|t:|1779886591
|move|p2a: Zoroark|Brick Break|p1a: Magnezone
|-supereffective|p1a: Magnezone
|-damage|p1a: Magnezone|52/100
|-damage|p2a: Zoroark|16/100|[from] item: Rocky Helmet|[of] p1a: Magnezone
|move|p1a: Magnezone|Flash Cannon|p2a: Zoroark
|-damage|p2a: Zoroark|0 fnt
|faint|p2a: Zoroark
|
|upkeep
|
|t:|1779886607
|switch|p2a: Gumshoos|Gumshoos, M|100/100
|turn|16
|
|t:|1779886613
|move|p1a: Magnezone|Body Press|p2a: Gumshoos
|-supereffective|p2a: Gumshoos
|-damage|p2a: Gumshoos|43/100
|move|p2a: Gumshoos|Earthquake|p1a: Magnezone
|-supereffective|p1a: Magnezone
|-crit|p1a: Magnezone
|-damage|p1a: Magnezone|0 fnt
|faint|p1a: Magnezone
|
|upkeep
|
|t:|1779886620
|switch|p1a: Darkrai|Darkrai|100/100
|turn|17
|
|t:|1779886628
|move|p1a: Darkrai|Sludge Bomb|p2a: Gumshoos
|-damage|p2a: Gumshoos|0 fnt
|faint|p2a: Gumshoos
|-damage|p1a: Darkrai|91/100|[from] item: Life Orb
|
|upkeep
|
|t:|1779886634
|switch|p2a: Enamorus|Enamorus, F|100/100
|turn|18
|
|t:|1779886638
|move|p1a: Darkrai|Sludge Bomb|p2a: Enamorus
|-supereffective|p2a: Enamorus
|-crit|p2a: Enamorus
|-damage|p2a: Enamorus|0 fnt
|faint|p2a: Enamorus
|-damage|p1a: Darkrai|81/100|[from] item: Life Orb
|
|upkeep
|
|t:|1779886644
|switch|p2a: Arbok|Arbok, F|80/100 par
|-ability|p2a: Arbok|Intimidate|boost
|-unboost|p1a: Darkrai|atk|1
|turn|19
|c|☆zigzagoon suprme|Bye Bye cruel world
|
|t:|1779886654
|move|p1a: Darkrai|Dark Pulse|p2a: Arbok
|-damage|p2a: Arbok|25/100 par
|-damage|p1a: Darkrai|71/100|[from] item: Life Orb
|move|p2a: Arbok|Venoshock|p1a: Darkrai
|-damage|p1a: Darkrai|49/100
|
|upkeep
|turn|20
|
|t:|1779886664
|move|p1a: Darkrai|Dark Pulse|p2a: Arbok
|-damage|p2a: Arbok|0 fnt
|faint|p2a: Arbok
|-damage|p1a: Darkrai|39/100|[from] item: Life Orb
|
|win|RealismisReal
|raw|RealismisReal's rating: 1024 &rarr; <strong>1058</strong><br />(+34 for winning)
|raw|zigzagoon suprme's rating: 1000 &rarr; <strong>1000</strong><br />(+0 for losing)
