|j|☆jessies boyfriend
|j|☆IAmNotAmanda
|t:|1779904936
|gametype|singles
|player|p1|jessies boyfriend|brock|1412
|player|p2|IAmNotAmanda|iris-gen5bw2|1430
|gen|9
|tier|[Gen 9] OU
|rated|
|rule|HP Percentage Mod: HP is shown in percentages
|rule|Endless Battle Clause: Forcing endless battles is banned
|rule|Species Clause: Limit one of each Pokémon
|rule|OHKO Clause: OHKO moves are banned
|rule|Evasion Items Clause: Evasion items are banned
|rule|Evasion Moves Clause: Evasion moves are banned
|rule|Evasion Abilities Clause: Evasion abilities are banned
|rule|Sleep Moves Clause: Sleep-inducing moves are banned
|clearpoke
|poke|p1|Houndstone, F|
|poke|p1|Glimmora, F|
|poke|p1|Scrafty, F|
|poke|p1|Samurott-Hisui, M|
|poke|p1|Great Tusk|
|poke|p1|Milotic, M|
|poke|p2|Ting-Lu|
|poke|p2|Alomomola, F|
|poke|p2|Gholdengo|
|poke|p2|Iron Valiant|
|poke|p2|Ogerpon-Wellspring, F|
|poke|p2|Great Tusk|
|teampreview
|inactive|Battle timer is ON: inactive players will automatically lose when time's up. (requested by IAmNotAmanda)
|
|t:|1779904940
|teamsize|p1|6
|teamsize|p2|6
|start
|switch|p1a: Glimmora|Glimmora, F|100/100
|switch|p2a: Ting-Lu|Ting-Lu|100/100
|-item|p1a: Glimmora|Air Balloon
|-ability|p2a: Ting-Lu|Vessel of Ruin
|turn|1
|
|t:|1779904946
|move|p1a: Glimmora|Toxic Spikes|p2a: Ting-Lu
|-sidestart|p2: IAmNotAmanda|move: Toxic Spikes
|move|p2a: Ting-Lu|Ruination|p1a: Glimmora
|-damage|p1a: Glimmora|51/100
|-enditem|p1a: Glimmora|Air Balloon
|
|upkeep
|turn|2
|
|t:|1779904949
|move|p1a: Glimmora|Toxic Spikes|p2a: Ting-Lu
|-sidestart|p2: IAmNotAmanda|move: Toxic Spikes
|move|p2a: Ting-Lu|Stealth Rock|p1a: Glimmora
|-sidestart|p1: jessies boyfriend|move: Stealth Rock
|
|upkeep
|turn|3
|
|t:|1779904951
|switch|p2a: Gholdengo|Gholdengo|100/100
|-item|p2a: Gholdengo|Air Balloon
|move|p1a: Glimmora|Mortal Spin|p2a: Gholdengo
|-immune|p2a: Gholdengo
|
|upkeep
|turn|4
|
|t:|1779904954
|switch|p1a: Samurott|Samurott-Hisui, M, shiny|100/100
|-damage|p1a: Samurott|88/100|[from] Stealth Rock
|move|p2a: Gholdengo|Make It Rain|p1a: Samurott
|-resisted|p1a: Samurott
|-damage|p1a: Samurott|69/100
|-unboost|p2a: Gholdengo|spa|1
|
|upkeep
|turn|5
|
|t:|1779904958
|switch|p2a: Alomomola|Alomomola, F|100/100
|move|p1a: Samurott|Ceaseless Edge|p2a: Alomomola|[miss]
|-miss|p1a: Samurott|p2a: Alomomola
|
|upkeep
|turn|6
|
|t:|1779904960
|move|p1a: Samurott|Knock Off|p2a: Alomomola
|-damage|p2a: Alomomola|83/100
|-enditem|p2a: Alomomola|Heavy-Duty Boots|[from] move: Knock Off|[of] p1a: Samurott
|move|p2a: Alomomola|Scald|p1a: Samurott
|-resisted|p1a: Samurott
|-damage|p1a: Samurott|65/100
|-status|p1a: Samurott|brn
|
|-damage|p1a: Samurott|59/100 brn|[from] brn
|upkeep
|turn|7
|
|t:|1779904971
|move|p1a: Samurott|Ceaseless Edge|p2a: Alomomola
|-damage|p2a: Alomomola|72/100
|-sidestart|p2: IAmNotAmanda|Spikes
|move|p2a: Alomomola|Wish|p2a: Alomomola
|
|-damage|p1a: Samurott|53/100 brn|[from] brn
|upkeep
|turn|8
|
|t:|1779904974
|move|p1a: Samurott|Flip Turn|p2a: Alomomola
|-resisted|p2a: Alomomola
|-damage|p2a: Alomomola|69/100
|
|t:|1779904981
|switch|p1a: Milotic|Milotic, M|100/100|[from] Flip Turn
|-damage|p1a: Milotic|88/100|[from] Stealth Rock
|move|p2a: Alomomola|Flip Turn|p1a: Milotic
|-resisted|p1a: Milotic
|-damage|p1a: Milotic|79/100
|
|t:|1779904993
|switch|p2a: Gholdengo|Gholdengo|100/100|[from] Flip Turn
|-item|p2a: Gholdengo|Air Balloon
|
|upkeep
|turn|9
|
|t:|1779904998
|move|p2a: Gholdengo|Nasty Plot|p2a: Gholdengo
|-boost|p2a: Gholdengo|spa|2
|move|p1a: Milotic|Scald|p2a: Gholdengo
|-damage|p2a: Gholdengo|55/100
|-enditem|p2a: Gholdengo|Air Balloon
|
|upkeep
|turn|10
|
|t:|1779905000
|move|p2a: Gholdengo|Shadow Ball|p1a: Milotic
|-damage|p1a: Milotic|34/100
|move|p1a: Milotic|Dragon Tail|p2a: Gholdengo
|-resisted|p2a: Gholdengo
|-damage|p2a: Gholdengo|50/100
|drag|p2a: Great Tusk|Great Tusk|100/100
|-status|p2a: Great Tusk|tox
|-damage|p2a: Great Tusk|88/100 tox|[from] Spikes
|-enditem|p2a: Great Tusk|Booster Energy
|-activate|p2a: Great Tusk|ability: Protosynthesis|[fromitem]
|-start|p2a: Great Tusk|protosynthesisspe
|
|-damage|p2a: Great Tusk|82/100 tox|[from] psn
|upkeep
|turn|11
|
|t:|1779905007
|switch|p1a: Houndstone|Houndstone, F|100/100
|-damage|p1a: Houndstone|88/100|[from] Stealth Rock
|move|p2a: Great Tusk|Headlong Rush|p1a: Houndstone
|-damage|p1a: Houndstone|62/100
|-unboost|p2a: Great Tusk|def|1
|-unboost|p2a: Great Tusk|spd|1
|
|-heal|p1a: Houndstone|68/100|[from] item: Leftovers
|-damage|p2a: Great Tusk|69/100 tox|[from] psn
|upkeep
|turn|12
|
|t:|1779905013
|move|p2a: Great Tusk|Headlong Rush|p1a: Houndstone
|-crit|p1a: Houndstone
|-damage|p1a: Houndstone|31/100
|-unboost|p2a: Great Tusk|def|1
|-unboost|p2a: Great Tusk|spd|1
|move|p1a: Houndstone|Roar|p2a: Great Tusk
|-end|p2a: Great Tusk|Protosynthesis|[silent]
|drag|p2a: Alomomola|Alomomola, F|100/100
|-status|p2a: Alomomola|tox
|-damage|p2a: Alomomola|88/100 tox|[from] Spikes
|
|-heal|p1a: Houndstone|37/100|[from] item: Leftovers
|-damage|p2a: Alomomola|82/100 tox|[from] psn
|upkeep
|turn|13
|
|t:|1779905019
|move|p1a: Houndstone|Pain Split|p2a: Alomomola
|-sethp|p2a: Alomomola|53/100 tox|[from] move: Pain Split|[silent]
|-sethp|p1a: Houndstone|81/100|[from] move: Pain Split
|move|p2a: Alomomola|Scald|p1a: Houndstone
|-damage|p1a: Houndstone|71/100
|
|-heal|p1a: Houndstone|77/100|[from] item: Leftovers
|-damage|p2a: Alomomola|41/100 tox|[from] psn
|upkeep
|turn|14
|
|t:|1779905028
|move|p2a: Alomomola|Flip Turn|p1a: Houndstone
|-damage|p1a: Houndstone|69/100
|
|t:|1779905030
|switch|p2a: Gholdengo|Gholdengo|50/100|[from] Flip Turn
|-damage|p2a: Gholdengo|38/100|[from] Spikes
|move|p1a: Houndstone|Roar|p2a: Gholdengo
|-immune|p2a: Gholdengo|[from] ability: Good as Gold
|
|-heal|p1a: Houndstone|75/100|[from] item: Leftovers
|upkeep
|turn|15
|
|t:|1779905039
|switch|p1a: Scrafty|Scrafty, F, shiny|100/100
|-damage|p1a: Scrafty|94/100|[from] Stealth Rock
|-ability|p1a: Scrafty|Intimidate|boost
|-unboost|p2a: Gholdengo|atk|1
|move|p2a: Gholdengo|Make It Rain|p1a: Scrafty
|-damage|p1a: Scrafty|55/100
|-unboost|p2a: Gholdengo|spa|1
|
|upkeep
|turn|16
|
|t:|1779905045
|switch|p2a: Great Tusk|Great Tusk|69/100 tox
|-damage|p2a: Great Tusk|57/100 tox|[from] Spikes
|move|p1a: Scrafty|Dragon Tail|p2a: Great Tusk
|-damage|p2a: Great Tusk|48/100 tox
|-end|p2a: Great Tusk|Protosynthesis|[silent]
|drag|p2a: Gholdengo|Gholdengo|38/100
|-damage|p2a: Gholdengo|25/100|[from] Spikes
|
|upkeep
|turn|17
|
|t:|1779905049
|move|p2a: Gholdengo|Make It Rain|p1a: Scrafty
|-damage|p1a: Scrafty|18/100
|-unboost|p2a: Gholdengo|spa|1
|move|p1a: Scrafty|Knock Off|p2a: Gholdengo
|-supereffective|p2a: Gholdengo
|-damage|p2a: Gholdengo|0 fnt
|faint|p2a: Gholdengo
|
|upkeep
|
|t:|1779905054
|switch|p2a: Great Tusk|Great Tusk|48/100 tox
|-damage|p2a: Great Tusk|36/100 tox|[from] Spikes
|turn|18
|
|t:|1779905056
|switch|p1a: Houndstone|Houndstone, F|75/100
|-damage|p1a: Houndstone|63/100|[from] Stealth Rock
|move|p2a: Great Tusk|Headlong Rush|p1a: Houndstone
|-damage|p1a: Houndstone|39/100
|-unboost|p2a: Great Tusk|def|1
|-unboost|p2a: Great Tusk|spd|1
|
|-heal|p1a: Houndstone|45/100|[from] item: Leftovers
|-damage|p2a: Great Tusk|29/100 tox|[from] psn
|upkeep
|turn|19
|
|t:|1779905062
|move|p1a: Houndstone|Protect|p1a: Houndstone
|-singleturn|p1a: Houndstone|Protect
|move|p2a: Great Tusk|Headlong Rush|p1a: Houndstone
|-activate|p1a: Houndstone|move: Protect
|
|-heal|p1a: Houndstone|51/100|[from] item: Leftovers
|-damage|p2a: Great Tusk|17/100 tox|[from] psn
|upkeep
|turn|20
|
|t:|1779905064
|move|p2a: Great Tusk|Headlong Rush|p1a: Houndstone
|-damage|p1a: Houndstone|27/100
|-unboost|p2a: Great Tusk|def|1
|-unboost|p2a: Great Tusk|spd|1
|move|p1a: Houndstone|Phantom Force||[still]
|-prepare|p1a: Houndstone|Phantom Force
|
|-heal|p1a: Houndstone|33/100|[from] item: Leftovers
|-damage|p2a: Great Tusk|0 fnt|[from] psn
|faint|p2a: Great Tusk
|-end|p2a: Great Tusk|Protosynthesis|[silent]
|upkeep
|
|t:|1779905066
|switch|p2a: Ting-Lu|Ting-Lu|100/100
|-status|p2a: Ting-Lu|tox
|-damage|p2a: Ting-Lu|88/100 tox|[from] Spikes
|-ability|p2a: Ting-Lu|Vessel of Ruin
|turn|21
|
|t:|1779905069
|move|p1a: Houndstone|Phantom Force|p2a: Ting-Lu|[from] lockedmove
|-resisted|p2a: Ting-Lu
|-damage|p2a: Ting-Lu|79/100 tox
|move|p2a: Ting-Lu|Spikes|p1a: Houndstone
|-sidestart|p1: jessies boyfriend|Spikes
|
|-heal|p1a: Houndstone|39/100|[from] item: Leftovers
|-heal|p2a: Ting-Lu|85/100 tox|[from] item: Leftovers
|-damage|p2a: Ting-Lu|79/100 tox|[from] psn
|upkeep
|turn|22
|
|t:|1779905072
|move|p1a: Houndstone|Pain Split|p2a: Ting-Lu
|-sethp|p2a: Ting-Lu|53/100 tox|[from] move: Pain Split|[silent]
|-sethp|p1a: Houndstone|78/100|[from] move: Pain Split
|move|p2a: Ting-Lu|Whirlwind|p1a: Houndstone
|drag|p1a: Milotic|Milotic, M|34/100
|-damage|p1a: Milotic|21/100|[from] Stealth Rock
|-damage|p1a: Milotic|9/100|[from] Spikes
|
|-heal|p2a: Ting-Lu|59/100 tox|[from] item: Leftovers
|-damage|p2a: Ting-Lu|46/100 tox|[from] psn
|upkeep
|turn|23
|
|t:|1779905076
|move|p1a: Milotic|Draining Kiss|p2a: Ting-Lu
|-supereffective|p2a: Ting-Lu
|-damage|p2a: Ting-Lu|34/100 tox
|-heal|p1a: Milotic|22/100|[from] drain|[of] p2a: Ting-Lu
|move|p2a: Ting-Lu|Spikes|p1a: Milotic
|-sidestart|p1: jessies boyfriend|Spikes
|
|-heal|p2a: Ting-Lu|40/100 tox|[from] item: Leftovers
|-damage|p2a: Ting-Lu|21/100 tox|[from] psn
|upkeep
|turn|24
|
|t:|1779905082
|move|p1a: Milotic|Draining Kiss|p2a: Ting-Lu
|-supereffective|p2a: Ting-Lu
|-damage|p2a: Ting-Lu|7/100 tox
|-heal|p1a: Milotic|37/100|[from] drain|[of] p2a: Ting-Lu
|move|p2a: Ting-Lu|Spikes|p1a: Milotic
|-sidestart|p1: jessies boyfriend|Spikes
|
|-heal|p2a: Ting-Lu|13/100 tox|[from] item: Leftovers
|-damage|p2a: Ting-Lu|0 fnt|[from] psn
|faint|p2a: Ting-Lu
|upkeep
|
|t:|1779905085
|switch|p2a: Ogerpon|Ogerpon-Wellspring, F|100/100
|-status|p2a: Ogerpon|tox
|-damage|p2a: Ogerpon|88/100 tox|[from] Spikes
|turn|25
|
|t:|1779905089
|move|p2a: Ogerpon|Horn Leech|p1a: Milotic
|-supereffective|p1a: Milotic
|-damage|p1a: Milotic|0 fnt
|-heal|p2a: Ogerpon|100/100 tox|[from] drain|[of] p1a: Milotic
|faint|p1a: Milotic
|
|-damage|p2a: Ogerpon|95/100 tox|[from] psn
|upkeep
|
|t:|1779905095
|switch|p1a: Great Tusk|Great Tusk|100/100
|-damage|p1a: Great Tusk|97/100|[from] Stealth Rock
|-damage|p1a: Great Tusk|73/100|[from] Spikes
|turn|26
|
|t:|1779905098
|-terastallize|p2a: Ogerpon|Water
|detailschange|p2a: Ogerpon|Ogerpon-Wellspring-Tera, F, tera:Water
|-ability|p2a: Ogerpon|Embody Aspect (Wellspring)|boost
|-boost|p2a: Ogerpon|spd|1
|-terastallize|p1a: Great Tusk|Ghost
|move|p2a: Ogerpon|Ivy Cudgel|p1a: Great Tusk|[anim] Ivy Cudgel Water
|-damage|p1a: Great Tusk|32/100
|move|p1a: Great Tusk|Rapid Spin|p2a: Ogerpon
|-damage|p2a: Ogerpon|77/100 tox
|-boost|p1a: Great Tusk|spe|1
|-sideend|p1: jessies boyfriend|Spikes|[from] move: Rapid Spin|[of] p1a: Great Tusk
|-sideend|p1: jessies boyfriend|Stealth Rock|[from] move: Rapid Spin|[of] p1a: Great Tusk
|
|-heal|p1a: Great Tusk|39/100|[from] item: Leftovers
|-damage|p2a: Ogerpon|65/100 tox|[from] psn
|upkeep
|turn|27
|
|t:|1779905103
|-end|p1a: Great Tusk|Protosynthesis|[silent]
|switch|p1a: Scrafty|Scrafty, F, shiny|18/100
|-ability|p1a: Scrafty|Intimidate|boost
|-unboost|p2a: Ogerpon|atk|1
|move|p2a: Ogerpon|Ivy Cudgel|p1a: Scrafty|[anim] Ivy Cudgel Water
|-damage|p1a: Scrafty|0 fnt
|faint|p1a: Scrafty
|
|-damage|p2a: Ogerpon|47/100 tox|[from] psn
|upkeep
|
|t:|1779905108
|switch|p1a: Great Tusk|Great Tusk, tera:Ghost|39/100
|turn|28
|
|t:|1779905114
|switch|p2a: Alomomola|Alomomola, F|74/100 tox
|-damage|p2a: Alomomola|62/100 tox|[from] Spikes
|move|p1a: Great Tusk|Body Press|p2a: Alomomola
|-damage|p2a: Alomomola|36/100 tox
|
|-heal|p1a: Great Tusk|45/100|[from] item: Leftovers
|-damage|p2a: Alomomola|30/100 tox|[from] psn
|upkeep
|turn|29
|
|t:|1779905125
|move|p1a: Great Tusk|Stealth Rock|p2a: Alomomola
|-sidestart|p2: IAmNotAmanda|move: Stealth Rock
|move|p2a: Alomomola|Wish|p2a: Alomomola
|
|-heal|p1a: Great Tusk|51/100|[from] item: Leftovers
|-damage|p2a: Alomomola|18/100 tox|[from] psn
|upkeep
|turn|30
|
|t:|1779905130
|switch|p2a: Ogerpon|Ogerpon-Wellspring-Tera, F, tera:Water|47/100 tox
|-damage|p2a: Ogerpon|35/100 tox|[from] Spikes
|-damage|p2a: Ogerpon|22/100 tox|[from] Stealth Rock
|-ability|p2a: Ogerpon|Embody Aspect (Wellspring)|boost
|-boost|p2a: Ogerpon|spd|1
|move|p1a: Great Tusk|Body Press|p2a: Ogerpon
|-damage|p2a: Ogerpon|0 fnt
|faint|p2a: Ogerpon
|detailschange|p2: Ogerpon|Ogerpon-Wellspring, F|[silent]
|
|-heal|p1a: Great Tusk|57/100|[from] item: Leftovers
|upkeep
|
|t:|1779905135
|switch|p2a: Iron Valiant|Iron Valiant|100/100
|-status|p2a: Iron Valiant|tox
|-damage|p2a: Iron Valiant|88/100 tox|[from] Spikes
|-damage|p2a: Iron Valiant|82/100 tox|[from] Stealth Rock
|-enditem|p2a: Iron Valiant|Booster Energy
|-activate|p2a: Iron Valiant|ability: Quark Drive|[fromitem]
|-start|p2a: Iron Valiant|quarkdrivespe
|turn|31
|
|t:|1779905140
|-end|p1a: Great Tusk|Protosynthesis|[silent]
|switch|p1a: Samurott|Samurott-Hisui, M, shiny|53/100 brn
|move|p2a: Iron Valiant|Shadow Ball|p1a: Samurott
|-resisted|p1a: Samurott
|-damage|p1a: Samurott|45/100 brn
|
|-damage|p2a: Iron Valiant|76/100 tox|[from] psn
|-damage|p1a: Samurott|39/100 brn|[from] brn
|upkeep
|turn|32
|
|t:|1779905143
|move|p2a: Iron Valiant|Moonblast|p1a: Samurott
|-supereffective|p1a: Samurott
|-damage|p1a: Samurott|0 fnt
|faint|p1a: Samurott
|
|-damage|p2a: Iron Valiant|63/100 tox|[from] psn
|upkeep
|
|t:|1779905146
|switch|p1a: Glimmora|Glimmora, F|51/100
|turn|33
|
|t:|1779905149
|move|p2a: Iron Valiant|Shadow Ball|p1a: Glimmora
|-damage|p1a: Glimmora|19/100
|-unboost|p1a: Glimmora|spd|1
|move|p1a: Glimmora|Energy Ball|p2a: Iron Valiant
|-damage|p2a: Iron Valiant|15/100 tox
|
|-damage|p2a: Iron Valiant|0 fnt|[from] psn
|faint|p2a: Iron Valiant
|-end|p2a: Iron Valiant|Quark Drive|[silent]
|upkeep
|
|t:|1779905151
|switch|p2a: Alomomola|Alomomola, F|51/100 tox
|-damage|p2a: Alomomola|39/100 tox|[from] Spikes
|-damage|p2a: Alomomola|26/100 tox|[from] Stealth Rock
|turn|34
|
|t:|1779905154
|move|p1a: Glimmora|Energy Ball|p2a: Alomomola
|-supereffective|p2a: Alomomola
|-damage|p2a: Alomomola|0 fnt
|faint|p2a: Alomomola
|
|win|jessies boyfriend
|raw|jessies boyfriend's rating: 1412 &rarr; <strong>1433</strong><br />(+21 for winning)
|raw|IAmNotAmanda's rating: 1430 &rarr; <strong>1409</strong><br />(-21 for losing)
|l|☆IAmNotAmanda
|player|p2|
|l|☆jessies boyfriend
|player|p1|
