|j|☆UltraAero
|j|☆mafuyuyume
|t:|1779941079
|gametype|singles
|player|p1|UltraAero|dawn-gen4pt|1277
|player|p2|mafuyuyume|169|1381
|gen|9
|tier|[Gen 9] OU
|rated|
|rule|HP Percentage Mod: HP is shown in percentages
|rule|Endless Battle Clause: Forcing endless battles is banned
|rule|Species Clause: Limit one of each Pokémon
|rule|OHKO Clause: OHKO moves are banned
|rule|Evasion Items Clause: Evasion items are banned
|rule|Evasion Moves Clause: Evasion moves are banned
|rule|Evasion Abilities Clause: Evasion abilities are banned
|rule|Sleep Moves Clause: Sleep-inducing moves are banned
|clearpoke
|poke|p1|Cinderace, F|
|poke|p1|Vaporeon, F|
|poke|p1|Gliscor, M|
|poke|p1|Iron Valiant|
|poke|p1|Corviknight, F|
|poke|p1|Slowking-Galar, M|
|poke|p2|Enamorus, F|
|poke|p2|Weavile, M|
|poke|p2|Dragapult, F|
|poke|p2|Gholdengo|
|poke|p2|Great Tusk|
|poke|p2|Samurott-Hisui, M|
|teampreview
|inactive|Battle timer is ON: inactive players will automatically lose when time's up. (requested by UltraAero)
|
|t:|1779941093
|teamsize|p1|6
|teamsize|p2|6
|start
|switch|p1a: Slowking|Slowking-Galar, M|100/100
|switch|p2a: Gramps|Samurott-Hisui, M|100/100
|turn|1
|
|t:|1779941100
|move|p2a: Gramps|Ceaseless Edge|p1a: Slowking
|-supereffective|p1a: Slowking
|-damage|p1a: Slowking|6/100
|-sidestart|p1: UltraAero|Spikes
|move|p1a: Slowking|Sludge Bomb|p2a: Gramps
|-crit|p2a: Gramps
|-damage|p2a: Gramps|27/100
|
|upkeep
|turn|2
|
|t:|1779941106
|switch|p1a: Corviknight|Corviknight, F|100/100
|-ability|p1a: Corviknight|Pressure
|move|p2a: Gramps|Ceaseless Edge|p1a: Corviknight
|-damage|p1a: Corviknight|73/100
|-damage|p2a: Gramps|11/100|[from] item: Rocky Helmet|[of] p1a: Corviknight
|-sidestart|p1: UltraAero|Spikes
|
|upkeep
|turn|3
|
|t:|1779941118
|switch|p2a: Gholdengo|Gholdengo|100/100
|-item|p2a: Gholdengo|Air Balloon
|move|p1a: Corviknight|Iron Head|p2a: Gholdengo
|-resisted|p2a: Gholdengo
|-damage|p2a: Gholdengo|86/100
|-enditem|p2a: Gholdengo|Air Balloon
|
|upkeep
|turn|4
|
|t:|1779941127
|switch|p1a: Cinderace|Cinderace, F|100/100
|-damage|p1a: Cinderace|84/100|[from] Spikes
|move|p2a: Gholdengo|Shadow Ball|p1a: Cinderace
|-damage|p1a: Cinderace|17/100
|
|upkeep
|turn|5
|
|t:|1779941153
|switch|p2a: Queen|Dragapult, F|100/100
|move|p1a: Cinderace|Sucker Punch||[still]
|-fail|p1a: Cinderace
|
|upkeep
|turn|6
|inactive|mafuyuyume has 120 seconds left.
|
|t:|1779941171
|move|p1a: Cinderace|Sucker Punch|p2a: Queen
|-start|p1a: Cinderace|typechange|Dark|[from] ability: Libero
|-supereffective|p2a: Queen
|-damage|p2a: Queen|0 fnt
|faint|p2a: Queen
|
|upkeep
|inactive|mafuyuyume has 120 seconds left.
|
|t:|1779941180
|switch|p2a: Weavile|Weavile, M|100/100
|-ability|p2a: Weavile|Pressure
|turn|7
|
|t:|1779941184
|switch|p1a: Corviknight|Corviknight, F|73/100
|-ability|p1a: Corviknight|Pressure
|move|p2a: Weavile|Ice Shard|p1a: Corviknight
|-damage|p1a: Corviknight|61/100
|
|upkeep
|turn|8
|
|t:|1779941198
|switch|p2a: Gholdengo|Gholdengo|86/100
|switch|p1a: Gliscor|Gliscor, M|100/100
|
|-status|p1a: Gliscor|tox|[from] item: Toxic Orb
|upkeep
|turn|9
|inactive|mafuyuyume has 120 seconds left.
|
|t:|1779941244
|move|p2a: Gholdengo|Make It Rain|p1a: Gliscor
|-damage|p1a: Gliscor|15/100 tox
|-unboost|p2a: Gholdengo|spa|1
|move|p1a: Gliscor|Knock Off|p2a: Gholdengo
|-supereffective|p2a: Gholdengo
|-damage|p2a: Gholdengo|54/100
|
|-heal|p1a: Gliscor|28/100 tox|[from] ability: Poison Heal
|upkeep
|turn|10
|
|t:|1779941252
|move|p1a: Gliscor|Protect|p1a: Gliscor
|-singleturn|p1a: Gliscor|Protect
|move|p2a: Gholdengo|Make It Rain|p1a: Gliscor
|-activate|p1a: Gliscor|move: Protect
|
|-heal|p1a: Gliscor|40/100 tox|[from] ability: Poison Heal
|upkeep
|turn|11
|
|t:|1779941260
|switch|p1a: Slowking|Slowking-Galar, M|39/100
|move|p2a: Gholdengo|Make It Rain|p1a: Slowking
|-damage|p1a: Slowking|14/100
|-unboost|p2a: Gholdengo|spa|1
|
|upkeep
|turn|12
|inactive|mafuyuyume has 120 seconds left.
|
|t:|1779941269
|switch|p1a: Vaporeon|Vaporeon, F|100/100
|-damage|p1a: Vaporeon|84/100|[from] Spikes
|move|p2a: Gholdengo|Shadow Ball|p1a: Vaporeon
|-damage|p1a: Vaporeon|66/100
|
|-heal|p1a: Vaporeon|73/100|[from] item: Leftovers
|upkeep
|turn|13
|
|t:|1779941278
|move|p2a: Gholdengo|Recover|p2a: Gholdengo
|-heal|p2a: Gholdengo|100/100
|move|p1a: Vaporeon|Ice Beam|p2a: Gholdengo
|-resisted|p2a: Gholdengo
|-damage|p2a: Gholdengo|82/100
|
|-heal|p1a: Vaporeon|79/100|[from] item: Leftovers
|upkeep
|turn|14
|
|t:|1779941285
|move|p2a: Gholdengo|Nasty Plot|p2a: Gholdengo
|-boost|p2a: Gholdengo|spa|2
|move|p1a: Vaporeon|Calm Mind|p1a: Vaporeon
|-boost|p1a: Vaporeon|spa|1
|-boost|p1a: Vaporeon|spd|1
|
|-heal|p1a: Vaporeon|85/100|[from] item: Leftovers
|upkeep
|turn|15
|inactive|mafuyuyume has 120 seconds left.
|
|t:|1779941320
|switch|p2a: Gramps|Samurott-Hisui, M|11/100
|move|p1a: Vaporeon|Calm Mind|p1a: Vaporeon
|-boost|p1a: Vaporeon|spa|1
|-boost|p1a: Vaporeon|spd|1
|
|-heal|p1a: Vaporeon|91/100|[from] item: Leftovers
|upkeep
|turn|16
|
|t:|1779941336
|switch|p1a: Corviknight|Corviknight, F|61/100
|-ability|p1a: Corviknight|Pressure
|move|p2a: Gramps|Knock Off|p1a: Corviknight
|-damage|p1a: Corviknight|34/100
|-damage|p2a: Gramps|0 fnt|[from] item: Rocky Helmet|[of] p1a: Corviknight
|faint|p2a: Gramps
|
|upkeep
|inactive|mafuyuyume has 90 seconds left.
|
|t:|1779941355
|switch|p2a: Great Tusk|Great Tusk|100/100
|-enditem|p2a: Great Tusk|Booster Energy
|-activate|p2a: Great Tusk|ability: Protosynthesis|[fromitem]
|-start|p2a: Great Tusk|protosynthesisatk
|turn|17
|inactive|mafuyuyume has 90 seconds left.
|
|t:|1779941371
|move|p2a: Great Tusk|Close Combat|p1a: Corviknight
|-damage|p1a: Corviknight|0 fnt
|-unboost|p2a: Great Tusk|def|1
|-unboost|p2a: Great Tusk|spd|1
|-damage|p2a: Great Tusk|84/100|[from] item: Rocky Helmet|[of] p1a: Corviknight
|faint|p1a: Corviknight
|
|upkeep
|
|t:|1779941378
|switch|p1a: Iron Valiant|Iron Valiant|100/100
|-damage|p1a: Iron Valiant|84/100|[from] Spikes
|-enditem|p1a: Iron Valiant|Booster Energy
|-activate|p1a: Iron Valiant|ability: Quark Drive|[fromitem]
|-start|p1a: Iron Valiant|quarkdrivespe
|turn|18
|inactive|mafuyuyume has 90 seconds left.
|
|t:|1779941393
|move|p1a: Iron Valiant|Moonblast|p2a: Great Tusk
|-supereffective|p2a: Great Tusk
|-damage|p2a: Great Tusk|0 fnt
|faint|p2a: Great Tusk
|-end|p2a: Great Tusk|Protosynthesis|[silent]
|
|upkeep
|
|t:|1779941400
|switch|p2a: Gholdengo|Gholdengo|82/100
|turn|19
|inactive|mafuyuyume has 90 seconds left.
|
|t:|1779941421
|move|p1a: Iron Valiant|Moonblast|p2a: Gholdengo
|-resisted|p2a: Gholdengo
|-damage|p2a: Gholdengo|53/100
|move|p2a: Gholdengo|Shadow Ball|p1a: Iron Valiant
|-damage|p1a: Iron Valiant|1/100
|
|upkeep
|turn|20
|
|t:|1779941428
|move|p1a: Iron Valiant|Moonblast|p2a: Gholdengo
|-resisted|p2a: Gholdengo
|-damage|p2a: Gholdengo|27/100
|move|p2a: Gholdengo|Recover|p2a: Gholdengo
|-heal|p2a: Gholdengo|77/100
|
|upkeep
|turn|21
|
|t:|1779941434
|move|p1a: Iron Valiant|Moonblast|p2a: Gholdengo
|-resisted|p2a: Gholdengo
|-damage|p2a: Gholdengo|48/100
|-unboost|p2a: Gholdengo|spa|1
|move|p2a: Gholdengo|Shadow Ball|p1a: Iron Valiant
|-damage|p1a: Iron Valiant|0 fnt
|faint|p1a: Iron Valiant
|-end|p1a: Iron Valiant|Quark Drive|[silent]
|
|upkeep
|
|t:|1779941442
|switch|p1a: Cinderace|Cinderace, F|17/100
|-damage|p1a: Cinderace|0 fnt|[from] Spikes
|faint|p1a: Cinderace
|
|t:|1779941448
|switch|p1a: Vaporeon|Vaporeon, F|91/100
|-damage|p1a: Vaporeon|75/100|[from] Spikes
|turn|22
|inactive|mafuyuyume has 120 seconds left.
|
|t:|1779941464
|move|p2a: Gholdengo|Recover|p2a: Gholdengo
|-heal|p2a: Gholdengo|99/100
|move|p1a: Vaporeon|Scald|p2a: Gholdengo
|-damage|p2a: Gholdengo|55/100
|-status|p2a: Gholdengo|brn
|
|-heal|p1a: Vaporeon|81/100|[from] item: Leftovers
|-damage|p2a: Gholdengo|49/100 brn|[from] brn
|upkeep
|turn|23
|
|t:|1779941476
|move|p2a: Gholdengo|Recover|p2a: Gholdengo
|-heal|p2a: Gholdengo|99/100 brn
|move|p1a: Vaporeon|Calm Mind|p1a: Vaporeon
|-boost|p1a: Vaporeon|spa|1
|-boost|p1a: Vaporeon|spd|1
|
|-heal|p1a: Vaporeon|87/100|[from] item: Leftovers
|-damage|p2a: Gholdengo|93/100 brn|[from] brn
|upkeep
|turn|24
|
|t:|1779941485
|switch|p2a: Weavile|Weavile, M|100/100
|-ability|p2a: Weavile|Pressure
|move|p1a: Vaporeon|Acid Armor|p1a: Vaporeon
|-boost|p1a: Vaporeon|def|2
|
|-heal|p1a: Vaporeon|94/100|[from] item: Leftovers
|upkeep
|turn|25
|inactive|mafuyuyume has 120 seconds left.
|
|t:|1779941520
|move|p2a: Weavile|Knock Off|p1a: Vaporeon
|-damage|p1a: Vaporeon|67/100
|-enditem|p1a: Vaporeon|Leftovers|[from] move: Knock Off|[of] p2a: Weavile
|move|p1a: Vaporeon|Scald|p2a: Weavile
|-damage|p2a: Weavile|10/100
|
|upkeep
|turn|26
|
|t:|1779941526
|move|p2a: Weavile|Knock Off|p1a: Vaporeon
|-damage|p1a: Vaporeon|49/100
|move|p1a: Vaporeon|Scald|p2a: Weavile
|-damage|p2a: Weavile|0 fnt
|faint|p2a: Weavile
|
|upkeep
|
|t:|1779941536
|switch|p2a: Gholdengo|Gholdengo|93/100 brn
|turn|27
|
|t:|1779941543
|move|p2a: Gholdengo|Nasty Plot|p2a: Gholdengo
|-boost|p2a: Gholdengo|spa|2
|move|p1a: Vaporeon|Calm Mind|p1a: Vaporeon
|-boost|p1a: Vaporeon|spa|1
|-boost|p1a: Vaporeon|spd|1
|
|-damage|p2a: Gholdengo|87/100 brn|[from] brn
|upkeep
|turn|28
|inactive|mafuyuyume has 120 seconds left.
|
|t:|1779941556
|move|p2a: Gholdengo|Make It Rain|p1a: Vaporeon
|-resisted|p1a: Vaporeon
|-damage|p1a: Vaporeon|20/100
|-unboost|p2a: Gholdengo|spa|1
|move|p1a: Vaporeon|Scald|p2a: Gholdengo
|-damage|p2a: Gholdengo|0 fnt
|faint|p2a: Gholdengo
|
|upkeep
|
|t:|1779941566
|switch|p2a: Enamorus|Enamorus, F|100/100
|turn|29
|inactive|mafuyuyume has 120 seconds left.
|
|t:|1779941573
|-terastallize|p1a: Vaporeon|Ice
|move|p2a: Enamorus|Moonblast|p1a: Vaporeon
|-damage|p1a: Vaporeon|1/100
|-unboost|p1a: Vaporeon|spa|1
|move|p1a: Vaporeon|Ice Beam|p2a: Enamorus
|-supereffective|p2a: Enamorus
|-damage|p2a: Enamorus|0 fnt
|faint|p2a: Enamorus
|
|win|UltraAero
|raw|UltraAero's rating: 1277 &rarr; <strong>1309</strong><br />(+32 for winning)
|raw|mafuyuyume's rating: 1381 &rarr; <strong>1355</strong><br />(-26 for losing)
|c|☆mafuyuyume|gg
|l|☆UltraAero
|player|p1|
|j|☆UltraAero
|player|p1|UltraAero|dawn-gen4pt|
|c|☆UltraAero|Gg
|l|☆UltraAero
|player|p1|
