|j|☆5penny
|j|☆Yeet259
|inactive|Battle timer is ON: inactive players will automatically lose when time's up.
|t:|1779841305
|gametype|singles
|player|p1|5penny|shadowtriad|
|player|p2|Yeet259|hilbert|
|gen|9
|tier|[Gen 9] OU
|rated|Tournament battle
|rule|HP Percentage Mod: HP is shown in percentages
|rule|Endless Battle Clause: Forcing endless battles is banned
|rule|Species Clause: Limit one of each Pokémon
|rule|OHKO Clause: OHKO moves are banned
|rule|Evasion Items Clause: Evasion items are banned
|rule|Evasion Moves Clause: Evasion moves are banned
|rule|Evasion Abilities Clause: Evasion abilities are banned
|rule|Sleep Moves Clause: Sleep-inducing moves are banned
|raw|<div class="infobox"><details class="readmore"><summary><strong>15 custom rules:</strong></summary> -burmy, -caterpie, -combee, -kricketot, -magikarp, -scatterbug, -sunkern, -tynamo, -typenull, -weedle, -wurmple, -cosmog, -blipbug, -snom, -wynaut</details></div>
|clearpoke
|poke|p1|Ceruledge, F|
|poke|p1|Krokorok, M|
|poke|p1|Tarountula, F|
|poke|p2|Gholdengo|
|poke|p2|Gurdurr, F|
|poke|p2|Lumineon, M|
|teampreview
|j|*Lady Monita 
|inactive|Yeet259 also wants the timer to be on.
|c|☆5penny|hf
|c|☆Yeet259|glhf
|
|t:|1779841314
|teamsize|p1|3
|teamsize|p2|3
|start
|switch|p1a: Tarountula|Tarountula, F|100/100
|switch|p2a: Gurdurr|Gurdurr, F, shiny|100/100
|turn|1
|
|t:|1779841317
|move|p1a: Tarountula|Sticky Web|p2a: Gurdurr
|-sidestart|p2: Yeet259|move: Sticky Web
|move|p2a: Gurdurr|Knock Off|p1a: Tarountula
|-damage|p1a: Tarountula|21/100
|-enditem|p1a: Tarountula|Focus Sash|[from] move: Knock Off|[of] p2a: Gurdurr
|
|upkeep
|turn|2
|j| rznt
|l| rznt
|
|t:|1779841323
|move|p1a: Tarountula|Memento|p2a: Gurdurr
|-unboost|p2a: Gurdurr|atk|2
|-unboost|p2a: Gurdurr|spa|2
|faint|p1a: Tarountula
|move|p2a: Gurdurr|Poison Jab|p1: Tarountula|[notarget]
|-fail|p2a: Gurdurr
|
|upkeep
|j| rznt
|l| rznt
|
|t:|1779841349
|switch|p1a: Ceruledge|Ceruledge, F|100/100
|turn|3
|
|t:|1779841353
|move|p1a: Ceruledge|Bitter Blade|p2a: Gurdurr
|-crit|p2a: Gurdurr
|-damage|p2a: Gurdurr|55/100
|move|p2a: Gurdurr|Knock Off|p1a: Ceruledge
|-supereffective|p1a: Ceruledge
|-damage|p1a: Ceruledge|59/100
|-ability|p1a: Ceruledge|Weak Armor|boost
|-unboost|p1a: Ceruledge|def|1
|-boost|p1a: Ceruledge|spe|2
|-enditem|p1a: Ceruledge|Weakness Policy
|-boost|p1a: Ceruledge|atk|2|[from] item: Weakness Policy
|-boost|p1a: Ceruledge|spa|2|[from] item: Weakness Policy
|
|upkeep
|turn|4
|
|t:|1779841361
|move|p1a: Ceruledge|Bitter Blade|p2a: Gurdurr
|-damage|p2a: Gurdurr|0 fnt
|-heal|p1a: Ceruledge|94/100|[from] drain|[of] p2a: Gurdurr
|faint|p2a: Gurdurr
|
|upkeep
|
|t:|1779841368
|switch|p2a: Lumineon|Lumineon, M|100/100
|-activate|p2a: Lumineon|move: Sticky Web
|-unboost|p2a: Lumineon|spe|1
|turn|5
|j| Phasmyx
|
|t:|1779841376
|-terastallize|p1a: Ceruledge|Ghost
|move|p1a: Ceruledge|Bitter Blade|p2a: Lumineon
|-resisted|p2a: Lumineon
|-damage|p2a: Lumineon|28/100
|-heal|p1a: Ceruledge|100/100|[from] drain|[of] p2a: Lumineon
|move|p2a: Lumineon|Surf|p1a: Ceruledge
|-damage|p1a: Ceruledge|52/100
|-damage|p2a: Lumineon|18/100|[from] item: Life Orb
|
|upkeep
|turn|6
|
|t:|1779841384
|move|p1a: Ceruledge|Bitter Blade|p2a: Lumineon
|-resisted|p2a: Lumineon
|-damage|p2a: Lumineon|0 fnt
|-heal|p1a: Ceruledge|60/100|[from] drain|[of] p2a: Lumineon
|faint|p2a: Lumineon
|
|upkeep
|
|t:|1779841385
|switch|p2a: Gholdengo|Gholdengo|100/100
|-activate|p2a: Gholdengo|move: Sticky Web
|-unboost|p2a: Gholdengo|spe|1
|turn|7
|
|t:|1779841389
|-terastallize|p2a: Gholdengo|Steel
|move|p1a: Ceruledge|Bitter Blade|p2a: Gholdengo
|-supereffective|p2a: Gholdengo
|-damage|p2a: Gholdengo|0 fnt
|-heal|p1a: Ceruledge|100/100|[from] drain|[of] p2a: Gholdengo
|faint|p2a: Gholdengo
|
|win|5penny
|n|☆5penny|5penny
|n|☆Yeet259|yeet259
|n|*Lady Monita |ladymonita
|n| Phasmyx|phasmyx
