|j|‽Etihadmf
|j|☆AbSolitaire
|t:|1779909509
|gametype|singles
|player|p1|Etihadmf|hiker|1226
|player|p2|AbSolitaire|policeman-gen4|1278
|gen|9
|tier|[Gen 9] OU
|rated|
|rule|HP Percentage Mod: HP is shown in percentages
|rule|Endless Battle Clause: Forcing endless battles is banned
|rule|Species Clause: Limit one of each Pokémon
|rule|OHKO Clause: OHKO moves are banned
|rule|Evasion Items Clause: Evasion items are banned
|rule|Evasion Moves Clause: Evasion moves are banned
|rule|Evasion Abilities Clause: Evasion abilities are banned
|rule|Sleep Moves Clause: Sleep-inducing moves are banned
|clearpoke
|poke|p1|Garganacl, M|
|poke|p1|Iron Moth|
|poke|p1|Gholdengo|
|poke|p1|Kyurem|
|poke|p1|Volcanion|
|poke|p1|Great Tusk|
|poke|p2|Kyurem|
|poke|p2|Cobalion|
|poke|p2|Leavanny, F|
|poke|p2|Primarina, F|
|poke|p2|Chandelure, M|
|poke|p2|Komala, F|
|teampreview
|inactive|Battle timer is ON: inactive players will automatically lose when time's up. (requested by Etihadmf)
|inactive|AbSolitaire also wants the timer to be on.
|
|t:|1779909515
|teamsize|p1|6
|teamsize|p2|6
|start
|switch|p1a: Kyurem|Kyurem|100/100
|switch|p2a: Leavanny|Leavanny, F|100/100
|-ability|p1a: Kyurem|Pressure
|turn|1
|
|t:|1779909522
|move|p1a: Kyurem|Freeze-Dry|p2a: Leavanny
|-supereffective|p2a: Leavanny
|-enditem|p2a: Leavanny|Focus Sash
|-damage|p2a: Leavanny|1/100
|move|p2a: Leavanny|Sticky Web|p1a: Kyurem
|-sidestart|p1: Etihadmf|move: Sticky Web
|
|upkeep
|turn|2
|
|t:|1779909532
|move|p1a: Kyurem|Shadow Ball|p2a: Leavanny
|-damage|p2a: Leavanny|0 fnt
|faint|p2a: Leavanny
|
|upkeep
|
|t:|1779909536
|switch|p2a: Primarina|Primarina, F|100/100
|turn|3
|
|t:|1779909545
|move|p1a: Kyurem|Freeze-Dry|p2a: Primarina
|-supereffective|p2a: Primarina
|-damage|p2a: Primarina|61/100
|move|p2a: Primarina|Moonblast|p1a: Kyurem
|-supereffective|p1a: Kyurem
|-crit|p1a: Kyurem
|-damage|p1a: Kyurem|0 fnt
|faint|p1a: Kyurem
|
|upkeep
|
|t:|1779909555
|switch|p1a: Great Tusk|Great Tusk|100/100
|-activate|p1a: Great Tusk|move: Sticky Web
|-unboost|p1a: Great Tusk|spe|1
|turn|4
|
|t:|1779909559
|move|p1a: Great Tusk|Supercell Slam|p2a: Primarina
|-supereffective|p2a: Primarina
|-damage|p2a: Primarina|0 fnt
|faint|p2a: Primarina
|
|upkeep
|
|t:|1779909564
|switch|p2a: Chandelure|Chandelure, M|100/100
|turn|5
|
|t:|1779909590
|move|p2a: Chandelure|Psychic|p1a: Great Tusk
|-supereffective|p1a: Great Tusk
|-damage|p1a: Great Tusk|59/100
|move|p1a: Great Tusk|Headlong Rush|p2a: Chandelure
|-supereffective|p2a: Chandelure
|-crit|p2a: Chandelure
|-damage|p2a: Chandelure|0 fnt
|-unboost|p1a: Great Tusk|def|1
|-unboost|p1a: Great Tusk|spd|1
|faint|p2a: Chandelure
|
|upkeep
|
|t:|1779909595
|switch|p2a: Kyurem|Kyurem|100/100
|-ability|p2a: Kyurem|Pressure
|turn|6
|
|t:|1779909613
|-terastallize|p1a: Great Tusk|Fire
|move|p2a: Kyurem|Ice Beam|p1a: Great Tusk
|-resisted|p1a: Great Tusk
|-damage|p1a: Great Tusk|21/100
|move|p1a: Great Tusk|Rapid Spin|p2a: Kyurem
|-damage|p2a: Kyurem|86/100
|-boost|p1a: Great Tusk|spe|1
|-sideend|p1: Etihadmf|Sticky Web|[from] move: Rapid Spin|[of] p1a: Great Tusk
|
|upkeep
|turn|7
|inactive|Etihadmf has 120 seconds left.
|
|t:|1779909630
|move|p2a: Kyurem|Ice Beam|p1a: Great Tusk
|-resisted|p1a: Great Tusk
|-damage|p1a: Great Tusk|0 fnt
|faint|p1a: Great Tusk
|-end|p1a: Great Tusk|Protosynthesis|[silent]
|
|upkeep
|
|t:|1779909633
|switch|p1a: Gholdengo|Gholdengo|100/100
|turn|8
|
|t:|1779909640
|switch|p2a: Komala|Komala, F|100/100
|-ability|p2a: Komala|Comatose
|move|p1a: Gholdengo|Trick|p2a: Komala
|-activate|p1a: Gholdengo|move: Trick|[of] p2a: Komala
|-item|p2a: Komala|Lagging Tail|[from] move: Trick
|-item|p1a: Gholdengo|Heavy-Duty Boots|[from] move: Trick
|
|upkeep
|turn|9
|inactive|Etihadmf has 120 seconds left.
|
|t:|1779909673
|switch|p1a: Garganacl|Garganacl, M|100/100
|move|p2a: Komala|Knock Off|p1a: Garganacl
|-damage|p1a: Garganacl|76/100
|-enditem|p1a: Garganacl|Leftovers|[from] move: Knock Off|[of] p2a: Komala
|
|upkeep
|turn|10
|
|t:|1779909679
|move|p1a: Garganacl|Iron Defense|p1a: Garganacl
|-boost|p1a: Garganacl|def|2
|move|p2a: Komala|Earthquake|p1a: Garganacl
|-supereffective|p1a: Garganacl
|-damage|p1a: Garganacl|54/100
|
|upkeep
|turn|11
|inactive|Etihadmf has 120 seconds left.
|
|t:|1779909709
|switch|p2a: Cobalion|Cobalion, shiny|100/100
|move|p1a: Garganacl|Recover|p1a: Garganacl
|-heal|p1a: Garganacl|100/100
|
|upkeep
|turn|12
|
|t:|1779909712
|switch|p1a: Gholdengo|Gholdengo|100/100
|move|p2a: Cobalion|Iron Defense|p2a: Cobalion
|-boost|p2a: Cobalion|def|2
|
|upkeep
|turn|13
|
|t:|1779909715
|move|p2a: Cobalion|Thunder Wave|p1a: Gholdengo
|-immune|p1a: Gholdengo|[from] ability: Good as Gold
|move|p1a: Gholdengo|Thunder Wave|p2a: Cobalion
|-status|p2a: Cobalion|par
|
|upkeep
|turn|14
|-message|AbSolitaire forfeited.
|
|win|Etihadmf
|raw|Etihadmf's rating: 1226 &rarr; <strong>1255</strong><br />(+29 for winning)
|raw|AbSolitaire's rating: 1278 &rarr; <strong>1249</strong><br />(-29 for losing)
|l|☆AbSolitaire
|player|p2|
|l|‽Etihadmf
|player|p1|
