|j|☆tommytt22
|j|☆newgaem
|t:|1779965899
|gametype|singles
|player|p1|tommytt22|drayden|1391
|player|p2|newgaem|blue|1436
|gen|9
|tier|[Gen 9] OU
|rated|
|rule|HP Percentage Mod: HP is shown in percentages
|rule|Endless Battle Clause: Forcing endless battles is banned
|rule|Species Clause: Limit one of each Pokémon
|rule|OHKO Clause: OHKO moves are banned
|rule|Evasion Items Clause: Evasion items are banned
|rule|Evasion Moves Clause: Evasion moves are banned
|rule|Evasion Abilities Clause: Evasion abilities are banned
|rule|Sleep Moves Clause: Sleep-inducing moves are banned
|clearpoke
|poke|p1|Gholdengo|
|poke|p1|Rillaboom, M|
|poke|p1|Heatran, F|
|poke|p1|Clefable, F|
|poke|p1|Talonflame, F|
|poke|p1|Raging Bolt|
|poke|p2|Armarouge, F|
|poke|p2|Kingambit, F|
|poke|p2|Iron Valiant|
|poke|p2|Ceruledge, F|
|poke|p2|Mimikyu, M|
|poke|p2|Cyclizar, M|
|teampreview
|inactive|Battle timer is ON: inactive players will automatically lose when time's up. (requested by newgaem)
|
|t:|1779965921
|teamsize|p1|6
|teamsize|p2|6
|start
|switch|p1a: Heatran|Heatran, F|100/100
|switch|p2a: Omega|Iron Valiant|100/100
|-enditem|p2a: Omega|Booster Energy
|-activate|p2a: Omega|ability: Quark Drive|[fromitem]
|-start|p2a: Omega|quarkdrivespe
|turn|1
|
|t:|1779965929
|move|p1a: Heatran|Protect|p1a: Heatran
|-singleturn|p1a: Heatran|Protect
|move|p2a: Omega|Close Combat|p1a: Heatran
|-activate|p1a: Heatran|move: Protect
|
|upkeep
|turn|2
|
|t:|1779965938
|switch|p1a: Talonflame|Talonflame, F|100/100
|move|p2a: Omega|Spirit Break|p1a: Talonflame
|-resisted|p1a: Talonflame
|-damage|p1a: Talonflame|84/100
|-unboost|p1a: Talonflame|spa|1
|
|upkeep
|turn|3
|inactive|tommytt22 has 120 seconds left.
|
|t:|1779965978
|-end|p2a: Omega|Quark Drive|[silent]
|switch|p2a: Zero|Ceruledge, F, shiny|100/100
|move|p1a: Talonflame|Will-O-Wisp|p2a: Zero
|-immune|p2a: Zero
|
|upkeep
|turn|4
|
|t:|1779966000
|switch|p1a: Raging Bolt|Raging Bolt|100/100
|move|p2a: Zero|Swords Dance|p2a: Zero
|-boost|p2a: Zero|atk|2
|
|upkeep
|turn|5
|
|t:|1779966008
|move|p2a: Zero|Shadow Sneak|p1a: Raging Bolt
|-damage|p1a: Raging Bolt|63/100
|-damage|p2a: Zero|91/100|[from] item: Life Orb
|move|p1a: Raging Bolt|Thunderbolt|p2a: Zero
|-damage|p2a: Zero|35/100
|
|-heal|p1a: Raging Bolt|69/100|[from] item: Leftovers
|upkeep
|turn|6
|
|t:|1779966021
|move|p1a: Raging Bolt|Thunderclap|p2a: Zero
|-damage|p2a: Zero|0 fnt
|faint|p2a: Zero
|
|-heal|p1a: Raging Bolt|75/100|[from] item: Leftovers
|upkeep
|l|☆tommytt22
|inactive|tommytt22 disconnected and has a minute to reconnect!
|player|p1|
|j|☆tommytt22
|inactive|tommytt22 reconnected.
|player|p1|tommytt22|drayden|
|
|t:|1779966032
|switch|p2a: Harpuia|Cyclizar, M|100/100
|turn|7
|
|t:|1779966038
|-end|p1a: Raging Bolt|Protosynthesis|[silent]
|switch|p1a: Heatran|Heatran, F|100/100
|move|p2a: Harpuia|Draco Meteor|p1a: Heatran
|-resisted|p1a: Heatran
|-damage|p1a: Heatran|85/100
|-unboost|p2a: Harpuia|spa|2
|
|-heal|p1a: Heatran|91/100|[from] item: Leftovers
|upkeep
|turn|8
|
|t:|1779966049
|move|p2a: Harpuia|U-turn|p1a: Heatran
|-resisted|p1a: Heatran
|-damage|p1a: Heatran|88/100
|
|t:|1779966051
|switch|p2a: Leviathan|Mimikyu, M|100/100|[from] U-turn
|move|p1a: Heatran|Earth Power|p2a: Leviathan
|-activate|p2a: Leviathan|ability: Disguise
|-damage|p2a: Leviathan|100/100
|detailschange|p2a: Leviathan|Mimikyu-Busted, M
|-damage|p2a: Leviathan|88/100|[from] pokemon: Mimikyu-Busted
|
|-heal|p2a: Leviathan|94/100|[from] item: Leftovers
|-heal|p1a: Heatran|95/100|[from] item: Leftovers
|upkeep
|turn|9
|
|t:|1779966064
|move|p2a: Leviathan|Curse|p1a: Heatran
|-start|p1a: Heatran|Curse|[of] p2a: Leviathan
|-damage|p2a: Leviathan|44/100
|move|p1a: Heatran|Magma Storm|p2a: Leviathan
|-damage|p2a: Leviathan|0 fnt
|faint|p2a: Leviathan
|
|-heal|p1a: Heatran|100/100|[from] item: Leftovers
|-damage|p1a: Heatran|76/100|[from] Curse
|upkeep
|
|t:|1779966077
|switch|p2a: Fefnir|Armarouge, F, shiny|100/100
|turn|10
|
|t:|1779966087
|switch|p2a: Harpuia|Cyclizar, M|100/100
|switch|p1a: Raging Bolt|Raging Bolt|75/100
|
|-heal|p1a: Raging Bolt|81/100|[from] item: Leftovers
|upkeep
|turn|11
|
|t:|1779966095
|-end|p1a: Raging Bolt|Protosynthesis|[silent]
|switch|p1a: Heatran|Heatran, F|76/100
|move|p2a: Harpuia|Draco Meteor|p1a: Heatran|[miss]
|-miss|p2a: Harpuia|p1a: Heatran
|
|-heal|p1a: Heatran|82/100|[from] item: Leftovers
|upkeep
|turn|12
|
|t:|1779966103
|move|p2a: Harpuia|Draco Meteor|p1a: Heatran
|-resisted|p1a: Heatran
|-damage|p1a: Heatran|66/100
|-unboost|p2a: Harpuia|spa|2
|move|p1a: Heatran|Earth Power|p2a: Harpuia
|-damage|p2a: Harpuia|59/100
|
|-heal|p1a: Heatran|72/100|[from] item: Leftovers
|upkeep
|turn|13
|
|t:|1779966114
|switch|p2a: Omega|Iron Valiant|100/100
|move|p1a: Heatran|Taunt|p2a: Omega
|-start|p2a: Omega|move: Taunt
|
|-heal|p1a: Heatran|78/100|[from] item: Leftovers
|upkeep
|turn|14
|
|t:|1779966124
|switch|p1a: Talonflame|Talonflame, F|84/100
|move|p2a: Omega|Close Combat|p1a: Talonflame
|-resisted|p1a: Talonflame
|-damage|p1a: Talonflame|57/100
|-unboost|p2a: Omega|def|1
|-unboost|p2a: Omega|spd|1
|
|upkeep
|turn|15
|
|t:|1779966134
|-end|p2a: Omega|Quark Drive|[silent]
|switch|p2a: Harpuia|Cyclizar, M|92/100
|move|p1a: Talonflame|Roost|p1a: Talonflame
|-heal|p1a: Talonflame|100/100
|-singleturn|p1a: Talonflame|move: Roost
|
|upkeep
|turn|16
|
|t:|1779966142
|switch|p1a: Clefable|Clefable, F|100/100
|move|p2a: Harpuia|Draco Meteor|p1a: Clefable
|-immune|p1a: Clefable
|
|upkeep
|turn|17
|-message|newgaem forfeited.
|
|win|tommytt22
|raw|tommytt22's rating: 1391 &rarr; <strong>1414</strong><br />(+23 for winning)
|raw|newgaem's rating: 1436 &rarr; <strong>1413</strong><br />(-23 for losing)
|l|☆newgaem
|player|p2|
|l|☆tommytt22
|player|p1|
