|j|☆Kj297
|j|☆Gasparougue
|t:|1779819824
|gametype|singles
|player|p1|Kj297|265|1033
|player|p2|Gasparougue|flint|1062
|gen|9
|tier|[Gen 9] OU
|rated|
|rule|HP Percentage Mod: HP is shown in percentages
|rule|Endless Battle Clause: Forcing endless battles is banned
|rule|Species Clause: Limit one of each Pokémon
|rule|OHKO Clause: OHKO moves are banned
|rule|Evasion Items Clause: Evasion items are banned
|rule|Evasion Moves Clause: Evasion moves are banned
|rule|Evasion Abilities Clause: Evasion abilities are banned
|rule|Sleep Moves Clause: Sleep-inducing moves are banned
|clearpoke
|poke|p1|Charizard, M|
|poke|p1|Rillaboom, F|
|poke|p1|Blastoise, M|
|poke|p1|Glimmora, M|
|poke|p1|Landorus-Therian, M|
|poke|p1|Gliscor, F|
|poke|p2|Infernape, M|
|poke|p2|Corviknight, M|
|poke|p2|Gardevoir, F|
|poke|p2|Glimmora, F|
|poke|p2|Gastrodon-East, F|
|poke|p2|Garchomp, M|
|teampreview
|inactive|Battle timer is ON: inactive players will automatically lose when time's up. (requested by Kj297)
|
|t:|1779819831
|teamsize|p1|6
|teamsize|p2|6
|start
|switch|p1a: Landorus|Landorus-Therian, M, shiny|100/100
|switch|p2a: Earth King|Gastrodon-East, F|100/100
|-ability|p1a: Landorus|Intimidate|boost
|-unboost|p2a: Earth King|atk|1
|turn|1
|
|t:|1779819837
|move|p1a: Landorus|U-turn|p2a: Earth King
|-damage|p2a: Earth King|67/100
|
|t:|1779819839
|switch|p1a: Glimmora|Glimmora, M, shiny|100/100|[from] U-turn
|move|p2a: Earth King|Ice Beam|p1a: Glimmora
|-damage|p1a: Glimmora|81/100
|
|-heal|p1a: Glimmora|87/100|[from] item: Leftovers
|-heal|p2a: Earth King|73/100|[from] item: Leftovers
|upkeep
|turn|2
|
|t:|1779819850
|move|p1a: Glimmora|Protect|p1a: Glimmora
|-singleturn|p1a: Glimmora|Protect
|move|p2a: Earth King|Earth Power|p1a: Glimmora
|-activate|p1a: Glimmora|move: Protect
|
|-heal|p1a: Glimmora|93/100|[from] item: Leftovers
|-heal|p2a: Earth King|79/100|[from] item: Leftovers
|upkeep
|turn|3
|
|t:|1779819858
|switch|p1a: Landorus|Landorus-Therian, M, shiny|100/100
|-ability|p1a: Landorus|Intimidate|boost
|-unboost|p2a: Earth King|atk|1
|move|p2a: Earth King|Earth Power|p1a: Landorus
|-immune|p1a: Landorus
|
|-heal|p2a: Earth King|85/100|[from] item: Leftovers
|upkeep
|turn|4
|
|t:|1779819866
|move|p1a: Landorus|U-turn|p2a: Earth King
|-damage|p2a: Earth King|49/100
|
|t:|1779819870
|switch|p1a: Glimmora|Glimmora, M, shiny|93/100|[from] U-turn
|move|p2a: Earth King|Earth Power|p1a: Glimmora
|-supereffective|p1a: Glimmora
|-damage|p1a: Glimmora|0 fnt
|faint|p1a: Glimmora
|
|-heal|p2a: Earth King|55/100|[from] item: Leftovers
|upkeep
|
|t:|1779819876
|switch|p1a: Blastoise|Blastoise, M, shiny|100/100
|turn|5
|
|t:|1779819887
|move|p1a: Blastoise|Shell Smash|p1a: Blastoise
|-unboost|p1a: Blastoise|def|1
|-unboost|p1a: Blastoise|spd|1
|-boost|p1a: Blastoise|atk|2
|-boost|p1a: Blastoise|spa|2
|-boost|p1a: Blastoise|spe|2
|-enditem|p1a: Blastoise|White Herb
|-clearnegativeboost|p1a: Blastoise|[silent]
|move|p2a: Earth King|Recover|p2a: Earth King
|-heal|p2a: Earth King|100/100
|
|upkeep
|turn|6
|
|t:|1779819896
|move|p1a: Blastoise|Ice Beam|p2a: Earth King
|-damage|p2a: Earth King|69/100
|move|p2a: Earth King|Earth Power|p1a: Blastoise
|-damage|p1a: Blastoise|74/100
|
|-heal|p2a: Earth King|75/100|[from] item: Leftovers
|upkeep
|turn|7
|
|t:|1779819903
|move|p1a: Blastoise|Ice Beam|p2a: Earth King
|-damage|p2a: Earth King|47/100
|move|p2a: Earth King|Earth Power|p1a: Blastoise
|-damage|p1a: Blastoise|45/100
|
|-heal|p2a: Earth King|53/100|[from] item: Leftovers
|upkeep
|turn|8
|
|t:|1779819911
|move|p1a: Blastoise|Ice Beam|p2a: Earth King
|-damage|p2a: Earth King|26/100
|move|p2a: Earth King|Recover|p2a: Earth King
|-heal|p2a: Earth King|76/100
|
|-heal|p2a: Earth King|82/100|[from] item: Leftovers
|upkeep
|turn|9
|
|t:|1779819917
|move|p1a: Blastoise|Ice Beam|p2a: Earth King
|-damage|p2a: Earth King|52/100
|move|p2a: Earth King|Earth Power|p1a: Blastoise
|-damage|p1a: Blastoise|20/100
|
|-heal|p2a: Earth King|58/100|[from] item: Leftovers
|upkeep
|turn|10
|
|t:|1779819926
|move|p1a: Blastoise|Ice Beam|p2a: Earth King
|-damage|p2a: Earth King|28/100
|move|p2a: Earth King|Earth Power|p1a: Blastoise
|-damage|p1a: Blastoise|0 fnt
|faint|p1a: Blastoise
|
|-heal|p2a: Earth King|34/100|[from] item: Leftovers
|upkeep
|
|t:|1779819939
|switch|p1a: Landorus|Landorus-Therian, M, shiny|100/100
|-ability|p1a: Landorus|Intimidate|boost
|-unboost|p2a: Earth King|atk|1
|turn|11
|
|t:|1779819943
|move|p1a: Landorus|Crunch|p2a: Earth King
|-damage|p2a: Earth King|0 fnt
|faint|p2a: Earth King
|
|upkeep
|
|t:|1779819950
|switch|p2a: Antitanques|Glimmora, F|100/100
|turn|12
|
|t:|1779819970
|switch|p1a: Gliscor|Gliscor, F, shiny|100/100
|move|p2a: Antitanques|Light Screen|p2a: Antitanques
|-sidestart|p2: Gasparougue|move: Light Screen
|
|-status|p1a: Gliscor|tox|[from] item: Toxic Orb
|upkeep
|turn|13
|
|t:|1779819980
|switch|p2a: Black Knight|Corviknight, M|100/100
|move|p1a: Gliscor|Substitute|p1a: Gliscor
|-start|p1a: Gliscor|Substitute
|-damage|p1a: Gliscor|76/100 tox
|
|-heal|p1a: Gliscor|88/100 tox|[from] ability: Poison Heal
|upkeep
|turn|14
|
|t:|1779819988
|move|p1a: Gliscor|Knock Off|p2a: Black Knight
|-damage|p2a: Black Knight|87/100
|-enditem|p2a: Black Knight|Leftovers|[from] move: Knock Off|[of] p1a: Gliscor
|move|p2a: Black Knight|Bulk Up|p2a: Black Knight
|-boost|p2a: Black Knight|atk|1
|-boost|p2a: Black Knight|def|1
|
|-heal|p1a: Gliscor|100/100 tox|[from] ability: Poison Heal
|upkeep
|turn|15
|
|t:|1779819996
|move|p1a: Gliscor|Knock Off|p2a: Black Knight
|-damage|p2a: Black Knight|81/100
|move|p2a: Black Knight|Bulk Up|p2a: Black Knight
|-boost|p2a: Black Knight|atk|1
|-boost|p2a: Black Knight|def|1
|
|upkeep
|turn|16
|
|t:|1779820003
|move|p1a: Gliscor|Knock Off|p2a: Black Knight
|-damage|p2a: Black Knight|76/100
|move|p2a: Black Knight|Bulk Up|p2a: Black Knight
|-boost|p2a: Black Knight|atk|1
|-boost|p2a: Black Knight|def|1
|
|-sideend|p2: Gasparougue|move: Light Screen
|upkeep
|turn|17
|
|t:|1779820010
|move|p1a: Gliscor|Knock Off|p2a: Black Knight
|-damage|p2a: Black Knight|72/100
|move|p2a: Black Knight|Bulk Up|p2a: Black Knight
|-boost|p2a: Black Knight|atk|1
|-boost|p2a: Black Knight|def|1
|
|upkeep
|turn|18
|
|t:|1779820017
|move|p1a: Gliscor|Knock Off|p2a: Black Knight
|-damage|p2a: Black Knight|69/100
|move|p2a: Black Knight|Bulk Up|p2a: Black Knight
|-boost|p2a: Black Knight|atk|1
|-boost|p2a: Black Knight|def|1
|
|upkeep
|turn|19
|
|t:|1779820023
|move|p1a: Gliscor|Knock Off|p2a: Black Knight
|-damage|p2a: Black Knight|66/100
|move|p2a: Black Knight|Bulk Up|p2a: Black Knight
|-boost|p2a: Black Knight|atk|1
|-boost|p2a: Black Knight|def|1
|
|upkeep
|turn|20
|
|t:|1779820029
|move|p1a: Gliscor|Knock Off|p2a: Black Knight
|-damage|p2a: Black Knight|63/100
|move|p2a: Black Knight|Roost|p2a: Black Knight
|-heal|p2a: Black Knight|100/100
|-singleturn|p2a: Black Knight|move: Roost
|
|upkeep
|turn|21
|
|t:|1779820037
|move|p1a: Gliscor|Protect|p1a: Gliscor
|-singleturn|p1a: Gliscor|Protect
|move|p2a: Black Knight|Iron Head|p1a: Gliscor
|-activate|p1a: Gliscor|move: Protect
|
|upkeep
|turn|22
|
|t:|1779820042
|move|p1a: Gliscor|Knock Off|p2a: Black Knight
|-damage|p2a: Black Knight|98/100
|move|p2a: Black Knight|Iron Head|p1a: Gliscor
|-end|p1a: Gliscor|Substitute
|
|upkeep
|turn|23
|
|t:|1779820048
|move|p1a: Gliscor|Protect|p1a: Gliscor
|-singleturn|p1a: Gliscor|Protect
|move|p2a: Black Knight|Iron Head|p1a: Gliscor
|-activate|p1a: Gliscor|move: Protect
|
|upkeep
|turn|24
|
|t:|1779820052
|move|p1a: Gliscor|Substitute|p1a: Gliscor
|-start|p1a: Gliscor|Substitute
|-damage|p1a: Gliscor|76/100 tox
|move|p2a: Black Knight|Iron Head|p1a: Gliscor
|-end|p1a: Gliscor|Substitute
|
|-heal|p1a: Gliscor|88/100 tox|[from] ability: Poison Heal
|upkeep
|turn|25
|
|t:|1779820060
|move|p1a: Gliscor|Protect|p1a: Gliscor
|-singleturn|p1a: Gliscor|Protect
|move|p2a: Black Knight|Iron Head|p1a: Gliscor
|-activate|p1a: Gliscor|move: Protect
|
|-heal|p1a: Gliscor|100/100 tox|[from] ability: Poison Heal
|upkeep
|turn|26
|
|t:|1779820066
|switch|p1a: Charizard|Charizard, M, shiny|100/100
|move|p2a: Black Knight|Iron Head|p1a: Charizard
|-resisted|p1a: Charizard
|-damage|p1a: Charizard|37/100
|
|upkeep
|turn|27
|
|t:|1779820078
|-terastallize|p2a: Black Knight|Dragon
|move|p1a: Charizard|Flamethrower|p2a: Black Knight
|-resisted|p2a: Black Knight
|-damage|p2a: Black Knight|70/100
|move|p2a: Black Knight|Iron Head|p1a: Charizard
|-resisted|p1a: Charizard
|-damage|p1a: Charizard|0 fnt
|faint|p1a: Charizard
|
|upkeep
|
|t:|1779820100
|switch|p1a: Rillaboom|Rillaboom, F, shiny|100/100
|-fieldstart|move: Grassy Terrain|[from] ability: Grassy Surge|[of] p1a: Rillaboom
|turn|28
|
|t:|1779820104
|move|p1a: Rillaboom|Leech Seed|p2a: Black Knight
|-start|p2a: Black Knight|move: Leech Seed
|move|p2a: Black Knight|Brave Bird|p1a: Rillaboom
|-supereffective|p1a: Rillaboom
|-damage|p1a: Rillaboom|0 fnt
|faint|p1a: Rillaboom
|-damage|p2a: Black Knight|34/100|[from] Recoil
|
|-heal|p2a: Black Knight|40/100|[from] Grassy Terrain
|upkeep
|
|t:|1779820110
|switch|p1a: Gliscor|Gliscor, F, shiny|100/100 tox
|turn|29
|
|t:|1779820117
|move|p1a: Gliscor|Toxic|p2a: Black Knight
|-status|p2a: Black Knight|tox
|move|p2a: Black Knight|Roost|p2a: Black Knight
|-heal|p2a: Black Knight|90/100 tox
|
|-heal|p2a: Black Knight|96/100 tox|[from] Grassy Terrain
|-damage|p2a: Black Knight|84/100 tox|[from] Leech Seed|[of] p1a: Gliscor
|-damage|p2a: Black Knight|78/100 tox|[from] psn
|upkeep
|turn|30
|
|t:|1779820126
|move|p1a: Gliscor|Substitute|p1a: Gliscor
|-start|p1a: Gliscor|Substitute
|-damage|p1a: Gliscor|76/100 tox
|move|p2a: Black Knight|Iron Head|p1a: Gliscor
|-end|p1a: Gliscor|Substitute
|
|-heal|p2a: Black Knight|84/100 tox|[from] Grassy Terrain
|-damage|p2a: Black Knight|72/100 tox|[from] Leech Seed|[of] p1a: Gliscor
|-heal|p1a: Gliscor|89/100 tox|[silent]
|-heal|p1a: Gliscor|100/100 tox|[from] ability: Poison Heal
|-damage|p2a: Black Knight|59/100 tox|[from] psn
|upkeep
|turn|31
|
|t:|1779820136
|move|p1a: Gliscor|Protect|p1a: Gliscor
|-singleturn|p1a: Gliscor|Protect
|move|p2a: Black Knight|Roost|p2a: Black Knight
|-heal|p2a: Black Knight|100/100 tox
|
|-damage|p2a: Black Knight|88/100 tox|[from] Leech Seed|[of] p1a: Gliscor
|-damage|p2a: Black Knight|69/100 tox|[from] psn
|upkeep
|turn|32
|
|t:|1779820144
|move|p1a: Gliscor|Substitute|p1a: Gliscor
|-start|p1a: Gliscor|Substitute
|-damage|p1a: Gliscor|76/100 tox
|move|p2a: Black Knight|Iron Head|p1a: Gliscor
|-end|p1a: Gliscor|Substitute
|
|-heal|p2a: Black Knight|76/100 tox|[from] Grassy Terrain
|-damage|p2a: Black Knight|63/100 tox|[from] Leech Seed|[of] p1a: Gliscor
|-heal|p1a: Gliscor|89/100 tox|[silent]
|-heal|p1a: Gliscor|100/100 tox|[from] ability: Poison Heal
|-damage|p2a: Black Knight|38/100 tox|[from] psn
|-fieldend|move: Grassy Terrain
|upkeep
|turn|33
|
|t:|1779820158
|switch|p2a: Ranni|Gardevoir, F|100/100
|-ability|p2a: Ranni|Poison Heal|Trace|[from] ability: Trace|[of] p1a: Gliscor
|move|p1a: Gliscor|Protect||[still]
|-fail|p1a: Gliscor
|
|upkeep
|turn|34
|
|t:|1779820168
|move|p2a: Ranni|Moonblast|p1a: Gliscor
|-damage|p1a: Gliscor|38/100 tox
|move|p1a: Gliscor|Toxic|p2a: Ranni
|-status|p2a: Ranni|tox
|
|-heal|p1a: Gliscor|51/100 tox|[from] ability: Poison Heal
|upkeep
|turn|35
|
|t:|1779820174
|move|p1a: Gliscor|Protect|p1a: Gliscor
|-singleturn|p1a: Gliscor|Protect
|move|p2a: Ranni|Moonblast|p1a: Gliscor
|-activate|p1a: Gliscor|move: Protect
|
|-heal|p1a: Gliscor|63/100 tox|[from] ability: Poison Heal
|upkeep
|turn|36
|
|t:|1779820181
|move|p2a: Ranni|Moonblast|p1a: Gliscor
|-damage|p1a: Gliscor|4/100 tox
|move|p1a: Gliscor|Substitute|p1a: Gliscor
|-fail|p1a: Gliscor|move: Substitute|[weak]
|
|-heal|p1a: Gliscor|16/100 tox|[from] ability: Poison Heal
|upkeep
|turn|37
|
|t:|1779820187
|move|p1a: Gliscor|Protect|p1a: Gliscor
|-singleturn|p1a: Gliscor|Protect
|move|p2a: Ranni|Moonblast|p1a: Gliscor
|-activate|p1a: Gliscor|move: Protect
|
|-heal|p1a: Gliscor|29/100 tox|[from] ability: Poison Heal
|upkeep
|turn|38
|
|t:|1779820198
|move|p2a: Ranni|Moonblast|p1a: Gliscor
|-damage|p1a: Gliscor|0 fnt
|faint|p1a: Gliscor
|
|upkeep
|
|t:|1779820200
|switch|p1a: Landorus|Landorus-Therian, M, shiny|100/100
|-ability|p1a: Landorus|Intimidate|boost
|-unboost|p2a: Ranni|atk|1
|turn|39
|
|t:|1779820205
|move|p1a: Landorus|Rock Slide|p2a: Ranni
|-damage|p2a: Ranni|24/100 tox
|move|p2a: Ranni|Moonblast|p1a: Landorus
|-damage|p1a: Landorus|14/100
|
|-heal|p2a: Ranni|37/100 tox|[from] ability: Poison Heal
|upkeep
|turn|40
|
|t:|1779820212
|move|p1a: Landorus|Rock Slide|p2a: Ranni
|-damage|p2a: Ranni|0 fnt
|faint|p2a: Ranni
|
|upkeep
|
|t:|1779820217
|switch|p2a: Antitanques|Glimmora, F|100/100
|turn|41
|
|t:|1779820220
|move|p1a: Landorus|Rock Slide|p2a: Antitanques
|-damage|p2a: Antitanques|61/100
|-activate|p2a: Antitanques|ability: Toxic Debris
|-sidestart|p1: Kj297|move: Toxic Spikes
|cant|p2a: Antitanques|flinch
|
|-heal|p2a: Antitanques|67/100|[from] item: Leftovers
|upkeep
|turn|42
|
|t:|1779820229
|move|p1a: Landorus|Rock Slide|p2a: Antitanques
|-damage|p2a: Antitanques|25/100
|-activate|p2a: Antitanques|ability: Toxic Debris
|-sidestart|p1: Kj297|move: Toxic Spikes
|move|p2a: Antitanques|Mortal Spin|p1a: Landorus
|-resisted|p1a: Landorus
|-damage|p1a: Landorus|10/100
|-status|p1a: Landorus|psn
|
|-heal|p2a: Antitanques|31/100|[from] item: Leftovers
|-damage|p1a: Landorus|0 fnt|[from] psn
|faint|p1a: Landorus
|
|win|Gasparougue
|raw|Kj297's rating: 1033 &rarr; <strong>1019</strong><br />(-14 for losing)
|raw|Gasparougue's rating: 1062 &rarr; <strong>1090</strong><br />(+28 for winning)
|l|☆Kj297
|player|p1|
