|j|☆echopage
|j|☆shauryagarchamp
|t:|1779805065
|gametype|singles
|player|p1|echopage|2|1175
|player|p2|shauryagarchamp|elesa-masters3|1228
|gen|9
|tier|[Gen 9] OU
|rated|
|rule|HP Percentage Mod: HP is shown in percentages
|rule|Endless Battle Clause: Forcing endless battles is banned
|rule|Species Clause: Limit one of each Pokémon
|rule|OHKO Clause: OHKO moves are banned
|rule|Evasion Items Clause: Evasion items are banned
|rule|Evasion Moves Clause: Evasion moves are banned
|rule|Evasion Abilities Clause: Evasion abilities are banned
|rule|Sleep Moves Clause: Sleep-inducing moves are banned
|clearpoke
|poke|p1|Tyranitar, M|
|poke|p1|Excadrill, M|
|poke|p1|Walking Wake|
|poke|p1|Azumarill, F|
|poke|p1|Zapdos|
|poke|p1|Cinderace, M|
|poke|p2|Weezing-Galar, F|
|poke|p2|Gholdengo|
|poke|p2|Ursaluna, M|
|poke|p2|Electrode-Hisui|
|poke|p2|Arcanine-Hisui, F|
|poke|p2|Weavile, M|
|teampreview
|inactive|Battle timer is ON: inactive players will automatically lose when time's up. (requested by shauryagarchamp)
|
|t:|1779805091
|teamsize|p1|6
|teamsize|p2|6
|start
|switch|p1a: Walking Wake|Walking Wake|100/100
|switch|p2a: Weavile|Weavile, M|100/100
|turn|1
|
|t:|1779805113
|move|p2a: Weavile|Knock Off|p1a: Walking Wake
|-damage|p1a: Walking Wake|45/100
|-enditem|p1a: Walking Wake|Mystic Water|[from] move: Knock Off|[of] p2a: Weavile
|move|p1a: Walking Wake|Flip Turn|p2a: Weavile
|-damage|p2a: Weavile|75/100
|
|t:|1779805123
|-end|p1a: Walking Wake|Protosynthesis|[silent]
|switch|p1a: Azumarill|Azumarill, F|100/100|[from] Flip Turn
|
|upkeep
|turn|2
|inactive|shauryagarchamp has 120 seconds left.
|
|t:|1779805152
|move|p2a: Weavile|Knock Off|p1a: Azumarill
|-resisted|p1a: Azumarill
|-crit|p1a: Azumarill
|-damage|p1a: Azumarill|61/100
|-enditem|p1a: Azumarill|Choice Band|[from] move: Knock Off|[of] p2a: Weavile
|move|p1a: Azumarill|Play Rough|p2a: Weavile
|-supereffective|p2a: Weavile
|-damage|p2a: Weavile|0 fnt
|faint|p2a: Weavile
|
|upkeep
|inactive|shauryagarchamp has 120 seconds left.
|
|t:|1779805162
|switch|p2a: Electrode|Electrode-Hisui|100/100
|turn|3
|inactive|shauryagarchamp has 120 seconds left.
|
|t:|1779805170
|switch|p1a: Tyranitar|Tyranitar, M|100/100
|-weather|Sandstorm|[from] ability: Sand Stream|[of] p1a: Tyranitar
|move|p2a: Electrode|Leaf Storm|p1a: Tyranitar
|-supereffective|p1a: Tyranitar
|-damage|p1a: Tyranitar|55/100
|-unboost|p2a: Electrode|spa|2
|
|-weather|Sandstorm|[upkeep]
|-damage|p2a: Electrode|94/100|[from] Sandstorm
|-heal|p1a: Tyranitar|62/100|[from] item: Leftovers
|upkeep
|turn|4
|inactive|echopage has 120 seconds left.
|inactive|echopage has 90 seconds left.
|
|t:|1779805233
|move|p2a: Electrode|Volt Switch|p1a: Tyranitar
|-crit|p1a: Tyranitar
|-damage|p1a: Tyranitar|42/100
|
|t:|1779805241
|switch|p2a: Weezing|Weezing-Galar, F|100/100|[from] Volt Switch
|-ability|p2a: Weezing|Neutralizing Gas
|-item|p2a: Weezing|Air Balloon
|move|p1a: Tyranitar|Stealth Rock|p2a: Weezing
|-sidestart|p2: shauryagarchamp|move: Stealth Rock
|
|-weather|Sandstorm|[upkeep]
|-damage|p2a: Weezing|94/100|[from] Sandstorm
|-heal|p1a: Tyranitar|48/100|[from] item: Leftovers
|upkeep
|turn|5
|
|t:|1779805255
|switch|p1a: Cinderace|Cinderace, M|100/100
|move|p2a: Weezing|Will-O-Wisp|p1a: Cinderace
|-immune|p1a: Cinderace
|
|-weather|Sandstorm|[upkeep]
|-damage|p1a: Cinderace|95/100|[from] Sandstorm
|-damage|p2a: Weezing|88/100|[from] Sandstorm
|upkeep
|turn|6
|
|t:|1779805265
|move|p1a: Cinderace|Pyro Ball|p2a: Weezing
|-damage|p2a: Weezing|35/100
|-enditem|p2a: Weezing|Air Balloon
|move|p2a: Weezing|Defog|p1a: Cinderace
|-unboost|p1a: Cinderace|evasion|1
|-sideend|p2: shauryagarchamp|Stealth Rock|[from] move: Defog|[of] p2a: Weezing
|
|-weather|Sandstorm|[upkeep]
|-damage|p1a: Cinderace|89/100|[from] Sandstorm
|-damage|p2a: Weezing|29/100|[from] Sandstorm
|upkeep
|turn|7
|
|t:|1779805278
|-end|p2a: Weezing|ability: Neutralizing Gas
|switch|p2a: Arcanine|Arcanine-Hisui, F, shiny|100/100
|move|p1a: Cinderace|Pyro Ball|p2a: Arcanine
|-resisted|p2a: Arcanine
|-damage|p2a: Arcanine|81/100
|
|-weather|none
|upkeep
|turn|8
|
|t:|1779805295
|move|p1a: Cinderace|High Jump Kick|p2a: Arcanine
|-start|p1a: Cinderace|typechange|Fighting|[from] ability: Libero
|-supereffective|p2a: Arcanine
|-damage|p2a: Arcanine|0 fnt
|faint|p2a: Arcanine
|
|upkeep
|inactive|shauryagarchamp has 120 seconds left.
|
|t:|1779805315
|switch|p2a: Ursaluna|Ursaluna, M|100/100
|turn|9
|
|t:|1779805320
|move|p2a: Ursaluna|Protect|p2a: Ursaluna
|-singleturn|p2a: Ursaluna|Protect
|move|p1a: Cinderace|U-turn|p2a: Ursaluna
|-activate|p2a: Ursaluna|move: Protect
|
|-status|p2a: Ursaluna|brn|[from] item: Flame Orb
|upkeep
|turn|10
|inactive|echopage has 120 seconds left.
|
|t:|1779805333
|move|p1a: Cinderace|High Jump Kick|p2a: Ursaluna
|-supereffective|p2a: Ursaluna
|-crit|p2a: Ursaluna
|-damage|p2a: Ursaluna|0 fnt
|faint|p2a: Ursaluna
|
|upkeep
|
|t:|1779805340
|switch|p2a: Gholdengo|Gholdengo|100/100
|-item|p2a: Gholdengo|Air Balloon
|turn|11
|
|t:|1779805346
|switch|p1a: Zapdos|Zapdos|100/100
|move|p2a: Gholdengo|Nasty Plot|p2a: Gholdengo
|-boost|p2a: Gholdengo|spa|2
|
|upkeep
|turn|12
|
|t:|1779805354
|move|p2a: Gholdengo|Shadow Ball|p1a: Zapdos
|-damage|p1a: Zapdos|13/100
|move|p1a: Zapdos|Heat Wave|p2a: Gholdengo
|-supereffective|p2a: Gholdengo
|-damage|p2a: Gholdengo|41/100
|-enditem|p2a: Gholdengo|Air Balloon
|
|upkeep
|turn|13
|
|t:|1779805363
|move|p2a: Gholdengo|Shadow Ball|p1a: Zapdos
|-damage|p1a: Zapdos|0 fnt
|faint|p1a: Zapdos
|
|upkeep
|
|t:|1779805368
|switch|p1a: Tyranitar|Tyranitar, M|48/100
|-weather|Sandstorm|[from] ability: Sand Stream|[of] p1a: Tyranitar
|turn|14
|
|t:|1779805374
|move|p2a: Gholdengo|Shadow Ball|p1a: Tyranitar
|-resisted|p1a: Tyranitar
|-damage|p1a: Tyranitar|30/100
|-unboost|p1a: Tyranitar|spd|1
|move|p1a: Tyranitar|Knock Off|p2a: Gholdengo
|-supereffective|p2a: Gholdengo
|-damage|p2a: Gholdengo|0 fnt
|faint|p2a: Gholdengo
|
|-weather|Sandstorm|[upkeep]
|-heal|p1a: Tyranitar|36/100|[from] item: Leftovers
|upkeep
|-message|shauryagarchamp forfeited.
|
|win|echopage
|raw|echopage's rating: 1175 &rarr; <strong>1204</strong><br />(+29 for winning)
|raw|shauryagarchamp's rating: 1228 &rarr; <strong>1199</strong><br />(-29 for losing)
|l|☆shauryagarchamp
|player|p2|
|l|☆echopage
|player|p1|
