|j|☆Avv2121
|j|☆bigbruhdaddy
|t:|1779935900
|gametype|singles
|player|p1|Avv2121|janine|1316
|player|p2|bigbruhdaddy|maylene|1414
|gen|9
|tier|[Gen 9] OU
|rated|
|rule|HP Percentage Mod: HP is shown in percentages
|rule|Endless Battle Clause: Forcing endless battles is banned
|rule|Species Clause: Limit one of each Pokémon
|rule|OHKO Clause: OHKO moves are banned
|rule|Evasion Items Clause: Evasion items are banned
|rule|Evasion Moves Clause: Evasion moves are banned
|rule|Evasion Abilities Clause: Evasion abilities are banned
|rule|Sleep Moves Clause: Sleep-inducing moves are banned
|clearpoke
|poke|p1|Garganacl, F|
|poke|p1|Dragapult, F|
|poke|p1|Kingambit, M|
|poke|p1|Iron Moth|
|poke|p1|Corviknight, M|
|poke|p1|Meowstic-F, F|
|poke|p2|Hydrapple, M|
|poke|p2|Alomomola, M|
|poke|p2|Great Tusk|
|poke|p2|Moltres|
|poke|p2|Kingambit, F|
|poke|p2|Pecharunt|
|teampreview
|inactive|Battle timer is ON: inactive players will automatically lose when time's up. (requested by Avv2121)
|
|t:|1779935915
|teamsize|p1|6
|teamsize|p2|6
|start
|switch|p1a: Dragapult|Dragapult, F|100/100
|switch|p2a: Pecharunt|Pecharunt|100/100
|turn|1
|
|t:|1779935928
|move|p1a: Dragapult|Shadow Ball|p2a: Pecharunt
|-supereffective|p2a: Pecharunt
|-damage|p2a: Pecharunt|26/100
|move|p2a: Pecharunt|Parting Shot|p1a: Dragapult
|-unboost|p1a: Dragapult|atk|1
|-unboost|p1a: Dragapult|spa|1
|
|t:|1779935941
|switch|p2a: Hydrapple|Hydrapple, M|100/100|[from] Parting Shot
|
|upkeep
|turn|2
|
|t:|1779935953
|move|p1a: Dragapult|U-turn|p2a: Hydrapple
|-supereffective|p2a: Hydrapple
|-damage|p2a: Hydrapple|85/100
|
|t:|1779935955
|switch|p1a: Corviknight|Corviknight, M|100/100|[from] U-turn
|move|p2a: Hydrapple|Earth Power|p1a: Corviknight
|-immune|p1a: Corviknight
|
|upkeep
|turn|3
|
|t:|1779935964
|switch|p2a: Moltres|Moltres|100/100
|move|p1a: Corviknight|U-turn|p2a: Moltres
|-resisted|p2a: Moltres
|-damage|p2a: Moltres|98/100
|
|t:|1779935966
|switch|p1a: Meowstic|Meowstic-F, F|100/100|[from] U-turn
|
|upkeep
|turn|4
|
|t:|1779935973
|move|p1a: Meowstic|Role Play|p2a: Moltres
|-ability|p1a: Meowstic|Flame Body|Infiltrator|[from] move: Role Play|[of] p2a: Moltres
|move|p2a: Moltres|Roar|p1a: Meowstic
|drag|p1a: Garganacl|Garganacl, F|100/100
|
|upkeep
|turn|5
|
|t:|1779935986
|switch|p2a: Great Tusk|Great Tusk|100/100
|move|p1a: Garganacl|Salt Cure|p2a: Great Tusk
|-resisted|p2a: Great Tusk
|-damage|p2a: Great Tusk|98/100
|-start|p2a: Great Tusk|Salt Cure
|
|-damage|p2a: Great Tusk|86/100|[from] Salt Cure
|upkeep
|turn|6
|
|t:|1779935997
|move|p2a: Great Tusk|Knock Off|p1a: Garganacl
|-damage|p1a: Garganacl|81/100
|-enditem|p1a: Garganacl|Leftovers|[from] move: Knock Off|[of] p2a: Great Tusk
|move|p1a: Garganacl|Curse|p1a: Garganacl
|-unboost|p1a: Garganacl|spe|1
|-boost|p1a: Garganacl|atk|1
|-boost|p1a: Garganacl|def|1
|
|-damage|p2a: Great Tusk|73/100|[from] Salt Cure
|upkeep
|turn|7
|
|t:|1779936003
|move|p2a: Great Tusk|Stealth Rock|p1a: Garganacl
|-sidestart|p1: Avv2121|move: Stealth Rock
|move|p1a: Garganacl|Salt Cure|p2a: Great Tusk
|-resisted|p2a: Great Tusk
|-damage|p2a: Great Tusk|70/100
|
|-damage|p2a: Great Tusk|57/100|[from] Salt Cure
|upkeep
|turn|8
|
|t:|1779936006
|-end|p2a: Great Tusk|Protosynthesis|[silent]
|switch|p2a: Hydrapple|Hydrapple, M|100/100
|move|p1a: Garganacl|Curse|p1a: Garganacl
|-unboost|p1a: Garganacl|spe|1
|-boost|p1a: Garganacl|atk|1
|-boost|p1a: Garganacl|def|1
|
|upkeep
|turn|9
|
|t:|1779936010
|move|p1a: Garganacl|Protect|p1a: Garganacl
|-singleturn|p1a: Garganacl|Protect
|move|p2a: Hydrapple|Giga Drain|p1a: Garganacl
|-activate|p1a: Garganacl|move: Protect
|
|upkeep
|turn|10
|
|t:|1779936017
|switch|p1a: Corviknight|Corviknight, M|100/100
|-damage|p1a: Corviknight|88/100|[from] Stealth Rock
|move|p2a: Hydrapple|Nasty Plot|p2a: Hydrapple
|-boost|p2a: Hydrapple|spa|2
|
|upkeep
|turn|11
|
|t:|1779936022
|move|p1a: Corviknight|Brave Bird|p2a: Hydrapple
|-supereffective|p2a: Hydrapple
|-damage|p2a: Hydrapple|48/100
|-damage|p1a: Corviknight|70/100|[from] Recoil
|move|p2a: Hydrapple|Fickle Beam|p1a: Corviknight
|-resisted|p1a: Corviknight
|-damage|p1a: Corviknight|41/100
|
|upkeep
|turn|12
|
|t:|1779936034
|switch|p2a: Moltres|Moltres|98/100
|move|p1a: Corviknight|Brave Bird|p2a: Moltres
|-damage|p2a: Moltres|75/100
|-status|p1a: Corviknight|brn|[from] ability: Flame Body|[of] p2a: Moltres
|-damage|p1a: Corviknight|34/100 brn|[from] Recoil
|
|-damage|p1a: Corviknight|28/100 brn|[from] brn
|upkeep
|turn|13
|
|t:|1779936041
|move|p2a: Moltres|Flamethrower|p1a: Corviknight
|-supereffective|p1a: Corviknight
|-damage|p1a: Corviknight|0 fnt
|faint|p1a: Corviknight
|
|upkeep
|
|t:|1779936043
|switch|p1a: Meowstic|Meowstic-F, F|100/100
|-damage|p1a: Meowstic|88/100|[from] Stealth Rock
|turn|14
|
|t:|1779936055
|move|p1a: Meowstic|Trick|p2a: Moltres
|-activate|p1a: Meowstic|move: Trick|[of] p2a: Moltres
|-item|p2a: Moltres|Choice Scarf|[from] move: Trick
|-item|p1a: Meowstic|Heavy-Duty Boots|[from] move: Trick
|move|p2a: Moltres|Roar|p1a: Meowstic
|drag|p1a: Iron Moth|Iron Moth|100/100
|-damage|p1a: Iron Moth|76/100|[from] Stealth Rock
|-enditem|p1a: Iron Moth|Booster Energy
|-activate|p1a: Iron Moth|ability: Quark Drive|[fromitem]
|-start|p1a: Iron Moth|quarkdrivespe
|
|upkeep
|turn|15
|
|t:|1779936062
|move|p1a: Iron Moth|Sludge Wave|p2a: Moltres
|-damage|p2a: Moltres|25/100
|move|p2a: Moltres|Roar|p1a: Iron Moth
|-end|p1a: Iron Moth|Quark Drive|[silent]
|drag|p1a: Garganacl|Garganacl, F|81/100
|-damage|p1a: Garganacl|69/100|[from] Stealth Rock
|
|upkeep
|turn|16
|
|t:|1779936071
|switch|p2a: Hydrapple|Hydrapple, M|82/100
|move|p1a: Garganacl|Salt Cure|p2a: Hydrapple
|-damage|p2a: Hydrapple|72/100
|-start|p2a: Hydrapple|Salt Cure
|
|-damage|p2a: Hydrapple|59/100|[from] Salt Cure
|upkeep
|turn|17
|
|t:|1779936077
|move|p1a: Garganacl|Protect|p1a: Garganacl
|-singleturn|p1a: Garganacl|Protect
|move|p2a: Hydrapple|Giga Drain|p1a: Garganacl
|-activate|p1a: Garganacl|move: Protect
|
|-damage|p2a: Hydrapple|47/100|[from] Salt Cure
|upkeep
|turn|18
|
|t:|1779936084
|switch|p1a: Dragapult|Dragapult, F|100/100
|move|p2a: Hydrapple|Earth Power|p1a: Dragapult
|-damage|p1a: Dragapult|58/100
|
|-damage|p2a: Hydrapple|35/100|[from] Salt Cure
|upkeep
|turn|19
|
|t:|1779936091
|switch|p2a: Alomomola|Alomomola, M|100/100
|move|p1a: Dragapult|Shadow Ball|p2a: Alomomola
|-damage|p2a: Alomomola|57/100
|
|upkeep
|turn|20
|
|t:|1779936095
|move|p1a: Dragapult|Shadow Ball|p2a: Alomomola
|-damage|p2a: Alomomola|12/100
|move|p2a: Alomomola|Wish|p2a: Alomomola
|
|upkeep
|turn|21
|
|t:|1779936101
|switch|p2a: Hydrapple|Hydrapple, M|68/100
|move|p1a: Dragapult|Shadow Ball|p2a: Hydrapple
|-damage|p2a: Hydrapple|33/100
|
|-heal|p2a: Hydrapple|97/100|[from] move: Wish|[wisher] Alomomola
|upkeep
|turn|22
|
|t:|1779936116
|move|p1a: Dragapult|Draco Meteor|p2a: Hydrapple|[miss]
|-miss|p1a: Dragapult|p2a: Hydrapple
|move|p2a: Hydrapple|Nasty Plot|p2a: Hydrapple
|-boost|p2a: Hydrapple|spa|2
|
|upkeep
|turn|23
|inactive|bigbruhdaddy has 120 seconds left.
|
|t:|1779936142
|-terastallize|p2a: Hydrapple|Fairy
|move|p1a: Dragapult|Draco Meteor|p2a: Hydrapple
|-immune|p2a: Hydrapple
|move|p2a: Hydrapple|Fickle Beam|p1a: Dragapult|[anim] Fickle Beam All Out
|-activate|p2a: Hydrapple|move: Fickle Beam
|-supereffective|p1a: Dragapult
|-damage|p1a: Dragapult|0 fnt
|faint|p1a: Dragapult
|
|upkeep
|
|t:|1779936166
|switch|p1a: Iron Moth|Iron Moth|76/100
|-damage|p1a: Iron Moth|51/100|[from] Stealth Rock
|turn|24
|inactive|bigbruhdaddy has 120 seconds left.
|
|t:|1779936181
|switch|p2a: Moltres|Moltres|25/100
|move|p1a: Iron Moth|Sludge Wave|p2a: Moltres
|-damage|p2a: Moltres|0 fnt
|faint|p2a: Moltres
|
|upkeep
|inactive|bigbruhdaddy has 120 seconds left.
|
|t:|1779936188
|switch|p2a: Kingambit|Kingambit, F|100/100
|-activate|p2a: Kingambit|ability: Supreme Overlord
|-start|p2a: Kingambit|fallen1|[silent]
|turn|25
|
|t:|1779936191
|move|p2a: Kingambit|Sucker Punch|p1a: Iron Moth
|-damage|p1a: Iron Moth|0 fnt
|faint|p1a: Iron Moth
|-end|p1a: Iron Moth|Quark Drive|[silent]
|
|upkeep
|
|t:|1779936195
|switch|p1a: Meowstic|Meowstic-F, F|88/100
|turn|26
|
|t:|1779936202
|switch|p1a: Garganacl|Garganacl, F|69/100
|-damage|p1a: Garganacl|56/100|[from] Stealth Rock
|-end|p2a: Kingambit|fallen1|[silent]
|switch|p2a: Alomomola|Alomomola, M|46/100
|
|upkeep
|turn|27
|
|t:|1779936208
|move|p2a: Alomomola|Wish|p2a: Alomomola
|move|p1a: Garganacl|Recover|p1a: Garganacl
|-heal|p1a: Garganacl|100/100
|
|upkeep
|turn|28
|
|t:|1779936213
|switch|p2a: Pecharunt|Pecharunt|26/100
|move|p1a: Garganacl|Salt Cure|p2a: Pecharunt
|-damage|p2a: Pecharunt|18/100
|-start|p2a: Pecharunt|Salt Cure
|
|-heal|p2a: Pecharunt|88/100|[from] move: Wish|[wisher] Alomomola
|-damage|p2a: Pecharunt|75/100|[from] Salt Cure
|upkeep
|turn|29
|
|t:|1779936227
|move|p2a: Pecharunt|Parting Shot|p1a: Garganacl
|-unboost|p1a: Garganacl|atk|1
|-unboost|p1a: Garganacl|spa|1
|
|t:|1779936238
|switch|p2a: Kingambit|Kingambit, F|100/100|[from] Parting Shot
|-activate|p2a: Kingambit|ability: Supreme Overlord
|-start|p2a: Kingambit|fallen1|[silent]
|move|p1a: Garganacl|Curse|p1a: Garganacl
|-unboost|p1a: Garganacl|spe|1
|-boost|p1a: Garganacl|atk|1
|-boost|p1a: Garganacl|def|1
|
|upkeep
|turn|30
|
|t:|1779936242
|move|p2a: Kingambit|Iron Head|p1a: Garganacl
|-supereffective|p1a: Garganacl
|-damage|p1a: Garganacl|64/100
|cant|p1a: Garganacl|flinch
|
|upkeep
|turn|31
|
|t:|1779936249
|-end|p2a: Kingambit|fallen1|[silent]
|switch|p2a: Hydrapple|Hydrapple, M, tera:Fairy|100/100
|move|p1a: Garganacl|Protect||[still]
|-fail|p1a: Garganacl
|
|upkeep
|turn|32
|
|t:|1779936253
|move|p2a: Hydrapple|Nasty Plot|p2a: Hydrapple
|-boost|p2a: Hydrapple|spa|2
|move|p1a: Garganacl|Recover|p1a: Garganacl
|-heal|p1a: Garganacl|100/100
|
|upkeep
|turn|33
|
|t:|1779936264
|move|p2a: Hydrapple|Giga Drain|p1a: Garganacl
|-supereffective|p1a: Garganacl
|-damage|p1a: Garganacl|0 fnt
|faint|p1a: Garganacl
|
|upkeep
|
|t:|1779936269
|switch|p1a: Meowstic|Meowstic-F, F|88/100
|turn|34
|
|t:|1779936285
|move|p1a: Meowstic|Thunder Wave|p2a: Hydrapple
|-status|p2a: Hydrapple|par
|move|p2a: Hydrapple|Fickle Beam|p1a: Meowstic|[anim] Fickle Beam All Out
|-activate|p2a: Hydrapple|move: Fickle Beam
|-damage|p1a: Meowstic|0 fnt
|faint|p1a: Meowstic
|
|upkeep
|
|t:|1779936288
|switch|p1a: Kingambit|Kingambit, M|100/100
|-damage|p1a: Kingambit|94/100|[from] Stealth Rock
|-activate|p1a: Kingambit|ability: Supreme Overlord
|-start|p1a: Kingambit|fallen5|[silent]
|turn|35
|
|t:|1779936299
|move|p1a: Kingambit|Swords Dance|p1a: Kingambit
|-boost|p1a: Kingambit|atk|2
|move|p2a: Hydrapple|Earth Power|p1a: Kingambit
|-supereffective|p1a: Kingambit
|-damage|p1a: Kingambit|0 fnt
|faint|p1a: Kingambit
|-end|p1a: Kingambit|fallen5|[silent]
|
|win|bigbruhdaddy
|raw|Avv2121's rating: 1316 &rarr; <strong>1301</strong><br />(-15 for losing)
|raw|bigbruhdaddy's rating: 1414 &rarr; <strong>1429</strong><br />(+15 for winning)
|l|☆Avv2121
|player|p1|
|l|☆bigbruhdaddy
|player|p2|
