|j|☆Ayayaphone
|j|☆1PokemonPlayer
|t:|1779842528
|gametype|singles
|player|p1|Ayayaphone|102|1416
|player|p2|1PokemonPlayer|lucas|1349
|gen|9
|tier|[Gen 9] OU
|rated|
|rule|HP Percentage Mod: HP is shown in percentages
|rule|Endless Battle Clause: Forcing endless battles is banned
|rule|Species Clause: Limit one of each Pokémon
|rule|OHKO Clause: OHKO moves are banned
|rule|Evasion Items Clause: Evasion items are banned
|rule|Evasion Moves Clause: Evasion moves are banned
|rule|Evasion Abilities Clause: Evasion abilities are banned
|rule|Sleep Moves Clause: Sleep-inducing moves are banned
|clearpoke
|poke|p1|Breloom, F|
|poke|p1|Heatran, F|
|poke|p1|Articuno|
|poke|p1|Clodsire, F|
|poke|p1|Comfey, F|
|poke|p1|Lokix, M|
|poke|p2|Ceruledge, M|
|poke|p2|Darkrai|
|poke|p2|Primarina, M|
|poke|p2|Dragapult, M|
|poke|p2|Blaziken, M|
|poke|p2|Chandelure, M|
|teampreview
|inactive|Battle timer is ON: inactive players will automatically lose when time's up. (requested by Ayayaphone)
|
|t:|1779842538
|teamsize|p1|6
|teamsize|p2|6
|start
|switch|p1a: Lokix|Lokix, M|100/100
|switch|p2a: Blaziken|Blaziken, M, shiny|100/100
|turn|1
|
|t:|1779842550
|move|p2a: Blaziken|Swords Dance|p2a: Blaziken
|-boost|p2a: Blaziken|atk|2
|move|p1a: Lokix|U-turn|p2a: Blaziken
|-resisted|p2a: Blaziken
|-damage|p2a: Blaziken|69/100
|-damage|p1a: Lokix|91/100|[from] item: Life Orb
|
|t:|1779842565
|switch|p1a: Heatran|Heatran, F|100/100|[from] U-turn
|
|-ability|p2a: Blaziken|Speed Boost|boost
|-boost|p2a: Blaziken|spe|1
|upkeep
|turn|2
|
|t:|1779842572
|-terastallize|p1a: Heatran|Fire
|move|p2a: Blaziken|Close Combat|p1a: Heatran
|-damage|p1a: Heatran|17/100
|-unboost|p2a: Blaziken|def|1
|-unboost|p2a: Blaziken|spd|1
|move|p1a: Heatran|Scorching Sands|p2a: Blaziken
|-supereffective|p2a: Blaziken
|-damage|p2a: Blaziken|0 fnt
|faint|p2a: Blaziken
|
|-heal|p1a: Heatran|24/100|[from] item: Leftovers
|upkeep
|
|t:|1779842585
|switch|p2a: Dragapult|Dragapult, M, shiny|100/100
|turn|3
|
|t:|1779842590
|move|p1a: Heatran|Protect|p1a: Heatran
|-singleturn|p1a: Heatran|Protect
|move|p2a: Dragapult|Dragon Darts|p1a: Heatran
|-activate|p1a: Heatran|move: Protect
|
|-heal|p1a: Heatran|30/100|[from] item: Leftovers
|upkeep
|turn|4
|
|t:|1779842597
|switch|p1a: Comfey|Comfey, F|100/100
|move|p2a: Dragapult|Phantom Force||[still]
|-prepare|p2a: Dragapult|Phantom Force
|
|upkeep
|turn|5
|
|t:|1779842607
|switch|p1a: Articuno|Articuno|100/100
|-ability|p1a: Articuno|Pressure
|move|p2a: Dragapult|Phantom Force|p1a: Articuno|[from] lockedmove
|-damage|p1a: Articuno|47/100
|
|upkeep
|turn|6
|
|t:|1779842615
|move|p2a: Dragapult|Dragon Darts|p1a: Articuno
|-damage|p1a: Articuno|20/100
|-anim|p2a: Dragapult|Dragon Darts|p1a: Articuno
|-damage|p1a: Articuno|0 fnt
|faint|p1a: Articuno
|
|upkeep
|
|t:|1779842618
|switch|p1a: Comfey|Comfey, F|100/100
|turn|7
|
|t:|1779842630
|switch|p2a: Ceruledge|Ceruledge, M, shiny|100/100
|move|p1a: Comfey|Calm Mind|p1a: Comfey
|-boost|p1a: Comfey|spa|1
|-boost|p1a: Comfey|spd|1
|
|upkeep
|turn|8
|
|t:|1779842637
|move|p1a: Comfey|Calm Mind|p1a: Comfey
|-boost|p1a: Comfey|spa|1
|-boost|p1a: Comfey|spd|1
|move|p2a: Ceruledge|Poltergeist|p1a: Comfey
|-activate|p1a: Comfey|move: Poltergeist|Leftovers
|-damage|p1a: Comfey|21/100
|
|-heal|p1a: Comfey|27/100|[from] item: Leftovers
|upkeep
|turn|9
|
|t:|1779842645
|move|p1a: Comfey|Stored Power|p2a: Ceruledge
|-damage|p2a: Ceruledge|45/100
|move|p2a: Ceruledge|Bitter Blade|p1a: Comfey
|-damage|p1a: Comfey|0 fnt
|-heal|p2a: Ceruledge|57/100|[from] drain|[of] p1a: Comfey
|faint|p1a: Comfey
|
|upkeep
|
|t:|1779842652
|switch|p1a: Lokix|Lokix, M|91/100
|turn|10
|
|t:|1779842663
|move|p1a: Lokix|Sucker Punch|p2a: Ceruledge
|-supereffective|p2a: Ceruledge
|-damage|p2a: Ceruledge|0 fnt
|faint|p2a: Ceruledge
|-damage|p1a: Lokix|81/100|[from] item: Life Orb
|
|upkeep
|
|t:|1779842671
|switch|p2a: Primarina|Primarina, M, shiny|100/100
|turn|11
|
|t:|1779842676
|move|p1a: Lokix|U-turn|p2a: Primarina
|-resisted|p2a: Primarina
|-damage|p2a: Primarina|45/100
|-damage|p1a: Lokix|71/100|[from] item: Life Orb
|
|t:|1779842679
|switch|p1a: Clodsire|Clodsire, F|100/100|[from] U-turn
|move|p2a: Primarina|Hyper Voice|p1a: Clodsire
|-immune|p1a: Clodsire|[from] ability: Water Absorb
|
|upkeep
|turn|12
|
|t:|1779842688
|move|p2a: Primarina|Energy Ball|p1a: Clodsire
|-damage|p1a: Clodsire|83/100
|move|p1a: Clodsire|Poison Jab|p2a: Primarina
|-supereffective|p2a: Primarina
|-damage|p2a: Primarina|0 fnt
|faint|p2a: Primarina
|
|-heal|p1a: Clodsire|89/100|[from] item: Black Sludge
|upkeep
|
|t:|1779842697
|switch|p2a: Darkrai|Darkrai|100/100
|turn|13
|
|t:|1779842701
|move|p2a: Darkrai|Nasty Plot|p2a: Darkrai
|-boost|p2a: Darkrai|spa|2
|move|p1a: Clodsire|Poison Jab|p2a: Darkrai
|-damage|p2a: Darkrai|73/100
|-status|p2a: Darkrai|psn
|
|-heal|p1a: Clodsire|96/100|[from] item: Black Sludge
|-damage|p2a: Darkrai|60/100 psn|[from] psn
|upkeep
|turn|14
|
|t:|1779842710
|move|p2a: Darkrai|Psychic|p1a: Clodsire
|-supereffective|p1a: Clodsire
|-damage|p1a: Clodsire|27/100
|move|p1a: Clodsire|Spikes|p2a: Darkrai
|-sidestart|p2: 1PokemonPlayer|Spikes
|
|-heal|p1a: Clodsire|34/100|[from] item: Black Sludge
|-damage|p2a: Darkrai|48/100 psn|[from] psn
|upkeep
|turn|15
|
|t:|1779842719
|move|p2a: Darkrai|Dark Pulse|p1a: Clodsire
|-damage|p1a: Clodsire|0 fnt
|faint|p1a: Clodsire
|
|-damage|p2a: Darkrai|35/100 psn|[from] psn
|upkeep
|
|t:|1779842721
|switch|p1a: Lokix|Lokix, M|71/100
|turn|16
|
|t:|1779842728
|move|p1a: Lokix|First Impression|p2a: Darkrai
|-supereffective|p2a: Darkrai
|-damage|p2a: Darkrai|0 fnt
|faint|p2a: Darkrai
|-damage|p1a: Lokix|61/100|[from] item: Life Orb
|
|upkeep
|
|t:|1779842735
|switch|p2a: Dragapult|Dragapult, M, shiny|100/100
|turn|17
|
|t:|1779842742
|switch|p1a: Breloom|Breloom, F|100/100
|-terastallize|p2a: Dragapult|Dark
|move|p2a: Dragapult|Dragon Darts|p1a: Breloom
|-damage|p1a: Breloom|78/100
|-anim|p2a: Dragapult|Dragon Darts|p1a: Breloom
|-damage|p1a: Breloom|53/100
|
|-status|p1a: Breloom|tox|[from] item: Toxic Orb
|upkeep
|turn|18
|
|t:|1779842757
|switch|p2a: Chandelure|Chandelure, M, shiny|100/100
|move|p1a: Breloom|Protect||[still]
|-fail|p1a: Breloom
|
|-heal|p1a: Breloom|65/100 tox|[from] ability: Poison Heal
|upkeep
|turn|19
|
|t:|1779842767
|move|p2a: Chandelure|Shadow Ball|p1a: Breloom
|-damage|p1a: Breloom|0 fnt
|faint|p1a: Breloom
|
|upkeep
|
|t:|1779842770
|switch|p1a: Lokix|Lokix, M|61/100
|turn|20
|
|t:|1779842778
|move|p1a: Lokix|Sucker Punch|p2a: Chandelure
|-supereffective|p2a: Chandelure
|-damage|p2a: Chandelure|0 fnt
|faint|p2a: Chandelure
|-damage|p1a: Lokix|52/100|[from] item: Life Orb
|
|upkeep
|
|t:|1779842784
|switch|p2a: Dragapult|Dragapult, M, shiny, tera:Dark|100/100
|turn|21
|
|t:|1779842805
|switch|p1a: Heatran|Heatran, F, tera:Fire|30/100
|move|p2a: Dragapult|Phantom Force||[still]
|-prepare|p2a: Dragapult|Phantom Force
|
|-heal|p1a: Heatran|36/100|[from] item: Leftovers
|upkeep
|turn|22
|
|t:|1779842814
|move|p2a: Dragapult|Phantom Force|p1a: Heatran|[from] lockedmove
|-damage|p1a: Heatran|6/100
|-status|p2a: Dragapult|brn|[from] ability: Flame Body|[of] p1a: Heatran
|move|p1a: Heatran|Lava Plume|p2a: Dragapult
|-damage|p2a: Dragapult|42/100 brn
|
|-heal|p1a: Heatran|13/100|[from] item: Leftovers
|-damage|p2a: Dragapult|36/100 brn|[from] brn
|upkeep
|turn|23
|-message|1PokemonPlayer forfeited.
|
|win|Ayayaphone
|raw|Ayayaphone's rating: 1416 &rarr; <strong>1432</strong><br />(+16 for winning)
|raw|1PokemonPlayer's rating: 1349 &rarr; <strong>1333</strong><br />(-16 for losing)
|l|☆1PokemonPlayer
|player|p2|
|l|☆Ayayaphone
|player|p1|
