|j|☆weirdapricot
|j|☆Linkinfernodouglas
|t:|1779809096
|gametype|singles
|player|p1|weirdapricot|backpacker|1346
|player|p2|Linkinfernodouglas|1|1360
|gen|9
|tier|[Gen 9] OU
|rated|
|rule|HP Percentage Mod: HP is shown in percentages
|rule|Endless Battle Clause: Forcing endless battles is banned
|rule|Species Clause: Limit one of each Pokémon
|rule|OHKO Clause: OHKO moves are banned
|rule|Evasion Items Clause: Evasion items are banned
|rule|Evasion Moves Clause: Evasion moves are banned
|rule|Evasion Abilities Clause: Evasion abilities are banned
|rule|Sleep Moves Clause: Sleep-inducing moves are banned
|clearpoke
|poke|p1|Moltres-Galar|
|poke|p1|Ogerpon-Wellspring, F|
|poke|p1|Deoxys-Speed|
|poke|p1|Zamazenta-*|
|poke|p1|Glimmora, F|
|poke|p1|Armarouge, F|
|poke|p2|Regieleki|
|poke|p2|Ting-Lu|
|poke|p2|Kyurem|
|poke|p2|Kingambit, F|
|poke|p2|Garganacl, F|
|poke|p2|Moltres|
|teampreview
|inactive|Battle timer is ON: inactive players will automatically lose when time's up. (requested by weirdapricot)
|inactive|Linkinfernodouglas has 120 seconds left.
|inactive|Linkinfernodouglas has 90 seconds left.
|inactive|Linkinfernodouglas has 60 seconds left.
|
|t:|1779809274
|teamsize|p1|6
|teamsize|p2|6
|start
|switch|p1a: Deoxys|Deoxys-Speed|100/100
|switch|p2a: Ting-Lu|Ting-Lu|100/100
|-ability|p1a: Deoxys|Pressure
|-ability|p2a: Ting-Lu|Vessel of Ruin
|turn|1
|
|t:|1779809286
|move|p1a: Deoxys|Taunt|p2a: Ting-Lu
|-start|p2a: Ting-Lu|move: Taunt
|cant|p2a: Ting-Lu|move: Taunt|Stealth Rock
|
|upkeep
|turn|2
|
|t:|1779809292
|move|p1a: Deoxys|Reflect|p1a: Deoxys
|-sidestart|p1: weirdapricot|Reflect
|move|p2a: Ting-Lu|Payback|p1a: Deoxys
|-supereffective|p1a: Deoxys
|-damage|p1a: Deoxys|48/100
|
|upkeep
|turn|3
|inactive|Linkinfernodouglas has 120 seconds left.
|
|t:|1779809298
|move|p1a: Deoxys|Light Screen|p1a: Deoxys
|-sidestart|p1: weirdapricot|move: Light Screen
|move|p2a: Ting-Lu|Payback|p1a: Deoxys
|-supereffective|p1a: Deoxys
|-damage|p1a: Deoxys|0 fnt
|faint|p1a: Deoxys
|
|-end|p2a: Ting-Lu|move: Taunt
|upkeep
|
|t:|1779809304
|switch|p1a: Ogerpon|Ogerpon-Wellspring, F|100/100
|turn|4
|inactive|Linkinfernodouglas has 120 seconds left.
|inactive|Linkinfernodouglas has 90 seconds left.
|
|t:|1779809354
|move|p1a: Ogerpon|Swords Dance|p1a: Ogerpon
|-boost|p1a: Ogerpon|atk|2
|move|p2a: Ting-Lu|Payback|p1a: Ogerpon
|-crit|p1a: Ogerpon
|-damage|p1a: Ogerpon|15/100
|
|upkeep
|turn|5
|
|t:|1779809359
|move|p1a: Ogerpon|Ivy Cudgel|p2a: Ting-Lu|[anim] Ivy Cudgel Water
|-supereffective|p2a: Ting-Lu
|-damage|p2a: Ting-Lu|0 fnt
|faint|p2a: Ting-Lu
|
|upkeep
|
|t:|1779809367
|switch|p2a: Regieleki|Regieleki|100/100
|turn|6
|
|t:|1779809371
|move|p2a: Regieleki|Thunderbolt|p1a: Ogerpon
|-damage|p1a: Ogerpon|0 fnt
|faint|p1a: Ogerpon
|
|upkeep
|
|t:|1779809381
|switch|p1a: Moltres|Moltres-Galar|100/100
|turn|7
|inactive|Linkinfernodouglas has 120 seconds left.
|
|t:|1779809389
|move|p2a: Regieleki|Thunderbolt|p1a: Moltres
|-supereffective|p1a: Moltres
|-damage|p1a: Moltres|53/100
|move|p1a: Moltres|Agility|p1a: Moltres
|-boost|p1a: Moltres|spe|2
|
|upkeep
|turn|8
|
|t:|1779809398
|move|p1a: Moltres|Nasty Plot|p1a: Moltres
|-boost|p1a: Moltres|spa|2
|move|p2a: Regieleki|Thunderbolt|p1a: Moltres
|-supereffective|p1a: Moltres
|-damage|p1a: Moltres|10/100
|-ability|p1a: Moltres|Berserk|boost
|-boost|p1a: Moltres|spa|1
|-enditem|p1a: Moltres|Sitrus Berry|[eat]
|-heal|p1a: Moltres|35/100|[from] item: Sitrus Berry
|
|upkeep
|turn|9
|
|t:|1779809408
|move|p2a: Regieleki|Thunderbolt|p1a: Moltres
|-supereffective|p1a: Moltres
|-damage|p1a: Moltres|0 fnt
|faint|p1a: Moltres
|
|-sideend|p1: weirdapricot|Reflect
|upkeep
|
|t:|1779809414
|switch|p1a: Glimmora|Glimmora, F|100/100
|turn|10
|
|t:|1779809420
|move|p2a: Regieleki|Substitute|p2a: Regieleki
|-start|p2a: Regieleki|Substitute
|-damage|p2a: Regieleki|76/100
|move|p1a: Glimmora|Meteor Beam||[still]
|-prepare|p1a: Glimmora|Meteor Beam
|-boost|p1a: Glimmora|spa|1
|-enditem|p1a: Glimmora|Power Herb
|-anim|p1a: Glimmora|Meteor Beam|p2a: Regieleki
|-end|p2a: Regieleki|Substitute
|
|-sideend|p1: weirdapricot|move: Light Screen
|upkeep
|turn|11
|
|t:|1779809423
|move|p2a: Regieleki|Thunderbolt|p1a: Glimmora
|-damage|p1a: Glimmora|31/100
|move|p1a: Glimmora|Earth Power|p2a: Regieleki
|-supereffective|p2a: Regieleki
|-damage|p2a: Regieleki|0 fnt
|faint|p2a: Regieleki
|
|upkeep
|
|t:|1779809436
|switch|p2a: Kyurem|Kyurem|100/100
|-ability|p2a: Kyurem|Pressure
|turn|12
|
|t:|1779809441
|move|p2a: Kyurem|Earth Power|p1a: Glimmora
|-supereffective|p1a: Glimmora
|-damage|p1a: Glimmora|0 fnt
|faint|p1a: Glimmora
|
|upkeep
|
|t:|1779809445
|switch|p1a: Zamazenta|Zamazenta|100/100
|-ability|p1a: Zamazenta|Dauntless Shield|boost
|-boost|p1a: Zamazenta|def|1
|turn|13
|
|t:|1779809451
|switch|p2a: Moltres|Moltres|100/100
|move|p1a: Zamazenta|Iron Defense|p1a: Zamazenta
|-boost|p1a: Zamazenta|def|2
|
|upkeep
|turn|14
|
|t:|1779809455
|switch|p1a: Shannon|Armarouge, F|100/100
|move|p2a: Moltres|Flamethrower|p1a: Shannon
|-resisted|p1a: Shannon
|-damage|p1a: Shannon|75/100
|
|upkeep
|turn|15
|
|t:|1779809470
|move|p1a: Shannon|Armor Cannon|p2a: Moltres
|-resisted|p2a: Moltres
|-damage|p2a: Moltres|66/100
|-unboost|p1a: Shannon|def|1
|-unboost|p1a: Shannon|spd|1
|move|p2a: Moltres|U-turn|p1a: Shannon
|-damage|p1a: Shannon|49/100
|-ability|p1a: Shannon|Weak Armor|boost
|-unboost|p1a: Shannon|def|1
|-boost|p1a: Shannon|spe|2
|
|t:|1779809480
|switch|p2a: Garganacl|Garganacl, F|100/100|[from] U-turn
|
|upkeep
|turn|16
|
|t:|1779809494
|move|p1a: Shannon|Stored Power|p2a: Garganacl
|-damage|p2a: Garganacl|77/100
|move|p2a: Garganacl|Salt Cure|p1a: Shannon
|-supereffective|p1a: Shannon
|-damage|p1a: Shannon|0 fnt
|faint|p1a: Shannon
|
|upkeep
|
|t:|1779809499
|switch|p1a: Zamazenta|Zamazenta|100/100
|turn|17
|-message|weirdapricot forfeited.
|
|win|Linkinfernodouglas
|raw|weirdapricot's rating: 1346 &rarr; <strong>1327</strong><br />(-19 for losing)
|raw|Linkinfernodouglas's rating: 1360 &rarr; <strong>1379</strong><br />(+19 for winning)
|l|☆weirdapricot
|player|p1|
|c|☆Linkinfernodouglas|gg
|l|☆Linkinfernodouglas
|player|p2|
