|j|☆12 horse garage
|j|☆6Nicolas7
|t:|1779874125
|gametype|singles
|player|p1|12 horse garage|265|1042
|player|p2|6Nicolas7|waitress-gen4|1022
|gen|9
|tier|[Gen 9] OU
|rated|
|rule|HP Percentage Mod: HP is shown in percentages
|rule|Endless Battle Clause: Forcing endless battles is banned
|rule|Species Clause: Limit one of each Pokémon
|rule|OHKO Clause: OHKO moves are banned
|rule|Evasion Items Clause: Evasion items are banned
|rule|Evasion Moves Clause: Evasion moves are banned
|rule|Evasion Abilities Clause: Evasion abilities are banned
|rule|Sleep Moves Clause: Sleep-inducing moves are banned
|clearpoke
|poke|p1|Darkrai|
|poke|p1|Garchomp, M|
|poke|p1|Alomomola, M|
|poke|p1|Corviknight, F|
|poke|p1|Weezing-Galar, M|
|poke|p1|Ogerpon, F|
|poke|p2|Dragapult, M|
|poke|p2|Zapdos|
|poke|p2|Kingambit, M|
|poke|p2|Arcanine-Hisui, M|
|poke|p2|Ogerpon-Wellspring, F|
|poke|p2|Glimmora, F|
|teampreview
|inactive|Battle timer is ON: inactive players will automatically lose when time's up. (requested by 6Nicolas7)
|
|t:|1779874141
|teamsize|p1|6
|teamsize|p2|6
|start
|switch|p1a: Darkrai|Darkrai|100/100
|switch|p2a: Glimmora|Glimmora, F|100/100
|-item|p2a: Glimmora|Air Balloon
|turn|1
|
|t:|1779874150
|move|p1a: Darkrai|Dark Pulse|p2a: Glimmora
|-damage|p2a: Glimmora|11/100
|-enditem|p2a: Glimmora|Air Balloon
|move|p2a: Glimmora|Sludge Bomb|p1a: Darkrai
|-crit|p1a: Darkrai
|-damage|p1a: Darkrai|7/100
|-status|p1a: Darkrai|psn
|
|-damage|p1a: Darkrai|0 fnt|[from] psn
|faint|p1a: Darkrai
|upkeep
|
|t:|1779874168
|switch|p1a: Ogerpon|Ogerpon, F|100/100
|turn|2
|
|t:|1779874177
|move|p1a: Ogerpon|Ivy Cudgel|p2a: Glimmora
|-damage|p2a: Glimmora|0 fnt
|-activate|p2a: Glimmora|ability: Toxic Debris
|-sidestart|p1: 12 horse garage|move: Toxic Spikes
|faint|p2a: Glimmora
|
|upkeep
|
|t:|1779874188
|switch|p2a: KFC|Zapdos|100/100
|-ability|p2a: KFC|Pressure
|turn|3
|
|t:|1779874197
|switch|p1a: Weezing|Weezing-Galar, M|100/100
|-ability|p1a: Weezing|Neutralizing Gas
|-sideend|p1: 12 horse garage|move: Toxic Spikes|[of] p1a: Weezing
|move|p2a: KFC|Heat Wave|p1a: Weezing|[miss]
|-miss|p2a: KFC|p1a: Weezing
|
|upkeep
|turn|4
|
|t:|1779874211
|-end|p1a: Weezing|ability: Neutralizing Gas
|-ability|p2a: KFC|Pressure
|switch|p1a: Garchomp|Garchomp, M|100/100
|move|p2a: KFC|Thunder|p1a: Garchomp
|-immune|p1a: Garchomp
|
|upkeep
|turn|5
|
|t:|1779874220
|move|p1a: Garchomp|Stealth Rock|p2a: KFC
|-sidestart|p2: 6Nicolas7|move: Stealth Rock
|move|p2a: KFC|Hurricane|p1a: Garchomp
|-damage|p1a: Garchomp|61/100
|
|upkeep
|turn|6
|
|t:|1779874229
|move|p1a: Garchomp|Spikes|p2a: KFC
|-sidestart|p2: 6Nicolas7|Spikes
|move|p2a: KFC|Hurricane|p1a: Garchomp
|-damage|p1a: Garchomp|18/100
|-start|p1a: Garchomp|confusion
|
|upkeep
|turn|7
|
|t:|1779874244
|switch|p1a: Alomomola|Alomomola, M|100/100
|move|p2a: KFC|Hurricane|p1a: Alomomola
|-damage|p1a: Alomomola|78/100
|
|upkeep
|turn|8
|
|t:|1779874253
|move|p2a: KFC|Thunder|p1a: Alomomola
|-supereffective|p1a: Alomomola
|-damage|p1a: Alomomola|36/100
|move|p1a: Alomomola|Body Slam|p2a: KFC
|-damage|p2a: KFC|85/100
|
|-heal|p2a: KFC|91/100|[from] item: Leftovers
|upkeep
|turn|9
|
|t:|1779874265
|switch|p1a: Garchomp|Garchomp, M|18/100
|move|p2a: KFC|Thunder|p1a: Garchomp
|-immune|p1a: Garchomp
|
|-heal|p2a: KFC|97/100|[from] item: Leftovers
|upkeep
|turn|10
|
|t:|1779874278
|switch|p1a: Alomomola|Alomomola, M|69/100
|move|p2a: KFC|Hurricane|p1a: Alomomola|[miss]
|-miss|p2a: KFC|p1a: Alomomola
|
|-heal|p2a: KFC|100/100|[from] item: Leftovers
|upkeep
|turn|11
|
|t:|1779874287
|move|p2a: KFC|Hurricane|p1a: Alomomola
|-damage|p1a: Alomomola|47/100
|move|p1a: Alomomola|Mirror Coat|p2a: KFC
|-damage|p2a: KFC|31/100
|
|-heal|p2a: KFC|37/100|[from] item: Leftovers
|upkeep
|turn|12
|
|t:|1779874307
|switch|p1a: Ogerpon|Ogerpon, F|100/100
|move|p2a: KFC|Thunder|p1a: Ogerpon|[miss]
|-miss|p2a: KFC|p1a: Ogerpon
|
|-heal|p2a: KFC|43/100|[from] item: Leftovers
|upkeep
|turn|13
|
|t:|1779874325
|switch|p1a: Alomomola|Alomomola, M|80/100
|move|p2a: KFC|Heat Wave|p1a: Alomomola
|-resisted|p1a: Alomomola
|-damage|p1a: Alomomola|74/100
|-status|p1a: Alomomola|brn
|
|-heal|p2a: KFC|49/100|[from] item: Leftovers
|-damage|p1a: Alomomola|68/100 brn|[from] brn
|upkeep
|turn|14
|
|t:|1779874335
|move|p2a: KFC|Thunder|p1a: Alomomola
|-supereffective|p1a: Alomomola
|-damage|p1a: Alomomola|20/100 brn
|move|p1a: Alomomola|Flip Turn|p2a: KFC
|-damage|p2a: KFC|41/100
|
|t:|1779874350
|switch|p1a: Ogerpon|Ogerpon, F|100/100|[from] Flip Turn
|
|-heal|p2a: KFC|47/100|[from] item: Leftovers
|upkeep
|turn|15
|
|t:|1779874360
|move|p1a: Ogerpon|Knock Off|p2a: KFC
|-damage|p2a: KFC|18/100
|-enditem|p2a: KFC|Leftovers|[from] move: Knock Off|[of] p1a: Ogerpon
|move|p2a: KFC|Heat Wave|p1a: Ogerpon
|-supereffective|p1a: Ogerpon
|-damage|p1a: Ogerpon|39/100
|
|upkeep
|turn|16
|
|t:|1779874369
|move|p1a: Ogerpon|Ivy Cudgel|p2a: KFC
|-resisted|p2a: KFC
|-crit|p2a: KFC
|-damage|p2a: KFC|0 fnt
|faint|p2a: KFC
|
|upkeep
|
|t:|1779874377
|switch|p2a: Dios Plan de Hisui|Arcanine-Hisui, M|100/100
|-damage|p2a: Dios Plan de Hisui|76/100|[from] Stealth Rock
|-damage|p2a: Dios Plan de Hisui|63/100|[from] Spikes
|-ability|p2a: Dios Plan de Hisui|Intimidate|boost
|-unboost|p1a: Ogerpon|atk|1
|-ability|p1a: Ogerpon|Defiant|boost
|-boost|p1a: Ogerpon|atk|2
|turn|17
|
|t:|1779874388
|switch|p1a: Garchomp|Garchomp, M|18/100
|move|p2a: Dios Plan de Hisui|Overheat|p1a: Garchomp
|-resisted|p1a: Garchomp
|-damage|p1a: Garchomp|0 fnt
|-unboost|p2a: Dios Plan de Hisui|spa|2
|faint|p1a: Garchomp
|
|-heal|p2a: Dios Plan de Hisui|69/100|[from] item: Leftovers
|upkeep
|
|t:|1779874403
|switch|p1a: Alomomola|Alomomola, M|53/100 brn
|turn|18
|
|t:|1779874415
|switch|p2a: Ogerpon|Ogerpon-Wellspring, F|100/100
|-damage|p2a: Ogerpon|88/100|[from] Stealth Rock
|-damage|p2a: Ogerpon|76/100|[from] Spikes
|switch|p1a: Weezing|Weezing-Galar, M|100/100
|-ability|p1a: Weezing|Neutralizing Gas
|
|upkeep
|turn|19
|
|t:|1779874425
|move|p2a: Ogerpon|Ivy Cudgel|p1a: Weezing|[anim] Ivy Cudgel Water
|-damage|p1a: Weezing|71/100
|move|p1a: Weezing|Sludge Bomb|p2a: Ogerpon
|-supereffective|p2a: Ogerpon
|-damage|p2a: Ogerpon|10/100
|
|-heal|p1a: Weezing|77/100|[from] item: Leftovers
|upkeep
|turn|20
|
|t:|1779874435
|move|p2a: Ogerpon|Ivy Cudgel|p1a: Weezing|[anim] Ivy Cudgel Water
|-damage|p1a: Weezing|47/100
|move|p1a: Weezing|Sludge Bomb|p2a: Ogerpon
|-supereffective|p2a: Ogerpon
|-damage|p2a: Ogerpon|0 fnt
|faint|p2a: Ogerpon
|
|-heal|p1a: Weezing|53/100|[from] item: Leftovers
|upkeep
|
|t:|1779874444
|switch|p2a: Dragapult|Dragapult, M, shiny|100/100
|-damage|p2a: Dragapult|88/100|[from] Stealth Rock
|-damage|p2a: Dragapult|76/100|[from] Spikes
|turn|21
|
|t:|1779874454
|-end|p1a: Weezing|ability: Neutralizing Gas
|switch|p1a: Alomomola|Alomomola, M|87/100 brn
|move|p2a: Dragapult|Shadow Ball|p1a: Alomomola
|-damage|p1a: Alomomola|69/100 brn
|-unboost|p1a: Alomomola|spd|1
|
|-heal|p2a: Dragapult|82/100|[from] item: Leftovers
|-damage|p1a: Alomomola|62/100 brn|[from] brn
|upkeep
|turn|22
|
|t:|1779874472
|move|p2a: Dragapult|Draco Meteor|p1a: Alomomola
|-damage|p1a: Alomomola|18/100 brn
|-unboost|p2a: Dragapult|spa|2
|move|p1a: Alomomola|Flip Turn|p2a: Dragapult
|-resisted|p2a: Dragapult
|-damage|p2a: Dragapult|77/100
|
|t:|1779874484
|switch|p1a: Weezing|Weezing-Galar, M|53/100|[from] Flip Turn
|-ability|p1a: Weezing|Neutralizing Gas
|
|-heal|p2a: Dragapult|83/100|[from] item: Leftovers
|-heal|p1a: Weezing|59/100|[from] item: Leftovers
|upkeep
|turn|23
|
|t:|1779874493
|-end|p1a: Weezing|ability: Neutralizing Gas
|switch|p1a: Alomomola|Alomomola, M|51/100 brn
|move|p2a: Dragapult|Flamethrower|p1a: Alomomola
|-resisted|p1a: Alomomola
|-damage|p1a: Alomomola|48/100 brn
|
|-heal|p2a: Dragapult|89/100|[from] item: Leftovers
|-damage|p1a: Alomomola|42/100 brn|[from] brn
|upkeep
|turn|24
|
|t:|1779874503
|move|p2a: Dragapult|Draco Meteor|p1a: Alomomola
|-damage|p1a: Alomomola|30/100 brn
|-unboost|p2a: Dragapult|spa|2
|move|p1a: Alomomola|Flip Turn|p2a: Dragapult
|-resisted|p2a: Dragapult
|-damage|p2a: Dragapult|83/100
|
|t:|1779874507
|switch|p1a: Weezing|Weezing-Galar, M|59/100|[from] Flip Turn
|-ability|p1a: Weezing|Neutralizing Gas
|
|-heal|p2a: Dragapult|89/100|[from] item: Leftovers
|-heal|p1a: Weezing|65/100|[from] item: Leftovers
|upkeep
|turn|25
|
|t:|1779874522
|move|p2a: Dragapult|U-turn|p1a: Weezing
|-resisted|p1a: Weezing
|-damage|p1a: Weezing|62/100
|
|t:|1779874525
|switch|p2a: Dios Plan de Hisui|Arcanine-Hisui, M|69/100|[from] U-turn
|-damage|p2a: Dios Plan de Hisui|45/100|[from] Stealth Rock
|-damage|p2a: Dios Plan de Hisui|32/100|[from] Spikes
|move|p1a: Weezing|Pain Split|p2a: Dios Plan de Hisui
|-sethp|p2a: Dios Plan de Hisui|47/100|[from] move: Pain Split|[silent]
|-sethp|p1a: Weezing|47/100|[from] move: Pain Split
|
|-heal|p2a: Dios Plan de Hisui|53/100|[from] item: Leftovers
|-heal|p1a: Weezing|53/100|[from] item: Leftovers
|upkeep
|turn|26
|
|t:|1779874547
|-end|p1a: Weezing|ability: Neutralizing Gas
|-ability|p2a: Dios Plan de Hisui|Intimidate|boost
|-unboost|p1a: Weezing|atk|1
|switch|p1a: Alomomola|Alomomola, M|63/100 brn
|move|p2a: Dios Plan de Hisui|Overheat|p1a: Alomomola
|-resisted|p1a: Alomomola
|-damage|p1a: Alomomola|50/100 brn
|-unboost|p2a: Dios Plan de Hisui|spa|2
|
|-heal|p2a: Dios Plan de Hisui|59/100|[from] item: Leftovers
|-damage|p1a: Alomomola|44/100 brn|[from] brn
|upkeep
|turn|27
|
|t:|1779874559
|move|p2a: Dios Plan de Hisui|Close Combat|p1a: Alomomola
|-crit|p1a: Alomomola
|-damage|p1a: Alomomola|3/100 brn
|-unboost|p2a: Dios Plan de Hisui|def|1
|-unboost|p2a: Dios Plan de Hisui|spd|1
|move|p1a: Alomomola|Flip Turn|p2a: Dios Plan de Hisui
|-supereffective|p2a: Dios Plan de Hisui
|-damage|p2a: Dios Plan de Hisui|0 fnt
|faint|p2a: Dios Plan de Hisui
|
|t:|1779874576
|switch|p1a: Weezing|Weezing-Galar, M|53/100|[from] Flip Turn
|-ability|p1a: Weezing|Neutralizing Gas
|
|-heal|p1a: Weezing|59/100|[from] item: Leftovers
|upkeep
|c|☆6Nicolas7|you are a f*ucking homosexual, virgin that u never touched grass
|inactive|6Nicolas7 has 120 seconds left.
|n|‽6Nicolas7|6nicolas7
|c|~|/log 6Nicolas7 was locked from talking by Artemis. (☆6Nicolas7: you are a f*ucking homosexual, virgin that u never touched grass)
|c|~|/raw <small>This action was done automatically. Want to learn more about the AI? <a href="https://www.smogon.com/forums/threads/3570628/#post-9056769">Visit the information thread</a>.</small>
|c|☆12 horse garage|:)
|inactive|6Nicolas7 has 90 seconds left.
|inactive|6Nicolas7 has 60 seconds left.
|l|‽6Nicolas7
|inactive|6Nicolas7 disconnected and has a minute to reconnect!
|player|p2|
|inactive|6Nicolas7 has 30 seconds left.
|inactive|6Nicolas7 has 20 seconds left.
|inactive|6Nicolas7 has 15 seconds left.
|inactive|6Nicolas7 has 10 seconds left.
|inactive|6Nicolas7 has 5 seconds left.
|-message|6Nicolas7 lost due to inactivity.
|
|win|12 horse garage
