|j|☆noomvoom
|j|☆amiruae
|t:|1779815299
|gametype|singles
|player|p1|noomvoom|bugcatcher-gen4dp|1441
|player|p2|amiruae|psychic-gen4|1458
|gen|9
|tier|[Gen 9] OU
|rated|
|rule|HP Percentage Mod: HP is shown in percentages
|rule|Endless Battle Clause: Forcing endless battles is banned
|rule|Species Clause: Limit one of each Pokémon
|rule|OHKO Clause: OHKO moves are banned
|rule|Evasion Items Clause: Evasion items are banned
|rule|Evasion Moves Clause: Evasion moves are banned
|rule|Evasion Abilities Clause: Evasion abilities are banned
|rule|Sleep Moves Clause: Sleep-inducing moves are banned
|clearpoke
|poke|p1|Kingambit, F|
|poke|p1|Clefable, M|
|poke|p1|Slowking-Galar, F|
|poke|p1|Great Tusk|
|poke|p1|Ogerpon-Wellspring, F|
|poke|p1|Kyurem|
|poke|p2|Moltres-Galar|
|poke|p2|Arcanine-Hisui, M|
|poke|p2|Volcanion|
|poke|p2|Latias, F|
|poke|p2|Scizor, M|
|poke|p2|Krookodile, M|
|teampreview
|inactive|Battle timer is ON: inactive players will automatically lose when time's up. (requested by noomvoom)
|
|t:|1779815318
|teamsize|p1|6
|teamsize|p2|6
|start
|switch|p1a: Great Tusk|Great Tusk|100/100
|switch|p2a: Latias|Latias, F|100/100
|turn|1
|
|t:|1779815325
|-end|p1a: Great Tusk|Protosynthesis|[silent]
|switch|p1a: Slowking|Slowking-Galar, F|100/100
|move|p2a: Latias|Agility|p2a: Latias
|-boost|p2a: Latias|spe|2
|
|upkeep
|turn|2
|
|t:|1779815344
|move|p2a: Latias|Calm Mind|p2a: Latias
|-boost|p2a: Latias|spa|1
|-boost|p2a: Latias|spd|1
|-prepare|p1a: Slowking|Chilly Reception|[premajor]
|move|p1a: Slowking|Chilly Reception|p1a: Slowking
|-weather|Snowscape
|
|t:|1779815347
|switch|p1a: Kingambit|Kingambit, F|100/100|[from] Chilly Reception
|
|-weather|Snowscape|[upkeep]
|upkeep
|turn|3
|
|t:|1779815355
|move|p2a: Latias|Aura Sphere|p1a: Kingambit
|-supereffective|p1a: Kingambit
|-damage|p1a: Kingambit|0 fnt
|faint|p1a: Kingambit
|-end|p1a: Kingambit|fallenundefined|[silent]
|
|-weather|Snowscape|[upkeep]
|upkeep
|
|t:|1779815362
|switch|p1a: Clefable|Clefable, M|100/100
|turn|4
|
|t:|1779815368
|move|p2a: Latias|Stored Power|p1a: Clefable
|-damage|p1a: Clefable|73/100
|move|p1a: Clefable|Thunder Wave|p2a: Latias
|-status|p2a: Latias|par
|
|-weather|Snowscape|[upkeep]
|upkeep
|turn|5
|
|t:|1779815380
|move|p2a: Latias|Calm Mind|p2a: Latias
|-boost|p2a: Latias|spa|1
|-boost|p2a: Latias|spd|1
|move|p1a: Clefable|Moonblast|p2a: Latias
|-supereffective|p2a: Latias
|-damage|p2a: Latias|53/100 par
|-unboost|p2a: Latias|spa|1
|-enditem|p2a: Latias|Weakness Policy
|-boost|p2a: Latias|atk|2|[from] item: Weakness Policy
|-boost|p2a: Latias|spa|2|[from] item: Weakness Policy
|
|-weather|Snowscape|[upkeep]
|upkeep
|turn|6
|
|t:|1779815384
|move|p2a: Latias|Agility|p2a: Latias
|-boost|p2a: Latias|spe|2
|move|p1a: Clefable|Moonblast|p2a: Latias
|-supereffective|p2a: Latias
|-damage|p2a: Latias|2/100 par
|
|-weather|none
|upkeep
|turn|7
|
|t:|1779815394
|move|p2a: Latias|Stored Power|p1a: Clefable
|-damage|p1a: Clefable|0 fnt
|faint|p1a: Clefable
|
|upkeep
|
|t:|1779815399
|switch|p1a: Great Tusk|Great Tusk|100/100
|turn|8
|
|t:|1779815402
|cant|p2a: Latias|par
|move|p1a: Great Tusk|Rapid Spin|p2a: Latias
|-damage|p2a: Latias|0 fnt
|-boost|p1a: Great Tusk|spe|1
|faint|p2a: Latias
|
|upkeep
|
|t:|1779815420
|switch|p2a: Scizor|Scizor, M|100/100
|turn|9
|
|t:|1779815432
|move|p1a: Great Tusk|Headlong Rush|p2a: Scizor
|-damage|p2a: Scizor|35/100
|-unboost|p1a: Great Tusk|def|1
|-unboost|p1a: Great Tusk|spd|1
|-enditem|p2a: Scizor|Sitrus Berry|[eat]
|-heal|p2a: Scizor|60/100|[from] item: Sitrus Berry
|move|p2a: Scizor|Dual Wingbeat|p1a: Great Tusk
|-supereffective|p1a: Great Tusk
|-damage|p1a: Great Tusk|52/100
|-damage|p2a: Scizor|43/100|[from] item: Rocky Helmet|[of] p1a: Great Tusk
|-supereffective|p1a: Great Tusk
|-damage|p1a: Great Tusk|3/100
|-damage|p2a: Scizor|27/100|[from] item: Rocky Helmet|[of] p1a: Great Tusk
|-hitcount|p1a: Great Tusk|2
|
|upkeep
|turn|10
|
|t:|1779815450
|move|p2a: Scizor|Bullet Punch|p1a: Great Tusk
|-damage|p1a: Great Tusk|0 fnt
|-damage|p2a: Scizor|10/100|[from] item: Rocky Helmet|[of] p1a: Great Tusk
|faint|p1a: Great Tusk
|-end|p1a: Great Tusk|Protosynthesis|[silent]
|
|upkeep
|
|t:|1779815459
|switch|p1a: Ogerpon|Ogerpon-Wellspring, F|100/100
|turn|11
|
|t:|1779815467
|move|p1a: Ogerpon|Horn Leech|p2a: Scizor
|-resisted|p2a: Scizor
|-damage|p2a: Scizor|0 fnt
|faint|p2a: Scizor
|
|upkeep
|
|t:|1779815475
|switch|p2a: Volcanion|Volcanion|100/100
|turn|12
|
|t:|1779815484
|switch|p1a: Slowking|Slowking-Galar, F|100/100
|move|p2a: Volcanion|Flamethrower|p1a: Slowking
|-damage|p1a: Slowking|67/100
|
|upkeep
|turn|13
|
|t:|1779815495
|switch|p2a: Krookodile|Krookodile, M|100/100
|-ability|p2a: Krookodile|Intimidate|boost
|-unboost|p1a: Slowking|atk|1
|move|p1a: Slowking|Toxic Spikes|p2a: Krookodile
|-sidestart|p2: amiruae|move: Toxic Spikes
|
|upkeep
|turn|14
|
|t:|1779815508
|switch|p1a: Kyurem|Kyurem|100/100
|-ability|p1a: Kyurem|Pressure
|move|p2a: Krookodile|Knock Off|p1a: Kyurem
|-damage|p1a: Kyurem|48/100
|-enditem|p1a: Kyurem|Choice Scarf|[from] move: Knock Off|[of] p2a: Krookodile
|
|upkeep
|turn|15
|
|t:|1779815518
|move|p1a: Kyurem|Ice Beam|p2a: Krookodile
|-supereffective|p2a: Krookodile
|-damage|p2a: Krookodile|15/100
|move|p2a: Krookodile|Earthquake|p1a: Kyurem
|-crit|p1a: Kyurem
|-damage|p1a: Kyurem|0 fnt
|faint|p1a: Kyurem
|
|upkeep
|
|t:|1779815522
|switch|p1a: Ogerpon|Ogerpon-Wellspring, F|100/100
|turn|16
|
|t:|1779815528
|move|p1a: Ogerpon|Horn Leech|p2a: Krookodile
|-supereffective|p2a: Krookodile
|-damage|p2a: Krookodile|0 fnt
|faint|p2a: Krookodile
|
|upkeep
|
|t:|1779815541
|switch|p2a: Arcanine|Arcanine-Hisui, M|100/100
|-status|p2a: Arcanine|psn
|turn|17
|
|t:|1779815561
|switch|p1a: Slowking|Slowking-Galar, F|100/100
|-terastallize|p2a: Arcanine|Normal
|move|p2a: Arcanine|Head Smash|p1a: Slowking
|-damage|p1a: Slowking|0 fnt
|faint|p1a: Slowking
|-damage|p2a: Arcanine|91/100 psn|[from] item: Life Orb
|
|-damage|p2a: Arcanine|78/100 psn|[from] psn
|upkeep
|
|t:|1779815565
|switch|p1a: Ogerpon|Ogerpon-Wellspring, F|100/100
|turn|18
|
|t:|1779815572
|-terastallize|p1a: Ogerpon|Water
|detailschange|p1a: Ogerpon|Ogerpon-Wellspring-Tera, F, tera:Water
|-ability|p1a: Ogerpon|Embody Aspect (Wellspring)|boost
|-boost|p1a: Ogerpon|spd|1
|move|p2a: Arcanine|Extreme Speed|p1a: Ogerpon
|-damage|p1a: Ogerpon|26/100
|-damage|p2a: Arcanine|68/100 psn|[from] item: Life Orb
|move|p1a: Ogerpon|Ivy Cudgel|p2a: Arcanine|[anim] Ivy Cudgel Water
|-damage|p2a: Arcanine|0 fnt
|faint|p2a: Arcanine
|
|upkeep
|
|t:|1779815586
|switch|p2a: Moltres|Moltres-Galar|100/100
|turn|19
|
|t:|1779815595
|move|p1a: Ogerpon|Ivy Cudgel|p2a: Moltres|[anim] Ivy Cudgel Water
|-damage|p2a: Moltres|18/100
|-ability|p2a: Moltres|Berserk|boost
|-boost|p2a: Moltres|spa|1
|-enditem|p2a: Moltres|Sitrus Berry|[eat]
|-heal|p2a: Moltres|43/100|[from] item: Sitrus Berry
|move|p2a: Moltres|Hurricane|p1a: Ogerpon|[miss]
|-miss|p2a: Moltres|p1a: Ogerpon
|
|upkeep
|turn|20
|
|t:|1779815604
|move|p1a: Ogerpon|Ivy Cudgel|p2a: Moltres|[anim] Ivy Cudgel Water
|-damage|p2a: Moltres|0 fnt
|faint|p2a: Moltres
|
|upkeep
|
|t:|1779815606
|switch|p2a: Volcanion|Volcanion|100/100
|-status|p2a: Volcanion|psn
|turn|21
|
|t:|1779815609
|move|p1a: Ogerpon|Horn Leech|p2a: Volcanion
|-damage|p2a: Volcanion|66/100 psn
|-heal|p1a: Ogerpon|47/100|[from] drain|[of] p2a: Volcanion
|move|p2a: Volcanion|Sludge Bomb|p1a: Ogerpon
|-damage|p1a: Ogerpon|18/100
|-status|p1a: Ogerpon|psn
|
|-damage|p1a: Ogerpon|6/100 psn|[from] psn
|-damage|p2a: Volcanion|54/100 psn|[from] psn
|upkeep
|turn|22
|
|t:|1779815616
|move|p1a: Ogerpon|Horn Leech|p2a: Volcanion
|-damage|p2a: Volcanion|19/100 psn
|-heal|p1a: Ogerpon|27/100 psn|[from] drain|[of] p2a: Volcanion
|move|p2a: Volcanion|Sludge Bomb|p1a: Ogerpon
|-damage|p1a: Ogerpon|0 fnt
|faint|p1a: Ogerpon
|detailschange|p1: Ogerpon|Ogerpon-Wellspring, F|[silent]
|
|win|amiruae
|raw|noomvoom's rating: 1441 &rarr; <strong>1422</strong><br />(-19 for losing)
|raw|amiruae's rating: 1458 &rarr; <strong>1477</strong><br />(+19 for winning)
|l|☆noomvoom
|player|p1|
|l|☆amiruae
|player|p2|
