|j|☆I am Patrat
|j|☆BamBamp
|t:|1779843460
|gametype|singles
|player|p1|I am Patrat|1|1227
|player|p2|BamBamp|ltsurge|1252
|gen|9
|tier|[Gen 9] OU
|rated|
|rule|HP Percentage Mod: HP is shown in percentages
|rule|Endless Battle Clause: Forcing endless battles is banned
|rule|Species Clause: Limit one of each Pokémon
|rule|OHKO Clause: OHKO moves are banned
|rule|Evasion Items Clause: Evasion items are banned
|rule|Evasion Moves Clause: Evasion moves are banned
|rule|Evasion Abilities Clause: Evasion abilities are banned
|rule|Sleep Moves Clause: Sleep-inducing moves are banned
|clearpoke
|poke|p1|Cinderace, F|
|poke|p1|Gholdengo|
|poke|p1|Hatterene, F|
|poke|p1|Inteleon, M|
|poke|p1|Zamazenta-*|
|poke|p1|Revavroom, F|
|poke|p2|Deoxys-Speed|
|poke|p2|Kyurem|
|poke|p2|Iron Valiant|
|poke|p2|Gholdengo|
|poke|p2|Great Tusk|
|poke|p2|Moltres-Galar|
|teampreview
|inactive|Battle timer is ON: inactive players will automatically lose when time's up. (requested by BamBamp)
|
|t:|1779843475
|teamsize|p1|6
|teamsize|p2|6
|start
|switch|p1a: Inteleon|Inteleon, M|100/100
|switch|p2a: Deoxys|Deoxys-Speed|100/100
|-ability|p2a: Deoxys|Pressure
|turn|1
|
|t:|1779843482
|move|p2a: Deoxys|Knock Off|p1a: Inteleon
|-damage|p1a: Inteleon|62/100
|-enditem|p1a: Inteleon|Scope Lens|[from] move: Knock Off|[of] p2a: Deoxys
|move|p1a: Inteleon|Snipe Shot|p2a: Deoxys
|-damage|p2a: Deoxys|47/100
|
|upkeep
|turn|2
|
|t:|1779843493
|switch|p2a: Kyurem|Kyurem|100/100
|-ability|p2a: Kyurem|Pressure
|move|p1a: Inteleon|Snipe Shot|p2a: Kyurem
|-resisted|p2a: Kyurem
|-damage|p2a: Kyurem|80/100
|
|upkeep
|turn|3
|
|t:|1779843502
|move|p1a: Inteleon|Air Cutter|p2a: Kyurem
|-damage|p2a: Kyurem|59/100
|move|p2a: Kyurem|Freeze-Dry|p1a: Inteleon
|-supereffective|p1a: Inteleon
|-damage|p1a: Inteleon|0 fnt
|faint|p1a: Inteleon
|
|upkeep
|
|t:|1779843509
|switch|p1a: Revavroom|Revavroom, F|100/100
|-item|p1a: Revavroom|Air Balloon
|turn|4
|
|t:|1779843516
|switch|p2a: Moltres|Moltres-Galar|100/100
|move|p1a: Revavroom|Shift Gear|p1a: Revavroom
|-boost|p1a: Revavroom|spe|2
|-boost|p1a: Revavroom|atk|1
|
|upkeep
|turn|5
|
|t:|1779843529
|move|p1a: Revavroom|Gunk Shot|p2a: Moltres
|-damage|p2a: Moltres|0 fnt
|faint|p2a: Moltres
|
|upkeep
|inactive|BamBamp has 120 seconds left.
|
|t:|1779843563
|switch|p2a: Deoxys|Deoxys-Speed|47/100
|-ability|p2a: Deoxys|Pressure
|turn|6
|
|t:|1779843568
|move|p1a: Revavroom|Iron Head|p2a: Deoxys
|-damage|p2a: Deoxys|0 fnt
|faint|p2a: Deoxys
|
|upkeep
|inactive|BamBamp has 120 seconds left.
|
|t:|1779843581
|switch|p2a: Gholdengo|Gholdengo|100/100
|turn|7
|
|t:|1779843586
|move|p1a: Revavroom|High Horsepower|p2a: Gholdengo
|-supereffective|p2a: Gholdengo
|-damage|p2a: Gholdengo|0 fnt
|faint|p2a: Gholdengo
|
|upkeep
|inactive|BamBamp has 120 seconds left.
|
|t:|1779843602
|switch|p2a: Kyurem|Kyurem|59/100
|-ability|p2a: Kyurem|Pressure
|turn|8
|
|t:|1779843609
|move|p1a: Revavroom|Iron Head|p2a: Kyurem
|-supereffective|p2a: Kyurem
|-damage|p2a: Kyurem|0 fnt
|faint|p2a: Kyurem
|
|upkeep
|-message|BamBamp forfeited.
|
|win|I am Patrat
|raw|I am Patrat's rating: 1227 &rarr; <strong>1254</strong><br />(+27 for winning)
|raw|BamBamp's rating: 1252 &rarr; <strong>1225</strong><br />(-27 for losing)
|l|☆BamBamp
|player|p2|
|l|☆I am Patrat
|player|p1|
