|j|☆Gnomebomb
|j|☆succ euphoria
|t:|1779807081
|gametype|singles
|player|p1|Gnomebomb|169|1384
|player|p2|succ euphoria|1|1399
|gen|9
|tier|[Gen 9] OU
|rated|
|rule|HP Percentage Mod: HP is shown in percentages
|rule|Endless Battle Clause: Forcing endless battles is banned
|rule|Species Clause: Limit one of each Pokémon
|rule|OHKO Clause: OHKO moves are banned
|rule|Evasion Items Clause: Evasion items are banned
|rule|Evasion Moves Clause: Evasion moves are banned
|rule|Evasion Abilities Clause: Evasion abilities are banned
|rule|Sleep Moves Clause: Sleep-inducing moves are banned
|clearpoke
|poke|p1|Kyurem|
|poke|p1|Garganacl, F|
|poke|p1|Primarina, F|
|poke|p1|Blaziken, M|
|poke|p1|Ting-Lu|
|poke|p1|Breloom, F|
|poke|p2|Glimmora, M|
|poke|p2|Gholdengo|
|poke|p2|Great Tusk|
|poke|p2|Latias, F|
|poke|p2|Cinderace, F|
|poke|p2|Ogerpon-Wellspring, F|
|teampreview
|inactive|Battle timer is ON: inactive players will automatically lose when time's up. (requested by Gnomebomb)
|
|t:|1779807091
|teamsize|p1|6
|teamsize|p2|6
|start
|switch|p1a: Primarina|Primarina, F|100/100
|switch|p2a: Glimmora|Glimmora, M|100/100
|turn|1
|
|t:|1779807100
|move|p2a: Glimmora|Stealth Rock|p1a: Primarina
|-sidestart|p1: Gnomebomb|move: Stealth Rock
|move|p1a: Primarina|Hyper Voice|p2a: Glimmora
|-supereffective|p2a: Glimmora
|-enditem|p2a: Glimmora|Focus Sash
|-damage|p2a: Glimmora|1/100
|
|upkeep
|turn|2
|
|t:|1779807107
|move|p2a: Glimmora|Spikes|p1a: Primarina
|-sidestart|p1: Gnomebomb|Spikes
|move|p1a: Primarina|Moonblast|p2a: Glimmora
|-resisted|p2a: Glimmora
|-damage|p2a: Glimmora|0 fnt
|faint|p2a: Glimmora
|
|upkeep
|
|t:|1779807133
|switch|p2a: Ogerpon|Ogerpon-Wellspring, F|100/100
|turn|3
|
|t:|1779807153
|switch|p1a: Kyurem|Kyurem|100/100
|-damage|p1a: Kyurem|76/100|[from] Stealth Rock
|-damage|p1a: Kyurem|63/100|[from] Spikes
|-ability|p1a: Kyurem|Pressure
|move|p2a: Ogerpon|Swords Dance|p2a: Ogerpon
|-boost|p2a: Ogerpon|atk|2
|
|upkeep
|turn|4
|
|t:|1779807160
|move|p1a: Kyurem|Freeze-Dry|p2a: Ogerpon
|-supereffective|p2a: Ogerpon
|-damage|p2a: Ogerpon|0 fnt
|faint|p2a: Ogerpon
|
|upkeep
|
|t:|1779807166
|switch|p2a: Cinderace|Cinderace, F|100/100
|turn|5
|
|t:|1779807175
|switch|p1a: Garganacl|Garganacl, F|100/100
|-damage|p1a: Garganacl|88/100|[from] Stealth Rock
|-damage|p1a: Garganacl|76/100|[from] Spikes
|move|p2a: Cinderace|U-turn|p1a: Garganacl
|-start|p2a: Cinderace|typechange|Bug|[from] ability: Libero
|-damage|p1a: Garganacl|44/100
|
|t:|1779807186
|switch|p2a: Great Tusk|Great Tusk|100/100|[from] U-turn
|-enditem|p2a: Great Tusk|Booster Energy
|-activate|p2a: Great Tusk|ability: Protosynthesis|[fromitem]
|-start|p2a: Great Tusk|protosynthesisspe
|
|-heal|p1a: Garganacl|50/100|[from] item: Leftovers
|upkeep
|turn|6
|
|t:|1779807192
|move|p2a: Great Tusk|Bulk Up|p2a: Great Tusk
|-boost|p2a: Great Tusk|atk|1
|-boost|p2a: Great Tusk|def|1
|move|p1a: Garganacl|Salt Cure|p2a: Great Tusk
|-resisted|p2a: Great Tusk
|-damage|p2a: Great Tusk|99/100
|-start|p2a: Great Tusk|Salt Cure
|
|-heal|p1a: Garganacl|56/100|[from] item: Leftovers
|-damage|p2a: Great Tusk|87/100|[from] Salt Cure
|upkeep
|turn|7
|
|t:|1779807198
|move|p2a: Great Tusk|Headlong Rush|p1a: Garganacl
|-supereffective|p1a: Garganacl
|-crit|p1a: Garganacl
|-damage|p1a: Garganacl|0 fnt
|-unboost|p2a: Great Tusk|def|1
|-unboost|p2a: Great Tusk|spd|1
|faint|p1a: Garganacl
|
|-damage|p2a: Great Tusk|74/100|[from] Salt Cure
|upkeep
|
|t:|1779807207
|switch|p1a: Kyurem|Kyurem|63/100
|-damage|p1a: Kyurem|39/100|[from] Stealth Rock
|-damage|p1a: Kyurem|26/100|[from] Spikes
|-ability|p1a: Kyurem|Pressure
|turn|8
|
|t:|1779807218
|-end|p2a: Great Tusk|Protosynthesis|[silent]
|switch|p2a: Cinderace|Cinderace, F|100/100
|move|p1a: Kyurem|Ice Beam|p2a: Cinderace
|-resisted|p2a: Cinderace
|-damage|p2a: Cinderace|62/100
|
|upkeep
|turn|9
|
|t:|1779807226
|move|p1a: Kyurem|Ice Beam|p2a: Cinderace
|-resisted|p2a: Cinderace
|-damage|p2a: Cinderace|23/100
|move|p2a: Cinderace|U-turn|p1a: Kyurem
|-start|p2a: Cinderace|typechange|Bug|[from] ability: Libero
|-damage|p1a: Kyurem|0 fnt
|faint|p1a: Kyurem
|
|t:|1779807234
|switch|p2a: Gholdengo|Gholdengo|100/100|[from] U-turn
|-item|p2a: Gholdengo|Air Balloon
|
|upkeep
|
|t:|1779807241
|switch|p1a: Blaziken|Blaziken, M|100/100
|-damage|p1a: Blaziken|88/100|[from] Stealth Rock
|-damage|p1a: Blaziken|76/100|[from] Spikes
|turn|10
|
|t:|1779807270
|move|p2a: Gholdengo|Thunder Wave|p1a: Blaziken
|-status|p1a: Blaziken|par
|move|p1a: Blaziken|Flare Blitz|p2a: Gholdengo
|-supereffective|p2a: Gholdengo
|-damage|p2a: Gholdengo|0 fnt
|-enditem|p2a: Gholdengo|Air Balloon
|faint|p2a: Gholdengo
|-damage|p1a: Blaziken|41/100 par|[from] Recoil
|
|-ability|p1a: Blaziken|Speed Boost|boost
|-boost|p1a: Blaziken|spe|1
|upkeep
|inactive|succ euphoria has 120 seconds left.
|
|t:|1779807293
|switch|p2a: Latias|Latias, F|100/100
|turn|11
|
|t:|1779807304
|switch|p1a: Ting-Lu|Ting-Lu|100/100
|-damage|p1a: Ting-Lu|94/100|[from] Stealth Rock
|-damage|p1a: Ting-Lu|82/100|[from] Spikes
|-ability|p1a: Ting-Lu|Vessel of Ruin
|move|p2a: Latias|Agility|p2a: Latias
|-boost|p2a: Latias|spe|2
|
|-heal|p1a: Ting-Lu|88/100|[from] item: Leftovers
|upkeep
|turn|12
|
|t:|1779807314
|move|p2a: Latias|Draining Kiss|p1a: Ting-Lu
|-supereffective|p1a: Ting-Lu
|-damage|p1a: Ting-Lu|75/100
|move|p1a: Ting-Lu|Ruination|p2a: Latias
|-damage|p2a: Latias|51/100
|
|-heal|p1a: Ting-Lu|81/100|[from] item: Leftovers
|upkeep
|turn|13
|
|t:|1779807325
|move|p2a: Latias|Calm Mind|p2a: Latias
|-boost|p2a: Latias|spa|1
|-boost|p2a: Latias|spd|1
|move|p1a: Ting-Lu|Stealth Rock|p2a: Latias
|-sidestart|p2: succ euphoria|move: Stealth Rock
|
|-heal|p1a: Ting-Lu|87/100|[from] item: Leftovers
|upkeep
|turn|14
|
|t:|1779807330
|-terastallize|p2a: Latias|Fairy
|move|p2a: Latias|Draining Kiss|p1a: Ting-Lu
|-supereffective|p1a: Ting-Lu
|-damage|p1a: Ting-Lu|50/100
|-heal|p2a: Latias|94/100|[from] drain|[of] p1a: Ting-Lu
|move|p1a: Ting-Lu|Whirlwind|p2a: Latias
|drag|p2a: Great Tusk|Great Tusk|74/100
|-damage|p2a: Great Tusk|71/100|[from] Stealth Rock
|
|-heal|p1a: Ting-Lu|56/100|[from] item: Leftovers
|upkeep
|turn|15
|
|t:|1779807345
|switch|p1a: Blaziken|Blaziken, M|41/100 par
|-damage|p1a: Blaziken|29/100 par|[from] Stealth Rock
|-damage|p1a: Blaziken|17/100 par|[from] Spikes
|move|p2a: Great Tusk|Rapid Spin|p1a: Blaziken
|-damage|p1a: Blaziken|0 fnt
|-boost|p2a: Great Tusk|spe|1
|-sideend|p2: succ euphoria|Stealth Rock|[from] move: Rapid Spin|[of] p2a: Great Tusk
|faint|p1a: Blaziken
|
|upkeep
|
|t:|1779807347
|switch|p1a: Breloom|Breloom, F|100/100
|-damage|p1a: Breloom|94/100|[from] Stealth Rock
|-damage|p1a: Breloom|82/100|[from] Spikes
|turn|16
|
|t:|1779807359
|move|p2a: Great Tusk|Ice Spinner|p1a: Breloom
|-supereffective|p1a: Breloom
|-damage|p1a: Breloom|6/100
|move|p1a: Breloom|Bullet Seed|p2a: Great Tusk
|-supereffective|p2a: Great Tusk
|-damage|p2a: Great Tusk|49/100
|-supereffective|p2a: Great Tusk
|-damage|p2a: Great Tusk|24/100
|-supereffective|p2a: Great Tusk
|-damage|p2a: Great Tusk|0 fnt
|faint|p2a: Great Tusk
|-end|p2a: Great Tusk|Protosynthesis|[silent]
|-hitcount|p2: Great Tusk|3
|
|upkeep
|
|t:|1779807370
|switch|p2a: Cinderace|Cinderace, F|23/100
|turn|17
|
|t:|1779807373
|move|p1a: Breloom|Mach Punch|p2a: Cinderace
|-damage|p2a: Cinderace|0 fnt
|faint|p2a: Cinderace
|
|upkeep
|
|t:|1779807376
|switch|p2a: Latias|Latias, F, tera:Fairy|94/100
|turn|18
|
|t:|1779807384
|move|p2a: Latias|Calm Mind|p2a: Latias
|-boost|p2a: Latias|spa|1
|-boost|p2a: Latias|spd|1
|move|p1a: Breloom|Bullet Seed|p2a: Latias
|-damage|p2a: Latias|80/100
|-damage|p2a: Latias|63/100
|-damage|p2a: Latias|47/100
|-damage|p2a: Latias|32/100
|-damage|p2a: Latias|16/100
|-hitcount|p2a: Latias|5
|
|upkeep
|turn|19
|
|t:|1779807394
|-terastallize|p1a: Breloom|Fighting
|move|p1a: Breloom|Mach Punch|p2a: Latias
|-resisted|p2a: Latias
|-damage|p2a: Latias|0 fnt
|faint|p2a: Latias
|
|win|Gnomebomb
|raw|Gnomebomb's rating: 1384 &rarr; <strong>1405</strong><br />(+21 for winning)
|raw|succ euphoria's rating: 1399 &rarr; <strong>1378</strong><br />(-21 for losing)
|l|☆succ euphoria
|player|p2|
|l|☆Gnomebomb
|player|p1|
