|j|☆Divorced pigeon
|j|☆claudechamp
|t:|1779867964
|gametype|singles
|player|p1|Divorced pigeon|169|1194
|player|p2|claudechamp|169|1226
|gen|9
|tier|[Gen 9] OU
|rated|
|rule|HP Percentage Mod: HP is shown in percentages
|rule|Endless Battle Clause: Forcing endless battles is banned
|rule|Species Clause: Limit one of each Pokémon
|rule|OHKO Clause: OHKO moves are banned
|rule|Evasion Items Clause: Evasion items are banned
|rule|Evasion Moves Clause: Evasion moves are banned
|rule|Evasion Abilities Clause: Evasion abilities are banned
|rule|Sleep Moves Clause: Sleep-inducing moves are banned
|clearpoke
|poke|p1|Zangoose, F|
|poke|p1|Bellibolt, F|
|poke|p1|Toxtricity-Low-Key, F|
|poke|p1|Slowking, M|
|poke|p1|Cetitan, F|
|poke|p1|Ogerpon-Cornerstone, F|
|poke|p2|Gliscor, F|
|poke|p2|Ogerpon, F|
|poke|p2|Walking Wake|
|poke|p2|Blissey, F|
|poke|p2|Corviknight, F|
|poke|p2|Pecharunt|
|teampreview
|c|☆claudechamp|hf
|inactive|Battle timer is ON: inactive players will automatically lose when time's up. (requested by claudechamp)
|
|t:|1779867980
|teamsize|p1|6
|teamsize|p2|6
|start
|switch|p1a: 2002 teen|Zangoose, F|100/100
|switch|p2a: Gliscor|Gliscor, F|100/100
|turn|1
|
|t:|1779867987
|switch|p1a: Parry|Ogerpon-Cornerstone, F|100/100
|move|p2a: Gliscor|Spikes|p1a: Parry
|-sidestart|p1: Divorced pigeon|Spikes
|
|-status|p2a: Gliscor|tox|[from] item: Toxic Orb
|upkeep
|turn|2
|
|t:|1779868006
|move|p1a: Parry|Ivy Cudgel|p2a: Gliscor|[anim] Ivy Cudgel Rock
|-crit|p2a: Gliscor
|-damage|p2a: Gliscor|38/100 tox
|move|p2a: Gliscor|Spikes|p1a: Parry
|-sidestart|p1: Divorced pigeon|Spikes
|
|-heal|p2a: Gliscor|50/100 tox|[from] ability: Poison Heal
|upkeep
|turn|3
|
|t:|1779868011
|switch|p2a: Pecharunt|Pecharunt|100/100
|move|p1a: Parry|Wood Hammer|p2a: Pecharunt
|-resisted|p2a: Pecharunt
|-damage|p2a: Pecharunt|83/100
|-damage|p1a: Parry|94/100|[from] Recoil
|
|upkeep
|turn|4
|
|t:|1779868017
|move|p1a: Parry|Spiky Shield|p1a: Parry
|-singleturn|p1a: Parry|move: Protect
|move|p2a: Pecharunt|Malignant Chain|p1a: Parry
|-activate|p1a: Parry|move: Protect
|
|upkeep
|turn|5
|
|t:|1779868028
|switch|p1a: Deftones|Toxtricity-Low-Key, F|100/100
|-damage|p1a: Deftones|84/100|[from] Spikes
|move|p2a: Pecharunt|Malignant Chain|p1a: Deftones
|-resisted|p1a: Deftones
|-damage|p1a: Deftones|63/100
|
|upkeep
|turn|6
|
|t:|1779868041
|move|p2a: Pecharunt|Malignant Chain|p1a: Deftones
|-resisted|p1a: Deftones
|-damage|p1a: Deftones|43/100
|move|p1a: Deftones|Discharge|p2a: Pecharunt
|-damage|p2a: Pecharunt|23/100
|
|upkeep
|turn|7
|
|t:|1779868045
|move|p2a: Pecharunt|Parting Shot|p1a: Deftones
|-unboost|p1a: Deftones|atk|1
|-unboost|p1a: Deftones|spa|1
|
|t:|1779868050
|switch|p2a: Gliscor|Gliscor, F|50/100 tox|[from] Parting Shot
|move|p1a: Deftones|Discharge|p2a: Gliscor
|-immune|p2a: Gliscor
|
|-heal|p2a: Gliscor|63/100 tox|[from] ability: Poison Heal
|upkeep
|turn|8
|
|t:|1779868070
|switch|p1a: Biology teachet|Slowking, M|100/100
|move|p2a: Gliscor|Earthquake|p1a: Biology teachet
|-damage|p1a: Biology teachet|77/100
|
|-heal|p2a: Gliscor|75/100 tox|[from] ability: Poison Heal
|upkeep
|turn|9
|inactive|Divorced pigeon has 120 seconds left.
|
|t:|1779868098
|move|p2a: Gliscor|Earthquake|p1a: Biology teachet
|-damage|p1a: Biology teachet|53/100
|move|p1a: Biology teachet|Scald|p2a: Gliscor
|-supereffective|p2a: Gliscor
|-damage|p2a: Gliscor|23/100 tox
|
|-heal|p2a: Gliscor|35/100 tox|[from] ability: Poison Heal
|upkeep
|turn|10
|
|t:|1779868109
|switch|p2a: Walking Wake|Walking Wake|100/100
|-prepare|p1a: Biology teachet|Chilly Reception|[premajor]
|move|p1a: Biology teachet|Chilly Reception|p1a: Biology teachet
|-weather|Snowscape
|
|t:|1779868116
|switch|p1a: Ball|Cetitan, F|100/100|[from] Chilly Reception
|-damage|p1a: Ball|84/100|[from] Spikes
|
|-weather|Snowscape|[upkeep]
|upkeep
|turn|11
|
|t:|1779868123
|move|p1a: Ball|Ice Spinner|p2a: Walking Wake
|-crit|p2a: Walking Wake
|-damage|p2a: Walking Wake|5/100
|move|p2a: Walking Wake|Surf|p1a: Ball
|-damage|p1a: Ball|36/100
|
|-weather|Snowscape|[upkeep]
|upkeep
|turn|12
|
|t:|1779868144
|move|p1a: Ball|Ice Spinner|p2a: Walking Wake
|-damage|p2a: Walking Wake|0 fnt
|faint|p2a: Walking Wake
|-end|p2a: Walking Wake|Protosynthesis|[silent]
|
|-weather|Snowscape|[upkeep]
|upkeep
|
|t:|1779868158
|switch|p2a: Pecharunt|Pecharunt|23/100
|turn|13
|
|t:|1779868172
|move|p1a: Ball|Ice Spinner|p2a: Pecharunt
|-damage|p2a: Pecharunt|0 fnt
|faint|p2a: Pecharunt
|
|-weather|Snowscape|[upkeep]
|upkeep
|
|t:|1779868179
|switch|p2a: Ogerpon|Ogerpon, F|100/100
|turn|14
|inactive|claudechamp has 120 seconds left.
|
|t:|1779868198
|move|p1a: Ball|Ice Spinner|p2a: Ogerpon
|-supereffective|p2a: Ogerpon
|-damage|p2a: Ogerpon|0 fnt
|faint|p2a: Ogerpon
|
|-weather|none
|upkeep
|inactive|claudechamp has 120 seconds left.
|c|☆Divorced pigeon|Soz I forgot to say hf
|
|t:|1779868212
|switch|p2a: Corviknight|Corviknight, F|100/100
|-ability|p2a: Corviknight|Pressure
|turn|15
|inactive|claudechamp has 120 seconds left.
|
|t:|1779868219
|switch|p1a: Fat ass frog|Bellibolt, F|100/100
|-damage|p1a: Fat ass frog|84/100|[from] Spikes
|move|p2a: Corviknight|U-turn|p1a: Fat ass frog
|-damage|p1a: Fat ass frog|74/100
|-start|p1a: Fat ass frog|Charge|U-turn|[from] ability: Electromorphosis
|inactive|claudechamp has 120 seconds left.
|
|t:|1779868231
|switch|p2a: Gliscor|Gliscor, F|35/100 tox|[from] U-turn
|
|-heal|p1a: Fat ass frog|81/100|[from] item: Leftovers
|-heal|p2a: Gliscor|47/100 tox|[from] ability: Poison Heal
|upkeep
|turn|16
|
|t:|1779868236
|switch|p1a: Biology teachet|Slowking, M|86/100
|move|p2a: Gliscor|Toxic|p1a: Biology teachet
|-status|p1a: Biology teachet|tox
|
|-heal|p2a: Gliscor|60/100 tox|[from] ability: Poison Heal
|-damage|p1a: Biology teachet|80/100 tox|[from] psn
|upkeep
|turn|17
|
|t:|1779868245
|move|p2a: Gliscor|Spikes|p1a: Biology teachet
|-sidestart|p1: Divorced pigeon|Spikes
|move|p1a: Biology teachet|Scald|p2a: Gliscor
|-supereffective|p2a: Gliscor
|-damage|p2a: Gliscor|11/100 tox
|
|-heal|p2a: Gliscor|23/100 tox|[from] ability: Poison Heal
|-damage|p1a: Biology teachet|68/100 tox|[from] psn
|upkeep
|turn|18
|
|t:|1779868248
|move|p2a: Gliscor|Earthquake|p1a: Biology teachet
|-damage|p1a: Biology teachet|46/100 tox
|-prepare|p1a: Biology teachet|Chilly Reception|[premajor]
|move|p1a: Biology teachet|Chilly Reception|p1a: Biology teachet
|-weather|Snowscape
|
|t:|1779868252
|switch|p1a: Ball|Cetitan, F|36/100|[from] Chilly Reception
|-damage|p1a: Ball|11/100|[from] Spikes
|
|-weather|Snowscape|[upkeep]
|-heal|p2a: Gliscor|36/100 tox|[from] ability: Poison Heal
|upkeep
|turn|19
|
|t:|1779868259
|move|p1a: Ball|Ice Spinner|p2a: Gliscor
|-supereffective|p2a: Gliscor
|-damage|p2a: Gliscor|0 fnt
|faint|p2a: Gliscor
|
|-weather|Snowscape|[upkeep]
|upkeep
|
|t:|1779868269
|switch|p2a: Corviknight|Corviknight, F|100/100
|-ability|p2a: Corviknight|Pressure
|turn|20
|
|t:|1779868273
|-terastallize|p1a: Ball|Ice
|move|p1a: Ball|Ice Spinner|p2a: Corviknight
|-damage|p2a: Corviknight|50/100
|move|p2a: Corviknight|Body Press|p1a: Ball
|-supereffective|p1a: Ball
|-damage|p1a: Ball|0 fnt
|faint|p1a: Ball
|
|-weather|Snowscape|[upkeep]
|upkeep
|
|t:|1779868287
|switch|p1a: Deftones|Toxtricity-Low-Key, F|43/100
|-damage|p1a: Deftones|18/100|[from] Spikes
|turn|21
|
|t:|1779868291
|move|p2a: Corviknight|U-turn|p1a: Deftones
|-resisted|p1a: Deftones
|-damage|p1a: Deftones|9/100
|
|t:|1779868296
|switch|p2a: Blissey|Blissey, F|100/100|[from] U-turn
|move|p1a: Deftones|Discharge|p2a: Blissey
|-damage|p2a: Blissey|81/100
|
|-weather|Snowscape|[upkeep]
|upkeep
|turn|22
|
|t:|1779868302
|move|p1a: Deftones|Discharge|p2a: Blissey
|-damage|p2a: Blissey|62/100
|-status|p2a: Blissey|par
|move|p2a: Blissey|Stealth Rock|p1a: Deftones
|-sidestart|p1: Divorced pigeon|move: Stealth Rock
|
|-weather|none
|upkeep
|turn|23
|
|t:|1779868310
|move|p1a: Deftones|Discharge|p2a: Blissey
|-damage|p2a: Blissey|41/100 par
|move|p2a: Blissey|Soft-Boiled|p2a: Blissey
|-heal|p2a: Blissey|91/100 par
|
|upkeep
|turn|24
|
|t:|1779868320
|switch|p1a: 2002 teen|Zangoose, F|100/100
|-damage|p1a: 2002 teen|76/100|[from] Spikes
|-damage|p1a: 2002 teen|64/100|[from] Stealth Rock
|move|p2a: Blissey|Calm Mind|p2a: Blissey
|-boost|p2a: Blissey|spa|1
|-boost|p2a: Blissey|spd|1
|
|-status|p1a: 2002 teen|tox|[from] item: Toxic Orb
|upkeep
|turn|25
|
|t:|1779868330
|-curestatus|p2a: Blissey|par|[from] ability: Natural Cure|[silent]
|switch|p2a: Corviknight|Corviknight, F|50/100
|-ability|p2a: Corviknight|Pressure
|move|p1a: 2002 teen|Knock Off|p2a: Corviknight
|-damage|p2a: Corviknight|19/100
|-enditem|p2a: Corviknight|Heavy-Duty Boots|[from] move: Knock Off|[of] p1a: 2002 teen
|
|-damage|p1a: 2002 teen|58/100 tox|[from] psn
|upkeep
|turn|26
|
|t:|1779868336
|move|p1a: 2002 teen|Facade|p2a: Corviknight
|-resisted|p2a: Corviknight
|-damage|p2a: Corviknight|0 fnt
|faint|p2a: Corviknight
|
|-damage|p1a: 2002 teen|46/100 tox|[from] psn
|upkeep
|
|t:|1779868345
|switch|p2a: Blissey|Blissey, F|91/100
|turn|27
|
|t:|1779868353
|move|p1a: 2002 teen|Facade|p2a: Blissey
|-damage|p2a: Blissey|0 fnt
|faint|p2a: Blissey
|
|win|Divorced pigeon
|raw|Divorced pigeon's rating: 1194 &rarr; <strong>1218</strong><br />(+24 for winning)
|raw|claudechamp's rating: 1186 &rarr; <strong>1162</strong><br />(-24 for losing)
|c|☆claudechamp|gg
|c|☆Divorced pigeon|Gg
