|j|☆Oooppplllop
|j|☆ligadeportoviejo
|t:|1779972020
|gametype|singles
|player|p1|Oooppplllop|misty|1510
|player|p2|ligadeportoviejo|170|1594
|gen|9
|tier|[Gen 9] OU
|rated|
|rule|HP Percentage Mod: HP is shown in percentages
|rule|Endless Battle Clause: Forcing endless battles is banned
|rule|Species Clause: Limit one of each Pokémon
|rule|OHKO Clause: OHKO moves are banned
|rule|Evasion Items Clause: Evasion items are banned
|rule|Evasion Moves Clause: Evasion moves are banned
|rule|Evasion Abilities Clause: Evasion abilities are banned
|rule|Sleep Moves Clause: Sleep-inducing moves are banned
|clearpoke
|poke|p1|Regieleki|
|poke|p1|Kyurem|
|poke|p1|Kingambit, M|
|poke|p1|Iron Valiant|
|poke|p1|Moltres-Galar|
|poke|p1|Slowking-Galar, M|
|poke|p2|Indeedee-F, F|
|poke|p2|Hoopa-Unbound|
|poke|p2|Hawlucha, M|
|poke|p2|Iron Crown|
|poke|p2|Hatterene, F|
|poke|p2|Cloyster, F|
|teampreview
|inactive|Battle timer is ON: inactive players will automatically lose when time's up. (requested by Oooppplllop)
|
|t:|1779972033
|teamsize|p1|6
|teamsize|p2|6
|start
|switch|p1a: Kyurem|Kyurem|100/100
|switch|p2a: Indeedee|Indeedee-F, F|100/100
|-ability|p1a: Kyurem|Pressure
|-fieldstart|move: Psychic Terrain|[from] ability: Psychic Surge|[of] p2a: Indeedee
|turn|1
|
|t:|1779972046
|switch|p2a: Hatterene|Hatterene, F|100/100
|move|p1a: Kyurem|Substitute|p1a: Kyurem
|-start|p1a: Kyurem|Substitute
|-damage|p1a: Kyurem|76/100
|
|upkeep
|turn|2
|
|t:|1779972059
|move|p1a: Kyurem|Dragon Dance|p1a: Kyurem
|-boost|p1a: Kyurem|atk|1
|-boost|p1a: Kyurem|spe|1
|move|p2a: Hatterene|Expanding Force|p1a: Kyurem
|-end|p1a: Kyurem|Substitute
|
|upkeep
|turn|3
|
|t:|1779972071
|move|p1a: Kyurem|Icicle Spear|p2a: Hatterene
|-damage|p2a: Hatterene|84/100
|-damage|p2a: Hatterene|66/100
|-damage|p2a: Hatterene|46/100
|-damage|p2a: Hatterene|30/100
|-hitcount|p2a: Hatterene|4
|-enditem|p2a: Hatterene|Eject Button
|
|t:|1779972080
|switch|p2a: Cloyster|Cloyster, F|100/100
|
|upkeep
|turn|4
|
|t:|1779972082
|move|p1a: Kyurem|Scale Shot|p2a: Cloyster
|-damage|p2a: Cloyster|82/100
|-damage|p2a: Cloyster|62/100
|-crit|p2a: Cloyster
|-damage|p2a: Cloyster|33/100
|-damage|p2a: Cloyster|15/100
|-hitcount|p2a: Cloyster|4
|-unboost|p1a: Kyurem|def|1
|-boost|p1a: Kyurem|spe|1
|move|p2a: Cloyster|Rock Blast|p1a: Kyurem
|-supereffective|p1a: Kyurem
|-damage|p1a: Kyurem|54/100
|-supereffective|p1a: Kyurem
|-damage|p1a: Kyurem|31/100
|-supereffective|p1a: Kyurem
|-damage|p1a: Kyurem|9/100
|-supereffective|p1a: Kyurem
|-damage|p1a: Kyurem|0 fnt
|faint|p1a: Kyurem
|-hitcount|p1: Kyurem|4
|
|upkeep
|
|t:|1779972091
|switch|p1a: Slowking|Slowking-Galar, M|100/100
|turn|5
|
|t:|1779972117
|switch|p2a: Hatterene|Hatterene, F|30/100
|move|p1a: Slowking|Psychic Noise|p2a: Hatterene
|-resisted|p2a: Hatterene
|-damage|p2a: Hatterene|7/100
|-start|p2a: Hatterene|move: Heal Block
|
|upkeep
|turn|6
|
|t:|1779972124
|move|p1a: Slowking|Sludge Bomb|p2a: Hatterene
|-supereffective|p2a: Hatterene
|-crit|p2a: Hatterene
|-damage|p2a: Hatterene|0 fnt
|faint|p2a: Hatterene
|
|upkeep
|
|t:|1779972131
|switch|p2a: Iron Crown|Iron Crown|100/100
|-enditem|p2a: Iron Crown|Booster Energy
|-activate|p2a: Iron Crown|ability: Quark Drive|[fromitem]
|-start|p2a: Iron Crown|quarkdrivespa
|turn|7
|
|t:|1779972134
|move|p2a: Iron Crown|Agility|p2a: Iron Crown
|-boost|p2a: Iron Crown|spe|2
|move|p1a: Slowking|Flamethrower|p2a: Iron Crown
|-supereffective|p2a: Iron Crown
|-damage|p2a: Iron Crown|56/100
|
|upkeep
|turn|8
|
|t:|1779972141
|move|p2a: Iron Crown|Expanding Force|p1a: Slowking
|-damage|p1a: Slowking|45/100
|move|p1a: Slowking|Flamethrower|p2a: Iron Crown
|-supereffective|p2a: Iron Crown
|-damage|p2a: Iron Crown|11/100
|
|-fieldend|move: Psychic Terrain
|upkeep
|turn|9
|
|t:|1779972148
|move|p2a: Iron Crown|Focus Blast|p1a: Slowking
|-resisted|p1a: Slowking
|-damage|p1a: Slowking|37/100
|move|p1a: Slowking|Flamethrower|p2a: Iron Crown
|-supereffective|p2a: Iron Crown
|-damage|p2a: Iron Crown|0 fnt
|faint|p2a: Iron Crown
|-end|p2a: Iron Crown|Quark Drive|[silent]
|
|upkeep
|
|t:|1779972152
|switch|p2a: Indeedee|Indeedee-F, F|100/100
|-fieldstart|move: Psychic Terrain|[from] ability: Psychic Surge|[of] p2a: Indeedee
|turn|10
|
|t:|1779972159
|move|p1a: Slowking|Sludge Bomb|p2a: Indeedee
|-damage|p2a: Indeedee|70/100
|-status|p2a: Indeedee|psn
|move|p2a: Indeedee|Trick Room|p2a: Indeedee
|-fieldstart|move: Trick Room|[of] p2a: Indeedee
|
|-damage|p2a: Indeedee|58/100 psn|[from] psn
|upkeep
|turn|11
|
|t:|1779972163
|move|p1a: Slowking|Sludge Bomb|p2a: Indeedee
|-damage|p2a: Indeedee|29/100 psn
|move|p2a: Indeedee|Healing Wish|p2a: Indeedee
|faint|p2a: Indeedee
|
|upkeep
|
|t:|1779972166
|switch|p2a: Hoopa|Hoopa-Unbound|100/100
|turn|12
|
|t:|1779972170
|move|p1a: Slowking|Sludge Bomb|p2a: Hoopa
|-damage|p2a: Hoopa|72/100
|move|p2a: Hoopa|Knock Off|p1a: Slowking
|-supereffective|p1a: Slowking
|-crit|p1a: Slowking
|-damage|p1a: Slowking|0 fnt
|-enditem|p1a: Slowking|Assault Vest|[from] move: Knock Off|[of] p2a: Hoopa
|faint|p1a: Slowking
|
|upkeep
|
|t:|1779972174
|switch|p1a: Regieleki|Regieleki|100/100
|turn|13
|
|t:|1779972180
|move|p2a: Hoopa|Knock Off|p1a: Regieleki
|-damage|p1a: Regieleki|0 fnt
|-enditem|p1a: Regieleki|Light Clay|[from] move: Knock Off|[of] p2a: Hoopa
|faint|p1a: Regieleki
|
|upkeep
|
|t:|1779972182
|switch|p1a: Iron Valiant|Iron Valiant|100/100
|-enditem|p1a: Iron Valiant|Booster Energy
|-activate|p1a: Iron Valiant|ability: Quark Drive|[fromitem]
|-start|p1a: Iron Valiant|quarkdrivespe
|turn|14
|
|t:|1779972185
|move|p2a: Hoopa|Expanding Force|p1a: Iron Valiant
|-supereffective|p1a: Iron Valiant
|-damage|p1a: Iron Valiant|0 fnt
|faint|p1a: Iron Valiant
|-end|p1a: Iron Valiant|Quark Drive|[silent]
|
|-fieldend|move: Trick Room
|upkeep
|
|t:|1779972187
|switch|p1a: Moltres|Moltres-Galar|100/100
|turn|15
|
|t:|1779972211
|switch|p2a: Hawlucha|Hawlucha, M|100/100
|-enditem|p2a: Hawlucha|Psychic Seed
|-boost|p2a: Hawlucha|spd|1|[from] item: Psychic Seed
|move|p1a: Moltres|Agility|p1a: Moltres
|-boost|p1a: Moltres|spe|2
|
|upkeep
|turn|16
|
|t:|1779972219
|-terastallize|p1a: Moltres|Fairy
|move|p1a: Moltres|Agility|p1a: Moltres
|-boost|p1a: Moltres|spe|2
|move|p2a: Hawlucha|Swords Dance|p2a: Hawlucha
|-boost|p2a: Hawlucha|atk|2
|
|upkeep
|turn|17
|inactive|ligadeportoviejo has 120 seconds left.
|
|t:|1779972246
|-terastallize|p2a: Hawlucha|Electric
|move|p1a: Moltres|Nasty Plot|p1a: Moltres
|-boost|p1a: Moltres|spa|2
|move|p2a: Hawlucha|Acrobatics|p1a: Moltres
|-damage|p1a: Moltres|0 fnt
|faint|p1a: Moltres
|
|-fieldend|move: Psychic Terrain
|upkeep
|
|t:|1779972249
|switch|p1a: Kingambit|Kingambit, M|100/100
|-activate|p1a: Kingambit|ability: Supreme Overlord
|-start|p1a: Kingambit|fallen5|[silent]
|-item|p1a: Kingambit|Air Balloon
|turn|18
|
|t:|1779972253
|move|p1a: Kingambit|Sucker Punch|p2a: Hawlucha
|-damage|p2a: Hawlucha|23/100
|move|p2a: Hawlucha|Drain Punch|p1a: Kingambit
|-supereffective|p1a: Kingambit
|-damage|p1a: Kingambit|0 fnt
|-heal|p2a: Hawlucha|70/100|[from] drain|[of] p1a: Kingambit
|-enditem|p1a: Kingambit|Air Balloon
|faint|p1a: Kingambit
|-end|p1a: Kingambit|fallen5|[silent]
|
|win|ligadeportoviejo
|raw|Oooppplllop's rating: 1510 &rarr; <strong>1495</strong><br />(-15 for losing)
|raw|ligadeportoviejo's rating: 1594 &rarr; <strong>1609</strong><br />(+15 for winning)
|l|☆Oooppplllop
|player|p1|
