|j|☆Trail one
|j|☆jkrider
|t:|1779916612
|gametype|singles
|player|p1|Trail one|2|1705
|player|p2|jkrider|265|1672
|gen|9
|tier|[Gen 9] OU
|rated|
|rule|HP Percentage Mod: HP is shown in percentages
|rule|Endless Battle Clause: Forcing endless battles is banned
|rule|Species Clause: Limit one of each Pokémon
|rule|OHKO Clause: OHKO moves are banned
|rule|Evasion Items Clause: Evasion items are banned
|rule|Evasion Moves Clause: Evasion moves are banned
|rule|Evasion Abilities Clause: Evasion abilities are banned
|rule|Sleep Moves Clause: Sleep-inducing moves are banned
|clearpoke
|poke|p1|Cinderace, M|
|poke|p1|Raging Bolt|
|poke|p1|Scizor, M|
|poke|p1|Clefable, F|
|poke|p1|Great Tusk|
|poke|p1|Latios, M|
|poke|p2|Great Tusk|
|poke|p2|Samurott-Hisui, F|
|poke|p2|Dragonite, F|
|poke|p2|Slowking-Galar, F|
|poke|p2|Iron Valiant|
|poke|p2|Gholdengo|
|teampreview
|inactive|Battle timer is ON: inactive players will automatically lose when time's up. (requested by jkrider)
|
|t:|1779916644
|teamsize|p1|6
|teamsize|p2|6
|start
|switch|p1a: Cinderace|Cinderace, M|100/100
|switch|p2a: Dragonite|Dragonite, F|100/100
|turn|1
|
|t:|1779916652
|switch|p2a: Slowking|Slowking-Galar, F|100/100
|move|p1a: Cinderace|U-turn|p2a: Slowking
|-start|p1a: Cinderace|typechange|Bug|[from] ability: Libero
|-damage|p2a: Slowking|52/100
|
|t:|1779916658
|switch|p1a: Scizor|Scizor, M|100/100|[from] U-turn
|
|upkeep
|turn|2
|
|t:|1779916665
|switch|p2a: Great Tusk|Great Tusk|100/100
|move|p1a: Scizor|U-turn|p2a: Great Tusk
|-resisted|p2a: Great Tusk
|-damage|p2a: Great Tusk|93/100
|
|t:|1779916670
|switch|p1a: Clefable|Clefable, F|100/100|[from] U-turn
|
|-heal|p2a: Great Tusk|99/100|[from] item: Leftovers
|upkeep
|turn|3
|
|t:|1779916678
|-end|p2a: Great Tusk|Protosynthesis|[silent]
|switch|p2a: Gholdengo|Gholdengo|100/100
|move|p1a: Clefable|Stealth Rock|p2a: Gholdengo
|-sidestart|p2: jkrider|move: Stealth Rock
|
|upkeep
|turn|4
|
|t:|1779916688
|switch|p1a: Scizor|Scizor, M|100/100
|move|p2a: Gholdengo|Nasty Plot|p2a: Gholdengo
|-boost|p2a: Gholdengo|spa|2
|
|upkeep
|turn|5
|
|t:|1779916696
|move|p2a: Gholdengo|Shadow Ball|p1a: Scizor
|-damage|p1a: Scizor|16/100
|-enditem|p1a: Scizor|Sitrus Berry|[eat]
|-heal|p1a: Scizor|40/100|[from] item: Sitrus Berry
|move|p1a: Scizor|U-turn|p2a: Gholdengo
|-resisted|p2a: Gholdengo
|-damage|p2a: Gholdengo|95/100
|
|t:|1779916699
|switch|p1a: Cinderace|Cinderace, M|100/100|[from] U-turn
|
|upkeep
|turn|6
|
|t:|1779916709
|-terastallize|p2a: Gholdengo|Fairy
|move|p1a: Cinderace|Pyro Ball|p2a: Gholdengo|[miss]
|-miss|p1a: Cinderace|p2a: Gholdengo
|move|p2a: Gholdengo|Shadow Ball|p1a: Cinderace
|-damage|p1a: Cinderace|6/100
|
|upkeep
|turn|7
|
|t:|1779916723
|move|p1a: Cinderace|Pyro Ball|p2a: Gholdengo
|-damage|p2a: Gholdengo|33/100
|move|p2a: Gholdengo|Shadow Ball|p1a: Cinderace
|-damage|p1a: Cinderace|0 fnt
|faint|p1a: Cinderace
|
|upkeep
|
|t:|1779916729
|switch|p1a: Scizor|Scizor, M|40/100
|turn|8
|
|t:|1779916733
|switch|p2a: Great Tusk|Great Tusk|99/100
|-damage|p2a: Great Tusk|96/100|[from] Stealth Rock
|move|p1a: Scizor|U-turn|p2a: Great Tusk
|-resisted|p2a: Great Tusk
|-damage|p2a: Great Tusk|88/100
|
|t:|1779916740
|switch|p1a: Latios|Latios, M|100/100|[from] U-turn
|
|-heal|p2a: Great Tusk|94/100|[from] item: Leftovers
|upkeep
|turn|9
|
|t:|1779916756
|-end|p2a: Great Tusk|Protosynthesis|[silent]
|switch|p2a: Slowking|Slowking-Galar, F|86/100
|-damage|p2a: Slowking|73/100|[from] Stealth Rock
|move|p1a: Latios|Flip Turn|p2a: Slowking
|-damage|p2a: Slowking|62/100
|
|t:|1779916764
|switch|p1a: Great Tusk|Great Tusk|100/100|[from] Flip Turn
|
|upkeep
|turn|10
|
|t:|1779916769
|move|p1a: Great Tusk|Rapid Spin|p2a: Slowking
|-damage|p2a: Slowking|45/100
|-boost|p1a: Great Tusk|spe|1
|move|p2a: Slowking|Ice Beam|p1a: Great Tusk
|-supereffective|p1a: Great Tusk
|-damage|p1a: Great Tusk|26/100
|
|upkeep
|turn|11
|
|t:|1779916777
|switch|p2a: Great Tusk|Great Tusk|94/100
|-damage|p2a: Great Tusk|91/100|[from] Stealth Rock
|move|p1a: Great Tusk|Headlong Rush|p2a: Great Tusk
|-damage|p2a: Great Tusk|59/100
|-unboost|p1a: Great Tusk|def|1
|-unboost|p1a: Great Tusk|spd|1
|
|-heal|p2a: Great Tusk|65/100|[from] item: Leftovers
|upkeep
|turn|12
|
|t:|1779916788
|-terastallize|p1a: Great Tusk|Ghost
|move|p1a: Great Tusk|Headlong Rush|p2a: Great Tusk
|-damage|p2a: Great Tusk|29/100
|-unboost|p1a: Great Tusk|def|1
|-unboost|p1a: Great Tusk|spd|1
|move|p2a: Great Tusk|Rapid Spin|p1a: Great Tusk
|-immune|p1a: Great Tusk
|
|-heal|p2a: Great Tusk|36/100|[from] item: Leftovers
|upkeep
|turn|13
|inactive|jkrider has 120 seconds left.
|inactive|Trail one has 120 seconds left.
|
|t:|1779916858
|move|p1a: Great Tusk|Headlong Rush|p2a: Great Tusk
|-damage|p2a: Great Tusk|3/100
|-unboost|p1a: Great Tusk|def|1
|-unboost|p1a: Great Tusk|spd|1
|move|p2a: Great Tusk|Rapid Spin|p1a: Great Tusk
|-immune|p1a: Great Tusk
|
|-heal|p2a: Great Tusk|10/100|[from] item: Leftovers
|upkeep
|turn|14
|inactive|jkrider has 120 seconds left.
|
|t:|1779916869
|move|p1a: Great Tusk|Ice Spinner|p2a: Great Tusk
|-supereffective|p2a: Great Tusk
|-damage|p2a: Great Tusk|0 fnt
|faint|p2a: Great Tusk
|-end|p2a: Great Tusk|Protosynthesis|[silent]
|
|upkeep
|
|t:|1779916880
|switch|p2a: Samurott|Samurott-Hisui, F|100/100
|-damage|p2a: Samurott|88/100|[from] Stealth Rock
|turn|15
|inactive|Trail one has 90 seconds left.
|inactive|Trail one has 60 seconds left.
|
|t:|1779916955
|move|p1a: Great Tusk|Headlong Rush|p2a: Samurott
|-damage|p2a: Samurott|2/100
|-unboost|p1a: Great Tusk|def|1
|-unboost|p1a: Great Tusk|spd|1
|move|p2a: Samurott|Ceaseless Edge|p1a: Great Tusk
|-supereffective|p1a: Great Tusk
|-damage|p1a: Great Tusk|0 fnt
|-sidestart|p1: Trail one|Spikes
|faint|p1a: Great Tusk
|-end|p1a: Great Tusk|Protosynthesis|[silent]
|
|upkeep
|
|t:|1779916968
|switch|p1a: Scizor|Scizor, M|40/100
|-damage|p1a: Scizor|28/100|[from] Spikes
|turn|16
|
|t:|1779916972
|move|p2a: Samurott|Aqua Jet|p1a: Scizor
|-damage|p1a: Scizor|16/100
|move|p1a: Scizor|Bullet Punch|p2a: Samurott
|-resisted|p2a: Samurott
|-crit|p2a: Samurott
|-damage|p2a: Samurott|0 fnt
|faint|p2a: Samurott
|
|upkeep
|inactive|jkrider has 120 seconds left.
|
|t:|1779916988
|switch|p2a: Slowking|Slowking-Galar, F|79/100
|-damage|p2a: Slowking|66/100|[from] Stealth Rock
|turn|17
|
|t:|1779916992
|move|p1a: Scizor|Knock Off|p2a: Slowking
|-supereffective|p2a: Slowking
|-enditem|p2a: Slowking|Colbur Berry|[eat]
|-enditem|p2a: Slowking|Colbur Berry|[weaken]
|-damage|p2a: Slowking|38/100
|move|p2a: Slowking|Ice Beam|p1a: Scizor
|-resisted|p1a: Scizor
|-damage|p1a: Scizor|0 fnt
|faint|p1a: Scizor
|
|upkeep
|inactive|Trail one has 60 seconds left.
|
|t:|1779917011
|switch|p1a: Raging Bolt|Raging Bolt|100/100
|-damage|p1a: Raging Bolt|88/100|[from] Spikes
|turn|18
|
|t:|1779917017
|move|p1a: Raging Bolt|Calm Mind|p1a: Raging Bolt
|-boost|p1a: Raging Bolt|spa|1
|-boost|p1a: Raging Bolt|spd|1
|move|p2a: Slowking|Ice Beam|p1a: Raging Bolt
|-supereffective|p1a: Raging Bolt
|-damage|p1a: Raging Bolt|62/100
|
|-heal|p1a: Raging Bolt|68/100|[from] item: Leftovers
|upkeep
|turn|19
|
|t:|1779917028
|move|p1a: Raging Bolt|Dragon Pulse|p2a: Slowking
|-damage|p2a: Slowking|0 fnt
|faint|p2a: Slowking
|
|-heal|p1a: Raging Bolt|75/100|[from] item: Leftovers
|upkeep
|
|t:|1779917047
|switch|p2a: Dragonite|Dragonite, F|100/100
|-damage|p2a: Dragonite|76/100|[from] Stealth Rock
|turn|20
|
|t:|1779917062
|move|p2a: Dragonite|Earthquake|p1a: Raging Bolt
|-supereffective|p1a: Raging Bolt
|-crit|p1a: Raging Bolt
|-damage|p1a: Raging Bolt|0 fnt
|faint|p1a: Raging Bolt
|-end|p1a: Raging Bolt|Protosynthesis|[silent]
|
|upkeep
|
|t:|1779917068
|switch|p1a: Clefable|Clefable, F|100/100
|turn|21
|
|t:|1779917072
|move|p2a: Dragonite|Earthquake|p1a: Clefable
|-damage|p1a: Clefable|38/100
|move|p1a: Clefable|Moonblast|p2a: Dragonite
|-supereffective|p2a: Dragonite
|-damage|p2a: Dragonite|20/100
|
|-heal|p1a: Clefable|44/100|[from] item: Leftovers
|upkeep
|turn|22
|
|t:|1779917081
|switch|p1a: Latios|Latios, M|100/100
|move|p2a: Dragonite|Earthquake|p1a: Latios
|-immune|p1a: Latios|[from] ability: Levitate
|
|upkeep
|turn|23
|inactive|Trail one has 90 seconds left.
|
|t:|1779917088
|switch|p2a: Gholdengo|Gholdengo, tera:Fairy|33/100
|-damage|p2a: Gholdengo|21/100|[from] Stealth Rock
|move|p1a: Latios|Luster Purge|p2a: Gholdengo
|-damage|p2a: Gholdengo|0 fnt
|faint|p2a: Gholdengo
|
|upkeep
|
|t:|1779917097
|switch|p2a: Iron Valiant|Iron Valiant|100/100
|-damage|p2a: Iron Valiant|94/100|[from] Stealth Rock
|-enditem|p2a: Iron Valiant|Booster Energy
|-activate|p2a: Iron Valiant|ability: Quark Drive|[fromitem]
|-start|p2a: Iron Valiant|quarkdrivespe
|turn|24
|
|t:|1779917107
|move|p2a: Iron Valiant|Moonblast|p1a: Latios
|-supereffective|p1a: Latios
|-crit|p1a: Latios
|-damage|p1a: Latios|0 fnt
|faint|p1a: Latios
|
|upkeep
|
|t:|1779917112
|switch|p1a: Clefable|Clefable, F|44/100
|turn|25
|
|t:|1779917121
|move|p2a: Iron Valiant|Moonblast|p1a: Clefable
|-damage|p1a: Clefable|11/100
|move|p1a: Clefable|Moonlight|p1a: Clefable
|-heal|p1a: Clefable|61/100
|
|-heal|p1a: Clefable|67/100|[from] item: Leftovers
|upkeep
|turn|26
|
|t:|1779917129
|move|p2a: Iron Valiant|Encore|p1a: Clefable
|-start|p1a: Clefable|Encore
|move|p1a: Clefable|Moonlight|p1a: Clefable
|-heal|p1a: Clefable|100/100
|
|upkeep
|turn|27
|inactive|Trail one has 120 seconds left.
|
|t:|1779917143
|move|p2a: Iron Valiant|Moonblast|p1a: Clefable
|-damage|p1a: Clefable|69/100
|move|p1a: Clefable|Moonlight|p1a: Clefable
|-heal|p1a: Clefable|100/100
|
|upkeep
|turn|28
|
|t:|1779917150
|move|p2a: Iron Valiant|Moonblast|p1a: Clefable
|-damage|p1a: Clefable|68/100
|-unboost|p1a: Clefable|spa|1
|move|p1a: Clefable|Moonlight|p1a: Clefable
|-heal|p1a: Clefable|100/100
|
|-end|p1a: Clefable|Encore
|upkeep
|turn|29
|
|t:|1779917160
|move|p2a: Iron Valiant|Encore|p1a: Clefable
|-start|p1a: Clefable|Encore
|move|p1a: Clefable|Moonlight|p1a: Clefable
|-fail|p1a: Clefable|heal
|
|upkeep
|turn|30
|
|t:|1779917167
|move|p2a: Iron Valiant|Moonblast|p1a: Clefable
|-damage|p1a: Clefable|66/100
|move|p1a: Clefable|Moonlight|p1a: Clefable
|-heal|p1a: Clefable|100/100
|
|upkeep
|turn|31
|
|t:|1779917179
|move|p2a: Iron Valiant|Moonblast|p1a: Clefable
|-damage|p1a: Clefable|66/100
|-unboost|p1a: Clefable|spa|1
|move|p1a: Clefable|Moonlight|p1a: Clefable
|-heal|p1a: Clefable|100/100
|
|-end|p1a: Clefable|Encore
|upkeep
|turn|32
|
|t:|1779917189
|move|p2a: Iron Valiant|Encore|p1a: Clefable
|-start|p1a: Clefable|Encore
|move|p1a: Clefable|Moonlight|p1a: Clefable
|-fail|p1a: Clefable|heal
|
|-end|p1a: Clefable|Encore
|upkeep
|turn|33
|
|t:|1779917203
|move|p2a: Iron Valiant|Moonblast|p1a: Clefable
|-damage|p1a: Clefable|68/100
|move|p1a: Clefable|Moonblast|p2a: Iron Valiant
|-supereffective|p2a: Iron Valiant
|-damage|p2a: Iron Valiant|35/100
|
|-heal|p1a: Clefable|74/100|[from] item: Leftovers
|upkeep
|turn|34
|
|t:|1779917212
|move|p2a: Iron Valiant|Moonblast|p1a: Clefable
|-damage|p1a: Clefable|42/100
|-unboost|p1a: Clefable|spa|1
|move|p1a: Clefable|Moonblast|p2a: Iron Valiant
|-supereffective|p2a: Iron Valiant
|-damage|p2a: Iron Valiant|0 fnt
|faint|p2a: Iron Valiant
|-end|p2a: Iron Valiant|Quark Drive|[silent]
|
|-heal|p1a: Clefable|48/100|[from] item: Leftovers
|upkeep
|
|t:|1779917223
|switch|p2a: Dragonite|Dragonite, F|20/100
|-damage|p2a: Dragonite|0 fnt|[from] Stealth Rock
|faint|p2a: Dragonite
|
|win|Trail one
|raw|Trail one's rating: 1705 &rarr; <strong>1723</strong><br />(+18 for winning)
|raw|jkrider's rating: 1672 &rarr; <strong>1654</strong><br />(-18 for losing)
|l|☆jkrider
|player|p2|
|c|☆Trail one|ezz
