|j|☆Gary88
|j|☆AKGD
|t:|1779833029
|gametype|singles
|player|p1|Gary88|1|1457
|player|p2|AKGD|swimmerf|1496
|gen|9
|tier|[Gen 9] OU
|rated|
|rule|HP Percentage Mod: HP is shown in percentages
|rule|Endless Battle Clause: Forcing endless battles is banned
|rule|Species Clause: Limit one of each Pokémon
|rule|OHKO Clause: OHKO moves are banned
|rule|Evasion Items Clause: Evasion items are banned
|rule|Evasion Moves Clause: Evasion moves are banned
|rule|Evasion Abilities Clause: Evasion abilities are banned
|rule|Sleep Moves Clause: Sleep-inducing moves are banned
|clearpoke
|poke|p1|Hatterene, F|
|poke|p1|Ogerpon-Cornerstone, F|
|poke|p1|Zamazenta-*|
|poke|p1|Raging Bolt|
|poke|p1|Pecharunt|
|poke|p1|Landorus-Therian, M|
|poke|p2|Iron Moth|
|poke|p2|Ogerpon-Wellspring, F|
|poke|p2|Raging Bolt|
|poke|p2|Great Tusk|
|poke|p2|Darkrai|
|poke|p2|Deoxys-Speed|
|teampreview
|inactive|Battle timer is ON: inactive players will automatically lose when time's up. (requested by AKGD)
|
|t:|1779833034
|teamsize|p1|6
|teamsize|p2|6
|start
|switch|p1a: Hatterene|Hatterene, F|100/100
|switch|p2a: Deoxys|Deoxys-Speed|100/100
|-ability|p2a: Deoxys|Pressure
|turn|1
|
|t:|1779833047
|move|p2a: Deoxys|Light Screen|p2a: Deoxys
|-sidestart|p2: AKGD|move: Light Screen
|move|p1a: Hatterene|Nuzzle|p2a: Deoxys
|-damage|p2a: Deoxys|96/100
|-status|p2a: Deoxys|par
|
|upkeep
|turn|2
|
|t:|1779833054
|move|p2a: Deoxys|Reflect|p2a: Deoxys
|-sidestart|p2: AKGD|Reflect
|move|p1a: Hatterene|Calm Mind|p1a: Hatterene
|-boost|p1a: Hatterene|spa|1
|-boost|p1a: Hatterene|spd|1
|
|upkeep
|turn|3
|
|t:|1779833064
|switch|p2a: Darkrai|Darkrai|100/100
|move|p1a: Hatterene|Nuzzle|p2a: Darkrai
|-damage|p2a: Darkrai|98/100
|-status|p2a: Darkrai|par
|
|upkeep
|turn|4
|
|t:|1779833080
|switch|p1a: Zamazenta|Zamazenta|100/100
|-ability|p1a: Zamazenta|Dauntless Shield|boost
|-boost|p1a: Zamazenta|def|1
|move|p2a: Darkrai|Nasty Plot|p2a: Darkrai
|-boost|p2a: Darkrai|spa|2
|
|upkeep
|turn|5
|
|t:|1779833094
|move|p1a: Zamazenta|Body Press|p2a: Darkrai
|-supereffective|p2a: Darkrai
|-damage|p2a: Darkrai|30/100 par
|move|p2a: Darkrai|Ice Beam|p1a: Zamazenta
|-damage|p1a: Zamazenta|51/100
|
|-heal|p1a: Zamazenta|57/100|[from] item: Leftovers
|upkeep
|turn|6
|
|t:|1779833102
|move|p1a: Zamazenta|Body Press|p2a: Darkrai
|-supereffective|p2a: Darkrai
|-damage|p2a: Darkrai|0 fnt
|faint|p2a: Darkrai
|
|-heal|p1a: Zamazenta|63/100|[from] item: Leftovers
|upkeep
|
|t:|1779833109
|switch|p2a: Deoxys|Deoxys-Speed|96/100 par
|-ability|p2a: Deoxys|Pressure
|turn|7
|
|t:|1779833131
|switch|p1a: Hatterene|Hatterene, F|100/100
|move|p2a: Deoxys|Psycho Boost|p1a: Hatterene|[miss]
|-miss|p2a: Deoxys|p1a: Hatterene
|
|upkeep
|turn|8
|
|t:|1779833151
|cant|p2a: Deoxys|par
|move|p1a: Hatterene|Calm Mind|p1a: Hatterene
|-boost|p1a: Hatterene|spa|1
|-boost|p1a: Hatterene|spd|1
|
|-sideend|p2: AKGD|move: Light Screen
|upkeep
|turn|9
|
|t:|1779833158
|move|p2a: Deoxys|Light Screen|p2a: Deoxys
|-sidestart|p2: AKGD|move: Light Screen
|move|p1a: Hatterene|Psychic|p2a: Deoxys
|-resisted|p2a: Deoxys
|-damage|p2a: Deoxys|76/100 par
|
|-sideend|p2: AKGD|Reflect
|upkeep
|turn|10
|
|t:|1779833165
|move|p2a: Deoxys|Reflect|p2a: Deoxys
|-sidestart|p2: AKGD|Reflect
|move|p1a: Hatterene|Calm Mind|p1a: Hatterene
|-boost|p1a: Hatterene|spa|1
|-boost|p1a: Hatterene|spd|1
|
|upkeep
|turn|11
|
|t:|1779833170
|cant|p2a: Deoxys|par
|move|p1a: Hatterene|Psychic|p2a: Deoxys
|-resisted|p2a: Deoxys
|-damage|p2a: Deoxys|50/100 par
|
|upkeep
|turn|12
|
|t:|1779833177
|cant|p2a: Deoxys|par
|move|p1a: Hatterene|Psychic|p2a: Deoxys
|-resisted|p2a: Deoxys
|-damage|p2a: Deoxys|24/100 par
|
|upkeep
|turn|13
|
|t:|1779833183
|move|p2a: Deoxys|Psycho Boost|p1a: Hatterene
|-resisted|p1a: Hatterene
|-damage|p1a: Hatterene|89/100
|-unboost|p2a: Deoxys|spa|2
|move|p1a: Hatterene|Psychic|p2a: Deoxys
|-resisted|p2a: Deoxys
|-damage|p2a: Deoxys|0 fnt
|faint|p2a: Deoxys
|
|-heal|p1a: Hatterene|95/100|[from] item: Leftovers
|upkeep
|
|t:|1779833193
|switch|p2a: Iron Moth|Iron Moth|100/100
|-enditem|p2a: Iron Moth|Booster Energy
|-activate|p2a: Iron Moth|ability: Quark Drive|[fromitem]
|-start|p2a: Iron Moth|quarkdrivespe
|turn|14
|
|t:|1779833219
|-terastallize|p2a: Iron Moth|Grass
|-terastallize|p1a: Hatterene|Psychic
|move|p2a: Iron Moth|Fiery Dance|p1a: Hatterene
|-damage|p1a: Hatterene|72/100
|-boost|p2a: Iron Moth|spa|1
|move|p1a: Hatterene|Nuzzle|p2a: Iron Moth
|-resisted|p2a: Iron Moth
|-damage|p2a: Iron Moth|99/100
|-status|p2a: Iron Moth|par
|
|-heal|p1a: Hatterene|78/100|[from] item: Leftovers
|upkeep
|turn|15
|inactive|AKGD has 120 seconds left.
|
|t:|1779833238
|move|p2a: Iron Moth|Energy Ball|p1a: Hatterene
|-damage|p1a: Hatterene|40/100
|move|p1a: Hatterene|Psychic|p2a: Iron Moth
|-crit|p2a: Iron Moth
|-damage|p2a: Iron Moth|0 fnt
|faint|p2a: Iron Moth
|-end|p2a: Iron Moth|Quark Drive|[silent]
|
|-heal|p1a: Hatterene|46/100|[from] item: Leftovers
|upkeep
|inactive|AKGD has 120 seconds left.
|
|t:|1779833248
|switch|p2a: Ogerpon|Ogerpon-Wellspring, F|100/100
|turn|16
|inactive|AKGD has 120 seconds left.
|
|t:|1779833253
|move|p2a: Ogerpon|Ivy Cudgel|p1a: Hatterene|[anim] Ivy Cudgel Water
|-crit|p1a: Hatterene
|-damage|p1a: Hatterene|0 fnt
|faint|p1a: Hatterene
|
|-sideend|p2: AKGD|move: Light Screen
|upkeep
|
|t:|1779833265
|switch|p1a: Pecharunt|Pecharunt|100/100
|turn|17
|
|t:|1779833279
|move|p2a: Ogerpon|Ivy Cudgel|p1a: Pecharunt|[anim] Ivy Cudgel Water
|-crit|p1a: Pecharunt
|-damage|p1a: Pecharunt|50/100
|move|p1a: Pecharunt|Malignant Chain|p2a: Ogerpon
|-supereffective|p2a: Ogerpon
|-damage|p2a: Ogerpon|25/100
|-status|p2a: Ogerpon|tox
|-start|p2a: Ogerpon|confusion|[from] ability: Poison Puppeteer|[of] p1a: Pecharunt
|
|-damage|p2a: Ogerpon|19/100 tox|[from] psn
|-sideend|p2: AKGD|Reflect
|upkeep
|turn|18
|
|t:|1779833291
|-activate|p2a: Ogerpon|confusion
|-damage|p2a: Ogerpon|0 fnt|[from] confusion
|faint|p2a: Ogerpon
|move|p1a: Pecharunt|Recover|p1a: Pecharunt
|-heal|p1a: Pecharunt|100/100
|
|upkeep
|inactive|AKGD has 120 seconds left.
|c|☆AKGD|*deep breath
|
|t:|1779833309
|switch|p2a: Dragonship|Great Tusk|100/100
|-enditem|p2a: Dragonship|Booster Energy
|-activate|p2a: Dragonship|ability: Protosynthesis|[fromitem]
|-start|p2a: Dragonship|protosynthesisspe
|turn|19
|inactive|AKGD has 120 seconds left.
|
|t:|1779833323
|move|p2a: Dragonship|Bulk Up|p2a: Dragonship
|-boost|p2a: Dragonship|atk|1
|-boost|p2a: Dragonship|def|1
|move|p1a: Pecharunt|Malignant Chain|p2a: Dragonship
|-resisted|p2a: Dragonship
|-damage|p2a: Dragonship|79/100
|-status|p2a: Dragonship|tox
|-start|p2a: Dragonship|confusion|[from] ability: Poison Puppeteer|[of] p1a: Pecharunt
|
|-damage|p2a: Dragonship|73/100 tox|[from] psn
|upkeep
|turn|20
|inactive|AKGD has 120 seconds left.
|
|t:|1779833335
|-activate|p2a: Dragonship|confusion
|move|p2a: Dragonship|Headlong Rush|p1a: Pecharunt
|-supereffective|p1a: Pecharunt
|-damage|p1a: Pecharunt|7/100
|-unboost|p2a: Dragonship|def|1
|-unboost|p2a: Dragonship|spd|1
|move|p1a: Pecharunt|Hex|p2a: Dragonship
|-damage|p2a: Dragonship|0 fnt
|faint|p2a: Dragonship
|-end|p2a: Dragonship|Protosynthesis|[silent]
|
|upkeep
|
|t:|1779833344
|switch|p2a: Raging Bolt|Raging Bolt|100/100
|-enditem|p2a: Raging Bolt|Booster Energy
|-activate|p2a: Raging Bolt|ability: Protosynthesis|[fromitem]
|-start|p2a: Raging Bolt|protosynthesisspa
|turn|21
|inactive|AKGD has 120 seconds left.
|
|t:|1779833349
|move|p1a: Pecharunt|Malignant Chain|p2a: Raging Bolt
|-damage|p2a: Raging Bolt|71/100
|-status|p2a: Raging Bolt|tox
|-start|p2a: Raging Bolt|confusion|[from] ability: Poison Puppeteer|[of] p1a: Pecharunt
|-activate|p2a: Raging Bolt|confusion
|move|p2a: Raging Bolt|Dragon Pulse|p1a: Pecharunt
|-damage|p1a: Pecharunt|0 fnt
|faint|p1a: Pecharunt
|
|-damage|p2a: Raging Bolt|65/100 tox|[from] psn
|upkeep
|
|t:|1779833362
|switch|p1a: Landorus|Landorus-Therian, M|100/100
|-ability|p1a: Landorus|Intimidate|boost
|-unboost|p2a: Raging Bolt|atk|1
|turn|22
|c|☆AKGD|I have to have the worst rng today
|c|☆AKGD|😔
|
|t:|1779833376
|move|p1a: Landorus|Earthquake|p2a: Raging Bolt
|-supereffective|p2a: Raging Bolt
|-damage|p2a: Raging Bolt|0 fnt
|faint|p2a: Raging Bolt
|-end|p2a: Raging Bolt|Protosynthesis|[silent]
|
|win|Gary88
|raw|Gary88's rating: 1457 &rarr; <strong>1479</strong><br />(+22 for winning)
|raw|AKGD's rating: 1496 &rarr; <strong>1474</strong><br />(-22 for losing)
|c|☆Gary88|sorry
|c|☆AKGD|gg
|c|☆Gary88|gg
