|j|☆Jlenny8
|j|☆sterster
|t:|1779814996
|gametype|singles
|player|p1|Jlenny8|2|1322
|player|p2|sterster|1|1377
|gen|9
|tier|[Gen 9] OU
|rated|
|rule|HP Percentage Mod: HP is shown in percentages
|rule|Endless Battle Clause: Forcing endless battles is banned
|rule|Species Clause: Limit one of each Pokémon
|rule|OHKO Clause: OHKO moves are banned
|rule|Evasion Items Clause: Evasion items are banned
|rule|Evasion Moves Clause: Evasion moves are banned
|rule|Evasion Abilities Clause: Evasion abilities are banned
|rule|Sleep Moves Clause: Sleep-inducing moves are banned
|clearpoke
|poke|p1|Cinderace, M|
|poke|p1|Ogerpon-Wellspring, F|
|poke|p1|Kingambit, M|
|poke|p1|Incineroar, M|
|poke|p1|Clefable, F|
|poke|p1|Dragapult, F|
|poke|p2|Iron Valiant|
|poke|p2|Samurott-Hisui, F|
|poke|p2|Gholdengo|
|poke|p2|Weavile, F|
|poke|p2|Landorus-Therian, M|
|poke|p2|Kingambit, F|
|teampreview
|inactive|Battle timer is ON: inactive players will automatically lose when time's up. (requested by Jlenny8)
|
|t:|1779815014
|teamsize|p1|6
|teamsize|p2|6
|start
|switch|p1a: Incineroar|Incineroar, M|100/100
|switch|p2a: Samurott|Samurott-Hisui, F|100/100
|-ability|p1a: Incineroar|Intimidate|boost
|-unboost|p2a: Samurott|atk|1
|turn|1
|
|t:|1779815026
|move|p2a: Samurott|Ceaseless Edge|p1a: Incineroar
|-resisted|p1a: Incineroar
|-damage|p1a: Incineroar|86/100
|-sidestart|p1: Jlenny8|Spikes
|move|p1a: Incineroar|Will-O-Wisp|p2a: Samurott
|-status|p2a: Samurott|brn
|
|-heal|p1a: Incineroar|92/100|[from] item: Leftovers
|-damage|p2a: Samurott|94/100 brn|[from] brn
|upkeep
|turn|2
|
|t:|1779815037
|move|p2a: Samurott|Ceaseless Edge|p1a: Incineroar|[miss]
|-miss|p2a: Samurott|p1a: Incineroar
|move|p1a: Incineroar|Parting Shot|p2a: Samurott
|-unboost|p2a: Samurott|atk|1
|-unboost|p2a: Samurott|spa|1
|
|t:|1779815043
|switch|p1a: Ogerpon|Ogerpon-Wellspring, F|100/100|[from] Parting Shot
|-damage|p1a: Ogerpon|88/100|[from] Spikes
|
|-damage|p2a: Samurott|88/100 brn|[from] brn
|upkeep
|turn|3
|
|t:|1779815053
|move|p1a: Ogerpon|Ivy Cudgel|p2a: Samurott|[anim] Ivy Cudgel Water
|-resisted|p2a: Samurott
|-damage|p2a: Samurott|55/100 brn
|move|p2a: Samurott|Ceaseless Edge|p1a: Ogerpon
|-damage|p1a: Ogerpon|73/100
|-sidestart|p1: Jlenny8|Spikes
|
|-damage|p2a: Samurott|49/100 brn|[from] brn
|upkeep
|turn|4
|
|t:|1779815062
|move|p1a: Ogerpon|Horn Leech|p2a: Samurott
|-supereffective|p2a: Samurott
|-damage|p2a: Samurott|0 fnt
|-heal|p1a: Ogerpon|99/100|[from] drain|[of] p2a: Samurott
|faint|p2a: Samurott
|
|upkeep
|inactive|sterster has 120 seconds left.
|
|t:|1779815095
|switch|p2a: Iron Valiant|Iron Valiant|100/100
|turn|5
|
|t:|1779815106
|move|p2a: Iron Valiant|Moonblast|p1a: Ogerpon
|-damage|p1a: Ogerpon|42/100
|move|p1a: Ogerpon|Leech Seed|p2a: Iron Valiant
|-start|p2a: Iron Valiant|move: Leech Seed
|
|-damage|p2a: Iron Valiant|88/100|[from] Leech Seed|[of] p1a: Ogerpon
|-heal|p1a: Ogerpon|54/100|[silent]
|upkeep
|turn|6
|
|t:|1779815114
|switch|p1a: Cinderace|Cinderace, M|100/100
|move|p2a: Iron Valiant|Moonblast|p1a: Cinderace
|-resisted|p1a: Cinderace
|-damage|p1a: Cinderace|67/100
|
|-damage|p2a: Iron Valiant|76/100|[from] Leech Seed|[of] p1a: Cinderace
|-heal|p1a: Cinderace|79/100|[silent]
|upkeep
|turn|7
|
|t:|1779815125
|-end|p2a: Iron Valiant|Quark Drive|[silent]
|switch|p2a: Landorus|Landorus-Therian, M|100/100
|-ability|p2a: Landorus|Intimidate|boost
|-unboost|p1a: Cinderace|atk|1
|move|p1a: Cinderace|Pyro Ball|p2a: Landorus
|-damage|p2a: Landorus|59/100
|
|upkeep
|turn|8
|
|t:|1779815135
|switch|p1a: Kingambit|Kingambit, M|100/100
|-item|p1a: Kingambit|Air Balloon
|move|p2a: Landorus|Earthquake|p1a: Kingambit
|-immune|p1a: Kingambit
|
|upkeep
|turn|9
|
|t:|1779815144
|move|p2a: Landorus|Stealth Rock|p1a: Kingambit
|-sidestart|p1: Jlenny8|move: Stealth Rock
|move|p1a: Kingambit|Kowtow Cleave|p2a: Landorus
|-damage|p2a: Landorus|4/100
|
|upkeep
|turn|10
|
|t:|1779815151
|move|p1a: Kingambit|Sucker Punch|p2a: Landorus
|-damage|p2a: Landorus|0 fnt
|faint|p2a: Landorus
|
|upkeep
|
|t:|1779815157
|switch|p2a: Iron Valiant|Iron Valiant|76/100
|turn|11
|
|t:|1779815161
|-end|p1a: Kingambit|fallenundefined|[silent]
|switch|p1a: Cinderace|Cinderace, M|79/100
|move|p2a: Iron Valiant|Moonblast|p1a: Cinderace
|-resisted|p1a: Cinderace
|-damage|p1a: Cinderace|47/100
|
|upkeep
|turn|12
|
|t:|1779815171
|move|p2a: Iron Valiant|Moonblast|p1a: Cinderace
|-resisted|p1a: Cinderace
|-damage|p1a: Cinderace|16/100
|-unboost|p1a: Cinderace|spa|1
|move|p1a: Cinderace|Court Change|p1a: Cinderace
|-start|p1a: Cinderace|typechange|Normal|[from] ability: Libero
|-swapsideconditions
|-activate|p1a: Cinderace|move: Court Change
|
|upkeep
|turn|13
|
|t:|1779815183
|switch|p1a: Incineroar|Incineroar, M|92/100
|-ability|p1a: Incineroar|Intimidate|boost
|-unboost|p2a: Iron Valiant|atk|1
|move|p2a: Iron Valiant|Moonblast|p1a: Incineroar
|-damage|p1a: Incineroar|58/100
|
|-heal|p1a: Incineroar|64/100|[from] item: Leftovers
|upkeep
|turn|14
|
|t:|1779815197
|move|p2a: Iron Valiant|Moonblast|p1a: Incineroar
|-damage|p1a: Incineroar|32/100
|move|p1a: Incineroar|Parting Shot|p2a: Iron Valiant
|-unboost|p2a: Iron Valiant|atk|1
|-unboost|p2a: Iron Valiant|spa|1
|
|t:|1779815205
|switch|p1a: Ogerpon|Ogerpon-Wellspring, F|54/100|[from] Parting Shot
|
|upkeep
|turn|15
|
|t:|1779815220
|-end|p2a: Iron Valiant|Quark Drive|[silent]
|switch|p2a: Kingambit|Kingambit, F, shiny|100/100
|-damage|p2a: Kingambit|94/100|[from] Stealth Rock
|-activate|p2a: Kingambit|ability: Supreme Overlord
|-start|p2a: Kingambit|fallen2|[silent]
|-item|p2a: Kingambit|Air Balloon
|move|p1a: Ogerpon|Horn Leech|p2a: Kingambit
|-resisted|p2a: Kingambit
|-damage|p2a: Kingambit|77/100
|-heal|p1a: Ogerpon|65/100|[from] drain|[of] p2a: Kingambit
|-enditem|p2a: Kingambit|Air Balloon
|
|upkeep
|turn|16
|
|t:|1779815233
|move|p1a: Ogerpon|Leech Seed|p2a: Kingambit
|-start|p2a: Kingambit|move: Leech Seed
|move|p2a: Kingambit|Kowtow Cleave|p1a: Ogerpon
|-damage|p1a: Ogerpon|0 fnt
|faint|p1a: Ogerpon
|
|upkeep
|
|t:|1779815240
|switch|p1a: Incineroar|Incineroar, M|32/100
|-ability|p1a: Incineroar|Intimidate|boost
|-unboost|p2a: Kingambit|atk|1
|turn|17
|
|t:|1779815246
|-end|p2a: Kingambit|fallen2|[silent]
|switch|p2a: Iron Valiant|Iron Valiant|76/100
|-damage|p2a: Iron Valiant|59/100|[from] Spikes
|-damage|p2a: Iron Valiant|53/100|[from] Stealth Rock
|move|p1a: Incineroar|Fake Out|p2a: Iron Valiant
|-damage|p2a: Iron Valiant|39/100
|
|-heal|p1a: Incineroar|38/100|[from] item: Leftovers
|upkeep
|turn|18
|
|t:|1779815257
|move|p2a: Iron Valiant|Moonblast|p1a: Incineroar
|-damage|p1a: Incineroar|6/100
|move|p1a: Incineroar|Parting Shot|p2a: Iron Valiant
|-unboost|p2a: Iron Valiant|atk|1
|-unboost|p2a: Iron Valiant|spa|1
|
|t:|1779815264
|switch|p1a: Kingambit|Kingambit, M|100/100|[from] Parting Shot
|-activate|p1a: Kingambit|ability: Supreme Overlord
|-start|p1a: Kingambit|fallen1|[silent]
|-item|p1a: Kingambit|Air Balloon
|
|upkeep
|turn|19
|
|t:|1779815276
|-end|p2a: Iron Valiant|Quark Drive|[silent]
|switch|p2a: Kingambit|Kingambit, F, shiny|77/100
|-damage|p2a: Kingambit|61/100|[from] Spikes
|-damage|p2a: Kingambit|54/100|[from] Stealth Rock
|-activate|p2a: Kingambit|ability: Supreme Overlord
|-start|p2a: Kingambit|fallen2|[silent]
|move|p1a: Kingambit|Iron Head|p2a: Kingambit
|-resisted|p2a: Kingambit
|-damage|p2a: Kingambit|35/100
|
|upkeep
|turn|20
|
|t:|1779815285
|move|p2a: Kingambit|Swords Dance|p2a: Kingambit
|-boost|p2a: Kingambit|atk|2
|move|p1a: Kingambit|Brick Break|p2a: Kingambit
|-supereffective|p2a: Kingambit
|-damage|p2a: Kingambit|0 fnt
|faint|p2a: Kingambit
|-end|p2a: Kingambit|fallen2|[silent]
|
|upkeep
|
|t:|1779815295
|switch|p2a: Iron Valiant|Iron Valiant|39/100
|-damage|p2a: Iron Valiant|23/100|[from] Spikes
|-damage|p2a: Iron Valiant|16/100|[from] Stealth Rock
|turn|21
|
|t:|1779815300
|move|p1a: Kingambit|Sucker Punch|p2a: Iron Valiant
|-resisted|p2a: Iron Valiant
|-damage|p2a: Iron Valiant|3/100
|move|p2a: Iron Valiant|Close Combat|p1a: Kingambit
|-supereffective|p1a: Kingambit
|-damage|p1a: Kingambit|0 fnt
|-unboost|p2a: Iron Valiant|def|1
|-unboost|p2a: Iron Valiant|spd|1
|-enditem|p1a: Kingambit|Air Balloon
|faint|p1a: Kingambit
|-end|p1a: Kingambit|fallen1|[silent]
|
|upkeep
|
|t:|1779815311
|switch|p1a: Dragapult|Dragapult, F|100/100
|turn|22
|
|t:|1779815315
|move|p2a: Iron Valiant|Close Combat|p1a: Dragapult
|-immune|p1a: Dragapult
|move|p1a: Dragapult|Flamethrower|p2a: Iron Valiant
|-damage|p2a: Iron Valiant|0 fnt
|faint|p2a: Iron Valiant
|-end|p2a: Iron Valiant|Quark Drive|[silent]
|
|upkeep
|
|t:|1779815324
|switch|p2a: Weavile|Weavile, F|100/100
|-ability|p2a: Weavile|Pressure
|turn|23
|
|t:|1779815332
|-terastallize|p1a: Dragapult|Fairy
|-terastallize|p2a: Weavile|Fire
|move|p1a: Dragapult|Flamethrower|p2a: Weavile
|-resisted|p2a: Weavile
|-damage|p2a: Weavile|82/100
|move|p2a: Weavile|Swords Dance|p2a: Weavile
|-boost|p2a: Weavile|atk|2
|
|upkeep
|turn|24
|
|t:|1779815342
|move|p1a: Dragapult|Surf|p2a: Weavile
|-supereffective|p2a: Weavile
|-damage|p2a: Weavile|0 fnt
|faint|p2a: Weavile
|
|upkeep
|
|t:|1779815345
|switch|p2a: Gholdengo|Gholdengo, shiny|100/100
|-damage|p2a: Gholdengo|94/100|[from] Stealth Rock
|-item|p2a: Gholdengo|Air Balloon
|turn|25
|
|t:|1779815353
|move|p1a: Dragapult|Flamethrower|p2a: Gholdengo
|-supereffective|p2a: Gholdengo
|-damage|p2a: Gholdengo|32/100
|-enditem|p2a: Gholdengo|Air Balloon
|move|p2a: Gholdengo|Thunder Wave|p1a: Dragapult
|-status|p1a: Dragapult|par
|
|upkeep
|turn|26
|
|t:|1779815361
|move|p2a: Gholdengo|Recover|p2a: Gholdengo
|-heal|p2a: Gholdengo|82/100
|move|p1a: Dragapult|Flamethrower|p2a: Gholdengo
|-supereffective|p2a: Gholdengo
|-damage|p2a: Gholdengo|22/100
|-status|p2a: Gholdengo|brn
|
|-damage|p2a: Gholdengo|16/100 brn|[from] brn
|upkeep
|turn|27
|
|t:|1779815371
|move|p2a: Gholdengo|Recover|p2a: Gholdengo
|-heal|p2a: Gholdengo|66/100 brn
|move|p1a: Dragapult|Flamethrower|p2a: Gholdengo
|-supereffective|p2a: Gholdengo
|-damage|p2a: Gholdengo|8/100 brn
|
|-damage|p2a: Gholdengo|2/100 brn|[from] brn
|upkeep
|turn|28
|
|t:|1779815379
|move|p2a: Gholdengo|Recover|p2a: Gholdengo
|-heal|p2a: Gholdengo|52/100 brn
|cant|p1a: Dragapult|par
|
|-damage|p2a: Gholdengo|46/100 brn|[from] brn
|upkeep
|turn|29
|
|t:|1779815386
|move|p2a: Gholdengo|Make It Rain|p1a: Dragapult
|-supereffective|p1a: Dragapult
|-damage|p1a: Dragapult|0 fnt
|-unboost|p2a: Gholdengo|spa|1
|faint|p1a: Dragapult
|
|-damage|p2a: Gholdengo|40/100 brn|[from] brn
|upkeep
|
|t:|1779815395
|switch|p1a: Cinderace|Cinderace, M|16/100
|turn|30
|
|t:|1779815399
|move|p1a: Cinderace|Pyro Ball|p2a: Gholdengo
|-supereffective|p2a: Gholdengo
|-damage|p2a: Gholdengo|0 fnt
|faint|p2a: Gholdengo
|
|win|Jlenny8
|raw|Jlenny8's rating: 1322 &rarr; <strong>1345</strong><br />(+23 for winning)
|raw|sterster's rating: 1377 &rarr; <strong>1354</strong><br />(-23 for losing)
|l|☆sterster
|player|p2|
|l|☆Jlenny8
|player|p1|
