|j|☆Devrai
|j|☆Moongoose Analogue
|t:|1779941030
|gametype|singles
|player|p1|Devrai|zinnia|1345
|player|p2|Moongoose Analogue|clay|1325
|gen|9
|tier|[Gen 9] OU
|rated|
|rule|HP Percentage Mod: HP is shown in percentages
|rule|Endless Battle Clause: Forcing endless battles is banned
|rule|Species Clause: Limit one of each Pokémon
|rule|OHKO Clause: OHKO moves are banned
|rule|Evasion Items Clause: Evasion items are banned
|rule|Evasion Moves Clause: Evasion moves are banned
|rule|Evasion Abilities Clause: Evasion abilities are banned
|rule|Sleep Moves Clause: Sleep-inducing moves are banned
|clearpoke
|poke|p1|Braviary-Hisui, M|
|poke|p1|Skeledirge, F|
|poke|p1|Iron Treads|
|poke|p1|Ninetales-Alola, F|
|poke|p1|Okidogi, M|
|poke|p1|Darkrai|
|poke|p2|Corviknight, F|
|poke|p2|Ogerpon-Cornerstone, F|
|poke|p2|Landorus-Therian, M|
|poke|p2|Darkrai|
|poke|p2|Clefable, M|
|poke|p2|Alomomola, F|
|teampreview
|inactive|Battle timer is ON: inactive players will automatically lose when time's up. (requested by Devrai)
|
|t:|1779941045
|teamsize|p1|6
|teamsize|p2|6
|start
|switch|p1a: Dogecoin|Okidogi, M|100/100
|switch|p2a: Darkrai|Darkrai|100/100
|turn|1
|
|t:|1779941051
|switch|p2a: Landorus|Landorus-Therian, M|100/100
|-ability|p2a: Landorus|Intimidate|boost
|-unboost|p1a: Dogecoin|atk|1
|move|p1a: Dogecoin|Knock Off|p2a: Landorus
|-damage|p2a: Landorus|76/100
|-status|p2a: Landorus|tox|[from] ability: Toxic Chain|[of] p1a: Dogecoin
|-enditem|p2a: Landorus|Choice Scarf|[from] move: Knock Off|[of] p1a: Dogecoin
|
|-damage|p2a: Landorus|70/100 tox|[from] psn
|upkeep
|turn|2
|
|t:|1779941062
|switch|p1a: Eun|Ninetales-Alola, F, shiny|100/100
|-weather|Snowscape|[from] ability: Snow Warning|[of] p1a: Eun
|move|p2a: Landorus|U-turn|p1a: Eun
|-resisted|p1a: Eun
|-damage|p1a: Eun|87/100
|
|t:|1779941065
|switch|p2a: Darkrai|Darkrai|100/100|[from] U-turn
|
|-weather|Snowscape|[upkeep]
|upkeep
|turn|3
|
|t:|1779941070
|switch|p1a: Dogecoin|Okidogi, M|100/100
|move|p2a: Darkrai|Nasty Plot|p2a: Darkrai
|-boost|p2a: Darkrai|spa|2
|
|-weather|Snowscape|[upkeep]
|upkeep
|turn|4
|
|t:|1779941075
|move|p2a: Darkrai|Substitute|p2a: Darkrai
|-start|p2a: Darkrai|Substitute
|-damage|p2a: Darkrai|75/100
|move|p1a: Dogecoin|Bulk Up|p1a: Dogecoin
|-boost|p1a: Dogecoin|atk|1
|-boost|p1a: Dogecoin|def|1
|
|-weather|Snowscape|[upkeep]
|-heal|p2a: Darkrai|82/100|[from] item: Leftovers
|upkeep
|turn|5
|
|t:|1779941079
|move|p2a: Darkrai|Ice Beam|p1a: Dogecoin
|-damage|p1a: Dogecoin|53/100
|move|p1a: Dogecoin|Drain Punch|p2a: Darkrai
|-supereffective|p2a: Darkrai
|-end|p2a: Darkrai|Substitute
|-heal|p1a: Dogecoin|63/100|[from] drain|[of] p2a: Darkrai
|
|-weather|Snowscape|[upkeep]
|-heal|p2a: Darkrai|88/100|[from] item: Leftovers
|-heal|p1a: Dogecoin|69/100|[from] item: Leftovers
|upkeep
|turn|6
|
|t:|1779941085
|switch|p2a: Landorus|Landorus-Therian, M|70/100 tox
|-ability|p2a: Landorus|Intimidate|boost
|-unboost|p1a: Dogecoin|atk|1
|move|p1a: Dogecoin|Drain Punch|p2a: Landorus
|-resisted|p2a: Landorus
|-crit|p2a: Landorus
|-damage|p2a: Landorus|37/100 tox
|-heal|p1a: Dogecoin|83/100|[from] drain|[of] p2a: Landorus
|
|-weather|none
|-heal|p1a: Dogecoin|89/100|[from] item: Leftovers
|-damage|p2a: Landorus|31/100 tox|[from] psn
|upkeep
|turn|7
|
|t:|1779941094
|switch|p1a: Eun|Ninetales-Alola, F, shiny|87/100
|-weather|Snowscape|[from] ability: Snow Warning|[of] p1a: Eun
|move|p2a: Landorus|Earthquake|p1a: Eun
|-damage|p1a: Eun|27/100
|
|-weather|Snowscape|[upkeep]
|-damage|p2a: Landorus|19/100 tox|[from] psn
|upkeep
|turn|8
|
|t:|1779941097
|move|p1a: Eun|Aurora Veil|p1a: Eun
|-sidestart|p1: Devrai|move: Aurora Veil
|move|p2a: Landorus|Earthquake|p1a: Eun
|-damage|p1a: Eun|0 fnt
|faint|p1a: Eun
|
|-weather|Snowscape|[upkeep]
|-damage|p2a: Landorus|1/100 tox|[from] psn
|upkeep
|
|t:|1779941102
|switch|p1a: Aethon|Braviary-Hisui, M, shiny|100/100
|turn|9
|
|t:|1779941105
|move|p2a: Landorus|Stone Edge|p1a: Aethon
|-supereffective|p1a: Aethon
|-damage|p1a: Aethon|48/100
|move|p1a: Aethon|Esper Wing|p2a: Landorus
|-crit|p2a: Landorus
|-damage|p2a: Landorus|0 fnt
|-boost|p1a: Aethon|spe|1
|faint|p2a: Landorus
|
|-weather|Snowscape|[upkeep]
|-heal|p1a: Aethon|54/100|[from] item: Leftovers
|upkeep
|
|t:|1779941116
|switch|p2a: Clefable|Clefable, M|100/100
|turn|10
|
|t:|1779941119
|move|p1a: Aethon|Esper Wing|p2a: Clefable
|-damage|p2a: Clefable|59/100
|-boost|p1a: Aethon|spe|1
|move|p2a: Clefable|Thunder Wave|p1a: Aethon
|-status|p1a: Aethon|par
|
|-weather|Snowscape|[upkeep]
|-heal|p1a: Aethon|60/100 par|[from] item: Leftovers
|-heal|p2a: Clefable|65/100|[from] item: Leftovers
|upkeep
|turn|11
|
|t:|1779941127
|move|p1a: Aethon|Esper Wing|p2a: Clefable
|-damage|p2a: Clefable|29/100
|-boost|p1a: Aethon|spe|1
|move|p2a: Clefable|Moonblast|p1a: Aethon
|-damage|p1a: Aethon|41/100 par
|
|-weather|none
|-heal|p1a: Aethon|48/100 par|[from] item: Leftovers
|-heal|p2a: Clefable|35/100|[from] item: Leftovers
|upkeep
|turn|12
|
|t:|1779941139
|switch|p2a: Darkrai|Darkrai|88/100
|move|p1a: Aethon|Air Slash|p2a: Darkrai
|-damage|p2a: Darkrai|38/100
|
|-heal|p2a: Darkrai|45/100|[from] item: Leftovers
|-heal|p1a: Aethon|54/100 par|[from] item: Leftovers
|upkeep
|turn|13
|
|t:|1779941145
|switch|p2a: Alomomola|Alomomola, F|100/100
|move|p1a: Aethon|Air Slash|p2a: Alomomola
|-damage|p2a: Alomomola|74/100
|
|-heal|p1a: Aethon|60/100 par|[from] item: Leftovers
|upkeep
|turn|14
|
|t:|1779941150
|move|p1a: Aethon|Calm Mind|p1a: Aethon
|-boost|p1a: Aethon|spa|1
|-boost|p1a: Aethon|spd|1
|move|p2a: Alomomola|Scald|p1a: Aethon
|-damage|p1a: Aethon|54/100 par
|
|-heal|p1a: Aethon|61/100 par|[from] item: Leftovers
|upkeep
|turn|15
|
|t:|1779941154
|move|p1a: Aethon|Esper Wing|p2a: Alomomola
|-damage|p2a: Alomomola|33/100
|-boost|p1a: Aethon|spe|1
|move|p2a: Alomomola|Wish|p2a: Alomomola
|
|-heal|p1a: Aethon|67/100 par|[from] item: Leftovers
|-sideend|p1: Devrai|move: Aurora Veil
|upkeep
|turn|16
|
|t:|1779941165
|switch|p2a: Ogerpon|Ogerpon-Cornerstone, F|100/100
|move|p1a: Aethon|Calm Mind|p1a: Aethon
|-boost|p1a: Aethon|spa|1
|-boost|p1a: Aethon|spd|1
|
|-heal|p1a: Aethon|73/100 par|[from] item: Leftovers
|upkeep
|turn|17
|
|t:|1779941169
|move|p2a: Ogerpon|Ivy Cudgel|p1a: Aethon|[anim] Ivy Cudgel Rock
|-supereffective|p1a: Aethon
|-damage|p1a: Aethon|0 fnt
|faint|p1a: Aethon
|
|upkeep
|
|t:|1779941172
|switch|p1a: Dogecoin|Okidogi, M|89/100
|turn|18
|
|t:|1779941176
|move|p2a: Ogerpon|U-turn|p1a: Dogecoin
|-resisted|p1a: Dogecoin
|-damage|p1a: Dogecoin|84/100
|
|t:|1779941178
|switch|p2a: Corviknight|Corviknight, F|100/100|[from] U-turn
|-ability|p2a: Corviknight|Pressure
|move|p1a: Dogecoin|Bulk Up|p1a: Dogecoin
|-boost|p1a: Dogecoin|atk|1
|-boost|p1a: Dogecoin|def|1
|
|-heal|p1a: Dogecoin|90/100|[from] item: Leftovers
|upkeep
|turn|19
|
|t:|1779941184
|move|p1a: Dogecoin|Bulk Up|p1a: Dogecoin
|-boost|p1a: Dogecoin|atk|1
|-boost|p1a: Dogecoin|def|1
|move|p2a: Corviknight|Brave Bird|p1a: Dogecoin
|-supereffective|p1a: Dogecoin
|-damage|p1a: Dogecoin|62/100
|-damage|p2a: Corviknight|91/100|[from] Recoil
|
|-heal|p1a: Dogecoin|68/100|[from] item: Leftovers
|upkeep
|turn|20
|
|t:|1779941186
|move|p1a: Dogecoin|Bulk Up|p1a: Dogecoin
|-boost|p1a: Dogecoin|atk|1
|-boost|p1a: Dogecoin|def|1
|move|p2a: Corviknight|Brave Bird|p1a: Dogecoin
|-supereffective|p1a: Dogecoin
|-damage|p1a: Dogecoin|44/100
|-damage|p2a: Corviknight|84/100|[from] Recoil
|
|-heal|p1a: Dogecoin|50/100|[from] item: Leftovers
|upkeep
|turn|21
|
|t:|1779941189
|move|p1a: Dogecoin|Bulk Up|p1a: Dogecoin
|-boost|p1a: Dogecoin|atk|1
|-boost|p1a: Dogecoin|def|1
|move|p2a: Corviknight|U-turn|p1a: Dogecoin
|-resisted|p1a: Dogecoin
|-damage|p1a: Dogecoin|49/100
|
|t:|1779941197
|switch|p2a: Clefable|Clefable, M|35/100|[from] U-turn
|
|-heal|p1a: Dogecoin|55/100|[from] item: Leftovers
|-heal|p2a: Clefable|41/100|[from] item: Leftovers
|upkeep
|turn|22
|
|t:|1779941206
|move|p1a: Dogecoin|Poison Jab|p2a: Clefable
|-supereffective|p2a: Clefable
|-damage|p2a: Clefable|0 fnt
|faint|p2a: Clefable
|
|-heal|p1a: Dogecoin|61/100|[from] item: Leftovers
|upkeep
|
|t:|1779941216
|switch|p2a: Darkrai|Darkrai|45/100
|turn|23
|
|t:|1779941218
|move|p2a: Darkrai|Ice Beam|p1a: Dogecoin
|-damage|p1a: Dogecoin|38/100
|move|p1a: Dogecoin|Drain Punch|p2a: Darkrai
|-supereffective|p2a: Darkrai
|-damage|p2a: Darkrai|0 fnt
|-heal|p1a: Dogecoin|55/100|[from] drain|[of] p2a: Darkrai
|faint|p2a: Darkrai
|
|-heal|p1a: Dogecoin|62/100|[from] item: Leftovers
|upkeep
|-message|Moongoose Analogue forfeited.
|
|win|Devrai
|raw|Devrai's rating: 1345 &rarr; <strong>1364</strong><br />(+19 for winning)
|raw|Moongoose Analogue's rating: 1325 &rarr; <strong>1306</strong><br />(-19 for losing)
|l|☆Moongoose Analogue
|player|p2|
