|j|‽BaxleyTheBomb
|j|☆claudechamp
|t:|1779873520
|gametype|singles
|player|p1|BaxleyTheBomb|janitor|1163
|player|p2|claudechamp|169|1214
|gen|9
|tier|[Gen 9] OU
|rated|
|rule|HP Percentage Mod: HP is shown in percentages
|rule|Endless Battle Clause: Forcing endless battles is banned
|rule|Species Clause: Limit one of each Pokémon
|rule|OHKO Clause: OHKO moves are banned
|rule|Evasion Items Clause: Evasion items are banned
|rule|Evasion Moves Clause: Evasion moves are banned
|rule|Evasion Abilities Clause: Evasion abilities are banned
|rule|Sleep Moves Clause: Sleep-inducing moves are banned
|clearpoke
|poke|p1|Milotic, M|
|poke|p1|Sceptile, M|
|poke|p1|Dusclops, F|
|poke|p1|Seviper, M|
|poke|p1|Deoxys-Speed|
|poke|p1|Salamence, M|
|poke|p2|Gliscor, F|
|poke|p2|Ogerpon, F|
|poke|p2|Walking Wake|
|poke|p2|Blissey, F|
|poke|p2|Corviknight, M|
|poke|p2|Pecharunt|
|teampreview
|c|☆claudechamp|hf
|inactive|Battle timer is ON: inactive players will automatically lose when time's up. (requested by claudechamp)
|
|t:|1779873525
|teamsize|p1|6
|teamsize|p2|6
|start
|switch|p1a: Deoxys|Deoxys-Speed, shiny|100/100
|switch|p2a: Gliscor|Gliscor, F|100/100
|-ability|p1a: Deoxys|Pressure
|turn|1
|
|t:|1779873533
|move|p1a: Deoxys|Ice Punch|p2a: Gliscor
|-supereffective|p2a: Gliscor
|-damage|p2a: Gliscor|8/100
|move|p2a: Gliscor|Spikes|p1a: Deoxys
|-sidestart|p1: BaxleyTheBomb|Spikes
|
|-status|p2a: Gliscor|tox|[from] item: Toxic Orb
|upkeep
|turn|2
|
|t:|1779873541
|switch|p2a: Pecharunt|Pecharunt|100/100
|move|p1a: Deoxys|Ice Punch|p2a: Pecharunt
|-damage|p2a: Pecharunt|84/100
|
|upkeep
|turn|3
|
|t:|1779873549
|switch|p1a: Seviper|Seviper, M, shiny|100/100
|-damage|p1a: Seviper|88/100|[from] Spikes
|move|p2a: Pecharunt|Malignant Chain|p1a: Seviper
|-resisted|p1a: Seviper
|-damage|p1a: Seviper|73/100
|
|upkeep
|turn|4
|
|t:|1779873557
|move|p2a: Pecharunt|Malignant Chain|p1a: Seviper
|-resisted|p1a: Seviper
|-damage|p1a: Seviper|59/100
|move|p1a: Seviper|Trailblaze|p2a: Pecharunt
|-resisted|p2a: Pecharunt
|-damage|p2a: Pecharunt|80/100
|-boost|p1a: Seviper|spe|1
|
|upkeep
|turn|5
|
|t:|1779873567
|move|p1a: Seviper|Trailblaze|p2a: Pecharunt
|-resisted|p2a: Pecharunt
|-damage|p2a: Pecharunt|77/100
|-boost|p1a: Seviper|spe|1
|move|p2a: Pecharunt|Foul Play|p1a: Seviper
|-damage|p1a: Seviper|17/100
|
|upkeep
|turn|6
|
|t:|1779873578
|move|p1a: Seviper|Earthquake|p2a: Pecharunt
|-supereffective|p2a: Pecharunt
|-damage|p2a: Pecharunt|44/100
|move|p2a: Pecharunt|Foul Play|p1a: Seviper
|-damage|p1a: Seviper|0 fnt
|faint|p1a: Seviper
|
|upkeep
|
|t:|1779873586
|switch|p1a: Salamence|Salamence, M, shiny|100/100
|turn|7
|
|t:|1779873589
|move|p1a: Salamence|Dragon Dance|p1a: Salamence
|-boost|p1a: Salamence|atk|1
|-boost|p1a: Salamence|spe|1
|move|p2a: Pecharunt|Recover|p2a: Pecharunt
|-heal|p2a: Pecharunt|94/100
|
|upkeep
|turn|8
|
|t:|1779873597
|move|p1a: Salamence|Dragon Dance|p1a: Salamence
|-boost|p1a: Salamence|atk|1
|-boost|p1a: Salamence|spe|1
|move|p2a: Pecharunt|Malignant Chain|p1a: Salamence
|-damage|p1a: Salamence|60/100
|-status|p1a: Salamence|tox
|-start|p1a: Salamence|confusion|[from] ability: Poison Puppeteer|[of] p2a: Pecharunt
|-enditem|p1a: Salamence|Lum Berry|[eat]
|-curestatus|p1a: Salamence|tox|[msg]
|-end|p1a: Salamence|confusion
|
|upkeep
|turn|9
|
|t:|1779873609
|move|p1a: Salamence|Earthquake|p2a: Pecharunt
|-supereffective|p2a: Pecharunt
|-damage|p2a: Pecharunt|22/100
|move|p2a: Pecharunt|Foul Play|p1a: Salamence
|-damage|p1a: Salamence|0 fnt
|faint|p1a: Salamence
|
|upkeep
|
|t:|1779873618
|switch|p1a: Deoxys|Deoxys-Speed, shiny|100/100
|-damage|p1a: Deoxys|88/100|[from] Spikes
|-ability|p1a: Deoxys|Pressure
|turn|10
|
|t:|1779873625
|move|p1a: Deoxys|Knock Off|p2a: Pecharunt
|-supereffective|p2a: Pecharunt
|-damage|p2a: Pecharunt|0 fnt
|-enditem|p2a: Pecharunt|Heavy-Duty Boots|[from] move: Knock Off|[of] p1a: Deoxys
|faint|p2a: Pecharunt
|
|upkeep
|
|t:|1779873628
|switch|p2a: Ogerpon|Ogerpon, F|100/100
|turn|11
|
|t:|1779873635
|switch|p1a: Sceptile|Sceptile, M, shiny|100/100
|-damage|p1a: Sceptile|88/100|[from] Spikes
|move|p2a: Ogerpon|Knock Off|p1a: Sceptile
|-damage|p1a: Sceptile|31/100
|-enditem|p1a: Sceptile|Throat Spray|[from] move: Knock Off|[of] p2a: Ogerpon
|
|upkeep
|turn|12
|
|t:|1779873645
|move|p1a: Sceptile|Dragon Pulse|p2a: Ogerpon
|-damage|p2a: Ogerpon|67/100
|move|p2a: Ogerpon|Ivy Cudgel|p1a: Sceptile
|-resisted|p1a: Sceptile
|-crit|p1a: Sceptile
|-damage|p1a: Sceptile|0 fnt
|faint|p1a: Sceptile
|
|upkeep
|
|t:|1779873654
|switch|p1a: Deoxys|Deoxys-Speed, shiny|88/100
|-damage|p1a: Deoxys|76/100|[from] Spikes
|-ability|p1a: Deoxys|Pressure
|turn|13
|
|t:|1779873662
|switch|p2a: Walking Wake|Walking Wake|100/100
|move|p1a: Deoxys|Ice Punch|p2a: Walking Wake
|-damage|p2a: Walking Wake|68/100
|
|upkeep
|turn|14
|
|t:|1779873668
|switch|p1a: Milotic|Milotic, M, shiny|100/100
|-damage|p1a: Milotic|88/100|[from] Spikes
|move|p2a: Walking Wake|Surf|p1a: Milotic
|-resisted|p1a: Milotic
|-damage|p1a: Milotic|73/100
|
|-heal|p1a: Milotic|79/100|[from] item: Leftovers
|upkeep
|turn|15
|
|t:|1779873681
|-end|p2a: Walking Wake|Protosynthesis|[silent]
|switch|p2a: Blissey|Blissey, F|100/100
|switch|p1a: Deoxys|Deoxys-Speed, shiny|76/100
|-damage|p1a: Deoxys|63/100|[from] Spikes
|-ability|p1a: Deoxys|Pressure
|
|upkeep
|turn|16
|
|t:|1779873691
|-terastallize|p1a: Deoxys|Fighting
|move|p1a: Deoxys|Drain Punch|p2a: Blissey
|-supereffective|p2a: Blissey
|-damage|p2a: Blissey|4/100
|-heal|p1a: Deoxys|100/100|[from] drain|[of] p2a: Blissey
|move|p2a: Blissey|Seismic Toss|p1a: Deoxys
|-damage|p1a: Deoxys|59/100
|
|upkeep
|turn|17
|
|t:|1779873701
|switch|p2a: Corviknight|Corviknight, M|100/100
|-ability|p2a: Corviknight|Pressure
|move|p1a: Deoxys|Drain Punch|p2a: Corviknight
|-damage|p2a: Corviknight|72/100
|-heal|p1a: Deoxys|81/100|[from] drain|[of] p2a: Corviknight
|
|upkeep
|turn|18
|
|t:|1779873710
|switch|p1a: Milotic|Milotic, M, shiny|79/100
|-damage|p1a: Milotic|67/100|[from] Spikes
|move|p2a: Corviknight|Roost|p2a: Corviknight
|-heal|p2a: Corviknight|100/100
|-singleturn|p2a: Corviknight|move: Roost
|
|-heal|p1a: Milotic|73/100|[from] item: Leftovers
|upkeep
|turn|19
|
|t:|1779873720
|move|p2a: Corviknight|U-turn|p1a: Milotic
|-damage|p1a: Milotic|59/100
|
|t:|1779873724
|switch|p2a: Ogerpon|Ogerpon, F|67/100|[from] U-turn
|move|p1a: Milotic|Scald|p2a: Ogerpon
|-resisted|p2a: Ogerpon
|-damage|p2a: Ogerpon|44/100
|
|-heal|p1a: Milotic|65/100|[from] item: Leftovers
|upkeep
|turn|20
|
|t:|1779873735
|switch|p1a: Dusclops|Dusclops, F, shiny|100/100
|-damage|p1a: Dusclops|88/100|[from] Spikes
|-ability|p1a: Dusclops|Pressure
|move|p2a: Ogerpon|Ivy Cudgel|p1a: Dusclops
|-damage|p1a: Dusclops|58/100
|
|upkeep
|turn|21
|
|t:|1779873746
|move|p2a: Ogerpon|Knock Off|p1a: Dusclops
|-supereffective|p1a: Dusclops
|-damage|p1a: Dusclops|15/100
|-enditem|p1a: Dusclops|Eviolite|[from] move: Knock Off|[of] p2a: Ogerpon
|move|p1a: Dusclops|Night Shade|p2a: Ogerpon
|-damage|p2a: Ogerpon|10/100
|
|upkeep
|turn|22
|
|t:|1779873754
|move|p1a: Dusclops|Protect|p1a: Dusclops
|-singleturn|p1a: Dusclops|Protect
|move|p2a: Ogerpon|U-turn|p1a: Dusclops
|-activate|p1a: Dusclops|move: Protect
|
|upkeep
|turn|23
|
|t:|1779873760
|move|p2a: Ogerpon|Ivy Cudgel|p1a: Dusclops
|-crit|p1a: Dusclops
|-damage|p1a: Dusclops|0 fnt
|faint|p1a: Dusclops
|
|upkeep
|
|t:|1779873767
|switch|p1a: Deoxys|Deoxys-Speed, shiny, tera:Fighting|81/100
|-damage|p1a: Deoxys|69/100|[from] Spikes
|-ability|p1a: Deoxys|Pressure
|turn|24
|
|t:|1779873775
|switch|p2a: Corviknight|Corviknight, M|100/100
|-ability|p2a: Corviknight|Pressure
|move|p1a: Deoxys|Drain Punch|p2a: Corviknight
|-damage|p2a: Corviknight|72/100
|-heal|p1a: Deoxys|91/100|[from] drain|[of] p2a: Corviknight
|
|upkeep
|turn|25
|
|t:|1779873785
|switch|p1a: Milotic|Milotic, M, shiny|65/100
|-damage|p1a: Milotic|52/100|[from] Spikes
|move|p2a: Corviknight|Body Press|p1a: Milotic
|-damage|p1a: Milotic|25/100
|
|-heal|p1a: Milotic|31/100|[from] item: Leftovers
|upkeep
|turn|26
|
|t:|1779873794
|move|p2a: Corviknight|Body Press|p1a: Milotic
|-damage|p1a: Milotic|3/100
|move|p1a: Milotic|Recover|p1a: Milotic
|-heal|p1a: Milotic|53/100
|
|-heal|p1a: Milotic|59/100|[from] item: Leftovers
|upkeep
|turn|27
|
|t:|1779873804
|move|p2a: Corviknight|U-turn|p1a: Milotic
|-damage|p1a: Milotic|44/100
|
|t:|1779873816
|switch|p2a: Blissey|Blissey, F|4/100|[from] U-turn
|move|p1a: Milotic|Scald|p2a: Blissey
|-damage|p2a: Blissey|0 fnt
|faint|p2a: Blissey
|
|-heal|p1a: Milotic|50/100|[from] item: Leftovers
|upkeep
|
|t:|1779873828
|switch|p2a: Ogerpon|Ogerpon, F|10/100
|turn|28
|
|t:|1779873832
|move|p2a: Ogerpon|Ivy Cudgel|p1a: Milotic
|-supereffective|p1a: Milotic
|-damage|p1a: Milotic|0 fnt
|faint|p1a: Milotic
|
|upkeep
|
|t:|1779873838
|switch|p1a: Deoxys|Deoxys-Speed, shiny, tera:Fighting|91/100
|-damage|p1a: Deoxys|78/100|[from] Spikes
|-ability|p1a: Deoxys|Pressure
|turn|29
|
|t:|1779873849
|move|p1a: Deoxys|Drain Punch|p2a: Ogerpon
|-damage|p2a: Ogerpon|0 fnt
|-heal|p1a: Deoxys|84/100|[from] drain|[of] p2a: Ogerpon
|faint|p2a: Ogerpon
|
|upkeep
|
|t:|1779873861
|switch|p2a: Walking Wake|Walking Wake|68/100
|turn|30
|
|t:|1779873873
|-terastallize|p2a: Walking Wake|Water
|move|p1a: Deoxys|Drain Punch|p2a: Walking Wake
|-damage|p2a: Walking Wake|21/100
|-heal|p1a: Deoxys|100/100|[from] drain|[of] p2a: Walking Wake
|move|p2a: Walking Wake|Surf|p1a: Deoxys
|-damage|p1a: Deoxys|13/100
|
|upkeep
|turn|31
|
|t:|1779873885
|-end|p2a: Walking Wake|Protosynthesis|[silent]
|switch|p2a: Gliscor|Gliscor, F|8/100 tox
|move|p1a: Deoxys|Drain Punch|p2a: Gliscor
|-resisted|p2a: Gliscor
|-damage|p2a: Gliscor|0 fnt
|-heal|p1a: Deoxys|18/100|[from] drain|[of] p2a: Gliscor
|faint|p2a: Gliscor
|
|upkeep
|
|t:|1779873895
|switch|p2a: Corviknight|Corviknight, M|72/100
|-ability|p2a: Corviknight|Pressure
|turn|32
|
|t:|1779873903
|move|p1a: Deoxys|Drain Punch|p2a: Corviknight
|-damage|p2a: Corviknight|44/100
|-heal|p1a: Deoxys|40/100|[from] drain|[of] p2a: Corviknight
|move|p2a: Corviknight|Body Press|p1a: Deoxys
|-damage|p1a: Deoxys|2/100
|
|upkeep
|turn|33
|
|t:|1779873917
|move|p1a: Deoxys|Drain Punch|p2a: Corviknight
|-damage|p2a: Corviknight|14/100
|-heal|p1a: Deoxys|25/100|[from] drain|[of] p2a: Corviknight
|move|p2a: Corviknight|Body Press|p1a: Deoxys
|-crit|p1a: Deoxys
|-damage|p1a: Deoxys|0 fnt
|faint|p1a: Deoxys
|
|win|claudechamp
|raw|BaxleyTheBomb's rating: 1163 &rarr; <strong>1140</strong><br />(-23 for losing)
|raw|claudechamp's rating: 1186 &rarr; <strong>1209</strong><br />(+23 for winning)
|c|☆claudechamp|gg
|l|‽BaxleyTheBomb
|player|p1|
|l|☆claudechamp
|player|p2|
