|j|☆tokiwakano
|j|☆psylxr
|t:|1779950600
|gametype|singles
|player|p1|tokiwakano|acetrainerf|1728
|player|p2|psylxr|265|1687
|gen|9
|tier|[Gen 9] OU
|rated|
|rule|HP Percentage Mod: HP is shown in percentages
|rule|Endless Battle Clause: Forcing endless battles is banned
|rule|Species Clause: Limit one of each Pokémon
|rule|OHKO Clause: OHKO moves are banned
|rule|Evasion Items Clause: Evasion items are banned
|rule|Evasion Moves Clause: Evasion moves are banned
|rule|Evasion Abilities Clause: Evasion abilities are banned
|rule|Sleep Moves Clause: Sleep-inducing moves are banned
|clearpoke
|poke|p1|Excadrill, M|
|poke|p1|Tyranitar, F|
|poke|p1|Enamorus, F|
|poke|p1|Hydrapple, M|
|poke|p1|Alomomola, M|
|poke|p1|Garganacl, F|
|poke|p2|Pelipper, F|
|poke|p2|Raging Bolt|
|poke|p2|Overqwil, M|
|poke|p2|Barraskewda, F|
|poke|p2|Iron Treads|
|poke|p2|Kingambit, F|
|teampreview
|inactive|Battle timer is ON: inactive players will automatically lose when time's up. (requested by tokiwakano)
|
|t:|1779950616
|teamsize|p1|6
|teamsize|p2|6
|start
|switch|p1a: Garganacl|Garganacl, F|100/100
|switch|p2a: Iron Belly|Iron Treads|100/100
|-enditem|p2a: Iron Belly|Booster Energy
|-activate|p2a: Iron Belly|ability: Quark Drive|[fromitem]
|-start|p2a: Iron Belly|quarkdrivespe
|turn|1
|
|t:|1779950632
|-terastallize|p1a: Garganacl|Fairy
|move|p2a: Iron Belly|Stealth Rock|p1a: Garganacl
|-sidestart|p1: tokiwakano|move: Stealth Rock
|move|p1a: Garganacl|Salt Cure|p2a: Iron Belly
|-resisted|p2a: Iron Belly
|-damage|p2a: Iron Belly|97/100
|-start|p2a: Iron Belly|Salt Cure
|
|-damage|p2a: Iron Belly|72/100|[from] Salt Cure
|upkeep
|turn|2
|
|t:|1779950641
|move|p2a: Iron Belly|Earth Power|p1a: Garganacl
|-damage|p1a: Garganacl|76/100
|move|p1a: Garganacl|Stealth Rock|p2a: Iron Belly
|-sidestart|p2: psylxr|move: Stealth Rock
|
|-heal|p1a: Garganacl|83/100|[from] item: Leftovers
|-damage|p2a: Iron Belly|47/100|[from] Salt Cure
|upkeep
|turn|3
|
|t:|1779950645
|move|p1a: Garganacl|Protect|p1a: Garganacl
|-singleturn|p1a: Garganacl|Protect
|move|p2a: Iron Belly|Steel Beam|p1a: Garganacl
|-activate|p1a: Garganacl|move: Protect
|-damage|p2a: Iron Belly|0 fnt|[from] steelbeam
|faint|p2a: Iron Belly
|-end|p2a: Iron Belly|Quark Drive|[silent]
|
|-heal|p1a: Garganacl|89/100|[from] item: Leftovers
|upkeep
|
|t:|1779950650
|switch|p2a: Gulp Gulp|Pelipper, F|100/100
|-damage|p2a: Gulp Gulp|76/100|[from] Stealth Rock
|-weather|RainDance|[from] ability: Drizzle|[of] p2a: Gulp Gulp
|turn|4
|
|t:|1779950655
|move|p2a: Gulp Gulp|U-turn|p1a: Garganacl
|-resisted|p1a: Garganacl
|-damage|p1a: Garganacl|86/100
|
|t:|1779950661
|switch|p2a: Flip Flop|Barraskewda, F|100/100|[from] U-turn
|-damage|p2a: Flip Flop|88/100|[from] Stealth Rock
|move|p1a: Garganacl|Salt Cure|p2a: Flip Flop
|-damage|p2a: Flip Flop|59/100
|-start|p2a: Flip Flop|Salt Cure
|
|-weather|RainDance|[upkeep]
|-heal|p1a: Garganacl|92/100|[from] item: Leftovers
|-damage|p2a: Flip Flop|34/100|[from] Salt Cure
|upkeep
|turn|5
|
|t:|1779950668
|move|p2a: Flip Flop|Liquidation|p1a: Garganacl
|-damage|p1a: Garganacl|21/100
|move|p1a: Garganacl|Salt Cure|p2a: Flip Flop
|-damage|p2a: Flip Flop|8/100
|
|-weather|RainDance|[upkeep]
|-heal|p1a: Garganacl|27/100|[from] item: Leftovers
|-damage|p2a: Flip Flop|0 fnt|[from] Salt Cure
|faint|p2a: Flip Flop
|upkeep
|
|t:|1779950671
|switch|p2a: Spike|Overqwil, M|100/100
|-damage|p2a: Spike|88/100|[from] Stealth Rock
|turn|6
|
|t:|1779950678
|switch|p1a: Tyranitar|Tyranitar, F|100/100
|-damage|p1a: Tyranitar|88/100|[from] Stealth Rock
|-weather|Sandstorm|[from] ability: Sand Stream|[of] p1a: Tyranitar
|move|p2a: Spike|Liquidation|p1a: Tyranitar
|-supereffective|p1a: Tyranitar
|-damage|p1a: Tyranitar|22/100
|-damage|p2a: Spike|78/100|[from] item: Life Orb
|
|-weather|Sandstorm|[upkeep]
|-damage|p2a: Spike|72/100|[from] Sandstorm
|upkeep
|turn|7
|
|t:|1779950686
|switch|p1a: Alomomola|Alomomola, M|100/100
|-damage|p1a: Alomomola|88/100|[from] Stealth Rock
|move|p2a: Spike|Gunk Shot|p1a: Alomomola
|-damage|p1a: Alomomola|42/100
|-damage|p2a: Spike|62/100|[from] item: Life Orb
|
|-weather|Sandstorm|[upkeep]
|-damage|p2a: Spike|56/100|[from] Sandstorm
|-damage|p1a: Alomomola|36/100|[from] Sandstorm
|upkeep
|turn|8
|
|t:|1779950692
|move|p2a: Spike|Gunk Shot|p1a: Alomomola|[miss]
|-miss|p2a: Spike|p1a: Alomomola
|move|p1a: Alomomola|Flip Turn|p2a: Spike
|-damage|p2a: Spike|37/100
|
|t:|1779950695
|switch|p1a: Excadrill|Excadrill, M|100/100|[from] Flip Turn
|-damage|p1a: Excadrill|97/100|[from] Stealth Rock
|
|-weather|Sandstorm|[upkeep]
|-damage|p2a: Spike|31/100|[from] Sandstorm
|-heal|p1a: Excadrill|100/100|[from] item: Leftovers
|upkeep
|turn|9
|
|t:|1779950697
|switch|p2a: Gulp Gulp|Pelipper, F|76/100
|-damage|p2a: Gulp Gulp|51/100|[from] Stealth Rock
|-weather|RainDance|[from] ability: Drizzle|[of] p2a: Gulp Gulp
|move|p1a: Excadrill|Rapid Spin|p2a: Gulp Gulp
|-damage|p2a: Gulp Gulp|35/100
|-boost|p1a: Excadrill|spe|1
|-sideend|p1: tokiwakano|Stealth Rock|[from] move: Rapid Spin|[of] p1a: Excadrill
|
|-weather|RainDance|[upkeep]
|upkeep
|turn|10
|
|t:|1779950703
|switch|p1a: Tyranitar|Tyranitar, F|22/100
|-weather|Sandstorm|[from] ability: Sand Stream|[of] p1a: Tyranitar
|move|p2a: Gulp Gulp|Weather Ball|p1a: Tyranitar
|-crit|p1a: Tyranitar
|-damage|p1a: Tyranitar|0 fnt
|faint|p1a: Tyranitar
|
|-weather|Sandstorm|[upkeep]
|-damage|p2a: Gulp Gulp|28/100|[from] Sandstorm
|upkeep
|
|t:|1779950713
|switch|p1a: Enamorus|Enamorus, F|100/100
|turn|11
|
|t:|1779950716
|switch|p2a: Queengambit|Kingambit, F|100/100
|-damage|p2a: Queengambit|94/100|[from] Stealth Rock
|-activate|p2a: Queengambit|ability: Supreme Overlord
|-start|p2a: Queengambit|fallen2|[silent]
|move|p1a: Enamorus|Moonblast|p2a: Queengambit
|-damage|p2a: Queengambit|40/100
|
|-weather|Sandstorm|[upkeep]
|-damage|p1a: Enamorus|94/100|[from] Sandstorm
|-heal|p2a: Queengambit|46/100|[from] item: Leftovers
|upkeep
|turn|12
|
|t:|1779950726
|move|p1a: Enamorus|Moonblast|p2a: Queengambit
|-damage|p2a: Queengambit|0 fnt
|faint|p2a: Queengambit
|-end|p2a: Queengambit|fallen2|[silent]
|
|-weather|Sandstorm|[upkeep]
|-damage|p1a: Enamorus|88/100|[from] Sandstorm
|upkeep
|
|t:|1779950729
|switch|p2a: Gulp Gulp|Pelipper, F|28/100
|-damage|p2a: Gulp Gulp|4/100|[from] Stealth Rock
|-weather|RainDance|[from] ability: Drizzle|[of] p2a: Gulp Gulp
|turn|13
|
|t:|1779950734
|move|p1a: Enamorus|Moonblast|p2a: Gulp Gulp
|-damage|p2a: Gulp Gulp|0 fnt
|faint|p2a: Gulp Gulp
|
|-weather|RainDance|[upkeep]
|upkeep
|
|t:|1779950743
|switch|p2a: Spike|Overqwil, M|31/100
|-damage|p2a: Spike|19/100|[from] Stealth Rock
|turn|14
|
|t:|1779950752
|switch|p1a: Hydrapple|Hydrapple, M|100/100
|move|p2a: Spike|Liquidation|p1a: Hydrapple
|-resisted|p1a: Hydrapple
|-damage|p1a: Hydrapple|93/100
|-damage|p2a: Spike|2/100|[from] item: Rocky Helmet|[of] p1a: Hydrapple
|-damage|p2a: Spike|0 fnt|[from] item: Life Orb
|faint|p2a: Spike
|
|-weather|RainDance|[upkeep]
|upkeep
|
|t:|1779950754
|switch|p2a: Raging Neck|Raging Bolt|100/100
|-damage|p2a: Raging Neck|88/100|[from] Stealth Rock
|-enditem|p2a: Raging Neck|Booster Energy
|-activate|p2a: Raging Neck|ability: Protosynthesis|[fromitem]
|-start|p2a: Raging Neck|protosynthesisspa
|turn|15
|
|t:|1779950762
|-terastallize|p2a: Raging Neck|Fairy
|move|p2a: Raging Neck|Draco Meteor|p1a: Hydrapple|[miss]
|-miss|p2a: Raging Neck|p1a: Hydrapple
|move|p1a: Hydrapple|Fickle Beam|p2a: Raging Neck
|-immune|p2a: Raging Neck
|
|-weather|RainDance|[upkeep]
|upkeep
|turn|16
|
|t:|1779950770
|move|p2a: Raging Neck|Draco Meteor|p1a: Hydrapple
|-supereffective|p1a: Hydrapple
|-damage|p1a: Hydrapple|0 fnt
|-unboost|p2a: Raging Neck|spa|2
|faint|p1a: Hydrapple
|
|-weather|RainDance|[upkeep]
|upkeep
|
|t:|1779950780
|switch|p1a: Enamorus|Enamorus, F|88/100
|turn|17
|
|t:|1779950782
|move|p1a: Enamorus|Moonblast|p2a: Raging Neck
|-damage|p2a: Raging Neck|40/100
|move|p2a: Raging Neck|Thunder|p1a: Enamorus
|-supereffective|p1a: Enamorus
|-crit|p1a: Enamorus
|-damage|p1a: Enamorus|0 fnt
|faint|p1a: Enamorus
|
|-weather|RainDance|[upkeep]
|upkeep
|
|t:|1779950789
|switch|p1a: Excadrill|Excadrill, M|100/100
|turn|18
|
|t:|1779950792
|move|p1a: Excadrill|Iron Head|p2a: Raging Neck
|-supereffective|p2a: Raging Neck
|-damage|p2a: Raging Neck|0 fnt
|faint|p2a: Raging Neck
|-end|p2a: Raging Neck|Protosynthesis|[silent]
|
|win|tokiwakano
|raw|tokiwakano's rating: 1728 &rarr; <strong>1746</strong><br />(+18 for winning)
|raw|psylxr's rating: 1687 &rarr; <strong>1669</strong><br />(-18 for losing)
|l|☆psylxr
|player|p2|
|l|☆tokiwakano
|player|p1|
