|j|☆lockheedmarlin
|j|☆gamvza
|t:|1779851400
|gametype|singles
|player|p1|lockheedmarlin|170|1136
|player|p2|gamvza|2|1239
|gen|9
|tier|[Gen 9] OU
|rated|
|rule|HP Percentage Mod: HP is shown in percentages
|rule|Endless Battle Clause: Forcing endless battles is banned
|rule|Species Clause: Limit one of each Pokémon
|rule|OHKO Clause: OHKO moves are banned
|rule|Evasion Items Clause: Evasion items are banned
|rule|Evasion Moves Clause: Evasion moves are banned
|rule|Evasion Abilities Clause: Evasion abilities are banned
|rule|Sleep Moves Clause: Sleep-inducing moves are banned
|clearpoke
|poke|p1|Tornadus-Therian, M|
|poke|p1|Lokix, M|
|poke|p1|Chimecho, F|
|poke|p1|Garchomp, M|
|poke|p1|Iron Treads|
|poke|p1|Glimmora, M|
|poke|p2|Dragonite, F|
|poke|p2|Gholdengo|
|poke|p2|Scream Tail|
|poke|p2|Zamazenta-*|
|poke|p2|Incineroar, M|
|poke|p2|Pecharunt|
|teampreview
|inactive|Battle timer is ON: inactive players will automatically lose when time's up. (requested by gamvza)
|inactive|lockheedmarlin also wants the timer to be on.
|
|t:|1779851424
|teamsize|p1|6
|teamsize|p2|6
|start
|switch|p1a: Glimmy Carter|Glimmora, M|100/100
|switch|p2a: Pecharunt|Pecharunt|100/100
|-item|p2a: Pecharunt|Air Balloon
|turn|1
|
|t:|1779851442
|move|p1a: Glimmy Carter|Rock Polish|p1a: Glimmy Carter
|-boost|p1a: Glimmy Carter|spe|2
|move|p2a: Pecharunt|Parting Shot|p1a: Glimmy Carter
|-unboost|p1a: Glimmy Carter|atk|1
|-unboost|p1a: Glimmy Carter|spa|1
|
|t:|1779851451
|switch|p2a: Dragonite|Dragonite, F|100/100|[from] Parting Shot
|
|upkeep
|turn|2
|
|t:|1779851456
|move|p1a: Glimmy Carter|Meteor Beam||[still]
|-prepare|p1a: Glimmy Carter|Meteor Beam
|-boost|p1a: Glimmy Carter|spa|1
|-enditem|p1a: Glimmy Carter|Power Herb
|-anim|p1a: Glimmy Carter|Meteor Beam|p2a: Dragonite
|-supereffective|p2a: Dragonite
|-damage|p2a: Dragonite|24/100
|move|p2a: Dragonite|Dragon Dance|p2a: Dragonite
|-boost|p2a: Dragonite|atk|1
|-boost|p2a: Dragonite|spe|1
|
|upkeep
|turn|3
|
|t:|1779851471
|move|p1a: Glimmy Carter|Power Gem|p2a: Dragonite
|-supereffective|p2a: Dragonite
|-damage|p2a: Dragonite|0 fnt
|faint|p2a: Dragonite
|
|upkeep
|
|t:|1779851484
|switch|p2a: Zamazenta|Zamazenta|100/100
|-ability|p2a: Zamazenta|Dauntless Shield|boost
|-boost|p2a: Zamazenta|def|1
|turn|4
|
|t:|1779851491
|move|p1a: Glimmy Carter|Meteor Beam||[still]
|-prepare|p1a: Glimmy Carter|Meteor Beam
|-boost|p1a: Glimmy Carter|spa|1
|move|p2a: Zamazenta|Iron Defense|p2a: Zamazenta
|-boost|p2a: Zamazenta|def|2
|
|upkeep
|turn|5
|
|t:|1779851498
|move|p1a: Glimmy Carter|Meteor Beam|p2a: Zamazenta|[from] lockedmove
|-resisted|p2a: Zamazenta
|-crit|p2a: Zamazenta
|-damage|p2a: Zamazenta|41/100
|move|p2a: Zamazenta|Roar|p1a: Glimmy Carter
|drag|p1a: BING BONG|Chimecho, F|100/100
|
|-heal|p2a: Zamazenta|48/100|[from] item: Leftovers
|upkeep
|turn|6
|
|t:|1779851509
|-terastallize|p2a: Zamazenta|Dark
|move|p2a: Zamazenta|Crunch|p1a: BING BONG
|-supereffective|p1a: BING BONG
|-damage|p1a: BING BONG|49/100
|-enditem|p1a: BING BONG|Sitrus Berry|[eat]
|-heal|p1a: BING BONG|74/100|[from] item: Sitrus Berry
|move|p1a: BING BONG|Thunder Wave|p2a: Zamazenta
|-status|p2a: Zamazenta|par
|
|-heal|p2a: Zamazenta|54/100 par|[from] item: Leftovers
|upkeep
|turn|7
|
|t:|1779851522
|switch|p2a: Gholdengo|Gholdengo|100/100
|move|p1a: BING BONG|Wish|p1a: BING BONG
|
|upkeep
|turn|8
|
|t:|1779851526
|move|p2a: Gholdengo|Nasty Plot|p2a: Gholdengo
|-boost|p2a: Gholdengo|spa|2
|move|p1a: BING BONG|Knock Off|p2a: Gholdengo
|-supereffective|p2a: Gholdengo
|-damage|p2a: Gholdengo|70/100
|-enditem|p2a: Gholdengo|Heavy-Duty Boots|[from] move: Knock Off|[of] p1a: BING BONG
|
|-heal|p1a: BING BONG|100/100|[from] move: Wish|[wisher] BING BONG
|upkeep
|turn|9
|
|t:|1779851536
|switch|p1a: Fatty Lou|Tornadus-Therian, M|100/100
|move|p2a: Gholdengo|Shadow Ball|p1a: Fatty Lou
|-damage|p1a: Fatty Lou|10/100
|
|upkeep
|turn|10
|
|t:|1779851542
|move|p1a: Fatty Lou|U-turn|p2a: Gholdengo
|-resisted|p2a: Gholdengo
|-damage|p2a: Gholdengo|66/100
|
|t:|1779851546
|switch|p1a: BING BONG|Chimecho, F|100/100|[from] U-turn
|move|p2a: Gholdengo|Shadow Ball|p1a: BING BONG
|-supereffective|p1a: BING BONG
|-damage|p1a: BING BONG|0 fnt
|faint|p1a: BING BONG
|
|upkeep
|
|t:|1779851548
|switch|p1a: Jane Juliet|Lokix, M|100/100
|turn|11
|
|t:|1779851550
|move|p1a: Jane Juliet|Knock Off|p2a: Gholdengo
|-supereffective|p2a: Gholdengo
|-damage|p2a: Gholdengo|0 fnt
|faint|p2a: Gholdengo
|
|upkeep
|
|t:|1779851557
|switch|p2a: Incineroar|Incineroar, M|100/100
|turn|12
|c|☆lockheedmarlin|Blaze?
|
|t:|1779851574
|switch|p1a: Sand Paper|Garchomp, M|100/100
|move|p2a: Incineroar|Will-O-Wisp|p1a: Sand Paper
|-status|p1a: Sand Paper|brn
|
|-damage|p1a: Sand Paper|94/100 brn|[from] brn
|upkeep
|turn|13
|c|☆gamvza|i didnt notice i didnt i change the ability xd
|
|t:|1779851598
|move|p1a: Sand Paper|Stealth Rock|p2a: Incineroar
|-sidestart|p2: gamvza|move: Stealth Rock
|move|p2a: Incineroar|Parting Shot|p1a: Sand Paper
|-unboost|p1a: Sand Paper|atk|1
|-unboost|p1a: Sand Paper|spa|1
|
|t:|1779851604
|switch|p2a: Scream Tail|Scream Tail|100/100|[from] Parting Shot
|-damage|p2a: Scream Tail|88/100|[from] Stealth Rock
|
|-damage|p1a: Sand Paper|88/100 brn|[from] brn
|upkeep
|turn|14
|
|t:|1779851612
|switch|p1a: ROAD ROLLER|Iron Treads|100/100
|-item|p1a: ROAD ROLLER|Air Balloon
|move|p2a: Scream Tail|Stealth Rock|p1a: ROAD ROLLER
|-sidestart|p1: lockheedmarlin|move: Stealth Rock
|
|upkeep
|turn|15
|
|t:|1779851636
|-end|p2a: Scream Tail|Protosynthesis|[silent]
|switch|p2a: Pecharunt|Pecharunt|100/100
|-damage|p2a: Pecharunt|88/100|[from] Stealth Rock
|-item|p2a: Pecharunt|Air Balloon
|move|p1a: ROAD ROLLER|Iron Head|p2a: Pecharunt
|-damage|p2a: Pecharunt|70/100
|-enditem|p2a: Pecharunt|Air Balloon
|
|upkeep
|turn|16
|
|t:|1779851646
|move|p1a: ROAD ROLLER|Earthquake|p2a: Pecharunt
|-supereffective|p2a: Pecharunt
|-damage|p2a: Pecharunt|23/100
|move|p2a: Pecharunt|Recover|p2a: Pecharunt
|-heal|p2a: Pecharunt|73/100
|
|upkeep
|turn|17
|
|t:|1779851652
|-terastallize|p1a: ROAD ROLLER|Ground
|move|p1a: ROAD ROLLER|Earthquake|p2a: Pecharunt
|-supereffective|p2a: Pecharunt
|-damage|p2a: Pecharunt|17/100
|move|p2a: Pecharunt|Recover|p2a: Pecharunt
|-heal|p2a: Pecharunt|67/100
|
|upkeep
|turn|18
|
|t:|1779851662
|move|p1a: ROAD ROLLER|Earthquake|p2a: Pecharunt
|-supereffective|p2a: Pecharunt
|-damage|p2a: Pecharunt|9/100
|move|p2a: Pecharunt|Malignant Chain|p1a: ROAD ROLLER
|-resisted|p1a: ROAD ROLLER
|-damage|p1a: ROAD ROLLER|80/100
|-status|p1a: ROAD ROLLER|tox
|-start|p1a: ROAD ROLLER|confusion|[from] ability: Poison Puppeteer|[of] p2a: Pecharunt
|-enditem|p1a: ROAD ROLLER|Air Balloon
|
|-damage|p1a: ROAD ROLLER|73/100 tox|[from] psn
|upkeep
|turn|19
|
|t:|1779851675
|-activate|p1a: ROAD ROLLER|confusion
|move|p1a: ROAD ROLLER|Earthquake|p2a: Pecharunt
|-supereffective|p2a: Pecharunt
|-crit|p2a: Pecharunt
|-damage|p2a: Pecharunt|0 fnt
|faint|p2a: Pecharunt
|
|-damage|p1a: ROAD ROLLER|61/100 tox|[from] psn
|upkeep
|
|t:|1779851684
|switch|p2a: Zamazenta|Zamazenta, tera:Dark|54/100 par
|-damage|p2a: Zamazenta|41/100 par|[from] Stealth Rock
|turn|20
|
|t:|1779851688
|-activate|p1a: ROAD ROLLER|confusion
|move|p1a: ROAD ROLLER|Rapid Spin|p2a: Zamazenta
|-damage|p2a: Zamazenta|29/100 par
|-boost|p1a: ROAD ROLLER|spe|1
|-sideend|p1: lockheedmarlin|Stealth Rock|[from] move: Rapid Spin|[of] p1a: ROAD ROLLER
|move|p2a: Zamazenta|Iron Defense|p2a: Zamazenta
|-boost|p2a: Zamazenta|def|2
|
|-heal|p2a: Zamazenta|36/100 par|[from] item: Leftovers
|-damage|p1a: ROAD ROLLER|42/100 tox|[from] psn
|upkeep
|turn|21
|
|t:|1779851696
|-end|p1a: ROAD ROLLER|confusion
|move|p1a: ROAD ROLLER|Earthquake|p2a: Zamazenta
|-damage|p2a: Zamazenta|11/100 par
|move|p2a: Zamazenta|Crunch|p1a: ROAD ROLLER
|-damage|p1a: ROAD ROLLER|12/100 tox
|
|-heal|p2a: Zamazenta|18/100 par|[from] item: Leftovers
|-damage|p1a: ROAD ROLLER|0 fnt|[from] psn
|faint|p1a: ROAD ROLLER
|-end|p1a: ROAD ROLLER|Quark Drive|[silent]
|upkeep
|
|t:|1779851698
|switch|p1a: Sand Paper|Garchomp, M|88/100 brn
|turn|22
|
|t:|1779851708
|move|p1a: Sand Paper|Draco Meteor|p2a: Zamazenta
|-damage|p2a: Zamazenta|0 fnt
|-unboost|p1a: Sand Paper|spa|2
|faint|p2a: Zamazenta
|
|-damage|p1a: Sand Paper|82/100 brn|[from] brn
|upkeep
|
|t:|1779851711
|switch|p2a: Scream Tail|Scream Tail|88/100
|-damage|p2a: Scream Tail|76/100|[from] Stealth Rock
|turn|23
|
|t:|1779851720
|switch|p1a: Glimmy Carter|Glimmora, M|100/100
|move|p2a: Scream Tail|Wish|p2a: Scream Tail
|
|upkeep
|turn|24
|
|t:|1779851729
|move|p2a: Scream Tail|Dazzling Gleam|p1a: Glimmy Carter
|-resisted|p1a: Glimmy Carter
|-damage|p1a: Glimmy Carter|87/100
|move|p1a: Glimmy Carter|Meteor Beam||[still]
|-prepare|p1a: Glimmy Carter|Meteor Beam
|-boost|p1a: Glimmy Carter|spa|1
|
|-heal|p2a: Scream Tail|100/100|[from] move: Wish|[wisher] Scream Tail
|upkeep
|turn|25
|-message|gamvza forfeited.
|
|win|lockheedmarlin
|raw|lockheedmarlin's rating: 1136 &rarr; <strong>1168</strong><br />(+32 for winning)
|raw|gamvza's rating: 1239 &rarr; <strong>1207</strong><br />(-32 for losing)
|l|☆gamvza
|player|p2|
|c|☆lockheedmarlin|Gg
|l|☆lockheedmarlin
|player|p1|
|j|☆lockheedmarlin
|player|p1|lockheedmarlin|170|
|l|☆lockheedmarlin
|player|p1|
