|j|☆Kichimura Washuu
|j|☆Carlyle73
|t:|1779809252
|gametype|singles
|player|p1|Kichimura Washuu|clerk|1291
|player|p2|Carlyle73|benga|1233
|gen|9
|tier|[Gen 9] OU
|rated|
|rule|HP Percentage Mod: HP is shown in percentages
|rule|Endless Battle Clause: Forcing endless battles is banned
|rule|Species Clause: Limit one of each Pokémon
|rule|OHKO Clause: OHKO moves are banned
|rule|Evasion Items Clause: Evasion items are banned
|rule|Evasion Moves Clause: Evasion moves are banned
|rule|Evasion Abilities Clause: Evasion abilities are banned
|rule|Sleep Moves Clause: Sleep-inducing moves are banned
|clearpoke
|poke|p1|Chansey, F|
|poke|p1|Clefable, M|
|poke|p1|Gengar, M|
|poke|p1|Ninetales, M|
|poke|p1|Venusaur, M|
|poke|p1|Espeon, M|
|poke|p2|Glimmora, M|
|poke|p2|Garganacl, M|
|poke|p2|Rhyperior, M|
|poke|p2|Gholdengo|
|poke|p2|Goodra-Hisui, M|
|poke|p2|Skeledirge, M|
|teampreview
|
|t:|1779809279
|teamsize|p1|6
|teamsize|p2|6
|start
|switch|p1a: Gengar|Gengar, M|100/100
|switch|p2a: Goodra|Goodra-Hisui, M|100/100
|turn|1
|
|t:|1779809284
|move|p1a: Gengar|Shadow Ball|p2a: Goodra
|-damage|p2a: Goodra|81/100
|move|p2a: Goodra|Thunderbolt|p1a: Gengar
|-damage|p1a: Gengar|54/100
|-start|p2a: Goodra|Disable|Thunderbolt|[from] ability: Cursed Body|[of] p1a: Gengar
|
|upkeep
|turn|2
|
|t:|1779809291
|move|p1a: Gengar|Pain Split|p2a: Goodra
|-sethp|p2a: Goodra|60/100|[from] move: Pain Split|[silent]
|-sethp|p1a: Gengar|83/100|[from] move: Pain Split
|move|p2a: Goodra|Flash Cannon|p1a: Gengar
|-damage|p1a: Gengar|15/100
|
|upkeep
|turn|3
|
|t:|1779809298
|move|p1a: Gengar|Destiny Bond|p1a: Gengar
|-singlemove|p1a: Gengar|Destiny Bond
|move|p2a: Goodra|Flash Cannon|p1a: Gengar
|-damage|p1a: Gengar|0 fnt
|faint|p1a: Gengar
|-activate|p1a: Gengar|move: Destiny Bond
|faint|p2a: Goodra
|
|upkeep
|
|t:|1779809306
|switch|p1a: Espeon|Espeon, M, shiny|100/100
|switch|p2a: Glimmora|Glimmora, M|100/100
|turn|4
|
|t:|1779809312
|move|p1a: Espeon|Psyshock|p2a: Glimmora
|-supereffective|p2a: Glimmora
|-enditem|p2a: Glimmora|Focus Sash
|-damage|p2a: Glimmora|1/100
|move|p2a: Glimmora|Mud Shot|p1a: Espeon
|-damage|p1a: Espeon|75/100
|-unboost|p1a: Espeon|spe|1
|
|upkeep
|turn|5
|
|t:|1779809322
|switch|p2a: Garganacl|Garganacl, M|100/100
|move|p1a: Espeon|Psyshock|p2a: Garganacl
|-damage|p2a: Garganacl|73/100
|
|-heal|p2a: Garganacl|79/100|[from] item: Leftovers
|upkeep
|turn|6
|
|t:|1779809333
|switch|p1a: Clefable|Clefable, M|100/100
|move|p2a: Garganacl|Curse|p2a: Garganacl
|-unboost|p2a: Garganacl|spe|1
|-boost|p2a: Garganacl|atk|1
|-boost|p2a: Garganacl|def|1
|
|-heal|p2a: Garganacl|85/100|[from] item: Leftovers
|upkeep
|turn|7
|
|t:|1779809342
|move|p1a: Clefable|Moonblast|p2a: Garganacl
|-damage|p2a: Garganacl|43/100
|move|p2a: Garganacl|Salt Cure|p1a: Clefable
|-damage|p1a: Clefable|76/100
|-start|p1a: Clefable|Salt Cure
|
|-heal|p2a: Garganacl|49/100|[from] item: Leftovers
|upkeep
|turn|8
|
|t:|1779809347
|move|p1a: Clefable|Calm Mind|p1a: Clefable
|-boost|p1a: Clefable|spa|1
|-boost|p1a: Clefable|spd|1
|move|p2a: Garganacl|Recover|p2a: Garganacl
|-heal|p2a: Garganacl|99/100
|
|-heal|p2a: Garganacl|100/100|[from] item: Leftovers
|upkeep
|turn|9
|
|t:|1779809356
|switch|p2a: Glimmora|Glimmora, M|1/100
|move|p1a: Clefable|Moonblast|p2a: Glimmora
|-resisted|p2a: Glimmora
|-damage|p2a: Glimmora|0 fnt
|faint|p2a: Glimmora
|
|upkeep
|
|t:|1779809361
|switch|p2a: Gholdengo|Gholdengo|100/100
|turn|10
|
|t:|1779809369
|-terastallize|p1a: Clefable|Steel
|move|p2a: Gholdengo|Make It Rain|p1a: Clefable
|-resisted|p1a: Clefable
|-damage|p1a: Clefable|58/100
|-unboost|p2a: Gholdengo|spa|1
|move|p1a: Clefable|Calm Mind|p1a: Clefable
|-boost|p1a: Clefable|spa|1
|-boost|p1a: Clefable|spd|1
|
|upkeep
|turn|11
|
|t:|1779809375
|switch|p2a: Rhyperior|Rhyperior, M|100/100
|move|p1a: Clefable|Moonblast|p2a: Rhyperior
|-damage|p2a: Rhyperior|0 fnt
|faint|p2a: Rhyperior
|
|upkeep
|
|t:|1779809380
|switch|p2a: Garganacl|Garganacl, M|100/100
|turn|12
|
|t:|1779809383
|move|p1a: Clefable|Moonblast|p2a: Garganacl
|-damage|p2a: Garganacl|22/100
|move|p2a: Garganacl|Body Press|p1a: Clefable
|-supereffective|p1a: Clefable
|-damage|p1a: Clefable|0 fnt
|faint|p1a: Clefable
|
|-heal|p2a: Garganacl|28/100|[from] item: Leftovers
|upkeep
|
|t:|1779809395
|switch|p1a: Venusaur|Venusaur, M|100/100
|turn|13
|
|t:|1779809414
|move|p1a: Venusaur|Giga Drain|p2a: Garganacl
|-supereffective|p2a: Garganacl
|-damage|p2a: Garganacl|0 fnt
|faint|p2a: Garganacl
|-damage|p1a: Venusaur|91/100|[from] item: Life Orb
|
|upkeep
|
|t:|1779809423
|switch|p2a: Skeledirge|Skeledirge, M|100/100
|turn|14
|
|t:|1779809431
|switch|p1a: Chansey|Chansey, F|100/100
|move|p2a: Skeledirge|Torch Song|p1a: Chansey
|-damage|p1a: Chansey|94/100
|-boost|p2a: Skeledirge|spa|1
|
|upkeep
|turn|15
|
|t:|1779809482
|move|p2a: Skeledirge|Torch Song|p1a: Chansey
|-damage|p1a: Chansey|84/100
|-boost|p2a: Skeledirge|spa|1
|move|p1a: Chansey|Thunder Wave|p2a: Skeledirge
|-status|p2a: Skeledirge|par
|
|upkeep
|turn|16
|
|t:|1779809562
|switch|p1a: Ninetales|Ninetales, M|100/100
|-weather|SunnyDay|[from] ability: Drought|[of] p1a: Ninetales
|cant|p2a: Skeledirge|par
|
|-weather|SunnyDay|[upkeep]
|upkeep
|turn|17
|
|t:|1779809580
|move|p1a: Ninetales|Memento|p2a: Skeledirge
|-unboost|p2a: Skeledirge|atk|2
|-unboost|p2a: Skeledirge|spa|2
|faint|p1a: Ninetales
|move|p2a: Skeledirge|Torch Song|p1: Ninetales|[notarget]
|-fail|p2a: Skeledirge
|
|-weather|SunnyDay|[upkeep]
|upkeep
|
|t:|1779809585
|switch|p1a: Venusaur|Venusaur, M|91/100
|turn|18
|
|t:|1779809592
|move|p1a: Venusaur|Growth|p1a: Venusaur
|-boost|p1a: Venusaur|atk|2
|-boost|p1a: Venusaur|spa|2
|move|p2a: Skeledirge|Torch Song|p1a: Venusaur
|-supereffective|p1a: Venusaur
|-damage|p1a: Venusaur|0 fnt
|-boost|p2a: Skeledirge|spa|1
|faint|p1a: Venusaur
|
|-weather|SunnyDay|[upkeep]
|upkeep
|
|t:|1779809594
|switch|p1a: Espeon|Espeon, M, shiny|75/100
|turn|19
|
|t:|1779809596
|move|p1a: Espeon|Shadow Ball|p2a: Skeledirge
|-supereffective|p2a: Skeledirge
|-damage|p2a: Skeledirge|39/100 par
|move|p2a: Skeledirge|Shadow Ball|p1a: Espeon
|-supereffective|p1a: Espeon
|-crit|p1a: Espeon
|-damage|p1a: Espeon|0 fnt
|faint|p1a: Espeon
|
|-weather|SunnyDay|[upkeep]
|upkeep
|
|t:|1779809615
|switch|p1a: Chansey|Chansey, F|84/100
|turn|20
|-message|Kichimura Washuu forfeited.
|
|win|Carlyle73
|raw|Kichimura Washuu's rating: 1291 &rarr; <strong>1262</strong><br />(-29 for losing)
|raw|Carlyle73's rating: 1233 &rarr; <strong>1262</strong><br />(+29 for winning)
|l|☆Kichimura Washuu
|player|p1|
|l|☆Carlyle73
|player|p2|
