|j|‽IwillPrayForyou
|j|☆claudechamp
|t:|1779832905
|gametype|singles
|player|p1|IwillPrayForyou|2|1192
|player|p2|claudechamp|265|1243
|gen|9
|tier|[Gen 9] OU
|rated|
|rule|HP Percentage Mod: HP is shown in percentages
|rule|Endless Battle Clause: Forcing endless battles is banned
|rule|Species Clause: Limit one of each Pokémon
|rule|OHKO Clause: OHKO moves are banned
|rule|Evasion Items Clause: Evasion items are banned
|rule|Evasion Moves Clause: Evasion moves are banned
|rule|Evasion Abilities Clause: Evasion abilities are banned
|rule|Sleep Moves Clause: Sleep-inducing moves are banned
|clearpoke
|poke|p1|Torkoal, M|
|poke|p1|Walking Wake|
|poke|p1|Ribombee, F|
|poke|p1|Slowking-Galar, M|
|poke|p1|Raging Bolt|
|poke|p1|Iron Valiant|
|poke|p2|Corviknight, F|
|poke|p2|Ting-Lu|
|poke|p2|Kyurem|
|poke|p2|Dondozo, F|
|poke|p2|Slowking-Galar, M|
|poke|p2|Cinderace, M|
|teampreview
|c|☆claudechamp|hf
|inactive|Battle timer is ON: inactive players will automatically lose when time's up. (requested by claudechamp)
|
|t:|1779832911
|teamsize|p1|6
|teamsize|p2|6
|start
|switch|p1a: Ribombee|Ribombee, F|100/100
|switch|p2a: Cinderace|Cinderace, M|100/100
|turn|1
|
|t:|1779832936
|switch|p2a: Kyurem|Kyurem|100/100
|-ability|p2a: Kyurem|Pressure
|move|p1a: Ribombee|Sticky Web|p2a: Kyurem
|-sidestart|p2: claudechamp|move: Sticky Web
|
|upkeep
|turn|2
|
|t:|1779832942
|switch|p2a: Cinderace|Cinderace, M|100/100
|move|p1a: Ribombee|Moonblast|p2a: Cinderace
|-resisted|p2a: Cinderace
|-damage|p2a: Cinderace|78/100
|
|upkeep
|turn|3
|
|t:|1779832950
|switch|p1a: Torkoal|Torkoal, M|100/100
|-weather|SunnyDay|[from] ability: Drought|[of] p1a: Torkoal
|-terastallize|p2a: Cinderace|Fire
|move|p2a: Cinderace|Court Change|p2a: Cinderace
|-swapsideconditions
|-activate|p2a: Cinderace|move: Court Change
|
|-weather|SunnyDay|[upkeep]
|upkeep
|turn|4
|
|t:|1779832958
|move|p2a: Cinderace|Pyro Ball|p1a: Torkoal
|-resisted|p1a: Torkoal
|-crit|p1a: Torkoal
|-damage|p1a: Torkoal|62/100
|move|p1a: Torkoal|Rapid Spin|p2a: Cinderace
|-crit|p2a: Cinderace
|-damage|p2a: Cinderace|61/100
|-boost|p1a: Torkoal|spe|1
|-sideend|p1: IwillPrayForyou|Sticky Web|[from] move: Rapid Spin|[of] p1a: Torkoal
|
|-weather|SunnyDay|[upkeep]
|upkeep
|turn|5
|
|t:|1779832966
|move|p2a: Cinderace|Pyro Ball|p1a: Torkoal
|-resisted|p1a: Torkoal
|-damage|p1a: Torkoal|34/100
|move|p1a: Torkoal|Body Press|p2a: Cinderace
|-damage|p2a: Cinderace|21/100
|
|-weather|SunnyDay|[upkeep]
|upkeep
|turn|6
|
|t:|1779832974
|move|p2a: Cinderace|Pyro Ball|p1a: Torkoal
|-resisted|p1a: Torkoal
|-damage|p1a: Torkoal|0 fnt
|faint|p1a: Torkoal
|
|-weather|SunnyDay|[upkeep]
|upkeep
|
|t:|1779832980
|switch|p1a: Iron Valiant|Iron Valiant|100/100
|-enditem|p1a: Iron Valiant|Booster Energy
|-activate|p1a: Iron Valiant|ability: Quark Drive|[fromitem]
|-start|p1a: Iron Valiant|quarkdrivespe
|turn|7
|
|t:|1779832984
|switch|p2a: Slowking|Slowking-Galar, M|100/100
|move|p1a: Iron Valiant|Knock Off|p2a: Slowking
|-supereffective|p2a: Slowking
|-damage|p2a: Slowking|53/100
|-enditem|p2a: Slowking|Shuca Berry|[from] move: Knock Off|[of] p1a: Iron Valiant
|
|-weather|SunnyDay|[upkeep]
|upkeep
|turn|8
|
|t:|1779833002
|move|p1a: Iron Valiant|Knock Off|p2a: Slowking
|-supereffective|p2a: Slowking
|-damage|p2a: Slowking|18/100
|move|p2a: Slowking|Sludge Bomb|p1a: Iron Valiant
|-supereffective|p1a: Iron Valiant
|-damage|p1a: Iron Valiant|0 fnt
|faint|p1a: Iron Valiant
|-end|p1a: Iron Valiant|Quark Drive|[silent]
|
|-weather|SunnyDay|[upkeep]
|upkeep
|
|t:|1779833017
|switch|p1a: Ribombee|Ribombee, F|100/100
|turn|9
|
|t:|1779833024
|move|p1a: Ribombee|Bug Buzz|p2a: Slowking
|-damage|p2a: Slowking|0 fnt
|faint|p2a: Slowking
|
|-weather|SunnyDay|[upkeep]
|upkeep
|
|t:|1779833029
|switch|p2a: Corviknight|Corviknight, F|100/100
|-ability|p2a: Corviknight|Pressure
|turn|10
|
|t:|1779833036
|move|p1a: Ribombee|Sticky Web|p2a: Corviknight
|-sidestart|p2: claudechamp|move: Sticky Web
|move|p2a: Corviknight|Brave Bird|p1a: Ribombee
|-supereffective|p1a: Ribombee
|-enditem|p1a: Ribombee|Focus Sash
|-damage|p1a: Ribombee|1/100
|-damage|p2a: Corviknight|79/100|[from] Recoil
|
|-weather|none
|upkeep
|turn|11
|inactive|IwillPrayForyou has 120 seconds left.
|
|t:|1779833082
|move|p1a: Ribombee|Fake Tears|p2a: Corviknight
|-unboost|p2a: Corviknight|spd|2
|move|p2a: Corviknight|Roost|p2a: Corviknight
|-heal|p2a: Corviknight|100/100
|-singleturn|p2a: Corviknight|move: Roost
|
|upkeep
|turn|12
|
|t:|1779833089
|move|p1a: Ribombee|Moonblast|p2a: Corviknight
|-resisted|p2a: Corviknight
|-damage|p2a: Corviknight|65/100
|move|p2a: Corviknight|Defog|p1a: Ribombee
|-unboost|p1a: Ribombee|evasion|1
|-sideend|p2: claudechamp|Sticky Web|[from] move: Defog|[of] p2a: Corviknight
|
|upkeep
|turn|13
|
|t:|1779833102
|move|p1a: Ribombee|Sticky Web|p2a: Corviknight
|-sidestart|p2: claudechamp|move: Sticky Web
|move|p2a: Corviknight|U-turn|p1a: Ribombee
|-resisted|p1a: Ribombee
|-damage|p1a: Ribombee|0 fnt
|faint|p1a: Ribombee
|
|t:|1779833110
|switch|p2a: Cinderace|Cinderace, M, tera:Fire|21/100|[from] U-turn
|
|upkeep
|inactive|IwillPrayForyou has 120 seconds left.
|
|t:|1779833120
|switch|p1a: Walking Wake|Walking Wake|100/100
|turn|14
|inactive|IwillPrayForyou has 120 seconds left.
|
|t:|1779833128
|move|p2a: Cinderace|Court Change|p2a: Cinderace
|-swapsideconditions
|-activate|p2a: Cinderace|move: Court Change
|move|p1a: Walking Wake|Flip Turn|p2a: Cinderace
|-supereffective|p2a: Cinderace
|-damage|p2a: Cinderace|0 fnt
|faint|p2a: Cinderace
|inactive|IwillPrayForyou has 120 seconds left.
|
|t:|1779833134
|-end|p1a: Walking Wake|Protosynthesis|[silent]
|switch|p1a: Slowking|Slowking-Galar, M|100/100|[from] Flip Turn
|
|upkeep
|
|t:|1779833142
|switch|p2a: Kyurem|Kyurem|100/100
|-ability|p2a: Kyurem|Pressure
|turn|15
|inactive|IwillPrayForyou has 120 seconds left.
|
|t:|1779833162
|move|p2a: Kyurem|Freeze-Dry|p1a: Slowking
|-damage|p1a: Slowking|78/100
|move|p1a: Slowking|Foul Play|p2a: Kyurem
|-damage|p2a: Kyurem|79/100
|
|-heal|p2a: Kyurem|86/100|[from] item: Leftovers
|upkeep
|turn|16
|
|t:|1779833170
|move|p2a: Kyurem|Earth Power|p1a: Slowking
|-supereffective|p1a: Slowking
|-crit|p1a: Slowking
|-damage|p1a: Slowking|21/100
|move|p1a: Slowking|Future Sight|p2a: Kyurem
|-start|p1a: Slowking|move: Future Sight
|
|-heal|p2a: Kyurem|92/100|[from] item: Leftovers
|upkeep
|turn|17
|
|t:|1779833181
|move|p2a: Kyurem|Freeze-Dry|p1a: Slowking
|-crit|p1a: Slowking
|-damage|p1a: Slowking|0 fnt
|faint|p1a: Slowking
|
|-heal|p2a: Kyurem|98/100|[from] item: Leftovers
|upkeep
|
|t:|1779833188
|switch|p1a: Walking Wake|Walking Wake|100/100
|-activate|p1a: Walking Wake|move: Sticky Web
|-unboost|p1a: Walking Wake|spe|1
|turn|18
|inactive|IwillPrayForyou has 120 seconds left.
|
|t:|1779833213
|-terastallize|p1a: Walking Wake|Water
|move|p2a: Kyurem|Freeze-Dry|p1a: Walking Wake
|-supereffective|p1a: Walking Wake
|-damage|p1a: Walking Wake|20/100
|move|p1a: Walking Wake|Hydro Steam|p2a: Kyurem
|-resisted|p2a: Kyurem
|-damage|p2a: Kyurem|59/100
|
|-end|p2a: Kyurem|move: Future Sight
|-damage|p2a: Kyurem|18/100
|-heal|p2a: Kyurem|25/100|[from] item: Leftovers
|upkeep
|turn|19
|
|t:|1779833221
|move|p2a: Kyurem|Freeze-Dry|p1a: Walking Wake
|-supereffective|p1a: Walking Wake
|-damage|p1a: Walking Wake|0 fnt
|faint|p1a: Walking Wake
|-end|p1a: Walking Wake|Protosynthesis|[silent]
|
|-heal|p2a: Kyurem|31/100|[from] item: Leftovers
|upkeep
|
|t:|1779833224
|switch|p1a: Raging Bolt|Raging Bolt|100/100
|-activate|p1a: Raging Bolt|move: Sticky Web
|-unboost|p1a: Raging Bolt|spe|1
|turn|20
|
|t:|1779833230
|move|p2a: Kyurem|Earth Power|p1a: Raging Bolt
|-supereffective|p1a: Raging Bolt
|-damage|p1a: Raging Bolt|47/100
|move|p1a: Raging Bolt|Thunderbolt|p2a: Kyurem
|-resisted|p2a: Kyurem
|-damage|p2a: Kyurem|0 fnt
|faint|p2a: Kyurem
|
|upkeep
|
|t:|1779833239
|switch|p2a: Ting-Lu|Ting-Lu|100/100
|-ability|p2a: Ting-Lu|Vessel of Ruin
|turn|21
|-message|IwillPrayForyou forfeited.
|
|win|claudechamp
|raw|IwillPrayForyou's rating: 1192 &rarr; <strong>1172</strong><br />(-20 for losing)
|raw|claudechamp's rating: 1266 &rarr; <strong>1286</strong><br />(+20 for winning)
|l|‽IwillPrayForyou
|player|p1|
|c|☆claudechamp|gg
