|j|‽Orosu1922
|j|☆Angeboii
|t:|1779813398
|gametype|singles
|player|p1|Orosu1922|iris-gen5bw2|1248
|player|p2|Angeboii|pokekid|1203
|gen|9
|tier|[Gen 9] OU
|rated|
|rule|HP Percentage Mod: HP is shown in percentages
|rule|Endless Battle Clause: Forcing endless battles is banned
|rule|Species Clause: Limit one of each Pokémon
|rule|OHKO Clause: OHKO moves are banned
|rule|Evasion Items Clause: Evasion items are banned
|rule|Evasion Moves Clause: Evasion moves are banned
|rule|Evasion Abilities Clause: Evasion abilities are banned
|rule|Sleep Moves Clause: Sleep-inducing moves are banned
|clearpoke
|poke|p1|Greninja-*, M|
|poke|p1|Zamazenta-*|
|poke|p1|Great Tusk|
|poke|p1|Gholdengo|
|poke|p1|Glimmora, F|
|poke|p1|Iron Moth|
|poke|p2|Weezing-Galar, M|
|poke|p2|Great Tusk|
|poke|p2|Weavile, F|
|poke|p2|Primarina, F|
|poke|p2|Cinccino, M|
|poke|p2|Oricorio-Pom-Pom, F|
|teampreview
|
|t:|1779813415
|teamsize|p1|6
|teamsize|p2|6
|start
|switch|p1a: Zamazenta|Zamazenta|100/100
|switch|p2a: Dancin' Bob|Oricorio-Pom-Pom, F, shiny|100/100
|-ability|p1a: Zamazenta|Dauntless Shield|boost
|-boost|p1a: Zamazenta|def|1
|turn|1
|inactive|Battle timer is ON: inactive players will automatically lose when time's up. (requested by Angeboii)
|
|t:|1779813421
|switch|p1a: Gholdengo|Gholdengo|100/100
|-item|p1a: Gholdengo|Air Balloon
|move|p2a: Dancin' Bob|Taunt|p1a: Gholdengo
|-immune|p1a: Gholdengo|[from] ability: Good as Gold
|
|upkeep
|turn|2
|
|t:|1779813429
|move|p2a: Dancin' Bob|Revelation Dance|p1a: Gholdengo
|-damage|p1a: Gholdengo|59/100
|-enditem|p1a: Gholdengo|Air Balloon
|move|p1a: Gholdengo|Nasty Plot|p1a: Gholdengo
|-boost|p1a: Gholdengo|spa|2
|
|upkeep
|turn|3
|
|t:|1779813439
|move|p2a: Dancin' Bob|Revelation Dance|p1a: Gholdengo
|-damage|p1a: Gholdengo|16/100
|move|p1a: Gholdengo|Shadow Ball|p2a: Dancin' Bob
|-damage|p2a: Dancin' Bob|0 fnt
|faint|p2a: Dancin' Bob
|
|upkeep
|
|t:|1779813450
|switch|p2a: Furious Bob|Weavile, F, shiny|100/100
|turn|4
|
|t:|1779813455
|switch|p1a: Glimmora|Glimmora, F|100/100
|move|p2a: Furious Bob|Throat Chop|p1a: Glimmora
|-damage|p1a: Glimmora|50/100
|-start|p1a: Glimmora|Throat Chop|[silent]
|-activate|p1a: Glimmora|ability: Toxic Debris
|-sidestart|p2: Angeboii|move: Toxic Spikes
|
|upkeep
|turn|5
|
|t:|1779813463
|move|p2a: Furious Bob|Throat Chop|p1a: Glimmora
|-damage|p1a: Glimmora|4/100
|-activate|p1a: Glimmora|ability: Toxic Debris
|-sidestart|p2: Angeboii|move: Toxic Spikes
|move|p1a: Glimmora|Stealth Rock|p2a: Furious Bob
|-sidestart|p2: Angeboii|move: Stealth Rock
|
|-end|p1a: Glimmora|Throat Chop|[silent]
|upkeep
|turn|6
|
|t:|1779813481
|switch|p1a: Zamazenta|Zamazenta|100/100
|move|p2a: Furious Bob|Ice Shard|p1a: Zamazenta
|-damage|p1a: Zamazenta|83/100
|
|upkeep
|turn|7
|
|t:|1779813490
|move|p1a: Zamazenta|Heavy Slam|p2a: Furious Bob
|-supereffective|p2a: Furious Bob
|-enditem|p2a: Furious Bob|Focus Sash
|-damage|p2a: Furious Bob|1/100
|-enditem|p1a: Zamazenta|Life Orb|[silent]|[from] ability: Pickpocket|[of] p1a: Zamazenta
|-item|p2a: Furious Bob|Life Orb|[from] ability: Pickpocket|[of] p1a: Zamazenta
|move|p2a: Furious Bob|Icicle Crash|p1a: Zamazenta
|-damage|p1a: Zamazenta|29/100
|-damage|p2a: Furious Bob|0 fnt|[from] item: Life Orb
|faint|p2a: Furious Bob
|
|upkeep
|
|t:|1779813502
|switch|p2a: Big Ol' Bob|Weezing-Galar, M|100/100
|-ability|p2a: Big Ol' Bob|Neutralizing Gas
|-damage|p2a: Big Ol' Bob|88/100|[from] Stealth Rock
|-item|p2a: Big Ol' Bob|Air Balloon
|turn|8
|
|t:|1779813529
|switch|p1a: Gholdengo|Gholdengo|16/100
|move|p2a: Big Ol' Bob|Defog|p1a: Gholdengo
|-unboost|p1a: Gholdengo|evasion|1
|-sideend|p2: Angeboii|Toxic Spikes|[from] move: Defog|[of] p2a: Big Ol' Bob
|-sideend|p2: Angeboii|Stealth Rock|[from] move: Defog|[of] p2a: Big Ol' Bob
|
|upkeep
|turn|9
|
|t:|1779813542
|move|p1a: Gholdengo|Make It Rain|p2a: Big Ol' Bob
|-supereffective|p2a: Big Ol' Bob
|-damage|p2a: Big Ol' Bob|0 fnt
|-unboost|p1a: Gholdengo|spa|1
|-enditem|p2a: Big Ol' Bob|Air Balloon
|faint|p2a: Big Ol' Bob
|-end|p2a: Big Ol' Bob|ability: Neutralizing Gas
|
|upkeep
|
|t:|1779813549
|switch|p2a: Great Bob|Great Tusk|100/100
|-enditem|p2a: Great Bob|Booster Energy
|-activate|p2a: Great Bob|ability: Protosynthesis|[fromitem]
|-start|p2a: Great Bob|protosynthesisatk
|turn|10
|
|t:|1779813562
|switch|p1a: Glimmora|Glimmora, F|4/100
|move|p2a: Great Bob|Rapid Spin|p1a: Glimmora
|-resisted|p1a: Glimmora
|-damage|p1a: Glimmora|0 fnt
|-boost|p2a: Great Bob|spe|1
|-activate|p1a: Glimmora|ability: Toxic Debris
|-sidestart|p2: Angeboii|move: Toxic Spikes
|-sideend|p2: Angeboii|Toxic Spikes|[from] move: Rapid Spin|[of] p2a: Great Bob
|faint|p1a: Glimmora
|
|upkeep
|
|t:|1779813586
|switch|p1a: Iron Moth|Iron Moth|100/100
|-enditem|p1a: Iron Moth|Booster Energy
|-activate|p1a: Iron Moth|ability: Quark Drive|[fromitem]
|-start|p1a: Iron Moth|quarkdrivespe
|turn|11
|
|t:|1779813597
|move|p1a: Iron Moth|Dazzling Gleam|p2a: Great Bob
|-supereffective|p2a: Great Bob
|-damage|p2a: Great Bob|14/100
|move|p2a: Great Bob|Headlong Rush|p1a: Iron Moth
|-supereffective|p1a: Iron Moth
|-damage|p1a: Iron Moth|0 fnt
|-unboost|p2a: Great Bob|def|1
|-unboost|p2a: Great Bob|spd|1
|faint|p1a: Iron Moth
|-end|p1a: Iron Moth|Quark Drive|[silent]
|
|upkeep
|inactive|Orosu1922 has 120 seconds left.
|
|t:|1779813608
|switch|p1a: Greninja|Greninja, M|100/100
|turn|12
|
|t:|1779813616
|move|p2a: Great Bob|Close Combat|p1a: Greninja
|-supereffective|p1a: Greninja
|-damage|p1a: Greninja|0 fnt
|-unboost|p2a: Great Bob|def|1
|-unboost|p2a: Great Bob|spd|1
|faint|p1a: Greninja
|
|upkeep
|
|t:|1779813621
|switch|p1a: Zamazenta|Zamazenta|29/100
|turn|13
|
|t:|1779813633
|move|p2a: Great Bob|Headlong Rush|p1a: Zamazenta
|-crit|p1a: Zamazenta
|-damage|p1a: Zamazenta|0 fnt
|-unboost|p2a: Great Bob|def|1
|-unboost|p2a: Great Bob|spd|1
|faint|p1a: Zamazenta
|
|upkeep
|-message|Orosu1922 forfeited.
|
|win|Angeboii
|raw|Orosu1922's rating: 1248 &rarr; <strong>1220</strong><br />(-28 for losing)
|raw|Angeboii's rating: 1203 &rarr; <strong>1231</strong><br />(+28 for winning)
|l|‽Orosu1922
|player|p1|
|l|☆Angeboii
|player|p2|
