|j|☆Saffirah
|j|☆drewski42
|t:|1779818410
|gametype|singles
|player|p1|Saffirah|whitney|1241
|player|p2|drewski42|nate|1196
|gen|9
|tier|[Gen 9] OU
|rated|
|rule|HP Percentage Mod: HP is shown in percentages
|rule|Endless Battle Clause: Forcing endless battles is banned
|rule|Species Clause: Limit one of each Pokémon
|rule|OHKO Clause: OHKO moves are banned
|rule|Evasion Items Clause: Evasion items are banned
|rule|Evasion Moves Clause: Evasion moves are banned
|rule|Evasion Abilities Clause: Evasion abilities are banned
|rule|Sleep Moves Clause: Sleep-inducing moves are banned
|clearpoke
|poke|p1|Feraligatr, M|
|poke|p1|Skarmory, F|
|poke|p1|Scizor, F|
|poke|p1|Raikou|
|poke|p1|Typhlosion, M|
|poke|p1|Umbreon, F|
|poke|p2|Dragapult, M|
|poke|p2|Gliscor, F|
|poke|p2|Ogerpon-Wellspring, F|
|poke|p2|Glimmora, F|
|poke|p2|Alomomola, F|
|poke|p2|Kingambit, F|
|teampreview
|inactive|Battle timer is ON: inactive players will automatically lose when time's up. (requested by Saffirah)
|
|t:|1779818433
|teamsize|p1|6
|teamsize|p2|6
|start
|switch|p1a: Skarmory|Skarmory, F|100/100
|switch|p2a: Glimmora|Glimmora, F|100/100
|turn|1
|
|t:|1779818441
|move|p2a: Glimmora|Stealth Rock|p1a: Skarmory
|-sidestart|p1: Saffirah|move: Stealth Rock
|move|p1a: Skarmory|Stealth Rock|p2a: Glimmora
|-sidestart|p2: drewski42|move: Stealth Rock
|
|upkeep
|turn|2
|
|t:|1779818447
|switch|p2a: Dragapult|Dragapult, M|100/100
|-damage|p2a: Dragapult|88/100|[from] Stealth Rock
|move|p1a: Skarmory|Spikes|p2a: Dragapult
|-sidestart|p2: drewski42|Spikes
|
|upkeep
|turn|3
|
|t:|1779818455
|switch|p1a: Typhlosion|Typhlosion, M|100/100
|-damage|p1a: Typhlosion|76/100|[from] Stealth Rock
|move|p2a: Dragapult|Flamethrower|p1a: Typhlosion
|-start|p1a: Typhlosion|ability: Flash Fire
|
|upkeep
|turn|4
|
|t:|1779818463
|switch|p2a: Alomomola|Alomomola, F|100/100
|-damage|p2a: Alomomola|88/100|[from] Stealth Rock
|-damage|p2a: Alomomola|76/100|[from] Spikes
|move|p1a: Typhlosion|Shadow Ball|p2a: Alomomola
|-damage|p2a: Alomomola|44/100
|
|upkeep
|turn|5
|
|t:|1779818475
|-end|p1a: Typhlosion|ability: Flash Fire|[silent]
|switch|p1a: Skarmory|Skarmory, F|100/100
|-damage|p1a: Skarmory|88/100|[from] Stealth Rock
|move|p2a: Alomomola|Wish|p2a: Alomomola
|
|upkeep
|turn|6
|
|t:|1779818482
|move|p1a: Skarmory|Spikes|p2a: Alomomola
|-sidestart|p2: drewski42|Spikes
|move|p2a: Alomomola|Flip Turn|p1a: Skarmory
|-damage|p1a: Skarmory|78/100
|-damage|p2a: Alomomola|27/100|[from] item: Rocky Helmet|[of] p1a: Skarmory
|
|t:|1779818488
|switch|p2a: Dragapult|Dragapult, M|88/100|[from] Flip Turn
|-damage|p2a: Dragapult|76/100|[from] Stealth Rock
|-damage|p2a: Dragapult|59/100|[from] Spikes
|
|-heal|p2a: Dragapult|100/100|[from] move: Wish|[wisher] Alomomola
|upkeep
|turn|7
|
|t:|1779818498
|move|p2a: Dragapult|Shadow Ball|p1a: Skarmory
|-damage|p1a: Skarmory|20/100
|-unboost|p1a: Skarmory|spd|1
|move|p1a: Skarmory|Roost|p1a: Skarmory
|-heal|p1a: Skarmory|70/100
|-singleturn|p1a: Skarmory|move: Roost
|
|upkeep
|turn|8
|
|t:|1779818507
|switch|p1a: Typhlosion|Typhlosion, M|76/100
|-damage|p1a: Typhlosion|51/100|[from] Stealth Rock
|move|p2a: Dragapult|Shadow Ball|p1a: Typhlosion
|-damage|p1a: Typhlosion|0 fnt
|faint|p1a: Typhlosion
|
|upkeep
|
|t:|1779818525
|switch|p1a: Feraligatr|Feraligatr, M|100/100
|-damage|p1a: Feraligatr|88/100|[from] Stealth Rock
|turn|9
|
|t:|1779818531
|switch|p2a: Alomomola|Alomomola, F|60/100
|-damage|p2a: Alomomola|48/100|[from] Stealth Rock
|-damage|p2a: Alomomola|31/100|[from] Spikes
|move|p1a: Feraligatr|Dragon Dance|p1a: Feraligatr
|-boost|p1a: Feraligatr|atk|1
|-boost|p1a: Feraligatr|spe|1
|
|-heal|p1a: Feraligatr|94/100|[from] item: Leftovers
|upkeep
|turn|10
|
|t:|1779818546
|move|p1a: Feraligatr|Lash Out|p2a: Alomomola
|-damage|p2a: Alomomola|11/100
|-damage|p1a: Feraligatr|78/100|[from] item: Rocky Helmet|[of] p2a: Alomomola
|move|p2a: Alomomola|Flip Turn|p1a: Feraligatr
|-resisted|p1a: Feraligatr
|-damage|p1a: Feraligatr|70/100
|inactive|drewski42 has 120 seconds left.
|
|t:|1779818572
|switch|p2a: Dragapult|Dragapult, M|100/100|[from] Flip Turn
|-damage|p2a: Dragapult|88/100|[from] Stealth Rock
|-damage|p2a: Dragapult|72/100|[from] Spikes
|
|-heal|p1a: Feraligatr|76/100|[from] item: Leftovers
|upkeep
|turn|11
|
|t:|1779818601
|move|p2a: Dragapult|Draco Meteor|p1a: Feraligatr
|-damage|p1a: Feraligatr|0 fnt
|-unboost|p2a: Dragapult|spa|2
|faint|p1a: Feraligatr
|
|upkeep
|
|t:|1779818609
|switch|p1a: Scizor|Scizor, F|100/100
|-damage|p1a: Scizor|88/100|[from] Stealth Rock
|turn|12
|
|t:|1779818622
|switch|p2a: Gliscor|Gliscor, F|100/100
|-damage|p2a: Gliscor|88/100|[from] Stealth Rock
|move|p1a: Scizor|Swords Dance|p1a: Scizor
|-boost|p1a: Scizor|atk|2
|
|-heal|p1a: Scizor|94/100|[from] item: Leftovers
|-status|p2a: Gliscor|tox|[from] item: Toxic Orb
|upkeep
|turn|13
|
|t:|1779818633
|move|p1a: Scizor|Bullet Punch|p2a: Gliscor
|-damage|p2a: Gliscor|38/100 tox
|move|p2a: Gliscor|Earthquake|p1a: Scizor
|-damage|p1a: Scizor|64/100
|
|-heal|p1a: Scizor|70/100|[from] item: Leftovers
|-heal|p2a: Gliscor|50/100 tox|[from] ability: Poison Heal
|upkeep
|turn|14
|
|t:|1779818644
|move|p2a: Gliscor|Earthquake|p1a: Scizor
|-damage|p1a: Scizor|39/100
|move|p1a: Scizor|Swords Dance|p1a: Scizor
|-boost|p1a: Scizor|atk|2
|
|-heal|p1a: Scizor|45/100|[from] item: Leftovers
|-heal|p2a: Gliscor|63/100 tox|[from] ability: Poison Heal
|upkeep
|turn|15
|
|t:|1779818654
|move|p1a: Scizor|Bullet Punch|p2a: Gliscor
|-damage|p2a: Gliscor|0 fnt
|faint|p2a: Gliscor
|
|-heal|p1a: Scizor|51/100|[from] item: Leftovers
|upkeep
|
|t:|1779818659
|switch|p2a: Kingambit|Kingambit, F|100/100
|-damage|p2a: Kingambit|94/100|[from] Stealth Rock
|-damage|p2a: Kingambit|78/100|[from] Spikes
|-activate|p2a: Kingambit|ability: Supreme Overlord
|-start|p2a: Kingambit|fallen1|[silent]
|turn|16
|
|t:|1779818666
|move|p1a: Scizor|Close Combat|p2a: Kingambit
|-supereffective|p2a: Kingambit
|-damage|p2a: Kingambit|0 fnt
|-unboost|p1a: Scizor|def|1
|-unboost|p1a: Scizor|spd|1
|faint|p2a: Kingambit
|-end|p2a: Kingambit|fallen1|[silent]
|
|-heal|p1a: Scizor|57/100|[from] item: Leftovers
|upkeep
|
|t:|1779818674
|switch|p2a: Ogerpon|Ogerpon-Wellspring, F|100/100
|-damage|p2a: Ogerpon|88/100|[from] Stealth Rock
|-damage|p2a: Ogerpon|72/100|[from] Spikes
|turn|17
|
|t:|1779818683
|-terastallize|p1a: Scizor|Normal
|move|p1a: Scizor|Quick Attack|p2a: Ogerpon
|-damage|p2a: Ogerpon|0 fnt
|faint|p2a: Ogerpon
|
|-heal|p1a: Scizor|63/100|[from] item: Leftovers
|upkeep
|
|t:|1779818692
|switch|p2a: Dragapult|Dragapult, M|72/100
|-damage|p2a: Dragapult|59/100|[from] Stealth Rock
|-damage|p2a: Dragapult|43/100|[from] Spikes
|turn|18
|
|t:|1779818699
|move|p1a: Scizor|Bullet Punch|p2a: Dragapult
|-damage|p2a: Dragapult|0 fnt
|faint|p2a: Dragapult
|
|-heal|p1a: Scizor|69/100|[from] item: Leftovers
|upkeep
|c|☆Saffirah|Gg
|-message|drewski42 forfeited.
|
|win|Saffirah
|raw|Saffirah's rating: 1241 &rarr; <strong>1263</strong><br />(+22 for winning)
|raw|drewski42's rating: 1196 &rarr; <strong>1174</strong><br />(-22 for losing)
|l|☆drewski42
|player|p2|
|l|☆Saffirah
|player|p1|
