|j|☆duli2010
|j|☆th3r3d33m3r
|t:|1779813929
|gametype|singles
|player|p1|duli2010|bugcatcher-gen4dp|1390
|player|p2|th3r3d33m3r|lady|1336
|gen|9
|tier|[Gen 9] OU
|rated|
|rule|HP Percentage Mod: HP is shown in percentages
|rule|Endless Battle Clause: Forcing endless battles is banned
|rule|Species Clause: Limit one of each Pokémon
|rule|OHKO Clause: OHKO moves are banned
|rule|Evasion Items Clause: Evasion items are banned
|rule|Evasion Moves Clause: Evasion moves are banned
|rule|Evasion Abilities Clause: Evasion abilities are banned
|rule|Sleep Moves Clause: Sleep-inducing moves are banned
|clearpoke
|poke|p1|Weezing, M|
|poke|p1|Muk-Alola, F|
|poke|p1|Goodra, M|
|poke|p1|Hydrapple, F|
|poke|p1|Sylveon, F|
|poke|p1|Conkeldurr, M|
|poke|p2|Ninetales-Alola, M|
|poke|p2|Hatterene, F|
|poke|p2|Glimmora, M|
|poke|p2|Iron Moth|
|poke|p2|Ceruledge, M|
|poke|p2|Zamazenta-*|
|teampreview
|
|t:|1779813941
|teamsize|p1|6
|teamsize|p2|6
|start
|switch|p1a: Muk|Muk-Alola, F|100/100
|switch|p2a: Glimmora|Glimmora, M|100/100
|-item|p2a: Glimmora|Air Balloon
|turn|1
|inactive|Battle timer is ON: inactive players will automatically lose when time's up. (requested by duli2010)
|
|t:|1779813952
|move|p2a: Glimmora|Stealth Rock|p1a: Muk
|-sidestart|p1: duli2010|move: Stealth Rock
|move|p1a: Muk|Knock Off|p2a: Glimmora
|-damage|p2a: Glimmora|44/100
|-activate|p2a: Glimmora|ability: Toxic Debris
|-sidestart|p1: duli2010|move: Toxic Spikes
|-enditem|p2a: Glimmora|Air Balloon
|
|upkeep
|turn|2
|
|t:|1779813960
|move|p2a: Glimmora|Earth Power|p1a: Muk
|-supereffective|p1a: Muk
|-damage|p1a: Muk|66/100
|-unboost|p1a: Muk|spd|1
|move|p1a: Muk|Drain Punch|p2a: Glimmora
|-crit|p2a: Glimmora
|-damage|p2a: Glimmora|1/100
|-heal|p1a: Muk|82/100|[from] drain|[of] p2a: Glimmora
|-activate|p2a: Glimmora|ability: Toxic Debris
|-sidestart|p1: duli2010|move: Toxic Spikes
|
|upkeep
|turn|3
|
|t:|1779813971
|move|p1a: Muk|Shadow Sneak|p2a: Glimmora
|-damage|p2a: Glimmora|0 fnt
|faint|p2a: Glimmora
|
|upkeep
|
|t:|1779813978
|switch|p2a: Iron Moth|Iron Moth|100/100
|-enditem|p2a: Iron Moth|Booster Energy
|-activate|p2a: Iron Moth|ability: Quark Drive|[fromitem]
|-start|p2a: Iron Moth|quarkdrivespe
|turn|4
|
|t:|1779813984
|move|p2a: Iron Moth|Fiery Dance|p1a: Muk
|-damage|p1a: Muk|49/100
|-boost|p2a: Iron Moth|spa|1
|move|p1a: Muk|Knock Off|p2a: Iron Moth
|-damage|p2a: Iron Moth|52/100
|
|upkeep
|turn|5
|
|t:|1779813994
|switch|p1a: Weezing|Weezing, M|100/100
|-damage|p1a: Weezing|88/100|[from] Stealth Rock
|move|p2a: Iron Moth|Fiery Dance|p1a: Weezing
|-crit|p1a: Weezing
|-damage|p1a: Weezing|0 fnt
|-boost|p2a: Iron Moth|spa|1
|faint|p1a: Weezing
|
|upkeep
|
|t:|1779814002
|switch|p1a: Muk|Muk-Alola, F|49/100
|-damage|p1a: Muk|36/100|[from] Stealth Rock
|-sideend|p1: duli2010|move: Toxic Spikes|[of] p1a: Muk
|turn|6
|
|t:|1779814011
|move|p1a: Muk|Shadow Sneak|p2a: Iron Moth
|-damage|p2a: Iron Moth|32/100
|move|p2a: Iron Moth|Fiery Dance|p1a: Muk
|-damage|p1a: Muk|0 fnt
|-boost|p2a: Iron Moth|spa|1
|faint|p1a: Muk
|
|upkeep
|
|t:|1779814018
|switch|p1a: Goodra|Goodra, M|100/100
|-damage|p1a: Goodra|88/100|[from] Stealth Rock
|turn|7
|
|t:|1779814022
|move|p2a: Iron Moth|Sludge Wave|p1a: Goodra
|-damage|p1a: Goodra|41/100
|move|p1a: Goodra|Surf|p2a: Iron Moth
|-supereffective|p2a: Iron Moth
|-damage|p2a: Iron Moth|0 fnt
|faint|p2a: Iron Moth
|-end|p2a: Iron Moth|Quark Drive|[silent]
|
|upkeep
|
|t:|1779814033
|switch|p2a: Hatterene|Hatterene, F|100/100
|turn|8
|
|t:|1779814037
|move|p1a: Goodra|Acid Spray|p2a: Hatterene
|-supereffective|p2a: Hatterene
|-damage|p2a: Hatterene|70/100
|-unboost|p2a: Hatterene|spd|2
|move|p2a: Hatterene|Calm Mind|p2a: Hatterene
|-boost|p2a: Hatterene|spa|1
|-boost|p2a: Hatterene|spd|1
|
|-heal|p2a: Hatterene|76/100|[from] item: Leftovers
|upkeep
|turn|9
|
|t:|1779814046
|switch|p2a: Ninetales|Ninetales-Alola, M|100/100
|-weather|Snowscape|[from] ability: Snow Warning|[of] p2a: Ninetales
|move|p1a: Goodra|Acid Spray|p2a: Ninetales
|-supereffective|p2a: Ninetales
|-damage|p2a: Ninetales|75/100
|-unboost|p2a: Ninetales|spd|2
|
|-weather|Snowscape|[upkeep]
|upkeep
|turn|10
|
|t:|1779814057
|move|p2a: Ninetales|Aurora Veil|p2a: Ninetales
|-sidestart|p2: th3r3d33m3r|move: Aurora Veil
|move|p1a: Goodra|Acid Spray|p2a: Ninetales
|-supereffective|p2a: Ninetales
|-damage|p2a: Ninetales|48/100
|-unboost|p2a: Ninetales|spd|2
|
|-weather|Snowscape|[upkeep]
|upkeep
|turn|11
|
|t:|1779814066
|move|p2a: Ninetales|Encore|p1a: Goodra
|-start|p1a: Goodra|Encore
|move|p1a: Goodra|Acid Spray|p2a: Ninetales
|-supereffective|p2a: Ninetales
|-damage|p2a: Ninetales|10/100
|-unboost|p2a: Ninetales|spd|2
|
|-weather|Snowscape|[upkeep]
|upkeep
|turn|12
|
|t:|1779814073
|switch|p2a: Ceruledge|Ceruledge, M|100/100
|move|p1a: Goodra|Acid Spray|p2a: Ceruledge
|-resisted|p2a: Ceruledge
|-damage|p2a: Ceruledge|96/100
|-unboost|p2a: Ceruledge|spd|2
|
|-weather|Snowscape|[upkeep]
|upkeep
|turn|13
|
|t:|1779814082
|move|p2a: Ceruledge|Swords Dance|p2a: Ceruledge
|-boost|p2a: Ceruledge|atk|2
|move|p1a: Goodra|Acid Spray|p2a: Ceruledge
|-resisted|p2a: Ceruledge
|-crit|p2a: Ceruledge
|-damage|p2a: Ceruledge|71/100
|-unboost|p2a: Ceruledge|spd|2
|
|-weather|none
|-end|p1a: Goodra|Encore
|upkeep
|turn|14
|
|t:|1779814091
|move|p2a: Ceruledge|Poltergeist|p1a: Goodra
|-activate|p1a: Goodra|move: Poltergeist|Assault Vest
|-damage|p1a: Goodra|0 fnt
|faint|p1a: Goodra
|
|upkeep
|
|t:|1779814097
|switch|p1a: Hydrapple|Hydrapple, F, shiny|100/100
|-damage|p1a: Hydrapple|88/100|[from] Stealth Rock
|turn|15
|
|t:|1779814102
|move|p2a: Ceruledge|Bitter Blade|p1a: Hydrapple
|-damage|p1a: Hydrapple|19/100
|-heal|p2a: Ceruledge|100/100|[from] drain|[of] p1a: Hydrapple
|move|p1a: Hydrapple|Earth Power|p2a: Ceruledge
|-supereffective|p2a: Ceruledge
|-enditem|p2a: Ceruledge|Focus Sash
|-damage|p2a: Ceruledge|1/100
|
|-heal|p1a: Hydrapple|25/100|[from] item: Leftovers
|upkeep
|turn|16
|
|t:|1779814112
|move|p2a: Ceruledge|Bitter Blade|p1a: Hydrapple
|-damage|p1a: Hydrapple|0 fnt
|-heal|p2a: Ceruledge|17/100|[from] drain|[of] p1a: Hydrapple
|faint|p1a: Hydrapple
|
|upkeep
|
|t:|1779814117
|switch|p1a: Conkeldurr|Conkeldurr, M|100/100
|-damage|p1a: Conkeldurr|94/100|[from] Stealth Rock
|turn|17
|
|t:|1779814122
|move|p2a: Ceruledge|Poltergeist|p1a: Conkeldurr
|-activate|p1a: Conkeldurr|move: Poltergeist|Flame Orb
|-damage|p1a: Conkeldurr|2/100
|move|p1a: Conkeldurr|Knock Off|p2a: Ceruledge
|-supereffective|p2a: Ceruledge
|-damage|p2a: Ceruledge|0 fnt
|faint|p2a: Ceruledge
|
|-sideend|p2: th3r3d33m3r|move: Aurora Veil
|-status|p1a: Conkeldurr|brn|[from] item: Flame Orb
|upkeep
|
|t:|1779814130
|switch|p2a: Ninetales|Ninetales-Alola, M|10/100
|-weather|Snowscape|[from] ability: Snow Warning|[of] p2a: Ninetales
|turn|18
|
|t:|1779814135
|move|p2a: Ninetales|Aurora Veil|p2a: Ninetales
|-sidestart|p2: th3r3d33m3r|move: Aurora Veil
|move|p1a: Conkeldurr|Knock Off|p2a: Ninetales
|-resisted|p2a: Ninetales
|-damage|p2a: Ninetales|0 fnt
|-enditem|p2a: Ninetales|Light Clay|[from] move: Knock Off|[of] p1a: Conkeldurr
|faint|p2a: Ninetales
|
|-weather|Snowscape|[upkeep]
|-damage|p1a: Conkeldurr|0 fnt|[from] brn
|faint|p1a: Conkeldurr
|upkeep
|
|t:|1779814145
|switch|p2a: Hatterene|Hatterene, F|76/100
|switch|p1a: Sylveon|Sylveon, F|100/100
|-damage|p1a: Sylveon|88/100|[from] Stealth Rock
|turn|19
|
|t:|1779814152
|move|p1a: Sylveon|Hyper Voice|p2a: Hatterene
|-damage|p2a: Hatterene|47/100
|move|p2a: Hatterene|Calm Mind|p2a: Hatterene
|-boost|p2a: Hatterene|spa|1
|-boost|p2a: Hatterene|spd|1
|
|-weather|Snowscape|[upkeep]
|-heal|p2a: Hatterene|53/100|[from] item: Leftovers
|upkeep
|turn|20
|
|t:|1779814161
|-terastallize|p1a: Sylveon|Psychic
|move|p1a: Sylveon|Psyshock|p2a: Hatterene
|-resisted|p2a: Hatterene
|-damage|p2a: Hatterene|44/100
|move|p2a: Hatterene|Draining Kiss|p1a: Sylveon
|-damage|p1a: Sylveon|71/100
|-heal|p2a: Hatterene|60/100|[from] drain|[of] p1a: Sylveon
|
|-weather|Snowscape|[upkeep]
|-heal|p2a: Hatterene|66/100|[from] item: Leftovers
|upkeep
|turn|21
|
|t:|1779814171
|move|p1a: Sylveon|Shadow Ball|p2a: Hatterene
|-supereffective|p2a: Hatterene
|-damage|p2a: Hatterene|46/100
|move|p2a: Hatterene|Calm Mind|p2a: Hatterene
|-boost|p2a: Hatterene|spa|1
|-boost|p2a: Hatterene|spd|1
|
|-weather|Snowscape|[upkeep]
|-heal|p2a: Hatterene|52/100|[from] item: Leftovers
|upkeep
|turn|22
|c|☆duli2010|gg
|-message|duli2010 forfeited.
|
|win|th3r3d33m3r
|raw|duli2010's rating: 1390 &rarr; <strong>1367</strong><br />(-23 for losing)
|raw|th3r3d33m3r's rating: 1336 &rarr; <strong>1359</strong><br />(+23 for winning)
|l|☆duli2010
|player|p1|
|l|☆th3r3d33m3r
|player|p2|
