|j|☆spreadcrosser
|j|☆NRU_ Blackout
|t:|1779897437
|gametype|singles
|player|p1|spreadcrosser|170|1438
|player|p2|NRU_ Blackout|pokefan-gen4|1380
|gen|9
|tier|[Gen 9] OU
|rated|
|rule|HP Percentage Mod: HP is shown in percentages
|rule|Endless Battle Clause: Forcing endless battles is banned
|rule|Species Clause: Limit one of each Pokémon
|rule|OHKO Clause: OHKO moves are banned
|rule|Evasion Items Clause: Evasion items are banned
|rule|Evasion Moves Clause: Evasion moves are banned
|rule|Evasion Abilities Clause: Evasion abilities are banned
|rule|Sleep Moves Clause: Sleep-inducing moves are banned
|clearpoke
|poke|p1|Iron Hands|
|poke|p1|Greninja-*, M|
|poke|p1|Cinderace, F|
|poke|p1|Zapdos|
|poke|p1|Iron Moth|
|poke|p1|Great Tusk|
|poke|p2|Ogerpon, F|
|poke|p2|Garganacl, M|
|poke|p2|Raging Bolt|
|poke|p2|Samurott-Hisui, M|
|poke|p2|Darkrai|
|poke|p2|Great Tusk|
|teampreview
|inactive|Battle timer is ON: inactive players will automatically lose when time's up. (requested by NRU_ Blackout)
|inactiveoff|Battle timer is now OFF.
|
|t:|1779897468
|teamsize|p1|6
|teamsize|p2|6
|start
|switch|p1a: Cinderace|Cinderace, F|100/100
|switch|p2a: Darkrai|Darkrai|100/100
|turn|1
|inactive|Battle timer is ON: inactive players will automatically lose when time's up. (requested by spreadcrosser)
|
|t:|1779897477
|switch|p2a: Garganacl|Garganacl, M|100/100
|move|p1a: Cinderace|High Jump Kick|p2a: Garganacl
|-start|p1a: Cinderace|typechange|Fighting|[from] ability: Libero
|-supereffective|p2a: Garganacl
|-damage|p2a: Garganacl|0 fnt
|faint|p2a: Garganacl
|
|upkeep
|
|t:|1779897486
|switch|p2a: Great Tusk|Great Tusk|100/100
|turn|2
|
|t:|1779897513
|move|p1a: Cinderace|High Jump Kick|p2a: Great Tusk
|-damage|p2a: Great Tusk|33/100
|move|p2a: Great Tusk|Rapid Spin|p1a: Cinderace
|-damage|p1a: Cinderace|75/100
|-boost|p2a: Great Tusk|spe|1
|
|upkeep
|turn|3
|inactive|spreadcrosser has 120 seconds left.
|
|t:|1779897542
|move|p2a: Great Tusk|Headlong Rush|p1a: Cinderace
|-crit|p1a: Cinderace
|-damage|p1a: Cinderace|0 fnt
|-unboost|p2a: Great Tusk|def|1
|-unboost|p2a: Great Tusk|spd|1
|faint|p1a: Cinderace
|
|upkeep
|
|t:|1779897545
|switch|p1a: Greninja|Greninja, M|100/100
|turn|4
|inactive|spreadcrosser has 120 seconds left.
|
|t:|1779897552
|-end|p2a: Great Tusk|Protosynthesis|[silent]
|switch|p2a: Samurott|Samurott-Hisui, M|100/100
|move|p1a: Greninja|Dark Pulse|p2a: Samurott
|-resisted|p2a: Samurott
|-damage|p2a: Samurott|85/100
|-damage|p1a: Greninja|91/100|[from] item: Life Orb
|
|upkeep
|turn|5
|
|t:|1779897560
|-terastallize|p1a: Greninja|Grass
|move|p1a: Greninja|Grass Knot|p2a: Samurott
|-supereffective|p2a: Samurott
|-damage|p2a: Samurott|18/100
|-damage|p1a: Greninja|81/100|[from] item: Life Orb
|move|p2a: Samurott|Ceaseless Edge|p1a: Greninja
|-damage|p1a: Greninja|17/100
|-sidestart|p1: spreadcrosser|Spikes
|
|upkeep
|turn|6
|
|t:|1779897575
|move|p1a: Greninja|Water Shuriken|p2a: Samurott
|-resisted|p2a: Samurott
|-damage|p2a: Samurott|15/100
|-resisted|p2a: Samurott
|-damage|p2a: Samurott|11/100
|-resisted|p2a: Samurott
|-damage|p2a: Samurott|8/100
|-hitcount|p2a: Samurott|3
|-damage|p1a: Greninja|7/100|[from] item: Life Orb
|move|p2a: Samurott|Sucker Punch||[still]
|-fail|p2a: Samurott
|
|upkeep
|turn|7
|
|t:|1779897585
|move|p1a: Greninja|Water Shuriken|p2a: Samurott
|-resisted|p2a: Samurott
|-damage|p2a: Samurott|5/100
|-resisted|p2a: Samurott
|-damage|p2a: Samurott|2/100
|-resisted|p2a: Samurott
|-damage|p2a: Samurott|0 fnt
|faint|p2a: Samurott
|-ability|p1a: Greninja|Battle Bond|boost
|-boost|p1a: Greninja|atk|1
|-boost|p1a: Greninja|spa|1
|-boost|p1a: Greninja|spe|1
|-activate|p1a: Greninja|ability: Battle Bond
|-hitcount|p2: Samurott|3
|-damage|p1a: Greninja|0 fnt|[from] item: Life Orb
|faint|p1a: Greninja
|
|upkeep
|
|t:|1779897592
|switch|p1a: Great Tusk|Great Tusk|100/100
|switch|p2a: Darkrai|Darkrai|100/100
|-damage|p1a: Great Tusk|88/100|[from] Spikes
|turn|8
|
|t:|1779897611
|move|p2a: Darkrai|Ice Beam|p1a: Great Tusk
|-supereffective|p1a: Great Tusk
|-damage|p1a: Great Tusk|0 fnt
|faint|p1a: Great Tusk
|-end|p1a: Great Tusk|Protosynthesis|[silent]
|
|upkeep
|
|t:|1779897615
|switch|p1a: Iron Moth|Iron Moth|100/100
|-damage|p1a: Iron Moth|88/100|[from] Spikes
|-enditem|p1a: Iron Moth|Booster Energy
|-activate|p1a: Iron Moth|ability: Quark Drive|[fromitem]
|-start|p1a: Iron Moth|quarkdrivespe
|turn|9
|
|t:|1779897620
|switch|p2a: Great Tusk|Great Tusk|33/100
|move|p1a: Iron Moth|Fiery Dance|p2a: Great Tusk
|-damage|p2a: Great Tusk|0 fnt
|-boost|p1a: Iron Moth|spa|1
|faint|p2a: Great Tusk
|-end|p2a: Great Tusk|Protosynthesis|[silent]
|
|upkeep
|
|t:|1779897625
|switch|p2a: Raging Bolt|Raging Bolt|100/100
|-enditem|p2a: Raging Bolt|Booster Energy
|-activate|p2a: Raging Bolt|ability: Protosynthesis|[fromitem]
|-start|p2a: Raging Bolt|protosynthesisspa
|turn|10
|inactive|spreadcrosser has 120 seconds left.
|inactive|NRU_ Blackout has 120 seconds left.
|
|t:|1779897686
|move|p2a: Raging Bolt|Thunderclap|p1a: Iron Moth
|-damage|p1a: Iron Moth|31/100
|move|p1a: Iron Moth|Sludge Wave|p2a: Raging Bolt
|-damage|p2a: Raging Bolt|40/100
|
|upkeep
|turn|11
|
|t:|1779897694
|-end|p1a: Iron Moth|Quark Drive|[silent]
|switch|p1a: Iron Hands|Iron Hands|100/100
|-damage|p1a: Iron Hands|88/100|[from] Spikes
|-enditem|p1a: Iron Hands|Booster Energy
|-activate|p1a: Iron Hands|ability: Quark Drive|[fromitem]
|-start|p1a: Iron Hands|quarkdriveatk
|move|p2a: Raging Bolt|Thunderclap||[still]
|-fail|p2a: Raging Bolt
|
|upkeep
|turn|12
|
|t:|1779897702
|move|p2a: Raging Bolt|Dragon Pulse|p1a: Iron Hands
|-damage|p1a: Iron Hands|27/100
|move|p1a: Iron Hands|Earthquake|p2a: Raging Bolt
|-supereffective|p2a: Raging Bolt
|-damage|p2a: Raging Bolt|0 fnt
|faint|p2a: Raging Bolt
|-end|p2a: Raging Bolt|Protosynthesis|[silent]
|
|upkeep
|
|t:|1779897710
|switch|p2a: Ogerpon|Ogerpon, F|100/100
|turn|13
|
|t:|1779897717
|-terastallize|p2a: Ogerpon|Grass
|detailschange|p2a: Ogerpon|Ogerpon-Teal-Tera, F, tera:Grass
|-ability|p2a: Ogerpon|Embody Aspect (Teal)|boost
|-boost|p2a: Ogerpon|spe|1
|move|p2a: Ogerpon|Ivy Cudgel|p1a: Iron Hands
|-damage|p1a: Iron Hands|0 fnt
|faint|p1a: Iron Hands
|-end|p1a: Iron Hands|Quark Drive|[silent]
|
|upkeep
|
|t:|1779897725
|switch|p1a: Zapdos|Zapdos|100/100
|turn|14
|
|t:|1779897730
|switch|p2a: Darkrai|Darkrai|100/100
|move|p1a: Zapdos|Hurricane|p2a: Darkrai
|-damage|p2a: Darkrai|20/100
|-start|p2a: Darkrai|confusion
|
|upkeep
|turn|15
|
|t:|1779897737
|move|p1a: Zapdos|Hurricane|p2a: Darkrai
|-damage|p2a: Darkrai|0 fnt
|faint|p2a: Darkrai
|
|upkeep
|
|t:|1779897741
|switch|p2a: Ogerpon|Ogerpon-Teal-Tera, F, tera:Grass|100/100
|-ability|p2a: Ogerpon|Embody Aspect (Teal)|boost
|-boost|p2a: Ogerpon|spe|1
|turn|16
|
|t:|1779897745
|move|p2a: Ogerpon|Rock Tomb|p1a: Zapdos
|-supereffective|p1a: Zapdos
|-damage|p1a: Zapdos|26/100
|-unboost|p1a: Zapdos|spe|1
|move|p1a: Zapdos|Hurricane|p2a: Ogerpon
|-supereffective|p2a: Ogerpon
|-damage|p2a: Ogerpon|0 fnt
|faint|p2a: Ogerpon
|detailschange|p2: Ogerpon|Ogerpon, F|[silent]
|
|win|spreadcrosser
|raw|spreadcrosser's rating: 1438 &rarr; <strong>1455</strong><br />(+17 for winning)
|raw|NRU_ Blackout's rating: 1380 &rarr; <strong>1363</strong><br />(-17 for losing)
|l|☆NRU_ Blackout
|player|p2|
