|j|☆GummyValkyrie
|j|☆shumnky yeat
|t:|1779851196
|gametype|singles
|player|p1|GummyValkyrie|266|1455
|player|p2|shumnky yeat|preschooler|1490
|gen|9
|tier|[Gen 9] OU
|rated|
|rule|HP Percentage Mod: HP is shown in percentages
|rule|Endless Battle Clause: Forcing endless battles is banned
|rule|Species Clause: Limit one of each Pokémon
|rule|OHKO Clause: OHKO moves are banned
|rule|Evasion Items Clause: Evasion items are banned
|rule|Evasion Moves Clause: Evasion moves are banned
|rule|Evasion Abilities Clause: Evasion abilities are banned
|rule|Sleep Moves Clause: Sleep-inducing moves are banned
|clearpoke
|poke|p1|Darkrai|
|poke|p1|Garchomp, M|
|poke|p1|Alomomola, M|
|poke|p1|Corviknight, F|
|poke|p1|Weezing-Galar, M|
|poke|p1|Ogerpon, F|
|poke|p2|Dragapult, F|
|poke|p2|Dragonite, M|
|poke|p2|Corviknight, M|
|poke|p2|Cinderace, M|
|poke|p2|Ting-Lu|
|poke|p2|Slowking-Galar, M|
|teampreview
|inactive|Battle timer is ON: inactive players will automatically lose when time's up. (requested by shumnky yeat)
|inactive|GummyValkyrie has 120 seconds left.
|
|t:|1779851258
|teamsize|p1|6
|teamsize|p2|6
|start
|switch|p1a: Garchomp|Garchomp, M|100/100
|switch|p2a: Dragapult|Dragapult, F|100/100
|turn|1
|
|t:|1779851280
|switch|p1a: Alomomola|Alomomola, M|100/100
|move|p2a: Dragapult|Shadow Ball|p1a: Alomomola
|-damage|p1a: Alomomola|73/100
|
|upkeep
|turn|2
|inactive|GummyValkyrie has 120 seconds left.
|
|t:|1779851318
|move|p2a: Dragapult|Shadow Ball|p1a: Alomomola
|-damage|p1a: Alomomola|47/100
|-unboost|p1a: Alomomola|spd|1
|move|p1a: Alomomola|Flip Turn|p2a: Dragapult
|-resisted|p2a: Dragapult
|-damage|p2a: Dragapult|90/100
|
|t:|1779851322
|switch|p1a: Garchomp|Garchomp, M|100/100|[from] Flip Turn
|
|upkeep
|turn|3
|inactive|GummyValkyrie has 120 seconds left.
|
|t:|1779851344
|switch|p2a: Corviknight|Corviknight, M|100/100
|-ability|p2a: Corviknight|Pressure
|switch|p1a: Alomomola|Alomomola, M|80/100
|
|upkeep
|turn|4
|
|t:|1779851357
|move|p2a: Corviknight|U-turn|p1a: Alomomola
|-damage|p1a: Alomomola|69/100
|
|t:|1779851365
|switch|p2a: Slowking|Slowking-Galar, M|100/100|[from] U-turn
|move|p1a: Alomomola|Body Slam|p2a: Slowking
|-damage|p2a: Slowking|85/100
|
|upkeep
|turn|5
|inactive|GummyValkyrie has 120 seconds left.
|inactive|GummyValkyrie has 90 seconds left.
|
|t:|1779851414
|move|p1a: Alomomola|Body Slam|p2a: Slowking
|-damage|p2a: Slowking|70/100
|-status|p2a: Slowking|par
|cant|p2a: Slowking|par
|
|upkeep
|turn|6
|
|t:|1779851426
|move|p1a: Alomomola|Body Slam|p2a: Slowking
|-damage|p2a: Slowking|53/100 par
|move|p2a: Slowking|Toxic Spikes|p1a: Alomomola
|-sidestart|p1: GummyValkyrie|move: Toxic Spikes
|
|upkeep
|turn|7
|
|t:|1779851442
|switch|p1a: Corviknight|Corviknight, F|100/100
|-ability|p1a: Corviknight|Pressure
|switch|p2a: Dragapult|Dragapult, F|90/100
|
|upkeep
|turn|8
|
|t:|1779851454
|switch|p1a: Weezing|Weezing-Galar, M|100/100
|-ability|p1a: Weezing|Neutralizing Gas
|-sideend|p1: GummyValkyrie|move: Toxic Spikes|[of] p1a: Weezing
|move|p2a: Dragapult|Shadow Ball|p1a: Weezing
|-damage|p1a: Weezing|33/100
|
|-heal|p1a: Weezing|39/100|[from] item: Leftovers
|upkeep
|turn|9
|
|t:|1779851471
|switch|p2a: Cinderace|Cinderace, M|100/100
|-end|p1a: Weezing|ability: Neutralizing Gas
|switch|p1a: Alomomola|Alomomola, M|100/100
|
|upkeep
|turn|10
|
|t:|1779851478
|move|p2a: Cinderace|U-turn|p1a: Alomomola
|-start|p2a: Cinderace|typechange|Bug|[from] ability: Libero
|-damage|p1a: Alomomola|73/100
|
|t:|1779851480
|switch|p2a: Slowking|Slowking-Galar, M|87/100 par|[from] U-turn
|move|p1a: Alomomola|Flip Turn|p2a: Slowking
|-damage|p2a: Slowking|70/100 par
|inactive|GummyValkyrie has 90 seconds left.
|
|t:|1779851496
|switch|p1a: Garchomp|Garchomp, M|100/100|[from] Flip Turn
|
|upkeep
|turn|11
|
|t:|1779851504
|move|p1a: Garchomp|Spikes|p2a: Slowking
|-sidestart|p2: shumnky yeat|Spikes
|move|p2a: Slowking|Toxic Spikes|p1a: Garchomp
|-sidestart|p1: GummyValkyrie|move: Toxic Spikes
|
|upkeep
|turn|12
|
|t:|1779851510
|switch|p2a: Corviknight|Corviknight, M|100/100
|-ability|p2a: Corviknight|Pressure
|move|p1a: Garchomp|Dragon Tail|p2a: Corviknight
|-resisted|p2a: Corviknight
|-damage|p2a: Corviknight|92/100
|-damage|p1a: Garchomp|84/100|[from] item: Rocky Helmet|[of] p2a: Corviknight
|drag|p2a: Slowking|Slowking-Galar, M|100/100 par
|
|upkeep
|turn|13
|
|t:|1779851519
|switch|p2a: Corviknight|Corviknight, M|92/100
|-ability|p2a: Corviknight|Pressure
|move|p1a: Garchomp|Stealth Rock|p2a: Corviknight
|-sidestart|p2: shumnky yeat|move: Stealth Rock
|
|upkeep
|turn|14
|
|t:|1779851528
|move|p2a: Corviknight|Iron Defense|p2a: Corviknight
|-boost|p2a: Corviknight|def|2
|move|p1a: Garchomp|Dragon Tail|p2a: Corviknight
|-resisted|p2a: Corviknight
|-damage|p2a: Corviknight|88/100
|-damage|p1a: Garchomp|68/100|[from] item: Rocky Helmet|[of] p2a: Corviknight
|drag|p2a: Cinderace|Cinderace, M|100/100
|
|upkeep
|turn|15
|
|t:|1779851540
|switch|p2a: Corviknight|Corviknight, M|88/100
|-damage|p2a: Corviknight|76/100|[from] Stealth Rock
|-ability|p2a: Corviknight|Pressure
|switch|p1a: Weezing|Weezing-Galar, M|39/100
|-ability|p1a: Weezing|Neutralizing Gas
|-sideend|p1: GummyValkyrie|move: Toxic Spikes|[of] p1a: Weezing
|
|-heal|p1a: Weezing|45/100|[from] item: Leftovers
|upkeep
|turn|16
|
|t:|1779851560
|switch|p2a: Cinderace|Cinderace, M|100/100
|move|p1a: Weezing|Pain Split|p2a: Cinderace
|-sethp|p2a: Cinderace|75/100|[from] move: Pain Split|[silent]
|-sethp|p1a: Weezing|68/100|[from] move: Pain Split
|
|-heal|p1a: Weezing|74/100|[from] item: Leftovers
|upkeep
|turn|17
|
|t:|1779851569
|-end|p1a: Weezing|ability: Neutralizing Gas
|switch|p1a: Alomomola|Alomomola, M|100/100
|move|p2a: Cinderace|Court Change|p2a: Cinderace
|-start|p2a: Cinderace|typechange|Normal|[from] ability: Libero
|-swapsideconditions
|-activate|p2a: Cinderace|move: Court Change
|
|upkeep
|turn|18
|
|t:|1779851575
|move|p2a: Cinderace|Pyro Ball|p1a: Alomomola
|-resisted|p1a: Alomomola
|-damage|p1a: Alomomola|85/100
|move|p1a: Alomomola|Flip Turn|p2a: Cinderace
|-damage|p2a: Cinderace|53/100
|inactive|GummyValkyrie has 90 seconds left.
|
|t:|1779851604
|switch|p1a: Darkrai|Darkrai|100/100|[from] Flip Turn
|-damage|p1a: Darkrai|88/100|[from] Spikes
|-damage|p1a: Darkrai|76/100|[from] Stealth Rock
|
|upkeep
|turn|19
|
|t:|1779851614
|switch|p2a: Ting-Lu|Ting-Lu|100/100
|-ability|p2a: Ting-Lu|Vessel of Ruin
|move|p1a: Darkrai|Trick|p2a: Ting-Lu
|-activate|p1a: Darkrai|move: Trick|[of] p2a: Ting-Lu
|-item|p2a: Ting-Lu|Choice Specs|[from] move: Trick
|-item|p1a: Darkrai|Leftovers|[from] move: Trick
|
|-heal|p1a: Darkrai|82/100|[from] item: Leftovers
|upkeep
|turn|20
|
|t:|1779851625
|move|p1a: Darkrai|Ice Beam|p2a: Ting-Lu
|-supereffective|p2a: Ting-Lu
|-damage|p2a: Ting-Lu|74/100
|move|p2a: Ting-Lu|Ruination|p1a: Darkrai
|-damage|p1a: Darkrai|41/100
|
|-heal|p1a: Darkrai|47/100|[from] item: Leftovers
|upkeep
|turn|21
|inactive|GummyValkyrie has 90 seconds left.
|j| samurajen
|j| Rambleton
|
|t:|1779851656
|switch|p1a: Alomomola|Alomomola, M|100/100
|-damage|p1a: Alomomola|88/100|[from] Spikes
|-damage|p1a: Alomomola|76/100|[from] Stealth Rock
|switch|p2a: Cinderace|Cinderace, M|53/100
|
|upkeep
|turn|22
|
|t:|1779851662
|move|p2a: Cinderace|U-turn|p1a: Alomomola
|-start|p2a: Cinderace|typechange|Bug|[from] ability: Libero
|-damage|p1a: Alomomola|49/100
|
|t:|1779851667
|switch|p2a: Slowking|Slowking-Galar, M|100/100 par|[from] U-turn
|move|p1a: Alomomola|Flip Turn|p2a: Slowking
|-damage|p2a: Slowking|83/100 par
|inactive|GummyValkyrie has 90 seconds left.
|
|t:|1779851681
|switch|p1a: Corviknight|Corviknight, F|100/100|[from] Flip Turn
|-damage|p1a: Corviknight|88/100|[from] Stealth Rock
|-ability|p1a: Corviknight|Pressure
|
|-heal|p1a: Corviknight|94/100|[from] item: Leftovers
|upkeep
|turn|23
|
|t:|1779851691
|move|p1a: Corviknight|Defog|p2a: Slowking
|-unboost|p2a: Slowking|evasion|1
|-sideend|p1: GummyValkyrie|Spikes|[from] move: Defog|[of] p1a: Corviknight
|-sideend|p1: GummyValkyrie|Stealth Rock|[from] move: Defog|[of] p1a: Corviknight
|move|p2a: Slowking|Future Sight|p1a: Corviknight
|-start|p2a: Slowking|move: Future Sight
|
|-heal|p1a: Corviknight|100/100|[from] item: Leftovers
|upkeep
|turn|24
|inactive|GummyValkyrie has 90 seconds left.
|inactive|GummyValkyrie has 60 seconds left.
|
|t:|1779851751
|move|p1a: Corviknight|Brave Bird|p2a: Slowking
|-damage|p2a: Slowking|47/100 par
|-damage|p1a: Corviknight|89/100|[from] Recoil
|-prepare|p2a: Slowking|Chilly Reception|[premajor]
|move|p2a: Slowking|Chilly Reception|p2a: Slowking
|-weather|Snowscape
|
|t:|1779851768
|switch|p2a: Cinderace|Cinderace, M|53/100|[from] Chilly Reception
|
|-weather|Snowscape|[upkeep]
|-heal|p1a: Corviknight|95/100|[from] item: Leftovers
|upkeep
|turn|25
|inactive|GummyValkyrie has 60 seconds left.
|
|t:|1779851773
|switch|p1a: Alomomola|Alomomola, M|82/100
|move|p2a: Cinderace|Pyro Ball|p1a: Alomomola|[miss]
|-miss|p2a: Cinderace|p1a: Alomomola
|
|-weather|Snowscape|[upkeep]
|-end|p1a: Alomomola|move: Future Sight
|-damage|p1a: Alomomola|59/100
|upkeep
|turn|26
|inactive|GummyValkyrie has 60 seconds left.
|
|t:|1779851783
|move|p2a: Cinderace|U-turn|p1a: Alomomola
|-start|p2a: Cinderace|typechange|Bug|[from] ability: Libero
|-damage|p1a: Alomomola|35/100
|
|t:|1779851789
|switch|p2a: Slowking|Slowking-Galar, M|81/100 par|[from] U-turn
|move|p1a: Alomomola|Flip Turn|p2a: Slowking
|-damage|p2a: Slowking|63/100 par
|
|t:|1779851795
|switch|p1a: Darkrai|Darkrai|47/100|[from] Flip Turn
|
|-weather|Snowscape|[upkeep]
|-heal|p1a: Darkrai|53/100|[from] item: Leftovers
|upkeep
|turn|27
|
|t:|1779851802
|switch|p2a: Ting-Lu|Ting-Lu|74/100
|-ability|p2a: Ting-Lu|Vessel of Ruin
|move|p1a: Darkrai|Dark Pulse|p2a: Ting-Lu
|-resisted|p2a: Ting-Lu
|-damage|p2a: Ting-Lu|65/100
|
|-weather|Snowscape|[upkeep]
|-heal|p1a: Darkrai|59/100|[from] item: Leftovers
|upkeep
|turn|28
|
|t:|1779851812
|switch|p1a: Alomomola|Alomomola, M|68/100
|move|p2a: Ting-Lu|Ruination|p1a: Alomomola
|-damage|p1a: Alomomola|35/100
|
|-weather|none
|upkeep
|turn|29
|
|t:|1779851819
|switch|p2a: Slowking|Slowking-Galar, M|96/100 par
|move|p1a: Alomomola|Flip Turn|p2a: Slowking
|-damage|p2a: Slowking|79/100 par
|
|t:|1779851825
|switch|p1a: Darkrai|Darkrai|59/100|[from] Flip Turn
|
|-heal|p1a: Darkrai|65/100|[from] item: Leftovers
|upkeep
|turn|30
|
|t:|1779851830
|move|p1a: Darkrai|Dark Pulse|p2a: Slowking
|-supereffective|p2a: Slowking
|-damage|p2a: Slowking|30/100 par
|cant|p2a: Slowking|par
|
|-heal|p1a: Darkrai|71/100|[from] item: Leftovers
|upkeep
|turn|31
|
|t:|1779851840
|move|p1a: Darkrai|Ice Beam|p2a: Slowking
|-damage|p2a: Slowking|11/100 par
|move|p2a: Slowking|Sludge Bomb|p1a: Darkrai
|-damage|p1a: Darkrai|29/100
|
|-heal|p1a: Darkrai|35/100|[from] item: Leftovers
|upkeep
|turn|32
|
|t:|1779851850
|switch|p2a: Cinderace|Cinderace, M|53/100
|move|p1a: Darkrai|Ice Beam|p2a: Cinderace
|-resisted|p2a: Cinderace
|-damage|p2a: Cinderace|29/100
|
|-heal|p1a: Darkrai|41/100|[from] item: Leftovers
|upkeep
|turn|33
|
|t:|1779851858
|move|p2a: Cinderace|Sucker Punch|p1a: Darkrai
|-start|p2a: Cinderace|typechange|Dark|[from] ability: Libero
|-resisted|p1a: Darkrai
|-damage|p1a: Darkrai|18/100
|move|p1a: Darkrai|Dark Pulse|p2a: Cinderace
|-resisted|p2a: Cinderace
|-damage|p2a: Cinderace|0 fnt
|faint|p2a: Cinderace
|
|-heal|p1a: Darkrai|24/100|[from] item: Leftovers
|upkeep
|
|t:|1779851869
|switch|p2a: Dragonite|Dragonite, M|100/100
|turn|34
|inactive|GummyValkyrie has 90 seconds left.
|
|t:|1779851912
|switch|p1a: Weezing|Weezing-Galar, M|74/100
|-ability|p1a: Weezing|Neutralizing Gas
|switch|p2a: Slowking|Slowking-Galar, M|44/100 par
|
|-heal|p1a: Weezing|80/100|[from] item: Leftovers
|upkeep
|turn|35
|
|t:|1779851925
|-end|p1a: Weezing|ability: Neutralizing Gas
|switch|p1a: Corviknight|Corviknight, F|95/100
|-ability|p1a: Corviknight|Pressure
|move|p2a: Slowking|Toxic Spikes|p1a: Corviknight
|-sidestart|p1: GummyValkyrie|move: Toxic Spikes
|
|-heal|p1a: Corviknight|100/100|[from] item: Leftovers
|upkeep
|turn|36
|
|t:|1779851941
|move|p1a: Corviknight|Brave Bird|p2a: Slowking
|-damage|p2a: Slowking|8/100 par
|-damage|p1a: Corviknight|89/100|[from] Recoil
|move|p2a: Slowking|Future Sight|p1a: Corviknight
|-start|p2a: Slowking|move: Future Sight
|
|-heal|p1a: Corviknight|95/100|[from] item: Leftovers
|upkeep
|turn|37
|
|t:|1779851948
|switch|p2a: Corviknight|Corviknight, M|76/100
|-ability|p2a: Corviknight|Pressure
|move|p1a: Corviknight|Defog|p2a: Corviknight
|-unboost|p2a: Corviknight|evasion|1
|-sideend|p1: GummyValkyrie|Toxic Spikes|[from] move: Defog|[of] p1a: Corviknight
|
|-heal|p1a: Corviknight|100/100|[from] item: Leftovers
|upkeep
|turn|38
|
|t:|1779851957
|move|p2a: Corviknight|Iron Defense|p2a: Corviknight
|-boost|p2a: Corviknight|def|2
|move|p1a: Corviknight|U-turn|p2a: Corviknight
|-resisted|p2a: Corviknight
|-damage|p2a: Corviknight|75/100
|-damage|p1a: Corviknight|84/100|[from] item: Rocky Helmet|[of] p2a: Corviknight
|inactive|GummyValkyrie has 90 seconds left.
|inactive|GummyValkyrie has 60 seconds left.
|
|t:|1779852010
|switch|p1a: Ogerpon|Ogerpon, F|100/100|[from] U-turn
|
|-end|p1a: Ogerpon|move: Future Sight
|-damage|p1a: Ogerpon|49/100
|upkeep
|turn|39
|inactive|GummyValkyrie has 60 seconds left.
|
|t:|1779852027
|switch|p2a: Slowking|Slowking-Galar, M|42/100 par
|move|p1a: Ogerpon|Encore||[still]
|-fail|p1a: Ogerpon
|
|upkeep
|turn|40
|
|t:|1779852031
|switch|p2a: Corviknight|Corviknight, M|75/100
|-ability|p2a: Corviknight|Pressure
|move|p1a: Ogerpon|Knock Off|p2a: Corviknight
|-damage|p2a: Corviknight|54/100
|-damage|p1a: Ogerpon|33/100|[from] item: Rocky Helmet|[of] p2a: Corviknight
|-enditem|p2a: Corviknight|Rocky Helmet|[from] move: Knock Off|[of] p1a: Ogerpon
|
|upkeep
|turn|41
|
|t:|1779852044
|switch|p1a: Alomomola|Alomomola, M|68/100
|move|p2a: Corviknight|U-turn|p1a: Alomomola
|-damage|p1a: Alomomola|57/100
|
|t:|1779852066
|switch|p2a: Dragapult|Dragapult, F|90/100|[from] U-turn
|
|upkeep
|turn|42
|
|t:|1779852072
|move|p2a: Dragapult|Draco Meteor|p1a: Alomomola
|-damage|p1a: Alomomola|19/100
|-unboost|p2a: Dragapult|spa|2
|move|p1a: Alomomola|Mirror Coat|p2a: Dragapult
|-damage|p2a: Dragapult|0 fnt
|faint|p2a: Dragapult
|
|upkeep
|-message|shumnky yeat forfeited.
|
|win|GummyValkyrie
|raw|GummyValkyrie's rating: 1455 &rarr; <strong>1477</strong><br />(+22 for winning)
|raw|shumnky yeat's rating: 1490 &rarr; <strong>1468</strong><br />(-22 for losing)
|l|☆shumnky yeat
|player|p2|
