|j|☆Junepie
|j|☆npctypebeat
|t:|1779937155
|gametype|singles
|player|p1|Junepie|101|1070
|player|p2|npctypebeat|102|1039
|gen|9
|tier|[Gen 9] OU
|rated|
|rule|HP Percentage Mod: HP is shown in percentages
|rule|Endless Battle Clause: Forcing endless battles is banned
|rule|Species Clause: Limit one of each Pokémon
|rule|OHKO Clause: OHKO moves are banned
|rule|Evasion Items Clause: Evasion items are banned
|rule|Evasion Moves Clause: Evasion moves are banned
|rule|Evasion Abilities Clause: Evasion abilities are banned
|rule|Sleep Moves Clause: Sleep-inducing moves are banned
|clearpoke
|poke|p1|Spiritomb, M|
|poke|p1|Mimikyu, M|
|poke|p1|Gengar, M|
|poke|p1|Gliscor, F|
|poke|p1|Inteleon, M|
|poke|p1|Dragapult, M|
|poke|p2|Gliscor, F|
|poke|p2|Ogerpon, F|
|poke|p2|Walking Wake|
|poke|p2|Blissey, F|
|poke|p2|Corviknight, F|
|poke|p2|Pecharunt|
|teampreview
|c|☆npctypebeat|hf
|
|t:|1779937171
|teamsize|p1|6
|teamsize|p2|6
|start
|switch|p1a: Mimikyu|Mimikyu, M|100/100
|switch|p2a: Gliscor|Gliscor, F|100/100
|turn|1
|inactive|Battle timer is ON: inactive players will automatically lose when time's up. (requested by npctypebeat)
|
|t:|1779937185
|move|p1a: Mimikyu|Swords Dance|p1a: Mimikyu
|-boost|p1a: Mimikyu|atk|2
|move|p2a: Gliscor|Spikes|p1a: Mimikyu
|-sidestart|p1: Junepie|Spikes
|
|-status|p2a: Gliscor|tox|[from] item: Toxic Orb
|upkeep
|turn|2
|
|t:|1779937197
|move|p1a: Mimikyu|Play Rough|p2a: Gliscor
|-damage|p2a: Gliscor|49/100 tox
|move|p2a: Gliscor|Earthquake|p1a: Mimikyu
|-activate|p1a: Mimikyu|ability: Disguise
|-damage|p1a: Mimikyu|100/100
|detailschange|p1a: Mimikyu|Mimikyu-Busted, M
|-damage|p1a: Mimikyu|88/100|[from] pokemon: Mimikyu-Busted
|
|-heal|p2a: Gliscor|61/100 tox|[from] ability: Poison Heal
|upkeep
|turn|3
|
|t:|1779937210
|switch|p2a: Pecharunt|Pecharunt|100/100
|move|p1a: Mimikyu|Play Rough|p2a: Pecharunt
|-resisted|p2a: Pecharunt
|-damage|p2a: Pecharunt|84/100
|
|upkeep
|turn|4
|
|t:|1779937219
|move|p1a: Mimikyu|Shadow Claw|p2a: Pecharunt
|-supereffective|p2a: Pecharunt
|-crit|p2a: Pecharunt
|-damage|p2a: Pecharunt|3/100
|move|p2a: Pecharunt|Foul Play|p1a: Mimikyu
|-damage|p1a: Mimikyu|8/100
|-enditem|p1a: Mimikyu|Aguav Berry|[eat]
|-heal|p1a: Mimikyu|41/100|[from] item: Aguav Berry
|
|upkeep
|turn|5
|
|t:|1779937230
|move|p1a: Mimikyu|Shadow Claw|p2a: Pecharunt
|-supereffective|p2a: Pecharunt
|-damage|p2a: Pecharunt|0 fnt
|faint|p2a: Pecharunt
|
|upkeep
|
|t:|1779937232
|switch|p2a: Walking Wake|Walking Wake|100/100
|turn|6
|
|t:|1779937241
|move|p2a: Walking Wake|Surf|p1a: Mimikyu
|-damage|p1a: Mimikyu|0 fnt
|faint|p1a: Mimikyu
|
|upkeep
|
|t:|1779937247
|switch|p1a: Dragapult|Dragapult, M|100/100
|-damage|p1a: Dragapult|88/100|[from] Spikes
|turn|7
|
|t:|1779937257
|move|p1a: Dragapult|Dragon Darts|p2a: Walking Wake
|-supereffective|p2a: Walking Wake
|-damage|p2a: Walking Wake|33/100
|-anim|p1a: Dragapult|Dragon Darts|p2a: Walking Wake
|-supereffective|p2a: Walking Wake
|-damage|p2a: Walking Wake|0 fnt
|faint|p2a: Walking Wake
|-end|p2a: Walking Wake|Protosynthesis|[silent]
|-damage|p1a: Dragapult|78/100|[from] item: Life Orb
|
|upkeep
|
|t:|1779937274
|switch|p2a: Corviknight|Corviknight, F|100/100
|-ability|p2a: Corviknight|Pressure
|turn|8
|
|t:|1779937287
|move|p1a: Dragapult|Flamethrower|p2a: Corviknight
|-supereffective|p2a: Corviknight
|-damage|p2a: Corviknight|47/100
|-damage|p1a: Dragapult|69/100|[from] item: Life Orb
|move|p2a: Corviknight|U-turn|p1a: Dragapult
|-resisted|p1a: Dragapult
|-damage|p1a: Dragapult|59/100
|
|t:|1779937294
|switch|p2a: Gliscor|Gliscor, F|61/100 tox|[from] U-turn
|
|-heal|p2a: Gliscor|73/100 tox|[from] ability: Poison Heal
|upkeep
|turn|9
|
|t:|1779937315
|move|p1a: Dragapult|U-turn|p2a: Gliscor
|-resisted|p2a: Gliscor
|-damage|p2a: Gliscor|62/100 tox
|-damage|p1a: Dragapult|50/100|[from] item: Life Orb
|
|t:|1779937320
|switch|p1a: Spiritomb|Spiritomb, M|100/100|[from] U-turn
|-damage|p1a: Spiritomb|88/100|[from] Spikes
|move|p2a: Gliscor|Earthquake|p1a: Spiritomb
|-damage|p1a: Spiritomb|51/100
|
|-heal|p1a: Spiritomb|58/100|[from] item: Leftovers
|-heal|p2a: Gliscor|74/100 tox|[from] ability: Poison Heal
|upkeep
|turn|10
|
|t:|1779937336
|move|p2a: Gliscor|Toxic|p1a: Spiritomb|[miss]
|-miss|p2a: Gliscor|p1a: Spiritomb
|move|p1a: Spiritomb|Pain Split|p2a: Gliscor
|-sethp|p2a: Gliscor|62/100 tox|[from] move: Pain Split|[silent]
|-sethp|p1a: Spiritomb|72/100|[from] move: Pain Split
|
|-heal|p1a: Spiritomb|78/100|[from] item: Leftovers
|-heal|p2a: Gliscor|74/100 tox|[from] ability: Poison Heal
|upkeep
|turn|11
|
|t:|1779937347
|switch|p1a: Gengar|Gengar, M|100/100
|-damage|p1a: Gengar|88/100|[from] Spikes
|move|p2a: Gliscor|Toxic|p1a: Gengar
|-immune|p1a: Gengar
|
|-heal|p2a: Gliscor|87/100 tox|[from] ability: Poison Heal
|upkeep
|turn|12
|
|t:|1779937360
|move|p1a: Gengar|Nasty Plot|p1a: Gengar
|-boost|p1a: Gengar|spa|2
|move|p2a: Gliscor|Spikes|p1a: Gengar
|-sidestart|p1: Junepie|Spikes
|
|-heal|p2a: Gliscor|99/100 tox|[from] ability: Poison Heal
|upkeep
|turn|13
|
|t:|1779937374
|-terastallize|p1a: Gengar|Ghost
|move|p1a: Gengar|Shadow Ball|p2a: Gliscor
|-damage|p2a: Gliscor|0 fnt
|faint|p2a: Gliscor
|-damage|p1a: Gengar|78/100|[from] item: Life Orb
|
|upkeep
|
|t:|1779937387
|switch|p2a: Blissey|Blissey, F|100/100
|turn|14
|
|t:|1779937400
|move|p1a: Gengar|Sludge Wave|p2a: Blissey
|-damage|p2a: Blissey|62/100
|-damage|p1a: Gengar|68/100|[from] item: Life Orb
|move|p2a: Blissey|Calm Mind|p2a: Blissey
|-boost|p2a: Blissey|spa|1
|-boost|p2a: Blissey|spd|1
|
|upkeep
|turn|15
|
|t:|1779937410
|switch|p2a: Ogerpon|Ogerpon, F|100/100
|move|p1a: Gengar|Sludge Wave|p2a: Ogerpon
|-supereffective|p2a: Ogerpon
|-damage|p2a: Ogerpon|0 fnt
|faint|p2a: Ogerpon
|-damage|p1a: Gengar|58/100|[from] item: Life Orb
|
|upkeep
|inactive|npctypebeat has 120 seconds left.
|
|t:|1779937441
|switch|p2a: Blissey|Blissey, F|62/100
|turn|16
|inactive|npctypebeat has 120 seconds left.
|
|t:|1779937456
|switch|p2a: Corviknight|Corviknight, F|47/100
|-ability|p2a: Corviknight|Pressure
|move|p1a: Gengar|Sludge Wave|p2a: Corviknight
|-immune|p2a: Corviknight
|
|upkeep
|turn|17
|inactive|npctypebeat has 120 seconds left.
|
|t:|1779937469
|switch|p2a: Blissey|Blissey, F|62/100
|move|p1a: Gengar|Shadow Ball|p2a: Blissey
|-immune|p2a: Blissey
|
|upkeep
|turn|18
|
|t:|1779937479
|switch|p2a: Corviknight|Corviknight, F|47/100
|-ability|p2a: Corviknight|Pressure
|move|p1a: Gengar|Dazzling Gleam|p2a: Corviknight
|-resisted|p2a: Corviknight
|-damage|p2a: Corviknight|6/100
|-damage|p1a: Gengar|48/100|[from] item: Life Orb
|
|upkeep
|turn|19
|
|t:|1779937488
|move|p1a: Gengar|Dazzling Gleam|p2a: Corviknight
|-resisted|p2a: Corviknight
|-damage|p2a: Corviknight|0 fnt
|faint|p2a: Corviknight
|-damage|p1a: Gengar|38/100|[from] item: Life Orb
|
|upkeep
|
|t:|1779937494
|switch|p2a: Blissey|Blissey, F|62/100
|turn|20
|
|t:|1779937502
|move|p1a: Gengar|Sludge Wave|p2a: Blissey
|-damage|p2a: Blissey|22/100
|-damage|p1a: Gengar|28/100|[from] item: Life Orb
|move|p2a: Blissey|Soft-Boiled|p2a: Blissey
|-heal|p2a: Blissey|72/100
|
|upkeep
|turn|21
|
|t:|1779937516
|move|p1a: Gengar|Sludge Wave|p2a: Blissey
|-damage|p2a: Blissey|32/100
|-damage|p1a: Gengar|19/100|[from] item: Life Orb
|move|p2a: Blissey|Soft-Boiled|p2a: Blissey
|-heal|p2a: Blissey|82/100
|
|upkeep
|turn|22
|
|t:|1779937528
|move|p1a: Gengar|Sludge Wave|p2a: Blissey
|-damage|p2a: Blissey|43/100
|-damage|p1a: Gengar|9/100|[from] item: Life Orb
|move|p2a: Blissey|Soft-Boiled|p2a: Blissey
|-heal|p2a: Blissey|93/100
|
|upkeep
|turn|23
|
|t:|1779937538
|move|p1a: Gengar|Sludge Wave|p2a: Blissey
|-damage|p2a: Blissey|50/100
|-damage|p1a: Gengar|0 fnt|[from] item: Life Orb
|faint|p1a: Gengar
|move|p2a: Blissey|Stealth Rock|p1: Gengar
|-sidestart|p1: Junepie|move: Stealth Rock
|
|upkeep
|
|t:|1779937547
|switch|p1a: Dragapult|Dragapult, M|50/100
|-damage|p1a: Dragapult|33/100|[from] Spikes
|-damage|p1a: Dragapult|21/100|[from] Stealth Rock
|turn|24
|
|t:|1779937559
|move|p1a: Dragapult|Dragon Darts|p2a: Blissey
|-damage|p2a: Blissey|19/100
|-anim|p1a: Dragapult|Dragon Darts|p2a: Blissey
|-damage|p2a: Blissey|0 fnt
|faint|p2a: Blissey
|-damage|p1a: Dragapult|11/100|[from] item: Life Orb
|
|win|Junepie
|raw|Junepie's rating: 1070 &rarr; <strong>1102</strong><br />(+32 for winning)
|raw|npctypebeat's rating: 1101 &rarr; <strong>1074</strong><br />(-27 for losing)
|c|☆npctypebeat|gg
|l|☆Junepie
|player|p1|
