|j|☆Srgtcobra
|j|☆FiiFiFoFum
|t:|1779891608
|gametype|singles
|player|p1|Srgtcobra|102|1619
|player|p2|FiiFiFoFum|erika-gen1rb|1603
|gen|9
|tier|[Gen 9] OU
|rated|
|rule|HP Percentage Mod: HP is shown in percentages
|rule|Endless Battle Clause: Forcing endless battles is banned
|rule|Species Clause: Limit one of each Pokémon
|rule|OHKO Clause: OHKO moves are banned
|rule|Evasion Items Clause: Evasion items are banned
|rule|Evasion Moves Clause: Evasion moves are banned
|rule|Evasion Abilities Clause: Evasion abilities are banned
|rule|Sleep Moves Clause: Sleep-inducing moves are banned
|clearpoke
|poke|p1|Araquanid, F|
|poke|p1|Enamorus, F|
|poke|p1|Honchkrow, M|
|poke|p1|Iron Hands|
|poke|p1|Breloom, M|
|poke|p1|Gholdengo|
|poke|p2|Scizor, M|
|poke|p2|Samurott-Hisui, F|
|poke|p2|Gholdengo|
|poke|p2|Landorus-Therian, M|
|poke|p2|Great Tusk|
|poke|p2|Raging Bolt|
|teampreview
|inactive|Battle timer is ON: inactive players will automatically lose when time's up. (requested by Srgtcobra)
|
|t:|1779891615
|teamsize|p1|6
|teamsize|p2|6
|start
|switch|p1a: Araquanid|Araquanid, F|100/100
|switch|p2a: Raging Bolt|Raging Bolt|100/100
|turn|1
|
|t:|1779891617
|move|p2a: Raging Bolt|Volt Switch|p1a: Araquanid
|-supereffective|p1a: Araquanid
|-damage|p1a: Araquanid|28/100
|
|t:|1779891621
|-end|p2a: Raging Bolt|Protosynthesis|[silent]
|switch|p2a: Samurott|Samurott-Hisui, F|100/100|[from] Volt Switch
|move|p1a: Araquanid|Sticky Web|p2a: Samurott
|-sidestart|p2: FiiFiFoFum|move: Sticky Web
|
|upkeep
|turn|2
|
|t:|1779891624
|move|p2a: Samurott|Ceaseless Edge|p1a: Araquanid
|-damage|p1a: Araquanid|0 fnt
|-sidestart|p1: Srgtcobra|Spikes
|faint|p1a: Araquanid
|
|upkeep
|
|t:|1779891626
|switch|p1a: Breloom|Breloom, M|100/100
|-damage|p1a: Breloom|88/100|[from] Spikes
|turn|3
|
|t:|1779891630
|switch|p2a: Landorus|Landorus-Therian, M|100/100
|-ability|p2a: Landorus|Intimidate|boost
|-unboost|p1a: Breloom|atk|1
|move|p1a: Breloom|Bullet Seed|p2a: Landorus
|-damage|p2a: Landorus|89/100
|-damage|p2a: Landorus|77/100
|-crit|p2a: Landorus
|-damage|p2a: Landorus|49/100
|-damage|p2a: Landorus|37/100
|-hitcount|p2a: Landorus|4
|
|upkeep
|turn|4
|
|t:|1779891635
|move|p2a: Landorus|Stealth Rock|p1a: Breloom
|-sidestart|p1: Srgtcobra|move: Stealth Rock
|move|p1a: Breloom|Bullet Seed|p2a: Landorus
|-damage|p2a: Landorus|24/100
|-damage|p2a: Landorus|12/100
|-damage|p2a: Landorus|0 fnt
|faint|p2a: Landorus
|-hitcount|p2: Landorus|3
|
|upkeep
|
|t:|1779891638
|switch|p2a: Raging Bolt|Raging Bolt|100/100
|-activate|p2a: Raging Bolt|move: Sticky Web
|-unboost|p2a: Raging Bolt|spe|1
|turn|5
|
|t:|1779891641
|move|p1a: Breloom|Bulldoze|p2a: Raging Bolt
|-supereffective|p2a: Raging Bolt
|-damage|p2a: Raging Bolt|62/100
|-unboost|p2a: Raging Bolt|spe|1
|move|p2a: Raging Bolt|Volt Switch|p1a: Breloom
|-resisted|p1a: Breloom
|-damage|p1a: Breloom|38/100
|
|t:|1779891644
|-end|p2a: Raging Bolt|Protosynthesis|[silent]
|switch|p2a: Scizor|Scizor, M|100/100|[from] Volt Switch
|-activate|p2a: Scizor|move: Sticky Web
|-unboost|p2a: Scizor|spe|1
|
|upkeep
|turn|6
|
|t:|1779891646
|switch|p1a: Gholdengo|Gholdengo|100/100
|-damage|p1a: Gholdengo|88/100|[from] Spikes
|-damage|p1a: Gholdengo|82/100|[from] Stealth Rock
|move|p2a: Scizor|Bullet Punch|p1a: Gholdengo
|-resisted|p1a: Gholdengo
|-damage|p1a: Gholdengo|63/100
|-damage|p2a: Scizor|84/100|[from] item: Rocky Helmet|[of] p1a: Gholdengo
|
|upkeep
|turn|7
|
|t:|1779891651
|switch|p2a: Raging Bolt|Raging Bolt|62/100
|-activate|p2a: Raging Bolt|move: Sticky Web
|-unboost|p2a: Raging Bolt|spe|1
|move|p1a: Gholdengo|Thunder Wave|p2a: Raging Bolt
|-immune|p2a: Raging Bolt
|
|upkeep
|turn|8
|
|t:|1779891657
|switch|p1a: Iron Hands|Iron Hands|100/100
|-damage|p1a: Iron Hands|88/100|[from] Spikes
|-damage|p1a: Iron Hands|82/100|[from] Stealth Rock
|move|p2a: Raging Bolt|Thunderbolt|p1a: Iron Hands
|-resisted|p1a: Iron Hands
|-damage|p1a: Iron Hands|68/100
|
|upkeep
|turn|9
|
|t:|1779891660
|move|p2a: Raging Bolt|Draco Meteor|p1a: Iron Hands
|-damage|p1a: Iron Hands|36/100
|-unboost|p2a: Raging Bolt|spa|2
|move|p1a: Iron Hands|Drain Punch|p2a: Raging Bolt
|-damage|p2a: Raging Bolt|29/100
|-heal|p1a: Iron Hands|50/100|[from] drain|[of] p2a: Raging Bolt
|
|upkeep
|turn|10
|
|t:|1779891665
|move|p2a: Raging Bolt|Volt Switch|p1a: Iron Hands
|-resisted|p1a: Iron Hands
|-damage|p1a: Iron Hands|44/100
|
|t:|1779891671
|-end|p2a: Raging Bolt|Protosynthesis|[silent]
|switch|p2a: Gholdengo|Gholdengo|100/100|[from] Volt Switch
|-activate|p2a: Gholdengo|move: Sticky Web
|-unboost|p2a: Gholdengo|spe|1
|move|p1a: Iron Hands|Ice Punch|p2a: Gholdengo
|-resisted|p2a: Gholdengo
|-damage|p2a: Gholdengo|87/100
|
|upkeep
|turn|11
|
|t:|1779891681
|move|p2a: Gholdengo|Trick|p1a: Iron Hands
|-activate|p2a: Gholdengo|move: Trick|[of] p1a: Iron Hands
|-item|p1a: Iron Hands|Choice Scarf|[from] move: Trick
|-item|p2a: Gholdengo|Assault Vest|[from] move: Trick
|move|p1a: Iron Hands|Supercell Slam|p2a: Gholdengo
|-damage|p2a: Gholdengo|36/100
|
|upkeep
|turn|12
|
|t:|1779891687
|-end|p1a: Iron Hands|Quark Drive|[silent]
|switch|p1a: Breloom|Breloom, M|38/100
|-damage|p1a: Breloom|26/100|[from] Spikes
|-damage|p1a: Breloom|20/100|[from] Stealth Rock
|move|p2a: Gholdengo|Shadow Ball|p1a: Breloom
|-damage|p1a: Breloom|0 fnt
|faint|p1a: Breloom
|
|upkeep
|
|t:|1779891694
|switch|p1a: Honchkrow|Honchkrow, M|100/100
|-damage|p1a: Honchkrow|76/100|[from] Stealth Rock
|turn|13
|
|t:|1779891699
|switch|p2a: Raging Bolt|Raging Bolt|29/100
|-activate|p2a: Raging Bolt|move: Sticky Web
|-unboost|p2a: Raging Bolt|spe|1
|move|p1a: Honchkrow|Night Slash|p2a: Raging Bolt
|-crit|p2a: Raging Bolt
|-damage|p2a: Raging Bolt|0 fnt
|faint|p2a: Raging Bolt
|-end|p2a: Raging Bolt|Protosynthesis|[silent]
|
|upkeep
|
|t:|1779891706
|switch|p2a: Samurott|Samurott-Hisui, F|100/100
|-activate|p2a: Samurott|move: Sticky Web
|-unboost|p2a: Samurott|spe|1
|turn|14
|
|t:|1779891709
|move|p1a: Honchkrow|U-turn|p2a: Samurott
|-supereffective|p2a: Samurott
|-damage|p2a: Samurott|51/100
|
|t:|1779891711
|switch|p1a: Gholdengo|Gholdengo|63/100|[from] U-turn
|-damage|p1a: Gholdengo|51/100|[from] Spikes
|-damage|p1a: Gholdengo|45/100|[from] Stealth Rock
|move|p2a: Samurott|Aqua Cutter|p1a: Gholdengo
|-damage|p1a: Gholdengo|14/100
|
|upkeep
|turn|15
|
|t:|1779891720
|move|p2a: Samurott|Sucker Punch||[still]
|-fail|p2a: Samurott
|move|p1a: Gholdengo|Recover|p1a: Gholdengo
|-heal|p1a: Gholdengo|64/100
|
|upkeep
|turn|16
|
|t:|1779891723
|move|p1a: Gholdengo|Recover|p1a: Gholdengo
|-heal|p1a: Gholdengo|100/100
|move|p2a: Samurott|Knock Off|p1a: Gholdengo
|-supereffective|p1a: Gholdengo
|-damage|p1a: Gholdengo|42/100
|-damage|p2a: Samurott|35/100|[from] item: Rocky Helmet|[of] p1a: Gholdengo
|-enditem|p1a: Gholdengo|Rocky Helmet|[from] move: Knock Off|[of] p2a: Samurott
|
|upkeep
|turn|17
|
|t:|1779891730
|move|p2a: Samurott|Sucker Punch|p1a: Gholdengo
|-supereffective|p1a: Gholdengo
|-damage|p1a: Gholdengo|0 fnt
|faint|p1a: Gholdengo
|
|upkeep
|
|t:|1779891740
|switch|p1a: Iron Hands|Iron Hands|44/100
|-damage|p1a: Iron Hands|32/100|[from] Spikes
|-damage|p1a: Iron Hands|26/100|[from] Stealth Rock
|turn|18
|
|t:|1779891746
|switch|p2a: Gholdengo|Gholdengo|36/100
|-activate|p2a: Gholdengo|move: Sticky Web
|-unboost|p2a: Gholdengo|spe|1
|move|p1a: Iron Hands|Supercell Slam|p2a: Gholdengo
|-damage|p2a: Gholdengo|0 fnt
|faint|p2a: Gholdengo
|
|upkeep
|
|t:|1779891750
|switch|p2a: Great Tusk|Great Tusk|100/100
|-activate|p2a: Great Tusk|move: Sticky Web
|-unboost|p2a: Great Tusk|spe|1
|-enditem|p2a: Great Tusk|Booster Energy
|-activate|p2a: Great Tusk|ability: Protosynthesis|[fromitem]
|-start|p2a: Great Tusk|protosynthesisatk
|turn|19
|
|t:|1779891753
|move|p1a: Iron Hands|Supercell Slam|p2a: Great Tusk
|-immune|p2a: Great Tusk
|-damage|p1a: Iron Hands|0 fnt|[from] supercellslam
|faint|p1a: Iron Hands
|-end|p1a: Iron Hands|Quark Drive|[silent]
|move|p2a: Great Tusk|Rapid Spin|p1: Iron Hands|[notarget]
|-fail|p2a: Great Tusk
|
|upkeep
|
|t:|1779891755
|switch|p1a: Enamorus|Enamorus, F|100/100
|-damage|p1a: Enamorus|76/100|[from] Stealth Rock
|turn|20
|
|t:|1779891767
|-terastallize|p2a: Great Tusk|Fire
|move|p1a: Enamorus|Moonblast|p2a: Great Tusk
|-resisted|p2a: Great Tusk
|-damage|p2a: Great Tusk|55/100
|move|p2a: Great Tusk|Ice Spinner|p1a: Enamorus
|-supereffective|p1a: Enamorus
|-damage|p1a: Enamorus|0 fnt
|faint|p1a: Enamorus
|
|upkeep
|
|t:|1779891770
|switch|p1a: Honchkrow|Honchkrow, M|76/100
|-damage|p1a: Honchkrow|51/100|[from] Stealth Rock
|turn|21
|
|t:|1779891774
|-terastallize|p1a: Honchkrow|Dark
|move|p1a: Honchkrow|Night Slash|p2a: Great Tusk
|-crit|p2a: Great Tusk
|-damage|p2a: Great Tusk|12/100
|move|p2a: Great Tusk|Ice Spinner|p1a: Honchkrow
|-damage|p1a: Honchkrow|4/100
|
|upkeep
|turn|22
|
|t:|1779891777
|move|p1a: Honchkrow|Night Slash|p2a: Great Tusk
|-crit|p2a: Great Tusk
|-damage|p2a: Great Tusk|0 fnt
|faint|p2a: Great Tusk
|-end|p2a: Great Tusk|Protosynthesis|[silent]
|
|upkeep
|
|t:|1779891778
|switch|p2a: Scizor|Scizor, M|84/100
|-activate|p2a: Scizor|move: Sticky Web
|-unboost|p2a: Scizor|spe|1
|turn|23
|
|t:|1779891780
|move|p1a: Honchkrow|Sucker Punch|p2a: Scizor
|-crit|p2a: Scizor
|-damage|p2a: Scizor|7/100
|move|p2a: Scizor|Bullet Punch|p1a: Honchkrow
|-damage|p1a: Honchkrow|0 fnt
|faint|p1a: Honchkrow
|
|win|FiiFiFoFum
|raw|Srgtcobra's rating: 1619 &rarr; <strong>1598</strong><br />(-21 for losing)
|raw|FiiFiFoFum's rating: 1603 &rarr; <strong>1624</strong><br />(+21 for winning)
|l|☆Srgtcobra
|player|p1|
|l|☆FiiFiFoFum
|player|p2|
