|j|☆claudechamp
|j|☆sicns
|t:|1779868366
|gametype|singles
|player|p1|claudechamp|169|1162
|player|p2|sicns|cynthia-gen4|1129
|gen|9
|tier|[Gen 9] OU
|rated|
|rule|HP Percentage Mod: HP is shown in percentages
|rule|Endless Battle Clause: Forcing endless battles is banned
|rule|Species Clause: Limit one of each Pokémon
|rule|OHKO Clause: OHKO moves are banned
|rule|Evasion Items Clause: Evasion items are banned
|rule|Evasion Moves Clause: Evasion moves are banned
|rule|Evasion Abilities Clause: Evasion abilities are banned
|rule|Sleep Moves Clause: Sleep-inducing moves are banned
|clearpoke
|poke|p1|Gliscor, F|
|poke|p1|Ogerpon, F|
|poke|p1|Walking Wake|
|poke|p1|Blissey, F|
|poke|p1|Corviknight, F|
|poke|p1|Pecharunt|
|poke|p2|Primarina, F|
|poke|p2|Alomomola, M|
|poke|p2|Clefable, F|
|poke|p2|Gliscor, M|
|poke|p2|Garganacl, F|
|poke|p2|Pecharunt|
|teampreview
|c|☆claudechamp|hf
|inactive|Battle timer is ON: inactive players will automatically lose when time's up. (requested by claudechamp)
|
|t:|1779868370
|teamsize|p1|6
|teamsize|p2|6
|start
|switch|p1a: Gliscor|Gliscor, F|100/100
|switch|p2a: Garganacl|Garganacl, F|100/100
|turn|1
|
|t:|1779868376
|move|p1a: Gliscor|Spikes|p2a: Garganacl
|-sidestart|p2: sicns|Spikes
|move|p2a: Garganacl|Salt Cure|p1a: Gliscor
|-damage|p1a: Gliscor|90/100
|-start|p1a: Gliscor|Salt Cure
|
|-damage|p1a: Gliscor|78/100|[from] Salt Cure
|-status|p1a: Gliscor|tox|[from] item: Toxic Orb
|upkeep
|turn|2
|
|t:|1779868385
|move|p1a: Gliscor|Spikes|p2a: Garganacl
|-sidestart|p2: sicns|Spikes
|move|p2a: Garganacl|Stealth Rock|p1a: Gliscor
|-sidestart|p1: claudechamp|move: Stealth Rock
|
|-heal|p1a: Gliscor|90/100 tox|[from] ability: Poison Heal
|-damage|p1a: Gliscor|78/100 tox|[from] Salt Cure
|upkeep
|turn|3
|
|t:|1779868412
|switch|p2a: Clefable|Clefable, F|100/100
|move|p1a: Gliscor|Spikes|p2a: Clefable
|-sidestart|p2: sicns|Spikes
|
|-heal|p1a: Gliscor|90/100 tox|[from] ability: Poison Heal
|-damage|p1a: Gliscor|78/100 tox|[from] Salt Cure
|upkeep
|turn|4
|
|t:|1779868420
|switch|p1a: Walking Wake|Walking Wake|100/100
|move|p2a: Clefable|Calm Mind|p2a: Clefable
|-boost|p2a: Clefable|spa|1
|-boost|p2a: Clefable|spd|1
|
|upkeep
|turn|5
|
|t:|1779868428
|move|p1a: Walking Wake|Surf|p2a: Clefable
|-damage|p2a: Clefable|74/100
|move|p2a: Clefable|Moonblast|p1a: Walking Wake
|-supereffective|p1a: Walking Wake
|-damage|p1a: Walking Wake|0 fnt
|faint|p1a: Walking Wake
|-end|p1a: Walking Wake|Protosynthesis|[silent]
|
|upkeep
|
|t:|1779868431
|switch|p1a: Pecharunt|Pecharunt|100/100
|turn|6
|
|t:|1779868443
|switch|p2a: Gliscor|Gliscor, M|100/100
|move|p1a: Pecharunt|Malignant Chain|p2a: Gliscor
|-resisted|p2a: Gliscor
|-damage|p2a: Gliscor|88/100
|
|-status|p2a: Gliscor|tox|[from] item: Toxic Orb
|upkeep
|turn|7
|
|t:|1779868452
|move|p2a: Gliscor|Knock Off|p1a: Pecharunt
|-supereffective|p1a: Pecharunt
|-damage|p1a: Pecharunt|82/100
|-enditem|p1a: Pecharunt|Heavy-Duty Boots|[from] move: Knock Off|[of] p2a: Gliscor
|move|p1a: Pecharunt|Parting Shot|p2a: Gliscor
|-unboost|p2a: Gliscor|atk|1
|-unboost|p2a: Gliscor|spa|1
|
|t:|1779868454
|switch|p1a: Blissey|Blissey, F|100/100|[from] Parting Shot
|
|-heal|p2a: Gliscor|99/100 tox|[from] ability: Poison Heal
|upkeep
|turn|8
|
|t:|1779868465
|move|p2a: Gliscor|Knock Off|p1a: Blissey
|-damage|p1a: Blissey|87/100
|-enditem|p1a: Blissey|Heavy-Duty Boots|[from] move: Knock Off|[of] p2a: Gliscor
|move|p1a: Blissey|Stealth Rock|p2a: Gliscor
|-sidestart|p2: sicns|move: Stealth Rock
|
|-heal|p2a: Gliscor|100/100 tox|[from] ability: Poison Heal
|upkeep
|turn|9
|
|t:|1779868474
|move|p2a: Gliscor|Spikes|p1a: Blissey
|-sidestart|p1: claudechamp|Spikes
|move|p1a: Blissey|Calm Mind|p1a: Blissey
|-boost|p1a: Blissey|spa|1
|-boost|p1a: Blissey|spd|1
|
|upkeep
|turn|10
|
|t:|1779868482
|move|p2a: Gliscor|Toxic|p1a: Blissey|[miss]
|-miss|p2a: Gliscor|p1a: Blissey
|move|p1a: Blissey|Calm Mind|p1a: Blissey
|-boost|p1a: Blissey|spa|1
|-boost|p1a: Blissey|spd|1
|
|upkeep
|turn|11
|
|t:|1779868505
|move|p2a: Gliscor|Toxic|p1a: Blissey
|-status|p1a: Blissey|tox
|move|p1a: Blissey|Seismic Toss|p2a: Gliscor
|-damage|p2a: Gliscor|72/100 tox
|
|-heal|p2a: Gliscor|85/100 tox|[from] ability: Poison Heal
|-damage|p1a: Blissey|81/100 tox|[from] psn
|upkeep
|turn|12
|
|t:|1779868517
|move|p2a: Gliscor|Spikes|p1a: Blissey
|-sidestart|p1: claudechamp|Spikes
|move|p1a: Blissey|Seismic Toss|p2a: Gliscor
|-damage|p2a: Gliscor|56/100 tox
|
|-heal|p2a: Gliscor|69/100 tox|[from] ability: Poison Heal
|-damage|p1a: Blissey|68/100 tox|[from] psn
|upkeep
|turn|13
|
|t:|1779868528
|move|p2a: Gliscor|Protect|p2a: Gliscor
|-singleturn|p2a: Gliscor|Protect
|move|p1a: Blissey|Soft-Boiled|p1a: Blissey
|-heal|p1a: Blissey|100/100 tox
|
|-heal|p2a: Gliscor|81/100 tox|[from] ability: Poison Heal
|-damage|p1a: Blissey|82/100 tox|[from] psn
|upkeep
|turn|14
|
|t:|1779868543
|-curestatus|p1a: Blissey|tox|[from] ability: Natural Cure|[silent]
|switch|p1a: Pecharunt|Pecharunt|82/100
|-damage|p1a: Pecharunt|69/100|[from] Stealth Rock
|-damage|p1a: Pecharunt|53/100|[from] Spikes
|move|p2a: Gliscor|Spikes|p1a: Pecharunt
|-sidestart|p1: claudechamp|Spikes
|
|-heal|p2a: Gliscor|94/100 tox|[from] ability: Poison Heal
|upkeep
|turn|15
|
|t:|1779868563
|switch|p2a: Pecharunt|Pecharunt|100/100
|move|p1a: Pecharunt|Recover|p1a: Pecharunt
|-heal|p1a: Pecharunt|100/100
|
|upkeep
|turn|16
|
|t:|1779868570
|move|p1a: Pecharunt|Parting Shot|p2a: Pecharunt
|-unboost|p2a: Pecharunt|atk|1
|-unboost|p2a: Pecharunt|spa|1
|
|t:|1779868573
|switch|p1a: Ogerpon|Ogerpon, F|100/100|[from] Parting Shot
|move|p2a: Pecharunt|Foul Play|p1a: Ogerpon
|-damage|p1a: Ogerpon|60/100
|
|upkeep
|turn|17
|
|t:|1779868590
|move|p1a: Ogerpon|Knock Off|p2a: Pecharunt
|-supereffective|p2a: Pecharunt
|-damage|p2a: Pecharunt|72/100
|-enditem|p2a: Pecharunt|Heavy-Duty Boots|[from] move: Knock Off|[of] p1a: Ogerpon
|move|p2a: Pecharunt|Malignant Chain|p1a: Ogerpon
|-supereffective|p1a: Ogerpon
|-damage|p1a: Ogerpon|12/100
|
|upkeep
|turn|18
|
|t:|1779868602
|switch|p1a: Gliscor|Gliscor, F|78/100 tox
|-damage|p1a: Gliscor|65/100 tox|[from] Stealth Rock
|move|p2a: Pecharunt|Recover|p2a: Pecharunt
|-heal|p2a: Pecharunt|100/100
|
|-heal|p1a: Gliscor|78/100 tox|[from] ability: Poison Heal
|upkeep
|turn|19
|
|t:|1779868616
|switch|p2a: Alomomola|Alomomola, M|100/100
|move|p1a: Gliscor|Earthquake|p2a: Alomomola
|-damage|p2a: Alomomola|82/100
|
|-heal|p1a: Gliscor|90/100 tox|[from] ability: Poison Heal
|upkeep
|turn|20
|
|t:|1779868623
|switch|p1a: Pecharunt|Pecharunt|100/100
|-damage|p1a: Pecharunt|88/100|[from] Stealth Rock
|-damage|p1a: Pecharunt|63/100|[from] Spikes
|move|p2a: Alomomola|Wish|p2a: Alomomola
|
|upkeep
|turn|21
|
|t:|1779868637
|switch|p2a: Pecharunt|Pecharunt|100/100
|-damage|p2a: Pecharunt|75/100|[from] Spikes
|-damage|p2a: Pecharunt|63/100|[from] Stealth Rock
|move|p1a: Pecharunt|Recover|p1a: Pecharunt
|-heal|p1a: Pecharunt|100/100
|
|-heal|p2a: Pecharunt|100/100|[from] move: Wish|[wisher] Alomomola
|upkeep
|turn|22
|
|t:|1779868647
|move|p2a: Pecharunt|Foul Play|p1a: Pecharunt
|-supereffective|p1a: Pecharunt
|-damage|p1a: Pecharunt|87/100
|move|p1a: Pecharunt|Foul Play|p2a: Pecharunt
|-supereffective|p2a: Pecharunt
|-damage|p2a: Pecharunt|86/100
|
|upkeep
|turn|23
|
|t:|1779868655
|move|p1a: Pecharunt|Recover|p1a: Pecharunt
|-heal|p1a: Pecharunt|100/100
|move|p2a: Pecharunt|Parting Shot|p1a: Pecharunt
|-unboost|p1a: Pecharunt|atk|1
|-unboost|p1a: Pecharunt|spa|1
|
|t:|1779868673
|switch|p2a: Primarina|Primarina, F|100/100|[from] Parting Shot
|-damage|p2a: Primarina|76/100|[from] Spikes
|-damage|p2a: Primarina|63/100|[from] Stealth Rock
|
|-heal|p2a: Primarina|69/100|[from] item: Leftovers
|upkeep
|turn|24
|
|t:|1779868682
|move|p1a: Pecharunt|Malignant Chain|p2a: Primarina
|-supereffective|p2a: Primarina
|-damage|p2a: Primarina|44/100
|move|p2a: Primarina|Psychic Noise|p1a: Pecharunt
|-damage|p1a: Pecharunt|66/100
|-start|p1a: Pecharunt|move: Heal Block
|
|-heal|p2a: Primarina|50/100|[from] item: Leftovers
|upkeep
|turn|25
|
|t:|1779868694
|move|p1a: Pecharunt|Malignant Chain|p2a: Primarina
|-supereffective|p2a: Primarina
|-damage|p2a: Primarina|24/100
|move|p2a: Primarina|Calm Mind|p2a: Primarina
|-boost|p2a: Primarina|spa|1
|-boost|p2a: Primarina|spd|1
|
|-heal|p2a: Primarina|30/100|[from] item: Leftovers
|-end|p1a: Pecharunt|move: Heal Block
|upkeep
|turn|26
|
|t:|1779868704
|move|p1a: Pecharunt|Malignant Chain|p2a: Primarina
|-supereffective|p2a: Primarina
|-damage|p2a: Primarina|13/100
|-status|p2a: Primarina|tox
|-start|p2a: Primarina|confusion|[from] ability: Poison Puppeteer|[of] p1a: Pecharunt
|-activate|p2a: Primarina|confusion
|move|p2a: Primarina|Psychic Noise|p1a: Pecharunt
|-damage|p1a: Pecharunt|16/100
|-start|p1a: Pecharunt|move: Heal Block
|
|-heal|p2a: Primarina|19/100 tox|[from] item: Leftovers
|-damage|p2a: Primarina|13/100 tox|[from] psn
|upkeep
|turn|27
|
|t:|1779868730
|switch|p2a: Gliscor|Gliscor, M|94/100 tox
|-damage|p2a: Gliscor|81/100 tox|[from] Stealth Rock
|move|p1a: Pecharunt|Malignant Chain|p2a: Gliscor
|-resisted|p2a: Gliscor
|-damage|p2a: Gliscor|72/100 tox
|
|-heal|p2a: Gliscor|85/100 tox|[from] ability: Poison Heal
|-end|p1a: Pecharunt|move: Heal Block
|upkeep
|turn|28
|
|t:|1779868739
|move|p2a: Gliscor|Knock Off|p1a: Pecharunt
|-supereffective|p1a: Pecharunt
|-damage|p1a: Pecharunt|1/100
|move|p1a: Pecharunt|Recover|p1a: Pecharunt
|-heal|p1a: Pecharunt|51/100
|
|-heal|p2a: Gliscor|97/100 tox|[from] ability: Poison Heal
|upkeep
|turn|29
|c|☆sicns|this gona go forever
|inactive|sicns has 120 seconds left.
|
|t:|1779868766
|switch|p2a: Alomomola|Alomomola, M|100/100
|move|p1a: Pecharunt|Recover|p1a: Pecharunt
|-heal|p1a: Pecharunt|100/100
|
|upkeep
|turn|30
|inactive|sicns has 120 seconds left.
|
|t:|1779868771
|move|p1a: Pecharunt|Malignant Chain|p2a: Alomomola
|-damage|p2a: Alomomola|78/100
|-status|p2a: Alomomola|tox
|-start|p2a: Alomomola|confusion|[from] ability: Poison Puppeteer|[of] p1a: Pecharunt
|-activate|p2a: Alomomola|confusion
|move|p2a: Alomomola|Wish|p2a: Alomomola
|
|-damage|p2a: Alomomola|72/100 tox|[from] psn
|upkeep
|turn|31
|inactive|sicns has 120 seconds left.
|
|t:|1779868782
|move|p1a: Pecharunt|Parting Shot|p2a: Alomomola
|-unboost|p2a: Alomomola|atk|1
|-unboost|p2a: Alomomola|spa|1
|
|t:|1779868788
|switch|p1a: Blissey|Blissey, F|82/100|[from] Parting Shot
|-damage|p1a: Blissey|70/100|[from] Stealth Rock
|-damage|p1a: Blissey|45/100|[from] Spikes
|-activate|p2a: Alomomola|confusion
|move|p2a: Alomomola|Scald|p1a: Blissey
|-damage|p1a: Blissey|42/100
|-status|p1a: Blissey|brn
|
|-heal|p2a: Alomomola|100/100 tox|[from] move: Wish|[wisher] Alomomola
|-damage|p2a: Alomomola|88/100 tox|[from] psn
|-damage|p1a: Blissey|36/100 brn|[from] brn
|upkeep
|turn|32
|inactive|sicns has 120 seconds left.
|
|t:|1779868806
|move|p1a: Blissey|Soft-Boiled|p1a: Blissey
|-heal|p1a: Blissey|86/100 brn
|-activate|p2a: Alomomola|confusion
|move|p2a: Alomomola|Wish|p2a: Alomomola
|
|-damage|p2a: Alomomola|70/100 tox|[from] psn
|-damage|p1a: Blissey|79/100 brn|[from] brn
|upkeep
|turn|33
|inactive|sicns has 120 seconds left.
|
|t:|1779868823
|switch|p2a: Clefable|Clefable, F|74/100
|move|p1a: Blissey|Calm Mind|p1a: Blissey
|-boost|p1a: Blissey|spa|1
|-boost|p1a: Blissey|spd|1
|
|-heal|p2a: Clefable|100/100|[from] move: Wish|[wisher] Alomomola
|-damage|p1a: Blissey|73/100 brn|[from] brn
|upkeep
|turn|34
|inactive|sicns has 120 seconds left.
|
|t:|1779868832
|move|p2a: Clefable|Calm Mind|p2a: Clefable
|-boost|p2a: Clefable|spa|1
|-boost|p2a: Clefable|spd|1
|move|p1a: Blissey|Seismic Toss|p2a: Clefable
|-damage|p2a: Clefable|75/100
|
|-damage|p1a: Blissey|67/100 brn|[from] brn
|upkeep
|turn|35
|
|t:|1779868848
|move|p2a: Clefable|Calm Mind|p2a: Clefable
|-boost|p2a: Clefable|spa|1
|-boost|p2a: Clefable|spd|1
|move|p1a: Blissey|Seismic Toss|p2a: Clefable
|-damage|p2a: Clefable|50/100
|
|-damage|p1a: Blissey|61/100 brn|[from] brn
|upkeep
|turn|36
|
|t:|1779868861
|move|p2a: Clefable|Calm Mind|p2a: Clefable
|-boost|p2a: Clefable|spa|1
|-boost|p2a: Clefable|spd|1
|move|p1a: Blissey|Seismic Toss|p2a: Clefable
|-damage|p2a: Clefable|24/100
|
|-damage|p1a: Blissey|55/100 brn|[from] brn
|upkeep
|turn|37
|
|t:|1779868872
|move|p2a: Clefable|Moonlight|p2a: Clefable
|-heal|p2a: Clefable|74/100
|move|p1a: Blissey|Soft-Boiled|p1a: Blissey
|-heal|p1a: Blissey|100/100 brn
|
|-damage|p1a: Blissey|94/100 brn|[from] brn
|upkeep
|turn|38
|
|t:|1779868886
|move|p2a: Clefable|Calm Mind|p2a: Clefable
|-boost|p2a: Clefable|spa|1
|-boost|p2a: Clefable|spd|1
|move|p1a: Blissey|Seismic Toss|p2a: Clefable
|-damage|p2a: Clefable|49/100
|
|-damage|p1a: Blissey|88/100 brn|[from] brn
|upkeep
|turn|39
|
|t:|1779868895
|move|p2a: Clefable|Calm Mind|p2a: Clefable
|-boost|p2a: Clefable|spa|1
|-boost|p2a: Clefable|spd|1
|move|p1a: Blissey|Seismic Toss|p2a: Clefable
|-damage|p2a: Clefable|24/100
|
|-damage|p1a: Blissey|82/100 brn|[from] brn
|upkeep
|turn|40
|
|t:|1779868908
|-curestatus|p1a: Blissey|brn|[from] ability: Natural Cure|[silent]
|switch|p1a: Ogerpon|Ogerpon, F|12/100
|move|p2a: Clefable|Moonlight|p2a: Clefable
|-heal|p2a: Clefable|74/100
|
|upkeep
|turn|41
|
|t:|1779868920
|-terastallize|p1a: Ogerpon|Grass
|detailschange|p1a: Ogerpon|Ogerpon-Teal-Tera, F, tera:Grass
|-ability|p1a: Ogerpon|Embody Aspect (Teal)|boost
|-boost|p1a: Ogerpon|spe|1
|move|p1a: Ogerpon|Ivy Cudgel|p2a: Clefable
|-damage|p2a: Clefable|0 fnt
|faint|p2a: Clefable
|
|upkeep
|
|t:|1779868934
|switch|p2a: Pecharunt|Pecharunt|86/100
|-damage|p2a: Pecharunt|61/100|[from] Spikes
|-damage|p2a: Pecharunt|48/100|[from] Stealth Rock
|turn|42
|
|t:|1779868944
|switch|p1a: Gliscor|Gliscor, F|90/100 tox
|-damage|p1a: Gliscor|78/100 tox|[from] Stealth Rock
|move|p2a: Pecharunt|Recover|p2a: Pecharunt
|-heal|p2a: Pecharunt|98/100
|
|-heal|p1a: Gliscor|90/100 tox|[from] ability: Poison Heal
|upkeep
|turn|43
|
|t:|1779868954
|switch|p2a: Alomomola|Alomomola, M|100/100 tox
|move|p1a: Gliscor|Earthquake|p2a: Alomomola
|-damage|p2a: Alomomola|82/100 tox
|
|-heal|p1a: Gliscor|100/100 tox|[from] ability: Poison Heal
|-damage|p2a: Alomomola|76/100 tox|[from] psn
|upkeep
|turn|44
|
|t:|1779868966
|move|p1a: Gliscor|Earthquake|p2a: Alomomola
|-damage|p2a: Alomomola|59/100 tox
|move|p2a: Alomomola|Wish|p2a: Alomomola
|
|-damage|p2a: Alomomola|47/100 tox|[from] psn
|upkeep
|turn|45
|
|t:|1779868975
|move|p1a: Gliscor|Earthquake|p2a: Alomomola
|-damage|p2a: Alomomola|30/100 tox
|move|p2a: Alomomola|Flip Turn|p1a: Gliscor
|-supereffective|p1a: Gliscor
|-damage|p1a: Gliscor|75/100 tox
|
|t:|1779868981
|switch|p2a: Primarina|Primarina, F|13/100 tox|[from] Flip Turn
|-damage|p2a: Primarina|0 fnt|[from] Spikes
|faint|p2a: Primarina
|
|-heal|p1a: Gliscor|87/100 tox|[from] ability: Poison Heal
|upkeep
|-message|sicns forfeited.
|
|win|claudechamp
|raw|claudechamp's rating: 1205 &rarr; <strong>1225</strong><br />(+20 for winning)
|raw|sicns's rating: 1129 &rarr; <strong>1109</strong><br />(-20 for losing)
|c|☆claudechamp|gg
|l|☆sicns
|player|p2|
