|j|☆White Boy SZN
|j|☆ilikemos
|t:|1779812145
|gametype|singles
|player|p1|White Boy SZN|blue-gen7|1470
|player|p2|ilikemos|1|1420
|gen|9
|tier|[Gen 9] OU
|rated|
|rule|HP Percentage Mod: HP is shown in percentages
|rule|Endless Battle Clause: Forcing endless battles is banned
|rule|Species Clause: Limit one of each Pokémon
|rule|OHKO Clause: OHKO moves are banned
|rule|Evasion Items Clause: Evasion items are banned
|rule|Evasion Moves Clause: Evasion moves are banned
|rule|Evasion Abilities Clause: Evasion abilities are banned
|rule|Sleep Moves Clause: Sleep-inducing moves are banned
|clearpoke
|poke|p1|Electrode-Hisui|
|poke|p1|Iron Crown|
|poke|p1|Darkrai|
|poke|p1|Landorus-Therian, M|
|poke|p1|Corviknight, M|
|poke|p1|Ceruledge, F|
|poke|p2|Great Tusk|
|poke|p2|Gholdengo|
|poke|p2|Ogerpon-Wellspring, F|
|poke|p2|Raging Bolt|
|poke|p2|Kingambit, F|
|poke|p2|Zamazenta-*|
|teampreview
|
|t:|1779812173
|teamsize|p1|6
|teamsize|p2|6
|start
|switch|p1a: Electrode|Electrode-Hisui|100/100
|switch|p2a: Ogerpon|Ogerpon-Wellspring, F|100/100
|turn|1
|
|t:|1779812178
|move|p1a: Electrode|Thunder Wave|p2a: Ogerpon
|-status|p2a: Ogerpon|par
|move|p2a: Ogerpon|U-turn|p1a: Electrode
|-supereffective|p1a: Electrode
|-damage|p1a: Electrode|27/100
|
|t:|1779812183
|switch|p2a: Gholdengo|Gholdengo|100/100|[from] U-turn
|-item|p2a: Gholdengo|Air Balloon
|
|upkeep
|turn|2
|inactive|Battle timer is ON: inactive players will automatically lose when time's up. (requested by ilikemos)
|
|t:|1779812191
|move|p1a: Electrode|Volt Switch|p2a: Gholdengo
|-damage|p2a: Gholdengo|74/100
|-enditem|p2a: Gholdengo|Air Balloon
|
|t:|1779812199
|switch|p1a: Landorus|Landorus-Therian, M|100/100|[from] Volt Switch
|-ability|p1a: Landorus|Intimidate|boost
|-unboost|p2a: Gholdengo|atk|1
|move|p2a: Gholdengo|Shadow Ball|p1a: Landorus
|-damage|p1a: Landorus|49/100
|
|upkeep
|turn|3
|
|t:|1779812213
|switch|p2a: Ogerpon|Ogerpon-Wellspring, F|100/100 par
|move|p1a: Landorus|Earthquake|p2a: Ogerpon
|-resisted|p2a: Ogerpon
|-damage|p2a: Ogerpon|62/100 par
|
|upkeep
|turn|4
|
|t:|1779812224
|move|p1a: Landorus|U-turn|p2a: Ogerpon
|-supereffective|p2a: Ogerpon
|-damage|p2a: Ogerpon|0 fnt
|faint|p2a: Ogerpon
|
|t:|1779812229
|switch|p1a: Electrode|Electrode-Hisui|27/100|[from] U-turn
|
|upkeep
|
|t:|1779812240
|switch|p2a: Kingambit|Kingambit, F|100/100
|-activate|p2a: Kingambit|ability: Supreme Overlord
|-start|p2a: Kingambit|fallen1|[silent]
|turn|5
|
|t:|1779812245
|move|p1a: Electrode|Thunder Wave|p2a: Kingambit
|-status|p2a: Kingambit|par
|cant|p2a: Kingambit|par
|
|upkeep
|turn|6
|
|t:|1779812250
|move|p2a: Kingambit|Sucker Punch||[still]
|-fail|p2a: Kingambit
|move|p1a: Electrode|Taunt|p2a: Kingambit
|-start|p2a: Kingambit|move: Taunt
|
|upkeep
|turn|7
|
|t:|1779812260
|switch|p1a: Corviknight|Corviknight, M|100/100
|-ability|p1a: Corviknight|Pressure
|cant|p2a: Kingambit|par
|
|upkeep
|turn|8
|
|t:|1779812269
|-end|p2a: Kingambit|fallen1|[silent]
|switch|p2a: Raging Bolt|Raging Bolt|100/100
|move|p1a: Corviknight|U-turn|p2a: Raging Bolt
|-damage|p2a: Raging Bolt|87/100
|
|t:|1779812274
|switch|p1a: Landorus|Landorus-Therian, M|49/100|[from] U-turn
|-ability|p1a: Landorus|Intimidate|boost
|-unboost|p2a: Raging Bolt|atk|1
|
|upkeep
|turn|9
|
|t:|1779812281
|-end|p2a: Raging Bolt|Protosynthesis|[silent]
|switch|p2a: Great Tusk|Great Tusk|100/100
|move|p1a: Landorus|Earthquake|p2a: Great Tusk
|-damage|p2a: Great Tusk|73/100
|
|-heal|p2a: Great Tusk|79/100|[from] item: Leftovers
|upkeep
|turn|10
|
|t:|1779812288
|move|p1a: Landorus|U-turn|p2a: Great Tusk
|-resisted|p2a: Great Tusk
|-damage|p2a: Great Tusk|72/100
|
|t:|1779812289
|switch|p1a: Corviknight|Corviknight, M|100/100|[from] U-turn
|-ability|p1a: Corviknight|Pressure
|move|p2a: Great Tusk|Stealth Rock|p1a: Corviknight
|-sidestart|p1: White Boy SZN|move: Stealth Rock
|
|-heal|p2a: Great Tusk|78/100|[from] item: Leftovers
|upkeep
|turn|11
|
|t:|1779812295
|-end|p2a: Great Tusk|Protosynthesis|[silent]
|switch|p2a: Gholdengo|Gholdengo|74/100
|move|p1a: Corviknight|U-turn|p2a: Gholdengo
|-resisted|p2a: Gholdengo
|-damage|p2a: Gholdengo|70/100
|
|t:|1779812309
|switch|p1a: Darkrai|Darkrai|100/100|[from] U-turn
|-damage|p1a: Darkrai|88/100|[from] Stealth Rock
|
|-heal|p1a: Darkrai|94/100|[from] item: Leftovers
|upkeep
|turn|12
|
|t:|1779812318
|switch|p2a: Zamazenta|Zamazenta|100/100
|-ability|p2a: Zamazenta|Dauntless Shield|boost
|-boost|p2a: Zamazenta|def|1
|move|p1a: Darkrai|Dark Pulse|p2a: Zamazenta
|-resisted|p2a: Zamazenta
|-damage|p2a: Zamazenta|84/100
|
|-heal|p2a: Zamazenta|90/100|[from] item: Leftovers
|-heal|p1a: Darkrai|99/100|[from] item: Leftovers
|upkeep
|turn|13
|
|t:|1779812323
|switch|p1a: Corviknight|Corviknight, M|100/100
|-damage|p1a: Corviknight|88/100|[from] Stealth Rock
|-ability|p1a: Corviknight|Pressure
|move|p2a: Zamazenta|Substitute|p2a: Zamazenta
|-start|p2a: Zamazenta|Substitute
|-damage|p2a: Zamazenta|65/100
|
|-heal|p2a: Zamazenta|72/100|[from] item: Leftovers
|upkeep
|turn|14
|
|t:|1779812335
|move|p2a: Zamazenta|Iron Defense|p2a: Zamazenta
|-boost|p2a: Zamazenta|def|2
|move|p1a: Corviknight|Brave Bird|p2a: Zamazenta
|-supereffective|p2a: Zamazenta
|-activate|p2a: Zamazenta|move: Substitute|[damage]
|-damage|p1a: Corviknight|81/100|[from] Recoil|[of] p2a: Zamazenta
|
|-heal|p2a: Zamazenta|78/100|[from] item: Leftovers
|upkeep
|turn|15
|
|t:|1779812343
|move|p2a: Zamazenta|Iron Defense|p2a: Zamazenta
|-boost|p2a: Zamazenta|def|2
|move|p1a: Corviknight|U-turn|p2a: Zamazenta
|-resisted|p2a: Zamazenta
|-activate|p2a: Zamazenta|move: Substitute|[damage]
|
|t:|1779812348
|switch|p1a: Ceruledge|Ceruledge, F|100/100|[from] U-turn
|-damage|p1a: Ceruledge|76/100|[from] Stealth Rock
|
|-heal|p2a: Zamazenta|84/100|[from] item: Leftovers
|upkeep
|turn|16
|
|t:|1779812358
|move|p2a: Zamazenta|Crunch|p1a: Ceruledge
|-supereffective|p1a: Ceruledge
|-damage|p1a: Ceruledge|21/100
|move|p1a: Ceruledge|Bulk Up|p1a: Ceruledge
|-boost|p1a: Ceruledge|atk|1
|-boost|p1a: Ceruledge|def|1
|
|-heal|p2a: Zamazenta|90/100|[from] item: Leftovers
|upkeep
|turn|17
|
|t:|1779812373
|-terastallize|p1a: Ceruledge|Bug
|move|p2a: Zamazenta|Crunch|p1a: Ceruledge
|-damage|p1a: Ceruledge|4/100
|move|p1a: Ceruledge|Bitter Blade|p2a: Zamazenta
|-end|p2a: Zamazenta|Substitute
|-heal|p1a: Ceruledge|5/100|[from] drain|[of] p2a: Zamazenta
|
|-heal|p2a: Zamazenta|97/100|[from] item: Leftovers
|upkeep
|turn|18
|
|t:|1779812383
|move|p1a: Ceruledge|Shadow Sneak|p2a: Zamazenta
|-damage|p2a: Zamazenta|91/100
|move|p2a: Zamazenta|Substitute|p2a: Zamazenta
|-start|p2a: Zamazenta|Substitute
|-damage|p2a: Zamazenta|66/100
|
|-heal|p2a: Zamazenta|72/100|[from] item: Leftovers
|upkeep
|turn|19
|
|t:|1779812387
|move|p2a: Zamazenta|Iron Defense|p2a: Zamazenta
|-boost|p2a: Zamazenta|def|1
|move|p1a: Ceruledge|Bitter Blade|p2a: Zamazenta
|-activate|p2a: Zamazenta|move: Substitute|[damage]
|-heal|p1a: Ceruledge|12/100|[from] drain|[of] p2a: Zamazenta
|
|-heal|p2a: Zamazenta|79/100|[from] item: Leftovers
|upkeep
|turn|20
|
|t:|1779812392
|move|p2a: Zamazenta|Body Press|p1a: Ceruledge
|-resisted|p1a: Ceruledge
|-damage|p1a: Ceruledge|0 fnt
|faint|p1a: Ceruledge
|
|-heal|p2a: Zamazenta|85/100|[from] item: Leftovers
|upkeep
|
|t:|1779812394
|switch|p1a: Electrode|Electrode-Hisui|27/100
|-damage|p1a: Electrode|15/100|[from] Stealth Rock
|turn|21
|
|t:|1779812396
|move|p1a: Electrode|Volt Switch|p2a: Zamazenta
|-end|p2a: Zamazenta|Substitute
|
|t:|1779812399
|switch|p1a: Landorus|Landorus-Therian, M|49/100|[from] Volt Switch
|-damage|p1a: Landorus|37/100|[from] Stealth Rock
|-ability|p1a: Landorus|Intimidate|boost
|-unboost|p2a: Zamazenta|atk|1
|move|p2a: Zamazenta|Body Press|p1a: Landorus
|-resisted|p1a: Landorus
|-damage|p1a: Landorus|0 fnt
|-damage|p2a: Zamazenta|68/100|[from] item: Rocky Helmet|[of] p1a: Landorus
|faint|p1a: Landorus
|
|-heal|p2a: Zamazenta|75/100|[from] item: Leftovers
|upkeep
|
|t:|1779812415
|switch|p1a: Iron Crown|Iron Crown|100/100
|-damage|p1a: Iron Crown|94/100|[from] Stealth Rock
|turn|22
|
|t:|1779812419
|-end|p1a: Iron Crown|Quark Drive|[silent]
|switch|p1a: Corviknight|Corviknight, M|81/100
|-damage|p1a: Corviknight|69/100|[from] Stealth Rock
|-ability|p1a: Corviknight|Pressure
|move|p2a: Zamazenta|Body Press|p1a: Corviknight
|-damage|p1a: Corviknight|0 fnt
|-damage|p2a: Zamazenta|58/100|[from] item: Rocky Helmet|[of] p1a: Corviknight
|faint|p1a: Corviknight
|
|-heal|p2a: Zamazenta|64/100|[from] item: Leftovers
|upkeep
|
|t:|1779812426
|switch|p1a: Electrode|Electrode-Hisui|15/100
|-damage|p1a: Electrode|2/100|[from] Stealth Rock
|turn|23
|
|t:|1779812430
|move|p1a: Electrode|Leaf Storm|p2a: Zamazenta
|-damage|p2a: Zamazenta|33/100
|-unboost|p1a: Electrode|spa|2
|move|p2a: Zamazenta|Body Press|p1a: Electrode
|-damage|p1a: Electrode|0 fnt
|-damage|p2a: Zamazenta|9/100|[from] ability: Aftermath|[of] p1a: Electrode
|faint|p1a: Electrode
|
|-heal|p2a: Zamazenta|15/100|[from] item: Leftovers
|upkeep
|
|t:|1779812439
|switch|p1a: Iron Crown|Iron Crown|94/100
|-damage|p1a: Iron Crown|88/100|[from] Stealth Rock
|turn|24
|
|t:|1779812451
|move|p2a: Zamazenta|Body Press|p1a: Iron Crown
|-damage|p1a: Iron Crown|0 fnt
|faint|p1a: Iron Crown
|-end|p1a: Iron Crown|Quark Drive|[silent]
|
|-heal|p2a: Zamazenta|21/100|[from] item: Leftovers
|upkeep
|-message|White Boy SZN forfeited.
|
|win|ilikemos
|raw|White Boy SZN's rating: 1470 &rarr; <strong>1447</strong><br />(-23 for losing)
|raw|ilikemos's rating: 1420 &rarr; <strong>1443</strong><br />(+23 for winning)
|l|☆White Boy SZN
|player|p1|
|l|☆ilikemos
|player|p2|
