|j|☆claudechamp
|j|☆abe_hanabi
|t:|1779808882
|gametype|singles
|player|p1|claudechamp|265|1271
|player|p2|abe_hanabi|169|1220
|gen|9
|tier|[Gen 9] OU
|rated|
|rule|HP Percentage Mod: HP is shown in percentages
|rule|Endless Battle Clause: Forcing endless battles is banned
|rule|Species Clause: Limit one of each Pokémon
|rule|OHKO Clause: OHKO moves are banned
|rule|Evasion Items Clause: Evasion items are banned
|rule|Evasion Moves Clause: Evasion moves are banned
|rule|Evasion Abilities Clause: Evasion abilities are banned
|rule|Sleep Moves Clause: Sleep-inducing moves are banned
|clearpoke
|poke|p1|Gliscor, M|
|poke|p1|Gholdengo|
|poke|p1|Zamazenta-*|
|poke|p1|Blissey, F|
|poke|p1|Skarmory, M|
|poke|p1|Pecharunt|
|poke|p2|Tyranitar, F|
|poke|p2|Excadrill, F|
|poke|p2|Zapdos|
|poke|p2|Kingambit, M|
|poke|p2|Primarina, M|
|poke|p2|Ogerpon-Wellspring, F|
|teampreview
|c|☆claudechamp|hf
|inactive|Battle timer is ON: inactive players will automatically lose when time's up. (requested by claudechamp)
|
|t:|1779808896
|teamsize|p1|6
|teamsize|p2|6
|start
|switch|p1a: Skarmory|Skarmory, M|100/100
|switch|p2a: Primarina|Primarina, M|100/100
|turn|1
|
|t:|1779808900
|move|p1a: Skarmory|Spikes|p2a: Primarina
|-sidestart|p2: abe_hanabi|Spikes
|move|p2a: Primarina|Calm Mind|p2a: Primarina
|-boost|p2a: Primarina|spa|1
|-boost|p2a: Primarina|spd|1
|
|upkeep
|turn|2
|
|t:|1779808902
|move|p2a: Primarina|Calm Mind|p2a: Primarina
|-boost|p2a: Primarina|spa|1
|-boost|p2a: Primarina|spd|1
|move|p1a: Skarmory|Whirlwind|p2a: Primarina
|drag|p2a: Ogerpon|Ogerpon-Wellspring, F|100/100
|-damage|p2a: Ogerpon|88/100|[from] Spikes
|
|upkeep
|turn|3
|
|t:|1779808910
|move|p2a: Ogerpon|U-turn|p1a: Skarmory
|-resisted|p1a: Skarmory
|-damage|p1a: Skarmory|96/100
|
|t:|1779808912
|switch|p2a: Zapdos|Zapdos|100/100|[from] U-turn
|move|p1a: Skarmory|Body Press|p2a: Zapdos
|-resisted|p2a: Zapdos
|-damage|p2a: Zapdos|90/100
|
|upkeep
|turn|4
|
|t:|1779808924
|move|p2a: Zapdos|Volt Switch|p1a: Skarmory
|-supereffective|p1a: Skarmory
|-damage|p1a: Skarmory|23/100
|
|t:|1779808928
|switch|p2a: Primarina|Primarina, M|100/100|[from] Volt Switch
|-damage|p2a: Primarina|88/100|[from] Spikes
|move|p1a: Skarmory|Spikes|p2a: Primarina
|-sidestart|p2: abe_hanabi|Spikes
|
|-heal|p2a: Primarina|94/100|[from] item: Leftovers
|upkeep
|turn|5
|
|t:|1779808935
|switch|p1a: Blissey|Blissey, F|100/100
|move|p2a: Primarina|Shadow Ball|p1a: Blissey
|-immune|p1a: Blissey
|
|-heal|p2a: Primarina|99/100|[from] item: Leftovers
|upkeep
|turn|6
|
|t:|1779808942
|switch|p2a: Excadrill|Excadrill, F|100/100
|-item|p2a: Excadrill|Air Balloon
|move|p1a: Blissey|Stealth Rock|p2a: Excadrill
|-sidestart|p2: abe_hanabi|move: Stealth Rock
|
|upkeep
|turn|7
|
|t:|1779808949
|switch|p1a: Zamazenta|Zamazenta|100/100
|-ability|p1a: Zamazenta|Dauntless Shield|boost
|-boost|p1a: Zamazenta|def|1
|move|p2a: Excadrill|Iron Head|p1a: Zamazenta
|-damage|p1a: Zamazenta|71/100
|
|upkeep
|turn|8
|
|t:|1779808956
|-terastallize|p2a: Excadrill|Ghost
|move|p1a: Zamazenta|Close Combat|p2a: Excadrill
|-immune|p2a: Excadrill
|move|p2a: Excadrill|Rapid Spin|p1a: Zamazenta
|-damage|p1a: Zamazenta|59/100
|-boost|p2a: Excadrill|spe|1
|-sideend|p2: abe_hanabi|Spikes|[from] move: Rapid Spin|[of] p2a: Excadrill
|-sideend|p2: abe_hanabi|Stealth Rock|[from] move: Rapid Spin|[of] p2a: Excadrill
|
|upkeep
|turn|9
|
|t:|1779808965
|switch|p2a: Zapdos|Zapdos|90/100
|move|p1a: Zamazenta|Crunch|p2a: Zapdos
|-damage|p2a: Zapdos|72/100
|-status|p1a: Zamazenta|par|[from] ability: Static|[of] p2a: Zapdos
|
|upkeep
|turn|10
|
|t:|1779808970
|switch|p1a: Gliscor|Gliscor, M|100/100
|move|p2a: Zapdos|Hurricane|p1a: Gliscor
|-damage|p1a: Gliscor|55/100
|
|-status|p1a: Gliscor|tox|[from] item: Toxic Orb
|upkeep
|turn|11
|
|t:|1779808977
|switch|p2a: Primarina|Primarina, M|99/100
|move|p1a: Gliscor|Knock Off|p2a: Primarina
|-resisted|p2a: Primarina
|-damage|p2a: Primarina|87/100
|-enditem|p2a: Primarina|Leftovers|[from] move: Knock Off|[of] p1a: Gliscor
|
|-heal|p1a: Gliscor|68/100 tox|[from] ability: Poison Heal
|upkeep
|turn|12
|
|t:|1779808981
|move|p1a: Gliscor|Earthquake|p2a: Primarina
|-damage|p2a: Primarina|49/100
|move|p2a: Primarina|Surf|p1a: Gliscor
|-supereffective|p1a: Gliscor
|-damage|p1a: Gliscor|0 fnt
|faint|p1a: Gliscor
|
|upkeep
|
|t:|1779808984
|switch|p1a: Blissey|Blissey, F|100/100
|turn|13
|
|t:|1779808993
|switch|p2a: Excadrill|Excadrill, F, tera:Ghost|100/100
|-item|p2a: Excadrill|Air Balloon
|move|p1a: Blissey|Stealth Rock|p2a: Excadrill
|-sidestart|p2: abe_hanabi|move: Stealth Rock
|
|upkeep
|turn|14
|
|t:|1779809001
|move|p2a: Excadrill|Iron Head|p1a: Blissey
|-damage|p1a: Blissey|58/100
|cant|p1a: Blissey|flinch
|
|upkeep
|turn|15
|
|t:|1779809007
|move|p2a: Excadrill|Swords Dance|p2a: Excadrill
|-boost|p2a: Excadrill|atk|2
|move|p1a: Blissey|Shadow Ball|p2a: Excadrill
|-supereffective|p2a: Excadrill
|-damage|p2a: Excadrill|58/100
|-enditem|p2a: Excadrill|Air Balloon
|
|upkeep
|turn|16
|
|t:|1779809013
|switch|p1a: Skarmory|Skarmory, M|23/100
|move|p2a: Excadrill|Iron Head|p1a: Skarmory
|-resisted|p1a: Skarmory
|-damage|p1a: Skarmory|0 fnt
|faint|p1a: Skarmory
|
|upkeep
|
|t:|1779809016
|switch|p1a: Pecharunt|Pecharunt|100/100
|turn|17
|
|t:|1779809021
|move|p2a: Excadrill|Earthquake|p1a: Pecharunt
|-supereffective|p1a: Pecharunt
|-damage|p1a: Pecharunt|7/100
|move|p1a: Pecharunt|Shadow Ball|p2a: Excadrill
|-supereffective|p2a: Excadrill
|-damage|p2a: Excadrill|0 fnt
|faint|p2a: Excadrill
|
|upkeep
|
|t:|1779809033
|switch|p2a: Ogerpon|Ogerpon-Wellspring, F|88/100
|-damage|p2a: Ogerpon|76/100|[from] Stealth Rock
|turn|18
|
|t:|1779809038
|move|p2a: Ogerpon|Ivy Cudgel|p1a: Pecharunt|[anim] Ivy Cudgel Water
|-damage|p1a: Pecharunt|0 fnt
|faint|p1a: Pecharunt
|
|upkeep
|
|t:|1779809041
|switch|p1a: Gholdengo|Gholdengo|100/100
|turn|19
|
|t:|1779809048
|move|p2a: Ogerpon|Ivy Cudgel|p1a: Gholdengo|[anim] Ivy Cudgel Water
|-damage|p1a: Gholdengo|56/100
|move|p1a: Gholdengo|Thunder Wave|p2a: Ogerpon|[miss]
|-miss|p1a: Gholdengo|p2a: Ogerpon
|
|upkeep
|turn|20
|
|t:|1779809051
|move|p2a: Ogerpon|Ivy Cudgel|p1a: Gholdengo|[anim] Ivy Cudgel Water
|-damage|p1a: Gholdengo|12/100
|move|p1a: Gholdengo|Thunder Wave|p2a: Ogerpon
|-status|p2a: Ogerpon|par
|
|upkeep
|turn|21
|
|t:|1779809055
|move|p1a: Gholdengo|Recover|p1a: Gholdengo
|-heal|p1a: Gholdengo|62/100
|move|p2a: Ogerpon|Ivy Cudgel|p1a: Gholdengo|[anim] Ivy Cudgel Water
|-crit|p1a: Gholdengo
|-damage|p1a: Gholdengo|2/100
|
|upkeep
|turn|22
|
|t:|1779809064
|move|p1a: Gholdengo|Recover|p1a: Gholdengo
|-heal|p1a: Gholdengo|52/100
|move|p2a: Ogerpon|U-turn|p1a: Gholdengo
|-resisted|p1a: Gholdengo
|-damage|p1a: Gholdengo|46/100
|
|t:|1779809069
|switch|p2a: Tyranitar|Tyranitar, F|100/100|[from] U-turn
|-damage|p2a: Tyranitar|88/100|[from] Stealth Rock
|-weather|Sandstorm|[from] ability: Sand Stream|[of] p2a: Tyranitar
|
|-weather|Sandstorm|[upkeep]
|upkeep
|turn|23
|
|t:|1779809073
|switch|p1a: Zamazenta|Zamazenta|59/100 par
|move|p2a: Tyranitar|Knock Off|p1a: Zamazenta
|-resisted|p1a: Zamazenta
|-damage|p1a: Zamazenta|34/100 par
|-enditem|p1a: Zamazenta|Heavy-Duty Boots|[from] move: Knock Off|[of] p2a: Tyranitar
|
|-weather|Sandstorm|[upkeep]
|-damage|p1a: Zamazenta|28/100 par|[from] Sandstorm
|upkeep
|turn|24
|
|t:|1779809084
|switch|p2a: Ogerpon|Ogerpon-Wellspring, F|76/100 par
|-damage|p2a: Ogerpon|64/100 par|[from] Stealth Rock
|cant|p1a: Zamazenta|par
|
|-weather|Sandstorm|[upkeep]
|-damage|p1a: Zamazenta|22/100 par|[from] Sandstorm
|-damage|p2a: Ogerpon|58/100 par|[from] Sandstorm
|upkeep
|turn|25
|
|t:|1779809091
|switch|p1a: Gholdengo|Gholdengo|46/100
|cant|p2a: Ogerpon|par
|
|-weather|Sandstorm|[upkeep]
|-damage|p2a: Ogerpon|52/100 par|[from] Sandstorm
|upkeep
|turn|26
|
|t:|1779809096
|move|p1a: Gholdengo|Recover|p1a: Gholdengo
|-heal|p1a: Gholdengo|96/100
|move|p2a: Ogerpon|Ivy Cudgel|p1a: Gholdengo|[anim] Ivy Cudgel Water
|-damage|p1a: Gholdengo|51/100
|
|-weather|none
|upkeep
|turn|27
|
|t:|1779809102
|switch|p1a: Zamazenta|Zamazenta|22/100 par
|move|p2a: Ogerpon|Ivy Cudgel|p1a: Zamazenta|[anim] Ivy Cudgel Water
|-damage|p1a: Zamazenta|0 fnt
|faint|p1a: Zamazenta
|
|upkeep
|
|t:|1779809102
|switch|p1a: Gholdengo|Gholdengo|51/100
|turn|28
|
|t:|1779809109
|move|p1a: Gholdengo|Recover|p1a: Gholdengo
|-heal|p1a: Gholdengo|100/100
|move|p2a: Ogerpon|Ivy Cudgel|p1a: Gholdengo|[anim] Ivy Cudgel Water
|-damage|p1a: Gholdengo|57/100
|
|upkeep
|turn|29
|
|t:|1779809114
|move|p1a: Gholdengo|Recover|p1a: Gholdengo
|-heal|p1a: Gholdengo|100/100
|move|p2a: Ogerpon|U-turn|p1a: Gholdengo
|-resisted|p1a: Gholdengo
|-damage|p1a: Gholdengo|96/100
|
|t:|1779809119
|switch|p2a: Kingambit|Kingambit, M|100/100|[from] U-turn
|-damage|p2a: Kingambit|94/100|[from] Stealth Rock
|-activate|p2a: Kingambit|ability: Supreme Overlord
|-start|p2a: Kingambit|fallen1|[silent]
|
|upkeep
|turn|30
|
|t:|1779809124
|-terastallize|p1a: Gholdengo|Fairy
|move|p1a: Gholdengo|Nasty Plot|p1a: Gholdengo
|-boost|p1a: Gholdengo|spa|2
|move|p2a: Kingambit|Kowtow Cleave|p1a: Gholdengo
|-resisted|p1a: Gholdengo
|-damage|p1a: Gholdengo|76/100
|
|upkeep
|turn|31
|
|t:|1779809131
|move|p1a: Gholdengo|Thunder Wave|p2a: Kingambit
|-status|p2a: Kingambit|par
|-enditem|p2a: Kingambit|Lum Berry|[eat]
|-curestatus|p2a: Kingambit|par|[msg]
|move|p2a: Kingambit|Iron Head|p1a: Gholdengo
|-supereffective|p1a: Gholdengo
|-damage|p1a: Gholdengo|0 fnt
|faint|p1a: Gholdengo
|
|upkeep
|
|t:|1779809136
|switch|p1a: Blissey|Blissey, F|58/100
|turn|32
|
|t:|1779809141
|move|p2a: Kingambit|Iron Head|p1a: Blissey
|-damage|p1a: Blissey|0 fnt
|faint|p1a: Blissey
|
|win|abe_hanabi
|raw|claudechamp's rating: 1271 &rarr; <strong>1242</strong><br />(-29 for losing)
|raw|abe_hanabi's rating: 1220 &rarr; <strong>1249</strong><br />(+29 for winning)
|c|☆claudechamp|gg
|l|☆abe_hanabi
|player|p2|
