|j|☆spindle pit
|j|☆Opistyl
|t:|1779933897
|gametype|singles
|player|p1|spindle pit|ethan|1296
|player|p2|Opistyl|riley|1305
|gen|9
|tier|[Gen 9] OU
|rated|
|rule|HP Percentage Mod: HP is shown in percentages
|rule|Endless Battle Clause: Forcing endless battles is banned
|rule|Species Clause: Limit one of each Pokémon
|rule|OHKO Clause: OHKO moves are banned
|rule|Evasion Items Clause: Evasion items are banned
|rule|Evasion Moves Clause: Evasion moves are banned
|rule|Evasion Abilities Clause: Evasion abilities are banned
|rule|Sleep Moves Clause: Sleep-inducing moves are banned
|clearpoke
|poke|p1|Minior-Green|
|poke|p1|Scizor, M|
|poke|p1|Dragapult, M|
|poke|p1|Great Tusk|
|poke|p1|Darkrai|
|poke|p1|Weezing-Galar, M|
|poke|p2|Zapdos|
|poke|p2|Iron Treads|
|poke|p2|Samurott-Hisui, F|
|poke|p2|Ceruledge, M|
|poke|p2|Gholdengo|
|poke|p2|Kingambit, M|
|teampreview
|inactive|Battle timer is ON: inactive players will automatically lose when time's up. (requested by Opistyl)
|inactive|spindle pit also wants the timer to be on.
|inactive|Opistyl has 120 seconds left.
|
|t:|1779933934
|teamsize|p1|6
|teamsize|p2|6
|start
|switch|p1a: Mizer|Scizor, M|100/100
|switch|p2a: Iron Treads|Iron Treads|100/100
|turn|1
|
|t:|1779933949
|move|p2a: Iron Treads|Stealth Rock|p1a: Mizer
|-sidestart|p1: spindle pit|move: Stealth Rock
|move|p1a: Mizer|Knock Off|p2a: Iron Treads
|-damage|p2a: Iron Treads|67/100
|-enditem|p2a: Iron Treads|Leftovers|[from] move: Knock Off|[of] p1a: Mizer
|
|upkeep
|turn|2
|
|t:|1779933955
|move|p2a: Iron Treads|Knock Off|p1a: Mizer
|-damage|p1a: Mizer|72/100
|-enditem|p1a: Mizer|Heavy-Duty Boots|[from] move: Knock Off|[of] p2a: Iron Treads
|move|p1a: Mizer|Defog|p2a: Iron Treads
|-unboost|p2a: Iron Treads|evasion|1
|-sideend|p1: spindle pit|Stealth Rock|[from] move: Defog|[of] p1a: Mizer
|
|upkeep
|turn|3
|
|t:|1779933961
|switch|p1a: Silo|Minior-Green|100/100
|-formechange|p1a: Silo|Minior-Meteor||[from] ability: Shields Down
|move|p2a: Iron Treads|Stealth Rock|p1a: Silo
|-sidestart|p1: spindle pit|move: Stealth Rock
|
|upkeep
|turn|4
|
|t:|1779933984
|-end|p2a: Iron Treads|Quark Drive|[silent]
|switch|p2a: Samurott|Samurott-Hisui, F|100/100
|move|p1a: Silo|Shell Smash|p1a: Silo
|-unboost|p1a: Silo|def|1
|-unboost|p1a: Silo|spd|1
|-boost|p1a: Silo|atk|2
|-boost|p1a: Silo|spa|2
|-boost|p1a: Silo|spe|2
|
|upkeep
|turn|5
|
|t:|1779933992
|move|p1a: Silo|Acrobatics|p2a: Samurott
|-damage|p2a: Samurott|56/100
|move|p2a: Samurott|Razor Shell|p1a: Silo
|-supereffective|p1a: Silo
|-enditem|p1a: Silo|Focus Sash
|-damage|p1a: Silo|1/100
|-unboost|p1a: Silo|def|1
|
|-formechange|p1a: Silo|Minior-Green||[from] ability: Shields Down
|upkeep
|turn|6
|
|t:|1779933998
|move|p2a: Samurott|Sucker Punch|p1a: Silo
|-damage|p1a: Silo|0 fnt
|faint|p1a: Silo
|
|upkeep
|
|t:|1779934001
|switch|p1a: Mizer|Scizor, M|72/100
|-damage|p1a: Mizer|59/100|[from] Stealth Rock
|turn|7
|
|t:|1779934007
|switch|p2a: Gholdengo|Gholdengo|100/100
|-item|p2a: Gholdengo|Air Balloon
|move|p1a: Mizer|U-turn|p2a: Gholdengo
|-resisted|p2a: Gholdengo
|-damage|p2a: Gholdengo|93/100
|-enditem|p2a: Gholdengo|Air Balloon
|
|t:|1779934012
|switch|p1a: Tuscany|Great Tusk|100/100|[from] U-turn
|-damage|p1a: Tuscany|98/100|[from] Stealth Rock
|-enditem|p1a: Tuscany|Booster Energy
|-activate|p1a: Tuscany|ability: Protosynthesis|[fromitem]
|-start|p1a: Tuscany|protosynthesisatk
|
|upkeep
|turn|8
|
|t:|1779934018
|switch|p2a: Zapdos|Zapdos|100/100
|move|p1a: Tuscany|Knock Off|p2a: Zapdos
|-crit|p2a: Zapdos
|-damage|p2a: Zapdos|52/100
|-status|p1a: Tuscany|par|[from] ability: Static|[of] p2a: Zapdos
|-enditem|p2a: Zapdos|Heavy-Duty Boots|[from] move: Knock Off|[of] p1a: Tuscany
|
|upkeep
|turn|9
|
|t:|1779934024
|move|p2a: Zapdos|Hurricane|p1a: Tuscany|[miss]
|-miss|p2a: Zapdos|p1a: Tuscany
|move|p1a: Tuscany|Stealth Rock|p2a: Zapdos
|-sidestart|p2: Opistyl|move: Stealth Rock
|
|upkeep
|turn|10
|
|t:|1779934027
|move|p2a: Zapdos|Hurricane|p1a: Tuscany
|-supereffective|p1a: Tuscany
|-damage|p1a: Tuscany|0 fnt
|faint|p1a: Tuscany
|-end|p1a: Tuscany|Protosynthesis|[silent]
|
|upkeep
|
|t:|1779934034
|switch|p1a: Mancarhookdoorhand|Dragapult, M|100/100
|-damage|p1a: Mancarhookdoorhand|88/100|[from] Stealth Rock
|turn|11
|
|t:|1779934050
|switch|p2a: Samurott|Samurott-Hisui, F|56/100
|-damage|p2a: Samurott|43/100|[from] Stealth Rock
|move|p1a: Mancarhookdoorhand|Dragon Pulse|p2a: Samurott
|-damage|p2a: Samurott|3/100
|
|upkeep
|turn|12
|
|t:|1779934055
|-terastallize|p1a: Mancarhookdoorhand|Fairy
|move|p2a: Samurott|Sucker Punch|p1a: Mancarhookdoorhand
|-resisted|p1a: Mancarhookdoorhand
|-damage|p1a: Mancarhookdoorhand|65/100
|move|p1a: Mancarhookdoorhand|Dragon Pulse|p2a: Samurott
|-damage|p2a: Samurott|0 fnt
|faint|p2a: Samurott
|
|upkeep
|
|t:|1779934071
|switch|p2a: Iron Treads|Iron Treads|67/100
|-damage|p2a: Iron Treads|64/100|[from] Stealth Rock
|turn|13
|
|t:|1779934077
|switch|p1a: Mizer|Scizor, M|59/100
|-damage|p1a: Mizer|47/100|[from] Stealth Rock
|move|p2a: Iron Treads|Earthquake|p1a: Mizer
|-damage|p1a: Mizer|4/100
|
|upkeep
|turn|14
|l|☆Opistyl
|inactive|Opistyl disconnected and has a minute to reconnect!
|player|p2|
|inactive|Opistyl has 30 seconds to reconnect!
|j|☆Opistyl
|inactive|Opistyl reconnected and has 110 seconds left.
|player|p2|Opistyl|riley|
|
|t:|1779934127
|move|p1a: Mizer|Bullet Punch|p2a: Iron Treads
|-resisted|p2a: Iron Treads
|-damage|p2a: Iron Treads|48/100
|move|p2a: Iron Treads|Rapid Spin|p1a: Mizer
|-resisted|p1a: Mizer
|-damage|p1a: Mizer|0 fnt
|-boost|p2a: Iron Treads|spe|1
|-sideend|p2: Opistyl|Stealth Rock|[from] move: Rapid Spin|[of] p2a: Iron Treads
|faint|p1a: Mizer
|
|upkeep
|
|t:|1779934134
|switch|p1a: Housie|Darkrai|100/100
|-damage|p1a: Housie|88/100|[from] Stealth Rock
|turn|15
|
|t:|1779934138
|move|p2a: Iron Treads|Earthquake|p1a: Housie
|-damage|p1a: Housie|28/100
|move|p1a: Housie|Dark Pulse|p2a: Iron Treads
|-damage|p2a: Iron Treads|0 fnt
|faint|p2a: Iron Treads
|-end|p2a: Iron Treads|Quark Drive|[silent]
|
|upkeep
|
|t:|1779934145
|switch|p2a: Kingambit|Kingambit, M|100/100
|-activate|p2a: Kingambit|ability: Supreme Overlord
|-start|p2a: Kingambit|fallen2|[silent]
|turn|16
|inactive|Opistyl has 120 seconds left.
|
|t:|1779934155
|switch|p1a: Wee|Weezing-Galar, M|100/100
|-ability|p1a: Wee|Neutralizing Gas
|-damage|p1a: Wee|88/100|[from] Stealth Rock
|move|p2a: Kingambit|Sucker Punch||[still]
|-fail|p2a: Kingambit
|
|upkeep
|turn|17
|inactive|Opistyl has 120 seconds left.
|
|t:|1779934164
|-end|p2a: Kingambit|fallen2|[silent]
|switch|p2a: Ceruledge|Ceruledge, M|100/100
|move|p1a: Wee|Will-O-Wisp|p2a: Ceruledge
|-immune|p2a: Ceruledge
|
|upkeep
|turn|18
|
|t:|1779934173
|-end|p1a: Wee|ability: Neutralizing Gas
|switch|p1a: Mancarhookdoorhand|Dragapult, M, tera:Fairy|65/100
|-damage|p1a: Mancarhookdoorhand|53/100|[from] Stealth Rock
|move|p2a: Ceruledge|Swords Dance|p2a: Ceruledge
|-boost|p2a: Ceruledge|atk|2
|
|upkeep
|turn|19
|
|t:|1779934177
|move|p1a: Mancarhookdoorhand|Shadow Ball|p2a: Ceruledge
|-supereffective|p2a: Ceruledge
|-damage|p2a: Ceruledge|0 fnt
|faint|p2a: Ceruledge
|
|upkeep
|
|t:|1779934188
|switch|p2a: Kingambit|Kingambit, M|100/100
|-activate|p2a: Kingambit|ability: Supreme Overlord
|-start|p2a: Kingambit|fallen3|[silent]
|turn|20
|
|t:|1779934192
|switch|p1a: Wee|Weezing-Galar, M|88/100
|-ability|p1a: Wee|Neutralizing Gas
|-damage|p1a: Wee|76/100|[from] Stealth Rock
|move|p2a: Kingambit|Iron Head|p1a: Wee
|-supereffective|p1a: Wee
|-damage|p1a: Wee|0 fnt
|-damage|p2a: Kingambit|84/100|[from] item: Rocky Helmet|[of] p1a: Wee
|faint|p1a: Wee
|-end|p1a: Wee|ability: Neutralizing Gas
|-activate|p2a: Kingambit|ability: Supreme Overlord
|-start|p2a: Kingambit|fallen3|[silent]
|
|-heal|p2a: Kingambit|90/100|[from] item: Leftovers
|upkeep
|
|t:|1779934199
|switch|p1a: Mancarhookdoorhand|Dragapult, M, tera:Fairy|53/100
|-damage|p1a: Mancarhookdoorhand|41/100|[from] Stealth Rock
|turn|21
|
|t:|1779934201
|-end|p2a: Kingambit|fallen3|[silent]
|switch|p2a: Zapdos|Zapdos|52/100
|move|p1a: Mancarhookdoorhand|Flamethrower|p2a: Zapdos
|-damage|p2a: Zapdos|16/100
|
|upkeep
|turn|22
|
|t:|1779934206
|move|p1a: Mancarhookdoorhand|Flamethrower|p2a: Zapdos
|-damage|p2a: Zapdos|0 fnt
|faint|p2a: Zapdos
|
|upkeep
|
|t:|1779934211
|switch|p2a: Gholdengo|Gholdengo|93/100
|turn|23
|
|t:|1779934214
|move|p1a: Mancarhookdoorhand|Flamethrower|p2a: Gholdengo
|-supereffective|p2a: Gholdengo
|-damage|p2a: Gholdengo|20/100
|move|p2a: Gholdengo|Hex|p1a: Mancarhookdoorhand
|-damage|p1a: Mancarhookdoorhand|5/100
|
|upkeep
|turn|24
|
|t:|1779934217
|move|p1a: Mancarhookdoorhand|Flamethrower|p2a: Gholdengo
|-supereffective|p2a: Gholdengo
|-damage|p2a: Gholdengo|0 fnt
|faint|p2a: Gholdengo
|
|upkeep
|
|t:|1779934219
|switch|p2a: Kingambit|Kingambit, M|90/100
|-activate|p2a: Kingambit|ability: Supreme Overlord
|-start|p2a: Kingambit|fallen5|[silent]
|turn|25
|
|t:|1779934227
|move|p2a: Kingambit|Sucker Punch|p1a: Mancarhookdoorhand
|-resisted|p1a: Mancarhookdoorhand
|-damage|p1a: Mancarhookdoorhand|0 fnt
|faint|p1a: Mancarhookdoorhand
|
|-heal|p2a: Kingambit|96/100|[from] item: Leftovers
|upkeep
|
|t:|1779934229
|switch|p1a: Housie|Darkrai|28/100
|-damage|p1a: Housie|15/100|[from] Stealth Rock
|turn|26
|
|t:|1779934233
|move|p2a: Kingambit|Sucker Punch|p1a: Housie
|-resisted|p1a: Housie
|-damage|p1a: Housie|0 fnt
|faint|p1a: Housie
|
|win|Opistyl
|raw|spindle pit's rating: 1296 &rarr; <strong>1272</strong><br />(-24 for losing)
|raw|Opistyl's rating: 1305 &rarr; <strong>1324</strong><br />(+19 for winning)
|c|☆spindle pit|gg
|l|☆spindle pit
|player|p1|
