|j|☆drop a baby
|j|‽aaagislash
|t:|1779873924
|gametype|singles
|player|p1|drop a baby|chase|1748
|player|p2|aaagislash|266|1737
|gen|9
|tier|[Gen 9] OU
|rated|
|rule|HP Percentage Mod: HP is shown in percentages
|rule|Endless Battle Clause: Forcing endless battles is banned
|rule|Species Clause: Limit one of each Pokémon
|rule|OHKO Clause: OHKO moves are banned
|rule|Evasion Items Clause: Evasion items are banned
|rule|Evasion Moves Clause: Evasion moves are banned
|rule|Evasion Abilities Clause: Evasion abilities are banned
|rule|Sleep Moves Clause: Sleep-inducing moves are banned
|clearpoke
|poke|p1|Darkrai|
|poke|p1|Deoxys-Speed|
|poke|p1|Raging Bolt|
|poke|p1|Kingambit, M|
|poke|p1|Iron Valiant|
|poke|p1|Great Tusk|
|poke|p2|Yanmega, F|
|poke|p2|Moltres|
|poke|p2|Great Tusk|
|poke|p2|Primarina, M|
|poke|p2|Landorus-Therian, M|
|poke|p2|Meowscarada, M|
|teampreview
|c|☆drop a baby|Hf big bro
|
|t:|1779873946
|teamsize|p1|6
|teamsize|p2|6
|start
|switch|p1a: Speedy Gonzales|Deoxys-Speed, shiny|100/100
|switch|p2a: Primarina|Primarina, M|100/100
|-ability|p1a: Speedy Gonzales|Pressure
|turn|1
|inactive|Battle timer is ON: inactive players will automatically lose when time's up. (requested by drop a baby)
|
|t:|1779873951
|switch|p2a: Landorus|Landorus-Therian, M|100/100
|-ability|p2a: Landorus|Intimidate|boost
|-unboost|p1a: Speedy Gonzales|atk|1
|move|p1a: Speedy Gonzales|Stealth Rock|p2a: Landorus
|-sidestart|p2: aaagislash|move: Stealth Rock
|
|upkeep
|turn|2
|
|t:|1779873954
|move|p1a: Speedy Gonzales|Taunt|p2a: Landorus
|-start|p2a: Landorus|move: Taunt
|move|p2a: Landorus|Fling|p1a: Speedy Gonzales
|-supereffective|p1a: Speedy Gonzales
|-damage|p1a: Speedy Gonzales|61/100
|-status|p1a: Speedy Gonzales|par
|-enditem|p2a: Landorus|Light Ball|[from] move: Fling
|
|upkeep
|turn|3
|
|t:|1779873956
|switch|p2a: Great Tusk|Great Tusk|100/100
|-damage|p2a: Great Tusk|98/100|[from] Stealth Rock
|-enditem|p2a: Great Tusk|Booster Energy
|-activate|p2a: Great Tusk|ability: Protosynthesis|[fromitem]
|-start|p2a: Great Tusk|protosynthesisatk
|move|p1a: Speedy Gonzales|Psycho Boost|p2a: Great Tusk
|-supereffective|p2a: Great Tusk
|-damage|p2a: Great Tusk|0 fnt
|-unboost|p1a: Speedy Gonzales|spa|2
|faint|p2a: Great Tusk
|-end|p2a: Great Tusk|Protosynthesis|[silent]
|-damage|p1a: Speedy Gonzales|51/100 par|[from] item: Life Orb
|
|upkeep
|
|t:|1779873960
|switch|p2a: Meowscarada|Meowscarada, M|100/100
|-damage|p2a: Meowscarada|88/100|[from] Stealth Rock
|turn|4
|
|t:|1779873964
|move|p2a: Meowscarada|Spikes|p1a: Speedy Gonzales
|-start|p2a: Meowscarada|typechange|Ground|[from] ability: Protean
|-sidestart|p1: drop a baby|Spikes
|move|p1a: Speedy Gonzales|Superpower|p2a: Meowscarada
|-damage|p2a: Meowscarada|50/100
|-unboost|p1a: Speedy Gonzales|atk|1
|-unboost|p1a: Speedy Gonzales|def|1
|-damage|p1a: Speedy Gonzales|41/100 par|[from] item: Life Orb
|
|upkeep
|turn|5
|
|t:|1779873966
|move|p2a: Meowscarada|Spikes|p1a: Speedy Gonzales
|-sidestart|p1: drop a baby|Spikes
|cant|p1a: Speedy Gonzales|par
|
|upkeep
|turn|6
|
|t:|1779873972
|-terastallize|p2a: Meowscarada|Ghost
|move|p2a: Meowscarada|Spikes|p1a: Speedy Gonzales
|-sidestart|p1: drop a baby|Spikes
|move|p1a: Speedy Gonzales|Psycho Boost|p2a: Meowscarada
|-damage|p2a: Meowscarada|0 fnt
|-unboost|p1a: Speedy Gonzales|spa|2
|faint|p2a: Meowscarada
|-damage|p1a: Speedy Gonzales|31/100 par|[from] item: Life Orb
|
|upkeep
|
|t:|1779873975
|switch|p2a: Landorus|Landorus-Therian, M|100/100
|-damage|p2a: Landorus|88/100|[from] Stealth Rock
|-ability|p2a: Landorus|Intimidate|boost
|-unboost|p1a: Speedy Gonzales|atk|1
|turn|7
|
|t:|1779873980
|move|p2a: Landorus|Stealth Rock|p1a: Speedy Gonzales
|-sidestart|p1: drop a baby|move: Stealth Rock
|move|p1a: Speedy Gonzales|Psycho Boost|p2a: Landorus|[miss]
|-miss|p1a: Speedy Gonzales|p2a: Landorus
|
|upkeep
|turn|8
|
|t:|1779873985
|switch|p2a: Moltres|Moltres|100/100
|-damage|p2a: Moltres|51/100|[from] Stealth Rock
|cant|p1a: Speedy Gonzales|par
|
|upkeep
|turn|9
|
|t:|1779873989
|move|p2a: Moltres|Agility|p2a: Moltres
|-boost|p2a: Moltres|spe|2
|move|p1a: Speedy Gonzales|Taunt|p2a: Moltres
|-start|p2a: Moltres|move: Taunt
|
|upkeep
|turn|10
|
|t:|1779873992
|move|p2a: Moltres|Flamethrower|p1a: Speedy Gonzales
|-damage|p1a: Speedy Gonzales|0 fnt
|faint|p1a: Speedy Gonzales
|-damage|p2a: Moltres|41/100|[from] item: Life Orb
|
|upkeep
|
|t:|1779873995
|switch|p1a: Hito no mi Model⚡️|Raging Bolt|100/100
|-damage|p1a: Hito no mi Model⚡️|76/100|[from] Spikes
|-damage|p1a: Hito no mi Model⚡️|63/100|[from] Stealth Rock
|-enditem|p1a: Hito no mi Model⚡️|Booster Energy
|-activate|p1a: Hito no mi Model⚡️|ability: Protosynthesis|[fromitem]
|-start|p1a: Hito no mi Model⚡️|protosynthesisspa
|turn|11
|
|t:|1779873998
|move|p2a: Moltres|Scorching Sands|p1a: Hito no mi Model⚡️
|-supereffective|p1a: Hito no mi Model⚡️
|-damage|p1a: Hito no mi Model⚡️|0 fnt
|faint|p1a: Hito no mi Model⚡️
|-end|p1a: Hito no mi Model⚡️|Protosynthesis|[silent]
|-damage|p2a: Moltres|31/100|[from] item: Life Orb
|
|upkeep
|
|t:|1779874004
|switch|p1a: 🎭|Iron Valiant, shiny|100/100
|-damage|p1a: 🎭|76/100|[from] Spikes
|-damage|p1a: 🎭|69/100|[from] Stealth Rock
|-enditem|p1a: 🎭|Booster Energy
|-activate|p1a: 🎭|ability: Quark Drive|[fromitem]
|-start|p1a: 🎭|quarkdrivespe
|turn|12
|
|t:|1779874007
|move|p2a: Moltres|Flamethrower|p1a: 🎭
|-damage|p1a: 🎭|0 fnt
|faint|p1a: 🎭
|-end|p1a: 🎭|Quark Drive|[silent]
|-damage|p2a: Moltres|21/100|[from] item: Life Orb
|
|-end|p2a: Moltres|move: Taunt
|upkeep
|
|t:|1779874010
|switch|p1a: Mihawk|Kingambit, M|100/100
|-damage|p1a: Mihawk|76/100|[from] Spikes
|-damage|p1a: Mihawk|69/100|[from] Stealth Rock
|-activate|p1a: Mihawk|ability: Supreme Overlord
|-start|p1a: Mihawk|fallen3|[silent]
|turn|13
|
|t:|1779874013
|move|p1a: Mihawk|Sucker Punch|p2a: Moltres
|-damage|p2a: Moltres|0 fnt
|faint|p2a: Moltres
|
|upkeep
|
|t:|1779874015
|switch|p2a: Landorus|Landorus-Therian, M|88/100
|-damage|p2a: Landorus|76/100|[from] Stealth Rock
|-ability|p2a: Landorus|Intimidate|boost
|-unboost|p1a: Mihawk|atk|1
|turn|14
|
|t:|1779874018
|-end|p1a: Mihawk|fallen3|[silent]
|switch|p1a: BROTD|Great Tusk, shiny|100/100
|-damage|p1a: BROTD|76/100|[from] Spikes
|-damage|p1a: BROTD|73/100|[from] Stealth Rock
|-enditem|p1a: BROTD|Booster Energy
|-activate|p1a: BROTD|ability: Protosynthesis|[fromitem]
|-start|p1a: BROTD|protosynthesisspe
|move|p2a: Landorus|Earthquake|p1a: BROTD
|-damage|p1a: BROTD|40/100
|
|upkeep
|turn|15
|
|t:|1779874024
|move|p1a: BROTD|Bulk Up|p1a: BROTD
|-boost|p1a: BROTD|atk|1
|-boost|p1a: BROTD|def|1
|move|p2a: Landorus|Earthquake|p1a: BROTD
|-damage|p1a: BROTD|19/100
|
|upkeep
|turn|16
|
|t:|1779874029
|move|p1a: BROTD|Head Smash|p2a: Landorus
|-damage|p2a: Landorus|7/100
|-damage|p1a: BROTD|0 fnt|[from] Recoil
|faint|p1a: BROTD
|-end|p1a: BROTD|Protosynthesis|[silent]
|move|p2a: Landorus|Earthquake|p1: BROTD|[notarget]
|-fail|p2a: Landorus
|
|upkeep
|
|t:|1779874039
|switch|p1a: IMU|Darkrai|100/100
|-damage|p1a: IMU|76/100|[from] Spikes
|-damage|p1a: IMU|63/100|[from] Stealth Rock
|turn|17
|
|t:|1779874041
|move|p1a: IMU|Dark Pulse|p2a: Landorus
|-damage|p2a: Landorus|0 fnt
|faint|p2a: Landorus
|
|upkeep
|
|t:|1779874047
|switch|p2a: Yanmega|Yanmega, F|100/100
|-damage|p2a: Yanmega|51/100|[from] Stealth Rock
|turn|18
|
|t:|1779874049
|move|p2a: Yanmega|Protect|p2a: Yanmega
|-singleturn|p2a: Yanmega|Protect
|move|p1a: IMU|Ice Beam|p2a: Yanmega
|-activate|p2a: Yanmega|move: Protect
|
|-ability|p2a: Yanmega|Speed Boost|boost
|-boost|p2a: Yanmega|spe|1
|upkeep
|turn|19
|
|t:|1779874055
|move|p2a: Yanmega|Psychic Noise|p1a: IMU
|-immune|p1a: IMU
|move|p1a: IMU|Ice Beam|p2a: Yanmega
|-supereffective|p2a: Yanmega
|-damage|p2a: Yanmega|0 fnt
|faint|p2a: Yanmega
|
|upkeep
|
|t:|1779874057
|switch|p2a: Primarina|Primarina, M|100/100
|-damage|p2a: Primarina|88/100|[from] Stealth Rock
|turn|20
|
|t:|1779874060
|-terastallize|p1a: IMU|Poison
|move|p1a: IMU|Sludge Bomb|p2a: Primarina
|-supereffective|p2a: Primarina
|-damage|p2a: Primarina|22/100
|move|p2a: Primarina|Moonblast|p1a: IMU
|-resisted|p1a: IMU
|-damage|p1a: IMU|23/100
|
|upkeep
|turn|21
|
|t:|1779874065
|move|p1a: IMU|Sludge Bomb|p2a: Primarina
|-supereffective|p2a: Primarina
|-damage|p2a: Primarina|0 fnt
|faint|p2a: Primarina
|
|win|drop a baby
|raw|drop a baby's rating: 1748 &rarr; <strong>1767</strong><br />(+19 for winning)
|raw|aaagislash's rating: 1737 &rarr; <strong>1718</strong><br />(-19 for losing)
|l|‽aaagislash
|player|p2|
|l|☆drop a baby
|player|p1|
|j| samurajen
