|j|☆Rubicouss
|j|☆sicns
|t:|1779944508
|gametype|singles
|player|p1|Rubicouss|gambler|1352
|player|p2|sicns|cynthia-gen4|1398
|gen|9
|tier|[Gen 9] OU
|rated|
|rule|HP Percentage Mod: HP is shown in percentages
|rule|Endless Battle Clause: Forcing endless battles is banned
|rule|Species Clause: Limit one of each Pokémon
|rule|OHKO Clause: OHKO moves are banned
|rule|Evasion Items Clause: Evasion items are banned
|rule|Evasion Moves Clause: Evasion moves are banned
|rule|Evasion Abilities Clause: Evasion abilities are banned
|rule|Sleep Moves Clause: Sleep-inducing moves are banned
|clearpoke
|poke|p1|Eiscue, F|
|poke|p1|Glimmora, F|
|poke|p1|Great Tusk|
|poke|p1|Dondozo, F|
|poke|p1|Wo-Chien|
|poke|p1|Gholdengo|
|poke|p2|Samurott-Hisui, M|
|poke|p2|Zapdos|
|poke|p2|Iron Treads|
|poke|p2|Ceruledge, M|
|poke|p2|Gholdengo|
|poke|p2|Kingambit, M|
|teampreview
|
|t:|1779944522
|teamsize|p1|6
|teamsize|p2|6
|start
|switch|p1a: Glimmora|Glimmora, F|100/100
|switch|p2a: Iron Treads|Iron Treads|100/100
|turn|1
|
|t:|1779944528
|switch|p1a: Wo-Chien|Wo-Chien|100/100
|-ability|p1a: Wo-Chien|Tablets of Ruin
|move|p2a: Iron Treads|Stealth Rock|p1a: Wo-Chien
|-sidestart|p1: Rubicouss|move: Stealth Rock
|
|upkeep
|turn|2
|
|t:|1779944542
|-end|p2a: Iron Treads|Quark Drive|[silent]
|switch|p2a: Zapdos|Zapdos|100/100
|move|p1a: Wo-Chien|Ruination|p2a: Zapdos|[miss]
|-miss|p1a: Wo-Chien|p2a: Zapdos
|
|upkeep
|turn|3
|
|t:|1779944550
|move|p2a: Zapdos|Hurricane|p1a: Wo-Chien
|-supereffective|p1a: Wo-Chien
|-damage|p1a: Wo-Chien|50/100
|move|p1a: Wo-Chien|Ruination|p2a: Zapdos
|-damage|p2a: Zapdos|51/100
|
|-heal|p1a: Wo-Chien|56/100|[from] item: Leftovers
|upkeep
|turn|4
|
|t:|1779944571
|switch|p1a: Glimmora|Glimmora, F|100/100
|-damage|p1a: Glimmora|88/100|[from] Stealth Rock
|move|p2a: Zapdos|Roost|p2a: Zapdos
|-heal|p2a: Zapdos|100/100
|-singleturn|p2a: Zapdos|move: Roost
|
|upkeep
|turn|5
|
|t:|1779944579
|switch|p2a: Iron Treads|Iron Treads|100/100
|move|p1a: Glimmora|Stealth Rock|p2a: Iron Treads
|-sidestart|p2: sicns|move: Stealth Rock
|
|upkeep
|turn|6
|
|t:|1779944585
|switch|p1a: Gholdengo|Gholdengo|100/100
|-damage|p1a: Gholdengo|94/100|[from] Stealth Rock
|-item|p1a: Gholdengo|Air Balloon
|move|p2a: Iron Treads|Knock Off|p1a: Gholdengo
|-supereffective|p1a: Gholdengo
|-damage|p1a: Gholdengo|26/100
|-enditem|p1a: Gholdengo|Air Balloon
|
|upkeep
|turn|7
|
|t:|1779944595
|move|p2a: Iron Treads|Knock Off|p1a: Gholdengo
|-supereffective|p1a: Gholdengo
|-damage|p1a: Gholdengo|0 fnt
|faint|p1a: Gholdengo
|
|upkeep
|
|t:|1779944599
|switch|p1a: Great Tusk|Great Tusk|100/100
|turn|8
|
|t:|1779944608
|-end|p2a: Iron Treads|Quark Drive|[silent]
|switch|p2a: Zapdos|Zapdos|100/100
|move|p1a: Great Tusk|Rapid Spin|p2a: Zapdos
|-damage|p2a: Zapdos|88/100
|-boost|p1a: Great Tusk|spe|1
|-sideend|p1: Rubicouss|Stealth Rock|[from] move: Rapid Spin|[of] p1a: Great Tusk
|
|upkeep
|turn|9
|
|t:|1779944618
|-end|p1a: Great Tusk|Protosynthesis|[silent]
|switch|p1a: Glimmora|Glimmora, F|88/100
|move|p2a: Zapdos|Hurricane|p1a: Glimmora|[miss]
|-miss|p2a: Zapdos|p1a: Glimmora
|
|upkeep
|turn|10
|
|t:|1779944624
|switch|p2a: Iron Treads|Iron Treads|100/100
|-damage|p2a: Iron Treads|97/100|[from] Stealth Rock
|move|p1a: Glimmora|Power Gem|p2a: Iron Treads
|-resisted|p2a: Iron Treads
|-damage|p2a: Iron Treads|84/100
|
|-heal|p2a: Iron Treads|90/100|[from] item: Leftovers
|upkeep
|turn|11
|
|t:|1779944633
|move|p2a: Iron Treads|Stealth Rock|p1a: Glimmora
|-sidestart|p1: Rubicouss|move: Stealth Rock
|move|p1a: Glimmora|Earth Power|p2a: Iron Treads
|-supereffective|p2a: Iron Treads
|-damage|p2a: Iron Treads|0 fnt
|faint|p2a: Iron Treads
|-end|p2a: Iron Treads|Quark Drive|[silent]
|
|upkeep
|
|t:|1779944652
|switch|p2a: Gholdengo|Gholdengo|100/100
|-damage|p2a: Gholdengo|94/100|[from] Stealth Rock
|-item|p2a: Gholdengo|Air Balloon
|turn|12
|
|t:|1779944659
|switch|p1a: Wo-Chien|Wo-Chien|56/100
|-damage|p1a: Wo-Chien|44/100|[from] Stealth Rock
|-ability|p1a: Wo-Chien|Tablets of Ruin
|move|p2a: Gholdengo|Thunder Wave|p1a: Wo-Chien
|-status|p1a: Wo-Chien|par
|
|-heal|p1a: Wo-Chien|50/100 par|[from] item: Leftovers
|upkeep
|turn|13
|
|t:|1779944669
|move|p2a: Gholdengo|Focus Blast|p1a: Wo-Chien
|-supereffective|p1a: Wo-Chien
|-damage|p1a: Wo-Chien|12/100 par
|move|p1a: Wo-Chien|Ruination|p2a: Gholdengo
|-damage|p2a: Gholdengo|48/100
|-enditem|p2a: Gholdengo|Air Balloon
|
|-heal|p1a: Wo-Chien|18/100 par|[from] item: Leftovers
|upkeep
|turn|14
|
|t:|1779944680
|move|p2a: Gholdengo|Hex|p1a: Wo-Chien
|-resisted|p1a: Wo-Chien
|-damage|p1a: Wo-Chien|4/100 par
|move|p1a: Wo-Chien|Ruination|p2a: Gholdengo
|-damage|p2a: Gholdengo|24/100
|
|-heal|p1a: Wo-Chien|10/100 par|[from] item: Leftovers
|upkeep
|turn|15
|
|t:|1779944687
|move|p2a: Gholdengo|Hex|p1a: Wo-Chien
|-resisted|p1a: Wo-Chien
|-damage|p1a: Wo-Chien|0 fnt
|faint|p1a: Wo-Chien
|
|upkeep
|
|t:|1779944695
|switch|p1a: Glimmora|Glimmora, F|88/100
|-damage|p1a: Glimmora|76/100|[from] Stealth Rock
|turn|16
|
|t:|1779944701
|switch|p2a: Zapdos|Zapdos|88/100
|move|p1a: Glimmora|Earth Power|p2a: Zapdos
|-immune|p2a: Zapdos
|
|upkeep
|turn|17
|
|t:|1779944707
|move|p1a: Glimmora|Power Gem|p2a: Zapdos
|-supereffective|p2a: Zapdos
|-damage|p2a: Zapdos|5/100
|move|p2a: Zapdos|Thunder Wave|p1a: Glimmora
|-status|p1a: Glimmora|par
|
|upkeep
|turn|18
|
|t:|1779944713
|move|p2a: Zapdos|Roost|p2a: Zapdos
|-heal|p2a: Zapdos|55/100
|-singleturn|p2a: Zapdos|move: Roost
|cant|p1a: Glimmora|par
|
|upkeep
|turn|19
|
|t:|1779944720
|move|p2a: Zapdos|Volt Switch|p1a: Glimmora
|-damage|p1a: Glimmora|40/100 par
|
|t:|1779944726
|switch|p2a: Samurott|Samurott-Hisui, M|100/100|[from] Volt Switch
|-damage|p2a: Samurott|88/100|[from] Stealth Rock
|move|p1a: Glimmora|Earth Power|p2a: Samurott
|-damage|p2a: Samurott|67/100
|
|upkeep
|turn|20
|
|t:|1779944738
|move|p2a: Samurott|Razor Shell|p1a: Glimmora
|-supereffective|p1a: Glimmora
|-damage|p1a: Glimmora|0 fnt
|-activate|p1a: Glimmora|ability: Toxic Debris
|-sidestart|p2: sicns|move: Toxic Spikes
|faint|p1a: Glimmora
|
|upkeep
|
|t:|1779944742
|switch|p1a: Eiscue|Eiscue, F|100/100
|-damage|p1a: Eiscue|76/100|[from] Stealth Rock
|turn|21
|
|t:|1779944751
|move|p2a: Samurott|Knock Off|p1a: Eiscue
|-activate|p1a: Eiscue|ability: Ice Face
|-damage|p1a: Eiscue|76/100
|-enditem|p1a: Eiscue|Salac Berry|[from] move: Knock Off|[of] p2a: Samurott
|detailschange|p1a: Eiscue|Eiscue-Noice, F
|move|p1a: Eiscue|Belly Drum|p1a: Eiscue
|-damage|p1a: Eiscue|26/100
|-setboost|p1a: Eiscue|atk|6|[from] move: Belly Drum
|
|upkeep
|turn|22
|-message|Rubicouss forfeited.
|
|win|sicns
|raw|Rubicouss's rating: 1352 &rarr; <strong>1335</strong><br />(-17 for losing)
|raw|sicns's rating: 1398 &rarr; <strong>1415</strong><br />(+17 for winning)
|l|☆Rubicouss
|player|p1|
|l|☆sicns
|player|p2|
