|j|☆Telek11
|j|☆cqyuno
|t:|1779919103
|gametype|singles
|player|p1|Telek11|roxie|1091
|player|p2|cqyuno|1|1119
|gen|9
|tier|[Gen 9] OU
|rated|
|rule|HP Percentage Mod: HP is shown in percentages
|rule|Endless Battle Clause: Forcing endless battles is banned
|rule|Species Clause: Limit one of each Pokémon
|rule|OHKO Clause: OHKO moves are banned
|rule|Evasion Items Clause: Evasion items are banned
|rule|Evasion Moves Clause: Evasion moves are banned
|rule|Evasion Abilities Clause: Evasion abilities are banned
|rule|Sleep Moves Clause: Sleep-inducing moves are banned
|clearpoke
|poke|p1|Virizion|
|poke|p1|Mimikyu, M|
|poke|p1|Toxapex, F|
|poke|p1|Clodsire, M|
|poke|p1|Reuniclus, F|
|poke|p1|Goodra-Hisui, F|
|poke|p2|Kingambit, F|
|poke|p2|Great Tusk|
|poke|p2|Gholdengo|
|poke|p2|Rillaboom, F|
|poke|p2|Clefable, F|
|poke|p2|Dragapult, F|
|teampreview
|inactive|Battle timer is ON: inactive players will automatically lose when time's up. (requested by cqyuno)
|
|t:|1779919111
|teamsize|p1|6
|teamsize|p2|6
|start
|switch|p1a: Goodra|Goodra-Hisui, F|100/100
|switch|p2a: pink dude|Clefable, F|100/100
|-item|p1a: Goodra|Air Balloon
|turn|1
|
|t:|1779919119
|-terastallize|p2a: pink dude|Psychic
|-terastallize|p1a: Goodra|Steel
|move|p2a: pink dude|Cosmic Power|p2a: pink dude
|-boost|p2a: pink dude|def|1
|-boost|p2a: pink dude|spd|1
|move|p1a: Goodra|Gyro Ball|p2a: pink dude
|-damage|p2a: pink dude|91/100
|
|-heal|p2a: pink dude|97/100|[from] item: Leftovers
|upkeep
|turn|2
|
|t:|1779919131
|move|p2a: pink dude|Cosmic Power|p2a: pink dude
|-boost|p2a: pink dude|def|1
|-boost|p2a: pink dude|spd|1
|move|p1a: Goodra|Draco Meteor|p2a: pink dude|[miss]
|-miss|p1a: Goodra|p2a: pink dude
|
|-heal|p2a: pink dude|100/100|[from] item: Leftovers
|upkeep
|turn|3
|
|t:|1779919146
|move|p2a: pink dude|Cosmic Power|p2a: pink dude
|-boost|p2a: pink dude|def|1
|-boost|p2a: pink dude|spd|1
|move|p1a: Goodra|Draco Meteor|p2a: pink dude
|-damage|p2a: pink dude|78/100
|-unboost|p1a: Goodra|spa|2
|
|-heal|p2a: pink dude|85/100|[from] item: Leftovers
|upkeep
|turn|4
|
|t:|1779919160
|switch|p1a: Mimikyu|Mimikyu, M, shiny|100/100
|move|p2a: pink dude|Charge Beam|p1a: Mimikyu|[miss]
|-miss|p2a: pink dude|p1a: Mimikyu
|
|-heal|p2a: pink dude|91/100|[from] item: Leftovers
|upkeep
|turn|5
|
|t:|1779919170
|move|p1a: Mimikyu|Protect|p1a: Mimikyu
|-singleturn|p1a: Mimikyu|Protect
|move|p2a: pink dude|Charge Beam|p1a: Mimikyu
|-activate|p1a: Mimikyu|move: Protect
|
|-heal|p2a: pink dude|97/100|[from] item: Leftovers
|upkeep
|turn|6
|
|t:|1779919178
|move|p1a: Mimikyu|Shadow Claw|p2a: pink dude
|-supereffective|p2a: pink dude
|-damage|p2a: pink dude|76/100
|move|p2a: pink dude|Charge Beam|p1a: Mimikyu
|-activate|p1a: Mimikyu|ability: Disguise
|-damage|p1a: Mimikyu|100/100
|-boost|p2a: pink dude|spa|1
|detailschange|p1a: Mimikyu|Mimikyu-Busted, M, shiny
|-damage|p1a: Mimikyu|88/100|[from] pokemon: Mimikyu-Busted
|
|-heal|p1a: Mimikyu|94/100|[from] item: Leftovers
|-heal|p2a: pink dude|82/100|[from] item: Leftovers
|upkeep
|turn|7
|
|t:|1779919189
|move|p1a: Mimikyu|Shadow Claw|p2a: pink dude
|-supereffective|p2a: pink dude
|-damage|p2a: pink dude|62/100
|move|p2a: pink dude|Charge Beam|p1a: Mimikyu
|-damage|p1a: Mimikyu|72/100
|-boost|p2a: pink dude|spa|1
|
|-heal|p1a: Mimikyu|78/100|[from] item: Leftovers
|-heal|p2a: pink dude|68/100|[from] item: Leftovers
|upkeep
|turn|8
|
|t:|1779919199
|move|p1a: Mimikyu|Shadow Claw|p2a: pink dude
|-supereffective|p2a: pink dude
|-crit|p2a: pink dude
|-damage|p2a: pink dude|0 fnt
|faint|p2a: pink dude
|
|-heal|p1a: Mimikyu|84/100|[from] item: Leftovers
|upkeep
|
|t:|1779919204
|switch|p2a: elephant thingy|Great Tusk|100/100
|-enditem|p2a: elephant thingy|Booster Energy
|-activate|p2a: elephant thingy|ability: Protosynthesis|[fromitem]
|-start|p2a: elephant thingy|protosynthesisatk
|turn|9
|
|t:|1779919212
|move|p1a: Mimikyu|Play Rough|p2a: elephant thingy
|-supereffective|p2a: elephant thingy
|-damage|p2a: elephant thingy|43/100
|move|p2a: elephant thingy|Knock Off|p1a: Mimikyu
|-damage|p1a: Mimikyu|18/100
|-enditem|p1a: Mimikyu|Leftovers|[from] move: Knock Off|[of] p2a: elephant thingy
|
|upkeep
|turn|10
|
|t:|1779919219
|move|p1a: Mimikyu|Play Rough|p2a: elephant thingy
|-supereffective|p2a: elephant thingy
|-damage|p2a: elephant thingy|0 fnt
|faint|p2a: elephant thingy
|-end|p2a: elephant thingy|Protosynthesis|[silent]
|
|upkeep
|
|t:|1779919222
|switch|p2a: weird ass mf|Dragapult, F|100/100
|turn|11
|
|t:|1779919226
|move|p1a: Mimikyu|Protect|p1a: Mimikyu
|-singleturn|p1a: Mimikyu|Protect
|move|p2a: weird ass mf|Phantom Force||[still]
|-prepare|p2a: weird ass mf|Phantom Force
|
|upkeep
|turn|12
|
|t:|1779919237
|switch|p1a: Goodra|Goodra-Hisui, F, tera:Steel|100/100
|-item|p1a: Goodra|Air Balloon
|move|p2a: weird ass mf|Phantom Force|p1a: Goodra|[from] lockedmove
|-damage|p1a: Goodra|58/100
|-ability|p1a: Goodra|Gooey
|-fail|p2a: weird ass mf|unboost|[from] ability: Clear Body|[of] p2a: weird ass mf
|-enditem|p1a: Goodra|Air Balloon
|
|upkeep
|turn|13
|
|t:|1779919248
|move|p2a: weird ass mf|Dragon Dance|p2a: weird ass mf
|-boost|p2a: weird ass mf|atk|1
|-boost|p2a: weird ass mf|spe|1
|move|p1a: Goodra|Draco Meteor|p2a: weird ass mf
|-supereffective|p2a: weird ass mf
|-damage|p2a: weird ass mf|0 fnt
|-unboost|p1a: Goodra|spa|2
|faint|p2a: weird ass mf
|
|upkeep
|
|t:|1779919253
|switch|p2a: Goatdengo|Gholdengo|100/100
|turn|14
|
|t:|1779919259
|switch|p1a: Clodsire|Clodsire, M|100/100
|move|p2a: Goatdengo|Shadow Ball|p1a: Clodsire
|-damage|p1a: Clodsire|80/100
|
|-heal|p1a: Clodsire|86/100|[from] item: Leftovers
|upkeep
|turn|15
|
|t:|1779919266
|move|p2a: Goatdengo|Make It Rain|p1a: Clodsire
|-damage|p1a: Clodsire|46/100
|-unboost|p2a: Goatdengo|spa|1
|move|p1a: Clodsire|Earthquake|p2a: Goatdengo
|-supereffective|p2a: Goatdengo
|-damage|p2a: Goatdengo|37/100
|
|-heal|p1a: Clodsire|53/100|[from] item: Leftovers
|upkeep
|turn|16
|
|t:|1779919275
|move|p2a: Goatdengo|Recover|p2a: Goatdengo
|-heal|p2a: Goatdengo|87/100
|move|p1a: Clodsire|Earthquake|p2a: Goatdengo
|-supereffective|p2a: Goatdengo
|-damage|p2a: Goatdengo|29/100
|
|-heal|p1a: Clodsire|59/100|[from] item: Leftovers
|upkeep
|turn|17
|
|t:|1779919282
|move|p2a: Goatdengo|Recover|p2a: Goatdengo
|-heal|p2a: Goatdengo|80/100
|move|p1a: Clodsire|Earthquake|p2a: Goatdengo
|-supereffective|p2a: Goatdengo
|-damage|p2a: Goatdengo|18/100
|
|-heal|p1a: Clodsire|65/100|[from] item: Leftovers
|upkeep
|turn|18
|
|t:|1779919289
|move|p2a: Goatdengo|Recover|p2a: Goatdengo
|-heal|p2a: Goatdengo|68/100
|move|p1a: Clodsire|Earthquake|p2a: Goatdengo
|-supereffective|p2a: Goatdengo
|-damage|p2a: Goatdengo|1/100
|
|-heal|p1a: Clodsire|71/100|[from] item: Leftovers
|upkeep
|turn|19
|
|t:|1779919297
|move|p2a: Goatdengo|Make It Rain|p1a: Clodsire
|-damage|p1a: Clodsire|44/100
|-unboost|p2a: Goatdengo|spa|1
|move|p1a: Clodsire|Earthquake|p2a: Goatdengo
|-supereffective|p2a: Goatdengo
|-damage|p2a: Goatdengo|0 fnt
|faint|p2a: Goatdengo
|
|-heal|p1a: Clodsire|50/100|[from] item: Leftovers
|upkeep
|
|t:|1779919300
|switch|p2a: Harambe|Rillaboom, F|100/100
|-fieldstart|move: Grassy Terrain|[from] ability: Grassy Surge|[of] p2a: Harambe
|turn|20
|
|t:|1779919311
|move|p1a: Clodsire|Protect|p1a: Clodsire
|-singleturn|p1a: Clodsire|Protect
|move|p2a: Harambe|Wood Hammer|p1a: Clodsire
|-activate|p1a: Clodsire|move: Protect
|
|-heal|p1a: Clodsire|57/100|[from] Grassy Terrain
|-heal|p1a: Clodsire|63/100|[from] item: Leftovers
|upkeep
|turn|21
|
|t:|1779919319
|move|p2a: Harambe|Wood Hammer|p1a: Clodsire
|-damage|p1a: Clodsire|0 fnt
|faint|p1a: Clodsire
|-damage|p2a: Harambe|77/100|[from] Recoil
|
|-heal|p2a: Harambe|83/100|[from] Grassy Terrain
|-heal|p2a: Harambe|89/100|[from] item: Leftovers
|upkeep
|
|t:|1779919328
|switch|p1a: Goodra|Goodra-Hisui, F, tera:Steel|58/100
|turn|22
|
|t:|1779919332
|move|p2a: Harambe|Protect|p2a: Harambe
|-singleturn|p2a: Harambe|Protect
|move|p1a: Goodra|Flamethrower|p2a: Harambe
|-activate|p2a: Harambe|move: Protect
|
|-heal|p2a: Harambe|96/100|[from] Grassy Terrain
|-heal|p2a: Harambe|100/100|[from] item: Leftovers
|-heal|p1a: Goodra|65/100|[from] Grassy Terrain
|upkeep
|turn|23
|
|t:|1779919341
|move|p2a: Harambe|Leech Seed|p1a: Goodra
|-start|p1a: Goodra|move: Leech Seed
|move|p1a: Goodra|Flamethrower|p2a: Harambe
|-supereffective|p2a: Harambe
|-crit|p2a: Harambe
|-damage|p2a: Harambe|2/100
|
|-heal|p2a: Harambe|9/100|[from] Grassy Terrain
|-heal|p2a: Harambe|15/100|[from] item: Leftovers
|-heal|p1a: Goodra|71/100|[from] Grassy Terrain
|-damage|p1a: Goodra|58/100|[from] Leech Seed|[of] p2a: Harambe
|-heal|p2a: Harambe|26/100|[silent]
|upkeep
|turn|24
|
|t:|1779919351
|move|p2a: Harambe|Wood Hammer|p1a: Goodra
|-resisted|p1a: Goodra
|-damage|p1a: Goodra|25/100
|-ability|p1a: Goodra|Gooey
|-unboost|p2a: Harambe|spe|1
|-damage|p2a: Harambe|16/100|[from] Recoil
|move|p1a: Goodra|Flamethrower|p2a: Harambe
|-supereffective|p2a: Harambe
|-damage|p2a: Harambe|0 fnt
|faint|p2a: Harambe
|
|-heal|p1a: Goodra|31/100|[from] Grassy Terrain
|-fieldend|move: Grassy Terrain
|upkeep
|
|t:|1779919359
|switch|p2a: Kurourushi|Kingambit, F|100/100
|-activate|p2a: Kurourushi|ability: Supreme Overlord
|-start|p2a: Kurourushi|fallen5|[silent]
|turn|25
|
|t:|1779919372
|move|p2a: Kurourushi|Kowtow Cleave|p1a: Goodra
|-damage|p1a: Goodra|0 fnt
|-ability|p1a: Goodra|Gooey
|-unboost|p2a: Kurourushi|spe|1
|faint|p1a: Goodra
|
|upkeep
|
|t:|1779919378
|switch|p1a: Virizion|Virizion, shiny|100/100
|turn|26
|
|t:|1779919394
|move|p2a: Kurourushi|Sucker Punch|p1a: Virizion
|-resisted|p1a: Virizion
|-damage|p1a: Virizion|49/100
|-ability|p1a: Virizion|Justified|boost
|-boost|p1a: Virizion|atk|1
|move|p1a: Virizion|Aura Sphere|p2a: Kurourushi
|-supereffective|p2a: Kurourushi
|-damage|p2a: Kurourushi|0 fnt
|faint|p2a: Kurourushi
|-end|p2a: Kurourushi|fallen5|[silent]
|
|win|Telek11
|raw|Telek11's rating: 1091 &rarr; <strong>1119</strong><br />(+28 for winning)
|raw|cqyuno's rating: 1119 &rarr; <strong>1092</strong><br />(-27 for losing)
|l|☆cqyuno
|player|p2|
|c|☆Telek11|gg
|l|☆Telek11
|player|p1|
