|j|☆jessies boyfriend
|j|☆owlwaystired
|t:|1779932090
|gametype|singles
|player|p1|jessies boyfriend|brock|1422
|player|p2|owlwaystired|265|1458
|gen|9
|tier|[Gen 9] OU
|rated|
|rule|HP Percentage Mod: HP is shown in percentages
|rule|Endless Battle Clause: Forcing endless battles is banned
|rule|Species Clause: Limit one of each Pokémon
|rule|OHKO Clause: OHKO moves are banned
|rule|Evasion Items Clause: Evasion items are banned
|rule|Evasion Moves Clause: Evasion moves are banned
|rule|Evasion Abilities Clause: Evasion abilities are banned
|rule|Sleep Moves Clause: Sleep-inducing moves are banned
|clearpoke
|poke|p1|Houndstone, M|
|poke|p1|Glimmora, F|
|poke|p1|Scrafty, M|
|poke|p1|Samurott-Hisui, M|
|poke|p1|Great Tusk|
|poke|p1|Milotic, M|
|poke|p2|Primarina, F|
|poke|p2|Grimmsnarl, M|
|poke|p2|Lokix, F|
|poke|p2|Walking Wake|
|poke|p2|Kingambit, F|
|poke|p2|Iron Moth|
|teampreview
|inactive|Battle timer is ON: inactive players will automatically lose when time's up. (requested by jessies boyfriend)
|
|t:|1779932103
|teamsize|p1|6
|teamsize|p2|6
|start
|switch|p1a: Great Tusk|Great Tusk|100/100
|switch|p2a: Primarina|Primarina, F|100/100
|turn|1
|
|t:|1779932112
|-end|p1a: Great Tusk|Protosynthesis|[silent]
|switch|p1a: Milotic|Milotic, M|100/100
|move|p2a: Primarina|Sparkling Aria|p1a: Milotic
|-resisted|p1a: Milotic
|-damage|p1a: Milotic|86/100
|
|upkeep
|turn|2
|
|t:|1779932120
|move|p1a: Milotic|Draining Kiss|p2a: Primarina
|-damage|p2a: Primarina|88/100
|-heal|p1a: Milotic|95/100|[from] drain|[of] p2a: Primarina
|move|p2a: Primarina|Moonblast|p1a: Milotic
|-damage|p1a: Milotic|71/100
|-unboost|p1a: Milotic|spa|1
|-ability|p1a: Milotic|Competitive|boost
|-boost|p1a: Milotic|spa|2
|
|upkeep
|turn|3
|
|t:|1779932139
|move|p1a: Milotic|Draining Kiss|p2a: Primarina
|-damage|p2a: Primarina|68/100
|-heal|p1a: Milotic|85/100|[from] drain|[of] p2a: Primarina
|move|p2a: Primarina|Moonblast|p1a: Milotic
|-damage|p1a: Milotic|60/100
|
|upkeep
|turn|4
|
|t:|1779932148
|switch|p2a: Walking Wake|Walking Wake|100/100
|-enditem|p2a: Walking Wake|Booster Energy
|-activate|p2a: Walking Wake|ability: Protosynthesis|[fromitem]
|-start|p2a: Walking Wake|protosynthesisspa
|move|p1a: Milotic|Draining Kiss|p2a: Walking Wake
|-supereffective|p2a: Walking Wake
|-damage|p2a: Walking Wake|32/100
|-heal|p1a: Milotic|100/100|[from] drain|[of] p2a: Walking Wake
|
|upkeep
|turn|5
|
|t:|1779932159
|move|p2a: Walking Wake|Dragon Pulse|p1a: Milotic
|-damage|p1a: Milotic|69/100
|move|p1a: Milotic|Draining Kiss|p2a: Walking Wake
|-supereffective|p2a: Walking Wake
|-damage|p2a: Walking Wake|0 fnt
|-heal|p1a: Milotic|91/100|[from] drain|[of] p2a: Walking Wake
|faint|p2a: Walking Wake
|-end|p2a: Walking Wake|Protosynthesis|[silent]
|
|upkeep
|
|t:|1779932173
|switch|p2a: Iron Moth|Iron Moth|100/100
|-enditem|p2a: Iron Moth|Booster Energy
|-activate|p2a: Iron Moth|ability: Quark Drive|[fromitem]
|-start|p2a: Iron Moth|quarkdrivespa
|turn|6
|
|t:|1779932179
|-terastallize|p2a: Iron Moth|Bug
|move|p2a: Iron Moth|Discharge|p1a: Milotic
|-supereffective|p1a: Milotic
|-damage|p1a: Milotic|52/100
|move|p1a: Milotic|Dragon Tail|p2a: Iron Moth
|-damage|p2a: Iron Moth|87/100
|-end|p2a: Iron Moth|Quark Drive|[silent]
|drag|p2a: Lokix|Lokix, F|100/100
|
|upkeep
|turn|7
|
|t:|1779932190
|move|p2a: Lokix|First Impression|p1a: Milotic
|-damage|p1a: Milotic|0 fnt
|faint|p1a: Milotic
|
|upkeep
|
|t:|1779932196
|switch|p1a: Glimmora|Glimmora, F|100/100
|-item|p1a: Glimmora|Air Balloon
|turn|8
|
|t:|1779932209
|switch|p2a: Primarina|Primarina, F|68/100
|move|p1a: Glimmora|Toxic Spikes|p2a: Primarina
|-sidestart|p2: owlwaystired|move: Toxic Spikes
|
|upkeep
|turn|9
|
|t:|1779932222
|move|p1a: Glimmora|Mortal Spin|p2a: Primarina
|-supereffective|p2a: Primarina
|-crit|p2a: Primarina
|-damage|p2a: Primarina|48/100
|-status|p2a: Primarina|psn
|move|p2a: Primarina|Sparkling Aria|p1a: Glimmora
|-supereffective|p1a: Glimmora
|-damage|p1a: Glimmora|0 fnt
|-enditem|p1a: Glimmora|Air Balloon
|faint|p1a: Glimmora
|
|-damage|p2a: Primarina|35/100 psn|[from] psn
|upkeep
|
|t:|1779932231
|switch|p1a: Samurott|Samurott-Hisui, M, shiny|100/100
|turn|10
|
|t:|1779932246
|move|p1a: Samurott|Ceaseless Edge|p2a: Primarina
|-resisted|p2a: Primarina
|-damage|p2a: Primarina|15/100 psn
|-sidestart|p2: owlwaystired|Spikes
|move|p2a: Primarina|Moonblast|p1a: Samurott
|-supereffective|p1a: Samurott
|-damage|p1a: Samurott|39/100
|
|-damage|p2a: Primarina|2/100 psn|[from] psn
|upkeep
|turn|11
|
|t:|1779932253
|move|p2a: Primarina|Aqua Jet|p1a: Samurott
|-resisted|p1a: Samurott
|-damage|p1a: Samurott|28/100
|move|p1a: Samurott|Ceaseless Edge|p2a: Primarina
|-resisted|p2a: Primarina
|-damage|p2a: Primarina|0 fnt
|-sidestart|p2: owlwaystired|Spikes
|faint|p2a: Primarina
|
|upkeep
|
|t:|1779932271
|switch|p2a: Iron Moth|Iron Moth, tera:Bug|87/100
|-status|p2a: Iron Moth|psn
|-damage|p2a: Iron Moth|71/100 psn|[from] Spikes
|turn|12
|
|t:|1779932279
|move|p2a: Iron Moth|Bug Buzz|p1a: Samurott
|-supereffective|p1a: Samurott
|-damage|p1a: Samurott|0 fnt
|faint|p1a: Samurott
|
|-damage|p2a: Iron Moth|58/100 psn|[from] psn
|upkeep
|
|t:|1779932287
|switch|p1a: Houndstone|Houndstone, M|100/100
|turn|13
|
|t:|1779932298
|move|p1a: Houndstone|Protect|p1a: Houndstone
|-singleturn|p1a: Houndstone|Protect
|move|p2a: Iron Moth|Fiery Dance|p1a: Houndstone
|-activate|p1a: Houndstone|move: Protect
|
|-damage|p2a: Iron Moth|46/100 psn|[from] psn
|upkeep
|turn|14
|
|t:|1779932308
|move|p2a: Iron Moth|Fiery Dance|p1a: Houndstone
|-damage|p1a: Houndstone|38/100
|move|p1a: Houndstone|Phantom Force||[still]
|-prepare|p1a: Houndstone|Phantom Force
|
|-heal|p1a: Houndstone|44/100|[from] item: Leftovers
|-damage|p2a: Iron Moth|34/100 psn|[from] psn
|upkeep
|turn|15
|
|t:|1779932318
|move|p2a: Iron Moth|Fiery Dance|p1a: Houndstone|[miss]
|-miss|p2a: Iron Moth|p1a: Houndstone
|move|p1a: Houndstone|Phantom Force|p2a: Iron Moth|[from] lockedmove
|-damage|p2a: Iron Moth|0 fnt
|faint|p2a: Iron Moth
|-end|p2a: Iron Moth|Quark Drive|[silent]
|
|-heal|p1a: Houndstone|50/100|[from] item: Leftovers
|upkeep
|
|t:|1779932339
|switch|p2a: Kingambit|Kingambit, F|100/100
|-damage|p2a: Kingambit|84/100|[from] Spikes
|-activate|p2a: Kingambit|ability: Supreme Overlord
|-start|p2a: Kingambit|fallen3|[silent]
|turn|16
|
|t:|1779932348
|switch|p1a: Scrafty|Scrafty, M, shiny|100/100
|-ability|p1a: Scrafty|Intimidate|boost
|-unboost|p2a: Kingambit|atk|1
|move|p2a: Kingambit|Night Slash|p1a: Scrafty
|-resisted|p1a: Scrafty
|-crit|p1a: Scrafty
|-damage|p1a: Scrafty|83/100
|
|upkeep
|turn|17
|
|t:|1779932369
|-end|p2a: Kingambit|fallen3|[silent]
|switch|p2a: Lokix|Lokix, F|100/100
|-status|p2a: Lokix|psn
|-damage|p2a: Lokix|84/100 psn|[from] Spikes
|move|p1a: Scrafty|Drain Punch|p2a: Lokix
|-damage|p2a: Lokix|52/100 psn
|-heal|p1a: Scrafty|97/100|[from] drain|[of] p2a: Lokix
|
|-damage|p2a: Lokix|40/100 psn|[from] psn
|upkeep
|turn|18
|
|t:|1779932380
|move|p2a: Lokix|First Impression|p1a: Scrafty
|-damage|p1a: Scrafty|57/100
|move|p1a: Scrafty|Drain Punch|p2a: Lokix
|-damage|p2a: Lokix|10/100 psn
|-heal|p1a: Scrafty|70/100|[from] drain|[of] p2a: Lokix
|
|-damage|p2a: Lokix|0 fnt|[from] psn
|faint|p2a: Lokix
|upkeep
|inactive|owlwaystired has 120 seconds left.
|
|t:|1779932403
|switch|p2a: Grimmsnarl|Grimmsnarl, M|100/100
|-status|p2a: Grimmsnarl|psn
|-damage|p2a: Grimmsnarl|84/100 psn|[from] Spikes
|turn|19
|
|t:|1779932409
|-terastallize|p1a: Scrafty|Poison
|move|p2a: Grimmsnarl|Spirit Break|p1a: Scrafty
|-resisted|p1a: Scrafty
|-damage|p1a: Scrafty|53/100
|-unboost|p1a: Scrafty|spa|1
|move|p1a: Scrafty|Poison Jab|p2a: Grimmsnarl
|-supereffective|p2a: Grimmsnarl
|-damage|p2a: Grimmsnarl|14/100 psn
|
|-heal|p2a: Grimmsnarl|20/100 psn|[from] item: Leftovers
|-damage|p2a: Grimmsnarl|8/100 psn|[from] psn
|upkeep
|turn|20
|inactive|owlwaystired has 120 seconds left.
|
|t:|1779932428
|move|p2a: Grimmsnarl|Thunder Wave|p1a: Scrafty
|-status|p1a: Scrafty|par
|cant|p1a: Scrafty|par
|
|-heal|p2a: Grimmsnarl|14/100 psn|[from] item: Leftovers
|-damage|p2a: Grimmsnarl|1/100 psn|[from] psn
|upkeep
|turn|21
|inactive|owlwaystired has 120 seconds left.
|
|t:|1779932442
|move|p2a: Grimmsnarl|Sucker Punch|p1a: Scrafty
|-damage|p1a: Scrafty|24/100 par
|move|p1a: Scrafty|Drain Punch|p2a: Grimmsnarl
|-damage|p2a: Grimmsnarl|0 fnt
|-heal|p1a: Scrafty|25/100 par|[from] drain|[of] p2a: Grimmsnarl
|faint|p2a: Grimmsnarl
|
|upkeep
|
|t:|1779932466
|switch|p2a: Kingambit|Kingambit, F|84/100
|-damage|p2a: Kingambit|67/100|[from] Spikes
|-activate|p2a: Kingambit|ability: Supreme Overlord
|-start|p2a: Kingambit|fallen5|[silent]
|turn|22
|
|t:|1779932477
|move|p2a: Kingambit|Iron Head|p1a: Scrafty
|-damage|p1a: Scrafty|0 fnt
|faint|p1a: Scrafty
|
|upkeep
|
|t:|1779932480
|switch|p1a: Great Tusk|Great Tusk|100/100
|turn|23
|
|t:|1779932488
|move|p1a: Great Tusk|Body Press|p2a: Kingambit
|-supereffective|p2a: Kingambit
|-damage|p2a: Kingambit|0 fnt
|faint|p2a: Kingambit
|-end|p2a: Kingambit|fallen5|[silent]
|
|win|jessies boyfriend
|raw|jessies boyfriend's rating: 1422 &rarr; <strong>1444</strong><br />(+22 for winning)
|raw|owlwaystired's rating: 1458 &rarr; <strong>1436</strong><br />(-22 for losing)
|l|☆owlwaystired
|player|p2|
|l|☆jessies boyfriend
|player|p1|
