|j|☆Noamm
|j|☆Ridlostar
|t:|1779892004
|gametype|singles
|player|p1|Noamm|gambler|1693
|player|p2|Ridlostar|hilbert|1665
|gen|9
|tier|[Gen 9] OU
|rated|
|rule|HP Percentage Mod: HP is shown in percentages
|rule|Endless Battle Clause: Forcing endless battles is banned
|rule|Species Clause: Limit one of each Pokémon
|rule|OHKO Clause: OHKO moves are banned
|rule|Evasion Items Clause: Evasion items are banned
|rule|Evasion Moves Clause: Evasion moves are banned
|rule|Evasion Abilities Clause: Evasion abilities are banned
|rule|Sleep Moves Clause: Sleep-inducing moves are banned
|clearpoke
|poke|p1|Lokix, F|
|poke|p1|Iron Valiant|
|poke|p1|Alomomola, F|
|poke|p1|Mandibuzz, F|
|poke|p1|Great Tusk|
|poke|p1|Gholdengo|
|poke|p2|Toedscruel, M|
|poke|p2|Darkrai|
|poke|p2|Cresselia, F|
|poke|p2|Clodsire, M|
|poke|p2|Dragonite, M|
|poke|p2|Alomomola, M|
|teampreview
|inactive|Battle timer is ON: inactive players will automatically lose when time's up. (requested by Noamm)
|inactive|Ridlostar has 120 seconds left.
|
|t:|1779892035
|teamsize|p1|6
|teamsize|p2|6
|start
|switch|p1a: Shining Agito|Lokix, F, shiny|100/100
|switch|p2a: Keanu Reeves|Darkrai|100/100
|turn|1
|
|t:|1779892038
|move|p1a: Shining Agito|First Impression|p2a: Keanu Reeves
|-supereffective|p2a: Keanu Reeves
|-enditem|p2a: Keanu Reeves|Tanga Berry|[eat]
|-enditem|p2a: Keanu Reeves|Tanga Berry|[weaken]
|-damage|p2a: Keanu Reeves|0 fnt
|faint|p2a: Keanu Reeves
|
|upkeep
|
|t:|1779892060
|switch|p2a: Big Man|Clodsire, M|100/100
|turn|2
|l|☆Noamm
|inactive|Noamm disconnected and has a minute to reconnect!
|player|p1|
|j|☆Noamm
|inactive|Noamm reconnected and has 135 seconds left.
|player|p1|Noamm|gambler|
|
|t:|1779892083
|switch|p1a: Gills Exceed|Great Tusk|100/100
|move|p2a: Big Man|Stockpile|p2a: Big Man
|-start|p2a: Big Man|stockpile1
|-boost|p2a: Big Man|def|1
|-boost|p2a: Big Man|spd|1
|
|upkeep
|turn|3
|
|t:|1779892087
|move|p1a: Gills Exceed|Headlong Rush|p2a: Big Man
|-supereffective|p2a: Big Man
|-damage|p2a: Big Man|42/100
|-unboost|p1a: Gills Exceed|def|1
|-unboost|p1a: Gills Exceed|spd|1
|move|p2a: Big Man|Toxic|p1a: Gills Exceed
|-status|p1a: Gills Exceed|tox
|
|-heal|p2a: Big Man|49/100|[from] item: Leftovers
|-damage|p1a: Gills Exceed|94/100 tox|[from] psn
|upkeep
|turn|4
|
|t:|1779892092
|switch|p2a: Fair and Balanced|Alomomola, M|100/100
|move|p1a: Gills Exceed|Headlong Rush|p2a: Fair and Balanced
|-damage|p2a: Fair and Balanced|56/100
|-unboost|p1a: Gills Exceed|def|1
|-unboost|p1a: Gills Exceed|spd|1
|
|-damage|p1a: Gills Exceed|82/100 tox|[from] psn
|upkeep
|turn|5
|
|t:|1779892099
|-end|p1a: Gills Exceed|Protosynthesis|[silent]
|switch|p1a: Tetsuya Sawaki|Alomomola, F|100/100
|move|p2a: Fair and Balanced|Wish|p2a: Fair and Balanced
|
|upkeep
|turn|6
|
|t:|1779892104
|move|p1a: Tetsuya Sawaki|Flip Turn|p2a: Fair and Balanced
|-resisted|p2a: Fair and Balanced
|-damage|p2a: Fair and Balanced|50/100
|
|t:|1779892107
|switch|p1a: G3-X|Iron Valiant, shiny|100/100|[from] Flip Turn
|move|p2a: Fair and Balanced|Flip Turn|p1a: G3-X
|-damage|p1a: G3-X|80/100
|
|t:|1779892113
|switch|p2a: Big Man|Clodsire, M|49/100|[from] Flip Turn
|
|-heal|p2a: Big Man|100/100|[from] move: Wish|[wisher] Fair and Balanced
|upkeep
|turn|7
|
|t:|1779892117
|move|p1a: G3-X|Trick|p2a: Big Man
|-activate|p1a: G3-X|move: Trick|[of] p2a: Big Man
|-item|p2a: Big Man|Choice Specs|[from] move: Trick
|-item|p1a: G3-X|Leftovers|[from] move: Trick
|move|p2a: Big Man|Toxic|p1a: G3-X
|-status|p1a: G3-X|tox
|
|-heal|p1a: G3-X|86/100 tox|[from] item: Leftovers
|-damage|p1a: G3-X|80/100 tox|[from] psn
|upkeep
|turn|8
|
|t:|1779892133
|-end|p1a: G3-X|Quark Drive|[silent]
|switch|p1a: MACHINE TORNADER|Gholdengo|100/100
|switch|p2a: Fair and Balanced|Alomomola, M|84/100
|
|upkeep
|turn|9
|
|t:|1779892143
|move|p1a: MACHINE TORNADER|Trick|p2a: Fair and Balanced
|-activate|p1a: MACHINE TORNADER|move: Trick|[of] p2a: Fair and Balanced
|-item|p2a: Fair and Balanced|Choice Scarf|[from] move: Trick
|-item|p1a: MACHINE TORNADER|Heavy-Duty Boots|[from] move: Trick
|move|p2a: Fair and Balanced|Flip Turn|p1a: MACHINE TORNADER
|-damage|p1a: MACHINE TORNADER|82/100
|
|t:|1779892151
|switch|p2a: Squidward?|Toedscruel, M|100/100|[from] Flip Turn
|
|upkeep
|turn|10
|
|t:|1779892157
|switch|p1a: Overlord|Mandibuzz, F|100/100
|move|p2a: Squidward?|Earth Power|p1a: Overlord
|-immune|p1a: Overlord
|
|upkeep
|turn|11
|
|t:|1779892160
|move|p1a: Overlord|U-turn|p2a: Squidward?
|-supereffective|p2a: Squidward?
|-damage|p2a: Squidward?|65/100
|
|t:|1779892161
|switch|p1a: Shining Agito|Lokix, F, shiny|100/100|[from] U-turn
|move|p2a: Squidward?|Toxic|p1a: Shining Agito|[miss]
|-miss|p2a: Squidward?|p1a: Shining Agito
|
|upkeep
|turn|12
|
|t:|1779892169
|switch|p2a: him|Dragonite, M|100/100
|-terastallize|p1a: Shining Agito|Bug
|move|p1a: Shining Agito|Leech Life|p2a: him
|-resisted|p2a: him
|-crit|p2a: him
|-damage|p2a: him|42/100
|
|-heal|p2a: him|48/100|[from] item: Leftovers
|upkeep
|turn|13
|
|t:|1779892184
|switch|p2a: Squidward?|Toedscruel, M|65/100
|move|p1a: Shining Agito|Leech Life|p2a: Squidward?
|-supereffective|p2a: Squidward?
|-damage|p2a: Squidward?|0 fnt
|faint|p2a: Squidward?
|
|upkeep
|
|t:|1779892193
|switch|p2a: Big Man|Clodsire, M|100/100
|turn|14
|
|t:|1779892195
|move|p1a: Shining Agito|Leech Life|p2a: Big Man
|-resisted|p2a: Big Man
|-damage|p2a: Big Man|43/100
|move|p2a: Big Man|Toxic|p1a: Shining Agito
|-status|p1a: Shining Agito|tox
|
|-damage|p1a: Shining Agito|94/100 tox|[from] psn
|upkeep
|turn|15
|inactive|Ridlostar has 120 seconds left.
|
|t:|1779892231
|move|p1a: Shining Agito|Leech Life|p2a: Big Man
|-resisted|p2a: Big Man
|-damage|p2a: Big Man|0 fnt
|-heal|p1a: Shining Agito|100/100 tox|[from] drain|[of] p2a: Big Man
|faint|p2a: Big Man
|
|-damage|p1a: Shining Agito|88/100 tox|[from] psn
|upkeep
|
|t:|1779892242
|switch|p2a: Fair and Balanced|Alomomola, M|100/100
|turn|16
|
|t:|1779892246
|move|p1a: Shining Agito|Leech Life|p2a: Fair and Balanced
|-damage|p2a: Fair and Balanced|43/100
|-heal|p1a: Shining Agito|100/100 tox|[from] drain|[of] p2a: Fair and Balanced
|move|p2a: Fair and Balanced|Healing Wish|p2a: Fair and Balanced
|faint|p2a: Fair and Balanced
|
|-damage|p1a: Shining Agito|82/100 tox|[from] psn
|upkeep
|
|t:|1779892250
|switch|p2a: him|Dragonite, M|48/100
|-heal|p2a: him|100/100|[from] move: Healing Wish
|turn|17
|
|t:|1779892255
|switch|p1a: Overlord|Mandibuzz, F|100/100
|move|p2a: him|Dragon Dance|p2a: him
|-boost|p2a: him|atk|1
|-boost|p2a: him|spe|1
|
|upkeep
|turn|18
|
|t:|1779892261
|switch|p2a: why|Cresselia, F, shiny|100/100
|move|p1a: Overlord|Foul Play|p2a: why
|-supereffective|p2a: why
|-damage|p2a: why|83/100
|
|-heal|p2a: why|89/100|[from] item: Leftovers
|upkeep
|turn|19
|
|t:|1779892271
|switch|p1a: MACHINE TORNADER|Gholdengo|82/100
|move|p2a: why|Calm Mind|p2a: why
|-boost|p2a: why|spa|1
|-boost|p2a: why|spd|1
|
|-heal|p2a: why|95/100|[from] item: Leftovers
|upkeep
|turn|20
|
|t:|1779892278
|move|p1a: MACHINE TORNADER|Nasty Plot|p1a: MACHINE TORNADER
|-boost|p1a: MACHINE TORNADER|spa|2
|move|p2a: why|Calm Mind|p2a: why
|-boost|p2a: why|spa|1
|-boost|p2a: why|spd|1
|
|-heal|p2a: why|100/100|[from] item: Leftovers
|upkeep
|turn|21
|
|t:|1779892287
|-terastallize|p2a: why|Poison
|move|p1a: MACHINE TORNADER|Nasty Plot|p1a: MACHINE TORNADER
|-boost|p1a: MACHINE TORNADER|spa|2
|move|p2a: why|Calm Mind|p2a: why
|-boost|p2a: why|spa|1
|-boost|p2a: why|spd|1
|
|upkeep
|turn|22
|
|t:|1779892290
|move|p1a: MACHINE TORNADER|Nasty Plot|p1a: MACHINE TORNADER
|-boost|p1a: MACHINE TORNADER|spa|2
|move|p2a: why|Stored Power|p1a: MACHINE TORNADER
|-resisted|p1a: MACHINE TORNADER
|-damage|p1a: MACHINE TORNADER|27/100
|
|upkeep
|turn|23
|
|t:|1779892293
|move|p1a: MACHINE TORNADER|Make It Rain|p2a: why
|-damage|p2a: why|33/100
|-unboost|p1a: MACHINE TORNADER|spa|1
|move|p2a: why|Stored Power|p1a: MACHINE TORNADER
|-resisted|p1a: MACHINE TORNADER
|-damage|p1a: MACHINE TORNADER|0 fnt
|faint|p1a: MACHINE TORNADER
|
|-heal|p2a: why|39/100|[from] item: Leftovers
|upkeep
|
|t:|1779892298
|switch|p1a: Shining Agito|Lokix, F, shiny, tera:Bug|82/100 tox
|turn|24
|
|t:|1779892301
|move|p1a: Shining Agito|U-turn|p2a: why
|-resisted|p2a: why
|-damage|p2a: why|1/100
|
|t:|1779892303
|switch|p1a: Tetsuya Sawaki|Alomomola, F|100/100|[from] U-turn
|move|p2a: why|Moonlight|p2a: why
|-heal|p2a: why|51/100
|
|-heal|p2a: why|57/100|[from] item: Leftovers
|upkeep
|turn|25
|
|t:|1779892309
|move|p2a: why|Moonlight|p2a: why
|-heal|p2a: why|100/100
|move|p1a: Tetsuya Sawaki|Flip Turn|p2a: why
|-damage|p2a: why|92/100
|
|t:|1779892322
|switch|p1a: Shining Agito|Lokix, F, shiny, tera:Bug|82/100 tox|[from] Flip Turn
|
|-heal|p2a: why|98/100|[from] item: Leftovers
|-damage|p1a: Shining Agito|76/100 tox|[from] psn
|upkeep
|turn|26
|
|t:|1779892334
|move|p1a: Shining Agito|U-turn|p2a: why
|-resisted|p2a: why
|-damage|p2a: why|64/100
|
|t:|1779892336
|switch|p1a: Tetsuya Sawaki|Alomomola, F|100/100|[from] U-turn
|move|p2a: why|Moonlight|p2a: why
|-heal|p2a: why|100/100
|
|upkeep
|turn|27
|
|t:|1779892339
|move|p2a: why|Calm Mind|p2a: why
|-boost|p2a: why|spa|1
|-boost|p2a: why|spd|1
|move|p1a: Tetsuya Sawaki|Scald|p2a: why
|-damage|p2a: why|98/100
|
|-heal|p2a: why|100/100|[from] item: Leftovers
|upkeep
|turn|28
|
|t:|1779892342
|move|p2a: why|Calm Mind|p2a: why
|-boost|p2a: why|spa|1
|-boost|p2a: why|spd|1
|move|p1a: Tetsuya Sawaki|Mirror Coat||[still]
|-fail|p1a: Tetsuya Sawaki
|
|upkeep
|turn|29
|
|t:|1779892346
|move|p2a: why|Calm Mind|p2a: why
|-boost|p2a: why|spa|1
|-boost|p2a: why|spd|1
|move|p1a: Tetsuya Sawaki|Scald|p2a: why
|-damage|p2a: why|98/100
|
|-heal|p2a: why|100/100|[from] item: Leftovers
|upkeep
|turn|30
|
|t:|1779892350
|move|p2a: why|Stored Power|p1a: Tetsuya Sawaki
|-crit|p1a: Tetsuya Sawaki
|-damage|p1a: Tetsuya Sawaki|0 fnt
|faint|p1a: Tetsuya Sawaki
|
|upkeep
|
|t:|1779892356
|switch|p1a: Shining Agito|Lokix, F, shiny, tera:Bug|76/100 tox
|turn|31
|
|t:|1779892361
|move|p1a: Shining Agito|U-turn|p2a: why
|-resisted|p2a: why
|-damage|p2a: why|64/100
|
|t:|1779892364
|switch|p1a: Gills Exceed|Great Tusk|82/100 tox|[from] U-turn
|move|p2a: why|Moonlight|p2a: why
|-heal|p2a: why|100/100
|
|-damage|p1a: Gills Exceed|76/100 tox|[from] psn
|upkeep
|turn|32
|
|t:|1779892368
|move|p1a: Gills Exceed|Ice Spinner|p2a: why
|-damage|p2a: why|86/100
|move|p2a: why|Stored Power|p1a: Gills Exceed
|-supereffective|p1a: Gills Exceed
|-crit|p1a: Gills Exceed
|-damage|p1a: Gills Exceed|0 fnt
|faint|p1a: Gills Exceed
|-end|p1a: Gills Exceed|Protosynthesis|[silent]
|
|-heal|p2a: why|92/100|[from] item: Leftovers
|upkeep
|
|t:|1779892370
|switch|p1a: Shining Agito|Lokix, F, shiny, tera:Bug|76/100 tox
|turn|33
|
|t:|1779892375
|move|p1a: Shining Agito|Leech Life|p2a: why
|-resisted|p2a: why
|-damage|p2a: why|50/100
|-heal|p1a: Shining Agito|100/100 tox|[from] drain|[of] p2a: why
|move|p2a: why|Moonblast|p1a: Shining Agito
|-crit|p1a: Shining Agito
|-damage|p1a: Shining Agito|0 fnt
|faint|p1a: Shining Agito
|
|-heal|p2a: why|56/100|[from] item: Leftovers
|upkeep
|-message|Noamm forfeited.
|
|win|Ridlostar
|raw|Noamm's rating: 1693 &rarr; <strong>1671</strong><br />(-22 for losing)
|raw|Ridlostar's rating: 1665 &rarr; <strong>1687</strong><br />(+22 for winning)
|l|☆Noamm
|player|p1|
|l|☆Ridlostar
|player|p2|
