|j|☆infopro play392
|j|☆itstheboyjay
|t:|1779812879
|gametype|singles
|player|p1|infopro play392|gambler|1208
|player|p2|itstheboyjay|palmer|1217
|gen|9
|tier|[Gen 9] OU
|rated|
|rule|HP Percentage Mod: HP is shown in percentages
|rule|Endless Battle Clause: Forcing endless battles is banned
|rule|Species Clause: Limit one of each Pokémon
|rule|OHKO Clause: OHKO moves are banned
|rule|Evasion Items Clause: Evasion items are banned
|rule|Evasion Moves Clause: Evasion moves are banned
|rule|Evasion Abilities Clause: Evasion abilities are banned
|rule|Sleep Moves Clause: Sleep-inducing moves are banned
|clearpoke
|poke|p1|Glimmora, M|
|poke|p1|Zapdos|
|poke|p1|Infernape, F|
|poke|p1|Slowking-Galar, F|
|poke|p1|Great Tusk|
|poke|p1|Ogerpon-Wellspring, F|
|poke|p2|Jolteon, M|
|poke|p2|Rhydon, M|
|poke|p2|Blastoise, F|
|poke|p2|Gengar, M|
|poke|p2|Arcanine, F|
|poke|p2|Exeggutor, M|
|teampreview
|inactive|Battle timer is ON: inactive players will automatically lose when time's up. (requested by infopro play392)
|
|t:|1779812895
|teamsize|p1|6
|teamsize|p2|6
|start
|switch|p1a: Glimmora|Glimmora, M|100/100
|switch|p2a: Blastoise|Blastoise, F, shiny|100/100
|turn|1
|
|t:|1779812903
|move|p1a: Glimmora|Stealth Rock|p2a: Blastoise
|-sidestart|p2: itstheboyjay|move: Stealth Rock
|move|p2a: Blastoise|Hydro Pump|p1a: Glimmora
|-supereffective|p1a: Glimmora
|-damage|p1a: Glimmora|16/100
|
|upkeep
|turn|2
|
|t:|1779812911
|switch|p1a: Ogerpon|Ogerpon-Wellspring, F|100/100
|move|p2a: Blastoise|Hydro Pump|p1a: Ogerpon
|-immune|p1a: Ogerpon|[from] ability: Water Absorb
|
|upkeep
|turn|3
|
|t:|1779812918
|move|p1a: Ogerpon|Horn Leech|p2a: Blastoise
|-supereffective|p2a: Blastoise
|-damage|p2a: Blastoise|37/100
|move|p2a: Blastoise|Rapid Spin|p1a: Ogerpon
|-damage|p1a: Ogerpon|90/100
|-boost|p2a: Blastoise|spe|1
|-sideend|p2: itstheboyjay|Stealth Rock|[from] move: Rapid Spin|[of] p2a: Blastoise
|
|upkeep
|turn|4
|
|t:|1779812927
|switch|p2a: Arcanine|Arcanine, F, shiny|100/100
|-ability|p2a: Arcanine|Intimidate|boost
|-unboost|p1a: Ogerpon|atk|1
|move|p1a: Ogerpon|Horn Leech|p2a: Arcanine
|-resisted|p2a: Arcanine
|-damage|p2a: Arcanine|89/100
|-heal|p1a: Ogerpon|97/100|[from] drain|[of] p2a: Arcanine
|-damage|p1a: Ogerpon|80/100|[from] item: Rocky Helmet|[of] p2a: Arcanine
|
|upkeep
|turn|5
|
|t:|1779812948
|switch|p1a: Great Tusk|Great Tusk, shiny|100/100
|move|p2a: Arcanine|Will-O-Wisp|p1a: Great Tusk
|-status|p1a: Great Tusk|brn
|
|-damage|p1a: Great Tusk|94/100 brn|[from] brn
|upkeep
|turn|6
|
|t:|1779812959
|switch|p2a: Exeggutor|Exeggutor, M, shiny|100/100
|move|p1a: Great Tusk|Knock Off|p2a: Exeggutor
|-supereffective|p2a: Exeggutor
|-damage|p2a: Exeggutor|75/100
|-enditem|p2a: Exeggutor|Sitrus Berry|[from] move: Knock Off|[of] p1a: Great Tusk
|
|-heal|p1a: Great Tusk|100/100 brn|[from] item: Leftovers
|-damage|p1a: Great Tusk|94/100 brn|[from] brn
|upkeep
|turn|7
|
|t:|1779812973
|-end|p1a: Great Tusk|Protosynthesis|[silent]
|switch|p1a: Zapdos|Zapdos, shiny|100/100
|move|p2a: Exeggutor|Substitute|p2a: Exeggutor
|-start|p2a: Exeggutor|Substitute
|-damage|p2a: Exeggutor|50/100
|
|upkeep
|turn|8
|
|t:|1779812980
|move|p1a: Zapdos|Heat Wave|p2a: Exeggutor
|-supereffective|p2a: Exeggutor
|-end|p2a: Exeggutor|Substitute
|move|p2a: Exeggutor|Leech Seed|p1a: Zapdos
|-start|p1a: Zapdos|move: Leech Seed
|
|-damage|p1a: Zapdos|88/100|[from] Leech Seed|[of] p2a: Exeggutor
|-heal|p2a: Exeggutor|64/100|[silent]
|upkeep
|turn|9
|
|t:|1779812995
|switch|p2a: Jolteon|Jolteon, M|100/100
|move|p1a: Zapdos|Hurricane|p2a: Jolteon|[miss]
|-miss|p1a: Zapdos|p2a: Jolteon
|
|-heal|p1a: Zapdos|94/100|[from] item: Leftovers
|-damage|p1a: Zapdos|82/100|[from] Leech Seed|[of] p2a: Jolteon
|upkeep
|turn|10
|
|t:|1779813005
|switch|p1a: Slowking|Slowking-Galar, F|100/100
|move|p2a: Jolteon|Calm Mind|p2a: Jolteon
|-boost|p2a: Jolteon|spa|1
|-boost|p2a: Jolteon|spd|1
|
|upkeep
|turn|11
|
|t:|1779813012
|move|p2a: Jolteon|Calm Mind|p2a: Jolteon
|-boost|p2a: Jolteon|spa|1
|-boost|p2a: Jolteon|spd|1
|move|p1a: Slowking|Future Sight|p2a: Jolteon
|-start|p1a: Slowking|move: Future Sight
|
|upkeep
|turn|12
|
|t:|1779813017
|move|p2a: Jolteon|Calm Mind|p2a: Jolteon
|-boost|p2a: Jolteon|spa|1
|-boost|p2a: Jolteon|spd|1
|move|p1a: Slowking|Sludge Bomb|p2a: Jolteon
|-damage|p2a: Jolteon|82/100
|
|upkeep
|turn|13
|
|t:|1779813025
|move|p2a: Jolteon|Rain Dance|p2a: Jolteon
|-weather|RainDance
|move|p1a: Slowking|Sludge Bomb|p2a: Jolteon
|-damage|p2a: Jolteon|63/100
|
|-weather|RainDance|[upkeep]
|-end|p2a: Jolteon|move: Future Sight
|-damage|p2a: Jolteon|41/100
|upkeep
|turn|14
|
|t:|1779813034
|switch|p1a: Great Tusk|Great Tusk, shiny|94/100 brn
|move|p2a: Jolteon|Thunder|p1a: Great Tusk
|-immune|p1a: Great Tusk
|
|-weather|RainDance|[upkeep]
|-heal|p1a: Great Tusk|100/100 brn|[from] item: Leftovers
|-damage|p1a: Great Tusk|94/100 brn|[from] brn
|upkeep
|turn|15
|
|t:|1779813045
|move|p2a: Jolteon|Weather Ball|p1a: Great Tusk
|-supereffective|p1a: Great Tusk
|-damage|p1a: Great Tusk|0 fnt
|faint|p1a: Great Tusk
|-end|p1a: Great Tusk|Protosynthesis|[silent]
|
|-weather|RainDance|[upkeep]
|upkeep
|
|t:|1779813056
|switch|p1a: Infernape|Infernape, F, shiny|100/100
|turn|16
|
|t:|1779813063
|move|p1a: Infernape|Mach Punch|p2a: Jolteon
|-damage|p2a: Jolteon|0 fnt
|faint|p2a: Jolteon
|
|-weather|RainDance|[upkeep]
|upkeep
|
|t:|1779813072
|switch|p2a: Arcanine|Arcanine, F, shiny|89/100
|-ability|p2a: Arcanine|Intimidate|boost
|-unboost|p1a: Infernape|atk|1
|turn|17
|
|t:|1779813078
|switch|p1a: Glimmora|Glimmora, M|16/100
|move|p2a: Arcanine|Fire Spin|p1a: Glimmora
|-resisted|p1a: Glimmora
|-damage|p1a: Glimmora|13/100
|-activate|p1a: Glimmora|move: Fire Spin|[of] p2a: Arcanine
|
|-weather|RainDance|[upkeep]
|-damage|p1a: Glimmora|0 fnt|[from] move: Fire Spin|[partiallytrapped]
|faint|p1a: Glimmora
|upkeep
|
|t:|1779813087
|switch|p1a: Ogerpon|Ogerpon-Wellspring, F|80/100
|turn|18
|
|t:|1779813093
|-terastallize|p1a: Ogerpon|Water
|detailschange|p1a: Ogerpon|Ogerpon-Wellspring-Tera, F, tera:Water
|-ability|p1a: Ogerpon|Embody Aspect (Wellspring)|boost
|-boost|p1a: Ogerpon|spd|1
|-terastallize|p2a: Arcanine|Water
|move|p1a: Ogerpon|Ivy Cudgel|p2a: Arcanine|[anim] Ivy Cudgel Water
|-resisted|p2a: Arcanine
|-damage|p2a: Arcanine|44/100
|move|p2a: Arcanine|Will-O-Wisp|p1a: Ogerpon
|-status|p1a: Ogerpon|brn
|
|-weather|RainDance|[upkeep]
|-damage|p1a: Ogerpon|74/100 brn|[from] brn
|upkeep
|turn|19
|
|t:|1779813112
|switch|p2a: Exeggutor|Exeggutor, M, shiny|64/100
|move|p1a: Ogerpon|Horn Leech|p2a: Exeggutor
|-resisted|p2a: Exeggutor
|-damage|p2a: Exeggutor|55/100
|-heal|p1a: Ogerpon|79/100 brn|[from] drain|[of] p2a: Exeggutor
|
|-weather|RainDance|[upkeep]
|-damage|p1a: Ogerpon|73/100 brn|[from] brn
|upkeep
|turn|20
|
|t:|1779813123
|move|p1a: Ogerpon|U-turn|p2a: Exeggutor
|-supereffective|p2a: Exeggutor
|-damage|p2a: Exeggutor|3/100
|
|t:|1779813127
|switch|p1a: Infernape|Infernape, F, shiny|100/100|[from] U-turn
|move|p2a: Exeggutor|Leech Seed|p1a: Infernape
|-start|p1a: Infernape|move: Leech Seed
|
|-weather|none
|-damage|p1a: Infernape|88/100|[from] Leech Seed|[of] p2a: Exeggutor
|-heal|p2a: Exeggutor|13/100|[silent]
|upkeep
|turn|21
|
|t:|1779813137
|move|p1a: Infernape|U-turn|p2a: Exeggutor
|-supereffective|p2a: Exeggutor
|-damage|p2a: Exeggutor|0 fnt
|faint|p2a: Exeggutor
|
|t:|1779813152
|switch|p1a: Ogerpon|Ogerpon-Wellspring-Tera, F, tera:Water|73/100 brn|[from] U-turn
|-ability|p1a: Ogerpon|Embody Aspect (Wellspring)|boost
|-boost|p1a: Ogerpon|spd|1
|
|-damage|p1a: Ogerpon|67/100 brn|[from] brn
|upkeep
|
|t:|1779813159
|switch|p2a: Arcanine|Arcanine, F, shiny, tera:Water|44/100
|-ability|p2a: Arcanine|Intimidate|boost
|-unboost|p1a: Ogerpon|atk|1
|turn|22
|
|t:|1779813164
|move|p1a: Ogerpon|Horn Leech|p2a: Arcanine
|-supereffective|p2a: Arcanine
|-damage|p2a: Arcanine|23/100
|-heal|p1a: Ogerpon|80/100 brn|[from] drain|[of] p2a: Arcanine
|-damage|p1a: Ogerpon|64/100 brn|[from] item: Rocky Helmet|[of] p2a: Arcanine
|move|p2a: Arcanine|Morning Sun|p2a: Arcanine
|-heal|p2a: Arcanine|73/100
|
|-damage|p1a: Ogerpon|58/100 brn|[from] brn
|upkeep
|turn|23
|
|t:|1779813177
|switch|p1a: Zapdos|Zapdos, shiny|82/100
|move|p2a: Arcanine|Fire Spin|p1a: Zapdos|[miss]
|-miss|p2a: Arcanine|p1a: Zapdos
|
|-heal|p1a: Zapdos|88/100|[from] item: Leftovers
|upkeep
|turn|24
|
|t:|1779813190
|switch|p1a: Slowking|Slowking-Galar, F|100/100
|switch|p2a: Blastoise|Blastoise, F, shiny|37/100
|
|upkeep
|turn|25
|
|t:|1779813199
|move|p2a: Blastoise|Aqua Ring|p2a: Blastoise
|-start|p2a: Blastoise|Aqua Ring
|move|p1a: Slowking|Future Sight|p2a: Blastoise
|-start|p1a: Slowking|move: Future Sight
|
|-heal|p2a: Blastoise|43/100|[from] Aqua Ring
|upkeep
|turn|26
|
|t:|1779813206
|move|p2a: Blastoise|Iron Defense|p2a: Blastoise
|-boost|p2a: Blastoise|def|2
|move|p1a: Slowking|Sludge Bomb|p2a: Blastoise
|-damage|p2a: Blastoise|11/100
|-status|p2a: Blastoise|psn
|
|-heal|p2a: Blastoise|17/100 psn|[from] Aqua Ring
|-damage|p2a: Blastoise|4/100 psn|[from] psn
|upkeep
|turn|27
|
|t:|1779813217
|switch|p1a: Ogerpon|Ogerpon-Wellspring-Tera, F, tera:Water|58/100 brn
|-ability|p1a: Ogerpon|Embody Aspect (Wellspring)|boost
|-boost|p1a: Ogerpon|spd|1
|move|p2a: Blastoise|Hydro Pump|p1a: Ogerpon
|-resisted|p1a: Ogerpon
|-damage|p1a: Ogerpon|38/100 brn
|
|-end|p2a: Blastoise|move: Future Sight
|-damage|p2a: Blastoise|0 fnt
|faint|p2a: Blastoise
|-damage|p1a: Ogerpon|32/100 brn|[from] brn
|upkeep
|
|t:|1779813230
|switch|p2a: Arcanine|Arcanine, F, shiny, tera:Water|73/100
|-ability|p2a: Arcanine|Intimidate|boost
|-unboost|p1a: Ogerpon|atk|1
|turn|28
|
|t:|1779813238
|move|p2a: Arcanine|Extreme Speed|p1a: Ogerpon
|-damage|p1a: Ogerpon|4/100 brn
|move|p1a: Ogerpon|U-turn|p2a: Arcanine
|-damage|p2a: Arcanine|67/100
|-damage|p1a: Ogerpon|0 fnt|[from] item: Rocky Helmet|[of] p2a: Arcanine
|faint|p1a: Ogerpon
|detailschange|p1: Ogerpon|Ogerpon-Wellspring, F|[silent]
|
|upkeep
|
|t:|1779813246
|switch|p1a: Slowking|Slowking-Galar, F|100/100
|turn|29
|
|t:|1779813253
|move|p2a: Arcanine|Fire Spin|p1a: Slowking
|-damage|p1a: Slowking|94/100
|-activate|p1a: Slowking|move: Fire Spin|[of] p2a: Arcanine
|move|p1a: Slowking|Thunder Wave|p2a: Arcanine
|-status|p2a: Arcanine|par
|
|-damage|p1a: Slowking|81/100|[from] move: Fire Spin|[partiallytrapped]
|upkeep
|turn|30
|
|t:|1779813263
|move|p2a: Arcanine|Will-O-Wisp|p1a: Slowking
|-status|p1a: Slowking|brn
|move|p1a: Slowking|Future Sight|p2a: Arcanine
|-start|p1a: Slowking|move: Future Sight
|
|-damage|p1a: Slowking|75/100 brn|[from] brn
|-damage|p1a: Slowking|63/100 brn|[from] move: Fire Spin|[partiallytrapped]
|upkeep
|turn|31
|
|t:|1779813274
|cant|p2a: Arcanine|par
|move|p1a: Slowking|Sludge Bomb|p2a: Arcanine
|-damage|p2a: Arcanine|34/100 par
|
|-damage|p1a: Slowking|57/100 brn|[from] brn
|-damage|p1a: Slowking|44/100 brn|[from] move: Fire Spin|[partiallytrapped]
|upkeep
|turn|32
|
|t:|1779813284
|cant|p2a: Arcanine|par
|move|p1a: Slowking|Sludge Bomb|p2a: Arcanine
|-damage|p2a: Arcanine|0 fnt
|faint|p2a: Arcanine
|
|-hint|Future Sight did not hit because the target is fainted.
|-damage|p1a: Slowking|38/100 brn|[from] brn
|-end|p1a: Slowking|Fire Spin|[partiallytrapped]|[silent]
|upkeep
|
|t:|1779813294
|switch|p2a: Rhydon|Rhydon, M, shiny|100/100
|turn|33
|
|t:|1779813300
|move|p2a: Rhydon|Rock Polish|p2a: Rhydon
|-boost|p2a: Rhydon|spe|2
|move|p1a: Slowking|Future Sight|p2a: Rhydon
|-start|p1a: Slowking|move: Future Sight
|
|-damage|p1a: Slowking|32/100 brn|[from] brn
|upkeep
|turn|34
|
|t:|1779813310
|move|p2a: Rhydon|Earthquake|p1a: Slowking
|-supereffective|p1a: Slowking
|-damage|p1a: Slowking|0 fnt
|faint|p1a: Slowking
|-damage|p2a: Rhydon|91/100|[from] item: Life Orb
|
|upkeep
|
|t:|1779813328
|switch|p1a: Zapdos|Zapdos, shiny|88/100
|turn|35
|
|t:|1779813335
|move|p2a: Rhydon|Ice Punch|p1a: Zapdos
|-supereffective|p1a: Zapdos
|-damage|p1a: Zapdos|20/100
|-damage|p2a: Rhydon|81/100|[from] item: Life Orb
|move|p1a: Zapdos|Hurricane|p2a: Rhydon
|-resisted|p2a: Rhydon
|-damage|p2a: Rhydon|34/100
|
|-end|p2a: Rhydon|move: Future Sight
|-damage|p2a: Rhydon|0 fnt
|faint|p2a: Rhydon
|-heal|p1a: Zapdos|26/100|[from] item: Leftovers
|upkeep
|
|t:|1779813349
|switch|p2a: Gengar|Gengar, M, shiny|100/100
|turn|36
|
|t:|1779813354
|move|p2a: Gengar|Shadow Ball|p1a: Zapdos
|-damage|p1a: Zapdos|0 fnt
|faint|p1a: Zapdos
|
|upkeep
|
|t:|1779813358
|switch|p1a: Infernape|Infernape, F, shiny|88/100
|turn|37
|
|t:|1779813363
|move|p2a: Gengar|Shadow Ball|p1a: Infernape
|-damage|p1a: Infernape|0 fnt
|faint|p1a: Infernape
|
|win|itstheboyjay
|raw|infopro play392's rating: 1208 &rarr; <strong>1184</strong><br />(-24 for losing)
|raw|itstheboyjay's rating: 1217 &rarr; <strong>1241</strong><br />(+24 for winning)
|l|☆infopro play392
|player|p1|
|c|☆itstheboyjay|Gg
|l|☆itstheboyjay
|player|p2|
