|j|☆wassou21
|j|☆Bencarote
|t:|1779908428
|gametype|singles
|player|p1|wassou21|red|1373
|player|p2|Bencarote|170|1367
|gen|9
|tier|[Gen 9] OU
|rated|
|rule|HP Percentage Mod: HP is shown in percentages
|rule|Endless Battle Clause: Forcing endless battles is banned
|rule|Species Clause: Limit one of each Pokémon
|rule|OHKO Clause: OHKO moves are banned
|rule|Evasion Items Clause: Evasion items are banned
|rule|Evasion Moves Clause: Evasion moves are banned
|rule|Evasion Abilities Clause: Evasion abilities are banned
|rule|Sleep Moves Clause: Sleep-inducing moves are banned
|clearpoke
|poke|p1|Araquanid, F|
|poke|p1|Cinderace, M|
|poke|p1|Serperior, M|
|poke|p1|Comfey, F|
|poke|p1|Dragapult, M|
|poke|p1|Bisharp, M|
|poke|p2|Tyranitar, F|
|poke|p2|Excadrill, M|
|poke|p2|Great Tusk|
|poke|p2|Lycanroc, M|
|poke|p2|Gliscor, M|
|poke|p2|Gholdengo|
|teampreview
|
|t:|1779908439
|teamsize|p1|6
|teamsize|p2|6
|start
|switch|p1a: Araquanid|Araquanid, F|100/100
|switch|p2a: Big daddy|Tyranitar, F, shiny|100/100
|-weather|Sandstorm|[from] ability: Sand Stream|[of] p2a: Big daddy
|turn|1
|inactive|Battle timer is ON: inactive players will automatically lose when time's up. (requested by Bencarote)
|inactive|wassou21 has 120 seconds left.
|
|t:|1779908480
|move|p2a: Big daddy|Stealth Rock|p1a: Araquanid
|-sidestart|p1: wassou21|move: Stealth Rock
|move|p1a: Araquanid|Sticky Web|p2a: Big daddy
|-sidestart|p2: Bencarote|move: Sticky Web
|
|-weather|Sandstorm|[upkeep]
|-damage|p1a: Araquanid|94/100|[from] Sandstorm
|upkeep
|turn|2
|
|t:|1779908494
|move|p2a: Big daddy|Stone Edge|p1a: Araquanid|[miss]
|-miss|p2a: Big daddy|p1a: Araquanid
|move|p1a: Araquanid|Endeavor|p2a: Big daddy
|-damage|p2a: Big daddy|79/100
|
|-weather|Sandstorm|[upkeep]
|-damage|p1a: Araquanid|88/100|[from] Sandstorm
|upkeep
|turn|3
|inactive|wassou21 has 120 seconds left.
|
|t:|1779908531
|move|p2a: Big daddy|Stone Edge|p1a: Araquanid
|-supereffective|p1a: Araquanid
|-damage|p1a: Araquanid|3/100
|move|p1a: Araquanid|Surf|p2a: Big daddy
|-supereffective|p2a: Big daddy
|-damage|p2a: Big daddy|27/100
|
|-weather|Sandstorm|[upkeep]
|-damage|p1a: Araquanid|0 fnt|[from] Sandstorm
|faint|p1a: Araquanid
|upkeep
|
|t:|1779908542
|switch|p1a: Comfey|Comfey, F|100/100
|-damage|p1a: Comfey|88/100|[from] Stealth Rock
|turn|4
|
|t:|1779908550
|move|p1a: Comfey|Draining Kiss|p2a: Big daddy
|-supereffective|p2a: Big daddy
|-damage|p2a: Big daddy|6/100
|-heal|p1a: Comfey|100/100|[from] drain|[of] p2a: Big daddy
|move|p2a: Big daddy|Thunder Wave|p1a: Comfey
|-status|p1a: Comfey|par
|
|-weather|Sandstorm|[upkeep]
|-damage|p1a: Comfey|95/100 par|[from] Sandstorm
|-heal|p1a: Comfey|100/100 par|[from] item: Leftovers
|upkeep
|turn|5
|inactive|wassou21 has 120 seconds left.
|inactive|wassou21 has 90 seconds left.
|
|t:|1779908604
|move|p1a: Comfey|Draining Kiss|p2a: Big daddy
|-supereffective|p2a: Big daddy
|-damage|p2a: Big daddy|0 fnt
|faint|p2a: Big daddy
|
|-weather|Sandstorm|[upkeep]
|-damage|p1a: Comfey|95/100 par|[from] Sandstorm
|-heal|p1a: Comfey|100/100 par|[from] item: Leftovers
|upkeep
|
|t:|1779908616
|switch|p2a: Lowtier speedster|Excadrill, M|100/100
|-activate|p2a: Lowtier speedster|move: Sticky Web
|-unboost|p2a: Lowtier speedster|spe|1
|turn|6
|inactive|wassou21 has 90 seconds left.
|inactive|wassou21 has 60 seconds left.
|
|t:|1779908672
|switch|p1a: Dragapult|Dragapult, M|100/100
|-damage|p1a: Dragapult|88/100|[from] Stealth Rock
|move|p2a: Lowtier speedster|Earthquake|p1a: Dragapult
|-damage|p1a: Dragapult|10/100
|
|-weather|Sandstorm|[upkeep]
|-damage|p1a: Dragapult|4/100|[from] Sandstorm
|upkeep
|turn|7
|inactive|Bencarote has 120 seconds left.
|inactive|Bencarote has 90 seconds left.
|
|t:|1779908754
|move|p1a: Dragapult|Surf|p2a: Lowtier speedster
|-supereffective|p2a: Lowtier speedster
|-damage|p2a: Lowtier speedster|5/100
|-damage|p1a: Dragapult|0 fnt|[from] item: Life Orb
|faint|p1a: Dragapult
|move|p2a: Lowtier speedster|Rock Slide|p1: Dragapult|[notarget]
|-fail|p2a: Lowtier speedster
|
|-weather|Sandstorm|[upkeep]
|upkeep
|
|t:|1779908769
|switch|p1a: Comfey|Comfey, F|100/100 par
|-damage|p1a: Comfey|88/100 par|[from] Stealth Rock
|turn|8
|
|t:|1779908771
|move|p1a: Comfey|Draining Kiss|p2a: Lowtier speedster
|-resisted|p2a: Lowtier speedster
|-damage|p2a: Lowtier speedster|0 fnt
|-heal|p1a: Comfey|93/100 par|[from] drain|[of] p2a: Lowtier speedster
|faint|p2a: Lowtier speedster
|
|-weather|none
|-heal|p1a: Comfey|99/100 par|[from] item: Leftovers
|upkeep
|
|t:|1779908778
|switch|p2a: La casa|Great Tusk|100/100
|-activate|p2a: La casa|move: Sticky Web
|-unboost|p2a: La casa|spe|1
|turn|9
|
|t:|1779908783
|-terastallize|p2a: La casa|Ice
|move|p1a: Comfey|Draining Kiss|p2a: La casa
|-damage|p2a: La casa|68/100
|-heal|p1a: Comfey|100/100 par|[from] drain|[of] p2a: La casa
|-damage|p1a: Comfey|84/100 par|[from] item: Rocky Helmet|[of] p2a: La casa
|move|p2a: La casa|Rapid Spin|p1a: Comfey
|-damage|p1a: Comfey|62/100 par
|-boost|p2a: La casa|spe|1
|-sideend|p2: Bencarote|Sticky Web|[from] move: Rapid Spin|[of] p2a: La casa
|
|-heal|p1a: Comfey|68/100 par|[from] item: Leftovers
|upkeep
|turn|10
|
|t:|1779908791
|move|p2a: La casa|Earthquake|p1a: Comfey
|-damage|p1a: Comfey|4/100 par
|move|p1a: Comfey|Leech Seed|p2a: La casa
|-start|p2a: La casa|move: Leech Seed
|
|-heal|p1a: Comfey|10/100 par|[from] item: Leftovers
|-damage|p2a: La casa|55/100|[from] Leech Seed|[of] p1a: Comfey
|-heal|p1a: Comfey|25/100 par|[silent]
|upkeep
|turn|11
|
|t:|1779908798
|cant|p1a: Comfey|par
|move|p2a: La casa|Earthquake|p1a: Comfey
|-damage|p1a: Comfey|0 fnt
|faint|p1a: Comfey
|
|upkeep
|
|t:|1779908802
|switch|p1a: Cinderace|Cinderace, M|100/100
|turn|12
|
|t:|1779908807
|move|p1a: Cinderace|Will-O-Wisp|p2a: La casa
|-status|p2a: La casa|brn
|move|p2a: La casa|Rapid Spin|p1a: Cinderace
|-damage|p1a: Cinderace|89/100
|-boost|p2a: La casa|spe|1
|-end|p2a: La casa|Leech Seed|[from] move: Rapid Spin|[of] p2a: La casa
|
|-damage|p2a: La casa|49/100 brn|[from] brn
|upkeep
|turn|13
|
|t:|1779908811
|move|p2a: La casa|Earthquake|p1a: Cinderace
|-supereffective|p1a: Cinderace
|-damage|p1a: Cinderace|17/100
|move|p1a: Cinderace|Pyro Ball|p2a: La casa
|-supereffective|p2a: La casa
|-damage|p2a: La casa|0 fnt
|faint|p2a: La casa
|-end|p2a: La casa|Protosynthesis|[silent]
|
|upkeep
|
|t:|1779908818
|switch|p2a: I suck lol|Lycanroc, M|100/100
|turn|14
|
|t:|1779908824
|switch|p1a: Serperior|Serperior, M|100/100
|-damage|p1a: Serperior|88/100|[from] Stealth Rock
|move|p2a: I suck lol|Accelerock|p1a: Serperior
|-damage|p1a: Serperior|60/100
|
|-heal|p1a: Serperior|66/100|[from] item: Leftovers
|upkeep
|turn|15
|
|t:|1779908831
|switch|p2a: Gen 9|Gholdengo|100/100
|-terastallize|p1a: Serperior|Grass
|move|p1a: Serperior|Leaf Storm|p2a: Gen 9
|-resisted|p2a: Gen 9
|-damage|p2a: Gen 9|66/100
|-boost|p1a: Serperior|spa|2
|
|-heal|p1a: Serperior|73/100|[from] item: Leftovers
|upkeep
|turn|16
|
|t:|1779908839
|move|p2a: Gen 9|Make It Rain|p1a: Serperior
|-damage|p1a: Serperior|0 fnt
|-unboost|p2a: Gen 9|spa|1
|faint|p1a: Serperior
|
|upkeep
|
|t:|1779908843
|switch|p1a: Cinderace|Cinderace, M|17/100
|turn|17
|
|t:|1779908846
|move|p2a: Gen 9|Make It Rain|p1a: Cinderace
|-resisted|p1a: Cinderace
|-damage|p1a: Cinderace|0 fnt
|-unboost|p2a: Gen 9|spa|1
|faint|p1a: Cinderace
|
|upkeep
|
|t:|1779908850
|switch|p1a: Bisharp|Bisharp, M|100/100
|-damage|p1a: Bisharp|94/100|[from] Stealth Rock
|turn|18
|
|t:|1779908856
|switch|p2a: Coucou|Gliscor, M|100/100
|move|p1a: Bisharp|Throat Chop|p2a: Coucou
|-damage|p2a: Coucou|70/100
|-start|p2a: Coucou|Throat Chop|[silent]
|
|-status|p2a: Coucou|tox|[from] item: Toxic Orb
|upkeep
|turn|19
|
|t:|1779908862
|move|p2a: Coucou|Earthquake|p1a: Bisharp
|-supereffective|p1a: Bisharp
|-damage|p1a: Bisharp|45/100
|move|p1a: Bisharp|Swords Dance|p1a: Bisharp
|-boost|p1a: Bisharp|atk|2
|
|-heal|p2a: Coucou|82/100 tox|[from] ability: Poison Heal
|-end|p2a: Coucou|Throat Chop|[silent]
|upkeep
|turn|20
|
|t:|1779908868
|move|p1a: Bisharp|Sucker Punch|p2a: Coucou
|-damage|p2a: Coucou|36/100 tox
|move|p2a: Coucou|Earthquake|p1a: Bisharp
|-supereffective|p1a: Bisharp
|-damage|p1a: Bisharp|0 fnt
|faint|p1a: Bisharp
|
|win|Bencarote
|raw|wassou21's rating: 1373 &rarr; <strong>1353</strong><br />(-20 for losing)
|raw|Bencarote's rating: 1367 &rarr; <strong>1387</strong><br />(+20 for winning)
|l|☆wassou21
|player|p1|
|l|☆Bencarote
|player|p2|
