|j|☆zluis
|j|☆oreki350
|t:|1779850647
|gametype|singles
|player|p1|zluis|102|1226
|player|p2|oreki350|169|1192
|gen|9
|tier|[Gen 9] OU
|rated|
|rule|HP Percentage Mod: HP is shown in percentages
|rule|Endless Battle Clause: Forcing endless battles is banned
|rule|Species Clause: Limit one of each Pokémon
|rule|OHKO Clause: OHKO moves are banned
|rule|Evasion Items Clause: Evasion items are banned
|rule|Evasion Moves Clause: Evasion moves are banned
|rule|Evasion Abilities Clause: Evasion abilities are banned
|rule|Sleep Moves Clause: Sleep-inducing moves are banned
|clearpoke
|poke|p1|Slowking-Galar, F|
|poke|p1|Grimmsnarl, M|
|poke|p1|Corviknight, F|
|poke|p1|Dragapult, M|
|poke|p1|Ceruledge, M|
|poke|p1|Great Tusk|
|poke|p2|Basculin-White-Striped, F|
|poke|p2|Minior|
|poke|p2|Hippowdon, F|
|poke|p2|Ambipom, M|
|poke|p2|Greninja-*, M|
|poke|p2|Bisharp, F|
|teampreview
|inactive|Battle timer is ON: inactive players will automatically lose when time's up. (requested by zluis)
|
|t:|1779850666
|teamsize|p1|6
|teamsize|p2|6
|start
|switch|p1a: Corviknight|Corviknight, F|100/100
|switch|p2a: Basculin|Basculin-White-Striped, F|100/100
|turn|1
|
|t:|1779850675
|move|p2a: Basculin|Flip Turn|p1a: Corviknight
|-damage|p1a: Corviknight|80/100
|-damage|p2a: Basculin|84/100|[from] item: Rocky Helmet|[of] p1a: Corviknight
|
|t:|1779850693
|switch|p2a: Greninja|Greninja, M|100/100|[from] Flip Turn
|move|p1a: Corviknight|Bulk Up|p1a: Corviknight
|-boost|p1a: Corviknight|atk|1
|-boost|p1a: Corviknight|def|1
|
|upkeep
|turn|2
|
|t:|1779850704
|switch|p1a: Slowking|Slowking-Galar, F|100/100
|move|p2a: Greninja|Surf|p1a: Slowking
|-damage|p1a: Slowking|65/100
|
|upkeep
|turn|3
|
|t:|1779850709
|switch|p1a: Grimmsnarl|Grimmsnarl, M|100/100
|move|p2a: Greninja|Surf|p1a: Grimmsnarl
|-damage|p1a: Grimmsnarl|52/100
|
|upkeep
|turn|4
|
|t:|1779850715
|move|p1a: Grimmsnarl|Light Screen|p1a: Grimmsnarl
|-sidestart|p1: zluis|move: Light Screen
|move|p2a: Greninja|Surf|p1a: Grimmsnarl
|-damage|p1a: Grimmsnarl|25/100
|
|upkeep
|turn|5
|
|t:|1779850721
|switch|p1a: Slowking|Slowking-Galar, F|98/100
|move|p2a: Greninja|Surf|p1a: Slowking
|-damage|p1a: Slowking|80/100
|
|upkeep
|turn|6
|
|t:|1779850730
|switch|p2a: Basculin|Basculin-White-Striped, F|84/100
|move|p1a: Slowking|Thunder Wave|p2a: Basculin
|-status|p2a: Basculin|par
|
|upkeep
|turn|7
|
|t:|1779850739
|switch|p1a: Corviknight|Corviknight, F|80/100
|-terastallize|p2a: Basculin|Dark
|move|p2a: Basculin|Crunch|p1a: Corviknight
|-damage|p1a: Corviknight|55/100
|-damage|p2a: Basculin|68/100 par|[from] item: Rocky Helmet|[of] p1a: Corviknight
|
|upkeep
|turn|8
|
|t:|1779850748
|move|p2a: Basculin|Crunch|p1a: Corviknight
|-crit|p1a: Corviknight
|-damage|p1a: Corviknight|12/100
|-damage|p2a: Basculin|51/100 par|[from] item: Rocky Helmet|[of] p1a: Corviknight
|move|p1a: Corviknight|Roost|p1a: Corviknight
|-heal|p1a: Corviknight|62/100
|-singleturn|p1a: Corviknight|move: Roost
|
|upkeep
|turn|9
|
|t:|1779850760
|switch|p2a: Greninja|Greninja, M|100/100
|move|p1a: Corviknight|Roost|p1a: Corviknight
|-heal|p1a: Corviknight|100/100
|-singleturn|p1a: Corviknight|move: Roost
|
|upkeep
|turn|10
|
|t:|1779850767
|switch|p1a: Slowking|Slowking-Galar, F|100/100
|move|p2a: Greninja|Surf|p1a: Slowking
|-damage|p1a: Slowking|82/100
|
|upkeep
|turn|11
|
|t:|1779850773
|move|p2a: Greninja|Surf|p1a: Slowking
|-damage|p1a: Slowking|64/100
|move|p1a: Slowking|Sludge Bomb|p2a: Greninja
|-damage|p2a: Greninja|52/100
|
|-sideend|p1: zluis|move: Light Screen
|upkeep
|turn|12
|
|t:|1779850780
|move|p2a: Greninja|Surf|p1a: Slowking
|-damage|p1a: Slowking|23/100
|move|p1a: Slowking|Thunder Wave|p2a: Greninja
|-status|p2a: Greninja|par
|
|upkeep
|turn|13
|
|t:|1779850787
|switch|p1a: Dragapult|Dragapult, M|100/100
|cant|p2a: Greninja|par
|
|upkeep
|turn|14
|
|t:|1779850805
|-terastallize|p1a: Dragapult|Dragon
|move|p1a: Dragapult|Draco Meteor|p2a: Greninja
|-damage|p2a: Greninja|0 fnt
|-unboost|p1a: Dragapult|spa|2
|faint|p2a: Greninja
|
|upkeep
|
|t:|1779850811
|switch|p2a: Minior|Minior, shiny|100/100
|-formechange|p2a: Minior|Minior-Meteor||[from] ability: Shields Down
|turn|15
|
|t:|1779850818
|switch|p1a: Grimmsnarl|Grimmsnarl, M|25/100
|move|p2a: Minior|Shell Smash|p2a: Minior
|-unboost|p2a: Minior|def|1
|-unboost|p2a: Minior|spd|1
|-boost|p2a: Minior|atk|2
|-boost|p2a: Minior|spa|2
|-boost|p2a: Minior|spe|2
|-enditem|p2a: Minior|White Herb
|-clearnegativeboost|p2a: Minior|[silent]
|
|upkeep
|turn|16
|inactive|oreki350 has 120 seconds left.
|l|☆oreki350
|inactive|oreki350 disconnected and has a minute to reconnect!
|player|p2|
|inactive|oreki350 has 30 seconds to reconnect!
|inactive|oreki350 has 20 seconds to reconnect!
|j|☆oreki350
|inactive|oreki350 reconnected and has 80 seconds left.
|player|p2|oreki350|169|
|
|t:|1779850893
|move|p1a: Grimmsnarl|Reflect|p1a: Grimmsnarl
|-sidestart|p1: zluis|Reflect
|move|p2a: Minior|Acrobatics|p1a: Grimmsnarl
|-crit|p1a: Grimmsnarl
|-damage|p1a: Grimmsnarl|0 fnt
|faint|p1a: Grimmsnarl
|
|upkeep
|
|t:|1779850902
|switch|p1a: Corviknight|Corviknight, F|100/100
|turn|17
|inactive|oreki350 has 60 seconds left.
|
|t:|1779850938
|move|p2a: Minior|Shell Smash|p2a: Minior
|-unboost|p2a: Minior|def|1
|-unboost|p2a: Minior|spd|1
|-boost|p2a: Minior|atk|2
|-boost|p2a: Minior|spa|2
|-boost|p2a: Minior|spe|2
|move|p1a: Corviknight|Bulk Up|p1a: Corviknight
|-boost|p1a: Corviknight|atk|1
|-boost|p1a: Corviknight|def|1
|
|upkeep
|turn|18
|
|t:|1779850947
|move|p2a: Minior|Stone Edge|p1a: Corviknight
|-damage|p1a: Corviknight|80/100
|move|p1a: Corviknight|Brave Bird|p2a: Minior
|-resisted|p2a: Minior
|-damage|p2a: Minior|37/100
|-damage|p1a: Corviknight|67/100|[from] Recoil
|
|-formechange|p2a: Minior|Minior||[from] ability: Shields Down
|upkeep
|turn|19
|
|t:|1779850957
|move|p2a: Minior|Stone Edge|p1a: Corviknight|[miss]
|-miss|p2a: Minior|p1a: Corviknight
|move|p1a: Corviknight|Brave Bird|p2a: Minior
|-resisted|p2a: Minior
|-damage|p2a: Minior|0 fnt
|faint|p2a: Minior
|-damage|p1a: Corviknight|59/100|[from] Recoil
|
|upkeep
|-message|oreki350 forfeited.
|
|win|zluis
|raw|zluis's rating: 1226 &rarr; <strong>1249</strong><br />(+23 for winning)
|raw|oreki350's rating: 1192 &rarr; <strong>1169</strong><br />(-23 for losing)
|l|☆oreki350
|player|p2|
|l|☆zluis
|player|p1|
