|j|☆okavi
|j|☆ubululu
|t:|1779848449
|gametype|singles
|player|p1|okavi|doubleteam|1130
|player|p2|ubululu|102|1183
|gen|9
|tier|[Gen 9] OU
|rated|
|rule|HP Percentage Mod: HP is shown in percentages
|rule|Endless Battle Clause: Forcing endless battles is banned
|rule|Species Clause: Limit one of each Pokémon
|rule|OHKO Clause: OHKO moves are banned
|rule|Evasion Items Clause: Evasion items are banned
|rule|Evasion Moves Clause: Evasion moves are banned
|rule|Evasion Abilities Clause: Evasion abilities are banned
|rule|Sleep Moves Clause: Sleep-inducing moves are banned
|clearpoke
|poke|p1|Mandibuzz, F|
|poke|p1|Goodra-Hisui, F|
|poke|p1|Registeel|
|poke|p1|Jumpluff, M|
|poke|p1|Vaporeon, F|
|poke|p1|Mudsdale, M|
|poke|p2|Great Tusk|
|poke|p2|Kingambit, M|
|poke|p2|Gholdengo|
|poke|p2|Raging Bolt|
|poke|p2|Ogerpon-Wellspring, F|
|poke|p2|Landorus-Therian, M|
|teampreview
|inactive|Battle timer is ON: inactive players will automatically lose when time's up. (requested by ubululu)
|
|t:|1779848458
|teamsize|p1|6
|teamsize|p2|6
|start
|switch|p1a: Mandibuzz|Mandibuzz, F|100/100
|switch|p2a: Landorus|Landorus-Therian, M, shiny|100/100
|-ability|p2a: Landorus|Intimidate|boost
|-unboost|p1a: Mandibuzz|atk|1
|turn|1
|
|t:|1779848465
|move|p2a: Landorus|Taunt|p1a: Mandibuzz
|-start|p1a: Mandibuzz|move: Taunt
|cant|p1a: Mandibuzz|move: Taunt|Toxic
|
|upkeep
|turn|2
|
|t:|1779848471
|switch|p1a: Vaporeon|Vaporeon, F|100/100
|move|p2a: Landorus|Stealth Rock|p1a: Vaporeon
|-sidestart|p1: okavi|move: Stealth Rock
|
|upkeep
|turn|3
|
|t:|1779848484
|move|p2a: Landorus|Earthquake|p1a: Vaporeon
|-damage|p1a: Vaporeon|55/100
|move|p1a: Vaporeon|Ice Beam|p2a: Landorus
|-supereffective|p2a: Landorus
|-damage|p2a: Landorus|8/100
|
|-heal|p1a: Vaporeon|61/100|[from] item: Leftovers
|upkeep
|turn|4
|
|t:|1779848498
|switch|p2a: Gholdengo|Gholdengo|100/100
|-item|p2a: Gholdengo|Air Balloon
|move|p1a: Vaporeon|Flip Turn|p2a: Gholdengo
|-damage|p2a: Gholdengo|85/100
|-enditem|p2a: Gholdengo|Air Balloon
|
|t:|1779848505
|switch|p1a: Goodra|Goodra-Hisui, F|100/100|[from] Flip Turn
|-damage|p1a: Goodra|94/100|[from] Stealth Rock
|
|upkeep
|turn|5
|
|t:|1779848519
|move|p2a: Gholdengo|Nasty Plot|p2a: Gholdengo
|-boost|p2a: Gholdengo|spa|2
|move|p1a: Goodra|Fire Blast|p2a: Gholdengo
|-supereffective|p2a: Gholdengo
|-damage|p2a: Gholdengo|0 fnt
|faint|p2a: Gholdengo
|
|upkeep
|inactive|ubululu has 120 seconds left.
|
|t:|1779848554
|switch|p2a: Kingambit|Kingambit, M|100/100
|-activate|p2a: Kingambit|ability: Supreme Overlord
|-start|p2a: Kingambit|fallen1|[silent]
|turn|6
|inactive|ubululu has 120 seconds left.
|
|t:|1779848570
|switch|p1a: Mandibuzz|Mandibuzz, F|100/100
|-terastallize|p2a: Kingambit|Flying
|move|p2a: Kingambit|Swords Dance|p2a: Kingambit
|-boost|p2a: Kingambit|atk|2
|
|upkeep
|turn|7
|inactive|ubululu has 120 seconds left.
|
|t:|1779848580
|move|p1a: Mandibuzz|Foul Play|p2a: Kingambit
|-damage|p2a: Kingambit|19/100
|move|p2a: Kingambit|Iron Head|p1a: Mandibuzz
|-damage|p1a: Mandibuzz|38/100
|
|upkeep
|turn|8
|inactive|ubululu has 120 seconds left.
|
|t:|1779848589
|-end|p2a: Kingambit|fallen1|[silent]
|switch|p2a: Great Tusk|Great Tusk|100/100
|move|p1a: Mandibuzz|Roost|p1a: Mandibuzz
|-heal|p1a: Mandibuzz|88/100
|-singleturn|p1a: Mandibuzz|move: Roost
|
|upkeep
|turn|9
|inactive|ubululu has 120 seconds left.
|
|t:|1779848601
|move|p2a: Great Tusk|Ice Spinner|p1a: Mandibuzz
|-supereffective|p1a: Mandibuzz
|-damage|p1a: Mandibuzz|56/100
|move|p1a: Mandibuzz|Toxic|p2a: Great Tusk
|-status|p2a: Great Tusk|tox
|
|-damage|p2a: Great Tusk|94/100 tox|[from] psn
|upkeep
|turn|10
|-message|ubululu forfeited.
|
|win|okavi
|raw|okavi's rating: 1130 &rarr; <strong>1159</strong><br />(+29 for winning)
|raw|ubululu's rating: 1183 &rarr; <strong>1154</strong><br />(-29 for losing)
|l|☆ubululu
|player|p2|
