|j|☆billythekid95
|j|☆gardevoirandvapo
|t:|1779961575
|gametype|singles
|player|p1|billythekid95|265|1441
|player|p2|gardevoirandvapo|265|1412
|gen|9
|tier|[Gen 9] OU
|rated|
|rule|HP Percentage Mod: HP is shown in percentages
|rule|Endless Battle Clause: Forcing endless battles is banned
|rule|Species Clause: Limit one of each Pokémon
|rule|OHKO Clause: OHKO moves are banned
|rule|Evasion Items Clause: Evasion items are banned
|rule|Evasion Moves Clause: Evasion moves are banned
|rule|Evasion Abilities Clause: Evasion abilities are banned
|rule|Sleep Moves Clause: Sleep-inducing moves are banned
|clearpoke
|poke|p1|Quaquaval, M|
|poke|p1|Ninetales-Alola, F|
|poke|p1|Iron Treads|
|poke|p1|Latias, F|
|poke|p1|Ogerpon, F|
|poke|p1|Gholdengo|
|poke|p2|Tinkaton, F|
|poke|p2|Smeargle, M|
|poke|p2|Mismagius, M|
|poke|p2|Fezandipiti, M|
|poke|p2|Sandaconda, M|
|poke|p2|Darkrai|
|teampreview
|inactive|Battle timer is ON: inactive players will automatically lose when time's up. (requested by gardevoirandvapo)
|
|t:|1779961592
|teamsize|p1|6
|teamsize|p2|6
|start
|switch|p1a: Ogerpon|Ogerpon, F|100/100
|switch|p2a: Aldof|Smeargle, M|100/100
|turn|1
|inactive|billythekid95 has 120 seconds left.
|inactive|gardevoirandvapo has 120 seconds left.
|
|t:|1779961628
|move|p1a: Ogerpon|Taunt|p2a: Aldof
|-start|p2a: Aldof|move: Taunt
|-enditem|p2a: Aldof|Mental Herb
|-end|p2a: Aldof|move: Taunt
|move|p2a: Aldof|Toxic Spikes|p1a: Ogerpon
|-sidestart|p1: billythekid95|move: Toxic Spikes
|
|upkeep
|turn|2
|inactive|billythekid95 has 120 seconds left.
|inactive|gardevoirandvapo has 120 seconds left.
|
|t:|1779961643
|move|p2a: Aldof|Burning Bulwark|p2a: Aldof
|-singleturn|p2a: Aldof|move: Protect
|move|p1a: Ogerpon|Swords Dance|p1a: Ogerpon
|-boost|p1a: Ogerpon|atk|2
|
|upkeep
|turn|3
|inactive|billythekid95 has 120 seconds left.
|inactive|gardevoirandvapo has 120 seconds left.
|
|t:|1779961654
|move|p1a: Ogerpon|Knock Off|p2a: Aldof
|-damage|p2a: Aldof|0 fnt
|faint|p2a: Aldof
|
|upkeep
|inactive|gardevoirandvapo has 120 seconds left.
|
|t:|1779961664
|switch|p2a: Tinkywinkypinky|Tinkaton, F|100/100
|-ability|p2a: Tinkywinkypinky|Mold Breaker
|turn|4
|inactive|billythekid95 has 120 seconds left.
|
|t:|1779961681
|move|p1a: Ogerpon|Taunt|p2a: Tinkywinkypinky
|-start|p2a: Tinkywinkypinky|move: Taunt
|cant|p2a: Tinkywinkypinky|move: Taunt|Thunder Wave
|
|upkeep
|turn|5
|
|t:|1779961691
|move|p1a: Ogerpon|Knock Off|p2a: Tinkywinkypinky
|-resisted|p2a: Tinkywinkypinky
|-damage|p2a: Tinkywinkypinky|73/100
|-enditem|p2a: Tinkywinkypinky|Leftovers|[from] move: Knock Off|[of] p1a: Ogerpon
|move|p2a: Tinkywinkypinky|Knock Off|p1a: Ogerpon
|-damage|p1a: Ogerpon|77/100
|-enditem|p1a: Ogerpon|Heavy-Duty Boots|[from] move: Knock Off|[of] p2a: Tinkywinkypinky
|
|upkeep
|turn|6
|
|t:|1779961700
|move|p1a: Ogerpon|Ivy Cudgel|p2a: Tinkywinkypinky
|-resisted|p2a: Tinkywinkypinky
|-damage|p2a: Tinkywinkypinky|24/100
|move|p2a: Tinkywinkypinky|Gigaton Hammer|p1a: Ogerpon
|-damage|p1a: Ogerpon|17/100
|
|-end|p2a: Tinkywinkypinky|move: Taunt
|upkeep
|turn|7
|
|t:|1779961725
|move|p1a: Ogerpon|Ivy Cudgel|p2a: Tinkywinkypinky
|-resisted|p2a: Tinkywinkypinky
|-crit|p2a: Tinkywinkypinky
|-damage|p2a: Tinkywinkypinky|0 fnt
|faint|p2a: Tinkywinkypinky
|
|upkeep
|
|t:|1779961730
|switch|p2a: Sandman|Darkrai|100/100
|turn|8
|
|t:|1779961737
|-terastallize|p1a: Ogerpon|Grass
|detailschange|p1a: Ogerpon|Ogerpon-Teal-Tera, F, tera:Grass
|-ability|p1a: Ogerpon|Embody Aspect (Teal)|boost
|-boost|p1a: Ogerpon|spe|1
|move|p1a: Ogerpon|Ivy Cudgel|p2a: Sandman
|-damage|p2a: Sandman|0 fnt
|faint|p2a: Sandman
|
|upkeep
|inactive|gardevoirandvapo has 120 seconds left.
|
|t:|1779961752
|switch|p2a: Venoex|Fezandipiti, M|100/100
|turn|9
|
|t:|1779961759
|move|p1a: Ogerpon|Knock Off|p2a: Venoex
|-resisted|p2a: Venoex
|-damage|p2a: Venoex|68/100
|-enditem|p2a: Venoex|Sitrus Berry|[from] move: Knock Off|[of] p1a: Ogerpon
|move|p2a: Venoex|Venoshock|p1a: Ogerpon
|-supereffective|p1a: Ogerpon
|-damage|p1a: Ogerpon|0 fnt
|faint|p1a: Ogerpon
|detailschange|p1: Ogerpon|Ogerpon, F|[silent]
|
|upkeep
|
|t:|1779961768
|switch|p1a: Iron Treads|Iron Treads|100/100
|-enditem|p1a: Iron Treads|Booster Energy
|-activate|p1a: Iron Treads|ability: Quark Drive|[fromitem]
|-start|p1a: Iron Treads|quarkdrivespe
|turn|10
|inactive|gardevoirandvapo has 120 seconds left.
|
|t:|1779961807
|switch|p2a: Starey|Sandaconda, M|100/100
|move|p1a: Iron Treads|Earthquake|p2a: Starey
|-damage|p2a: Starey|66/100
|
|-heal|p2a: Starey|72/100|[from] item: Leftovers
|upkeep
|turn|11
|
|t:|1779961826
|move|p1a: Iron Treads|Rapid Spin|p2a: Starey
|-damage|p2a: Starey|59/100
|-boost|p1a: Iron Treads|spe|1
|-sideend|p1: billythekid95|Toxic Spikes|[from] move: Rapid Spin|[of] p1a: Iron Treads
|move|p2a: Starey|Glare|p1a: Iron Treads
|-status|p1a: Iron Treads|par
|
|-heal|p2a: Starey|65/100|[from] item: Leftovers
|upkeep
|turn|12
|inactive|gardevoirandvapo has 120 seconds left.
|
|t:|1779961834
|move|p1a: Iron Treads|Stealth Rock|p2a: Starey
|-sidestart|p2: gardevoirandvapo|move: Stealth Rock
|move|p2a: Starey|Coil|p2a: Starey
|-boost|p2a: Starey|atk|1
|-boost|p2a: Starey|def|1
|-boost|p2a: Starey|accuracy|1
|
|-heal|p2a: Starey|71/100|[from] item: Leftovers
|upkeep
|turn|13
|
|t:|1779961841
|-end|p1a: Iron Treads|Quark Drive|[silent]
|switch|p1a: Ninetales|Ninetales-Alola, F|100/100
|-weather|Snowscape|[from] ability: Snow Warning|[of] p1a: Ninetales
|move|p2a: Starey|Coil|p2a: Starey
|-boost|p2a: Starey|atk|1
|-boost|p2a: Starey|def|1
|-boost|p2a: Starey|accuracy|1
|
|-weather|Snowscape|[upkeep]
|-heal|p2a: Starey|78/100|[from] item: Leftovers
|upkeep
|turn|14
|
|t:|1779961849
|-terastallize|p2a: Starey|Water
|move|p1a: Ninetales|Encore|p2a: Starey
|-start|p2a: Starey|Encore
|move|p2a: Starey|Coil|p2a: Starey
|-boost|p2a: Starey|atk|1
|-boost|p2a: Starey|def|1
|-boost|p2a: Starey|accuracy|1
|
|-weather|Snowscape|[upkeep]
|-heal|p2a: Starey|84/100|[from] item: Leftovers
|upkeep
|turn|15
|inactive|gardevoirandvapo has 120 seconds left.
|
|t:|1779961876
|switch|p2a: Venoex|Fezandipiti, M|68/100
|-damage|p2a: Venoex|55/100|[from] Stealth Rock
|move|p1a: Ninetales|Freeze-Dry|p2a: Venoex
|-damage|p2a: Venoex|40/100
|
|-weather|Snowscape|[upkeep]
|upkeep
|turn|16
|
|t:|1779961884
|switch|p1a: Gholdengo|Gholdengo|100/100
|move|p2a: Venoex|Venoshock|p1a: Gholdengo
|-immune|p1a: Gholdengo
|
|-weather|Snowscape|[upkeep]
|upkeep
|turn|17
|
|t:|1779961891
|move|p1a: Gholdengo|Make It Rain|p2a: Venoex
|-supereffective|p2a: Venoex
|-damage|p2a: Venoex|0 fnt
|-unboost|p1a: Gholdengo|spa|1
|faint|p2a: Venoex
|
|-weather|none
|upkeep
|
|t:|1779961897
|switch|p2a: Starey|Sandaconda, M, tera:Water|84/100
|-damage|p2a: Starey|71/100|[from] Stealth Rock
|turn|18
|
|t:|1779961901
|switch|p1a: Ninetales|Ninetales-Alola, F|100/100
|-weather|Snowscape|[from] ability: Snow Warning|[of] p1a: Ninetales
|move|p2a: Starey|Earthquake|p1a: Ninetales
|-damage|p1a: Ninetales|69/100
|
|-weather|Snowscape|[upkeep]
|-heal|p2a: Starey|77/100|[from] item: Leftovers
|upkeep
|turn|19
|
|t:|1779961909
|move|p1a: Ninetales|Aurora Veil|p1a: Ninetales
|-sidestart|p1: billythekid95|move: Aurora Veil
|move|p2a: Starey|Stone Edge|p1a: Ninetales
|-supereffective|p1a: Ninetales
|-damage|p1a: Ninetales|50/100
|
|-weather|Snowscape|[upkeep]
|-heal|p2a: Starey|83/100|[from] item: Leftovers
|upkeep
|turn|20
|
|t:|1779961918
|switch|p2a: Mismagiusty|Mismagius, M, shiny|100/100
|-damage|p2a: Mismagiusty|88/100|[from] Stealth Rock
|move|p1a: Ninetales|Freeze-Dry|p2a: Mismagiusty
|-damage|p2a: Mismagiusty|62/100
|
|-weather|Snowscape|[upkeep]
|upkeep
|turn|21
|
|t:|1779961926
|move|p1a: Ninetales|Moonblast|p2a: Mismagiusty
|-damage|p2a: Mismagiusty|27/100
|move|p2a: Mismagiusty|Hex|p1a: Ninetales
|-damage|p1a: Ninetales|29/100
|
|-weather|Snowscape|[upkeep]
|upkeep
|turn|22
|
|t:|1779961934
|move|p1a: Ninetales|Moonblast|p2a: Mismagiusty
|-damage|p2a: Mismagiusty|0 fnt
|faint|p2a: Mismagiusty
|
|-weather|none
|upkeep
|-message|gardevoirandvapo forfeited.
|
|win|billythekid95
|raw|billythekid95's rating: 1441 &rarr; <strong>1459</strong><br />(+18 for winning)
|raw|gardevoirandvapo's rating: 1412 &rarr; <strong>1394</strong><br />(-18 for losing)
|l|☆billythekid95
|player|p1|
|c|☆gardevoirandvapo|Gg
