|j|☆HiNotBy
|j|☆Ferits
|t:|1779918434
|gametype|singles
|player|p1|HiNotBy|caitlin|
|player|p2|Ferits|2|
|gen|9
|tier|[Gen 9] OU
|rule|HP Percentage Mod: HP is shown in percentages
|rule|Endless Battle Clause: Forcing endless battles is banned
|rule|Species Clause: Limit one of each Pokémon
|rule|OHKO Clause: OHKO moves are banned
|rule|Evasion Items Clause: Evasion items are banned
|rule|Evasion Moves Clause: Evasion moves are banned
|rule|Evasion Abilities Clause: Evasion abilities are banned
|rule|Sleep Moves Clause: Sleep-inducing moves are banned
|clearpoke
|poke|p1|Glimmora, F|
|poke|p1|Gliscor, F|
|poke|p1|Zapdos|
|poke|p1|Gardevoir, M|
|poke|p1|Slither Wing|
|poke|p1|Iron Moth|
|poke|p2|Sylveon, F|
|poke|p2|Latios, M|
|poke|p2|Gardevoir, M|
|poke|p2|Slither Wing|
|poke|p2|Glimmora, F|
|poke|p2|Hatterene, F|
|teampreview
|c|☆HiNotBy|can you  read this chat?
|
|t:|1779918450
|teamsize|p1|6
|teamsize|p2|6
|start
|switch|p1a: What even is this|Glimmora, F|100/100
|switch|p2a: Hatsune Miku|Hatterene, F|100/100
|turn|1
|
|t:|1779918477
|move|p1a: What even is this|Stealth Rock|p2a: Hatsune Miku
|move|p2a: Hatsune Miku|Stealth Rock|p1a: What even is this|[from] ability: Magic Bounce
|-sidestart|p1: HiNotBy|move: Stealth Rock
|move|p2a: Hatsune Miku|Calm Mind|p2a: Hatsune Miku
|-boost|p2a: Hatsune Miku|spa|1
|-boost|p2a: Hatsune Miku|spd|1
|
|upkeep
|turn|2
|c|☆HiNotBy|lmao
|
|t:|1779918510
|move|p1a: What even is this|Power Gem|p2a: Hatsune Miku
|-damage|p2a: Hatsune Miku|77/100
|move|p2a: Hatsune Miku|Calm Mind|p2a: Hatsune Miku
|-boost|p2a: Hatsune Miku|spa|1
|-boost|p2a: Hatsune Miku|spd|1
|
|upkeep
|turn|3
|
|t:|1779918561
|move|p1a: What even is this|Power Gem|p2a: Hatsune Miku
|-damage|p2a: Hatsune Miku|58/100
|move|p2a: Hatsune Miku|Giga Drain|p1a: What even is this
|-crit|p1a: What even is this
|-damage|p1a: What even is this|0 fnt
|-heal|p2a: Hatsune Miku|100/100|[from] drain|[of] p1a: What even is this
|faint|p1a: What even is this
|
|upkeep
|c|☆HiNotBy|whoa
|
|t:|1779918576
|switch|p1a: Abs rad|Iron Moth|100/100
|-damage|p1a: Abs rad|75/100|[from] Stealth Rock
|-enditem|p1a: Abs rad|Booster Energy
|-activate|p1a: Abs rad|ability: Quark Drive|[fromitem]
|-start|p1a: Abs rad|quarkdrivespe
|turn|4
|-activate|p2a: Hatsune Miku|item: Quick Claw
|
|t:|1779918656
|move|p2a: Hatsune Miku|Dazzling Gleam|p1a: Abs rad
|-resisted|p1a: Abs rad
|-damage|p1a: Abs rad|52/100
|move|p1a: Abs rad|Flamethrower|p2a: Hatsune Miku
|-damage|p2a: Hatsune Miku|78/100
|
|upkeep
|turn|5
|n|☆HiNotBy|hinotby
|
|t:|1779918712
|move|p1a: Abs rad|Flamethrower|p2a: Hatsune Miku
|-damage|p2a: Hatsune Miku|53/100
|move|p2a: Hatsune Miku|Giga Drain|p1a: Abs rad
|-resisted|p1a: Abs rad
|-crit|p1a: Abs rad
|-damage|p1a: Abs rad|32/100
|-heal|p2a: Hatsune Miku|63/100|[from] drain|[of] p1a: Abs rad
|
|upkeep
|turn|6
|
|t:|1779918720
|move|p1a: Abs rad|Flamethrower|p2a: Hatsune Miku
|-damage|p2a: Hatsune Miku|40/100
|move|p2a: Hatsune Miku|Giga Drain|p1a: Abs rad
|-resisted|p1a: Abs rad
|-damage|p1a: Abs rad|18/100
|-heal|p2a: Hatsune Miku|48/100|[from] drain|[of] p1a: Abs rad
|
|upkeep
|turn|7
|
|t:|1779918728
|move|p1a: Abs rad|Flamethrower|p2a: Hatsune Miku
|-damage|p2a: Hatsune Miku|25/100
|move|p2a: Hatsune Miku|Giga Drain|p1a: Abs rad
|-resisted|p1a: Abs rad
|-damage|p1a: Abs rad|5/100
|-heal|p2a: Hatsune Miku|32/100|[from] drain|[of] p1a: Abs rad
|
|upkeep
|turn|8
|-activate|p2a: Hatsune Miku|item: Quick Claw
|
|t:|1779918737
|move|p2a: Hatsune Miku|Giga Drain|p1a: Abs rad
|-resisted|p1a: Abs rad
|-crit|p1a: Abs rad
|-damage|p1a: Abs rad|0 fnt
|-heal|p2a: Hatsune Miku|34/100|[from] drain|[of] p1a: Abs rad
|faint|p1a: Abs rad
|-end|p1a: Abs rad|Quark Drive|[silent]
|
|upkeep
|
|t:|1779918751
|switch|p1a: Femboy|Gardevoir, M, shiny|100/100
|-damage|p1a: Femboy|88/100|[from] Stealth Rock
|turn|9
|
|t:|1779918790
|move|p1a: Femboy|Mystical Fire|p2a: Hatsune Miku
|-damage|p2a: Hatsune Miku|20/100
|-unboost|p2a: Hatsune Miku|spa|1
|move|p2a: Hatsune Miku|Giga Drain|p1a: Femboy
|-damage|p1a: Femboy|48/100
|-heal|p2a: Hatsune Miku|38/100|[from] drain|[of] p1a: Femboy
|
|-damage|p1a: Femboy|35/100|[from] item: Black Sludge
|upkeep
|turn|10
|-activate|p2a: Hatsune Miku|item: Quick Claw
|
|t:|1779918801
|move|p2a: Hatsune Miku|Giga Drain|p1a: Femboy
|-damage|p1a: Femboy|0 fnt
|-heal|p2a: Hatsune Miku|53/100|[from] drain|[of] p1a: Femboy
|faint|p1a: Femboy
|
|upkeep
|
|t:|1779918811
|switch|p1a: HE'S SO FLUFFY|Slither Wing|100/100
|-damage|p1a: HE'S SO FLUFFY|88/100|[from] Stealth Rock
|-enditem|p1a: HE'S SO FLUFFY|Booster Energy
|-activate|p1a: HE'S SO FLUFFY|ability: Protosynthesis|[fromitem]
|-start|p1a: HE'S SO FLUFFY|protosynthesisatk
|turn|11
|
|t:|1779918823
|move|p1a: HE'S SO FLUFFY|First Impression|p2a: Hatsune Miku
|-damage|p2a: Hatsune Miku|0 fnt
|faint|p2a: Hatsune Miku
|
|upkeep
|
|t:|1779918855
|switch|p2a: Flying Blåhaj|Latios, M|100/100
|turn|12
|
|t:|1779918885
|-terastallize|p1a: HE'S SO FLUFFY|Steel
|move|p2a: Flying Blåhaj|Luster Purge|p1a: HE'S SO FLUFFY
|-resisted|p1a: HE'S SO FLUFFY
|-damage|p1a: HE'S SO FLUFFY|69/100
|move|p1a: HE'S SO FLUFFY|Bulk Up|p1a: HE'S SO FLUFFY
|-boost|p1a: HE'S SO FLUFFY|atk|1
|-boost|p1a: HE'S SO FLUFFY|def|1
|
|upkeep
|turn|13
|
|t:|1779918989
|move|p2a: Flying Blåhaj|Luster Purge|p1a: HE'S SO FLUFFY
|-resisted|p1a: HE'S SO FLUFFY
|-damage|p1a: HE'S SO FLUFFY|47/100
|move|p1a: HE'S SO FLUFFY|Bulk Up|p1a: HE'S SO FLUFFY
|-boost|p1a: HE'S SO FLUFFY|atk|1
|-boost|p1a: HE'S SO FLUFFY|def|1
|
|upkeep
|turn|14
|
|t:|1779919002
|move|p2a: Flying Blåhaj|Luster Purge|p1a: HE'S SO FLUFFY
|-resisted|p1a: HE'S SO FLUFFY
|-damage|p1a: HE'S SO FLUFFY|25/100
|move|p1a: HE'S SO FLUFFY|Close Combat|p2a: Flying Blåhaj
|-resisted|p2a: Flying Blåhaj
|-damage|p2a: Flying Blåhaj|0 fnt
|-unboost|p1a: HE'S SO FLUFFY|def|1
|-unboost|p1a: HE'S SO FLUFFY|spd|1
|faint|p2a: Flying Blåhaj
|
|upkeep
|
|t:|1779919013
|switch|p2a: Estrogen|Sylveon, F|100/100
|turn|15
|
|t:|1779919021
|move|p1a: HE'S SO FLUFFY|Close Combat|p2a: Estrogen
|-resisted|p2a: Estrogen
|-damage|p2a: Estrogen|0 fnt
|-unboost|p1a: HE'S SO FLUFFY|def|1
|-unboost|p1a: HE'S SO FLUFFY|spd|1
|faint|p2a: Estrogen
|
|upkeep
|
|t:|1779919053
|switch|p2a: Femboy|Gardevoir, M, shiny|100/100
|turn|16
|
|t:|1779919060
|move|p1a: HE'S SO FLUFFY|Earthquake|p2a: Femboy
|-damage|p2a: Femboy|0 fnt
|faint|p2a: Femboy
|
|upkeep
|
|t:|1779919072
|switch|p2a: Fluffy|Slither Wing|100/100
|-enditem|p2a: Fluffy|Booster Energy
|-activate|p2a: Fluffy|ability: Protosynthesis|[fromitem]
|-start|p2a: Fluffy|protosynthesisatk
|turn|17
|
|t:|1779919081
|move|p2a: Fluffy|First Impression|p1a: HE'S SO FLUFFY
|-resisted|p1a: HE'S SO FLUFFY
|-damage|p1a: HE'S SO FLUFFY|0 fnt
|faint|p1a: HE'S SO FLUFFY
|-end|p1a: HE'S SO FLUFFY|Protosynthesis|[silent]
|
|upkeep
|
|t:|1779919094
|switch|p1a: scorpion|Gliscor, F|100/100
|-damage|p1a: scorpion|88/100|[from] Stealth Rock
|turn|18
|
|t:|1779919159
|move|p2a: Fluffy|Close Combat|p1a: scorpion
|-resisted|p1a: scorpion
|-damage|p1a: scorpion|60/100
|-unboost|p2a: Fluffy|def|1
|-unboost|p2a: Fluffy|spd|1
|move|p1a: scorpion|Rain Dance|p1a: scorpion
|-weather|RainDance
|
|-weather|RainDance|[upkeep]
|upkeep
|turn|19
|
|t:|1779919203
|move|p2a: Fluffy|Close Combat|p1a: scorpion
|-resisted|p1a: scorpion
|-damage|p1a: scorpion|32/100
|-unboost|p2a: Fluffy|def|1
|-unboost|p2a: Fluffy|spd|1
|move|p1a: scorpion|U-turn|p2a: Fluffy
|-resisted|p2a: Fluffy
|-damage|p2a: Fluffy|78/100
|
|t:|1779919210
|switch|p1a: Zaptwo|Zapdos|100/100|[from] U-turn
|-damage|p1a: Zaptwo|76/100|[from] Stealth Rock
|
|-weather|RainDance|[upkeep]
|upkeep
|turn|20
|
|t:|1779919239
|-end|p2a: Fluffy|Protosynthesis|[silent]
|switch|p2a: Glimmora|Glimmora, F|100/100
|move|p1a: Zaptwo|Hurricane|p2a: Glimmora
|-resisted|p2a: Glimmora
|-damage|p2a: Glimmora|66/100
|
|-weather|RainDance|[upkeep]
|-heal|p2a: Glimmora|72/100|[from] item: Black Sludge
|upkeep
|turn|21
|-activate|p1a: Zaptwo|item: Quick Claw
|
|t:|1779919269
|move|p1a: Zaptwo|Thunder|p2a: Glimmora
|-damage|p2a: Glimmora|9/100
|move|p2a: Glimmora|Power Gem|p1a: Zaptwo
|-supereffective|p1a: Zaptwo
|-damage|p1a: Zaptwo|13/100
|
|-weather|RainDance|[upkeep]
|-heal|p2a: Glimmora|16/100|[from] item: Black Sludge
|upkeep
|turn|22
|
|t:|1779919328
|move|p1a: Zaptwo|Hurricane|p2a: Glimmora
|-resisted|p2a: Glimmora
|-damage|p2a: Glimmora|0 fnt
|faint|p2a: Glimmora
|
|-weather|RainDance|[upkeep]
|upkeep
|
|t:|1779919335
|switch|p2a: Fluffy|Slither Wing|78/100
|turn|23
|-activate|p1a: Zaptwo|item: Quick Claw
|
|t:|1779919351
|move|p2a: Fluffy|First Impression|p1a: Zaptwo
|-resisted|p1a: Zaptwo
|-crit|p1a: Zaptwo
|-damage|p1a: Zaptwo|0 fnt
|faint|p1a: Zaptwo
|
|-weather|RainDance|[upkeep]
|upkeep
|
|t:|1779919358
|switch|p1a: scorpion|Gliscor, F|32/100
|-damage|p1a: scorpion|19/100|[from] Stealth Rock
|turn|24
|
|t:|1779919367
|move|p2a: Fluffy|Close Combat|p1a: scorpion
|-resisted|p1a: scorpion
|-damage|p1a: scorpion|0 fnt
|-unboost|p2a: Fluffy|def|1
|-unboost|p2a: Fluffy|spd|1
|faint|p1a: scorpion
|
|win|Ferits
|c|☆HiNotBy|gg
|l|☆HiNotBy
|player|p1|
|l|☆Ferits
|player|p2|
|j|☆Ferits
|player|p2|Ferits|2|
