|j|☆ricemuncher222
|j|☆qaqa1q
|t:|1779941556
|gametype|singles
|player|p1|ricemuncher222|lucas|1058
|player|p2|qaqa1q|101|1063
|gen|9
|tier|[Gen 9] OU
|rated|
|rule|HP Percentage Mod: HP is shown in percentages
|rule|Endless Battle Clause: Forcing endless battles is banned
|rule|Species Clause: Limit one of each Pokémon
|rule|OHKO Clause: OHKO moves are banned
|rule|Evasion Items Clause: Evasion items are banned
|rule|Evasion Moves Clause: Evasion moves are banned
|rule|Evasion Abilities Clause: Evasion abilities are banned
|rule|Sleep Moves Clause: Sleep-inducing moves are banned
|clearpoke
|poke|p1|Serperior, M|
|poke|p1|Greninja-*, M|
|poke|p1|Gliscor, M|
|poke|p1|Glimmora, F|
|poke|p1|Ceruledge, M|
|poke|p1|Tinkaton, F|
|poke|p2|Garchomp, M|
|poke|p2|Dragapult, F|
|poke|p2|Ursaluna, M|
|poke|p2|Glimmora, M|
|poke|p2|Kingambit, F|
|poke|p2|Regieleki|
|teampreview
|inactive|Battle timer is ON: inactive players will automatically lose when time's up. (requested by qaqa1q)
|
|t:|1779941562
|teamsize|p1|6
|teamsize|p2|6
|start
|switch|p1a: Glimmora|Glimmora, F|100/100
|switch|p2a: Glimmora|Glimmora, M|100/100
|turn|1
|
|t:|1779941573
|move|p1a: Glimmora|Stealth Rock|p2a: Glimmora
|-sidestart|p2: qaqa1q|move: Stealth Rock
|move|p2a: Glimmora|Spikes|p1a: Glimmora
|-sidestart|p1: ricemuncher222|Spikes
|
|upkeep
|turn|2
|
|t:|1779941580
|move|p1a: Glimmora|Earth Power|p2a: Glimmora
|-supereffective|p2a: Glimmora
|-enditem|p2a: Glimmora|Focus Sash
|-damage|p2a: Glimmora|1/100
|move|p2a: Glimmora|Toxic Spikes|p1a: Glimmora
|-sidestart|p1: ricemuncher222|move: Toxic Spikes
|
|upkeep
|turn|3
|
|t:|1779941588
|move|p1a: Glimmora|Power Gem|p2a: Glimmora
|-damage|p2a: Glimmora|0 fnt
|faint|p2a: Glimmora
|
|upkeep
|
|t:|1779941596
|switch|p2a: Ursaluna|Ursaluna, M|100/100
|-damage|p2a: Ursaluna|94/100|[from] Stealth Rock
|turn|4
|
|t:|1779941606
|move|p1a: Glimmora|Mortal Spin|p2a: Ursaluna
|-resisted|p2a: Ursaluna
|-damage|p2a: Ursaluna|92/100
|-status|p2a: Ursaluna|psn
|-sideend|p1: ricemuncher222|Spikes|[from] move: Mortal Spin|[of] p1a: Glimmora
|-sideend|p1: ricemuncher222|Toxic Spikes|[from] move: Mortal Spin|[of] p1a: Glimmora
|move|p2a: Ursaluna|Close Combat|p1a: Glimmora
|-damage|p1a: Glimmora|12/100
|-unboost|p2a: Ursaluna|def|1
|-unboost|p2a: Ursaluna|spd|1
|-activate|p1a: Glimmora|ability: Toxic Debris
|-sidestart|p2: qaqa1q|move: Toxic Spikes
|-enditem|p1a: Glimmora|Red Card|[of] p2a: Ursaluna
|drag|p2a: Dragapult|Dragapult, F, shiny|100/100
|-damage|p2a: Dragapult|88/100|[from] Stealth Rock
|-status|p2a: Dragapult|psn
|
|-damage|p2a: Dragapult|76/100 psn|[from] psn
|upkeep
|turn|5
|
|t:|1779941635
|move|p2a: Dragapult|Hex|p1a: Glimmora
|-damage|p1a: Glimmora|0 fnt
|faint|p1a: Glimmora
|
|-damage|p2a: Dragapult|64/100 psn|[from] psn
|upkeep
|inactive|ricemuncher222 has 120 seconds left.
|
|t:|1779941651
|switch|p1a: Greninja|Greninja, M|100/100
|turn|6
|
|t:|1779941667
|move|p2a: Dragapult|Will-O-Wisp|p1a: Greninja
|-status|p1a: Greninja|brn
|move|p1a: Greninja|Dark Pulse|p2a: Dragapult
|-supereffective|p2a: Dragapult
|-damage|p2a: Dragapult|0 fnt
|faint|p2a: Dragapult
|-ability|p1a: Greninja|Battle Bond|boost
|-boost|p1a: Greninja|atk|1
|-boost|p1a: Greninja|spa|1
|-boost|p1a: Greninja|spe|1
|-activate|p1a: Greninja|ability: Battle Bond
|
|-damage|p1a: Greninja|95/100 brn|[from] brn
|upkeep
|inactive|qaqa1q has 120 seconds left.
|
|t:|1779941683
|switch|p2a: Ursaluna|Ursaluna, M|92/100 psn
|-damage|p2a: Ursaluna|86/100 psn|[from] Stealth Rock
|turn|7
|inactive|qaqa1q has 120 seconds left.
|
|t:|1779941693
|move|p1a: Greninja|Dark Pulse|p2a: Ursaluna
|-damage|p2a: Ursaluna|1/100 psn
|move|p2a: Ursaluna|Close Combat|p1a: Greninja
|-supereffective|p1a: Greninja
|-damage|p1a: Greninja|0 fnt
|-unboost|p2a: Ursaluna|def|1
|-unboost|p2a: Ursaluna|spd|1
|faint|p1a: Greninja
|
|-damage|p2a: Ursaluna|0 fnt|[from] psn
|faint|p2a: Ursaluna
|upkeep
|inactive|qaqa1q has 120 seconds left.
|
|t:|1779941708
|switch|p1a: Gliscor|Gliscor, M|100/100
|switch|p2a: Regieleki|Regieleki, shiny|100/100
|-damage|p2a: Regieleki|88/100|[from] Stealth Rock
|-status|p2a: Regieleki|psn
|turn|8
|inactive|qaqa1q has 120 seconds left.
|
|t:|1779941720
|switch|p2a: Garchomp|Garchomp, M|100/100
|-damage|p2a: Garchomp|94/100|[from] Stealth Rock
|-status|p2a: Garchomp|psn
|move|p1a: Gliscor|Earthquake|p2a: Garchomp
|-damage|p2a: Garchomp|61/100 psn
|
|-damage|p2a: Garchomp|49/100 psn|[from] psn
|-status|p1a: Gliscor|tox|[from] item: Toxic Orb
|upkeep
|turn|9
|inactive|qaqa1q has 120 seconds left.
|
|t:|1779941735
|-terastallize|p2a: Garchomp|Steel
|move|p1a: Gliscor|Dual Wingbeat|p2a: Garchomp
|-resisted|p2a: Garchomp
|-damage|p2a: Garchomp|43/100 psn
|-damage|p1a: Gliscor|88/100 tox|[from] ability: Rough Skin|[of] p2a: Garchomp
|-damage|p1a: Gliscor|72/100 tox|[from] item: Rocky Helmet|[of] p2a: Garchomp
|-resisted|p2a: Garchomp
|-damage|p2a: Garchomp|35/100 psn
|-damage|p1a: Gliscor|59/100 tox|[from] ability: Rough Skin|[of] p2a: Garchomp
|-damage|p1a: Gliscor|43/100 tox|[from] item: Rocky Helmet|[of] p2a: Garchomp
|-hitcount|p2a: Garchomp|2
|move|p2a: Garchomp|Thrash|p1a: Gliscor
|-damage|p1a: Gliscor|5/100 tox
|
|-heal|p1a: Gliscor|18/100 tox|[from] ability: Poison Heal
|-damage|p2a: Garchomp|23/100 psn|[from] psn
|upkeep
|turn|10
|
|t:|1779941754
|move|p1a: Gliscor|Earthquake|p2a: Garchomp
|-supereffective|p2a: Garchomp
|-damage|p2a: Garchomp|0 fnt
|faint|p2a: Garchomp
|
|-heal|p1a: Gliscor|30/100 tox|[from] ability: Poison Heal
|upkeep
|
|t:|1779941764
|switch|p2a: Fallen king|Kingambit, F|100/100
|-damage|p2a: Fallen king|94/100|[from] Stealth Rock
|-activate|p2a: Fallen king|ability: Supreme Overlord
|-start|p2a: Fallen king|fallen4|[silent]
|turn|11
|
|t:|1779941779
|move|p1a: Gliscor|Earthquake|p2a: Fallen king
|-supereffective|p2a: Fallen king
|-damage|p2a: Fallen king|25/100
|move|p2a: Fallen king|Kowtow Cleave|p1a: Gliscor
|-damage|p1a: Gliscor|0 fnt
|faint|p1a: Gliscor
|
|upkeep
|
|t:|1779941798
|switch|p1a: Ceruledge|Ceruledge, M|100/100
|turn|12
|
|t:|1779941802
|move|p1a: Ceruledge|Bitter Blade|p2a: Fallen king
|-supereffective|p2a: Fallen king
|-damage|p2a: Fallen king|0 fnt
|faint|p2a: Fallen king
|-end|p2a: Fallen king|fallen4|[silent]
|-damage|p1a: Ceruledge|91/100|[from] item: Life Orb
|
|upkeep
|
|t:|1779941809
|switch|p2a: Regieleki|Regieleki, shiny|88/100 psn
|-damage|p2a: Regieleki|76/100 psn|[from] Stealth Rock
|turn|13
|inactive|qaqa1q has 120 seconds left.
|
|t:|1779941817
|move|p2a: Regieleki|Zap Cannon|p1a: Ceruledge|[miss]
|-miss|p2a: Regieleki|p1a: Ceruledge
|move|p1a: Ceruledge|Swords Dance|p1a: Ceruledge
|-boost|p1a: Ceruledge|atk|2
|
|-damage|p2a: Regieleki|64/100 psn|[from] psn
|upkeep
|turn|14
|
|t:|1779941826
|move|p1a: Ceruledge|Shadow Sneak|p2a: Regieleki
|-damage|p2a: Regieleki|0 fnt
|faint|p2a: Regieleki
|-damage|p1a: Ceruledge|81/100|[from] item: Life Orb
|
|win|ricemuncher222
|raw|ricemuncher222's rating: 1058 &rarr; <strong>1090</strong><br />(+32 for winning)
|raw|qaqa1q's rating: 1063 &rarr; <strong>1043</strong><br />(-20 for losing)
|l|☆qaqa1q
|player|p2|
|l|☆ricemuncher222
|player|p1|
