|j|‽Bumulus
|j|☆blabab
|t:|1779845785
|gametype|singles
|player|p1|Bumulus|266|1541
|player|p2|blabab|miku-ground|1512
|gen|9
|tier|[Gen 9] OU
|rated|
|rule|HP Percentage Mod: HP is shown in percentages
|rule|Endless Battle Clause: Forcing endless battles is banned
|rule|Species Clause: Limit one of each Pokémon
|rule|OHKO Clause: OHKO moves are banned
|rule|Evasion Items Clause: Evasion items are banned
|rule|Evasion Moves Clause: Evasion moves are banned
|rule|Evasion Abilities Clause: Evasion abilities are banned
|rule|Sleep Moves Clause: Sleep-inducing moves are banned
|clearpoke
|poke|p1|Dragapult, F|
|poke|p1|Gliscor, F|
|poke|p1|Ogerpon-Wellspring, F|
|poke|p1|Iron Crown|
|poke|p1|Ting-Lu|
|poke|p1|Kingambit, F|
|poke|p2|Kingambit, M|
|poke|p2|Primarina, F|
|poke|p2|Araquanid, M|
|poke|p2|Blaziken, M|
|poke|p2|Thundurus-Therian, M|
|poke|p2|Iron Thorns|
|teampreview
|inactive|Battle timer is ON: inactive players will automatically lose when time's up. (requested by blabab)
|
|t:|1779845808
|teamsize|p1|6
|teamsize|p2|6
|start
|switch|p1a: Gliscor|Gliscor, F|100/100
|switch|p2a: Araquanid|Araquanid, M|100/100
|turn|1
|
|t:|1779845811
|move|p1a: Gliscor|Toxic Spikes|p2a: Araquanid
|-sidestart|p2: blabab|move: Toxic Spikes
|move|p2a: Araquanid|Sticky Web|p1a: Gliscor
|-sidestart|p1: Bumulus|move: Sticky Web
|
|-status|p1a: Gliscor|tox|[from] item: Toxic Orb
|upkeep
|turn|2
|
|t:|1779845815
|move|p1a: Gliscor|Protect|p1a: Gliscor
|-singleturn|p1a: Gliscor|Protect
|move|p2a: Araquanid|Surf|p1a: Gliscor
|-activate|p1a: Gliscor|move: Protect
|
|upkeep
|turn|3
|
|t:|1779845819
|switch|p1a: Ogerpon|Ogerpon-Wellspring, F|100/100
|-activate|p1a: Ogerpon|move: Sticky Web
|-unboost|p1a: Ogerpon|spe|1
|move|p2a: Araquanid|Bug Buzz|p1a: Ogerpon
|-supereffective|p1a: Ogerpon
|-damage|p1a: Ogerpon|33/100
|
|upkeep
|turn|4
|
|t:|1779845824
|move|p1a: Ogerpon|Knock Off|p2a: Araquanid
|-damage|p2a: Araquanid|60/100
|-enditem|p2a: Araquanid|Custap Berry|[from] move: Knock Off|[of] p1a: Ogerpon
|move|p2a: Araquanid|Bug Buzz|p1a: Ogerpon
|-supereffective|p1a: Ogerpon
|-damage|p1a: Ogerpon|0 fnt
|faint|p1a: Ogerpon
|
|upkeep
|
|t:|1779845833
|switch|p1a: Dragapult|Dragapult, F|100/100
|turn|5
|
|t:|1779845835
|move|p1a: Dragapult|Dragon Darts|p2a: Araquanid
|-damage|p2a: Araquanid|39/100
|-anim|p1a: Dragapult|Dragon Darts|p2a: Araquanid
|-damage|p2a: Araquanid|17/100
|move|p2a: Araquanid|Surf|p1a: Dragapult
|-resisted|p1a: Dragapult
|-damage|p1a: Dragapult|54/100
|
|upkeep
|turn|6
|
|t:|1779845840
|move|p1a: Dragapult|Dragon Darts|p2a: Araquanid
|-damage|p2a: Araquanid|0 fnt
|faint|p2a: Araquanid
|
|upkeep
|
|t:|1779845844
|switch|p2a: Primarina|Primarina, F|100/100
|-status|p2a: Primarina|psn
|turn|7
|
|t:|1779845859
|move|p1a: Dragapult|U-turn|p2a: Primarina
|-resisted|p2a: Primarina
|-damage|p2a: Primarina|90/100 psn
|
|t:|1779845862
|switch|p1a: Iron Crown|Iron Crown|100/100|[from] U-turn
|-activate|p1a: Iron Crown|move: Sticky Web
|-unboost|p1a: Iron Crown|spe|1
|-enditem|p1a: Iron Crown|Booster Energy
|-activate|p1a: Iron Crown|ability: Quark Drive|[fromitem]
|-start|p1a: Iron Crown|quarkdrivespa
|move|p2a: Primarina|Surf|p1a: Iron Crown
|-damage|p1a: Iron Crown|27/100
|
|-damage|p2a: Primarina|78/100 psn|[from] psn
|upkeep
|turn|8
|
|t:|1779845867
|move|p1a: Iron Crown|Tachyon Cutter|p2a: Primarina
|-damage|p2a: Primarina|54/100 psn
|-damage|p2a: Primarina|31/100 psn
|-hitcount|p2a: Primarina|2
|move|p2a: Primarina|Surf|p1a: Iron Crown
|-damage|p1a: Iron Crown|0 fnt
|faint|p1a: Iron Crown
|-end|p1a: Iron Crown|Quark Drive|[silent]
|
|-damage|p2a: Primarina|19/100 psn|[from] psn
|upkeep
|
|t:|1779845869
|switch|p1a: Dragapult|Dragapult, F|54/100
|turn|9
|
|t:|1779845871
|move|p1a: Dragapult|Hex|p2a: Primarina
|-damage|p2a: Primarina|0 fnt
|faint|p2a: Primarina
|
|upkeep
|
|t:|1779845877
|switch|p2a: Kingambit|Kingambit, M|100/100
|-activate|p2a: Kingambit|ability: Supreme Overlord
|-start|p2a: Kingambit|fallen2|[silent]
|turn|10
|
|t:|1779845883
|switch|p1a: Ting-Lu|Ting-Lu|100/100
|-activate|p1a: Ting-Lu|move: Sticky Web
|-unboost|p1a: Ting-Lu|spe|1
|-ability|p1a: Ting-Lu|Vessel of Ruin
|move|p2a: Kingambit|Kowtow Cleave|p1a: Ting-Lu
|-resisted|p1a: Ting-Lu
|-damage|p1a: Ting-Lu|83/100
|-damage|p2a: Kingambit|84/100|[from] item: Rocky Helmet|[of] p1a: Ting-Lu
|
|-heal|p2a: Kingambit|90/100|[from] item: Leftovers
|upkeep
|turn|11
|
|t:|1779845886
|-end|p2a: Kingambit|fallen2|[silent]
|switch|p2a: Thundurus|Thundurus-Therian, M|100/100
|move|p1a: Ting-Lu|Earthquake|p2a: Thundurus
|-immune|p2a: Thundurus
|
|upkeep
|turn|12
|
|t:|1779845889
|move|p2a: Thundurus|Nasty Plot|p2a: Thundurus
|-boost|p2a: Thundurus|spa|2
|move|p1a: Ting-Lu|Stealth Rock|p2a: Thundurus
|-sidestart|p2: blabab|move: Stealth Rock
|
|upkeep
|turn|13
|
|t:|1779845891
|move|p2a: Thundurus|Focus Blast|p1a: Ting-Lu
|-supereffective|p1a: Ting-Lu
|-damage|p1a: Ting-Lu|0 fnt
|faint|p1a: Ting-Lu
|
|upkeep
|
|t:|1779845895
|switch|p1a: Gliscor|Gliscor, F|100/100 tox
|turn|14
|
|t:|1779845898
|move|p2a: Thundurus|Nasty Plot|p2a: Thundurus
|-boost|p2a: Thundurus|spa|2
|move|p1a: Gliscor|Toxic|p2a: Thundurus
|-status|p2a: Thundurus|tox
|
|-damage|p2a: Thundurus|94/100 tox|[from] psn
|upkeep
|turn|15
|
|t:|1779845904
|move|p2a: Thundurus|Nasty Plot|p2a: Thundurus
|-boost|p2a: Thundurus|spa|2
|move|p1a: Gliscor|Earthquake|p2a: Thundurus
|-immune|p2a: Thundurus
|
|-damage|p2a: Thundurus|82/100 tox|[from] psn
|upkeep
|turn|16
|
|t:|1779845906
|move|p2a: Thundurus|Agility|p2a: Thundurus
|-boost|p2a: Thundurus|spe|2
|move|p1a: Gliscor|Earthquake|p2a: Thundurus
|-immune|p2a: Thundurus
|
|-damage|p2a: Thundurus|64/100 tox|[from] psn
|upkeep
|turn|17
|
|t:|1779845909
|move|p1a: Gliscor|Protect|p1a: Gliscor
|-singleturn|p1a: Gliscor|Protect
|move|p2a: Thundurus|Focus Blast|p1a: Gliscor
|-activate|p1a: Gliscor|move: Protect
|
|-damage|p2a: Thundurus|40/100 tox|[from] psn
|upkeep
|turn|18
|
|t:|1779845911
|move|p2a: Thundurus|Focus Blast|p1a: Gliscor
|-resisted|p1a: Gliscor
|-damage|p1a: Gliscor|10/100 tox
|move|p1a: Gliscor|Earthquake|p2a: Thundurus
|-immune|p2a: Thundurus
|
|-damage|p2a: Thundurus|10/100 tox|[from] psn
|-heal|p1a: Gliscor|23/100 tox|[from] ability: Poison Heal
|upkeep
|turn|19
|
|t:|1779845914
|move|p1a: Gliscor|Protect|p1a: Gliscor
|-singleturn|p1a: Gliscor|Protect
|move|p2a: Thundurus|Focus Blast|p1a: Gliscor
|-activate|p1a: Gliscor|move: Protect
|
|-damage|p2a: Thundurus|0 fnt|[from] psn
|faint|p2a: Thundurus
|-heal|p1a: Gliscor|35/100 tox|[from] ability: Poison Heal
|upkeep
|
|t:|1779845919
|switch|p2a: Kingambit|Kingambit, M|90/100
|-damage|p2a: Kingambit|84/100|[from] Stealth Rock
|-activate|p2a: Kingambit|ability: Supreme Overlord
|-start|p2a: Kingambit|fallen3|[silent]
|turn|20
|
|t:|1779845924
|move|p1a: Gliscor|Earthquake|p2a: Kingambit
|-supereffective|p2a: Kingambit
|-damage|p2a: Kingambit|27/100
|move|p2a: Kingambit|Kowtow Cleave|p1a: Gliscor
|-damage|p1a: Gliscor|0 fnt
|faint|p1a: Gliscor
|
|-heal|p2a: Kingambit|33/100|[from] item: Leftovers
|upkeep
|
|t:|1779845927
|switch|p1a: Kingambit|Kingambit, F|100/100
|-activate|p1a: Kingambit|ability: Supreme Overlord
|-start|p1a: Kingambit|fallen4|[silent]
|-item|p1a: Kingambit|Air Balloon
|turn|21
|
|t:|1779845936
|move|p2a: Kingambit|Low Kick|p1a: Kingambit
|-supereffective|p1a: Kingambit
|-damage|p1a: Kingambit|0 fnt
|-enditem|p1a: Kingambit|Air Balloon
|faint|p1a: Kingambit
|-end|p1a: Kingambit|fallen4|[silent]
|
|-heal|p2a: Kingambit|39/100|[from] item: Leftovers
|upkeep
|-message|Bumulus forfeited.
|
|win|blabab
|raw|Bumulus's rating: 1541 &rarr; <strong>1519</strong><br />(-22 for losing)
|raw|blabab's rating: 1512 &rarr; <strong>1534</strong><br />(+22 for winning)
|l|‽Bumulus
|player|p1|
|l|☆blabab
|player|p2|
