|j|☆claudechamp
|j|☆My Alexandra
|t:|1779803763
|gametype|singles
|player|p1|claudechamp|265|1300
|player|p2|My Alexandra|caitlin-masters|1333
|gen|9
|tier|[Gen 9] OU
|rated|
|rule|HP Percentage Mod: HP is shown in percentages
|rule|Endless Battle Clause: Forcing endless battles is banned
|rule|Species Clause: Limit one of each Pokémon
|rule|OHKO Clause: OHKO moves are banned
|rule|Evasion Items Clause: Evasion items are banned
|rule|Evasion Moves Clause: Evasion moves are banned
|rule|Evasion Abilities Clause: Evasion abilities are banned
|rule|Sleep Moves Clause: Sleep-inducing moves are banned
|clearpoke
|poke|p1|Gliscor, M|
|poke|p1|Ogerpon, F|
|poke|p1|Walking Wake|
|poke|p1|Blissey, F|
|poke|p1|Corviknight, F|
|poke|p1|Pecharunt|
|poke|p2|Excadrill, F|
|poke|p2|Tyranitar, M|
|poke|p2|Zamazenta-*|
|poke|p2|Skarmory, M|
|poke|p2|Ogerpon-Wellspring, F|
|poke|p2|Moltres|
|teampreview
|inactive|Battle timer is ON: inactive players will automatically lose when time's up. (requested by My Alexandra)
|c|☆claudechamp|hf
|inactive|claudechamp also wants the timer to be on.
|
|t:|1779803778
|teamsize|p1|6
|teamsize|p2|6
|start
|switch|p1a: Gliscor|Gliscor, M|100/100
|switch|p2a: Tyranitar|Tyranitar, M|100/100
|-weather|Sandstorm|[from] ability: Sand Stream|[of] p2a: Tyranitar
|turn|1
|inactive|claudechamp has 120 seconds left.
|
|t:|1779803827
|move|p1a: Gliscor|Protect|p1a: Gliscor
|-singleturn|p1a: Gliscor|Protect
|move|p2a: Tyranitar|Stealth Rock|p1a: Gliscor
|-sidestart|p1: claudechamp|move: Stealth Rock
|
|-weather|Sandstorm|[upkeep]
|-status|p1a: Gliscor|tox|[from] item: Toxic Orb
|upkeep
|turn|2
|
|t:|1779803839
|move|p1a: Gliscor|Spikes|p2a: Tyranitar
|-sidestart|p2: My Alexandra|Spikes
|move|p2a: Tyranitar|Ice Beam|p1a: Gliscor
|-supereffective|p1a: Gliscor
|-damage|p1a: Gliscor|37/100 tox
|
|-weather|Sandstorm|[upkeep]
|-heal|p1a: Gliscor|50/100 tox|[from] ability: Poison Heal
|upkeep
|turn|3
|
|t:|1779803851
|move|p1a: Gliscor|Protect|p1a: Gliscor
|-singleturn|p1a: Gliscor|Protect
|move|p2a: Tyranitar|Roar|p1a: Gliscor
|drag|p1a: Ogerpon|Ogerpon, F|100/100
|
|-weather|Sandstorm|[upkeep]
|-damage|p1a: Ogerpon|95/100|[from] Sandstorm
|upkeep
|turn|4
|
|t:|1779803861
|switch|p2a: Moltres|Moltres|100/100
|move|p1a: Ogerpon|Ivy Cudgel|p2a: Moltres
|-resisted|p2a: Moltres
|-damage|p2a: Moltres|92/100
|
|-weather|Sandstorm|[upkeep]
|-damage|p1a: Ogerpon|89/100|[from] Sandstorm
|-damage|p2a: Moltres|86/100|[from] Sandstorm
|upkeep
|turn|5
|
|t:|1779803874
|switch|p1a: Blissey|Blissey, F|100/100
|move|p2a: Moltres|U-turn|p1a: Blissey
|-damage|p1a: Blissey|86/100
|
|t:|1779803877
|switch|p2a: Zamazenta|Zamazenta|100/100|[from] U-turn
|-damage|p2a: Zamazenta|88/100|[from] Spikes
|-ability|p2a: Zamazenta|Dauntless Shield|boost
|-boost|p2a: Zamazenta|def|1
|
|-weather|Sandstorm|[upkeep]
|-damage|p2a: Zamazenta|82/100|[from] Sandstorm
|-damage|p1a: Blissey|80/100|[from] Sandstorm
|upkeep
|turn|6
|
|t:|1779803883
|move|p2a: Zamazenta|Crunch|p1a: Blissey
|-damage|p1a: Blissey|36/100
|move|p1a: Blissey|Stealth Rock|p2a: Zamazenta
|-sidestart|p2: My Alexandra|move: Stealth Rock
|
|-weather|Sandstorm|[upkeep]
|-damage|p2a: Zamazenta|76/100|[from] Sandstorm
|-damage|p1a: Blissey|30/100|[from] Sandstorm
|upkeep
|turn|7
|inactive|claudechamp has 120 seconds left.
|
|t:|1779803890
|-terastallize|p1a: Blissey|Dark
|move|p2a: Zamazenta|Crunch|p1a: Blissey
|-resisted|p1a: Blissey
|-damage|p1a: Blissey|8/100
|move|p1a: Blissey|Soft-Boiled|p1a: Blissey
|-heal|p1a: Blissey|58/100
|
|-weather|Sandstorm|[upkeep]
|-damage|p2a: Zamazenta|70/100|[from] Sandstorm
|-damage|p1a: Blissey|52/100|[from] Sandstorm
|upkeep
|turn|8
|inactive|claudechamp has 120 seconds left.
|
|t:|1779803906
|switch|p2a: Excadrill|Excadrill, F|100/100
|-damage|p2a: Excadrill|97/100|[from] Stealth Rock
|-item|p2a: Excadrill|Air Balloon
|move|p1a: Blissey|Soft-Boiled|p1a: Blissey
|-heal|p1a: Blissey|100/100
|
|-weather|none
|upkeep
|turn|9
|inactive|claudechamp has 120 seconds left.
|
|t:|1779803921
|switch|p1a: Pecharunt|Pecharunt|100/100
|move|p2a: Excadrill|Rapid Spin|p1a: Pecharunt
|-immune|p1a: Pecharunt
|
|upkeep
|turn|10
|inactive|claudechamp has 120 seconds left.
|
|t:|1779803932
|move|p2a: Excadrill|Earthquake|p1a: Pecharunt
|-supereffective|p1a: Pecharunt
|-crit|p1a: Pecharunt
|-damage|p1a: Pecharunt|21/100
|move|p1a: Pecharunt|Foul Play|p2a: Excadrill
|-damage|p2a: Excadrill|43/100
|-enditem|p2a: Excadrill|Air Balloon
|
|upkeep
|turn|11
|inactive|claudechamp has 120 seconds left.
|
|t:|1779803942
|move|p2a: Excadrill|Earthquake|p1a: Pecharunt
|-supereffective|p1a: Pecharunt
|-damage|p1a: Pecharunt|0 fnt
|faint|p1a: Pecharunt
|
|upkeep
|inactive|claudechamp has 120 seconds left.
|
|t:|1779803949
|switch|p1a: Walking Wake|Walking Wake|100/100
|turn|12
|
|t:|1779803954
|switch|p2a: Ogerpon|Ogerpon-Wellspring, F|100/100
|-damage|p2a: Ogerpon|88/100|[from] Spikes
|-damage|p2a: Ogerpon|76/100|[from] Stealth Rock
|move|p1a: Walking Wake|Surf|p2a: Ogerpon
|-heal|p2a: Ogerpon|100/100|[from] ability: Water Absorb|[of] p1a: Walking Wake
|
|upkeep
|turn|13
|
|t:|1779803964
|move|p2a: Ogerpon|Swords Dance|p2a: Ogerpon
|-boost|p2a: Ogerpon|atk|2
|move|p1a: Walking Wake|Draco Meteor|p2a: Ogerpon
|-damage|p2a: Ogerpon|23/100
|-unboost|p1a: Walking Wake|spa|2
|
|upkeep
|turn|14
|
|t:|1779803968
|move|p2a: Ogerpon|Play Rough|p1a: Walking Wake
|-supereffective|p1a: Walking Wake
|-damage|p1a: Walking Wake|0 fnt
|faint|p1a: Walking Wake
|-end|p1a: Walking Wake|Protosynthesis|[silent]
|
|upkeep
|
|t:|1779803974
|switch|p1a: Corviknight|Corviknight, F|100/100
|-ability|p1a: Corviknight|Pressure
|turn|15
|
|t:|1779803982
|move|p2a: Ogerpon|Ivy Cudgel|p1a: Corviknight|[anim] Ivy Cudgel Water
|-damage|p1a: Corviknight|23/100
|move|p1a: Corviknight|U-turn|p2a: Ogerpon
|-supereffective|p2a: Ogerpon
|-damage|p2a: Ogerpon|0 fnt
|faint|p2a: Ogerpon
|
|t:|1779803988
|switch|p1a: Ogerpon|Ogerpon, F|89/100|[from] U-turn
|
|upkeep
|
|t:|1779803990
|switch|p2a: Moltres|Moltres|86/100
|turn|16
|
|t:|1779804000
|move|p1a: Ogerpon|Knock Off|p2a: Moltres
|-damage|p2a: Moltres|63/100
|-enditem|p2a: Moltres|Heavy-Duty Boots|[from] move: Knock Off|[of] p1a: Ogerpon
|move|p2a: Moltres|Flamethrower|p1a: Ogerpon
|-supereffective|p1a: Ogerpon
|-damage|p1a: Ogerpon|6/100
|
|upkeep
|turn|17
|
|t:|1779804009
|move|p1a: Ogerpon|U-turn|p2a: Moltres
|-resisted|p2a: Moltres
|-damage|p2a: Moltres|59/100
|
|t:|1779804014
|switch|p1a: Blissey|Blissey, F, tera:Dark|100/100|[from] U-turn
|move|p2a: Moltres|Roost|p2a: Moltres
|-heal|p2a: Moltres|100/100
|-singleturn|p2a: Moltres|move: Roost
|
|upkeep
|turn|18
|
|t:|1779804017
|move|p2a: Moltres|U-turn|p1a: Blissey
|-supereffective|p1a: Blissey
|-damage|p1a: Blissey|71/100
|
|t:|1779804022
|switch|p2a: Skarmory|Skarmory, M|100/100|[from] U-turn
|-damage|p2a: Skarmory|88/100|[from] Stealth Rock
|move|p1a: Blissey|Seismic Toss|p2a: Skarmory
|-damage|p2a: Skarmory|58/100
|-damage|p1a: Blissey|55/100|[from] item: Rocky Helmet|[of] p2a: Skarmory
|
|upkeep
|turn|19
|
|t:|1779804029
|switch|p1a: Gliscor|Gliscor, M|50/100 tox
|-damage|p1a: Gliscor|37/100 tox|[from] Stealth Rock
|move|p2a: Skarmory|Iron Defense|p2a: Skarmory
|-boost|p2a: Skarmory|def|2
|
|-heal|p1a: Gliscor|50/100 tox|[from] ability: Poison Heal
|upkeep
|turn|20
|
|t:|1779804042
|switch|p1a: Blissey|Blissey, F, tera:Dark|55/100
|move|p2a: Skarmory|Roost|p2a: Skarmory
|-heal|p2a: Skarmory|100/100
|-singleturn|p2a: Skarmory|move: Roost
|
|upkeep
|turn|21
|
|t:|1779804046
|move|p2a: Skarmory|Body Press|p1a: Blissey
|-supereffective|p1a: Blissey
|-damage|p1a: Blissey|0 fnt
|faint|p1a: Blissey
|
|upkeep
|
|t:|1779804051
|switch|p1a: Gliscor|Gliscor, M|50/100 tox
|-damage|p1a: Gliscor|37/100 tox|[from] Stealth Rock
|turn|22
|
|t:|1779804062
|switch|p1a: Corviknight|Corviknight, F|23/100
|-ability|p1a: Corviknight|Pressure
|move|p2a: Skarmory|Iron Defense|p2a: Skarmory
|-boost|p2a: Skarmory|def|2
|
|upkeep
|turn|23
|
|t:|1779804066
|move|p2a: Skarmory|Body Press|p1a: Corviknight
|-damage|p1a: Corviknight|0 fnt
|faint|p1a: Corviknight
|
|upkeep
|
|t:|1779804076
|switch|p1a: Gliscor|Gliscor, M|37/100 tox
|-damage|p1a: Gliscor|25/100 tox|[from] Stealth Rock
|turn|24
|
|t:|1779804087
|switch|p1a: Ogerpon|Ogerpon, F|6/100
|move|p2a: Skarmory|Body Press|p1a: Ogerpon
|-damage|p1a: Ogerpon|0 fnt
|faint|p1a: Ogerpon
|
|upkeep
|
|t:|1779804094
|switch|p1a: Gliscor|Gliscor, M|25/100 tox
|-damage|p1a: Gliscor|12/100 tox|[from] Stealth Rock
|turn|25
|
|t:|1779804103
|move|p1a: Gliscor|Protect|p1a: Gliscor
|-singleturn|p1a: Gliscor|Protect
|move|p2a: Skarmory|Body Press|p1a: Gliscor
|-activate|p1a: Gliscor|move: Protect
|
|-heal|p1a: Gliscor|25/100 tox|[from] ability: Poison Heal
|upkeep
|turn|26
|inactive|My Alexandra has 120 seconds left.
|inactive|My Alexandra has 90 seconds left.
|
|t:|1779804171
|move|p1a: Gliscor|Spikes|p2a: Skarmory
|-sidestart|p2: My Alexandra|Spikes
|move|p2a: Skarmory|Body Press|p1a: Gliscor
|-resisted|p1a: Gliscor
|-damage|p1a: Gliscor|0 fnt
|faint|p1a: Gliscor
|
|win|My Alexandra
|raw|claudechamp's rating: 1326 &rarr; <strong>1306</strong><br />(-20 for losing)
|raw|My Alexandra's rating: 1333 &rarr; <strong>1353</strong><br />(+20 for winning)
|c|☆claudechamp|gg
