|j|☆cynthias a hottie
|j|☆ElectivireGoat
|t:|1779879420
|gametype|singles
|player|p1|cynthias a hottie|cynthia|1279
|player|p2|ElectivireGoat|volkner|1362
|gen|9
|tier|[Gen 9] OU
|rated|
|rule|HP Percentage Mod: HP is shown in percentages
|rule|Endless Battle Clause: Forcing endless battles is banned
|rule|Species Clause: Limit one of each Pokémon
|rule|OHKO Clause: OHKO moves are banned
|rule|Evasion Items Clause: Evasion items are banned
|rule|Evasion Moves Clause: Evasion moves are banned
|rule|Evasion Abilities Clause: Evasion abilities are banned
|rule|Sleep Moves Clause: Sleep-inducing moves are banned
|clearpoke
|poke|p1|Smeargle, M|
|poke|p1|Gholdengo|
|poke|p1|Moltres-Galar|
|poke|p1|Alomomola, F|
|poke|p1|Garchomp, M|
|poke|p1|Iron Valiant|
|poke|p2|Araquanid, M|
|poke|p2|Electivire, M|
|poke|p2|Volcanion|
|poke|p2|Gholdengo|
|poke|p2|Latias, F|
|poke|p2|Great Tusk|
|teampreview
|inactive|Battle timer is ON: inactive players will automatically lose when time's up. (requested by cynthias a hottie)
|
|t:|1779879433
|teamsize|p1|6
|teamsize|p2|6
|start
|switch|p1a: Gholdengo|Gholdengo|100/100
|switch|p2a: Araqnuanid|Araquanid, M, shiny|100/100
|turn|1
|
|t:|1779879441
|switch|p1a: Alomomola|Alomomola, F|100/100
|move|p2a: Araqnuanid|Liquidation|p1a: Alomomola
|-resisted|p1a: Alomomola
|-damage|p1a: Alomomola|83/100
|
|-heal|p1a: Alomomola|90/100|[from] item: Leftovers
|upkeep
|turn|2
|inactive|ElectivireGoat has 120 seconds left.
|inactive|ElectivireGoat has 90 seconds left.
|
|t:|1779879503
|move|p1a: Alomomola|Whirlpool|p2a: Araqnuanid
|-resisted|p2a: Araqnuanid
|-damage|p2a: Araqnuanid|98/100
|-activate|p2a: Araqnuanid|move: Whirlpool|[of] p1a: Alomomola
|move|p2a: Araqnuanid|Sticky Web|p1a: Alomomola
|-sidestart|p1: cynthias a hottie|move: Sticky Web
|
|-heal|p1a: Alomomola|96/100|[from] item: Leftovers
|-damage|p2a: Araqnuanid|85/100|[from] move: Whirlpool|[partiallytrapped]
|upkeep
|turn|3
|inactive|ElectivireGoat has 90 seconds left.
|
|t:|1779879518
|switch|p1a: Moltres|Moltres-Galar|100/100
|move|p2a: Araqnuanid|Lunge|p1a: Moltres
|-damage|p1a: Moltres|67/100
|-unboost|p1a: Moltres|atk|1
|
|-end|p2a: Araqnuanid|Whirlpool|[partiallytrapped]|[silent]
|upkeep
|turn|4
|
|t:|1779879524
|move|p1a: Moltres|Nasty Plot|p1a: Moltres
|-boost|p1a: Moltres|spa|2
|move|p2a: Araqnuanid|Liquidation|p1a: Moltres
|-damage|p1a: Moltres|0 fnt
|faint|p1a: Moltres
|
|upkeep
|
|t:|1779879539
|switch|p1a: Iron Valiant|Iron Valiant|100/100
|-activate|p1a: Iron Valiant|move: Sticky Web
|-unboost|p1a: Iron Valiant|spe|1
|turn|5
|
|t:|1779879552
|move|p1a: Iron Valiant|Spirit Break|p2a: Araqnuanid
|-damage|p2a: Araqnuanid|22/100
|-unboost|p2a: Araqnuanid|spa|1
|move|p2a: Araqnuanid|Liquidation|p1a: Iron Valiant
|-damage|p1a: Iron Valiant|18/100
|-unboost|p1a: Iron Valiant|def|1
|
|upkeep
|turn|6
|
|t:|1779879558
|move|p1a: Iron Valiant|Spirit Break|p2a: Araqnuanid
|-damage|p2a: Araqnuanid|0 fnt
|faint|p2a: Araqnuanid
|
|upkeep
|
|t:|1779879570
|switch|p2a: Alex Voltanovski|Electivire, M|100/100
|turn|7
|
|t:|1779879574
|move|p2a: Alex Voltanovski|Trailblaze|p1a: Iron Valiant
|-damage|p1a: Iron Valiant|0 fnt
|-boost|p2a: Alex Voltanovski|spe|1
|faint|p1a: Iron Valiant
|-end|p1a: Iron Valiant|Quark Drive|[silent]
|-damage|p2a: Alex Voltanovski|91/100|[from] item: Life Orb
|
|upkeep
|
|t:|1779879585
|switch|p1a: Garchomp|Garchomp, M|100/100
|-activate|p1a: Garchomp|move: Sticky Web
|-unboost|p1a: Garchomp|spe|1
|turn|8
|inactive|ElectivireGoat has 120 seconds left.
|
|t:|1779879595
|move|p2a: Alex Voltanovski|Ice Punch|p1a: Garchomp
|-supereffective|p1a: Garchomp
|-damage|p1a: Garchomp|0 fnt
|-damage|p2a: Alex Voltanovski|78/100|[from] ability: Rough Skin|[of] p1a: Garchomp
|-damage|p2a: Alex Voltanovski|62/100|[from] item: Rocky Helmet|[of] p1a: Garchomp
|faint|p1a: Garchomp
|-damage|p2a: Alex Voltanovski|52/100|[from] item: Life Orb
|
|upkeep
|
|t:|1779879602
|switch|p1a: Gholdengo|Gholdengo|100/100
|-activate|p1a: Gholdengo|move: Sticky Web
|-unboost|p1a: Gholdengo|spe|1
|turn|9
|
|t:|1779879607
|move|p2a: Alex Voltanovski|Supercell Slam|p1a: Gholdengo|[miss]
|-miss|p2a: Alex Voltanovski|p1a: Gholdengo
|-damage|p2a: Alex Voltanovski|2/100|[from] supercellslam
|move|p1a: Gholdengo|Shadow Ball|p2a: Alex Voltanovski
|-damage|p2a: Alex Voltanovski|0 fnt
|faint|p2a: Alex Voltanovski
|
|upkeep
|
|t:|1779879616
|switch|p2a: Volcanion|Volcanion|100/100
|turn|10
|
|t:|1779879620
|switch|p1a: Alomomola|Alomomola, F|100/100
|-activate|p1a: Alomomola|move: Sticky Web
|-unboost|p1a: Alomomola|spe|1
|move|p2a: Volcanion|Flamethrower|p1a: Alomomola
|-resisted|p1a: Alomomola
|-damage|p1a: Alomomola|73/100
|
|-heal|p1a: Alomomola|79/100|[from] item: Leftovers
|upkeep
|turn|11
|inactive|ElectivireGoat has 120 seconds left.
|
|t:|1779879652
|move|p1a: Alomomola|Protect|p1a: Alomomola
|-singleturn|p1a: Alomomola|Protect
|move|p2a: Volcanion|Sludge Bomb|p1a: Alomomola
|-activate|p1a: Alomomola|move: Protect
|
|-heal|p1a: Alomomola|86/100|[from] item: Leftovers
|upkeep
|turn|12
|
|t:|1779879660
|switch|p2a: Windblade|Latias, F|100/100
|move|p1a: Alomomola|Flip Turn|p2a: Windblade
|-resisted|p2a: Windblade
|-crit|p2a: Windblade
|-damage|p2a: Windblade|92/100
|
|t:|1779879665
|switch|p1a: Gholdengo|Gholdengo|100/100|[from] Flip Turn
|-activate|p1a: Gholdengo|move: Sticky Web
|-unboost|p1a: Gholdengo|spe|1
|
|upkeep
|turn|13
|
|t:|1779879670
|move|p1a: Gholdengo|Shadow Ball|p2a: Windblade
|-supereffective|p2a: Windblade
|-damage|p2a: Windblade|32/100
|-enditem|p2a: Windblade|Weakness Policy
|-boost|p2a: Windblade|atk|2|[from] item: Weakness Policy
|-boost|p2a: Windblade|spa|2|[from] item: Weakness Policy
|move|p2a: Windblade|Calm Mind|p2a: Windblade
|-boost|p2a: Windblade|spa|1
|-boost|p2a: Windblade|spd|1
|
|upkeep
|turn|14
|
|t:|1779879674
|move|p1a: Gholdengo|Shadow Ball|p2a: Windblade
|-supereffective|p2a: Windblade
|-damage|p2a: Windblade|0 fnt
|faint|p2a: Windblade
|
|upkeep
|
|t:|1779879679
|switch|p2a: Volcanion|Volcanion|100/100
|turn|15
|
|t:|1779879682
|switch|p1a: Alomomola|Alomomola, F|100/100
|-activate|p1a: Alomomola|move: Sticky Web
|-unboost|p1a: Alomomola|spe|1
|move|p2a: Volcanion|Flamethrower|p1a: Alomomola
|-resisted|p1a: Alomomola
|-damage|p1a: Alomomola|70/100
|
|-heal|p1a: Alomomola|76/100|[from] item: Leftovers
|upkeep
|turn|16
|
|t:|1779879691
|move|p2a: Volcanion|Flamethrower|p1a: Alomomola
|-resisted|p1a: Alomomola
|-damage|p1a: Alomomola|47/100
|move|p1a: Alomomola|Whirlpool|p2a: Volcanion
|-immune|p2a: Volcanion|[from] ability: Water Absorb
|
|-heal|p1a: Alomomola|53/100|[from] item: Leftovers
|upkeep
|turn|17
|
|t:|1779879696
|move|p1a: Alomomola|Protect|p1a: Alomomola
|-singleturn|p1a: Alomomola|Protect
|move|p2a: Volcanion|Flamethrower|p1a: Alomomola
|-activate|p1a: Alomomola|move: Protect
|
|-heal|p1a: Alomomola|59/100|[from] item: Leftovers
|upkeep
|turn|18
|
|t:|1779879700
|move|p2a: Volcanion|Flamethrower|p1a: Alomomola
|-resisted|p1a: Alomomola
|-damage|p1a: Alomomola|33/100
|move|p1a: Alomomola|Whirlpool|p2a: Volcanion
|-immune|p2a: Volcanion|[from] ability: Water Absorb
|
|-heal|p1a: Alomomola|39/100|[from] item: Leftovers
|upkeep
|turn|19
|
|t:|1779879706
|move|p1a: Alomomola|Protect|p1a: Alomomola
|-singleturn|p1a: Alomomola|Protect
|move|p2a: Volcanion|Will-O-Wisp|p1a: Alomomola
|-activate|p1a: Alomomola|move: Protect
|
|-heal|p1a: Alomomola|45/100|[from] item: Leftovers
|upkeep
|turn|20
|
|t:|1779879709
|move|p2a: Volcanion|Flamethrower|p1a: Alomomola
|-resisted|p1a: Alomomola
|-damage|p1a: Alomomola|16/100
|move|p1a: Alomomola|Whirlpool|p2a: Volcanion
|-immune|p2a: Volcanion|[from] ability: Water Absorb
|
|-heal|p1a: Alomomola|22/100|[from] item: Leftovers
|upkeep
|turn|21
|
|t:|1779879713
|move|p1a: Alomomola|Protect|p1a: Alomomola
|-singleturn|p1a: Alomomola|Protect
|move|p2a: Volcanion|Flamethrower|p1a: Alomomola
|-activate|p1a: Alomomola|move: Protect
|
|-heal|p1a: Alomomola|28/100|[from] item: Leftovers
|upkeep
|turn|22
|
|t:|1779879716
|move|p1a: Alomomola|Protect|p1a: Alomomola
|-singleturn|p1a: Alomomola|Protect
|move|p2a: Volcanion|Flamethrower|p1a: Alomomola
|-activate|p1a: Alomomola|move: Protect
|
|-heal|p1a: Alomomola|35/100|[from] item: Leftovers
|upkeep
|turn|23
|
|t:|1779879719
|move|p2a: Volcanion|Flamethrower|p1a: Alomomola
|-resisted|p1a: Alomomola
|-damage|p1a: Alomomola|6/100
|-status|p1a: Alomomola|brn
|move|p1a: Alomomola|Whirlpool|p2a: Volcanion
|-immune|p2a: Volcanion|[from] ability: Water Absorb
|
|-heal|p1a: Alomomola|12/100 brn|[from] item: Leftovers
|-damage|p1a: Alomomola|6/100 brn|[from] brn
|upkeep
|turn|24
|
|t:|1779879727
|move|p1a: Alomomola|Protect|p1a: Alomomola
|-singleturn|p1a: Alomomola|Protect
|move|p2a: Volcanion|Flamethrower|p1a: Alomomola
|-activate|p1a: Alomomola|move: Protect
|
|-heal|p1a: Alomomola|12/100 brn|[from] item: Leftovers
|-damage|p1a: Alomomola|6/100 brn|[from] brn
|upkeep
|turn|25
|
|t:|1779879732
|move|p1a: Alomomola|Protect||[still]
|-fail|p1a: Alomomola
|move|p2a: Volcanion|Flamethrower|p1a: Alomomola
|-resisted|p1a: Alomomola
|-damage|p1a: Alomomola|0 fnt
|faint|p1a: Alomomola
|
|upkeep
|
|t:|1779879735
|switch|p1a: Gholdengo|Gholdengo|100/100
|-activate|p1a: Gholdengo|move: Sticky Web
|-unboost|p1a: Gholdengo|spe|1
|turn|26
|
|t:|1779879740
|move|p1a: Gholdengo|Shadow Ball|p2a: Volcanion
|-damage|p2a: Volcanion|48/100
|move|p2a: Volcanion|Flamethrower|p1a: Gholdengo
|-supereffective|p1a: Gholdengo
|-damage|p1a: Gholdengo|0 fnt
|faint|p1a: Gholdengo
|
|-heal|p2a: Volcanion|54/100|[from] item: Leftovers
|upkeep
|
|t:|1779879744
|switch|p1a: Smeargle|Smeargle, M|100/100
|-activate|p1a: Smeargle|move: Sticky Web
|-unboost|p1a: Smeargle|spe|1
|turn|27
|
|t:|1779879752
|-terastallize|p1a: Smeargle|Flying
|move|p2a: Volcanion|Steam Eruption|p1a: Smeargle|[miss]
|-miss|p2a: Volcanion|p1a: Smeargle
|move|p1a: Smeargle|No Retreat|p1a: Smeargle
|-boost|p1a: Smeargle|atk|1
|-boost|p1a: Smeargle|def|1
|-boost|p1a: Smeargle|spa|1
|-boost|p1a: Smeargle|spd|1
|-boost|p1a: Smeargle|spe|1
|-start|p1a: Smeargle|move: No Retreat
|
|-heal|p2a: Volcanion|60/100|[from] item: Leftovers
|upkeep
|turn|28
|
|t:|1779879760
|move|p1a: Smeargle|No Retreat||[still]
|-fail|p1a: Smeargle
|move|p2a: Volcanion|Steam Eruption|p1a: Smeargle
|-damage|p1a: Smeargle|19/100
|
|-heal|p2a: Volcanion|66/100|[from] item: Leftovers
|upkeep
|turn|29
|
|t:|1779879765
|move|p1a: Smeargle|Population Bomb|p2a: Volcanion
|-damage|p2a: Volcanion|59/100
|-damage|p2a: Volcanion|52/100
|-damage|p2a: Volcanion|45/100
|-damage|p2a: Volcanion|37/100
|-damage|p2a: Volcanion|29/100
|-damage|p2a: Volcanion|20/100
|-crit|p2a: Volcanion
|-damage|p2a: Volcanion|10/100
|-damage|p2a: Volcanion|3/100
|-damage|p2a: Volcanion|0 fnt
|faint|p2a: Volcanion
|-hitcount|p2: Volcanion|9
|
|upkeep
|
|t:|1779879773
|switch|p2a: Rapid Spinjitsu|Great Tusk|100/100
|turn|30
|
|t:|1779879790
|move|p2a: Rapid Spinjitsu|Ice Spinner|p1a: Smeargle
|-supereffective|p1a: Smeargle
|-damage|p1a: Smeargle|0 fnt
|faint|p1a: Smeargle
|
|win|ElectivireGoat
|raw|cynthias a hottie's rating: 1279 &rarr; <strong>1260</strong><br />(-19 for losing)
|raw|ElectivireGoat's rating: 1362 &rarr; <strong>1377</strong><br />(+15 for winning)
|l|☆cynthias a hottie
|player|p1|
|l|☆ElectivireGoat
|player|p2|
