|j|☆fly casanova
|j|☆isyoblood
|t:|1779845307
|gametype|singles
|player|p1|fly casanova|gamer-gen3|1513
|player|p2|isyoblood|backersf|1615
|gen|9
|tier|[Gen 9] OU
|rated|
|rule|HP Percentage Mod: HP is shown in percentages
|rule|Endless Battle Clause: Forcing endless battles is banned
|rule|Species Clause: Limit one of each Pokémon
|rule|OHKO Clause: OHKO moves are banned
|rule|Evasion Items Clause: Evasion items are banned
|rule|Evasion Moves Clause: Evasion moves are banned
|rule|Evasion Abilities Clause: Evasion abilities are banned
|rule|Sleep Moves Clause: Sleep-inducing moves are banned
|clearpoke
|poke|p1|Iron Valiant|
|poke|p1|Electrode-Hisui|
|poke|p1|Iron Hands|
|poke|p1|Meowscarada, M|
|poke|p1|Slowking-Galar, F|
|poke|p1|Great Tusk|
|poke|p2|Cinderace, F|
|poke|p2|Ceruledge, M|
|poke|p2|Ogerpon-Cornerstone, F|
|poke|p2|Dragonite, F|
|poke|p2|Iron Crown|
|poke|p2|Great Tusk|
|teampreview
|inactive|Battle timer is ON: inactive players will automatically lose when time's up. (requested by isyoblood)
|
|t:|1779845313
|teamsize|p1|6
|teamsize|p2|6
|start
|switch|p1a: Electrode|Electrode-Hisui, shiny|100/100
|switch|p2a: Cinderace|Cinderace, F|100/100
|turn|1
|
|t:|1779845318
|move|p1a: Electrode|Electric Terrain|p1a: Electrode
|-fieldstart|move: Electric Terrain
|move|p2a: Cinderace|Pyro Ball|p1a: Electrode|[miss]
|-miss|p2a: Cinderace|p1a: Electrode
|
|upkeep
|turn|2
|
|t:|1779845322
|move|p1a: Electrode|Volt Switch|p2a: Cinderace
|-damage|p2a: Cinderace|48/100
|
|t:|1779845326
|switch|p1a: Great Tusk|Great Tusk|100/100|[from] Volt Switch
|move|p2a: Cinderace|Pyro Ball|p1a: Great Tusk
|-damage|p1a: Great Tusk|60/100
|
|upkeep
|turn|3
|j| ueyr43
|
|t:|1779845348
|move|p2a: Cinderace|Pyro Ball|p1a: Great Tusk
|-damage|p1a: Great Tusk|20/100
|move|p1a: Great Tusk|Headlong Rush|p2a: Cinderace
|-supereffective|p2a: Cinderace
|-damage|p2a: Cinderace|0 fnt
|-unboost|p1a: Great Tusk|def|1
|-unboost|p1a: Great Tusk|spd|1
|faint|p2a: Cinderace
|
|upkeep
|c|☆isyoblood|90%
|
|t:|1779845359
|switch|p2a: Ogerpon|Ogerpon-Cornerstone, F|100/100
|turn|4
|c|☆fly casanova|90% is the fakest acc by a long shot
|
|t:|1779845378
|-end|p1a: Great Tusk|Protosynthesis|[silent]
|switch|p1a: Meowscarada|Meowscarada, M|100/100
|move|p2a: Ogerpon|Horn Leech|p1a: Meowscarada
|-resisted|p1a: Meowscarada
|-damage|p1a: Meowscarada|63/100
|
|upkeep
|turn|5
|c|☆isyoblood|real
|j| rexa2
|
|t:|1779845389
|switch|p2a: Ceruledge|Ceruledge, M|100/100
|move|p1a: Meowscarada|U-turn|p2a: Ceruledge
|-start|p1a: Meowscarada|typechange|Bug|[from] ability: Protean
|-resisted|p2a: Ceruledge
|-crit|p2a: Ceruledge
|-damage|p2a: Ceruledge|85/100
|-ability|p2a: Ceruledge|Weak Armor|boost
|-unboost|p2a: Ceruledge|def|1
|-boost|p2a: Ceruledge|spe|2
|c| rexa2|Ohhhhh
|
|t:|1779845404
|switch|p1a: Iron Hands|Iron Hands|100/100|[from] U-turn
|-activate|p1a: Iron Hands|ability: Quark Drive
|-start|p1a: Iron Hands|quarkdriveatk
|
|upkeep
|turn|6
|c| rexa2|Terrain electrode
|
|t:|1779845410
|move|p2a: Ceruledge|Bitter Blade|p1a: Iron Hands
|-damage|p1a: Iron Hands|63/100
|-heal|p2a: Ceruledge|100/100|[from] drain|[of] p1a: Iron Hands
|move|p1a: Iron Hands|Thunder Punch|p2a: Ceruledge
|-enditem|p2a: Ceruledge|Focus Sash
|-damage|p2a: Ceruledge|1/100
|-ability|p2a: Ceruledge|Weak Armor|boost
|-unboost|p2a: Ceruledge|def|1
|-boost|p2a: Ceruledge|spe|2
|
|upkeep
|turn|7
|c| rexa2|Thats new
|
|t:|1779845418
|move|p2a: Ceruledge|Poltergeist|p1a: Iron Hands
|-activate|p1a: Iron Hands|move: Poltergeist|Booster Energy
|-damage|p1a: Iron Hands|21/100
|move|p1a: Iron Hands|Thunder Punch|p2a: Ceruledge
|-damage|p2a: Ceruledge|0 fnt
|faint|p2a: Ceruledge
|
|upkeep
|
|t:|1779845429
|switch|p2a: Dragonite|Dragonite, F, shiny|100/100
|turn|8
|c|☆fly casanova|yeah just messin around w some stuff
|
|t:|1779845440
|-end|p1a: Iron Hands|Quark Drive|[silent]
|switch|p1a: Great Tusk|Great Tusk|20/100
|move|p2a: Dragonite|Scale Shot|p1a: Great Tusk
|-damage|p1a: Great Tusk|10/100
|-damage|p1a: Great Tusk|1/100
|-damage|p1a: Great Tusk|0 fnt
|faint|p1a: Great Tusk
|-end|p1a: Great Tusk|Protosynthesis|[silent]
|-hitcount|p1: Great Tusk|3
|-unboost|p2a: Dragonite|def|1
|-boost|p2a: Dragonite|spe|1
|
|-fieldend|move: Electric Terrain
|upkeep
|
|t:|1779845461
|switch|p1a: Meowscarada|Meowscarada, M|63/100
|turn|9
|
|t:|1779845469
|switch|p2a: Iron Crown|Iron Crown|100/100
|-enditem|p2a: Iron Crown|Booster Energy
|-activate|p2a: Iron Crown|ability: Quark Drive|[fromitem]
|-start|p2a: Iron Crown|quarkdrivespe
|move|p1a: Meowscarada|Triple Axel|p2a: Iron Crown
|-start|p1a: Meowscarada|typechange|Ice|[from] ability: Protean
|-resisted|p2a: Iron Crown
|-damage|p2a: Iron Crown|96/100
|-resisted|p2a: Iron Crown
|-damage|p2a: Iron Crown|86/100
|-resisted|p2a: Iron Crown
|-damage|p2a: Iron Crown|72/100
|-hitcount|p2a: Iron Crown|3
|
|upkeep
|turn|10
|
|t:|1779845478
|switch|p1a: Slowking|Slowking-Galar, F|100/100
|move|p2a: Iron Crown|Calm Mind|p2a: Iron Crown
|-boost|p2a: Iron Crown|spa|1
|-boost|p2a: Iron Crown|spd|1
|
|upkeep
|turn|11
|
|t:|1779845481
|move|p2a: Iron Crown|Psyshock|p1a: Slowking
|-damage|p1a: Slowking|41/100
|move|p1a: Slowking|Thunder Wave|p2a: Iron Crown
|-status|p2a: Iron Crown|par
|
|upkeep
|turn|12
|
|t:|1779845495
|move|p2a: Iron Crown|Tachyon Cutter|p1a: Slowking
|-damage|p1a: Slowking|20/100
|-damage|p1a: Slowking|0 fnt
|faint|p1a: Slowking
|-hitcount|p1: Slowking|2
|
|upkeep
|
|t:|1779845516
|switch|p1a: Meowscarada|Meowscarada, M|63/100
|turn|13
|
|t:|1779845527
|move|p1a: Meowscarada|U-turn|p2a: Iron Crown
|-start|p1a: Meowscarada|typechange|Bug|[from] ability: Protean
|-damage|p2a: Iron Crown|37/100 par
|
|t:|1779845528
|switch|p1a: Electrode|Electrode-Hisui, shiny|100/100|[from] U-turn
|cant|p2a: Iron Crown|par
|
|upkeep
|turn|14
|
|t:|1779845534
|move|p1a: Electrode|Electric Terrain|p1a: Electrode
|-fieldstart|move: Electric Terrain
|move|p2a: Iron Crown|Psyshock|p1a: Electrode
|-damage|p1a: Electrode|4/100
|
|upkeep
|turn|15
|
|t:|1779845543
|-end|p2a: Iron Crown|Quark Drive|[silent]
|switch|p2a: Great Tusk|Great Tusk|100/100
|move|p1a: Electrode|Chloroblast|p2a: Great Tusk|[miss]
|-miss|p1a: Electrode|p2a: Great Tusk
|
|upkeep
|turn|16
|c|☆fly casanova|justice
|c|☆isyoblood|holy
|
|t:|1779845552
|-end|p2a: Great Tusk|Protosynthesis|[silent]
|switch|p2a: Iron Crown|Iron Crown|37/100 par
|-activate|p2a: Iron Crown|ability: Quark Drive
|-start|p2a: Iron Crown|quarkdrivespe
|move|p1a: Electrode|Chloroblast|p2a: Iron Crown
|-resisted|p2a: Iron Crown
|-damage|p2a: Iron Crown|11/100 par
|-damage|p1a: Electrode|0 fnt|[from] Recoil
|faint|p1a: Electrode
|
|upkeep
|c| rexa2|Is 70% actually
|c| rexa2|Ive live that
|
|t:|1779845579
|switch|p1a: Iron Valiant|Iron Valiant, shiny|100/100
|-activate|p1a: Iron Valiant|ability: Quark Drive
|-start|p1a: Iron Valiant|quarkdrivespe
|turn|17
|
|t:|1779845584
|move|p1a: Iron Valiant|Moonblast|p2a: Iron Crown
|-resisted|p2a: Iron Crown
|-damage|p2a: Iron Crown|0 fnt
|faint|p2a: Iron Crown
|-end|p2a: Iron Crown|Quark Drive|[silent]
|-damage|p1a: Iron Valiant|91/100|[from] item: Life Orb
|
|upkeep
|
|t:|1779845589
|switch|p2a: Dragonite|Dragonite, F, shiny|100/100
|turn|18
|
|t:|1779845593
|-terastallize|p1a: Iron Valiant|Ghost
|-terastallize|p2a: Dragonite|Fire
|move|p1a: Iron Valiant|Moonblast|p2a: Dragonite
|-resisted|p2a: Dragonite
|-damage|p2a: Dragonite|85/100
|-damage|p1a: Iron Valiant|81/100|[from] item: Life Orb
|move|p2a: Dragonite|Encore|p1a: Iron Valiant
|-start|p1a: Iron Valiant|Encore
|
|upkeep
|turn|19
|
|t:|1779845599
|move|p1a: Iron Valiant|Moonblast|p2a: Dragonite
|-resisted|p2a: Dragonite
|-damage|p2a: Dragonite|56/100
|-damage|p1a: Iron Valiant|71/100|[from] item: Life Orb
|move|p2a: Dragonite|Scale Shot|p1a: Iron Valiant
|-damage|p1a: Iron Valiant|52/100
|-damage|p1a: Iron Valiant|32/100
|-damage|p1a: Iron Valiant|13/100
|-damage|p1a: Iron Valiant|0 fnt
|faint|p1a: Iron Valiant
|-end|p1a: Iron Valiant|Quark Drive|[silent]
|-hitcount|p1: Iron Valiant|4
|-unboost|p2a: Dragonite|def|1
|-boost|p2a: Dragonite|spe|1
|
|upkeep
|
|t:|1779845606
|switch|p1a: Meowscarada|Meowscarada, M|63/100
|turn|20
|
|t:|1779845611
|move|p1a: Meowscarada|Triple Axel|p2a: Dragonite
|-start|p1a: Meowscarada|typechange|Ice|[from] ability: Protean
|-resisted|p2a: Dragonite
|-damage|p2a: Dragonite|48/100
|-resisted|p2a: Dragonite
|-damage|p2a: Dragonite|33/100
|-resisted|p2a: Dragonite
|-damage|p2a: Dragonite|9/100
|-hitcount|p2a: Dragonite|3
|move|p2a: Dragonite|Scale Shot|p1a: Meowscarada
|-damage|p1a: Meowscarada|42/100
|-damage|p1a: Meowscarada|22/100
|-damage|p1a: Meowscarada|1/100
|-damage|p1a: Meowscarada|0 fnt
|faint|p1a: Meowscarada
|-hitcount|p1: Meowscarada|4
|-unboost|p2a: Dragonite|def|1
|-boost|p2a: Dragonite|spe|1
|
|upkeep
|c|☆fly casanova|gg
|
|t:|1779845618
|switch|p1a: Iron Hands|Iron Hands|21/100
|-activate|p1a: Iron Hands|ability: Quark Drive
|-start|p1a: Iron Hands|quarkdriveatk
|turn|21
|l| rexa2
|
|t:|1779845621
|move|p2a: Dragonite|Fire Punch|p1a: Iron Hands
|-damage|p1a: Iron Hands|0 fnt
|faint|p1a: Iron Hands
|-end|p1a: Iron Hands|Quark Drive|[silent]
|
|win|isyoblood
|raw|fly casanova's rating: 1513 &rarr; <strong>1499</strong><br />(-14 for losing)
|raw|isyoblood's rating: 1615 &rarr; <strong>1629</strong><br />(+14 for winning)
