|j|☆pokylemon
|j|☆kingsvk
|t:|1779831713
|gametype|singles
|player|p1|pokylemon|265|1121
|player|p2|kingsvk|roughneck|1074
|gen|9
|tier|[Gen 9] OU
|rated|
|rule|HP Percentage Mod: HP is shown in percentages
|rule|Endless Battle Clause: Forcing endless battles is banned
|rule|Species Clause: Limit one of each Pokémon
|rule|OHKO Clause: OHKO moves are banned
|rule|Evasion Items Clause: Evasion items are banned
|rule|Evasion Moves Clause: Evasion moves are banned
|rule|Evasion Abilities Clause: Evasion abilities are banned
|rule|Sleep Moves Clause: Sleep-inducing moves are banned
|clearpoke
|poke|p1|Landorus-Therian, M|
|poke|p1|Alomomola, F|
|poke|p1|Skeledirge, M|
|poke|p1|Slowking-Galar, M|
|poke|p1|Regieleki|
|poke|p1|Zapdos-Galar|
|poke|p2|Ceruledge, M|
|poke|p2|Zoroark-Hisui, M|
|poke|p2|Meowscarada, F|
|poke|p2|Corviknight, M|
|poke|p2|Iron Valiant|
|poke|p2|Walking Wake|
|teampreview
|inactive|Battle timer is ON: inactive players will automatically lose when time's up. (requested by kingsvk)
|
|t:|1779831725
|teamsize|p1|6
|teamsize|p2|6
|start
|switch|p1a: Maybe I'm a Lion|Landorus-Therian, M|100/100
|switch|p2a: Vermax|Meowscarada, F, shiny|100/100
|-ability|p1a: Maybe I'm a Lion|Intimidate|boost
|-unboost|p2a: Vermax|atk|1
|turn|1
|
|t:|1779831740
|move|p2a: Vermax|U-turn|p1a: Maybe I'm a Lion
|-start|p2a: Vermax|typechange|Bug|[from] ability: Protean
|-resisted|p1a: Maybe I'm a Lion
|-damage|p1a: Maybe I'm a Lion|88/100
|
|t:|1779831745
|switch|p2a: Caraxes|Ceruledge, M, shiny|100/100|[from] U-turn
|move|p1a: Maybe I'm a Lion|U-turn|p2a: Caraxes
|-resisted|p2a: Caraxes
|-damage|p2a: Caraxes|91/100
|-ability|p2a: Caraxes|Weak Armor|boost
|-unboost|p2a: Caraxes|def|1
|-boost|p2a: Caraxes|spe|2
|
|t:|1779831768
|switch|p1a: Fish Fear Me|Alomomola, F|100/100|[from] U-turn
|
|upkeep
|turn|2
|
|t:|1779831776
|-terastallize|p2a: Caraxes|Fire
|move|p2a: Caraxes|Bitter Blade|p1a: Fish Fear Me
|-resisted|p1a: Fish Fear Me
|-damage|p1a: Fish Fear Me|82/100
|-heal|p2a: Caraxes|100/100|[from] drain|[of] p1a: Fish Fear Me
|move|p1a: Fish Fear Me|Flip Turn|p2a: Caraxes
|-supereffective|p2a: Caraxes
|-damage|p2a: Caraxes|35/100
|-ability|p2a: Caraxes|Weak Armor|boost
|-unboost|p2a: Caraxes|def|1
|-boost|p2a: Caraxes|spe|2
|inactive|pokylemon has 120 seconds left.
|
|t:|1779831813
|switch|p1a: Maybe I'm a Lion|Landorus-Therian, M|88/100|[from] Flip Turn
|-ability|p1a: Maybe I'm a Lion|Intimidate|boost
|-unboost|p2a: Caraxes|atk|1
|
|-heal|p1a: Maybe I'm a Lion|94/100|[from] item: Leftovers
|upkeep
|turn|3
|
|t:|1779831823
|switch|p1a: Fish Fear Me|Alomomola, F|100/100
|move|p2a: Caraxes|Bitter Blade|p1a: Fish Fear Me
|-resisted|p1a: Fish Fear Me
|-damage|p1a: Fish Fear Me|88/100
|-heal|p2a: Caraxes|46/100|[from] drain|[of] p1a: Fish Fear Me
|
|upkeep
|turn|4
|inactive|pokylemon has 120 seconds left.
|
|t:|1779831834
|move|p2a: Caraxes|Swords Dance|p2a: Caraxes
|-boost|p2a: Caraxes|atk|2
|move|p1a: Fish Fear Me|Flip Turn|p2a: Caraxes
|-supereffective|p2a: Caraxes
|-damage|p2a: Caraxes|0 fnt
|faint|p2a: Caraxes
|inactive|pokylemon has 120 seconds left.
|
|t:|1779831849
|switch|p1a: Zip Zap|Regieleki|100/100|[from] Flip Turn
|
|upkeep
|
|t:|1779831857
|switch|p2a: Vermax|Meowscarada, F, shiny|100/100
|turn|5
|inactive|pokylemon has 120 seconds left.
|
|t:|1779831876
|move|p1a: Zip Zap|Volt Switch|p2a: Vermax
|-resisted|p2a: Vermax
|-damage|p2a: Vermax|68/100
|
|t:|1779831889
|switch|p1a: Maybe I'm a Lion|Landorus-Therian, M|94/100|[from] Volt Switch
|-ability|p1a: Maybe I'm a Lion|Intimidate|boost
|-unboost|p2a: Vermax|atk|1
|move|p2a: Vermax|Flower Trick|p1a: Maybe I'm a Lion
|-start|p2a: Vermax|typechange|Grass|[from] ability: Protean
|-crit|p1a: Maybe I'm a Lion
|-damage|p1a: Maybe I'm a Lion|30/100
|
|-heal|p1a: Maybe I'm a Lion|36/100|[from] item: Leftovers
|upkeep
|turn|6
|
|t:|1779831903
|switch|p1a: Fish Fear Me|Alomomola, F|100/100
|move|p2a: Vermax|Flower Trick|p1a: Fish Fear Me
|-supereffective|p1a: Fish Fear Me
|-crit|p1a: Fish Fear Me
|-damage|p1a: Fish Fear Me|33/100
|
|upkeep
|turn|7
|
|t:|1779831912
|move|p1a: Fish Fear Me|Protect|p1a: Fish Fear Me
|-singleturn|p1a: Fish Fear Me|Protect
|move|p2a: Vermax|Flower Trick|p1a: Fish Fear Me
|-activate|p1a: Fish Fear Me|move: Protect
|
|upkeep
|turn|8
|inactive|pokylemon has 120 seconds left.
|
|t:|1779831921
|switch|p1a: The Croc is Lava|Skeledirge, M|100/100
|move|p2a: Vermax|Flower Trick|p1a: The Croc is Lava
|-resisted|p1a: The Croc is Lava
|-crit|p1a: The Croc is Lava
|-damage|p1a: The Croc is Lava|77/100
|
|upkeep
|turn|9
|inactive|pokylemon has 120 seconds left.
|
|t:|1779831931
|move|p2a: Vermax|Knock Off|p1a: The Croc is Lava
|-supereffective|p1a: The Croc is Lava
|-damage|p1a: The Croc is Lava|24/100
|-enditem|p1a: The Croc is Lava|Heavy-Duty Boots|[from] move: Knock Off|[of] p2a: Vermax
|move|p1a: The Croc is Lava|Will-O-Wisp|p2a: Vermax
|-status|p2a: Vermax|brn
|
|-damage|p2a: Vermax|62/100 brn|[from] brn
|upkeep
|turn|10
|
|t:|1779831941
|move|p2a: Vermax|Knock Off|p1a: The Croc is Lava
|-supereffective|p1a: The Croc is Lava
|-damage|p1a: The Croc is Lava|8/100
|move|p1a: The Croc is Lava|Slack Off|p1a: The Croc is Lava
|-heal|p1a: The Croc is Lava|58/100
|
|-damage|p2a: Vermax|56/100 brn|[from] brn
|upkeep
|turn|11
|
|t:|1779831950
|move|p2a: Vermax|U-turn|p1a: The Croc is Lava
|-resisted|p1a: The Croc is Lava
|-damage|p1a: The Croc is Lava|56/100
|
|t:|1779831953
|switch|p2a: Vhagar|Walking Wake|100/100|[from] U-turn
|move|p1a: The Croc is Lava|Slack Off|p1a: The Croc is Lava
|-heal|p1a: The Croc is Lava|100/100
|
|upkeep
|turn|12
|
|t:|1779831965
|switch|p1a: Jesus is King|Slowking-Galar, M|100/100
|move|p2a: Vhagar|Hydro Pump|p1a: Jesus is King
|-damage|p1a: Jesus is King|52/100
|
|upkeep
|turn|13
|
|t:|1779831973
|-end|p2a: Vhagar|Protosynthesis|[silent]
|switch|p2a: Balerion|Corviknight, M, shiny|100/100
|-prepare|p1a: Jesus is King|Chilly Reception|[premajor]
|move|p1a: Jesus is King|Chilly Reception|p1a: Jesus is King
|-weather|Snowscape
|
|t:|1779831980
|switch|p1a: Zip Zap|Regieleki|100/100|[from] Chilly Reception
|
|-weather|Snowscape|[upkeep]
|upkeep
|turn|14
|
|t:|1779831993
|move|p1a: Zip Zap|Electro Ball|p2a: Balerion
|-supereffective|p2a: Balerion
|-damage|p2a: Balerion|0 fnt
|faint|p2a: Balerion
|
|-weather|Snowscape|[upkeep]
|upkeep
|
|t:|1779832000
|switch|p2a: Sunfyre|Iron Valiant, shiny|100/100
|-enditem|p2a: Sunfyre|Booster Energy
|-activate|p2a: Sunfyre|ability: Quark Drive|[fromitem]
|-start|p2a: Sunfyre|quarkdrivespe
|turn|15
|
|t:|1779832009
|move|p1a: Zip Zap|Volt Switch|p2a: Sunfyre
|-damage|p2a: Sunfyre|29/100
|
|t:|1779832012
|switch|p1a: Jesus is King|Slowking-Galar, M|85/100|[from] Volt Switch
|move|p2a: Sunfyre|Swords Dance|p2a: Sunfyre
|-boost|p2a: Sunfyre|atk|2
|
|-weather|Snowscape|[upkeep]
|upkeep
|turn|16
|
|t:|1779832022
|move|p2a: Sunfyre|Shadow Sneak|p1a: Jesus is King
|-supereffective|p1a: Jesus is King
|-damage|p1a: Jesus is King|25/100
|move|p1a: Jesus is King|Sludge Bomb|p2a: Sunfyre
|-supereffective|p2a: Sunfyre
|-damage|p2a: Sunfyre|0 fnt
|faint|p2a: Sunfyre
|-end|p2a: Sunfyre|Quark Drive|[silent]
|
|-weather|Snowscape|[upkeep]
|upkeep
|
|t:|1779832032
|switch|p2a: Vermax|Meowscarada, F, shiny|100/100
|turn|17
|
|t:|1779832044
|move|p2a: Vermax|Nasty Plot|p2a: Vermax
|-boost|p2a: Vermax|spa|2
|move|p1a: Jesus is King|Sludge Bomb|p2a: Vermax
|-resisted|p2a: Vermax
|-damage|p2a: Vermax|67/100
|-status|p2a: Vermax|psn
|replace|p2a: Drogon|Zoroark-Hisui, M, shiny
|-end|p2a: Drogon|Illusion
|
|-weather|none
|-damage|p2a: Drogon|55/100 psn|[from] psn
|upkeep
|turn|18
|
|t:|1779832056
|move|p2a: Drogon|Nasty Plot|p2a: Drogon
|-boost|p2a: Drogon|spa|2
|-prepare|p1a: Jesus is King|Chilly Reception|[premajor]
|move|p1a: Jesus is King|Chilly Reception|p1a: Jesus is King
|-weather|Snowscape
|
|t:|1779832062
|switch|p1a: The Croc is Lava|Skeledirge, M|100/100|[from] Chilly Reception
|
|-weather|Snowscape|[upkeep]
|-damage|p2a: Drogon|43/100 psn|[from] psn
|upkeep
|turn|19
|
|t:|1779832069
|move|p2a: Drogon|Shadow Ball|p1a: The Croc is Lava
|-supereffective|p1a: The Croc is Lava
|-damage|p1a: The Croc is Lava|40/100
|-unboost|p1a: The Croc is Lava|spd|1
|move|p1a: The Croc is Lava|Hex|p2a: Drogon
|-immune|p2a: Drogon
|
|-weather|Snowscape|[upkeep]
|-damage|p2a: Drogon|30/100 psn|[from] psn
|upkeep
|turn|20
|
|t:|1779832080
|move|p2a: Drogon|Shadow Ball|p1a: The Croc is Lava
|-supereffective|p1a: The Croc is Lava
|-damage|p1a: The Croc is Lava|0 fnt
|faint|p1a: The Croc is Lava
|
|-weather|Snowscape|[upkeep]
|-damage|p2a: Drogon|18/100 psn|[from] psn
|upkeep
|
|t:|1779832085
|switch|p1a: Zip Zap|Regieleki|100/100
|turn|21
|
|t:|1779832091
|move|p1a: Zip Zap|Volt Switch|p2a: Drogon
|-damage|p2a: Drogon|0 fnt
|faint|p2a: Drogon
|
|t:|1779832117
|switch|p1a: Fish Fear Me|Alomomola, F|66/100|[from] Volt Switch
|
|-weather|Snowscape|[upkeep]
|upkeep
|
|t:|1779832123
|switch|p2a: Vermax|Meowscarada, F, shiny|56/100 brn
|turn|22
|
|t:|1779832130
|move|p2a: Vermax|Flower Trick|p1a: Fish Fear Me
|-start|p2a: Vermax|typechange|Grass|[from] ability: Protean
|-supereffective|p1a: Fish Fear Me
|-crit|p1a: Fish Fear Me
|-damage|p1a: Fish Fear Me|37/100
|move|p1a: Fish Fear Me|Wish|p1a: Fish Fear Me
|
|-weather|none
|-damage|p2a: Vermax|49/100 brn|[from] brn
|upkeep
|turn|23
|
|t:|1779832145
|move|p2a: Vermax|Flower Trick|p1a: Fish Fear Me
|-supereffective|p1a: Fish Fear Me
|-crit|p1a: Fish Fear Me
|-damage|p1a: Fish Fear Me|5/100
|move|p1a: Fish Fear Me|Flip Turn|p2a: Vermax
|-resisted|p2a: Vermax
|-damage|p2a: Vermax|38/100 brn
|
|t:|1779832153
|switch|p1a: Maybe I'm a Lion|Landorus-Therian, M|36/100|[from] Flip Turn
|-ability|p1a: Maybe I'm a Lion|Intimidate|boost
|-unboost|p2a: Vermax|atk|1
|
|-heal|p1a: Maybe I'm a Lion|100/100|[from] move: Wish|[wisher] Fish Fear Me
|-damage|p2a: Vermax|32/100 brn|[from] brn
|upkeep
|turn|24
|
|t:|1779832165
|move|p2a: Vermax|U-turn|p1a: Maybe I'm a Lion
|-resisted|p1a: Maybe I'm a Lion
|-damage|p1a: Maybe I'm a Lion|96/100
|
|t:|1779832169
|switch|p2a: Vhagar|Walking Wake|100/100|[from] U-turn
|move|p1a: Maybe I'm a Lion|U-turn|p2a: Vhagar
|-damage|p2a: Vhagar|74/100
|
|t:|1779832186
|switch|p1a: Zip Zap|Regieleki|100/100|[from] U-turn
|
|upkeep
|turn|25
|
|t:|1779832198
|move|p1a: Zip Zap|Volt Switch|p2a: Vhagar
|-damage|p2a: Vhagar|24/100
|
|t:|1779832201
|switch|p1a: Jesus is King|Slowking-Galar, M|59/100|[from] Volt Switch
|move|p2a: Vhagar|Draco Meteor|p1a: Jesus is King|[miss]
|-miss|p2a: Vhagar|p1a: Jesus is King
|
|upkeep
|turn|26
|
|t:|1779832209
|move|p2a: Vhagar|Draco Meteor|p1a: Jesus is King|[miss]
|-miss|p2a: Vhagar|p1a: Jesus is King
|-prepare|p1a: Jesus is King|Chilly Reception|[premajor]
|move|p1a: Jesus is King|Chilly Reception|p1a: Jesus is King
|-weather|Snowscape
|
|t:|1779832215
|switch|p1a: Zip Zap|Regieleki|100/100|[from] Chilly Reception
|
|-weather|Snowscape|[upkeep]
|upkeep
|turn|27
|
|t:|1779832221
|-end|p2a: Vhagar|Protosynthesis|[silent]
|switch|p2a: Vermax|Meowscarada, F, shiny|32/100 brn
|move|p1a: Zip Zap|Volt Switch|p2a: Vermax
|-resisted|p2a: Vermax
|-damage|p2a: Vermax|1/100 brn
|
|t:|1779832231
|switch|p1a: Maybe I'm a Lion|Landorus-Therian, M|96/100|[from] Volt Switch
|-ability|p1a: Maybe I'm a Lion|Intimidate|boost
|-unboost|p2a: Vermax|atk|1
|
|-weather|Snowscape|[upkeep]
|-heal|p1a: Maybe I'm a Lion|100/100|[from] item: Leftovers
|-damage|p2a: Vermax|0 fnt|[from] brn
|faint|p2a: Vermax
|upkeep
|
|t:|1779832241
|switch|p2a: Vhagar|Walking Wake|24/100
|turn|28
|
|t:|1779832256
|move|p2a: Vhagar|Hydro Pump|p1a: Maybe I'm a Lion|[miss]
|-miss|p2a: Vhagar|p1a: Maybe I'm a Lion
|move|p1a: Maybe I'm a Lion|U-turn|p2a: Vhagar
|-damage|p2a: Vhagar|0 fnt
|faint|p2a: Vhagar
|-end|p2a: Vhagar|Protosynthesis|[silent]
|
|win|pokylemon
|raw|pokylemon's rating: 1121 &rarr; <strong>1143</strong><br />(+22 for winning)
|raw|kingsvk's rating: 1074 &rarr; <strong>1056</strong><br />(-18 for losing)
|l|☆kingsvk
|player|p2|
