|j|☆0c3an m4n
|j|☆Igoodnamename
|t:|1779800166
|gametype|singles
|player|p1|0c3an m4n|marlon|1556
|player|p2|Igoodnamename|aaron|1666
|gen|9
|tier|[Gen 9] OU
|rated|
|rule|HP Percentage Mod: HP is shown in percentages
|rule|Endless Battle Clause: Forcing endless battles is banned
|rule|Species Clause: Limit one of each Pokémon
|rule|OHKO Clause: OHKO moves are banned
|rule|Evasion Items Clause: Evasion items are banned
|rule|Evasion Moves Clause: Evasion moves are banned
|rule|Evasion Abilities Clause: Evasion abilities are banned
|rule|Sleep Moves Clause: Sleep-inducing moves are banned
|clearpoke
|poke|p1|Quaquaval, M|
|poke|p1|Barraskewda, M|
|poke|p1|Pelipper, F|
|poke|p1|Slither Wing|
|poke|p1|Hatterene, F|
|poke|p1|Crawdaunt, M|
|poke|p2|Pecharunt|
|poke|p2|Slowking, M|
|poke|p2|Iron Treads|
|poke|p2|Zamazenta-*|
|poke|p2|Umbreon, M|
|poke|p2|Ogerpon, F|
|teampreview
|
|t:|1779800189
|teamsize|p1|6
|teamsize|p2|6
|start
|switch|p1a: El papu|Slither Wing, shiny|100/100
|switch|p2a: Slowking|Slowking, M|100/100
|turn|1
|
|t:|1779800195
|switch|p2a: Iron Treads|Iron Treads|100/100
|move|p1a: El papu|U-turn|p2a: Iron Treads
|-resisted|p2a: Iron Treads
|-damage|p2a: Iron Treads|77/100
|
|t:|1779800199
|-end|p1a: El papu|Protosynthesis|[silent]
|switch|p1a: Sphyraena (Fih) 🐟|Barraskewda, M, shiny|100/100|[from] U-turn
|
|-heal|p2a: Iron Treads|83/100|[from] item: Leftovers
|upkeep
|turn|2
|
|t:|1779800203
|-end|p2a: Iron Treads|Quark Drive|[silent]
|switch|p2a: Slowking|Slowking, M|100/100
|move|p1a: Sphyraena (Fih) 🐟|Flip Turn|p2a: Slowking
|-resisted|p2a: Slowking
|-damage|p2a: Slowking|77/100
|
|t:|1779800205
|switch|p1a: El papu|Slither Wing, shiny|100/100|[from] Flip Turn
|
|upkeep
|turn|3
|
|t:|1779800210
|switch|p2a: Iron Treads|Iron Treads|83/100
|move|p1a: El papu|U-turn|p2a: Iron Treads
|-resisted|p2a: Iron Treads
|-damage|p2a: Iron Treads|60/100
|
|t:|1779800214
|-end|p1a: El papu|Protosynthesis|[silent]
|switch|p1a: Sphyraena (Fih) 🐟|Barraskewda, M, shiny|100/100|[from] U-turn
|
|-heal|p2a: Iron Treads|66/100|[from] item: Leftovers
|upkeep
|turn|4
|
|t:|1779800219
|-end|p2a: Iron Treads|Quark Drive|[silent]
|switch|p2a: Umbreon|Umbreon, M|100/100
|move|p1a: Sphyraena (Fih) 🐟|Flip Turn|p2a: Umbreon
|-damage|p2a: Umbreon|69/100
|
|t:|1779800222
|switch|p1a: El papu|Slither Wing, shiny|100/100|[from] Flip Turn
|
|-heal|p2a: Umbreon|75/100|[from] item: Leftovers
|upkeep
|turn|5
|
|t:|1779800225
|-terastallize|p2a: Umbreon|Water
|move|p1a: El papu|U-turn|p2a: Umbreon
|-damage|p2a: Umbreon|39/100
|
|t:|1779800229
|-end|p1a: El papu|Protosynthesis|[silent]
|switch|p1a: Si|Hatterene, F, shiny|100/100|[from] U-turn
|move|p2a: Umbreon|Wish|p2a: Umbreon
|
|-heal|p2a: Umbreon|45/100|[from] item: Leftovers
|upkeep
|turn|6
|
|t:|1779800236
|move|p2a: Umbreon|Protect|p2a: Umbreon
|-singleturn|p2a: Umbreon|Protect
|move|p1a: Si|Mystical Fire|p2a: Umbreon
|-activate|p2a: Umbreon|move: Protect
|
|-heal|p2a: Umbreon|95/100|[from] move: Wish|[wisher] Umbreon
|-heal|p2a: Umbreon|100/100|[from] item: Leftovers
|upkeep
|turn|7
|
|t:|1779800239
|move|p2a: Umbreon|Wish|p2a: Umbreon
|move|p1a: Si|Nuzzle|p2a: Umbreon
|-supereffective|p2a: Umbreon
|-crit|p2a: Umbreon
|-damage|p2a: Umbreon|93/100
|-status|p2a: Umbreon|par
|
|-heal|p2a: Umbreon|99/100 par|[from] item: Leftovers
|upkeep
|turn|8
|
|t:|1779800241
|switch|p2a: Iron Treads|Iron Treads|66/100
|move|p1a: Si|Psychic|p2a: Iron Treads
|-resisted|p2a: Iron Treads
|-damage|p2a: Iron Treads|42/100
|
|-heal|p2a: Iron Treads|93/100|[from] move: Wish|[wisher] Umbreon
|-heal|p2a: Iron Treads|99/100|[from] item: Leftovers
|upkeep
|turn|9
|
|t:|1779800248
|move|p2a: Iron Treads|Earthquake|p1a: Si
|-damage|p1a: Si|52/100
|move|p1a: Si|Mystical Fire|p2a: Iron Treads
|-supereffective|p2a: Iron Treads
|-damage|p2a: Iron Treads|49/100
|-unboost|p2a: Iron Treads|spa|1
|
|-heal|p2a: Iron Treads|56/100|[from] item: Leftovers
|upkeep
|turn|10
|
|t:|1779800254
|move|p2a: Iron Treads|Stealth Rock|p1a: Si
|move|p1a: Si|Stealth Rock|p2a: Iron Treads|[from] ability: Magic Bounce
|-sidestart|p2: Igoodnamename|move: Stealth Rock
|move|p1a: Si|Mystical Fire|p2a: Iron Treads
|-supereffective|p2a: Iron Treads
|-damage|p2a: Iron Treads|0 fnt
|faint|p2a: Iron Treads
|-end|p2a: Iron Treads|Quark Drive|[silent]
|
|upkeep
|
|t:|1779800259
|switch|p2a: Pecharunt|Pecharunt|100/100
|-damage|p2a: Pecharunt|88/100|[from] Stealth Rock
|-item|p2a: Pecharunt|Air Balloon
|turn|11
|
|t:|1779800261
|-terastallize|p1a: Si|Poison
|move|p2a: Pecharunt|Shadow Ball|p1a: Si
|-crit|p1a: Si
|-damage|p1a: Si|22/100
|move|p1a: Si|Psychic|p2a: Pecharunt
|-supereffective|p2a: Pecharunt
|-damage|p2a: Pecharunt|0 fnt
|-enditem|p2a: Pecharunt|Air Balloon
|faint|p2a: Pecharunt
|
|upkeep
|
|t:|1779800266
|switch|p2a: Ogerpon|Ogerpon, F|100/100
|-damage|p2a: Ogerpon|88/100|[from] Stealth Rock
|turn|12
|
|t:|1779800271
|move|p2a: Ogerpon|Knock Off|p1a: Si
|-crit|p1a: Si
|-damage|p1a: Si|0 fnt
|-enditem|p1a: Si|Assault Vest|[from] move: Knock Off|[of] p2a: Ogerpon
|faint|p1a: Si
|
|upkeep
|
|t:|1779800274
|switch|p1a: El papu|Slither Wing, shiny|100/100
|turn|13
|
|t:|1779800278
|move|p1a: El papu|First Impression|p2a: Ogerpon
|-supereffective|p2a: Ogerpon
|-damage|p2a: Ogerpon|0 fnt
|faint|p2a: Ogerpon
|
|upkeep
|
|t:|1779800285
|switch|p2a: Slowking|Slowking, M|100/100
|-damage|p2a: Slowking|88/100|[from] Stealth Rock
|turn|14
|
|t:|1779800295
|-end|p1a: El papu|Protosynthesis|[silent]
|switch|p1a: Berdly|Quaquaval, M, shiny|100/100
|move|p2a: Slowking|Future Sight|p1a: Berdly
|-start|p2a: Slowking|move: Future Sight
|
|upkeep
|turn|15
|
|t:|1779800299
|move|p1a: Berdly|Swords Dance|p1a: Berdly
|-boost|p1a: Berdly|atk|2
|move|p2a: Slowking|Scald|p1a: Berdly
|-resisted|p1a: Berdly
|-damage|p1a: Berdly|81/100
|
|upkeep
|turn|16
|
|t:|1779800306
|move|p1a: Berdly|Close Combat|p2a: Slowking
|-resisted|p2a: Slowking
|-damage|p2a: Slowking|32/100
|-unboost|p1a: Berdly|def|1
|-unboost|p1a: Berdly|spd|1
|move|p2a: Slowking|Scald|p1a: Berdly
|-resisted|p1a: Berdly
|-crit|p1a: Berdly
|-damage|p1a: Berdly|31/100
|-status|p1a: Berdly|brn
|
|-end|p1a: Berdly|move: Future Sight
|-supereffective|p1a: Berdly
|-damage|p1a: Berdly|0 fnt
|faint|p1a: Berdly
|upkeep
|
|t:|1779800309
|switch|p1a: Apernao 🔥|Crawdaunt, M, shiny|100/100
|turn|17
|
|t:|1779800312
|switch|p2a: Umbreon|Umbreon, M, tera:Water|99/100 par
|-damage|p2a: Umbreon|87/100 par|[from] Stealth Rock
|move|p1a: Apernao 🔥|Knock Off|p2a: Umbreon
|-damage|p2a: Umbreon|43/100 par
|-enditem|p2a: Umbreon|Leftovers|[from] move: Knock Off|[of] p1a: Apernao 🔥
|
|upkeep
|turn|18
|
|t:|1779800322
|move|p1a: Apernao 🔥|Swords Dance|p1a: Apernao 🔥
|-boost|p1a: Apernao 🔥|atk|2
|move|p2a: Umbreon|Foul Play|p1a: Apernao 🔥
|-resisted|p1a: Apernao 🔥
|-damage|p1a: Apernao 🔥|27/100
|
|upkeep
|turn|19
|
|t:|1779800327
|move|p1a: Apernao 🔥|Knock Off|p2a: Umbreon
|-damage|p2a: Umbreon|0 fnt
|faint|p2a: Umbreon
|
|upkeep
|
|t:|1779800334
|switch|p2a: Zamazenta|Zamazenta|100/100
|-damage|p2a: Zamazenta|94/100|[from] Stealth Rock
|-ability|p2a: Zamazenta|Dauntless Shield|boost
|-boost|p2a: Zamazenta|def|1
|turn|20
|
|t:|1779800342
|move|p2a: Zamazenta|Stone Edge|p1a: Apernao 🔥
|-damage|p1a: Apernao 🔥|0 fnt
|faint|p1a: Apernao 🔥
|
|upkeep
|
|t:|1779800347
|switch|p1a: Risk of what?|Pelipper, F, shiny|100/100
|-weather|RainDance|[from] ability: Drizzle|[of] p1a: Risk of what?
|turn|21
|
|t:|1779800357
|switch|p2a: Slowking|Slowking, M|66/100
|-damage|p2a: Slowking|53/100|[from] Stealth Rock
|move|p1a: Risk of what?|Hurricane|p2a: Slowking
|-damage|p2a: Slowking|35/100
|-start|p2a: Slowking|confusion
|
|-weather|RainDance|[upkeep]
|upkeep
|turn|22
|
|t:|1779800360
|move|p1a: Risk of what?|U-turn|p2a: Slowking
|-supereffective|p2a: Slowking
|-damage|p2a: Slowking|18/100
|
|t:|1779800363
|switch|p1a: Sphyraena (Fih) 🐟|Barraskewda, M, shiny|100/100|[from] U-turn
|-activate|p2a: Slowking|confusion
|move|p2a: Slowking|Future Sight|p1a: Sphyraena (Fih) 🐟
|-start|p2a: Slowking|move: Future Sight
|
|-weather|RainDance|[upkeep]
|upkeep
|turn|23
|
|t:|1779800367
|move|p1a: Sphyraena (Fih) 🐟|Liquidation|p2a: Slowking
|-resisted|p2a: Slowking
|-damage|p2a: Slowking|0 fnt
|faint|p2a: Slowking
|
|-weather|RainDance|[upkeep]
|upkeep
|
|t:|1779800370
|switch|p2a: Zamazenta|Zamazenta|94/100
|-damage|p2a: Zamazenta|88/100|[from] Stealth Rock
|turn|24
|
|t:|1779800372
|move|p1a: Sphyraena (Fih) 🐟|Liquidation|p2a: Zamazenta
|-damage|p2a: Zamazenta|0 fnt
|faint|p2a: Zamazenta
|
|win|0c3an m4n
|raw|0c3an m4n's rating: 1556 &rarr; <strong>1582</strong><br />(+26 for winning)
|raw|Igoodnamename's rating: 1666 &rarr; <strong>1640</strong><br />(-26 for losing)
|l|☆Igoodnamename
|player|p2|
|l|☆0c3an m4n
|player|p1|
