|j|☆xdcxor
|j|☆LLCDoubleOG
|t:|1779893609
|gametype|singles
|player|p1|xdcxor|265|1173
|player|p2|LLCDoubleOG|dancer|1132
|gen|9
|tier|[Gen 9] OU
|rated|
|rule|HP Percentage Mod: HP is shown in percentages
|rule|Endless Battle Clause: Forcing endless battles is banned
|rule|Species Clause: Limit one of each Pokémon
|rule|OHKO Clause: OHKO moves are banned
|rule|Evasion Items Clause: Evasion items are banned
|rule|Evasion Moves Clause: Evasion moves are banned
|rule|Evasion Abilities Clause: Evasion abilities are banned
|rule|Sleep Moves Clause: Sleep-inducing moves are banned
|clearpoke
|poke|p1|Tornadus-Therian, M|
|poke|p1|Clefable, F|
|poke|p1|Rotom-Wash|
|poke|p1|Excadrill, M|
|poke|p1|Jirachi|
|poke|p1|Dragonite, F|
|poke|p2|Farigiraf, F|
|poke|p2|Moltres|
|poke|p2|Alomomola, F|
|poke|p2|Landorus-Therian, M|
|poke|p2|Meowscarada, M|
|poke|p2|Great Tusk|
|teampreview
|inactive|Battle timer is ON: inactive players will automatically lose when time's up. (requested by xdcxor)
|inactive|LLCDoubleOG has 120 seconds left.
|
|t:|1779893671
|teamsize|p1|6
|teamsize|p2|6
|start
|switch|p1a: Rotom|Rotom-Wash|100/100
|switch|p2a: Meowscarada|Meowscarada, M|100/100
|turn|1
|
|t:|1779893685
|switch|p1a: Dragonite|Dragonite, F|100/100
|move|p2a: Meowscarada|Knock Off|p1a: Dragonite
|-start|p2a: Meowscarada|typechange|Dark|[from] ability: Protean
|-damage|p1a: Dragonite|73/100
|-enditem|p1a: Dragonite|Leftovers|[from] move: Knock Off|[of] p2a: Meowscarada
|
|upkeep
|turn|2
|
|t:|1779893692
|switch|p2a: Moltres|Moltres|100/100
|move|p1a: Dragonite|Dragon Claw|p2a: Moltres
|-damage|p2a: Moltres|62/100
|-status|p1a: Dragonite|brn|[from] ability: Flame Body|[of] p2a: Moltres
|
|-damage|p1a: Dragonite|67/100 brn|[from] brn
|upkeep
|turn|3
|
|t:|1779893702
|switch|p2a: Meowscarada|Meowscarada, M|100/100
|move|p1a: Dragonite|Dragon Claw|p2a: Meowscarada
|-damage|p2a: Meowscarada|63/100
|
|-damage|p1a: Dragonite|61/100 brn|[from] brn
|upkeep
|turn|4
|
|t:|1779893714
|move|p2a: Meowscarada|Triple Axel|p1a: Dragonite
|-start|p2a: Meowscarada|typechange|Ice|[from] ability: Protean
|-supereffective|p1a: Dragonite
|-damage|p1a: Dragonite|11/100 brn
|-supereffective|p1a: Dragonite
|-damage|p1a: Dragonite|0 fnt
|faint|p1a: Dragonite
|-hitcount|p1: Dragonite|2
|
|upkeep
|
|t:|1779893718
|switch|p1a: Jirachi|Jirachi|100/100
|turn|5
|
|t:|1779893722
|switch|p2a: Moltres|Moltres|62/100
|move|p1a: Jirachi|Iron Head|p2a: Moltres
|-resisted|p2a: Moltres
|-damage|p2a: Moltres|48/100
|-status|p1a: Jirachi|brn|[from] ability: Flame Body|[of] p2a: Moltres
|
|-damage|p1a: Jirachi|94/100 brn|[from] brn
|upkeep
|turn|6
|-message|xdcxor forfeited.
|
|win|LLCDoubleOG
|raw|xdcxor's rating: 1173 &rarr; <strong>1145</strong><br />(-28 for losing)
|raw|LLCDoubleOG's rating: 1132 &rarr; <strong>1160</strong><br />(+28 for winning)
|l|☆xdcxor
|player|p1|
