|j|☆ghostoftheranch
|j|☆wxdwxdwxd
|t:|1779913536
|gametype|singles
|player|p1|ghostoftheranch|medium|1565
|player|p2|wxdwxdwxd|265|1586
|gen|9
|tier|[Gen 9] OU
|rated|
|rule|HP Percentage Mod: HP is shown in percentages
|rule|Endless Battle Clause: Forcing endless battles is banned
|rule|Species Clause: Limit one of each Pokémon
|rule|OHKO Clause: OHKO moves are banned
|rule|Evasion Items Clause: Evasion items are banned
|rule|Evasion Moves Clause: Evasion moves are banned
|rule|Evasion Abilities Clause: Evasion abilities are banned
|rule|Sleep Moves Clause: Sleep-inducing moves are banned
|clearpoke
|poke|p1|Torkoal, F|
|poke|p1|Fezandipiti, M|
|poke|p1|Great Tusk|
|poke|p1|Cinderace, F|
|poke|p1|Mandibuzz, F|
|poke|p1|Volcanion|
|poke|p2|Dragonite, M|
|poke|p2|Ogerpon-Cornerstone, F|
|poke|p2|Hatterene, F|
|poke|p2|Iron Treads|
|poke|p2|Kingambit, F|
|poke|p2|Zapdos|
|teampreview
|inactive|Battle timer is ON: inactive players will automatically lose when time's up. (requested by wxdwxdwxd)
|
|t:|1779913572
|teamsize|p1|6
|teamsize|p2|6
|start
|switch|p1a: Torkoal|Torkoal, F|100/100
|switch|p2a: Zapdos|Zapdos|100/100
|-weather|SunnyDay|[from] ability: Drought|[of] p1a: Torkoal
|turn|1
|
|t:|1779913585
|move|p2a: Zapdos|Volt Switch|p1a: Torkoal
|-damage|p1a: Torkoal|54/100
|
|t:|1779913588
|switch|p2a: Dragonite|Dragonite, M|100/100|[from] Volt Switch
|move|p1a: Torkoal|Fire Blast|p2a: Dragonite
|-resisted|p2a: Dragonite
|-damage|p2a: Dragonite|84/100
|-status|p2a: Dragonite|brn
|
|-weather|SunnyDay|[upkeep]
|-heal|p2a: Dragonite|91/100 brn|[from] item: Leftovers
|-damage|p2a: Dragonite|84/100 brn|[from] brn
|upkeep
|turn|2
|
|t:|1779913597
|switch|p2a: Zapdos|Zapdos|100/100
|move|p1a: Torkoal|Stealth Rock|p2a: Zapdos
|-sidestart|p2: wxdwxdwxd|move: Stealth Rock
|
|-weather|SunnyDay|[upkeep]
|upkeep
|turn|3
|
|t:|1779913605
|switch|p1a: Great Tusk|Great Tusk|100/100
|-activate|p1a: Great Tusk|ability: Protosynthesis
|-start|p1a: Great Tusk|protosynthesisatk
|move|p2a: Zapdos|Hurricane|p1a: Great Tusk|[miss]
|-miss|p2a: Zapdos|p1a: Great Tusk
|
|-weather|SunnyDay|[upkeep]
|upkeep
|turn|4
|
|t:|1779913612
|move|p2a: Zapdos|Hurricane|p1a: Great Tusk|[miss]
|-miss|p2a: Zapdos|p1a: Great Tusk
|move|p1a: Great Tusk|Ice Spinner|p2a: Zapdos
|-supereffective|p2a: Zapdos
|-damage|p2a: Zapdos|9/100
|
|-weather|SunnyDay|[upkeep]
|upkeep
|turn|5
|
|t:|1779913625
|-end|p1a: Great Tusk|Protosynthesis|[silent]
|switch|p1a: Fezandipiti|Fezandipiti, M|100/100
|move|p2a: Zapdos|Hurricane|p1a: Fezandipiti
|-damage|p1a: Fezandipiti|61/100
|-start|p1a: Fezandipiti|confusion
|
|-weather|SunnyDay|[upkeep]
|-heal|p1a: Fezandipiti|67/100|[from] item: Leftovers
|upkeep
|turn|6
|
|t:|1779913631
|switch|p2a: Iron Treads|Iron Treads|100/100
|-damage|p2a: Iron Treads|97/100|[from] Stealth Rock
|-item|p2a: Iron Treads|Air Balloon
|-activate|p1a: Fezandipiti|confusion
|-damage|p1a: Fezandipiti|60/100|[from] confusion
|
|-weather|SunnyDay|[upkeep]
|-heal|p1a: Fezandipiti|66/100|[from] item: Leftovers
|upkeep
|turn|7
|
|t:|1779913642
|move|p2a: Iron Treads|Rapid Spin|p1a: Fezandipiti
|-damage|p1a: Fezandipiti|49/100
|-boost|p2a: Iron Treads|spe|1
|-sideend|p2: wxdwxdwxd|Stealth Rock|[from] move: Rapid Spin|[of] p2a: Iron Treads
|-activate|p1a: Fezandipiti|confusion
|move|p1a: Fezandipiti|Heat Wave|p2a: Iron Treads
|-supereffective|p2a: Iron Treads
|-crit|p2a: Iron Treads
|-damage|p2a: Iron Treads|0 fnt
|-enditem|p2a: Iron Treads|Air Balloon
|faint|p2a: Iron Treads
|-end|p2a: Iron Treads|Quark Drive|[silent]
|
|-weather|SunnyDay|[upkeep]
|-heal|p1a: Fezandipiti|55/100|[from] item: Leftovers
|upkeep
|
|t:|1779913649
|switch|p2a: Ogerpon|Ogerpon-Cornerstone, F|100/100
|turn|8
|
|t:|1779913671
|move|p2a: Ogerpon|Ivy Cudgel|p1a: Fezandipiti|[anim] Ivy Cudgel Rock
|-crit|p1a: Fezandipiti
|-damage|p1a: Fezandipiti|0 fnt
|faint|p1a: Fezandipiti
|
|-weather|none
|upkeep
|l|☆wxdwxdwxd
|inactive|wxdwxdwxd disconnected and has a minute to reconnect!
|player|p2|
|inactive|ghostoftheranch has 120 seconds left.
|j|☆wxdwxdwxd
|inactive|wxdwxdwxd reconnected.
|player|p2|wxdwxdwxd|265|
|inactive|ghostoftheranch has 90 seconds left.
|
|t:|1779913723
|switch|p1a: Mandibuzz|Mandibuzz, F|100/100
|turn|9
|inactiveoff|Battle timer is now OFF.
|
|t:|1779913729
|switch|p2a: Hatterene|Hatterene, F|100/100
|-terastallize|p1a: Mandibuzz|Fairy
|move|p1a: Mandibuzz|Foul Play|p2a: Hatterene
|-damage|p2a: Hatterene|76/100
|-damage|p1a: Mandibuzz|84/100|[from] item: Rocky Helmet|[of] p2a: Hatterene
|
|upkeep
|turn|10
|inactive|Battle timer is ON: inactive players will automatically lose when time's up. (requested by ghostoftheranch)
|
|t:|1779913738
|switch|p1a: Torkoal|Torkoal, F|54/100
|-weather|SunnyDay|[from] ability: Drought|[of] p1a: Torkoal
|move|p2a: Hatterene|Nuzzle|p1a: Torkoal
|-damage|p1a: Torkoal|51/100
|-status|p1a: Torkoal|par
|
|-weather|SunnyDay|[upkeep]
|upkeep
|turn|11
|
|t:|1779913745
|move|p2a: Hatterene|Psychic Noise|p1a: Torkoal
|-damage|p1a: Torkoal|0 fnt
|faint|p1a: Torkoal
|
|-weather|SunnyDay|[upkeep]
|upkeep
|
|t:|1779913754
|switch|p1a: Volcanion|Volcanion|100/100
|turn|12
|
|t:|1779913759
|move|p1a: Volcanion|Fire Blast|p2a: Hatterene
|-damage|p2a: Hatterene|0 fnt
|faint|p2a: Hatterene
|
|-weather|SunnyDay|[upkeep]
|upkeep
|
|t:|1779913762
|switch|p2a: Zapdos|Zapdos|9/100
|turn|13
|
|t:|1779913771
|move|p2a: Zapdos|Thunderbolt|p1a: Volcanion
|-supereffective|p1a: Volcanion
|-damage|p1a: Volcanion|0 fnt
|faint|p1a: Volcanion
|
|-weather|SunnyDay|[upkeep]
|upkeep
|
|t:|1779913774
|switch|p1a: Great Tusk|Great Tusk|100/100
|-activate|p1a: Great Tusk|ability: Protosynthesis
|-start|p1a: Great Tusk|protosynthesisatk
|turn|14
|l|☆wxdwxdwxd
|inactive|wxdwxdwxd disconnected and has a minute to reconnect!
|player|p2|
|j|☆wxdwxdwxd
|inactive|wxdwxdwxd reconnected and has 120 seconds left.
|player|p2|wxdwxdwxd|265|
|
|t:|1779913808
|switch|p2a: Dragonite|Dragonite, M|84/100 brn
|move|p1a: Great Tusk|Ice Spinner|p2a: Dragonite
|-supereffective|p2a: Dragonite
|-damage|p2a: Dragonite|0 fnt
|faint|p2a: Dragonite
|
|-weather|SunnyDay|[upkeep]
|upkeep
|
|t:|1779913810
|switch|p2a: Ogerpon|Ogerpon-Cornerstone, F|100/100
|turn|15
|
|t:|1779913814
|-end|p1a: Great Tusk|Protosynthesis|[silent]
|switch|p1a: Mandibuzz|Mandibuzz, F, tera:Fairy|84/100
|move|p2a: Ogerpon|Power Whip|p1a: Mandibuzz
|-damage|p1a: Mandibuzz|44/100
|-damage|p2a: Ogerpon|84/100|[from] item: Rocky Helmet|[of] p1a: Mandibuzz
|
|-weather|SunnyDay|[upkeep]
|upkeep
|turn|16
|
|t:|1779913825
|-terastallize|p2a: Ogerpon|Rock
|detailschange|p2a: Ogerpon|Ogerpon-Cornerstone-Tera, F, tera:Rock
|-ability|p2a: Ogerpon|Embody Aspect (Cornerstone)|boost
|-boost|p2a: Ogerpon|def|1
|move|p2a: Ogerpon|Ivy Cudgel|p1a: Mandibuzz|[anim] Ivy Cudgel Rock
|-crit|p1a: Mandibuzz
|-damage|p1a: Mandibuzz|0 fnt
|faint|p1a: Mandibuzz
|
|-weather|SunnyDay|[upkeep]
|upkeep
|j| andalusiae
|
|t:|1779913835
|switch|p1a: Great Tusk|Great Tusk|100/100
|-activate|p1a: Great Tusk|ability: Protosynthesis
|-start|p1a: Great Tusk|protosynthesisatk
|turn|17
|
|t:|1779913843
|switch|p2a: Zapdos|Zapdos|9/100
|move|p1a: Great Tusk|Close Combat|p2a: Zapdos
|-resisted|p2a: Zapdos
|-damage|p2a: Zapdos|0 fnt
|-unboost|p1a: Great Tusk|def|1
|-unboost|p1a: Great Tusk|spd|1
|-status|p1a: Great Tusk|par|[from] ability: Static|[of] p2a: Zapdos
|faint|p2a: Zapdos
|
|-weather|none
|-end|p1a: Great Tusk|Protosynthesis
|upkeep
|
|t:|1779913853
|switch|p2a: Ogerpon|Ogerpon-Cornerstone-Tera, F, tera:Rock|84/100
|-ability|p2a: Ogerpon|Embody Aspect (Cornerstone)|boost
|-boost|p2a: Ogerpon|def|1
|turn|18
|
|t:|1779913872
|move|p2a: Ogerpon|Power Whip|p1a: Great Tusk
|-supereffective|p1a: Great Tusk
|-damage|p1a: Great Tusk|0 fnt
|faint|p1a: Great Tusk
|-end|p1a: Great Tusk|Protosynthesis|[silent]
|
|upkeep
|
|t:|1779913876
|switch|p1a: Cinderace|Cinderace, F|100/100
|turn|19
|
|t:|1779913883
|move|p2a: Ogerpon|Ivy Cudgel|p1a: Cinderace|[anim] Ivy Cudgel Rock
|-supereffective|p1a: Cinderace
|-damage|p1a: Cinderace|0 fnt
|faint|p1a: Cinderace
|
|win|wxdwxdwxd
|raw|ghostoftheranch's rating: 1565 &rarr; <strong>1546</strong><br />(-19 for losing)
|raw|wxdwxdwxd's rating: 1586 &rarr; <strong>1605</strong><br />(+19 for winning)
|l|☆ghostoftheranch
|player|p1|
|l|☆wxdwxdwxd
|player|p2|
|l| andalusiae
