|j|☆ReptilianPee
|j|☆Pine Steven
|t:|1779924293
|gametype|singles
|player|p1|ReptilianPee|roxie|1265
|player|p2|Pine Steven|artist-gen4|1310
|gen|9
|tier|[Gen 9] OU
|rated|
|rule|HP Percentage Mod: HP is shown in percentages
|rule|Endless Battle Clause: Forcing endless battles is banned
|rule|Species Clause: Limit one of each Pokémon
|rule|OHKO Clause: OHKO moves are banned
|rule|Evasion Items Clause: Evasion items are banned
|rule|Evasion Moves Clause: Evasion moves are banned
|rule|Evasion Abilities Clause: Evasion abilities are banned
|rule|Sleep Moves Clause: Sleep-inducing moves are banned
|clearpoke
|poke|p1|Lokix, M|
|poke|p1|Iron Treads|
|poke|p1|Darkrai|
|poke|p1|Iron Valiant|
|poke|p1|Slowking-Galar, F|
|poke|p1|Iron Moth|
|poke|p2|Slowking, M|
|poke|p2|Toxapex, F|
|poke|p2|Alomomola, M|
|poke|p2|Dondozo, M|
|poke|p2|Blissey, F|
|poke|p2|Great Tusk|
|teampreview
|inactive|Battle timer is ON: inactive players will automatically lose when time's up. (requested by ReptilianPee)
|inactive|ReptilianPee has 120 seconds left.
|
|t:|1779924329
|teamsize|p1|6
|teamsize|p2|6
|start
|switch|p1a: Lokix|Lokix, M, shiny|100/100
|switch|p2a: Slowking|Slowking, M|100/100
|turn|1
|
|t:|1779924337
|switch|p2a: Alomomola|Alomomola, M|100/100
|move|p1a: Lokix|Knock Off|p2a: Alomomola
|-damage|p2a: Alomomola|60/100
|-enditem|p2a: Alomomola|Heavy-Duty Boots|[from] move: Knock Off|[of] p1a: Lokix
|
|upkeep
|turn|2
|inactive|Pine Steven has 120 seconds left.
|
|t:|1779924385
|switch|p1a: Slowking|Slowking-Galar, F|100/100
|move|p2a: Alomomola|Wish|p2a: Alomomola
|
|upkeep
|turn|3
|
|t:|1779924397
|move|p2a: Alomomola|Protect|p2a: Alomomola
|-singleturn|p2a: Alomomola|Protect
|-prepare|p1a: Slowking|Chilly Reception|[premajor]
|move|p1a: Slowking|Chilly Reception|p1a: Slowking
|-weather|Snowscape
|
|t:|1779924403
|switch|p1a: Lokix|Lokix, M, shiny|100/100|[from] Chilly Reception
|
|-weather|Snowscape|[upkeep]
|-heal|p2a: Alomomola|100/100|[from] move: Wish|[wisher] Alomomola
|upkeep
|turn|4
|
|t:|1779924414
|-terastallize|p2a: Alomomola|Flying
|move|p1a: Lokix|U-turn|p2a: Alomomola
|-resisted|p2a: Alomomola
|-damage|p2a: Alomomola|76/100
|
|t:|1779924420
|switch|p1a: Slowking|Slowking-Galar, F|100/100|[from] U-turn
|move|p2a: Alomomola|Whirlpool|p1a: Slowking
|-damage|p1a: Slowking|97/100
|-activate|p1a: Slowking|move: Whirlpool|[of] p2a: Alomomola
|
|-weather|Snowscape|[upkeep]
|-damage|p1a: Slowking|84/100|[from] move: Whirlpool|[partiallytrapped]
|upkeep
|turn|5
|inactive|Pine Steven has 120 seconds left.
|
|t:|1779924430
|move|p2a: Alomomola|Wish|p2a: Alomomola
|move|p1a: Slowking|Future Sight|p2a: Alomomola
|-start|p1a: Slowking|move: Future Sight
|
|-weather|Snowscape|[upkeep]
|-damage|p1a: Slowking|72/100|[from] move: Whirlpool|[partiallytrapped]
|upkeep
|turn|6
|inactive|Pine Steven has 120 seconds left.
|
|t:|1779924442
|move|p2a: Alomomola|Chilling Water|p1a: Slowking
|-damage|p1a: Slowking|67/100
|-unboost|p1a: Slowking|atk|1
|-prepare|p1a: Slowking|Chilly Reception|[premajor]
|move|p1a: Slowking|Chilly Reception|p1a: Slowking
|
|t:|1779924457
|switch|p1a: Darkrai|Darkrai|100/100|[from] Chilly Reception
|
|-weather|Snowscape|[upkeep]
|-heal|p2a: Alomomola|100/100|[from] move: Wish|[wisher] Alomomola
|upkeep
|turn|7
|
|t:|1779924468
|switch|p2a: Blissey|Blissey, F|100/100
|move|p1a: Darkrai|Knock Off|p2a: Blissey
|-damage|p2a: Blissey|75/100
|-enditem|p2a: Blissey|Heavy-Duty Boots|[from] move: Knock Off|[of] p1a: Darkrai
|
|-weather|none
|-end|p2a: Blissey|move: Future Sight
|-damage|p2a: Blissey|61/100
|upkeep
|turn|8
|inactive|Pine Steven has 120 seconds left.
|
|t:|1779924484
|switch|p1a: Iron Treads|Iron Treads|100/100
|-enditem|p1a: Iron Treads|Booster Energy
|-activate|p1a: Iron Treads|ability: Quark Drive|[fromitem]
|-start|p1a: Iron Treads|quarkdrivespe
|move|p2a: Blissey|Soft-Boiled|p2a: Blissey
|-heal|p2a: Blissey|100/100
|
|upkeep
|turn|9
|
|t:|1779924488
|switch|p2a: Alomomola|Alomomola, M, tera:Flying|100/100
|move|p1a: Iron Treads|Stealth Rock|p2a: Alomomola
|-sidestart|p2: Pine Steven|move: Stealth Rock
|
|upkeep
|turn|10
|
|t:|1779924499
|move|p1a: Iron Treads|Ice Spinner|p2a: Alomomola
|-supereffective|p2a: Alomomola
|-damage|p2a: Alomomola|75/100
|move|p2a: Alomomola|Whirlpool|p1a: Iron Treads
|-supereffective|p1a: Iron Treads
|-damage|p1a: Iron Treads|81/100
|-activate|p1a: Iron Treads|move: Whirlpool|[of] p2a: Alomomola
|
|-damage|p1a: Iron Treads|69/100|[from] move: Whirlpool|[partiallytrapped]
|upkeep
|turn|11
|
|t:|1779924506
|move|p1a: Iron Treads|Ice Spinner|p2a: Alomomola
|-supereffective|p2a: Alomomola
|-damage|p2a: Alomomola|46/100
|move|p2a: Alomomola|Wish|p2a: Alomomola
|
|-damage|p1a: Iron Treads|56/100|[from] move: Whirlpool|[partiallytrapped]
|upkeep
|turn|12
|
|t:|1779924511
|move|p1a: Iron Treads|Ice Spinner|p2a: Alomomola
|-supereffective|p2a: Alomomola
|-damage|p2a: Alomomola|21/100
|move|p2a: Alomomola|Chilling Water|p1a: Iron Treads
|-supereffective|p1a: Iron Treads
|-damage|p1a: Iron Treads|33/100
|-unboost|p1a: Iron Treads|atk|1
|
|-heal|p2a: Alomomola|71/100|[from] move: Wish|[wisher] Alomomola
|-damage|p1a: Iron Treads|21/100|[from] move: Whirlpool|[partiallytrapped]
|upkeep
|turn|13
|
|t:|1779924518
|move|p1a: Iron Treads|Ice Spinner|p2a: Alomomola
|-supereffective|p2a: Alomomola
|-damage|p2a: Alomomola|52/100
|move|p2a: Alomomola|Wish|p2a: Alomomola
|
|-damage|p1a: Iron Treads|8/100|[from] move: Whirlpool|[partiallytrapped]
|upkeep
|turn|14
|
|t:|1779924522
|move|p2a: Alomomola|Protect|p2a: Alomomola
|-singleturn|p2a: Alomomola|Protect
|move|p1a: Iron Treads|Ice Spinner|p2a: Alomomola
|-activate|p2a: Alomomola|move: Protect
|
|-heal|p2a: Alomomola|100/100|[from] move: Wish|[wisher] Alomomola
|-damage|p1a: Iron Treads|0 fnt|[from] move: Whirlpool|[partiallytrapped]
|faint|p1a: Iron Treads
|-end|p1a: Iron Treads|Quark Drive|[silent]
|upkeep
|
|t:|1779924528
|switch|p1a: Darkrai|Darkrai|100/100
|turn|15
|
|t:|1779924543
|switch|p1a: Iron Valiant|Iron Valiant|100/100
|-enditem|p1a: Iron Valiant|Booster Energy
|-activate|p1a: Iron Valiant|ability: Quark Drive|[fromitem]
|-start|p1a: Iron Valiant|quarkdrivespe
|switch|p2a: Blissey|Blissey, F|100/100
|-damage|p2a: Blissey|88/100|[from] Stealth Rock
|
|upkeep
|turn|16
|
|t:|1779924549
|switch|p2a: Toxapex|Toxapex, F|100/100
|move|p1a: Iron Valiant|Moonblast|p2a: Toxapex
|-resisted|p2a: Toxapex
|-damage|p2a: Toxapex|81/100
|
|upkeep
|turn|17
|
|t:|1779924559
|-terastallize|p1a: Iron Valiant|Steel
|move|p1a: Iron Valiant|Knock Off|p2a: Toxapex
|-damage|p2a: Toxapex|63/100
|-enditem|p2a: Toxapex|Heavy-Duty Boots|[from] move: Knock Off|[of] p1a: Iron Valiant
|move|p2a: Toxapex|Toxic|p1a: Iron Valiant
|-immune|p1a: Iron Valiant
|
|upkeep
|turn|18
|
|t:|1779924568
|move|p1a: Iron Valiant|Encore|p2a: Toxapex
|-start|p2a: Toxapex|Encore
|move|p2a: Toxapex|Toxic|p1a: Iron Valiant
|-immune|p1a: Iron Valiant
|
|upkeep
|turn|19
|
|t:|1779924576
|move|p1a: Iron Valiant|Moonblast|p2a: Toxapex
|-resisted|p2a: Toxapex
|-damage|p2a: Toxapex|43/100
|move|p2a: Toxapex|Toxic|p1a: Iron Valiant
|-immune|p1a: Iron Valiant
|
|upkeep
|turn|20
|
|t:|1779924586
|switch|p2a: Blissey|Blissey, F|88/100
|-damage|p2a: Blissey|76/100|[from] Stealth Rock
|move|p1a: Iron Valiant|Moonblast|p2a: Blissey
|-damage|p2a: Blissey|60/100
|
|upkeep
|turn|21
|
|t:|1779924597
|switch|p2a: Toxapex|Toxapex, F|76/100
|-damage|p2a: Toxapex|64/100|[from] Stealth Rock
|move|p1a: Iron Valiant|Close Combat|p2a: Toxapex
|-resisted|p2a: Toxapex
|-damage|p2a: Toxapex|48/100
|-unboost|p1a: Iron Valiant|def|1
|-unboost|p1a: Iron Valiant|spd|1
|
|upkeep
|turn|22
|
|t:|1779924605
|move|p1a: Iron Valiant|Moonblast|p2a: Toxapex
|-resisted|p2a: Toxapex
|-damage|p2a: Toxapex|28/100
|-unboost|p2a: Toxapex|spa|1
|move|p2a: Toxapex|Recover|p2a: Toxapex
|-heal|p2a: Toxapex|78/100
|
|upkeep
|turn|23
|
|t:|1779924624
|switch|p2a: Slowking|Slowking, M|100/100
|move|p1a: Iron Valiant|Encore||[still]
|-fail|p1a: Iron Valiant
|
|upkeep
|turn|24
|
|t:|1779924630
|move|p1a: Iron Valiant|Knock Off|p2a: Slowking
|-supereffective|p2a: Slowking
|-damage|p2a: Slowking|41/100
|-enditem|p2a: Slowking|Heavy-Duty Boots|[from] move: Knock Off|[of] p1a: Iron Valiant
|move|p2a: Slowking|Light Screen|p2a: Slowking
|-sidestart|p2: Pine Steven|move: Light Screen
|
|upkeep
|turn|25
|
|t:|1779924643
|switch|p2a: Great Tusk|Great Tusk|100/100
|move|p1a: Iron Valiant|Knock Off|p2a: Great Tusk
|-resisted|p2a: Great Tusk
|-damage|p2a: Great Tusk|93/100
|-enditem|p2a: Great Tusk|Heavy-Duty Boots|[from] move: Knock Off|[of] p1a: Iron Valiant
|
|upkeep
|turn|26
|
|t:|1779924653
|-end|p1a: Iron Valiant|Quark Drive|[silent]
|switch|p1a: Lokix|Lokix, M, shiny|100/100
|move|p2a: Great Tusk|Rapid Spin|p1a: Lokix
|-damage|p1a: Lokix|80/100
|-boost|p2a: Great Tusk|spe|1
|-sideend|p2: Pine Steven|Stealth Rock|[from] move: Rapid Spin|[of] p2a: Great Tusk
|
|upkeep
|turn|27
|
|t:|1779924664
|move|p2a: Great Tusk|Body Press|p1a: Lokix
|-damage|p1a: Lokix|6/100
|move|p1a: Lokix|Leech Life|p2a: Great Tusk
|-resisted|p2a: Great Tusk
|-damage|p2a: Great Tusk|66/100
|-heal|p1a: Lokix|27/100|[from] drain|[of] p2a: Great Tusk
|
|upkeep
|turn|28
|
|t:|1779924676
|switch|p1a: Slowking|Slowking-Galar, F|99/100
|move|p2a: Great Tusk|Body Press|p1a: Slowking
|-resisted|p1a: Slowking
|-damage|p1a: Slowking|88/100
|
|-sideend|p2: Pine Steven|move: Light Screen
|upkeep
|turn|29
|
|t:|1779924684
|move|p2a: Great Tusk|Knock Off|p1a: Slowking
|-supereffective|p1a: Slowking
|-damage|p1a: Slowking|26/100
|-enditem|p1a: Slowking|Heavy-Duty Boots|[from] move: Knock Off|[of] p2a: Great Tusk
|-prepare|p1a: Slowking|Chilly Reception|[premajor]
|move|p1a: Slowking|Chilly Reception|p1a: Slowking
|-weather|Snowscape
|
|t:|1779924687
|switch|p1a: Iron Moth|Iron Moth|100/100|[from] Chilly Reception
|-enditem|p1a: Iron Moth|Booster Energy
|-activate|p1a: Iron Moth|ability: Quark Drive|[fromitem]
|-start|p1a: Iron Moth|quarkdrivespe
|
|-weather|Snowscape|[upkeep]
|upkeep
|turn|30
|
|t:|1779924702
|-end|p2a: Great Tusk|Protosynthesis|[silent]
|switch|p2a: Slowking|Slowking, M|74/100
|move|p1a: Iron Moth|Fiery Dance|p2a: Slowking
|-resisted|p2a: Slowking
|-damage|p2a: Slowking|63/100
|
|-weather|Snowscape|[upkeep]
|upkeep
|turn|31
|
|t:|1779924712
|-end|p1a: Iron Moth|Quark Drive|[silent]
|switch|p1a: Lokix|Lokix, M, shiny|27/100
|move|p2a: Slowking|Reflect|p2a: Slowking
|-sidestart|p2: Pine Steven|Reflect
|
|-weather|Snowscape|[upkeep]
|upkeep
|turn|32
|
|t:|1779924717
|switch|p2a: Alomomola|Alomomola, M, tera:Flying|100/100
|move|p1a: Lokix|Leech Life|p2a: Alomomola
|-resisted|p2a: Alomomola
|-damage|p2a: Alomomola|86/100
|-heal|p1a: Lokix|40/100|[from] drain|[of] p2a: Alomomola
|
|-weather|Snowscape|[upkeep]
|upkeep
|turn|33
|
|t:|1779924724
|switch|p1a: Slowking|Slowking-Galar, F|60/100
|move|p2a: Alomomola|Chilling Water|p1a: Slowking
|-damage|p1a: Slowking|55/100
|-unboost|p1a: Slowking|atk|1
|
|-weather|none
|upkeep
|turn|34
|
|t:|1779924734
|switch|p2a: Blissey|Blissey, F|60/100
|move|p1a: Slowking|Ice Beam|p2a: Blissey
|-crit|p2a: Blissey
|-damage|p2a: Blissey|50/100
|
|upkeep
|turn|35
|
|t:|1779924749
|move|p2a: Blissey|Soft-Boiled|p2a: Blissey
|-heal|p2a: Blissey|99/100
|-prepare|p1a: Slowking|Chilly Reception|[premajor]
|move|p1a: Slowking|Chilly Reception|p1a: Slowking
|-weather|Snowscape
|
|t:|1779924755
|switch|p1a: Iron Valiant|Iron Valiant, tera:Steel|100/100|[from] Chilly Reception
|
|-weather|Snowscape|[upkeep]
|-sideend|p2: Pine Steven|Reflect
|upkeep
|turn|36
|
|t:|1779924773
|switch|p2a: Slowking|Slowking, M|97/100
|move|p1a: Iron Valiant|Close Combat|p2a: Slowking
|-resisted|p2a: Slowking
|-damage|p2a: Slowking|70/100
|-unboost|p1a: Iron Valiant|def|1
|-unboost|p1a: Iron Valiant|spd|1
|
|-weather|Snowscape|[upkeep]
|upkeep
|turn|37
|
|t:|1779924780
|-end|p1a: Iron Valiant|Quark Drive|[silent]
|switch|p1a: Lokix|Lokix, M, shiny|40/100
|move|p2a: Slowking|Reflect|p2a: Slowking
|-sidestart|p2: Pine Steven|Reflect
|
|-weather|Snowscape|[upkeep]
|upkeep
|turn|38
|
|t:|1779924788
|switch|p2a: Toxapex|Toxapex, F|100/100
|move|p1a: Lokix|Leech Life|p2a: Toxapex
|-resisted|p2a: Toxapex
|-damage|p2a: Toxapex|83/100
|-heal|p1a: Lokix|50/100|[from] drain|[of] p2a: Toxapex
|
|-weather|Snowscape|[upkeep]
|upkeep
|turn|39
|
|t:|1779924796
|switch|p1a: Slowking|Slowking-Galar, F|88/100
|move|p2a: Toxapex|Toxic|p1a: Slowking
|-immune|p1a: Slowking
|
|-weather|none
|upkeep
|turn|40
|
|t:|1779924803
|move|p2a: Toxapex|Sludge Bomb|p1a: Slowking
|-resisted|p1a: Slowking
|-damage|p1a: Slowking|82/100
|move|p1a: Slowking|Thunder Wave|p2a: Toxapex
|-status|p2a: Toxapex|par
|
|upkeep
|turn|41
|
|t:|1779924820
|switch|p2a: Great Tusk|Great Tusk|66/100
|move|p1a: Slowking|Future Sight|p2a: Great Tusk
|-start|p1a: Slowking|move: Future Sight
|
|-sideend|p2: Pine Steven|Reflect
|upkeep
|turn|42
|
|t:|1779924832
|-end|p2a: Great Tusk|Protosynthesis|[silent]
|switch|p2a: Blissey|Blissey, F|99/100
|move|p1a: Slowking|Ice Beam|p2a: Blissey
|-damage|p2a: Blissey|93/100
|-status|p2a: Blissey|frz
|
|upkeep
|turn|43
|
|t:|1779924839
|cant|p2a: Blissey|frz
|-prepare|p1a: Slowking|Chilly Reception|[premajor]
|move|p1a: Slowking|Chilly Reception|p1a: Slowking
|-weather|Snowscape
|
|t:|1779924842
|switch|p1a: Iron Valiant|Iron Valiant, tera:Steel|100/100|[from] Chilly Reception
|
|-weather|Snowscape|[upkeep]
|-end|p2a: Blissey|move: Future Sight
|-damage|p2a: Blissey|78/100 frz
|upkeep
|turn|44
|
|t:|1779924854
|-curestatus|p2a: Blissey|frz|[from] ability: Natural Cure|[silent]
|switch|p2a: Slowking|Slowking, M|100/100
|move|p1a: Iron Valiant|Close Combat|p2a: Slowking
|-resisted|p2a: Slowking
|-damage|p2a: Slowking|72/100
|-unboost|p1a: Iron Valiant|def|1
|-unboost|p1a: Iron Valiant|spd|1
|
|-weather|Snowscape|[upkeep]
|upkeep
|turn|45
|
|t:|1779924863
|-end|p1a: Iron Valiant|Quark Drive|[silent]
|switch|p1a: Darkrai|Darkrai|100/100
|move|p2a: Slowking|Reflect|p2a: Slowking
|-sidestart|p2: Pine Steven|Reflect
|
|-weather|Snowscape|[upkeep]
|upkeep
|turn|46
|
|t:|1779924872
|switch|p2a: Blissey|Blissey, F|78/100
|move|p1a: Darkrai|Dark Pulse|p2a: Blissey
|-damage|p2a: Blissey|65/100
|
|-weather|Snowscape|[upkeep]
|upkeep
|turn|47
|
|t:|1779924879
|switch|p1a: Iron Valiant|Iron Valiant, tera:Steel|100/100
|move|p2a: Blissey|Stealth Rock|p1a: Iron Valiant
|-sidestart|p1: ReptilianPee|move: Stealth Rock
|
|-weather|none
|upkeep
|turn|48
|
|t:|1779924887
|switch|p2a: Slowking|Slowking, M|100/100
|move|p1a: Iron Valiant|Knock Off|p2a: Slowking
|-supereffective|p2a: Slowking
|-damage|p2a: Slowking|81/100
|
|upkeep
|turn|49
|
|t:|1779924897
|move|p1a: Iron Valiant|Knock Off|p2a: Slowking
|-supereffective|p2a: Slowking
|-damage|p2a: Slowking|63/100
|move|p2a: Slowking|Light Screen|p2a: Slowking
|-sidestart|p2: Pine Steven|move: Light Screen
|
|-sideend|p2: Pine Steven|Reflect
|upkeep
|turn|50
|
|t:|1779924903
|move|p1a: Iron Valiant|Knock Off|p2a: Slowking
|-supereffective|p2a: Slowking
|-damage|p2a: Slowking|24/100
|move|p2a: Slowking|Slack Off|p2a: Slowking
|-heal|p2a: Slowking|75/100
|
|upkeep
|turn|51
|
|t:|1779924911
|move|p1a: Iron Valiant|Knock Off|p2a: Slowking
|-supereffective|p2a: Slowking
|-damage|p2a: Slowking|36/100
|move|p2a: Slowking|Reflect|p2a: Slowking
|-sidestart|p2: Pine Steven|Reflect
|
|upkeep
|turn|52
|
|t:|1779924916
|move|p1a: Iron Valiant|Encore|p2a: Slowking
|-start|p2a: Slowking|Encore
|move|p2a: Slowking|Reflect||[still]
|-fail|p2a: Slowking
|
|upkeep
|turn|53
|
|t:|1779924938
|switch|p2a: Great Tusk|Great Tusk|66/100
|move|p1a: Iron Valiant|Moonblast|p2a: Great Tusk
|-supereffective|p2a: Great Tusk
|-damage|p2a: Great Tusk|4/100
|-unboost|p2a: Great Tusk|spa|1
|
|-sideend|p2: Pine Steven|move: Light Screen
|upkeep
|turn|54
|
|t:|1779924954
|-end|p2a: Great Tusk|Protosynthesis|[silent]
|switch|p2a: Slowking|Slowking, M|69/100
|move|p1a: Iron Valiant|Moonblast|p2a: Slowking
|-damage|p2a: Slowking|40/100
|-unboost|p2a: Slowking|spa|1
|
|upkeep
|turn|55
|
|t:|1779924960
|move|p1a: Iron Valiant|Knock Off|p2a: Slowking
|-supereffective|p2a: Slowking
|-damage|p2a: Slowking|20/100
|move|p2a: Slowking|Slack Off|p2a: Slowking
|-heal|p2a: Slowking|70/100
|
|-sideend|p2: Pine Steven|Reflect
|upkeep
|turn|56
|
|t:|1779924968
|switch|p2a: Alomomola|Alomomola, M, tera:Flying|100/100
|move|p1a: Iron Valiant|Encore||[still]
|-fail|p1a: Iron Valiant
|
|upkeep
|turn|57
|
|t:|1779924985
|-end|p1a: Iron Valiant|Quark Drive|[silent]
|switch|p1a: Slowking|Slowking-Galar, F|100/100
|-damage|p1a: Slowking|88/100|[from] Stealth Rock
|move|p2a: Alomomola|Chilling Water|p1a: Slowking
|-damage|p1a: Slowking|83/100
|-unboost|p1a: Slowking|atk|1
|
|upkeep
|turn|58
|
|t:|1779924997
|switch|p2a: Blissey|Blissey, F|65/100
|move|p1a: Slowking|Future Sight|p2a: Blissey
|-start|p1a: Slowking|move: Future Sight
|
|upkeep
|turn|59
|
|t:|1779925013
|switch|p2a: Slowking|Slowking, M|100/100
|-prepare|p1a: Slowking|Chilly Reception|[premajor]
|move|p1a: Slowking|Chilly Reception|p1a: Slowking
|-weather|Snowscape
|
|t:|1779925020
|switch|p1a: Lokix|Lokix, M, shiny|50/100|[from] Chilly Reception
|-damage|p1a: Lokix|25/100|[from] Stealth Rock
|
|-weather|Snowscape|[upkeep]
|upkeep
|turn|60
|
|t:|1779925026
|switch|p2a: Alomomola|Alomomola, M, tera:Flying|100/100
|move|p1a: Lokix|Leech Life|p2a: Alomomola
|-resisted|p2a: Alomomola
|-crit|p2a: Alomomola
|-damage|p2a: Alomomola|51/100
|-heal|p1a: Lokix|72/100|[from] drain|[of] p2a: Alomomola
|
|-weather|Snowscape|[upkeep]
|-end|p2a: Alomomola|move: Future Sight
|-damage|p2a: Alomomola|1/100
|upkeep
|turn|61
|
|t:|1779925039
|switch|p2a: Toxapex|Toxapex, F|100/100 par
|move|p1a: Lokix|Leech Life|p2a: Toxapex
|-resisted|p2a: Toxapex
|-damage|p2a: Toxapex|65/100 par
|-heal|p1a: Lokix|91/100|[from] drain|[of] p2a: Toxapex
|
|-weather|Snowscape|[upkeep]
|upkeep
|turn|62
|
|t:|1779925049
|switch|p1a: Iron Valiant|Iron Valiant, tera:Steel|100/100
|-damage|p1a: Iron Valiant|94/100|[from] Stealth Rock
|switch|p2a: Dondozo|Dondozo, M|100/100
|
|-weather|Snowscape|[upkeep]
|upkeep
|turn|63
|
|t:|1779925053
|move|p1a: Iron Valiant|Knock Off|p2a: Dondozo
|-damage|p2a: Dondozo|87/100
|-enditem|p2a: Dondozo|Heavy-Duty Boots|[from] move: Knock Off|[of] p1a: Iron Valiant
|move|p2a: Dondozo|Earthquake|p1a: Iron Valiant
|-supereffective|p1a: Iron Valiant
|-damage|p1a: Iron Valiant|33/100
|
|-weather|none
|upkeep
|turn|64
|
|t:|1779925060
|-end|p1a: Iron Valiant|Quark Drive|[silent]
|switch|p1a: Lokix|Lokix, M, shiny|91/100
|-damage|p1a: Lokix|66/100|[from] Stealth Rock
|move|p2a: Dondozo|Earthquake|p1a: Lokix
|-resisted|p1a: Lokix
|-damage|p1a: Lokix|50/100
|
|upkeep
|turn|65
|
|t:|1779925069
|move|p1a: Lokix|Leech Life|p2a: Dondozo
|-damage|p2a: Dondozo|61/100
|-heal|p1a: Lokix|73/100|[from] drain|[of] p2a: Dondozo
|move|p2a: Dondozo|Avalanche|p1a: Lokix
|-damage|p1a: Lokix|29/100
|
|upkeep
|turn|66
|
|t:|1779925080
|switch|p1a: Darkrai|Darkrai|100/100
|move|p2a: Dondozo|Avalanche|p1a: Darkrai
|-crit|p1a: Darkrai
|-damage|p1a: Darkrai|74/100
|
|upkeep
|turn|67
|
|t:|1779925089
|switch|p2a: Blissey|Blissey, F|65/100
|move|p1a: Darkrai|Dark Pulse|p2a: Blissey
|-damage|p2a: Blissey|52/100
|
|upkeep
|turn|68
|
|t:|1779925099
|switch|p1a: Slowking|Slowking-Galar, F|100/100
|-damage|p1a: Slowking|88/100|[from] Stealth Rock
|move|p2a: Blissey|Soft-Boiled|p2a: Blissey
|-heal|p2a: Blissey|100/100
|
|upkeep
|turn|69
|
|t:|1779925105
|move|p2a: Blissey|Calm Mind|p2a: Blissey
|-boost|p2a: Blissey|spa|1
|-boost|p2a: Blissey|spd|1
|-prepare|p1a: Slowking|Chilly Reception|[premajor]
|move|p1a: Slowking|Chilly Reception|p1a: Slowking
|-weather|Snowscape
|
|t:|1779925110
|switch|p1a: Lokix|Lokix, M, shiny|29/100|[from] Chilly Reception
|-damage|p1a: Lokix|4/100|[from] Stealth Rock
|
|-weather|Snowscape|[upkeep]
|upkeep
|turn|70
|
|t:|1779925136
|move|p1a: Lokix|Leech Life|p2a: Blissey
|-damage|p2a: Blissey|38/100
|-heal|p1a: Lokix|76/100|[from] drain|[of] p2a: Blissey
|move|p2a: Blissey|Seismic Toss|p1a: Lokix
|-damage|p1a: Lokix|40/100
|
|-weather|Snowscape|[upkeep]
|upkeep
|turn|71
|
|t:|1779925148
|switch|p2a: Dondozo|Dondozo, M|61/100
|move|p1a: Lokix|Leech Life|p2a: Dondozo
|-damage|p2a: Dondozo|35/100
|-heal|p1a: Lokix|64/100|[from] drain|[of] p2a: Dondozo
|
|-weather|Snowscape|[upkeep]
|upkeep
|turn|72
|
|t:|1779925153
|move|p1a: Lokix|Leech Life|p2a: Dondozo
|-damage|p2a: Dondozo|9/100
|-heal|p1a: Lokix|87/100|[from] drain|[of] p2a: Dondozo
|move|p2a: Dondozo|Rest|p2a: Dondozo
|-status|p2a: Dondozo|slp|[from] move: Rest
|-heal|p2a: Dondozo|100/100 slp|[silent]
|
|-weather|Snowscape|[upkeep]
|upkeep
|turn|73
|
|t:|1779925168
|switch|p1a: Slowking|Slowking-Galar, F|100/100
|-damage|p1a: Slowking|88/100|[from] Stealth Rock
|cant|p2a: Dondozo|slp
|move|p2a: Dondozo|Sleep Talk|p2a: Dondozo
|move|p2a: Dondozo|Avalanche|p1a: Slowking|[from] move: Sleep Talk
|-damage|p1a: Slowking|73/100
|
|-weather|none
|upkeep
|turn|74
|
|t:|1779925188
|switch|p2a: Blissey|Blissey, F|38/100
|-prepare|p1a: Slowking|Chilly Reception|[premajor]
|move|p1a: Slowking|Chilly Reception|p1a: Slowking
|-weather|Snowscape
|
|t:|1779925193
|switch|p1a: Iron Valiant|Iron Valiant, tera:Steel|33/100|[from] Chilly Reception
|-damage|p1a: Iron Valiant|26/100|[from] Stealth Rock
|
|-weather|Snowscape|[upkeep]
|upkeep
|turn|75
|
|t:|1779925201
|switch|p2a: Toxapex|Toxapex, F|98/100 par
|move|p1a: Iron Valiant|Close Combat|p2a: Toxapex
|-resisted|p2a: Toxapex
|-damage|p2a: Toxapex|82/100 par
|-unboost|p1a: Iron Valiant|def|1
|-unboost|p1a: Iron Valiant|spd|1
|
|-weather|Snowscape|[upkeep]
|upkeep
|turn|76
|
|t:|1779925213
|-end|p1a: Iron Valiant|Quark Drive|[silent]
|switch|p1a: Slowking|Slowking-Galar, F|100/100
|-damage|p1a: Slowking|88/100|[from] Stealth Rock
|move|p2a: Toxapex|Sludge Bomb|p1a: Slowking
|-resisted|p1a: Slowking
|-damage|p1a: Slowking|82/100
|
|-weather|Snowscape|[upkeep]
|upkeep
|turn|77
|
|t:|1779925222
|switch|p2a: Alomomola|Alomomola, M, tera:Flying|34/100
|move|p1a: Slowking|Future Sight|p2a: Alomomola
|-start|p1a: Slowking|move: Future Sight
|
|-weather|Snowscape|[upkeep]
|upkeep
|turn|78
|
|t:|1779925229
|switch|p2a: Slowking|Slowking, M|100/100
|move|p1a: Slowking|Ice Beam|p2a: Slowking
|-resisted|p2a: Slowking
|-damage|p2a: Slowking|94/100
|-status|p2a: Slowking|frz
|
|-weather|none
|upkeep
|turn|79
|
|t:|1779925235
|switch|p1a: Iron Moth|Iron Moth|100/100
|-damage|p1a: Iron Moth|76/100|[from] Stealth Rock
|cant|p2a: Slowking|frz
|
|-end|p2a: Slowking|move: Future Sight
|-resisted|p2a: Slowking
|-damage|p2a: Slowking|82/100 frz
|upkeep
|turn|80
|
|t:|1779925242
|switch|p2a: Dondozo|Dondozo, M|100/100 slp
|move|p1a: Iron Moth|Fiery Dance|p2a: Dondozo
|-resisted|p2a: Dondozo
|-damage|p2a: Dondozo|82/100 slp
|
|upkeep
|turn|81
|
|t:|1779925247
|move|p1a: Iron Moth|Fiery Dance|p2a: Dondozo
|-resisted|p2a: Dondozo
|-damage|p2a: Dondozo|64/100 slp
|cant|p2a: Dondozo|slp
|move|p2a: Dondozo|Sleep Talk|p2a: Dondozo
|move|p2a: Dondozo|Rest||[from] move: Sleep Talk|[still]
|-fail|p2a: Dondozo
|
|upkeep
|turn|82
|
|t:|1779925258
|-end|p1a: Iron Moth|Quark Drive|[silent]
|switch|p1a: Lokix|Lokix, M, shiny|87/100
|-damage|p1a: Lokix|62/100|[from] Stealth Rock
|-curestatus|p2a: Dondozo|slp|[msg]
|move|p2a: Dondozo|Sleep Talk||[still]
|-fail|p2a: Dondozo
|
|upkeep
|turn|83
|
|t:|1779925277
|move|p1a: Lokix|Leech Life|p2a: Dondozo
|-damage|p2a: Dondozo|38/100
|-heal|p1a: Lokix|85/100|[from] drain|[of] p2a: Dondozo
|move|p2a: Dondozo|Rest|p2a: Dondozo
|-status|p2a: Dondozo|slp|[from] move: Rest
|-heal|p2a: Dondozo|100/100 slp|[silent]
|
|upkeep
|turn|84
|
|t:|1779925281
|switch|p1a: Iron Moth|Iron Moth|76/100
|-damage|p1a: Iron Moth|51/100|[from] Stealth Rock
|cant|p2a: Dondozo|slp
|move|p2a: Dondozo|Sleep Talk|p2a: Dondozo
|move|p2a: Dondozo|Avalanche|p1a: Iron Moth|[from] move: Sleep Talk
|-resisted|p1a: Iron Moth
|-damage|p1a: Iron Moth|41/100
|
|upkeep
|turn|85
|
|t:|1779925289
|move|p1a: Iron Moth|Fiery Dance|p2a: Dondozo
|-resisted|p2a: Dondozo
|-damage|p2a: Dondozo|83/100 slp
|-boost|p1a: Iron Moth|spa|1
|cant|p2a: Dondozo|slp
|move|p2a: Dondozo|Sleep Talk|p2a: Dondozo
|move|p2a: Dondozo|Earthquake|p1a: Iron Moth|[from] move: Sleep Talk
|-supereffective|p1a: Iron Moth
|-damage|p1a: Iron Moth|0 fnt
|faint|p1a: Iron Moth
|-end|p1a: Iron Moth|Quark Drive|[silent]
|
|upkeep
|
|t:|1779925296
|switch|p1a: Darkrai|Darkrai|74/100
|turn|86
|
|t:|1779925308
|switch|p1a: Lokix|Lokix, M, shiny|85/100
|-damage|p1a: Lokix|60/100|[from] Stealth Rock
|switch|p2a: Toxapex|Toxapex, F|100/100 par
|
|upkeep
|turn|87
|
|t:|1779925314
|move|p1a: Lokix|Leech Life|p2a: Toxapex
|-resisted|p2a: Toxapex
|-damage|p2a: Toxapex|66/100 par
|-heal|p1a: Lokix|79/100|[from] drain|[of] p2a: Toxapex
|cant|p2a: Toxapex|par
|
|upkeep
|turn|88
|
|t:|1779925322
|switch|p2a: Dondozo|Dondozo, M|83/100 slp
|move|p1a: Lokix|Leech Life|p2a: Dondozo
|-damage|p2a: Dondozo|56/100 slp
|-heal|p1a: Lokix|100/100|[from] drain|[of] p2a: Dondozo
|
|upkeep
|turn|89
|
|t:|1779925328
|move|p1a: Lokix|Leech Life|p2a: Dondozo
|-damage|p2a: Dondozo|30/100 slp
|-curestatus|p2a: Dondozo|slp|[msg]
|move|p2a: Dondozo|Sleep Talk||[still]
|-fail|p2a: Dondozo
|
|upkeep
|turn|90
|
|t:|1779925337
|switch|p1a: Iron Valiant|Iron Valiant, tera:Steel|26/100
|-damage|p1a: Iron Valiant|20/100|[from] Stealth Rock
|move|p2a: Dondozo|Rest|p2a: Dondozo
|-status|p2a: Dondozo|slp|[from] move: Rest
|-heal|p2a: Dondozo|100/100 slp|[silent]
|
|upkeep
|turn|91
|
|t:|1779925346
|switch|p2a: Slowking|Slowking, M|100/100 frz
|move|p1a: Iron Valiant|Moonblast|p2a: Slowking
|-damage|p2a: Slowking|73/100 frz
|
|upkeep
|turn|92
|
|t:|1779925353
|move|p1a: Iron Valiant|Knock Off|p2a: Slowking
|-supereffective|p2a: Slowking
|-damage|p2a: Slowking|37/100 frz
|cant|p2a: Slowking|frz
|
|upkeep
|turn|93
|
|t:|1779925358
|switch|p2a: Alomomola|Alomomola, M, tera:Flying|68/100
|move|p1a: Iron Valiant|Knock Off|p2a: Alomomola
|-damage|p2a: Alomomola|58/100
|
|upkeep
|turn|94
|
|t:|1779925364
|move|p1a: Iron Valiant|Moonblast|p2a: Alomomola
|-damage|p2a: Alomomola|6/100
|-unboost|p2a: Alomomola|spa|1
|move|p2a: Alomomola|Wish|p2a: Alomomola
|
|upkeep
|turn|95
|
|t:|1779925373
|switch|p2a: Blissey|Blissey, F|38/100
|move|p1a: Iron Valiant|Moonblast|p2a: Blissey
|-damage|p2a: Blissey|25/100
|
|-heal|p2a: Blissey|66/100|[from] move: Wish|[wisher] Alomomola
|upkeep
|turn|96
|
|t:|1779925382
|switch|p2a: Toxapex|Toxapex, F|99/100 par
|move|p1a: Iron Valiant|Close Combat|p2a: Toxapex
|-resisted|p2a: Toxapex
|-damage|p2a: Toxapex|83/100 par
|-unboost|p1a: Iron Valiant|def|1
|-unboost|p1a: Iron Valiant|spd|1
|
|upkeep
|turn|97
|
|t:|1779925395
|-end|p1a: Iron Valiant|Quark Drive|[silent]
|switch|p1a: Slowking|Slowking-Galar, F|100/100
|-damage|p1a: Slowking|88/100|[from] Stealth Rock
|switch|p2a: Great Tusk|Great Tusk|4/100
|
|upkeep
|turn|98
|
|t:|1779925404
|move|p2a: Great Tusk|Rest|p2a: Great Tusk
|-status|p2a: Great Tusk|slp|[from] move: Rest
|-heal|p2a: Great Tusk|100/100 slp|[silent]
|move|p1a: Slowking|Ice Beam|p2a: Great Tusk
|-supereffective|p2a: Great Tusk
|-damage|p2a: Great Tusk|46/100 slp
|
|upkeep
|turn|99
|
|t:|1779925411
|-end|p2a: Great Tusk|Protosynthesis|[silent]
|switch|p2a: Blissey|Blissey, F|66/100
|-prepare|p1a: Slowking|Chilly Reception|[premajor]
|move|p1a: Slowking|Chilly Reception|p1a: Slowking
|-weather|Snowscape
|
|t:|1779925418
|switch|p1a: Iron Valiant|Iron Valiant, tera:Steel|20/100|[from] Chilly Reception
|-damage|p1a: Iron Valiant|14/100|[from] Stealth Rock
|
|-weather|Snowscape|[upkeep]
|upkeep
|turn|100
|
|t:|1779925426
|switch|p2a: Toxapex|Toxapex, F|100/100 par
|move|p1a: Iron Valiant|Moonblast|p2a: Toxapex
|-resisted|p2a: Toxapex
|-damage|p2a: Toxapex|80/100 par
|
|-weather|Snowscape|[upkeep]
|upkeep
|turn|101
|
|t:|1779925442
|move|p1a: Iron Valiant|Knock Off|p2a: Toxapex
|-damage|p2a: Toxapex|69/100 par
|cant|p2a: Toxapex|par
|
|-weather|Snowscape|[upkeep]
|upkeep
|turn|102
|
|t:|1779925445
|move|p1a: Iron Valiant|Moonblast|p2a: Toxapex
|-resisted|p2a: Toxapex
|-damage|p2a: Toxapex|50/100 par
|move|p2a: Toxapex|Recover|p2a: Toxapex
|-heal|p2a: Toxapex|99/100 par
|
|-weather|Snowscape|[upkeep]
|upkeep
|turn|103
|
|t:|1779925452
|switch|p2a: Slowking|Slowking, M|70/100 frz
|move|p1a: Iron Valiant|Encore||[still]
|-fail|p1a: Iron Valiant
|
|-weather|none
|upkeep
|turn|104
|
|t:|1779925466
|move|p1a: Iron Valiant|Knock Off|p2a: Slowking
|-supereffective|p2a: Slowking
|-damage|p2a: Slowking|32/100 frz
|cant|p2a: Slowking|frz
|
|upkeep
|turn|105
|
|t:|1779925470
|switch|p2a: Toxapex|Toxapex, F|100/100 par
|move|p1a: Iron Valiant|Knock Off|p2a: Toxapex
|-damage|p2a: Toxapex|89/100 par
|
|upkeep
|turn|106
|
|t:|1779925476
|switch|p2a: Slowking|Slowking, M|65/100 frz
|move|p1a: Iron Valiant|Moonblast|p2a: Slowking
|-damage|p2a: Slowking|39/100 frz
|
|upkeep
|turn|107
|
|t:|1779925481
|switch|p2a: Toxapex|Toxapex, F|100/100 par
|move|p1a: Iron Valiant|Knock Off|p2a: Toxapex
|-damage|p2a: Toxapex|90/100 par
|
|upkeep
|turn|108
|
|t:|1779925490
|switch|p2a: Alomomola|Alomomola, M, tera:Flying|39/100
|move|p1a: Iron Valiant|Knock Off|p2a: Alomomola
|-damage|p2a: Alomomola|28/100
|
|upkeep
|turn|109
|
|t:|1779925497
|switch|p2a: Toxapex|Toxapex, F|100/100 par
|move|p1a: Iron Valiant|Moonblast|p2a: Toxapex
|-resisted|p2a: Toxapex
|-damage|p2a: Toxapex|81/100 par
|
|upkeep
|turn|110
|
|t:|1779925502
|move|p1a: Iron Valiant|Moonblast|p2a: Toxapex
|-resisted|p2a: Toxapex
|-damage|p2a: Toxapex|63/100 par
|move|p2a: Toxapex|Toxic|p1a: Iron Valiant
|-immune|p1a: Iron Valiant
|
|upkeep
|turn|111
|
|t:|1779925505
|-end|p1a: Iron Valiant|Quark Drive|[silent]
|switch|p1a: Slowking|Slowking-Galar, F|100/100
|-damage|p1a: Slowking|88/100|[from] Stealth Rock
|switch|p2a: Slowking|Slowking, M|72/100 frz
|
|upkeep
|turn|112
|
|t:|1779925510
|cant|p2a: Slowking|frz
|-prepare|p1a: Slowking|Chilly Reception|[premajor]
|move|p1a: Slowking|Chilly Reception|p1a: Slowking
|-weather|Snowscape
|
|t:|1779925513
|switch|p1a: Lokix|Lokix, M, shiny|100/100|[from] Chilly Reception
|-damage|p1a: Lokix|76/100|[from] Stealth Rock
|
|-weather|Snowscape|[upkeep]
|upkeep
|turn|113
|
|t:|1779925518
|switch|p2a: Dondozo|Dondozo, M|100/100 slp
|move|p1a: Lokix|First Impression|p2a: Dondozo
|-damage|p2a: Dondozo|72/100 slp
|
|-weather|Snowscape|[upkeep]
|upkeep
|turn|114
|
|t:|1779925523
|switch|p1a: Darkrai|Darkrai|74/100
|cant|p2a: Dondozo|slp
|move|p2a: Dondozo|Sleep Talk|p2a: Dondozo
|move|p2a: Dondozo|Rest||[from] move: Sleep Talk|[still]
|-fail|p2a: Dondozo
|
|-weather|Snowscape|[upkeep]
|-damage|p2a: Dondozo|59/100 slp|[from] ability: Bad Dreams|[of] p1a: Darkrai
|upkeep
|turn|115
|
|t:|1779925538
|switch|p2a: Toxapex|Toxapex, F|96/100 par
|move|p1a: Darkrai|Dark Pulse|p2a: Toxapex
|-damage|p2a: Toxapex|63/100 par
|
|-weather|Snowscape|[upkeep]
|upkeep
|turn|116
|
|t:|1779925544
|move|p1a: Darkrai|Dark Pulse|p2a: Toxapex
|-damage|p2a: Toxapex|26/100 par
|move|p2a: Toxapex|Toxic|p1a: Darkrai
|-status|p1a: Darkrai|tox
|
|-weather|none
|-damage|p1a: Darkrai|68/100 tox|[from] psn
|upkeep
|turn|117
|
|t:|1779925549
|switch|p2a: Blissey|Blissey, F|66/100
|move|p1a: Darkrai|Dark Pulse|p2a: Blissey
|-crit|p2a: Blissey
|-damage|p2a: Blissey|44/100
|
|-damage|p1a: Darkrai|56/100 tox|[from] psn
|upkeep
|turn|118
|
|t:|1779925558
|switch|p1a: Lokix|Lokix, M, shiny|76/100
|-damage|p1a: Lokix|51/100|[from] Stealth Rock
|move|p2a: Blissey|Soft-Boiled|p2a: Blissey
|-heal|p2a: Blissey|94/100
|
|upkeep
|turn|119
|
|t:|1779925562
|switch|p2a: Dondozo|Dondozo, M|59/100 slp
|move|p1a: Lokix|U-turn|p2a: Dondozo
|-damage|p2a: Dondozo|38/100 slp
|
|t:|1779925572
|switch|p1a: Darkrai|Darkrai|56/100 tox|[from] U-turn
|
|-damage|p1a: Darkrai|50/100 tox|[from] psn
|-damage|p2a: Dondozo|25/100 slp|[from] ability: Bad Dreams|[of] p1a: Darkrai
|upkeep
|turn|120
|
|t:|1779925581
|switch|p2a: Blissey|Blissey, F|94/100
|move|p1a: Darkrai|Dark Pulse|p2a: Blissey
|-damage|p2a: Blissey|80/100
|
|-damage|p1a: Darkrai|38/100 tox|[from] psn
|upkeep
|turn|121
|
|t:|1779925589
|switch|p1a: Slowking|Slowking-Galar, F|100/100
|-damage|p1a: Slowking|88/100|[from] Stealth Rock
|move|p2a: Blissey|Seismic Toss|p1a: Slowking
|-damage|p1a: Slowking|63/100
|
|upkeep
|turn|122
|
|t:|1779925595
|move|p2a: Blissey|Seismic Toss|p1a: Slowking
|-damage|p1a: Slowking|37/100
|move|p1a: Slowking|Future Sight|p2a: Blissey
|-start|p1a: Slowking|move: Future Sight
|
|upkeep
|turn|123
|
|t:|1779925599
|move|p2a: Blissey|Seismic Toss|p1a: Slowking
|-damage|p1a: Slowking|12/100
|-prepare|p1a: Slowking|Chilly Reception|[premajor]
|move|p1a: Slowking|Chilly Reception|p1a: Slowking
|-weather|Snowscape
|
|t:|1779925607
|switch|p1a: Iron Valiant|Iron Valiant, tera:Steel|14/100|[from] Chilly Reception
|-damage|p1a: Iron Valiant|8/100|[from] Stealth Rock
|
|-weather|Snowscape|[upkeep]
|upkeep
|turn|124
|
|t:|1779925617
|switch|p2a: Slowking|Slowking, M|100/100 frz
|move|p1a: Iron Valiant|Knock Off|p2a: Slowking
|-supereffective|p2a: Slowking
|-damage|p2a: Slowking|62/100 frz
|
|-weather|Snowscape|[upkeep]
|-end|p2a: Slowking|move: Future Sight
|-resisted|p2a: Slowking
|-damage|p2a: Slowking|49/100 frz
|upkeep
|turn|125
|
|t:|1779925625
|switch|p2a: Alomomola|Alomomola, M, tera:Flying|62/100
|move|p1a: Iron Valiant|Knock Off|p2a: Alomomola
|-damage|p2a: Alomomola|52/100
|
|-weather|Snowscape|[upkeep]
|upkeep
|turn|126
|
|t:|1779925631
|switch|p2a: Toxapex|Toxapex, F|60/100 par
|move|p1a: Iron Valiant|Moonblast|p2a: Toxapex
|-resisted|p2a: Toxapex
|-damage|p2a: Toxapex|41/100 par
|
|-weather|Snowscape|[upkeep]
|upkeep
|turn|127
|
|t:|1779925651
|switch|p2a: Alomomola|Alomomola, M, tera:Flying|85/100
|move|p1a: Iron Valiant|Knock Off|p2a: Alomomola
|-damage|p2a: Alomomola|75/100
|
|-weather|none
|upkeep
|turn|128
|
|t:|1779925658
|move|p1a: Iron Valiant|Moonblast|p2a: Alomomola
|-damage|p2a: Alomomola|22/100
|-unboost|p2a: Alomomola|spa|1
|move|p2a: Alomomola|Chilling Water|p1a: Iron Valiant
|-damage|p1a: Iron Valiant|0 fnt
|faint|p1a: Iron Valiant
|-end|p1a: Iron Valiant|Quark Drive|[silent]
|
|upkeep
|
|t:|1779925661
|switch|p1a: Darkrai|Darkrai|38/100 tox
|turn|129
|
|t:|1779925665
|switch|p2a: Blissey|Blissey, F|80/100
|move|p1a: Darkrai|Dark Pulse|p2a: Blissey
|-crit|p2a: Blissey
|-damage|p2a: Blissey|61/100
|
|-damage|p1a: Darkrai|31/100 tox|[from] psn
|upkeep
|turn|130
|
|t:|1779925669
|switch|p1a: Lokix|Lokix, M, shiny|51/100
|-damage|p1a: Lokix|26/100|[from] Stealth Rock
|move|p2a: Blissey|Calm Mind|p2a: Blissey
|-boost|p2a: Blissey|spa|1
|-boost|p2a: Blissey|spd|1
|
|upkeep
|turn|131
|
|t:|1779925674
|switch|p2a: Alomomola|Alomomola, M, tera:Flying|55/100
|move|p1a: Lokix|Leech Life|p2a: Alomomola
|-resisted|p2a: Alomomola
|-damage|p2a: Alomomola|24/100
|-heal|p1a: Lokix|56/100|[from] drain|[of] p2a: Alomomola
|
|upkeep
|turn|132
|
|t:|1779925681
|move|p2a: Alomomola|Protect|p2a: Alomomola
|-singleturn|p2a: Alomomola|Protect
|move|p1a: Lokix|Leech Life|p2a: Alomomola
|-activate|p2a: Alomomola|move: Protect
|
|upkeep
|turn|133
|
|t:|1779925686
|switch|p2a: Toxapex|Toxapex, F|74/100 par
|move|p1a: Lokix|Leech Life|p2a: Toxapex
|-resisted|p2a: Toxapex
|-damage|p2a: Toxapex|40/100 par
|-heal|p1a: Lokix|74/100|[from] drain|[of] p2a: Toxapex
|
|upkeep
|turn|134
|
|t:|1779925696
|switch|p2a: Alomomola|Alomomola, M, tera:Flying|57/100
|-activate|p1a: Lokix|move: Struggle
|move|p1a: Lokix|Struggle|p2a: Alomomola
|-damage|p2a: Alomomola|43/100
|-damage|p1a: Lokix|49/100|[from] recoil
|
|upkeep
|turn|135
|
|t:|1779925703
|switch|p1a: Slowking|Slowking-Galar, F|45/100
|-damage|p1a: Slowking|33/100|[from] Stealth Rock
|move|p2a: Alomomola|Wish|p2a: Alomomola
|
|upkeep
|turn|136
|
|t:|1779925708
|move|p2a: Alomomola|Whirlpool|p1a: Slowking
|-damage|p1a: Slowking|29/100
|-activate|p1a: Slowking|move: Whirlpool|[of] p2a: Alomomola
|-prepare|p1a: Slowking|Chilly Reception|[premajor]
|move|p1a: Slowking|Chilly Reception|p1a: Slowking
|-weather|Snowscape
|
|t:|1779925710
|switch|p1a: Lokix|Lokix, M, shiny|49/100|[from] Chilly Reception
|-damage|p1a: Lokix|25/100|[from] Stealth Rock
|
|-weather|Snowscape|[upkeep]
|-heal|p2a: Alomomola|93/100|[from] move: Wish|[wisher] Alomomola
|upkeep
|turn|137
|
|t:|1779925718
|move|p1a: Lokix|U-turn|p2a: Alomomola
|-resisted|p2a: Alomomola
|-damage|p2a: Alomomola|65/100
|n|!ReptilianPee|reptilianpee
|
|t:|1779925727
|switch|p1a: Darkrai|Darkrai|31/100 tox|[from] U-turn
|move|p2a: Alomomola|Chilling Water|p1a: Darkrai
|-damage|p1a: Darkrai|21/100 tox
|-unboost|p1a: Darkrai|atk|1
|
|-weather|Snowscape|[upkeep]
|-damage|p1a: Darkrai|15/100 tox|[from] psn
|upkeep
|turn|138
|
|t:|1779925733
|move|p2a: Alomomola|Protect|p2a: Alomomola
|-singleturn|p2a: Alomomola|Protect
|move|p1a: Darkrai|Ice Beam|p2a: Alomomola
|-activate|p2a: Alomomola|move: Protect
|
|-weather|Snowscape|[upkeep]
|-damage|p1a: Darkrai|3/100 tox|[from] psn
|upkeep
|turn|139
|
|t:|1779925738
|switch|p2a: Blissey|Blissey, F|61/100
|move|p1a: Darkrai|Ice Beam|p2a: Blissey
|-damage|p2a: Blissey|50/100
|
|-weather|Snowscape|[upkeep]
|-damage|p1a: Darkrai|0 fnt|[from] psn
|faint|p1a: Darkrai
|upkeep
|-message|ReptilianPee forfeited.
|
|win|Pine Steven
