|j|☆hcsl
|j|☆Chinatownz
|t:|1779803358
|gametype|singles
|player|p1|hcsl|clerk|1137
|player|p2|Chinatownz|fisherman-gen4|1122
|gen|9
|tier|[Gen 9] OU
|rated|
|rule|HP Percentage Mod: HP is shown in percentages
|rule|Endless Battle Clause: Forcing endless battles is banned
|rule|Species Clause: Limit one of each Pokémon
|rule|OHKO Clause: OHKO moves are banned
|rule|Evasion Items Clause: Evasion items are banned
|rule|Evasion Moves Clause: Evasion moves are banned
|rule|Evasion Abilities Clause: Evasion abilities are banned
|rule|Sleep Moves Clause: Sleep-inducing moves are banned
|clearpoke
|poke|p1|Arboliva, F|
|poke|p1|Pawmot, M|
|poke|p1|Hatterene, F|
|poke|p1|Scizor, M|
|poke|p1|Araquanid, M|
|poke|p1|Mimikyu, M|
|poke|p2|Glimmora, F|
|poke|p2|Sinistcha|
|poke|p2|Bellibolt, M|
|poke|p2|Dragapult, M|
|poke|p2|Toxapex, F|
|poke|p2|Honchkrow, F|
|teampreview
|inactive|Battle timer is ON: inactive players will automatically lose when time's up. (requested by Chinatownz)
|inactive|hcsl also wants the timer to be on.
|
|t:|1779803375
|teamsize|p1|6
|teamsize|p2|6
|start
|switch|p1a: Araquanid|Araquanid, M|100/100
|switch|p2a: Honchkrow|Honchkrow, F|100/100
|turn|1
|
|t:|1779803382
|move|p2a: Honchkrow|Night Slash|p1a: Araquanid
|-crit|p1a: Araquanid
|-damage|p1a: Araquanid|33/100
|-enditem|p1a: Araquanid|Sitrus Berry|[eat]
|-heal|p1a: Araquanid|58/100|[from] item: Sitrus Berry
|move|p1a: Araquanid|Sticky Web|p2a: Honchkrow
|-sidestart|p2: Chinatownz|move: Sticky Web
|
|upkeep
|turn|2
|
|t:|1779803397
|switch|p1a: Scizor|Scizor, M|100/100
|move|p2a: Honchkrow|Night Slash|p1a: Scizor
|-crit|p1a: Scizor
|-damage|p1a: Scizor|26/100
|
|upkeep
|turn|3
|
|t:|1779803407
|move|p2a: Honchkrow|Sucker Punch|p1a: Scizor
|-damage|p1a: Scizor|0 fnt
|faint|p1a: Scizor
|
|upkeep
|
|t:|1779803410
|switch|p1a: Pawmot|Pawmot, M, shiny|100/100
|turn|4
|
|t:|1779803417
|move|p1a: Pawmot|Double Shock|p2a: Honchkrow
|-supereffective|p2a: Honchkrow
|-damage|p2a: Honchkrow|0 fnt
|-start|p1a: Pawmot|typechange|???/Fighting|[from] move: Double Shock
|faint|p2a: Honchkrow
|
|upkeep
|
|t:|1779803422
|switch|p2a: Glimmora|Glimmora, F|100/100
|-activate|p2a: Glimmora|move: Sticky Web
|-unboost|p2a: Glimmora|spe|1
|turn|5
|
|t:|1779803434
|switch|p1a: Hatterene|Hatterene, F, shiny|100/100
|move|p2a: Glimmora|Mortal Spin|p1a: Hatterene
|-supereffective|p1a: Hatterene
|-damage|p1a: Hatterene|84/100
|-status|p1a: Hatterene|psn
|-sideend|p2: Chinatownz|Sticky Web|[from] move: Mortal Spin|[of] p2a: Glimmora
|
|-damage|p1a: Hatterene|72/100 psn|[from] psn
|upkeep
|turn|6
|
|t:|1779803441
|move|p2a: Glimmora|Sludge Wave|p1a: Hatterene
|-supereffective|p1a: Hatterene
|-damage|p1a: Hatterene|0 fnt
|faint|p1a: Hatterene
|
|upkeep
|
|t:|1779803445
|switch|p1a: Araquanid|Araquanid, M|58/100
|turn|7
|
|t:|1779803450
|move|p2a: Glimmora|Meteor Beam||[still]
|-prepare|p2a: Glimmora|Meteor Beam
|-boost|p2a: Glimmora|spa|1
|-enditem|p2a: Glimmora|Power Herb
|-anim|p2a: Glimmora|Meteor Beam|p1a: Araquanid|[miss]
|-miss|p2a: Glimmora|p1a: Araquanid
|move|p1a: Araquanid|Liquidation|p2a: Glimmora
|-supereffective|p2a: Glimmora
|-damage|p2a: Glimmora|0 fnt
|-activate|p2a: Glimmora|ability: Toxic Debris
|-sidestart|p1: hcsl|move: Toxic Spikes
|faint|p2a: Glimmora
|
|upkeep
|
|t:|1779803464
|switch|p2a: Sinistcha|Sinistcha|100/100
|turn|8
|
|t:|1779803471
|move|p2a: Sinistcha|Matcha Gotcha|p1a: Araquanid
|-damage|p1a: Araquanid|23/100
|move|p1a: Araquanid|Sticky Web|p2a: Sinistcha
|-sidestart|p2: Chinatownz|move: Sticky Web
|
|upkeep
|turn|9
|
|t:|1779803479
|move|p2a: Sinistcha|Matcha Gotcha|p1a: Araquanid
|-damage|p1a: Araquanid|0 fnt
|faint|p1a: Araquanid
|
|upkeep
|
|t:|1779803491
|switch|p1a: Pawmot|Pawmot, M, shiny|100/100
|-status|p1a: Pawmot|psn
|turn|10
|
|t:|1779803497
|move|p1a: Pawmot|Revival Blessing|p1a: Pawmot
|
|t:|1779803502
|-heal|p1: Hatterene|50/100|[from] move: Revival Blessing
|move|p2a: Sinistcha|Iron Defense|p2a: Sinistcha
|-boost|p2a: Sinistcha|def|2
|
|-damage|p1a: Pawmot|88/100 psn|[from] psn
|upkeep
|turn|11
|
|t:|1779803508
|move|p1a: Pawmot|Ice Punch|p2a: Sinistcha
|-supereffective|p2a: Sinistcha
|-damage|p2a: Sinistcha|69/100
|move|p2a: Sinistcha|Calm Mind|p2a: Sinistcha
|-boost|p2a: Sinistcha|spa|1
|-boost|p2a: Sinistcha|spd|1
|
|-heal|p2a: Sinistcha|75/100|[from] item: Leftovers
|-damage|p1a: Pawmot|76/100 psn|[from] psn
|upkeep
|turn|12
|
|t:|1779803521
|move|p1a: Pawmot|Ice Punch|p2a: Sinistcha
|-supereffective|p2a: Sinistcha
|-damage|p2a: Sinistcha|45/100
|move|p2a: Sinistcha|Iron Defense|p2a: Sinistcha
|-boost|p2a: Sinistcha|def|2
|
|-heal|p2a: Sinistcha|51/100|[from] item: Leftovers
|-damage|p1a: Pawmot|63/100 psn|[from] psn
|upkeep
|turn|13
|
|t:|1779803523
|move|p1a: Pawmot|Ice Punch|p2a: Sinistcha
|-supereffective|p2a: Sinistcha
|-damage|p2a: Sinistcha|31/100
|move|p2a: Sinistcha|Strength Sap|p1a: Pawmot
|-unboost|p1a: Pawmot|atk|1
|-heal|p2a: Sinistcha|100/100
|
|-damage|p1a: Pawmot|51/100 psn|[from] psn
|upkeep
|turn|14
|
|t:|1779803537
|move|p1a: Pawmot|Ice Punch|p2a: Sinistcha
|-supereffective|p2a: Sinistcha
|-damage|p2a: Sinistcha|87/100
|move|p2a: Sinistcha|Calm Mind|p2a: Sinistcha
|-boost|p2a: Sinistcha|spa|1
|-boost|p2a: Sinistcha|spd|1
|
|-heal|p2a: Sinistcha|93/100|[from] item: Leftovers
|-damage|p1a: Pawmot|38/100 psn|[from] psn
|upkeep
|turn|15
|
|t:|1779803543
|move|p1a: Pawmot|Ice Punch|p2a: Sinistcha
|-supereffective|p2a: Sinistcha
|-damage|p2a: Sinistcha|80/100
|move|p2a: Sinistcha|Calm Mind|p2a: Sinistcha
|-boost|p2a: Sinistcha|spa|1
|-boost|p2a: Sinistcha|spd|1
|
|-heal|p2a: Sinistcha|86/100|[from] item: Leftovers
|-damage|p1a: Pawmot|26/100 psn|[from] psn
|upkeep
|turn|16
|
|t:|1779803545
|move|p1a: Pawmot|Ice Punch|p2a: Sinistcha
|-supereffective|p2a: Sinistcha
|-damage|p2a: Sinistcha|71/100
|move|p2a: Sinistcha|Iron Defense|p2a: Sinistcha
|-boost|p2a: Sinistcha|def|2
|
|-heal|p2a: Sinistcha|77/100|[from] item: Leftovers
|-damage|p1a: Pawmot|14/100 psn|[from] psn
|upkeep
|turn|17
|
|t:|1779803554
|move|p1a: Pawmot|Ice Punch|p2a: Sinistcha
|-supereffective|p2a: Sinistcha
|-damage|p2a: Sinistcha|67/100
|-status|p2a: Sinistcha|frz
|cant|p2a: Sinistcha|frz
|
|-heal|p2a: Sinistcha|73/100 frz|[from] item: Leftovers
|-damage|p1a: Pawmot|1/100 psn|[from] psn
|upkeep
|turn|18
|
|t:|1779803558
|move|p1a: Pawmot|Ice Punch|p2a: Sinistcha
|-supereffective|p2a: Sinistcha
|-damage|p2a: Sinistcha|63/100 frz
|-curestatus|p2a: Sinistcha|frz|[msg]
|move|p2a: Sinistcha|Strength Sap|p1a: Pawmot
|-unboost|p1a: Pawmot|atk|1
|-heal|p2a: Sinistcha|100/100
|
|-damage|p1a: Pawmot|0 fnt|[from] psn
|faint|p1a: Pawmot
|upkeep
|
|t:|1779803565
|switch|p1a: Hatterene|Hatterene, F, shiny|50/100
|-status|p1a: Hatterene|psn
|turn|19
|
|t:|1779803571
|move|p2a: Sinistcha|Matcha Gotcha|p1a: Hatterene
|-damage|p1a: Hatterene|0 fnt
|faint|p1a: Hatterene
|
|upkeep
|
|t:|1779803575
|switch|p1a: Arboliva|Arboliva, F, shiny|100/100
|-status|p1a: Arboliva|psn
|turn|20
|
|t:|1779803584
|move|p2a: Sinistcha|Matcha Gotcha|p1a: Arboliva
|-resisted|p1a: Arboliva
|-damage|p1a: Arboliva|46/100 psn
|-fieldstart|move: Grassy Terrain|[from] ability: Seed Sower|[of] p1a: Arboliva
|-enditem|p1a: Arboliva|Sitrus Berry|[eat]
|-heal|p1a: Arboliva|71/100 psn|[from] item: Sitrus Berry
|move|p1a: Arboliva|Alluring Voice|p2a: Sinistcha
|-damage|p2a: Sinistcha|87/100
|
|-heal|p2a: Sinistcha|93/100|[from] Grassy Terrain
|-heal|p2a: Sinistcha|99/100|[from] item: Leftovers
|-heal|p1a: Arboliva|77/100 psn|[from] Grassy Terrain
|-damage|p1a: Arboliva|65/100 psn|[from] psn
|upkeep
|turn|21
|
|t:|1779803592
|move|p2a: Sinistcha|Matcha Gotcha|p1a: Arboliva
|-resisted|p1a: Arboliva
|-damage|p1a: Arboliva|0 fnt
|-heal|p2a: Sinistcha|100/100|[from] drain|[of] p1a: Arboliva
|faint|p1a: Arboliva
|
|upkeep
|
|t:|1779803593
|switch|p1a: Mimikyu|Mimikyu, M, shiny|100/100
|-status|p1a: Mimikyu|psn
|turn|22
|
|t:|1779803597
|-terastallize|p1a: Mimikyu|Fairy
|move|p1a: Mimikyu|Play Rough|p2a: Sinistcha
|-damage|p2a: Sinistcha|86/100
|move|p2a: Sinistcha|Matcha Gotcha|p1a: Mimikyu
|-activate|p1a: Mimikyu|ability: Disguise
|-damage|p1a: Mimikyu|100/100 psn
|detailschange|p1a: Mimikyu|Mimikyu-Busted, M, shiny, tera:Fairy
|-damage|p1a: Mimikyu|88/100 psn|[from] pokemon: Mimikyu-Busted
|
|-heal|p1a: Mimikyu|94/100 psn|[from] Grassy Terrain
|-heal|p2a: Sinistcha|92/100|[from] Grassy Terrain
|-heal|p2a: Sinistcha|98/100|[from] item: Leftovers
|-damage|p1a: Mimikyu|82/100 psn|[from] psn
|upkeep
|turn|23
|
|t:|1779803600
|-terastallize|p2a: Sinistcha|Grass
|move|p1a: Mimikyu|Play Rough|p2a: Sinistcha
|-damage|p2a: Sinistcha|84/100
|move|p2a: Sinistcha|Matcha Gotcha|p1a: Mimikyu
|-damage|p1a: Mimikyu|0 fnt
|-heal|p2a: Sinistcha|100/100|[from] drain|[of] p1a: Mimikyu
|faint|p1a: Mimikyu
|
|win|Chinatownz
|raw|hcsl's rating: 1137 &rarr; <strong>1111</strong><br />(-26 for losing)
|raw|Chinatownz's rating: 1122 &rarr; <strong>1148</strong><br />(+26 for winning)
|l|☆Chinatownz
|player|p2|
|l|☆hcsl
|player|p1|
