|j|☆Ellunae
|j|☆Humerus_Skelepun
|t:|1779915793
|gametype|singles
|player|p1|Ellunae|cynthia|1412
|player|p2|Humerus_Skelepun|169|1491
|gen|9
|tier|[Gen 9] OU
|rated|
|rule|HP Percentage Mod: HP is shown in percentages
|rule|Endless Battle Clause: Forcing endless battles is banned
|rule|Species Clause: Limit one of each Pokémon
|rule|OHKO Clause: OHKO moves are banned
|rule|Evasion Items Clause: Evasion items are banned
|rule|Evasion Moves Clause: Evasion moves are banned
|rule|Evasion Abilities Clause: Evasion abilities are banned
|rule|Sleep Moves Clause: Sleep-inducing moves are banned
|clearpoke
|poke|p1|Zoroark-Hisui, F|
|poke|p1|Ogerpon-Wellspring, F|
|poke|p1|Great Tusk|
|poke|p1|Garganacl, F|
|poke|p1|Pecharunt|
|poke|p1|Alomomola, F|
|poke|p2|Amoonguss, M|
|poke|p2|Toxapex, F|
|poke|p2|Corviknight, M|
|poke|p2|Dondozo, F|
|poke|p2|Blissey, F|
|poke|p2|Gliscor, F|
|teampreview
|inactive|Battle timer is ON: inactive players will automatically lose when time's up. (requested by Humerus_Skelepun)
|inactive|Ellunae also wants the timer to be on.
|
|t:|1779915810
|teamsize|p1|6
|teamsize|p2|6
|start
|switch|p1a: Garganacl|Garganacl, F|100/100
|switch|p2a: Gliscor|Gliscor, F|100/100
|turn|1
|
|t:|1779915816
|move|p2a: Gliscor|Protect|p2a: Gliscor
|-singleturn|p2a: Gliscor|Protect
|move|p1a: Garganacl|Stealth Rock|p2a: Gliscor
|-sidestart|p2: Humerus_Skelepun|move: Stealth Rock
|
|-status|p2a: Gliscor|tox|[from] item: Toxic Orb
|upkeep
|turn|2
|
|t:|1779915822
|move|p2a: Gliscor|Knock Off|p1a: Garganacl
|-damage|p1a: Garganacl|87/100
|-enditem|p1a: Garganacl|Leftovers|[from] move: Knock Off|[of] p2a: Gliscor
|move|p1a: Garganacl|Salt Cure|p2a: Gliscor
|-damage|p2a: Gliscor|89/100 tox
|-start|p2a: Gliscor|Salt Cure
|
|-heal|p2a: Gliscor|100/100 tox|[from] ability: Poison Heal
|-damage|p2a: Gliscor|88/100 tox|[from] Salt Cure
|upkeep
|turn|3
|
|t:|1779915836
|switch|p1a: Ogerpon|Ogerpon-Wellspring, F|100/100
|move|p2a: Gliscor|Earthquake|p1a: Ogerpon
|-resisted|p1a: Ogerpon
|-damage|p1a: Ogerpon|80/100
|
|-heal|p2a: Gliscor|100/100 tox|[from] ability: Poison Heal
|-damage|p2a: Gliscor|88/100 tox|[from] Salt Cure
|upkeep
|turn|4
|
|t:|1779915840
|switch|p2a: Amoonguss|Amoonguss, M|100/100
|move|p1a: Ogerpon|Encore||[still]
|-fail|p1a: Ogerpon
|
|upkeep
|turn|5
|
|t:|1779915850
|switch|p1a: Garganacl|Garganacl, F|87/100
|move|p2a: Amoonguss|Foul Play|p1a: Garganacl
|-damage|p1a: Garganacl|73/100
|
|upkeep
|turn|6
|
|t:|1779915864
|switch|p2a: Gliscor|Gliscor, F|88/100 tox
|-damage|p2a: Gliscor|75/100 tox|[from] Stealth Rock
|move|p1a: Garganacl|Salt Cure|p2a: Gliscor
|-damage|p2a: Gliscor|63/100 tox
|-start|p2a: Gliscor|Salt Cure
|
|-heal|p2a: Gliscor|76/100 tox|[from] ability: Poison Heal
|-damage|p2a: Gliscor|63/100 tox|[from] Salt Cure
|upkeep
|turn|7
|
|t:|1779915878
|move|p2a: Gliscor|Spikes|p1a: Garganacl
|-sidestart|p1: Ellunae|Spikes
|move|p1a: Garganacl|Recover|p1a: Garganacl
|-heal|p1a: Garganacl|100/100
|
|-heal|p2a: Gliscor|76/100 tox|[from] ability: Poison Heal
|-damage|p2a: Gliscor|63/100 tox|[from] Salt Cure
|upkeep
|turn|8
|
|t:|1779915896
|switch|p2a: Amoonguss|Amoonguss, M|100/100
|switch|p1a: Great Tusk|Great Tusk|100/100
|
|upkeep
|turn|9
|
|t:|1779915903
|move|p1a: Great Tusk|Rapid Spin|p2a: Amoonguss
|-crit|p2a: Amoonguss
|-damage|p2a: Amoonguss|82/100
|-boost|p1a: Great Tusk|spe|1
|-sideend|p1: Ellunae|Spikes|[from] move: Rapid Spin|[of] p1a: Great Tusk
|move|p2a: Amoonguss|Toxic|p1a: Great Tusk
|-status|p1a: Great Tusk|tox
|
|-damage|p1a: Great Tusk|94/100 tox|[from] psn
|upkeep
|turn|10
|
|t:|1779915909
|move|p1a: Great Tusk|Ice Spinner|p2a: Amoonguss
|-supereffective|p2a: Amoonguss
|-damage|p2a: Amoonguss|45/100
|move|p2a: Amoonguss|Foul Play|p1a: Great Tusk
|-resisted|p1a: Great Tusk
|-damage|p1a: Great Tusk|81/100 tox
|
|-damage|p1a: Great Tusk|69/100 tox|[from] psn
|upkeep
|turn|11
|
|t:|1779915918
|move|p1a: Great Tusk|Ice Spinner|p2a: Amoonguss
|-supereffective|p2a: Amoonguss
|-damage|p2a: Amoonguss|1/100
|move|p2a: Amoonguss|Synthesis|p2a: Amoonguss
|-heal|p2a: Amoonguss|51/100
|
|-damage|p1a: Great Tusk|50/100 tox|[from] psn
|upkeep
|turn|12
|
|t:|1779915921
|move|p1a: Great Tusk|Ice Spinner|p2a: Amoonguss
|-supereffective|p2a: Amoonguss
|-damage|p2a: Amoonguss|8/100
|move|p2a: Amoonguss|Synthesis|p2a: Amoonguss
|-heal|p2a: Amoonguss|58/100
|
|-damage|p1a: Great Tusk|26/100 tox|[from] psn
|upkeep
|turn|13
|
|t:|1779915925
|-terastallize|p1a: Great Tusk|Ice
|move|p1a: Great Tusk|Ice Spinner|p2a: Amoonguss
|-supereffective|p2a: Amoonguss
|-damage|p2a: Amoonguss|3/100
|move|p2a: Amoonguss|Synthesis|p2a: Amoonguss
|-heal|p2a: Amoonguss|53/100
|
|-damage|p1a: Great Tusk|0 fnt|[from] psn
|faint|p1a: Great Tusk
|-end|p1a: Great Tusk|Protosynthesis|[silent]
|upkeep
|
|t:|1779915935
|switch|p1a: Ogerpon|Ogerpon-Wellspring, F|100/100
|turn|14
|
|t:|1779915952
|move|p1a: Ogerpon|Trick|p2a: Amoonguss
|-activate|p1a: Ogerpon|move: Trick|[of] p2a: Amoonguss
|-item|p2a: Amoonguss|Choice Specs|[from] move: Trick
|-item|p1a: Ogerpon|Heavy-Duty Boots|[from] move: Trick
|move|p2a: Amoonguss|Toxic|p1a: Ogerpon
|-status|p1a: Ogerpon|tox
|
|-damage|p1a: Ogerpon|95/100 tox|[from] psn
|upkeep
|turn|15
|
|t:|1779915963
|switch|p1a: Pecharunt|Pecharunt|100/100
|switch|p2a: Toxapex|Toxapex, F|100/100
|
|upkeep
|turn|16
|
|t:|1779915970
|switch|p2a: Blissey|Blissey, F|100/100
|move|p1a: Pecharunt|Parting Shot|p2a: Blissey
|-unboost|p2a: Blissey|atk|1
|-unboost|p2a: Blissey|spa|1
|
|t:|1779915977
|switch|p1a: Garganacl|Garganacl, F|100/100|[from] Parting Shot
|
|upkeep
|turn|17
|
|t:|1779915981
|move|p2a: Blissey|Stealth Rock|p1a: Garganacl
|-sidestart|p1: Ellunae|move: Stealth Rock
|move|p1a: Garganacl|Salt Cure|p2a: Blissey
|-damage|p2a: Blissey|87/100
|-start|p2a: Blissey|Salt Cure
|
|-damage|p2a: Blissey|75/100|[from] Salt Cure
|upkeep
|turn|18
|
|t:|1779915988
|switch|p2a: Amoonguss|Amoonguss, M|86/100
|-damage|p2a: Amoonguss|74/100|[from] Stealth Rock
|switch|p1a: Alomomola|Alomomola, F|100/100
|-damage|p1a: Alomomola|88/100|[from] Stealth Rock
|
|upkeep
|turn|19
|
|t:|1779915994
|switch|p1a: Pecharunt|Pecharunt|100/100
|move|p2a: Amoonguss|Toxic|p1a: Pecharunt
|-immune|p1a: Pecharunt
|
|upkeep
|turn|20
|
|t:|1779915998
|switch|p2a: Gliscor|Gliscor, F|63/100 tox
|-damage|p2a: Gliscor|51/100 tox|[from] Stealth Rock
|move|p1a: Pecharunt|Parting Shot|p2a: Gliscor
|-unboost|p2a: Gliscor|atk|1
|-unboost|p2a: Gliscor|spa|1
|
|t:|1779916002
|switch|p1a: Ogerpon|Ogerpon-Wellspring, F|80/100|[from] Parting Shot
|-damage|p1a: Ogerpon|67/100|[from] Stealth Rock
|
|-heal|p2a: Gliscor|63/100 tox|[from] ability: Poison Heal
|upkeep
|turn|21
|
|t:|1779916010
|switch|p2a: Amoonguss|Amoonguss, M|100/100
|-damage|p2a: Amoonguss|88/100|[from] Stealth Rock
|move|p1a: Ogerpon|Swords Dance|p1a: Ogerpon
|-boost|p1a: Ogerpon|atk|2
|
|upkeep
|turn|22
|
|t:|1779916016
|move|p1a: Ogerpon|Ivy Cudgel|p2a: Amoonguss|[anim] Ivy Cudgel Water
|-resisted|p2a: Amoonguss
|-damage|p2a: Amoonguss|46/100
|move|p2a: Amoonguss|Clear Smog|p1a: Ogerpon
|-supereffective|p1a: Ogerpon
|-damage|p1a: Ogerpon|15/100
|-clearboost|p1a: Ogerpon
|
|upkeep
|turn|23
|
|t:|1779916023
|move|p1a: Ogerpon|Ivy Cudgel|p2a: Amoonguss|[anim] Ivy Cudgel Water
|-resisted|p2a: Amoonguss
|-damage|p2a: Amoonguss|23/100
|move|p2a: Amoonguss|Clear Smog|p1a: Ogerpon
|-supereffective|p1a: Ogerpon
|-damage|p1a: Ogerpon|0 fnt
|-clearboost|p1a: Ogerpon
|faint|p1a: Ogerpon
|
|upkeep
|
|t:|1779916028
|switch|p1a: Garganacl|Garganacl, F|100/100
|-damage|p1a: Garganacl|88/100|[from] Stealth Rock
|turn|24
|
|t:|1779916033
|switch|p2a: Toxapex|Toxapex, F|100/100
|move|p1a: Garganacl|Salt Cure|p2a: Toxapex
|-damage|p2a: Toxapex|89/100
|-start|p2a: Toxapex|Salt Cure
|
|-damage|p2a: Toxapex|64/100|[from] Salt Cure
|upkeep
|turn|25
|
|t:|1779916039
|switch|p2a: Amoonguss|Amoonguss, M|56/100
|-damage|p2a: Amoonguss|43/100|[from] Stealth Rock
|switch|p1a: Alomomola|Alomomola, F|100/100
|-damage|p1a: Alomomola|88/100|[from] Stealth Rock
|
|upkeep
|turn|26
|
|t:|1779916047
|switch|p2a: Gliscor|Gliscor, F|63/100 tox
|-damage|p2a: Gliscor|51/100 tox|[from] Stealth Rock
|move|p1a: Alomomola|Body Slam|p2a: Gliscor
|-damage|p2a: Gliscor|38/100 tox
|
|-heal|p2a: Gliscor|50/100 tox|[from] ability: Poison Heal
|upkeep
|turn|27
|
|t:|1779916058
|move|p2a: Gliscor|Spikes|p1a: Alomomola
|-sidestart|p1: Ellunae|Spikes
|move|p1a: Alomomola|Scald|p2a: Gliscor
|-supereffective|p2a: Gliscor
|-damage|p2a: Gliscor|25/100 tox
|
|-heal|p2a: Gliscor|37/100 tox|[from] ability: Poison Heal
|upkeep
|turn|28
|
|t:|1779916066
|move|p2a: Gliscor|Protect|p2a: Gliscor
|-singleturn|p2a: Gliscor|Protect
|move|p1a: Alomomola|Flip Turn|p2a: Gliscor
|-activate|p2a: Gliscor|move: Protect
|
|-heal|p2a: Gliscor|50/100 tox|[from] ability: Poison Heal
|upkeep
|turn|29
|
|t:|1779916069
|move|p2a: Gliscor|Spikes|p1a: Alomomola
|-sidestart|p1: Ellunae|Spikes
|move|p1a: Alomomola|Scald|p2a: Gliscor
|-supereffective|p2a: Gliscor
|-damage|p2a: Gliscor|22/100 tox
|
|-heal|p2a: Gliscor|35/100 tox|[from] ability: Poison Heal
|upkeep
|turn|30
|
|t:|1779916077
|move|p2a: Gliscor|Knock Off|p1a: Alomomola
|-crit|p1a: Alomomola
|-damage|p1a: Alomomola|65/100
|-enditem|p1a: Alomomola|Assault Vest|[from] move: Knock Off|[of] p2a: Gliscor
|move|p1a: Alomomola|Scald|p2a: Gliscor
|-supereffective|p2a: Gliscor
|-damage|p2a: Gliscor|9/100 tox
|
|-heal|p2a: Gliscor|21/100 tox|[from] ability: Poison Heal
|upkeep
|turn|31
|
|t:|1779916084
|move|p2a: Gliscor|Protect|p2a: Gliscor
|-singleturn|p2a: Gliscor|Protect
|move|p1a: Alomomola|Flip Turn|p2a: Gliscor
|-activate|p2a: Gliscor|move: Protect
|
|-heal|p2a: Gliscor|34/100 tox|[from] ability: Poison Heal
|upkeep
|turn|32
|-message|Ellunae forfeited.
|
|win|Humerus_Skelepun
|raw|Ellunae's rating: 1412 &rarr; <strong>1396</strong><br />(-16 for losing)
|raw|Humerus_Skelepun's rating: 1491 &rarr; <strong>1507</strong><br />(+16 for winning)
|l|☆Ellunae
|player|p1|
