|j|☆upfreeze
|j|☆Inotamme
|t:|1779846929
|gametype|singles
|player|p1|upfreeze|lady-gen4|1183
|player|p2|Inotamme|lucas-gen4pt|1142
|gen|9
|tier|[Gen 9] OU
|rated|
|rule|HP Percentage Mod: HP is shown in percentages
|rule|Endless Battle Clause: Forcing endless battles is banned
|rule|Species Clause: Limit one of each Pokémon
|rule|OHKO Clause: OHKO moves are banned
|rule|Evasion Items Clause: Evasion items are banned
|rule|Evasion Moves Clause: Evasion moves are banned
|rule|Evasion Abilities Clause: Evasion abilities are banned
|rule|Sleep Moves Clause: Sleep-inducing moves are banned
|clearpoke
|poke|p1|Landorus-Therian, M|
|poke|p1|Lycanroc-Dusk, M|
|poke|p1|Slowking-Galar, F|
|poke|p1|Iron Valiant|
|poke|p1|Skeledirge, M|
|poke|p1|Corviknight, F|
|poke|p2|Armarouge, M|
|poke|p2|Galvantula, F|
|poke|p2|Basculin-Blue-Striped, M|
|poke|p2|Scyther, M|
|poke|p2|Noivern, F|
|poke|p2|Kommo-o, M|
|teampreview
|inactive|Battle timer is ON: inactive players will automatically lose when time's up. (requested by Inotamme)
|inactive|upfreeze also wants the timer to be on.
|
|t:|1779846947
|teamsize|p1|6
|teamsize|p2|6
|start
|switch|p1a: Joyeuse|Slowking-Galar, F, shiny|100/100
|switch|p2a: Galvantula|Galvantula, F|100/100
|turn|1
|
|t:|1779846955
|move|p2a: Galvantula|Sticky Web|p1a: Joyeuse
|-sidestart|p1: upfreeze|move: Sticky Web
|move|p1a: Joyeuse|Sludge Bomb|p2a: Galvantula
|-damage|p2a: Galvantula|44/100
|-status|p2a: Galvantula|psn
|
|-damage|p2a: Galvantula|31/100 psn|[from] psn
|upkeep
|turn|2
|
|t:|1779846964
|move|p2a: Galvantula|Thunder Wave|p1a: Joyeuse
|-status|p1a: Joyeuse|par
|move|p1a: Joyeuse|Future Sight|p2a: Galvantula
|-start|p1a: Joyeuse|move: Future Sight
|
|-damage|p2a: Galvantula|19/100 psn|[from] psn
|upkeep
|turn|3
|
|t:|1779846971
|move|p2a: Galvantula|Thunder|p1a: Joyeuse
|-damage|p1a: Joyeuse|74/100 par
|move|p1a: Joyeuse|Sludge Bomb|p2a: Galvantula
|-damage|p2a: Galvantula|0 fnt
|faint|p2a: Galvantula
|
|upkeep
|
|t:|1779846976
|switch|p2a: Armarouge|Armarouge, M|100/100
|turn|4
|
|t:|1779846982
|move|p2a: Armarouge|Stored Power|p1a: Joyeuse
|-damage|p1a: Joyeuse|66/100 par
|move|p1a: Joyeuse|Thunder Wave|p2a: Armarouge
|-status|p2a: Armarouge|par
|
|-end|p2a: Armarouge|move: Future Sight
|-resisted|p2a: Armarouge
|-damage|p2a: Armarouge|74/100 par
|upkeep
|turn|5
|
|t:|1779846991
|move|p2a: Armarouge|Stored Power|p1a: Joyeuse
|-damage|p1a: Joyeuse|59/100 par
|move|p1a: Joyeuse|Sludge Bomb|p2a: Armarouge
|-damage|p2a: Armarouge|35/100 par
|
|upkeep
|turn|6
|
|t:|1779846997
|cant|p2a: Armarouge|par
|move|p1a: Joyeuse|Sludge Bomb|p2a: Armarouge
|-damage|p2a: Armarouge|0 fnt
|faint|p2a: Armarouge
|
|upkeep
|
|t:|1779847001
|switch|p2a: Basculin|Basculin-Blue-Striped, M|100/100
|turn|7
|
|t:|1779847004
|move|p2a: Basculin|Wave Crash|p1a: Joyeuse
|-damage|p1a: Joyeuse|0 fnt
|faint|p1a: Joyeuse
|-damage|p2a: Basculin|73/100|[from] Recoil
|
|upkeep
|
|t:|1779847009
|switch|p1a: Malfestio|Corviknight, F, shiny|100/100
|turn|8
|
|t:|1779847012
|move|p2a: Basculin|Wave Crash|p1a: Malfestio
|-damage|p1a: Malfestio|17/100
|-damage|p2a: Basculin|34/100|[from] Recoil
|move|p1a: Malfestio|Defog|p2a: Basculin
|-unboost|p2a: Basculin|evasion|1
|-sideend|p1: upfreeze|Sticky Web|[from] move: Defog|[of] p1a: Malfestio
|
|-heal|p1a: Malfestio|23/100|[from] item: Leftovers
|upkeep
|turn|9
|
|t:|1779847022
|move|p2a: Basculin|Wave Crash|p1a: Malfestio
|-damage|p1a: Malfestio|0 fnt
|faint|p1a: Malfestio
|-damage|p2a: Basculin|24/100|[from] Recoil
|
|upkeep
|
|t:|1779847030
|switch|p1a: Achilles|Iron Valiant, shiny|100/100
|-enditem|p1a: Achilles|Booster Energy
|-activate|p1a: Achilles|ability: Quark Drive|[fromitem]
|-start|p1a: Achilles|quarkdrivespe
|turn|10
|
|t:|1779847035
|move|p1a: Achilles|Thunderbolt|p2a: Basculin
|-supereffective|p2a: Basculin
|-damage|p2a: Basculin|0 fnt
|faint|p2a: Basculin
|
|upkeep
|
|t:|1779847042
|switch|p2a: Kommo-o|Kommo-o, M|100/100
|turn|11
|
|t:|1779847048
|-terastallize|p1a: Achilles|Fairy
|-terastallize|p2a: Kommo-o|Steel
|move|p1a: Achilles|Moonblast|p2a: Kommo-o
|-resisted|p2a: Kommo-o
|-crit|p2a: Kommo-o
|-damage|p2a: Kommo-o|49/100
|move|p2a: Kommo-o|Clangorous Soul|p2a: Kommo-o
|-boost|p2a: Kommo-o|atk|1
|-boost|p2a: Kommo-o|def|1
|-boost|p2a: Kommo-o|spa|1
|-boost|p2a: Kommo-o|spd|1
|-boost|p2a: Kommo-o|spe|1
|-damage|p2a: Kommo-o|16/100
|
|-heal|p2a: Kommo-o|22/100|[from] item: Leftovers
|upkeep
|turn|12
|
|t:|1779847064
|move|p1a: Achilles|Moonblast|p2a: Kommo-o
|-resisted|p2a: Kommo-o
|-crit|p2a: Kommo-o
|-damage|p2a: Kommo-o|0 fnt
|faint|p2a: Kommo-o
|
|upkeep
|
|t:|1779847070
|switch|p2a: Scyther|Scyther, M|100/100
|turn|13
|
|t:|1779847076
|move|p1a: Achilles|Thunderbolt|p2a: Scyther
|-supereffective|p2a: Scyther
|-damage|p2a: Scyther|39/100
|move|p2a: Scyther|Dual Wingbeat|p1a: Achilles
|-damage|p1a: Achilles|61/100
|-damage|p1a: Achilles|24/100
|-hitcount|p1a: Achilles|2
|
|upkeep
|turn|14
|
|t:|1779847084
|move|p2a: Scyther|Quick Attack|p1a: Achilles
|-damage|p1a: Achilles|0 fnt
|faint|p1a: Achilles
|-end|p1a: Achilles|Quark Drive|[silent]
|
|upkeep
|
|t:|1779847089
|switch|p1a: Charlemagne|Lycanroc-Dusk, M, shiny|100/100
|turn|15
|
|t:|1779847097
|move|p1a: Charlemagne|Accelerock|p2a: Scyther
|-supereffective|p2a: Scyther
|-damage|p2a: Scyther|0 fnt
|faint|p2a: Scyther
|
|upkeep
|
|t:|1779847099
|switch|p2a: Noivern|Noivern, F|100/100
|turn|16
|
|t:|1779847103
|move|p1a: Charlemagne|Accelerock|p2a: Noivern
|-supereffective|p2a: Noivern
|-damage|p2a: Noivern|0 fnt
|faint|p2a: Noivern
|
|win|upfreeze
|raw|upfreeze's rating: 1183 &rarr; <strong>1205</strong><br />(+22 for winning)
|raw|Inotamme's rating: 1142 &rarr; <strong>1120</strong><br />(-22 for losing)
|l|☆Inotamme
|player|p2|
|l|☆upfreeze
|player|p1|
