|j|☆EddyduBourgPalette
|j|☆PieCubed^3
|t:|1779941857
|gametype|singles
|player|p1|EddyduBourgPalette|169|1323
|player|p2|PieCubed^3|hilda-wonderlauncher|1351
|gen|9
|tier|[Gen 9] OU
|rated|
|rule|HP Percentage Mod: HP is shown in percentages
|rule|Endless Battle Clause: Forcing endless battles is banned
|rule|Species Clause: Limit one of each Pokémon
|rule|OHKO Clause: OHKO moves are banned
|rule|Evasion Items Clause: Evasion items are banned
|rule|Evasion Moves Clause: Evasion moves are banned
|rule|Evasion Abilities Clause: Evasion abilities are banned
|rule|Sleep Moves Clause: Sleep-inducing moves are banned
|clearpoke
|poke|p1|Hippowdon, F|
|poke|p1|Gastrodon, F|
|poke|p1|Corviknight, F|
|poke|p1|Gholdengo|
|poke|p1|Iron Valiant|
|poke|p1|Ting-Lu|
|poke|p2|Araquanid, F|
|poke|p2|Ceruledge, F|
|poke|p2|Kingambit, M|
|poke|p2|Raging Bolt|
|poke|p2|Keldeo-Resolute|
|poke|p2|Gliscor, F|
|teampreview
|inactive|Battle timer is ON: inactive players will automatically lose when time's up. (requested by PieCubed^3)
|
|t:|1779941873
|teamsize|p1|6
|teamsize|p2|6
|start
|switch|p1a: Hippowdon|Hippowdon, F, shiny|100/100
|switch|p2a: QUIL|Araquanid, F|100/100
|-weather|Sandstorm|[from] ability: Sand Stream|[of] p1a: Hippowdon
|turn|1
|
|t:|1779941890
|move|p1a: Hippowdon|Stealth Rock|p2a: QUIL
|-sidestart|p2: PieCubed^3|move: Stealth Rock
|move|p2a: QUIL|Sticky Web|p1a: Hippowdon
|-sidestart|p1: EddyduBourgPalette|move: Sticky Web
|
|-weather|Sandstorm|[upkeep]
|-damage|p2a: QUIL|94/100|[from] Sandstorm
|upkeep
|turn|2
|
|t:|1779941896
|switch|p1a: Gastrodon|Gastrodon, F, shiny|100/100
|-activate|p1a: Gastrodon|move: Sticky Web
|-unboost|p1a: Gastrodon|spe|1
|move|p2a: QUIL|Surf|p1a: Gastrodon
|-ability|p1a: Gastrodon|Storm Drain|boost
|-boost|p1a: Gastrodon|spa|1
|
|-weather|Sandstorm|[upkeep]
|-damage|p2a: QUIL|88/100|[from] Sandstorm
|upkeep
|turn|3
|
|t:|1779941909
|switch|p2a: Raging Bolt|Raging Bolt|100/100
|-damage|p2a: Raging Bolt|88/100|[from] Stealth Rock
|-enditem|p2a: Raging Bolt|Booster Energy
|-activate|p2a: Raging Bolt|ability: Protosynthesis|[fromitem]
|-start|p2a: Raging Bolt|protosynthesisspa
|move|p1a: Gastrodon|Ice Beam|p2a: Raging Bolt
|-supereffective|p2a: Raging Bolt
|-damage|p2a: Raging Bolt|32/100
|
|-weather|Sandstorm|[upkeep]
|-damage|p2a: Raging Bolt|26/100|[from] Sandstorm
|upkeep
|turn|4
|
|t:|1779941922
|switch|p1a: Ting-Lu|Ting-Lu, shiny|100/100
|-activate|p1a: Ting-Lu|move: Sticky Web
|-unboost|p1a: Ting-Lu|spe|1
|-ability|p1a: Ting-Lu|Vessel of Ruin
|-terastallize|p2a: Raging Bolt|Fairy
|move|p2a: Raging Bolt|Calm Mind|p2a: Raging Bolt
|-boost|p2a: Raging Bolt|spa|1
|-boost|p2a: Raging Bolt|spd|1
|
|-weather|Sandstorm|[upkeep]
|-damage|p2a: Raging Bolt|20/100|[from] Sandstorm
|upkeep
|turn|5
|
|t:|1779941936
|move|p2a: Raging Bolt|Dragon Pulse|p1a: Ting-Lu
|-damage|p1a: Ting-Lu|56/100
|move|p1a: Ting-Lu|Earthquake|p2a: Raging Bolt
|-damage|p2a: Raging Bolt|0 fnt
|faint|p2a: Raging Bolt
|-end|p2a: Raging Bolt|Protosynthesis|[silent]
|
|-weather|none
|-heal|p1a: Ting-Lu|62/100|[from] item: Leftovers
|upkeep
|
|t:|1779941956
|switch|p2a: Kingambit|Kingambit, M|100/100
|-damage|p2a: Kingambit|94/100|[from] Stealth Rock
|-activate|p2a: Kingambit|ability: Supreme Overlord
|-start|p2a: Kingambit|fallen1|[silent]
|-item|p2a: Kingambit|Air Balloon
|turn|6
|
|t:|1779941963
|move|p2a: Kingambit|Low Kick|p1a: Ting-Lu
|-supereffective|p1a: Ting-Lu
|-damage|p1a: Ting-Lu|8/100
|move|p1a: Ting-Lu|Spikes|p2a: Kingambit
|-sidestart|p2: PieCubed^3|Spikes
|
|-heal|p1a: Ting-Lu|14/100|[from] item: Leftovers
|upkeep
|turn|7
|
|t:|1779941973
|switch|p1a: Corviknight|Corviknight, F, shiny|100/100
|-ability|p1a: Corviknight|Pressure
|move|p2a: Kingambit|Kowtow Cleave|p1a: Corviknight
|-damage|p1a: Corviknight|65/100
|-damage|p2a: Kingambit|78/100|[from] item: Rocky Helmet|[of] p1a: Corviknight
|
|upkeep
|turn|8
|
|t:|1779941988
|-end|p2a: Kingambit|fallen1|[silent]
|switch|p2a: Ceruledge|Ceruledge, F|100/100
|-damage|p2a: Ceruledge|76/100|[from] Stealth Rock
|-damage|p2a: Ceruledge|63/100|[from] Spikes
|move|p1a: Corviknight|Taunt|p2a: Ceruledge
|-start|p2a: Ceruledge|move: Taunt
|
|upkeep
|turn|9
|
|t:|1779942000
|switch|p1a: Hippowdon|Hippowdon, F, shiny|100/100
|-activate|p1a: Hippowdon|move: Sticky Web
|-unboost|p1a: Hippowdon|spe|1
|-weather|Sandstorm|[from] ability: Sand Stream|[of] p1a: Hippowdon
|move|p2a: Ceruledge|Bitter Blade|p1a: Hippowdon
|-damage|p1a: Hippowdon|68/100
|-heal|p2a: Ceruledge|87/100|[from] drain|[of] p1a: Hippowdon
|-damage|p2a: Ceruledge|77/100|[from] item: Life Orb
|
|-weather|Sandstorm|[upkeep]
|-damage|p2a: Ceruledge|71/100|[from] Sandstorm
|-heal|p1a: Hippowdon|74/100|[from] item: Leftovers
|upkeep
|turn|10
|inactive|PieCubed^3 has 120 seconds left.
|
|t:|1779942052
|switch|p2a: Gliscor|Gliscor, F|100/100
|-damage|p2a: Gliscor|88/100|[from] Stealth Rock
|move|p1a: Hippowdon|Earthquake|p2a: Gliscor
|-immune|p2a: Gliscor
|
|-weather|Sandstorm|[upkeep]
|-heal|p1a: Hippowdon|80/100|[from] item: Leftovers
|-status|p2a: Gliscor|tox|[from] item: Toxic Orb
|upkeep
|turn|11
|
|t:|1779942062
|move|p2a: Gliscor|Swords Dance|p2a: Gliscor
|-boost|p2a: Gliscor|atk|2
|move|p1a: Hippowdon|Whirlwind|p2a: Gliscor
|drag|p2a: Kingambit|Kingambit, M|78/100
|-damage|p2a: Kingambit|72/100|[from] Stealth Rock
|-activate|p2a: Kingambit|ability: Supreme Overlord
|-start|p2a: Kingambit|fallen1|[silent]
|-item|p2a: Kingambit|Air Balloon
|
|-weather|Sandstorm|[upkeep]
|-heal|p1a: Hippowdon|87/100|[from] item: Leftovers
|upkeep
|turn|12
|inactive|PieCubed^3 has 90 seconds left.
|
|t:|1779942094
|move|p2a: Kingambit|Swords Dance|p2a: Kingambit
|-boost|p2a: Kingambit|atk|2
|move|p1a: Hippowdon|Whirlwind|p2a: Kingambit
|-end|p2a: Kingambit|fallen1|[silent]
|drag|p2a: Keldeo|Keldeo-Resolute|100/100
|-damage|p2a: Keldeo|94/100|[from] Stealth Rock
|-damage|p2a: Keldeo|82/100|[from] Spikes
|
|-weather|Sandstorm|[upkeep]
|-damage|p2a: Keldeo|76/100|[from] Sandstorm
|-heal|p1a: Hippowdon|93/100|[from] item: Leftovers
|upkeep
|turn|13
|
|t:|1779942107
|switch|p1a: Gastrodon|Gastrodon, F, shiny|100/100
|-activate|p1a: Gastrodon|move: Sticky Web
|-unboost|p1a: Gastrodon|spe|1
|move|p2a: Keldeo|Substitute|p2a: Keldeo
|-start|p2a: Keldeo|Substitute
|-damage|p2a: Keldeo|51/100
|
|-weather|none
|upkeep
|turn|14
|
|t:|1779942115
|move|p2a: Keldeo|Calm Mind|p2a: Keldeo
|-boost|p2a: Keldeo|spa|1
|-boost|p2a: Keldeo|spd|1
|move|p1a: Gastrodon|Earth Power|p2a: Keldeo
|-activate|p2a: Keldeo|move: Substitute|[damage]
|
|upkeep
|turn|15
|
|t:|1779942123
|switch|p1a: Ting-Lu|Ting-Lu, shiny|14/100
|-activate|p1a: Ting-Lu|move: Sticky Web
|-unboost|p1a: Ting-Lu|spe|1
|-ability|p1a: Ting-Lu|Vessel of Ruin
|move|p2a: Keldeo|Calm Mind|p2a: Keldeo
|-boost|p2a: Keldeo|spa|1
|-boost|p2a: Keldeo|spd|1
|
|-heal|p1a: Ting-Lu|20/100|[from] item: Leftovers
|upkeep
|turn|16
|c|☆EddyduBourgPalette|no skill
|
|t:|1779942136
|move|p2a: Keldeo|Secret Sword|p1a: Ting-Lu
|-supereffective|p1a: Ting-Lu
|-damage|p1a: Ting-Lu|0 fnt
|faint|p1a: Ting-Lu
|-damage|p2a: Keldeo|41/100|[from] item: Life Orb
|
|upkeep
|
|t:|1779942143
|switch|p1a: Hippowdon|Hippowdon, F, shiny|93/100
|-activate|p1a: Hippowdon|move: Sticky Web
|-unboost|p1a: Hippowdon|spe|1
|-weather|Sandstorm|[from] ability: Sand Stream|[of] p1a: Hippowdon
|turn|17
|c|☆PieCubed^3|webs takes a lot of skill
|c|☆PieCubed^3|smh
|c|☆EddyduBourgPalette|lmaooooo
|c|☆EddyduBourgPalette|yeah right
|
|t:|1779942161
|-terastallize|p1a: Hippowdon|Steel
|move|p2a: Keldeo|Surf|p1a: Hippowdon
|-damage|p1a: Hippowdon|0 fnt
|faint|p1a: Hippowdon
|-damage|p2a: Keldeo|31/100|[from] item: Life Orb
|
|-weather|Sandstorm|[upkeep]
|-damage|p2a: Keldeo|25/100|[from] Sandstorm
|upkeep
|inactive|EddyduBourgPalette has 120 seconds left.
|
|t:|1779942181
|switch|p1a: Gastrodon|Gastrodon, F, shiny|100/100
|-activate|p1a: Gastrodon|move: Sticky Web
|-unboost|p1a: Gastrodon|spe|1
|turn|18
|
|t:|1779942188
|move|p2a: Keldeo|Secret Sword|p1a: Gastrodon
|-damage|p1a: Gastrodon|0 fnt
|faint|p1a: Gastrodon
|-damage|p2a: Keldeo|15/100|[from] item: Life Orb
|
|-weather|Sandstorm|[upkeep]
|-damage|p2a: Keldeo|9/100|[from] Sandstorm
|upkeep
|
|t:|1779942197
|switch|p1a: Corviknight|Corviknight, F, shiny|65/100
|-ability|p1a: Corviknight|Pressure
|turn|19
|
|t:|1779942202
|move|p2a: Keldeo|Surf|p1a: Corviknight
|-damage|p1a: Corviknight|0 fnt
|faint|p1a: Corviknight
|-damage|p2a: Keldeo|0 fnt|[from] item: Life Orb
|faint|p2a: Keldeo
|
|-weather|Sandstorm|[upkeep]
|upkeep
|
|t:|1779942223
|switch|p2a: Ceruledge|Ceruledge, F|71/100
|switch|p1a: Iron Valiant|Iron Valiant, shiny|100/100
|-activate|p1a: Iron Valiant|move: Sticky Web
|-unboost|p1a: Iron Valiant|spe|1
|-damage|p2a: Ceruledge|46/100|[from] Stealth Rock
|-damage|p2a: Ceruledge|33/100|[from] Spikes
|-enditem|p1a: Iron Valiant|Booster Energy
|-activate|p1a: Iron Valiant|ability: Quark Drive|[fromitem]
|-start|p1a: Iron Valiant|quarkdriveatk
|turn|20
|
|t:|1779942233
|move|p1a: Iron Valiant|Shadow Sneak|p2a: Ceruledge
|-supereffective|p2a: Ceruledge
|-damage|p2a: Ceruledge|0 fnt
|faint|p2a: Ceruledge
|
|-weather|Sandstorm|[upkeep]
|-damage|p1a: Iron Valiant|94/100|[from] Sandstorm
|upkeep
|
|t:|1779942245
|switch|p2a: QUIL|Araquanid, F|88/100
|-damage|p2a: QUIL|63/100|[from] Stealth Rock
|-damage|p2a: QUIL|51/100|[from] Spikes
|turn|21
|
|t:|1779942251
|move|p1a: Iron Valiant|Moonblast|p2a: QUIL
|-damage|p2a: QUIL|26/100
|move|p2a: QUIL|Endeavor|p1a: Iron Valiant
|-damage|p1a: Iron Valiant|31/100
|
|-weather|none
|upkeep
|turn|22
|
|t:|1779942262
|move|p1a: Iron Valiant|Moonblast|p2a: QUIL
|-damage|p2a: QUIL|3/100
|-unboost|p2a: QUIL|spa|1
|move|p2a: QUIL|Surf|p1a: Iron Valiant
|-damage|p1a: Iron Valiant|0 fnt
|faint|p1a: Iron Valiant
|-end|p1a: Iron Valiant|Quark Drive|[silent]
|
|upkeep
|
|t:|1779942269
|switch|p1a: Gholdengo|Gholdengo, shiny|100/100
|-item|p1a: Gholdengo|Air Balloon
|turn|23
|c|☆PieCubed^3|good game!
|-enditem|p2a: QUIL|Custap Berry|[eat]
|-activate|p2a: QUIL|item: Custap Berry|[consumed]
|
|t:|1779942274
|move|p2a: QUIL|Surf|p1a: Gholdengo
|-damage|p1a: Gholdengo|76/100
|-enditem|p1a: Gholdengo|Air Balloon
|move|p1a: Gholdengo|Nasty Plot|p1a: Gholdengo
|-boost|p1a: Gholdengo|spa|2
|
|upkeep
|turn|24
|
|t:|1779942285
|move|p1a: Gholdengo|Nasty Plot|p1a: Gholdengo
|-boost|p1a: Gholdengo|spa|2
|move|p2a: QUIL|Surf|p1a: Gholdengo
|-damage|p1a: Gholdengo|53/100
|
|upkeep
|turn|25
|
|t:|1779942302
|move|p1a: Gholdengo|Nasty Plot|p1a: Gholdengo
|-boost|p1a: Gholdengo|spa|2
|move|p2a: QUIL|Surf|p1a: Gholdengo
|-crit|p1a: Gholdengo
|-damage|p1a: Gholdengo|0 fnt
|faint|p1a: Gholdengo
|
|win|PieCubed^3
|raw|EddyduBourgPalette's rating: 1323 &rarr; <strong>1305</strong><br />(-18 for losing)
|raw|PieCubed^3's rating: 1351 &rarr; <strong>1369</strong><br />(+18 for winning)
|c|☆EddyduBourgPalette|of course
|c|☆PieCubed^3|unlucky!
|l|☆EddyduBourgPalette
|player|p1|
|l|☆PieCubed^3
|player|p2|
