|j|☆stootic
|j|☆crissperez
|t:|1779948570
|gametype|singles
|player|p1|stootic|volkner|1425
|player|p2|crissperez|juan|1409
|gen|9
|tier|[Gen 9] OU
|rated|
|rule|HP Percentage Mod: HP is shown in percentages
|rule|Endless Battle Clause: Forcing endless battles is banned
|rule|Species Clause: Limit one of each Pokémon
|rule|OHKO Clause: OHKO moves are banned
|rule|Evasion Items Clause: Evasion items are banned
|rule|Evasion Moves Clause: Evasion moves are banned
|rule|Evasion Abilities Clause: Evasion abilities are banned
|rule|Sleep Moves Clause: Sleep-inducing moves are banned
|clearpoke
|poke|p1|Iron Moth|
|poke|p1|Gliscor, M|
|poke|p1|Hatterene, F|
|poke|p1|Ogerpon-Wellspring, F|
|poke|p1|Raging Bolt|
|poke|p1|Zamazenta-*|
|poke|p2|Serperior, M|
|poke|p2|Hawlucha, M|
|poke|p2|Iron Crown|
|poke|p2|Garganacl, F|
|poke|p2|Florges, F|
|poke|p2|Ogerpon-Wellspring, F|
|teampreview
|inactive|Battle timer is ON: inactive players will automatically lose when time's up. (requested by stootic)
|
|t:|1779948588
|teamsize|p1|6
|teamsize|p2|6
|start
|switch|p1a: Zamazenta|Zamazenta|100/100
|switch|p2a: Serperior|Serperior, M|100/100
|-ability|p1a: Zamazenta|Dauntless Shield|boost
|-boost|p1a: Zamazenta|def|1
|turn|1
|
|t:|1779948601
|move|p1a: Zamazenta|Light Screen|p1a: Zamazenta
|-sidestart|p1: stootic|move: Light Screen
|move|p2a: Serperior|Glare|p1a: Zamazenta
|-status|p1a: Zamazenta|par
|
|upkeep
|turn|2
|
|t:|1779948607
|move|p2a: Serperior|Leaf Storm|p1a: Zamazenta|[miss]
|-miss|p2a: Serperior|p1a: Zamazenta
|move|p1a: Zamazenta|Ice Fang|p2a: Serperior
|-supereffective|p2a: Serperior
|-damage|p2a: Serperior|57/100
|-status|p2a: Serperior|frz
|
|upkeep
|turn|3
|
|t:|1779948623
|switch|p1a: Iron Moth|Iron Moth|100/100
|-enditem|p1a: Iron Moth|Booster Energy
|-activate|p1a: Iron Moth|ability: Quark Drive|[fromitem]
|-start|p1a: Iron Moth|quarkdrivespe
|cant|p2a: Serperior|frz
|
|upkeep
|turn|4
|
|t:|1779948643
|move|p1a: Iron Moth|Toxic Spikes|p2a: Serperior
|-sidestart|p2: crissperez|move: Toxic Spikes
|-curestatus|p2a: Serperior|frz|[msg]
|move|p2a: Serperior|Glare|p1a: Iron Moth
|-status|p1a: Iron Moth|par
|
|upkeep
|turn|5
|
|t:|1779948650
|move|p2a: Serperior|Leaf Storm|p1a: Iron Moth
|-resisted|p1a: Iron Moth
|-damage|p1a: Iron Moth|94/100 par
|-boost|p2a: Serperior|spa|2
|move|p1a: Iron Moth|Sludge Wave|p2a: Serperior
|-supereffective|p2a: Serperior
|-damage|p2a: Serperior|0 fnt
|faint|p2a: Serperior
|
|upkeep
|inactive|crissperez has 120 seconds left.
|
|t:|1779948683
|switch|p2a: Ogerpon|Ogerpon-Wellspring, F|100/100
|-status|p2a: Ogerpon|psn
|turn|6
|
|t:|1779948702
|move|p2a: Ogerpon|Swords Dance|p2a: Ogerpon
|-boost|p2a: Ogerpon|atk|2
|move|p1a: Iron Moth|Sludge Wave|p2a: Ogerpon
|-supereffective|p2a: Ogerpon
|-damage|p2a: Ogerpon|0 fnt
|faint|p2a: Ogerpon
|
|upkeep
|inactive|crissperez has 120 seconds left.
|
|t:|1779948716
|switch|p2a: Iron Crown|Iron Crown|100/100
|-enditem|p2a: Iron Crown|Booster Energy
|-activate|p2a: Iron Crown|ability: Quark Drive|[fromitem]
|-start|p2a: Iron Crown|quarkdrivespe
|turn|7
|
|t:|1779948724
|move|p2a: Iron Crown|Calm Mind|p2a: Iron Crown
|-boost|p2a: Iron Crown|spa|1
|-boost|p2a: Iron Crown|spd|1
|move|p1a: Iron Moth|Fiery Dance|p2a: Iron Crown
|-supereffective|p2a: Iron Crown
|-damage|p2a: Iron Crown|46/100
|
|upkeep
|turn|8
|
|t:|1779948732
|move|p2a: Iron Crown|Calm Mind|p2a: Iron Crown
|-boost|p2a: Iron Crown|spa|1
|-boost|p2a: Iron Crown|spd|1
|cant|p1a: Iron Moth|par
|
|-sideend|p1: stootic|move: Light Screen
|upkeep
|turn|9
|
|t:|1779948742
|move|p2a: Iron Crown|Psyshock|p1a: Iron Moth
|-supereffective|p1a: Iron Moth
|-damage|p1a: Iron Moth|0 fnt
|faint|p1a: Iron Moth
|-end|p1a: Iron Moth|Quark Drive|[silent]
|
|upkeep
|
|t:|1779948745
|switch|p1a: Raging Bolt|Raging Bolt|100/100
|-enditem|p1a: Raging Bolt|Booster Energy
|-activate|p1a: Raging Bolt|ability: Protosynthesis|[fromitem]
|-start|p1a: Raging Bolt|protosynthesisspa
|turn|10
|
|t:|1779948762
|move|p2a: Iron Crown|Psyshock|p1a: Raging Bolt
|-damage|p1a: Raging Bolt|29/100
|move|p1a: Raging Bolt|Thunderbolt|p2a: Iron Crown
|-damage|p2a: Iron Crown|11/100
|
|upkeep
|turn|11
|
|t:|1779948771
|move|p1a: Raging Bolt|Thunderclap|p2a: Iron Crown
|-crit|p2a: Iron Crown
|-damage|p2a: Iron Crown|0 fnt
|faint|p2a: Iron Crown
|-end|p2a: Iron Crown|Quark Drive|[silent]
|
|upkeep
|
|t:|1779948776
|switch|p2a: Florges|Florges, F|100/100
|-status|p2a: Florges|psn
|turn|12
|
|t:|1779948788
|move|p1a: Raging Bolt|Thunderbolt|p2a: Florges
|-damage|p2a: Florges|68/100 psn
|move|p2a: Florges|Draining Kiss|p1a: Raging Bolt
|-supereffective|p1a: Raging Bolt
|-damage|p1a: Raging Bolt|0 fnt
|-heal|p2a: Florges|91/100 psn|[from] drain|[of] p1a: Raging Bolt
|faint|p1a: Raging Bolt
|-end|p1a: Raging Bolt|Protosynthesis|[silent]
|
|-heal|p2a: Florges|97/100 psn|[from] item: Leftovers
|-damage|p2a: Florges|85/100 psn|[from] psn
|upkeep
|
|t:|1779948808
|switch|p1a: Ogerpon|Ogerpon-Wellspring, F|100/100
|turn|13
|
|t:|1779948815
|move|p1a: Ogerpon|Swords Dance|p1a: Ogerpon
|-boost|p1a: Ogerpon|atk|2
|move|p2a: Florges|Draining Kiss|p1a: Ogerpon
|-damage|p1a: Ogerpon|79/100
|-heal|p2a: Florges|98/100 psn|[from] drain|[of] p1a: Ogerpon
|
|-heal|p2a: Florges|100/100 psn|[from] item: Leftovers
|-damage|p2a: Florges|88/100 psn|[from] psn
|upkeep
|turn|14
|
|t:|1779948827
|switch|p2a: Garganacl|Garganacl, F|100/100
|move|p1a: Ogerpon|Ivy Cudgel|p2a: Garganacl|[anim] Ivy Cudgel Water
|-supereffective|p2a: Garganacl
|-damage|p2a: Garganacl|0 fnt
|faint|p2a: Garganacl
|
|upkeep
|
|t:|1779948835
|switch|p2a: Hawlucha|Hawlucha, M|100/100
|turn|15
|
|t:|1779948838
|-terastallize|p1a: Ogerpon|Water
|detailschange|p1a: Ogerpon|Ogerpon-Wellspring-Tera, F, tera:Water
|-ability|p1a: Ogerpon|Embody Aspect (Wellspring)|boost
|-boost|p1a: Ogerpon|spd|1
|move|p2a: Hawlucha|Substitute|p2a: Hawlucha
|-start|p2a: Hawlucha|Substitute
|-damage|p2a: Hawlucha|75/100
|move|p1a: Ogerpon|Ivy Cudgel|p2a: Hawlucha|[anim] Ivy Cudgel Water
|-crit|p2a: Hawlucha
|-end|p2a: Hawlucha|Substitute
|
|upkeep
|turn|16
|
|t:|1779948852
|move|p2a: Hawlucha|Substitute|p2a: Hawlucha
|-start|p2a: Hawlucha|Substitute
|-damage|p2a: Hawlucha|50/100
|-enditem|p2a: Hawlucha|Sitrus Berry|[eat]
|-heal|p2a: Hawlucha|75/100|[from] item: Sitrus Berry
|move|p1a: Ogerpon|Ivy Cudgel|p2a: Hawlucha|[anim] Ivy Cudgel Water
|-end|p2a: Hawlucha|Substitute
|
|upkeep
|turn|17
|
|t:|1779948861
|move|p2a: Hawlucha|Acrobatics|p1a: Ogerpon
|-damage|p1a: Ogerpon|16/100
|move|p1a: Ogerpon|Ivy Cudgel|p2a: Hawlucha|[anim] Ivy Cudgel Water
|-damage|p2a: Hawlucha|0 fnt
|faint|p2a: Hawlucha
|
|upkeep
|-message|crissperez forfeited.
|
|win|stootic
|raw|stootic's rating: 1425 &rarr; <strong>1444</strong><br />(+19 for winning)
|raw|crissperez's rating: 1409 &rarr; <strong>1390</strong><br />(-19 for losing)
|l|☆crissperez
|player|p2|
|l|☆stootic
|player|p1|
