|j|☆OscarGamble
|j|☆psygoat12
|t:|1779887663
|gametype|singles
|player|p1|OscarGamble|265|1348
|player|p2|psygoat12|chuck|1385
|gen|9
|tier|[Gen 9] OU
|rated|
|rule|HP Percentage Mod: HP is shown in percentages
|rule|Endless Battle Clause: Forcing endless battles is banned
|rule|Species Clause: Limit one of each Pokémon
|rule|OHKO Clause: OHKO moves are banned
|rule|Evasion Items Clause: Evasion items are banned
|rule|Evasion Moves Clause: Evasion moves are banned
|rule|Evasion Abilities Clause: Evasion abilities are banned
|rule|Sleep Moves Clause: Sleep-inducing moves are banned
|clearpoke
|poke|p1|Dragonite, M|
|poke|p1|Gholdengo|
|poke|p1|Corviknight, M|
|poke|p1|Ting-Lu|
|poke|p1|Tornadus-Therian, M|
|poke|p1|Iron Moth|
|poke|p2|Drifblim, M|
|poke|p2|Rillaboom, M|
|poke|p2|Cinderace, M|
|poke|p2|Iron Treads|
|poke|p2|Samurott-Hisui, M|
|poke|p2|Hatterene, F|
|teampreview
|inactive|Battle timer is ON: inactive players will automatically lose when time's up. (requested by OscarGamble)
|
|t:|1779887685
|teamsize|p1|6
|teamsize|p2|6
|start
|switch|p1a: Iron Moth|Iron Moth|100/100
|switch|p2a: Hatterene|Hatterene, F|100/100
|turn|1
|
|t:|1779887690
|move|p1a: Iron Moth|U-turn|p2a: Hatterene
|-damage|p2a: Hatterene|92/100
|-enditem|p2a: Hatterene|Red Card|[of] p1a: Iron Moth
|-end|p1a: Iron Moth|Quark Drive|[silent]
|drag|p1a: Ting-Lu|Ting-Lu|100/100
|-ability|p1a: Ting-Lu|Vessel of Ruin
|move|p2a: Hatterene|Nuzzle|p1a: Ting-Lu
|-immune|p1a: Ting-Lu
|
|upkeep
|turn|2
|
|t:|1779887705
|switch|p1a: Gholdengo|Gholdengo|100/100
|switch|p2a: Iron Treads|Iron Treads|100/100
|-enditem|p2a: Iron Treads|Booster Energy
|-activate|p2a: Iron Treads|ability: Quark Drive|[fromitem]
|-start|p2a: Iron Treads|quarkdrivespe
|
|upkeep
|turn|3
|inactive|OscarGamble has 120 seconds left.
|
|t:|1779887739
|-end|p2a: Iron Treads|Quark Drive|[silent]
|switch|p2a: Cinderace|Cinderace, M|100/100
|switch|p1a: Corviknight|Corviknight, M|100/100
|-ability|p1a: Corviknight|Pressure
|
|upkeep
|turn|4
|
|t:|1779887748
|switch|p1a: Iron Moth|Iron Moth|100/100
|move|p2a: Cinderace|Will-O-Wisp|p1a: Iron Moth
|-immune|p1a: Iron Moth
|
|upkeep
|turn|5
|inactive|psygoat12 has 120 seconds left.
|
|t:|1779887770
|move|p2a: Cinderace|U-turn|p1a: Iron Moth
|-resisted|p1a: Iron Moth
|-damage|p1a: Iron Moth|91/100
|
|t:|1779887774
|switch|p2a: Iron Treads|Iron Treads|100/100|[from] U-turn
|move|p1a: Iron Moth|Sludge Wave|p2a: Iron Treads
|-immune|p2a: Iron Treads
|
|upkeep
|turn|6
|inactive|psygoat12 has 120 seconds left.
|
|t:|1779887791
|-end|p2a: Iron Treads|Quark Drive|[silent]
|switch|p2a: Hatterene|Hatterene, F|92/100
|move|p1a: Iron Moth|Flamethrower|p2a: Hatterene
|-crit|p2a: Hatterene
|-damage|p2a: Hatterene|11/100
|
|upkeep
|turn|7
|
|t:|1779887800
|move|p1a: Iron Moth|Sludge Wave|p2a: Hatterene
|-supereffective|p2a: Hatterene
|-damage|p2a: Hatterene|0 fnt
|faint|p2a: Hatterene
|
|upkeep
|
|t:|1779887808
|switch|p2a: Samurott|Samurott-Hisui, M|100/100
|turn|8
|
|t:|1779887814
|-end|p1a: Iron Moth|Quark Drive|[silent]
|switch|p1a: Corviknight|Corviknight, M|100/100
|-ability|p1a: Corviknight|Pressure
|move|p2a: Samurott|Knock Off|p1a: Corviknight
|-damage|p1a: Corviknight|76/100
|-damage|p2a: Samurott|84/100|[from] item: Rocky Helmet|[of] p1a: Corviknight
|-enditem|p1a: Corviknight|Rocky Helmet|[from] move: Knock Off|[of] p2a: Samurott
|
|upkeep
|turn|9
|
|t:|1779887827
|switch|p2a: Drifblim|Drifblim, M|100/100
|move|p1a: Corviknight|U-turn|p2a: Drifblim
|-resisted|p2a: Drifblim
|-damage|p2a: Drifblim|97/100
|
|t:|1779887833
|switch|p1a: Tornadus|Tornadus-Therian, M|100/100|[from] U-turn
|
|upkeep
|turn|10
|
|t:|1779887846
|switch|p2a: Samurott|Samurott-Hisui, M|84/100
|move|p1a: Tornadus|Taunt|p2a: Samurott
|-start|p2a: Samurott|move: Taunt
|
|upkeep
|turn|11
|
|t:|1779887853
|move|p1a: Tornadus|U-turn|p2a: Samurott
|-supereffective|p2a: Samurott
|-damage|p2a: Samurott|42/100
|
|t:|1779887857
|switch|p1a: Corviknight|Corviknight, M|76/100|[from] U-turn
|-ability|p1a: Corviknight|Pressure
|move|p2a: Samurott|Ceaseless Edge|p1a: Corviknight
|-damage|p1a: Corviknight|50/100
|-sidestart|p1: OscarGamble|Spikes
|
|upkeep
|turn|12
|
|t:|1779887863
|switch|p2a: Cinderace|Cinderace, M|100/100
|move|p1a: Corviknight|Roost|p1a: Corviknight
|-heal|p1a: Corviknight|99/100
|-singleturn|p1a: Corviknight|move: Roost
|
|upkeep
|turn|13
|
|t:|1779887868
|switch|p1a: Iron Moth|Iron Moth|91/100
|move|p2a: Cinderace|Pyro Ball|p1a: Iron Moth
|-resisted|p1a: Iron Moth
|-damage|p1a: Iron Moth|39/100
|
|upkeep
|turn|14
|
|t:|1779887889
|move|p2a: Cinderace|Pyro Ball|p1a: Iron Moth
|-resisted|p1a: Iron Moth
|-damage|p1a: Iron Moth|0 fnt
|faint|p1a: Iron Moth
|-end|p1a: Iron Moth|Quark Drive|[silent]
|
|upkeep
|
|t:|1779887898
|switch|p1a: Dragonite|Dragonite, M|100/100
|turn|15
|
|t:|1779887920
|switch|p1a: Gholdengo|Gholdengo|100/100
|-damage|p1a: Gholdengo|88/100|[from] Spikes
|move|p2a: Cinderace|Will-O-Wisp|p1a: Gholdengo
|-immune|p1a: Gholdengo|[from] ability: Good as Gold
|
|upkeep
|turn|16
|
|t:|1779887927
|move|p1a: Gholdengo|Thunder Wave|p2a: Cinderace
|-status|p2a: Cinderace|par
|move|p2a: Cinderace|Pyro Ball|p1a: Gholdengo
|-supereffective|p1a: Gholdengo
|-damage|p1a: Gholdengo|0 fnt
|faint|p1a: Gholdengo
|
|upkeep
|
|t:|1779887937
|switch|p1a: Tornadus|Tornadus-Therian, M|100/100
|turn|17
|
|t:|1779887942
|move|p1a: Tornadus|Bleakwind Storm|p2a: Cinderace
|-damage|p2a: Cinderace|38/100 par
|-unboost|p2a: Cinderace|spe|1
|move|p2a: Cinderace|Will-O-Wisp|p1a: Tornadus
|-status|p1a: Tornadus|brn
|
|-damage|p1a: Tornadus|94/100 brn|[from] brn
|upkeep
|turn|18
|
|t:|1779887952
|move|p1a: Tornadus|Bleakwind Storm|p2a: Cinderace|[miss]
|-miss|p1a: Tornadus|p2a: Cinderace
|cant|p2a: Cinderace|par
|
|-damage|p1a: Tornadus|88/100 brn|[from] brn
|upkeep
|turn|19
|
|t:|1779887956
|move|p1a: Tornadus|Bleakwind Storm|p2a: Cinderace|[miss]
|-miss|p1a: Tornadus|p2a: Cinderace
|move|p2a: Cinderace|Pyro Ball|p1a: Tornadus
|-damage|p1a: Tornadus|20/100 brn
|
|-damage|p1a: Tornadus|13/100 brn|[from] brn
|upkeep
|turn|20
|
|t:|1779887965
|switch|p2a: Iron Treads|Iron Treads|100/100
|move|p1a: Tornadus|Bleakwind Storm|p2a: Iron Treads
|-resisted|p2a: Iron Treads
|-damage|p2a: Iron Treads|68/100
|-unboost|p2a: Iron Treads|spe|1
|
|-damage|p1a: Tornadus|7/100 brn|[from] brn
|upkeep
|turn|21
|
|t:|1779887969
|move|p1a: Tornadus|U-turn|p2a: Iron Treads
|-resisted|p2a: Iron Treads
|-damage|p2a: Iron Treads|64/100
|
|t:|1779887972
|switch|p1a: Corviknight|Corviknight, M|99/100|[from] U-turn
|-ability|p1a: Corviknight|Pressure
|move|p2a: Iron Treads|Stealth Rock|p1a: Corviknight
|-sidestart|p1: OscarGamble|move: Stealth Rock
|
|upkeep
|turn|22
|
|t:|1779887991
|-end|p2a: Iron Treads|Quark Drive|[silent]
|switch|p2a: Cinderace|Cinderace, M|38/100 par
|move|p1a: Corviknight|Defog|p2a: Cinderace
|-unboost|p2a: Cinderace|evasion|1
|-sideend|p1: OscarGamble|Spikes|[from] move: Defog|[of] p1a: Corviknight
|-sideend|p1: OscarGamble|Stealth Rock|[from] move: Defog|[of] p1a: Corviknight
|
|upkeep
|turn|23
|
|t:|1779887997
|move|p2a: Cinderace|Pyro Ball|p1a: Corviknight
|-supereffective|p1a: Corviknight
|-damage|p1a: Corviknight|26/100
|move|p1a: Corviknight|U-turn|p2a: Cinderace
|-resisted|p2a: Cinderace
|-damage|p2a: Cinderace|29/100 par
|
|t:|1779888001
|switch|p1a: Ting-Lu|Ting-Lu|100/100|[from] U-turn
|-ability|p1a: Ting-Lu|Vessel of Ruin
|
|upkeep
|turn|24
|
|t:|1779888004
|move|p2a: Cinderace|Will-O-Wisp|p1a: Ting-Lu
|-status|p1a: Ting-Lu|brn
|move|p1a: Ting-Lu|Earthquake|p2a: Cinderace
|-supereffective|p2a: Cinderace
|-crit|p2a: Cinderace
|-damage|p2a: Cinderace|0 fnt
|faint|p2a: Cinderace
|
|-damage|p1a: Ting-Lu|94/100 brn|[from] brn
|upkeep
|
|t:|1779888009
|switch|p2a: Samurott|Samurott-Hisui, M|42/100
|turn|25
|
|t:|1779888023
|switch|p1a: Corviknight|Corviknight, M|26/100
|-ability|p1a: Corviknight|Pressure
|move|p2a: Samurott|Knock Off|p1a: Corviknight
|-damage|p1a: Corviknight|8/100
|
|upkeep
|turn|26
|inactive|OscarGamble has 120 seconds left.
|
|t:|1779888078
|move|p2a: Samurott|Knock Off|p1a: Corviknight
|-damage|p1a: Corviknight|0 fnt
|faint|p1a: Corviknight
|
|upkeep
|
|t:|1779888082
|switch|p1a: Tornadus|Tornadus-Therian, M|41/100 brn
|turn|27
|
|t:|1779888086
|move|p2a: Samurott|Sucker Punch|p1a: Tornadus
|-damage|p1a: Tornadus|6/100 brn
|move|p1a: Tornadus|U-turn|p2a: Samurott
|-supereffective|p2a: Samurott
|-damage|p2a: Samurott|21/100
|
|t:|1779888089
|switch|p1a: Dragonite|Dragonite, M|100/100|[from] U-turn
|
|upkeep
|turn|28
|
|t:|1779888093
|move|p2a: Samurott|Knock Off|p1a: Dragonite
|-damage|p1a: Dragonite|81/100
|-enditem|p1a: Dragonite|Heavy-Duty Boots|[from] move: Knock Off|[of] p2a: Samurott
|move|p1a: Dragonite|Encore|p2a: Samurott
|-start|p2a: Samurott|Encore
|
|upkeep
|turn|29
|
|t:|1779888105
|switch|p2a: Iron Treads|Iron Treads|64/100
|switch|p1a: Tornadus|Tornadus-Therian, M|39/100 brn
|
|-damage|p1a: Tornadus|33/100 brn|[from] brn
|upkeep
|turn|30
|
|t:|1779888124
|-terastallize|p2a: Iron Treads|Ground
|move|p2a: Iron Treads|Ice Spinner|p1a: Tornadus
|-supereffective|p1a: Tornadus
|-damage|p1a: Tornadus|0 fnt
|faint|p1a: Tornadus
|
|upkeep
|c|☆psygoat12|yo
|-message|OscarGamble forfeited.
|
|win|psygoat12
|raw|OscarGamble's rating: 1348 &rarr; <strong>1330</strong><br />(-18 for losing)
|raw|psygoat12's rating: 1385 &rarr; <strong>1403</strong><br />(+18 for winning)
|l|☆OscarGamble
|player|p1|
|c|☆psygoat12|why is that so slow
|l|☆psygoat12
|player|p2|
