|j|☆misterfitness
|j|☆Welivein2093
|t:|1779961877
|gametype|singles
|player|p1|misterfitness|chuck|1061
|player|p2|Welivein2093|pokemonranger-gen4|1055
|gen|9
|tier|[Gen 9] OU
|rated|
|rule|HP Percentage Mod: HP is shown in percentages
|rule|Endless Battle Clause: Forcing endless battles is banned
|rule|Species Clause: Limit one of each Pokémon
|rule|OHKO Clause: OHKO moves are banned
|rule|Evasion Items Clause: Evasion items are banned
|rule|Evasion Moves Clause: Evasion moves are banned
|rule|Evasion Abilities Clause: Evasion abilities are banned
|rule|Sleep Moves Clause: Sleep-inducing moves are banned
|clearpoke
|poke|p1|Quagsire, M|
|poke|p1|Iron Hands|
|poke|p1|Gallade, M|
|poke|p1|Conkeldurr, F|
|poke|p1|Scrafty, M|
|poke|p1|Golurk|
|poke|p2|Heracross, F|
|poke|p2|Rillaboom, M|
|poke|p2|Iron Crown|
|poke|p2|Kingambit, M|
|poke|p2|Hitmonlee, M|
|poke|p2|Arcanine-Hisui, M|
|teampreview
|
|t:|1779961885
|teamsize|p1|6
|teamsize|p2|6
|start
|switch|p1a: Iron Hands|Iron Hands|100/100
|switch|p2a: Hitmonlee|Hitmonlee, M|100/100
|turn|1
|
|t:|1779961894
|move|p2a: Hitmonlee|Fake Out|p1a: Iron Hands
|-enditem|p2a: Hitmonlee|Normal Gem|[from] gem
|-damage|p1a: Iron Hands|89/100
|cant|p1a: Iron Hands|flinch
|
|upkeep
|turn|2
|
|t:|1779961905
|switch|p2a: Iron Crown|Iron Crown|100/100
|-enditem|p2a: Iron Crown|Booster Energy
|-activate|p2a: Iron Crown|ability: Quark Drive|[fromitem]
|-start|p2a: Iron Crown|quarkdrivespa
|move|p1a: Iron Hands|Electric Terrain|p1a: Iron Hands
|-fieldstart|move: Electric Terrain
|-activate|p1a: Iron Hands|ability: Quark Drive
|-start|p1a: Iron Hands|quarkdriveatk
|
|upkeep
|turn|3
|
|t:|1779961918
|move|p2a: Iron Crown|Calm Mind|p2a: Iron Crown
|-boost|p2a: Iron Crown|spa|1
|-boost|p2a: Iron Crown|spd|1
|move|p1a: Iron Hands|Thunder Punch|p2a: Iron Crown
|-damage|p2a: Iron Crown|11/100
|
|upkeep
|turn|4
|
|t:|1779961925
|move|p2a: Iron Crown|Psychic|p1a: Iron Hands
|-supereffective|p1a: Iron Hands
|-damage|p1a: Iron Hands|0 fnt
|faint|p1a: Iron Hands
|-end|p1a: Iron Hands|Quark Drive|[silent]
|
|upkeep
|
|t:|1779961934
|switch|p1a: Conkeldurr|Conkeldurr, F|100/100
|turn|5
|
|t:|1779961938
|move|p1a: Conkeldurr|Mach Punch|p2a: Iron Crown
|-damage|p2a: Iron Crown|0 fnt
|faint|p2a: Iron Crown
|-end|p2a: Iron Crown|Quark Drive|[silent]
|
|upkeep
|
|t:|1779961948
|switch|p2a: Rillaboom|Rillaboom, M|100/100
|-fieldstart|move: Grassy Terrain|[from] ability: Grassy Surge|[of] p2a: Rillaboom
|turn|6
|
|t:|1779961962
|move|p2a: Rillaboom|Fake Out|p1a: Conkeldurr
|-damage|p1a: Conkeldurr|87/100
|cant|p1a: Conkeldurr|flinch
|
|-heal|p1a: Conkeldurr|94/100|[from] Grassy Terrain
|upkeep
|turn|7
|
|t:|1779961972
|move|p2a: Rillaboom|U-turn|p1a: Conkeldurr
|-resisted|p1a: Conkeldurr
|-damage|p1a: Conkeldurr|83/100
|
|t:|1779961979
|switch|p2a: Hitmonlee|Hitmonlee, M|100/100|[from] U-turn
|move|p1a: Conkeldurr|Ice Punch|p2a: Hitmonlee
|-damage|p2a: Hitmonlee|27/100
|
|-heal|p2a: Hitmonlee|34/100|[from] Grassy Terrain
|-heal|p1a: Conkeldurr|89/100|[from] Grassy Terrain
|upkeep
|turn|8
|
|t:|1779961989
|move|p2a: Hitmonlee|Fake Out|p1a: Conkeldurr
|-damage|p1a: Conkeldurr|75/100
|cant|p1a: Conkeldurr|flinch
|
|-heal|p2a: Hitmonlee|40/100|[from] Grassy Terrain
|-heal|p1a: Conkeldurr|81/100|[from] Grassy Terrain
|upkeep
|turn|9
|
|t:|1779961997
|move|p1a: Conkeldurr|Mach Punch|p2a: Hitmonlee
|-damage|p2a: Hitmonlee|0 fnt
|faint|p2a: Hitmonlee
|
|-heal|p1a: Conkeldurr|88/100|[from] Grassy Terrain
|upkeep
|
|t:|1779962005
|switch|p2a: Arcanine|Arcanine-Hisui, M, shiny|100/100
|-ability|p2a: Arcanine|Intimidate|boost
|-unboost|p1a: Conkeldurr|atk|1
|turn|10
|
|t:|1779962011
|move|p2a: Arcanine|Flare Blitz|p1a: Conkeldurr
|-crit|p1a: Conkeldurr
|-damage|p1a: Conkeldurr|0 fnt
|faint|p1a: Conkeldurr
|-damage|p2a: Arcanine|70/100|[from] Recoil
|-damage|p2a: Arcanine|60/100|[from] item: Life Orb
|
|-heal|p2a: Arcanine|66/100|[from] Grassy Terrain
|-fieldend|move: Grassy Terrain
|upkeep
|
|t:|1779962022
|switch|p1a: Quagsire|Quagsire, M|100/100
|turn|11
|
|t:|1779962028
|switch|p2a: Rillaboom|Rillaboom, M|100/100
|-fieldstart|move: Grassy Terrain|[from] ability: Grassy Surge|[of] p2a: Rillaboom
|move|p1a: Quagsire|Whirlpool|p2a: Rillaboom
|-resisted|p2a: Rillaboom
|-damage|p2a: Rillaboom|97/100
|-activate|p2a: Rillaboom|move: Whirlpool|[of] p1a: Quagsire
|
|-heal|p2a: Rillaboom|100/100|[from] Grassy Terrain
|-damage|p2a: Rillaboom|88/100|[from] move: Whirlpool|[partiallytrapped]
|upkeep
|turn|12
|
|t:|1779962041
|move|p1a: Quagsire|Protect|p1a: Quagsire
|-singleturn|p1a: Quagsire|Protect
|move|p2a: Rillaboom|Fake Out|p1a: Quagsire
|-activate|p1a: Quagsire|move: Protect
|
|-heal|p2a: Rillaboom|94/100|[from] Grassy Terrain
|-damage|p2a: Rillaboom|82/100|[from] move: Whirlpool|[partiallytrapped]
|upkeep
|turn|13
|
|t:|1779962065
|switch|p1a: Scrafty|Scrafty, M|100/100
|move|p2a: Rillaboom|Grassy Glide|p1a: Scrafty
|-damage|p1a: Scrafty|69/100
|
|-heal|p2a: Rillaboom|88/100|[from] Grassy Terrain
|-heal|p1a: Scrafty|75/100|[from] Grassy Terrain
|-end|p2a: Rillaboom|Whirlpool|[partiallytrapped]|[silent]
|upkeep
|turn|14
|
|t:|1779962078
|move|p2a: Rillaboom|Wood Hammer|p1a: Scrafty
|-damage|p1a: Scrafty|8/100
|-damage|p2a: Rillaboom|67/100|[from] Recoil
|move|p1a: Scrafty|Ice Punch|p2a: Rillaboom
|-supereffective|p2a: Rillaboom
|-crit|p2a: Rillaboom
|-damage|p2a: Rillaboom|0 fnt
|faint|p2a: Rillaboom
|
|-heal|p1a: Scrafty|14/100|[from] Grassy Terrain
|upkeep
|
|t:|1779962091
|switch|p2a: Arcanine|Arcanine-Hisui, M, shiny|66/100
|-ability|p2a: Arcanine|Intimidate|boost
|-unboost|p1a: Scrafty|atk|1
|turn|15
|
|t:|1779962102
|move|p2a: Arcanine|Extreme Speed|p1a: Scrafty
|-damage|p1a: Scrafty|0 fnt
|faint|p1a: Scrafty
|-damage|p2a: Arcanine|56/100|[from] item: Life Orb
|
|-heal|p2a: Arcanine|62/100|[from] Grassy Terrain
|-fieldend|move: Grassy Terrain
|upkeep
|
|t:|1779962112
|switch|p1a: Quagsire|Quagsire, M|100/100
|turn|16
|
|t:|1779962119
|move|p2a: Arcanine|Flare Blitz|p1a: Quagsire
|-resisted|p1a: Quagsire
|-damage|p1a: Quagsire|66/100
|-damage|p2a: Arcanine|49/100|[from] Recoil
|-damage|p2a: Arcanine|39/100|[from] item: Life Orb
|move|p1a: Quagsire|Whirlpool|p2a: Arcanine
|-supereffective|p2a: Arcanine
|-damage|p2a: Arcanine|0 fnt
|faint|p2a: Arcanine
|
|-heal|p1a: Quagsire|72/100|[from] item: Leftovers
|upkeep
|
|t:|1779962132
|switch|p2a: Heracross|Heracross, F, shiny|100/100
|turn|17
|
|t:|1779962139
|move|p2a: Heracross|Protect|p2a: Heracross
|-singleturn|p2a: Heracross|Protect
|move|p1a: Quagsire|Protect||[still]
|-fail|p1a: Quagsire
|
|-heal|p1a: Quagsire|78/100|[from] item: Leftovers
|-status|p2a: Heracross|brn|[from] item: Flame Orb
|upkeep
|turn|18
|
|t:|1779962160
|move|p2a: Heracross|Facade|p1a: Quagsire
|-damage|p1a: Quagsire|2/100
|move|p1a: Quagsire|Whirlpool|p2a: Heracross
|-damage|p2a: Heracross|90/100 brn
|-activate|p2a: Heracross|move: Whirlpool|[of] p1a: Quagsire
|
|-heal|p1a: Quagsire|8/100|[from] item: Leftovers
|-damage|p2a: Heracross|84/100 brn|[from] brn
|-damage|p2a: Heracross|71/100 brn|[from] move: Whirlpool|[partiallytrapped]
|upkeep
|turn|19
|
|t:|1779962172
|move|p1a: Quagsire|Protect|p1a: Quagsire
|-singleturn|p1a: Quagsire|Protect
|move|p2a: Heracross|Lunge|p1a: Quagsire
|-activate|p1a: Quagsire|move: Protect
|
|-heal|p1a: Quagsire|14/100|[from] item: Leftovers
|-damage|p2a: Heracross|65/100 brn|[from] brn
|-damage|p2a: Heracross|53/100 brn|[from] move: Whirlpool|[partiallytrapped]
|upkeep
|turn|20
|
|t:|1779962195
|move|p1a: Quagsire|Protect||[still]
|-fail|p1a: Quagsire
|move|p2a: Heracross|Lunge|p1a: Quagsire
|-damage|p1a: Quagsire|0 fnt
|faint|p1a: Quagsire
|
|-damage|p2a: Heracross|47/100 brn|[from] brn
|-end|p2a: Heracross|Whirlpool|[partiallytrapped]|[silent]
|upkeep
|
|t:|1779962206
|switch|p1a: Gallade|Gallade, M|100/100
|turn|21
|
|t:|1779962210
|move|p2a: Heracross|Facade|p1a: Gallade
|-damage|p1a: Gallade|0 fnt
|faint|p1a: Gallade
|
|-damage|p2a: Heracross|41/100 brn|[from] brn
|upkeep
|
|t:|1779962218
|switch|p1a: Golurk|Golurk|100/100
|turn|22
|
|t:|1779962228
|move|p2a: Heracross|Lunge|p1a: Golurk
|-resisted|p1a: Golurk
|-damage|p1a: Golurk|64/100
|-unboost|p1a: Golurk|atk|1
|move|p1a: Golurk|Drain Punch|p2a: Heracross
|-resisted|p2a: Heracross
|-damage|p2a: Heracross|26/100 brn
|-heal|p1a: Golurk|71/100|[from] drain|[of] p2a: Heracross
|
|-damage|p2a: Heracross|20/100 brn|[from] brn
|upkeep
|turn|23
|
|t:|1779962240
|move|p2a: Heracross|Lunge|p1a: Golurk
|-resisted|p1a: Golurk
|-damage|p1a: Golurk|30/100
|-unboost|p1a: Golurk|atk|1
|move|p1a: Golurk|Shadow Punch|p2a: Heracross
|-damage|p2a: Heracross|0 fnt
|faint|p2a: Heracross
|
|upkeep
|
|t:|1779962250
|switch|p2a: Kingambit|Kingambit, M|100/100
|-activate|p2a: Kingambit|ability: Supreme Overlord
|-start|p2a: Kingambit|fallen5|[silent]
|turn|24
|
|t:|1779962257
|move|p2a: Kingambit|Sucker Punch|p1a: Golurk
|-supereffective|p1a: Golurk
|-damage|p1a: Golurk|0 fnt
|faint|p1a: Golurk
|
|win|Welivein2093
|raw|misterfitness's rating: 1061 &rarr; <strong>1042</strong><br />(-19 for losing)
|raw|Welivein2093's rating: 1055 &rarr; <strong>1087</strong><br />(+32 for winning)
|l|☆misterfitness
|player|p1|
|l|☆Welivein2093
|player|p2|
