|j|☆raptors in 6
|j|☆QuincyPKM
|t:|1779857788
|gametype|singles
|player|p1|raptors in 6|265|1296
|player|p2|QuincyPKM|giovanni|1317
|gen|9
|tier|[Gen 9] OU
|rated|
|rule|HP Percentage Mod: HP is shown in percentages
|rule|Endless Battle Clause: Forcing endless battles is banned
|rule|Species Clause: Limit one of each Pokémon
|rule|OHKO Clause: OHKO moves are banned
|rule|Evasion Items Clause: Evasion items are banned
|rule|Evasion Moves Clause: Evasion moves are banned
|rule|Evasion Abilities Clause: Evasion abilities are banned
|rule|Sleep Moves Clause: Sleep-inducing moves are banned
|clearpoke
|poke|p1|Walking Wake|
|poke|p1|Cinderace, F|
|poke|p1|Wo-Chien|
|poke|p1|Slither Wing|
|poke|p1|Torkoal, F|
|poke|p1|Hatterene, F|
|poke|p2|Volcanion|
|poke|p2|Rillaboom, M|
|poke|p2|Slowking-Galar, F|
|poke|p2|Scizor, F|
|poke|p2|Raging Bolt|
|poke|p2|Great Tusk|
|teampreview
|inactive|Battle timer is ON: inactive players will automatically lose when time's up. (requested by QuincyPKM)
|c|☆QuincyPKM|glhf
|c|☆raptors in 6|u2
|
|t:|1779857811
|teamsize|p1|6
|teamsize|p2|6
|start
|switch|p1a: Torkoal|Torkoal, F|100/100
|switch|p2a: Rillaboom|Rillaboom, M|100/100
|-fieldstart|move: Grassy Terrain|[from] ability: Grassy Surge|[of] p2a: Rillaboom
|-weather|SunnyDay|[from] ability: Drought|[of] p1a: Torkoal
|turn|1
|
|t:|1779857816
|move|p2a: Rillaboom|U-turn|p1a: Torkoal
|-resisted|p1a: Torkoal
|-damage|p1a: Torkoal|92/100
|
|t:|1779857820
|switch|p2a: Volcanion|Volcanion|100/100|[from] U-turn
|move|p1a: Torkoal|Stealth Rock|p2a: Volcanion
|-sidestart|p2: QuincyPKM|move: Stealth Rock
|
|-weather|SunnyDay|[upkeep]
|-heal|p1a: Torkoal|98/100|[from] Grassy Terrain
|upkeep
|turn|2
|
|t:|1779857836
|switch|p1a: Walking Wake|Walking Wake|100/100
|-activate|p1a: Walking Wake|ability: Protosynthesis
|-start|p1a: Walking Wake|protosynthesisspe
|move|p2a: Volcanion|Earth Power|p1a: Walking Wake
|-damage|p1a: Walking Wake|45/100
|
|-weather|SunnyDay|[upkeep]
|-heal|p1a: Walking Wake|52/100|[from] Grassy Terrain
|upkeep
|turn|3
|
|t:|1779857848
|switch|p2a: Slowking|Slowking-Galar, F|100/100
|move|p1a: Walking Wake|Hydro Steam|p2a: Slowking
|-damage|p2a: Slowking|46/100
|
|-weather|SunnyDay|[upkeep]
|-heal|p1a: Walking Wake|58/100|[from] Grassy Terrain
|-heal|p2a: Slowking|52/100|[from] Grassy Terrain
|upkeep
|turn|4
|
|t:|1779857857
|move|p1a: Walking Wake|Hydro Steam|p2a: Slowking
|-damage|p2a: Slowking|0 fnt
|faint|p2a: Slowking
|
|-weather|SunnyDay|[upkeep]
|-heal|p1a: Walking Wake|64/100|[from] Grassy Terrain
|upkeep
|
|t:|1779857865
|switch|p2a: Raging Bolt|Raging Bolt|100/100
|-damage|p2a: Raging Bolt|88/100|[from] Stealth Rock
|-activate|p2a: Raging Bolt|ability: Protosynthesis
|-start|p2a: Raging Bolt|protosynthesisspa
|turn|5
|
|t:|1779857887
|-end|p1a: Walking Wake|Protosynthesis|[silent]
|switch|p1a: Slither Wing|Slither Wing|100/100
|-activate|p1a: Slither Wing|ability: Protosynthesis
|-start|p1a: Slither Wing|protosynthesisatk
|-terastallize|p2a: Raging Bolt|Fairy
|move|p2a: Raging Bolt|Volt Switch|p1a: Slither Wing
|-damage|p1a: Slither Wing|49/100
|
|t:|1779857900
|-end|p2a: Raging Bolt|Protosynthesis|[silent]
|switch|p2a: Great Tusk|Great Tusk|100/100|[from] Volt Switch
|-activate|p2a: Great Tusk|ability: Protosynthesis
|-start|p2a: Great Tusk|protosynthesisdef
|
|-weather|SunnyDay|[upkeep]
|-heal|p1a: Slither Wing|55/100|[from] Grassy Terrain
|-fieldend|move: Grassy Terrain
|upkeep
|turn|6
|
|t:|1779857909
|move|p2a: Great Tusk|Stealth Rock|p1a: Slither Wing
|-sidestart|p1: raptors in 6|move: Stealth Rock
|move|p1a: Slither Wing|U-turn|p2a: Great Tusk
|-resisted|p2a: Great Tusk
|-damage|p2a: Great Tusk|87/100
|
|t:|1779857912
|-end|p1a: Slither Wing|Protosynthesis|[silent]
|switch|p1a: Hatterene|Hatterene, F|100/100|[from] U-turn
|-damage|p1a: Hatterene|88/100|[from] Stealth Rock
|-item|p1a: Hatterene|Air Balloon
|
|-weather|SunnyDay|[upkeep]
|upkeep
|turn|7
|
|t:|1779857921
|move|p2a: Great Tusk|Rapid Spin|p1a: Hatterene
|-damage|p1a: Hatterene|76/100
|-boost|p2a: Great Tusk|spe|1
|-enditem|p1a: Hatterene|Air Balloon
|-sideend|p2: QuincyPKM|Stealth Rock|[from] move: Rapid Spin|[of] p2a: Great Tusk
|move|p1a: Hatterene|Psychic Noise|p2a: Great Tusk
|-supereffective|p2a: Great Tusk
|-damage|p2a: Great Tusk|0 fnt
|faint|p2a: Great Tusk
|-end|p2a: Great Tusk|Protosynthesis|[silent]
|
|-weather|SunnyDay|[upkeep]
|upkeep
|
|t:|1779857934
|switch|p2a: Scizor|Scizor, F|100/100
|turn|8
|
|t:|1779857938
|move|p2a: Scizor|U-turn|p1a: Hatterene
|-damage|p1a: Hatterene|27/100
|
|t:|1779857940
|switch|p2a: Rillaboom|Rillaboom, M|100/100|[from] U-turn
|-fieldstart|move: Grassy Terrain|[from] ability: Grassy Surge|[of] p2a: Rillaboom
|move|p1a: Hatterene|Nuzzle|p2a: Rillaboom
|-resisted|p2a: Rillaboom
|-damage|p2a: Rillaboom|99/100
|-status|p2a: Rillaboom|par
|
|-weather|none
|-heal|p2a: Rillaboom|100/100 par|[from] Grassy Terrain
|-heal|p1a: Hatterene|33/100|[from] Grassy Terrain
|upkeep
|turn|9
|
|t:|1779857951
|cant|p2a: Rillaboom|par
|move|p1a: Hatterene|Healing Wish|p1a: Hatterene
|faint|p1a: Hatterene
|
|upkeep
|
|t:|1779857953
|switch|p1a: Slither Wing|Slither Wing|55/100
|-heal|p1a: Slither Wing|100/100|[from] move: Healing Wish
|-damage|p1a: Slither Wing|88/100|[from] Stealth Rock
|turn|10
|
|t:|1779857963
|switch|p2a: Scizor|Scizor, F|100/100
|move|p1a: Slither Wing|First Impression|p2a: Scizor
|-resisted|p2a: Scizor
|-damage|p2a: Scizor|73/100
|
|-heal|p1a: Slither Wing|94/100|[from] Grassy Terrain
|-heal|p2a: Scizor|79/100|[from] Grassy Terrain
|upkeep
|turn|11
|
|t:|1779857975
|move|p1a: Slither Wing|Temper Flare|p2a: Scizor
|-supereffective|p2a: Scizor
|-damage|p2a: Scizor|0 fnt
|faint|p2a: Scizor
|
|-heal|p1a: Slither Wing|99/100|[from] Grassy Terrain
|upkeep
|
|t:|1779857981
|switch|p2a: Volcanion|Volcanion|100/100
|turn|12
|
|t:|1779857993
|move|p1a: Slither Wing|U-turn|p2a: Volcanion
|-resisted|p2a: Volcanion
|-damage|p2a: Volcanion|84/100
|
|t:|1779858000
|-end|p1a: Slither Wing|Protosynthesis|[silent]
|switch|p1a: wochieniunely|Wo-Chien|100/100|[from] U-turn
|-damage|p1a: wochieniunely|88/100|[from] Stealth Rock
|-ability|p1a: wochieniunely|Tablets of Ruin
|move|p2a: Volcanion|Sludge Bomb|p1a: wochieniunely
|-supereffective|p1a: wochieniunely
|-damage|p1a: wochieniunely|0 fnt
|faint|p1a: wochieniunely
|
|-heal|p2a: Volcanion|90/100|[from] Grassy Terrain
|-fieldend|move: Grassy Terrain
|upkeep
|
|t:|1779858005
|switch|p1a: Slither Wing|Slither Wing|99/100
|-damage|p1a: Slither Wing|88/100|[from] Stealth Rock
|turn|13
|
|t:|1779858017
|move|p1a: Slither Wing|Earthquake|p2a: Volcanion
|-supereffective|p2a: Volcanion
|-damage|p2a: Volcanion|15/100
|move|p2a: Volcanion|Sludge Bomb|p1a: Slither Wing
|-damage|p1a: Slither Wing|54/100
|
|upkeep
|turn|14
|
|t:|1779858026
|move|p1a: Slither Wing|Earthquake|p2a: Volcanion
|-supereffective|p2a: Volcanion
|-damage|p2a: Volcanion|0 fnt
|faint|p2a: Volcanion
|
|upkeep
|
|t:|1779858028
|switch|p2a: Rillaboom|Rillaboom, M|100/100 par
|-fieldstart|move: Grassy Terrain|[from] ability: Grassy Surge|[of] p2a: Rillaboom
|turn|15
|
|t:|1779858040
|-end|p1a: Slither Wing|Protosynthesis|[silent]
|switch|p1a: Torkoal|Torkoal, F|98/100
|-damage|p1a: Torkoal|74/100|[from] Stealth Rock
|-weather|SunnyDay|[from] ability: Drought|[of] p1a: Torkoal
|move|p2a: Rillaboom|U-turn|p1a: Torkoal
|-resisted|p1a: Torkoal
|-damage|p1a: Torkoal|66/100
|
|t:|1779858048
|switch|p2a: Raging Bolt|Raging Bolt, tera:Fairy|88/100|[from] U-turn
|-activate|p2a: Raging Bolt|ability: Protosynthesis
|-start|p2a: Raging Bolt|protosynthesisspa
|
|-weather|SunnyDay|[upkeep]
|-heal|p2a: Raging Bolt|94/100|[from] Grassy Terrain
|-heal|p1a: Torkoal|72/100|[from] Grassy Terrain
|upkeep
|turn|16
|
|t:|1779858057
|move|p2a: Raging Bolt|Draco Meteor|p1a: Torkoal
|-damage|p1a: Torkoal|0 fnt
|-unboost|p2a: Raging Bolt|spa|2
|faint|p1a: Torkoal
|
|-weather|SunnyDay|[upkeep]
|-heal|p2a: Raging Bolt|100/100|[from] Grassy Terrain
|upkeep
|
|t:|1779858067
|switch|p1a: Cinderace|Cinderace, F|100/100
|-damage|p1a: Cinderace|76/100|[from] Stealth Rock
|-item|p1a: Cinderace|Air Balloon
|turn|17
|
|t:|1779858072
|move|p1a: Cinderace|Pyro Ball|p2a: Raging Bolt
|-damage|p2a: Raging Bolt|30/100
|move|p2a: Raging Bolt|Draco Meteor|p1a: Cinderace
|-damage|p1a: Cinderace|0 fnt
|-unboost|p2a: Raging Bolt|spa|2
|-enditem|p1a: Cinderace|Air Balloon
|faint|p1a: Cinderace
|
|-weather|SunnyDay|[upkeep]
|-heal|p2a: Raging Bolt|36/100|[from] Grassy Terrain
|upkeep
|
|t:|1779858077
|switch|p1a: Walking Wake|Walking Wake|64/100
|-damage|p1a: Walking Wake|52/100|[from] Stealth Rock
|-activate|p1a: Walking Wake|ability: Protosynthesis
|-start|p1a: Walking Wake|protosynthesisspe
|turn|18
|
|t:|1779858083
|-end|p2a: Raging Bolt|Protosynthesis|[silent]
|switch|p2a: Rillaboom|Rillaboom, M|100/100 par
|move|p1a: Walking Wake|Flamethrower|p2a: Rillaboom
|-supereffective|p2a: Rillaboom
|-damage|p2a: Rillaboom|0 fnt
|faint|p2a: Rillaboom
|
|-weather|SunnyDay|[upkeep]
|-heal|p1a: Walking Wake|58/100|[from] Grassy Terrain
|upkeep
|
|t:|1779858089
|switch|p2a: Raging Bolt|Raging Bolt, tera:Fairy|36/100
|-activate|p2a: Raging Bolt|ability: Protosynthesis
|-start|p2a: Raging Bolt|protosynthesisspa
|turn|19
|
|t:|1779858095
|move|p2a: Raging Bolt|Thunderclap|p1a: Walking Wake
|-damage|p1a: Walking Wake|0 fnt
|faint|p1a: Walking Wake
|-end|p1a: Walking Wake|Protosynthesis|[silent]
|
|-weather|SunnyDay|[upkeep]
|-heal|p2a: Raging Bolt|43/100|[from] Grassy Terrain
|-fieldend|move: Grassy Terrain
|upkeep
|
|t:|1779858097
|switch|p1a: Slither Wing|Slither Wing|54/100
|-damage|p1a: Slither Wing|42/100|[from] Stealth Rock
|-activate|p1a: Slither Wing|ability: Protosynthesis
|-start|p1a: Slither Wing|protosynthesisatk
|turn|20
|c|☆QuincyPKM|gg
|
|t:|1779858106
|-terastallize|p1a: Slither Wing|Fire
|move|p2a: Raging Bolt|Thunderclap|p1a: Slither Wing
|-crit|p1a: Slither Wing
|-damage|p1a: Slither Wing|0 fnt
|faint|p1a: Slither Wing
|-end|p1a: Slither Wing|Protosynthesis|[silent]
|
|win|QuincyPKM
|raw|raptors in 6's rating: 1296 &rarr; <strong>1273</strong><br />(-23 for losing)
|raw|QuincyPKM's rating: 1317 &rarr; <strong>1336</strong><br />(+19 for winning)
|c|☆raptors in 6|gg
|l|☆raptors in 6
|player|p1|
|l|☆QuincyPKM
|player|p2|
