|j|☆ikthoizzykil
|j|☆Jaque770
|t:|1779964782
|gametype|singles
|player|p1|ikthoizzykil|pokemaniac-gen3rs|1334
|player|p2|Jaque770|ghetsis|1340
|gen|9
|tier|[Gen 9] OU
|rated|
|rule|HP Percentage Mod: HP is shown in percentages
|rule|Endless Battle Clause: Forcing endless battles is banned
|rule|Species Clause: Limit one of each Pokémon
|rule|OHKO Clause: OHKO moves are banned
|rule|Evasion Items Clause: Evasion items are banned
|rule|Evasion Moves Clause: Evasion moves are banned
|rule|Evasion Abilities Clause: Evasion abilities are banned
|rule|Sleep Moves Clause: Sleep-inducing moves are banned
|clearpoke
|poke|p1|Rillaboom, F|
|poke|p1|Braviary, M|
|poke|p1|Great Tusk|
|poke|p1|Darkrai|
|poke|p1|Primarina, F|
|poke|p1|Dragonite, M|
|poke|p2|Ceruledge, M|
|poke|p2|Gholdengo|
|poke|p2|Sinistcha|
|poke|p2|Polteageist|
|poke|p2|Dragapult, M|
|poke|p2|Skeledirge, M|
|teampreview
|inactive|Battle timer is ON: inactive players will automatically lose when time's up. (requested by ikthoizzykil)
|
|t:|1779964797
|teamsize|p1|6
|teamsize|p2|6
|start
|switch|p1a: Primarina|Primarina, F|100/100
|switch|p2a: EVA-01|Ceruledge, M|100/100
|turn|1
|
|t:|1779964808
|switch|p2a: Potajito|Sinistcha|100/100
|move|p1a: Primarina|Psychic Noise|p2a: Potajito
|-resisted|p2a: Potajito
|-damage|p2a: Potajito|81/100
|-start|p2a: Potajito|move: Heal Block
|
|upkeep
|turn|2
|
|t:|1779964816
|switch|p2a: Dollars and Cents|Gholdengo|100/100
|switch|p1a: Darkrai|Darkrai|100/100
|
|upkeep
|turn|3
|
|t:|1779964825
|switch|p1a: Braviary|Braviary, M|100/100
|move|p2a: Dollars and Cents|Thunder Wave|p1a: Braviary
|-status|p1a: Braviary|par
|
|upkeep
|turn|4
|
|t:|1779964834
|switch|p2a: Plane to Ukraine|Dragapult, M|100/100
|cant|p1a: Braviary|par
|
|upkeep
|turn|5
|
|t:|1779964840
|switch|p1a: Primarina|Primarina, F|100/100
|move|p2a: Plane to Ukraine|Dragon Darts|p1a: Primarina
|-immune|p1a: Primarina
|
|upkeep
|turn|6
|
|t:|1779964847
|switch|p2a: Dollars and Cents|Gholdengo|100/100
|move|p1a: Primarina|Substitute|p1a: Primarina
|-start|p1a: Primarina|Substitute
|-damage|p1a: Primarina|76/100
|
|-heal|p1a: Primarina|82/100|[from] item: Leftovers
|upkeep
|turn|7
|
|t:|1779964853
|move|p2a: Dollars and Cents|Hex|p1a: Primarina
|-activate|p1a: Primarina|move: Substitute|[damage]
|move|p1a: Primarina|Calm Mind|p1a: Primarina
|-boost|p1a: Primarina|spa|1
|-boost|p1a: Primarina|spd|1
|
|-heal|p1a: Primarina|88/100|[from] item: Leftovers
|upkeep
|turn|8
|
|t:|1779964860
|move|p2a: Dollars and Cents|Hex|p1a: Primarina
|-end|p1a: Primarina|Substitute
|move|p1a: Primarina|Psychic Noise|p2a: Dollars and Cents
|-damage|p2a: Dollars and Cents|68/100
|-start|p2a: Dollars and Cents|move: Heal Block
|
|-heal|p1a: Primarina|94/100|[from] item: Leftovers
|upkeep
|turn|9
|
|t:|1779964869
|switch|p1a: Great Tusk|Great Tusk|100/100
|move|p2a: Dollars and Cents|Thunder Wave|p1a: Great Tusk
|-immune|p1a: Great Tusk
|
|-end|p2a: Dollars and Cents|move: Heal Block
|upkeep
|turn|10
|
|t:|1779964884
|switch|p2a: Potajito|Sinistcha|81/100
|move|p1a: Great Tusk|Headlong Rush|p2a: Potajito
|-resisted|p2a: Potajito
|-damage|p2a: Potajito|58/100
|-unboost|p1a: Great Tusk|def|1
|-unboost|p1a: Great Tusk|spd|1
|
|-heal|p2a: Potajito|64/100|[from] item: Leftovers
|upkeep
|turn|11
|
|t:|1779964895
|-end|p1a: Great Tusk|Protosynthesis|[silent]
|switch|p1a: Braviary|Braviary, M|100/100 par
|move|p2a: Potajito|Strength Sap|p1a: Braviary
|-unboost|p1a: Braviary|atk|1
|-heal|p2a: Potajito|100/100
|
|upkeep
|turn|12
|
|t:|1779964902
|switch|p2a: Plane to Ukraine|Dragapult, M|100/100
|move|p1a: Braviary|Bulk Up|p1a: Braviary
|-boost|p1a: Braviary|atk|1
|-boost|p1a: Braviary|def|1
|
|upkeep
|turn|13
|
|t:|1779964911
|move|p2a: Plane to Ukraine|Dragon Darts|p1a: Braviary
|-damage|p1a: Braviary|75/100 par
|-anim|p2a: Plane to Ukraine|Dragon Darts|p1a: Braviary
|-damage|p1a: Braviary|47/100 par
|move|p1a: Braviary|Rock Slide|p2a: Plane to Ukraine
|-damage|p2a: Plane to Ukraine|53/100
|
|upkeep
|turn|14
|
|t:|1779964920
|switch|p1a: Primarina|Primarina, F|94/100
|move|p2a: Plane to Ukraine|Dragon Darts|p1a: Primarina
|-immune|p1a: Primarina
|
|-heal|p1a: Primarina|99/100|[from] item: Leftovers
|upkeep
|turn|15
|
|t:|1779964926
|switch|p2a: EVA-01|Ceruledge, M|100/100
|move|p1a: Primarina|Substitute|p1a: Primarina
|-start|p1a: Primarina|Substitute
|-damage|p1a: Primarina|75/100
|
|-heal|p1a: Primarina|81/100|[from] item: Leftovers
|upkeep
|turn|16
|
|t:|1779964933
|move|p2a: EVA-01|Poltergeist|p1a: Primarina
|-activate|p1a: Primarina|move: Poltergeist|Leftovers
|-crit|p1a: Primarina
|-end|p1a: Primarina|Substitute
|move|p1a: Primarina|Psychic Noise|p2a: EVA-01
|-supereffective|p2a: EVA-01
|-damage|p2a: EVA-01|21/100
|-start|p2a: EVA-01|move: Heal Block
|
|-heal|p1a: Primarina|87/100|[from] item: Leftovers
|upkeep
|turn|17
|inactive|ikthoizzykil has 120 seconds left.
|
|t:|1779964964
|switch|p1a: Braviary|Braviary, M|47/100 par
|move|p2a: EVA-01|Poltergeist|p1a: Braviary
|-immune|p1a: Braviary
|
|-end|p2a: EVA-01|move: Heal Block
|upkeep
|turn|18
|
|t:|1779964973
|move|p2a: EVA-01|Bitter Blade|p1a: Braviary
|-damage|p1a: Braviary|0 fnt
|-heal|p2a: EVA-01|53/100|[from] drain|[of] p1a: Braviary
|faint|p1a: Braviary
|
|upkeep
|
|t:|1779964981
|switch|p1a: Great Tusk|Great Tusk|100/100
|turn|19
|
|t:|1779964984
|switch|p2a: Potajito|Sinistcha|100/100
|move|p1a: Great Tusk|Stealth Rock|p2a: Potajito
|-sidestart|p2: Jaque770|move: Stealth Rock
|
|upkeep
|turn|20
|
|t:|1779964992
|-end|p1a: Great Tusk|Protosynthesis|[silent]
|switch|p1a: Dragonite|Dragonite, M|100/100
|move|p2a: Potajito|Strength Sap|p1a: Dragonite
|-unboost|p1a: Dragonite|atk|1
|
|upkeep
|turn|21
|
|t:|1779964997
|move|p1a: Dragonite|Encore|p2a: Potajito
|-start|p2a: Potajito|Encore
|move|p2a: Potajito|Strength Sap|p1a: Dragonite
|-unboost|p1a: Dragonite|atk|1
|
|upkeep
|turn|22
|
|t:|1779965004
|switch|p2a: Plane to Ukraine|Dragapult, M|53/100
|-damage|p2a: Plane to Ukraine|41/100|[from] Stealth Rock
|move|p1a: Dragonite|Dragon Dance|p1a: Dragonite
|-boost|p1a: Dragonite|atk|1
|-boost|p1a: Dragonite|spe|1
|
|upkeep
|turn|23
|
|t:|1779965010
|move|p1a: Dragonite|Scale Shot|p2a: Plane to Ukraine
|-supereffective|p2a: Plane to Ukraine
|-damage|p2a: Plane to Ukraine|14/100
|-supereffective|p2a: Plane to Ukraine
|-damage|p2a: Plane to Ukraine|0 fnt
|faint|p2a: Plane to Ukraine
|-hitcount|p2: Plane to Ukraine|2
|-unboost|p1a: Dragonite|def|1
|-boost|p1a: Dragonite|spe|1
|
|upkeep
|
|t:|1779965024
|switch|p2a: Dollars and Cents|Gholdengo|68/100
|-damage|p2a: Dollars and Cents|62/100|[from] Stealth Rock
|turn|24
|
|t:|1779965034
|switch|p1a: Great Tusk|Great Tusk|100/100
|move|p2a: Dollars and Cents|Thunder Wave|p1a: Great Tusk
|-immune|p1a: Great Tusk
|
|-heal|p2a: Dollars and Cents|68/100|[from] item: Leftovers
|upkeep
|turn|25
|
|t:|1779965041
|switch|p2a: Potajito|Sinistcha|100/100
|-damage|p2a: Potajito|88/100|[from] Stealth Rock
|move|p1a: Great Tusk|Ice Spinner|p2a: Potajito
|-supereffective|p2a: Potajito
|-damage|p2a: Potajito|53/100
|
|-heal|p2a: Potajito|59/100|[from] item: Leftovers
|upkeep
|turn|26
|
|t:|1779965058
|-end|p1a: Great Tusk|Protosynthesis|[silent]
|switch|p1a: Darkrai|Darkrai|100/100
|move|p2a: Potajito|Strength Sap|p1a: Darkrai
|-unboost|p1a: Darkrai|atk|1
|-heal|p2a: Potajito|100/100
|
|upkeep
|turn|27
|
|t:|1779965067
|switch|p2a: EVA-01|Ceruledge, M|53/100
|-damage|p2a: EVA-01|29/100|[from] Stealth Rock
|move|p1a: Darkrai|Nasty Plot|p1a: Darkrai
|-boost|p1a: Darkrai|spa|2
|
|upkeep
|turn|28
|
|t:|1779965074
|move|p2a: EVA-01|Shadow Sneak|p1a: Darkrai
|-resisted|p1a: Darkrai
|-damage|p1a: Darkrai|89/100
|move|p1a: Darkrai|Dark Pulse|p2a: EVA-01
|-supereffective|p2a: EVA-01
|-damage|p2a: EVA-01|0 fnt
|faint|p2a: EVA-01
|
|-heal|p1a: Darkrai|95/100|[from] item: Leftovers
|upkeep
|
|t:|1779965082
|switch|p2a: Thom Yorke|Skeledirge, M|100/100
|turn|29
|
|t:|1779965094
|-terastallize|p2a: Thom Yorke|Steel
|move|p1a: Darkrai|Sludge Bomb|p2a: Thom Yorke
|-immune|p2a: Thom Yorke
|move|p2a: Thom Yorke|Torch Song|p1a: Darkrai
|-damage|p1a: Darkrai|64/100
|-boost|p2a: Thom Yorke|spa|1
|
|-heal|p1a: Darkrai|70/100|[from] item: Leftovers
|upkeep
|turn|30
|
|t:|1779965120
|switch|p1a: Great Tusk|Great Tusk|100/100
|move|p2a: Thom Yorke|Torch Song|p1a: Great Tusk
|-crit|p1a: Great Tusk
|-damage|p1a: Great Tusk|0 fnt
|-boost|p2a: Thom Yorke|spa|1
|faint|p1a: Great Tusk
|-end|p1a: Great Tusk|Protosynthesis|[silent]
|
|upkeep
|
|t:|1779965127
|switch|p1a: Dragonite|Dragonite, M|100/100
|turn|31
|
|t:|1779965130
|-terastallize|p1a: Dragonite|Fire
|move|p1a: Dragonite|Dragon Dance|p1a: Dragonite
|-boost|p1a: Dragonite|atk|1
|-boost|p1a: Dragonite|spe|1
|move|p2a: Thom Yorke|Will-O-Wisp|p1a: Dragonite
|-immune|p1a: Dragonite
|
|upkeep
|turn|32
|
|t:|1779965137
|move|p1a: Dragonite|Encore|p2a: Thom Yorke
|-start|p2a: Thom Yorke|Encore
|move|p2a: Thom Yorke|Will-O-Wisp|p1a: Dragonite
|-immune|p1a: Dragonite
|
|upkeep
|turn|33
|
|t:|1779965145
|switch|p2a: Dollars and Cents|Gholdengo|68/100
|-damage|p2a: Dollars and Cents|62/100|[from] Stealth Rock
|move|p1a: Dragonite|Dragon Dance|p1a: Dragonite
|-boost|p1a: Dragonite|atk|1
|-boost|p1a: Dragonite|spe|1
|
|-heal|p2a: Dollars and Cents|68/100|[from] item: Leftovers
|upkeep
|turn|34
|
|t:|1779965153
|move|p1a: Dragonite|Fire Punch|p2a: Dollars and Cents
|-supereffective|p2a: Dollars and Cents
|-damage|p2a: Dollars and Cents|0 fnt
|faint|p2a: Dollars and Cents
|
|upkeep
|
|t:|1779965157
|switch|p2a: Potajito|Sinistcha|100/100
|-damage|p2a: Potajito|88/100|[from] Stealth Rock
|turn|35
|
|t:|1779965173
|move|p1a: Dragonite|Fire Punch|p2a: Potajito
|-supereffective|p2a: Potajito
|-damage|p2a: Potajito|36/100
|move|p2a: Potajito|Strength Sap|p1a: Dragonite
|-unboost|p1a: Dragonite|atk|1
|-heal|p2a: Potajito|100/100
|
|upkeep
|turn|36
|
|t:|1779965181
|move|p1a: Dragonite|Encore|p2a: Potajito
|-start|p2a: Potajito|Encore
|move|p2a: Potajito|Strength Sap|p1a: Dragonite
|-unboost|p1a: Dragonite|atk|1
|
|upkeep
|turn|37
|
|t:|1779965186
|move|p1a: Dragonite|Dragon Dance|p1a: Dragonite
|-boost|p1a: Dragonite|atk|1
|-boost|p1a: Dragonite|spe|1
|move|p2a: Potajito|Strength Sap|p1a: Dragonite
|-unboost|p1a: Dragonite|atk|1
|
|upkeep
|turn|38
|
|t:|1779965191
|move|p1a: Dragonite|Dragon Dance|p1a: Dragonite
|-boost|p1a: Dragonite|atk|1
|-boost|p1a: Dragonite|spe|1
|move|p2a: Potajito|Strength Sap|p1a: Dragonite
|-unboost|p1a: Dragonite|atk|1
|
|-end|p2a: Potajito|Encore
|upkeep
|turn|39
|
|t:|1779965198
|move|p1a: Dragonite|Encore|p2a: Potajito
|-start|p2a: Potajito|Encore
|move|p2a: Potajito|Strength Sap|p1a: Dragonite
|-unboost|p1a: Dragonite|atk|1
|
|upkeep
|turn|40
|
|t:|1779965203
|move|p1a: Dragonite|Dragon Dance|p1a: Dragonite
|-boost|p1a: Dragonite|atk|1
|-boost|p1a: Dragonite|spe|1
|move|p2a: Potajito|Strength Sap|p1a: Dragonite
|-unboost|p1a: Dragonite|atk|1
|
|upkeep
|turn|41
|
|t:|1779965209
|move|p1a: Dragonite|Dragon Dance|p1a: Dragonite
|-boost|p1a: Dragonite|atk|1
|-boost|p1a: Dragonite|spe|1
|move|p2a: Potajito|Strength Sap|p1a: Dragonite
|-unboost|p1a: Dragonite|atk|1
|
|-end|p2a: Potajito|Encore
|upkeep
|turn|42
|
|t:|1779965215
|move|p1a: Dragonite|Encore|p2a: Potajito
|-start|p2a: Potajito|Encore
|move|p2a: Potajito|Strength Sap|p1a: Dragonite
|-unboost|p1a: Dragonite|atk|1
|
|upkeep
|turn|43
|
|t:|1779965220
|move|p1a: Dragonite|Dragon Dance|p1a: Dragonite
|-boost|p1a: Dragonite|atk|1
|-boost|p1a: Dragonite|spe|0
|move|p2a: Potajito|Strength Sap|p1a: Dragonite
|-unboost|p1a: Dragonite|atk|1
|
|upkeep
|turn|44
|
|t:|1779965226
|move|p1a: Dragonite|Dragon Dance|p1a: Dragonite
|-boost|p1a: Dragonite|atk|1
|-boost|p1a: Dragonite|spe|0
|move|p2a: Potajito|Strength Sap|p1a: Dragonite
|-unboost|p1a: Dragonite|atk|1
|
|-end|p2a: Potajito|Encore
|upkeep
|turn|45
|
|t:|1779965237
|switch|p2a: Nesquik|Polteageist|100/100
|-damage|p2a: Nesquik|88/100|[from] Stealth Rock
|move|p1a: Dragonite|Dragon Dance|p1a: Dragonite
|-boost|p1a: Dragonite|atk|1
|-boost|p1a: Dragonite|spe|0
|
|upkeep
|turn|46
|
|t:|1779965244
|move|p1a: Dragonite|Scale Shot|p2a: Nesquik
|-damage|p2a: Nesquik|70/100
|-start|p1a: Dragonite|Disable|Scale Shot|[from] ability: Cursed Body|[of] p2a: Nesquik
|-damage|p2a: Nesquik|55/100
|-damage|p2a: Nesquik|38/100
|-damage|p2a: Nesquik|21/100
|-damage|p2a: Nesquik|3/100
|-hitcount|p2a: Nesquik|5
|-unboost|p1a: Dragonite|def|1
|move|p2a: Nesquik|Shell Smash|p2a: Nesquik
|-unboost|p2a: Nesquik|def|1
|-unboost|p2a: Nesquik|spd|1
|-boost|p2a: Nesquik|atk|2
|-boost|p2a: Nesquik|spa|2
|-boost|p2a: Nesquik|spe|2
|-enditem|p2a: Nesquik|White Herb
|-clearnegativeboost|p2a: Nesquik|[silent]
|
|upkeep
|turn|47
|
|t:|1779965260
|move|p1a: Dragonite|Fire Punch|p2a: Nesquik
|-damage|p2a: Nesquik|0 fnt
|faint|p2a: Nesquik
|
|upkeep
|
|t:|1779965264
|switch|p2a: Potajito|Sinistcha|100/100
|-damage|p2a: Potajito|88/100|[from] Stealth Rock
|turn|48
|
|t:|1779965268
|move|p1a: Dragonite|Dragon Dance|p1a: Dragonite
|-boost|p1a: Dragonite|atk|1
|-boost|p1a: Dragonite|spe|0
|move|p2a: Potajito|Scald|p1a: Dragonite
|-supereffective|p1a: Dragonite
|-damage|p1a: Dragonite|78/100
|
|-heal|p2a: Potajito|94/100|[from] item: Leftovers
|upkeep
|turn|49
|
|t:|1779965286
|switch|p1a: Rillaboom|Rillaboom, F|100/100
|-fieldstart|move: Grassy Terrain|[from] ability: Grassy Surge|[of] p1a: Rillaboom
|move|p2a: Potajito|Scald|p1a: Rillaboom
|-resisted|p1a: Rillaboom
|-damage|p1a: Rillaboom|87/100
|
|-heal|p1a: Rillaboom|93/100|[from] Grassy Terrain
|-heal|p2a: Potajito|99/100|[from] Grassy Terrain
|-heal|p2a: Potajito|100/100|[from] item: Leftovers
|upkeep
|turn|50
|
|t:|1779965296
|move|p1a: Rillaboom|Knock Off|p2a: Potajito
|-supereffective|p2a: Potajito
|-damage|p2a: Potajito|33/100
|-enditem|p2a: Potajito|Leftovers|[from] move: Knock Off|[of] p1a: Rillaboom
|move|p2a: Potajito|Calm Mind|p2a: Potajito
|-boost|p2a: Potajito|spa|1
|-boost|p2a: Potajito|spd|1
|
|-heal|p1a: Rillaboom|99/100|[from] Grassy Terrain
|-heal|p2a: Potajito|39/100|[from] Grassy Terrain
|upkeep
|turn|51
|
|t:|1779965310
|move|p1a: Rillaboom|Knock Off|p2a: Potajito
|-supereffective|p2a: Potajito
|-damage|p2a: Potajito|0 fnt
|faint|p2a: Potajito
|
|-heal|p1a: Rillaboom|100/100|[from] Grassy Terrain
|upkeep
|
|t:|1779965312
|switch|p2a: Thom Yorke|Skeledirge, M, tera:Steel|100/100
|turn|52
|
|t:|1779965318
|move|p1a: Rillaboom|Knock Off|p2a: Thom Yorke
|-damage|p2a: Thom Yorke|57/100
|-enditem|p2a: Thom Yorke|Heavy-Duty Boots|[from] move: Knock Off|[of] p1a: Rillaboom
|move|p2a: Thom Yorke|Will-O-Wisp|p1a: Rillaboom
|-status|p1a: Rillaboom|brn
|
|-heal|p2a: Thom Yorke|63/100|[from] Grassy Terrain
|-damage|p1a: Rillaboom|94/100 brn|[from] brn
|upkeep
|turn|53
|
|t:|1779965332
|switch|p1a: Dragonite|Dragonite, M, tera:Fire|78/100
|move|p2a: Thom Yorke|Slack Off|p2a: Thom Yorke
|-heal|p2a: Thom Yorke|100/100
|
|-heal|p1a: Dragonite|84/100|[from] Grassy Terrain
|-fieldend|move: Grassy Terrain
|upkeep
|turn|54
|
|t:|1779965339
|move|p1a: Dragonite|Encore|p2a: Thom Yorke
|-start|p2a: Thom Yorke|Encore
|move|p2a: Thom Yorke|Slack Off||[still]
|-fail|p2a: Thom Yorke|heal
|
|upkeep
|turn|55
|c|☆Jaque770|gg
|-message|Jaque770 forfeited.
|
|win|ikthoizzykil
|raw|ikthoizzykil's rating: 1334 &rarr; <strong>1354</strong><br />(+20 for winning)
|raw|Jaque770's rating: 1340 &rarr; <strong>1320</strong><br />(-20 for losing)
|l|☆Jaque770
|player|p2|
|c|☆ikthoizzykil|gg
|l|☆ikthoizzykil
|player|p1|
