|j|☆yoyo112
|j|☆Beyondfatepanda
|t:|1779890602
|gametype|singles
|player|p1|yoyo112|barry|1271
|player|p2|Beyondfatepanda|cynthia|1243
|gen|9
|tier|[Gen 9] OU
|rated|
|rule|HP Percentage Mod: HP is shown in percentages
|rule|Endless Battle Clause: Forcing endless battles is banned
|rule|Species Clause: Limit one of each Pokémon
|rule|OHKO Clause: OHKO moves are banned
|rule|Evasion Items Clause: Evasion items are banned
|rule|Evasion Moves Clause: Evasion moves are banned
|rule|Evasion Abilities Clause: Evasion abilities are banned
|rule|Sleep Moves Clause: Sleep-inducing moves are banned
|clearpoke
|poke|p1|Torkoal, M|
|poke|p1|Walking Wake|
|poke|p1|Venusaur, M|
|poke|p1|Great Tusk|
|poke|p1|Scream Tail|
|poke|p1|Arcanine-Hisui, F|
|poke|p2|Cinderace, M|
|poke|p2|Garchomp, F|
|poke|p2|Milotic, F|
|poke|p2|Kingambit, M|
|poke|p2|Iron Valiant|
|poke|p2|Great Tusk|
|teampreview
|inactive|Battle timer is ON: inactive players will automatically lose when time's up. (requested by Beyondfatepanda)
|
|t:|1779890605
|teamsize|p1|6
|teamsize|p2|6
|start
|switch|p1a: Torkoal|Torkoal, M|100/100
|switch|p2a: Cinderace|Cinderace, M|100/100
|-weather|SunnyDay|[from] ability: Drought|[of] p1a: Torkoal
|turn|1
|
|t:|1779890614
|move|p2a: Cinderace|U-turn|p1a: Torkoal
|-start|p2a: Cinderace|typechange|Bug|[from] ability: Libero
|-resisted|p1a: Torkoal
|-damage|p1a: Torkoal|92/100
|
|t:|1779890619
|switch|p2a: Iron Valiant|Iron Valiant|100/100|[from] U-turn
|-enditem|p2a: Iron Valiant|Booster Energy
|-activate|p2a: Iron Valiant|ability: Quark Drive|[fromitem]
|-start|p2a: Iron Valiant|quarkdrivespe
|move|p1a: Torkoal|Earth Power|p2a: Iron Valiant
|-damage|p2a: Iron Valiant|67/100
|
|-weather|SunnyDay|[upkeep]
|upkeep
|turn|2
|
|t:|1779890636
|switch|p1a: Venusaur|Venusaur, M|100/100
|move|p2a: Iron Valiant|Knock Off|p1a: Venusaur
|-damage|p1a: Venusaur|61/100
|-enditem|p1a: Venusaur|Life Orb|[from] move: Knock Off|[of] p2a: Iron Valiant
|
|-weather|SunnyDay|[upkeep]
|upkeep
|turn|3
|inactive|yoyo112 has 120 seconds left.
|
|t:|1779890673
|-end|p2a: Iron Valiant|Quark Drive|[silent]
|switch|p2a: Cinderace|Cinderace, M|100/100
|move|p1a: Venusaur|Weather Ball|p2a: Cinderace
|-resisted|p2a: Cinderace
|-damage|p2a: Cinderace|67/100
|
|-weather|SunnyDay|[upkeep]
|upkeep
|turn|4
|inactive|yoyo112 has 120 seconds left.
|
|t:|1779890682
|move|p1a: Venusaur|Sludge Bomb|p2a: Cinderace
|-damage|p2a: Cinderace|9/100
|move|p2a: Cinderace|Pyro Ball|p1a: Venusaur
|-supereffective|p1a: Venusaur
|-damage|p1a: Venusaur|0 fnt
|faint|p1a: Venusaur
|
|-weather|SunnyDay|[upkeep]
|upkeep
|inactive|yoyo112 has 120 seconds left.
|
|t:|1779890693
|switch|p1a: Arcanine|Arcanine-Hisui, F|100/100
|turn|5
|inactive|yoyo112 has 120 seconds left.
|
|t:|1779890707
|move|p1a: Arcanine|Close Combat|p2a: Cinderace
|-damage|p2a: Cinderace|0 fnt
|-unboost|p1a: Arcanine|def|1
|-unboost|p1a: Arcanine|spd|1
|faint|p2a: Cinderace
|
|-weather|SunnyDay|[upkeep]
|upkeep
|
|t:|1779890720
|switch|p2a: Great Tusk|Great Tusk|100/100
|-activate|p2a: Great Tusk|ability: Protosynthesis
|-start|p2a: Great Tusk|protosynthesisatk
|turn|6
|inactive|yoyo112 has 120 seconds left.
|
|t:|1779890732
|move|p1a: Arcanine|Close Combat|p2a: Great Tusk
|-damage|p2a: Great Tusk|71/100
|-unboost|p1a: Arcanine|def|1
|-unboost|p1a: Arcanine|spd|1
|move|p2a: Great Tusk|Headlong Rush|p1a: Arcanine
|-supereffective|p1a: Arcanine
|-damage|p1a: Arcanine|0 fnt
|-unboost|p2a: Great Tusk|def|1
|-unboost|p2a: Great Tusk|spd|1
|faint|p1a: Arcanine
|
|-weather|SunnyDay|[upkeep]
|-heal|p2a: Great Tusk|77/100|[from] item: Leftovers
|upkeep
|inactive|yoyo112 has 120 seconds left.
|
|t:|1779890741
|switch|p1a: Walking Wake|Walking Wake|100/100
|-activate|p1a: Walking Wake|ability: Protosynthesis
|-start|p1a: Walking Wake|protosynthesisspe
|turn|7
|
|t:|1779890752
|-end|p2a: Great Tusk|Protosynthesis|[silent]
|switch|p2a: Milotic|Milotic, F, shiny|100/100
|move|p1a: Walking Wake|Hydro Steam|p2a: Milotic
|-resisted|p2a: Milotic
|-damage|p2a: Milotic|67/100
|
|-weather|SunnyDay|[upkeep]
|-status|p2a: Milotic|brn|[from] item: Flame Orb
|upkeep
|turn|8
|inactive|yoyo112 has 120 seconds left.
|inactive|Beyondfatepanda has 120 seconds left.
|
|t:|1779890789
|-end|p1a: Walking Wake|Protosynthesis|[silent]
|switch|p1a: Scream Tail|Scream Tail|100/100
|-activate|p1a: Scream Tail|ability: Protosynthesis
|-start|p1a: Scream Tail|protosynthesisspd
|move|p2a: Milotic|Ice Beam|p1a: Scream Tail
|-damage|p1a: Scream Tail|92/100
|
|-weather|none
|-end|p1a: Scream Tail|Protosynthesis
|-heal|p1a: Scream Tail|98/100|[from] item: Leftovers
|-damage|p2a: Milotic|61/100 brn|[from] brn
|upkeep
|turn|9
|inactive|Beyondfatepanda has 120 seconds left.
|
|t:|1779890808
|move|p1a: Scream Tail|Encore|p2a: Milotic
|-start|p2a: Milotic|Encore
|move|p2a: Milotic|Ice Beam|p1a: Scream Tail
|-damage|p1a: Scream Tail|88/100
|
|-heal|p1a: Scream Tail|94/100|[from] item: Leftovers
|-damage|p2a: Milotic|55/100 brn|[from] brn
|upkeep
|turn|10
|
|t:|1779890828
|-end|p1a: Scream Tail|Protosynthesis|[silent]
|switch|p1a: Torkoal|Torkoal, M|92/100
|-weather|SunnyDay|[from] ability: Drought|[of] p1a: Torkoal
|move|p2a: Milotic|Ice Beam|p1a: Torkoal
|-resisted|p1a: Torkoal
|-damage|p1a: Torkoal|77/100
|
|-weather|SunnyDay|[upkeep]
|-damage|p2a: Milotic|48/100 brn|[from] brn
|upkeep
|turn|11
|
|t:|1779890841
|switch|p1a: Scream Tail|Scream Tail|94/100
|-activate|p1a: Scream Tail|ability: Protosynthesis
|-start|p1a: Scream Tail|protosynthesisspd
|move|p2a: Milotic|Ice Beam|p1a: Scream Tail
|-damage|p1a: Scream Tail|86/100
|
|-weather|SunnyDay|[upkeep]
|-heal|p1a: Scream Tail|93/100|[from] item: Leftovers
|-damage|p2a: Milotic|42/100 brn|[from] brn
|-end|p2a: Milotic|Encore
|upkeep
|turn|12
|
|t:|1779890856
|move|p1a: Scream Tail|Psychic|p2a: Milotic
|-damage|p2a: Milotic|28/100 brn
|move|p2a: Milotic|Scald|p1a: Scream Tail
|-damage|p1a: Scream Tail|87/100
|-status|p1a: Scream Tail|brn
|
|-weather|SunnyDay|[upkeep]
|-heal|p1a: Scream Tail|93/100 brn|[from] item: Leftovers
|-damage|p1a: Scream Tail|87/100 brn|[from] brn
|-damage|p2a: Milotic|22/100 brn|[from] brn
|upkeep
|turn|13
|
|t:|1779890868
|-end|p1a: Scream Tail|Protosynthesis|[silent]
|switch|p1a: Walking Wake|Walking Wake|100/100
|-activate|p1a: Walking Wake|ability: Protosynthesis
|-start|p1a: Walking Wake|protosynthesisspe
|move|p2a: Milotic|Recover|p2a: Milotic
|-heal|p2a: Milotic|72/100 brn
|
|-weather|SunnyDay|[upkeep]
|-damage|p2a: Milotic|65/100 brn|[from] brn
|upkeep
|turn|14
|
|t:|1779890880
|move|p1a: Walking Wake|Draco Meteor|p2a: Milotic
|-damage|p2a: Milotic|0 fnt
|-unboost|p1a: Walking Wake|spa|2
|faint|p2a: Milotic
|
|-weather|SunnyDay|[upkeep]
|upkeep
|
|t:|1779890889
|switch|p2a: Iron Valiant|Iron Valiant|67/100
|turn|15
|
|t:|1779890896
|-end|p1a: Walking Wake|Protosynthesis|[silent]
|switch|p1a: Torkoal|Torkoal, M|77/100
|move|p2a: Iron Valiant|Moonblast|p1a: Torkoal
|-resisted|p1a: Torkoal
|-damage|p1a: Torkoal|49/100
|
|-weather|SunnyDay|[upkeep]
|upkeep
|turn|16
|
|t:|1779890907
|move|p2a: Iron Valiant|Close Combat|p1a: Torkoal
|-damage|p1a: Torkoal|17/100
|-unboost|p2a: Iron Valiant|def|1
|-unboost|p2a: Iron Valiant|spd|1
|move|p1a: Torkoal|Will-O-Wisp|p2a: Iron Valiant|[miss]
|-miss|p1a: Torkoal|p2a: Iron Valiant
|
|-weather|SunnyDay|[upkeep]
|upkeep
|turn|17
|
|t:|1779890916
|switch|p1a: Scream Tail|Scream Tail|87/100 brn
|-activate|p1a: Scream Tail|ability: Protosynthesis
|-start|p1a: Scream Tail|protosynthesisspd
|move|p2a: Iron Valiant|Knock Off|p1a: Scream Tail
|-damage|p1a: Scream Tail|65/100 brn
|-enditem|p1a: Scream Tail|Leftovers|[from] move: Knock Off|[of] p2a: Iron Valiant
|
|-weather|none
|-end|p1a: Scream Tail|Protosynthesis
|-damage|p1a: Scream Tail|59/100 brn|[from] brn
|upkeep
|turn|18
|
|t:|1779890929
|move|p2a: Iron Valiant|Moonblast|p1a: Scream Tail
|-damage|p1a: Scream Tail|35/100 brn
|-unboost|p1a: Scream Tail|spa|1
|move|p1a: Scream Tail|Psychic|p2a: Iron Valiant
|-supereffective|p2a: Iron Valiant
|-damage|p2a: Iron Valiant|0 fnt
|faint|p2a: Iron Valiant
|-end|p2a: Iron Valiant|Quark Drive|[silent]
|
|-damage|p1a: Scream Tail|29/100 brn|[from] brn
|upkeep
|
|t:|1779890942
|switch|p2a: Garchomp|Garchomp, F, shiny|100/100
|turn|19
|
|t:|1779890948
|-terastallize|p2a: Garchomp|Steel
|move|p2a: Garchomp|Swords Dance|p2a: Garchomp
|-boost|p2a: Garchomp|atk|2
|move|p1a: Scream Tail|Dazzling Gleam|p2a: Garchomp
|-resisted|p2a: Garchomp
|-damage|p2a: Garchomp|93/100
|
|-damage|p1a: Scream Tail|23/100 brn|[from] brn
|upkeep
|turn|20
|inactive|Beyondfatepanda has 120 seconds left.
|
|t:|1779890958
|move|p2a: Garchomp|Iron Head|p1a: Scream Tail
|-supereffective|p1a: Scream Tail
|-damage|p1a: Scream Tail|0 fnt
|faint|p1a: Scream Tail
|-end|p1a: Scream Tail|Protosynthesis|[silent]
|
|upkeep
|
|t:|1779890976
|switch|p1a: Torkoal|Torkoal, M|17/100
|-weather|SunnyDay|[from] ability: Drought|[of] p1a: Torkoal
|turn|21
|
|t:|1779890983
|switch|p1a: Great Tusk|Great Tusk|100/100
|-activate|p1a: Great Tusk|ability: Protosynthesis
|-start|p1a: Great Tusk|protosynthesisatk
|move|p2a: Garchomp|Scale Shot|p1a: Great Tusk
|-damage|p1a: Great Tusk|82/100
|-damage|p1a: Great Tusk|63/100
|-damage|p1a: Great Tusk|43/100
|-damage|p1a: Great Tusk|24/100
|-damage|p1a: Great Tusk|5/100
|-hitcount|p1a: Great Tusk|5
|-unboost|p2a: Garchomp|def|1
|-boost|p2a: Garchomp|spe|1
|
|-weather|SunnyDay|[upkeep]
|upkeep
|turn|22
|inactive|Beyondfatepanda has 120 seconds left.
|inactive|yoyo112 has 120 seconds left.
|
|t:|1779891014
|move|p2a: Garchomp|Earthquake|p1a: Great Tusk
|-damage|p1a: Great Tusk|0 fnt
|faint|p1a: Great Tusk
|-end|p1a: Great Tusk|Protosynthesis|[silent]
|
|-weather|SunnyDay|[upkeep]
|upkeep
|
|t:|1779891017
|switch|p1a: Walking Wake|Walking Wake|100/100
|-activate|p1a: Walking Wake|ability: Protosynthesis
|-start|p1a: Walking Wake|protosynthesisspe
|turn|23
|
|t:|1779891023
|move|p1a: Walking Wake|Hydro Steam|p2a: Garchomp
|-damage|p2a: Garchomp|0 fnt
|faint|p2a: Garchomp
|
|-weather|SunnyDay|[upkeep]
|upkeep
|
|t:|1779891030
|switch|p2a: Great Tusk|Great Tusk|77/100
|-activate|p2a: Great Tusk|ability: Protosynthesis
|-start|p2a: Great Tusk|protosynthesisatk
|turn|24
|
|t:|1779891048
|move|p1a: Walking Wake|Hydro Steam|p2a: Great Tusk
|-supereffective|p2a: Great Tusk
|-damage|p2a: Great Tusk|0 fnt
|faint|p2a: Great Tusk
|-end|p2a: Great Tusk|Protosynthesis|[silent]
|
|-weather|SunnyDay|[upkeep]
|upkeep
|
|t:|1779891055
|switch|p2a: Kingambit|Kingambit, M|100/100
|-activate|p2a: Kingambit|ability: Supreme Overlord
|-start|p2a: Kingambit|fallen5|[silent]
|turn|25
|
|t:|1779891060
|move|p1a: Walking Wake|Hydro Steam|p2a: Kingambit
|-damage|p2a: Kingambit|17/100
|move|p2a: Kingambit|Swords Dance|p2a: Kingambit
|-boost|p2a: Kingambit|atk|2
|
|-weather|SunnyDay|[upkeep]
|-heal|p2a: Kingambit|24/100|[from] item: Leftovers
|upkeep
|turn|26
|
|t:|1779891069
|move|p2a: Kingambit|Sucker Punch|p1a: Walking Wake
|-damage|p1a: Walking Wake|0 fnt
|faint|p1a: Walking Wake
|-end|p1a: Walking Wake|Protosynthesis|[silent]
|
|-weather|SunnyDay|[upkeep]
|-heal|p2a: Kingambit|30/100|[from] item: Leftovers
|upkeep
|
|t:|1779891072
|switch|p1a: Torkoal|Torkoal, M|17/100
|turn|27
|
|t:|1779891079
|move|p2a: Kingambit|Sucker Punch||[still]
|-fail|p2a: Kingambit
|move|p1a: Torkoal|Will-O-Wisp|p2a: Kingambit|[miss]
|-miss|p1a: Torkoal|p2a: Kingambit
|
|-weather|SunnyDay|[upkeep]
|-heal|p2a: Kingambit|36/100|[from] item: Leftovers
|upkeep
|turn|28
|
|t:|1779891090
|move|p2a: Kingambit|Sucker Punch||[still]
|-fail|p2a: Kingambit
|move|p1a: Torkoal|Will-O-Wisp|p2a: Kingambit
|-status|p2a: Kingambit|brn
|
|-weather|none
|-heal|p2a: Kingambit|42/100 brn|[from] item: Leftovers
|-damage|p2a: Kingambit|36/100 brn|[from] brn
|upkeep
|turn|29
|
|t:|1779891100
|move|p2a: Kingambit|Sucker Punch||[still]
|-fail|p2a: Kingambit
|move|p1a: Torkoal|Will-O-Wisp|p2a: Kingambit
|-fail|p2a: Kingambit|brn
|
|-heal|p2a: Kingambit|42/100 brn|[from] item: Leftovers
|-damage|p2a: Kingambit|36/100 brn|[from] brn
|upkeep
|turn|30
|
|t:|1779891109
|move|p2a: Kingambit|Sucker Punch||[still]
|-fail|p2a: Kingambit
|move|p1a: Torkoal|Will-O-Wisp|p2a: Kingambit
|-fail|p2a: Kingambit|brn
|
|-heal|p2a: Kingambit|42/100 brn|[from] item: Leftovers
|-damage|p2a: Kingambit|36/100 brn|[from] brn
|upkeep
|turn|31
|
|t:|1779891121
|move|p2a: Kingambit|Kowtow Cleave|p1a: Torkoal
|-damage|p1a: Torkoal|0 fnt
|faint|p1a: Torkoal
|
|win|Beyondfatepanda
|raw|yoyo112's rating: 1271 &rarr; <strong>1244</strong><br />(-27 for losing)
|raw|Beyondfatepanda's rating: 1243 &rarr; <strong>1270</strong><br />(+27 for winning)
|l|☆Beyondfatepanda
|player|p2|
|l|☆yoyo112
|player|p1|
