|j|☆claudechamp
|j|☆JGLoryOG
|t:|1779878095
|gametype|singles
|player|p1|claudechamp|169|1220
|player|p2|JGLoryOG|265|1221
|gen|9
|tier|[Gen 9] OU
|rated|
|rule|HP Percentage Mod: HP is shown in percentages
|rule|Endless Battle Clause: Forcing endless battles is banned
|rule|Species Clause: Limit one of each Pokémon
|rule|OHKO Clause: OHKO moves are banned
|rule|Evasion Items Clause: Evasion items are banned
|rule|Evasion Moves Clause: Evasion moves are banned
|rule|Evasion Abilities Clause: Evasion abilities are banned
|rule|Sleep Moves Clause: Sleep-inducing moves are banned
|clearpoke
|poke|p1|Gliscor, F|
|poke|p1|Ogerpon, F|
|poke|p1|Walking Wake|
|poke|p1|Blissey, F|
|poke|p1|Corviknight, F|
|poke|p1|Pecharunt|
|poke|p2|Cinderace, M|
|poke|p2|Garganacl, M|
|poke|p2|Primarina, F|
|poke|p2|Gliscor, M|
|poke|p2|Espeon, M|
|poke|p2|Serperior, F|
|teampreview
|c|☆claudechamp|hf
|inactive|Battle timer is ON: inactive players will automatically lose when time's up. (requested by claudechamp)
|
|t:|1779878120
|teamsize|p1|6
|teamsize|p2|6
|start
|switch|p1a: Gliscor|Gliscor, F|100/100
|switch|p2a: Mikido|Gliscor, M, shiny|100/100
|turn|1
|
|t:|1779878133
|move|p2a: Mikido|U-turn|p1a: Gliscor
|-resisted|p1a: Gliscor
|-damage|p1a: Gliscor|94/100
|
|t:|1779878139
|switch|p2a: Megumi|Garganacl, M|100/100|[from] U-turn
|move|p1a: Gliscor|Spikes|p2a: Megumi
|-sidestart|p2: JGLoryOG|Spikes
|
|-status|p1a: Gliscor|tox|[from] item: Toxic Orb
|upkeep
|turn|2
|
|t:|1779878147
|move|p1a: Gliscor|Spikes|p2a: Megumi
|-sidestart|p2: JGLoryOG|Spikes
|move|p2a: Megumi|Salt Cure|p1a: Gliscor
|-damage|p1a: Gliscor|84/100 tox
|-start|p1a: Gliscor|Salt Cure
|
|-heal|p1a: Gliscor|96/100 tox|[from] ability: Poison Heal
|-damage|p1a: Gliscor|84/100 tox|[from] Salt Cure
|upkeep
|turn|3
|
|t:|1779878157
|move|p1a: Gliscor|Earthquake|p2a: Megumi
|-supereffective|p2a: Megumi
|-damage|p2a: Megumi|66/100
|move|p2a: Megumi|Substitute|p2a: Megumi
|-start|p2a: Megumi|Substitute
|-damage|p2a: Megumi|41/100
|
|-heal|p2a: Megumi|47/100|[from] item: Leftovers
|-heal|p1a: Gliscor|96/100 tox|[from] ability: Poison Heal
|-damage|p1a: Gliscor|84/100 tox|[from] Salt Cure
|upkeep
|turn|4
|
|t:|1779878169
|move|p1a: Gliscor|Earthquake|p2a: Megumi
|-supereffective|p2a: Megumi
|-end|p2a: Megumi|Substitute
|move|p2a: Megumi|Recover|p2a: Megumi
|-heal|p2a: Megumi|97/100
|
|-heal|p2a: Megumi|100/100|[from] item: Leftovers
|-heal|p1a: Gliscor|96/100 tox|[from] ability: Poison Heal
|-damage|p1a: Gliscor|84/100 tox|[from] Salt Cure
|upkeep
|turn|5
|inactive|JGLoryOG has 120 seconds left.
|
|t:|1779878202
|move|p1a: Gliscor|Spikes|p2a: Megumi
|-sidestart|p2: JGLoryOG|Spikes
|move|p2a: Megumi|Substitute|p2a: Megumi
|-start|p2a: Megumi|Substitute
|-damage|p2a: Megumi|75/100
|
|-heal|p2a: Megumi|82/100|[from] item: Leftovers
|-heal|p1a: Gliscor|96/100 tox|[from] ability: Poison Heal
|-damage|p1a: Gliscor|84/100 tox|[from] Salt Cure
|upkeep
|turn|6
|inactive|JGLoryOG has 120 seconds left.
|
|t:|1779878218
|switch|p1a: Blissey|Blissey, F|100/100
|move|p2a: Megumi|Protect||[still]
|-fail|p2a: Megumi
|
|-heal|p2a: Megumi|88/100|[from] item: Leftovers
|upkeep
|turn|7
|inactive|JGLoryOG has 120 seconds left.
|
|t:|1779878226
|move|p1a: Blissey|Seismic Toss|p2a: Megumi
|-activate|p2a: Megumi|move: Substitute|[damage]
|move|p2a: Megumi|Salt Cure|p1a: Blissey
|-damage|p1a: Blissey|86/100
|-start|p1a: Blissey|Salt Cure
|
|-heal|p2a: Megumi|94/100|[from] item: Leftovers
|-damage|p1a: Blissey|74/100|[from] Salt Cure
|upkeep
|turn|8
|inactive|JGLoryOG has 120 seconds left.
|
|t:|1779878239
|move|p1a: Blissey|Seismic Toss|p2a: Megumi
|-end|p2a: Megumi|Substitute
|move|p2a: Megumi|Salt Cure|p1a: Blissey
|-damage|p1a: Blissey|60/100
|
|-heal|p2a: Megumi|99/100|[from] item: Leftovers
|-damage|p1a: Blissey|47/100|[from] Salt Cure
|upkeep
|turn|9
|inactive|JGLoryOG has 120 seconds left.
|
|t:|1779878254
|switch|p2a: Leon|Cinderace, M, shiny|100/100
|move|p1a: Blissey|Soft-Boiled|p1a: Blissey
|-heal|p1a: Blissey|97/100
|
|-damage|p1a: Blissey|85/100|[from] Salt Cure
|upkeep
|turn|10
|
|t:|1779878266
|move|p2a: Leon|Court Change|p2a: Leon
|-start|p2a: Leon|typechange|Normal|[from] ability: Libero
|-swapsideconditions
|-activate|p2a: Leon|move: Court Change
|move|p1a: Blissey|Stealth Rock|p2a: Leon
|-sidestart|p2: JGLoryOG|move: Stealth Rock
|
|-damage|p1a: Blissey|72/100|[from] Salt Cure
|upkeep
|turn|11
|
|t:|1779878280
|move|p2a: Leon|Pyro Ball|p1a: Blissey
|-damage|p1a: Blissey|33/100
|move|p1a: Blissey|Seismic Toss|p2a: Leon
|-damage|p2a: Leon|67/100
|
|-damage|p1a: Blissey|20/100|[from] Salt Cure
|upkeep
|turn|12
|
|t:|1779878292
|move|p2a: Leon|Pyro Ball|p1a: Blissey
|-damage|p1a: Blissey|0 fnt
|faint|p1a: Blissey
|
|upkeep
|
|t:|1779878305
|switch|p1a: Walking Wake|Walking Wake|100/100
|turn|13
|
|t:|1779878310
|move|p2a: Leon|Sucker Punch|p1a: Walking Wake
|-damage|p1a: Walking Wake|78/100
|move|p1a: Walking Wake|Surf|p2a: Leon
|-damage|p2a: Leon|0 fnt
|faint|p2a: Leon
|
|upkeep
|
|t:|1779878318
|switch|p2a: Melody|Primarina, F, shiny|100/100
|-damage|p2a: Melody|88/100|[from] Stealth Rock
|turn|14
|
|t:|1779878332
|move|p1a: Walking Wake|Surf|p2a: Melody
|-resisted|p2a: Melody
|-damage|p2a: Melody|76/100
|move|p2a: Melody|Moonblast|p1a: Walking Wake
|-supereffective|p1a: Walking Wake
|-damage|p1a: Walking Wake|0 fnt
|faint|p1a: Walking Wake
|-end|p1a: Walking Wake|Protosynthesis|[silent]
|
|upkeep
|
|t:|1779878344
|switch|p1a: Ogerpon|Ogerpon, F|100/100
|turn|15
|
|t:|1779878356
|move|p1a: Ogerpon|Ivy Cudgel|p2a: Melody
|-supereffective|p2a: Melody
|-damage|p2a: Melody|0 fnt
|faint|p2a: Melody
|
|upkeep
|
|t:|1779878375
|switch|p2a: Rosé|Serperior, F|100/100
|-damage|p2a: Rosé|88/100|[from] Stealth Rock
|turn|16
|
|t:|1779878382
|-terastallize|p1a: Ogerpon|Grass
|detailschange|p1a: Ogerpon|Ogerpon-Teal-Tera, F, tera:Grass
|-ability|p1a: Ogerpon|Embody Aspect (Teal)|boost
|-boost|p1a: Ogerpon|spe|1
|move|p1a: Ogerpon|Ivy Cudgel|p2a: Rosé
|-resisted|p2a: Rosé
|-crit|p2a: Rosé
|-damage|p2a: Rosé|23/100
|move|p2a: Rosé|Leaf Storm|p1a: Ogerpon
|-resisted|p1a: Ogerpon
|-damage|p1a: Ogerpon|71/100
|-boost|p2a: Rosé|spa|2
|
|upkeep
|turn|17
|
|t:|1779878394
|switch|p1a: Corviknight|Corviknight, F|100/100
|-ability|p1a: Corviknight|Pressure
|move|p2a: Rosé|Leaf Storm|p1a: Corviknight
|-resisted|p1a: Corviknight
|-damage|p1a: Corviknight|73/100
|-boost|p2a: Rosé|spa|2
|
|upkeep
|turn|18
|
|t:|1779878414
|move|p2a: Rosé|Leaf Storm|p1a: Corviknight
|-resisted|p1a: Corviknight
|-damage|p1a: Corviknight|33/100
|-boost|p2a: Rosé|spa|2
|move|p1a: Corviknight|U-turn|p2a: Rosé
|-supereffective|p2a: Rosé
|-damage|p2a: Rosé|0 fnt
|faint|p2a: Rosé
|
|t:|1779878425
|switch|p1a: Ogerpon|Ogerpon-Teal-Tera, F, tera:Grass|71/100|[from] U-turn
|-ability|p1a: Ogerpon|Embody Aspect (Teal)|boost
|-boost|p1a: Ogerpon|spe|1
|
|upkeep
|
|t:|1779878436
|switch|p2a: Mikido|Gliscor, M, shiny|100/100
|-damage|p2a: Mikido|88/100|[from] Stealth Rock
|turn|19
|
|t:|1779878451
|move|p2a: Mikido|Protect|p2a: Mikido
|-singleturn|p2a: Mikido|Protect
|move|p1a: Ogerpon|U-turn|p2a: Mikido
|-activate|p2a: Mikido|move: Protect
|
|-status|p2a: Mikido|tox|[from] item: Toxic Orb
|upkeep
|turn|20
|
|t:|1779878467
|move|p1a: Ogerpon|Encore|p2a: Mikido
|-start|p2a: Mikido|Encore
|move|p2a: Mikido|Protect||[still]
|-fail|p2a: Mikido
|
|-heal|p2a: Mikido|100/100 tox|[from] ability: Poison Heal
|upkeep
|turn|21
|
|t:|1779878479
|switch|p2a: Megumi|Garganacl, M|99/100
|-damage|p2a: Megumi|88/100|[from] Stealth Rock
|move|p1a: Ogerpon|Ivy Cudgel|p2a: Megumi
|-supereffective|p2a: Megumi
|-damage|p2a: Megumi|25/100
|
|-heal|p2a: Megumi|31/100|[from] item: Leftovers
|upkeep
|turn|22
|
|t:|1779878493
|-terastallize|p2a: Megumi|Ghost
|move|p1a: Ogerpon|Ivy Cudgel|p2a: Megumi
|-damage|p2a: Megumi|0 fnt
|faint|p2a: Megumi
|
|upkeep
|
|t:|1779878503
|switch|p2a: Mikido|Gliscor, M, shiny|100/100 tox
|-damage|p2a: Mikido|88/100 tox|[from] Stealth Rock
|turn|23
|
|t:|1779878509
|move|p1a: Ogerpon|Ivy Cudgel|p2a: Mikido
|-damage|p2a: Mikido|47/100 tox
|move|p2a: Mikido|Toxic|p1a: Ogerpon
|-status|p1a: Ogerpon|tox
|
|-damage|p1a: Ogerpon|65/100 tox|[from] psn
|-heal|p2a: Mikido|60/100 tox|[from] ability: Poison Heal
|upkeep
|turn|24
|
|t:|1779878519
|switch|p1a: Corviknight|Corviknight, F|33/100
|-ability|p1a: Corviknight|Pressure
|move|p2a: Mikido|Protect||[still]
|-fail|p2a: Mikido
|
|-heal|p2a: Mikido|72/100 tox|[from] ability: Poison Heal
|upkeep
|turn|25
|
|t:|1779878529
|move|p2a: Mikido|U-turn|p1a: Corviknight
|-resisted|p1a: Corviknight
|-crit|p1a: Corviknight
|-damage|p1a: Corviknight|29/100
|
|t:|1779878534
|switch|p2a: Jae|Espeon, M|100/100|[from] U-turn
|-damage|p2a: Jae|88/100|[from] Stealth Rock
|move|p1a: Corviknight|Roost|p1a: Corviknight
|-heal|p1a: Corviknight|79/100
|-singleturn|p1a: Corviknight|move: Roost
|
|upkeep
|turn|26
|
|t:|1779878548
|move|p2a: Jae|Psychic|p1a: Corviknight
|-resisted|p1a: Corviknight
|-damage|p1a: Corviknight|55/100
|move|p1a: Corviknight|Roost|p1a: Corviknight
|-heal|p1a: Corviknight|100/100
|-singleturn|p1a: Corviknight|move: Roost
|
|upkeep
|turn|27
|
|t:|1779878564
|move|p2a: Jae|Psychic|p1a: Corviknight
|-resisted|p1a: Corviknight
|-damage|p1a: Corviknight|78/100
|move|p1a: Corviknight|U-turn|p2a: Jae
|-supereffective|p2a: Jae
|-damage|p2a: Jae|38/100
|
|t:|1779878575
|switch|p1a: Ogerpon|Ogerpon-Teal-Tera, F, tera:Grass|65/100 tox|[from] U-turn
|-ability|p1a: Ogerpon|Embody Aspect (Teal)|boost
|-boost|p1a: Ogerpon|spe|1
|
|-damage|p1a: Ogerpon|59/100 tox|[from] psn
|upkeep
|turn|28
|-message|JGLoryOG forfeited.
|
|win|claudechamp
|raw|claudechamp's rating: 1220 &rarr; <strong>1245</strong><br />(+25 for winning)
|raw|JGLoryOG's rating: 1221 &rarr; <strong>1196</strong><br />(-25 for losing)
|l|☆JGLoryOG
|player|p2|
|c|☆claudechamp|gg
