|j|☆YUUMI_MI_ESPOSA
|j|☆companydream
|t:|1779888743
|gametype|singles
|player|p1|YUUMI_MI_ESPOSA|101|1126
|player|p2|companydream|bugcatcher-gen4dp|1133
|gen|9
|tier|[Gen 9] OU
|rated|
|rule|HP Percentage Mod: HP is shown in percentages
|rule|Endless Battle Clause: Forcing endless battles is banned
|rule|Species Clause: Limit one of each Pokémon
|rule|OHKO Clause: OHKO moves are banned
|rule|Evasion Items Clause: Evasion items are banned
|rule|Evasion Moves Clause: Evasion moves are banned
|rule|Evasion Abilities Clause: Evasion abilities are banned
|rule|Sleep Moves Clause: Sleep-inducing moves are banned
|clearpoke
|poke|p1|Kleavor, F|
|poke|p1|Zapdos-Galar|
|poke|p1|Magmortar, M|
|poke|p1|Decidueye, M|
|poke|p1|Empoleon, M|
|poke|p1|Klefki, M|
|poke|p2|Garganacl, F|
|poke|p2|Darkrai|
|poke|p2|Great Tusk|
|poke|p2|Hatterene, F|
|poke|p2|Alomomola, M|
|poke|p2|Dragonite, M|
|teampreview
|inactive|Battle timer is ON: inactive players will automatically lose when time's up. (requested by companydream)
|
|t:|1779888761
|teamsize|p1|6
|teamsize|p2|6
|start
|switch|p1a: Empoleon|Empoleon, M|100/100
|switch|p2a: Great Tusk|Great Tusk|100/100
|-enditem|p2a: Great Tusk|Booster Energy
|-activate|p2a: Great Tusk|ability: Protosynthesis|[fromitem]
|-start|p2a: Great Tusk|protosynthesisatk
|turn|1
|
|t:|1779888776
|move|p2a: Great Tusk|Headlong Rush|p1a: Empoleon
|-supereffective|p1a: Empoleon
|-damage|p1a: Empoleon|0 fnt
|-unboost|p2a: Great Tusk|def|1
|-unboost|p2a: Great Tusk|spd|1
|faint|p1a: Empoleon
|
|upkeep
|inactive|YUUMI_MI_ESPOSA has 120 seconds left.
|
|t:|1779888813
|switch|p1a: Klefki|Klefki, M|100/100
|turn|2
|
|t:|1779888824
|move|p1a: Klefki|Reflect|p1a: Klefki
|-sidestart|p1: YUUMI_MI_ESPOSA|Reflect
|move|p2a: Great Tusk|Headlong Rush|p1a: Klefki
|-supereffective|p1a: Klefki
|-damage|p1a: Klefki|1/100
|-unboost|p2a: Great Tusk|def|1
|-unboost|p2a: Great Tusk|spd|1
|
|upkeep
|turn|3
|
|t:|1779888833
|move|p1a: Klefki|Light Screen|p1a: Klefki
|-sidestart|p1: YUUMI_MI_ESPOSA|move: Light Screen
|move|p2a: Great Tusk|Close Combat|p1a: Klefki
|-crit|p1a: Klefki
|-damage|p1a: Klefki|0 fnt
|-unboost|p2a: Great Tusk|def|1
|-unboost|p2a: Great Tusk|spd|1
|faint|p1a: Klefki
|
|upkeep
|inactive|YUUMI_MI_ESPOSA has 120 seconds left.
|
|t:|1779888843
|switch|p1a: Decidueye|Decidueye, M|100/100
|turn|4
|
|t:|1779888856
|-end|p2a: Great Tusk|Protosynthesis|[silent]
|switch|p2a: Hatterene|Hatterene, F|100/100
|move|p1a: Decidueye|Leaf Blade|p2a: Hatterene
|-damage|p2a: Hatterene|67/100
|
|upkeep
|turn|5
|
|t:|1779888869
|move|p1a: Decidueye|Shadow Sneak|p2a: Hatterene
|-supereffective|p2a: Hatterene
|-damage|p2a: Hatterene|31/100
|move|p2a: Hatterene|Nuzzle|p1a: Decidueye
|-resisted|p1a: Decidueye
|-damage|p1a: Decidueye|99/100
|-status|p1a: Decidueye|par
|
|upkeep
|turn|6
|
|t:|1779888877
|switch|p2a: Dragonite|Dragonite, M|100/100
|cant|p1a: Decidueye|par
|
|upkeep
|turn|7
|
|t:|1779888888
|switch|p1a: Magmortar|Magmortar, M|100/100
|move|p2a: Dragonite|Dragon Dance|p2a: Dragonite
|-boost|p2a: Dragonite|atk|1
|-boost|p2a: Dragonite|spe|1
|
|upkeep
|turn|8
|
|t:|1779888899
|switch|p2a: Garganacl|Garganacl, F|100/100
|move|p1a: Magmortar|Thunderbolt|p2a: Garganacl
|-damage|p2a: Garganacl|80/100
|
|-heal|p2a: Garganacl|86/100|[from] item: Leftovers
|upkeep
|turn|9
|
|t:|1779888911
|switch|p1a: Kleavor|Kleavor, F|100/100
|move|p2a: Garganacl|Stealth Rock|p1a: Kleavor
|-sidestart|p1: YUUMI_MI_ESPOSA|move: Stealth Rock
|
|-heal|p2a: Garganacl|92/100|[from] item: Leftovers
|-sideend|p1: YUUMI_MI_ESPOSA|Reflect
|upkeep
|turn|10
|
|t:|1779888923
|-terastallize|p1a: Kleavor|Bug
|move|p1a: Kleavor|Agility|p1a: Kleavor
|-boost|p1a: Kleavor|spe|2
|move|p2a: Garganacl|Salt Cure|p1a: Kleavor
|-supereffective|p1a: Kleavor
|-damage|p1a: Kleavor|68/100
|-start|p1a: Kleavor|Salt Cure
|
|-heal|p2a: Garganacl|98/100|[from] item: Leftovers
|-damage|p1a: Kleavor|55/100|[from] Salt Cure
|-sideend|p1: YUUMI_MI_ESPOSA|move: Light Screen
|upkeep
|turn|11
|
|t:|1779888938
|move|p1a: Kleavor|Close Combat|p2a: Garganacl
|-supereffective|p2a: Garganacl
|-crit|p2a: Garganacl
|-damage|p2a: Garganacl|0 fnt
|-unboost|p1a: Kleavor|def|1
|-unboost|p1a: Kleavor|spd|1
|faint|p2a: Garganacl
|
|-damage|p1a: Kleavor|43/100|[from] Salt Cure
|upkeep
|
|t:|1779888947
|switch|p2a: Alomomola|Alomomola, M|100/100
|turn|12
|
|t:|1779888953
|move|p1a: Kleavor|Fury Cutter|p2a: Alomomola
|-damage|p2a: Alomomola|77/100
|move|p2a: Alomomola|Scald|p1a: Kleavor
|-damage|p1a: Kleavor|10/100
|
|-damage|p1a: Kleavor|0 fnt|[from] Salt Cure
|faint|p1a: Kleavor
|upkeep
|
|t:|1779888963
|switch|p1a: Decidueye|Decidueye, M|99/100 par
|-damage|p1a: Decidueye|87/100 par|[from] Stealth Rock
|turn|13
|
|t:|1779888971
|switch|p2a: Dragonite|Dragonite, M|100/100
|cant|p1a: Decidueye|par
|
|upkeep
|turn|14
|
|t:|1779888978
|move|p2a: Dragonite|Dragon Dance|p2a: Dragonite
|-boost|p2a: Dragonite|atk|1
|-boost|p2a: Dragonite|spe|1
|move|p1a: Decidueye|Spirit Shackle|p2a: Dragonite
|-damage|p2a: Dragonite|76/100
|-activate|p2a: Dragonite|trapped
|
|upkeep
|turn|15
|-message|YUUMI_MI_ESPOSA forfeited.
|
|win|companydream
|raw|YUUMI_MI_ESPOSA's rating: 1126 &rarr; <strong>1102</strong><br />(-24 for losing)
|raw|companydream's rating: 1133 &rarr; <strong>1157</strong><br />(+24 for winning)
|l|☆YUUMI_MI_ESPOSA
|player|p1|
|l|☆companydream
|player|p2|
