|j|☆dragon_driller
|j|☆claudechamp
|t:|1779849193
|gametype|singles
|player|p1|dragon_driller|clown|1139
|player|p2|claudechamp|169|1150
|gen|9
|tier|[Gen 9] OU
|rated|
|rule|HP Percentage Mod: HP is shown in percentages
|rule|Endless Battle Clause: Forcing endless battles is banned
|rule|Species Clause: Limit one of each Pokémon
|rule|OHKO Clause: OHKO moves are banned
|rule|Evasion Items Clause: Evasion items are banned
|rule|Evasion Moves Clause: Evasion moves are banned
|rule|Evasion Abilities Clause: Evasion abilities are banned
|rule|Sleep Moves Clause: Sleep-inducing moves are banned
|clearpoke
|poke|p1|Glimmora, M|
|poke|p1|Toxapex, F|
|poke|p1|Ditto|
|poke|p1|Appletun, M|
|poke|p1|Garganacl, F|
|poke|p1|Drednaw, M|
|poke|p2|Gliscor, M|
|poke|p2|Ogerpon, F|
|poke|p2|Walking Wake|
|poke|p2|Blissey, F|
|poke|p2|Corviknight, F|
|poke|p2|Pecharunt|
|teampreview
|c|☆claudechamp|hf
|inactive|Battle timer is ON: inactive players will automatically lose when time's up. (requested by claudechamp)
|c|☆dragon_driller|gl
|
|t:|1779849209
|teamsize|p1|6
|teamsize|p2|6
|start
|switch|p1a: Victim #1|Glimmora, M|100/100
|switch|p2a: Gliscor|Gliscor, M|100/100
|turn|1
|
|t:|1779849218
|move|p2a: Gliscor|Spikes|p1a: Victim #1
|-sidestart|p1: dragon_driller|Spikes
|move|p1a: Victim #1|Toxic Spikes|p2a: Gliscor
|-sidestart|p2: claudechamp|move: Toxic Spikes
|
|-status|p2a: Gliscor|tox|[from] item: Toxic Orb
|upkeep
|turn|2
|
|t:|1779849225
|move|p2a: Gliscor|Spikes|p1a: Victim #1
|-sidestart|p1: dragon_driller|Spikes
|move|p1a: Victim #1|Spikes|p2a: Gliscor
|-sidestart|p2: claudechamp|Spikes
|
|upkeep
|turn|3
|
|t:|1779849228
|move|p2a: Gliscor|Earthquake|p1a: Victim #1
|-supereffective|p1a: Victim #1
|-enditem|p1a: Victim #1|Focus Sash
|-damage|p1a: Victim #1|1/100
|-activate|p1a: Victim #1|ability: Toxic Debris
|-sidestart|p2: claudechamp|move: Toxic Spikes
|move|p1a: Victim #1|Spikes|p2a: Gliscor
|-sidestart|p2: claudechamp|Spikes
|
|upkeep
|turn|4
|
|t:|1779849246
|switch|p1a: McShiften|Ditto, shiny|100/100
|-damage|p1a: McShiften|84/100|[from] Spikes
|-transform|p1a: McShiften|p2a: Gliscor|[from] ability: Imposter
|move|p2a: Gliscor|Spikes|p1a: McShiften
|-sidestart|p1: dragon_driller|Spikes
|
|upkeep
|turn|5
|
|t:|1779849256
|switch|p2a: Corviknight|Corviknight, F|100/100
|-ability|p2a: Corviknight|Pressure
|move|p1a: McShiften|Spikes|p2a: Corviknight
|-sidestart|p2: claudechamp|Spikes
|
|upkeep
|turn|6
|
|t:|1779849282
|move|p1a: McShiften|Spikes||[still]
|-fail|p1a: McShiften
|move|p2a: Corviknight|Body Press|p1a: McShiften
|-resisted|p1a: McShiften
|-damage|p1a: McShiften|71/100
|
|upkeep
|turn|7
|inactive|dragon_driller has 120 seconds left.
|
|t:|1779849299
|switch|p1a: Bitter bites|Appletun, M|100/100
|-damage|p1a: Bitter bites|75/100|[from] Spikes
|move|p2a: Corviknight|Body Press|p1a: Bitter bites
|-damage|p1a: Bitter bites|56/100
|
|upkeep
|turn|8
|
|t:|1779849306
|move|p2a: Corviknight|Body Press|p1a: Bitter bites
|-damage|p1a: Bitter bites|36/100
|-activate|p1a: Bitter bites|ability: Ripen
|-enditem|p1a: Bitter bites|Sitrus Berry|[eat]
|-heal|p1a: Bitter bites|86/100|[from] item: Sitrus Berry
|move|p1a: Bitter bites|Leech Seed|p2a: Corviknight
|-start|p2a: Corviknight|move: Leech Seed
|
|-damage|p2a: Corviknight|88/100|[from] Leech Seed|[of] p1a: Bitter bites
|-heal|p1a: Bitter bites|97/100|[silent]
|upkeep
|turn|9
|
|t:|1779849316
|move|p2a: Corviknight|U-turn|p1a: Bitter bites
|-supereffective|p1a: Bitter bites
|-damage|p1a: Bitter bites|78/100
|
|t:|1779849324
|switch|p2a: Ogerpon|Ogerpon, F|100/100|[from] U-turn
|move|p1a: Bitter bites|Recycle|p1a: Bitter bites
|-item|p1a: Bitter bites|Sitrus Berry|[from] move: Recycle
|
|upkeep
|turn|10
|
|t:|1779849345
|switch|p1a: Chompers|Drednaw, M|100/100
|-damage|p1a: Chompers|75/100|[from] Spikes
|move|p2a: Ogerpon|Knock Off|p1a: Chompers
|-damage|p1a: Chompers|48/100
|-enditem|p1a: Chompers|Wide Lens|[from] move: Knock Off|[of] p2a: Ogerpon
|
|upkeep
|turn|11
|
|t:|1779849354
|move|p2a: Ogerpon|Ivy Cudgel|p1a: Chompers
|-supereffective|p1a: Chompers
|-damage|p1a: Chompers|0 fnt
|faint|p1a: Chompers
|
|upkeep
|
|t:|1779849367
|switch|p1a: Toxic Love|Toxapex, F|100/100
|-damage|p1a: Toxic Love|75/100|[from] Spikes
|turn|12
|
|t:|1779849379
|move|p1a: Toxic Love|Baneful Bunker|p1a: Toxic Love
|-singleturn|p1a: Toxic Love|move: Protect
|move|p2a: Ogerpon|Knock Off|p1a: Toxic Love
|-activate|p1a: Toxic Love|move: Protect
|-status|p2a: Ogerpon|psn
|
|-heal|p1a: Toxic Love|82/100|[from] item: Leftovers
|-damage|p2a: Ogerpon|88/100 psn|[from] psn
|upkeep
|turn|13
|inactive|dragon_driller has 120 seconds left.
|
|t:|1779849409
|switch|p2a: Blissey|Blissey, F|100/100
|switch|p1a: Victim #1|Glimmora, M|1/100
|-damage|p1a: Victim #1|0 fnt|[from] Spikes
|faint|p1a: Victim #1
|
|upkeep
|
|t:|1779849424
|switch|p1a: Dried tears|Garganacl, F|100/100
|-damage|p1a: Dried tears|75/100|[from] Spikes
|turn|14
|
|t:|1779849428
|move|p2a: Blissey|Stealth Rock|p1a: Dried tears
|-sidestart|p1: dragon_driller|move: Stealth Rock
|move|p1a: Dried tears|Salt Cure|p2a: Blissey
|-damage|p2a: Blissey|86/100
|-start|p2a: Blissey|Salt Cure
|
|-heal|p1a: Dried tears|82/100|[from] item: Leftovers
|-damage|p2a: Blissey|74/100|[from] Salt Cure
|upkeep
|turn|15
|inactive|dragon_driller has 120 seconds left.
|
|t:|1779849437
|switch|p2a: Pecharunt|Pecharunt|100/100
|-sideend|p2: claudechamp|move: Toxic Spikes|[of] p2a: Pecharunt
|move|p1a: Dried tears|Iron Defense|p1a: Dried tears
|-boost|p1a: Dried tears|def|2
|
|-heal|p1a: Dried tears|88/100|[from] item: Leftovers
|upkeep
|turn|16
|inactive|dragon_driller has 120 seconds left.
|
|t:|1779849460
|move|p2a: Pecharunt|Malignant Chain|p1a: Dried tears
|-resisted|p1a: Dried tears
|-damage|p1a: Dried tears|77/100
|move|p1a: Dried tears|Salt Cure|p2a: Pecharunt
|-damage|p2a: Pecharunt|94/100
|-start|p2a: Pecharunt|Salt Cure
|
|-heal|p1a: Dried tears|83/100|[from] item: Leftovers
|-damage|p2a: Pecharunt|82/100|[from] Salt Cure
|upkeep
|turn|17
|
|t:|1779849473
|move|p2a: Pecharunt|Malignant Chain|p1a: Dried tears
|-resisted|p1a: Dried tears
|-damage|p1a: Dried tears|73/100
|move|p1a: Dried tears|Iron Defense|p1a: Dried tears
|-boost|p1a: Dried tears|def|2
|
|-heal|p1a: Dried tears|79/100|[from] item: Leftovers
|-damage|p2a: Pecharunt|69/100|[from] Salt Cure
|upkeep
|turn|18
|
|t:|1779849482
|move|p2a: Pecharunt|Foul Play|p1a: Dried tears
|-damage|p1a: Dried tears|74/100
|move|p1a: Dried tears|Iron Defense|p1a: Dried tears
|-boost|p1a: Dried tears|def|2
|
|-heal|p1a: Dried tears|80/100|[from] item: Leftovers
|-damage|p2a: Pecharunt|57/100|[from] Salt Cure
|upkeep
|turn|19
|inactive|dragon_driller has 120 seconds left.
|
|t:|1779849490
|move|p2a: Pecharunt|Recover|p2a: Pecharunt
|-heal|p2a: Pecharunt|100/100
|move|p1a: Dried tears|Salt Cure|p2a: Pecharunt
|-damage|p2a: Pecharunt|94/100
|
|-heal|p1a: Dried tears|86/100|[from] item: Leftovers
|-damage|p2a: Pecharunt|82/100|[from] Salt Cure
|upkeep
|turn|20
|inactive|dragon_driller has 120 seconds left.
|
|t:|1779849501
|move|p2a: Pecharunt|Malignant Chain|p1a: Dried tears
|-resisted|p1a: Dried tears
|-damage|p1a: Dried tears|75/100
|move|p1a: Dried tears|Salt Cure|p2a: Pecharunt
|-damage|p2a: Pecharunt|75/100
|
|-heal|p1a: Dried tears|82/100|[from] item: Leftovers
|-damage|p2a: Pecharunt|62/100|[from] Salt Cure
|upkeep
|turn|21
|inactive|dragon_driller has 120 seconds left.
|
|t:|1779849512
|move|p2a: Pecharunt|Recover|p2a: Pecharunt
|-heal|p2a: Pecharunt|100/100
|move|p1a: Dried tears|Salt Cure|p2a: Pecharunt
|-damage|p2a: Pecharunt|93/100
|
|-heal|p1a: Dried tears|88/100|[from] item: Leftovers
|-damage|p2a: Pecharunt|81/100|[from] Salt Cure
|upkeep
|turn|22
|inactive|dragon_driller has 120 seconds left.
|
|t:|1779849538
|move|p2a: Pecharunt|Malignant Chain|p1a: Dried tears
|-resisted|p1a: Dried tears
|-damage|p1a: Dried tears|77/100
|move|p1a: Dried tears|Salt Cure|p2a: Pecharunt
|-damage|p2a: Pecharunt|73/100
|
|-heal|p1a: Dried tears|83/100|[from] item: Leftovers
|-damage|p2a: Pecharunt|61/100|[from] Salt Cure
|upkeep
|turn|23
|
|t:|1779849547
|move|p1a: Dried tears|Protect|p1a: Dried tears
|-singleturn|p1a: Dried tears|Protect
|move|p2a: Pecharunt|Recover|p2a: Pecharunt
|-heal|p2a: Pecharunt|100/100
|
|-heal|p1a: Dried tears|90/100|[from] item: Leftovers
|-damage|p2a: Pecharunt|88/100|[from] Salt Cure
|upkeep
|turn|24
|
|t:|1779849555
|switch|p2a: Blissey|Blissey, F|74/100
|move|p1a: Dried tears|Salt Cure|p2a: Blissey
|-damage|p2a: Blissey|59/100
|-start|p2a: Blissey|Salt Cure
|
|-heal|p1a: Dried tears|96/100|[from] item: Leftovers
|-damage|p2a: Blissey|47/100|[from] Salt Cure
|upkeep
|turn|25
|inactive|dragon_driller has 120 seconds left.
|
|t:|1779849565
|move|p1a: Dried tears|Protect|p1a: Dried tears
|-singleturn|p1a: Dried tears|Protect
|move|p2a: Blissey|Soft-Boiled|p2a: Blissey
|-heal|p2a: Blissey|97/100
|
|-heal|p1a: Dried tears|100/100|[from] item: Leftovers
|-damage|p2a: Blissey|84/100|[from] Salt Cure
|upkeep
|turn|26
|inactive|dragon_driller has 120 seconds left.
|
|t:|1779849577
|move|p2a: Blissey|Seismic Toss|p1a: Dried tears
|-damage|p1a: Dried tears|76/100
|move|p1a: Dried tears|Salt Cure|p2a: Blissey
|-damage|p2a: Blissey|70/100
|
|-heal|p1a: Dried tears|82/100|[from] item: Leftovers
|-damage|p2a: Blissey|57/100|[from] Salt Cure
|upkeep
|turn|27
|inactive|dragon_driller has 120 seconds left.
|
|t:|1779849599
|move|p2a: Blissey|Soft-Boiled|p2a: Blissey
|-heal|p2a: Blissey|100/100
|move|p1a: Dried tears|Salt Cure|p2a: Blissey
|-damage|p2a: Blissey|85/100
|
|-heal|p1a: Dried tears|88/100|[from] item: Leftovers
|-damage|p2a: Blissey|73/100|[from] Salt Cure
|upkeep
|turn|28
|
|t:|1779849608
|move|p1a: Dried tears|Protect|p1a: Dried tears
|-singleturn|p1a: Dried tears|Protect
|move|p2a: Blissey|Seismic Toss|p1a: Dried tears
|-activate|p1a: Dried tears|move: Protect
|
|-heal|p1a: Dried tears|94/100|[from] item: Leftovers
|-damage|p2a: Blissey|60/100|[from] Salt Cure
|upkeep
|turn|29
|
|t:|1779849617
|move|p2a: Blissey|Soft-Boiled|p2a: Blissey
|-heal|p2a: Blissey|100/100
|move|p1a: Dried tears|Iron Defense|p1a: Dried tears
|-boost|p1a: Dried tears|def|0
|
|-heal|p1a: Dried tears|100/100|[from] item: Leftovers
|-damage|p2a: Blissey|88/100|[from] Salt Cure
|upkeep
|turn|30
|inactive|dragon_driller has 120 seconds left.
|
|t:|1779849632
|move|p2a: Blissey|Seismic Toss|p1a: Dried tears
|-damage|p1a: Dried tears|76/100
|move|p1a: Dried tears|Iron Defense|p1a: Dried tears
|-boost|p1a: Dried tears|def|0
|
|-heal|p1a: Dried tears|82/100|[from] item: Leftovers
|-damage|p2a: Blissey|76/100|[from] Salt Cure
|upkeep
|turn|31
|inactive|dragon_driller has 120 seconds left.
|
|t:|1779849645
|move|p2a: Blissey|Seismic Toss|p1a: Dried tears
|-damage|p1a: Dried tears|57/100
|move|p1a: Dried tears|Iron Defense|p1a: Dried tears
|-boost|p1a: Dried tears|def|0
|
|-heal|p1a: Dried tears|63/100|[from] item: Leftovers
|-damage|p2a: Blissey|63/100|[from] Salt Cure
|upkeep
|turn|32
|
|t:|1779849662
|switch|p2a: Pecharunt|Pecharunt|88/100
|move|p1a: Dried tears|Recover|p1a: Dried tears
|-heal|p1a: Dried tears|100/100
|
|upkeep
|turn|33
|
|t:|1779849671
|switch|p2a: Blissey|Blissey, F|63/100
|move|p1a: Dried tears|Salt Cure|p2a: Blissey
|-damage|p2a: Blissey|48/100
|-start|p2a: Blissey|Salt Cure
|
|-damage|p2a: Blissey|36/100|[from] Salt Cure
|upkeep
|turn|34
|
|t:|1779849679
|move|p2a: Blissey|Seismic Toss|p1a: Dried tears
|-damage|p1a: Dried tears|76/100
|move|p1a: Dried tears|Iron Defense|p1a: Dried tears
|-boost|p1a: Dried tears|def|0
|
|-heal|p1a: Dried tears|82/100|[from] item: Leftovers
|-damage|p2a: Blissey|24/100|[from] Salt Cure
|upkeep
|turn|35
|
|t:|1779849696
|switch|p2a: Pecharunt|Pecharunt|88/100
|move|p1a: Dried tears|Salt Cure|p2a: Pecharunt
|-damage|p2a: Pecharunt|81/100
|-start|p2a: Pecharunt|Salt Cure
|
|-heal|p1a: Dried tears|88/100|[from] item: Leftovers
|-damage|p2a: Pecharunt|69/100|[from] Salt Cure
|upkeep
|turn|36
|
|t:|1779849705
|move|p2a: Pecharunt|Recover|p2a: Pecharunt
|-heal|p2a: Pecharunt|100/100
|move|p1a: Dried tears|Iron Defense|p1a: Dried tears
|-boost|p1a: Dried tears|def|0
|
|-heal|p1a: Dried tears|94/100|[from] item: Leftovers
|-damage|p2a: Pecharunt|88/100|[from] Salt Cure
|upkeep
|turn|37
|
|t:|1779849717
|move|p2a: Pecharunt|Malignant Chain|p1a: Dried tears
|-resisted|p1a: Dried tears
|-crit|p1a: Dried tears
|-damage|p1a: Dried tears|78/100
|move|p1a: Dried tears|Salt Cure|p2a: Pecharunt
|-damage|p2a: Pecharunt|81/100
|
|-heal|p1a: Dried tears|84/100|[from] item: Leftovers
|-damage|p2a: Pecharunt|69/100|[from] Salt Cure
|upkeep
|turn|38
|
|t:|1779849734
|move|p2a: Pecharunt|Recover|p2a: Pecharunt
|-heal|p2a: Pecharunt|100/100
|move|p1a: Dried tears|Iron Defense|p1a: Dried tears
|-boost|p1a: Dried tears|def|0
|
|-heal|p1a: Dried tears|90/100|[from] item: Leftovers
|-damage|p2a: Pecharunt|88/100|[from] Salt Cure
|upkeep
|turn|39
|
|t:|1779849747
|move|p2a: Pecharunt|Malignant Chain|p1a: Dried tears
|-resisted|p1a: Dried tears
|-damage|p1a: Dried tears|81/100
|move|p1a: Dried tears|Salt Cure|p2a: Pecharunt
|-damage|p2a: Pecharunt|82/100
|
|-heal|p1a: Dried tears|87/100|[from] item: Leftovers
|-damage|p2a: Pecharunt|69/100|[from] Salt Cure
|upkeep
|turn|40
|
|t:|1779849762
|move|p2a: Pecharunt|Recover|p2a: Pecharunt
|-heal|p2a: Pecharunt|100/100
|move|p1a: Dried tears|Iron Defense|p1a: Dried tears
|-boost|p1a: Dried tears|def|0
|
|-heal|p1a: Dried tears|93/100|[from] item: Leftovers
|-damage|p2a: Pecharunt|88/100|[from] Salt Cure
|upkeep
|turn|41
|
|t:|1779849778
|move|p1a: Dried tears|Protect|p1a: Dried tears
|-singleturn|p1a: Dried tears|Protect
|move|p2a: Pecharunt|Malignant Chain|p1a: Dried tears
|-activate|p1a: Dried tears|move: Protect
|
|-heal|p1a: Dried tears|99/100|[from] item: Leftovers
|-damage|p2a: Pecharunt|76/100|[from] Salt Cure
|upkeep
|turn|42
|
|t:|1779849787
|move|p2a: Pecharunt|Parting Shot|p1a: Dried tears
|-unboost|p1a: Dried tears|atk|1
|-unboost|p1a: Dried tears|spa|1
|
|t:|1779849794
|switch|p2a: Blissey|Blissey, F|24/100|[from] Parting Shot
|move|p1a: Dried tears|Iron Defense|p1a: Dried tears
|-boost|p1a: Dried tears|def|0
|
|-heal|p1a: Dried tears|100/100|[from] item: Leftovers
|upkeep
|turn|43
|
|t:|1779849806
|-terastallize|p2a: Blissey|Dark
|move|p2a: Blissey|Seismic Toss|p1a: Dried tears
|-damage|p1a: Dried tears|76/100
|move|p1a: Dried tears|Salt Cure|p2a: Blissey
|-damage|p2a: Blissey|15/100
|-start|p2a: Blissey|Salt Cure
|
|-heal|p1a: Dried tears|82/100|[from] item: Leftovers
|-damage|p2a: Blissey|2/100|[from] Salt Cure
|upkeep
|turn|44
|
|t:|1779849826
|move|p1a: Dried tears|Protect|p1a: Dried tears
|-singleturn|p1a: Dried tears|Protect
|move|p2a: Blissey|Soft-Boiled|p2a: Blissey
|-heal|p2a: Blissey|52/100
|
|-heal|p1a: Dried tears|88/100|[from] item: Leftovers
|-damage|p2a: Blissey|40/100|[from] Salt Cure
|upkeep
|turn|45
|
|t:|1779849834
|move|p2a: Blissey|Seismic Toss|p1a: Dried tears
|-damage|p1a: Dried tears|63/100
|move|p1a: Dried tears|Salt Cure|p2a: Blissey
|-damage|p2a: Blissey|31/100
|
|-heal|p1a: Dried tears|70/100|[from] item: Leftovers
|-damage|p2a: Blissey|18/100|[from] Salt Cure
|upkeep
|turn|46
|
|t:|1779849857
|switch|p2a: Pecharunt|Pecharunt|76/100
|move|p1a: Dried tears|Recover|p1a: Dried tears
|-heal|p1a: Dried tears|100/100
|
|upkeep
|turn|47
|
|t:|1779849868
|move|p2a: Pecharunt|Recover|p2a: Pecharunt
|-heal|p2a: Pecharunt|100/100
|move|p1a: Dried tears|Salt Cure|p2a: Pecharunt
|-damage|p2a: Pecharunt|96/100
|-start|p2a: Pecharunt|Salt Cure
|
|-damage|p2a: Pecharunt|84/100|[from] Salt Cure
|upkeep
|turn|48
|
|t:|1779849876
|move|p2a: Pecharunt|Malignant Chain|p1a: Dried tears
|-resisted|p1a: Dried tears
|-damage|p1a: Dried tears|91/100
|move|p1a: Dried tears|Iron Defense|p1a: Dried tears
|-boost|p1a: Dried tears|def|0
|
|-heal|p1a: Dried tears|97/100|[from] item: Leftovers
|-damage|p2a: Pecharunt|72/100|[from] Salt Cure
|upkeep
|turn|49
|
|t:|1779849891
|move|p2a: Pecharunt|Recover|p2a: Pecharunt
|-heal|p2a: Pecharunt|100/100
|move|p1a: Dried tears|Salt Cure|p2a: Pecharunt
|-damage|p2a: Pecharunt|96/100
|
|-heal|p1a: Dried tears|100/100|[from] item: Leftovers
|-damage|p2a: Pecharunt|84/100|[from] Salt Cure
|upkeep
|turn|50
|
|t:|1779849901
|move|p2a: Pecharunt|Foul Play|p1a: Dried tears
|-damage|p1a: Dried tears|98/100
|move|p1a: Dried tears|Iron Defense|p1a: Dried tears
|-boost|p1a: Dried tears|def|0
|
|-heal|p1a: Dried tears|100/100|[from] item: Leftovers
|-damage|p2a: Pecharunt|72/100|[from] Salt Cure
|upkeep
|turn|51
|
|t:|1779849913
|move|p1a: Dried tears|Protect|p1a: Dried tears
|-singleturn|p1a: Dried tears|Protect
|move|p2a: Pecharunt|Foul Play|p1a: Dried tears
|-activate|p1a: Dried tears|move: Protect
|
|-damage|p2a: Pecharunt|59/100|[from] Salt Cure
|upkeep
|turn|52
|
|t:|1779849923
|switch|p2a: Gliscor|Gliscor, M|100/100 tox
|move|p1a: Dried tears|Iron Defense|p1a: Dried tears
|-boost|p1a: Dried tears|def|0
|
|upkeep
|turn|53
|
|t:|1779849937
|move|p2a: Gliscor|Earthquake|p1a: Dried tears
|-supereffective|p1a: Dried tears
|-damage|p1a: Dried tears|90/100
|move|p1a: Dried tears|Salt Cure|p2a: Gliscor
|-damage|p2a: Gliscor|93/100 tox
|-start|p2a: Gliscor|Salt Cure
|
|-heal|p1a: Dried tears|96/100|[from] item: Leftovers
|-heal|p2a: Gliscor|100/100 tox|[from] ability: Poison Heal
|-damage|p2a: Gliscor|88/100 tox|[from] Salt Cure
|upkeep
|turn|54
|
|t:|1779849952
|move|p1a: Dried tears|Protect|p1a: Dried tears
|-singleturn|p1a: Dried tears|Protect
|move|p2a: Gliscor|Earthquake|p1a: Dried tears
|-activate|p1a: Dried tears|move: Protect
|
|-heal|p1a: Dried tears|100/100|[from] item: Leftovers
|-heal|p2a: Gliscor|100/100 tox|[from] ability: Poison Heal
|-damage|p2a: Gliscor|88/100 tox|[from] Salt Cure
|upkeep
|turn|55
|
|t:|1779849964
|switch|p2a: Pecharunt|Pecharunt|59/100
|move|p1a: Dried tears|Iron Defense|p1a: Dried tears
|-boost|p1a: Dried tears|def|0
|
|upkeep
|turn|56
|
|t:|1779849972
|move|p2a: Pecharunt|Foul Play|p1a: Dried tears
|-damage|p1a: Dried tears|98/100
|move|p1a: Dried tears|Salt Cure|p2a: Pecharunt
|-damage|p2a: Pecharunt|54/100
|-start|p2a: Pecharunt|Salt Cure
|
|-heal|p1a: Dried tears|100/100|[from] item: Leftovers
|-damage|p2a: Pecharunt|42/100|[from] Salt Cure
|upkeep
|turn|57
|
|t:|1779849991
|move|p1a: Dried tears|Protect|p1a: Dried tears
|-singleturn|p1a: Dried tears|Protect
|move|p2a: Pecharunt|Foul Play|p1a: Dried tears
|-activate|p1a: Dried tears|move: Protect
|
|-damage|p2a: Pecharunt|30/100|[from] Salt Cure
|upkeep
|turn|58
|
|t:|1779849999
|switch|p2a: Gliscor|Gliscor, M|88/100 tox
|move|p1a: Dried tears|Iron Defense|p1a: Dried tears
|-boost|p1a: Dried tears|def|0
|
|-heal|p2a: Gliscor|100/100 tox|[from] ability: Poison Heal
|upkeep
|turn|59
|
|t:|1779850012
|move|p2a: Gliscor|Earthquake|p1a: Dried tears
|-supereffective|p1a: Dried tears
|-damage|p1a: Dried tears|90/100
|move|p1a: Dried tears|Salt Cure|p2a: Gliscor
|-damage|p2a: Gliscor|94/100 tox
|-start|p2a: Gliscor|Salt Cure
|
|-heal|p1a: Dried tears|96/100|[from] item: Leftovers
|-heal|p2a: Gliscor|100/100 tox|[from] ability: Poison Heal
|-damage|p2a: Gliscor|88/100 tox|[from] Salt Cure
|upkeep
|turn|60
|
|t:|1779850025
|move|p2a: Gliscor|Earthquake|p1a: Dried tears
|-supereffective|p1a: Dried tears
|-damage|p1a: Dried tears|84/100
|move|p1a: Dried tears|Iron Defense|p1a: Dried tears
|-boost|p1a: Dried tears|def|0
|
|-heal|p1a: Dried tears|91/100|[from] item: Leftovers
|-heal|p2a: Gliscor|100/100 tox|[from] ability: Poison Heal
|-damage|p2a: Gliscor|88/100 tox|[from] Salt Cure
|upkeep
|turn|61
|
|t:|1779850037
|move|p2a: Gliscor|Earthquake|p1a: Dried tears
|-supereffective|p1a: Dried tears
|-damage|p1a: Dried tears|80/100
|move|p1a: Dried tears|Iron Defense|p1a: Dried tears
|-boost|p1a: Dried tears|def|0
|
|-heal|p1a: Dried tears|86/100|[from] item: Leftovers
|-heal|p2a: Gliscor|100/100 tox|[from] ability: Poison Heal
|-damage|p2a: Gliscor|88/100 tox|[from] Salt Cure
|upkeep
|turn|62
|
|t:|1779850047
|move|p2a: Gliscor|Earthquake|p1a: Dried tears
|-supereffective|p1a: Dried tears
|-damage|p1a: Dried tears|75/100
|move|p1a: Dried tears|Iron Defense|p1a: Dried tears
|-boost|p1a: Dried tears|def|0
|
|-heal|p1a: Dried tears|81/100|[from] item: Leftovers
|-heal|p2a: Gliscor|100/100 tox|[from] ability: Poison Heal
|-damage|p2a: Gliscor|88/100 tox|[from] Salt Cure
|upkeep
|turn|63
|
|t:|1779850065
|move|p1a: Dried tears|Protect|p1a: Dried tears
|-singleturn|p1a: Dried tears|Protect
|move|p2a: Gliscor|Earthquake|p1a: Dried tears
|-activate|p1a: Dried tears|move: Protect
|
|-heal|p1a: Dried tears|87/100|[from] item: Leftovers
|-heal|p2a: Gliscor|100/100 tox|[from] ability: Poison Heal
|-damage|p2a: Gliscor|88/100 tox|[from] Salt Cure
|upkeep
|turn|64
|
|t:|1779850084
|move|p2a: Gliscor|Protect|p2a: Gliscor
|-singleturn|p2a: Gliscor|Protect
|move|p1a: Dried tears|Iron Defense|p1a: Dried tears
|-boost|p1a: Dried tears|def|0
|
|-heal|p1a: Dried tears|94/100|[from] item: Leftovers
|-heal|p2a: Gliscor|100/100 tox|[from] ability: Poison Heal
|-damage|p2a: Gliscor|88/100 tox|[from] Salt Cure
|upkeep
|turn|65
|inactive|dragon_driller has 120 seconds left.
|
|t:|1779850110
|switch|p1a: Toxic Love|Toxapex, F|100/100
|-damage|p1a: Toxic Love|75/100|[from] Spikes
|-damage|p1a: Toxic Love|63/100|[from] Stealth Rock
|move|p2a: Gliscor|Earthquake|p1a: Toxic Love
|-supereffective|p1a: Toxic Love
|-damage|p1a: Toxic Love|16/100
|
|-heal|p1a: Toxic Love|22/100|[from] item: Leftovers
|-heal|p2a: Gliscor|100/100 tox|[from] ability: Poison Heal
|-damage|p2a: Gliscor|88/100 tox|[from] Salt Cure
|upkeep
|turn|66
|inactive|dragon_driller has 120 seconds left.
|
|t:|1779850124
|move|p2a: Gliscor|Earthquake|p1a: Toxic Love
|-supereffective|p1a: Toxic Love
|-damage|p1a: Toxic Love|0 fnt
|faint|p1a: Toxic Love
|
|-heal|p2a: Gliscor|100/100 tox|[from] ability: Poison Heal
|-damage|p2a: Gliscor|88/100 tox|[from] Salt Cure
|upkeep
|
|t:|1779850133
|switch|p1a: McShiften|Ditto, shiny|71/100
|-damage|p1a: McShiften|46/100|[from] Spikes
|-damage|p1a: McShiften|34/100|[from] Stealth Rock
|-transform|p1a: McShiften|p2a: Gliscor|[from] ability: Imposter
|turn|67
|inactive|dragon_driller has 120 seconds left.
|
|t:|1779850147
|switch|p2a: Ogerpon|Ogerpon, F|88/100 psn
|move|p1a: McShiften|Spikes||[still]
|-fail|p1a: McShiften
|
|-damage|p2a: Ogerpon|76/100 psn|[from] psn
|upkeep
|turn|68
|inactive|dragon_driller has 120 seconds left.
|
|t:|1779850159
|move|p2a: Ogerpon|Ivy Cudgel|p1a: McShiften
|-damage|p1a: McShiften|0 fnt
|faint|p1a: McShiften
|
|-damage|p2a: Ogerpon|64/100 psn|[from] psn
|upkeep
|inactive|dragon_driller has 120 seconds left.
|
|t:|1779850167
|switch|p1a: Bitter bites|Appletun, M|78/100
|-damage|p1a: Bitter bites|53/100|[from] Spikes
|-damage|p1a: Bitter bites|40/100|[from] Stealth Rock
|-activate|p1a: Bitter bites|ability: Ripen
|-enditem|p1a: Bitter bites|Sitrus Berry|[eat]
|-heal|p1a: Bitter bites|90/100|[from] item: Sitrus Berry
|turn|69
|
|t:|1779850184
|move|p2a: Ogerpon|U-turn|p1a: Bitter bites
|-supereffective|p1a: Bitter bites
|-damage|p1a: Bitter bites|57/100
|c|☆dragon_driller|gg nice number
|-message|dragon_driller forfeited.
|
|win|claudechamp
|raw|dragon_driller's rating: 1139 &rarr; <strong>1118</strong><br />(-21 for losing)
|raw|claudechamp's rating: 1196 &rarr; <strong>1217</strong><br />(+21 for winning)
|c|☆claudechamp|gg
|l|☆dragon_driller
|player|p1|
|l|☆claudechamp
|player|p2|
