|j|☆Kuevo92
|j|☆dglean
|t:|1779962472
|gametype|singles
|player|p1|Kuevo92|cyrus|1177
|player|p2|dglean|n|1125
|gen|9
|tier|[Gen 9] OU
|rated|
|rule|HP Percentage Mod: HP is shown in percentages
|rule|Endless Battle Clause: Forcing endless battles is banned
|rule|Species Clause: Limit one of each Pokémon
|rule|OHKO Clause: OHKO moves are banned
|rule|Evasion Items Clause: Evasion items are banned
|rule|Evasion Moves Clause: Evasion moves are banned
|rule|Evasion Abilities Clause: Evasion abilities are banned
|rule|Sleep Moves Clause: Sleep-inducing moves are banned
|clearpoke
|poke|p1|Gyarados, F|
|poke|p1|Clodsire, F|
|poke|p1|Hippowdon, F|
|poke|p1|Excadrill, M|
|poke|p1|Keldeo-Resolute|
|poke|p1|Lokix, M|
|poke|p2|Dragonite, M|
|poke|p2|Greninja-*, M|
|poke|p2|Zapdos|
|poke|p2|Kingambit, F|
|poke|p2|Infernape, F|
|poke|p2|Breloom, M|
|teampreview
|inactive|Battle timer is ON: inactive players will automatically lose when time's up. (requested by Kuevo92)
|
|t:|1779962475
|teamsize|p1|6
|teamsize|p2|6
|start
|switch|p1a: Lokix|Lokix, M|100/100
|switch|p2a: Luigi|Breloom, M|100/100
|turn|1
|
|t:|1779962486
|move|p1a: Lokix|First Impression|p2a: Luigi
|-damage|p2a: Luigi|11/100
|-damage|p1a: Lokix|91/100|[from] item: Life Orb
|move|p2a: Luigi|Rock Tomb|p1a: Lokix
|-supereffective|p1a: Lokix
|-damage|p1a: Lokix|18/100
|-unboost|p1a: Lokix|spe|1
|
|upkeep
|turn|2
|
|t:|1779962502
|switch|p1a: Gyarados|Gyarados, F|100/100
|move|p2a: Luigi|Mach Punch|p1a: Gyarados
|-resisted|p1a: Gyarados
|-damage|p1a: Gyarados|79/100
|
|upkeep
|turn|3
|
|t:|1779962526
|move|p2a: Luigi|Rock Tomb|p1a: Gyarados
|-supereffective|p1a: Gyarados
|-damage|p1a: Gyarados|0 fnt
|faint|p1a: Gyarados
|
|upkeep
|
|t:|1779962531
|switch|p1a: Lokix|Lokix, M|18/100
|turn|4
|
|t:|1779962534
|move|p1a: Lokix|First Impression|p2a: Luigi
|-damage|p2a: Luigi|0 fnt
|faint|p2a: Luigi
|-damage|p1a: Lokix|9/100|[from] item: Life Orb
|
|upkeep
|
|t:|1779962538
|switch|p2a: Blanket|Infernape, F, shiny|100/100
|turn|5
|
|t:|1779962557
|switch|p1a: Hippowdon|Hippowdon, F|100/100
|-weather|Sandstorm|[from] ability: Sand Stream|[of] p1a: Hippowdon
|move|p2a: Blanket|Overheat|p1a: Hippowdon
|-damage|p1a: Hippowdon|35/100
|-unboost|p2a: Blanket|spa|2
|
|-weather|Sandstorm|[upkeep]
|-damage|p2a: Blanket|94/100|[from] Sandstorm
|upkeep
|turn|6
|
|t:|1779962568
|move|p2a: Blanket|Grass Knot|p1a: Hippowdon
|-supereffective|p1a: Hippowdon
|-damage|p1a: Hippowdon|0 fnt
|-damage|p2a: Blanket|78/100|[from] item: Rocky Helmet|[of] p1a: Hippowdon
|faint|p1a: Hippowdon
|
|-weather|Sandstorm|[upkeep]
|-damage|p2a: Blanket|72/100|[from] Sandstorm
|upkeep
|inactive|Kuevo92 has 120 seconds left.
|
|t:|1779962599
|switch|p1a: Keldeo|Keldeo-Resolute|100/100
|turn|7
|
|t:|1779962609
|switch|p2a: Nacho|Zapdos|100/100
|move|p1a: Keldeo|Calm Mind|p1a: Keldeo
|-boost|p1a: Keldeo|spa|1
|-boost|p1a: Keldeo|spd|1
|
|-weather|Sandstorm|[upkeep]
|-damage|p1a: Keldeo|94/100|[from] Sandstorm
|-damage|p2a: Nacho|94/100|[from] Sandstorm
|-heal|p1a: Keldeo|100/100|[from] item: Leftovers
|upkeep
|turn|8
|inactive|Kuevo92 has 120 seconds left.
|
|t:|1779962637
|move|p1a: Keldeo|Calm Mind|p1a: Keldeo
|-boost|p1a: Keldeo|spa|1
|-boost|p1a: Keldeo|spd|1
|move|p2a: Nacho|Volt Switch|p1a: Keldeo
|-supereffective|p1a: Keldeo
|-damage|p1a: Keldeo|69/100
|
|t:|1779962642
|switch|p2a: Lance|Dragonite, M|100/100|[from] Volt Switch
|
|-weather|Sandstorm|[upkeep]
|-damage|p2a: Lance|94/100|[from] Sandstorm
|-damage|p1a: Keldeo|63/100|[from] Sandstorm
|-heal|p1a: Keldeo|69/100|[from] item: Leftovers
|upkeep
|turn|9
|
|t:|1779962649
|move|p2a: Lance|Earthquake|p1a: Keldeo
|-damage|p1a: Keldeo|28/100
|move|p1a: Keldeo|Icy Wind|p2a: Lance
|-supereffective|p2a: Lance
|-damage|p2a: Lance|0 fnt
|faint|p2a: Lance
|
|-weather|none
|-heal|p1a: Keldeo|34/100|[from] item: Leftovers
|upkeep
|
|t:|1779962659
|switch|p2a: Nacho|Zapdos|94/100
|turn|10
|inactive|Kuevo92 has 120 seconds left.
|
|t:|1779962694
|-terastallize|p1a: Keldeo|Water
|-terastallize|p2a: Nacho|Dark
|move|p1a: Keldeo|Surf|p2a: Nacho
|-damage|p2a: Nacho|0 fnt
|faint|p2a: Nacho
|
|-heal|p1a: Keldeo|40/100|[from] item: Leftovers
|upkeep
|
|t:|1779962703
|switch|p2a: Goat|Greninja, M|100/100
|turn|11
|inactive|Kuevo92 has 90 seconds left.
|
|t:|1779962752
|move|p2a: Goat|Dark Pulse|p1a: Keldeo
|-damage|p1a: Keldeo|14/100
|-ability|p1a: Keldeo|Justified|boost
|-boost|p1a: Keldeo|atk|1
|-damage|p2a: Goat|91/100|[from] item: Life Orb
|move|p1a: Keldeo|Secret Sword|p2a: Goat
|-supereffective|p2a: Goat
|-damage|p2a: Goat|0 fnt
|faint|p2a: Goat
|
|-heal|p1a: Keldeo|20/100|[from] item: Leftovers
|upkeep
|
|t:|1779962757
|switch|p2a: The King|Kingambit, F|100/100
|-activate|p2a: The King|ability: Supreme Overlord
|-start|p2a: The King|fallen4|[silent]
|turn|12
|
|t:|1779962783
|move|p2a: The King|Sucker Punch||[still]
|-fail|p2a: The King
|move|p1a: Keldeo|Calm Mind|p1a: Keldeo
|-boost|p1a: Keldeo|spa|1
|-boost|p1a: Keldeo|spd|1
|
|-heal|p1a: Keldeo|26/100|[from] item: Leftovers
|upkeep
|turn|13
|
|t:|1779962791
|move|p2a: The King|Sucker Punch|p1a: Keldeo
|-damage|p1a: Keldeo|0 fnt
|faint|p1a: Keldeo
|
|upkeep
|
|t:|1779962797
|switch|p1a: Lokix|Lokix, M|9/100
|turn|14
|
|t:|1779962810
|move|p1a: Lokix|First Impression|p2a: The King
|-damage|p2a: The King|55/100
|-damage|p1a: Lokix|0 fnt|[from] item: Life Orb
|faint|p1a: Lokix
|move|p2a: The King|Sucker Punch|p1: Lokix|[notarget]
|-fail|p2a: The King
|
|-heal|p2a: The King|61/100|[from] item: Leftovers
|upkeep
|
|t:|1779962836
|switch|p1a: Excadrill|Excadrill, M|100/100
|turn|15
|
|t:|1779962841
|move|p1a: Excadrill|Rapid Spin|p2a: The King
|-resisted|p2a: The King
|-damage|p2a: The King|51/100
|-boost|p1a: Excadrill|spe|1
|-damage|p1a: Excadrill|91/100|[from] item: Life Orb
|move|p2a: The King|Brick Break|p1a: Excadrill
|-supereffective|p1a: Excadrill
|-damage|p1a: Excadrill|0 fnt
|faint|p1a: Excadrill
|
|-heal|p2a: The King|57/100|[from] item: Leftovers
|upkeep
|c|☆Kuevo92|tf
|
|t:|1779962848
|switch|p1a: Clodsire|Clodsire, F|100/100
|turn|16
|
|t:|1779962859
|move|p2a: The King|Kowtow Cleave|p1a: Clodsire
|-damage|p1a: Clodsire|24/100
|move|p1a: Clodsire|Earthquake|p2a: The King
|-supereffective|p2a: The King
|-damage|p2a: The King|12/100
|
|-heal|p2a: The King|18/100|[from] item: Leftovers
|-heal|p1a: Clodsire|30/100|[from] item: Black Sludge
|upkeep
|turn|17
|inactive|Kuevo92 has 90 seconds left.
|
|t:|1779962868
|move|p2a: The King|Sucker Punch|p1a: Clodsire
|-damage|p1a: Clodsire|0 fnt
|faint|p1a: Clodsire
|
|win|dglean
|raw|Kuevo92's rating: 1159 &rarr; <strong>1132</strong><br />(-27 for losing)
|raw|dglean's rating: 1125 &rarr; <strong>1152</strong><br />(+27 for winning)
|c|☆dglean|gg
|c|☆Kuevo92|gg
|l|☆dglean
|player|p2|
|l|☆Kuevo92
|player|p1|
