|j|☆StormIsNotOmega
|j|☆ashmer06
|t:|1779871615
|gametype|singles
|player|p1|StormIsNotOmega|psychic-gen4|1403
|player|p2|ashmer06|102|1466
|gen|9
|tier|[Gen 9] OU
|rated|
|rule|HP Percentage Mod: HP is shown in percentages
|rule|Endless Battle Clause: Forcing endless battles is banned
|rule|Species Clause: Limit one of each Pokémon
|rule|OHKO Clause: OHKO moves are banned
|rule|Evasion Items Clause: Evasion items are banned
|rule|Evasion Moves Clause: Evasion moves are banned
|rule|Evasion Abilities Clause: Evasion abilities are banned
|rule|Sleep Moves Clause: Sleep-inducing moves are banned
|clearpoke
|poke|p1|Moltres|
|poke|p1|Clodsire, F|
|poke|p1|Gliscor, M|
|poke|p1|Hatterene, F|
|poke|p1|Dondozo, F|
|poke|p1|Weezing-Galar, M|
|poke|p2|Rillaboom, F|
|poke|p2|Conkeldurr, F|
|poke|p2|Iron Treads|
|poke|p2|Kingambit, F|
|poke|p2|Alomomola, M|
|poke|p2|Dragapult, F|
|teampreview
|inactive|Battle timer is ON: inactive players will automatically lose when time's up. (requested by StormIsNotOmega)
|
|t:|1779871635
|teamsize|p1|6
|teamsize|p2|6
|start
|switch|p1a: Gliscor|Gliscor, M|100/100
|switch|p2a: Conkeldurr|Conkeldurr, F|100/100
|turn|1
|
|t:|1779871658
|move|p1a: Gliscor|Knock Off|p2a: Conkeldurr
|-resisted|p2a: Conkeldurr
|-damage|p2a: Conkeldurr|91/100
|-enditem|p2a: Conkeldurr|Flame Orb|[from] move: Knock Off|[of] p1a: Gliscor
|move|p2a: Conkeldurr|Knock Off|p1a: Gliscor
|-damage|p1a: Gliscor|72/100
|-enditem|p1a: Gliscor|Toxic Orb|[from] move: Knock Off|[of] p2a: Conkeldurr
|
|upkeep
|turn|2
|
|t:|1779871668
|switch|p1a: Weezing|Weezing-Galar, M|100/100
|-ability|p1a: Weezing|Neutralizing Gas
|move|p2a: Conkeldurr|Knock Off|p1a: Weezing
|-resisted|p1a: Weezing
|-damage|p1a: Weezing|88/100
|-enditem|p1a: Weezing|Heavy-Duty Boots|[from] move: Knock Off|[of] p2a: Conkeldurr
|
|upkeep
|turn|3
|
|t:|1779871679
|switch|p2a: Iron Treads|Iron Treads|100/100
|move|p1a: Weezing|Will-O-Wisp|p2a: Iron Treads
|-status|p2a: Iron Treads|brn
|
|-damage|p2a: Iron Treads|94/100 brn|[from] brn
|upkeep
|turn|4
|
|t:|1779871689
|-end|p1a: Weezing|ability: Neutralizing Gas
|switch|p1a: Gliscor|Gliscor, M|72/100
|move|p2a: Iron Treads|Volt Switch|p1a: Gliscor
|-immune|p1a: Gliscor
|
|-heal|p2a: Iron Treads|100/100 brn|[from] item: Leftovers
|-damage|p2a: Iron Treads|94/100 brn|[from] brn
|upkeep
|turn|5
|
|t:|1779871699
|-end|p2a: Iron Treads|Quark Drive|[silent]
|switch|p2a: Rillaboom|Rillaboom, F|100/100
|-fieldstart|move: Grassy Terrain|[from] ability: Grassy Surge|[of] p2a: Rillaboom
|move|p1a: Gliscor|Knock Off|p2a: Rillaboom
|-crit|p2a: Rillaboom
|-damage|p2a: Rillaboom|64/100
|-enditem|p2a: Rillaboom|Choice Band|[from] move: Knock Off|[of] p1a: Gliscor
|
|-heal|p2a: Rillaboom|70/100|[from] Grassy Terrain
|upkeep
|turn|6
|
|t:|1779871708
|switch|p1a: Moltres|Moltres|100/100
|move|p2a: Rillaboom|Knock Off|p1a: Moltres
|-crit|p1a: Moltres
|-damage|p1a: Moltres|61/100
|-enditem|p1a: Moltres|Heavy-Duty Boots|[from] move: Knock Off|[of] p2a: Rillaboom
|
|-heal|p2a: Rillaboom|76/100|[from] Grassy Terrain
|upkeep
|turn|7
|
|t:|1779871716
|switch|p2a: Alomomola|Alomomola, M|100/100
|move|p1a: Moltres|Roost|p1a: Moltres
|-heal|p1a: Moltres|100/100
|-singleturn|p1a: Moltres|move: Roost
|
|upkeep
|turn|8
|
|t:|1779871725
|switch|p1a: Hatterene|Hatterene, F|100/100
|move|p2a: Alomomola|Flip Turn|p1a: Hatterene
|-damage|p1a: Hatterene|88/100
|
|t:|1779871732
|switch|p2a: Dragapult|Dragapult, F|100/100|[from] Flip Turn
|
|-heal|p1a: Hatterene|94/100|[from] Grassy Terrain
|-heal|p1a: Hatterene|99/100|[from] item: Leftovers
|upkeep
|turn|9
|
|t:|1779871740
|-terastallize|p1a: Hatterene|Water
|move|p2a: Dragapult|Shadow Ball|p1a: Hatterene
|-damage|p1a: Hatterene|45/100
|move|p1a: Hatterene|Calm Mind|p1a: Hatterene
|-boost|p1a: Hatterene|spa|1
|-boost|p1a: Hatterene|spd|1
|
|-heal|p1a: Hatterene|51/100|[from] Grassy Terrain
|-heal|p1a: Hatterene|57/100|[from] item: Leftovers
|-fieldend|move: Grassy Terrain
|upkeep
|turn|10
|
|t:|1779871750
|switch|p2a: Rillaboom|Rillaboom, F|76/100
|-fieldstart|move: Grassy Terrain|[from] ability: Grassy Surge|[of] p2a: Rillaboom
|move|p1a: Hatterene|Draining Kiss|p2a: Rillaboom
|-damage|p2a: Rillaboom|28/100
|-heal|p1a: Hatterene|95/100|[from] drain|[of] p2a: Rillaboom
|
|-heal|p2a: Rillaboom|34/100|[from] Grassy Terrain
|-heal|p1a: Hatterene|100/100|[from] Grassy Terrain
|upkeep
|turn|11
|
|t:|1779871760
|switch|p1a: Moltres|Moltres|100/100
|move|p2a: Rillaboom|U-turn|p1a: Moltres
|-resisted|p1a: Moltres
|-damage|p1a: Moltres|96/100
|
|t:|1779871764
|switch|p2a: Alomomola|Alomomola, M|100/100|[from] U-turn
|
|upkeep
|turn|12
|-message|StormIsNotOmega forfeited.
|
|win|ashmer06
|raw|StormIsNotOmega's rating: 1403 &rarr; <strong>1387</strong><br />(-16 for losing)
|raw|ashmer06's rating: 1466 &rarr; <strong>1482</strong><br />(+16 for winning)
|l|☆StormIsNotOmega
|player|p1|
|l|☆ashmer06
|player|p2|
