|j|☆baakrisht
|j|☆LeoXMuio
|t:|1779949347
|gametype|singles
|player|p1|baakrisht|170|1246
|player|p2|LeoXMuio|clown|1212
|gen|9
|tier|[Gen 9] OU
|rated|
|rule|HP Percentage Mod: HP is shown in percentages
|rule|Endless Battle Clause: Forcing endless battles is banned
|rule|Species Clause: Limit one of each Pokémon
|rule|OHKO Clause: OHKO moves are banned
|rule|Evasion Items Clause: Evasion items are banned
|rule|Evasion Moves Clause: Evasion moves are banned
|rule|Evasion Abilities Clause: Evasion abilities are banned
|rule|Sleep Moves Clause: Sleep-inducing moves are banned
|clearpoke
|poke|p1|Espeon, F|
|poke|p1|Goodra, F|
|poke|p1|Weezing-Galar, M|
|poke|p1|Orthworm, F|
|poke|p1|Suicune|
|poke|p1|Muk-Alola, M|
|poke|p2|Charjabug, M|
|poke|p2|Cinderace, F|
|poke|p2|Alomomola, F|
|poke|p2|Serperior, F|
|poke|p2|Kingambit, M|
|poke|p2|Milotic, M|
|teampreview
|
|t:|1779949357
|teamsize|p1|6
|teamsize|p2|6
|start
|switch|p1a: बिलाई मौसी|Espeon, F|100/100
|switch|p2a: 走不了|Charjabug, M, shiny|100/100
|turn|1
|
|t:|1779949362
|move|p1a: बिलाई मौसी|Psychic|p2a: 走不了
|-damage|p2a: 走不了|63/100
|move|p2a: 走不了|Sticky Web|p1a: बिलाई मौसी
|move|p1a: बिलाई मौसी|Sticky Web|p2a: 走不了|[from] ability: Magic Bounce
|-sidestart|p2: LeoXMuio|move: Sticky Web
|
|upkeep
|turn|2
|
|t:|1779949369
|move|p1a: बिलाई मौसी|Psychic|p2a: 走不了
|-damage|p2a: 走不了|27/100
|move|p2a: 走不了|Volt Switch|p1a: बिलाई मौसी
|-damage|p1a: बिलाई मौसी|89/100
|
|t:|1779949375
|switch|p2a: 猜不对|Kingambit, M, shiny|100/100|[from] Volt Switch
|-activate|p2a: 猜不对|move: Sticky Web
|-unboost|p2a: 猜不对|spe|1
|-ability|p2a: 猜不对|Defiant|boost
|-boost|p2a: 猜不对|atk|2
|
|upkeep
|turn|3
|
|t:|1779949383
|switch|p1a: दील दो 💖|Orthworm, F|100/100
|move|p2a: 猜不对|Sucker Punch||[still]
|-fail|p2a: 猜不对
|
|upkeep
|turn|4
|
|t:|1779949393
|move|p1a: दील दो 💖|Iron Defense|p1a: दील दो 💖
|-boost|p1a: दील दो 💖|def|2
|move|p2a: 猜不对|Low Kick|p1a: दील दो 💖
|-supereffective|p1a: दील दो 💖
|-damage|p1a: दील दो 💖|52/100
|
|-heal|p1a: दील दो 💖|58/100|[from] item: Leftovers
|upkeep
|turn|5
|
|t:|1779949403
|switch|p2a: 打不动|Alomomola, F|100/100
|-activate|p2a: 打不动|move: Sticky Web
|-unboost|p2a: 打不动|spe|1
|move|p1a: दील दो 💖|Body Press|p2a: 打不动
|-damage|p2a: 打不动|67/100
|-damage|p1a: दील दो 💖|42/100|[from] item: Rocky Helmet|[of] p2a: 打不动
|
|-heal|p1a: दील दो 💖|48/100|[from] item: Leftovers
|upkeep
|turn|6
|
|t:|1779949413
|move|p1a: दील दो 💖|Body Press|p2a: 打不动
|-damage|p2a: 打不动|33/100
|-damage|p1a: दील दो 💖|31/100|[from] item: Rocky Helmet|[of] p2a: 打不动
|move|p2a: 打不动|Wish|p2a: 打不动
|
|-heal|p1a: दील दो 💖|37/100|[from] item: Leftovers
|upkeep
|turn|7
|
|t:|1779949421
|move|p2a: 打不动|Protect|p2a: 打不动
|-singleturn|p2a: 打不动|Protect
|move|p1a: दील दो 💖|Body Press|p2a: 打不动
|-activate|p2a: 打不动|move: Protect
|
|-heal|p2a: 打不动|83/100|[from] move: Wish|[wisher] 打不动
|-heal|p1a: दील दो 💖|44/100|[from] item: Leftovers
|upkeep
|turn|8
|
|t:|1779949431
|move|p1a: दील दो 💖|Body Press|p2a: 打不动
|-damage|p2a: 打不动|46/100
|-damage|p1a: दील दो 💖|27/100|[from] item: Rocky Helmet|[of] p2a: 打不动
|move|p2a: 打不动|Wish|p2a: 打不动
|
|-heal|p1a: दील दो 💖|33/100|[from] item: Leftovers
|upkeep
|turn|9
|
|t:|1779949440
|move|p1a: दील दो 💖|Iron Defense|p1a: दील दो 💖
|-boost|p1a: दील दो 💖|def|2
|move|p2a: 打不动|Whirlpool|p1a: दील दो 💖|[miss]
|-miss|p2a: 打不动|p1a: दील दो 💖
|
|-heal|p2a: 打不动|96/100|[from] move: Wish|[wisher] 打不动
|-heal|p1a: दील दो 💖|39/100|[from] item: Leftovers
|upkeep
|turn|10
|
|t:|1779949451
|move|p1a: दील दो 💖|Iron Defense|p1a: दील दो 💖
|-boost|p1a: दील दो 💖|def|2
|move|p2a: 打不动|Wish|p2a: 打不动
|
|-heal|p1a: दील दो 💖|45/100|[from] item: Leftovers
|upkeep
|turn|11
|
|t:|1779949459
|move|p1a: दील दो 💖|Stealth Rock|p2a: 打不动
|-sidestart|p2: LeoXMuio|move: Stealth Rock
|move|p2a: 打不动|Whirlpool|p1a: दील दो 💖
|-damage|p1a: दील दो 💖|35/100
|-activate|p1a: दील दो 💖|move: Whirlpool|[of] p2a: 打不动
|
|-heal|p2a: 打不动|100/100|[from] move: Wish|[wisher] 打不动
|-heal|p1a: दील दो 💖|41/100|[from] item: Leftovers
|-damage|p1a: दील दो 💖|28/100|[from] move: Whirlpool|[partiallytrapped]
|upkeep
|turn|12
|
|t:|1779949470
|move|p1a: दील दो 💖|Body Press|p2a: 打不动
|-damage|p2a: 打不动|32/100
|-damage|p1a: दील दो 💖|12/100|[from] item: Rocky Helmet|[of] p2a: 打不动
|move|p2a: 打不动|Wish|p2a: 打不动
|
|-heal|p1a: दील दो 💖|18/100|[from] item: Leftovers
|-damage|p1a: दील दो 💖|5/100|[from] move: Whirlpool|[partiallytrapped]
|upkeep
|turn|13
|
|t:|1779949479
|move|p2a: 打不动|Protect|p2a: 打不动
|-singleturn|p2a: 打不动|Protect
|move|p1a: दील दो 💖|Body Press|p2a: 打不动
|-activate|p2a: 打不动|move: Protect
|
|-heal|p2a: 打不动|82/100|[from] move: Wish|[wisher] 打不动
|-heal|p1a: दील दो 💖|12/100|[from] item: Leftovers
|-damage|p1a: दील दो 💖|0 fnt|[from] move: Whirlpool|[partiallytrapped]
|faint|p1a: दील दो 💖
|upkeep
|
|t:|1779949482
|switch|p1a: लसलस|Goodra, F|100/100
|turn|14
|
|t:|1779949496
|move|p1a: लसलस|Rain Dance|p1a: लसलस
|-weather|RainDance
|move|p2a: 打不动|Flip Turn|p1a: लसलस
|-resisted|p1a: लसलस
|-damage|p1a: लसलस|86/100
|
|t:|1779949505
|switch|p2a: 读不到|Milotic, M|100/100|[from] Flip Turn
|-activate|p2a: 读不到|move: Sticky Web
|-unboost|p2a: 读不到|spe|1
|-ability|p2a: 读不到|Competitive|boost
|-boost|p2a: 读不到|spa|2
|-damage|p2a: 读不到|88/100|[from] Stealth Rock
|
|-weather|RainDance|[upkeep]
|-heal|p2a: 读不到|94/100|[from] item: Leftovers
|upkeep
|turn|15
|
|t:|1779949515
|switch|p1a: बिलाई मौसी|Espeon, F|89/100
|move|p2a: 读不到|Ice Beam|p1a: बिलाई मौसी
|-damage|p1a: बिलाई मौसी|49/100
|
|-weather|RainDance|[upkeep]
|-heal|p2a: 读不到|99/100|[from] item: Leftovers
|upkeep
|turn|16
|
|t:|1779949523
|move|p1a: बिलाई मौसी|Trick|p2a: 读不到
|-activate|p1a: बिलाई मौसी|move: Trick|[of] p2a: 读不到
|-item|p2a: 读不到|Choice Scarf|[from] move: Trick
|-item|p1a: बिलाई मौसी|Leftovers|[from] move: Trick
|move|p2a: 读不到|Surf|p1a: बिलाई मौसी
|-damage|p1a: बिलाई मौसी|0 fnt
|faint|p1a: बिलाई मौसी
|
|-weather|RainDance|[upkeep]
|upkeep
|
|t:|1779949528
|switch|p1a: कादो राज|Muk-Alola, M|100/100
|turn|17
|
|t:|1779949532
|move|p2a: 读不到|Surf|p1a: कादो राज
|-damage|p1a: कादो राज|22/100
|move|p1a: कादो राज|Haze|p1a: कादो राज
|-clearallboost
|
|-weather|RainDance|[upkeep]
|-heal|p1a: कादो राज|28/100|[from] item: Black Sludge
|upkeep
|turn|18
|
|t:|1779949540
|move|p2a: 读不到|Surf|p1a: कादो राज
|-damage|p1a: कादो राज|0 fnt
|faint|p1a: कादो राज
|
|-weather|RainDance|[upkeep]
|upkeep
|-message|baakrisht forfeited.
|
|win|LeoXMuio
|raw|baakrisht's rating: 1246 &rarr; <strong>1219</strong><br />(-27 for losing)
|raw|LeoXMuio's rating: 1212 &rarr; <strong>1239</strong><br />(+27 for winning)
|l|☆baakrisht
|player|p1|
|l|☆LeoXMuio
|player|p2|
