|j|☆Diluer le Sal
|j|☆frog221
|t:|1779860313
|gametype|singles
|player|p1|Diluer le Sal|waitress-gen4|1364
|player|p2|frog221|psychicf-gen3rs|1453
|gen|9
|tier|[Gen 9] OU
|rated|
|rule|HP Percentage Mod: HP is shown in percentages
|rule|Endless Battle Clause: Forcing endless battles is banned
|rule|Species Clause: Limit one of each Pokémon
|rule|OHKO Clause: OHKO moves are banned
|rule|Evasion Items Clause: Evasion items are banned
|rule|Evasion Moves Clause: Evasion moves are banned
|rule|Evasion Abilities Clause: Evasion abilities are banned
|rule|Sleep Moves Clause: Sleep-inducing moves are banned
|clearpoke
|poke|p1|Skeledirge, F|
|poke|p1|Cinderace, F|
|poke|p1|Cresselia, F|
|poke|p1|Ribombee, F|
|poke|p1|Empoleon, M|
|poke|p1|Kingambit, F|
|poke|p2|Hatterene, F|
|poke|p2|Ceruledge, F|
|poke|p2|Tornadus-Therian, M|
|poke|p2|Iron Treads|
|poke|p2|Ogerpon-Wellspring, F|
|poke|p2|Samurott-Hisui, F|
|teampreview
|inactive|Battle timer is ON: inactive players will automatically lose when time's up. (requested by Diluer le Sal)
|
|t:|1779860326
|teamsize|p1|6
|teamsize|p2|6
|start
|switch|p1a: Ribombee|Ribombee, F|100/100
|switch|p2a: Iron Treads|Iron Treads|100/100
|-item|p2a: Iron Treads|Air Balloon
|turn|1
|
|t:|1779860331
|-terastallize|p1a: Ribombee|Ghost
|move|p1a: Ribombee|Sticky Web|p2a: Iron Treads
|-sidestart|p2: frog221|move: Sticky Web
|move|p2a: Iron Treads|Rapid Spin|p1a: Ribombee
|-immune|p1a: Ribombee
|
|upkeep
|turn|2
|
|t:|1779860343
|move|p1a: Ribombee|Stun Spore|p2a: Iron Treads
|-status|p2a: Iron Treads|par
|cant|p2a: Iron Treads|par
|
|upkeep
|turn|3
|
|t:|1779860349
|move|p1a: Ribombee|Moonblast|p2a: Iron Treads
|-resisted|p2a: Iron Treads
|-crit|p2a: Iron Treads
|-damage|p2a: Iron Treads|57/100 par
|-enditem|p2a: Iron Treads|Air Balloon
|move|p2a: Iron Treads|Stealth Rock|p1a: Ribombee
|-sidestart|p1: Diluer le Sal|move: Stealth Rock
|
|upkeep
|turn|4
|
|t:|1779860369
|move|p1a: Ribombee|Moonblast|p2a: Iron Treads
|-resisted|p2a: Iron Treads
|-damage|p2a: Iron Treads|28/100 par
|move|p2a: Iron Treads|Earthquake|p1a: Ribombee
|-damage|p1a: Ribombee|9/100
|
|upkeep
|turn|5
|
|t:|1779860376
|-end|p2a: Iron Treads|Quark Drive|[silent]
|switch|p2a: Tornadus|Tornadus-Therian, M|100/100
|move|p1a: Ribombee|Moonblast|p2a: Tornadus
|-damage|p2a: Tornadus|75/100
|
|upkeep
|turn|6
|
|t:|1779860382
|move|p1a: Ribombee|Stun Spore|p2a: Tornadus
|-status|p2a: Tornadus|par
|cant|p2a: Tornadus|par
|
|upkeep
|turn|7
|
|t:|1779860384
|move|p1a: Ribombee|Moonblast|p2a: Tornadus
|-damage|p2a: Tornadus|46/100 par
|move|p2a: Tornadus|Knock Off|p1a: Ribombee
|-supereffective|p1a: Ribombee
|-damage|p1a: Ribombee|0 fnt
|-enditem|p1a: Ribombee|Focus Sash|[from] move: Knock Off|[of] p2a: Tornadus
|faint|p1a: Ribombee
|
|upkeep
|
|t:|1779860389
|switch|p1a: Cinderace|Cinderace, F|100/100
|turn|8
|
|t:|1779860394
|move|p1a: Cinderace|Pyro Ball|p2a: Tornadus
|-damage|p2a: Tornadus|0 fnt
|faint|p2a: Tornadus
|
|upkeep
|
|t:|1779860402
|switch|p2a: Samurott|Samurott-Hisui, F|100/100
|-activate|p2a: Samurott|move: Sticky Web
|-unboost|p2a: Samurott|spe|1
|turn|9
|
|t:|1779860406
|move|p1a: Cinderace|Will-O-Wisp|p2a: Samurott
|-status|p2a: Samurott|brn
|move|p2a: Samurott|Aqua Cutter|p1a: Cinderace
|-supereffective|p1a: Cinderace
|-damage|p1a: Cinderace|43/100
|
|-damage|p2a: Samurott|94/100 brn|[from] brn
|upkeep
|turn|10
|
|t:|1779860410
|move|p1a: Cinderace|Court Change|p1a: Cinderace
|-swapsideconditions
|-activate|p1a: Cinderace|move: Court Change
|move|p2a: Samurott|Aqua Cutter|p1a: Cinderace
|-supereffective|p1a: Cinderace
|-crit|p1a: Cinderace
|-damage|p1a: Cinderace|0 fnt
|faint|p1a: Cinderace
|
|-damage|p2a: Samurott|88/100 brn|[from] brn
|upkeep
|
|t:|1779860415
|switch|p1a: Empoleon|Empoleon, M|100/100
|-activate|p1a: Empoleon|move: Sticky Web
|-unboost|p1a: Empoleon|spe|1
|-ability|p1a: Empoleon|Competitive|boost
|-boost|p1a: Empoleon|spa|2
|turn|11
|
|t:|1779860418
|move|p1a: Empoleon|Vacuum Wave|p2a: Samurott
|-supereffective|p2a: Samurott
|-crit|p2a: Samurott
|-damage|p2a: Samurott|26/100 brn
|move|p2a: Samurott|Ceaseless Edge|p1a: Empoleon
|-damage|p1a: Empoleon|76/100
|-sidestart|p1: Diluer le Sal|Spikes
|
|-damage|p2a: Samurott|20/100 brn|[from] brn
|upkeep
|turn|12
|
|t:|1779860424
|move|p2a: Samurott|Sucker Punch|p1a: Empoleon
|-damage|p1a: Empoleon|61/100
|move|p1a: Empoleon|Vacuum Wave|p2a: Samurott
|-supereffective|p2a: Samurott
|-damage|p2a: Samurott|0 fnt
|faint|p2a: Samurott
|
|upkeep
|
|t:|1779860431
|switch|p2a: Iron Treads|Iron Treads|28/100 par
|-damage|p2a: Iron Treads|24/100 par|[from] Stealth Rock
|turn|13
|
|t:|1779860434
|move|p1a: Empoleon|Vacuum Wave|p2a: Iron Treads
|-supereffective|p2a: Iron Treads
|-damage|p2a: Iron Treads|0 fnt
|faint|p2a: Iron Treads
|-end|p2a: Iron Treads|Quark Drive|[silent]
|
|upkeep
|
|t:|1779860445
|switch|p2a: Ogerpon|Ogerpon-Wellspring, F|100/100
|-damage|p2a: Ogerpon|88/100|[from] Stealth Rock
|turn|14
|
|t:|1779860451
|-terastallize|p2a: Ogerpon|Water
|detailschange|p2a: Ogerpon|Ogerpon-Wellspring-Tera, F, tera:Water
|-ability|p2a: Ogerpon|Embody Aspect (Wellspring)|boost
|-boost|p2a: Ogerpon|spd|1
|move|p2a: Ogerpon|Swords Dance|p2a: Ogerpon
|-boost|p2a: Ogerpon|atk|2
|move|p1a: Empoleon|Ice Beam|p2a: Ogerpon
|-resisted|p2a: Ogerpon
|-damage|p2a: Ogerpon|63/100
|
|upkeep
|turn|15
|
|t:|1779860455
|move|p2a: Ogerpon|Horn Leech|p1a: Empoleon
|-damage|p1a: Empoleon|0 fnt
|-heal|p2a: Ogerpon|99/100|[from] drain|[of] p1a: Empoleon
|faint|p1a: Empoleon
|
|upkeep
|
|t:|1779860459
|switch|p1a: Cresselia|Cresselia, F|100/100
|turn|16
|
|t:|1779860464
|move|p2a: Ogerpon|Knock Off|p1a: Cresselia
|-supereffective|p1a: Cresselia
|-damage|p1a: Cresselia|19/100
|-enditem|p1a: Cresselia|Mental Herb|[from] move: Knock Off|[of] p2a: Ogerpon
|move|p1a: Cresselia|Trick Room|p1a: Cresselia
|-fieldstart|move: Trick Room|[of] p1a: Cresselia
|
|upkeep
|turn|17
|
|t:|1779860474
|switch|p2a: Hatterene|Hatterene, F|100/100
|-damage|p2a: Hatterene|88/100|[from] Stealth Rock
|move|p1a: Cresselia|Lunar Dance|p1a: Cresselia
|faint|p1a: Cresselia
|
|upkeep
|
|t:|1779860479
|switch|p1a: Kingambit|Kingambit, F|100/100
|-activate|p1a: Kingambit|move: Sticky Web
|-unboost|p1a: Kingambit|spe|1
|-ability|p1a: Kingambit|Defiant|boost
|-boost|p1a: Kingambit|atk|2
|-damage|p1a: Kingambit|88/100|[from] Spikes
|turn|18
|
|t:|1779860486
|move|p1a: Kingambit|Iron Head|p2a: Hatterene
|-supereffective|p2a: Hatterene
|-damage|p2a: Hatterene|0 fnt
|-damage|p1a: Kingambit|72/100|[from] item: Rocky Helmet|[of] p2a: Hatterene
|faint|p2a: Hatterene
|
|upkeep
|
|t:|1779860491
|switch|p2a: Ceruledge|Ceruledge, F|100/100
|-damage|p2a: Ceruledge|76/100|[from] Stealth Rock
|turn|19
|
|t:|1779860494
|move|p1a: Kingambit|Kowtow Cleave|p2a: Ceruledge
|-supereffective|p2a: Ceruledge
|-damage|p2a: Ceruledge|0 fnt
|faint|p2a: Ceruledge
|
|upkeep
|
|t:|1779860496
|switch|p2a: Ogerpon|Ogerpon-Wellspring-Tera, F, tera:Water|99/100
|-damage|p2a: Ogerpon|88/100|[from] Stealth Rock
|-ability|p2a: Ogerpon|Embody Aspect (Wellspring)|boost
|-boost|p2a: Ogerpon|spd|1
|turn|20
|
|t:|1779860497
|move|p1a: Kingambit|Kowtow Cleave|p2a: Ogerpon
|-damage|p2a: Ogerpon|0 fnt
|faint|p2a: Ogerpon
|detailschange|p2: Ogerpon|Ogerpon-Wellspring, F|[silent]
|
|win|Diluer le Sal
|raw|Diluer le Sal's rating: 1364 &rarr; <strong>1389</strong><br />(+25 for winning)
|raw|frog221's rating: 1453 &rarr; <strong>1428</strong><br />(-25 for losing)
|l|☆frog221
|player|p2|
|c|☆Diluer le Sal|Gg
|l|☆Diluer le Sal
|player|p1|
