|j|☆juancbas1234
|j|☆noob5445
|t:|1779951011
|gametype|singles
|player|p1|juancbas1234|266|1493
|player|p2|noob5445|hilbert|1541
|gen|9
|tier|[Gen 9] OU
|rated|
|rule|HP Percentage Mod: HP is shown in percentages
|rule|Endless Battle Clause: Forcing endless battles is banned
|rule|Species Clause: Limit one of each Pokémon
|rule|OHKO Clause: OHKO moves are banned
|rule|Evasion Items Clause: Evasion items are banned
|rule|Evasion Moves Clause: Evasion moves are banned
|rule|Evasion Abilities Clause: Evasion abilities are banned
|rule|Sleep Moves Clause: Sleep-inducing moves are banned
|clearpoke
|poke|p1|Ogerpon, F|
|poke|p1|Pecharunt|
|poke|p1|Zapdos|
|poke|p1|Great Tusk|
|poke|p1|Volcanion|
|poke|p1|Landorus-Therian, M|
|poke|p2|Gholdengo|
|poke|p2|Darkrai|
|poke|p2|Clefable, F|
|poke|p2|Ting-Lu|
|poke|p2|Dragonite, F|
|poke|p2|Pecharunt|
|teampreview
|inactive|Battle timer is ON: inactive players will automatically lose when time's up. (requested by noob5445)
|inactive|juancbas1234 has 120 seconds left.
|
|t:|1779951046
|teamsize|p1|6
|teamsize|p2|6
|start
|switch|p1a: Landorus|Landorus-Therian, M|100/100
|switch|p2a: Darkrai|Darkrai|100/100
|-ability|p1a: Landorus|Intimidate|boost
|-unboost|p2a: Darkrai|atk|1
|turn|1
|
|t:|1779951054
|move|p1a: Landorus|U-turn|p2a: Darkrai
|-supereffective|p2a: Darkrai
|-damage|p2a: Darkrai|27/100
|
|t:|1779951057
|switch|p1a: Volcanion|Volcanion|100/100|[from] U-turn
|move|p2a: Darkrai|Ice Beam|p1a: Volcanion
|-resisted|p1a: Volcanion
|-damage|p1a: Volcanion|95/100
|
|upkeep
|turn|2
|
|t:|1779951067
|switch|p2a: Pecharunt|Pecharunt|100/100
|move|p1a: Volcanion|Steam Eruption|p2a: Pecharunt
|-damage|p2a: Pecharunt|39/100
|
|upkeep
|turn|3
|
|t:|1779951081
|move|p2a: Pecharunt|Malignant Chain|p1a: Volcanion
|-damage|p1a: Volcanion|75/100
|move|p1a: Volcanion|Steam Eruption|p2a: Pecharunt
|-damage|p2a: Pecharunt|0 fnt
|faint|p2a: Pecharunt
|
|upkeep
|
|t:|1779951085
|switch|p2a: Clefable|Clefable, F|100/100
|turn|4
|
|t:|1779951097
|-terastallize|p1a: Volcanion|Poison
|move|p2a: Clefable|Calm Mind|p2a: Clefable
|-boost|p2a: Clefable|spa|1
|-boost|p2a: Clefable|spd|1
|move|p1a: Volcanion|Sludge Bomb|p2a: Clefable
|-supereffective|p2a: Clefable
|-damage|p2a: Clefable|31/100
|-status|p2a: Clefable|psn
|
|upkeep
|turn|5
|
|t:|1779951109
|-terastallize|p2a: Clefable|Water
|move|p2a: Clefable|Moonlight|p2a: Clefable
|-heal|p2a: Clefable|81/100 psn
|move|p1a: Volcanion|Sludge Bomb|p2a: Clefable
|-damage|p2a: Clefable|50/100 psn
|
|upkeep
|turn|6
|
|t:|1779951118
|switch|p1a: Ogerpon|Ogerpon, F|100/100
|move|p2a: Clefable|Moonlight|p2a: Clefable
|-heal|p2a: Clefable|99/100 psn
|
|upkeep
|turn|7
|
|t:|1779951126
|move|p1a: Ogerpon|Ivy Cudgel|p2a: Clefable
|-supereffective|p2a: Clefable
|-damage|p2a: Clefable|0 fnt
|faint|p2a: Clefable
|
|upkeep
|
|t:|1779951129
|switch|p2a: Gholdengo|Gholdengo|100/100
|turn|8
|
|t:|1779951135
|move|p2a: Gholdengo|Make It Rain|p1a: Ogerpon
|-damage|p1a: Ogerpon|20/100
|-unboost|p2a: Gholdengo|spa|1
|move|p1a: Ogerpon|Knock Off|p2a: Gholdengo
|-supereffective|p2a: Gholdengo
|-damage|p2a: Gholdengo|34/100
|-enditem|p2a: Gholdengo|Choice Scarf|[from] move: Knock Off|[of] p1a: Ogerpon
|
|-heal|p1a: Ogerpon|26/100|[from] item: Leftovers
|upkeep
|turn|9
|
|t:|1779951147
|move|p1a: Ogerpon|Knock Off|p2a: Gholdengo
|-supereffective|p2a: Gholdengo
|-damage|p2a: Gholdengo|0 fnt
|faint|p2a: Gholdengo
|
|-heal|p1a: Ogerpon|32/100|[from] item: Leftovers
|upkeep
|
|t:|1779951150
|switch|p2a: Dragonite|Dragonite, F|100/100
|turn|10
|
|t:|1779951157
|move|p1a: Ogerpon|Knock Off|p2a: Dragonite
|-damage|p2a: Dragonite|84/100
|-enditem|p2a: Dragonite|Heavy-Duty Boots|[from] move: Knock Off|[of] p1a: Ogerpon
|move|p2a: Dragonite|Dragon Dance|p2a: Dragonite
|-boost|p2a: Dragonite|atk|1
|-boost|p2a: Dragonite|spe|1
|
|-heal|p1a: Ogerpon|38/100|[from] item: Leftovers
|upkeep
|turn|11
|
|t:|1779951167
|switch|p1a: Landorus|Landorus-Therian, M|100/100
|-ability|p1a: Landorus|Intimidate|boost
|-unboost|p2a: Dragonite|atk|1
|move|p2a: Dragonite|Extreme Speed|p1a: Landorus
|-damage|p1a: Landorus|67/100
|
|upkeep
|turn|12
|
|t:|1779951175
|move|p1a: Landorus|U-turn|p2a: Dragonite
|-resisted|p2a: Dragonite
|-damage|p2a: Dragonite|69/100
|
|t:|1779951180
|switch|p1a: Zapdos|Zapdos|100/100|[from] U-turn
|move|p2a: Dragonite|Roost|p2a: Dragonite
|-heal|p2a: Dragonite|100/100
|-singleturn|p2a: Dragonite|move: Roost
|
|upkeep
|turn|13
|
|t:|1779951189
|switch|p2a: Ting-Lu|Ting-Lu|100/100
|-ability|p2a: Ting-Lu|Vessel of Ruin
|move|p1a: Zapdos|Discharge|p2a: Ting-Lu
|-immune|p2a: Ting-Lu
|
|upkeep
|turn|14
|
|t:|1779951197
|switch|p1a: Pecharunt|Pecharunt|100/100
|move|p2a: Ting-Lu|Stealth Rock|p1a: Pecharunt
|-sidestart|p1: juancbas1234|move: Stealth Rock
|
|upkeep
|turn|15
|
|t:|1779951206
|move|p1a: Pecharunt|Nasty Plot|p1a: Pecharunt
|-boost|p1a: Pecharunt|spa|2
|move|p2a: Ting-Lu|Ruination|p1a: Pecharunt|[miss]
|-miss|p2a: Ting-Lu|p1a: Pecharunt
|
|upkeep
|turn|16
|
|t:|1779951213
|move|p1a: Pecharunt|Malignant Chain|p2a: Ting-Lu
|-resisted|p2a: Ting-Lu
|-crit|p2a: Ting-Lu
|-damage|p2a: Ting-Lu|71/100
|-status|p2a: Ting-Lu|tox
|-start|p2a: Ting-Lu|confusion|[from] ability: Poison Puppeteer|[of] p1a: Pecharunt
|-enditem|p2a: Ting-Lu|Red Card|[of] p1a: Pecharunt
|drag|p1a: Ogerpon|Ogerpon, F|38/100
|-damage|p1a: Ogerpon|25/100|[from] Stealth Rock
|-activate|p2a: Ting-Lu|confusion
|move|p2a: Ting-Lu|Spikes|p1a: Ogerpon
|-sidestart|p1: juancbas1234|Spikes
|
|-heal|p1a: Ogerpon|31/100|[from] item: Leftovers
|-damage|p2a: Ting-Lu|64/100 tox|[from] psn
|upkeep
|turn|17
|
|t:|1779951230
|switch|p1a: Great Tusk|Great Tusk|100/100
|-damage|p1a: Great Tusk|98/100|[from] Stealth Rock
|-damage|p1a: Great Tusk|85/100|[from] Spikes
|-enditem|p1a: Great Tusk|Booster Energy
|-activate|p1a: Great Tusk|ability: Protosynthesis|[fromitem]
|-start|p1a: Great Tusk|protosynthesisatk
|-activate|p2a: Ting-Lu|confusion
|-damage|p2a: Ting-Lu|60/100 tox|[from] confusion
|
|-damage|p2a: Ting-Lu|47/100 tox|[from] psn
|upkeep
|turn|18
|
|t:|1779951242
|move|p1a: Great Tusk|Rapid Spin|p2a: Ting-Lu
|-damage|p2a: Ting-Lu|36/100 tox
|-boost|p1a: Great Tusk|spe|1
|-sideend|p1: juancbas1234|Spikes|[from] move: Rapid Spin|[of] p1a: Great Tusk
|-sideend|p1: juancbas1234|Stealth Rock|[from] move: Rapid Spin|[of] p1a: Great Tusk
|-end|p2a: Ting-Lu|confusion
|move|p2a: Ting-Lu|Stealth Rock|p1a: Great Tusk
|-sidestart|p1: juancbas1234|move: Stealth Rock
|
|-damage|p2a: Ting-Lu|18/100 tox|[from] psn
|upkeep
|turn|19
|
|t:|1779951252
|move|p1a: Great Tusk|Rapid Spin|p2a: Ting-Lu
|-damage|p2a: Ting-Lu|7/100 tox
|-boost|p1a: Great Tusk|spe|1
|-sideend|p1: juancbas1234|Stealth Rock|[from] move: Rapid Spin|[of] p1a: Great Tusk
|move|p2a: Ting-Lu|Stealth Rock|p1a: Great Tusk
|-sidestart|p1: juancbas1234|move: Stealth Rock
|
|-damage|p2a: Ting-Lu|0 fnt|[from] psn
|faint|p2a: Ting-Lu
|upkeep
|
|t:|1779951255
|switch|p2a: Dragonite|Dragonite, F|100/100
|turn|20
|
|t:|1779951265
|move|p1a: Great Tusk|Rapid Spin|p2a: Dragonite
|-damage|p2a: Dragonite|88/100
|-boost|p1a: Great Tusk|spe|1
|-sideend|p1: juancbas1234|Stealth Rock|[from] move: Rapid Spin|[of] p1a: Great Tusk
|move|p2a: Dragonite|Earthquake|p1a: Great Tusk
|-damage|p1a: Great Tusk|56/100
|
|upkeep
|turn|21
|
|t:|1779951272
|move|p1a: Great Tusk|Ice Spinner|p2a: Dragonite
|-supereffective|p2a: Dragonite
|-damage|p2a: Dragonite|0 fnt
|faint|p2a: Dragonite
|
|upkeep
|-message|noob5445 forfeited.
|
|win|juancbas1234
|raw|juancbas1234's rating: 1493 &rarr; <strong>1516</strong><br />(+23 for winning)
|raw|noob5445's rating: 1541 &rarr; <strong>1518</strong><br />(-23 for losing)
|l|☆noob5445
|player|p2|
|l|☆juancbas1234
|player|p1|
