|j|☆chico wilson
|j|☆jbrunson
|t:|1779955566
|gametype|singles
|player|p1|chico wilson|101|1425
|player|p2|jbrunson|buck|1395
|gen|9
|tier|[Gen 9] OU
|rated|
|rule|HP Percentage Mod: HP is shown in percentages
|rule|Endless Battle Clause: Forcing endless battles is banned
|rule|Species Clause: Limit one of each Pokémon
|rule|OHKO Clause: OHKO moves are banned
|rule|Evasion Items Clause: Evasion items are banned
|rule|Evasion Moves Clause: Evasion moves are banned
|rule|Evasion Abilities Clause: Evasion abilities are banned
|rule|Sleep Moves Clause: Sleep-inducing moves are banned
|clearpoke
|poke|p1|Dragapult, M|
|poke|p1|Heatran, F|
|poke|p1|Landorus-Therian, M|
|poke|p1|Alomomola, M|
|poke|p1|Weezing-Galar, F|
|poke|p1|Grafaiai, F|
|poke|p2|Garganacl, M|
|poke|p2|Weezing-Galar, F|
|poke|p2|Corviknight, M|
|poke|p2|Dragapult, M|
|poke|p2|Slowking-Galar, F|
|poke|p2|Samurott-Hisui, F|
|teampreview
|
|t:|1779955583
|teamsize|p1|6
|teamsize|p2|6
|start
|switch|p1a: Landorus|Landorus-Therian, M|100/100
|switch|p2a: Acupuncturist|Samurott-Hisui, F, shiny|100/100
|-ability|p1a: Landorus|Intimidate|boost
|-unboost|p2a: Acupuncturist|atk|1
|turn|1
|
|t:|1779955593
|move|p1a: Landorus|U-turn|p2a: Acupuncturist
|-supereffective|p2a: Acupuncturist
|-damage|p2a: Acupuncturist|34/100
|
|t:|1779955600
|switch|p1a: Weezing|Weezing-Galar, F|100/100|[from] U-turn
|-ability|p1a: Weezing|Neutralizing Gas
|move|p2a: Acupuncturist|Razor Shell|p1a: Weezing
|-damage|p1a: Weezing|84/100
|-unboost|p1a: Weezing|def|1
|
|upkeep
|turn|2
|
|t:|1779955609
|switch|p2a: Plague Doctor|Corviknight, M, shiny|100/100
|move|p1a: Weezing|Will-O-Wisp|p2a: Plague Doctor
|-status|p2a: Plague Doctor|brn
|
|-damage|p2a: Plague Doctor|94/100 brn|[from] brn
|upkeep
|turn|3
|
|t:|1779955621
|-end|p1a: Weezing|ability: Neutralizing Gas
|-ability|p2a: Plague Doctor|Pressure
|switch|p1a: Heatran|Heatran, F|100/100
|move|p2a: Plague Doctor|Iron Defense|p2a: Plague Doctor
|-boost|p2a: Plague Doctor|def|2
|
|-damage|p2a: Plague Doctor|88/100 brn|[from] brn
|upkeep
|turn|4
|
|t:|1779955643
|switch|p2a: Dr. Garg|Garganacl, M, shiny|100/100
|move|p1a: Heatran|Lava Plume|p2a: Dr. Garg
|-resisted|p2a: Dr. Garg
|-damage|p2a: Dr. Garg|89/100
|
|-heal|p2a: Dr. Garg|96/100|[from] item: Leftovers
|upkeep
|turn|5
|
|t:|1779955649
|move|p1a: Heatran|Substitute|p1a: Heatran
|-start|p1a: Heatran|Substitute
|-damage|p1a: Heatran|76/100
|move|p2a: Dr. Garg|Salt Cure|p1a: Heatran
|-activate|p1a: Heatran|move: Substitute|[damage]
|
|-heal|p1a: Heatran|82/100|[from] item: Leftovers
|-heal|p2a: Dr. Garg|100/100|[from] item: Leftovers
|upkeep
|turn|6
|
|t:|1779955657
|switch|p2a: Acupuncturist|Samurott-Hisui, F, shiny|34/100
|move|p1a: Heatran|Flash Cannon|p2a: Acupuncturist
|-resisted|p2a: Acupuncturist
|-damage|p2a: Acupuncturist|7/100
|
|-heal|p1a: Heatran|88/100|[from] item: Leftovers
|upkeep
|turn|7
|
|t:|1779955665
|move|p2a: Acupuncturist|Flip Turn|p1a: Heatran
|-supereffective|p1a: Heatran
|-end|p1a: Heatran|Substitute
|
|t:|1779955700
|switch|p2a: Nurse|Weezing-Galar, F, shiny|100/100|[from] Flip Turn
|-ability|p2a: Nurse|Neutralizing Gas
|move|p1a: Heatran|Lava Plume|p2a: Nurse
|-damage|p2a: Nurse|53/100
|
|-heal|p1a: Heatran|94/100|[from] item: Leftovers
|-heal|p2a: Nurse|59/100|[from] item: Black Sludge
|upkeep
|turn|8
|
|t:|1779955707
|move|p1a: Heatran|Flash Cannon|p2a: Nurse
|-supereffective|p2a: Nurse
|-crit|p2a: Nurse
|-damage|p2a: Nurse|0 fnt
|faint|p2a: Nurse
|-end|p2a: Nurse|ability: Neutralizing Gas
|
|-heal|p1a: Heatran|100/100|[from] item: Leftovers
|upkeep
|
|t:|1779955710
|switch|p2a: Acupuncturist|Samurott-Hisui, F, shiny|7/100
|turn|9
|
|t:|1779955720
|switch|p1a: Alomomola|Alomomola, M|100/100
|move|p2a: Acupuncturist|Flip Turn|p1a: Alomomola
|-resisted|p1a: Alomomola
|-damage|p1a: Alomomola|90/100
|
|t:|1779955728
|switch|p2a: Dr. Garg|Garganacl, M, shiny|100/100|[from] Flip Turn
|
|upkeep
|turn|10
|
|t:|1779955743
|move|p1a: Alomomola|Scald|p2a: Dr. Garg
|-supereffective|p2a: Dr. Garg
|-damage|p2a: Dr. Garg|83/100
|move|p2a: Dr. Garg|Salt Cure|p1a: Alomomola
|-crit|p1a: Alomomola
|-damage|p1a: Alomomola|73/100
|-start|p1a: Alomomola|Salt Cure
|
|-heal|p2a: Dr. Garg|89/100|[from] item: Leftovers
|-damage|p1a: Alomomola|48/100|[from] Salt Cure
|upkeep
|turn|11
|
|t:|1779955748
|switch|p1a: Heatran|Heatran, F|100/100
|move|p2a: Dr. Garg|Stealth Rock|p1a: Heatran
|-sidestart|p1: chico wilson|move: Stealth Rock
|
|-heal|p2a: Dr. Garg|95/100|[from] item: Leftovers
|upkeep
|turn|12
|
|t:|1779955754
|switch|p2a: Acupuncturist|Samurott-Hisui, F, shiny|7/100
|move|p1a: Heatran|Substitute|p1a: Heatran
|-start|p1a: Heatran|Substitute
|-damage|p1a: Heatran|76/100
|
|-heal|p1a: Heatran|82/100|[from] item: Leftovers
|upkeep
|turn|13
|
|t:|1779955760
|move|p2a: Acupuncturist|Flip Turn|p1a: Heatran
|-supereffective|p1a: Heatran
|-end|p1a: Heatran|Substitute
|
|t:|1779955774
|switch|p2a: Dr. Garg|Garganacl, M, shiny|95/100|[from] Flip Turn
|move|p1a: Heatran|Substitute|p1a: Heatran
|-start|p1a: Heatran|Substitute
|-damage|p1a: Heatran|57/100
|
|-heal|p1a: Heatran|63/100|[from] item: Leftovers
|-heal|p2a: Dr. Garg|100/100|[from] item: Leftovers
|upkeep
|turn|14
|
|t:|1779955787
|switch|p2a: Trudeau-king|Slowking-Galar, F, shiny|100/100
|move|p1a: Heatran|Flash Cannon|p2a: Trudeau-king
|-damage|p2a: Trudeau-king|85/100
|
|-heal|p1a: Heatran|69/100|[from] item: Leftovers
|upkeep
|turn|15
|
|t:|1779955794
|move|p1a: Heatran|Scorching Sands|p2a: Trudeau-king
|-supereffective|p2a: Trudeau-king
|-damage|p2a: Trudeau-king|67/100
|move|p2a: Trudeau-king|Future Sight|p1a: Heatran
|-start|p2a: Trudeau-king|move: Future Sight
|
|-heal|p1a: Heatran|76/100|[from] item: Leftovers
|upkeep
|turn|16
|
|t:|1779955802
|switch|p2a: Plague Doctor|Corviknight, M, shiny|88/100 brn
|-ability|p2a: Plague Doctor|Pressure
|move|p1a: Heatran|Scorching Sands|p2a: Plague Doctor
|-immune|p2a: Plague Doctor
|
|-heal|p1a: Heatran|82/100|[from] item: Leftovers
|-damage|p2a: Plague Doctor|82/100 brn|[from] brn
|upkeep
|turn|17
|
|t:|1779955810
|switch|p2a: Trudeau-king|Slowking-Galar, F, shiny|100/100
|move|p1a: Heatran|Lava Plume|p2a: Trudeau-king
|-damage|p2a: Trudeau-king|85/100
|
|-end|p1a: Heatran|move: Future Sight
|-resisted|p1a: Heatran
|-activate|p1a: Heatran|move: Substitute|[damage]
|-heal|p1a: Heatran|88/100|[from] item: Leftovers
|upkeep
|turn|18
|
|t:|1779955828
|move|p1a: Heatran|Lava Plume|p2a: Trudeau-king
|-damage|p2a: Trudeau-king|71/100
|move|p2a: Trudeau-king|Psychic Noise|p1a: Heatran
|-resisted|p1a: Heatran
|-damage|p1a: Heatran|79/100
|-start|p1a: Heatran|move: Heal Block
|
|upkeep
|turn|19
|
|t:|1779955838
|move|p1a: Heatran|Lava Plume|p2a: Trudeau-king
|-damage|p2a: Trudeau-king|57/100
|move|p2a: Trudeau-king|Psychic Noise|p1a: Heatran
|-resisted|p1a: Heatran
|-damage|p1a: Heatran|70/100
|
|-end|p1a: Heatran|move: Heal Block
|upkeep
|turn|20
|
|t:|1779955846
|switch|p2a: Dr. Garg|Garganacl, M, shiny|100/100
|move|p1a: Heatran|Lava Plume|p2a: Dr. Garg
|-resisted|p2a: Dr. Garg
|-damage|p2a: Dr. Garg|89/100
|
|-heal|p1a: Heatran|76/100|[from] item: Leftovers
|-heal|p2a: Dr. Garg|95/100|[from] item: Leftovers
|upkeep
|turn|21
|
|t:|1779955856
|switch|p2a: Trudeau-king|Slowking-Galar, F, shiny|91/100
|move|p1a: Heatran|Flash Cannon|p2a: Trudeau-king
|-damage|p2a: Trudeau-king|77/100
|
|-heal|p1a: Heatran|83/100|[from] item: Leftovers
|upkeep
|turn|22
|
|t:|1779955865
|-terastallize|p2a: Trudeau-king|Water
|move|p1a: Heatran|Scorching Sands|p2a: Trudeau-king
|-damage|p2a: Trudeau-king|68/100
|-status|p2a: Trudeau-king|brn
|move|p2a: Trudeau-king|Future Sight|p1a: Heatran
|-start|p2a: Trudeau-king|move: Future Sight
|
|-heal|p1a: Heatran|89/100|[from] item: Leftovers
|-damage|p2a: Trudeau-king|62/100 brn|[from] brn
|upkeep
|turn|23
|
|t:|1779955875
|move|p1a: Heatran|Scorching Sands|p2a: Trudeau-king
|-damage|p2a: Trudeau-king|53/100 brn
|move|p2a: Trudeau-king|Psychic Noise|p1a: Heatran
|-resisted|p1a: Heatran
|-damage|p1a: Heatran|79/100
|-start|p1a: Heatran|move: Heal Block
|
|-damage|p2a: Trudeau-king|47/100 brn|[from] brn
|upkeep
|turn|24
|
|t:|1779955890
|switch|p2a: Plague Doctor|Corviknight, M, shiny|82/100 brn
|-ability|p2a: Plague Doctor|Pressure
|move|p1a: Heatran|Flash Cannon|p2a: Plague Doctor
|-resisted|p2a: Plague Doctor
|-damage|p2a: Plague Doctor|64/100 brn
|
|-end|p1a: Heatran|move: Future Sight
|-resisted|p1a: Heatran
|-end|p1a: Heatran|Substitute
|-damage|p2a: Plague Doctor|57/100 brn|[from] brn
|-end|p1a: Heatran|move: Heal Block
|upkeep
|turn|25
|
|t:|1779955894
|move|p1a: Heatran|Substitute|p1a: Heatran
|-start|p1a: Heatran|Substitute
|-damage|p1a: Heatran|54/100
|move|p2a: Plague Doctor|Roost|p2a: Plague Doctor
|-heal|p2a: Plague Doctor|100/100 brn
|-singleturn|p2a: Plague Doctor|move: Roost
|
|-heal|p1a: Heatran|61/100|[from] item: Leftovers
|-damage|p2a: Plague Doctor|94/100 brn|[from] brn
|upkeep
|turn|26
|
|t:|1779955899
|switch|p2a: Trudeau-king|Slowking-Galar, F, shiny, tera:Water|80/100 brn
|move|p1a: Heatran|Lava Plume|p2a: Trudeau-king
|-resisted|p2a: Trudeau-king
|-damage|p2a: Trudeau-king|73/100 brn
|
|-heal|p1a: Heatran|67/100|[from] item: Leftovers
|-damage|p2a: Trudeau-king|66/100 brn|[from] brn
|upkeep
|turn|27
|
|t:|1779955903
|move|p1a: Heatran|Scorching Sands|p2a: Trudeau-king
|-damage|p2a: Trudeau-king|57/100 brn
|move|p2a: Trudeau-king|Future Sight|p1a: Heatran
|-start|p2a: Trudeau-king|move: Future Sight
|
|-heal|p1a: Heatran|73/100|[from] item: Leftovers
|-damage|p2a: Trudeau-king|51/100 brn|[from] brn
|upkeep
|turn|28
|
|t:|1779955909
|move|p1a: Heatran|Flash Cannon|p2a: Trudeau-king
|-resisted|p2a: Trudeau-king
|-damage|p2a: Trudeau-king|44/100 brn
|move|p2a: Trudeau-king|Psychic Noise|p1a: Heatran
|-resisted|p1a: Heatran
|-damage|p1a: Heatran|64/100
|-start|p1a: Heatran|move: Heal Block
|
|-damage|p2a: Trudeau-king|37/100 brn|[from] brn
|upkeep
|turn|29
|
|t:|1779955915
|switch|p2a: Plague Doctor|Corviknight, M, shiny|94/100 brn
|-ability|p2a: Plague Doctor|Pressure
|move|p1a: Heatran|Scorching Sands|p2a: Plague Doctor
|-immune|p2a: Plague Doctor
|
|-end|p1a: Heatran|move: Future Sight
|-resisted|p1a: Heatran
|-activate|p1a: Heatran|move: Substitute|[damage]
|-damage|p2a: Plague Doctor|88/100 brn|[from] brn
|-end|p1a: Heatran|move: Heal Block
|upkeep
|turn|30
|
|t:|1779955927
|switch|p2a: Trudeau-king|Slowking-Galar, F, shiny, tera:Water|71/100 brn
|move|p1a: Heatran|Lava Plume|p2a: Trudeau-king
|-resisted|p2a: Trudeau-king
|-damage|p2a: Trudeau-king|64/100 brn
|
|-heal|p1a: Heatran|70/100|[from] item: Leftovers
|-damage|p2a: Trudeau-king|57/100 brn|[from] brn
|upkeep
|turn|31
|
|t:|1779955932
|move|p1a: Heatran|Scorching Sands|p2a: Trudeau-king
|-damage|p2a: Trudeau-king|50/100 brn
|move|p2a: Trudeau-king|Future Sight|p1a: Heatran
|-start|p2a: Trudeau-king|move: Future Sight
|
|-heal|p1a: Heatran|76/100|[from] item: Leftovers
|-damage|p2a: Trudeau-king|44/100 brn|[from] brn
|upkeep
|turn|32
|
|t:|1779955943
|switch|p2a: Dr. Garg|Garganacl, M, shiny|95/100
|move|p1a: Heatran|Scorching Sands|p2a: Dr. Garg
|-supereffective|p2a: Dr. Garg
|-damage|p2a: Dr. Garg|66/100
|
|-heal|p1a: Heatran|83/100|[from] item: Leftovers
|-heal|p2a: Dr. Garg|72/100|[from] item: Leftovers
|upkeep
|turn|33
|
|t:|1779955957
|switch|p2a: Trudeau-king|Slowking-Galar, F, shiny, tera:Water|77/100 brn
|move|p1a: Heatran|Lava Plume|p2a: Trudeau-king
|-resisted|p2a: Trudeau-king
|-damage|p2a: Trudeau-king|69/100 brn
|
|-end|p1a: Heatran|move: Future Sight
|-resisted|p1a: Heatran
|-end|p1a: Heatran|Substitute
|-heal|p1a: Heatran|89/100|[from] item: Leftovers
|-damage|p2a: Trudeau-king|63/100 brn|[from] brn
|upkeep
|turn|34
|
|t:|1779955967
|switch|p1a: Weezing|Weezing-Galar, F|84/100
|-ability|p1a: Weezing|Neutralizing Gas
|move|p2a: Trudeau-king|Future Sight|p1a: Weezing
|-start|p2a: Trudeau-king|move: Future Sight
|
|-damage|p2a: Trudeau-king|57/100 brn|[from] brn
|upkeep
|turn|35
|
|t:|1779955974
|move|p1a: Weezing|Defog|p2a: Trudeau-king
|-unboost|p2a: Trudeau-king|evasion|1
|-sideend|p1: chico wilson|Stealth Rock|[from] move: Defog|[of] p1a: Weezing
|move|p2a: Trudeau-king|Psychic Noise|p1a: Weezing
|-supereffective|p1a: Weezing
|-damage|p1a: Weezing|0 fnt
|faint|p1a: Weezing
|-end|p1a: Weezing|ability: Neutralizing Gas
|
|-damage|p2a: Trudeau-king|51/100 brn|[from] brn
|upkeep
|
|t:|1779956000
|switch|p1a: Heatran|Heatran, F|89/100
|turn|36
|
|t:|1779956006
|move|p1a: Heatran|Substitute|p1a: Heatran
|-start|p1a: Heatran|Substitute
|-damage|p1a: Heatran|64/100
|move|p2a: Trudeau-king|Future Sight||[still]
|-fail|p2a: Trudeau-king
|
|-end|p1a: Heatran|move: Future Sight
|-resisted|p1a: Heatran
|-activate|p1a: Heatran|move: Substitute|[damage]
|-heal|p1a: Heatran|70/100|[from] item: Leftovers
|-damage|p2a: Trudeau-king|45/100 brn|[from] brn
|upkeep
|turn|37
|
|t:|1779956015
|switch|p2a: Dr. Garg|Garganacl, M, shiny|72/100
|move|p1a: Heatran|Scorching Sands|p2a: Dr. Garg
|-supereffective|p2a: Dr. Garg
|-damage|p2a: Dr. Garg|42/100
|
|-heal|p1a: Heatran|76/100|[from] item: Leftovers
|-heal|p2a: Dr. Garg|48/100|[from] item: Leftovers
|upkeep
|turn|38
|
|t:|1779956023
|move|p2a: Dr. Garg|Protect|p2a: Dr. Garg
|-singleturn|p2a: Dr. Garg|Protect
|move|p1a: Heatran|Lava Plume|p2a: Dr. Garg
|-activate|p2a: Dr. Garg|move: Protect
|
|-heal|p1a: Heatran|83/100|[from] item: Leftovers
|-heal|p2a: Dr. Garg|54/100|[from] item: Leftovers
|upkeep
|turn|39
|
|t:|1779956030
|move|p1a: Heatran|Flash Cannon|p2a: Dr. Garg
|-supereffective|p2a: Dr. Garg
|-damage|p2a: Dr. Garg|5/100
|move|p2a: Dr. Garg|Recover|p2a: Dr. Garg
|-heal|p2a: Dr. Garg|55/100
|
|-heal|p1a: Heatran|89/100|[from] item: Leftovers
|-heal|p2a: Dr. Garg|62/100|[from] item: Leftovers
|upkeep
|turn|40
|
|t:|1779956035
|move|p2a: Dr. Garg|Protect|p2a: Dr. Garg
|-singleturn|p2a: Dr. Garg|Protect
|move|p1a: Heatran|Flash Cannon|p2a: Dr. Garg
|-activate|p2a: Dr. Garg|move: Protect
|
|-heal|p1a: Heatran|95/100|[from] item: Leftovers
|-heal|p2a: Dr. Garg|68/100|[from] item: Leftovers
|upkeep
|turn|41
|
|t:|1779956044
|switch|p2a: Trudeau-king|Slowking-Galar, F, shiny, tera:Water|78/100 brn
|move|p1a: Heatran|Lava Plume|p2a: Trudeau-king
|-resisted|p2a: Trudeau-king
|-damage|p2a: Trudeau-king|70/100 brn
|
|-heal|p1a: Heatran|100/100|[from] item: Leftovers
|-damage|p2a: Trudeau-king|64/100 brn|[from] brn
|upkeep
|turn|42
|
|t:|1779956053
|move|p1a: Heatran|Scorching Sands|p2a: Trudeau-king
|-damage|p2a: Trudeau-king|56/100 brn
|move|p2a: Trudeau-king|Future Sight|p1a: Heatran
|-start|p2a: Trudeau-king|move: Future Sight
|
|-damage|p2a: Trudeau-king|50/100 brn|[from] brn
|upkeep
|turn|43
|
|t:|1779956059
|switch|p2a: Plague Doctor|Corviknight, M, shiny|88/100 brn
|-ability|p2a: Plague Doctor|Pressure
|move|p1a: Heatran|Scorching Sands|p2a: Plague Doctor
|-immune|p2a: Plague Doctor
|
|-damage|p2a: Plague Doctor|82/100 brn|[from] brn
|upkeep
|turn|44
|
|t:|1779956072
|switch|p2a: Trudeau-king|Slowking-Galar, F, shiny, tera:Water|83/100 brn
|move|p1a: Heatran|Flash Cannon|p2a: Trudeau-king
|-resisted|p2a: Trudeau-king
|-damage|p2a: Trudeau-king|76/100 brn
|
|-end|p1a: Heatran|move: Future Sight
|-resisted|p1a: Heatran
|-end|p1a: Heatran|Substitute
|-damage|p2a: Trudeau-king|70/100 brn|[from] brn
|upkeep
|turn|45
|
|t:|1779956079
|switch|p1a: Dragapult|Dragapult, M|100/100
|move|p2a: Trudeau-king|Future Sight|p1a: Dragapult
|-start|p2a: Trudeau-king|move: Future Sight
|
|-damage|p2a: Trudeau-king|64/100 brn|[from] brn
|upkeep
|turn|46
|
|t:|1779956090
|move|p1a: Dragapult|Draco Meteor|p2a: Trudeau-king
|-damage|p2a: Trudeau-king|31/100 brn
|-unboost|p1a: Dragapult|spa|2
|move|p2a: Trudeau-king|Psychic Noise|p1a: Dragapult
|-damage|p1a: Dragapult|59/100
|-start|p1a: Dragapult|move: Heal Block
|
|-damage|p2a: Trudeau-king|24/100 brn|[from] brn
|upkeep
|turn|47
|
|t:|1779956102
|switch|p1a: Heatran|Heatran, F|100/100
|switch|p2a: Dr. Garg|Garganacl, M, shiny|68/100
|
|-end|p1a: Heatran|move: Future Sight
|-resisted|p1a: Heatran
|-damage|p1a: Heatran|85/100
|-heal|p1a: Heatran|92/100|[from] item: Leftovers
|-heal|p2a: Dr. Garg|74/100|[from] item: Leftovers
|upkeep
|turn|48
|
|t:|1779956110
|move|p1a: Heatran|Substitute|p1a: Heatran
|-start|p1a: Heatran|Substitute
|-damage|p1a: Heatran|67/100
|move|p2a: Dr. Garg|Recover|p2a: Dr. Garg
|-heal|p2a: Dr. Garg|100/100
|
|-heal|p1a: Heatran|73/100|[from] item: Leftovers
|upkeep
|turn|49
|
|t:|1779956116
|move|p2a: Dr. Garg|Protect|p2a: Dr. Garg
|-singleturn|p2a: Dr. Garg|Protect
|move|p1a: Heatran|Flash Cannon|p2a: Dr. Garg
|-activate|p2a: Dr. Garg|move: Protect
|
|-heal|p1a: Heatran|79/100|[from] item: Leftovers
|upkeep
|turn|50
|
|t:|1779956125
|switch|p2a: Trudeau-king|Slowking-Galar, F, shiny, tera:Water|58/100 brn
|move|p1a: Heatran|Flash Cannon|p2a: Trudeau-king
|-resisted|p2a: Trudeau-king
|-damage|p2a: Trudeau-king|51/100 brn
|
|-heal|p1a: Heatran|85/100|[from] item: Leftovers
|-damage|p2a: Trudeau-king|45/100 brn|[from] brn
|upkeep
|turn|51
|
|t:|1779956132
|switch|p1a: Landorus|Landorus-Therian, M|100/100
|-ability|p1a: Landorus|Intimidate|boost
|-unboost|p2a: Trudeau-king|atk|1
|switch|p2a: Plague Doctor|Corviknight, M, shiny|82/100 brn
|-ability|p2a: Plague Doctor|Pressure
|
|-damage|p2a: Plague Doctor|75/100 brn|[from] brn
|upkeep
|turn|52
|
|t:|1779956140
|move|p1a: Landorus|Rock Slide|p2a: Plague Doctor
|-damage|p2a: Plague Doctor|58/100 brn
|cant|p2a: Plague Doctor|flinch
|
|-damage|p2a: Plague Doctor|51/100 brn|[from] brn
|upkeep
|turn|53
|
|t:|1779956145
|move|p1a: Landorus|Rock Slide|p2a: Plague Doctor
|-damage|p2a: Plague Doctor|34/100 brn
|move|p2a: Plague Doctor|Roost|p2a: Plague Doctor
|-heal|p2a: Plague Doctor|84/100 brn
|-singleturn|p2a: Plague Doctor|move: Roost
|
|-damage|p2a: Plague Doctor|77/100 brn|[from] brn
|upkeep
|turn|54
|
|t:|1779956149
|move|p1a: Landorus|Rock Slide|p2a: Plague Doctor
|-damage|p2a: Plague Doctor|62/100 brn
|move|p2a: Plague Doctor|Iron Defense|p2a: Plague Doctor
|-boost|p2a: Plague Doctor|def|2
|
|-damage|p2a: Plague Doctor|55/100 brn|[from] brn
|upkeep
|turn|55
|
|t:|1779956155
|switch|p1a: Grafaiai|Grafaiai, F|100/100
|move|p2a: Plague Doctor|Roost|p2a: Plague Doctor
|-heal|p2a: Plague Doctor|100/100 brn
|-singleturn|p2a: Plague Doctor|move: Roost
|
|-damage|p2a: Plague Doctor|94/100 brn|[from] brn
|upkeep
|turn|56
|
|t:|1779956170
|move|p1a: Grafaiai|Encore|p2a: Plague Doctor
|-start|p2a: Plague Doctor|Encore
|move|p2a: Plague Doctor|Roost|p2a: Plague Doctor
|-heal|p2a: Plague Doctor|100/100 brn
|-singleturn|p2a: Plague Doctor|move: Roost
|
|-damage|p2a: Plague Doctor|94/100 brn|[from] brn
|upkeep
|turn|57
|
|t:|1779956177
|switch|p2a: Dr. Garg|Garganacl, M, shiny|100/100
|move|p1a: Grafaiai|Foul Play|p2a: Dr. Garg
|-damage|p2a: Dr. Garg|87/100
|
|-heal|p2a: Dr. Garg|93/100|[from] item: Leftovers
|upkeep
|turn|58
|
|t:|1779956185
|switch|p1a: Landorus|Landorus-Therian, M|100/100
|-ability|p1a: Landorus|Intimidate|boost
|-unboost|p2a: Dr. Garg|atk|1
|move|p2a: Dr. Garg|Salt Cure|p1a: Landorus
|-damage|p1a: Landorus|89/100
|-start|p1a: Landorus|Salt Cure
|
|-heal|p2a: Dr. Garg|99/100|[from] item: Leftovers
|-damage|p1a: Landorus|77/100|[from] Salt Cure
|upkeep
|turn|59
|
|t:|1779956197
|switch|p1a: Heatran|Heatran, F|85/100
|move|p2a: Dr. Garg|Stealth Rock|p1a: Heatran
|-sidestart|p1: chico wilson|move: Stealth Rock
|
|-heal|p1a: Heatran|92/100|[from] item: Leftovers
|-heal|p2a: Dr. Garg|100/100|[from] item: Leftovers
|upkeep
|turn|60
|
|t:|1779956202
|move|p1a: Heatran|Substitute|p1a: Heatran
|-start|p1a: Heatran|Substitute
|-damage|p1a: Heatran|67/100
|move|p2a: Dr. Garg|Salt Cure|p1a: Heatran
|-activate|p1a: Heatran|move: Substitute|[damage]
|
|-heal|p1a: Heatran|73/100|[from] item: Leftovers
|upkeep
|turn|61
|
|t:|1779956209
|move|p2a: Dr. Garg|Protect|p2a: Dr. Garg
|-singleturn|p2a: Dr. Garg|Protect
|move|p1a: Heatran|Lava Plume|p2a: Dr. Garg
|-activate|p2a: Dr. Garg|move: Protect
|
|-heal|p1a: Heatran|79/100|[from] item: Leftovers
|upkeep
|turn|62
|
|t:|1779956222
|move|p1a: Heatran|Lava Plume|p2a: Dr. Garg
|-resisted|p2a: Dr. Garg
|-damage|p2a: Dr. Garg|89/100
|move|p2a: Dr. Garg|Salt Cure|p1a: Heatran
|-activate|p1a: Heatran|move: Substitute|[damage]
|
|-heal|p1a: Heatran|85/100|[from] item: Leftovers
|-heal|p2a: Dr. Garg|95/100|[from] item: Leftovers
|upkeep
|turn|63
|
|t:|1779956229
|move|p1a: Heatran|Lava Plume|p2a: Dr. Garg
|-resisted|p2a: Dr. Garg
|-damage|p2a: Dr. Garg|84/100
|move|p2a: Dr. Garg|Salt Cure|p1a: Heatran
|-activate|p1a: Heatran|move: Substitute|[damage]
|
|-heal|p1a: Heatran|92/100|[from] item: Leftovers
|-heal|p2a: Dr. Garg|90/100|[from] item: Leftovers
|upkeep
|turn|64
|
|t:|1779956233
|move|p2a: Dr. Garg|Protect|p2a: Dr. Garg
|-singleturn|p2a: Dr. Garg|Protect
|move|p1a: Heatran|Flash Cannon|p2a: Dr. Garg
|-activate|p2a: Dr. Garg|move: Protect
|
|-heal|p1a: Heatran|98/100|[from] item: Leftovers
|-heal|p2a: Dr. Garg|96/100|[from] item: Leftovers
|upkeep
|turn|65
|
|t:|1779956242
|switch|p2a: Trudeau-king|Slowking-Galar, F, shiny, tera:Water|78/100 brn
|move|p1a: Heatran|Flash Cannon|p2a: Trudeau-king
|-resisted|p2a: Trudeau-king
|-damage|p2a: Trudeau-king|70/100 brn
|
|-heal|p1a: Heatran|100/100|[from] item: Leftovers
|-damage|p2a: Trudeau-king|64/100 brn|[from] brn
|upkeep
|turn|66
|
|t:|1779956252
|switch|p2a: Dr. Garg|Garganacl, M, shiny|96/100
|move|p1a: Heatran|Lava Plume|p2a: Dr. Garg
|-resisted|p2a: Dr. Garg
|-damage|p2a: Dr. Garg|84/100
|
|-heal|p2a: Dr. Garg|90/100|[from] item: Leftovers
|upkeep
|turn|67
|
|t:|1779956260
|switch|p1a: Dragapult|Dragapult, M|59/100
|-damage|p1a: Dragapult|47/100|[from] Stealth Rock
|move|p2a: Dr. Garg|Protect||[still]
|-fail|p2a: Dr. Garg
|
|-heal|p2a: Dr. Garg|97/100|[from] item: Leftovers
|upkeep
|turn|68
|
|t:|1779956268
|move|p1a: Dragapult|Draco Meteor|p2a: Dr. Garg
|-damage|p2a: Dr. Garg|42/100
|-unboost|p1a: Dragapult|spa|2
|move|p2a: Dr. Garg|Salt Cure|p1a: Dragapult
|-damage|p1a: Dragapult|28/100
|-start|p1a: Dragapult|Salt Cure
|
|-heal|p2a: Dr. Garg|48/100|[from] item: Leftovers
|-damage|p1a: Dragapult|15/100|[from] Salt Cure
|upkeep
|turn|69
|
|t:|1779956276
|switch|p1a: Landorus|Landorus-Therian, M|77/100
|-damage|p1a: Landorus|65/100|[from] Stealth Rock
|-ability|p1a: Landorus|Intimidate|boost
|-unboost|p2a: Dr. Garg|atk|1
|move|p2a: Dr. Garg|Recover|p2a: Dr. Garg
|-heal|p2a: Dr. Garg|98/100
|
|-heal|p2a: Dr. Garg|100/100|[from] item: Leftovers
|upkeep
|turn|70
|
|t:|1779956288
|move|p1a: Landorus|Rock Slide|p2a: Dr. Garg
|-damage|p2a: Dr. Garg|83/100
|move|p2a: Dr. Garg|Salt Cure|p1a: Landorus
|-damage|p1a: Landorus|53/100
|-start|p1a: Landorus|Salt Cure
|
|-heal|p2a: Dr. Garg|89/100|[from] item: Leftovers
|-damage|p1a: Landorus|41/100|[from] Salt Cure
|upkeep
|turn|71
|-message|chico wilson forfeited.
|
|win|jbrunson
|raw|chico wilson's rating: 1425 &rarr; <strong>1403</strong><br />(-22 for losing)
|raw|jbrunson's rating: 1395 &rarr; <strong>1417</strong><br />(+22 for winning)
|l|☆chico wilson
|player|p1|
|l|☆jbrunson
|player|p2|
