|j|☆Sofaniyas
|j|☆claudechamp
|t:|1779824018
|gametype|singles
|player|p1|Sofaniyas|266|1176
|player|p2|claudechamp|265|1146
|gen|9
|tier|[Gen 9] OU
|rated|
|rule|HP Percentage Mod: HP is shown in percentages
|rule|Endless Battle Clause: Forcing endless battles is banned
|rule|Species Clause: Limit one of each Pokémon
|rule|OHKO Clause: OHKO moves are banned
|rule|Evasion Items Clause: Evasion items are banned
|rule|Evasion Moves Clause: Evasion moves are banned
|rule|Evasion Abilities Clause: Evasion abilities are banned
|rule|Sleep Moves Clause: Sleep-inducing moves are banned
|clearpoke
|poke|p1|Ting-Lu|
|poke|p1|Great Tusk|
|poke|p1|Dragapult, F|
|poke|p1|Kingambit, M|
|poke|p1|Ogerpon-Wellspring, F|
|poke|p1|Iron Valiant|
|poke|p2|Gliscor, F|
|poke|p2|Ogerpon, F|
|poke|p2|Walking Wake|
|poke|p2|Blissey, F|
|poke|p2|Corviknight, M|
|poke|p2|Pecharunt|
|teampreview
|c|☆claudechamp|hf
|inactive|Battle timer is ON: inactive players will automatically lose when time's up. (requested by claudechamp)
|
|t:|1779824043
|teamsize|p1|6
|teamsize|p2|6
|start
|switch|p1a: Ting-Lu|Ting-Lu|100/100
|switch|p2a: Gliscor|Gliscor, F|100/100
|-ability|p1a: Ting-Lu|Vessel of Ruin
|turn|1
|
|t:|1779824057
|-terastallize|p1a: Ting-Lu|Poison
|move|p2a: Gliscor|Spikes|p1a: Ting-Lu
|-sidestart|p1: Sofaniyas|Spikes
|move|p1a: Ting-Lu|Stealth Rock|p2a: Gliscor
|-sidestart|p2: claudechamp|move: Stealth Rock
|
|-status|p2a: Gliscor|tox|[from] item: Toxic Orb
|upkeep
|turn|2
|
|t:|1779824066
|move|p2a: Gliscor|Spikes|p1a: Ting-Lu
|-sidestart|p1: Sofaniyas|Spikes
|move|p1a: Ting-Lu|Ruination|p2a: Gliscor
|-damage|p2a: Gliscor|50/100 tox
|
|-heal|p2a: Gliscor|63/100 tox|[from] ability: Poison Heal
|upkeep
|turn|3
|
|t:|1779824075
|move|p2a: Gliscor|Spikes|p1a: Ting-Lu
|-sidestart|p1: Sofaniyas|Spikes
|move|p1a: Ting-Lu|Whirlwind|p2a: Gliscor
|drag|p2a: Ogerpon|Ogerpon, F|100/100
|
|upkeep
|turn|4
|
|t:|1779824087
|move|p2a: Ogerpon|Encore|p1a: Ting-Lu
|-start|p1a: Ting-Lu|Encore
|move|p1a: Ting-Lu|Whirlwind|p2a: Ogerpon
|drag|p2a: Corviknight|Corviknight, M|100/100
|-ability|p2a: Corviknight|Pressure
|
|upkeep
|turn|5
|
|t:|1779824100
|switch|p1a: Great Tusk|Great Tusk|100/100
|move|p2a: Corviknight|Body Press|p1a: Great Tusk
|-damage|p1a: Great Tusk|87/100
|
|upkeep
|turn|6
|
|t:|1779824106
|move|p1a: Great Tusk|Rapid Spin|p2a: Corviknight
|-resisted|p2a: Corviknight
|-damage|p2a: Corviknight|96/100
|-boost|p1a: Great Tusk|spe|1
|-sideend|p1: Sofaniyas|Spikes|[from] move: Rapid Spin|[of] p1a: Great Tusk
|move|p2a: Corviknight|U-turn|p1a: Great Tusk
|-resisted|p1a: Great Tusk
|-damage|p1a: Great Tusk|84/100
|
|t:|1779824111
|switch|p2a: Gliscor|Gliscor, F|63/100 tox|[from] U-turn
|-damage|p2a: Gliscor|50/100 tox|[from] Stealth Rock
|
|-heal|p2a: Gliscor|63/100 tox|[from] ability: Poison Heal
|upkeep
|turn|7
|inactive|Sofaniyas has 120 seconds left.
|
|t:|1779824156
|move|p1a: Great Tusk|Knock Off|p2a: Gliscor
|-damage|p2a: Gliscor|41/100 tox
|-enditem|p2a: Gliscor|Toxic Orb|[from] move: Knock Off|[of] p1a: Great Tusk
|move|p2a: Gliscor|Earthquake|p1a: Great Tusk
|-damage|p1a: Great Tusk|69/100
|
|-heal|p2a: Gliscor|54/100 tox|[from] ability: Poison Heal
|upkeep
|turn|8
|
|t:|1779824170
|move|p1a: Great Tusk|Knock Off|p2a: Gliscor
|-damage|p2a: Gliscor|38/100 tox
|move|p2a: Gliscor|Earthquake|p1a: Great Tusk
|-damage|p1a: Great Tusk|55/100
|
|-heal|p2a: Gliscor|51/100 tox|[from] ability: Poison Heal
|upkeep
|turn|9
|
|t:|1779824181
|-end|p1a: Great Tusk|Protosynthesis|[silent]
|switch|p1a: Ogerpon|Ogerpon-Wellspring, F|100/100
|move|p2a: Gliscor|Earthquake|p1a: Ogerpon
|-resisted|p1a: Ogerpon
|-damage|p1a: Ogerpon|80/100
|
|-heal|p2a: Gliscor|63/100 tox|[from] ability: Poison Heal
|upkeep
|turn|10
|
|t:|1779824193
|move|p1a: Ogerpon|Ivy Cudgel|p2a: Gliscor|[anim] Ivy Cudgel Water
|-supereffective|p2a: Gliscor
|-damage|p2a: Gliscor|0 fnt
|faint|p2a: Gliscor
|
|upkeep
|
|t:|1779824213
|switch|p2a: Pecharunt|Pecharunt|100/100
|turn|11
|
|t:|1779824221
|move|p1a: Ogerpon|Knock Off|p2a: Pecharunt
|-supereffective|p2a: Pecharunt
|-damage|p2a: Pecharunt|61/100
|-enditem|p2a: Pecharunt|Heavy-Duty Boots|[from] move: Knock Off|[of] p1a: Ogerpon
|move|p2a: Pecharunt|Parting Shot|p1a: Ogerpon
|-unboost|p1a: Ogerpon|atk|1
|-unboost|p1a: Ogerpon|spa|1
|
|t:|1779824228
|switch|p2a: Blissey|Blissey, F|100/100|[from] Parting Shot
|
|upkeep
|turn|12
|
|t:|1779824239
|switch|p1a: Dragapult|Dragapult, F|100/100
|move|p2a: Blissey|Stealth Rock|p1a: Dragapult
|-sidestart|p1: Sofaniyas|move: Stealth Rock
|
|upkeep
|turn|13
|
|t:|1779824259
|switch|p2a: Pecharunt|Pecharunt|61/100
|-damage|p2a: Pecharunt|49/100|[from] Stealth Rock
|move|p1a: Dragapult|Draco Meteor|p2a: Pecharunt
|-damage|p2a: Pecharunt|0 fnt
|-unboost|p1a: Dragapult|spa|2
|faint|p2a: Pecharunt
|
|upkeep
|
|t:|1779824263
|switch|p2a: Blissey|Blissey, F|100/100
|turn|14
|
|t:|1779824273
|switch|p1a: Great Tusk|Great Tusk|55/100
|switch|p2a: Ogerpon|Ogerpon, F|100/100
|
|upkeep
|turn|15
|
|t:|1779824279
|move|p2a: Ogerpon|Ivy Cudgel|p1a: Great Tusk
|-supereffective|p1a: Great Tusk
|-damage|p1a: Great Tusk|6/100
|move|p1a: Great Tusk|Rapid Spin|p2a: Ogerpon
|-damage|p2a: Ogerpon|80/100
|-boost|p1a: Great Tusk|spe|1
|-sideend|p1: Sofaniyas|Stealth Rock|[from] move: Rapid Spin|[of] p1a: Great Tusk
|
|upkeep
|turn|16
|
|t:|1779824296
|-end|p1a: Great Tusk|Protosynthesis|[silent]
|switch|p1a: Kingambit|Kingambit, M|100/100
|move|p2a: Ogerpon|U-turn|p1a: Kingambit
|-damage|p1a: Kingambit|82/100
|
|t:|1779824309
|switch|p2a: Walking Wake|Walking Wake|100/100|[from] U-turn
|
|upkeep
|turn|17
|
|t:|1779824326
|move|p1a: Kingambit|Sucker Punch|p2a: Walking Wake
|-damage|p2a: Walking Wake|51/100
|move|p2a: Walking Wake|Draco Meteor|p1a: Kingambit
|-resisted|p1a: Kingambit
|-damage|p1a: Kingambit|47/100
|-unboost|p2a: Walking Wake|spa|2
|
|upkeep
|turn|18
|
|t:|1779824341
|-end|p2a: Walking Wake|Protosynthesis|[silent]
|switch|p2a: Ogerpon|Ogerpon, F|80/100
|move|p1a: Kingambit|Kowtow Cleave|p2a: Ogerpon
|-damage|p2a: Ogerpon|4/100
|
|upkeep
|turn|19
|
|t:|1779824358
|switch|p2a: Corviknight|Corviknight, M|96/100
|-ability|p2a: Corviknight|Pressure
|move|p1a: Kingambit|Sucker Punch||[still]
|-fail|p1a: Kingambit
|
|upkeep
|turn|20
|
|t:|1779824371
|-end|p1a: Kingambit|fallenundefined|[silent]
|switch|p1a: Dragapult|Dragapult, F|100/100
|move|p2a: Corviknight|Body Press|p1a: Dragapult
|-immune|p1a: Dragapult
|
|upkeep
|turn|21
|
|t:|1779824382
|move|p1a: Dragapult|Flamethrower|p2a: Corviknight
|-supereffective|p2a: Corviknight
|-damage|p2a: Corviknight|18/100
|move|p2a: Corviknight|U-turn|p1a: Dragapult
|-resisted|p1a: Dragapult
|-damage|p1a: Dragapult|90/100
|
|t:|1779824397
|switch|p2a: Walking Wake|Walking Wake|51/100|[from] U-turn
|
|upkeep
|turn|22
|
|t:|1779824408
|switch|p1a: Iron Valiant|Iron Valiant|100/100
|-enditem|p1a: Iron Valiant|Booster Energy
|-activate|p1a: Iron Valiant|ability: Quark Drive|[fromitem]
|-start|p1a: Iron Valiant|quarkdrivespe
|move|p2a: Walking Wake|Knock Off|p1a: Iron Valiant
|-resisted|p1a: Iron Valiant
|-damage|p1a: Iron Valiant|97/100
|
|upkeep
|turn|23
|
|t:|1779824419
|-end|p2a: Walking Wake|Protosynthesis|[silent]
|switch|p2a: Blissey|Blissey, F|100/100
|move|p1a: Iron Valiant|Moonblast|p2a: Blissey
|-damage|p2a: Blissey|86/100
|
|upkeep
|turn|24
|
|t:|1779824431
|move|p1a: Iron Valiant|Calm Mind|p1a: Iron Valiant
|-boost|p1a: Iron Valiant|spa|1
|-boost|p1a: Iron Valiant|spd|1
|move|p2a: Blissey|Stealth Rock|p1a: Iron Valiant
|-sidestart|p1: Sofaniyas|move: Stealth Rock
|
|upkeep
|turn|25
|
|t:|1779824444
|move|p1a: Iron Valiant|Calm Mind|p1a: Iron Valiant
|-boost|p1a: Iron Valiant|spa|1
|-boost|p1a: Iron Valiant|spd|1
|move|p2a: Blissey|Seismic Toss|p1a: Iron Valiant
|-damage|p1a: Iron Valiant|62/100
|
|upkeep
|turn|26
|
|t:|1779824468
|move|p1a: Iron Valiant|Thunderbolt|p2a: Blissey
|-damage|p2a: Blissey|68/100
|move|p2a: Blissey|Seismic Toss|p1a: Iron Valiant
|-damage|p1a: Iron Valiant|27/100
|
|upkeep
|turn|27
|
|t:|1779824476
|-end|p1a: Iron Valiant|Quark Drive|[silent]
|switch|p1a: Great Tusk|Great Tusk|6/100
|switch|p2a: Walking Wake|Walking Wake|51/100
|
|upkeep
|turn|28
|
|t:|1779824495
|move|p2a: Walking Wake|Surf|p1a: Great Tusk
|-supereffective|p1a: Great Tusk
|-damage|p1a: Great Tusk|0 fnt
|faint|p1a: Great Tusk
|-end|p1a: Great Tusk|Protosynthesis|[silent]
|
|upkeep
|
|t:|1779824507
|switch|p1a: Ting-Lu|Ting-Lu, tera:Poison|100/100
|-damage|p1a: Ting-Lu|88/100|[from] Stealth Rock
|-ability|p1a: Ting-Lu|Vessel of Ruin
|turn|29
|
|t:|1779824528
|move|p2a: Walking Wake|Surf|p1a: Ting-Lu
|-damage|p1a: Ting-Lu|71/100
|move|p1a: Ting-Lu|Stealth Rock||[still]
|-fail|p1a: Ting-Lu
|
|-heal|p1a: Ting-Lu|77/100|[from] item: Leftovers
|upkeep
|turn|30
|
|t:|1779824538
|-end|p2a: Walking Wake|Protosynthesis|[silent]
|switch|p2a: Corviknight|Corviknight, M|18/100
|-ability|p2a: Corviknight|Pressure
|move|p1a: Ting-Lu|Whirlwind|p2a: Corviknight
|drag|p2a: Walking Wake|Walking Wake|51/100
|
|-heal|p1a: Ting-Lu|83/100|[from] item: Leftovers
|upkeep
|turn|31
|
|t:|1779824548
|move|p2a: Walking Wake|Knock Off|p1a: Ting-Lu
|-damage|p1a: Ting-Lu|74/100
|-enditem|p1a: Ting-Lu|Leftovers|[from] move: Knock Off|[of] p2a: Walking Wake
|move|p1a: Ting-Lu|Earthquake|p2a: Walking Wake
|-damage|p2a: Walking Wake|11/100
|
|upkeep
|turn|32
|
|t:|1779824564
|move|p2a: Walking Wake|Draco Meteor|p1a: Ting-Lu
|-damage|p1a: Ting-Lu|46/100
|-unboost|p2a: Walking Wake|spa|2
|move|p1a: Ting-Lu|Whirlwind|p2a: Walking Wake
|-end|p2a: Walking Wake|Protosynthesis|[silent]
|drag|p2a: Ogerpon|Ogerpon, F|4/100
|
|upkeep
|turn|33
|
|t:|1779824586
|switch|p1a: Ogerpon|Ogerpon-Wellspring, F|80/100
|-damage|p1a: Ogerpon|68/100|[from] Stealth Rock
|move|p2a: Ogerpon|U-turn|p1a: Ogerpon
|-supereffective|p1a: Ogerpon
|-damage|p1a: Ogerpon|10/100
|
|t:|1779824592
|switch|p2a: Walking Wake|Walking Wake|11/100|[from] U-turn
|
|upkeep
|turn|34
|
|t:|1779824614
|move|p1a: Ogerpon|Horn Leech|p2a: Walking Wake
|-damage|p2a: Walking Wake|0 fnt
|-heal|p1a: Ogerpon|16/100|[from] drain|[of] p2a: Walking Wake
|faint|p2a: Walking Wake
|-end|p2a: Walking Wake|Protosynthesis|[silent]
|
|upkeep
|
|t:|1779824619
|switch|p2a: Ogerpon|Ogerpon, F|4/100
|turn|35
|
|t:|1779824632
|move|p2a: Ogerpon|U-turn|p1a: Ogerpon
|-supereffective|p1a: Ogerpon
|-damage|p1a: Ogerpon|0 fnt
|faint|p1a: Ogerpon
|
|t:|1779824638
|switch|p2a: Blissey|Blissey, F|68/100|[from] U-turn
|
|upkeep
|
|t:|1779824642
|switch|p1a: Dragapult|Dragapult, F|90/100
|-damage|p1a: Dragapult|78/100|[from] Stealth Rock
|turn|36
|
|t:|1779824652
|move|p1a: Dragapult|Draco Meteor|p2a: Blissey
|-damage|p2a: Blissey|45/100
|-unboost|p1a: Dragapult|spa|2
|move|p2a: Blissey|Calm Mind|p2a: Blissey
|-boost|p2a: Blissey|spa|1
|-boost|p2a: Blissey|spd|1
|
|upkeep
|turn|37
|
|t:|1779824663
|move|p1a: Dragapult|Draco Meteor|p2a: Blissey
|-damage|p2a: Blissey|36/100
|-unboost|p1a: Dragapult|spa|2
|move|p2a: Blissey|Soft-Boiled|p2a: Blissey
|-heal|p2a: Blissey|86/100
|
|upkeep
|turn|38
|
|t:|1779824676
|switch|p1a: Kingambit|Kingambit, M|47/100
|-damage|p1a: Kingambit|40/100|[from] Stealth Rock
|-activate|p1a: Kingambit|ability: Supreme Overlord
|-start|p1a: Kingambit|fallen2|[silent]
|move|p2a: Blissey|Calm Mind|p2a: Blissey
|-boost|p2a: Blissey|spa|1
|-boost|p2a: Blissey|spd|1
|
|upkeep
|turn|39
|
|t:|1779824686
|-terastallize|p2a: Blissey|Dark
|move|p1a: Kingambit|Sucker Punch|p2a: Blissey
|-resisted|p2a: Blissey
|-damage|p2a: Blissey|54/100
|move|p2a: Blissey|Seismic Toss|p1a: Kingambit
|-damage|p1a: Kingambit|11/100
|
|upkeep
|turn|40
|
|t:|1779824698
|switch|p2a: Corviknight|Corviknight, M|18/100
|-ability|p2a: Corviknight|Pressure
|move|p1a: Kingambit|Iron Head|p2a: Corviknight
|-resisted|p2a: Corviknight
|-crit|p2a: Corviknight
|-damage|p2a: Corviknight|0 fnt
|faint|p2a: Corviknight
|
|upkeep
|
|t:|1779824705
|switch|p2a: Ogerpon|Ogerpon, F|4/100
|turn|41
|
|t:|1779824716
|move|p1a: Kingambit|Sucker Punch||[still]
|-fail|p1a: Kingambit
|move|p2a: Ogerpon|Encore|p1a: Kingambit
|-start|p1a: Kingambit|Encore
|
|upkeep
|turn|42
|
|t:|1779824726
|-end|p1a: Kingambit|fallen2|[silent]
|switch|p1a: Ting-Lu|Ting-Lu, tera:Poison|46/100
|-damage|p1a: Ting-Lu|34/100|[from] Stealth Rock
|-ability|p1a: Ting-Lu|Vessel of Ruin
|move|p2a: Ogerpon|U-turn|p1a: Ting-Lu
|-resisted|p1a: Ting-Lu
|-damage|p1a: Ting-Lu|27/100
|
|t:|1779824736
|switch|p2a: Blissey|Blissey, F, tera:Dark|54/100|[from] U-turn
|
|upkeep
|turn|43
|
|t:|1779824743
|move|p2a: Blissey|Soft-Boiled|p2a: Blissey
|-heal|p2a: Blissey|100/100
|move|p1a: Ting-Lu|Whirlwind|p2a: Blissey
|drag|p2a: Ogerpon|Ogerpon, F|4/100
|
|upkeep
|turn|44
|
|t:|1779824760
|switch|p1a: Kingambit|Kingambit, M|11/100
|-damage|p1a: Kingambit|5/100|[from] Stealth Rock
|-activate|p1a: Kingambit|ability: Supreme Overlord
|-start|p1a: Kingambit|fallen2|[silent]
|move|p2a: Ogerpon|Ivy Cudgel|p1a: Kingambit
|-resisted|p1a: Kingambit
|-damage|p1a: Kingambit|0 fnt
|faint|p1a: Kingambit
|-end|p1a: Kingambit|fallen2|[silent]
|
|upkeep
|
|t:|1779824771
|switch|p1a: Dragapult|Dragapult, F|78/100
|-damage|p1a: Dragapult|66/100|[from] Stealth Rock
|turn|45
|
|t:|1779824781
|move|p1a: Dragapult|Flamethrower|p2a: Ogerpon
|-supereffective|p2a: Ogerpon
|-crit|p2a: Ogerpon
|-damage|p2a: Ogerpon|0 fnt
|faint|p2a: Ogerpon
|
|upkeep
|
|t:|1779824790
|switch|p2a: Blissey|Blissey, F, tera:Dark|100/100
|turn|46
|
|t:|1779824798
|move|p1a: Dragapult|Flamethrower|p2a: Blissey
|-damage|p2a: Blissey|89/100
|move|p2a: Blissey|Calm Mind|p2a: Blissey
|-boost|p2a: Blissey|spa|1
|-boost|p2a: Blissey|spd|1
|
|upkeep
|turn|47
|inactive|Sofaniyas has 120 seconds left.
|
|t:|1779824851
|switch|p1a: Ting-Lu|Ting-Lu, tera:Poison|27/100
|-damage|p1a: Ting-Lu|15/100|[from] Stealth Rock
|-ability|p1a: Ting-Lu|Vessel of Ruin
|move|p2a: Blissey|Calm Mind|p2a: Blissey
|-boost|p2a: Blissey|spa|1
|-boost|p2a: Blissey|spd|1
|
|upkeep
|turn|48
|
|t:|1779824862
|move|p2a: Blissey|Seismic Toss|p1a: Ting-Lu
|-damage|p1a: Ting-Lu|0 fnt
|faint|p1a: Ting-Lu
|
|upkeep
|
|t:|1779824866
|switch|p1a: Iron Valiant|Iron Valiant|27/100
|-damage|p1a: Iron Valiant|21/100|[from] Stealth Rock
|turn|49
|
|t:|1779824874
|move|p1a: Iron Valiant|Moonblast|p2a: Blissey
|-supereffective|p2a: Blissey
|-damage|p2a: Blissey|74/100
|move|p2a: Blissey|Seismic Toss|p1a: Iron Valiant
|-damage|p1a: Iron Valiant|0 fnt
|faint|p1a: Iron Valiant
|-end|p1a: Iron Valiant|Quark Drive|[silent]
|
|upkeep
|
|t:|1779824881
|switch|p1a: Dragapult|Dragapult, F|66/100
|-damage|p1a: Dragapult|53/100|[from] Stealth Rock
|turn|50
|inactive|Sofaniyas has 120 seconds left.
|
|t:|1779824889
|move|p1a: Dragapult|U-turn|p2a: Blissey
|-supereffective|p2a: Blissey
|-crit|p2a: Blissey
|-damage|p2a: Blissey|20/100
|move|p2a: Blissey|Soft-Boiled|p2a: Blissey
|-heal|p2a: Blissey|70/100
|
|upkeep
|turn|51
|
|t:|1779824895
|move|p1a: Dragapult|U-turn|p2a: Blissey
|-supereffective|p2a: Blissey
|-damage|p2a: Blissey|36/100
|move|p2a: Blissey|Soft-Boiled|p2a: Blissey
|-heal|p2a: Blissey|86/100
|
|upkeep
|turn|52
|
|t:|1779824903
|move|p1a: Dragapult|U-turn|p2a: Blissey
|-supereffective|p2a: Blissey
|-crit|p2a: Blissey
|-damage|p2a: Blissey|29/100
|move|p2a: Blissey|Soft-Boiled|p2a: Blissey
|-heal|p2a: Blissey|79/100
|
|upkeep
|turn|53
|
|t:|1779824909
|move|p1a: Dragapult|U-turn|p2a: Blissey
|-supereffective|p2a: Blissey
|-damage|p2a: Blissey|47/100
|move|p2a: Blissey|Calm Mind|p2a: Blissey
|-boost|p2a: Blissey|spa|1
|-boost|p2a: Blissey|spd|1
|
|upkeep
|turn|54
|
|t:|1779824917
|move|p1a: Dragapult|U-turn|p2a: Blissey
|-supereffective|p2a: Blissey
|-damage|p2a: Blissey|12/100
|move|p2a: Blissey|Soft-Boiled|p2a: Blissey
|-heal|p2a: Blissey|62/100
|
|upkeep
|turn|55
|
|t:|1779824926
|move|p1a: Dragapult|U-turn|p2a: Blissey
|-supereffective|p2a: Blissey
|-damage|p2a: Blissey|25/100
|move|p2a: Blissey|Calm Mind|p2a: Blissey
|-boost|p2a: Blissey|spa|1
|-boost|p2a: Blissey|spd|1
|
|upkeep
|turn|56
|
|t:|1779824939
|move|p1a: Dragapult|U-turn|p2a: Blissey
|-supereffective|p2a: Blissey
|-damage|p2a: Blissey|0 fnt
|faint|p2a: Blissey
|
|win|Sofaniyas
|raw|Sofaniyas's rating: 1176 &rarr; <strong>1199</strong><br />(+23 for winning)
|raw|claudechamp's rating: 1149 &rarr; <strong>1126</strong><br />(-23 for losing)
|c|☆claudechamp|gg
|c|☆Sofaniyas|GG
|c|☆Sofaniyas|good one
