|j|☆MiDash15
|j|☆jodoto
|t:|1779897876
|gametype|singles
|player|p1|MiDash15|gardenia|1084
|player|p2|jodoto|169|1086
|gen|9
|tier|[Gen 9] OU
|rated|
|rule|HP Percentage Mod: HP is shown in percentages
|rule|Endless Battle Clause: Forcing endless battles is banned
|rule|Species Clause: Limit one of each Pokémon
|rule|OHKO Clause: OHKO moves are banned
|rule|Evasion Items Clause: Evasion items are banned
|rule|Evasion Moves Clause: Evasion moves are banned
|rule|Evasion Abilities Clause: Evasion abilities are banned
|rule|Sleep Moves Clause: Sleep-inducing moves are banned
|clearpoke
|poke|p1|Gholdengo|
|poke|p1|Ting-Lu|
|poke|p1|Tornadus-Therian, M|
|poke|p1|Zarude|
|poke|p1|Great Tusk|
|poke|p1|Slowking-Galar, F|
|poke|p2|Dragonite, M|
|poke|p2|Ting-Lu|
|poke|p2|Clefable, M|
|poke|p2|Pecharunt|
|poke|p2|Heatran, F|
|poke|p2|Zamazenta-*|
|teampreview
|inactive|Battle timer is ON: inactive players will automatically lose when time's up. (requested by MiDash15)
|
|t:|1779897884
|teamsize|p1|6
|teamsize|p2|6
|start
|switch|p1a: Zarude|Zarude|100/100
|switch|p2a: Ting-Lu|Ting-Lu|100/100
|-ability|p2a: Ting-Lu|Vessel of Ruin
|turn|1
|inactive|jodoto has 120 seconds left.
|
|t:|1779897927
|move|p1a: Zarude|Bulk Up|p1a: Zarude
|-boost|p1a: Zarude|atk|1
|-boost|p1a: Zarude|def|1
|move|p2a: Ting-Lu|Spikes|p1a: Zarude
|-sidestart|p1: MiDash15|Spikes
|
|upkeep
|turn|2
|
|t:|1779897955
|move|p1a: Zarude|Close Combat|p2a: Ting-Lu
|-supereffective|p2a: Ting-Lu
|-damage|p2a: Ting-Lu|36/100
|-unboost|p1a: Zarude|def|1
|-unboost|p1a: Zarude|spd|1
|move|p2a: Ting-Lu|Whirlwind|p1a: Zarude
|drag|p1a: Slowking|Slowking-Galar, F|100/100
|
|-heal|p2a: Ting-Lu|43/100|[from] item: Leftovers
|upkeep
|turn|3
|inactive|jodoto has 90 seconds left.
|
|t:|1779897993
|switch|p1a: Tornadus|Tornadus-Therian, M, shiny|100/100
|move|p2a: Ting-Lu|Earthquake|p1a: Tornadus
|-immune|p1a: Tornadus
|
|-heal|p2a: Ting-Lu|49/100|[from] item: Leftovers
|upkeep
|turn|4
|inactive|jodoto has 60 seconds left.
|
|t:|1779898016
|move|p1a: Tornadus|Taunt|p2a: Ting-Lu
|-start|p2a: Ting-Lu|move: Taunt
|move|p2a: Ting-Lu|Ruination|p1a: Tornadus
|-damage|p1a: Tornadus|50/100
|
|-heal|p2a: Ting-Lu|55/100|[from] item: Leftovers
|upkeep
|turn|5
|inactive|jodoto has 60 seconds left.
|
|t:|1779898046
|switch|p2a: Heatran|Heatran, F|100/100
|move|p1a: Tornadus|U-turn|p2a: Heatran
|-resisted|p2a: Heatran
|-damage|p2a: Heatran|98/100
|
|t:|1779898051
|switch|p1a: Great Tusk|Great Tusk|100/100|[from] U-turn
|-damage|p1a: Great Tusk|88/100|[from] Spikes
|
|-heal|p2a: Heatran|100/100|[from] item: Leftovers
|upkeep
|turn|6
|
|t:|1779898067
|move|p1a: Great Tusk|Knock Off|p2a: Heatran
|-damage|p2a: Heatran|76/100
|-enditem|p2a: Heatran|Leftovers|[from] move: Knock Off|[of] p1a: Great Tusk
|move|p2a: Heatran|Will-O-Wisp|p1a: Great Tusk
|-status|p1a: Great Tusk|brn
|
|-damage|p1a: Great Tusk|82/100 brn|[from] brn
|upkeep
|turn|7
|
|t:|1779898083
|move|p1a: Great Tusk|Rapid Spin|p2a: Heatran
|-resisted|p2a: Heatran
|-damage|p2a: Heatran|74/100
|-boost|p1a: Great Tusk|spe|1
|-sideend|p1: MiDash15|Spikes|[from] move: Rapid Spin|[of] p1a: Great Tusk
|move|p2a: Heatran|Magma Storm|p1a: Great Tusk|[miss]
|-miss|p2a: Heatran|p1a: Great Tusk
|
|-damage|p1a: Great Tusk|76/100 brn|[from] brn
|upkeep
|turn|8
|
|t:|1779898092
|move|p1a: Great Tusk|Headlong Rush|p2a: Heatran
|-supereffective|p2a: Heatran
|-damage|p2a: Heatran|0 fnt
|-unboost|p1a: Great Tusk|def|1
|-unboost|p1a: Great Tusk|spd|1
|faint|p2a: Heatran
|
|-damage|p1a: Great Tusk|69/100 brn|[from] brn
|upkeep
|inactive|jodoto has 30 seconds left.
|inactive|jodoto has 20 seconds left.
|
|t:|1779898125
|switch|p2a: Clefable|Clefable, M|100/100
|turn|9
|inactive|jodoto has 30 seconds left this turn.
|inactive|jodoto has 20 seconds left.
|inactive|jodoto has 15 seconds left.
|inactive|jodoto has 10 seconds left.
|
|t:|1779898146
|-end|p1a: Great Tusk|Protosynthesis|[silent]
|switch|p1a: Gholdengo|Gholdengo|100/100
|-item|p1a: Gholdengo|Air Balloon
|move|p2a: Clefable|Moonblast|p1a: Gholdengo
|-resisted|p1a: Gholdengo
|-damage|p1a: Gholdengo|84/100
|-enditem|p1a: Gholdengo|Air Balloon
|
|upkeep
|turn|10
|inactive|jodoto has 20 seconds left this turn.
|inactive|jodoto has 15 seconds left.
|
|t:|1779898156
|move|p1a: Gholdengo|Make It Rain|p2a: Clefable
|-supereffective|p2a: Clefable
|-damage|p2a: Clefable|0 fnt
|-unboost|p1a: Gholdengo|spa|1
|faint|p2a: Clefable
|
|upkeep
|inactive|jodoto has 20 seconds left this turn.
|inactive|jodoto has 15 seconds left.
|-message|jodoto forfeited.
|
|win|MiDash15
|raw|MiDash15's rating: 1084 &rarr; <strong>1112</strong><br />(+28 for winning)
|raw|jodoto's rating: 1086 &rarr; <strong>1063</strong><br />(-23 for losing)
|l|☆jodoto
|player|p2|
|l|☆MiDash15
|player|p1|
