|j|☆diosobones
|j|☆g.dini
|t:|1779802963
|gametype|singles
|player|p1|diosobones|backersf|1366
|player|p2|g.dini|169|1335
|gen|9
|tier|[Gen 9] OU
|rated|
|rule|HP Percentage Mod: HP is shown in percentages
|rule|Endless Battle Clause: Forcing endless battles is banned
|rule|Species Clause: Limit one of each Pokémon
|rule|OHKO Clause: OHKO moves are banned
|rule|Evasion Items Clause: Evasion items are banned
|rule|Evasion Moves Clause: Evasion moves are banned
|rule|Evasion Abilities Clause: Evasion abilities are banned
|rule|Sleep Moves Clause: Sleep-inducing moves are banned
|clearpoke
|poke|p1|Lokix, M|
|poke|p1|Slowking-Galar, F|
|poke|p1|Alomomola, F|
|poke|p1|Great Tusk|
|poke|p1|Hydrapple, F|
|poke|p1|Enamorus, F|
|poke|p2|Ditto|
|poke|p2|Mandibuzz, F|
|poke|p2|Chansey, F|
|poke|p2|Quagsire, F|
|poke|p2|Garganacl, M|
|poke|p2|Slowking-Galar, F|
|teampreview
|inactive|Battle timer is ON: inactive players will automatically lose when time's up. (requested by diosobones)
|
|t:|1779802977
|teamsize|p1|6
|teamsize|p2|6
|start
|switch|p1a: Lokix|Lokix, M|100/100
|switch|p2a: Mandibuzz|Mandibuzz, F|100/100
|turn|1
|
|t:|1779802987
|move|p1a: Lokix|U-turn|p2a: Mandibuzz
|-damage|p2a: Mandibuzz|79/100
|
|t:|1779802994
|switch|p1a: Slowking|Slowking-Galar, F|100/100|[from] U-turn
|move|p2a: Mandibuzz|Knock Off|p1a: Slowking
|-supereffective|p1a: Slowking
|-damage|p1a: Slowking|53/100
|-enditem|p1a: Slowking|Heavy-Duty Boots|[from] move: Knock Off|[of] p2a: Mandibuzz
|
|-heal|p2a: Mandibuzz|85/100|[from] item: Leftovers
|upkeep
|turn|2
|
|t:|1779803007
|switch|p2a: Slowking|Slowking-Galar, F|100/100
|move|p1a: Slowking|Thunder Wave|p2a: Slowking|[miss]
|-miss|p1a: Slowking|p2a: Slowking
|
|upkeep
|turn|3
|
|t:|1779803013
|switch|p2a: Quagsire|Quagsire, F|100/100
|-prepare|p1a: Slowking|Chilly Reception|[premajor]
|move|p1a: Slowking|Chilly Reception|p1a: Slowking
|-weather|Snowscape
|c|☆g.dini|hello noob
|
|t:|1779803020
|switch|p1a: Hydrapple|Hydrapple, F|100/100|[from] Chilly Reception
|
|-weather|Snowscape|[upkeep]
|upkeep
|turn|4
|
|t:|1779803033
|switch|p2a: Chansey|Chansey, F|100/100
|-terastallize|p1a: Hydrapple|Poison
|move|p1a: Hydrapple|Nasty Plot|p1a: Hydrapple
|-boost|p1a: Hydrapple|spa|2
|
|-weather|Snowscape|[upkeep]
|upkeep
|turn|5
|
|t:|1779803040
|move|p2a: Chansey|Thunder Wave|p1a: Hydrapple
|-status|p1a: Hydrapple|par
|move|p1a: Hydrapple|Nasty Plot|p1a: Hydrapple
|-boost|p1a: Hydrapple|spa|2
|
|-weather|Snowscape|[upkeep]
|upkeep
|turn|6
|
|t:|1779803047
|move|p2a: Chansey|Seismic Toss|p1a: Hydrapple
|-damage|p1a: Hydrapple|76/100 par
|-damage|p2a: Chansey|84/100|[from] item: Rocky Helmet|[of] p1a: Hydrapple
|move|p1a: Hydrapple|Nasty Plot|p1a: Hydrapple
|-boost|p1a: Hydrapple|spa|2
|
|-weather|Snowscape|[upkeep]
|upkeep
|turn|7
|
|t:|1779803060
|move|p2a: Chansey|Soft-Boiled|p2a: Chansey
|-heal|p2a: Chansey|100/100
|move|p1a: Hydrapple|Giga Drain|p2a: Chansey
|-damage|p2a: Chansey|65/100
|-heal|p1a: Hydrapple|100/100 par|[from] drain|[of] p2a: Chansey
|
|-weather|none
|upkeep
|turn|8
|
|t:|1779803069
|move|p2a: Chansey|Soft-Boiled|p2a: Chansey
|-heal|p2a: Chansey|100/100
|move|p1a: Hydrapple|Fickle Beam|p2a: Chansey
|-damage|p2a: Chansey|60/100
|
|upkeep
|turn|9
|
|t:|1779803076
|move|p2a: Chansey|Soft-Boiled|p2a: Chansey
|-heal|p2a: Chansey|100/100
|cant|p1a: Hydrapple|par
|
|upkeep
|turn|10
|
|t:|1779803095
|switch|p2a: Mandibuzz|Mandibuzz, F|85/100
|move|p1a: Hydrapple|Giga Drain|p2a: Mandibuzz
|-resisted|p2a: Mandibuzz
|-damage|p2a: Mandibuzz|42/100
|
|-heal|p2a: Mandibuzz|48/100|[from] item: Leftovers
|upkeep
|turn|11
|
|t:|1779803104
|move|p2a: Mandibuzz|Knock Off|p1a: Hydrapple
|-damage|p1a: Hydrapple|87/100 par
|-damage|p2a: Mandibuzz|31/100|[from] item: Rocky Helmet|[of] p1a: Hydrapple
|-enditem|p1a: Hydrapple|Rocky Helmet|[from] move: Knock Off|[of] p2a: Mandibuzz
|move|p1a: Hydrapple|Fickle Beam|p2a: Mandibuzz
|-damage|p2a: Mandibuzz|0 fnt
|faint|p2a: Mandibuzz
|
|upkeep
|
|t:|1779803112
|switch|p2a: Ditto|Ditto|100/100
|-transform|p2a: Ditto|p1a: Hydrapple|[from] ability: Imposter
|-start|p2a: Ditto|typechange|Grass/Dragon|[silent]
|turn|12
|
|t:|1779803131
|move|p2a: Ditto|Giga Drain|p1a: Hydrapple
|-resisted|p1a: Hydrapple
|-damage|p1a: Hydrapple|30/100 par
|move|p1a: Hydrapple|Fickle Beam|p2a: Ditto
|-supereffective|p2a: Ditto
|-damage|p2a: Ditto|0 fnt
|faint|p2a: Ditto
|
|upkeep
|-message|g.dini forfeited.
|
|win|diosobones
|raw|diosobones's rating: 1366 &rarr; <strong>1384</strong><br />(+18 for winning)
|raw|g.dini's rating: 1335 &rarr; <strong>1317</strong><br />(-18 for losing)
|l|☆g.dini
|player|p2|
|l|☆diosobones
|player|p1|
