|j|☆Hunter_of_Keys
|j|☆Curbs
|t:|1779848835
|gametype|singles
|player|p1|Hunter_of_Keys|veteran|1573
|player|p2|Curbs|n|1600
|gen|9
|tier|[Gen 9] OU
|rated|
|rule|HP Percentage Mod: HP is shown in percentages
|rule|Endless Battle Clause: Forcing endless battles is banned
|rule|Species Clause: Limit one of each Pokémon
|rule|OHKO Clause: OHKO moves are banned
|rule|Evasion Items Clause: Evasion items are banned
|rule|Evasion Moves Clause: Evasion moves are banned
|rule|Evasion Abilities Clause: Evasion abilities are banned
|rule|Sleep Moves Clause: Sleep-inducing moves are banned
|clearpoke
|poke|p1|Gallade, M|
|poke|p1|Armarouge, F|
|poke|p1|Indeedee, M|
|poke|p1|Cresselia, F|
|poke|p1|Rabsca, F|
|poke|p1|Espeon, M|
|poke|p2|Iron Moth|
|poke|p2|Gliscor, M|
|poke|p2|Hatterene, F|
|poke|p2|Ogerpon-Wellspring, F|
|poke|p2|Raging Bolt|
|poke|p2|Zamazenta-*|
|teampreview
|inactive|Battle timer is ON: inactive players will automatically lose when time's up. (requested by Curbs)
|inactive|Hunter_of_Keys also wants the timer to be on.
|inactive|Curbs has 120 seconds left.
|
|t:|1779848868
|teamsize|p1|6
|teamsize|p2|6
|start
|switch|p1a: Indeedee|Indeedee, M|100/100
|switch|p2a: Zamazenta|Zamazenta|100/100
|-ability|p2a: Zamazenta|Dauntless Shield|boost
|-boost|p2a: Zamazenta|def|1
|-fieldstart|move: Psychic Terrain|[from] ability: Psychic Surge|[of] p1a: Indeedee
|turn|1
|
|t:|1779848872
|switch|p1a: Armarouge|Armarouge, F|100/100
|move|p2a: Zamazenta|Light Screen|p2a: Zamazenta
|-sidestart|p2: Curbs|move: Light Screen
|
|upkeep
|turn|2
|
|t:|1779848880
|switch|p2a: Ogerpon|Ogerpon-Wellspring, F|100/100
|move|p1a: Armarouge|Expanding Force|p2a: Ogerpon
|-damage|p2a: Ogerpon|52/100
|
|upkeep
|turn|3
|
|t:|1779848885
|move|p1a: Armarouge|Endure|p1a: Armarouge
|-singleturn|p1a: Armarouge|move: Endure
|move|p2a: Ogerpon|Ivy Cudgel|p1a: Armarouge|[anim] Ivy Cudgel Water
|-supereffective|p1a: Armarouge
|-activate|p1a: Armarouge|move: Endure
|-damage|p1a: Armarouge|1/100
|-ability|p1a: Armarouge|Weak Armor|boost
|-unboost|p1a: Armarouge|def|1
|-boost|p1a: Armarouge|spe|2
|-enditem|p1a: Armarouge|Weakness Policy
|-boost|p1a: Armarouge|atk|2|[from] item: Weakness Policy
|-boost|p1a: Armarouge|spa|2|[from] item: Weakness Policy
|
|upkeep
|turn|4
|
|t:|1779848890
|move|p1a: Armarouge|Expanding Force|p2a: Ogerpon
|-damage|p2a: Ogerpon|0 fnt
|faint|p2a: Ogerpon
|
|upkeep
|
|t:|1779848897
|switch|p2a: Hatterene|Hatterene, F|100/100
|turn|5
|
|t:|1779848900
|move|p1a: Armarouge|Destiny Bond|p1a: Armarouge
|-singlemove|p1a: Armarouge|Destiny Bond
|move|p2a: Hatterene|Draining Kiss|p1a: Armarouge
|-resisted|p1a: Armarouge
|-damage|p1a: Armarouge|0 fnt
|faint|p1a: Armarouge
|-activate|p1a: Armarouge|move: Destiny Bond
|faint|p2a: Hatterene
|
|upkeep
|
|t:|1779848912
|switch|p1a: Gallade|Gallade, M|100/100
|switch|p2a: Iron Moth|Iron Moth|100/100
|-enditem|p2a: Iron Moth|Booster Energy
|-activate|p2a: Iron Moth|ability: Quark Drive|[fromitem]
|-start|p2a: Iron Moth|quarkdrivespe
|turn|6
|j| samurajen
|
|t:|1779848936
|move|p2a: Iron Moth|Fiery Dance|p1a: Gallade
|-damage|p1a: Gallade|57/100
|-boost|p2a: Iron Moth|spa|1
|move|p1a: Gallade|Psycho Cut|p2a: Iron Moth
|-supereffective|p2a: Iron Moth
|-damage|p2a: Iron Moth|0 fnt
|faint|p2a: Iron Moth
|-end|p2a: Iron Moth|Quark Drive|[silent]
|
|upkeep
|
|t:|1779848945
|switch|p2a: Raging Bolt|Raging Bolt|100/100
|-enditem|p2a: Raging Bolt|Booster Energy
|-activate|p2a: Raging Bolt|ability: Protosynthesis|[fromitem]
|-start|p2a: Raging Bolt|protosynthesisspa
|turn|7
|
|t:|1779848954
|move|p1a: Gallade|Psycho Cut|p2a: Raging Bolt
|-damage|p2a: Raging Bolt|39/100
|move|p2a: Raging Bolt|Thunderbolt|p1a: Gallade
|-damage|p1a: Gallade|0 fnt
|faint|p1a: Gallade
|
|upkeep
|
|t:|1779848961
|switch|p1a: Espeon|Espeon, M|100/100
|turn|8
|
|t:|1779848964
|move|p1a: Espeon|Psychic Noise|p2a: Raging Bolt
|-damage|p2a: Raging Bolt|17/100
|-start|p2a: Raging Bolt|move: Heal Block
|move|p2a: Raging Bolt|Thunderbolt|p1a: Espeon
|-damage|p1a: Espeon|27/100
|-status|p1a: Espeon|par
|
|-sideend|p2: Curbs|move: Light Screen
|-fieldend|move: Psychic Terrain
|upkeep
|turn|9
|
|t:|1779848970
|move|p2a: Raging Bolt|Thunderbolt|p1a: Espeon
|-damage|p1a: Espeon|0 fnt
|faint|p1a: Espeon
|
|-end|p2a: Raging Bolt|move: Heal Block
|upkeep
|
|t:|1779848971
|switch|p1a: Indeedee|Indeedee, M|100/100
|-fieldstart|move: Psychic Terrain|[from] ability: Psychic Surge|[of] p1a: Indeedee
|turn|10
|
|t:|1779848975
|move|p1a: Indeedee|Expanding Force|p2a: Raging Bolt
|-damage|p2a: Raging Bolt|0 fnt
|faint|p2a: Raging Bolt
|-end|p2a: Raging Bolt|Protosynthesis|[silent]
|
|upkeep
|
|t:|1779848978
|switch|p2a: Zamazenta|Zamazenta|100/100
|turn|11
|
|t:|1779848981
|move|p2a: Zamazenta|Light Screen|p2a: Zamazenta
|-sidestart|p2: Curbs|move: Light Screen
|move|p1a: Indeedee|Expanding Force|p2a: Zamazenta
|-supereffective|p2a: Zamazenta
|-damage|p2a: Zamazenta|41/100
|
|upkeep
|turn|12
|inactive|Curbs has 120 seconds left.
|
|t:|1779849013
|move|p2a: Zamazenta|Close Combat|p1a: Indeedee
|-damage|p1a: Indeedee|0 fnt
|-unboost|p2a: Zamazenta|def|1
|-unboost|p2a: Zamazenta|spd|1
|faint|p1a: Indeedee
|
|upkeep
|
|t:|1779849017
|switch|p1a: Rabsca|Rabsca, F|100/100
|turn|13
|
|t:|1779849023
|move|p2a: Zamazenta|Reflect|p2a: Zamazenta
|-sidestart|p2: Curbs|Reflect
|move|p1a: Rabsca|Revival Blessing|p1a: Rabsca
|-enditem|p1a: Rabsca|Leppa Berry|[eat]
|-activate|p1a: Rabsca|item: Leppa Berry|Revival Blessing|[consumed]
|
|t:|1779849032
|-heal|p1: Indeedee|50/100|[from] move: Revival Blessing
|
|upkeep
|turn|14
|
|t:|1779849045
|switch|p2a: Gliscor|Gliscor, M|100/100
|move|p1a: Rabsca|Revival Blessing|p1a: Rabsca
|
|t:|1779849050
|-heal|p1: Gallade|50/100|[from] move: Revival Blessing
|
|-status|p2a: Gliscor|tox|[from] item: Toxic Orb
|upkeep
|turn|15
|
|t:|1779849058
|move|p2a: Gliscor|Agility|p2a: Gliscor
|-boost|p2a: Gliscor|spe|2
|move|p1a: Rabsca|Speed Swap|p2a: Gliscor
|-activate|p1a: Rabsca|move: Speed Swap|[of] p2a: Gliscor
|
|upkeep
|turn|16
|
|t:|1779849063
|move|p1a: Rabsca|Psychic Noise|p2a: Gliscor
|-damage|p2a: Gliscor|77/100 tox
|-start|p2a: Gliscor|move: Heal Block
|move|p2a: Gliscor|Swords Dance|p2a: Gliscor
|-boost|p2a: Gliscor|atk|2
|
|upkeep
|turn|17
|
|t:|1779849071
|move|p1a: Rabsca|Psychic Noise|p2a: Gliscor
|-damage|p2a: Gliscor|51/100 tox
|move|p2a: Gliscor|Swords Dance|p2a: Gliscor
|-boost|p2a: Gliscor|atk|2
|
|-end|p2a: Gliscor|move: Heal Block
|-fieldend|move: Psychic Terrain
|upkeep
|turn|18
|
|t:|1779849075
|move|p1a: Rabsca|Psychic Noise|p2a: Gliscor
|-damage|p2a: Gliscor|31/100 tox
|-start|p2a: Gliscor|move: Heal Block
|move|p2a: Gliscor|Facade|p1a: Rabsca
|-damage|p1a: Rabsca|0 fnt
|faint|p1a: Rabsca
|
|-sideend|p2: Curbs|move: Light Screen
|upkeep
|
|t:|1779849083
|switch|p1a: Indeedee|Indeedee, M|50/100
|-fieldstart|move: Psychic Terrain|[from] ability: Psychic Surge|[of] p1a: Indeedee
|turn|19
|
|t:|1779849086
|move|p1a: Indeedee|Expanding Force|p2a: Gliscor
|-crit|p2a: Gliscor
|-damage|p2a: Gliscor|0 fnt
|faint|p2a: Gliscor
|
|upkeep
|-message|Curbs forfeited.
|
|win|Hunter_of_Keys
|raw|Hunter_of_Keys's rating: 1573 &rarr; <strong>1595</strong><br />(+22 for winning)
|raw|Curbs's rating: 1600 &rarr; <strong>1578</strong><br />(-22 for losing)
|l|☆Curbs
|player|p2|
|l|☆Hunter_of_Keys
|player|p1|
