|j|☆kitakami kitchen
|j|☆majorasmog
|t:|1779846399
|gametype|singles
|player|p1|kitakami kitchen|roxie|1469
|player|p2|majorasmog|galacticgruntf|1526
|gen|9
|tier|[Gen 9] OU
|rated|
|rule|HP Percentage Mod: HP is shown in percentages
|rule|Endless Battle Clause: Forcing endless battles is banned
|rule|Species Clause: Limit one of each Pokémon
|rule|OHKO Clause: OHKO moves are banned
|rule|Evasion Items Clause: Evasion items are banned
|rule|Evasion Moves Clause: Evasion moves are banned
|rule|Evasion Abilities Clause: Evasion abilities are banned
|rule|Sleep Moves Clause: Sleep-inducing moves are banned
|clearpoke
|poke|p1|Rillaboom, M|
|poke|p1|Hawlucha, F|
|poke|p1|Hatterene, F|
|poke|p1|Incineroar, F|
|poke|p1|Glimmora, M|
|poke|p1|Ogerpon-Wellspring, F|
|poke|p2|Walking Wake|
|poke|p2|Ninetales, F|
|poke|p2|Raging Bolt|
|poke|p2|Ceruledge, F|
|poke|p2|Great Tusk|
|poke|p2|Cresselia, F|
|teampreview
|inactive|Battle timer is ON: inactive players will automatically lose when time's up. (requested by majorasmog)
|
|t:|1779846406
|teamsize|p1|6
|teamsize|p2|6
|start
|switch|p1a: Glimmora|Glimmora, M|100/100
|switch|p2a: Ninetales|Ninetales, F|100/100
|-weather|SunnyDay|[from] ability: Drought|[of] p2a: Ninetales
|turn|1
|
|t:|1779846410
|switch|p2a: Cresselia|Cresselia, F|100/100
|move|p1a: Glimmora|Meteor Beam||[still]
|-prepare|p1a: Glimmora|Meteor Beam
|-boost|p1a: Glimmora|spa|1
|-enditem|p1a: Glimmora|Power Herb
|-anim|p1a: Glimmora|Meteor Beam|p2a: Cresselia
|-damage|p2a: Cresselia|47/100
|-enditem|p2a: Cresselia|Eject Button
|
|t:|1779846419
|switch|p2a: Walking Wake|Walking Wake|100/100
|-activate|p2a: Walking Wake|ability: Protosynthesis
|-start|p2a: Walking Wake|protosynthesisspe
|
|-weather|SunnyDay|[upkeep]
|upkeep
|turn|2
|
|t:|1779846437
|switch|p1a: Rillaboom|Rillaboom, M|100/100
|-fieldstart|move: Grassy Terrain|[from] ability: Grassy Surge|[of] p1a: Rillaboom
|move|p2a: Walking Wake|Hydro Steam|p1a: Rillaboom
|-resisted|p1a: Rillaboom
|-damage|p1a: Rillaboom|48/100
|
|-weather|SunnyDay|[upkeep]
|-heal|p1a: Rillaboom|55/100|[from] Grassy Terrain
|upkeep
|turn|3
|
|t:|1779846442
|-end|p2a: Walking Wake|Protosynthesis|[silent]
|switch|p2a: Raging Bolt|Raging Bolt|100/100
|-activate|p2a: Raging Bolt|ability: Protosynthesis
|-start|p2a: Raging Bolt|protosynthesisspa
|switch|p1a: Ogerpon|Ogerpon-Wellspring, F|100/100
|
|-weather|SunnyDay|[upkeep]
|upkeep
|turn|4
|
|t:|1779846456
|move|p1a: Ogerpon|Play Rough|p2a: Raging Bolt
|-supereffective|p2a: Raging Bolt
|-damage|p2a: Raging Bolt|32/100
|-unboost|p2a: Raging Bolt|atk|1
|move|p2a: Raging Bolt|Volt Switch|p1a: Ogerpon
|-damage|p1a: Ogerpon|35/100
|inactive|majorasmog has 120 seconds left.
|
|t:|1779846493
|-end|p2a: Raging Bolt|Protosynthesis|[silent]
|switch|p2a: Cresselia|Cresselia, F|47/100|[from] Volt Switch
|
|-weather|SunnyDay|[upkeep]
|-heal|p1a: Ogerpon|41/100|[from] Grassy Terrain
|upkeep
|turn|5
|
|t:|1779846499
|move|p1a: Ogerpon|Swords Dance|p1a: Ogerpon
|-boost|p1a: Ogerpon|atk|2
|move|p2a: Cresselia|Moonlight|p2a: Cresselia
|-heal|p2a: Cresselia|100/100
|
|-weather|SunnyDay|[upkeep]
|-heal|p1a: Ogerpon|47/100|[from] Grassy Terrain
|upkeep
|turn|6
|
|t:|1779846504
|move|p1a: Ogerpon|Swords Dance|p1a: Ogerpon
|-boost|p1a: Ogerpon|atk|2
|move|p2a: Cresselia|Thunder Wave|p1a: Ogerpon
|-status|p1a: Ogerpon|par
|
|-weather|SunnyDay|[upkeep]
|-heal|p1a: Ogerpon|53/100 par|[from] Grassy Terrain
|upkeep
|turn|7
|
|t:|1779846516
|move|p2a: Cresselia|Psychic|p1a: Ogerpon
|-damage|p1a: Ogerpon|25/100 par
|move|p1a: Ogerpon|Swords Dance|p1a: Ogerpon
|-boost|p1a: Ogerpon|atk|2
|
|-weather|SunnyDay|[upkeep]
|-heal|p1a: Ogerpon|31/100 par|[from] Grassy Terrain
|upkeep
|turn|8
|
|t:|1779846518
|move|p1a: Ogerpon|Grassy Glide|p2a: Cresselia
|-damage|p2a: Cresselia|0 fnt
|faint|p2a: Cresselia
|
|-weather|none
|-heal|p1a: Ogerpon|37/100 par|[from] Grassy Terrain
|upkeep
|
|t:|1779846536
|switch|p2a: Raging Bolt|Raging Bolt|32/100
|turn|9
|
|t:|1779846542
|switch|p1a: Hawlucha|Hawlucha, F|100/100
|-enditem|p1a: Hawlucha|Grassy Seed
|-boost|p1a: Hawlucha|def|1|[from] item: Grassy Seed
|move|p2a: Raging Bolt|Volt Switch|p1a: Hawlucha
|-supereffective|p1a: Hawlucha
|-crit|p1a: Hawlucha
|-damage|p1a: Hawlucha|0 fnt
|faint|p1a: Hawlucha
|
|t:|1779846550
|-end|p2a: Raging Bolt|Protosynthesis|[silent]
|switch|p2a: Ninetales|Ninetales, F|100/100|[from] Volt Switch
|-weather|SunnyDay|[from] ability: Drought|[of] p2a: Ninetales
|
|-weather|SunnyDay|[upkeep]
|-fieldend|move: Grassy Terrain
|upkeep
|
|t:|1779846559
|switch|p1a: Glimmora|Glimmora, M|100/100
|turn|10
|
|t:|1779846568
|switch|p2a: Great Tusk|Great Tusk|100/100
|-activate|p2a: Great Tusk|ability: Protosynthesis
|-start|p2a: Great Tusk|protosynthesisspe
|move|p1a: Glimmora|Mortal Spin|p2a: Great Tusk
|-resisted|p2a: Great Tusk
|-damage|p2a: Great Tusk|99/100
|-status|p2a: Great Tusk|psn
|-damage|p1a: Glimmora|84/100|[from] item: Rocky Helmet|[of] p2a: Great Tusk
|
|-weather|SunnyDay|[upkeep]
|-damage|p2a: Great Tusk|86/100 psn|[from] psn
|upkeep
|turn|11
|
|t:|1779846574
|switch|p1a: Ogerpon|Ogerpon-Wellspring, F|37/100 par
|move|p2a: Great Tusk|Headlong Rush|p1a: Ogerpon
|-resisted|p1a: Ogerpon
|-damage|p1a: Ogerpon|4/100 par
|-unboost|p2a: Great Tusk|def|1
|-unboost|p2a: Great Tusk|spd|1
|
|-weather|SunnyDay|[upkeep]
|-damage|p2a: Great Tusk|74/100 psn|[from] psn
|upkeep
|turn|12
|
|t:|1779846579
|switch|p1a: Rillaboom|Rillaboom, M|55/100
|-fieldstart|move: Grassy Terrain|[from] ability: Grassy Surge|[of] p1a: Rillaboom
|move|p2a: Great Tusk|Rapid Spin|p1a: Rillaboom
|-damage|p1a: Rillaboom|40/100
|-boost|p2a: Great Tusk|spe|1
|
|-weather|SunnyDay|[upkeep]
|-heal|p2a: Great Tusk|80/100 psn|[from] Grassy Terrain
|-heal|p1a: Rillaboom|46/100|[from] Grassy Terrain
|-damage|p2a: Great Tusk|68/100 psn|[from] psn
|upkeep
|turn|13
|
|t:|1779846584
|-end|p2a: Great Tusk|Protosynthesis|[silent]
|switch|p2a: Ceruledge|Ceruledge, F|100/100
|move|p1a: Rillaboom|U-turn|p2a: Ceruledge
|-resisted|p2a: Ceruledge
|-damage|p2a: Ceruledge|92/100
|-ability|p2a: Ceruledge|Weak Armor|boost
|-unboost|p2a: Ceruledge|def|1
|-boost|p2a: Ceruledge|spe|2
|
|t:|1779846587
|switch|p1a: Incineroar|Incineroar, F|100/100|[from] U-turn
|-ability|p1a: Incineroar|Intimidate|boost
|-unboost|p2a: Ceruledge|atk|1
|-enditem|p1a: Incineroar|Grassy Seed
|-boost|p1a: Incineroar|def|1|[from] item: Grassy Seed
|
|-weather|SunnyDay|[upkeep]
|-heal|p2a: Ceruledge|98/100|[from] Grassy Terrain
|upkeep
|turn|14
|
|t:|1779846594
|switch|p2a: Great Tusk|Great Tusk|68/100 psn
|-activate|p2a: Great Tusk|ability: Protosynthesis
|-start|p2a: Great Tusk|protosynthesisspe
|move|p1a: Incineroar|Bulk Up|p1a: Incineroar
|-boost|p1a: Incineroar|atk|1
|-boost|p1a: Incineroar|def|1
|
|-weather|SunnyDay|[upkeep]
|-heal|p2a: Great Tusk|74/100 psn|[from] Grassy Terrain
|-damage|p2a: Great Tusk|61/100 psn|[from] psn
|upkeep
|turn|15
|
|t:|1779846600
|-end|p2a: Great Tusk|Protosynthesis|[silent]
|switch|p2a: Ninetales|Ninetales, F|100/100
|-terastallize|p1a: Incineroar|Dark
|move|p1a: Incineroar|Flame Charge|p2a: Ninetales
|-resisted|p2a: Ninetales
|-damage|p2a: Ninetales|69/100
|-boost|p1a: Incineroar|spe|1
|
|-weather|SunnyDay|[upkeep]
|-heal|p2a: Ninetales|75/100|[from] Grassy Terrain
|upkeep
|turn|16
|
|t:|1779846614
|switch|p2a: Great Tusk|Great Tusk|61/100 psn
|-activate|p2a: Great Tusk|ability: Protosynthesis
|-start|p2a: Great Tusk|protosynthesisspe
|move|p1a: Incineroar|Power Trip|p2a: Great Tusk
|-resisted|p2a: Great Tusk
|-damage|p2a: Great Tusk|30/100 psn
|-damage|p1a: Incineroar|84/100|[from] item: Rocky Helmet|[of] p2a: Great Tusk
|
|-weather|none
|-end|p2a: Great Tusk|Protosynthesis
|-heal|p2a: Great Tusk|36/100 psn|[from] Grassy Terrain
|-heal|p1a: Incineroar|90/100|[from] Grassy Terrain
|-damage|p2a: Great Tusk|23/100 psn|[from] psn
|upkeep
|turn|17
|
|t:|1779846634
|move|p1a: Incineroar|Bulk Up|p1a: Incineroar
|-boost|p1a: Incineroar|atk|1
|-boost|p1a: Incineroar|def|1
|move|p2a: Great Tusk|Stealth Rock|p1a: Incineroar
|-sidestart|p1: kitakami kitchen|move: Stealth Rock
|
|-heal|p1a: Incineroar|96/100|[from] Grassy Terrain
|-heal|p2a: Great Tusk|30/100 psn|[from] Grassy Terrain
|-damage|p2a: Great Tusk|17/100 psn|[from] psn
|upkeep
|turn|18
|
|t:|1779846646
|move|p1a: Incineroar|Flame Charge|p2a: Great Tusk
|-damage|p2a: Great Tusk|0 fnt
|-boost|p1a: Incineroar|spe|1
|-damage|p1a: Incineroar|79/100|[from] item: Rocky Helmet|[of] p2a: Great Tusk
|faint|p2a: Great Tusk
|-end|p2a: Great Tusk|Protosynthesis|[silent]
|
|-heal|p1a: Incineroar|85/100|[from] Grassy Terrain
|upkeep
|
|t:|1779846650
|switch|p2a: Ninetales|Ninetales, F|75/100
|-weather|SunnyDay|[from] ability: Drought|[of] p2a: Ninetales
|turn|19
|
|t:|1779846669
|move|p1a: Incineroar|Power Trip|p2a: Ninetales
|-damage|p2a: Ninetales|0 fnt
|faint|p2a: Ninetales
|
|-weather|SunnyDay|[upkeep]
|-heal|p1a: Incineroar|91/100|[from] Grassy Terrain
|-fieldend|move: Grassy Terrain
|upkeep
|
|t:|1779846674
|switch|p2a: Walking Wake|Walking Wake|100/100
|-activate|p2a: Walking Wake|ability: Protosynthesis
|-start|p2a: Walking Wake|protosynthesisspe
|turn|20
|
|t:|1779846702
|switch|p1a: Ogerpon|Ogerpon-Wellspring, F|4/100 par
|-damage|p1a: Ogerpon|0 fnt|[from] Stealth Rock
|faint|p1a: Ogerpon
|-terastallize|p2a: Walking Wake|Water
|move|p2a: Walking Wake|Hydro Steam|p1: Ogerpon|[notarget]
|-fail|p2a: Walking Wake
|
|-weather|SunnyDay|[upkeep]
|upkeep
|
|t:|1779846706
|switch|p1a: Rillaboom|Rillaboom, M|46/100
|-damage|p1a: Rillaboom|34/100|[from] Stealth Rock
|-fieldstart|move: Grassy Terrain|[from] ability: Grassy Surge|[of] p1a: Rillaboom
|turn|21
|
|t:|1779846710
|-end|p2a: Walking Wake|Protosynthesis|[silent]
|switch|p2a: Raging Bolt|Raging Bolt|32/100
|-activate|p2a: Raging Bolt|ability: Protosynthesis
|-start|p2a: Raging Bolt|protosynthesisspa
|move|p1a: Rillaboom|Grassy Glide|p2a: Raging Bolt
|-resisted|p2a: Raging Bolt
|-damage|p2a: Raging Bolt|14/100
|
|-weather|SunnyDay|[upkeep]
|-heal|p2a: Raging Bolt|20/100|[from] Grassy Terrain
|-heal|p1a: Rillaboom|40/100|[from] Grassy Terrain
|upkeep
|turn|22
|inactive|kitakami kitchen has 120 seconds left.
|
|t:|1779846751
|move|p2a: Raging Bolt|Thunderclap|p1a: Rillaboom
|-resisted|p1a: Rillaboom
|-damage|p1a: Rillaboom|10/100
|move|p1a: Rillaboom|Grassy Glide|p2a: Raging Bolt
|-resisted|p2a: Raging Bolt
|-damage|p2a: Raging Bolt|1/100
|
|-weather|SunnyDay|[upkeep]
|-heal|p2a: Raging Bolt|7/100|[from] Grassy Terrain
|-heal|p1a: Rillaboom|17/100|[from] Grassy Terrain
|upkeep
|turn|23
|
|t:|1779846760
|switch|p1a: Glimmora|Glimmora, M|84/100
|-damage|p1a: Glimmora|72/100|[from] Stealth Rock
|move|p2a: Raging Bolt|Volt Switch|p1a: Glimmora
|-damage|p1a: Glimmora|3/100
|
|t:|1779846773
|-end|p2a: Raging Bolt|Protosynthesis|[silent]
|switch|p2a: Walking Wake|Walking Wake, tera:Water|100/100|[from] Volt Switch
|-activate|p2a: Walking Wake|ability: Protosynthesis
|-start|p2a: Walking Wake|protosynthesisspe
|
|-weather|SunnyDay|[upkeep]
|-heal|p1a: Glimmora|9/100|[from] Grassy Terrain
|upkeep
|turn|24
|
|t:|1779846780
|move|p2a: Walking Wake|Flamethrower|p1a: Glimmora
|-resisted|p1a: Glimmora
|-damage|p1a: Glimmora|0 fnt
|faint|p1a: Glimmora
|
|-weather|SunnyDay|[upkeep]
|upkeep
|
|t:|1779846785
|switch|p1a: Incineroar|Incineroar, F, tera:Dark|91/100
|-damage|p1a: Incineroar|79/100|[from] Stealth Rock
|-ability|p1a: Incineroar|Intimidate|boost
|-unboost|p2a: Walking Wake|atk|1
|turn|25
|
|t:|1779846790
|move|p2a: Walking Wake|Flamethrower|p1a: Incineroar
|-damage|p1a: Incineroar|8/100
|move|p1a: Incineroar|Flame Charge|p2a: Walking Wake
|-resisted|p2a: Walking Wake
|-damage|p2a: Walking Wake|80/100
|-boost|p1a: Incineroar|spe|1
|
|-weather|SunnyDay|[upkeep]
|-heal|p2a: Walking Wake|86/100|[from] Grassy Terrain
|-heal|p1a: Incineroar|14/100|[from] Grassy Terrain
|upkeep
|turn|26
|
|t:|1779846795
|move|p2a: Walking Wake|Flamethrower|p1a: Incineroar
|-damage|p1a: Incineroar|0 fnt
|faint|p1a: Incineroar
|
|-weather|none
|-end|p2a: Walking Wake|Protosynthesis
|-heal|p2a: Walking Wake|93/100|[from] Grassy Terrain
|upkeep
|
|t:|1779846800
|switch|p1a: Hatterene|Hatterene, F|100/100
|-damage|p1a: Hatterene|88/100|[from] Stealth Rock
|-enditem|p1a: Hatterene|Grassy Seed
|-boost|p1a: Hatterene|def|1|[from] item: Grassy Seed
|turn|27
|
|t:|1779846809
|move|p2a: Walking Wake|Flamethrower|p1a: Hatterene
|-damage|p1a: Hatterene|42/100
|move|p1a: Hatterene|Calm Mind|p1a: Hatterene
|-boost|p1a: Hatterene|spa|1
|-boost|p1a: Hatterene|spd|1
|
|-heal|p2a: Walking Wake|99/100|[from] Grassy Terrain
|-heal|p1a: Hatterene|48/100|[from] Grassy Terrain
|upkeep
|turn|28
|
|t:|1779846812
|move|p2a: Walking Wake|Flamethrower|p1a: Hatterene
|-damage|p1a: Hatterene|16/100
|move|p1a: Hatterene|Draining Kiss|p2a: Walking Wake
|-damage|p2a: Walking Wake|61/100
|-heal|p1a: Hatterene|46/100|[from] drain|[of] p2a: Walking Wake
|
|-heal|p2a: Walking Wake|67/100|[from] Grassy Terrain
|-heal|p1a: Hatterene|52/100|[from] Grassy Terrain
|-fieldend|move: Grassy Terrain
|upkeep
|turn|29
|
|t:|1779846816
|-end|p2a: Walking Wake|Protosynthesis|[silent]
|switch|p2a: Ceruledge|Ceruledge, F|98/100
|move|p1a: Hatterene|Draining Kiss|p2a: Ceruledge
|-resisted|p2a: Ceruledge
|-damage|p2a: Ceruledge|77/100
|-heal|p1a: Hatterene|66/100|[from] drain|[of] p2a: Ceruledge
|
|upkeep
|turn|30
|
|t:|1779846821
|move|p2a: Ceruledge|Poltergeist||[still]
|-fail|p2a: Ceruledge
|move|p1a: Hatterene|Stored Power|p2a: Ceruledge
|-damage|p2a: Ceruledge|9/100
|
|upkeep
|turn|31
|
|t:|1779846827
|move|p2a: Ceruledge|Bitter Blade|p1a: Hatterene
|-damage|p1a: Hatterene|26/100
|-heal|p2a: Ceruledge|31/100|[from] drain|[of] p1a: Hatterene
|-damage|p2a: Ceruledge|21/100|[from] item: Life Orb
|move|p1a: Hatterene|Stored Power|p2a: Ceruledge
|-damage|p2a: Ceruledge|0 fnt
|faint|p2a: Ceruledge
|
|upkeep
|
|t:|1779846830
|switch|p2a: Walking Wake|Walking Wake, tera:Water|67/100
|turn|32
|
|t:|1779846833
|move|p2a: Walking Wake|Hydro Steam|p1a: Hatterene
|-damage|p1a: Hatterene|0 fnt
|faint|p1a: Hatterene
|
|upkeep
|
|t:|1779846836
|switch|p1a: Rillaboom|Rillaboom, M|17/100
|-damage|p1a: Rillaboom|4/100|[from] Stealth Rock
|-fieldstart|move: Grassy Terrain|[from] ability: Grassy Surge|[of] p1a: Rillaboom
|turn|33
|
|t:|1779846838
|move|p1a: Rillaboom|Grassy Glide|p2a: Walking Wake
|-supereffective|p2a: Walking Wake
|-damage|p2a: Walking Wake|0 fnt
|faint|p2a: Walking Wake
|-end|p2a: Walking Wake|Protosynthesis|[silent]
|
|-heal|p1a: Rillaboom|10/100|[from] Grassy Terrain
|upkeep
|
|t:|1779846840
|switch|p2a: Raging Bolt|Raging Bolt|7/100
|turn|34
|
|t:|1779846844
|move|p2a: Raging Bolt|Thunderclap|p1a: Rillaboom
|-resisted|p1a: Rillaboom
|-damage|p1a: Rillaboom|0 fnt
|faint|p1a: Rillaboom
|
|win|majorasmog
|raw|kitakami kitchen's rating: 1469 &rarr; <strong>1452</strong><br />(-17 for losing)
|raw|majorasmog's rating: 1526 &rarr; <strong>1543</strong><br />(+17 for winning)
|l|☆kitakami kitchen
|player|p1|
|l|☆majorasmog
|player|p2|
