|j|‽President Warfo
|j|☆Slopslop no Midren
|t:|1779902903
|gametype|singles
|player|p1|President Warfo|giovanni-gen1rb|1573
|player|p2|Slopslop no Midren|101|1642
|gen|9
|tier|[Gen 9] OU
|rated|
|rule|HP Percentage Mod: HP is shown in percentages
|rule|Endless Battle Clause: Forcing endless battles is banned
|rule|Species Clause: Limit one of each Pokémon
|rule|OHKO Clause: OHKO moves are banned
|rule|Evasion Items Clause: Evasion items are banned
|rule|Evasion Moves Clause: Evasion moves are banned
|rule|Evasion Abilities Clause: Evasion abilities are banned
|rule|Sleep Moves Clause: Sleep-inducing moves are banned
|clearpoke
|poke|p1|Torkoal, F|
|poke|p1|Scovillain, F|
|poke|p1|Walking Wake|
|poke|p1|Hatterene, F|
|poke|p1|Great Tusk|
|poke|p1|Ceruledge, M|
|poke|p2|Magnezone|
|poke|p2|Dragonite, M|
|poke|p2|Great Tusk|
|poke|p2|Iron Valiant|
|poke|p2|Samurott-Hisui, F|
|poke|p2|Slowking-Galar, F|
|teampreview
|inactive|Battle timer is ON: inactive players will automatically lose when time's up. (requested by Slopslop no Midren)
|inactive|President Warfo also wants the timer to be on.
|c|☆Slopslop no Midren|bro why did you time stall last game
|
|t:|1779902933
|teamsize|p1|6
|teamsize|p2|6
|start
|switch|p1a: Torkoal|Torkoal, F|100/100
|switch|p2a: Slowking|Slowking-Galar, F|100/100
|-weather|SunnyDay|[from] ability: Drought|[of] p1a: Torkoal
|turn|1
|
|t:|1779902939
|move|p1a: Torkoal|Overheat|p2a: Slowking
|-damage|p2a: Slowking|50/100
|-unboost|p1a: Torkoal|spa|2
|-prepare|p2a: Slowking|Chilly Reception|[premajor]
|move|p2a: Slowking|Chilly Reception|p2a: Slowking
|-weather|Snowscape
|
|t:|1779902944
|switch|p2a: Samurott|Samurott-Hisui, F|100/100|[from] Chilly Reception
|
|-weather|Snowscape|[upkeep]
|upkeep
|turn|2
|
|t:|1779902948
|switch|p1a: Hatterene|Hatterene, F, shiny|100/100
|move|p2a: Samurott|Razor Shell|p1a: Hatterene
|-damage|p1a: Hatterene|62/100
|-enditem|p1a: Hatterene|Eject Button
|
|t:|1779902953
|switch|p1a: Torkoal|Torkoal, F|100/100
|-weather|SunnyDay|[from] ability: Drought|[of] p1a: Torkoal
|
|-weather|SunnyDay|[upkeep]
|upkeep
|turn|3
|
|t:|1779902956
|switch|p2a: Slowking|Slowking-Galar, F|83/100
|switch|p1a: Great Tusk|Great Tusk, shiny|100/100
|-activate|p1a: Great Tusk|ability: Protosynthesis
|-start|p1a: Great Tusk|protosynthesisatk
|
|-weather|SunnyDay|[upkeep]
|upkeep
|turn|4
|
|t:|1779902970
|-terastallize|p2a: Slowking|Water
|move|p1a: Great Tusk|Headlong Rush|p2a: Slowking
|-damage|p2a: Slowking|0 fnt
|-unboost|p1a: Great Tusk|def|1
|-unboost|p1a: Great Tusk|spd|1
|faint|p2a: Slowking
|
|-weather|SunnyDay|[upkeep]
|upkeep
|
|t:|1779902975
|switch|p2a: Samurott|Samurott-Hisui, F|100/100
|turn|5
|
|t:|1779902982
|-end|p1a: Great Tusk|Protosynthesis|[silent]
|switch|p1a: Hatterene|Hatterene, F, shiny|62/100
|move|p2a: Samurott|Flip Turn|p1a: Hatterene
|-damage|p1a: Hatterene|51/100
|
|t:|1779902985
|switch|p2a: Magnezone|Magnezone|100/100|[from] Flip Turn
|
|-weather|SunnyDay|[upkeep]
|upkeep
|turn|6
|
|t:|1779902993
|switch|p1a: Ceruledge|Ceruledge, M|100/100
|move|p2a: Magnezone|Thunderbolt|p1a: Ceruledge
|-damage|p1a: Ceruledge|25/100
|-status|p1a: Ceruledge|par
|
|-weather|SunnyDay|[upkeep]
|upkeep
|turn|7
|
|t:|1779902999
|move|p2a: Magnezone|Flash Cannon|p1a: Ceruledge
|-resisted|p1a: Ceruledge
|-damage|p1a: Ceruledge|0 fnt
|faint|p1a: Ceruledge
|
|-weather|SunnyDay|[upkeep]
|upkeep
|
|t:|1779903002
|switch|p1a: Scovillain|Scovillain, F|100/100
|turn|8
|
|t:|1779903021
|switch|p2a: Dragonite|Dragonite, M|100/100
|move|p1a: Scovillain|Flamethrower|p2a: Dragonite
|-resisted|p2a: Dragonite
|-damage|p2a: Dragonite|78/100
|-damage|p1a: Scovillain|91/100|[from] item: Life Orb
|
|-weather|SunnyDay|[upkeep]
|upkeep
|turn|9
|
|t:|1779903028
|switch|p1a: Hatterene|Hatterene, F, shiny|51/100
|move|p2a: Dragonite|Dragon Dance|p2a: Dragonite
|-boost|p2a: Dragonite|atk|1
|-boost|p2a: Dragonite|spe|1
|
|-weather|none
|upkeep
|turn|10
|
|t:|1779903033
|move|p2a: Dragonite|Earthquake|p1a: Hatterene
|-damage|p1a: Hatterene|2/100
|move|p1a: Hatterene|Draining Kiss|p2a: Dragonite
|-supereffective|p2a: Dragonite
|-damage|p2a: Dragonite|27/100
|-heal|p1a: Hatterene|40/100|[from] drain|[of] p2a: Dragonite
|
|upkeep
|turn|11
|
|t:|1779903037
|move|p2a: Dragonite|Earthquake|p1a: Hatterene
|-damage|p1a: Hatterene|0 fnt
|faint|p1a: Hatterene
|
|upkeep
|
|t:|1779903039
|switch|p1a: Great Tusk|Great Tusk, shiny|100/100
|turn|12
|
|t:|1779903042
|move|p2a: Dragonite|Ice Spinner|p1a: Great Tusk
|-supereffective|p1a: Great Tusk
|-damage|p1a: Great Tusk|33/100
|-damage|p2a: Dragonite|10/100|[from] item: Rocky Helmet|[of] p1a: Great Tusk
|move|p1a: Great Tusk|Ice Spinner|p2a: Dragonite
|-supereffective|p2a: Dragonite
|-damage|p2a: Dragonite|0 fnt
|faint|p2a: Dragonite
|
|upkeep
|
|t:|1779903048
|switch|p2a: Iron Valiant|Iron Valiant|100/100
|-enditem|p2a: Iron Valiant|Booster Energy
|-activate|p2a: Iron Valiant|ability: Quark Drive|[fromitem]
|-start|p2a: Iron Valiant|quarkdrivespe
|turn|13
|
|t:|1779903061
|move|p2a: Iron Valiant|Moonblast|p1a: Great Tusk
|-supereffective|p1a: Great Tusk
|-damage|p1a: Great Tusk|0 fnt
|faint|p1a: Great Tusk
|-end|p1a: Great Tusk|Protosynthesis|[silent]
|
|upkeep
|j| heptastrike
|
|t:|1779903063
|switch|p1a: Torkoal|Torkoal, F|100/100
|-weather|SunnyDay|[from] ability: Drought|[of] p1a: Torkoal
|turn|14
|
|t:|1779903072
|-end|p2a: Iron Valiant|Quark Drive|[silent]
|switch|p2a: Magnezone|Magnezone|100/100
|move|p1a: Torkoal|Overheat|p2a: Magnezone
|-supereffective|p2a: Magnezone
|-damage|p2a: Magnezone|0 fnt
|-unboost|p1a: Torkoal|spa|2
|faint|p2a: Magnezone
|
|-weather|SunnyDay|[upkeep]
|upkeep
|
|t:|1779903075
|switch|p2a: Samurott|Samurott-Hisui, F|100/100
|turn|15
|
|t:|1779903080
|move|p2a: Samurott|Ceaseless Edge|p1a: Torkoal
|-damage|p1a: Torkoal|63/100
|-sidestart|p1: President Warfo|Spikes
|move|p1a: Torkoal|Stealth Rock|p2a: Samurott
|-sidestart|p2: Slopslop no Midren|move: Stealth Rock
|
|-weather|SunnyDay|[upkeep]
|upkeep
|turn|16
|
|t:|1779903087
|switch|p1a: Walking Wake|Walking Wake|100/100
|-damage|p1a: Walking Wake|88/100|[from] Spikes
|-activate|p1a: Walking Wake|ability: Protosynthesis
|-start|p1a: Walking Wake|protosynthesisspa
|move|p2a: Samurott|Ceaseless Edge|p1a: Walking Wake
|-damage|p1a: Walking Wake|42/100
|-sidestart|p1: President Warfo|Spikes
|
|-weather|SunnyDay|[upkeep]
|upkeep
|turn|17
|l| heptastrike
|
|t:|1779903096
|move|p2a: Samurott|Ceaseless Edge|p1a: Walking Wake
|-damage|p1a: Walking Wake|0 fnt
|-sidestart|p1: President Warfo|Spikes
|faint|p1a: Walking Wake
|-end|p1a: Walking Wake|Protosynthesis|[silent]
|
|-weather|SunnyDay|[upkeep]
|upkeep
|
|t:|1779903098
|switch|p1a: Scovillain|Scovillain, F|91/100
|-damage|p1a: Scovillain|66/100|[from] Spikes
|turn|18
|
|t:|1779903108
|move|p1a: Scovillain|Giga Drain|p2a: Samurott
|-supereffective|p2a: Samurott
|-damage|p2a: Samurott|0 fnt
|-heal|p1a: Scovillain|100/100|[from] drain|[of] p2a: Samurott
|faint|p2a: Samurott
|-damage|p1a: Scovillain|91/100|[from] item: Life Orb
|
|-weather|SunnyDay|[upkeep]
|upkeep
|
|t:|1779903111
|switch|p2a: Iron Valiant|Iron Valiant|100/100
|-damage|p2a: Iron Valiant|94/100|[from] Stealth Rock
|turn|19
|
|t:|1779903114
|move|p1a: Scovillain|Flamethrower|p2a: Iron Valiant
|-damage|p2a: Iron Valiant|0 fnt
|faint|p2a: Iron Valiant
|-end|p2a: Iron Valiant|Quark Drive|[silent]
|-damage|p1a: Scovillain|81/100|[from] item: Life Orb
|
|-weather|SunnyDay|[upkeep]
|upkeep
|
|t:|1779903117
|switch|p2a: Great Tusk|Great Tusk|100/100
|-damage|p2a: Great Tusk|98/100|[from] Stealth Rock
|-activate|p2a: Great Tusk|ability: Protosynthesis
|-start|p2a: Great Tusk|protosynthesisspe
|turn|20
|
|t:|1779903118
|move|p1a: Scovillain|Solar Beam||[still]
|-prepare|p1a: Scovillain|Solar Beam
|-anim|p1a: Scovillain|Solar Beam|p2a: Great Tusk
|-supereffective|p2a: Great Tusk
|-damage|p2a: Great Tusk|0 fnt
|faint|p2a: Great Tusk
|-end|p2a: Great Tusk|Protosynthesis|[silent]
|-damage|p1a: Scovillain|71/100|[from] item: Life Orb
|
|win|President Warfo
|raw|President Warfo's rating: 1553 &rarr; <strong>1578</strong><br />(+25 for winning)
|raw|Slopslop no Midren's rating: 1642 &rarr; <strong>1617</strong><br />(-25 for losing)
|c|☆Slopslop no Midren|gg
|l|‽President Warfo
|player|p1|
|l|☆Slopslop no Midren
|player|p2|
