|j|☆claudechamp
|j|☆513s
|t:|1779817214
|gametype|singles
|player|p1|claudechamp|265|1117
|player|p2|513s|leon-masters|1134
|gen|9
|tier|[Gen 9] OU
|rated|
|rule|HP Percentage Mod: HP is shown in percentages
|rule|Endless Battle Clause: Forcing endless battles is banned
|rule|Species Clause: Limit one of each Pokémon
|rule|OHKO Clause: OHKO moves are banned
|rule|Evasion Items Clause: Evasion items are banned
|rule|Evasion Moves Clause: Evasion moves are banned
|rule|Evasion Abilities Clause: Evasion abilities are banned
|rule|Sleep Moves Clause: Sleep-inducing moves are banned
|clearpoke
|poke|p1|Gliscor, M|
|poke|p1|Gholdengo|
|poke|p1|Zamazenta-*|
|poke|p1|Blissey, F|
|poke|p1|Skarmory, M|
|poke|p1|Pecharunt|
|poke|p2|Iron Moth|
|poke|p2|Gliscor, M|
|poke|p2|Hatterene, F|
|poke|p2|Ogerpon-Wellspring, F|
|poke|p2|Raging Bolt|
|poke|p2|Zamazenta-*|
|teampreview
|inactive|Battle timer is ON: inactive players will automatically lose when time's up. (requested by 513s)
|c|☆claudechamp|hf
|inactive|claudechamp also wants the timer to be on.
|c|☆513s|u2
|
|t:|1779817229
|teamsize|p1|6
|teamsize|p2|6
|start
|switch|p1a: Skarmory|Skarmory, M|100/100
|switch|p2a: Mask Off|Ogerpon-Wellspring, F|100/100
|turn|1
|
|t:|1779817232
|move|p2a: Mask Off|Swords Dance|p2a: Mask Off
|-boost|p2a: Mask Off|atk|2
|move|p1a: Skarmory|Spikes|p2a: Mask Off
|-sidestart|p2: 513s|Spikes
|
|upkeep
|turn|2
|
|t:|1779817235
|move|p2a: Mask Off|Ivy Cudgel|p1a: Skarmory|[anim] Ivy Cudgel Water
|-crit|p1a: Skarmory
|-ability|p1a: Skarmory|Sturdy
|-damage|p1a: Skarmory|1/100
|move|p1a: Skarmory|Whirlwind|p2a: Mask Off
|drag|p2a: Sydney Sweeney|Hatterene, F|100/100
|-damage|p2a: Sydney Sweeney|88/100|[from] Spikes
|
|-heal|p2a: Sydney Sweeney|94/100|[from] item: Leftovers
|upkeep
|turn|3
|
|t:|1779817248
|move|p1a: Skarmory|Roost|p1a: Skarmory
|-heal|p1a: Skarmory|51/100
|-singleturn|p1a: Skarmory|move: Roost
|move|p2a: Sydney Sweeney|Draining Kiss|p1a: Skarmory
|-resisted|p1a: Skarmory
|-damage|p1a: Skarmory|34/100
|-heal|p2a: Sydney Sweeney|100/100|[from] drain|[of] p1a: Skarmory
|
|upkeep
|turn|4
|
|t:|1779817251
|move|p1a: Skarmory|Roost|p1a: Skarmory
|-heal|p1a: Skarmory|84/100
|-singleturn|p1a: Skarmory|move: Roost
|move|p2a: Sydney Sweeney|Mystical Fire|p1a: Skarmory
|-supereffective|p1a: Skarmory
|-damage|p1a: Skarmory|22/100
|-unboost|p1a: Skarmory|spa|1
|
|upkeep
|turn|5
|
|t:|1779817253
|switch|p1a: Gliscor|Gliscor, M|100/100
|move|p2a: Sydney Sweeney|Mystical Fire|p1a: Gliscor
|-damage|p1a: Gliscor|81/100
|-unboost|p1a: Gliscor|spa|1
|
|-status|p1a: Gliscor|tox|[from] item: Toxic Orb
|upkeep
|turn|6
|
|t:|1779817261
|switch|p2a: Mask Off|Ogerpon-Wellspring, F|100/100
|-damage|p2a: Mask Off|88/100|[from] Spikes
|move|p1a: Gliscor|Swords Dance|p1a: Gliscor
|-boost|p1a: Gliscor|atk|2
|
|-heal|p1a: Gliscor|93/100 tox|[from] ability: Poison Heal
|upkeep
|turn|7
|
|t:|1779817262
|move|p2a: Mask Off|Encore|p1a: Gliscor
|-start|p1a: Gliscor|Encore
|move|p1a: Gliscor|Swords Dance|p1a: Gliscor
|-boost|p1a: Gliscor|atk|2
|
|-heal|p1a: Gliscor|100/100 tox|[from] ability: Poison Heal
|upkeep
|turn|8
|
|t:|1779817268
|switch|p1a: Zamazenta|Zamazenta|100/100
|-ability|p1a: Zamazenta|Dauntless Shield|boost
|-boost|p1a: Zamazenta|def|1
|move|p2a: Mask Off|Swords Dance|p2a: Mask Off
|-boost|p2a: Mask Off|atk|2
|
|upkeep
|turn|9
|
|t:|1779817277
|switch|p2a: Animal Jam|Zamazenta|100/100
|-damage|p2a: Animal Jam|88/100|[from] Spikes
|-ability|p2a: Animal Jam|Dauntless Shield|boost
|-boost|p2a: Animal Jam|def|1
|move|p1a: Zamazenta|Close Combat|p2a: Animal Jam
|-damage|p2a: Animal Jam|56/100
|-unboost|p1a: Zamazenta|def|1
|-unboost|p1a: Zamazenta|spd|1
|
|upkeep
|turn|10
|
|t:|1779817283
|move|p2a: Animal Jam|Reflect|p2a: Animal Jam
|-sidestart|p2: 513s|Reflect
|move|p1a: Zamazenta|Heavy Slam|p2a: Animal Jam
|-damage|p2a: Animal Jam|52/100
|
|upkeep
|turn|11
|
|t:|1779817286
|switch|p1a: Pecharunt|Pecharunt|100/100
|move|p2a: Animal Jam|Light Screen|p2a: Animal Jam
|-sidestart|p2: 513s|move: Light Screen
|
|upkeep
|turn|12
|
|t:|1779817290
|switch|p2a: ICEMAN|Gliscor, M|100/100
|move|p1a: Pecharunt|Toxic|p2a: ICEMAN
|-status|p2a: ICEMAN|tox
|-start|p2a: ICEMAN|confusion|[from] ability: Poison Puppeteer|[of] p1a: Pecharunt
|
|upkeep
|turn|13
|
|t:|1779817304
|switch|p2a: Mask Off|Ogerpon-Wellspring, F|88/100
|-damage|p2a: Mask Off|76/100|[from] Spikes
|move|p1a: Pecharunt|Parting Shot|p2a: Mask Off
|-unboost|p2a: Mask Off|atk|1
|-unboost|p2a: Mask Off|spa|1
|
|t:|1779817306
|switch|p1a: Gholdengo|Gholdengo|100/100|[from] Parting Shot
|
|upkeep
|turn|14
|
|t:|1779817310
|move|p2a: Mask Off|Swords Dance|p2a: Mask Off
|-boost|p2a: Mask Off|atk|2
|move|p1a: Gholdengo|Hex|p2a: Mask Off
|-damage|p2a: Mask Off|60/100
|
|upkeep
|turn|15
|
|t:|1779817315
|switch|p1a: Pecharunt|Pecharunt|100/100
|move|p2a: Mask Off|Trailblaze|p1a: Pecharunt
|-resisted|p1a: Pecharunt
|-damage|p1a: Pecharunt|88/100
|-boost|p2a: Mask Off|spe|1
|
|upkeep
|turn|16
|
|t:|1779817320
|-terastallize|p2a: Mask Off|Water
|detailschange|p2a: Mask Off|Ogerpon-Wellspring-Tera, F, tera:Water
|-ability|p2a: Mask Off|Embody Aspect (Wellspring)|boost
|-boost|p2a: Mask Off|spd|1
|move|p2a: Mask Off|Ivy Cudgel|p1a: Pecharunt|[anim] Ivy Cudgel Water
|-crit|p1a: Pecharunt
|-damage|p1a: Pecharunt|0 fnt
|faint|p1a: Pecharunt
|
|upkeep
|
|t:|1779817323
|switch|p1a: Skarmory|Skarmory, M|22/100
|turn|17
|
|t:|1779817329
|move|p2a: Mask Off|Ivy Cudgel|p1a: Skarmory|[anim] Ivy Cudgel Water
|-damage|p1a: Skarmory|0 fnt
|faint|p1a: Skarmory
|
|-sideend|p2: 513s|Reflect
|upkeep
|
|t:|1779817333
|switch|p1a: Zamazenta|Zamazenta|100/100
|turn|18
|
|t:|1779817339
|move|p2a: Mask Off|Ivy Cudgel|p1a: Zamazenta|[anim] Ivy Cudgel Water
|-damage|p1a: Zamazenta|0 fnt
|faint|p1a: Zamazenta
|
|-sideend|p2: 513s|move: Light Screen
|upkeep
|
|t:|1779817342
|switch|p1a: Gholdengo|Gholdengo|100/100
|turn|19
|
|t:|1779817345
|-terastallize|p1a: Gholdengo|Fairy
|move|p2a: Mask Off|Ivy Cudgel|p1a: Gholdengo|[anim] Ivy Cudgel Water
|-damage|p1a: Gholdengo|0 fnt
|faint|p1a: Gholdengo
|
|upkeep
|
|t:|1779817348
|switch|p1a: Blissey|Blissey, F|100/100
|turn|20
|c|☆513s|dam
|
|t:|1779817351
|move|p2a: Mask Off|Ivy Cudgel|p1a: Blissey|[anim] Ivy Cudgel Water
|-crit|p1a: Blissey
|-damage|p1a: Blissey|0 fnt
|faint|p1a: Blissey
|
|upkeep
|
|t:|1779817355
|switch|p1a: Gliscor|Gliscor, M|100/100 tox
|turn|21
|
|t:|1779817361
|move|p2a: Mask Off|Ivy Cudgel|p1a: Gliscor|[anim] Ivy Cudgel Water
|-supereffective|p1a: Gliscor
|-damage|p1a: Gliscor|0 fnt
|faint|p1a: Gliscor
|
|win|513s
|raw|claudechamp's rating: 1117 &rarr; <strong>1093</strong><br />(-24 for losing)
|raw|513s's rating: 1134 &rarr; <strong>1158</strong><br />(+24 for winning)
|c|☆claudechamp|gg
|c|☆513s|gg good luck on ladder
|l|☆513s
|player|p2|
