|j|☆kvgreat1234567
|j|☆TheGuyThatsThere
|t:|1779943267
|gametype|singles
|player|p1|kvgreat1234567|102|1374
|player|p2|TheGuyThatsThere|supernerd|1333
|gen|9
|tier|[Gen 9] OU
|rated|
|rule|HP Percentage Mod: HP is shown in percentages
|rule|Endless Battle Clause: Forcing endless battles is banned
|rule|Species Clause: Limit one of each Pokémon
|rule|OHKO Clause: OHKO moves are banned
|rule|Evasion Items Clause: Evasion items are banned
|rule|Evasion Moves Clause: Evasion moves are banned
|rule|Evasion Abilities Clause: Evasion abilities are banned
|rule|Sleep Moves Clause: Sleep-inducing moves are banned
|clearpoke
|poke|p1|Blaziken, F|
|poke|p1|Zamazenta-*|
|poke|p1|Ogerpon-Wellspring, F|
|poke|p1|Iron Moth|
|poke|p1|Darkrai|
|poke|p1|Salamence, F|
|poke|p2|Enamorus, F|
|poke|p2|Great Tusk|
|poke|p2|Iron Crown|
|poke|p2|Lokix, M|
|poke|p2|Alomomola, M|
|poke|p2|Pecharunt|
|teampreview
|
|t:|1779943286
|teamsize|p1|6
|teamsize|p2|6
|start
|switch|p1a: Iron Moth|Iron Moth|100/100
|switch|p2a: Great Tusk|Great Tusk|100/100
|-enditem|p1a: Iron Moth|Booster Energy
|-activate|p1a: Iron Moth|ability: Quark Drive|[fromitem]
|-start|p1a: Iron Moth|quarkdrivespa
|turn|1
|
|t:|1779943295
|-end|p2a: Great Tusk|Protosynthesis|[silent]
|switch|p2a: Pecharunt|Pecharunt|100/100
|-item|p2a: Pecharunt|Air Balloon
|move|p1a: Iron Moth|Dazzling Gleam|p2a: Pecharunt
|-resisted|p2a: Pecharunt
|-damage|p2a: Pecharunt|82/100
|-enditem|p2a: Pecharunt|Air Balloon
|
|upkeep
|turn|2
|
|t:|1779943307
|move|p1a: Iron Moth|Fiery Dance|p2a: Pecharunt
|-damage|p2a: Pecharunt|29/100
|-boost|p1a: Iron Moth|spa|1
|move|p2a: Pecharunt|Malignant Chain|p1a: Iron Moth
|-resisted|p1a: Iron Moth
|-damage|p1a: Iron Moth|84/100
|
|upkeep
|turn|3
|
|t:|1779943315
|switch|p2a: Alomomola|Alomomola, M|100/100
|move|p1a: Iron Moth|Fiery Dance|p2a: Alomomola
|-resisted|p2a: Alomomola
|-damage|p2a: Alomomola|79/100
|
|upkeep
|turn|4
|
|t:|1779943318
|move|p1a: Iron Moth|Discharge|p2a: Alomomola
|-supereffective|p2a: Alomomola
|-damage|p2a: Alomomola|16/100
|move|p2a: Alomomola|Scald|p1a: Iron Moth
|-supereffective|p1a: Iron Moth
|-damage|p1a: Iron Moth|53/100
|
|upkeep
|turn|5
|
|t:|1779943328
|switch|p2a: Great Tusk|Great Tusk|100/100
|move|p1a: Iron Moth|Fiery Dance|p2a: Great Tusk
|-damage|p2a: Great Tusk|0 fnt
|-boost|p1a: Iron Moth|spa|1
|faint|p2a: Great Tusk
|-end|p2a: Great Tusk|Protosynthesis|[silent]
|
|upkeep
|
|t:|1779943338
|switch|p2a: Enamorus|Enamorus, F|100/100
|turn|6
|
|t:|1779943342
|move|p2a: Enamorus|Earth Power|p1a: Iron Moth
|-supereffective|p1a: Iron Moth
|-damage|p1a: Iron Moth|0 fnt
|faint|p1a: Iron Moth
|-end|p1a: Iron Moth|Quark Drive|[silent]
|
|upkeep
|
|t:|1779943349
|switch|p1a: Salamence|Salamence, F|100/100
|-ability|p1a: Salamence|Intimidate|boost
|-boost|p2a: Enamorus|atk|1
|turn|7
|
|t:|1779943359
|switch|p2a: Alomomola|Alomomola, M|49/100
|move|p1a: Salamence|Dragon Dance|p1a: Salamence
|-boost|p1a: Salamence|atk|1
|-boost|p1a: Salamence|spe|1
|
|upkeep
|turn|8
|
|t:|1779943363
|move|p1a: Salamence|Dual Wingbeat|p2a: Alomomola
|-damage|p2a: Alomomola|27/100
|-damage|p2a: Alomomola|3/100
|-hitcount|p2a: Alomomola|2
|move|p2a: Alomomola|Scald|p1a: Salamence
|-resisted|p1a: Salamence
|-crit|p1a: Salamence
|-damage|p1a: Salamence|87/100
|-status|p1a: Salamence|brn
|
|-damage|p1a: Salamence|81/100 brn|[from] brn
|upkeep
|turn|9
|
|t:|1779943377
|switch|p2a: Enamorus|Enamorus, F|100/100
|move|p1a: Salamence|Dragon Dance|p1a: Salamence
|-boost|p1a: Salamence|atk|1
|-boost|p1a: Salamence|spe|1
|
|-damage|p1a: Salamence|75/100 brn|[from] brn
|upkeep
|turn|10
|
|t:|1779943384
|move|p1a: Salamence|Dual Wingbeat|p2a: Enamorus
|-crit|p2a: Enamorus
|-damage|p2a: Enamorus|45/100
|-damage|p2a: Enamorus|10/100
|-hitcount|p2a: Enamorus|2
|move|p2a: Enamorus|Moonblast|p1a: Salamence
|-supereffective|p1a: Salamence
|-damage|p1a: Salamence|0 fnt
|faint|p1a: Salamence
|
|upkeep
|
|t:|1779943401
|switch|p1a: Blaziken|Blaziken, F|100/100
|turn|11
|
|t:|1779943407
|-terastallize|p2a: Enamorus|Fairy
|move|p2a: Enamorus|Moonblast|p1a: Blaziken
|-enditem|p1a: Blaziken|Focus Sash
|-damage|p1a: Blaziken|1/100
|-unboost|p1a: Blaziken|spa|1
|move|p1a: Blaziken|Swords Dance|p1a: Blaziken
|-boost|p1a: Blaziken|atk|2
|
|-ability|p1a: Blaziken|Speed Boost|boost
|-boost|p1a: Blaziken|spe|1
|upkeep
|turn|12
|
|t:|1779943411
|move|p1a: Blaziken|Endure|p1a: Blaziken
|-singleturn|p1a: Blaziken|move: Endure
|move|p2a: Enamorus|Moonblast|p1a: Blaziken
|-activate|p1a: Blaziken|move: Endure
|-damage|p1a: Blaziken|1/100
|
|-ability|p1a: Blaziken|Speed Boost|boost
|-boost|p1a: Blaziken|spe|1
|upkeep
|turn|13
|
|t:|1779943419
|switch|p2a: Alomomola|Alomomola, M|36/100
|move|p1a: Blaziken|Reversal|p2a: Alomomola
|-damage|p2a: Alomomola|0 fnt
|faint|p2a: Alomomola
|
|-ability|p1a: Blaziken|Speed Boost|boost
|-boost|p1a: Blaziken|spe|1
|upkeep
|
|t:|1779943420
|switch|p2a: Lokix|Lokix, M|100/100
|turn|14
|
|t:|1779943423
|move|p1a: Blaziken|Endure|p1a: Blaziken
|-singleturn|p1a: Blaziken|move: Endure
|move|p2a: Lokix|First Impression|p1a: Blaziken
|-resisted|p1a: Blaziken
|-activate|p1a: Blaziken|move: Endure
|-damage|p1a: Blaziken|1/100
|
|-ability|p1a: Blaziken|Speed Boost|boost
|-boost|p1a: Blaziken|spe|1
|upkeep
|turn|15
|
|t:|1779943432
|move|p2a: Lokix|Sucker Punch|p1a: Blaziken
|-resisted|p1a: Blaziken
|-damage|p1a: Blaziken|0 fnt
|faint|p1a: Blaziken
|
|upkeep
|
|t:|1779943440
|switch|p1a: Darkrai|Darkrai|100/100
|turn|16
|
|t:|1779943449
|move|p1a: Darkrai|Sludge Bomb|p2a: Lokix
|-damage|p2a: Lokix|36/100
|move|p2a: Lokix|U-turn|p1a: Darkrai
|-supereffective|p1a: Darkrai
|-damage|p1a: Darkrai|0 fnt
|faint|p1a: Darkrai
|
|t:|1779943459
|switch|p2a: Iron Crown|Iron Crown|100/100|[from] U-turn
|
|upkeep
|
|t:|1779943463
|switch|p1a: Zamazenta|Zamazenta|100/100
|-ability|p1a: Zamazenta|Dauntless Shield|boost
|-boost|p1a: Zamazenta|def|1
|turn|17
|
|t:|1779943468
|move|p1a: Zamazenta|Crunch|p2a: Iron Crown
|-supereffective|p2a: Iron Crown
|-damage|p2a: Iron Crown|25/100
|-unboost|p2a: Iron Crown|def|1
|-damage|p1a: Zamazenta|91/100|[from] item: Life Orb
|move|p2a: Iron Crown|Psychic Noise|p1a: Zamazenta
|-supereffective|p1a: Zamazenta
|-damage|p1a: Zamazenta|0 fnt
|faint|p1a: Zamazenta
|
|upkeep
|
|t:|1779943473
|switch|p1a: Ogerpon|Ogerpon-Wellspring, F|100/100
|turn|18
|
|t:|1779943478
|move|p1a: Ogerpon|Ivy Cudgel|p2a: Iron Crown|[anim] Ivy Cudgel Water
|-damage|p2a: Iron Crown|0 fnt
|faint|p2a: Iron Crown
|-end|p2a: Iron Crown|Quark Drive|[silent]
|
|upkeep
|
|t:|1779943480
|switch|p2a: Lokix|Lokix, M|36/100
|turn|19
|
|t:|1779943483
|-terastallize|p1a: Ogerpon|Water
|detailschange|p1a: Ogerpon|Ogerpon-Wellspring-Tera, F, tera:Water
|-ability|p1a: Ogerpon|Embody Aspect (Wellspring)|boost
|-boost|p1a: Ogerpon|spd|1
|move|p2a: Lokix|First Impression|p1a: Ogerpon
|-damage|p1a: Ogerpon|29/100
|move|p1a: Ogerpon|Ivy Cudgel|p2a: Lokix|[anim] Ivy Cudgel Water
|-damage|p2a: Lokix|0 fnt
|faint|p2a: Lokix
|
|upkeep
|
|t:|1779943493
|switch|p2a: Enamorus|Enamorus, F, tera:Fairy|10/100
|turn|20
|
|t:|1779943496
|move|p2a: Enamorus|Moonblast|p1a: Ogerpon
|-damage|p1a: Ogerpon|0 fnt
|faint|p1a: Ogerpon
|detailschange|p1: Ogerpon|Ogerpon-Wellspring, F|[silent]
|
|win|TheGuyThatsThere
|raw|kvgreat1234567's rating: 1374 &rarr; <strong>1352</strong><br />(-22 for losing)
|raw|TheGuyThatsThere's rating: 1333 &rarr; <strong>1355</strong><br />(+22 for winning)
|c|☆TheGuyThatsThere|gg
|l|☆kvgreat1234567
|player|p1|
|l|☆TheGuyThatsThere
|player|p2|
