|j|☆1dbqp Drraakkee
|j|☆T-Garchomp
|t:|1779817445
|gametype|singles
|player|p1|1dbqp Drraakkee|lucas|
|player|p2|T-Garchomp|rood|
|gen|9
|tier|[Gen 9] OU
|rule|HP Percentage Mod: HP is shown in percentages
|rule|Endless Battle Clause: Forcing endless battles is banned
|rule|Species Clause: Limit one of each Pokémon
|rule|OHKO Clause: OHKO moves are banned
|rule|Evasion Items Clause: Evasion items are banned
|rule|Evasion Moves Clause: Evasion moves are banned
|rule|Evasion Abilities Clause: Evasion abilities are banned
|rule|Sleep Moves Clause: Sleep-inducing moves are banned
|clearpoke
|poke|p1|Gholdengo|
|poke|p1|Darkrai|
|poke|p1|Great Tusk|
|poke|p1|Kyurem|
|poke|p1|Clefable, M|
|poke|p1|Zapdos|
|poke|p2|Zamazenta-*|
|poke|p2|Kyurem|
|poke|p2|Iron Treads|
|poke|p2|Tornadus-Therian, M|
|poke|p2|Pecharunt|
|poke|p2|Ting-Lu|
|teampreview
|
|t:|1779817471
|teamsize|p1|6
|teamsize|p2|6
|start
|switch|p1a: Gholdengo|Gholdengo|100/100
|switch|p2a: Kyurem|Kyurem|100/100
|-item|p1a: Gholdengo|Air Balloon
|-ability|p2a: Kyurem|Pressure
|turn|1
|j| asasjuilaha
|j| kooopooolooo
|j| yuureisuisei
|j| Honourial
|
|t:|1779817483
|switch|p2a: Ting-Lu|Ting-Lu|100/100
|-ability|p2a: Ting-Lu|Vessel of Ruin
|move|p1a: Gholdengo|Thunder Wave|p2a: Ting-Lu
|-immune|p2a: Ting-Lu
|
|upkeep
|turn|2
|l| Honourial
|j| sote og rare
|j| AbrarS
|l| sote og rare
|
|t:|1779817501
|move|p1a: Gholdengo|Make It Rain|p2a: Ting-Lu
|-damage|p2a: Ting-Lu|72/100
|-unboost|p1a: Gholdengo|spa|1
|move|p2a: Ting-Lu|Ruination|p1a: Gholdengo
|-damage|p1a: Gholdengo|50/100
|-enditem|p1a: Gholdengo|Air Balloon
|
|-heal|p2a: Ting-Lu|78/100|[from] item: Leftovers
|upkeep
|turn|3
|l| asasjuilaha
|j| yespoleon
|l| yuureisuisei
|
|t:|1779817514
|move|p1a: Gholdengo|Make It Rain|p2a: Ting-Lu
|-damage|p2a: Ting-Lu|62/100
|-unboost|p1a: Gholdengo|spa|1
|move|p2a: Ting-Lu|Spikes|p1a: Gholdengo
|-sidestart|p1: 1dbqp Drraakkee|Spikes
|
|-heal|p2a: Ting-Lu|68/100|[from] item: Leftovers
|upkeep
|turn|4
|l| yespoleon
|j| Chris Talus
|l| kooopooolooo
|
|t:|1779817527
|move|p1a: Gholdengo|Make It Rain|p2a: Ting-Lu
|-damage|p2a: Ting-Lu|54/100
|-unboost|p1a: Gholdengo|spa|1
|move|p2a: Ting-Lu|Spikes|p1a: Gholdengo
|-sidestart|p1: 1dbqp Drraakkee|Spikes
|
|-heal|p2a: Ting-Lu|60/100|[from] item: Leftovers
|upkeep
|turn|5
|
|t:|1779817552
|switch|p1a: Useful|Clefable, M|100/100
|move|p2a: Ting-Lu|Spikes|p1a: Useful
|-sidestart|p1: 1dbqp Drraakkee|Spikes
|
|-heal|p2a: Ting-Lu|66/100|[from] item: Leftovers
|upkeep
|turn|6
|
|t:|1779817563
|move|p1a: Useful|Wish|p1a: Useful
|move|p2a: Ting-Lu|Ruination|p1a: Useful
|-damage|p1a: Useful|51/100
|
|-heal|p1a: Useful|57/100|[from] item: Leftovers
|-heal|p2a: Ting-Lu|72/100|[from] item: Leftovers
|upkeep
|turn|7
|
|t:|1779817578
|-terastallize|p1a: Useful|Fairy
|move|p1a: Useful|Moonblast|p2a: Ting-Lu
|-supereffective|p2a: Ting-Lu
|-damage|p2a: Ting-Lu|23/100
|move|p2a: Ting-Lu|Earthquake|p1a: Useful
|-crit|p1a: Useful
|-damage|p1a: Useful|0 fnt
|faint|p1a: Useful
|
|-heal|p2a: Ting-Lu|29/100|[from] item: Leftovers
|upkeep
|
|t:|1779817596
|switch|p1a: Gholdengo|Gholdengo|50/100
|-damage|p1a: Gholdengo|26/100|[from] Spikes
|turn|8
|
|t:|1779817601
|move|p1a: Gholdengo|Make It Rain|p2a: Ting-Lu
|-damage|p2a: Ting-Lu|2/100
|-unboost|p1a: Gholdengo|spa|1
|move|p2a: Ting-Lu|Earthquake|p1a: Gholdengo
|-supereffective|p1a: Gholdengo
|-damage|p1a: Gholdengo|0 fnt
|faint|p1a: Gholdengo
|
|-heal|p2a: Ting-Lu|9/100|[from] item: Leftovers
|upkeep
|j| scorpion257
|
|t:|1779817618
|switch|p1a: Guitar Man|Zapdos|100/100
|turn|9
|
|t:|1779817626
|move|p1a: Guitar Man|Hurricane|p2a: Ting-Lu
|-damage|p2a: Ting-Lu|0 fnt
|faint|p2a: Ting-Lu
|-damage|p1a: Guitar Man|91/100|[from] item: Life Orb
|
|upkeep
|
|t:|1779817639
|switch|p2a: Pecharunt|Pecharunt|100/100
|turn|10
|
|t:|1779817647
|move|p2a: Pecharunt|Malignant Chain|p1a: Guitar Man
|-damage|p1a: Guitar Man|59/100
|-status|p1a: Guitar Man|tox
|-start|p1a: Guitar Man|confusion|[from] ability: Poison Puppeteer|[of] p2a: Pecharunt
|-activate|p1a: Guitar Man|confusion
|move|p1a: Guitar Man|Hurricane|p2a: Pecharunt
|-damage|p2a: Pecharunt|24/100
|-damage|p1a: Guitar Man|49/100 tox|[from] item: Life Orb
|
|-damage|p1a: Guitar Man|42/100 tox|[from] psn
|upkeep
|turn|11
|
|t:|1779817664
|switch|p2a: Iron Treads|Iron Treads|100/100
|-activate|p1a: Guitar Man|confusion
|move|p1a: Guitar Man|Roost|p1a: Guitar Man
|-heal|p1a: Guitar Man|92/100 tox
|-singleturn|p1a: Guitar Man|move: Roost
|
|-damage|p1a: Guitar Man|80/100 tox|[from] psn
|upkeep
|turn|12
|
|t:|1779817680
|move|p2a: Iron Treads|Stealth Rock|p1a: Guitar Man
|-sidestart|p1: 1dbqp Drraakkee|move: Stealth Rock
|-activate|p1a: Guitar Man|confusion
|-damage|p1a: Guitar Man|72/100 tox|[from] confusion
|
|-damage|p1a: Guitar Man|53/100 tox|[from] psn
|upkeep
|turn|13
|
|t:|1779817688
|move|p2a: Iron Treads|Ice Spinner|p1a: Guitar Man
|-supereffective|p1a: Guitar Man
|-damage|p1a: Guitar Man|10/100 tox
|-end|p1a: Guitar Man|confusion
|move|p1a: Guitar Man|U-turn|p2a: Iron Treads
|-resisted|p2a: Iron Treads
|-damage|p2a: Iron Treads|95/100
|-damage|p1a: Guitar Man|0 fnt|[from] item: Life Orb
|faint|p1a: Guitar Man
|
|-heal|p2a: Iron Treads|100/100|[from] item: Leftovers
|upkeep
|
|t:|1779817702
|switch|p1a: Great Tusk|Great Tusk|100/100
|-damage|p1a: Great Tusk|76/100|[from] Spikes
|-damage|p1a: Great Tusk|73/100|[from] Stealth Rock
|-enditem|p1a: Great Tusk|Booster Energy
|-activate|p1a: Great Tusk|ability: Protosynthesis|[fromitem]
|-start|p1a: Great Tusk|protosynthesisdef
|turn|14
|
|t:|1779817719
|-terastallize|p2a: Iron Treads|Ghost
|move|p1a: Great Tusk|Ice Spinner|p2a: Iron Treads
|-damage|p2a: Iron Treads|82/100
|move|p2a: Iron Treads|Ice Spinner|p1a: Great Tusk
|-supereffective|p1a: Great Tusk
|-damage|p1a: Great Tusk|53/100
|
|-heal|p2a: Iron Treads|88/100|[from] item: Leftovers
|upkeep
|turn|15
|
|t:|1779817732
|-end|p1a: Great Tusk|Protosynthesis|[silent]
|switch|p1a: Darkrai|Darkrai|100/100
|-end|p2a: Iron Treads|Quark Drive|[silent]
|switch|p2a: Tornadus|Tornadus-Therian, M|100/100
|
|upkeep
|turn|16
|
|t:|1779817742
|move|p1a: Darkrai|Knock Off|p2a: Tornadus
|-damage|p2a: Tornadus|70/100
|-enditem|p2a: Tornadus|Heavy-Duty Boots|[from] move: Knock Off|[of] p1a: Darkrai
|move|p2a: Tornadus|Bleakwind Storm|p1a: Darkrai
|-damage|p1a: Darkrai|49/100
|
|upkeep
|turn|17
|
|t:|1779817751
|move|p1a: Darkrai|Will-O-Wisp|p2a: Tornadus
|-status|p2a: Tornadus|brn
|move|p2a: Tornadus|Bleakwind Storm|p1a: Darkrai|[miss]
|-miss|p2a: Tornadus|p1a: Darkrai
|
|-damage|p2a: Tornadus|63/100 brn|[from] brn
|upkeep
|turn|18
|
|t:|1779817762
|move|p1a: Darkrai|Psychic|p2a: Tornadus
|-damage|p2a: Tornadus|28/100 brn
|move|p2a: Tornadus|Bleakwind Storm|p1a: Darkrai|[miss]
|-miss|p2a: Tornadus|p1a: Darkrai
|
|-damage|p2a: Tornadus|22/100 brn|[from] brn
|upkeep
|turn|19
|
|t:|1779817773
|move|p1a: Darkrai|Sludge Bomb|p2a: Tornadus
|-damage|p2a: Tornadus|0 fnt
|faint|p2a: Tornadus
|
|upkeep
|
|t:|1779817777
|switch|p2a: Zamazenta|Zamazenta|100/100
|-ability|p2a: Zamazenta|Dauntless Shield|boost
|-boost|p2a: Zamazenta|def|1
|turn|20
|c| scorpion257|GGs
|
|t:|1779817791
|move|p2a: Zamazenta|Body Press|p1a: Darkrai
|-supereffective|p1a: Darkrai
|-damage|p1a: Darkrai|0 fnt
|faint|p1a: Darkrai
|
|upkeep
|
|t:|1779817798
|switch|p1a: Great Tusk|Great Tusk|53/100
|-damage|p1a: Great Tusk|28/100|[from] Spikes
|-damage|p1a: Great Tusk|25/100|[from] Stealth Rock
|turn|21
|
|t:|1779817805
|move|p2a: Zamazenta|Body Press|p1a: Great Tusk
|-damage|p1a: Great Tusk|0 fnt
|faint|p1a: Great Tusk
|-end|p1a: Great Tusk|Protosynthesis|[silent]
|
|upkeep
|
|t:|1779817813
|switch|p1a: Kyurem|Kyurem|100/100
|-damage|p1a: Kyurem|76/100|[from] Spikes
|-damage|p1a: Kyurem|51/100|[from] Stealth Rock
|-ability|p1a: Kyurem|Pressure
|turn|22
|
|t:|1779817824
|move|p2a: Zamazenta|Body Press|p1a: Kyurem
|-supereffective|p1a: Kyurem
|-damage|p1a: Kyurem|0 fnt
|faint|p1a: Kyurem
|
|win|T-Garchomp
|c|☆T-Garchomp|ggwp
|l|☆1dbqp Drraakkee
|player|p1|
