|j|☆ELOHPOOL
|j|☆Test g17
|t:|1779801694
|gametype|singles
|player|p1|ELOHPOOL|101|1193
|player|p2|Test g17|hilbert|1168
|gen|9
|tier|[Gen 9] OU
|rated|
|rule|HP Percentage Mod: HP is shown in percentages
|rule|Endless Battle Clause: Forcing endless battles is banned
|rule|Species Clause: Limit one of each Pokémon
|rule|OHKO Clause: OHKO moves are banned
|rule|Evasion Items Clause: Evasion items are banned
|rule|Evasion Moves Clause: Evasion moves are banned
|rule|Evasion Abilities Clause: Evasion abilities are banned
|rule|Sleep Moves Clause: Sleep-inducing moves are banned
|clearpoke
|poke|p1|Landorus-Therian, M|
|poke|p1|Deoxys-Speed|
|poke|p1|Kingambit, M|
|poke|p1|Toxapex, F|
|poke|p1|Weezing-Galar, M|
|poke|p1|Clefable, F|
|poke|p2|Feraligatr, M|
|poke|p2|Deoxys-Speed|
|poke|p2|Iron Treads|
|poke|p2|Iron Moth|
|poke|p2|Keldeo-Resolute|
|poke|p2|Kyurem|
|teampreview
|inactive|Battle timer is ON: inactive players will automatically lose when time's up. (requested by ELOHPOOL)
|inactive|Test g17 has 120 seconds left.
|
|t:|1779801733
|teamsize|p1|6
|teamsize|p2|6
|start
|switch|p1a: Landorus|Landorus-Therian, M|100/100
|switch|p2a: Keldeo|Keldeo-Resolute|100/100
|-ability|p1a: Landorus|Intimidate|boost
|-unboost|p2a: Keldeo|atk|1
|turn|1
|
|t:|1779801749
|switch|p1a: Toxapex|Toxapex, F|100/100
|move|p2a: Keldeo|Surf|p1a: Toxapex
|-resisted|p1a: Toxapex
|-damage|p1a: Toxapex|71/100
|
|-heal|p1a: Toxapex|77/100|[from] item: Black Sludge
|upkeep
|turn|2
|
|t:|1779801759
|switch|p2a: Iron Treads|Iron Treads|100/100
|move|p1a: Toxapex|Toxic|p2a: Iron Treads
|-immune|p2a: Iron Treads
|
|-heal|p1a: Toxapex|83/100|[from] item: Black Sludge
|upkeep
|turn|3
|
|t:|1779801770
|-end|p2a: Iron Treads|Quark Drive|[silent]
|switch|p2a: Kyurem|Kyurem|100/100
|-ability|p2a: Kyurem|Pressure
|switch|p1a: Landorus|Landorus-Therian, M|100/100
|-ability|p1a: Landorus|Intimidate|boost
|-unboost|p2a: Kyurem|atk|1
|
|upkeep
|turn|4
|inactive|Test g17 has 120 seconds left.
|
|t:|1779801810
|switch|p1a: Toxapex|Toxapex, F|100/100
|move|p2a: Kyurem|Dragon Dance|p2a: Kyurem
|-boost|p2a: Kyurem|atk|1
|-boost|p2a: Kyurem|spe|1
|
|upkeep
|turn|5
|inactive|Test g17 has 120 seconds left.
|
|t:|1779801822
|-terastallize|p2a: Kyurem|Steel
|move|p2a: Kyurem|Dragon Dance|p2a: Kyurem
|-boost|p2a: Kyurem|atk|1
|-boost|p2a: Kyurem|spe|1
|move|p1a: Toxapex|Toxic|p2a: Kyurem
|-immune|p2a: Kyurem
|
|upkeep
|turn|6
|
|t:|1779801825
|move|p2a: Kyurem|Dragon Dance|p2a: Kyurem
|-boost|p2a: Kyurem|atk|1
|-boost|p2a: Kyurem|spe|1
|move|p1a: Toxapex|Haze|p1a: Toxapex
|-clearallboost
|
|upkeep
|turn|7
|
|t:|1779801833
|switch|p1a: Deoxys|Deoxys-Speed|100/100
|-ability|p1a: Deoxys|Pressure
|move|p2a: Kyurem|Dragon Dance|p2a: Kyurem
|-boost|p2a: Kyurem|atk|1
|-boost|p2a: Kyurem|spe|1
|
|upkeep
|turn|8
|
|t:|1779801838
|-terastallize|p1a: Deoxys|Fighting
|move|p1a: Deoxys|Superpower|p2a: Kyurem
|-supereffective|p2a: Kyurem
|-crit|p2a: Kyurem
|-damage|p2a: Kyurem|0 fnt
|-unboost|p1a: Deoxys|atk|1
|-unboost|p1a: Deoxys|def|1
|faint|p2a: Kyurem
|
|upkeep
|
|t:|1779801844
|switch|p2a: Keldeo|Keldeo-Resolute|100/100
|turn|9
|
|t:|1779801852
|switch|p1a: Toxapex|Toxapex, F|100/100
|switch|p2a: Iron Treads|Iron Treads|100/100
|
|upkeep
|turn|10
|
|t:|1779801855
|move|p2a: Iron Treads|Steel Beam|p1a: Toxapex
|-resisted|p1a: Toxapex
|-damage|p1a: Toxapex|80/100
|-damage|p2a: Iron Treads|50/100|[from] steelbeam
|move|p1a: Toxapex|Surf|p2a: Iron Treads
|-supereffective|p2a: Iron Treads
|-damage|p2a: Iron Treads|0 fnt
|faint|p2a: Iron Treads
|-end|p2a: Iron Treads|Quark Drive|[silent]
|
|-heal|p1a: Toxapex|86/100|[from] item: Black Sludge
|upkeep
|
|t:|1779801864
|switch|p2a: Deoxys|Deoxys-Speed|100/100
|-ability|p2a: Deoxys|Pressure
|turn|11
|
|t:|1779801870
|switch|p1a: Clefable|Clefable, F|100/100
|move|p2a: Deoxys|Stealth Rock|p1a: Clefable
|-sidestart|p1: ELOHPOOL|move: Stealth Rock
|
|upkeep
|turn|12
|
|t:|1779801874
|switch|p2a: Iron Moth|Iron Moth|100/100
|-enditem|p2a: Iron Moth|Booster Energy
|-activate|p2a: Iron Moth|ability: Quark Drive|[fromitem]
|-start|p2a: Iron Moth|quarkdrivespe
|move|p1a: Clefable|Thunder Wave|p2a: Iron Moth
|-status|p2a: Iron Moth|par
|
|upkeep
|turn|13
|
|t:|1779801887
|switch|p1a: Landorus|Landorus-Therian, M|100/100
|-damage|p1a: Landorus|88/100|[from] Stealth Rock
|-ability|p1a: Landorus|Intimidate|boost
|-unboost|p2a: Iron Moth|atk|1
|cant|p2a: Iron Moth|par
|
|upkeep
|turn|14
|
|t:|1779801898
|move|p1a: Landorus|Earthquake|p2a: Iron Moth
|-supereffective|p2a: Iron Moth
|-damage|p2a: Iron Moth|0 fnt
|faint|p2a: Iron Moth
|-end|p2a: Iron Moth|Quark Drive|[silent]
|
|upkeep
|
|t:|1779801900
|switch|p2a: Feraligatr|Feraligatr, M|100/100
|turn|15
|
|t:|1779801904
|switch|p1a: Weezing|Weezing-Galar, M|100/100
|-damage|p1a: Weezing|88/100|[from] Stealth Rock
|move|p2a: Feraligatr|Swords Dance|p2a: Feraligatr
|-boost|p2a: Feraligatr|atk|2
|
|-heal|p1a: Weezing|94/100|[from] item: Leftovers
|upkeep
|turn|16
|
|t:|1779801908
|move|p2a: Feraligatr|Liquidation|p1a: Weezing
|-damage|p1a: Weezing|5/100
|move|p1a: Weezing|Defog|p2a: Feraligatr
|-unboost|p2a: Feraligatr|evasion|1
|-sideend|p1: ELOHPOOL|Stealth Rock|[from] move: Defog|[of] p1a: Weezing
|
|-heal|p1a: Weezing|11/100|[from] item: Leftovers
|upkeep
|turn|17
|
|t:|1779801916
|switch|p1a: Toxapex|Toxapex, F|100/100
|move|p2a: Feraligatr|Liquidation|p1a: Toxapex
|-resisted|p1a: Toxapex
|-damage|p1a: Toxapex|56/100
|
|-heal|p1a: Toxapex|62/100|[from] item: Black Sludge
|upkeep
|turn|18
|
|t:|1779801920
|move|p2a: Feraligatr|Crunch|p1a: Toxapex
|-damage|p1a: Toxapex|0 fnt
|faint|p1a: Toxapex
|
|upkeep
|
|t:|1779801924
|switch|p1a: Landorus|Landorus-Therian, M|88/100
|-ability|p1a: Landorus|Intimidate|boost
|-unboost|p2a: Feraligatr|atk|1
|turn|19
|
|t:|1779801931
|switch|p1a: Clefable|Clefable, F|100/100
|move|p2a: Feraligatr|Aqua Jet|p1a: Clefable
|-damage|p1a: Clefable|73/100
|-damage|p2a: Feraligatr|91/100|[from] item: Life Orb
|
|upkeep
|turn|20
|
|t:|1779801934
|move|p2a: Feraligatr|Liquidation|p1a: Clefable
|-damage|p1a: Clefable|0 fnt
|faint|p1a: Clefable
|
|upkeep
|
|t:|1779801939
|switch|p1a: Landorus|Landorus-Therian, M|88/100
|-ability|p1a: Landorus|Intimidate|boost
|-unboost|p2a: Feraligatr|atk|1
|turn|21
|
|t:|1779801943
|move|p1a: Landorus|Taunt|p2a: Feraligatr
|-start|p2a: Feraligatr|move: Taunt
|move|p2a: Feraligatr|Liquidation|p1a: Landorus
|-supereffective|p1a: Landorus
|-crit|p1a: Landorus
|-damage|p1a: Landorus|0 fnt
|-damage|p2a: Feraligatr|74/100|[from] item: Rocky Helmet|[of] p1a: Landorus
|faint|p1a: Landorus
|
|upkeep
|
|t:|1779801954
|switch|p1a: Deoxys|Deoxys-Speed, tera:Fighting|100/100
|-ability|p1a: Deoxys|Pressure
|turn|22
|
|t:|1779801965
|move|p1a: Deoxys|Psycho Boost|p2a: Feraligatr
|-damage|p2a: Feraligatr|0 fnt
|-unboost|p1a: Deoxys|spa|2
|faint|p2a: Feraligatr
|
|upkeep
|
|t:|1779801968
|switch|p2a: Deoxys|Deoxys-Speed|100/100
|-ability|p2a: Deoxys|Pressure
|turn|23
|
|t:|1779801979
|move|p2a: Deoxys|Psycho Boost|p1a: Deoxys
|-supereffective|p1a: Deoxys
|-damage|p1a: Deoxys|0 fnt
|-unboost|p2a: Deoxys|spa|2
|faint|p1a: Deoxys
|
|upkeep
|
|t:|1779801984
|switch|p1a: Kingambit|Kingambit, M|100/100
|-activate|p1a: Kingambit|ability: Supreme Overlord
|-start|p1a: Kingambit|fallen4|[silent]
|-item|p1a: Kingambit|Air Balloon
|turn|24
|
|t:|1779801990
|move|p1a: Kingambit|Sucker Punch|p2a: Deoxys
|-supereffective|p2a: Deoxys
|-crit|p2a: Deoxys
|-enditem|p2a: Deoxys|Focus Sash
|-damage|p2a: Deoxys|1/100
|move|p2a: Deoxys|Superpower|p1a: Kingambit
|-supereffective|p1a: Kingambit
|-damage|p1a: Kingambit|4/100
|-unboost|p2a: Deoxys|atk|1
|-unboost|p2a: Deoxys|def|1
|-enditem|p1a: Kingambit|Air Balloon
|
|upkeep
|turn|25
|
|t:|1779801998
|move|p1a: Kingambit|Sucker Punch||[still]
|-fail|p1a: Kingambit
|move|p2a: Deoxys|Stealth Rock|p1a: Kingambit
|-sidestart|p1: ELOHPOOL|move: Stealth Rock
|
|upkeep
|turn|26
|
|t:|1779802004
|move|p1a: Kingambit|Sucker Punch|p2a: Deoxys
|-supereffective|p2a: Deoxys
|-damage|p2a: Deoxys|0 fnt
|faint|p2a: Deoxys
|
|upkeep
|
|t:|1779802005
|switch|p2a: Keldeo|Keldeo-Resolute|100/100
|turn|27
|
|t:|1779802009
|move|p2a: Keldeo|Vacuum Wave|p1a: Kingambit
|-supereffective|p1a: Kingambit
|-damage|p1a: Kingambit|0 fnt
|faint|p1a: Kingambit
|-end|p1a: Kingambit|fallen4|[silent]
|
|upkeep
|
|t:|1779802011
|switch|p1a: Weezing|Weezing-Galar, M|11/100
|-damage|p1a: Weezing|0 fnt|[from] Stealth Rock
|faint|p1a: Weezing
|
|win|Test g17
|raw|ELOHPOOL's rating: 1193 &rarr; <strong>1166</strong><br />(-27 for losing)
|raw|Test g17's rating: 1168 &rarr; <strong>1195</strong><br />(+27 for winning)
|l|☆ELOHPOOL
|player|p1|
|l|☆Test g17
|player|p2|
