|j|☆gvgvjvfcgv
|j|☆loomiuseyoru
|t:|1779809478
|gametype|singles
|player|p1|gvgvjvfcgv|170|1237
|player|p2|loomiuseyoru|cynthia|1220
|gen|9
|tier|[Gen 9] OU
|rated|
|rule|HP Percentage Mod: HP is shown in percentages
|rule|Endless Battle Clause: Forcing endless battles is banned
|rule|Species Clause: Limit one of each Pokémon
|rule|OHKO Clause: OHKO moves are banned
|rule|Evasion Items Clause: Evasion items are banned
|rule|Evasion Moves Clause: Evasion moves are banned
|rule|Evasion Abilities Clause: Evasion abilities are banned
|rule|Sleep Moves Clause: Sleep-inducing moves are banned
|clearpoke
|poke|p1|Dragonite, F|
|poke|p1|Clefable, F|
|poke|p1|Moltres|
|poke|p1|Haunter, M|
|poke|p1|Gengar, F|
|poke|p1|Weavile, M|
|poke|p2|Ambipom, F|
|poke|p2|Deoxys-Speed|
|poke|p2|Cinderace, M|
|poke|p2|Gliscor, F|
|poke|p2|Kingambit, F|
|poke|p2|Ogerpon-Wellspring, F|
|teampreview
|inactive|Battle timer is ON: inactive players will automatically lose when time's up. (requested by loomiuseyoru)
|
|t:|1779809504
|teamsize|p1|6
|teamsize|p2|6
|start
|switch|p1a: Weavile|Weavile, M|100/100
|switch|p2a: Deoxys|Deoxys-Speed|100/100
|-ability|p2a: Deoxys|Pressure
|-ability|p1a: Weavile|Pressure
|turn|1
|
|t:|1779809513
|move|p2a: Deoxys|Superpower|p1a: Weavile
|-supereffective|p1a: Weavile
|-damage|p1a: Weavile|0 fnt
|-unboost|p2a: Deoxys|atk|1
|-unboost|p2a: Deoxys|def|1
|faint|p1a: Weavile
|
|upkeep
|
|t:|1779809525
|switch|p1a: Big bro|Gengar, F|100/100
|turn|2
|
|t:|1779809528
|move|p1a: Big bro|Shadow Ball|p2a: Deoxys
|-supereffective|p2a: Deoxys
|-enditem|p2a: Deoxys|Focus Sash
|-damage|p2a: Deoxys|1/100
|move|p2a: Deoxys|Psycho Boost|p1a: Big bro|[miss]
|-miss|p2a: Deoxys|p1a: Big bro
|
|upkeep
|turn|3
|
|t:|1779809541
|switch|p2a: Ambipom|Ambipom, F|100/100
|move|p1a: Big bro|Shadow Ball|p2a: Ambipom
|-immune|p2a: Ambipom
|
|upkeep
|turn|4
|
|t:|1779809548
|switch|p1a: Lil bro|Haunter, M|100/100
|move|p2a: Ambipom|Knock Off|p1a: Lil bro
|-supereffective|p1a: Lil bro
|-enditem|p1a: Lil bro|Focus Sash
|-damage|p1a: Lil bro|1/100
|
|upkeep
|turn|5
|
|t:|1779809556
|move|p2a: Ambipom|Knock Off|p1a: Lil bro
|-supereffective|p1a: Lil bro
|-damage|p1a: Lil bro|0 fnt
|faint|p1a: Lil bro
|
|upkeep
|
|t:|1779809565
|switch|p1a: Moltres|Moltres|100/100
|turn|6
|
|t:|1779809568
|move|p2a: Ambipom|U-turn|p1a: Moltres
|-resisted|p1a: Moltres
|-damage|p1a: Moltres|97/100
|
|t:|1779809572
|switch|p2a: Gliscor|Gliscor, F|100/100|[from] U-turn
|move|p1a: Moltres|Flamethrower|p2a: Gliscor
|-damage|p2a: Gliscor|50/100
|
|-status|p2a: Gliscor|tox|[from] item: Toxic Orb
|upkeep
|turn|7
|
|t:|1779809580
|move|p2a: Gliscor|Protect|p2a: Gliscor
|-singleturn|p2a: Gliscor|Protect
|move|p1a: Moltres|Flamethrower|p2a: Gliscor
|-activate|p2a: Gliscor|move: Protect
|
|-heal|p2a: Gliscor|63/100 tox|[from] ability: Poison Heal
|upkeep
|turn|8
|
|t:|1779809587
|move|p2a: Gliscor|Toxic|p1a: Moltres
|-status|p1a: Moltres|tox
|move|p1a: Moltres|Flamethrower|p2a: Gliscor
|-damage|p2a: Gliscor|15/100 tox
|
|-heal|p2a: Gliscor|27/100 tox|[from] ability: Poison Heal
|-damage|p1a: Moltres|91/100 tox|[from] psn
|upkeep
|turn|9
|
|t:|1779809595
|move|p2a: Gliscor|Protect|p2a: Gliscor
|-singleturn|p2a: Gliscor|Protect
|move|p1a: Moltres|Flamethrower|p2a: Gliscor
|-activate|p2a: Gliscor|move: Protect
|
|-heal|p2a: Gliscor|39/100 tox|[from] ability: Poison Heal
|-damage|p1a: Moltres|78/100 tox|[from] psn
|upkeep
|turn|10
|
|t:|1779809618
|switch|p2a: Ogerpon|Ogerpon-Wellspring, F|100/100
|move|p1a: Moltres|Flamethrower|p2a: Ogerpon
|-damage|p2a: Ogerpon|59/100
|
|-damage|p1a: Moltres|59/100 tox|[from] psn
|upkeep
|turn|11
|
|t:|1779809630
|move|p2a: Ogerpon|Ivy Cudgel|p1a: Moltres|[anim] Ivy Cudgel Water
|-supereffective|p1a: Moltres
|-damage|p1a: Moltres|0 fnt
|faint|p1a: Moltres
|
|upkeep
|
|t:|1779809637
|switch|p1a: Big bro|Gengar, F|100/100
|turn|12
|
|t:|1779809640
|switch|p2a: Kingambit|Kingambit, F|100/100
|move|p1a: Big bro|Sludge Wave|p2a: Kingambit
|-immune|p2a: Kingambit
|
|upkeep
|turn|13
|
|t:|1779809647
|switch|p1a: Dragonite|Dragonite, F|100/100
|move|p2a: Kingambit|Sucker Punch||[still]
|-fail|p2a: Kingambit
|
|upkeep
|turn|14
|
|t:|1779809674
|move|p1a: Dragonite|Dragon Dance|p1a: Dragonite
|-boost|p1a: Dragonite|atk|1
|-boost|p1a: Dragonite|spe|1
|move|p2a: Kingambit|Swords Dance|p2a: Kingambit
|-boost|p2a: Kingambit|atk|2
|
|upkeep
|turn|15
|
|t:|1779809680
|move|p1a: Dragonite|Earthquake|p2a: Kingambit
|-supereffective|p2a: Kingambit
|-damage|p2a: Kingambit|3/100
|move|p2a: Kingambit|Kowtow Cleave|p1a: Dragonite
|-damage|p1a: Dragonite|42/100
|
|-heal|p2a: Kingambit|9/100|[from] item: Leftovers
|upkeep
|turn|16
|
|t:|1779809687
|move|p1a: Dragonite|Extreme Speed|p2a: Kingambit
|-resisted|p2a: Kingambit
|-damage|p2a: Kingambit|0 fnt
|faint|p2a: Kingambit
|-end|p2a: Kingambit|fallenundefined|[silent]
|
|upkeep
|
|t:|1779809693
|switch|p2a: Ambipom|Ambipom, F|100/100
|turn|17
|
|t:|1779809701
|move|p2a: Ambipom|Fake Out|p1a: Dragonite
|-damage|p1a: Dragonite|9/100
|cant|p1a: Dragonite|flinch
|
|upkeep
|turn|18
|
|t:|1779809718
|move|p1a: Dragonite|Roost|p1a: Dragonite
|-heal|p1a: Dragonite|59/100
|-singleturn|p1a: Dragonite|move: Roost
|move|p2a: Ambipom|Double Hit|p1a: Dragonite
|-damage|p1a: Dragonite|31/100
|-damage|p1a: Dragonite|0 fnt
|faint|p1a: Dragonite
|-hitcount|p1: Dragonite|2
|
|upkeep
|
|t:|1779809727
|switch|p1a: Big bro|Gengar, F|100/100
|turn|19
|
|t:|1779809732
|move|p1a: Big bro|Sludge Wave|p2a: Ambipom
|-damage|p2a: Ambipom|6/100
|move|p2a: Ambipom|Knock Off|p1a: Big bro
|-supereffective|p1a: Big bro
|-damage|p1a: Big bro|0 fnt
|-enditem|p1a: Big bro|Choice Scarf|[from] move: Knock Off|[of] p2a: Ambipom
|faint|p1a: Big bro
|
|upkeep
|
|t:|1779809739
|switch|p1a: Clefable|Clefable, F|100/100
|turn|20
|
|t:|1779809744
|move|p2a: Ambipom|Double Hit|p1a: Clefable
|-damage|p1a: Clefable|71/100
|-damage|p1a: Clefable|43/100
|-hitcount|p1a: Clefable|2
|move|p1a: Clefable|Calm Mind|p1a: Clefable
|-boost|p1a: Clefable|spa|1
|-boost|p1a: Clefable|spd|1
|
|-heal|p1a: Clefable|49/100|[from] item: Leftovers
|upkeep
|turn|21
|-message|gvgvjvfcgv forfeited.
|
|win|loomiuseyoru
|raw|gvgvjvfcgv's rating: 1237 &rarr; <strong>1211</strong><br />(-26 for losing)
|raw|loomiuseyoru's rating: 1220 &rarr; <strong>1246</strong><br />(+26 for winning)
|l|☆loomiuseyoru
|player|p2|
|l|☆gvgvjvfcgv
|player|p1|
