|j|☆sup2trbx
|j|☆Telek11
|t:|1779905459
|gametype|singles
|player|p1|sup2trbx|ghetsis|1106
|player|p2|Telek11|roxie|1072
|gen|9
|tier|[Gen 9] OU
|rated|
|rule|HP Percentage Mod: HP is shown in percentages
|rule|Endless Battle Clause: Forcing endless battles is banned
|rule|Species Clause: Limit one of each Pokémon
|rule|OHKO Clause: OHKO moves are banned
|rule|Evasion Items Clause: Evasion items are banned
|rule|Evasion Moves Clause: Evasion moves are banned
|rule|Evasion Abilities Clause: Evasion abilities are banned
|rule|Sleep Moves Clause: Sleep-inducing moves are banned
|clearpoke
|poke|p1|Blaziken, M|
|poke|p1|Mamoswine, F|
|poke|p1|Scizor, M|
|poke|p1|Azumarill, F|
|poke|p1|Dragonite, M|
|poke|p1|Tyranitar, F|
|poke|p2|Virizion|
|poke|p2|Mimikyu, F|
|poke|p2|Toxapex, F|
|poke|p2|Clodsire, M|
|poke|p2|Reuniclus, F|
|poke|p2|Goodra-Hisui, M|
|teampreview
|inactive|Battle timer is ON: inactive players will automatically lose when time's up. (requested by sup2trbx)
|
|t:|1779905465
|teamsize|p1|6
|teamsize|p2|6
|start
|switch|p1a: Tyranitar|Tyranitar, F|100/100
|switch|p2a: Clodsire|Clodsire, M|100/100
|-weather|Sandstorm|[from] ability: Sand Stream|[of] p1a: Tyranitar
|turn|1
|
|t:|1779905475
|move|p1a: Tyranitar|Stealth Rock|p2a: Clodsire
|-sidestart|p2: Telek11|move: Stealth Rock
|move|p2a: Clodsire|Earthquake|p1a: Tyranitar
|-supereffective|p1a: Tyranitar
|-damage|p1a: Tyranitar|58/100
|
|-weather|Sandstorm|[upkeep]
|-heal|p1a: Tyranitar|65/100|[from] item: Leftovers
|upkeep
|turn|2
|
|t:|1779905485
|move|p1a: Tyranitar|Knock Off|p2a: Clodsire
|-damage|p2a: Clodsire|38/100
|-status|p1a: Tyranitar|psn|[from] ability: Poison Point|[of] p2a: Clodsire
|-enditem|p2a: Clodsire|Leftovers|[from] move: Knock Off|[of] p1a: Tyranitar
|move|p2a: Clodsire|Toxic Spikes|p1a: Tyranitar
|-sidestart|p1: sup2trbx|move: Toxic Spikes
|
|-weather|Sandstorm|[upkeep]
|-heal|p1a: Tyranitar|71/100 psn|[from] item: Leftovers
|-damage|p1a: Tyranitar|58/100 psn|[from] psn
|upkeep
|turn|3
|
|t:|1779905495
|move|p2a: Clodsire|Protect|p2a: Clodsire
|-singleturn|p2a: Clodsire|Protect
|move|p1a: Tyranitar|Ice Punch|p2a: Clodsire
|-activate|p2a: Clodsire|move: Protect
|
|-weather|Sandstorm|[upkeep]
|-heal|p1a: Tyranitar|65/100 psn|[from] item: Leftovers
|-damage|p1a: Tyranitar|52/100 psn|[from] psn
|upkeep
|turn|4
|
|t:|1779905505
|move|p1a: Tyranitar|Ice Punch|p2a: Clodsire
|-supereffective|p2a: Clodsire
|-damage|p2a: Clodsire|0 fnt
|faint|p2a: Clodsire
|
|-weather|Sandstorm|[upkeep]
|-heal|p1a: Tyranitar|58/100 psn|[from] item: Leftovers
|-damage|p1a: Tyranitar|46/100 psn|[from] psn
|upkeep
|
|t:|1779905516
|switch|p2a: Toxapex|Toxapex, F, shiny|100/100
|-damage|p2a: Toxapex|88/100|[from] Stealth Rock
|turn|5
|
|t:|1779905522
|move|p2a: Toxapex|Baneful Bunker|p2a: Toxapex
|-singleturn|p2a: Toxapex|move: Protect
|move|p1a: Tyranitar|Knock Off|p2a: Toxapex
|-activate|p2a: Toxapex|move: Protect
|
|-weather|none
|-heal|p1a: Tyranitar|52/100 psn|[from] item: Leftovers
|-heal|p2a: Toxapex|94/100|[from] item: Leftovers
|-damage|p1a: Tyranitar|40/100 psn|[from] psn
|upkeep
|turn|6
|
|t:|1779905530
|move|p1a: Tyranitar|Knock Off|p2a: Toxapex
|-damage|p2a: Toxapex|61/100
|-enditem|p2a: Toxapex|Leftovers|[from] move: Knock Off|[of] p1a: Tyranitar
|move|p2a: Toxapex|Recover|p2a: Toxapex
|-heal|p2a: Toxapex|100/100
|
|-heal|p1a: Tyranitar|46/100 psn|[from] item: Leftovers
|-damage|p1a: Tyranitar|34/100 psn|[from] psn
|upkeep
|turn|7
|
|t:|1779905540
|move|p1a: Tyranitar|Stone Edge|p2a: Toxapex
|-damage|p2a: Toxapex|65/100
|move|p2a: Toxapex|Poison Jab|p1a: Tyranitar
|-resisted|p1a: Tyranitar
|-crit|p1a: Tyranitar
|-damage|p1a: Tyranitar|23/100 psn
|
|-heal|p1a: Tyranitar|29/100 psn|[from] item: Leftovers
|-damage|p1a: Tyranitar|17/100 psn|[from] psn
|upkeep
|turn|8
|
|t:|1779905549
|move|p2a: Toxapex|Baneful Bunker|p2a: Toxapex
|-singleturn|p2a: Toxapex|move: Protect
|move|p1a: Tyranitar|Stone Edge|p2a: Toxapex
|-activate|p2a: Toxapex|move: Protect
|
|-heal|p1a: Tyranitar|23/100 psn|[from] item: Leftovers
|-damage|p1a: Tyranitar|11/100 psn|[from] psn
|upkeep
|turn|9
|
|t:|1779905556
|move|p1a: Tyranitar|Stone Edge|p2a: Toxapex
|-damage|p2a: Toxapex|32/100
|move|p2a: Toxapex|Recover|p2a: Toxapex
|-heal|p2a: Toxapex|82/100
|
|-heal|p1a: Tyranitar|17/100 psn|[from] item: Leftovers
|-damage|p1a: Tyranitar|5/100 psn|[from] psn
|upkeep
|turn|10
|
|t:|1779905564
|move|p1a: Tyranitar|Stone Edge|p2a: Toxapex
|-damage|p2a: Toxapex|46/100
|move|p2a: Toxapex|Recover|p2a: Toxapex
|-heal|p2a: Toxapex|96/100
|
|-heal|p1a: Tyranitar|11/100 psn|[from] item: Leftovers
|-damage|p1a: Tyranitar|0 fnt|[from] psn
|faint|p1a: Tyranitar
|upkeep
|
|t:|1779905574
|switch|p1a: Blaziken|Blaziken, M|100/100
|-status|p1a: Blaziken|psn
|turn|11
|
|t:|1779905581
|switch|p1a: Scizor|Scizor, M|100/100
|move|p2a: Toxapex|Baneful Bunker||[still]
|-fail|p2a: Toxapex
|
|upkeep
|turn|12
|
|t:|1779905593
|switch|p1a: Azumarill|Azumarill, F|100/100
|-status|p1a: Azumarill|psn
|move|p2a: Toxapex|Recover|p2a: Toxapex
|-heal|p2a: Toxapex|100/100
|
|-damage|p1a: Azumarill|88/100 psn|[from] psn
|upkeep
|turn|13
|
|t:|1779905603
|switch|p1a: Mamoswine|Mamoswine, F|100/100
|-status|p1a: Mamoswine|psn
|move|p2a: Toxapex|Poison Jab|p1a: Mamoswine
|-resisted|p1a: Mamoswine
|-crit|p1a: Mamoswine
|-damage|p1a: Mamoswine|84/100 psn
|
|-heal|p1a: Mamoswine|91/100 psn|[from] item: Leftovers
|-damage|p1a: Mamoswine|78/100 psn|[from] psn
|upkeep
|turn|14
|
|t:|1779905613
|switch|p1a: Dragonite|Dragonite, M|100/100
|move|p2a: Toxapex|Baneful Bunker||[still]
|-fail|p2a: Toxapex
|
|upkeep
|turn|15
|
|t:|1779905618
|move|p1a: Dragonite|Earthquake|p2a: Toxapex
|-supereffective|p2a: Toxapex
|-damage|p2a: Toxapex|50/100
|move|p2a: Toxapex|Toxic|p1a: Dragonite
|-status|p1a: Dragonite|tox
|
|-damage|p1a: Dragonite|94/100 tox|[from] psn
|upkeep
|turn|16
|
|t:|1779905625
|move|p2a: Toxapex|Baneful Bunker|p2a: Toxapex
|-singleturn|p2a: Toxapex|move: Protect
|move|p1a: Dragonite|Dragon Tail|p2a: Toxapex
|-activate|p2a: Toxapex|move: Protect
|
|-damage|p1a: Dragonite|82/100 tox|[from] psn
|upkeep
|turn|17
|
|t:|1779905632
|move|p1a: Dragonite|Earthquake|p2a: Toxapex
|-supereffective|p2a: Toxapex
|-damage|p2a: Toxapex|1/100
|move|p2a: Toxapex|Recover|p2a: Toxapex
|-heal|p2a: Toxapex|51/100
|
|-damage|p1a: Dragonite|63/100 tox|[from] psn
|upkeep
|turn|18
|
|t:|1779905639
|move|p2a: Toxapex|Baneful Bunker|p2a: Toxapex
|-singleturn|p2a: Toxapex|move: Protect
|move|p1a: Dragonite|Dragon Tail|p2a: Toxapex
|-activate|p2a: Toxapex|move: Protect
|
|-damage|p1a: Dragonite|38/100 tox|[from] psn
|upkeep
|turn|19
|
|t:|1779905646
|move|p2a: Toxapex|Recover|p2a: Toxapex
|-heal|p2a: Toxapex|100/100
|move|p1a: Dragonite|Dragon Tail|p2a: Toxapex
|-damage|p2a: Toxapex|80/100
|drag|p2a: Mimikyu|Mimikyu, F, shiny|100/100
|-damage|p2a: Mimikyu|88/100|[from] Stealth Rock
|
|-heal|p2a: Mimikyu|94/100|[from] item: Leftovers
|-damage|p1a: Dragonite|7/100 tox|[from] psn
|upkeep
|turn|20
|
|t:|1779905658
|move|p2a: Mimikyu|Protect|p2a: Mimikyu
|-singleturn|p2a: Mimikyu|Protect
|move|p1a: Dragonite|Earthquake|p2a: Mimikyu
|-activate|p2a: Mimikyu|move: Protect
|
|-heal|p2a: Mimikyu|99/100|[from] item: Leftovers
|-damage|p1a: Dragonite|0 fnt|[from] psn
|faint|p1a: Dragonite
|upkeep
|
|t:|1779905666
|switch|p1a: Scizor|Scizor, M|100/100
|turn|21
|
|t:|1779905672
|move|p2a: Mimikyu|Shadow Claw|p1a: Scizor
|-damage|p1a: Scizor|71/100
|move|p1a: Scizor|Swords Dance|p1a: Scizor
|-boost|p1a: Scizor|atk|2
|
|-heal|p2a: Mimikyu|100/100|[from] item: Leftovers
|upkeep
|turn|22
|
|t:|1779905681
|move|p1a: Scizor|Bullet Punch|p2a: Mimikyu
|-activate|p2a: Mimikyu|ability: Disguise
|-damage|p2a: Mimikyu|100/100
|detailschange|p2a: Mimikyu|Mimikyu-Busted, F, shiny
|-damage|p2a: Mimikyu|88/100|[from] pokemon: Mimikyu-Busted
|-damage|p1a: Scizor|61/100|[from] item: Life Orb
|move|p2a: Mimikyu|Shadow Claw|p1a: Scizor
|-damage|p1a: Scizor|27/100
|
|-heal|p2a: Mimikyu|94/100|[from] item: Leftovers
|upkeep
|turn|23
|
|t:|1779905692
|move|p1a: Scizor|Bullet Punch|p2a: Mimikyu
|-supereffective|p2a: Mimikyu
|-damage|p2a: Mimikyu|0 fnt
|faint|p2a: Mimikyu
|-damage|p1a: Scizor|17/100|[from] item: Life Orb
|
|upkeep
|
|t:|1779905699
|switch|p2a: Toxapex|Toxapex, F, shiny|80/100
|-damage|p2a: Toxapex|67/100|[from] Stealth Rock
|turn|24
|
|t:|1779905704
|move|p2a: Toxapex|Baneful Bunker|p2a: Toxapex
|-singleturn|p2a: Toxapex|move: Protect
|move|p1a: Scizor|Bullet Punch|p2a: Toxapex
|-activate|p2a: Toxapex|move: Protect
|
|upkeep
|turn|25
|
|t:|1779905714
|switch|p2a: Goodra|Goodra-Hisui, M|100/100
|-damage|p2a: Goodra|94/100|[from] Stealth Rock
|-item|p2a: Goodra|Air Balloon
|move|p1a: Scizor|Bullet Punch|p2a: Goodra
|-resisted|p2a: Goodra
|-crit|p2a: Goodra
|-damage|p2a: Goodra|36/100
|-ability|p2a: Goodra|Gooey
|-unboost|p1a: Scizor|spe|1
|-enditem|p2a: Goodra|Air Balloon
|-damage|p1a: Scizor|7/100|[from] item: Life Orb
|
|upkeep
|turn|26
|
|t:|1779905728
|move|p1a: Scizor|Close Combat|p2a: Goodra
|-supereffective|p2a: Goodra
|-damage|p2a: Goodra|0 fnt
|-unboost|p1a: Scizor|def|1
|-unboost|p1a: Scizor|spd|1
|-ability|p2a: Goodra|Gooey
|-unboost|p1a: Scizor|spe|1
|faint|p2a: Goodra
|-damage|p1a: Scizor|0 fnt|[from] item: Life Orb
|faint|p1a: Scizor
|
|upkeep
|
|t:|1779905741
|switch|p1a: Azumarill|Azumarill, F|88/100 psn
|switch|p2a: Toxapex|Toxapex, F, shiny|67/100
|-damage|p2a: Toxapex|55/100|[from] Stealth Rock
|turn|27
|
|t:|1779905748
|move|p1a: Azumarill|Belly Drum|p1a: Azumarill
|-damage|p1a: Azumarill|38/100 psn
|-setboost|p1a: Azumarill|atk|6|[from] move: Belly Drum
|-enditem|p1a: Azumarill|Sitrus Berry|[eat]
|-heal|p1a: Azumarill|63/100 psn|[from] item: Sitrus Berry
|move|p2a: Toxapex|Recover|p2a: Toxapex
|-heal|p2a: Toxapex|100/100
|
|-damage|p1a: Azumarill|51/100 psn|[from] psn
|upkeep
|turn|28
|
|t:|1779905759
|move|p2a: Toxapex|Baneful Bunker|p2a: Toxapex
|-singleturn|p2a: Toxapex|move: Protect
|move|p1a: Azumarill|Aqua Jet|p2a: Toxapex
|-activate|p2a: Toxapex|move: Protect
|
|-damage|p1a: Azumarill|39/100 psn|[from] psn
|upkeep
|turn|29
|
|t:|1779905768
|move|p1a: Azumarill|Play Rough|p2a: Toxapex
|-resisted|p2a: Toxapex
|-crit|p2a: Toxapex
|-damage|p2a: Toxapex|0 fnt
|faint|p2a: Toxapex
|
|-damage|p1a: Azumarill|26/100 psn|[from] psn
|upkeep
|
|t:|1779905776
|switch|p2a: Virizion|Virizion, shiny|100/100
|-damage|p2a: Virizion|94/100|[from] Stealth Rock
|turn|30
|
|t:|1779905781
|move|p2a: Virizion|Protect|p2a: Virizion
|-singleturn|p2a: Virizion|Protect
|move|p1a: Azumarill|Play Rough|p2a: Virizion
|-activate|p2a: Virizion|move: Protect
|
|-damage|p1a: Azumarill|14/100 psn|[from] psn
|upkeep
|turn|31
|
|t:|1779905792
|move|p2a: Virizion|Energy Ball|p1a: Azumarill
|-supereffective|p1a: Azumarill
|-damage|p1a: Azumarill|0 fnt
|faint|p1a: Azumarill
|
|upkeep
|
|t:|1779905798
|switch|p1a: Blaziken|Blaziken, M|100/100 psn
|turn|32
|
|t:|1779905805
|move|p2a: Virizion|Protect|p2a: Virizion
|-singleturn|p2a: Virizion|Protect
|move|p1a: Blaziken|Protect||[still]
|-fail|p1a: Blaziken
|
|-damage|p1a: Blaziken|88/100 psn|[from] psn
|-ability|p1a: Blaziken|Speed Boost|boost
|-boost|p1a: Blaziken|spe|1
|upkeep
|turn|33
|
|t:|1779905813
|-terastallize|p2a: Virizion|Fighting
|move|p1a: Blaziken|Protect|p1a: Blaziken
|-singleturn|p1a: Blaziken|Protect
|move|p2a: Virizion|Aura Sphere|p1a: Blaziken
|-activate|p1a: Blaziken|move: Protect
|
|-damage|p1a: Blaziken|76/100 psn|[from] psn
|-ability|p1a: Blaziken|Speed Boost|boost
|-boost|p1a: Blaziken|spe|1
|upkeep
|turn|34
|
|t:|1779905822
|move|p1a: Blaziken|Swords Dance|p1a: Blaziken
|-boost|p1a: Blaziken|atk|2
|move|p2a: Virizion|Aura Sphere|p1a: Blaziken
|-damage|p1a: Blaziken|11/100 psn
|
|-damage|p1a: Blaziken|0 fnt|[from] psn
|faint|p1a: Blaziken
|upkeep
|
|t:|1779905829
|switch|p1a: Mamoswine|Mamoswine, F|78/100 psn
|turn|35
|
|t:|1779905835
|-terastallize|p1a: Mamoswine|Grass
|move|p2a: Virizion|Aura Sphere|p1a: Mamoswine
|-damage|p1a: Mamoswine|17/100 psn
|move|p1a: Mamoswine|Earthquake|p2a: Virizion
|-damage|p2a: Virizion|11/100
|
|-heal|p1a: Mamoswine|23/100 psn|[from] item: Leftovers
|-damage|p1a: Mamoswine|10/100 psn|[from] psn
|upkeep
|turn|36
|
|t:|1779905846
|move|p2a: Virizion|Aura Sphere|p1a: Mamoswine
|-damage|p1a: Mamoswine|0 fnt
|faint|p1a: Mamoswine
|
|win|Telek11
|raw|sup2trbx's rating: 1106 &rarr; <strong>1079</strong><br />(-27 for losing)
|raw|Telek11's rating: 1072 &rarr; <strong>1104</strong><br />(+32 for winning)
|l|☆sup2trbx
|player|p1|
|l|☆Telek11
|player|p2|
