|j|☆Kis Vegallomas
|j|☆mainkush
|t:|1779820734
|gametype|singles
|player|p1|Kis Vegallomas|101|1271
|player|p2|mainkush|169|1272
|gen|9
|tier|[Gen 9] OU
|rated|
|rule|HP Percentage Mod: HP is shown in percentages
|rule|Endless Battle Clause: Forcing endless battles is banned
|rule|Species Clause: Limit one of each Pokémon
|rule|OHKO Clause: OHKO moves are banned
|rule|Evasion Items Clause: Evasion items are banned
|rule|Evasion Moves Clause: Evasion moves are banned
|rule|Evasion Abilities Clause: Evasion abilities are banned
|rule|Sleep Moves Clause: Sleep-inducing moves are banned
|clearpoke
|poke|p1|Primeape, M|
|poke|p1|Skarmory, M|
|poke|p1|Weezing-Galar, M|
|poke|p1|Hatterene, F|
|poke|p1|Regidrago|
|poke|p1|Smeargle, M|
|poke|p2|Darkrai|
|poke|p2|Garchomp, F|
|poke|p2|Alomomola, F|
|poke|p2|Corviknight, F|
|poke|p2|Weezing-Galar, M|
|poke|p2|Ogerpon, F|
|teampreview
|inactive|Battle timer is ON: inactive players will automatically lose when time's up. (requested by Kis Vegallomas)
|
|t:|1779820779
|teamsize|p1|6
|teamsize|p2|6
|start
|switch|p1a: Hatterene|Hatterene, F|100/100
|switch|p2a: Alomomola|Alomomola, F|100/100
|turn|1
|
|t:|1779820784
|move|p2a: Alomomola|Body Slam|p1a: Hatterene
|-damage|p1a: Hatterene|88/100
|-damage|p2a: Alomomola|84/100|[from] item: Rocky Helmet|[of] p1a: Hatterene
|move|p1a: Hatterene|Calm Mind|p1a: Hatterene
|-boost|p1a: Hatterene|spa|1
|-boost|p1a: Hatterene|spd|1
|
|upkeep
|turn|2
|
|t:|1779820796
|move|p2a: Alomomola|Flip Turn|p1a: Hatterene
|-damage|p1a: Hatterene|75/100
|-damage|p2a: Alomomola|67/100|[from] item: Rocky Helmet|[of] p1a: Hatterene
|
|t:|1779820797
|switch|p2a: Corviknight|Corviknight, F|100/100|[from] Flip Turn
|-ability|p2a: Corviknight|Pressure
|move|p1a: Hatterene|Calm Mind|p1a: Hatterene
|-boost|p1a: Hatterene|spa|1
|-boost|p1a: Hatterene|spd|1
|
|upkeep
|turn|3
|
|t:|1779820803
|move|p2a: Corviknight|Brave Bird|p1a: Hatterene
|-damage|p1a: Hatterene|48/100
|-damage|p2a: Corviknight|84/100|[from] item: Rocky Helmet|[of] p1a: Hatterene
|-damage|p2a: Corviknight|77/100|[from] Recoil
|move|p1a: Hatterene|Mystical Fire|p2a: Corviknight
|-supereffective|p2a: Corviknight
|-damage|p2a: Corviknight|12/100
|-unboost|p2a: Corviknight|spa|1
|
|-heal|p2a: Corviknight|18/100|[from] item: Leftovers
|upkeep
|turn|4
|
|t:|1779820808
|move|p2a: Corviknight|U-turn|p1a: Hatterene
|-damage|p1a: Hatterene|36/100
|-damage|p2a: Corviknight|1/100|[from] item: Rocky Helmet|[of] p1a: Hatterene
|
|t:|1779820810
|switch|p2a: Alomomola|Alomomola, F|100/100|[from] U-turn
|move|p1a: Hatterene|Mystical Fire|p2a: Alomomola
|-resisted|p2a: Alomomola
|-damage|p2a: Alomomola|90/100
|-unboost|p2a: Alomomola|spa|1
|
|upkeep
|turn|5
|
|t:|1779820819
|move|p2a: Alomomola|Body Slam|p1a: Hatterene
|-damage|p1a: Hatterene|24/100
|-status|p1a: Hatterene|par
|-damage|p2a: Alomomola|74/100|[from] item: Rocky Helmet|[of] p1a: Hatterene
|cant|p1a: Hatterene|par
|
|upkeep
|turn|6
|
|t:|1779820833
|move|p2a: Alomomola|Flip Turn|p1a: Hatterene
|-damage|p1a: Hatterene|11/100 par
|-damage|p2a: Alomomola|57/100|[from] item: Rocky Helmet|[of] p1a: Hatterene
|
|t:|1779820838
|switch|p2a: Garchomp|Garchomp, F|100/100|[from] Flip Turn
|move|p1a: Hatterene|Draining Kiss|p2a: Garchomp
|-supereffective|p2a: Garchomp
|-damage|p2a: Garchomp|16/100
|-heal|p1a: Hatterene|95/100 par|[from] drain|[of] p2a: Garchomp
|-damage|p1a: Hatterene|83/100 par|[from] ability: Rough Skin|[of] p2a: Garchomp
|-damage|p1a: Hatterene|66/100 par|[from] item: Rocky Helmet|[of] p2a: Garchomp
|
|upkeep
|turn|7
|
|t:|1779820843
|move|p2a: Garchomp|Earthquake|p1a: Hatterene
|-damage|p1a: Hatterene|32/100 par
|move|p1a: Hatterene|Draining Kiss|p2a: Garchomp
|-supereffective|p2a: Garchomp
|-damage|p2a: Garchomp|0 fnt
|-heal|p1a: Hatterene|46/100 par|[from] drain|[of] p2a: Garchomp
|-damage|p1a: Hatterene|34/100 par|[from] ability: Rough Skin|[of] p2a: Garchomp
|-damage|p1a: Hatterene|17/100 par|[from] item: Rocky Helmet|[of] p2a: Garchomp
|faint|p2a: Garchomp
|
|upkeep
|
|t:|1779820846
|switch|p2a: Darkrai|Darkrai|100/100
|turn|8
|
|t:|1779820854
|move|p2a: Darkrai|Dark Pulse|p1a: Hatterene
|-damage|p1a: Hatterene|0 fnt
|faint|p1a: Hatterene
|
|upkeep
|
|t:|1779820864
|switch|p1a: Primeape|Primeape, M|100/100
|turn|9
|
|t:|1779820884
|switch|p2a: Corviknight|Corviknight, F|1/100
|-ability|p2a: Corviknight|Pressure
|move|p1a: Primeape|Bulk Up|p1a: Primeape
|-boost|p1a: Primeape|atk|1
|-boost|p1a: Primeape|def|1
|
|-heal|p2a: Corviknight|8/100|[from] item: Leftovers
|upkeep
|turn|10
|
|t:|1779820890
|move|p1a: Primeape|Drain Punch|p2a: Corviknight
|-damage|p2a: Corviknight|0 fnt
|faint|p2a: Corviknight
|
|upkeep
|
|t:|1779820893
|switch|p2a: Weezing|Weezing-Galar, M|100/100
|-ability|p2a: Weezing|Neutralizing Gas
|turn|11
|
|t:|1779820895
|move|p1a: Primeape|Taunt|p2a: Weezing
|-start|p2a: Weezing|move: Taunt
|cant|p2a: Weezing|move: Taunt|Will-O-Wisp
|
|upkeep
|turn|12
|
|t:|1779820901
|move|p1a: Primeape|Bulk Up|p1a: Primeape
|-boost|p1a: Primeape|atk|1
|-boost|p1a: Primeape|def|1
|move|p2a: Weezing|Sludge Bomb|p1a: Primeape
|-crit|p1a: Primeape
|-damage|p1a: Primeape|74/100
|-status|p1a: Primeape|psn
|
|-damage|p1a: Primeape|62/100 psn|[from] psn
|upkeep
|turn|13
|
|t:|1779820905
|move|p1a: Primeape|Bulk Up|p1a: Primeape
|-boost|p1a: Primeape|atk|1
|-boost|p1a: Primeape|def|1
|move|p2a: Weezing|Sludge Bomb|p1a: Primeape
|-damage|p1a: Primeape|44/100 psn
|
|-damage|p1a: Primeape|31/100 psn|[from] psn
|-end|p2a: Weezing|move: Taunt
|upkeep
|turn|14
|
|t:|1779820909
|move|p1a: Primeape|Taunt|p2a: Weezing
|-start|p2a: Weezing|move: Taunt
|move|p2a: Weezing|Sludge Bomb|p1a: Primeape
|-damage|p1a: Primeape|14/100 psn
|
|-damage|p1a: Primeape|2/100 psn|[from] psn
|upkeep
|turn|15
|
|t:|1779820911
|move|p1a: Primeape|Rage Fist|p2a: Weezing
|-damage|p2a: Weezing|27/100
|move|p2a: Weezing|Sludge Bomb|p1a: Primeape
|-damage|p1a: Primeape|0 fnt
|faint|p1a: Primeape
|
|-heal|p2a: Weezing|33/100|[from] item: Leftovers
|upkeep
|
|t:|1779820920
|switch|p1a: Skarmory|Skarmory, M|100/100
|turn|16
|
|t:|1779820925
|-end|p2a: Weezing|ability: Neutralizing Gas
|switch|p2a: Alomomola|Alomomola, F|91/100
|move|p1a: Skarmory|Swords Dance|p1a: Skarmory
|-boost|p1a: Skarmory|atk|2
|
|upkeep
|turn|17
|
|t:|1779820929
|move|p1a: Skarmory|Swords Dance|p1a: Skarmory
|-boost|p1a: Skarmory|atk|2
|move|p2a: Alomomola|Body Slam|p1a: Skarmory
|-resisted|p1a: Skarmory
|-damage|p1a: Skarmory|94/100
|-status|p1a: Skarmory|par
|-damage|p2a: Alomomola|74/100|[from] item: Rocky Helmet|[of] p1a: Skarmory
|-ability|p1a: Skarmory|Weak Armor|boost
|-unboost|p1a: Skarmory|def|1
|-boost|p1a: Skarmory|spe|2
|
|upkeep
|turn|18
|
|t:|1779820933
|move|p1a: Skarmory|Swords Dance|p1a: Skarmory
|-boost|p1a: Skarmory|atk|2
|move|p2a: Alomomola|Flip Turn|p1a: Skarmory
|-damage|p1a: Skarmory|75/100 par
|-damage|p2a: Alomomola|57/100|[from] item: Rocky Helmet|[of] p1a: Skarmory
|-ability|p1a: Skarmory|Weak Armor|boost
|-unboost|p1a: Skarmory|def|1
|-boost|p1a: Skarmory|spe|2
|
|t:|1779820935
|switch|p2a: Weezing|Weezing-Galar, M|33/100|[from] Flip Turn
|-ability|p2a: Weezing|Neutralizing Gas
|
|-heal|p2a: Weezing|39/100|[from] item: Leftovers
|upkeep
|turn|19
|
|t:|1779820938
|move|p1a: Skarmory|Brave Bird|p2a: Weezing
|-damage|p2a: Weezing|0 fnt
|faint|p2a: Weezing
|-end|p2a: Weezing|ability: Neutralizing Gas
|-damage|p1a: Skarmory|62/100 par|[from] Recoil
|
|upkeep
|
|t:|1779820957
|switch|p2a: Darkrai|Darkrai|100/100
|turn|20
|
|t:|1779820961
|-terastallize|p2a: Darkrai|Dark
|move|p2a: Darkrai|Dark Pulse|p1a: Skarmory
|-damage|p1a: Skarmory|0 fnt
|faint|p1a: Skarmory
|
|upkeep
|
|t:|1779820968
|switch|p1a: Weezing|Weezing-Galar, M|100/100
|turn|21
|
|t:|1779820970
|move|p2a: Darkrai|Dark Pulse|p1a: Weezing
|-resisted|p1a: Weezing
|-damage|p1a: Weezing|63/100
|cant|p1a: Weezing|flinch
|
|-heal|p1a: Weezing|69/100|[from] item: Black Sludge
|upkeep
|turn|22
|
|t:|1779820975
|switch|p2a: Alomomola|Alomomola, F|91/100
|move|p1a: Weezing|Toxic|p2a: Alomomola
|-status|p2a: Alomomola|tox
|
|-heal|p1a: Weezing|75/100|[from] item: Black Sludge
|-damage|p2a: Alomomola|85/100 tox|[from] psn
|upkeep
|turn|23
|
|t:|1779820983
|move|p1a: Weezing|Thunderbolt|p2a: Alomomola
|-supereffective|p2a: Alomomola
|-damage|p2a: Alomomola|68/100 tox
|move|p2a: Alomomola|Flip Turn|p1a: Weezing
|-damage|p1a: Weezing|61/100
|
|t:|1779820996
|switch|p2a: Ogerpon|Ogerpon, F|100/100|[from] Flip Turn
|
|-heal|p1a: Weezing|67/100|[from] item: Black Sludge
|upkeep
|turn|24
|
|t:|1779821001
|move|p2a: Ogerpon|Encore|p1a: Weezing
|-start|p1a: Weezing|Encore
|move|p1a: Weezing|Thunderbolt|p2a: Ogerpon
|-resisted|p2a: Ogerpon
|-damage|p2a: Ogerpon|90/100
|
|-heal|p1a: Weezing|73/100|[from] item: Black Sludge
|upkeep
|turn|25
|
|t:|1779821007
|switch|p1a: Smeargle|Smeargle, M|100/100
|move|p2a: Ogerpon|Swords Dance|p2a: Ogerpon
|-boost|p2a: Ogerpon|atk|2
|
|upkeep
|turn|26
|
|t:|1779821011
|move|p2a: Ogerpon|Ivy Cudgel|p1a: Smeargle
|-crit|p1a: Smeargle
|-damage|p1a: Smeargle|0 fnt
|faint|p1a: Smeargle
|
|upkeep
|
|t:|1779821013
|switch|p1a: Weezing|Weezing-Galar, M|73/100
|turn|27
|
|t:|1779821018
|switch|p2a: Alomomola|Alomomola, F|100/100 tox
|move|p1a: Weezing|Will-O-Wisp||[still]
|-fail|p1a: Weezing
|
|-heal|p1a: Weezing|79/100|[from] item: Black Sludge
|-damage|p2a: Alomomola|94/100 tox|[from] psn
|upkeep
|turn|28
|
|t:|1779821024
|move|p1a: Weezing|Toxic|p2a: Alomomola
|-fail|p2a: Alomomola|tox
|move|p2a: Alomomola|Body Slam|p1a: Weezing
|-damage|p1a: Weezing|65/100
|
|-heal|p1a: Weezing|71/100|[from] item: Black Sludge
|-damage|p2a: Alomomola|82/100 tox|[from] psn
|upkeep
|turn|29
|
|t:|1779821031
|move|p1a: Weezing|Toxic|p2a: Alomomola
|-fail|p2a: Alomomola|tox
|move|p2a: Alomomola|Body Slam|p1a: Weezing
|-damage|p1a: Weezing|58/100
|
|-heal|p1a: Weezing|64/100|[from] item: Black Sludge
|-damage|p2a: Alomomola|63/100 tox|[from] psn
|upkeep
|turn|30
|
|t:|1779821036
|move|p1a: Weezing|Toxic|p2a: Alomomola
|-fail|p2a: Alomomola|tox
|move|p2a: Alomomola|Body Slam|p1a: Weezing
|-damage|p1a: Weezing|50/100
|
|-heal|p1a: Weezing|56/100|[from] item: Black Sludge
|-damage|p2a: Alomomola|38/100 tox|[from] psn
|upkeep
|turn|31
|
|t:|1779821042
|move|p1a: Weezing|Thunderbolt|p2a: Alomomola
|-supereffective|p2a: Alomomola
|-damage|p2a: Alomomola|20/100 tox
|move|p2a: Alomomola|Flip Turn|p1a: Weezing
|-damage|p1a: Weezing|42/100
|
|t:|1779821045
|switch|p2a: Darkrai|Darkrai, tera:Dark|100/100|[from] Flip Turn
|
|-heal|p1a: Weezing|48/100|[from] item: Black Sludge
|upkeep
|turn|32
|
|t:|1779821048
|move|p2a: Darkrai|Ice Beam|p1a: Weezing
|-damage|p1a: Weezing|6/100
|-status|p1a: Weezing|frz
|cant|p1a: Weezing|frz
|
|-heal|p1a: Weezing|12/100 frz|[from] item: Black Sludge
|upkeep
|turn|33
|c|☆Kis Vegallomas|My luck this game was wild
|-message|Kis Vegallomas forfeited.
|
|win|mainkush
|raw|Kis Vegallomas's rating: 1271 &rarr; <strong>1246</strong><br />(-25 for losing)
|raw|mainkush's rating: 1272 &rarr; <strong>1297</strong><br />(+25 for winning)
|l|☆Kis Vegallomas
|player|p1|
|l|☆mainkush
|player|p2|
