|j|☆w5-ako
|j|☆manaphy michael
|t:|1779878982
|gametype|singles
|player|p1|w5-ako|nate-pokestar|1451
|player|p2|manaphy michael|biker-gen4|1434
|gen|9
|tier|[Gen 9] OU
|rated|
|rule|HP Percentage Mod: HP is shown in percentages
|rule|Endless Battle Clause: Forcing endless battles is banned
|rule|Species Clause: Limit one of each Pokémon
|rule|OHKO Clause: OHKO moves are banned
|rule|Evasion Items Clause: Evasion items are banned
|rule|Evasion Moves Clause: Evasion moves are banned
|rule|Evasion Abilities Clause: Evasion abilities are banned
|rule|Sleep Moves Clause: Sleep-inducing moves are banned
|clearpoke
|poke|p1|Dragonite, F|
|poke|p1|Hatterene, F|
|poke|p1|Weavile, M|
|poke|p1|Ogerpon-Wellspring, F|
|poke|p1|Kingambit, M|
|poke|p1|Great Tusk|
|poke|p2|Iron Hands|
|poke|p2|Goodra-Hisui, M|
|poke|p2|Gastrodon, F|
|poke|p2|Arcanine, M|
|poke|p2|Sylveon, F|
|poke|p2|Komala, M|
|teampreview
|inactive|Battle timer is ON: inactive players will automatically lose when time's up. (requested by manaphy michael)
|
|t:|1779878994
|teamsize|p1|6
|teamsize|p2|6
|start
|switch|p1a: Hello .RAW-Z|Weavile, M|100/100
|switch|p2a: Ribbons|Sylveon, F|100/100
|turn|1
|
|t:|1779879007
|switch|p2a: THAT DAWG|Arcanine, M|100/100
|-ability|p2a: THAT DAWG|Intimidate|boost
|-unboost|p1a: Hello .RAW-Z|atk|1
|move|p1a: Hello .RAW-Z|Swords Dance|p1a: Hello .RAW-Z
|-boost|p1a: Hello .RAW-Z|atk|2
|
|upkeep
|turn|2
|
|t:|1779879020
|move|p1a: Hello .RAW-Z|Swords Dance|p1a: Hello .RAW-Z
|-boost|p1a: Hello .RAW-Z|atk|2
|move|p2a: THAT DAWG|Will-O-Wisp|p1a: Hello .RAW-Z
|-status|p1a: Hello .RAW-Z|brn
|
|-damage|p1a: Hello .RAW-Z|94/100 brn|[from] brn
|upkeep
|turn|3
|
|t:|1779879030
|move|p1a: Hello .RAW-Z|Beat Up|p2a: THAT DAWG
|-damage|p2a: THAT DAWG|93/100
|-damage|p2a: THAT DAWG|87/100
|-damage|p2a: THAT DAWG|79/100
|-damage|p2a: THAT DAWG|71/100
|-damage|p2a: THAT DAWG|62/100
|-damage|p2a: THAT DAWG|54/100
|-hitcount|p2a: THAT DAWG|6
|move|p2a: THAT DAWG|Flare Blitz|p1a: Hello .RAW-Z
|-supereffective|p1a: Hello .RAW-Z
|-damage|p1a: Hello .RAW-Z|0 fnt
|faint|p1a: Hello .RAW-Z
|-damage|p2a: THAT DAWG|31/100|[from] Recoil
|
|upkeep
|
|t:|1779879052
|switch|p1a: Maladresse|Ogerpon-Wellspring, F|100/100
|turn|4
|
|t:|1779879059
|move|p1a: Maladresse|Ivy Cudgel|p2a: THAT DAWG|[anim] Ivy Cudgel Water
|-supereffective|p2a: THAT DAWG
|-damage|p2a: THAT DAWG|0 fnt
|faint|p2a: THAT DAWG
|
|upkeep
|
|t:|1779879064
|switch|p2a: PUNCHIN' PETE|Iron Hands|100/100
|turn|5
|
|t:|1779879076
|move|p1a: Maladresse|Swords Dance|p1a: Maladresse
|-boost|p1a: Maladresse|atk|2
|move|p2a: PUNCHIN' PETE|Swords Dance|p2a: PUNCHIN' PETE
|-boost|p2a: PUNCHIN' PETE|atk|2
|
|upkeep
|turn|6
|
|t:|1779879087
|-terastallize|p2a: PUNCHIN' PETE|Fighting
|move|p1a: Maladresse|Ivy Cudgel|p2a: PUNCHIN' PETE|[anim] Ivy Cudgel Water
|-damage|p2a: PUNCHIN' PETE|50/100
|move|p2a: PUNCHIN' PETE|Drain Punch|p1a: Maladresse
|-damage|p1a: Maladresse|0 fnt
|-heal|p2a: PUNCHIN' PETE|80/100|[from] drain|[of] p1a: Maladresse
|faint|p1a: Maladresse
|
|-heal|p2a: PUNCHIN' PETE|86/100|[from] item: Leftovers
|upkeep
|
|t:|1779879101
|switch|p1a: Vent de l'est|Hatterene, F|100/100
|turn|7
|
|t:|1779879108
|-end|p2a: PUNCHIN' PETE|Quark Drive|[silent]
|switch|p2a: Kurtis|Komala, M|100/100
|-ability|p2a: Kurtis|Comatose
|move|p1a: Vent de l'est|Nuzzle|p2a: Kurtis
|-damage|p2a: Kurtis|95/100
|
|upkeep
|turn|8
|
|t:|1779879120
|switch|p1a: Z-machine|Great Tusk|100/100
|move|p2a: Kurtis|Body Slam|p1a: Z-machine
|-damage|p1a: Z-machine|66/100
|
|upkeep
|turn|9
|
|t:|1779879132
|move|p1a: Z-machine|Rapid Spin|p2a: Kurtis
|-damage|p2a: Kurtis|68/100
|-boost|p1a: Z-machine|spe|1
|move|p2a: Kurtis|Body Slam|p1a: Z-machine
|-damage|p1a: Z-machine|32/100
|-status|p1a: Z-machine|par
|
|upkeep
|turn|10
|-message|w5-ako forfeited.
|
|win|manaphy michael
|raw|w5-ako's rating: 1451 &rarr; <strong>1430</strong><br />(-21 for losing)
|raw|manaphy michael's rating: 1434 &rarr; <strong>1455</strong><br />(+21 for winning)
|l|☆w5-ako
|player|p1|
|l|☆manaphy michael
|player|p2|
