|j|☆karmasiren
|j|☆dsekop
|t:|1779866872
|gametype|singles
|player|p1|karmasiren|skyla|1564
|player|p2|dsekop|unknown|1555
|gen|9
|tier|[Gen 9] OU
|rated|
|rule|HP Percentage Mod: HP is shown in percentages
|rule|Endless Battle Clause: Forcing endless battles is banned
|rule|Species Clause: Limit one of each Pokémon
|rule|OHKO Clause: OHKO moves are banned
|rule|Evasion Items Clause: Evasion items are banned
|rule|Evasion Moves Clause: Evasion moves are banned
|rule|Evasion Abilities Clause: Evasion abilities are banned
|rule|Sleep Moves Clause: Sleep-inducing moves are banned
|clearpoke
|poke|p1|Volcanion|
|poke|p1|Corviknight, F|
|poke|p1|Sandy Shocks|
|poke|p1|Serperior, F|
|poke|p1|Deoxys-Speed|
|poke|p1|Kingambit, F|
|poke|p2|Glimmora, M|
|poke|p2|Iron Treads|
|poke|p2|Polteageist-Antique|
|poke|p2|Raging Bolt|
|poke|p2|Dragonite, F|
|poke|p2|Zamazenta-*|
|teampreview
|inactive|Battle timer is ON: inactive players will automatically lose when time's up. (requested by dsekop)
|
|t:|1779866880
|teamsize|p1|6
|teamsize|p2|6
|start
|switch|p1a: Deoxys|Deoxys-Speed|100/100
|switch|p2a: Iron Treads|Iron Treads|100/100
|-ability|p1a: Deoxys|Pressure
|-enditem|p2a: Iron Treads|Booster Energy
|-activate|p2a: Iron Treads|ability: Quark Drive|[fromitem]
|-start|p2a: Iron Treads|quarkdrivespe
|turn|1
|
|t:|1779866891
|-terastallize|p1a: Deoxys|Fighting
|move|p2a: Iron Treads|Rapid Spin|p1a: Deoxys
|-damage|p1a: Deoxys|82/100
|-boost|p2a: Iron Treads|spe|1
|move|p1a: Deoxys|Superpower|p2a: Iron Treads
|-supereffective|p2a: Iron Treads
|-damage|p2a: Iron Treads|5/100
|-unboost|p1a: Deoxys|atk|1
|-unboost|p1a: Deoxys|def|1
|-damage|p1a: Deoxys|72/100|[from] item: Life Orb
|
|upkeep
|turn|2
|
|t:|1779866901
|move|p2a: Iron Treads|Stealth Rock|p1a: Deoxys
|-sidestart|p1: karmasiren|move: Stealth Rock
|move|p1a: Deoxys|Stealth Rock|p2a: Iron Treads
|-sidestart|p2: dsekop|move: Stealth Rock
|
|upkeep
|turn|3
|
|t:|1779866905
|switch|p1a: Edgar|Corviknight, F, shiny|100/100
|-damage|p1a: Edgar|88/100|[from] Stealth Rock
|-ability|p1a: Edgar|Pressure
|move|p2a: Iron Treads|Rapid Spin|p1a: Edgar
|-resisted|p1a: Edgar
|-damage|p1a: Edgar|84/100
|-boost|p2a: Iron Treads|spe|1
|-damage|p2a: Iron Treads|0 fnt|[from] item: Rocky Helmet|[of] p1a: Edgar
|faint|p2a: Iron Treads
|-end|p2a: Iron Treads|Quark Drive|[silent]
|
|upkeep
|
|t:|1779866911
|switch|p2a: Polteageist|Polteageist-Antique|100/100
|-damage|p2a: Polteageist|88/100|[from] Stealth Rock
|turn|4
|
|t:|1779866924
|switch|p1a: King of OU|Kingambit, F|100/100
|-damage|p1a: King of OU|94/100|[from] Stealth Rock
|move|p2a: Polteageist|Shell Smash|p2a: Polteageist
|-unboost|p2a: Polteageist|def|1
|-unboost|p2a: Polteageist|spd|1
|-boost|p2a: Polteageist|atk|2
|-boost|p2a: Polteageist|spa|2
|-boost|p2a: Polteageist|spe|2
|
|upkeep
|turn|5
|
|t:|1779866929
|move|p2a: Polteageist|Pain Split|p1a: King of OU
|-sethp|p1a: King of OU|78/100|[from] move: Pain Split|[silent]
|-sethp|p2a: Polteageist|100/100|[from] move: Pain Split
|move|p1a: King of OU|Kowtow Cleave|p2a: Polteageist
|-supereffective|p2a: Polteageist
|-enditem|p2a: Polteageist|Focus Sash
|-damage|p2a: Polteageist|1/100
|-ability|p2a: Polteageist|Weak Armor|boost
|-unboost|p2a: Polteageist|def|1
|-boost|p2a: Polteageist|spe|2
|
|upkeep
|turn|6
|
|t:|1779866937
|move|p2a: Polteageist|Pain Split|p1a: King of OU
|-sethp|p1a: King of OU|39/100|[from] move: Pain Split|[silent]
|-sethp|p2a: Polteageist|56/100|[from] move: Pain Split
|move|p1a: King of OU|Kowtow Cleave|p2a: Polteageist
|-supereffective|p2a: Polteageist
|-damage|p2a: Polteageist|0 fnt
|faint|p2a: Polteageist
|
|upkeep
|
|t:|1779866944
|switch|p2a: Glimmora|Glimmora, M|100/100
|-damage|p2a: Glimmora|88/100|[from] Stealth Rock
|turn|7
|
|t:|1779866947
|move|p2a: Glimmora|Earth Power|p1a: King of OU
|-supereffective|p1a: King of OU
|-damage|p1a: King of OU|0 fnt
|faint|p1a: King of OU
|-end|p1a: King of OU|fallenundefined|[silent]
|
|upkeep
|
|t:|1779866956
|switch|p1a: Mega Magneton|Sandy Shocks, shiny|100/100
|-damage|p1a: Mega Magneton|94/100|[from] Stealth Rock
|turn|8
|
|t:|1779866964
|move|p2a: Glimmora|Earth Power|p1a: Mega Magneton
|-supereffective|p1a: Mega Magneton
|-damage|p1a: Mega Magneton|51/100
|move|p1a: Mega Magneton|Earth Power|p2a: Glimmora
|-supereffective|p2a: Glimmora
|-damage|p2a: Glimmora|0 fnt
|faint|p2a: Glimmora
|
|upkeep
|
|t:|1779866976
|switch|p2a: Zamazenta|Zamazenta|100/100
|-damage|p2a: Zamazenta|94/100|[from] Stealth Rock
|-ability|p2a: Zamazenta|Dauntless Shield|boost
|-boost|p2a: Zamazenta|def|1
|turn|9
|
|t:|1779866979
|move|p2a: Zamazenta|Body Press|p1a: Mega Magneton
|-damage|p1a: Mega Magneton|0 fnt
|faint|p1a: Mega Magneton
|-end|p1a: Mega Magneton|Protosynthesis|[silent]
|
|-heal|p2a: Zamazenta|100/100|[from] item: Leftovers
|upkeep
|
|t:|1779866982
|switch|p1a: Deoxys|Deoxys-Speed, tera:Fighting|72/100
|-damage|p1a: Deoxys|66/100|[from] Stealth Rock
|-ability|p1a: Deoxys|Pressure
|turn|10
|
|t:|1779866986
|-terastallize|p2a: Zamazenta|Fire
|move|p1a: Deoxys|Psycho Boost|p2a: Zamazenta
|-damage|p2a: Zamazenta|35/100
|-unboost|p1a: Deoxys|spa|2
|-damage|p1a: Deoxys|56/100|[from] item: Life Orb
|move|p2a: Zamazenta|Body Press|p1a: Deoxys
|-damage|p1a: Deoxys|0 fnt
|faint|p1a: Deoxys
|
|-heal|p2a: Zamazenta|41/100|[from] item: Leftovers
|upkeep
|
|t:|1779866991
|switch|p1a: Edgar|Corviknight, F, shiny|84/100
|-damage|p1a: Edgar|72/100|[from] Stealth Rock
|-ability|p1a: Edgar|Pressure
|turn|11
|
|t:|1779866996
|move|p2a: Zamazenta|Iron Defense|p2a: Zamazenta
|-boost|p2a: Zamazenta|def|2
|move|p1a: Edgar|Iron Defense|p1a: Edgar
|-boost|p1a: Edgar|def|2
|
|-heal|p2a: Zamazenta|47/100|[from] item: Leftovers
|upkeep
|turn|12
|
|t:|1779867000
|move|p2a: Zamazenta|Iron Defense|p2a: Zamazenta
|-boost|p2a: Zamazenta|def|2
|move|p1a: Edgar|Iron Defense|p1a: Edgar
|-boost|p1a: Edgar|def|2
|
|-heal|p2a: Zamazenta|54/100|[from] item: Leftovers
|upkeep
|turn|13
|
|t:|1779867008
|move|p1a: Edgar|Body Press|p2a: Zamazenta
|-damage|p2a: Zamazenta|39/100
|move|p2a: Zamazenta|Roar|p1a: Edgar
|drag|p1a: Steam McQueen|Volcanion|100/100
|-damage|p1a: Steam McQueen|76/100|[from] Stealth Rock
|
|-heal|p2a: Zamazenta|45/100|[from] item: Leftovers
|upkeep
|turn|14
|
|t:|1779867012
|move|p2a: Zamazenta|Body Press|p1a: Steam McQueen
|-damage|p1a: Steam McQueen|0 fnt
|faint|p1a: Steam McQueen
|
|-heal|p2a: Zamazenta|52/100|[from] item: Leftovers
|upkeep
|
|t:|1779867014
|switch|p1a: Edgar|Corviknight, F, shiny|72/100
|-damage|p1a: Edgar|60/100|[from] Stealth Rock
|-ability|p1a: Edgar|Pressure
|turn|15
|
|t:|1779867018
|move|p1a: Edgar|Iron Defense|p1a: Edgar
|-boost|p1a: Edgar|def|2
|move|p2a: Zamazenta|Roar|p1a: Edgar
|drag|p1a: Lucifer|Serperior, F, shiny|100/100
|
|-heal|p2a: Zamazenta|58/100|[from] item: Leftovers
|upkeep
|turn|16
|
|t:|1779867021
|move|p2a: Zamazenta|Body Press|p1a: Lucifer
|-damage|p1a: Lucifer|0 fnt
|faint|p1a: Lucifer
|
|-heal|p2a: Zamazenta|64/100|[from] item: Leftovers
|upkeep
|-message|karmasiren forfeited.
|
|win|dsekop
|raw|karmasiren's rating: 1564 &rarr; <strong>1543</strong><br />(-21 for losing)
|raw|dsekop's rating: 1555 &rarr; <strong>1576</strong><br />(+21 for winning)
|l|☆karmasiren
|player|p1|
|l|☆dsekop
|player|p2|
