|j|☆nbk1208
|j|☆eevee1995
|t:|1779905264
|gametype|singles
|player|p1|nbk1208|giovanni|1099
|player|p2|eevee1995|maxie-gen6|1100
|gen|9
|tier|[Gen 9] OU
|rated|
|rule|HP Percentage Mod: HP is shown in percentages
|rule|Endless Battle Clause: Forcing endless battles is banned
|rule|Species Clause: Limit one of each Pokémon
|rule|OHKO Clause: OHKO moves are banned
|rule|Evasion Items Clause: Evasion items are banned
|rule|Evasion Moves Clause: Evasion moves are banned
|rule|Evasion Abilities Clause: Evasion abilities are banned
|rule|Sleep Moves Clause: Sleep-inducing moves are banned
|clearpoke
|poke|p1|Dragonite, F|
|poke|p1|Iron Valiant|
|poke|p1|Dragapult, M|
|poke|p1|Talonflame, M|
|poke|p1|Great Tusk|
|poke|p1|Kingambit, F|
|poke|p2|Mandibuzz, F|
|poke|p2|Porygon-Z|
|poke|p2|Staraptor, M|
|poke|p2|Zoroark-Hisui, M|
|poke|p2|Greedent, M|
|poke|p2|Ting-Lu|
|teampreview
|
|t:|1779905280
|teamsize|p1|6
|teamsize|p2|6
|start
|switch|p1a: Talonflame|Talonflame, M, shiny|100/100
|switch|p2a: Goon With a Spoon|Ting-Lu, shiny|100/100
|turn|1
|
|t:|1779905289
|move|p1a: Talonflame|Hurricane|p2a: Goon With a Spoon|[miss]
|-miss|p1a: Talonflame|p2a: Goon With a Spoon
|move|p2a: Goon With a Spoon|Hyper Voice|p1a: Talonflame
|-damage|p1a: Talonflame|31/100
|
|upkeep
|turn|2
|inactive|Battle timer is ON: inactive players will automatically lose when time's up. (requested by eevee1995)
|
|t:|1779905297
|move|p1a: Talonflame|U-turn|p2a: Goon With a Spoon
|-resisted|p2a: Goon With a Spoon
|-damage|p2a: Goon With a Spoon|88/100
|replace|p2a: BAZINGA MFER!!|Zoroark-Hisui, M, shiny
|-end|p2a: BAZINGA MFER!!|Illusion
|
|t:|1779905310
|switch|p1a: Iron Valiant|Iron Valiant|100/100|[from] U-turn
|-enditem|p1a: Iron Valiant|Booster Energy
|-activate|p1a: Iron Valiant|ability: Quark Drive|[fromitem]
|-start|p1a: Iron Valiant|quarkdrivespe
|move|p2a: BAZINGA MFER!!|Hyper Voice|p1a: Iron Valiant
|-damage|p1a: Iron Valiant|13/100
|
|upkeep
|turn|3
|
|t:|1779905323
|move|p1a: Iron Valiant|Aura Sphere|p2a: BAZINGA MFER!!
|-immune|p2a: BAZINGA MFER!!
|move|p2a: BAZINGA MFER!!|Hyper Voice|p1a: Iron Valiant
|-damage|p1a: Iron Valiant|0 fnt
|faint|p1a: Iron Valiant
|-end|p1a: Iron Valiant|Quark Drive|[silent]
|
|upkeep
|c|☆eevee1995|does he know?
|
|t:|1779905331
|switch|p1a: Dragapult|Dragapult, M|100/100
|turn|4
|
|t:|1779905335
|-terastallize|p2a: BAZINGA MFER!!|Fairy
|move|p1a: Dragapult|Draco Meteor|p2a: BAZINGA MFER!!
|-immune|p2a: BAZINGA MFER!!
|move|p2a: BAZINGA MFER!!|Bitter Malice|p1a: Dragapult
|-supereffective|p1a: Dragapult
|-damage|p1a: Dragapult|0 fnt
|faint|p1a: Dragapult
|
|upkeep
|
|t:|1779905348
|switch|p1a: Kingambit|Kingambit, F|100/100
|-activate|p1a: Kingambit|ability: Supreme Overlord
|-start|p1a: Kingambit|fallen2|[silent]
|turn|5
|c|☆eevee1995|I SAID DOES HE KNOW?
|
|t:|1779905355
|move|p1a: Kingambit|Sucker Punch|p2a: BAZINGA MFER!!
|-resisted|p2a: BAZINGA MFER!!
|-damage|p2a: BAZINGA MFER!!|22/100
|move|p2a: BAZINGA MFER!!|Bitter Malice|p1a: Kingambit
|-resisted|p1a: Kingambit
|-damage|p1a: Kingambit|83/100
|-unboost|p1a: Kingambit|atk|1
|
|upkeep
|turn|6
|
|t:|1779905365
|switch|p2a: OU Slave|Mandibuzz, F, shiny|100/100
|move|p1a: Kingambit|Sucker Punch||[still]
|-fail|p1a: Kingambit
|
|upkeep
|turn|7
|
|t:|1779905372
|move|p2a: OU Slave|Knock Off|p1a: Kingambit
|-resisted|p1a: Kingambit
|-damage|p1a: Kingambit|72/100
|-enditem|p1a: Kingambit|Black Glasses|[from] move: Knock Off|[of] p2a: OU Slave
|move|p1a: Kingambit|Iron Head|p2a: OU Slave
|-damage|p2a: OU Slave|64/100
|-damage|p1a: Kingambit|56/100|[from] item: Rocky Helmet|[of] p2a: OU Slave
|
|upkeep
|turn|8
|
|t:|1779905395
|switch|p2a: Goon With a Spoon|Ting-Lu, shiny|100/100
|-ability|p2a: Goon With a Spoon|Vessel of Ruin
|-terastallize|p1a: Kingambit|Dark
|move|p1a: Kingambit|Kowtow Cleave|p2a: Goon With a Spoon
|-resisted|p2a: Goon With a Spoon
|-damage|p2a: Goon With a Spoon|87/100
|
|-heal|p2a: Goon With a Spoon|93/100|[from] item: Leftovers
|upkeep
|turn|9
|
|t:|1779905409
|move|p1a: Kingambit|Iron Head|p2a: Goon With a Spoon
|-damage|p2a: Goon With a Spoon|71/100
|cant|p2a: Goon With a Spoon|flinch
|
|-heal|p2a: Goon With a Spoon|77/100|[from] item: Leftovers
|upkeep
|turn|10
|inactive|nbk1208 has 120 seconds left.
|-message|nbk1208 forfeited.
|
|win|eevee1995
|raw|nbk1208's rating: 1099 &rarr; <strong>1074</strong><br />(-25 for losing)
|raw|eevee1995's rating: 1100 &rarr; <strong>1125</strong><br />(+25 for winning)
|l|☆nbk1208
|player|p1|
