|j|☆YonexMiku
|j|☆wtfisproxy
|t:|1779806892
|gametype|singles
|player|p1|YonexMiku|elesa-masters|1448
|player|p2|wtfisproxy|bellelba|1404
|gen|9
|tier|[Gen 9] OU
|rated|
|rule|HP Percentage Mod: HP is shown in percentages
|rule|Endless Battle Clause: Forcing endless battles is banned
|rule|Species Clause: Limit one of each Pokémon
|rule|OHKO Clause: OHKO moves are banned
|rule|Evasion Items Clause: Evasion items are banned
|rule|Evasion Moves Clause: Evasion moves are banned
|rule|Evasion Abilities Clause: Evasion abilities are banned
|rule|Sleep Moves Clause: Sleep-inducing moves are banned
|clearpoke
|poke|p1|Zapdos-Galar|
|poke|p1|Blissey, F|
|poke|p1|Darkrai|
|poke|p1|Gliscor, F|
|poke|p1|Skarmory, F|
|poke|p1|Pecharunt|
|poke|p2|Moltres-Galar|
|poke|p2|Kleavor, F|
|poke|p2|Great Tusk|
|poke|p2|Dondozo, F|
|poke|p2|Comfey, M|
|poke|p2|Heatran, F|
|teampreview
|inactive|Battle timer is ON: inactive players will automatically lose when time's up. (requested by wtfisproxy)
|inactive|YonexMiku also wants the timer to be on.
|j| pucabearOhkoKing<3
|
|t:|1779806908
|teamsize|p1|6
|teamsize|p2|6
|start
|switch|p1a: Da Kicker|Zapdos-Galar|100/100
|switch|p2a: Moltres|Moltres-Galar|100/100
|turn|1
|
|t:|1779806914
|move|p1a: Da Kicker|Close Combat|p2a: Moltres
|-damage|p2a: Moltres|0 fnt
|-unboost|p1a: Da Kicker|def|1
|-unboost|p1a: Da Kicker|spd|1
|faint|p2a: Moltres
|
|upkeep
|
|t:|1779806918
|switch|p2a: Comfey|Comfey, M|100/100
|turn|2
|
|t:|1779806930
|switch|p1a: Blissey|Blissey, F|100/100
|move|p2a: Comfey|Calm Mind|p2a: Comfey
|-boost|p2a: Comfey|spa|1
|-boost|p2a: Comfey|spd|1
|
|upkeep
|turn|3
|
|t:|1779806938
|move|p2a: Comfey|Calm Mind|p2a: Comfey
|-boost|p2a: Comfey|spa|1
|-boost|p2a: Comfey|spd|1
|move|p1a: Blissey|Thunder Wave|p2a: Comfey
|-status|p2a: Comfey|par
|
|upkeep
|turn|4
|
|t:|1779806941
|move|p1a: Blissey|Stealth Rock|p2a: Comfey
|-sidestart|p2: wtfisproxy|move: Stealth Rock
|move|p2a: Comfey|Calm Mind|p2a: Comfey
|-boost|p2a: Comfey|spa|1
|-boost|p2a: Comfey|spd|1
|
|upkeep
|turn|5
|
|t:|1779806944
|move|p1a: Blissey|Seismic Toss|p2a: Comfey
|-damage|p2a: Comfey|68/100 par
|move|p2a: Comfey|Stored Power|p1a: Blissey
|-damage|p1a: Blissey|64/100
|-damage|p2a: Comfey|58/100 par|[from] item: Life Orb
|
|upkeep
|turn|6
|
|t:|1779806948
|move|p2a: Comfey|Draining Kiss|p1a: Blissey
|-damage|p1a: Blissey|43/100
|-heal|p2a: Comfey|93/100 par|[from] drain|[of] p1a: Blissey
|-damage|p2a: Comfey|83/100 par|[from] item: Life Orb
|move|p1a: Blissey|Seismic Toss|p2a: Comfey
|-damage|p2a: Comfey|50/100 par
|
|upkeep
|turn|7
|
|t:|1779806959
|cant|p2a: Comfey|par
|move|p1a: Blissey|Soft-Boiled|p1a: Blissey
|-heal|p1a: Blissey|93/100
|
|upkeep
|turn|8
|
|t:|1779806962
|cant|p2a: Comfey|par
|move|p1a: Blissey|Seismic Toss|p2a: Comfey
|-damage|p2a: Comfey|18/100 par
|
|upkeep
|turn|9
|
|t:|1779806965
|move|p2a: Comfey|Draining Kiss|p1a: Blissey
|-damage|p1a: Blissey|72/100
|-heal|p2a: Comfey|51/100 par|[from] drain|[of] p1a: Blissey
|-damage|p2a: Comfey|41/100 par|[from] item: Life Orb
|move|p1a: Blissey|Seismic Toss|p2a: Comfey
|-damage|p2a: Comfey|8/100 par
|
|upkeep
|turn|10
|
|t:|1779806971
|move|p2a: Comfey|Synthesis|p2a: Comfey
|-heal|p2a: Comfey|58/100 par
|move|p1a: Blissey|Seismic Toss|p2a: Comfey
|-damage|p2a: Comfey|26/100 par
|
|upkeep
|turn|11
|
|t:|1779806975
|move|p2a: Comfey|Synthesis|p2a: Comfey
|-heal|p2a: Comfey|76/100 par
|move|p1a: Blissey|Seismic Toss|p2a: Comfey
|-damage|p2a: Comfey|43/100 par
|
|upkeep
|turn|12
|
|t:|1779806981
|cant|p2a: Comfey|par
|move|p1a: Blissey|Seismic Toss|p2a: Comfey
|-damage|p2a: Comfey|10/100 par
|
|upkeep
|turn|13
|
|t:|1779806985
|move|p2a: Comfey|Synthesis|p2a: Comfey
|-heal|p2a: Comfey|60/100 par
|move|p1a: Blissey|Seismic Toss|p2a: Comfey
|-damage|p2a: Comfey|28/100 par
|
|upkeep
|turn|14
|
|t:|1779806989
|move|p2a: Comfey|Draining Kiss|p1a: Blissey
|-damage|p1a: Blissey|51/100
|-heal|p2a: Comfey|62/100 par|[from] drain|[of] p1a: Blissey
|-damage|p2a: Comfey|52/100 par|[from] item: Life Orb
|move|p1a: Blissey|Seismic Toss|p2a: Comfey
|-damage|p2a: Comfey|19/100 par
|
|upkeep
|turn|15
|
|t:|1779806992
|move|p2a: Comfey|Synthesis|p2a: Comfey
|-heal|p2a: Comfey|69/100 par
|move|p1a: Blissey|Seismic Toss|p2a: Comfey
|-damage|p2a: Comfey|37/100 par
|
|upkeep
|turn|16
|
|t:|1779806995
|move|p2a: Comfey|Draining Kiss|p1a: Blissey
|-damage|p1a: Blissey|29/100
|-heal|p2a: Comfey|71/100 par|[from] drain|[of] p1a: Blissey
|-damage|p2a: Comfey|61/100 par|[from] item: Life Orb
|move|p1a: Blissey|Seismic Toss|p2a: Comfey
|-damage|p2a: Comfey|29/100 par
|
|upkeep
|turn|17
|
|t:|1779806999
|cant|p2a: Comfey|par
|move|p1a: Blissey|Soft-Boiled|p1a: Blissey
|-heal|p1a: Blissey|79/100
|
|upkeep
|turn|18
|
|t:|1779807003
|cant|p2a: Comfey|par
|move|p1a: Blissey|Seismic Toss|p2a: Comfey
|-damage|p2a: Comfey|0 fnt
|faint|p2a: Comfey
|
|upkeep
|
|t:|1779807011
|switch|p2a: Great Tusk|Great Tusk|100/100
|-damage|p2a: Great Tusk|98/100|[from] Stealth Rock
|turn|19
|
|t:|1779807016
|switch|p1a: Skarmory|Skarmory, F|100/100
|move|p2a: Great Tusk|Rapid Spin|p1a: Skarmory
|-resisted|p1a: Skarmory
|-damage|p1a: Skarmory|96/100
|-boost|p2a: Great Tusk|spe|1
|-damage|p2a: Great Tusk|81/100|[from] item: Rocky Helmet|[of] p1a: Skarmory
|-sideend|p2: wtfisproxy|Stealth Rock|[from] move: Rapid Spin|[of] p2a: Great Tusk
|
|upkeep
|turn|20
|
|t:|1779807024
|move|p2a: Great Tusk|Knock Off|p1a: Skarmory
|-damage|p1a: Skarmory|79/100
|-damage|p2a: Great Tusk|64/100|[from] item: Rocky Helmet|[of] p1a: Skarmory
|-enditem|p1a: Skarmory|Rocky Helmet|[from] move: Knock Off|[of] p2a: Great Tusk
|move|p1a: Skarmory|Whirlwind|p2a: Great Tusk
|-end|p2a: Great Tusk|Protosynthesis|[silent]
|drag|p2a: Heatran|Heatran, F|100/100
|
|upkeep
|turn|21
|
|t:|1779807030
|switch|p1a: Blissey|Blissey, F|79/100
|move|p2a: Heatran|Fire Blast|p1a: Blissey|[miss]
|-miss|p2a: Heatran|p1a: Blissey
|
|upkeep
|turn|22
|
|t:|1779807038
|switch|p2a: Kleavor|Kleavor, F|100/100
|move|p1a: Blissey|Stealth Rock|p2a: Kleavor
|-sidestart|p2: wtfisproxy|move: Stealth Rock
|
|upkeep
|turn|23
|
|t:|1779807059
|switch|p1a: Skarmory|Skarmory, F|79/100
|move|p2a: Kleavor|Stone Axe|p1a: Skarmory
|-damage|p1a: Skarmory|45/100
|-sidestart|p1: YonexMiku|move: Stealth Rock
|
|upkeep
|turn|24
|
|t:|1779807067
|move|p2a: Kleavor|Stone Axe|p1a: Skarmory
|-damage|p1a: Skarmory|12/100
|move|p1a: Skarmory|Roost|p1a: Skarmory
|-heal|p1a: Skarmory|62/100
|-singleturn|p1a: Skarmory|move: Roost
|
|upkeep
|turn|25
|
|t:|1779807072
|move|p2a: Kleavor|Night Slash|p1a: Skarmory
|-damage|p1a: Skarmory|36/100
|move|p1a: Skarmory|Roost|p1a: Skarmory
|-heal|p1a: Skarmory|86/100
|-singleturn|p1a: Skarmory|move: Roost
|
|upkeep
|turn|26
|
|t:|1779807085
|move|p2a: Kleavor|Stone Axe|p1a: Skarmory
|-damage|p1a: Skarmory|49/100
|move|p1a: Skarmory|Spikes|p2a: Kleavor
|-sidestart|p2: wtfisproxy|Spikes
|
|upkeep
|turn|27
|
|t:|1779807091
|switch|p2a: Heatran|Heatran, F|100/100
|-damage|p2a: Heatran|88/100|[from] Stealth Rock
|-damage|p2a: Heatran|76/100|[from] Spikes
|move|p1a: Skarmory|Roost|p1a: Skarmory
|-heal|p1a: Skarmory|99/100
|-singleturn|p1a: Skarmory|move: Roost
|
|upkeep
|turn|28
|
|t:|1779807101
|switch|p1a: Blissey|Blissey, F|79/100
|move|p2a: Heatran|Fire Blast|p1a: Blissey
|-damage|p1a: Blissey|62/100
|
|upkeep
|turn|29
|-message|wtfisproxy forfeited.
|
|win|YonexMiku
|raw|YonexMiku's rating: 1448 &rarr; <strong>1465</strong><br />(+17 for winning)
|raw|wtfisproxy's rating: 1404 &rarr; <strong>1387</strong><br />(-17 for losing)
|l|☆wtfisproxy
|player|p2|
|l|☆YonexMiku
|player|p1|
|l| pucabearOhkoKing<3
|j| pucabearOhkoKing<3
|l| pucabearOhkoKing<3
