|j|☆cagotutia
|j|☆UltraAero
|t:|1779917147
|gametype|singles
|player|p1|cagotutia|alder|1284
|player|p2|UltraAero|dawn-gen4pt|1342
|gen|9
|tier|[Gen 9] OU
|rated|
|rule|HP Percentage Mod: HP is shown in percentages
|rule|Endless Battle Clause: Forcing endless battles is banned
|rule|Species Clause: Limit one of each Pokémon
|rule|OHKO Clause: OHKO moves are banned
|rule|Evasion Items Clause: Evasion items are banned
|rule|Evasion Moves Clause: Evasion moves are banned
|rule|Evasion Abilities Clause: Evasion abilities are banned
|rule|Sleep Moves Clause: Sleep-inducing moves are banned
|clearpoke
|poke|p1|Skarmory, M|
|poke|p1|Great Tusk|
|poke|p1|Slowking-Galar, F|
|poke|p1|Ogerpon-Wellspring, F|
|poke|p1|Latios, M|
|poke|p1|Iron Valiant|
|poke|p2|Cinderace, F|
|poke|p2|Vaporeon, F|
|poke|p2|Gliscor, M|
|poke|p2|Iron Valiant|
|poke|p2|Corviknight, F|
|poke|p2|Slowking-Galar, M|
|teampreview
|inactive|Battle timer is ON: inactive players will automatically lose when time's up. (requested by cagotutia)
|
|t:|1779917165
|teamsize|p1|6
|teamsize|p2|6
|start
|switch|p1a: Great Tusk|Great Tusk|100/100
|switch|p2a: Cinderace|Cinderace, F|100/100
|turn|1
|
|t:|1779917192
|switch|p2a: Corviknight|Corviknight, F|100/100
|-ability|p2a: Corviknight|Pressure
|move|p1a: Great Tusk|Knock Off|p2a: Corviknight
|-damage|p2a: Corviknight|78/100
|-damage|p1a: Great Tusk|84/100|[from] item: Rocky Helmet|[of] p2a: Corviknight
|-enditem|p2a: Corviknight|Rocky Helmet|[from] move: Knock Off|[of] p1a: Great Tusk
|
|upkeep
|turn|2
|
|t:|1779917201
|move|p1a: Great Tusk|Knock Off|p2a: Corviknight
|-damage|p2a: Corviknight|65/100
|move|p2a: Corviknight|Reflect|p2a: Corviknight
|-sidestart|p2: UltraAero|Reflect
|
|upkeep
|turn|3
|
|t:|1779917210
|-end|p1a: Great Tusk|Protosynthesis|[silent]
|switch|p1a: Skarmory|Skarmory, M|100/100
|move|p2a: Corviknight|Iron Head|p1a: Skarmory
|-resisted|p1a: Skarmory
|-damage|p1a: Skarmory|93/100
|-damage|p2a: Corviknight|49/100|[from] item: Rocky Helmet|[of] p1a: Skarmory
|
|upkeep
|turn|4
|
|t:|1779917221
|switch|p2a: Iron Valiant|Iron Valiant|100/100
|-enditem|p2a: Iron Valiant|Booster Energy
|-activate|p2a: Iron Valiant|ability: Quark Drive|[fromitem]
|-start|p2a: Iron Valiant|quarkdrivespe
|move|p1a: Skarmory|Stealth Rock|p2a: Iron Valiant
|-sidestart|p2: UltraAero|move: Stealth Rock
|
|upkeep
|turn|5
|
|t:|1779917227
|switch|p1a: Slowking|Slowking-Galar, F|100/100
|move|p2a: Iron Valiant|Encore||[still]
|-fail|p2a: Iron Valiant
|
|upkeep
|turn|6
|
|t:|1779917237
|-terastallize|p2a: Iron Valiant|Steel
|move|p2a: Iron Valiant|Calm Mind|p2a: Iron Valiant
|-boost|p2a: Iron Valiant|spa|1
|-boost|p2a: Iron Valiant|spd|1
|-prepare|p1a: Slowking|Chilly Reception|[premajor]
|move|p1a: Slowking|Chilly Reception|p1a: Slowking
|-weather|Snowscape
|
|t:|1779917258
|switch|p1a: Ogerpon|Ogerpon-Wellspring, F|100/100|[from] Chilly Reception
|
|-weather|Snowscape|[upkeep]
|-sideend|p2: UltraAero|Reflect
|upkeep
|turn|7
|
|t:|1779917269
|move|p2a: Iron Valiant|Moonblast|p1a: Ogerpon
|-damage|p1a: Ogerpon|20/100
|move|p1a: Ogerpon|Ivy Cudgel|p2a: Iron Valiant|[anim] Ivy Cudgel Water
|-damage|p2a: Iron Valiant|24/100
|
|-weather|Snowscape|[upkeep]
|upkeep
|turn|8
|
|t:|1779917282
|switch|p1a: Slowking|Slowking-Galar, F|100/100
|move|p2a: Iron Valiant|Moonblast|p1a: Slowking
|-resisted|p1a: Slowking
|-damage|p1a: Slowking|79/100
|
|-weather|Snowscape|[upkeep]
|-heal|p1a: Slowking|85/100|[from] item: Black Sludge
|upkeep
|turn|9
|
|t:|1779917293
|-end|p2a: Iron Valiant|Quark Drive|[silent]
|switch|p2a: Corviknight|Corviknight, F|49/100
|-damage|p2a: Corviknight|37/100|[from] Stealth Rock
|-ability|p2a: Corviknight|Pressure
|move|p1a: Slowking|Future Sight|p2a: Corviknight
|-start|p1a: Slowking|move: Future Sight
|
|-weather|Snowscape|[upkeep]
|-heal|p1a: Slowking|91/100|[from] item: Black Sludge
|upkeep
|turn|10
|
|t:|1779917303
|switch|p1a: Skarmory|Skarmory, M|93/100
|move|p2a: Corviknight|Defog|p1a: Skarmory
|-unboost|p1a: Skarmory|evasion|1
|-sideend|p2: UltraAero|Stealth Rock|[from] move: Defog|[of] p2a: Corviknight
|
|-weather|none
|upkeep
|turn|11
|
|t:|1779917310
|move|p1a: Skarmory|Stealth Rock|p2a: Corviknight
|-sidestart|p2: UltraAero|move: Stealth Rock
|move|p2a: Corviknight|Roost|p2a: Corviknight
|-heal|p2a: Corviknight|87/100
|-singleturn|p2a: Corviknight|move: Roost
|
|-end|p2a: Corviknight|move: Future Sight
|-resisted|p2a: Corviknight
|-damage|p2a: Corviknight|64/100
|upkeep
|turn|12
|
|t:|1779917318
|move|p1a: Skarmory|Roost|p1a: Skarmory
|-heal|p1a: Skarmory|100/100
|-singleturn|p1a: Skarmory|move: Roost
|move|p2a: Corviknight|Defog|p1a: Skarmory
|-unboost|p1a: Skarmory|evasion|1
|-sideend|p2: UltraAero|Stealth Rock|[from] move: Defog|[of] p2a: Corviknight
|
|upkeep
|turn|13
|
|t:|1779917337
|switch|p2a: Gliscor|Gliscor, M|100/100
|move|p1a: Skarmory|Stealth Rock|p2a: Gliscor
|-sidestart|p2: UltraAero|move: Stealth Rock
|
|-status|p2a: Gliscor|tox|[from] item: Toxic Orb
|upkeep
|turn|14
|
|t:|1779917343
|switch|p1a: Great Tusk|Great Tusk|84/100
|move|p2a: Gliscor|Stealth Rock|p1a: Great Tusk
|-sidestart|p1: cagotutia|move: Stealth Rock
|
|upkeep
|turn|15
|
|t:|1779917348
|switch|p2a: Corviknight|Corviknight, F|64/100
|-damage|p2a: Corviknight|52/100|[from] Stealth Rock
|-ability|p2a: Corviknight|Pressure
|move|p1a: Great Tusk|Rapid Spin|p2a: Corviknight
|-resisted|p2a: Corviknight
|-damage|p2a: Corviknight|47/100
|-boost|p1a: Great Tusk|spe|1
|-sideend|p1: cagotutia|Stealth Rock|[from] move: Rapid Spin|[of] p1a: Great Tusk
|
|upkeep
|turn|16
|
|t:|1779917357
|move|p1a: Great Tusk|Ice Spinner|p2a: Corviknight
|-damage|p2a: Corviknight|31/100
|move|p2a: Corviknight|Defog|p1a: Great Tusk
|-unboost|p1a: Great Tusk|evasion|1
|-sideend|p2: UltraAero|Stealth Rock|[from] move: Defog|[of] p2a: Corviknight
|
|upkeep
|turn|17
|
|t:|1779917363
|move|p1a: Great Tusk|Ice Spinner|p2a: Corviknight
|-damage|p2a: Corviknight|16/100
|move|p2a: Corviknight|Roost|p2a: Corviknight
|-heal|p2a: Corviknight|66/100
|-singleturn|p2a: Corviknight|move: Roost
|
|upkeep
|turn|18
|
|t:|1779917372
|-end|p1a: Great Tusk|Protosynthesis|[silent]
|switch|p1a: Latios|Latios, M|100/100
|switch|p2a: Vaporeon|Vaporeon, F|100/100
|
|upkeep
|turn|19
|
|t:|1779917381
|move|p1a: Latios|Luster Purge|p2a: Vaporeon
|-damage|p2a: Vaporeon|60/100
|move|p2a: Vaporeon|Calm Mind|p2a: Vaporeon
|-boost|p2a: Vaporeon|spa|1
|-boost|p2a: Vaporeon|spd|1
|
|-heal|p2a: Vaporeon|66/100|[from] item: Leftovers
|upkeep
|turn|20
|
|t:|1779917389
|move|p1a: Latios|Luster Purge|p2a: Vaporeon
|-damage|p2a: Vaporeon|41/100
|-unboost|p2a: Vaporeon|spd|1
|move|p2a: Vaporeon|Ice Beam|p1a: Latios
|-supereffective|p1a: Latios
|-damage|p1a: Latios|3/100
|
|-heal|p2a: Vaporeon|47/100|[from] item: Leftovers
|upkeep
|turn|21
|
|t:|1779917397
|move|p1a: Latios|Luster Purge|p2a: Vaporeon
|-crit|p2a: Vaporeon
|-damage|p2a: Vaporeon|0 fnt
|faint|p2a: Vaporeon
|
|upkeep
|
|t:|1779917403
|switch|p2a: Iron Valiant|Iron Valiant, tera:Steel|24/100
|turn|22
|
|t:|1779917414
|switch|p1a: Skarmory|Skarmory, M|100/100
|move|p2a: Iron Valiant|Moonblast|p1a: Skarmory
|-resisted|p1a: Skarmory
|-damage|p1a: Skarmory|68/100
|
|upkeep
|turn|23
|
|t:|1779917420
|move|p2a: Iron Valiant|Calm Mind|p2a: Iron Valiant
|-boost|p2a: Iron Valiant|spa|1
|-boost|p2a: Iron Valiant|spd|1
|move|p1a: Skarmory|Brave Bird|p2a: Iron Valiant
|-resisted|p2a: Iron Valiant
|-damage|p2a: Iron Valiant|2/100
|-damage|p1a: Skarmory|62/100|[from] Recoil
|
|upkeep
|turn|24
|
|t:|1779917427
|switch|p1a: Slowking|Slowking-Galar, F|100/100
|move|p2a: Iron Valiant|Aura Sphere|p1a: Slowking
|-resisted|p1a: Slowking
|-damage|p1a: Slowking|93/100
|
|-heal|p1a: Slowking|99/100|[from] item: Black Sludge
|upkeep
|turn|25
|
|t:|1779917440
|-end|p2a: Iron Valiant|Quark Drive|[silent]
|switch|p2a: Gliscor|Gliscor, M|100/100 tox
|move|p1a: Slowking|Ice Beam|p2a: Gliscor
|-supereffective|p2a: Gliscor
|-damage|p2a: Gliscor|0 fnt
|faint|p2a: Gliscor
|
|-heal|p1a: Slowking|100/100|[from] item: Black Sludge
|upkeep
|
|t:|1779917448
|switch|p2a: Cinderace|Cinderace, F|100/100
|turn|26
|
|t:|1779917452
|switch|p1a: Skarmory|Skarmory, M|62/100
|move|p2a: Cinderace|U-turn|p1a: Skarmory
|-start|p2a: Cinderace|typechange|Bug|[from] ability: Libero
|-resisted|p1a: Skarmory
|-damage|p1a: Skarmory|58/100
|-damage|p2a: Cinderace|84/100|[from] item: Rocky Helmet|[of] p1a: Skarmory
|
|t:|1779917459
|switch|p2a: Iron Valiant|Iron Valiant, tera:Steel|2/100|[from] U-turn
|
|upkeep
|turn|27
|
|t:|1779917465
|move|p2a: Iron Valiant|Aura Sphere|p1a: Skarmory
|-damage|p1a: Skarmory|7/100
|move|p1a: Skarmory|Brave Bird|p2a: Iron Valiant
|-resisted|p2a: Iron Valiant
|-damage|p2a: Iron Valiant|0 fnt
|faint|p2a: Iron Valiant
|-end|p2a: Iron Valiant|Quark Drive|[silent]
|-damage|p1a: Skarmory|7/100|[from] Recoil
|
|upkeep
|
|t:|1779917473
|switch|p2a: Cinderace|Cinderace, F|84/100
|turn|28
|
|t:|1779917482
|move|p2a: Cinderace|Pyro Ball|p1a: Skarmory
|-supereffective|p1a: Skarmory
|-damage|p1a: Skarmory|0 fnt
|faint|p1a: Skarmory
|
|upkeep
|
|t:|1779917485
|switch|p1a: Great Tusk|Great Tusk|84/100
|turn|29
|
|t:|1779917488
|switch|p2a: Corviknight|Corviknight, F|66/100
|-ability|p2a: Corviknight|Pressure
|move|p1a: Great Tusk|Knock Off|p2a: Corviknight
|-damage|p2a: Corviknight|52/100
|
|upkeep
|turn|30
|
|t:|1779917495
|-end|p1a: Great Tusk|Protosynthesis|[silent]
|switch|p1a: Slowking|Slowking-Galar, F|100/100
|move|p2a: Corviknight|Roost|p2a: Corviknight
|-heal|p2a: Corviknight|100/100
|-singleturn|p2a: Corviknight|move: Roost
|
|upkeep
|turn|31
|
|t:|1779917502
|switch|p2a: Slowking|Slowking-Galar, M|100/100
|-prepare|p1a: Slowking|Chilly Reception|[premajor]
|move|p1a: Slowking|Chilly Reception|p1a: Slowking
|-weather|Snowscape
|
|t:|1779917510
|switch|p1a: Ogerpon|Ogerpon-Wellspring, F|20/100|[from] Chilly Reception
|
|-weather|Snowscape|[upkeep]
|upkeep
|turn|32
|
|t:|1779917515
|move|p1a: Ogerpon|Ivy Cudgel|p2a: Slowking|[anim] Ivy Cudgel Water
|-damage|p2a: Slowking|42/100
|move|p2a: Slowking|Sludge Bomb|p1a: Ogerpon
|-supereffective|p1a: Ogerpon
|-damage|p1a: Ogerpon|0 fnt
|faint|p1a: Ogerpon
|
|-weather|Snowscape|[upkeep]
|upkeep
|
|t:|1779917521
|switch|p1a: Iron Valiant|Iron Valiant|100/100
|-enditem|p1a: Iron Valiant|Booster Energy
|-activate|p1a: Iron Valiant|ability: Quark Drive|[fromitem]
|-start|p1a: Iron Valiant|quarkdrivespe
|turn|33
|
|t:|1779917526
|switch|p2a: Corviknight|Corviknight, F|100/100
|-ability|p2a: Corviknight|Pressure
|-terastallize|p1a: Iron Valiant|Ghost
|move|p1a: Iron Valiant|Calm Mind|p1a: Iron Valiant
|-boost|p1a: Iron Valiant|spa|1
|-boost|p1a: Iron Valiant|spd|1
|
|-weather|Snowscape|[upkeep]
|upkeep
|turn|34
|
|t:|1779917535
|move|p1a: Iron Valiant|Shadow Ball|p2a: Corviknight
|-damage|p2a: Corviknight|39/100
|move|p2a: Corviknight|Iron Head|p1a: Iron Valiant
|-damage|p1a: Iron Valiant|70/100
|
|-weather|Snowscape|[upkeep]
|upkeep
|turn|35
|
|t:|1779917542
|move|p1a: Iron Valiant|Shadow Ball|p2a: Corviknight
|-damage|p2a: Corviknight|0 fnt
|faint|p2a: Corviknight
|
|-weather|none
|upkeep
|
|t:|1779917546
|switch|p2a: Cinderace|Cinderace, F|84/100
|turn|36
|
|t:|1779917550
|move|p2a: Cinderace|Sucker Punch|p1a: Iron Valiant
|-start|p2a: Cinderace|typechange|Dark|[from] ability: Libero
|-supereffective|p1a: Iron Valiant
|-damage|p1a: Iron Valiant|0 fnt
|faint|p1a: Iron Valiant
|-end|p1a: Iron Valiant|Quark Drive|[silent]
|
|upkeep
|
|t:|1779917557
|switch|p1a: Great Tusk|Great Tusk|84/100
|turn|37
|
|t:|1779917561
|move|p2a: Cinderace|U-turn|p1a: Great Tusk
|-resisted|p1a: Great Tusk
|-damage|p1a: Great Tusk|76/100
|
|t:|1779917564
|switch|p2a: Slowking|Slowking-Galar, M|76/100|[from] U-turn
|move|p1a: Great Tusk|Headlong Rush|p2a: Slowking
|-supereffective|p2a: Slowking
|-damage|p2a: Slowking|0 fnt
|-unboost|p1a: Great Tusk|def|1
|-unboost|p1a: Great Tusk|spd|1
|faint|p2a: Slowking
|
|upkeep
|
|t:|1779917572
|switch|p2a: Cinderace|Cinderace, F|84/100
|turn|38
|
|t:|1779917576
|-end|p1a: Great Tusk|Protosynthesis|[silent]
|switch|p1a: Latios|Latios, M|3/100
|move|p2a: Cinderace|U-turn|p1a: Latios
|-start|p2a: Cinderace|typechange|Bug|[from] ability: Libero
|-supereffective|p1a: Latios
|-damage|p1a: Latios|0 fnt
|faint|p1a: Latios
|
|upkeep
|
|t:|1779917581
|switch|p1a: Great Tusk|Great Tusk|76/100
|turn|39
|
|t:|1779917588
|move|p2a: Cinderace|Pyro Ball|p1a: Great Tusk
|-damage|p1a: Great Tusk|50/100
|move|p1a: Great Tusk|Ice Spinner|p2a: Cinderace
|-damage|p2a: Cinderace|42/100
|
|upkeep
|turn|40
|
|t:|1779917594
|move|p2a: Cinderace|Pyro Ball|p1a: Great Tusk
|-damage|p1a: Great Tusk|23/100
|move|p1a: Great Tusk|Headlong Rush|p2a: Cinderace
|-resisted|p2a: Cinderace
|-damage|p2a: Cinderace|0 fnt
|-unboost|p1a: Great Tusk|def|1
|-unboost|p1a: Great Tusk|spd|1
|faint|p2a: Cinderace
|
|win|cagotutia
|raw|cagotutia's rating: 1284 &rarr; <strong>1313</strong><br />(+29 for winning)
|raw|UltraAero's rating: 1342 &rarr; <strong>1319</strong><br />(-23 for losing)
