|j|☆MrsDelacerna
|j|‽ElectivireGoat
|t:|1779967416
|gametype|singles
|player|p1|MrsDelacerna|lucas|1345
|player|p2|ElectivireGoat|volkner|1389
|gen|9
|tier|[Gen 9] OU
|rated|
|rule|HP Percentage Mod: HP is shown in percentages
|rule|Endless Battle Clause: Forcing endless battles is banned
|rule|Species Clause: Limit one of each Pokémon
|rule|OHKO Clause: OHKO moves are banned
|rule|Evasion Items Clause: Evasion items are banned
|rule|Evasion Moves Clause: Evasion moves are banned
|rule|Evasion Abilities Clause: Evasion abilities are banned
|rule|Sleep Moves Clause: Sleep-inducing moves are banned
|clearpoke
|poke|p1|Kommo-o, M|
|poke|p1|Grimmsnarl, M|
|poke|p1|Gholdengo|
|poke|p1|Scizor, M|
|poke|p1|Dragapult, M|
|poke|p1|Kingambit, M|
|poke|p2|Araquanid, F|
|poke|p2|Electivire, M|
|poke|p2|Volcanion|
|poke|p2|Gholdengo|
|poke|p2|Latias, F|
|poke|p2|Great Tusk|
|teampreview
|inactive|Battle timer is ON: inactive players will automatically lose when time's up. (requested by MrsDelacerna)
|inactive|MrsDelacerna has 120 seconds left.
|
|t:|1779967448
|teamsize|p1|6
|teamsize|p2|6
|start
|switch|p1a: Grimmsnarl|Grimmsnarl, M|100/100
|switch|p2a: Araquanid|Araquanid, F, shiny|100/100
|turn|1
|
|t:|1779967462
|move|p1a: Grimmsnarl|Taunt|p2a: Araquanid
|-start|p2a: Araquanid|move: Taunt
|move|p2a: Araquanid|Lunge|p1a: Grimmsnarl
|-damage|p1a: Grimmsnarl|75/100
|-unboost|p1a: Grimmsnarl|atk|1
|
|upkeep
|turn|2
|
|t:|1779967492
|move|p1a: Grimmsnarl|Reflect|p1a: Grimmsnarl
|-sidestart|p1: MrsDelacerna|Reflect
|move|p2a: Araquanid|Liquidation|p1a: Grimmsnarl
|-damage|p1a: Grimmsnarl|46/100
|
|upkeep
|turn|3
|
|t:|1779967499
|move|p1a: Grimmsnarl|Parting Shot|p2a: Araquanid
|-unboost|p2a: Araquanid|atk|1
|-unboost|p2a: Araquanid|spa|1
|
|t:|1779967505
|switch|p1a: Gholdengo|Gholdengo|100/100|[from] Parting Shot
|-item|p1a: Gholdengo|Air Balloon
|move|p2a: Araquanid|Lunge|p1a: Gholdengo
|-resisted|p1a: Gholdengo
|-damage|p1a: Gholdengo|98/100
|-unboost|p1a: Gholdengo|atk|1
|-enditem|p1a: Gholdengo|Air Balloon
|
|-end|p2a: Araquanid|move: Taunt
|upkeep
|turn|4
|inactive|ElectivireGoat has 120 seconds left.
|
|t:|1779967538
|move|p1a: Gholdengo|Thunderbolt|p2a: Araquanid
|-supereffective|p2a: Araquanid
|-damage|p2a: Araquanid|53/100
|move|p2a: Araquanid|Sticky Web|p1a: Gholdengo
|-sidestart|p1: MrsDelacerna|move: Sticky Web
|
|upkeep
|turn|5
|
|t:|1779967546
|move|p1a: Gholdengo|Nasty Plot|p1a: Gholdengo
|-boost|p1a: Gholdengo|spa|2
|move|p2a: Araquanid|Mirror Coat||[still]
|-fail|p2a: Araquanid
|
|upkeep
|turn|6
|inactive|ElectivireGoat has 120 seconds left.
|
|t:|1779967570
|move|p1a: Gholdengo|Nasty Plot|p1a: Gholdengo
|-boost|p1a: Gholdengo|spa|2
|move|p2a: Araquanid|Liquidation|p1a: Gholdengo
|-damage|p1a: Gholdengo|72/100
|-unboost|p1a: Gholdengo|def|1
|
|upkeep
|turn|7
|
|t:|1779967578
|move|p1a: Gholdengo|Thunderbolt|p2a: Araquanid
|-supereffective|p2a: Araquanid
|-damage|p2a: Araquanid|0 fnt
|faint|p2a: Araquanid
|
|upkeep
|
|t:|1779967584
|switch|p2a: Electivire|Electivire, M|100/100
|turn|8
|
|t:|1779967589
|move|p2a: Electivire|Supercell Slam|p1a: Gholdengo
|-damage|p1a: Gholdengo|16/100
|-damage|p2a: Electivire|91/100|[from] item: Life Orb
|move|p1a: Gholdengo|Shadow Ball|p2a: Electivire
|-damage|p2a: Electivire|0 fnt
|faint|p2a: Electivire
|
|upkeep
|
|t:|1779967601
|switch|p2a: Great Tusk|Great Tusk|100/100
|turn|9
|
|t:|1779967610
|-terastallize|p1a: Gholdengo|Flying
|move|p2a: Great Tusk|Earthquake|p1a: Gholdengo
|-immune|p1a: Gholdengo
|move|p1a: Gholdengo|Shadow Ball|p2a: Great Tusk
|-damage|p2a: Great Tusk|0 fnt
|faint|p2a: Great Tusk
|-end|p2a: Great Tusk|Protosynthesis|[silent]
|
|-sideend|p1: MrsDelacerna|Reflect
|upkeep
|
|t:|1779967625
|switch|p2a: Gholdengo|Gholdengo|100/100
|-item|p2a: Gholdengo|Air Balloon
|turn|10
|
|t:|1779967640
|-terastallize|p2a: Gholdengo|Water
|move|p1a: Gholdengo|Shadow Ball|p2a: Gholdengo
|-damage|p2a: Gholdengo|0 fnt
|-enditem|p2a: Gholdengo|Air Balloon
|faint|p2a: Gholdengo
|
|upkeep
|
|t:|1779967646
|switch|p2a: Latias|Latias, F|100/100
|turn|11
|
|t:|1779967655
|move|p1a: Gholdengo|Make It Rain|p2a: Latias
|-damage|p2a: Latias|0 fnt
|-unboost|p1a: Gholdengo|spa|1
|faint|p2a: Latias
|
|upkeep
|
|t:|1779967658
|switch|p2a: Volcanion|Volcanion|100/100
|turn|12
|
|t:|1779967666
|move|p1a: Gholdengo|Thunderbolt|p2a: Volcanion
|-supereffective|p2a: Volcanion
|-damage|p2a: Volcanion|0 fnt
|faint|p2a: Volcanion
|
|win|MrsDelacerna
|raw|MrsDelacerna's rating: 1345 &rarr; <strong>1368</strong><br />(+23 for winning)
|raw|ElectivireGoat's rating: 1389 &rarr; <strong>1366</strong><br />(-23 for losing)
|l|‽ElectivireGoat
|player|p2|
|l|☆MrsDelacerna
|player|p1|
