|j|☆NRU_ Blackout
|j|☆firered27
|t:|1779803596
|gametype|singles
|player|p1|NRU_ Blackout|pokefan-gen4|1337
|player|p2|firered27|170|1264
|gen|9
|tier|[Gen 9] OU
|rated|
|rule|HP Percentage Mod: HP is shown in percentages
|rule|Endless Battle Clause: Forcing endless battles is banned
|rule|Species Clause: Limit one of each Pokémon
|rule|OHKO Clause: OHKO moves are banned
|rule|Evasion Items Clause: Evasion items are banned
|rule|Evasion Moves Clause: Evasion moves are banned
|rule|Evasion Abilities Clause: Evasion abilities are banned
|rule|Sleep Moves Clause: Sleep-inducing moves are banned
|clearpoke
|poke|p1|Tyranitar, M|
|poke|p1|Hydrapple, F|
|poke|p1|Iron Boulder|
|poke|p1|Kingambit, M|
|poke|p1|Enamorus-Therian, F|
|poke|p1|Ogerpon-Wellspring, F|
|poke|p2|Vivillon-Pokeball, M|
|poke|p2|Ogerpon-Wellspring, F|
|poke|p2|Ninetales-Alola, F|
|poke|p2|Dragonite, M|
|poke|p2|Great Tusk|
|poke|p2|Hatterene, F|
|teampreview
|inactive|Battle timer is ON: inactive players will automatically lose when time's up. (requested by firered27)
|
|t:|1779803610
|teamsize|p1|6
|teamsize|p2|6
|start
|switch|p1a: Ogerpon|Ogerpon-Wellspring, F|100/100
|switch|p2a: Ninetales|Ninetales-Alola, F|100/100
|-weather|Snowscape|[from] ability: Snow Warning|[of] p2a: Ninetales
|turn|1
|
|t:|1779803617
|switch|p1a: Tyranitar|Tyranitar, M|100/100
|-weather|Sandstorm|[from] ability: Sand Stream|[of] p1a: Tyranitar
|move|p2a: Ninetales|Freeze-Dry|p1a: Tyranitar
|-damage|p1a: Tyranitar|94/100
|
|-weather|Sandstorm|[upkeep]
|-damage|p2a: Ninetales|94/100|[from] Sandstorm
|upkeep
|turn|2
|
|t:|1779803627
|switch|p2a: Great Tusk|Great Tusk|100/100
|-enditem|p2a: Great Tusk|Booster Energy
|-activate|p2a: Great Tusk|ability: Protosynthesis|[fromitem]
|-start|p2a: Great Tusk|protosynthesisspe
|move|p1a: Tyranitar|Knock Off|p2a: Great Tusk
|-resisted|p2a: Great Tusk
|-damage|p2a: Great Tusk|90/100
|
|-weather|Sandstorm|[upkeep]
|upkeep
|turn|3
|
|t:|1779803640
|switch|p1a: Hydrapple|Hydrapple, F|100/100
|move|p2a: Great Tusk|Stealth Rock|p1a: Hydrapple
|-sidestart|p1: NRU_ Blackout|move: Stealth Rock
|
|-weather|Sandstorm|[upkeep]
|-damage|p1a: Hydrapple|94/100|[from] Sandstorm
|upkeep
|turn|4
|
|t:|1779803649
|move|p2a: Great Tusk|Ice Spinner|p1a: Hydrapple
|-supereffective|p1a: Hydrapple
|-damage|p1a: Hydrapple|43/100
|move|p1a: Hydrapple|Giga Drain|p2a: Great Tusk
|-supereffective|p2a: Great Tusk
|-damage|p2a: Great Tusk|9/100
|-heal|p1a: Hydrapple|86/100|[from] drain|[of] p2a: Great Tusk
|
|-weather|Sandstorm|[upkeep]
|-damage|p1a: Hydrapple|80/100|[from] Sandstorm
|upkeep
|turn|5
|
|t:|1779803664
|move|p2a: Great Tusk|Ice Spinner|p1a: Hydrapple
|-supereffective|p1a: Hydrapple
|-damage|p1a: Hydrapple|30/100
|move|p1a: Hydrapple|Giga Drain|p2a: Great Tusk
|-supereffective|p2a: Great Tusk
|-damage|p2a: Great Tusk|0 fnt
|-heal|p1a: Hydrapple|35/100|[from] drain|[of] p2a: Great Tusk
|faint|p2a: Great Tusk
|-end|p2a: Great Tusk|Protosynthesis|[silent]
|
|-weather|none
|upkeep
|
|t:|1779803675
|switch|p2a: Vivillon|Vivillon-Pokeball, M|100/100
|turn|6
|
|t:|1779803682
|move|p2a: Vivillon|Quiver Dance|p2a: Vivillon
|-boost|p2a: Vivillon|spa|1
|-boost|p2a: Vivillon|spd|1
|-boost|p2a: Vivillon|spe|1
|move|p1a: Hydrapple|Fickle Beam|p2a: Vivillon
|-damage|p2a: Vivillon|58/100
|
|upkeep
|turn|7
|
|t:|1779803689
|switch|p1a: Tyranitar|Tyranitar, M|94/100
|-damage|p1a: Tyranitar|81/100|[from] Stealth Rock
|-weather|Sandstorm|[from] ability: Sand Stream|[of] p1a: Tyranitar
|move|p2a: Vivillon|Quiver Dance|p2a: Vivillon
|-boost|p2a: Vivillon|spa|1
|-boost|p2a: Vivillon|spd|1
|-boost|p2a: Vivillon|spe|1
|
|-weather|Sandstorm|[upkeep]
|-damage|p2a: Vivillon|52/100|[from] Sandstorm
|upkeep
|turn|8
|
|t:|1779803698
|move|p2a: Vivillon|Iron Defense|p2a: Vivillon
|-boost|p2a: Vivillon|def|2
|move|p1a: Tyranitar|Stone Edge|p2a: Vivillon
|-supereffective|p2a: Vivillon
|-damage|p2a: Vivillon|0 fnt
|faint|p2a: Vivillon
|
|-weather|Sandstorm|[upkeep]
|upkeep
|
|t:|1779803705
|switch|p2a: Ninetales|Ninetales-Alola, F|94/100
|-weather|Snowscape|[from] ability: Snow Warning|[of] p2a: Ninetales
|turn|9
|
|t:|1779803727
|switch|p1a: Iron Boulder|Iron Boulder|100/100
|-damage|p1a: Iron Boulder|88/100|[from] Stealth Rock
|-enditem|p1a: Iron Boulder|Booster Energy
|-activate|p1a: Iron Boulder|ability: Quark Drive|[fromitem]
|-start|p1a: Iron Boulder|quarkdrivespe
|move|p2a: Ninetales|Aurora Veil|p2a: Ninetales
|-sidestart|p2: firered27|move: Aurora Veil
|
|-weather|Snowscape|[upkeep]
|upkeep
|turn|10
|
|t:|1779803744
|switch|p2a: Hatterene|Hatterene, F|100/100
|move|p1a: Iron Boulder|Swords Dance|p1a: Iron Boulder
|-boost|p1a: Iron Boulder|atk|2
|
|-weather|Snowscape|[upkeep]
|upkeep
|turn|11
|inactive|NRU_ Blackout has 120 seconds left.
|
|t:|1779803782
|-end|p1a: Iron Boulder|Quark Drive|[silent]
|switch|p1a: Enamorus|Enamorus-Therian, F|100/100
|move|p2a: Hatterene|Nuzzle|p1a: Enamorus
|-supereffective|p1a: Enamorus
|-damage|p1a: Enamorus|95/100
|-status|p1a: Enamorus|par
|
|-weather|Snowscape|[upkeep]
|upkeep
|turn|12
|inactive|firered27 has 120 seconds left.
|
|t:|1779803820
|switch|p2a: Ninetales|Ninetales-Alola, F|94/100
|cant|p1a: Enamorus|par
|
|-weather|Snowscape|[upkeep]
|upkeep
|turn|13
|
|t:|1779803828
|switch|p1a: Tyranitar|Tyranitar, M|81/100
|-damage|p1a: Tyranitar|69/100|[from] Stealth Rock
|-weather|Sandstorm|[from] ability: Sand Stream|[of] p1a: Tyranitar
|move|p2a: Ninetales|Aurora Veil||[still]
|-fail|p2a: Ninetales
|
|-weather|Sandstorm|[upkeep]
|-damage|p2a: Ninetales|88/100|[from] Sandstorm
|upkeep
|turn|14
|inactive|NRU_ Blackout has 120 seconds left.
|inactive|firered27 has 120 seconds left.
|
|t:|1779803840
|switch|p2a: Ogerpon|Ogerpon-Wellspring, F|100/100
|move|p1a: Tyranitar|Stone Edge|p2a: Ogerpon
|-damage|p2a: Ogerpon|65/100
|
|-weather|Sandstorm|[upkeep]
|-damage|p2a: Ogerpon|59/100|[from] Sandstorm
|upkeep
|turn|15
|inactive|NRU_ Blackout has 120 seconds left.
|inactive|firered27 has 120 seconds left.
|
|t:|1779803849
|switch|p1a: Hydrapple|Hydrapple, F|68/100
|move|p2a: Ogerpon|Horn Leech|p1a: Hydrapple
|-resisted|p1a: Hydrapple
|-damage|p1a: Hydrapple|62/100
|-heal|p2a: Ogerpon|63/100|[from] drain|[of] p1a: Hydrapple
|
|-weather|Sandstorm|[upkeep]
|-damage|p2a: Ogerpon|57/100|[from] Sandstorm
|-damage|p1a: Hydrapple|56/100|[from] Sandstorm
|upkeep
|turn|16
|inactive|NRU_ Blackout has 120 seconds left.
|inactive|firered27 has 120 seconds left.
|
|t:|1779803861
|switch|p2a: Hatterene|Hatterene, F|100/100
|move|p1a: Hydrapple|Giga Drain|p2a: Hatterene
|-damage|p2a: Hatterene|85/100
|-heal|p1a: Hydrapple|61/100|[from] drain|[of] p2a: Hatterene
|-enditem|p2a: Hatterene|Eject Button
|inactive|firered27 has 120 seconds left.
|
|t:|1779803871
|switch|p2a: Ninetales|Ninetales-Alola, F|88/100
|-weather|Snowscape|[from] ability: Snow Warning|[of] p2a: Ninetales
|
|-weather|Snowscape|[upkeep]
|-sideend|p2: firered27|move: Aurora Veil
|upkeep
|turn|17
|inactive|firered27 has 120 seconds left.
|
|t:|1779803877
|switch|p1a: Tyranitar|Tyranitar, M|69/100
|-damage|p1a: Tyranitar|57/100|[from] Stealth Rock
|-weather|Sandstorm|[from] ability: Sand Stream|[of] p1a: Tyranitar
|move|p2a: Ninetales|Freeze-Dry|p1a: Tyranitar
|-damage|p1a: Tyranitar|50/100
|
|-weather|Sandstorm|[upkeep]
|-damage|p2a: Ninetales|82/100|[from] Sandstorm
|upkeep
|turn|18
|
|t:|1779803897
|switch|p2a: Hatterene|Hatterene, F|85/100
|move|p1a: Tyranitar|Stone Edge|p2a: Hatterene
|-damage|p2a: Hatterene|37/100
|
|-weather|Sandstorm|[upkeep]
|-damage|p2a: Hatterene|31/100|[from] Sandstorm
|upkeep
|turn|19
|
|t:|1779803906
|move|p1a: Tyranitar|Stone Edge|p2a: Hatterene
|-damage|p2a: Hatterene|0 fnt
|faint|p2a: Hatterene
|
|-weather|Sandstorm|[upkeep]
|upkeep
|
|t:|1779803913
|switch|p2a: Ogerpon|Ogerpon-Wellspring, F|57/100
|turn|20
|
|t:|1779803917
|switch|p1a: Ogerpon|Ogerpon-Wellspring, F|100/100
|-damage|p1a: Ogerpon|88/100|[from] Stealth Rock
|move|p2a: Ogerpon|Horn Leech|p1a: Ogerpon
|-crit|p1a: Ogerpon
|-damage|p1a: Ogerpon|0 fnt
|-heal|p2a: Ogerpon|100/100|[from] drain|[of] p1a: Ogerpon
|faint|p1a: Ogerpon
|
|-weather|Sandstorm|[upkeep]
|-damage|p2a: Ogerpon|95/100|[from] Sandstorm
|upkeep
|
|t:|1779803924
|switch|p1a: Hydrapple|Hydrapple, F|95/100
|turn|21
|
|t:|1779803933
|switch|p2a: Ninetales|Ninetales-Alola, F|82/100
|-weather|Snowscape|[from] ability: Snow Warning|[of] p2a: Ninetales
|move|p1a: Hydrapple|Giga Drain|p2a: Ninetales
|-crit|p2a: Ninetales
|-damage|p2a: Ninetales|37/100
|-heal|p1a: Hydrapple|100/100|[from] drain|[of] p2a: Ninetales
|
|-weather|Snowscape|[upkeep]
|upkeep
|turn|22
|
|t:|1779803954
|switch|p1a: Tyranitar|Tyranitar, M|50/100
|-damage|p1a: Tyranitar|38/100|[from] Stealth Rock
|-weather|Sandstorm|[from] ability: Sand Stream|[of] p1a: Tyranitar
|move|p2a: Ninetales|Nasty Plot|p2a: Ninetales
|-boost|p2a: Ninetales|spa|2
|
|-weather|Sandstorm|[upkeep]
|-damage|p2a: Ninetales|31/100|[from] Sandstorm
|upkeep
|turn|23
|
|t:|1779803966
|move|p2a: Ninetales|Freeze-Dry|p1a: Tyranitar
|-damage|p1a: Tyranitar|24/100
|move|p1a: Tyranitar|Stone Edge|p2a: Ninetales|[miss]
|-miss|p1a: Tyranitar|p2a: Ninetales
|
|-weather|Sandstorm|[upkeep]
|-damage|p2a: Ninetales|25/100|[from] Sandstorm
|upkeep
|turn|24
|
|t:|1779803979
|switch|p2a: Ogerpon|Ogerpon-Wellspring, F|95/100
|move|p1a: Tyranitar|Stone Edge|p2a: Ogerpon
|-damage|p2a: Ogerpon|25/100
|
|-weather|Sandstorm|[upkeep]
|-damage|p2a: Ogerpon|19/100|[from] Sandstorm
|upkeep
|turn|25
|
|t:|1779803986
|switch|p1a: Hydrapple|Hydrapple, F|100/100
|move|p2a: Ogerpon|Horn Leech|p1a: Hydrapple
|-resisted|p1a: Hydrapple
|-damage|p1a: Hydrapple|94/100
|-heal|p2a: Ogerpon|23/100|[from] drain|[of] p1a: Hydrapple
|
|-weather|Sandstorm|[upkeep]
|-damage|p2a: Ogerpon|17/100|[from] Sandstorm
|-damage|p1a: Hydrapple|88/100|[from] Sandstorm
|upkeep
|turn|26
|
|t:|1779803995
|switch|p2a: Dragonite|Dragonite, M|100/100
|move|p1a: Hydrapple|Giga Drain|p2a: Dragonite
|-resisted|p2a: Dragonite
|-damage|p2a: Dragonite|96/100
|-heal|p1a: Hydrapple|90/100|[from] drain|[of] p2a: Dragonite
|
|-weather|none
|upkeep
|turn|27
|
|t:|1779804005
|switch|p1a: Enamorus|Enamorus-Therian, F|95/100 par
|-terastallize|p2a: Dragonite|Normal
|move|p2a: Dragonite|Dragon Dance|p2a: Dragonite
|-boost|p2a: Dragonite|atk|1
|-boost|p2a: Dragonite|spe|1
|
|upkeep
|turn|28
|
|t:|1779804014
|move|p2a: Dragonite|Dragon Dance|p2a: Dragonite
|-boost|p2a: Dragonite|atk|1
|-boost|p2a: Dragonite|spe|1
|move|p1a: Enamorus|Moonblast|p2a: Dragonite
|-damage|p2a: Dragonite|52/100
|-unboost|p2a: Dragonite|spa|1
|
|upkeep
|turn|29
|
|t:|1779804023
|move|p2a: Dragonite|Ice Spinner|p1a: Enamorus
|-supereffective|p1a: Enamorus
|-damage|p1a: Enamorus|18/100 par
|cant|p1a: Enamorus|par
|
|upkeep
|turn|30
|
|t:|1779804029
|move|p2a: Dragonite|Extreme Speed|p1a: Enamorus
|-damage|p1a: Enamorus|0 fnt
|faint|p1a: Enamorus
|
|upkeep
|inactive|NRU_ Blackout has 120 seconds left.
|
|t:|1779804064
|switch|p1a: Kingambit|Kingambit, M|100/100
|-damage|p1a: Kingambit|94/100|[from] Stealth Rock
|-activate|p1a: Kingambit|ability: Supreme Overlord
|-start|p1a: Kingambit|fallen2|[silent]
|turn|31
|
|t:|1779804070
|move|p1a: Kingambit|Sucker Punch|p2a: Dragonite
|-damage|p2a: Dragonite|0 fnt
|faint|p2a: Dragonite
|
|upkeep
|
|t:|1779804075
|switch|p2a: Ninetales|Ninetales-Alola, F|25/100
|-weather|Snowscape|[from] ability: Snow Warning|[of] p2a: Ninetales
|turn|32
|
|t:|1779804079
|-end|p1a: Kingambit|fallen2|[silent]
|switch|p1a: Tyranitar|Tyranitar, M|24/100
|-damage|p1a: Tyranitar|12/100|[from] Stealth Rock
|-weather|Sandstorm|[from] ability: Sand Stream|[of] p1a: Tyranitar
|move|p2a: Ninetales|Encore||[still]
|-fail|p2a: Ninetales
|
|-weather|Sandstorm|[upkeep]
|-damage|p2a: Ninetales|19/100|[from] Sandstorm
|upkeep
|turn|33
|
|t:|1779804091
|move|p2a: Ninetales|Freeze-Dry|p1a: Tyranitar
|-damage|p1a: Tyranitar|5/100
|move|p1a: Tyranitar|Knock Off|p2a: Ninetales
|-resisted|p2a: Ninetales
|-damage|p2a: Ninetales|0 fnt
|-enditem|p2a: Ninetales|Light Clay|[from] move: Knock Off|[of] p1a: Tyranitar
|faint|p2a: Ninetales
|
|-weather|Sandstorm|[upkeep]
|upkeep
|-message|firered27 forfeited.
|
|win|NRU_ Blackout
|raw|NRU_ Blackout's rating: 1337 &rarr; <strong>1353</strong><br />(+16 for winning)
|raw|firered27's rating: 1264 &rarr; <strong>1244</strong><br />(-20 for losing)
|l|☆firered27
|player|p2|
|l|☆NRU_ Blackout
|player|p1|
