|j|☆ekskahdhj
|j|☆24iomxx
|t:|1779837310
|gametype|singles
|player|p1|ekskahdhj|1|1000
|player|p2|24iomxx|hilbert-masters|1037
|gen|9
|tier|[Gen 9] OU
|rated|
|rule|HP Percentage Mod: HP is shown in percentages
|rule|Endless Battle Clause: Forcing endless battles is banned
|rule|Species Clause: Limit one of each Pokémon
|rule|OHKO Clause: OHKO moves are banned
|rule|Evasion Items Clause: Evasion items are banned
|rule|Evasion Moves Clause: Evasion moves are banned
|rule|Evasion Abilities Clause: Evasion abilities are banned
|rule|Sleep Moves Clause: Sleep-inducing moves are banned
|clearpoke
|poke|p1|Regieleki|
|poke|p1|Minior-Blue|
|poke|p2|Hydreigon, M|
|poke|p2|Excadrill, M|
|poke|p2|Galvantula, M|
|poke|p2|Chandelure, F|
|poke|p2|Amoonguss, F|
|poke|p2|Braviary, M|
|teampreview
|inactive|Battle timer is ON: inactive players will automatically lose when time's up. (requested by 24iomxx)
|
|t:|1779837346
|teamsize|p1|2
|teamsize|p2|6
|start
|switch|p1a: Regieleki|Regieleki|100/100
|switch|p2a: Galvantula|Galvantula, M|100/100
|turn|1
|
|t:|1779837351
|move|p1a: Regieleki|Light Screen|p1a: Regieleki
|-sidestart|p1: ekskahdhj|move: Light Screen
|move|p2a: Galvantula|Sticky Web|p1a: Regieleki
|-sidestart|p1: ekskahdhj|move: Sticky Web
|
|upkeep
|turn|2
|
|t:|1779837355
|switch|p2a: Excadrill|Excadrill, M|100/100
|-ability|p2a: Excadrill|Mold Breaker
|-item|p2a: Excadrill|Air Balloon
|move|p1a: Regieleki|Reflect|p1a: Regieleki
|-sidestart|p1: ekskahdhj|Reflect
|
|upkeep
|turn|3
|inactive|24iomxx has 120 seconds left.
|
|t:|1779837386
|move|p1a: Regieleki|Explosion|p2a: Excadrill
|-resisted|p2a: Excadrill
|-damage|p2a: Excadrill|62/100
|-enditem|p2a: Excadrill|Air Balloon
|faint|p1a: Regieleki
|move|p2a: Excadrill|Earthquake|p1: Regieleki|[notarget]
|-fail|p2a: Excadrill
|
|upkeep
|
|t:|1779837389
|switch|p1a: Minior|Minior-Blue|100/100
|-formechange|p1a: Minior|Minior-Meteor||[from] ability: Shields Down
|turn|4
|
|t:|1779837415
|move|p2a: Excadrill|Iron Head|p1a: Minior
|-supereffective|p1a: Minior
|-damage|p1a: Minior|49/100
|move|p1a: Minior|Shell Smash|p1a: Minior
|-unboost|p1a: Minior|def|1
|-unboost|p1a: Minior|spd|1
|-boost|p1a: Minior|atk|2
|-boost|p1a: Minior|spa|2
|-boost|p1a: Minior|spe|2
|
|-formechange|p1a: Minior|Minior-Blue||[from] ability: Shields Down
|upkeep
|turn|5
|
|t:|1779837422
|move|p1a: Minior|Earthquake|p2a: Excadrill
|-supereffective|p2a: Excadrill
|-damage|p2a: Excadrill|0 fnt
|faint|p2a: Excadrill
|
|upkeep
|
|t:|1779837425
|switch|p2a: Galvantula|Galvantula, M|100/100
|turn|6
|
|t:|1779837431
|-terastallize|p1a: Minior|Ground
|move|p1a: Minior|Earthquake|p2a: Galvantula
|-enditem|p2a: Galvantula|Focus Sash
|-damage|p2a: Galvantula|1/100
|move|p2a: Galvantula|Thunder|p1a: Minior
|-immune|p1a: Minior
|
|upkeep
|turn|7
|
|t:|1779837437
|move|p1a: Minior|Earthquake|p2a: Galvantula
|-damage|p2a: Galvantula|0 fnt
|faint|p2a: Galvantula
|
|upkeep
|
|t:|1779837444
|switch|p2a: Amoonguss|Amoonguss, F|100/100
|turn|8
|
|t:|1779837446
|move|p1a: Minior|Meteor Beam||[still]
|-prepare|p1a: Minior|Meteor Beam
|-boost|p1a: Minior|spa|1
|-enditem|p1a: Minior|Power Herb
|-anim|p1a: Minior|Meteor Beam|p2a: Amoonguss
|-damage|p2a: Amoonguss|0 fnt
|faint|p2a: Amoonguss
|
|-sideend|p1: ekskahdhj|move: Light Screen
|upkeep
|
|t:|1779837455
|switch|p2a: Chandelure|Chandelure, F|100/100
|turn|9
|
|t:|1779837457
|-terastallize|p2a: Chandelure|Grass
|move|p1a: Minior|Earthquake|p2a: Chandelure
|-resisted|p2a: Chandelure
|-damage|p2a: Chandelure|55/100
|move|p2a: Chandelure|Energy Ball|p1a: Minior
|-supereffective|p1a: Minior
|-damage|p1a: Minior|0 fnt
|faint|p1a: Minior
|
|win|24iomxx
|raw|ekskahdhj's rating: 1000 &rarr; <strong>1000</strong><br />(+0 for losing)
|raw|24iomxx's rating: 1037 &rarr; <strong>1068</strong><br />(+31 for winning)
