|j|☆nwalesu
|j|☆ykykp
|t:|1779872886
|gametype|singles
|player|p1|nwalesu|pokemaniac|1465
|player|p2|ykykp|1|1411
|gen|9
|tier|[Gen 9] OU
|rated|
|rule|HP Percentage Mod: HP is shown in percentages
|rule|Endless Battle Clause: Forcing endless battles is banned
|rule|Species Clause: Limit one of each Pokémon
|rule|OHKO Clause: OHKO moves are banned
|rule|Evasion Items Clause: Evasion items are banned
|rule|Evasion Moves Clause: Evasion moves are banned
|rule|Evasion Abilities Clause: Evasion abilities are banned
|rule|Sleep Moves Clause: Sleep-inducing moves are banned
|clearpoke
|poke|p1|Dragapult, M|
|poke|p1|Rotom-Heat|
|poke|p1|Clodsire, M|
|poke|p1|Mandibuzz, F|
|poke|p1|Dragonite, M|
|poke|p1|Iron Valiant|
|poke|p2|Pelipper, L99, F|
|poke|p2|Barraskewda, F|
|poke|p2|Raging Bolt|
|poke|p2|Golduck, M|
|poke|p2|Pawmot, F|
|poke|p2|Tentacruel, F|
|teampreview
|inactive|Battle timer is ON: inactive players will automatically lose when time's up. (requested by nwalesu)
|inactive|ykykp has 120 seconds left.
|
|t:|1779872930
|teamsize|p1|6
|teamsize|p2|6
|start
|switch|p1a: Cookie maker|Rotom-Heat|100/100
|switch|p2a: Ghoti carrier|Pelipper, L99, F|100/100
|-weather|RainDance|[from] ability: Drizzle|[of] p2a: Ghoti carrier
|turn|1
|
|t:|1779872936
|switch|p2a: Great Neck|Raging Bolt|100/100
|move|p1a: Cookie maker|Discharge|p2a: Great Neck
|-resisted|p2a: Great Neck
|-damage|p2a: Great Neck|93/100
|
|-weather|RainDance|[upkeep]
|-heal|p2a: Great Neck|99/100|[from] item: Leftovers
|upkeep
|turn|2
|
|t:|1779872940
|switch|p1a: Clodsire|Clodsire, M|100/100
|move|p2a: Great Neck|Weather Ball|p1a: Clodsire
|-immune|p1a: Clodsire|[from] ability: Water Absorb
|
|-weather|RainDance|[upkeep]
|-heal|p2a: Great Neck|100/100|[from] item: Leftovers
|upkeep
|turn|3
|
|t:|1779872956
|-end|p2a: Great Neck|Protosynthesis|[silent]
|switch|p2a: Seaking Duck|Golduck, M|100/100
|move|p1a: Clodsire|Stealth Rock|p2a: Seaking Duck
|-sidestart|p2: ykykp|move: Stealth Rock
|
|-weather|RainDance|[upkeep]
|upkeep
|turn|4
|
|t:|1779872966
|switch|p1a: Mandibuzz|Mandibuzz, F|100/100
|move|p2a: Seaking Duck|Nasty Plot|p2a: Seaking Duck
|-boost|p2a: Seaking Duck|spa|2
|
|-weather|RainDance|[upkeep]
|upkeep
|turn|5
|
|t:|1779872981
|switch|p1a: Cookie maker|Rotom-Heat|100/100
|move|p2a: Seaking Duck|Ice Beam|p1a: Cookie maker
|-resisted|p1a: Cookie maker
|-damage|p1a: Cookie maker|63/100
|-status|p1a: Cookie maker|frz
|-damage|p2a: Seaking Duck|91/100|[from] item: Life Orb
|
|-weather|RainDance|[upkeep]
|upkeep
|turn|6
|inactive|nwalesu has 120 seconds left.
|inactive|nwalesu has 90 seconds left.
|
|t:|1779873048
|switch|p1a: Drippy|Dragapult, M|100/100
|move|p2a: Seaking Duck|Hydro Pump|p1a: Drippy|[miss]
|-miss|p2a: Seaking Duck|p1a: Drippy
|
|-weather|RainDance|[upkeep]
|upkeep
|turn|7
|inactive|nwalesu has 90 seconds left.
|
|t:|1779873064
|switch|p1a: Cookie maker|Rotom-Heat|63/100 frz
|move|p2a: Seaking Duck|Ice Beam|p1a: Cookie maker
|-resisted|p1a: Cookie maker
|-damage|p1a: Cookie maker|27/100 frz
|-damage|p2a: Seaking Duck|81/100|[from] item: Life Orb
|
|-weather|RainDance|[upkeep]
|upkeep
|turn|8
|inactive|nwalesu has 90 seconds left.
|
|t:|1779873088
|move|p2a: Seaking Duck|Ice Beam|p1a: Cookie maker
|-resisted|p1a: Cookie maker
|-damage|p1a: Cookie maker|0 fnt
|faint|p1a: Cookie maker
|-damage|p2a: Seaking Duck|71/100|[from] item: Life Orb
|
|-weather|none
|upkeep
|
|t:|1779873095
|switch|p1a: Drippy|Dragapult, M|100/100
|turn|9
|
|t:|1779873098
|switch|p2a: Spaghetti Too|Tentacruel, F|100/100
|-damage|p2a: Spaghetti Too|88/100|[from] Stealth Rock
|move|p1a: Drippy|U-turn|p2a: Spaghetti Too
|-resisted|p2a: Spaghetti Too
|-damage|p2a: Spaghetti Too|73/100
|
|t:|1779873102
|switch|p1a: Dragonite|Dragonite, M|100/100|[from] U-turn
|
|upkeep
|turn|10
|
|t:|1779873108
|move|p1a: Dragonite|Dragon Dance|p1a: Dragonite
|-boost|p1a: Dragonite|atk|1
|-boost|p1a: Dragonite|spe|1
|move|p2a: Spaghetti Too|Rapid Spin|p1a: Dragonite
|-damage|p1a: Dragonite|96/100
|-boost|p2a: Spaghetti Too|spe|1
|-sideend|p2: ykykp|Stealth Rock|[from] move: Rapid Spin|[of] p2a: Spaghetti Too
|
|upkeep
|turn|11
|
|t:|1779873117
|switch|p2a: Ghoti carrier|Pelipper, L99, F|100/100
|-weather|RainDance|[from] ability: Drizzle|[of] p2a: Ghoti carrier
|move|p1a: Dragonite|Dragon Dance|p1a: Dragonite
|-boost|p1a: Dragonite|atk|1
|-boost|p1a: Dragonite|spe|1
|
|-weather|RainDance|[upkeep]
|upkeep
|turn|12
|
|t:|1779873124
|move|p1a: Dragonite|Extreme Speed|p2a: Ghoti carrier
|-damage|p2a: Ghoti carrier|54/100
|move|p2a: Ghoti carrier|U-turn|p1a: Dragonite
|-resisted|p1a: Dragonite
|-damage|p1a: Dragonite|91/100
|inactive|ykykp has 120 seconds left.
|
|t:|1779873160
|switch|p2a: Great Neck|Raging Bolt|100/100|[from] U-turn
|
|-weather|RainDance|[upkeep]
|upkeep
|turn|13
|
|t:|1779873166
|-terastallize|p2a: Great Neck|Fairy
|move|p1a: Dragonite|Earthquake|p2a: Great Neck
|-damage|p2a: Great Neck|32/100
|move|p2a: Great Neck|Thunder|p1a: Dragonite
|-damage|p1a: Dragonite|22/100
|-status|p1a: Dragonite|par
|
|-weather|RainDance|[upkeep]
|-heal|p2a: Great Neck|38/100|[from] item: Leftovers
|upkeep
|turn|14
|inactive|nwalesu has 120 seconds left.
|
|t:|1779873183
|move|p1a: Dragonite|Extreme Speed|p2a: Great Neck
|-damage|p2a: Great Neck|0 fnt
|faint|p2a: Great Neck
|-end|p2a: Great Neck|Protosynthesis|[silent]
|
|-weather|RainDance|[upkeep]
|upkeep
|
|t:|1779873193
|switch|p2a: Ghoti carrier|Pelipper, L99, F|54/100
|turn|15
|
|t:|1779873198
|-terastallize|p1a: Dragonite|Normal
|move|p1a: Dragonite|Extreme Speed|p2a: Ghoti carrier
|-crit|p2a: Ghoti carrier
|-damage|p2a: Ghoti carrier|0 fnt
|faint|p2a: Ghoti carrier
|
|-weather|RainDance|[upkeep]
|upkeep
|
|t:|1779873203
|switch|p2a: ExSkewda Me|Barraskewda, F|100/100
|turn|16
|
|t:|1779873205
|move|p1a: Dragonite|Extreme Speed|p2a: ExSkewda Me
|-damage|p2a: ExSkewda Me|0 fnt
|faint|p2a: ExSkewda Me
|
|-weather|RainDance|[upkeep]
|upkeep
|
|t:|1779873209
|switch|p2a: Seaking Duck|Golduck, M|71/100
|turn|17
|
|t:|1779873222
|move|p1a: Dragonite|Extreme Speed|p2a: Seaking Duck
|-damage|p2a: Seaking Duck|0 fnt
|faint|p2a: Seaking Duck
|
|-weather|RainDance|[upkeep]
|upkeep
|
|t:|1779873227
|switch|p2a: Really want eject|Pawmot, F|100/100
|turn|18
|
|t:|1779873236
|move|p1a: Dragonite|Extreme Speed|p2a: Really want eject
|-damage|p2a: Really want eject|0 fnt
|faint|p2a: Really want eject
|
|-weather|none
|upkeep
|-message|ykykp forfeited.
|
|win|nwalesu
|raw|nwalesu's rating: 1465 &rarr; <strong>1482</strong><br />(+17 for winning)
|raw|ykykp's rating: 1411 &rarr; <strong>1394</strong><br />(-17 for losing)
|l|☆ykykp
|player|p2|
|l|☆nwalesu
|player|p1|
