|j|☆pepinoloko
|j|☆prakshep
|t:|1779823774
|gametype|singles
|player|p1|pepinoloko|byron|1505
|player|p2|prakshep|nate|1465
|gen|9
|tier|[Gen 9] OU
|rated|
|rule|HP Percentage Mod: HP is shown in percentages
|rule|Endless Battle Clause: Forcing endless battles is banned
|rule|Species Clause: Limit one of each Pokémon
|rule|OHKO Clause: OHKO moves are banned
|rule|Evasion Items Clause: Evasion items are banned
|rule|Evasion Moves Clause: Evasion moves are banned
|rule|Evasion Abilities Clause: Evasion abilities are banned
|rule|Sleep Moves Clause: Sleep-inducing moves are banned
|clearpoke
|poke|p1|Salazzle, F|
|poke|p1|Zoroark-Hisui, F|
|poke|p1|Cinderace, F|
|poke|p1|Toxapex, M|
|poke|p1|Chesnaught, F|
|poke|p1|Grimmsnarl, M|
|poke|p2|Cinderace, F|
|poke|p2|Polteageist-Antique|
|poke|p2|Walking Wake|
|poke|p2|Zamazenta-*|
|poke|p2|Maushold-Four|
|poke|p2|Glimmora, M|
|teampreview
|inactive|Battle timer is ON: inactive players will automatically lose when time's up. (requested by prakshep)
|
|t:|1779823784
|teamsize|p1|6
|teamsize|p2|6
|start
|switch|p1a: Forgive|Salazzle, F|100/100
|switch|p2a: Cinderace|Cinderace, F, shiny|100/100
|turn|1
|
|t:|1779823789
|move|p2a: Cinderace|High Jump Kick|p1a: Forgive
|-start|p2a: Cinderace|typechange|Fighting|[from] ability: Libero
|-resisted|p1a: Forgive
|-damage|p1a: Forgive|52/100
|move|p1a: Forgive|Toxic|p2a: Cinderace
|-status|p2a: Cinderace|tox
|
|-heal|p1a: Forgive|58/100|[from] item: Leftovers
|-damage|p2a: Cinderace|95/100 tox|[from] psn
|upkeep
|turn|2
|
|t:|1779823795
|switch|p1a: Chesnaught|Chesnaught, F|100/100
|move|p2a: Cinderace|High Jump Kick|p1a: Chesnaught
|-damage|p1a: Chesnaught|65/100
|-damage|p2a: Cinderace|78/100 tox|[from] item: Rocky Helmet|[of] p1a: Chesnaught
|
|-damage|p2a: Cinderace|66/100 tox|[from] psn
|upkeep
|turn|3
|j| kanaete onegai
|
|t:|1779823801
|move|p1a: Chesnaught|Spiky Shield|p1a: Chesnaught
|-singleturn|p1a: Chesnaught|move: Protect
|move|p2a: Cinderace|High Jump Kick|p1a: Chesnaught
|-activate|p1a: Chesnaught|move: Protect
|-damage|p2a: Cinderace|54/100 tox|[from] Spiky Shield|[of] p1a: Chesnaught
|-damage|p2a: Cinderace|4/100 tox|[from] highjumpkick
|
|-damage|p2a: Cinderace|0 fnt|[from] psn
|faint|p2a: Cinderace
|upkeep
|
|t:|1779823814
|switch|p2a: Glimmora|Glimmora, M, shiny|100/100
|turn|4
|
|t:|1779823819
|move|p2a: Glimmora|Rock Polish|p2a: Glimmora
|-boost|p2a: Glimmora|spe|2
|move|p1a: Chesnaught|Leech Seed|p2a: Glimmora
|-start|p2a: Glimmora|move: Leech Seed
|
|-damage|p2a: Glimmora|88/100|[from] Leech Seed|[of] p1a: Chesnaught
|-heal|p1a: Chesnaught|75/100|[silent]
|upkeep
|turn|5
|
|t:|1779823827
|switch|p1a: Love has a name|Grimmsnarl, M|100/100
|move|p2a: Glimmora|Sludge Wave|p1a: Love has a name
|-supereffective|p1a: Love has a name
|-damage|p1a: Love has a name|4/100
|
|-damage|p2a: Glimmora|76/100|[from] Leech Seed|[of] p1a: Love has a name
|-heal|p1a: Love has a name|14/100|[silent]
|upkeep
|turn|6
|
|t:|1779823832
|-terastallize|p1a: Love has a name|Steel
|move|p1a: Love has a name|Trick|p2a: Glimmora
|-activate|p1a: Love has a name|move: Trick|[of] p2a: Glimmora
|-item|p2a: Glimmora|Choice Scarf|[from] move: Trick
|-item|p1a: Love has a name|Power Herb|[from] move: Trick
|move|p2a: Glimmora|Sludge Wave|p1a: Love has a name
|-immune|p1a: Love has a name
|
|-damage|p2a: Glimmora|63/100|[from] Leech Seed|[of] p1a: Love has a name
|-heal|p1a: Love has a name|24/100|[silent]
|upkeep
|turn|7
|
|t:|1779823844
|switch|p2a: Zamazenta|Zamazenta, shiny|100/100
|-ability|p2a: Zamazenta|Dauntless Shield|boost
|-boost|p2a: Zamazenta|def|1
|move|p1a: Love has a name|Parting Shot|p2a: Zamazenta
|-unboost|p2a: Zamazenta|atk|1
|-unboost|p2a: Zamazenta|spa|1
|
|t:|1779823853
|switch|p1a: Chesnaught|Chesnaught, F|75/100|[from] Parting Shot
|
|upkeep
|turn|8
|
|t:|1779823858
|switch|p2a: Glimmora|Glimmora, M, shiny|63/100
|move|p1a: Chesnaught|Leech Seed|p2a: Glimmora
|-start|p2a: Glimmora|move: Leech Seed
|
|-damage|p2a: Glimmora|51/100|[from] Leech Seed|[of] p1a: Chesnaught
|-heal|p1a: Chesnaught|85/100|[silent]
|upkeep
|turn|9
|
|t:|1779823867
|move|p1a: Chesnaught|Spiky Shield|p1a: Chesnaught
|-singleturn|p1a: Chesnaught|move: Protect
|move|p2a: Glimmora|Rock Polish|p2a: Glimmora
|-boost|p2a: Glimmora|spe|2
|
|-damage|p2a: Glimmora|39/100|[from] Leech Seed|[of] p1a: Chesnaught
|-heal|p1a: Chesnaught|95/100|[silent]
|upkeep
|turn|10
|l| kanaeteonegai
|
|t:|1779823881
|switch|p2a: Walking Wake|Walking Wake|100/100
|-enditem|p2a: Walking Wake|Booster Energy
|-activate|p2a: Walking Wake|ability: Protosynthesis|[fromitem]
|-start|p2a: Walking Wake|protosynthesisspa
|move|p1a: Chesnaught|Leech Seed|p2a: Walking Wake
|-start|p2a: Walking Wake|move: Leech Seed
|
|-damage|p2a: Walking Wake|88/100|[from] Leech Seed|[of] p1a: Chesnaught
|-heal|p1a: Chesnaught|100/100|[silent]
|upkeep
|turn|11
|
|t:|1779823890
|move|p1a: Chesnaught|Spiky Shield|p1a: Chesnaught
|-singleturn|p1a: Chesnaught|move: Protect
|move|p2a: Walking Wake|Hurricane|p1a: Chesnaught
|-activate|p1a: Chesnaught|move: Protect
|
|-damage|p2a: Walking Wake|76/100|[from] Leech Seed|[of] p1a: Chesnaught
|upkeep
|turn|12
|
|t:|1779823896
|switch|p1a: Sin poisons|Toxapex, M, shiny|100/100
|move|p2a: Walking Wake|Hurricane|p1a: Sin poisons|[miss]
|-miss|p2a: Walking Wake|p1a: Sin poisons
|
|-damage|p2a: Walking Wake|63/100|[from] Leech Seed|[of] p1a: Sin poisons
|upkeep
|turn|13
|
|t:|1779823901
|move|p2a: Walking Wake|Draco Meteor|p1a: Sin poisons
|-damage|p1a: Sin poisons|45/100
|-unboost|p2a: Walking Wake|spa|2
|move|p1a: Sin poisons|Toxic|p2a: Walking Wake
|-status|p2a: Walking Wake|tox
|
|-heal|p1a: Sin poisons|51/100|[from] item: Leftovers
|-damage|p2a: Walking Wake|51/100 tox|[from] Leech Seed|[of] p1a: Sin poisons
|-heal|p1a: Sin poisons|65/100|[silent]
|-damage|p2a: Walking Wake|45/100 tox|[from] psn
|upkeep
|turn|14
|
|t:|1779823907
|-end|p2a: Walking Wake|Protosynthesis|[silent]
|switch|p2a: Glimmora|Glimmora, M, shiny|39/100
|move|p1a: Sin poisons|Toxic|p2a: Glimmora
|-immune|p2a: Glimmora
|
|-heal|p1a: Sin poisons|72/100|[from] item: Leftovers
|upkeep
|turn|15
|
|t:|1779823917
|switch|p1a: Chesnaught|Chesnaught, F|100/100
|move|p2a: Glimmora|Earth Power|p1a: Chesnaught
|-resisted|p1a: Chesnaught
|-damage|p1a: Chesnaught|82/100
|
|upkeep
|turn|16
|
|t:|1779823925
|move|p2a: Glimmora|Earth Power|p1a: Chesnaught
|-resisted|p1a: Chesnaught
|-crit|p1a: Chesnaught
|-damage|p1a: Chesnaught|57/100
|move|p1a: Chesnaught|Leech Seed|p2a: Glimmora
|-start|p2a: Glimmora|move: Leech Seed
|
|-damage|p2a: Glimmora|26/100|[from] Leech Seed|[of] p1a: Chesnaught
|-heal|p1a: Chesnaught|67/100|[silent]
|upkeep
|turn|17
|
|t:|1779823930
|move|p2a: Glimmora|Earth Power|p1a: Chesnaught
|-resisted|p1a: Chesnaught
|-damage|p1a: Chesnaught|49/100
|move|p1a: Chesnaught|Leech Seed|p2a: Glimmora|[miss]
|-miss|p1a: Chesnaught|p2a: Glimmora
|
|-damage|p2a: Glimmora|14/100|[from] Leech Seed|[of] p1a: Chesnaught
|-heal|p1a: Chesnaught|59/100|[silent]
|upkeep
|turn|18
|
|t:|1779823934
|move|p1a: Chesnaught|Spiky Shield|p1a: Chesnaught
|-singleturn|p1a: Chesnaught|move: Protect
|move|p2a: Glimmora|Earth Power|p1a: Chesnaught
|-activate|p1a: Chesnaught|move: Protect
|
|-damage|p2a: Glimmora|2/100|[from] Leech Seed|[of] p1a: Chesnaught
|-heal|p1a: Chesnaught|69/100|[silent]
|upkeep
|turn|19
|
|t:|1779823947
|switch|p1a: Sin poisons|Toxapex, M, shiny|100/100
|move|p2a: Glimmora|Earth Power|p1a: Sin poisons
|-supereffective|p1a: Sin poisons
|-damage|p1a: Sin poisons|54/100
|
|-heal|p1a: Sin poisons|60/100|[from] item: Leftovers
|-damage|p2a: Glimmora|0 fnt|[from] Leech Seed|[of] p1a: Sin poisons
|-heal|p1a: Sin poisons|61/100|[silent]
|faint|p2a: Glimmora
|upkeep
|
|t:|1779823955
|switch|p2a: Walking Wake|Walking Wake|45/100 tox
|turn|20
|
|t:|1779823959
|switch|p1a: Love has a name|Grimmsnarl, M, tera:Steel|24/100
|move|p2a: Walking Wake|Draco Meteor|p1a: Love has a name
|-resisted|p1a: Love has a name
|-damage|p1a: Love has a name|0 fnt
|-unboost|p2a: Walking Wake|spa|2
|faint|p1a: Love has a name
|
|-damage|p2a: Walking Wake|39/100 tox|[from] psn
|upkeep
|
|t:|1779823964
|switch|p1a: I U-turn on U|Cinderace, F|100/100
|turn|21
|
|t:|1779823969
|move|p1a: I U-turn on U|U-turn|p2a: Walking Wake
|-start|p1a: I U-turn on U|typechange|Bug|[from] ability: Libero
|-damage|p2a: Walking Wake|1/100 tox
|
|t:|1779823973
|switch|p1a: Sin poisons|Toxapex, M, shiny|95/100|[from] U-turn
|move|p2a: Walking Wake|Hydro Steam|p1a: Sin poisons
|-resisted|p1a: Sin poisons
|-damage|p1a: Sin poisons|88/100
|
|-heal|p1a: Sin poisons|94/100|[from] item: Leftovers
|-damage|p2a: Walking Wake|0 fnt|[from] psn
|faint|p2a: Walking Wake
|-end|p2a: Walking Wake|Protosynthesis|[silent]
|upkeep
|
|t:|1779823977
|switch|p2a: Zamazenta|Zamazenta, shiny|100/100
|turn|22
|
|t:|1779823981
|-terastallize|p2a: Zamazenta|Steel
|move|p2a: Zamazenta|Iron Defense|p2a: Zamazenta
|-boost|p2a: Zamazenta|def|2
|move|p1a: Sin poisons|Toxic|p2a: Zamazenta
|-immune|p2a: Zamazenta
|
|-heal|p1a: Sin poisons|99/100|[from] item: Leftovers
|upkeep
|turn|23
|
|t:|1779823986
|switch|p1a: Forgive|Salazzle, F|100/100
|move|p2a: Zamazenta|Iron Defense|p2a: Zamazenta
|-boost|p2a: Zamazenta|def|2
|
|upkeep
|turn|24
|
|t:|1779823992
|move|p1a: Forgive|Trick|p2a: Zamazenta
|-activate|p1a: Forgive|move: Trick|[of] p2a: Zamazenta
|-item|p2a: Zamazenta|Choice Scarf|[from] move: Trick
|-item|p1a: Forgive|Leftovers|[from] move: Trick
|move|p2a: Zamazenta|Body Press|p1a: Forgive
|-immune|p1a: Forgive
|
|upkeep
|turn|25
|
|t:|1779823999
|switch|p2a: Maushold|Maushold-Four, shiny|100/100
|move|p1a: Forgive|Hex|p2a: Maushold
|-immune|p2a: Maushold
|
|upkeep
|turn|26
|inactive|prakshep has 120 seconds left.
|
|t:|1779824051
|switch|p1a: Chesnaught|Chesnaught, F|69/100
|move|p2a: Maushold|Population Bomb|p1a: Chesnaught
|-damage|p1a: Chesnaught|63/100
|-damage|p2a: Maushold|84/100|[from] item: Rocky Helmet|[of] p1a: Chesnaught
|-damage|p1a: Chesnaught|57/100
|-damage|p2a: Maushold|67/100|[from] item: Rocky Helmet|[of] p1a: Chesnaught
|-crit|p1a: Chesnaught
|-damage|p1a: Chesnaught|48/100
|-damage|p2a: Maushold|51/100|[from] item: Rocky Helmet|[of] p1a: Chesnaught
|-damage|p1a: Chesnaught|42/100
|-damage|p2a: Maushold|34/100|[from] item: Rocky Helmet|[of] p1a: Chesnaught
|-damage|p1a: Chesnaught|36/100
|-damage|p2a: Maushold|18/100|[from] item: Rocky Helmet|[of] p1a: Chesnaught
|-crit|p1a: Chesnaught
|-damage|p1a: Chesnaught|27/100
|-damage|p2a: Maushold|1/100|[from] item: Rocky Helmet|[of] p1a: Chesnaught
|-damage|p1a: Chesnaught|20/100
|-damage|p2a: Maushold|0 fnt|[from] item: Rocky Helmet|[of] p1a: Chesnaught
|faint|p2a: Maushold
|-hitcount|p1a: Chesnaught|7
|
|upkeep
|
|t:|1779824053
|switch|p2a: Zamazenta|Zamazenta, shiny, tera:Steel|100/100
|turn|27
|
|t:|1779824060
|move|p1a: Chesnaught|Spiky Shield|p1a: Chesnaught
|-singleturn|p1a: Chesnaught|move: Protect
|move|p2a: Zamazenta|Body Press|p1a: Chesnaught
|-activate|p1a: Chesnaught|move: Protect
|-damage|p2a: Zamazenta|88/100|[from] Spiky Shield|[of] p1a: Chesnaught
|
|upkeep
|turn|28
|inactive|prakshep has 120 seconds left.
|
|t:|1779824093
|move|p2a: Zamazenta|Body Press|p1a: Chesnaught
|-damage|p1a: Chesnaught|0 fnt
|-damage|p2a: Zamazenta|72/100|[from] item: Rocky Helmet|[of] p1a: Chesnaught
|faint|p1a: Chesnaught
|
|upkeep
|
|t:|1779824098
|switch|p1a: Forgive|Salazzle, F|100/100
|turn|29
|
|t:|1779824103
|move|p2a: Zamazenta|Body Press|p1a: Forgive
|-immune|p1a: Forgive
|move|p1a: Forgive|Hex|p2a: Zamazenta
|-damage|p2a: Zamazenta|42/100
|
|upkeep
|turn|30
|
|t:|1779824114
|move|p2a: Zamazenta|Body Press|p1a: Forgive
|-immune|p1a: Forgive
|move|p1a: Forgive|Hex|p2a: Zamazenta
|-damage|p2a: Zamazenta|12/100
|
|upkeep
|turn|31
|
|t:|1779824132
|move|p2a: Zamazenta|Body Press|p1a: Forgive
|-immune|p1a: Forgive
|move|p1a: Forgive|Trick|p2a: Zamazenta
|-activate|p1a: Forgive|move: Trick|[of] p2a: Zamazenta
|-item|p2a: Zamazenta|Leftovers|[from] move: Trick
|-item|p1a: Forgive|Choice Scarf|[from] move: Trick
|
|-heal|p2a: Zamazenta|19/100|[from] item: Leftovers
|upkeep
|turn|32
|
|t:|1779824146
|move|p1a: Forgive|Hex|p2a: Zamazenta
|-damage|p2a: Zamazenta|0 fnt
|faint|p2a: Zamazenta
|
|upkeep
|
|t:|1779824150
|switch|p2a: Polteageist|Polteageist-Antique|100/100
|turn|33
|
|t:|1779824153
|switch|p1a: Sin poisons|Toxapex, M, shiny|100/100
|move|p2a: Polteageist|Shell Smash|p2a: Polteageist
|-unboost|p2a: Polteageist|def|1
|-unboost|p2a: Polteageist|spd|1
|-boost|p2a: Polteageist|atk|2
|-boost|p2a: Polteageist|spa|2
|-boost|p2a: Polteageist|spe|2
|
|upkeep
|turn|34
|
|t:|1779824159
|move|p2a: Polteageist|Stored Power|p1a: Sin poisons
|-supereffective|p1a: Sin poisons
|-damage|p1a: Sin poisons|0 fnt
|faint|p1a: Sin poisons
|
|upkeep
|
|t:|1779824162
|switch|p1a: Forgive|Salazzle, F|100/100
|turn|35
|
|t:|1779824171
|move|p1a: Forgive|Trick|p2a: Polteageist
|-activate|p1a: Forgive|move: Trick|[of] p2a: Polteageist
|-item|p2a: Polteageist|Choice Scarf|[from] move: Trick
|-item|p1a: Forgive|Focus Sash|[from] move: Trick
|move|p2a: Polteageist|Stored Power|p1a: Forgive
|-enditem|p1a: Forgive|Focus Sash
|-damage|p1a: Forgive|1/100
|replace|p1a: The end is nigh|Zoroark-Hisui, F
|-end|p1a: The end is nigh|Illusion
|
|upkeep
|turn|36
|
|t:|1779824178
|move|p2a: Polteageist|Stored Power|p1a: The end is nigh
|-damage|p1a: The end is nigh|0 fnt
|faint|p1a: The end is nigh
|
|upkeep
|
|t:|1779824181
|switch|p1a: I U-turn on U|Cinderace, F|100/100
|turn|37
|
|t:|1779824184
|move|p1a: I U-turn on U|Sucker Punch|p2a: Polteageist
|-start|p1a: I U-turn on U|typechange|Dark|[from] ability: Libero
|-supereffective|p2a: Polteageist
|-damage|p2a: Polteageist|0 fnt
|faint|p2a: Polteageist
|
|win|pepinoloko
|raw|pepinoloko's rating: 1505 &rarr; <strong>1523</strong><br />(+18 for winning)
|raw|prakshep's rating: 1465 &rarr; <strong>1447</strong><br />(-18 for losing)
|l|☆prakshep
|player|p2|
|l|☆pepinoloko
|player|p1|
