|j|☆dinopro44
|j|‽Gwashin
|t:|1779878839
|gametype|singles
|player|p1|dinopro44|265|1081
|player|p2|Gwashin|266|1146
|gen|9
|tier|[Gen 9] OU
|rated|
|rule|HP Percentage Mod: HP is shown in percentages
|rule|Endless Battle Clause: Forcing endless battles is banned
|rule|Species Clause: Limit one of each Pokémon
|rule|OHKO Clause: OHKO moves are banned
|rule|Evasion Items Clause: Evasion items are banned
|rule|Evasion Moves Clause: Evasion moves are banned
|rule|Evasion Abilities Clause: Evasion abilities are banned
|rule|Sleep Moves Clause: Sleep-inducing moves are banned
|clearpoke
|poke|p1|Toxapex, M|
|poke|p1|Bounsweet, F|
|poke|p1|Tsareena, F|
|poke|p1|Crawdaunt, M|
|poke|p1|Pincurchin, M|
|poke|p1|Zweilous, F|
|poke|p2|Walking Wake|
|poke|p2|Skeledirge, F|
|poke|p2|Kingambit, F|
|poke|p2|Landorus-Therian, M|
|poke|p2|Zapdos|
|poke|p2|Hatterene, F|
|teampreview
|
|t:|1779878856
|teamsize|p1|6
|teamsize|p2|6
|start
|switch|p1a: Bounsweet|Bounsweet, F|100/100
|switch|p2a: Zapdos|Zapdos|100/100
|turn|1
|
|t:|1779878866
|move|p2a: Zapdos|Tailwind|p2a: Zapdos
|-sidestart|p2: Gwashin|move: Tailwind
|move|p1a: Bounsweet|Endeavor|p2a: Zapdos
|-damage|p2a: Zapdos|70/100
|
|upkeep
|turn|2
|
|t:|1779878876
|move|p2a: Zapdos|Brave Bird|p1a: Bounsweet
|-supereffective|p1a: Bounsweet
|-enditem|p1a: Bounsweet|Focus Sash
|-damage|p1a: Bounsweet|1/100
|-damage|p2a: Zapdos|47/100|[from] Recoil
|move|p1a: Bounsweet|Endeavor|p2a: Zapdos
|-damage|p2a: Zapdos|1/100
|-status|p1a: Bounsweet|par|[from] ability: Static|[of] p2a: Zapdos
|
|upkeep
|turn|3
|
|t:|1779878889
|move|p2a: Zapdos|Thunderbolt|p1a: Bounsweet
|-resisted|p1a: Bounsweet
|-damage|p1a: Bounsweet|0 fnt
|faint|p1a: Bounsweet
|
|upkeep
|
|t:|1779878894
|switch|p1a: Pincurchin|Pincurchin, M|100/100
|-fieldstart|move: Electric Terrain|[from] ability: Electric Surge|[of] p1a: Pincurchin
|turn|4
|
|t:|1779878901
|move|p1a: Pincurchin|Sucker Punch||[still]
|-fail|p1a: Pincurchin
|move|p2a: Zapdos|Tailwind||[still]
|-fail|p2a: Zapdos
|
|-sideend|p2: Gwashin|move: Tailwind
|upkeep
|turn|5
|
|t:|1779878908
|move|p1a: Pincurchin|Sucker Punch||[still]
|-fail|p1a: Pincurchin
|move|p2a: Zapdos|Tailwind|p2a: Zapdos
|-sidestart|p2: Gwashin|move: Tailwind
|
|upkeep
|turn|6
|
|t:|1779878927
|switch|p2a: Landorus|Landorus-Therian, M|100/100
|-ability|p2a: Landorus|Intimidate|boost
|-unboost|p1a: Pincurchin|atk|1
|move|p1a: Pincurchin|Zing Zap|p2a: Landorus
|-immune|p2a: Landorus
|
|upkeep
|turn|7
|
|t:|1779878946
|switch|p1a: Toxapex|Toxapex, M|100/100
|move|p2a: Landorus|Earthquake|p1a: Toxapex
|-supereffective|p1a: Toxapex
|-damage|p1a: Toxapex|1/100
|
|-heal|p1a: Toxapex|7/100|[from] item: Black Sludge
|upkeep
|turn|8
|
|t:|1779878962
|move|p1a: Toxapex|Baneful Bunker|p1a: Toxapex
|-singleturn|p1a: Toxapex|move: Protect
|move|p2a: Landorus|U-turn|p1a: Toxapex
|-activate|p1a: Toxapex|move: Protect
|-status|p2a: Landorus|psn
|
|-heal|p1a: Toxapex|13/100|[from] item: Black Sludge
|-damage|p2a: Landorus|88/100 psn|[from] psn
|-sideend|p2: Gwashin|move: Tailwind
|-fieldend|move: Electric Terrain
|upkeep
|turn|9
|
|t:|1779878986
|switch|p1a: Zweilous|Zweilous, F|100/100
|move|p2a: Landorus|Earthquake|p1a: Zweilous
|-damage|p1a: Zweilous|54/100
|
|-damage|p2a: Landorus|76/100 psn|[from] psn
|upkeep
|turn|10
|inactive|Battle timer is ON: inactive players will automatically lose when time's up. (requested by Gwashin)
|
|t:|1779879040
|move|p2a: Landorus|U-turn|p1a: Zweilous
|-supereffective|p1a: Zweilous
|-damage|p1a: Zweilous|14/100
|
|t:|1779879045
|switch|p2a: Hatterene|Hatterene, F|100/100|[from] U-turn
|move|p1a: Zweilous|Lash Out|p2a: Hatterene
|-damage|p2a: Hatterene|64/100
|
|-heal|p2a: Hatterene|70/100|[from] item: Leftovers
|upkeep
|turn|11
|
|t:|1779879068
|move|p1a: Zweilous|Lash Out|p2a: Hatterene
|-damage|p2a: Hatterene|27/100
|move|p2a: Hatterene|Dazzling Gleam|p1a: Zweilous
|-supereffective|p1a: Zweilous
|-damage|p1a: Zweilous|0 fnt
|faint|p1a: Zweilous
|
|-heal|p2a: Hatterene|33/100|[from] item: Leftovers
|upkeep
|
|t:|1779879076
|switch|p1a: Toxapex|Toxapex, M|13/100
|turn|12
|
|t:|1779879080
|move|p1a: Toxapex|Recover|p1a: Toxapex
|-heal|p1a: Toxapex|64/100
|move|p2a: Hatterene|Psychic|p1a: Toxapex
|-supereffective|p1a: Toxapex
|-damage|p1a: Toxapex|0 fnt
|faint|p1a: Toxapex
|
|-heal|p2a: Hatterene|39/100|[from] item: Leftovers
|upkeep
|
|t:|1779879092
|switch|p1a: Pincurchin|Pincurchin, M|100/100
|-fieldstart|move: Electric Terrain|[from] ability: Electric Surge|[of] p1a: Pincurchin
|turn|13
|
|t:|1779879101
|switch|p2a: Landorus|Landorus-Therian, M|76/100 psn
|-ability|p2a: Landorus|Intimidate|boost
|-unboost|p1a: Pincurchin|atk|1
|move|p1a: Pincurchin|Zing Zap|p2a: Landorus
|-immune|p2a: Landorus
|
|-damage|p2a: Landorus|64/100 psn|[from] psn
|upkeep
|turn|14
|
|t:|1779879111
|move|p1a: Pincurchin|Sucker Punch|p2a: Landorus
|-damage|p2a: Landorus|52/100 psn
|move|p2a: Landorus|Earthquake|p1a: Pincurchin
|-supereffective|p1a: Pincurchin
|-damage|p1a: Pincurchin|0 fnt
|faint|p1a: Pincurchin
|
|-damage|p2a: Landorus|40/100 psn|[from] psn
|upkeep
|
|t:|1779879120
|switch|p1a: Crawdaunt|Crawdaunt, M|100/100
|turn|15
|
|t:|1779879123
|move|p1a: Crawdaunt|Aqua Jet|p2a: Landorus
|-supereffective|p2a: Landorus
|-damage|p2a: Landorus|0 fnt
|faint|p2a: Landorus
|
|upkeep
|
|t:|1779879145
|switch|p2a: Kingambit|Kingambit, F|100/100
|-activate|p2a: Kingambit|ability: Supreme Overlord
|-start|p2a: Kingambit|fallen1|[silent]
|turn|16
|
|t:|1779879155
|switch|p1a: Tsareena|Tsareena, F|100/100
|-end|p2a: Kingambit|fallen1|[silent]
|switch|p2a: Walking Wake|Walking Wake|100/100
|-enditem|p2a: Walking Wake|Booster Energy
|-activate|p2a: Walking Wake|ability: Protosynthesis|[fromitem]
|-start|p2a: Walking Wake|protosynthesisspa
|
|upkeep
|turn|17
|
|t:|1779879171
|-end|p2a: Walking Wake|Protosynthesis|[silent]
|switch|p2a: Skeledirge|Skeledirge, F|100/100
|move|p1a: Tsareena|Knock Off|p2a: Skeledirge
|-supereffective|p2a: Skeledirge
|-damage|p2a: Skeledirge|51/100
|-enditem|p2a: Skeledirge|Heavy-Duty Boots|[from] move: Knock Off|[of] p1a: Tsareena
|
|-fieldend|move: Electric Terrain
|upkeep
|turn|18
|
|t:|1779879183
|switch|p1a: Crawdaunt|Crawdaunt, M|100/100
|move|p2a: Skeledirge|Torch Song|p1a: Crawdaunt
|-resisted|p1a: Crawdaunt
|-damage|p1a: Crawdaunt|62/100
|-boost|p2a: Skeledirge|spa|1
|
|upkeep
|turn|19
|
|t:|1779879191
|move|p2a: Skeledirge|Substitute|p2a: Skeledirge
|-start|p2a: Skeledirge|Substitute
|-damage|p2a: Skeledirge|26/100
|move|p1a: Crawdaunt|Crabhammer|p2a: Skeledirge
|-supereffective|p2a: Skeledirge
|-end|p2a: Skeledirge|Substitute
|
|upkeep
|turn|20
|
|t:|1779879214
|move|p1a: Crawdaunt|Aqua Jet|p2a: Skeledirge
|-supereffective|p2a: Skeledirge
|-damage|p2a: Skeledirge|0 fnt
|faint|p2a: Skeledirge
|
|upkeep
|
|t:|1779879220
|switch|p2a: Zapdos|Zapdos|1/100
|turn|21
|
|t:|1779879237
|move|p1a: Crawdaunt|Aqua Jet|p2a: Zapdos
|-damage|p2a: Zapdos|0 fnt
|faint|p2a: Zapdos
|
|upkeep
|
|t:|1779879242
|switch|p2a: Walking Wake|Walking Wake|100/100
|turn|22
|
|t:|1779879248
|move|p2a: Walking Wake|Dragon Pulse|p1a: Crawdaunt
|-damage|p1a: Crawdaunt|0 fnt
|faint|p1a: Crawdaunt
|
|upkeep
|
|t:|1779879252
|switch|p1a: Tsareena|Tsareena, F|100/100
|turn|23
|
|t:|1779879263
|move|p2a: Walking Wake|Dragon Pulse|p1a: Tsareena
|-damage|p1a: Tsareena|72/100
|move|p1a: Tsareena|Trop Kick|p2a: Walking Wake
|-damage|p2a: Walking Wake|70/100
|-unboost|p2a: Walking Wake|atk|1
|
|upkeep
|turn|24
|
|t:|1779879280
|move|p2a: Walking Wake|Knock Off|p1a: Tsareena
|-damage|p1a: Tsareena|59/100
|-enditem|p1a: Tsareena|Assault Vest|[from] move: Knock Off|[of] p2a: Walking Wake
|move|p1a: Tsareena|High Jump Kick|p2a: Walking Wake
|-damage|p2a: Walking Wake|31/100
|
|upkeep
|turn|25
|
|t:|1779879293
|move|p2a: Walking Wake|Dragon Pulse|p1a: Tsareena
|-damage|p1a: Tsareena|19/100
|move|p1a: Tsareena|High Jump Kick|p2a: Walking Wake
|-damage|p2a: Walking Wake|0 fnt
|faint|p2a: Walking Wake
|-end|p2a: Walking Wake|Protosynthesis|[silent]
|
|upkeep
|
|t:|1779879308
|switch|p2a: Kingambit|Kingambit, F|100/100
|-activate|p2a: Kingambit|ability: Supreme Overlord
|-start|p2a: Kingambit|fallen4|[silent]
|turn|26
|
|t:|1779879313
|move|p2a: Kingambit|Sucker Punch||[still]
|cant|p1a: Tsareena|ability: Queenly Majesty|Sucker Punch|[of] p2a: Kingambit
|move|p1a: Tsareena|High Jump Kick|p2a: Kingambit
|-supereffective|p2a: Kingambit
|-damage|p2a: Kingambit|4/100
|-enditem|p2a: Kingambit|Salac Berry|[eat]
|-boost|p2a: Kingambit|spe|1|[from] item: Salac Berry
|
|upkeep
|turn|27
|
|t:|1779879326
|move|p2a: Kingambit|Kowtow Cleave|p1a: Tsareena
|-damage|p1a: Tsareena|0 fnt
|faint|p1a: Tsareena
|
|win|Gwashin
|raw|dinopro44's rating: 1081 &rarr; <strong>1063</strong><br />(-18 for losing)
|raw|Gwashin's rating: 1146 &rarr; <strong>1166</strong><br />(+20 for winning)
|l|☆dinopro44
|player|p1|
|l|‽Gwashin
|player|p2|
