|j|☆Kristian697
|j|☆Barboteu85
|t:|1779844459
|gametype|singles
|player|p1|Kristian697|101|1118
|player|p2|Barboteu85|pryce|1128
|gen|9
|tier|[Gen 9] OU
|rated|
|rule|HP Percentage Mod: HP is shown in percentages
|rule|Endless Battle Clause: Forcing endless battles is banned
|rule|Species Clause: Limit one of each Pokémon
|rule|OHKO Clause: OHKO moves are banned
|rule|Evasion Items Clause: Evasion items are banned
|rule|Evasion Moves Clause: Evasion moves are banned
|rule|Evasion Abilities Clause: Evasion abilities are banned
|rule|Sleep Moves Clause: Sleep-inducing moves are banned
|clearpoke
|poke|p1|Florges-Orange, F|
|poke|p1|Walking Wake|
|poke|p1|Scizor, F|
|poke|p1|Ceruledge, F|
|poke|p1|Cresselia, F|
|poke|p1|Zarude|
|poke|p2|Ogerpon-Wellspring, F|
|poke|p2|Tinkaton, F|
|poke|p2|Landorus-Therian, M|
|poke|p2|Weezing-Galar, M|
|poke|p2|Gengar, M|
|poke|p2|Blaziken, M|
|teampreview
|inactive|Battle timer is ON: inactive players will automatically lose when time's up. (requested by Barboteu85)
|
|t:|1779844484
|teamsize|p1|6
|teamsize|p2|6
|start
|switch|p1a: Ceruledge|Ceruledge, F|100/100
|switch|p2a: Ogerpon|Ogerpon-Wellspring, F|100/100
|turn|1
|inactive|Barboteu85 has 120 seconds left.
|
|t:|1779844516
|switch|p1a: Walking Wake|Walking Wake|100/100
|-enditem|p1a: Walking Wake|Booster Energy
|-activate|p1a: Walking Wake|ability: Protosynthesis|[fromitem]
|-start|p1a: Walking Wake|protosynthesisspa
|move|p2a: Ogerpon|Ivy Cudgel|p1a: Walking Wake|[anim] Ivy Cudgel Water
|-resisted|p1a: Walking Wake
|-damage|p1a: Walking Wake|85/100
|
|upkeep
|turn|2
|inactive|Barboteu85 has 120 seconds left.
|
|t:|1779844533
|switch|p2a: Tinkaton|Tinkaton, F|100/100
|move|p1a: Walking Wake|Knock Off|p2a: Tinkaton
|-resisted|p2a: Tinkaton
|-damage|p2a: Tinkaton|90/100
|-enditem|p2a: Tinkaton|Assault Vest|[from] move: Knock Off|[of] p1a: Walking Wake
|
|upkeep
|turn|3
|
|t:|1779844546
|move|p1a: Walking Wake|Flamethrower|p2a: Tinkaton
|-supereffective|p2a: Tinkaton
|-damage|p2a: Tinkaton|43/100
|move|p2a: Tinkaton|Play Rough|p1a: Walking Wake
|-supereffective|p1a: Walking Wake
|-damage|p1a: Walking Wake|33/100
|
|upkeep
|turn|4
|inactive|Barboteu85 has 120 seconds left.
|
|t:|1779844567
|move|p1a: Walking Wake|Flamethrower|p2a: Tinkaton
|-supereffective|p2a: Tinkaton
|-damage|p2a: Tinkaton|0 fnt
|faint|p2a: Tinkaton
|
|upkeep
|inactive|Barboteu85 has 120 seconds left.
|
|t:|1779844575
|switch|p2a: Landorus|Landorus-Therian, M|100/100
|-ability|p2a: Landorus|Intimidate|boost
|-unboost|p1a: Walking Wake|atk|1
|turn|5
|
|t:|1779844585
|move|p2a: Landorus|U-turn|p1a: Walking Wake
|-damage|p1a: Walking Wake|3/100
|inactive|Barboteu85 has 120 seconds left.
|
|t:|1779844597
|switch|p2a: Ogerpon|Ogerpon-Wellspring, F|100/100|[from] U-turn
|move|p1a: Walking Wake|Hydro Pump|p2a: Ogerpon
|-immune|p2a: Ogerpon|[from] ability: Water Absorb
|
|upkeep
|turn|6
|
|t:|1779844614
|move|p2a: Ogerpon|U-turn|p1a: Walking Wake
|-damage|p1a: Walking Wake|0 fnt
|faint|p1a: Walking Wake
|-end|p1a: Walking Wake|Protosynthesis|[silent]
|inactive|Barboteu85 has 120 seconds left.
|
|t:|1779844625
|switch|p2a: Landorus|Landorus-Therian, M|100/100|[from] U-turn
|
|upkeep
|
|t:|1779844640
|switch|p1a: Scizor|Scizor, F|100/100
|turn|7
|inactive|Kristian697 has 120 seconds left.
|
|t:|1779844666
|switch|p1a: Cresselia|Cresselia, F|100/100
|move|p2a: Landorus|Stealth Rock|p1a: Cresselia
|-sidestart|p1: Kristian697|move: Stealth Rock
|
|upkeep
|turn|8
|inactive|Kristian697 has 120 seconds left.
|inactive|Barboteu85 has 120 seconds left.
|
|t:|1779844687
|switch|p2a: Ogerpon|Ogerpon-Wellspring, F|100/100
|move|p1a: Cresselia|Psychic|p2a: Ogerpon
|-damage|p2a: Ogerpon|70/100
|
|upkeep
|turn|9
|
|t:|1779844696
|move|p2a: Ogerpon|U-turn|p1a: Cresselia
|-supereffective|p1a: Cresselia
|-damage|p1a: Cresselia|64/100
|-enditem|p1a: Cresselia|Eject Button
|
|t:|1779844709
|switch|p1a: Zarude|Zarude|100/100
|-damage|p1a: Zarude|88/100|[from] Stealth Rock
|
|upkeep
|turn|10
|
|t:|1779844725
|switch|p2a: Weezing|Weezing-Galar, M|100/100
|move|p1a: Zarude|Knock Off|p2a: Weezing
|-resisted|p2a: Weezing
|-damage|p2a: Weezing|86/100
|-enditem|p2a: Weezing|Black Sludge|[from] move: Knock Off|[of] p1a: Zarude
|
|upkeep
|turn|11
|
|t:|1779844742
|switch|p1a: Scizor|Scizor, F|100/100
|-damage|p1a: Scizor|88/100|[from] Stealth Rock
|move|p2a: Weezing|Toxic Spikes|p1a: Scizor
|-sidestart|p1: Kristian697|move: Toxic Spikes
|
|upkeep
|turn|12
|
|t:|1779844751
|move|p1a: Scizor|Swords Dance|p1a: Scizor
|-boost|p1a: Scizor|atk|2
|move|p2a: Weezing|Will-O-Wisp|p1a: Scizor
|-status|p1a: Scizor|brn
|
|-damage|p1a: Scizor|82/100 brn|[from] brn
|upkeep
|turn|13
|
|t:|1779844762
|switch|p2a: Landorus|Landorus-Therian, M|100/100
|-ability|p2a: Landorus|Intimidate|boost
|-unboost|p1a: Scizor|atk|1
|move|p1a: Scizor|Bullet Punch|p2a: Landorus
|-damage|p2a: Landorus|58/100
|-damage|p1a: Scizor|72/100 brn|[from] item: Life Orb
|
|-damage|p1a: Scizor|66/100 brn|[from] brn
|upkeep
|turn|14
|inactive|Kristian697 has 120 seconds left.
|
|t:|1779844774
|move|p1a: Scizor|Bullet Punch|p2a: Landorus
|-damage|p2a: Landorus|16/100
|-damage|p1a: Scizor|57/100 brn|[from] item: Life Orb
|move|p2a: Landorus|Earthquake|p1a: Scizor
|-damage|p1a: Scizor|1/100 brn
|
|-damage|p1a: Scizor|0 fnt|[from] brn
|faint|p1a: Scizor
|upkeep
|inactive|Kristian697 has 120 seconds left.
|
|t:|1779844786
|switch|p1a: Florges|Florges-Orange, F|100/100
|-damage|p1a: Florges|88/100|[from] Stealth Rock
|-status|p1a: Florges|psn
|turn|15
|inactive|Barboteu85 has 120 seconds left.
|
|t:|1779844817
|move|p2a: Landorus|Earthquake|p1a: Florges
|-damage|p1a: Florges|38/100 psn
|move|p1a: Florges|Moonblast|p2a: Landorus
|-damage|p2a: Landorus|0 fnt
|faint|p2a: Landorus
|
|-heal|p1a: Florges|44/100 psn|[from] item: Leftovers
|-damage|p1a: Florges|31/100 psn|[from] psn
|upkeep
|inactive|Barboteu85 has 120 seconds left.
|
|t:|1779844828
|switch|p2a: Gengar|Gengar, M|100/100
|turn|16
|inactive|Barboteu85 has 120 seconds left.
|
|t:|1779844836
|move|p2a: Gengar|Hex|p1a: Florges
|-damage|p1a: Florges|0 fnt
|faint|p1a: Florges
|
|upkeep
|
|t:|1779844854
|switch|p1a: Zarude|Zarude|88/100
|-damage|p1a: Zarude|76/100|[from] Stealth Rock
|-status|p1a: Zarude|psn
|turn|17
|inactive|Kristian697 has 120 seconds left.
|
|t:|1779844879
|move|p1a: Zarude|Swords Dance|p1a: Zarude
|-boost|p1a: Zarude|atk|2
|move|p2a: Gengar|Hex|p1a: Zarude
|-resisted|p1a: Zarude
|-damage|p1a: Zarude|26/100 psn
|
|-damage|p1a: Zarude|13/100 psn|[from] psn
|upkeep
|turn|18
|inactive|Kristian697 has 120 seconds left.
|
|t:|1779844889
|switch|p2a: Weezing|Weezing-Galar, M|86/100
|move|p1a: Zarude|Synthesis|p1a: Zarude
|-heal|p1a: Zarude|63/100 psn
|
|-damage|p1a: Zarude|51/100 psn|[from] psn
|upkeep
|turn|19
|
|t:|1779844897
|move|p1a: Zarude|Synthesis|p1a: Zarude
|-heal|p1a: Zarude|100/100 psn
|move|p2a: Weezing|Strange Steam|p1a: Zarude
|-supereffective|p1a: Zarude
|-crit|p1a: Zarude
|-damage|p1a: Zarude|15/100 psn
|
|-damage|p1a: Zarude|3/100 psn|[from] psn
|upkeep
|turn|20
|
|t:|1779844905
|switch|p1a: Ceruledge|Ceruledge, F|100/100
|-damage|p1a: Ceruledge|76/100|[from] Stealth Rock
|-status|p1a: Ceruledge|psn
|move|p2a: Weezing|Strange Steam|p1a: Ceruledge
|-resisted|p1a: Ceruledge
|-damage|p1a: Ceruledge|59/100 psn
|
|-damage|p1a: Ceruledge|47/100 psn|[from] psn
|upkeep
|turn|21
|
|t:|1779844916
|move|p1a: Ceruledge|Poltergeist||[still]
|-fail|p1a: Ceruledge
|move|p2a: Weezing|Strange Steam|p1a: Ceruledge
|-resisted|p1a: Ceruledge
|-damage|p1a: Ceruledge|30/100 psn
|
|-damage|p1a: Ceruledge|17/100 psn|[from] psn
|upkeep
|turn|22
|
|t:|1779844923
|move|p1a: Ceruledge|Bitter Blade|p2a: Weezing
|-damage|p2a: Weezing|56/100
|-heal|p1a: Ceruledge|35/100 psn|[from] drain|[of] p2a: Weezing
|move|p2a: Weezing|Strange Steam|p1a: Ceruledge|[miss]
|-miss|p2a: Weezing|p1a: Ceruledge
|
|-damage|p1a: Ceruledge|22/100 psn|[from] psn
|upkeep
|turn|23
|
|t:|1779844932
|move|p1a: Ceruledge|Bitter Blade|p2a: Weezing
|-damage|p2a: Weezing|26/100
|-heal|p1a: Ceruledge|39/100 psn|[from] drain|[of] p2a: Weezing
|move|p2a: Weezing|Strange Steam|p1a: Ceruledge
|-resisted|p1a: Ceruledge
|-damage|p1a: Ceruledge|24/100 psn
|
|-damage|p1a: Ceruledge|11/100 psn|[from] psn
|upkeep
|turn|24
|
|t:|1779844941
|move|p1a: Ceruledge|Bitter Blade|p2a: Weezing
|-damage|p2a: Weezing|0 fnt
|-heal|p1a: Ceruledge|26/100 psn|[from] drain|[of] p2a: Weezing
|faint|p2a: Weezing
|
|-damage|p1a: Ceruledge|14/100 psn|[from] psn
|upkeep
|
|t:|1779844964
|switch|p2a: Ogerpon|Ogerpon-Wellspring, F|70/100
|turn|25
|
|t:|1779844972
|move|p2a: Ogerpon|Ivy Cudgel|p1a: Ceruledge|[anim] Ivy Cudgel Water
|-supereffective|p1a: Ceruledge
|-damage|p1a: Ceruledge|0 fnt
|faint|p1a: Ceruledge
|
|upkeep
|
|t:|1779844983
|switch|p1a: Zarude|Zarude|3/100 psn
|-damage|p1a: Zarude|0 fnt|[from] Stealth Rock
|faint|p1a: Zarude
|
|t:|1779844985
|switch|p1a: Cresselia|Cresselia, F|64/100
|-damage|p1a: Cresselia|52/100|[from] Stealth Rock
|turn|26
|
|t:|1779844991
|move|p2a: Ogerpon|Ivy Cudgel|p1a: Cresselia|[anim] Ivy Cudgel Water
|-damage|p1a: Cresselia|14/100
|move|p1a: Cresselia|Moonlight|p1a: Cresselia
|-heal|p1a: Cresselia|64/100
|
|upkeep
|turn|27
|
|t:|1779845004
|move|p2a: Ogerpon|U-turn|p1a: Cresselia
|-supereffective|p1a: Cresselia
|-damage|p1a: Cresselia|32/100
|
|t:|1779845010
|switch|p2a: Blaziken|Blaziken, M|100/100|[from] U-turn
|move|p1a: Cresselia|Thunder Wave|p2a: Blaziken
|-status|p2a: Blaziken|par
|
|upkeep
|turn|28
|
|t:|1779845019
|move|p1a: Cresselia|Psychic|p2a: Blaziken
|-supereffective|p2a: Blaziken
|-damage|p2a: Blaziken|29/100 par
|cant|p2a: Blaziken|par
|
|-ability|p2a: Blaziken|Speed Boost|boost
|-boost|p2a: Blaziken|spe|1
|upkeep
|turn|29
|
|t:|1779845027
|move|p1a: Cresselia|Moonlight|p1a: Cresselia
|-heal|p1a: Cresselia|82/100
|cant|p2a: Blaziken|par
|
|-ability|p2a: Blaziken|Speed Boost|boost
|-boost|p2a: Blaziken|spe|1
|upkeep
|turn|30
|
|t:|1779845034
|cant|p2a: Blaziken|par
|move|p1a: Cresselia|Psychic|p2a: Blaziken
|-supereffective|p2a: Blaziken
|-damage|p2a: Blaziken|0 fnt
|faint|p2a: Blaziken
|
|upkeep
|
|t:|1779845041
|switch|p2a: Gengar|Gengar, M|100/100
|turn|31
|
|t:|1779845046
|move|p2a: Gengar|Shadow Ball|p1a: Cresselia
|-supereffective|p1a: Cresselia
|-damage|p1a: Cresselia|5/100
|-unboost|p1a: Cresselia|spd|1
|move|p1a: Cresselia|Psychic|p2a: Gengar
|-supereffective|p2a: Gengar
|-damage|p2a: Gengar|20/100
|
|upkeep
|turn|32
|
|t:|1779845054
|move|p2a: Gengar|Shadow Ball|p1a: Cresselia
|-supereffective|p1a: Cresselia
|-damage|p1a: Cresselia|0 fnt
|faint|p1a: Cresselia
|
|win|Barboteu85
|raw|Kristian697's rating: 1118 &rarr; <strong>1094</strong><br />(-24 for losing)
|raw|Barboteu85's rating: 1128 &rarr; <strong>1152</strong><br />(+24 for winning)
|l|☆Kristian697
|player|p1|
