|j|☆nose jeje salu2
|j|☆prova77
|t:|1779880769
|gametype|singles
|player|p1|nose jeje salu2|clair|1325
|player|p2|prova77|swimmerf-gen4dp|1365
|gen|9
|tier|[Gen 9] OU
|rated|
|rule|HP Percentage Mod: HP is shown in percentages
|rule|Endless Battle Clause: Forcing endless battles is banned
|rule|Species Clause: Limit one of each Pokémon
|rule|OHKO Clause: OHKO moves are banned
|rule|Evasion Items Clause: Evasion items are banned
|rule|Evasion Moves Clause: Evasion moves are banned
|rule|Evasion Abilities Clause: Evasion abilities are banned
|rule|Sleep Moves Clause: Sleep-inducing moves are banned
|clearpoke
|poke|p1|Scizor, F|
|poke|p1|Raging Bolt|
|poke|p1|Iron Moth|
|poke|p1|Ting-Lu|
|poke|p1|Meowscarada, F|
|poke|p1|Fezandipiti, M|
|poke|p2|Pelipper, M|
|poke|p2|Hatterene, F|
|poke|p2|Toxicroak, F|
|poke|p2|Barraskewda, M|
|poke|p2|Zapdos|
|poke|p2|Iron Treads|
|teampreview
|inactive|Battle timer is ON: inactive players will automatically lose when time's up. (requested by prova77)
|
|t:|1779880780
|teamsize|p1|6
|teamsize|p2|6
|start
|switch|p1a: Meowscarada|Meowscarada, F, shiny|100/100
|switch|p2a: Pelipper|Pelipper, M|100/100
|-weather|RainDance|[from] ability: Drizzle|[of] p2a: Pelipper
|turn|1
|
|t:|1779880787
|move|p1a: Meowscarada|U-turn|p2a: Pelipper
|-start|p1a: Meowscarada|typechange|Bug|[from] ability: Protean
|-resisted|p2a: Pelipper
|-damage|p2a: Pelipper|83/100
|
|t:|1779880794
|switch|p1a: Raging Bolt|Raging Bolt|100/100|[from] U-turn
|move|p2a: Pelipper|U-turn|p1a: Raging Bolt
|-damage|p1a: Raging Bolt|95/100
|
|t:|1779880799
|switch|p2a: Iron Treads|Iron Treads|100/100|[from] U-turn
|
|-weather|RainDance|[upkeep]
|-heal|p1a: Raging Bolt|100/100|[from] item: Leftovers
|upkeep
|turn|2
|
|t:|1779880807
|-end|p1a: Raging Bolt|Protosynthesis|[silent]
|switch|p1a: Ting-Lu|Ting-Lu|100/100
|-ability|p1a: Ting-Lu|Vessel of Ruin
|move|p2a: Iron Treads|Stealth Rock|p1a: Ting-Lu
|-sidestart|p1: nose jeje salu2|move: Stealth Rock
|
|-weather|RainDance|[upkeep]
|upkeep
|turn|3
|
|t:|1779880815
|-end|p2a: Iron Treads|Quark Drive|[silent]
|switch|p2a: Hatterene|Hatterene, F|100/100
|move|p1a: Ting-Lu|Ruination|p2a: Hatterene
|-damage|p2a: Hatterene|50/100
|-enditem|p2a: Hatterene|Eject Button
|
|t:|1779880819
|switch|p2a: Barraskewda|Barraskewda, M|100/100
|
|-weather|RainDance|[upkeep]
|upkeep
|turn|4
|
|t:|1779880830
|switch|p1a: Raging Bolt|Raging Bolt|100/100
|-damage|p1a: Raging Bolt|88/100|[from] Stealth Rock
|-terastallize|p2a: Barraskewda|Water
|move|p2a: Barraskewda|Liquidation|p1a: Raging Bolt
|-resisted|p1a: Raging Bolt
|-damage|p1a: Raging Bolt|32/100
|-unboost|p1a: Raging Bolt|def|1
|
|-weather|RainDance|[upkeep]
|-heal|p1a: Raging Bolt|38/100|[from] item: Leftovers
|upkeep
|turn|5
|
|t:|1779880841
|switch|p2a: Iron Treads|Iron Treads|100/100
|move|p1a: Raging Bolt|Dragon Pulse|p2a: Iron Treads
|-resisted|p2a: Iron Treads
|-damage|p2a: Iron Treads|80/100
|
|-weather|RainDance|[upkeep]
|-heal|p2a: Iron Treads|86/100|[from] item: Leftovers
|-heal|p1a: Raging Bolt|44/100|[from] item: Leftovers
|upkeep
|turn|6
|
|t:|1779880849
|-end|p1a: Raging Bolt|Protosynthesis|[silent]
|switch|p1a: Ting-Lu|Ting-Lu|100/100
|-damage|p1a: Ting-Lu|94/100|[from] Stealth Rock
|-ability|p1a: Ting-Lu|Vessel of Ruin
|move|p2a: Iron Treads|Ice Spinner|p1a: Ting-Lu
|-supereffective|p1a: Ting-Lu
|-damage|p1a: Ting-Lu|76/100
|
|-weather|RainDance|[upkeep]
|-heal|p2a: Iron Treads|92/100|[from] item: Leftovers
|-heal|p1a: Ting-Lu|82/100|[from] item: Leftovers
|upkeep
|turn|7
|
|t:|1779880860
|-end|p2a: Iron Treads|Quark Drive|[silent]
|switch|p2a: Hatterene|Hatterene, F|50/100
|move|p1a: Ting-Lu|Ruination|p2a: Hatterene
|-damage|p2a: Hatterene|26/100
|
|-weather|RainDance|[upkeep]
|-heal|p1a: Ting-Lu|88/100|[from] item: Leftovers
|upkeep
|turn|8
|
|t:|1779880867
|switch|p1a: Scizor|Scizor, F, shiny|100/100
|move|p2a: Hatterene|Draining Kiss|p1a: Scizor
|-resisted|p1a: Scizor
|-damage|p1a: Scizor|82/100
|-heal|p2a: Hatterene|41/100|[from] drain|[of] p1a: Scizor
|
|-weather|none
|upkeep
|turn|9
|
|t:|1779880875
|switch|p2a: Pelipper|Pelipper, M|83/100
|-weather|RainDance|[from] ability: Drizzle|[of] p2a: Pelipper
|move|p1a: Scizor|Defog|p2a: Pelipper
|-unboost|p2a: Pelipper|evasion|1
|-sideend|p1: nose jeje salu2|Stealth Rock|[from] move: Defog|[of] p1a: Scizor
|
|-weather|RainDance|[upkeep]
|upkeep
|turn|10
|
|t:|1779880886
|switch|p1a: Raging Bolt|Raging Bolt|44/100
|move|p2a: Pelipper|U-turn|p1a: Raging Bolt
|-damage|p1a: Raging Bolt|38/100
|
|t:|1779880890
|switch|p2a: Iron Treads|Iron Treads|92/100|[from] U-turn
|
|-weather|RainDance|[upkeep]
|-heal|p2a: Iron Treads|99/100|[from] item: Leftovers
|-heal|p1a: Raging Bolt|44/100|[from] item: Leftovers
|upkeep
|turn|11
|
|t:|1779880901
|-end|p2a: Iron Treads|Quark Drive|[silent]
|switch|p2a: Zapdos|Zapdos|100/100
|-end|p1a: Raging Bolt|Protosynthesis|[silent]
|switch|p1a: Ting-Lu|Ting-Lu|88/100
|-ability|p1a: Ting-Lu|Vessel of Ruin
|
|-weather|RainDance|[upkeep]
|-heal|p1a: Ting-Lu|95/100|[from] item: Leftovers
|upkeep
|turn|12
|
|t:|1779880909
|move|p2a: Zapdos|Weather Ball|p1a: Ting-Lu
|-supereffective|p1a: Ting-Lu
|-damage|p1a: Ting-Lu|5/100
|move|p1a: Ting-Lu|Ruination|p2a: Zapdos
|-damage|p2a: Zapdos|50/100
|
|-weather|RainDance|[upkeep]
|-heal|p1a: Ting-Lu|11/100|[from] item: Leftovers
|upkeep
|turn|13
|
|t:|1779880925
|switch|p1a: Raging Bolt|Raging Bolt|44/100
|move|p2a: Zapdos|Weather Ball|p1a: Raging Bolt
|-resisted|p1a: Raging Bolt
|-damage|p1a: Raging Bolt|12/100
|
|-weather|RainDance|[upkeep]
|-heal|p1a: Raging Bolt|18/100|[from] item: Leftovers
|upkeep
|turn|14
|
|t:|1779880943
|switch|p2a: Iron Treads|Iron Treads|99/100
|move|p1a: Raging Bolt|Thunderclap||[still]
|-fail|p1a: Raging Bolt
|
|-weather|RainDance|[upkeep]
|-heal|p2a: Iron Treads|100/100|[from] item: Leftovers
|-heal|p1a: Raging Bolt|24/100|[from] item: Leftovers
|upkeep
|turn|15
|
|t:|1779880948
|-end|p1a: Raging Bolt|Protosynthesis|[silent]
|switch|p1a: Ting-Lu|Ting-Lu|11/100
|-ability|p1a: Ting-Lu|Vessel of Ruin
|move|p2a: Iron Treads|Ice Spinner|p1a: Ting-Lu
|-supereffective|p1a: Ting-Lu
|-crit|p1a: Ting-Lu
|-damage|p1a: Ting-Lu|0 fnt
|faint|p1a: Ting-Lu
|
|-weather|RainDance|[upkeep]
|upkeep
|
|t:|1779880966
|switch|p1a: Scizor|Scizor, F, shiny|82/100
|turn|16
|
|t:|1779880969
|move|p2a: Iron Treads|Stealth Rock|p1a: Scizor
|-sidestart|p1: nose jeje salu2|move: Stealth Rock
|move|p1a: Scizor|Swords Dance|p1a: Scizor
|-boost|p1a: Scizor|atk|2
|
|-weather|none
|upkeep
|turn|17
|
|t:|1779880973
|move|p2a: Iron Treads|Earthquake|p1a: Scizor
|-damage|p1a: Scizor|41/100
|move|p1a: Scizor|Defog|p2a: Iron Treads
|-unboost|p2a: Iron Treads|evasion|1
|-sideend|p1: nose jeje salu2|Stealth Rock|[from] move: Defog|[of] p1a: Scizor
|
|upkeep
|turn|18
|
|t:|1779880978
|move|p2a: Iron Treads|Earthquake|p1a: Scizor
|-damage|p1a: Scizor|3/100
|move|p1a: Scizor|Close Combat|p2a: Iron Treads
|-supereffective|p2a: Iron Treads
|-damage|p2a: Iron Treads|0 fnt
|-unboost|p1a: Scizor|def|1
|-unboost|p1a: Scizor|spd|1
|faint|p2a: Iron Treads
|-end|p2a: Iron Treads|Quark Drive|[silent]
|
|upkeep
|
|t:|1779880984
|switch|p2a: Barraskewda|Barraskewda, M, tera:Water|100/100
|turn|19
|
|t:|1779880994
|switch|p1a: Raging Bolt|Raging Bolt|24/100
|move|p2a: Barraskewda|Aqua Jet|p1a: Raging Bolt
|-resisted|p1a: Raging Bolt
|-damage|p1a: Raging Bolt|6/100
|
|-heal|p1a: Raging Bolt|13/100|[from] item: Leftovers
|upkeep
|turn|20
|
|t:|1779881005
|move|p2a: Barraskewda|Aqua Jet|p1a: Raging Bolt
|-resisted|p1a: Raging Bolt
|-damage|p1a: Raging Bolt|0 fnt
|faint|p1a: Raging Bolt
|-end|p1a: Raging Bolt|Protosynthesis|[silent]
|
|upkeep
|
|t:|1779881013
|switch|p1a: Meowscarada|Meowscarada, F, shiny|100/100
|turn|21
|
|t:|1779881020
|switch|p2a: Hatterene|Hatterene, F|41/100
|move|p1a: Meowscarada|U-turn|p2a: Hatterene
|-start|p1a: Meowscarada|typechange|Bug|[from] ability: Protean
|-damage|p2a: Hatterene|5/100
|
|t:|1779881025
|switch|p1a: Scizor|Scizor, F, shiny|3/100|[from] U-turn
|
|upkeep
|turn|22
|
|t:|1779881032
|move|p1a: Scizor|Bullet Punch|p2a: Hatterene
|-supereffective|p2a: Hatterene
|-damage|p2a: Hatterene|0 fnt
|faint|p2a: Hatterene
|
|upkeep
|
|t:|1779881035
|switch|p2a: Pelipper|Pelipper, M|83/100
|-weather|RainDance|[from] ability: Drizzle|[of] p2a: Pelipper
|turn|23
|
|t:|1779881060
|move|p1a: Scizor|Bullet Punch|p2a: Pelipper
|-resisted|p2a: Pelipper
|-damage|p2a: Pelipper|65/100
|move|p2a: Pelipper|U-turn|p1a: Scizor
|-resisted|p1a: Scizor
|-damage|p1a: Scizor|0 fnt
|faint|p1a: Scizor
|
|t:|1779881064
|switch|p2a: Zapdos|Zapdos|50/100|[from] U-turn
|
|-weather|RainDance|[upkeep]
|upkeep
|
|t:|1779881084
|switch|p1a: Meowscarada|Meowscarada, F, shiny|100/100
|turn|24
|
|t:|1779881094
|switch|p2a: Toxicroak|Toxicroak, F|100/100
|move|p1a: Meowscarada|Knock Off|p2a: Toxicroak
|-start|p1a: Meowscarada|typechange|Dark|[from] ability: Protean
|-resisted|p2a: Toxicroak
|-damage|p2a: Toxicroak|81/100
|-damage|p1a: Meowscarada|84/100|[from] item: Rocky Helmet|[of] p2a: Toxicroak
|-enditem|p2a: Toxicroak|Rocky Helmet|[from] move: Knock Off|[of] p1a: Meowscarada
|
|-weather|RainDance|[upkeep]
|-heal|p2a: Toxicroak|93/100|[from] ability: Dry Skin
|upkeep
|turn|25
|
|t:|1779881109
|switch|p1a: Fezandipiti|Fezandipiti, M|100/100
|move|p2a: Toxicroak|Drain Punch|p1a: Fezandipiti
|-resisted|p1a: Fezandipiti
|-damage|p1a: Fezandipiti|93/100
|-heal|p2a: Toxicroak|98/100|[from] drain|[of] p1a: Fezandipiti
|
|-weather|RainDance|[upkeep]
|-heal|p2a: Toxicroak|100/100|[from] ability: Dry Skin
|-heal|p1a: Fezandipiti|99/100|[from] item: Leftovers
|upkeep
|turn|26
|
|t:|1779881115
|switch|p2a: Zapdos|Zapdos|50/100
|move|p1a: Fezandipiti|Play Rough|p2a: Zapdos
|-damage|p2a: Zapdos|15/100
|
|-weather|RainDance|[upkeep]
|-heal|p1a: Fezandipiti|100/100|[from] item: Leftovers
|upkeep
|turn|27
|
|t:|1779881123
|move|p2a: Zapdos|Hurricane|p1a: Fezandipiti
|-damage|p1a: Fezandipiti|51/100
|-start|p1a: Fezandipiti|confusion
|-activate|p1a: Fezandipiti|confusion
|move|p1a: Fezandipiti|Play Rough|p2a: Zapdos|[miss]
|-miss|p1a: Fezandipiti|p2a: Zapdos
|
|-weather|RainDance|[upkeep]
|-heal|p1a: Fezandipiti|57/100|[from] item: Leftovers
|upkeep
|turn|28
|
|t:|1779881137
|move|p2a: Zapdos|Hurricane|p1a: Fezandipiti
|-damage|p1a: Fezandipiti|13/100
|-activate|p1a: Fezandipiti|confusion
|move|p1a: Fezandipiti|Play Rough|p2a: Zapdos
|-damage|p2a: Zapdos|0 fnt
|faint|p2a: Zapdos
|
|-weather|RainDance|[upkeep]
|-heal|p1a: Fezandipiti|19/100|[from] item: Leftovers
|upkeep
|
|t:|1779881145
|switch|p2a: Barraskewda|Barraskewda, M, tera:Water|100/100
|turn|29
|
|t:|1779881158
|switch|p1a: Meowscarada|Meowscarada, F, shiny|84/100
|move|p2a: Barraskewda|Liquidation|p1a: Meowscarada
|-resisted|p1a: Meowscarada
|-damage|p1a: Meowscarada|0 fnt
|faint|p1a: Meowscarada
|
|-weather|RainDance|[upkeep]
|upkeep
|
|t:|1779881165
|switch|p1a: Iron Moth|Iron Moth|100/100
|-enditem|p1a: Iron Moth|Booster Energy
|-activate|p1a: Iron Moth|ability: Quark Drive|[fromitem]
|-start|p1a: Iron Moth|quarkdrivespe
|turn|30
|
|t:|1779881175
|switch|p2a: Toxicroak|Toxicroak, F|100/100
|-terastallize|p1a: Iron Moth|Grass
|move|p1a: Iron Moth|Substitute|p1a: Iron Moth
|-start|p1a: Iron Moth|Substitute
|-damage|p1a: Iron Moth|76/100
|
|-weather|none
|upkeep
|turn|31
|
|t:|1779881181
|move|p1a: Iron Moth|Fiery Dance|p2a: Toxicroak
|-damage|p2a: Toxicroak|34/100
|move|p2a: Toxicroak|Drain Punch|p1a: Iron Moth
|-end|p1a: Iron Moth|Substitute
|-heal|p2a: Toxicroak|45/100|[from] drain|[of] p1a: Iron Moth
|
|upkeep
|turn|32
|
|t:|1779881189
|move|p1a: Iron Moth|Fiery Dance|p2a: Toxicroak
|-damage|p2a: Toxicroak|0 fnt
|-boost|p1a: Iron Moth|spa|1
|faint|p2a: Toxicroak
|
|upkeep
|
|t:|1779881193
|switch|p2a: Pelipper|Pelipper, M|65/100
|-weather|RainDance|[from] ability: Drizzle|[of] p2a: Pelipper
|turn|33
|
|t:|1779881197
|move|p1a: Iron Moth|Sludge Wave|p2a: Pelipper
|-damage|p2a: Pelipper|0 fnt
|faint|p2a: Pelipper
|
|-weather|RainDance|[upkeep]
|upkeep
|
|t:|1779881199
|switch|p2a: Barraskewda|Barraskewda, M, tera:Water|100/100
|turn|34
|
|t:|1779881213
|move|p2a: Barraskewda|Poison Jab|p1a: Iron Moth
|-supereffective|p1a: Iron Moth
|-crit|p1a: Iron Moth
|-damage|p1a: Iron Moth|0 fnt
|faint|p1a: Iron Moth
|-end|p1a: Iron Moth|Quark Drive|[silent]
|
|-weather|RainDance|[upkeep]
|upkeep
|
|t:|1779881219
|switch|p1a: Fezandipiti|Fezandipiti, M|19/100
|turn|35
|
|t:|1779881221
|move|p2a: Barraskewda|Poison Jab|p1a: Fezandipiti
|-crit|p1a: Fezandipiti
|-damage|p1a: Fezandipiti|0 fnt
|faint|p1a: Fezandipiti
|
|win|prova77
|raw|nose jeje salu2's rating: 1325 &rarr; <strong>1307</strong><br />(-18 for losing)
|raw|prova77's rating: 1365 &rarr; <strong>1383</strong><br />(+18 for winning)
|l|☆prova77
|player|p2|
|l|☆nose jeje salu2
|player|p1|
