|j|☆KingNothing_32
|j|☆F1amewheel
|t:|1779941545
|gametype|singles
|player|p1|KingNothing_32|colress|1395
|player|p2|F1amewheel|urbain|1446
|gen|9
|tier|[Gen 9] OU
|rated|
|rule|HP Percentage Mod: HP is shown in percentages
|rule|Endless Battle Clause: Forcing endless battles is banned
|rule|Species Clause: Limit one of each Pokémon
|rule|OHKO Clause: OHKO moves are banned
|rule|Evasion Items Clause: Evasion items are banned
|rule|Evasion Moves Clause: Evasion moves are banned
|rule|Evasion Abilities Clause: Evasion abilities are banned
|rule|Sleep Moves Clause: Sleep-inducing moves are banned
|clearpoke
|poke|p1|Pelipper, F|
|poke|p1|Hatterene, F|
|poke|p1|Iron Treads|
|poke|p1|Toxicroak, M|
|poke|p1|Barraskewda, M|
|poke|p1|Zapdos|
|poke|p2|Darkrai|
|poke|p2|Landorus-Therian, M|
|poke|p2|Primarina, F|
|poke|p2|Garchomp, M|
|poke|p2|Ogerpon, F|
|poke|p2|Cinderace, F|
|teampreview
|
|t:|1779941557
|teamsize|p1|6
|teamsize|p2|6
|start
|switch|p1a: In The Name of God|Barraskewda, M, shiny|100/100
|switch|p2a: Primarina|Primarina, F, shiny|100/100
|turn|1
|
|t:|1779941568
|move|p1a: In The Name of God|Flip Turn|p2a: Primarina
|-resisted|p2a: Primarina
|-damage|p2a: Primarina|67/100
|inactive|Battle timer is ON: inactive players will automatically lose when time's up. (requested by F1amewheel)
|
|t:|1779941603
|switch|p1a: labomba|Iron Treads|100/100|[from] Flip Turn
|move|p2a: Primarina|Moonblast|p1a: labomba
|-resisted|p1a: labomba
|-crit|p1a: labomba
|-damage|p1a: labomba|71/100
|
|-heal|p1a: labomba|77/100|[from] item: Leftovers
|-heal|p2a: Primarina|74/100|[from] item: Leftovers
|upkeep
|turn|2
|
|t:|1779941615
|switch|p2a: Garchomp|Garchomp, M, shiny|100/100
|move|p1a: labomba|Volt Switch|p2a: Garchomp
|-immune|p2a: Garchomp
|
|-heal|p1a: labomba|83/100|[from] item: Leftovers
|upkeep
|turn|3
|
|t:|1779941631
|move|p2a: Garchomp|Earthquake|p1a: labomba
|-supereffective|p1a: labomba
|-damage|p1a: labomba|18/100
|move|p1a: labomba|Stealth Rock|p2a: Garchomp
|-sidestart|p2: F1amewheel|move: Stealth Rock
|
|-heal|p1a: labomba|24/100|[from] item: Leftovers
|upkeep
|turn|4
|
|t:|1779941641
|-end|p1a: labomba|Quark Drive|[silent]
|switch|p1a: the taste of water|Pelipper, F|100/100
|-weather|RainDance|[from] ability: Drizzle|[of] p1a: the taste of water
|move|p2a: Garchomp|Earthquake|p1a: the taste of water
|-immune|p1a: the taste of water
|
|-weather|RainDance|[upkeep]
|upkeep
|turn|5
|
|t:|1779941664
|switch|p2a: Primarina|Primarina, F, shiny|74/100
|-damage|p2a: Primarina|61/100|[from] Stealth Rock
|move|p1a: the taste of water|Hurricane|p2a: Primarina
|-damage|p2a: Primarina|26/100
|
|-weather|RainDance|[upkeep]
|-heal|p2a: Primarina|33/100|[from] item: Leftovers
|upkeep
|turn|6
|
|t:|1779941675
|move|p2a: Primarina|Moonblast|p1a: the taste of water
|-damage|p1a: the taste of water|52/100
|-unboost|p1a: the taste of water|spa|1
|move|p1a: the taste of water|U-turn|p2a: Primarina
|-resisted|p2a: Primarina
|-damage|p2a: Primarina|26/100
|
|t:|1779941685
|switch|p1a: Freak'd Out|Zapdos|100/100|[from] U-turn
|
|-weather|RainDance|[upkeep]
|-heal|p2a: Primarina|32/100|[from] item: Leftovers
|upkeep
|turn|7
|
|t:|1779941696
|move|p1a: Freak'd Out|Weather Ball|p2a: Primarina
|-resisted|p2a: Primarina
|-damage|p2a: Primarina|0 fnt
|faint|p2a: Primarina
|
|-weather|RainDance|[upkeep]
|upkeep
|
|t:|1779941703
|switch|p2a: Darkrai|Darkrai|100/100
|-damage|p2a: Darkrai|88/100|[from] Stealth Rock
|turn|8
|
|t:|1779941709
|move|p2a: Darkrai|Ice Beam|p1a: Freak'd Out
|-supereffective|p1a: Freak'd Out
|-damage|p1a: Freak'd Out|28/100
|move|p1a: Freak'd Out|Weather Ball|p2a: Darkrai
|-damage|p2a: Darkrai|0 fnt
|faint|p2a: Darkrai
|
|-weather|RainDance|[upkeep]
|upkeep
|
|t:|1779941719
|switch|p2a: Landorus|Landorus-Therian, M, shiny|100/100
|-damage|p2a: Landorus|88/100|[from] Stealth Rock
|-ability|p2a: Landorus|Intimidate|boost
|-unboost|p1a: Freak'd Out|atk|1
|turn|9
|
|t:|1779941727
|move|p2a: Landorus|Stone Edge|p1a: Freak'd Out|[miss]
|-miss|p2a: Landorus|p1a: Freak'd Out
|move|p1a: Freak'd Out|Weather Ball|p2a: Landorus
|-supereffective|p2a: Landorus
|-damage|p2a: Landorus|0 fnt
|faint|p2a: Landorus
|
|-weather|RainDance|[upkeep]
|upkeep
|
|t:|1779941733
|switch|p2a: Ogerpon|Ogerpon, F|100/100
|-damage|p2a: Ogerpon|88/100|[from] Stealth Rock
|turn|10
|
|t:|1779941738
|switch|p1a: joyboy|Toxicroak, M|100/100
|move|p2a: Ogerpon|Ivy Cudgel|p1a: joyboy
|-resisted|p1a: joyboy
|-damage|p1a: joyboy|69/100
|
|-weather|RainDance|[upkeep]
|-heal|p1a: joyboy|81/100|[from] ability: Dry Skin
|upkeep
|turn|11
|
|t:|1779941746
|switch|p2a: Cinderace|Cinderace, F, shiny|100/100
|move|p1a: joyboy|Toxic|p2a: Cinderace
|-status|p2a: Cinderace|tox
|
|-weather|none
|-damage|p2a: Cinderace|95/100 tox|[from] psn
|upkeep
|turn|12
|
|t:|1779941762
|move|p2a: Cinderace|Court Change|p2a: Cinderace
|-start|p2a: Cinderace|typechange|Normal|[from] ability: Libero
|-swapsideconditions
|-activate|p2a: Cinderace|move: Court Change
|move|p1a: joyboy|Knock Off|p2a: Cinderace
|-damage|p2a: Cinderace|61/100 tox
|-enditem|p2a: Cinderace|Heavy-Duty Boots|[from] move: Knock Off|[of] p1a: joyboy
|
|-damage|p2a: Cinderace|49/100 tox|[from] psn
|upkeep
|turn|13
|
|t:|1779941768
|move|p2a: Cinderace|Pyro Ball|p1a: joyboy
|-damage|p1a: joyboy|35/100
|move|p1a: joyboy|Drain Punch|p2a: Cinderace
|-supereffective|p2a: Cinderace
|-damage|p2a: Cinderace|0 fnt
|-heal|p1a: joyboy|55/100|[from] drain|[of] p2a: Cinderace
|faint|p2a: Cinderace
|
|upkeep
|
|t:|1779941774
|switch|p2a: Garchomp|Garchomp, M, shiny|100/100
|turn|14
|inactive|KingNothing_32 has 120 seconds left.
|
|t:|1779941807
|-terastallize|p1a: joyboy|Dark
|move|p2a: Garchomp|Earthquake|p1a: joyboy
|-damage|p1a: joyboy|18/100
|move|p1a: joyboy|Toxic|p2a: Garchomp
|-status|p2a: Garchomp|tox
|
|-damage|p2a: Garchomp|94/100 tox|[from] psn
|upkeep
|turn|15
|inactive|KingNothing_32 has 120 seconds left.
|
|t:|1779941827
|switch|p1a: bbygrl|Hatterene, F|100/100
|-damage|p1a: bbygrl|88/100|[from] Stealth Rock
|move|p2a: Garchomp|Dragon Tail|p1a: bbygrl
|-immune|p1a: bbygrl
|
|-damage|p2a: Garchomp|82/100 tox|[from] psn
|upkeep
|turn|16
|inactive|KingNothing_32 has 120 seconds left.
|
|t:|1779941841
|move|p2a: Garchomp|Earthquake|p1a: bbygrl
|-damage|p1a: bbygrl|47/100
|-enditem|p1a: bbygrl|Eject Button
|
|t:|1779941854
|switch|p1a: the taste of water|Pelipper, F|52/100
|-damage|p1a: the taste of water|27/100|[from] Stealth Rock
|-weather|RainDance|[from] ability: Drizzle|[of] p1a: the taste of water
|
|-weather|RainDance|[upkeep]
|-damage|p2a: Garchomp|63/100 tox|[from] psn
|upkeep
|turn|17
|
|t:|1779941858
|move|p1a: the taste of water|Hurricane|p2a: Garchomp
|-damage|p2a: Garchomp|31/100 tox
|-start|p2a: Garchomp|confusion
|-activate|p2a: Garchomp|confusion
|move|p2a: Garchomp|Dragon Tail|p1a: the taste of water
|-damage|p1a: the taste of water|0 fnt
|faint|p1a: the taste of water
|
|-weather|RainDance|[upkeep]
|-damage|p2a: Garchomp|6/100 tox|[from] psn
|upkeep
|inactive|KingNothing_32 has 120 seconds left.
|
|t:|1779941864
|switch|p1a: Freak'd Out|Zapdos|28/100
|-damage|p1a: Freak'd Out|3/100|[from] Stealth Rock
|turn|18
|
|t:|1779941868
|move|p1a: Freak'd Out|Hurricane|p2a: Garchomp
|-damage|p2a: Garchomp|0 fnt
|faint|p2a: Garchomp
|
|-weather|RainDance|[upkeep]
|upkeep
|
|t:|1779941870
|switch|p2a: Ogerpon|Ogerpon, F|88/100
|turn|19
|
|t:|1779941874
|-terastallize|p2a: Ogerpon|Grass
|detailschange|p2a: Ogerpon|Ogerpon-Teal-Tera, F, tera:Grass
|-ability|p2a: Ogerpon|Embody Aspect (Teal)|boost
|-boost|p2a: Ogerpon|spe|1
|move|p2a: Ogerpon|Ivy Cudgel|p1a: Freak'd Out
|-resisted|p1a: Freak'd Out
|-damage|p1a: Freak'd Out|0 fnt
|faint|p1a: Freak'd Out
|
|-weather|RainDance|[upkeep]
|upkeep
|
|t:|1779941894
|switch|p1a: bbygrl|Hatterene, F|47/100
|-damage|p1a: bbygrl|34/100|[from] Stealth Rock
|turn|20
|
|t:|1779941896
|move|p2a: Ogerpon|Ivy Cudgel|p1a: bbygrl
|-damage|p1a: bbygrl|0 fnt
|faint|p1a: bbygrl
|
|-weather|RainDance|[upkeep]
|upkeep
|c|☆KingNothing_32|!dt ivy cudgel
|c|☆KingNothing_32|/raw <ul class="utilichart"><li class="result"><span class="col movenamecol"><a href="https://dex.pokemonshowdown.com/moves/ivycudgel">Ivy Cudgel</a></span> <span class="col typecol"><img src="//play.pokemonshowdown.com/sprites/types/Grass.png" alt="Grass" width="32" height="14"><img src="//play.pokemonshowdown.com/sprites/categories/Physical.png" alt="Physical" width="32" height="14"></span> <span class="col labelcol"><em>Power</em><br>100</span> <span class="col widelabelcol"><em>Accuracy</em><br>100%</span> <span class="col pplabelcol"><em>PP</em><br>16</span> <span class="col movedesccol">High critical hit ratio. Type depends on user's form.</span> </li><li style="clear:both"></li></ul>
|c|☆KingNothing_32|/raw <font size="1"><font color="#686868">Priority:</font> 0&nbsp;|&ThickSpace;<font color="#686868">Gen:</font> 9&nbsp;|&ThickSpace;<font color="#686868">Z-Power:</font> 180&nbsp;|&ThickSpace;<font color="#686868">Target:</font> One Adjacent Pokémon</font>

|
|t:|1779941912
|switch|p1a: In The Name of God|Barraskewda, M, shiny|100/100
|-damage|p1a: In The Name of God|88/100|[from] Stealth Rock
|turn|21
|
|t:|1779941922
|switch|p1a: joyboy|Toxicroak, M, tera:Dark|18/100
|-damage|p1a: joyboy|6/100|[from] Stealth Rock
|move|p2a: Ogerpon|Ivy Cudgel|p1a: joyboy
|-damage|p1a: joyboy|0 fnt
|faint|p1a: joyboy
|
|-weather|RainDance|[upkeep]
|upkeep
|
|t:|1779941927
|switch|p1a: In The Name of God|Barraskewda, M, shiny|88/100
|-damage|p1a: In The Name of God|76/100|[from] Stealth Rock
|turn|22
|
|t:|1779941929
|move|p1a: In The Name of God|Close Combat|p2a: Ogerpon
|-damage|p2a: Ogerpon|7/100
|-unboost|p1a: In The Name of God|def|1
|-unboost|p1a: In The Name of God|spd|1
|move|p2a: Ogerpon|Ivy Cudgel|p1a: In The Name of God
|-supereffective|p1a: In The Name of God
|-damage|p1a: In The Name of God|0 fnt
|faint|p1a: In The Name of God
|
|-weather|RainDance|[upkeep]
|upkeep
|c|☆F1amewheel|gg
|
|t:|1779941936
|switch|p1a: labomba|Iron Treads|24/100
|-damage|p1a: labomba|21/100|[from] Stealth Rock
|turn|23
|c|☆KingNothing_32|gg homie
|
|t:|1779941942
|move|p2a: Ogerpon|Ivy Cudgel|p1a: labomba
|-damage|p1a: labomba|0 fnt
|faint|p1a: labomba
|-end|p1a: labomba|Quark Drive|[silent]
|
|win|F1amewheel
|raw|KingNothing_32's rating: 1395 &rarr; <strong>1378</strong><br />(-17 for losing)
|raw|F1amewheel's rating: 1446 &rarr; <strong>1463</strong><br />(+17 for winning)
|l|☆KingNothing_32
|player|p1|
|l|☆F1amewheel
|player|p2|
