|j|☆somsleep
|j|☆prakshep
|t:|1779909594
|gametype|singles
|player|p1|somsleep|170|1528
|player|p2|prakshep|nate|1467
|gen|9
|tier|[Gen 9] OU
|rated|
|rule|HP Percentage Mod: HP is shown in percentages
|rule|Endless Battle Clause: Forcing endless battles is banned
|rule|Species Clause: Limit one of each Pokémon
|rule|OHKO Clause: OHKO moves are banned
|rule|Evasion Items Clause: Evasion items are banned
|rule|Evasion Moves Clause: Evasion moves are banned
|rule|Evasion Abilities Clause: Evasion abilities are banned
|rule|Sleep Moves Clause: Sleep-inducing moves are banned
|clearpoke
|poke|p1|Abomasnow, M|
|poke|p1|Cetitan, M|
|poke|p1|Rotom|
|poke|p1|Illumise, F|
|poke|p1|Keldeo-Resolute|
|poke|p1|Iron Treads|
|poke|p2|Cinderace, M|
|poke|p2|Polteageist-Antique|
|poke|p2|Walking Wake|
|poke|p2|Zamazenta-*|
|poke|p2|Maushold-Four|
|poke|p2|Glimmora, M|
|teampreview
|inactive|Battle timer is ON: inactive players will automatically lose when time's up. (requested by prakshep)
|
|t:|1779909612
|teamsize|p1|6
|teamsize|p2|6
|start
|switch|p1a: Rotom|Rotom|100/100
|switch|p2a: Cinderace|Cinderace, M, shiny|100/100
|turn|1
|
|t:|1779909621
|move|p1a: Rotom|Trick|p2a: Cinderace
|-activate|p1a: Rotom|move: Trick|[of] p2a: Cinderace
|-item|p2a: Cinderace|Choice Scarf|[from] move: Trick
|-item|p1a: Rotom|Wide Lens|[from] move: Trick
|move|p2a: Cinderace|Pyro Ball|p1a: Rotom
|-damage|p1a: Rotom|12/100
|
|upkeep
|turn|2
|
|t:|1779909627
|switch|p1a: Keldeo|Keldeo-Resolute|100/100
|move|p2a: Cinderace|Pyro Ball|p1a: Keldeo
|-resisted|p1a: Keldeo
|-crit|p1a: Keldeo
|-damage|p1a: Keldeo|50/100
|
|-heal|p1a: Keldeo|56/100|[from] item: Leftovers
|upkeep
|turn|3
|
|t:|1779909630
|move|p2a: Cinderace|Pyro Ball|p1a: Keldeo|[miss]
|-miss|p2a: Cinderace|p1a: Keldeo
|move|p1a: Keldeo|Secret Sword|p2a: Cinderace
|-damage|p2a: Cinderace|33/100
|
|-heal|p1a: Keldeo|62/100|[from] item: Leftovers
|upkeep
|turn|4
|
|t:|1779909634
|move|p2a: Cinderace|Pyro Ball|p1a: Keldeo
|-resisted|p1a: Keldeo
|-damage|p1a: Keldeo|28/100
|move|p1a: Keldeo|Surf|p2a: Cinderace
|-supereffective|p2a: Cinderace
|-damage|p2a: Cinderace|0 fnt
|faint|p2a: Cinderace
|
|-heal|p1a: Keldeo|35/100|[from] item: Leftovers
|upkeep
|
|t:|1779909651
|switch|p2a: Zamazenta|Zamazenta, shiny|100/100
|-ability|p2a: Zamazenta|Dauntless Shield|boost
|-boost|p2a: Zamazenta|def|1
|turn|5
|
|t:|1779909655
|switch|p1a: Illumise|Illumise, F|100/100
|move|p2a: Zamazenta|Body Press|p1a: Illumise
|-resisted|p1a: Illumise
|-damage|p1a: Illumise|71/100
|-enditem|p1a: Illumise|Eject Button
|
|t:|1779909665
|switch|p1a: Rotom|Rotom|12/100
|
|upkeep
|turn|6
|
|t:|1779909670
|move|p2a: Zamazenta|Body Press|p1a: Rotom
|-immune|p1a: Rotom
|move|p1a: Rotom|Thunder Wave|p2a: Zamazenta
|-status|p2a: Zamazenta|par
|
|upkeep
|turn|7
|
|t:|1779909675
|move|p1a: Rotom|Hex|p2a: Zamazenta
|-damage|p2a: Zamazenta|55/100 par
|move|p2a: Zamazenta|Crunch|p1a: Rotom
|-supereffective|p1a: Rotom
|-damage|p1a: Rotom|0 fnt
|faint|p1a: Rotom
|
|-heal|p2a: Zamazenta|62/100 par|[from] item: Leftovers
|upkeep
|
|t:|1779909686
|switch|p1a: Illumise|Illumise, F|71/100
|turn|8
|
|t:|1779909696
|move|p1a: Illumise|Mud-Slap|p2a: Zamazenta
|-damage|p2a: Zamazenta|58/100 par
|-unboost|p2a: Zamazenta|accuracy|1
|cant|p2a: Zamazenta|par
|
|-heal|p2a: Zamazenta|64/100 par|[from] item: Leftovers
|upkeep
|turn|9
|
|t:|1779909711
|move|p1a: Illumise|Encore|p2a: Zamazenta
|-start|p2a: Zamazenta|Encore
|move|p2a: Zamazenta|Crunch|p1a: Illumise
|-damage|p1a: Illumise|51/100
|-unboost|p1a: Illumise|def|1
|
|-heal|p2a: Zamazenta|70/100 par|[from] item: Leftovers
|upkeep
|turn|10
|
|t:|1779909717
|move|p1a: Illumise|Wish|p1a: Illumise
|move|p2a: Zamazenta|Crunch|p1a: Illumise
|-damage|p1a: Illumise|22/100
|
|-heal|p2a: Zamazenta|77/100 par|[from] item: Leftovers
|upkeep
|turn|11
|
|t:|1779909719
|switch|p1a: Keldeo|Keldeo-Resolute|35/100
|move|p2a: Zamazenta|Crunch|p1a: Keldeo
|-resisted|p1a: Keldeo
|-damage|p1a: Keldeo|22/100
|-ability|p1a: Keldeo|Justified|boost
|-boost|p1a: Keldeo|atk|1
|
|-heal|p1a: Keldeo|74/100|[from] move: Wish|[wisher] Illumise
|-heal|p1a: Keldeo|80/100|[from] item: Leftovers
|-heal|p2a: Zamazenta|83/100 par|[from] item: Leftovers
|-end|p2a: Zamazenta|Encore
|upkeep
|turn|12
|
|t:|1779909732
|move|p1a: Keldeo|Substitute|p1a: Keldeo
|-start|p1a: Keldeo|Substitute
|-damage|p1a: Keldeo|55/100
|move|p2a: Zamazenta|Body Press|p1a: Keldeo
|-end|p1a: Keldeo|Substitute
|
|-heal|p1a: Keldeo|61/100|[from] item: Leftovers
|-heal|p2a: Zamazenta|89/100 par|[from] item: Leftovers
|upkeep
|turn|13
|
|t:|1779909746
|switch|p1a: Illumise|Illumise, F|22/100
|move|p2a: Zamazenta|Body Press|p1a: Illumise
|-resisted|p1a: Illumise
|-damage|p1a: Illumise|0 fnt
|faint|p1a: Illumise
|
|-heal|p2a: Zamazenta|95/100 par|[from] item: Leftovers
|upkeep
|
|t:|1779909750
|switch|p1a: Iron Treads|Iron Treads|100/100
|-enditem|p1a: Iron Treads|Booster Energy
|-activate|p1a: Iron Treads|ability: Quark Drive|[fromitem]
|-start|p1a: Iron Treads|quarkdrivespe
|turn|14
|
|t:|1779909765
|move|p1a: Iron Treads|Stealth Rock|p2a: Zamazenta
|-sidestart|p2: prakshep|move: Stealth Rock
|move|p2a: Zamazenta|Body Press|p1a: Iron Treads
|-supereffective|p1a: Iron Treads
|-damage|p1a: Iron Treads|0 fnt
|faint|p1a: Iron Treads
|-end|p1a: Iron Treads|Quark Drive|[silent]
|
|-heal|p2a: Zamazenta|100/100 par|[from] item: Leftovers
|upkeep
|
|t:|1779909781
|switch|p1a: Abomasnow|Abomasnow, M, shiny|100/100
|-weather|Snowscape|[from] ability: Snow Warning|[of] p1a: Abomasnow
|turn|15
|
|t:|1779909786
|move|p1a: Abomasnow|Aurora Veil|p1a: Abomasnow
|-sidestart|p1: somsleep|move: Aurora Veil
|move|p2a: Zamazenta|Body Press|p1a: Abomasnow
|-supereffective|p1a: Abomasnow
|-damage|p1a: Abomasnow|49/100
|
|-weather|Snowscape|[upkeep]
|upkeep
|turn|16
|
|t:|1779909794
|move|p1a: Abomasnow|Blizzard|p2a: Zamazenta
|-damage|p2a: Zamazenta|57/100 par
|move|p2a: Zamazenta|Body Press|p1a: Abomasnow|[miss]
|-miss|p2a: Zamazenta|p1a: Abomasnow
|
|-weather|Snowscape|[upkeep]
|-heal|p2a: Zamazenta|63/100 par|[from] item: Leftovers
|upkeep
|turn|17
|
|t:|1779909819
|move|p1a: Abomasnow|Blizzard|p2a: Zamazenta
|-damage|p2a: Zamazenta|16/100 par
|move|p2a: Zamazenta|Body Press|p1a: Abomasnow
|-supereffective|p1a: Abomasnow
|-damage|p1a: Abomasnow|0 fnt
|faint|p1a: Abomasnow
|
|-weather|Snowscape|[upkeep]
|-heal|p2a: Zamazenta|22/100 par|[from] item: Leftovers
|upkeep
|
|t:|1779909822
|switch|p1a: Cetitan|Cetitan, M|100/100
|turn|18
|
|t:|1779909828
|-terastallize|p1a: Cetitan|Water
|move|p1a: Cetitan|Belly Drum|p1a: Cetitan
|-damage|p1a: Cetitan|50/100
|-setboost|p1a: Cetitan|atk|6|[from] move: Belly Drum
|-enditem|p1a: Cetitan|Sitrus Berry|[eat]
|-heal|p1a: Cetitan|75/100|[from] item: Sitrus Berry
|move|p2a: Zamazenta|Heavy Slam|p1a: Cetitan
|-resisted|p1a: Cetitan
|-crit|p1a: Cetitan
|-damage|p1a: Cetitan|68/100
|
|-weather|Snowscape|[upkeep]
|-heal|p2a: Zamazenta|28/100 par|[from] item: Leftovers
|upkeep
|turn|19
|
|t:|1779909853
|move|p1a: Cetitan|Earthquake|p2a: Zamazenta
|-damage|p2a: Zamazenta|0 fnt
|faint|p2a: Zamazenta
|
|-weather|none
|-sideend|p1: somsleep|move: Aurora Veil
|upkeep
|
|t:|1779909860
|switch|p2a: Glimmora|Glimmora, M, shiny|100/100
|-damage|p2a: Glimmora|88/100|[from] Stealth Rock
|turn|20
|
|t:|1779909885
|move|p2a: Glimmora|Meteor Beam||[still]
|-prepare|p2a: Glimmora|Meteor Beam
|-boost|p2a: Glimmora|spa|1
|-enditem|p2a: Glimmora|Power Herb
|-anim|p2a: Glimmora|Meteor Beam|p1a: Cetitan
|-damage|p1a: Cetitan|0 fnt
|faint|p1a: Cetitan
|
|upkeep
|
|t:|1779909888
|switch|p1a: Keldeo|Keldeo-Resolute|61/100
|turn|21
|
|t:|1779909893
|move|p1a: Keldeo|Surf|p2a: Glimmora
|-supereffective|p2a: Glimmora
|-damage|p2a: Glimmora|0 fnt
|faint|p2a: Glimmora
|
|-heal|p1a: Keldeo|67/100|[from] item: Leftovers
|upkeep
|
|t:|1779909896
|switch|p2a: Maushold|Maushold-Four, shiny|100/100
|-damage|p2a: Maushold|88/100|[from] Stealth Rock
|turn|22
|
|t:|1779909899
|move|p2a: Maushold|Population Bomb|p1a: Keldeo
|-crit|p1a: Keldeo
|-damage|p1a: Keldeo|48/100
|-hitcount|p1a: Keldeo|1
|move|p1a: Keldeo|Secret Sword|p2a: Maushold
|-supereffective|p2a: Maushold
|-damage|p2a: Maushold|0 fnt
|faint|p2a: Maushold
|
|-heal|p1a: Keldeo|55/100|[from] item: Leftovers
|upkeep
|
|t:|1779909904
|switch|p2a: Walking Wake|Walking Wake|100/100
|-damage|p2a: Walking Wake|88/100|[from] Stealth Rock
|-enditem|p2a: Walking Wake|Booster Energy
|-activate|p2a: Walking Wake|ability: Protosynthesis|[fromitem]
|-start|p2a: Walking Wake|protosynthesisspa
|turn|23
|
|t:|1779909910
|move|p2a: Walking Wake|Draco Meteor|p1a: Keldeo
|-damage|p1a: Keldeo|0 fnt
|-unboost|p2a: Walking Wake|spa|2
|faint|p1a: Keldeo
|
|win|prakshep
|raw|somsleep's rating: 1528 &rarr; <strong>1505</strong><br />(-23 for losing)
|raw|prakshep's rating: 1467 &rarr; <strong>1490</strong><br />(+23 for winning)
|l|☆prakshep
|player|p2|
|l|☆somsleep
|player|p1|
