|j|☆Lamperi0n
|j|☆ratsallfolks
|t:|1779893641
|gametype|singles
|player|p1|Lamperi0n|will|1504
|player|p2|ratsallfolks|gardenia-masters|1492
|gen|9
|tier|[Gen 9] OU
|rated|
|rule|HP Percentage Mod: HP is shown in percentages
|rule|Endless Battle Clause: Forcing endless battles is banned
|rule|Species Clause: Limit one of each Pokémon
|rule|OHKO Clause: OHKO moves are banned
|rule|Evasion Items Clause: Evasion items are banned
|rule|Evasion Moves Clause: Evasion moves are banned
|rule|Evasion Abilities Clause: Evasion abilities are banned
|rule|Sleep Moves Clause: Sleep-inducing moves are banned
|clearpoke
|poke|p1|Ribombee, M|
|poke|p1|Blaziken, F|
|poke|p1|Hatterene, F|
|poke|p1|Slither Wing|
|poke|p1|Ninetales, M|
|poke|p1|Walking Wake|
|poke|p2|Pelipper, M|
|poke|p2|Floatzel, M|
|poke|p2|Toxicroak, M|
|poke|p2|Iron Treads|
|poke|p2|Ogerpon-Wellspring, F|
|poke|p2|Kingambit, M|
|teampreview
|
|t:|1779893655
|teamsize|p1|6
|teamsize|p2|6
|start
|switch|p1a: Ribombee|Ribombee, M|100/100
|switch|p2a: Iron Treads|Iron Treads|100/100
|turn|1
|
|t:|1779893664
|move|p1a: Ribombee|Stun Spore|p2a: Iron Treads
|-status|p2a: Iron Treads|par
|cant|p2a: Iron Treads|par
|
|upkeep
|turn|2
|inactive|Battle timer is ON: inactive players will automatically lose when time's up. (requested by Lamperi0n)
|
|t:|1779893677
|switch|p1a: Walking Wake|Walking Wake|100/100
|move|p2a: Iron Treads|Rapid Spin|p1a: Walking Wake
|-damage|p1a: Walking Wake|89/100
|-boost|p2a: Iron Treads|spe|1
|
|upkeep
|turn|3
|
|t:|1779893685
|-end|p2a: Iron Treads|Quark Drive|[silent]
|switch|p2a: Ogerpon|Ogerpon-Wellspring, F|100/100
|move|p1a: Walking Wake|Hydro Steam|p2a: Ogerpon
|-immune|p2a: Ogerpon|[from] ability: Water Absorb
|
|upkeep
|turn|4
|
|t:|1779893695
|-end|p1a: Walking Wake|Protosynthesis|[silent]
|switch|p1a: Beru|Slither Wing, shiny|100/100
|move|p2a: Ogerpon|Ivy Cudgel|p1a: Beru|[anim] Ivy Cudgel Water
|-damage|p1a: Beru|20/100
|
|upkeep
|turn|5
|
|t:|1779893701
|switch|p2a: Pelipper|Pelipper, M|100/100
|-weather|RainDance|[from] ability: Drizzle|[of] p2a: Pelipper
|move|p1a: Beru|First Impression|p2a: Pelipper
|-resisted|p2a: Pelipper
|-damage|p2a: Pelipper|73/100
|
|-weather|RainDance|[upkeep]
|upkeep
|turn|6
|
|t:|1779893707
|-end|p1a: Beru|Protosynthesis|[silent]
|switch|p1a: Ninetales|Ninetales, M|100/100
|-weather|SunnyDay|[from] ability: Drought|[of] p1a: Ninetales
|move|p2a: Pelipper|U-turn|p1a: Ninetales
|-resisted|p1a: Ninetales
|-damage|p1a: Ninetales|95/100
|
|t:|1779893710
|switch|p2a: Floatzel|Floatzel, M|100/100|[from] U-turn
|
|-weather|SunnyDay|[upkeep]
|upkeep
|turn|7
|
|t:|1779893717
|switch|p1a: Hatterene|Hatterene, F|100/100
|move|p2a: Floatzel|Flip Turn|p1a: Hatterene
|-damage|p1a: Hatterene|83/100
|-enditem|p1a: Hatterene|Eject Button
|
|t:|1779893721
|switch|p1a: Walking Wake|Walking Wake|89/100
|-activate|p1a: Walking Wake|ability: Protosynthesis
|-start|p1a: Walking Wake|protosynthesisspe
|
|-weather|SunnyDay|[upkeep]
|upkeep
|turn|8
|
|t:|1779893730
|switch|p2a: Iron Treads|Iron Treads|100/100 par
|move|p1a: Walking Wake|Hydro Steam|p2a: Iron Treads
|-supereffective|p2a: Iron Treads
|-damage|p2a: Iron Treads|0 fnt
|faint|p2a: Iron Treads
|-end|p2a: Iron Treads|Quark Drive|[silent]
|
|-weather|SunnyDay|[upkeep]
|upkeep
|
|t:|1779893736
|switch|p2a: Ogerpon|Ogerpon-Wellspring, F|100/100
|turn|9
|
|t:|1779893741
|-end|p1a: Walking Wake|Protosynthesis|[silent]
|switch|p1a: Beru|Slither Wing, shiny|20/100
|-activate|p1a: Beru|ability: Protosynthesis
|-start|p1a: Beru|protosynthesisatk
|switch|p2a: Pelipper|Pelipper, M|73/100
|-weather|RainDance|[from] ability: Drizzle|[of] p2a: Pelipper
|-end|p1a: Beru|Protosynthesis
|
|-weather|RainDance|[upkeep]
|upkeep
|turn|10
|
|t:|1779893745
|move|p1a: Beru|U-turn|p2a: Pelipper
|-resisted|p2a: Pelipper
|-damage|p2a: Pelipper|51/100
|
|t:|1779893748
|-end|p1a: Beru|Protosynthesis|[silent]
|switch|p1a: Ninetales|Ninetales, M|95/100|[from] U-turn
|-weather|SunnyDay|[from] ability: Drought|[of] p1a: Ninetales
|move|p2a: Pelipper|U-turn|p1a: Ninetales
|-resisted|p1a: Ninetales
|-damage|p1a: Ninetales|89/100
|
|t:|1779893752
|switch|p2a: Floatzel|Floatzel, M|100/100|[from] U-turn
|
|-weather|SunnyDay|[upkeep]
|upkeep
|turn|11
|
|t:|1779893759
|switch|p1a: Beru|Slither Wing, shiny|20/100
|-activate|p1a: Beru|ability: Protosynthesis
|-start|p1a: Beru|protosynthesisatk
|move|p2a: Floatzel|Flip Turn|p1a: Beru
|-damage|p1a: Beru|0 fnt
|faint|p1a: Beru
|-end|p1a: Beru|Protosynthesis|[silent]
|
|t:|1779893764
|switch|p2a: Pelipper|Pelipper, M|51/100|[from] Flip Turn
|-weather|RainDance|[from] ability: Drizzle|[of] p2a: Pelipper
|
|-weather|RainDance|[upkeep]
|upkeep
|
|t:|1779893766
|switch|p1a: Ribombee|Ribombee, M|100/100
|turn|12
|
|t:|1779893773
|move|p1a: Ribombee|Sticky Web|p2a: Pelipper
|-sidestart|p2: ratsallfolks|move: Sticky Web
|move|p2a: Pelipper|Hurricane|p1a: Ribombee
|-supereffective|p1a: Ribombee
|-enditem|p1a: Ribombee|Focus Sash
|-damage|p1a: Ribombee|1/100
|
|-weather|RainDance|[upkeep]
|upkeep
|turn|13
|
|t:|1779893779
|move|p1a: Ribombee|Moonblast|p2a: Pelipper
|-damage|p2a: Pelipper|0 fnt
|faint|p2a: Pelipper
|
|-weather|RainDance|[upkeep]
|upkeep
|-message|ratsallfolks forfeited.
|
|win|Lamperi0n
|raw|Lamperi0n's rating: 1504 &rarr; <strong>1523</strong><br />(+19 for winning)
|raw|ratsallfolks's rating: 1492 &rarr; <strong>1473</strong><br />(-19 for losing)
|l|☆ratsallfolks
|player|p2|
|l|☆Lamperi0n
|player|p1|
