|j|☆lethalwolf
|j|☆future94
|t:|1779858419
|gametype|singles
|player|p1|lethalwolf|ethan|1374
|player|p2|future94|102|1418
|gen|9
|tier|[Gen 9] OU
|rated|
|rule|HP Percentage Mod: HP is shown in percentages
|rule|Endless Battle Clause: Forcing endless battles is banned
|rule|Species Clause: Limit one of each Pokémon
|rule|OHKO Clause: OHKO moves are banned
|rule|Evasion Items Clause: Evasion items are banned
|rule|Evasion Moves Clause: Evasion moves are banned
|rule|Evasion Abilities Clause: Evasion abilities are banned
|rule|Sleep Moves Clause: Sleep-inducing moves are banned
|clearpoke
|poke|p1|Pelipper, M|
|poke|p1|Crawdaunt, M|
|poke|p1|Ludicolo, M|
|poke|p1|Zapdos|
|poke|p1|Volcanion|
|poke|p1|Ting-Lu|
|poke|p2|Ninetales, M|
|poke|p2|Walking Wake|
|poke|p2|Cinderace, F|
|poke|p2|Great Tusk|
|poke|p2|Cresselia, F|
|poke|p2|Blaziken, F|
|teampreview
|inactive|Battle timer is ON: inactive players will automatically lose when time's up. (requested by lethalwolf)
|inactive|lethalwolf has 120 seconds left.
|
|t:|1779858451
|teamsize|p1|6
|teamsize|p2|6
|start
|switch|p1a: Zapdos|Zapdos|100/100
|switch|p2a: Cinderace|Cinderace, F|100/100
|turn|1
|
|t:|1779858463
|move|p2a: Cinderace|Pyro Ball|p1a: Zapdos
|-damage|p1a: Zapdos|70/100
|move|p1a: Zapdos|Volt Switch|p2a: Cinderace
|-damage|p2a: Cinderace|65/100
|
|t:|1779858469
|switch|p1a: Volcanion|Volcanion|100/100|[from] Volt Switch
|
|upkeep
|turn|2
|
|t:|1779858477
|move|p2a: Cinderace|U-turn|p1a: Volcanion
|-resisted|p1a: Volcanion
|-damage|p1a: Volcanion|94/100
|
|t:|1779858486
|switch|p2a: Walking Wake|Walking Wake|100/100|[from] U-turn
|move|p1a: Volcanion|Sludge Bomb|p2a: Walking Wake
|-damage|p2a: Walking Wake|39/100
|
|upkeep
|turn|3
|
|t:|1779858499
|move|p2a: Walking Wake|Draco Meteor|p1a: Volcanion
|-damage|p1a: Volcanion|0 fnt
|-unboost|p2a: Walking Wake|spa|2
|faint|p1a: Volcanion
|
|upkeep
|
|t:|1779858507
|switch|p1a: Zapdos|Zapdos|70/100
|turn|4
|
|t:|1779858513
|-end|p2a: Walking Wake|Protosynthesis|[silent]
|switch|p2a: Ninetales|Ninetales, M|100/100
|-weather|SunnyDay|[from] ability: Drought|[of] p2a: Ninetales
|move|p1a: Zapdos|Volt Switch|p2a: Ninetales
|-damage|p2a: Ninetales|76/100
|
|t:|1779858516
|switch|p1a: Pelipper|Pelipper, M|100/100|[from] Volt Switch
|-weather|RainDance|[from] ability: Drizzle|[of] p1a: Pelipper
|
|-weather|RainDance|[upkeep]
|upkeep
|turn|5
|
|t:|1779858525
|switch|p2a: Cresselia|Cresselia, F|100/100
|move|p1a: Pelipper|Surf|p2a: Cresselia
|-damage|p2a: Cresselia|75/100
|-enditem|p2a: Cresselia|Eject Button
|
|t:|1779858532
|switch|p2a: Walking Wake|Walking Wake|39/100
|
|-weather|RainDance|[upkeep]
|upkeep
|turn|6
|
|t:|1779858536
|move|p2a: Walking Wake|Draco Meteor|p1a: Pelipper
|-damage|p1a: Pelipper|0 fnt
|-unboost|p2a: Walking Wake|spa|2
|faint|p1a: Pelipper
|
|-weather|RainDance|[upkeep]
|upkeep
|
|t:|1779858540
|switch|p1a: Ludicolo|Ludicolo, M, shiny|100/100
|turn|7
|
|t:|1779858548
|-end|p2a: Walking Wake|Protosynthesis|[silent]
|switch|p2a: Ninetales|Ninetales, M|76/100
|-weather|SunnyDay|[from] ability: Drought|[of] p2a: Ninetales
|move|p1a: Ludicolo|Surf|p2a: Ninetales
|-supereffective|p2a: Ninetales
|-damage|p2a: Ninetales|29/100
|-damage|p1a: Ludicolo|91/100|[from] item: Life Orb
|
|-weather|SunnyDay|[upkeep]
|upkeep
|turn|8
|
|t:|1779858558
|switch|p2a: Cresselia|Cresselia, F|75/100
|move|p1a: Ludicolo|Surf|p2a: Cresselia
|-damage|p2a: Cresselia|61/100
|-damage|p1a: Ludicolo|81/100|[from] item: Life Orb
|
|-weather|SunnyDay|[upkeep]
|upkeep
|turn|9
|
|t:|1779858565
|move|p1a: Ludicolo|Giga Drain|p2a: Cresselia
|-damage|p2a: Cresselia|38/100
|-heal|p1a: Ludicolo|98/100|[from] drain|[of] p2a: Cresselia
|-damage|p1a: Ludicolo|88/100|[from] item: Life Orb
|move|p2a: Cresselia|Lunar Dance|p2a: Cresselia
|faint|p2a: Cresselia
|
|-weather|SunnyDay|[upkeep]
|upkeep
|
|t:|1779858573
|switch|p2a: Walking Wake|Walking Wake|39/100
|-heal|p2a: Walking Wake|100/100|[from] move: Lunar Dance
|-activate|p2a: Walking Wake|ability: Protosynthesis
|-start|p2a: Walking Wake|protosynthesisspa
|turn|10
|
|t:|1779858582
|move|p2a: Walking Wake|Flamethrower|p1a: Ludicolo
|-damage|p1a: Ludicolo|0 fnt
|faint|p1a: Ludicolo
|
|-weather|SunnyDay|[upkeep]
|upkeep
|
|t:|1779858588
|switch|p1a: Crawdaunt|Crawdaunt, M|100/100
|turn|11
|
|t:|1779858593
|-end|p2a: Walking Wake|Protosynthesis|[silent]
|switch|p2a: Cinderace|Cinderace, F|65/100
|move|p1a: Crawdaunt|Knock Off|p2a: Cinderace
|-damage|p2a: Cinderace|0 fnt
|-enditem|p2a: Cinderace|Heavy-Duty Boots|[from] move: Knock Off|[of] p1a: Crawdaunt
|faint|p2a: Cinderace
|
|-weather|SunnyDay|[upkeep]
|upkeep
|
|t:|1779858601
|switch|p2a: Walking Wake|Walking Wake|100/100
|-activate|p2a: Walking Wake|ability: Protosynthesis
|-start|p2a: Walking Wake|protosynthesisspa
|turn|12
|
|t:|1779858605
|switch|p1a: Ting-Lu|Ting-Lu|100/100
|-ability|p1a: Ting-Lu|Vessel of Ruin
|move|p2a: Walking Wake|Hydro Steam|p1a: Ting-Lu
|-supereffective|p1a: Ting-Lu
|-damage|p1a: Ting-Lu|0 fnt
|faint|p1a: Ting-Lu
|
|-weather|SunnyDay|[upkeep]
|upkeep
|-message|lethalwolf forfeited.
|
|win|future94
|raw|lethalwolf's rating: 1374 &rarr; <strong>1357</strong><br />(-17 for losing)
|raw|future94's rating: 1418 &rarr; <strong>1435</strong><br />(+17 for winning)
|l|☆lethalwolf
|player|p1|
|l|☆future94
|player|p2|
