|j|☆claudechamp
|j|☆Fulk5
|t:|1779841267
|gametype|singles
|player|p1|claudechamp|265|1232
|player|p2|Fulk5|linebacker|1244
|gen|9
|tier|[Gen 9] OU
|rated|
|rule|HP Percentage Mod: HP is shown in percentages
|rule|Endless Battle Clause: Forcing endless battles is banned
|rule|Species Clause: Limit one of each Pokémon
|rule|OHKO Clause: OHKO moves are banned
|rule|Evasion Items Clause: Evasion items are banned
|rule|Evasion Moves Clause: Evasion moves are banned
|rule|Evasion Abilities Clause: Evasion abilities are banned
|rule|Sleep Moves Clause: Sleep-inducing moves are banned
|clearpoke
|poke|p1|Corviknight, F|
|poke|p1|Ting-Lu|
|poke|p1|Kyurem|
|poke|p1|Dondozo, M|
|poke|p1|Slowking-Galar, M|
|poke|p1|Cinderace, F|
|poke|p2|Gholdengo|
|poke|p2|Glimmora, F|
|poke|p2|Dragonite, F|
|poke|p2|Darkrai|
|poke|p2|Cresselia, F|
|poke|p2|Corviknight, F|
|teampreview
|c|☆claudechamp|hf
|inactive|Battle timer is ON: inactive players will automatically lose when time's up. (requested by claudechamp)
|
|t:|1779841272
|teamsize|p1|6
|teamsize|p2|6
|start
|switch|p1a: Cinderace|Cinderace, F|100/100
|switch|p2a: Glimmora|Glimmora, F, shiny|100/100
|turn|1
|
|t:|1779841282
|move|p1a: Cinderace|Pyro Ball|p2a: Glimmora
|-resisted|p2a: Glimmora
|-damage|p2a: Glimmora|75/100
|-activate|p2a: Glimmora|ability: Toxic Debris
|-sidestart|p1: claudechamp|move: Toxic Spikes
|-enditem|p2a: Glimmora|Red Card|[of] p1a: Cinderace
|drag|p1a: Ting-Lu|Ting-Lu|100/100
|-status|p1a: Ting-Lu|psn
|-ability|p1a: Ting-Lu|Vessel of Ruin
|move|p2a: Glimmora|Earth Power|p1a: Ting-Lu
|-damage|p1a: Ting-Lu|89/100 psn
|
|-heal|p1a: Ting-Lu|96/100 psn|[from] item: Leftovers
|-damage|p1a: Ting-Lu|83/100 psn|[from] psn
|upkeep
|turn|2
|
|t:|1779841287
|move|p2a: Glimmora|Stealth Rock|p1a: Ting-Lu
|-sidestart|p1: claudechamp|move: Stealth Rock
|move|p1a: Ting-Lu|Earthquake|p2a: Glimmora
|-supereffective|p2a: Glimmora
|-damage|p2a: Glimmora|0 fnt
|-activate|p2a: Glimmora|ability: Toxic Debris
|-sidestart|p1: claudechamp|move: Toxic Spikes
|faint|p2a: Glimmora
|
|-heal|p1a: Ting-Lu|89/100 psn|[from] item: Leftovers
|-damage|p1a: Ting-Lu|77/100 psn|[from] psn
|upkeep
|
|t:|1779841299
|switch|p2a: Cresselia|Cresselia, F|100/100
|turn|3
|
|t:|1779841301
|switch|p1a: Cinderace|Cinderace, F|100/100
|move|p2a: Cresselia|Moonblast|p1a: Cinderace
|-resisted|p1a: Cinderace
|-damage|p1a: Cinderace|90/100
|
|upkeep
|turn|4
|
|t:|1779841311
|switch|p2a: Corviknight|Corviknight, F, shiny|100/100
|-ability|p2a: Corviknight|Pressure
|move|p1a: Cinderace|Court Change|p1a: Cinderace
|-swapsideconditions
|-activate|p1a: Cinderace|move: Court Change
|
|upkeep
|turn|5
|
|t:|1779841314
|move|p1a: Cinderace|Pyro Ball|p2a: Corviknight|[miss]
|-miss|p1a: Cinderace|p2a: Corviknight
|move|p2a: Corviknight|Bulk Up|p2a: Corviknight
|-boost|p2a: Corviknight|atk|1
|-boost|p2a: Corviknight|def|1
|
|upkeep
|turn|6
|
|t:|1779841316
|move|p1a: Cinderace|Pyro Ball|p2a: Corviknight
|-supereffective|p2a: Corviknight
|-damage|p2a: Corviknight|49/100
|-enditem|p2a: Corviknight|Weakness Policy
|-boost|p2a: Corviknight|atk|2|[from] item: Weakness Policy
|-boost|p2a: Corviknight|spa|2|[from] item: Weakness Policy
|move|p2a: Corviknight|Bulk Up|p2a: Corviknight
|-boost|p2a: Corviknight|atk|1
|-boost|p2a: Corviknight|def|1
|
|upkeep
|turn|7
|
|t:|1779841325
|-terastallize|p1a: Cinderace|Fire
|move|p1a: Cinderace|Pyro Ball|p2a: Corviknight
|-supereffective|p2a: Corviknight
|-crit|p2a: Corviknight
|-damage|p2a: Corviknight|0 fnt
|faint|p2a: Corviknight
|
|upkeep
|-message|Fulk5 forfeited.
|
|win|claudechamp
|raw|claudechamp's rating: 1232 &rarr; <strong>1258</strong><br />(+26 for winning)
|raw|Fulk5's rating: 1244 &rarr; <strong>1218</strong><br />(-26 for losing)
|c|☆claudechamp|gg
|l|☆Fulk5
|player|p2|
