|j|☆stahrz
|j|☆dragon_driller
|t:|1779926285
|gametype|singles
|player|p1|stahrz|lucas|1069
|player|p2|dragon_driller|clown|1118
|gen|9
|tier|[Gen 9] OU
|rated|
|rule|HP Percentage Mod: HP is shown in percentages
|rule|Endless Battle Clause: Forcing endless battles is banned
|rule|Species Clause: Limit one of each Pokémon
|rule|OHKO Clause: OHKO moves are banned
|rule|Evasion Items Clause: Evasion items are banned
|rule|Evasion Moves Clause: Evasion moves are banned
|rule|Evasion Abilities Clause: Evasion abilities are banned
|rule|Sleep Moves Clause: Sleep-inducing moves are banned
|clearpoke
|poke|p1|Gliscor, M|
|poke|p1|Espeon, M|
|poke|p1|Ting-Lu|
|poke|p1|Heatran, F|
|poke|p1|Corviknight, M|
|poke|p1|Amoonguss, M|
|poke|p2|Hydreigon, M|
|poke|p2|Eelektross, F|
|poke|p2|Skeledirge, F|
|poke|p2|Iron Treads|
|poke|p2|Pawmot, M|
|poke|p2|Cinderace, M|
|teampreview
|
|t:|1779926300
|teamsize|p1|6
|teamsize|p2|6
|start
|switch|p1a: Ting-Lu|Ting-Lu|100/100
|switch|p2a: I'm "UU" trust|Eelektross, F|100/100
|-ability|p1a: Ting-Lu|Vessel of Ruin
|turn|1
|
|t:|1779926308
|move|p1a: Ting-Lu|Stealth Rock|p2a: I'm "UU" trust
|-sidestart|p2: dragon_driller|move: Stealth Rock
|move|p2a: I'm "UU" trust|Liquidation|p1a: Ting-Lu
|-supereffective|p1a: Ting-Lu
|-damage|p1a: Ting-Lu|76/100
|
|-heal|p1a: Ting-Lu|82/100|[from] item: Leftovers
|upkeep
|turn|2
|
|t:|1779926316
|move|p2a: I'm "UU" trust|Lunge|p1a: Ting-Lu
|-supereffective|p1a: Ting-Lu
|-damage|p1a: Ting-Lu|58/100
|-unboost|p1a: Ting-Lu|atk|1
|move|p1a: Ting-Lu|Whirlwind|p2a: I'm "UU" trust
|drag|p2a: king Hydro-gah|Hydreigon, M, shiny|100/100
|-damage|p2a: king Hydro-gah|88/100|[from] Stealth Rock
|
|-heal|p2a: king Hydro-gah|94/100|[from] item: Leftovers
|-heal|p1a: Ting-Lu|64/100|[from] item: Leftovers
|upkeep
|turn|3
|
|t:|1779926328
|move|p2a: king Hydro-gah|Nasty Plot|p2a: king Hydro-gah
|-boost|p2a: king Hydro-gah|spa|2
|move|p1a: Ting-Lu|Whirlwind|p2a: king Hydro-gah
|drag|p2a: I'm "UU" trust|Eelektross, F|100/100
|-damage|p2a: I'm "UU" trust|88/100|[from] Stealth Rock
|
|-heal|p1a: Ting-Lu|70/100|[from] item: Leftovers
|-heal|p2a: I'm "UU" trust|94/100|[from] item: Leftovers
|upkeep
|turn|4
|
|t:|1779926343
|move|p1a: Ting-Lu|Ruination|p2a: I'm "UU" trust
|-damage|p2a: I'm "UU" trust|48/100
|move|p2a: I'm "UU" trust|Liquidation|p1a: Ting-Lu
|-supereffective|p1a: Ting-Lu
|-damage|p1a: Ting-Lu|45/100
|-unboost|p1a: Ting-Lu|def|1
|
|-heal|p1a: Ting-Lu|51/100|[from] item: Leftovers
|-heal|p2a: I'm "UU" trust|54/100|[from] item: Leftovers
|upkeep
|turn|5
|
|t:|1779926357
|switch|p2a: All Hope is Lost|Iron Treads|100/100
|-damage|p2a: All Hope is Lost|97/100|[from] Stealth Rock
|move|p1a: Ting-Lu|Whirlwind|p2a: All Hope is Lost
|-end|p2a: All Hope is Lost|Quark Drive|[silent]
|drag|p2a: Lead Danny boy|Skeledirge, F|100/100
|-damage|p2a: Lead Danny boy|76/100|[from] Stealth Rock
|
|-heal|p1a: Ting-Lu|58/100|[from] item: Leftovers
|upkeep
|turn|6
|
|t:|1779926368
|move|p2a: Lead Danny boy|Alluring Voice|p1a: Ting-Lu
|-supereffective|p1a: Ting-Lu
|-damage|p1a: Ting-Lu|41/100
|-enditem|p2a: Lead Danny boy|Throat Spray
|-boost|p2a: Lead Danny boy|spa|1|[from] item: Throat Spray
|move|p1a: Ting-Lu|Ruination|p2a: Lead Danny boy
|-damage|p2a: Lead Danny boy|38/100
|
|-heal|p1a: Ting-Lu|47/100|[from] item: Leftovers
|upkeep
|turn|7
|
|t:|1779926378
|move|p2a: Lead Danny boy|Torch Song|p1a: Ting-Lu
|-damage|p1a: Ting-Lu|27/100
|-boost|p2a: Lead Danny boy|spa|1
|move|p1a: Ting-Lu|Whirlwind|p2a: Lead Danny boy
|drag|p2a: king Hydro-gah|Hydreigon, M, shiny|94/100
|-damage|p2a: king Hydro-gah|82/100|[from] Stealth Rock
|
|-heal|p2a: king Hydro-gah|88/100|[from] item: Leftovers
|-heal|p1a: Ting-Lu|33/100|[from] item: Leftovers
|upkeep
|turn|8
|
|t:|1779926389
|move|p2a: king Hydro-gah|Draco Meteor|p1a: Ting-Lu
|-damage|p1a: Ting-Lu|8/100
|-unboost|p2a: king Hydro-gah|spa|2
|move|p1a: Ting-Lu|Ruination|p2a: king Hydro-gah
|-damage|p2a: king Hydro-gah|44/100
|
|-heal|p2a: king Hydro-gah|50/100|[from] item: Leftovers
|-heal|p1a: Ting-Lu|14/100|[from] item: Leftovers
|upkeep
|turn|9
|
|t:|1779926401
|move|p2a: king Hydro-gah|Earth Power|p1a: Ting-Lu
|-damage|p1a: Ting-Lu|8/100
|move|p1a: Ting-Lu|Whirlwind|p2a: king Hydro-gah
|drag|p2a: All Hope is Lost|Iron Treads|97/100
|-damage|p2a: All Hope is Lost|94/100|[from] Stealth Rock
|
|-heal|p2a: All Hope is Lost|100/100|[from] item: Leftovers
|-heal|p1a: Ting-Lu|14/100|[from] item: Leftovers
|upkeep
|turn|10
|
|t:|1779926411
|move|p2a: All Hope is Lost|Rapid Spin|p1a: Ting-Lu
|-damage|p1a: Ting-Lu|4/100
|-boost|p2a: All Hope is Lost|spe|1
|-sideend|p2: dragon_driller|Stealth Rock|[from] move: Rapid Spin|[of] p2a: All Hope is Lost
|move|p1a: Ting-Lu|Ruination|p2a: All Hope is Lost
|-damage|p2a: All Hope is Lost|50/100
|
|-heal|p2a: All Hope is Lost|57/100|[from] item: Leftovers
|-heal|p1a: Ting-Lu|10/100|[from] item: Leftovers
|upkeep
|turn|11
|
|t:|1779926421
|move|p2a: All Hope is Lost|Ice Spinner|p1a: Ting-Lu
|-supereffective|p1a: Ting-Lu
|-damage|p1a: Ting-Lu|0 fnt
|faint|p1a: Ting-Lu
|
|-heal|p2a: All Hope is Lost|63/100|[from] item: Leftovers
|upkeep
|
|t:|1779926440
|switch|p1a: Heatran|Heatran, F|100/100
|turn|12
|
|t:|1779926471
|move|p2a: All Hope is Lost|Earthquake|p1a: Heatran
|-supereffective|p1a: Heatran
|-damage|p1a: Heatran|0 fnt
|faint|p1a: Heatran
|
|-heal|p2a: All Hope is Lost|69/100|[from] item: Leftovers
|upkeep
|
|t:|1779926505
|switch|p1a: Gliscor|Gliscor, M|100/100
|turn|13
|
|t:|1779926521
|move|p2a: All Hope is Lost|Ice Spinner|p1a: Gliscor
|-supereffective|p1a: Gliscor
|-damage|p1a: Gliscor|32/100
|move|p1a: Gliscor|Toxic|p2a: All Hope is Lost
|-immune|p2a: All Hope is Lost
|
|-heal|p2a: All Hope is Lost|75/100|[from] item: Leftovers
|-status|p1a: Gliscor|tox|[from] item: Toxic Orb
|upkeep
|turn|14
|
|t:|1779926532
|-terastallize|p1a: Gliscor|Water
|move|p1a: Gliscor|Protect|p1a: Gliscor
|-singleturn|p1a: Gliscor|Protect
|move|p2a: All Hope is Lost|Ice Spinner|p1a: Gliscor
|-activate|p1a: Gliscor|move: Protect
|
|-heal|p2a: All Hope is Lost|82/100|[from] item: Leftovers
|-heal|p1a: Gliscor|44/100 tox|[from] ability: Poison Heal
|upkeep
|turn|15
|
|t:|1779926543
|move|p2a: All Hope is Lost|Knock Off|p1a: Gliscor
|-damage|p1a: Gliscor|25/100 tox
|-enditem|p1a: Gliscor|Toxic Orb|[from] move: Knock Off|[of] p2a: All Hope is Lost
|move|p1a: Gliscor|Knock Off|p2a: All Hope is Lost
|-damage|p2a: All Hope is Lost|67/100
|-enditem|p2a: All Hope is Lost|Leftovers|[from] move: Knock Off|[of] p1a: Gliscor
|
|-heal|p1a: Gliscor|37/100 tox|[from] ability: Poison Heal
|upkeep
|turn|16
|inactive|Battle timer is ON: inactive players will automatically lose when time's up. (requested by dragon_driller)
|inactive|stahrz has 120 seconds left.
|inactive|stahrz has 90 seconds left.
|inactive|stahrz has 60 seconds left.
|inactive|stahrz has 30 seconds left.
|c|☆dragon_driller|Are you still there?
|inactive|stahrz has 20 seconds left.
|inactive|stahrz has 15 seconds left.
|inactive|stahrz has 10 seconds left.
|inactive|stahrz has 5 seconds left.
|c|☆dragon_driller|bruh
|-message|stahrz lost due to inactivity.
|
|win|dragon_driller
|raw|stahrz's rating: 1046 &rarr; <strong>1033</strong><br />(-13 for losing)
|raw|dragon_driller's rating: 1118 &rarr; <strong>1138</strong><br />(+20 for winning)
