|j|☆rexa2
|j|☆Dat boii fam
|t:|1779820437
|gametype|singles
|player|p1|rexa2|brock|1452
|player|p2|Dat boii fam|li|1496
|gen|9
|tier|[Gen 9] OU
|rated|
|rule|HP Percentage Mod: HP is shown in percentages
|rule|Endless Battle Clause: Forcing endless battles is banned
|rule|Species Clause: Limit one of each Pokémon
|rule|OHKO Clause: OHKO moves are banned
|rule|Evasion Items Clause: Evasion items are banned
|rule|Evasion Moves Clause: Evasion moves are banned
|rule|Evasion Abilities Clause: Evasion abilities are banned
|rule|Sleep Moves Clause: Sleep-inducing moves are banned
|clearpoke
|poke|p1|Kleavor, F|
|poke|p1|Regieleki|
|poke|p1|Weezing-Galar, F|
|poke|p1|Swampert, M|
|poke|p1|Skarmory, M|
|poke|p1|Kommo-o, M|
|poke|p2|Alomomola, F|
|poke|p2|Landorus-Therian, M|
|poke|p2|Zapdos|
|poke|p2|Tornadus-Therian, M|
|poke|p2|Scizor, F|
|poke|p2|Amoonguss, M|
|teampreview
|inactive|Battle timer is ON: inactive players will automatically lose when time's up. (requested by Dat boii fam)
|
|t:|1779820446
|teamsize|p1|6
|teamsize|p2|6
|start
|switch|p1a: Kleavor|Kleavor, F|100/100
|switch|p2a: Landorus|Landorus-Therian, M|100/100
|-ability|p2a: Landorus|Intimidate|boost
|-unboost|p1a: Kleavor|atk|1
|turn|1
|
|t:|1779820453
|move|p1a: Kleavor|Stone Axe|p2a: Landorus
|-damage|p2a: Landorus|60/100
|-sidestart|p2: Dat boii fam|move: Stealth Rock
|move|p2a: Landorus|Earthquake|p1a: Kleavor
|-damage|p1a: Kleavor|18/100
|
|upkeep
|turn|2
|
|t:|1779820459
|switch|p1a: Skarmory|Skarmory, M|100/100
|switch|p2a: Amoonguss|Amoonguss, M|100/100
|-damage|p2a: Amoonguss|88/100|[from] Stealth Rock
|
|upkeep
|turn|3
|
|t:|1779820470
|move|p1a: Skarmory|Brave Bird|p2a: Amoonguss
|-supereffective|p2a: Amoonguss
|-damage|p2a: Amoonguss|23/100
|-damage|p1a: Skarmory|84/100|[from] item: Rocky Helmet|[of] p2a: Amoonguss
|-damage|p1a: Skarmory|54/100|[from] Recoil
|move|p2a: Amoonguss|Stun Spore|p1a: Skarmory|[miss]
|-miss|p2a: Amoonguss|p1a: Skarmory
|
|upkeep
|turn|4
|
|t:|1779820480
|switch|p2a: Alomomola|Alomomola, F|100/100
|move|p1a: Skarmory|Brave Bird|p2a: Alomomola
|-damage|p2a: Alomomola|74/100
|-damage|p1a: Skarmory|40/100|[from] Recoil
|
|upkeep
|turn|5
|
|t:|1779820490
|switch|p1a: Swampert|Swampert, M|100/100
|move|p2a: Alomomola|Flip Turn|p1a: Swampert
|-damage|p1a: Swampert|86/100
|
|t:|1779820496
|switch|p2a: Amoonguss|Amoonguss, M|56/100|[from] Flip Turn
|-damage|p2a: Amoonguss|44/100|[from] Stealth Rock
|
|upkeep
|turn|6
|
|t:|1779820507
|move|p1a: Swampert|Flip Turn|p2a: Amoonguss
|-resisted|p2a: Amoonguss
|-damage|p2a: Amoonguss|36/100
|-damage|p1a: Swampert|70/100|[from] item: Rocky Helmet|[of] p2a: Amoonguss
|
|t:|1779820511
|switch|p1a: Weezing|Weezing-Galar, F|100/100|[from] Flip Turn
|-ability|p1a: Weezing|Neutralizing Gas
|move|p2a: Amoonguss|Stun Spore|p1a: Weezing
|-status|p1a: Weezing|par
|
|upkeep
|turn|7
|
|t:|1779820521
|switch|p2a: Alomomola|Alomomola, F|100/100
|cant|p1a: Weezing|par
|
|upkeep
|turn|8
|
|t:|1779820525
|move|p2a: Alomomola|Wish|p2a: Alomomola
|move|p1a: Weezing|Will-O-Wisp|p2a: Alomomola|[miss]
|-miss|p1a: Weezing|p2a: Alomomola
|
|upkeep
|turn|9
|
|t:|1779820538
|-end|p1a: Weezing|ability: Neutralizing Gas
|switch|p1a: Kommo-o|Kommo-o, M|100/100
|move|p2a: Alomomola|Flip Turn|p1a: Kommo-o
|-resisted|p1a: Kommo-o
|-damage|p1a: Kommo-o|93/100
|
|t:|1779820550
|switch|p2a: Landorus|Landorus-Therian, M|60/100|[from] Flip Turn
|-damage|p2a: Landorus|48/100|[from] Stealth Rock
|-ability|p2a: Landorus|Intimidate|boost
|-unboost|p1a: Kommo-o|atk|1
|
|-heal|p2a: Landorus|100/100|[from] move: Wish|[wisher] Alomomola
|upkeep
|turn|10
|
|t:|1779820558
|move|p2a: Landorus|Earthquake|p1a: Kommo-o
|-damage|p1a: Kommo-o|28/100
|move|p1a: Kommo-o|Clanging Scales|p2a: Landorus
|-damage|p2a: Landorus|9/100
|-unboost|p1a: Kommo-o|def|1
|
|upkeep
|turn|11
|
|t:|1779820565
|switch|p1a: Skarmory|Skarmory, M|40/100
|move|p2a: Landorus|Earthquake|p1a: Skarmory
|-immune|p1a: Skarmory
|
|upkeep
|turn|12
|
|t:|1779820573
|switch|p2a: Alomomola|Alomomola, F|100/100
|switch|p1a: Who decided that?|Regieleki|100/100
|
|upkeep
|turn|13
|
|t:|1779820579
|move|p2a: Alomomola|Protect|p2a: Alomomola
|-singleturn|p2a: Alomomola|Protect
|move|p1a: Who decided that?|Thunderbolt|p2a: Alomomola
|-activate|p2a: Alomomola|move: Protect
|
|upkeep
|turn|14
|
|t:|1779820586
|switch|p2a: Scizor|Scizor, F|100/100
|move|p1a: Who decided that?|Thunderbolt|p2a: Scizor
|-damage|p2a: Scizor|54/100
|-status|p2a: Scizor|par
|
|upkeep
|turn|15
|
|t:|1779820604
|move|p1a: Who decided that?|Thunderbolt|p2a: Scizor
|-damage|p2a: Scizor|9/100 par
|move|p2a: Scizor|Defog|p1a: Who decided that?
|-unboost|p1a: Who decided that?|evasion|1
|-sideend|p2: Dat boii fam|Stealth Rock|[from] move: Defog|[of] p2a: Scizor
|
|upkeep
|turn|16
|
|t:|1779820611
|move|p2a: Scizor|Bullet Punch|p1a: Who decided that?
|-resisted|p1a: Who decided that?
|-damage|p1a: Who decided that?|75/100
|move|p1a: Who decided that?|Volt Switch|p2a: Scizor
|-damage|p2a: Scizor|0 fnt
|faint|p2a: Scizor
|
|t:|1779820613
|switch|p1a: Kommo-o|Kommo-o, M|28/100|[from] Volt Switch
|
|upkeep
|
|t:|1779820621
|switch|p2a: Tornadus|Tornadus-Therian, M|100/100
|turn|17
|
|t:|1779820624
|move|p2a: Tornadus|Bleakwind Storm|p1a: Kommo-o
|-supereffective|p1a: Kommo-o
|-damage|p1a: Kommo-o|0 fnt
|faint|p1a: Kommo-o
|
|upkeep
|
|t:|1779820626
|switch|p1a: Kleavor|Kleavor, F|18/100
|turn|18
|
|t:|1779820632
|switch|p2a: Amoonguss|Amoonguss, M|36/100
|move|p1a: Kleavor|Stone Axe|p2a: Amoonguss
|-damage|p2a: Amoonguss|0 fnt
|-damage|p1a: Kleavor|2/100|[from] item: Rocky Helmet|[of] p2a: Amoonguss
|-sidestart|p2: Dat boii fam|move: Stealth Rock
|faint|p2a: Amoonguss
|
|upkeep
|
|t:|1779820643
|switch|p2a: Alomomola|Alomomola, F|100/100
|turn|19
|
|t:|1779820654
|switch|p1a: Swampert|Swampert, M|70/100
|move|p2a: Alomomola|Flip Turn|p1a: Swampert
|-crit|p1a: Swampert
|-damage|p1a: Swampert|47/100
|
|t:|1779820660
|switch|p2a: Zapdos|Zapdos|100/100|[from] Flip Turn
|
|upkeep
|turn|20
|
|t:|1779820672
|move|p2a: Zapdos|Hurricane|p1a: Swampert
|-damage|p1a: Swampert|18/100
|move|p1a: Swampert|Knock Off|p2a: Zapdos
|-damage|p2a: Zapdos|76/100
|-enditem|p2a: Zapdos|Heavy-Duty Boots|[from] move: Knock Off|[of] p1a: Swampert
|
|upkeep
|turn|21
|
|t:|1779820682
|move|p2a: Zapdos|Hurricane|p1a: Swampert
|-damage|p1a: Swampert|0 fnt
|faint|p1a: Swampert
|
|upkeep
|
|t:|1779820687
|switch|p1a: Kleavor|Kleavor, F|2/100
|turn|22
|
|t:|1779820691
|switch|p2a: Alomomola|Alomomola, F|100/100
|move|p1a: Kleavor|Stone Axe|p2a: Alomomola
|-damage|p2a: Alomomola|72/100
|
|upkeep
|turn|23
|
|t:|1779820698
|switch|p1a: Skarmory|Skarmory, M|40/100
|move|p2a: Alomomola|Flip Turn|p1a: Skarmory
|-damage|p1a: Skarmory|25/100
|-ability|p1a: Skarmory|Weak Armor|boost
|-unboost|p1a: Skarmory|def|1
|-boost|p1a: Skarmory|spe|2
|
|t:|1779820707
|switch|p2a: Zapdos|Zapdos|76/100|[from] Flip Turn
|-damage|p2a: Zapdos|51/100|[from] Stealth Rock
|
|upkeep
|turn|24
|inactive|rexa2 has 120 seconds left.
|
|t:|1779820739
|move|p1a: Skarmory|Brave Bird|p2a: Zapdos
|-resisted|p2a: Zapdos
|-damage|p2a: Zapdos|26/100
|-status|p1a: Skarmory|par|[from] ability: Static|[of] p2a: Zapdos
|-damage|p1a: Skarmory|15/100 par|[from] Recoil
|move|p2a: Zapdos|Discharge|p1a: Skarmory
|-supereffective|p1a: Skarmory
|-damage|p1a: Skarmory|0 fnt
|faint|p1a: Skarmory
|
|upkeep
|
|t:|1779820742
|switch|p1a: Who decided that?|Regieleki|75/100
|turn|25
|
|t:|1779820751
|move|p1a: Who decided that?|Thunderbolt|p2a: Zapdos
|-damage|p2a: Zapdos|0 fnt
|faint|p2a: Zapdos
|
|upkeep
|
|t:|1779820755
|switch|p2a: Tornadus|Tornadus-Therian, M|100/100
|turn|26
|
|t:|1779820770
|-terastallize|p2a: Tornadus|Fighting
|move|p1a: Who decided that?|Volt Switch|p2a: Tornadus
|-damage|p2a: Tornadus|50/100
|
|t:|1779820781
|switch|p1a: Weezing|Weezing-Galar, F|100/100 par|[from] Volt Switch
|-ability|p1a: Weezing|Neutralizing Gas
|move|p2a: Tornadus|Focus Blast|p1a: Weezing|[miss]
|-miss|p2a: Tornadus|p1a: Weezing
|
|upkeep
|turn|27
|
|t:|1779820788
|move|p2a: Tornadus|Bleakwind Storm|p1a: Weezing
|-damage|p1a: Weezing|40/100 par
|-unboost|p1a: Weezing|spe|1
|move|p1a: Weezing|Strange Steam|p2a: Tornadus
|-supereffective|p2a: Tornadus
|-damage|p2a: Tornadus|0 fnt
|faint|p2a: Tornadus
|
|upkeep
|-message|Dat boii fam forfeited.
|
|win|rexa2
|raw|rexa2's rating: 1452 &rarr; <strong>1475</strong><br />(+23 for winning)
|raw|Dat boii fam's rating: 1496 &rarr; <strong>1473</strong><br />(-23 for losing)
|l|☆Dat boii fam
|player|p2|
