|j|☆Hellx950
|j|☆17390sukuna
|t:|1779964191
|gametype|singles
|player|p1|Hellx950|hilbert-wonderlauncher|1150
|player|p2|17390sukuna|red|1195
|gen|9
|tier|[Gen 9] OU
|rated|
|rule|HP Percentage Mod: HP is shown in percentages
|rule|Endless Battle Clause: Forcing endless battles is banned
|rule|Species Clause: Limit one of each Pokémon
|rule|OHKO Clause: OHKO moves are banned
|rule|Evasion Items Clause: Evasion items are banned
|rule|Evasion Moves Clause: Evasion moves are banned
|rule|Evasion Abilities Clause: Evasion abilities are banned
|rule|Sleep Moves Clause: Sleep-inducing moves are banned
|clearpoke
|poke|p1|Walking Wake|
|poke|p1|Toxicroak, M|
|poke|p1|Mandibuzz, F|
|poke|p1|Hippowdon, M|
|poke|p1|Ogerpon-Cornerstone, F|
|poke|p1|Magnezone|
|poke|p2|Heatran, M|
|poke|p2|Samurott-Hisui, M|
|poke|p2|Pecharunt|
|poke|p2|Gliscor, M|
|poke|p2|Zamazenta-*|
|poke|p2|Hydrapple, F|
|teampreview
|inactive|Battle timer is ON: inactive players will automatically lose when time's up. (requested by Hellx950)
|inactive|17390sukuna has 120 seconds left.
|
|t:|1779964222
|teamsize|p1|6
|teamsize|p2|6
|start
|switch|p1a: Hippowdon|Hippowdon, M|100/100
|switch|p2a: Heatran|Heatran, M, shiny|100/100
|-weather|Sandstorm|[from] ability: Sand Stream|[of] p1a: Hippowdon
|turn|1
|
|t:|1779964236
|switch|p2a: Gliscor|Gliscor, M, shiny|100/100
|move|p1a: Hippowdon|Stealth Rock|p2a: Gliscor
|-sidestart|p2: 17390sukuna|move: Stealth Rock
|
|-weather|Sandstorm|[upkeep]
|-status|p2a: Gliscor|tox|[from] item: Toxic Orb
|upkeep
|turn|2
|
|t:|1779964244
|move|p2a: Gliscor|Toxic Spikes|p1a: Hippowdon
|-sidestart|p1: Hellx950|move: Toxic Spikes
|move|p1a: Hippowdon|Whirlwind|p2a: Gliscor
|drag|p2a: Heatran|Heatran, M, shiny|100/100
|-damage|p2a: Heatran|88/100|[from] Stealth Rock
|
|-weather|Sandstorm|[upkeep]
|upkeep
|turn|3
|
|t:|1779964256
|switch|p1a: Toxicroak|Toxicroak, M|100/100
|-sideend|p1: Hellx950|move: Toxic Spikes|[of] p1a: Toxicroak
|-ability|p1a: Toxicroak|Anticipation
|move|p2a: Heatran|Flamethrower|p1a: Toxicroak
|-damage|p1a: Toxicroak|20/100
|
|-weather|Sandstorm|[upkeep]
|-damage|p1a: Toxicroak|14/100|[from] Sandstorm
|upkeep
|turn|4
|
|t:|1779964270
|move|p1a: Toxicroak|Close Combat|p2a: Heatran
|-supereffective|p2a: Heatran
|-damage|p2a: Heatran|0 fnt
|-unboost|p1a: Toxicroak|def|1
|-unboost|p1a: Toxicroak|spd|1
|-status|p1a: Toxicroak|brn|[from] ability: Flame Body|[of] p2a: Heatran
|faint|p2a: Heatran
|
|-weather|Sandstorm|[upkeep]
|-damage|p1a: Toxicroak|8/100 brn|[from] Sandstorm
|-damage|p1a: Toxicroak|2/100 brn|[from] brn
|upkeep
|
|t:|1779964281
|switch|p2a: Gliscor|Gliscor, M, shiny|100/100 tox
|-damage|p2a: Gliscor|88/100 tox|[from] Stealth Rock
|turn|5
|
|t:|1779964295
|move|p2a: Gliscor|Protect|p2a: Gliscor
|-singleturn|p2a: Gliscor|Protect
|move|p1a: Toxicroak|Ice Punch|p2a: Gliscor
|-activate|p2a: Gliscor|move: Protect
|
|-weather|none
|-heal|p2a: Gliscor|100/100 tox|[from] ability: Poison Heal
|-damage|p1a: Toxicroak|0 fnt|[from] brn
|faint|p1a: Toxicroak
|upkeep
|
|t:|1779964298
|switch|p1a: Walking Wake|Walking Wake|100/100
|turn|6
|
|t:|1779964308
|move|p1a: Walking Wake|Hydro Steam|p2a: Gliscor
|-supereffective|p2a: Gliscor
|-damage|p2a: Gliscor|0 fnt
|faint|p2a: Gliscor
|
|upkeep
|
|t:|1779964315
|switch|p2a: Hydrapple|Hydrapple, F, shiny|100/100
|-damage|p2a: Hydrapple|88/100|[from] Stealth Rock
|turn|7
|
|t:|1779964325
|-end|p1a: Walking Wake|Protosynthesis|[silent]
|switch|p1a: Mandibuzz|Mandibuzz, F, shiny|100/100
|move|p2a: Hydrapple|Fickle Beam|p1a: Mandibuzz|[anim] Fickle Beam All Out
|-activate|p2a: Hydrapple|move: Fickle Beam
|-damage|p1a: Mandibuzz|49/100
|
|-heal|p2a: Hydrapple|94/100|[from] item: Leftovers
|upkeep
|turn|8
|
|t:|1779964341
|move|p1a: Mandibuzz|Roost|p1a: Mandibuzz
|-heal|p1a: Mandibuzz|99/100
|-singleturn|p1a: Mandibuzz|move: Roost
|move|p2a: Hydrapple|Fickle Beam|p1a: Mandibuzz
|-damage|p1a: Mandibuzz|71/100
|
|-heal|p2a: Hydrapple|100/100|[from] item: Leftovers
|upkeep
|turn|9
|
|t:|1779964351
|move|p1a: Mandibuzz|Toxic|p2a: Hydrapple
|-status|p2a: Hydrapple|tox
|move|p2a: Hydrapple|Fickle Beam|p1a: Mandibuzz|[anim] Fickle Beam All Out
|-activate|p2a: Hydrapple|move: Fickle Beam
|-damage|p1a: Mandibuzz|18/100
|
|-damage|p2a: Hydrapple|94/100 tox|[from] psn
|upkeep
|turn|10
|
|t:|1779964359
|move|p1a: Mandibuzz|Roost|p1a: Mandibuzz
|-heal|p1a: Mandibuzz|68/100
|-singleturn|p1a: Mandibuzz|move: Roost
|move|p2a: Hydrapple|Fickle Beam|p1a: Mandibuzz|[anim] Fickle Beam All Out
|-activate|p2a: Hydrapple|move: Fickle Beam
|-damage|p1a: Mandibuzz|13/100
|
|-heal|p2a: Hydrapple|100/100 tox|[from] item: Leftovers
|-damage|p2a: Hydrapple|88/100 tox|[from] psn
|upkeep
|turn|11
|
|t:|1779964369
|move|p1a: Mandibuzz|Roost|p1a: Mandibuzz
|-heal|p1a: Mandibuzz|63/100
|-singleturn|p1a: Mandibuzz|move: Roost
|move|p2a: Hydrapple|Fickle Beam|p1a: Mandibuzz
|-damage|p1a: Mandibuzz|36/100
|
|-heal|p2a: Hydrapple|94/100 tox|[from] item: Leftovers
|-damage|p2a: Hydrapple|75/100 tox|[from] psn
|upkeep
|turn|12
|
|t:|1779964379
|move|p1a: Mandibuzz|Roost|p1a: Mandibuzz
|-heal|p1a: Mandibuzz|86/100
|-singleturn|p1a: Mandibuzz|move: Roost
|move|p2a: Hydrapple|Fickle Beam|p1a: Mandibuzz
|-damage|p1a: Mandibuzz|61/100
|
|-heal|p2a: Hydrapple|82/100 tox|[from] item: Leftovers
|-damage|p2a: Hydrapple|57/100 tox|[from] psn
|upkeep
|turn|13
|
|t:|1779964391
|switch|p2a: Samurott|Samurott-Hisui, M, shiny|100/100
|-damage|p2a: Samurott|88/100|[from] Stealth Rock
|move|p1a: Mandibuzz|Roost|p1a: Mandibuzz
|-heal|p1a: Mandibuzz|100/100
|-singleturn|p1a: Mandibuzz|move: Roost
|
|upkeep
|turn|14
|
|t:|1779964401
|move|p2a: Samurott|Ceaseless Edge|p1a: Mandibuzz
|-resisted|p1a: Mandibuzz
|-damage|p1a: Mandibuzz|81/100
|-sidestart|p1: Hellx950|Spikes
|move|p1a: Mandibuzz|Toxic|p2a: Samurott
|-status|p2a: Samurott|tox
|
|-damage|p2a: Samurott|82/100 tox|[from] psn
|upkeep
|turn|15
|
|t:|1779964409
|move|p2a: Samurott|Ceaseless Edge|p1a: Mandibuzz
|-resisted|p1a: Mandibuzz
|-damage|p1a: Mandibuzz|61/100
|-sidestart|p1: Hellx950|Spikes
|move|p1a: Mandibuzz|Defog|p2a: Samurott
|-unboost|p2a: Samurott|evasion|1
|-sideend|p2: 17390sukuna|Stealth Rock|[from] move: Defog|[of] p1a: Mandibuzz
|-sideend|p1: Hellx950|Spikes|[from] move: Defog|[of] p1a: Mandibuzz
|
|-damage|p2a: Samurott|69/100 tox|[from] psn
|upkeep
|turn|16
|
|t:|1779964427
|switch|p1a: Hippowdon|Hippowdon, M|100/100
|-weather|Sandstorm|[from] ability: Sand Stream|[of] p1a: Hippowdon
|move|p2a: Samurott|Razor Shell|p1a: Hippowdon
|-supereffective|p1a: Hippowdon
|-damage|p1a: Hippowdon|46/100
|-unboost|p1a: Hippowdon|def|1
|-damage|p2a: Samurott|53/100 tox|[from] item: Rocky Helmet|[of] p1a: Hippowdon
|
|-weather|Sandstorm|[upkeep]
|-damage|p2a: Samurott|47/100 tox|[from] Sandstorm
|-damage|p2a: Samurott|28/100 tox|[from] psn
|upkeep
|turn|17
|
|t:|1779964443
|-terastallize|p1a: Hippowdon|Steel
|move|p2a: Samurott|Razor Shell|p1a: Hippowdon
|-damage|p1a: Hippowdon|3/100
|-unboost|p1a: Hippowdon|def|1
|-damage|p2a: Samurott|12/100 tox|[from] item: Rocky Helmet|[of] p1a: Hippowdon
|move|p1a: Hippowdon|Slack Off|p1a: Hippowdon
|-heal|p1a: Hippowdon|53/100
|
|-weather|Sandstorm|[upkeep]
|-damage|p2a: Samurott|5/100 tox|[from] Sandstorm
|-damage|p2a: Samurott|0 fnt|[from] psn
|faint|p2a: Samurott
|upkeep
|
|t:|1779964456
|switch|p2a: Zamazenta|Zamazenta, shiny|100/100
|-ability|p2a: Zamazenta|Dauntless Shield|boost
|-boost|p2a: Zamazenta|def|1
|turn|18
|
|t:|1779964463
|switch|p1a: Mandibuzz|Mandibuzz, F, shiny|61/100
|move|p2a: Zamazenta|Iron Defense|p2a: Zamazenta
|-boost|p2a: Zamazenta|def|2
|
|-weather|Sandstorm|[upkeep]
|-damage|p2a: Zamazenta|94/100|[from] Sandstorm
|-heal|p2a: Zamazenta|100/100|[from] item: Leftovers
|upkeep
|turn|19
|
|t:|1779964479
|move|p2a: Zamazenta|Body Press|p1a: Mandibuzz
|-damage|p1a: Mandibuzz|0 fnt
|faint|p1a: Mandibuzz
|
|-weather|Sandstorm|[upkeep]
|-damage|p2a: Zamazenta|94/100|[from] Sandstorm
|-heal|p2a: Zamazenta|100/100|[from] item: Leftovers
|upkeep
|
|t:|1779964501
|switch|p1a: Walking Wake|Walking Wake|100/100
|turn|20
|
|t:|1779964507
|move|p1a: Walking Wake|Draco Meteor|p2a: Zamazenta
|-crit|p2a: Zamazenta
|-damage|p2a: Zamazenta|16/100
|-unboost|p1a: Walking Wake|spa|2
|move|p2a: Zamazenta|Body Press|p1a: Walking Wake
|-damage|p1a: Walking Wake|0 fnt
|faint|p1a: Walking Wake
|-end|p1a: Walking Wake|Protosynthesis|[silent]
|
|-weather|none
|-heal|p2a: Zamazenta|22/100|[from] item: Leftovers
|upkeep
|
|t:|1779964515
|switch|p1a: Ogerpon|Ogerpon-Cornerstone, F|100/100
|turn|21
|
|t:|1779964537
|move|p2a: Zamazenta|Protect|p2a: Zamazenta
|-singleturn|p2a: Zamazenta|Protect
|move|p1a: Ogerpon|Ivy Cudgel|p2a: Zamazenta|[anim] Ivy Cudgel Rock
|-activate|p2a: Zamazenta|move: Protect
|
|-heal|p2a: Zamazenta|28/100|[from] item: Leftovers
|upkeep
|turn|22
|
|t:|1779964555
|move|p2a: Zamazenta|Body Press|p1a: Ogerpon
|-supereffective|p1a: Ogerpon
|-ability|p1a: Ogerpon|Sturdy
|-damage|p1a: Ogerpon|1/100
|move|p1a: Ogerpon|Knock Off|p2a: Zamazenta
|-resisted|p2a: Zamazenta
|-damage|p2a: Zamazenta|23/100
|-enditem|p2a: Zamazenta|Leftovers|[from] move: Knock Off|[of] p1a: Ogerpon
|
|upkeep
|turn|23
|
|t:|1779964568
|move|p2a: Zamazenta|Body Press|p1a: Ogerpon
|-supereffective|p1a: Ogerpon
|-damage|p1a: Ogerpon|0 fnt
|faint|p1a: Ogerpon
|
|upkeep
|
|t:|1779964570
|switch|p1a: Hippowdon|Hippowdon, M, tera:Steel|53/100
|-weather|Sandstorm|[from] ability: Sand Stream|[of] p1a: Hippowdon
|turn|24
|
|t:|1779964576
|move|p2a: Zamazenta|Body Press|p1a: Hippowdon
|-supereffective|p1a: Hippowdon
|-damage|p1a: Hippowdon|0 fnt
|-damage|p2a: Zamazenta|7/100|[from] item: Rocky Helmet|[of] p1a: Hippowdon
|faint|p1a: Hippowdon
|
|-weather|Sandstorm|[upkeep]
|-damage|p2a: Zamazenta|0 fnt|[from] Sandstorm
|faint|p2a: Zamazenta
|upkeep
|
|t:|1779964590
|switch|p2a: Hydrapple|Hydrapple, F, shiny|90/100 tox
|switch|p1a: Magnezone|Magnezone, shiny|100/100
|turn|25
|
|t:|1779964596
|move|p1a: Magnezone|Thunderbolt|p2a: Hydrapple
|-resisted|p2a: Hydrapple
|-damage|p2a: Hydrapple|72/100 tox
|move|p2a: Hydrapple|Earth Power|p1a: Magnezone
|-supereffective|p1a: Magnezone
|-damage|p1a: Magnezone|0 fnt
|faint|p1a: Magnezone
|
|win|17390sukuna
|raw|Hellx950's rating: 1150 &rarr; <strong>1128</strong><br />(-22 for losing)
|raw|17390sukuna's rating: 1195 &rarr; <strong>1217</strong><br />(+22 for winning)
|l|☆Hellx950
|player|p1|
|l|☆17390sukuna
|player|p2|
