|j|☆claudechamp
|j|☆scorbunny11
|t:|1779873930
|gametype|singles
|player|p1|claudechamp|169|1209
|player|p2|scorbunny11|dawn|1225
|gen|9
|tier|[Gen 9] OU
|rated|
|rule|HP Percentage Mod: HP is shown in percentages
|rule|Endless Battle Clause: Forcing endless battles is banned
|rule|Species Clause: Limit one of each Pokémon
|rule|OHKO Clause: OHKO moves are banned
|rule|Evasion Items Clause: Evasion items are banned
|rule|Evasion Moves Clause: Evasion moves are banned
|rule|Evasion Abilities Clause: Evasion abilities are banned
|rule|Sleep Moves Clause: Sleep-inducing moves are banned
|clearpoke
|poke|p1|Gliscor, F|
|poke|p1|Ogerpon, F|
|poke|p1|Walking Wake|
|poke|p1|Blissey, F|
|poke|p1|Corviknight, F|
|poke|p1|Pecharunt|
|poke|p2|Cinderace, M|
|poke|p2|Hydreigon, M|
|poke|p2|Great Tusk|
|poke|p2|Gastrodon-East, F|
|poke|p2|Meowstic, M|
|poke|p2|Kilowattrel, F|
|teampreview
|c|☆claudechamp|hf
|inactive|Battle timer is ON: inactive players will automatically lose when time's up. (requested by claudechamp)
|
|t:|1779873934
|teamsize|p1|6
|teamsize|p2|6
|start
|switch|p1a: Gliscor|Gliscor, F|100/100
|switch|p2a: Kilowattrel|Kilowattrel, F|100/100
|turn|1
|
|t:|1779873944
|move|p2a: Kilowattrel|Air Slash|p1a: Gliscor
|-damage|p1a: Gliscor|71/100
|move|p1a: Gliscor|Toxic|p2a: Kilowattrel
|-status|p2a: Kilowattrel|tox
|
|-damage|p2a: Kilowattrel|94/100 tox|[from] psn
|-status|p1a: Gliscor|tox|[from] item: Toxic Orb
|upkeep
|turn|2
|
|t:|1779873953
|move|p2a: Kilowattrel|Air Slash|p1a: Gliscor
|-damage|p1a: Gliscor|40/100 tox
|move|p1a: Gliscor|Spikes|p2a: Kilowattrel
|-sidestart|p2: scorbunny11|Spikes
|
|-damage|p2a: Kilowattrel|82/100 tox|[from] psn
|-heal|p1a: Gliscor|52/100 tox|[from] ability: Poison Heal
|upkeep
|turn|3
|
|t:|1779873960
|move|p2a: Kilowattrel|Air Slash|p1a: Gliscor
|-damage|p1a: Gliscor|24/100 tox
|cant|p1a: Gliscor|flinch
|
|-damage|p2a: Kilowattrel|64/100 tox|[from] psn
|-heal|p1a: Gliscor|37/100 tox|[from] ability: Poison Heal
|upkeep
|turn|4
|
|t:|1779873968
|move|p1a: Gliscor|Protect|p1a: Gliscor
|-singleturn|p1a: Gliscor|Protect
|move|p2a: Kilowattrel|Air Slash|p1a: Gliscor
|-activate|p1a: Gliscor|move: Protect
|
|-damage|p2a: Kilowattrel|40/100 tox|[from] psn
|-heal|p1a: Gliscor|49/100 tox|[from] ability: Poison Heal
|upkeep
|turn|5
|
|t:|1779873975
|move|p2a: Kilowattrel|Air Slash|p1a: Gliscor
|-damage|p1a: Gliscor|21/100 tox
|move|p1a: Gliscor|Spikes|p2a: Kilowattrel
|-sidestart|p2: scorbunny11|Spikes
|
|-damage|p2a: Kilowattrel|10/100 tox|[from] psn
|-heal|p1a: Gliscor|33/100 tox|[from] ability: Poison Heal
|upkeep
|turn|6
|
|t:|1779873981
|move|p2a: Kilowattrel|Tailwind|p2a: Kilowattrel
|-sidestart|p2: scorbunny11|move: Tailwind
|move|p1a: Gliscor|Spikes|p2a: Kilowattrel
|-sidestart|p2: scorbunny11|Spikes
|
|-damage|p2a: Kilowattrel|0 fnt|[from] psn
|faint|p2a: Kilowattrel
|-heal|p1a: Gliscor|46/100 tox|[from] ability: Poison Heal
|upkeep
|
|t:|1779873998
|switch|p2a: Cinderace|Cinderace, M|100/100
|turn|7
|
|t:|1779874000
|move|p2a: Cinderace|Pyro Ball|p1a: Gliscor
|-damage|p1a: Gliscor|0 fnt
|faint|p1a: Gliscor
|
|upkeep
|
|t:|1779874003
|switch|p1a: Walking Wake|Walking Wake|100/100
|turn|8
|
|t:|1779874009
|move|p2a: Cinderace|U-turn|p1a: Walking Wake
|-start|p2a: Cinderace|typechange|Bug|[from] ability: Libero
|-damage|p1a: Walking Wake|62/100
|
|t:|1779874013
|switch|p2a: Gastrodon|Gastrodon-East, F|100/100|[from] U-turn
|-damage|p2a: Gastrodon|76/100|[from] Spikes
|move|p1a: Walking Wake|Surf|p2a: Gastrodon
|-ability|p2a: Gastrodon|Storm Drain|boost
|-boost|p2a: Gastrodon|spa|1
|
|-heal|p2a: Gastrodon|82/100|[from] item: Leftovers
|upkeep
|turn|9
|
|t:|1779874021
|move|p1a: Walking Wake|Surf|p2a: Gastrodon
|-ability|p2a: Gastrodon|Storm Drain|boost
|-boost|p2a: Gastrodon|spa|1
|move|p2a: Gastrodon|Earth Power|p1a: Walking Wake
|-damage|p1a: Walking Wake|0 fnt
|faint|p1a: Walking Wake
|-end|p1a: Walking Wake|Protosynthesis|[silent]
|
|-heal|p2a: Gastrodon|88/100|[from] item: Leftovers
|-sideend|p2: scorbunny11|move: Tailwind
|upkeep
|
|t:|1779874026
|switch|p1a: Pecharunt|Pecharunt|100/100
|turn|10
|
|t:|1779874029
|move|p1a: Pecharunt|Malignant Chain|p2a: Gastrodon
|-resisted|p2a: Gastrodon
|-damage|p2a: Gastrodon|78/100
|-status|p2a: Gastrodon|tox
|-start|p2a: Gastrodon|confusion|[from] ability: Poison Puppeteer|[of] p1a: Pecharunt
|-activate|p2a: Gastrodon|confusion
|-damage|p2a: Gastrodon|71/100 tox|[from] confusion
|
|-heal|p2a: Gastrodon|77/100 tox|[from] item: Leftovers
|-damage|p2a: Gastrodon|71/100 tox|[from] psn
|upkeep
|turn|11
|
|t:|1779874040
|move|p1a: Pecharunt|Malignant Chain|p2a: Gastrodon
|-resisted|p2a: Gastrodon
|-damage|p2a: Gastrodon|60/100 tox
|-activate|p2a: Gastrodon|confusion
|move|p2a: Gastrodon|Earth Power|p1a: Pecharunt
|-supereffective|p1a: Pecharunt
|-damage|p1a: Pecharunt|0 fnt
|faint|p1a: Pecharunt
|
|-heal|p2a: Gastrodon|66/100 tox|[from] item: Leftovers
|-damage|p2a: Gastrodon|54/100 tox|[from] psn
|upkeep
|
|t:|1779874051
|switch|p1a: Corviknight|Corviknight, F|100/100
|-ability|p1a: Corviknight|Pressure
|turn|12
|
|t:|1779874057
|move|p1a: Corviknight|Body Press|p2a: Gastrodon
|-damage|p2a: Gastrodon|26/100 tox
|-activate|p2a: Gastrodon|confusion
|-damage|p2a: Gastrodon|18/100 tox|[from] confusion
|
|-heal|p2a: Gastrodon|24/100 tox|[from] item: Leftovers
|-damage|p2a: Gastrodon|6/100 tox|[from] psn
|upkeep
|turn|13
|
|t:|1779874063
|move|p1a: Corviknight|Body Press|p2a: Gastrodon
|-damage|p2a: Gastrodon|0 fnt
|faint|p2a: Gastrodon
|
|upkeep
|
|t:|1779874065
|switch|p2a: Great Tusk|Great Tusk|100/100
|-damage|p2a: Great Tusk|75/100|[from] Spikes
|turn|14
|
|t:|1779874073
|-terastallize|p1a: Corviknight|Ghost
|move|p2a: Great Tusk|Rapid Spin|p1a: Corviknight
|-immune|p1a: Corviknight
|move|p1a: Corviknight|Body Press|p2a: Great Tusk
|-damage|p2a: Great Tusk|61/100
|-damage|p1a: Corviknight|84/100|[from] item: Rocky Helmet|[of] p2a: Great Tusk
|
|upkeep
|turn|15
|
|t:|1779874078
|move|p2a: Great Tusk|Stealth Rock|p1a: Corviknight
|-sidestart|p1: claudechamp|move: Stealth Rock
|move|p1a: Corviknight|Roost|p1a: Corviknight
|-heal|p1a: Corviknight|100/100
|
|upkeep
|turn|16
|
|t:|1779874090
|-end|p2a: Great Tusk|Protosynthesis|[silent]
|switch|p2a: Hydreigon|Hydreigon, M|100/100
|move|p1a: Corviknight|Body Press|p2a: Hydreigon
|-supereffective|p2a: Hydreigon
|-damage|p2a: Hydreigon|37/100
|
|upkeep
|turn|17
|
|t:|1779874100
|move|p2a: Hydreigon|Dark Pulse|p1a: Corviknight
|-supereffective|p1a: Corviknight
|-damage|p1a: Corviknight|0 fnt
|faint|p1a: Corviknight
|-damage|p2a: Hydreigon|27/100|[from] item: Life Orb
|
|upkeep
|
|t:|1779874107
|switch|p1a: Blissey|Blissey, F|100/100
|turn|18
|
|t:|1779874127
|move|p2a: Hydreigon|U-turn|p1a: Blissey
|-damage|p1a: Blissey|80/100
|-damage|p2a: Hydreigon|17/100|[from] item: Life Orb
|
|t:|1779874131
|switch|p2a: Great Tusk|Great Tusk|61/100|[from] U-turn
|-damage|p2a: Great Tusk|36/100|[from] Spikes
|move|p1a: Blissey|Seismic Toss|p2a: Great Tusk
|-damage|p2a: Great Tusk|9/100
|-damage|p1a: Blissey|64/100|[from] item: Rocky Helmet|[of] p2a: Great Tusk
|
|upkeep
|turn|19
|
|t:|1779874139
|move|p2a: Great Tusk|Rapid Spin|p1a: Blissey
|-damage|p1a: Blissey|47/100
|-boost|p2a: Great Tusk|spe|1
|-sideend|p2: scorbunny11|Spikes|[from] move: Rapid Spin|[of] p2a: Great Tusk
|move|p1a: Blissey|Seismic Toss|p2a: Great Tusk
|-damage|p2a: Great Tusk|0 fnt
|-damage|p1a: Blissey|30/100|[from] item: Rocky Helmet|[of] p2a: Great Tusk
|faint|p2a: Great Tusk
|-end|p2a: Great Tusk|Protosynthesis|[silent]
|
|upkeep
|
|t:|1779874144
|switch|p2a: Cinderace|Cinderace, M|100/100
|turn|20
|
|t:|1779874154
|move|p2a: Cinderace|Pyro Ball|p1a: Blissey
|-damage|p1a: Blissey|0 fnt
|faint|p1a: Blissey
|
|upkeep
|
|t:|1779874160
|switch|p1a: Ogerpon|Ogerpon, F|100/100
|turn|21
|
|t:|1779874175
|move|p2a: Cinderace|Pyro Ball|p1a: Ogerpon
|-supereffective|p1a: Ogerpon
|-damage|p1a: Ogerpon|0 fnt
|faint|p1a: Ogerpon
|
|win|scorbunny11
|raw|claudechamp's rating: 1227 &rarr; <strong>1202</strong><br />(-25 for losing)
|raw|scorbunny11's rating: 1225 &rarr; <strong>1250</strong><br />(+25 for winning)
|c|☆claudechamp|gg
|l|☆scorbunny11
|player|p2|
