|j|☆Tactical_foul
|j|☆rexa2
|t:|1779917688
|gametype|singles
|player|p1|Tactical_foul|101|1517
|player|p2|rexa2|brock|1450
|gen|9
|tier|[Gen 9] OU
|rated|
|rule|HP Percentage Mod: HP is shown in percentages
|rule|Endless Battle Clause: Forcing endless battles is banned
|rule|Species Clause: Limit one of each Pokémon
|rule|OHKO Clause: OHKO moves are banned
|rule|Evasion Items Clause: Evasion items are banned
|rule|Evasion Moves Clause: Evasion moves are banned
|rule|Evasion Abilities Clause: Evasion abilities are banned
|rule|Sleep Moves Clause: Sleep-inducing moves are banned
|clearpoke
|poke|p1|Iron Valiant|
|poke|p1|Excadrill, M|
|poke|p1|Tyranitar, M|
|poke|p1|Tornadus-Therian, M|
|poke|p1|Ogerpon-Cornerstone, F|
|poke|p1|Toxapex, M|
|poke|p2|Kleavor, F|
|poke|p2|Regieleki|
|poke|p2|Weezing-Galar, M|
|poke|p2|Swampert, M|
|poke|p2|Skarmory, M|
|poke|p2|Kommo-o, M|
|teampreview
|inactive|Battle timer is ON: inactive players will automatically lose when time's up. (requested by rexa2)
|
|t:|1779917733
|teamsize|p1|6
|teamsize|p2|6
|start
|switch|p1a: Ogerpon|Ogerpon-Cornerstone, F|100/100
|switch|p2a: Kleavor|Kleavor, F|100/100
|turn|1
|
|t:|1779917741
|move|p2a: Kleavor|U-turn|p1a: Ogerpon
|-supereffective|p1a: Ogerpon
|-ability|p1a: Ogerpon|Sturdy
|-damage|p1a: Ogerpon|1/100
|
|t:|1779917769
|switch|p2a: Who decided that?|Regieleki|100/100|[from] U-turn
|move|p1a: Ogerpon|Ivy Cudgel|p2a: Who decided that?|[anim] Ivy Cudgel Rock
|-enditem|p2a: Who decided that?|Focus Sash
|-damage|p2a: Who decided that?|1/100
|
|upkeep
|turn|2
|
|t:|1779917775
|switch|p1a: Tyranitar|Tyranitar, M, shiny|100/100
|-weather|Sandstorm|[from] ability: Sand Stream|[of] p1a: Tyranitar
|move|p2a: Who decided that?|Volt Switch|p1a: Tyranitar
|-damage|p1a: Tyranitar|73/100
|
|t:|1779917780
|switch|p2a: Kleavor|Kleavor, F|100/100|[from] Volt Switch
|
|-weather|Sandstorm|[upkeep]
|upkeep
|turn|3
|
|t:|1779917787
|switch|p1a: Toxapex|Toxapex, M, shiny|100/100
|move|p2a: Kleavor|Stone Axe|p1a: Toxapex
|-damage|p1a: Toxapex|63/100
|-sidestart|p1: Tactical_foul|move: Stealth Rock
|-enditem|p1a: Toxapex|Eject Button
|
|t:|1779917804
|switch|p1a: Excadrill|Excadrill, M, shiny|100/100
|-damage|p1a: Excadrill|97/100|[from] Stealth Rock
|
|-weather|Sandstorm|[upkeep]
|-heal|p1a: Excadrill|100/100|[from] item: Leftovers
|upkeep
|turn|4
|
|t:|1779917809
|switch|p2a: Skarmory|Skarmory, M|100/100
|move|p1a: Excadrill|Rapid Spin|p2a: Skarmory
|-resisted|p2a: Skarmory
|-damage|p2a: Skarmory|92/100
|-boost|p1a: Excadrill|spe|1
|-ability|p2a: Skarmory|Weak Armor|boost
|-unboost|p2a: Skarmory|def|1
|-boost|p2a: Skarmory|spe|2
|-sideend|p1: Tactical_foul|Stealth Rock|[from] move: Rapid Spin|[of] p1a: Excadrill
|
|-weather|Sandstorm|[upkeep]
|upkeep
|turn|5
|
|t:|1779917820
|switch|p1a: Toxapex|Toxapex, M, shiny|96/100
|move|p2a: Skarmory|Drill Run|p1a: Toxapex
|-supereffective|p1a: Toxapex
|-damage|p1a: Toxapex|65/100
|
|-weather|Sandstorm|[upkeep]
|-damage|p1a: Toxapex|59/100|[from] Sandstorm
|upkeep
|turn|6
|
|t:|1779917825
|-terastallize|p2a: Skarmory|Ground
|move|p2a: Skarmory|Drill Run|p1a: Toxapex
|-supereffective|p1a: Toxapex
|-damage|p1a: Toxapex|15/100
|move|p1a: Toxapex|Recover|p1a: Toxapex
|-heal|p1a: Toxapex|65/100
|
|-weather|Sandstorm|[upkeep]
|-damage|p1a: Toxapex|59/100|[from] Sandstorm
|upkeep
|turn|7
|
|t:|1779917830
|move|p2a: Skarmory|Drill Run|p1a: Toxapex
|-supereffective|p1a: Toxapex
|-damage|p1a: Toxapex|15/100
|move|p1a: Toxapex|Recover|p1a: Toxapex
|-heal|p1a: Toxapex|65/100
|
|-weather|Sandstorm|[upkeep]
|-damage|p1a: Toxapex|59/100|[from] Sandstorm
|upkeep
|turn|8
|
|t:|1779917833
|move|p2a: Skarmory|Drill Run|p1a: Toxapex
|-supereffective|p1a: Toxapex
|-damage|p1a: Toxapex|17/100
|move|p1a: Toxapex|Recover|p1a: Toxapex
|-heal|p1a: Toxapex|67/100
|
|-weather|Sandstorm|[upkeep]
|-damage|p1a: Toxapex|61/100|[from] Sandstorm
|upkeep
|turn|9
|
|t:|1779917835
|move|p2a: Skarmory|Drill Run|p1a: Toxapex
|-supereffective|p1a: Toxapex
|-damage|p1a: Toxapex|12/100
|move|p1a: Toxapex|Recover|p1a: Toxapex
|-heal|p1a: Toxapex|62/100
|
|-weather|none
|upkeep
|turn|10
|
|t:|1779917838
|switch|p1a: Tornadus|Tornadus-Therian, M, shiny|100/100
|move|p2a: Skarmory|Swords Dance|p2a: Skarmory
|-boost|p2a: Skarmory|atk|2
|
|upkeep
|turn|11
|
|t:|1779917845
|move|p2a: Skarmory|Brave Bird|p1a: Tornadus
|-damage|p1a: Tornadus|0 fnt
|faint|p1a: Tornadus
|-damage|p2a: Skarmory|61/100|[from] Recoil
|
|upkeep
|
|t:|1779917864
|switch|p1a: Tyranitar|Tyranitar, M, shiny|73/100
|-weather|Sandstorm|[from] ability: Sand Stream|[of] p1a: Tyranitar
|turn|12
|
|t:|1779917871
|switch|p1a: Ogerpon|Ogerpon-Cornerstone, F|1/100
|move|p2a: Skarmory|Iron Head|p1a: Ogerpon
|-supereffective|p1a: Ogerpon
|-damage|p1a: Ogerpon|0 fnt
|faint|p1a: Ogerpon
|
|-weather|Sandstorm|[upkeep]
|upkeep
|
|t:|1779917873
|switch|p1a: Excadrill|Excadrill, M, shiny|100/100
|turn|13
|
|t:|1779917901
|switch|p2a: Swampert|Swampert, M|100/100
|move|p1a: Excadrill|Substitute|p1a: Excadrill
|-start|p1a: Excadrill|Substitute
|-damage|p1a: Excadrill|76/100
|
|-weather|Sandstorm|[upkeep]
|-heal|p1a: Excadrill|82/100|[from] item: Leftovers
|upkeep
|turn|14
|
|t:|1779917904
|move|p1a: Excadrill|Earthquake|p2a: Swampert
|-damage|p2a: Swampert|47/100
|move|p2a: Swampert|Flip Turn|p1a: Excadrill
|-supereffective|p1a: Excadrill
|-end|p1a: Excadrill|Substitute
|
|t:|1779917914
|switch|p2a: Skarmory|Skarmory, M, tera:Ground|61/100|[from] Flip Turn
|
|-weather|Sandstorm|[upkeep]
|-heal|p1a: Excadrill|88/100|[from] item: Leftovers
|upkeep
|turn|15
|
|t:|1779917928
|-terastallize|p1a: Excadrill|Ground
|move|p1a: Excadrill|Substitute|p1a: Excadrill
|-start|p1a: Excadrill|Substitute
|-damage|p1a: Excadrill|63/100
|move|p2a: Skarmory|Drill Run|p1a: Excadrill
|-end|p1a: Excadrill|Substitute
|
|-weather|Sandstorm|[upkeep]
|-heal|p1a: Excadrill|69/100|[from] item: Leftovers
|upkeep
|turn|16
|
|t:|1779917935
|move|p1a: Excadrill|Earthquake|p2a: Skarmory
|-damage|p2a: Skarmory|0 fnt
|faint|p2a: Skarmory
|
|-weather|Sandstorm|[upkeep]
|-heal|p1a: Excadrill|75/100|[from] item: Leftovers
|upkeep
|
|t:|1779917948
|switch|p2a: Kommo-o|Kommo-o, M|100/100
|turn|17
|
|t:|1779917953
|move|p1a: Excadrill|Earthquake|p2a: Kommo-o
|-damage|p2a: Kommo-o|29/100
|move|p2a: Kommo-o|Clanging Scales|p1a: Excadrill
|-crit|p1a: Excadrill
|-damage|p1a: Excadrill|0 fnt
|faint|p1a: Excadrill
|-unboost|p2a: Kommo-o|def|1
|
|-weather|Sandstorm|[upkeep]
|-damage|p2a: Kommo-o|23/100|[from] Sandstorm
|upkeep
|
|t:|1779917960
|switch|p1a: Iron Valiant|Iron Valiant, shiny|100/100
|turn|18
|
|t:|1779917973
|switch|p2a: Weezing|Weezing-Galar, M|100/100
|-ability|p2a: Weezing|Neutralizing Gas
|move|p1a: Iron Valiant|Moonblast|p2a: Weezing
|-resisted|p2a: Weezing
|-damage|p2a: Weezing|54/100
|
|-weather|Sandstorm|[upkeep]
|-damage|p1a: Iron Valiant|94/100|[from] Sandstorm
|-damage|p2a: Weezing|48/100|[from] Sandstorm
|upkeep
|turn|19
|
|t:|1779917985
|-end|p1a: Iron Valiant|Quark Drive|[silent]
|switch|p1a: Tyranitar|Tyranitar, M, shiny|73/100
|move|p2a: Weezing|Strange Steam|p1a: Tyranitar
|-supereffective|p1a: Tyranitar
|-damage|p1a: Tyranitar|38/100
|
|-weather|none
|upkeep
|turn|20
|
|t:|1779917998
|move|p1a: Tyranitar|Stealth Rock|p2a: Weezing
|-sidestart|p2: rexa2|move: Stealth Rock
|move|p2a: Weezing|Strange Steam|p1a: Tyranitar
|-supereffective|p1a: Tyranitar
|-damage|p1a: Tyranitar|0 fnt
|faint|p1a: Tyranitar
|
|upkeep
|
|t:|1779918006
|switch|p1a: Iron Valiant|Iron Valiant, shiny|94/100
|turn|21
|
|t:|1779918013
|move|p1a: Iron Valiant|Shadow Ball|p2a: Weezing
|-damage|p2a: Weezing|0 fnt
|faint|p2a: Weezing
|-end|p2a: Weezing|ability: Neutralizing Gas
|
|upkeep
|
|t:|1779918018
|switch|p2a: Kommo-o|Kommo-o, M|23/100
|-damage|p2a: Kommo-o|17/100|[from] Stealth Rock
|turn|22
|
|t:|1779918021
|-end|p1a: Iron Valiant|Quark Drive|[silent]
|switch|p1a: Toxapex|Toxapex, M, shiny|95/100
|move|p2a: Kommo-o|Boomburst|p1a: Toxapex
|-damage|p1a: Toxapex|55/100
|
|upkeep
|turn|23
|
|t:|1779918024
|move|p2a: Kommo-o|Boomburst|p1a: Toxapex
|-damage|p1a: Toxapex|15/100
|move|p1a: Toxapex|Recover|p1a: Toxapex
|-heal|p1a: Toxapex|66/100
|
|upkeep
|turn|24
|
|t:|1779918027
|move|p2a: Kommo-o|Boomburst|p1a: Toxapex
|-damage|p1a: Toxapex|26/100
|move|p1a: Toxapex|Recover|p1a: Toxapex
|-heal|p1a: Toxapex|76/100
|
|upkeep
|turn|25
|
|t:|1779918030
|move|p2a: Kommo-o|Boomburst|p1a: Toxapex
|-damage|p1a: Toxapex|36/100
|move|p1a: Toxapex|Recover|p1a: Toxapex
|-heal|p1a: Toxapex|86/100
|
|upkeep
|turn|26
|
|t:|1779918036
|move|p2a: Kommo-o|Boomburst|p1a: Toxapex
|-damage|p1a: Toxapex|47/100
|move|p1a: Toxapex|Toxic Spikes|p2a: Kommo-o
|-sidestart|p2: rexa2|move: Toxic Spikes
|
|upkeep
|turn|27
|
|t:|1779918038
|move|p2a: Kommo-o|Boomburst|p1a: Toxapex
|-damage|p1a: Toxapex|2/100
|move|p1a: Toxapex|Toxic Spikes|p2a: Kommo-o
|-sidestart|p2: rexa2|move: Toxic Spikes
|
|upkeep
|turn|28
|
|t:|1779918046
|move|p2a: Kommo-o|Boomburst|p1a: Toxapex
|-damage|p1a: Toxapex|0 fnt
|faint|p1a: Toxapex
|
|upkeep
|
|t:|1779918048
|switch|p1a: Iron Valiant|Iron Valiant, shiny|94/100
|turn|29
|
|t:|1779918051
|move|p1a: Iron Valiant|Moonblast|p2a: Kommo-o
|-supereffective|p2a: Kommo-o
|-damage|p2a: Kommo-o|0 fnt
|faint|p2a: Kommo-o
|
|upkeep
|
|t:|1779918053
|switch|p2a: Kleavor|Kleavor, F|100/100
|-damage|p2a: Kleavor|76/100|[from] Stealth Rock
|-status|p2a: Kleavor|tox
|turn|30
|
|t:|1779918055
|move|p2a: Kleavor|Dual Wingbeat|p1a: Iron Valiant
|-supereffective|p1a: Iron Valiant
|-damage|p1a: Iron Valiant|57/100
|-supereffective|p1a: Iron Valiant
|-damage|p1a: Iron Valiant|18/100
|-hitcount|p1a: Iron Valiant|2
|move|p1a: Iron Valiant|Moonblast|p2a: Kleavor
|-damage|p2a: Kleavor|0 fnt
|faint|p2a: Kleavor
|
|upkeep
|
|t:|1779918067
|switch|p2a: Swampert|Swampert, M|47/100
|-damage|p2a: Swampert|41/100|[from] Stealth Rock
|-status|p2a: Swampert|tox
|turn|31
|
|t:|1779918071
|move|p1a: Iron Valiant|Moonblast|p2a: Swampert
|-damage|p2a: Swampert|11/100 tox
|move|p2a: Swampert|Earthquake|p1a: Iron Valiant
|-damage|p1a: Iron Valiant|0 fnt
|faint|p1a: Iron Valiant
|-end|p1a: Iron Valiant|Quark Drive|[silent]
|
|win|rexa2
|raw|Tactical_foul's rating: 1517 &rarr; <strong>1493</strong><br />(-24 for losing)
|raw|rexa2's rating: 1450 &rarr; <strong>1474</strong><br />(+24 for winning)
|l|☆Tactical_foul
|player|p1|
