|j|☆HugsSC
|j|☆DeepestMangolore
|t:|1779944734
|gametype|singles
|player|p1|HugsSC|alder|1247
|player|p2|DeepestMangolore|pokemaniac|1250
|gen|9
|tier|[Gen 9] OU
|rated|
|rule|HP Percentage Mod: HP is shown in percentages
|rule|Endless Battle Clause: Forcing endless battles is banned
|rule|Species Clause: Limit one of each Pokémon
|rule|OHKO Clause: OHKO moves are banned
|rule|Evasion Items Clause: Evasion items are banned
|rule|Evasion Moves Clause: Evasion moves are banned
|rule|Evasion Abilities Clause: Evasion abilities are banned
|rule|Sleep Moves Clause: Sleep-inducing moves are banned
|clearpoke
|poke|p1|Wo-Chien|
|poke|p1|Landorus-Therian, M|
|poke|p1|Heatran, M|
|poke|p1|Alomomola, F|
|poke|p1|Mimikyu, M|
|poke|p1|Corviknight, M|
|poke|p2|Dondozo, M|
|poke|p2|Blissey, F|
|poke|p2|Gliscor, M|
|poke|p2|Toxapex, F|
|poke|p2|Mandibuzz, F|
|poke|p2|Talonflame, M|
|teampreview
|inactive|Battle timer is ON: inactive players will automatically lose when time's up. (requested by DeepestMangolore)
|inactive|HugsSC also wants the timer to be on.
|
|t:|1779944742
|teamsize|p1|6
|teamsize|p2|6
|start
|switch|p1a: Yung Slug|Wo-Chien|100/100
|switch|p2a: Garry|Gliscor, M, shiny|100/100
|-ability|p1a: Yung Slug|Tablets of Ruin
|turn|1
|
|t:|1779944748
|move|p2a: Garry|Protect|p2a: Garry
|-singleturn|p2a: Garry|Protect
|move|p1a: Yung Slug|Knock Off|p2a: Garry
|-activate|p2a: Garry|move: Protect
|
|-status|p2a: Garry|tox|[from] item: Toxic Orb
|upkeep
|turn|2
|
|t:|1779944762
|move|p2a: Garry|Knock Off|p1a: Yung Slug
|-resisted|p1a: Yung Slug
|-damage|p1a: Yung Slug|93/100
|-enditem|p1a: Yung Slug|Leftovers|[from] move: Knock Off|[of] p2a: Garry
|move|p1a: Yung Slug|Mean Look|p2a: Garry
|-activate|p2a: Garry|trapped
|
|upkeep
|turn|3
|
|t:|1779944771
|move|p2a: Garry|Spikes|p1a: Yung Slug
|-sidestart|p1: HugsSC|Spikes
|move|p1a: Yung Slug|Leech Seed|p2a: Garry
|-start|p2a: Garry|move: Leech Seed
|
|-damage|p2a: Garry|88/100 tox|[from] Leech Seed|[of] p1a: Yung Slug
|-heal|p1a: Yung Slug|100/100|[silent]
|-heal|p2a: Garry|100/100 tox|[from] ability: Poison Heal
|upkeep
|turn|4
|
|t:|1779944779
|move|p2a: Garry|Spikes|p1a: Yung Slug
|-sidestart|p1: HugsSC|Spikes
|move|p1a: Yung Slug|Knock Off|p2a: Garry
|-damage|p2a: Garry|76/100 tox
|-enditem|p2a: Garry|Toxic Orb|[from] move: Knock Off|[of] p1a: Yung Slug
|
|-damage|p2a: Garry|64/100 tox|[from] Leech Seed|[of] p1a: Yung Slug
|-heal|p2a: Garry|76/100 tox|[from] ability: Poison Heal
|upkeep
|turn|5
|
|t:|1779944786
|move|p2a: Garry|Protect|p2a: Garry
|-singleturn|p2a: Garry|Protect
|move|p1a: Yung Slug|Knock Off|p2a: Garry
|-activate|p2a: Garry|move: Protect
|
|-damage|p2a: Garry|64/100 tox|[from] Leech Seed|[of] p1a: Yung Slug
|-heal|p2a: Garry|76/100 tox|[from] ability: Poison Heal
|upkeep
|turn|6
|
|t:|1779944799
|move|p2a: Garry|Earthquake|p1a: Yung Slug
|-resisted|p1a: Yung Slug
|-damage|p1a: Yung Slug|89/100
|move|p1a: Yung Slug|Knock Off|p2a: Garry
|-damage|p2a: Garry|61/100 tox
|
|-damage|p2a: Garry|48/100 tox|[from] Leech Seed|[of] p1a: Yung Slug
|-heal|p1a: Yung Slug|100/100|[silent]
|-heal|p2a: Garry|61/100 tox|[from] ability: Poison Heal
|upkeep
|turn|7
|
|t:|1779944813
|move|p2a: Garry|Spikes|p1a: Yung Slug
|-sidestart|p1: HugsSC|Spikes
|move|p1a: Yung Slug|Knock Off|p2a: Garry
|-damage|p2a: Garry|46/100 tox
|
|-damage|p2a: Garry|34/100 tox|[from] Leech Seed|[of] p1a: Yung Slug
|-heal|p2a: Garry|46/100 tox|[from] ability: Poison Heal
|upkeep
|turn|8
|
|t:|1779944820
|move|p2a: Garry|Protect|p2a: Garry
|-singleturn|p2a: Garry|Protect
|move|p1a: Yung Slug|Knock Off|p2a: Garry
|-activate|p2a: Garry|move: Protect
|
|-damage|p2a: Garry|34/100 tox|[from] Leech Seed|[of] p1a: Yung Slug
|-heal|p2a: Garry|46/100 tox|[from] ability: Poison Heal
|upkeep
|turn|9
|
|t:|1779944824
|move|p2a: Garry|Earthquake|p1a: Yung Slug
|-resisted|p1a: Yung Slug
|-damage|p1a: Yung Slug|90/100
|move|p1a: Yung Slug|Knock Off|p2a: Garry
|-damage|p2a: Garry|29/100 tox
|
|-damage|p2a: Garry|17/100 tox|[from] Leech Seed|[of] p1a: Yung Slug
|-heal|p1a: Yung Slug|100/100|[silent]
|-heal|p2a: Garry|29/100 tox|[from] ability: Poison Heal
|upkeep
|turn|10
|
|t:|1779944837
|move|p2a: Garry|Protect|p2a: Garry
|-singleturn|p2a: Garry|Protect
|move|p1a: Yung Slug|Knock Off|p2a: Garry
|-activate|p2a: Garry|move: Protect
|
|-damage|p2a: Garry|17/100 tox|[from] Leech Seed|[of] p1a: Yung Slug
|-heal|p2a: Garry|29/100 tox|[from] ability: Poison Heal
|upkeep
|turn|11
|
|t:|1779944841
|move|p2a: Garry|Protect|p2a: Garry
|-singleturn|p2a: Garry|Protect
|move|p1a: Yung Slug|Knock Off|p2a: Garry
|-activate|p2a: Garry|move: Protect
|
|-damage|p2a: Garry|17/100 tox|[from] Leech Seed|[of] p1a: Yung Slug
|-heal|p2a: Garry|29/100 tox|[from] ability: Poison Heal
|upkeep
|turn|12
|
|t:|1779944844
|move|p2a: Garry|Protect||[still]
|-fail|p2a: Garry
|move|p1a: Yung Slug|Knock Off|p2a: Garry
|-damage|p2a: Garry|12/100 tox
|
|-damage|p2a: Garry|0 fnt|[from] Leech Seed|[of] p1a: Yung Slug
|faint|p2a: Garry
|upkeep
|
|t:|1779944859
|switch|p2a: Code Red|Toxapex, F, shiny|100/100
|turn|13
|
|t:|1779944874
|-terastallize|p1a: Yung Slug|Poison
|move|p1a: Yung Slug|Mean Look|p2a: Code Red
|-activate|p2a: Code Red|trapped
|move|p2a: Code Red|Toxic Spikes|p1a: Yung Slug
|-sidestart|p1: HugsSC|move: Toxic Spikes
|
|upkeep
|turn|14
|
|t:|1779944881
|move|p1a: Yung Slug|Leech Seed|p2a: Code Red
|-start|p2a: Code Red|move: Leech Seed
|move|p2a: Code Red|Surf|p1a: Yung Slug
|-damage|p1a: Yung Slug|89/100
|
|-damage|p2a: Code Red|88/100|[from] Leech Seed|[of] p1a: Yung Slug
|-heal|p1a: Yung Slug|99/100|[silent]
|upkeep
|turn|15
|
|t:|1779944892
|-terastallize|p2a: Code Red|Ghost
|move|p1a: Yung Slug|Protect|p1a: Yung Slug
|-singleturn|p1a: Yung Slug|Protect
|move|p2a: Code Red|Toxic Spikes|p1a: Yung Slug
|-sidestart|p1: HugsSC|move: Toxic Spikes
|
|-heal|p2a: Code Red|94/100|[from] item: Leftovers
|-damage|p2a: Code Red|82/100|[from] Leech Seed|[of] p1a: Yung Slug
|-heal|p1a: Yung Slug|100/100|[silent]
|upkeep
|turn|16
|
|t:|1779944902
|switch|p2a: Roco|Talonflame, M, shiny|100/100
|move|p1a: Yung Slug|Knock Off|p2a: Roco
|-damage|p2a: Roco|75/100
|-status|p1a: Yung Slug|brn|[from] ability: Flame Body|[of] p2a: Roco
|-enditem|p2a: Roco|Heavy-Duty Boots|[from] move: Knock Off|[of] p1a: Yung Slug
|
|-damage|p1a: Yung Slug|94/100 brn|[from] brn
|upkeep
|turn|17
|
|t:|1779944931
|switch|p2a: Code Red|Toxapex, F, shiny, tera:Ghost|100/100
|move|p1a: Yung Slug|Mean Look||[still]
|-fail|p1a: Yung Slug
|
|-damage|p1a: Yung Slug|88/100 brn|[from] brn
|upkeep
|turn|18
|
|t:|1779944944
|move|p1a: Yung Slug|Leech Seed|p2a: Code Red
|-start|p2a: Code Red|move: Leech Seed
|move|p2a: Code Red|Surf|p1a: Yung Slug
|-damage|p1a: Yung Slug|79/100 brn
|
|-damage|p2a: Code Red|88/100|[from] Leech Seed|[of] p1a: Yung Slug
|-heal|p1a: Yung Slug|89/100 brn|[silent]
|-damage|p1a: Yung Slug|83/100 brn|[from] brn
|upkeep
|turn|19
|
|t:|1779944953
|switch|p2a: Roco|Talonflame, M, shiny|75/100
|move|p1a: Yung Slug|Mean Look|p2a: Roco
|-activate|p2a: Roco|trapped
|
|-damage|p1a: Yung Slug|76/100 brn|[from] brn
|upkeep
|turn|20
|
|t:|1779944957
|move|p2a: Roco|Overheat|p1a: Yung Slug
|-damage|p1a: Yung Slug|59/100 brn
|-unboost|p2a: Roco|spa|2
|move|p1a: Yung Slug|Leech Seed|p2a: Roco
|-start|p2a: Roco|move: Leech Seed
|
|-damage|p2a: Roco|63/100|[from] Leech Seed|[of] p1a: Yung Slug
|-heal|p1a: Yung Slug|71/100 brn|[silent]
|-damage|p1a: Yung Slug|64/100 brn|[from] brn
|upkeep
|turn|21
|
|t:|1779944969
|move|p1a: Yung Slug|Protect|p1a: Yung Slug
|-singleturn|p1a: Yung Slug|Protect
|move|p2a: Roco|Overheat|p1a: Yung Slug
|-activate|p1a: Yung Slug|move: Protect
|
|-damage|p2a: Roco|51/100|[from] Leech Seed|[of] p1a: Yung Slug
|-heal|p1a: Yung Slug|76/100 brn|[silent]
|-damage|p1a: Yung Slug|70/100 brn|[from] brn
|upkeep
|turn|22
|
|t:|1779944978
|move|p2a: Roco|Overheat|p1a: Yung Slug
|-damage|p1a: Yung Slug|60/100 brn
|-unboost|p2a: Roco|spa|2
|move|p1a: Yung Slug|Knock Off|p2a: Roco
|-damage|p2a: Roco|42/100
|
|-damage|p2a: Roco|29/100|[from] Leech Seed|[of] p1a: Yung Slug
|-heal|p1a: Yung Slug|72/100 brn|[silent]
|-damage|p1a: Yung Slug|66/100 brn|[from] brn
|upkeep
|turn|23
|
|t:|1779944983
|move|p1a: Yung Slug|Protect|p1a: Yung Slug
|-singleturn|p1a: Yung Slug|Protect
|move|p2a: Roco|Overheat|p1a: Yung Slug
|-activate|p1a: Yung Slug|move: Protect
|
|-damage|p2a: Roco|17/100|[from] Leech Seed|[of] p1a: Yung Slug
|-heal|p1a: Yung Slug|78/100 brn|[silent]
|-damage|p1a: Yung Slug|71/100 brn|[from] brn
|upkeep
|turn|24
|
|t:|1779944992
|move|p2a: Roco|Roost|p2a: Roco
|-heal|p2a: Roco|67/100
|-singleturn|p2a: Roco|move: Roost
|move|p1a: Yung Slug|Knock Off|p2a: Roco
|-damage|p2a: Roco|59/100
|
|-damage|p2a: Roco|47/100|[from] Leech Seed|[of] p1a: Yung Slug
|-heal|p1a: Yung Slug|83/100 brn|[silent]
|-damage|p1a: Yung Slug|77/100 brn|[from] brn
|upkeep
|turn|25
|
|t:|1779945000
|move|p1a: Yung Slug|Protect|p1a: Yung Slug
|-singleturn|p1a: Yung Slug|Protect
|move|p2a: Roco|Roost|p2a: Roco
|-heal|p2a: Roco|97/100
|-singleturn|p2a: Roco|move: Roost
|
|-damage|p2a: Roco|85/100|[from] Leech Seed|[of] p1a: Yung Slug
|-heal|p1a: Yung Slug|89/100 brn|[silent]
|-damage|p1a: Yung Slug|83/100 brn|[from] brn
|upkeep
|turn|26
|
|t:|1779945015
|move|p2a: Roco|Overheat|p1a: Yung Slug
|-damage|p1a: Yung Slug|76/100 brn
|-unboost|p2a: Roco|spa|2
|move|p1a: Yung Slug|Leech Seed||[still]
|-fail|p1a: Yung Slug
|
|-damage|p2a: Roco|72/100|[from] Leech Seed|[of] p1a: Yung Slug
|-heal|p1a: Yung Slug|88/100 brn|[silent]
|-damage|p1a: Yung Slug|82/100 brn|[from] brn
|upkeep
|turn|27
|
|t:|1779945025
|move|p2a: Roco|Overheat|p1a: Yung Slug
|-damage|p1a: Yung Slug|77/100 brn
|move|p1a: Yung Slug|Leech Seed||[still]
|-fail|p1a: Yung Slug
|
|-damage|p2a: Roco|60/100|[from] Leech Seed|[of] p1a: Yung Slug
|-heal|p1a: Yung Slug|89/100 brn|[silent]
|-damage|p1a: Yung Slug|83/100 brn|[from] brn
|upkeep
|turn|28
|
|t:|1779945036
|move|p2a: Roco|Overheat|p1a: Yung Slug
|-damage|p1a: Yung Slug|78/100 brn
|move|p1a: Yung Slug|Knock Off|p2a: Roco
|-damage|p2a: Roco|52/100
|
|-damage|p2a: Roco|39/100|[from] Leech Seed|[of] p1a: Yung Slug
|-heal|p1a: Yung Slug|90/100 brn|[silent]
|-damage|p1a: Yung Slug|83/100 brn|[from] brn
|upkeep
|turn|29
|
|t:|1779945040
|move|p2a: Roco|Will-O-Wisp|p1a: Yung Slug
|-fail|p1a: Yung Slug|brn
|move|p1a: Yung Slug|Knock Off|p2a: Roco
|-damage|p2a: Roco|31/100
|
|-damage|p2a: Roco|19/100|[from] Leech Seed|[of] p1a: Yung Slug
|-heal|p1a: Yung Slug|95/100 brn|[silent]
|-damage|p1a: Yung Slug|89/100 brn|[from] brn
|upkeep
|turn|30
|
|t:|1779945046
|move|p2a: Roco|Roost|p2a: Roco
|-heal|p2a: Roco|69/100
|-singleturn|p2a: Roco|move: Roost
|move|p1a: Yung Slug|Knock Off|p2a: Roco
|-damage|p2a: Roco|61/100
|
|-damage|p2a: Roco|48/100|[from] Leech Seed|[of] p1a: Yung Slug
|-heal|p1a: Yung Slug|100/100 brn|[silent]
|-damage|p1a: Yung Slug|94/100 brn|[from] brn
|upkeep
|turn|31
|
|t:|1779945053
|move|p1a: Yung Slug|Protect|p1a: Yung Slug
|-singleturn|p1a: Yung Slug|Protect
|move|p2a: Roco|Roost|p2a: Roco
|-heal|p2a: Roco|99/100
|-singleturn|p2a: Roco|move: Roost
|
|-damage|p2a: Roco|86/100|[from] Leech Seed|[of] p1a: Yung Slug
|-heal|p1a: Yung Slug|100/100 brn|[silent]
|-damage|p1a: Yung Slug|94/100 brn|[from] brn
|upkeep
|turn|32
|
|t:|1779945062
|move|p2a: Roco|Will-O-Wisp|p1a: Yung Slug
|-fail|p1a: Yung Slug|brn
|move|p1a: Yung Slug|Leech Seed||[still]
|-fail|p1a: Yung Slug
|
|-damage|p2a: Roco|74/100|[from] Leech Seed|[of] p1a: Yung Slug
|-heal|p1a: Yung Slug|100/100 brn|[silent]
|-damage|p1a: Yung Slug|94/100 brn|[from] brn
|upkeep
|turn|33
|
|t:|1779945075
|move|p2a: Roco|Will-O-Wisp|p1a: Yung Slug
|-fail|p1a: Yung Slug|brn
|move|p1a: Yung Slug|Knock Off|p2a: Roco
|-damage|p2a: Roco|66/100
|
|-damage|p2a: Roco|53/100|[from] Leech Seed|[of] p1a: Yung Slug
|-heal|p1a: Yung Slug|100/100 brn|[silent]
|-damage|p1a: Yung Slug|94/100 brn|[from] brn
|upkeep
|turn|34
|
|t:|1779945083
|move|p1a: Yung Slug|Protect|p1a: Yung Slug
|-singleturn|p1a: Yung Slug|Protect
|move|p2a: Roco|Will-O-Wisp|p1a: Yung Slug
|-activate|p1a: Yung Slug|move: Protect
|
|-damage|p2a: Roco|41/100|[from] Leech Seed|[of] p1a: Yung Slug
|-heal|p1a: Yung Slug|100/100 brn|[silent]
|-damage|p1a: Yung Slug|94/100 brn|[from] brn
|upkeep
|turn|35
|
|t:|1779945088
|move|p2a: Roco|Will-O-Wisp|p1a: Yung Slug
|-fail|p1a: Yung Slug|brn
|move|p1a: Yung Slug|Knock Off|p2a: Roco
|-damage|p2a: Roco|33/100
|
|-damage|p2a: Roco|21/100|[from] Leech Seed|[of] p1a: Yung Slug
|-heal|p1a: Yung Slug|100/100 brn|[silent]
|-damage|p1a: Yung Slug|94/100 brn|[from] brn
|upkeep
|turn|36
|
|t:|1779945095
|move|p2a: Roco|Will-O-Wisp|p1a: Yung Slug
|-fail|p1a: Yung Slug|brn
|move|p1a: Yung Slug|Leech Seed||[still]
|-fail|p1a: Yung Slug
|
|-damage|p2a: Roco|9/100|[from] Leech Seed|[of] p1a: Yung Slug
|-heal|p1a: Yung Slug|100/100 brn|[silent]
|-damage|p1a: Yung Slug|94/100 brn|[from] brn
|upkeep
|turn|37
|
|t:|1779945098
|move|p2a: Roco|Roost|p2a: Roco
|-heal|p2a: Roco|59/100
|-singleturn|p2a: Roco|move: Roost
|move|p1a: Yung Slug|Knock Off|p2a: Roco
|-damage|p2a: Roco|50/100
|
|-damage|p2a: Roco|38/100|[from] Leech Seed|[of] p1a: Yung Slug
|-heal|p1a: Yung Slug|100/100 brn|[silent]
|-damage|p1a: Yung Slug|94/100 brn|[from] brn
|upkeep
|turn|38
|
|t:|1779945105
|move|p2a: Roco|Will-O-Wisp|p1a: Yung Slug
|-fail|p1a: Yung Slug|brn
|move|p1a: Yung Slug|Knock Off|p2a: Roco
|-crit|p2a: Roco
|-damage|p2a: Roco|25/100
|
|-damage|p2a: Roco|13/100|[from] Leech Seed|[of] p1a: Yung Slug
|-heal|p1a: Yung Slug|100/100 brn|[silent]
|-damage|p1a: Yung Slug|94/100 brn|[from] brn
|upkeep
|turn|39
|
|t:|1779945110
|move|p2a: Roco|Roost|p2a: Roco
|-heal|p2a: Roco|63/100
|-singleturn|p2a: Roco|move: Roost
|move|p1a: Yung Slug|Knock Off|p2a: Roco
|-damage|p2a: Roco|55/100
|
|-damage|p2a: Roco|42/100|[from] Leech Seed|[of] p1a: Yung Slug
|-heal|p1a: Yung Slug|100/100 brn|[silent]
|-damage|p1a: Yung Slug|94/100 brn|[from] brn
|upkeep
|turn|40
|
|t:|1779945116
|move|p2a: Roco|Will-O-Wisp|p1a: Yung Slug|[miss]
|-miss|p2a: Roco|p1a: Yung Slug
|move|p1a: Yung Slug|Leech Seed||[still]
|-fail|p1a: Yung Slug
|
|-damage|p2a: Roco|30/100|[from] Leech Seed|[of] p1a: Yung Slug
|-heal|p1a: Yung Slug|100/100 brn|[silent]
|-damage|p1a: Yung Slug|94/100 brn|[from] brn
|upkeep
|turn|41
|
|t:|1779945124
|move|p2a: Roco|Will-O-Wisp|p1a: Yung Slug
|-fail|p1a: Yung Slug|brn
|move|p1a: Yung Slug|Knock Off|p2a: Roco
|-damage|p2a: Roco|21/100
|
|-damage|p2a: Roco|9/100|[from] Leech Seed|[of] p1a: Yung Slug
|-heal|p1a: Yung Slug|100/100 brn|[silent]
|-damage|p1a: Yung Slug|94/100 brn|[from] brn
|upkeep
|turn|42
|
|t:|1779945129
|move|p2a: Roco|Roost|p2a: Roco
|-heal|p2a: Roco|59/100
|-singleturn|p2a: Roco|move: Roost
|move|p1a: Yung Slug|Leech Seed||[still]
|-fail|p1a: Yung Slug
|
|-damage|p2a: Roco|46/100|[from] Leech Seed|[of] p1a: Yung Slug
|-heal|p1a: Yung Slug|100/100 brn|[silent]
|-damage|p1a: Yung Slug|94/100 brn|[from] brn
|upkeep
|turn|43
|
|t:|1779945153
|move|p1a: Yung Slug|Protect|p1a: Yung Slug
|-singleturn|p1a: Yung Slug|Protect
|move|p2a: Roco|Will-O-Wisp|p1a: Yung Slug
|-activate|p1a: Yung Slug|move: Protect
|
|-damage|p2a: Roco|34/100|[from] Leech Seed|[of] p1a: Yung Slug
|-heal|p1a: Yung Slug|100/100 brn|[silent]
|-damage|p1a: Yung Slug|94/100 brn|[from] brn
|upkeep
|turn|44
|c|☆HugsSC|If you like stall I highly reccomend this set I'm rockin
|
|t:|1779945170
|move|p2a: Roco|Will-O-Wisp|p1a: Yung Slug|[miss]
|-miss|p2a: Roco|p1a: Yung Slug
|move|p1a: Yung Slug|Knock Off|p2a: Roco
|-crit|p2a: Roco
|-damage|p2a: Roco|22/100
|
|-damage|p2a: Roco|9/100|[from] Leech Seed|[of] p1a: Yung Slug
|-heal|p1a: Yung Slug|100/100 brn|[silent]
|-damage|p1a: Yung Slug|94/100 brn|[from] brn
|upkeep
|turn|45
|
|t:|1779945180
|move|p1a: Yung Slug|Protect|p1a: Yung Slug
|-singleturn|p1a: Yung Slug|Protect
|move|p2a: Roco|Roost|p2a: Roco
|-heal|p2a: Roco|60/100
|-singleturn|p2a: Roco|move: Roost
|
|-damage|p2a: Roco|47/100|[from] Leech Seed|[of] p1a: Yung Slug
|-heal|p1a: Yung Slug|100/100 brn|[silent]
|-damage|p1a: Yung Slug|94/100 brn|[from] brn
|upkeep
|turn|46
|c|☆DeepestMangolore|Yeah I’m just gonna go build a set with this mf it’s peak
|inactive|DeepestMangolore has 120 seconds left.
|c|☆DeepestMangolore|ggs
|-message|DeepestMangolore forfeited.
|
|win|HugsSC
|raw|HugsSC's rating: 1247 &rarr; <strong>1272</strong><br />(+25 for winning)
|raw|DeepestMangolore's rating: 1250 &rarr; <strong>1225</strong><br />(-25 for losing)
|l|☆DeepestMangolore
|player|p2|
|c|☆HugsSC|gg
