|j|☆Anna Komnenos
|j|☆TttYyy6778
|t:|1779884251
|gametype|singles
|player|p1|Anna Komnenos|lady|1123
|player|p2|TttYyy6778|cynthia-gen4|1112
|gen|9
|tier|[Gen 9] OU
|rated|
|rule|HP Percentage Mod: HP is shown in percentages
|rule|Endless Battle Clause: Forcing endless battles is banned
|rule|Species Clause: Limit one of each Pokémon
|rule|OHKO Clause: OHKO moves are banned
|rule|Evasion Items Clause: Evasion items are banned
|rule|Evasion Moves Clause: Evasion moves are banned
|rule|Evasion Abilities Clause: Evasion abilities are banned
|rule|Sleep Moves Clause: Sleep-inducing moves are banned
|clearpoke
|poke|p1|Ninetales-Alola, F|
|poke|p1|Mamoswine, F|
|poke|p1|Lapras, F|
|poke|p1|Froslass, F|
|poke|p1|Weavile, F|
|poke|p1|Sandslash-Alola, F|
|poke|p2|Ogerpon-Wellspring, F|
|poke|p2|Great Tusk|
|poke|p2|Gholdengo|
|poke|p2|Kingambit, F|
|poke|p2|Deoxys-Defense|
|poke|p2|Regieleki|
|teampreview
|
|t:|1779884256
|teamsize|p1|6
|teamsize|p2|6
|start
|switch|p1a: Ninetales|Ninetales-Alola, F|100/100
|switch|p2a: tunder|Regieleki, shiny|100/100
|-weather|Snowscape|[from] ability: Snow Warning|[of] p1a: Ninetales
|turn|1
|
|t:|1779884263
|switch|p1a: Mamoswine|Mamoswine, F|100/100
|move|p2a: tunder|Thunder Cage|p1a: Mamoswine
|-immune|p1a: Mamoswine
|
|-weather|Snowscape|[upkeep]
|upkeep
|turn|2
|
|t:|1779884281
|switch|p2a: Great Tusk|Great Tusk|100/100
|-enditem|p2a: Great Tusk|Booster Energy
|-activate|p2a: Great Tusk|ability: Protosynthesis|[fromitem]
|-start|p2a: Great Tusk|protosynthesisspe
|move|p1a: Mamoswine|Trailblaze|p2a: Great Tusk
|-supereffective|p2a: Great Tusk
|-damage|p2a: Great Tusk|75/100
|-boost|p1a: Mamoswine|spe|1
|
|-weather|Snowscape|[upkeep]
|upkeep
|turn|3
|
|t:|1779884294
|move|p2a: Great Tusk|Earthquake|p1a: Mamoswine
|-damage|p1a: Mamoswine|67/100
|move|p1a: Mamoswine|Earthquake|p2a: Great Tusk
|-damage|p2a: Great Tusk|37/100
|
|-weather|Snowscape|[upkeep]
|upkeep
|turn|4
|
|t:|1779884302
|move|p2a: Great Tusk|Earthquake|p1a: Mamoswine
|-damage|p1a: Mamoswine|35/100
|move|p1a: Mamoswine|Trailblaze|p2a: Great Tusk
|-supereffective|p2a: Great Tusk
|-damage|p2a: Great Tusk|14/100
|-boost|p1a: Mamoswine|spe|1
|
|-weather|Snowscape|[upkeep]
|upkeep
|turn|5
|
|t:|1779884310
|move|p1a: Mamoswine|Earthquake|p2a: Great Tusk
|-damage|p2a: Great Tusk|0 fnt
|faint|p2a: Great Tusk
|-end|p2a: Great Tusk|Protosynthesis|[silent]
|
|-weather|none
|upkeep
|
|t:|1779884321
|switch|p2a: no skill|Ogerpon-Wellspring, F|100/100
|turn|6
|
|t:|1779884335
|move|p1a: Mamoswine|Earthquake|p2a: no skill
|-resisted|p2a: no skill
|-damage|p2a: no skill|68/100
|move|p2a: no skill|Ivy Cudgel|p1a: Mamoswine|[anim] Ivy Cudgel Water
|-supereffective|p1a: Mamoswine
|-crit|p1a: Mamoswine
|-damage|p1a: Mamoswine|0 fnt
|faint|p1a: Mamoswine
|
|upkeep
|
|t:|1779884339
|switch|p1a: Lapras|Lapras, F|100/100
|turn|7
|
|t:|1779884358
|move|p2a: no skill|Wood Hammer|p1a: Lapras
|-supereffective|p1a: Lapras
|-damage|p1a: Lapras|0 fnt
|faint|p1a: Lapras
|-damage|p2a: no skill|23/100|[from] Recoil
|
|upkeep
|
|t:|1779884389
|switch|p1a: Froslass|Froslass, F|100/100
|turn|8
|
|t:|1779884395
|move|p1a: Froslass|Hex|p2a: no skill
|-damage|p2a: no skill|0 fnt
|faint|p2a: no skill
|
|upkeep
|
|t:|1779884402
|switch|p2a: subway surfer|Gholdengo, shiny|100/100
|turn|9
|
|t:|1779884416
|move|p1a: Froslass|Thunder Wave|p2a: subway surfer
|-immune|p2a: subway surfer|[from] ability: Good as Gold
|move|p2a: subway surfer|Shadow Ball|p1a: Froslass
|-supereffective|p1a: Froslass
|-crit|p1a: Froslass
|-damage|p1a: Froslass|0 fnt
|faint|p1a: Froslass
|-damage|p2a: subway surfer|91/100|[from] item: Life Orb
|
|upkeep
|
|t:|1779884420
|switch|p1a: Ninetales|Ninetales-Alola, F|100/100
|-weather|Snowscape|[from] ability: Snow Warning|[of] p1a: Ninetales
|turn|10
|
|t:|1779884428
|move|p1a: Ninetales|Aurora Veil|p1a: Ninetales
|-sidestart|p1: Anna Komnenos|move: Aurora Veil
|move|p2a: subway surfer|Make It Rain|p1a: Ninetales
|-supereffective|p1a: Ninetales
|-damage|p1a: Ninetales|0 fnt
|-unboost|p2a: subway surfer|spa|1
|faint|p1a: Ninetales
|-damage|p2a: subway surfer|81/100|[from] item: Life Orb
|
|-weather|Snowscape|[upkeep]
|upkeep
|
|t:|1779884430
|switch|p1a: Sandslash|Sandslash-Alola, F|100/100
|turn|11
|
|t:|1779884449
|move|p1a: Sandslash|Earthquake|p2a: subway surfer
|-supereffective|p2a: subway surfer
|-damage|p2a: subway surfer|5/100
|move|p2a: subway surfer|Thunderbolt|p1a: Sandslash
|-damage|p1a: Sandslash|85/100
|-damage|p2a: subway surfer|0 fnt|[from] item: Life Orb
|faint|p2a: subway surfer
|
|-weather|Snowscape|[upkeep]
|upkeep
|
|t:|1779884459
|switch|p2a: dihoxys|Deoxys-Defense, shiny|100/100
|-ability|p2a: dihoxys|Pressure
|turn|12
|
|t:|1779884464
|move|p1a: Sandslash|Shadow Claw|p2a: dihoxys
|-supereffective|p2a: dihoxys
|-damage|p2a: dihoxys|68/100
|move|p2a: dihoxys|Cosmic Power|p2a: dihoxys
|-boost|p2a: dihoxys|def|1
|-boost|p2a: dihoxys|spd|1
|
|-weather|Snowscape|[upkeep]
|-heal|p2a: dihoxys|74/100|[from] item: Leftovers
|upkeep
|turn|13
|
|t:|1779884480
|move|p1a: Sandslash|Shadow Claw|p2a: dihoxys
|-supereffective|p2a: dihoxys
|-damage|p2a: dihoxys|53/100
|move|p2a: dihoxys|Thunder Wave|p1a: Sandslash
|-status|p1a: Sandslash|par
|
|-weather|Snowscape|[upkeep]
|-heal|p2a: dihoxys|59/100|[from] item: Leftovers
|upkeep
|turn|14
|
|t:|1779884488
|move|p1a: Sandslash|Shadow Claw|p2a: dihoxys
|-supereffective|p2a: dihoxys
|-damage|p2a: dihoxys|36/100
|move|p2a: dihoxys|Cosmic Power|p2a: dihoxys
|-boost|p2a: dihoxys|def|1
|-boost|p2a: dihoxys|spd|1
|
|-weather|none
|-heal|p2a: dihoxys|42/100|[from] item: Leftovers
|upkeep
|turn|15
|
|t:|1779884496
|move|p2a: dihoxys|Recover|p2a: dihoxys
|-heal|p2a: dihoxys|92/100
|move|p1a: Sandslash|Shadow Claw|p2a: dihoxys
|-supereffective|p2a: dihoxys
|-damage|p2a: dihoxys|76/100
|
|-heal|p2a: dihoxys|82/100|[from] item: Leftovers
|upkeep
|turn|16
|
|t:|1779884503
|switch|p1a: Weavile|Weavile, F|100/100
|-ability|p1a: Weavile|Pressure
|move|p2a: dihoxys|Cosmic Power|p2a: dihoxys
|-boost|p2a: dihoxys|def|1
|-boost|p2a: dihoxys|spd|1
|
|-heal|p2a: dihoxys|88/100|[from] item: Leftovers
|upkeep
|turn|17
|
|t:|1779884514
|move|p1a: Weavile|Swords Dance|p1a: Weavile
|-boost|p1a: Weavile|atk|2
|move|p2a: dihoxys|Thunder Wave|p1a: Weavile
|-status|p1a: Weavile|par
|
|-heal|p2a: dihoxys|94/100|[from] item: Leftovers
|-sideend|p1: Anna Komnenos|move: Aurora Veil
|upkeep
|turn|18
|
|t:|1779884527
|switch|p2a: tunder|Regieleki, shiny|100/100
|move|p1a: Weavile|Knock Off|p2a: tunder
|-damage|p2a: tunder|0 fnt
|-enditem|p2a: tunder|Magnet|[from] move: Knock Off|[of] p1a: Weavile
|faint|p2a: tunder
|
|upkeep
|
|t:|1779884544
|switch|p2a: dihoxys|Deoxys-Defense, shiny|94/100
|-ability|p2a: dihoxys|Pressure
|turn|19
|
|t:|1779884549
|move|p2a: dihoxys|Cosmic Power|p2a: dihoxys
|-boost|p2a: dihoxys|def|1
|-boost|p2a: dihoxys|spd|1
|move|p1a: Weavile|Knock Off|p2a: dihoxys
|-supereffective|p2a: dihoxys
|-damage|p2a: dihoxys|5/100
|-enditem|p2a: dihoxys|Leftovers|[from] move: Knock Off|[of] p1a: Weavile
|
|upkeep
|turn|20
|
|t:|1779884556
|move|p1a: Weavile|Ice Shard|p2a: dihoxys
|-damage|p2a: dihoxys|0 fnt
|faint|p2a: dihoxys
|
|upkeep
|
|t:|1779884560
|switch|p2a: short bug|Kingambit, F, shiny|100/100
|-activate|p2a: short bug|ability: Supreme Overlord
|-start|p2a: short bug|fallen5|[silent]
|turn|21
|
|t:|1779884567
|-terastallize|p1a: Weavile|Dark
|-terastallize|p2a: short bug|Dark
|move|p1a: Weavile|Knock Off|p2a: short bug
|-resisted|p2a: short bug
|-damage|p2a: short bug|49/100
|-enditem|p2a: short bug|Black Glasses|[from] move: Knock Off|[of] p1a: Weavile
|move|p2a: short bug|Swords Dance|p2a: short bug
|-boost|p2a: short bug|atk|2
|
|upkeep
|turn|22
|
|t:|1779884577
|move|p2a: short bug|Sucker Punch|p1a: Weavile
|-resisted|p1a: Weavile
|-damage|p1a: Weavile|0 fnt
|faint|p1a: Weavile
|
|upkeep
|-message|Anna Komnenos forfeited.
|
|win|TttYyy6778
|raw|Anna Komnenos's rating: 1123 &rarr; <strong>1097</strong><br />(-26 for losing)
|raw|TttYyy6778's rating: 1112 &rarr; <strong>1138</strong><br />(+26 for winning)
|l|☆Anna Komnenos
|player|p1|
|l|☆TttYyy6778
|player|p2|
