|j|☆Indigo Disk CJ
|j|‽aaagislash
|t:|1779875764
|gametype|singles
|player|p1|Indigo Disk CJ|1|1639
|player|p2|aaagislash|266|1662
|gen|9
|tier|[Gen 9] OU
|rated|
|rule|HP Percentage Mod: HP is shown in percentages
|rule|Endless Battle Clause: Forcing endless battles is banned
|rule|Species Clause: Limit one of each Pokémon
|rule|OHKO Clause: OHKO moves are banned
|rule|Evasion Items Clause: Evasion items are banned
|rule|Evasion Moves Clause: Evasion moves are banned
|rule|Evasion Abilities Clause: Evasion abilities are banned
|rule|Sleep Moves Clause: Sleep-inducing moves are banned
|clearpoke
|poke|p1|Landorus-Therian, M|
|poke|p1|Ogerpon-Wellspring, F|
|poke|p1|Gholdengo|
|poke|p1|Tyranitar, M|
|poke|p1|Raging Bolt|
|poke|p1|Cinderace, F|
|poke|p2|Yanmega, F|
|poke|p2|Moltres|
|poke|p2|Great Tusk|
|poke|p2|Primarina, F|
|poke|p2|Landorus-Therian, M|
|poke|p2|Meowscarada, M|
|teampreview
|inactive|Battle timer is ON: inactive players will automatically lose when time's up. (requested by Indigo Disk CJ)
|
|t:|1779875782
|teamsize|p1|6
|teamsize|p2|6
|start
|switch|p1a: Tyranitar|Tyranitar, M, shiny|100/100
|switch|p2a: Landorus|Landorus-Therian, M|100/100
|-ability|p2a: Landorus|Intimidate|boost
|-unboost|p1a: Tyranitar|atk|1
|-weather|Sandstorm|[from] ability: Sand Stream|[of] p1a: Tyranitar
|turn|1
|
|t:|1779875793
|switch|p1a: Landorus|Landorus-Therian, M|100/100
|-ability|p1a: Landorus|Intimidate|boost
|-unboost|p2a: Landorus|atk|1
|move|p2a: Landorus|Earthquake|p1a: Landorus
|-immune|p1a: Landorus
|
|-weather|Sandstorm|[upkeep]
|upkeep
|turn|2
|
|t:|1779875798
|move|p2a: Landorus|Taunt|p1a: Landorus
|-start|p1a: Landorus|move: Taunt
|cant|p1a: Landorus|move: Taunt|Stealth Rock
|
|-weather|Sandstorm|[upkeep]
|upkeep
|turn|3
|
|t:|1779875808
|move|p2a: Landorus|Stealth Rock|p1a: Landorus
|-sidestart|p1: Indigo Disk CJ|move: Stealth Rock
|move|p1a: Landorus|U-turn|p2a: Landorus
|-resisted|p2a: Landorus
|-damage|p2a: Landorus|88/100
|
|t:|1779875810
|switch|p1a: Cinderace|Cinderace, F, shiny|100/100|[from] U-turn
|
|-weather|Sandstorm|[upkeep]
|-damage|p1a: Cinderace|95/100|[from] Sandstorm
|upkeep
|turn|4
|
|t:|1779875813
|move|p1a: Cinderace|Court Change|p1a: Cinderace
|-start|p1a: Cinderace|typechange|Normal|[from] ability: Libero
|-swapsideconditions
|-activate|p1a: Cinderace|move: Court Change
|move|p2a: Landorus|Fling|p1a: Cinderace
|-damage|p1a: Cinderace|84/100
|-status|p1a: Cinderace|par
|-enditem|p2a: Landorus|Light Ball|[from] move: Fling
|
|-weather|Sandstorm|[upkeep]
|-damage|p1a: Cinderace|78/100 par|[from] Sandstorm
|upkeep
|turn|5
|
|t:|1779875822
|switch|p1a: Ogerpon|Ogerpon-Wellspring, F|100/100
|move|p2a: Landorus|Stealth Rock|p1a: Ogerpon
|-sidestart|p1: Indigo Disk CJ|move: Stealth Rock
|
|-weather|none
|upkeep
|turn|6
|
|t:|1779875824
|move|p1a: Ogerpon|Ivy Cudgel|p2a: Landorus|[anim] Ivy Cudgel Water
|-supereffective|p2a: Landorus
|-damage|p2a: Landorus|0 fnt
|faint|p2a: Landorus
|
|upkeep
|
|t:|1779875827
|switch|p2a: Meowscarada|Meowscarada, M|100/100
|-damage|p2a: Meowscarada|88/100|[from] Stealth Rock
|turn|7
|
|t:|1779875830
|switch|p1a: Cinderace|Cinderace, F, shiny|78/100 par
|move|p2a: Meowscarada|Spikes|p1a: Cinderace
|-start|p2a: Meowscarada|typechange|Ground|[from] ability: Protean
|-sidestart|p1: Indigo Disk CJ|Spikes
|
|upkeep
|turn|8
|
|t:|1779875835
|move|p2a: Meowscarada|Power Gem|p1a: Cinderace
|-supereffective|p1a: Cinderace
|-damage|p1a: Cinderace|20/100 par
|move|p1a: Cinderace|Court Change|p1a: Cinderace
|-start|p1a: Cinderace|typechange|Normal|[from] ability: Libero
|-swapsideconditions
|-activate|p1a: Cinderace|move: Court Change
|
|upkeep
|turn|9
|
|t:|1779875841
|move|p2a: Meowscarada|Spikes|p1a: Cinderace
|-sidestart|p1: Indigo Disk CJ|Spikes
|cant|p1a: Cinderace|par
|
|upkeep
|turn|10
|
|t:|1779875844
|move|p1a: Cinderace|Sucker Punch||[still]
|-fail|p1a: Cinderace
|move|p2a: Meowscarada|Spikes|p1a: Cinderace
|-sidestart|p1: Indigo Disk CJ|Spikes
|
|upkeep
|turn|11
|
|t:|1779875857
|move|p2a: Meowscarada|Spikes|p1a: Cinderace
|-sidestart|p1: Indigo Disk CJ|Spikes
|move|p1a: Cinderace|Court Change|p1a: Cinderace
|-swapsideconditions
|-activate|p1a: Cinderace|move: Court Change
|
|upkeep
|turn|12
|
|t:|1779875861
|cant|p1a: Cinderace|par
|move|p2a: Meowscarada|Spikes|p1a: Cinderace
|-sidestart|p1: Indigo Disk CJ|Spikes
|
|upkeep
|turn|13
|
|t:|1779875863
|move|p2a: Meowscarada|Spikes|p1a: Cinderace
|-sidestart|p1: Indigo Disk CJ|Spikes
|move|p1a: Cinderace|Pyro Ball|p2a: Meowscarada
|-damage|p2a: Meowscarada|25/100
|
|upkeep
|turn|14
|
|t:|1779875867
|switch|p2a: Great Tusk|Great Tusk|100/100
|-damage|p2a: Great Tusk|98/100|[from] Stealth Rock
|-damage|p2a: Great Tusk|73/100|[from] Spikes
|-enditem|p2a: Great Tusk|Booster Energy
|-activate|p2a: Great Tusk|ability: Protosynthesis|[fromitem]
|-start|p2a: Great Tusk|protosynthesisatk
|move|p1a: Cinderace|Sucker Punch||[still]
|-fail|p1a: Cinderace
|
|upkeep
|turn|15
|
|t:|1779875871
|switch|p1a: Landorus|Landorus-Therian, M|100/100
|-damage|p1a: Landorus|88/100|[from] Stealth Rock
|-ability|p1a: Landorus|Intimidate|boost
|-unboost|p2a: Great Tusk|atk|1
|move|p2a: Great Tusk|Bulk Up|p2a: Great Tusk
|-boost|p2a: Great Tusk|atk|1
|-boost|p2a: Great Tusk|def|1
|
|upkeep
|turn|16
|
|t:|1779875881
|move|p1a: Landorus|Taunt|p2a: Great Tusk
|-start|p2a: Great Tusk|move: Taunt
|cant|p2a: Great Tusk|move: Taunt|Bulk Up
|
|upkeep
|turn|17
|
|t:|1779875889
|switch|p1a: Gholdengo|Gholdengo, shiny|100/100
|-damage|p1a: Gholdengo|94/100|[from] Stealth Rock
|-item|p1a: Gholdengo|Air Balloon
|move|p2a: Great Tusk|Rapid Spin|p1a: Gholdengo
|-immune|p1a: Gholdengo
|
|upkeep
|turn|18
|
|t:|1779875894
|move|p2a: Great Tusk|Knock Off|p1a: Gholdengo
|-supereffective|p1a: Gholdengo
|-damage|p1a: Gholdengo|36/100
|-enditem|p1a: Gholdengo|Air Balloon
|move|p1a: Gholdengo|Make It Rain|p2a: Great Tusk
|-damage|p2a: Great Tusk|0 fnt
|-unboost|p1a: Gholdengo|spa|1
|faint|p2a: Great Tusk
|-end|p2a: Great Tusk|Protosynthesis|[silent]
|
|upkeep
|
|t:|1779875904
|switch|p2a: Moltres|Moltres|100/100
|-damage|p2a: Moltres|51/100|[from] Stealth Rock
|turn|19
|
|t:|1779875908
|move|p2a: Moltres|Agility|p2a: Moltres
|-boost|p2a: Moltres|spe|2
|move|p1a: Gholdengo|Thunder Wave|p2a: Moltres
|-status|p2a: Moltres|par
|
|upkeep
|turn|20
|
|t:|1779875914
|move|p2a: Moltres|Agility|p2a: Moltres
|-boost|p2a: Moltres|spe|2
|move|p1a: Gholdengo|Hex|p2a: Moltres
|-damage|p2a: Moltres|8/100 par
|
|upkeep
|turn|21
|
|t:|1779875925
|switch|p1a: Tyranitar|Tyranitar, M, shiny|100/100
|-damage|p1a: Tyranitar|88/100|[from] Stealth Rock
|-damage|p1a: Tyranitar|63/100|[from] Spikes
|-weather|Sandstorm|[from] ability: Sand Stream|[of] p1a: Tyranitar
|move|p2a: Moltres|Flamethrower|p1a: Tyranitar
|-resisted|p1a: Tyranitar
|-damage|p1a: Tyranitar|43/100
|-damage|p2a: Moltres|0 fnt|[from] item: Life Orb
|faint|p2a: Moltres
|
|-weather|Sandstorm|[upkeep]
|upkeep
|
|t:|1779875947
|switch|p2a: Yanmega|Yanmega, F|100/100
|-damage|p2a: Yanmega|51/100|[from] Stealth Rock
|turn|22
|
|t:|1779875952
|switch|p1a: Cinderace|Cinderace, F, shiny|20/100 par
|move|p2a: Yanmega|Bug Buzz|p1a: Cinderace
|-resisted|p1a: Cinderace
|-crit|p1a: Cinderace
|-damage|p1a: Cinderace|0 fnt
|faint|p1a: Cinderace
|-enditem|p2a: Yanmega|Throat Spray
|-boost|p2a: Yanmega|spa|1|[from] item: Throat Spray
|
|-weather|Sandstorm|[upkeep]
|-damage|p2a: Yanmega|45/100|[from] Sandstorm
|-ability|p2a: Yanmega|Speed Boost|boost
|-boost|p2a: Yanmega|spe|1
|upkeep
|
|t:|1779875960
|switch|p1a: Raging Bolt|Raging Bolt|100/100
|-damage|p1a: Raging Bolt|88/100|[from] Stealth Rock
|-damage|p1a: Raging Bolt|63/100|[from] Spikes
|-enditem|p1a: Raging Bolt|Booster Energy
|-activate|p1a: Raging Bolt|ability: Protosynthesis|[fromitem]
|-start|p1a: Raging Bolt|protosynthesisspa
|turn|23
|
|t:|1779875966
|move|p2a: Yanmega|Protect|p2a: Yanmega
|-singleturn|p2a: Yanmega|Protect
|move|p1a: Raging Bolt|Weather Ball|p2a: Yanmega
|-activate|p2a: Yanmega|move: Protect
|
|-weather|Sandstorm|[upkeep]
|-damage|p2a: Yanmega|39/100|[from] Sandstorm
|-damage|p1a: Raging Bolt|57/100|[from] Sandstorm
|-ability|p2a: Yanmega|Speed Boost|boost
|-boost|p2a: Yanmega|spe|1
|upkeep
|turn|24
|
|t:|1779875970
|move|p2a: Yanmega|Protect||[still]
|-fail|p2a: Yanmega
|move|p1a: Raging Bolt|Thunderclap||[still]
|-fail|p1a: Raging Bolt
|
|-weather|Sandstorm|[upkeep]
|-damage|p2a: Yanmega|32/100|[from] Sandstorm
|-damage|p1a: Raging Bolt|51/100|[from] Sandstorm
|-ability|p2a: Yanmega|Speed Boost|boost
|-boost|p2a: Yanmega|spe|1
|upkeep
|turn|25
|
|t:|1779875977
|move|p2a: Yanmega|Protect|p2a: Yanmega
|-singleturn|p2a: Yanmega|Protect
|move|p1a: Raging Bolt|Thunderclap||[still]
|-fail|p1a: Raging Bolt
|
|-weather|none
|-ability|p2a: Yanmega|Speed Boost|boost
|-boost|p2a: Yanmega|spe|1
|upkeep
|turn|26
|
|t:|1779875982
|move|p2a: Yanmega|Protect||[still]
|-fail|p2a: Yanmega
|move|p1a: Raging Bolt|Thunderclap||[still]
|-fail|p1a: Raging Bolt
|
|-ability|p2a: Yanmega|Speed Boost|boost
|-boost|p2a: Yanmega|spe|1
|upkeep
|turn|27
|
|t:|1779875989
|move|p2a: Yanmega|Protect|p2a: Yanmega
|-singleturn|p2a: Yanmega|Protect
|move|p1a: Raging Bolt|Thunderclap||[still]
|-fail|p1a: Raging Bolt
|
|-ability|p2a: Yanmega|Speed Boost|boost
|-boost|p2a: Yanmega|spe|1
|upkeep
|turn|28
|
|t:|1779875994
|move|p2a: Yanmega|Protect||[still]
|-fail|p2a: Yanmega
|move|p1a: Raging Bolt|Dragon Pulse|p2a: Yanmega
|-damage|p2a: Yanmega|0 fnt
|faint|p2a: Yanmega
|
|upkeep
|
|t:|1779875999
|switch|p2a: Primarina|Primarina, F|100/100
|-damage|p2a: Primarina|88/100|[from] Stealth Rock
|-damage|p2a: Primarina|63/100|[from] Spikes
|turn|29
|
|t:|1779876003
|-end|p1a: Raging Bolt|Protosynthesis|[silent]
|switch|p1a: Ogerpon|Ogerpon-Wellspring, F|100/100
|-damage|p1a: Ogerpon|88/100|[from] Stealth Rock
|-damage|p1a: Ogerpon|63/100|[from] Spikes
|-terastallize|p2a: Primarina|Ghost
|move|p2a: Primarina|Moonblast|p1a: Ogerpon
|-damage|p1a: Ogerpon|0 fnt
|faint|p1a: Ogerpon
|
|upkeep
|
|t:|1779876006
|switch|p1a: Tyranitar|Tyranitar, M, shiny|43/100
|-damage|p1a: Tyranitar|31/100|[from] Stealth Rock
|-damage|p1a: Tyranitar|6/100|[from] Spikes
|-weather|Sandstorm|[from] ability: Sand Stream|[of] p1a: Tyranitar
|turn|30
|
|t:|1779876012
|move|p1a: Tyranitar|Knock Off|p2a: Primarina
|-supereffective|p2a: Primarina
|-damage|p2a: Primarina|0 fnt
|-enditem|p2a: Primarina|Choice Specs|[from] move: Knock Off|[of] p1a: Tyranitar
|faint|p2a: Primarina
|
|-weather|Sandstorm|[upkeep]
|upkeep
|
|t:|1779876015
|switch|p2a: Meowscarada|Meowscarada, M|25/100
|-damage|p2a: Meowscarada|13/100|[from] Stealth Rock
|-damage|p2a: Meowscarada|0 fnt|[from] Spikes
|faint|p2a: Meowscarada
|
|win|Indigo Disk CJ
|raw|Indigo Disk CJ's rating: 1639 &rarr; <strong>1660</strong><br />(+21 for winning)
|raw|aaagislash's rating: 1662 &rarr; <strong>1641</strong><br />(-21 for losing)
|l|‽aaagislash
|player|p2|
|l|☆Indigo Disk CJ
|player|p1|
