|j|☆Sunds
|j|☆tankyteamwins
|t:|1779850303
|gametype|singles
|player|p1|Sunds|169|1263
|player|p2|tankyteamwins|blue|1203
|gen|9
|tier|[Gen 9] OU
|rated|
|rule|HP Percentage Mod: HP is shown in percentages
|rule|Endless Battle Clause: Forcing endless battles is banned
|rule|Species Clause: Limit one of each Pokémon
|rule|OHKO Clause: OHKO moves are banned
|rule|Evasion Items Clause: Evasion items are banned
|rule|Evasion Moves Clause: Evasion moves are banned
|rule|Evasion Abilities Clause: Evasion abilities are banned
|rule|Sleep Moves Clause: Sleep-inducing moves are banned
|clearpoke
|poke|p1|Great Tusk|
|poke|p1|Gholdengo|
|poke|p1|Dragonite, M|
|poke|p1|Skeledirge, F|
|poke|p1|Ting-Lu|
|poke|p1|Iron Valiant|
|poke|p2|Dragapult, F|
|poke|p2|Okidogi, M|
|poke|p2|Hatterene, F|
|poke|p2|Excadrill, M|
|poke|p2|Umbreon, M|
|poke|p2|Volcanion|
|teampreview
|
|t:|1779850315
|teamsize|p1|6
|teamsize|p2|6
|start
|switch|p1a: Ting-Lu|Ting-Lu|100/100
|switch|p2a: Lady Meeps|Hatterene, F|100/100
|-ability|p1a: Ting-Lu|Vessel of Ruin
|turn|1
|inactive|Battle timer is ON: inactive players will automatically lose when time's up. (requested by tankyteamwins)
|
|t:|1779850324
|move|p1a: Ting-Lu|Ruination|p2a: Lady Meeps
|-damage|p2a: Lady Meeps|50/100
|move|p2a: Lady Meeps|Calm Mind|p2a: Lady Meeps
|-boost|p2a: Lady Meeps|spa|1
|-boost|p2a: Lady Meeps|spd|1
|
|upkeep
|turn|2
|l|☆Sunds
|inactive|Sunds disconnected and has a minute to reconnect!
|player|p1|
|j|☆Sunds
|inactive|Sunds reconnected and has 140 seconds left.
|player|p1|Sunds|169|
|
|t:|1779850344
|move|p1a: Ting-Lu|Whirlwind|p2a: Lady Meeps
|move|p2a: Lady Meeps|Whirlwind|p1a: Ting-Lu|[from] ability: Magic Bounce
|drag|p1a: Gholdengo|Gholdengo|100/100
|move|p2a: Lady Meeps|Trick Room|p2a: Lady Meeps
|-fieldstart|move: Trick Room|[of] p2a: Lady Meeps
|
|upkeep
|turn|3
|
|t:|1779850358
|move|p2a: Lady Meeps|Mystical Fire|p1a: Gholdengo
|-supereffective|p1a: Gholdengo
|-damage|p1a: Gholdengo|31/100
|-unboost|p1a: Gholdengo|spa|1
|move|p1a: Gholdengo|Make It Rain|p2a: Lady Meeps
|-supereffective|p2a: Lady Meeps
|-damage|p2a: Lady Meeps|0 fnt
|-unboost|p1a: Gholdengo|spa|1
|faint|p2a: Lady Meeps
|
|upkeep
|l|☆Sunds
|inactive|Sunds disconnected and has a minute to reconnect!
|player|p1|
|
|t:|1779850372
|switch|p2a: Vulcan|Volcanion|100/100
|turn|4
|j|☆Sunds
|inactive|Sunds reconnected and has 125 seconds left.
|player|p1|Sunds|169|
|inactive|Sunds has 120 seconds left.
|
|t:|1779850422
|switch|p1a: Ting-Lu|Ting-Lu|100/100
|-ability|p1a: Ting-Lu|Vessel of Ruin
|move|p2a: Vulcan|Steam Eruption|p1a: Ting-Lu
|-supereffective|p1a: Ting-Lu
|-damage|p1a: Ting-Lu|51/100
|
|-heal|p1a: Ting-Lu|57/100|[from] item: Leftovers
|upkeep
|turn|5
|inactive|tankyteamwins has 120 seconds left.
|
|t:|1779850481
|move|p1a: Ting-Lu|Ruination|p2a: Vulcan
|-damage|p2a: Vulcan|51/100
|move|p2a: Vulcan|Steam Eruption|p1a: Ting-Lu
|-supereffective|p1a: Ting-Lu
|-damage|p1a: Ting-Lu|1/100
|-status|p1a: Ting-Lu|brn
|
|-heal|p1a: Ting-Lu|8/100 brn|[from] item: Leftovers
|-damage|p1a: Ting-Lu|1/100 brn|[from] brn
|upkeep
|turn|6
|inactive|Sunds has 120 seconds left.
|inactive|tankyteamwins has 90 seconds left.
|
|t:|1779850505
|move|p1a: Ting-Lu|Stealth Rock|p2a: Vulcan
|-sidestart|p2: tankyteamwins|move: Stealth Rock
|move|p2a: Vulcan|Flamethrower|p1a: Ting-Lu
|-damage|p1a: Ting-Lu|0 fnt
|faint|p1a: Ting-Lu
|
|-fieldend|move: Trick Room
|upkeep
|inactive|Sunds has 90 seconds left.
|
|t:|1779850560
|switch|p1a: Gholdengo|Gholdengo|31/100
|turn|7
|inactive|tankyteamwins has 90 seconds left.
|l|☆Sunds
|inactive|Sunds disconnected and has a minute to reconnect!
|player|p1|
|
|t:|1779850598
|move|p1a: Gholdengo|Thunderbolt|p2a: Vulcan
|-supereffective|p2a: Vulcan
|-damage|p2a: Vulcan|0 fnt
|faint|p2a: Vulcan
|
|upkeep
|j|☆Sunds
|inactive|Sunds reconnected.
|player|p1|Sunds|169|
|inactive|tankyteamwins has 60 seconds left.
|
|t:|1779850609
|switch|p2a: Rosa|Dragapult, F|100/100
|-damage|p2a: Rosa|88/100|[from] Stealth Rock
|turn|8
|l|☆Sunds
|inactive|Sunds disconnected and has a minute to reconnect!
|player|p1|
|inactive|tankyteamwins has 60 seconds left.
|inactive|Sunds has 30 seconds to reconnect!
|j|☆Sunds
|inactive|Sunds reconnected and has 55 seconds left.
|player|p1|Sunds|169|
|
|t:|1779850655
|switch|p1a: Skeledirge|Skeledirge, F|100/100
|move|p2a: Rosa|Dragon Dance|p2a: Rosa
|-boost|p2a: Rosa|atk|1
|-boost|p2a: Rosa|spe|1
|
|upkeep
|turn|9
|inactive|tankyteamwins has 60 seconds left.
|
|t:|1779850678
|-terastallize|p1a: Skeledirge|Fairy
|move|p2a: Rosa|Dragon Darts|p1a: Skeledirge
|-immune|p1a: Skeledirge
|move|p1a: Skeledirge|Will-O-Wisp|p2a: Rosa
|-status|p2a: Rosa|brn
|
|-damage|p2a: Rosa|82/100 brn|[from] brn
|upkeep
|turn|10
|c|☆Sunds|Get fucked
|n|‽Sunds|sunds
|c|~|/log Sunds was locked from talking by Artemis for a week. (☆Sunds: Get fucked)
|c|~|/raw <small>This action was done automatically. Want to learn more about the AI? <a href="https://www.smogon.com/forums/threads/3570628/#post-9056769">Visit the information thread</a>.</small>
|
|t:|1779850692
|switch|p2a: Stannis|Okidogi, M|100/100
|-damage|p2a: Stannis|95/100|[from] Stealth Rock
|move|p1a: Skeledirge|Hex|p2a: Stannis
|-damage|p2a: Stannis|64/100
|
|upkeep
|turn|11
|
|t:|1779850705
|move|p2a: Stannis|Poison Jab|p1a: Skeledirge
|-supereffective|p1a: Skeledirge
|-damage|p1a: Skeledirge|53/100
|move|p1a: Skeledirge|Torch Song|p2a: Stannis
|-damage|p2a: Stannis|26/100
|-boost|p1a: Skeledirge|spa|1
|
|upkeep
|turn|12
|
|t:|1779850714
|switch|p1a: Great Tusk|Great Tusk|100/100
|move|p2a: Stannis|Poison Jab|p1a: Great Tusk
|-resisted|p1a: Great Tusk
|-damage|p1a: Great Tusk|85/100
|
|upkeep
|turn|13
|inactive|Sunds has 60 seconds left.
|
|t:|1779850728
|switch|p2a: Rosa|Dragapult, F|82/100 brn
|-damage|p2a: Rosa|70/100 brn|[from] Stealth Rock
|move|p1a: Great Tusk|Ice Spinner|p2a: Rosa
|-supereffective|p2a: Rosa
|-damage|p2a: Rosa|0 fnt
|faint|p2a: Rosa
|
|upkeep
|l|‽Sunds
|inactive|Sunds disconnected and has a minute to reconnect!
|player|p1|
|
|t:|1779850737
|switch|p2a: Bakuryu|Excadrill, M|100/100
|-damage|p2a: Bakuryu|97/100|[from] Stealth Rock
|-ability|p2a: Bakuryu|Mold Breaker
|turn|14
|j|‽Sunds
|inactive|Sunds reconnected and has 75 seconds left.
|player|p1|Sunds|169|
|n|‽Sunds|sunds
|n|‽Sunds|sunds
|inactive|Sunds has 60 seconds left.
|
|t:|1779850753
|-terastallize|p2a: Bakuryu|Water
|move|p2a: Bakuryu|Rapid Spin|p1a: Great Tusk
|-damage|p1a: Great Tusk|69/100
|-boost|p2a: Bakuryu|spe|1
|-sideend|p2: tankyteamwins|Stealth Rock|[from] move: Rapid Spin|[of] p2a: Bakuryu
|-damage|p2a: Bakuryu|87/100|[from] item: Life Orb
|move|p1a: Great Tusk|Headlong Rush|p2a: Bakuryu
|-damage|p2a: Bakuryu|1/100
|-unboost|p1a: Great Tusk|def|1
|-unboost|p1a: Great Tusk|spd|1
|
|upkeep
|turn|15
|inactive|tankyteamwins has 60 seconds left.
|
|t:|1779850771
|move|p2a: Bakuryu|Drill Run|p1a: Great Tusk
|-damage|p1a: Great Tusk|7/100
|-damage|p2a: Bakuryu|0 fnt|[from] item: Life Orb
|faint|p2a: Bakuryu
|move|p1a: Great Tusk|Rapid Spin|p2: Bakuryu|[notarget]
|-fail|p1a: Great Tusk
|
|upkeep
|
|t:|1779850781
|switch|p2a: Maxwell|Umbreon, M|100/100
|turn|16
|l|‽Sunds
|inactive|Sunds disconnected and has a minute to reconnect!
|player|p1|
|inactive|Sunds has 30 seconds to reconnect!
|j|‽Sunds
|inactive|Sunds reconnected and has 45 seconds left.
|player|p1|Sunds|169|
|n|‽Sunds|sunds
|n|‽Sunds|sunds
|n|‽Sunds|sunds
|inactive|Sunds has 30 seconds left.
|
|t:|1779850836
|move|p1a: Great Tusk|Headlong Rush|p2a: Maxwell
|-damage|p2a: Maxwell|60/100
|-unboost|p1a: Great Tusk|def|1
|-unboost|p1a: Great Tusk|spd|1
|move|p2a: Maxwell|Crunch|p1a: Great Tusk
|-resisted|p1a: Great Tusk
|-damage|p1a: Great Tusk|0 fnt
|faint|p1a: Great Tusk
|-end|p1a: Great Tusk|Protosynthesis|[silent]
|
|-heal|p2a: Maxwell|66/100|[from] item: Leftovers
|upkeep
|inactive|Sunds has 30 seconds left this turn.
|
|t:|1779850845
|switch|p1a: Iron Valiant|Iron Valiant|100/100
|turn|17
|inactive|Sunds has 30 seconds left.
|
|t:|1779850853
|move|p1a: Iron Valiant|Moonblast|p2a: Maxwell
|-supereffective|p2a: Maxwell
|-damage|p2a: Maxwell|1/100
|move|p2a: Maxwell|Foul Play|p1a: Iron Valiant
|-resisted|p1a: Iron Valiant
|-damage|p1a: Iron Valiant|89/100
|
|-heal|p2a: Maxwell|7/100|[from] item: Leftovers
|upkeep
|turn|18
|inactive|tankyteamwins has 60 seconds left.
|
|t:|1779850869
|move|p1a: Iron Valiant|Moonblast|p2a: Maxwell
|-supereffective|p2a: Maxwell
|-damage|p2a: Maxwell|0 fnt
|faint|p2a: Maxwell
|
|upkeep
|inactive|tankyteamwins has 60 seconds left.
|
|t:|1779850874
|switch|p2a: Stannis|Okidogi, M|26/100
|turn|19
|
|t:|1779850888
|move|p1a: Iron Valiant|Moonblast|p2a: Stannis
|-damage|p2a: Stannis|0 fnt
|faint|p2a: Stannis
|
|win|Sunds
