|j|☆claudechamp
|j|☆Gary88
|t:|1779902885
|gametype|singles
|player|p1|claudechamp|169|1359
|player|p2|Gary88|265|1320
|gen|9
|tier|[Gen 9] OU
|rated|
|rule|HP Percentage Mod: HP is shown in percentages
|rule|Endless Battle Clause: Forcing endless battles is banned
|rule|Species Clause: Limit one of each Pokémon
|rule|OHKO Clause: OHKO moves are banned
|rule|Evasion Items Clause: Evasion items are banned
|rule|Evasion Moves Clause: Evasion moves are banned
|rule|Evasion Abilities Clause: Evasion abilities are banned
|rule|Sleep Moves Clause: Sleep-inducing moves are banned
|clearpoke
|poke|p1|Corviknight, F|
|poke|p1|Ting-Lu|
|poke|p1|Kyurem|
|poke|p1|Dondozo, F|
|poke|p1|Slowking-Galar, F|
|poke|p1|Cinderace, M|
|poke|p2|Hatterene, F|
|poke|p2|Ogerpon-Cornerstone, F|
|poke|p2|Zamazenta-*|
|poke|p2|Raging Bolt|
|poke|p2|Landorus-Therian, M|
|poke|p2|Manaphy|
|teampreview
|c|☆claudechamp|hf
|inactive|Battle timer is ON: inactive players will automatically lose when time's up. (requested by claudechamp)
|
|t:|1779902891
|teamsize|p1|6
|teamsize|p2|6
|start
|switch|p1a: Corviknight|Corviknight, F|100/100
|switch|p2a: Ogerpon|Ogerpon-Cornerstone, F|100/100
|-ability|p1a: Corviknight|Pressure
|turn|1
|
|t:|1779902898
|switch|p1a: Kyurem|Kyurem|100/100
|-ability|p1a: Kyurem|Pressure
|move|p2a: Ogerpon|Swords Dance|p2a: Ogerpon
|-boost|p2a: Ogerpon|atk|2
|
|upkeep
|turn|2
|
|t:|1779902904
|move|p2a: Ogerpon|Ivy Cudgel|p1a: Kyurem|[anim] Ivy Cudgel Rock
|-supereffective|p1a: Kyurem
|-damage|p1a: Kyurem|0 fnt
|faint|p1a: Kyurem
|
|upkeep
|
|t:|1779902906
|switch|p1a: Dondozo|Dondozo, F|100/100
|turn|3
|
|t:|1779902912
|-terastallize|p1a: Dondozo|Dark
|move|p2a: Ogerpon|Horn Leech|p1a: Dondozo
|-damage|p1a: Dondozo|75/100
|move|p1a: Dondozo|Body Press|p2a: Ogerpon
|-supereffective|p2a: Ogerpon
|-damage|p2a: Ogerpon|47/100
|
|-heal|p1a: Dondozo|81/100|[from] item: Leftovers
|upkeep
|turn|4
|
|t:|1779902921
|move|p2a: Ogerpon|Knock Off|p1a: Dondozo
|-resisted|p1a: Dondozo
|-damage|p1a: Dondozo|69/100
|-enditem|p1a: Dondozo|Leftovers|[from] move: Knock Off|[of] p2a: Ogerpon
|move|p1a: Dondozo|Body Press|p2a: Ogerpon
|-supereffective|p2a: Ogerpon
|-damage|p2a: Ogerpon|0 fnt
|faint|p2a: Ogerpon
|
|upkeep
|
|t:|1779902929
|switch|p2a: Landorus|Landorus-Therian, M|100/100
|-ability|p2a: Landorus|Intimidate|boost
|-unboost|p1a: Dondozo|atk|1
|turn|5
|
|t:|1779902934
|switch|p1a: Slowking|Slowking-Galar, F|100/100
|move|p2a: Landorus|Stealth Rock|p1a: Slowking
|-sidestart|p1: claudechamp|move: Stealth Rock
|
|upkeep
|turn|6
|
|t:|1779902941
|move|p2a: Landorus|U-turn|p1a: Slowking
|-damage|p1a: Slowking|81/100
|
|t:|1779902953
|switch|p2a: Manaphy|Manaphy|100/100|[from] U-turn
|move|p1a: Slowking|Ice Beam|p2a: Manaphy
|-resisted|p2a: Manaphy
|-damage|p2a: Manaphy|89/100
|
|-heal|p2a: Manaphy|96/100|[from] item: Leftovers
|upkeep
|turn|7
|
|t:|1779902963
|move|p2a: Manaphy|Tail Glow|p2a: Manaphy
|-boost|p2a: Manaphy|spa|3
|move|p1a: Slowking|Sludge Bomb|p2a: Manaphy
|-damage|p2a: Manaphy|62/100
|
|-heal|p2a: Manaphy|68/100|[from] item: Leftovers
|upkeep
|turn|8
|
|t:|1779902971
|move|p2a: Manaphy|Scald|p1a: Slowking
|-damage|p1a: Slowking|14/100
|move|p1a: Slowking|Sludge Bomb|p2a: Manaphy
|-damage|p2a: Manaphy|33/100
|
|-heal|p2a: Manaphy|39/100|[from] item: Leftovers
|upkeep
|turn|9
|
|t:|1779902979
|switch|p1a: Dondozo|Dondozo, F, tera:Dark|69/100
|-damage|p1a: Dondozo|57/100|[from] Stealth Rock
|move|p2a: Manaphy|Scald|p1a: Dondozo
|-damage|p1a: Dondozo|35/100
|
|-heal|p2a: Manaphy|46/100|[from] item: Leftovers
|upkeep
|turn|10
|
|t:|1779902990
|-terastallize|p2a: Manaphy|Water
|move|p2a: Manaphy|Scald|p1a: Dondozo
|-damage|p1a: Dondozo|2/100
|move|p1a: Dondozo|Body Press|p2a: Manaphy
|-crit|p2a: Manaphy
|-damage|p2a: Manaphy|15/100
|
|-heal|p2a: Manaphy|21/100|[from] item: Leftovers
|upkeep
|turn|11
|
|t:|1779902999
|move|p2a: Manaphy|Scald|p1a: Dondozo
|-damage|p1a: Dondozo|0 fnt
|faint|p1a: Dondozo
|
|-heal|p2a: Manaphy|27/100|[from] item: Leftovers
|upkeep
|
|t:|1779903001
|switch|p1a: Cinderace|Cinderace, M|100/100
|turn|12
|
|t:|1779903010
|switch|p2a: Landorus|Landorus-Therian, M|100/100
|-ability|p2a: Landorus|Intimidate|boost
|-unboost|p1a: Cinderace|atk|1
|move|p1a: Cinderace|U-turn|p2a: Landorus
|-resisted|p2a: Landorus
|-damage|p2a: Landorus|93/100
|
|t:|1779903018
|switch|p1a: Corviknight|Corviknight, F|100/100|[from] U-turn
|-damage|p1a: Corviknight|88/100|[from] Stealth Rock
|-ability|p1a: Corviknight|Pressure
|
|-heal|p2a: Landorus|99/100|[from] item: Leftovers
|upkeep
|turn|13
|
|t:|1779903026
|move|p2a: Landorus|Taunt|p1a: Corviknight
|-start|p1a: Corviknight|move: Taunt
|cant|p1a: Corviknight|move: Taunt|Defog
|
|-heal|p2a: Landorus|100/100|[from] item: Leftovers
|upkeep
|turn|14
|
|t:|1779903032
|move|p2a: Landorus|U-turn|p1a: Corviknight
|-resisted|p1a: Corviknight
|-damage|p1a: Corviknight|84/100
|-damage|p2a: Landorus|84/100|[from] item: Rocky Helmet|[of] p1a: Corviknight
|
|t:|1779903036
|switch|p2a: Raging Bolt|Raging Bolt|100/100|[from] U-turn
|-enditem|p2a: Raging Bolt|Booster Energy
|-activate|p2a: Raging Bolt|ability: Protosynthesis|[fromitem]
|-start|p2a: Raging Bolt|protosynthesisspa
|move|p1a: Corviknight|Brave Bird|p2a: Raging Bolt
|-resisted|p2a: Raging Bolt
|-damage|p2a: Raging Bolt|83/100
|-damage|p1a: Corviknight|79/100|[from] Recoil
|
|upkeep
|turn|15
|
|t:|1779903056
|switch|p1a: Ting-Lu|Ting-Lu|100/100
|-damage|p1a: Ting-Lu|94/100|[from] Stealth Rock
|-ability|p1a: Ting-Lu|Vessel of Ruin
|move|p2a: Raging Bolt|Dragon Pulse|p1a: Ting-Lu
|-damage|p1a: Ting-Lu|69/100
|
|-heal|p1a: Ting-Lu|75/100|[from] item: Leftovers
|upkeep
|turn|16
|
|t:|1779903070
|-end|p2a: Raging Bolt|Protosynthesis|[silent]
|switch|p2a: Zamazenta|Zamazenta|100/100
|-ability|p2a: Zamazenta|Dauntless Shield|boost
|-boost|p2a: Zamazenta|def|1
|move|p1a: Ting-Lu|Payback|p2a: Zamazenta
|-resisted|p2a: Zamazenta
|-damage|p2a: Zamazenta|96/100
|
|-heal|p2a: Zamazenta|100/100|[from] item: Leftovers
|-heal|p1a: Ting-Lu|81/100|[from] item: Leftovers
|upkeep
|turn|17
|
|t:|1779903081
|switch|p1a: Slowking|Slowking-Galar, F|47/100
|-damage|p1a: Slowking|35/100|[from] Stealth Rock
|move|p2a: Zamazenta|Roar|p1a: Slowking
|drag|p1a: Corviknight|Corviknight, F|79/100
|-damage|p1a: Corviknight|66/100|[from] Stealth Rock
|-ability|p1a: Corviknight|Pressure
|
|upkeep
|turn|18
|
|t:|1779903096
|switch|p2a: Manaphy|Manaphy, tera:Water|27/100
|move|p1a: Corviknight|U-turn|p2a: Manaphy
|-damage|p2a: Manaphy|13/100
|
|t:|1779903099
|switch|p1a: Cinderace|Cinderace, M|100/100|[from] U-turn
|
|-heal|p2a: Manaphy|19/100|[from] item: Leftovers
|upkeep
|turn|19
|
|t:|1779903104
|switch|p2a: Landorus|Landorus-Therian, M|84/100
|-ability|p2a: Landorus|Intimidate|boost
|-unboost|p1a: Cinderace|atk|1
|move|p1a: Cinderace|Pyro Ball|p2a: Landorus
|-damage|p2a: Landorus|47/100
|
|-heal|p2a: Landorus|53/100|[from] item: Leftovers
|upkeep
|turn|20
|
|t:|1779903114
|move|p1a: Cinderace|Court Change|p1a: Cinderace
|-swapsideconditions
|-activate|p1a: Cinderace|move: Court Change
|move|p2a: Landorus|Earthquake|p1a: Cinderace
|-supereffective|p1a: Cinderace
|-damage|p1a: Cinderace|0 fnt
|faint|p1a: Cinderace
|
|-heal|p2a: Landorus|60/100|[from] item: Leftovers
|upkeep
|
|t:|1779903120
|switch|p1a: Slowking|Slowking-Galar, F|68/100
|turn|21
|
|t:|1779903125
|move|p2a: Landorus|Earthquake|p1a: Slowking
|-supereffective|p1a: Slowking
|-enditem|p1a: Slowking|Shuca Berry|[eat]
|-enditem|p1a: Slowking|Shuca Berry|[weaken]
|-damage|p1a: Slowking|30/100
|move|p1a: Slowking|Ice Beam|p2a: Landorus
|-supereffective|p2a: Landorus
|-damage|p2a: Landorus|0 fnt
|faint|p2a: Landorus
|
|upkeep
|
|t:|1779903144
|switch|p2a: Raging Bolt|Raging Bolt|83/100
|-damage|p2a: Raging Bolt|70/100|[from] Stealth Rock
|turn|22
|
|t:|1779903149
|switch|p1a: Ting-Lu|Ting-Lu|81/100
|-ability|p1a: Ting-Lu|Vessel of Ruin
|move|p2a: Raging Bolt|Calm Mind|p2a: Raging Bolt
|-boost|p2a: Raging Bolt|spa|1
|-boost|p2a: Raging Bolt|spd|1
|
|-heal|p1a: Ting-Lu|87/100|[from] item: Leftovers
|upkeep
|turn|23
|
|t:|1779903162
|-end|p2a: Raging Bolt|Protosynthesis|[silent]
|switch|p2a: Manaphy|Manaphy, tera:Water|19/100
|-damage|p2a: Manaphy|7/100|[from] Stealth Rock
|move|p1a: Ting-Lu|Earthquake|p2a: Manaphy
|-damage|p2a: Manaphy|0 fnt
|faint|p2a: Manaphy
|
|-heal|p1a: Ting-Lu|93/100|[from] item: Leftovers
|upkeep
|
|t:|1779903175
|switch|p2a: Zamazenta|Zamazenta|100/100
|-damage|p2a: Zamazenta|94/100|[from] Stealth Rock
|turn|24
|
|t:|1779903180
|move|p2a: Zamazenta|Body Press|p1a: Ting-Lu
|-supereffective|p1a: Ting-Lu
|-damage|p1a: Ting-Lu|58/100
|move|p1a: Ting-Lu|Earthquake|p2a: Zamazenta
|-damage|p2a: Zamazenta|66/100
|
|-heal|p2a: Zamazenta|73/100|[from] item: Leftovers
|-heal|p1a: Ting-Lu|64/100|[from] item: Leftovers
|upkeep
|turn|25
|
|t:|1779903187
|switch|p1a: Slowking|Slowking-Galar, F|63/100
|move|p2a: Zamazenta|Body Press|p1a: Slowking
|-resisted|p1a: Slowking
|-damage|p1a: Slowking|58/100
|
|-heal|p2a: Zamazenta|79/100|[from] item: Leftovers
|upkeep
|turn|26
|
|t:|1779903196
|switch|p2a: Hatterene|Hatterene, F|100/100
|-damage|p2a: Hatterene|88/100|[from] Stealth Rock
|move|p1a: Slowking|Future Sight|p2a: Hatterene
|-start|p1a: Slowking|move: Future Sight
|
|-heal|p2a: Hatterene|94/100|[from] item: Leftovers
|upkeep
|turn|27
|
|t:|1779903203
|move|p2a: Hatterene|Dazzling Gleam|p1a: Slowking
|-resisted|p1a: Slowking
|-damage|p1a: Slowking|43/100
|move|p1a: Slowking|Sludge Bomb|p2a: Hatterene
|-supereffective|p2a: Hatterene
|-crit|p2a: Hatterene
|-damage|p2a: Hatterene|0 fnt
|faint|p2a: Hatterene
|
|upkeep
|-message|Gary88 forfeited.
|
|win|claudechamp
|raw|claudechamp's rating: 1350 &rarr; <strong>1368</strong><br />(+18 for winning)
|raw|Gary88's rating: 1320 &rarr; <strong>1302</strong><br />(-18 for losing)
|l|☆Gary88
|player|p2|
|c|☆claudechamp|gg
