|j|‽Alakazam darnold
|j|☆30delta
|t:|1779912833
|gametype|singles
|player|p1|Alakazam darnold|li|1415
|player|p2|30delta|rocketgrunt|1429
|gen|9
|tier|[Gen 9] OU
|rated|
|rule|HP Percentage Mod: HP is shown in percentages
|rule|Endless Battle Clause: Forcing endless battles is banned
|rule|Species Clause: Limit one of each Pokémon
|rule|OHKO Clause: OHKO moves are banned
|rule|Evasion Items Clause: Evasion items are banned
|rule|Evasion Moves Clause: Evasion moves are banned
|rule|Evasion Abilities Clause: Evasion abilities are banned
|rule|Sleep Moves Clause: Sleep-inducing moves are banned
|clearpoke
|poke|p1|Golurk|
|poke|p1|Ogerpon-Wellspring, F|
|poke|p1|Mandibuzz, F|
|poke|p1|Garganacl, F|
|poke|p1|Iron Crown|
|poke|p1|Enamorus, F|
|poke|p2|Garganacl, M|
|poke|p2|Dondozo, M|
|poke|p2|Kingambit, F|
|poke|p2|Great Tusk|
|poke|p2|Amoonguss, F|
|poke|p2|Chandelure, M|
|teampreview
|inactive|Battle timer is ON: inactive players will automatically lose when time's up. (requested by 30delta)
|
|t:|1779912840
|teamsize|p1|6
|teamsize|p2|6
|start
|switch|p1a: Golurk|Golurk|100/100
|switch|p2a: Garganacl|Garganacl, M|100/100
|turn|1
|
|t:|1779912845
|-terastallize|p2a: Garganacl|Fairy
|move|p1a: Golurk|Earthquake|p2a: Garganacl
|-damage|p2a: Garganacl|48/100
|move|p2a: Garganacl|Salt Cure|p1a: Golurk
|-resisted|p1a: Golurk
|-damage|p1a: Golurk|93/100
|-start|p1a: Golurk|Salt Cure
|
|-heal|p2a: Garganacl|54/100|[from] item: Leftovers
|-damage|p1a: Golurk|81/100|[from] Salt Cure
|upkeep
|turn|2
|
|t:|1779912849
|move|p1a: Golurk|Earthquake|p2a: Garganacl
|-damage|p2a: Garganacl|5/100
|move|p2a: Garganacl|Recover|p2a: Garganacl
|-heal|p2a: Garganacl|55/100
|
|-heal|p2a: Garganacl|61/100|[from] item: Leftovers
|-damage|p1a: Golurk|69/100|[from] Salt Cure
|upkeep
|turn|3
|
|t:|1779912853
|switch|p1a: Iron Crown|Iron Crown|100/100
|-enditem|p1a: Iron Crown|Booster Energy
|-activate|p1a: Iron Crown|ability: Quark Drive|[fromitem]
|-start|p1a: Iron Crown|quarkdrivespe
|move|p2a: Garganacl|Recover|p2a: Garganacl
|-heal|p2a: Garganacl|100/100
|
|upkeep
|turn|4
|
|t:|1779912861
|-end|p1a: Iron Crown|Quark Drive|[silent]
|switch|p1a: Golurk|Golurk|69/100
|move|p2a: Garganacl|Salt Cure|p1a: Golurk
|-resisted|p1a: Golurk
|-damage|p1a: Golurk|61/100
|-start|p1a: Golurk|Salt Cure
|
|-damage|p1a: Golurk|49/100|[from] Salt Cure
|upkeep
|turn|5
|
|t:|1779912868
|move|p2a: Garganacl|Protect|p2a: Garganacl
|-singleturn|p2a: Garganacl|Protect
|move|p1a: Golurk|Trick|p2a: Garganacl
|-activate|p2a: Garganacl|move: Protect
|
|-damage|p1a: Golurk|37/100|[from] Salt Cure
|upkeep
|turn|6
|
|t:|1779912873
|switch|p2a: Chandelure|Chandelure, M|100/100
|move|p1a: Golurk|Trick|p2a: Chandelure
|-activate|p1a: Golurk|move: Trick|[of] p2a: Chandelure
|-item|p2a: Chandelure|Choice Band|[from] move: Trick
|-item|p1a: Golurk|Choice Specs|[from] move: Trick
|
|-damage|p1a: Golurk|25/100|[from] Salt Cure
|upkeep
|turn|7
|
|t:|1779912884
|switch|p1a: Mandibuzz|Mandibuzz, F|100/100
|move|p2a: Chandelure|Energy Ball|p1a: Mandibuzz
|-resisted|p1a: Mandibuzz
|-damage|p1a: Mandibuzz|87/100
|
|upkeep
|turn|8
|
|t:|1779912888
|switch|p2a: Garganacl|Garganacl, M, tera:Fairy|100/100
|move|p1a: Mandibuzz|Toxic|p2a: Garganacl
|-immune|p2a: Garganacl|[from] ability: Purifying Salt
|
|upkeep
|turn|9
|
|t:|1779912892
|switch|p1a: Golurk|Golurk|25/100
|move|p2a: Garganacl|Salt Cure|p1a: Golurk
|-resisted|p1a: Golurk
|-damage|p1a: Golurk|17/100
|-start|p1a: Golurk|Salt Cure
|
|-damage|p1a: Golurk|5/100|[from] Salt Cure
|upkeep
|turn|10
|
|t:|1779912894
|move|p2a: Garganacl|Protect|p2a: Garganacl
|-singleturn|p2a: Garganacl|Protect
|move|p1a: Golurk|Poltergeist|p2a: Garganacl
|-activate|p2a: Garganacl|move: Protect
|
|-damage|p1a: Golurk|0 fnt|[from] Salt Cure
|faint|p1a: Golurk
|upkeep
|
|t:|1779912897
|switch|p1a: Iron Crown|Iron Crown|100/100
|turn|11
|
|t:|1779912899
|move|p1a: Iron Crown|Tachyon Cutter|p2a: Garganacl
|-supereffective|p2a: Garganacl
|-damage|p2a: Garganacl|69/100
|-supereffective|p2a: Garganacl
|-damage|p2a: Garganacl|38/100
|-hitcount|p2a: Garganacl|2
|move|p2a: Garganacl|Salt Cure|p1a: Iron Crown
|-resisted|p1a: Iron Crown
|-damage|p1a: Iron Crown|93/100
|-start|p1a: Iron Crown|Salt Cure
|
|-heal|p2a: Garganacl|44/100|[from] item: Leftovers
|-damage|p1a: Iron Crown|69/100|[from] Salt Cure
|upkeep
|turn|12
|
|t:|1779912903
|move|p2a: Garganacl|Protect|p2a: Garganacl
|-singleturn|p2a: Garganacl|Protect
|move|p1a: Iron Crown|Calm Mind|p1a: Iron Crown
|-boost|p1a: Iron Crown|spa|1
|-boost|p1a: Iron Crown|spd|1
|
|-heal|p2a: Garganacl|50/100|[from] item: Leftovers
|-damage|p1a: Iron Crown|44/100|[from] Salt Cure
|upkeep
|turn|13
|
|t:|1779912906
|switch|p2a: Dondozo|Dondozo, M|100/100
|move|p1a: Iron Crown|Psyshock|p2a: Dondozo
|-damage|p2a: Dondozo|82/100
|
|-heal|p2a: Dondozo|89/100|[from] item: Leftovers
|-damage|p1a: Iron Crown|19/100|[from] Salt Cure
|upkeep
|turn|14
|
|t:|1779912913
|-end|p1a: Iron Crown|Quark Drive|[silent]
|switch|p1a: Garganacl|Garganacl, F|100/100
|move|p2a: Dondozo|Waterfall|p1a: Garganacl
|-supereffective|p1a: Garganacl
|-damage|p1a: Garganacl|67/100
|
|-heal|p2a: Dondozo|95/100|[from] item: Leftovers
|-heal|p1a: Garganacl|74/100|[from] item: Leftovers
|upkeep
|turn|15
|
|t:|1779912919
|move|p1a: Garganacl|Salt Cure|p2a: Dondozo
|-damage|p2a: Dondozo|88/100
|-start|p2a: Dondozo|Salt Cure
|move|p2a: Dondozo|Body Press|p1a: Garganacl
|-supereffective|p1a: Garganacl
|-damage|p1a: Garganacl|33/100
|
|-heal|p2a: Dondozo|94/100|[from] item: Leftovers
|-heal|p1a: Garganacl|39/100|[from] item: Leftovers
|-damage|p2a: Dondozo|69/100|[from] Salt Cure
|upkeep
|turn|16
|
|t:|1779912925
|switch|p2a: Garganacl|Garganacl, M, tera:Fairy|50/100
|move|p1a: Garganacl|Recover|p1a: Garganacl
|-heal|p1a: Garganacl|89/100
|
|-heal|p1a: Garganacl|95/100|[from] item: Leftovers
|-heal|p2a: Garganacl|56/100|[from] item: Leftovers
|upkeep
|turn|17
|
|t:|1779912928
|move|p1a: Garganacl|Salt Cure|p2a: Garganacl
|-crit|p2a: Garganacl
|-damage|p2a: Garganacl|43/100
|-start|p2a: Garganacl|Salt Cure
|move|p2a: Garganacl|Recover|p2a: Garganacl
|-heal|p2a: Garganacl|93/100
|
|-heal|p1a: Garganacl|100/100|[from] item: Leftovers
|-heal|p2a: Garganacl|99/100|[from] item: Leftovers
|-damage|p2a: Garganacl|86/100|[from] Salt Cure
|upkeep
|turn|18
|
|t:|1779912931
|move|p1a: Garganacl|Stealth Rock|p2a: Garganacl
|-sidestart|p2: 30delta|move: Stealth Rock
|move|p2a: Garganacl|Salt Cure|p1a: Garganacl
|-damage|p1a: Garganacl|91/100
|-start|p1a: Garganacl|Salt Cure
|
|-heal|p2a: Garganacl|93/100|[from] item: Leftovers
|-heal|p1a: Garganacl|98/100|[from] item: Leftovers
|-damage|p1a: Garganacl|85/100|[from] Salt Cure
|-damage|p2a: Garganacl|80/100|[from] Salt Cure
|upkeep
|turn|19
|
|t:|1779912938
|move|p2a: Garganacl|Stealth Rock|p1a: Garganacl
|-sidestart|p1: Alakazam darnold|move: Stealth Rock
|move|p1a: Garganacl|Salt Cure|p2a: Garganacl
|-crit|p2a: Garganacl
|-damage|p2a: Garganacl|66/100
|
|-heal|p2a: Garganacl|72/100|[from] item: Leftovers
|-heal|p1a: Garganacl|91/100|[from] item: Leftovers
|-damage|p2a: Garganacl|60/100|[from] Salt Cure
|-damage|p1a: Garganacl|79/100|[from] Salt Cure
|upkeep
|turn|20
|
|t:|1779912943
|move|p1a: Garganacl|Salt Cure|p2a: Garganacl
|-damage|p2a: Garganacl|50/100
|move|p2a: Garganacl|Recover|p2a: Garganacl
|-heal|p2a: Garganacl|100/100
|
|-heal|p1a: Garganacl|85/100|[from] item: Leftovers
|-damage|p1a: Garganacl|73/100|[from] Salt Cure
|-damage|p2a: Garganacl|88/100|[from] Salt Cure
|upkeep
|turn|21
|
|t:|1779912946
|switch|p2a: Great Tusk|Great Tusk|100/100
|move|p1a: Garganacl|Protect||[still]
|-fail|p1a: Garganacl
|
|-heal|p1a: Garganacl|79/100|[from] item: Leftovers
|-damage|p1a: Garganacl|67/100|[from] Salt Cure
|upkeep
|turn|22
|
|t:|1779912950
|switch|p1a: Enamorus|Enamorus, F|100/100
|move|p2a: Great Tusk|Rapid Spin|p1a: Enamorus
|-damage|p1a: Enamorus|73/100
|-boost|p2a: Great Tusk|spe|1
|-sideend|p2: 30delta|Stealth Rock|[from] move: Rapid Spin|[of] p2a: Great Tusk
|
|upkeep
|turn|23
|
|t:|1779912958
|move|p2a: Great Tusk|Ice Spinner|p1a: Enamorus
|-supereffective|p1a: Enamorus
|-damage|p1a: Enamorus|0 fnt
|faint|p1a: Enamorus
|
|upkeep
|inactive|Alakazam darnold has 120 seconds left.
|-message|Alakazam darnold forfeited.
|
|win|30delta
|raw|Alakazam darnold's rating: 1415 &rarr; <strong>1396</strong><br />(-19 for losing)
|raw|30delta's rating: 1429 &rarr; <strong>1448</strong><br />(+19 for winning)
|l|‽Alakazam darnold
|player|p1|
|l|☆30delta
|player|p2|
