|j|☆Bruen01
|j|☆goodnightnite
|t:|1779806088
|gametype|singles
|player|p1|Bruen01|bruno|1626
|player|p2|goodnightnite|miku-water|1705
|gen|9
|tier|[Gen 9] OU
|rated|
|rule|HP Percentage Mod: HP is shown in percentages
|rule|Endless Battle Clause: Forcing endless battles is banned
|rule|Species Clause: Limit one of each Pokémon
|rule|OHKO Clause: OHKO moves are banned
|rule|Evasion Items Clause: Evasion items are banned
|rule|Evasion Moves Clause: Evasion moves are banned
|rule|Evasion Abilities Clause: Evasion abilities are banned
|rule|Sleep Moves Clause: Sleep-inducing moves are banned
|clearpoke
|poke|p1|Slowking-Galar, F|
|poke|p1|Landorus-Therian, M|
|poke|p1|Kyurem|
|poke|p1|Iron Valiant|
|poke|p1|Cinderace, F|
|poke|p1|Kingambit, F|
|poke|p2|Primarina, M|
|poke|p2|Zamazenta-*|
|poke|p2|Gholdengo|
|poke|p2|Rillaboom, M|
|poke|p2|Glimmora, M|
|poke|p2|Hydreigon, M|
|teampreview
|inactive|Battle timer is ON: inactive players will automatically lose when time's up. (requested by goodnightnite)
|inactive|Bruen01 has 120 seconds left.
|
|t:|1779806135
|teamsize|p1|6
|teamsize|p2|6
|start
|switch|p1a: Landorus|Landorus-Therian, M|100/100
|switch|p2a: Hybrid|Hydreigon, M, shiny|100/100
|-ability|p1a: Landorus|Intimidate|boost
|-unboost|p2a: Hybrid|atk|1
|turn|1
|
|t:|1779806152
|move|p2a: Hybrid|Draco Meteor|p1a: Landorus
|-damage|p1a: Landorus|0 fnt
|-unboost|p2a: Hybrid|spa|2
|faint|p1a: Landorus
|
|upkeep
|j| Dante1310
|
|t:|1779806166
|switch|p1a: Iron Valiant|Iron Valiant|100/100
|-enditem|p1a: Iron Valiant|Booster Energy
|-activate|p1a: Iron Valiant|ability: Quark Drive|[fromitem]
|-start|p1a: Iron Valiant|quarkdrivespe
|turn|2
|
|t:|1779806178
|switch|p2a: Celestine|Primarina, M, shiny|100/100
|move|p1a: Iron Valiant|Knock Off|p2a: Celestine
|-resisted|p2a: Celestine
|-damage|p2a: Celestine|83/100
|-enditem|p2a: Celestine|Assault Vest|[from] move: Knock Off|[of] p1a: Iron Valiant
|
|upkeep
|turn|3
|
|t:|1779806186
|-end|p1a: Iron Valiant|Quark Drive|[silent]
|switch|p1a: Slowking|Slowking-Galar, F|100/100
|move|p2a: Celestine|Moonblast|p1a: Slowking
|-resisted|p1a: Slowking
|-damage|p1a: Slowking|84/100
|
|upkeep
|turn|4
|j| yuureisuisei
|
|t:|1779806191
|switch|p2a: Spirit Rush|Gholdengo, shiny|100/100
|-prepare|p1a: Slowking|Chilly Reception|[premajor]
|move|p1a: Slowking|Chilly Reception|p1a: Slowking
|-weather|Snowscape
|
|t:|1779806219
|switch|p1a: Kyurem|Kyurem|100/100|[from] Chilly Reception
|-ability|p1a: Kyurem|Pressure
|
|-weather|Snowscape|[upkeep]
|upkeep
|turn|5
|
|t:|1779806231
|move|p1a: Kyurem|Earth Power|p2a: Spirit Rush
|-supereffective|p2a: Spirit Rush
|-damage|p2a: Spirit Rush|34/100
|move|p2a: Spirit Rush|Make It Rain|p1a: Kyurem
|-supereffective|p1a: Kyurem
|-damage|p1a: Kyurem|0 fnt
|-unboost|p2a: Spirit Rush|spa|1
|faint|p1a: Kyurem
|
|-weather|Snowscape|[upkeep]
|upkeep
|
|t:|1779806240
|switch|p1a: Cinderace|Cinderace, F|100/100
|turn|6
|
|t:|1779806245
|switch|p2a: Bullet|Glimmora, M, shiny|100/100
|move|p1a: Cinderace|Pyro Ball|p2a: Bullet
|-resisted|p2a: Bullet
|-damage|p2a: Bullet|82/100
|-activate|p2a: Bullet|ability: Toxic Debris
|-sidestart|p1: Bruen01|move: Toxic Spikes
|-enditem|p2a: Bullet|Red Card|[of] p1a: Cinderace
|drag|p1a: Kingambit|Kingambit, F|100/100
|-activate|p1a: Kingambit|ability: Supreme Overlord
|-start|p1a: Kingambit|fallen2|[silent]
|
|-weather|Snowscape|[upkeep]
|upkeep
|turn|7
|j| Disscratch
|
|t:|1779806256
|move|p2a: Bullet|Earth Power|p1a: Kingambit
|-supereffective|p1a: Kingambit
|-damage|p1a: Kingambit|48/100
|move|p1a: Kingambit|Iron Head|p2a: Bullet
|-supereffective|p2a: Bullet
|-damage|p2a: Bullet|7/100
|-activate|p2a: Bullet|ability: Toxic Debris
|-sidestart|p1: Bruen01|move: Toxic Spikes
|
|-weather|Snowscape|[upkeep]
|-heal|p1a: Kingambit|54/100|[from] item: Leftovers
|upkeep
|turn|8
|
|t:|1779806268
|-end|p1a: Kingambit|fallen2|[silent]
|switch|p1a: Slowking|Slowking-Galar, F|100/100
|-sideend|p1: Bruen01|move: Toxic Spikes|[of] p1a: Slowking
|move|p2a: Bullet|Stealth Rock|p1a: Slowking
|-sidestart|p1: Bruen01|move: Stealth Rock
|
|-weather|none
|upkeep
|turn|9
|
|t:|1779806277
|move|p2a: Bullet|Earth Power|p1a: Slowking
|-supereffective|p1a: Slowking
|-damage|p1a: Slowking|68/100
|-prepare|p1a: Slowking|Chilly Reception|[premajor]
|move|p1a: Slowking|Chilly Reception|p1a: Slowking
|-weather|Snowscape
|
|t:|1779806287
|switch|p1a: Iron Valiant|Iron Valiant|100/100|[from] Chilly Reception
|-damage|p1a: Iron Valiant|94/100|[from] Stealth Rock
|
|-weather|Snowscape|[upkeep]
|upkeep
|turn|10
|
|t:|1779806291
|move|p1a: Iron Valiant|Moonblast|p2a: Bullet
|-resisted|p2a: Bullet
|-damage|p2a: Bullet|0 fnt
|faint|p2a: Bullet
|
|-weather|Snowscape|[upkeep]
|upkeep
|
|t:|1779806301
|switch|p2a: Kong|Rillaboom, M, shiny|100/100
|-fieldstart|move: Grassy Terrain|[from] ability: Grassy Surge|[of] p2a: Kong
|turn|11
|
|t:|1779806317
|-end|p1a: Iron Valiant|Quark Drive|[silent]
|switch|p1a: Cinderace|Cinderace, F|100/100
|switch|p2a: Celestine|Primarina, M, shiny|83/100
|
|-weather|Snowscape|[upkeep]
|-heal|p2a: Celestine|89/100|[from] Grassy Terrain
|upkeep
|turn|12
|
|t:|1779806324
|switch|p1a: Slowking|Slowking-Galar, F|100/100
|move|p2a: Celestine|Psychic Noise|p1a: Slowking
|-damage|p1a: Slowking|77/100
|-start|p1a: Slowking|move: Heal Block
|
|-weather|Snowscape|[upkeep]
|-heal|p2a: Celestine|95/100|[from] Grassy Terrain
|upkeep
|turn|13
|
|t:|1779806328
|switch|p2a: Spirit Rush|Gholdengo, shiny|34/100
|-enditem|p2a: Spirit Rush|Grassy Seed
|-boost|p2a: Spirit Rush|def|1|[from] item: Grassy Seed
|-prepare|p1a: Slowking|Chilly Reception|[premajor]
|move|p1a: Slowking|Chilly Reception|p1a: Slowking
|
|t:|1779806349
|switch|p1a: Cinderace|Cinderace, F|100/100|[from] Chilly Reception
|
|-weather|none
|-heal|p2a: Spirit Rush|40/100|[from] Grassy Terrain
|upkeep
|turn|14
|
|t:|1779806357
|-terastallize|p2a: Spirit Rush|Water
|move|p1a: Cinderace|Court Change|p1a: Cinderace
|-start|p1a: Cinderace|typechange|Normal|[from] ability: Libero
|-swapsideconditions
|-activate|p1a: Cinderace|move: Court Change
|move|p2a: Spirit Rush|Recover|p2a: Spirit Rush
|-heal|p2a: Spirit Rush|90/100
|
|-heal|p2a: Spirit Rush|96/100|[from] Grassy Terrain
|upkeep
|turn|15
|
|t:|1779806376
|switch|p1a: Iron Valiant|Iron Valiant|94/100
|move|p2a: Spirit Rush|Nasty Plot|p2a: Spirit Rush
|-boost|p2a: Spirit Rush|spa|2
|
|-heal|p1a: Iron Valiant|100/100|[from] Grassy Terrain
|-heal|p2a: Spirit Rush|100/100|[from] Grassy Terrain
|-fieldend|move: Grassy Terrain
|upkeep
|turn|16
|
|t:|1779806383
|move|p1a: Iron Valiant|Encore|p2a: Spirit Rush
|-immune|p2a: Spirit Rush|[from] ability: Good as Gold
|move|p2a: Spirit Rush|Shadow Ball|p1a: Iron Valiant
|-damage|p1a: Iron Valiant|0 fnt
|faint|p1a: Iron Valiant
|-end|p1a: Iron Valiant|Quark Drive|[silent]
|
|upkeep
|l| yuureisuisei
|c|☆goodnightnite|cheese stick
|inactive|Bruen01 has 120 seconds left.
|
|t:|1779806431
|switch|p1a: Slowking|Slowking-Galar, F|100/100
|turn|17
|inactive|Bruen01 has 90 seconds left.
|
|t:|1779806459
|move|p2a: Spirit Rush|Shadow Ball|p1a: Slowking
|-supereffective|p1a: Slowking
|-damage|p1a: Slowking|18/100
|move|p1a: Slowking|Future Sight|p2a: Spirit Rush
|-start|p1a: Slowking|move: Future Sight
|
|upkeep
|turn|18
|
|t:|1779806466
|switch|p1a: Kingambit|Kingambit, F|54/100
|-activate|p1a: Kingambit|ability: Supreme Overlord
|-start|p1a: Kingambit|fallen3|[silent]
|move|p2a: Spirit Rush|Shadow Ball|p1a: Kingambit
|-resisted|p1a: Kingambit
|-damage|p1a: Kingambit|23/100
|
|-heal|p1a: Kingambit|29/100|[from] item: Leftovers
|upkeep
|turn|19
|l| Disscratch
|inactive|Bruen01 has 90 seconds left.
|j| Disscratch
|
|t:|1779806505
|-end|p1a: Kingambit|fallen3|[silent]
|switch|p1a: Slowking|Slowking-Galar, F|51/100
|move|p2a: Spirit Rush|Shadow Ball|p1a: Slowking
|-supereffective|p1a: Slowking
|-damage|p1a: Slowking|0 fnt
|faint|p1a: Slowking
|
|-end|p2a: Spirit Rush|move: Future Sight
|-damage|p2a: Spirit Rush|72/100
|upkeep
|inactive|Bruen01 has 60 seconds left.
|-message|Bruen01 forfeited.
|
|win|goodnightnite
|raw|Bruen01's rating: 1626 &rarr; <strong>1610</strong><br />(-16 for losing)
|raw|goodnightnite's rating: 1705 &rarr; <strong>1721</strong><br />(+16 for winning)
|l|☆Bruen01
|player|p1|
