|j|☆TheGuyThatsThere
|j|☆zabbaman
|t:|1779943954
|gametype|singles
|player|p1|TheGuyThatsThere|supernerd|1317
|player|p2|zabbaman|1|1285
|gen|9
|tier|[Gen 9] OU
|rated|
|rule|HP Percentage Mod: HP is shown in percentages
|rule|Endless Battle Clause: Forcing endless battles is banned
|rule|Species Clause: Limit one of each Pokémon
|rule|OHKO Clause: OHKO moves are banned
|rule|Evasion Items Clause: Evasion items are banned
|rule|Evasion Moves Clause: Evasion moves are banned
|rule|Evasion Abilities Clause: Evasion abilities are banned
|rule|Sleep Moves Clause: Sleep-inducing moves are banned
|clearpoke
|poke|p1|Enamorus, F|
|poke|p1|Great Tusk|
|poke|p1|Iron Crown|
|poke|p1|Lokix, M|
|poke|p1|Alomomola, M|
|poke|p1|Pecharunt|
|poke|p2|Regice|
|poke|p2|Ninetales-Alola, F|
|poke|p2|Scizor, F|
|poke|p2|Tyranitar, F|
|poke|p2|Thundurus-Therian, M|
|poke|p2|Cinderace, F|
|teampreview
|inactive|Battle timer is ON: inactive players will automatically lose when time's up. (requested by zabbaman)
|
|t:|1779943962
|teamsize|p1|6
|teamsize|p2|6
|start
|switch|p1a: Iron Crown|Iron Crown|100/100
|switch|p2a: Cinderace|Cinderace, F|100/100
|turn|1
|
|t:|1779943966
|-end|p1a: Iron Crown|Quark Drive|[silent]
|switch|p1a: Alomomola|Alomomola, M|100/100
|move|p2a: Cinderace|Pyro Ball|p1a: Alomomola
|-resisted|p1a: Alomomola
|-damage|p1a: Alomomola|84/100
|
|upkeep
|turn|2
|
|t:|1779943972
|move|p2a: Cinderace|Will-O-Wisp|p1a: Alomomola
|-status|p1a: Alomomola|brn
|move|p1a: Alomomola|Flip Turn|p2a: Cinderace
|-supereffective|p2a: Cinderace
|-damage|p2a: Cinderace|80/100
|
|t:|1779943975
|switch|p1a: Great Tusk|Great Tusk|100/100|[from] Flip Turn
|
|upkeep
|turn|3
|
|t:|1779943978
|-end|p1a: Great Tusk|Protosynthesis|[silent]
|switch|p1a: Alomomola|Alomomola, M|100/100 brn
|move|p2a: Cinderace|Will-O-Wisp|p1a: Alomomola|[miss]
|-miss|p2a: Cinderace|p1a: Alomomola
|
|-damage|p1a: Alomomola|94/100 brn|[from] brn
|upkeep
|turn|4
|
|t:|1779943988
|switch|p2a: Ninetales|Ninetales-Alola, F|100/100
|-weather|Snowscape|[from] ability: Snow Warning|[of] p2a: Ninetales
|move|p1a: Alomomola|Scald|p2a: Ninetales
|-damage|p2a: Ninetales|86/100
|-status|p2a: Ninetales|brn
|
|-weather|Snowscape|[upkeep]
|-damage|p2a: Ninetales|80/100 brn|[from] brn
|-damage|p1a: Alomomola|88/100 brn|[from] brn
|upkeep
|turn|5
|
|t:|1779943995
|move|p2a: Ninetales|Aurora Veil|p2a: Ninetales
|-sidestart|p2: zabbaman|move: Aurora Veil
|move|p1a: Alomomola|Flip Turn|p2a: Ninetales
|-damage|p2a: Ninetales|77/100 brn
|
|t:|1779944002
|switch|p1a: Iron Crown|Iron Crown|100/100|[from] Flip Turn
|
|-weather|Snowscape|[upkeep]
|-damage|p2a: Ninetales|70/100 brn|[from] brn
|upkeep
|turn|6
|inactive|zabbaman has 120 seconds left.
|
|t:|1779944037
|switch|p2a: Scizor|Scizor, F|100/100
|move|p1a: Iron Crown|Volt Switch|p2a: Scizor
|-damage|p2a: Scizor|81/100
|
|t:|1779944048
|-end|p1a: Iron Crown|Quark Drive|[silent]
|switch|p1a: Great Tusk|Great Tusk|100/100|[from] Volt Switch
|
|-weather|Snowscape|[upkeep]
|upkeep
|turn|7
|
|t:|1779944051
|move|p1a: Great Tusk|Stealth Rock|p2a: Scizor
|-sidestart|p2: zabbaman|move: Stealth Rock
|move|p2a: Scizor|Dual Wingbeat|p1a: Great Tusk
|-supereffective|p1a: Great Tusk
|-damage|p1a: Great Tusk|52/100
|-damage|p2a: Scizor|64/100|[from] item: Rocky Helmet|[of] p1a: Great Tusk
|-supereffective|p1a: Great Tusk
|-damage|p1a: Great Tusk|3/100
|-damage|p2a: Scizor|48/100|[from] item: Rocky Helmet|[of] p1a: Great Tusk
|-hitcount|p1a: Great Tusk|2
|
|-weather|Snowscape|[upkeep]
|upkeep
|turn|8
|
|t:|1779944066
|-end|p1a: Great Tusk|Protosynthesis|[silent]
|switch|p1a: Alomomola|Alomomola, M|100/100 brn
|switch|p2a: Thundurus|Thundurus-Therian, M|100/100
|
|-weather|Snowscape|[upkeep]
|-damage|p1a: Alomomola|94/100 brn|[from] brn
|upkeep
|turn|9
|
|t:|1779944071
|move|p2a: Thundurus|Volt Switch|p1a: Alomomola
|-supereffective|p1a: Alomomola
|-damage|p1a: Alomomola|52/100 brn
|
|t:|1779944084
|switch|p2a: Cinderace|Cinderace, F|80/100|[from] Volt Switch
|move|p1a: Alomomola|Flip Turn|p2a: Cinderace
|-supereffective|p2a: Cinderace
|-damage|p2a: Cinderace|71/100
|
|t:|1779944092
|switch|p1a: Pecharunt|Pecharunt|100/100|[from] Flip Turn
|-item|p1a: Pecharunt|Air Balloon
|
|-weather|Snowscape|[upkeep]
|-sideend|p2: zabbaman|move: Aurora Veil
|upkeep
|turn|10
|
|t:|1779944096
|move|p2a: Cinderace|Court Change|p2a: Cinderace
|-swapsideconditions
|-activate|p2a: Cinderace|move: Court Change
|move|p1a: Pecharunt|Malignant Chain|p2a: Cinderace
|-damage|p2a: Cinderace|37/100
|
|-weather|Snowscape|[upkeep]
|upkeep
|turn|11
|
|t:|1779944118
|move|p2a: Cinderace|U-turn|p1a: Pecharunt
|-resisted|p1a: Pecharunt
|-damage|p1a: Pecharunt|98/100
|-enditem|p1a: Pecharunt|Air Balloon
|inactive|zabbaman has 120 seconds left.
|
|t:|1779944142
|switch|p2a: Regice|Regice, shiny|100/100|[from] U-turn
|move|p1a: Pecharunt|Foul Play|p2a: Regice
|-damage|p2a: Regice|94/100
|
|-weather|none
|-heal|p2a: Regice|99/100|[from] item: Leftovers
|upkeep
|turn|12
|
|t:|1779944150
|move|p1a: Pecharunt|Malignant Chain|p2a: Regice
|-crit|p2a: Regice
|-damage|p2a: Regice|74/100
|move|p2a: Regice|Thunder Wave|p1a: Pecharunt
|-status|p1a: Pecharunt|par
|
|-heal|p2a: Regice|80/100|[from] item: Leftovers
|upkeep
|turn|13
|inactive|zabbaman has 120 seconds left.
|
|t:|1779944170
|switch|p2a: Tyranitar|Tyranitar, F|100/100
|-ability|p2a: Tyranitar|Unnerve
|cant|p1a: Pecharunt|par
|
|upkeep
|turn|14
|
|t:|1779944176
|switch|p1a: Great Tusk|Great Tusk|3/100
|-damage|p1a: Great Tusk|0 fnt|[from] Stealth Rock
|faint|p1a: Great Tusk
|-end|p1a: Great Tusk|Protosynthesis|[silent]
|move|p2a: Tyranitar|Dragon Dance|p2a: Tyranitar
|-boost|p2a: Tyranitar|atk|1
|-boost|p2a: Tyranitar|spe|1
|
|upkeep
|
|t:|1779944178
|switch|p1a: Lokix|Lokix, M|100/100
|-damage|p1a: Lokix|76/100|[from] Stealth Rock
|turn|15
|inactive|zabbaman has 120 seconds left.
|
|t:|1779944210
|move|p1a: Lokix|First Impression|p2a: Tyranitar
|-supereffective|p2a: Tyranitar
|-damage|p2a: Tyranitar|3/100
|move|p2a: Tyranitar|Dragon Dance|p2a: Tyranitar
|-boost|p2a: Tyranitar|atk|1
|-boost|p2a: Tyranitar|spe|1
|
|upkeep
|turn|16
|inactive|zabbaman has 120 seconds left.
|
|t:|1779944224
|move|p1a: Lokix|Sucker Punch|p2a: Tyranitar
|-resisted|p2a: Tyranitar
|-damage|p2a: Tyranitar|0 fnt
|faint|p2a: Tyranitar
|
|upkeep
|
|t:|1779944239
|switch|p2a: Scizor|Scizor, F|48/100
|turn|17
|
|t:|1779944243
|move|p1a: Lokix|Knock Off|p2a: Scizor
|-damage|p2a: Scizor|0 fnt
|-enditem|p2a: Scizor|Choice Band|[from] move: Knock Off|[of] p1a: Lokix
|faint|p2a: Scizor
|
|upkeep
|inactive|zabbaman has 120 seconds left.
|
|t:|1779944248
|switch|p2a: Cinderace|Cinderace, F|37/100
|turn|18
|
|t:|1779944254
|switch|p1a: Alomomola|Alomomola, M|85/100 brn
|-damage|p1a: Alomomola|73/100 brn|[from] Stealth Rock
|move|p2a: Cinderace|Pyro Ball|p1a: Alomomola
|-resisted|p1a: Alomomola
|-damage|p1a: Alomomola|57/100 brn
|
|-damage|p1a: Alomomola|50/100 brn|[from] brn
|upkeep
|turn|19
|
|t:|1779944261
|move|p2a: Cinderace|U-turn|p1a: Alomomola
|-damage|p1a: Alomomola|37/100 brn
|
|t:|1779944262
|switch|p2a: Ninetales|Ninetales-Alola, F|70/100 brn|[from] U-turn
|-weather|Snowscape|[from] ability: Snow Warning|[of] p2a: Ninetales
|move|p1a: Alomomola|Flip Turn|p2a: Ninetales
|-damage|p2a: Ninetales|63/100 brn
|
|t:|1779944266
|switch|p1a: Iron Crown|Iron Crown|100/100|[from] Flip Turn
|-damage|p1a: Iron Crown|94/100|[from] Stealth Rock
|
|-weather|Snowscape|[upkeep]
|-damage|p2a: Ninetales|57/100 brn|[from] brn
|upkeep
|turn|20
|
|t:|1779944272
|switch|p2a: Thundurus|Thundurus-Therian, M|100/100
|move|p1a: Iron Crown|Tachyon Cutter|p2a: Thundurus
|-resisted|p2a: Thundurus
|-damage|p2a: Thundurus|73/100
|-resisted|p2a: Thundurus
|-damage|p2a: Thundurus|48/100
|-hitcount|p2a: Thundurus|2
|
|-weather|Snowscape|[upkeep]
|upkeep
|turn|21
|
|t:|1779944275
|move|p2a: Thundurus|Thunderbolt|p1a: Iron Crown
|-damage|p1a: Iron Crown|43/100
|move|p1a: Iron Crown|Tachyon Cutter|p2a: Thundurus
|-resisted|p2a: Thundurus
|-damage|p2a: Thundurus|24/100
|-resisted|p2a: Thundurus
|-damage|p2a: Thundurus|0 fnt
|faint|p2a: Thundurus
|-hitcount|p2: Thundurus|2
|
|-weather|Snowscape|[upkeep]
|upkeep
|
|t:|1779944285
|switch|p2a: Cinderace|Cinderace, F|37/100
|turn|22
|
|t:|1779944289
|-end|p1a: Iron Crown|Quark Drive|[silent]
|switch|p1a: Pecharunt|Pecharunt|98/100 par
|-damage|p1a: Pecharunt|86/100 par|[from] Stealth Rock
|move|p2a: Cinderace|U-turn|p1a: Pecharunt
|-resisted|p1a: Pecharunt
|-damage|p1a: Pecharunt|83/100 par
|
|t:|1779944294
|switch|p2a: Regice|Regice, shiny|80/100|[from] U-turn
|
|-weather|Snowscape|[upkeep]
|-heal|p2a: Regice|86/100|[from] ability: Ice Body
|-heal|p2a: Regice|92/100|[from] item: Leftovers
|upkeep
|turn|23
|
|t:|1779944302
|move|p2a: Regice|Ice Beam|p1a: Pecharunt
|-damage|p1a: Pecharunt|41/100 par
|move|p1a: Pecharunt|Malignant Chain|p2a: Regice
|-damage|p2a: Regice|76/100
|
|-weather|Snowscape|[upkeep]
|-heal|p2a: Regice|82/100|[from] ability: Ice Body
|-heal|p2a: Regice|88/100|[from] item: Leftovers
|upkeep
|turn|24
|
|t:|1779944309
|move|p2a: Regice|Ice Beam|p1a: Pecharunt
|-damage|p1a: Pecharunt|2/100 par
|cant|p1a: Pecharunt|par
|
|-weather|Snowscape|[upkeep]
|-heal|p2a: Regice|94/100|[from] ability: Ice Body
|-heal|p2a: Regice|99/100|[from] item: Leftovers
|upkeep
|turn|25
|
|t:|1779944313
|move|p2a: Regice|Thunderbolt|p1a: Pecharunt
|-damage|p1a: Pecharunt|0 fnt
|faint|p1a: Pecharunt
|
|-weather|Snowscape|[upkeep]
|-heal|p2a: Regice|100/100|[from] ability: Ice Body
|upkeep
|
|t:|1779944319
|switch|p1a: Iron Crown|Iron Crown|43/100
|-damage|p1a: Iron Crown|37/100|[from] Stealth Rock
|turn|26
|
|t:|1779944326
|switch|p2a: Cinderace|Cinderace, F|37/100
|move|p1a: Iron Crown|Tachyon Cutter|p2a: Cinderace
|-resisted|p2a: Cinderace
|-damage|p2a: Cinderace|14/100
|-resisted|p2a: Cinderace
|-damage|p2a: Cinderace|0 fnt
|faint|p2a: Cinderace
|-hitcount|p2: Cinderace|2
|
|-weather|none
|upkeep
|
|t:|1779944332
|switch|p2a: Ninetales|Ninetales-Alola, F|57/100 brn
|-weather|Snowscape|[from] ability: Snow Warning|[of] p2a: Ninetales
|turn|27
|
|t:|1779944337
|move|p2a: Ninetales|Aurora Veil|p2a: Ninetales
|-sidestart|p2: zabbaman|move: Aurora Veil
|move|p1a: Iron Crown|Tachyon Cutter|p2a: Ninetales
|-supereffective|p2a: Ninetales
|-damage|p2a: Ninetales|0 fnt
|faint|p2a: Ninetales
|-hitcount|p2: Ninetales|1
|
|-weather|Snowscape|[upkeep]
|upkeep
|
|t:|1779944339
|switch|p2a: Regice|Regice, shiny|100/100
|turn|28
|
|t:|1779944345
|-terastallize|p1a: Iron Crown|Steel
|-terastallize|p2a: Regice|Electric
|move|p1a: Iron Crown|Tachyon Cutter|p2a: Regice
|-resisted|p2a: Regice
|-damage|p2a: Regice|94/100
|-resisted|p2a: Regice
|-damage|p2a: Regice|87/100
|-hitcount|p2a: Regice|2
|move|p2a: Regice|Thunderbolt|p1a: Iron Crown
|-damage|p1a: Iron Crown|0 fnt
|faint|p1a: Iron Crown
|-end|p1a: Iron Crown|Quark Drive|[silent]
|
|-weather|Snowscape|[upkeep]
|-heal|p2a: Regice|93/100|[from] ability: Ice Body
|-heal|p2a: Regice|99/100|[from] item: Leftovers
|upkeep
|
|t:|1779944359
|switch|p1a: Alomomola|Alomomola, M|70/100 brn
|-damage|p1a: Alomomola|58/100 brn|[from] Stealth Rock
|turn|29
|
|t:|1779944368
|move|p2a: Regice|Thunderbolt|p1a: Alomomola
|-supereffective|p1a: Alomomola
|-damage|p1a: Alomomola|8/100 brn
|move|p1a: Alomomola|Mirror Coat|p2a: Regice
|-damage|p2a: Regice|0 fnt
|faint|p2a: Regice
|
|win|TheGuyThatsThere
|raw|TheGuyThatsThere's rating: 1317 &rarr; <strong>1335</strong><br />(+18 for winning)
|raw|zabbaman's rating: 1285 &rarr; <strong>1262</strong><br />(-23 for losing)
|c|☆zabbaman|noooooo
|c|☆zabbaman|lmfaooo ggs
|c|☆TheGuyThatsThere|gg
|c|☆zabbaman|damn alo so bulky
|l|☆zabbaman
|player|p2|
|c|☆TheGuyThatsThere|she is fat as fuck
|l|☆TheGuyThatsThere
|player|p1|
