|j|☆magicsalt
|j|☆jbrunson
|t:|1779874094
|gametype|singles
|player|p1|magicsalt|clair|1252
|player|p2|jbrunson|buck|1316
|gen|9
|tier|[Gen 9] OU
|rated|
|rule|HP Percentage Mod: HP is shown in percentages
|rule|Endless Battle Clause: Forcing endless battles is banned
|rule|Species Clause: Limit one of each Pokémon
|rule|OHKO Clause: OHKO moves are banned
|rule|Evasion Items Clause: Evasion items are banned
|rule|Evasion Moves Clause: Evasion moves are banned
|rule|Evasion Abilities Clause: Evasion abilities are banned
|rule|Sleep Moves Clause: Sleep-inducing moves are banned
|clearpoke
|poke|p1|Salazzle, F|
|poke|p1|Glimmora, F|
|poke|p1|Darkrai|
|poke|p1|Toxapex, M|
|poke|p1|Corviknight, M|
|poke|p1|Blissey, F|
|poke|p2|Hoopa|
|poke|p2|Cinderace, F|
|poke|p2|Mandibuzz, F|
|poke|p2|Kyurem|
|poke|p2|Ting-Lu|
|poke|p2|Manaphy|
|teampreview
|inactive|Battle timer is ON: inactive players will automatically lose when time's up. (requested by magicsalt)
|
|t:|1779874110
|teamsize|p1|6
|teamsize|p2|6
|start
|switch|p1a: A roc|Glimmora, F, shiny|100/100
|switch|p2a: Ting-Lucifer|Ting-Lu|100/100
|-ability|p2a: Ting-Lucifer|Vessel of Ruin
|turn|1
|
|t:|1779874119
|move|p1a: A roc|Toxic|p2a: Ting-Lucifer
|-status|p2a: Ting-Lucifer|tox
|move|p2a: Ting-Lucifer|Earthquake|p1a: A roc
|-supereffective|p1a: A roc
|-enditem|p1a: A roc|Focus Sash
|-damage|p1a: A roc|1/100
|
|-damage|p2a: Ting-Lucifer|94/100 tox|[from] psn
|upkeep
|turn|2
|
|t:|1779874128
|move|p1a: A roc|Spiky Shield|p1a: A roc
|-singleturn|p1a: A roc|move: Protect
|move|p2a: Ting-Lucifer|Heavy Slam|p1a: A roc
|-activate|p1a: A roc|move: Protect
|-damage|p2a: Ting-Lucifer|82/100 tox|[from] Spiky Shield|[of] p1a: A roc
|
|-damage|p2a: Ting-Lucifer|70/100 tox|[from] psn
|upkeep
|turn|3
|
|t:|1779874139
|move|p1a: A roc|Stealth Rock|p2a: Ting-Lucifer
|-sidestart|p2: jbrunson|move: Stealth Rock
|move|p2a: Ting-Lucifer|Heavy Slam|p1a: A roc
|-supereffective|p1a: A roc
|-damage|p1a: A roc|0 fnt
|faint|p1a: A roc
|
|-damage|p2a: Ting-Lucifer|51/100 tox|[from] psn
|upkeep
|
|t:|1779874149
|switch|p1a: Arkham birbby|Corviknight, M|100/100
|-ability|p1a: Arkham birbby|Unnerve
|turn|4
|inactive|jbrunson has 120 seconds left.
|
|t:|1779874194
|switch|p2a: Hoopa|Hoopa|100/100
|-damage|p2a: Hoopa|88/100|[from] Stealth Rock
|move|p1a: Arkham birbby|Bulk Up|p1a: Arkham birbby
|-boost|p1a: Arkham birbby|atk|1
|-boost|p1a: Arkham birbby|def|1
|
|upkeep
|turn|5
|
|t:|1779874203
|move|p2a: Hoopa|Substitute|p2a: Hoopa
|-start|p2a: Hoopa|Substitute
|-damage|p2a: Hoopa|63/100
|move|p1a: Arkham birbby|Power Trip|p2a: Hoopa
|-supereffective|p2a: Hoopa
|-end|p2a: Hoopa|Substitute
|
|upkeep
|turn|6
|inactive|jbrunson has 120 seconds left.
|inactive|jbrunson has 90 seconds left.
|
|t:|1779874250
|-terastallize|p2a: Hoopa|Fairy
|move|p2a: Hoopa|Substitute|p2a: Hoopa
|-start|p2a: Hoopa|Substitute
|-damage|p2a: Hoopa|38/100
|move|p1a: Arkham birbby|Power Trip|p2a: Hoopa
|-resisted|p2a: Hoopa
|-activate|p2a: Hoopa|move: Substitute|[damage]
|
|upkeep
|turn|7
|
|t:|1779874260
|move|p2a: Hoopa|Shadow Ball|p1a: Arkham birbby
|-damage|p1a: Arkham birbby|64/100
|-unboost|p1a: Arkham birbby|spd|1
|move|p1a: Arkham birbby|Bulk Up|p1a: Arkham birbby
|-boost|p1a: Arkham birbby|atk|1
|-boost|p1a: Arkham birbby|def|1
|
|-heal|p1a: Arkham birbby|70/100|[from] item: Leftovers
|upkeep
|turn|8
|inactive|jbrunson has 90 seconds left.
|
|t:|1779874279
|move|p2a: Hoopa|Shadow Ball|p1a: Arkham birbby
|-damage|p1a: Arkham birbby|20/100
|move|p1a: Arkham birbby|Bulk Up|p1a: Arkham birbby
|-boost|p1a: Arkham birbby|atk|1
|-boost|p1a: Arkham birbby|def|1
|
|-heal|p1a: Arkham birbby|26/100|[from] item: Leftovers
|upkeep
|turn|9
|
|t:|1779874303
|switch|p1a: Fatty whopper|Blissey, F|100/100
|move|p2a: Hoopa|Shadow Ball|p1a: Fatty whopper
|-immune|p1a: Fatty whopper
|
|upkeep
|turn|10
|
|t:|1779874318
|move|p2a: Hoopa|Focus Blast|p1a: Fatty whopper
|-supereffective|p1a: Fatty whopper
|-damage|p1a: Fatty whopper|66/100
|move|p1a: Fatty whopper|Seismic Toss|p2a: Hoopa
|-end|p2a: Hoopa|Substitute
|
|-heal|p1a: Fatty whopper|72/100|[from] item: Leftovers
|upkeep
|turn|11
|inactive|jbrunson has 90 seconds left.
|
|t:|1779874337
|switch|p2a: Mandibuzz|Mandibuzz, F, shiny|100/100
|-damage|p2a: Mandibuzz|76/100|[from] Stealth Rock
|move|p1a: Fatty whopper|Seismic Toss|p2a: Mandibuzz
|-damage|p2a: Mandibuzz|51/100
|-damage|p1a: Fatty whopper|55/100|[from] item: Rocky Helmet|[of] p2a: Mandibuzz
|
|-heal|p1a: Fatty whopper|61/100|[from] item: Leftovers
|upkeep
|turn|12
|
|t:|1779874349
|move|p2a: Mandibuzz|Roost|p2a: Mandibuzz
|-heal|p2a: Mandibuzz|100/100
|-singleturn|p2a: Mandibuzz|move: Roost
|move|p1a: Fatty whopper|Soft-Boiled|p1a: Fatty whopper
|-heal|p1a: Fatty whopper|100/100
|
|upkeep
|turn|13
|
|t:|1779874366
|switch|p1a: Spikey thingy|Toxapex, M|100/100
|move|p2a: Mandibuzz|Defog|p1a: Spikey thingy
|-unboost|p1a: Spikey thingy|evasion|1
|-sideend|p2: jbrunson|Stealth Rock|[from] move: Defog|[of] p2a: Mandibuzz
|
|upkeep
|turn|14
|
|t:|1779874376
|switch|p2a: Ting-Lucifer|Ting-Lu|51/100 tox
|-ability|p2a: Ting-Lucifer|Vessel of Ruin
|move|p1a: Spikey thingy|Infestation|p2a: Ting-Lucifer
|-supereffective|p2a: Ting-Lucifer
|-damage|p2a: Ting-Lucifer|48/100 tox
|-activate|p2a: Ting-Lucifer|move: Infestation|[of] p1a: Spikey thingy
|-enditem|p2a: Ting-Lucifer|Weakness Policy
|-boost|p2a: Ting-Lucifer|atk|2|[from] item: Weakness Policy
|-boost|p2a: Ting-Lucifer|spa|2|[from] item: Weakness Policy
|
|-damage|p2a: Ting-Lucifer|42/100 tox|[from] psn
|-damage|p2a: Ting-Lucifer|29/100 tox|[from] move: Infestation|[partiallytrapped]
|upkeep
|turn|15
|
|t:|1779874390
|move|p1a: Spikey thingy|Baneful Bunker|p1a: Spikey thingy
|-singleturn|p1a: Spikey thingy|move: Protect
|move|p2a: Ting-Lucifer|Stone Edge|p1a: Spikey thingy
|-activate|p1a: Spikey thingy|move: Protect
|
|-damage|p2a: Ting-Lucifer|17/100 tox|[from] psn
|-damage|p2a: Ting-Lucifer|5/100 tox|[from] move: Infestation|[partiallytrapped]
|upkeep
|turn|16
|
|t:|1779874401
|switch|p1a: Arkham birbby|Corviknight, M|26/100
|-ability|p1a: Arkham birbby|Unnerve
|move|p2a: Ting-Lucifer|Earthquake|p1a: Arkham birbby
|-immune|p1a: Arkham birbby
|
|-heal|p1a: Arkham birbby|32/100|[from] item: Leftovers
|-damage|p2a: Ting-Lucifer|0 fnt|[from] psn
|faint|p2a: Ting-Lucifer
|upkeep
|
|t:|1779874407
|switch|p2a: Kyurem|Kyurem|100/100
|-ability|p2a: Kyurem|Pressure
|turn|17
|
|t:|1779874416
|move|p2a: Kyurem|Freeze-Dry|p1a: Arkham birbby
|-damage|p1a: Arkham birbby|7/100
|move|p1a: Arkham birbby|Roost|p1a: Arkham birbby
|-heal|p1a: Arkham birbby|57/100
|-singleturn|p1a: Arkham birbby|move: Roost
|
|-heal|p1a: Arkham birbby|63/100|[from] item: Leftovers
|upkeep
|turn|18
|
|t:|1779874428
|switch|p2a: Cinderace|Cinderace, F, shiny|100/100
|move|p1a: Arkham birbby|Roost|p1a: Arkham birbby
|-heal|p1a: Arkham birbby|100/100
|-singleturn|p1a: Arkham birbby|move: Roost
|
|upkeep
|turn|19
|
|t:|1779874438
|switch|p1a: Spikey thingy|Toxapex, M|100/100
|move|p2a: Cinderace|Pyro Ball|p1a: Spikey thingy
|-resisted|p1a: Spikey thingy
|-damage|p1a: Spikey thingy|78/100
|
|-heal|p1a: Spikey thingy|85/100|[from] item: Leftovers
|upkeep
|turn|20
|
|t:|1779874458
|switch|p2a: Kyurem|Kyurem|100/100
|-ability|p2a: Kyurem|Pressure
|move|p1a: Spikey thingy|Infestation|p2a: Kyurem
|-damage|p2a: Kyurem|97/100
|-activate|p2a: Kyurem|move: Infestation|[of] p1a: Spikey thingy
|
|-heal|p1a: Spikey thingy|91/100|[from] item: Leftovers
|-damage|p2a: Kyurem|85/100|[from] move: Infestation|[partiallytrapped]
|upkeep
|turn|21
|
|t:|1779874471
|-terastallize|p1a: Spikey thingy|Fairy
|move|p1a: Spikey thingy|Baneful Bunker|p1a: Spikey thingy
|-singleturn|p1a: Spikey thingy|move: Protect
|move|p2a: Kyurem|Freeze-Dry|p1a: Spikey thingy
|-activate|p1a: Spikey thingy|move: Protect
|
|-heal|p1a: Spikey thingy|97/100|[from] item: Leftovers
|-damage|p2a: Kyurem|73/100|[from] move: Infestation|[partiallytrapped]
|upkeep
|turn|22
|
|t:|1779874483
|move|p2a: Kyurem|Freeze-Dry|p1a: Spikey thingy
|-damage|p1a: Spikey thingy|69/100
|move|p1a: Spikey thingy|Recover|p1a: Spikey thingy
|-heal|p1a: Spikey thingy|100/100
|
|-damage|p2a: Kyurem|61/100|[from] move: Infestation|[partiallytrapped]
|upkeep
|turn|23
|
|t:|1779874492
|move|p1a: Spikey thingy|Baneful Bunker|p1a: Spikey thingy
|-singleturn|p1a: Spikey thingy|move: Protect
|move|p2a: Kyurem|Freeze-Dry|p1a: Spikey thingy
|-activate|p1a: Spikey thingy|move: Protect
|
|-damage|p2a: Kyurem|48/100|[from] move: Infestation|[partiallytrapped]
|upkeep
|turn|24
|
|t:|1779874504
|move|p2a: Kyurem|Freeze-Dry|p1a: Spikey thingy
|-damage|p1a: Spikey thingy|71/100
|move|p1a: Spikey thingy|Infestation|p2a: Kyurem
|-damage|p2a: Kyurem|46/100
|
|-heal|p1a: Spikey thingy|77/100|[from] item: Leftovers
|-end|p2a: Kyurem|Infestation|[partiallytrapped]
|upkeep
|turn|25
|
|t:|1779874512
|switch|p2a: Cinderace|Cinderace, F, shiny|100/100
|move|p1a: Spikey thingy|Infestation|p2a: Cinderace
|-resisted|p2a: Cinderace
|-damage|p2a: Cinderace|99/100
|-activate|p2a: Cinderace|move: Infestation|[of] p1a: Spikey thingy
|
|-heal|p1a: Spikey thingy|83/100|[from] item: Leftovers
|-damage|p2a: Cinderace|86/100|[from] move: Infestation|[partiallytrapped]
|upkeep
|turn|26
|
|t:|1779874522
|move|p1a: Spikey thingy|Baneful Bunker|p1a: Spikey thingy
|-singleturn|p1a: Spikey thingy|move: Protect
|move|p2a: Cinderace|Pyro Ball|p1a: Spikey thingy
|-activate|p1a: Spikey thingy|move: Protect
|
|-heal|p1a: Spikey thingy|89/100|[from] item: Leftovers
|-damage|p2a: Cinderace|74/100|[from] move: Infestation|[partiallytrapped]
|upkeep
|turn|27
|
|t:|1779874534
|move|p2a: Cinderace|Pyro Ball|p1a: Spikey thingy
|-damage|p1a: Spikey thingy|50/100
|move|p1a: Spikey thingy|Recover|p1a: Spikey thingy
|-heal|p1a: Spikey thingy|100/100
|
|-damage|p2a: Cinderace|62/100|[from] move: Infestation|[partiallytrapped]
|upkeep
|turn|28
|
|t:|1779874543
|move|p1a: Spikey thingy|Baneful Bunker|p1a: Spikey thingy
|-singleturn|p1a: Spikey thingy|move: Protect
|move|p2a: Cinderace|U-turn|p1a: Spikey thingy
|-start|p2a: Cinderace|typechange|Bug|[from] ability: Libero
|-activate|p1a: Spikey thingy|move: Protect
|-status|p2a: Cinderace|psn
|
|-damage|p2a: Cinderace|49/100 psn|[from] psn
|-damage|p2a: Cinderace|37/100 psn|[from] move: Infestation|[partiallytrapped]
|upkeep
|turn|29
|-message|jbrunson forfeited.
|
|win|magicsalt
|raw|magicsalt's rating: 1252 &rarr; <strong>1282</strong><br />(+30 for winning)
|raw|jbrunson's rating: 1316 &rarr; <strong>1292</strong><br />(-24 for losing)
|l|☆jbrunson
|player|p2|
