|j|☆info_cntrl
|j|☆Dofsly
|t:|1779875655
|gametype|singles
|player|p1|info_cntrl|hugh|1217
|player|p2|Dofsly|nate|1197
|gen|9
|tier|[Gen 9] OU
|rated|
|rule|HP Percentage Mod: HP is shown in percentages
|rule|Endless Battle Clause: Forcing endless battles is banned
|rule|Species Clause: Limit one of each Pokémon
|rule|OHKO Clause: OHKO moves are banned
|rule|Evasion Items Clause: Evasion items are banned
|rule|Evasion Moves Clause: Evasion moves are banned
|rule|Evasion Abilities Clause: Evasion abilities are banned
|rule|Sleep Moves Clause: Sleep-inducing moves are banned
|clearpoke
|poke|p1|Gliscor, M|
|poke|p1|Thundurus, M|
|poke|p1|Hatterene, F|
|poke|p1|Kommo-o, M|
|poke|p1|Toxapex, F|
|poke|p1|Ambipom, F|
|poke|p2|Ceruledge, F|
|poke|p2|Iron Valiant|
|poke|p2|Great Tusk|
|poke|p2|Dragapult, M|
|poke|p2|Zamazenta-*|
|poke|p2|Kingambit, F|
|teampreview
|
|t:|1779875675
|teamsize|p1|6
|teamsize|p2|6
|start
|switch|p1a: Adieu|Hatterene, F|100/100
|switch|p2a: Zamazenta|Zamazenta|100/100
|-ability|p2a: Zamazenta|Dauntless Shield|boost
|-boost|p2a: Zamazenta|def|1
|turn|1
|
|t:|1779875682
|move|p2a: Zamazenta|Iron Defense|p2a: Zamazenta
|-boost|p2a: Zamazenta|def|2
|move|p1a: Adieu|Reflect|p1a: Adieu
|-sidestart|p1: info_cntrl|Reflect
|
|upkeep
|turn|2
|
|t:|1779875688
|move|p2a: Zamazenta|Body Press|p1a: Adieu
|-resisted|p1a: Adieu
|-damage|p1a: Adieu|86/100
|move|p1a: Adieu|Light Screen|p1a: Adieu
|-sidestart|p1: info_cntrl|move: Light Screen
|
|upkeep
|turn|3
|
|t:|1779875694
|switch|p1a: Your Ex|Toxapex, F|100/100
|move|p2a: Zamazenta|Crunch|p1a: Your Ex
|-damage|p1a: Your Ex|95/100
|
|-heal|p1a: Your Ex|100/100|[from] item: Black Sludge
|upkeep
|turn|4
|c|☆Dofsly|my ex is not toxapex !
|
|t:|1779875746
|move|p1a: Your Ex|Toxic|p2a: Zamazenta
|-status|p2a: Zamazenta|tox
|move|p2a: Zamazenta|Roar|p1a: Your Ex
|drag|p1a: Adieu|Hatterene, F|86/100
|
|-damage|p2a: Zamazenta|94/100 tox|[from] psn
|upkeep
|turn|5
|
|t:|1779875757
|switch|p1a: Your Ex|Toxapex, F|100/100
|move|p2a: Zamazenta|Roar|p1a: Your Ex
|drag|p1a: Thundurus|Thundurus, M|100/100
|
|-heal|p2a: Zamazenta|100/100 tox|[from] item: Leftovers
|-damage|p2a: Zamazenta|88/100 tox|[from] psn
|upkeep
|turn|6
|
|t:|1779875767
|move|p2a: Zamazenta|Body Press|p1a: Thundurus
|-resisted|p1a: Thundurus
|-damage|p1a: Thundurus|59/100
|move|p1a: Thundurus|Volt Switch|p2a: Zamazenta
|-damage|p2a: Zamazenta|53/100 tox
|
|t:|1779875777
|switch|p1a: Your Ex|Toxapex, F|100/100|[from] Volt Switch
|
|-heal|p2a: Zamazenta|59/100 tox|[from] item: Leftovers
|-damage|p2a: Zamazenta|41/100 tox|[from] psn
|upkeep
|turn|7
|
|t:|1779875790
|move|p2a: Zamazenta|Body Press|p1a: Your Ex
|-resisted|p1a: Your Ex
|-damage|p1a: Your Ex|86/100
|move|p1a: Your Ex|Haze|p1a: Your Ex
|-clearallboost
|
|-heal|p2a: Zamazenta|47/100 tox|[from] item: Leftovers
|-heal|p1a: Your Ex|93/100|[from] item: Black Sludge
|-damage|p2a: Zamazenta|23/100 tox|[from] psn
|upkeep
|turn|8
|c|☆info_cntrl|Well mine is
|
|t:|1779875803
|move|p2a: Zamazenta|Crunch|p1a: Your Ex
|-damage|p1a: Your Ex|86/100
|move|p1a: Your Ex|Liquidation|p2a: Zamazenta
|-damage|p2a: Zamazenta|8/100 tox
|
|-heal|p2a: Zamazenta|14/100 tox|[from] item: Leftovers
|-heal|p1a: Your Ex|92/100|[from] item: Black Sludge
|-damage|p2a: Zamazenta|0 fnt|[from] psn
|faint|p2a: Zamazenta
|-sideend|p1: info_cntrl|Reflect
|upkeep
|l|☆info_cntrl
|player|p1|
|c|☆Dofsly|I'm sorry for you then
|
|t:|1779875840
|switch|p2a: Dragapult|Dragapult, M|100/100
|turn|9
|j|☆info_cntrl
|player|p1|info_cntrl|hugh|
|
|t:|1779875845
|move|p2a: Dragapult|Thunderbolt|p1a: Your Ex
|-supereffective|p1a: Your Ex
|-damage|p1a: Your Ex|33/100
|move|p1a: Your Ex|Toxic|p2a: Dragapult
|-status|p2a: Dragapult|tox
|
|-heal|p1a: Your Ex|39/100|[from] item: Black Sludge
|-damage|p2a: Dragapult|95/100 tox|[from] psn
|-sideend|p1: info_cntrl|move: Light Screen
|upkeep
|turn|10
|
|t:|1779875854
|switch|p1a: Adieu|Hatterene, F|86/100
|move|p2a: Dragapult|Thunderbolt|p1a: Adieu
|-damage|p1a: Adieu|58/100
|
|-damage|p2a: Dragapult|83/100 tox|[from] psn
|upkeep
|turn|11
|
|t:|1779875865
|switch|p2a: Kingambit|Kingambit, F|100/100
|-activate|p2a: Kingambit|ability: Supreme Overlord
|-start|p2a: Kingambit|fallen1|[silent]
|move|p1a: Adieu|Light Screen|p1a: Adieu
|-sidestart|p1: info_cntrl|move: Light Screen
|
|upkeep
|turn|12
|c|☆info_cntrl|Dont worry abiut it
|
|t:|1779875874
|move|p2a: Kingambit|Swords Dance|p2a: Kingambit
|-boost|p2a: Kingambit|atk|2
|move|p1a: Adieu|Reflect|p1a: Adieu
|-sidestart|p1: info_cntrl|Reflect
|
|upkeep
|turn|13
|
|t:|1779875889
|switch|p1a: Your Ex|Toxapex, F|73/100
|move|p2a: Kingambit|Iron Head|p1a: Your Ex
|-resisted|p1a: Your Ex
|-crit|p1a: Your Ex
|-damage|p1a: Your Ex|22/100
|
|-heal|p1a: Your Ex|28/100|[from] item: Black Sludge
|upkeep
|turn|14
|c|☆info_cntrl|This is gonna be a problem
|
|t:|1779875897
|move|p2a: Kingambit|Iron Head|p1a: Your Ex
|-resisted|p1a: Your Ex
|-crit|p1a: Your Ex
|-damage|p1a: Your Ex|0 fnt
|faint|p1a: Your Ex
|
|upkeep
|
|t:|1779875900
|switch|p1a: Florida Keys|Kommo-o, M|100/100
|turn|15
|
|t:|1779875905
|move|p1a: Florida Keys|Clangorous Soul|p1a: Florida Keys
|-boost|p1a: Florida Keys|atk|1
|-boost|p1a: Florida Keys|def|1
|-boost|p1a: Florida Keys|spa|1
|-boost|p1a: Florida Keys|spd|1
|-boost|p1a: Florida Keys|spe|1
|-damage|p1a: Florida Keys|68/100
|-enditem|p1a: Florida Keys|Throat Spray
|-boost|p1a: Florida Keys|spa|1|[from] item: Throat Spray
|move|p2a: Kingambit|Swords Dance|p2a: Kingambit
|-boost|p2a: Kingambit|atk|2
|
|upkeep
|turn|16
|
|t:|1779875915
|move|p1a: Florida Keys|Vacuum Wave|p2a: Kingambit
|-supereffective|p2a: Kingambit
|-enditem|p2a: Kingambit|Focus Sash
|-damage|p2a: Kingambit|1/100
|move|p2a: Kingambit|Sucker Punch||[still]
|-fail|p2a: Kingambit
|
|upkeep
|turn|17
|
|t:|1779875920
|move|p1a: Florida Keys|Vacuum Wave|p2a: Kingambit
|-supereffective|p2a: Kingambit
|-damage|p2a: Kingambit|0 fnt
|faint|p2a: Kingambit
|-end|p2a: Kingambit|fallen1|[silent]
|
|upkeep
|c|☆info_cntrl|Byeee
|
|t:|1779875924
|switch|p2a: Dragapult|Dragapult, M|83/100 tox
|turn|18
|c|☆info_cntrl|Hate kinggambit
|
|t:|1779875936
|move|p1a: Florida Keys|Clanging Scales|p2a: Dragapult
|-supereffective|p2a: Dragapult
|-damage|p2a: Dragapult|0 fnt
|faint|p2a: Dragapult
|-unboost|p1a: Florida Keys|def|1
|
|-sideend|p1: info_cntrl|move: Light Screen
|upkeep
|c|☆Dofsly|no my dragapult x)
|
|t:|1779875951
|switch|p2a: Iron Valiant|Iron Valiant, shiny|100/100
|-enditem|p2a: Iron Valiant|Booster Energy
|-activate|p2a: Iron Valiant|ability: Quark Drive|[fromitem]
|-start|p2a: Iron Valiant|quarkdrivespe
|turn|19
|c|☆info_cntrl|Casuality in the war against kingambit
|c|☆info_cntrl|Most evil mon in ou
|
|t:|1779875966
|-terastallize|p2a: Iron Valiant|Fairy
|-terastallize|p1a: Florida Keys|Steel
|move|p2a: Iron Valiant|Moonblast|p1a: Florida Keys
|-resisted|p1a: Florida Keys
|-damage|p1a: Florida Keys|43/100
|move|p1a: Florida Keys|Boomburst|p2a: Iron Valiant
|-damage|p2a: Iron Valiant|0 fnt
|faint|p2a: Iron Valiant
|-end|p2a: Iron Valiant|Quark Drive|[silent]
|
|-sideend|p1: info_cntrl|Reflect
|upkeep
|
|t:|1779875976
|switch|p2a: Ceruledge|Ceruledge, F|100/100
|turn|20
|
|t:|1779875980
|move|p1a: Florida Keys|Clanging Scales|p2a: Ceruledge
|-enditem|p2a: Ceruledge|Focus Sash
|-damage|p2a: Ceruledge|1/100
|-unboost|p1a: Florida Keys|def|1
|move|p2a: Ceruledge|Swords Dance|p2a: Ceruledge
|-boost|p2a: Ceruledge|atk|2
|
|upkeep
|turn|21
|
|t:|1779875993
|move|p2a: Ceruledge|Shadow Sneak|p1a: Florida Keys
|-damage|p1a: Florida Keys|0 fnt
|faint|p1a: Florida Keys
|
|upkeep
|
|t:|1779875999
|switch|p1a: Charlie Kwerk|Ambipom, F|100/100
|turn|22
|
|t:|1779876002
|move|p1a: Charlie Kwerk|Trailblaze|p2a: Ceruledge
|-resisted|p2a: Ceruledge
|-damage|p2a: Ceruledge|0 fnt
|-boost|p1a: Charlie Kwerk|spe|1
|faint|p2a: Ceruledge
|
|upkeep
|c|☆Dofsly|gg this not my match ....
|
|t:|1779876016
|switch|p2a: Great Tusk|Great Tusk|100/100
|turn|23
|c|☆info_cntrl|Fairs
|
|t:|1779876026
|switch|p1a: Adieu|Hatterene, F|58/100
|move|p2a: Great Tusk|Headlong Rush|p1a: Adieu
|-damage|p1a: Adieu|0 fnt
|-unboost|p2a: Great Tusk|def|1
|-unboost|p2a: Great Tusk|spd|1
|faint|p1a: Adieu
|
|upkeep
|
|t:|1779876036
|switch|p1a: Charlie Kwerk|Ambipom, F|100/100
|turn|24
|
|t:|1779876046
|move|p1a: Charlie Kwerk|Fake Out|p2a: Great Tusk
|-damage|p2a: Great Tusk|76/100
|cant|p2a: Great Tusk|flinch
|
|upkeep
|turn|25
|
|t:|1779876051
|move|p1a: Charlie Kwerk|Triple Axel|p2a: Great Tusk
|-supereffective|p2a: Great Tusk
|-damage|p2a: Great Tusk|60/100
|-supereffective|p2a: Great Tusk
|-crit|p2a: Great Tusk
|-damage|p2a: Great Tusk|13/100
|-hitcount|p2a: Great Tusk|2
|move|p2a: Great Tusk|Stealth Rock|p1a: Charlie Kwerk
|-sidestart|p1: info_cntrl|move: Stealth Rock
|
|upkeep
|turn|26
|
|t:|1779876060
|move|p1a: Charlie Kwerk|Trailblaze|p2a: Great Tusk
|-supereffective|p2a: Great Tusk
|-damage|p2a: Great Tusk|0 fnt
|-boost|p1a: Charlie Kwerk|spe|1
|faint|p2a: Great Tusk
|-end|p2a: Great Tusk|Protosynthesis|[silent]
|
|win|info_cntrl
|raw|info_cntrl's rating: 1217 &rarr; <strong>1241</strong><br />(+24 for winning)
|raw|Dofsly's rating: 1197 &rarr; <strong>1173</strong><br />(-24 for losing)
|c|☆info_cntrl|Lucky
|c|☆info_cntrl|Gg
|c|☆Dofsly|gl for next match
|c|☆Dofsly|gg
|c|☆info_cntrl|You too
|c|☆info_cntrl|Yiure amazinf
|c|☆Dofsly|thx bro
|c|☆Dofsly|no you are amazing
|c|☆info_cntrl|Dont let the bastards grind you down
|c|☆info_cntrl|Okay friending you
|c|☆info_cntrl|Positivity
|c|☆Dofsly|xDD good game ^^
|c|☆info_cntrl|You too!
|l|☆Dofsly
|player|p2|
|l|☆info_cntrl
|player|p1|
