|j|☆3Raccoonsinasuit
|j|☆zxczxc101
|t:|1779840199
|gametype|singles
|player|p1|3Raccoonsinasuit|shadowtriad|1164
|player|p2|zxczxc101|cheren-gen5bw2|1105
|gen|9
|tier|[Gen 9] OU
|rated|
|rule|HP Percentage Mod: HP is shown in percentages
|rule|Endless Battle Clause: Forcing endless battles is banned
|rule|Species Clause: Limit one of each Pokémon
|rule|OHKO Clause: OHKO moves are banned
|rule|Evasion Items Clause: Evasion items are banned
|rule|Evasion Moves Clause: Evasion moves are banned
|rule|Evasion Abilities Clause: Evasion abilities are banned
|rule|Sleep Moves Clause: Sleep-inducing moves are banned
|clearpoke
|poke|p1|Toxtricity-Low-Key, F|
|poke|p1|Toxapex, F|
|poke|p1|Great Tusk|
|poke|p1|Ogerpon-Wellspring, F|
|poke|p1|Dragapult, F|
|poke|p1|Kingambit, F|
|poke|p2|Gardevoir, F|
|poke|p2|Iron Valiant|
|poke|p2|Latios, M|
|poke|p2|Ninetales-Alola, M|
|poke|p2|Serperior, F|
|poke|p2|Ditto|
|teampreview
|inactive|Battle timer is ON: inactive players will automatically lose when time's up. (requested by 3Raccoonsinasuit)
|
|t:|1779840207
|teamsize|p1|6
|teamsize|p2|6
|start
|switch|p1a: Great Tusk|Great Tusk|100/100
|switch|p2a: Latios|Latios, M|100/100
|turn|1
|
|t:|1779840216
|move|p2a: Latios|Draco Meteor|p1a: Great Tusk
|-damage|p1a: Great Tusk|14/100
|-unboost|p2a: Latios|spa|2
|move|p1a: Great Tusk|Knock Off|p2a: Latios
|-supereffective|p2a: Latios
|-damage|p2a: Latios|12/100
|-enditem|p2a: Latios|Light Clay|[from] move: Knock Off|[of] p1a: Great Tusk
|
|-heal|p1a: Great Tusk|20/100|[from] item: Leftovers
|upkeep
|turn|2
|
|t:|1779840238
|move|p2a: Latios|Flip Turn|p1a: Great Tusk
|-supereffective|p1a: Great Tusk
|-damage|p1a: Great Tusk|7/100
|c|☆3Raccoonsinasuit|M
|c|☆3Raccoonsinasuit|DAM
|c|☆3Raccoonsinasuit|he a tank
|inactive|zxczxc101 has 120 seconds left.
|
|t:|1779840269
|switch|p2a: Ninetales|Ninetales-Alola, M|100/100|[from] Flip Turn
|-weather|Snowscape|[from] ability: Snow Warning|[of] p2a: Ninetales
|move|p1a: Great Tusk|Knock Off|p2a: Ninetales
|-resisted|p2a: Ninetales
|-damage|p2a: Ninetales|88/100
|-enditem|p2a: Ninetales|Light Clay|[from] move: Knock Off|[of] p1a: Great Tusk
|
|-weather|Snowscape|[upkeep]
|-heal|p1a: Great Tusk|13/100|[from] item: Leftovers
|upkeep
|turn|3
|inactive|zxczxc101 has 120 seconds left.
|
|t:|1779840281
|move|p2a: Ninetales|Nasty Plot|p2a: Ninetales
|-boost|p2a: Ninetales|spa|2
|move|p1a: Great Tusk|Stealth Rock|p2a: Ninetales
|-sidestart|p2: zxczxc101|move: Stealth Rock
|
|-weather|Snowscape|[upkeep]
|-heal|p1a: Great Tusk|19/100|[from] item: Leftovers
|upkeep
|turn|4
|
|t:|1779840289
|move|p2a: Ninetales|Moonblast|p1a: Great Tusk
|-supereffective|p1a: Great Tusk
|-damage|p1a: Great Tusk|0 fnt
|faint|p1a: Great Tusk
|-end|p1a: Great Tusk|Protosynthesis|[silent]
|
|-weather|Snowscape|[upkeep]
|upkeep
|inactive|3Raccoonsinasuit has 120 seconds left.
|
|t:|1779840317
|switch|p1a: Toxtricity|Toxtricity-Low-Key, F|100/100
|turn|5
|
|t:|1779840327
|move|p2a: Ninetales|Aurora Veil|p2a: Ninetales
|-sidestart|p2: zxczxc101|move: Aurora Veil
|move|p1a: Toxtricity|Sludge Wave|p2a: Ninetales
|-supereffective|p2a: Ninetales
|-damage|p2a: Ninetales|27/100
|
|-weather|Snowscape|[upkeep]
|upkeep
|turn|6
|
|t:|1779840338
|switch|p2a: Latios|Latios, M|12/100
|-damage|p2a: Latios|0 fnt|[from] Stealth Rock
|faint|p2a: Latios
|move|p1a: Toxtricity|Sludge Wave|p2: Latios|[notarget]
|-fail|p1a: Toxtricity
|
|-weather|none
|upkeep
|
|t:|1779840349
|switch|p2a: Serperior|Serperior, F|100/100
|-damage|p2a: Serperior|88/100|[from] Stealth Rock
|turn|7
|
|t:|1779840355
|move|p2a: Serperior|Substitute|p2a: Serperior
|-start|p2a: Serperior|Substitute
|-damage|p2a: Serperior|63/100
|move|p1a: Toxtricity|Sludge Wave|p2a: Serperior
|-supereffective|p2a: Serperior
|-end|p2a: Serperior|Substitute
|
|upkeep
|turn|8
|
|t:|1779840364
|move|p2a: Serperior|Dragon Pulse|p1a: Toxtricity
|-damage|p1a: Toxtricity|77/100
|move|p1a: Toxtricity|Sludge Wave|p2a: Serperior
|-supereffective|p2a: Serperior
|-damage|p2a: Serperior|0 fnt
|faint|p2a: Serperior
|
|upkeep
|
|t:|1779840372
|switch|p2a: Gardevoir|Gardevoir, F|100/100
|-damage|p2a: Gardevoir|88/100|[from] Stealth Rock
|-ability|p2a: Gardevoir|Punk Rock|Trace|[from] ability: Trace|[of] p1a: Toxtricity
|turn|9
|
|t:|1779840379
|-terastallize|p2a: Gardevoir|Steel
|move|p2a: Gardevoir|Calm Mind|p2a: Gardevoir
|-boost|p2a: Gardevoir|spa|1
|-boost|p2a: Gardevoir|spd|1
|move|p1a: Toxtricity|Sludge Wave|p2a: Gardevoir
|-immune|p2a: Gardevoir
|
|-sideend|p2: zxczxc101|move: Aurora Veil
|upkeep
|turn|10
|
|t:|1779840391
|move|p2a: Gardevoir|Calm Mind|p2a: Gardevoir
|-boost|p2a: Gardevoir|spa|1
|-boost|p2a: Gardevoir|spd|1
|move|p1a: Toxtricity|Sludge Wave|p2a: Gardevoir
|-immune|p2a: Gardevoir
|
|upkeep
|turn|11
|
|t:|1779840401
|switch|p1a: Dragapult|Dragapult, F|100/100
|move|p2a: Gardevoir|Draining Kiss|p1a: Dragapult
|-supereffective|p1a: Dragapult
|-damage|p1a: Dragapult|0 fnt
|-heal|p2a: Gardevoir|100/100|[from] drain|[of] p1a: Dragapult
|faint|p1a: Dragapult
|
|upkeep
|
|t:|1779840409
|switch|p1a: Toxapex|Toxapex, F|100/100
|turn|12
|
|t:|1779840420
|move|p2a: Gardevoir|Calm Mind|p2a: Gardevoir
|-boost|p2a: Gardevoir|spa|1
|-boost|p2a: Gardevoir|spd|1
|move|p1a: Toxapex|Haze|p1a: Toxapex
|-clearallboost
|
|upkeep
|turn|13
|
|t:|1779840426
|move|p2a: Gardevoir|Calm Mind|p2a: Gardevoir
|-boost|p2a: Gardevoir|spa|1
|-boost|p2a: Gardevoir|spd|1
|move|p1a: Toxapex|Surf|p2a: Gardevoir
|-damage|p2a: Gardevoir|87/100
|
|upkeep
|turn|14
|
|t:|1779840434
|move|p2a: Gardevoir|Draining Kiss|p1a: Toxapex
|-resisted|p1a: Toxapex
|-crit|p1a: Toxapex
|-damage|p1a: Toxapex|77/100
|-heal|p2a: Gardevoir|100/100|[from] drain|[of] p1a: Toxapex
|move|p1a: Toxapex|Haze|p1a: Toxapex
|-clearallboost
|
|-heal|p1a: Toxapex|83/100|[from] item: Black Sludge
|upkeep
|turn|15
|
|t:|1779840449
|switch|p1a: Ogerpon|Ogerpon-Wellspring, F|100/100
|move|p2a: Gardevoir|Calm Mind|p2a: Gardevoir
|-boost|p2a: Gardevoir|spa|1
|-boost|p2a: Gardevoir|spd|1
|
|upkeep
|turn|16
|
|t:|1779840463
|-terastallize|p1a: Ogerpon|Water
|detailschange|p1a: Ogerpon|Ogerpon-Wellspring-Tera, F, tera:Water
|-ability|p1a: Ogerpon|Embody Aspect (Wellspring)|boost
|-boost|p1a: Ogerpon|spd|1
|move|p1a: Ogerpon|Swords Dance|p1a: Ogerpon
|-boost|p1a: Ogerpon|atk|2
|move|p2a: Gardevoir|Aura Sphere|p1a: Ogerpon
|-damage|p1a: Ogerpon|70/100
|
|upkeep
|turn|17
|
|t:|1779840480
|switch|p2a: Ninetales|Ninetales-Alola, M|27/100
|-damage|p2a: Ninetales|2/100|[from] Stealth Rock
|-weather|Snowscape|[from] ability: Snow Warning|[of] p2a: Ninetales
|move|p1a: Ogerpon|Ivy Cudgel|p2a: Ninetales|[anim] Ivy Cudgel Water
|-damage|p2a: Ninetales|0 fnt
|faint|p2a: Ninetales
|
|-weather|Snowscape|[upkeep]
|upkeep
|
|t:|1779840491
|switch|p2a: Ditto|Ditto|100/100
|-damage|p2a: Ditto|88/100|[from] Stealth Rock
|turn|18
|
|t:|1779840500
|move|p1a: Ogerpon|Ivy Cudgel|p2a: Ditto|[anim] Ivy Cudgel Water
|-damage|p2a: Ditto|0 fnt
|faint|p2a: Ditto
|
|-weather|Snowscape|[upkeep]
|upkeep
|c|☆zxczxc101|？
|c|☆zxczxc101|是编程特性啊。
|inactive|zxczxc101 has 120 seconds left.
|c|☆zxczxc101|他妈什么鬼啊？怎么还是圆形？
|
|t:|1779840530
|switch|p2a: Iron Valiant|Iron Valiant|100/100
|-damage|p2a: Iron Valiant|94/100|[from] Stealth Rock
|turn|19
|c|☆3Raccoonsinasuit|你只是不好
|
|t:|1779840549
|move|p2a: Iron Valiant|Destiny Bond|p2a: Iron Valiant
|-singlemove|p2a: Iron Valiant|Destiny Bond
|move|p1a: Ogerpon|Ivy Cudgel|p2a: Iron Valiant|[anim] Ivy Cudgel Water
|-damage|p2a: Iron Valiant|0 fnt
|faint|p2a: Iron Valiant
|-activate|p2a: Iron Valiant|move: Destiny Bond
|-end|p2a: Iron Valiant|Quark Drive|[silent]
|faint|p1a: Ogerpon
|detailschange|p1: Ogerpon|Ogerpon-Wellspring, F|[silent]
|
|-weather|Snowscape|[upkeep]
|upkeep
|inactive|zxczxc101 has 120 seconds left.
|
|t:|1779840566
|switch|p2a: Gardevoir|Gardevoir, F, tera:Steel|100/100
|switch|p1a: Toxtricity|Toxtricity-Low-Key, F|77/100
|-damage|p2a: Gardevoir|94/100|[from] Stealth Rock
|-ability|p2a: Gardevoir|Punk Rock|Trace|[from] ability: Trace|[of] p1a: Toxtricity
|turn|20
|inactive|zxczxc101 has 120 seconds left.
|c|☆3Raccoonsinasuit|因为你的坏而生气
|inactive|3Raccoonsinasuit has 120 seconds left.
|
|t:|1779840585
|move|p2a: Gardevoir|Calm Mind|p2a: Gardevoir
|-boost|p2a: Gardevoir|spa|1
|-boost|p2a: Gardevoir|spd|1
|move|p1a: Toxtricity|Overdrive|p2a: Gardevoir
|-damage|p2a: Gardevoir|69/100
|
|-weather|Snowscape|[upkeep]
|upkeep
|turn|21
|inactive|zxczxc101 has 120 seconds left.
|c|☆zxczxc101|啊？我不是挺正常的吗？
|
|t:|1779840613
|move|p2a: Gardevoir|Draining Kiss|p1a: Toxtricity
|-resisted|p1a: Toxtricity
|-damage|p1a: Toxtricity|47/100
|-heal|p2a: Gardevoir|93/100|[from] drain|[of] p1a: Toxtricity
|move|p1a: Toxtricity|Overdrive|p2a: Gardevoir
|-damage|p2a: Gardevoir|66/100
|
|-weather|none
|upkeep
|turn|22
|c|☆zxczxc101|我前面百变怪出场没变身是什么情况啊？
|
|t:|1779840628
|move|p2a: Gardevoir|Draining Kiss|p1a: Toxtricity
|-resisted|p1a: Toxtricity
|-damage|p1a: Toxtricity|15/100
|-heal|p2a: Gardevoir|91/100|[from] drain|[of] p1a: Toxtricity
|move|p1a: Toxtricity|Overdrive|p2a: Gardevoir
|-damage|p2a: Gardevoir|66/100
|
|upkeep
|turn|23
|inactive|3Raccoonsinasuit has 120 seconds left.
|c|☆3Raccoonsinasuit|它的能力不具备变形能力。
|
|t:|1779840647
|move|p2a: Gardevoir|Draining Kiss|p1a: Toxtricity
|-resisted|p1a: Toxtricity
|-damage|p1a: Toxtricity|0 fnt
|-heal|p2a: Gardevoir|77/100|[from] drain|[of] p1a: Toxtricity
|faint|p1a: Toxtricity
|
|upkeep
|inactive|3Raccoonsinasuit has 120 seconds left.
|
|t:|1779840652
|switch|p1a: Toxapex|Toxapex, F|100/100
|turn|24
|c|☆zxczxc101|但是我带的是变身能力呀，不是柔软。
|inactive|3Raccoonsinasuit has 120 seconds left.
|
|t:|1779840678
|move|p2a: Gardevoir|Draining Kiss|p1a: Toxapex
|-resisted|p1a: Toxapex
|-damage|p1a: Toxapex|85/100
|-heal|p2a: Gardevoir|90/100|[from] drain|[of] p1a: Toxapex
|move|p1a: Toxapex|Haze|p1a: Toxapex
|-clearallboost
|
|-heal|p1a: Toxapex|91/100|[from] item: Black Sludge
|upkeep
|turn|25
|inactive|zxczxc101 has 120 seconds left.
|c|☆3Raccoonsinasuit|它需要具备变形能力
|
|t:|1779840702
|move|p2a: Gardevoir|Calm Mind|p2a: Gardevoir
|-boost|p2a: Gardevoir|spa|1
|-boost|p2a: Gardevoir|spd|1
|move|p1a: Toxapex|Surf|p2a: Gardevoir
|-damage|p2a: Gardevoir|77/100
|
|-heal|p1a: Toxapex|97/100|[from] item: Black Sludge
|upkeep
|turn|26
|
|t:|1779840710
|move|p2a: Gardevoir|Draining Kiss|p1a: Toxapex
|-resisted|p1a: Toxapex
|-damage|p1a: Toxapex|81/100
|-heal|p2a: Gardevoir|90/100|[from] drain|[of] p1a: Toxapex
|move|p1a: Toxapex|Haze|p1a: Toxapex
|-clearallboost
|
|-heal|p1a: Toxapex|88/100|[from] item: Black Sludge
|upkeep
|turn|27
|
|t:|1779840722
|move|p2a: Gardevoir|Calm Mind|p2a: Gardevoir
|-boost|p2a: Gardevoir|spa|1
|-boost|p2a: Gardevoir|spd|1
|move|p1a: Toxapex|Surf|p2a: Gardevoir
|-damage|p2a: Gardevoir|78/100
|
|-heal|p1a: Toxapex|94/100|[from] item: Black Sludge
|upkeep
|turn|28
|c|☆zxczxc101|你是准备把我的PP用过光吗？
|inactive|zxczxc101 has 120 seconds left.
|
|t:|1779840740
|move|p2a: Gardevoir|Aura Sphere|p1a: Toxapex
|-resisted|p1a: Toxapex
|-damage|p1a: Toxapex|77/100
|move|p1a: Toxapex|Surf|p2a: Gardevoir
|-damage|p2a: Gardevoir|64/100
|
|-heal|p1a: Toxapex|83/100|[from] item: Black Sludge
|upkeep
|turn|29
|
|t:|1779840761
|move|p2a: Gardevoir|Draining Kiss|p1a: Toxapex
|-resisted|p1a: Toxapex
|-damage|p1a: Toxapex|67/100
|-heal|p2a: Gardevoir|78/100|[from] drain|[of] p1a: Toxapex
|move|p1a: Toxapex|Haze|p1a: Toxapex
|-clearallboost
|
|-heal|p1a: Toxapex|73/100|[from] item: Black Sludge
|upkeep
|turn|30
|c|☆3Raccoonsinasuit|你会耗尽电力
|inactive|3Raccoonsinasuit has 90 seconds left.
|
|t:|1779840777
|move|p2a: Gardevoir|Calm Mind|p2a: Gardevoir
|-boost|p2a: Gardevoir|spa|1
|-boost|p2a: Gardevoir|spd|1
|move|p1a: Toxapex|Surf|p2a: Gardevoir
|-damage|p2a: Gardevoir|63/100
|
|-heal|p1a: Toxapex|79/100|[from] item: Black Sludge
|upkeep
|turn|31
|
|t:|1779840785
|move|p2a: Gardevoir|Calm Mind|p2a: Gardevoir
|-boost|p2a: Gardevoir|spa|1
|-boost|p2a: Gardevoir|spd|1
|move|p1a: Toxapex|Haze|p1a: Toxapex
|-clearallboost
|
|-heal|p1a: Toxapex|86/100|[from] item: Black Sludge
|upkeep
|turn|32
|c|☆zxczxc101|那确实耗不赢。
|inactive|3Raccoonsinasuit has 90 seconds left.
|c|☆zxczxc101|我投降了，耗不过。
|-message|zxczxc101 forfeited.
|
|win|3Raccoonsinasuit
