|j|☆manaphy michael
|j|☆drybeater36
|t:|1779881040
|gametype|singles
|player|p1|manaphy michael|biker-gen4|1265
|player|p2|drybeater36|n|1223
|gen|9
|tier|[Gen 9] OU
|rated|
|rule|HP Percentage Mod: HP is shown in percentages
|rule|Endless Battle Clause: Forcing endless battles is banned
|rule|Species Clause: Limit one of each Pokémon
|rule|OHKO Clause: OHKO moves are banned
|rule|Evasion Items Clause: Evasion items are banned
|rule|Evasion Moves Clause: Evasion moves are banned
|rule|Evasion Abilities Clause: Evasion abilities are banned
|rule|Sleep Moves Clause: Sleep-inducing moves are banned
|clearpoke
|poke|p1|Clefable, M|
|poke|p1|Corviknight, F|
|poke|p1|Okidogi, M|
|poke|p1|Toedscruel, F|
|poke|p1|Malamar, F|
|poke|p1|Vaporeon, F|
|poke|p2|Dondozo, F|
|poke|p2|Darkrai|
|poke|p2|Cinderace, F|
|poke|p2|Ogerpon, F|
|poke|p2|Enamorus, F|
|poke|p2|Zapdos|
|teampreview
|inactive|Battle timer is ON: inactive players will automatically lose when time's up. (requested by manaphy michael)
|inactive|drybeater36 has 120 seconds left.
|
|t:|1779881093
|teamsize|p1|6
|teamsize|p2|6
|start
|switch|p1a: Henchman 2|Okidogi, M|100/100
|switch|p2a: Ogerpon|Ogerpon, F|100/100
|turn|1
|
|t:|1779881107
|move|p2a: Ogerpon|U-turn|p1a: Henchman 2
|-resisted|p1a: Henchman 2
|-damage|p1a: Henchman 2|95/100
|
|t:|1779881111
|switch|p2a: Dondozo|Dondozo, F|100/100|[from] U-turn
|move|p1a: Henchman 2|Poison Fang|p2a: Dondozo
|-damage|p2a: Dondozo|91/100
|-status|p2a: Dondozo|tox|[from] ability: Toxic Chain|[of] p1a: Henchman 2
|
|-heal|p1a: Henchman 2|100/100|[from] item: Black Sludge
|-heal|p2a: Dondozo|97/100 tox|[from] item: Leftovers
|-damage|p2a: Dondozo|91/100 tox|[from] psn
|upkeep
|turn|2
|
|t:|1779881121
|move|p1a: Henchman 2|Knock Off|p2a: Dondozo
|-damage|p2a: Dondozo|77/100 tox
|-enditem|p2a: Dondozo|Leftovers|[from] move: Knock Off|[of] p1a: Henchman 2
|move|p2a: Dondozo|Avalanche|p1a: Henchman 2
|-damage|p1a: Henchman 2|85/100
|
|-heal|p1a: Henchman 2|91/100|[from] item: Black Sludge
|-damage|p2a: Dondozo|65/100 tox|[from] psn
|upkeep
|turn|3
|
|t:|1779881132
|switch|p1a: Humorous Squid|Malamar, F|100/100
|move|p2a: Dondozo|Avalanche|p1a: Humorous Squid
|-damage|p1a: Humorous Squid|82/100
|
|-damage|p2a: Dondozo|47/100 tox|[from] psn
|upkeep
|turn|4
|
|t:|1779881135
|move|p1a: Humorous Squid|Trick|p2a: Dondozo
|-activate|p1a: Humorous Squid|move: Trick|[of] p2a: Dondozo
|-item|p2a: Dondozo|Choice Band|[from] move: Trick
|-enditem|p1a: Humorous Squid|Choice Band|[silent]|[from] move: Trick
|move|p2a: Dondozo|Rest|p2a: Dondozo
|-status|p2a: Dondozo|slp|[from] move: Rest
|-heal|p2a: Dondozo|100/100 slp|[silent]
|
|upkeep
|turn|5
|
|t:|1779881164
|switch|p2a: Enamorus|Enamorus, F, shiny|100/100
|move|p1a: Humorous Squid|Superpower|p2a: Enamorus
|-resisted|p2a: Enamorus
|-damage|p2a: Enamorus|86/100
|-boost|p1a: Humorous Squid|atk|1
|-boost|p1a: Humorous Squid|def|1
|
|upkeep
|turn|6
|
|t:|1779881170
|-terastallize|p1a: Humorous Squid|Fire
|move|p2a: Enamorus|Moonblast|p1a: Humorous Squid
|-resisted|p1a: Humorous Squid
|-damage|p1a: Humorous Squid|44/100
|move|p1a: Humorous Squid|Psycho Cut|p2a: Enamorus
|-damage|p2a: Enamorus|5/100
|
|upkeep
|turn|7
|
|t:|1779881181
|move|p2a: Enamorus|Moonblast|p1a: Humorous Squid
|-resisted|p1a: Humorous Squid
|-crit|p1a: Humorous Squid
|-damage|p1a: Humorous Squid|0 fnt
|faint|p1a: Humorous Squid
|
|upkeep
|
|t:|1779881189
|switch|p1a: Catfish|Vaporeon, F|100/100
|turn|8
|
|t:|1779881199
|switch|p2a: Zapdos|Zapdos|100/100
|move|p1a: Catfish|Scald|p2a: Zapdos
|-damage|p2a: Zapdos|72/100
|
|upkeep
|turn|9
|
|t:|1779881205
|move|p2a: Zapdos|Thunder Wave|p1a: Catfish
|-status|p1a: Catfish|par
|move|p1a: Catfish|Calm Mind|p1a: Catfish
|-boost|p1a: Catfish|spa|1
|-boost|p1a: Catfish|spd|1
|
|upkeep
|turn|10
|
|t:|1779881215
|move|p2a: Zapdos|Roost|p2a: Zapdos
|-heal|p2a: Zapdos|100/100
|-singleturn|p2a: Zapdos|move: Roost
|move|p1a: Catfish|Scald|p2a: Zapdos
|-damage|p2a: Zapdos|57/100
|-status|p2a: Zapdos|brn
|
|-damage|p2a: Zapdos|51/100 brn|[from] brn
|upkeep
|turn|11
|
|t:|1779881219
|move|p2a: Zapdos|Roost|p2a: Zapdos
|-heal|p2a: Zapdos|100/100 brn
|-singleturn|p2a: Zapdos|move: Roost
|move|p1a: Catfish|Calm Mind|p1a: Catfish
|-boost|p1a: Catfish|spa|1
|-boost|p1a: Catfish|spd|1
|
|-damage|p2a: Zapdos|94/100 brn|[from] brn
|upkeep
|turn|12
|
|t:|1779881224
|move|p2a: Zapdos|Volt Switch|p1a: Catfish
|-supereffective|p1a: Catfish
|-damage|p1a: Catfish|79/100 par
|
|t:|1779881229
|switch|p2a: Dondozo|Dondozo, F|100/100 slp|[from] Volt Switch
|cant|p1a: Catfish|par
|
|-heal|p1a: Catfish|86/100 par|[from] item: Leftovers
|upkeep
|turn|13
|
|t:|1779881233
|cant|p2a: Dondozo|slp
|move|p1a: Catfish|Calm Mind|p1a: Catfish
|-boost|p1a: Catfish|spa|1
|-boost|p1a: Catfish|spd|1
|
|-heal|p1a: Catfish|92/100 par|[from] item: Leftovers
|upkeep
|turn|14
|
|t:|1779881236
|cant|p2a: Dondozo|slp
|move|p1a: Catfish|Calm Mind|p1a: Catfish
|-boost|p1a: Catfish|spa|1
|-boost|p1a: Catfish|spd|1
|
|-heal|p1a: Catfish|98/100 par|[from] item: Leftovers
|upkeep
|turn|15
|
|t:|1779881239
|-curestatus|p2a: Dondozo|slp|[msg]
|move|p2a: Dondozo|Body Press|p1a: Catfish
|-damage|p1a: Catfish|70/100 par
|move|p1a: Catfish|Calm Mind|p1a: Catfish
|-boost|p1a: Catfish|spa|1
|-boost|p1a: Catfish|spd|1
|
|-heal|p1a: Catfish|76/100 par|[from] item: Leftovers
|upkeep
|turn|16
|
|t:|1779881244
|move|p2a: Dondozo|Body Press|p1a: Catfish
|-crit|p1a: Catfish
|-damage|p1a: Catfish|31/100 par
|move|p1a: Catfish|Scald|p2a: Dondozo
|-resisted|p2a: Dondozo
|-damage|p2a: Dondozo|87/100
|
|-heal|p1a: Catfish|38/100 par|[from] item: Leftovers
|upkeep
|turn|17
|
|t:|1779881248
|move|p2a: Dondozo|Body Press|p1a: Catfish
|-damage|p1a: Catfish|8/100 par
|cant|p1a: Catfish|par
|
|-heal|p1a: Catfish|15/100 par|[from] item: Leftovers
|upkeep
|turn|18
|
|t:|1779881251
|move|p1a: Catfish|Protect|p1a: Catfish
|-singleturn|p1a: Catfish|Protect
|move|p2a: Dondozo|Body Press|p1a: Catfish
|-activate|p1a: Catfish|move: Protect
|
|-heal|p1a: Catfish|21/100 par|[from] item: Leftovers
|upkeep
|turn|19
|
|t:|1779881254
|switch|p1a: Lord Asmodeus|Clefable, M, shiny|100/100
|move|p2a: Dondozo|Body Press|p1a: Lord Asmodeus
|-resisted|p1a: Lord Asmodeus
|-damage|p1a: Lord Asmodeus|86/100
|
|upkeep
|turn|20
|
|t:|1779881271
|move|p1a: Lord Asmodeus|Moonblast|p2a: Dondozo
|-damage|p2a: Dondozo|48/100
|-damage|p1a: Lord Asmodeus|76/100|[from] item: Life Orb
|move|p2a: Dondozo|Body Press|p1a: Lord Asmodeus
|-resisted|p1a: Lord Asmodeus
|-damage|p1a: Lord Asmodeus|61/100
|
|upkeep
|turn|21
|
|t:|1779881274
|move|p1a: Lord Asmodeus|Draining Kiss|p2a: Dondozo
|-damage|p2a: Dondozo|25/100
|-heal|p1a: Lord Asmodeus|82/100|[from] drain|[of] p2a: Dondozo
|-damage|p1a: Lord Asmodeus|72/100|[from] item: Life Orb
|move|p2a: Dondozo|Body Press|p1a: Lord Asmodeus
|-resisted|p1a: Lord Asmodeus
|-damage|p1a: Lord Asmodeus|57/100
|
|upkeep
|turn|22
|
|t:|1779881279
|move|p1a: Lord Asmodeus|Draining Kiss|p2a: Dondozo
|-damage|p2a: Dondozo|5/100
|-heal|p1a: Lord Asmodeus|75/100|[from] drain|[of] p2a: Dondozo
|-damage|p1a: Lord Asmodeus|65/100|[from] item: Life Orb
|move|p2a: Dondozo|Body Press|p1a: Lord Asmodeus
|-resisted|p1a: Lord Asmodeus
|-damage|p1a: Lord Asmodeus|49/100
|
|upkeep
|turn|23
|
|t:|1779881287
|move|p1a: Lord Asmodeus|Draining Kiss|p2a: Dondozo
|-damage|p2a: Dondozo|0 fnt
|-heal|p1a: Lord Asmodeus|54/100|[from] drain|[of] p2a: Dondozo
|faint|p2a: Dondozo
|-damage|p1a: Lord Asmodeus|44/100|[from] item: Life Orb
|
|upkeep
|
|t:|1779881299
|switch|p2a: Enamorus|Enamorus, F, shiny|5/100
|turn|24
|
|t:|1779881304
|switch|p1a: bird man|Corviknight, F|100/100
|-ability|p1a: bird man|Pressure
|move|p2a: Enamorus|Moonblast|p1a: bird man
|-resisted|p1a: bird man
|-crit|p1a: bird man
|-damage|p1a: bird man|71/100
|
|-heal|p1a: bird man|77/100|[from] item: Leftovers
|upkeep
|turn|25
|
|t:|1779881313
|switch|p2a: Zapdos|Zapdos|94/100 brn
|switch|p1a: Catfish|Vaporeon, F|21/100 par
|
|-heal|p1a: Catfish|27/100 par|[from] item: Leftovers
|-damage|p2a: Zapdos|88/100 brn|[from] brn
|upkeep
|turn|26
|
|t:|1779881319
|cant|p1a: Catfish|par
|move|p2a: Zapdos|Volt Switch|p1a: Catfish
|-supereffective|p1a: Catfish
|-damage|p1a: Catfish|0 fnt
|faint|p1a: Catfish
|
|t:|1779881323
|switch|p2a: Darkrai|Darkrai, shiny|100/100|[from] Volt Switch
|
|upkeep
|
|t:|1779881325
|switch|p1a: Henchman 1|Toedscruel, F|100/100
|turn|27
|
|t:|1779881339
|move|p2a: Darkrai|Nasty Plot|p2a: Darkrai
|-boost|p2a: Darkrai|spa|2
|move|p1a: Henchman 1|Acid Spray|p2a: Darkrai
|-damage|p2a: Darkrai|85/100
|-unboost|p2a: Darkrai|spd|2
|
|upkeep
|turn|28
|
|t:|1779881346
|move|p2a: Darkrai|Ice Beam|p1a: Henchman 1
|-supereffective|p1a: Henchman 1
|-damage|p1a: Henchman 1|0 fnt
|faint|p1a: Henchman 1
|-damage|p2a: Darkrai|75/100|[from] item: Life Orb
|
|upkeep
|
|t:|1779881350
|switch|p1a: Lord Asmodeus|Clefable, M, shiny|44/100
|turn|29
|
|t:|1779881359
|move|p2a: Darkrai|Ice Beam|p1a: Lord Asmodeus
|-damage|p1a: Lord Asmodeus|7/100
|-damage|p2a: Darkrai|65/100|[from] item: Life Orb
|move|p1a: Lord Asmodeus|Draining Kiss|p2a: Darkrai
|-supereffective|p2a: Darkrai
|-damage|p2a: Darkrai|9/100
|-heal|p1a: Lord Asmodeus|38/100|[from] drain|[of] p2a: Darkrai
|-damage|p1a: Lord Asmodeus|28/100|[from] item: Life Orb
|
|upkeep
|turn|30
|-message|manaphy michael forfeited.
|
|win|drybeater36
|raw|manaphy michael's rating: 1265 &rarr; <strong>1237</strong><br />(-28 for losing)
|raw|drybeater36's rating: 1223 &rarr; <strong>1251</strong><br />(+28 for winning)
|l|☆manaphy michael
|player|p1|
|l|☆drybeater36
|player|p2|
