|j|☆YoSoyDelBronx
|j|☆zatrox11
|t:|1779905519
|gametype|singles
|player|p1|YoSoyDelBronx|noland|1214
|player|p2|zatrox11|1|1181
|gen|9
|tier|[Gen 9] OU
|rated|
|rule|HP Percentage Mod: HP is shown in percentages
|rule|Endless Battle Clause: Forcing endless battles is banned
|rule|Species Clause: Limit one of each Pokémon
|rule|OHKO Clause: OHKO moves are banned
|rule|Evasion Items Clause: Evasion items are banned
|rule|Evasion Moves Clause: Evasion moves are banned
|rule|Evasion Abilities Clause: Evasion abilities are banned
|rule|Sleep Moves Clause: Sleep-inducing moves are banned
|clearpoke
|poke|p1|Blaziken, M|
|poke|p1|Ninetales, F|
|poke|p1|Venusaur, M|
|poke|p1|Hatterene, F|
|poke|p1|Great Tusk|
|poke|p1|Walking Wake|
|poke|p2|Typhlosion-Hisui, F|
|poke|p2|Araquanid, F|
|poke|p2|Ninetales, F|
|poke|p2|Corviknight, F|
|poke|p2|Hatterene, F|
|poke|p2|Ogerpon-Wellspring, F|
|teampreview
|inactive|Battle timer is ON: inactive players will automatically lose when time's up. (requested by zatrox11)
|
|t:|1779905535
|teamsize|p1|6
|teamsize|p2|6
|start
|switch|p1a: Blaziken|Blaziken, M|100/100
|switch|p2a: Araquanid|Araquanid, F|100/100
|turn|1
|
|t:|1779905547
|move|p1a: Blaziken|Focus Energy|p1a: Blaziken
|-start|p1a: Blaziken|move: Focus Energy
|move|p2a: Araquanid|Surf|p1a: Blaziken
|-supereffective|p1a: Blaziken
|-damage|p1a: Blaziken|0 fnt
|faint|p1a: Blaziken
|
|upkeep
|
|t:|1779905555
|switch|p1a: Ninetales|Ninetales, F|100/100
|-weather|SunnyDay|[from] ability: Drought|[of] p1a: Ninetales
|turn|2
|
|t:|1779905563
|move|p1a: Ninetales|Encore|p2a: Araquanid
|-start|p2a: Araquanid|Encore
|move|p2a: Araquanid|Surf|p1a: Ninetales
|-supereffective|p1a: Ninetales
|-damage|p1a: Ninetales|51/100
|
|-weather|SunnyDay|[upkeep]
|upkeep
|turn|3
|
|t:|1779905569
|move|p1a: Ninetales|Memento|p2a: Araquanid
|-unboost|p2a: Araquanid|atk|2
|-unboost|p2a: Araquanid|spa|2
|faint|p1a: Ninetales
|move|p2a: Araquanid|Surf|p1: Ninetales|[notarget]
|-fail|p2a: Araquanid
|
|-weather|SunnyDay|[upkeep]
|upkeep
|
|t:|1779905576
|switch|p1a: Venusaur|Venusaur, M|100/100
|turn|4
|
|t:|1779905581
|switch|p2a: Corviknight|Corviknight, F|100/100
|-ability|p2a: Corviknight|Pressure
|move|p1a: Venusaur|Growth|p1a: Venusaur
|-boost|p1a: Venusaur|atk|2
|-boost|p1a: Venusaur|spa|2
|
|-weather|SunnyDay|[upkeep]
|upkeep
|turn|5
|
|t:|1779905587
|move|p1a: Venusaur|Weather Ball|p2a: Corviknight
|-supereffective|p2a: Corviknight
|-damage|p2a: Corviknight|0 fnt
|faint|p2a: Corviknight
|-damage|p1a: Venusaur|91/100|[from] item: Life Orb
|
|-weather|SunnyDay|[upkeep]
|upkeep
|
|t:|1779905604
|switch|p2a: Araquanid|Araquanid, F|100/100
|turn|6
|
|t:|1779905616
|move|p1a: Venusaur|Sludge Bomb|p2a: Araquanid
|-damage|p2a: Araquanid|26/100
|-damage|p1a: Venusaur|81/100|[from] item: Life Orb
|move|p2a: Araquanid|Sticky Web|p1a: Venusaur
|-sidestart|p1: YoSoyDelBronx|move: Sticky Web
|
|-weather|SunnyDay|[upkeep]
|upkeep
|turn|7
|
|t:|1779905634
|switch|p2a: Hatterene|Hatterene, F|100/100
|move|p1a: Venusaur|Giga Drain|p2a: Hatterene
|-damage|p2a: Hatterene|6/100
|-heal|p1a: Venusaur|100/100|[from] drain|[of] p2a: Hatterene
|-enditem|p2a: Hatterene|Eject Button
|-damage|p1a: Venusaur|91/100|[from] item: Life Orb
|inactive|zatrox11 has 120 seconds left.
|
|t:|1779905656
|switch|p2a: Araquanid|Araquanid, F|26/100
|
|-weather|SunnyDay|[upkeep]
|upkeep
|turn|8
|
|t:|1779905659
|move|p2a: Araquanid|Endure|p2a: Araquanid
|-singleturn|p2a: Araquanid|move: Endure
|move|p1a: Venusaur|Giga Drain|p2a: Araquanid
|-activate|p2a: Araquanid|move: Endure
|-damage|p2a: Araquanid|1/100
|-heal|p1a: Venusaur|100/100|[from] drain|[of] p2a: Araquanid
|-damage|p1a: Venusaur|91/100|[from] item: Life Orb
|
|-weather|SunnyDay|[upkeep]
|upkeep
|turn|9
|-enditem|p2a: Araquanid|Custap Berry|[eat]
|-activate|p2a: Araquanid|item: Custap Berry|[consumed]
|
|t:|1779905670
|move|p2a: Araquanid|Endeavor|p1a: Venusaur
|-damage|p1a: Venusaur|1/100
|move|p1a: Venusaur|Giga Drain|p2a: Araquanid
|-damage|p2a: Araquanid|0 fnt
|-heal|p1a: Venusaur|1/100|[from] drain|[of] p2a: Araquanid
|faint|p2a: Araquanid
|-damage|p1a: Venusaur|0 fnt|[from] item: Life Orb
|faint|p1a: Venusaur
|
|-weather|none
|upkeep
|inactive|zatrox11 has 120 seconds left.
|
|t:|1779905701
|switch|p1a: Great Tusk|Great Tusk|100/100
|switch|p2a: Hatterene|Hatterene, F|6/100
|turn|10
|
|t:|1779905720
|switch|p2a: Typhlosion|Typhlosion-Hisui, F|100/100
|-item|p1a: Great Tusk|Heavy-Duty Boots|[from] ability: Frisk|[of] p2a: Typhlosion
|move|p1a: Great Tusk|Rapid Spin|p2a: Typhlosion
|-immune|p2a: Typhlosion
|
|upkeep
|turn|11
|
|t:|1779905726
|switch|p2a: Ninetales|Ninetales, F|100/100
|-weather|SunnyDay|[from] ability: Drought|[of] p2a: Ninetales
|-activate|p1a: Great Tusk|ability: Protosynthesis
|-start|p1a: Great Tusk|protosynthesisatk
|move|p1a: Great Tusk|Headlong Rush|p2a: Ninetales
|-supereffective|p2a: Ninetales
|-damage|p2a: Ninetales|0 fnt
|-unboost|p1a: Great Tusk|def|1
|-unboost|p1a: Great Tusk|spd|1
|faint|p2a: Ninetales
|
|-weather|SunnyDay|[upkeep]
|upkeep
|inactive|zatrox11 has 120 seconds left.
|
|t:|1779905737
|switch|p2a: Typhlosion|Typhlosion-Hisui, F|100/100
|-item|p1a: Great Tusk|Heavy-Duty Boots|[from] ability: Frisk|[of] p2a: Typhlosion
|turn|12
|
|t:|1779905741
|-end|p1a: Great Tusk|Protosynthesis|[silent]
|switch|p1a: Hatterene|Hatterene, F|100/100
|-activate|p1a: Hatterene|move: Sticky Web
|-unboost|p1a: Hatterene|spe|1
|move|p2a: Typhlosion|Eruption|p1a: Hatterene
|-damage|p1a: Hatterene|0 fnt
|faint|p1a: Hatterene
|
|-weather|SunnyDay|[upkeep]
|upkeep
|
|t:|1779905747
|switch|p1a: Great Tusk|Great Tusk|100/100
|-activate|p1a: Great Tusk|ability: Protosynthesis
|-start|p1a: Great Tusk|protosynthesisatk
|turn|13
|
|t:|1779905753
|-terastallize|p1a: Great Tusk|Fire
|move|p2a: Typhlosion|Eruption|p1a: Great Tusk
|-resisted|p1a: Great Tusk
|-damage|p1a: Great Tusk|0 fnt
|faint|p1a: Great Tusk
|-end|p1a: Great Tusk|Protosynthesis|[silent]
|
|-weather|SunnyDay|[upkeep]
|upkeep
|
|t:|1779905757
|switch|p1a: Walking Wake|Walking Wake|100/100
|-activate|p1a: Walking Wake|move: Sticky Web
|-unboost|p1a: Walking Wake|spe|1
|-activate|p1a: Walking Wake|ability: Protosynthesis
|-start|p1a: Walking Wake|protosynthesisspa
|turn|14
|-message|YoSoyDelBronx forfeited.
|
|win|zatrox11
|raw|YoSoyDelBronx's rating: 1214 &rarr; <strong>1187</strong><br />(-27 for losing)
|raw|zatrox11's rating: 1181 &rarr; <strong>1208</strong><br />(+27 for winning)
|l|☆YoSoyDelBronx
|player|p1|
|l|☆zatrox11
|player|p2|
