|j|☆xxxduqi
|j|☆carnivore05
|t:|1779855903
|gametype|singles
|player|p1|xxxduqi|miku-flying|1459
|player|p2|carnivore05|darach-caitlin|1564
|gen|9
|tier|[Gen 9] OU
|rated|
|rule|HP Percentage Mod: HP is shown in percentages
|rule|Endless Battle Clause: Forcing endless battles is banned
|rule|Species Clause: Limit one of each Pokémon
|rule|OHKO Clause: OHKO moves are banned
|rule|Evasion Items Clause: Evasion items are banned
|rule|Evasion Moves Clause: Evasion moves are banned
|rule|Evasion Abilities Clause: Evasion abilities are banned
|rule|Sleep Moves Clause: Sleep-inducing moves are banned
|clearpoke
|poke|p1|Zapdos-Galar|
|poke|p1|Blissey, F|
|poke|p1|Darkrai|
|poke|p1|Gliscor, M|
|poke|p1|Skarmory, M|
|poke|p1|Pecharunt|
|poke|p2|Deoxys-Speed|
|poke|p2|Ogerpon-Wellspring, F|
|poke|p2|Zamazenta-*|
|poke|p2|Glimmora, M|
|poke|p2|Ceruledge, M|
|poke|p2|Darkrai|
|teampreview
|inactive|Battle timer is ON: inactive players will automatically lose when time's up. (requested by xxxduqi)
|c|☆carnivore05|glhf
|
|t:|1779855934
|teamsize|p1|6
|teamsize|p2|6
|start
|switch|p1a: Gliscor|Gliscor, M|100/100
|switch|p2a: Glimmora|Glimmora, M|100/100
|turn|1
|
|t:|1779855938
|switch|p2a: Ogerpon|Ogerpon-Wellspring, F|100/100
|move|p1a: Gliscor|Protect||[still]
|-fail|p1a: Gliscor
|
|-status|p1a: Gliscor|tox|[from] item: Toxic Orb
|upkeep
|turn|2
|
|t:|1779855947
|switch|p1a: Pecharunt|Pecharunt|100/100
|-item|p1a: Pecharunt|Air Balloon
|move|p2a: Ogerpon|Swords Dance|p2a: Ogerpon
|-boost|p2a: Ogerpon|atk|2
|
|upkeep
|turn|3
|
|t:|1779855951
|move|p2a: Ogerpon|Ivy Cudgel|p1a: Pecharunt|[anim] Ivy Cudgel Water
|-damage|p1a: Pecharunt|20/100
|-enditem|p1a: Pecharunt|Air Balloon
|move|p1a: Pecharunt|Malignant Chain|p2a: Ogerpon
|-supereffective|p2a: Ogerpon
|-damage|p2a: Ogerpon|33/100
|
|upkeep
|turn|4
|
|t:|1779855960
|move|p2a: Ogerpon|Ivy Cudgel|p1a: Pecharunt|[anim] Ivy Cudgel Water
|-damage|p1a: Pecharunt|0 fnt
|faint|p1a: Pecharunt
|
|upkeep
|
|t:|1779855963
|switch|p1a: Darkrai|Darkrai|100/100
|turn|5
|
|t:|1779855968
|switch|p2a: Glimmora|Glimmora, M|100/100
|move|p1a: Darkrai|Dark Pulse|p2a: Glimmora
|-damage|p2a: Glimmora|48/100
|
|upkeep
|turn|6
|
|t:|1779855974
|move|p1a: Darkrai|Dark Pulse|p2a: Glimmora
|-damage|p2a: Glimmora|0 fnt
|faint|p2a: Glimmora
|
|upkeep
|
|t:|1779855978
|switch|p2a: Zamazenta|Zamazenta|100/100
|-ability|p2a: Zamazenta|Dauntless Shield|boost
|-boost|p2a: Zamazenta|def|1
|turn|7
|
|t:|1779855985
|-terastallize|p1a: Darkrai|Poison
|move|p2a: Zamazenta|Body Press|p1a: Darkrai
|-resisted|p1a: Darkrai
|-damage|p1a: Darkrai|61/100
|move|p1a: Darkrai|Will-O-Wisp|p2a: Zamazenta
|-status|p2a: Zamazenta|brn
|
|-damage|p2a: Zamazenta|94/100 brn|[from] brn
|upkeep
|turn|8
|
|t:|1779855997
|switch|p1a: Skarmory|Skarmory, M|100/100
|move|p2a: Zamazenta|Iron Defense|p2a: Zamazenta
|-boost|p2a: Zamazenta|def|2
|
|-heal|p2a: Zamazenta|100/100 brn|[from] item: Leftovers
|-damage|p2a: Zamazenta|94/100 brn|[from] brn
|upkeep
|turn|9
|
|t:|1779856004
|switch|p2a: Ceruledge|Ceruledge, M|100/100
|move|p1a: Skarmory|Spikes|p2a: Ceruledge
|-sidestart|p2: carnivore05|Spikes
|
|upkeep
|turn|10
|
|t:|1779856009
|move|p2a: Ceruledge|Swords Dance|p2a: Ceruledge
|-boost|p2a: Ceruledge|atk|2
|move|p1a: Skarmory|Whirlwind|p2a: Ceruledge
|drag|p2a: Deoxys|Deoxys-Speed|100/100
|-damage|p2a: Deoxys|88/100|[from] Spikes
|-ability|p2a: Deoxys|Pressure
|
|upkeep
|turn|11
|
|t:|1779856015
|switch|p1a: Blissey|Blissey, F|100/100
|move|p2a: Deoxys|Taunt|p1a: Blissey
|-start|p1a: Blissey|move: Taunt
|
|upkeep
|turn|12
|
|t:|1779856021
|switch|p1a: Gliscor|Gliscor, M|100/100 tox
|move|p2a: Deoxys|Light Screen|p2a: Deoxys
|-sidestart|p2: carnivore05|move: Light Screen
|
|upkeep
|turn|13
|
|t:|1779856026
|move|p2a: Deoxys|Taunt|p1a: Gliscor
|-start|p1a: Gliscor|move: Taunt
|move|p1a: Gliscor|Knock Off|p2a: Deoxys
|-supereffective|p2a: Deoxys
|-damage|p2a: Deoxys|34/100
|-enditem|p2a: Deoxys|Light Clay|[from] move: Knock Off|[of] p1a: Gliscor
|
|upkeep
|turn|14
|
|t:|1779856032
|switch|p2a: Ogerpon|Ogerpon-Wellspring, F|33/100
|-damage|p2a: Ogerpon|20/100|[from] Spikes
|move|p1a: Gliscor|Knock Off|p2a: Ogerpon
|-crit|p2a: Ogerpon
|-damage|p2a: Ogerpon|0 fnt
|faint|p2a: Ogerpon
|
|upkeep
|
|t:|1779856041
|switch|p2a: Darkrai|Darkrai|100/100
|turn|15
|
|t:|1779856049
|switch|p1a: Blissey|Blissey, F|100/100
|move|p2a: Darkrai|Nasty Plot|p2a: Darkrai
|-boost|p2a: Darkrai|spa|2
|
|upkeep
|turn|16
|
|t:|1779856055
|move|p2a: Darkrai|Focus Blast|p1a: Blissey|[miss]
|-miss|p2a: Darkrai|p1a: Blissey
|move|p1a: Blissey|Thunder Wave|p2a: Darkrai
|-status|p2a: Darkrai|par
|
|upkeep
|turn|17
|
|t:|1779856059
|move|p2a: Darkrai|Nasty Plot|p2a: Darkrai
|-boost|p2a: Darkrai|spa|2
|move|p1a: Blissey|Stealth Rock|p2a: Darkrai
|-sidestart|p2: carnivore05|move: Stealth Rock
|
|upkeep
|turn|18
|
|t:|1779856064
|switch|p1a: Gliscor|Gliscor, M|100/100 tox
|move|p2a: Darkrai|Focus Blast|p1a: Gliscor
|-resisted|p1a: Gliscor
|-damage|p1a: Gliscor|36/100 tox
|
|-heal|p1a: Gliscor|49/100 tox|[from] ability: Poison Heal
|upkeep
|turn|19
|
|t:|1779856069
|move|p1a: Gliscor|Protect|p1a: Gliscor
|-singleturn|p1a: Gliscor|Protect
|cant|p2a: Darkrai|par
|
|-heal|p1a: Gliscor|61/100 tox|[from] ability: Poison Heal
|-sideend|p2: carnivore05|move: Light Screen
|upkeep
|turn|20
|
|t:|1779856074
|switch|p1a: Blissey|Blissey, F|100/100
|move|p2a: Darkrai|Dark Pulse|p1a: Blissey
|-damage|p1a: Blissey|63/100
|
|upkeep
|turn|21
|j| testingrainteam1
|
|t:|1779856080
|move|p2a: Darkrai|Focus Blast|p1a: Blissey|[miss]
|-miss|p2a: Darkrai|p1a: Blissey
|move|p1a: Blissey|Seismic Toss|p2a: Darkrai
|-damage|p2a: Darkrai|65/100 par
|
|upkeep
|turn|22
|
|t:|1779856084
|move|p2a: Darkrai|Focus Blast|p1a: Blissey
|-supereffective|p1a: Blissey
|-damage|p1a: Blissey|0 fnt
|faint|p1a: Blissey
|
|upkeep
|
|t:|1779856087
|switch|p1a: Zapdos|Zapdos-Galar|100/100
|turn|23
|l| testingrainteam1
|
|t:|1779856095
|move|p1a: Zapdos|U-turn|p2a: Darkrai
|-supereffective|p2a: Darkrai
|-damage|p2a: Darkrai|0 fnt
|faint|p2a: Darkrai
|
|t:|1779856099
|switch|p1a: Darkrai|Darkrai, tera:Poison|61/100|[from] U-turn
|
|upkeep
|
|t:|1779856106
|switch|p2a: Deoxys|Deoxys-Speed|34/100
|-damage|p2a: Deoxys|21/100|[from] Spikes
|-damage|p2a: Deoxys|9/100|[from] Stealth Rock
|-ability|p2a: Deoxys|Pressure
|turn|24
|
|t:|1779856109
|move|p2a: Deoxys|Psycho Boost|p1a: Darkrai
|-supereffective|p1a: Darkrai
|-damage|p1a: Darkrai|0 fnt
|-unboost|p2a: Deoxys|spa|2
|faint|p1a: Darkrai
|
|upkeep
|
|t:|1779856116
|switch|p1a: Skarmory|Skarmory, M|100/100
|turn|25
|
|t:|1779856120
|move|p2a: Deoxys|Taunt|p1a: Skarmory
|-start|p1a: Skarmory|move: Taunt
|cant|p1a: Skarmory|move: Taunt|Spikes
|
|upkeep
|turn|26
|
|t:|1779856126
|switch|p1a: Gliscor|Gliscor, M|61/100 tox
|move|p2a: Deoxys|Reflect|p2a: Deoxys
|-sidestart|p2: carnivore05|Reflect
|
|-heal|p1a: Gliscor|74/100 tox|[from] ability: Poison Heal
|upkeep
|turn|27
|
|t:|1779856128
|move|p2a: Deoxys|Taunt|p1a: Gliscor
|-start|p1a: Gliscor|move: Taunt
|move|p1a: Gliscor|Knock Off|p2a: Deoxys
|-supereffective|p2a: Deoxys
|-damage|p2a: Deoxys|0 fnt
|faint|p2a: Deoxys
|
|-heal|p1a: Gliscor|86/100 tox|[from] ability: Poison Heal
|upkeep
|
|t:|1779856133
|switch|p2a: Ceruledge|Ceruledge, M|100/100
|-damage|p2a: Ceruledge|88/100|[from] Spikes
|-damage|p2a: Ceruledge|64/100|[from] Stealth Rock
|turn|28
|
|t:|1779856139
|switch|p1a: Skarmory|Skarmory, M|100/100
|move|p2a: Ceruledge|Swords Dance|p2a: Ceruledge
|-boost|p2a: Ceruledge|atk|2
|
|upkeep
|turn|29
|
|t:|1779856143
|move|p2a: Ceruledge|Bitter Blade|p1a: Skarmory
|-supereffective|p1a: Skarmory
|-ability|p1a: Skarmory|Sturdy
|-damage|p1a: Skarmory|1/100
|-heal|p2a: Ceruledge|100/100|[from] drain|[of] p1a: Skarmory
|-damage|p2a: Ceruledge|84/100|[from] item: Rocky Helmet|[of] p1a: Skarmory
|-damage|p2a: Ceruledge|74/100|[from] item: Life Orb
|move|p1a: Skarmory|Whirlwind|p2a: Ceruledge
|drag|p2a: Zamazenta|Zamazenta|94/100 brn
|-damage|p2a: Zamazenta|82/100 brn|[from] Spikes
|-damage|p2a: Zamazenta|76/100 brn|[from] Stealth Rock
|
|-heal|p2a: Zamazenta|82/100 brn|[from] item: Leftovers
|-damage|p2a: Zamazenta|76/100 brn|[from] brn
|upkeep
|turn|30
|
|t:|1779856153
|move|p2a: Zamazenta|Body Press|p1a: Skarmory
|-damage|p1a: Skarmory|0 fnt
|-damage|p2a: Zamazenta|59/100 brn|[from] item: Rocky Helmet|[of] p1a: Skarmory
|faint|p1a: Skarmory
|
|-heal|p2a: Zamazenta|65/100 brn|[from] item: Leftovers
|-damage|p2a: Zamazenta|59/100 brn|[from] brn
|-sideend|p2: carnivore05|Reflect
|upkeep
|
|t:|1779856156
|switch|p1a: Gliscor|Gliscor, M|86/100 tox
|turn|31
|
|t:|1779856160
|move|p2a: Zamazenta|Iron Defense|p2a: Zamazenta
|-boost|p2a: Zamazenta|def|2
|move|p1a: Gliscor|Knock Off|p2a: Zamazenta
|-resisted|p2a: Zamazenta
|-crit|p2a: Zamazenta
|-damage|p2a: Zamazenta|47/100 brn
|-enditem|p2a: Zamazenta|Leftovers|[from] move: Knock Off|[of] p1a: Gliscor
|
|-heal|p1a: Gliscor|99/100 tox|[from] ability: Poison Heal
|-damage|p2a: Zamazenta|41/100 brn|[from] brn
|upkeep
|turn|32
|
|t:|1779856164
|move|p2a: Zamazenta|Iron Defense|p2a: Zamazenta
|-boost|p2a: Zamazenta|def|2
|move|p1a: Gliscor|Knock Off|p2a: Zamazenta
|-resisted|p2a: Zamazenta
|-damage|p2a: Zamazenta|39/100 brn
|
|-heal|p1a: Gliscor|100/100 tox|[from] ability: Poison Heal
|-damage|p2a: Zamazenta|33/100 brn|[from] brn
|upkeep
|turn|33
|
|t:|1779856167
|switch|p1a: Zapdos|Zapdos-Galar|100/100
|move|p2a: Zamazenta|Iron Defense|p2a: Zamazenta
|-boost|p2a: Zamazenta|def|2
|
|-damage|p2a: Zamazenta|27/100 brn|[from] brn
|upkeep
|turn|34
|
|t:|1779856169
|move|p2a: Zamazenta|Body Press|p1a: Zapdos
|-resisted|p1a: Zapdos
|-damage|p1a: Zapdos|53/100
|move|p1a: Zapdos|Brave Bird|p2a: Zamazenta
|-supereffective|p2a: Zamazenta
|-damage|p2a: Zamazenta|0 fnt
|faint|p2a: Zamazenta
|-damage|p1a: Zapdos|45/100|[from] Recoil
|
|upkeep
|
|t:|1779856175
|switch|p2a: Ceruledge|Ceruledge, M|74/100
|-damage|p2a: Ceruledge|62/100|[from] Spikes
|-damage|p2a: Ceruledge|37/100|[from] Stealth Rock
|turn|35
|
|t:|1779856183
|-terastallize|p2a: Ceruledge|Ghost
|move|p2a: Ceruledge|Shadow Sneak|p1a: Zapdos
|-damage|p1a: Zapdos|0 fnt
|faint|p1a: Zapdos
|-damage|p2a: Ceruledge|27/100|[from] item: Life Orb
|
|upkeep
|
|t:|1779856187
|switch|p1a: Gliscor|Gliscor, M|100/100 tox
|turn|36
|
|t:|1779856193
|move|p1a: Gliscor|Knock Off|p2a: Ceruledge
|-supereffective|p2a: Ceruledge
|-damage|p2a: Ceruledge|0 fnt
|-enditem|p2a: Ceruledge|Life Orb|[from] move: Knock Off|[of] p1a: Gliscor
|faint|p2a: Ceruledge
|
|win|xxxduqi
|raw|xxxduqi's rating: 1459 &rarr; <strong>1485</strong><br />(+26 for winning)
|raw|carnivore05's rating: 1564 &rarr; <strong>1538</strong><br />(-26 for losing)
|l|☆carnivore05
|player|p2|
|l|☆xxxduqi
|player|p1|
