|j|☆Melonman13
|j|☆h f ddgbbv
|t:|1779865116
|gametype|singles
|player|p1|Melonman13|bruno|1097
|player|p2|h f ddgbbv|170|1091
|gen|9
|tier|[Gen 9] OU
|rated|
|rule|HP Percentage Mod: HP is shown in percentages
|rule|Endless Battle Clause: Forcing endless battles is banned
|rule|Species Clause: Limit one of each Pokémon
|rule|OHKO Clause: OHKO moves are banned
|rule|Evasion Items Clause: Evasion items are banned
|rule|Evasion Moves Clause: Evasion moves are banned
|rule|Evasion Abilities Clause: Evasion abilities are banned
|rule|Sleep Moves Clause: Sleep-inducing moves are banned
|clearpoke
|poke|p1|Dragapult, F|
|poke|p1|Moltres-Galar|
|poke|p1|Weezing-Galar, M|
|poke|p1|Gastrodon-East, M|
|poke|p1|Iron Hands|
|poke|p1|Heatran, M|
|poke|p2|Hatterene, F|
|poke|p2|Volcanion|
|poke|p2|Zamazenta-*|
|poke|p2|Ceruledge, F|
|poke|p2|Glastrier|
|poke|p2|Ursaluna, M|
|teampreview
|inactive|Battle timer is ON: inactive players will automatically lose when time's up. (requested by Melonman13)
|
|t:|1779865135
|teamsize|p1|6
|teamsize|p2|6
|start
|switch|p1a: Iron Hands|Iron Hands|100/100
|switch|p2a: Zamazenta|Zamazenta|100/100
|-ability|p2a: Zamazenta|Dauntless Shield|boost
|-boost|p2a: Zamazenta|def|1
|-enditem|p1a: Iron Hands|Booster Energy
|-activate|p1a: Iron Hands|ability: Quark Drive|[fromitem]
|-start|p1a: Iron Hands|quarkdriveatk
|turn|1
|
|t:|1779865157
|move|p2a: Zamazenta|Psychic Fangs|p1a: Iron Hands
|-supereffective|p1a: Iron Hands
|-damage|p1a: Iron Hands|66/100
|move|p1a: Iron Hands|Body Press|p2a: Zamazenta
|-damage|p2a: Zamazenta|70/100
|
|upkeep
|turn|2
|
|t:|1779865166
|move|p2a: Zamazenta|Psychic Fangs|p1a: Iron Hands
|-supereffective|p1a: Iron Hands
|-damage|p1a: Iron Hands|32/100
|move|p1a: Iron Hands|Supercell Slam|p2a: Zamazenta
|-damage|p2a: Zamazenta|25/100
|
|upkeep
|turn|3
|
|t:|1779865173
|move|p2a: Zamazenta|Psychic Fangs|p1a: Iron Hands
|-supereffective|p1a: Iron Hands
|-damage|p1a: Iron Hands|0 fnt
|faint|p1a: Iron Hands
|-end|p1a: Iron Hands|Quark Drive|[silent]
|
|upkeep
|
|t:|1779865177
|switch|p1a: Moltres|Moltres-Galar|100/100
|turn|4
|
|t:|1779865195
|switch|p2a: Glastrier|Glastrier|100/100
|move|p1a: Moltres|Hurricane|p2a: Glastrier
|-damage|p2a: Glastrier|63/100
|
|upkeep
|turn|5
|
|t:|1779865207
|-terastallize|p1a: Moltres|Rock
|move|p1a: Moltres|Ancient Power|p2a: Glastrier
|-supereffective|p2a: Glastrier
|-damage|p2a: Glastrier|20/100
|move|p2a: Glastrier|Close Combat|p1a: Moltres
|-supereffective|p1a: Moltres
|-damage|p1a: Moltres|0 fnt
|-unboost|p2a: Glastrier|def|1
|-unboost|p2a: Glastrier|spd|1
|faint|p1a: Moltres
|-ability|p2a: Glastrier|Chilling Neigh|boost
|-boost|p2a: Glastrier|atk|1
|
|upkeep
|
|t:|1779865218
|switch|p1a: Dragapult|Dragapult, F|100/100
|turn|6
|-enditem|p2a: Glastrier|Custap Berry|[eat]
|-activate|p2a: Glastrier|item: Custap Berry|[consumed]
|
|t:|1779865223
|move|p1a: Dragapult|Shadow Ball|p2a: Glastrier
|-damage|p2a: Glastrier|0 fnt
|faint|p2a: Glastrier
|
|upkeep
|
|t:|1779865250
|switch|p2a: Ceruledge|Ceruledge, F|100/100
|turn|7
|
|t:|1779865257
|-terastallize|p2a: Ceruledge|Water
|move|p2a: Ceruledge|Dragon Claw|p1a: Dragapult
|-supereffective|p1a: Dragapult
|-damage|p1a: Dragapult|14/100
|move|p1a: Dragapult|Shadow Ball|p2a: Ceruledge
|-damage|p2a: Ceruledge|28/100
|
|upkeep
|turn|8
|
|t:|1779865281
|switch|p2a: Ursaluna|Ursaluna, M|100/100
|switch|p1a: Weezing|Weezing-Galar, M|100/100
|-fieldstart|move: Misty Terrain|[from] ability: Misty Surge|[of] p1a: Weezing
|
|upkeep
|turn|9
|
|t:|1779865295
|move|p1a: Weezing|Strange Steam|p2a: Ursaluna
|-damage|p2a: Ursaluna|80/100
|move|p2a: Ursaluna|Earthquake|p1a: Weezing
|-supereffective|p1a: Weezing
|-damage|p1a: Weezing|9/100
|
|-heal|p1a: Weezing|15/100|[from] item: Black Sludge
|upkeep
|turn|10
|
|t:|1779865305
|move|p1a: Weezing|Strange Steam|p2a: Ursaluna
|-damage|p2a: Ursaluna|60/100
|move|p2a: Ursaluna|Earthquake|p1a: Weezing
|-supereffective|p1a: Weezing
|-damage|p1a: Weezing|0 fnt
|faint|p1a: Weezing
|
|upkeep
|
|t:|1779865312
|switch|p1a: Heatran|Heatran, M, shiny|100/100
|turn|11
|
|t:|1779865329
|switch|p2a: Volcanion|Volcanion|100/100
|move|p1a: Heatran|Iron Defense|p1a: Heatran
|-boost|p1a: Heatran|def|2
|
|upkeep
|turn|12
|
|t:|1779865343
|move|p1a: Heatran|Earth Power|p2a: Volcanion
|-supereffective|p2a: Volcanion
|-enditem|p2a: Volcanion|Shuca Berry|[eat]
|-enditem|p2a: Volcanion|Shuca Berry|[weaken]
|-damage|p2a: Volcanion|67/100
|move|p2a: Volcanion|Earth Power|p1a: Heatran
|-supereffective|p1a: Heatran
|-crit|p1a: Heatran
|-damage|p1a: Heatran|0 fnt
|faint|p1a: Heatran
|
|-fieldend|Misty Terrain
|upkeep
|
|t:|1779865353
|switch|p1a: Dragapult|Dragapult, F|14/100
|turn|13
|
|t:|1779865358
|move|p1a: Dragapult|Thunder|p2a: Volcanion
|-supereffective|p2a: Volcanion
|-damage|p2a: Volcanion|0 fnt
|faint|p2a: Volcanion
|
|upkeep
|
|t:|1779865366
|switch|p2a: Ursaluna|Ursaluna, M|60/100
|turn|14
|
|t:|1779865371
|switch|p1a: Gastrodon|Gastrodon-East, M, shiny|100/100
|move|p2a: Ursaluna|Earthquake|p1a: Gastrodon
|-damage|p1a: Gastrodon|44/100
|
|-status|p2a: Ursaluna|brn|[from] item: Flame Orb
|upkeep
|turn|15
|
|t:|1779865395
|switch|p2a: Hatterene|Hatterene, F|100/100
|move|p1a: Gastrodon|Surf|p2a: Hatterene
|-damage|p2a: Hatterene|59/100
|
|upkeep
|turn|16
|
|t:|1779865402
|move|p1a: Gastrodon|Sludge Wave|p2a: Hatterene
|-supereffective|p2a: Hatterene
|-damage|p2a: Hatterene|3/100
|move|p2a: Hatterene|Trick Room|p2a: Hatterene
|-fieldstart|move: Trick Room|[of] p2a: Hatterene
|
|upkeep
|turn|17
|
|t:|1779865409
|move|p2a: Hatterene|Draining Kiss|p1a: Gastrodon
|-damage|p1a: Gastrodon|25/100
|-heal|p2a: Hatterene|27/100|[from] drain|[of] p1a: Gastrodon
|move|p1a: Gastrodon|Sludge Wave|p2a: Hatterene
|-supereffective|p2a: Hatterene
|-damage|p2a: Hatterene|0 fnt
|faint|p2a: Hatterene
|
|upkeep
|
|t:|1779865422
|switch|p2a: Ursaluna|Ursaluna, M|60/100 brn
|turn|18
|
|t:|1779865428
|move|p1a: Gastrodon|Surf|p2a: Ursaluna
|-supereffective|p2a: Ursaluna
|-damage|p2a: Ursaluna|2/100 brn
|move|p2a: Ursaluna|Facade|p1a: Gastrodon
|-damage|p1a: Gastrodon|0 fnt
|faint|p1a: Gastrodon
|
|-damage|p2a: Ursaluna|0 fnt|[from] brn
|faint|p2a: Ursaluna
|upkeep
|
|t:|1779865445
|switch|p1a: Dragapult|Dragapult, F|14/100
|switch|p2a: Ceruledge|Ceruledge, F, tera:Water|28/100
|turn|19
|
|t:|1779865457
|move|p1a: Dragapult|Draco Meteor|p2a: Ceruledge
|-damage|p2a: Ceruledge|0 fnt
|-unboost|p1a: Dragapult|spa|2
|faint|p2a: Ceruledge
|
|upkeep
|
|t:|1779865464
|switch|p2a: Zamazenta|Zamazenta|25/100
|turn|20
|
|t:|1779865469
|move|p1a: Dragapult|Draco Meteor|p2a: Zamazenta
|-damage|p2a: Zamazenta|0 fnt
|-unboost|p1a: Dragapult|spa|2
|faint|p2a: Zamazenta
|
|win|Melonman13
|raw|Melonman13's rating: 1097 &rarr; <strong>1122</strong><br />(+25 for winning)
|raw|h f ddgbbv's rating: 1091 &rarr; <strong>1068</strong><br />(-23 for losing)
|l|☆Melonman13
|player|p1|
