|j|☆Stimbaland
|j|☆leoisreallysmart
|t:|1779921436
|gametype|singles
|player|p1|Stimbaland|riley|1112
|player|p2|leoisreallysmart|2|1077
|gen|9
|tier|[Gen 9] OU
|rated|
|rule|HP Percentage Mod: HP is shown in percentages
|rule|Endless Battle Clause: Forcing endless battles is banned
|rule|Species Clause: Limit one of each Pokémon
|rule|OHKO Clause: OHKO moves are banned
|rule|Evasion Items Clause: Evasion items are banned
|rule|Evasion Moves Clause: Evasion moves are banned
|rule|Evasion Abilities Clause: Evasion abilities are banned
|rule|Sleep Moves Clause: Sleep-inducing moves are banned
|clearpoke
|poke|p1|Snorlax, M|
|poke|p1|Suicune|
|poke|p1|Venusaur, M|
|poke|p1|Blaziken, M|
|poke|p1|Eiscue, M|
|poke|p1|Ting-Lu|
|poke|p2|Whimsicott, F|
|poke|p2|Hoopa|
|poke|p2|Sneasel-Hisui, F|
|poke|p2|Mandibuzz, F|
|poke|p2|Oricorio, F|
|poke|p2|Sudowoodo, L1, M|
|teampreview
|inactive|Battle timer is ON: inactive players will automatically lose when time's up. (requested by leoisreallysmart)
|
|t:|1779921440
|teamsize|p1|6
|teamsize|p2|6
|start
|switch|p1a: Mad Ting Innit|Ting-Lu|100/100
|switch|p2a: Sudowoodo|Sudowoodo, L1, M|100/100
|-ability|p1a: Mad Ting Innit|Vessel of Ruin
|turn|1
|
|t:|1779921447
|move|p1a: Mad Ting Innit|Stealth Rock|p2a: Sudowoodo
|-sidestart|p2: leoisreallysmart|move: Stealth Rock
|move|p2a: Sudowoodo|Endeavor|p1a: Mad Ting Innit
|-damage|p1a: Mad Ting Innit|3/100
|
|-heal|p1a: Mad Ting Innit|9/100|[from] item: Leftovers
|upkeep
|turn|2
|
|t:|1779921459
|move|p1a: Mad Ting Innit|Spikes|p2a: Sudowoodo
|-sidestart|p2: leoisreallysmart|Spikes
|move|p2a: Sudowoodo|Taunt|p1a: Mad Ting Innit
|-start|p1a: Mad Ting Innit|move: Taunt
|
|-heal|p1a: Mad Ting Innit|15/100|[from] item: Leftovers
|upkeep
|turn|3
|
|t:|1779921478
|move|p1a: Mad Ting Innit|Ruination|p2a: Sudowoodo
|-damage|p2a: Sudowoodo|50/100
|move|p2a: Sudowoodo|Stealth Rock|p1a: Mad Ting Innit
|-sidestart|p1: Stimbaland|move: Stealth Rock
|
|-heal|p1a: Mad Ting Innit|22/100|[from] item: Leftovers
|upkeep
|turn|4
|
|t:|1779921488
|switch|p1a: Leon Thomas|Eiscue, M|100/100
|-damage|p1a: Leon Thomas|75/100|[from] Stealth Rock
|move|p2a: Sudowoodo|Endeavor|p1a: Leon Thomas
|-activate|p1a: Leon Thomas|ability: Ice Face
|-damage|p1a: Leon Thomas|75/100
|detailschange|p1a: Leon Thomas|Eiscue-Noice, M
|
|upkeep
|turn|5
|
|t:|1779921498
|move|p1a: Leon Thomas|Belly Drum|p1a: Leon Thomas
|-damage|p1a: Leon Thomas|25/100
|-setboost|p1a: Leon Thomas|atk|6|[from] move: Belly Drum
|-enditem|p1a: Leon Thomas|Salac Berry|[eat]
|-boost|p1a: Leon Thomas|spe|1|[from] item: Salac Berry
|move|p2a: Sudowoodo|Endeavor|p1a: Leon Thomas
|-damage|p1a: Leon Thomas|3/100
|-heal|p2a: Sudowoodo|100/100|[from] item: Shell Bell|[of] p1a: Leon Thomas
|
|upkeep
|turn|6
|
|t:|1779921508
|move|p2a: Sudowoodo|Sucker Punch|p1a: Leon Thomas
|-damage|p1a: Leon Thomas|2/100
|move|p1a: Leon Thomas|Liquidation|p2a: Sudowoodo
|-supereffective|p2a: Sudowoodo
|-ability|p2a: Sudowoodo|Sturdy
|-damage|p2a: Sudowoodo|9/100
|
|upkeep
|turn|7
|c|☆Stimbaland|well gg
|c|☆Stimbaland|well played lol
|
|t:|1779921527
|move|p2a: Sudowoodo|Sucker Punch|p1a: Leon Thomas
|-damage|p1a: Leon Thomas|2/100
|-heal|p2a: Sudowoodo|17/100|[from] item: Shell Bell|[of] p1a: Leon Thomas
|move|p1a: Leon Thomas|Liquidation|p2a: Sudowoodo
|-supereffective|p2a: Sudowoodo
|-damage|p2a: Sudowoodo|0 fnt
|faint|p2a: Sudowoodo
|
|upkeep
|c|☆Stimbaland|thought I would have gotten taken out ngl
|
|t:|1779921545
|switch|p2a: Whimsicott|Whimsicott, F|100/100
|turn|8
|
|t:|1779921555
|move|p2a: Whimsicott|Encore|p1a: Leon Thomas
|-start|p1a: Leon Thomas|Encore
|move|p1a: Leon Thomas|Liquidation|p2a: Whimsicott
|-resisted|p2a: Whimsicott
|-damage|p2a: Whimsicott|37/100
|
|upkeep
|turn|9
|
|t:|1779921560
|move|p1a: Leon Thomas|Liquidation|p2a: Whimsicott
|-resisted|p2a: Whimsicott
|-damage|p2a: Whimsicott|0 fnt
|faint|p2a: Whimsicott
|
|upkeep
|
|t:|1779921567
|switch|p2a: Sneasel|Sneasel-Hisui, F|100/100
|-damage|p2a: Sneasel|95/100|[from] Stealth Rock
|-damage|p2a: Sneasel|82/100|[from] Spikes
|turn|10
|
|t:|1779921572
|move|p1a: Leon Thomas|Liquidation|p2a: Sneasel
|-damage|p2a: Sneasel|0 fnt
|faint|p2a: Sneasel
|
|-end|p1a: Leon Thomas|Encore
|upkeep
|-message|leoisreallysmart forfeited.
|
|win|Stimbaland
|raw|Stimbaland's rating: 1112 &rarr; <strong>1134</strong><br />(+22 for winning)
|raw|leoisreallysmart's rating: 1077 &rarr; <strong>1058</strong><br />(-19 for losing)
|l|☆leoisreallysmart
|player|p2|
|c|☆Stimbaland|gg
|l|☆Stimbaland
|player|p1|
