|j|☆dddzdddq
|j|☆bald wooper
|t:|1779961763
|gametype|singles
|player|p1|dddzdddq|265|1459
|player|p2|bald wooper|101|1490
|gen|9
|tier|[Gen 9] OU
|rated|
|rule|HP Percentage Mod: HP is shown in percentages
|rule|Endless Battle Clause: Forcing endless battles is banned
|rule|Species Clause: Limit one of each Pokémon
|rule|OHKO Clause: OHKO moves are banned
|rule|Evasion Items Clause: Evasion items are banned
|rule|Evasion Moves Clause: Evasion moves are banned
|rule|Evasion Abilities Clause: Evasion abilities are banned
|rule|Sleep Moves Clause: Sleep-inducing moves are banned
|clearpoke
|poke|p1|Hatterene, F|
|poke|p1|Farigiraf, M|
|poke|p1|Mimikyu, M|
|poke|p1|Slither Wing|
|poke|p1|Ursaluna, F|
|poke|p1|Torkoal, F|
|poke|p2|Regieleki|
|poke|p2|Dragapult, F|
|poke|p2|Alomomola, F|
|poke|p2|Iron Crown|
|poke|p2|Ogerpon-Wellspring, F|
|poke|p2|Meowscarada, M|
|teampreview
|
|t:|1779961770
|teamsize|p1|6
|teamsize|p2|6
|start
|switch|p1a: Hatterene|Hatterene, F|100/100
|switch|p2a: Iron Crown|Iron Crown|100/100
|turn|1
|
|t:|1779961796
|-terastallize|p1a: Hatterene|Steel
|move|p2a: Iron Crown|Tachyon Cutter|p1a: Hatterene
|-resisted|p1a: Hatterene
|-damage|p1a: Hatterene|81/100
|-resisted|p1a: Hatterene
|-damage|p1a: Hatterene|60/100
|-hitcount|p1a: Hatterene|2
|move|p1a: Hatterene|Trick Room|p1a: Hatterene
|-fieldstart|move: Trick Room|[of] p1a: Hatterene
|
|upkeep
|turn|2
|
|t:|1779961801
|-end|p2a: Iron Crown|Quark Drive|[silent]
|switch|p2a: Alomomola|Alomomola, F|100/100
|move|p1a: Hatterene|Healing Wish|p1a: Hatterene
|faint|p1a: Hatterene
|
|upkeep
|
|t:|1779961804
|switch|p1a: Farigiraf|Farigiraf, M|100/100
|turn|3
|inactive|Battle timer is ON: inactive players will automatically lose when time's up. (requested by dddzdddq)
|
|t:|1779961828
|move|p1a: Farigiraf|Nasty Plot|p1a: Farigiraf
|-boost|p1a: Farigiraf|spa|2
|move|p2a: Alomomola|Body Slam|p1a: Farigiraf
|-damage|p1a: Farigiraf|84/100
|
|upkeep
|turn|4
|
|t:|1779961831
|move|p1a: Farigiraf|Hyper Voice|p2a: Alomomola
|-damage|p2a: Alomomola|59/100
|-enditem|p1a: Farigiraf|Throat Spray
|-boost|p1a: Farigiraf|spa|1|[from] item: Throat Spray
|move|p2a: Alomomola|Flip Turn|p1a: Farigiraf
|-damage|p1a: Farigiraf|66/100
|
|t:|1779961836
|switch|p2a: Iron Crown|Iron Crown|100/100|[from] Flip Turn
|
|upkeep
|turn|5
|
|t:|1779961840
|move|p1a: Farigiraf|Shadow Ball|p2a: Iron Crown
|-supereffective|p2a: Iron Crown
|-damage|p2a: Iron Crown|0 fnt
|faint|p2a: Iron Crown
|-end|p2a: Iron Crown|Quark Drive|[silent]
|
|-fieldend|move: Trick Room
|upkeep
|
|t:|1779961847
|switch|p2a: Meowscarada|Meowscarada, M|100/100
|turn|6
|
|t:|1779961850
|move|p2a: Meowscarada|U-turn|p1a: Farigiraf
|-start|p2a: Meowscarada|typechange|Bug|[from] ability: Protean
|-supereffective|p1a: Farigiraf
|-damage|p1a: Farigiraf|2/100
|
|t:|1779961854
|switch|p2a: Alomomola|Alomomola, F|93/100|[from] U-turn
|move|p1a: Farigiraf|Trick Room|p1a: Farigiraf
|-fieldstart|move: Trick Room|[of] p1a: Farigiraf
|
|upkeep
|turn|7
|
|t:|1779961858
|move|p1a: Farigiraf|Hyper Voice|p2a: Alomomola
|-damage|p2a: Alomomola|39/100
|move|p2a: Alomomola|Flip Turn|p1a: Farigiraf
|-damage|p1a: Farigiraf|0 fnt
|faint|p1a: Farigiraf
|inactive|bald wooper has 120 seconds left.
|
|t:|1779961891
|switch|p2a: Regieleki|Regieleki|100/100|[from] Flip Turn
|
|upkeep
|
|t:|1779961906
|switch|p1a: Ursaluna|Ursaluna, F|100/100
|turn|8
|
|t:|1779961912
|move|p2a: Regieleki|Extreme Speed|p1a: Ursaluna
|-damage|p1a: Ursaluna|88/100
|move|p1a: Ursaluna|Swords Dance|p1a: Ursaluna
|-boost|p1a: Ursaluna|atk|2
|
|-status|p1a: Ursaluna|brn|[from] item: Flame Orb
|upkeep
|turn|9
|
|t:|1779961931
|move|p2a: Regieleki|Extreme Speed|p1a: Ursaluna
|-damage|p1a: Ursaluna|75/100 brn
|move|p1a: Ursaluna|Earthquake|p2a: Regieleki
|-supereffective|p2a: Regieleki
|-damage|p2a: Regieleki|0 fnt
|faint|p2a: Regieleki
|
|-damage|p1a: Ursaluna|69/100 brn|[from] brn
|upkeep
|
|t:|1779961939
|switch|p2a: Meowscarada|Meowscarada, M|100/100
|turn|10
|
|t:|1779961942
|move|p1a: Ursaluna|Facade|p2a: Meowscarada
|-damage|p2a: Meowscarada|0 fnt
|faint|p2a: Meowscarada
|
|-damage|p1a: Ursaluna|63/100 brn|[from] brn
|-fieldend|move: Trick Room
|upkeep
|inactive|bald wooper has 120 seconds left.
|inactive|bald wooper has 90 seconds left.
|inactive|bald wooper has 60 seconds left.
|inactive|bald wooper has 30 seconds left.
|l|☆dddzdddq
|inactive|dddzdddq disconnected and has a minute to reconnect!
|player|p1|
|inactive|bald wooper has 20 seconds left.
|inactive|bald wooper has 15 seconds left.
|inactive|bald wooper has 10 seconds left.
|inactive|bald wooper has 5 seconds left.
|-message|bald wooper lost due to inactivity.
|
|win|dddzdddq
|raw|dddzdddq's rating: 1459 &rarr; <strong>1481</strong><br />(+22 for winning)
|raw|bald wooper's rating: 1490 &rarr; <strong>1468</strong><br />(-22 for losing)
|j|☆dddzdddq
|player|p1|dddzdddq|red|
|l|☆dddzdddq
|player|p1|
|l|☆bald wooper
|player|p2|
