|j|☆silver jay#2240
|j|☆Snuffty
|inactive|Battle timer is ON: inactive players will automatically lose when time's up.
|t:|1779802034
|gametype|singles
|player|p1|silver jay#2240|grusha|
|player|p2|Snuffty|blackbelt|
|gen|9
|tier|[Gen 9] OU
|rated|Tournament battle
|rule|HP Percentage Mod: HP is shown in percentages
|rule|Endless Battle Clause: Forcing endless battles is banned
|rule|Species Clause: Limit one of each Pokémon
|rule|OHKO Clause: OHKO moves are banned
|rule|Evasion Items Clause: Evasion items are banned
|rule|Evasion Moves Clause: Evasion moves are banned
|rule|Evasion Abilities Clause: Evasion abilities are banned
|rule|Sleep Moves Clause: Sleep-inducing moves are banned
|raw|<div class="infobox"><details class="readmore" open><summary><strong>1 custom rule:</strong></summary> -wobbuffet</details></div>
|clearpoke
|poke|p1|Snubbull, F|
|poke|p1|Conkeldurr, F|
|poke|p1|Vullaby, F|
|poke|p1|Sinistea|
|poke|p1|Drizzile, M|
|poke|p2|Thwackey, F|
|poke|p2|Gliscor, F|
|poke|p2|Piloswine, F|
|poke|p2|Rhyhorn, F|
|poke|p2|Krokorok, M|
|teampreview
|inactive|Snuffty also wants the timer to be on.
|j|*Lady Monita 
|j| Chulbule
|j| Pokelover33199
|c|☆silver jay#2240|hf
|j|^Baddieprathikmon
|c|☆silver jay#2240|dang gliscor
|
|t:|1779802058
|teamsize|p1|5
|teamsize|p2|5
|start
|switch|p1a: Drizzile|Drizzile, M|100/100
|switch|p2a: Rhyhorn|Rhyhorn, F, shiny|100/100
|turn|1
|
|t:|1779802065
|switch|p2a: Thwackey|Thwackey, F, shiny|100/100
|-fieldstart|move: Grassy Terrain|[from] ability: Grassy Surge|[of] p2a: Thwackey
|move|p1a: Drizzile|Surf|p2a: Thwackey
|-resisted|p2a: Thwackey
|-damage|p2a: Thwackey|81/100
|
|-heal|p2a: Thwackey|87/100|[from] Grassy Terrain
|upkeep
|turn|2
|c| Pokelover33199|That thing killed my team
|j| honest opinion
|l| honest opinion
|l| Pokelover33199
|
|t:|1779802091
|switch|p1a: Vullaby|Vullaby, F|100/100
|move|p2a: Thwackey|Grassy Glide|p1a: Vullaby
|-resisted|p1a: Vullaby
|-damage|p1a: Vullaby|93/100
|
|-heal|p2a: Thwackey|93/100|[from] Grassy Terrain
|upkeep
|turn|3
|
|t:|1779802096
|move|p2a: Thwackey|Knock Off|p1a: Vullaby
|-resisted|p1a: Vullaby
|-damage|p1a: Vullaby|85/100
|-enditem|p1a: Vullaby|Eviolite|[from] move: Knock Off|[of] p2a: Thwackey
|move|p1a: Vullaby|U-turn|p2a: Thwackey
|-supereffective|p2a: Thwackey
|-damage|p2a: Thwackey|70/100
|
|t:|1779802106
|switch|p1a: Conkeldurr|Conkeldurr, F|100/100|[from] U-turn
|
|-heal|p2a: Thwackey|76/100|[from] Grassy Terrain
|-status|p1a: Conkeldurr|brn|[from] item: Flame Orb
|upkeep
|turn|4
|
|t:|1779802113
|move|p2a: Thwackey|Wood Hammer|p1a: Conkeldurr
|-damage|p1a: Conkeldurr|49/100 brn
|-damage|p2a: Thwackey|51/100|[from] Recoil
|move|p1a: Conkeldurr|Facade|p2a: Thwackey
|-damage|p2a: Thwackey|0 fnt
|faint|p2a: Thwackey
|
|-heal|p1a: Conkeldurr|55/100 brn|[from] Grassy Terrain
|-damage|p1a: Conkeldurr|49/100 brn|[from] brn
|upkeep
|c|☆silver jay#2240|dang
|
|t:|1779802131
|switch|p2a: Gliscor|Gliscor, F|100/100
|turn|5
|c|☆silver jay#2240|wth..
|c|☆silver jay#2240|is this sd ?
|j| 5penny
|
|t:|1779802152
|switch|p1a: Drizzile|Drizzile, M|100/100
|move|p2a: Gliscor|Protect||[still]
|-fail|p2a: Gliscor
|
|-fieldend|move: Grassy Terrain
|-status|p2a: Gliscor|tox|[from] item: Toxic Orb
|upkeep
|turn|6
|j| Pokelover33199
|
|t:|1779802161
|move|p2a: Gliscor|Protect|p2a: Gliscor
|-singleturn|p2a: Gliscor|Protect
|move|p1a: Drizzile|Reflect|p1a: Drizzile
|-sidestart|p1: silver jay#2240|Reflect
|
|upkeep
|turn|7
|l|^Baddieprathikmon
|j|^Baddieprathikmon
|
|t:|1779802169
|move|p1a: Drizzile|Surf|p2a: Gliscor
|-supereffective|p2a: Gliscor
|-damage|p2a: Gliscor|29/100 tox
|move|p2a: Gliscor|Toxic|p1a: Drizzile
|-status|p1a: Drizzile|tox
|
|-damage|p1a: Drizzile|95/100 tox|[from] psn
|-heal|p2a: Gliscor|41/100 tox|[from] ability: Poison Heal
|upkeep
|turn|8
|c|☆silver jay#2240|what evil tera
|c|☆silver jay#2240|nvm subtect
|
|t:|1779802193
|move|p2a: Gliscor|Protect|p2a: Gliscor
|-singleturn|p2a: Gliscor|Protect
|move|p1a: Drizzile|Surf|p2a: Gliscor
|-activate|p2a: Gliscor|move: Protect
|
|-damage|p1a: Drizzile|83/100 tox|[from] psn
|-heal|p2a: Gliscor|54/100 tox|[from] ability: Poison Heal
|upkeep
|turn|9
|c|^Baddieprathikmon|His team's so weak to water
|
|t:|1779802214
|-terastallize|p2a: Gliscor|Water
|move|p1a: Drizzile|Surf|p2a: Gliscor
|-resisted|p2a: Gliscor
|-damage|p2a: Gliscor|36/100 tox
|move|p2a: Gliscor|Substitute|p2a: Gliscor
|-start|p2a: Gliscor|Substitute
|-damage|p2a: Gliscor|11/100 tox
|
|-damage|p1a: Drizzile|65/100 tox|[from] psn
|-heal|p2a: Gliscor|24/100 tox|[from] ability: Poison Heal
|upkeep
|turn|10
|c|^Baddieprathikmon|..
|c|^Baddieprathikmon|Gliscor is so annoying
|
|t:|1779802233
|switch|p1a: Conkeldurr|Conkeldurr, F|49/100 brn
|move|p2a: Gliscor|Protect||[still]
|-fail|p2a: Gliscor
|
|-heal|p2a: Gliscor|36/100 tox|[from] ability: Poison Heal
|-damage|p1a: Conkeldurr|43/100 brn|[from] brn
|upkeep
|turn|11
|c|☆silver jay#2240|yes it is
|
|t:|1779802241
|move|p2a: Gliscor|Protect|p2a: Gliscor
|-singleturn|p2a: Gliscor|Protect
|move|p1a: Conkeldurr|Knock Off|p2a: Gliscor
|-activate|p2a: Gliscor|move: Protect
|
|-heal|p2a: Gliscor|49/100 tox|[from] ability: Poison Heal
|-damage|p1a: Conkeldurr|37/100 brn|[from] brn
|upkeep
|turn|12
|l| Pokelover33199
|
|t:|1779802252
|move|p2a: Gliscor|Earthquake|p1a: Conkeldurr
|-damage|p1a: Conkeldurr|24/100 brn
|move|p1a: Conkeldurr|Knock Off|p2a: Gliscor
|-end|p2a: Gliscor|Substitute
|
|-heal|p2a: Gliscor|61/100 tox|[from] ability: Poison Heal
|-damage|p1a: Conkeldurr|18/100 brn|[from] brn
|upkeep
|turn|13
|
|t:|1779802264
|move|p2a: Gliscor|Protect|p2a: Gliscor
|-singleturn|p2a: Gliscor|Protect
|move|p1a: Conkeldurr|Facade|p2a: Gliscor
|-activate|p2a: Gliscor|move: Protect
|
|-heal|p2a: Gliscor|73/100 tox|[from] ability: Poison Heal
|-damage|p1a: Conkeldurr|12/100 brn|[from] brn
|-sideend|p1: silver jay#2240|Reflect
|upkeep
|turn|14
|c|☆silver jay#2240|gg ig
|
|t:|1779802277
|move|p1a: Conkeldurr|Mach Punch|p2a: Gliscor
|-damage|p2a: Gliscor|50/100 tox
|move|p2a: Gliscor|Earthquake|p1a: Conkeldurr
|-damage|p1a: Conkeldurr|0 fnt
|faint|p1a: Conkeldurr
|
|-heal|p2a: Gliscor|63/100 tox|[from] ability: Poison Heal
|upkeep
|
|t:|1779802287
|switch|p1a: Sinistea|Sinistea|100/100
|turn|15
|
|t:|1779802296
|move|p2a: Gliscor|Toxic|p1a: Sinistea
|-status|p1a: Sinistea|tox
|move|p1a: Sinistea|Shell Smash|p1a: Sinistea
|-unboost|p1a: Sinistea|def|1
|-unboost|p1a: Sinistea|spd|1
|-boost|p1a: Sinistea|atk|2
|-boost|p1a: Sinistea|spa|2
|-boost|p1a: Sinistea|spe|2
|
|-damage|p1a: Sinistea|95/100 tox|[from] psn
|-heal|p2a: Gliscor|75/100 tox|[from] ability: Poison Heal
|upkeep
|turn|16
|c|☆silver jay#2240|gotta run tera steel
|j| Iexisttosuffer
|
|t:|1779802303
|move|p2a: Gliscor|Protect|p2a: Gliscor
|-singleturn|p2a: Gliscor|Protect
|move|p1a: Sinistea|Shell Smash|p1a: Sinistea
|-unboost|p1a: Sinistea|def|1
|-unboost|p1a: Sinistea|spd|1
|-boost|p1a: Sinistea|atk|2
|-boost|p1a: Sinistea|spa|2
|-boost|p1a: Sinistea|spe|2
|
|-damage|p1a: Sinistea|83/100 tox|[from] psn
|-heal|p2a: Gliscor|88/100 tox|[from] ability: Poison Heal
|upkeep
|turn|17
|c|☆silver jay#2240|ohh
|c|☆silver jay#2240|gigaaa
|
|t:|1779802317
|switch|p2a: Rhyhorn|Rhyhorn, F, shiny|100/100
|move|p1a: Sinistea|Stored Power|p2a: Rhyhorn
|-damage|p2a: Rhyhorn|0 fnt
|faint|p2a: Rhyhorn
|
|-damage|p1a: Sinistea|65/100 tox|[from] psn
|upkeep
|
|t:|1779802321
|switch|p2a: Krokorok|Krokorok, M, shiny|100/100
|-ability|p2a: Krokorok|Intimidate|boost
|-unboost|p1a: Sinistea|atk|1
|turn|18
|
|t:|1779802334
|switch|p1a: Snubbull|Snubbull, F, shiny|100/100
|-ability|p1a: Snubbull|Intimidate|boost
|-unboost|p2a: Krokorok|atk|1
|move|p2a: Krokorok|Crunch|p1a: Snubbull
|-resisted|p1a: Snubbull
|-damage|p1a: Snubbull|80/100
|
|upkeep
|turn|19
|
|t:|1779802343
|switch|p2a: Gliscor|Gliscor, F, tera:Water|88/100 tox
|move|p1a: Snubbull|Play Rough|p2a: Gliscor
|-damage|p2a: Gliscor|73/100 tox
|
|-heal|p2a: Gliscor|86/100 tox|[from] ability: Poison Heal
|upkeep
|turn|20
|
|t:|1779802354
|move|p2a: Gliscor|Substitute|p2a: Gliscor
|-start|p2a: Gliscor|Substitute
|-damage|p2a: Gliscor|61/100 tox
|move|p1a: Snubbull|Roar|p2a: Gliscor
|drag|p2a: Krokorok|Krokorok, M, shiny|100/100
|-ability|p2a: Krokorok|Intimidate|boost
|-unboost|p1a: Snubbull|atk|1
|
|upkeep
|turn|21
|
|t:|1779802360
|switch|p2a: Piloswine|Piloswine, F, shiny|100/100
|move|p1a: Snubbull|Play Rough|p2a: Piloswine
|-damage|p2a: Piloswine|89/100
|
|upkeep
|turn|22
|
|t:|1779802369
|switch|p1a: Vullaby|Vullaby, F|85/100
|move|p2a: Piloswine|Icicle Crash|p1a: Vullaby
|-supereffective|p1a: Vullaby
|-damage|p1a: Vullaby|13/100
|
|upkeep
|turn|23
|
|t:|1779802375
|move|p2a: Piloswine|Ice Shard|p1a: Vullaby
|-supereffective|p1a: Vullaby
|-damage|p1a: Vullaby|0 fnt
|faint|p1a: Vullaby
|
|upkeep
|
|t:|1779802379
|switch|p1a: Drizzile|Drizzile, M|65/100 tox
|turn|24
|
|t:|1779802386
|move|p1a: Drizzile|Surf|p2a: Piloswine
|-supereffective|p2a: Piloswine
|-damage|p2a: Piloswine|39/100
|move|p2a: Piloswine|Earthquake|p1a: Drizzile
|-damage|p1a: Drizzile|0 fnt
|faint|p1a: Drizzile
|
|upkeep
|
|t:|1779802390
|switch|p1a: Snubbull|Snubbull, F, shiny|80/100
|-ability|p1a: Snubbull|Intimidate|boost
|-unboost|p2a: Piloswine|atk|1
|turn|25
|j| Pokelover33199
|
|t:|1779802398
|switch|p2a: Gliscor|Gliscor, F, tera:Water|61/100 tox
|move|p1a: Snubbull|Play Rough|p2a: Gliscor
|-damage|p2a: Gliscor|45/100 tox
|
|-heal|p2a: Gliscor|57/100 tox|[from] ability: Poison Heal
|upkeep
|turn|26
|
|t:|1779802408
|move|p2a: Gliscor|Earthquake|p1a: Snubbull
|-damage|p1a: Snubbull|25/100
|move|p1a: Snubbull|Roar|p2a: Gliscor
|drag|p2a: Krokorok|Krokorok, M, shiny|100/100
|-ability|p2a: Krokorok|Intimidate|boost
|-unboost|p1a: Snubbull|atk|1
|
|upkeep
|turn|27
|
|t:|1779802415
|switch|p2a: Gliscor|Gliscor, F, tera:Water|57/100 tox
|move|p1a: Snubbull|Play Rough|p2a: Gliscor|[miss]
|-miss|p1a: Snubbull|p2a: Gliscor
|
|-heal|p2a: Gliscor|69/100 tox|[from] ability: Poison Heal
|upkeep
|turn|28
|c|☆silver jay#2240|i totally shoukdbe preserved conks hp smh
|c|☆silver jay#2240|the message saying glsicor killed the whole team threw me off
|c|☆silver jay#2240|made me think its sd scale
|
|t:|1779802441
|move|p2a: Gliscor|Earthquake|p1a: Snubbull
|-damage|p1a: Snubbull|0 fnt
|faint|p1a: Snubbull
|
|-heal|p2a: Gliscor|82/100 tox|[from] ability: Poison Heal
|upkeep
|
|t:|1779802444
|switch|p1a: Sinistea|Sinistea|65/100 tox
|turn|29
|c|☆silver jay#2240|gg
|-message|silver jay#2240 forfeited.
|
|win|Snuffty
|n|☆silver jay#2240|silverjay2240
|n|☆Snuffty|snuffty
|n|*Lady Monita |ladymonita
|n| Chulbule|chulbule
|n| 5penny|5penny
|n| Baddieprathikmon|baddieprathikmon
|n| Iexisttosuffer|iexisttosuffer
|n| Pokelover33199|pokelover33199
