|j|‽Abigcamel
|j|☆aizennenr
|t:|1779875180
|gametype|singles
|player|p1|Abigcamel|morty|1475
|player|p2|aizennenr|101|1545
|gen|9
|tier|[Gen 9] OU
|rated|
|rule|HP Percentage Mod: HP is shown in percentages
|rule|Endless Battle Clause: Forcing endless battles is banned
|rule|Species Clause: Limit one of each Pokémon
|rule|OHKO Clause: OHKO moves are banned
|rule|Evasion Items Clause: Evasion items are banned
|rule|Evasion Moves Clause: Evasion moves are banned
|rule|Evasion Abilities Clause: Evasion abilities are banned
|rule|Sleep Moves Clause: Sleep-inducing moves are banned
|clearpoke
|poke|p1|Braviary-Hisui, M|
|poke|p1|Zamazenta-*|
|poke|p1|Raging Bolt|
|poke|p1|Hatterene, F|
|poke|p1|Gholdengo|
|poke|p1|Darkrai|
|poke|p2|Ceruledge, F|
|poke|p2|Raging Bolt|
|poke|p2|Weavile, M|
|poke|p2|Ogerpon-Wellspring, F|
|poke|p2|Glimmora, F|
|poke|p2|Great Tusk|
|teampreview
|inactive|Battle timer is ON: inactive players will automatically lose when time's up. (requested by Abigcamel)
|
|t:|1779875203
|teamsize|p1|6
|teamsize|p2|6
|start
|switch|p1a: Zamazenta|Zamazenta|100/100
|switch|p2a: Glimmora|Glimmora, F|100/100
|-ability|p1a: Zamazenta|Dauntless Shield|boost
|-boost|p1a: Zamazenta|def|1
|turn|1
|
|t:|1779875212
|switch|p1a: Hatterene|Hatterene, F|100/100
|move|p2a: Glimmora|Dazzling Gleam|p1a: Hatterene
|-damage|p1a: Hatterene|73/100
|
|-heal|p1a: Hatterene|79/100|[from] item: Leftovers
|upkeep
|turn|2
|
|t:|1779875216
|move|p2a: Glimmora|Meteor Beam||[still]
|-prepare|p2a: Glimmora|Meteor Beam
|-boost|p2a: Glimmora|spa|1
|-enditem|p2a: Glimmora|Power Herb
|-anim|p2a: Glimmora|Meteor Beam|p1a: Hatterene
|-damage|p1a: Hatterene|0 fnt
|faint|p1a: Hatterene
|
|upkeep
|
|t:|1779875226
|switch|p1a: Raging Bolt|Raging Bolt|100/100
|-enditem|p1a: Raging Bolt|Booster Energy
|-activate|p1a: Raging Bolt|ability: Protosynthesis|[fromitem]
|-start|p1a: Raging Bolt|protosynthesisspa
|turn|3
|
|t:|1779875230
|move|p2a: Glimmora|Earth Power|p1a: Raging Bolt
|-supereffective|p1a: Raging Bolt
|-crit|p1a: Raging Bolt
|-damage|p1a: Raging Bolt|0 fnt
|faint|p1a: Raging Bolt
|-end|p1a: Raging Bolt|Protosynthesis|[silent]
|
|upkeep
|
|t:|1779875235
|switch|p1a: Zamazenta|Zamazenta|100/100
|turn|4
|
|t:|1779875243
|move|p1a: Zamazenta|Close Combat|p2a: Glimmora
|-damage|p2a: Glimmora|46/100
|-unboost|p1a: Zamazenta|def|1
|-unboost|p1a: Zamazenta|spd|1
|-activate|p2a: Glimmora|ability: Toxic Debris
|-sidestart|p1: Abigcamel|move: Toxic Spikes
|move|p2a: Glimmora|Dazzling Gleam|p1a: Zamazenta
|-supereffective|p1a: Zamazenta
|-damage|p1a: Zamazenta|3/100
|
|upkeep
|turn|5
|
|t:|1779875253
|move|p1a: Zamazenta|Reflect|p1a: Zamazenta
|-sidestart|p1: Abigcamel|Reflect
|move|p2a: Glimmora|Mortal Spin|p1a: Zamazenta
|-damage|p1a: Zamazenta|0 fnt
|faint|p1a: Zamazenta
|
|upkeep
|
|t:|1779875257
|switch|p1a: Darkrai|Darkrai|100/100
|-status|p1a: Darkrai|psn
|turn|6
|
|t:|1779875262
|move|p1a: Darkrai|Dark Pulse|p2a: Glimmora
|-damage|p2a: Glimmora|0 fnt
|faint|p2a: Glimmora
|
|-damage|p1a: Darkrai|88/100 psn|[from] psn
|upkeep
|
|t:|1779875269
|switch|p2a: Raging Bolt|Raging Bolt|100/100
|-enditem|p2a: Raging Bolt|Booster Energy
|-activate|p2a: Raging Bolt|ability: Protosynthesis|[fromitem]
|-start|p2a: Raging Bolt|protosynthesisspa
|turn|7
|
|t:|1779875293
|move|p1a: Darkrai|Nasty Plot|p1a: Darkrai
|-boost|p1a: Darkrai|spa|2
|move|p2a: Raging Bolt|Thunderbolt|p1a: Darkrai
|-damage|p1a: Darkrai|0 fnt
|faint|p1a: Darkrai
|
|upkeep
|
|t:|1779875298
|switch|p1a: Gholdengo|Gholdengo|100/100
|turn|8
|
|t:|1779875302
|move|p1a: Gholdengo|Nasty Plot|p1a: Gholdengo
|-boost|p1a: Gholdengo|spa|2
|move|p2a: Raging Bolt|Thunderbolt|p1a: Gholdengo
|-damage|p1a: Gholdengo|12/100
|
|upkeep
|turn|9
|
|t:|1779875305
|move|p1a: Gholdengo|Recover|p1a: Gholdengo
|-heal|p1a: Gholdengo|62/100
|move|p2a: Raging Bolt|Thunderbolt|p1a: Gholdengo
|-crit|p1a: Gholdengo
|-damage|p1a: Gholdengo|0 fnt
|faint|p1a: Gholdengo
|
|upkeep
|
|t:|1779875307
|switch|p1a: Braviary|Braviary-Hisui, M, shiny|100/100
|turn|10
|-message|Abigcamel forfeited.
|
|win|aizennenr
|raw|Abigcamel's rating: 1475 &rarr; <strong>1459</strong><br />(-16 for losing)
|raw|aizennenr's rating: 1545 &rarr; <strong>1561</strong><br />(+16 for winning)
|l|‽Abigcamel
|player|p1|
|l|☆aizennenr
|player|p2|
