|j|☆maxcondones
|j|☆Thederpa1
|t:|1779945032
|gametype|singles
|player|p1|maxcondones|102|1537
|player|p2|Thederpa1|swimmer-gen4dp|1535
|gen|9
|tier|[Gen 9] OU
|rated|
|rule|HP Percentage Mod: HP is shown in percentages
|rule|Endless Battle Clause: Forcing endless battles is banned
|rule|Species Clause: Limit one of each Pokémon
|rule|OHKO Clause: OHKO moves are banned
|rule|Evasion Items Clause: Evasion items are banned
|rule|Evasion Moves Clause: Evasion moves are banned
|rule|Evasion Abilities Clause: Evasion abilities are banned
|rule|Sleep Moves Clause: Sleep-inducing moves are banned
|clearpoke
|poke|p1|Excadrill, F|
|poke|p1|Landorus-Therian, M|
|poke|p1|Deoxys-Speed|
|poke|p1|Tyranitar, F|
|poke|p1|Tornadus-Therian, M|
|poke|p1|Hippowdon, F|
|poke|p2|Tornadus-Therian, M|
|poke|p2|Tyranitar, F|
|poke|p2|Excadrill, M|
|poke|p2|Hydrapple, F|
|poke|p2|Heatran, M|
|poke|p2|Primarina, M|
|teampreview
|
|t:|1779945041
|teamsize|p1|6
|teamsize|p2|6
|start
|switch|p1a: Tornadus|Tornadus-Therian, M|100/100
|switch|p2a: Tornadus|Tornadus-Therian, M|100/100
|turn|1
|inactive|Battle timer is ON: inactive players will automatically lose when time's up. (requested by Thederpa1)
|
|t:|1779945046
|move|p1a: Tornadus|Nasty Plot|p1a: Tornadus
|-boost|p1a: Tornadus|spa|2
|move|p2a: Tornadus|Bleakwind Storm|p1a: Tornadus
|-damage|p1a: Tornadus|44/100
|
|upkeep
|turn|2
|
|t:|1779945051
|switch|p2a: Tyranitar|Tyranitar, F|100/100
|-weather|Sandstorm|[from] ability: Sand Stream|[of] p2a: Tyranitar
|move|p1a: Tornadus|Bleakwind Storm|p2a: Tyranitar
|-resisted|p2a: Tyranitar
|-damage|p2a: Tyranitar|67/100
|-damage|p1a: Tornadus|35/100|[from] item: Life Orb
|
|-weather|Sandstorm|[upkeep]
|-damage|p1a: Tornadus|29/100|[from] Sandstorm
|-heal|p2a: Tyranitar|73/100|[from] item: Leftovers
|upkeep
|turn|3
|
|t:|1779945068
|-terastallize|p2a: Tyranitar|Ghost
|move|p1a: Tornadus|Focus Blast|p2a: Tyranitar
|-immune|p2a: Tyranitar
|move|p2a: Tyranitar|Knock Off|p1a: Tornadus
|-damage|p1a: Tornadus|0 fnt
|-enditem|p1a: Tornadus|Life Orb|[from] move: Knock Off|[of] p2a: Tyranitar
|faint|p1a: Tornadus
|
|-weather|Sandstorm|[upkeep]
|-damage|p2a: Tyranitar|67/100|[from] Sandstorm
|-heal|p2a: Tyranitar|73/100|[from] item: Leftovers
|upkeep
|
|t:|1779945079
|switch|p1a: Tyranitar|Tyranitar, F|100/100
|turn|4
|
|t:|1779945087
|switch|p2a: Hydrapple|Hydrapple, F|100/100
|move|p1a: Tyranitar|Knock Off|p2a: Hydrapple
|-damage|p2a: Hydrapple|72/100
|-damage|p1a: Tyranitar|84/100|[from] item: Rocky Helmet|[of] p2a: Hydrapple
|-enditem|p2a: Hydrapple|Rocky Helmet|[from] move: Knock Off|[of] p1a: Tyranitar
|
|-weather|Sandstorm|[upkeep]
|-damage|p2a: Hydrapple|66/100|[from] Sandstorm
|upkeep
|turn|5
|
|t:|1779945094
|move|p1a: Tyranitar|Stealth Rock|p2a: Hydrapple
|-sidestart|p2: Thederpa1|move: Stealth Rock
|move|p2a: Hydrapple|Giga Drain|p1a: Tyranitar
|-supereffective|p1a: Tyranitar
|-damage|p1a: Tyranitar|55/100
|-heal|p2a: Hydrapple|78/100|[from] drain|[of] p1a: Tyranitar
|-enditem|p1a: Tyranitar|Eject Button
|
|t:|1779945098
|switch|p1a: Deoxys|Deoxys-Speed|100/100
|-ability|p1a: Deoxys|Pressure
|
|-weather|Sandstorm|[upkeep]
|-damage|p1a: Deoxys|94/100|[from] Sandstorm
|-damage|p2a: Hydrapple|72/100|[from] Sandstorm
|upkeep
|turn|6
|
|t:|1779945106
|switch|p2a: Heatran|Heatran, M|100/100
|-damage|p2a: Heatran|88/100|[from] Stealth Rock
|move|p1a: Deoxys|Ice Beam|p2a: Heatran
|-resisted|p2a: Heatran
|-damage|p2a: Heatran|84/100
|
|-weather|none
|-heal|p2a: Heatran|90/100|[from] item: Leftovers
|upkeep
|turn|7
|
|t:|1779945115
|move|p1a: Deoxys|Superpower|p2a: Heatran
|-supereffective|p2a: Heatran
|-damage|p2a: Heatran|45/100
|-unboost|p1a: Deoxys|atk|1
|-unboost|p1a: Deoxys|def|1
|-enditem|p1a: Deoxys|Eject Pack
|
|t:|1779945119
|switch|p1a: Tyranitar|Tyranitar, F|55/100
|-weather|Sandstorm|[from] ability: Sand Stream|[of] p1a: Tyranitar
|move|p2a: Heatran|Magma Storm|p1a: Tyranitar
|-resisted|p1a: Tyranitar
|-damage|p1a: Tyranitar|45/100
|-activate|p1a: Tyranitar|move: Magma Storm|[of] p2a: Heatran
|
|-weather|Sandstorm|[upkeep]
|-heal|p2a: Heatran|51/100|[from] item: Leftovers
|-damage|p1a: Tyranitar|32/100|[from] move: Magma Storm|[partiallytrapped]
|upkeep
|turn|8
|
|t:|1779945125
|switch|p2a: Hydrapple|Hydrapple, F|100/100
|-damage|p2a: Hydrapple|88/100|[from] Stealth Rock
|move|p1a: Tyranitar|Low Kick|p2a: Hydrapple
|-damage|p2a: Hydrapple|73/100
|
|-weather|Sandstorm|[upkeep]
|-damage|p2a: Hydrapple|67/100|[from] Sandstorm
|-end|p1a: Tyranitar|Magma Storm|[partiallytrapped]|[silent]
|upkeep
|turn|9
|
|t:|1779945129
|move|p1a: Tyranitar|Stone Edge|p2a: Hydrapple
|-damage|p2a: Hydrapple|38/100
|move|p2a: Hydrapple|Giga Drain|p1a: Tyranitar
|-supereffective|p1a: Tyranitar
|-damage|p1a: Tyranitar|0 fnt
|-heal|p2a: Hydrapple|52/100|[from] drain|[of] p1a: Tyranitar
|faint|p1a: Tyranitar
|
|-weather|Sandstorm|[upkeep]
|-damage|p2a: Hydrapple|46/100|[from] Sandstorm
|upkeep
|
|t:|1779945138
|switch|p1a: Deoxys|Deoxys-Speed|94/100
|-ability|p1a: Deoxys|Pressure
|turn|10
|
|t:|1779945143
|switch|p2a: Excadrill|Excadrill, M|100/100
|-damage|p2a: Excadrill|97/100|[from] Stealth Rock
|-item|p2a: Excadrill|Air Balloon
|move|p1a: Deoxys|Gravity|p1a: Deoxys
|-fieldstart|move: Gravity
|
|-weather|Sandstorm|[upkeep]
|-damage|p1a: Deoxys|88/100|[from] Sandstorm
|upkeep
|turn|11
|
|t:|1779945154
|switch|p1a: Landorus|Landorus-Therian, M|100/100
|-ability|p1a: Landorus|Intimidate|boost
|-unboost|p2a: Excadrill|atk|1
|move|p2a: Excadrill|Iron Head|p1a: Landorus
|-damage|p1a: Landorus|72/100
|-damage|p2a: Excadrill|81/100|[from] item: Rocky Helmet|[of] p1a: Landorus
|
|-weather|none
|upkeep
|turn|12
|
|t:|1779945164
|switch|p2a: Tornadus|Tornadus-Therian, M|100/100
|move|p1a: Landorus|U-turn|p2a: Tornadus
|-resisted|p2a: Tornadus
|-damage|p2a: Tornadus|87/100
|
|t:|1779945176
|switch|p1a: Deoxys|Deoxys-Speed|88/100|[from] U-turn
|-ability|p1a: Deoxys|Pressure
|
|upkeep
|turn|13
|
|t:|1779945181
|switch|p1a: Excadrill|Excadrill, F|100/100
|move|p2a: Tornadus|U-turn|p1a: Excadrill
|-resisted|p1a: Excadrill
|-damage|p1a: Excadrill|91/100
|
|t:|1779945188
|switch|p2a: Hydrapple|Hydrapple, F|79/100|[from] U-turn
|-damage|p2a: Hydrapple|67/100|[from] Stealth Rock
|
|upkeep
|turn|14
|
|t:|1779945194
|move|p1a: Excadrill|Iron Head|p2a: Hydrapple
|-damage|p2a: Hydrapple|29/100
|move|p2a: Hydrapple|Giga Drain|p1a: Excadrill
|-damage|p1a: Excadrill|45/100
|-heal|p2a: Hydrapple|49/100|[from] drain|[of] p1a: Excadrill
|
|-fieldend|move: Gravity
|upkeep
|turn|15
|
|t:|1779945203
|switch|p1a: Landorus|Landorus-Therian, M|72/100
|-ability|p1a: Landorus|Intimidate|boost
|-unboost|p2a: Hydrapple|atk|1
|switch|p2a: Heatran|Heatran, M|51/100
|-damage|p2a: Heatran|39/100|[from] Stealth Rock
|
|-heal|p2a: Heatran|45/100|[from] item: Leftovers
|upkeep
|turn|16
|
|t:|1779945209
|move|p1a: Landorus|Gravity|p1a: Landorus
|-fieldstart|move: Gravity
|move|p2a: Heatran|Magma Storm|p1a: Landorus
|-damage|p1a: Landorus|21/100
|-activate|p1a: Landorus|move: Magma Storm|[of] p2a: Heatran
|
|-heal|p2a: Heatran|51/100|[from] item: Leftovers
|-damage|p1a: Landorus|9/100|[from] move: Magma Storm|[partiallytrapped]
|upkeep
|turn|17
|
|t:|1779945221
|move|p1a: Landorus|U-turn|p2a: Heatran
|-resisted|p2a: Heatran
|-damage|p2a: Heatran|47/100
|
|t:|1779945225
|switch|p1a: Hippowdon|Hippowdon, F|100/100|[from] U-turn
|-weather|Sandstorm|[from] ability: Sand Stream|[of] p1a: Hippowdon
|move|p2a: Heatran|Will-O-Wisp|p1a: Hippowdon
|-status|p1a: Hippowdon|brn
|
|-weather|Sandstorm|[upkeep]
|-heal|p2a: Heatran|53/100|[from] item: Leftovers
|-damage|p1a: Hippowdon|94/100 brn|[from] brn
|upkeep
|turn|18
|
|t:|1779945239
|switch|p2a: Hydrapple|Hydrapple, F|82/100
|-damage|p2a: Hydrapple|70/100|[from] Stealth Rock
|move|p1a: Hippowdon|Earthquake|p2a: Hydrapple
|-resisted|p2a: Hydrapple
|-damage|p2a: Hydrapple|64/100
|
|-weather|Sandstorm|[upkeep]
|-damage|p2a: Hydrapple|58/100|[from] Sandstorm
|-damage|p1a: Hippowdon|88/100 brn|[from] brn
|upkeep
|turn|19
|-message|maxcondones forfeited.
|
|win|Thederpa1
|raw|maxcondones's rating: 1537 &rarr; <strong>1517</strong><br />(-20 for losing)
|raw|Thederpa1's rating: 1535 &rarr; <strong>1555</strong><br />(+20 for winning)
|l|☆maxcondones
|player|p1|
|l|☆Thederpa1
|player|p2|
