|j|☆akgamerplayerz
|j|☆Immalachi
|t:|1779952110
|gametype|singles
|player|p1|akgamerplayerz|waiter-gen4dp|1276
|player|p2|Immalachi|lady|1266
|gen|9
|tier|[Gen 9] OU
|rated|
|rule|HP Percentage Mod: HP is shown in percentages
|rule|Endless Battle Clause: Forcing endless battles is banned
|rule|Species Clause: Limit one of each Pokémon
|rule|OHKO Clause: OHKO moves are banned
|rule|Evasion Items Clause: Evasion items are banned
|rule|Evasion Moves Clause: Evasion moves are banned
|rule|Evasion Abilities Clause: Evasion abilities are banned
|rule|Sleep Moves Clause: Sleep-inducing moves are banned
|clearpoke
|poke|p1|Primarina, F|
|poke|p1|Iron Treads|
|poke|p1|Lokix, F|
|poke|p1|Kingdra, F|
|poke|p1|Pelipper, F|
|poke|p1|Toxicroak, F|
|poke|p2|Blaziken, F|
|poke|p2|Ninetales, M|
|poke|p2|Venusaur, F|
|poke|p2|Hatterene, F|
|poke|p2|Great Tusk|
|poke|p2|Walking Wake|
|teampreview
|inactive|Battle timer is ON: inactive players will automatically lose when time's up. (requested by akgamerplayerz)
|
|t:|1779952129
|teamsize|p1|6
|teamsize|p2|6
|start
|switch|p1a: Pelipper|Pelipper, F|100/100
|switch|p2a: Hatterene|Hatterene, F|100/100
|-weather|RainDance|[from] ability: Drizzle|[of] p1a: Pelipper
|turn|1
|
|t:|1779952136
|move|p1a: Pelipper|U-turn|p2a: Hatterene
|-damage|p2a: Hatterene|93/100
|-enditem|p2a: Hatterene|Eject Button
|
|t:|1779952141
|switch|p2a: Ninetales|Ninetales, M|100/100
|-weather|SunnyDay|[from] ability: Drought|[of] p2a: Ninetales
|
|-weather|SunnyDay|[upkeep]
|upkeep
|turn|2
|
|t:|1779952168
|switch|p1a: Iron Treads|Iron Treads|100/100
|move|p2a: Ninetales|Will-O-Wisp|p1a: Iron Treads
|-status|p1a: Iron Treads|brn
|
|-weather|SunnyDay|[upkeep]
|-damage|p1a: Iron Treads|94/100 brn|[from] brn
|upkeep
|turn|3
|
|t:|1779952176
|move|p1a: Iron Treads|Stealth Rock|p2a: Ninetales
|-sidestart|p2: Immalachi|move: Stealth Rock
|move|p2a: Ninetales|Flamethrower|p1a: Iron Treads
|-supereffective|p1a: Iron Treads
|-damage|p1a: Iron Treads|0 fnt
|faint|p1a: Iron Treads
|-end|p1a: Iron Treads|Quark Drive|[silent]
|
|-weather|SunnyDay|[upkeep]
|upkeep
|
|t:|1779952180
|switch|p1a: Pelipper|Pelipper, F|100/100
|-weather|RainDance|[from] ability: Drizzle|[of] p1a: Pelipper
|turn|4
|
|t:|1779952190
|switch|p2a: Great Tusk|Great Tusk|100/100
|move|p1a: Pelipper|Surf|p2a: Great Tusk
|-supereffective|p2a: Great Tusk
|-damage|p2a: Great Tusk|0 fnt
|faint|p2a: Great Tusk
|-end|p2a: Great Tusk|Protosynthesis|[silent]
|
|-weather|RainDance|[upkeep]
|upkeep
|
|t:|1779952197
|switch|p2a: Ninetales|Ninetales, M|100/100
|-damage|p2a: Ninetales|76/100|[from] Stealth Rock
|-weather|SunnyDay|[from] ability: Drought|[of] p2a: Ninetales
|turn|5
|
|t:|1779952207
|switch|p1a: Kingdra|Kingdra, F|100/100
|move|p2a: Ninetales|Flamethrower|p1a: Kingdra
|-resisted|p1a: Kingdra
|-damage|p1a: Kingdra|89/100
|
|-weather|SunnyDay|[upkeep]
|upkeep
|turn|6
|
|t:|1779952226
|switch|p2a: Venusaur|Venusaur, F|100/100
|-damage|p2a: Venusaur|88/100|[from] Stealth Rock
|switch|p1a: Pelipper|Pelipper, F|100/100
|-weather|RainDance|[from] ability: Drizzle|[of] p1a: Pelipper
|
|-weather|RainDance|[upkeep]
|upkeep
|turn|7
|
|t:|1779952240
|move|p2a: Venusaur|Giga Drain|p1a: Pelipper
|-damage|p1a: Pelipper|45/100
|-heal|p2a: Venusaur|100/100|[from] drain|[of] p1a: Pelipper
|-damage|p2a: Venusaur|91/100|[from] item: Life Orb
|move|p1a: Pelipper|U-turn|p2a: Venusaur
|-damage|p2a: Venusaur|78/100
|
|t:|1779952243
|switch|p1a: Kingdra|Kingdra, F|89/100|[from] U-turn
|
|-weather|RainDance|[upkeep]
|upkeep
|turn|8
|
|t:|1779952267
|move|p1a: Kingdra|Draco Meteor|p2a: Venusaur
|-damage|p2a: Venusaur|0 fnt
|-unboost|p1a: Kingdra|spa|2
|faint|p2a: Venusaur
|-damage|p1a: Kingdra|79/100|[from] item: Life Orb
|
|-weather|RainDance|[upkeep]
|upkeep
|
|t:|1779952273
|switch|p2a: Hatterene|Hatterene, F|93/100
|-damage|p2a: Hatterene|80/100|[from] Stealth Rock
|turn|9
|
|t:|1779952285
|switch|p1a: Primarina|Primarina, F|100/100
|move|p2a: Hatterene|Nuzzle|p1a: Primarina
|-supereffective|p1a: Primarina
|-damage|p1a: Primarina|89/100
|-status|p1a: Primarina|par
|
|-weather|RainDance|[upkeep]
|-heal|p1a: Primarina|95/100 par|[from] item: Leftovers
|upkeep
|turn|10
|
|t:|1779952299
|move|p2a: Hatterene|Psychic Noise|p1a: Primarina
|-damage|p1a: Primarina|59/100 par
|-start|p1a: Primarina|move: Heal Block
|move|p1a: Primarina|Whirlpool|p2a: Hatterene|[miss]
|-miss|p1a: Primarina|p2a: Hatterene
|
|-weather|RainDance|[upkeep]
|upkeep
|turn|11
|
|t:|1779952312
|move|p2a: Hatterene|Psychic Noise|p1a: Primarina
|-damage|p1a: Primarina|26/100 par
|move|p1a: Primarina|Psychic Noise|p2a: Hatterene
|-damage|p2a: Hatterene|12/100
|-start|p2a: Hatterene|move: Heal Block
|
|-weather|RainDance|[upkeep]
|-end|p1a: Primarina|move: Heal Block
|upkeep
|turn|12
|
|t:|1779952328
|move|p2a: Hatterene|Pain Split|p1a: Primarina
|-sethp|p1a: Primarina|19/100 par|[from] move: Pain Split|[silent]
|-sethp|p2a: Hatterene|18/100|[from] move: Pain Split
|move|p1a: Primarina|Psychic Noise|p2a: Hatterene
|-damage|p2a: Hatterene|0 fnt
|faint|p2a: Hatterene
|
|-weather|RainDance|[upkeep]
|-heal|p1a: Primarina|25/100 par|[from] item: Leftovers
|upkeep
|
|t:|1779952335
|switch|p2a: Walking Wake|Walking Wake|100/100
|-damage|p2a: Walking Wake|88/100|[from] Stealth Rock
|turn|13
|
|t:|1779952341
|move|p2a: Walking Wake|Hydro Steam|p1a: Primarina
|-resisted|p1a: Primarina
|-damage|p1a: Primarina|0 fnt
|faint|p1a: Primarina
|
|-weather|none
|upkeep
|
|t:|1779952345
|switch|p1a: Pelipper|Pelipper, F|45/100
|-weather|RainDance|[from] ability: Drizzle|[of] p1a: Pelipper
|turn|14
|
|t:|1779952348
|switch|p1a: Toxicroak|Toxicroak, F|100/100
|move|p2a: Walking Wake|Hydro Steam|p1a: Toxicroak
|-immune|p1a: Toxicroak|[from] ability: Dry Skin
|
|-weather|RainDance|[upkeep]
|upkeep
|turn|15
|
|t:|1779952358
|-end|p2a: Walking Wake|Protosynthesis|[silent]
|switch|p2a: Ninetales|Ninetales, M|76/100
|-damage|p2a: Ninetales|51/100|[from] Stealth Rock
|-weather|SunnyDay|[from] ability: Drought|[of] p2a: Ninetales
|move|p1a: Toxicroak|Knock Off|p2a: Ninetales
|-damage|p2a: Ninetales|23/100
|-enditem|p2a: Ninetales|Heat Rock|[from] move: Knock Off|[of] p1a: Toxicroak
|
|-weather|SunnyDay|[upkeep]
|-damage|p1a: Toxicroak|88/100|[from] ability: Dry Skin|[of] p1a: Toxicroak
|upkeep
|turn|16
|
|t:|1779952373
|move|p2a: Ninetales|Encore|p1a: Toxicroak
|-start|p1a: Toxicroak|Encore
|move|p1a: Toxicroak|Knock Off|p2a: Ninetales
|-damage|p2a: Ninetales|5/100
|
|-weather|SunnyDay|[upkeep]
|-damage|p1a: Toxicroak|76/100|[from] ability: Dry Skin|[of] p1a: Toxicroak
|upkeep
|turn|17
|
|t:|1779952379
|switch|p1a: Pelipper|Pelipper, F|45/100
|-weather|RainDance|[from] ability: Drizzle|[of] p1a: Pelipper
|move|p2a: Ninetales|Memento|p1a: Pelipper
|-unboost|p1a: Pelipper|atk|2
|-unboost|p1a: Pelipper|spa|2
|faint|p2a: Ninetales
|
|-weather|RainDance|[upkeep]
|upkeep
|
|t:|1779952389
|switch|p2a: Blaziken|Blaziken, F|100/100
|-damage|p2a: Blaziken|88/100|[from] Stealth Rock
|turn|18
|
|t:|1779952395
|move|p2a: Blaziken|Focus Energy|p2a: Blaziken
|-start|p2a: Blaziken|move: Focus Energy
|move|p1a: Pelipper|U-turn|p2a: Blaziken
|-resisted|p2a: Blaziken
|-damage|p2a: Blaziken|86/100
|
|t:|1779952406
|switch|p1a: Kingdra|Kingdra, F|79/100|[from] U-turn
|
|-weather|RainDance|[upkeep]
|-ability|p2a: Blaziken|Speed Boost|boost
|-boost|p2a: Blaziken|spe|1
|upkeep
|turn|19
|
|t:|1779952418
|move|p1a: Kingdra|Hurricane|p2a: Blaziken
|-supereffective|p2a: Blaziken
|-damage|p2a: Blaziken|0 fnt
|faint|p2a: Blaziken
|-damage|p1a: Kingdra|69/100|[from] item: Life Orb
|
|-weather|RainDance|[upkeep]
|upkeep
|
|t:|1779952420
|switch|p2a: Walking Wake|Walking Wake|88/100
|-damage|p2a: Walking Wake|76/100|[from] Stealth Rock
|turn|20
|
|t:|1779952427
|move|p1a: Kingdra|Hurricane|p2a: Walking Wake
|-damage|p2a: Walking Wake|26/100
|-damage|p1a: Kingdra|59/100|[from] item: Life Orb
|move|p2a: Walking Wake|Dragon Pulse|p1a: Kingdra
|-supereffective|p1a: Kingdra
|-damage|p1a: Kingdra|0 fnt
|faint|p1a: Kingdra
|
|-weather|RainDance|[upkeep]
|upkeep
|
|t:|1779952431
|switch|p1a: Lokix|Lokix, F|100/100
|turn|21
|
|t:|1779952434
|-terastallize|p1a: Lokix|Bug
|move|p1a: Lokix|First Impression|p2a: Walking Wake
|-damage|p2a: Walking Wake|0 fnt
|faint|p2a: Walking Wake
|-end|p2a: Walking Wake|Protosynthesis|[silent]
|
|win|akgamerplayerz
|raw|akgamerplayerz's rating: 1276 &rarr; <strong>1300</strong><br />(+24 for winning)
|raw|Immalachi's rating: 1266 &rarr; <strong>1242</strong><br />(-24 for losing)
|l|☆Immalachi
|player|p2|
|l|☆akgamerplayerz
|player|p1|
