|badge|p2|silver|gen9ou|30-9
|uhtml|medal-msg|<div class="broadcast-blue">Curious what those medals under the avatar are? PS now has Ladder Seasons! For more information, check out the <a href="https://www.smogon.com/forums/threads/3740067/">thread on Smogon.</a></div>
|j|☆overheat xyz
|j|‽slitherwing ily ><
|t:|1779886255
|gametype|singles
|player|p1|overheat xyz|265|1777
|player|p2|slitherwing ily ><|iono-masters|1945
|gen|9
|tier|[Gen 9] OU
|rated|
|rule|HP Percentage Mod: HP is shown in percentages
|rule|Endless Battle Clause: Forcing endless battles is banned
|rule|Species Clause: Limit one of each Pokémon
|rule|OHKO Clause: OHKO moves are banned
|rule|Evasion Items Clause: Evasion items are banned
|rule|Evasion Moves Clause: Evasion moves are banned
|rule|Evasion Abilities Clause: Evasion abilities are banned
|rule|Sleep Moves Clause: Sleep-inducing moves are banned
|clearpoke
|poke|p1|Tyranitar, M|
|poke|p1|Excadrill, M|
|poke|p1|Skarmory, F|
|poke|p1|Dragapult, F|
|poke|p1|Garganacl, M|
|poke|p1|Primarina, M|
|poke|p2|Great Tusk|
|poke|p2|Kingambit, M|
|poke|p2|Raging Bolt|
|poke|p2|Walking Wake|
|poke|p2|Ninetales, F|
|poke|p2|Ceruledge, F|
|teampreview
|inactive|Battle timer is ON: inactive players will automatically lose when time's up. (requested by slitherwing ily ><)
|
|t:|1779886298
|teamsize|p1|6
|teamsize|p2|6
|start
|switch|p1a: Primarina|Primarina, M|100/100
|switch|p2a: Kingambit|Kingambit, M|100/100
|-item|p2a: Kingambit|Air Balloon
|turn|1
|n|☆slitherwing ily ><|slitherwingily
|
|t:|1779886314
|move|p2a: Kingambit|Swords Dance|p2a: Kingambit
|-boost|p2a: Kingambit|atk|2
|move|p1a: Primarina|Moonblast|p2a: Kingambit
|-damage|p2a: Kingambit|35/100
|-enditem|p2a: Kingambit|Air Balloon
|
|upkeep
|turn|2
|
|t:|1779886321
|switch|p1a: Skarmory|Skarmory, F|100/100
|move|p2a: Kingambit|Kowtow Cleave|p1a: Skarmory
|-damage|p1a: Skarmory|46/100
|-damage|p2a: Kingambit|19/100|[from] item: Rocky Helmet|[of] p1a: Skarmory
|
|upkeep
|turn|3
|
|t:|1779886329
|move|p2a: Kingambit|Kowtow Cleave|p1a: Skarmory
|-damage|p1a: Skarmory|0 fnt
|-damage|p2a: Kingambit|3/100|[from] item: Rocky Helmet|[of] p1a: Skarmory
|faint|p1a: Skarmory
|
|upkeep
|
|t:|1779886334
|switch|p1a: Tyranitar|Tyranitar, M|100/100
|-weather|Sandstorm|[from] ability: Sand Stream|[of] p1a: Tyranitar
|turn|4
|
|t:|1779886339
|move|p2a: Kingambit|Sucker Punch|p1a: Tyranitar
|-resisted|p1a: Tyranitar
|-damage|p1a: Tyranitar|66/100
|move|p1a: Tyranitar|Earthquake|p2a: Kingambit
|-supereffective|p2a: Kingambit
|-damage|p2a: Kingambit|0 fnt
|faint|p2a: Kingambit
|-end|p2a: Kingambit|fallenundefined|[silent]
|
|-weather|Sandstorm|[upkeep]
|upkeep
|
|t:|1779886345
|switch|p2a: Great Tusk|Great Tusk|100/100
|turn|5
|j| Chae uwu
|
|t:|1779886354
|switch|p1a: Dragapult|Dragapult, F|100/100
|move|p2a: Great Tusk|Close Combat|p1a: Dragapult
|-immune|p1a: Dragapult
|
|-weather|Sandstorm|[upkeep]
|-damage|p1a: Dragapult|95/100|[from] Sandstorm
|upkeep
|turn|6
|
|t:|1779886361
|-end|p2a: Great Tusk|Protosynthesis|[silent]
|switch|p2a: Ninetales|Ninetales, F|100/100
|-weather|SunnyDay|[from] ability: Drought|[of] p2a: Ninetales
|move|p1a: Dragapult|Draco Meteor|p2a: Ninetales
|-damage|p2a: Ninetales|0 fnt
|-unboost|p1a: Dragapult|spa|2
|faint|p2a: Ninetales
|
|-weather|SunnyDay|[upkeep]
|upkeep
|
|t:|1779886364
|switch|p2a: Ceruledge|Ceruledge, F|100/100
|-item|p2a: Ceruledge|Air Balloon
|turn|7
|j|+Von Mjrn
|l|+Von Mjrn
|inactive|overheat xyz has 120 seconds left.
|inactive|overheat xyz has 90 seconds left.
|
|t:|1779886430
|switch|p1a: Garganacl|Garganacl, M|100/100
|move|p2a: Ceruledge|Swords Dance|p2a: Ceruledge
|-boost|p2a: Ceruledge|atk|2
|
|-weather|SunnyDay|[upkeep]
|upkeep
|turn|8
|
|t:|1779886434
|-terastallize|p1a: Garganacl|Water
|move|p2a: Ceruledge|Close Combat|p1a: Garganacl
|-crit|p1a: Garganacl
|-damage|p1a: Garganacl|15/100
|-unboost|p2a: Ceruledge|def|1
|-unboost|p2a: Ceruledge|spd|1
|move|p1a: Garganacl|Salt Cure|p2a: Ceruledge
|-supereffective|p2a: Ceruledge
|-damage|p2a: Ceruledge|43/100
|-start|p2a: Ceruledge|Salt Cure
|-ability|p2a: Ceruledge|Weak Armor|boost
|-unboost|p2a: Ceruledge|def|1
|-boost|p2a: Ceruledge|spe|2
|-enditem|p2a: Ceruledge|Air Balloon
|
|-weather|SunnyDay|[upkeep]
|-heal|p1a: Garganacl|21/100|[from] item: Leftovers
|-damage|p2a: Ceruledge|30/100|[from] Salt Cure
|upkeep
|turn|9
|inactive|overheat xyz has 90 seconds left.
|
|t:|1779886451
|move|p1a: Garganacl|Protect|p1a: Garganacl
|-singleturn|p1a: Garganacl|Protect
|move|p2a: Ceruledge|Bitter Blade|p1a: Garganacl
|-activate|p1a: Garganacl|move: Protect
|
|-weather|SunnyDay|[upkeep]
|-heal|p1a: Garganacl|27/100|[from] item: Leftovers
|-damage|p2a: Ceruledge|18/100|[from] Salt Cure
|upkeep
|turn|10
|inactive|overheat xyz has 90 seconds left.
|
|t:|1779886475
|switch|p1a: Tyranitar|Tyranitar, M|66/100
|-weather|Sandstorm|[from] ability: Sand Stream|[of] p1a: Tyranitar
|move|p2a: Ceruledge|Bitter Blade|p1a: Tyranitar
|-resisted|p1a: Tyranitar
|-crit|p1a: Tyranitar
|-damage|p1a: Tyranitar|0 fnt
|-heal|p2a: Ceruledge|54/100|[from] drain|[of] p1a: Tyranitar
|faint|p1a: Tyranitar
|
|-weather|Sandstorm|[upkeep]
|-damage|p2a: Ceruledge|48/100|[from] Sandstorm
|-damage|p2a: Ceruledge|36/100|[from] Salt Cure
|upkeep
|
|t:|1779886478
|switch|p1a: Excadrill|Excadrill, M|100/100
|turn|11
|inactive|overheat xyz has 90 seconds left.
|
|t:|1779886495
|switch|p1a: Garganacl|Garganacl, M, tera:Water|27/100
|move|p2a: Ceruledge|Bitter Blade|p1a: Garganacl
|-resisted|p1a: Garganacl
|-damage|p1a: Garganacl|0 fnt
|-heal|p2a: Ceruledge|53/100|[from] drain|[of] p1a: Garganacl
|faint|p1a: Garganacl
|
|-weather|Sandstorm|[upkeep]
|-damage|p2a: Ceruledge|47/100|[from] Sandstorm
|-damage|p2a: Ceruledge|35/100|[from] Salt Cure
|upkeep
|
|t:|1779886500
|switch|p1a: Primarina|Primarina, M|100/100
|turn|12
|
|t:|1779886502
|move|p2a: Ceruledge|Poltergeist|p1a: Primarina
|-activate|p1a: Primarina|move: Poltergeist|Assault Vest
|-damage|p1a: Primarina|0 fnt
|faint|p1a: Primarina
|
|-weather|Sandstorm|[upkeep]
|-damage|p2a: Ceruledge|28/100|[from] Sandstorm
|-damage|p2a: Ceruledge|16/100|[from] Salt Cure
|upkeep
|
|t:|1779886507
|switch|p1a: Dragapult|Dragapult, F|95/100
|turn|13
|
|t:|1779886510
|switch|p1a: Excadrill|Excadrill, M|100/100
|move|p2a: Ceruledge|Poltergeist|p1a: Excadrill
|-activate|p1a: Excadrill|move: Poltergeist|Life Orb
|-damage|p1a: Excadrill|0 fnt
|faint|p1a: Excadrill
|
|-weather|Sandstorm|[upkeep]
|-damage|p2a: Ceruledge|10/100|[from] Sandstorm
|-damage|p2a: Ceruledge|0 fnt|[from] Salt Cure
|faint|p2a: Ceruledge
|upkeep
|
|t:|1779886517
|switch|p1a: Dragapult|Dragapult, F|95/100
|switch|p2a: Great Tusk|Great Tusk|100/100
|turn|14
|
|t:|1779886520
|move|p1a: Dragapult|Shadow Ball|p2a: Great Tusk
|-damage|p2a: Great Tusk|47/100
|-unboost|p2a: Great Tusk|spd|1
|move|p2a: Great Tusk|Headlong Rush|p1a: Dragapult
|-damage|p1a: Dragapult|0 fnt
|-unboost|p2a: Great Tusk|def|1
|-unboost|p2a: Great Tusk|spd|1
|faint|p1a: Dragapult
|
|win|slitherwing ily ><
|raw|overheat xyz's rating: 1777 &rarr; <strong>1766</strong><br />(-11 for losing)
|raw|slitherwing ily &gt;&lt;'s rating: 1945 &rarr; <strong>1956</strong><br />(+11 for winning)
|l|☆overheat xyz
|player|p1|
|l|☆slitherwing ily ><
|player|p2|
|l| Chae uwu
