|j|☆CnBCheezy
|j|☆Kis Vegallomas
|t:|1779805652
|gametype|singles
|player|p1|CnBCheezy|policeman-gen4|1197
|player|p2|Kis Vegallomas|1|1226
|gen|9
|tier|[Gen 9] OU
|rated|
|rule|HP Percentage Mod: HP is shown in percentages
|rule|Endless Battle Clause: Forcing endless battles is banned
|rule|Species Clause: Limit one of each Pokémon
|rule|OHKO Clause: OHKO moves are banned
|rule|Evasion Items Clause: Evasion items are banned
|rule|Evasion Moves Clause: Evasion moves are banned
|rule|Evasion Abilities Clause: Evasion abilities are banned
|rule|Sleep Moves Clause: Sleep-inducing moves are banned
|clearpoke
|poke|p1|Scizor, M|
|poke|p1|Heatran, M|
|poke|p1|Gallade, M|
|poke|p1|Pecharunt|
|poke|p1|Latios, M|
|poke|p1|Houndoom, M|
|poke|p2|Garchomp, M|
|poke|p2|Slowking-Galar, M|
|poke|p2|Keldeo-Resolute|
|poke|p2|Grimmsnarl, M|
|poke|p2|Iron Crown|
|poke|p2|Primeape, F|
|teampreview
|inactive|Battle timer is ON: inactive players will automatically lose when time's up. (requested by CnBCheezy)
|
|t:|1779805658
|teamsize|p1|6
|teamsize|p2|6
|start
|switch|p1a: Pecharunt|Pecharunt|100/100
|switch|p2a: Grimmsnarl|Grimmsnarl, M|100/100
|turn|1
|
|t:|1779805664
|move|p2a: Grimmsnarl|Parting Shot|p1a: Pecharunt
|-unboost|p1a: Pecharunt|atk|1
|-unboost|p1a: Pecharunt|spa|1
|
|t:|1779805665
|switch|p2a: Iron Crown|Iron Crown|100/100|[from] Parting Shot
|move|p1a: Pecharunt|Malignant Chain|p2a: Iron Crown
|-immune|p2a: Iron Crown
|
|upkeep
|turn|2
|
|t:|1779805679
|-end|p2a: Iron Crown|Quark Drive|[silent]
|switch|p2a: Primeape|Primeape, F|100/100
|move|p1a: Pecharunt|Parting Shot|p2a: Primeape
|-unboost|p2a: Primeape|atk|1
|-ability|p2a: Primeape|Defiant|boost
|-boost|p2a: Primeape|atk|2
|-unboost|p2a: Primeape|spa|1
|-ability|p2a: Primeape|Defiant|boost
|-boost|p2a: Primeape|atk|2
|
|t:|1779805692
|switch|p1a: Latios|Latios, M, shiny|100/100|[from] Parting Shot
|
|upkeep
|turn|3
|
|t:|1779805698
|switch|p2a: Grimmsnarl|Grimmsnarl, M|100/100
|-terastallize|p1a: Latios|Fairy
|move|p1a: Latios|Luster Purge|p2a: Grimmsnarl
|-immune|p2a: Grimmsnarl
|
|upkeep
|turn|4
|
|t:|1779805707
|move|p2a: Grimmsnarl|Light Screen|p2a: Grimmsnarl
|-sidestart|p2: Kis Vegallomas|move: Light Screen
|move|p1a: Latios|Chilling Water|p2a: Grimmsnarl
|-damage|p2a: Grimmsnarl|95/100
|-unboost|p2a: Grimmsnarl|atk|1
|
|upkeep
|turn|5
|
|t:|1779805713
|move|p2a: Grimmsnarl|Reflect|p2a: Grimmsnarl
|-sidestart|p2: Kis Vegallomas|Reflect
|move|p1a: Latios|Reflect|p1a: Latios
|-sidestart|p1: CnBCheezy|Reflect
|
|upkeep
|turn|6
|
|t:|1779805718
|move|p2a: Grimmsnarl|Parting Shot|p1a: Latios
|-unboost|p1a: Latios|atk|1
|-unboost|p1a: Latios|spa|1
|
|t:|1779805722
|switch|p2a: Slowking|Slowking-Galar, M|100/100|[from] Parting Shot
|move|p1a: Latios|Light Screen|p1a: Latios
|-sidestart|p1: CnBCheezy|move: Light Screen
|
|upkeep
|turn|7
|
|t:|1779805728
|move|p1a: Latios|Luster Purge|p2a: Slowking
|-damage|p2a: Slowking|88/100
|move|p2a: Slowking|Trick|p1a: Latios
|-activate|p2a: Slowking|move: Trick|[of] p1a: Latios
|-item|p1a: Latios|Choice Specs|[from] move: Trick
|-item|p2a: Slowking|Light Clay|[from] move: Trick
|
|upkeep
|turn|8
|inactive|Kis Vegallomas has 120 seconds left.
|
|t:|1779805761
|move|p1a: Latios|Luster Purge|p2a: Slowking
|-damage|p2a: Slowking|70/100
|-unboost|p2a: Slowking|spd|1
|move|p2a: Slowking|Future Sight|p1a: Latios
|-start|p2a: Slowking|move: Future Sight
|
|upkeep
|turn|9
|
|t:|1779805768
|switch|p2a: Grimmsnarl|Grimmsnarl, M|95/100
|move|p1a: Latios|Luster Purge|p2a: Grimmsnarl
|-immune|p2a: Grimmsnarl
|
|upkeep
|turn|10
|
|t:|1779805781
|switch|p1a: Gallade|Gallade, M, shiny|100/100
|move|p2a: Grimmsnarl|Parting Shot|p1a: Gallade
|-unboost|p1a: Gallade|atk|1
|-unboost|p1a: Gallade|spa|1
|inactive|Kis Vegallomas has 120 seconds left.
|
|t:|1779805802
|switch|p2a: Garchomp|Garchomp, M|100/100|[from] Parting Shot
|
|-end|p1a: Gallade|move: Future Sight
|-damage|p1a: Gallade|77/100
|-heal|p1a: Gallade|83/100|[from] item: Leftovers
|upkeep
|turn|11
|
|t:|1779805810
|move|p2a: Garchomp|Swords Dance|p2a: Garchomp
|-boost|p2a: Garchomp|atk|2
|move|p1a: Gallade|Psycho Cut|p2a: Garchomp
|-damage|p2a: Garchomp|89/100
|
|-heal|p1a: Gallade|89/100|[from] item: Leftovers
|-sideend|p2: Kis Vegallomas|move: Light Screen
|upkeep
|turn|12
|
|t:|1779805818
|move|p2a: Garchomp|Earthquake|p1a: Gallade
|-damage|p1a: Gallade|13/100
|move|p1a: Gallade|Swords Dance|p1a: Gallade
|-boost|p1a: Gallade|atk|2
|
|-heal|p1a: Gallade|19/100|[from] item: Leftovers
|-sideend|p1: CnBCheezy|Reflect
|-sideend|p2: Kis Vegallomas|Reflect
|upkeep
|turn|13
|
|t:|1779805827
|move|p1a: Gallade|Shadow Sneak|p2a: Garchomp
|-damage|p2a: Garchomp|74/100
|-damage|p1a: Gallade|7/100|[from] ability: Rough Skin|[of] p2a: Garchomp
|move|p2a: Garchomp|Scale Shot|p1a: Gallade
|-damage|p1a: Gallade|0 fnt
|faint|p1a: Gallade
|-hitcount|p1: Gallade|1
|-unboost|p2a: Garchomp|def|1
|-boost|p2a: Garchomp|spe|1
|
|-sideend|p1: CnBCheezy|move: Light Screen
|upkeep
|
|t:|1779805838
|switch|p1a: Pecharunt|Pecharunt|100/100
|turn|14
|
|t:|1779805847
|-terastallize|p2a: Garchomp|Steel
|move|p2a: Garchomp|Swords Dance|p2a: Garchomp
|-boost|p2a: Garchomp|atk|2
|move|p1a: Pecharunt|Parting Shot|p2a: Garchomp
|-unboost|p2a: Garchomp|atk|1
|-unboost|p2a: Garchomp|spa|1
|
|t:|1779805855
|switch|p1a: Scizor|Scizor, M|100/100|[from] Parting Shot
|
|upkeep
|turn|15
|
|t:|1779805862
|move|p2a: Garchomp|Earthquake|p1a: Scizor
|-damage|p1a: Scizor|0 fnt
|faint|p1a: Scizor
|
|upkeep
|
|t:|1779805878
|switch|p1a: Latios|Latios, M, shiny, tera:Fairy|100/100
|turn|16
|
|t:|1779805888
|move|p2a: Garchomp|Poison Jab|p1a: Latios
|-supereffective|p1a: Latios
|-damage|p1a: Latios|0 fnt
|faint|p1a: Latios
|
|upkeep
|
|t:|1779805894
|switch|p1a: Pecharunt|Pecharunt|100/100
|turn|17
|
|t:|1779805897
|move|p2a: Garchomp|Earthquake|p1a: Pecharunt
|-supereffective|p1a: Pecharunt
|-damage|p1a: Pecharunt|0 fnt
|faint|p1a: Pecharunt
|
|upkeep
|
|t:|1779805902
|switch|p1a: Houndoom|Houndoom, M, shiny|100/100
|turn|18
|
|t:|1779805907
|move|p2a: Garchomp|Earthquake|p1a: Houndoom
|-supereffective|p1a: Houndoom
|-damage|p1a: Houndoom|0 fnt
|faint|p1a: Houndoom
|
|upkeep
|
|t:|1779805911
|switch|p1a: Heatran|Heatran, M, shiny|100/100
|turn|19
|
|t:|1779805921
|move|p2a: Garchomp|Earthquake|p1a: Heatran
|-supereffective|p1a: Heatran
|-damage|p1a: Heatran|0 fnt
|faint|p1a: Heatran
|
|win|Kis Vegallomas
|raw|CnBCheezy's rating: 1197 &rarr; <strong>1174</strong><br />(-23 for losing)
|raw|Kis Vegallomas's rating: 1226 &rarr; <strong>1249</strong><br />(+23 for winning)
|c|☆CnBCheezy|gg
|l|☆CnBCheezy
|player|p1|
|l|☆Kis Vegallomas
|player|p2|
