|j|☆sushisav chef
|j|☆Negative1stClass
|t:|1779802989
|gametype|singles
|player|p1|sushisav chef|cynthia|1296
|player|p2|Negative1stClass|hilbert|1308
|gen|9
|tier|[Gen 9] OU
|rated|
|rule|HP Percentage Mod: HP is shown in percentages
|rule|Endless Battle Clause: Forcing endless battles is banned
|rule|Species Clause: Limit one of each Pokémon
|rule|OHKO Clause: OHKO moves are banned
|rule|Evasion Items Clause: Evasion items are banned
|rule|Evasion Moves Clause: Evasion moves are banned
|rule|Evasion Abilities Clause: Evasion abilities are banned
|rule|Sleep Moves Clause: Sleep-inducing moves are banned
|clearpoke
|poke|p1|Gliscor, M|
|poke|p1|Alomomola, M|
|poke|p1|Gholdengo|
|poke|p1|Hoopa-Unbound|
|poke|p1|Cinderace, F|
|poke|p1|Zamazenta-*|
|poke|p2|Pelipper, F|
|poke|p2|Raging Bolt|
|poke|p2|Overqwil, M|
|poke|p2|Barraskewda, F|
|poke|p2|Iron Treads|
|poke|p2|Azelf|
|teampreview
|inactive|Battle timer is ON: inactive players will automatically lose when time's up. (requested by sushisav chef)
|
|t:|1779803000
|teamsize|p1|6
|teamsize|p2|6
|start
|switch|p1a: Hoopa|Hoopa-Unbound|100/100
|switch|p2a: Pelipper|Pelipper, F|100/100
|-weather|RainDance|[from] ability: Drizzle|[of] p2a: Pelipper
|turn|1
|
|t:|1779803010
|move|p1a: Hoopa|Knock Off|p2a: Pelipper
|-damage|p2a: Pelipper|64/100
|-enditem|p2a: Pelipper|Damp Rock|[from] move: Knock Off|[of] p1a: Hoopa
|move|p2a: Pelipper|U-turn|p1a: Hoopa
|-supereffective|p1a: Hoopa
|-damage|p1a: Hoopa|61/100
|
|t:|1779803016
|switch|p2a: Overqwil|Overqwil, M|100/100|[from] U-turn
|
|-weather|RainDance|[upkeep]
|upkeep
|turn|2
|
|t:|1779803027
|switch|p1a: Alomomola|Alomomola, M|100/100
|move|p2a: Overqwil|Swords Dance|p2a: Overqwil
|-boost|p2a: Overqwil|atk|2
|
|-weather|RainDance|[upkeep]
|upkeep
|turn|3
|
|t:|1779803032
|move|p2a: Overqwil|Gunk Shot|p1a: Alomomola
|-damage|p1a: Alomomola|8/100
|-enditem|p1a: Alomomola|Red Card|[of] p2a: Overqwil
|drag|p2a: Iron Treads|Iron Treads|100/100
|-enditem|p2a: Iron Treads|Booster Energy
|-activate|p2a: Iron Treads|ability: Quark Drive|[fromitem]
|-start|p2a: Iron Treads|quarkdrivespe
|move|p1a: Alomomola|Wish|p1a: Alomomola
|
|-weather|RainDance|[upkeep]
|upkeep
|turn|4
|
|t:|1779803051
|switch|p1a: Zamazenta|Zamazenta|100/100
|-ability|p1a: Zamazenta|Dauntless Shield|boost
|-boost|p1a: Zamazenta|def|1
|move|p2a: Iron Treads|Stealth Rock|p1a: Zamazenta
|-sidestart|p1: sushisav chef|move: Stealth Rock
|
|-weather|RainDance|[upkeep]
|upkeep
|turn|5
|
|t:|1779803058
|-end|p2a: Iron Treads|Quark Drive|[silent]
|switch|p2a: Azelf|Azelf|100/100
|move|p1a: Zamazenta|Iron Defense|p1a: Zamazenta
|-boost|p1a: Zamazenta|def|2
|
|-weather|RainDance|[upkeep]
|upkeep
|turn|6
|
|t:|1779803065
|move|p2a: Azelf|Endeavor|p1a: Zamazenta
|-damage|p1a: Zamazenta|83/100
|move|p1a: Zamazenta|Roar|p2a: Azelf
|drag|p2a: Iron Treads|Iron Treads|100/100
|
|-weather|RainDance|[upkeep]
|-heal|p1a: Zamazenta|89/100|[from] item: Leftovers
|upkeep
|turn|7
|
|t:|1779803075
|move|p1a: Zamazenta|Iron Defense|p1a: Zamazenta
|-boost|p1a: Zamazenta|def|2
|move|p2a: Iron Treads|Earth Power|p1a: Zamazenta
|-damage|p1a: Zamazenta|59/100
|
|-weather|RainDance|[upkeep]
|-heal|p1a: Zamazenta|65/100|[from] item: Leftovers
|upkeep
|turn|8
|
|t:|1779803082
|move|p1a: Zamazenta|Body Press|p2a: Iron Treads
|-supereffective|p2a: Iron Treads
|-crit|p2a: Iron Treads
|-damage|p2a: Iron Treads|0 fnt
|faint|p2a: Iron Treads
|-end|p2a: Iron Treads|Quark Drive|[silent]
|
|-weather|none
|-heal|p1a: Zamazenta|71/100|[from] item: Leftovers
|upkeep
|
|t:|1779803086
|switch|p2a: Azelf|Azelf|100/100
|turn|9
|
|t:|1779803092
|move|p1a: Zamazenta|Iron Defense|p1a: Zamazenta
|-boost|p1a: Zamazenta|def|1
|move|p2a: Azelf|Taunt|p1a: Zamazenta
|-start|p1a: Zamazenta|move: Taunt
|
|-heal|p1a: Zamazenta|77/100|[from] item: Leftovers
|upkeep
|turn|10
|
|t:|1779803099
|move|p1a: Zamazenta|Crunch|p2a: Azelf
|-supereffective|p2a: Azelf
|-damage|p2a: Azelf|35/100
|move|p2a: Azelf|Thunder|p1a: Zamazenta
|-damage|p1a: Zamazenta|46/100
|
|-heal|p1a: Zamazenta|52/100|[from] item: Leftovers
|upkeep
|turn|11
|
|t:|1779803107
|move|p1a: Zamazenta|Crunch|p2a: Azelf
|-supereffective|p2a: Azelf
|-damage|p2a: Azelf|0 fnt
|faint|p2a: Azelf
|
|-heal|p1a: Zamazenta|58/100|[from] item: Leftovers
|upkeep
|
|t:|1779803110
|switch|p2a: Pelipper|Pelipper, F|64/100
|-weather|RainDance|[from] ability: Drizzle|[of] p2a: Pelipper
|turn|12
|
|t:|1779803114
|move|p1a: Zamazenta|Body Press|p2a: Pelipper
|-resisted|p2a: Pelipper
|-damage|p2a: Pelipper|3/100
|move|p2a: Pelipper|Hurricane|p1a: Zamazenta
|-supereffective|p1a: Zamazenta
|-damage|p1a: Zamazenta|0 fnt
|faint|p1a: Zamazenta
|
|-weather|RainDance|[upkeep]
|upkeep
|c|☆sushisav chef|wtf i was +4
|
|t:|1779803123
|switch|p1a: Cinderace|Cinderace, F|100/100
|turn|13
|
|t:|1779803132
|move|p1a: Cinderace|Pyro Ball|p2a: Pelipper
|-resisted|p2a: Pelipper
|-damage|p2a: Pelipper|0 fnt
|faint|p2a: Pelipper
|
|-weather|RainDance|[upkeep]
|upkeep
|
|t:|1779803139
|switch|p2a: Overqwil|Overqwil, M|100/100
|turn|14
|
|t:|1779803144
|move|p2a: Overqwil|Liquidation|p1a: Cinderace
|-supereffective|p1a: Cinderace
|-damage|p1a: Cinderace|0 fnt
|faint|p1a: Cinderace
|-damage|p2a: Overqwil|91/100|[from] item: Life Orb
|
|-weather|RainDance|[upkeep]
|upkeep
|
|t:|1779803172
|switch|p1a: Gholdengo|Gholdengo|100/100
|-damage|p1a: Gholdengo|94/100|[from] Stealth Rock
|turn|15
|
|t:|1779803177
|move|p2a: Overqwil|Crunch|p1a: Gholdengo
|-supereffective|p1a: Gholdengo
|-damage|p1a: Gholdengo|0 fnt
|faint|p1a: Gholdengo
|-damage|p2a: Overqwil|81/100|[from] item: Life Orb
|
|-weather|RainDance|[upkeep]
|upkeep
|
|t:|1779803193
|switch|p1a: Alomomola|Alomomola, M|42/100
|-damage|p1a: Alomomola|29/100|[from] Stealth Rock
|turn|16
|
|t:|1779803197
|move|p1a: Alomomola|Protect|p1a: Alomomola
|-singleturn|p1a: Alomomola|Protect
|move|p2a: Overqwil|Crunch|p1a: Alomomola
|-activate|p1a: Alomomola|move: Protect
|
|-weather|none
|upkeep
|turn|17
|
|t:|1779803201
|move|p2a: Overqwil|Crunch|p1a: Alomomola
|-damage|p1a: Alomomola|2/100
|-damage|p2a: Overqwil|71/100|[from] item: Life Orb
|move|p1a: Alomomola|Wish|p1a: Alomomola
|
|upkeep
|turn|18
|
|t:|1779803210
|move|p1a: Alomomola|Protect|p1a: Alomomola
|-singleturn|p1a: Alomomola|Protect
|move|p2a: Overqwil|Swords Dance|p2a: Overqwil
|-boost|p2a: Overqwil|atk|2
|
|-heal|p1a: Alomomola|52/100|[from] move: Wish|[wisher] Alomomola
|upkeep
|turn|19
|
|t:|1779803218
|move|p2a: Overqwil|Crunch|p1a: Alomomola
|-damage|p1a: Alomomola|0 fnt
|faint|p1a: Alomomola
|-damage|p2a: Overqwil|62/100|[from] item: Life Orb
|
|upkeep
|
|t:|1779803231
|switch|p1a: Gliscor|Gliscor, M|100/100
|-damage|p1a: Gliscor|88/100|[from] Stealth Rock
|turn|20
|
|t:|1779803236
|move|p1a: Gliscor|Protect|p1a: Gliscor
|-singleturn|p1a: Gliscor|Protect
|move|p2a: Overqwil|Liquidation|p1a: Gliscor
|-activate|p1a: Gliscor|move: Protect
|
|-status|p1a: Gliscor|tox|[from] item: Toxic Orb
|upkeep
|turn|21
|
|t:|1779803243
|-terastallize|p1a: Gliscor|Normal
|move|p2a: Overqwil|Liquidation|p1a: Gliscor
|-damage|p1a: Gliscor|30/100 tox
|-damage|p2a: Overqwil|52/100|[from] item: Life Orb
|move|p1a: Gliscor|Facade|p2a: Overqwil
|-damage|p2a: Overqwil|2/100
|
|-heal|p1a: Gliscor|43/100 tox|[from] ability: Poison Heal
|upkeep
|turn|22
|
|t:|1779803256
|move|p2a: Overqwil|Crunch|p1a: Gliscor
|-damage|p1a: Gliscor|0 fnt
|faint|p1a: Gliscor
|-damage|p2a: Overqwil|0 fnt|[from] item: Life Orb
|faint|p2a: Overqwil
|
|upkeep
|
|t:|1779803260
|switch|p2a: Barraskewda|Barraskewda, F|100/100
|switch|p1a: Hoopa|Hoopa-Unbound|61/100
|-damage|p1a: Hoopa|48/100|[from] Stealth Rock
|turn|23
|
|t:|1779803265
|move|p2a: Barraskewda|Liquidation|p1a: Hoopa
|-damage|p1a: Hoopa|0 fnt
|faint|p1a: Hoopa
|
|win|Negative1stClass
|raw|sushisav chef's rating: 1296 &rarr; <strong>1272</strong><br />(-24 for losing)
|raw|Negative1stClass's rating: 1308 &rarr; <strong>1327</strong><br />(+19 for winning)
|l|☆sushisav chef
|player|p1|
|l|☆Negative1stClass
|player|p2|
