|j|‽decwdcv
|j|☆go faster ffs
|t:|1779927889
|gametype|singles
|player|p1|decwdcv|1|1245
|player|p2|go faster ffs|169|1215
|gen|9
|tier|[Gen 9] OU
|rated|
|rule|HP Percentage Mod: HP is shown in percentages
|rule|Endless Battle Clause: Forcing endless battles is banned
|rule|Species Clause: Limit one of each Pokémon
|rule|OHKO Clause: OHKO moves are banned
|rule|Evasion Items Clause: Evasion items are banned
|rule|Evasion Moves Clause: Evasion moves are banned
|rule|Evasion Abilities Clause: Evasion abilities are banned
|rule|Sleep Moves Clause: Sleep-inducing moves are banned
|clearpoke
|poke|p1|Inteleon, M|
|poke|p1|Latios, M|
|poke|p1|Zapdos|
|poke|p1|Dragonite, F|
|poke|p1|Blaziken, M|
|poke|p1|Salamence, M|
|poke|p2|Quaquaval, M|
|poke|p2|Glimmora, M|
|poke|p2|Blissey, F|
|poke|p2|Scizor, M|
|poke|p2|Toxapex, M|
|poke|p2|Dusknoir, F|
|teampreview
|
|t:|1779927897
|teamsize|p1|6
|teamsize|p2|6
|start
|switch|p1a: Dragonite|Dragonite, F, shiny|100/100
|switch|p2a: Scizor|Scizor, M|100/100
|turn|1
|inactive|Battle timer is ON: inactive players will automatically lose when time's up. (requested by go faster ffs)
|
|t:|1779927911
|move|p1a: Dragonite|Dragon Dance|p1a: Dragonite
|-boost|p1a: Dragonite|atk|1
|-boost|p1a: Dragonite|spe|1
|move|p2a: Scizor|Knock Off|p1a: Dragonite
|-damage|p1a: Dragonite|77/100
|-enditem|p1a: Dragonite|Leftovers|[from] move: Knock Off|[of] p2a: Scizor
|
|upkeep
|turn|2
|
|t:|1779927923
|switch|p2a: Dusknoir|Dusknoir, F|100/100
|-ability|p2a: Dusknoir|Pressure
|move|p1a: Dragonite|Earthquake|p2a: Dusknoir
|-damage|p2a: Dusknoir|62/100
|
|upkeep
|turn|3
|
|t:|1779927936
|move|p1a: Dragonite|Earthquake|p2a: Dusknoir
|-damage|p2a: Dusknoir|20/100
|move|p2a: Dusknoir|Will-O-Wisp|p1a: Dragonite
|-status|p1a: Dragonite|brn
|
|-damage|p1a: Dragonite|71/100 brn|[from] brn
|upkeep
|turn|4
|
|t:|1779927944
|switch|p2a: Quaquaval|Quaquaval, M|100/100
|move|p1a: Dragonite|Earthquake|p2a: Quaquaval
|-damage|p2a: Quaquaval|59/100
|
|-damage|p1a: Dragonite|64/100 brn|[from] brn
|upkeep
|turn|5
|
|t:|1779927954
|-terastallize|p1a: Dragonite|Fairy
|move|p1a: Dragonite|Earthquake|p2a: Quaquaval
|-damage|p2a: Quaquaval|19/100
|move|p2a: Quaquaval|Ice Spinner|p1a: Dragonite
|-damage|p1a: Dragonite|40/100 brn
|
|-damage|p1a: Dragonite|33/100 brn|[from] brn
|upkeep
|turn|6
|
|t:|1779927963
|switch|p2a: Scizor|Scizor, M|100/100
|move|p1a: Dragonite|Earthquake|p2a: Scizor
|-damage|p2a: Scizor|72/100
|
|-damage|p1a: Dragonite|27/100 brn|[from] brn
|upkeep
|turn|7
|
|t:|1779927971
|move|p1a: Dragonite|Extreme Speed|p2a: Scizor
|-resisted|p2a: Scizor
|-damage|p2a: Scizor|61/100
|move|p2a: Scizor|Bullet Punch|p1a: Dragonite
|-supereffective|p1a: Dragonite
|-damage|p1a: Dragonite|0 fnt
|faint|p1a: Dragonite
|
|upkeep
|
|t:|1779927983
|switch|p1a: Inteleon|Inteleon, M, shiny|100/100
|turn|8
|
|t:|1779927992
|switch|p2a: Blissey|Blissey, F|100/100
|move|p1a: Inteleon|Snipe Shot|p2a: Blissey
|-crit|p2a: Blissey
|-damage|p2a: Blissey|74/100
|
|-heal|p2a: Blissey|80/100|[from] item: Leftovers
|upkeep
|turn|9
|
|t:|1779928021
|switch|p1a: Latios|Latios, M|100/100
|move|p2a: Blissey|Seismic Toss|p1a: Latios
|-damage|p1a: Latios|67/100
|
|-heal|p2a: Blissey|86/100|[from] item: Leftovers
|upkeep
|turn|10
|
|t:|1779928028
|move|p1a: Latios|Agility|p1a: Latios
|-boost|p1a: Latios|spe|2
|move|p2a: Blissey|Seismic Toss|p1a: Latios
|-damage|p1a: Latios|34/100
|
|-heal|p2a: Blissey|92/100|[from] item: Leftovers
|upkeep
|turn|11
|
|t:|1779928036
|move|p1a: Latios|Recover|p1a: Latios
|-heal|p1a: Latios|84/100
|move|p2a: Blissey|Seismic Toss|p1a: Latios
|-damage|p1a: Latios|51/100
|
|-heal|p2a: Blissey|99/100|[from] item: Leftovers
|upkeep
|turn|12
|
|t:|1779928043
|move|p1a: Latios|Calm Mind|p1a: Latios
|-boost|p1a: Latios|spa|1
|-boost|p1a: Latios|spd|1
|move|p2a: Blissey|Shadow Ball|p1a: Latios
|-supereffective|p1a: Latios
|-damage|p1a: Latios|30/100
|
|-heal|p2a: Blissey|100/100|[from] item: Leftovers
|upkeep
|turn|13
|
|t:|1779928050
|move|p1a: Latios|Recover|p1a: Latios
|-heal|p1a: Latios|81/100
|move|p2a: Blissey|Shadow Ball|p1a: Latios
|-supereffective|p1a: Latios
|-damage|p1a: Latios|60/100
|
|upkeep
|turn|14
|
|t:|1779928056
|move|p1a: Latios|Calm Mind|p1a: Latios
|-boost|p1a: Latios|spa|1
|-boost|p1a: Latios|spd|1
|move|p2a: Blissey|Seismic Toss|p1a: Latios
|-damage|p1a: Latios|27/100
|
|upkeep
|turn|15
|
|t:|1779928062
|move|p1a: Latios|Recover|p1a: Latios
|-heal|p1a: Latios|77/100
|move|p2a: Blissey|Seismic Toss|p1a: Latios
|-damage|p1a: Latios|44/100
|
|upkeep
|turn|16
|
|t:|1779928067
|move|p1a: Latios|Calm Mind|p1a: Latios
|-boost|p1a: Latios|spa|1
|-boost|p1a: Latios|spd|1
|move|p2a: Blissey|Seismic Toss|p1a: Latios
|-damage|p1a: Latios|10/100
|
|upkeep
|turn|17
|
|t:|1779928073
|move|p1a: Latios|Recover|p1a: Latios
|-heal|p1a: Latios|61/100
|move|p2a: Blissey|Seismic Toss|p1a: Latios
|-damage|p1a: Latios|27/100
|
|upkeep
|turn|18
|
|t:|1779928079
|move|p1a: Latios|Recover|p1a: Latios
|-heal|p1a: Latios|78/100
|move|p2a: Blissey|Seismic Toss|p1a: Latios
|-damage|p1a: Latios|44/100
|
|upkeep
|turn|19
|
|t:|1779928084
|move|p1a: Latios|Recover|p1a: Latios
|-heal|p1a: Latios|95/100
|move|p2a: Blissey|Seismic Toss|p1a: Latios
|-damage|p1a: Latios|61/100
|
|upkeep
|turn|20
|
|t:|1779928090
|move|p1a: Latios|Luster Purge|p2a: Blissey
|-damage|p2a: Blissey|56/100
|move|p2a: Blissey|Seismic Toss|p1a: Latios
|-damage|p1a: Latios|28/100
|
|-heal|p2a: Blissey|62/100|[from] item: Leftovers
|upkeep
|turn|21
|
|t:|1779928097
|move|p1a: Latios|Recover|p1a: Latios
|-heal|p1a: Latios|78/100
|move|p2a: Blissey|Seismic Toss|p1a: Latios
|-damage|p1a: Latios|45/100
|
|-heal|p2a: Blissey|69/100|[from] item: Leftovers
|upkeep
|turn|22
|
|t:|1779928108
|move|p1a: Latios|Calm Mind|p1a: Latios
|-boost|p1a: Latios|spa|1
|-boost|p1a: Latios|spd|1
|move|p2a: Blissey|Seismic Toss|p1a: Latios
|-damage|p1a: Latios|12/100
|
|-heal|p2a: Blissey|75/100|[from] item: Leftovers
|upkeep
|turn|23
|
|t:|1779928116
|move|p1a: Latios|Recover|p1a: Latios
|-heal|p1a: Latios|62/100
|move|p2a: Blissey|Seismic Toss|p1a: Latios
|-damage|p1a: Latios|29/100
|
|-heal|p2a: Blissey|81/100|[from] item: Leftovers
|upkeep
|turn|24
|c|☆go faster ffs|Ok
|
|t:|1779928123
|move|p1a: Latios|Luster Purge|p2a: Blissey
|-damage|p2a: Blissey|29/100
|-unboost|p2a: Blissey|spd|1
|move|p2a: Blissey|Seismic Toss|p1a: Latios
|-damage|p1a: Latios|0 fnt
|faint|p1a: Latios
|
|-heal|p2a: Blissey|36/100|[from] item: Leftovers
|upkeep
|
|t:|1779928135
|switch|p1a: Blaziken|Blaziken, M|100/100
|-item|p1a: Blaziken|Air Balloon
|turn|25
|
|t:|1779928139
|switch|p2a: Glimmora|Glimmora, M|100/100
|move|p1a: Blaziken|Swords Dance|p1a: Blaziken
|-boost|p1a: Blaziken|atk|2
|
|-ability|p1a: Blaziken|Speed Boost|boost
|-boost|p1a: Blaziken|spe|1
|upkeep
|turn|26
|
|t:|1779928147
|move|p2a: Glimmora|Sludge Wave|p1a: Blaziken
|-damage|p1a: Blaziken|20/100
|-enditem|p1a: Blaziken|Air Balloon
|move|p1a: Blaziken|Swords Dance|p1a: Blaziken
|-boost|p1a: Blaziken|atk|2
|
|-ability|p1a: Blaziken|Speed Boost|boost
|-boost|p1a: Blaziken|spe|1
|upkeep
|turn|27
|
|t:|1779928156
|move|p1a: Blaziken|Close Combat|p2a: Glimmora
|-damage|p2a: Glimmora|0 fnt
|-unboost|p1a: Blaziken|def|1
|-unboost|p1a: Blaziken|spd|1
|-activate|p2a: Glimmora|ability: Toxic Debris
|-sidestart|p1: decwdcv|move: Toxic Spikes
|faint|p2a: Glimmora
|
|-ability|p1a: Blaziken|Speed Boost|boost
|-boost|p1a: Blaziken|spe|1
|upkeep
|
|t:|1779928159
|switch|p2a: Scizor|Scizor, M|61/100
|turn|28
|
|t:|1779928167
|move|p1a: Blaziken|Protect|p1a: Blaziken
|-singleturn|p1a: Blaziken|Protect
|move|p2a: Scizor|Bullet Punch|p1a: Blaziken
|-activate|p1a: Blaziken|move: Protect
|
|-ability|p1a: Blaziken|Speed Boost|boost
|-boost|p1a: Blaziken|spe|1
|upkeep
|turn|29
|
|t:|1779928181
|switch|p1a: Salamence|Salamence, M|100/100
|move|p2a: Scizor|Bullet Punch|p1a: Salamence
|-damage|p1a: Salamence|32/100
|
|upkeep
|turn|30
|
|t:|1779928191
|move|p2a: Scizor|Bullet Punch|p1a: Salamence
|-damage|p1a: Salamence|0 fnt
|faint|p1a: Salamence
|
|upkeep
|
|t:|1779928196
|switch|p1a: Inteleon|Inteleon, M, shiny|100/100
|-status|p1a: Inteleon|psn
|turn|31
|
|t:|1779928203
|move|p2a: Scizor|Bullet Punch|p1a: Inteleon
|-resisted|p1a: Inteleon
|-damage|p1a: Inteleon|54/100 psn
|move|p1a: Inteleon|Snipe Shot|p2a: Scizor
|-damage|p2a: Scizor|5/100
|
|-damage|p1a: Inteleon|42/100 psn|[from] psn
|upkeep
|turn|32
|
|t:|1779928211
|move|p2a: Scizor|Bullet Punch|p1a: Inteleon
|-resisted|p1a: Inteleon
|-damage|p1a: Inteleon|0 fnt
|faint|p1a: Inteleon
|
|upkeep
|l|‽decwdcv
|inactive|decwdcv disconnected and has a minute to reconnect!
|player|p1|
|inactive|decwdcv has 30 seconds to reconnect!
|inactive|decwdcv has 20 seconds to reconnect!
|inactive|decwdcv has 15 seconds to reconnect!
|inactive|decwdcv has 10 seconds to reconnect!
|inactive|decwdcv has 5 seconds to reconnect!
|-message|decwdcv lost due to inactivity.
|
|win|go faster ffs
|raw|decwdcv's rating: 1245 &rarr; <strong>1218</strong><br />(-27 for losing)
|raw|go faster ffs's rating: 1215 &rarr; <strong>1242</strong><br />(+27 for winning)
