|j|☆smd210
|j|☆pc hulkster
|t:|1779879262
|gametype|singles
|player|p1|smd210|102|1368
|player|p2|pc hulkster|wattson|1376
|gen|9
|tier|[Gen 9] OU
|rated|
|rule|HP Percentage Mod: HP is shown in percentages
|rule|Endless Battle Clause: Forcing endless battles is banned
|rule|Species Clause: Limit one of each Pokémon
|rule|OHKO Clause: OHKO moves are banned
|rule|Evasion Items Clause: Evasion items are banned
|rule|Evasion Moves Clause: Evasion moves are banned
|rule|Evasion Abilities Clause: Evasion abilities are banned
|rule|Sleep Moves Clause: Sleep-inducing moves are banned
|clearpoke
|poke|p1|Dragapult, F|
|poke|p1|Great Tusk|
|poke|p1|Tornadus-Therian, M|
|poke|p1|Pecharunt|
|poke|p1|Ogerpon-Wellspring, F|
|poke|p1|Zamazenta-*|
|poke|p2|Salazzle, F|
|poke|p2|Torkoal, M|
|poke|p2|Hatterene, F|
|poke|p2|Walking Wake|
|poke|p2|Kingambit, M|
|poke|p2|Lilligant-Hisui, F|
|teampreview
|inactive|Battle timer is ON: inactive players will automatically lose when time's up. (requested by pc hulkster)
|
|t:|1779879271
|teamsize|p1|6
|teamsize|p2|6
|start
|switch|p1a: Les Chicots|Great Tusk|100/100
|switch|p2a: Walking Wake|Walking Wake|100/100
|turn|1
|
|t:|1779879287
|-end|p1a: Les Chicots|Protosynthesis|[silent]
|switch|p1a: Tornadus|Tornadus-Therian, M|100/100
|move|p2a: Walking Wake|Draco Meteor|p1a: Tornadus
|-damage|p1a: Tornadus|28/100
|-unboost|p2a: Walking Wake|spa|2
|
|upkeep
|turn|2
|
|t:|1779879301
|switch|p1a: Ogerpon|Ogerpon-Wellspring, F|100/100
|move|p2a: Walking Wake|Draco Meteor|p1a: Ogerpon
|-damage|p1a: Ogerpon|46/100
|-unboost|p2a: Walking Wake|spa|2
|
|upkeep
|turn|3
|
|t:|1779879315
|-end|p2a: Walking Wake|Protosynthesis|[silent]
|switch|p2a: Torkoal|Torkoal, M, shiny|100/100
|-weather|SunnyDay|[from] ability: Drought|[of] p2a: Torkoal
|move|p1a: Ogerpon|Spikes|p2a: Torkoal
|-sidestart|p2: pc hulkster|Spikes
|
|-weather|SunnyDay|[upkeep]
|upkeep
|turn|4
|
|t:|1779879324
|move|p1a: Ogerpon|Knock Off|p2a: Torkoal
|-damage|p2a: Torkoal|75/100
|-enditem|p2a: Torkoal|Heat Rock|[from] move: Knock Off|[of] p1a: Ogerpon
|move|p2a: Torkoal|Earth Power|p1a: Ogerpon
|-resisted|p1a: Ogerpon
|-damage|p1a: Ogerpon|35/100
|
|-weather|SunnyDay|[upkeep]
|upkeep
|turn|5
|
|t:|1779879330
|move|p1a: Ogerpon|Ivy Cudgel|p2a: Torkoal|[anim] Ivy Cudgel Water
|-supereffective|p2a: Torkoal
|-damage|p2a: Torkoal|37/100
|move|p2a: Torkoal|Rapid Spin|p1a: Ogerpon
|-damage|p1a: Ogerpon|22/100
|-boost|p2a: Torkoal|spe|1
|-sideend|p2: pc hulkster|Spikes|[from] move: Rapid Spin|[of] p2a: Torkoal
|
|-weather|SunnyDay|[upkeep]
|upkeep
|turn|6
|
|t:|1779879339
|switch|p2a: Lilligant|Lilligant-Hisui, F, shiny|100/100
|move|p1a: Ogerpon|Ivy Cudgel|p2a: Lilligant|[anim] Ivy Cudgel Water
|-resisted|p2a: Lilligant
|-crit|p2a: Lilligant
|-damage|p2a: Lilligant|67/100
|
|-weather|SunnyDay|[upkeep]
|upkeep
|turn|7
|
|t:|1779879348
|switch|p1a: Tornadus|Tornadus-Therian, M|61/100
|move|p2a: Lilligant|Bullet Seed|p1a: Tornadus
|-resisted|p1a: Tornadus
|-damage|p1a: Tornadus|54/100
|-resisted|p1a: Tornadus
|-damage|p1a: Tornadus|47/100
|-resisted|p1a: Tornadus
|-damage|p1a: Tornadus|41/100
|-resisted|p1a: Tornadus
|-damage|p1a: Tornadus|33/100
|-hitcount|p1a: Tornadus|4
|
|-weather|SunnyDay|[upkeep]
|upkeep
|turn|8
|
|t:|1779879352
|move|p2a: Lilligant|Triple Axel|p1a: Tornadus
|-supereffective|p1a: Tornadus
|-damage|p1a: Tornadus|17/100
|-supereffective|p1a: Tornadus
|-damage|p1a: Tornadus|0 fnt
|faint|p1a: Tornadus
|-hitcount|p1: Tornadus|2
|
|-weather|SunnyDay|[upkeep]
|upkeep
|
|t:|1779879360
|switch|p1a: Zamazenta|Zamazenta|100/100
|-ability|p1a: Zamazenta|Dauntless Shield|boost
|-boost|p1a: Zamazenta|def|1
|turn|9
|
|t:|1779879375
|switch|p2a: Salazzle|Salazzle, F|100/100
|move|p1a: Zamazenta|Roar|p2a: Salazzle
|drag|p2a: Walking Wake|Walking Wake|100/100
|-activate|p2a: Walking Wake|ability: Protosynthesis
|-start|p2a: Walking Wake|protosynthesisspe
|
|-weather|SunnyDay|[upkeep]
|upkeep
|turn|10
|
|t:|1779879390
|switch|p1a: Ogerpon|Ogerpon-Wellspring, F|22/100
|move|p2a: Walking Wake|Flamethrower|p1a: Ogerpon
|-damage|p1a: Ogerpon|0 fnt
|faint|p1a: Ogerpon
|
|-weather|none
|-end|p2a: Walking Wake|Protosynthesis
|upkeep
|
|t:|1779879396
|switch|p1a: Les Chicots|Great Tusk|100/100
|turn|11
|
|t:|1779879401
|-end|p2a: Walking Wake|Protosynthesis|[silent]
|switch|p2a: Torkoal|Torkoal, M, shiny|37/100
|-weather|SunnyDay|[from] ability: Drought|[of] p2a: Torkoal
|-activate|p1a: Les Chicots|ability: Protosynthesis
|-start|p1a: Les Chicots|protosynthesisatk
|move|p1a: Les Chicots|Stealth Rock|p2a: Torkoal
|-sidestart|p2: pc hulkster|move: Stealth Rock
|
|-weather|SunnyDay|[upkeep]
|upkeep
|turn|12
|
|t:|1779879408
|move|p1a: Les Chicots|Headlong Rush|p2a: Torkoal
|-supereffective|p2a: Torkoal
|-damage|p2a: Torkoal|0 fnt
|-unboost|p1a: Les Chicots|def|1
|-unboost|p1a: Les Chicots|spd|1
|faint|p2a: Torkoal
|
|-weather|SunnyDay|[upkeep]
|upkeep
|
|t:|1779879424
|switch|p2a: Lilligant|Lilligant-Hisui, F, shiny|67/100
|-damage|p2a: Lilligant|61/100|[from] Stealth Rock
|turn|13
|
|t:|1779879435
|move|p2a: Lilligant|Bullet Seed|p1a: Les Chicots
|-supereffective|p1a: Les Chicots
|-damage|p1a: Les Chicots|74/100
|-supereffective|p1a: Les Chicots
|-damage|p1a: Les Chicots|47/100
|-supereffective|p1a: Les Chicots
|-crit|p1a: Les Chicots
|-damage|p1a: Les Chicots|9/100
|-supereffective|p1a: Les Chicots
|-damage|p1a: Les Chicots|0 fnt
|faint|p1a: Les Chicots
|-end|p1a: Les Chicots|Protosynthesis|[silent]
|-hitcount|p1: Les Chicots|4
|
|-weather|SunnyDay|[upkeep]
|upkeep
|
|t:|1779879443
|switch|p1a: Pecharunt|Pecharunt|100/100
|turn|14
|
|t:|1779879460
|switch|p2a: Kingambit|Kingambit, M, shiny|100/100
|-damage|p2a: Kingambit|94/100|[from] Stealth Rock
|-activate|p2a: Kingambit|ability: Supreme Overlord
|-start|p2a: Kingambit|fallen1|[silent]
|-item|p2a: Kingambit|Air Balloon
|move|p1a: Pecharunt|Parting Shot|p2a: Kingambit
|-unboost|p2a: Kingambit|atk|1
|-unboost|p2a: Kingambit|spa|1
|
|t:|1779879469
|switch|p1a: Zamazenta|Zamazenta|100/100|[from] Parting Shot
|
|-weather|SunnyDay|[upkeep]
|upkeep
|turn|15
|
|t:|1779879483
|-end|p2a: Kingambit|fallen1|[silent]
|switch|p2a: Hatterene|Hatterene, F, shiny|100/100
|-damage|p2a: Hatterene|88/100|[from] Stealth Rock
|move|p1a: Zamazenta|Roar|p2a: Hatterene
|move|p2a: Hatterene|Roar|p1a: Zamazenta|[from] ability: Magic Bounce
|drag|p1a: Air force One|Dragapult, F|100/100
|
|-weather|none
|upkeep
|turn|16
|
|t:|1779879491
|move|p1a: Air force One|Shadow Ball|p2a: Hatterene
|-supereffective|p2a: Hatterene
|-damage|p2a: Hatterene|0 fnt
|faint|p2a: Hatterene
|
|upkeep
|
|t:|1779879497
|switch|p2a: Kingambit|Kingambit, M, shiny|94/100
|-damage|p2a: Kingambit|88/100|[from] Stealth Rock
|-activate|p2a: Kingambit|ability: Supreme Overlord
|-start|p2a: Kingambit|fallen2|[silent]
|-item|p2a: Kingambit|Air Balloon
|turn|17
|
|t:|1779879506
|switch|p1a: Zamazenta|Zamazenta|100/100
|-end|p2a: Kingambit|fallen2|[silent]
|switch|p2a: Walking Wake|Walking Wake|100/100
|-damage|p2a: Walking Wake|88/100|[from] Stealth Rock
|
|upkeep
|turn|18
|
|t:|1779879518
|move|p1a: Zamazenta|Body Press|p2a: Walking Wake
|-damage|p2a: Walking Wake|51/100
|move|p2a: Walking Wake|Draco Meteor|p1a: Zamazenta
|-crit|p1a: Zamazenta
|-damage|p1a: Zamazenta|0 fnt
|-unboost|p2a: Walking Wake|spa|2
|faint|p1a: Zamazenta
|
|upkeep
|
|t:|1779879523
|switch|p1a: Air force One|Dragapult, F|100/100
|turn|19
|
|t:|1779879529
|move|p1a: Air force One|Shadow Ball|p2a: Walking Wake
|-damage|p2a: Walking Wake|0 fnt
|faint|p2a: Walking Wake
|-end|p2a: Walking Wake|Protosynthesis|[silent]
|
|upkeep
|
|t:|1779879533
|switch|p2a: Kingambit|Kingambit, M, shiny|88/100
|-damage|p2a: Kingambit|82/100|[from] Stealth Rock
|-activate|p2a: Kingambit|ability: Supreme Overlord
|-start|p2a: Kingambit|fallen3|[silent]
|-item|p2a: Kingambit|Air Balloon
|turn|20
|
|t:|1779879540
|switch|p1a: Pecharunt|Pecharunt|100/100
|move|p2a: Kingambit|Sucker Punch||[still]
|-fail|p2a: Kingambit
|
|upkeep
|turn|21
|
|t:|1779879546
|-end|p2a: Kingambit|fallen3|[silent]
|switch|p2a: Salazzle|Salazzle, F|100/100
|-damage|p2a: Salazzle|75/100|[from] Stealth Rock
|move|p1a: Pecharunt|Foul Play|p2a: Salazzle
|-damage|p2a: Salazzle|58/100
|
|-heal|p2a: Salazzle|64/100|[from] item: Leftovers
|upkeep
|turn|22
|
|t:|1779879552
|move|p2a: Salazzle|Substitute|p2a: Salazzle
|-start|p2a: Salazzle|Substitute
|-damage|p2a: Salazzle|39/100
|move|p1a: Pecharunt|Parting Shot|p2a: Salazzle
|-unboost|p2a: Salazzle|atk|1
|-unboost|p2a: Salazzle|spa|1
|
|t:|1779879555
|switch|p1a: Air force One|Dragapult, F|100/100|[from] Parting Shot
|
|-heal|p2a: Salazzle|45/100|[from] item: Leftovers
|upkeep
|turn|23
|
|t:|1779879560
|move|p1a: Air force One|Shadow Ball|p2a: Salazzle
|-crit|p2a: Salazzle
|-damage|p2a: Salazzle|0 fnt
|faint|p2a: Salazzle
|
|upkeep
|
|t:|1779879574
|switch|p2a: Kingambit|Kingambit, M, shiny|82/100
|-damage|p2a: Kingambit|76/100|[from] Stealth Rock
|-activate|p2a: Kingambit|ability: Supreme Overlord
|-start|p2a: Kingambit|fallen4|[silent]
|-item|p2a: Kingambit|Air Balloon
|turn|24
|
|t:|1779879583
|move|p1a: Air force One|Shadow Ball|p2a: Kingambit
|-resisted|p2a: Kingambit
|-damage|p2a: Kingambit|46/100
|-enditem|p2a: Kingambit|Air Balloon
|move|p2a: Kingambit|Iron Head|p1a: Air force One
|-damage|p1a: Air force One|22/100
|
|upkeep
|turn|25
|
|t:|1779879592
|move|p1a: Air force One|Shadow Ball|p2a: Kingambit
|-resisted|p2a: Kingambit
|-damage|p2a: Kingambit|15/100
|-unboost|p2a: Kingambit|spd|1
|move|p2a: Kingambit|Iron Head|p1a: Air force One
|-damage|p1a: Air force One|0 fnt
|faint|p1a: Air force One
|
|upkeep
|
|t:|1779879598
|switch|p1a: Pecharunt|Pecharunt|100/100
|turn|26
|
|t:|1779879604
|-terastallize|p1a: Pecharunt|Dark
|move|p2a: Kingambit|Sucker Punch|p1a: Pecharunt
|-resisted|p1a: Pecharunt
|-damage|p1a: Pecharunt|87/100
|move|p1a: Pecharunt|Foul Play|p2a: Kingambit
|-resisted|p2a: Kingambit
|-damage|p2a: Kingambit|0 fnt
|faint|p2a: Kingambit
|-end|p2a: Kingambit|fallen4|[silent]
|
|upkeep
|
|t:|1779879607
|switch|p2a: Lilligant|Lilligant-Hisui, F, shiny|61/100
|-damage|p2a: Lilligant|55/100|[from] Stealth Rock
|turn|27
|
|t:|1779879612
|move|p2a: Lilligant|Close Combat|p1a: Pecharunt
|-supereffective|p1a: Pecharunt
|-damage|p1a: Pecharunt|35/100
|-unboost|p2a: Lilligant|def|1
|-unboost|p2a: Lilligant|spd|1
|move|p1a: Pecharunt|Malignant Chain|p2a: Lilligant
|-supereffective|p2a: Lilligant
|-crit|p2a: Lilligant
|-damage|p2a: Lilligant|0 fnt
|faint|p2a: Lilligant
|
|win|smd210
|raw|smd210's rating: 1368 &rarr; <strong>1388</strong><br />(+20 for winning)
|raw|pc hulkster's rating: 1376 &rarr; <strong>1356</strong><br />(-20 for losing)
|l|☆smd210
|player|p1|
|c|☆pc hulkster|gg
|l|☆pc hulkster
|player|p2|
