|j|☆newgaem
|j|☆claudechamp
|t:|1779871371
|gametype|singles
|player|p1|newgaem|blue|1324
|player|p2|claudechamp|169|1309
|gen|9
|tier|[Gen 9] OU
|rated|
|rule|HP Percentage Mod: HP is shown in percentages
|rule|Endless Battle Clause: Forcing endless battles is banned
|rule|Species Clause: Limit one of each Pokémon
|rule|OHKO Clause: OHKO moves are banned
|rule|Evasion Items Clause: Evasion items are banned
|rule|Evasion Moves Clause: Evasion moves are banned
|rule|Evasion Abilities Clause: Evasion abilities are banned
|rule|Sleep Moves Clause: Sleep-inducing moves are banned
|clearpoke
|poke|p1|Armarouge, M|
|poke|p1|Kingambit, F|
|poke|p1|Iron Valiant|
|poke|p1|Ceruledge, M|
|poke|p1|Mimikyu, F|
|poke|p1|Cyclizar, M|
|poke|p2|Corviknight, F|
|poke|p2|Ting-Lu|
|poke|p2|Kyurem|
|poke|p2|Dondozo, F|
|poke|p2|Slowking-Galar, M|
|poke|p2|Cinderace, M|
|teampreview
|c|☆claudechamp|hf
|inactive|Battle timer is ON: inactive players will automatically lose when time's up. (requested by claudechamp)
|
|t:|1779871378
|teamsize|p1|6
|teamsize|p2|6
|start
|switch|p1a: Fefnir|Armarouge, M, shiny|100/100
|switch|p2a: Cinderace|Cinderace, M|100/100
|turn|1
|
|t:|1779871384
|switch|p2a: Kyurem|Kyurem|100/100
|-ability|p2a: Kyurem|Pressure
|move|p1a: Fefnir|Armor Cannon|p2a: Kyurem
|-damage|p2a: Kyurem|45/100
|-unboost|p1a: Fefnir|def|1
|-unboost|p1a: Fefnir|spd|1
|
|-heal|p2a: Kyurem|51/100|[from] item: Leftovers
|upkeep
|turn|2
|
|t:|1779871395
|move|p2a: Kyurem|Protect|p2a: Kyurem
|-singleturn|p2a: Kyurem|Protect
|move|p1a: Fefnir|Armor Cannon|p2a: Kyurem
|-activate|p2a: Kyurem|move: Protect
|
|-heal|p2a: Kyurem|57/100|[from] item: Leftovers
|upkeep
|turn|3
|
|t:|1779871403
|move|p2a: Kyurem|Earth Power|p1a: Fefnir
|-supereffective|p1a: Fefnir
|-enditem|p1a: Fefnir|Focus Sash
|-damage|p1a: Fefnir|1/100
|move|p1a: Fefnir|Armor Cannon|p2a: Kyurem
|-damage|p2a: Kyurem|3/100
|-unboost|p1a: Fefnir|def|1
|-unboost|p1a: Fefnir|spd|1
|
|-heal|p2a: Kyurem|10/100|[from] item: Leftovers
|upkeep
|turn|4
|
|t:|1779871422
|switch|p1a: Harpuia|Cyclizar, M|100/100
|move|p2a: Kyurem|Earth Power|p1a: Harpuia
|-damage|p1a: Harpuia|51/100
|
|-heal|p2a: Kyurem|16/100|[from] item: Leftovers
|upkeep
|turn|5
|
|t:|1779871435
|move|p1a: Harpuia|U-turn|p2a: Kyurem
|-damage|p2a: Kyurem|4/100
|
|t:|1779871443
|switch|p1a: Zero|Ceruledge, M, shiny|100/100|[from] U-turn
|move|p2a: Kyurem|Earth Power|p1a: Zero
|-supereffective|p1a: Zero
|-damage|p1a: Zero|26/100
|
|-heal|p2a: Kyurem|10/100|[from] item: Leftovers
|upkeep
|turn|6
|
|t:|1779871452
|move|p1a: Zero|Shadow Sneak|p2a: Kyurem
|-damage|p2a: Kyurem|0 fnt
|faint|p2a: Kyurem
|-damage|p1a: Zero|16/100|[from] item: Life Orb
|
|upkeep
|
|t:|1779871453
|switch|p2a: Ting-Lu|Ting-Lu|100/100
|-ability|p2a: Ting-Lu|Vessel of Ruin
|turn|7
|
|t:|1779871462
|move|p1a: Zero|Destiny Bond|p1a: Zero
|-singlemove|p1a: Zero|Destiny Bond
|move|p2a: Ting-Lu|Earthquake|p1a: Zero
|-supereffective|p1a: Zero
|-damage|p1a: Zero|0 fnt
|faint|p1a: Zero
|-activate|p1a: Zero|move: Destiny Bond
|faint|p2a: Ting-Lu
|
|upkeep
|
|t:|1779871471
|switch|p1a: Fefnir|Armarouge, M, shiny|1/100
|switch|p2a: Dondozo|Dondozo, F|100/100
|turn|8
|
|t:|1779871477
|move|p1a: Fefnir|Endure|p1a: Fefnir
|-singleturn|p1a: Fefnir|move: Endure
|move|p2a: Dondozo|Body Press|p1a: Fefnir
|-resisted|p1a: Fefnir
|-activate|p1a: Fefnir|move: Endure
|-damage|p1a: Fefnir|1/100
|-ability|p1a: Fefnir|Weak Armor|boost
|-unboost|p1a: Fefnir|def|1
|-boost|p1a: Fefnir|spe|2
|
|upkeep
|turn|9
|
|t:|1779871487
|move|p1a: Fefnir|Destiny Bond|p1a: Fefnir
|-singlemove|p1a: Fefnir|Destiny Bond
|move|p2a: Dondozo|Body Press|p1a: Fefnir
|-resisted|p1a: Fefnir
|-damage|p1a: Fefnir|0 fnt
|faint|p1a: Fefnir
|-activate|p1a: Fefnir|move: Destiny Bond
|faint|p2a: Dondozo
|
|upkeep
|
|t:|1779871497
|switch|p1a: Leviathan|Mimikyu, F|100/100
|switch|p2a: Slowking|Slowking-Galar, M|100/100
|turn|10
|
|t:|1779871502
|move|p1a: Leviathan|Curse|p2a: Slowking
|-start|p2a: Slowking|Curse|[of] p1a: Leviathan
|-damage|p1a: Leviathan|50/100
|move|p2a: Slowking|Ice Beam|p1a: Leviathan
|-activate|p1a: Leviathan|ability: Disguise
|-damage|p1a: Leviathan|50/100
|detailschange|p1a: Leviathan|Mimikyu-Busted, F
|-damage|p1a: Leviathan|38/100|[from] pokemon: Mimikyu-Busted
|
|-heal|p1a: Leviathan|44/100|[from] item: Leftovers
|-damage|p2a: Slowking|76/100|[from] Curse
|upkeep
|turn|11
|
|t:|1779871515
|move|p1a: Leviathan|Pain Split|p2a: Slowking
|-sethp|p2a: Slowking|55/100|[from] move: Pain Split|[silent]
|-sethp|p1a: Leviathan|69/100|[from] move: Pain Split
|move|p2a: Slowking|Future Sight|p1a: Leviathan
|-start|p2a: Slowking|move: Future Sight
|
|-heal|p1a: Leviathan|75/100|[from] item: Leftovers
|-damage|p2a: Slowking|30/100|[from] Curse
|upkeep
|turn|12
|
|t:|1779871532
|switch|p1a: Bishamonten|Kingambit, F|100/100
|-activate|p1a: Bishamonten|ability: Supreme Overlord
|-start|p1a: Bishamonten|fallen2|[silent]
|-prepare|p2a: Slowking|Chilly Reception|[premajor]
|move|p2a: Slowking|Chilly Reception|p2a: Slowking
|-weather|Snowscape
|
|t:|1779871536
|switch|p2a: Cinderace|Cinderace, M|100/100|[from] Chilly Reception
|
|-weather|Snowscape|[upkeep]
|upkeep
|turn|13
|
|t:|1779871554
|-end|p1a: Bishamonten|fallen2|[silent]
|switch|p1a: Leviathan|Mimikyu-Busted, F|75/100
|move|p2a: Cinderace|Pyro Ball|p1a: Leviathan
|-damage|p1a: Leviathan|15/100
|
|-weather|Snowscape|[upkeep]
|-end|p1a: Leviathan|move: Future Sight
|-damage|p1a: Leviathan|0 fnt
|faint|p1a: Leviathan
|upkeep
|
|t:|1779871565
|switch|p1a: Omega|Iron Valiant|100/100
|-enditem|p1a: Omega|Booster Energy
|-activate|p1a: Omega|ability: Quark Drive|[fromitem]
|-start|p1a: Omega|quarkdrivespe
|turn|14
|
|t:|1779871580
|move|p1a: Omega|Swords Dance|p1a: Omega
|-boost|p1a: Omega|atk|2
|move|p2a: Cinderace|Pyro Ball|p1a: Omega
|-damage|p1a: Omega|40/100
|
|-weather|Snowscape|[upkeep]
|upkeep
|turn|15
|
|t:|1779871588
|switch|p2a: Slowking|Slowking-Galar, M|64/100
|move|p1a: Omega|Close Combat|p2a: Slowking
|-resisted|p2a: Slowking
|-damage|p2a: Slowking|41/100
|-unboost|p1a: Omega|def|1
|-unboost|p1a: Omega|spd|1
|
|-weather|Snowscape|[upkeep]
|upkeep
|turn|16
|
|t:|1779871598
|move|p1a: Omega|Destiny Bond|p1a: Omega
|-singlemove|p1a: Omega|Destiny Bond
|move|p2a: Slowking|Ice Beam|p1a: Omega
|-damage|p1a: Omega|0 fnt
|faint|p1a: Omega
|-activate|p1a: Omega|move: Destiny Bond
|-end|p1a: Omega|Quark Drive|[silent]
|faint|p2a: Slowking
|
|-weather|none
|upkeep
|
|t:|1779871609
|switch|p1a: Harpuia|Cyclizar, M|84/100
|switch|p2a: Cinderace|Cinderace, M|100/100
|turn|17
|
|t:|1779871614
|-terastallize|p2a: Cinderace|Fire
|move|p1a: Harpuia|Draco Meteor|p2a: Cinderace|[miss]
|-miss|p1a: Harpuia|p2a: Cinderace
|move|p2a: Cinderace|Pyro Ball|p1a: Harpuia
|-resisted|p1a: Harpuia
|-damage|p1a: Harpuia|33/100
|
|upkeep
|turn|18
|
|t:|1779871623
|move|p1a: Harpuia|Draco Meteor|p2a: Cinderace
|-damage|p2a: Cinderace|44/100
|-unboost|p1a: Harpuia|spa|2
|move|p2a: Cinderace|Pyro Ball|p1a: Harpuia
|-resisted|p1a: Harpuia
|-damage|p1a: Harpuia|0 fnt
|faint|p1a: Harpuia
|
|upkeep
|
|t:|1779871632
|switch|p1a: Bishamonten|Kingambit, F|100/100
|-activate|p1a: Bishamonten|ability: Supreme Overlord
|-start|p1a: Bishamonten|fallen5|[silent]
|turn|19
|
|t:|1779871637
|-terastallize|p1a: Bishamonten|Flying
|move|p1a: Bishamonten|Sucker Punch|p2a: Cinderace
|-damage|p2a: Cinderace|0 fnt
|faint|p2a: Cinderace
|
|upkeep
|
|t:|1779871641
|switch|p2a: Corviknight|Corviknight, F|100/100
|-ability|p2a: Corviknight|Pressure
|turn|20
|
|t:|1779871647
|move|p2a: Corviknight|Brave Bird|p1a: Bishamonten
|-damage|p1a: Bishamonten|75/100
|-damage|p2a: Corviknight|92/100|[from] Recoil
|move|p1a: Bishamonten|Kowtow Cleave|p2a: Corviknight
|-damage|p2a: Corviknight|51/100
|-damage|p1a: Bishamonten|58/100|[from] item: Rocky Helmet|[of] p2a: Corviknight
|
|-heal|p1a: Bishamonten|65/100|[from] item: Leftovers
|upkeep
|turn|21
|
|t:|1779871658
|move|p2a: Corviknight|Roost|p2a: Corviknight
|-heal|p2a: Corviknight|100/100
|-singleturn|p2a: Corviknight|move: Roost
|move|p1a: Bishamonten|Swords Dance|p1a: Bishamonten
|-boost|p1a: Bishamonten|atk|2
|
|-heal|p1a: Bishamonten|71/100|[from] item: Leftovers
|upkeep
|turn|22
|
|t:|1779871668
|move|p2a: Corviknight|U-turn|p1a: Bishamonten
|-resisted|p1a: Bishamonten
|-damage|p1a: Bishamonten|65/100
|move|p1a: Bishamonten|Kowtow Cleave|p2a: Corviknight
|-damage|p2a: Corviknight|14/100
|-damage|p1a: Bishamonten|49/100|[from] item: Rocky Helmet|[of] p2a: Corviknight
|
|-heal|p1a: Bishamonten|55/100|[from] item: Leftovers
|upkeep
|turn|23
|
|t:|1779871678
|move|p2a: Corviknight|U-turn|p1a: Bishamonten
|-resisted|p1a: Bishamonten
|-damage|p1a: Bishamonten|50/100
|move|p1a: Bishamonten|Kowtow Cleave|p2a: Corviknight
|-damage|p2a: Corviknight|0 fnt
|-damage|p1a: Bishamonten|33/100|[from] item: Rocky Helmet|[of] p2a: Corviknight
|faint|p2a: Corviknight
|
|win|newgaem
|raw|newgaem's rating: 1324 &rarr; <strong>1342</strong><br />(+18 for winning)
|raw|claudechamp's rating: 1290 &rarr; <strong>1267</strong><br />(-23 for losing)
|c|☆claudechamp|gg
|c|☆newgaem|Gg
|l|☆newgaem
|player|p1|
