|j|☆bu1tr4go
|j|☆waplejoos
|t:|1779817963
|gametype|singles
|player|p1|bu1tr4go|supernerd|1370
|player|p2|waplejoos|170|1353
|gen|9
|tier|[Gen 9] OU
|rated|
|rule|HP Percentage Mod: HP is shown in percentages
|rule|Endless Battle Clause: Forcing endless battles is banned
|rule|Species Clause: Limit one of each Pokémon
|rule|OHKO Clause: OHKO moves are banned
|rule|Evasion Items Clause: Evasion items are banned
|rule|Evasion Moves Clause: Evasion moves are banned
|rule|Evasion Abilities Clause: Evasion abilities are banned
|rule|Sleep Moves Clause: Sleep-inducing moves are banned
|clearpoke
|poke|p1|Kingambit, F|
|poke|p1|Ceruledge, F|
|poke|p1|Ursaluna, M|
|poke|p1|Glimmora, M|
|poke|p1|Ogerpon-Wellspring, F|
|poke|p1|Raging Bolt|
|poke|p2|Landorus-Therian, M|
|poke|p2|Mandibuzz, F|
|poke|p2|Kingambit, M|
|poke|p2|Raging Bolt|
|poke|p2|Primarina, F|
|poke|p2|Mienshao, M|
|teampreview
|inactive|Battle timer is ON: inactive players will automatically lose when time's up. (requested by bu1tr4go)
|
|t:|1779817974
|teamsize|p1|6
|teamsize|p2|6
|start
|switch|p1a: Ogerpon|Ogerpon-Wellspring, F|100/100
|switch|p2a: Landorus|Landorus-Therian, M|100/100
|-ability|p2a: Landorus|Intimidate|boost
|-unboost|p1a: Ogerpon|atk|1
|turn|1
|
|t:|1779817982
|move|p1a: Ogerpon|Ivy Cudgel|p2a: Landorus|[anim] Ivy Cudgel Water
|-supereffective|p2a: Landorus
|-damage|p2a: Landorus|20/100
|move|p2a: Landorus|Rock Tomb|p1a: Ogerpon
|-damage|p1a: Ogerpon|76/100
|-unboost|p1a: Ogerpon|spe|1
|
|-heal|p2a: Landorus|26/100|[from] item: Leftovers
|upkeep
|turn|2
|
|t:|1779817995
|switch|p2a: Mienshao|Mienshao, M|100/100
|move|p1a: Ogerpon|Knock Off|p2a: Mienshao
|-resisted|p2a: Mienshao
|-damage|p2a: Mienshao|75/100
|-enditem|p2a: Mienshao|Focus Sash|[from] move: Knock Off|[of] p1a: Ogerpon
|
|upkeep
|turn|3
|
|t:|1779818008
|switch|p1a: Ceruledge|Ceruledge, F|100/100
|move|p2a: Mienshao|Knock Off|p1a: Ceruledge
|-supereffective|p1a: Ceruledge
|-damage|p1a: Ceruledge|3/100
|-ability|p1a: Ceruledge|Weak Armor|boost
|-unboost|p1a: Ceruledge|def|1
|-boost|p1a: Ceruledge|spe|2
|-enditem|p1a: Ceruledge|Weakness Policy
|-boost|p1a: Ceruledge|atk|2|[from] item: Weakness Policy
|-boost|p1a: Ceruledge|spa|2|[from] item: Weakness Policy
|
|upkeep
|turn|4
|
|t:|1779818030
|move|p1a: Ceruledge|Bitter Blade|p2a: Mienshao
|-damage|p2a: Mienshao|0 fnt
|-heal|p1a: Ceruledge|37/100|[from] drain|[of] p2a: Mienshao
|faint|p2a: Mienshao
|
|upkeep
|
|t:|1779818036
|switch|p2a: Kingambit|Kingambit, M, shiny|100/100
|-activate|p2a: Kingambit|ability: Supreme Overlord
|-start|p2a: Kingambit|fallen1|[silent]
|turn|5
|
|t:|1779818041
|move|p2a: Kingambit|Sucker Punch||[still]
|-fail|p2a: Kingambit
|move|p1a: Ceruledge|Destiny Bond|p1a: Ceruledge
|-singlemove|p1a: Ceruledge|Destiny Bond
|
|upkeep
|turn|6
|
|t:|1779818046
|move|p2a: Kingambit|Sucker Punch|p1a: Ceruledge
|-supereffective|p1a: Ceruledge
|-damage|p1a: Ceruledge|0 fnt
|faint|p1a: Ceruledge
|-activate|p1a: Ceruledge|move: Destiny Bond
|faint|p2a: Kingambit
|-end|p2a: Kingambit|fallen1|[silent]
|
|upkeep
|
|t:|1779818061
|switch|p1a: Ogerpon|Ogerpon-Wellspring, F|76/100
|switch|p2a: Landorus|Landorus-Therian, M|26/100
|-ability|p2a: Landorus|Intimidate|boost
|-unboost|p1a: Ogerpon|atk|1
|turn|7
|
|t:|1779818069
|switch|p2a: Mandibuzz|Mandibuzz, F|100/100
|move|p1a: Ogerpon|Knock Off|p2a: Mandibuzz
|-resisted|p2a: Mandibuzz
|-damage|p2a: Mandibuzz|91/100
|-damage|p1a: Ogerpon|59/100|[from] item: Rocky Helmet|[of] p2a: Mandibuzz
|-ability|p2a: Mandibuzz|Weak Armor|boost
|-unboost|p2a: Mandibuzz|def|1
|-boost|p2a: Mandibuzz|spe|2
|-enditem|p2a: Mandibuzz|Rocky Helmet|[from] move: Knock Off|[of] p1a: Ogerpon
|
|upkeep
|turn|8
|
|t:|1779818096
|switch|p1a: Kingambit|Kingambit, F|100/100
|-activate|p1a: Kingambit|ability: Supreme Overlord
|-start|p1a: Kingambit|fallen1|[silent]
|move|p2a: Mandibuzz|Foul Play|p1a: Kingambit
|-resisted|p1a: Kingambit
|-damage|p1a: Kingambit|80/100
|
|upkeep
|turn|9
|
|t:|1779818107
|switch|p2a: Landorus|Landorus-Therian, M|26/100
|-ability|p2a: Landorus|Intimidate|boost
|-unboost|p1a: Kingambit|atk|1
|move|p1a: Kingambit|Iron Head|p2a: Landorus
|-damage|p2a: Landorus|0 fnt
|faint|p2a: Landorus
|
|upkeep
|
|t:|1779818116
|switch|p2a: Raging Bolt|Raging Bolt|100/100
|-enditem|p2a: Raging Bolt|Booster Energy
|-activate|p2a: Raging Bolt|ability: Protosynthesis|[fromitem]
|-start|p2a: Raging Bolt|protosynthesisspa
|turn|10
|
|t:|1779818123
|-end|p1a: Kingambit|fallen1|[silent]
|switch|p1a: Glimmora|Glimmora, M|100/100
|move|p2a: Raging Bolt|Calm Mind|p2a: Raging Bolt
|-boost|p2a: Raging Bolt|spa|1
|-boost|p2a: Raging Bolt|spd|1
|
|upkeep
|turn|11
|
|t:|1779818130
|move|p1a: Glimmora|Sludge Bomb|p2a: Raging Bolt
|-damage|p2a: Raging Bolt|65/100
|-damage|p1a: Glimmora|91/100|[from] item: Life Orb
|move|p2a: Raging Bolt|Volt Switch|p1a: Glimmora
|-damage|p1a: Glimmora|0 fnt
|faint|p1a: Glimmora
|
|t:|1779818139
|-end|p2a: Raging Bolt|Protosynthesis|[silent]
|switch|p2a: Mandibuzz|Mandibuzz, F|91/100|[from] Volt Switch
|
|upkeep
|
|t:|1779818144
|switch|p1a: Raging Bolt|Raging Bolt|100/100
|turn|12
|
|t:|1779818147
|move|p1a: Raging Bolt|Thunderbolt|p2a: Mandibuzz
|-supereffective|p2a: Mandibuzz
|-damage|p2a: Mandibuzz|8/100
|move|p2a: Mandibuzz|Toxic|p1a: Raging Bolt
|-status|p1a: Raging Bolt|tox
|
|-damage|p1a: Raging Bolt|94/100 tox|[from] psn
|upkeep
|turn|13
|
|t:|1779818156
|switch|p2a: Raging Bolt|Raging Bolt|65/100
|move|p1a: Raging Bolt|Thunderbolt|p2a: Raging Bolt
|-resisted|p2a: Raging Bolt
|-damage|p2a: Raging Bolt|53/100
|
|-damage|p1a: Raging Bolt|82/100 tox|[from] psn
|upkeep
|turn|14
|
|t:|1779818164
|move|p1a: Raging Bolt|Dragon Pulse|p2a: Raging Bolt
|-supereffective|p2a: Raging Bolt
|-damage|p2a: Raging Bolt|0 fnt
|faint|p2a: Raging Bolt
|-end|p2a: Raging Bolt|Protosynthesis|[silent]
|
|-damage|p1a: Raging Bolt|63/100 tox|[from] psn
|upkeep
|
|t:|1779818169
|switch|p2a: Primarina|Primarina, F, shiny|100/100
|turn|15
|
|t:|1779818173
|move|p1a: Raging Bolt|Thunderbolt|p2a: Primarina
|-supereffective|p2a: Primarina
|-damage|p2a: Primarina|46/100
|-status|p2a: Primarina|par
|move|p2a: Primarina|Moonblast|p1a: Raging Bolt
|-supereffective|p1a: Raging Bolt
|-damage|p1a: Raging Bolt|0 fnt
|faint|p1a: Raging Bolt
|-end|p1a: Raging Bolt|Protosynthesis|[silent]
|
|upkeep
|
|t:|1779818186
|switch|p1a: Ogerpon|Ogerpon-Wellspring, F|59/100
|turn|16
|
|t:|1779818190
|move|p1a: Ogerpon|Horn Leech|p2a: Primarina
|-supereffective|p2a: Primarina
|-damage|p2a: Primarina|0 fnt
|-heal|p1a: Ogerpon|86/100|[from] drain|[of] p2a: Primarina
|faint|p2a: Primarina
|
|upkeep
|-message|waplejoos forfeited.
|
|win|bu1tr4go
|raw|bu1tr4go's rating: 1370 &rarr; <strong>1389</strong><br />(+19 for winning)
|raw|waplejoos's rating: 1353 &rarr; <strong>1334</strong><br />(-19 for losing)
|l|☆waplejoos
|player|p2|
|l|☆bu1tr4go
|player|p1|
