|j|☆hongyi233
|j|☆tuanquewang
|t:|1779961680
|gametype|singles
|player|p1|hongyi233|dawn|1651
|player|p2|tuanquewang|backersf|1725
|gen|9
|tier|[Gen 9] OU
|rated|
|rule|HP Percentage Mod: HP is shown in percentages
|rule|Endless Battle Clause: Forcing endless battles is banned
|rule|Species Clause: Limit one of each Pokémon
|rule|OHKO Clause: OHKO moves are banned
|rule|Evasion Items Clause: Evasion items are banned
|rule|Evasion Moves Clause: Evasion moves are banned
|rule|Evasion Abilities Clause: Evasion abilities are banned
|rule|Sleep Moves Clause: Sleep-inducing moves are banned
|clearpoke
|poke|p1|Primarina, M|
|poke|p1|Ogerpon-Wellspring, F|
|poke|p1|Pelipper, M|
|poke|p1|Dondozo, F|
|poke|p1|Azumarill, M|
|poke|p1|Samurott-Hisui, F|
|poke|p2|Slowking-Galar, M|
|poke|p2|Hydrapple, F|
|poke|p2|Cinderace, M|
|poke|p2|Iron Crown|
|poke|p2|Alomomola, F|
|poke|p2|Mamoswine, M|
|teampreview
|inactive|Battle timer is ON: inactive players will automatically lose when time's up. (requested by tuanquewang)
|j| i got gas hmu
|
|t:|1779961704
|teamsize|p1|6
|teamsize|p2|6
|start
|switch|p1a: Pelipper|Pelipper, M|100/100
|switch|p2a: Iron Crown|Iron Crown|100/100
|-weather|RainDance|[from] ability: Drizzle|[of] p1a: Pelipper
|turn|1
|
|t:|1779961713
|move|p2a: Iron Crown|Volt Switch|p1a: Pelipper
|-supereffective|p1a: Pelipper
|-damage|p1a: Pelipper|0 fnt
|faint|p1a: Pelipper
|
|t:|1779961725
|-end|p2a: Iron Crown|Quark Drive|[silent]
|switch|p2a: Hydrapple|Hydrapple, F, shiny|100/100|[from] Volt Switch
|
|-weather|RainDance|[upkeep]
|upkeep
|
|t:|1779961729
|switch|p1a: Primarina|Primarina, M|100/100
|turn|2
|j| jsnsddk
|
|t:|1779961735
|switch|p2a: Slowking|Slowking-Galar, M|100/100
|move|p1a: Primarina|Substitute|p1a: Primarina
|-start|p1a: Primarina|Substitute
|-damage|p1a: Primarina|76/100
|
|-weather|RainDance|[upkeep]
|-heal|p1a: Primarina|82/100|[from] item: Leftovers
|upkeep
|turn|3
|
|t:|1779961740
|move|p1a: Primarina|Calm Mind|p1a: Primarina
|-boost|p1a: Primarina|spa|1
|-boost|p1a: Primarina|spd|1
|move|p2a: Slowking|Psychic Noise|p1a: Primarina
|-damage|p1a: Primarina|62/100
|-start|p1a: Primarina|move: Heal Block
|
|-weather|RainDance|[upkeep]
|upkeep
|turn|4
|
|t:|1779961744
|move|p1a: Primarina|Calm Mind|p1a: Primarina
|-boost|p1a: Primarina|spa|1
|-boost|p1a: Primarina|spd|1
|-prepare|p2a: Slowking|Chilly Reception|[premajor]
|move|p2a: Slowking|Chilly Reception|p2a: Slowking
|-weather|Snowscape
|
|t:|1779961756
|switch|p2a: Iron Crown|Iron Crown|100/100|[from] Chilly Reception
|
|-weather|Snowscape|[upkeep]
|-end|p1a: Primarina|move: Heal Block
|upkeep
|turn|5
|
|t:|1779961767
|move|p2a: Iron Crown|Volt Switch|p1a: Primarina
|-supereffective|p1a: Primarina
|-end|p1a: Primarina|Substitute
|
|t:|1779961771
|-end|p2a: Iron Crown|Quark Drive|[silent]
|switch|p2a: Slowking|Slowking-Galar, M|100/100|[from] Volt Switch
|move|p1a: Primarina|Calm Mind|p1a: Primarina
|-boost|p1a: Primarina|spa|1
|-boost|p1a: Primarina|spd|1
|
|-weather|Snowscape|[upkeep]
|-heal|p1a: Primarina|68/100|[from] item: Leftovers
|upkeep
|turn|6
|
|t:|1779961775
|move|p1a: Primarina|Substitute|p1a: Primarina
|-start|p1a: Primarina|Substitute
|-damage|p1a: Primarina|44/100
|move|p2a: Slowking|Psychic Noise|p1a: Primarina
|-damage|p1a: Primarina|32/100
|-start|p1a: Primarina|move: Heal Block
|
|-weather|Snowscape|[upkeep]
|upkeep
|turn|7
|
|t:|1779961781
|move|p1a: Primarina|Calm Mind|p1a: Primarina
|-boost|p1a: Primarina|spa|1
|-boost|p1a: Primarina|spd|1
|-prepare|p2a: Slowking|Chilly Reception|[premajor]
|move|p2a: Slowking|Chilly Reception|p2a: Slowking
|
|t:|1779961785
|switch|p2a: Iron Crown|Iron Crown|100/100|[from] Chilly Reception
|
|-weather|Snowscape|[upkeep]
|-end|p1a: Primarina|move: Heal Block
|upkeep
|turn|8
|
|t:|1779961796
|move|p2a: Iron Crown|Volt Switch|p1a: Primarina
|-supereffective|p1a: Primarina
|-activate|p1a: Primarina|move: Substitute|[damage]
|
|t:|1779961797
|-end|p2a: Iron Crown|Quark Drive|[silent]
|switch|p2a: Hydrapple|Hydrapple, F, shiny|100/100|[from] Volt Switch
|move|p1a: Primarina|Calm Mind|p1a: Primarina
|-boost|p1a: Primarina|spa|1
|-boost|p1a: Primarina|spd|1
|
|-weather|none
|-heal|p1a: Primarina|38/100|[from] item: Leftovers
|upkeep
|turn|9
|
|t:|1779961802
|switch|p2a: Slowking|Slowking-Galar, M|100/100
|move|p1a: Primarina|Moonblast|p2a: Slowking
|-resisted|p2a: Slowking
|-damage|p2a: Slowking|47/100
|
|-heal|p1a: Primarina|44/100|[from] item: Leftovers
|-heal|p2a: Slowking|53/100|[from] item: Black Sludge
|upkeep
|turn|10
|
|t:|1779961810
|move|p1a: Primarina|Moonblast|p2a: Slowking
|-resisted|p2a: Slowking
|-damage|p2a: Slowking|0 fnt
|faint|p2a: Slowking
|
|-heal|p1a: Primarina|50/100|[from] item: Leftovers
|upkeep
|
|t:|1779961813
|switch|p2a: Iron Crown|Iron Crown|100/100
|turn|11
|
|t:|1779961817
|move|p2a: Iron Crown|Volt Switch|p1a: Primarina
|-supereffective|p1a: Primarina
|-end|p1a: Primarina|Substitute
|
|t:|1779961820
|-end|p2a: Iron Crown|Quark Drive|[silent]
|switch|p2a: Cinderace|Cinderace, M|100/100|[from] Volt Switch
|move|p1a: Primarina|Substitute|p1a: Primarina
|-start|p1a: Primarina|Substitute
|-damage|p1a: Primarina|25/100
|
|-heal|p1a: Primarina|31/100|[from] item: Leftovers
|upkeep
|turn|12
|
|t:|1779961830
|move|p2a: Cinderace|High Jump Kick|p1a: Primarina|[miss]
|-start|p2a: Cinderace|typechange|Fighting|[from] ability: Libero
|-miss|p2a: Cinderace|p1a: Primarina
|-damage|p2a: Cinderace|51/100|[from] highjumpkick
|move|p1a: Primarina|Moonblast|p2a: Cinderace
|-supereffective|p2a: Cinderace
|-damage|p2a: Cinderace|0 fnt
|faint|p2a: Cinderace
|
|-heal|p1a: Primarina|37/100|[from] item: Leftovers
|upkeep
|
|t:|1779961842
|switch|p2a: Mamoswine|Mamoswine, M|100/100
|turn|13
|
|t:|1779961847
|move|p1a: Primarina|Moonblast|p2a: Mamoswine
|-damage|p2a: Mamoswine|0 fnt
|faint|p2a: Mamoswine
|
|-heal|p1a: Primarina|43/100|[from] item: Leftovers
|upkeep
|-message|tuanquewang forfeited.
|
|win|hongyi233
|raw|hongyi233's rating: 1651 &rarr; <strong>1675</strong><br />(+24 for winning)
|raw|tuanquewang's rating: 1725 &rarr; <strong>1701</strong><br />(-24 for losing)
|l|☆tuanquewang
|player|p2|
|l| i got gas hmu
|l| jsnsddk
