|j|☆Caligoat
|j|☆Yasmina93
|t:|1779891762
|gametype|singles
|player|p1|Caligoat|skyla|1452
|player|p2|Yasmina93|swimmerf|1425
|gen|9
|tier|[Gen 9] OU
|rated|
|rule|HP Percentage Mod: HP is shown in percentages
|rule|Endless Battle Clause: Forcing endless battles is banned
|rule|Species Clause: Limit one of each Pokémon
|rule|OHKO Clause: OHKO moves are banned
|rule|Evasion Items Clause: Evasion items are banned
|rule|Evasion Moves Clause: Evasion moves are banned
|rule|Evasion Abilities Clause: Evasion abilities are banned
|rule|Sleep Moves Clause: Sleep-inducing moves are banned
|clearpoke
|poke|p1|Zoroark-Hisui, F|
|poke|p1|Ursaluna, M|
|poke|p1|Ogerpon-Wellspring, F|
|poke|p1|Great Tusk|
|poke|p1|Enamorus, F|
|poke|p1|Clefable, F|
|poke|p2|Zapdos|
|poke|p2|Heatran, M|
|poke|p2|Ogerpon-Wellspring, F|
|poke|p2|Great Tusk|
|poke|p2|Darkrai|
|poke|p2|Clefable, F|
|teampreview
|inactive|Battle timer is ON: inactive players will automatically lose when time's up. (requested by Caligoat)
|inactive|Caligoat has 120 seconds left.
|
|t:|1779891794
|teamsize|p1|6
|teamsize|p2|6
|start
|switch|p1a: Enamorus|Enamorus, F|100/100
|switch|p2a: Zapdos|Zapdos|100/100
|turn|1
|
|t:|1779891803
|move|p1a: Enamorus|Moonblast|p2a: Zapdos
|-damage|p2a: Zapdos|27/100
|-unboost|p2a: Zapdos|spa|1
|move|p2a: Zapdos|Thunder Wave|p1a: Enamorus
|-status|p1a: Enamorus|par
|
|upkeep
|turn|2
|
|t:|1779891810
|move|p2a: Zapdos|Volt Switch|p1a: Enamorus
|-supereffective|p1a: Enamorus
|-damage|p1a: Enamorus|40/100 par
|
|t:|1779891813
|switch|p2a: Heatran|Heatran, M|100/100|[from] Volt Switch
|cant|p1a: Enamorus|par
|
|upkeep
|turn|3
|
|t:|1779891820
|move|p2a: Heatran|Magma Storm|p1a: Enamorus
|-damage|p1a: Enamorus|0 fnt
|faint|p1a: Enamorus
|
|upkeep
|
|t:|1779891822
|switch|p1a: Great Tusk|Great Tusk|100/100
|-enditem|p1a: Great Tusk|Booster Energy
|-activate|p1a: Great Tusk|ability: Protosynthesis|[fromitem]
|-start|p1a: Great Tusk|protosynthesisatk
|turn|4
|inactive|Yasmina93 has 120 seconds left.
|inactive|Yasmina93 has 90 seconds left.
|
|t:|1779891887
|move|p2a: Heatran|Magma Storm|p1a: Great Tusk
|-damage|p1a: Great Tusk|19/100
|-activate|p1a: Great Tusk|move: Magma Storm|[of] p2a: Heatran
|move|p1a: Great Tusk|Close Combat|p2a: Heatran
|-supereffective|p2a: Heatran
|-damage|p2a: Heatran|0 fnt
|-unboost|p1a: Great Tusk|def|1
|-unboost|p1a: Great Tusk|spd|1
|faint|p2a: Heatran
|
|-end|p1a: Great Tusk|Magma Storm|[partiallytrapped]|[silent]
|upkeep
|inactive|Yasmina93 has 90 seconds left.
|
|t:|1779891895
|switch|p2a: Darkrai|Darkrai|100/100
|turn|5
|
|t:|1779891899
|move|p2a: Darkrai|Dark Pulse|p1a: Great Tusk
|-resisted|p1a: Great Tusk
|-damage|p1a: Great Tusk|0 fnt
|faint|p1a: Great Tusk
|-end|p1a: Great Tusk|Protosynthesis|[silent]
|
|upkeep
|
|t:|1779891901
|switch|p1a: Ogerpon|Ogerpon-Wellspring, F|100/100
|turn|6
|
|t:|1779891908
|-terastallize|p2a: Darkrai|Poison
|-terastallize|p1a: Ogerpon|Water
|detailschange|p1a: Ogerpon|Ogerpon-Wellspring-Tera, F, tera:Water
|-ability|p1a: Ogerpon|Embody Aspect (Wellspring)|boost
|-boost|p1a: Ogerpon|spd|1
|move|p2a: Darkrai|Sludge Bomb|p1a: Ogerpon
|-damage|p1a: Ogerpon|62/100
|move|p1a: Ogerpon|Play Rough|p2a: Darkrai
|-resisted|p2a: Darkrai
|-damage|p2a: Darkrai|78/100
|
|-heal|p2a: Darkrai|84/100|[from] item: Leftovers
|upkeep
|turn|7
|
|t:|1779891923
|move|p2a: Darkrai|Sludge Bomb|p1a: Ogerpon
|-damage|p1a: Ogerpon|27/100
|move|p1a: Ogerpon|Ivy Cudgel|p2a: Darkrai|[anim] Ivy Cudgel Water
|-damage|p2a: Darkrai|0 fnt
|faint|p2a: Darkrai
|
|upkeep
|
|t:|1779891936
|switch|p2a: Clefable|Clefable, F|100/100
|turn|8
|
|t:|1779891940
|move|p1a: Ogerpon|Ivy Cudgel|p2a: Clefable|[anim] Ivy Cudgel Water
|-damage|p2a: Clefable|38/100
|move|p2a: Clefable|Thunder Wave|p1a: Ogerpon
|-status|p1a: Ogerpon|par
|
|-heal|p2a: Clefable|44/100|[from] item: Leftovers
|upkeep
|turn|9
|inactive|Yasmina93 has 120 seconds left.
|
|t:|1779891952
|move|p1a: Ogerpon|Ivy Cudgel|p2a: Clefable|[anim] Ivy Cudgel Water
|-damage|p2a: Clefable|0 fnt
|faint|p2a: Clefable
|
|upkeep
|
|t:|1779891955
|switch|p2a: Ogerpon|Ogerpon-Wellspring, F|100/100
|turn|10
|
|t:|1779891963
|move|p2a: Ogerpon|Power Whip|p1a: Ogerpon
|-supereffective|p1a: Ogerpon
|-damage|p1a: Ogerpon|0 fnt
|faint|p1a: Ogerpon
|detailschange|p1: Ogerpon|Ogerpon-Wellspring, F|[silent]
|
|upkeep
|
|t:|1779891967
|switch|p1a: Clefable|Clefable, F|100/100
|turn|11
|
|t:|1779891976
|move|p2a: Ogerpon|Ivy Cudgel|p1a: Clefable|[anim] Ivy Cudgel Water
|-damage|p1a: Clefable|44/100
|move|p1a: Clefable|Cosmic Power|p1a: Clefable
|-boost|p1a: Clefable|def|1
|-boost|p1a: Clefable|spd|1
|
|-heal|p1a: Clefable|50/100|[from] item: Leftovers
|upkeep
|turn|12
|
|t:|1779891983
|move|p2a: Ogerpon|Ivy Cudgel|p1a: Clefable|[anim] Ivy Cudgel Water
|-crit|p1a: Clefable
|-damage|p1a: Clefable|0 fnt
|faint|p1a: Clefable
|
|upkeep
|
|t:|1779891988
|switch|p1a: Ursaluna|Ursaluna, M|100/100
|turn|13
|
|t:|1779891996
|move|p1a: Ursaluna|Swords Dance|p1a: Ursaluna
|-boost|p1a: Ursaluna|atk|2
|move|p2a: Ogerpon|Ivy Cudgel|p1a: Ursaluna|[anim] Ivy Cudgel Water
|-damage|p1a: Ursaluna|0 fnt
|replace|p1a: Zoroark|Zoroark-Hisui, F
|-end|p1a: Zoroark|Illusion
|faint|p1a: Zoroark
|
|upkeep
|-message|Caligoat forfeited.
|
|win|Yasmina93
|raw|Caligoat's rating: 1452 &rarr; <strong>1430</strong><br />(-22 for losing)
|raw|Yasmina93's rating: 1425 &rarr; <strong>1447</strong><br />(+22 for winning)
|l|☆Caligoat
|player|p1|
|l|☆Yasmina93
|player|p2|
