|j|☆waybuloo
|j|☆ccraeckerr
|t:|1779951199
|gametype|singles
|player|p1|waybuloo|erika-gen1rb|1422
|player|p2|ccraeckerr|2|1480
|gen|9
|tier|[Gen 9] OU
|rated|
|rule|HP Percentage Mod: HP is shown in percentages
|rule|Endless Battle Clause: Forcing endless battles is banned
|rule|Species Clause: Limit one of each Pokémon
|rule|OHKO Clause: OHKO moves are banned
|rule|Evasion Items Clause: Evasion items are banned
|rule|Evasion Moves Clause: Evasion moves are banned
|rule|Evasion Abilities Clause: Evasion abilities are banned
|rule|Sleep Moves Clause: Sleep-inducing moves are banned
|clearpoke
|poke|p1|Glimmora, M|
|poke|p1|Garchomp, M|
|poke|p1|Ogerpon, F|
|poke|p1|Hatterene, F|
|poke|p1|Iron Crown|
|poke|p1|Kingambit, F|
|poke|p2|Hatterene, F|
|poke|p2|Cresselia, F|
|poke|p2|Ursaluna, F|
|poke|p2|Iron Hands|
|poke|p2|Hoopa-Unbound|
|poke|p2|Porygon2|
|teampreview
|inactive|Battle timer is ON: inactive players will automatically lose when time's up. (requested by waybuloo)
|inactive|ccraeckerr has 120 seconds left.
|
|t:|1779951260
|teamsize|p1|6
|teamsize|p2|6
|start
|switch|p1a: Ogerpon|Ogerpon, F|100/100
|switch|p2a: Cresselia|Cresselia, F|100/100
|turn|1
|inactive|ccraeckerr has 120 seconds left.
|
|t:|1779951292
|move|p1a: Ogerpon|U-turn|p2a: Cresselia
|-supereffective|p2a: Cresselia
|-damage|p2a: Cresselia|53/100
|
|t:|1779951300
|switch|p1a: Glimmora|Glimmora, M|100/100|[from] U-turn
|move|p2a: Cresselia|Trick Room|p2a: Cresselia
|-fieldstart|move: Trick Room|[of] p2a: Cresselia
|
|upkeep
|turn|2
|
|t:|1779951307
|move|p2a: Cresselia|Lunar Dance|p2a: Cresselia
|faint|p2a: Cresselia
|move|p1a: Glimmora|Stealth Rock|p2: Cresselia
|-sidestart|p2: ccraeckerr|move: Stealth Rock
|
|upkeep
|
|t:|1779951309
|switch|p2a: Hatterene|Hatterene, F|100/100
|-damage|p2a: Hatterene|88/100|[from] Stealth Rock
|turn|3
|
|t:|1779951331
|move|p2a: Hatterene|Psychic Noise|p1a: Glimmora
|-supereffective|p1a: Glimmora
|-enditem|p1a: Glimmora|Focus Sash
|-damage|p1a: Glimmora|1/100
|-start|p1a: Glimmora|move: Heal Block
|move|p1a: Glimmora|Power Gem|p2a: Hatterene
|-damage|p2a: Hatterene|44/100
|
|upkeep
|turn|4
|l|☆ccraeckerr
|inactive|ccraeckerr disconnected and has a minute to reconnect!
|player|p2|
|j|☆ccraeckerr
|inactive|ccraeckerr reconnected and has 115 seconds left.
|player|p2|ccraeckerr|2|
|
|t:|1779951378
|move|p2a: Hatterene|Psychic Noise|p1a: Glimmora
|-supereffective|p1a: Glimmora
|-damage|p1a: Glimmora|0 fnt
|faint|p1a: Glimmora
|
|upkeep
|
|t:|1779951402
|switch|p1a: Kingambit|Kingambit, F|100/100
|-activate|p1a: Kingambit|ability: Supreme Overlord
|-start|p1a: Kingambit|fallen1|[silent]
|turn|5
|
|t:|1779951420
|move|p2a: Hatterene|Healing Wish|p2a: Hatterene
|faint|p2a: Hatterene
|move|p1a: Kingambit|Kowtow Cleave|p2: Hatterene|[notarget]
|-fail|p1a: Kingambit
|
|-fieldend|move: Trick Room
|upkeep
|inactive|ccraeckerr has 90 seconds left.
|
|t:|1779951442
|switch|p2a: Ursaluna|Ursaluna, F|100/100
|-damage|p2a: Ursaluna|94/100|[from] Stealth Rock
|turn|6
|inactive|ccraeckerr has 90 seconds left.
|
|t:|1779951469
|-end|p1a: Kingambit|fallen1|[silent]
|switch|p1a: Hatterene|Hatterene, F|100/100
|move|p2a: Ursaluna|Headlong Rush|p1a: Hatterene
|-damage|p1a: Hatterene|36/100
|-unboost|p2a: Ursaluna|def|1
|-unboost|p2a: Ursaluna|spd|1
|-damage|p2a: Ursaluna|78/100|[from] item: Rocky Helmet|[of] p1a: Hatterene
|
|-status|p2a: Ursaluna|brn|[from] item: Flame Orb
|upkeep
|turn|7
|
|t:|1779951478
|move|p1a: Hatterene|Draining Kiss|p2a: Ursaluna
|-damage|p2a: Ursaluna|45/100 brn
|-heal|p1a: Hatterene|72/100|[from] drain|[of] p2a: Ursaluna
|move|p2a: Ursaluna|Headlong Rush|p1a: Hatterene
|-damage|p1a: Hatterene|0 fnt
|-unboost|p2a: Ursaluna|def|1
|-unboost|p2a: Ursaluna|spd|1
|-damage|p2a: Ursaluna|29/100 brn|[from] item: Rocky Helmet|[of] p1a: Hatterene
|faint|p1a: Hatterene
|
|-damage|p2a: Ursaluna|23/100 brn|[from] brn
|upkeep
|
|t:|1779951481
|switch|p1a: Ogerpon|Ogerpon, F|100/100
|turn|8
|inactive|ccraeckerr has 90 seconds left.
|
|t:|1779951487
|switch|p2a: Porygon2|Porygon2|100/100
|-damage|p2a: Porygon2|88/100|[from] Stealth Rock
|-ability|p2a: Porygon2|Download|boost
|-boost|p2a: Porygon2|atk|1
|move|p1a: Ogerpon|Ivy Cudgel|p2a: Porygon2
|-damage|p2a: Porygon2|55/100
|
|upkeep
|turn|9
|
|t:|1779951505
|switch|p1a: Iron Crown|Iron Crown|100/100
|-enditem|p1a: Iron Crown|Booster Energy
|-activate|p1a: Iron Crown|ability: Quark Drive|[fromitem]
|-start|p1a: Iron Crown|quarkdrivespe
|move|p2a: Porygon2|Trick Room|p2a: Porygon2
|-fieldstart|move: Trick Room|[of] p2a: Porygon2
|
|upkeep
|turn|10
|
|t:|1779951522
|move|p2a: Porygon2|Shadow Ball|p1a: Iron Crown
|-supereffective|p1a: Iron Crown
|-damage|p1a: Iron Crown|66/100
|move|p1a: Iron Crown|Calm Mind|p1a: Iron Crown
|-boost|p1a: Iron Crown|spa|1
|-boost|p1a: Iron Crown|spd|1
|
|upkeep
|turn|11
|
|t:|1779951527
|switch|p2a: Ursaluna|Ursaluna, F|23/100 brn
|-heal|p2a: Ursaluna|100/100|[from] move: Lunar Dance
|-damage|p2a: Ursaluna|94/100|[from] Stealth Rock
|move|p1a: Iron Crown|Calm Mind|p1a: Iron Crown
|-boost|p1a: Iron Crown|spa|1
|-boost|p1a: Iron Crown|spd|1
|
|-status|p2a: Ursaluna|brn|[from] item: Flame Orb
|upkeep
|turn|12
|
|t:|1779951540
|-end|p1a: Iron Crown|Quark Drive|[silent]
|switch|p1a: Ogerpon|Ogerpon, F|100/100
|-terastallize|p2a: Ursaluna|Normal
|move|p2a: Ursaluna|Facade|p1a: Ogerpon
|-damage|p1a: Ogerpon|0 fnt
|faint|p1a: Ogerpon
|
|-damage|p2a: Ursaluna|88/100 brn|[from] brn
|upkeep
|
|t:|1779951554
|switch|p1a: Iron Crown|Iron Crown|66/100
|turn|13
|
|t:|1779951558
|move|p2a: Ursaluna|Facade|p1a: Iron Crown
|-resisted|p1a: Iron Crown
|-damage|p1a: Iron Crown|0 fnt
|faint|p1a: Iron Crown
|-end|p1a: Iron Crown|Quark Drive|[silent]
|
|-damage|p2a: Ursaluna|82/100 brn|[from] brn
|-fieldend|move: Trick Room
|upkeep
|
|t:|1779951581
|switch|p1a: Kingambit|Kingambit, F|100/100
|-activate|p1a: Kingambit|ability: Supreme Overlord
|-start|p1a: Kingambit|fallen4|[silent]
|turn|14
|
|t:|1779951587
|-terastallize|p1a: Kingambit|Dark
|move|p1a: Kingambit|Kowtow Cleave|p2a: Ursaluna
|-damage|p2a: Ursaluna|0 fnt
|faint|p2a: Ursaluna
|
|upkeep
|
|t:|1779951598
|switch|p2a: Iron Hands|Iron Hands|100/100
|-damage|p2a: Iron Hands|94/100|[from] Stealth Rock
|-enditem|p2a: Iron Hands|Booster Energy
|-activate|p2a: Iron Hands|ability: Quark Drive|[fromitem]
|-start|p2a: Iron Hands|quarkdriveatk
|turn|15
|
|t:|1779951611
|move|p1a: Kingambit|Kowtow Cleave|p2a: Iron Hands
|-resisted|p2a: Iron Hands
|-damage|p2a: Iron Hands|59/100
|move|p2a: Iron Hands|Drain Punch|p1a: Kingambit
|-supereffective|p1a: Kingambit
|-damage|p1a: Kingambit|2/100
|-heal|p2a: Iron Hands|92/100|[from] drain|[of] p1a: Kingambit
|
|upkeep
|turn|16
|
|t:|1779951619
|move|p1a: Kingambit|Low Kick|p2a: Iron Hands
|-damage|p2a: Iron Hands|52/100
|move|p2a: Iron Hands|Ice Punch|p1a: Kingambit
|-damage|p1a: Kingambit|0 fnt
|faint|p1a: Kingambit
|-end|p1a: Kingambit|fallen4|[silent]
|
|upkeep
|
|t:|1779951622
|switch|p1a: Garchomp|Garchomp, M|100/100
|turn|17
|
|t:|1779951629
|-end|p2a: Iron Hands|Quark Drive|[silent]
|switch|p2a: Porygon2|Porygon2|55/100
|-heal|p2a: Porygon2|100/100|[from] move: Healing Wish
|-damage|p2a: Porygon2|88/100|[from] Stealth Rock
|-ability|p2a: Porygon2|Download|boost
|-boost|p2a: Porygon2|spa|1
|move|p1a: Garchomp|Earthquake|p2a: Porygon2
|-damage|p2a: Porygon2|63/100
|
|upkeep
|turn|18
|
|t:|1779951632
|move|p1a: Garchomp|Swords Dance|p1a: Garchomp
|-boost|p1a: Garchomp|atk|2
|move|p2a: Porygon2|Trick Room|p2a: Porygon2
|-fieldstart|move: Trick Room|[of] p2a: Porygon2
|
|upkeep
|turn|19
|
|t:|1779951649
|move|p2a: Porygon2|Shadow Ball|p1a: Garchomp
|-damage|p1a: Garchomp|68/100
|move|p1a: Garchomp|Earthquake|p2a: Porygon2
|-damage|p2a: Porygon2|15/100
|
|upkeep
|turn|20
|
|t:|1779951660
|move|p2a: Porygon2|Shadow Ball|p1a: Garchomp
|-damage|p1a: Garchomp|40/100
|move|p1a: Garchomp|Earthquake|p2a: Porygon2
|-damage|p2a: Porygon2|0 fnt
|faint|p2a: Porygon2
|
|upkeep
|
|t:|1779951664
|switch|p2a: Iron Hands|Iron Hands|52/100
|-damage|p2a: Iron Hands|46/100|[from] Stealth Rock
|turn|21
|
|t:|1779951666
|move|p2a: Iron Hands|Ice Punch|p1a: Garchomp
|-supereffective|p1a: Garchomp
|-damage|p1a: Garchomp|0 fnt
|-damage|p2a: Iron Hands|33/100|[from] ability: Rough Skin|[of] p1a: Garchomp
|faint|p1a: Garchomp
|
|win|ccraeckerr
|raw|waybuloo's rating: 1444 &rarr; <strong>1426</strong><br />(-18 for losing)
|raw|ccraeckerr's rating: 1480 &rarr; <strong>1498</strong><br />(+18 for winning)
|l|☆waybuloo
|player|p1|
|l|☆ccraeckerr
|player|p2|
