|j|☆Yoyoitspablo
|j|☆delacroixxx
|t:|1779800069
|gametype|singles
|player|p1|Yoyoitspablo|swimmer|1456
|player|p2|delacroixxx|az|1462
|gen|9
|tier|[Gen 9] OU
|rated|
|rule|HP Percentage Mod: HP is shown in percentages
|rule|Endless Battle Clause: Forcing endless battles is banned
|rule|Species Clause: Limit one of each Pokémon
|rule|OHKO Clause: OHKO moves are banned
|rule|Evasion Items Clause: Evasion items are banned
|rule|Evasion Moves Clause: Evasion moves are banned
|rule|Evasion Abilities Clause: Evasion abilities are banned
|rule|Sleep Moves Clause: Sleep-inducing moves are banned
|clearpoke
|poke|p1|Kyurem|
|poke|p1|Ting-Lu|
|poke|p1|Corviknight, M|
|poke|p1|Weezing-Galar, M|
|poke|p1|Zamazenta-*|
|poke|p1|Toxapex, M|
|poke|p2|Grimmsnarl, M|
|poke|p2|Iron Treads|
|poke|p2|Raging Bolt|
|poke|p2|Ogerpon-Wellspring, F|
|poke|p2|Ceruledge, M|
|poke|p2|Maushold-Four|
|teampreview
|inactive|Battle timer is ON: inactive players will automatically lose when time's up. (requested by Yoyoitspablo)
|
|t:|1779800096
|teamsize|p1|6
|teamsize|p2|6
|start
|switch|p1a: Serpentine|Toxapex, M, shiny|100/100
|switch|p2a: Grimmsnarl|Grimmsnarl, M, shiny|100/100
|turn|1
|
|t:|1779800104
|move|p2a: Grimmsnarl|Taunt|p1a: Serpentine
|-start|p1a: Serpentine|move: Taunt
|move|p1a: Serpentine|Acid Spray|p2a: Grimmsnarl
|-supereffective|p2a: Grimmsnarl
|-damage|p2a: Grimmsnarl|68/100
|-unboost|p2a: Grimmsnarl|spd|2
|
|upkeep
|turn|2
|
|t:|1779800107
|move|p2a: Grimmsnarl|Light Screen|p2a: Grimmsnarl
|-sidestart|p2: delacroixxx|move: Light Screen
|move|p1a: Serpentine|Sludge Bomb|p2a: Grimmsnarl
|-supereffective|p2a: Grimmsnarl
|-crit|p2a: Grimmsnarl
|-damage|p2a: Grimmsnarl|0 fnt
|faint|p2a: Grimmsnarl
|
|upkeep
|
|t:|1779800110
|switch|p2a: Iron Treads|Iron Treads|100/100
|-enditem|p2a: Iron Treads|Booster Energy
|-activate|p2a: Iron Treads|ability: Quark Drive|[fromitem]
|-start|p2a: Iron Treads|quarkdrivespe
|turn|3
|
|t:|1779800114
|switch|p1a: Yami|Corviknight, M, shiny|100/100
|-ability|p1a: Yami|Pressure
|move|p2a: Iron Treads|Earth Power|p1a: Yami
|-immune|p1a: Yami
|
|upkeep
|turn|4
|
|t:|1779800121
|switch|p1a: Serpentine|Toxapex, M, shiny|100/100
|move|p2a: Iron Treads|Stealth Rock|p1a: Serpentine
|-sidestart|p1: Yoyoitspablo|move: Stealth Rock
|
|upkeep
|turn|5
|
|t:|1779800125
|move|p2a: Iron Treads|Earth Power|p1a: Serpentine
|-supereffective|p1a: Serpentine
|-damage|p1a: Serpentine|64/100
|move|p1a: Serpentine|Surf|p2a: Iron Treads
|-supereffective|p2a: Iron Treads
|-damage|p2a: Iron Treads|55/100
|
|upkeep
|turn|6
|
|t:|1779800134
|switch|p1a: Goliath|Ting-Lu|100/100
|-damage|p1a: Goliath|94/100|[from] Stealth Rock
|-ability|p1a: Goliath|Vessel of Ruin
|move|p2a: Iron Treads|Earth Power|p1a: Goliath
|-damage|p1a: Goliath|82/100
|
|-heal|p1a: Goliath|88/100|[from] item: Leftovers
|upkeep
|turn|7
|
|t:|1779800147
|move|p2a: Iron Treads|Steel Beam|p1a: Goliath
|-damage|p1a: Goliath|66/100
|-damage|p2a: Iron Treads|5/100|[from] steelbeam
|move|p1a: Goliath|Stealth Rock|p2a: Iron Treads
|-sidestart|p2: delacroixxx|move: Stealth Rock
|
|-heal|p1a: Goliath|72/100|[from] item: Leftovers
|upkeep
|turn|8
|
|t:|1779800153
|move|p2a: Iron Treads|Rapid Spin|p1a: Goliath
|-damage|p1a: Goliath|65/100
|-boost|p2a: Iron Treads|spe|1
|-sideend|p2: delacroixxx|Stealth Rock|[from] move: Rapid Spin|[of] p2a: Iron Treads
|move|p1a: Goliath|Earthquake|p2a: Iron Treads
|-supereffective|p2a: Iron Treads
|-damage|p2a: Iron Treads|0 fnt
|faint|p2a: Iron Treads
|-end|p2a: Iron Treads|Quark Drive|[silent]
|
|-heal|p1a: Goliath|71/100|[from] item: Leftovers
|upkeep
|
|t:|1779800166
|switch|p2a: Maushold|Maushold-Four|100/100
|turn|9
|
|t:|1779800171
|switch|p1a: Yami|Corviknight, M, shiny|100/100
|-damage|p1a: Yami|88/100|[from] Stealth Rock
|-ability|p1a: Yami|Pressure
|move|p2a: Maushold|Tidy Up|p2a: Maushold
|-sideend|p1: Yoyoitspablo|Stealth Rock
|-activate|p2a: Maushold|move: Tidy Up
|-boost|p2a: Maushold|atk|1
|-boost|p2a: Maushold|spe|1
|
|-sideend|p2: delacroixxx|move: Light Screen
|upkeep
|turn|10
|
|t:|1779800176
|-terastallize|p2a: Maushold|Ghost
|move|p2a: Maushold|Tidy Up|p2a: Maushold
|-boost|p2a: Maushold|atk|1
|-boost|p2a: Maushold|spe|1
|move|p1a: Yami|Brave Bird|p2a: Maushold
|-damage|p2a: Maushold|37/100
|-damage|p1a: Yami|73/100|[from] Recoil
|
|upkeep
|turn|11
|
|t:|1779800181
|move|p2a: Maushold|Population Bomb|p1a: Yami
|-resisted|p1a: Yami
|-damage|p1a: Yami|66/100
|-damage|p2a: Maushold|21/100|[from] item: Rocky Helmet|[of] p1a: Yami
|-resisted|p1a: Yami
|-damage|p1a: Yami|60/100
|-damage|p2a: Maushold|4/100|[from] item: Rocky Helmet|[of] p1a: Yami
|-resisted|p1a: Yami
|-damage|p1a: Yami|54/100
|-damage|p2a: Maushold|0 fnt|[from] item: Rocky Helmet|[of] p1a: Yami
|faint|p2a: Maushold
|-hitcount|p1a: Yami|3
|move|p1a: Yami|Brave Bird|p2: Maushold|[notarget]
|-fail|p1a: Yami
|
|upkeep
|
|t:|1779800185
|switch|p2a: Raging Bolt|Raging Bolt|100/100
|-enditem|p2a: Raging Bolt|Booster Energy
|-activate|p2a: Raging Bolt|ability: Protosynthesis|[fromitem]
|-start|p2a: Raging Bolt|protosynthesisspa
|turn|12
|
|t:|1779800190
|switch|p1a: Goliath|Ting-Lu|71/100
|-ability|p1a: Goliath|Vessel of Ruin
|move|p2a: Raging Bolt|Calm Mind|p2a: Raging Bolt
|-boost|p2a: Raging Bolt|spa|1
|-boost|p2a: Raging Bolt|spd|1
|
|-heal|p1a: Goliath|78/100|[from] item: Leftovers
|upkeep
|turn|13
|
|t:|1779800206
|move|p2a: Raging Bolt|Dragon Pulse|p1a: Goliath
|-damage|p1a: Goliath|40/100
|move|p1a: Goliath|Earthquake|p2a: Raging Bolt
|-supereffective|p2a: Raging Bolt
|-damage|p2a: Raging Bolt|43/100
|
|-heal|p1a: Goliath|46/100|[from] item: Leftovers
|upkeep
|turn|14
|
|t:|1779800220
|move|p2a: Raging Bolt|Dragon Pulse|p1a: Goliath
|-damage|p1a: Goliath|2/100
|move|p1a: Goliath|Earthquake|p2a: Raging Bolt
|-supereffective|p2a: Raging Bolt
|-damage|p2a: Raging Bolt|0 fnt
|faint|p2a: Raging Bolt
|-end|p2a: Raging Bolt|Protosynthesis|[silent]
|
|-heal|p1a: Goliath|8/100|[from] item: Leftovers
|upkeep
|
|t:|1779800224
|switch|p2a: Ogerpon|Ogerpon-Wellspring, F|100/100
|turn|15
|
|t:|1779800231
|move|p2a: Ogerpon|Swords Dance|p2a: Ogerpon
|-boost|p2a: Ogerpon|atk|2
|move|p1a: Goliath|Ruination|p2a: Ogerpon
|-damage|p2a: Ogerpon|51/100
|
|-heal|p1a: Goliath|14/100|[from] item: Leftovers
|upkeep
|turn|16
|
|t:|1779800236
|move|p2a: Ogerpon|Trailblaze|p1a: Goliath
|-supereffective|p1a: Goliath
|-damage|p1a: Goliath|0 fnt
|-boost|p2a: Ogerpon|spe|1
|faint|p1a: Goliath
|
|upkeep
|
|t:|1779800242
|switch|p1a: Sentinel|Weezing-Galar, M, shiny|100/100
|-ability|p1a: Sentinel|Neutralizing Gas
|turn|17
|
|t:|1779800250
|move|p2a: Ogerpon|Ivy Cudgel|p1a: Sentinel|[anim] Ivy Cudgel Water
|-damage|p1a: Sentinel|29/100
|move|p1a: Sentinel|Will-O-Wisp|p2a: Ogerpon
|-status|p2a: Ogerpon|brn
|
|-damage|p2a: Ogerpon|45/100 brn|[from] brn
|upkeep
|turn|18
|
|t:|1779800256
|move|p2a: Ogerpon|Ivy Cudgel|p1a: Sentinel|[anim] Ivy Cudgel Water
|-damage|p1a: Sentinel|0 fnt
|faint|p1a: Sentinel
|-end|p1a: Sentinel|ability: Neutralizing Gas
|
|-damage|p2a: Ogerpon|39/100 brn|[from] brn
|upkeep
|
|t:|1779800260
|switch|p1a: Serpentine|Toxapex, M, shiny|98/100
|turn|19
|
|t:|1779800266
|move|p2a: Ogerpon|Play Rough|p1a: Serpentine
|-resisted|p1a: Serpentine
|-damage|p1a: Serpentine|84/100
|move|p1a: Serpentine|Sludge Bomb|p2a: Ogerpon
|-supereffective|p2a: Ogerpon
|-damage|p2a: Ogerpon|0 fnt
|faint|p2a: Ogerpon
|
|upkeep
|
|t:|1779800281
|switch|p2a: Ceruledge|Ceruledge, M, shiny|100/100
|turn|20
|
|t:|1779800284
|move|p2a: Ceruledge|Swords Dance|p2a: Ceruledge
|-boost|p2a: Ceruledge|atk|2
|move|p1a: Serpentine|Surf|p2a: Ceruledge
|-supereffective|p2a: Ceruledge
|-damage|p2a: Ceruledge|39/100
|
|upkeep
|turn|21
|
|t:|1779800287
|move|p2a: Ceruledge|Poltergeist|p1a: Serpentine
|-activate|p1a: Serpentine|move: Poltergeist|Assault Vest
|-damage|p1a: Serpentine|0 fnt
|faint|p1a: Serpentine
|-damage|p2a: Ceruledge|29/100|[from] item: Life Orb
|
|upkeep
|
|t:|1779800291
|switch|p1a: Kyotaro|Kyurem, shiny|100/100
|-ability|p1a: Kyotaro|Pressure
|turn|22
|
|t:|1779800303
|move|p1a: Kyotaro|Earth Power|p2a: Ceruledge
|-supereffective|p2a: Ceruledge
|-damage|p2a: Ceruledge|0 fnt
|faint|p2a: Ceruledge
|
|win|Yoyoitspablo
|raw|Yoyoitspablo's rating: 1456 &rarr; <strong>1476</strong><br />(+20 for winning)
|raw|delacroixxx's rating: 1462 &rarr; <strong>1442</strong><br />(-20 for losing)
|l|☆Yoyoitspablo
|player|p1|
|l|☆delacroixxx
|player|p2|
