|j|☆250074jwy
|j|☆allstartalon
|t:|1779891233
|gametype|singles
|player|p1|250074jwy|266|1139
|player|p2|allstartalon|pokemonranger-gen4|1164
|gen|9
|tier|[Gen 9] OU
|rated|
|rule|HP Percentage Mod: HP is shown in percentages
|rule|Endless Battle Clause: Forcing endless battles is banned
|rule|Species Clause: Limit one of each Pokémon
|rule|OHKO Clause: OHKO moves are banned
|rule|Evasion Items Clause: Evasion items are banned
|rule|Evasion Moves Clause: Evasion moves are banned
|rule|Evasion Abilities Clause: Evasion abilities are banned
|rule|Sleep Moves Clause: Sleep-inducing moves are banned
|clearpoke
|poke|p1|Kingambit, F|
|poke|p1|Tyranitar, M|
|poke|p1|Skeledirge, M|
|poke|p1|Excadrill, F|
|poke|p1|Dragonite, F|
|poke|p1|Flygon, F|
|poke|p2|Flapple, F|
|poke|p2|Breloom, M|
|poke|p2|Sceptile, F|
|poke|p2|Rillaboom, M|
|poke|p2|Decidueye, F|
|poke|p2|Meowscarada, F|
|teampreview
|inactive|Battle timer is ON: inactive players will automatically lose when time's up. (requested by allstartalon)
|
|t:|1779891243
|teamsize|p1|6
|teamsize|p2|6
|start
|switch|p1a: Dragonite|Dragonite, F|100/100
|switch|p2a: Rillaboom|Rillaboom, M, shiny|100/100
|-fieldstart|move: Grassy Terrain|[from] ability: Grassy Surge|[of] p2a: Rillaboom
|turn|1
|
|t:|1779891252
|move|p2a: Rillaboom|Knock Off|p1a: Dragonite
|-damage|p1a: Dragonite|81/100
|-enditem|p1a: Dragonite|Sitrus Berry|[from] move: Knock Off|[of] p2a: Rillaboom
|move|p1a: Dragonite|Dragon Dance|p1a: Dragonite
|-boost|p1a: Dragonite|atk|1
|-boost|p1a: Dragonite|spe|1
|
|upkeep
|turn|2
|
|t:|1779891263
|move|p1a: Dragonite|Dragon Dance|p1a: Dragonite
|-boost|p1a: Dragonite|atk|1
|-boost|p1a: Dragonite|spe|1
|move|p2a: Rillaboom|U-turn|p1a: Dragonite
|-resisted|p1a: Dragonite
|-damage|p1a: Dragonite|68/100
|
|t:|1779891267
|switch|p2a: Flapple|Flapple, F, shiny|100/100|[from] U-turn
|
|upkeep
|turn|3
|
|t:|1779891274
|-terastallize|p2a: Flapple|Dark
|move|p2a: Flapple|Sucker Punch|p1a: Dragonite
|-damage|p1a: Dragonite|0 fnt
|faint|p1a: Dragonite
|-damage|p2a: Flapple|91/100|[from] item: Life Orb
|
|-heal|p2a: Flapple|97/100|[from] Grassy Terrain
|upkeep
|
|t:|1779891287
|switch|p1a: Tyranitar|Tyranitar, M|100/100
|-weather|Sandstorm|[from] ability: Sand Stream|[of] p1a: Tyranitar
|turn|4
|
|t:|1779891296
|move|p2a: Flapple|Grav Apple|p1a: Tyranitar|[miss]
|-miss|p2a: Flapple|p1a: Tyranitar
|move|p1a: Tyranitar|Stealth Rock|p2a: Flapple
|-sidestart|p2: allstartalon|move: Stealth Rock
|
|-weather|Sandstorm|[upkeep]
|-damage|p2a: Flapple|91/100|[from] Sandstorm
|-heal|p2a: Flapple|97/100|[from] Grassy Terrain
|upkeep
|turn|5
|
|t:|1779891305
|move|p2a: Flapple|Grav Apple|p1a: Tyranitar
|-supereffective|p1a: Tyranitar
|-damage|p1a: Tyranitar|0 fnt
|faint|p1a: Tyranitar
|-damage|p2a: Flapple|87/100|[from] item: Life Orb
|
|-weather|Sandstorm|[upkeep]
|-damage|p2a: Flapple|81/100|[from] Sandstorm
|-heal|p2a: Flapple|87/100|[from] Grassy Terrain
|upkeep
|
|t:|1779891315
|switch|p1a: Flygon|Flygon, F|100/100
|turn|6
|
|t:|1779891320
|move|p1a: Flygon|Draco Meteor|p2a: Flapple
|-damage|p2a: Flapple|0 fnt
|-unboost|p1a: Flygon|spa|2
|faint|p2a: Flapple
|
|-weather|Sandstorm|[upkeep]
|upkeep
|
|t:|1779891324
|switch|p2a: Decidueye|Decidueye, F, shiny|100/100
|-damage|p2a: Decidueye|88/100|[from] Stealth Rock
|turn|7
|
|t:|1779891334
|move|p1a: Flygon|U-turn|p2a: Decidueye
|-damage|p2a: Decidueye|66/100
|
|t:|1779891343
|switch|p1a: Kingambit|Kingambit, F|100/100|[from] U-turn
|-activate|p1a: Kingambit|ability: Supreme Overlord
|-start|p1a: Kingambit|fallen2|[silent]
|move|p2a: Decidueye|Defog|p1a: Kingambit
|-unboost|p1a: Kingambit|evasion|1
|-sideend|p2: allstartalon|Stealth Rock|[from] move: Defog|[of] p2a: Decidueye
|-fieldend|move: Grassy Terrain
|
|-weather|Sandstorm|[upkeep]
|-damage|p2a: Decidueye|60/100|[from] Sandstorm
|upkeep
|turn|8
|
|t:|1779891360
|switch|p2a: Rillaboom|Rillaboom, M, shiny|100/100
|-fieldstart|move: Grassy Terrain|[from] ability: Grassy Surge|[of] p2a: Rillaboom
|move|p1a: Kingambit|Sucker Punch||[still]
|-fail|p1a: Kingambit
|
|-weather|none
|upkeep
|turn|9
|
|t:|1779891373
|-end|p1a: Kingambit|fallen2|[silent]
|switch|p1a: Skeledirge|Skeledirge, M|100/100
|move|p2a: Rillaboom|Fake Out|p1a: Skeledirge
|-immune|p1a: Skeledirge
|
|upkeep
|turn|10
|
|t:|1779891381
|move|p2a: Rillaboom|Knock Off|p1a: Skeledirge
|-supereffective|p1a: Skeledirge
|-damage|p1a: Skeledirge|37/100
|-enditem|p1a: Skeledirge|Heavy-Duty Boots|[from] move: Knock Off|[of] p2a: Rillaboom
|move|p1a: Skeledirge|Torch Song|p2a: Rillaboom
|-supereffective|p2a: Rillaboom
|-damage|p2a: Rillaboom|19/100
|-boost|p1a: Skeledirge|spa|1
|
|-heal|p2a: Rillaboom|25/100|[from] Grassy Terrain
|-heal|p1a: Skeledirge|43/100|[from] Grassy Terrain
|upkeep
|turn|11
|
|t:|1779891401
|move|p2a: Rillaboom|Knock Off|p1a: Skeledirge
|-supereffective|p1a: Skeledirge
|-damage|p1a: Skeledirge|0 fnt
|faint|p1a: Skeledirge
|
|-heal|p2a: Rillaboom|31/100|[from] Grassy Terrain
|upkeep
|
|t:|1779891411
|switch|p1a: Flygon|Flygon, F|100/100
|turn|12
|
|t:|1779891419
|switch|p2a: Decidueye|Decidueye, F, shiny|60/100
|move|p1a: Flygon|U-turn|p2a: Decidueye
|-damage|p2a: Decidueye|41/100
|
|t:|1779891426
|switch|p1a: Kingambit|Kingambit, F|100/100|[from] U-turn
|-activate|p1a: Kingambit|ability: Supreme Overlord
|-start|p1a: Kingambit|fallen3|[silent]
|
|-heal|p2a: Decidueye|47/100|[from] Grassy Terrain
|upkeep
|turn|13
|
|t:|1779891435
|move|p1a: Kingambit|Sucker Punch|p2a: Decidueye
|-supereffective|p2a: Decidueye
|-damage|p2a: Decidueye|0 fnt
|faint|p2a: Decidueye
|
|upkeep
|
|t:|1779891438
|switch|p2a: Breloom|Breloom, M, shiny|100/100
|turn|14
|
|t:|1779891451
|-end|p1a: Kingambit|fallen3|[silent]
|switch|p1a: Flygon|Flygon, F|100/100
|move|p2a: Breloom|Mach Punch|p1a: Flygon
|-damage|p1a: Flygon|53/100
|
|upkeep
|turn|15
|
|t:|1779891464
|switch|p2a: Meowscarada|Meowscarada, F, shiny|100/100
|move|p1a: Flygon|Draco Meteor|p2a: Meowscarada
|-damage|p2a: Meowscarada|0 fnt
|-unboost|p1a: Flygon|spa|2
|faint|p2a: Meowscarada
|
|-fieldend|move: Grassy Terrain
|upkeep
|
|t:|1779891467
|switch|p2a: Rillaboom|Rillaboom, M, shiny|31/100
|-fieldstart|move: Grassy Terrain|[from] ability: Grassy Surge|[of] p2a: Rillaboom
|turn|16
|
|t:|1779891478
|move|p2a: Rillaboom|Fake Out|p1a: Flygon
|-damage|p1a: Flygon|32/100
|cant|p1a: Flygon|flinch
|
|-heal|p2a: Rillaboom|38/100|[from] Grassy Terrain
|upkeep
|turn|17
|
|t:|1779891487
|switch|p1a: Excadrill|Excadrill, F|100/100
|move|p2a: Rillaboom|Grassy Glide|p1a: Excadrill
|-damage|p1a: Excadrill|45/100
|
|-heal|p1a: Excadrill|51/100|[from] Grassy Terrain
|-heal|p2a: Rillaboom|44/100|[from] Grassy Terrain
|upkeep
|turn|18
|
|t:|1779891504
|move|p2a: Rillaboom|Grassy Glide|p1a: Excadrill
|-damage|p1a: Excadrill|0 fnt
|faint|p1a: Excadrill
|
|-heal|p2a: Rillaboom|50/100|[from] Grassy Terrain
|upkeep
|
|t:|1779891516
|switch|p1a: Flygon|Flygon, F|32/100
|turn|19
|
|t:|1779891520
|move|p2a: Rillaboom|Grassy Glide|p1a: Flygon
|-crit|p1a: Flygon
|-damage|p1a: Flygon|0 fnt
|faint|p1a: Flygon
|
|-heal|p2a: Rillaboom|56/100|[from] Grassy Terrain
|upkeep
|
|t:|1779891528
|switch|p1a: Kingambit|Kingambit, F|100/100
|-activate|p1a: Kingambit|ability: Supreme Overlord
|-start|p1a: Kingambit|fallen5|[silent]
|turn|20
|
|t:|1779891537
|move|p2a: Rillaboom|Grassy Glide|p1a: Kingambit
|-resisted|p1a: Kingambit
|-damage|p1a: Kingambit|86/100
|move|p1a: Kingambit|Kowtow Cleave|p2a: Rillaboom
|-damage|p2a: Rillaboom|0 fnt
|faint|p2a: Rillaboom
|
|-heal|p1a: Kingambit|92/100|[from] Grassy Terrain
|upkeep
|
|t:|1779891541
|switch|p2a: Breloom|Breloom, M, shiny|100/100
|turn|21
|
|t:|1779891553
|-terastallize|p1a: Kingambit|Ghost
|move|p2a: Breloom|Mach Punch|p1a: Kingambit
|-immune|p1a: Kingambit
|move|p1a: Kingambit|Sucker Punch||[still]
|-fail|p1a: Kingambit
|
|-heal|p1a: Kingambit|98/100|[from] Grassy Terrain
|upkeep
|turn|22
|
|t:|1779891564
|move|p2a: Breloom|Bullet Seed|p1a: Kingambit
|-damage|p1a: Kingambit|77/100
|-damage|p1a: Kingambit|56/100
|-damage|p1a: Kingambit|37/100
|-damage|p1a: Kingambit|18/100
|-damage|p1a: Kingambit|0 fnt
|faint|p1a: Kingambit
|-end|p1a: Kingambit|fallen5|[silent]
|-hitcount|p1: Kingambit|5
|
|win|allstartalon
|raw|250074jwy's rating: 1139 &rarr; <strong>1116</strong><br />(-23 for losing)
|raw|allstartalon's rating: 1164 &rarr; <strong>1187</strong><br />(+23 for winning)
|l|☆allstartalon
|player|p2|
|l|☆250074jwy
|player|p1|
