|j|☆xavier4464
|j|☆cytheidot
|t:|1779871667
|gametype|singles
|player|p1|xavier4464|lance|1296
|player|p2|cytheidot|iris-gen5bw2|1308
|gen|9
|tier|[Gen 9] OU
|rated|
|rule|HP Percentage Mod: HP is shown in percentages
|rule|Endless Battle Clause: Forcing endless battles is banned
|rule|Species Clause: Limit one of each Pokémon
|rule|OHKO Clause: OHKO moves are banned
|rule|Evasion Items Clause: Evasion items are banned
|rule|Evasion Moves Clause: Evasion moves are banned
|rule|Evasion Abilities Clause: Evasion abilities are banned
|rule|Sleep Moves Clause: Sleep-inducing moves are banned
|clearpoke
|poke|p1|Glimmora, M|
|poke|p1|Kingambit, F|
|poke|p1|Darkrai|
|poke|p1|Zamazenta-*|
|poke|p1|Dragonite, M|
|poke|p1|Iron Valiant|
|poke|p2|Garchomp, M|
|poke|p2|Gholdengo|
|poke|p2|Alomomola, F|
|poke|p2|Fezandipiti, M|
|poke|p2|Zoroark-Hisui, M|
|poke|p2|Great Tusk|
|teampreview
|inactive|Battle timer is ON: inactive players will automatically lose when time's up. (requested by xavier4464)
|
|t:|1779871714
|teamsize|p1|6
|teamsize|p2|6
|start
|switch|p1a: Iron Valiant|Iron Valiant|100/100
|switch|p2a: Gholdengo|Gholdengo|100/100
|-enditem|p1a: Iron Valiant|Booster Energy
|-activate|p1a: Iron Valiant|ability: Quark Drive|[fromitem]
|-start|p1a: Iron Valiant|quarkdrivespe
|turn|1
|
|t:|1779871727
|-terastallize|p1a: Iron Valiant|Ghost
|move|p1a: Iron Valiant|Shadow Ball|p2a: Gholdengo
|-supereffective|p2a: Gholdengo
|-damage|p2a: Gholdengo|10/100
|-unboost|p2a: Gholdengo|spd|1
|move|p2a: Gholdengo|Make It Rain|p1a: Iron Valiant
|-damage|p1a: Iron Valiant|0 fnt
|-unboost|p2a: Gholdengo|spa|1
|faint|p1a: Iron Valiant
|-end|p1a: Iron Valiant|Quark Drive|[silent]
|
|upkeep
|
|t:|1779871747
|switch|p1a: Dragonite|Dragonite, M|100/100
|turn|2
|
|t:|1779871755
|move|p1a: Dragonite|Extreme Speed|p2a: Gholdengo
|-immune|p2a: Gholdengo
|move|p2a: Gholdengo|Make It Rain|p1a: Dragonite
|-damage|p1a: Dragonite|74/100
|-unboost|p2a: Gholdengo|spa|1
|
|upkeep
|turn|3
|
|t:|1779871765
|move|p2a: Gholdengo|Nasty Plot|p2a: Gholdengo
|-boost|p2a: Gholdengo|spa|2
|move|p1a: Dragonite|Earthquake|p2a: Gholdengo
|-supereffective|p2a: Gholdengo
|-damage|p2a: Gholdengo|0 fnt
|faint|p2a: Gholdengo
|
|upkeep
|
|t:|1779871781
|switch|p2a: Fezandipiti|Fezandipiti, M|100/100
|turn|4
|
|t:|1779871790
|move|p1a: Dragonite|Earthquake|p2a: Fezandipiti
|-supereffective|p2a: Fezandipiti
|-damage|p2a: Fezandipiti|19/100
|move|p2a: Fezandipiti|Play Rough|p1a: Dragonite
|-supereffective|p1a: Dragonite
|-damage|p1a: Dragonite|5/100
|
|upkeep
|turn|5
|
|t:|1779871808
|switch|p2a: Garchomp|Garchomp, M|100/100
|move|p1a: Dragonite|Extreme Speed|p2a: Garchomp
|-immune|p2a: Garchomp
|
|upkeep
|turn|6
|
|t:|1779871831
|move|p2a: Garchomp|Hyper Voice|p1a: Dragonite
|-damage|p1a: Dragonite|0 fnt
|faint|p1a: Dragonite
|
|upkeep
|
|t:|1779871836
|switch|p1a: Darkrai|Darkrai|100/100
|turn|7
|
|t:|1779871845
|move|p1a: Darkrai|Ice Beam|p2a: Garchomp
|-damage|p2a: Garchomp|36/100
|replace|p2a: Zoroark|Zoroark-Hisui, M
|-end|p2a: Zoroark|Illusion
|move|p2a: Zoroark|Hyper Voice|p1a: Darkrai
|-damage|p1a: Darkrai|9/100
|
|upkeep
|turn|8
|
|t:|1779871859
|move|p1a: Darkrai|Ice Beam|p2a: Zoroark
|-damage|p2a: Zoroark|0 fnt
|faint|p2a: Zoroark
|
|upkeep
|
|t:|1779871863
|switch|p2a: Alomomola|Alomomola, F|100/100
|turn|9
|
|t:|1779871869
|switch|p1a: Glimmora|Glimmora, M|100/100
|move|p2a: Alomomola|Scald|p1a: Glimmora
|-supereffective|p1a: Glimmora
|-damage|p1a: Glimmora|67/100
|
|upkeep
|turn|10
|
|t:|1779871877
|move|p1a: Glimmora|Mortal Spin|p2a: Alomomola
|-damage|p2a: Alomomola|96/100
|-status|p2a: Alomomola|psn
|move|p2a: Alomomola|Scald|p1a: Glimmora
|-supereffective|p1a: Glimmora
|-damage|p1a: Glimmora|37/100
|-status|p1a: Glimmora|brn
|
|-heal|p2a: Alomomola|100/100 psn|[from] item: Leftovers
|-damage|p2a: Alomomola|88/100 psn|[from] psn
|-damage|p1a: Glimmora|31/100 brn|[from] brn
|upkeep
|turn|11
|
|t:|1779871892
|move|p1a: Glimmora|Stealth Rock|p2a: Alomomola
|-sidestart|p2: cytheidot|move: Stealth Rock
|move|p2a: Alomomola|Scald|p1a: Glimmora
|-supereffective|p1a: Glimmora
|-damage|p1a: Glimmora|0 fnt
|faint|p1a: Glimmora
|
|-heal|p2a: Alomomola|94/100 psn|[from] item: Leftovers
|-damage|p2a: Alomomola|82/100 psn|[from] psn
|upkeep
|inactive|xavier4464 has 120 seconds left.
|
|t:|1779871933
|switch|p1a: Zamazenta|Zamazenta|100/100
|-ability|p1a: Zamazenta|Dauntless Shield|boost
|-boost|p1a: Zamazenta|def|1
|turn|12
|
|t:|1779871954
|move|p1a: Zamazenta|Iron Defense|p1a: Zamazenta
|-boost|p1a: Zamazenta|def|2
|move|p2a: Alomomola|Wish|p2a: Alomomola
|
|-heal|p2a: Alomomola|88/100 psn|[from] item: Leftovers
|-damage|p2a: Alomomola|76/100 psn|[from] psn
|upkeep
|turn|13
|
|t:|1779871965
|move|p1a: Zamazenta|Iron Defense|p1a: Zamazenta
|-boost|p1a: Zamazenta|def|2
|move|p2a: Alomomola|Flip Turn|p1a: Zamazenta
|-damage|p1a: Zamazenta|96/100
|
|t:|1779871970
|switch|p2a: Garchomp|Garchomp, M|100/100|[from] Flip Turn
|-damage|p2a: Garchomp|94/100|[from] Stealth Rock
|
|-heal|p2a: Garchomp|100/100|[from] move: Wish|[wisher] Alomomola
|-heal|p1a: Zamazenta|100/100|[from] item: Leftovers
|upkeep
|turn|14
|inactive|xavier4464 has 120 seconds left.
|
|t:|1779871982
|-terastallize|p2a: Garchomp|Ghost
|move|p1a: Zamazenta|Body Press|p2a: Garchomp
|-immune|p2a: Garchomp
|move|p2a: Garchomp|Dragon Tail|p1a: Zamazenta|[miss]
|-miss|p2a: Garchomp|p1a: Zamazenta
|
|upkeep
|turn|15
|inactive|xavier4464 has 120 seconds left.
|
|t:|1779871992
|move|p1a: Zamazenta|Crunch|p2a: Garchomp
|-supereffective|p2a: Garchomp
|-damage|p2a: Garchomp|74/100
|-damage|p1a: Zamazenta|88/100|[from] ability: Rough Skin|[of] p2a: Garchomp
|-damage|p1a: Zamazenta|72/100|[from] item: Rocky Helmet|[of] p2a: Garchomp
|move|p2a: Garchomp|Dragon Tail|p1a: Zamazenta|[miss]
|-miss|p2a: Garchomp|p1a: Zamazenta
|
|-heal|p1a: Zamazenta|78/100|[from] item: Leftovers
|upkeep
|turn|16
|inactive|xavier4464 has 120 seconds left.
|
|t:|1779872003
|move|p1a: Zamazenta|Roar|p2a: Garchomp
|drag|p2a: Alomomola|Alomomola, F|100/100 psn
|-damage|p2a: Alomomola|88/100 psn|[from] Stealth Rock
|
|-heal|p1a: Zamazenta|84/100|[from] item: Leftovers
|-heal|p2a: Alomomola|94/100 psn|[from] item: Leftovers
|-damage|p2a: Alomomola|82/100 psn|[from] psn
|upkeep
|turn|17
|inactive|xavier4464 has 120 seconds left.
|
|t:|1779872021
|move|p1a: Zamazenta|Iron Defense|p1a: Zamazenta
|-boost|p1a: Zamazenta|def|1
|move|p2a: Alomomola|Flip Turn|p1a: Zamazenta
|-crit|p1a: Zamazenta
|-damage|p1a: Zamazenta|64/100
|
|t:|1779872026
|switch|p2a: Garchomp|Garchomp, M, tera:Ghost|74/100|[from] Flip Turn
|-damage|p2a: Garchomp|62/100|[from] Stealth Rock
|
|-heal|p1a: Zamazenta|71/100|[from] item: Leftovers
|upkeep
|turn|18
|inactive|xavier4464 has 120 seconds left.
|
|t:|1779872037
|move|p1a: Zamazenta|Roar|p2a: Garchomp
|drag|p2a: Fezandipiti|Fezandipiti, M|19/100
|
|-heal|p1a: Zamazenta|77/100|[from] item: Leftovers
|upkeep
|turn|19
|inactive|xavier4464 has 120 seconds left.
|
|t:|1779872049
|move|p2a: Fezandipiti|Play Rough|p1a: Zamazenta
|-supereffective|p1a: Zamazenta
|-damage|p1a: Zamazenta|63/100
|-status|p1a: Zamazenta|tox|[from] ability: Toxic Chain|[of] p2a: Fezandipiti
|move|p1a: Zamazenta|Roar|p2a: Fezandipiti
|drag|p2a: Alomomola|Alomomola, F|100/100 psn
|-damage|p2a: Alomomola|88/100 psn|[from] Stealth Rock
|
|-heal|p1a: Zamazenta|69/100 tox|[from] item: Leftovers
|-heal|p2a: Alomomola|94/100 psn|[from] item: Leftovers
|-damage|p1a: Zamazenta|63/100 tox|[from] psn
|-damage|p2a: Alomomola|82/100 psn|[from] psn
|upkeep
|turn|20
|inactive|xavier4464 has 120 seconds left.
|
|t:|1779872063
|move|p1a: Zamazenta|Crunch|p2a: Alomomola
|-damage|p2a: Alomomola|67/100 psn
|move|p2a: Alomomola|Wish|p2a: Alomomola
|
|-heal|p1a: Zamazenta|69/100 tox|[from] item: Leftovers
|-heal|p2a: Alomomola|73/100 psn|[from] item: Leftovers
|-damage|p1a: Zamazenta|57/100 tox|[from] psn
|-damage|p2a: Alomomola|61/100 psn|[from] psn
|upkeep
|turn|21
|
|t:|1779872072
|move|p2a: Alomomola|Protect|p2a: Alomomola
|-singleturn|p2a: Alomomola|Protect
|move|p1a: Zamazenta|Body Press|p2a: Alomomola
|-activate|p2a: Alomomola|move: Protect
|
|-heal|p2a: Alomomola|100/100 psn|[from] move: Wish|[wisher] Alomomola
|-heal|p1a: Zamazenta|63/100 tox|[from] item: Leftovers
|-damage|p1a: Zamazenta|44/100 tox|[from] psn
|-damage|p2a: Alomomola|88/100 psn|[from] psn
|upkeep
|turn|22
|
|t:|1779872084
|switch|p2a: Garchomp|Garchomp, M, tera:Ghost|62/100
|-damage|p2a: Garchomp|50/100|[from] Stealth Rock
|move|p1a: Zamazenta|Crunch|p2a: Garchomp
|-supereffective|p2a: Garchomp
|-damage|p2a: Garchomp|20/100
|-unboost|p2a: Garchomp|def|1
|-damage|p1a: Zamazenta|32/100 tox|[from] ability: Rough Skin|[of] p2a: Garchomp
|-damage|p1a: Zamazenta|15/100 tox|[from] item: Rocky Helmet|[of] p2a: Garchomp
|
|-heal|p1a: Zamazenta|22/100 tox|[from] item: Leftovers
|-damage|p1a: Zamazenta|0 fnt|[from] psn
|faint|p1a: Zamazenta
|upkeep
|inactive|xavier4464 has 120 seconds left.
|
|t:|1779872100
|switch|p1a: Darkrai|Darkrai|9/100
|turn|23
|inactive|xavier4464 has 120 seconds left.
|inactive|xavier4464 has 90 seconds left.
|
|t:|1779872141
|move|p1a: Darkrai|Dark Pulse|p2a: Garchomp
|-supereffective|p2a: Garchomp
|-damage|p2a: Garchomp|0 fnt
|faint|p2a: Garchomp
|
|upkeep
|
|t:|1779872151
|switch|p2a: Alomomola|Alomomola, F|100/100 psn
|-damage|p2a: Alomomola|88/100 psn|[from] Stealth Rock
|turn|24
|
|t:|1779872159
|move|p1a: Darkrai|Dark Pulse|p2a: Alomomola
|-damage|p2a: Alomomola|56/100 psn
|move|p2a: Alomomola|Flip Turn|p1a: Darkrai
|-damage|p1a: Darkrai|0 fnt
|faint|p1a: Darkrai
|
|t:|1779872163
|switch|p2a: Great Tusk|Great Tusk|100/100|[from] Flip Turn
|
|upkeep
|j| Baboulinet44
|
|t:|1779872169
|switch|p1a: Kingambit|Kingambit, F|100/100
|-activate|p1a: Kingambit|ability: Supreme Overlord
|-start|p1a: Kingambit|fallen5|[silent]
|turn|25
|inactive|xavier4464 has 90 seconds left.
|
|t:|1779872193
|move|p2a: Great Tusk|Headlong Rush|p1a: Kingambit
|-supereffective|p1a: Kingambit
|-damage|p1a: Kingambit|0 fnt
|-unboost|p2a: Great Tusk|def|1
|-unboost|p2a: Great Tusk|spd|1
|faint|p1a: Kingambit
|-end|p1a: Kingambit|fallen5|[silent]
|
|win|cytheidot
|raw|xavier4464's rating: 1296 &rarr; <strong>1272</strong><br />(-24 for losing)
|raw|cytheidot's rating: 1308 &rarr; <strong>1327</strong><br />(+19 for winning)
|l|☆xavier4464
|player|p1|
|l| Baboulinet44
