|j|☆tentedplace58
|j|☆Aizor81
|t:|1779806673
|gametype|singles
|player|p1|tentedplace58|psychic|1082
|player|p2|Aizor81|pokemonbreeder|1093
|gen|9
|tier|[Gen 9] OU
|rated|
|rule|HP Percentage Mod: HP is shown in percentages
|rule|Endless Battle Clause: Forcing endless battles is banned
|rule|Species Clause: Limit one of each Pokémon
|rule|OHKO Clause: OHKO moves are banned
|rule|Evasion Items Clause: Evasion items are banned
|rule|Evasion Moves Clause: Evasion moves are banned
|rule|Evasion Abilities Clause: Evasion abilities are banned
|rule|Sleep Moves Clause: Sleep-inducing moves are banned
|clearpoke
|poke|p1|Moltres-Galar|
|poke|p1|Gholdengo|
|poke|p1|Samurott-Hisui, M|
|poke|p1|Smeargle, M|
|poke|p1|Zamazenta-*|
|poke|p1|Deoxys-Speed|
|poke|p2|Sunflora, M|
|poke|p2|Torkoal, M|
|poke|p2|Hariyama, M|
|poke|p2|Lapras, F|
|poke|p2|Corviknight, F|
|poke|p2|Heatran, M|
|teampreview
|
|t:|1779806703
|teamsize|p1|6
|teamsize|p2|6
|start
|switch|p1a: Deoxys|Deoxys-Speed|100/100
|switch|p2a: Cargol treu banya|Lapras, F|100/100
|-ability|p1a: Deoxys|Pressure
|turn|1
|
|t:|1779806713
|move|p1a: Deoxys|Light Screen|p1a: Deoxys
|-sidestart|p1: tentedplace58|move: Light Screen
|move|p2a: Cargol treu banya|Ice Beam|p1a: Deoxys
|-damage|p1a: Deoxys|63/100
|
|upkeep
|turn|2
|
|t:|1779806722
|move|p1a: Deoxys|Psycho Boost|p2a: Cargol treu banya
|-damage|p2a: Cargol treu banya|63/100
|-unboost|p1a: Deoxys|spa|2
|move|p2a: Cargol treu banya|Ice Beam|p1a: Deoxys
|-damage|p1a: Deoxys|29/100
|
|upkeep
|turn|3
|
|t:|1779806725
|move|p1a: Deoxys|Reflect|p1a: Deoxys
|-sidestart|p1: tentedplace58|Reflect
|move|p2a: Cargol treu banya|Ice Beam|p1a: Deoxys
|-damage|p1a: Deoxys|0 fnt
|faint|p1a: Deoxys
|
|upkeep
|
|t:|1779806727
|switch|p1a: Smeargle|Smeargle, M|100/100
|turn|4
|
|t:|1779806733
|switch|p2a: Chocala|Hariyama, M|100/100
|move|p1a: Smeargle|Jaw Lock|p2a: Chocala
|-resisted|p2a: Chocala
|-damage|p2a: Chocala|94/100
|-activate|p1a: Smeargle|trapped
|-activate|p2a: Chocala|trapped
|
|-status|p2a: Chocala|brn|[from] item: Flame Orb
|upkeep
|turn|5
|
|t:|1779806749
|-terastallize|p1a: Smeargle|Flying
|move|p1a: Smeargle|No Retreat|p1a: Smeargle
|-boost|p1a: Smeargle|atk|1
|-boost|p1a: Smeargle|def|1
|-boost|p1a: Smeargle|spa|1
|-boost|p1a: Smeargle|spd|1
|-boost|p1a: Smeargle|spe|1
|move|p2a: Chocala|Bulk Up|p2a: Chocala
|-boost|p2a: Chocala|atk|1
|-boost|p2a: Chocala|def|1
|
|-damage|p2a: Chocala|88/100 brn|[from] brn
|upkeep
|turn|6
|
|t:|1779806781
|move|p2a: Chocala|Detect|p2a: Chocala
|-singleturn|p2a: Chocala|Protect
|move|p1a: Smeargle|No Retreat|p1a: Smeargle
|-boost|p1a: Smeargle|atk|1
|-boost|p1a: Smeargle|def|1
|-boost|p1a: Smeargle|spa|1
|-boost|p1a: Smeargle|spd|1
|-boost|p1a: Smeargle|spe|1
|
|-damage|p2a: Chocala|82/100 brn|[from] brn
|upkeep
|turn|7
|
|t:|1779806786
|move|p1a: Smeargle|No Retreat|p1a: Smeargle
|-boost|p1a: Smeargle|atk|1
|-boost|p1a: Smeargle|def|1
|-boost|p1a: Smeargle|spa|1
|-boost|p1a: Smeargle|spd|1
|-boost|p1a: Smeargle|spe|1
|move|p2a: Chocala|Headlong Rush|p1a: Smeargle
|-immune|p1a: Smeargle
|
|-damage|p2a: Chocala|76/100 brn|[from] brn
|upkeep
|turn|8
|
|t:|1779806796
|move|p2a: Chocala|Detect|p2a: Chocala
|-singleturn|p2a: Chocala|Protect
|move|p1a: Smeargle|No Retreat|p1a: Smeargle
|-boost|p1a: Smeargle|atk|1
|-boost|p1a: Smeargle|def|1
|-boost|p1a: Smeargle|spa|1
|-boost|p1a: Smeargle|spd|1
|-boost|p1a: Smeargle|spe|1
|
|-damage|p2a: Chocala|70/100 brn|[from] brn
|-sideend|p1: tentedplace58|move: Light Screen
|upkeep
|turn|9
|
|t:|1779806801
|move|p1a: Smeargle|No Retreat|p1a: Smeargle
|-boost|p1a: Smeargle|atk|1
|-boost|p1a: Smeargle|def|1
|-boost|p1a: Smeargle|spa|1
|-boost|p1a: Smeargle|spd|1
|-boost|p1a: Smeargle|spe|1
|move|p2a: Chocala|Close Combat|p1a: Smeargle
|-resisted|p1a: Smeargle
|-damage|p1a: Smeargle|76/100
|-unboost|p2a: Chocala|def|1
|-unboost|p2a: Chocala|spd|1
|
|-damage|p2a: Chocala|64/100 brn|[from] brn
|upkeep
|turn|10
|
|t:|1779806809
|move|p1a: Smeargle|No Retreat|p1a: Smeargle
|-boost|p1a: Smeargle|atk|1
|-boost|p1a: Smeargle|def|1
|-boost|p1a: Smeargle|spa|1
|-boost|p1a: Smeargle|spd|1
|-boost|p1a: Smeargle|spe|1
|move|p2a: Chocala|Close Combat|p1a: Smeargle
|-resisted|p1a: Smeargle
|-damage|p1a: Smeargle|56/100
|-unboost|p2a: Chocala|def|1
|-unboost|p2a: Chocala|spd|1
|
|-damage|p2a: Chocala|58/100 brn|[from] brn
|-sideend|p1: tentedplace58|Reflect
|upkeep
|turn|11
|
|t:|1779806816
|move|p1a: Smeargle|Population Bomb|p2a: Chocala
|-damage|p2a: Chocala|13/100 brn
|-damage|p2a: Chocala|0 fnt
|faint|p2a: Chocala
|-hitcount|p2: Chocala|2
|
|upkeep
|
|t:|1779806824
|switch|p2a: Cegarro|Torkoal, M|100/100
|-weather|SunnyDay|[from] ability: Drought|[of] p2a: Cegarro
|turn|12
|
|t:|1779806829
|move|p1a: Smeargle|Population Bomb|p2a: Cegarro
|-damage|p2a: Cegarro|83/100
|-damage|p1a: Smeargle|39/100|[from] item: Rocky Helmet|[of] p2a: Cegarro
|-damage|p2a: Cegarro|63/100
|-damage|p1a: Smeargle|23/100|[from] item: Rocky Helmet|[of] p2a: Cegarro
|-damage|p2a: Cegarro|44/100
|-damage|p1a: Smeargle|6/100|[from] item: Rocky Helmet|[of] p2a: Cegarro
|-damage|p2a: Cegarro|27/100
|-damage|p1a: Smeargle|0 fnt|[from] item: Rocky Helmet|[of] p2a: Cegarro
|faint|p1a: Smeargle
|-hitcount|p2a: Cegarro|4
|move|p2a: Cegarro|Will-O-Wisp|p1: Smeargle|[notarget]
|-fail|p2a: Cegarro
|
|-weather|SunnyDay|[upkeep]
|upkeep
|
|t:|1779806838
|switch|p1a: Samurott|Samurott-Hisui, M|100/100
|turn|13
|
|t:|1779806853
|move|p1a: Samurott|Ceaseless Edge|p2a: Cegarro
|-damage|p2a: Cegarro|0 fnt
|-damage|p1a: Samurott|84/100|[from] item: Rocky Helmet|[of] p2a: Cegarro
|-sidestart|p2: Aizor81|Spikes
|faint|p2a: Cegarro
|
|-weather|SunnyDay|[upkeep]
|upkeep
|
|t:|1779806855
|switch|p2a: GoatFlora|Sunflora, M, shiny|100/100
|-damage|p2a: GoatFlora|88/100|[from] Spikes
|turn|14
|
|t:|1779806869
|switch|p1a: Gholdengo|Gholdengo|100/100
|move|p2a: GoatFlora|Leech Seed|p1a: Gholdengo
|-immune|p1a: Gholdengo|[from] ability: Good as Gold
|
|-weather|SunnyDay|[upkeep]
|upkeep
|turn|15
|
|t:|1779806878
|switch|p2a: 45 graditos|Heatran, M|100/100
|-damage|p2a: 45 graditos|88/100|[from] Spikes
|move|p1a: Gholdengo|Trick|p2a: 45 graditos
|-activate|p1a: Gholdengo|move: Trick|[of] p2a: 45 graditos
|-item|p2a: 45 graditos|Choice Scarf|[from] move: Trick
|-item|p1a: Gholdengo|Assault Vest|[from] move: Trick
|
|-weather|SunnyDay|[upkeep]
|upkeep
|turn|16
|
|t:|1779806885
|move|p2a: 45 graditos|Fire Blast|p1a: Gholdengo
|-supereffective|p1a: Gholdengo
|-damage|p1a: Gholdengo|0 fnt
|faint|p1a: Gholdengo
|
|-weather|none
|upkeep
|
|t:|1779806895
|switch|p1a: Zamazenta|Zamazenta|100/100
|-ability|p1a: Zamazenta|Dauntless Shield|boost
|-boost|p1a: Zamazenta|def|1
|turn|17
|
|t:|1779806920
|move|p2a: 45 graditos|Fire Blast|p1a: Zamazenta
|-damage|p1a: Zamazenta|43/100
|move|p1a: Zamazenta|Iron Defense|p1a: Zamazenta
|-boost|p1a: Zamazenta|def|2
|
|-heal|p1a: Zamazenta|49/100|[from] item: Leftovers
|upkeep
|turn|18
|
|t:|1779806927
|move|p2a: 45 graditos|Fire Blast|p1a: Zamazenta|[miss]
|-miss|p2a: 45 graditos|p1a: Zamazenta
|move|p1a: Zamazenta|Body Press|p2a: 45 graditos
|-supereffective|p2a: 45 graditos
|-damage|p2a: 45 graditos|0 fnt
|faint|p2a: 45 graditos
|
|-heal|p1a: Zamazenta|56/100|[from] item: Leftovers
|upkeep
|
|t:|1779806934
|switch|p2a: Calimero|Corviknight, F, shiny|100/100
|-ability|p2a: Calimero|Pressure
|turn|19
|
|t:|1779806943
|move|p1a: Zamazenta|Body Press|p2a: Calimero
|-damage|p2a: Calimero|35/100
|move|p2a: Calimero|Air Slash|p1a: Zamazenta
|-supereffective|p1a: Zamazenta
|-damage|p1a: Zamazenta|28/100
|
|-heal|p1a: Zamazenta|34/100|[from] item: Leftovers
|-heal|p2a: Calimero|41/100|[from] item: Leftovers
|upkeep
|turn|20
|
|t:|1779806948
|move|p1a: Zamazenta|Body Press|p2a: Calimero
|-crit|p2a: Calimero
|-damage|p2a: Calimero|0 fnt
|faint|p2a: Calimero
|
|-heal|p1a: Zamazenta|40/100|[from] item: Leftovers
|upkeep
|
|t:|1779806958
|switch|p2a: Cargol treu banya|Lapras, F|63/100
|-damage|p2a: Cargol treu banya|51/100|[from] Spikes
|turn|21
|
|t:|1779806972
|-terastallize|p2a: Cargol treu banya|Water
|move|p1a: Zamazenta|Body Press|p2a: Cargol treu banya
|-damage|p2a: Cargol treu banya|0 fnt
|faint|p2a: Cargol treu banya
|
|-heal|p1a: Zamazenta|46/100|[from] item: Leftovers
|upkeep
|
|t:|1779806974
|switch|p2a: GoatFlora|Sunflora, M, shiny|88/100
|-damage|p2a: GoatFlora|76/100|[from] Spikes
|turn|22
|
|t:|1779806978
|move|p1a: Zamazenta|Body Press|p2a: GoatFlora
|-damage|p2a: GoatFlora|0 fnt
|faint|p2a: GoatFlora
|
|win|tentedplace58
|raw|tentedplace58's rating: 1082 &rarr; <strong>1111</strong><br />(+29 for winning)
|raw|Aizor81's rating: 1093 &rarr; <strong>1068</strong><br />(-25 for losing)
|l|☆tentedplace58
|player|p1|
|l|☆Aizor81
|player|p2|
