|j|☆Natsun905877
|j|☆Racceth
|t:|1779970705
|gametype|singles
|player|p1|Natsun905877|lucas|1132
|player|p2|Racceth|harlequin|1182
|gen|9
|tier|[Gen 9] OU
|rated|
|rule|HP Percentage Mod: HP is shown in percentages
|rule|Endless Battle Clause: Forcing endless battles is banned
|rule|Species Clause: Limit one of each Pokémon
|rule|OHKO Clause: OHKO moves are banned
|rule|Evasion Items Clause: Evasion items are banned
|rule|Evasion Moves Clause: Evasion moves are banned
|rule|Evasion Abilities Clause: Evasion abilities are banned
|rule|Sleep Moves Clause: Sleep-inducing moves are banned
|clearpoke
|poke|p1|Torkoal, M|
|poke|p1|Walking Wake|
|poke|p1|Great Tusk|
|poke|p1|Hatterene, F|
|poke|p1|Raging Bolt|
|poke|p1|Ceruledge, M|
|poke|p2|Iron Valiant|
|poke|p2|Latios, M|
|poke|p2|Gligar, F|
|poke|p2|Haunter, M|
|poke|p2|Cloyster, F|
|poke|p2|Charizard, F|
|teampreview
|inactive|Battle timer is ON: inactive players will automatically lose when time's up. (requested by Natsun905877)
|
|t:|1779970732
|teamsize|p1|6
|teamsize|p2|6
|start
|switch|p1a: Torkoal|Torkoal, M|100/100
|switch|p2a: Gligar|Gligar, F|100/100
|-weather|SunnyDay|[from] ability: Drought|[of] p1a: Torkoal
|turn|1
|
|t:|1779970751
|switch|p1a: Great Tusk|Great Tusk|100/100
|-activate|p1a: Great Tusk|ability: Protosynthesis
|-start|p1a: Great Tusk|protosynthesisspe
|move|p2a: Gligar|Earthquake|p1a: Great Tusk
|-damage|p1a: Great Tusk|84/100
|
|-weather|SunnyDay|[upkeep]
|-heal|p1a: Great Tusk|90/100|[from] item: Leftovers
|upkeep
|turn|2
|
|t:|1779970765
|move|p1a: Great Tusk|Ice Spinner|p2a: Gligar
|-supereffective|p2a: Gligar
|-damage|p2a: Gligar|57/100
|move|p2a: Gligar|Toxic|p1a: Great Tusk
|-status|p1a: Great Tusk|tox
|
|-weather|SunnyDay|[upkeep]
|-heal|p1a: Great Tusk|96/100 tox|[from] item: Leftovers
|-damage|p1a: Great Tusk|90/100 tox|[from] psn
|upkeep
|turn|3
|
|t:|1779970783
|move|p1a: Great Tusk|Bulk Up|p1a: Great Tusk
|-boost|p1a: Great Tusk|atk|1
|-boost|p1a: Great Tusk|def|1
|move|p2a: Gligar|Stealth Rock|p1a: Great Tusk
|-sidestart|p1: Natsun905877|move: Stealth Rock
|
|-weather|SunnyDay|[upkeep]
|-heal|p1a: Great Tusk|96/100 tox|[from] item: Leftovers
|-damage|p1a: Great Tusk|84/100 tox|[from] psn
|upkeep
|turn|4
|
|t:|1779970796
|move|p1a: Great Tusk|Ice Spinner|p2a: Gligar
|-supereffective|p2a: Gligar
|-damage|p2a: Gligar|0 fnt
|faint|p2a: Gligar
|
|-weather|SunnyDay|[upkeep]
|-heal|p1a: Great Tusk|90/100 tox|[from] item: Leftovers
|-damage|p1a: Great Tusk|71/100 tox|[from] psn
|upkeep
|
|t:|1779970803
|switch|p2a: Charizard|Charizard, F|100/100
|turn|5
|
|t:|1779970832
|move|p1a: Great Tusk|Rapid Spin|p2a: Charizard
|-damage|p2a: Charizard|69/100
|-boost|p1a: Great Tusk|spe|1
|-sideend|p1: Natsun905877|Stealth Rock|[from] move: Rapid Spin|[of] p1a: Great Tusk
|move|p2a: Charizard|Air Slash|p1a: Great Tusk
|-supereffective|p1a: Great Tusk
|-damage|p1a: Great Tusk|0 fnt
|faint|p1a: Great Tusk
|-end|p1a: Great Tusk|Protosynthesis|[silent]
|
|-weather|SunnyDay|[upkeep]
|-damage|p2a: Charizard|56/100|[from] ability: Solar Power|[of] p2a: Charizard
|upkeep
|inactive|Natsun905877 has 120 seconds left.
|
|t:|1779970858
|switch|p1a: Walking Wake|Walking Wake|100/100
|-activate|p1a: Walking Wake|ability: Protosynthesis
|-start|p1a: Walking Wake|protosynthesisspe
|turn|6
|inactive|Racceth has 120 seconds left.
|
|t:|1779970891
|move|p1a: Walking Wake|Hydro Steam|p2a: Charizard
|-supereffective|p2a: Charizard
|-damage|p2a: Charizard|0 fnt
|faint|p2a: Charizard
|
|-weather|SunnyDay|[upkeep]
|upkeep
|inactive|Racceth has 120 seconds left.
|
|t:|1779970900
|switch|p2a: Latios|Latios, M|100/100
|turn|7
|
|t:|1779970915
|move|p1a: Walking Wake|Hydro Steam|p2a: Latios
|-resisted|p2a: Latios
|-damage|p2a: Latios|57/100
|move|p2a: Latios|Draco Meteor|p1a: Walking Wake
|-supereffective|p1a: Walking Wake
|-damage|p1a: Walking Wake|0 fnt
|-unboost|p2a: Latios|spa|2
|faint|p1a: Walking Wake
|-end|p1a: Walking Wake|Protosynthesis|[silent]
|
|-weather|SunnyDay|[upkeep]
|upkeep
|
|t:|1779970922
|switch|p1a: Hatterene|Hatterene, F|100/100
|turn|8
|
|t:|1779970940
|switch|p2a: Haunter|Haunter, M|100/100
|move|p1a: Hatterene|Dazzling Gleam|p2a: Haunter
|-resisted|p2a: Haunter
|-damage|p2a: Haunter|72/100
|
|-weather|none
|upkeep
|turn|9
|inactive|Racceth has 120 seconds left.
|
|t:|1779970966
|move|p2a: Haunter|Destiny Bond|p2a: Haunter
|-singlemove|p2a: Haunter|Destiny Bond
|move|p1a: Hatterene|Healing Wish|p1a: Hatterene
|faint|p1a: Hatterene
|
|upkeep
|
|t:|1779970975
|switch|p1a: Ceruledge|Ceruledge, M|100/100
|turn|10
|inactive|Racceth has 120 seconds left.
|
|t:|1779970995
|switch|p1a: Torkoal|Torkoal, M|100/100
|-weather|SunnyDay|[from] ability: Drought|[of] p1a: Torkoal
|move|p2a: Haunter|Shadow Ball|p1a: Torkoal
|-damage|p1a: Torkoal|52/100
|-unboost|p1a: Torkoal|spd|1
|
|-weather|SunnyDay|[upkeep]
|upkeep
|turn|11
|inactive|Racceth has 120 seconds left.
|
|t:|1779971006
|move|p2a: Haunter|Destiny Bond|p2a: Haunter
|-singlemove|p2a: Haunter|Destiny Bond
|move|p1a: Torkoal|Stealth Rock|p2a: Haunter
|-sidestart|p2: Racceth|move: Stealth Rock
|
|-weather|SunnyDay|[upkeep]
|upkeep
|turn|12
|
|t:|1779971015
|move|p2a: Haunter|Taunt|p1a: Torkoal
|-start|p1a: Torkoal|move: Taunt
|move|p1a: Torkoal|Lava Plume|p2a: Haunter
|-damage|p2a: Haunter|10/100
|
|-weather|SunnyDay|[upkeep]
|upkeep
|turn|13
|
|t:|1779971024
|move|p2a: Haunter|Destiny Bond|p2a: Haunter
|-singlemove|p2a: Haunter|Destiny Bond
|move|p1a: Torkoal|Lava Plume|p2a: Haunter
|-damage|p2a: Haunter|0 fnt
|faint|p2a: Haunter
|-activate|p2a: Haunter|move: Destiny Bond
|faint|p1a: Torkoal
|
|-weather|SunnyDay|[upkeep]
|upkeep
|inactive|Racceth has 120 seconds left.
|
|t:|1779971047
|switch|p2a: Latios|Latios, M|57/100
|switch|p1a: Raging Bolt|Raging Bolt|100/100
|-damage|p2a: Latios|45/100|[from] Stealth Rock
|-activate|p1a: Raging Bolt|ability: Protosynthesis
|-start|p1a: Raging Bolt|protosynthesisspa
|turn|14
|inactive|Racceth has 120 seconds left.
|
|t:|1779971067
|move|p2a: Latios|Draco Meteor|p1a: Raging Bolt
|-supereffective|p1a: Raging Bolt
|-damage|p1a: Raging Bolt|0 fnt
|-unboost|p2a: Latios|spa|2
|faint|p1a: Raging Bolt
|-end|p1a: Raging Bolt|Protosynthesis|[silent]
|
|-weather|SunnyDay|[upkeep]
|upkeep
|
|t:|1779971071
|switch|p1a: Ceruledge|Ceruledge, M|100/100
|turn|15
|inactive|Racceth has 120 seconds left.
|
|t:|1779971078
|move|p2a: Latios|Draco Meteor|p1a: Ceruledge
|-damage|p1a: Ceruledge|40/100
|-unboost|p2a: Latios|spa|2
|move|p1a: Ceruledge|Swords Dance|p1a: Ceruledge
|-boost|p1a: Ceruledge|atk|2
|
|-weather|SunnyDay|[upkeep]
|upkeep
|turn|16
|inactive|Natsun905877 has 120 seconds left.
|
|t:|1779971091
|move|p2a: Latios|Draco Meteor|p1a: Ceruledge
|-damage|p1a: Ceruledge|2/100
|-unboost|p2a: Latios|spa|2
|move|p1a: Ceruledge|Poltergeist|p2a: Latios
|-activate|p2a: Latios|move: Poltergeist|Choice Specs
|-supereffective|p2a: Latios
|-damage|p2a: Latios|0 fnt
|faint|p2a: Latios
|
|-weather|SunnyDay|[upkeep]
|upkeep
|inactive|Racceth has 120 seconds left.
|
|t:|1779971107
|switch|p2a: Iron Valiant|Iron Valiant|100/100
|-damage|p2a: Iron Valiant|94/100|[from] Stealth Rock
|-enditem|p2a: Iron Valiant|Booster Energy
|-activate|p2a: Iron Valiant|ability: Quark Drive|[fromitem]
|-start|p2a: Iron Valiant|quarkdrivespe
|turn|17
|inactive|Racceth has 120 seconds left.
|
|t:|1779971119
|-terastallize|p1a: Ceruledge|Fire
|move|p2a: Iron Valiant|Thunderbolt|p1a: Ceruledge
|-damage|p1a: Ceruledge|0 fnt
|faint|p1a: Ceruledge
|
|win|Racceth
|raw|Natsun905877's rating: 1132 &rarr; <strong>1111</strong><br />(-21 for losing)
|raw|Racceth's rating: 1182 &rarr; <strong>1203</strong><br />(+21 for winning)
|l|☆Natsun905877
|player|p1|
|l|☆Racceth
|player|p2|
