|j|☆PoemGoatNot
|j|☆alienxdefault
|t:|1779967893
|gametype|singles
|player|p1|PoemGoatNot|hiker-gen4|1173
|player|p2|alienxdefault|alder|1182
|gen|9
|tier|[Gen 9] OU
|rated|
|rule|HP Percentage Mod: HP is shown in percentages
|rule|Endless Battle Clause: Forcing endless battles is banned
|rule|Species Clause: Limit one of each Pokémon
|rule|OHKO Clause: OHKO moves are banned
|rule|Evasion Items Clause: Evasion items are banned
|rule|Evasion Moves Clause: Evasion moves are banned
|rule|Evasion Abilities Clause: Evasion abilities are banned
|rule|Sleep Moves Clause: Sleep-inducing moves are banned
|clearpoke
|poke|p1|Corviknight, M|
|poke|p1|Gliscor, M|
|poke|p1|Suicune|
|poke|p1|Blissey, F|
|poke|p1|Dondozo, F|
|poke|p1|Toxapex, F|
|poke|p2|Blaziken, M|
|poke|p2|Ninetales, F|
|poke|p2|Venusaur, M|
|poke|p2|Hatterene, F|
|poke|p2|Great Tusk|
|poke|p2|Walking Wake|
|teampreview
|inactive|Battle timer is ON: inactive players will automatically lose when time's up. (requested by PoemGoatNot)
|
|t:|1779967903
|teamsize|p1|6
|teamsize|p2|6
|start
|switch|p1a: Blissey|Blissey, F|100/100
|switch|p2a: Ninetales|Ninetales, F, shiny|100/100
|-weather|SunnyDay|[from] ability: Drought|[of] p2a: Ninetales
|turn|1
|
|t:|1779967909
|move|p2a: Ninetales|Will-O-Wisp|p1a: Blissey
|-status|p1a: Blissey|brn
|move|p1a: Blissey|Trick|p2a: Ninetales
|-activate|p1a: Blissey|move: Trick|[of] p2a: Ninetales
|-item|p2a: Ninetales|Choice Scarf|[from] move: Trick
|-item|p1a: Blissey|Heat Rock|[from] move: Trick
|
|-weather|SunnyDay|[upkeep]
|-damage|p1a: Blissey|94/100 brn|[from] brn
|upkeep
|turn|2
|
|t:|1779967914
|move|p2a: Ninetales|Encore|p1a: Blissey
|-start|p1a: Blissey|Encore
|move|p1a: Blissey|Trick|p2a: Ninetales
|-activate|p1a: Blissey|move: Trick|[of] p2a: Ninetales
|-item|p2a: Ninetales|Heat Rock|[from] move: Trick
|-item|p1a: Blissey|Choice Scarf|[from] move: Trick
|
|-weather|SunnyDay|[upkeep]
|-damage|p1a: Blissey|88/100 brn|[from] brn
|upkeep
|turn|3
|
|t:|1779967936
|switch|p2a: Hatterene|Hatterene, F, shiny|100/100
|move|p1a: Blissey|Trick|p2a: Hatterene
|-activate|p1a: Blissey|move: Trick|[of] p2a: Hatterene
|-item|p2a: Hatterene|Choice Scarf|[from] move: Trick
|-item|p1a: Blissey|Eject Button|[from] move: Trick
|
|-weather|SunnyDay|[upkeep]
|-damage|p1a: Blissey|82/100 brn|[from] brn
|upkeep
|turn|4
|
|t:|1779967949
|switch|p2a: Venusaur|Venusaur, M|100/100
|-curestatus|p1a: Blissey|brn|[from] ability: Natural Cure|[silent]
|switch|p1a: Corviknight|Corviknight, M|100/100
|-ability|p1a: Corviknight|Pressure
|
|-weather|SunnyDay|[upkeep]
|upkeep
|turn|5
|
|t:|1779967965
|switch|p1a: Blissey|Blissey, F|82/100
|move|p2a: Venusaur|Weather Ball|p1a: Blissey
|-damage|p1a: Blissey|61/100
|-enditem|p1a: Blissey|Eject Button
|-damage|p2a: Venusaur|91/100|[from] item: Life Orb
|
|t:|1779967968
|switch|p1a: Toxapex|Toxapex, F|100/100
|
|-weather|SunnyDay|[upkeep]
|upkeep
|turn|6
|
|t:|1779967982
|move|p2a: Venusaur|Giga Drain|p1a: Toxapex
|-damage|p1a: Toxapex|73/100
|-heal|p2a: Venusaur|100/100|[from] drain|[of] p1a: Toxapex
|-damage|p2a: Venusaur|91/100|[from] item: Life Orb
|move|p1a: Toxapex|Haze|p1a: Toxapex
|-clearallboost
|
|-weather|SunnyDay|[upkeep]
|-heal|p1a: Toxapex|79/100|[from] item: Black Sludge
|upkeep
|turn|7
|
|t:|1779967993
|move|p2a: Venusaur|Giga Drain|p1a: Toxapex
|-damage|p1a: Toxapex|52/100
|-heal|p2a: Venusaur|100/100|[from] drain|[of] p1a: Toxapex
|-damage|p2a: Venusaur|91/100|[from] item: Life Orb
|move|p1a: Toxapex|Haze|p1a: Toxapex
|-clearallboost
|
|-weather|SunnyDay|[upkeep]
|-heal|p1a: Toxapex|58/100|[from] item: Black Sludge
|upkeep
|turn|8
|
|t:|1779968003
|move|p2a: Venusaur|Giga Drain|p1a: Toxapex
|-damage|p1a: Toxapex|27/100
|-heal|p2a: Venusaur|100/100|[from] drain|[of] p1a: Toxapex
|-damage|p2a: Venusaur|91/100|[from] item: Life Orb
|move|p1a: Toxapex|Toxic Spikes|p2a: Venusaur
|-sidestart|p2: alienxdefault|move: Toxic Spikes
|
|-weather|none
|-heal|p1a: Toxapex|34/100|[from] item: Black Sludge
|upkeep
|turn|9
|
|t:|1779968010
|switch|p1a: Corviknight|Corviknight, M|100/100
|-ability|p1a: Corviknight|Pressure
|move|p2a: Venusaur|Giga Drain|p1a: Corviknight
|-resisted|p1a: Corviknight
|-damage|p1a: Corviknight|89/100
|-heal|p2a: Venusaur|98/100|[from] drain|[of] p1a: Corviknight
|-damage|p2a: Venusaur|88/100|[from] item: Life Orb
|
|-heal|p1a: Corviknight|95/100|[from] item: Leftovers
|upkeep
|turn|10
|
|t:|1779968017
|switch|p2a: Ninetales|Ninetales, F, shiny|100/100
|-status|p2a: Ninetales|psn
|-weather|SunnyDay|[from] ability: Drought|[of] p2a: Ninetales
|move|p1a: Corviknight|Iron Defense|p1a: Corviknight
|-boost|p1a: Corviknight|def|2
|
|-weather|SunnyDay|[upkeep]
|-heal|p1a: Corviknight|100/100|[from] item: Leftovers
|-damage|p2a: Ninetales|88/100 psn|[from] psn
|upkeep
|turn|11
|
|t:|1779968030
|switch|p1a: Blissey|Blissey, F|61/100
|move|p2a: Ninetales|Flamethrower|p1a: Blissey
|-damage|p1a: Blissey|47/100
|
|-weather|SunnyDay|[upkeep]
|-damage|p2a: Ninetales|76/100 psn|[from] psn
|upkeep
|turn|12
|
|t:|1779968041
|switch|p2a: Venusaur|Venusaur, M|88/100
|-sideend|p2: alienxdefault|move: Toxic Spikes|[of] p2a: Venusaur
|move|p1a: Blissey|Soft-Boiled|p1a: Blissey
|-heal|p1a: Blissey|97/100
|
|-weather|SunnyDay|[upkeep]
|upkeep
|turn|13
|
|t:|1779968066
|move|p2a: Venusaur|Sludge Bomb|p1a: Blissey
|-damage|p1a: Blissey|78/100
|-status|p1a: Blissey|psn
|-damage|p2a: Venusaur|78/100|[from] item: Life Orb
|move|p1a: Blissey|Trick|p2a: Venusaur
|-activate|p1a: Blissey|move: Trick|[of] p2a: Venusaur
|-enditem|p2a: Venusaur|Life Orb|[silent]|[from] move: Trick
|-item|p1a: Blissey|Life Orb|[from] move: Trick
|
|-weather|SunnyDay|[upkeep]
|-damage|p1a: Blissey|65/100 psn|[from] psn
|upkeep
|turn|14
|inactive|alienxdefault has 120 seconds left.
|
|t:|1779968114
|move|p2a: Venusaur|Weather Ball|p1a: Blissey
|-damage|p1a: Blissey|50/100 psn
|move|p1a: Blissey|Soft-Boiled|p1a: Blissey
|-heal|p1a: Blissey|99/100 psn
|
|-weather|SunnyDay|[upkeep]
|-damage|p1a: Blissey|88/100 psn|[from] psn
|upkeep
|turn|15
|inactive|PoemGoatNot has 120 seconds left.
|
|t:|1779968156
|move|p2a: Venusaur|Growth|p2a: Venusaur
|-boost|p2a: Venusaur|atk|2
|-boost|p2a: Venusaur|spa|2
|move|p1a: Blissey|Ice Beam|p2a: Venusaur
|-supereffective|p2a: Venusaur
|-damage|p2a: Venusaur|29/100
|-damage|p1a: Blissey|78/100 psn|[from] item: Life Orb
|
|-weather|SunnyDay|[upkeep]
|-damage|p1a: Blissey|65/100 psn|[from] psn
|upkeep
|turn|16
|
|t:|1779968180
|move|p2a: Venusaur|Giga Drain|p1a: Blissey
|-damage|p1a: Blissey|40/100 psn
|-heal|p2a: Venusaur|59/100|[from] drain|[of] p1a: Blissey
|move|p1a: Blissey|Ice Beam|p2a: Venusaur
|-supereffective|p2a: Venusaur
|-damage|p2a: Venusaur|9/100
|-damage|p1a: Blissey|30/100 psn|[from] item: Life Orb
|
|-weather|SunnyDay|[upkeep]
|-damage|p1a: Blissey|17/100 psn|[from] psn
|upkeep
|turn|17
|
|t:|1779968185
|-curestatus|p1a: Blissey|psn|[from] ability: Natural Cure|[silent]
|switch|p1a: Corviknight|Corviknight, M|100/100
|-ability|p1a: Corviknight|Pressure
|move|p2a: Venusaur|Giga Drain|p1a: Corviknight
|-resisted|p1a: Corviknight
|-damage|p1a: Corviknight|83/100
|-heal|p2a: Venusaur|20/100|[from] drain|[of] p1a: Corviknight
|
|-weather|none
|-heal|p1a: Corviknight|89/100|[from] item: Leftovers
|upkeep
|turn|18
|
|t:|1779968194
|switch|p2a: Ninetales|Ninetales, F, shiny|76/100 psn
|-weather|SunnyDay|[from] ability: Drought|[of] p2a: Ninetales
|move|p1a: Corviknight|Body Press|p2a: Ninetales
|-damage|p2a: Ninetales|42/100 psn
|
|-weather|SunnyDay|[upkeep]
|-heal|p1a: Corviknight|95/100|[from] item: Leftovers
|-damage|p2a: Ninetales|30/100 psn|[from] psn
|upkeep
|turn|19
|inactive|PoemGoatNot has 120 seconds left.
|
|t:|1779968212
|switch|p1a: Toxapex|Toxapex, F|67/100
|move|p2a: Ninetales|Encore||[still]
|-fail|p2a: Ninetales
|
|-weather|SunnyDay|[upkeep]
|-heal|p1a: Toxapex|73/100|[from] item: Black Sludge
|-damage|p2a: Ninetales|17/100 psn|[from] psn
|upkeep
|turn|20
|
|t:|1779968216
|move|p2a: Ninetales|Will-O-Wisp|p1a: Toxapex
|-status|p1a: Toxapex|brn
|move|p1a: Toxapex|Toxic Spikes|p2a: Ninetales
|-sidestart|p2: alienxdefault|move: Toxic Spikes
|
|-weather|SunnyDay|[upkeep]
|-heal|p1a: Toxapex|79/100 brn|[from] item: Black Sludge
|-damage|p2a: Ninetales|5/100 psn|[from] psn
|-damage|p1a: Toxapex|73/100 brn|[from] brn
|upkeep
|turn|21
|
|t:|1779968223
|switch|p2a: Venusaur|Venusaur, M|20/100
|-sideend|p2: alienxdefault|move: Toxic Spikes|[of] p2a: Venusaur
|move|p1a: Toxapex|Toxic Spikes|p2a: Venusaur
|-sidestart|p2: alienxdefault|move: Toxic Spikes
|
|-weather|SunnyDay|[upkeep]
|-heal|p1a: Toxapex|79/100 brn|[from] item: Black Sludge
|-damage|p1a: Toxapex|73/100 brn|[from] brn
|upkeep
|turn|22
|
|t:|1779968230
|switch|p1a: Corviknight|Corviknight, M|95/100
|-ability|p1a: Corviknight|Pressure
|move|p2a: Venusaur|Giga Drain|p1a: Corviknight
|-resisted|p1a: Corviknight
|-damage|p1a: Corviknight|87/100
|-heal|p2a: Venusaur|25/100|[from] drain|[of] p1a: Corviknight
|
|-weather|SunnyDay|[upkeep]
|-heal|p1a: Corviknight|93/100|[from] item: Leftovers
|upkeep
|turn|23
|
|t:|1779968239
|-terastallize|p1a: Corviknight|Dragon
|move|p2a: Venusaur|Weather Ball|p1a: Corviknight
|-resisted|p1a: Corviknight
|-damage|p1a: Corviknight|71/100
|move|p1a: Corviknight|Iron Defense|p1a: Corviknight
|-boost|p1a: Corviknight|def|2
|
|-weather|SunnyDay|[upkeep]
|-heal|p1a: Corviknight|77/100|[from] item: Leftovers
|upkeep
|turn|24
|
|t:|1779968248
|move|p2a: Venusaur|Sludge Bomb|p1a: Corviknight
|-damage|p1a: Corviknight|38/100
|move|p1a: Corviknight|Body Press|p2a: Venusaur
|-resisted|p2a: Venusaur
|-damage|p2a: Venusaur|0 fnt
|faint|p2a: Venusaur
|
|-weather|SunnyDay|[upkeep]
|-heal|p1a: Corviknight|44/100|[from] item: Leftovers
|upkeep
|
|t:|1779968253
|switch|p2a: Great Tusk|Great Tusk|100/100
|-activate|p2a: Great Tusk|ability: Protosynthesis
|-start|p2a: Great Tusk|protosynthesisatk
|turn|25
|
|t:|1779968260
|move|p2a: Great Tusk|Ice Spinner|p1a: Corviknight
|-supereffective|p1a: Corviknight
|-damage|p1a: Corviknight|19/100
|move|p1a: Corviknight|Roost|p1a: Corviknight
|-heal|p1a: Corviknight|70/100
|
|-weather|none
|-end|p2a: Great Tusk|Protosynthesis
|-heal|p1a: Corviknight|76/100|[from] item: Leftovers
|upkeep
|turn|26
|
|t:|1779968269
|switch|p1a: Gliscor|Gliscor, M|100/100
|move|p2a: Great Tusk|Rapid Spin|p1a: Gliscor
|-damage|p1a: Gliscor|86/100
|-boost|p2a: Great Tusk|spe|1
|-sideend|p2: alienxdefault|Toxic Spikes|[from] move: Rapid Spin|[of] p2a: Great Tusk
|
|-status|p1a: Gliscor|tox|[from] item: Toxic Orb
|upkeep
|turn|27
|
|t:|1779968279
|move|p1a: Gliscor|Protect|p1a: Gliscor
|-singleturn|p1a: Gliscor|Protect
|move|p2a: Great Tusk|Ice Spinner|p1a: Gliscor
|-activate|p1a: Gliscor|move: Protect
|
|-heal|p1a: Gliscor|98/100 tox|[from] ability: Poison Heal
|upkeep
|turn|28
|
|t:|1779968285
|switch|p1a: Suicune|Suicune|100/100
|-ability|p1a: Suicune|Pressure
|move|p2a: Great Tusk|Ice Spinner|p1a: Suicune
|-resisted|p1a: Suicune
|-damage|p1a: Suicune|93/100
|
|-heal|p1a: Suicune|99/100|[from] item: Leftovers
|upkeep
|turn|29
|
|t:|1779968297
|-end|p2a: Great Tusk|Protosynthesis|[silent]
|switch|p2a: Ninetales|Ninetales, F, shiny|5/100 psn
|-weather|SunnyDay|[from] ability: Drought|[of] p2a: Ninetales
|switch|p1a: Gliscor|Gliscor, M|98/100 tox
|
|-weather|SunnyDay|[upkeep]
|-damage|p2a: Ninetales|0 fnt|[from] psn
|faint|p2a: Ninetales
|-heal|p1a: Gliscor|100/100 tox|[from] ability: Poison Heal
|upkeep
|
|t:|1779968299
|switch|p2a: Walking Wake|Walking Wake|100/100
|-activate|p2a: Walking Wake|ability: Protosynthesis
|-start|p2a: Walking Wake|protosynthesisspe
|turn|30
|
|t:|1779968308
|-terastallize|p2a: Walking Wake|Water
|move|p1a: Gliscor|Protect|p1a: Gliscor
|-singleturn|p1a: Gliscor|Protect
|move|p2a: Walking Wake|Hydro Steam|p1a: Gliscor
|-activate|p1a: Gliscor|move: Protect
|
|-weather|SunnyDay|[upkeep]
|upkeep
|turn|31
|
|t:|1779968312
|switch|p1a: Blissey|Blissey, F|17/100
|move|p2a: Walking Wake|Hydro Steam|p1a: Blissey
|-damage|p1a: Blissey|0 fnt
|faint|p1a: Blissey
|
|-weather|SunnyDay|[upkeep]
|upkeep
|
|t:|1779968315
|switch|p1a: Suicune|Suicune|99/100
|-ability|p1a: Suicune|Pressure
|turn|32
|
|t:|1779968317
|move|p2a: Walking Wake|Hydro Steam|p1a: Suicune
|-resisted|p1a: Suicune
|-damage|p1a: Suicune|57/100
|move|p1a: Suicune|Calm Mind|p1a: Suicune
|-boost|p1a: Suicune|spa|1
|-boost|p1a: Suicune|spd|1
|
|-weather|SunnyDay|[upkeep]
|-heal|p1a: Suicune|63/100|[from] item: Leftovers
|upkeep
|turn|33
|
|t:|1779968322
|move|p2a: Walking Wake|Hydro Steam|p1a: Suicune
|-resisted|p1a: Suicune
|-damage|p1a: Suicune|34/100
|move|p1a: Suicune|Rest|p1a: Suicune
|-status|p1a: Suicune|slp|[from] move: Rest
|-heal|p1a: Suicune|100/100 slp|[silent]
|
|-weather|SunnyDay|[upkeep]
|upkeep
|turn|34
|
|t:|1779968326
|move|p2a: Walking Wake|Hydro Steam|p1a: Suicune
|-resisted|p1a: Suicune
|-damage|p1a: Suicune|72/100 slp
|cant|p1a: Suicune|slp
|
|-weather|SunnyDay|[upkeep]
|-heal|p1a: Suicune|78/100 slp|[from] item: Leftovers
|upkeep
|turn|35
|
|t:|1779968332
|move|p2a: Walking Wake|Hydro Steam|p1a: Suicune
|-resisted|p1a: Suicune
|-damage|p1a: Suicune|48/100 slp
|cant|p1a: Suicune|slp
|
|-weather|SunnyDay|[upkeep]
|-heal|p1a: Suicune|54/100 slp|[from] item: Leftovers
|upkeep
|turn|36
|
|t:|1779968336
|move|p2a: Walking Wake|Hydro Steam|p1a: Suicune
|-resisted|p1a: Suicune
|-damage|p1a: Suicune|25/100 slp
|-curestatus|p1a: Suicune|slp|[msg]
|move|p1a: Suicune|Calm Mind|p1a: Suicune
|-boost|p1a: Suicune|spa|1
|-boost|p1a: Suicune|spd|1
|
|-weather|none
|-end|p2a: Walking Wake|Protosynthesis
|-heal|p1a: Suicune|32/100|[from] item: Leftovers
|upkeep
|turn|37
|
|t:|1779968339
|move|p2a: Walking Wake|Hydro Steam|p1a: Suicune
|-resisted|p1a: Suicune
|-damage|p1a: Suicune|15/100
|move|p1a: Suicune|Rest|p1a: Suicune
|-status|p1a: Suicune|slp|[from] move: Rest
|-heal|p1a: Suicune|100/100 slp|[silent]
|
|upkeep
|turn|38
|
|t:|1779968343
|move|p2a: Walking Wake|Hydro Steam|p1a: Suicune
|-resisted|p1a: Suicune
|-damage|p1a: Suicune|86/100 slp
|cant|p1a: Suicune|slp
|
|-heal|p1a: Suicune|92/100 slp|[from] item: Leftovers
|upkeep
|turn|39
|
|t:|1779968348
|-end|p2a: Walking Wake|Protosynthesis|[silent]
|switch|p2a: Hatterene|Hatterene, F, shiny|100/100
|cant|p1a: Suicune|slp
|
|-heal|p1a: Suicune|98/100 slp|[from] item: Leftovers
|upkeep
|turn|40
|
|t:|1779968356
|-curestatus|p1a: Suicune|slp|[msg]
|move|p1a: Suicune|Substitute|p1a: Suicune
|-start|p1a: Suicune|Substitute
|-damage|p1a: Suicune|73/100
|move|p2a: Hatterene|Nuzzle|p1a: Suicune
|-supereffective|p1a: Suicune
|-activate|p1a: Suicune|move: Substitute|[damage]
|
|-heal|p1a: Suicune|79/100|[from] item: Leftovers
|upkeep
|turn|41
|
|t:|1779968362
|move|p1a: Suicune|Calm Mind|p1a: Suicune
|-boost|p1a: Suicune|spa|1
|-boost|p1a: Suicune|spd|1
|move|p2a: Hatterene|Nuzzle|p1a: Suicune
|-supereffective|p1a: Suicune
|-activate|p1a: Suicune|move: Substitute|[damage]
|
|-heal|p1a: Suicune|85/100|[from] item: Leftovers
|upkeep
|turn|42
|
|t:|1779968367
|switch|p2a: Blaziken|Blaziken, M, shiny|100/100
|move|p1a: Suicune|Calm Mind|p1a: Suicune
|-boost|p1a: Suicune|spa|1
|-boost|p1a: Suicune|spd|1
|
|-heal|p1a: Suicune|92/100|[from] item: Leftovers
|upkeep
|turn|43
|
|t:|1779968371
|move|p2a: Blaziken|Close Combat|p1a: Suicune
|-end|p1a: Suicune|Substitute
|-unboost|p2a: Blaziken|def|1
|-unboost|p2a: Blaziken|spd|1
|move|p1a: Suicune|Scald|p2a: Blaziken
|-supereffective|p2a: Blaziken
|-damage|p2a: Blaziken|0 fnt
|faint|p2a: Blaziken
|
|-heal|p1a: Suicune|98/100|[from] item: Leftovers
|upkeep
|
|t:|1779968374
|switch|p2a: Great Tusk|Great Tusk|100/100
|turn|44
|
|t:|1779968379
|move|p2a: Great Tusk|Stealth Rock|p1a: Suicune
|-sidestart|p1: PoemGoatNot|move: Stealth Rock
|move|p1a: Suicune|Scald|p2a: Great Tusk
|-supereffective|p2a: Great Tusk
|-damage|p2a: Great Tusk|0 fnt
|faint|p2a: Great Tusk
|-end|p2a: Great Tusk|Protosynthesis|[silent]
|
|-heal|p1a: Suicune|100/100|[from] item: Leftovers
|upkeep
|
|t:|1779968382
|switch|p2a: Hatterene|Hatterene, F, shiny|100/100
|turn|45
|
|t:|1779968386
|move|p1a: Suicune|Substitute|p1a: Suicune
|-start|p1a: Suicune|Substitute
|-damage|p1a: Suicune|75/100
|move|p2a: Hatterene|Nuzzle|p1a: Suicune
|-supereffective|p1a: Suicune
|-activate|p1a: Suicune|move: Substitute|[damage]
|
|-heal|p1a: Suicune|82/100|[from] item: Leftovers
|upkeep
|turn|46
|
|t:|1779968388
|switch|p2a: Walking Wake|Walking Wake, tera:Water|100/100
|move|p1a: Suicune|Scald|p2a: Walking Wake
|-resisted|p2a: Walking Wake
|-damage|p2a: Walking Wake|54/100
|
|-heal|p1a: Suicune|88/100|[from] item: Leftovers
|upkeep
|turn|47
|c|☆PoemGoatNot|gg
|
|t:|1779968396
|move|p2a: Walking Wake|Draco Meteor|p1a: Suicune|[miss]
|-miss|p2a: Walking Wake|p1a: Suicune
|move|p1a: Suicune|Scald|p2a: Walking Wake
|-resisted|p2a: Walking Wake
|-damage|p2a: Walking Wake|12/100
|
|-heal|p1a: Suicune|94/100|[from] item: Leftovers
|upkeep
|turn|48
|
|t:|1779968399
|move|p2a: Walking Wake|Draco Meteor|p1a: Suicune|[miss]
|-miss|p2a: Walking Wake|p1a: Suicune
|move|p1a: Suicune|Scald|p2a: Walking Wake
|-resisted|p2a: Walking Wake
|-damage|p2a: Walking Wake|0 fnt
|faint|p2a: Walking Wake
|-end|p2a: Walking Wake|Protosynthesis|[silent]
|
|-heal|p1a: Suicune|99/100|[from] item: Leftovers
|upkeep
|
|t:|1779968401
|switch|p2a: Hatterene|Hatterene, F, shiny|100/100
|turn|49
|c|☆PoemGoatNot|my b
|-message|alienxdefault forfeited.
|
|win|PoemGoatNot
|raw|PoemGoatNot's rating: 1173 &rarr; <strong>1199</strong><br />(+26 for winning)
|raw|alienxdefault's rating: 1182 &rarr; <strong>1156</strong><br />(-26 for losing)
|l|☆alienxdefault
|player|p2|
|l|☆PoemGoatNot
|player|p1|
|j|☆PoemGoatNot
|player|p1|PoemGoatNot|hiker-gen4|
