|j|☆MyDTCbroke
|j|☆ArchStanton47
|t:|1779942260
|gametype|singles
|player|p1|MyDTCbroke|collector|1442
|player|p2|ArchStanton47|ethan-pokeathlon|1413
|gen|9
|tier|[Gen 9] OU
|rated|
|rule|HP Percentage Mod: HP is shown in percentages
|rule|Endless Battle Clause: Forcing endless battles is banned
|rule|Species Clause: Limit one of each Pokémon
|rule|OHKO Clause: OHKO moves are banned
|rule|Evasion Items Clause: Evasion items are banned
|rule|Evasion Moves Clause: Evasion moves are banned
|rule|Evasion Abilities Clause: Evasion abilities are banned
|rule|Sleep Moves Clause: Sleep-inducing moves are banned
|clearpoke
|poke|p1|Tyranitar, F|
|poke|p1|Glimmora, M|
|poke|p1|Okidogi, M|
|poke|p1|Hatterene, F|
|poke|p1|Corviknight, F|
|poke|p1|Ting-Lu|
|poke|p2|Weezing-Galar, F|
|poke|p2|Hitmonlee, M|
|poke|p2|Hydrapple, F|
|poke|p2|Cinderace, M|
|poke|p2|Primarina, F|
|poke|p2|Kyurem|
|teampreview
|inactive|Battle timer is ON: inactive players will automatically lose when time's up. (requested by ArchStanton47)
|
|t:|1779942301
|teamsize|p1|6
|teamsize|p2|6
|start
|switch|p1a: Tyranitar|Tyranitar, F|100/100
|switch|p2a: Cinderace|Cinderace, M|100/100
|-weather|Sandstorm|[from] ability: Sand Stream|[of] p1a: Tyranitar
|turn|1
|
|t:|1779942306
|switch|p1a: Hatterene|Hatterene, F|100/100
|move|p2a: Cinderace|U-turn|p1a: Hatterene
|-start|p2a: Cinderace|typechange|Bug|[from] ability: Libero
|-damage|p1a: Hatterene|74/100
|-enditem|p1a: Hatterene|Eject Button
|
|t:|1779942313
|switch|p1a: Glimmora|Glimmora, M|100/100
|
|-weather|Sandstorm|[upkeep]
|-damage|p2a: Cinderace|95/100|[from] Sandstorm
|upkeep
|turn|2
|
|t:|1779942322
|move|p2a: Cinderace|Taunt|p1a: Glimmora
|-start|p1a: Glimmora|move: Taunt
|move|p1a: Glimmora|Power Gem|p2a: Cinderace
|-supereffective|p2a: Cinderace
|-crit|p2a: Cinderace
|-damage|p2a: Cinderace|0 fnt
|faint|p2a: Cinderace
|
|-weather|Sandstorm|[upkeep]
|upkeep
|
|t:|1779942338
|switch|p2a: Hydrapple|Hydrapple, F|100/100
|turn|3
|
|t:|1779942340
|move|p1a: Glimmora|Sludge Wave|p2a: Hydrapple
|-supereffective|p2a: Hydrapple
|-damage|p2a: Hydrapple|4/100
|move|p2a: Hydrapple|Leaf Storm|p1a: Glimmora
|-damage|p1a: Glimmora|58/100
|-unboost|p2a: Hydrapple|spa|2
|-enditem|p2a: Hydrapple|Eject Pack
|
|t:|1779942351
|switch|p2a: Hitmonlee|Hitmonlee, M|100/100
|
|-weather|Sandstorm|[upkeep]
|-damage|p2a: Hitmonlee|94/100|[from] Sandstorm
|upkeep
|turn|4
|
|t:|1779942356
|switch|p1a: Corviknight|Corviknight, F|100/100
|-ability|p1a: Corviknight|Pressure
|move|p2a: Hitmonlee|High Jump Kick|p1a: Corviknight
|-damage|p1a: Corviknight|59/100
|-damage|p2a: Hitmonlee|78/100|[from] item: Rocky Helmet|[of] p1a: Corviknight
|
|-weather|Sandstorm|[upkeep]
|-damage|p2a: Hitmonlee|71/100|[from] Sandstorm
|upkeep
|turn|5
|
|t:|1779942363
|switch|p2a: Weezing|Weezing-Galar, F|100/100
|-fieldstart|move: Misty Terrain|[from] ability: Misty Surge|[of] p2a: Weezing
|move|p1a: Corviknight|Brave Bird|p2a: Weezing
|-damage|p2a: Weezing|71/100
|-damage|p1a: Corviknight|53/100|[from] Recoil
|
|-weather|Sandstorm|[upkeep]
|-damage|p2a: Weezing|65/100|[from] Sandstorm
|upkeep
|turn|6
|
|t:|1779942371
|move|p1a: Corviknight|U-turn|p2a: Weezing
|-resisted|p2a: Weezing
|-damage|p2a: Weezing|62/100
|
|t:|1779942373
|switch|p1a: Glimmora|Glimmora, M|58/100|[from] U-turn
|move|p2a: Weezing|Misty Explosion|p1a: Glimmora
|-resisted|p1a: Glimmora
|-damage|p1a: Glimmora|43/100
|faint|p2a: Weezing
|
|-weather|Sandstorm|[upkeep]
|upkeep
|
|t:|1779942383
|switch|p2a: Hitmonlee|Hitmonlee, M|71/100
|-enditem|p2a: Hitmonlee|Misty Seed
|-boost|p2a: Hitmonlee|spd|1|[from] item: Misty Seed
|turn|7
|
|t:|1779942392
|switch|p1a: Corviknight|Corviknight, F|53/100
|-ability|p1a: Corviknight|Pressure
|move|p2a: Hitmonlee|High Jump Kick|p1a: Corviknight
|-damage|p1a: Corviknight|12/100
|-damage|p2a: Hitmonlee|55/100|[from] item: Rocky Helmet|[of] p1a: Corviknight
|
|-weather|Sandstorm|[upkeep]
|-damage|p2a: Hitmonlee|49/100|[from] Sandstorm
|upkeep
|turn|8
|
|t:|1779942396
|move|p2a: Hitmonlee|Knock Off|p1a: Corviknight
|-crit|p1a: Corviknight
|-damage|p1a: Corviknight|0 fnt
|-damage|p2a: Hitmonlee|32/100|[from] item: Rocky Helmet|[of] p1a: Corviknight
|-enditem|p1a: Corviknight|Rocky Helmet|[from] move: Knock Off|[of] p2a: Hitmonlee
|faint|p1a: Corviknight
|
|-weather|none
|upkeep
|
|t:|1779942399
|switch|p1a: Hatterene|Hatterene, F|74/100
|turn|9
|
|t:|1779942401
|move|p2a: Hitmonlee|Poison Jab|p1a: Hatterene
|-supereffective|p1a: Hatterene
|-damage|p1a: Hatterene|25/100
|move|p1a: Hatterene|Psychic Noise|p2a: Hitmonlee
|-supereffective|p2a: Hitmonlee
|-damage|p2a: Hitmonlee|0 fnt
|faint|p2a: Hitmonlee
|
|upkeep
|
|t:|1779942423
|switch|p2a: Kyurem|Kyurem|100/100
|-ability|p2a: Kyurem|Pressure
|turn|10
|
|t:|1779942432
|move|p2a: Kyurem|Icicle Spear|p1a: Hatterene
|-damage|p1a: Hatterene|13/100
|-damage|p1a: Hatterene|0 fnt
|faint|p1a: Hatterene
|-hitcount|p1: Hatterene|2
|
|upkeep
|
|t:|1779942437
|switch|p1a: Okidogi|Okidogi, M|100/100
|turn|11
|l|☆ArchStanton47
|inactive|ArchStanton47 disconnected and has a minute to reconnect!
|player|p2|
|j|☆ArchStanton47
|inactive|ArchStanton47 reconnected and has 115 seconds left.
|player|p2|ArchStanton47|ethan-pokeathlon|
|
|t:|1779942478
|switch|p2a: Primarina|Primarina, F|100/100
|move|p1a: Okidogi|Close Combat|p2a: Primarina
|-resisted|p2a: Primarina
|-damage|p2a: Primarina|61/100
|-unboost|p1a: Okidogi|def|1
|-unboost|p1a: Okidogi|spd|1
|
|upkeep
|turn|12
|
|t:|1779942486
|switch|p1a: Ting-Lu|Ting-Lu|100/100
|-ability|p1a: Ting-Lu|Vessel of Ruin
|move|p2a: Primarina|Draining Kiss|p1a: Ting-Lu
|-supereffective|p1a: Ting-Lu
|-damage|p1a: Ting-Lu|84/100
|-heal|p2a: Primarina|79/100|[from] drain|[of] p1a: Ting-Lu
|
|-heal|p1a: Ting-Lu|90/100|[from] item: Leftovers
|-fieldend|Misty Terrain
|upkeep
|turn|13
|inactive|ArchStanton47 has 120 seconds left.
|
|t:|1779942498
|move|p2a: Primarina|Flip Turn|p1a: Ting-Lu
|-supereffective|p1a: Ting-Lu
|-damage|p1a: Ting-Lu|74/100
|
|t:|1779942502
|switch|p2a: Kyurem|Kyurem|100/100|[from] Flip Turn
|-ability|p2a: Kyurem|Pressure
|move|p1a: Ting-Lu|Spikes|p2a: Kyurem
|-sidestart|p2: ArchStanton47|Spikes
|
|-heal|p1a: Ting-Lu|80/100|[from] item: Leftovers
|upkeep
|turn|14
|
|t:|1779942511
|move|p2a: Kyurem|Icicle Spear|p1a: Ting-Lu
|-supereffective|p1a: Ting-Lu
|-damage|p1a: Ting-Lu|64/100
|-supereffective|p1a: Ting-Lu
|-damage|p1a: Ting-Lu|48/100
|-supereffective|p1a: Ting-Lu
|-damage|p1a: Ting-Lu|32/100
|-supereffective|p1a: Ting-Lu
|-damage|p1a: Ting-Lu|17/100
|-hitcount|p1a: Ting-Lu|4
|move|p1a: Ting-Lu|Whirlwind|p2a: Kyurem
|drag|p2a: Primarina|Primarina, F|79/100
|-damage|p2a: Primarina|66/100|[from] Spikes
|
|-heal|p1a: Ting-Lu|23/100|[from] item: Leftovers
|upkeep
|turn|15
|
|t:|1779942521
|move|p2a: Primarina|Flip Turn|p1a: Ting-Lu
|-supereffective|p1a: Ting-Lu
|-damage|p1a: Ting-Lu|8/100
|
|t:|1779942524
|switch|p2a: Kyurem|Kyurem|100/100|[from] Flip Turn
|-damage|p2a: Kyurem|88/100|[from] Spikes
|-ability|p2a: Kyurem|Pressure
|move|p1a: Ting-Lu|Spikes|p2a: Kyurem
|-sidestart|p2: ArchStanton47|Spikes
|
|-heal|p1a: Ting-Lu|14/100|[from] item: Leftovers
|upkeep
|turn|16
|
|t:|1779942535
|move|p2a: Kyurem|Icicle Spear|p1a: Ting-Lu
|-supereffective|p1a: Ting-Lu
|-damage|p1a: Ting-Lu|0 fnt
|faint|p1a: Ting-Lu
|-hitcount|p1: Ting-Lu|1
|
|upkeep
|
|t:|1779942543
|switch|p1a: Tyranitar|Tyranitar, F|100/100
|-weather|Sandstorm|[from] ability: Sand Stream|[of] p1a: Tyranitar
|turn|17
|
|t:|1779942555
|-terastallize|p2a: Kyurem|Steel
|move|p2a: Kyurem|Dragon Dance|p2a: Kyurem
|-boost|p2a: Kyurem|atk|1
|-boost|p2a: Kyurem|spe|1
|move|p1a: Tyranitar|Stone Edge|p2a: Kyurem|[miss]
|-miss|p1a: Tyranitar|p2a: Kyurem
|
|-weather|Sandstorm|[upkeep]
|upkeep
|turn|18
|
|t:|1779942567
|move|p2a: Kyurem|Dragon Dance|p2a: Kyurem
|-boost|p2a: Kyurem|atk|1
|-boost|p2a: Kyurem|spe|1
|move|p1a: Tyranitar|Thunder Wave|p2a: Kyurem
|-status|p2a: Kyurem|par
|
|-weather|Sandstorm|[upkeep]
|upkeep
|turn|19
|
|t:|1779942573
|move|p2a: Kyurem|Iron Head|p1a: Tyranitar
|-supereffective|p1a: Tyranitar
|-damage|p1a: Tyranitar|0 fnt
|faint|p1a: Tyranitar
|
|-weather|Sandstorm|[upkeep]
|upkeep
|
|t:|1779942575
|switch|p1a: Okidogi|Okidogi, M|100/100
|turn|20
|
|t:|1779942578
|move|p1a: Okidogi|Close Combat|p2a: Kyurem
|-supereffective|p2a: Kyurem
|-damage|p2a: Kyurem|0 fnt
|-unboost|p1a: Okidogi|def|1
|-unboost|p1a: Okidogi|spd|1
|faint|p2a: Kyurem
|
|-weather|Sandstorm|[upkeep]
|-damage|p1a: Okidogi|95/100|[from] Sandstorm
|upkeep
|
|t:|1779942590
|switch|p2a: Primarina|Primarina, F|66/100
|-damage|p2a: Primarina|50/100|[from] Spikes
|turn|21
|
|t:|1779942593
|move|p1a: Okidogi|Close Combat|p2a: Primarina
|-resisted|p2a: Primarina
|-damage|p2a: Primarina|10/100
|-unboost|p1a: Okidogi|def|1
|-unboost|p1a: Okidogi|spd|1
|move|p2a: Primarina|Draining Kiss|p1a: Okidogi
|-damage|p1a: Okidogi|43/100
|-heal|p2a: Primarina|43/100|[from] drain|[of] p1a: Okidogi
|
|-weather|Sandstorm|[upkeep]
|-damage|p1a: Okidogi|37/100|[from] Sandstorm
|-damage|p2a: Primarina|37/100|[from] Sandstorm
|upkeep
|turn|22
|
|t:|1779942601
|move|p1a: Okidogi|Close Combat|p2a: Primarina
|-resisted|p2a: Primarina
|-damage|p2a: Primarina|2/100
|-unboost|p1a: Okidogi|def|1
|-unboost|p1a: Okidogi|spd|1
|move|p2a: Primarina|Draining Kiss|p1a: Okidogi
|-damage|p1a: Okidogi|0 fnt
|-heal|p2a: Primarina|26/100|[from] drain|[of] p1a: Okidogi
|faint|p1a: Okidogi
|
|-weather|Sandstorm|[upkeep]
|-damage|p2a: Primarina|20/100|[from] Sandstorm
|upkeep
|
|t:|1779942603
|switch|p1a: Glimmora|Glimmora, M|43/100
|turn|23
|
|t:|1779942617
|move|p1a: Glimmora|Sludge Wave|p2a: Primarina
|-supereffective|p2a: Primarina
|-damage|p2a: Primarina|0 fnt
|faint|p2a: Primarina
|
|-weather|Sandstorm|[upkeep]
|upkeep
|
|t:|1779942618
|switch|p2a: Hydrapple|Hydrapple, F|37/100
|-damage|p2a: Hydrapple|20/100|[from] Spikes
|turn|24
|
|t:|1779942620
|move|p1a: Glimmora|Sludge Wave|p2a: Hydrapple
|-supereffective|p2a: Hydrapple
|-damage|p2a: Hydrapple|0 fnt
|faint|p2a: Hydrapple
|
|win|MyDTCbroke
|raw|MyDTCbroke's rating: 1442 &rarr; <strong>1460</strong><br />(+18 for winning)
|raw|ArchStanton47's rating: 1413 &rarr; <strong>1395</strong><br />(-18 for losing)
|l|☆MyDTCbroke
|player|p1|
|l|☆ArchStanton47
|player|p2|
