|j|☆claudechamp
|j|☆vectorvonvincit2
|t:|1779820616
|gametype|singles
|player|p1|claudechamp|265|1181
|player|p2|vectorvonvincit2|artist-gen4|1162
|gen|9
|tier|[Gen 9] OU
|rated|
|rule|HP Percentage Mod: HP is shown in percentages
|rule|Endless Battle Clause: Forcing endless battles is banned
|rule|Species Clause: Limit one of each Pokémon
|rule|OHKO Clause: OHKO moves are banned
|rule|Evasion Items Clause: Evasion items are banned
|rule|Evasion Moves Clause: Evasion moves are banned
|rule|Evasion Abilities Clause: Evasion abilities are banned
|rule|Sleep Moves Clause: Sleep-inducing moves are banned
|clearpoke
|poke|p1|Gliscor, F|
|poke|p1|Ogerpon, F|
|poke|p1|Walking Wake|
|poke|p1|Blissey, F|
|poke|p1|Corviknight, M|
|poke|p1|Pecharunt|
|poke|p2|Slowking-Galar, F|
|poke|p2|Iron Valiant|
|poke|p2|Gholdengo|
|poke|p2|Landorus-Therian, M|
|poke|p2|Kingambit, F|
|poke|p2|Rotom-Heat|
|teampreview
|c|☆claudechamp|hf
|inactive|Battle timer is ON: inactive players will automatically lose when time's up. (requested by claudechamp)
|
|t:|1779820632
|teamsize|p1|6
|teamsize|p2|6
|start
|switch|p1a: Gliscor|Gliscor, F|100/100
|switch|p2a: Slowking|Slowking-Galar, F|100/100
|turn|1
|
|t:|1779820637
|move|p1a: Gliscor|Spikes|p2a: Slowking
|-sidestart|p2: vectorvonvincit2|Spikes
|move|p2a: Slowking|Ice Beam|p1a: Gliscor
|-supereffective|p1a: Gliscor
|-damage|p1a: Gliscor|26/100
|
|-status|p1a: Gliscor|tox|[from] item: Toxic Orb
|upkeep
|turn|2
|
|t:|1779820646
|switch|p1a: Blissey|Blissey, F|100/100
|move|p2a: Slowking|Future Sight|p1a: Blissey
|-start|p2a: Slowking|move: Future Sight
|
|upkeep
|turn|3
|
|t:|1779820666
|move|p1a: Blissey|Stealth Rock|p2a: Slowking
|-sidestart|p2: vectorvonvincit2|move: Stealth Rock
|-prepare|p2a: Slowking|Chilly Reception|[premajor]
|move|p2a: Slowking|Chilly Reception|p2a: Slowking
|-weather|Snowscape
|
|t:|1779820672
|switch|p2a: Iron Valiant|Iron Valiant|100/100|[from] Chilly Reception
|
|-weather|Snowscape|[upkeep]
|upkeep
|turn|4
|
|t:|1779820688
|move|p2a: Iron Valiant|Knock Off|p1a: Blissey
|-damage|p1a: Blissey|71/100
|-enditem|p1a: Blissey|Heavy-Duty Boots|[from] move: Knock Off|[of] p2a: Iron Valiant
|move|p1a: Blissey|Calm Mind|p1a: Blissey
|-boost|p1a: Blissey|spa|1
|-boost|p1a: Blissey|spd|1
|
|-weather|Snowscape|[upkeep]
|-end|p1a: Blissey|move: Future Sight
|-damage|p1a: Blissey|62/100
|upkeep
|turn|5
|
|t:|1779820699
|move|p2a: Iron Valiant|Close Combat|p1a: Blissey
|-supereffective|p1a: Blissey
|-damage|p1a: Blissey|0 fnt
|-unboost|p2a: Iron Valiant|def|1
|-unboost|p2a: Iron Valiant|spd|1
|faint|p1a: Blissey
|
|-weather|Snowscape|[upkeep]
|upkeep
|
|t:|1779820709
|switch|p1a: Walking Wake|Walking Wake|100/100
|turn|6
|
|t:|1779820736
|-end|p2a: Iron Valiant|Quark Drive|[silent]
|switch|p2a: Slowking|Slowking-Galar, F|100/100
|move|p1a: Walking Wake|Surf|p2a: Slowking
|-damage|p2a: Slowking|74/100
|
|-weather|Snowscape|[upkeep]
|upkeep
|turn|7
|
|t:|1779820748
|move|p1a: Walking Wake|Knock Off|p2a: Slowking
|-supereffective|p2a: Slowking
|-damage|p2a: Slowking|41/100
|-enditem|p2a: Slowking|Heavy-Duty Boots|[from] move: Knock Off|[of] p1a: Walking Wake
|-prepare|p2a: Slowking|Chilly Reception|[premajor]
|move|p2a: Slowking|Chilly Reception|p2a: Slowking
|
|t:|1779820757
|switch|p2a: Iron Valiant|Iron Valiant|100/100|[from] Chilly Reception
|
|-weather|none
|upkeep
|turn|8
|
|t:|1779820777
|move|p2a: Iron Valiant|Moonblast|p1a: Walking Wake
|-supereffective|p1a: Walking Wake
|-damage|p1a: Walking Wake|0 fnt
|faint|p1a: Walking Wake
|-end|p1a: Walking Wake|Protosynthesis|[silent]
|
|upkeep
|inactive|claudechamp has 120 seconds left.
|
|t:|1779820801
|switch|p1a: Ogerpon|Ogerpon, F|100/100
|turn|9
|
|t:|1779820815
|-end|p2a: Iron Valiant|Quark Drive|[silent]
|switch|p2a: Rotom|Rotom-Heat|100/100
|-damage|p2a: Rotom|75/100|[from] Stealth Rock
|move|p1a: Ogerpon|Ivy Cudgel|p2a: Rotom
|-resisted|p2a: Rotom
|-damage|p2a: Rotom|56/100
|
|-heal|p2a: Rotom|62/100|[from] item: Leftovers
|upkeep
|turn|10
|
|t:|1779820831
|move|p1a: Ogerpon|U-turn|p2a: Rotom
|-resisted|p2a: Rotom
|-damage|p2a: Rotom|52/100
|
|t:|1779820839
|switch|p1a: Gliscor|Gliscor, F|26/100 tox|[from] U-turn
|move|p2a: Rotom|Overheat|p1a: Gliscor|[miss]
|-miss|p2a: Rotom|p1a: Gliscor
|
|-heal|p2a: Rotom|58/100|[from] item: Leftovers
|-heal|p1a: Gliscor|38/100 tox|[from] ability: Poison Heal
|upkeep
|turn|11
|
|t:|1779820848
|move|p1a: Gliscor|Toxic|p2a: Rotom
|-status|p2a: Rotom|tox
|move|p2a: Rotom|Overheat|p1a: Gliscor
|-damage|p1a: Gliscor|0 fnt
|-unboost|p2a: Rotom|spa|2
|faint|p1a: Gliscor
|
|-heal|p2a: Rotom|64/100 tox|[from] item: Leftovers
|-damage|p2a: Rotom|58/100 tox|[from] psn
|upkeep
|
|t:|1779820857
|switch|p1a: Pecharunt|Pecharunt|100/100
|turn|12
|
|t:|1779820886
|move|p1a: Pecharunt|Malignant Chain|p2a: Rotom
|-damage|p2a: Rotom|23/100 tox
|move|p2a: Rotom|Pain Split|p1a: Pecharunt
|-sethp|p1a: Pecharunt|59/100|[from] move: Pain Split|[silent]
|-sethp|p2a: Rotom|75/100 tox|[from] move: Pain Split
|
|-heal|p2a: Rotom|81/100 tox|[from] item: Leftovers
|-damage|p2a: Rotom|69/100 tox|[from] psn
|upkeep
|turn|13
|
|t:|1779820896
|move|p1a: Pecharunt|Recover|p1a: Pecharunt
|-heal|p1a: Pecharunt|100/100
|move|p2a: Rotom|Volt Switch|p1a: Pecharunt
|-damage|p1a: Pecharunt|88/100
|
|t:|1779820905
|switch|p2a: Slowking|Slowking-Galar, F|74/100|[from] Volt Switch
|-damage|p2a: Slowking|62/100|[from] Spikes
|-damage|p2a: Slowking|49/100|[from] Stealth Rock
|
|upkeep
|turn|14
|
|t:|1779820916
|move|p1a: Pecharunt|Foul Play|p2a: Slowking
|-supereffective|p2a: Slowking
|-damage|p2a: Slowking|27/100
|move|p2a: Slowking|Future Sight|p1a: Pecharunt
|-start|p2a: Slowking|move: Future Sight
|
|upkeep
|turn|15
|
|t:|1779820927
|move|p1a: Pecharunt|Foul Play|p2a: Slowking
|-supereffective|p2a: Slowking
|-damage|p2a: Slowking|3/100
|move|p2a: Slowking|Eerie Spell|p1a: Pecharunt
|-supereffective|p1a: Pecharunt
|-damage|p1a: Pecharunt|33/100
|-activate|p1a: Pecharunt|move: Eerie Spell|Foul Play|3
|
|upkeep
|turn|16
|
|t:|1779820940
|switch|p2a: Iron Valiant|Iron Valiant|100/100
|move|p1a: Pecharunt|Malignant Chain|p2a: Iron Valiant
|-supereffective|p2a: Iron Valiant
|-damage|p2a: Iron Valiant|0 fnt
|faint|p2a: Iron Valiant
|-end|p2a: Iron Valiant|Quark Drive|[silent]
|
|-end|p1a: Pecharunt|move: Future Sight
|-supereffective|p1a: Pecharunt
|-damage|p1a: Pecharunt|0 fnt
|faint|p1a: Pecharunt
|upkeep
|
|t:|1779820948
|switch|p2a: Rotom|Rotom-Heat|69/100 tox
|switch|p1a: Corviknight|Corviknight, M|100/100
|-damage|p2a: Rotom|44/100 tox|[from] Stealth Rock
|-ability|p1a: Corviknight|Pressure
|turn|17
|
|t:|1779820958
|switch|p1a: Ogerpon|Ogerpon, F|100/100
|move|p2a: Rotom|Overheat|p1a: Ogerpon
|-supereffective|p1a: Ogerpon
|-damage|p1a: Ogerpon|0 fnt
|-unboost|p2a: Rotom|spa|2
|faint|p1a: Ogerpon
|
|-heal|p2a: Rotom|50/100 tox|[from] item: Leftovers
|-damage|p2a: Rotom|44/100 tox|[from] psn
|upkeep
|
|t:|1779820968
|switch|p1a: Corviknight|Corviknight, M|100/100
|-ability|p1a: Corviknight|Pressure
|turn|18
|
|t:|1779820977
|move|p2a: Rotom|Pain Split|p1a: Corviknight
|-sethp|p1a: Corviknight|68/100|[from] move: Pain Split|[silent]
|-sethp|p2a: Rotom|84/100 tox|[from] move: Pain Split
|move|p1a: Corviknight|Body Press|p2a: Rotom
|-damage|p2a: Rotom|62/100 tox
|
|-heal|p2a: Rotom|68/100 tox|[from] item: Leftovers
|-damage|p2a: Rotom|56/100 tox|[from] psn
|upkeep
|turn|19
|
|t:|1779820985
|-terastallize|p1a: Corviknight|Ghost
|move|p2a: Rotom|Will-O-Wisp|p1a: Corviknight
|-status|p1a: Corviknight|brn
|move|p1a: Corviknight|Body Press|p2a: Rotom
|-damage|p2a: Rotom|46/100 tox
|
|-heal|p2a: Rotom|52/100 tox|[from] item: Leftovers
|-damage|p2a: Rotom|34/100 tox|[from] psn
|-damage|p1a: Corviknight|62/100 brn|[from] brn
|upkeep
|turn|20
|inactive|vectorvonvincit2 has 120 seconds left.
|
|t:|1779821015
|move|p2a: Rotom|Pain Split|p1a: Corviknight
|-sethp|p1a: Corviknight|45/100 brn|[from] move: Pain Split|[silent]
|-sethp|p2a: Rotom|55/100 tox|[from] move: Pain Split
|move|p1a: Corviknight|Roost|p1a: Corviknight
|-heal|p1a: Corviknight|95/100 brn
|
|-heal|p2a: Rotom|61/100 tox|[from] item: Leftovers
|-damage|p2a: Rotom|37/100 tox|[from] psn
|-damage|p1a: Corviknight|89/100 brn|[from] brn
|upkeep
|turn|21
|
|t:|1779821028
|move|p2a: Rotom|Pain Split|p1a: Corviknight
|-sethp|p1a: Corviknight|59/100 brn|[from] move: Pain Split|[silent]
|-sethp|p2a: Rotom|73/100 tox|[from] move: Pain Split
|move|p1a: Corviknight|Thief|p2a: Rotom
|-damage|p2a: Rotom|68/100 tox
|
|-heal|p2a: Rotom|74/100 tox|[from] item: Leftovers
|-damage|p2a: Rotom|44/100 tox|[from] psn
|-damage|p1a: Corviknight|53/100 brn|[from] brn
|upkeep
|turn|22
|
|t:|1779821040
|move|p2a: Rotom|Volt Switch|p1a: Corviknight
|-damage|p1a: Corviknight|40/100 brn
|
|t:|1779821043
|switch|p2a: Slowking|Slowking-Galar, F|36/100|[from] Volt Switch
|-damage|p2a: Slowking|23/100|[from] Spikes
|-damage|p2a: Slowking|11/100|[from] Stealth Rock
|move|p1a: Corviknight|Roost|p1a: Corviknight
|-heal|p1a: Corviknight|90/100 brn
|
|-damage|p1a: Corviknight|84/100 brn|[from] brn
|upkeep
|turn|23
|
|t:|1779821049
|move|p1a: Corviknight|Thief|p2a: Slowking
|-supereffective|p2a: Slowking
|-damage|p2a: Slowking|0 fnt
|faint|p2a: Slowking
|
|-damage|p1a: Corviknight|78/100 brn|[from] brn
|upkeep
|
|t:|1779821055
|switch|p2a: Landorus|Landorus-Therian, M|100/100
|-damage|p2a: Landorus|88/100|[from] Stealth Rock
|-ability|p2a: Landorus|Intimidate|boost
|-unboost|p1a: Corviknight|atk|1
|turn|24
|
|t:|1779821060
|move|p2a: Landorus|Taunt|p1a: Corviknight
|-start|p1a: Corviknight|move: Taunt
|cant|p1a: Corviknight|move: Taunt|Roost
|
|-damage|p1a: Corviknight|71/100 brn|[from] brn
|upkeep
|turn|25
|
|t:|1779821077
|move|p2a: Landorus|U-turn|p1a: Corviknight
|-resisted|p1a: Corviknight
|-damage|p1a: Corviknight|61/100 brn
|-damage|p2a: Landorus|79/100|[from] item: Life Orb
|
|t:|1779821085
|switch|p2a: Rotom|Rotom-Heat|44/100 tox|[from] U-turn
|-damage|p2a: Rotom|19/100 tox|[from] Stealth Rock
|move|p1a: Corviknight|Thief|p2a: Rotom
|-damage|p2a: Rotom|16/100 tox
|
|-heal|p2a: Rotom|22/100 tox|[from] item: Leftovers
|-damage|p2a: Rotom|16/100 tox|[from] psn
|-damage|p1a: Corviknight|55/100 brn|[from] brn
|upkeep
|turn|26
|
|t:|1779821096
|move|p2a: Rotom|Pain Split|p1a: Corviknight
|-sethp|p1a: Corviknight|34/100 brn|[from] move: Pain Split|[silent]
|-sethp|p2a: Rotom|42/100 tox|[from] move: Pain Split
|move|p1a: Corviknight|Body Press|p2a: Rotom
|-damage|p2a: Rotom|32/100 tox
|
|-heal|p2a: Rotom|38/100 tox|[from] item: Leftovers
|-damage|p2a: Rotom|26/100 tox|[from] psn
|-damage|p1a: Corviknight|28/100 brn|[from] brn
|-end|p1a: Corviknight|move: Taunt
|upkeep
|turn|27
|
|t:|1779821119
|move|p2a: Rotom|Pain Split|p1a: Corviknight
|-sethp|p1a: Corviknight|24/100 brn|[from] move: Pain Split|[silent]
|-sethp|p2a: Rotom|30/100 tox|[from] move: Pain Split
|move|p1a: Corviknight|Roost|p1a: Corviknight
|-heal|p1a: Corviknight|75/100 brn
|
|-heal|p2a: Rotom|36/100 tox|[from] item: Leftovers
|-damage|p2a: Rotom|18/100 tox|[from] psn
|-damage|p1a: Corviknight|68/100 brn|[from] brn
|upkeep
|turn|28
|
|t:|1779821132
|move|p2a: Rotom|Pain Split|p1a: Corviknight
|-sethp|p1a: Corviknight|41/100 brn|[from] move: Pain Split|[silent]
|-sethp|p2a: Rotom|51/100 tox|[from] move: Pain Split
|move|p1a: Corviknight|Thief|p2a: Rotom
|-damage|p2a: Rotom|48/100 tox
|
|-heal|p2a: Rotom|54/100 tox|[from] item: Leftovers
|-damage|p2a: Rotom|30/100 tox|[from] psn
|-damage|p1a: Corviknight|35/100 brn|[from] brn
|upkeep
|turn|29
|
|t:|1779821149
|move|p2a: Rotom|Volt Switch|p1a: Corviknight
|-damage|p1a: Corviknight|10/100 brn
|
|t:|1779821154
|switch|p2a: Landorus|Landorus-Therian, M|79/100|[from] Volt Switch
|-damage|p2a: Landorus|66/100|[from] Stealth Rock
|-ability|p2a: Landorus|Intimidate|boost
|-unboost|p1a: Corviknight|atk|1
|move|p1a: Corviknight|Roost|p1a: Corviknight
|-heal|p1a: Corviknight|60/100 brn
|
|-damage|p1a: Corviknight|54/100 brn|[from] brn
|upkeep
|turn|30
|
|t:|1779821164
|move|p2a: Landorus|Taunt|p1a: Corviknight
|-start|p1a: Corviknight|move: Taunt
|move|p1a: Corviknight|Thief|p2a: Landorus
|-damage|p2a: Landorus|63/100
|
|-damage|p1a: Corviknight|48/100 brn|[from] brn
|upkeep
|turn|31
|
|t:|1779821180
|move|p2a: Landorus|Stealth Rock|p1a: Corviknight
|-sidestart|p1: claudechamp|move: Stealth Rock
|move|p1a: Corviknight|Body Press|p2a: Landorus
|-resisted|p2a: Landorus
|-damage|p2a: Landorus|54/100
|
|-damage|p1a: Corviknight|41/100 brn|[from] brn
|upkeep
|turn|32
|
|t:|1779821194
|move|p2a: Landorus|U-turn|p1a: Corviknight
|-resisted|p1a: Corviknight
|-damage|p1a: Corviknight|30/100 brn
|-damage|p2a: Landorus|45/100|[from] item: Life Orb
|
|t:|1779821206
|switch|p2a: Rotom|Rotom-Heat|30/100 tox|[from] U-turn
|-damage|p2a: Rotom|5/100 tox|[from] Stealth Rock
|move|p1a: Corviknight|Thief|p2a: Rotom
|-damage|p2a: Rotom|3/100 tox
|
|-heal|p2a: Rotom|9/100 tox|[from] item: Leftovers
|-damage|p2a: Rotom|3/100 tox|[from] psn
|-damage|p1a: Corviknight|23/100 brn|[from] brn
|-end|p1a: Corviknight|move: Taunt
|upkeep
|turn|33
|
|t:|1779821211
|move|p2a: Rotom|Pain Split|p1a: Corviknight
|-sethp|p1a: Corviknight|13/100 brn|[from] move: Pain Split|[silent]
|-sethp|p2a: Rotom|16/100 tox|[from] move: Pain Split
|move|p1a: Corviknight|Body Press|p2a: Rotom
|-damage|p2a: Rotom|5/100 tox
|
|-heal|p2a: Rotom|11/100 tox|[from] item: Leftovers
|-damage|p2a: Rotom|0 fnt|[from] psn
|faint|p2a: Rotom
|-damage|p1a: Corviknight|7/100 brn|[from] brn
|upkeep
|
|t:|1779821222
|switch|p2a: Landorus|Landorus-Therian, M|45/100
|-damage|p2a: Landorus|32/100|[from] Stealth Rock
|-ability|p2a: Landorus|Intimidate|boost
|-unboost|p1a: Corviknight|atk|1
|turn|34
|
|t:|1779821226
|move|p2a: Landorus|Taunt|p1a: Corviknight
|-start|p1a: Corviknight|move: Taunt
|cant|p1a: Corviknight|move: Taunt|Roost
|
|-damage|p1a: Corviknight|0 fnt|[from] brn
|faint|p1a: Corviknight
|
|win|vectorvonvincit2
|raw|claudechamp's rating: 1138 &rarr; <strong>1115</strong><br />(-23 for losing)
|raw|vectorvonvincit2's rating: 1162 &rarr; <strong>1185</strong><br />(+23 for winning)
|c|☆claudechamp|gg
