|j|☆kelabee
|j|☆BaxleyTheBomb
|t:|1779876082
|gametype|singles
|player|p1|kelabee|policeman-gen4|1248
|player|p2|BaxleyTheBomb|janitor|1169
|gen|9
|tier|[Gen 9] OU
|rated|
|rule|HP Percentage Mod: HP is shown in percentages
|rule|Endless Battle Clause: Forcing endless battles is banned
|rule|Species Clause: Limit one of each Pokémon
|rule|OHKO Clause: OHKO moves are banned
|rule|Evasion Items Clause: Evasion items are banned
|rule|Evasion Moves Clause: Evasion moves are banned
|rule|Evasion Abilities Clause: Evasion abilities are banned
|rule|Sleep Moves Clause: Sleep-inducing moves are banned
|clearpoke
|poke|p1|Meowscarada, F|
|poke|p1|Pecharunt|
|poke|p1|Enamorus, F|
|poke|p1|Iron Treads|
|poke|p1|Skarmory, M|
|poke|p1|Slowking, M|
|poke|p2|Milotic, M|
|poke|p2|Sceptile, M|
|poke|p2|Dusclops, F|
|poke|p2|Seviper, F|
|poke|p2|Deoxys-Speed|
|poke|p2|Salamence, M|
|teampreview
|
|t:|1779876099
|teamsize|p1|6
|teamsize|p2|6
|start
|switch|p1a: Iron Treads|Iron Treads|100/100
|switch|p2a: Deoxys|Deoxys-Speed, shiny|100/100
|-ability|p2a: Deoxys|Pressure
|turn|1
|
|t:|1779876109
|move|p2a: Deoxys|Trick|p1a: Iron Treads
|-activate|p2a: Deoxys|move: Trick|[of] p1a: Iron Treads
|-item|p1a: Iron Treads|Choice Band|[from] move: Trick
|-item|p2a: Deoxys|Leftovers|[from] move: Trick
|move|p1a: Iron Treads|Knock Off|p2a: Deoxys
|-supereffective|p2a: Deoxys
|-damage|p2a: Deoxys|0 fnt
|-enditem|p2a: Deoxys|Leftovers|[from] move: Knock Off|[of] p1a: Iron Treads
|faint|p2a: Deoxys
|
|upkeep
|
|t:|1779876122
|switch|p2a: Sceptile|Sceptile, M, shiny|100/100
|turn|2
|
|t:|1779876126
|move|p2a: Sceptile|Focus Blast|p1a: Iron Treads
|-supereffective|p1a: Iron Treads
|-damage|p1a: Iron Treads|36/100
|move|p1a: Iron Treads|Knock Off|p2a: Sceptile
|-damage|p2a: Sceptile|37/100
|-enditem|p2a: Sceptile|Throat Spray|[from] move: Knock Off|[of] p1a: Iron Treads
|
|upkeep
|turn|3
|
|t:|1779876135
|-end|p1a: Iron Treads|Quark Drive|[silent]
|switch|p1a: Pecharunt|Pecharunt|100/100
|move|p2a: Sceptile|Giga Drain|p1a: Pecharunt
|-resisted|p1a: Pecharunt
|-damage|p1a: Pecharunt|82/100
|-heal|p2a: Sceptile|50/100|[from] drain|[of] p1a: Pecharunt
|
|upkeep
|turn|4
|
|t:|1779876146
|switch|p2a: Seviper|Seviper, F, shiny|100/100
|move|p1a: Pecharunt|Malignant Chain|p2a: Seviper
|-resisted|p2a: Seviper
|-damage|p2a: Seviper|84/100
|
|upkeep
|turn|5
|
|t:|1779876153
|move|p1a: Pecharunt|Parting Shot|p2a: Seviper
|-unboost|p2a: Seviper|atk|1
|-unboost|p2a: Seviper|spa|1
|
|t:|1779876160
|switch|p1a: Skarmory|Skarmory, M|100/100|[from] Parting Shot
|move|p2a: Seviper|Trailblaze|p1a: Skarmory
|-resisted|p1a: Skarmory
|-damage|p1a: Skarmory|99/100
|-boost|p2a: Seviper|spe|1
|
|upkeep
|turn|6
|
|t:|1779876175
|switch|p2a: Milotic|Milotic, M, shiny|100/100
|move|p1a: Skarmory|Spikes|p2a: Milotic
|-sidestart|p2: BaxleyTheBomb|Spikes
|
|upkeep
|turn|7
|
|t:|1779876186
|switch|p1a: Slowking|Slowking, M|100/100
|move|p2a: Milotic|Scald|p1a: Slowking
|-resisted|p1a: Slowking
|-damage|p1a: Slowking|92/100
|
|upkeep
|turn|8
|
|t:|1779876197
|move|p2a: Milotic|Scald|p1a: Slowking
|-resisted|p1a: Slowking
|-damage|p1a: Slowking|82/100
|move|p1a: Slowking|Future Sight|p2a: Milotic
|-start|p1a: Slowking|move: Future Sight
|
|upkeep
|turn|9
|
|t:|1779876204
|move|p2a: Milotic|Scald|p1a: Slowking
|-resisted|p1a: Slowking
|-damage|p1a: Slowking|74/100
|move|p1a: Slowking|Psyshock|p2a: Milotic
|-damage|p2a: Milotic|67/100
|
|-heal|p2a: Milotic|73/100|[from] item: Leftovers
|upkeep
|turn|10
|
|t:|1779876214
|switch|p2a: Dusclops|Dusclops, F, shiny|100/100
|-damage|p2a: Dusclops|88/100|[from] Spikes
|-ability|p2a: Dusclops|Pressure
|move|p1a: Slowking|Psyshock|p2a: Dusclops
|-damage|p2a: Dusclops|70/100
|
|-end|p2a: Dusclops|move: Future Sight
|-damage|p2a: Dusclops|48/100
|upkeep
|turn|11
|
|t:|1779876227
|switch|p1a: Iron Treads|Iron Treads|36/100
|move|p2a: Dusclops|Pain Split|p1a: Iron Treads
|-sethp|p1a: Iron Treads|35/100|[from] move: Pain Split|[silent]
|-sethp|p2a: Dusclops|48/100|[from] move: Pain Split
|
|upkeep
|turn|12
|
|t:|1779876236
|move|p2a: Dusclops|Protect|p2a: Dusclops
|-singleturn|p2a: Dusclops|Protect
|move|p1a: Iron Treads|Knock Off|p2a: Dusclops
|-activate|p2a: Dusclops|move: Protect
|
|upkeep
|turn|13
|
|t:|1779876248
|-terastallize|p2a: Dusclops|Dark
|move|p1a: Iron Treads|Knock Off|p2a: Dusclops
|-resisted|p2a: Dusclops
|-damage|p2a: Dusclops|36/100
|-enditem|p2a: Dusclops|Eviolite|[from] move: Knock Off|[of] p1a: Iron Treads
|move|p2a: Dusclops|Will-O-Wisp|p1a: Iron Treads|[miss]
|-miss|p2a: Dusclops|p1a: Iron Treads
|
|upkeep
|turn|14
|
|t:|1779876261
|-end|p1a: Iron Treads|Quark Drive|[silent]
|switch|p1a: Slowking|Slowking, M|100/100
|move|p2a: Dusclops|Night Shade|p1a: Slowking
|-damage|p1a: Slowking|75/100
|
|upkeep
|turn|15
|
|t:|1779876267
|move|p1a: Slowking|Future Sight|p2a: Dusclops
|-start|p1a: Slowking|move: Future Sight
|move|p2a: Dusclops|Will-O-Wisp|p1a: Slowking
|-status|p1a: Slowking|brn
|
|-damage|p1a: Slowking|69/100 brn|[from] brn
|upkeep
|turn|16
|
|t:|1779876275
|move|p1a: Slowking|Scald|p2a: Dusclops
|-damage|p2a: Dusclops|12/100
|move|p2a: Dusclops|Pain Split|p1a: Slowking
|-sethp|p1a: Slowking|39/100 brn|[from] move: Pain Split|[silent]
|-sethp|p2a: Dusclops|54/100|[from] move: Pain Split
|
|-damage|p1a: Slowking|33/100 brn|[from] brn
|upkeep
|turn|17
|
|t:|1779876285
|move|p2a: Dusclops|Protect|p2a: Dusclops
|-singleturn|p2a: Dusclops|Protect
|move|p1a: Slowking|Scald|p2a: Dusclops
|-activate|p2a: Dusclops|move: Protect
|
|-end|p2a: Dusclops|move: Future Sight
|-immune|p2a: Dusclops
|-damage|p1a: Slowking|27/100 brn|[from] brn
|upkeep
|turn|18
|
|t:|1779876304
|switch|p1a: Pecharunt|Pecharunt|82/100
|move|p2a: Dusclops|Night Shade|p1a: Pecharunt
|-damage|p1a: Pecharunt|55/100
|
|upkeep
|turn|19
|
|t:|1779876313
|move|p2a: Dusclops|Protect|p2a: Dusclops
|-singleturn|p2a: Dusclops|Protect
|move|p1a: Pecharunt|Malignant Chain|p2a: Dusclops
|-activate|p2a: Dusclops|move: Protect
|
|upkeep
|turn|20
|
|t:|1779876322
|move|p1a: Pecharunt|Malignant Chain|p2a: Dusclops
|-damage|p2a: Dusclops|33/100
|-status|p2a: Dusclops|tox
|-start|p2a: Dusclops|confusion|[from] ability: Poison Puppeteer|[of] p1a: Pecharunt
|-activate|p2a: Dusclops|confusion
|move|p2a: Dusclops|Will-O-Wisp|p1a: Pecharunt
|-status|p1a: Pecharunt|brn
|
|-damage|p2a: Dusclops|27/100 tox|[from] psn
|-damage|p1a: Pecharunt|49/100 brn|[from] brn
|upkeep
|turn|21
|
|t:|1779876335
|switch|p2a: Seviper|Seviper, F, shiny|84/100
|-damage|p2a: Seviper|72/100|[from] Spikes
|move|p1a: Pecharunt|Recover|p1a: Pecharunt
|-heal|p1a: Pecharunt|99/100 brn
|
|-damage|p1a: Pecharunt|93/100 brn|[from] brn
|upkeep
|turn|22
|
|t:|1779876346
|move|p1a: Pecharunt|Parting Shot|p2a: Seviper
|-unboost|p2a: Seviper|atk|1
|-unboost|p2a: Seviper|spa|1
|
|t:|1779876349
|switch|p1a: Slowking|Slowking, M|60/100 brn|[from] Parting Shot
|move|p2a: Seviper|Earthquake|p1a: Slowking
|-damage|p1a: Slowking|40/100 brn
|
|-damage|p1a: Slowking|34/100 brn|[from] brn
|upkeep
|turn|23
|
|t:|1779876361
|switch|p1a: Skarmory|Skarmory, M|99/100
|move|p2a: Seviper|Trailblaze|p1a: Skarmory
|-resisted|p1a: Skarmory
|-damage|p1a: Skarmory|97/100
|-boost|p2a: Seviper|spe|1
|
|upkeep
|turn|24
|
|t:|1779876370
|move|p2a: Seviper|Ice Fang|p1a: Skarmory
|-damage|p1a: Skarmory|89/100
|move|p1a: Skarmory|Spikes|p2a: Seviper
|-sidestart|p2: BaxleyTheBomb|Spikes
|
|upkeep
|turn|25
|
|t:|1779876377
|switch|p2a: Salamence|Salamence, M, shiny|100/100
|move|p1a: Skarmory|Iron Defense|p1a: Skarmory
|-boost|p1a: Skarmory|def|2
|
|upkeep
|turn|26
|
|t:|1779876388
|move|p2a: Salamence|Dragon Dance|p2a: Salamence
|-boost|p2a: Salamence|atk|1
|-boost|p2a: Salamence|spe|1
|move|p1a: Skarmory|Body Press|p2a: Salamence
|-resisted|p2a: Salamence
|-crit|p2a: Salamence
|-damage|p2a: Salamence|41/100
|
|upkeep
|turn|27
|
|t:|1779876399
|move|p2a: Salamence|Temper Flare|p1a: Skarmory
|-supereffective|p1a: Skarmory
|-damage|p1a: Skarmory|60/100
|move|p1a: Skarmory|Iron Defense|p1a: Skarmory
|-boost|p1a: Skarmory|def|2
|
|upkeep
|turn|28
|
|t:|1779876407
|move|p2a: Salamence|Earthquake|p1a: Skarmory
|-immune|p1a: Skarmory
|move|p1a: Skarmory|Body Press|p2a: Salamence
|-resisted|p2a: Salamence
|-damage|p2a: Salamence|0 fnt
|faint|p2a: Salamence
|
|upkeep
|
|t:|1779876417
|switch|p2a: Milotic|Milotic, M, shiny|73/100
|-damage|p2a: Milotic|57/100|[from] Spikes
|turn|29
|
|t:|1779876422
|move|p1a: Skarmory|Body Press|p2a: Milotic
|-damage|p2a: Milotic|0 fnt
|faint|p2a: Milotic
|
|upkeep
|
|t:|1779876427
|switch|p2a: Sceptile|Sceptile, M, shiny|50/100
|-damage|p2a: Sceptile|33/100|[from] Spikes
|turn|30
|
|t:|1779876433
|move|p2a: Sceptile|Focus Blast|p1a: Skarmory
|-damage|p1a: Skarmory|6/100
|move|p1a: Skarmory|Body Press|p2a: Sceptile
|-damage|p2a: Sceptile|0 fnt
|faint|p2a: Sceptile
|
|upkeep
|
|t:|1779876442
|switch|p2a: Seviper|Seviper, F, shiny|72/100
|-damage|p2a: Seviper|56/100|[from] Spikes
|turn|31
|
|t:|1779876446
|move|p1a: Skarmory|Body Press|p2a: Seviper
|-resisted|p2a: Seviper
|-damage|p2a: Seviper|0 fnt
|faint|p2a: Seviper
|
|upkeep
|-message|BaxleyTheBomb forfeited.
|
|win|kelabee
|raw|kelabee's rating: 1248 &rarr; <strong>1267</strong><br />(+19 for winning)
|raw|BaxleyTheBomb's rating: 1169 &rarr; <strong>1150</strong><br />(-19 for losing)
|l|☆BaxleyTheBomb
|player|p2|
|l|☆kelabee
|player|p1|
|j|☆kelabee
|player|p1|kelabee|policeman-gen4|
|l|☆kelabee
|player|p1|
