|j|☆npctypebeat
|j|☆dbrees9
|t:|1779928905
|gametype|singles
|player|p1|npctypebeat|102|1268
|player|p2|dbrees9|102|1250
|gen|9
|tier|[Gen 9] OU
|rated|
|rule|HP Percentage Mod: HP is shown in percentages
|rule|Endless Battle Clause: Forcing endless battles is banned
|rule|Species Clause: Limit one of each Pokémon
|rule|OHKO Clause: OHKO moves are banned
|rule|Evasion Items Clause: Evasion items are banned
|rule|Evasion Moves Clause: Evasion moves are banned
|rule|Evasion Abilities Clause: Evasion abilities are banned
|rule|Sleep Moves Clause: Sleep-inducing moves are banned
|clearpoke
|poke|p1|Gliscor, M|
|poke|p1|Gholdengo|
|poke|p1|Zamazenta-*|
|poke|p1|Blissey, F|
|poke|p1|Skarmory, M|
|poke|p1|Pecharunt|
|poke|p2|Landorus-Therian, M|
|poke|p2|Dragapult, F|
|poke|p2|Alomomola, F|
|poke|p2|Blissey, F|
|poke|p2|Iron Valiant|
|poke|p2|Darkrai|
|teampreview
|c|☆npctypebeat|hf
|inactive|Battle timer is ON: inactive players will automatically lose when time's up. (requested by npctypebeat)
|
|t:|1779928922
|teamsize|p1|6
|teamsize|p2|6
|start
|switch|p1a: Skarmory|Skarmory, M|100/100
|switch|p2a: Dragapult|Dragapult, F|100/100
|turn|1
|
|t:|1779928939
|move|p2a: Dragapult|Will-O-Wisp|p1a: Skarmory
|-status|p1a: Skarmory|brn
|move|p1a: Skarmory|Spikes|p2a: Dragapult
|-sidestart|p2: dbrees9|Spikes
|
|-damage|p1a: Skarmory|95/100 brn|[from] brn
|upkeep
|turn|2
|
|t:|1779928959
|move|p2a: Dragapult|Hex|p1a: Skarmory
|-crit|p1a: Skarmory
|-damage|p1a: Skarmory|0 fnt
|faint|p1a: Skarmory
|
|upkeep
|
|t:|1779928964
|switch|p1a: Blissey|Blissey, F|100/100
|turn|3
|
|t:|1779928970
|move|p2a: Dragapult|U-turn|p1a: Blissey
|-damage|p1a: Blissey|82/100
|
|t:|1779928984
|switch|p2a: Landorus|Landorus-Therian, M|100/100|[from] U-turn
|-ability|p2a: Landorus|Intimidate|boost
|-unboost|p1a: Blissey|atk|1
|move|p1a: Blissey|Stealth Rock|p2a: Landorus
|-sidestart|p2: dbrees9|move: Stealth Rock
|
|upkeep
|turn|4
|
|t:|1779928994
|switch|p1a: Gliscor|Gliscor, M|100/100
|move|p2a: Landorus|Taunt|p1a: Gliscor
|-start|p1a: Gliscor|move: Taunt
|
|-status|p1a: Gliscor|tox|[from] item: Toxic Orb
|upkeep
|turn|5
|
|t:|1779929010
|switch|p1a: Zamazenta|Zamazenta|100/100
|-ability|p1a: Zamazenta|Dauntless Shield|boost
|-boost|p1a: Zamazenta|def|1
|move|p2a: Landorus|Stealth Rock|p1a: Zamazenta
|-sidestart|p1: npctypebeat|move: Stealth Rock
|
|upkeep
|turn|6
|
|t:|1779929031
|switch|p2a: Alomomola|Alomomola, F|100/100
|move|p1a: Zamazenta|Ice Fang|p2a: Alomomola
|-resisted|p2a: Alomomola
|-damage|p2a: Alomomola|95/100
|
|upkeep
|turn|7
|inactive|dbrees9 has 120 seconds left.
|
|t:|1779929050
|move|p1a: Zamazenta|Ice Fang|p2a: Alomomola
|-resisted|p2a: Alomomola
|-damage|p2a: Alomomola|89/100
|move|p2a: Alomomola|Scald|p1a: Zamazenta
|-damage|p1a: Zamazenta|88/100
|
|upkeep
|turn|8
|inactive|dbrees9 has 120 seconds left.
|
|t:|1779929060
|switch|p1a: Gliscor|Gliscor, M|100/100 tox
|-damage|p1a: Gliscor|88/100 tox|[from] Stealth Rock
|move|p2a: Alomomola|Scald|p1a: Gliscor
|-supereffective|p1a: Gliscor
|-damage|p1a: Gliscor|64/100 tox
|
|-heal|p1a: Gliscor|76/100 tox|[from] ability: Poison Heal
|upkeep
|turn|9
|inactive|dbrees9 has 120 seconds left.
|
|t:|1779929074
|move|p1a: Gliscor|Swords Dance|p1a: Gliscor
|-boost|p1a: Gliscor|atk|2
|move|p2a: Alomomola|Flip Turn|p1a: Gliscor
|-supereffective|p1a: Gliscor
|-damage|p1a: Gliscor|50/100 tox
|inactive|dbrees9 has 120 seconds left.
|
|t:|1779929083
|switch|p2a: Dragapult|Dragapult, F|100/100|[from] Flip Turn
|
|-heal|p1a: Gliscor|63/100 tox|[from] ability: Poison Heal
|upkeep
|turn|10
|inactive|dbrees9 has 120 seconds left.
|
|t:|1779929097
|move|p2a: Dragapult|Hex|p1a: Gliscor
|-damage|p1a: Gliscor|7/100 tox
|move|p1a: Gliscor|Earthquake|p2a: Dragapult
|-damage|p2a: Dragapult|7/100
|
|-heal|p1a: Gliscor|19/100 tox|[from] ability: Poison Heal
|upkeep
|turn|11
|inactive|dbrees9 has 120 seconds left.
|
|t:|1779929114
|move|p1a: Gliscor|Protect|p1a: Gliscor
|-singleturn|p1a: Gliscor|Protect
|move|p2a: Dragapult|Hex|p1a: Gliscor
|-activate|p1a: Gliscor|move: Protect
|
|-heal|p1a: Gliscor|32/100 tox|[from] ability: Poison Heal
|upkeep
|turn|12
|inactive|dbrees9 has 120 seconds left.
|
|t:|1779929123
|switch|p1a: Blissey|Blissey, F|82/100
|move|p2a: Dragapult|Hex|p1a: Blissey
|-immune|p1a: Blissey
|
|upkeep
|turn|13
|
|t:|1779929136
|move|p2a: Dragapult|U-turn|p1a: Blissey
|-damage|p1a: Blissey|62/100
|
|t:|1779929139
|switch|p2a: Alomomola|Alomomola, F|100/100|[from] U-turn
|move|p1a: Blissey|Shadow Ball|p2a: Alomomola
|-damage|p2a: Alomomola|83/100
|-unboost|p2a: Alomomola|spd|1
|
|upkeep
|turn|14
|
|t:|1779929147
|move|p1a: Blissey|Soft-Boiled|p1a: Blissey
|-heal|p1a: Blissey|100/100
|move|p2a: Alomomola|Wish|p2a: Alomomola
|
|upkeep
|turn|15
|
|t:|1779929152
|move|p1a: Blissey|Shadow Ball|p2a: Alomomola
|-damage|p2a: Alomomola|56/100
|move|p2a: Alomomola|Flip Turn|p1a: Blissey
|-crit|p1a: Blissey
|-damage|p1a: Blissey|77/100
|
|t:|1779929160
|switch|p2a: Dragapult|Dragapult, F|7/100|[from] Flip Turn
|
|-heal|p2a: Dragapult|92/100|[from] move: Wish|[wisher] Alomomola
|upkeep
|turn|16
|
|t:|1779929187
|move|p2a: Dragapult|U-turn|p1a: Blissey
|-damage|p1a: Blissey|55/100
|
|t:|1779929191
|switch|p2a: Darkrai|Darkrai|100/100|[from] U-turn
|move|p1a: Blissey|Calm Mind|p1a: Blissey
|-boost|p1a: Blissey|spa|1
|-boost|p1a: Blissey|spd|1
|
|upkeep
|turn|17
|
|t:|1779929199
|move|p2a: Darkrai|Nasty Plot|p2a: Darkrai
|-boost|p2a: Darkrai|spa|2
|move|p1a: Blissey|Soft-Boiled|p1a: Blissey
|-heal|p1a: Blissey|100/100
|
|upkeep
|turn|18
|
|t:|1779929205
|move|p2a: Darkrai|Nasty Plot|p2a: Darkrai
|-boost|p2a: Darkrai|spa|2
|move|p1a: Blissey|Shadow Ball|p2a: Darkrai
|-resisted|p2a: Darkrai
|-damage|p2a: Darkrai|86/100
|
|upkeep
|turn|19
|
|t:|1779929220
|move|p2a: Darkrai|Nasty Plot|p2a: Darkrai
|-boost|p2a: Darkrai|spa|2
|move|p1a: Blissey|Shadow Ball|p2a: Darkrai
|-resisted|p2a: Darkrai
|-damage|p2a: Darkrai|72/100
|
|upkeep
|turn|20
|
|t:|1779929227
|move|p2a: Darkrai|Dark Pulse|p1a: Blissey
|-crit|p1a: Blissey
|-damage|p1a: Blissey|27/100
|move|p1a: Blissey|Shadow Ball|p2a: Darkrai
|-resisted|p2a: Darkrai
|-damage|p2a: Darkrai|58/100
|
|upkeep
|turn|21
|
|t:|1779929237
|switch|p1a: Zamazenta|Zamazenta|88/100
|move|p2a: Darkrai|Dark Pulse|p1a: Zamazenta
|-resisted|p1a: Zamazenta
|-damage|p1a: Zamazenta|8/100
|
|upkeep
|turn|22
|
|t:|1779929250
|-terastallize|p2a: Darkrai|Poison
|move|p1a: Zamazenta|Close Combat|p2a: Darkrai
|-resisted|p2a: Darkrai
|-damage|p2a: Darkrai|20/100
|-unboost|p1a: Zamazenta|def|1
|-unboost|p1a: Zamazenta|spd|1
|move|p2a: Darkrai|Sludge Bomb|p1a: Zamazenta
|-damage|p1a: Zamazenta|0 fnt
|faint|p1a: Zamazenta
|
|upkeep
|
|t:|1779929254
|switch|p1a: Gliscor|Gliscor, M|32/100 tox
|-damage|p1a: Gliscor|19/100 tox|[from] Stealth Rock
|turn|23
|
|t:|1779929263
|move|p2a: Darkrai|Dark Pulse|p1a: Gliscor
|-damage|p1a: Gliscor|0 fnt
|faint|p1a: Gliscor
|
|upkeep
|
|t:|1779929267
|switch|p1a: Pecharunt|Pecharunt|100/100
|turn|24
|
|t:|1779929272
|move|p2a: Darkrai|Dark Pulse|p1a: Pecharunt
|-supereffective|p1a: Pecharunt
|-damage|p1a: Pecharunt|0 fnt
|faint|p1a: Pecharunt
|
|upkeep
|
|t:|1779929276
|switch|p1a: Gholdengo|Gholdengo|100/100
|-damage|p1a: Gholdengo|94/100|[from] Stealth Rock
|turn|25
|
|t:|1779929280
|move|p2a: Darkrai|Dark Pulse|p1a: Gholdengo
|-supereffective|p1a: Gholdengo
|-damage|p1a: Gholdengo|0 fnt
|faint|p1a: Gholdengo
|
|upkeep
|
|t:|1779929285
|switch|p1a: Blissey|Blissey, F|27/100
|turn|26
|
|t:|1779929288
|move|p2a: Darkrai|Dark Pulse|p1a: Blissey
|-damage|p1a: Blissey|0 fnt
|faint|p1a: Blissey
|
|win|dbrees9
|raw|npctypebeat's rating: 1275 &rarr; <strong>1248</strong><br />(-27 for losing)
|raw|dbrees9's rating: 1250 &rarr; <strong>1277</strong><br />(+27 for winning)
|c|☆npctypebeat|gg
|c|☆dbrees9|gg
