|j|☆mrmonk123
|j|☆wxdwxdwxd
|t:|1779807373
|gametype|singles
|player|p1|mrmonk123|harlequin|1575
|player|p2|wxdwxdwxd|102|1550
|gen|9
|tier|[Gen 9] OU
|rated|
|rule|HP Percentage Mod: HP is shown in percentages
|rule|Endless Battle Clause: Forcing endless battles is banned
|rule|Species Clause: Limit one of each Pokémon
|rule|OHKO Clause: OHKO moves are banned
|rule|Evasion Items Clause: Evasion items are banned
|rule|Evasion Moves Clause: Evasion moves are banned
|rule|Evasion Abilities Clause: Evasion abilities are banned
|rule|Sleep Moves Clause: Sleep-inducing moves are banned
|clearpoke
|poke|p1|Slowking-Galar, F|
|poke|p1|Great Tusk|
|poke|p1|Zarude|
|poke|p1|Cinderace, F|
|poke|p1|Skarmory, M|
|poke|p1|Sylveon, M|
|poke|p2|Dragonite, M|
|poke|p2|Ogerpon-Cornerstone, F|
|poke|p2|Hatterene, F|
|poke|p2|Iron Treads|
|poke|p2|Kingambit, F|
|poke|p2|Zapdos|
|teampreview
|inactive|Battle timer is ON: inactive players will automatically lose when time's up. (requested by wxdwxdwxd)
|
|t:|1779807388
|teamsize|p1|6
|teamsize|p2|6
|start
|switch|p1a: Skarmory|Skarmory, M|100/100
|switch|p2a: Hatterene|Hatterene, F|100/100
|turn|1
|
|t:|1779807402
|switch|p1a: Zarude|Zarude|100/100
|move|p2a: Hatterene|Nuzzle|p1a: Zarude
|-resisted|p1a: Zarude
|-damage|p1a: Zarude|99/100
|-status|p1a: Zarude|par
|
|-heal|p1a: Zarude|100/100 par|[from] item: Leftovers
|upkeep
|turn|2
|
|t:|1779807412
|move|p1a: Zarude|Jungle Healing|p1a: Zarude
|-curestatus|p1a: Zarude|par|[msg]
|move|p2a: Hatterene|Draining Kiss|p1a: Zarude
|-supereffective|p1a: Zarude
|-crit|p1a: Zarude
|-damage|p1a: Zarude|28/100
|
|-heal|p1a: Zarude|34/100|[from] item: Leftovers
|upkeep
|turn|3
|
|t:|1779807421
|switch|p1a: Slowking|Slowking-Galar, F|100/100
|move|p2a: Hatterene|Draining Kiss|p1a: Slowking
|-resisted|p1a: Slowking
|-damage|p1a: Slowking|94/100
|
|upkeep
|turn|4
|
|t:|1779807426
|switch|p2a: Kingambit|Kingambit, F|100/100
|move|p1a: Slowking|Future Sight|p2a: Kingambit
|-start|p1a: Slowking|move: Future Sight
|
|upkeep
|turn|5
|
|t:|1779807448
|-end|p2a: Kingambit|fallenundefined|[silent]
|switch|p2a: Zapdos|Zapdos|100/100
|switch|p1a: Great Tusk|Great Tusk|100/100
|-enditem|p1a: Great Tusk|Booster Energy
|-activate|p1a: Great Tusk|ability: Protosynthesis|[fromitem]
|-start|p1a: Great Tusk|protosynthesisspe
|
|upkeep
|turn|6
|
|t:|1779807455
|-end|p1a: Great Tusk|Protosynthesis|[silent]
|switch|p1a: Slowking|Slowking-Galar, F|100/100
|move|p2a: Zapdos|Hurricane|p1a: Slowking
|-damage|p1a: Slowking|68/100
|-start|p1a: Slowking|confusion
|
|-end|p2a: Zapdos|move: Future Sight
|-damage|p2a: Zapdos|50/100
|upkeep
|turn|7
|
|t:|1779807464
|switch|p2a: Kingambit|Kingambit, F|100/100
|-activate|p1a: Slowking|confusion
|move|p1a: Slowking|Future Sight|p2a: Kingambit
|-start|p1a: Slowking|move: Future Sight
|
|upkeep
|turn|8
|j| pok-a-bowl
|
|t:|1779807470
|switch|p1a: Great Tusk|Great Tusk|100/100
|move|p2a: Kingambit|Iron Head|p1a: Great Tusk
|-damage|p1a: Great Tusk|76/100
|
|upkeep
|turn|9
|
|t:|1779807475
|-end|p2a: Kingambit|fallenundefined|[silent]
|switch|p2a: Iron Treads|Iron Treads|100/100
|-item|p2a: Iron Treads|Air Balloon
|move|p1a: Great Tusk|Headlong Rush|p2a: Iron Treads
|-immune|p2a: Iron Treads
|
|-end|p2a: Iron Treads|move: Future Sight
|-resisted|p2a: Iron Treads
|-damage|p2a: Iron Treads|72/100
|-enditem|p2a: Iron Treads|Air Balloon
|upkeep
|turn|10
|
|t:|1779807486
|move|p2a: Iron Treads|Earthquake|p1a: Great Tusk
|-damage|p1a: Great Tusk|46/100
|move|p1a: Great Tusk|Bulk Up|p1a: Great Tusk
|-boost|p1a: Great Tusk|atk|1
|-boost|p1a: Great Tusk|def|1
|
|upkeep
|turn|11
|
|t:|1779807491
|-end|p2a: Iron Treads|Quark Drive|[silent]
|switch|p2a: Zapdos|Zapdos|50/100
|move|p1a: Great Tusk|Headlong Rush|p2a: Zapdos
|-immune|p2a: Zapdos
|
|upkeep
|turn|12
|
|t:|1779807497
|-end|p1a: Great Tusk|Protosynthesis|[silent]
|switch|p1a: Slowking|Slowking-Galar, F|100/100
|move|p2a: Zapdos|Hurricane|p1a: Slowking|[miss]
|-miss|p2a: Zapdos|p1a: Slowking
|
|upkeep
|turn|13
|
|t:|1779807501
|switch|p2a: Iron Treads|Iron Treads|72/100
|-prepare|p1a: Slowking|Chilly Reception|[premajor]
|move|p1a: Slowking|Chilly Reception|p1a: Slowking
|-weather|Snowscape
|
|t:|1779807504
|switch|p1a: Cinderace|Cinderace, F|100/100|[from] Chilly Reception
|
|-weather|Snowscape|[upkeep]
|upkeep
|turn|14
|
|t:|1779807516
|-end|p2a: Iron Treads|Quark Drive|[silent]
|switch|p2a: Hatterene|Hatterene, F|100/100
|move|p1a: Cinderace|Pyro Ball|p2a: Hatterene|[miss]
|-miss|p1a: Cinderace|p2a: Hatterene
|
|-weather|Snowscape|[upkeep]
|upkeep
|turn|15
|
|t:|1779807521
|move|p1a: Cinderace|U-turn|p2a: Hatterene
|-start|p1a: Cinderace|typechange|Bug|[from] ability: Libero
|-damage|p2a: Hatterene|74/100
|-damage|p1a: Cinderace|84/100|[from] item: Rocky Helmet|[of] p2a: Hatterene
|
|t:|1779807526
|switch|p1a: Slowking|Slowking-Galar, F|100/100|[from] U-turn
|move|p2a: Hatterene|Nuzzle|p1a: Slowking
|-crit|p1a: Slowking
|-damage|p1a: Slowking|94/100
|-status|p1a: Slowking|par
|
|-weather|Snowscape|[upkeep]
|upkeep
|turn|16
|
|t:|1779807544
|switch|p2a: Iron Treads|Iron Treads|72/100
|-prepare|p1a: Slowking|Chilly Reception|[premajor]
|move|p1a: Slowking|Chilly Reception|p1a: Slowking
|
|t:|1779807549
|switch|p1a: Cinderace|Cinderace, F|84/100|[from] Chilly Reception
|
|-weather|Snowscape|[upkeep]
|upkeep
|turn|17
|
|t:|1779807560
|-terastallize|p2a: Iron Treads|Fire
|move|p1a: Cinderace|Pyro Ball|p2a: Iron Treads
|-resisted|p2a: Iron Treads
|-damage|p2a: Iron Treads|47/100
|move|p2a: Iron Treads|Earthquake|p1a: Cinderace
|-supereffective|p1a: Cinderace
|-damage|p1a: Cinderace|0 fnt
|faint|p1a: Cinderace
|
|-weather|none
|upkeep
|
|t:|1779807580
|switch|p1a: Zarude|Zarude|34/100
|turn|18
|
|t:|1779807588
|switch|p1a: Skarmory|Skarmory, M|100/100
|move|p2a: Iron Treads|Stealth Rock|p1a: Skarmory
|-sidestart|p1: mrmonk123|move: Stealth Rock
|
|upkeep
|turn|19
|
|t:|1779807594
|switch|p1a: Slowking|Slowking-Galar, F|100/100 par
|move|p2a: Iron Treads|Knock Off|p1a: Slowking
|-supereffective|p1a: Slowking
|-damage|p1a: Slowking|43/100 par
|-enditem|p1a: Slowking|Heavy-Duty Boots|[from] move: Knock Off|[of] p2a: Iron Treads
|
|upkeep
|turn|20
|
|t:|1779807602
|switch|p1a: Zarude|Zarude|34/100
|-damage|p1a: Zarude|22/100|[from] Stealth Rock
|move|p2a: Iron Treads|Earthquake|p1a: Zarude
|-resisted|p1a: Zarude
|-damage|p1a: Zarude|0 fnt
|faint|p1a: Zarude
|
|upkeep
|-message|mrmonk123 forfeited.
|
|win|wxdwxdwxd
|raw|mrmonk123's rating: 1575 &rarr; <strong>1554</strong><br />(-21 for losing)
|raw|wxdwxdwxd's rating: 1550 &rarr; <strong>1571</strong><br />(+21 for winning)
|l|☆mrmonk123
|player|p1|
|l|☆wxdwxdwxd
|player|p2|
|l| pok-a-bowl
