|j|☆Electroyer_3
|j|☆gardevoirandvapo
|t:|1779959195
|gametype|singles
|player|p1|Electroyer_3|1|1328
|player|p2|gardevoirandvapo|265|1350
|gen|9
|tier|[Gen 9] OU
|rated|
|rule|HP Percentage Mod: HP is shown in percentages
|rule|Endless Battle Clause: Forcing endless battles is banned
|rule|Species Clause: Limit one of each Pokémon
|rule|OHKO Clause: OHKO moves are banned
|rule|Evasion Items Clause: Evasion items are banned
|rule|Evasion Moves Clause: Evasion moves are banned
|rule|Evasion Abilities Clause: Evasion abilities are banned
|rule|Sleep Moves Clause: Sleep-inducing moves are banned
|clearpoke
|poke|p1|Grimmsnarl, M|
|poke|p1|Clodsire, F|
|poke|p1|Gliscor, F|
|poke|p1|Iron Valiant|
|poke|p1|Cinderace, F|
|poke|p1|Dondozo, M|
|poke|p2|Tinkaton, F|
|poke|p2|Smeargle, F|
|poke|p2|Mismagius, M|
|poke|p2|Fezandipiti, M|
|poke|p2|Sandaconda, M|
|poke|p2|Darkrai|
|teampreview
|inactive|Battle timer is ON: inactive players will automatically lose when time's up. (requested by gardevoirandvapo)
|
|t:|1779959217
|teamsize|p1|6
|teamsize|p2|6
|start
|switch|p1a: Grimmsnarl|Grimmsnarl, M|100/100
|switch|p2a: Aldof|Smeargle, F|100/100
|turn|1
|
|t:|1779959237
|move|p1a: Grimmsnarl|Parting Shot|p2a: Aldof
|-unboost|p2a: Aldof|atk|1
|-unboost|p2a: Aldof|spa|1
|
|t:|1779959246
|switch|p1a: Clodsire|Clodsire, F|100/100|[from] Parting Shot
|move|p2a: Aldof|Taunt|p1a: Clodsire
|-start|p1a: Clodsire|move: Taunt
|
|upkeep
|turn|2
|
|t:|1779959255
|move|p2a: Aldof|Toxic Spikes|p1a: Clodsire
|-sidestart|p1: Electroyer_3|move: Toxic Spikes
|move|p1a: Clodsire|Earthquake|p2a: Aldof
|-damage|p2a: Aldof|31/100
|
|upkeep
|turn|3
|
|t:|1779959260
|move|p2a: Aldof|Stone Axe|p1a: Clodsire
|-resisted|p1a: Clodsire
|-damage|p1a: Clodsire|98/100
|-sidestart|p1: Electroyer_3|move: Stealth Rock
|move|p1a: Clodsire|Earthquake|p2a: Aldof
|-damage|p2a: Aldof|0 fnt
|faint|p2a: Aldof
|
|-heal|p1a: Clodsire|100/100|[from] item: Leftovers
|-end|p1a: Clodsire|move: Taunt
|upkeep
|
|t:|1779959269
|switch|p2a: Starey|Sandaconda, M|100/100
|turn|4
|
|t:|1779959299
|switch|p1a: Gliscor|Gliscor, F|100/100
|-damage|p1a: Gliscor|88/100|[from] Stealth Rock
|move|p2a: Starey|Glare|p1a: Gliscor
|-status|p1a: Gliscor|par
|
|upkeep
|turn|5
|inactive|Electroyer_3 has 120 seconds left.
|
|t:|1779959314
|move|p2a: Starey|Coil|p2a: Starey
|-boost|p2a: Starey|atk|1
|-boost|p2a: Starey|def|1
|-boost|p2a: Starey|accuracy|1
|move|p1a: Gliscor|Earthquake|p2a: Starey
|-damage|p2a: Starey|83/100
|
|-heal|p2a: Starey|89/100|[from] item: Leftovers
|upkeep
|turn|6
|inactive|Electroyer_3 has 120 seconds left.
|
|t:|1779959326
|switch|p1a: Cinderace|Cinderace, F|100/100
|move|p2a: Starey|Coil|p2a: Starey
|-boost|p2a: Starey|atk|1
|-boost|p2a: Starey|def|1
|-boost|p2a: Starey|accuracy|1
|
|-heal|p2a: Starey|95/100|[from] item: Leftovers
|upkeep
|turn|7
|
|t:|1779959334
|move|p1a: Cinderace|Court Change|p1a: Cinderace
|-start|p1a: Cinderace|typechange|Normal|[from] ability: Libero
|-swapsideconditions
|-activate|p1a: Cinderace|move: Court Change
|move|p2a: Starey|Glare|p1a: Cinderace
|-status|p1a: Cinderace|par
|
|-heal|p2a: Starey|100/100|[from] item: Leftovers
|upkeep
|turn|8
|
|t:|1779959346
|move|p1a: Cinderace|U-turn|p2a: Starey
|-damage|p2a: Starey|92/100
|
|t:|1779959348
|switch|p1a: Dondozo|Dondozo, M|100/100|[from] U-turn
|move|p2a: Starey|Earthquake|p1a: Dondozo
|-damage|p1a: Dondozo|84/100
|
|-heal|p2a: Starey|98/100|[from] item: Leftovers
|-heal|p1a: Dondozo|90/100|[from] item: Leftovers
|upkeep
|turn|9
|
|t:|1779959359
|move|p2a: Starey|Glare|p1a: Dondozo
|-status|p1a: Dondozo|par
|move|p1a: Dondozo|Liquidation|p2a: Starey
|-supereffective|p2a: Starey
|-damage|p2a: Starey|52/100
|
|-heal|p2a: Starey|58/100|[from] item: Leftovers
|-heal|p1a: Dondozo|97/100 par|[from] item: Leftovers
|upkeep
|turn|10
|inactive|gardevoirandvapo has 120 seconds left.
|
|t:|1779959391
|move|p2a: Starey|Stone Edge|p1a: Dondozo
|-crit|p1a: Dondozo
|-damage|p1a: Dondozo|81/100 par
|move|p1a: Dondozo|Liquidation|p2a: Starey
|-supereffective|p2a: Starey
|-damage|p2a: Starey|17/100
|
|-heal|p2a: Starey|23/100|[from] item: Leftovers
|-heal|p1a: Dondozo|87/100 par|[from] item: Leftovers
|upkeep
|turn|11
|inactive|gardevoirandvapo has 120 seconds left.
|
|t:|1779959409
|switch|p2a: Venoex|Fezandipiti, M|100/100
|-sideend|p2: gardevoirandvapo|move: Toxic Spikes|[of] p2a: Venoex
|-damage|p2a: Venoex|88/100|[from] Stealth Rock
|move|p1a: Dondozo|Liquidation|p2a: Venoex
|-damage|p2a: Venoex|56/100
|
|-heal|p1a: Dondozo|93/100 par|[from] item: Leftovers
|upkeep
|turn|12
|inactive|gardevoirandvapo has 120 seconds left.
|
|t:|1779959430
|move|p2a: Venoex|Hex|p1a: Dondozo
|-damage|p1a: Dondozo|60/100 par
|cant|p1a: Dondozo|par
|
|-heal|p1a: Dondozo|67/100 par|[from] item: Leftovers
|upkeep
|turn|13
|
|t:|1779959436
|move|p2a: Venoex|Hex|p1a: Dondozo
|-damage|p1a: Dondozo|33/100 par
|move|p1a: Dondozo|Curse|p1a: Dondozo
|-unboost|p1a: Dondozo|spe|1
|-boost|p1a: Dondozo|atk|1
|-boost|p1a: Dondozo|def|1
|
|-heal|p1a: Dondozo|40/100 par|[from] item: Leftovers
|upkeep
|turn|14
|
|t:|1779959445
|move|p2a: Venoex|Hex|p1a: Dondozo
|-damage|p1a: Dondozo|8/100 par
|move|p1a: Dondozo|Rest|p1a: Dondozo
|-status|p1a: Dondozo|slp|[from] move: Rest
|-heal|p1a: Dondozo|100/100 slp|[silent]
|
|upkeep
|turn|15
|
|t:|1779959460
|switch|p2a: Mismagiusty|Mismagius, M, shiny|100/100
|-damage|p2a: Mismagiusty|88/100|[from] Stealth Rock
|cant|p1a: Dondozo|slp
|move|p1a: Dondozo|Sleep Talk|p1a: Dondozo
|move|p1a: Dondozo|Curse|p1a: Dondozo|[from] move: Sleep Talk
|-unboost|p1a: Dondozo|spe|1
|-boost|p1a: Dondozo|atk|1
|-boost|p1a: Dondozo|def|1
|
|upkeep
|turn|16
|
|t:|1779959488
|switch|p1a: Clodsire|Clodsire, F|100/100
|-terastallize|p2a: Mismagiusty|Ghost
|move|p2a: Mismagiusty|Hex|p1a: Clodsire
|-damage|p1a: Clodsire|71/100
|
|-heal|p1a: Clodsire|77/100|[from] item: Leftovers
|upkeep
|turn|17
|
|t:|1779959513
|switch|p2a: Starey|Sandaconda, M|23/100
|-damage|p2a: Starey|17/100|[from] Stealth Rock
|move|p1a: Clodsire|Toxic|p2a: Starey
|-status|p2a: Starey|tox
|
|-heal|p2a: Starey|23/100 tox|[from] item: Leftovers
|-heal|p1a: Clodsire|83/100|[from] item: Leftovers
|-damage|p2a: Starey|17/100 tox|[from] psn
|upkeep
|turn|18
|
|t:|1779959526
|switch|p1a: Dondozo|Dondozo, M|100/100 slp
|move|p2a: Starey|Glare||[still]
|-fail|p2a: Starey
|
|-heal|p2a: Starey|23/100 tox|[from] item: Leftovers
|-damage|p2a: Starey|11/100 tox|[from] psn
|upkeep
|turn|19
|
|t:|1779959540
|switch|p2a: Mismagiusty|Mismagius, M, shiny, tera:Ghost|88/100
|-damage|p2a: Mismagiusty|76/100|[from] Stealth Rock
|switch|p1a: Gliscor|Gliscor, F|88/100 par
|
|upkeep
|turn|20
|
|t:|1779959549
|move|p2a: Mismagiusty|Hex|p1a: Gliscor
|-damage|p1a: Gliscor|0 fnt
|faint|p1a: Gliscor
|
|upkeep
|
|t:|1779959558
|switch|p1a: Dondozo|Dondozo, M|100/100 slp
|turn|21
|
|t:|1779959562
|move|p2a: Mismagiusty|Hex|p1a: Dondozo
|-damage|p1a: Dondozo|0 fnt
|faint|p1a: Dondozo
|
|upkeep
|
|t:|1779959578
|switch|p1a: Clodsire|Clodsire, F|83/100
|turn|22
|
|t:|1779959589
|switch|p2a: Starey|Sandaconda, M|11/100 tox
|-damage|p2a: Starey|5/100 tox|[from] Stealth Rock
|move|p1a: Clodsire|Toxic|p2a: Starey
|-fail|p2a: Starey|tox
|
|-activate|p2a: Starey|ability: Shed Skin
|-curestatus|p2a: Starey|tox|[msg]
|-heal|p2a: Starey|11/100|[from] item: Leftovers
|-heal|p1a: Clodsire|90/100|[from] item: Leftovers
|upkeep
|turn|23
|
|t:|1779959607
|move|p2a: Starey|Glare|p1a: Clodsire
|-status|p1a: Clodsire|par
|move|p1a: Clodsire|Earthquake|p2a: Starey
|-damage|p2a: Starey|0 fnt
|faint|p2a: Starey
|
|-heal|p1a: Clodsire|96/100 par|[from] item: Leftovers
|upkeep
|
|t:|1779959616
|switch|p2a: Tinkywinkypinky|Tinkaton, F|100/100
|-damage|p2a: Tinkywinkypinky|94/100|[from] Stealth Rock
|-ability|p2a: Tinkywinkypinky|Mold Breaker
|turn|24
|
|t:|1779959623
|move|p2a: Tinkywinkypinky|Knock Off|p1a: Clodsire
|-damage|p1a: Clodsire|77/100 par
|-enditem|p1a: Clodsire|Leftovers|[from] move: Knock Off|[of] p2a: Tinkywinkypinky
|cant|p1a: Clodsire|par
|
|-heal|p2a: Tinkywinkypinky|100/100|[from] item: Leftovers
|upkeep
|turn|25
|
|t:|1779959631
|switch|p2a: Mismagiusty|Mismagius, M, shiny, tera:Ghost|76/100
|-damage|p2a: Mismagiusty|64/100|[from] Stealth Rock
|move|p1a: Clodsire|Earthquake|p2a: Mismagiusty
|-immune|p2a: Mismagiusty|[from] ability: Levitate
|
|upkeep
|turn|26
|
|t:|1779959641
|move|p2a: Mismagiusty|Hex|p1a: Clodsire
|-damage|p1a: Clodsire|16/100 par
|move|p1a: Clodsire|Toxic|p2a: Mismagiusty
|-status|p2a: Mismagiusty|tox
|
|-damage|p2a: Mismagiusty|58/100 tox|[from] psn
|upkeep
|turn|27
|
|t:|1779959652
|switch|p1a: Grimmsnarl|Grimmsnarl, M|100/100
|move|p2a: Mismagiusty|Hex|p1a: Grimmsnarl
|-resisted|p1a: Grimmsnarl
|-damage|p1a: Grimmsnarl|78/100
|
|-damage|p2a: Mismagiusty|46/100 tox|[from] psn
|upkeep
|turn|28
|
|t:|1779959670
|switch|p2a: Tinkywinkypinky|Tinkaton, F|100/100
|-damage|p2a: Tinkywinkypinky|94/100|[from] Stealth Rock
|-ability|p2a: Tinkywinkypinky|Mold Breaker
|move|p1a: Grimmsnarl|Light Screen|p1a: Grimmsnarl
|-sidestart|p1: Electroyer_3|move: Light Screen
|
|-heal|p2a: Tinkywinkypinky|100/100|[from] item: Leftovers
|upkeep
|turn|29
|
|t:|1779959684
|move|p1a: Grimmsnarl|Reflect|p1a: Grimmsnarl
|-sidestart|p1: Electroyer_3|Reflect
|move|p2a: Tinkywinkypinky|Gigaton Hammer|p1a: Grimmsnarl
|-supereffective|p1a: Grimmsnarl
|-damage|p1a: Grimmsnarl|21/100
|
|upkeep
|turn|30
|
|t:|1779959694
|move|p1a: Grimmsnarl|Parting Shot|p2a: Tinkywinkypinky
|-unboost|p2a: Tinkywinkypinky|atk|1
|-unboost|p2a: Tinkywinkypinky|spa|1
|
|t:|1779959699
|switch|p1a: Cinderace|Cinderace, F|100/100 par|[from] Parting Shot
|move|p2a: Tinkywinkypinky|Encore||[still]
|-fail|p2a: Tinkywinkypinky
|
|upkeep
|turn|31
|
|t:|1779959718
|move|p2a: Tinkywinkypinky|Knock Off|p1a: Cinderace
|-damage|p1a: Cinderace|92/100 par
|-enditem|p1a: Cinderace|Heavy-Duty Boots|[from] move: Knock Off|[of] p2a: Tinkywinkypinky
|move|p1a: Cinderace|Pyro Ball|p2a: Tinkywinkypinky|[miss]
|-miss|p1a: Cinderace|p2a: Tinkywinkypinky
|
|upkeep
|turn|32
|
|t:|1779959725
|switch|p2a: Venoex|Fezandipiti, M|56/100
|-damage|p2a: Venoex|44/100|[from] Stealth Rock
|-enditem|p2a: Venoex|Sitrus Berry|[eat]
|-heal|p2a: Venoex|69/100|[from] item: Sitrus Berry
|move|p1a: Cinderace|Pyro Ball|p2a: Venoex
|-damage|p2a: Venoex|10/100
|
|upkeep
|turn|33
|
|t:|1779959738
|cant|p1a: Cinderace|par
|move|p2a: Venoex|Hex|p1a: Cinderace
|-crit|p1a: Cinderace
|-damage|p1a: Cinderace|18/100 par
|
|upkeep
|turn|34
|
|t:|1779959747
|cant|p1a: Cinderace|par
|move|p2a: Venoex|Hex|p1a: Cinderace
|-damage|p1a: Cinderace|0 fnt
|faint|p1a: Cinderace
|
|upkeep
|c|☆gardevoirandvapo|Unlucky  relatable
|inactive|Electroyer_3 has 120 seconds left.
|
|t:|1779959806
|switch|p1a: Iron Valiant|Iron Valiant|100/100
|-enditem|p1a: Iron Valiant|Booster Energy
|-activate|p1a: Iron Valiant|ability: Quark Drive|[fromitem]
|-start|p1a: Iron Valiant|quarkdrivespe
|turn|35
|
|t:|1779959815
|move|p1a: Iron Valiant|Thunderbolt|p2a: Venoex
|-damage|p2a: Venoex|0 fnt
|faint|p2a: Venoex
|
|-sideend|p1: Electroyer_3|move: Light Screen
|upkeep
|
|t:|1779959821
|switch|p2a: Tinkywinkypinky|Tinkaton, F|100/100
|-damage|p2a: Tinkywinkypinky|94/100|[from] Stealth Rock
|-ability|p2a: Tinkywinkypinky|Mold Breaker
|turn|36
|inactive|Electroyer_3 has 90 seconds left.
|
|t:|1779959858
|move|p1a: Iron Valiant|Thunderbolt|p2a: Tinkywinkypinky
|-damage|p2a: Tinkywinkypinky|68/100
|move|p2a: Tinkywinkypinky|Thunder Wave|p1a: Iron Valiant
|-status|p1a: Iron Valiant|par
|
|-heal|p2a: Tinkywinkypinky|74/100|[from] item: Leftovers
|-sideend|p1: Electroyer_3|Reflect
|upkeep
|turn|37
|
|t:|1779959867
|-end|p1a: Iron Valiant|Quark Drive|[silent]
|switch|p1a: Clodsire|Clodsire, F|16/100 par
|move|p2a: Tinkywinkypinky|Gigaton Hammer|p1a: Clodsire
|-damage|p1a: Clodsire|0 fnt
|faint|p1a: Clodsire
|
|-heal|p2a: Tinkywinkypinky|80/100|[from] item: Leftovers
|upkeep
|c|☆gardevoirandvapo|Gg
|c|☆gardevoirandvapo|Ggs
|
|t:|1779959878
|switch|p1a: Iron Valiant|Iron Valiant|100/100 par
|turn|38
|
|t:|1779959903
|move|p2a: Tinkywinkypinky|Encore||[still]
|-fail|p2a: Tinkywinkypinky
|cant|p1a: Iron Valiant|par
|
|-heal|p2a: Tinkywinkypinky|87/100|[from] item: Leftovers
|upkeep
|turn|39
|
|t:|1779959919
|move|p2a: Tinkywinkypinky|Gigaton Hammer|p1a: Iron Valiant
|-supereffective|p1a: Iron Valiant
|-damage|p1a: Iron Valiant|0 fnt
|faint|p1a: Iron Valiant
|-end|p1a: Iron Valiant|Quark Drive|[silent]
|
|-heal|p2a: Tinkywinkypinky|93/100|[from] item: Leftovers
|upkeep
|-message|Electroyer_3 forfeited.
|
|win|gardevoirandvapo
|raw|Electroyer_3's rating: 1328 &rarr; <strong>1309</strong><br />(-19 for losing)
|raw|gardevoirandvapo's rating: 1350 &rarr; <strong>1369</strong><br />(+19 for winning)
|l|☆Electroyer_3
|player|p1|
