|j|☆rasb
|j|☆jungle herbert
|t:|1779816956
|gametype|singles
|player|p1|rasb|169|1444
|player|p2|jungle herbert|101|1416
|gen|9
|tier|[Gen 9] OU
|rated|
|rule|HP Percentage Mod: HP is shown in percentages
|rule|Endless Battle Clause: Forcing endless battles is banned
|rule|Species Clause: Limit one of each Pokémon
|rule|OHKO Clause: OHKO moves are banned
|rule|Evasion Items Clause: Evasion items are banned
|rule|Evasion Moves Clause: Evasion moves are banned
|rule|Evasion Abilities Clause: Evasion abilities are banned
|rule|Sleep Moves Clause: Sleep-inducing moves are banned
|clearpoke
|poke|p1|Ceruledge, M|
|poke|p1|Raging Bolt|
|poke|p1|Ogerpon-Wellspring, F|
|poke|p1|Darkrai|
|poke|p1|Great Tusk|
|poke|p1|Gholdengo|
|poke|p2|Araquanid, M|
|poke|p2|Weezing-Galar, F|
|poke|p2|Iron Valiant|
|poke|p2|Jolteon, F|
|poke|p2|Meowscarada, F|
|poke|p2|Landorus-Therian, M|
|teampreview
|inactive|Battle timer is ON: inactive players will automatically lose when time's up. (requested by rasb)
|
|t:|1779816976
|teamsize|p1|6
|teamsize|p2|6
|start
|switch|p1a: Ogerpon|Ogerpon-Wellspring, F|100/100
|switch|p2a: Jolteon|Jolteon, F, shiny|100/100
|turn|1
|
|t:|1779816992
|move|p1a: Ogerpon|Ivy Cudgel|p2a: Jolteon|[anim] Ivy Cudgel Water
|-damage|p2a: Jolteon|0 fnt
|faint|p2a: Jolteon
|
|upkeep
|
|t:|1779817003
|switch|p2a: Araquanid|Araquanid, M|100/100
|turn|2
|
|t:|1779817008
|switch|p1a: Raging Bolt|Raging Bolt|100/100
|move|p2a: Araquanid|Leech Life|p1a: Raging Bolt
|-damage|p1a: Raging Bolt|79/100
|
|-heal|p1a: Raging Bolt|85/100|[from] item: Leftovers
|upkeep
|turn|3
|
|t:|1779817018
|switch|p2a: Landorus|Landorus-Therian, M|100/100
|-ability|p2a: Landorus|Intimidate|boost
|-unboost|p1a: Raging Bolt|atk|1
|move|p1a: Raging Bolt|Calm Mind|p1a: Raging Bolt
|-boost|p1a: Raging Bolt|spa|1
|-boost|p1a: Raging Bolt|spd|1
|
|-heal|p1a: Raging Bolt|91/100|[from] item: Leftovers
|upkeep
|turn|4
|
|t:|1779817029
|-end|p1a: Raging Bolt|Protosynthesis|[silent]
|switch|p1a: Great Tusk|Great Tusk|100/100
|move|p2a: Landorus|Earthquake|p1a: Great Tusk
|-damage|p1a: Great Tusk|68/100
|
|upkeep
|turn|5
|
|t:|1779817037
|switch|p2a: Araquanid|Araquanid, M|100/100
|move|p1a: Great Tusk|Stealth Rock|p2a: Araquanid
|-sidestart|p2: jungle herbert|move: Stealth Rock
|
|upkeep
|turn|6
|l|☆rasb
|inactive|rasb disconnected and has a minute to reconnect!
|player|p1|
|j|☆rasb
|inactive|rasb reconnected and has 140 seconds left.
|player|p1|rasb|169|
|
|t:|1779817058
|-end|p1a: Great Tusk|Protosynthesis|[silent]
|switch|p1a: Ogerpon|Ogerpon-Wellspring, F|100/100
|move|p2a: Araquanid|Liquidation|p1a: Ogerpon
|-immune|p1a: Ogerpon|[from] ability: Water Absorb
|
|upkeep
|turn|7
|
|t:|1779817065
|move|p1a: Ogerpon|Swords Dance|p1a: Ogerpon
|-boost|p1a: Ogerpon|atk|2
|move|p2a: Araquanid|Leech Life|p1a: Ogerpon
|-supereffective|p1a: Ogerpon
|-damage|p1a: Ogerpon|27/100
|
|upkeep
|turn|8
|
|t:|1779817072
|move|p1a: Ogerpon|Power Whip|p2a: Araquanid
|-damage|p2a: Araquanid|0 fnt
|faint|p2a: Araquanid
|
|upkeep
|
|t:|1779817083
|switch|p2a: Iron Valiant|Iron Valiant|100/100
|-damage|p2a: Iron Valiant|94/100|[from] Stealth Rock
|-enditem|p2a: Iron Valiant|Booster Energy
|-activate|p2a: Iron Valiant|ability: Quark Drive|[fromitem]
|-start|p2a: Iron Valiant|quarkdrivespe
|turn|9
|
|t:|1779817108
|move|p2a: Iron Valiant|Swords Dance|p2a: Iron Valiant
|-boost|p2a: Iron Valiant|atk|2
|move|p1a: Ogerpon|Ivy Cudgel|p2a: Iron Valiant|[anim] Ivy Cudgel Water
|-damage|p2a: Iron Valiant|0 fnt
|faint|p2a: Iron Valiant
|-end|p2a: Iron Valiant|Quark Drive|[silent]
|
|upkeep
|
|t:|1779817124
|switch|p2a: Weezing|Weezing-Galar, F|100/100
|-damage|p2a: Weezing|88/100|[from] Stealth Rock
|turn|10
|
|t:|1779817132
|move|p1a: Ogerpon|Ivy Cudgel|p2a: Weezing|[anim] Ivy Cudgel Water
|-damage|p2a: Weezing|0 fnt
|faint|p2a: Weezing
|
|upkeep
|-message|jungle herbert forfeited.
|
|win|rasb
|raw|rasb's rating: 1444 &rarr; <strong>1462</strong><br />(+18 for winning)
|raw|jungle herbert's rating: 1416 &rarr; <strong>1398</strong><br />(-18 for losing)
