|j|☆th3r3d33m3r
|j|☆sanicnate
|t:|1779890833
|gametype|singles
|player|p1|th3r3d33m3r|lady|1438
|player|p2|sanicnate|lucas-gen4pt|1504
|gen|9
|tier|[Gen 9] OU
|rated|
|rule|HP Percentage Mod: HP is shown in percentages
|rule|Endless Battle Clause: Forcing endless battles is banned
|rule|Species Clause: Limit one of each Pokémon
|rule|OHKO Clause: OHKO moves are banned
|rule|Evasion Items Clause: Evasion items are banned
|rule|Evasion Moves Clause: Evasion moves are banned
|rule|Evasion Abilities Clause: Evasion abilities are banned
|rule|Sleep Moves Clause: Sleep-inducing moves are banned
|clearpoke
|poke|p1|Regieleki|
|poke|p1|Landorus-Therian, M|
|poke|p1|Cinderace, M|
|poke|p1|Hydrapple, F|
|poke|p1|Alomomola, M|
|poke|p1|Kingambit, M|
|poke|p2|Dragonite, M|
|poke|p2|Dragapult, M|
|poke|p2|Fezandipiti, M|
|poke|p2|Great Tusk|
|poke|p2|Rotom-Wash|
|poke|p2|Kingambit, M|
|teampreview
|inactive|Battle timer is ON: inactive players will automatically lose when time's up. (requested by sanicnate)
|
|t:|1779890845
|teamsize|p1|6
|teamsize|p2|6
|start
|switch|p1a: Landorus|Landorus-Therian, M|100/100
|switch|p2a: Great Tusk|Great Tusk|100/100
|-ability|p1a: Landorus|Intimidate|boost
|-unboost|p2a: Great Tusk|atk|1
|turn|1
|
|t:|1779890850
|move|p1a: Landorus|Stealth Rock|p2a: Great Tusk
|-sidestart|p2: sanicnate|move: Stealth Rock
|move|p2a: Great Tusk|Knock Off|p1a: Landorus
|-damage|p1a: Landorus|83/100
|-damage|p2a: Great Tusk|84/100|[from] item: Rocky Helmet|[of] p1a: Landorus
|-enditem|p1a: Landorus|Rocky Helmet|[from] move: Knock Off|[of] p2a: Great Tusk
|
|-heal|p2a: Great Tusk|90/100|[from] item: Leftovers
|upkeep
|turn|2
|
|t:|1779890855
|move|p1a: Landorus|Taunt|p2a: Great Tusk
|-start|p2a: Great Tusk|move: Taunt
|move|p2a: Great Tusk|Rapid Spin|p1a: Landorus
|-damage|p1a: Landorus|74/100
|-boost|p2a: Great Tusk|spe|1
|-sideend|p2: sanicnate|Stealth Rock|[from] move: Rapid Spin|[of] p2a: Great Tusk
|
|-heal|p2a: Great Tusk|96/100|[from] item: Leftovers
|upkeep
|turn|3
|
|t:|1779890865
|switch|p1a: Alomomola|Alomomola, M|100/100
|move|p2a: Great Tusk|Rapid Spin|p1a: Alomomola
|-damage|p1a: Alomomola|94/100
|-boost|p2a: Great Tusk|spe|1
|
|-heal|p2a: Great Tusk|100/100|[from] item: Leftovers
|upkeep
|turn|4
|
|t:|1779890875
|move|p2a: Great Tusk|Knock Off|p1a: Alomomola
|-damage|p1a: Alomomola|78/100
|-enditem|p1a: Alomomola|Assault Vest|[from] move: Knock Off|[of] p2a: Great Tusk
|move|p1a: Alomomola|Flip Turn|p2a: Great Tusk
|-supereffective|p2a: Great Tusk
|-damage|p2a: Great Tusk|85/100
|
|t:|1779890877
|switch|p1a: Hydrapple|Hydrapple, F|100/100|[from] Flip Turn
|
|-heal|p2a: Great Tusk|92/100|[from] item: Leftovers
|-end|p2a: Great Tusk|move: Taunt
|upkeep
|turn|5
|
|t:|1779890883
|-end|p2a: Great Tusk|Protosynthesis|[silent]
|switch|p2a: Fezandipiti|Fezandipiti, M|100/100
|move|p1a: Hydrapple|Giga Drain|p2a: Fezandipiti
|-resisted|p2a: Fezandipiti
|-damage|p2a: Fezandipiti|91/100
|
|upkeep
|turn|6
|
|t:|1779890889
|switch|p1a: Landorus|Landorus-Therian, M|74/100
|-ability|p1a: Landorus|Intimidate|boost
|-unboost|p2a: Fezandipiti|atk|1
|move|p2a: Fezandipiti|Play Rough|p1a: Landorus
|-damage|p1a: Landorus|52/100
|
|upkeep
|turn|7
|
|t:|1779890895
|switch|p2a: Great Tusk|Great Tusk|92/100
|move|p1a: Landorus|Stealth Rock|p2a: Great Tusk
|-sidestart|p2: sanicnate|move: Stealth Rock
|
|-heal|p2a: Great Tusk|98/100|[from] item: Leftovers
|upkeep
|turn|8
|
|t:|1779890900
|switch|p1a: Hydrapple|Hydrapple, F|100/100
|move|p2a: Great Tusk|Rapid Spin|p1a: Hydrapple
|-damage|p1a: Hydrapple|92/100
|-boost|p2a: Great Tusk|spe|1
|-damage|p2a: Great Tusk|81/100|[from] item: Rocky Helmet|[of] p1a: Hydrapple
|-sideend|p2: sanicnate|Stealth Rock|[from] move: Rapid Spin|[of] p2a: Great Tusk
|
|-heal|p2a: Great Tusk|87/100|[from] item: Leftovers
|upkeep
|turn|9
|
|t:|1779890905
|move|p2a: Great Tusk|Knock Off|p1a: Hydrapple
|-damage|p1a: Hydrapple|77/100
|-damage|p2a: Great Tusk|71/100|[from] item: Rocky Helmet|[of] p1a: Hydrapple
|-enditem|p1a: Hydrapple|Rocky Helmet|[from] move: Knock Off|[of] p2a: Great Tusk
|move|p1a: Hydrapple|Earth Power|p2a: Great Tusk
|-damage|p2a: Great Tusk|37/100
|
|-heal|p2a: Great Tusk|44/100|[from] item: Leftovers
|upkeep
|turn|10
|
|t:|1779890917
|-end|p2a: Great Tusk|Protosynthesis|[silent]
|switch|p2a: Fezandipiti|Fezandipiti, M|91/100
|move|p1a: Hydrapple|Earth Power|p2a: Fezandipiti
|-supereffective|p2a: Fezandipiti
|-damage|p2a: Fezandipiti|59/100
|
|upkeep
|turn|11
|
|t:|1779890923
|switch|p1a: Kingambit|Kingambit, M|100/100
|move|p2a: Fezandipiti|Beat Up|p1a: Kingambit
|-resisted|p1a: Kingambit
|-damage|p1a: Kingambit|99/100
|-resisted|p1a: Kingambit
|-damage|p1a: Kingambit|97/100
|-resisted|p1a: Kingambit
|-damage|p1a: Kingambit|95/100
|-resisted|p1a: Kingambit
|-damage|p1a: Kingambit|93/100
|-resisted|p1a: Kingambit
|-damage|p1a: Kingambit|92/100
|-resisted|p1a: Kingambit
|-damage|p1a: Kingambit|90/100
|-hitcount|p1a: Kingambit|6
|
|-heal|p1a: Kingambit|96/100|[from] item: Leftovers
|upkeep
|turn|12
|
|t:|1779890933
|move|p2a: Fezandipiti|Roost|p2a: Fezandipiti
|-heal|p2a: Fezandipiti|100/100
|-singleturn|p2a: Fezandipiti|move: Roost
|move|p1a: Kingambit|Iron Head|p2a: Fezandipiti
|-supereffective|p2a: Fezandipiti
|-damage|p2a: Fezandipiti|0 fnt
|faint|p2a: Fezandipiti
|
|-heal|p1a: Kingambit|100/100|[from] item: Leftovers
|upkeep
|
|t:|1779890937
|switch|p2a: Rotom|Rotom-Wash|100/100
|turn|13
|
|t:|1779890940
|-end|p1a: Kingambit|fallenundefined|[silent]
|switch|p1a: Hydrapple|Hydrapple, F|100/100
|move|p2a: Rotom|Volt Switch|p1a: Hydrapple
|-resisted|p1a: Hydrapple
|-damage|p1a: Hydrapple|95/100
|
|t:|1779890943
|switch|p2a: Dragapult|Dragapult, M, shiny|100/100|[from] Volt Switch
|
|upkeep
|turn|14
|
|t:|1779890948
|switch|p1a: Kingambit|Kingambit, M|100/100
|move|p2a: Dragapult|Draco Meteor|p1a: Kingambit
|-resisted|p1a: Kingambit
|-damage|p1a: Kingambit|51/100
|-unboost|p2a: Dragapult|spa|2
|
|-heal|p1a: Kingambit|57/100|[from] item: Leftovers
|upkeep
|turn|15
|
|t:|1779890956
|switch|p2a: Rotom|Rotom-Wash|100/100
|move|p1a: Kingambit|Kowtow Cleave|p2a: Rotom
|-damage|p2a: Rotom|64/100
|
|-heal|p2a: Rotom|70/100|[from] item: Leftovers
|-heal|p1a: Kingambit|63/100|[from] item: Leftovers
|upkeep
|turn|16
|
|t:|1779890966
|-end|p1a: Kingambit|fallenundefined|[silent]
|switch|p1a: Hydrapple|Hydrapple, F|100/100
|move|p2a: Rotom|Pain Split|p1a: Hydrapple
|-sethp|p1a: Hydrapple|76/100|[from] move: Pain Split|[silent]
|-sethp|p2a: Rotom|100/100|[from] move: Pain Split
|
|upkeep
|turn|17
|
|t:|1779890970
|move|p2a: Rotom|Volt Switch|p1a: Hydrapple
|-resisted|p1a: Hydrapple
|-damage|p1a: Hydrapple|69/100
|
|t:|1779890974
|switch|p2a: Kingambit|Kingambit, M|100/100|[from] Volt Switch
|-activate|p2a: Kingambit|ability: Supreme Overlord
|-start|p2a: Kingambit|fallen1|[silent]
|move|p1a: Hydrapple|Nasty Plot|p1a: Hydrapple
|-boost|p1a: Hydrapple|spa|2
|
|upkeep
|turn|18
|
|t:|1779890981
|move|p2a: Kingambit|Sucker Punch|p1a: Hydrapple
|-damage|p1a: Hydrapple|45/100
|move|p1a: Hydrapple|Earth Power|p2a: Kingambit
|-supereffective|p2a: Kingambit
|-damage|p2a: Kingambit|0 fnt
|faint|p2a: Kingambit
|-end|p2a: Kingambit|fallen1|[silent]
|
|upkeep
|
|t:|1779890985
|switch|p2a: Dragapult|Dragapult, M, shiny|100/100
|turn|19
|
|t:|1779890988
|-terastallize|p1a: Hydrapple|Fairy
|move|p2a: Dragapult|Draco Meteor|p1a: Hydrapple
|-immune|p1a: Hydrapple
|move|p1a: Hydrapple|Fickle Beam|p2a: Dragapult
|-supereffective|p2a: Dragapult
|-damage|p2a: Dragapult|0 fnt
|faint|p2a: Dragapult
|
|upkeep
|-message|sanicnate forfeited.
|
|win|th3r3d33m3r
|raw|th3r3d33m3r's rating: 1438 &rarr; <strong>1462</strong><br />(+24 for winning)
|raw|sanicnate's rating: 1504 &rarr; <strong>1480</strong><br />(-24 for losing)
|l|☆sanicnate
|player|p2|
|l|☆th3r3d33m3r
|player|p1|
|j|☆th3r3d33m3r
|player|p1|th3r3d33m3r|lady|
|l|☆th3r3d33m3r
|player|p1|
