|j|☆playingtsinschool
|j|☆chrisfeb1992
|t:|1779810062
|gametype|singles
|player|p1|playingtsinschool|youngn|1206
|player|p2|chrisfeb1992|102|1283
|gen|9
|tier|[Gen 9] OU
|rated|
|rule|HP Percentage Mod: HP is shown in percentages
|rule|Endless Battle Clause: Forcing endless battles is banned
|rule|Species Clause: Limit one of each Pokémon
|rule|OHKO Clause: OHKO moves are banned
|rule|Evasion Items Clause: Evasion items are banned
|rule|Evasion Moves Clause: Evasion moves are banned
|rule|Evasion Abilities Clause: Evasion abilities are banned
|rule|Sleep Moves Clause: Sleep-inducing moves are banned
|clearpoke
|poke|p1|Zamazenta-*|
|poke|p1|Weezing-Galar, M|
|poke|p1|Ogerpon-Cornerstone, F|
|poke|p1|Pecharunt|
|poke|p1|Landorus-Therian, M|
|poke|p1|Kingambit, F|
|poke|p2|Ceruledge, F|
|poke|p2|Ribombee, M|
|poke|p2|Ursaluna, F|
|poke|p2|Darkrai|
|poke|p2|Iron Treads|
|poke|p2|Regieleki|
|teampreview
|
|t:|1779810070
|teamsize|p1|6
|teamsize|p2|6
|start
|switch|p1a: Ogerpon|Ogerpon-Cornerstone, F|100/100
|switch|p2a: Ribombee|Ribombee, M|100/100
|turn|1
|
|t:|1779810077
|move|p2a: Ribombee|U-turn|p1a: Ogerpon
|-supereffective|p1a: Ogerpon
|-damage|p1a: Ogerpon|64/100
|
|t:|1779810080
|switch|p2a: Iron Treads|Iron Treads|100/100|[from] U-turn
|-enditem|p2a: Iron Treads|Booster Energy
|-activate|p2a: Iron Treads|ability: Quark Drive|[fromitem]
|-start|p2a: Iron Treads|quarkdrivespe
|move|p1a: Ogerpon|Ivy Cudgel|p2a: Iron Treads|[anim] Ivy Cudgel Rock
|-resisted|p2a: Iron Treads
|-damage|p2a: Iron Treads|88/100
|
|upkeep
|turn|2
|
|t:|1779810091
|switch|p1a: Weezing|Weezing-Galar, M|100/100
|move|p2a: Iron Treads|Earthquake|p1a: Weezing
|-immune|p1a: Weezing|[from] ability: Levitate
|
|upkeep
|turn|3
|
|t:|1779810097
|move|p2a: Iron Treads|Volt Switch|p1a: Weezing
|-damage|p1a: Weezing|87/100
|
|t:|1779810100
|-end|p2a: Iron Treads|Quark Drive|[silent]
|switch|p2a: Ceruledge|Ceruledge, F|100/100|[from] Volt Switch
|move|p1a: Weezing|Will-O-Wisp|p2a: Ceruledge
|-immune|p2a: Ceruledge
|
|-heal|p1a: Weezing|93/100|[from] item: Black Sludge
|upkeep
|turn|4
|
|t:|1779810111
|switch|p1a: Pecharunt|Pecharunt|100/100
|move|p2a: Ceruledge|Swords Dance|p2a: Ceruledge
|-boost|p2a: Ceruledge|atk|2
|
|upkeep
|turn|5
|
|t:|1779810123
|-terastallize|p1a: Pecharunt|Fairy
|move|p2a: Ceruledge|Poltergeist|p1a: Pecharunt
|-activate|p1a: Pecharunt|move: Poltergeist|Heavy-Duty Boots
|-damage|p1a: Pecharunt|42/100
|move|p1a: Pecharunt|Shadow Ball|p2a: Ceruledge
|-supereffective|p2a: Ceruledge
|-damage|p2a: Ceruledge|44/100
|
|upkeep
|turn|6
|
|t:|1779810136
|move|p2a: Ceruledge|Bitter Blade|p1a: Pecharunt
|-damage|p1a: Pecharunt|0 fnt
|-heal|p2a: Ceruledge|67/100|[from] drain|[of] p1a: Pecharunt
|faint|p1a: Pecharunt
|
|upkeep
|
|t:|1779810139
|switch|p1a: Kingambit|Kingambit, F|100/100
|-activate|p1a: Kingambit|ability: Supreme Overlord
|-start|p1a: Kingambit|fallen1|[silent]
|turn|7
|
|t:|1779810149
|switch|p2a: Ursaluna|Ursaluna, F|100/100
|move|p1a: Kingambit|Sucker Punch||[still]
|-fail|p1a: Kingambit
|
|-status|p2a: Ursaluna|brn|[from] item: Flame Orb
|upkeep
|turn|8
|
|t:|1779810157
|-end|p1a: Kingambit|fallen1|[silent]
|switch|p1a: Weezing|Weezing-Galar, M|93/100
|move|p2a: Ursaluna|Swords Dance|p2a: Ursaluna
|-boost|p2a: Ursaluna|atk|2
|
|-heal|p1a: Weezing|99/100|[from] item: Black Sludge
|-damage|p2a: Ursaluna|94/100 brn|[from] brn
|upkeep
|turn|9
|
|t:|1779810166
|move|p2a: Ursaluna|Facade|p1a: Weezing
|-damage|p1a: Weezing|0 fnt
|faint|p1a: Weezing
|
|-damage|p2a: Ursaluna|88/100 brn|[from] brn
|upkeep
|
|t:|1779810171
|switch|p1a: Zamazenta|Zamazenta|100/100
|-ability|p1a: Zamazenta|Dauntless Shield|boost
|-boost|p1a: Zamazenta|def|1
|turn|10
|
|t:|1779810177
|-terastallize|p2a: Ursaluna|Ground
|move|p1a: Zamazenta|Close Combat|p2a: Ursaluna
|-damage|p2a: Ursaluna|29/100 brn
|-unboost|p1a: Zamazenta|def|1
|-unboost|p1a: Zamazenta|spd|1
|move|p2a: Ursaluna|Facade|p1a: Zamazenta
|-damage|p1a: Zamazenta|0 fnt
|faint|p1a: Zamazenta
|
|-damage|p2a: Ursaluna|23/100 brn|[from] brn
|upkeep
|
|t:|1779810182
|switch|p1a: Kingambit|Kingambit, F|100/100
|-activate|p1a: Kingambit|ability: Supreme Overlord
|-start|p1a: Kingambit|fallen3|[silent]
|turn|11
|
|t:|1779810194
|move|p1a: Kingambit|Sucker Punch|p2a: Ursaluna
|-damage|p2a: Ursaluna|0 fnt
|faint|p2a: Ursaluna
|
|upkeep
|
|t:|1779810200
|switch|p2a: Iron Treads|Iron Treads|88/100
|turn|12
|
|t:|1779810204
|-end|p1a: Kingambit|fallen3|[silent]
|switch|p1a: Landorus|Landorus-Therian, M|100/100
|-ability|p1a: Landorus|Intimidate|boost
|-unboost|p2a: Iron Treads|atk|1
|move|p2a: Iron Treads|Earthquake|p1a: Landorus
|-immune|p1a: Landorus
|
|upkeep
|turn|13
|
|t:|1779810213
|move|p2a: Iron Treads|Stealth Rock|p1a: Landorus
|-sidestart|p1: playingtsinschool|move: Stealth Rock
|move|p1a: Landorus|Earthquake|p2a: Iron Treads
|-supereffective|p2a: Iron Treads
|-crit|p2a: Iron Treads
|-damage|p2a: Iron Treads|0 fnt
|faint|p2a: Iron Treads
|-end|p2a: Iron Treads|Quark Drive|[silent]
|
|upkeep
|
|t:|1779810220
|switch|p2a: Darkrai|Darkrai|100/100
|turn|14
|
|t:|1779810224
|move|p2a: Darkrai|Ice Beam|p1a: Landorus
|-supereffective|p1a: Landorus
|-damage|p1a: Landorus|0 fnt
|faint|p1a: Landorus
|
|upkeep
|
|t:|1779810229
|switch|p1a: Kingambit|Kingambit, F|100/100
|-damage|p1a: Kingambit|94/100|[from] Stealth Rock
|-activate|p1a: Kingambit|ability: Supreme Overlord
|-start|p1a: Kingambit|fallen4|[silent]
|turn|15
|
|t:|1779810235
|move|p2a: Darkrai|Ice Beam|p1a: Kingambit
|-resisted|p1a: Kingambit
|-damage|p1a: Kingambit|77/100
|move|p1a: Kingambit|Swords Dance|p1a: Kingambit
|-boost|p1a: Kingambit|atk|2
|
|-heal|p1a: Kingambit|83/100|[from] item: Leftovers
|upkeep
|turn|16
|
|t:|1779810246
|switch|p2a: Ceruledge|Ceruledge, F|67/100
|move|p1a: Kingambit|Iron Head|p2a: Ceruledge
|-resisted|p2a: Ceruledge
|-damage|p2a: Ceruledge|0 fnt
|faint|p2a: Ceruledge
|
|-heal|p1a: Kingambit|89/100|[from] item: Leftovers
|upkeep
|
|t:|1779810256
|switch|p2a: Darkrai|Darkrai|100/100
|turn|17
|
|t:|1779810280
|move|p2a: Darkrai|Trick|p1a: Kingambit
|-activate|p2a: Darkrai|move: Trick|[of] p1a: Kingambit
|-item|p1a: Kingambit|Choice Scarf|[from] move: Trick
|-item|p2a: Darkrai|Leftovers|[from] move: Trick
|move|p1a: Kingambit|Iron Head|p2a: Darkrai
|-damage|p2a: Darkrai|0 fnt
|faint|p2a: Darkrai
|
|upkeep
|
|t:|1779810289
|switch|p2a: Regieleki|Regieleki|100/100
|turn|18
|
|t:|1779810294
|move|p2a: Regieleki|Thunderbolt|p1a: Kingambit
|-damage|p1a: Kingambit|0 fnt
|faint|p1a: Kingambit
|-end|p1a: Kingambit|fallen4|[silent]
|
|upkeep
|
|t:|1779810297
|switch|p1a: Ogerpon|Ogerpon-Cornerstone, F|64/100
|-damage|p1a: Ogerpon|52/100|[from] Stealth Rock
|turn|19
|
|t:|1779810302
|move|p2a: Regieleki|Thunderbolt|p1a: Ogerpon
|-resisted|p1a: Ogerpon
|-damage|p1a: Ogerpon|6/100
|move|p1a: Ogerpon|Ivy Cudgel|p2a: Regieleki|[anim] Ivy Cudgel Rock
|-damage|p2a: Regieleki|0 fnt
|faint|p2a: Regieleki
|
|upkeep
|
|t:|1779810310
|switch|p2a: Ribombee|Ribombee, M|100/100
|turn|20
|
|t:|1779810313
|move|p2a: Ribombee|Moonblast|p1a: Ogerpon
|-damage|p1a: Ogerpon|0 fnt
|faint|p1a: Ogerpon
|
|win|chrisfeb1992
|raw|playingtsinschool's rating: 1206 &rarr; <strong>1186</strong><br />(-20 for losing)
|raw|chrisfeb1992's rating: 1283 &rarr; <strong>1303</strong><br />(+20 for winning)
|l|☆playingtsinschool
|player|p1|
