|j|☆crepitansalt
|j|☆Acastillo631
|t:|1779816851
|gametype|singles
|player|p1|crepitansalt|aetherfoundation2|1554
|player|p2|Acastillo631|silver|1547
|gen|9
|tier|[Gen 9] OU
|rated|
|rule|HP Percentage Mod: HP is shown in percentages
|rule|Endless Battle Clause: Forcing endless battles is banned
|rule|Species Clause: Limit one of each Pokémon
|rule|OHKO Clause: OHKO moves are banned
|rule|Evasion Items Clause: Evasion items are banned
|rule|Evasion Moves Clause: Evasion moves are banned
|rule|Evasion Abilities Clause: Evasion abilities are banned
|rule|Sleep Moves Clause: Sleep-inducing moves are banned
|clearpoke
|poke|p1|Weezing-Galar, M|
|poke|p1|Gliscor, F|
|poke|p1|Dondozo, F|
|poke|p1|Tyranitar, M|
|poke|p1|Corviknight, M|
|poke|p1|Dragapult, M|
|poke|p2|Iron Valiant|
|poke|p2|Sinistcha|
|poke|p2|Tyranitar, M|
|poke|p2|Klefki, F|
|poke|p2|Swampert, M|
|poke|p2|Talonflame, F|
|teampreview
|
|t:|1779816865
|teamsize|p1|6
|teamsize|p2|6
|start
|switch|p1a: mfw i tera normal|Gliscor, F|100/100
|switch|p2a: Duff Mcwhalen|Swampert, M|100/100
|turn|1
|
|t:|1779816868
|move|p1a: mfw i tera normal|Protect|p1a: mfw i tera normal
|-singleturn|p1a: mfw i tera normal|Protect
|move|p2a: Duff Mcwhalen|Stealth Rock|p1a: mfw i tera normal
|-sidestart|p1: crepitansalt|move: Stealth Rock
|
|-status|p1a: mfw i tera normal|tox|[from] item: Toxic Orb
|upkeep
|turn|2
|
|t:|1779816871
|switch|p1a: idefpressidefpress|Corviknight, M|100/100
|-damage|p1a: idefpressidefpress|88/100|[from] Stealth Rock
|-ability|p1a: idefpressidefpress|Pressure
|move|p2a: Duff Mcwhalen|Flip Turn|p1a: idefpressidefpress
|-damage|p1a: idefpressidefpress|74/100
|-damage|p2a: Duff Mcwhalen|84/100|[from] item: Rocky Helmet|[of] p1a: idefpressidefpress
|
|t:|1779816878
|switch|p2a: Wire Sponge|Sinistcha|100/100|[from] Flip Turn
|
|upkeep
|turn|3
|
|t:|1779816882
|move|p2a: Wire Sponge|Calm Mind|p2a: Wire Sponge
|-boost|p2a: Wire Sponge|spa|1
|-boost|p2a: Wire Sponge|spd|1
|move|p1a: idefpressidefpress|Brave Bird|p2a: Wire Sponge
|-supereffective|p2a: Wire Sponge
|-damage|p2a: Wire Sponge|43/100
|-damage|p1a: idefpressidefpress|58/100|[from] Recoil
|
|upkeep
|turn|4
|
|t:|1779816885
|move|p2a: Wire Sponge|Strength Sap|p1a: idefpressidefpress
|-unboost|p1a: idefpressidefpress|atk|1
|-heal|p2a: Wire Sponge|100/100
|move|p1a: idefpressidefpress|Roost|p1a: idefpressidefpress
|-heal|p1a: idefpressidefpress|100/100
|-singleturn|p1a: idefpressidefpress|move: Roost
|
|upkeep
|turn|5
|
|t:|1779816887
|move|p2a: Wire Sponge|Shadow Ball|p1a: idefpressidefpress
|-damage|p1a: idefpressidefpress|51/100
|-unboost|p1a: idefpressidefpress|spd|1
|move|p1a: idefpressidefpress|Defog|p2a: Wire Sponge
|-unboost|p2a: Wire Sponge|evasion|1
|-sideend|p1: crepitansalt|Stealth Rock|[from] move: Defog|[of] p1a: idefpressidefpress
|
|upkeep
|turn|6
|inactive|Battle timer is ON: inactive players will automatically lose when time's up. (requested by crepitansalt)
|
|t:|1779816894
|switch|p1a: not banded|Tyranitar, M|100/100
|-weather|Sandstorm|[from] ability: Sand Stream|[of] p1a: not banded
|move|p2a: Wire Sponge|Matcha Gotcha|p1a: not banded
|-supereffective|p1a: not banded
|-damage|p1a: not banded|72/100
|
|-weather|Sandstorm|[upkeep]
|-damage|p2a: Wire Sponge|94/100|[from] Sandstorm
|upkeep
|turn|7
|
|t:|1779816902
|switch|p2a: Redips|Klefki, F|100/100
|move|p1a: not banded|Knock Off|p2a: Redips
|-resisted|p2a: Redips
|-damage|p2a: Redips|83/100
|-damage|p1a: not banded|56/100|[from] item: Rocky Helmet|[of] p2a: Redips
|-enditem|p2a: Redips|Rocky Helmet|[from] move: Knock Off|[of] p1a: not banded
|
|-weather|Sandstorm|[upkeep]
|upkeep
|turn|8
|
|t:|1779816910
|switch|p2a: Duff Mcwhalen|Swampert, M|84/100
|switch|p1a: mfw i tera normal|Gliscor, F|100/100 tox
|
|-weather|Sandstorm|[upkeep]
|-heal|p2a: Duff Mcwhalen|90/100|[from] item: Leftovers
|upkeep
|turn|9
|
|t:|1779816912
|move|p1a: mfw i tera normal|Toxic|p2a: Duff Mcwhalen
|-status|p2a: Duff Mcwhalen|tox
|move|p2a: Duff Mcwhalen|Flip Turn|p1a: mfw i tera normal
|-supereffective|p1a: mfw i tera normal
|-damage|p1a: mfw i tera normal|62/100 tox
|
|t:|1779816917
|switch|p2a: Eregion|Tyranitar, M|100/100|[from] Flip Turn
|
|-weather|Sandstorm|[upkeep]
|-heal|p1a: mfw i tera normal|74/100 tox|[from] ability: Poison Heal
|upkeep
|turn|10
|
|t:|1779816920
|move|p1a: mfw i tera normal|Protect|p1a: mfw i tera normal
|-singleturn|p1a: mfw i tera normal|Protect
|move|p2a: Eregion|Knock Off|p1a: mfw i tera normal
|-activate|p1a: mfw i tera normal|move: Protect
|
|-weather|none
|-heal|p1a: mfw i tera normal|86/100 tox|[from] ability: Poison Heal
|upkeep
|turn|11
|c|☆crepitansalt|is that a banded tar
|
|t:|1779816948
|switch|p1a: idefpressidefpress|Corviknight, M|51/100
|-ability|p1a: idefpressidefpress|Pressure
|move|p2a: Eregion|Ice Beam|p1a: idefpressidefpress
|-damage|p1a: idefpressidefpress|30/100
|
|upkeep
|turn|12
|c|☆crepitansalt|guess not
|
|t:|1779816958
|switch|p2a: Wire Sponge|Sinistcha|94/100
|move|p1a: idefpressidefpress|Roost|p1a: idefpressidefpress
|-heal|p1a: idefpressidefpress|80/100
|-singleturn|p1a: idefpressidefpress|move: Roost
|
|upkeep
|turn|13
|
|t:|1779816967
|move|p2a: Wire Sponge|Shadow Ball|p1a: idefpressidefpress
|-damage|p1a: idefpressidefpress|47/100
|move|p1a: idefpressidefpress|U-turn|p2a: Wire Sponge
|-damage|p2a: Wire Sponge|83/100
|
|t:|1779816973
|switch|p1a: mfw i tera normal|Gliscor, F|86/100 tox|[from] U-turn
|
|-heal|p1a: mfw i tera normal|99/100 tox|[from] ability: Poison Heal
|upkeep
|turn|14
|
|t:|1779816986
|switch|p2a: Duff Mcwhalen|Swampert, M|90/100 tox
|move|p1a: mfw i tera normal|Toxic|p2a: Duff Mcwhalen
|-fail|p2a: Duff Mcwhalen|tox
|
|-heal|p2a: Duff Mcwhalen|96/100 tox|[from] item: Leftovers
|-heal|p1a: mfw i tera normal|100/100 tox|[from] ability: Poison Heal
|-damage|p2a: Duff Mcwhalen|90/100 tox|[from] psn
|upkeep
|turn|15
|
|t:|1779816990
|move|p1a: mfw i tera normal|Spikes|p2a: Duff Mcwhalen
|-sidestart|p2: Acastillo631|Spikes
|move|p2a: Duff Mcwhalen|Stealth Rock|p1a: mfw i tera normal
|-sidestart|p1: crepitansalt|move: Stealth Rock
|
|-heal|p2a: Duff Mcwhalen|96/100 tox|[from] item: Leftovers
|-damage|p2a: Duff Mcwhalen|84/100 tox|[from] psn
|upkeep
|turn|16
|
|t:|1779816997
|move|p1a: mfw i tera normal|Protect|p1a: mfw i tera normal
|-singleturn|p1a: mfw i tera normal|Protect
|move|p2a: Duff Mcwhalen|Flip Turn|p1a: mfw i tera normal
|-activate|p1a: mfw i tera normal|move: Protect
|
|-heal|p2a: Duff Mcwhalen|90/100 tox|[from] item: Leftovers
|-damage|p2a: Duff Mcwhalen|72/100 tox|[from] psn
|upkeep
|turn|17
|
|t:|1779817001
|move|p1a: mfw i tera normal|Spikes|p2a: Duff Mcwhalen
|-sidestart|p2: Acastillo631|Spikes
|move|p2a: Duff Mcwhalen|Flip Turn|p1a: mfw i tera normal
|-supereffective|p1a: mfw i tera normal
|-damage|p1a: mfw i tera normal|67/100 tox
|
|t:|1779817019
|switch|p2a: Sage Harpuia|Iron Valiant|100/100|[from] Flip Turn
|-damage|p2a: Sage Harpuia|84/100|[from] Spikes
|-enditem|p2a: Sage Harpuia|Booster Energy
|-activate|p2a: Sage Harpuia|ability: Quark Drive|[fromitem]
|-start|p2a: Sage Harpuia|quarkdrivespe
|
|-heal|p1a: mfw i tera normal|79/100 tox|[from] ability: Poison Heal
|upkeep
|turn|18
|
|t:|1779817022
|move|p2a: Sage Harpuia|Moonblast|p1a: mfw i tera normal
|-damage|p1a: mfw i tera normal|38/100 tox
|move|p1a: mfw i tera normal|Toxic|p2a: Sage Harpuia
|-status|p2a: Sage Harpuia|tox
|
|-damage|p2a: Sage Harpuia|78/100 tox|[from] psn
|-heal|p1a: mfw i tera normal|50/100 tox|[from] ability: Poison Heal
|upkeep
|turn|19
|
|t:|1779817028
|-end|p2a: Sage Harpuia|Quark Drive|[silent]
|switch|p2a: Eregion|Tyranitar, M|100/100
|-damage|p2a: Eregion|84/100|[from] Spikes
|-weather|Sandstorm|[from] ability: Sand Stream|[of] p2a: Eregion
|move|p1a: mfw i tera normal|Protect||[still]
|-fail|p1a: mfw i tera normal
|
|-weather|Sandstorm|[upkeep]
|-heal|p2a: Eregion|90/100|[from] item: Leftovers
|-heal|p1a: mfw i tera normal|62/100 tox|[from] ability: Poison Heal
|upkeep
|turn|20
|
|t:|1779817031
|move|p1a: mfw i tera normal|Protect|p1a: mfw i tera normal
|-singleturn|p1a: mfw i tera normal|Protect
|move|p2a: Eregion|Roar|p1a: mfw i tera normal
|drag|p1a: not banded|Tyranitar, M|56/100
|-damage|p1a: not banded|43/100|[from] Stealth Rock
|
|-weather|Sandstorm|[upkeep]
|-heal|p2a: Eregion|96/100|[from] item: Leftovers
|upkeep
|turn|21
|
|t:|1779817040
|switch|p1a: get gweezered|Weezing-Galar, M|100/100
|-ability|p1a: get gweezered|Neutralizing Gas
|move|p2a: Eregion|Roar|p1a: get gweezered
|-end|p1a: get gweezered|ability: Neutralizing Gas
|drag|p1a: not banded|Tyranitar, M|43/100
|-damage|p1a: not banded|31/100|[from] Stealth Rock
|
|-weather|Sandstorm|[upkeep]
|-heal|p2a: Eregion|100/100|[from] item: Leftovers
|upkeep
|turn|22
|
|t:|1779817049
|switch|p1a: get gweezered|Weezing-Galar, M|100/100
|-ability|p1a: get gweezered|Neutralizing Gas
|move|p2a: Eregion|Knock Off|p1a: get gweezered
|-resisted|p1a: get gweezered
|-damage|p1a: get gweezered|86/100
|-enditem|p1a: get gweezered|Heavy-Duty Boots|[from] move: Knock Off|[of] p2a: Eregion
|
|-weather|Sandstorm|[upkeep]
|-damage|p1a: get gweezered|80/100|[from] Sandstorm
|upkeep
|turn|23
|
|t:|1779817065
|move|p1a: get gweezered|Will-O-Wisp|p2a: Eregion
|-status|p2a: Eregion|brn
|move|p2a: Eregion|Ice Beam|p1a: get gweezered
|-damage|p1a: get gweezered|55/100
|
|-weather|none
|-damage|p2a: Eregion|94/100 brn|[from] brn
|upkeep
|turn|24
|
|t:|1779817071
|move|p1a: get gweezered|Pain Split|p2a: Eregion
|-sethp|p2a: Eregion|70/100 brn|[from] move: Pain Split|[silent]
|-sethp|p1a: get gweezered|84/100|[from] move: Pain Split
|move|p2a: Eregion|Ice Beam|p1a: get gweezered
|-damage|p1a: get gweezered|59/100
|
|-heal|p2a: Eregion|76/100 brn|[from] item: Leftovers
|-damage|p2a: Eregion|70/100 brn|[from] brn
|upkeep
|turn|25
|
|t:|1779817079
|move|p1a: get gweezered|Defog|p2a: Eregion
|-unboost|p2a: Eregion|evasion|1
|-sideend|p2: Acastillo631|Spikes|[from] move: Defog|[of] p1a: get gweezered
|-sideend|p1: crepitansalt|Stealth Rock|[from] move: Defog|[of] p1a: get gweezered
|move|p2a: Eregion|Ice Beam|p1a: get gweezered
|-damage|p1a: get gweezered|31/100
|
|-heal|p2a: Eregion|76/100 brn|[from] item: Leftovers
|-damage|p2a: Eregion|70/100 brn|[from] brn
|upkeep
|turn|26
|
|t:|1779817095
|switch|p2a: Sage Harpuia|Iron Valiant|78/100 tox
|move|p1a: get gweezered|Pain Split|p2a: Sage Harpuia
|-sethp|p2a: Sage Harpuia|57/100 tox|[from] move: Pain Split|[silent]
|-sethp|p1a: get gweezered|49/100|[from] move: Pain Split
|
|-damage|p2a: Sage Harpuia|50/100 tox|[from] psn
|upkeep
|turn|27
|
|t:|1779817102
|-end|p2a: Sage Harpuia|Quark Drive|[silent]
|switch|p2a: Wire Sponge|Sinistcha|83/100
|-end|p1a: get gweezered|ability: Neutralizing Gas
|switch|p1a: mfw i tera normal|Gliscor, F|62/100 tox
|
|-heal|p1a: mfw i tera normal|75/100 tox|[from] ability: Poison Heal
|upkeep
|turn|28
|
|t:|1779817123
|-terastallize|p2a: Wire Sponge|Poison
|move|p1a: mfw i tera normal|Toxic|p2a: Wire Sponge
|-immune|p2a: Wire Sponge
|move|p2a: Wire Sponge|Strength Sap|p1a: mfw i tera normal
|-unboost|p1a: mfw i tera normal|atk|1
|-heal|p2a: Wire Sponge|100/100
|
|-heal|p1a: mfw i tera normal|87/100 tox|[from] ability: Poison Heal
|upkeep
|turn|29
|
|t:|1779817127
|move|p1a: mfw i tera normal|Earthquake|p2a: Wire Sponge
|-supereffective|p2a: Wire Sponge
|-damage|p2a: Wire Sponge|69/100
|move|p2a: Wire Sponge|Calm Mind|p2a: Wire Sponge
|-boost|p2a: Wire Sponge|spa|1
|-boost|p2a: Wire Sponge|spd|1
|
|-heal|p1a: mfw i tera normal|99/100 tox|[from] ability: Poison Heal
|upkeep
|turn|30
|
|t:|1779817132
|switch|p1a: get gweezered|Weezing-Galar, M|49/100
|-ability|p1a: get gweezered|Neutralizing Gas
|move|p2a: Wire Sponge|Matcha Gotcha|p1a: get gweezered
|-resisted|p1a: get gweezered
|-damage|p1a: get gweezered|18/100
|-heal|p2a: Wire Sponge|84/100|[from] drain|[of] p1a: get gweezered
|
|upkeep
|turn|31
|
|t:|1779817134
|move|p2a: Wire Sponge|Shadow Ball|p1a: get gweezered
|-damage|p1a: get gweezered|0 fnt
|faint|p1a: get gweezered
|-end|p1a: get gweezered|ability: Neutralizing Gas
|
|upkeep
|
|t:|1779817137
|switch|p1a: not specs|Dragapult, M|100/100
|turn|32
|l|☆Acastillo631
|inactive|Acastillo631 disconnected and has a minute to reconnect!
|player|p2|
|c|☆crepitansalt|💔
|j|☆Acastillo631
|inactive|Acastillo631 reconnected and has 115 seconds left.
|player|p2|Acastillo631|silver|
|
|t:|1779817180
|move|p1a: not specs|U-turn|p2a: Wire Sponge
|-resisted|p2a: Wire Sponge
|-damage|p2a: Wire Sponge|77/100
|
|t:|1779817192
|switch|p1a: not banded|Tyranitar, M|31/100|[from] U-turn
|-weather|Sandstorm|[from] ability: Sand Stream|[of] p1a: not banded
|move|p2a: Wire Sponge|Shadow Ball|p1a: not banded
|-resisted|p1a: not banded
|-damage|p1a: not banded|24/100
|
|-weather|Sandstorm|[upkeep]
|-damage|p2a: Wire Sponge|71/100|[from] Sandstorm
|upkeep
|turn|33
|
|t:|1779817195
|move|p2a: Wire Sponge|Strength Sap|p1a: not banded
|-unboost|p1a: not banded|atk|1
|-heal|p2a: Wire Sponge|100/100
|move|p1a: not banded|Knock Off|p2a: Wire Sponge
|-crit|p2a: Wire Sponge
|-damage|p2a: Wire Sponge|47/100
|-enditem|p2a: Wire Sponge|Heavy-Duty Boots|[from] move: Knock Off|[of] p1a: not banded
|
|-weather|Sandstorm|[upkeep]
|-damage|p2a: Wire Sponge|41/100|[from] Sandstorm
|upkeep
|turn|34
|
|t:|1779817207
|move|p2a: Wire Sponge|Strength Sap|p1a: not banded
|-unboost|p1a: not banded|atk|1
|-heal|p2a: Wire Sponge|100/100
|move|p1a: not banded|Ice Beam|p2a: Wire Sponge
|-damage|p2a: Wire Sponge|86/100
|
|-weather|Sandstorm|[upkeep]
|-damage|p2a: Wire Sponge|80/100|[from] Sandstorm
|upkeep
|turn|35
|
|t:|1779817209
|move|p2a: Wire Sponge|Matcha Gotcha|p1a: not banded
|-supereffective|p1a: not banded
|-damage|p1a: not banded|0 fnt
|-heal|p2a: Wire Sponge|93/100|[from] drain|[of] p1a: not banded
|faint|p1a: not banded
|
|-weather|Sandstorm|[upkeep]
|-damage|p2a: Wire Sponge|87/100|[from] Sandstorm
|upkeep
|
|t:|1779817216
|switch|p1a: no special?|Dondozo, F|100/100
|turn|36
|
|t:|1779817217
|-terastallize|p1a: no special?|Dragon
|move|p2a: Wire Sponge|Matcha Gotcha|p1a: no special?|[miss]
|-miss|p2a: Wire Sponge|p1a: no special?
|move|p1a: no special?|Curse|p1a: no special?
|-unboost|p1a: no special?|spe|1
|-boost|p1a: no special?|atk|1
|-boost|p1a: no special?|def|1
|
|-weather|none
|upkeep
|turn|37
|
|t:|1779817225
|move|p2a: Wire Sponge|Matcha Gotcha|p1a: no special?
|-resisted|p1a: no special?
|-damage|p1a: no special?|84/100
|-heal|p2a: Wire Sponge|99/100|[from] drain|[of] p1a: no special?
|-status|p1a: no special?|brn
|move|p1a: no special?|Wave Crash|p2a: Wire Sponge
|-damage|p2a: Wire Sponge|76/100
|-damage|p1a: no special?|79/100 brn|[from] Recoil
|
|-damage|p1a: no special?|73/100 brn|[from] brn
|upkeep
|turn|38
|
|t:|1779817233
|move|p2a: Wire Sponge|Shadow Ball|p1a: no special?
|-damage|p1a: no special?|43/100 brn
|-unboost|p1a: no special?|spd|1
|move|p1a: no special?|Wave Crash|p2a: Wire Sponge
|-damage|p2a: Wire Sponge|53/100
|-damage|p1a: no special?|38/100 brn|[from] Recoil
|
|-damage|p1a: no special?|32/100 brn|[from] brn
|upkeep
|turn|39
|
|t:|1779817238
|move|p2a: Wire Sponge|Shadow Ball|p1a: no special?
|-damage|p1a: no special?|0 fnt
|faint|p1a: no special?
|
|upkeep
|c|☆crepitansalt|💔
|c|☆crepitansalt|gg
|-message|crepitansalt forfeited.
|
|win|Acastillo631
|raw|crepitansalt's rating: 1554 &rarr; <strong>1534</strong><br />(-20 for losing)
|raw|Acastillo631's rating: 1547 &rarr; <strong>1567</strong><br />(+20 for winning)
|l|☆crepitansalt
|player|p1|
|l|☆Acastillo631
|player|p2|
