|j|☆Penguinxdd
|j|☆spreadcrosser
|t:|1779940181
|gametype|singles
|player|p1|Penguinxdd|veteran|1391
|player|p2|spreadcrosser|169|1373
|gen|9
|tier|[Gen 9] OU
|rated|
|rule|HP Percentage Mod: HP is shown in percentages
|rule|Endless Battle Clause: Forcing endless battles is banned
|rule|Species Clause: Limit one of each Pokémon
|rule|OHKO Clause: OHKO moves are banned
|rule|Evasion Items Clause: Evasion items are banned
|rule|Evasion Moves Clause: Evasion moves are banned
|rule|Evasion Abilities Clause: Evasion abilities are banned
|rule|Sleep Moves Clause: Sleep-inducing moves are banned
|clearpoke
|poke|p1|Hatterene, F|
|poke|p1|Iron Treads|
|poke|p1|Volcanion|
|poke|p1|Gholdengo|
|poke|p1|Darkrai|
|poke|p1|Garchomp, F|
|poke|p2|Iron Hands|
|poke|p2|Greninja-*, M|
|poke|p2|Cinderace, F|
|poke|p2|Zapdos|
|poke|p2|Iron Moth|
|poke|p2|Great Tusk|
|teampreview
|inactive|Battle timer is ON: inactive players will automatically lose when time's up. (requested by Penguinxdd)
|
|t:|1779940191
|teamsize|p1|6
|teamsize|p2|6
|start
|switch|p1a: Magic Bounson|Hatterene, F|100/100
|switch|p2a: Iron Moth|Iron Moth|100/100
|-enditem|p2a: Iron Moth|Booster Energy
|-activate|p2a: Iron Moth|ability: Quark Drive|[fromitem]
|-start|p2a: Iron Moth|quarkdrivespe
|turn|1
|
|t:|1779940198
|switch|p1a: Garchomp|Garchomp, F|100/100
|move|p2a: Iron Moth|Fiery Dance|p1a: Garchomp
|-resisted|p1a: Garchomp
|-damage|p1a: Garchomp|79/100
|
|upkeep
|turn|2
|
|t:|1779940212
|switch|p1a: Volcanion|Volcanion|100/100
|-terastallize|p2a: Iron Moth|Grass
|move|p2a: Iron Moth|Energy Ball|p1a: Volcanion
|-damage|p1a: Volcanion|49/100
|
|upkeep
|turn|3
|
|t:|1779940240
|switch|p1a: Garchomp|Garchomp, F|79/100
|move|p2a: Iron Moth|Energy Ball|p1a: Garchomp
|-damage|p1a: Garchomp|30/100
|
|upkeep
|turn|4
|
|t:|1779940252
|move|p2a: Iron Moth|Energy Ball|p1a: Garchomp
|-damage|p1a: Garchomp|0 fnt
|faint|p1a: Garchomp
|
|upkeep
|inactive|Penguinxdd has 120 seconds left.
|inactive|Penguinxdd has 90 seconds left.
|inactive|Penguinxdd has 60 seconds left.
|
|t:|1779940332
|switch|p1a: Lebron Rains|Gholdengo|100/100
|turn|5
|
|t:|1779940335
|move|p2a: Iron Moth|Fiery Dance|p1a: Lebron Rains
|-supereffective|p1a: Lebron Rains
|-damage|p1a: Lebron Rains|15/100
|move|p1a: Lebron Rains|Make It Rain|p2a: Iron Moth
|-damage|p2a: Iron Moth|32/100
|-unboost|p1a: Lebron Rains|spa|1
|
|upkeep
|turn|6
|
|t:|1779940341
|move|p2a: Iron Moth|Fiery Dance|p1a: Lebron Rains
|-supereffective|p1a: Lebron Rains
|-damage|p1a: Lebron Rains|0 fnt
|faint|p1a: Lebron Rains
|
|upkeep
|
|t:|1779940342
|switch|p1a: Darkrai|Darkrai|100/100
|turn|7
|inactive|Penguinxdd has 90 seconds left.
|
|t:|1779940347
|move|p1a: Darkrai|Dark Pulse|p2a: Iron Moth
|-damage|p2a: Iron Moth|0 fnt
|faint|p2a: Iron Moth
|-end|p2a: Iron Moth|Quark Drive|[silent]
|
|upkeep
|
|t:|1779940353
|switch|p2a: Iron Hands|Iron Hands|100/100
|-enditem|p2a: Iron Hands|Booster Energy
|-activate|p2a: Iron Hands|ability: Quark Drive|[fromitem]
|-start|p2a: Iron Hands|quarkdriveatk
|turn|8
|
|t:|1779940354
|switch|p1a: Iron Treads|Iron Treads|100/100
|-item|p1a: Iron Treads|Air Balloon
|move|p2a: Iron Hands|Swords Dance|p2a: Iron Hands
|-boost|p2a: Iron Hands|atk|2
|
|upkeep
|turn|9
|
|t:|1779940359
|move|p1a: Iron Treads|Ice Spinner|p2a: Iron Hands
|-damage|p2a: Iron Hands|83/100
|move|p2a: Iron Hands|Ice Punch|p1a: Iron Treads
|-damage|p1a: Iron Treads|28/100
|-enditem|p1a: Iron Treads|Air Balloon
|
|upkeep
|turn|10
|
|t:|1779940364
|move|p1a: Iron Treads|Earthquake|p2a: Iron Hands
|-supereffective|p2a: Iron Hands
|-damage|p2a: Iron Hands|25/100
|move|p2a: Iron Hands|Earthquake|p1a: Iron Treads
|-supereffective|p1a: Iron Treads
|-damage|p1a: Iron Treads|0 fnt
|faint|p1a: Iron Treads
|-end|p1a: Iron Treads|Quark Drive|[silent]
|
|upkeep
|
|t:|1779940366
|switch|p1a: Magic Bounson|Hatterene, F|100/100
|turn|11
|
|t:|1779940368
|move|p2a: Iron Hands|Supercell Slam|p1a: Magic Bounson
|-damage|p1a: Magic Bounson|0 fnt
|-damage|p2a: Iron Hands|9/100|[from] item: Rocky Helmet|[of] p1a: Magic Bounson
|faint|p1a: Magic Bounson
|
|upkeep
|
|t:|1779940370
|switch|p1a: Darkrai|Darkrai|100/100
|turn|12
|
|t:|1779940373
|-end|p2a: Iron Hands|Quark Drive|[silent]
|switch|p2a: Great Tusk|Great Tusk|100/100
|move|p1a: Darkrai|Dark Pulse|p2a: Great Tusk
|-resisted|p2a: Great Tusk
|-damage|p2a: Great Tusk|82/100
|
|upkeep
|turn|13
|-message|Penguinxdd forfeited.
|
|win|spreadcrosser
|raw|Penguinxdd's rating: 1375 &rarr; <strong>1355</strong><br />(-20 for losing)
|raw|spreadcrosser's rating: 1373 &rarr; <strong>1393</strong><br />(+20 for winning)
|l|☆Penguinxdd
|player|p1|
