|j|☆Frozmo
|j|☆askkw
|t:|1779889061
|gametype|singles
|player|p1|Frozmo|dawn|1282
|player|p2|askkw|101|1321
|gen|9
|tier|[Gen 9] OU
|rated|
|rule|HP Percentage Mod: HP is shown in percentages
|rule|Endless Battle Clause: Forcing endless battles is banned
|rule|Species Clause: Limit one of each Pokémon
|rule|OHKO Clause: OHKO moves are banned
|rule|Evasion Items Clause: Evasion items are banned
|rule|Evasion Moves Clause: Evasion moves are banned
|rule|Evasion Abilities Clause: Evasion abilities are banned
|rule|Sleep Moves Clause: Sleep-inducing moves are banned
|clearpoke
|poke|p1|Cloyster, M|
|poke|p1|Ninetales-Alola, F|
|poke|p1|Polteageist|
|poke|p1|Ogerpon-Wellspring, F|
|poke|p1|Iron Treads|
|poke|p1|Dragonite, M|
|poke|p2|Lilligant, F|
|poke|p2|Ninetales, F|
|poke|p2|Great Tusk|
|poke|p2|Walking Wake|
|poke|p2|Kingambit, M|
|poke|p2|Hatterene, F|
|teampreview
|inactive|Battle timer is ON: inactive players will automatically lose when time's up. (requested by Frozmo)
|
|t:|1779889068
|teamsize|p1|6
|teamsize|p2|6
|start
|switch|p1a: Cloyster|Cloyster, M|100/100
|switch|p2a: Ninetales|Ninetales, F, shiny|100/100
|-weather|SunnyDay|[from] ability: Drought|[of] p2a: Ninetales
|turn|1
|
|t:|1779889074
|move|p2a: Ninetales|Will-O-Wisp|p1a: Cloyster
|-status|p1a: Cloyster|brn
|move|p1a: Cloyster|Shell Smash|p1a: Cloyster
|-unboost|p1a: Cloyster|def|1
|-unboost|p1a: Cloyster|spd|1
|-boost|p1a: Cloyster|atk|2
|-boost|p1a: Cloyster|spa|2
|-boost|p1a: Cloyster|spe|2
|
|-weather|SunnyDay|[upkeep]
|-damage|p1a: Cloyster|94/100 brn|[from] brn
|upkeep
|turn|2
|
|t:|1779889093
|switch|p2a: Hatterene|Hatterene, F|100/100
|move|p1a: Cloyster|Shell Smash|p1a: Cloyster
|-unboost|p1a: Cloyster|def|1
|-unboost|p1a: Cloyster|spd|1
|-boost|p1a: Cloyster|atk|2
|-boost|p1a: Cloyster|spa|2
|-boost|p1a: Cloyster|spe|2
|
|-weather|SunnyDay|[upkeep]
|-damage|p1a: Cloyster|88/100 brn|[from] brn
|upkeep
|turn|3
|
|t:|1779889101
|-terastallize|p1a: Cloyster|Ice
|move|p1a: Cloyster|Icicle Spear|p2a: Hatterene
|-damage|p2a: Hatterene|76/100
|-damage|p2a: Hatterene|54/100
|-damage|p2a: Hatterene|31/100
|-damage|p2a: Hatterene|10/100
|-crit|p2a: Hatterene
|-damage|p2a: Hatterene|0 fnt
|faint|p2a: Hatterene
|-hitcount|p2: Hatterene|5
|
|-weather|SunnyDay|[upkeep]
|-damage|p1a: Cloyster|82/100 brn|[from] brn
|upkeep
|
|t:|1779889108
|switch|p2a: Lilligant|Lilligant, F|100/100
|turn|4
|
|t:|1779889114
|-terastallize|p2a: Lilligant|Fire
|move|p1a: Cloyster|Icicle Spear|p2a: Lilligant
|-resisted|p2a: Lilligant
|-damage|p2a: Lilligant|79/100
|-resisted|p2a: Lilligant
|-damage|p2a: Lilligant|57/100
|-resisted|p2a: Lilligant
|-damage|p2a: Lilligant|37/100
|-resisted|p2a: Lilligant
|-damage|p2a: Lilligant|16/100
|-resisted|p2a: Lilligant
|-damage|p2a: Lilligant|0 fnt
|faint|p2a: Lilligant
|-hitcount|p2: Lilligant|5
|
|-weather|SunnyDay|[upkeep]
|-damage|p1a: Cloyster|76/100 brn|[from] brn
|upkeep
|
|t:|1779889121
|switch|p2a: Kingambit|Kingambit, M|100/100
|-activate|p2a: Kingambit|ability: Supreme Overlord
|-start|p2a: Kingambit|fallen2|[silent]
|turn|5
|
|t:|1779889128
|move|p1a: Cloyster|Icicle Spear|p2a: Kingambit
|-resisted|p2a: Kingambit
|-damage|p2a: Kingambit|89/100
|-resisted|p2a: Kingambit
|-damage|p2a: Kingambit|77/100
|-resisted|p2a: Kingambit
|-damage|p2a: Kingambit|65/100
|-resisted|p2a: Kingambit
|-damage|p2a: Kingambit|53/100
|-resisted|p2a: Kingambit
|-damage|p2a: Kingambit|41/100
|-hitcount|p2a: Kingambit|5
|move|p2a: Kingambit|Low Kick|p1a: Cloyster
|-supereffective|p1a: Cloyster
|-damage|p1a: Cloyster|0 fnt
|faint|p1a: Cloyster
|
|-weather|SunnyDay|[upkeep]
|upkeep
|
|t:|1779889139
|switch|p1a: Ninetales|Ninetales-Alola, F|100/100
|-weather|Snowscape|[from] ability: Snow Warning|[of] p1a: Ninetales
|turn|6
|
|t:|1779889143
|-end|p2a: Kingambit|fallen2|[silent]
|switch|p2a: Ninetales|Ninetales, F, shiny|100/100
|-weather|SunnyDay|[from] ability: Drought|[of] p2a: Ninetales
|move|p1a: Ninetales|Aurora Veil||[still]
|-fail|p1a: Ninetales
|
|-weather|SunnyDay|[upkeep]
|upkeep
|turn|7
|inactive|Frozmo has 120 seconds left.
|l|☆Frozmo
|inactive|Frozmo disconnected and has a minute to reconnect!
|player|p1|
|inactive|Frozmo has 30 seconds to reconnect!
|inactive|Frozmo has 20 seconds to reconnect!
|inactive|Frozmo has 15 seconds to reconnect!
|inactive|Frozmo has 10 seconds to reconnect!
|inactive|Frozmo has 5 seconds to reconnect!
|-message|Frozmo lost due to inactivity.
|
|win|askkw
|raw|Frozmo's rating: 1282 &rarr; <strong>1260</strong><br />(-22 for losing)
|raw|askkw's rating: 1321 &rarr; <strong>1339</strong><br />(+18 for winning)
|l|☆askkw
|player|p2|
