|j|☆karmasiren
|j|☆sommeliersam
|t:|1779880472
|gametype|singles
|player|p1|karmasiren|skyla|1550
|player|p2|sommeliersam|101|1705
|gen|9
|tier|[Gen 9] OU
|rated|
|rule|HP Percentage Mod: HP is shown in percentages
|rule|Endless Battle Clause: Forcing endless battles is banned
|rule|Species Clause: Limit one of each Pokémon
|rule|OHKO Clause: OHKO moves are banned
|rule|Evasion Items Clause: Evasion items are banned
|rule|Evasion Moves Clause: Evasion moves are banned
|rule|Evasion Abilities Clause: Evasion abilities are banned
|rule|Sleep Moves Clause: Sleep-inducing moves are banned
|clearpoke
|poke|p1|Volcanion|
|poke|p1|Corviknight, F|
|poke|p1|Sandy Shocks|
|poke|p1|Serperior, F|
|poke|p1|Deoxys-Speed|
|poke|p1|Kingambit, F|
|poke|p2|Cloyster, F|
|poke|p2|Landorus-Therian, M|
|poke|p2|Kyurem|
|poke|p2|Kingambit, M|
|poke|p2|Iron Valiant|
|poke|p2|Iron Moth|
|teampreview
|j| Lerisingr
|
|t:|1779880478
|teamsize|p1|6
|teamsize|p2|6
|start
|switch|p1a: Lucifer|Serperior, F, shiny|100/100
|switch|p2a: Cloyster|Cloyster, F|100/100
|turn|1
|inactive|Battle timer is ON: inactive players will automatically lose when time's up. (requested by karmasiren)
|
|t:|1779880483
|move|p1a: Lucifer|Leaf Storm|p2a: Cloyster
|-supereffective|p2a: Cloyster
|-enditem|p2a: Cloyster|Focus Sash
|-damage|p2a: Cloyster|1/100
|-boost|p1a: Lucifer|spa|2
|move|p2a: Cloyster|Icicle Spear|p1a: Lucifer
|-supereffective|p1a: Lucifer
|-damage|p1a: Lucifer|72/100
|-supereffective|p1a: Lucifer
|-damage|p1a: Lucifer|46/100
|-supereffective|p1a: Lucifer
|-damage|p1a: Lucifer|20/100
|-supereffective|p1a: Lucifer
|-damage|p1a: Lucifer|0 fnt
|faint|p1a: Lucifer
|-hitcount|p1: Lucifer|4
|
|upkeep
|
|t:|1779880486
|switch|p1a: Deoxys|Deoxys-Speed|100/100
|-ability|p1a: Deoxys|Pressure
|turn|2
|
|t:|1779880492
|move|p1a: Deoxys|Ice Beam|p2a: Cloyster
|-resisted|p2a: Cloyster
|-damage|p2a: Cloyster|0 fnt
|faint|p2a: Cloyster
|-damage|p1a: Deoxys|91/100|[from] item: Life Orb
|
|upkeep
|l| Lerisingr
|
|t:|1779880504
|switch|p2a: Kyurem|Kyurem|100/100
|-ability|p2a: Kyurem|Pressure
|turn|3
|
|t:|1779880511
|-terastallize|p1a: Deoxys|Fighting
|move|p1a: Deoxys|Superpower|p2a: Kyurem
|-supereffective|p2a: Kyurem
|-damage|p2a: Kyurem|0 fnt
|-unboost|p1a: Deoxys|atk|1
|-unboost|p1a: Deoxys|def|1
|faint|p2a: Kyurem
|-damage|p1a: Deoxys|81/100|[from] item: Life Orb
|
|upkeep
|
|t:|1779880518
|switch|p2a: Iron Valiant|Iron Valiant|100/100
|-enditem|p2a: Iron Valiant|Booster Energy
|-activate|p2a: Iron Valiant|ability: Quark Drive|[fromitem]
|-start|p2a: Iron Valiant|quarkdrivespe
|turn|4
|
|t:|1779880523
|switch|p1a: Edgar|Corviknight, F, shiny|100/100
|-ability|p1a: Edgar|Pressure
|move|p2a: Iron Valiant|Moonblast|p1a: Edgar
|-resisted|p1a: Edgar
|-damage|p1a: Edgar|76/100
|
|upkeep
|turn|5
|
|t:|1779880530
|-end|p2a: Iron Valiant|Quark Drive|[silent]
|switch|p2a: Landorus|Landorus-Therian, M|100/100
|-ability|p2a: Landorus|Intimidate|boost
|-unboost|p1a: Edgar|atk|1
|switch|p1a: Mega Magneton|Sandy Shocks, shiny|100/100
|
|upkeep
|turn|6
|
|t:|1779880533
|-end|p1a: Mega Magneton|Protosynthesis|[silent]
|switch|p1a: Edgar|Corviknight, F, shiny|76/100
|-ability|p1a: Edgar|Pressure
|move|p2a: Landorus|Earthquake|p1a: Edgar
|-immune|p1a: Edgar
|
|upkeep
|turn|7
|
|t:|1779880537
|switch|p1a: Deoxys|Deoxys-Speed, tera:Fighting|81/100
|-ability|p1a: Deoxys|Pressure
|move|p2a: Landorus|Stealth Rock|p1a: Deoxys
|-sidestart|p1: karmasiren|move: Stealth Rock
|
|upkeep
|turn|8
|
|t:|1779880559
|-terastallize|p2a: Landorus|Water
|move|p1a: Deoxys|Stealth Rock|p2a: Landorus
|-sidestart|p2: sommeliersam|move: Stealth Rock
|move|p2a: Landorus|Earthquake|p1a: Deoxys
|-damage|p1a: Deoxys|0 fnt
|faint|p1a: Deoxys
|
|upkeep
|
|t:|1779880566
|switch|p1a: Edgar|Corviknight, F, shiny|76/100
|-damage|p1a: Edgar|64/100|[from] Stealth Rock
|-ability|p1a: Edgar|Pressure
|turn|9
|
|t:|1779880570
|move|p2a: Landorus|Stone Edge|p1a: Edgar
|-damage|p1a: Edgar|42/100
|move|p1a: Edgar|Iron Defense|p1a: Edgar
|-boost|p1a: Edgar|def|2
|
|upkeep
|turn|10
|
|t:|1779880572
|move|p2a: Landorus|Taunt|p1a: Edgar
|-start|p1a: Edgar|move: Taunt
|cant|p1a: Edgar|move: Taunt|Roost
|
|upkeep
|turn|11
|
|t:|1779880578
|switch|p2a: Iron Valiant|Iron Valiant|100/100
|-damage|p2a: Iron Valiant|94/100|[from] Stealth Rock
|move|p1a: Edgar|Body Press|p2a: Iron Valiant
|-resisted|p2a: Iron Valiant
|-damage|p2a: Iron Valiant|58/100
|
|upkeep
|turn|12
|
|t:|1779880581
|move|p2a: Iron Valiant|Shadow Ball|p1a: Edgar
|-damage|p1a: Edgar|14/100
|move|p1a: Edgar|Body Press|p2a: Iron Valiant
|-resisted|p2a: Iron Valiant
|-damage|p2a: Iron Valiant|26/100
|
|-end|p1a: Edgar|move: Taunt
|upkeep
|turn|13
|
|t:|1779880587
|move|p2a: Iron Valiant|Shadow Ball|p1a: Edgar
|-damage|p1a: Edgar|0 fnt
|faint|p1a: Edgar
|
|upkeep
|
|t:|1779880590
|switch|p1a: Mega Magneton|Sandy Shocks, shiny|100/100
|-damage|p1a: Mega Magneton|94/100|[from] Stealth Rock
|turn|14
|
|t:|1779880594
|move|p2a: Iron Valiant|Moonblast|p1a: Mega Magneton
|-damage|p1a: Mega Magneton|60/100
|move|p1a: Mega Magneton|Thunderbolt|p2a: Iron Valiant
|-damage|p2a: Iron Valiant|0 fnt
|faint|p2a: Iron Valiant
|-end|p2a: Iron Valiant|Quark Drive|[silent]
|
|upkeep
|
|t:|1779880613
|switch|p2a: Iron Moth|Iron Moth|100/100
|-damage|p2a: Iron Moth|76/100|[from] Stealth Rock
|-enditem|p2a: Iron Moth|Booster Energy
|-activate|p2a: Iron Moth|ability: Quark Drive|[fromitem]
|-start|p2a: Iron Moth|quarkdrivespa
|turn|15
|
|t:|1779880616
|move|p2a: Iron Moth|Fiery Dance|p1a: Mega Magneton
|-damage|p1a: Mega Magneton|18/100
|-boost|p2a: Iron Moth|spa|1
|move|p1a: Mega Magneton|Earth Power|p2a: Iron Moth
|-supereffective|p2a: Iron Moth
|-damage|p2a: Iron Moth|0 fnt
|faint|p2a: Iron Moth
|-end|p2a: Iron Moth|Quark Drive|[silent]
|
|upkeep
|
|t:|1779880620
|switch|p2a: Kingambit|Kingambit, M|100/100
|-damage|p2a: Kingambit|94/100|[from] Stealth Rock
|-activate|p2a: Kingambit|ability: Supreme Overlord
|-start|p2a: Kingambit|fallen4|[silent]
|turn|16
|
|t:|1779880623
|move|p2a: Kingambit|Sucker Punch|p1a: Mega Magneton
|-damage|p1a: Mega Magneton|0 fnt
|faint|p1a: Mega Magneton
|-end|p1a: Mega Magneton|Protosynthesis|[silent]
|
|upkeep
|
|t:|1779880627
|switch|p1a: Steam McQueen|Volcanion|100/100
|-damage|p1a: Steam McQueen|76/100|[from] Stealth Rock
|turn|17
|
|t:|1779880635
|-end|p2a: Kingambit|fallen4|[silent]
|switch|p2a: Landorus|Landorus-Therian, M, tera:Water|100/100
|-damage|p2a: Landorus|88/100|[from] Stealth Rock
|-ability|p2a: Landorus|Intimidate|boost
|-unboost|p1a: Steam McQueen|atk|1
|move|p1a: Steam McQueen|Steam Eruption|p2a: Landorus
|-resisted|p2a: Landorus
|-damage|p2a: Landorus|37/100
|-status|p2a: Landorus|brn
|
|-damage|p2a: Landorus|31/100 brn|[from] brn
|upkeep
|turn|18
|
|t:|1779880641
|move|p2a: Landorus|Earthquake|p1a: Steam McQueen
|-supereffective|p1a: Steam McQueen
|-damage|p1a: Steam McQueen|18/100
|move|p1a: Steam McQueen|Steam Eruption|p2a: Landorus
|-resisted|p2a: Landorus
|-damage|p2a: Landorus|0 fnt
|faint|p2a: Landorus
|
|upkeep
|
|t:|1779880643
|switch|p2a: Kingambit|Kingambit, M|94/100
|-damage|p2a: Kingambit|88/100|[from] Stealth Rock
|-activate|p2a: Kingambit|ability: Supreme Overlord
|-start|p2a: Kingambit|fallen5|[silent]
|turn|19
|
|t:|1779880647
|move|p2a: Kingambit|Sucker Punch|p1a: Steam McQueen
|-damage|p1a: Steam McQueen|0 fnt
|faint|p1a: Steam McQueen
|
|upkeep
|
|t:|1779880649
|switch|p1a: King of OU|Kingambit, F|100/100
|-damage|p1a: King of OU|94/100|[from] Stealth Rock
|-activate|p1a: King of OU|ability: Supreme Overlord
|-start|p1a: King of OU|fallen5|[silent]
|turn|20
|
|t:|1779880652
|move|p2a: Kingambit|Low Kick|p1a: King of OU
|-supereffective|p1a: King of OU
|-damage|p1a: King of OU|0 fnt
|faint|p1a: King of OU
|-end|p1a: King of OU|fallen5|[silent]
|
|win|sommeliersam
|raw|karmasiren's rating: 1550 &rarr; <strong>1538</strong><br />(-12 for losing)
|raw|sommeliersam's rating: 1705 &rarr; <strong>1717</strong><br />(+12 for winning)
|l|☆karmasiren
|player|p1|
|l|☆sommeliersam
|player|p2|
