|j|☆tigert242
|j|☆zahonidas
|t:|1779856071
|gametype|singles
|player|p1|tigert242|266|1329
|player|p2|zahonidas|bruno|1304
|gen|9
|tier|[Gen 9] OU
|rated|
|rule|HP Percentage Mod: HP is shown in percentages
|rule|Endless Battle Clause: Forcing endless battles is banned
|rule|Species Clause: Limit one of each Pokémon
|rule|OHKO Clause: OHKO moves are banned
|rule|Evasion Items Clause: Evasion items are banned
|rule|Evasion Moves Clause: Evasion moves are banned
|rule|Evasion Abilities Clause: Evasion abilities are banned
|rule|Sleep Moves Clause: Sleep-inducing moves are banned
|clearpoke
|poke|p1|Ursaluna, M|
|poke|p1|Hatterene, F|
|poke|p1|Sinistcha|
|poke|p1|Rhyperior, F|
|poke|p1|Kingambit, F|
|poke|p1|Deoxys-Speed|
|poke|p2|Kleavor, M|
|poke|p2|Samurott-Hisui, F|
|poke|p2|Kommo-o, F|
|poke|p2|Smeargle, F|
|poke|p2|Glimmora, M|
|poke|p2|Clefable, F|
|teampreview
|j| testingrainteam1
|
|t:|1779856090
|teamsize|p1|6
|teamsize|p2|6
|start
|switch|p1a: Hatterene|Hatterene, F|100/100
|switch|p2a: Samurott|Samurott-Hisui, F|100/100
|turn|1
|
|t:|1779856095
|move|p2a: Samurott|Ceaseless Edge|p1a: Hatterene
|-damage|p1a: Hatterene|25/100
|-sidestart|p1: tigert242|Spikes
|move|p1a: Hatterene|Trick Room|p1a: Hatterene
|-fieldstart|move: Trick Room|[of] p1a: Hatterene
|
|upkeep
|turn|2
|inactive|Battle timer is ON: inactive players will automatically lose when time's up. (requested by tigert242)
|
|t:|1779856152
|move|p1a: Hatterene|Healing Wish|p1a: Hatterene
|faint|p1a: Hatterene
|move|p2a: Samurott|Ceaseless Edge|p1: Hatterene|[notarget]
|-fail|p2a: Samurott
|
|upkeep
|inactive|tigert242 has 120 seconds left.
|
|t:|1779856196
|switch|p1a: Ursaluna|Ursaluna, M|100/100
|-damage|p1a: Ursaluna|88/100|[from] Spikes
|turn|3
|
|t:|1779856219
|-terastallize|p1a: Ursaluna|Normal
|move|p1a: Ursaluna|Facade|p2a: Samurott
|-damage|p2a: Samurott|29/100
|move|p2a: Samurott|Ceaseless Edge|p1a: Ursaluna
|-damage|p1a: Ursaluna|43/100
|-sidestart|p1: tigert242|Spikes
|
|-status|p1a: Ursaluna|brn|[from] item: Flame Orb
|upkeep
|turn|4
|
|t:|1779856230
|switch|p2a: Glimmora|Glimmora, M|100/100
|move|p1a: Ursaluna|Facade|p2a: Glimmora
|-resisted|p2a: Glimmora
|-damage|p2a: Glimmora|4/100
|-activate|p2a: Glimmora|ability: Toxic Debris
|-sidestart|p1: tigert242|move: Toxic Spikes
|
|-damage|p1a: Ursaluna|37/100 brn|[from] brn
|upkeep
|turn|5
|
|t:|1779856241
|move|p1a: Ursaluna|Facade|p2a: Glimmora
|-resisted|p2a: Glimmora
|-damage|p2a: Glimmora|0 fnt
|-activate|p2a: Glimmora|ability: Toxic Debris
|-sidestart|p1: tigert242|move: Toxic Spikes
|faint|p2a: Glimmora
|
|-damage|p1a: Ursaluna|31/100 brn|[from] brn
|-fieldend|move: Trick Room
|upkeep
|
|t:|1779856244
|switch|p2a: Samurott|Samurott-Hisui, F|29/100
|turn|6
|
|t:|1779856254
|switch|p1a: Deoxys|Deoxys-Speed|100/100
|-damage|p1a: Deoxys|84/100|[from] Spikes
|-status|p1a: Deoxys|tox
|-ability|p1a: Deoxys|Pressure
|move|p2a: Samurott|Ceaseless Edge|p1a: Deoxys
|-supereffective|p1a: Deoxys
|-damage|p1a: Deoxys|0 fnt
|-sidestart|p1: tigert242|Spikes
|faint|p1a: Deoxys
|
|upkeep
|
|t:|1779856263
|switch|p1a: Ursaluna|Ursaluna, M, tera:Normal|31/100 brn
|-heal|p1a: Ursaluna|100/100|[from] move: Healing Wish
|-damage|p1a: Ursaluna|76/100|[from] Spikes
|-status|p1a: Ursaluna|tox
|turn|7
|l| testingrainteam1
|
|t:|1779856273
|switch|p1a: Kingambit|Kingambit, F|100/100
|-damage|p1a: Kingambit|76/100|[from] Spikes
|-activate|p1a: Kingambit|ability: Supreme Overlord
|-start|p1a: Kingambit|fallen2|[silent]
|move|p2a: Samurott|Ceaseless Edge|p1a: Kingambit
|-resisted|p1a: Kingambit
|-damage|p1a: Kingambit|49/100
|
|-heal|p1a: Kingambit|55/100|[from] item: Leftovers
|upkeep
|turn|8
|
|t:|1779856284
|move|p2a: Samurott|Ceaseless Edge|p1a: Kingambit|[miss]
|-miss|p2a: Samurott|p1a: Kingambit
|move|p1a: Kingambit|Iron Head|p2a: Samurott
|-resisted|p2a: Samurott
|-damage|p2a: Samurott|0 fnt
|faint|p2a: Samurott
|
|-heal|p1a: Kingambit|61/100|[from] item: Leftovers
|upkeep
|
|t:|1779856299
|switch|p2a: Smeargle|Smeargle, F|100/100
|turn|9
|
|t:|1779856305
|move|p2a: Smeargle|Fake Out|p1a: Kingambit
|-resisted|p1a: Kingambit
|-damage|p1a: Kingambit|58/100
|cant|p1a: Kingambit|flinch
|
|-heal|p1a: Kingambit|64/100|[from] item: Leftovers
|upkeep
|turn|10
|
|t:|1779856312
|-end|p1a: Kingambit|fallen2|[silent]
|switch|p1a: Sinistcha|Sinistcha|100/100
|move|p2a: Smeargle|Burning Bulwark||[still]
|-fail|p2a: Smeargle
|
|upkeep
|turn|11
|
|t:|1779856321
|move|p2a: Smeargle|Sticky Web|p1a: Sinistcha
|-sidestart|p1: tigert242|move: Sticky Web
|move|p1a: Sinistcha|Trick Room|p1a: Sinistcha
|-fieldstart|move: Trick Room|[of] p1a: Sinistcha
|
|upkeep
|turn|12
|
|t:|1779856327
|switch|p1a: Rhyperior|Rhyperior, F|100/100
|-damage|p1a: Rhyperior|76/100|[from] Spikes
|-status|p1a: Rhyperior|tox
|-activate|p1a: Rhyperior|move: Sticky Web
|-unboost|p1a: Rhyperior|spe|1
|switch|p2a: Kleavor|Kleavor, M|100/100
|
|-damage|p1a: Rhyperior|69/100 tox|[from] psn
|upkeep
|turn|13
|
|t:|1779856342
|move|p1a: Rhyperior|Stone Edge|p2a: Kleavor|[miss]
|-miss|p1a: Rhyperior|p2a: Kleavor
|move|p2a: Kleavor|Stone Axe|p1a: Rhyperior
|-resisted|p1a: Rhyperior
|-damage|p1a: Rhyperior|47/100 tox
|-sidestart|p1: tigert242|move: Stealth Rock
|-damage|p2a: Kleavor|91/100|[from] item: Life Orb
|
|-damage|p1a: Rhyperior|35/100 tox|[from] psn
|upkeep
|turn|14
|inactive|zahonidas has 120 seconds left.
|
|t:|1779856373
|move|p1a: Rhyperior|Stone Edge|p2a: Kleavor
|-supereffective|p2a: Kleavor
|-damage|p2a: Kleavor|0 fnt
|faint|p2a: Kleavor
|
|-damage|p1a: Rhyperior|16/100 tox|[from] psn
|upkeep
|
|t:|1779856376
|switch|p2a: Smeargle|Smeargle, F|100/100
|turn|15
|-enditem|p1a: Rhyperior|Custap Berry|[eat]
|-activate|p1a: Rhyperior|item: Custap Berry|[consumed]
|
|t:|1779856380
|move|p2a: Smeargle|Fake Out|p1a: Rhyperior
|-resisted|p1a: Rhyperior
|-damage|p1a: Rhyperior|14/100 tox
|cant|p1a: Rhyperior|flinch
|
|-damage|p1a: Rhyperior|0 fnt|[from] psn
|faint|p1a: Rhyperior
|-fieldend|move: Trick Room
|upkeep
|
|t:|1779856391
|switch|p1a: Sinistcha|Sinistcha|100/100
|turn|16
|
|t:|1779856399
|switch|p2a: Clefable|Clefable, F|100/100
|move|p1a: Sinistcha|Trick Room|p1a: Sinistcha
|-fieldstart|move: Trick Room|[of] p1a: Sinistcha
|
|upkeep
|turn|17
|
|t:|1779856405
|switch|p1a: Kingambit|Kingambit, F|64/100
|-damage|p1a: Kingambit|40/100|[from] Spikes
|-activate|p1a: Kingambit|move: Sticky Web
|-unboost|p1a: Kingambit|spe|1
|-damage|p1a: Kingambit|33/100|[from] Stealth Rock
|-activate|p1a: Kingambit|ability: Supreme Overlord
|-start|p1a: Kingambit|fallen3|[silent]
|move|p2a: Clefable|Cosmic Power|p2a: Clefable
|-boost|p2a: Clefable|def|1
|-boost|p2a: Clefable|spd|1
|
|-heal|p1a: Kingambit|40/100|[from] item: Leftovers
|upkeep
|turn|18
|
|t:|1779856417
|move|p1a: Kingambit|Iron Head|p2a: Clefable
|-supereffective|p2a: Clefable
|-damage|p2a: Clefable|17/100
|move|p2a: Clefable|Moonblast|p1a: Kingambit
|-damage|p1a: Kingambit|0 fnt
|faint|p1a: Kingambit
|-end|p1a: Kingambit|fallen3|[silent]
|
|upkeep
|
|t:|1779856435
|switch|p1a: Sinistcha|Sinistcha|100/100
|turn|19
|
|t:|1779856440
|move|p2a: Clefable|Moonlight|p2a: Clefable
|-heal|p2a: Clefable|66/100
|move|p1a: Sinistcha|Matcha Gotcha|p2a: Clefable
|-crit|p2a: Clefable
|-damage|p2a: Clefable|17/100
|
|upkeep
|turn|20
|
|t:|1779856456
|move|p2a: Clefable|Moonlight|p2a: Clefable
|-heal|p2a: Clefable|67/100
|move|p1a: Sinistcha|Matcha Gotcha|p2a: Clefable
|-damage|p2a: Clefable|46/100
|
|-fieldend|move: Trick Room
|upkeep
|turn|21
|inactive|tigert242 has 120 seconds left.
|
|t:|1779856476
|move|p1a: Sinistcha|Matcha Gotcha|p2a: Clefable
|-damage|p2a: Clefable|21/100
|-status|p2a: Clefable|brn
|move|p2a: Clefable|Cosmic Power|p2a: Clefable
|-boost|p2a: Clefable|def|1
|-boost|p2a: Clefable|spd|1
|
|upkeep
|turn|22
|inactive|tigert242 has 120 seconds left.
|
|t:|1779856489
|move|p1a: Sinistcha|Shadow Ball|p2a: Clefable
|-damage|p2a: Clefable|2/100 brn
|move|p2a: Clefable|Moonlight|p2a: Clefable
|-heal|p2a: Clefable|52/100 brn
|
|upkeep
|turn|23
|c|☆zahonidas|gg
|
|t:|1779856497
|switch|p1a: Ursaluna|Ursaluna, M, tera:Normal|76/100 tox
|-damage|p1a: Ursaluna|51/100 tox|[from] Spikes
|-activate|p1a: Ursaluna|move: Sticky Web
|-unboost|p1a: Ursaluna|spe|1
|-damage|p1a: Ursaluna|39/100 tox|[from] Stealth Rock
|move|p2a: Clefable|Moonblast|p1a: Ursaluna
|-damage|p1a: Ursaluna|0 fnt
|faint|p1a: Ursaluna
|
|upkeep
|
|t:|1779856499
|switch|p1a: Sinistcha|Sinistcha|100/100
|turn|24
|
|t:|1779856506
|move|p1a: Sinistcha|Matcha Gotcha|p2a: Clefable
|-damage|p2a: Clefable|35/100 brn
|move|p2a: Clefable|Cosmic Power|p2a: Clefable
|-boost|p2a: Clefable|def|1
|-boost|p2a: Clefable|spd|1
|
|upkeep
|turn|25
|
|t:|1779856514
|move|p1a: Sinistcha|Shadow Ball|p2a: Clefable
|-damage|p2a: Clefable|21/100 brn
|-unboost|p2a: Clefable|spd|1
|move|p2a: Clefable|Moonlight|p2a: Clefable
|-heal|p2a: Clefable|71/100 brn
|
|upkeep
|turn|26
|
|t:|1779856520
|move|p1a: Sinistcha|Shadow Ball|p2a: Clefable
|-damage|p2a: Clefable|54/100 brn
|move|p2a: Clefable|Moonblast|p1a: Sinistcha
|-damage|p1a: Sinistcha|37/100
|
|upkeep
|turn|27
|
|t:|1779856526
|move|p1a: Sinistcha|Strength Sap|p2a: Clefable
|-unboost|p2a: Clefable|atk|1
|-heal|p1a: Sinistcha|74/100
|move|p2a: Clefable|Moonblast|p1a: Sinistcha
|-damage|p1a: Sinistcha|2/100
|
|upkeep
|turn|28
|-message|tigert242 forfeited.
|
|win|zahonidas
|raw|tigert242's rating: 1329 &rarr; <strong>1308</strong><br />(-21 for losing)
|raw|zahonidas's rating: 1304 &rarr; <strong>1325</strong><br />(+21 for winning)
|l|☆tigert242
|player|p1|
|l|☆zahonidas
|player|p2|
