|j|☆nwalesu
|j|☆seakingmissile
|t:|1779915188
|gametype|singles
|player|p1|nwalesu|pokemaniac|1499
|player|p2|seakingmissile|backpacker|1544
|gen|9
|tier|[Gen 9] OU
|rated|
|rule|HP Percentage Mod: HP is shown in percentages
|rule|Endless Battle Clause: Forcing endless battles is banned
|rule|Species Clause: Limit one of each Pokémon
|rule|OHKO Clause: OHKO moves are banned
|rule|Evasion Items Clause: Evasion items are banned
|rule|Evasion Moves Clause: Evasion moves are banned
|rule|Evasion Abilities Clause: Evasion abilities are banned
|rule|Sleep Moves Clause: Sleep-inducing moves are banned
|clearpoke
|poke|p1|Dragapult, F|
|poke|p1|Rotom-Heat|
|poke|p1|Clodsire, F|
|poke|p1|Mandibuzz, F|
|poke|p1|Dragonite, F|
|poke|p1|Iron Valiant|
|poke|p2|Scrafty, F|
|poke|p2|Ogerpon, F|
|poke|p2|Moltres|
|poke|p2|Hydrapple, M|
|poke|p2|Weezing-Galar, F|
|poke|p2|Garchomp, M|
|teampreview
|inactive|Battle timer is ON: inactive players will automatically lose when time's up. (requested by nwalesu)
|c|☆seakingmissile|glhf
|
|t:|1779915204
|teamsize|p1|6
|teamsize|p2|6
|start
|switch|p1a: Drippy|Dragapult, F|100/100
|switch|p2a: MasterOfMyScraft|Scrafty, F|100/100
|turn|1
|
|t:|1779915212
|move|p1a: Drippy|U-turn|p2a: MasterOfMyScraft
|-damage|p2a: MasterOfMyScraft|79/100
|
|t:|1779915214
|switch|p1a: Mandibuzz|Mandibuzz, F|100/100|[from] U-turn
|move|p2a: MasterOfMyScraft|Knock Off|p1a: Mandibuzz
|-resisted|p1a: Mandibuzz
|-damage|p1a: Mandibuzz|91/100
|-enditem|p1a: Mandibuzz|Heavy-Duty Boots|[from] move: Knock Off|[of] p2a: MasterOfMyScraft
|
|-heal|p2a: MasterOfMyScraft|85/100|[from] item: Leftovers
|upkeep
|turn|2
|
|t:|1779915220
|switch|p2a: WeezingOffThat|Weezing-Galar, F|100/100
|-ability|p2a: WeezingOffThat|Neutralizing Gas
|move|p1a: Mandibuzz|U-turn|p2a: WeezingOffThat
|-resisted|p2a: WeezingOffThat
|-damage|p2a: WeezingOffThat|98/100
|
|t:|1779915224
|switch|p1a: Cookie maker|Rotom-Heat|100/100|[from] U-turn
|
|-heal|p2a: WeezingOffThat|100/100|[from] item: Leftovers
|upkeep
|turn|3
|
|t:|1779915238
|-end|p2a: WeezingOffThat|ability: Neutralizing Gas
|switch|p2a: ChompingAtTheBit|Garchomp, M|100/100
|move|p1a: Cookie maker|Nasty Plot|p1a: Cookie maker
|-boost|p1a: Cookie maker|spa|2
|
|upkeep
|turn|4
|
|t:|1779915252
|move|p2a: ChompingAtTheBit|Swords Dance|p2a: ChompingAtTheBit
|-boost|p2a: ChompingAtTheBit|atk|2
|move|p1a: Cookie maker|Overheat|p2a: ChompingAtTheBit
|-resisted|p2a: ChompingAtTheBit
|-damage|p2a: ChompingAtTheBit|44/100
|-unboost|p1a: Cookie maker|spa|2
|
|upkeep
|turn|5
|
|t:|1779915257
|switch|p1a: Iron Valiant|Iron Valiant|100/100
|-enditem|p1a: Iron Valiant|Booster Energy
|-activate|p1a: Iron Valiant|ability: Quark Drive|[fromitem]
|-start|p1a: Iron Valiant|quarkdrivespe
|move|p2a: ChompingAtTheBit|Scale Shot|p1a: Iron Valiant
|-immune|p1a: Iron Valiant
|
|upkeep
|turn|6
|
|t:|1779915270
|switch|p2a: MoltresLeches|Moltres|100/100
|move|p1a: Iron Valiant|Encore||[still]
|-fail|p1a: Iron Valiant
|
|upkeep
|turn|7
|
|t:|1779915276
|-end|p1a: Iron Valiant|Quark Drive|[silent]
|switch|p1a: Cookie maker|Rotom-Heat|100/100
|move|p2a: MoltresLeches|U-turn|p1a: Cookie maker
|-resisted|p1a: Cookie maker
|-damage|p1a: Cookie maker|92/100
|
|t:|1779915281
|switch|p2a: MasterOfMyScraft|Scrafty, F|85/100|[from] U-turn
|
|-heal|p2a: MasterOfMyScraft|91/100|[from] item: Leftovers
|upkeep
|turn|8
|
|t:|1779915290
|move|p1a: Cookie maker|Nasty Plot|p1a: Cookie maker
|-boost|p1a: Cookie maker|spa|2
|move|p2a: MasterOfMyScraft|Knock Off|p1a: Cookie maker
|-damage|p1a: Cookie maker|53/100
|-enditem|p1a: Cookie maker|Heavy-Duty Boots|[from] move: Knock Off|[of] p2a: MasterOfMyScraft
|
|-heal|p2a: MasterOfMyScraft|97/100|[from] item: Leftovers
|upkeep
|turn|9
|
|t:|1779915298
|move|p1a: Cookie maker|Pain Split|p2a: MasterOfMyScraft
|-sethp|p2a: MasterOfMyScraft|69/100|[from] move: Pain Split|[silent]
|-sethp|p1a: Cookie maker|88/100|[from] move: Pain Split
|move|p2a: MasterOfMyScraft|Roar|p1a: Cookie maker
|drag|p1a: Dragonite|Dragonite, F|100/100
|
|-heal|p2a: MasterOfMyScraft|75/100|[from] item: Leftovers
|upkeep
|turn|10
|
|t:|1779915306
|switch|p1a: Iron Valiant|Iron Valiant|100/100
|move|p2a: MasterOfMyScraft|Encore||[still]
|-fail|p2a: MasterOfMyScraft
|
|-heal|p2a: MasterOfMyScraft|81/100|[from] item: Leftovers
|upkeep
|turn|11
|
|t:|1779915312
|switch|p2a: MoltresLeches|Moltres|100/100
|move|p1a: Iron Valiant|Moonblast|p2a: MoltresLeches
|-resisted|p2a: MoltresLeches
|-damage|p2a: MoltresLeches|75/100
|
|upkeep
|turn|12
|
|t:|1779915324
|-end|p1a: Iron Valiant|Quark Drive|[silent]
|switch|p1a: Cookie maker|Rotom-Heat|88/100
|move|p2a: MoltresLeches|Roost|p2a: MoltresLeches
|-heal|p2a: MoltresLeches|100/100
|-singleturn|p2a: MoltresLeches|move: Roost
|
|upkeep
|turn|13
|
|t:|1779915330
|move|p1a: Cookie maker|Nasty Plot|p1a: Cookie maker
|-boost|p1a: Cookie maker|spa|2
|move|p2a: MoltresLeches|U-turn|p1a: Cookie maker
|-resisted|p1a: Cookie maker
|-damage|p1a: Cookie maker|79/100
|
|t:|1779915338
|switch|p2a: ChompingAtTheBit|Garchomp, M|44/100|[from] U-turn
|
|upkeep
|turn|14
|
|t:|1779915341
|move|p2a: ChompingAtTheBit|Stealth Rock|p1a: Cookie maker
|-sidestart|p1: nwalesu|move: Stealth Rock
|move|p1a: Cookie maker|Overheat|p2a: ChompingAtTheBit
|-resisted|p2a: ChompingAtTheBit
|-damage|p2a: ChompingAtTheBit|0 fnt
|-unboost|p1a: Cookie maker|spa|2
|faint|p2a: ChompingAtTheBit
|
|upkeep
|
|t:|1779915345
|switch|p2a: HailHydrapple|Hydrapple, M|100/100
|turn|15
|
|t:|1779915355
|move|p1a: Cookie maker|Nasty Plot|p1a: Cookie maker
|-boost|p1a: Cookie maker|spa|2
|move|p2a: HailHydrapple|Fickle Beam|p1a: Cookie maker
|-damage|p1a: Cookie maker|38/100
|
|upkeep
|turn|16
|
|t:|1779915362
|switch|p2a: MoltresLeches|Moltres|100/100
|move|p1a: Cookie maker|Pain Split|p2a: MoltresLeches
|-sethp|p2a: MoltresLeches|63/100|[from] move: Pain Split|[silent]
|-sethp|p1a: Cookie maker|92/100|[from] move: Pain Split
|
|upkeep
|turn|17
|
|t:|1779915367
|move|p1a: Cookie maker|Discharge|p2a: MoltresLeches
|-supereffective|p2a: MoltresLeches
|-damage|p2a: MoltresLeches|0 fnt
|faint|p2a: MoltresLeches
|
|upkeep
|
|t:|1779915373
|switch|p2a: MasterOfMyScraft|Scrafty, F|81/100
|turn|18
|
|t:|1779915375
|move|p1a: Cookie maker|Overheat|p2a: MasterOfMyScraft
|-damage|p2a: MasterOfMyScraft|17/100
|-unboost|p1a: Cookie maker|spa|2
|move|p2a: MasterOfMyScraft|Roar|p1a: Cookie maker
|drag|p1a: Iron Valiant|Iron Valiant|100/100
|-damage|p1a: Iron Valiant|94/100|[from] Stealth Rock
|
|-heal|p2a: MasterOfMyScraft|23/100|[from] item: Leftovers
|upkeep
|turn|19
|
|t:|1779915384
|switch|p2a: WeezingOffThat|Weezing-Galar, F|100/100
|-ability|p2a: WeezingOffThat|Neutralizing Gas
|move|p1a: Iron Valiant|Moonblast|p2a: WeezingOffThat
|-resisted|p2a: WeezingOffThat
|-damage|p2a: WeezingOffThat|69/100
|-unboost|p2a: WeezingOffThat|spa|1
|
|-heal|p2a: WeezingOffThat|75/100|[from] item: Leftovers
|upkeep
|turn|20
|
|t:|1779915391
|-end|p1a: Iron Valiant|Quark Drive|[silent]
|switch|p1a: Mandibuzz|Mandibuzz, F|91/100
|-damage|p1a: Mandibuzz|66/100|[from] Stealth Rock
|-end|p2a: WeezingOffThat|ability: Neutralizing Gas
|switch|p2a: It'sNotOger|Ogerpon, F|100/100
|
|upkeep
|turn|21
|
|t:|1779915397
|move|p2a: It'sNotOger|Spikes|p1a: Mandibuzz
|-sidestart|p1: nwalesu|Spikes
|move|p1a: Mandibuzz|Foul Play|p2a: It'sNotOger
|-damage|p2a: It'sNotOger|41/100
|
|upkeep
|turn|22
|
|t:|1779915399
|move|p2a: It'sNotOger|Synthesis|p2a: It'sNotOger
|-heal|p2a: It'sNotOger|91/100
|move|p1a: Mandibuzz|Defog|p2a: It'sNotOger
|-unboost|p2a: It'sNotOger|evasion|1
|-ability|p2a: It'sNotOger|Defiant|boost
|-boost|p2a: It'sNotOger|atk|2
|-sideend|p1: nwalesu|Spikes|[from] move: Defog|[of] p1a: Mandibuzz
|-sideend|p1: nwalesu|Stealth Rock|[from] move: Defog|[of] p1a: Mandibuzz
|
|upkeep
|turn|23
|
|t:|1779915404
|move|p2a: It'sNotOger|Knock Off|p1a: Mandibuzz
|-resisted|p1a: Mandibuzz
|-damage|p1a: Mandibuzz|54/100
|move|p1a: Mandibuzz|Foul Play|p2a: It'sNotOger
|-damage|p2a: It'sNotOger|0 fnt
|faint|p2a: It'sNotOger
|
|upkeep
|-message|seakingmissile forfeited.
|
|win|nwalesu
|raw|nwalesu's rating: 1499 &rarr; <strong>1522</strong><br />(+23 for winning)
|raw|seakingmissile's rating: 1544 &rarr; <strong>1521</strong><br />(-23 for losing)
|l|☆seakingmissile
|player|p2|
|l|☆nwalesu
|player|p1|
