|j|☆saint246
|j|☆dragon_driller
|t:|1779828292
|gametype|singles
|player|p1|saint246|170|1032
|player|p2|dragon_driller|clown|1088
|gen|9
|tier|[Gen 9] OU
|rated|
|rule|HP Percentage Mod: HP is shown in percentages
|rule|Endless Battle Clause: Forcing endless battles is banned
|rule|Species Clause: Limit one of each Pokémon
|rule|OHKO Clause: OHKO moves are banned
|rule|Evasion Items Clause: Evasion items are banned
|rule|Evasion Moves Clause: Evasion moves are banned
|rule|Evasion Abilities Clause: Evasion abilities are banned
|rule|Sleep Moves Clause: Sleep-inducing moves are banned
|clearpoke
|poke|p1|Iron Treads|
|poke|p1|Grimmsnarl, M|
|poke|p1|Haxorus, M|
|poke|p1|Zoroark-Hisui, F|
|poke|p1|Galvantula, M|
|poke|p1|Iron Valiant|
|poke|p2|Tyranitar, F|
|poke|p2|Garchomp, M|
|poke|p2|Garganacl, M|
|poke|p2|Excadrill, F|
|poke|p2|Ogerpon-Cornerstone, F|
|poke|p2|Hippowdon, F|
|teampreview
|
|t:|1779828300
|teamsize|p1|6
|teamsize|p2|6
|start
|switch|p1a: Iron Valiant|Iron Valiant|100/100
|switch|p2a: Moo Deng|Hippowdon, F, shiny|100/100
|-weather|Sandstorm|[from] ability: Sand Stream|[of] p2a: Moo Deng
|-enditem|p1a: Iron Valiant|Booster Energy
|-activate|p1a: Iron Valiant|ability: Quark Drive|[fromitem]
|-start|p1a: Iron Valiant|quarkdrivespe
|turn|1
|
|t:|1779828332
|move|p1a: Iron Valiant|Moonblast|p2a: Moo Deng
|-damage|p2a: Moo Deng|63/100
|move|p2a: Moo Deng|Earthquake|p1a: Iron Valiant
|-damage|p1a: Iron Valiant|45/100
|
|-weather|Sandstorm|[upkeep]
|-damage|p1a: Iron Valiant|39/100|[from] Sandstorm
|upkeep
|turn|2
|
|t:|1779828342
|move|p1a: Iron Valiant|Destiny Bond|p1a: Iron Valiant
|-singlemove|p1a: Iron Valiant|Destiny Bond
|move|p2a: Moo Deng|Earthquake|p1a: Iron Valiant
|-damage|p1a: Iron Valiant|0 fnt
|faint|p1a: Iron Valiant
|-activate|p1a: Iron Valiant|move: Destiny Bond
|-end|p1a: Iron Valiant|Quark Drive|[silent]
|faint|p2a: Moo Deng
|
|-weather|Sandstorm|[upkeep]
|upkeep
|
|t:|1779828359
|switch|p1a: Galvantula|Galvantula, M|100/100
|switch|p2a: My Driller|Excadrill, F|100/100
|turn|3
|
|t:|1779828366
|move|p2a: My Driller|Substitute|p2a: My Driller
|-start|p2a: My Driller|Substitute
|-damage|p2a: My Driller|76/100
|move|p1a: Galvantula|Flamethrower|p2a: My Driller
|-supereffective|p2a: My Driller
|-end|p2a: My Driller|Substitute
|
|-weather|Sandstorm|[upkeep]
|-damage|p1a: Galvantula|95/100|[from] Sandstorm
|upkeep
|turn|4
|
|t:|1779828379
|move|p2a: My Driller|Earthquake|p1a: Galvantula
|-damage|p1a: Galvantula|0 fnt
|replace|p1a: Zoroark|Zoroark-Hisui, F
|-end|p1a: Zoroark|Illusion
|faint|p1a: Zoroark
|
|-weather|Sandstorm|[upkeep]
|upkeep
|
|t:|1779828385
|switch|p1a: Grimmsnarl|Grimmsnarl, M, shiny|100/100
|turn|5
|
|t:|1779828389
|-terastallize|p1a: Grimmsnarl|Fire
|move|p1a: Grimmsnarl|Bulk Up|p1a: Grimmsnarl
|-boost|p1a: Grimmsnarl|atk|1
|-boost|p1a: Grimmsnarl|def|1
|move|p2a: My Driller|Substitute|p2a: My Driller
|-start|p2a: My Driller|Substitute
|-damage|p2a: My Driller|51/100
|
|-weather|Sandstorm|[upkeep]
|-damage|p1a: Grimmsnarl|94/100|[from] Sandstorm
|-heal|p1a: Grimmsnarl|100/100|[from] item: Leftovers
|upkeep
|turn|6
|-message|saint246 forfeited.
|
|win|dragon_driller
|raw|saint246's rating: 1032 &rarr; <strong>1020</strong><br />(-12 for losing)
|raw|dragon_driller's rating: 1088 &rarr; <strong>1111</strong><br />(+23 for winning)
|l|☆saint246
|player|p1|
