|j|☆glimpseman
|j|☆Justin UA
|t:|1779856970
|gametype|singles
|player|p1|glimpseman|#wcor2025canada|1492
|player|p2|Justin UA|265|1524
|gen|9
|tier|[Gen 9] OU
|rated|
|rule|HP Percentage Mod: HP is shown in percentages
|rule|Endless Battle Clause: Forcing endless battles is banned
|rule|Species Clause: Limit one of each Pokémon
|rule|OHKO Clause: OHKO moves are banned
|rule|Evasion Items Clause: Evasion items are banned
|rule|Evasion Moves Clause: Evasion moves are banned
|rule|Evasion Abilities Clause: Evasion abilities are banned
|rule|Sleep Moves Clause: Sleep-inducing moves are banned
|clearpoke
|poke|p1|Gliscor, M|
|poke|p1|Heatran, M|
|poke|p1|Weezing-Galar, M|
|poke|p1|Zamazenta-*|
|poke|p1|Ogerpon, F|
|poke|p1|Samurott-Hisui, M|
|poke|p2|Walking Wake|
|poke|p2|Great Tusk|
|poke|p2|Ninetales, M|
|poke|p2|Cresselia, F|
|poke|p2|Zarude|
|poke|p2|Ceruledge, M|
|teampreview
|inactive|Battle timer is ON: inactive players will automatically lose when time's up. (requested by glimpseman)
|
|t:|1779856987
|teamsize|p1|6
|teamsize|p2|6
|start
|switch|p1a: Heatran|Heatran, M|100/100
|switch|p2a: Ninetales|Ninetales, M|100/100
|-weather|SunnyDay|[from] ability: Drought|[of] p2a: Ninetales
|-item|p1a: Heatran|Air Balloon
|turn|1
|
|t:|1779856992
|switch|p2a: Walking Wake|Walking Wake|100/100
|-activate|p2a: Walking Wake|ability: Protosynthesis
|-start|p2a: Walking Wake|protosynthesisspe
|move|p1a: Heatran|Earth Power|p2a: Walking Wake
|-damage|p2a: Walking Wake|65/100
|
|-weather|SunnyDay|[upkeep]
|upkeep
|turn|2
|
|t:|1779856995
|switch|p1a: Samurott|Samurott-Hisui, M|100/100
|move|p2a: Walking Wake|Hydro Steam|p1a: Samurott
|-resisted|p1a: Samurott
|-damage|p1a: Samurott|82/100
|
|-weather|SunnyDay|[upkeep]
|upkeep
|turn|3
|
|t:|1779857000
|move|p2a: Walking Wake|Flip Turn|p1a: Samurott
|-resisted|p1a: Samurott
|-damage|p1a: Samurott|78/100
|
|t:|1779857004
|-end|p2a: Walking Wake|Protosynthesis|[silent]
|switch|p2a: Zarude|Zarude|100/100|[from] Flip Turn
|move|p1a: Samurott|Knock Off|p2a: Zarude
|-resisted|p2a: Zarude
|-damage|p2a: Zarude|84/100
|-enditem|p2a: Zarude|Leftovers|[from] move: Knock Off|[of] p1a: Samurott
|
|-weather|SunnyDay|[upkeep]
|upkeep
|turn|4
|
|t:|1779857009
|switch|p1a: Weezing|Weezing-Galar, M|100/100
|-ability|p1a: Weezing|Neutralizing Gas
|move|p2a: Zarude|Swords Dance|p2a: Zarude
|-boost|p2a: Zarude|atk|2
|
|-weather|SunnyDay|[upkeep]
|upkeep
|turn|5
|
|t:|1779857016
|switch|p2a: Ninetales|Ninetales, M|100/100
|move|p1a: Weezing|Will-O-Wisp|p2a: Ninetales
|-immune|p2a: Ninetales
|
|-weather|SunnyDay|[upkeep]
|upkeep
|turn|6
|
|t:|1779857019
|-end|p1a: Weezing|ability: Neutralizing Gas
|switch|p1a: Heatran|Heatran, M|100/100
|-item|p1a: Heatran|Air Balloon
|move|p2a: Ninetales|Overheat|p1a: Heatran
|-start|p1a: Heatran|ability: Flash Fire
|
|-weather|SunnyDay|[upkeep]
|upkeep
|turn|7
|
|t:|1779857026
|switch|p2a: Cresselia|Cresselia, F|100/100
|move|p1a: Heatran|Earth Power|p2a: Cresselia
|-immune|p2a: Cresselia|[from] ability: Levitate
|
|-weather|SunnyDay|[upkeep]
|upkeep
|turn|8
|
|t:|1779857030
|move|p1a: Heatran|Magma Storm|p2a: Cresselia
|-damage|p2a: Cresselia|36/100
|-activate|p2a: Cresselia|move: Magma Storm|[of] p1a: Heatran
|-enditem|p2a: Cresselia|Eject Button
|
|t:|1779857033
|switch|p2a: Walking Wake|Walking Wake|65/100
|-activate|p2a: Walking Wake|ability: Protosynthesis
|-start|p2a: Walking Wake|protosynthesisspe
|
|-weather|none
|-end|p2a: Walking Wake|Protosynthesis
|upkeep
|turn|9
|
|t:|1779857035
|-end|p1a: Heatran|ability: Flash Fire|[silent]
|switch|p1a: Samurott|Samurott-Hisui, M|78/100
|move|p2a: Walking Wake|Hydro Steam|p1a: Samurott
|-resisted|p1a: Samurott
|-damage|p1a: Samurott|65/100
|
|upkeep
|turn|10
|
|t:|1779857039
|move|p2a: Walking Wake|Flip Turn|p1a: Samurott
|-resisted|p1a: Samurott
|-damage|p1a: Samurott|57/100
|
|t:|1779857044
|-end|p2a: Walking Wake|Protosynthesis|[silent]
|switch|p2a: Great Tusk|Great Tusk|100/100|[from] Flip Turn
|move|p1a: Samurott|Ceaseless Edge|p2a: Great Tusk
|-resisted|p2a: Great Tusk
|-damage|p2a: Great Tusk|89/100
|-sidestart|p2: Justin UA|Spikes
|
|upkeep
|turn|11
|
|t:|1779857052
|switch|p1a: Gliscor|Gliscor, M|100/100
|move|p2a: Great Tusk|Rapid Spin|p1a: Gliscor
|-damage|p1a: Gliscor|85/100
|-boost|p2a: Great Tusk|spe|1
|-sideend|p2: Justin UA|Spikes|[from] move: Rapid Spin|[of] p2a: Great Tusk
|
|-status|p1a: Gliscor|tox|[from] item: Toxic Orb
|upkeep
|turn|12
|
|t:|1779857057
|move|p2a: Great Tusk|Ice Spinner|p1a: Gliscor
|-supereffective|p1a: Gliscor
|-damage|p1a: Gliscor|0 fnt
|faint|p1a: Gliscor
|
|upkeep
|
|t:|1779857062
|switch|p1a: Ogerpon|Ogerpon, F|100/100
|turn|13
|
|t:|1779857071
|-terastallize|p2a: Great Tusk|Steel
|-terastallize|p1a: Ogerpon|Grass
|detailschange|p1a: Ogerpon|Ogerpon-Teal-Tera, F, tera:Grass
|-ability|p1a: Ogerpon|Embody Aspect (Teal)|boost
|-boost|p1a: Ogerpon|spe|1
|move|p1a: Ogerpon|Ivy Cudgel|p2a: Great Tusk
|-resisted|p2a: Great Tusk
|-damage|p2a: Great Tusk|53/100
|move|p2a: Great Tusk|Ice Spinner|p1a: Ogerpon
|-supereffective|p1a: Ogerpon
|-damage|p1a: Ogerpon|18/100
|
|upkeep
|turn|14
|
|t:|1779857080
|switch|p1a: Weezing|Weezing-Galar, M|100/100
|-ability|p1a: Weezing|Neutralizing Gas
|move|p2a: Great Tusk|Close Combat|p1a: Weezing
|-resisted|p1a: Weezing
|-damage|p1a: Weezing|89/100
|-unboost|p2a: Great Tusk|def|1
|-unboost|p2a: Great Tusk|spd|1
|
|upkeep
|turn|15
|
|t:|1779857089
|-end|p1a: Weezing|ability: Neutralizing Gas
|switch|p1a: Zamazenta|Zamazenta|100/100
|-ability|p1a: Zamazenta|Dauntless Shield|boost
|-boost|p1a: Zamazenta|def|1
|move|p2a: Great Tusk|Headlong Rush|p1a: Zamazenta
|-damage|p1a: Zamazenta|67/100
|-unboost|p2a: Great Tusk|def|1
|-unboost|p2a: Great Tusk|spd|1
|
|-heal|p1a: Zamazenta|73/100|[from] item: Leftovers
|upkeep
|turn|16
|
|t:|1779857097
|-end|p2a: Great Tusk|Protosynthesis|[silent]
|switch|p2a: Ninetales|Ninetales, M|100/100
|-weather|SunnyDay|[from] ability: Drought|[of] p2a: Ninetales
|move|p1a: Zamazenta|Body Press|p2a: Ninetales
|-damage|p2a: Ninetales|38/100
|
|-weather|SunnyDay|[upkeep]
|-heal|p1a: Zamazenta|79/100|[from] item: Leftovers
|upkeep
|turn|17
|
|t:|1779857108
|switch|p2a: Cresselia|Cresselia, F|36/100
|move|p1a: Zamazenta|Substitute|p1a: Zamazenta
|-start|p1a: Zamazenta|Substitute
|-damage|p1a: Zamazenta|55/100
|
|-weather|SunnyDay|[upkeep]
|-heal|p1a: Zamazenta|61/100|[from] item: Leftovers
|upkeep
|turn|18
|
|t:|1779857112
|move|p1a: Zamazenta|Crunch|p2a: Cresselia
|-supereffective|p2a: Cresselia
|-damage|p2a: Cresselia|11/100
|move|p2a: Cresselia|Psychic|p1a: Zamazenta
|-supereffective|p1a: Zamazenta
|-end|p1a: Zamazenta|Substitute
|
|-weather|SunnyDay|[upkeep]
|-heal|p1a: Zamazenta|67/100|[from] item: Leftovers
|upkeep
|turn|19
|
|t:|1779857119
|move|p1a: Zamazenta|Substitute|p1a: Zamazenta
|-start|p1a: Zamazenta|Substitute
|-damage|p1a: Zamazenta|42/100
|move|p2a: Cresselia|Psychic|p1a: Zamazenta
|-supereffective|p1a: Zamazenta
|-end|p1a: Zamazenta|Substitute
|
|-weather|SunnyDay|[upkeep]
|-heal|p1a: Zamazenta|48/100|[from] item: Leftovers
|upkeep
|turn|20
|
|t:|1779857124
|move|p1a: Zamazenta|Crunch|p2a: Cresselia
|-supereffective|p2a: Cresselia
|-damage|p2a: Cresselia|0 fnt
|faint|p2a: Cresselia
|
|-weather|SunnyDay|[upkeep]
|-heal|p1a: Zamazenta|55/100|[from] item: Leftovers
|upkeep
|
|t:|1779857138
|switch|p2a: Ceruledge|Ceruledge, M|100/100
|turn|21
|
|t:|1779857147
|move|p1a: Zamazenta|Iron Defense|p1a: Zamazenta
|-boost|p1a: Zamazenta|def|2
|move|p2a: Ceruledge|Swords Dance|p2a: Ceruledge
|-boost|p2a: Ceruledge|atk|2
|
|-weather|SunnyDay|[upkeep]
|-heal|p1a: Zamazenta|61/100|[from] item: Leftovers
|upkeep
|turn|22
|
|t:|1779857152
|move|p1a: Zamazenta|Substitute|p1a: Zamazenta
|-start|p1a: Zamazenta|Substitute
|-damage|p1a: Zamazenta|36/100
|move|p2a: Ceruledge|Bitter Blade|p1a: Zamazenta
|-end|p1a: Zamazenta|Substitute
|
|-weather|SunnyDay|[upkeep]
|-heal|p1a: Zamazenta|42/100|[from] item: Leftovers
|upkeep
|turn|23
|
|t:|1779857157
|move|p1a: Zamazenta|Substitute|p1a: Zamazenta
|-start|p1a: Zamazenta|Substitute
|-damage|p1a: Zamazenta|17/100
|move|p2a: Ceruledge|Bitter Blade|p1a: Zamazenta
|-end|p1a: Zamazenta|Substitute
|
|-weather|none
|-heal|p1a: Zamazenta|23/100|[from] item: Leftovers
|upkeep
|turn|24
|
|t:|1779857160
|move|p1a: Zamazenta|Crunch|p2a: Ceruledge
|-supereffective|p2a: Ceruledge
|-damage|p2a: Ceruledge|36/100
|-ability|p2a: Ceruledge|Weak Armor|boost
|-unboost|p2a: Ceruledge|def|1
|-boost|p2a: Ceruledge|spe|2
|move|p2a: Ceruledge|Bitter Blade|p1a: Zamazenta
|-damage|p1a: Zamazenta|0 fnt
|-heal|p2a: Ceruledge|51/100|[from] drain|[of] p1a: Zamazenta
|faint|p1a: Zamazenta
|
|upkeep
|
|t:|1779857169
|switch|p1a: Ogerpon|Ogerpon-Teal-Tera, F, tera:Grass|18/100
|-ability|p1a: Ogerpon|Embody Aspect (Teal)|boost
|-boost|p1a: Ogerpon|spe|1
|turn|25
|
|t:|1779857177
|switch|p1a: Heatran|Heatran, M|100/100
|-item|p1a: Heatran|Air Balloon
|move|p2a: Ceruledge|Bitter Blade|p1a: Heatran
|-start|p1a: Heatran|ability: Flash Fire
|
|upkeep
|turn|26
|
|t:|1779857187
|-end|p1a: Heatran|ability: Flash Fire|[silent]
|switch|p1a: Weezing|Weezing-Galar, M|89/100
|-ability|p1a: Weezing|Neutralizing Gas
|move|p2a: Ceruledge|Close Combat|p1a: Weezing
|-resisted|p1a: Weezing
|-damage|p1a: Weezing|76/100
|-unboost|p2a: Ceruledge|def|1
|-unboost|p2a: Ceruledge|spd|1
|
|upkeep
|turn|27
|
|t:|1779857194
|move|p2a: Ceruledge|Poltergeist|p1a: Weezing|[miss]
|-miss|p2a: Ceruledge|p1a: Weezing
|move|p1a: Weezing|Sludge Bomb|p2a: Ceruledge
|-resisted|p2a: Ceruledge
|-damage|p2a: Ceruledge|27/100
|-status|p2a: Ceruledge|psn
|
|-damage|p2a: Ceruledge|15/100 psn|[from] psn
|upkeep
|turn|28
|
|t:|1779857207
|move|p2a: Ceruledge|Bitter Blade|p1a: Weezing
|-damage|p1a: Weezing|15/100
|-heal|p2a: Ceruledge|49/100 psn|[from] drain|[of] p1a: Weezing
|move|p1a: Weezing|Will-O-Wisp||[still]
|-fail|p1a: Weezing
|
|-damage|p2a: Ceruledge|37/100 psn|[from] psn
|upkeep
|turn|29
|
|t:|1779857214
|move|p2a: Ceruledge|Poltergeist|p1a: Weezing
|-activate|p1a: Weezing|move: Poltergeist|Heavy-Duty Boots
|-damage|p1a: Weezing|0 fnt
|faint|p1a: Weezing
|-end|p1a: Weezing|ability: Neutralizing Gas
|
|-damage|p2a: Ceruledge|25/100 psn|[from] psn
|upkeep
|
|t:|1779857216
|switch|p1a: Samurott|Samurott-Hisui, M|57/100
|turn|30
|
|t:|1779857220
|move|p1a: Samurott|Sucker Punch|p2a: Ceruledge
|-supereffective|p2a: Ceruledge
|-damage|p2a: Ceruledge|0 fnt
|faint|p2a: Ceruledge
|
|upkeep
|
|t:|1779857229
|switch|p2a: Zarude|Zarude|84/100
|turn|31
|
|t:|1779857243
|move|p2a: Zarude|Power Whip|p1a: Samurott
|-supereffective|p1a: Samurott
|-damage|p1a: Samurott|0 fnt
|faint|p1a: Samurott
|
|upkeep
|
|t:|1779857245
|switch|p1a: Ogerpon|Ogerpon-Teal-Tera, F, tera:Grass|18/100
|-ability|p1a: Ogerpon|Embody Aspect (Teal)|boost
|-boost|p1a: Ogerpon|spe|1
|turn|32
|
|t:|1779857257
|move|p1a: Ogerpon|U-turn|p2a: Zarude
|-supereffective|p2a: Zarude
|-damage|p2a: Zarude|0 fnt
|faint|p2a: Zarude
|
|t:|1779857258
|switch|p1a: Heatran|Heatran, M|100/100|[from] U-turn
|-item|p1a: Heatran|Air Balloon
|
|upkeep
|
|t:|1779857261
|switch|p2a: Walking Wake|Walking Wake|65/100
|turn|33
|
|t:|1779857266
|move|p2a: Walking Wake|Hydro Steam|p1a: Heatran
|-supereffective|p1a: Heatran
|-damage|p1a: Heatran|9/100
|-enditem|p1a: Heatran|Air Balloon
|move|p1a: Heatran|Stealth Rock|p2a: Walking Wake
|-sidestart|p2: Justin UA|move: Stealth Rock
|
|upkeep
|turn|34
|
|t:|1779857271
|move|p2a: Walking Wake|Hydro Steam|p1a: Heatran
|-supereffective|p1a: Heatran
|-damage|p1a: Heatran|0 fnt
|faint|p1a: Heatran
|
|upkeep
|
|t:|1779857272
|switch|p1a: Ogerpon|Ogerpon-Teal-Tera, F, tera:Grass|18/100
|-ability|p1a: Ogerpon|Embody Aspect (Teal)|boost
|-boost|p1a: Ogerpon|spe|1
|turn|35
|
|t:|1779857275
|move|p1a: Ogerpon|Ivy Cudgel|p2a: Walking Wake
|-damage|p2a: Walking Wake|0 fnt
|faint|p2a: Walking Wake
|-end|p2a: Walking Wake|Protosynthesis|[silent]
|
|upkeep
|
|t:|1779857281
|switch|p2a: Ninetales|Ninetales, M|38/100
|-damage|p2a: Ninetales|13/100|[from] Stealth Rock
|-weather|SunnyDay|[from] ability: Drought|[of] p2a: Ninetales
|turn|36
|
|t:|1779857283
|move|p1a: Ogerpon|Ivy Cudgel|p2a: Ninetales
|-resisted|p2a: Ninetales
|-damage|p2a: Ninetales|0 fnt
|faint|p2a: Ninetales
|
|-weather|SunnyDay|[upkeep]
|upkeep
|
|t:|1779857285
|switch|p2a: Great Tusk|Great Tusk, tera:Steel|53/100
|-damage|p2a: Great Tusk|47/100|[from] Stealth Rock
|-activate|p2a: Great Tusk|ability: Protosynthesis
|-start|p2a: Great Tusk|protosynthesisatk
|turn|37
|
|t:|1779857288
|move|p1a: Ogerpon|Ivy Cudgel|p2a: Great Tusk
|-resisted|p2a: Great Tusk
|-crit|p2a: Great Tusk
|-damage|p2a: Great Tusk|0 fnt
|faint|p2a: Great Tusk
|-end|p2a: Great Tusk|Protosynthesis|[silent]
|
|win|glimpseman
|raw|glimpseman's rating: 1492 &rarr; <strong>1514</strong><br />(+22 for winning)
|raw|Justin UA's rating: 1524 &rarr; <strong>1502</strong><br />(-22 for losing)
|l|☆Justin UA
|player|p2|
|l|☆glimpseman
|player|p1|
|j|☆glimpseman
|player|p1|glimpseman|#wcor2025canada|
|l|☆glimpseman
|player|p1|
