|j|☆baakrisht
|j|☆spwkk3
|t:|1779818954
|gametype|singles
|player|p1|baakrisht|102|1075
|player|p2|spwkk3|unknown|1090
|gen|9
|tier|[Gen 9] OU
|rated|
|rule|HP Percentage Mod: HP is shown in percentages
|rule|Endless Battle Clause: Forcing endless battles is banned
|rule|Species Clause: Limit one of each Pokémon
|rule|OHKO Clause: OHKO moves are banned
|rule|Evasion Items Clause: Evasion items are banned
|rule|Evasion Moves Clause: Evasion moves are banned
|rule|Evasion Abilities Clause: Evasion abilities are banned
|rule|Sleep Moves Clause: Sleep-inducing moves are banned
|clearpoke
|poke|p1|Espeon, F|
|poke|p1|Goodra, F|
|poke|p1|Weezing-Galar, M|
|poke|p1|Orthworm, F|
|poke|p1|Suicune|
|poke|p1|Muk-Alola, M|
|poke|p2|Pikachu-Sinnoh, M|
|poke|p2|Infernape, M|
|poke|p2|Staraptor, F|
|poke|p2|Gliscor, F|
|poke|p2|Floatzel, F|
|poke|p2|Garchomp, M|
|teampreview
|
|t:|1779818965
|teamsize|p1|6
|teamsize|p2|6
|start
|switch|p1a: लसलस|Goodra, F|100/100
|switch|p2a: Gliscor|Gliscor, F|100/100
|turn|1
|c|☆spwkk3|pokemon fans in india???
|
|t:|1779818984
|switch|p1a: दील दो 💖|Orthworm, F|100/100
|move|p2a: Gliscor|Toxic Spikes|p1a: दील दो 💖
|-sidestart|p1: baakrisht|move: Toxic Spikes
|
|-status|p2a: Gliscor|tox|[from] item: Toxic Orb
|upkeep
|turn|2
|c|☆spwkk3|</3
|c|☆spwkk3|wtff are these names
|
|t:|1779819008
|move|p2a: Gliscor|Earthquake|p1a: दील दो 💖
|-immune|p1a: दील दो 💖|[from] ability: Earth Eater
|move|p1a: दील दो 💖|Iron Defense|p1a: दील दो 💖
|-boost|p1a: दील दो 💖|def|2
|
|upkeep
|turn|3
|
|t:|1779819018
|move|p2a: Gliscor|Knock Off|p1a: दील दो 💖
|-damage|p1a: दील दो 💖|93/100
|-enditem|p1a: दील दो 💖|Leftovers|[from] move: Knock Off|[of] p2a: Gliscor
|move|p1a: दील दो 💖|Iron Defense|p1a: दील दो 💖
|-boost|p1a: दील दो 💖|def|2
|
|upkeep
|turn|4
|
|t:|1779819031
|move|p2a: Gliscor|Toxic Spikes|p1a: दील दो 💖
|-sidestart|p1: baakrisht|move: Toxic Spikes
|move|p1a: दील दो 💖|Iron Defense|p1a: दील दो 💖
|-boost|p1a: दील दो 💖|def|2
|
|upkeep
|turn|5
|
|t:|1779819037
|switch|p2a: Infernape|Infernape, M|100/100
|move|p1a: दील दो 💖|Body Press|p2a: Infernape
|-damage|p2a: Infernape|0 fnt
|faint|p2a: Infernape
|
|upkeep
|
|t:|1779819040
|switch|p2a: Garchomp|Garchomp, M|100/100
|turn|6
|
|t:|1779819043
|move|p2a: Garchomp|Earthquake|p1a: दील दो 💖
|-heal|p1a: दील दो 💖|100/100|[from] ability: Earth Eater|[of] p2a: Garchomp
|move|p1a: दील दो 💖|Body Press|p2a: Garchomp
|-damage|p2a: Garchomp|0 fnt
|-damage|p1a: दील दो 💖|88/100|[from] ability: Rough Skin|[of] p2a: Garchomp
|faint|p2a: Garchomp
|
|upkeep
|
|t:|1779819045
|switch|p2a: Pikachu|Pikachu-Sinnoh, M|100/100
|turn|7
|
|t:|1779819048
|move|p2a: Pikachu|Brick Break|p1a: दील दो 💖
|-supereffective|p1a: दील दो 💖
|-damage|p1a: दील दो 💖|79/100
|move|p1a: दील दो 💖|Body Press|p2a: Pikachu
|-damage|p2a: Pikachu|0 fnt
|-status|p1a: दील दो 💖|par|[from] ability: Static|[of] p2a: Pikachu
|faint|p2a: Pikachu
|
|upkeep
|
|t:|1779819054
|switch|p2a: Staraptor|Staraptor, F|100/100
|turn|8
|
|t:|1779819056
|move|p2a: Staraptor|Close Combat|p1a: दील दो 💖
|-supereffective|p1a: दील दो 💖
|-damage|p1a: दील दो 💖|67/100 par
|-unboost|p2a: Staraptor|def|1
|-unboost|p2a: Staraptor|spd|1
|move|p1a: दील दो 💖|Body Press|p2a: Staraptor
|-damage|p2a: Staraptor|0 fnt
|faint|p2a: Staraptor
|
|upkeep
|
|t:|1779819060
|switch|p2a: Floatzel|Floatzel, F|100/100
|turn|9
|
|t:|1779819064
|move|p2a: Floatzel|Crunch|p1a: दील दो 💖
|-damage|p1a: दील दो 💖|62/100 par
|move|p1a: दील दो 💖|Body Press|p2a: Floatzel
|-damage|p2a: Floatzel|0 fnt
|faint|p2a: Floatzel
|
|upkeep
|
|t:|1779819067
|switch|p2a: Gliscor|Gliscor, F|100/100 tox
|turn|10
|c|☆baakrisht|Yaaa
|c|☆baakrisht|Sinnoh fan
|-message|spwkk3 forfeited.
|
|win|baakrisht
|raw|baakrisht's rating: 1075 &rarr; <strong>1105</strong><br />(+30 for winning)
|raw|spwkk3's rating: 1090 &rarr; <strong>1065</strong><br />(-25 for losing)
|l|☆spwkk3
|player|p2|
|l|☆baakrisht
|player|p1|
