|j|☆4axes
|j|☆75 raw men
|t:|1779809067
|gametype|singles
|player|p1|4axes|workerice|1655
|player|p2|75 raw men|102|1666
|gen|9
|tier|[Gen 9] OU
|rated|
|rule|HP Percentage Mod: HP is shown in percentages
|rule|Endless Battle Clause: Forcing endless battles is banned
|rule|Species Clause: Limit one of each Pokémon
|rule|OHKO Clause: OHKO moves are banned
|rule|Evasion Items Clause: Evasion items are banned
|rule|Evasion Moves Clause: Evasion moves are banned
|rule|Evasion Abilities Clause: Evasion abilities are banned
|rule|Sleep Moves Clause: Sleep-inducing moves are banned
|clearpoke
|poke|p1|Zamazenta-*|
|poke|p1|Sinistcha|
|poke|p1|Gliscor, M|
|poke|p1|Corviknight, M|
|poke|p1|Kingambit, M|
|poke|p1|Iron Moth|
|poke|p2|Ogerpon, F|
|poke|p2|Samurott-Hisui, F|
|poke|p2|Blissey, F|
|poke|p2|Gliscor, F|
|poke|p2|Skarmory, F|
|poke|p2|Pecharunt|
|teampreview
|inactive|Battle timer is ON: inactive players will automatically lose when time's up. (requested by 75 raw men)
|inactive|4axes also wants the timer to be on.
|
|t:|1779809075
|teamsize|p1|6
|teamsize|p2|6
|start
|switch|p1a: Gliscor|Gliscor, M|100/100
|switch|p2a: Gliscor|Gliscor, F|100/100
|turn|1
|
|t:|1779809083
|move|p2a: Gliscor|Protect|p2a: Gliscor
|-singleturn|p2a: Gliscor|Protect
|move|p1a: Gliscor|Protect||[still]
|-fail|p1a: Gliscor
|
|-status|p2a: Gliscor|tox|[from] item: Toxic Orb
|-status|p1a: Gliscor|tox|[from] item: Toxic Orb
|upkeep
|turn|2
|
|t:|1779809088
|move|p2a: Gliscor|Swords Dance|p2a: Gliscor
|-boost|p2a: Gliscor|atk|2
|move|p1a: Gliscor|Spikes|p2a: Gliscor
|-sidestart|p2: 75 raw men|Spikes
|
|upkeep
|turn|3
|
|t:|1779809096
|switch|p1a: Zamazenta|Zamazenta|100/100
|-ability|p1a: Zamazenta|Dauntless Shield|boost
|-boost|p1a: Zamazenta|def|1
|move|p2a: Gliscor|Facade|p1a: Zamazenta
|-damage|p1a: Zamazenta|60/100
|
|upkeep
|turn|4
|
|t:|1779809103
|switch|p2a: Pecharunt|Pecharunt|100/100
|move|p1a: Zamazenta|Ice Fang|p2a: Pecharunt
|-damage|p2a: Pecharunt|90/100
|
|upkeep
|turn|5
|
|t:|1779809113
|switch|p1a: Kingambit|Kingambit, M|100/100
|move|p2a: Pecharunt|Parting Shot|p1a: Kingambit
|-unboost|p1a: Kingambit|atk|1
|-unboost|p1a: Kingambit|spa|1
|
|t:|1779809119
|switch|p2a: Skarmory|Skarmory, F|100/100|[from] Parting Shot
|
|upkeep
|turn|6
|
|t:|1779809124
|-end|p1a: Kingambit|fallenundefined|[silent]
|switch|p1a: Gliscor|Gliscor, M|100/100 tox
|move|p2a: Skarmory|Stealth Rock|p1a: Gliscor
|-sidestart|p1: 4axes|move: Stealth Rock
|
|upkeep
|turn|7
|
|t:|1779809128
|switch|p2a: Gliscor|Gliscor, F|100/100 tox
|move|p1a: Gliscor|Knock Off|p2a: Gliscor
|-damage|p2a: Gliscor|84/100 tox
|-enditem|p2a: Gliscor|Toxic Orb|[from] move: Knock Off|[of] p1a: Gliscor
|
|-heal|p2a: Gliscor|96/100 tox|[from] ability: Poison Heal
|upkeep
|turn|8
|j| himejijou
|
|t:|1779809131
|move|p2a: Gliscor|Swords Dance|p2a: Gliscor
|-boost|p2a: Gliscor|atk|2
|move|p1a: Gliscor|Spikes|p2a: Gliscor
|-sidestart|p2: 75 raw men|Spikes
|
|-heal|p2a: Gliscor|100/100 tox|[from] ability: Poison Heal
|upkeep
|turn|9
|
|t:|1779809134
|switch|p1a: Sinistcha|Sinistcha|100/100
|move|p2a: Gliscor|Earthquake|p1a: Sinistcha
|-resisted|p1a: Sinistcha
|-damage|p1a: Sinistcha|78/100
|
|upkeep
|turn|10
|
|t:|1779809142
|switch|p2a: Blissey|Blissey, F|100/100
|move|p1a: Sinistcha|Strength Sap|p2a: Blissey
|-unboost|p2a: Blissey|atk|1
|-heal|p1a: Sinistcha|85/100
|
|upkeep
|turn|11
|
|t:|1779809149
|switch|p1a: Kingambit|Kingambit, M|100/100
|-damage|p1a: Kingambit|94/100|[from] Stealth Rock
|move|p2a: Blissey|Calm Mind|p2a: Blissey
|-boost|p2a: Blissey|spa|1
|-boost|p2a: Blissey|spd|1
|
|-heal|p1a: Kingambit|100/100|[from] item: Leftovers
|upkeep
|turn|12
|
|t:|1779809153
|switch|p2a: Skarmory|Skarmory, F|100/100
|move|p1a: Kingambit|Stealth Rock|p2a: Skarmory
|-sidestart|p2: 75 raw men|move: Stealth Rock
|
|upkeep
|turn|13
|
|t:|1779809159
|-end|p1a: Kingambit|fallenundefined|[silent]
|switch|p1a: Gliscor|Gliscor, M|100/100 tox
|-damage|p1a: Gliscor|88/100 tox|[from] Stealth Rock
|move|p2a: Skarmory|Whirlwind|p1a: Gliscor
|drag|p1a: Sinistcha|Sinistcha|85/100
|
|upkeep
|turn|14
|
|t:|1779809167
|switch|p2a: Blissey|Blissey, F|100/100
|move|p1a: Sinistcha|Matcha Gotcha|p2a: Blissey
|-damage|p2a: Blissey|91/100
|-heal|p1a: Sinistcha|94/100|[from] drain|[of] p2a: Blissey
|
|upkeep
|turn|15
|
|t:|1779809172
|switch|p1a: Gliscor|Gliscor, M|88/100 tox
|-damage|p1a: Gliscor|75/100 tox|[from] Stealth Rock
|move|p2a: Blissey|Seismic Toss|p1a: Gliscor
|-damage|p1a: Gliscor|47/100 tox
|
|-heal|p1a: Gliscor|60/100 tox|[from] ability: Poison Heal
|upkeep
|turn|16
|
|t:|1779809179
|switch|p2a: Samurott|Samurott-Hisui, F|100/100
|move|p1a: Gliscor|Knock Off|p2a: Samurott
|-resisted|p2a: Samurott
|-damage|p2a: Samurott|86/100
|-enditem|p2a: Samurott|Heavy-Duty Boots|[from] move: Knock Off|[of] p1a: Gliscor
|
|-heal|p1a: Gliscor|72/100 tox|[from] ability: Poison Heal
|upkeep
|turn|17
|
|t:|1779809183
|move|p1a: Gliscor|Protect|p1a: Gliscor
|-singleturn|p1a: Gliscor|Protect
|move|p2a: Samurott|Ceaseless Edge|p1a: Gliscor
|-activate|p1a: Gliscor|move: Protect
|
|-heal|p1a: Gliscor|85/100 tox|[from] ability: Poison Heal
|upkeep
|turn|18
|
|t:|1779809191
|move|p2a: Samurott|Ceaseless Edge|p1a: Gliscor
|-damage|p1a: Gliscor|50/100 tox
|-sidestart|p1: 4axes|Spikes
|move|p1a: Gliscor|Spikes|p2a: Samurott
|-sidestart|p2: 75 raw men|Spikes
|
|-heal|p1a: Gliscor|62/100 tox|[from] ability: Poison Heal
|upkeep
|turn|19
|
|t:|1779809195
|move|p1a: Gliscor|Protect|p1a: Gliscor
|-singleturn|p1a: Gliscor|Protect
|move|p2a: Samurott|Encore|p1a: Gliscor
|-activate|p1a: Gliscor|move: Protect
|
|-heal|p1a: Gliscor|75/100 tox|[from] ability: Poison Heal
|upkeep
|turn|20
|
|t:|1779809200
|switch|p1a: Kingambit|Kingambit, M|100/100
|-damage|p1a: Kingambit|94/100|[from] Stealth Rock
|-damage|p1a: Kingambit|82/100|[from] Spikes
|move|p2a: Samurott|Aqua Cutter|p1a: Kingambit
|-damage|p1a: Kingambit|38/100
|
|-heal|p1a: Kingambit|44/100|[from] item: Leftovers
|upkeep
|turn|21
|
|t:|1779809208
|move|p2a: Samurott|Aqua Cutter|p1a: Kingambit
|-crit|p1a: Kingambit
|-damage|p1a: Kingambit|0 fnt
|faint|p1a: Kingambit
|-end|p1a: Kingambit|fallenundefined|[silent]
|
|upkeep
|
|t:|1779809212
|switch|p1a: Zamazenta|Zamazenta|60/100
|turn|22
|
|t:|1779809216
|switch|p2a: Pecharunt|Pecharunt|90/100
|move|p1a: Zamazenta|Close Combat|p2a: Pecharunt
|-immune|p2a: Pecharunt
|
|upkeep
|turn|23
|
|t:|1779809222
|switch|p1a: Iron Moth|Iron Moth|100/100
|move|p2a: Pecharunt|Parting Shot|p1a: Iron Moth
|-unboost|p1a: Iron Moth|atk|1
|-unboost|p1a: Iron Moth|spa|1
|
|t:|1779809225
|switch|p2a: Blissey|Blissey, F|91/100|[from] Parting Shot
|
|upkeep
|turn|24
|
|t:|1779809231
|-end|p1a: Iron Moth|Quark Drive|[silent]
|switch|p1a: Sinistcha|Sinistcha|94/100
|move|p2a: Blissey|Seismic Toss|p1a: Sinistcha
|-immune|p1a: Sinistcha
|
|upkeep
|turn|25
|
|t:|1779809235
|move|p1a: Sinistcha|Matcha Gotcha|p2a: Blissey|[miss]
|-miss|p1a: Sinistcha|p2a: Blissey
|move|p2a: Blissey|Shadow Ball|p1a: Sinistcha
|-supereffective|p1a: Sinistcha
|-damage|p1a: Sinistcha|62/100
|
|upkeep
|turn|26
|
|t:|1779809242
|move|p1a: Sinistcha|Strength Sap|p2a: Blissey
|-unboost|p2a: Blissey|atk|1
|-heal|p1a: Sinistcha|68/100
|move|p2a: Blissey|Calm Mind|p2a: Blissey
|-boost|p2a: Blissey|spa|1
|-boost|p2a: Blissey|spd|1
|
|upkeep
|turn|27
|
|t:|1779809246
|switch|p1a: Gliscor|Gliscor, M|75/100 tox
|-damage|p1a: Gliscor|62/100 tox|[from] Stealth Rock
|move|p2a: Blissey|Shadow Ball|p1a: Gliscor
|-damage|p1a: Gliscor|43/100 tox
|
|-heal|p1a: Gliscor|55/100 tox|[from] ability: Poison Heal
|upkeep
|turn|28
|
|t:|1779809253
|switch|p2a: Gliscor|Gliscor, F|100/100 tox
|-damage|p2a: Gliscor|88/100 tox|[from] Stealth Rock
|move|p1a: Gliscor|Earthquake|p2a: Gliscor
|-immune|p2a: Gliscor
|
|-heal|p2a: Gliscor|100/100 tox|[from] ability: Poison Heal
|-heal|p1a: Gliscor|68/100 tox|[from] ability: Poison Heal
|upkeep
|turn|29
|
|t:|1779809259
|switch|p1a: Sinistcha|Sinistcha|68/100
|move|p2a: Gliscor|Swords Dance|p2a: Gliscor
|-boost|p2a: Gliscor|atk|2
|
|upkeep
|turn|30
|
|t:|1779809264
|switch|p2a: Blissey|Blissey, F|91/100
|move|p1a: Sinistcha|Strength Sap|p2a: Blissey
|-unboost|p2a: Blissey|atk|1
|-heal|p1a: Sinistcha|75/100
|
|upkeep
|turn|31
|
|t:|1779809268
|switch|p1a: Corviknight|Corviknight, M|100/100
|-damage|p1a: Corviknight|88/100|[from] Stealth Rock
|-ability|p1a: Corviknight|Pressure
|move|p2a: Blissey|Seismic Toss|p1a: Corviknight
|-damage|p1a: Corviknight|63/100
|
|-heal|p1a: Corviknight|69/100|[from] item: Leftovers
|upkeep
|turn|32
|
|t:|1779809274
|switch|p2a: Pecharunt|Pecharunt|90/100
|move|p1a: Corviknight|Iron Head|p2a: Pecharunt
|-damage|p2a: Pecharunt|77/100
|
|-heal|p1a: Corviknight|75/100|[from] item: Leftovers
|upkeep
|turn|33
|j| nonchalantbufalant
|
|t:|1779809278
|move|p2a: Pecharunt|Shadow Ball|p1a: Corviknight
|-damage|p1a: Corviknight|59/100
|move|p1a: Corviknight|Iron Head|p2a: Pecharunt
|-damage|p2a: Pecharunt|64/100
|
|-heal|p1a: Corviknight|66/100|[from] item: Leftovers
|upkeep
|turn|34
|
|t:|1779809282
|move|p2a: Pecharunt|Shadow Ball|p1a: Corviknight
|-damage|p1a: Corviknight|50/100
|-unboost|p1a: Corviknight|spd|1
|move|p1a: Corviknight|Iron Head|p2a: Pecharunt
|-damage|p2a: Pecharunt|53/100
|
|-heal|p1a: Corviknight|56/100|[from] item: Leftovers
|upkeep
|turn|35
|
|t:|1779809286
|move|p2a: Pecharunt|Recover|p2a: Pecharunt
|-heal|p2a: Pecharunt|100/100
|move|p1a: Corviknight|Roost|p1a: Corviknight
|-heal|p1a: Corviknight|100/100
|-singleturn|p1a: Corviknight|move: Roost
|
|upkeep
|turn|36
|
|t:|1779809290
|switch|p1a: Iron Moth|Iron Moth|100/100
|move|p2a: Pecharunt|Parting Shot|p1a: Iron Moth
|-unboost|p1a: Iron Moth|atk|1
|-unboost|p1a: Iron Moth|spa|1
|
|t:|1779809295
|switch|p2a: Gliscor|Gliscor, F|100/100 tox|[from] Parting Shot
|-damage|p2a: Gliscor|88/100 tox|[from] Stealth Rock
|
|-heal|p2a: Gliscor|100/100 tox|[from] ability: Poison Heal
|upkeep
|turn|37
|
|t:|1779809299
|-end|p1a: Iron Moth|Quark Drive|[silent]
|switch|p1a: Sinistcha|Sinistcha|75/100
|move|p2a: Gliscor|Earthquake|p1a: Sinistcha
|-resisted|p1a: Sinistcha
|-damage|p1a: Sinistcha|64/100
|
|upkeep
|turn|38
|
|t:|1779809303
|switch|p2a: Blissey|Blissey, F|91/100
|move|p1a: Sinistcha|Matcha Gotcha|p2a: Blissey
|-damage|p2a: Blissey|81/100
|-heal|p1a: Sinistcha|74/100|[from] drain|[of] p2a: Blissey
|-status|p2a: Blissey|brn
|
|-damage|p2a: Blissey|74/100 brn|[from] brn
|upkeep
|turn|39
|
|t:|1779809309
|switch|p1a: Gliscor|Gliscor, M|68/100 tox
|-damage|p1a: Gliscor|55/100 tox|[from] Stealth Rock
|move|p2a: Blissey|Seismic Toss|p1a: Gliscor
|-damage|p1a: Gliscor|27/100 tox
|
|-heal|p1a: Gliscor|39/100 tox|[from] ability: Poison Heal
|-damage|p2a: Blissey|68/100 brn|[from] brn
|upkeep
|turn|40
|
|t:|1779809314
|-curestatus|p2a: Blissey|brn|[from] ability: Natural Cure|[silent]
|switch|p2a: Gliscor|Gliscor, F|100/100 tox
|-damage|p2a: Gliscor|88/100 tox|[from] Stealth Rock
|move|p1a: Gliscor|Knock Off|p2a: Gliscor
|-damage|p2a: Gliscor|77/100 tox
|
|-heal|p2a: Gliscor|89/100 tox|[from] ability: Poison Heal
|-heal|p1a: Gliscor|52/100 tox|[from] ability: Poison Heal
|upkeep
|turn|41
|
|t:|1779809320
|move|p2a: Gliscor|Swords Dance|p2a: Gliscor
|-boost|p2a: Gliscor|atk|2
|move|p1a: Gliscor|Knock Off|p2a: Gliscor
|-damage|p2a: Gliscor|77/100 tox
|
|-heal|p2a: Gliscor|89/100 tox|[from] ability: Poison Heal
|-heal|p1a: Gliscor|64/100 tox|[from] ability: Poison Heal
|upkeep
|turn|42
|
|t:|1779809323
|switch|p1a: Sinistcha|Sinistcha|74/100
|move|p2a: Gliscor|Earthquake|p1a: Sinistcha
|-resisted|p1a: Sinistcha
|-damage|p1a: Sinistcha|52/100
|
|-heal|p2a: Gliscor|100/100 tox|[from] ability: Poison Heal
|upkeep
|turn|43
|
|t:|1779809325
|move|p2a: Gliscor|Protect|p2a: Gliscor
|-singleturn|p2a: Gliscor|Protect
|move|p1a: Sinistcha|Matcha Gotcha|p2a: Gliscor
|-activate|p2a: Gliscor|move: Protect
|
|upkeep
|turn|44
|
|t:|1779809329
|switch|p2a: Blissey|Blissey, F|68/100
|move|p1a: Sinistcha|Matcha Gotcha|p2a: Blissey
|-damage|p2a: Blissey|58/100
|-heal|p1a: Sinistcha|61/100|[from] drain|[of] p2a: Blissey
|
|upkeep
|turn|45
|
|t:|1779809336
|switch|p1a: Corviknight|Corviknight, M|100/100
|-damage|p1a: Corviknight|88/100|[from] Stealth Rock
|-ability|p1a: Corviknight|Pressure
|move|p2a: Blissey|Soft-Boiled|p2a: Blissey
|-heal|p2a: Blissey|100/100
|
|-heal|p1a: Corviknight|94/100|[from] item: Leftovers
|upkeep
|turn|46
|
|t:|1779809341
|switch|p2a: Gliscor|Gliscor, F|100/100 tox
|-damage|p2a: Gliscor|88/100 tox|[from] Stealth Rock
|move|p1a: Corviknight|Iron Head|p2a: Gliscor
|-damage|p2a: Gliscor|69/100 tox
|
|-heal|p1a: Corviknight|100/100|[from] item: Leftovers
|-heal|p2a: Gliscor|82/100 tox|[from] ability: Poison Heal
|upkeep
|turn|47
|
|t:|1779809349
|switch|p1a: Sinistcha|Sinistcha|61/100
|move|p2a: Gliscor|Swords Dance|p2a: Gliscor
|-boost|p2a: Gliscor|atk|2
|
|-heal|p2a: Gliscor|94/100 tox|[from] ability: Poison Heal
|upkeep
|turn|48
|
|t:|1779809356
|switch|p2a: Blissey|Blissey, F|100/100
|move|p1a: Sinistcha|Matcha Gotcha|p2a: Blissey
|-damage|p2a: Blissey|91/100
|-heal|p1a: Sinistcha|71/100|[from] drain|[of] p2a: Blissey
|
|upkeep
|turn|49
|j| megurimeguru
|
|t:|1779809366
|switch|p1a: Corviknight|Corviknight, M|100/100
|-damage|p1a: Corviknight|88/100|[from] Stealth Rock
|-ability|p1a: Corviknight|Pressure
|move|p2a: Blissey|Seismic Toss|p1a: Corviknight
|-damage|p1a: Corviknight|63/100
|
|-heal|p1a: Corviknight|69/100|[from] item: Leftovers
|upkeep
|turn|50
|
|t:|1779809372
|switch|p2a: Pecharunt|Pecharunt|100/100
|move|p1a: Corviknight|Iron Head|p2a: Pecharunt
|-damage|p2a: Pecharunt|89/100
|
|-heal|p1a: Corviknight|75/100|[from] item: Leftovers
|upkeep
|turn|51
|
|t:|1779809375
|move|p2a: Pecharunt|Parting Shot|p1a: Corviknight
|-unboost|p1a: Corviknight|atk|1
|-unboost|p1a: Corviknight|spa|1
|
|t:|1779809378
|switch|p2a: Ogerpon|Ogerpon, F|100/100|[from] Parting Shot
|move|p1a: Corviknight|Iron Head|p2a: Ogerpon
|-damage|p2a: Ogerpon|78/100
|
|-heal|p1a: Corviknight|82/100|[from] item: Leftovers
|upkeep
|turn|52
|
|t:|1779809384
|switch|p1a: Iron Moth|Iron Moth|100/100
|move|p2a: Ogerpon|Knock Off|p1a: Iron Moth
|-damage|p1a: Iron Moth|54/100
|-enditem|p1a: Iron Moth|Heavy-Duty Boots|[from] move: Knock Off|[of] p2a: Ogerpon
|
|upkeep
|turn|53
|
|t:|1779809390
|switch|p2a: Gliscor|Gliscor, F|94/100 tox
|-damage|p2a: Gliscor|82/100 tox|[from] Stealth Rock
|move|p1a: Iron Moth|Morning Sun|p1a: Iron Moth
|-heal|p1a: Iron Moth|100/100
|
|-heal|p2a: Gliscor|94/100 tox|[from] ability: Poison Heal
|upkeep
|turn|54
|
|t:|1779809399
|-end|p1a: Iron Moth|Quark Drive|[silent]
|switch|p1a: Sinistcha|Sinistcha|71/100
|switch|p2a: Ogerpon|Ogerpon, F|78/100
|
|upkeep
|turn|55
|
|t:|1779809407
|switch|p1a: Gliscor|Gliscor, M|64/100 tox
|-damage|p1a: Gliscor|52/100 tox|[from] Stealth Rock
|move|p2a: Ogerpon|Knock Off|p1a: Gliscor
|-damage|p1a: Gliscor|29/100 tox
|-enditem|p1a: Gliscor|Toxic Orb|[from] move: Knock Off|[of] p2a: Ogerpon
|
|-heal|p1a: Gliscor|42/100 tox|[from] ability: Poison Heal
|upkeep
|turn|56
|
|t:|1779809410
|move|p1a: Gliscor|Protect|p1a: Gliscor
|-singleturn|p1a: Gliscor|Protect
|move|p2a: Ogerpon|Ivy Cudgel|p1a: Gliscor
|-activate|p1a: Gliscor|move: Protect
|
|-heal|p1a: Gliscor|54/100 tox|[from] ability: Poison Heal
|upkeep
|turn|57
|
|t:|1779809414
|move|p2a: Ogerpon|Encore|p1a: Gliscor
|-start|p1a: Gliscor|Encore
|move|p1a: Gliscor|Protect||[still]
|-fail|p1a: Gliscor
|
|-heal|p1a: Gliscor|67/100 tox|[from] ability: Poison Heal
|upkeep
|turn|58
|
|t:|1779809418
|move|p1a: Gliscor|Protect|p1a: Gliscor
|-singleturn|p1a: Gliscor|Protect
|move|p2a: Ogerpon|Ivy Cudgel|p1a: Gliscor
|-activate|p1a: Gliscor|move: Protect
|
|-heal|p1a: Gliscor|79/100 tox|[from] ability: Poison Heal
|upkeep
|turn|59
|
|t:|1779809421
|switch|p1a: Iron Moth|Iron Moth|100/100
|-damage|p1a: Iron Moth|75/100|[from] Stealth Rock
|-damage|p1a: Iron Moth|63/100|[from] Spikes
|move|p2a: Ogerpon|Ivy Cudgel|p1a: Iron Moth
|-resisted|p1a: Iron Moth
|-damage|p1a: Iron Moth|44/100
|
|upkeep
|turn|60
|
|t:|1779809425
|switch|p2a: Gliscor|Gliscor, F|94/100 tox
|-damage|p2a: Gliscor|82/100 tox|[from] Stealth Rock
|move|p1a: Iron Moth|Morning Sun|p1a: Iron Moth
|-heal|p1a: Iron Moth|94/100
|
|-heal|p2a: Gliscor|94/100 tox|[from] ability: Poison Heal
|upkeep
|turn|61
|
|t:|1779809431
|-end|p1a: Iron Moth|Quark Drive|[silent]
|switch|p1a: Sinistcha|Sinistcha|71/100
|move|p2a: Gliscor|Earthquake|p1a: Sinistcha
|-resisted|p1a: Sinistcha
|-damage|p1a: Sinistcha|59/100
|
|-heal|p2a: Gliscor|100/100 tox|[from] ability: Poison Heal
|upkeep
|turn|62
|
|t:|1779809436
|switch|p2a: Blissey|Blissey, F|91/100
|move|p1a: Sinistcha|Strength Sap|p2a: Blissey
|-unboost|p2a: Blissey|atk|1
|-heal|p1a: Sinistcha|66/100
|
|upkeep
|turn|63
|
|t:|1779809443
|switch|p1a: Corviknight|Corviknight, M|82/100
|-damage|p1a: Corviknight|69/100|[from] Stealth Rock
|-ability|p1a: Corviknight|Pressure
|move|p2a: Blissey|Seismic Toss|p1a: Corviknight
|-damage|p1a: Corviknight|44/100
|
|-heal|p1a: Corviknight|50/100|[from] item: Leftovers
|upkeep
|turn|64
|
|t:|1779809446
|switch|p2a: Gliscor|Gliscor, F|100/100 tox
|-damage|p2a: Gliscor|88/100 tox|[from] Stealth Rock
|move|p1a: Corviknight|Roost|p1a: Corviknight
|-heal|p1a: Corviknight|100/100
|-singleturn|p1a: Corviknight|move: Roost
|
|-heal|p2a: Gliscor|100/100 tox|[from] ability: Poison Heal
|upkeep
|turn|65
|
|t:|1779809449
|switch|p1a: Sinistcha|Sinistcha|66/100
|move|p2a: Gliscor|Facade|p1a: Sinistcha
|-immune|p1a: Sinistcha
|
|upkeep
|turn|66
|
|t:|1779809451
|switch|p2a: Blissey|Blissey, F|91/100
|move|p1a: Sinistcha|Matcha Gotcha|p2a: Blissey
|-damage|p2a: Blissey|80/100
|-heal|p1a: Sinistcha|76/100|[from] drain|[of] p2a: Blissey
|
|upkeep
|turn|67
|
|t:|1779809463
|switch|p1a: Corviknight|Corviknight, M|100/100
|-damage|p1a: Corviknight|88/100|[from] Stealth Rock
|-ability|p1a: Corviknight|Pressure
|move|p2a: Blissey|Shadow Ball|p1a: Corviknight
|-damage|p1a: Corviknight|77/100
|
|-heal|p1a: Corviknight|84/100|[from] item: Leftovers
|upkeep
|turn|68
|
|t:|1779809469
|switch|p2a: Pecharunt|Pecharunt|89/100
|move|p1a: Corviknight|Iron Head|p2a: Pecharunt
|-damage|p2a: Pecharunt|77/100
|
|-heal|p1a: Corviknight|90/100|[from] item: Leftovers
|upkeep
|turn|69
|
|t:|1779809473
|switch|p1a: Iron Moth|Iron Moth|94/100
|-damage|p1a: Iron Moth|69/100|[from] Stealth Rock
|-damage|p1a: Iron Moth|57/100|[from] Spikes
|move|p2a: Pecharunt|Parting Shot|p1a: Iron Moth
|-unboost|p1a: Iron Moth|atk|1
|-unboost|p1a: Iron Moth|spa|1
|
|t:|1779809478
|switch|p2a: Gliscor|Gliscor, F|100/100 tox|[from] Parting Shot
|-damage|p2a: Gliscor|88/100 tox|[from] Stealth Rock
|
|-heal|p2a: Gliscor|100/100 tox|[from] ability: Poison Heal
|upkeep
|turn|70
|
|t:|1779809483
|-end|p1a: Iron Moth|Quark Drive|[silent]
|switch|p1a: Corviknight|Corviknight, M|90/100
|-damage|p1a: Corviknight|77/100|[from] Stealth Rock
|-ability|p1a: Corviknight|Pressure
|move|p2a: Gliscor|Earthquake|p1a: Corviknight
|-immune|p1a: Corviknight
|
|-heal|p1a: Corviknight|84/100|[from] item: Leftovers
|upkeep
|turn|71
|
|t:|1779809491
|switch|p1a: Sinistcha|Sinistcha|76/100
|move|p2a: Gliscor|Swords Dance|p2a: Gliscor
|-boost|p2a: Gliscor|atk|2
|
|upkeep
|turn|72
|
|t:|1779809497
|move|p2a: Gliscor|Protect|p2a: Gliscor
|-singleturn|p2a: Gliscor|Protect
|move|p1a: Sinistcha|Matcha Gotcha|p2a: Gliscor
|-activate|p2a: Gliscor|move: Protect
|
|upkeep
|turn|73
|
|t:|1779809507
|switch|p2a: Blissey|Blissey, F|80/100
|move|p1a: Sinistcha|Matcha Gotcha|p2a: Blissey
|-damage|p2a: Blissey|71/100
|-heal|p1a: Sinistcha|85/100|[from] drain|[of] p2a: Blissey
|
|upkeep
|turn|74
|
|t:|1779809515
|switch|p1a: Corviknight|Corviknight, M|84/100
|-damage|p1a: Corviknight|71/100|[from] Stealth Rock
|-ability|p1a: Corviknight|Pressure
|move|p2a: Blissey|Seismic Toss|p1a: Corviknight
|-damage|p1a: Corviknight|46/100
|
|-heal|p1a: Corviknight|52/100|[from] item: Leftovers
|upkeep
|turn|75
|
|t:|1779809519
|move|p1a: Corviknight|Roost|p1a: Corviknight
|-heal|p1a: Corviknight|100/100
|-singleturn|p1a: Corviknight|move: Roost
|move|p2a: Blissey|Seismic Toss|p1a: Corviknight
|-damage|p1a: Corviknight|75/100
|
|-heal|p1a: Corviknight|82/100|[from] item: Leftovers
|upkeep
|turn|76
|
|t:|1779809526
|switch|p1a: Iron Moth|Iron Moth|57/100
|-damage|p1a: Iron Moth|32/100|[from] Stealth Rock
|-damage|p1a: Iron Moth|19/100|[from] Spikes
|switch|p2a: Skarmory|Skarmory, F|100/100
|
|upkeep
|turn|77
|
|t:|1779809530
|switch|p2a: Blissey|Blissey, F|71/100
|move|p1a: Iron Moth|Morning Sun|p1a: Iron Moth
|-heal|p1a: Iron Moth|69/100
|
|upkeep
|turn|78
|
|t:|1779809533
|move|p1a: Iron Moth|Toxic|p2a: Blissey
|-status|p2a: Blissey|tox
|move|p2a: Blissey|Calm Mind|p2a: Blissey
|-boost|p2a: Blissey|spa|1
|-boost|p2a: Blissey|spd|1
|
|-damage|p2a: Blissey|65/100 tox|[from] psn
|upkeep
|turn|79
|
|t:|1779809538
|move|p1a: Iron Moth|Morning Sun|p1a: Iron Moth
|-heal|p1a: Iron Moth|100/100
|move|p2a: Blissey|Shadow Ball|p1a: Iron Moth
|-damage|p1a: Iron Moth|85/100
|
|-damage|p2a: Blissey|52/100 tox|[from] psn
|upkeep
|turn|80
|
|t:|1779809544
|-end|p1a: Iron Moth|Quark Drive|[silent]
|switch|p1a: Corviknight|Corviknight, M|82/100
|-damage|p1a: Corviknight|69/100|[from] Stealth Rock
|-ability|p1a: Corviknight|Pressure
|move|p2a: Blissey|Soft-Boiled|p2a: Blissey
|-heal|p2a: Blissey|100/100 tox
|
|-heal|p1a: Corviknight|75/100|[from] item: Leftovers
|-damage|p2a: Blissey|82/100 tox|[from] psn
|upkeep
|turn|81
|
|t:|1779809550
|-curestatus|p2a: Blissey|tox|[from] ability: Natural Cure|[silent]
|switch|p2a: Skarmory|Skarmory, F|100/100
|move|p1a: Corviknight|Iron Head|p2a: Skarmory
|-resisted|p2a: Skarmory
|-damage|p2a: Skarmory|92/100
|
|-heal|p1a: Corviknight|82/100|[from] item: Leftovers
|upkeep
|turn|82
|
|t:|1779809566
|switch|p1a: Gliscor|Gliscor, M|79/100 tox
|-damage|p1a: Gliscor|67/100 tox|[from] Stealth Rock
|move|p2a: Skarmory|Whirlwind|p1a: Gliscor
|drag|p1a: Corviknight|Corviknight, M|82/100
|-damage|p1a: Corviknight|69/100|[from] Stealth Rock
|-ability|p1a: Corviknight|Pressure
|
|-heal|p1a: Corviknight|75/100|[from] item: Leftovers
|upkeep
|turn|83
|j| KangkongNation
|
|t:|1779809584
|move|p1a: Corviknight|Roost|p1a: Corviknight
|-heal|p1a: Corviknight|100/100
|-singleturn|p1a: Corviknight|move: Roost
|move|p2a: Skarmory|Whirlwind|p1a: Corviknight
|drag|p1a: Gliscor|Gliscor, M|67/100 tox
|-damage|p1a: Gliscor|54/100 tox|[from] Stealth Rock
|
|-heal|p1a: Gliscor|67/100 tox|[from] ability: Poison Heal
|upkeep
|turn|84
|l| KangkongNation
|
|t:|1779809595
|switch|p2a: Gliscor|Gliscor, F|100/100 tox
|-damage|p2a: Gliscor|88/100 tox|[from] Stealth Rock
|move|p1a: Gliscor|Knock Off|p2a: Gliscor
|-damage|p2a: Gliscor|76/100 tox
|
|-heal|p2a: Gliscor|89/100 tox|[from] ability: Poison Heal
|-heal|p1a: Gliscor|79/100 tox|[from] ability: Poison Heal
|upkeep
|turn|85
|
|t:|1779809604
|move|p1a: Gliscor|Protect|p1a: Gliscor
|-singleturn|p1a: Gliscor|Protect
|move|p2a: Gliscor|Swords Dance|p2a: Gliscor
|-boost|p2a: Gliscor|atk|2
|
|-heal|p2a: Gliscor|100/100 tox|[from] ability: Poison Heal
|-heal|p1a: Gliscor|92/100 tox|[from] ability: Poison Heal
|upkeep
|turn|86
|
|t:|1779809607
|move|p2a: Gliscor|Earthquake|p1a: Gliscor
|-immune|p1a: Gliscor
|move|p1a: Gliscor|Knock Off|p2a: Gliscor
|-damage|p2a: Gliscor|89/100 tox
|
|-heal|p2a: Gliscor|100/100 tox|[from] ability: Poison Heal
|-heal|p1a: Gliscor|100/100 tox|[from] ability: Poison Heal
|upkeep
|turn|87
|
|t:|1779809613
|switch|p1a: Sinistcha|Sinistcha|85/100
|move|p2a: Gliscor|Swords Dance|p2a: Gliscor
|-boost|p2a: Gliscor|atk|2
|
|upkeep
|turn|88
|l| megurimeguru
|
|t:|1779809618
|move|p2a: Gliscor|Protect|p2a: Gliscor
|-singleturn|p2a: Gliscor|Protect
|move|p1a: Sinistcha|Foul Play|p2a: Gliscor
|-activate|p2a: Gliscor|move: Protect
|
|upkeep
|turn|89
|
|t:|1779809623
|switch|p2a: Blissey|Blissey, F|82/100
|move|p1a: Sinistcha|Matcha Gotcha|p2a: Blissey
|-damage|p2a: Blissey|72/100
|-heal|p1a: Sinistcha|95/100|[from] drain|[of] p2a: Blissey
|
|upkeep
|turn|90
|
|t:|1779809632
|switch|p1a: Corviknight|Corviknight, M|100/100
|-damage|p1a: Corviknight|88/100|[from] Stealth Rock
|-ability|p1a: Corviknight|Pressure
|move|p2a: Blissey|Seismic Toss|p1a: Corviknight
|-damage|p1a: Corviknight|63/100
|
|-heal|p1a: Corviknight|69/100|[from] item: Leftovers
|upkeep
|turn|91
|
|t:|1779809646
|switch|p2a: Skarmory|Skarmory, F|92/100
|move|p1a: Corviknight|Iron Head|p2a: Skarmory
|-resisted|p2a: Skarmory
|-damage|p2a: Skarmory|85/100
|
|-heal|p1a: Corviknight|75/100|[from] item: Leftovers
|upkeep
|turn|92
|
|t:|1779809659
|move|p1a: Corviknight|Sleep Talk||[still]
|-fail|p1a: Corviknight
|move|p2a: Skarmory|Whirlwind|p1a: Corviknight
|drag|p1a: Zamazenta|Zamazenta|60/100
|
|upkeep
|turn|93
|
|t:|1779809667
|switch|p1a: Sinistcha|Sinistcha|95/100
|switch|p2a: Pecharunt|Pecharunt|77/100
|
|upkeep
|turn|94
|l|☆75 raw men
|inactive|75 raw men disconnected and has a minute to reconnect!
|player|p2|
|
|t:|1779809676
|switch|p1a: Gliscor|Gliscor, M|100/100 tox
|-damage|p1a: Gliscor|88/100 tox|[from] Stealth Rock
|move|p2a: Pecharunt|Toxic|p1a: Gliscor
|-fail|p1a: Gliscor|tox
|
|-heal|p1a: Gliscor|100/100 tox|[from] ability: Poison Heal
|upkeep
|turn|95
|j|☆75 raw men
|inactive|75 raw men reconnected and has 150 seconds left.
|player|p2|75 raw men|102|
|
|t:|1779809682
|switch|p2a: Gliscor|Gliscor, F|100/100 tox
|-damage|p2a: Gliscor|88/100 tox|[from] Stealth Rock
|move|p1a: Gliscor|Knock Off|p2a: Gliscor
|-damage|p2a: Gliscor|77/100 tox
|
|-heal|p2a: Gliscor|89/100 tox|[from] ability: Poison Heal
|upkeep
|turn|96
|
|t:|1779809688
|switch|p1a: Sinistcha|Sinistcha|95/100
|move|p2a: Gliscor|Swords Dance|p2a: Gliscor
|-boost|p2a: Gliscor|atk|2
|
|-heal|p2a: Gliscor|100/100 tox|[from] ability: Poison Heal
|upkeep
|turn|97
|
|t:|1779809694
|switch|p2a: Blissey|Blissey, F|72/100
|move|p1a: Sinistcha|Foul Play|p2a: Blissey
|-damage|p2a: Blissey|69/100
|
|upkeep
|turn|98
|
|t:|1779809709
|switch|p1a: Corviknight|Corviknight, M|75/100
|-damage|p1a: Corviknight|63/100|[from] Stealth Rock
|-ability|p1a: Corviknight|Pressure
|move|p2a: Blissey|Calm Mind|p2a: Blissey
|-boost|p2a: Blissey|spa|1
|-boost|p2a: Blissey|spd|1
|
|-heal|p1a: Corviknight|69/100|[from] item: Leftovers
|upkeep
|turn|99
|
|t:|1779809718
|switch|p2a: Skarmory|Skarmory, F|85/100
|move|p1a: Corviknight|Sleep Talk||[still]
|-fail|p1a: Corviknight
|
|-heal|p1a: Corviknight|75/100|[from] item: Leftovers
|upkeep
|turn|100
|
|t:|1779809723
|move|p2a: Skarmory|Body Press|p1a: Corviknight
|-damage|p1a: Corviknight|50/100
|move|p1a: Corviknight|Sleep Talk||[still]
|-fail|p1a: Corviknight
|
|-heal|p1a: Corviknight|56/100|[from] item: Leftovers
|upkeep
|turn|101
|
|t:|1779809728
|move|p2a: Skarmory|Body Press|p1a: Corviknight
|-crit|p1a: Corviknight
|-damage|p1a: Corviknight|16/100
|move|p1a: Corviknight|Roost|p1a: Corviknight
|-heal|p1a: Corviknight|66/100
|-singleturn|p1a: Corviknight|move: Roost
|
|-heal|p1a: Corviknight|73/100|[from] item: Leftovers
|upkeep
|turn|102
|
|t:|1779809737
|move|p1a: Corviknight|Sleep Talk||[still]
|-fail|p1a: Corviknight
|move|p2a: Skarmory|Whirlwind|p1a: Corviknight
|drag|p1a: Iron Moth|Iron Moth|85/100
|-damage|p1a: Iron Moth|60/100|[from] Stealth Rock
|-damage|p1a: Iron Moth|47/100|[from] Spikes
|
|upkeep
|turn|103
|
|t:|1779809744
|switch|p2a: Blissey|Blissey, F|69/100
|move|p1a: Iron Moth|Morning Sun|p1a: Iron Moth
|-heal|p1a: Iron Moth|97/100
|
|upkeep
|turn|104
|
|t:|1779809755
|move|p1a: Iron Moth|Sludge Wave|p2a: Blissey
|-damage|p2a: Blissey|57/100
|move|p2a: Blissey|Seismic Toss|p1a: Iron Moth
|-damage|p1a: Iron Moth|70/100
|
|upkeep
|turn|105
|
|t:|1779809762
|switch|p2a: Gliscor|Gliscor, F|100/100 tox
|-damage|p2a: Gliscor|88/100 tox|[from] Stealth Rock
|move|p1a: Iron Moth|Toxic|p2a: Gliscor
|-fail|p2a: Gliscor|tox
|
|-heal|p2a: Gliscor|100/100 tox|[from] ability: Poison Heal
|upkeep
|turn|106
|
|t:|1779809773
|-end|p1a: Iron Moth|Quark Drive|[silent]
|switch|p1a: Sinistcha|Sinistcha|95/100
|switch|p2a: Samurott|Samurott-Hisui, F|86/100
|-damage|p2a: Samurott|62/100|[from] Spikes
|-damage|p2a: Samurott|49/100|[from] Stealth Rock
|
|upkeep
|turn|107
|
|t:|1779809786
|move|p2a: Samurott|Knock Off|p1a: Sinistcha
|-supereffective|p1a: Sinistcha
|-damage|p1a: Sinistcha|32/100
|-enditem|p1a: Sinistcha|Heavy-Duty Boots|[from] move: Knock Off|[of] p2a: Samurott
|move|p1a: Sinistcha|Matcha Gotcha|p2a: Samurott
|-supereffective|p2a: Samurott
|-damage|p2a: Samurott|0 fnt
|-heal|p1a: Sinistcha|55/100|[from] drain|[of] p2a: Samurott
|faint|p2a: Samurott
|
|upkeep
|
|t:|1779809795
|switch|p2a: Pecharunt|Pecharunt|77/100
|turn|108
|
|t:|1779809800
|switch|p1a: Gliscor|Gliscor, M|100/100 tox
|-damage|p1a: Gliscor|88/100 tox|[from] Stealth Rock
|move|p2a: Pecharunt|Parting Shot|p1a: Gliscor
|-unboost|p1a: Gliscor|atk|1
|-unboost|p1a: Gliscor|spa|1
|
|t:|1779809802
|switch|p2a: Gliscor|Gliscor, F|100/100 tox|[from] Parting Shot
|-damage|p2a: Gliscor|88/100 tox|[from] Stealth Rock
|
|-heal|p2a: Gliscor|100/100 tox|[from] ability: Poison Heal
|-heal|p1a: Gliscor|100/100 tox|[from] ability: Poison Heal
|upkeep
|turn|109
|
|t:|1779809816
|move|p2a: Gliscor|Swords Dance|p2a: Gliscor
|-boost|p2a: Gliscor|atk|2
|move|p1a: Gliscor|Knock Off|p2a: Gliscor
|-damage|p2a: Gliscor|93/100 tox
|
|-heal|p2a: Gliscor|100/100 tox|[from] ability: Poison Heal
|upkeep
|turn|110
|
|t:|1779809823
|switch|p1a: Sinistcha|Sinistcha|55/100
|-damage|p1a: Sinistcha|42/100|[from] Stealth Rock
|-damage|p1a: Sinistcha|30/100|[from] Spikes
|move|p2a: Gliscor|Facade|p1a: Sinistcha
|-immune|p1a: Sinistcha
|
|upkeep
|turn|111
|
|t:|1779809830
|switch|p2a: Blissey|Blissey, F|57/100
|move|p1a: Sinistcha|Strength Sap|p2a: Blissey
|-unboost|p2a: Blissey|atk|1
|-heal|p1a: Sinistcha|36/100
|
|upkeep
|turn|112
|
|t:|1779809833
|move|p1a: Sinistcha|Matcha Gotcha|p2a: Blissey|[miss]
|-miss|p1a: Sinistcha|p2a: Blissey
|move|p2a: Blissey|Shadow Ball|p1a: Sinistcha
|-supereffective|p1a: Sinistcha
|-damage|p1a: Sinistcha|0 fnt
|faint|p1a: Sinistcha
|
|upkeep
|
|t:|1779809838
|switch|p1a: Zamazenta|Zamazenta|60/100
|turn|113
|
|t:|1779809843
|switch|p2a: Pecharunt|Pecharunt|77/100
|move|p1a: Zamazenta|Crunch|p2a: Pecharunt
|-supereffective|p2a: Pecharunt
|-damage|p2a: Pecharunt|50/100
|
|upkeep
|turn|114
|
|t:|1779809846
|move|p1a: Zamazenta|Crunch|p2a: Pecharunt
|-supereffective|p2a: Pecharunt
|-damage|p2a: Pecharunt|26/100
|move|p2a: Pecharunt|Recover|p2a: Pecharunt
|-heal|p2a: Pecharunt|76/100
|
|upkeep
|turn|115
|
|t:|1779809849
|switch|p1a: Gliscor|Gliscor, M|100/100 tox
|-damage|p1a: Gliscor|88/100 tox|[from] Stealth Rock
|move|p2a: Pecharunt|Toxic|p1a: Gliscor
|-fail|p1a: Gliscor|tox
|
|-heal|p1a: Gliscor|100/100 tox|[from] ability: Poison Heal
|upkeep
|turn|116
|
|t:|1779809858
|switch|p2a: Gliscor|Gliscor, F|100/100 tox
|-damage|p2a: Gliscor|88/100 tox|[from] Stealth Rock
|move|p1a: Gliscor|Earthquake|p2a: Gliscor
|-immune|p2a: Gliscor
|
|-heal|p2a: Gliscor|100/100 tox|[from] ability: Poison Heal
|upkeep
|turn|117
|j| padd35
|-message|4axes forfeited.
|
|win|75 raw men
|raw|4axes's rating: 1655 &rarr; <strong>1636</strong><br />(-19 for losing)
|raw|75 raw men's rating: 1666 &rarr; <strong>1685</strong><br />(+19 for winning)
|l|☆4axes
|player|p1|
|l| nonchalantbufalant
|l|☆75 raw men
|player|p2|
