|j|☆klopkik
|j|☆extra-pseudo man
|t:|1779928653
|gametype|singles
|player|p1|klopkik|101|1577
|player|p2|extra-pseudo man|ghetsis-gen5bw|1573
|gen|9
|tier|[Gen 9] OU
|rated|
|rule|HP Percentage Mod: HP is shown in percentages
|rule|Endless Battle Clause: Forcing endless battles is banned
|rule|Species Clause: Limit one of each Pokémon
|rule|OHKO Clause: OHKO moves are banned
|rule|Evasion Items Clause: Evasion items are banned
|rule|Evasion Moves Clause: Evasion moves are banned
|rule|Evasion Abilities Clause: Evasion abilities are banned
|rule|Sleep Moves Clause: Sleep-inducing moves are banned
|clearpoke
|poke|p1|Ursaluna, F|
|poke|p1|Toxapex, F|
|poke|p1|Heatran, M|
|poke|p1|Hydreigon, F|
|poke|p1|Hatterene, F|
|poke|p1|Conkeldurr, M|
|poke|p2|Dragonite, F|
|poke|p2|Dragapult, M|
|poke|p2|Tyranitar, M|
|poke|p2|Metagross|
|poke|p2|Goodra-Hisui, F|
|poke|p2|Garchomp, M|
|teampreview
|inactive|Battle timer is ON: inactive players will automatically lose when time's up. (requested by extra-pseudo man)
|inactive|extra-pseudo man has 120 seconds left.
|c|☆extra-pseudo man|gl
|inactive|extra-pseudo man has 90 seconds left.
|c|☆klopkik|u2
|
|t:|1779928720
|teamsize|p1|6
|teamsize|p2|6
|start
|switch|p1a: Conkeldurr|Conkeldurr, M|100/100
|switch|p2a: Big Man|Tyranitar, M|100/100
|-weather|Sandstorm|[from] ability: Sand Stream|[of] p2a: Big Man
|turn|1
|
|t:|1779928728
|switch|p2a: Spiky man|Garchomp, M|100/100
|move|p1a: Conkeldurr|Mach Punch|p2a: Spiky man
|-damage|p2a: Spiky man|85/100
|-damage|p1a: Conkeldurr|88/100|[from] ability: Rough Skin|[of] p2a: Spiky man
|-damage|p1a: Conkeldurr|72/100|[from] item: Rocky Helmet|[of] p2a: Spiky man
|
|-weather|Sandstorm|[upkeep]
|-damage|p1a: Conkeldurr|65/100|[from] Sandstorm
|upkeep
|turn|2
|
|t:|1779928732
|move|p2a: Spiky man|Earthquake|p1a: Conkeldurr
|-damage|p1a: Conkeldurr|30/100
|move|p1a: Conkeldurr|Ice Punch|p2a: Spiky man
|-supereffective|p2a: Spiky man
|-damage|p2a: Spiky man|9/100
|-damage|p1a: Conkeldurr|18/100|[from] ability: Rough Skin|[of] p2a: Spiky man
|-damage|p1a: Conkeldurr|1/100|[from] item: Rocky Helmet|[of] p2a: Spiky man
|
|-weather|Sandstorm|[upkeep]
|-damage|p1a: Conkeldurr|0 fnt|[from] Sandstorm
|faint|p1a: Conkeldurr
|upkeep
|
|t:|1779928750
|switch|p1a: Hydreigon|Hydreigon, F|100/100
|turn|3
|
|t:|1779928755
|-terastallize|p1a: Hydreigon|Steel
|move|p1a: Hydreigon|Flash Cannon|p2a: Spiky man
|-crit|p2a: Spiky man
|-damage|p2a: Spiky man|0 fnt
|faint|p2a: Spiky man
|
|-weather|Sandstorm|[upkeep]
|upkeep
|
|t:|1779928784
|switch|p2a: Big Man|Tyranitar, M|100/100
|turn|4
|
|t:|1779928789
|switch|p1a: Hatterene|Hatterene, F|100/100
|move|p2a: Big Man|Knock Off|p1a: Hatterene
|-damage|p1a: Hatterene|65/100
|-enditem|p1a: Hatterene|Leftovers|[from] move: Knock Off|[of] p2a: Big Man
|
|-weather|Sandstorm|[upkeep]
|-damage|p1a: Hatterene|59/100|[from] Sandstorm
|upkeep
|turn|5
|
|t:|1779928795
|move|p1a: Hatterene|Pain Split|p2a: Big Man
|-sethp|p2a: Big Man|73/100|[from] move: Pain Split|[silent]
|-sethp|p1a: Hatterene|93/100|[from] move: Pain Split
|move|p2a: Big Man|Roar|p1a: Hatterene
|move|p1a: Hatterene|Roar|p2a: Big Man|[from] ability: Magic Bounce
|drag|p2a: The goot|Goodra-Hisui, F|100/100
|
|-weather|none
|upkeep
|turn|6
|
|t:|1779928806
|switch|p1a: Toxapex|Toxapex, F|100/100
|move|p2a: The goot|Flash Cannon|p1a: Toxapex
|-resisted|p1a: Toxapex
|-damage|p1a: Toxapex|81/100
|-enditem|p1a: Toxapex|Eject Button
|
|t:|1779928811
|switch|p1a: Ursaluna|Ursaluna, F|100/100
|
|-status|p1a: Ursaluna|brn|[from] item: Flame Orb
|upkeep
|turn|7
|
|t:|1779928820
|switch|p2a: Jonny Drag|Dragonite, F|100/100
|move|p1a: Ursaluna|Headlong Rush|p2a: Jonny Drag
|-immune|p2a: Jonny Drag
|
|-damage|p1a: Ursaluna|94/100 brn|[from] brn
|upkeep
|turn|8
|
|t:|1779928827
|move|p2a: Jonny Drag|Encore|p1a: Ursaluna
|-start|p1a: Ursaluna|Encore
|move|p1a: Ursaluna|Headlong Rush|p2a: Jonny Drag
|-immune|p2a: Jonny Drag
|
|-damage|p1a: Ursaluna|88/100 brn|[from] brn
|upkeep
|turn|9
|
|t:|1779928834
|switch|p1a: Toxapex|Toxapex, F|100/100
|move|p2a: Jonny Drag|Dragon Dance|p2a: Jonny Drag
|-boost|p2a: Jonny Drag|atk|1
|-boost|p2a: Jonny Drag|spe|1
|
|upkeep
|turn|10
|
|t:|1779928840
|switch|p2a: Kabloom|Metagross|100/100
|move|p1a: Toxapex|Haze|p1a: Toxapex
|-clearallboost
|
|upkeep
|turn|11
|
|t:|1779928852
|move|p2a: Kabloom|Earthquake|p1a: Toxapex
|-supereffective|p1a: Toxapex
|-damage|p1a: Toxapex|3/100
|move|p1a: Toxapex|Toxic Spikes|p2a: Kabloom
|-sidestart|p2: extra-pseudo man|move: Toxic Spikes
|
|upkeep
|turn|12
|
|t:|1779928858
|switch|p2a: Big Man|Tyranitar, M|73/100
|-status|p2a: Big Man|psn
|-weather|Sandstorm|[from] ability: Sand Stream|[of] p2a: Big Man
|switch|p1a: Hydreigon|Hydreigon, F, tera:Steel|100/100
|
|-weather|Sandstorm|[upkeep]
|-heal|p2a: Big Man|79/100 psn|[from] item: Leftovers
|-damage|p2a: Big Man|67/100 psn|[from] psn
|upkeep
|turn|13
|
|t:|1779928869
|switch|p1a: Hatterene|Hatterene, F|93/100
|move|p2a: Big Man|Knock Off|p1a: Hatterene
|-damage|p1a: Hatterene|69/100
|
|-weather|Sandstorm|[upkeep]
|-damage|p1a: Hatterene|63/100|[from] Sandstorm
|-heal|p2a: Big Man|73/100 psn|[from] item: Leftovers
|-damage|p2a: Big Man|61/100 psn|[from] psn
|upkeep
|turn|14
|
|t:|1779928880
|move|p2a: Big Man|Knock Off|p1a: Hatterene
|-damage|p1a: Hatterene|42/100
|move|p1a: Hatterene|Draining Kiss|p2a: Big Man
|-supereffective|p2a: Big Man
|-damage|p2a: Big Man|44/100 psn
|-heal|p1a: Hatterene|58/100|[from] drain|[of] p2a: Big Man
|
|-weather|Sandstorm|[upkeep]
|-damage|p1a: Hatterene|52/100|[from] Sandstorm
|-heal|p2a: Big Man|50/100 psn|[from] item: Leftovers
|-damage|p2a: Big Man|38/100 psn|[from] psn
|upkeep
|turn|15
|
|t:|1779928883
|switch|p2a: Kabloom|Metagross|100/100
|move|p1a: Hatterene|Draining Kiss|p2a: Kabloom
|-resisted|p2a: Kabloom
|-damage|p2a: Kabloom|88/100
|-heal|p1a: Hatterene|62/100|[from] drain|[of] p2a: Kabloom
|
|-weather|Sandstorm|[upkeep]
|-damage|p1a: Hatterene|56/100|[from] Sandstorm
|upkeep
|turn|16
|
|t:|1779928897
|switch|p1a: Heatran|Heatran, M|100/100
|-item|p1a: Heatran|Air Balloon
|move|p2a: Kabloom|Knock Off|p1a: Heatran
|-damage|p1a: Heatran|53/100
|-enditem|p1a: Heatran|Air Balloon
|
|-weather|none
|upkeep
|turn|17
|
|t:|1779928906
|switch|p2a: Big Man|Tyranitar, M|38/100 psn
|-weather|Sandstorm|[from] ability: Sand Stream|[of] p2a: Big Man
|move|p1a: Heatran|Stealth Rock|p2a: Big Man
|-sidestart|p2: extra-pseudo man|move: Stealth Rock
|
|-weather|Sandstorm|[upkeep]
|-heal|p2a: Big Man|44/100 psn|[from] item: Leftovers
|-damage|p2a: Big Man|32/100 psn|[from] psn
|upkeep
|turn|18
|
|t:|1779928913
|switch|p1a: Hatterene|Hatterene, F|56/100
|move|p2a: Big Man|Roar|p1a: Hatterene
|move|p1a: Hatterene|Roar|p2a: Big Man|[from] ability: Magic Bounce
|drag|p2a: The goot|Goodra-Hisui, F|100/100
|-damage|p2a: The goot|94/100|[from] Stealth Rock
|
|-weather|Sandstorm|[upkeep]
|-damage|p1a: Hatterene|50/100|[from] Sandstorm
|upkeep
|turn|19
|
|t:|1779928923
|switch|p1a: Toxapex|Toxapex, F|37/100
|move|p2a: The goot|Ice Beam|p1a: Toxapex
|-resisted|p1a: Toxapex
|-damage|p1a: Toxapex|22/100
|
|-weather|Sandstorm|[upkeep]
|-damage|p1a: Toxapex|16/100|[from] Sandstorm
|upkeep
|turn|20
|
|t:|1779928929
|switch|p1a: Hatterene|Hatterene, F|50/100
|move|p2a: The goot|Ice Beam|p1a: Hatterene
|-damage|p1a: Hatterene|0 fnt
|faint|p1a: Hatterene
|
|-weather|Sandstorm|[upkeep]
|upkeep
|
|t:|1779928935
|switch|p1a: Ursaluna|Ursaluna, F|88/100 brn
|turn|21
|
|t:|1779928939
|move|p2a: The goot|Ice Beam|p1a: Ursaluna
|-supereffective|p1a: Ursaluna
|-damage|p1a: Ursaluna|0 fnt
|faint|p1a: Ursaluna
|
|-weather|none
|upkeep
|
|t:|1779928948
|switch|p1a: Hydreigon|Hydreigon, F, tera:Steel|100/100
|turn|22
|
|t:|1779928954
|switch|p2a: Big Man|Tyranitar, M|32/100 psn
|-damage|p2a: Big Man|19/100 psn|[from] Stealth Rock
|-weather|Sandstorm|[from] ability: Sand Stream|[of] p2a: Big Man
|move|p1a: Hydreigon|Earth Power|p2a: Big Man
|-supereffective|p2a: Big Man
|-damage|p2a: Big Man|0 fnt
|faint|p2a: Big Man
|
|-weather|Sandstorm|[upkeep]
|upkeep
|
|t:|1779928973
|switch|p2a: The goot|Goodra-Hisui, F|94/100
|-damage|p2a: The goot|88/100|[from] Stealth Rock
|turn|23
|
|t:|1779928978
|switch|p1a: Heatran|Heatran, M|53/100
|move|p2a: The goot|Thunderbolt|p1a: Heatran
|-damage|p1a: Heatran|24/100
|
|-weather|Sandstorm|[upkeep]
|upkeep
|turn|24
|
|t:|1779928987
|move|p2a: The goot|Thunderbolt|p1a: Heatran
|-damage|p1a: Heatran|0 fnt
|faint|p1a: Heatran
|
|-weather|Sandstorm|[upkeep]
|upkeep
|
|t:|1779928989
|switch|p1a: Hydreigon|Hydreigon, F, tera:Steel|100/100
|turn|25
|
|t:|1779928991
|move|p1a: Hydreigon|Earth Power|p2a: The goot
|-supereffective|p2a: The goot
|-damage|p2a: The goot|14/100
|move|p2a: The goot|Thunderbolt|p1a: Hydreigon
|-damage|p1a: Hydreigon|51/100
|
|-weather|Sandstorm|[upkeep]
|upkeep
|turn|26
|
|t:|1779928997
|switch|p2a: Jonny Drag|Dragonite, F|100/100
|move|p1a: Hydreigon|Earth Power|p2a: Jonny Drag
|-immune|p2a: Jonny Drag
|
|-weather|none
|upkeep
|turn|27
|
|t:|1779929001
|switch|p1a: Toxapex|Toxapex, F|49/100
|move|p2a: Jonny Drag|Dragon Dance|p2a: Jonny Drag
|-boost|p2a: Jonny Drag|atk|1
|-boost|p2a: Jonny Drag|spe|1
|
|upkeep
|turn|28
|
|t:|1779929005
|move|p2a: Jonny Drag|Earthquake|p1a: Toxapex
|-supereffective|p1a: Toxapex
|-damage|p1a: Toxapex|0 fnt
|faint|p1a: Toxapex
|
|upkeep
|
|t:|1779929010
|switch|p1a: Hydreigon|Hydreigon, F, tera:Steel|51/100
|turn|29
|
|t:|1779929014
|-terastallize|p2a: Jonny Drag|Normal
|move|p2a: Jonny Drag|Extreme Speed|p1a: Hydreigon
|-resisted|p1a: Hydreigon
|-crit|p1a: Hydreigon
|-damage|p1a: Hydreigon|0 fnt
|faint|p1a: Hydreigon
|
|win|extra-pseudo man
|raw|klopkik's rating: 1577 &rarr; <strong>1557</strong><br />(-20 for losing)
|raw|extra-pseudo man's rating: 1573 &rarr; <strong>1593</strong><br />(+20 for winning)
|l|☆klopkik
|player|p1|
|l|☆extra-pseudo man
|player|p2|
