|j|☆KenjiShiguma
|j|☆Its shrooin time
|t:|1779964410
|gametype|singles
|player|p1|KenjiShiguma|pokemonbreeder-gen4|1118
|player|p2|Its shrooin time|1|1094
|gen|9
|tier|[Gen 9] OU
|rated|
|rule|HP Percentage Mod: HP is shown in percentages
|rule|Endless Battle Clause: Forcing endless battles is banned
|rule|Species Clause: Limit one of each Pokémon
|rule|OHKO Clause: OHKO moves are banned
|rule|Evasion Items Clause: Evasion items are banned
|rule|Evasion Moves Clause: Evasion moves are banned
|rule|Evasion Abilities Clause: Evasion abilities are banned
|rule|Sleep Moves Clause: Sleep-inducing moves are banned
|clearpoke
|poke|p1|Golduck, M|
|poke|p1|Porygon2|
|poke|p1|Gardevoir, F|
|poke|p1|Grumpig, F|
|poke|p1|Toxapex, M|
|poke|p1|Sandaconda, F|
|poke|p2|Brute Bonnet|
|poke|p2|Amoonguss, F|
|poke|p2|Breloom, F|
|poke|p2|Goodra, F|
|poke|p2|Orthworm, M|
|poke|p2|Brambleghast, M|
|teampreview
|
|t:|1779964437
|teamsize|p1|6
|teamsize|p2|6
|start
|switch|p1a: Sandaconda|Sandaconda, F|100/100
|switch|p2a: Bush=mushroom?|Brambleghast, M|100/100
|turn|1
|
|t:|1779964447
|move|p2a: Bush=mushroom?|Power Whip|p1a: Sandaconda
|-supereffective|p1a: Sandaconda
|-damage|p1a: Sandaconda|32/100
|-damage|p2a: Bush=mushroom?|84/100|[from] item: Rocky Helmet|[of] p1a: Sandaconda
|move|p1a: Sandaconda|Glare|p2a: Bush=mushroom?
|-status|p2a: Bush=mushroom?|par
|
|upkeep
|turn|2
|
|t:|1779964457
|switch|p1a: Toxapex|Toxapex, M|100/100
|move|p2a: Bush=mushroom?|Power Whip|p1a: Toxapex
|-damage|p1a: Toxapex|66/100
|
|upkeep
|turn|3
|
|t:|1779964466
|switch|p2a: Mushroom|Amoonguss, F|100/100
|move|p1a: Toxapex|Acid Spray|p2a: Mushroom
|-damage|p2a: Mushroom|95/100
|-unboost|p2a: Mushroom|spd|2
|
|upkeep
|turn|4
|
|t:|1779964479
|switch|p2a: Also not a shroom|Orthworm, M|100/100
|move|p1a: Toxapex|Infestation|p2a: Also not a shroom
|-resisted|p2a: Also not a shroom
|-damage|p2a: Also not a shroom|99/100
|-activate|p2a: Also not a shroom|move: Infestation|[of] p1a: Toxapex
|
|-heal|p2a: Also not a shroom|100/100|[from] item: Leftovers
|-damage|p2a: Also not a shroom|88/100|[from] move: Infestation|[partiallytrapped]
|upkeep
|turn|5
|
|t:|1779964489
|move|p2a: Also not a shroom|Stealth Rock|p1a: Toxapex
|-sidestart|p1: KenjiShiguma|move: Stealth Rock
|move|p1a: Toxapex|Chilling Water|p2a: Also not a shroom
|-damage|p2a: Also not a shroom|77/100
|-unboost|p2a: Also not a shroom|atk|1
|
|-heal|p2a: Also not a shroom|83/100|[from] item: Leftovers
|-damage|p2a: Also not a shroom|71/100|[from] move: Infestation|[partiallytrapped]
|upkeep
|turn|6
|
|t:|1779964504
|switch|p1a: Golduck|Golduck, M|100/100
|-damage|p1a: Golduck|88/100|[from] Stealth Rock
|-ability|p1a: Golduck|Cloud Nine
|move|p2a: Also not a shroom|Iron Defense|p2a: Also not a shroom
|-boost|p2a: Also not a shroom|def|2
|
|-heal|p2a: Also not a shroom|77/100|[from] item: Leftovers
|-end|p2a: Also not a shroom|Infestation|[partiallytrapped]|[silent]
|upkeep
|turn|7
|
|t:|1779964514
|switch|p2a: Mushroom|Amoonguss, F|100/100
|move|p1a: Golduck|Encore||[still]
|-fail|p1a: Golduck
|
|upkeep
|turn|8
|
|t:|1779964526
|switch|p1a: Toxapex|Toxapex, M|99/100
|-damage|p1a: Toxapex|87/100|[from] Stealth Rock
|move|p2a: Mushroom|Giga Drain|p1a: Toxapex
|-damage|p1a: Toxapex|74/100
|
|upkeep
|turn|9
|
|t:|1779964534
|switch|p2a: Punchy mushroom|Breloom, F|100/100
|move|p1a: Toxapex|Infestation|p2a: Punchy mushroom
|-damage|p2a: Punchy mushroom|96/100
|-activate|p2a: Punchy mushroom|move: Infestation|[of] p1a: Toxapex
|
|-damage|p2a: Punchy mushroom|83/100|[from] move: Infestation|[partiallytrapped]
|-status|p2a: Punchy mushroom|tox|[from] item: Toxic Orb
|upkeep
|turn|10
|
|t:|1779964545
|move|p2a: Punchy mushroom|Leech Seed|p1a: Toxapex
|-start|p1a: Toxapex|move: Leech Seed
|move|p1a: Toxapex|Chilling Water|p2a: Punchy mushroom
|-resisted|p2a: Punchy mushroom
|-damage|p2a: Punchy mushroom|75/100 tox
|-unboost|p2a: Punchy mushroom|atk|1
|
|-damage|p1a: Toxapex|61/100|[from] Leech Seed|[of] p2a: Punchy mushroom
|-heal|p2a: Punchy mushroom|86/100 tox|[silent]
|-heal|p2a: Punchy mushroom|99/100 tox|[from] ability: Poison Heal
|-damage|p2a: Punchy mushroom|86/100 tox|[from] move: Infestation|[partiallytrapped]
|upkeep
|turn|11
|
|t:|1779964559
|move|p2a: Punchy mushroom|Worry Seed|p1a: Toxapex
|-ability|p1a: Toxapex|Insomnia|Regenerator|[from] move: Worry Seed
|move|p1a: Toxapex|Acid Spray|p2a: Punchy mushroom
|-supereffective|p2a: Punchy mushroom
|-damage|p2a: Punchy mushroom|60/100 tox
|-unboost|p2a: Punchy mushroom|spd|2
|
|-damage|p1a: Toxapex|49/100|[from] Leech Seed|[of] p2a: Punchy mushroom
|-heal|p2a: Punchy mushroom|71/100 tox|[silent]
|-heal|p2a: Punchy mushroom|84/100 tox|[from] ability: Poison Heal
|-damage|p2a: Punchy mushroom|71/100 tox|[from] move: Infestation|[partiallytrapped]
|upkeep
|turn|12
|
|t:|1779964572
|move|p2a: Punchy mushroom|Protect|p2a: Punchy mushroom
|-singleturn|p2a: Punchy mushroom|Protect
|move|p1a: Toxapex|Acid Spray|p2a: Punchy mushroom
|-activate|p2a: Punchy mushroom|move: Protect
|
|-damage|p1a: Toxapex|36/100|[from] Leech Seed|[of] p2a: Punchy mushroom
|-heal|p2a: Punchy mushroom|83/100 tox|[silent]
|-heal|p2a: Punchy mushroom|96/100 tox|[from] ability: Poison Heal
|-damage|p2a: Punchy mushroom|83/100 tox|[from] move: Infestation|[partiallytrapped]
|upkeep
|turn|13
|
|t:|1779964592
|move|p2a: Punchy mushroom|Protect||[still]
|-fail|p2a: Punchy mushroom
|move|p1a: Toxapex|Acid Spray|p2a: Punchy mushroom
|-supereffective|p2a: Punchy mushroom
|-damage|p2a: Punchy mushroom|27/100 tox
|-unboost|p2a: Punchy mushroom|spd|2
|
|-damage|p1a: Toxapex|24/100|[from] Leech Seed|[of] p2a: Punchy mushroom
|-heal|p2a: Punchy mushroom|39/100 tox|[silent]
|-heal|p2a: Punchy mushroom|51/100 tox|[from] ability: Poison Heal
|-end|p2a: Punchy mushroom|Infestation|[partiallytrapped]
|upkeep
|turn|14
|
|t:|1779964606
|switch|p2a: Also not a shroom|Orthworm, M|77/100
|switch|p1a: Sandaconda|Sandaconda, F|32/100
|-damage|p1a: Sandaconda|25/100|[from] Stealth Rock
|
|-heal|p2a: Also not a shroom|83/100|[from] item: Leftovers
|upkeep
|turn|15
|
|t:|1779964620
|move|p1a: Sandaconda|Body Press|p2a: Also not a shroom
|-supereffective|p2a: Also not a shroom
|-damage|p2a: Also not a shroom|42/100
|move|p2a: Also not a shroom|Body Press|p1a: Sandaconda
|-damage|p1a: Sandaconda|10/100
|-damage|p2a: Also not a shroom|25/100|[from] item: Rocky Helmet|[of] p1a: Sandaconda
|
|-heal|p2a: Also not a shroom|31/100|[from] item: Leftovers
|upkeep
|turn|16
|
|t:|1779964631
|switch|p2a: Mushroom|Amoonguss, F|100/100
|move|p1a: Sandaconda|Glare|p2a: Mushroom
|-status|p2a: Mushroom|par
|
|upkeep
|turn|17
|
|t:|1779964638
|move|p1a: Sandaconda|Stealth Rock|p2a: Mushroom
|-sidestart|p2: Its shrooin time|move: Stealth Rock
|move|p2a: Mushroom|Giga Drain|p1a: Sandaconda
|-supereffective|p1a: Sandaconda
|-damage|p1a: Sandaconda|0 fnt
|faint|p1a: Sandaconda
|
|upkeep
|
|t:|1779964649
|switch|p1a: Grumpig|Grumpig, F|100/100
|-damage|p1a: Grumpig|88/100|[from] Stealth Rock
|turn|18
|
|t:|1779964654
|switch|p2a: Angry mushroom|Brute Bonnet|100/100
|-damage|p2a: Angry mushroom|88/100|[from] Stealth Rock
|move|p1a: Grumpig|Nasty Plot|p1a: Grumpig
|-boost|p1a: Grumpig|spa|2
|
|upkeep
|turn|19
|
|t:|1779964662
|move|p2a: Angry mushroom|Sucker Punch||[still]
|-fail|p2a: Angry mushroom
|move|p1a: Grumpig|Simple Beam|p2a: Angry mushroom
|-end|p2a: Angry mushroom|Protosynthesis|[silent]
|-ability|p2a: Angry mushroom|Simple|Protosynthesis|[from] move: Simple Beam
|
|upkeep
|turn|20
|
|t:|1779964671
|switch|p1a: Porygon2|Porygon2|100/100
|-damage|p1a: Porygon2|88/100|[from] Stealth Rock
|-ability|p1a: Porygon2|Simple|Trace|[from] ability: Trace|[of] p2a: Angry mushroom
|move|p2a: Angry mushroom|Sucker Punch||[still]
|-fail|p2a: Angry mushroom
|
|upkeep
|turn|21
|
|t:|1779964680
|move|p2a: Angry mushroom|Growth|p2a: Angry mushroom
|-boost|p2a: Angry mushroom|atk|2
|-boost|p2a: Angry mushroom|spa|2
|move|p1a: Porygon2|Defense Curl|p1a: Porygon2
|-boost|p1a: Porygon2|def|2
|
|upkeep
|turn|22
|
|t:|1779964689
|switch|p2a: Mushroom|Amoonguss, F|100/100 par
|-damage|p2a: Mushroom|88/100 par|[from] Stealth Rock
|move|p1a: Porygon2|Defense Curl|p1a: Porygon2
|-boost|p1a: Porygon2|def|2
|
|upkeep
|turn|23
|
|t:|1779964698
|move|p1a: Porygon2|Charge Beam|p2a: Mushroom
|-resisted|p2a: Mushroom
|-damage|p2a: Mushroom|84/100 par
|move|p2a: Mushroom|Clear Smog|p1a: Porygon2
|-damage|p1a: Porygon2|82/100
|-clearboost|p1a: Porygon2
|
|upkeep
|turn|24
|
|t:|1779964706
|move|p1a: Porygon2|Charge Beam|p2a: Mushroom
|-resisted|p2a: Mushroom
|-damage|p2a: Mushroom|81/100 par
|-boost|p1a: Porygon2|spa|2
|move|p2a: Mushroom|Giga Drain|p1a: Porygon2
|-damage|p1a: Porygon2|71/100
|-heal|p2a: Mushroom|85/100 par|[from] drain|[of] p1a: Porygon2
|
|upkeep
|turn|25
|
|t:|1779964717
|switch|p1a: Toxapex|Toxapex, M|24/100
|-damage|p1a: Toxapex|11/100|[from] Stealth Rock
|move|p2a: Mushroom|Clear Smog|p1a: Toxapex
|-resisted|p1a: Toxapex
|-damage|p1a: Toxapex|7/100
|-clearboost|p1a: Toxapex
|
|upkeep
|turn|26
|-message|KenjiShiguma forfeited.
|
|win|Its shrooin time
|raw|KenjiShiguma's rating: 1118 &rarr; <strong>1091</strong><br />(-27 for losing)
|raw|Its shrooin time's rating: 1094 &rarr; <strong>1122</strong><br />(+28 for winning)
|l|☆KenjiShiguma
|player|p1|
|l|☆Its shrooin time
|player|p2|
