|j|☆tpotguy
|j|☆popolapopo
|t:|1779951834
|gametype|singles
|player|p1|tpotguy|ingo|1126
|player|p2|popolapopo|101|1091
|gen|9
|tier|[Gen 9] OU
|rated|
|rule|HP Percentage Mod: HP is shown in percentages
|rule|Endless Battle Clause: Forcing endless battles is banned
|rule|Species Clause: Limit one of each Pokémon
|rule|OHKO Clause: OHKO moves are banned
|rule|Evasion Items Clause: Evasion items are banned
|rule|Evasion Moves Clause: Evasion moves are banned
|rule|Evasion Abilities Clause: Evasion abilities are banned
|rule|Sleep Moves Clause: Sleep-inducing moves are banned
|clearpoke
|poke|p1|Slowking-Galar, F|
|poke|p1|Zamazenta-*|
|poke|p1|Kingambit, F|
|poke|p1|Great Tusk|
|poke|p1|Ceruledge, F|
|poke|p1|Ogerpon-Wellspring, F|
|poke|p2|Blissey, F|
|poke|p2|Glimmora, M|
|poke|p2|Iron Moth|
|poke|p2|Vikavolt, F|
|poke|p2|Metagross|
|poke|p2|Hitmontop, M|
|teampreview
|inactive|Battle timer is ON: inactive players will automatically lose when time's up. (requested by popolapopo)
|
|t:|1779951844
|teamsize|p1|6
|teamsize|p2|6
|start
|switch|p1a: Adress Me|Great Tusk|100/100
|switch|p2a: Vikavolt|Vikavolt, F|100/100
|-enditem|p1a: Adress Me|Booster Energy
|-activate|p1a: Adress Me|ability: Protosynthesis|[fromitem]
|-start|p1a: Adress Me|protosynthesisatk
|turn|1
|
|t:|1779951853
|move|p1a: Adress Me|Rapid Spin|p2a: Vikavolt
|-damage|p2a: Vikavolt|78/100
|-boost|p1a: Adress Me|spe|1
|move|p2a: Vikavolt|Energy Ball|p1a: Adress Me
|-supereffective|p1a: Adress Me
|-damage|p1a: Adress Me|0 fnt
|faint|p1a: Adress Me
|-end|p1a: Adress Me|Protosynthesis|[silent]
|-damage|p2a: Vikavolt|69/100|[from] item: Life Orb
|
|upkeep
|
|t:|1779951864
|switch|p1a: Ceruledge|Ceruledge, F|100/100
|turn|2
|
|t:|1779951869
|move|p1a: Ceruledge|Swords Dance|p1a: Ceruledge
|-boost|p1a: Ceruledge|atk|2
|move|p2a: Vikavolt|Thunderbolt|p1a: Ceruledge
|-damage|p1a: Ceruledge|17/100
|-damage|p2a: Vikavolt|59/100|[from] item: Life Orb
|
|upkeep
|turn|3
|
|t:|1779951878
|switch|p2a: Hitmontop|Hitmontop, M|100/100
|-ability|p2a: Hitmontop|Intimidate|boost
|-unboost|p1a: Ceruledge|atk|1
|move|p1a: Ceruledge|Bitter Blade|p2a: Hitmontop
|-damage|p2a: Hitmontop|18/100
|-heal|p1a: Ceruledge|60/100|[from] drain|[of] p2a: Hitmontop
|
|upkeep
|turn|4
|
|t:|1779951887
|move|p1a: Ceruledge|Shadow Sneak|p2a: Hitmontop
|-crit|p2a: Hitmontop
|-damage|p2a: Hitmontop|0 fnt
|faint|p2a: Hitmontop
|
|upkeep
|
|t:|1779951890
|switch|p2a: Glimmora|Glimmora, M|100/100
|turn|5
|
|t:|1779951898
|move|p2a: Glimmora|Power Gem|p1a: Ceruledge
|-supereffective|p1a: Ceruledge
|-damage|p1a: Ceruledge|0 fnt
|faint|p1a: Ceruledge
|
|upkeep
|
|t:|1779951904
|switch|p1a: British|Slowking-Galar, F|100/100
|turn|6
|
|t:|1779951907
|move|p2a: Glimmora|Stealth Rock|p1a: British
|-sidestart|p1: tpotguy|move: Stealth Rock
|move|p1a: British|Psychic Noise|p2a: Glimmora
|-supereffective|p2a: Glimmora
|-damage|p2a: Glimmora|3/100
|-start|p2a: Glimmora|move: Heal Block
|
|upkeep
|turn|7
|
|t:|1779951917
|move|p2a: Glimmora|Earth Power|p1a: British
|-supereffective|p1a: British
|-damage|p1a: British|51/100
|move|p1a: British|Sludge Wave|p2a: Glimmora
|-resisted|p2a: Glimmora
|-damage|p2a: Glimmora|0 fnt
|faint|p2a: Glimmora
|
|upkeep
|
|t:|1779951928
|switch|p2a: Vikavolt|Vikavolt, F|59/100
|turn|8
|
|t:|1779951932
|move|p2a: Vikavolt|Sticky Web|p1a: British
|-sidestart|p1: tpotguy|move: Sticky Web
|move|p1a: British|Sludge Wave|p2a: Vikavolt
|-damage|p2a: Vikavolt|0 fnt
|faint|p2a: Vikavolt
|
|upkeep
|
|t:|1779951940
|switch|p2a: Blissey|Blissey, F|100/100
|turn|9
|
|t:|1779951944
|switch|p1a: Kingambit|Kingambit, F|100/100
|-damage|p1a: Kingambit|94/100|[from] Stealth Rock
|-activate|p1a: Kingambit|ability: Supreme Overlord
|-start|p1a: Kingambit|fallen2|[silent]
|-item|p1a: Kingambit|Air Balloon
|move|p2a: Blissey|Thunder Wave|p1a: Kingambit
|-status|p1a: Kingambit|par
|
|upkeep
|turn|10
|
|t:|1779951956
|move|p2a: Blissey|Seismic Toss|p1a: Kingambit
|-damage|p1a: Kingambit|70/100 par
|-enditem|p1a: Kingambit|Air Balloon
|cant|p1a: Kingambit|par
|
|upkeep
|turn|11
|
|t:|1779951965
|switch|p2a: Metagross|Metagross|100/100
|move|p1a: Kingambit|Swords Dance|p1a: Kingambit
|-boost|p1a: Kingambit|atk|2
|
|upkeep
|turn|12
|
|t:|1779951974
|move|p1a: Kingambit|Sucker Punch||[still]
|-fail|p1a: Kingambit
|move|p2a: Metagross|Agility|p2a: Metagross
|-boost|p2a: Metagross|spe|2
|
|upkeep
|turn|13
|
|t:|1779951982
|move|p1a: Kingambit|Sucker Punch|p2a: Metagross
|-supereffective|p2a: Metagross
|-damage|p2a: Metagross|0 fnt
|faint|p2a: Metagross
|
|upkeep
|
|t:|1779951985
|switch|p2a: Iron Moth|Iron Moth|100/100
|-enditem|p2a: Iron Moth|Booster Energy
|-activate|p2a: Iron Moth|ability: Quark Drive|[fromitem]
|-start|p2a: Iron Moth|quarkdrivespe
|turn|14
|
|t:|1779951992
|-terastallize|p2a: Iron Moth|Fairy
|-terastallize|p1a: Kingambit|Ghost
|cant|p1a: Kingambit|par
|move|p2a: Iron Moth|Fiery Dance|p1a: Kingambit
|-damage|p1a: Kingambit|27/100 par
|-boost|p2a: Iron Moth|spa|1
|
|upkeep
|turn|15
|
|t:|1779952011
|-end|p1a: Kingambit|fallen2|[silent]
|switch|p1a: British|Slowking-Galar, F|84/100
|move|p2a: Iron Moth|Fiery Dance|p1a: British
|-damage|p1a: British|32/100
|-boost|p2a: Iron Moth|spa|1
|
|upkeep
|turn|16
|
|t:|1779952026
|move|p2a: Iron Moth|Fiery Dance|p1a: British
|-damage|p1a: British|0 fnt
|-boost|p2a: Iron Moth|spa|1
|faint|p1a: British
|
|upkeep
|
|t:|1779952033
|switch|p1a: Strawberry|Zamazenta, shiny|100/100
|-damage|p1a: Strawberry|94/100|[from] Stealth Rock
|-activate|p1a: Strawberry|move: Sticky Web
|-unboost|p1a: Strawberry|spe|1
|-ability|p1a: Strawberry|Dauntless Shield|boost
|-boost|p1a: Strawberry|def|1
|turn|17
|
|t:|1779952047
|move|p2a: Iron Moth|Dazzling Gleam|p1a: Strawberry
|-supereffective|p1a: Strawberry
|-damage|p1a: Strawberry|0 fnt
|faint|p1a: Strawberry
|
|upkeep
|
|t:|1779952054
|switch|p1a: Ogerpon|Ogerpon-Wellspring, F|100/100
|-damage|p1a: Ogerpon|88/100|[from] Stealth Rock
|-activate|p1a: Ogerpon|move: Sticky Web
|-unboost|p1a: Ogerpon|spe|1
|turn|18
|
|t:|1779952066
|move|p2a: Iron Moth|Fiery Dance|p1a: Ogerpon
|-damage|p1a: Ogerpon|0 fnt
|faint|p1a: Ogerpon
|
|upkeep
|-message|tpotguy forfeited.
|
|win|popolapopo
|raw|tpotguy's rating: 1126 &rarr; <strong>1098</strong><br />(-28 for losing)
|raw|popolapopo's rating: 1091 &rarr; <strong>1120</strong><br />(+29 for winning)
|l|☆tpotguy
|player|p1|
|l|☆popolapopo
|player|p2|
