|j|☆ikthoizzykil
|j|☆Volga123
|t:|1779967445
|gametype|singles
|player|p1|ikthoizzykil|pokemaniac-gen3rs|1415
|player|p2|Volga123|cynthia|1461
|gen|9
|tier|[Gen 9] OU
|rated|
|rule|HP Percentage Mod: HP is shown in percentages
|rule|Endless Battle Clause: Forcing endless battles is banned
|rule|Species Clause: Limit one of each Pokémon
|rule|OHKO Clause: OHKO moves are banned
|rule|Evasion Items Clause: Evasion items are banned
|rule|Evasion Moves Clause: Evasion moves are banned
|rule|Evasion Abilities Clause: Evasion abilities are banned
|rule|Sleep Moves Clause: Sleep-inducing moves are banned
|clearpoke
|poke|p1|Rillaboom, M|
|poke|p1|Braviary, M|
|poke|p1|Great Tusk|
|poke|p1|Darkrai|
|poke|p1|Primarina, M|
|poke|p1|Skeledirge, F|
|poke|p2|Clodsire, M|
|poke|p2|Cinccino, M|
|poke|p2|Milotic, M|
|poke|p2|Arcanine-Hisui, M|
|poke|p2|Houndstone, M|
|poke|p2|Lurantis, M|
|teampreview
|inactive|Battle timer is ON: inactive players will automatically lose when time's up. (requested by ikthoizzykil)
|j| infopro play392
|l| infopro play392
|
|t:|1779967455
|teamsize|p1|6
|teamsize|p2|6
|start
|switch|p1a: Great Tusk|Great Tusk|100/100
|switch|p2a: Milotic|Milotic, M|100/100
|turn|1
|
|t:|1779967461
|-end|p1a: Great Tusk|Protosynthesis|[silent]
|switch|p1a: Primarina|Primarina, M|100/100
|move|p2a: Milotic|Scald|p1a: Primarina
|-resisted|p1a: Primarina
|-damage|p1a: Primarina|85/100
|-status|p1a: Primarina|brn
|
|-heal|p1a: Primarina|91/100 brn|[from] item: Leftovers
|-damage|p1a: Primarina|85/100 brn|[from] brn
|upkeep
|turn|2
|
|t:|1779967470
|move|p2a: Milotic|Flip Turn|p1a: Primarina
|-resisted|p1a: Primarina
|-damage|p1a: Primarina|80/100 brn
|
|t:|1779967478
|switch|p2a: Clodsire|Clodsire, M|100/100|[from] Flip Turn
|move|p1a: Primarina|Substitute|p1a: Primarina
|-start|p1a: Primarina|Substitute
|-damage|p1a: Primarina|55/100 brn
|
|-heal|p1a: Primarina|61/100 brn|[from] item: Leftovers
|-damage|p1a: Primarina|55/100 brn|[from] brn
|upkeep
|turn|3
|
|t:|1779967486
|move|p1a: Primarina|Psychic Noise|p2a: Clodsire
|-immune|p2a: Clodsire|[from] ability: Water Absorb
|move|p2a: Clodsire|Earthquake|p1a: Primarina
|-end|p1a: Primarina|Substitute
|
|-heal|p1a: Primarina|61/100 brn|[from] item: Leftovers
|-damage|p1a: Primarina|55/100 brn|[from] brn
|upkeep
|turn|4
|
|t:|1779967501
|switch|p1a: Rillaboom|Rillaboom, M|100/100
|-fieldstart|move: Grassy Terrain|[from] ability: Grassy Surge|[of] p1a: Rillaboom
|move|p2a: Clodsire|Earthquake|p1a: Rillaboom
|-resisted|p1a: Rillaboom
|-damage|p1a: Rillaboom|91/100
|
|-heal|p1a: Rillaboom|97/100|[from] Grassy Terrain
|upkeep
|turn|5
|
|t:|1779967510
|switch|p2a: Houndstone|Houndstone, M|100/100
|move|p1a: Rillaboom|Wood Hammer|p2a: Houndstone
|-damage|p2a: Houndstone|53/100
|-damage|p1a: Rillaboom|80/100|[from] item: Rocky Helmet|[of] p2a: Houndstone
|-damage|p1a: Rillaboom|66/100|[from] Recoil
|
|-heal|p1a: Rillaboom|72/100|[from] Grassy Terrain
|-heal|p2a: Houndstone|59/100|[from] Grassy Terrain
|upkeep
|turn|6
|
|t:|1779967525
|switch|p1a: Darkrai|Darkrai|100/100
|move|p2a: Houndstone|Will-O-Wisp|p1a: Darkrai
|-status|p1a: Darkrai|brn
|
|-heal|p2a: Houndstone|65/100|[from] Grassy Terrain
|-damage|p1a: Darkrai|94/100 brn|[from] brn
|upkeep
|turn|7
|
|t:|1779967533
|switch|p2a: Milotic|Milotic, M|100/100
|move|p1a: Darkrai|Will-O-Wisp|p2a: Milotic
|-status|p2a: Milotic|brn
|
|-heal|p1a: Darkrai|100/100 brn|[from] Grassy Terrain
|-damage|p1a: Darkrai|94/100 brn|[from] brn
|-damage|p2a: Milotic|94/100 brn|[from] brn
|upkeep
|turn|8
|
|t:|1779967542
|switch|p1a: Primarina|Primarina, M|55/100 brn
|move|p2a: Milotic|Flip Turn|p1a: Primarina
|-resisted|p1a: Primarina
|-damage|p1a: Primarina|52/100 brn
|
|t:|1779967545
|switch|p2a: Clodsire|Clodsire, M|100/100|[from] Flip Turn
|
|-heal|p1a: Primarina|58/100 brn|[from] Grassy Terrain
|-heal|p1a: Primarina|64/100 brn|[from] item: Leftovers
|-damage|p1a: Primarina|58/100 brn|[from] brn
|-fieldend|move: Grassy Terrain
|upkeep
|turn|9
|
|t:|1779967553
|move|p1a: Primarina|Calm Mind|p1a: Primarina
|-boost|p1a: Primarina|spa|1
|-boost|p1a: Primarina|spd|1
|move|p2a: Clodsire|Gunk Shot|p1a: Primarina
|-supereffective|p1a: Primarina
|-damage|p1a: Primarina|0 fnt
|faint|p1a: Primarina
|
|upkeep
|
|t:|1779967563
|switch|p1a: Rillaboom|Rillaboom, M|72/100
|-fieldstart|move: Grassy Terrain|[from] ability: Grassy Surge|[of] p1a: Rillaboom
|turn|10
|
|t:|1779967571
|-terastallize|p2a: Clodsire|Poison
|move|p1a: Rillaboom|Knock Off|p2a: Clodsire
|-damage|p2a: Clodsire|45/100
|-enditem|p2a: Clodsire|Black Sludge|[from] move: Knock Off|[of] p1a: Rillaboom
|move|p2a: Clodsire|Gunk Shot|p1a: Rillaboom
|-supereffective|p1a: Rillaboom
|-damage|p1a: Rillaboom|0 fnt
|faint|p1a: Rillaboom
|
|-heal|p2a: Clodsire|51/100|[from] Grassy Terrain
|upkeep
|
|t:|1779967580
|switch|p1a: Braviary|Braviary, M|100/100
|turn|11
|
|t:|1779967590
|move|p1a: Braviary|Bulk Up|p1a: Braviary
|-boost|p1a: Braviary|atk|1
|-boost|p1a: Braviary|def|1
|move|p2a: Clodsire|Gunk Shot|p1a: Braviary|[miss]
|-miss|p2a: Clodsire|p1a: Braviary
|
|-heal|p2a: Clodsire|57/100|[from] Grassy Terrain
|upkeep
|turn|12
|
|t:|1779967599
|move|p1a: Braviary|Bulk Up|p1a: Braviary
|-boost|p1a: Braviary|atk|1
|-boost|p1a: Braviary|def|1
|move|p2a: Clodsire|Gunk Shot|p1a: Braviary
|-damage|p1a: Braviary|64/100
|-status|p1a: Braviary|psn
|
|-heal|p2a: Clodsire|64/100|[from] Grassy Terrain
|-damage|p1a: Braviary|51/100 psn|[from] psn
|upkeep
|turn|13
|
|t:|1779967608
|move|p1a: Braviary|Roost|p1a: Braviary
|-heal|p1a: Braviary|100/100 psn
|-singleturn|p1a: Braviary|move: Roost
|move|p2a: Clodsire|Gunk Shot|p1a: Braviary
|-damage|p1a: Braviary|70/100 psn
|
|-heal|p1a: Braviary|76/100 psn|[from] Grassy Terrain
|-heal|p2a: Clodsire|70/100|[from] Grassy Terrain
|-damage|p1a: Braviary|63/100 psn|[from] psn
|upkeep
|turn|14
|
|t:|1779967618
|switch|p2a: Lurantis|Lurantis, M, shiny|100/100
|move|p1a: Braviary|Roost|p1a: Braviary
|-heal|p1a: Braviary|100/100 psn
|-singleturn|p1a: Braviary|move: Roost
|
|-damage|p1a: Braviary|88/100 psn|[from] psn
|-fieldend|move: Grassy Terrain
|upkeep
|turn|15
|
|t:|1779967625
|move|p1a: Braviary|Body Slam|p2a: Lurantis
|-damage|p2a: Lurantis|3/100
|move|p2a: Lurantis|Superpower|p1a: Braviary
|-damage|p1a: Braviary|73/100 psn
|-boost|p2a: Lurantis|atk|1
|-boost|p2a: Lurantis|def|1
|
|-heal|p2a: Lurantis|9/100|[from] item: Leftovers
|-damage|p1a: Braviary|61/100 psn|[from] psn
|upkeep
|turn|16
|
|t:|1779967635
|move|p1a: Braviary|Body Slam|p2a: Lurantis
|-damage|p2a: Lurantis|0 fnt
|faint|p2a: Lurantis
|
|-damage|p1a: Braviary|48/100 psn|[from] psn
|upkeep
|
|t:|1779967649
|switch|p2a: Cinccino|Cinccino, M|100/100
|turn|17
|
|t:|1779967660
|-terastallize|p1a: Braviary|Normal
|move|p2a: Cinccino|Rock Blast|p1a: Braviary
|-damage|p1a: Braviary|42/100 psn
|-damage|p1a: Braviary|35/100 psn
|-damage|p1a: Braviary|29/100 psn
|-damage|p1a: Braviary|23/100 psn
|-hitcount|p1a: Braviary|4
|move|p1a: Braviary|Roost|p1a: Braviary
|-heal|p1a: Braviary|73/100 psn
|
|-damage|p1a: Braviary|60/100 psn|[from] psn
|upkeep
|turn|18
|
|t:|1779967672
|move|p2a: Cinccino|Tail Slap|p1a: Braviary
|-damage|p1a: Braviary|51/100 psn
|-damage|p1a: Braviary|42/100 psn
|-damage|p1a: Braviary|33/100 psn
|-damage|p1a: Braviary|23/100 psn
|-hitcount|p1a: Braviary|4
|move|p1a: Braviary|Roost|p1a: Braviary
|-heal|p1a: Braviary|73/100 psn
|
|-damage|p1a: Braviary|61/100 psn|[from] psn
|upkeep
|turn|19
|
|t:|1779967682
|move|p2a: Cinccino|Tidy Up|p2a: Cinccino
|-boost|p2a: Cinccino|atk|1
|-boost|p2a: Cinccino|spe|1
|move|p1a: Braviary|Body Slam|p2a: Cinccino
|-damage|p2a: Cinccino|0 fnt
|faint|p2a: Cinccino
|
|-damage|p1a: Braviary|48/100 psn|[from] psn
|upkeep
|
|t:|1779967687
|switch|p2a: Arcanine|Arcanine-Hisui, M|100/100
|turn|20
|
|t:|1779967695
|move|p2a: Arcanine|Head Smash|p1a: Braviary
|-damage|p1a: Braviary|0 fnt
|faint|p1a: Braviary
|
|upkeep
|
|t:|1779967699
|switch|p1a: Great Tusk|Great Tusk|100/100
|turn|21
|
|t:|1779967706
|switch|p2a: Clodsire|Clodsire, M, tera:Poison|70/100
|move|p1a: Great Tusk|Stealth Rock|p2a: Clodsire
|-sidestart|p2: Volga123|move: Stealth Rock
|
|upkeep
|turn|22
|
|t:|1779967711
|move|p1a: Great Tusk|Headlong Rush|p2a: Clodsire
|-supereffective|p2a: Clodsire
|-damage|p2a: Clodsire|0 fnt
|-unboost|p1a: Great Tusk|def|1
|-unboost|p1a: Great Tusk|spd|1
|faint|p2a: Clodsire
|
|upkeep
|
|t:|1779967714
|switch|p2a: Houndstone|Houndstone, M|65/100
|-damage|p2a: Houndstone|53/100|[from] Stealth Rock
|turn|23
|
|t:|1779967722
|-end|p1a: Great Tusk|Protosynthesis|[silent]
|switch|p1a: Darkrai|Darkrai|94/100 brn
|move|p2a: Houndstone|Body Press|p1a: Darkrai
|-supereffective|p1a: Darkrai
|-damage|p1a: Darkrai|41/100 brn
|
|-heal|p1a: Darkrai|47/100 brn|[from] item: Leftovers
|-damage|p1a: Darkrai|41/100 brn|[from] brn
|upkeep
|turn|24
|
|t:|1779967731
|switch|p2a: Milotic|Milotic, M|94/100 brn
|-damage|p2a: Milotic|82/100 brn|[from] Stealth Rock
|move|p1a: Darkrai|Dark Pulse|p2a: Milotic
|-damage|p2a: Milotic|65/100 brn
|
|-heal|p1a: Darkrai|47/100 brn|[from] item: Leftovers
|-damage|p1a: Darkrai|41/100 brn|[from] brn
|-damage|p2a: Milotic|59/100 brn|[from] brn
|upkeep
|turn|25
|
|t:|1779967739
|move|p1a: Darkrai|Dark Pulse|p2a: Milotic
|-damage|p2a: Milotic|42/100 brn
|move|p2a: Milotic|Flip Turn|p1a: Darkrai
|-damage|p1a: Darkrai|35/100 brn
|
|t:|1779967742
|switch|p2a: Arcanine|Arcanine-Hisui, M|100/100|[from] Flip Turn
|-damage|p2a: Arcanine|76/100|[from] Stealth Rock
|
|-heal|p1a: Darkrai|41/100 brn|[from] item: Leftovers
|-damage|p1a: Darkrai|35/100 brn|[from] brn
|upkeep
|turn|26
|
|t:|1779967762
|move|p2a: Arcanine|Extreme Speed|p1a: Darkrai
|-damage|p1a: Darkrai|0 fnt
|faint|p1a: Darkrai
|
|upkeep
|
|t:|1779967768
|switch|p1a: Great Tusk|Great Tusk|100/100
|turn|27
|
|t:|1779967775
|switch|p2a: Milotic|Milotic, M|42/100 brn
|-damage|p2a: Milotic|30/100 brn|[from] Stealth Rock
|move|p1a: Great Tusk|Headlong Rush|p2a: Milotic
|-damage|p2a: Milotic|0 fnt
|-unboost|p1a: Great Tusk|def|1
|-unboost|p1a: Great Tusk|spd|1
|faint|p2a: Milotic
|
|upkeep
|
|t:|1779967776
|switch|p2a: Houndstone|Houndstone, M|53/100
|-damage|p2a: Houndstone|40/100|[from] Stealth Rock
|turn|28
|
|t:|1779967788
|-end|p1a: Great Tusk|Protosynthesis|[silent]
|switch|p1a: Skeledirge|Skeledirge, F|100/100
|move|p2a: Houndstone|Poltergeist|p1a: Skeledirge
|-activate|p1a: Skeledirge|move: Poltergeist|Heavy-Duty Boots
|-supereffective|p1a: Skeledirge
|-damage|p1a: Skeledirge|39/100
|
|upkeep
|turn|29
|
|t:|1779967795
|move|p2a: Houndstone|Poltergeist|p1a: Skeledirge
|-activate|p1a: Skeledirge|move: Poltergeist|Heavy-Duty Boots
|-supereffective|p1a: Skeledirge
|-damage|p1a: Skeledirge|0 fnt
|faint|p1a: Skeledirge
|
|upkeep
|
|t:|1779967801
|switch|p1a: Great Tusk|Great Tusk|100/100
|turn|30
|
|t:|1779967806
|move|p1a: Great Tusk|Headlong Rush|p2a: Houndstone
|-damage|p2a: Houndstone|19/100
|-unboost|p1a: Great Tusk|def|1
|-unboost|p1a: Great Tusk|spd|1
|-damage|p1a: Great Tusk|84/100|[from] item: Rocky Helmet|[of] p2a: Houndstone
|move|p2a: Houndstone|Poltergeist|p1a: Great Tusk
|-activate|p1a: Great Tusk|move: Poltergeist|Heavy-Duty Boots
|-damage|p1a: Great Tusk|44/100
|
|upkeep
|turn|31
|-message|ikthoizzykil forfeited.
|
|win|Volga123
|raw|ikthoizzykil's rating: 1415 &rarr; <strong>1398</strong><br />(-17 for losing)
|raw|Volga123's rating: 1461 &rarr; <strong>1478</strong><br />(+17 for winning)
|l|☆ikthoizzykil
|player|p1|
|l|☆Volga123
|player|p2|
