|j|☆Flinch Burninand
|j|☆pepinoloko
|t:|1779899553
|gametype|singles
|player|p1|Flinch Burninand|veteran|1529
|player|p2|pepinoloko|byron|1518
|gen|9
|tier|[Gen 9] OU
|rated|
|rule|HP Percentage Mod: HP is shown in percentages
|rule|Endless Battle Clause: Forcing endless battles is banned
|rule|Species Clause: Limit one of each Pokémon
|rule|OHKO Clause: OHKO moves are banned
|rule|Evasion Items Clause: Evasion items are banned
|rule|Evasion Moves Clause: Evasion moves are banned
|rule|Evasion Abilities Clause: Evasion abilities are banned
|rule|Sleep Moves Clause: Sleep-inducing moves are banned
|clearpoke
|poke|p1|Ogerpon, F|
|poke|p1|Samurott-Hisui, F|
|poke|p1|Blissey, F|
|poke|p1|Gliscor, F|
|poke|p1|Skarmory, F|
|poke|p1|Pecharunt|
|poke|p2|Salazzle, F|
|poke|p2|Zoroark-Hisui, F|
|poke|p2|Cinderace, M|
|poke|p2|Toxapex, M|
|poke|p2|Chesnaught, F|
|poke|p2|Grimmsnarl, M|
|teampreview
|
|t:|1779899567
|teamsize|p1|6
|teamsize|p2|6
|start
|switch|p1a: Ogerpon|Ogerpon, F|100/100
|switch|p2a: I U-turn on U|Cinderace, M|100/100
|turn|1
|inactive|Battle timer is ON: inactive players will automatically lose when time's up. (requested by Flinch Burninand)
|
|t:|1779899576
|switch|p1a: Pecharunt|Pecharunt|100/100
|move|p2a: I U-turn on U|Pyro Ball|p1a: Pecharunt
|-damage|p1a: Pecharunt|72/100
|
|upkeep
|turn|2
|
|t:|1779899585
|move|p2a: I U-turn on U|U-turn|p1a: Pecharunt
|-start|p2a: I U-turn on U|typechange|Bug|[from] ability: Libero
|-resisted|p1a: Pecharunt
|-damage|p1a: Pecharunt|68/100
|
|t:|1779899588
|switch|p2a: Forgive|Salazzle, F|100/100|[from] U-turn
|move|p1a: Pecharunt|Parting Shot|p2a: Forgive
|-unboost|p2a: Forgive|atk|1
|-unboost|p2a: Forgive|spa|1
|
|t:|1779899595
|switch|p1a: Gliscor|Gliscor, F|100/100|[from] Parting Shot
|
|-status|p1a: Gliscor|tox|[from] item: Toxic Orb
|upkeep
|turn|3
|
|t:|1779899604
|move|p2a: Forgive|Substitute|p2a: Forgive
|-start|p2a: Forgive|Substitute
|-damage|p2a: Forgive|76/100
|move|p1a: Gliscor|Earthquake|p2a: Forgive
|-supereffective|p2a: Forgive
|-end|p2a: Forgive|Substitute
|
|-heal|p2a: Forgive|82/100|[from] item: Leftovers
|upkeep
|turn|4
|
|t:|1779899612
|switch|p2a: Love has a name|Grimmsnarl, M|100/100
|move|p1a: Gliscor|Earthquake|p2a: Love has a name
|-damage|p2a: Love has a name|61/100
|
|upkeep
|turn|5
|
|t:|1779899617
|move|p2a: Love has a name|Trick|p1a: Gliscor
|-activate|p2a: Love has a name|move: Trick|[of] p1a: Gliscor
|-item|p1a: Gliscor|Choice Scarf|[from] move: Trick
|-item|p2a: Love has a name|Toxic Orb|[from] move: Trick
|move|p1a: Gliscor|Earthquake|p2a: Love has a name
|-damage|p2a: Love has a name|18/100
|
|-status|p2a: Love has a name|tox|[from] item: Toxic Orb
|upkeep
|turn|6
|
|t:|1779899623
|move|p2a: Love has a name|Parting Shot|p1a: Gliscor
|-unboost|p1a: Gliscor|atk|1
|-unboost|p1a: Gliscor|spa|1
|
|t:|1779899626
|switch|p2a: Chesnaught|Chesnaught, F|100/100|[from] Parting Shot
|move|p1a: Gliscor|Earthquake|p2a: Chesnaught
|-resisted|p2a: Chesnaught
|-damage|p2a: Chesnaught|94/100
|
|upkeep
|turn|7
|
|t:|1779899634
|switch|p1a: Skarmory|Skarmory, F|100/100
|move|p2a: Chesnaught|Leech Seed|p1a: Skarmory
|-start|p1a: Skarmory|move: Leech Seed
|
|-damage|p1a: Skarmory|88/100|[from] Leech Seed|[of] p2a: Chesnaught
|-heal|p2a: Chesnaught|100/100|[silent]
|upkeep
|turn|8
|
|t:|1779899639
|switch|p2a: Forgive|Salazzle, F|82/100
|move|p1a: Skarmory|Stealth Rock|p2a: Forgive
|-sidestart|p2: pepinoloko|move: Stealth Rock
|
|-heal|p2a: Forgive|88/100|[from] item: Leftovers
|-damage|p1a: Skarmory|76/100|[from] Leech Seed|[of] p2a: Forgive
|-heal|p2a: Forgive|99/100|[silent]
|upkeep
|turn|9
|
|t:|1779899649
|switch|p2a: I U-turn on U|Cinderace, M|100/100
|switch|p1a: Gliscor|Gliscor, F|100/100 tox
|
|upkeep
|turn|10
|j| foxi4
|
|t:|1779899653
|move|p2a: I U-turn on U|Court Change|p2a: I U-turn on U
|-start|p2a: I U-turn on U|typechange|Normal|[from] ability: Libero
|-swapsideconditions
|-activate|p2a: I U-turn on U|move: Court Change
|move|p1a: Gliscor|Earthquake|p2a: I U-turn on U
|-damage|p2a: I U-turn on U|51/100
|
|upkeep
|turn|11
|
|t:|1779899658
|switch|p2a: Chesnaught|Chesnaught, F|100/100
|switch|p1a: Skarmory|Skarmory, F|76/100
|
|upkeep
|turn|12
|
|t:|1779899664
|move|p1a: Skarmory|Stealth Rock|p2a: Chesnaught
|-sidestart|p2: pepinoloko|move: Stealth Rock
|move|p2a: Chesnaught|Knock Off|p1a: Skarmory
|-damage|p1a: Skarmory|61/100
|-enditem|p1a: Skarmory|Heavy-Duty Boots|[from] move: Knock Off|[of] p2a: Chesnaught
|
|upkeep
|turn|13
|
|t:|1779899668
|move|p1a: Skarmory|Roost|p1a: Skarmory
|-heal|p1a: Skarmory|100/100
|-singleturn|p1a: Skarmory|move: Roost
|move|p2a: Chesnaught|Leech Seed|p1a: Skarmory
|-start|p1a: Skarmory|move: Leech Seed
|
|-damage|p1a: Skarmory|88/100|[from] Leech Seed|[of] p2a: Chesnaught
|upkeep
|turn|14
|
|t:|1779899672
|switch|p1a: Pecharunt|Pecharunt|68/100
|move|p2a: Chesnaught|Leech Seed|p1a: Pecharunt
|-start|p1a: Pecharunt|move: Leech Seed
|
|-damage|p1a: Pecharunt|55/100|[from] Leech Seed|[of] p2a: Chesnaught
|upkeep
|turn|15
|
|t:|1779899680
|switch|p2a: Love has a name|Grimmsnarl, M|100/100
|-damage|p2a: Love has a name|88/100|[from] Stealth Rock
|move|p1a: Pecharunt|Recover|p1a: Pecharunt
|-heal|p1a: Pecharunt|100/100
|
|-damage|p1a: Pecharunt|88/100|[from] Leech Seed|[of] p2a: Love has a name
|-heal|p2a: Love has a name|100/100|[silent]
|upkeep
|turn|16
|l| foxi4
|
|t:|1779899696
|switch|p2a: Sin poisons|Toxapex, M, shiny|100/100
|-damage|p2a: Sin poisons|88/100|[from] Stealth Rock
|switch|p1a: Gliscor|Gliscor, F|100/100 tox
|-damage|p1a: Gliscor|88/100 tox|[from] Stealth Rock
|
|-heal|p2a: Sin poisons|94/100|[from] item: Leftovers
|-heal|p1a: Gliscor|100/100 tox|[from] ability: Poison Heal
|upkeep
|turn|17
|
|t:|1779899699
|move|p1a: Gliscor|Earthquake|p2a: Sin poisons
|-supereffective|p2a: Sin poisons
|-damage|p2a: Sin poisons|47/100
|move|p2a: Sin poisons|Infestation|p1a: Gliscor
|-resisted|p1a: Gliscor
|-damage|p1a: Gliscor|99/100 tox
|-activate|p1a: Gliscor|move: Infestation|[of] p2a: Sin poisons
|
|-heal|p2a: Sin poisons|53/100|[from] item: Leftovers
|-heal|p1a: Gliscor|100/100 tox|[from] ability: Poison Heal
|-damage|p1a: Gliscor|88/100 tox|[from] move: Infestation|[partiallytrapped]
|upkeep
|turn|18
|
|t:|1779899705
|move|p2a: Sin poisons|Baneful Bunker|p2a: Sin poisons
|-singleturn|p2a: Sin poisons|move: Protect
|move|p1a: Gliscor|Earthquake|p2a: Sin poisons
|-activate|p2a: Sin poisons|move: Protect
|
|-heal|p2a: Sin poisons|59/100|[from] item: Leftovers
|-heal|p1a: Gliscor|100/100 tox|[from] ability: Poison Heal
|-damage|p1a: Gliscor|88/100 tox|[from] move: Infestation|[partiallytrapped]
|upkeep
|turn|19
|
|t:|1779899714
|move|p1a: Gliscor|Earthquake|p2a: Sin poisons
|-supereffective|p2a: Sin poisons
|-damage|p2a: Sin poisons|10/100
|move|p2a: Sin poisons|Recover|p2a: Sin poisons
|-heal|p2a: Sin poisons|60/100
|
|-heal|p2a: Sin poisons|66/100|[from] item: Leftovers
|-heal|p1a: Gliscor|100/100 tox|[from] ability: Poison Heal
|-damage|p1a: Gliscor|88/100 tox|[from] move: Infestation|[partiallytrapped]
|upkeep
|turn|20
|
|t:|1779899719
|move|p2a: Sin poisons|Baneful Bunker|p2a: Sin poisons
|-singleturn|p2a: Sin poisons|move: Protect
|move|p1a: Gliscor|Earthquake|p2a: Sin poisons
|-activate|p2a: Sin poisons|move: Protect
|
|-heal|p2a: Sin poisons|73/100|[from] item: Leftovers
|-heal|p1a: Gliscor|100/100 tox|[from] ability: Poison Heal
|-damage|p1a: Gliscor|88/100 tox|[from] move: Infestation|[partiallytrapped]
|upkeep
|turn|21
|
|t:|1779899725
|switch|p2a: Chesnaught|Chesnaught, F|100/100
|-damage|p2a: Chesnaught|94/100|[from] Stealth Rock
|move|p1a: Gliscor|Earthquake|p2a: Chesnaught
|-resisted|p2a: Chesnaught
|-damage|p2a: Chesnaught|85/100
|
|-heal|p1a: Gliscor|100/100 tox|[from] ability: Poison Heal
|-end|p1a: Gliscor|Infestation|[partiallytrapped]
|upkeep
|turn|22
|
|t:|1779899731
|switch|p1a: Pecharunt|Pecharunt|88/100
|move|p2a: Chesnaught|Leech Seed|p1a: Pecharunt
|-start|p1a: Pecharunt|move: Leech Seed
|
|-damage|p1a: Pecharunt|76/100|[from] Leech Seed|[of] p2a: Chesnaught
|-heal|p2a: Chesnaught|97/100|[silent]
|upkeep
|turn|23
|
|t:|1779899742
|switch|p2a: Sin poisons|Toxapex, M, shiny|100/100
|-damage|p2a: Sin poisons|88/100|[from] Stealth Rock
|move|p1a: Pecharunt|Toxic|p2a: Sin poisons
|-immune|p2a: Sin poisons
|
|-heal|p2a: Sin poisons|94/100|[from] item: Leftovers
|-damage|p1a: Pecharunt|63/100|[from] Leech Seed|[of] p2a: Sin poisons
|-heal|p2a: Sin poisons|100/100|[silent]
|upkeep
|turn|24
|
|t:|1779899748
|switch|p2a: Forgive|Salazzle, F|99/100
|-damage|p2a: Forgive|75/100|[from] Stealth Rock
|move|p1a: Pecharunt|Parting Shot|p2a: Forgive
|-unboost|p2a: Forgive|atk|1
|-unboost|p2a: Forgive|spa|1
|
|t:|1779899760
|switch|p1a: Gliscor|Gliscor, F|100/100 tox|[from] Parting Shot
|-damage|p1a: Gliscor|88/100 tox|[from] Stealth Rock
|
|-heal|p2a: Forgive|82/100|[from] item: Leftovers
|-heal|p1a: Gliscor|100/100 tox|[from] ability: Poison Heal
|upkeep
|turn|25
|
|t:|1779899767
|switch|p2a: Sin poisons|Toxapex, M, shiny|100/100
|-damage|p2a: Sin poisons|88/100|[from] Stealth Rock
|move|p1a: Gliscor|Facade|p2a: Sin poisons
|-damage|p2a: Sin poisons|67/100
|
|-heal|p2a: Sin poisons|74/100|[from] item: Leftovers
|upkeep
|turn|26
|
|t:|1779899781
|switch|p1a: Pecharunt|Pecharunt|63/100
|switch|p2a: Love has a name|Grimmsnarl, M|100/100
|-damage|p2a: Love has a name|88/100|[from] Stealth Rock
|
|upkeep
|turn|27
|
|t:|1779899792
|switch|p1a: Gliscor|Gliscor, F|100/100 tox
|-damage|p1a: Gliscor|88/100 tox|[from] Stealth Rock
|move|p2a: Love has a name|Hex|p1a: Gliscor
|-damage|p1a: Gliscor|36/100 tox
|
|-heal|p1a: Gliscor|48/100 tox|[from] ability: Poison Heal
|upkeep
|turn|28
|
|t:|1779899797
|move|p1a: Gliscor|Protect|p1a: Gliscor
|-singleturn|p1a: Gliscor|Protect
|move|p2a: Love has a name|Hex|p1a: Gliscor
|-activate|p1a: Gliscor|move: Protect
|
|-heal|p1a: Gliscor|60/100 tox|[from] ability: Poison Heal
|upkeep
|turn|29
|
|t:|1779899801
|switch|p2a: I U-turn on U|Cinderace, M|51/100
|switch|p1a: Blissey|Blissey, F|100/100
|
|upkeep
|turn|30
|
|t:|1779899809
|switch|p1a: Pecharunt|Pecharunt|63/100
|move|p2a: I U-turn on U|Pyro Ball|p1a: Pecharunt
|-damage|p1a: Pecharunt|35/100
|
|upkeep
|turn|31
|
|t:|1779899816
|-terastallize|p2a: I U-turn on U|Fire
|move|p2a: I U-turn on U|Pyro Ball|p1a: Pecharunt
|-damage|p1a: Pecharunt|0 fnt
|faint|p1a: Pecharunt
|
|upkeep
|
|t:|1779899827
|switch|p1a: Samurott|Samurott-Hisui, F|100/100
|turn|32
|
|t:|1779899830
|switch|p2a: Chesnaught|Chesnaught, F|97/100
|-damage|p2a: Chesnaught|91/100|[from] Stealth Rock
|move|p1a: Samurott|Ceaseless Edge|p2a: Chesnaught
|-resisted|p2a: Chesnaught
|-damage|p2a: Chesnaught|78/100
|-damage|p1a: Samurott|84/100|[from] item: Rocky Helmet|[of] p2a: Chesnaught
|-sidestart|p2: pepinoloko|Spikes
|
|upkeep
|turn|33
|
|t:|1779899846
|switch|p1a: Skarmory|Skarmory, F|88/100
|-damage|p1a: Skarmory|76/100|[from] Stealth Rock
|move|p2a: Chesnaught|Drain Punch|p1a: Skarmory
|-damage|p1a: Skarmory|61/100
|-heal|p2a: Chesnaught|85/100|[from] drain|[of] p1a: Skarmory
|
|upkeep
|turn|34
|
|t:|1779899855
|switch|p1a: Ogerpon|Ogerpon, F|100/100
|move|p2a: Chesnaught|Leech Seed|p1a: Ogerpon
|-immune|p1a: Ogerpon
|
|upkeep
|turn|35
|
|t:|1779899861
|switch|p2a: Sin poisons|Toxapex, M, shiny|100/100
|-damage|p2a: Sin poisons|88/100|[from] Stealth Rock
|-damage|p2a: Sin poisons|75/100|[from] Spikes
|move|p1a: Ogerpon|Encore||[still]
|-fail|p1a: Ogerpon
|
|-heal|p2a: Sin poisons|82/100|[from] item: Leftovers
|upkeep
|turn|36
|
|t:|1779899876
|-terastallize|p1a: Ogerpon|Grass
|detailschange|p1a: Ogerpon|Ogerpon-Teal-Tera, F, tera:Grass
|-ability|p1a: Ogerpon|Embody Aspect (Teal)|boost
|-boost|p1a: Ogerpon|spe|1
|move|p1a: Ogerpon|Ivy Cudgel|p2a: Sin poisons
|-damage|p2a: Sin poisons|32/100
|move|p2a: Sin poisons|Toxic|p1a: Ogerpon
|-status|p1a: Ogerpon|tox
|
|-heal|p2a: Sin poisons|38/100|[from] item: Leftovers
|-damage|p1a: Ogerpon|95/100 tox|[from] psn
|upkeep
|turn|37
|
|t:|1779899894
|switch|p1a: Gliscor|Gliscor, F|60/100 tox
|-damage|p1a: Gliscor|48/100 tox|[from] Stealth Rock
|switch|p2a: Chesnaught|Chesnaught, F|85/100
|-damage|p2a: Chesnaught|79/100|[from] Stealth Rock
|-damage|p2a: Chesnaught|66/100|[from] Spikes
|
|-heal|p1a: Gliscor|60/100 tox|[from] ability: Poison Heal
|upkeep
|turn|38
|
|t:|1779899906
|switch|p1a: Skarmory|Skarmory, F|61/100
|-damage|p1a: Skarmory|48/100|[from] Stealth Rock
|move|p2a: Chesnaught|Spiky Shield||[still]
|-fail|p2a: Chesnaught
|
|upkeep
|turn|39
|
|t:|1779899909
|move|p1a: Skarmory|Roost|p1a: Skarmory
|-heal|p1a: Skarmory|98/100
|-singleturn|p1a: Skarmory|move: Roost
|move|p2a: Chesnaught|Leech Seed|p1a: Skarmory|[miss]
|-miss|p2a: Chesnaught|p1a: Skarmory
|
|upkeep
|turn|40
|
|t:|1779899913
|move|p1a: Skarmory|Body Press|p2a: Chesnaught
|-damage|p2a: Chesnaught|49/100
|-damage|p1a: Skarmory|82/100|[from] item: Rocky Helmet|[of] p2a: Chesnaught
|move|p2a: Chesnaught|Drain Punch|p1a: Skarmory
|-damage|p1a: Skarmory|65/100
|-heal|p2a: Chesnaught|56/100|[from] drain|[of] p1a: Skarmory
|
|upkeep
|turn|41
|
|t:|1779899921
|switch|p1a: Ogerpon|Ogerpon-Teal-Tera, F, tera:Grass|95/100 tox
|-ability|p1a: Ogerpon|Embody Aspect (Teal)|boost
|-boost|p1a: Ogerpon|spe|1
|move|p2a: Chesnaught|Drain Punch|p1a: Ogerpon
|-damage|p1a: Ogerpon|61/100 tox
|-heal|p2a: Chesnaught|70/100|[from] drain|[of] p1a: Ogerpon
|
|-damage|p1a: Ogerpon|55/100 tox|[from] psn
|upkeep
|turn|42
|-message|Flinch Burninand forfeited.
|
|win|pepinoloko
|raw|Flinch Burninand's rating: 1529 &rarr; <strong>1508</strong><br />(-21 for losing)
|raw|pepinoloko's rating: 1518 &rarr; <strong>1539</strong><br />(+21 for winning)
|l|☆Flinch Burninand
|player|p1|
|l|☆pepinoloko
|player|p2|
