|j|☆The ZU Wanderer
|j|☆tdm32
|t:|1779907411
|gametype|singles
|player|p1|The ZU Wanderer|roughneck|1324
|player|p2|tdm32|265|1288
|gen|9
|tier|[Gen 9] OU
|rated|
|rule|HP Percentage Mod: HP is shown in percentages
|rule|Endless Battle Clause: Forcing endless battles is banned
|rule|Species Clause: Limit one of each Pokémon
|rule|OHKO Clause: OHKO moves are banned
|rule|Evasion Items Clause: Evasion items are banned
|rule|Evasion Moves Clause: Evasion moves are banned
|rule|Evasion Abilities Clause: Evasion abilities are banned
|rule|Sleep Moves Clause: Sleep-inducing moves are banned
|clearpoke
|poke|p1|Komala, F|
|poke|p1|Masquerain, M|
|poke|p1|Houndoom, M|
|poke|p1|Drifblim, M|
|poke|p1|Lapras, F|
|poke|p1|Mesprit|
|poke|p2|Dragonite, M|
|poke|p2|Great Tusk|
|poke|p2|Gholdengo|
|poke|p2|Iron Valiant|
|poke|p2|Kingambit, F|
|poke|p2|Samurott-Hisui, M|
|teampreview
|inactive|Battle timer is ON: inactive players will automatically lose when time's up. (requested by The ZU Wanderer)
|
|t:|1779907427
|teamsize|p1|6
|teamsize|p2|6
|start
|switch|p1a: Masquerain|Masquerain, M, shiny|100/100
|switch|p2a: Great Tusk|Great Tusk|100/100
|-ability|p1a: Masquerain|Intimidate|boost
|-unboost|p2a: Great Tusk|atk|1
|turn|1
|inactive|tdm32 has 120 seconds left.
|
|t:|1779907472
|move|p1a: Masquerain|Hydro Pump|p2a: Great Tusk
|-supereffective|p2a: Great Tusk
|-damage|p2a: Great Tusk|0 fnt
|faint|p2a: Great Tusk
|-end|p2a: Great Tusk|Protosynthesis|[silent]
|
|upkeep
|
|t:|1779907496
|switch|p2a: Dragonite|Dragonite, M|100/100
|turn|2
|
|t:|1779907506
|switch|p1a: Drifblim|Drifblim, M, shiny|100/100
|move|p2a: Dragonite|Dragon Dance|p2a: Dragonite
|-boost|p2a: Dragonite|atk|1
|-boost|p2a: Dragonite|spe|1
|
|upkeep
|turn|3
|
|t:|1779907520
|move|p2a: Dragonite|Scale Shot|p1a: Drifblim
|-damage|p1a: Drifblim|82/100
|-damage|p1a: Drifblim|63/100
|-damage|p1a: Drifblim|45/100
|-damage|p1a: Drifblim|27/100
|-damage|p1a: Drifblim|9/100
|-hitcount|p1a: Drifblim|5
|-unboost|p2a: Dragonite|def|1
|-boost|p2a: Dragonite|spe|1
|move|p1a: Drifblim|Strength Sap|p2a: Dragonite
|-unboost|p2a: Dragonite|atk|1
|-heal|p1a: Drifblim|100/100
|
|upkeep
|turn|4
|
|t:|1779907535
|move|p2a: Dragonite|Dragon Dance|p2a: Dragonite
|-boost|p2a: Dragonite|atk|1
|-boost|p2a: Dragonite|spe|1
|move|p1a: Drifblim|Will-O-Wisp|p2a: Dragonite|[miss]
|-miss|p1a: Drifblim|p2a: Dragonite
|
|upkeep
|turn|5
|
|t:|1779907544
|switch|p2a: Gholdengo|Gholdengo|100/100
|-item|p2a: Gholdengo|Air Balloon
|move|p1a: Drifblim|Strength Sap|p2a: Gholdengo
|-immune|p2a: Gholdengo|[from] ability: Good as Gold
|
|upkeep
|turn|6
|
|t:|1779907551
|switch|p1a: Komala|Komala, F, shiny|100/100
|-ability|p1a: Komala|Comatose
|move|p2a: Gholdengo|Shadow Ball|p1a: Komala
|-immune|p1a: Komala
|
|upkeep
|turn|7
|inactive|tdm32 has 120 seconds left.
|
|t:|1779907559
|move|p2a: Gholdengo|Make It Rain|p1a: Komala
|-damage|p1a: Komala|53/100
|-unboost|p2a: Gholdengo|spa|1
|move|p1a: Komala|Knock Off|p2a: Gholdengo
|-supereffective|p2a: Gholdengo
|-damage|p2a: Gholdengo|19/100
|-enditem|p2a: Gholdengo|Air Balloon
|
|upkeep
|turn|8
|inactive|tdm32 has 120 seconds left.
|
|t:|1779907587
|switch|p2a: Iron Valiant|Iron Valiant|100/100
|move|p1a: Komala|Earthquake|p2a: Iron Valiant
|-damage|p2a: Iron Valiant|59/100
|
|upkeep
|turn|9
|
|t:|1779907599
|move|p2a: Iron Valiant|Vacuum Wave|p1a: Komala
|-supereffective|p1a: Komala
|-damage|p1a: Komala|14/100
|move|p1a: Komala|Earthquake|p2a: Iron Valiant
|-damage|p2a: Iron Valiant|17/100
|
|upkeep
|turn|10
|
|t:|1779907604
|move|p2a: Iron Valiant|Vacuum Wave|p1a: Komala
|-supereffective|p1a: Komala
|-damage|p1a: Komala|0 fnt
|faint|p1a: Komala
|
|upkeep
|
|t:|1779907608
|switch|p1a: Masquerain|Masquerain, M, shiny|100/100
|-ability|p1a: Masquerain|Intimidate|boost
|-unboost|p2a: Iron Valiant|atk|1
|turn|11
|inactive|tdm32 has 120 seconds left.
|
|t:|1779907621
|move|p2a: Iron Valiant|Vacuum Wave|p1a: Masquerain
|-resisted|p1a: Masquerain
|-damage|p1a: Masquerain|89/100
|move|p1a: Masquerain|Bug Buzz|p2a: Iron Valiant
|-resisted|p2a: Iron Valiant
|-damage|p2a: Iron Valiant|0 fnt
|faint|p2a: Iron Valiant
|-end|p2a: Iron Valiant|Quark Drive|[silent]
|
|upkeep
|inactive|tdm32 has 120 seconds left.
|
|t:|1779907629
|switch|p2a: Dragonite|Dragonite, M|100/100
|turn|12
|
|t:|1779907636
|switch|p1a: Drifblim|Drifblim, M, shiny|100/100
|switch|p2a: Gholdengo|Gholdengo|19/100
|
|upkeep
|turn|13
|
|t:|1779907646
|switch|p1a: Houndoom|Houndoom, M|100/100
|move|p2a: Gholdengo|Shadow Ball|p1a: Houndoom
|-resisted|p1a: Houndoom
|-damage|p1a: Houndoom|70/100
|
|upkeep
|turn|14
|
|t:|1779907658
|switch|p2a: Samurott|Samurott-Hisui, M|100/100
|move|p1a: Houndoom|Flare Blitz|p2a: Samurott
|-resisted|p2a: Samurott
|-damage|p2a: Samurott|64/100
|-damage|p1a: Houndoom|54/100|[from] Recoil
|-damage|p1a: Houndoom|44/100|[from] item: Life Orb
|
|upkeep
|turn|15
|
|t:|1779907671
|move|p1a: Houndoom|Flare Blitz|p2a: Samurott
|-resisted|p2a: Samurott
|-damage|p2a: Samurott|27/100
|-damage|p1a: Houndoom|28/100|[from] Recoil
|-damage|p1a: Houndoom|18/100|[from] item: Life Orb
|move|p2a: Samurott|Ceaseless Edge|p1a: Houndoom
|-resisted|p1a: Houndoom
|-damage|p1a: Houndoom|0 fnt
|-sidestart|p1: The ZU Wanderer|Spikes
|faint|p1a: Houndoom
|
|upkeep
|
|t:|1779907681
|switch|p1a: Masquerain|Masquerain, M, shiny|89/100
|-ability|p1a: Masquerain|Intimidate|boost
|-unboost|p2a: Samurott|atk|1
|turn|16
|
|t:|1779907691
|switch|p2a: Dragonite|Dragonite, M|100/100
|move|p1a: Masquerain|U-turn|p2a: Dragonite
|-resisted|p2a: Dragonite
|-damage|p2a: Dragonite|97/100
|
|t:|1779907697
|switch|p1a: Mesprit|Mesprit, shiny|100/100|[from] U-turn
|
|upkeep
|turn|17
|
|t:|1779907708
|switch|p2a: Samurott|Samurott-Hisui, M|27/100
|move|p1a: Mesprit|Ice Beam|p2a: Samurott
|-resisted|p2a: Samurott
|-damage|p2a: Samurott|17/100
|
|upkeep
|turn|18
|
|t:|1779907718
|switch|p1a: Masquerain|Masquerain, M, shiny|89/100
|-ability|p1a: Masquerain|Intimidate|boost
|-unboost|p2a: Samurott|atk|1
|move|p2a: Samurott|Sucker Punch||[still]
|-fail|p2a: Samurott
|
|upkeep
|turn|19
|
|t:|1779907731
|switch|p2a: Dragonite|Dragonite, M|97/100
|move|p1a: Masquerain|U-turn|p2a: Dragonite
|-resisted|p2a: Dragonite
|-damage|p2a: Dragonite|89/100
|
|t:|1779907737
|switch|p1a: Drifblim|Drifblim, M, shiny|100/100|[from] U-turn
|
|upkeep
|turn|20
|
|t:|1779907748
|move|p2a: Dragonite|Scale Shot|p1a: Drifblim
|-damage|p1a: Drifblim|88/100
|-damage|p1a: Drifblim|77/100
|-damage|p1a: Drifblim|66/100
|-damage|p1a: Drifblim|54/100
|-hitcount|p1a: Drifblim|4
|-unboost|p2a: Dragonite|def|1
|-boost|p2a: Dragonite|spe|1
|move|p1a: Drifblim|Night Shade|p2a: Dragonite
|-damage|p2a: Dragonite|58/100
|
|upkeep
|turn|21
|
|t:|1779907760
|switch|p2a: Gholdengo|Gholdengo|19/100
|move|p1a: Drifblim|Strength Sap|p2a: Gholdengo
|-immune|p2a: Gholdengo|[from] ability: Good as Gold
|
|upkeep
|turn|22
|
|t:|1779907774
|switch|p1a: Lapras|Lapras, F|100/100
|-damage|p1a: Lapras|88/100|[from] Spikes
|move|p2a: Gholdengo|Shadow Ball|p1a: Lapras
|-damage|p1a: Lapras|64/100
|
|upkeep
|turn|23
|
|t:|1779907783
|move|p2a: Gholdengo|Thunderbolt|p1a: Lapras
|-supereffective|p1a: Lapras
|-damage|p1a: Lapras|29/100
|move|p1a: Lapras|Earthquake|p2a: Gholdengo
|-supereffective|p2a: Gholdengo
|-damage|p2a: Gholdengo|0 fnt
|faint|p2a: Gholdengo
|
|upkeep
|
|t:|1779907805
|switch|p2a: Samurott|Samurott-Hisui, M|17/100
|turn|24
|
|t:|1779907823
|move|p1a: Lapras|Ice Shard|p2a: Samurott
|-resisted|p2a: Samurott
|-damage|p2a: Samurott|11/100
|move|p2a: Samurott|Ceaseless Edge|p1a: Lapras
|-damage|p1a: Lapras|0 fnt
|-sidestart|p1: The ZU Wanderer|Spikes
|faint|p1a: Lapras
|
|upkeep
|
|t:|1779907829
|switch|p1a: Masquerain|Masquerain, M, shiny|89/100
|-ability|p1a: Masquerain|Intimidate|boost
|-unboost|p2a: Samurott|atk|1
|turn|25
|
|t:|1779907837
|move|p2a: Samurott|Sucker Punch|p1a: Masquerain
|-damage|p1a: Masquerain|54/100
|move|p1a: Masquerain|U-turn|p2a: Samurott
|-supereffective|p2a: Samurott
|-damage|p2a: Samurott|0 fnt
|faint|p2a: Samurott
|
|t:|1779907860
|switch|p1a: Mesprit|Mesprit, shiny|100/100|[from] U-turn
|
|upkeep
|
|t:|1779907864
|switch|p2a: Kingambit|Kingambit, F|100/100
|-activate|p2a: Kingambit|ability: Supreme Overlord
|-start|p2a: Kingambit|fallen4|[silent]
|turn|26
|
|t:|1779907868
|-terastallize|p1a: Mesprit|Electric
|move|p1a: Mesprit|Thunderbolt|p2a: Kingambit
|-damage|p2a: Kingambit|58/100
|move|p2a: Kingambit|Swords Dance|p2a: Kingambit
|-boost|p2a: Kingambit|atk|2
|
|-heal|p2a: Kingambit|64/100|[from] item: Leftovers
|upkeep
|turn|27
|
|t:|1779907877
|move|p1a: Mesprit|Encore|p2a: Kingambit
|-start|p2a: Kingambit|Encore
|move|p2a: Kingambit|Swords Dance|p2a: Kingambit
|-boost|p2a: Kingambit|atk|2
|
|-heal|p2a: Kingambit|71/100|[from] item: Leftovers
|upkeep
|turn|28
|
|t:|1779907905
|move|p1a: Mesprit|Ice Beam|p2a: Kingambit
|-resisted|p2a: Kingambit
|-damage|p2a: Kingambit|55/100
|move|p2a: Kingambit|Swords Dance|p2a: Kingambit
|-boost|p2a: Kingambit|atk|2
|
|-heal|p2a: Kingambit|61/100|[from] item: Leftovers
|upkeep
|turn|29
|
|t:|1779907913
|move|p1a: Mesprit|Thunderbolt|p2a: Kingambit
|-damage|p2a: Kingambit|19/100
|move|p2a: Kingambit|Swords Dance|p2a: Kingambit
|-boost|p2a: Kingambit|atk|0
|
|-heal|p2a: Kingambit|25/100|[from] item: Leftovers
|-end|p2a: Kingambit|Encore
|upkeep
|turn|30
|
|t:|1779907928
|move|p2a: Kingambit|Sucker Punch||[still]
|-fail|p2a: Kingambit
|move|p1a: Mesprit|Encore|p2a: Kingambit
|-start|p2a: Kingambit|Encore
|
|-heal|p2a: Kingambit|32/100|[from] item: Leftovers
|upkeep
|turn|31
|
|t:|1779907934
|move|p2a: Kingambit|Sucker Punch||[still]
|-fail|p2a: Kingambit
|move|p1a: Mesprit|Stealth Rock|p2a: Kingambit
|-sidestart|p2: tdm32|move: Stealth Rock
|
|-heal|p2a: Kingambit|38/100|[from] item: Leftovers
|upkeep
|turn|32
|
|t:|1779907939
|switch|p1a: Drifblim|Drifblim, M, shiny|54/100
|move|p2a: Kingambit|Sucker Punch||[still]
|-fail|p2a: Kingambit
|
|-heal|p2a: Kingambit|44/100|[from] item: Leftovers
|upkeep
|turn|33
|
|t:|1779907952
|switch|p1a: Mesprit|Mesprit, shiny, tera:Electric|100/100
|move|p2a: Kingambit|Sucker Punch||[still]
|-fail|p2a: Kingambit
|
|-heal|p2a: Kingambit|50/100|[from] item: Leftovers
|-end|p2a: Kingambit|Encore
|upkeep
|turn|34
|
|t:|1779907974
|move|p1a: Mesprit|Encore|p2a: Kingambit
|-start|p2a: Kingambit|Encore
|move|p2a: Kingambit|Sucker Punch||[still]
|-fail|p2a: Kingambit
|
|-heal|p2a: Kingambit|56/100|[from] item: Leftovers
|upkeep
|turn|35
|
|t:|1779907980
|switch|p1a: Drifblim|Drifblim, M, shiny|54/100
|-end|p2a: Kingambit|fallen4|[silent]
|switch|p2a: Dragonite|Dragonite, M|58/100
|-damage|p2a: Dragonite|33/100|[from] Stealth Rock
|
|upkeep
|turn|36
|
|t:|1779907988
|move|p2a: Dragonite|Dragon Dance|p2a: Dragonite
|-boost|p2a: Dragonite|atk|1
|-boost|p2a: Dragonite|spe|1
|move|p1a: Drifblim|Strength Sap|p2a: Dragonite
|-unboost|p2a: Dragonite|atk|1
|-heal|p1a: Drifblim|100/100
|
|upkeep
|turn|37
|
|t:|1779907995
|move|p2a: Dragonite|Dragon Dance|p2a: Dragonite
|-boost|p2a: Dragonite|atk|1
|-boost|p2a: Dragonite|spe|1
|move|p1a: Drifblim|Strength Sap|p2a: Dragonite
|-unboost|p2a: Dragonite|atk|1
|
|upkeep
|turn|38
|
|t:|1779908001
|move|p2a: Dragonite|Dragon Dance|p2a: Dragonite
|-boost|p2a: Dragonite|atk|1
|-boost|p2a: Dragonite|spe|1
|move|p1a: Drifblim|Will-O-Wisp|p2a: Dragonite
|-status|p2a: Dragonite|brn
|
|-damage|p2a: Dragonite|27/100 brn|[from] brn
|upkeep
|turn|39
|
|t:|1779908010
|move|p2a: Dragonite|Dragon Dance|p2a: Dragonite
|-boost|p2a: Dragonite|atk|1
|-boost|p2a: Dragonite|spe|1
|move|p1a: Drifblim|Strength Sap|p2a: Dragonite
|-unboost|p2a: Dragonite|atk|1
|
|-damage|p2a: Dragonite|21/100 brn|[from] brn
|upkeep
|turn|40
|
|t:|1779908022
|move|p2a: Dragonite|Scale Shot|p1a: Drifblim
|-damage|p1a: Drifblim|91/100
|-damage|p1a: Drifblim|82/100
|-damage|p1a: Drifblim|72/100
|-damage|p1a: Drifblim|64/100
|-hitcount|p1a: Drifblim|4
|-unboost|p2a: Dragonite|def|1
|-boost|p2a: Dragonite|spe|1
|move|p1a: Drifblim|Strength Sap|p2a: Dragonite
|-unboost|p2a: Dragonite|atk|1
|-heal|p1a: Drifblim|100/100
|
|-damage|p2a: Dragonite|15/100 brn|[from] brn
|upkeep
|turn|41
|
|t:|1779908039
|move|p2a: Dragonite|Scale Shot|p1a: Drifblim
|-damage|p1a: Drifblim|95/100
|-damage|p1a: Drifblim|89/100
|-damage|p1a: Drifblim|83/100
|-damage|p1a: Drifblim|76/100
|-damage|p1a: Drifblim|70/100
|-hitcount|p1a: Drifblim|5
|-unboost|p2a: Dragonite|def|1
|-boost|p2a: Dragonite|spe|1
|move|p1a: Drifblim|Strength Sap|p2a: Dragonite
|-unboost|p2a: Dragonite|atk|1
|-heal|p1a: Drifblim|100/100
|
|-damage|p2a: Dragonite|9/100 brn|[from] brn
|upkeep
|turn|42
|
|t:|1779908057
|move|p2a: Dragonite|Scale Shot|p1a: Drifblim
|-damage|p1a: Drifblim|97/100
|-damage|p1a: Drifblim|93/100
|-damage|p1a: Drifblim|89/100
|-damage|p1a: Drifblim|84/100
|-hitcount|p1a: Drifblim|4
|-unboost|p2a: Dragonite|def|1
|move|p1a: Drifblim|Strength Sap|p2a: Dragonite
|-unboost|p2a: Dragonite|atk|1
|-heal|p1a: Drifblim|100/100
|
|-damage|p2a: Dragonite|2/100 brn|[from] brn
|upkeep
|turn|43
|
|t:|1779908071
|move|p2a: Dragonite|Scale Shot|p1a: Drifblim
|-damage|p1a: Drifblim|98/100
|-damage|p1a: Drifblim|94/100
|-damage|p1a: Drifblim|92/100
|-damage|p1a: Drifblim|88/100
|-hitcount|p1a: Drifblim|4
|-unboost|p2a: Dragonite|def|1
|move|p1a: Drifblim|Strength Sap|p2a: Dragonite
|-unboost|p2a: Dragonite|atk|1
|-heal|p1a: Drifblim|100/100
|
|-damage|p2a: Dragonite|0 fnt|[from] brn
|faint|p2a: Dragonite
|upkeep
|
|t:|1779908076
|switch|p2a: Kingambit|Kingambit, F|56/100
|-damage|p2a: Kingambit|50/100|[from] Stealth Rock
|-activate|p2a: Kingambit|ability: Supreme Overlord
|-start|p2a: Kingambit|fallen5|[silent]
|turn|44
|
|t:|1779908088
|move|p1a: Drifblim|Will-O-Wisp|p2a: Kingambit
|-status|p2a: Kingambit|brn
|move|p2a: Kingambit|Kowtow Cleave|p1a: Drifblim
|-supereffective|p1a: Drifblim
|-damage|p1a: Drifblim|37/100
|
|-heal|p2a: Kingambit|56/100 brn|[from] item: Leftovers
|-damage|p2a: Kingambit|50/100 brn|[from] brn
|upkeep
|turn|45
|
|t:|1779908097
|move|p1a: Drifblim|Strength Sap|p2a: Kingambit
|-unboost|p2a: Kingambit|atk|1
|-heal|p1a: Drifblim|100/100
|move|p2a: Kingambit|Kowtow Cleave|p1a: Drifblim
|-supereffective|p1a: Drifblim
|-damage|p1a: Drifblim|62/100
|
|-heal|p2a: Kingambit|56/100 brn|[from] item: Leftovers
|-damage|p2a: Kingambit|50/100 brn|[from] brn
|upkeep
|turn|46
|
|t:|1779908107
|move|p1a: Drifblim|Night Shade|p2a: Kingambit
|-damage|p2a: Kingambit|21/100 brn
|move|p2a: Kingambit|Swords Dance|p2a: Kingambit
|-boost|p2a: Kingambit|atk|2
|
|-heal|p2a: Kingambit|27/100 brn|[from] item: Leftovers
|-damage|p2a: Kingambit|21/100 brn|[from] brn
|upkeep
|turn|47
|
|t:|1779908114
|move|p1a: Drifblim|Strength Sap|p2a: Kingambit
|-unboost|p2a: Kingambit|atk|1
|-heal|p1a: Drifblim|100/100
|move|p2a: Kingambit|Kowtow Cleave|p1a: Drifblim
|-supereffective|p1a: Drifblim
|-damage|p1a: Drifblim|41/100
|
|-heal|p2a: Kingambit|27/100 brn|[from] item: Leftovers
|-damage|p2a: Kingambit|21/100 brn|[from] brn
|upkeep
|turn|48
|
|t:|1779908124
|move|p1a: Drifblim|Night Shade|p2a: Kingambit
|-damage|p2a: Kingambit|0 fnt
|faint|p2a: Kingambit
|-end|p2a: Kingambit|fallen5|[silent]
|
|win|The ZU Wanderer
|raw|The ZU Wanderer's rating: 1324 &rarr; <strong>1342</strong><br />(+18 for winning)
|raw|tdm32's rating: 1288 &rarr; <strong>1266</strong><br />(-22 for losing)
|l|☆tdm32
|player|p2|
|l|☆The ZU Wanderer
|player|p1|
