|j|☆Gashiuem_1234
|j|☆theodestroyer
|t:|1779952355
|gametype|singles
|player|p1|Gashiuem_1234|169|1059
|player|p2|theodestroyer|cynthia|1089
|gen|9
|tier|[Gen 9] OU
|rated|
|rule|HP Percentage Mod: HP is shown in percentages
|rule|Endless Battle Clause: Forcing endless battles is banned
|rule|Species Clause: Limit one of each Pokémon
|rule|OHKO Clause: OHKO moves are banned
|rule|Evasion Items Clause: Evasion items are banned
|rule|Evasion Moves Clause: Evasion moves are banned
|rule|Evasion Abilities Clause: Evasion abilities are banned
|rule|Sleep Moves Clause: Sleep-inducing moves are banned
|clearpoke
|poke|p1|Iron Valiant|
|poke|p1|Darkrai|
|poke|p1|Great Tusk|
|poke|p1|Meowscarada, M|
|poke|p1|Iron Moth|
|poke|p1|Quaquaval, F|
|poke|p2|Sableye, F|
|poke|p2|Clefable, M|
|poke|p2|Scizor, M|
|poke|p2|Amoonguss, M|
|poke|p2|Heatran, M|
|poke|p2|Excadrill, M|
|teampreview
|inactive|Battle timer is ON: inactive players will automatically lose when time's up. (requested by theodestroyer)
|
|t:|1779952368
|teamsize|p1|6
|teamsize|p2|6
|start
|switch|p1a: Quaquaval|Quaquaval, F|100/100
|switch|p2a: ou shiii|Sableye, F|100/100
|-item|p2a: ou shiii|Air Balloon
|turn|1
|
|t:|1779952384
|move|p2a: ou shiii|Calm Mind|p2a: ou shiii
|-boost|p2a: ou shiii|spa|1
|-boost|p2a: ou shiii|spd|1
|move|p1a: Quaquaval|Flip Turn|p2a: ou shiii
|-damage|p2a: ou shiii|69/100
|-enditem|p2a: ou shiii|Air Balloon
|
|t:|1779952392
|switch|p1a: Iron Valiant|Iron Valiant|100/100|[from] Flip Turn
|-enditem|p1a: Iron Valiant|Booster Energy
|-activate|p1a: Iron Valiant|ability: Quark Drive|[fromitem]
|-start|p1a: Iron Valiant|quarkdrivespe
|
|upkeep
|turn|2
|
|t:|1779952401
|move|p2a: ou shiii|Calm Mind|p2a: ou shiii
|-boost|p2a: ou shiii|spa|1
|-boost|p2a: ou shiii|spd|1
|move|p1a: Iron Valiant|Moonblast|p2a: ou shiii
|-supereffective|p2a: ou shiii
|-damage|p2a: ou shiii|0 fnt
|faint|p2a: ou shiii
|
|upkeep
|
|t:|1779952420
|switch|p2a: Clefable|Clefable, M|100/100
|turn|3
|
|t:|1779952433
|move|p1a: Iron Valiant|Aura Sphere|p2a: Clefable
|-resisted|p2a: Clefable
|-damage|p2a: Clefable|83/100
|move|p2a: Clefable|Moonblast|p1a: Iron Valiant
|-supereffective|p1a: Iron Valiant
|-damage|p1a: Iron Valiant|0 fnt
|faint|p1a: Iron Valiant
|-end|p1a: Iron Valiant|Quark Drive|[silent]
|
|-heal|p2a: Clefable|89/100|[from] item: Leftovers
|upkeep
|
|t:|1779952441
|switch|p1a: Iron Moth|Iron Moth|100/100
|-enditem|p1a: Iron Moth|Booster Energy
|-activate|p1a: Iron Moth|ability: Quark Drive|[fromitem]
|-start|p1a: Iron Moth|quarkdrivespa
|turn|4
|
|t:|1779952455
|switch|p2a: niga1|Heatran, M|100/100
|move|p1a: Iron Moth|Sludge Wave|p2a: niga1
|-immune|p2a: niga1
|
|upkeep
|turn|5
|
|t:|1779952462
|-end|p1a: Iron Moth|Quark Drive|[silent]
|switch|p1a: Quaquaval|Quaquaval, F|100/100
|move|p2a: niga1|Earth Power|p1a: Quaquaval
|-damage|p1a: Quaquaval|63/100
|
|upkeep
|turn|6
|
|t:|1779952468
|switch|p2a: niga3|Amoonguss, M|100/100
|move|p1a: Quaquaval|Aqua Step|p2a: niga3
|-resisted|p2a: niga3
|-damage|p2a: niga3|84/100
|-boost|p1a: Quaquaval|spe|1
|
|-heal|p2a: niga3|90/100|[from] item: Black Sludge
|upkeep
|turn|7
|
|t:|1779952478
|move|p1a: Quaquaval|Triple Axel|p2a: niga3|[miss]
|-miss|p1a: Quaquaval|p2a: niga3
|move|p2a: niga3|Giga Drain|p1a: Quaquaval
|-supereffective|p1a: Quaquaval
|-damage|p1a: Quaquaval|25/100
|-heal|p2a: niga3|100/100|[from] drain|[of] p1a: Quaquaval
|
|upkeep
|turn|8
|
|t:|1779952485
|move|p1a: Quaquaval|Triple Axel|p2a: niga3
|-supereffective|p2a: niga3
|-damage|p2a: niga3|88/100
|-supereffective|p2a: niga3
|-damage|p2a: niga3|63/100
|-supereffective|p2a: niga3
|-damage|p2a: niga3|25/100
|-hitcount|p2a: niga3|3
|move|p2a: niga3|Energy Ball|p1a: Quaquaval
|-supereffective|p1a: Quaquaval
|-damage|p1a: Quaquaval|0 fnt
|faint|p1a: Quaquaval
|
|-heal|p2a: niga3|32/100|[from] item: Black Sludge
|upkeep
|
|t:|1779952497
|switch|p1a: Meowscarada|Meowscarada, M|100/100
|turn|9
|
|t:|1779952503
|move|p1a: Meowscarada|Triple Axel|p2a: niga3
|-start|p1a: Meowscarada|typechange|Ice|[from] ability: Protean
|-supereffective|p2a: niga3
|-crit|p2a: niga3
|-damage|p2a: niga3|0 fnt
|faint|p2a: niga3
|-hitcount|p2: niga3|1
|-damage|p1a: Meowscarada|91/100|[from] item: Life Orb
|
|upkeep
|
|t:|1779952515
|switch|p2a: niga1|Heatran, M|100/100
|turn|10
|
|t:|1779952526
|move|p1a: Meowscarada|Sucker Punch|p2a: niga1
|-damage|p2a: niga1|78/100
|-damage|p1a: Meowscarada|81/100|[from] item: Life Orb
|move|p2a: niga1|Flare Blitz|p1a: Meowscarada
|-supereffective|p1a: Meowscarada
|-damage|p1a: Meowscarada|0 fnt
|faint|p1a: Meowscarada
|-damage|p2a: niga1|57/100|[from] Recoil
|
|upkeep
|
|t:|1779952536
|switch|p1a: Great Tusk|Great Tusk|100/100
|-enditem|p1a: Great Tusk|Booster Energy
|-activate|p1a: Great Tusk|ability: Protosynthesis|[fromitem]
|-start|p1a: Great Tusk|protosynthesisatk
|turn|11
|l|☆Gashiuem_1234
|inactive|Gashiuem_1234 disconnected and has a minute to reconnect!
|player|p1|
|c|☆theodestroyer|oh yes u cooked niga
|inactive|Gashiuem_1234 has 30 seconds to reconnect!
|j|☆Gashiuem_1234
|inactive|Gashiuem_1234 reconnected and has 100 seconds left.
|player|p1|Gashiuem_1234|169|
|
|t:|1779952590
|switch|p2a: niga|Excadrill, M|100/100
|-ability|p2a: niga|Mold Breaker
|move|p1a: Great Tusk|Body Press|p2a: niga
|-supereffective|p2a: niga
|-damage|p2a: niga|0 fnt
|faint|p2a: niga
|
|upkeep
|n|!theodestroyer|theodestroyer
|
|t:|1779952617
|switch|p2a: niga ultra|Scizor, M, shiny|100/100
|turn|12
|l|☆Gashiuem_1234
|inactive|Gashiuem_1234 disconnected and has a minute to reconnect!
|player|p1|
|inactive|theodestroyer has 120 seconds left.
|inactive|Gashiuem_1234 has 30 seconds to reconnect!
|inactive|Gashiuem_1234 has 20 seconds to reconnect!
|inactive|Gashiuem_1234 has 15 seconds to reconnect!
|inactive|Gashiuem_1234 has 10 seconds to reconnect!
|inactive|Gashiuem_1234 has 5 seconds to reconnect!
|-message|Gashiuem_1234 lost due to inactivity.
|
|win|theodestroyer
