|j|☆jjtaggof
|j|☆gtgrfvggc
|t:|1779955236
|gametype|singles
|player|p1|jjtaggof|ballguy|1161
|player|p2|gtgrfvggc|steven|1101
|gen|9
|tier|[Gen 9] OU
|rated|
|rule|HP Percentage Mod: HP is shown in percentages
|rule|Endless Battle Clause: Forcing endless battles is banned
|rule|Species Clause: Limit one of each Pokémon
|rule|OHKO Clause: OHKO moves are banned
|rule|Evasion Items Clause: Evasion items are banned
|rule|Evasion Moves Clause: Evasion moves are banned
|rule|Evasion Abilities Clause: Evasion abilities are banned
|rule|Sleep Moves Clause: Sleep-inducing moves are banned
|clearpoke
|poke|p1|Gyarados, M|
|poke|p1|Metagross|
|poke|p1|Mudsdale, M|
|poke|p1|Ceruledge, F|
|poke|p1|Iron Leaves|
|poke|p1|Kommo-o, M|
|poke|p2|Garchomp, M|
|poke|p2|Kingambit, M|
|poke|p2|Pelipper, M|
|poke|p2|Basculegion, M|
|poke|p2|Incineroar, F|
|poke|p2|Landorus-Therian, M|
|teampreview
|inactive|Battle timer is ON: inactive players will automatically lose when time's up. (requested by jjtaggof)
|
|t:|1779955260
|teamsize|p1|6
|teamsize|p2|6
|start
|switch|p1a: Kommo-o|Kommo-o, M|100/100
|switch|p2a: Landorus|Landorus-Therian, M|100/100
|-ability|p2a: Landorus|Intimidate|boost
|-unboost|p1a: Kommo-o|atk|1
|turn|1
|
|t:|1779955269
|-terastallize|p2a: Landorus|Ghost
|move|p1a: Kommo-o|Clangorous Soul|p1a: Kommo-o
|-boost|p1a: Kommo-o|atk|1
|-boost|p1a: Kommo-o|def|1
|-boost|p1a: Kommo-o|spa|1
|-boost|p1a: Kommo-o|spd|1
|-boost|p1a: Kommo-o|spe|1
|-damage|p1a: Kommo-o|68/100
|-enditem|p1a: Kommo-o|Throat Spray
|-boost|p1a: Kommo-o|spa|1|[from] item: Throat Spray
|move|p2a: Landorus|Stealth Rock|p1a: Kommo-o
|-sidestart|p1: jjtaggof|move: Stealth Rock
|
|upkeep
|turn|2
|
|t:|1779955281
|move|p1a: Kommo-o|Clanging Scales|p2a: Landorus
|-damage|p2a: Landorus|22/100
|-unboost|p1a: Kommo-o|def|1
|move|p2a: Landorus|Earthquake|p1a: Kommo-o
|-damage|p1a: Kommo-o|23/100
|
|-heal|p2a: Landorus|28/100|[from] item: Leftovers
|upkeep
|turn|3
|
|t:|1779955288
|move|p1a: Kommo-o|Clanging Scales|p2a: Landorus
|-damage|p2a: Landorus|0 fnt
|faint|p2a: Landorus
|-unboost|p1a: Kommo-o|def|1
|
|upkeep
|
|t:|1779955307
|switch|p2a: Incineroar|Incineroar, F|100/100
|-ability|p2a: Incineroar|Intimidate|boost
|-unboost|p1a: Kommo-o|atk|1
|turn|4
|
|t:|1779955311
|move|p2a: Incineroar|Fake Out|p1a: Kommo-o
|-crit|p1a: Kommo-o
|-damage|p1a: Kommo-o|1/100
|cant|p1a: Kommo-o|flinch
|
|upkeep
|turn|5
|
|t:|1779955315
|move|p1a: Kommo-o|Aura Sphere|p2a: Incineroar
|-supereffective|p2a: Incineroar
|-damage|p2a: Incineroar|0 fnt
|faint|p2a: Incineroar
|
|upkeep
|
|t:|1779955323
|switch|p2a: Kingambit|Kingambit, M|100/100
|turn|6
|
|t:|1779955331
|move|p2a: Kingambit|Sucker Punch|p1a: Kommo-o
|-resisted|p1a: Kommo-o
|-damage|p1a: Kommo-o|0 fnt
|faint|p1a: Kommo-o
|
|upkeep
|
|t:|1779955343
|switch|p1a: Mudsdale|Mudsdale, M|100/100
|-damage|p1a: Mudsdale|94/100|[from] Stealth Rock
|turn|7
|
|t:|1779955353
|move|p2a: Kingambit|Iron Head|p1a: Mudsdale
|-damage|p1a: Mudsdale|52/100
|-ability|p1a: Mudsdale|Stamina|boost
|-boost|p1a: Mudsdale|def|1
|cant|p1a: Mudsdale|flinch
|
|-heal|p1a: Mudsdale|59/100|[from] item: Leftovers
|upkeep
|turn|8
|
|t:|1779955360
|move|p2a: Kingambit|Iron Head|p1a: Mudsdale
|-damage|p1a: Mudsdale|30/100
|-ability|p1a: Mudsdale|Stamina|boost
|-boost|p1a: Mudsdale|def|1
|move|p1a: Mudsdale|Body Press|p2a: Kingambit
|-supereffective|p2a: Kingambit
|-enditem|p2a: Kingambit|Chople Berry|[eat]
|-enditem|p2a: Kingambit|Chople Berry|[weaken]
|-damage|p2a: Kingambit|50/100
|
|-heal|p1a: Mudsdale|37/100|[from] item: Leftovers
|upkeep
|turn|9
|
|t:|1779955376
|move|p2a: Kingambit|Kowtow Cleave|p1a: Mudsdale
|-damage|p1a: Mudsdale|17/100
|-ability|p1a: Mudsdale|Stamina|boost
|-boost|p1a: Mudsdale|def|1
|move|p1a: Mudsdale|Body Press|p2a: Kingambit
|-supereffective|p2a: Kingambit
|-damage|p2a: Kingambit|0 fnt
|faint|p2a: Kingambit
|
|-heal|p1a: Mudsdale|23/100|[from] item: Leftovers
|upkeep
|
|t:|1779955382
|switch|p2a: Pelipper|Pelipper, M|100/100
|-weather|RainDance|[from] ability: Drizzle|[of] p2a: Pelipper
|turn|10
|
|t:|1779955384
|move|p2a: Pelipper|Weather Ball|p1a: Mudsdale
|-supereffective|p1a: Mudsdale
|-damage|p1a: Mudsdale|0 fnt
|faint|p1a: Mudsdale
|
|-weather|RainDance|[upkeep]
|upkeep
|
|t:|1779955394
|switch|p1a: Metagross|Metagross|100/100
|-damage|p1a: Metagross|95/100|[from] Stealth Rock
|turn|11
|
|t:|1779955397
|move|p2a: Pelipper|Tailwind|p2a: Pelipper
|-sidestart|p2: gtgrfvggc|move: Tailwind
|move|p1a: Metagross|Agility|p1a: Metagross
|-boost|p1a: Metagross|spe|2
|
|-weather|RainDance|[upkeep]
|upkeep
|turn|12
|
|t:|1779955411
|move|p2a: Pelipper|Hurricane|p1a: Metagross
|-resisted|p1a: Metagross
|-damage|p1a: Metagross|68/100
|move|p1a: Metagross|Psychic Fangs|p2a: Pelipper
|-damage|p2a: Pelipper|35/100
|
|-weather|RainDance|[upkeep]
|upkeep
|turn|13
|
|t:|1779955417
|move|p2a: Pelipper|Hurricane|p1a: Metagross
|-resisted|p1a: Metagross
|-damage|p1a: Metagross|38/100
|move|p1a: Metagross|Meteor Mash|p2a: Pelipper
|-resisted|p2a: Pelipper
|-damage|p2a: Pelipper|0 fnt
|faint|p2a: Pelipper
|
|-weather|RainDance|[upkeep]
|upkeep
|
|t:|1779955420
|switch|p2a: Garchomp|Garchomp, M|100/100
|turn|14
|
|t:|1779955433
|move|p2a: Garchomp|Rock Slide|p1a: Metagross
|-resisted|p1a: Metagross
|-damage|p1a: Metagross|25/100
|move|p1a: Metagross|Meteor Mash|p2a: Garchomp
|-damage|p2a: Garchomp|49/100
|-damage|p1a: Metagross|13/100|[from] ability: Rough Skin|[of] p2a: Garchomp
|
|-weather|none
|-sideend|p2: gtgrfvggc|move: Tailwind
|upkeep
|turn|15
|
|t:|1779955442
|move|p2a: Garchomp|Rock Slide|p1a: Metagross
|-resisted|p1a: Metagross
|-damage|p1a: Metagross|1/100
|cant|p1a: Metagross|flinch
|
|upkeep
|turn|16
|
|t:|1779955447
|move|p2a: Garchomp|Rock Slide|p1a: Metagross
|-resisted|p1a: Metagross
|-damage|p1a: Metagross|0 fnt
|faint|p1a: Metagross
|
|upkeep
|
|t:|1779955453
|switch|p1a: Iron Leaves|Iron Leaves|100/100
|-damage|p1a: Iron Leaves|88/100|[from] Stealth Rock
|-enditem|p1a: Iron Leaves|Booster Energy
|-activate|p1a: Iron Leaves|ability: Quark Drive|[fromitem]
|-start|p1a: Iron Leaves|quarkdriveatk
|turn|17
|
|t:|1779955459
|move|p2a: Garchomp|Rock Slide|p1a: Iron Leaves
|-damage|p1a: Iron Leaves|56/100
|move|p1a: Iron Leaves|Psyblade|p2a: Garchomp
|-damage|p2a: Garchomp|0 fnt
|-damage|p1a: Iron Leaves|44/100|[from] ability: Rough Skin|[of] p2a: Garchomp
|faint|p2a: Garchomp
|
|upkeep
|
|t:|1779955467
|switch|p2a: Basculegion|Basculegion, M|100/100
|turn|18
|
|t:|1779955477
|move|p2a: Basculegion|Phantom Force||[still]
|-prepare|p2a: Basculegion|Phantom Force
|move|p1a: Iron Leaves|Leaf Blade|p2a: Basculegion|[miss]
|-miss|p1a: Iron Leaves|p2a: Basculegion
|
|upkeep
|turn|19
|
|t:|1779955487
|-end|p1a: Iron Leaves|Quark Drive|[silent]
|switch|p1a: Ceruledge|Ceruledge, F|100/100
|-damage|p1a: Ceruledge|76/100|[from] Stealth Rock
|move|p2a: Basculegion|Phantom Force|p1a: Ceruledge|[from] lockedmove
|-supereffective|p1a: Ceruledge
|-damage|p1a: Ceruledge|0 fnt
|faint|p1a: Ceruledge
|
|upkeep
|
|t:|1779955492
|switch|p1a: Gyarados|Gyarados, M, shiny|100/100
|turn|20
|
|t:|1779955494
|move|p2a: Basculegion|Phantom Force||[still]
|-prepare|p2a: Basculegion|Phantom Force
|move|p1a: Gyarados|Dragon Dance|p1a: Gyarados
|-boost|p1a: Gyarados|atk|1
|-boost|p1a: Gyarados|spe|1
|
|upkeep
|turn|21
|
|t:|1779955500
|move|p1a: Gyarados|Dragon Dance|p1a: Gyarados
|-boost|p1a: Gyarados|atk|1
|-boost|p1a: Gyarados|spe|1
|move|p2a: Basculegion|Phantom Force|p1a: Gyarados|[from] lockedmove
|-damage|p1a: Gyarados|27/100
|
|upkeep
|turn|22
|
|t:|1779955519
|move|p1a: Gyarados|Crunch|p2a: Basculegion
|-supereffective|p2a: Basculegion
|-damage|p2a: Basculegion|0 fnt
|faint|p2a: Basculegion
|
|win|jjtaggof
|raw|jjtaggof's rating: 1161 &rarr; <strong>1182</strong><br />(+21 for winning)
|raw|gtgrfvggc's rating: 1101 &rarr; <strong>1080</strong><br />(-21 for losing)
|l|☆jjtaggof
|player|p1|
