|j|‽Abigcamel
|j|☆SWAGGER_W2F
|t:|1779961492
|gametype|singles
|player|p1|Abigcamel|morty|1506
|player|p2|SWAGGER_W2F|flint|1544
|gen|9
|tier|[Gen 9] OU
|rated|
|rule|HP Percentage Mod: HP is shown in percentages
|rule|Endless Battle Clause: Forcing endless battles is banned
|rule|Species Clause: Limit one of each Pokémon
|rule|OHKO Clause: OHKO moves are banned
|rule|Evasion Items Clause: Evasion items are banned
|rule|Evasion Moves Clause: Evasion moves are banned
|rule|Evasion Abilities Clause: Evasion abilities are banned
|rule|Sleep Moves Clause: Sleep-inducing moves are banned
|clearpoke
|poke|p1|Clefable, F|
|poke|p1|Gliscor, F|
|poke|p1|Ting-Lu|
|poke|p1|Quaquaval, F|
|poke|p1|Heatran, F|
|poke|p1|Raging Bolt|
|poke|p2|Ceruledge, M|
|poke|p2|Scizor, M|
|poke|p2|Raging Bolt|
|poke|p2|Primarina, F|
|poke|p2|Mandibuzz, F|
|poke|p2|Great Tusk|
|teampreview
|inactive|Battle timer is ON: inactive players will automatically lose when time's up. (requested by Abigcamel)
|
|t:|1779961509
|teamsize|p1|6
|teamsize|p2|6
|start
|switch|p1a: Gliscor|Gliscor, F|100/100
|switch|p2a: Primarina|Primarina, F|100/100
|turn|1
|inactive|SWAGGER_W2F has 120 seconds left.
|
|t:|1779961555
|move|p1a: Gliscor|Protect|p1a: Gliscor
|-singleturn|p1a: Gliscor|Protect
|move|p2a: Primarina|Substitute|p2a: Primarina
|-start|p2a: Primarina|Substitute
|-damage|p2a: Primarina|75/100
|
|-heal|p2a: Primarina|82/100|[from] item: Leftovers
|-status|p1a: Gliscor|tox|[from] item: Toxic Orb
|upkeep
|turn|2
|
|t:|1779961562
|switch|p1a: Ting-Lu|Ting-Lu|100/100
|-ability|p1a: Ting-Lu|Vessel of Ruin
|move|p2a: Primarina|Psychic Noise|p1a: Ting-Lu
|-supereffective|p1a: Ting-Lu
|-damage|p1a: Ting-Lu|74/100
|-start|p1a: Ting-Lu|move: Heal Block
|
|-heal|p2a: Primarina|88/100|[from] item: Leftovers
|upkeep
|turn|3
|
|t:|1779961573
|move|p2a: Primarina|Calm Mind|p2a: Primarina
|-boost|p2a: Primarina|spa|1
|-boost|p2a: Primarina|spd|1
|move|p1a: Ting-Lu|Whirlwind|p2a: Primarina
|drag|p2a: Ceruledge|Ceruledge, M|100/100
|
|-end|p1a: Ting-Lu|move: Heal Block
|upkeep
|turn|4
|
|t:|1779961581
|switch|p2a: Mandibuzz|Mandibuzz, F|100/100
|move|p1a: Ting-Lu|Stealth Rock|p2a: Mandibuzz
|-sidestart|p2: SWAGGER_W2F|move: Stealth Rock
|
|-heal|p1a: Ting-Lu|80/100|[from] item: Leftovers
|upkeep
|turn|5
|inactive|SWAGGER_W2F has 120 seconds left.
|
|t:|1779961588
|switch|p1a: Gliscor|Gliscor, F|100/100 tox
|move|p2a: Mandibuzz|Defog|p1a: Gliscor
|-unboost|p1a: Gliscor|evasion|1
|-sideend|p2: SWAGGER_W2F|Stealth Rock|[from] move: Defog|[of] p2a: Mandibuzz
|
|upkeep
|turn|6
|
|t:|1779961596
|move|p1a: Gliscor|Toxic|p2a: Mandibuzz
|-status|p2a: Mandibuzz|tox
|move|p2a: Mandibuzz|U-turn|p1a: Gliscor
|-resisted|p1a: Gliscor
|-damage|p1a: Gliscor|97/100 tox
|
|t:|1779961601
|switch|p2a: Great Tusk|Great Tusk|100/100|[from] U-turn
|
|-heal|p1a: Gliscor|100/100 tox|[from] ability: Poison Heal
|upkeep
|turn|7
|
|t:|1779961617
|move|p2a: Great Tusk|Ice Spinner|p1a: Gliscor
|-supereffective|p1a: Gliscor
|-damage|p1a: Gliscor|33/100 tox
|move|p1a: Gliscor|Toxic|p2a: Great Tusk
|-status|p2a: Great Tusk|tox
|
|-damage|p2a: Great Tusk|94/100 tox|[from] psn
|-heal|p1a: Gliscor|46/100 tox|[from] ability: Poison Heal
|upkeep
|turn|8
|inactive|SWAGGER_W2F has 120 seconds left.
|
|t:|1779961661
|move|p1a: Gliscor|Protect|p1a: Gliscor
|-singleturn|p1a: Gliscor|Protect
|move|p2a: Great Tusk|Ice Spinner|p1a: Gliscor
|-activate|p1a: Gliscor|move: Protect
|
|-damage|p2a: Great Tusk|82/100 tox|[from] psn
|-heal|p1a: Gliscor|58/100 tox|[from] ability: Poison Heal
|upkeep
|turn|9
|
|t:|1779961673
|switch|p1a: Quaquaval|Quaquaval, F|100/100
|move|p2a: Great Tusk|Ice Spinner|p1a: Quaquaval
|-resisted|p1a: Quaquaval
|-damage|p1a: Quaquaval|83/100
|
|-damage|p2a: Great Tusk|63/100 tox|[from] psn
|upkeep
|turn|10
|
|t:|1779961682
|-end|p2a: Great Tusk|Protosynthesis|[silent]
|switch|p2a: Primarina|Primarina, F|88/100
|move|p1a: Quaquaval|Aqua Step|p2a: Primarina
|-resisted|p2a: Primarina
|-damage|p2a: Primarina|69/100
|-boost|p1a: Quaquaval|spe|1
|
|-heal|p2a: Primarina|75/100|[from] item: Leftovers
|upkeep
|turn|11
|
|t:|1779961698
|move|p1a: Quaquaval|Knock Off|p2a: Primarina
|-resisted|p2a: Primarina
|-crit|p2a: Primarina
|-damage|p2a: Primarina|55/100
|-enditem|p2a: Primarina|Leftovers|[from] move: Knock Off|[of] p1a: Quaquaval
|move|p2a: Primarina|Draining Kiss|p1a: Quaquaval
|-supereffective|p1a: Quaquaval
|-damage|p1a: Quaquaval|40/100
|-heal|p2a: Primarina|83/100|[from] drain|[of] p1a: Quaquaval
|
|upkeep
|turn|12
|inactive|Abigcamel has 120 seconds left.
|
|t:|1779961725
|switch|p1a: Clefable|Clefable, F|100/100
|move|p2a: Primarina|Draining Kiss|p1a: Clefable
|-damage|p1a: Clefable|79/100
|-heal|p2a: Primarina|99/100|[from] drain|[of] p1a: Clefable
|
|upkeep
|turn|13
|
|t:|1779961732
|switch|p2a: Ceruledge|Ceruledge, M|100/100
|move|p1a: Clefable|Calm Mind|p1a: Clefable
|-boost|p1a: Clefable|spa|1
|-boost|p1a: Clefable|spd|1
|
|upkeep
|turn|14
|
|t:|1779961737
|move|p2a: Ceruledge|Poltergeist|p1a: Clefable
|-activate|p1a: Clefable|move: Poltergeist|Heavy-Duty Boots
|-damage|p1a: Clefable|31/100
|move|p1a: Clefable|Thunder Wave|p2a: Ceruledge
|-status|p2a: Ceruledge|par
|
|upkeep
|turn|15
|inactive|SWAGGER_W2F has 120 seconds left.
|
|t:|1779961749
|move|p1a: Clefable|Moonlight|p1a: Clefable
|-heal|p1a: Clefable|81/100
|move|p2a: Ceruledge|Poltergeist|p1a: Clefable
|-activate|p1a: Clefable|move: Poltergeist|Heavy-Duty Boots
|-damage|p1a: Clefable|32/100
|
|upkeep
|turn|16
|inactive|SWAGGER_W2F has 120 seconds left.
|inactive|SWAGGER_W2F has 90 seconds left.
|
|t:|1779961797
|move|p1a: Clefable|Moonlight|p1a: Clefable
|-heal|p1a: Clefable|82/100
|move|p2a: Ceruledge|Poltergeist|p1a: Clefable
|-activate|p1a: Clefable|move: Poltergeist|Heavy-Duty Boots
|-damage|p1a: Clefable|33/100
|
|upkeep
|turn|17
|inactive|SWAGGER_W2F has 90 seconds left.
|
|t:|1779961809
|switch|p2a: Scizor|Scizor, M|100/100
|move|p1a: Clefable|Moonlight|p1a: Clefable
|-heal|p1a: Clefable|83/100
|
|upkeep
|turn|18
|inactive|SWAGGER_W2F has 90 seconds left.
|
|t:|1779961815
|switch|p1a: Quaquaval|Quaquaval, F|40/100
|move|p2a: Scizor|Bullet Punch|p1a: Quaquaval
|-resisted|p1a: Quaquaval
|-damage|p1a: Quaquaval|6/100
|
|upkeep
|turn|19
|
|t:|1779961820
|move|p2a: Scizor|Bullet Punch|p1a: Quaquaval
|-resisted|p1a: Quaquaval
|-damage|p1a: Quaquaval|0 fnt
|faint|p1a: Quaquaval
|
|upkeep
|
|t:|1779961823
|switch|p1a: Raging Bolt|Raging Bolt|100/100
|-enditem|p1a: Raging Bolt|Booster Energy
|-activate|p1a: Raging Bolt|ability: Protosynthesis|[fromitem]
|-start|p1a: Raging Bolt|protosynthesisspa
|turn|20
|
|t:|1779961839
|switch|p2a: Ceruledge|Ceruledge, M|100/100 par
|move|p1a: Raging Bolt|Dragon Pulse|p2a: Ceruledge
|-crit|p2a: Ceruledge
|-damage|p2a: Ceruledge|40/100 par
|
|upkeep
|turn|21
|
|t:|1779961846
|move|p1a: Raging Bolt|Dragon Pulse|p2a: Ceruledge
|-damage|p2a: Ceruledge|0 fnt
|faint|p2a: Ceruledge
|
|upkeep
|
|t:|1779961851
|switch|p2a: Great Tusk|Great Tusk|63/100 tox
|turn|22
|
|t:|1779961859
|-terastallize|p2a: Great Tusk|Ice
|-terastallize|p1a: Raging Bolt|Fairy
|move|p2a: Great Tusk|Ice Spinner|p1a: Raging Bolt
|-damage|p1a: Raging Bolt|61/100
|move|p1a: Raging Bolt|Dragon Pulse|p2a: Great Tusk
|-damage|p2a: Great Tusk|0 fnt
|faint|p2a: Great Tusk
|-end|p2a: Great Tusk|Protosynthesis|[silent]
|
|upkeep
|
|t:|1779961869
|switch|p2a: Scizor|Scizor, M|100/100
|turn|23
|
|t:|1779961875
|-end|p1a: Raging Bolt|Protosynthesis|[silent]
|switch|p1a: Heatran|Heatran, F|100/100
|move|p2a: Scizor|U-turn|p1a: Heatran
|-resisted|p1a: Heatran
|-crit|p1a: Heatran
|-damage|p1a: Heatran|79/100
|
|t:|1779961881
|switch|p2a: Primarina|Primarina, F|99/100|[from] U-turn
|
|-heal|p1a: Heatran|86/100|[from] item: Leftovers
|upkeep
|turn|24
|inactive|SWAGGER_W2F has 120 seconds left.
|
|t:|1779961887
|move|p1a: Heatran|Taunt|p2a: Primarina
|-start|p2a: Primarina|move: Taunt
|move|p2a: Primarina|Psychic Noise|p1a: Heatran
|-supereffective|p1a: Heatran
|-damage|p1a: Heatran|26/100
|-start|p1a: Heatran|move: Heal Block
|
|upkeep
|turn|25
|
|t:|1779961902
|move|p1a: Heatran|Earth Power|p2a: Primarina
|-damage|p2a: Primarina|76/100
|move|p2a: Primarina|Psychic Noise|p1a: Heatran
|-supereffective|p1a: Heatran
|-damage|p1a: Heatran|0 fnt
|faint|p1a: Heatran
|
|upkeep
|
|t:|1779961906
|switch|p1a: Raging Bolt|Raging Bolt, tera:Fairy|61/100
|turn|26
|
|t:|1779961919
|switch|p2a: Mandibuzz|Mandibuzz, F|100/100 tox
|move|p1a: Raging Bolt|Thunderbolt|p2a: Mandibuzz
|-supereffective|p2a: Mandibuzz
|-damage|p2a: Mandibuzz|4/100 tox
|
|-damage|p2a: Mandibuzz|0 fnt|[from] psn
|faint|p2a: Mandibuzz
|upkeep
|
|t:|1779961928
|switch|p2a: Scizor|Scizor, M|100/100
|turn|27
|
|t:|1779961936
|-end|p1a: Raging Bolt|Protosynthesis|[silent]
|switch|p1a: Gliscor|Gliscor, F|58/100 tox
|move|p2a: Scizor|Bullet Punch|p1a: Gliscor
|-damage|p1a: Gliscor|26/100 tox
|
|-heal|p1a: Gliscor|39/100 tox|[from] ability: Poison Heal
|upkeep
|turn|28
|
|t:|1779961952
|move|p2a: Scizor|Bullet Punch|p1a: Gliscor
|-damage|p1a: Gliscor|9/100 tox
|move|p1a: Gliscor|Toxic|p2a: Scizor
|-immune|p2a: Scizor
|
|-heal|p1a: Gliscor|22/100 tox|[from] ability: Poison Heal
|upkeep
|turn|29
|
|t:|1779961958
|move|p1a: Gliscor|Protect|p1a: Gliscor
|-singleturn|p1a: Gliscor|Protect
|move|p2a: Scizor|Bullet Punch|p1a: Gliscor
|-activate|p1a: Gliscor|move: Protect
|
|-heal|p1a: Gliscor|34/100 tox|[from] ability: Poison Heal
|upkeep
|turn|30
|
|t:|1779961968
|move|p2a: Scizor|Bullet Punch|p1a: Gliscor
|-damage|p1a: Gliscor|4/100 tox
|move|p1a: Gliscor|Knock Off|p2a: Scizor
|-damage|p2a: Scizor|76/100
|-enditem|p2a: Scizor|Choice Band|[from] move: Knock Off|[of] p1a: Gliscor
|
|-heal|p1a: Gliscor|17/100 tox|[from] ability: Poison Heal
|upkeep
|turn|31
|
|t:|1779961976
|move|p1a: Gliscor|Protect|p1a: Gliscor
|-singleturn|p1a: Gliscor|Protect
|move|p2a: Scizor|Bullet Punch|p1a: Gliscor
|-activate|p1a: Gliscor|move: Protect
|
|-heal|p1a: Gliscor|29/100 tox|[from] ability: Poison Heal
|upkeep
|turn|32
|
|t:|1779961985
|move|p2a: Scizor|Bullet Punch|p1a: Gliscor
|-damage|p1a: Gliscor|9/100 tox
|move|p1a: Gliscor|Spikes|p2a: Scizor
|-sidestart|p2: SWAGGER_W2F|Spikes
|
|-heal|p1a: Gliscor|21/100 tox|[from] ability: Poison Heal
|upkeep
|turn|33
|
|t:|1779961994
|switch|p2a: Primarina|Primarina, F|76/100
|-damage|p2a: Primarina|64/100|[from] Spikes
|move|p1a: Gliscor|Protect||[still]
|-fail|p1a: Gliscor
|
|-heal|p1a: Gliscor|34/100 tox|[from] ability: Poison Heal
|upkeep
|turn|34
|
|t:|1779962002
|move|p1a: Gliscor|Toxic|p2a: Primarina
|-status|p2a: Primarina|tox
|move|p2a: Primarina|Psychic Noise|p1a: Gliscor
|-supereffective|p1a: Gliscor
|-damage|p1a: Gliscor|0 fnt
|faint|p1a: Gliscor
|
|-damage|p2a: Primarina|58/100 tox|[from] psn
|upkeep
|
|t:|1779962008
|switch|p1a: Raging Bolt|Raging Bolt, tera:Fairy|61/100
|turn|35
|
|t:|1779962014
|switch|p2a: Raging Bolt|Raging Bolt|100/100
|-damage|p2a: Raging Bolt|88/100|[from] Spikes
|move|p1a: Raging Bolt|Thunderbolt|p2a: Raging Bolt
|-resisted|p2a: Raging Bolt
|-damage|p2a: Raging Bolt|74/100
|
|upkeep
|turn|36
|
|t:|1779962029
|-end|p1a: Raging Bolt|Protosynthesis|[silent]
|switch|p1a: Ting-Lu|Ting-Lu|80/100
|-ability|p1a: Ting-Lu|Vessel of Ruin
|move|p2a: Raging Bolt|Thunderbolt|p1a: Ting-Lu
|-immune|p1a: Ting-Lu
|
|-heal|p1a: Ting-Lu|86/100|[from] item: Leftovers
|upkeep
|turn|37
|
|t:|1779962039
|-end|p2a: Raging Bolt|Protosynthesis|[silent]
|switch|p2a: Scizor|Scizor, M|76/100
|-damage|p2a: Scizor|64/100|[from] Spikes
|move|p1a: Ting-Lu|Stealth Rock|p2a: Scizor
|-sidestart|p2: SWAGGER_W2F|move: Stealth Rock
|
|-heal|p1a: Ting-Lu|92/100|[from] item: Leftovers
|upkeep
|turn|38
|
|t:|1779962046
|move|p2a: Scizor|U-turn|p1a: Ting-Lu
|-supereffective|p1a: Ting-Lu
|-damage|p1a: Ting-Lu|49/100
|
|t:|1779962050
|switch|p2a: Raging Bolt|Raging Bolt|74/100|[from] U-turn
|-damage|p2a: Raging Bolt|62/100|[from] Spikes
|-damage|p2a: Raging Bolt|50/100|[from] Stealth Rock
|move|p1a: Ting-Lu|Earthquake|p2a: Raging Bolt
|-supereffective|p2a: Raging Bolt
|-damage|p2a: Raging Bolt|0 fnt
|faint|p2a: Raging Bolt
|-end|p2a: Raging Bolt|Protosynthesis|[silent]
|
|-heal|p1a: Ting-Lu|55/100|[from] item: Leftovers
|upkeep
|
|t:|1779962060
|switch|p2a: Scizor|Scizor, M|64/100
|-damage|p2a: Scizor|52/100|[from] Spikes
|-damage|p2a: Scizor|39/100|[from] Stealth Rock
|turn|39
|
|t:|1779962071
|move|p2a: Scizor|U-turn|p1a: Ting-Lu
|-supereffective|p1a: Ting-Lu
|-damage|p1a: Ting-Lu|9/100
|
|t:|1779962074
|switch|p2a: Primarina|Primarina, F|58/100 tox|[from] U-turn
|-damage|p2a: Primarina|45/100 tox|[from] Spikes
|-damage|p2a: Primarina|33/100 tox|[from] Stealth Rock
|move|p1a: Ting-Lu|Whirlwind|p2a: Primarina
|drag|p2a: Scizor|Scizor, M|39/100
|-damage|p2a: Scizor|27/100|[from] Spikes
|-damage|p2a: Scizor|15/100|[from] Stealth Rock
|
|-heal|p1a: Ting-Lu|15/100|[from] item: Leftovers
|upkeep
|turn|40
|
|t:|1779962094
|move|p2a: Scizor|Bullet Punch|p1a: Ting-Lu
|-damage|p1a: Ting-Lu|0 fnt
|faint|p1a: Ting-Lu
|
|upkeep
|
|t:|1779962097
|switch|p1a: Clefable|Clefable, F|83/100
|turn|41
|
|t:|1779962103
|move|p2a: Scizor|Bullet Punch|p1a: Clefable
|-supereffective|p1a: Clefable
|-damage|p1a: Clefable|26/100
|move|p1a: Clefable|Moonblast|p2a: Scizor
|-resisted|p2a: Scizor
|-damage|p2a: Scizor|0 fnt
|faint|p2a: Scizor
|
|upkeep
|-message|SWAGGER_W2F forfeited.
|
|win|Abigcamel
|raw|Abigcamel's rating: 1506 &rarr; <strong>1528</strong><br />(+22 for winning)
|raw|SWAGGER_W2F's rating: 1544 &rarr; <strong>1522</strong><br />(-22 for losing)
|l|☆SWAGGER_W2F
|player|p2|
|l|‽Abigcamel
|player|p1|
