|j|☆ligadeportoviejo
|j|☆roninXronin
|t:|1779971441
|gametype|singles
|player|p1|ligadeportoviejo|170|1556
|player|p2|roninXronin|koga|1485
|gen|9
|tier|[Gen 9] OU
|rated|
|rule|HP Percentage Mod: HP is shown in percentages
|rule|Endless Battle Clause: Forcing endless battles is banned
|rule|Species Clause: Limit one of each Pokémon
|rule|OHKO Clause: OHKO moves are banned
|rule|Evasion Items Clause: Evasion items are banned
|rule|Evasion Moves Clause: Evasion moves are banned
|rule|Evasion Abilities Clause: Evasion abilities are banned
|rule|Sleep Moves Clause: Sleep-inducing moves are banned
|clearpoke
|poke|p1|Indeedee-F, F|
|poke|p1|Hoopa-Unbound|
|poke|p1|Hawlucha, F|
|poke|p1|Iron Crown|
|poke|p1|Hatterene, F|
|poke|p1|Cloyster, M|
|poke|p2|Greninja-*, M|
|poke|p2|Kingambit, M|
|poke|p2|Dragapult, M|
|poke|p2|Iron Valiant|
|poke|p2|Rillaboom, M|
|poke|p2|Glimmora, F|
|teampreview
|inactive|Battle timer is ON: inactive players will automatically lose when time's up. (requested by roninXronin)
|c|☆roninXronin|glhf
|
|t:|1779971447
|teamsize|p1|6
|teamsize|p2|6
|start
|switch|p1a: Indeedee|Indeedee-F, F|100/100
|switch|p2a: ICBM|Glimmora, F, shiny|100/100
|-fieldstart|move: Psychic Terrain|[from] ability: Psychic Surge|[of] p1a: Indeedee
|turn|1
|
|t:|1779971450
|switch|p1a: Hatterene|Hatterene, F|100/100
|move|p2a: ICBM|Stealth Rock|p1a: Hatterene
|move|p1a: Hatterene|Stealth Rock|p2a: ICBM|[from] ability: Magic Bounce
|-sidestart|p2: roninXronin|move: Stealth Rock
|
|upkeep
|turn|2
|
|t:|1779971457
|move|p2a: ICBM|Mortal Spin|p1a: Hatterene
|-supereffective|p1a: Hatterene
|-damage|p1a: Hatterene|89/100
|-status|p1a: Hatterene|psn
|-sideend|p2: roninXronin|Stealth Rock|[from] move: Mortal Spin|[of] p2a: ICBM
|-enditem|p1a: Hatterene|Eject Button
|
|t:|1779971460
|switch|p1a: Iron Crown|Iron Crown|100/100
|-enditem|p1a: Iron Crown|Booster Energy
|-activate|p1a: Iron Crown|ability: Quark Drive|[fromitem]
|-start|p1a: Iron Crown|quarkdrivespa
|
|upkeep
|turn|3
|
|t:|1779971462
|move|p2a: ICBM|Earth Power|p1a: Iron Crown
|-supereffective|p1a: Iron Crown
|-damage|p1a: Iron Crown|49/100
|move|p1a: Iron Crown|Agility|p1a: Iron Crown
|-boost|p1a: Iron Crown|spe|2
|
|upkeep
|turn|4
|
|t:|1779971466
|move|p1a: Iron Crown|Tachyon Cutter|p2a: ICBM
|-supereffective|p2a: ICBM
|-enditem|p2a: ICBM|Focus Sash
|-damage|p2a: ICBM|1/100
|-supereffective|p2a: ICBM
|-damage|p2a: ICBM|0 fnt
|faint|p2a: ICBM
|-hitcount|p2: ICBM|2
|
|upkeep
|
|t:|1779971483
|switch|p2a: B-52|Dragapult, M, shiny|100/100
|turn|5
|
|t:|1779971486
|move|p1a: Iron Crown|Expanding Force|p2a: B-52
|-damage|p2a: B-52|0 fnt
|faint|p2a: B-52
|
|upkeep
|
|t:|1779971491
|switch|p2a: Punch|Rillaboom, M|100/100
|-fieldstart|move: Grassy Terrain|[from] ability: Grassy Surge|[of] p2a: Punch
|turn|6
|
|t:|1779971495
|move|p1a: Iron Crown|Tachyon Cutter|p2a: Punch
|-damage|p2a: Punch|54/100
|-damage|p2a: Punch|7/100
|-hitcount|p2a: Punch|2
|move|p2a: Punch|Knock Off|p1a: Iron Crown
|-supereffective|p1a: Iron Crown
|-damage|p1a: Iron Crown|0 fnt
|faint|p1a: Iron Crown
|-end|p1a: Iron Crown|Quark Drive|[silent]
|-damage|p2a: Punch|0 fnt|[from] item: Life Orb
|faint|p2a: Punch
|
|upkeep
|
|t:|1779971517
|switch|p2a: Shinobi|Iron Valiant, shiny|100/100
|switch|p1a: Hoopa|Hoopa-Unbound|100/100
|-enditem|p2a: Shinobi|Booster Energy
|-activate|p2a: Shinobi|ability: Quark Drive|[fromitem]
|-start|p2a: Shinobi|quarkdrivespe
|turn|7
|
|t:|1779971529
|move|p2a: Shinobi|Close Combat|p1a: Hoopa
|-damage|p1a: Hoopa|9/100
|-unboost|p2a: Shinobi|def|1
|-unboost|p2a: Shinobi|spd|1
|move|p1a: Hoopa|Expanding Force|p2a: Shinobi
|-supereffective|p2a: Shinobi
|-damage|p2a: Shinobi|0 fnt
|faint|p2a: Shinobi
|-end|p2a: Shinobi|Quark Drive|[silent]
|
|-heal|p1a: Hoopa|15/100|[from] Grassy Terrain
|upkeep
|
|t:|1779971533
|switch|p2a: Miyamoto Musashi|Greninja, M|100/100
|turn|8
|
|t:|1779971555
|switch|p1a: Indeedee|Indeedee-F, F|100/100
|-fieldstart|move: Psychic Terrain|[from] ability: Psychic Surge|[of] p1a: Indeedee
|move|p2a: Miyamoto Musashi|Ice Beam|p1a: Indeedee
|-damage|p1a: Indeedee|72/100
|-damage|p2a: Miyamoto Musashi|91/100|[from] item: Life Orb
|
|upkeep
|turn|9
|
|t:|1779971559
|move|p2a: Miyamoto Musashi|Dark Pulse|p1a: Indeedee
|-supereffective|p1a: Indeedee
|-damage|p1a: Indeedee|0 fnt
|faint|p1a: Indeedee
|-ability|p2a: Miyamoto Musashi|Battle Bond|boost
|-boost|p2a: Miyamoto Musashi|atk|1
|-boost|p2a: Miyamoto Musashi|spa|1
|-boost|p2a: Miyamoto Musashi|spe|1
|-activate|p2a: Miyamoto Musashi|ability: Battle Bond
|-damage|p2a: Miyamoto Musashi|81/100|[from] item: Life Orb
|
|upkeep
|
|t:|1779971570
|switch|p1a: Hawlucha|Hawlucha, F|100/100
|-enditem|p1a: Hawlucha|Psychic Seed
|-boost|p1a: Hawlucha|spd|1|[from] item: Psychic Seed
|turn|10
|
|t:|1779971576
|move|p2a: Miyamoto Musashi|Ice Beam|p1a: Hawlucha
|-supereffective|p1a: Hawlucha
|-damage|p1a: Hawlucha|2/100
|-damage|p2a: Miyamoto Musashi|71/100|[from] item: Life Orb
|move|p1a: Hawlucha|Acrobatics|p2a: Miyamoto Musashi
|-damage|p2a: Miyamoto Musashi|0 fnt
|faint|p2a: Miyamoto Musashi
|
|upkeep
|
|t:|1779971582
|switch|p2a: Bobby Fischer|Kingambit, M|100/100
|-activate|p2a: Bobby Fischer|ability: Supreme Overlord
|-start|p2a: Bobby Fischer|fallen5|[silent]
|turn|11
|
|t:|1779971585
|-terastallize|p1a: Hawlucha|Electric
|-terastallize|p2a: Bobby Fischer|Flying
|move|p1a: Hawlucha|Drain Punch|p2a: Bobby Fischer
|-resisted|p2a: Bobby Fischer
|-damage|p2a: Bobby Fischer|89/100
|-heal|p1a: Hawlucha|7/100|[from] drain|[of] p2a: Bobby Fischer
|move|p2a: Bobby Fischer|Iron Head|p1a: Hawlucha
|-resisted|p1a: Hawlucha
|-damage|p1a: Hawlucha|0 fnt
|faint|p1a: Hawlucha
|
|upkeep
|
|t:|1779971592
|switch|p1a: Cloyster|Cloyster, M|100/100
|turn|12
|
|t:|1779971596
|move|p1a: Cloyster|Icicle Spear|p2a: Bobby Fischer
|-supereffective|p2a: Bobby Fischer
|-damage|p2a: Bobby Fischer|74/100
|-supereffective|p2a: Bobby Fischer
|-damage|p2a: Bobby Fischer|58/100
|-supereffective|p2a: Bobby Fischer
|-damage|p2a: Bobby Fischer|39/100
|-supereffective|p2a: Bobby Fischer
|-damage|p2a: Bobby Fischer|22/100
|-supereffective|p2a: Bobby Fischer
|-damage|p2a: Bobby Fischer|5/100
|-hitcount|p2a: Bobby Fischer|5
|move|p2a: Bobby Fischer|Low Kick|p1a: Cloyster
|-supereffective|p1a: Cloyster
|-enditem|p1a: Cloyster|Focus Sash
|-damage|p1a: Cloyster|1/100
|
|upkeep
|turn|13
|
|t:|1779971604
|move|p1a: Cloyster|Icicle Spear|p2a: Bobby Fischer
|-supereffective|p2a: Bobby Fischer
|-damage|p2a: Bobby Fischer|0 fnt
|faint|p2a: Bobby Fischer
|-end|p2a: Bobby Fischer|fallen5|[silent]
|-hitcount|p2: Bobby Fischer|1
|
|win|ligadeportoviejo
|raw|ligadeportoviejo's rating: 1556 &rarr; <strong>1572</strong><br />(+16 for winning)
|raw|roninXronin's rating: 1485 &rarr; <strong>1469</strong><br />(-16 for losing)
|l|☆roninXronin
|player|p2|
