|j|☆WKMIOJO
|j|☆Somnia XP
|t:|1779844938
|gametype|singles
|player|p1|WKMIOJO|lance|1185
|player|p2|Somnia XP|unknownf|1199
|gen|9
|tier|[Gen 9] OU
|rated|
|rule|HP Percentage Mod: HP is shown in percentages
|rule|Endless Battle Clause: Forcing endless battles is banned
|rule|Species Clause: Limit one of each Pokémon
|rule|OHKO Clause: OHKO moves are banned
|rule|Evasion Items Clause: Evasion items are banned
|rule|Evasion Moves Clause: Evasion moves are banned
|rule|Evasion Abilities Clause: Evasion abilities are banned
|rule|Sleep Moves Clause: Sleep-inducing moves are banned
|clearpoke
|poke|p1|Scizor, M|
|poke|p1|Garchomp, M|
|poke|p1|Infernape, M|
|poke|p1|Gardevoir, F|
|poke|p1|Decidueye, M|
|poke|p1|Articuno|
|poke|p2|Hydreigon, F|
|poke|p2|Tinkaton, F|
|poke|p2|Zamazenta-*|
|poke|p2|Pecharunt|
|poke|p2|Slowking-Galar, M|
|poke|p2|Ogerpon, F|
|teampreview
|
|t:|1779844962
|teamsize|p1|6
|teamsize|p2|6
|start
|switch|p1a: Barão|Garchomp, M, shiny|100/100
|switch|p2a: Pecharunt|Pecharunt|100/100
|turn|1
|
|t:|1779844976
|switch|p2a: Hydreigon|Hydreigon, F|100/100
|move|p1a: Barão|Earthquake|p2a: Hydreigon
|-immune|p2a: Hydreigon|[from] ability: Levitate
|
|upkeep
|turn|2
|
|t:|1779844984
|move|p1a: Barão|Dragon Claw|p2a: Hydreigon
|-supereffective|p2a: Hydreigon
|-damage|p2a: Hydreigon|6/100
|move|p2a: Hydreigon|Draco Meteor|p1a: Barão
|-supereffective|p1a: Barão
|-crit|p1a: Barão
|-damage|p1a: Barão|0 fnt
|-unboost|p2a: Hydreigon|spa|2
|faint|p1a: Barão
|
|upkeep
|
|t:|1779844995
|switch|p1a: Red|Scizor, M|100/100
|turn|3
|
|t:|1779845004
|switch|p2a: Pecharunt|Pecharunt|100/100
|move|p1a: Red|Bullet Punch|p2a: Pecharunt
|-damage|p2a: Pecharunt|81/100
|-damage|p1a: Red|91/100|[from] item: Life Orb
|
|upkeep
|turn|4
|
|t:|1779845019
|move|p1a: Red|Swords Dance|p1a: Red
|-boost|p1a: Red|atk|2
|move|p2a: Pecharunt|Parting Shot|p1a: Red
|-unboost|p1a: Red|atk|1
|-unboost|p1a: Red|spa|1
|
|t:|1779845025
|switch|p2a: Zamazenta|Zamazenta|100/100|[from] Parting Shot
|-ability|p2a: Zamazenta|Dauntless Shield|boost
|-boost|p2a: Zamazenta|def|1
|
|upkeep
|turn|5
|
|t:|1779845036
|move|p1a: Red|Bullet Punch|p2a: Zamazenta
|-crit|p2a: Zamazenta
|-damage|p2a: Zamazenta|32/100
|-damage|p1a: Red|81/100|[from] item: Life Orb
|move|p2a: Zamazenta|Substitute|p2a: Zamazenta
|-start|p2a: Zamazenta|Substitute
|-damage|p2a: Zamazenta|7/100
|
|-heal|p2a: Zamazenta|13/100|[from] item: Leftovers
|upkeep
|turn|6
|
|t:|1779845050
|move|p2a: Zamazenta|Iron Defense|p2a: Zamazenta
|-boost|p2a: Zamazenta|def|2
|move|p1a: Red|U-turn|p2a: Zamazenta
|-resisted|p2a: Zamazenta
|-activate|p2a: Zamazenta|move: Substitute|[damage]
|-damage|p1a: Red|71/100|[from] item: Life Orb
|
|t:|1779845058
|switch|p1a: Aokiji|Articuno, shiny|100/100|[from] U-turn
|-ability|p1a: Aokiji|Pressure
|
|-heal|p2a: Zamazenta|20/100|[from] item: Leftovers
|upkeep
|turn|7
|
|t:|1779845067
|move|p2a: Zamazenta|Body Press|p1a: Aokiji
|-damage|p1a: Aokiji|21/100
|move|p1a: Aokiji|Ancient Power|p2a: Zamazenta
|-resisted|p2a: Zamazenta
|-activate|p2a: Zamazenta|move: Substitute|[damage]
|
|-heal|p2a: Zamazenta|26/100|[from] item: Leftovers
|-heal|p1a: Aokiji|28/100|[from] item: Leftovers
|upkeep
|turn|8
|
|t:|1779845079
|move|p2a: Zamazenta|Body Press|p1a: Aokiji
|-damage|p1a: Aokiji|0 fnt
|faint|p1a: Aokiji
|
|-heal|p2a: Zamazenta|32/100|[from] item: Leftovers
|upkeep
|
|t:|1779845094
|switch|p1a: Son Goku|Infernape, M, shiny|100/100
|turn|9
|
|t:|1779845102
|move|p2a: Zamazenta|Body Press|p1a: Son Goku
|-damage|p1a: Son Goku|0 fnt
|faint|p1a: Son Goku
|
|-heal|p2a: Zamazenta|38/100|[from] item: Leftovers
|upkeep
|l|☆WKMIOJO
|player|p1|
|inactive|Battle timer is ON: inactive players will automatically lose when time's up. (requested by Somnia XP)
|j|☆WKMIOJO
|inactive|WKMIOJO reconnected and has 140 seconds left.
|player|p1|WKMIOJO|lance|
|
|t:|1779845144
|switch|p1a: Red|Scizor, M|71/100
|turn|10
|
|t:|1779845150
|move|p2a: Zamazenta|Body Press|p1a: Red
|-damage|p1a: Red|0 fnt
|faint|p1a: Red
|
|-heal|p2a: Zamazenta|44/100|[from] item: Leftovers
|upkeep
|
|t:|1779845157
|switch|p1a: Bella|Gardevoir, F, shiny|100/100
|-item|p1a: Bella|Air Balloon
|turn|11
|
|t:|1779845162
|move|p2a: Zamazenta|Crunch|p1a: Bella
|-damage|p1a: Bella|65/100
|-unboost|p1a: Bella|def|1
|-enditem|p1a: Bella|Air Balloon
|move|p1a: Bella|Aura Sphere|p2a: Zamazenta
|-end|p2a: Zamazenta|Substitute
|
|-heal|p2a: Zamazenta|50/100|[from] item: Leftovers
|upkeep
|turn|12
|
|t:|1779845177
|switch|p2a: Ogerpon|Ogerpon, F|100/100
|move|p1a: Bella|Psychic|p2a: Ogerpon
|-damage|p2a: Ogerpon|43/100
|
|upkeep
|turn|13
|
|t:|1779845189
|move|p2a: Ogerpon|Ivy Cudgel|p1a: Bella
|-damage|p1a: Bella|0 fnt
|faint|p1a: Bella
|
|upkeep
|
|t:|1779845194
|switch|p1a: Link|Decidueye, M, shiny|100/100
|turn|14
|
|t:|1779845202
|move|p2a: Ogerpon|Knock Off|p1a: Link
|-supereffective|p1a: Link
|-damage|p1a: Link|12/100
|-enditem|p1a: Link|Choice Band|[from] move: Knock Off|[of] p2a: Ogerpon
|move|p1a: Link|U-turn|p2a: Ogerpon
|-supereffective|p2a: Ogerpon
|-damage|p2a: Ogerpon|0 fnt
|faint|p2a: Ogerpon
|
|upkeep
|
|t:|1779845207
|switch|p2a: Pecharunt|Pecharunt|81/100
|turn|15
|
|t:|1779845215
|move|p1a: Link|Spirit Shackle|p2a: Pecharunt
|-supereffective|p2a: Pecharunt
|-damage|p2a: Pecharunt|49/100
|move|p2a: Pecharunt|Foul Play|p1a: Link
|-supereffective|p1a: Link
|-damage|p1a: Link|0 fnt
|faint|p1a: Link
|
|win|Somnia XP
|raw|WKMIOJO's rating: 1185 &rarr; <strong>1161</strong><br />(-24 for losing)
|raw|Somnia XP's rating: 1199 &rarr; <strong>1223</strong><br />(+24 for winning)
|l|☆WKMIOJO
|player|p1|
|l|☆Somnia XP
|player|p2|
