|j|☆RealProblemSleuth
|j|☆qiojio
|t:|1779878559
|gametype|singles
|player|p1|RealProblemSleuth|boarder|1196
|player|p2|qiojio|hilbert|1172
|gen|9
|tier|[Gen 9] OU
|rated|
|rule|HP Percentage Mod: HP is shown in percentages
|rule|Endless Battle Clause: Forcing endless battles is banned
|rule|Species Clause: Limit one of each Pokémon
|rule|OHKO Clause: OHKO moves are banned
|rule|Evasion Items Clause: Evasion items are banned
|rule|Evasion Moves Clause: Evasion moves are banned
|rule|Evasion Abilities Clause: Evasion abilities are banned
|rule|Sleep Moves Clause: Sleep-inducing moves are banned
|clearpoke
|poke|p1|Darkrai|
|poke|p1|Heatran, M|
|poke|p1|Clefable, M|
|poke|p1|Samurott-Hisui, M|
|poke|p1|Lokix, M|
|poke|p1|Weezing-Galar, M|
|poke|p2|Meowscarada, F|
|poke|p2|Skarmory, M|
|poke|p2|Gardevoir, F|
|poke|p2|Altaria, F|
|poke|p2|Sableye, M|
|poke|p2|Snorlax, F|
|teampreview
|inactive|Battle timer is ON: inactive players will automatically lose when time's up. (requested by qiojio)
|
|t:|1779878568
|teamsize|p1|6
|teamsize|p2|6
|start
|switch|p1a: John Priority|Lokix, M|100/100
|switch|p2a: Meowscarada|Meowscarada, F|100/100
|turn|1
|
|t:|1779878580
|switch|p2a: Skarmory|Skarmory, M|100/100
|move|p1a: John Priority|First Impression|p2a: Skarmory
|-resisted|p2a: Skarmory
|-damage|p2a: Skarmory|90/100
|-damage|p1a: John Priority|84/100|[from] item: Rocky Helmet|[of] p2a: Skarmory
|
|upkeep
|turn|2
|
|t:|1779878594
|move|p1a: John Priority|Knock Off|p2a: Skarmory
|-damage|p2a: Skarmory|65/100
|-damage|p1a: John Priority|67/100|[from] item: Rocky Helmet|[of] p2a: Skarmory
|-enditem|p2a: Skarmory|Rocky Helmet|[from] move: Knock Off|[of] p1a: John Priority
|move|p2a: Skarmory|Tailwind|p2a: Skarmory
|-sidestart|p2: qiojio|move: Tailwind
|
|upkeep
|turn|3
|
|t:|1779878610
|switch|p2a: Altaria|Altaria, F, shiny|100/100
|switch|p1a: John Wallbreaker|Heatran, M|100/100
|
|upkeep
|turn|4
|
|t:|1779878624
|switch|p2a: Gardevoir|Gardevoir, F|100/100
|-ability|p2a: Gardevoir|Flash Fire|Trace|[from] ability: Trace|[of] p1a: John Wallbreaker
|move|p1a: John Wallbreaker|Dragon Pulse|p2a: Gardevoir
|-immune|p2a: Gardevoir
|
|upkeep
|turn|5
|
|t:|1779878634
|move|p2a: Gardevoir|Aura Sphere|p1a: John Wallbreaker
|-supereffective|p1a: John Wallbreaker
|-damage|p1a: John Wallbreaker|49/100
|move|p1a: John Wallbreaker|Flash Cannon|p2a: Gardevoir
|-supereffective|p2a: Gardevoir
|-damage|p2a: Gardevoir|9/100
|
|-sideend|p2: qiojio|move: Tailwind
|upkeep
|turn|6
|
|t:|1779878645
|switch|p1a: John Support|Clefable, M, shiny|100/100
|move|p2a: Gardevoir|Aura Sphere|p1a: John Support
|-resisted|p1a: John Support
|-damage|p1a: John Support|84/100
|
|-heal|p1a: John Support|90/100|[from] item: Leftovers
|upkeep
|turn|7
|
|t:|1779878655
|switch|p2a: Snorlax|Snorlax, F, shiny|100/100
|move|p1a: John Support|Stealth Rock|p2a: Snorlax
|-sidestart|p2: qiojio|move: Stealth Rock
|
|-heal|p1a: John Support|96/100|[from] item: Leftovers
|upkeep
|turn|8
|
|t:|1779878665
|move|p1a: John Support|Encore||[still]
|-fail|p1a: John Support
|move|p2a: Snorlax|Curse|p2a: Snorlax
|-unboost|p2a: Snorlax|spe|1
|-boost|p2a: Snorlax|atk|1
|-boost|p2a: Snorlax|def|1
|
|-heal|p1a: John Support|100/100|[from] item: Leftovers
|upkeep
|turn|9
|
|t:|1779878675
|move|p1a: John Support|Encore|p2a: Snorlax
|-start|p2a: Snorlax|Encore
|move|p2a: Snorlax|Curse|p2a: Snorlax
|-unboost|p2a: Snorlax|spe|1
|-boost|p2a: Snorlax|atk|1
|-boost|p2a: Snorlax|def|1
|
|upkeep
|turn|10
|
|t:|1779878679
|switch|p1a: John Coverage|Darkrai|100/100
|move|p2a: Snorlax|Curse|p2a: Snorlax
|-unboost|p2a: Snorlax|spe|1
|-boost|p2a: Snorlax|atk|1
|-boost|p2a: Snorlax|def|1
|
|upkeep
|turn|11
|
|t:|1779878684
|move|p1a: John Coverage|Focus Blast|p2a: Snorlax
|-supereffective|p2a: Snorlax
|-damage|p2a: Snorlax|55/100
|move|p2a: Snorlax|Curse|p2a: Snorlax
|-unboost|p2a: Snorlax|spe|1
|-boost|p2a: Snorlax|atk|1
|-boost|p2a: Snorlax|def|1
|
|-heal|p2a: Snorlax|61/100|[from] item: Leftovers
|-end|p2a: Snorlax|Encore
|upkeep
|turn|12
|c|☆RealProblemSleuth|Uh oh gang
|
|t:|1779878699
|-terastallize|p1a: John Coverage|Stellar
|move|p1a: John Coverage|Focus Blast|p2a: Snorlax|[miss]
|-miss|p1a: John Coverage|p2a: Snorlax
|move|p2a: Snorlax|Earthquake|p1a: John Coverage
|-damage|p1a: John Coverage|0 fnt
|faint|p1a: John Coverage
|
|-heal|p2a: Snorlax|67/100|[from] item: Leftovers
|upkeep
|c|☆RealProblemSleuth|Ffs
|inactive|RealProblemSleuth has 120 seconds left.
|
|t:|1779878732
|switch|p1a: John Wallbreaker|Heatran, M|49/100
|turn|13
|c|☆qiojio|70
|
|t:|1779878747
|move|p1a: John Wallbreaker|Magma Storm|p2a: Snorlax
|-damage|p2a: Snorlax|55/100
|-activate|p2a: Snorlax|move: Magma Storm|[of] p1a: John Wallbreaker
|move|p2a: Snorlax|Earthquake|p1a: John Wallbreaker
|-supereffective|p1a: John Wallbreaker
|-damage|p1a: John Wallbreaker|0 fnt
|faint|p1a: John Wallbreaker
|
|-heal|p2a: Snorlax|61/100|[from] item: Leftovers
|-end|p2a: Snorlax|Magma Storm|[partiallytrapped]|[silent]
|upkeep
|inactive|RealProblemSleuth has 120 seconds left.
|c|☆RealProblemSleuth|It’s over bros
|
|t:|1779878779
|switch|p1a: John Defog|Weezing-Galar, M|100/100
|-ability|p1a: John Defog|Neutralizing Gas
|-item|p1a: John Defog|Air Balloon
|turn|14
|
|t:|1779878789
|move|p1a: John Defog|Toxic|p2a: Snorlax
|-status|p2a: Snorlax|tox
|move|p2a: Snorlax|Ice Punch|p1a: John Defog
|-damage|p1a: John Defog|65/100
|-status|p1a: John Defog|frz
|-enditem|p1a: John Defog|Air Balloon
|
|-heal|p2a: Snorlax|67/100 tox|[from] item: Leftovers
|-damage|p2a: Snorlax|61/100 tox|[from] psn
|upkeep
|turn|15
|
|t:|1779878795
|cant|p1a: John Defog|frz
|move|p2a: Snorlax|Earthquake|p1a: John Defog
|-supereffective|p1a: John Defog
|-damage|p1a: John Defog|0 fnt
|faint|p1a: John Defog
|-end|p1a: John Defog|ability: Neutralizing Gas
|
|-heal|p2a: Snorlax|67/100 tox|[from] item: Leftovers
|-damage|p2a: Snorlax|55/100 tox|[from] psn
|upkeep
|c|☆qiojio|wow
|
|t:|1779878813
|switch|p1a: John Support|Clefable, M, shiny|100/100
|turn|16
|
|t:|1779878821
|move|p1a: John Support|Moonlight|p1a: John Support
|-fail|p1a: John Support|heal
|move|p2a: Snorlax|Earthquake|p1a: John Support
|-damage|p1a: John Support|15/100
|
|-heal|p1a: John Support|22/100|[from] item: Leftovers
|-heal|p2a: Snorlax|61/100 tox|[from] item: Leftovers
|-damage|p2a: Snorlax|43/100 tox|[from] psn
|upkeep
|turn|17
|inactive|RealProblemSleuth has 120 seconds left.
|
|t:|1779878831
|move|p1a: John Support|Moonlight|p1a: John Support
|-heal|p1a: John Support|72/100
|move|p2a: Snorlax|Earthquake|p1a: John Support
|-damage|p1a: John Support|0 fnt
|faint|p1a: John Support
|
|-heal|p2a: Snorlax|49/100 tox|[from] item: Leftovers
|-damage|p2a: Snorlax|25/100 tox|[from] psn
|upkeep
|
|t:|1779878846
|switch|p1a: John Priority|Lokix, M|67/100
|turn|18
|
|t:|1779878851
|move|p1a: John Priority|First Impression|p2a: Snorlax
|-damage|p2a: Snorlax|12/100 tox
|move|p2a: Snorlax|Earthquake|p1a: John Priority
|-resisted|p1a: John Priority
|-damage|p1a: John Priority|9/100
|
|-heal|p2a: Snorlax|18/100 tox|[from] item: Leftovers
|-damage|p2a: Snorlax|0 fnt|[from] psn
|faint|p2a: Snorlax
|upkeep
|
|t:|1779878863
|switch|p2a: Meowscarada|Meowscarada, F|100/100
|-damage|p2a: Meowscarada|88/100|[from] Stealth Rock
|turn|19
|inactive|RealProblemSleuth has 120 seconds left.
|
|t:|1779878873
|move|p2a: Meowscarada|Flower Trick|p1a: John Priority
|-start|p2a: Meowscarada|typechange|Grass|[from] ability: Protean
|-resisted|p1a: John Priority
|-crit|p1a: John Priority
|-damage|p1a: John Priority|0 fnt
|faint|p1a: John Priority
|
|upkeep
|
|t:|1779878875
|switch|p1a: John Spikes|Samurott-Hisui, M, shiny|100/100
|turn|20
|
|t:|1779878880
|move|p2a: Meowscarada|Flower Trick|p1a: John Spikes
|-supereffective|p1a: John Spikes
|-crit|p1a: John Spikes
|-damage|p1a: John Spikes|0 fnt
|faint|p1a: John Spikes
|
|win|qiojio
|raw|RealProblemSleuth's rating: 1196 &rarr; <strong>1169</strong><br />(-27 for losing)
|raw|qiojio's rating: 1172 &rarr; <strong>1199</strong><br />(+27 for winning)
|l|☆RealProblemSleuth
|player|p1|
|l|☆qiojio
|player|p2|
|j|☆qiojio
|player|p2|qiojio|hilbert|
|l|☆qiojio
|player|p2|
