|j|☆solga_leo_1st
|j|☆npctypebeat
|t:|1779939090
|gametype|singles
|player|p1|solga_leo_1st|red-masters|1136
|player|p2|npctypebeat|102|1091
|gen|9
|tier|[Gen 9] OU
|rated|
|rule|HP Percentage Mod: HP is shown in percentages
|rule|Endless Battle Clause: Forcing endless battles is banned
|rule|Species Clause: Limit one of each Pokémon
|rule|OHKO Clause: OHKO moves are banned
|rule|Evasion Items Clause: Evasion items are banned
|rule|Evasion Moves Clause: Evasion moves are banned
|rule|Evasion Abilities Clause: Evasion abilities are banned
|rule|Sleep Moves Clause: Sleep-inducing moves are banned
|clearpoke
|poke|p1|Braviary, M|
|poke|p1|Kingdra, M|
|poke|p1|Rhyperior, M|
|poke|p1|Ampharos, F|
|poke|p1|Greninja-*, M|
|poke|p1|Zoroark-Hisui, F|
|poke|p2|Corviknight, M|
|poke|p2|Ting-Lu|
|poke|p2|Kyurem|
|poke|p2|Dondozo, M|
|poke|p2|Slowking-Galar, F|
|poke|p2|Cinderace, M|
|teampreview
|c|☆npctypebeat|hf
|inactive|Battle timer is ON: inactive players will automatically lose when time's up. (requested by npctypebeat)
|
|t:|1779939109
|teamsize|p1|6
|teamsize|p2|6
|start
|switch|p1a: Homelander|Braviary, M|100/100
|switch|p2a: Cinderace|Cinderace, M|100/100
|turn|1
|
|t:|1779939119
|switch|p2a: Kyurem|Kyurem|100/100
|-ability|p2a: Kyurem|Pressure
|move|p1a: Homelander|Agility|p1a: Homelander
|-boost|p1a: Homelander|spe|2
|
|upkeep
|turn|2
|
|t:|1779939129
|move|p1a: Homelander|Close Combat|p2a: Kyurem
|-supereffective|p2a: Kyurem
|-damage|p2a: Kyurem|0 fnt
|-unboost|p1a: Homelander|def|1
|-unboost|p1a: Homelander|spd|1
|faint|p2a: Kyurem
|-damage|p1a: Homelander|91/100|[from] item: Life Orb
|
|upkeep
|
|t:|1779939132
|switch|p2a: Ting-Lu|Ting-Lu|100/100
|-ability|p2a: Ting-Lu|Vessel of Ruin
|turn|3
|
|t:|1779939138
|move|p1a: Homelander|Close Combat|p2a: Ting-Lu
|-supereffective|p2a: Ting-Lu
|-damage|p2a: Ting-Lu|45/100
|-unboost|p1a: Homelander|def|1
|-unboost|p1a: Homelander|spd|1
|-damage|p1a: Homelander|81/100|[from] item: Life Orb
|move|p2a: Ting-Lu|Earthquake|p1a: Homelander
|-immune|p1a: Homelander
|
|-heal|p2a: Ting-Lu|51/100|[from] item: Leftovers
|upkeep
|turn|4
|
|t:|1779939148
|switch|p2a: Corviknight|Corviknight, M|100/100
|-ability|p2a: Corviknight|Pressure
|move|p1a: Homelander|Close Combat|p2a: Corviknight
|-damage|p2a: Corviknight|70/100
|-unboost|p1a: Homelander|def|1
|-unboost|p1a: Homelander|spd|1
|-damage|p1a: Homelander|64/100|[from] item: Rocky Helmet|[of] p2a: Corviknight
|-damage|p1a: Homelander|54/100|[from] item: Life Orb
|
|upkeep
|turn|5
|
|t:|1779939170
|switch|p1a: Black Noir|Greninja, M, shiny|100/100
|move|p2a: Corviknight|Roost|p2a: Corviknight
|-heal|p2a: Corviknight|100/100
|-singleturn|p2a: Corviknight|move: Roost
|
|upkeep
|turn|6
|
|t:|1779939177
|switch|p2a: Ting-Lu|Ting-Lu|51/100
|-ability|p2a: Ting-Lu|Vessel of Ruin
|move|p1a: Black Noir|Flamethrower|p2a: Ting-Lu
|-damage|p2a: Ting-Lu|37/100
|
|-heal|p2a: Ting-Lu|43/100|[from] item: Leftovers
|upkeep
|turn|7
|inactive|solga_leo_1st has 120 seconds left.
|inactive|solga_leo_1st has 90 seconds left.
|
|t:|1779939244
|switch|p1a: The deep|Kingdra, M|100/100
|move|p2a: Ting-Lu|Earthquake|p1a: The deep
|-damage|p1a: The deep|56/100
|
|-heal|p2a: Ting-Lu|50/100|[from] item: Leftovers
|upkeep
|turn|8
|
|t:|1779939267
|move|p1a: The deep|Rain Dance|p1a: The deep
|-weather|RainDance
|move|p2a: Ting-Lu|Earthquake|p1a: The deep
|-damage|p1a: The deep|11/100
|
|-weather|RainDance|[upkeep]
|-heal|p2a: Ting-Lu|56/100|[from] item: Leftovers
|upkeep
|turn|9
|inactive|solga_leo_1st has 90 seconds left.
|inactive|solga_leo_1st has 60 seconds left.
|inactive|solga_leo_1st has 30 seconds left.
|inactive|solga_leo_1st has 20 seconds left.
|inactive|solga_leo_1st has 15 seconds left.
|inactive|solga_leo_1st has 10 seconds left.
|inactive|solga_leo_1st has 5 seconds left.
|-message|solga_leo_1st lost due to inactivity.
|
|win|npctypebeat
|raw|solga_leo_1st's rating: 1136 &rarr; <strong>1109</strong><br />(-27 for losing)
|raw|npctypebeat's rating: 1115 &rarr; <strong>1142</strong><br />(+27 for winning)
|c|☆npctypebeat|gg
