|j|☆tjlepro24
|j|☆SpiritMunch
|t:|1779815976
|gametype|singles
|player|p1|tjlepro24|102|1160
|player|p2|SpiritMunch|youngster|1270
|gen|9
|tier|[Gen 9] OU
|rated|
|rule|HP Percentage Mod: HP is shown in percentages
|rule|Endless Battle Clause: Forcing endless battles is banned
|rule|Species Clause: Limit one of each Pokémon
|rule|OHKO Clause: OHKO moves are banned
|rule|Evasion Items Clause: Evasion items are banned
|rule|Evasion Moves Clause: Evasion moves are banned
|rule|Evasion Abilities Clause: Evasion abilities are banned
|rule|Sleep Moves Clause: Sleep-inducing moves are banned
|clearpoke
|poke|p1|Gliscor, M|
|poke|p1|Ogerpon-Wellspring, F|
|poke|p1|Kingambit, F|
|poke|p1|Cinderace, F|
|poke|p1|Great Tusk|
|poke|p1|Dragapult, M|
|poke|p2|Cacturne, M|
|poke|p2|Mienshao, M|
|poke|p2|Blissey, F|
|poke|p2|Vaporeon, F|
|poke|p2|Golurk|
|poke|p2|Iron Crown|
|teampreview
|inactive|Battle timer is ON: inactive players will automatically lose when time's up. (requested by SpiritMunch)
|
|t:|1779816003
|teamsize|p1|6
|teamsize|p2|6
|start
|switch|p1a: Dragapult|Dragapult, M|100/100
|switch|p2a: Cacturne|Cacturne, M|100/100
|turn|1
|inactive|tjlepro24 has 120 seconds left.
|
|t:|1779816055
|switch|p1a: Ogerpon|Ogerpon-Wellspring, F|100/100
|move|p2a: Cacturne|Spiky Shield||[still]
|-fail|p2a: Cacturne
|
|upkeep
|turn|2
|
|t:|1779816067
|move|p1a: Ogerpon|U-turn|p2a: Cacturne
|-supereffective|p2a: Cacturne
|-damage|p2a: Cacturne|0 fnt
|-damage|p1a: Ogerpon|84/100|[from] item: Rocky Helmet|[of] p2a: Cacturne
|faint|p2a: Cacturne
|
|t:|1779816072
|switch|p1a: Cinderace|Cinderace, F|100/100|[from] U-turn
|
|upkeep
|
|t:|1779816078
|switch|p2a: Golurk|Golurk|100/100
|turn|3
|inactive|tjlepro24 has 120 seconds left.
|
|t:|1779816085
|move|p1a: Cinderace|U-turn|p2a: Golurk
|-start|p1a: Cinderace|typechange|Bug|[from] ability: Libero
|-resisted|p2a: Golurk
|-damage|p2a: Golurk|84/100
|inactive|tjlepro24 has 120 seconds left.
|
|t:|1779816097
|switch|p1a: Dragapult|Dragapult, M|100/100|[from] U-turn
|move|p2a: Golurk|Trick|p1a: Dragapult
|-activate|p2a: Golurk|move: Trick|[of] p1a: Dragapult
|-item|p1a: Dragapult|Iron Ball|[from] move: Trick
|-item|p2a: Golurk|Choice Specs|[from] move: Trick
|
|upkeep
|turn|4
|inactive|tjlepro24 has 120 seconds left.
|
|t:|1779816112
|switch|p2a: Blissey|Blissey, F|100/100
|move|p1a: Dragapult|Shadow Ball|p2a: Blissey
|-immune|p2a: Blissey
|
|upkeep
|turn|5
|inactive|tjlepro24 has 120 seconds left.
|
|t:|1779816121
|move|p1a: Dragapult|U-turn|p2a: Blissey
|-damage|p2a: Blissey|67/100
|
|t:|1779816126
|switch|p1a: Gliscor|Gliscor, M|100/100|[from] U-turn
|move|p2a: Blissey|Stealth Rock|p1a: Gliscor
|-sidestart|p1: tjlepro24|move: Stealth Rock
|
|-status|p1a: Gliscor|tox|[from] item: Toxic Orb
|upkeep
|turn|6
|inactive|SpiritMunch has 120 seconds left.
|
|t:|1779816156
|switch|p2a: Vaporeon|Vaporeon, F|100/100
|move|p1a: Gliscor|Toxic|p2a: Vaporeon
|-status|p2a: Vaporeon|tox
|
|-damage|p2a: Vaporeon|94/100 tox|[from] psn
|upkeep
|turn|7
|
|t:|1779816164
|move|p1a: Gliscor|Spikes|p2a: Vaporeon
|-sidestart|p2: SpiritMunch|Spikes
|move|p2a: Vaporeon|Whirlpool|p1a: Gliscor|[miss]
|-miss|p2a: Vaporeon|p1a: Gliscor
|
|-heal|p2a: Vaporeon|100/100 tox|[from] item: Leftovers
|-damage|p2a: Vaporeon|88/100 tox|[from] psn
|upkeep
|turn|8
|
|t:|1779816176
|switch|p1a: Ogerpon|Ogerpon-Wellspring, F|84/100
|-damage|p1a: Ogerpon|72/100|[from] Stealth Rock
|move|p2a: Vaporeon|Whirlpool|p1a: Ogerpon
|-heal|p1a: Ogerpon|97/100|[from] ability: Water Absorb|[of] p2a: Vaporeon
|
|-heal|p2a: Vaporeon|94/100 tox|[from] item: Leftovers
|-damage|p2a: Vaporeon|76/100 tox|[from] psn
|upkeep
|turn|9
|
|t:|1779816187
|move|p1a: Ogerpon|U-turn|p2a: Vaporeon
|-damage|p2a: Vaporeon|48/100 tox
|
|t:|1779816193
|switch|p1a: Dragapult|Dragapult, M|100/100|[from] U-turn
|-damage|p1a: Dragapult|88/100|[from] Stealth Rock
|move|p2a: Vaporeon|Acid Armor|p2a: Vaporeon
|-boost|p2a: Vaporeon|def|2
|
|-heal|p2a: Vaporeon|54/100 tox|[from] item: Leftovers
|-damage|p2a: Vaporeon|30/100 tox|[from] psn
|upkeep
|turn|10
|
|t:|1779816198
|move|p1a: Dragapult|Draco Meteor|p2a: Vaporeon
|-damage|p2a: Vaporeon|0 fnt
|-unboost|p1a: Dragapult|spa|2
|faint|p2a: Vaporeon
|
|upkeep
|
|t:|1779816207
|switch|p2a: Iron Crown|Iron Crown|100/100
|-damage|p2a: Iron Crown|88/100|[from] Spikes
|turn|11
|
|t:|1779816217
|-terastallize|p2a: Iron Crown|Steel
|move|p2a: Iron Crown|Tachyon Cutter|p1a: Dragapult
|-damage|p1a: Dragapult|46/100
|-damage|p1a: Dragapult|1/100
|-hitcount|p1a: Dragapult|2
|move|p1a: Dragapult|U-turn|p2a: Iron Crown
|-resisted|p2a: Iron Crown
|-damage|p2a: Iron Crown|79/100
|
|t:|1779816230
|switch|p1a: Gliscor|Gliscor, M|100/100 tox|[from] U-turn
|-damage|p1a: Gliscor|88/100 tox|[from] Stealth Rock
|
|-heal|p1a: Gliscor|100/100 tox|[from] ability: Poison Heal
|upkeep
|turn|12
|
|t:|1779816258
|-end|p2a: Iron Crown|Quark Drive|[silent]
|switch|p2a: Golurk|Golurk|84/100
|-damage|p2a: Golurk|72/100|[from] Spikes
|move|p1a: Gliscor|Earthquake|p2a: Golurk
|-damage|p2a: Golurk|38/100
|
|upkeep
|turn|13
|
|t:|1779816272
|move|p1a: Gliscor|Protect|p1a: Gliscor
|-singleturn|p1a: Gliscor|Protect
|move|p2a: Golurk|Trick|p1a: Gliscor
|-activate|p1a: Gliscor|move: Protect
|
|upkeep
|turn|14
|
|t:|1779816284
|switch|p1a: Dragapult|Dragapult, M|1/100
|-damage|p1a: Dragapult|0 fnt|[from] Stealth Rock
|faint|p1a: Dragapult
|move|p2a: Golurk|Trick|p1: Dragapult|[notarget]
|-fail|p2a: Golurk
|
|upkeep
|
|t:|1779816291
|switch|p1a: Ogerpon|Ogerpon-Wellspring, F|97/100
|-damage|p1a: Ogerpon|84/100|[from] Stealth Rock
|turn|15
|inactive|SpiritMunch has 120 seconds left.
|
|t:|1779816327
|switch|p2a: Mienshao|Mienshao, M|100/100
|-damage|p2a: Mienshao|88/100|[from] Spikes
|move|p1a: Ogerpon|Knock Off|p2a: Mienshao
|-resisted|p2a: Mienshao
|-damage|p2a: Mienshao|54/100
|-enditem|p2a: Mienshao|Life Orb|[from] move: Knock Off|[of] p1a: Ogerpon
|
|upkeep
|turn|16
|inactive|SpiritMunch has 120 seconds left.
|
|t:|1779816340
|move|p2a: Mienshao|Fake Out|p1a: Ogerpon
|-damage|p1a: Ogerpon|66/100
|cant|p1a: Ogerpon|flinch
|
|upkeep
|turn|17
|inactive|SpiritMunch has 120 seconds left.
|inactive|SpiritMunch has 90 seconds left.
|
|t:|1779816395
|move|p1a: Ogerpon|Horn Leech|p2a: Mienshao
|-damage|p2a: Mienshao|0 fnt
|-heal|p1a: Ogerpon|90/100|[from] drain|[of] p2a: Mienshao
|faint|p2a: Mienshao
|
|upkeep
|-message|SpiritMunch forfeited.
|
|win|tjlepro24
|raw|tjlepro24's rating: 1160 &rarr; <strong>1193</strong><br />(+33 for winning)
|raw|SpiritMunch's rating: 1270 &rarr; <strong>1237</strong><br />(-33 for losing)
|l|☆SpiritMunch
|player|p2|
|l|☆tjlepro24
|player|p1|
