|j|☆Roliix
|j|☆skrymon
|t:|1779856209
|gametype|singles
|player|p1|Roliix|266|1099
|player|p2|skrymon|102|1152
|gen|9
|tier|[Gen 9] OU
|rated|
|rule|HP Percentage Mod: HP is shown in percentages
|rule|Endless Battle Clause: Forcing endless battles is banned
|rule|Species Clause: Limit one of each Pokémon
|rule|OHKO Clause: OHKO moves are banned
|rule|Evasion Items Clause: Evasion items are banned
|rule|Evasion Moves Clause: Evasion moves are banned
|rule|Evasion Abilities Clause: Evasion abilities are banned
|rule|Sleep Moves Clause: Sleep-inducing moves are banned
|clearpoke
|poke|p1|Sandaconda, F|
|poke|p1|Morpeko, M|
|poke|p1|Empoleon, F|
|poke|p1|Noivern, F|
|poke|p1|Munkidori, M|
|poke|p1|Skeledirge, F|
|poke|p2|Serperior, F|
|poke|p2|Toxapex, F|
|poke|p2|Blissey, F|
|poke|p2|Maushold-Four|
|poke|p2|Gliscor, F|
|poke|p2|Chandelure, M|
|teampreview
|inactive|Battle timer is ON: inactive players will automatically lose when time's up. (requested by Roliix)
|
|t:|1779856226
|teamsize|p1|6
|teamsize|p2|6
|start
|switch|p1a: Sandaconda|Sandaconda, F|100/100
|switch|p2a: Chandelure|Chandelure, M|100/100
|turn|1
|
|t:|1779856236
|move|p2a: Chandelure|Energy Ball|p1a: Sandaconda
|-supereffective|p1a: Sandaconda
|-damage|p1a: Sandaconda|11/100
|move|p1a: Sandaconda|Glare|p2a: Chandelure
|-status|p2a: Chandelure|par
|
|-heal|p1a: Sandaconda|17/100|[from] item: Leftovers
|upkeep
|turn|2
|
|t:|1779856248
|move|p1a: Sandaconda|Earthquake|p2a: Chandelure
|-supereffective|p2a: Chandelure
|-enditem|p2a: Chandelure|Focus Sash
|-damage|p2a: Chandelure|1/100 par
|move|p2a: Chandelure|Energy Ball|p1a: Sandaconda
|-supereffective|p1a: Sandaconda
|-damage|p1a: Sandaconda|0 fnt
|faint|p1a: Sandaconda
|
|upkeep
|
|t:|1779856261
|switch|p1a: Munkidori|Munkidori, M|100/100
|turn|3
|
|t:|1779856277
|move|p1a: Munkidori|U-turn|p2a: Chandelure
|-resisted|p2a: Chandelure
|-damage|p2a: Chandelure|0 fnt
|faint|p2a: Chandelure
|
|t:|1779856289
|switch|p1a: Skeledirge|Skeledirge, F|100/100|[from] U-turn
|
|upkeep
|
|t:|1779856299
|switch|p2a: Gliscor|Gliscor, F|100/100
|turn|4
|
|t:|1779856303
|move|p2a: Gliscor|Swords Dance|p2a: Gliscor
|-boost|p2a: Gliscor|atk|2
|move|p1a: Skeledirge|Will-O-Wisp|p2a: Gliscor
|-status|p2a: Gliscor|brn
|
|-damage|p2a: Gliscor|94/100 brn|[from] brn
|upkeep
|turn|5
|
|t:|1779856313
|-terastallize|p1a: Skeledirge|Water
|move|p2a: Gliscor|Earthquake|p1a: Skeledirge
|-damage|p1a: Skeledirge|82/100
|move|p1a: Skeledirge|Hex|p2a: Gliscor
|-damage|p2a: Gliscor|22/100 brn
|
|-heal|p1a: Skeledirge|88/100|[from] item: Leftovers
|-damage|p2a: Gliscor|16/100 brn|[from] brn
|upkeep
|turn|6
|
|t:|1779856325
|switch|p2a: Blissey|Blissey, F|100/100
|move|p1a: Skeledirge|Torch Song|p2a: Blissey
|-damage|p2a: Blissey|89/100
|-boost|p1a: Skeledirge|spa|1
|
|-heal|p1a: Skeledirge|94/100|[from] item: Leftovers
|-heal|p2a: Blissey|95/100|[from] item: Leftovers
|upkeep
|turn|7
|
|t:|1779856345
|switch|p1a: Munkidori|Munkidori, M|100/100
|move|p2a: Blissey|Thunder Wave|p1a: Munkidori
|-status|p1a: Munkidori|par
|
|-heal|p2a: Blissey|100/100|[from] item: Leftovers
|upkeep
|turn|8
|
|t:|1779856354
|move|p1a: Munkidori|Psychic|p2a: Blissey
|-damage|p2a: Blissey|75/100
|move|p2a: Blissey|Substitute|p2a: Blissey
|-start|p2a: Blissey|Substitute
|-damage|p2a: Blissey|50/100
|
|-heal|p2a: Blissey|56/100|[from] item: Leftovers
|upkeep
|turn|9
|
|t:|1779856360
|move|p1a: Munkidori|Psychic|p2a: Blissey
|-crit|p2a: Blissey
|-end|p2a: Blissey|Substitute
|move|p2a: Blissey|Seismic Toss|p1a: Munkidori
|-damage|p1a: Munkidori|69/100 par
|
|-heal|p2a: Blissey|63/100|[from] item: Leftovers
|upkeep
|turn|10
|
|t:|1779856367
|move|p1a: Munkidori|Psychic|p2a: Blissey
|-damage|p2a: Blissey|34/100
|move|p2a: Blissey|Soft-Boiled|p2a: Blissey
|-heal|p2a: Blissey|84/100
|
|-heal|p2a: Blissey|91/100|[from] item: Leftovers
|upkeep
|turn|11
|
|t:|1779856379
|switch|p1a: Empoleon|Empoleon, F|100/100
|move|p2a: Blissey|Seismic Toss|p1a: Empoleon
|-damage|p1a: Empoleon|74/100
|
|-heal|p2a: Blissey|97/100|[from] item: Leftovers
|upkeep
|turn|12
|
|t:|1779856385
|move|p1a: Empoleon|Stealth Rock|p2a: Blissey
|-sidestart|p2: skrymon|move: Stealth Rock
|move|p2a: Blissey|Thunder Wave|p1a: Empoleon
|-status|p1a: Empoleon|par
|
|-heal|p2a: Blissey|100/100|[from] item: Leftovers
|upkeep
|turn|13
|
|t:|1779856393
|move|p2a: Blissey|Seismic Toss|p1a: Empoleon
|-damage|p1a: Empoleon|47/100 par
|cant|p1a: Empoleon|par
|
|upkeep
|turn|14
|
|t:|1779856399
|move|p2a: Blissey|Seismic Toss|p1a: Empoleon
|-damage|p1a: Empoleon|20/100 par
|move|p1a: Empoleon|Roost|p1a: Empoleon
|-heal|p1a: Empoleon|70/100 par
|-singleturn|p1a: Empoleon|move: Roost
|
|upkeep
|turn|15
|
|t:|1779856407
|move|p2a: Blissey|Seismic Toss|p1a: Empoleon
|-damage|p1a: Empoleon|43/100 par
|move|p1a: Empoleon|Roost|p1a: Empoleon
|-heal|p1a: Empoleon|93/100 par
|-singleturn|p1a: Empoleon|move: Roost
|
|upkeep
|turn|16
|
|t:|1779856421
|switch|p1a: Munkidori|Munkidori, M|69/100 par
|move|p2a: Blissey|Substitute|p2a: Blissey
|-start|p2a: Blissey|Substitute
|-damage|p2a: Blissey|76/100
|
|-heal|p2a: Blissey|82/100|[from] item: Leftovers
|upkeep
|turn|17
|
|t:|1779856427
|move|p1a: Munkidori|Sludge Wave|p2a: Blissey
|-crit|p2a: Blissey
|-end|p2a: Blissey|Substitute
|move|p2a: Blissey|Seismic Toss|p1a: Munkidori
|-damage|p1a: Munkidori|37/100 par
|
|-heal|p2a: Blissey|88/100|[from] item: Leftovers
|upkeep
|turn|18
|
|t:|1779856433
|move|p1a: Munkidori|Sludge Wave|p2a: Blissey
|-damage|p2a: Blissey|60/100
|move|p2a: Blissey|Seismic Toss|p1a: Munkidori
|-damage|p1a: Munkidori|6/100 par
|
|-heal|p2a: Blissey|66/100|[from] item: Leftovers
|upkeep
|turn|19
|
|t:|1779856436
|move|p1a: Munkidori|Sludge Wave|p2a: Blissey
|-damage|p2a: Blissey|40/100
|move|p2a: Blissey|Seismic Toss|p1a: Munkidori
|-damage|p1a: Munkidori|0 fnt
|faint|p1a: Munkidori
|
|-heal|p2a: Blissey|46/100|[from] item: Leftovers
|upkeep
|
|t:|1779856443
|switch|p1a: Noivern|Noivern, F, shiny|100/100
|turn|20
|
|t:|1779856448
|move|p1a: Noivern|Hurricane|p2a: Blissey|[miss]
|-miss|p1a: Noivern|p2a: Blissey
|move|p2a: Blissey|Soft-Boiled|p2a: Blissey
|-heal|p2a: Blissey|96/100
|
|-heal|p2a: Blissey|100/100|[from] item: Leftovers
|upkeep
|turn|21
|
|t:|1779856455
|move|p1a: Noivern|Hurricane|p2a: Blissey
|-damage|p2a: Blissey|81/100
|move|p2a: Blissey|Thunder Wave|p1a: Noivern
|-status|p1a: Noivern|par
|
|-heal|p2a: Blissey|87/100|[from] item: Leftovers
|upkeep
|turn|22
|-message|Roliix forfeited.
|
|win|skrymon
|raw|Roliix's rating: 1099 &rarr; <strong>1078</strong><br />(-21 for losing)
|raw|skrymon's rating: 1152 &rarr; <strong>1173</strong><br />(+21 for winning)
|l|☆Roliix
|player|p1|
