|j|☆Snurke
|j|☆facyblurre
|t:|1779948175
|gametype|singles
|player|p1|Snurke|2|1607
|player|p2|facyblurre|266|1670
|gen|9
|tier|[Gen 9] OU
|rated|
|rule|HP Percentage Mod: HP is shown in percentages
|rule|Endless Battle Clause: Forcing endless battles is banned
|rule|Species Clause: Limit one of each Pokémon
|rule|OHKO Clause: OHKO moves are banned
|rule|Evasion Items Clause: Evasion items are banned
|rule|Evasion Moves Clause: Evasion moves are banned
|rule|Evasion Abilities Clause: Evasion abilities are banned
|rule|Sleep Moves Clause: Sleep-inducing moves are banned
|clearpoke
|poke|p1|Gholdengo|
|poke|p1|Iron Treads|
|poke|p1|Tornadus-Therian, M|
|poke|p1|Ceruledge, F|
|poke|p1|Zamazenta-*|
|poke|p1|Samurott-Hisui, F|
|poke|p2|Zapdos|
|poke|p2|Iron Treads|
|poke|p2|Samurott-Hisui, F|
|poke|p2|Ceruledge, M|
|poke|p2|Gholdengo|
|poke|p2|Kingambit, M|
|teampreview
|
|t:|1779948190
|teamsize|p1|6
|teamsize|p2|6
|start
|switch|p1a: Draymoney Green|Tornadus-Therian, M, shiny|100/100
|switch|p2a: Samurott|Samurott-Hisui, F|100/100
|turn|1
|inactive|Battle timer is ON: inactive players will automatically lose when time's up. (requested by Snurke)
|
|t:|1779948194
|move|p1a: Draymoney Green|U-turn|p2a: Samurott
|-supereffective|p2a: Samurott
|-damage|p2a: Samurott|72/100
|
|t:|1779948199
|switch|p1a: Zaza Pachulia|Zamazenta, shiny|100/100|[from] U-turn
|-ability|p1a: Zaza Pachulia|Dauntless Shield|boost
|-boost|p1a: Zaza Pachulia|def|1
|move|p2a: Samurott|Knock Off|p1a: Zaza Pachulia
|-resisted|p1a: Zaza Pachulia
|-damage|p1a: Zaza Pachulia|89/100
|-enditem|p1a: Zaza Pachulia|Leftovers|[from] move: Knock Off|[of] p2a: Samurott
|
|upkeep
|turn|2
|
|t:|1779948206
|switch|p2a: Zapdos|Zapdos|100/100
|move|p1a: Zaza Pachulia|Body Press|p2a: Zapdos
|-resisted|p2a: Zapdos
|-damage|p2a: Zapdos|82/100
|-status|p1a: Zaza Pachulia|par|[from] ability: Static|[of] p2a: Zapdos
|
|upkeep
|turn|3
|
|t:|1779948214
|switch|p2a: Samurott|Samurott-Hisui, F|72/100
|switch|p1a: Lebronny Junior|Iron Treads, shiny|100/100
|
|upkeep
|turn|4
|
|t:|1779948221
|move|p1a: Lebronny Junior|Earthquake|p2a: Samurott
|-damage|p2a: Samurott|22/100
|move|p2a: Samurott|Razor Shell|p1a: Lebronny Junior
|-supereffective|p1a: Lebronny Junior
|-damage|p1a: Lebronny Junior|7/100
|
|-heal|p1a: Lebronny Junior|13/100|[from] item: Leftovers
|upkeep
|turn|5
|
|t:|1779948225
|move|p2a: Samurott|Sucker Punch||[still]
|-fail|p2a: Samurott
|move|p1a: Lebronny Junior|Stealth Rock|p2a: Samurott
|-sidestart|p2: facyblurre|move: Stealth Rock
|
|-heal|p1a: Lebronny Junior|20/100|[from] item: Leftovers
|upkeep
|turn|6
|
|t:|1779948230
|-end|p1a: Lebronny Junior|Quark Drive|[silent]
|switch|p1a: Draymoney Green|Tornadus-Therian, M, shiny|100/100
|move|p2a: Samurott|Sucker Punch||[still]
|-fail|p2a: Samurott
|
|upkeep
|turn|7
|
|t:|1779948234
|switch|p2a: Zapdos|Zapdos|82/100
|move|p1a: Draymoney Green|U-turn|p2a: Zapdos
|-resisted|p2a: Zapdos
|-damage|p2a: Zapdos|76/100
|
|t:|1779948246
|switch|p1a: Crafty Lil' Shai|Samurott-Hisui, F, shiny|100/100|[from] U-turn
|
|upkeep
|turn|8
|
|t:|1779948250
|move|p2a: Zapdos|Volt Switch|p1a: Crafty Lil' Shai
|-supereffective|p1a: Crafty Lil' Shai
|-damage|p1a: Crafty Lil' Shai|47/100
|
|t:|1779948253
|switch|p2a: Iron Treads|Iron Treads|100/100|[from] Volt Switch
|-damage|p2a: Iron Treads|97/100|[from] Stealth Rock
|move|p1a: Crafty Lil' Shai|Ceaseless Edge|p2a: Iron Treads|[miss]
|-miss|p1a: Crafty Lil' Shai|p2a: Iron Treads
|
|-heal|p2a: Iron Treads|100/100|[from] item: Leftovers
|upkeep
|turn|9
|
|t:|1779948260
|switch|p1a: Stephortless|Gholdengo, shiny|100/100
|-item|p1a: Stephortless|Air Balloon
|move|p2a: Iron Treads|Earthquake|p1a: Stephortless
|-immune|p1a: Stephortless
|
|upkeep
|turn|10
|
|t:|1779948266
|move|p2a: Iron Treads|Knock Off|p1a: Stephortless
|-supereffective|p1a: Stephortless
|-damage|p1a: Stephortless|39/100
|-enditem|p1a: Stephortless|Air Balloon
|move|p1a: Stephortless|Hex|p2a: Iron Treads
|-damage|p2a: Iron Treads|48/100
|
|-heal|p2a: Iron Treads|54/100|[from] item: Leftovers
|upkeep
|turn|11
|
|t:|1779948282
|switch|p1a: Draymoney Green|Tornadus-Therian, M, shiny|100/100
|move|p2a: Iron Treads|Stealth Rock|p1a: Draymoney Green
|-sidestart|p1: Snurke|move: Stealth Rock
|
|-heal|p2a: Iron Treads|60/100|[from] item: Leftovers
|upkeep
|turn|12
|
|t:|1779948290
|-end|p2a: Iron Treads|Quark Drive|[silent]
|switch|p2a: Ceruledge|Ceruledge, M|100/100
|move|p1a: Draymoney Green|Knock Off|p2a: Ceruledge
|-supereffective|p2a: Ceruledge
|-damage|p2a: Ceruledge|56/100
|-ability|p2a: Ceruledge|Weak Armor|boost
|-unboost|p2a: Ceruledge|def|1
|-boost|p2a: Ceruledge|spe|2
|-enditem|p2a: Ceruledge|Heavy-Duty Boots|[from] move: Knock Off|[of] p1a: Draymoney Green
|
|upkeep
|turn|13
|
|t:|1779948301
|move|p2a: Ceruledge|Bitter Blade|p1a: Draymoney Green
|-damage|p1a: Draymoney Green|44/100
|-heal|p2a: Ceruledge|85/100|[from] drain|[of] p1a: Draymoney Green
|-damage|p2a: Ceruledge|68/100|[from] item: Rocky Helmet|[of] p1a: Draymoney Green
|move|p1a: Draymoney Green|Knock Off|p2a: Ceruledge
|-supereffective|p2a: Ceruledge
|-damage|p2a: Ceruledge|20/100
|-ability|p2a: Ceruledge|Weak Armor|boost
|-unboost|p2a: Ceruledge|def|1
|-boost|p2a: Ceruledge|spe|2
|
|upkeep
|turn|14
|
|t:|1779948310
|switch|p1a: Zaza Pachulia|Zamazenta, shiny|89/100 par
|-damage|p1a: Zaza Pachulia|83/100 par|[from] Stealth Rock
|move|p2a: Ceruledge|Poltergeist||[still]
|-fail|p2a: Ceruledge
|
|upkeep
|turn|15
|
|t:|1779948317
|move|p2a: Ceruledge|Bitter Blade|p1a: Zaza Pachulia
|-damage|p1a: Zaza Pachulia|44/100 par
|-heal|p2a: Ceruledge|42/100|[from] drain|[of] p1a: Zaza Pachulia
|move|p1a: Zaza Pachulia|Crunch|p2a: Ceruledge
|-supereffective|p2a: Ceruledge
|-damage|p2a: Ceruledge|0 fnt
|faint|p2a: Ceruledge
|
|upkeep
|inactive|facyblurre has 120 seconds left.
|inactive|facyblurre has 90 seconds left.
|
|t:|1779948406
|switch|p2a: Zapdos|Zapdos|76/100
|turn|16
|
|t:|1779948417
|move|p2a: Zapdos|Volt Switch|p1a: Zaza Pachulia
|-damage|p1a: Zaza Pachulia|20/100 par
|
|t:|1779948421
|switch|p2a: Gholdengo|Gholdengo|100/100|[from] Volt Switch
|-damage|p2a: Gholdengo|94/100|[from] Stealth Rock
|-item|p2a: Gholdengo|Air Balloon
|move|p1a: Zaza Pachulia|Crunch|p2a: Gholdengo
|-supereffective|p2a: Gholdengo
|-damage|p2a: Gholdengo|63/100
|-enditem|p2a: Gholdengo|Air Balloon
|
|upkeep
|turn|17
|
|t:|1779948430
|move|p2a: Gholdengo|Hex|p1a: Zaza Pachulia
|-damage|p1a: Zaza Pachulia|0 fnt
|faint|p1a: Zaza Pachulia
|
|upkeep
|
|t:|1779948440
|switch|p1a: Lebronny Junior|Iron Treads, shiny|20/100
|-damage|p1a: Lebronny Junior|16/100|[from] Stealth Rock
|turn|18
|
|t:|1779948446
|switch|p2a: Zapdos|Zapdos|76/100
|move|p1a: Lebronny Junior|Earthquake|p2a: Zapdos
|-immune|p2a: Zapdos
|
|-heal|p1a: Lebronny Junior|23/100|[from] item: Leftovers
|upkeep
|turn|19
|
|t:|1779948462
|move|p1a: Lebronny Junior|Rapid Spin|p2a: Zapdos
|-damage|p2a: Zapdos|64/100
|-boost|p1a: Lebronny Junior|spe|1
|-sideend|p1: Snurke|Stealth Rock|[from] move: Rapid Spin|[of] p1a: Lebronny Junior
|move|p2a: Zapdos|Hurricane|p1a: Lebronny Junior
|-resisted|p1a: Lebronny Junior
|-damage|p1a: Lebronny Junior|0 fnt
|faint|p1a: Lebronny Junior
|-end|p1a: Lebronny Junior|Quark Drive|[silent]
|
|upkeep
|
|t:|1779948469
|switch|p1a: Draymoney Green|Tornadus-Therian, M, shiny|77/100
|turn|20
|
|t:|1779948474
|-terastallize|p1a: Draymoney Green|Electric
|move|p1a: Draymoney Green|Knock Off|p2a: Zapdos
|-damage|p2a: Zapdos|49/100
|-enditem|p2a: Zapdos|Heavy-Duty Boots|[from] move: Knock Off|[of] p1a: Draymoney Green
|move|p2a: Zapdos|Roost|p2a: Zapdos
|-heal|p2a: Zapdos|99/100
|-singleturn|p2a: Zapdos|move: Roost
|
|upkeep
|turn|21
|
|t:|1779948485
|move|p1a: Draymoney Green|Bleakwind Storm|p2a: Zapdos
|-resisted|p2a: Zapdos
|-damage|p2a: Zapdos|81/100
|move|p2a: Zapdos|Volt Switch|p1a: Draymoney Green
|-resisted|p1a: Draymoney Green
|-damage|p1a: Draymoney Green|62/100
|
|t:|1779948490
|switch|p2a: Iron Treads|Iron Treads|60/100|[from] Volt Switch
|-damage|p2a: Iron Treads|57/100|[from] Stealth Rock
|
|-heal|p2a: Iron Treads|63/100|[from] item: Leftovers
|upkeep
|turn|22
|inactive|facyblurre has 120 seconds left.
|
|t:|1779948510
|move|p1a: Draymoney Green|Taunt|p2a: Iron Treads
|-start|p2a: Iron Treads|move: Taunt
|cant|p2a: Iron Treads|move: Taunt|Stealth Rock
|
|-heal|p2a: Iron Treads|70/100|[from] item: Leftovers
|upkeep
|turn|23
|
|t:|1779948515
|move|p1a: Draymoney Green|U-turn|p2a: Iron Treads
|-resisted|p2a: Iron Treads
|-damage|p2a: Iron Treads|63/100
|
|t:|1779948521
|switch|p1a: Stephortless|Gholdengo, shiny|39/100|[from] U-turn
|move|p2a: Iron Treads|Earthquake|p1a: Stephortless
|-supereffective|p1a: Stephortless
|-damage|p1a: Stephortless|0 fnt
|faint|p1a: Stephortless
|
|-heal|p2a: Iron Treads|69/100|[from] item: Leftovers
|upkeep
|
|t:|1779948528
|switch|p1a: Wembanyama|Ceruledge, F, shiny|100/100
|turn|24
|
|t:|1779948532
|move|p2a: Iron Treads|Earthquake|p1a: Wembanyama
|-supereffective|p1a: Wembanyama
|-damage|p1a: Wembanyama|0 fnt
|faint|p1a: Wembanyama
|
|-heal|p2a: Iron Treads|75/100|[from] item: Leftovers
|-end|p2a: Iron Treads|move: Taunt
|upkeep
|-message|Snurke forfeited.
|
|win|facyblurre
|raw|Snurke's rating: 1607 &rarr; <strong>1591</strong><br />(-16 for losing)
|raw|facyblurre's rating: 1670 &rarr; <strong>1686</strong><br />(+16 for winning)
|c|☆facyblurre|gg
|l|☆facyblurre
|player|p2|
|l|☆Snurke
|player|p1|
