|j|☆White Boy SZN
|j|☆MVA Central
|t:|1779841699
|gametype|singles
|player|p1|White Boy SZN|blue-gen7|1406
|player|p2|MVA Central|riley|1413
|gen|9
|tier|[Gen 9] OU
|rated|
|rule|HP Percentage Mod: HP is shown in percentages
|rule|Endless Battle Clause: Forcing endless battles is banned
|rule|Species Clause: Limit one of each Pokémon
|rule|OHKO Clause: OHKO moves are banned
|rule|Evasion Items Clause: Evasion items are banned
|rule|Evasion Moves Clause: Evasion moves are banned
|rule|Evasion Abilities Clause: Evasion abilities are banned
|rule|Sleep Moves Clause: Sleep-inducing moves are banned
|clearpoke
|poke|p1|Electrode-Hisui|
|poke|p1|Iron Crown|
|poke|p1|Darkrai|
|poke|p1|Glimmora, M|
|poke|p1|Landorus-Therian, M|
|poke|p1|Ogerpon, F|
|poke|p2|Ninetales-Alola, F|
|poke|p2|Polteageist|
|poke|p2|Rillaboom, M|
|poke|p2|Magnezone|
|poke|p2|Haxorus, M|
|poke|p2|Iron Valiant|
|teampreview
|inactive|Battle timer is ON: inactive players will automatically lose when time's up. (requested by MVA Central)
|
|t:|1779841726
|teamsize|p1|6
|teamsize|p2|6
|start
|switch|p1a: Glimmora|Glimmora, M|100/100
|switch|p2a: Magnezone|Magnezone|100/100
|-item|p1a: Glimmora|Air Balloon
|turn|1
|
|t:|1779841740
|-terastallize|p2a: Magnezone|Flying
|move|p2a: Magnezone|Thunderbolt|p1a: Glimmora
|-damage|p1a: Glimmora|35/100
|-enditem|p1a: Glimmora|Air Balloon
|-damage|p2a: Magnezone|91/100|[from] item: Life Orb
|move|p1a: Glimmora|Earth Power|p2a: Magnezone
|-immune|p2a: Magnezone
|
|upkeep
|turn|2
|
|t:|1779841756
|move|p2a: Magnezone|Steel Beam|p1a: Glimmora
|-supereffective|p1a: Glimmora
|-damage|p1a: Glimmora|0 fnt
|-damage|p2a: Magnezone|41/100|[from] steelbeam
|faint|p1a: Glimmora
|-damage|p2a: Magnezone|31/100|[from] item: Life Orb
|
|upkeep
|
|t:|1779841768
|switch|p1a: Iron Crown|Iron Crown|100/100
|turn|3
|
|t:|1779841773
|move|p1a: Iron Crown|Volt Switch|p2a: Magnezone
|-supereffective|p2a: Magnezone
|-damage|p2a: Magnezone|0 fnt
|faint|p2a: Magnezone
|
|t:|1779841780
|-end|p1a: Iron Crown|Quark Drive|[silent]
|switch|p1a: Ogerpon|Ogerpon, F|100/100|[from] Volt Switch
|
|upkeep
|
|t:|1779841786
|switch|p2a: Rillaboom|Rillaboom, M|100/100
|-fieldstart|move: Grassy Terrain|[from] ability: Grassy Surge|[of] p2a: Rillaboom
|turn|4
|
|t:|1779841793
|move|p1a: Ogerpon|U-turn|p2a: Rillaboom
|-supereffective|p2a: Rillaboom
|-damage|p2a: Rillaboom|54/100
|
|t:|1779841797
|switch|p1a: Landorus|Landorus-Therian, M|100/100|[from] U-turn
|-ability|p1a: Landorus|Intimidate|boost
|-unboost|p2a: Rillaboom|atk|1
|move|p2a: Rillaboom|U-turn|p1a: Landorus
|-resisted|p1a: Landorus
|-damage|p1a: Landorus|88/100
|-damage|p2a: Rillaboom|37/100|[from] item: Rocky Helmet|[of] p1a: Landorus
|-damage|p2a: Rillaboom|27/100|[from] item: Life Orb
|
|t:|1779841802
|switch|p2a: Ninetales|Ninetales-Alola, F|100/100|[from] U-turn
|-weather|Snowscape|[from] ability: Snow Warning|[of] p2a: Ninetales
|
|-weather|Snowscape|[upkeep]
|upkeep
|turn|5
|
|t:|1779841808
|move|p2a: Ninetales|Aurora Veil|p2a: Ninetales
|-sidestart|p2: MVA Central|move: Aurora Veil
|move|p1a: Landorus|Stealth Rock|p2a: Ninetales
|-sidestart|p2: MVA Central|move: Stealth Rock
|
|-weather|Snowscape|[upkeep]
|upkeep
|turn|6
|
|t:|1779841817
|switch|p2a: Haxorus|Haxorus, M, shiny|100/100
|-damage|p2a: Haxorus|88/100|[from] Stealth Rock
|-ability|p2a: Haxorus|Mold Breaker
|switch|p1a: Iron Crown|Iron Crown|100/100
|
|-weather|Snowscape|[upkeep]
|-heal|p2a: Haxorus|94/100|[from] Grassy Terrain
|upkeep
|turn|7
|
|t:|1779841828
|-end|p1a: Iron Crown|Quark Drive|[silent]
|switch|p1a: Landorus|Landorus-Therian, M|88/100
|-ability|p1a: Landorus|Intimidate|boost
|-unboost|p2a: Haxorus|atk|1
|move|p2a: Haxorus|Swords Dance|p2a: Haxorus
|-boost|p2a: Haxorus|atk|2
|
|-weather|Snowscape|[upkeep]
|-heal|p2a: Haxorus|100/100|[from] Grassy Terrain
|upkeep
|turn|8
|
|t:|1779841834
|move|p1a: Landorus|U-turn|p2a: Haxorus
|-damage|p2a: Haxorus|83/100
|
|t:|1779841836
|switch|p1a: Iron Crown|Iron Crown|100/100|[from] U-turn
|move|p2a: Haxorus|Swords Dance|p2a: Haxorus
|-boost|p2a: Haxorus|atk|2
|
|-weather|none
|-heal|p2a: Haxorus|89/100|[from] Grassy Terrain
|-fieldend|move: Grassy Terrain
|upkeep
|turn|9
|
|t:|1779841842
|move|p1a: Iron Crown|Future Sight|p2a: Haxorus
|-start|p1a: Iron Crown|move: Future Sight
|move|p2a: Haxorus|Dragon Claw|p1a: Iron Crown
|-resisted|p1a: Iron Crown
|-damage|p1a: Iron Crown|31/100
|
|upkeep
|turn|10
|
|t:|1779841846
|move|p1a: Iron Crown|Tachyon Cutter|p2a: Haxorus
|-damage|p2a: Haxorus|70/100
|-damage|p2a: Haxorus|50/100
|-hitcount|p2a: Haxorus|2
|move|p2a: Haxorus|Dragon Claw|p1a: Iron Crown
|-resisted|p1a: Iron Crown
|-crit|p1a: Iron Crown
|-damage|p1a: Iron Crown|0 fnt
|faint|p1a: Iron Crown
|-end|p1a: Iron Crown|Quark Drive|[silent]
|
|upkeep
|
|t:|1779841864
|switch|p1a: Darkrai|Darkrai|100/100
|turn|11
|
|t:|1779841866
|move|p1a: Darkrai|Ice Beam|p2a: Haxorus
|-supereffective|p2a: Haxorus
|-damage|p2a: Haxorus|3/100
|move|p2a: Haxorus|Dragon Claw|p1a: Darkrai
|-crit|p1a: Darkrai
|-damage|p1a: Darkrai|0 fnt
|faint|p1a: Darkrai
|
|-end|p2a: Haxorus|move: Future Sight
|-damage|p2a: Haxorus|0 fnt
|faint|p2a: Haxorus
|upkeep
|
|t:|1779841883
|switch|p1a: Electrode|Electrode-Hisui|100/100
|switch|p2a: Polteageist|Polteageist|100/100
|-damage|p2a: Polteageist|88/100|[from] Stealth Rock
|turn|12
|
|t:|1779841894
|move|p1a: Electrode|Taunt|p2a: Polteageist
|-start|p2a: Polteageist|move: Taunt
|cant|p2a: Polteageist|move: Taunt|Shell Smash
|
|-sideend|p2: MVA Central|move: Aurora Veil
|upkeep
|turn|13
|
|t:|1779841898
|move|p1a: Electrode|Thunder Wave|p2a: Polteageist
|-status|p2a: Polteageist|par
|move|p2a: Polteageist|Shadow Ball|p1a: Electrode
|-damage|p1a: Electrode|25/100
|
|upkeep
|turn|14
|
|t:|1779841903
|move|p1a: Electrode|Volt Switch|p2a: Polteageist
|-damage|p2a: Polteageist|62/100 par
|
|t:|1779841907
|switch|p1a: Ogerpon|Ogerpon, F|100/100|[from] Volt Switch
|move|p2a: Polteageist|Shadow Ball|p1a: Ogerpon
|-damage|p1a: Ogerpon|44/100
|
|-end|p2a: Polteageist|move: Taunt
|upkeep
|turn|15
|
|t:|1779841913
|move|p1a: Ogerpon|Knock Off|p2a: Polteageist
|-supereffective|p2a: Polteageist
|-damage|p2a: Polteageist|0 fnt
|-enditem|p2a: Polteageist|White Herb|[from] move: Knock Off|[of] p1a: Ogerpon
|faint|p2a: Polteageist
|
|upkeep
|
|t:|1779841916
|switch|p2a: Iron Valiant|Iron Valiant|100/100
|-damage|p2a: Iron Valiant|94/100|[from] Stealth Rock
|-enditem|p2a: Iron Valiant|Booster Energy
|-activate|p2a: Iron Valiant|ability: Quark Drive|[fromitem]
|-start|p2a: Iron Valiant|quarkdrivespe
|turn|16
|
|t:|1779841925
|move|p2a: Iron Valiant|Spirit Break|p1a: Ogerpon
|-damage|p1a: Ogerpon|0 fnt
|faint|p1a: Ogerpon
|
|upkeep
|
|t:|1779841927
|switch|p1a: Landorus|Landorus-Therian, M|88/100
|-ability|p1a: Landorus|Intimidate|boost
|-unboost|p2a: Iron Valiant|atk|1
|turn|17
|
|t:|1779841936
|move|p2a: Iron Valiant|Swords Dance|p2a: Iron Valiant
|-boost|p2a: Iron Valiant|atk|2
|move|p1a: Landorus|Earthquake|p2a: Iron Valiant
|-damage|p2a: Iron Valiant|24/100
|
|upkeep
|turn|18
|
|t:|1779841944
|move|p2a: Iron Valiant|Knock Off|p1a: Landorus
|-damage|p1a: Landorus|34/100
|-damage|p2a: Iron Valiant|7/100|[from] item: Rocky Helmet|[of] p1a: Landorus
|-enditem|p1a: Landorus|Rocky Helmet|[from] move: Knock Off|[of] p2a: Iron Valiant
|move|p1a: Landorus|Earthquake|p2a: Iron Valiant
|-damage|p2a: Iron Valiant|0 fnt
|faint|p2a: Iron Valiant
|-end|p2a: Iron Valiant|Quark Drive|[silent]
|
|upkeep
|
|t:|1779841948
|switch|p2a: Ninetales|Ninetales-Alola, F|100/100
|-damage|p2a: Ninetales|76/100|[from] Stealth Rock
|-weather|Snowscape|[from] ability: Snow Warning|[of] p2a: Ninetales
|turn|19
|
|t:|1779841951
|move|p2a: Ninetales|Aurora Veil|p2a: Ninetales
|-sidestart|p2: MVA Central|move: Aurora Veil
|move|p1a: Landorus|Stone Edge|p2a: Ninetales
|-supereffective|p2a: Ninetales
|-damage|p2a: Ninetales|47/100
|
|-weather|Snowscape|[upkeep]
|upkeep
|turn|20
|
|t:|1779841966
|-terastallize|p1a: Landorus|Water
|move|p2a: Ninetales|Freeze-Dry|p1a: Landorus
|-supereffective|p1a: Landorus
|-damage|p1a: Landorus|0 fnt
|faint|p1a: Landorus
|
|-weather|Snowscape|[upkeep]
|upkeep
|
|t:|1779841969
|switch|p1a: Electrode|Electrode-Hisui|25/100
|turn|21
|
|t:|1779841973
|move|p1a: Electrode|Thunder Wave|p2a: Ninetales
|-status|p2a: Ninetales|par
|move|p2a: Ninetales|Freeze-Dry|p1a: Electrode
|-supereffective|p1a: Electrode
|-damage|p1a: Electrode|0 fnt
|faint|p1a: Electrode
|
|win|MVA Central
|raw|White Boy SZN's rating: 1406 &rarr; <strong>1386</strong><br />(-20 for losing)
|raw|MVA Central's rating: 1413 &rarr; <strong>1433</strong><br />(+20 for winning)
|l|☆White Boy SZN
|player|p1|
|l|☆MVA Central
|player|p2|
