|j|☆Stallington
|j|☆amacklai
|t:|1779817845
|gametype|singles
|player|p1|Stallington|juan|1140
|player|p2|amacklai|1|1147
|gen|9
|tier|[Gen 9] OU
|rated|
|rule|HP Percentage Mod: HP is shown in percentages
|rule|Endless Battle Clause: Forcing endless battles is banned
|rule|Species Clause: Limit one of each Pokémon
|rule|OHKO Clause: OHKO moves are banned
|rule|Evasion Items Clause: Evasion items are banned
|rule|Evasion Moves Clause: Evasion moves are banned
|rule|Evasion Abilities Clause: Evasion abilities are banned
|rule|Sleep Moves Clause: Sleep-inducing moves are banned
|clearpoke
|poke|p1|Garganacl, M|
|poke|p1|Staraptor, M|
|poke|p1|Clodsire, F|
|poke|p1|Gliscor, M|
|poke|p1|Blissey, F|
|poke|p1|Corviknight, F|
|poke|p2|Tsareena, F|
|poke|p2|Revavroom, M|
|poke|p2|Chandelure, F|
|poke|p2|Lycanroc-Dusk, M|
|poke|p2|Frosmoth, F|
|poke|p2|Dragonite, M|
|teampreview
|
|t:|1779817862
|teamsize|p1|6
|teamsize|p2|6
|start
|switch|p1a: Blissey|Blissey, F|100/100
|switch|p2a: Lycanroc|Lycanroc-Dusk, M|100/100
|turn|1
|
|t:|1779817869
|switch|p1a: Gliscor|Gliscor, M|100/100
|move|p2a: Lycanroc|Close Combat|p1a: Gliscor
|-resisted|p1a: Gliscor
|-damage|p1a: Gliscor|86/100
|-unboost|p2a: Lycanroc|def|1
|-unboost|p2a: Lycanroc|spd|1
|
|-status|p1a: Gliscor|tox|[from] item: Toxic Orb
|upkeep
|turn|2
|
|t:|1779817884
|move|p2a: Lycanroc|Stealth Rock|p1a: Gliscor
|-sidestart|p1: Stallington|move: Stealth Rock
|move|p1a: Gliscor|Toxic|p2a: Lycanroc
|-status|p2a: Lycanroc|tox
|
|-damage|p2a: Lycanroc|94/100 tox|[from] psn
|-heal|p1a: Gliscor|99/100 tox|[from] ability: Poison Heal
|upkeep
|turn|3
|
|t:|1779817894
|switch|p2a: Revavroom|Revavroom, M, shiny|100/100
|-item|p2a: Revavroom|Air Balloon
|move|p1a: Gliscor|Toxic|p2a: Revavroom
|-immune|p2a: Revavroom
|
|-heal|p1a: Gliscor|100/100 tox|[from] ability: Poison Heal
|upkeep
|turn|4
|
|t:|1779817906
|switch|p1a: Corviknight|Corviknight, F|100/100
|-damage|p1a: Corviknight|88/100|[from] Stealth Rock
|-ability|p1a: Corviknight|Pressure
|move|p2a: Revavroom|Shift Gear|p2a: Revavroom
|-boost|p2a: Revavroom|spe|2
|-boost|p2a: Revavroom|atk|1
|
|-heal|p1a: Corviknight|94/100|[from] item: Leftovers
|upkeep
|turn|5
|
|t:|1779817918
|move|p2a: Revavroom|Shift Gear|p2a: Revavroom
|-boost|p2a: Revavroom|spe|2
|-boost|p2a: Revavroom|atk|1
|move|p1a: Corviknight|Body Press|p2a: Revavroom
|-damage|p2a: Revavroom|72/100
|-enditem|p2a: Revavroom|Air Balloon
|
|-heal|p1a: Corviknight|100/100|[from] item: Leftovers
|upkeep
|turn|6
|
|t:|1779817932
|move|p2a: Revavroom|Shift Gear|p2a: Revavroom
|-boost|p2a: Revavroom|spe|2
|-boost|p2a: Revavroom|atk|1
|move|p1a: Corviknight|Body Press|p2a: Revavroom
|-damage|p2a: Revavroom|46/100
|
|upkeep
|turn|7
|
|t:|1779817941
|move|p2a: Revavroom|Iron Head|p1a: Corviknight
|-resisted|p1a: Corviknight
|-damage|p1a: Corviknight|68/100
|cant|p1a: Corviknight|flinch
|
|-heal|p1a: Corviknight|74/100|[from] item: Leftovers
|upkeep
|turn|8
|
|t:|1779817949
|move|p2a: Revavroom|Iron Head|p1a: Corviknight
|-resisted|p1a: Corviknight
|-damage|p1a: Corviknight|45/100
|move|p1a: Corviknight|Body Press|p2a: Revavroom
|-damage|p2a: Revavroom|18/100
|
|-heal|p1a: Corviknight|51/100|[from] item: Leftovers
|upkeep
|turn|9
|
|t:|1779817959
|switch|p2a: Chandelure|Chandelure, F|100/100
|move|p1a: Corviknight|Roost|p1a: Corviknight
|-heal|p1a: Corviknight|100/100
|-singleturn|p1a: Corviknight|move: Roost
|
|upkeep
|turn|10
|
|t:|1779817968
|switch|p1a: Blissey|Blissey, F|100/100
|-damage|p1a: Blissey|88/100|[from] Stealth Rock
|move|p2a: Chandelure|Energy Ball|p1a: Blissey
|-damage|p1a: Blissey|78/100
|-unboost|p1a: Blissey|spd|1
|
|upkeep
|turn|11
|
|t:|1779817981
|switch|p2a: Lycanroc|Lycanroc-Dusk, M|94/100 tox
|move|p1a: Blissey|Trick|p2a: Lycanroc
|-activate|p1a: Blissey|move: Trick|[of] p2a: Lycanroc
|-item|p2a: Lycanroc|Choice Scarf|[from] move: Trick
|-item|p1a: Blissey|Focus Sash|[from] move: Trick
|
|-damage|p2a: Lycanroc|88/100 tox|[from] psn
|upkeep
|turn|12
|
|t:|1779817995
|switch|p1a: Gliscor|Gliscor, M|100/100 tox
|-damage|p1a: Gliscor|88/100 tox|[from] Stealth Rock
|move|p2a: Lycanroc|Close Combat|p1a: Gliscor
|-resisted|p1a: Gliscor
|-damage|p1a: Gliscor|73/100 tox
|-unboost|p2a: Lycanroc|def|1
|-unboost|p2a: Lycanroc|spd|1
|
|-damage|p2a: Lycanroc|76/100 tox|[from] psn
|-heal|p1a: Gliscor|85/100 tox|[from] ability: Poison Heal
|upkeep
|turn|13
|
|t:|1779818014
|move|p2a: Lycanroc|Close Combat|p1a: Gliscor
|-resisted|p1a: Gliscor
|-damage|p1a: Gliscor|69/100 tox
|-unboost|p2a: Lycanroc|def|1
|-unboost|p2a: Lycanroc|spd|1
|move|p1a: Gliscor|Toxic|p2a: Lycanroc
|-fail|p2a: Lycanroc|tox
|
|-damage|p2a: Lycanroc|57/100 tox|[from] psn
|-heal|p1a: Gliscor|82/100 tox|[from] ability: Poison Heal
|upkeep
|turn|14
|
|t:|1779818026
|move|p2a: Lycanroc|Close Combat|p1a: Gliscor
|-resisted|p1a: Gliscor
|-damage|p1a: Gliscor|66/100 tox
|-unboost|p2a: Lycanroc|def|1
|-unboost|p2a: Lycanroc|spd|1
|move|p1a: Gliscor|Toxic|p2a: Lycanroc
|-fail|p2a: Lycanroc|tox
|
|-damage|p2a: Lycanroc|32/100 tox|[from] psn
|-heal|p1a: Gliscor|78/100 tox|[from] ability: Poison Heal
|upkeep
|turn|15
|
|t:|1779818039
|move|p1a: Gliscor|Protect|p1a: Gliscor
|-singleturn|p1a: Gliscor|Protect
|move|p2a: Lycanroc|Close Combat|p1a: Gliscor
|-activate|p1a: Gliscor|move: Protect
|
|-damage|p2a: Lycanroc|2/100 tox|[from] psn
|-heal|p1a: Gliscor|91/100 tox|[from] ability: Poison Heal
|upkeep
|turn|16
|
|t:|1779818049
|move|p2a: Lycanroc|Close Combat|p1a: Gliscor
|-resisted|p1a: Gliscor
|-damage|p1a: Gliscor|76/100 tox
|-unboost|p2a: Lycanroc|def|1
|-unboost|p2a: Lycanroc|spd|1
|move|p1a: Gliscor|Toxic|p2a: Lycanroc
|-fail|p2a: Lycanroc|tox
|
|-damage|p2a: Lycanroc|0 fnt|[from] psn
|faint|p2a: Lycanroc
|-heal|p1a: Gliscor|88/100 tox|[from] ability: Poison Heal
|upkeep
|
|t:|1779818071
|switch|p2a: Frosmoth|Frosmoth, F|100/100
|turn|17
|
|t:|1779818075
|move|p2a: Frosmoth|Quiver Dance|p2a: Frosmoth
|-boost|p2a: Frosmoth|spa|1
|-boost|p2a: Frosmoth|spd|1
|-boost|p2a: Frosmoth|spe|1
|move|p1a: Gliscor|Toxic|p2a: Frosmoth|[miss]
|-miss|p1a: Gliscor|p2a: Frosmoth
|
|-heal|p1a: Gliscor|100/100 tox|[from] ability: Poison Heal
|upkeep
|turn|18
|
|t:|1779818085
|switch|p1a: Blissey|Blissey, F|78/100
|-damage|p1a: Blissey|65/100|[from] Stealth Rock
|move|p2a: Frosmoth|Ice Beam|p1a: Blissey
|-damage|p1a: Blissey|44/100
|
|upkeep
|turn|19
|
|t:|1779818094
|move|p2a: Frosmoth|Quiver Dance|p2a: Frosmoth
|-boost|p2a: Frosmoth|spa|1
|-boost|p2a: Frosmoth|spd|1
|-boost|p2a: Frosmoth|spe|1
|move|p1a: Blissey|Soft-Boiled|p1a: Blissey
|-heal|p1a: Blissey|94/100
|
|upkeep
|turn|20
|
|t:|1779818103
|move|p2a: Frosmoth|Quiver Dance|p2a: Frosmoth
|-boost|p2a: Frosmoth|spa|1
|-boost|p2a: Frosmoth|spd|1
|-boost|p2a: Frosmoth|spe|1
|move|p1a: Blissey|Seismic Toss|p2a: Frosmoth
|-damage|p2a: Frosmoth|65/100
|
|-heal|p2a: Frosmoth|71/100|[from] item: Leftovers
|upkeep
|turn|21
|
|t:|1779818117
|move|p2a: Frosmoth|Bug Buzz|p1a: Blissey
|-crit|p1a: Blissey
|-damage|p1a: Blissey|44/100
|move|p1a: Blissey|Trick|p2a: Frosmoth
|-activate|p1a: Blissey|move: Trick|[of] p2a: Frosmoth
|-item|p2a: Frosmoth|Focus Sash|[from] move: Trick
|-item|p1a: Blissey|Leftovers|[from] move: Trick
|
|-heal|p1a: Blissey|50/100|[from] item: Leftovers
|upkeep
|turn|22
|
|t:|1779818127
|move|p2a: Frosmoth|Bug Buzz|p1a: Blissey
|-damage|p1a: Blissey|16/100
|move|p1a: Blissey|Soft-Boiled|p1a: Blissey
|-heal|p1a: Blissey|66/100
|
|-heal|p1a: Blissey|72/100|[from] item: Leftovers
|upkeep
|turn|23
|
|t:|1779818136
|move|p2a: Frosmoth|Quiver Dance|p2a: Frosmoth
|-boost|p2a: Frosmoth|spa|1
|-boost|p2a: Frosmoth|spd|1
|-boost|p2a: Frosmoth|spe|1
|move|p1a: Blissey|Soft-Boiled|p1a: Blissey
|-heal|p1a: Blissey|100/100
|
|upkeep
|turn|24
|
|t:|1779818145
|move|p2a: Frosmoth|Quiver Dance|p2a: Frosmoth
|-boost|p2a: Frosmoth|spa|1
|-boost|p2a: Frosmoth|spd|1
|-boost|p2a: Frosmoth|spe|1
|move|p1a: Blissey|Seismic Toss|p2a: Frosmoth
|-damage|p2a: Frosmoth|35/100
|
|upkeep
|turn|25
|
|t:|1779818157
|-terastallize|p2a: Frosmoth|Fairy
|move|p2a: Frosmoth|Ice Beam|p1a: Blissey
|-damage|p1a: Blissey|55/100
|-status|p1a: Blissey|frz
|cant|p1a: Blissey|frz
|
|-heal|p1a: Blissey|62/100 frz|[from] item: Leftovers
|upkeep
|turn|26
|
|t:|1779818169
|move|p2a: Frosmoth|Bug Buzz|p1a: Blissey
|-damage|p1a: Blissey|18/100 frz
|cant|p1a: Blissey|frz
|
|-heal|p1a: Blissey|24/100 frz|[from] item: Leftovers
|upkeep
|turn|27
|-message|Stallington forfeited.
|
|win|amacklai
|raw|Stallington's rating: 1140 &rarr; <strong>1116</strong><br />(-24 for losing)
|raw|amacklai's rating: 1147 &rarr; <strong>1171</strong><br />(+24 for winning)
|l|☆Stallington
|player|p1|
|l|☆amacklai
|player|p2|
