|j|☆technogiri
|j|☆choco121507
|t:|1779802916
|gametype|singles
|player|p1|technogiri|102|1127
|player|p2|choco121507|266|1185
|gen|9
|tier|[Gen 9] OU
|rated|
|rule|HP Percentage Mod: HP is shown in percentages
|rule|Endless Battle Clause: Forcing endless battles is banned
|rule|Species Clause: Limit one of each Pokémon
|rule|OHKO Clause: OHKO moves are banned
|rule|Evasion Items Clause: Evasion items are banned
|rule|Evasion Moves Clause: Evasion moves are banned
|rule|Evasion Abilities Clause: Evasion abilities are banned
|rule|Sleep Moves Clause: Sleep-inducing moves are banned
|clearpoke
|poke|p1|Maushold|
|poke|p1|Grimmsnarl, M|
|poke|p1|Clefable, F|
|poke|p1|Darkrai|
|poke|p1|Gyarados, F|
|poke|p1|Skeledirge, M|
|poke|p2|Regieleki|
|poke|p2|Raging Bolt|
|poke|p2|Overqwil, M|
|poke|p2|Greninja-*, M|
|poke|p2|Pelipper, M|
|poke|p2|Iron Treads|
|teampreview
|inactive|Battle timer is ON: inactive players will automatically lose when time's up. (requested by technogiri)
|
|t:|1779802929
|teamsize|p1|6
|teamsize|p2|6
|start
|switch|p1a: Grimmsnarl|Grimmsnarl, M|100/100
|switch|p2a: Byakko|Raging Bolt|100/100
|-enditem|p2a: Byakko|Booster Energy
|-activate|p2a: Byakko|ability: Protosynthesis|[fromitem]
|-start|p2a: Byakko|protosynthesisspa
|turn|1
|
|t:|1779802934
|-terastallize|p2a: Byakko|Fairy
|move|p1a: Grimmsnarl|Light Screen|p1a: Grimmsnarl
|-sidestart|p1: technogiri|move: Light Screen
|move|p2a: Byakko|Calm Mind|p2a: Byakko
|-boost|p2a: Byakko|spa|1
|-boost|p2a: Byakko|spd|1
|
|upkeep
|turn|2
|
|t:|1779802939
|move|p1a: Grimmsnarl|Reflect|p1a: Grimmsnarl
|-sidestart|p1: technogiri|Reflect
|move|p2a: Byakko|Calm Mind|p2a: Byakko
|-boost|p2a: Byakko|spa|1
|-boost|p2a: Byakko|spd|1
|
|upkeep
|turn|3
|
|t:|1779802946
|move|p1a: Grimmsnarl|Parting Shot|p2a: Byakko
|-unboost|p2a: Byakko|atk|1
|-unboost|p2a: Byakko|spa|1
|
|t:|1779802949
|switch|p1a: Maushold|Maushold|100/100|[from] Parting Shot
|move|p2a: Byakko|Calm Mind|p2a: Byakko
|-boost|p2a: Byakko|spa|1
|-boost|p2a: Byakko|spd|1
|
|upkeep
|turn|4
|
|t:|1779802956
|move|p2a: Byakko|Thunderclap||[still]
|-fail|p2a: Byakko
|move|p1a: Maushold|Encore|p2a: Byakko
|-start|p2a: Byakko|Encore
|
|upkeep
|turn|5
|
|t:|1779802961
|move|p2a: Byakko|Thunderclap||[still]
|-fail|p2a: Byakko
|move|p1a: Maushold|Tidy Up|p1a: Maushold
|-boost|p1a: Maushold|atk|1
|-boost|p1a: Maushold|spe|1
|
|upkeep
|turn|6
|
|t:|1779802968
|move|p2a: Byakko|Thunderclap||[still]
|-fail|p2a: Byakko
|move|p1a: Maushold|Tidy Up|p1a: Maushold
|-boost|p1a: Maushold|atk|1
|-boost|p1a: Maushold|spe|1
|
|upkeep
|turn|7
|
|t:|1779802972
|move|p2a: Byakko|Thunderclap||[still]
|-fail|p2a: Byakko
|move|p1a: Maushold|Tidy Up|p1a: Maushold
|-boost|p1a: Maushold|atk|1
|-boost|p1a: Maushold|spe|1
|
|-end|p2a: Byakko|Encore
|upkeep
|turn|8
|
|t:|1779802979
|move|p1a: Maushold|Population Bomb|p2a: Byakko
|-damage|p2a: Byakko|78/100
|-damage|p2a: Byakko|57/100
|-damage|p2a: Byakko|33/100
|-damage|p2a: Byakko|9/100
|-damage|p2a: Byakko|0 fnt
|faint|p2a: Byakko
|-end|p2a: Byakko|Protosynthesis|[silent]
|-hitcount|p2: Byakko|5
|
|-sideend|p1: technogiri|move: Light Screen
|upkeep
|
|t:|1779802986
|switch|p2a: Messenger|Pelipper, M, shiny|100/100
|-weather|RainDance|[from] ability: Drizzle|[of] p2a: Messenger
|turn|9
|
|t:|1779802989
|move|p1a: Maushold|Population Bomb|p2a: Messenger
|-damage|p2a: Messenger|66/100
|-crit|p2a: Messenger
|-damage|p2a: Messenger|10/100
|-damage|p2a: Messenger|0 fnt
|faint|p2a: Messenger
|-hitcount|p2: Messenger|3
|
|-weather|RainDance|[upkeep]
|-sideend|p1: technogiri|Reflect
|upkeep
|
|t:|1779802992
|switch|p2a: Predator|Overqwil, M, shiny|100/100
|turn|10
|
|t:|1779802997
|move|p1a: Maushold|Population Bomb|p2a: Predator
|-damage|p2a: Predator|66/100
|-damage|p2a: Predator|35/100
|-damage|p2a: Predator|5/100
|-damage|p2a: Predator|0 fnt
|faint|p2a: Predator
|-hitcount|p2: Predator|4
|
|-weather|RainDance|[upkeep]
|upkeep
|-message|choco121507 forfeited.
|
|win|technogiri
|raw|technogiri's rating: 1127 &rarr; <strong>1156</strong><br />(+29 for winning)
|raw|choco121507's rating: 1185 &rarr; <strong>1156</strong><br />(-29 for losing)
|l|☆choco121507
|player|p2|
|l|☆technogiri
|player|p1|
