|j|☆teachmestuffimnew
|j|‽incenedorus
|t:|1779822092
|gametype|singles
|player|p1|teachmestuffimnew|rocketgruntf|1246
|player|p2|incenedorus|waitress|1305
|gen|9
|tier|[Gen 9] OU
|rated|
|rule|HP Percentage Mod: HP is shown in percentages
|rule|Endless Battle Clause: Forcing endless battles is banned
|rule|Species Clause: Limit one of each Pokémon
|rule|OHKO Clause: OHKO moves are banned
|rule|Evasion Items Clause: Evasion items are banned
|rule|Evasion Moves Clause: Evasion moves are banned
|rule|Evasion Abilities Clause: Evasion abilities are banned
|rule|Sleep Moves Clause: Sleep-inducing moves are banned
|clearpoke
|poke|p1|Espeon, M|
|poke|p1|Torkoal, M|
|poke|p1|Lilligant-Hisui, F|
|poke|p1|Landorus-Therian, M|
|poke|p1|Jolteon, F|
|poke|p1|Hitmonlee, M|
|poke|p2|Dragonite, F|
|poke|p2|Ting-Lu|
|poke|p2|Clefable, M|
|poke|p2|Pecharunt|
|poke|p2|Heatran, M|
|poke|p2|Zamazenta-*|
|teampreview
|inactive|Battle timer is ON: inactive players will automatically lose when time's up. (requested by teachmestuffimnew)
|
|t:|1779822099
|teamsize|p1|6
|teamsize|p2|6
|start
|switch|p1a: Espeon|Espeon, M, shiny|100/100
|switch|p2a: Ting-Lu|Ting-Lu|100/100
|-ability|p2a: Ting-Lu|Vessel of Ruin
|turn|1
|
|t:|1779822119
|switch|p1a: Landorus|Landorus-Therian, M|100/100
|-ability|p1a: Landorus|Intimidate|boost
|-unboost|p2a: Ting-Lu|atk|1
|move|p2a: Ting-Lu|Spikes|p1a: Landorus
|-sidestart|p1: teachmestuffimnew|Spikes
|
|upkeep
|turn|2
|
|t:|1779822129
|move|p1a: Landorus|Stealth Rock|p2a: Ting-Lu
|-sidestart|p2: incenedorus|move: Stealth Rock
|move|p2a: Ting-Lu|Whirlwind|p1a: Landorus
|drag|p1a: Torkoal|Torkoal, M|100/100
|-damage|p1a: Torkoal|88/100|[from] Spikes
|-weather|SunnyDay|[from] ability: Drought|[of] p1a: Torkoal
|
|-weather|SunnyDay|[upkeep]
|upkeep
|turn|3
|
|t:|1779822138
|move|p2a: Ting-Lu|Spikes|p1a: Torkoal
|-sidestart|p1: teachmestuffimnew|Spikes
|move|p1a: Torkoal|Rapid Spin|p2a: Ting-Lu
|-damage|p2a: Ting-Lu|96/100
|-boost|p1a: Torkoal|spe|1
|-sideend|p1: teachmestuffimnew|Spikes|[from] move: Rapid Spin|[of] p1a: Torkoal
|
|-weather|SunnyDay|[upkeep]
|-heal|p2a: Ting-Lu|100/100|[from] item: Leftovers
|upkeep
|turn|4
|
|t:|1779822146
|move|p2a: Ting-Lu|Earthquake|p1a: Torkoal
|-supereffective|p1a: Torkoal
|-damage|p1a: Torkoal|54/100
|move|p1a: Torkoal|Solar Beam||[still]
|-prepare|p1a: Torkoal|Solar Beam
|-anim|p1a: Torkoal|Solar Beam|p2a: Ting-Lu
|-supereffective|p2a: Ting-Lu
|-damage|p2a: Ting-Lu|73/100
|
|-weather|SunnyDay|[upkeep]
|-heal|p2a: Ting-Lu|79/100|[from] item: Leftovers
|upkeep
|turn|5
|
|t:|1779822156
|switch|p1a: Espeon|Espeon, M, shiny|100/100
|move|p2a: Ting-Lu|Spikes|p1a: Espeon
|move|p1a: Espeon|Spikes|p2a: Ting-Lu|[from] ability: Magic Bounce
|-sidestart|p2: incenedorus|Spikes
|
|-weather|SunnyDay|[upkeep]
|-heal|p2a: Ting-Lu|86/100|[from] item: Leftovers
|upkeep
|turn|6
|
|t:|1779822165
|move|p1a: Espeon|Reflect|p1a: Espeon
|-sidestart|p1: teachmestuffimnew|Reflect
|move|p2a: Ting-Lu|Ruination|p1a: Espeon
|-damage|p1a: Espeon|51/100
|
|-weather|SunnyDay|[upkeep]
|-heal|p2a: Ting-Lu|92/100|[from] item: Leftovers
|upkeep
|turn|7
|
|t:|1779822176
|switch|p1a: Lilligant|Lilligant-Hisui, F|100/100
|move|p2a: Ting-Lu|Spikes|p1a: Lilligant
|-sidestart|p1: teachmestuffimnew|Spikes
|
|-weather|SunnyDay|[upkeep]
|-heal|p2a: Ting-Lu|98/100|[from] item: Leftovers
|upkeep
|turn|8
|
|t:|1779822186
|-terastallize|p1a: Lilligant|Grass
|move|p1a: Lilligant|Solar Blade||[still]
|-prepare|p1a: Lilligant|Solar Blade
|-anim|p1a: Lilligant|Solar Blade|p2a: Ting-Lu
|-supereffective|p2a: Ting-Lu
|-damage|p2a: Ting-Lu|0 fnt
|faint|p2a: Ting-Lu
|
|-weather|SunnyDay|[upkeep]
|upkeep
|
|t:|1779822206
|switch|p2a: Pecharunt|Pecharunt|100/100
|turn|9
|
|t:|1779822211
|switch|p1a: Espeon|Espeon, M, shiny|51/100
|-damage|p1a: Espeon|39/100|[from] Spikes
|move|p2a: Pecharunt|Toxic|p1a: Espeon
|move|p1a: Espeon|Toxic|p2a: Pecharunt|[from] ability: Magic Bounce
|-immune|p2a: Pecharunt
|
|-weather|none
|upkeep
|turn|10
|
|t:|1779822229
|move|p1a: Espeon|Psychic|p2a: Pecharunt
|-supereffective|p2a: Pecharunt
|-damage|p2a: Pecharunt|0 fnt
|faint|p2a: Pecharunt
|
|upkeep
|-message|incenedorus forfeited.
|
|win|teachmestuffimnew
|raw|teachmestuffimnew's rating: 1246 &rarr; <strong>1275</strong><br />(+29 for winning)
|raw|incenedorus's rating: 1305 &rarr; <strong>1282</strong><br />(-23 for losing)
|l|‽incenedorus
|player|p2|
