|j|☆MewEnRage
|j|☆FlexTheDork
|t:|1779884767
|gametype|singles
|player|p1|MewEnRage|falkner|1243
|player|p2|FlexTheDork|169|1204
|gen|9
|tier|[Gen 9] OU
|rated|
|rule|HP Percentage Mod: HP is shown in percentages
|rule|Endless Battle Clause: Forcing endless battles is banned
|rule|Species Clause: Limit one of each Pokémon
|rule|OHKO Clause: OHKO moves are banned
|rule|Evasion Items Clause: Evasion items are banned
|rule|Evasion Moves Clause: Evasion moves are banned
|rule|Evasion Abilities Clause: Evasion abilities are banned
|rule|Sleep Moves Clause: Sleep-inducing moves are banned
|clearpoke
|poke|p1|Araquanid, M|
|poke|p1|Gholdengo|
|poke|p1|Zamazenta-*|
|poke|p1|Goodra, M|
|poke|p1|Landorus-Therian, M|
|poke|p1|Forretress, M|
|poke|p2|Iron Moth|
|poke|p2|Gliscor, M|
|poke|p2|Hatterene, F|
|poke|p2|Ogerpon-Wellspring, F|
|poke|p2|Raging Bolt|
|poke|p2|Zamazenta-*|
|teampreview
|inactive|Battle timer is ON: inactive players will automatically lose when time's up. (requested by FlexTheDork)
|
|t:|1779884772
|teamsize|p1|6
|teamsize|p2|6
|start
|switch|p1a: Araquanid|Araquanid, M|100/100
|switch|p2a: Zamazenta|Zamazenta|100/100
|-ability|p2a: Zamazenta|Dauntless Shield|boost
|-boost|p2a: Zamazenta|def|1
|turn|1
|
|t:|1779884782
|move|p2a: Zamazenta|Light Screen|p2a: Zamazenta
|-sidestart|p2: FlexTheDork|move: Light Screen
|move|p1a: Araquanid|Liquidation|p2a: Zamazenta
|-damage|p2a: Zamazenta|49/100
|
|upkeep
|turn|2
|
|t:|1779884790
|switch|p1a: Goodra|Goodra, M|100/100
|move|p2a: Zamazenta|Reflect|p2a: Zamazenta
|-sidestart|p2: FlexTheDork|Reflect
|
|upkeep
|turn|3
|
|t:|1779884793
|move|p2a: Zamazenta|Ice Fang|p1a: Goodra
|-supereffective|p1a: Goodra
|-damage|p1a: Goodra|71/100
|-ability|p1a: Goodra|Gooey
|-unboost|p2a: Zamazenta|spe|1
|move|p1a: Goodra|Knock Off|p2a: Zamazenta
|-resisted|p2a: Zamazenta
|-damage|p2a: Zamazenta|46/100
|-enditem|p2a: Zamazenta|Light Clay|[from] move: Knock Off|[of] p1a: Goodra
|
|-heal|p1a: Goodra|77/100|[from] item: Leftovers
|upkeep
|turn|4
|
|t:|1779884805
|switch|p2a: Hatterene|Hatterene, F|100/100
|move|p1a: Goodra|Toxic|p2a: Hatterene
|move|p2a: Hatterene|Toxic|p1a: Goodra|[from] ability: Magic Bounce
|-status|p1a: Goodra|tox
|
|-heal|p1a: Goodra|83/100 tox|[from] item: Leftovers
|-damage|p1a: Goodra|77/100 tox|[from] psn
|upkeep
|turn|5
|
|t:|1779884815
|switch|p1a: Araquanid|Araquanid, M|100/100
|move|p2a: Hatterene|Calm Mind|p2a: Hatterene
|-boost|p2a: Hatterene|spa|1
|-boost|p2a: Hatterene|spd|1
|
|upkeep
|turn|6
|
|t:|1779884823
|move|p1a: Araquanid|Liquidation|p2a: Hatterene
|-damage|p2a: Hatterene|58/100
|move|p2a: Hatterene|Mystical Fire|p1a: Araquanid
|-damage|p1a: Araquanid|87/100
|-unboost|p1a: Araquanid|spa|1
|
|-heal|p2a: Hatterene|64/100|[from] item: Leftovers
|upkeep
|turn|7
|
|t:|1779884835
|switch|p1a: Forretress|Forretress, M|100/100
|-terastallize|p2a: Hatterene|Water
|move|p2a: Hatterene|Calm Mind|p2a: Hatterene
|-boost|p2a: Hatterene|spa|1
|-boost|p2a: Hatterene|spd|1
|
|-heal|p2a: Hatterene|70/100|[from] item: Leftovers
|upkeep
|turn|8
|
|t:|1779884843
|switch|p1a: Araquanid|Araquanid, M|87/100
|move|p2a: Hatterene|Mystical Fire|p1a: Araquanid
|-damage|p1a: Araquanid|70/100
|-unboost|p1a: Araquanid|spa|1
|
|-heal|p2a: Hatterene|76/100|[from] item: Leftovers
|-sideend|p2: FlexTheDork|move: Light Screen
|upkeep
|turn|9
|
|t:|1779884849
|move|p1a: Araquanid|Leech Life|p2a: Hatterene
|-damage|p2a: Hatterene|56/100
|-heal|p1a: Araquanid|79/100|[from] drain|[of] p2a: Hatterene
|move|p2a: Hatterene|Stored Power|p1a: Araquanid
|-damage|p1a: Araquanid|3/100
|
|-heal|p2a: Hatterene|62/100|[from] item: Leftovers
|-sideend|p2: FlexTheDork|Reflect
|upkeep
|turn|10
|
|t:|1779884856
|move|p1a: Araquanid|Leech Life|p2a: Hatterene
|-damage|p2a: Hatterene|26/100
|-heal|p1a: Araquanid|20/100|[from] drain|[of] p2a: Hatterene
|move|p2a: Hatterene|Draining Kiss|p1a: Araquanid
|-damage|p1a: Araquanid|0 fnt
|-heal|p2a: Hatterene|41/100|[from] drain|[of] p1a: Araquanid
|faint|p1a: Araquanid
|
|-heal|p2a: Hatterene|47/100|[from] item: Leftovers
|upkeep
|
|t:|1779884861
|switch|p1a: Landorus|Landorus-Therian, M|100/100
|-ability|p1a: Landorus|Intimidate|boost
|-unboost|p2a: Hatterene|atk|1
|turn|11
|
|t:|1779884867
|move|p1a: Landorus|Earthquake|p2a: Hatterene
|-damage|p2a: Hatterene|0 fnt
|faint|p2a: Hatterene
|
|upkeep
|
|t:|1779884871
|switch|p2a: Zamazenta|Zamazenta|46/100
|turn|12
|
|t:|1779884878
|switch|p1a: Forretress|Forretress, M|100/100
|move|p2a: Zamazenta|Ice Fang|p1a: Forretress
|-resisted|p1a: Forretress
|-damage|p1a: Forretress|95/100
|-status|p1a: Forretress|frz
|-damage|p2a: Zamazenta|30/100|[from] item: Rocky Helmet|[of] p1a: Forretress
|
|upkeep
|turn|13
|
|t:|1779884888
|switch|p2a: Iron Moth|Iron Moth|100/100
|-enditem|p2a: Iron Moth|Booster Energy
|-activate|p2a: Iron Moth|ability: Quark Drive|[fromitem]
|-start|p2a: Iron Moth|quarkdrivespe
|cant|p1a: Forretress|frz
|
|upkeep
|turn|14
|
|t:|1779884895
|switch|p1a: Goodra|Goodra, M|77/100 tox
|move|p2a: Iron Moth|Fiery Dance|p1a: Goodra
|-resisted|p1a: Goodra
|-damage|p1a: Goodra|64/100 tox
|-boost|p2a: Iron Moth|spa|1
|
|-heal|p1a: Goodra|70/100 tox|[from] item: Leftovers
|-damage|p1a: Goodra|64/100 tox|[from] psn
|upkeep
|turn|15
|
|t:|1779884904
|move|p2a: Iron Moth|Sludge Wave|p1a: Goodra
|-damage|p1a: Goodra|18/100 tox
|move|p1a: Goodra|Dragon Tail|p2a: Iron Moth
|-damage|p2a: Iron Moth|69/100
|-end|p2a: Iron Moth|Quark Drive|[silent]
|drag|p2a: Zamazenta|Zamazenta|30/100
|
|-heal|p1a: Goodra|24/100 tox|[from] item: Leftovers
|-damage|p1a: Goodra|12/100 tox|[from] psn
|upkeep
|turn|16
|
|t:|1779884914
|move|p2a: Zamazenta|Light Screen|p2a: Zamazenta
|-sidestart|p2: FlexTheDork|move: Light Screen
|move|p1a: Goodra|Toxic|p2a: Zamazenta
|-status|p2a: Zamazenta|tox
|
|-heal|p1a: Goodra|18/100 tox|[from] item: Leftovers
|-damage|p2a: Zamazenta|23/100 tox|[from] psn
|-damage|p1a: Goodra|0 fnt|[from] psn
|faint|p1a: Goodra
|upkeep
|
|t:|1779884928
|switch|p1a: Zamazenta|Zamazenta|100/100
|-ability|p1a: Zamazenta|Dauntless Shield|boost
|-boost|p1a: Zamazenta|def|1
|turn|17
|
|t:|1779884934
|move|p2a: Zamazenta|Reflect|p2a: Zamazenta
|-sidestart|p2: FlexTheDork|Reflect
|move|p1a: Zamazenta|Close Combat|p2a: Zamazenta
|-damage|p2a: Zamazenta|0 fnt
|-unboost|p1a: Zamazenta|def|1
|-unboost|p1a: Zamazenta|spd|1
|faint|p2a: Zamazenta
|
|upkeep
|
|t:|1779884950
|switch|p2a: Raging Bolt|Raging Bolt|100/100
|-enditem|p2a: Raging Bolt|Booster Energy
|-activate|p2a: Raging Bolt|ability: Protosynthesis|[fromitem]
|-start|p2a: Raging Bolt|protosynthesisspa
|turn|18
|
|t:|1779884966
|move|p1a: Zamazenta|Close Combat|p2a: Raging Bolt
|-damage|p2a: Raging Bolt|56/100
|-unboost|p1a: Zamazenta|def|1
|-unboost|p1a: Zamazenta|spd|1
|move|p2a: Raging Bolt|Calm Mind|p2a: Raging Bolt
|-boost|p2a: Raging Bolt|spa|1
|-boost|p2a: Raging Bolt|spd|1
|
|upkeep
|turn|19
|
|t:|1779884981
|switch|p1a: Forretress|Forretress, M|95/100 frz
|move|p2a: Raging Bolt|Thunderbolt|p1a: Forretress
|-damage|p1a: Forretress|0 fnt
|faint|p1a: Forretress
|
|upkeep
|
|t:|1779884986
|switch|p1a: Landorus|Landorus-Therian, M|100/100
|-ability|p1a: Landorus|Intimidate|boost
|-unboost|p2a: Raging Bolt|atk|1
|turn|20
|
|t:|1779884991
|move|p1a: Landorus|Earthquake|p2a: Raging Bolt
|-supereffective|p2a: Raging Bolt
|-damage|p2a: Raging Bolt|7/100
|move|p2a: Raging Bolt|Dragon Pulse|p1a: Landorus
|-damage|p1a: Landorus|0 fnt
|faint|p1a: Landorus
|
|-sideend|p2: FlexTheDork|move: Light Screen
|upkeep
|
|t:|1779884994
|switch|p1a: Zamazenta|Zamazenta|100/100
|turn|21
|
|t:|1779884999
|move|p1a: Zamazenta|Crunch|p2a: Raging Bolt
|-damage|p2a: Raging Bolt|0 fnt
|faint|p2a: Raging Bolt
|-end|p2a: Raging Bolt|Protosynthesis|[silent]
|
|-sideend|p2: FlexTheDork|Reflect
|upkeep
|
|t:|1779885003
|switch|p2a: Iron Moth|Iron Moth|69/100
|turn|22
|
|t:|1779885014
|move|p1a: Zamazenta|Crunch|p2a: Iron Moth
|-damage|p2a: Iron Moth|12/100
|-unboost|p2a: Iron Moth|def|1
|move|p2a: Iron Moth|Fiery Dance|p1a: Zamazenta
|-damage|p1a: Zamazenta|64/100
|-boost|p2a: Iron Moth|spa|1
|
|upkeep
|turn|23
|
|t:|1779885022
|move|p1a: Zamazenta|Crunch|p2a: Iron Moth
|-damage|p2a: Iron Moth|0 fnt
|faint|p2a: Iron Moth
|-end|p2a: Iron Moth|Quark Drive|[silent]
|
|upkeep
|
|t:|1779885030
|switch|p2a: Ogerpon|Ogerpon-Wellspring, F|100/100
|turn|24
|
|t:|1779885034
|move|p1a: Zamazenta|Crunch|p2a: Ogerpon
|-damage|p2a: Ogerpon|50/100
|-unboost|p2a: Ogerpon|def|1
|move|p2a: Ogerpon|Ivy Cudgel|p1a: Zamazenta|[anim] Ivy Cudgel Water
|-crit|p1a: Zamazenta
|-damage|p1a: Zamazenta|0 fnt
|faint|p1a: Zamazenta
|
|upkeep
|
|t:|1779885037
|switch|p1a: Gholdengo|Gholdengo|100/100
|-item|p1a: Gholdengo|Air Balloon
|turn|25
|
|t:|1779885045
|move|p2a: Ogerpon|Ivy Cudgel|p1a: Gholdengo|[anim] Ivy Cudgel Water
|-damage|p1a: Gholdengo|57/100
|-enditem|p1a: Gholdengo|Air Balloon
|move|p1a: Gholdengo|Thunder Wave|p2a: Ogerpon
|-status|p2a: Ogerpon|par
|
|upkeep
|turn|26
|
|t:|1779885052
|move|p1a: Gholdengo|Recover|p1a: Gholdengo
|-heal|p1a: Gholdengo|100/100
|move|p2a: Ogerpon|Ivy Cudgel|p1a: Gholdengo|[anim] Ivy Cudgel Water
|-crit|p1a: Gholdengo
|-damage|p1a: Gholdengo|29/100
|
|upkeep
|turn|27
|
|t:|1779885065
|move|p1a: Gholdengo|Recover|p1a: Gholdengo
|-heal|p1a: Gholdengo|79/100
|move|p2a: Ogerpon|Ivy Cudgel|p1a: Gholdengo|[anim] Ivy Cudgel Water
|-crit|p1a: Gholdengo
|-damage|p1a: Gholdengo|12/100
|
|upkeep
|turn|28
|
|t:|1779885074
|move|p1a: Gholdengo|Recover|p1a: Gholdengo
|-heal|p1a: Gholdengo|62/100
|move|p2a: Ogerpon|Ivy Cudgel|p1a: Gholdengo|[anim] Ivy Cudgel Water
|-damage|p1a: Gholdengo|19/100
|
|upkeep
|turn|29
|
|t:|1779885080
|move|p1a: Gholdengo|Recover|p1a: Gholdengo
|-heal|p1a: Gholdengo|69/100
|cant|p2a: Ogerpon|par
|
|upkeep
|turn|30
|
|t:|1779885083
|move|p1a: Gholdengo|Hex|p2a: Ogerpon
|-damage|p2a: Ogerpon|0 fnt
|faint|p2a: Ogerpon
|
|upkeep
|
|t:|1779885085
|switch|p2a: Gliscor|Gliscor, M|100/100
|turn|31
|
|t:|1779885094
|move|p2a: Gliscor|Earthquake|p1a: Gholdengo
|-supereffective|p1a: Gholdengo
|-damage|p1a: Gholdengo|3/100
|move|p1a: Gholdengo|Hex|p2a: Gliscor
|-damage|p2a: Gliscor|60/100
|
|-status|p2a: Gliscor|tox|[from] item: Toxic Orb
|upkeep
|turn|32
|
|t:|1779885099
|move|p2a: Gliscor|Earthquake|p1a: Gholdengo
|-supereffective|p1a: Gholdengo
|-damage|p1a: Gholdengo|0 fnt
|faint|p1a: Gholdengo
|
|win|FlexTheDork
|raw|MewEnRage's rating: 1243 &rarr; <strong>1215</strong><br />(-28 for losing)
|raw|FlexTheDork's rating: 1204 &rarr; <strong>1232</strong><br />(+28 for winning)
|l|☆MewEnRage
|player|p1|
