|j|☆Hyuyu
|j|☆ccraeckerr
|t:|1779816380
|gametype|singles
|player|p1|Hyuyu|102|1467
|player|p2|ccraeckerr|101|1435
|gen|9
|tier|[Gen 9] OU
|rated|
|rule|HP Percentage Mod: HP is shown in percentages
|rule|Endless Battle Clause: Forcing endless battles is banned
|rule|Species Clause: Limit one of each Pokémon
|rule|OHKO Clause: OHKO moves are banned
|rule|Evasion Items Clause: Evasion items are banned
|rule|Evasion Moves Clause: Evasion moves are banned
|rule|Evasion Abilities Clause: Evasion abilities are banned
|rule|Sleep Moves Clause: Sleep-inducing moves are banned
|clearpoke
|poke|p1|Zangoose, M|
|poke|p1|Cinderace, M|
|poke|p1|Reuniclus, F|
|poke|p1|Gliscor, M|
|poke|p1|Zoroark-Hisui, M|
|poke|p1|Darkrai|
|poke|p2|Hatterene, F|
|poke|p2|Cresselia, F|
|poke|p2|Ursaluna, M|
|poke|p2|Iron Hands|
|poke|p2|Hoopa-Unbound|
|poke|p2|Porygon2|
|teampreview
|inactive|Battle timer is ON: inactive players will automatically lose when time's up. (requested by ccraeckerr)
|
|t:|1779816407
|teamsize|p1|6
|teamsize|p2|6
|start
|switch|p1a: Gliscor|Gliscor, M|100/100
|switch|p2a: Hoopa|Hoopa-Unbound|100/100
|turn|1
|
|t:|1779816430
|move|p1a: Gliscor|Trick|p2a: Hoopa
|-activate|p1a: Gliscor|move: Trick|[of] p2a: Hoopa
|-item|p2a: Hoopa|Ring Target|[from] move: Trick
|-item|p1a: Gliscor|Eject Pack|[from] move: Trick
|move|p2a: Hoopa|Hyperspace Fury|p1a: Gliscor
|-supereffective|p1a: Gliscor
|-damage|p1a: Gliscor|0 fnt
|-unboost|p2a: Hoopa|def|1
|replace|p1a: Zoroark|Zoroark-Hisui, M
|-end|p1a: Zoroark|Illusion
|faint|p1a: Zoroark
|
|upkeep
|
|t:|1779816440
|switch|p1a: Cinderace|Cinderace, M|100/100
|turn|2
|
|t:|1779816444
|switch|p2a: Porygon2|Porygon2|100/100
|-ability|p2a: Porygon2|Download|boost
|-boost|p2a: Porygon2|atk|1
|move|p1a: Cinderace|U-turn|p2a: Porygon2
|-start|p1a: Cinderace|typechange|Bug|[from] ability: Libero
|-damage|p2a: Porygon2|84/100
|
|t:|1779816465
|switch|p1a: Reuniclus|Reuniclus, F|100/100|[from] U-turn
|
|upkeep
|turn|3
|
|t:|1779816473
|switch|p2a: Hoopa|Hoopa-Unbound|100/100
|move|p1a: Reuniclus|Calm Mind|p1a: Reuniclus
|-boost|p1a: Reuniclus|spa|1
|-boost|p1a: Reuniclus|spd|1
|
|upkeep
|turn|4
|inactive|Hyuyu has 120 seconds left.
|
|t:|1779816507
|switch|p1a: Cinderace|Cinderace, M|100/100
|move|p2a: Hoopa|Hyperspace Fury|p1a: Cinderace
|-damage|p1a: Cinderace|26/100
|-unboost|p2a: Hoopa|def|1
|
|upkeep
|turn|5
|
|t:|1779816520
|switch|p2a: Porygon2|Porygon2|84/100
|-ability|p2a: Porygon2|Download|boost
|-boost|p2a: Porygon2|atk|1
|move|p1a: Cinderace|U-turn|p2a: Porygon2
|-start|p1a: Cinderace|typechange|Bug|[from] ability: Libero
|-damage|p2a: Porygon2|68/100
|inactive|Hyuyu has 120 seconds left.
|
|t:|1779816539
|switch|p1a: Zangoose|Zangoose, M|100/100|[from] U-turn
|
|upkeep
|turn|6
|
|t:|1779816547
|switch|p1a: Reuniclus|Reuniclus, F|100/100
|move|p2a: Porygon2|Trick Room|p2a: Porygon2
|-fieldstart|move: Trick Room|[of] p2a: Porygon2
|
|upkeep
|turn|7
|
|t:|1779816550
|switch|p2a: Hoopa|Hoopa-Unbound|100/100
|move|p1a: Reuniclus|Acid Armor|p1a: Reuniclus
|-boost|p1a: Reuniclus|def|2
|
|upkeep
|turn|8
|
|t:|1779816557
|move|p1a: Reuniclus|Acid Armor|p1a: Reuniclus
|-boost|p1a: Reuniclus|def|2
|move|p2a: Hoopa|Hyperspace Fury|p1a: Reuniclus
|-supereffective|p1a: Reuniclus
|-damage|p1a: Reuniclus|72/100
|-unboost|p2a: Hoopa|def|1
|
|-heal|p1a: Reuniclus|78/100|[from] item: Leftovers
|upkeep
|turn|9
|
|t:|1779816573
|move|p1a: Reuniclus|Acid Armor|p1a: Reuniclus
|-boost|p1a: Reuniclus|def|2
|move|p2a: Hoopa|Psychic Noise|p1a: Reuniclus
|-resisted|p1a: Reuniclus
|-damage|p1a: Reuniclus|58/100
|-start|p1a: Reuniclus|move: Heal Block
|
|upkeep
|turn|10
|
|t:|1779816578
|move|p1a: Reuniclus|Calm Mind|p1a: Reuniclus
|-boost|p1a: Reuniclus|spa|1
|-boost|p1a: Reuniclus|spd|1
|move|p2a: Hoopa|Psychic Noise|p1a: Reuniclus
|-resisted|p1a: Reuniclus
|-damage|p1a: Reuniclus|45/100
|
|-end|p1a: Reuniclus|move: Heal Block
|-fieldend|move: Trick Room
|upkeep
|turn|11
|
|t:|1779816589
|move|p2a: Hoopa|Psychic Noise|p1a: Reuniclus
|-resisted|p1a: Reuniclus
|-damage|p1a: Reuniclus|33/100
|-start|p1a: Reuniclus|move: Heal Block
|move|p1a: Reuniclus|Calm Mind|p1a: Reuniclus
|-boost|p1a: Reuniclus|spa|1
|-boost|p1a: Reuniclus|spd|1
|
|upkeep
|turn|12
|
|t:|1779816593
|move|p2a: Hoopa|Hyperspace Fury|p1a: Reuniclus
|-supereffective|p1a: Reuniclus
|-damage|p1a: Reuniclus|14/100
|-unboost|p2a: Hoopa|def|1
|move|p1a: Reuniclus|Calm Mind|p1a: Reuniclus
|-boost|p1a: Reuniclus|spa|1
|-boost|p1a: Reuniclus|spd|1
|
|-end|p1a: Reuniclus|move: Heal Block
|upkeep
|turn|13
|
|t:|1779816600
|move|p2a: Hoopa|Hyperspace Fury|p1a: Reuniclus
|-supereffective|p1a: Reuniclus
|-damage|p1a: Reuniclus|0 fnt
|-unboost|p2a: Hoopa|def|1
|faint|p1a: Reuniclus
|
|upkeep
|
|t:|1779816608
|switch|p1a: Cinderace|Cinderace, M|26/100
|turn|14
|
|t:|1779816620
|switch|p2a: Porygon2|Porygon2|68/100
|-ability|p2a: Porygon2|Download|boost
|-boost|p2a: Porygon2|atk|1
|move|p1a: Cinderace|Pyro Ball|p2a: Porygon2
|-damage|p2a: Porygon2|38/100
|
|upkeep
|turn|15
|
|t:|1779816630
|-terastallize|p1a: Cinderace|Fire
|move|p1a: Cinderace|Pyro Ball|p2a: Porygon2
|-damage|p2a: Porygon2|3/100
|-status|p2a: Porygon2|brn
|move|p2a: Porygon2|Trick Room|p2a: Porygon2
|-fieldstart|move: Trick Room|[of] p2a: Porygon2
|
|-damage|p2a: Porygon2|0 fnt|[from] brn
|faint|p2a: Porygon2
|upkeep
|-message|Hyuyu forfeited.
|
|win|ccraeckerr
|raw|Hyuyu's rating: 1467 &rarr; <strong>1445</strong><br />(-22 for losing)
|raw|ccraeckerr's rating: 1435 &rarr; <strong>1457</strong><br />(+22 for winning)
|l|☆Hyuyu
|player|p1|
|l|☆ccraeckerr
|player|p2|
