|j|‽Anonacct
|j|☆Kakimori
|t:|1779852801
|gametype|singles
|player|p1|Anonacct|101|1246
|player|p2|Kakimori|266|1298
|gen|9
|tier|[Gen 9] OU
|rated|
|rule|HP Percentage Mod: HP is shown in percentages
|rule|Endless Battle Clause: Forcing endless battles is banned
|rule|Species Clause: Limit one of each Pokémon
|rule|OHKO Clause: OHKO moves are banned
|rule|Evasion Items Clause: Evasion items are banned
|rule|Evasion Moves Clause: Evasion moves are banned
|rule|Evasion Abilities Clause: Evasion abilities are banned
|rule|Sleep Moves Clause: Sleep-inducing moves are banned
|clearpoke
|poke|p1|Glimmora, F|
|poke|p1|Grimmsnarl, M|
|poke|p1|Dragonite, M|
|poke|p1|Gholdengo|
|poke|p1|Great Tusk|
|poke|p1|Kingambit, M|
|poke|p2|Skeledirge, F|
|poke|p2|Mandibuzz, F|
|poke|p2|Gliscor, M|
|poke|p2|Milotic, F|
|poke|p2|Conkeldurr, F|
|poke|p2|Sylveon, F|
|teampreview
|inactive|Battle timer is ON: inactive players will automatically lose when time's up. (requested by Kakimori)
|
|t:|1779852823
|teamsize|p1|6
|teamsize|p2|6
|start
|switch|p1a: Dragonite|Dragonite, M|100/100
|switch|p2a: Gliscor|Gliscor, M|100/100
|turn|1
|
|t:|1779852836
|move|p1a: Dragonite|Dragon Dance|p1a: Dragonite
|-boost|p1a: Dragonite|atk|1
|-boost|p1a: Dragonite|spe|1
|move|p2a: Gliscor|Stealth Rock|p1a: Dragonite
|-sidestart|p1: Anonacct|move: Stealth Rock
|
|-status|p2a: Gliscor|tox|[from] item: Toxic Orb
|upkeep
|turn|2
|
|t:|1779852846
|move|p1a: Dragonite|Ice Spinner|p2a: Gliscor
|-supereffective|p2a: Gliscor
|-damage|p2a: Gliscor|0 fnt
|faint|p2a: Gliscor
|
|upkeep
|
|t:|1779852852
|switch|p2a: Skeledirge|Skeledirge, F|100/100
|turn|3
|
|t:|1779852859
|-terastallize|p2a: Skeledirge|Fairy
|move|p1a: Dragonite|Earthquake|p2a: Skeledirge
|-damage|p2a: Skeledirge|67/100
|move|p2a: Skeledirge|Will-O-Wisp|p1a: Dragonite
|-status|p1a: Dragonite|brn
|
|-heal|p2a: Skeledirge|73/100|[from] item: Leftovers
|-damage|p1a: Dragonite|94/100 brn|[from] brn
|upkeep
|turn|4
|
|t:|1779852888
|switch|p1a: Gholdengo|Gholdengo|100/100
|-damage|p1a: Gholdengo|94/100|[from] Stealth Rock
|-item|p1a: Gholdengo|Air Balloon
|move|p2a: Skeledirge|Torch Song|p1a: Gholdengo
|-supereffective|p1a: Gholdengo
|-damage|p1a: Gholdengo|21/100
|-boost|p2a: Skeledirge|spa|1
|-enditem|p1a: Gholdengo|Air Balloon
|
|-heal|p2a: Skeledirge|79/100|[from] item: Leftovers
|upkeep
|turn|5
|
|t:|1779852907
|switch|p2a: Milotic|Milotic, F|100/100
|move|p1a: Gholdengo|Make It Rain|p2a: Milotic
|-resisted|p2a: Milotic
|-damage|p2a: Milotic|80/100
|-unboost|p1a: Gholdengo|spa|1
|
|-heal|p2a: Milotic|86/100|[from] item: Leftovers
|upkeep
|turn|6
|
|t:|1779852929
|switch|p1a: Grimmsnarl|Grimmsnarl, M|100/100
|-damage|p1a: Grimmsnarl|88/100|[from] Stealth Rock
|switch|p2a: Skeledirge|Skeledirge, F, tera:Fairy|79/100
|
|-heal|p2a: Skeledirge|85/100|[from] item: Leftovers
|upkeep
|turn|7
|
|t:|1779852943
|move|p1a: Grimmsnarl|Light Screen|p1a: Grimmsnarl
|-sidestart|p1: Anonacct|move: Light Screen
|move|p2a: Skeledirge|Will-O-Wisp|p1a: Grimmsnarl
|-status|p1a: Grimmsnarl|brn
|
|-heal|p2a: Skeledirge|91/100|[from] item: Leftovers
|-damage|p1a: Grimmsnarl|82/100 brn|[from] brn
|upkeep
|turn|8
|
|t:|1779852952
|move|p1a: Grimmsnarl|Reflect|p1a: Grimmsnarl
|-sidestart|p1: Anonacct|Reflect
|move|p2a: Skeledirge|Torch Song|p1a: Grimmsnarl
|-damage|p1a: Grimmsnarl|67/100 brn
|-boost|p2a: Skeledirge|spa|1
|
|-heal|p2a: Skeledirge|98/100|[from] item: Leftovers
|-damage|p1a: Grimmsnarl|61/100 brn|[from] brn
|upkeep
|turn|9
|
|t:|1779852960
|move|p2a: Skeledirge|Torch Song|p1a: Grimmsnarl
|-damage|p1a: Grimmsnarl|37/100 brn
|-boost|p2a: Skeledirge|spa|1
|move|p1a: Grimmsnarl|Spirit Break|p2a: Skeledirge
|-damage|p2a: Skeledirge|86/100
|-unboost|p2a: Skeledirge|spa|1
|
|-heal|p2a: Skeledirge|92/100|[from] item: Leftovers
|-damage|p1a: Grimmsnarl|30/100 brn|[from] brn
|upkeep
|turn|10
|
|t:|1779852971
|move|p1a: Grimmsnarl|Parting Shot|p2a: Skeledirge
|-unboost|p2a: Skeledirge|atk|1
|-unboost|p2a: Skeledirge|spa|1
|
|t:|1779852984
|switch|p1a: Great Tusk|Great Tusk|100/100|[from] Parting Shot
|-damage|p1a: Great Tusk|98/100|[from] Stealth Rock
|-enditem|p1a: Great Tusk|Booster Energy
|-activate|p1a: Great Tusk|ability: Protosynthesis|[fromitem]
|-start|p1a: Great Tusk|protosynthesisatk
|move|p2a: Skeledirge|Torch Song|p1a: Great Tusk
|-damage|p1a: Great Tusk|76/100
|-boost|p2a: Skeledirge|spa|1
|
|-heal|p2a: Skeledirge|99/100|[from] item: Leftovers
|upkeep
|turn|11
|
|t:|1779852999
|move|p1a: Great Tusk|Rapid Spin|p2a: Skeledirge
|-damage|p2a: Skeledirge|79/100
|-boost|p1a: Great Tusk|spe|1
|-sideend|p1: Anonacct|Stealth Rock|[from] move: Rapid Spin|[of] p1a: Great Tusk
|move|p2a: Skeledirge|Will-O-Wisp|p1a: Great Tusk
|-status|p1a: Great Tusk|brn
|
|-heal|p2a: Skeledirge|85/100|[from] item: Leftovers
|-damage|p1a: Great Tusk|70/100 brn|[from] brn
|upkeep
|turn|12
|
|t:|1779853010
|-end|p1a: Great Tusk|Protosynthesis|[silent]
|switch|p1a: Glimmora|Glimmora, F|100/100
|move|p2a: Skeledirge|Torch Song|p1a: Glimmora
|-resisted|p1a: Glimmora
|-damage|p1a: Glimmora|87/100
|-boost|p2a: Skeledirge|spa|1
|
|-heal|p2a: Skeledirge|91/100|[from] item: Leftovers
|upkeep
|turn|13
|
|t:|1779853033
|move|p1a: Glimmora|Mortal Spin|p2a: Skeledirge
|-supereffective|p2a: Skeledirge
|-damage|p2a: Skeledirge|82/100
|-status|p2a: Skeledirge|psn
|move|p2a: Skeledirge|Torch Song|p1a: Glimmora
|-resisted|p1a: Glimmora
|-damage|p1a: Glimmora|68/100
|-boost|p2a: Skeledirge|spa|1
|
|-heal|p2a: Skeledirge|88/100 psn|[from] item: Leftovers
|-damage|p2a: Skeledirge|75/100 psn|[from] psn
|upkeep
|turn|14
|
|t:|1779853049
|move|p1a: Glimmora|Stealth Rock|p2a: Skeledirge
|-sidestart|p2: Kakimori|move: Stealth Rock
|move|p2a: Skeledirge|Torch Song|p1a: Glimmora
|-resisted|p1a: Glimmora
|-damage|p1a: Glimmora|42/100
|-boost|p2a: Skeledirge|spa|1
|
|-heal|p2a: Skeledirge|82/100 psn|[from] item: Leftovers
|-damage|p2a: Skeledirge|69/100 psn|[from] psn
|-sideend|p1: Anonacct|move: Light Screen
|upkeep
|turn|15
|inactive|Kakimori has 120 seconds left.
|
|t:|1779853074
|move|p1a: Glimmora|Earth Power|p2a: Skeledirge
|-damage|p2a: Skeledirge|45/100 psn
|move|p2a: Skeledirge|Hex|p1a: Glimmora
|-damage|p1a: Glimmora|0 fnt
|faint|p1a: Glimmora
|
|-heal|p2a: Skeledirge|51/100 psn|[from] item: Leftovers
|-damage|p2a: Skeledirge|39/100 psn|[from] psn
|-sideend|p1: Anonacct|Reflect
|upkeep
|
|t:|1779853080
|switch|p1a: Gholdengo|Gholdengo|21/100
|turn|16
|
|t:|1779853089
|switch|p2a: Milotic|Milotic, F|86/100
|-damage|p2a: Milotic|73/100|[from] Stealth Rock
|move|p1a: Gholdengo|Shadow Ball|p2a: Milotic
|-damage|p2a: Milotic|49/100
|
|-heal|p2a: Milotic|55/100|[from] item: Leftovers
|upkeep
|turn|17
|
|t:|1779853112
|switch|p1a: Great Tusk|Great Tusk|70/100 brn
|move|p2a: Milotic|Scald|p1a: Great Tusk
|-supereffective|p1a: Great Tusk
|-damage|p1a: Great Tusk|0 fnt
|faint|p1a: Great Tusk
|-end|p1a: Great Tusk|Protosynthesis|[silent]
|
|-heal|p2a: Milotic|61/100|[from] item: Leftovers
|upkeep
|
|t:|1779853117
|switch|p1a: Grimmsnarl|Grimmsnarl, M|30/100 brn
|turn|18
|
|t:|1779853123
|move|p1a: Grimmsnarl|Light Screen|p1a: Grimmsnarl
|-sidestart|p1: Anonacct|move: Light Screen
|move|p2a: Milotic|Scald|p1a: Grimmsnarl
|-damage|p1a: Grimmsnarl|15/100 brn
|
|-heal|p2a: Milotic|67/100|[from] item: Leftovers
|-damage|p1a: Grimmsnarl|9/100 brn|[from] brn
|upkeep
|turn|19
|inactive|Kakimori has 120 seconds left.
|
|t:|1779853150
|switch|p2a: Skeledirge|Skeledirge, F, tera:Fairy|39/100 psn
|-damage|p2a: Skeledirge|26/100 psn|[from] Stealth Rock
|move|p1a: Grimmsnarl|Parting Shot|p2a: Skeledirge
|-unboost|p2a: Skeledirge|atk|1
|-unboost|p2a: Skeledirge|spa|1
|
|t:|1779853157
|switch|p1a: Dragonite|Dragonite, M|94/100 brn|[from] Parting Shot
|
|-heal|p2a: Skeledirge|32/100 psn|[from] item: Leftovers
|-damage|p2a: Skeledirge|20/100 psn|[from] psn
|-damage|p1a: Dragonite|88/100 brn|[from] brn
|upkeep
|turn|20
|
|t:|1779853164
|move|p1a: Dragonite|Dragon Dance|p1a: Dragonite
|-boost|p1a: Dragonite|atk|1
|-boost|p1a: Dragonite|spe|1
|move|p2a: Skeledirge|Slack Off|p2a: Skeledirge
|-heal|p2a: Skeledirge|70/100 psn
|
|-heal|p2a: Skeledirge|76/100 psn|[from] item: Leftovers
|-damage|p2a: Skeledirge|64/100 psn|[from] psn
|-damage|p1a: Dragonite|82/100 brn|[from] brn
|upkeep
|turn|21
|
|t:|1779853177
|move|p1a: Dragonite|Extreme Speed|p2a: Skeledirge
|-damage|p2a: Skeledirge|51/100 psn
|move|p2a: Skeledirge|Slack Off|p2a: Skeledirge
|-heal|p2a: Skeledirge|100/100 psn
|
|-damage|p2a: Skeledirge|88/100 psn|[from] psn
|-damage|p1a: Dragonite|76/100 brn|[from] brn
|upkeep
|turn|22
|-message|Anonacct forfeited.
|
|win|Kakimori
|raw|Anonacct's rating: 1246 &rarr; <strong>1225</strong><br />(-21 for losing)
|raw|Kakimori's rating: 1298 &rarr; <strong>1319</strong><br />(+21 for winning)
|l|‽Anonacct
|player|p1|
