|j|☆PepeNike
|j|☆llachiee
|t:|1779949973
|gametype|singles
|player|p1|PepeNike|102|1563
|player|p2|llachiee|1|1672
|gen|9
|tier|[Gen 9] OU
|rated|
|rule|HP Percentage Mod: HP is shown in percentages
|rule|Endless Battle Clause: Forcing endless battles is banned
|rule|Species Clause: Limit one of each Pokémon
|rule|OHKO Clause: OHKO moves are banned
|rule|Evasion Items Clause: Evasion items are banned
|rule|Evasion Moves Clause: Evasion moves are banned
|rule|Evasion Abilities Clause: Evasion abilities are banned
|rule|Sleep Moves Clause: Sleep-inducing moves are banned
|clearpoke
|poke|p1|Alomomola, M|
|poke|p1|Slowking-Galar, M|
|poke|p1|Arcanine-Hisui, F|
|poke|p1|Moltres|
|poke|p1|Pecharunt|
|poke|p1|Cinderace, F|
|poke|p2|Gliscor, F|
|poke|p2|Blissey, F|
|poke|p2|Clefable, F|
|poke|p2|Toxapex, F|
|poke|p2|Dondozo, F|
|poke|p2|Corviknight, F|
|teampreview
|inactive|Battle timer is ON: inactive players will automatically lose when time's up. (requested by PepeNike)
|inactive|PepeNike has 120 seconds left.
|
|t:|1779950018
|teamsize|p1|6
|teamsize|p2|6
|start
|switch|p1a: Cinderace|Cinderace, F|100/100
|switch|p2a: Adder|Gliscor, F|100/100
|turn|1
|
|t:|1779950028
|move|p2a: Adder|Protect|p2a: Adder
|-singleturn|p2a: Adder|Protect
|move|p1a: Cinderace|Will-O-Wisp|p2a: Adder
|-activate|p2a: Adder|move: Protect
|
|-status|p2a: Adder|tox|[from] item: Toxic Orb
|upkeep
|turn|2
|
|t:|1779950051
|move|p1a: Cinderace|U-turn|p2a: Adder
|-start|p1a: Cinderace|typechange|Bug|[from] ability: Libero
|-resisted|p2a: Adder
|-damage|p2a: Adder|92/100 tox
|
|t:|1779950053
|switch|p1a: Pecharunt|Pecharunt|100/100|[from] U-turn
|move|p2a: Adder|Knock Off|p1a: Pecharunt
|-supereffective|p1a: Pecharunt
|-damage|p1a: Pecharunt|80/100
|-enditem|p1a: Pecharunt|Leftovers|[from] move: Knock Off|[of] p2a: Adder
|
|-heal|p2a: Adder|100/100 tox|[from] ability: Poison Heal
|upkeep
|turn|3
|
|t:|1779950062
|switch|p2a: Flesh Tutu|Blissey, F|100/100
|move|p1a: Pecharunt|Parting Shot|p2a: Flesh Tutu
|-unboost|p2a: Flesh Tutu|atk|1
|-unboost|p2a: Flesh Tutu|spa|1
|
|t:|1779950071
|switch|p1a: Arcanine|Arcanine-Hisui, F|100/100|[from] Parting Shot
|
|upkeep
|turn|4
|
|t:|1779950075
|switch|p2a: Lash|Toxapex, F, shiny|100/100
|move|p1a: Arcanine|Head Smash|p2a: Lash
|-damage|p2a: Lash|13/100
|
|upkeep
|turn|5
|
|t:|1779950092
|switch|p2a: Adder|Gliscor, F|100/100 tox
|move|p1a: Arcanine|Head Smash|p2a: Adder
|-damage|p2a: Adder|35/100 tox
|
|-heal|p2a: Adder|48/100 tox|[from] ability: Poison Heal
|upkeep
|turn|6
|
|t:|1779950102
|switch|p1a: Pecharunt|Pecharunt|80/100
|move|p2a: Adder|Protect||[still]
|-fail|p2a: Adder
|
|-heal|p2a: Adder|60/100 tox|[from] ability: Poison Heal
|upkeep
|turn|7
|
|t:|1779950106
|move|p2a: Adder|Protect|p2a: Adder
|-singleturn|p2a: Adder|Protect
|move|p1a: Pecharunt|Parting Shot|p2a: Adder
|-activate|p2a: Adder|move: Protect
|
|-heal|p2a: Adder|73/100 tox|[from] ability: Poison Heal
|upkeep
|turn|8
|
|t:|1779950109
|move|p2a: Adder|Spikes|p1a: Pecharunt
|-sidestart|p1: PepeNike|Spikes
|move|p1a: Pecharunt|Parting Shot|p2a: Adder
|-unboost|p2a: Adder|atk|1
|-unboost|p2a: Adder|spa|1
|
|t:|1779950113
|switch|p1a: Slowking|Slowking-Galar, M, shiny|100/100|[from] Parting Shot
|
|-heal|p2a: Adder|85/100 tox|[from] ability: Poison Heal
|upkeep
|turn|9
|
|t:|1779950122
|switch|p2a: Sturm|Corviknight, F, shiny|100/100
|-ability|p2a: Sturm|Pressure
|move|p1a: Slowking|Psychic Noise|p2a: Sturm
|-resisted|p2a: Sturm
|-damage|p2a: Sturm|89/100
|-start|p2a: Sturm|move: Heal Block
|
|upkeep
|turn|10
|
|t:|1779950128
|move|p2a: Sturm|Substitute|p2a: Sturm
|-start|p2a: Sturm|Substitute
|-damage|p2a: Sturm|65/100
|-prepare|p1a: Slowking|Chilly Reception|[premajor]
|move|p1a: Slowking|Chilly Reception|p1a: Slowking
|-weather|Snowscape
|
|t:|1779950131
|switch|p1a: Moltres|Moltres|100/100|[from] Chilly Reception
|
|-weather|Snowscape|[upkeep]
|-end|p2a: Sturm|move: Heal Block
|upkeep
|turn|11
|
|t:|1779950138
|move|p2a: Sturm|Protect|p2a: Sturm
|-singleturn|p2a: Sturm|Protect
|move|p1a: Moltres|U-turn|p2a: Sturm
|-activate|p2a: Sturm|move: Protect
|
|-weather|Snowscape|[upkeep]
|-heal|p2a: Sturm|71/100|[from] item: Leftovers
|upkeep
|turn|12
|
|t:|1779950146
|move|p2a: Sturm|Roost|p2a: Sturm
|-heal|p2a: Sturm|100/100
|-singleturn|p2a: Sturm|move: Roost
|move|p1a: Moltres|Roar|p2a: Sturm
|drag|p2a: Jugger|Dondozo, F, shiny|100/100
|
|-weather|Snowscape|[upkeep]
|upkeep
|turn|13
|inactive|PepeNike has 120 seconds left.
|
|t:|1779950193
|switch|p2a: Adder|Gliscor, F|85/100 tox
|move|p1a: Moltres|Will-O-Wisp||[still]
|-fail|p1a: Moltres
|
|-weather|Snowscape|[upkeep]
|-heal|p2a: Adder|98/100 tox|[from] ability: Poison Heal
|upkeep
|turn|14
|
|t:|1779950214
|switch|p1a: Slowking|Slowking-Galar, M, shiny|100/100
|move|p2a: Adder|Toxic|p1a: Slowking
|-immune|p1a: Slowking
|
|-weather|none
|-heal|p2a: Adder|100/100 tox|[from] ability: Poison Heal
|upkeep
|turn|15
|inactive|PepeNike has 90 seconds left.
|
|t:|1779950246
|move|p2a: Adder|Knock Off|p1a: Slowking
|-supereffective|p1a: Slowking
|-crit|p1a: Slowking
|-damage|p1a: Slowking|56/100
|-enditem|p1a: Slowking|Heavy-Duty Boots|[from] move: Knock Off|[of] p2a: Adder
|-prepare|p1a: Slowking|Chilly Reception|[premajor]
|move|p1a: Slowking|Chilly Reception|p1a: Slowking
|-weather|Snowscape
|inactive|PepeNike has 90 seconds left.
|
|t:|1779950253
|switch|p1a: Moltres|Moltres|100/100|[from] Chilly Reception
|
|-weather|Snowscape|[upkeep]
|upkeep
|turn|16
|
|t:|1779950258
|switch|p1a: Slowking|Slowking-Galar, M, shiny|89/100
|-damage|p1a: Slowking|77/100|[from] Spikes
|move|p2a: Adder|Toxic|p1a: Slowking|[miss]
|-miss|p2a: Adder|p1a: Slowking
|
|-weather|Snowscape|[upkeep]
|upkeep
|turn|17
|inactive|PepeNike has 90 seconds left.
|
|t:|1779950306
|switch|p2a: Sturm|Corviknight, F, shiny|100/100
|-ability|p2a: Sturm|Pressure
|move|p1a: Slowking|Psychic Noise|p2a: Sturm
|-resisted|p2a: Sturm
|-crit|p2a: Sturm
|-damage|p2a: Sturm|84/100
|-start|p2a: Sturm|move: Heal Block
|
|-weather|Snowscape|[upkeep]
|upkeep
|turn|18
|
|t:|1779950318
|move|p2a: Sturm|Substitute|p2a: Sturm
|-start|p2a: Sturm|Substitute
|-damage|p2a: Sturm|60/100
|-prepare|p1a: Slowking|Chilly Reception|[premajor]
|move|p1a: Slowking|Chilly Reception|p1a: Slowking
|
|t:|1779950328
|switch|p1a: Pecharunt|Pecharunt|80/100|[from] Chilly Reception
|-damage|p1a: Pecharunt|68/100|[from] Spikes
|
|-weather|Snowscape|[upkeep]
|-end|p2a: Sturm|move: Heal Block
|upkeep
|turn|19
|
|t:|1779950333
|move|p2a: Sturm|Protect|p2a: Sturm
|-singleturn|p2a: Sturm|Protect
|move|p1a: Pecharunt|Parting Shot|p2a: Sturm
|-activate|p2a: Sturm|move: Protect
|
|-weather|none
|-heal|p2a: Sturm|66/100|[from] item: Leftovers
|upkeep
|turn|20
|
|t:|1779950340
|move|p2a: Sturm|Spite|p1a: Pecharunt
|-activate|p1a: Pecharunt|move: Spite|Parting Shot|4
|move|p1a: Pecharunt|Shadow Ball|p2a: Sturm
|-activate|p2a: Sturm|move: Substitute|[damage]
|
|-heal|p2a: Sturm|72/100|[from] item: Leftovers
|upkeep
|turn|21
|
|t:|1779950354
|move|p2a: Sturm|Spite|p1a: Pecharunt
|-activate|p1a: Pecharunt|move: Spite|Shadow Ball|4
|move|p1a: Pecharunt|Parting Shot|p2a: Sturm
|-unboost|p2a: Sturm|atk|1
|-unboost|p2a: Sturm|spa|1
|j| frinzo
|
|t:|1779950369
|switch|p1a: Slowking|Slowking-Galar, M, shiny|100/100|[from] Parting Shot
|-damage|p1a: Slowking|88/100|[from] Spikes
|
|-heal|p2a: Sturm|78/100|[from] item: Leftovers
|upkeep
|turn|22
|
|t:|1779950383
|move|p2a: Sturm|Protect|p2a: Sturm
|-singleturn|p2a: Sturm|Protect
|move|p1a: Slowking|Psychic Noise|p2a: Sturm
|-activate|p2a: Sturm|move: Protect
|
|-heal|p2a: Sturm|84/100|[from] item: Leftovers
|upkeep
|turn|23
|
|t:|1779950389
|switch|p1a: Moltres|Moltres|100/100
|move|p2a: Sturm|Spite||[still]
|-fail|p2a: Sturm
|
|-heal|p2a: Sturm|90/100|[from] item: Leftovers
|upkeep
|turn|24
|
|t:|1779950396
|move|p2a: Sturm|Substitute|p2a: Sturm
|-fail|p2a: Sturm|move: Substitute
|move|p1a: Moltres|Roar|p2a: Sturm
|drag|p2a: Nell|Clefable, F|100/100
|
|upkeep
|turn|25
|
|t:|1779950403
|move|p1a: Moltres|Will-O-Wisp|p2a: Nell
|-status|p2a: Nell|brn
|move|p2a: Nell|Stealth Rock|p1a: Moltres
|-sidestart|p1: PepeNike|move: Stealth Rock
|
|upkeep
|turn|26
|
|t:|1779950408
|move|p2a: Nell|Moonblast|p1a: Moltres
|-resisted|p1a: Moltres
|-damage|p1a: Moltres|87/100
|move|p1a: Moltres|Roar|p2a: Nell
|drag|p2a: Jugger|Dondozo, F, shiny|100/100
|
|upkeep
|turn|27
|
|t:|1779950414
|switch|p2a: Flesh Tutu|Blissey, F|100/100
|move|p1a: Moltres|Roar|p2a: Flesh Tutu
|drag|p2a: Sturm|Corviknight, F, shiny|90/100
|-ability|p2a: Sturm|Pressure
|
|-heal|p2a: Sturm|96/100|[from] item: Leftovers
|upkeep
|turn|28
|inactive|PepeNike has 120 seconds left.
|
|t:|1779950421
|switch|p2a: Nell|Clefable, F|100/100 brn
|switch|p1a: Cinderace|Cinderace, F|100/100
|
|upkeep
|turn|29
|
|t:|1779950424
|move|p1a: Cinderace|Pyro Ball|p2a: Nell
|-damage|p2a: Nell|65/100 brn
|move|p2a: Nell|Trick|p1a: Cinderace
|-activate|p2a: Nell|move: Trick|[of] p1a: Cinderace
|-item|p1a: Cinderace|Sticky Barb|[from] move: Trick
|-item|p2a: Nell|Heavy-Duty Boots|[from] move: Trick
|
|-damage|p1a: Cinderace|88/100|[from] item: Sticky Barb
|upkeep
|turn|30
|
|t:|1779950431
|move|p1a: Cinderace|Court Change|p1a: Cinderace
|-start|p1a: Cinderace|typechange|Normal|[from] ability: Libero
|-swapsideconditions
|-activate|p1a: Cinderace|move: Court Change
|move|p2a: Nell|Moonlight|p2a: Nell
|-heal|p2a: Nell|100/100 brn
|
|-damage|p1a: Cinderace|76/100|[from] item: Sticky Barb
|upkeep
|turn|31
|
|t:|1779950436
|switch|p1a: Arcanine|Arcanine-Hisui, F|100/100
|move|p2a: Nell|Stealth Rock|p1a: Arcanine
|-sidestart|p1: PepeNike|move: Stealth Rock
|
|upkeep
|turn|32
|
|t:|1779950452
|move|p1a: Arcanine|Flare Blitz|p2a: Nell
|-damage|p2a: Nell|25/100 brn
|move|p2a: Nell|Trick|p1a: Arcanine
|-activate|p2a: Nell|move: Trick|[of] p1a: Arcanine
|-item|p1a: Arcanine|Heavy-Duty Boots|[from] move: Trick
|-item|p2a: Nell|Choice Band|[from] move: Trick
|
|upkeep
|turn|33
|
|t:|1779950464
|switch|p2a: Adder|Gliscor, F|100/100 tox
|-damage|p2a: Adder|88/100 tox|[from] Stealth Rock
|move|p1a: Arcanine|Wild Charge|p2a: Adder
|-immune|p2a: Adder
|
|-heal|p2a: Adder|100/100 tox|[from] ability: Poison Heal
|upkeep
|turn|34
|
|t:|1779950473
|switch|p1a: Slowking|Slowking-Galar, M, shiny|100/100
|-damage|p1a: Slowking|88/100|[from] Stealth Rock
|move|p2a: Adder|Knock Off|p1a: Slowking
|-supereffective|p1a: Slowking
|-damage|p1a: Slowking|68/100
|
|upkeep
|turn|35
|
|t:|1779950485
|switch|p2a: Sturm|Corviknight, F, shiny|96/100
|-damage|p2a: Sturm|83/100|[from] Stealth Rock
|-ability|p2a: Sturm|Pressure
|move|p1a: Slowking|Psychic Noise|p2a: Sturm
|-resisted|p2a: Sturm
|-damage|p2a: Sturm|72/100
|-start|p2a: Sturm|move: Heal Block
|
|upkeep
|turn|36
|
|t:|1779950493
|switch|p1a: Arcanine|Arcanine-Hisui, F|100/100
|move|p2a: Sturm|Substitute|p2a: Sturm
|-start|p2a: Sturm|Substitute
|-damage|p2a: Sturm|47/100
|
|-end|p2a: Sturm|move: Heal Block
|upkeep
|turn|37
|
|t:|1779950499
|move|p2a: Sturm|Protect|p2a: Sturm
|-singleturn|p2a: Sturm|Protect
|move|p1a: Arcanine|Wild Charge|p2a: Sturm
|-activate|p2a: Sturm|move: Protect
|
|-heal|p2a: Sturm|53/100|[from] item: Leftovers
|upkeep
|turn|38
|
|t:|1779950504
|move|p1a: Arcanine|Wild Charge|p2a: Sturm
|-supereffective|p2a: Sturm
|-end|p2a: Sturm|Substitute
|move|p2a: Sturm|Roost|p2a: Sturm
|-heal|p2a: Sturm|100/100
|-singleturn|p2a: Sturm|move: Roost
|
|upkeep
|turn|39
|
|t:|1779950509
|switch|p2a: Adder|Gliscor, F|100/100 tox
|-damage|p2a: Adder|88/100 tox|[from] Stealth Rock
|move|p1a: Arcanine|Flare Blitz|p2a: Adder
|-damage|p2a: Adder|49/100 tox
|
|-heal|p2a: Adder|61/100 tox|[from] ability: Poison Heal
|upkeep
|turn|40
|
|t:|1779950516
|switch|p1a: Slowking|Slowking-Galar, M, shiny|100/100
|-damage|p1a: Slowking|88/100|[from] Stealth Rock
|move|p2a: Adder|Toxic|p1a: Slowking
|-immune|p1a: Slowking
|
|-heal|p2a: Adder|74/100 tox|[from] ability: Poison Heal
|upkeep
|turn|41
|
|t:|1779950524
|move|p2a: Adder|Protect|p2a: Adder
|-singleturn|p2a: Adder|Protect
|move|p1a: Slowking|Psychic Noise|p2a: Adder
|-activate|p2a: Adder|move: Protect
|
|-heal|p2a: Adder|86/100 tox|[from] ability: Poison Heal
|upkeep
|turn|42
|
|t:|1779950529
|move|p2a: Adder|Spikes|p1a: Slowking
|-sidestart|p1: PepeNike|Spikes
|move|p1a: Slowking|Psychic Noise|p2a: Adder
|-damage|p2a: Adder|54/100 tox
|-start|p2a: Adder|move: Heal Block
|
|upkeep
|turn|43
|
|t:|1779950553
|move|p2a: Adder|Protect|p2a: Adder
|-singleturn|p2a: Adder|Protect
|-prepare|p1a: Slowking|Chilly Reception|[premajor]
|move|p1a: Slowking|Chilly Reception|p1a: Slowking
|-weather|Snowscape
|
|t:|1779950565
|switch|p1a: Arcanine|Arcanine-Hisui, F|100/100|[from] Chilly Reception
|
|-weather|Snowscape|[upkeep]
|-end|p2a: Adder|move: Heal Block
|upkeep
|turn|44
|
|t:|1779950575
|move|p1a: Arcanine|Head Smash|p2a: Adder
|-damage|p2a: Adder|3/100 tox
|move|p2a: Adder|Knock Off|p1a: Arcanine
|-damage|p1a: Arcanine|75/100
|-enditem|p1a: Arcanine|Heavy-Duty Boots|[from] move: Knock Off|[of] p2a: Adder
|
|-weather|Snowscape|[upkeep]
|-heal|p2a: Adder|16/100 tox|[from] ability: Poison Heal
|upkeep
|turn|45
|
|t:|1779950582
|move|p2a: Adder|Protect|p2a: Adder
|-singleturn|p2a: Adder|Protect
|move|p1a: Arcanine|Flare Blitz|p2a: Adder
|-activate|p2a: Adder|move: Protect
|
|-weather|Snowscape|[upkeep]
|-heal|p2a: Adder|28/100 tox|[from] ability: Poison Heal
|upkeep
|turn|46
|
|t:|1779950595
|switch|p2a: Jugger|Dondozo, F, shiny|100/100
|move|p1a: Arcanine|Head Smash|p2a: Jugger
|-damage|p2a: Jugger|62/100
|
|-weather|Snowscape|[upkeep]
|upkeep
|turn|47
|
|t:|1779950604
|move|p1a: Arcanine|Wild Charge|p2a: Jugger
|-supereffective|p2a: Jugger
|-damage|p2a: Jugger|35/100
|move|p2a: Jugger|Body Press|p1a: Arcanine
|-supereffective|p1a: Arcanine
|-damage|p1a: Arcanine|10/100
|
|-weather|none
|upkeep
|turn|48
|
|t:|1779950612
|move|p1a: Arcanine|Head Smash|p2a: Jugger|[miss]
|-miss|p1a: Arcanine|p2a: Jugger
|move|p2a: Jugger|Rest|p2a: Jugger
|-status|p2a: Jugger|slp|[from] move: Rest
|-heal|p2a: Jugger|100/100 slp|[silent]
|
|upkeep
|turn|49
|
|t:|1779950618
|move|p1a: Arcanine|Head Smash|p2a: Jugger
|-damage|p2a: Jugger|65/100 slp
|cant|p2a: Jugger|slp
|move|p2a: Jugger|Sleep Talk|p2a: Jugger
|move|p2a: Jugger|Rest||[from] move: Sleep Talk|[still]
|-fail|p2a: Jugger
|
|upkeep
|turn|50
|
|t:|1779950622
|move|p1a: Arcanine|Head Smash|p2a: Jugger
|-damage|p2a: Jugger|27/100 slp
|cant|p2a: Jugger|slp
|move|p2a: Jugger|Sleep Talk|p2a: Jugger
|move|p2a: Jugger|Rest||[from] move: Sleep Talk|[still]
|-fail|p2a: Jugger
|
|upkeep
|turn|51
|
|t:|1779950634
|-terastallize|p2a: Jugger|Grass
|move|p1a: Arcanine|Wild Charge|p2a: Jugger
|-resisted|p2a: Jugger
|-damage|p2a: Jugger|20/100 slp
|-curestatus|p2a: Jugger|slp|[msg]
|move|p2a: Jugger|Rest|p2a: Jugger
|-status|p2a: Jugger|slp|[from] move: Rest
|-heal|p2a: Jugger|100/100 slp|[silent]
|
|upkeep
|turn|52
|
|t:|1779950650
|move|p1a: Arcanine|Flare Blitz|p2a: Jugger
|-supereffective|p2a: Jugger
|-damage|p2a: Jugger|48/100 slp
|cant|p2a: Jugger|slp
|move|p2a: Jugger|Sleep Talk|p2a: Jugger
|move|p2a: Jugger|Rest||[from] move: Sleep Talk|[still]
|-fail|p2a: Jugger
|
|upkeep
|turn|53
|c|☆llachiee|ok
|inactive|llachiee has 120 seconds left.
|
|t:|1779950680
|move|p1a: Arcanine|Flare Blitz|p2a: Jugger
|-supereffective|p2a: Jugger
|-damage|p2a: Jugger|0 fnt
|faint|p2a: Jugger
|
|upkeep
|
|t:|1779950683
|switch|p2a: Lash|Toxapex, F, shiny|47/100
|turn|54
|
|t:|1779950703
|switch|p2a: Nell|Clefable, F|25/100 brn
|move|p1a: Arcanine|Wild Charge|p2a: Nell
|-damage|p2a: Nell|3/100 brn
|
|upkeep
|turn|55
|inactive|llachiee has 120 seconds left.
|
|t:|1779950737
|move|p1a: Arcanine|Wild Charge|p2a: Nell
|-damage|p2a: Nell|0 fnt
|faint|p2a: Nell
|
|upkeep
|
|t:|1779950741
|switch|p2a: Lash|Toxapex, F, shiny|80/100
|turn|56
|
|t:|1779950747
|move|p1a: Arcanine|Head Smash|p2a: Lash
|-damage|p2a: Lash|22/100
|move|p2a: Lash|Infestation|p1a: Arcanine
|-resisted|p1a: Arcanine
|-damage|p1a: Arcanine|8/100
|-activate|p1a: Arcanine|move: Infestation|[of] p2a: Lash
|
|-damage|p1a: Arcanine|0 fnt|[from] move: Infestation|[partiallytrapped]
|faint|p1a: Arcanine
|upkeep
|
|t:|1779950759
|switch|p1a: Slowking|Slowking-Galar, M, shiny|100/100
|-damage|p1a: Slowking|88/100|[from] Stealth Rock
|-damage|p1a: Slowking|76/100|[from] Spikes
|turn|57
|
|t:|1779950777
|switch|p2a: Sturm|Corviknight, F, shiny|100/100
|-damage|p2a: Sturm|88/100|[from] Stealth Rock
|-ability|p2a: Sturm|Pressure
|move|p1a: Slowking|Psychic Noise|p2a: Sturm
|-resisted|p2a: Sturm
|-damage|p2a: Sturm|77/100
|-start|p2a: Sturm|move: Heal Block
|
|upkeep
|turn|58
|inactive|PepeNike has 120 seconds left.
|inactive|PepeNike has 90 seconds left.
|
|t:|1779950847
|move|p2a: Sturm|Substitute|p2a: Sturm
|-start|p2a: Sturm|Substitute
|-damage|p2a: Sturm|52/100
|-prepare|p1a: Slowking|Chilly Reception|[premajor]
|move|p1a: Slowking|Chilly Reception|p1a: Slowking
|-weather|Snowscape
|
|t:|1779950851
|switch|p1a: Moltres|Moltres|87/100|[from] Chilly Reception
|
|-weather|Snowscape|[upkeep]
|-end|p2a: Sturm|move: Heal Block
|upkeep
|turn|59
|
|t:|1779950861
|move|p2a: Sturm|Roost|p2a: Sturm
|-heal|p2a: Sturm|100/100
|-singleturn|p2a: Sturm|move: Roost
|move|p1a: Moltres|Roar|p2a: Sturm
|drag|p2a: Flesh Tutu|Blissey, F|100/100
|
|-weather|Snowscape|[upkeep]
|upkeep
|turn|60
|
|t:|1779950878
|move|p1a: Moltres|U-turn|p2a: Flesh Tutu
|-damage|p2a: Flesh Tutu|80/100
|
|t:|1779950883
|switch|p1a: Slowking|Slowking-Galar, M, shiny|100/100|[from] U-turn
|-damage|p1a: Slowking|88/100|[from] Stealth Rock
|-damage|p1a: Slowking|76/100|[from] Spikes
|move|p2a: Flesh Tutu|Seismic Toss|p1a: Slowking
|-damage|p1a: Slowking|50/100
|
|-weather|Snowscape|[upkeep]
|upkeep
|turn|61
|
|t:|1779950890
|move|p2a: Flesh Tutu|Seismic Toss|p1a: Slowking
|-damage|p1a: Slowking|25/100
|move|p1a: Slowking|Toxic|p2a: Flesh Tutu
|-status|p2a: Flesh Tutu|tox
|
|-weather|Snowscape|[upkeep]
|-damage|p2a: Flesh Tutu|74/100 tox|[from] psn
|upkeep
|turn|62
|l| frinzo
|
|t:|1779950895
|switch|p1a: Moltres|Moltres|87/100
|move|p2a: Flesh Tutu|Seismic Toss|p1a: Moltres
|-damage|p1a: Moltres|61/100
|
|-weather|none
|-damage|p2a: Flesh Tutu|61/100 tox|[from] psn
|upkeep
|turn|63
|inactive|PepeNike has 120 seconds left.
|inactive|PepeNike has 90 seconds left.
|
|t:|1779950954
|move|p1a: Moltres|U-turn|p2a: Flesh Tutu
|-damage|p2a: Flesh Tutu|42/100 tox
|
|t:|1779950960
|switch|p1a: Pecharunt|Pecharunt|68/100|[from] U-turn
|-damage|p1a: Pecharunt|56/100|[from] Stealth Rock
|-damage|p1a: Pecharunt|43/100|[from] Spikes
|move|p2a: Flesh Tutu|Soft-Boiled|p2a: Flesh Tutu
|-heal|p2a: Flesh Tutu|92/100 tox
|
|-damage|p2a: Flesh Tutu|73/100 tox|[from] psn
|upkeep
|turn|64
|
|t:|1779950968
|-curestatus|p2a: Flesh Tutu|tox|[from] ability: Natural Cure|[silent]
|switch|p2a: Sturm|Corviknight, F, shiny|100/100
|-damage|p2a: Sturm|88/100|[from] Stealth Rock
|-ability|p2a: Sturm|Pressure
|move|p1a: Pecharunt|Parting Shot|p2a: Sturm
|-unboost|p2a: Sturm|atk|1
|-unboost|p2a: Sturm|spa|1
|
|t:|1779950991
|switch|p1a: Cinderace|Cinderace, F|76/100|[from] Parting Shot
|-damage|p1a: Cinderace|51/100|[from] Stealth Rock
|-damage|p1a: Cinderace|38/100|[from] Spikes
|
|-heal|p2a: Sturm|94/100|[from] item: Leftovers
|-damage|p1a: Cinderace|26/100|[from] item: Sticky Barb
|upkeep
|turn|65
|
|t:|1779950998
|move|p2a: Sturm|Protect|p2a: Sturm
|-singleturn|p2a: Sturm|Protect
|move|p1a: Cinderace|Will-O-Wisp|p2a: Sturm
|-activate|p2a: Sturm|move: Protect
|
|-heal|p2a: Sturm|99/100|[from] item: Leftovers
|-damage|p1a: Cinderace|14/100|[from] item: Sticky Barb
|upkeep
|turn|66
|inactive|PepeNike has 60 seconds left.
|inactive|PepeNike has 30 seconds left.
|inactive|PepeNike has 20 seconds left.
|
|t:|1779951063
|switch|p2a: Lash|Toxapex, F, shiny|56/100
|move|p1a: Cinderace|Pyro Ball|p2a: Lash
|-resisted|p2a: Lash
|-damage|p2a: Lash|39/100
|-status|p2a: Lash|brn
|
|-damage|p2a: Lash|33/100 brn|[from] brn
|-damage|p1a: Cinderace|1/100|[from] item: Sticky Barb
|upkeep
|turn|67
|inactive|PepeNike has 30 seconds left this turn.
|
|t:|1779951070
|move|p1a: Cinderace|Pyro Ball|p2a: Lash|[miss]
|-miss|p1a: Cinderace|p2a: Lash
|move|p2a: Lash|Recover|p2a: Lash
|-heal|p2a: Lash|83/100 brn
|
|-damage|p2a: Lash|77/100 brn|[from] brn
|-damage|p1a: Cinderace|0 fnt|[from] item: Sticky Barb
|faint|p1a: Cinderace
|upkeep
|inactive|PepeNike has 30 seconds left this turn.
|
|t:|1779951079
|switch|p1a: Pecharunt|Pecharunt|43/100
|-damage|p1a: Pecharunt|31/100|[from] Stealth Rock
|-damage|p1a: Pecharunt|18/100|[from] Spikes
|turn|68
|
|t:|1779951087
|switch|p2a: Sturm|Corviknight, F, shiny|99/100
|-damage|p2a: Sturm|88/100|[from] Stealth Rock
|-ability|p2a: Sturm|Pressure
|move|p1a: Pecharunt|Recover|p1a: Pecharunt
|-heal|p1a: Pecharunt|69/100
|
|-heal|p2a: Sturm|94/100|[from] item: Leftovers
|upkeep
|turn|69
|inactive|PepeNike has 30 seconds left.
|
|t:|1779951108
|move|p2a: Sturm|Spite|p1a: Pecharunt
|-activate|p1a: Pecharunt|move: Spite|Recover|4
|move|p1a: Pecharunt|Shadow Ball|p2a: Sturm
|-damage|p2a: Sturm|73/100
|-unboost|p2a: Sturm|spd|1
|
|-heal|p2a: Sturm|79/100|[from] item: Leftovers
|upkeep
|turn|70
|inactive|PepeNike has 30 seconds left.
|
|t:|1779951120
|switch|p2a: Flesh Tutu|Blissey, F|73/100
|move|p1a: Pecharunt|Shadow Ball|p2a: Flesh Tutu
|-immune|p2a: Flesh Tutu
|
|upkeep
|turn|71
|inactive|PepeNike has 30 seconds left.
|inactive|PepeNike has 20 seconds left.
|inactive|PepeNike has 15 seconds left.
|inactive|PepeNike has 10 seconds left.
|inactive|PepeNike has 5 seconds left.
|c|☆llachiee|?
|-message|PepeNike lost due to inactivity.
|
|win|llachiee
|raw|PepeNike's rating: 1581 &rarr; <strong>1566</strong><br />(-15 for losing)
|raw|llachiee's rating: 1672 &rarr; <strong>1687</strong><br />(+15 for winning)
|l|☆llachiee
|player|p2|
|l|☆PepeNike
|player|p1|
