|j|☆Team10thPlanett
|j|☆dfih
|t:|1779947777
|gametype|singles
|player|p1|Team10thPlanett|veteran|1630
|player|p2|dfih|cynthia-masters4|1617
|gen|9
|tier|[Gen 9] OU
|rated|
|rule|HP Percentage Mod: HP is shown in percentages
|rule|Endless Battle Clause: Forcing endless battles is banned
|rule|Species Clause: Limit one of each Pokémon
|rule|OHKO Clause: OHKO moves are banned
|rule|Evasion Items Clause: Evasion items are banned
|rule|Evasion Moves Clause: Evasion moves are banned
|rule|Evasion Abilities Clause: Evasion abilities are banned
|rule|Sleep Moves Clause: Sleep-inducing moves are banned
|clearpoke
|poke|p1|Zamazenta-*|
|poke|p1|Dragonite, M|
|poke|p1|Araquanid, M|
|poke|p1|Iron Treads|
|poke|p1|Raikou|
|poke|p1|Politoed, M|
|poke|p2|Slither Wing|
|poke|p2|Ninetales, F|
|poke|p2|Walking Wake|
|poke|p2|Iron Moth|
|poke|p2|Hatterene, F|
|poke|p2|Blaziken, F|
|teampreview
|j| testingrainteam1
|
|t:|1779947785
|teamsize|p1|6
|teamsize|p2|6
|start
|switch|p1a: Politoed|Politoed, M|100/100
|switch|p2a: Tamamo|Ninetales, F, shiny|100/100
|-weather|RainDance|[from] ability: Drizzle|[of] p1a: Politoed
|-weather|SunnyDay|[from] ability: Drought|[of] p2a: Tamamo
|turn|1
|inactive|Battle timer is ON: inactive players will automatically lose when time's up. (requested by dfih)
|
|t:|1779947804
|switch|p2a: Beru|Slither Wing, shiny|100/100
|-activate|p2a: Beru|ability: Protosynthesis
|-start|p2a: Beru|protosynthesisatk
|move|p1a: Politoed|Earth Power|p2a: Beru
|-resisted|p2a: Beru
|-damage|p2a: Beru|88/100
|
|-weather|SunnyDay|[upkeep]
|upkeep
|turn|2
|l| testingrainteam1
|j| testingrainteam1
|
|t:|1779947834
|switch|p1a: Johnny Tsunami 🌊|Araquanid, M|100/100
|move|p2a: Beru|Close Combat|p1a: Johnny Tsunami 🌊
|-resisted|p1a: Johnny Tsunami 🌊
|-damage|p1a: Johnny Tsunami 🌊|27/100
|-unboost|p2a: Beru|def|1
|-unboost|p2a: Beru|spd|1
|
|-weather|SunnyDay|[upkeep]
|upkeep
|turn|3
|
|t:|1779947848
|-end|p2a: Beru|Protosynthesis|[silent]
|switch|p2a: Infernape's Son|Blaziken, F, shiny|100/100
|move|p1a: Johnny Tsunami 🌊|Endure||[still]
|-fail|p1a: Johnny Tsunami 🌊
|
|-weather|SunnyDay|[upkeep]
|upkeep
|turn|4
|
|t:|1779947856
|switch|p1a: Politoed|Politoed, M|100/100
|-weather|RainDance|[from] ability: Drizzle|[of] p1a: Politoed
|move|p2a: Infernape's Son|Close Combat|p1a: Politoed
|-crit|p1a: Politoed
|-damage|p1a: Politoed|0 fnt
|-unboost|p2a: Infernape's Son|def|1
|-unboost|p2a: Infernape's Son|spd|1
|faint|p1a: Politoed
|-damage|p2a: Infernape's Son|91/100|[from] item: Life Orb
|
|-weather|RainDance|[upkeep]
|-ability|p2a: Infernape's Son|Speed Boost|boost
|-boost|p2a: Infernape's Son|spe|1
|upkeep
|inactive|Team10thPlanett has 120 seconds left.
|
|t:|1779947881
|switch|p1a: Fat Boy|Dragonite, M, shiny|100/100
|turn|5
|
|t:|1779947895
|switch|p2a: Tonelico|Hatterene, F, shiny|100/100
|-terastallize|p1a: Fat Boy|Normal
|move|p1a: Fat Boy|Extreme Speed|p2a: Tonelico
|-damage|p2a: Tonelico|46/100
|-enditem|p2a: Tonelico|Eject Button
|
|t:|1779947898
|switch|p2a: Tamamo|Ninetales, F, shiny|100/100
|-weather|SunnyDay|[from] ability: Drought|[of] p2a: Tamamo
|
|-weather|SunnyDay|[upkeep]
|upkeep
|turn|6
|
|t:|1779947913
|switch|p1a: Johnny Tsunami 🌊|Araquanid, M|27/100
|move|p2a: Tamamo|Healing Wish|p2a: Tamamo
|faint|p2a: Tamamo
|
|-weather|SunnyDay|[upkeep]
|upkeep
|
|t:|1779947917
|switch|p2a: Infernape's Son|Blaziken, F, shiny|91/100
|-heal|p2a: Infernape's Son|100/100|[from] move: Healing Wish
|turn|7
|
|t:|1779947932
|move|p1a: Johnny Tsunami 🌊|Endure|p1a: Johnny Tsunami 🌊
|-singleturn|p1a: Johnny Tsunami 🌊|move: Endure
|move|p2a: Infernape's Son|Swords Dance|p2a: Infernape's Son
|-boost|p2a: Infernape's Son|atk|2
|
|-weather|SunnyDay|[upkeep]
|-ability|p2a: Infernape's Son|Speed Boost|boost
|-boost|p2a: Infernape's Son|spe|1
|upkeep
|turn|8
|
|t:|1779947942
|move|p1a: Johnny Tsunami 🌊|Endure||[still]
|-fail|p1a: Johnny Tsunami 🌊
|move|p2a: Infernape's Son|Close Combat|p1a: Johnny Tsunami 🌊
|-resisted|p1a: Johnny Tsunami 🌊
|-damage|p1a: Johnny Tsunami 🌊|0 fnt
|-unboost|p2a: Infernape's Son|def|1
|-unboost|p2a: Infernape's Son|spd|1
|faint|p1a: Johnny Tsunami 🌊
|-damage|p2a: Infernape's Son|91/100|[from] item: Life Orb
|
|-weather|SunnyDay|[upkeep]
|-ability|p2a: Infernape's Son|Speed Boost|boost
|-boost|p2a: Infernape's Son|spe|1
|upkeep
|
|t:|1779947956
|switch|p1a: Fat Boy|Dragonite, M, shiny, tera:Normal|100/100
|turn|9
|
|t:|1779947965
|switch|p2a: Tonelico|Hatterene, F, shiny|46/100
|move|p1a: Fat Boy|Extreme Speed|p2a: Tonelico
|-damage|p2a: Tonelico|0 fnt
|faint|p2a: Tonelico
|
|-weather|SunnyDay|[upkeep]
|upkeep
|
|t:|1779947970
|switch|p2a: Beru|Slither Wing, shiny|88/100
|-activate|p2a: Beru|ability: Protosynthesis
|-start|p2a: Beru|protosynthesisatk
|turn|10
|
|t:|1779947987
|move|p1a: Fat Boy|Extreme Speed|p2a: Beru
|-damage|p2a: Beru|4/100
|move|p2a: Beru|Close Combat|p1a: Fat Boy
|-supereffective|p1a: Fat Boy
|-damage|p1a: Fat Boy|0 fnt
|-unboost|p2a: Beru|def|1
|-unboost|p2a: Beru|spd|1
|faint|p1a: Fat Boy
|
|-weather|SunnyDay|[upkeep]
|upkeep
|
|t:|1779947999
|switch|p1a: Iron Treads|Iron Treads|100/100
|-enditem|p1a: Iron Treads|Booster Energy
|-activate|p1a: Iron Treads|ability: Quark Drive|[fromitem]
|-start|p1a: Iron Treads|quarkdrivespe
|turn|11
|
|t:|1779948006
|move|p1a: Iron Treads|Rapid Spin|p2a: Beru
|-damage|p2a: Beru|0 fnt
|-boost|p1a: Iron Treads|spe|1
|faint|p2a: Beru
|-end|p2a: Beru|Protosynthesis|[silent]
|
|-weather|SunnyDay|[upkeep]
|upkeep
|
|t:|1779948013
|switch|p2a: Granberia|Walking Wake|100/100
|-activate|p2a: Granberia|ability: Protosynthesis
|-start|p2a: Granberia|protosynthesisspe
|turn|12
|
|t:|1779948027
|move|p1a: Iron Treads|Knock Off|p2a: Granberia
|-damage|p2a: Granberia|70/100
|-enditem|p2a: Granberia|Choice Specs|[from] move: Knock Off|[of] p1a: Iron Treads
|move|p2a: Granberia|Hydro Steam|p1a: Iron Treads
|-supereffective|p1a: Iron Treads
|-damage|p1a: Iron Treads|0 fnt
|faint|p1a: Iron Treads
|-end|p1a: Iron Treads|Quark Drive|[silent]
|
|-weather|none
|-end|p2a: Granberia|Protosynthesis
|upkeep
|
|t:|1779948038
|switch|p1a: Diego ⚡️|Raikou|100/100
|-ability|p1a: Diego ⚡️|Pressure
|turn|13
|l| testingrainteam1
|
|t:|1779948047
|move|p1a: Diego ⚡️|Thunder|p2a: Granberia|[miss]
|-miss|p1a: Diego ⚡️|p2a: Granberia
|move|p2a: Granberia|Flip Turn|p1a: Diego ⚡️
|-damage|p1a: Diego ⚡️|80/100
|
|t:|1779948059
|-end|p2a: Granberia|Protosynthesis|[silent]
|switch|p2a: Infernape's Son|Blaziken, F, shiny|91/100|[from] Flip Turn
|
|upkeep
|turn|14
|
|t:|1779948064
|move|p2a: Infernape's Son|Protect|p2a: Infernape's Son
|-singleturn|p2a: Infernape's Son|Protect
|move|p1a: Diego ⚡️|Thunder|p2a: Infernape's Son
|-activate|p2a: Infernape's Son|move: Protect
|
|-ability|p2a: Infernape's Son|Speed Boost|boost
|-boost|p2a: Infernape's Son|spe|1
|upkeep
|turn|15
|
|t:|1779948073
|move|p2a: Infernape's Son|Flare Blitz|p1a: Diego ⚡️
|-damage|p1a: Diego ⚡️|0 fnt
|faint|p1a: Diego ⚡️
|-damage|p2a: Infernape's Son|63/100|[from] Recoil
|-damage|p2a: Infernape's Son|53/100|[from] item: Life Orb
|
|-ability|p2a: Infernape's Son|Speed Boost|boost
|-boost|p2a: Infernape's Son|spe|1
|upkeep
|
|t:|1779948085
|switch|p1a: Zamazenta|Zamazenta|100/100
|-ability|p1a: Zamazenta|Dauntless Shield|boost
|-boost|p1a: Zamazenta|def|1
|turn|16
|
|t:|1779948094
|move|p2a: Infernape's Son|Flare Blitz|p1a: Zamazenta
|-damage|p1a: Zamazenta|49/100
|-damage|p2a: Infernape's Son|34/100|[from] Recoil
|-damage|p2a: Infernape's Son|24/100|[from] item: Life Orb
|move|p1a: Zamazenta|Close Combat|p2a: Infernape's Son
|-damage|p2a: Infernape's Son|0 fnt
|-unboost|p1a: Zamazenta|def|1
|-unboost|p1a: Zamazenta|spd|1
|faint|p2a: Infernape's Son
|
|upkeep
|
|t:|1779948101
|switch|p2a: MOTH|Iron Moth|100/100
|-enditem|p2a: MOTH|Booster Energy
|-activate|p2a: MOTH|ability: Quark Drive|[fromitem]
|-start|p2a: MOTH|quarkdrivespe
|turn|17
|
|t:|1779948109
|move|p2a: MOTH|Fiery Dance|p1a: Zamazenta
|-damage|p1a: Zamazenta|0 fnt
|faint|p1a: Zamazenta
|
|win|dfih
|raw|Team10thPlanett's rating: 1630 &rarr; <strong>1609</strong><br />(-21 for losing)
|raw|dfih's rating: 1617 &rarr; <strong>1638</strong><br />(+21 for winning)
|l|☆Team10thPlanett
|player|p1|
|l|☆dfih
|player|p2|
