|j|☆Beelzulbub
|j|☆IrishCraicDealer
|inactive|Battle timer is ON: inactive players will automatically lose when time's up.
|t:|1779867007
|gametype|singles
|player|p1|Beelzulbub|101|
|player|p2|IrishCraicDealer|ltsurge|
|gen|9
|tier|[Gen 9] OU
|rated|Tournament battle
|rule|HP Percentage Mod: HP is shown in percentages
|rule|Endless Battle Clause: Forcing endless battles is banned
|rule|Species Clause: Limit one of each Pokémon
|rule|OHKO Clause: OHKO moves are banned
|rule|Evasion Items Clause: Evasion items are banned
|rule|Evasion Moves Clause: Evasion moves are banned
|rule|Evasion Abilities Clause: Evasion abilities are banned
|rule|Sleep Moves Clause: Sleep-inducing moves are banned
|raw|<div class="infobox"><details class="readmore"><summary><strong>15 custom rules:</strong></summary> -burmy, -caterpie, -combee, -kricketot, -magikarp, -scatterbug, -sunkern, -tynamo, -typenull, -weedle, -wurmple, -cosmog, -blipbug, -snom, -wynaut</details></div>
|clearpoke
|poke|p1|Sinistcha|
|poke|p1|Drifloon, M|
|poke|p1|Arcanine-Hisui, M|
|poke|p1|Pineco, M|
|poke|p2|Stunky, F|
|poke|p2|Larvitar, M|
|poke|p2|Pyroar, M|
|poke|p2|Cloyster, M|
|teampreview
|j|*Lady Monita 
|inactive|IrishCraicDealer also wants the timer to be on.
|
|t:|1779867021
|teamsize|p1|4
|teamsize|p2|4
|start
|switch|p1a: Pineco|Pineco, M|100/100
|switch|p2a: Stunky|Stunky, F|100/100
|turn|1
|
|t:|1779867035
|move|p2a: Stunky|Gunk Shot|p1a: Pineco
|-damage|p1a: Pineco|73/100
|-status|p1a: Pineco|psn
|move|p1a: Pineco|Stealth Rock|p2a: Stunky
|-sidestart|p2: IrishCraicDealer|move: Stealth Rock
|
|-damage|p1a: Pineco|61/100 psn|[from] psn
|upkeep
|turn|2
|
|t:|1779867046
|move|p2a: Stunky|Temper Flare|p1a: Pineco
|-supereffective|p1a: Pineco
|-damage|p1a: Pineco|40/100 psn
|move|p1a: Pineco|Toxic Spikes|p2a: Stunky
|-sidestart|p2: IrishCraicDealer|move: Toxic Spikes
|
|-damage|p1a: Pineco|28/100 psn|[from] psn
|upkeep
|turn|3
|
|t:|1779867053
|switch|p2a: Larvitar|Larvitar, M|100/100
|-damage|p2a: Larvitar|94/100|[from] Stealth Rock
|-status|p2a: Larvitar|psn
|move|p1a: Pineco|Toxic Spikes|p2a: Larvitar
|-sidestart|p2: IrishCraicDealer|move: Toxic Spikes
|
|-damage|p2a: Larvitar|82/100 psn|[from] psn
|-damage|p1a: Pineco|16/100 psn|[from] psn
|upkeep
|turn|4
|
|t:|1779867062
|move|p2a: Larvitar|Dragon Dance|p2a: Larvitar
|-boost|p2a: Larvitar|atk|1
|-boost|p2a: Larvitar|spe|1
|move|p1a: Pineco|Spikes|p2a: Larvitar
|-sidestart|p2: IrishCraicDealer|Spikes
|
|-damage|p2a: Larvitar|69/100 psn|[from] psn
|-damage|p1a: Pineco|3/100 psn|[from] psn
|upkeep
|turn|5
|
|t:|1779867069
|move|p2a: Larvitar|Dragon Dance|p2a: Larvitar
|-boost|p2a: Larvitar|atk|1
|-boost|p2a: Larvitar|spe|1
|move|p1a: Pineco|Lunge|p2a: Larvitar
|-damage|p2a: Larvitar|37/100 psn
|-unboost|p2a: Larvitar|atk|1
|
|-damage|p2a: Larvitar|25/100 psn|[from] psn
|-damage|p1a: Pineco|0 fnt|[from] psn
|faint|p1a: Pineco
|upkeep
|
|t:|1779867081
|switch|p1a: Arcanine|Arcanine-Hisui, M|100/100
|turn|6
|
|t:|1779867101
|move|p1a: Arcanine|Extreme Speed|p2a: Larvitar
|-resisted|p2a: Larvitar
|-damage|p2a: Larvitar|5/100 psn
|move|p2a: Larvitar|Earthquake|p1a: Arcanine
|-supereffective|p1a: Arcanine
|-damage|p1a: Arcanine|0 fnt
|faint|p1a: Arcanine
|
|-damage|p2a: Larvitar|0 fnt|[from] psn
|faint|p2a: Larvitar
|upkeep
|
|t:|1779867110
|switch|p1a: Drifloon|Drifloon, M|100/100
|switch|p2a: Stunky|Stunky, F|100/100
|-damage|p2a: Stunky|88/100|[from] Stealth Rock
|-sideend|p2: IrishCraicDealer|move: Toxic Spikes|[of] p2a: Stunky
|-damage|p2a: Stunky|76/100|[from] Spikes
|turn|7
|
|t:|1779867119
|move|p1a: Drifloon|Thunderbolt|p2a: Stunky
|-damage|p2a: Stunky|51/100
|move|p2a: Stunky|Knock Off|p1a: Drifloon
|-supereffective|p1a: Drifloon
|-damage|p1a: Drifloon|0 fnt
|-enditem|p1a: Drifloon|Flame Orb|[from] move: Knock Off|[of] p2a: Stunky
|faint|p1a: Drifloon
|
|upkeep
|
|t:|1779867126
|switch|p1a: Sinistcha|Sinistcha|100/100
|turn|8
|
|t:|1779867133
|-terastallize|p1a: Sinistcha|Water
|move|p2a: Stunky|Knock Off|p1a: Sinistcha
|-crit|p1a: Sinistcha
|-damage|p1a: Sinistcha|55/100
|-enditem|p1a: Sinistcha|Meadow Plate|[from] move: Knock Off|[of] p2a: Stunky
|move|p1a: Sinistcha|Nasty Plot|p1a: Sinistcha
|-boost|p1a: Sinistcha|spa|2
|
|upkeep
|turn|9
|
|t:|1779867141
|move|p2a: Stunky|Gunk Shot|p1a: Sinistcha
|-damage|p1a: Sinistcha|12/100
|move|p1a: Sinistcha|Matcha Gotcha|p2a: Stunky
|-resisted|p2a: Stunky
|-damage|p2a: Stunky|0 fnt
|-heal|p1a: Sinistcha|36/100|[from] drain|[of] p2a: Stunky
|faint|p2a: Stunky
|
|upkeep
|j| werewulf by night
|l| werewulf by night
|
|t:|1779867153
|switch|p2a: Pyroar|Pyroar, M|100/100
|-damage|p2a: Pyroar|76/100|[from] Stealth Rock
|-damage|p2a: Pyroar|63/100|[from] Spikes
|turn|10
|
|t:|1779867159
|move|p2a: Pyroar|Hyper Voice|p1a: Sinistcha
|-damage|p1a: Sinistcha|0 fnt
|faint|p1a: Sinistcha
|-damage|p2a: Pyroar|53/100|[from] item: Life Orb
|
|win|IrishCraicDealer
|n|☆Beelzulbub|beelzulbub
|n|☆IrishCraicDealer|irishcraicdealer
|n|*Lady Monita |ladymonita
