|j|☆thepokepersonthing
|j|☆hawkins0
|t:|1779967718
|gametype|singles
|player|p1|thepokepersonthing|miku-ghost|1412
|player|p2|hawkins0|265|1355
|gen|9
|tier|[Gen 9] OU
|rated|
|rule|HP Percentage Mod: HP is shown in percentages
|rule|Endless Battle Clause: Forcing endless battles is banned
|rule|Species Clause: Limit one of each Pokémon
|rule|OHKO Clause: OHKO moves are banned
|rule|Evasion Items Clause: Evasion items are banned
|rule|Evasion Moves Clause: Evasion moves are banned
|rule|Evasion Abilities Clause: Evasion abilities are banned
|rule|Sleep Moves Clause: Sleep-inducing moves are banned
|clearpoke
|poke|p1|Rillaboom, M|
|poke|p1|Latios, M|
|poke|p1|Alomomola, M|
|poke|p1|Pecharunt|
|poke|p1|Clodsire, M|
|poke|p1|Corviknight, M|
|poke|p2|Kingambit, M|
|poke|p2|Great Tusk|
|poke|p2|Iron Valiant|
|poke|p2|Gliscor, F|
|poke|p2|Slowking-Galar, F|
|poke|p2|Dragapult, F|
|teampreview
|inactive|Battle timer is ON: inactive players will automatically lose when time's up. (requested by hawkins0)
|
|t:|1779967752
|teamsize|p1|6
|teamsize|p2|6
|start
|switch|p1a: monke|Rillaboom, M|100/100
|switch|p2a: Gliscor|Gliscor, F|100/100
|-fieldstart|move: Grassy Terrain|[from] ability: Grassy Surge|[of] p1a: monke
|turn|1
|
|t:|1779967761
|move|p2a: Gliscor|Protect|p2a: Gliscor
|-singleturn|p2a: Gliscor|Protect
|move|p1a: monke|Knock Off|p2a: Gliscor
|-activate|p2a: Gliscor|move: Protect
|
|-status|p2a: Gliscor|tox|[from] item: Toxic Orb
|upkeep
|turn|2
|
|t:|1779967765
|switch|p1a: skarm impostor|Corviknight, M, shiny|100/100
|-ability|p1a: skarm impostor|Pressure
|move|p2a: Gliscor|Toxic|p1a: skarm impostor
|-immune|p1a: skarm impostor
|
|upkeep
|turn|3
|
|t:|1779967791
|move|p2a: Gliscor|Knock Off|p1a: skarm impostor
|-damage|p1a: skarm impostor|88/100
|-damage|p2a: Gliscor|84/100 tox|[from] item: Rocky Helmet|[of] p1a: skarm impostor
|-enditem|p1a: skarm impostor|Rocky Helmet|[from] move: Knock Off|[of] p2a: Gliscor
|move|p1a: skarm impostor|U-turn|p2a: Gliscor
|-resisted|p2a: Gliscor
|-damage|p2a: Gliscor|80/100 tox
|inactive|thepokepersonthing has 120 seconds left.
|
|t:|1779967810
|switch|p1a: F-35 Lightning II|Latios, M, shiny|100/100|[from] U-turn
|
|-heal|p2a: Gliscor|92/100 tox|[from] ability: Poison Heal
|upkeep
|turn|4
|
|t:|1779967814
|move|p2a: Gliscor|Protect|p2a: Gliscor
|-singleturn|p2a: Gliscor|Protect
|move|p1a: F-35 Lightning II|Draco Meteor|p2a: Gliscor
|-activate|p2a: Gliscor|move: Protect
|
|-heal|p2a: Gliscor|100/100 tox|[from] ability: Poison Heal
|upkeep
|turn|5
|inactive|hawkins0 has 120 seconds left.
|inactive|hawkins0 has 90 seconds left.
|l|☆hawkins0
|inactive|hawkins0 disconnected and has a minute to reconnect!
|player|p2|
|j|☆hawkins0
|inactive|hawkins0 reconnected and has 80 seconds left.
|player|p2|hawkins0|265|
|
|t:|1779967892
|switch|p1a: monke|Rillaboom, M|100/100
|move|p2a: Gliscor|Protect||[still]
|-fail|p2a: Gliscor
|
|-fieldend|move: Grassy Terrain
|upkeep
|turn|6
|
|t:|1779967901
|switch|p1a: skarm impostor|Corviknight, M, shiny|88/100
|-ability|p1a: skarm impostor|Pressure
|move|p2a: Gliscor|Spikes|p1a: skarm impostor
|-sidestart|p1: thepokepersonthing|Spikes
|
|upkeep
|turn|7
|
|t:|1779967907
|switch|p2a: Dragapult|Dragapult, F|100/100
|move|p1a: skarm impostor|Defog|p2a: Dragapult
|-fail|p2a: Dragapult|unboost|[from] ability: Clear Body|[of] p2a: Dragapult
|-sideend|p1: thepokepersonthing|Spikes|[from] move: Defog|[of] p1a: skarm impostor
|
|upkeep
|turn|8
|
|t:|1779967911
|switch|p1a: Crazy Diamond|Alomomola, M|100/100
|move|p2a: Dragapult|Will-O-Wisp|p1a: Crazy Diamond
|-status|p1a: Crazy Diamond|brn
|
|-damage|p1a: Crazy Diamond|94/100 brn|[from] brn
|upkeep
|turn|9
|
|t:|1779967916
|move|p2a: Dragapult|Hex|p1a: Crazy Diamond
|-damage|p1a: Crazy Diamond|68/100 brn
|move|p1a: Crazy Diamond|Flip Turn|p2a: Dragapult
|-resisted|p2a: Dragapult
|-damage|p2a: Dragapult|95/100
|
|t:|1779967924
|switch|p1a: monke|Rillaboom, M|100/100|[from] Flip Turn
|-fieldstart|move: Grassy Terrain|[from] ability: Grassy Surge|[of] p1a: monke
|
|-heal|p2a: Dragapult|100/100|[from] Grassy Terrain
|upkeep
|turn|10
|
|t:|1779967929
|switch|p1a: Crazy Diamond|Alomomola, M|100/100 brn
|move|p2a: Dragapult|Will-O-Wisp|p1a: Crazy Diamond
|-fail|p1a: Crazy Diamond|brn
|
|-damage|p1a: Crazy Diamond|94/100 brn|[from] brn
|upkeep
|turn|11
|
|t:|1779967932
|move|p2a: Dragapult|U-turn|p1a: Crazy Diamond
|-damage|p1a: Crazy Diamond|79/100 brn
|
|t:|1779967936
|switch|p2a: Slowking|Slowking-Galar, F|100/100|[from] U-turn
|move|p1a: Crazy Diamond|Mirror Coat||[still]
|-fail|p1a: Crazy Diamond
|
|-heal|p1a: Crazy Diamond|86/100 brn|[from] Grassy Terrain
|-damage|p1a: Crazy Diamond|79/100 brn|[from] brn
|upkeep
|turn|12
|
|t:|1779967941
|move|p1a: Crazy Diamond|Flip Turn|p2a: Slowking
|-damage|p2a: Slowking|92/100
|
|t:|1779967947
|switch|p1a: blobby|Clodsire, M|100/100|[from] Flip Turn
|move|p2a: Slowking|Future Sight|p1a: blobby
|-start|p2a: Slowking|move: Future Sight
|
|-heal|p2a: Slowking|98/100|[from] Grassy Terrain
|upkeep
|turn|13
|
|t:|1779967950
|move|p1a: blobby|Stealth Rock|p2a: Slowking
|-sidestart|p2: hawkins0|move: Stealth Rock
|-prepare|p2a: Slowking|Chilly Reception|[premajor]
|move|p2a: Slowking|Chilly Reception|p2a: Slowking
|-weather|Snowscape
|
|t:|1779967960
|switch|p2a: Great Tusk|Great Tusk|100/100|[from] Chilly Reception
|-damage|p2a: Great Tusk|97/100|[from] Stealth Rock
|
|-weather|Snowscape|[upkeep]
|-heal|p2a: Great Tusk|100/100|[from] Grassy Terrain
|-fieldend|move: Grassy Terrain
|upkeep
|turn|14
|
|t:|1779967966
|switch|p1a: skarm impostor|Corviknight, M, shiny|88/100
|-ability|p1a: skarm impostor|Pressure
|move|p2a: Great Tusk|Stealth Rock|p1a: skarm impostor
|-sidestart|p1: thepokepersonthing|move: Stealth Rock
|
|-weather|Snowscape|[upkeep]
|-end|p1a: skarm impostor|move: Future Sight
|-resisted|p1a: skarm impostor
|-damage|p1a: skarm impostor|66/100
|upkeep
|turn|15
|
|t:|1779967976
|-end|p2a: Great Tusk|Protosynthesis|[silent]
|switch|p2a: Dragapult|Dragapult, F|100/100
|move|p1a: skarm impostor|Roost|p1a: skarm impostor
|-heal|p1a: skarm impostor|100/100
|-singleturn|p1a: skarm impostor|move: Roost
|
|-weather|Snowscape|[upkeep]
|upkeep
|turn|16
|
|t:|1779967979
|switch|p1a: Crazy Diamond|Alomomola, M|100/100 brn
|-damage|p1a: Crazy Diamond|88/100 brn|[from] Stealth Rock
|move|p2a: Dragapult|Dragon Darts|p1a: Crazy Diamond
|-damage|p1a: Crazy Diamond|72/100 brn
|-anim|p2a: Dragapult|Dragon Darts|p1a: Crazy Diamond
|-damage|p1a: Crazy Diamond|57/100 brn
|
|-weather|Snowscape|[upkeep]
|-damage|p1a: Crazy Diamond|51/100 brn|[from] brn
|upkeep
|turn|17
|
|t:|1779967989
|move|p2a: Dragapult|Dragon Darts|p1a: Crazy Diamond
|-damage|p1a: Crazy Diamond|36/100 brn
|-anim|p2a: Dragapult|Dragon Darts|p1a: Crazy Diamond
|-damage|p1a: Crazy Diamond|19/100 brn
|move|p1a: Crazy Diamond|Flip Turn|p2a: Dragapult
|-resisted|p2a: Dragapult
|-damage|p2a: Dragapult|95/100
|
|t:|1779967994
|switch|p1a: monke|Rillaboom, M|100/100|[from] Flip Turn
|-damage|p1a: monke|88/100|[from] Stealth Rock
|-fieldstart|move: Grassy Terrain|[from] ability: Grassy Surge|[of] p1a: monke
|
|-weather|none
|-heal|p2a: Dragapult|100/100|[from] Grassy Terrain
|-heal|p1a: monke|94/100|[from] Grassy Terrain
|upkeep
|turn|18
|
|t:|1779968008
|switch|p1a: Crazy Diamond|Alomomola, M|52/100 brn
|-damage|p1a: Crazy Diamond|40/100 brn|[from] Stealth Rock
|move|p2a: Dragapult|U-turn|p1a: Crazy Diamond
|-damage|p1a: Crazy Diamond|25/100 brn
|
|t:|1779968015
|switch|p2a: Iron Valiant|Iron Valiant|100/100|[from] U-turn
|
|-heal|p1a: Crazy Diamond|31/100 brn|[from] Grassy Terrain
|-damage|p1a: Crazy Diamond|25/100 brn|[from] brn
|upkeep
|turn|19
|
|t:|1779968020
|switch|p1a: blobby|Clodsire, M|100/100
|-damage|p1a: blobby|94/100|[from] Stealth Rock
|move|p2a: Iron Valiant|Knock Off|p1a: blobby
|-damage|p1a: blobby|66/100
|-enditem|p1a: blobby|Leftovers|[from] move: Knock Off|[of] p2a: Iron Valiant
|
|-heal|p1a: blobby|72/100|[from] Grassy Terrain
|upkeep
|turn|20
|
|t:|1779968030
|-end|p2a: Iron Valiant|Quark Drive|[silent]
|switch|p2a: Gliscor|Gliscor, F|100/100 tox
|-damage|p2a: Gliscor|88/100 tox|[from] Stealth Rock
|switch|p1a: nutter|Pecharunt|100/100
|
|-heal|p2a: Gliscor|100/100 tox|[from] ability: Poison Heal
|upkeep
|turn|21
|
|t:|1779968037
|move|p2a: Gliscor|Knock Off|p1a: nutter
|-supereffective|p1a: nutter
|-damage|p1a: nutter|80/100
|-enditem|p1a: nutter|Heavy-Duty Boots|[from] move: Knock Off|[of] p2a: Gliscor
|move|p1a: nutter|Hex|p2a: Gliscor
|-damage|p2a: Gliscor|49/100 tox
|
|-heal|p1a: nutter|86/100|[from] Grassy Terrain
|-heal|p2a: Gliscor|62/100 tox|[from] ability: Poison Heal
|-fieldend|move: Grassy Terrain
|upkeep
|turn|22
|
|t:|1779968044
|move|p2a: Gliscor|Protect|p2a: Gliscor
|-singleturn|p2a: Gliscor|Protect
|move|p1a: nutter|Recover|p1a: nutter
|-heal|p1a: nutter|100/100
|
|-heal|p2a: Gliscor|74/100 tox|[from] ability: Poison Heal
|upkeep
|turn|23
|
|t:|1779968047
|switch|p2a: Slowking|Slowking-Galar, F|100/100
|move|p1a: nutter|Parting Shot|p2a: Slowking
|-unboost|p2a: Slowking|atk|1
|-unboost|p2a: Slowking|spa|1
|
|t:|1779968052
|switch|p1a: monke|Rillaboom, M|94/100|[from] Parting Shot
|-damage|p1a: monke|82/100|[from] Stealth Rock
|-fieldstart|move: Grassy Terrain|[from] ability: Grassy Surge|[of] p1a: monke
|
|-heal|p1a: monke|88/100|[from] Grassy Terrain
|upkeep
|turn|24
|
|t:|1779968055
|switch|p2a: Gliscor|Gliscor, F|74/100 tox
|-damage|p2a: Gliscor|62/100 tox|[from] Stealth Rock
|move|p1a: monke|Knock Off|p2a: Gliscor
|-damage|p2a: Gliscor|32/100 tox
|-enditem|p2a: Gliscor|Toxic Orb|[from] move: Knock Off|[of] p1a: monke
|
|-heal|p1a: monke|94/100|[from] Grassy Terrain
|-heal|p2a: Gliscor|44/100 tox|[from] ability: Poison Heal
|upkeep
|turn|25
|
|t:|1779968064
|switch|p1a: skarm impostor|Corviknight, M, shiny|100/100
|-damage|p1a: skarm impostor|88/100|[from] Stealth Rock
|-ability|p1a: skarm impostor|Pressure
|switch|p2a: Dragapult|Dragapult, F|100/100
|
|upkeep
|turn|26
|
|t:|1779968070
|move|p2a: Dragapult|Will-O-Wisp|p1a: skarm impostor|[miss]
|-miss|p2a: Dragapult|p1a: skarm impostor
|move|p1a: skarm impostor|U-turn|p2a: Dragapult
|-resisted|p2a: Dragapult
|-damage|p2a: Dragapult|92/100
|
|t:|1779968098
|switch|p1a: blobby|Clodsire, M|72/100|[from] U-turn
|-damage|p1a: blobby|66/100|[from] Stealth Rock
|
|-heal|p2a: Dragapult|98/100|[from] Grassy Terrain
|-heal|p1a: blobby|72/100|[from] Grassy Terrain
|upkeep
|turn|27
|
|t:|1779968104
|move|p2a: Dragapult|U-turn|p1a: blobby
|-resisted|p1a: blobby
|-damage|p1a: blobby|61/100
|
|t:|1779968106
|switch|p2a: Gliscor|Gliscor, F|44/100 tox|[from] U-turn
|-damage|p2a: Gliscor|32/100 tox|[from] Stealth Rock
|move|p1a: blobby|Recover|p1a: blobby
|-heal|p1a: blobby|100/100
|
|-heal|p2a: Gliscor|44/100 tox|[from] ability: Poison Heal
|-fieldend|move: Grassy Terrain
|upkeep
|turn|28
|
|t:|1779968131
|switch|p1a: monke|Rillaboom, M|94/100
|-damage|p1a: monke|82/100|[from] Stealth Rock
|-fieldstart|move: Grassy Terrain|[from] ability: Grassy Surge|[of] p1a: monke
|move|p2a: Gliscor|Spikes|p1a: monke
|-sidestart|p1: thepokepersonthing|Spikes
|
|-heal|p1a: monke|88/100|[from] Grassy Terrain
|-heal|p2a: Gliscor|57/100 tox|[from] ability: Poison Heal
|upkeep
|turn|29
|
|t:|1779968141
|switch|p2a: Dragapult|Dragapult, F|98/100
|move|p1a: monke|Wood Hammer|p2a: Dragapult
|-resisted|p2a: Dragapult
|-damage|p2a: Dragapult|5/100
|-damage|p1a: monke|60/100|[from] Recoil
|
|-heal|p2a: Dragapult|11/100|[from] Grassy Terrain
|-heal|p1a: monke|66/100|[from] Grassy Terrain
|upkeep
|turn|30
|inactive|thepokepersonthing has 120 seconds left.
|
|t:|1779968161
|switch|p1a: blobby|Clodsire, M|100/100
|-damage|p1a: blobby|94/100|[from] Stealth Rock
|-damage|p1a: blobby|82/100|[from] Spikes
|move|p2a: Dragapult|U-turn|p1a: blobby
|-resisted|p1a: blobby
|-damage|p1a: blobby|72/100
|
|t:|1779968169
|switch|p2a: Slowking|Slowking-Galar, F|100/100|[from] U-turn
|
|-heal|p1a: blobby|78/100|[from] Grassy Terrain
|upkeep
|turn|31
|inactive|thepokepersonthing has 120 seconds left.
|
|t:|1779968186
|move|p1a: blobby|Earthquake|p2a: Slowking
|-supereffective|p2a: Slowking
|-damage|p2a: Slowking|69/100
|move|p2a: Slowking|Future Sight|p1a: blobby
|-start|p2a: Slowking|move: Future Sight
|
|-heal|p1a: blobby|84/100|[from] Grassy Terrain
|-heal|p2a: Slowking|76/100|[from] Grassy Terrain
|upkeep
|turn|32
|inactive|thepokepersonthing has 120 seconds left.
|
|t:|1779968193
|move|p1a: blobby|Earthquake|p2a: Slowking
|-supereffective|p2a: Slowking
|-damage|p2a: Slowking|46/100
|-prepare|p2a: Slowking|Chilly Reception|[premajor]
|move|p2a: Slowking|Chilly Reception|p2a: Slowking
|-weather|Snowscape
|
|t:|1779968199
|switch|p2a: Iron Valiant|Iron Valiant|100/100|[from] Chilly Reception
|
|-weather|Snowscape|[upkeep]
|-heal|p1a: blobby|90/100|[from] Grassy Terrain
|-fieldend|move: Grassy Terrain
|upkeep
|turn|33
|
|t:|1779968207
|move|p2a: Iron Valiant|Thunderbolt|p1a: blobby
|-immune|p1a: blobby
|move|p1a: blobby|Poison Jab|p2a: Iron Valiant
|-supereffective|p2a: Iron Valiant
|-damage|p2a: Iron Valiant|49/100
|-status|p2a: Iron Valiant|psn
|
|-weather|Snowscape|[upkeep]
|-end|p1a: blobby|move: Future Sight
|-supereffective|p1a: blobby
|-damage|p1a: blobby|40/100
|-damage|p2a: Iron Valiant|36/100 psn|[from] psn
|upkeep
|turn|34
|
|t:|1779968214
|-end|p2a: Iron Valiant|Quark Drive|[silent]
|switch|p2a: Slowking|Slowking-Galar, F|79/100
|move|p1a: blobby|Recover|p1a: blobby
|-heal|p1a: blobby|90/100
|
|-weather|Snowscape|[upkeep]
|upkeep
|turn|35
|
|t:|1779968217
|move|p1a: blobby|Earthquake|p2a: Slowking
|-supereffective|p2a: Slowking
|-damage|p2a: Slowking|19/100
|move|p2a: Slowking|Future Sight|p1a: blobby
|-start|p2a: Slowking|move: Future Sight
|
|-weather|Snowscape|[upkeep]
|upkeep
|turn|36
|
|t:|1779968222
|switch|p2a: Gliscor|Gliscor, F|57/100 tox
|-damage|p2a: Gliscor|44/100 tox|[from] Stealth Rock
|move|p1a: blobby|Poison Jab|p2a: Gliscor
|-resisted|p2a: Gliscor
|-damage|p2a: Gliscor|38/100 tox
|
|-weather|none
|-heal|p2a: Gliscor|50/100 tox|[from] ability: Poison Heal
|upkeep
|turn|37
|
|t:|1779968226
|switch|p1a: skarm impostor|Corviknight, M, shiny|88/100
|-damage|p1a: skarm impostor|76/100|[from] Stealth Rock
|-ability|p1a: skarm impostor|Pressure
|move|p2a: Gliscor|Spikes|p1a: skarm impostor
|-sidestart|p1: thepokepersonthing|Spikes
|
|-end|p1a: skarm impostor|move: Future Sight
|-resisted|p1a: skarm impostor
|-damage|p1a: skarm impostor|55/100
|-heal|p2a: Gliscor|63/100 tox|[from] ability: Poison Heal
|upkeep
|turn|38
|
|t:|1779968230
|switch|p2a: Dragapult|Dragapult, F|11/100
|move|p1a: skarm impostor|Roost|p1a: skarm impostor
|-heal|p1a: skarm impostor|100/100
|-singleturn|p1a: skarm impostor|move: Roost
|
|upkeep
|turn|39
|
|t:|1779968233
|move|p2a: Dragapult|Will-O-Wisp|p1a: skarm impostor|[miss]
|-miss|p2a: Dragapult|p1a: skarm impostor
|move|p1a: skarm impostor|Brave Bird|p2a: Dragapult
|-damage|p2a: Dragapult|0 fnt
|faint|p2a: Dragapult
|-damage|p1a: skarm impostor|98/100|[from] Recoil
|
|upkeep
|-message|hawkins0 forfeited.
|
|win|thepokepersonthing
|raw|thepokepersonthing's rating: 1412 &rarr; <strong>1429</strong><br />(+17 for winning)
|raw|hawkins0's rating: 1355 &rarr; <strong>1338</strong><br />(-17 for losing)
|l|☆hawkins0
|player|p2|
