|j|☆airstrike890
|j|☆LuckGalicia
|t:|1779897601
|gametype|singles
|player|p1|airstrike890|102|1121
|player|p2|LuckGalicia|170|1119
|gen|9
|tier|[Gen 9] OU
|rated|
|rule|HP Percentage Mod: HP is shown in percentages
|rule|Endless Battle Clause: Forcing endless battles is banned
|rule|Species Clause: Limit one of each Pokémon
|rule|OHKO Clause: OHKO moves are banned
|rule|Evasion Items Clause: Evasion items are banned
|rule|Evasion Moves Clause: Evasion moves are banned
|rule|Evasion Abilities Clause: Evasion abilities are banned
|rule|Sleep Moves Clause: Sleep-inducing moves are banned
|clearpoke
|poke|p1|Arcanine-Hisui, F|
|poke|p1|Gyarados, F|
|poke|p1|Rillaboom, F|
|poke|p1|Garchomp, F|
|poke|p1|Florges, F|
|poke|p1|Metagross|
|poke|p2|Alomomola, F|
|poke|p2|Heracross, M|
|poke|p2|Magmar, M|
|poke|p2|Tentacruel, F|
|poke|p2|Gengar, M|
|poke|p2|Rabsca, M|
|teampreview
|
|t:|1779897611
|teamsize|p1|6
|teamsize|p2|6
|start
|switch|p1a: Gyarados|Gyarados, F|100/100
|switch|p2a: Loki|Gengar, M, shiny|100/100
|-ability|p1a: Gyarados|Intimidate|boost
|-unboost|p2a: Loki|atk|1
|turn|1
|inactive|Battle timer is ON: inactive players will automatically lose when time's up. (requested by LuckGalicia)
|
|t:|1779897620
|move|p2a: Loki|Trick|p1a: Gyarados
|-activate|p2a: Loki|move: Trick|[of] p1a: Gyarados
|-item|p1a: Gyarados|Choice Specs|[from] move: Trick
|-item|p2a: Loki|Leftovers|[from] move: Trick
|move|p1a: Gyarados|Waterfall|p2a: Loki
|-damage|p2a: Loki|16/100
|
|-heal|p2a: Loki|22/100|[from] item: Leftovers
|upkeep
|turn|2
|
|t:|1779897628
|switch|p2a: Alolamola|Alomomola, F|100/100
|move|p1a: Gyarados|Waterfall|p2a: Alolamola
|-resisted|p2a: Alolamola
|-damage|p2a: Alolamola|89/100
|-damage|p1a: Gyarados|84/100|[from] item: Rocky Helmet|[of] p2a: Alolamola
|
|upkeep
|turn|3
|
|t:|1779897635
|switch|p1a: Rillaboom|Rillaboom, F|100/100
|-fieldstart|move: Grassy Terrain|[from] ability: Grassy Surge|[of] p1a: Rillaboom
|move|p2a: Alolamola|Wish|p2a: Alolamola
|
|-heal|p2a: Alolamola|95/100|[from] Grassy Terrain
|upkeep
|turn|4
|
|t:|1779897643
|switch|p2a: Mr. Fueguito|Magmar, M|100/100
|move|p1a: Rillaboom|Drum Beating|p2a: Mr. Fueguito
|-resisted|p2a: Mr. Fueguito
|-damage|p2a: Mr. Fueguito|75/100
|-unboost|p2a: Mr. Fueguito|spe|1
|
|-heal|p2a: Mr. Fueguito|100/100|[from] move: Wish|[wisher] Alolamola
|upkeep
|turn|5
|
|t:|1779897653
|switch|p1a: Gyarados|Gyarados, F|84/100
|-ability|p1a: Gyarados|Intimidate|boost
|-unboost|p2a: Mr. Fueguito|atk|1
|switch|p2a: Heracless|Heracross, M|100/100
|
|upkeep
|turn|6
|
|t:|1779897659
|switch|p2a: Alolamola|Alomomola, F|100/100
|move|p1a: Gyarados|Hurricane|p2a: Alolamola|[miss]
|-miss|p1a: Gyarados|p2a: Alolamola
|
|upkeep
|turn|7
|
|t:|1779897665
|move|p1a: Gyarados|Hurricane|p2a: Alolamola
|-damage|p2a: Alolamola|66/100
|move|p2a: Alolamola|Wish|p2a: Alolamola
|
|-heal|p2a: Alolamola|72/100|[from] Grassy Terrain
|-fieldend|move: Grassy Terrain
|upkeep
|turn|8
|
|t:|1779897671
|move|p1a: Gyarados|Hurricane|p2a: Alolamola
|-damage|p2a: Alolamola|34/100
|move|p2a: Alolamola|Mirror Coat|p1a: Gyarados
|-damage|p1a: Gyarados|0 fnt
|faint|p1a: Gyarados
|
|-heal|p2a: Alolamola|84/100|[from] move: Wish|[wisher] Alolamola
|upkeep
|
|t:|1779897679
|switch|p1a: Rillaboom|Rillaboom, F|100/100
|-fieldstart|move: Grassy Terrain|[from] ability: Grassy Surge|[of] p1a: Rillaboom
|turn|9
|
|t:|1779897686
|switch|p2a: Mr. Fueguito|Magmar, M|100/100
|move|p1a: Rillaboom|U-turn|p2a: Mr. Fueguito
|-resisted|p2a: Mr. Fueguito
|-damage|p2a: Mr. Fueguito|89/100
|
|t:|1779897692
|switch|p1a: Garchomp|Garchomp, F|100/100|[from] U-turn
|
|-heal|p2a: Mr. Fueguito|95/100|[from] Grassy Terrain
|upkeep
|turn|10
|
|t:|1779897697
|move|p1a: Garchomp|Earthquake|p2a: Mr. Fueguito
|-supereffective|p2a: Mr. Fueguito
|-damage|p2a: Mr. Fueguito|41/100
|move|p2a: Mr. Fueguito|Will-O-Wisp|p1a: Garchomp
|-status|p1a: Garchomp|brn
|
|-heal|p2a: Mr. Fueguito|47/100|[from] Grassy Terrain
|-damage|p1a: Garchomp|94/100 brn|[from] brn
|upkeep
|turn|11
|
|t:|1779897705
|move|p2a: Mr. Fueguito|Protect|p2a: Mr. Fueguito
|-singleturn|p2a: Mr. Fueguito|Protect
|move|p1a: Garchomp|Earthquake|p2a: Mr. Fueguito
|-activate|p2a: Mr. Fueguito|move: Protect
|
|-heal|p1a: Garchomp|100/100 brn|[from] Grassy Terrain
|-heal|p2a: Mr. Fueguito|54/100|[from] Grassy Terrain
|-damage|p1a: Garchomp|94/100 brn|[from] brn
|upkeep
|turn|12
|
|t:|1779897713
|switch|p2a: Alolamola|Alomomola, F|100/100
|move|p1a: Garchomp|Earthquake|p2a: Alolamola
|-damage|p2a: Alolamola|93/100
|
|-heal|p1a: Garchomp|100/100 brn|[from] Grassy Terrain
|-heal|p2a: Alolamola|99/100|[from] Grassy Terrain
|-damage|p1a: Garchomp|94/100 brn|[from] brn
|upkeep
|turn|13
|
|t:|1779897721
|move|p1a: Garchomp|Draco Meteor|p2a: Alolamola
|-damage|p2a: Alolamola|64/100
|-unboost|p1a: Garchomp|spa|2
|move|p2a: Alolamola|Flip Turn|p1a: Garchomp
|-damage|p1a: Garchomp|77/100 brn
|-damage|p2a: Alolamola|51/100|[from] ability: Rough Skin|[of] p1a: Garchomp
|
|t:|1779897737
|switch|p2a: Loki|Gengar, M, shiny|22/100|[from] Flip Turn
|
|-heal|p2a: Loki|28/100|[from] Grassy Terrain
|-heal|p2a: Loki|34/100|[from] item: Leftovers
|-heal|p1a: Garchomp|83/100 brn|[from] Grassy Terrain
|-damage|p1a: Garchomp|77/100 brn|[from] brn
|-fieldend|move: Grassy Terrain
|upkeep
|turn|14
|
|t:|1779897747
|switch|p2a: Alolamola|Alomomola, F|85/100
|move|p1a: Garchomp|Earthquake|p2a: Alolamola
|-damage|p2a: Alolamola|70/100
|
|-damage|p1a: Garchomp|71/100 brn|[from] brn
|upkeep
|turn|15
|
|t:|1779897757
|move|p1a: Garchomp|Earthquake|p2a: Alolamola
|-damage|p2a: Alolamola|55/100
|move|p2a: Alolamola|Wish|p2a: Alolamola
|
|-damage|p1a: Garchomp|65/100 brn|[from] brn
|upkeep
|turn|16
|
|t:|1779897763
|switch|p1a: Rillaboom|Rillaboom, F|100/100
|-fieldstart|move: Grassy Terrain|[from] ability: Grassy Surge|[of] p1a: Rillaboom
|move|p2a: Alolamola|Flip Turn|p1a: Rillaboom
|-resisted|p1a: Rillaboom
|-damage|p1a: Rillaboom|93/100
|-damage|p2a: Alolamola|38/100|[from] item: Rocky Helmet|[of] p1a: Rillaboom
|
|t:|1779897767
|switch|p2a: Mr. Fueguito|Magmar, M|54/100|[from] Flip Turn
|
|-heal|p2a: Mr. Fueguito|100/100|[from] move: Wish|[wisher] Alolamola
|-heal|p1a: Rillaboom|99/100|[from] Grassy Terrain
|upkeep
|turn|17
|
|t:|1779897781
|switch|p1a: Arcanine|Arcanine-Hisui, F|100/100
|-item|p1a: Arcanine|Air Balloon
|move|p2a: Mr. Fueguito|Protect||[still]
|-fail|p2a: Mr. Fueguito
|
|upkeep
|turn|18
|
|t:|1779897787
|switch|p2a: Japanese|Tentacruel, F|100/100
|move|p1a: Arcanine|Head Smash|p2a: Japanese
|-damage|p2a: Japanese|11/100
|
|-heal|p2a: Japanese|17/100|[from] Grassy Terrain
|-heal|p2a: Japanese|23/100|[from] item: Black Sludge
|upkeep
|turn|19
|
|t:|1779897801
|move|p1a: Arcanine|Extreme Speed|p2a: Japanese
|-damage|p2a: Japanese|0 fnt
|faint|p2a: Japanese
|
|upkeep
|
|t:|1779897814
|switch|p2a: Alolamola|Alomomola, F|71/100
|turn|20
|
|t:|1779897821
|switch|p1a: Rillaboom|Rillaboom, F|99/100
|move|p2a: Alolamola|Flip Turn|p1a: Rillaboom
|-resisted|p1a: Rillaboom
|-crit|p1a: Rillaboom
|-damage|p1a: Rillaboom|89/100
|-damage|p2a: Alolamola|55/100|[from] item: Rocky Helmet|[of] p1a: Rillaboom
|
|t:|1779897826
|switch|p2a: Loki|Gengar, M, shiny|34/100|[from] Flip Turn
|
|-heal|p2a: Loki|40/100|[from] Grassy Terrain
|-heal|p2a: Loki|46/100|[from] item: Leftovers
|-heal|p1a: Rillaboom|95/100|[from] Grassy Terrain
|-fieldend|move: Grassy Terrain
|upkeep
|turn|21
|
|t:|1779897841
|switch|p1a: Garchomp|Garchomp, F|65/100 brn
|move|p2a: Loki|Shadow Ball|p1a: Garchomp
|-damage|p1a: Garchomp|32/100 brn
|
|-heal|p2a: Loki|52/100|[from] item: Leftovers
|-damage|p1a: Garchomp|26/100 brn|[from] brn
|upkeep
|turn|22
|
|t:|1779897852
|move|p2a: Loki|Shadow Ball|p1a: Garchomp
|-damage|p1a: Garchomp|0 fnt
|faint|p1a: Garchomp
|
|-heal|p2a: Loki|59/100|[from] item: Leftovers
|upkeep
|
|t:|1779897858
|switch|p1a: Arcanine|Arcanine-Hisui, F|100/100
|-item|p1a: Arcanine|Air Balloon
|turn|23
|
|t:|1779897863
|switch|p2a: Alolamola|Alomomola, F|88/100
|move|p1a: Arcanine|Head Smash|p2a: Alolamola
|-damage|p2a: Alolamola|43/100
|-damage|p1a: Arcanine|84/100|[from] item: Rocky Helmet|[of] p2a: Alolamola
|
|upkeep
|turn|24
|
|t:|1779897876
|switch|p2a: Mr. Fueguito|Magmar, M|100/100
|move|p1a: Arcanine|Head Smash|p2a: Mr. Fueguito
|-supereffective|p2a: Mr. Fueguito
|-damage|p2a: Mr. Fueguito|0 fnt
|faint|p2a: Mr. Fueguito
|
|upkeep
|
|t:|1779897879
|switch|p2a: Alolamola|Alomomola, F|76/100
|turn|25
|
|t:|1779897886
|switch|p1a: Rillaboom|Rillaboom, F|95/100
|-fieldstart|move: Grassy Terrain|[from] ability: Grassy Surge|[of] p1a: Rillaboom
|move|p2a: Alolamola|Flip Turn|p1a: Rillaboom
|-resisted|p1a: Rillaboom
|-damage|p1a: Rillaboom|88/100
|-damage|p2a: Alolamola|59/100|[from] item: Rocky Helmet|[of] p1a: Rillaboom
|
|t:|1779897893
|switch|p2a: Loki|Gengar, M, shiny|59/100|[from] Flip Turn
|
|-heal|p2a: Loki|65/100|[from] Grassy Terrain
|-heal|p2a: Loki|71/100|[from] item: Leftovers
|-heal|p1a: Rillaboom|94/100|[from] Grassy Terrain
|upkeep
|turn|26
|
|t:|1779897904
|switch|p1a: Metagross|Metagross|100/100
|move|p2a: Loki|Shadow Ball|p1a: Metagross
|-supereffective|p1a: Metagross
|-damage|p1a: Metagross|26/100
|
|-heal|p2a: Loki|77/100|[from] Grassy Terrain
|-heal|p2a: Loki|83/100|[from] item: Leftovers
|-heal|p1a: Metagross|32/100|[from] Grassy Terrain
|upkeep
|turn|27
|
|t:|1779897914
|move|p2a: Loki|Shadow Ball|p1a: Metagross
|-supereffective|p1a: Metagross
|-damage|p1a: Metagross|0 fnt
|faint|p1a: Metagross
|
|-heal|p2a: Loki|89/100|[from] Grassy Terrain
|-heal|p2a: Loki|95/100|[from] item: Leftovers
|upkeep
|
|t:|1779897921
|switch|p1a: Arcanine|Arcanine-Hisui, F|84/100
|-item|p1a: Arcanine|Air Balloon
|turn|28
|
|t:|1779897928
|move|p2a: Loki|Shadow Ball|p1a: Arcanine
|-damage|p1a: Arcanine|36/100
|-enditem|p1a: Arcanine|Air Balloon
|move|p1a: Arcanine|Head Smash|p2a: Loki|[miss]
|-miss|p1a: Arcanine|p2a: Loki
|
|-heal|p2a: Loki|100/100|[from] Grassy Terrain
|-heal|p1a: Arcanine|42/100|[from] Grassy Terrain
|upkeep
|turn|29
|
|t:|1779897939
|switch|p2a: Ra (polloman)|Rabsca, M, shiny|100/100
|move|p1a: Arcanine|Head Smash|p2a: Ra (polloman)
|-supereffective|p2a: Ra (polloman)
|-damage|p2a: Ra (polloman)|0 fnt
|faint|p2a: Ra (polloman)
|
|-heal|p1a: Arcanine|48/100|[from] Grassy Terrain
|-fieldend|move: Grassy Terrain
|upkeep
|
|t:|1779897941
|switch|p2a: Heracless|Heracross, M|100/100
|turn|30
|
|t:|1779897950
|-terastallize|p2a: Heracless|Fighting
|move|p2a: Heracless|Close Combat|p1a: Arcanine
|-supereffective|p1a: Arcanine
|-damage|p1a: Arcanine|0 fnt
|-unboost|p2a: Heracless|def|1
|-unboost|p2a: Heracless|spd|1
|faint|p1a: Arcanine
|-ability|p2a: Heracless|Moxie|boost
|-boost|p2a: Heracless|atk|1
|
|upkeep
|
|t:|1779897958
|switch|p1a: Florges|Florges, F|100/100
|turn|31
|
|t:|1779897962
|move|p2a: Heracless|Close Combat|p1a: Florges
|-resisted|p1a: Florges
|-damage|p1a: Florges|12/100
|-unboost|p2a: Heracless|def|1
|-unboost|p2a: Heracless|spd|1
|move|p1a: Florges|Moonblast|p2a: Heracless
|-supereffective|p2a: Heracless
|-damage|p2a: Heracless|0 fnt
|faint|p2a: Heracless
|
|-heal|p1a: Florges|18/100|[from] item: Leftovers
|upkeep
|
|t:|1779897970
|switch|p2a: Loki|Gengar, M, shiny|100/100
|turn|32
|
|t:|1779897977
|move|p2a: Loki|Sludge Wave|p1a: Florges
|-supereffective|p1a: Florges
|-damage|p1a: Florges|0 fnt
|faint|p1a: Florges
|
|upkeep
|
|t:|1779897981
|switch|p1a: Rillaboom|Rillaboom, F|94/100
|-fieldstart|move: Grassy Terrain|[from] ability: Grassy Surge|[of] p1a: Rillaboom
|turn|33
|
|t:|1779897988
|move|p2a: Loki|Sludge Wave|p1a: Rillaboom
|-supereffective|p1a: Rillaboom
|-damage|p1a: Rillaboom|0 fnt
|faint|p1a: Rillaboom
|
|win|LuckGalicia
|raw|airstrike890's rating: 1121 &rarr; <strong>1096</strong><br />(-25 for losing)
|raw|LuckGalicia's rating: 1119 &rarr; <strong>1144</strong><br />(+25 for winning)
|l|☆airstrike890
|player|p1|
|l|☆LuckGalicia
|player|p2|
