|j|☆shauryagarchamp
|j|☆koolbeins
|t:|1779876574
|gametype|singles
|player|p1|shauryagarchamp|elesa-masters3|1144
|player|p2|koolbeins|ingo|1094
|gen|9
|tier|[Gen 9] OU
|rated|
|rule|HP Percentage Mod: HP is shown in percentages
|rule|Endless Battle Clause: Forcing endless battles is banned
|rule|Species Clause: Limit one of each Pokémon
|rule|OHKO Clause: OHKO moves are banned
|rule|Evasion Items Clause: Evasion items are banned
|rule|Evasion Moves Clause: Evasion moves are banned
|rule|Evasion Abilities Clause: Evasion abilities are banned
|rule|Sleep Moves Clause: Sleep-inducing moves are banned
|clearpoke
|poke|p1|Iron Valiant|
|poke|p1|Hoopa-Unbound|
|poke|p1|Raging Bolt|
|poke|p1|Ceruledge, F|
|poke|p1|Ogerpon-Wellspring, F|
|poke|p1|Landorus-Therian, M|
|poke|p2|Keldeo-Resolute|
|poke|p2|Arboliva, F|
|poke|p2|Heatran, F|
|poke|p2|Veluza, M|
|poke|p2|Great Tusk|
|poke|p2|Slowking-Galar, M|
|teampreview
|inactive|Battle timer is ON: inactive players will automatically lose when time's up. (requested by koolbeins)
|inactive|shauryagarchamp also wants the timer to be on.
|
|t:|1779876587
|teamsize|p1|6
|teamsize|p2|6
|start
|switch|p1a: Landorus|Landorus-Therian, M|100/100
|switch|p2a: Veluza|Veluza, M|100/100
|-ability|p1a: Landorus|Intimidate|boost
|-unboost|p2a: Veluza|atk|1
|-ability|p2a: Veluza|Mold Breaker
|turn|1
|
|t:|1779876591
|move|p1a: Landorus|Stealth Rock|p2a: Veluza
|-sidestart|p2: koolbeins|move: Stealth Rock
|move|p2a: Veluza|Fillet Away|p2a: Veluza
|-boost|p2a: Veluza|atk|2
|-boost|p2a: Veluza|spa|2
|-boost|p2a: Veluza|spe|2
|-damage|p2a: Veluza|51/100
|
|upkeep
|turn|2
|
|t:|1779876601
|move|p2a: Veluza|Recover|p2a: Veluza
|-heal|p2a: Veluza|100/100
|move|p1a: Landorus|Taunt|p2a: Veluza
|-start|p2a: Veluza|move: Taunt
|
|upkeep
|turn|3
|
|t:|1779876609
|move|p2a: Veluza|Stored Power|p1a: Landorus
|-damage|p1a: Landorus|26/100
|move|p1a: Landorus|U-turn|p2a: Veluza
|-supereffective|p2a: Veluza
|-damage|p2a: Veluza|49/100
|-enditem|p2a: Veluza|Sitrus Berry|[eat]
|-heal|p2a: Veluza|74/100|[from] item: Sitrus Berry
|
|t:|1779876633
|switch|p1a: Hoopa|Hoopa-Unbound|100/100|[from] U-turn
|
|upkeep
|turn|4
|
|t:|1779876640
|move|p2a: Veluza|Hydro Pump|p1a: Hoopa
|-damage|p1a: Hoopa|68/100
|move|p1a: Hoopa|Thunderbolt|p2a: Veluza
|-supereffective|p2a: Veluza
|-damage|p2a: Veluza|0 fnt
|faint|p2a: Veluza
|
|upkeep
|
|t:|1779876649
|switch|p2a: Arboliva|Arboliva, F|100/100
|-damage|p2a: Arboliva|88/100|[from] Stealth Rock
|turn|5
|
|t:|1779876655
|move|p1a: Hoopa|Ice Punch|p2a: Arboliva
|-supereffective|p2a: Arboliva
|-damage|p2a: Arboliva|29/100
|-fieldstart|move: Grassy Terrain|[from] ability: Seed Sower|[of] p2a: Arboliva
|move|p2a: Arboliva|Strength Sap|p1a: Hoopa
|-unboost|p1a: Hoopa|atk|1
|-heal|p2a: Arboliva|100/100
|
|-heal|p1a: Hoopa|74/100|[from] Grassy Terrain
|upkeep
|turn|6
|
|t:|1779876668
|move|p1a: Hoopa|Thunderbolt|p2a: Arboliva
|-resisted|p2a: Arboliva
|-damage|p2a: Arboliva|86/100
|move|p2a: Arboliva|Energy Ball|p1a: Hoopa
|-damage|p1a: Hoopa|51/100
|
|-heal|p1a: Hoopa|57/100|[from] Grassy Terrain
|-heal|p2a: Arboliva|92/100|[from] Grassy Terrain
|-heal|p2a: Arboliva|98/100|[from] item: Leftovers
|upkeep
|turn|7
|
|t:|1779876676
|move|p1a: Hoopa|Ice Punch|p2a: Arboliva
|-supereffective|p2a: Arboliva
|-damage|p2a: Arboliva|59/100
|move|p2a: Arboliva|Strength Sap|p1a: Hoopa
|-unboost|p1a: Hoopa|atk|1
|-heal|p2a: Arboliva|100/100
|
|-heal|p1a: Hoopa|63/100|[from] Grassy Terrain
|upkeep
|turn|8
|
|t:|1779876689
|move|p1a: Hoopa|Focus Blast|p2a: Arboliva
|-supereffective|p2a: Arboliva
|-damage|p2a: Arboliva|31/100
|move|p2a: Arboliva|Energy Ball|p1a: Hoopa
|-damage|p1a: Hoopa|39/100
|-unboost|p1a: Hoopa|spd|1
|
|-heal|p1a: Hoopa|45/100|[from] Grassy Terrain
|-heal|p2a: Arboliva|37/100|[from] Grassy Terrain
|-heal|p2a: Arboliva|43/100|[from] item: Leftovers
|upkeep
|turn|9
|
|t:|1779876696
|move|p1a: Hoopa|Focus Blast|p2a: Arboliva
|-supereffective|p2a: Arboliva
|-damage|p2a: Arboliva|0 fnt
|faint|p2a: Arboliva
|
|-heal|p1a: Hoopa|51/100|[from] Grassy Terrain
|-fieldend|move: Grassy Terrain
|upkeep
|
|t:|1779876701
|switch|p2a: Great Tusk|Great Tusk, shiny|100/100
|-damage|p2a: Great Tusk|98/100|[from] Stealth Rock
|-enditem|p2a: Great Tusk|Booster Energy
|-activate|p2a: Great Tusk|ability: Protosynthesis|[fromitem]
|-start|p2a: Great Tusk|protosynthesisspe
|turn|10
|-message|koolbeins forfeited.
|
|win|shauryagarchamp
|raw|shauryagarchamp's rating: 1144 &rarr; <strong>1165</strong><br />(+21 for winning)
|raw|koolbeins's rating: 1094 &rarr; <strong>1073</strong><br />(-21 for losing)
|l|☆koolbeins
|player|p2|
|l|☆shauryagarchamp
|player|p1|
