|j|☆tuanquewang
|j|☆Ze carrot
|t:|1779961927
|gametype|singles
|player|p1|tuanquewang|backersf|1701
|player|p2|Ze carrot|miku-flying|1491
|gen|9
|tier|[Gen 9] OU
|rated|
|rule|HP Percentage Mod: HP is shown in percentages
|rule|Endless Battle Clause: Forcing endless battles is banned
|rule|Species Clause: Limit one of each Pokémon
|rule|OHKO Clause: OHKO moves are banned
|rule|Evasion Items Clause: Evasion items are banned
|rule|Evasion Moves Clause: Evasion moves are banned
|rule|Evasion Abilities Clause: Evasion abilities are banned
|rule|Sleep Moves Clause: Sleep-inducing moves are banned
|clearpoke
|poke|p1|Slowking-Galar, M|
|poke|p1|Hydrapple, F|
|poke|p1|Cinderace, M|
|poke|p1|Iron Crown|
|poke|p1|Alomomola, F|
|poke|p1|Mamoswine, M|
|poke|p2|Pecharunt|
|poke|p2|Hawlucha, M|
|poke|p2|Rillaboom, F|
|poke|p2|Regieleki|
|poke|p2|Slowking-Galar, M|
|poke|p2|Great Tusk|
|teampreview
|inactive|Battle timer is ON: inactive players will automatically lose when time's up. (requested by Ze carrot)
|inactive|tuanquewang also wants the timer to be on.
|
|t:|1779961936
|teamsize|p1|6
|teamsize|p2|6
|start
|switch|p1a: Mamoswine|Mamoswine, M|100/100
|switch|p2a: Regieleki|Regieleki|100/100
|turn|1
|
|t:|1779961944
|switch|p2a: Pecharunt|Pecharunt|100/100
|move|p1a: Mamoswine|Icicle Crash|p2a: Pecharunt
|-damage|p2a: Pecharunt|67/100
|
|upkeep
|turn|2
|
|t:|1779961948
|switch|p1a: Slowking|Slowking-Galar, M|100/100
|move|p2a: Pecharunt|Parting Shot|p1a: Slowking
|-unboost|p1a: Slowking|atk|1
|-unboost|p1a: Slowking|spa|1
|
|t:|1779961951
|switch|p2a: Great Tusk|Great Tusk|100/100|[from] Parting Shot
|
|upkeep
|turn|3
|
|t:|1779961956
|switch|p1a: Hydrapple|Hydrapple, F, shiny|100/100
|move|p2a: Great Tusk|Stealth Rock|p1a: Hydrapple
|-sidestart|p1: tuanquewang|move: Stealth Rock
|
|upkeep
|turn|4
|
|t:|1779961961
|move|p2a: Great Tusk|Ice Spinner|p1a: Hydrapple
|-supereffective|p1a: Hydrapple
|-damage|p1a: Hydrapple|36/100
|move|p1a: Hydrapple|Earth Power|p2a: Great Tusk
|-damage|p2a: Great Tusk|36/100
|
|upkeep
|turn|5
|
|t:|1779961964
|switch|p1a: Alomomola|Alomomola, F|100/100
|-damage|p1a: Alomomola|88/100|[from] Stealth Rock
|move|p2a: Great Tusk|Ice Spinner|p1a: Alomomola
|-resisted|p1a: Alomomola
|-damage|p1a: Alomomola|82/100
|
|-heal|p1a: Alomomola|88/100|[from] item: Leftovers
|upkeep
|turn|6
|
|t:|1779961966
|-end|p2a: Great Tusk|Protosynthesis|[silent]
|switch|p2a: Regieleki|Regieleki|100/100
|move|p1a: Alomomola|Flip Turn|p2a: Regieleki
|-damage|p2a: Regieleki|75/100
|
|t:|1779961968
|switch|p1a: Mamoswine|Mamoswine, M|100/100|[from] Flip Turn
|-damage|p1a: Mamoswine|88/100|[from] Stealth Rock
|
|upkeep
|turn|7
|
|t:|1779961978
|switch|p2a: Slowking|Slowking-Galar, M|100/100
|move|p1a: Mamoswine|Icicle Crash|p2a: Slowking
|-damage|p2a: Slowking|24/100
|
|upkeep
|turn|8
|
|t:|1779961982
|switch|p2a: Pecharunt|Pecharunt|67/100
|move|p1a: Mamoswine|Icicle Crash|p2a: Pecharunt
|-damage|p2a: Pecharunt|33/100
|
|upkeep
|turn|9
|
|t:|1779961988
|move|p2a: Pecharunt|Recover|p2a: Pecharunt
|-heal|p2a: Pecharunt|83/100
|move|p1a: Mamoswine|Icicle Crash|p2a: Pecharunt|[miss]
|-miss|p1a: Mamoswine|p2a: Pecharunt
|
|upkeep
|turn|10
|
|t:|1779961998
|move|p2a: Pecharunt|Malignant Chain|p1a: Mamoswine
|-resisted|p1a: Mamoswine
|-damage|p1a: Mamoswine|70/100
|move|p1a: Mamoswine|Icicle Crash|p2a: Pecharunt|[miss]
|-miss|p1a: Mamoswine|p2a: Pecharunt
|
|upkeep
|turn|11
|
|t:|1779962004
|switch|p1a: Slowking|Slowking-Galar, M|100/100
|-damage|p1a: Slowking|88/100|[from] Stealth Rock
|move|p2a: Pecharunt|Malignant Chain|p1a: Slowking
|-resisted|p1a: Slowking
|-damage|p1a: Slowking|79/100
|
|-heal|p1a: Slowking|85/100|[from] item: Black Sludge
|upkeep
|turn|12
|
|t:|1779962016
|move|p2a: Pecharunt|Parting Shot|p1a: Slowking
|-unboost|p1a: Slowking|atk|1
|-unboost|p1a: Slowking|spa|1
|
|t:|1779962020
|switch|p2a: Slowking|Slowking-Galar, M|57/100|[from] Parting Shot
|move|p1a: Slowking|Psychic Noise|p2a: Slowking
|-damage|p2a: Slowking|47/100
|-start|p2a: Slowking|move: Heal Block
|
|-heal|p1a: Slowking|91/100|[from] item: Black Sludge
|upkeep
|turn|13
|
|t:|1779962022
|move|p2a: Slowking|Psychic Noise|p1a: Slowking
|-damage|p1a: Slowking|68/100
|-start|p1a: Slowking|move: Heal Block
|-prepare|p1a: Slowking|Chilly Reception|[premajor]
|move|p1a: Slowking|Chilly Reception|p1a: Slowking
|-weather|Snowscape
|
|t:|1779962025
|switch|p1a: Mamoswine|Mamoswine, M|70/100|[from] Chilly Reception
|-damage|p1a: Mamoswine|57/100|[from] Stealth Rock
|
|-weather|Snowscape|[upkeep]
|-end|p2a: Slowking|move: Heal Block
|upkeep
|turn|14
|
|t:|1779962032
|switch|p2a: Rillaboom|Rillaboom, F|100/100
|-fieldstart|move: Grassy Terrain|[from] ability: Grassy Surge|[of] p2a: Rillaboom
|move|p1a: Mamoswine|Icicle Crash|p2a: Rillaboom
|-supereffective|p2a: Rillaboom
|-damage|p2a: Rillaboom|0 fnt
|faint|p2a: Rillaboom
|
|-weather|Snowscape|[upkeep]
|-heal|p1a: Mamoswine|63/100|[from] Grassy Terrain
|upkeep
|
|t:|1779962034
|switch|p2a: Hawlucha|Hawlucha, M|100/100
|-enditem|p2a: Hawlucha|Grassy Seed
|-boost|p2a: Hawlucha|def|1|[from] item: Grassy Seed
|turn|15
|
|t:|1779962039
|-terastallize|p2a: Hawlucha|Steel
|-terastallize|p1a: Mamoswine|Poison
|move|p2a: Hawlucha|Swords Dance|p2a: Hawlucha
|-boost|p2a: Hawlucha|atk|2
|move|p1a: Mamoswine|Icicle Crash|p2a: Hawlucha
|-resisted|p2a: Hawlucha
|-damage|p2a: Hawlucha|70/100
|
|-weather|Snowscape|[upkeep]
|-heal|p2a: Hawlucha|76/100|[from] Grassy Terrain
|-heal|p1a: Mamoswine|69/100|[from] Grassy Terrain
|upkeep
|turn|16
|
|t:|1779962054
|switch|p1a: Hydrapple|Hydrapple, F, shiny|69/100
|-damage|p1a: Hydrapple|57/100|[from] Stealth Rock
|move|p2a: Hawlucha|Swords Dance|p2a: Hawlucha
|-boost|p2a: Hawlucha|atk|2
|
|-weather|Snowscape|[upkeep]
|-heal|p2a: Hawlucha|82/100|[from] Grassy Terrain
|-heal|p1a: Hydrapple|63/100|[from] Grassy Terrain
|upkeep
|turn|17
|
|t:|1779962059
|move|p2a: Hawlucha|Acrobatics|p1a: Hydrapple
|-supereffective|p1a: Hydrapple
|-damage|p1a: Hydrapple|0 fnt
|faint|p1a: Hydrapple
|
|-weather|none
|-heal|p2a: Hawlucha|89/100|[from] Grassy Terrain
|upkeep
|
|t:|1779962064
|switch|p1a: Mamoswine|Mamoswine, M, tera:Poison|69/100
|-damage|p1a: Mamoswine|57/100|[from] Stealth Rock
|turn|18
|
|t:|1779962066
|move|p2a: Hawlucha|Acrobatics|p1a: Mamoswine
|-damage|p1a: Mamoswine|0 fnt
|faint|p1a: Mamoswine
|
|-heal|p2a: Hawlucha|95/100|[from] Grassy Terrain
|-fieldend|move: Grassy Terrain
|upkeep
|-message|tuanquewang forfeited.
|
|win|Ze carrot
|raw|tuanquewang's rating: 1701 &rarr; <strong>1670</strong><br />(-31 for losing)
|raw|Ze carrot's rating: 1491 &rarr; <strong>1522</strong><br />(+31 for winning)
|l|☆tuanquewang
|player|p1|
|l|☆Ze carrot
|player|p2|
