|j|☆Thmpbck
|j|☆calamitycow
|t:|1779861394
|gametype|singles
|player|p1|Thmpbck|2|1340
|player|p2|calamitycow|miku-water|1407
|gen|9
|tier|[Gen 9] OU
|rated|
|rule|HP Percentage Mod: HP is shown in percentages
|rule|Endless Battle Clause: Forcing endless battles is banned
|rule|Species Clause: Limit one of each Pokémon
|rule|OHKO Clause: OHKO moves are banned
|rule|Evasion Items Clause: Evasion items are banned
|rule|Evasion Moves Clause: Evasion moves are banned
|rule|Evasion Abilities Clause: Evasion abilities are banned
|rule|Sleep Moves Clause: Sleep-inducing moves are banned
|clearpoke
|poke|p1|Tyranitar, F|
|poke|p1|Excadrill, F|
|poke|p1|Pecharunt|
|poke|p1|Ogerpon-Wellspring, F|
|poke|p1|Corviknight, M|
|poke|p1|Gliscor, M|
|poke|p2|Samurott-Hisui, F|
|poke|p2|Gholdengo|
|poke|p2|Pecharunt|
|poke|p2|Landorus-Therian, M|
|poke|p2|Latios, M|
|poke|p2|Zamazenta-*|
|teampreview
|inactive|Battle timer is ON: inactive players will automatically lose when time's up. (requested by calamitycow)
|inactive|Thmpbck has 120 seconds left.
|
|t:|1779861435
|teamsize|p1|6
|teamsize|p2|6
|start
|switch|p1a: Tyranitar|Tyranitar, F|100/100
|switch|p2a: Landorus|Landorus-Therian, M|100/100
|-ability|p2a: Landorus|Intimidate|boost
|-unboost|p1a: Tyranitar|atk|1
|-weather|Sandstorm|[from] ability: Sand Stream|[of] p1a: Tyranitar
|turn|1
|
|t:|1779861453
|switch|p1a: Corviknight|Corviknight, M|100/100
|-ability|p1a: Corviknight|Pressure
|move|p2a: Landorus|U-turn|p1a: Corviknight
|-resisted|p1a: Corviknight
|-damage|p1a: Corviknight|97/100
|-damage|p2a: Landorus|84/100|[from] item: Rocky Helmet|[of] p1a: Corviknight
|
|t:|1779861468
|switch|p2a: Pecharunt|Pecharunt|100/100|[from] U-turn
|
|-weather|Sandstorm|[upkeep]
|-damage|p2a: Pecharunt|94/100|[from] Sandstorm
|upkeep
|turn|2
|
|t:|1779861481
|switch|p1a: Tyranitar|Tyranitar, F|100/100
|move|p2a: Pecharunt|Parting Shot|p1a: Tyranitar
|-unboost|p1a: Tyranitar|atk|1
|-unboost|p1a: Tyranitar|spa|1
|
|t:|1779861485
|switch|p2a: Landorus|Landorus-Therian, M|84/100|[from] Parting Shot
|-ability|p2a: Landorus|Intimidate|boost
|-unboost|p1a: Tyranitar|atk|1
|
|-weather|Sandstorm|[upkeep]
|upkeep
|turn|3
|
|t:|1779861492
|switch|p1a: Corviknight|Corviknight, M|97/100
|-ability|p1a: Corviknight|Pressure
|move|p2a: Landorus|Stealth Rock|p1a: Corviknight
|-sidestart|p1: Thmpbck|move: Stealth Rock
|
|-weather|Sandstorm|[upkeep]
|upkeep
|turn|4
|
|t:|1779861495
|move|p2a: Landorus|Taunt|p1a: Corviknight
|-start|p1a: Corviknight|move: Taunt
|move|p1a: Corviknight|U-turn|p2a: Landorus
|-resisted|p2a: Landorus
|-damage|p2a: Landorus|76/100
|-damage|p1a: Corviknight|81/100|[from] item: Rocky Helmet|[of] p2a: Landorus
|
|t:|1779861506
|switch|p1a: Gliscor|Gliscor, M|100/100|[from] U-turn
|-damage|p1a: Gliscor|88/100|[from] Stealth Rock
|
|-weather|Sandstorm|[upkeep]
|-status|p1a: Gliscor|tox|[from] item: Toxic Orb
|upkeep
|turn|5
|
|t:|1779861511
|move|p2a: Landorus|Taunt|p1a: Gliscor
|-start|p1a: Gliscor|move: Taunt
|move|p1a: Gliscor|Knock Off|p2a: Landorus
|-damage|p2a: Landorus|55/100
|-damage|p1a: Gliscor|71/100 tox|[from] item: Rocky Helmet|[of] p2a: Landorus
|-enditem|p2a: Landorus|Rocky Helmet|[from] move: Knock Off|[of] p1a: Gliscor
|
|-weather|Sandstorm|[upkeep]
|-heal|p1a: Gliscor|84/100 tox|[from] ability: Poison Heal
|upkeep
|turn|6
|
|t:|1779861516
|move|p2a: Landorus|U-turn|p1a: Gliscor
|-resisted|p1a: Gliscor
|-damage|p1a: Gliscor|75/100 tox
|inactive|calamitycow has 120 seconds left.
|
|t:|1779861562
|switch|p2a: Samurott|Samurott-Hisui, F|100/100|[from] U-turn
|move|p1a: Gliscor|Knock Off|p2a: Samurott
|-resisted|p2a: Samurott
|-damage|p2a: Samurott|89/100
|-enditem|p2a: Samurott|Assault Vest|[from] move: Knock Off|[of] p1a: Gliscor
|
|-weather|Sandstorm|[upkeep]
|-damage|p2a: Samurott|83/100|[from] Sandstorm
|-heal|p1a: Gliscor|87/100 tox|[from] ability: Poison Heal
|upkeep
|turn|7
|
|t:|1779861574
|switch|p1a: Corviknight|Corviknight, M|81/100
|-damage|p1a: Corviknight|68/100|[from] Stealth Rock
|-ability|p1a: Corviknight|Pressure
|move|p2a: Samurott|Ceaseless Edge|p1a: Corviknight
|-damage|p1a: Corviknight|41/100
|-damage|p2a: Samurott|67/100|[from] item: Rocky Helmet|[of] p1a: Corviknight
|-sidestart|p1: Thmpbck|Spikes
|
|-weather|Sandstorm|[upkeep]
|-damage|p2a: Samurott|61/100|[from] Sandstorm
|upkeep
|turn|8
|
|t:|1779861583
|switch|p2a: Gholdengo|Gholdengo|100/100
|-item|p2a: Gholdengo|Air Balloon
|move|p1a: Corviknight|Roost|p1a: Corviknight
|-heal|p1a: Corviknight|91/100
|-singleturn|p1a: Corviknight|move: Roost
|
|-weather|none
|upkeep
|turn|9
|
|t:|1779861598
|switch|p1a: Gliscor|Gliscor, M|87/100 tox
|-damage|p1a: Gliscor|75/100 tox|[from] Stealth Rock
|move|p2a: Gholdengo|Shadow Ball|p1a: Gliscor
|-damage|p1a: Gliscor|44/100 tox
|
|-heal|p1a: Gliscor|56/100 tox|[from] ability: Poison Heal
|upkeep
|turn|10
|
|t:|1779861610
|move|p1a: Gliscor|Knock Off|p2a: Gholdengo
|-supereffective|p2a: Gholdengo
|-damage|p2a: Gholdengo|72/100
|-enditem|p2a: Gholdengo|Air Balloon
|move|p2a: Gholdengo|Shadow Ball|p1a: Gliscor
|-damage|p1a: Gliscor|26/100 tox
|-unboost|p1a: Gliscor|spd|1
|
|-heal|p1a: Gliscor|38/100 tox|[from] ability: Poison Heal
|upkeep
|turn|11
|
|t:|1779861616
|move|p1a: Gliscor|Protect|p1a: Gliscor
|-singleturn|p1a: Gliscor|Protect
|move|p2a: Gholdengo|Make It Rain|p1a: Gliscor
|-activate|p1a: Gliscor|move: Protect
|
|-heal|p1a: Gliscor|51/100 tox|[from] ability: Poison Heal
|upkeep
|turn|12
|
|t:|1779861624
|switch|p1a: Pecharunt|Pecharunt|100/100
|-damage|p1a: Pecharunt|88/100|[from] Stealth Rock
|-damage|p1a: Pecharunt|76/100|[from] Spikes
|move|p2a: Gholdengo|Make It Rain|p1a: Pecharunt
|-damage|p1a: Pecharunt|20/100
|-unboost|p2a: Gholdengo|spa|1
|
|-heal|p1a: Pecharunt|27/100|[from] item: Leftovers
|upkeep
|turn|13
|
|t:|1779861636
|move|p1a: Pecharunt|Recover|p1a: Pecharunt
|-heal|p1a: Pecharunt|77/100
|move|p2a: Gholdengo|Make It Rain|p1a: Pecharunt
|-damage|p1a: Pecharunt|40/100
|-unboost|p2a: Gholdengo|spa|1
|
|-heal|p1a: Pecharunt|46/100|[from] item: Leftovers
|upkeep
|turn|14
|
|t:|1779861641
|switch|p2a: Samurott|Samurott-Hisui, F|61/100
|move|p1a: Pecharunt|Recover|p1a: Pecharunt
|-heal|p1a: Pecharunt|96/100
|
|-heal|p1a: Pecharunt|100/100|[from] item: Leftovers
|upkeep
|turn|15
|
|t:|1779861643
|switch|p1a: Corviknight|Corviknight, M|91/100
|-damage|p1a: Corviknight|78/100|[from] Stealth Rock
|-ability|p1a: Corviknight|Pressure
|move|p2a: Samurott|Ceaseless Edge|p1a: Corviknight
|-damage|p1a: Corviknight|54/100
|-damage|p2a: Samurott|44/100|[from] item: Rocky Helmet|[of] p1a: Corviknight
|-sidestart|p1: Thmpbck|Spikes
|
|upkeep
|turn|16
|
|t:|1779861646
|switch|p2a: Gholdengo|Gholdengo|72/100
|move|p1a: Corviknight|U-turn|p2a: Gholdengo
|-resisted|p2a: Gholdengo
|-damage|p2a: Gholdengo|70/100
|
|t:|1779861653
|switch|p1a: Excadrill|Excadrill, F|100/100|[from] U-turn
|-damage|p1a: Excadrill|97/100|[from] Stealth Rock
|-damage|p1a: Excadrill|81/100|[from] Spikes
|
|upkeep
|turn|17
|
|t:|1779861657
|switch|p2a: Landorus|Landorus-Therian, M|55/100
|-ability|p2a: Landorus|Intimidate|boost
|-unboost|p1a: Excadrill|atk|1
|move|p1a: Excadrill|Rapid Spin|p2a: Landorus
|-damage|p2a: Landorus|38/100
|-boost|p1a: Excadrill|spe|1
|-sideend|p1: Thmpbck|Spikes|[from] move: Rapid Spin|[of] p1a: Excadrill
|-sideend|p1: Thmpbck|Stealth Rock|[from] move: Rapid Spin|[of] p1a: Excadrill
|-damage|p1a: Excadrill|71/100|[from] item: Life Orb
|
|upkeep
|turn|18
|
|t:|1779861670
|switch|p1a: Corviknight|Corviknight, M|54/100
|-ability|p1a: Corviknight|Pressure
|move|p2a: Landorus|Earthquake|p1a: Corviknight
|-immune|p1a: Corviknight
|
|upkeep
|turn|19
|
|t:|1779861677
|move|p2a: Landorus|Taunt|p1a: Corviknight
|-start|p1a: Corviknight|move: Taunt
|cant|p1a: Corviknight|move: Taunt|Roost
|
|upkeep
|turn|20
|
|t:|1779861684
|move|p2a: Landorus|Stealth Rock|p1a: Corviknight
|-sidestart|p1: Thmpbck|move: Stealth Rock
|move|p1a: Corviknight|U-turn|p2a: Landorus
|-resisted|p2a: Landorus
|-damage|p2a: Landorus|31/100
|
|t:|1779861694
|switch|p1a: Gliscor|Gliscor, M|51/100 tox|[from] U-turn
|-damage|p1a: Gliscor|38/100 tox|[from] Stealth Rock
|
|-heal|p1a: Gliscor|51/100 tox|[from] ability: Poison Heal
|upkeep
|turn|21
|
|t:|1779861699
|move|p2a: Landorus|U-turn|p1a: Gliscor
|-resisted|p1a: Gliscor
|-damage|p1a: Gliscor|43/100 tox
|
|t:|1779861710
|switch|p2a: Pecharunt|Pecharunt|94/100|[from] U-turn
|move|p1a: Gliscor|Knock Off|p2a: Pecharunt
|-supereffective|p2a: Pecharunt
|-damage|p2a: Pecharunt|71/100
|-enditem|p2a: Pecharunt|Heavy-Duty Boots|[from] move: Knock Off|[of] p1a: Gliscor
|
|-heal|p1a: Gliscor|55/100 tox|[from] ability: Poison Heal
|upkeep
|turn|22
|
|t:|1779861719
|move|p1a: Gliscor|Protect|p1a: Gliscor
|-singleturn|p1a: Gliscor|Protect
|move|p2a: Pecharunt|Parting Shot|p1a: Gliscor
|-activate|p1a: Gliscor|move: Protect
|
|-heal|p1a: Gliscor|67/100 tox|[from] ability: Poison Heal
|upkeep
|turn|23
|
|t:|1779861722
|move|p2a: Pecharunt|Parting Shot|p1a: Gliscor
|-unboost|p1a: Gliscor|atk|1
|-unboost|p1a: Gliscor|spa|1
|
|t:|1779861724
|switch|p2a: Samurott|Samurott-Hisui, F|44/100|[from] Parting Shot
|move|p1a: Gliscor|Knock Off|p2a: Samurott
|-resisted|p2a: Samurott
|-damage|p2a: Samurott|39/100
|
|-heal|p1a: Gliscor|80/100 tox|[from] ability: Poison Heal
|upkeep
|turn|24
|
|t:|1779861731
|move|p1a: Gliscor|Protect|p1a: Gliscor
|-singleturn|p1a: Gliscor|Protect
|move|p2a: Samurott|Ceaseless Edge|p1a: Gliscor
|-activate|p1a: Gliscor|move: Protect
|
|-heal|p1a: Gliscor|92/100 tox|[from] ability: Poison Heal
|upkeep
|turn|25
|
|t:|1779861736
|move|p1a: Gliscor|Earthquake|p2a: Samurott
|-damage|p2a: Samurott|15/100
|move|p2a: Samurott|Ceaseless Edge|p1a: Gliscor
|-damage|p1a: Gliscor|56/100 tox
|-sidestart|p1: Thmpbck|Spikes
|
|-heal|p1a: Gliscor|68/100 tox|[from] ability: Poison Heal
|upkeep
|turn|26
|
|t:|1779861743
|switch|p2a: Landorus|Landorus-Therian, M|31/100
|-ability|p2a: Landorus|Intimidate|boost
|-unboost|p1a: Gliscor|atk|1
|move|p1a: Gliscor|Protect||[still]
|-fail|p1a: Gliscor
|
|-heal|p1a: Gliscor|81/100 tox|[from] ability: Poison Heal
|upkeep
|turn|27
|
|t:|1779861749
|move|p2a: Landorus|U-turn|p1a: Gliscor
|-resisted|p1a: Gliscor
|-damage|p1a: Gliscor|72/100 tox
|
|t:|1779861752
|switch|p2a: Pecharunt|Pecharunt|71/100|[from] U-turn
|move|p1a: Gliscor|Knock Off|p2a: Pecharunt
|-supereffective|p2a: Pecharunt
|-damage|p2a: Pecharunt|61/100
|
|-heal|p1a: Gliscor|84/100 tox|[from] ability: Poison Heal
|upkeep
|turn|28
|
|t:|1779861756
|switch|p1a: Tyranitar|Tyranitar, F|100/100
|-damage|p1a: Tyranitar|88/100|[from] Stealth Rock
|-damage|p1a: Tyranitar|76/100|[from] Spikes
|-weather|Sandstorm|[from] ability: Sand Stream|[of] p1a: Tyranitar
|move|p2a: Pecharunt|Recover|p2a: Pecharunt
|-heal|p2a: Pecharunt|100/100
|
|-weather|Sandstorm|[upkeep]
|-damage|p2a: Pecharunt|94/100|[from] Sandstorm
|upkeep
|turn|29
|
|t:|1779861761
|switch|p2a: Landorus|Landorus-Therian, M|31/100
|-ability|p2a: Landorus|Intimidate|boost
|-unboost|p1a: Tyranitar|atk|1
|move|p1a: Tyranitar|Dragon Dance|p1a: Tyranitar
|-boost|p1a: Tyranitar|atk|1
|-boost|p1a: Tyranitar|spe|1
|
|-weather|Sandstorm|[upkeep]
|upkeep
|turn|30
|
|t:|1779861767
|move|p1a: Tyranitar|Ice Punch|p2a: Landorus
|-supereffective|p2a: Landorus
|-damage|p2a: Landorus|0 fnt
|faint|p2a: Landorus
|
|-weather|Sandstorm|[upkeep]
|upkeep
|
|t:|1779861775
|switch|p2a: Zamazenta|Zamazenta|100/100
|-ability|p2a: Zamazenta|Dauntless Shield|boost
|-boost|p2a: Zamazenta|def|1
|turn|31
|
|t:|1779861779
|switch|p1a: Corviknight|Corviknight, M|54/100
|-damage|p1a: Corviknight|42/100|[from] Stealth Rock
|-ability|p1a: Corviknight|Pressure
|move|p2a: Zamazenta|Roar|p1a: Corviknight
|drag|p1a: Excadrill|Excadrill, F|71/100
|-damage|p1a: Excadrill|68/100|[from] Stealth Rock
|-damage|p1a: Excadrill|55/100|[from] Spikes
|
|-weather|Sandstorm|[upkeep]
|-damage|p2a: Zamazenta|94/100|[from] Sandstorm
|upkeep
|turn|32
|
|t:|1779861796
|switch|p1a: Gliscor|Gliscor, M|84/100 tox
|-damage|p1a: Gliscor|72/100 tox|[from] Stealth Rock
|move|p2a: Zamazenta|Close Combat|p1a: Gliscor
|-resisted|p1a: Gliscor
|-damage|p1a: Gliscor|50/100 tox
|-unboost|p2a: Zamazenta|def|1
|-unboost|p2a: Zamazenta|spd|1
|
|-weather|Sandstorm|[upkeep]
|-damage|p2a: Zamazenta|88/100|[from] Sandstorm
|-heal|p1a: Gliscor|62/100 tox|[from] ability: Poison Heal
|upkeep
|turn|33
|
|t:|1779861818
|switch|p2a: Pecharunt|Pecharunt|94/100
|move|p1a: Gliscor|Knock Off|p2a: Pecharunt
|-supereffective|p2a: Pecharunt
|-damage|p2a: Pecharunt|77/100
|
|-weather|Sandstorm|[upkeep]
|-damage|p2a: Pecharunt|71/100|[from] Sandstorm
|-heal|p1a: Gliscor|75/100 tox|[from] ability: Poison Heal
|upkeep
|turn|34
|
|t:|1779861826
|move|p2a: Pecharunt|Parting Shot|p1a: Gliscor
|-unboost|p1a: Gliscor|atk|1
|-unboost|p1a: Gliscor|spa|1
|
|t:|1779861828
|switch|p2a: Latios|Latios, M|100/100|[from] Parting Shot
|move|p1a: Gliscor|Earthquake|p2a: Latios
|-immune|p2a: Latios|[from] ability: Levitate
|
|-weather|Sandstorm|[upkeep]
|-damage|p2a: Latios|95/100|[from] Sandstorm
|-heal|p1a: Gliscor|87/100 tox|[from] ability: Poison Heal
|upkeep
|turn|35
|
|t:|1779861845
|switch|p2a: Samurott|Samurott-Hisui, F|15/100
|move|p1a: Gliscor|Protect||[still]
|-fail|p1a: Gliscor
|
|-weather|none
|-heal|p1a: Gliscor|99/100 tox|[from] ability: Poison Heal
|upkeep
|turn|36
|
|t:|1779861852
|move|p1a: Gliscor|Earthquake|p2a: Samurott
|-damage|p2a: Samurott|0 fnt
|faint|p2a: Samurott
|
|-heal|p1a: Gliscor|100/100 tox|[from] ability: Poison Heal
|upkeep
|
|t:|1779861859
|switch|p2a: Latios|Latios, M|95/100
|turn|37
|
|t:|1779861865
|move|p1a: Gliscor|Protect|p1a: Gliscor
|-singleturn|p1a: Gliscor|Protect
|move|p2a: Latios|Calm Mind|p2a: Latios
|-boost|p2a: Latios|spa|1
|-boost|p2a: Latios|spd|1
|
|upkeep
|turn|38
|
|t:|1779861875
|switch|p1a: Corviknight|Corviknight, M|42/100
|-damage|p1a: Corviknight|29/100|[from] Stealth Rock
|-ability|p1a: Corviknight|Pressure
|move|p2a: Latios|Draco Meteor|p1a: Corviknight
|-resisted|p1a: Corviknight
|-damage|p1a: Corviknight|0 fnt
|-unboost|p2a: Latios|spa|2
|faint|p1a: Corviknight
|
|upkeep
|
|t:|1779861879
|switch|p1a: Tyranitar|Tyranitar, F|76/100
|-damage|p1a: Tyranitar|64/100|[from] Stealth Rock
|-damage|p1a: Tyranitar|51/100|[from] Spikes
|-weather|Sandstorm|[from] ability: Sand Stream|[of] p1a: Tyranitar
|turn|39
|
|t:|1779861886
|switch|p2a: Zamazenta|Zamazenta|88/100
|-terastallize|p1a: Tyranitar|Ghost
|move|p1a: Tyranitar|Knock Off|p2a: Zamazenta
|-resisted|p2a: Zamazenta
|-damage|p2a: Zamazenta|62/100
|-enditem|p2a: Zamazenta|Heavy-Duty Boots|[from] move: Knock Off|[of] p1a: Tyranitar
|
|-weather|Sandstorm|[upkeep]
|-damage|p2a: Zamazenta|56/100|[from] Sandstorm
|-damage|p1a: Tyranitar|45/100|[from] Sandstorm
|upkeep
|turn|40
|
|t:|1779861894
|switch|p1a: Gliscor|Gliscor, M|100/100 tox
|-damage|p1a: Gliscor|88/100 tox|[from] Stealth Rock
|move|p2a: Zamazenta|Crunch|p1a: Gliscor
|-damage|p1a: Gliscor|67/100 tox
|
|-weather|Sandstorm|[upkeep]
|-damage|p2a: Zamazenta|50/100|[from] Sandstorm
|-heal|p1a: Gliscor|79/100 tox|[from] ability: Poison Heal
|upkeep
|turn|41
|
|t:|1779861901
|switch|p2a: Pecharunt|Pecharunt|71/100
|move|p1a: Gliscor|Knock Off|p2a: Pecharunt
|-supereffective|p2a: Pecharunt
|-damage|p2a: Pecharunt|52/100
|
|-weather|Sandstorm|[upkeep]
|-damage|p2a: Pecharunt|46/100|[from] Sandstorm
|-heal|p1a: Gliscor|91/100 tox|[from] ability: Poison Heal
|upkeep
|turn|42
|
|t:|1779861904
|move|p2a: Pecharunt|Recover|p2a: Pecharunt
|-heal|p2a: Pecharunt|96/100
|move|p1a: Gliscor|Swords Dance|p1a: Gliscor
|-boost|p1a: Gliscor|atk|2
|
|-weather|Sandstorm|[upkeep]
|-damage|p2a: Pecharunt|90/100|[from] Sandstorm
|-heal|p1a: Gliscor|100/100 tox|[from] ability: Poison Heal
|upkeep
|turn|43
|
|t:|1779861911
|move|p2a: Pecharunt|Parting Shot|p1a: Gliscor
|-unboost|p1a: Gliscor|atk|1
|-unboost|p1a: Gliscor|spa|1
|
|t:|1779861913
|switch|p2a: Latios|Latios, M|95/100|[from] Parting Shot
|move|p1a: Gliscor|Earthquake|p2a: Latios
|-immune|p2a: Latios|[from] ability: Levitate
|
|-weather|Sandstorm|[upkeep]
|-damage|p2a: Latios|89/100|[from] Sandstorm
|upkeep
|turn|44
|
|t:|1779861917
|-terastallize|p2a: Latios|Steel
|move|p2a: Latios|Calm Mind|p2a: Latios
|-boost|p2a: Latios|spa|1
|-boost|p2a: Latios|spd|1
|move|p1a: Gliscor|Knock Off|p2a: Latios
|-damage|p2a: Latios|46/100
|-enditem|p2a: Latios|Soul Dew|[from] move: Knock Off|[of] p1a: Gliscor
|
|-weather|Sandstorm|[upkeep]
|upkeep
|turn|45
|
|t:|1779861929
|switch|p1a: Tyranitar|Tyranitar, F, tera:Ghost|45/100
|-damage|p1a: Tyranitar|33/100|[from] Stealth Rock
|-damage|p1a: Tyranitar|20/100|[from] Spikes
|move|p2a: Latios|Recover|p2a: Latios
|-heal|p2a: Latios|96/100
|
|-weather|Sandstorm|[upkeep]
|-damage|p1a: Tyranitar|14/100|[from] Sandstorm
|upkeep
|turn|46
|
|t:|1779861937
|move|p2a: Latios|Psychic Noise|p1a: Tyranitar
|-damage|p1a: Tyranitar|0 fnt
|faint|p1a: Tyranitar
|
|-weather|none
|upkeep
|
|t:|1779861964
|switch|p1a: Pecharunt|Pecharunt|100/100
|-damage|p1a: Pecharunt|88/100|[from] Stealth Rock
|-damage|p1a: Pecharunt|76/100|[from] Spikes
|turn|47
|
|t:|1779861969
|move|p2a: Latios|Psychic Noise|p1a: Pecharunt
|-supereffective|p1a: Pecharunt
|-damage|p1a: Pecharunt|0 fnt
|faint|p1a: Pecharunt
|
|upkeep
|
|t:|1779861974
|switch|p1a: Ogerpon|Ogerpon-Wellspring, F|100/100
|-damage|p1a: Ogerpon|88/100|[from] Stealth Rock
|-damage|p1a: Ogerpon|76/100|[from] Spikes
|turn|48
|
|t:|1779861989
|move|p1a: Ogerpon|Ivy Cudgel|p2a: Latios|[anim] Ivy Cudgel Water
|-damage|p2a: Latios|20/100
|move|p2a: Latios|Draco Meteor|p1a: Ogerpon
|-damage|p1a: Ogerpon|0 fnt
|-unboost|p2a: Latios|spa|2
|faint|p1a: Ogerpon
|
|upkeep
|
|t:|1779861996
|switch|p1a: Gliscor|Gliscor, M|100/100 tox
|-damage|p1a: Gliscor|88/100 tox|[from] Stealth Rock
|turn|49
|
|t:|1779862006
|move|p2a: Latios|Recover|p2a: Latios
|-heal|p2a: Latios|70/100
|move|p1a: Gliscor|Knock Off|p2a: Latios
|-damage|p2a: Latios|51/100
|
|-heal|p1a: Gliscor|100/100 tox|[from] ability: Poison Heal
|upkeep
|turn|50
|
|t:|1779862011
|move|p2a: Latios|Calm Mind|p2a: Latios
|-boost|p2a: Latios|spa|1
|-boost|p2a: Latios|spd|1
|move|p1a: Gliscor|Knock Off|p2a: Latios
|-damage|p2a: Latios|31/100
|
|upkeep
|turn|51
|
|t:|1779862014
|move|p2a: Latios|Recover|p2a: Latios
|-heal|p2a: Latios|81/100
|move|p1a: Gliscor|Knock Off|p2a: Latios
|-damage|p2a: Latios|63/100
|
|upkeep
|turn|52
|
|t:|1779862016
|move|p2a: Latios|Calm Mind|p2a: Latios
|-boost|p2a: Latios|spa|1
|-boost|p2a: Latios|spd|1
|move|p1a: Gliscor|Knock Off|p2a: Latios
|-damage|p2a: Latios|42/100
|
|upkeep
|turn|53
|
|t:|1779862018
|move|p2a: Latios|Recover|p2a: Latios
|-heal|p2a: Latios|92/100
|move|p1a: Gliscor|Knock Off|p2a: Latios
|-damage|p2a: Latios|72/100
|
|upkeep
|turn|54
|
|t:|1779862021
|move|p2a: Latios|Calm Mind|p2a: Latios
|-boost|p2a: Latios|spa|1
|-boost|p2a: Latios|spd|1
|move|p1a: Gliscor|Knock Off|p2a: Latios
|-damage|p2a: Latios|51/100
|
|upkeep
|turn|55
|
|t:|1779862023
|move|p2a: Latios|Recover|p2a: Latios
|-heal|p2a: Latios|100/100
|move|p1a: Gliscor|Knock Off|p2a: Latios
|-damage|p2a: Latios|81/100
|
|upkeep
|turn|56
|
|t:|1779862025
|move|p1a: Gliscor|Protect|p1a: Gliscor
|-singleturn|p1a: Gliscor|Protect
|move|p2a: Latios|Calm Mind|p2a: Latios
|-boost|p2a: Latios|spa|1
|-boost|p2a: Latios|spd|1
|
|upkeep
|turn|57
|inactive|Thmpbck has 120 seconds left.
|-message|Thmpbck forfeited.
|
|win|calamitycow
|raw|Thmpbck's rating: 1340 &rarr; <strong>1324</strong><br />(-16 for losing)
|raw|calamitycow's rating: 1407 &rarr; <strong>1423</strong><br />(+16 for winning)
|l|☆Thmpbck
|player|p1|
|l|☆calamitycow
|player|p2|
