|j|☆Iceeree
|j|☆Santipokemaster
|t:|1779961804
|gametype|singles
|player|p1|Iceeree|102|1092
|player|p2|Santipokemaster|red|1150
|gen|9
|tier|[Gen 9] OU
|rated|
|rule|HP Percentage Mod: HP is shown in percentages
|rule|Endless Battle Clause: Forcing endless battles is banned
|rule|Species Clause: Limit one of each Pokémon
|rule|OHKO Clause: OHKO moves are banned
|rule|Evasion Items Clause: Evasion items are banned
|rule|Evasion Moves Clause: Evasion moves are banned
|rule|Evasion Abilities Clause: Evasion abilities are banned
|rule|Sleep Moves Clause: Sleep-inducing moves are banned
|clearpoke
|poke|p1|Corviknight, M|
|poke|p1|Ogerpon-Wellspring, F|
|poke|p1|Slowking-Galar, F|
|poke|p1|Landorus-Therian, M|
|poke|p1|Kingambit, M|
|poke|p1|Toxapex, M|
|poke|p2|Corviknight, F|
|poke|p2|Kilowattrel, F|
|poke|p2|Toucannon, F|
|poke|p2|Staraptor, F|
|poke|p2|Pelipper, M|
|poke|p2|Talonflame, F|
|teampreview
|inactive|Battle timer is ON: inactive players will automatically lose when time's up. (requested by Iceeree)
|
|t:|1779961817
|teamsize|p1|6
|teamsize|p2|6
|start
|switch|p1a: Landorus|Landorus-Therian, M|100/100
|switch|p2a: Staraptor|Staraptor, F|100/100
|-ability|p2a: Staraptor|Intimidate|boost
|-unboost|p1a: Landorus|atk|1
|-ability|p1a: Landorus|Intimidate|boost
|-unboost|p2a: Staraptor|atk|1
|turn|1
|
|t:|1779961827
|switch|p2a: Talonflame|Talonflame, F|100/100
|move|p1a: Landorus|Stealth Rock|p2a: Talonflame
|-sidestart|p2: Santipokemaster|move: Stealth Rock
|
|upkeep
|turn|2
|inactive|Santipokemaster has 120 seconds left.
|
|t:|1779961886
|-terastallize|p2a: Talonflame|Flying
|move|p2a: Talonflame|Brave Bird|p1a: Landorus
|-damage|p1a: Landorus|18/100
|-damage|p2a: Talonflame|65/100|[from] Recoil
|move|p1a: Landorus|Taunt|p2a: Talonflame
|-start|p2a: Talonflame|move: Taunt
|
|upkeep
|turn|3
|
|t:|1779961896
|move|p2a: Talonflame|Brave Bird|p1a: Landorus
|-damage|p1a: Landorus|0 fnt
|faint|p1a: Landorus
|-damage|p2a: Talonflame|58/100|[from] Recoil
|
|upkeep
|
|t:|1779961900
|switch|p1a: Toxapex|Toxapex, M|100/100
|turn|4
|
|t:|1779961919
|move|p1a: Toxapex|Baneful Bunker|p1a: Toxapex
|-singleturn|p1a: Toxapex|move: Protect
|move|p2a: Talonflame|Brave Bird|p1a: Toxapex
|-activate|p1a: Toxapex|move: Protect
|-status|p2a: Talonflame|psn
|
|-damage|p2a: Talonflame|46/100 psn|[from] psn
|upkeep
|turn|5
|
|t:|1779961929
|move|p2a: Talonflame|Brave Bird|p1a: Toxapex
|-damage|p1a: Toxapex|48/100
|-damage|p2a: Talonflame|28/100 psn|[from] Recoil
|move|p1a: Toxapex|Toxic Spikes|p2a: Talonflame
|-sidestart|p2: Santipokemaster|move: Toxic Spikes
|
|-damage|p2a: Talonflame|16/100 psn|[from] psn
|-end|p2a: Talonflame|move: Taunt
|upkeep
|turn|6
|
|t:|1779961938
|move|p1a: Toxapex|Baneful Bunker|p1a: Toxapex
|-singleturn|p1a: Toxapex|move: Protect
|move|p2a: Talonflame|Brave Bird|p1a: Toxapex
|-activate|p1a: Toxapex|move: Protect
|
|-damage|p2a: Talonflame|3/100 psn|[from] psn
|upkeep
|turn|7
|
|t:|1779961950
|move|p2a: Talonflame|Brave Bird|p1a: Toxapex
|-damage|p1a: Toxapex|0 fnt
|faint|p1a: Toxapex
|-damage|p2a: Talonflame|0 fnt|[from] Recoil
|faint|p2a: Talonflame
|
|upkeep
|inactive|Santipokemaster has 90 seconds left.
|
|t:|1779961980
|switch|p2a: Corviknight|Corviknight, F, shiny|100/100
|switch|p1a: Ogerpon|Ogerpon-Wellspring, F|100/100
|-damage|p2a: Corviknight|88/100|[from] Stealth Rock
|turn|8
|inactive|Santipokemaster has 90 seconds left.
|
|t:|1779961990
|-terastallize|p1a: Ogerpon|Water
|detailschange|p1a: Ogerpon|Ogerpon-Wellspring-Tera, F, tera:Water
|-ability|p1a: Ogerpon|Embody Aspect (Wellspring)|boost
|-boost|p1a: Ogerpon|spd|1
|move|p1a: Ogerpon|Swords Dance|p1a: Ogerpon
|-boost|p1a: Ogerpon|atk|2
|move|p2a: Corviknight|Reflect|p2a: Corviknight
|-sidestart|p2: Santipokemaster|Reflect
|
|upkeep
|turn|9
|inactive|Santipokemaster has 90 seconds left.
|
|t:|1779962001
|move|p1a: Ogerpon|Swords Dance|p1a: Ogerpon
|-boost|p1a: Ogerpon|atk|2
|move|p2a: Corviknight|Body Press|p1a: Ogerpon
|-damage|p1a: Ogerpon|68/100
|
|upkeep
|turn|10
|inactive|Santipokemaster has 90 seconds left.
|
|t:|1779962012
|move|p1a: Ogerpon|Horn Leech|p2a: Corviknight
|-resisted|p2a: Corviknight
|-damage|p2a: Corviknight|79/100
|-heal|p1a: Ogerpon|74/100|[from] drain|[of] p2a: Corviknight
|-damage|p1a: Ogerpon|57/100|[from] item: Rocky Helmet|[of] p2a: Corviknight
|move|p2a: Corviknight|Body Press|p1a: Ogerpon
|-damage|p1a: Ogerpon|24/100
|
|upkeep
|turn|11
|inactive|Santipokemaster has 90 seconds left.
|
|t:|1779962026
|move|p1a: Ogerpon|Ivy Cudgel|p2a: Corviknight|[anim] Ivy Cudgel Water
|-damage|p2a: Corviknight|7/100
|move|p2a: Corviknight|Body Press|p1a: Ogerpon
|-damage|p1a: Ogerpon|0 fnt
|faint|p1a: Ogerpon
|detailschange|p1: Ogerpon|Ogerpon-Wellspring, F|[silent]
|
|upkeep
|
|t:|1779962030
|switch|p1a: Slowking|Slowking-Galar, F|100/100
|turn|12
|
|t:|1779962035
|move|p2a: Corviknight|Roost|p2a: Corviknight
|-heal|p2a: Corviknight|57/100
|-singleturn|p2a: Corviknight|move: Roost
|move|p1a: Slowking|Ice Beam|p2a: Corviknight
|-resisted|p2a: Corviknight
|-damage|p2a: Corviknight|46/100
|
|-sideend|p2: Santipokemaster|Reflect
|upkeep
|turn|13
|
|t:|1779962054
|move|p2a: Corviknight|Roost|p2a: Corviknight
|-heal|p2a: Corviknight|96/100
|-singleturn|p2a: Corviknight|move: Roost
|move|p1a: Slowking|Ice Beam|p2a: Corviknight
|-resisted|p2a: Corviknight
|-damage|p2a: Corviknight|86/100
|
|upkeep
|turn|14
|
|t:|1779962066
|move|p2a: Corviknight|Light Screen|p2a: Corviknight
|-sidestart|p2: Santipokemaster|move: Light Screen
|move|p1a: Slowking|Ice Beam|p2a: Corviknight
|-crit|p2a: Corviknight
|-damage|p2a: Corviknight|55/100
|
|upkeep
|turn|15
|
|t:|1779962071
|move|p2a: Corviknight|Roost|p2a: Corviknight
|-heal|p2a: Corviknight|100/100
|-singleturn|p2a: Corviknight|move: Roost
|move|p1a: Slowking|Earthquake|p2a: Corviknight
|-supereffective|p2a: Corviknight
|-damage|p2a: Corviknight|83/100
|
|upkeep
|turn|16
|inactive|Santipokemaster has 90 seconds left.
|
|t:|1779962100
|switch|p2a: Staraptor|Staraptor, F|100/100
|-damage|p2a: Staraptor|76/100|[from] Stealth Rock
|-ability|p2a: Staraptor|Intimidate|boost
|-unboost|p1a: Slowking|atk|1
|move|p1a: Slowking|Ice Beam|p2a: Staraptor
|-supereffective|p2a: Staraptor
|-damage|p2a: Staraptor|37/100
|
|upkeep
|turn|17
|inactive|Santipokemaster has 90 seconds left.
|
|t:|1779962114
|move|p2a: Staraptor|Brave Bird|p1a: Slowking
|-damage|p1a: Slowking|13/100
|-damage|p2a: Staraptor|1/100|[from] Recoil
|move|p1a: Slowking|Ice Beam|p2a: Staraptor
|-supereffective|p2a: Staraptor
|-damage|p2a: Staraptor|0 fnt
|faint|p2a: Staraptor
|
|upkeep
|
|t:|1779962123
|switch|p2a: Pelipper|Pelipper, M|100/100
|-damage|p2a: Pelipper|76/100|[from] Stealth Rock
|-weather|RainDance|[from] ability: Drizzle|[of] p2a: Pelipper
|turn|18
|inactive|Santipokemaster has 90 seconds left.
|
|t:|1779962130
|move|p2a: Pelipper|Hurricane|p1a: Slowking
|-damage|p1a: Slowking|0 fnt
|faint|p1a: Slowking
|
|-weather|RainDance|[upkeep]
|-sideend|p2: Santipokemaster|move: Light Screen
|upkeep
|
|t:|1779962135
|switch|p1a: Corviknight|Corviknight, M|100/100
|turn|19
|
|t:|1779962139
|move|p1a: Corviknight|Iron Defense|p1a: Corviknight
|-boost|p1a: Corviknight|def|2
|move|p2a: Pelipper|Hydro Pump|p1a: Corviknight|[miss]
|-miss|p2a: Pelipper|p1a: Corviknight
|
|-weather|RainDance|[upkeep]
|upkeep
|turn|20
|
|t:|1779962155
|move|p1a: Corviknight|Iron Defense|p1a: Corviknight
|-boost|p1a: Corviknight|def|2
|move|p2a: Pelipper|Hydro Pump|p1a: Corviknight
|-damage|p1a: Corviknight|31/100
|
|-weather|RainDance|[upkeep]
|-heal|p1a: Corviknight|38/100|[from] item: Leftovers
|upkeep
|turn|21
|
|t:|1779962165
|move|p1a: Corviknight|Roost|p1a: Corviknight
|-heal|p1a: Corviknight|88/100
|-singleturn|p1a: Corviknight|move: Roost
|move|p2a: Pelipper|Ice Beam|p1a: Corviknight
|-resisted|p1a: Corviknight
|-damage|p1a: Corviknight|74/100
|
|-weather|RainDance|[upkeep]
|-heal|p1a: Corviknight|81/100|[from] item: Leftovers
|upkeep
|turn|22
|
|t:|1779962174
|move|p1a: Corviknight|Iron Defense|p1a: Corviknight
|-boost|p1a: Corviknight|def|2
|move|p2a: Pelipper|Hydro Pump|p1a: Corviknight
|-damage|p1a: Corviknight|8/100
|
|-weather|RainDance|[upkeep]
|-heal|p1a: Corviknight|14/100|[from] item: Leftovers
|upkeep
|turn|23
|
|t:|1779962182
|move|p1a: Corviknight|Roost|p1a: Corviknight
|-heal|p1a: Corviknight|64/100
|-singleturn|p1a: Corviknight|move: Roost
|move|p2a: Pelipper|Hydro Pump|p1a: Corviknight
|-damage|p1a: Corviknight|0 fnt
|faint|p1a: Corviknight
|
|-weather|RainDance|[upkeep]
|upkeep
|
|t:|1779962190
|switch|p1a: Kingambit|Kingambit, M, shiny|100/100
|-activate|p1a: Kingambit|ability: Supreme Overlord
|-start|p1a: Kingambit|fallen5|[silent]
|turn|24
|inactive|Santipokemaster has 120 seconds left.
|
|t:|1779962205
|move|p1a: Kingambit|Sucker Punch||[still]
|-fail|p1a: Kingambit
|move|p2a: Pelipper|Tailwind|p2a: Pelipper
|-sidestart|p2: Santipokemaster|move: Tailwind
|
|-weather|RainDance|[upkeep]
|upkeep
|turn|25
|
|t:|1779962216
|move|p1a: Kingambit|Sucker Punch|p2a: Pelipper
|-damage|p2a: Pelipper|13/100
|move|p2a: Pelipper|Hydro Pump|p1a: Kingambit
|-damage|p1a: Kingambit|9/100
|
|-weather|none
|-heal|p1a: Kingambit|15/100|[from] item: Leftovers
|upkeep
|turn|26
|
|t:|1779962235
|move|p1a: Kingambit|Sucker Punch|p2a: Pelipper
|-damage|p2a: Pelipper|0 fnt
|faint|p2a: Pelipper
|
|-heal|p1a: Kingambit|21/100|[from] item: Leftovers
|upkeep
|
|t:|1779962243
|switch|p2a: Corviknight|Corviknight, F, shiny|83/100
|-damage|p2a: Corviknight|71/100|[from] Stealth Rock
|turn|27
|
|t:|1779962250
|move|p1a: Kingambit|Sucker Punch|p2a: Corviknight
|-damage|p2a: Corviknight|35/100
|-damage|p1a: Kingambit|5/100|[from] item: Rocky Helmet|[of] p2a: Corviknight
|move|p2a: Corviknight|Body Press|p1a: Kingambit
|-supereffective|p1a: Kingambit
|-damage|p1a: Kingambit|0 fnt
|faint|p1a: Kingambit
|-end|p1a: Kingambit|fallen5|[silent]
|
|win|Santipokemaster
|raw|Iceeree's rating: 1092 &rarr; <strong>1072</strong><br />(-20 for losing)
|raw|Santipokemaster's rating: 1150 &rarr; <strong>1171</strong><br />(+21 for winning)
|l|☆Iceeree
|player|p1|
|l|☆Santipokemaster
|player|p2|
