|j|☆cuolucca0820
|j|☆tgdztg
|t:|1779949614
|gametype|singles
|player|p1|cuolucca0820|thorton|1098
|player|p2|tgdztg|ingo|1135
|gen|9
|tier|[Gen 9] OU
|rated|
|rule|HP Percentage Mod: HP is shown in percentages
|rule|Endless Battle Clause: Forcing endless battles is banned
|rule|Species Clause: Limit one of each Pokémon
|rule|OHKO Clause: OHKO moves are banned
|rule|Evasion Items Clause: Evasion items are banned
|rule|Evasion Moves Clause: Evasion moves are banned
|rule|Evasion Abilities Clause: Evasion abilities are banned
|rule|Sleep Moves Clause: Sleep-inducing moves are banned
|clearpoke
|poke|p1|Garganacl, F|
|poke|p1|Great Tusk|
|poke|p1|Zapdos|
|poke|p1|Dragapult, M|
|poke|p1|Kingambit, F|
|poke|p1|Dragonite, F|
|poke|p2|Ogerpon-Wellspring, F|
|poke|p2|Great Tusk|
|poke|p2|Slowking-Galar, F|
|poke|p2|Iron Valiant|
|poke|p2|Corviknight, F|
|poke|p2|Iron Crown|
|teampreview
|inactive|Battle timer is ON: inactive players will automatically lose when time's up. (requested by cuolucca0820)
|
|t:|1779949645
|teamsize|p1|6
|teamsize|p2|6
|start
|switch|p1a: Great Tusk|Great Tusk, shiny|100/100
|switch|p2a: Iron Valiant|Iron Valiant|100/100
|turn|1
|
|t:|1779949660
|move|p2a: Iron Valiant|Spirit Break|p1a: Great Tusk
|-supereffective|p1a: Great Tusk
|-damage|p1a: Great Tusk|23/100
|-unboost|p1a: Great Tusk|spa|1
|-damage|p2a: Iron Valiant|90/100|[from] item: Life Orb
|move|p1a: Great Tusk|Knock Off|p2a: Iron Valiant
|-resisted|p2a: Iron Valiant
|-damage|p2a: Iron Valiant|80/100
|-enditem|p2a: Iron Valiant|Life Orb|[from] move: Knock Off|[of] p1a: Great Tusk
|
|upkeep
|turn|2
|inactiveoff|Battle timer is now OFF.
|inactive|Battle timer is ON: inactive players will automatically lose when time's up. (requested by tgdztg)
|
|t:|1779949706
|-end|p1a: Great Tusk|Protosynthesis|[silent]
|switch|p1a: Dragapult|Dragapult, M, shiny|100/100
|move|p2a: Iron Valiant|Close Combat|p1a: Dragapult
|-immune|p1a: Dragapult
|
|upkeep
|turn|3
|
|t:|1779949727
|-end|p2a: Iron Valiant|Quark Drive|[silent]
|switch|p2a: Slowking|Slowking-Galar, F|100/100
|move|p1a: Dragapult|Will-O-Wisp|p2a: Slowking
|-status|p2a: Slowking|brn
|
|-damage|p2a: Slowking|94/100 brn|[from] brn
|upkeep
|turn|4
|
|t:|1779949742
|-terastallize|p2a: Slowking|Dark
|move|p1a: Dragapult|Phantom Force||[still]
|-prepare|p1a: Dragapult|Phantom Force
|move|p2a: Slowking|Ice Beam|p1a: Dragapult|[miss]
|-miss|p2a: Slowking|p1a: Dragapult
|
|-damage|p2a: Slowking|88/100 brn|[from] brn
|upkeep
|turn|5
|
|t:|1779949751
|move|p1a: Dragapult|Phantom Force|p2a: Slowking|[from] lockedmove
|-resisted|p2a: Slowking
|-damage|p2a: Slowking|70/100 brn
|move|p2a: Slowking|Ice Beam|p1a: Dragapult
|-supereffective|p1a: Dragapult
|-damage|p1a: Dragapult|7/100
|-start|p2a: Slowking|Disable|Ice Beam|[from] ability: Cursed Body|[of] p1a: Dragapult
|
|-heal|p1a: Dragapult|13/100|[from] item: Leftovers
|-damage|p2a: Slowking|64/100 brn|[from] brn
|upkeep
|turn|6
|
|t:|1779949775
|switch|p1a: Garganacl|Garganacl, F, shiny|100/100
|move|p2a: Slowking|Flamethrower|p1a: Garganacl
|-resisted|p1a: Garganacl
|-damage|p1a: Garganacl|87/100
|
|-heal|p1a: Garganacl|93/100|[from] item: Leftovers
|-damage|p2a: Slowking|58/100 brn|[from] brn
|upkeep
|turn|7
|
|t:|1779949788
|switch|p2a: Iron Crown|Iron Crown|100/100
|-enditem|p2a: Iron Crown|Booster Energy
|-activate|p2a: Iron Crown|ability: Quark Drive|[fromitem]
|-start|p2a: Iron Crown|quarkdrivespa
|move|p1a: Garganacl|Stealth Rock|p2a: Iron Crown
|-sidestart|p2: tgdztg|move: Stealth Rock
|
|-heal|p1a: Garganacl|99/100|[from] item: Leftovers
|upkeep
|turn|8
|
|t:|1779949799
|move|p2a: Iron Crown|Tachyon Cutter|p1a: Garganacl
|-supereffective|p1a: Garganacl
|-damage|p1a: Garganacl|34/100
|-supereffective|p1a: Garganacl
|-crit|p1a: Garganacl
|-damage|p1a: Garganacl|0 fnt
|faint|p1a: Garganacl
|-hitcount|p1: Garganacl|2
|
|upkeep
|
|t:|1779949811
|switch|p1a: Dragonite|Dragonite, F|100/100
|turn|9
|
|t:|1779949817
|move|p2a: Iron Crown|Tachyon Cutter|p1a: Dragonite
|-damage|p1a: Dragonite|80/100
|-damage|p1a: Dragonite|39/100
|-hitcount|p1a: Dragonite|2
|move|p1a: Dragonite|Dragon Dance|p1a: Dragonite
|-boost|p1a: Dragonite|atk|1
|-boost|p1a: Dragonite|spe|1
|
|-heal|p1a: Dragonite|45/100|[from] item: Leftovers
|upkeep
|turn|10
|
|t:|1779949828
|move|p1a: Dragonite|Fly||[still]
|-prepare|p1a: Dragonite|Fly
|move|p2a: Iron Crown|Tachyon Cutter|p1a: Dragonite|[miss]
|-miss|p2a: Iron Crown|p1a: Dragonite
|
|-heal|p1a: Dragonite|52/100|[from] item: Leftovers
|upkeep
|turn|11
|
|t:|1779949836
|move|p1a: Dragonite|Fly|p2a: Iron Crown|[from] lockedmove
|-resisted|p2a: Iron Crown
|-damage|p2a: Iron Crown|59/100
|move|p2a: Iron Crown|Tachyon Cutter|p1a: Dragonite
|-damage|p1a: Dragonite|17/100
|-damage|p1a: Dragonite|0 fnt
|faint|p1a: Dragonite
|-hitcount|p1: Dragonite|2
|
|upkeep
|c|☆cuolucca0820|:(
|
|t:|1779949857
|switch|p1a: Zapdos|Zapdos, shiny|100/100
|turn|12
|
|t:|1779949864
|move|p2a: Iron Crown|Psychic|p1a: Zapdos
|-damage|p1a: Zapdos|35/100
|move|p1a: Zapdos|U-turn|p2a: Iron Crown
|-damage|p2a: Iron Crown|42/100
|
|t:|1779949872
|switch|p1a: Kingambit|Kingambit, F, shiny|100/100|[from] U-turn
|-activate|p1a: Kingambit|ability: Supreme Overlord
|-start|p1a: Kingambit|fallen2|[silent]
|
|upkeep
|turn|13
|
|t:|1779949878
|move|p2a: Iron Crown|Volt Switch|p1a: Kingambit
|-damage|p1a: Kingambit|66/100
|
|t:|1779949882
|-end|p2a: Iron Crown|Quark Drive|[silent]
|switch|p2a: Great Tusk|Great Tusk|100/100|[from] Volt Switch
|-damage|p2a: Great Tusk|97/100|[from] Stealth Rock
|move|p1a: Kingambit|Swords Dance|p1a: Kingambit
|-boost|p1a: Kingambit|atk|2
|
|-heal|p2a: Great Tusk|100/100|[from] item: Leftovers
|-heal|p1a: Kingambit|72/100|[from] item: Leftovers
|upkeep
|turn|14
|
|t:|1779949892
|move|p2a: Great Tusk|Stealth Rock|p1a: Kingambit
|-sidestart|p1: cuolucca0820|move: Stealth Rock
|move|p1a: Kingambit|Iron Head|p2a: Great Tusk
|-damage|p2a: Great Tusk|33/100
|
|-heal|p2a: Great Tusk|39/100|[from] item: Leftovers
|-heal|p1a: Kingambit|78/100|[from] item: Leftovers
|upkeep
|turn|15
|c|☆cuolucca0820|676767676767
|
|t:|1779949904
|move|p2a: Great Tusk|Earthquake|p1a: Kingambit
|-supereffective|p1a: Kingambit
|-damage|p1a: Kingambit|0 fnt
|faint|p1a: Kingambit
|-end|p1a: Kingambit|fallen2|[silent]
|
|-heal|p2a: Great Tusk|45/100|[from] item: Leftovers
|upkeep
|
|t:|1779949910
|switch|p1a: Great Tusk|Great Tusk, shiny|23/100
|turn|16
|
|t:|1779949919
|move|p1a: Great Tusk|Ice Spinner|p2a: Great Tusk
|-supereffective|p2a: Great Tusk
|-damage|p2a: Great Tusk|10/100
|move|p2a: Great Tusk|Earthquake|p1a: Great Tusk
|-damage|p1a: Great Tusk|0 fnt
|faint|p1a: Great Tusk
|-end|p1a: Great Tusk|Protosynthesis|[silent]
|
|-heal|p2a: Great Tusk|16/100|[from] item: Leftovers
|upkeep
|
|t:|1779949928
|switch|p1a: Dragapult|Dragapult, M, shiny|13/100
|-damage|p1a: Dragapult|1/100|[from] Stealth Rock
|turn|17
|-message|cuolucca0820 forfeited.
|
|win|tgdztg
|raw|cuolucca0820's rating: 1098 &rarr; <strong>1076</strong><br />(-22 for losing)
|raw|tgdztg's rating: 1135 &rarr; <strong>1157</strong><br />(+22 for winning)
|l|☆cuolucca0820
|player|p1|
