|j|☆lone wolf aa
|j|☆acon0001
|t:|1779817953
|gametype|singles
|player|p1|lone wolf aa|ghetsis-gen5bw|1190
|player|p2|acon0001|pokemaniac|1247
|gen|9
|tier|[Gen 9] OU
|rated|
|rule|HP Percentage Mod: HP is shown in percentages
|rule|Endless Battle Clause: Forcing endless battles is banned
|rule|Species Clause: Limit one of each Pokémon
|rule|OHKO Clause: OHKO moves are banned
|rule|Evasion Items Clause: Evasion items are banned
|rule|Evasion Moves Clause: Evasion moves are banned
|rule|Evasion Abilities Clause: Evasion abilities are banned
|rule|Sleep Moves Clause: Sleep-inducing moves are banned
|clearpoke
|poke|p1|Ambipom, M|
|poke|p1|Smeargle, F|
|poke|p1|Araquanid, F|
|poke|p1|Meowscarada, M|
|poke|p1|Chandelure, M|
|poke|p1|Great Tusk|
|poke|p2|Milotic, F|
|poke|p2|Gliscor, M|
|poke|p2|Sylveon, M|
|poke|p2|Dragapult, M|
|poke|p2|Great Tusk|
|poke|p2|Kingambit, F|
|teampreview
|inactive|Battle timer is ON: inactive players will automatically lose when time's up. (requested by acon0001)
|
|t:|1779817966
|teamsize|p1|6
|teamsize|p2|6
|start
|switch|p1a: Araquanid|Araquanid, F|100/100
|switch|p2a: Milotic|Milotic, F, shiny|100/100
|turn|1
|l|☆lone wolf aa
|inactive|lone wolf aa disconnected and has a minute to reconnect!
|player|p1|
|inactive|lone wolf aa has 30 seconds to reconnect!
|inactive|lone wolf aa has 20 seconds to reconnect!
|inactive|lone wolf aa has 15 seconds to reconnect!
|inactive|lone wolf aa has 10 seconds to reconnect!
|j|☆lone wolf aa
|inactive|lone wolf aa reconnected and has 90 seconds left.
|player|p1|lone wolf aa|ghetsis-gen5bw|
|
|t:|1779818030
|switch|p2a: Gliscor|Gliscor, M, shiny|100/100
|move|p1a: Araquanid|Sticky Web|p2a: Gliscor
|-sidestart|p2: acon0001|move: Sticky Web
|
|-status|p2a: Gliscor|tox|[from] item: Toxic Orb
|upkeep
|turn|2
|
|t:|1779818036
|-terastallize|p2a: Gliscor|Water
|move|p2a: Gliscor|Toxic|p1a: Araquanid
|-status|p1a: Araquanid|tox
|move|p1a: Araquanid|Liquidation|p2a: Gliscor
|-resisted|p2a: Gliscor
|-damage|p2a: Gliscor|75/100 tox
|
|-heal|p2a: Gliscor|88/100 tox|[from] ability: Poison Heal
|-damage|p1a: Araquanid|94/100 tox|[from] psn
|upkeep
|turn|3
|
|t:|1779818046
|move|p2a: Gliscor|Knock Off|p1a: Araquanid
|-damage|p1a: Araquanid|70/100 tox
|-damage|p2a: Gliscor|71/100 tox|[from] item: Rocky Helmet|[of] p1a: Araquanid
|-enditem|p1a: Araquanid|Rocky Helmet|[from] move: Knock Off|[of] p2a: Gliscor
|move|p1a: Araquanid|X-Scissor|p2a: Gliscor
|-damage|p2a: Gliscor|47/100 tox
|
|-heal|p2a: Gliscor|59/100 tox|[from] ability: Poison Heal
|-damage|p1a: Araquanid|57/100 tox|[from] psn
|upkeep
|turn|4
|
|t:|1779818057
|move|p2a: Gliscor|Protect|p2a: Gliscor
|-singleturn|p2a: Gliscor|Protect
|move|p1a: Araquanid|X-Scissor|p2a: Gliscor
|-activate|p2a: Gliscor|move: Protect
|
|-heal|p2a: Gliscor|72/100 tox|[from] ability: Poison Heal
|-damage|p1a: Araquanid|39/100 tox|[from] psn
|upkeep
|turn|5
|
|t:|1779818065
|move|p2a: Gliscor|Toxic|p1a: Araquanid
|-fail|p1a: Araquanid|tox
|move|p1a: Araquanid|Chilling Water|p2a: Gliscor
|-resisted|p2a: Gliscor
|-damage|p2a: Gliscor|64/100 tox
|-unboost|p2a: Gliscor|atk|1
|
|-heal|p2a: Gliscor|76/100 tox|[from] ability: Poison Heal
|-damage|p1a: Araquanid|14/100 tox|[from] psn
|upkeep
|turn|6
|
|t:|1779818074
|move|p2a: Gliscor|Knock Off|p1a: Araquanid
|-damage|p1a: Araquanid|4/100 tox
|move|p1a: Araquanid|X-Scissor|p2a: Gliscor
|-damage|p2a: Gliscor|51/100 tox
|
|-heal|p2a: Gliscor|63/100 tox|[from] ability: Poison Heal
|-damage|p1a: Araquanid|0 fnt|[from] psn
|faint|p1a: Araquanid
|upkeep
|
|t:|1779818079
|switch|p1a: Meowscarada|Meowscarada, M|100/100
|turn|7
|
|t:|1779818085
|move|p2a: Gliscor|Protect|p2a: Gliscor
|-singleturn|p2a: Gliscor|Protect
|move|p1a: Meowscarada|Flower Trick|p2a: Gliscor
|-start|p1a: Meowscarada|typechange|Grass|[from] ability: Protean
|-activate|p2a: Gliscor|move: Protect
|
|-heal|p2a: Gliscor|75/100 tox|[from] ability: Poison Heal
|upkeep
|turn|8
|
|t:|1779818094
|switch|p2a: Kingambit|Kingambit, F, shiny|100/100
|-item|p2a: Kingambit|Air Balloon
|move|p1a: Meowscarada|Flower Trick|p2a: Kingambit
|-resisted|p2a: Kingambit
|-crit|p2a: Kingambit
|-damage|p2a: Kingambit|73/100
|-enditem|p2a: Kingambit|Air Balloon
|-damage|p1a: Meowscarada|91/100|[from] item: Life Orb
|
|upkeep
|turn|9
|
|t:|1779818108
|switch|p1a: Smeargle|Smeargle, F|100/100
|move|p2a: Kingambit|Iron Head|p1a: Smeargle
|-damage|p1a: Smeargle|0 fnt
|faint|p1a: Smeargle
|
|upkeep
|
|t:|1779818114
|switch|p1a: Great Tusk|Great Tusk|100/100
|-enditem|p1a: Great Tusk|Booster Energy
|-activate|p1a: Great Tusk|ability: Protosynthesis|[fromitem]
|-start|p1a: Great Tusk|protosynthesisatk
|turn|10
|
|t:|1779818118
|-end|p2a: Kingambit|fallenundefined|[silent]
|switch|p2a: Great Tusk|Great Tusk|100/100
|move|p1a: Great Tusk|Rapid Spin|p2a: Great Tusk
|-damage|p2a: Great Tusk|85/100
|-boost|p1a: Great Tusk|spe|1
|
|upkeep
|turn|11
|
|t:|1779818133
|move|p1a: Great Tusk|Close Combat|p2a: Great Tusk
|-damage|p2a: Great Tusk|30/100
|-unboost|p1a: Great Tusk|def|1
|-unboost|p1a: Great Tusk|spd|1
|move|p2a: Great Tusk|Rapid Spin|p1a: Great Tusk
|-damage|p1a: Great Tusk|82/100
|-boost|p2a: Great Tusk|spe|1
|-sideend|p2: acon0001|Sticky Web|[from] move: Rapid Spin|[of] p2a: Great Tusk
|
|upkeep
|turn|12
|
|t:|1779818141
|move|p2a: Great Tusk|Ice Spinner|p1a: Great Tusk
|-supereffective|p1a: Great Tusk
|-damage|p1a: Great Tusk|22/100
|move|p1a: Great Tusk|Ice Spinner|p2a: Great Tusk
|-supereffective|p2a: Great Tusk
|-damage|p2a: Great Tusk|0 fnt
|faint|p2a: Great Tusk
|-end|p2a: Great Tusk|Protosynthesis|[silent]
|
|upkeep
|
|t:|1779818148
|switch|p2a: Milotic|Milotic, F, shiny|100/100
|turn|13
|
|t:|1779818152
|move|p1a: Great Tusk|Close Combat|p2a: Milotic
|-damage|p2a: Milotic|34/100
|-unboost|p1a: Great Tusk|def|1
|-unboost|p1a: Great Tusk|spd|1
|-damage|p1a: Great Tusk|6/100|[from] item: Rocky Helmet|[of] p2a: Milotic
|move|p2a: Milotic|Recover|p2a: Milotic
|-heal|p2a: Milotic|84/100
|
|upkeep
|turn|14
|
|t:|1779818160
|move|p1a: Great Tusk|Close Combat|p2a: Milotic
|-damage|p2a: Milotic|17/100
|-unboost|p1a: Great Tusk|def|1
|-unboost|p1a: Great Tusk|spd|1
|-damage|p1a: Great Tusk|0 fnt|[from] item: Rocky Helmet|[of] p2a: Milotic
|faint|p1a: Great Tusk
|-end|p1a: Great Tusk|Protosynthesis|[silent]
|move|p2a: Milotic|Recover|p2a: Milotic
|-heal|p2a: Milotic|67/100
|
|upkeep
|
|t:|1779818164
|switch|p1a: Meowscarada|Meowscarada, M|91/100
|turn|15
|
|t:|1779818170
|move|p1a: Meowscarada|Flower Trick|p2a: Milotic
|-start|p1a: Meowscarada|typechange|Grass|[from] ability: Protean
|-supereffective|p2a: Milotic
|-crit|p2a: Milotic
|-damage|p2a: Milotic|0 fnt
|faint|p2a: Milotic
|-damage|p1a: Meowscarada|81/100|[from] item: Life Orb
|
|upkeep
|
|t:|1779818178
|switch|p2a: Dragapult|Dragapult, M, shiny|100/100
|turn|16
|
|t:|1779818183
|move|p2a: Dragapult|Flamethrower|p1a: Meowscarada
|-supereffective|p1a: Meowscarada
|-crit|p1a: Meowscarada
|-damage|p1a: Meowscarada|0 fnt
|faint|p1a: Meowscarada
|-damage|p2a: Dragapult|91/100|[from] item: Life Orb
|
|upkeep
|
|t:|1779818186
|switch|p1a: Chandelure|Chandelure, M|100/100
|turn|17
|
|t:|1779818194
|-terastallize|p1a: Chandelure|Grass
|move|p2a: Dragapult|Shadow Ball|p1a: Chandelure
|-damage|p1a: Chandelure|31/100
|-damage|p2a: Dragapult|81/100|[from] item: Life Orb
|move|p1a: Chandelure|Calm Mind|p1a: Chandelure
|-boost|p1a: Chandelure|spa|1
|-boost|p1a: Chandelure|spd|1
|
|upkeep
|turn|18
|
|t:|1779818202
|move|p2a: Dragapult|Shadow Ball|p1a: Chandelure
|-damage|p1a: Chandelure|0 fnt
|faint|p1a: Chandelure
|-damage|p2a: Dragapult|71/100|[from] item: Life Orb
|
|upkeep
|
|t:|1779818205
|switch|p1a: Ambipom|Ambipom, M|100/100
|turn|19
|
|t:|1779818209
|move|p2a: Dragapult|Draco Meteor|p1a: Ambipom
|-damage|p1a: Ambipom|0 fnt
|-unboost|p2a: Dragapult|spa|2
|faint|p1a: Ambipom
|-damage|p2a: Dragapult|61/100|[from] item: Life Orb
|
|win|acon0001
|raw|lone wolf aa's rating: 1190 &rarr; <strong>1169</strong><br />(-21 for losing)
|raw|acon0001's rating: 1247 &rarr; <strong>1268</strong><br />(+21 for winning)
|l|☆lone wolf aa
|player|p1|
|l|☆acon0001
|player|p2|
