|j|‽doc1203
|j|☆Kazuelasnt
|t:|1779921582
|gametype|singles
|player|p1|doc1203|morty|1479
|player|p2|Kazuelasnt|cress|1538
|gen|9
|tier|[Gen 9] OU
|rated|
|rule|HP Percentage Mod: HP is shown in percentages
|rule|Endless Battle Clause: Forcing endless battles is banned
|rule|Species Clause: Limit one of each Pokémon
|rule|OHKO Clause: OHKO moves are banned
|rule|Evasion Items Clause: Evasion items are banned
|rule|Evasion Moves Clause: Evasion moves are banned
|rule|Evasion Abilities Clause: Evasion abilities are banned
|rule|Sleep Moves Clause: Sleep-inducing moves are banned
|clearpoke
|poke|p1|Oricorio-Pom-Pom, M|
|poke|p1|Ninetales-Alola, F|
|poke|p1|Kyurem|
|poke|p1|Iron Moth|
|poke|p1|Great Tusk|
|poke|p1|Dragonite, F|
|poke|p2|Great Tusk|
|poke|p2|Braviary-Hisui, M|
|poke|p2|Darkrai|
|poke|p2|Dragapult, M|
|poke|p2|Kingambit, M|
|poke|p2|Dragonite, M|
|teampreview
|
|t:|1779921618
|teamsize|p1|6
|teamsize|p2|6
|start
|switch|p1a: Great Tusk|Great Tusk|100/100
|switch|p2a: Jackson|Dragapult, M, shiny|100/100
|-enditem|p1a: Great Tusk|Booster Energy
|-activate|p1a: Great Tusk|ability: Protosynthesis|[fromitem]
|-start|p1a: Great Tusk|protosynthesisspe
|turn|1
|
|t:|1779921638
|-end|p1a: Great Tusk|Protosynthesis|[silent]
|switch|p1a: Ninetales|Ninetales-Alola, F|100/100
|-weather|Snowscape|[from] ability: Snow Warning|[of] p1a: Ninetales
|switch|p2a: DA T U S K|Great Tusk, shiny|100/100
|
|-weather|Snowscape|[upkeep]
|upkeep
|turn|2
|
|t:|1779921645
|move|p1a: Ninetales|Aurora Veil|p1a: Ninetales
|-sidestart|p1: doc1203|move: Aurora Veil
|move|p2a: DA T U S K|Stealth Rock|p1a: Ninetales
|-sidestart|p1: doc1203|move: Stealth Rock
|
|-weather|Snowscape|[upkeep]
|upkeep
|turn|3
|
|t:|1779921650
|switch|p1a: Great Tusk|Great Tusk|100/100
|-damage|p1a: Great Tusk|98/100|[from] Stealth Rock
|-end|p2a: DA T U S K|Protosynthesis|[silent]
|switch|p2a: Overgod|Kingambit, M, shiny|100/100
|-item|p2a: Overgod|Air Balloon
|
|-weather|Snowscape|[upkeep]
|upkeep
|turn|4
|
|t:|1779921670
|move|p1a: Great Tusk|Ice Spinner|p2a: Overgod
|-resisted|p2a: Overgod
|-damage|p2a: Overgod|91/100
|-enditem|p2a: Overgod|Air Balloon
|move|p2a: Overgod|Low Kick|p1a: Great Tusk
|-damage|p1a: Great Tusk|83/100
|
|-weather|Snowscape|[upkeep]
|upkeep
|turn|5
|
|t:|1779921691
|-end|p2a: Overgod|fallenundefined|[silent]
|switch|p2a: DA T U S K|Great Tusk, shiny|100/100
|move|p1a: Great Tusk|Bulk Up|p1a: Great Tusk
|-boost|p1a: Great Tusk|atk|1
|-boost|p1a: Great Tusk|def|1
|
|-weather|none
|upkeep
|turn|6
|
|t:|1779921702
|-end|p2a: DA T U S K|Protosynthesis|[silent]
|switch|p2a: Prismo|Braviary-Hisui, M, shiny|100/100
|move|p1a: Great Tusk|Ice Spinner|p2a: Prismo
|-supereffective|p2a: Prismo
|-damage|p2a: Prismo|7/100
|
|upkeep
|turn|7
|
|t:|1779921731
|move|p1a: Great Tusk|Rapid Spin|p2a: Prismo
|-damage|p2a: Prismo|0 fnt
|-boost|p1a: Great Tusk|spe|1
|-sideend|p1: doc1203|Stealth Rock|[from] move: Rapid Spin|[of] p1a: Great Tusk
|faint|p2a: Prismo
|
|upkeep
|
|t:|1779921740
|switch|p2a: Duke|Darkrai, shiny|100/100
|turn|8
|
|t:|1779921758
|move|p1a: Great Tusk|Headlong Rush|p2a: Duke
|-damage|p2a: Duke|4/100
|-unboost|p1a: Great Tusk|def|1
|-unboost|p1a: Great Tusk|spd|1
|move|p2a: Duke|Ice Beam|p1a: Great Tusk
|-supereffective|p1a: Great Tusk
|-damage|p1a: Great Tusk|27/100
|
|upkeep
|turn|9
|
|t:|1779921770
|move|p2a: Duke|Sucker Punch|p1a: Great Tusk
|-resisted|p1a: Great Tusk
|-damage|p1a: Great Tusk|23/100
|move|p1a: Great Tusk|Ice Spinner|p2a: Duke
|-damage|p2a: Duke|0 fnt
|faint|p2a: Duke
|
|-sideend|p1: doc1203|move: Aurora Veil
|upkeep
|
|t:|1779921781
|switch|p2a: Tyrant|Dragonite, M, shiny|100/100
|turn|10
|
|t:|1779921798
|-terastallize|p2a: Tyrant|Fire
|move|p1a: Great Tusk|Ice Spinner|p2a: Tyrant
|-resisted|p2a: Tyrant
|-damage|p2a: Tyrant|91/100
|move|p2a: Tyrant|Scale Shot|p1a: Great Tusk
|-damage|p1a: Great Tusk|15/100
|-damage|p1a: Great Tusk|6/100
|-damage|p1a: Great Tusk|0 fnt
|faint|p1a: Great Tusk
|-end|p1a: Great Tusk|Protosynthesis|[silent]
|-hitcount|p1: Great Tusk|3
|-unboost|p2a: Tyrant|def|1
|-boost|p2a: Tyrant|spe|1
|
|upkeep
|
|t:|1779921830
|switch|p1a: Ninetales|Ninetales-Alola, F|100/100
|-weather|Snowscape|[from] ability: Snow Warning|[of] p1a: Ninetales
|turn|11
|
|t:|1779921851
|move|p2a: Tyrant|Fire Punch|p1a: Ninetales
|-supereffective|p1a: Ninetales
|-damage|p1a: Ninetales|34/100
|move|p1a: Ninetales|Roar|p2a: Tyrant
|drag|p2a: Jackson|Dragapult, M, shiny|100/100
|
|-weather|Snowscape|[upkeep]
|upkeep
|turn|12
|
|t:|1779921862
|move|p2a: Jackson|Phantom Force||[still]
|-prepare|p2a: Jackson|Phantom Force
|move|p1a: Ninetales|Aurora Veil|p1a: Ninetales
|-sidestart|p1: doc1203|move: Aurora Veil
|
|-weather|Snowscape|[upkeep]
|upkeep
|turn|13
|
|t:|1779921866
|move|p2a: Jackson|Phantom Force|p1a: Ninetales|[from] lockedmove
|-crit|p1a: Ninetales
|-damage|p1a: Ninetales|0 fnt
|faint|p1a: Ninetales
|
|-weather|Snowscape|[upkeep]
|upkeep
|
|t:|1779921868
|switch|p1a: Oricorio|Oricorio-Pom-Pom, M, shiny|100/100
|turn|14
|
|t:|1779921878
|move|p2a: Jackson|Phantom Force||[still]
|-prepare|p2a: Jackson|Phantom Force
|move|p1a: Oricorio|Quiver Dance|p1a: Oricorio
|-boost|p1a: Oricorio|spa|1
|-boost|p1a: Oricorio|spd|1
|-boost|p1a: Oricorio|spe|1
|
|-weather|Snowscape|[upkeep]
|upkeep
|turn|15
|
|t:|1779921884
|move|p1a: Oricorio|Quiver Dance|p1a: Oricorio
|-boost|p1a: Oricorio|spa|1
|-boost|p1a: Oricorio|spd|1
|-boost|p1a: Oricorio|spe|1
|move|p2a: Jackson|Phantom Force|p1a: Oricorio|[from] lockedmove
|-damage|p1a: Oricorio|63/100
|
|-weather|none
|upkeep
|turn|16
|j| Nightddfff
|
|t:|1779921890
|move|p1a: Oricorio|Hurricane|p2a: Jackson
|-damage|p2a: Jackson|0 fnt
|faint|p2a: Jackson
|
|upkeep
|
|t:|1779921897
|switch|p2a: Overgod|Kingambit, M, shiny|91/100
|-activate|p2a: Overgod|ability: Supreme Overlord
|-start|p2a: Overgod|fallen3|[silent]
|turn|17
|
|t:|1779921906
|-terastallize|p1a: Oricorio|Fairy
|move|p2a: Overgod|Sucker Punch|p1a: Oricorio
|-resisted|p1a: Oricorio
|-damage|p1a: Oricorio|48/100
|move|p1a: Oricorio|Revelation Dance|p2a: Overgod
|-damage|p2a: Overgod|27/100
|
|upkeep
|turn|18
|
|t:|1779921910
|move|p1a: Oricorio|Revelation Dance|p2a: Overgod
|-damage|p2a: Overgod|0 fnt
|faint|p2a: Overgod
|-end|p2a: Overgod|fallen3|[silent]
|
|upkeep
|
|t:|1779921913
|switch|p2a: Tyrant|Dragonite, M, shiny, tera:Fire|91/100
|turn|19
|
|t:|1779921921
|move|p1a: Oricorio|Roost|p1a: Oricorio
|-heal|p1a: Oricorio|98/100
|move|p2a: Tyrant|Dragon Dance|p2a: Tyrant
|-boost|p2a: Tyrant|atk|1
|-boost|p2a: Tyrant|spe|1
|-activate|p1a: Oricorio|ability: Dancer
|move|p1a: Oricorio|Dragon Dance|p1a: Oricorio|[from] ability: Dancer
|-boost|p1a: Oricorio|atk|1
|-boost|p1a: Oricorio|spe|1
|
|-sideend|p1: doc1203|move: Aurora Veil
|upkeep
|turn|20
|
|t:|1779921925
|move|p1a: Oricorio|Hurricane|p2a: Tyrant
|-damage|p2a: Tyrant|12/100
|-start|p2a: Tyrant|confusion
|-activate|p2a: Tyrant|confusion
|-damage|p2a: Tyrant|0 fnt|[from] confusion
|faint|p2a: Tyrant
|
|upkeep
|c|☆Kazuelasnt|;"/
|c|☆Kazuelasnt|Fair
|
|t:|1779921938
|switch|p2a: DA T U S K|Great Tusk, shiny|100/100
|turn|21
|
|t:|1779921941
|move|p1a: Oricorio|Revelation Dance|p2a: DA T U S K
|-supereffective|p2a: DA T U S K
|-damage|p2a: DA T U S K|0 fnt
|faint|p2a: DA T U S K
|-end|p2a: DA T U S K|Protosynthesis|[silent]
|
|win|doc1203
|raw|doc1203's rating: 1500 &rarr; <strong>1522</strong><br />(+22 for winning)
|raw|Kazuelasnt's rating: 1538 &rarr; <strong>1516</strong><br />(-22 for losing)
