|j|☆gabagool merchant
|j|☆llr6236
|t:|1779933795
|gametype|singles
|player|p1|gabagool merchant|ghetsis-gen5bw|1237
|player|p2|llr6236|allister|1213
|gen|9
|tier|[Gen 9] OU
|rated|
|rule|HP Percentage Mod: HP is shown in percentages
|rule|Endless Battle Clause: Forcing endless battles is banned
|rule|Species Clause: Limit one of each Pokémon
|rule|OHKO Clause: OHKO moves are banned
|rule|Evasion Items Clause: Evasion items are banned
|rule|Evasion Moves Clause: Evasion moves are banned
|rule|Evasion Abilities Clause: Evasion abilities are banned
|rule|Sleep Moves Clause: Sleep-inducing moves are banned
|clearpoke
|poke|p1|Cinderace, M|
|poke|p1|Torkoal, M|
|poke|p1|Mandibuzz, F|
|poke|p1|Great Tusk|
|poke|p1|Magnezone|
|poke|p1|Walking Wake|
|poke|p2|Chandelure, F|
|poke|p2|Ceruledge, M|
|poke|p2|Oricorio-Sensu, M|
|poke|p2|Drifblim, F|
|poke|p2|Zoroark-Hisui, F|
|poke|p2|Dragapult, M|
|teampreview
|inactive|Battle timer is ON: inactive players will automatically lose when time's up. (requested by llr6236)
|
|t:|1779933805
|teamsize|p1|6
|teamsize|p2|6
|start
|switch|p1a: Great Tusk|Great Tusk|100/100
|switch|p2a: Houdini👻|Dragapult, M|100/100
|turn|1
|
|t:|1779933812
|-end|p1a: Great Tusk|Protosynthesis|[silent]
|switch|p1a: Torkoal|Torkoal, M|100/100
|-weather|SunnyDay|[from] ability: Drought|[of] p1a: Torkoal
|move|p2a: Houdini👻|Dragon Dance|p2a: Houdini👻
|-boost|p2a: Houdini👻|atk|1
|-boost|p2a: Houdini👻|spe|1
|
|-weather|SunnyDay|[upkeep]
|upkeep
|turn|2
|
|t:|1779933828
|switch|p1a: Mandibuzz|Mandibuzz, F, shiny|100/100
|move|p2a: Houdini👻|Dragon Darts|p1a: Mandibuzz
|-damage|p1a: Mandibuzz|70/100
|-anim|p2a: Houdini👻|Dragon Darts|p1a: Mandibuzz
|-damage|p1a: Mandibuzz|39/100
|-damage|p2a: Houdini👻|91/100|[from] item: Life Orb
|
|-weather|SunnyDay|[upkeep]
|upkeep
|turn|3
|
|t:|1779933837
|-terastallize|p1a: Mandibuzz|Fairy
|move|p2a: Houdini👻|Dragon Darts|p1a: Mandibuzz
|-immune|p1a: Mandibuzz
|move|p1a: Mandibuzz|Foul Play|p2a: Houdini👻
|-supereffective|p2a: Houdini👻
|-damage|p2a: Houdini👻|0 fnt
|faint|p2a: Houdini👻
|
|-weather|SunnyDay|[upkeep]
|upkeep
|
|t:|1779933848
|switch|p2a: Emo😎|Ceruledge, M|100/100
|turn|4
|
|t:|1779933857
|move|p2a: Emo😎|Bitter Blade|p1a: Mandibuzz
|-damage|p1a: Mandibuzz|0 fnt
|-damage|p2a: Emo😎|84/100|[from] item: Rocky Helmet|[of] p1a: Mandibuzz
|faint|p1a: Mandibuzz
|
|-weather|SunnyDay|[upkeep]
|upkeep
|
|t:|1779933860
|switch|p1a: Great Tusk|Great Tusk|100/100
|-activate|p1a: Great Tusk|ability: Protosynthesis
|-start|p1a: Great Tusk|protosynthesisatk
|turn|5
|
|t:|1779933863
|move|p2a: Emo😎|Endure|p2a: Emo😎
|-singleturn|p2a: Emo😎|move: Endure
|move|p1a: Great Tusk|Knock Off|p2a: Emo😎
|-supereffective|p2a: Emo😎
|-activate|p2a: Emo😎|move: Endure
|-damage|p2a: Emo😎|1/100
|-ability|p2a: Emo😎|Weak Armor|boost
|-unboost|p2a: Emo😎|def|1
|-boost|p2a: Emo😎|spe|2
|-enditem|p2a: Emo😎|Weakness Policy
|-boost|p2a: Emo😎|atk|2|[from] item: Weakness Policy
|-boost|p2a: Emo😎|spa|2|[from] item: Weakness Policy
|
|-weather|SunnyDay|[upkeep]
|upkeep
|turn|6
|
|t:|1779933871
|-end|p1a: Great Tusk|Protosynthesis|[silent]
|switch|p1a: Walking Wake|Walking Wake|100/100
|-activate|p1a: Walking Wake|ability: Protosynthesis
|-start|p1a: Walking Wake|protosynthesisspe
|move|p2a: Emo😎|Poltergeist|p1a: Walking Wake
|-activate|p1a: Walking Wake|move: Poltergeist|Choice Specs
|-damage|p1a: Walking Wake|0 fnt
|faint|p1a: Walking Wake
|-end|p1a: Walking Wake|Protosynthesis|[silent]
|
|-weather|SunnyDay|[upkeep]
|upkeep
|
|t:|1779933874
|switch|p1a: Cinderace|Cinderace, M|100/100
|turn|7
|
|t:|1779933881
|move|p1a: Cinderace|Sucker Punch|p2a: Emo😎
|-start|p1a: Cinderace|typechange|Dark|[from] ability: Libero
|-supereffective|p2a: Emo😎
|-damage|p2a: Emo😎|0 fnt
|faint|p2a: Emo😎
|
|-weather|SunnyDay|[upkeep]
|upkeep
|
|t:|1779933888
|switch|p2a: Hot Air🎈|Drifblim, F|100/100
|turn|8
|
|t:|1779933892
|switch|p1a: Torkoal|Torkoal, M|100/100
|move|p2a: Hot Air🎈|Air Slash|p1a: Torkoal
|-damage|p1a: Torkoal|69/100
|
|-weather|none
|upkeep
|turn|9
|
|t:|1779933897
|switch|p1a: Magnezone|Magnezone|100/100
|move|p2a: Hot Air🎈|Air Slash|p1a: Magnezone|[miss]
|-miss|p2a: Hot Air🎈|p1a: Magnezone
|
|upkeep
|turn|10
|
|t:|1779933904
|move|p2a: Hot Air🎈|Air Slash|p1a: Magnezone
|-resisted|p1a: Magnezone
|-damage|p1a: Magnezone|93/100
|move|p1a: Magnezone|Thunderbolt|p2a: Hot Air🎈
|-supereffective|p2a: Hot Air🎈
|-damage|p2a: Hot Air🎈|0 fnt
|faint|p2a: Hot Air🎈
|-damage|p1a: Magnezone|83/100|[from] item: Life Orb
|
|upkeep
|
|t:|1779933912
|switch|p2a: Ghost Dancer🪭|Oricorio-Sensu, M|100/100
|turn|11
|
|t:|1779933916
|-terastallize|p2a: Ghost Dancer🪭|Ground
|move|p2a: Ghost Dancer🪭|Quiver Dance|p2a: Ghost Dancer🪭
|-boost|p2a: Ghost Dancer🪭|spa|1
|-boost|p2a: Ghost Dancer🪭|spd|1
|-boost|p2a: Ghost Dancer🪭|spe|1
|move|p1a: Magnezone|Thunderbolt|p2a: Ghost Dancer🪭
|-immune|p2a: Ghost Dancer🪭
|
|upkeep
|turn|12
|
|t:|1779933921
|move|p2a: Ghost Dancer🪭|Revelation Dance|p1a: Magnezone
|-supereffective|p1a: Magnezone
|-damage|p1a: Magnezone|0 fnt
|faint|p1a: Magnezone
|
|upkeep
|
|t:|1779933926
|switch|p1a: Great Tusk|Great Tusk|100/100
|turn|13
|
|t:|1779933933
|move|p2a: Ghost Dancer🪭|Hurricane|p1a: Great Tusk|[miss]
|-miss|p2a: Ghost Dancer🪭|p1a: Great Tusk
|move|p1a: Great Tusk|Headlong Rush|p2a: Ghost Dancer🪭
|-damage|p2a: Ghost Dancer🪭|0 fnt
|-unboost|p1a: Great Tusk|def|1
|-unboost|p1a: Great Tusk|spd|1
|faint|p2a: Ghost Dancer🪭
|
|upkeep
|
|t:|1779933939
|switch|p2a: FromTheChandelier|Chandelure, F|100/100
|turn|14
|
|t:|1779933942
|-end|p1a: Great Tusk|Protosynthesis|[silent]
|switch|p1a: Torkoal|Torkoal, M|69/100
|-weather|SunnyDay|[from] ability: Drought|[of] p1a: Torkoal
|move|p2a: FromTheChandelier|Energy Ball|p1a: Torkoal
|-resisted|p1a: Torkoal
|-damage|p1a: Torkoal|46/100
|
|-weather|SunnyDay|[upkeep]
|upkeep
|turn|15
|
|t:|1779933949
|switch|p2a: FromTheChandelier|Chandelure, F|100/100
|move|p1a: Torkoal|Earth Power|p2a: FromTheChandelier
|-damage|p2a: FromTheChandelier|50/100
|replace|p2a: Illusion🎭|Zoroark-Hisui, F, shiny
|-end|p2a: Illusion🎭|Illusion
|
|-weather|SunnyDay|[upkeep]
|upkeep
|turn|16
|
|t:|1779933957
|move|p2a: Illusion🎭|Hyper Voice|p1a: Torkoal
|-damage|p1a: Torkoal|0 fnt
|faint|p1a: Torkoal
|
|-weather|SunnyDay|[upkeep]
|upkeep
|
|t:|1779933960
|switch|p1a: Great Tusk|Great Tusk|100/100
|-activate|p1a: Great Tusk|ability: Protosynthesis
|-start|p1a: Great Tusk|protosynthesisatk
|turn|17
|c|☆gabagool merchant|gg
|
|t:|1779933966
|move|p1a: Great Tusk|Knock Off|p2a: Illusion🎭
|-supereffective|p2a: Illusion🎭
|-damage|p2a: Illusion🎭|0 fnt
|-enditem|p2a: Illusion🎭|Focus Sash|[from] move: Knock Off|[of] p1a: Great Tusk
|faint|p2a: Illusion🎭
|
|-weather|SunnyDay|[upkeep]
|upkeep
|
|t:|1779933969
|switch|p2a: FromTheChandelier|Chandelure, F|100/100
|turn|18
|
|t:|1779933971
|move|p2a: FromTheChandelier|Trick|p1a: Great Tusk
|-activate|p2a: FromTheChandelier|move: Trick|[of] p1a: Great Tusk
|-item|p1a: Great Tusk|Choice Scarf|[from] move: Trick
|-item|p2a: FromTheChandelier|Choice Scarf|[from] move: Trick
|move|p1a: Great Tusk|Knock Off|p2a: FromTheChandelier
|-supereffective|p2a: FromTheChandelier
|-crit|p2a: FromTheChandelier
|-damage|p2a: FromTheChandelier|0 fnt
|-enditem|p2a: FromTheChandelier|Choice Scarf|[from] move: Knock Off|[of] p1a: Great Tusk
|faint|p2a: FromTheChandelier
|
|win|gabagool merchant
|raw|gabagool merchant's rating: 1237 &rarr; <strong>1260</strong><br />(+23 for winning)
|raw|llr6236's rating: 1213 &rarr; <strong>1190</strong><br />(-23 for losing)
|l|☆llr6236
|player|p2|
|l|☆gabagool merchant
|player|p1|
