|j|☆hat_fm
|j|☆nitro05
|t:|1779900781
|gametype|singles
|player|p1|hat_fm|pilot|1404
|player|p2|nitro05|1|1386
|gen|9
|tier|[Gen 9] OU
|rated|
|rule|HP Percentage Mod: HP is shown in percentages
|rule|Endless Battle Clause: Forcing endless battles is banned
|rule|Species Clause: Limit one of each Pokémon
|rule|OHKO Clause: OHKO moves are banned
|rule|Evasion Items Clause: Evasion items are banned
|rule|Evasion Moves Clause: Evasion moves are banned
|rule|Evasion Abilities Clause: Evasion abilities are banned
|rule|Sleep Moves Clause: Sleep-inducing moves are banned
|clearpoke
|poke|p1|Zamazenta-*|
|poke|p1|Ceruledge, M|
|poke|p1|Scizor, M|
|poke|p1|Donphan, F|
|poke|p1|Lycanroc-Dusk, M|
|poke|p1|Florges, F|
|poke|p2|Darkrai|
|poke|p2|Garchomp, M|
|poke|p2|Alomomola, M|
|poke|p2|Corviknight, F|
|poke|p2|Weezing-Galar, M|
|poke|p2|Ogerpon, F|
|teampreview
|
|t:|1779900803
|teamsize|p1|6
|teamsize|p2|6
|start
|switch|p1a: Donphan|Donphan, F|100/100
|switch|p2a: Garchomp|Garchomp, M|100/100
|turn|1
|
|t:|1779900808
|move|p2a: Garchomp|Stealth Rock|p1a: Donphan
|-sidestart|p1: hat_fm|move: Stealth Rock
|move|p1a: Donphan|Stealth Rock|p2a: Garchomp
|-sidestart|p2: nitro05|move: Stealth Rock
|
|upkeep
|turn|2
|
|t:|1779900813
|move|p2a: Garchomp|Spikes|p1a: Donphan
|-sidestart|p1: hat_fm|Spikes
|move|p1a: Donphan|Earthquake|p2a: Garchomp
|-damage|p2a: Garchomp|75/100
|
|upkeep
|turn|3
|
|t:|1779900818
|move|p1a: Donphan|Rapid Spin|p2a: Garchomp
|-damage|p2a: Garchomp|67/100
|-boost|p1a: Donphan|spe|1
|-damage|p1a: Donphan|88/100|[from] ability: Rough Skin|[of] p2a: Garchomp
|-damage|p1a: Donphan|71/100|[from] item: Rocky Helmet|[of] p2a: Garchomp
|-sideend|p1: hat_fm|Spikes|[from] move: Rapid Spin|[of] p1a: Donphan
|-sideend|p1: hat_fm|Stealth Rock|[from] move: Rapid Spin|[of] p1a: Donphan
|move|p2a: Garchomp|Dragon Tail|p1a: Donphan|[miss]
|-miss|p2a: Garchomp|p1a: Donphan
|
|upkeep
|turn|4
|
|t:|1779900827
|switch|p2a: Corviknight|Corviknight, F|100/100
|-damage|p2a: Corviknight|88/100|[from] Stealth Rock
|-ability|p2a: Corviknight|Pressure
|move|p1a: Donphan|Earthquake|p2a: Corviknight
|-immune|p2a: Corviknight
|
|-heal|p2a: Corviknight|94/100|[from] item: Leftovers
|upkeep
|turn|5
|
|t:|1779900832
|move|p1a: Donphan|Knock Off|p2a: Corviknight
|-damage|p2a: Corviknight|79/100
|-enditem|p2a: Corviknight|Leftovers|[from] move: Knock Off|[of] p1a: Donphan
|move|p2a: Corviknight|Defog|p1a: Donphan
|-unboost|p1a: Donphan|evasion|1
|-sideend|p2: nitro05|Stealth Rock|[from] move: Defog|[of] p2a: Corviknight
|
|upkeep
|turn|6
|
|t:|1779900858
|move|p1a: Donphan|Stealth Rock|p2a: Corviknight
|-sidestart|p2: nitro05|move: Stealth Rock
|move|p2a: Corviknight|Brave Bird|p1a: Donphan
|-crit|p1a: Donphan
|-damage|p1a: Donphan|39/100
|-damage|p2a: Corviknight|62/100|[from] item: Rocky Helmet|[of] p1a: Donphan
|-damage|p2a: Corviknight|52/100|[from] Recoil
|
|upkeep
|turn|7
|
|t:|1779900866
|switch|p1a: Ceruledge|Ceruledge, M|100/100
|move|p2a: Corviknight|Brave Bird|p1a: Ceruledge
|-damage|p1a: Ceruledge|50/100
|-ability|p1a: Ceruledge|Weak Armor|boost
|-unboost|p1a: Ceruledge|def|1
|-boost|p1a: Ceruledge|spe|2
|-damage|p2a: Corviknight|40/100|[from] Recoil
|
|upkeep
|turn|8
|
|t:|1779900872
|switch|p2a: Alomomola|Alomomola, M|100/100
|-damage|p2a: Alomomola|88/100|[from] Stealth Rock
|move|p1a: Ceruledge|Bitter Blade|p2a: Alomomola
|-resisted|p2a: Alomomola
|-damage|p2a: Alomomola|74/100
|-heal|p1a: Ceruledge|61/100|[from] drain|[of] p2a: Alomomola
|
|upkeep
|turn|9
|
|t:|1779900883
|switch|p1a: Donphan|Donphan, F|39/100
|move|p2a: Alomomola|Flip Turn|p1a: Donphan
|-supereffective|p1a: Donphan
|-damage|p1a: Donphan|20/100
|-damage|p2a: Alomomola|57/100|[from] item: Rocky Helmet|[of] p1a: Donphan
|
|t:|1779900888
|switch|p2a: Darkrai|Darkrai|100/100|[from] Flip Turn
|
|upkeep
|turn|10
|
|t:|1779900895
|move|p2a: Darkrai|Dark Pulse|p1a: Donphan
|-damage|p1a: Donphan|0 fnt
|faint|p1a: Donphan
|
|upkeep
|
|t:|1779900902
|switch|p1a: Florges|Florges, F|100/100
|turn|11
|
|t:|1779900909
|switch|p2a: Weezing|Weezing-Galar, M|100/100
|-ability|p2a: Weezing|Neutralizing Gas
|move|p1a: Florges|Moonblast|p2a: Weezing
|-resisted|p2a: Weezing
|-damage|p2a: Weezing|69/100
|-unboost|p2a: Weezing|spa|1
|
|upkeep
|turn|12
|
|t:|1779900918
|move|p1a: Florges|Psychic Noise|p2a: Weezing
|-supereffective|p2a: Weezing
|-crit|p2a: Weezing
|-damage|p2a: Weezing|0 fnt
|faint|p2a: Weezing
|-end|p2a: Weezing|ability: Neutralizing Gas
|
|upkeep
|
|t:|1779900924
|switch|p2a: Corviknight|Corviknight, F|40/100
|-damage|p2a: Corviknight|28/100|[from] Stealth Rock
|-ability|p2a: Corviknight|Pressure
|turn|13
|
|t:|1779900934
|switch|p1a: Ceruledge|Ceruledge, M|61/100
|move|p2a: Corviknight|Roost|p2a: Corviknight
|-heal|p2a: Corviknight|78/100
|-singleturn|p2a: Corviknight|move: Roost
|
|upkeep
|turn|14
|
|t:|1779900943
|move|p1a: Ceruledge|Swords Dance|p1a: Ceruledge
|-boost|p1a: Ceruledge|atk|2
|move|p2a: Corviknight|Defog|p1a: Ceruledge
|-unboost|p1a: Ceruledge|evasion|1
|-sideend|p2: nitro05|Stealth Rock|[from] move: Defog|[of] p2a: Corviknight
|
|upkeep
|turn|15
|
|t:|1779900953
|move|p1a: Ceruledge|Swords Dance|p1a: Ceruledge
|-boost|p1a: Ceruledge|atk|2
|move|p2a: Corviknight|Brave Bird|p1a: Ceruledge
|-damage|p1a: Ceruledge|12/100
|-ability|p1a: Ceruledge|Weak Armor|boost
|-unboost|p1a: Ceruledge|def|1
|-boost|p1a: Ceruledge|spe|2
|-damage|p2a: Corviknight|66/100|[from] Recoil
|
|upkeep
|turn|16
|
|t:|1779900961
|switch|p2a: Alomomola|Alomomola, M|90/100
|move|p1a: Ceruledge|Bitter Blade|p2a: Alomomola
|-resisted|p2a: Alomomola
|-damage|p2a: Alomomola|48/100
|-heal|p1a: Ceruledge|47/100|[from] drain|[of] p2a: Alomomola
|
|upkeep
|turn|17
|
|t:|1779900975
|-terastallize|p1a: Ceruledge|Ghost
|move|p1a: Ceruledge|Poltergeist|p2a: Alomomola
|-activate|p2a: Alomomola|move: Poltergeist|Assault Vest
|-damage|p2a: Alomomola|0 fnt
|faint|p2a: Alomomola
|
|upkeep
|
|t:|1779900982
|switch|p2a: Garchomp|Garchomp, M|67/100
|turn|18
|
|t:|1779900989
|move|p1a: Ceruledge|Poltergeist|p2a: Garchomp
|-activate|p2a: Garchomp|move: Poltergeist|Rocky Helmet
|-damage|p2a: Garchomp|0 fnt
|faint|p2a: Garchomp
|
|upkeep
|
|t:|1779900994
|switch|p2a: Ogerpon|Ogerpon, F|100/100
|turn|19
|
|t:|1779901000
|-terastallize|p2a: Ogerpon|Grass
|detailschange|p2a: Ogerpon|Ogerpon-Teal-Tera, F, tera:Grass
|-ability|p2a: Ogerpon|Embody Aspect (Teal)|boost
|-boost|p2a: Ogerpon|spe|1
|move|p1a: Ceruledge|Bitter Blade|p2a: Ogerpon
|-supereffective|p2a: Ogerpon
|-damage|p2a: Ogerpon|0 fnt
|-heal|p1a: Ceruledge|99/100|[from] drain|[of] p2a: Ogerpon
|faint|p2a: Ogerpon
|detailschange|p2: Ogerpon|Ogerpon, F|[silent]
|
|upkeep
|-message|nitro05 forfeited.
|
|win|hat_fm
|raw|hat_fm's rating: 1404 &rarr; <strong>1423</strong><br />(+19 for winning)
|raw|nitro05's rating: 1386 &rarr; <strong>1367</strong><br />(-19 for losing)
|l|☆nitro05
|player|p2|
|l|☆hat_fm
|player|p1|
