|j|☆meh246
|j|☆claudechamp
|t:|1779908698
|gametype|singles
|player|p1|meh246|hoopster|1191
|player|p2|claudechamp|169|1186
|gen|9
|tier|[Gen 9] OU
|rated|
|rule|HP Percentage Mod: HP is shown in percentages
|rule|Endless Battle Clause: Forcing endless battles is banned
|rule|Species Clause: Limit one of each Pokémon
|rule|OHKO Clause: OHKO moves are banned
|rule|Evasion Items Clause: Evasion items are banned
|rule|Evasion Moves Clause: Evasion moves are banned
|rule|Evasion Abilities Clause: Evasion abilities are banned
|rule|Sleep Moves Clause: Sleep-inducing moves are banned
|clearpoke
|poke|p1|Dragapult, M|
|poke|p1|Iron Valiant|
|poke|p1|Cresselia, F|
|poke|p1|Greninja-*, F|
|poke|p1|Masquerain, F|
|poke|p1|Landorus-Therian, M|
|poke|p2|Corviknight, M|
|poke|p2|Ting-Lu|
|poke|p2|Kyurem|
|poke|p2|Dondozo, M|
|poke|p2|Slowking-Galar, M|
|poke|p2|Cinderace, M|
|teampreview
|inactive|Battle timer is ON: inactive players will automatically lose when time's up. (requested by meh246)
|c|☆claudechamp|hf
|
|t:|1779908706
|teamsize|p1|6
|teamsize|p2|6
|start
|switch|p1a: Masquerain|Masquerain, F, shiny|100/100
|switch|p2a: Cinderace|Cinderace, M|100/100
|-ability|p1a: Masquerain|Intimidate|boost
|-unboost|p2a: Cinderace|atk|1
|turn|1
|inactive|claudechamp also wants the timer to be on.
|c|☆meh246|thx u2
|inactive|claudechamp has 120 seconds left.
|
|t:|1779908744
|switch|p2a: Kyurem|Kyurem|100/100
|-ability|p2a: Kyurem|Pressure
|switch|p1a: Landorus|Landorus-Therian, M|100/100
|-ability|p1a: Landorus|Intimidate|boost
|-unboost|p2a: Kyurem|atk|1
|
|upkeep
|turn|2
|inactive|claudechamp has 120 seconds left.
|
|t:|1779908761
|switch|p1a: Iron Valiant|Iron Valiant, shiny|100/100
|move|p2a: Kyurem|Freeze-Dry|p1a: Iron Valiant
|-damage|p1a: Iron Valiant|36/100
|
|-heal|p1a: Iron Valiant|42/100|[from] item: Leftovers
|upkeep
|turn|3
|inactive|claudechamp has 120 seconds left.
|
|t:|1779908769
|-terastallize|p2a: Kyurem|Ground
|move|p1a: Iron Valiant|Moonblast|p2a: Kyurem
|-damage|p2a: Kyurem|51/100
|move|p2a: Kyurem|Earth Power|p1a: Iron Valiant
|-damage|p1a: Iron Valiant|0 fnt
|faint|p1a: Iron Valiant
|-end|p1a: Iron Valiant|Quark Drive|[silent]
|
|-heal|p2a: Kyurem|57/100|[from] item: Leftovers
|upkeep
|
|t:|1779908778
|switch|p1a: Greninja|Greninja, F, shiny|100/100
|turn|4
|
|t:|1779908782
|move|p1a: Greninja|Surf|p2a: Kyurem
|-start|p1a: Greninja|typechange|Water|[from] ability: Protean
|-supereffective|p2a: Kyurem
|-damage|p2a: Kyurem|0 fnt
|faint|p2a: Kyurem
|-damage|p1a: Greninja|91/100|[from] item: Life Orb
|
|upkeep
|
|t:|1779908794
|switch|p2a: Slowking|Slowking-Galar, M|100/100
|turn|5
|
|t:|1779908806
|switch|p1a: Landorus|Landorus-Therian, M|100/100
|-ability|p1a: Landorus|Intimidate|boost
|-unboost|p2a: Slowking|atk|1
|move|p2a: Slowking|Sludge Bomb|p1a: Landorus
|-resisted|p1a: Landorus
|-damage|p1a: Landorus|80/100
|
|-heal|p1a: Landorus|86/100|[from] item: Leftovers
|upkeep
|turn|6
|
|t:|1779908815
|move|p1a: Landorus|Body Slam|p2a: Slowking
|-crit|p2a: Slowking
|-damage|p2a: Slowking|64/100
|move|p2a: Slowking|Ice Beam|p1a: Landorus
|-supereffective|p1a: Landorus
|-damage|p1a: Landorus|0 fnt
|faint|p1a: Landorus
|
|upkeep
|
|t:|1779908824
|switch|p1a: Cresselia|Cresselia, F, shiny|100/100
|turn|7
|
|t:|1779908842
|move|p1a: Cresselia|Calm Mind|p1a: Cresselia
|-boost|p1a: Cresselia|spa|1
|-boost|p1a: Cresselia|spd|1
|move|p2a: Slowking|Sludge Bomb|p1a: Cresselia
|-damage|p1a: Cresselia|85/100
|
|-heal|p1a: Cresselia|91/100|[from] item: Leftovers
|upkeep
|turn|8
|
|t:|1779908850
|switch|p2a: Ting-Lu|Ting-Lu|100/100
|-ability|p2a: Ting-Lu|Vessel of Ruin
|move|p1a: Cresselia|Thunderbolt|p2a: Ting-Lu
|-immune|p2a: Ting-Lu
|
|-heal|p1a: Cresselia|97/100|[from] item: Leftovers
|upkeep
|turn|9
|
|t:|1779908852
|move|p1a: Cresselia|Moonblast|p2a: Ting-Lu
|-supereffective|p2a: Ting-Lu
|-damage|p2a: Ting-Lu|67/100
|move|p2a: Ting-Lu|Payback|p1a: Cresselia
|-supereffective|p1a: Cresselia
|-damage|p1a: Cresselia|40/100
|
|-heal|p1a: Cresselia|46/100|[from] item: Leftovers
|-heal|p2a: Ting-Lu|74/100|[from] item: Leftovers
|upkeep
|turn|10
|
|t:|1779908858
|move|p1a: Cresselia|Moonlight|p1a: Cresselia
|-heal|p1a: Cresselia|96/100
|move|p2a: Ting-Lu|Payback|p1a: Cresselia
|-supereffective|p1a: Cresselia
|-damage|p1a: Cresselia|40/100
|
|-heal|p1a: Cresselia|46/100|[from] item: Leftovers
|-heal|p2a: Ting-Lu|80/100|[from] item: Leftovers
|upkeep
|turn|11
|
|t:|1779908864
|switch|p2a: Slowking|Slowking-Galar, M|97/100
|move|p1a: Cresselia|Moonlight|p1a: Cresselia
|-heal|p1a: Cresselia|96/100
|
|-heal|p1a: Cresselia|100/100|[from] item: Leftovers
|upkeep
|turn|12
|
|t:|1779908871
|-terastallize|p1a: Cresselia|Poison
|move|p1a: Cresselia|Calm Mind|p1a: Cresselia
|-boost|p1a: Cresselia|spa|1
|-boost|p1a: Cresselia|spd|1
|move|p2a: Slowking|Future Sight|p1a: Cresselia
|-start|p2a: Slowking|move: Future Sight
|
|upkeep
|turn|13
|
|t:|1779908877
|move|p1a: Cresselia|Calm Mind|p1a: Cresselia
|-boost|p1a: Cresselia|spa|1
|-boost|p1a: Cresselia|spd|1
|move|p2a: Slowking|Future Sight||[still]
|-fail|p2a: Slowking
|
|upkeep
|turn|14
|
|t:|1779908880
|move|p1a: Cresselia|Calm Mind|p1a: Cresselia
|-boost|p1a: Cresselia|spa|1
|-boost|p1a: Cresselia|spd|1
|move|p2a: Slowking|Sludge Bomb|p1a: Cresselia
|-resisted|p1a: Cresselia
|-damage|p1a: Cresselia|97/100
|
|-end|p1a: Cresselia|move: Future Sight
|-supereffective|p1a: Cresselia
|-damage|p1a: Cresselia|75/100
|-heal|p1a: Cresselia|81/100|[from] item: Leftovers
|upkeep
|turn|15
|
|t:|1779908886
|switch|p2a: Ting-Lu|Ting-Lu|80/100
|-ability|p2a: Ting-Lu|Vessel of Ruin
|move|p1a: Cresselia|Calm Mind|p1a: Cresselia
|-boost|p1a: Cresselia|spa|1
|-boost|p1a: Cresselia|spd|1
|
|-heal|p1a: Cresselia|87/100|[from] item: Leftovers
|-heal|p2a: Ting-Lu|86/100|[from] item: Leftovers
|upkeep
|turn|16
|
|t:|1779908896
|move|p1a: Cresselia|Moonblast|p2a: Ting-Lu
|-supereffective|p2a: Ting-Lu
|-damage|p2a: Ting-Lu|11/100
|move|p2a: Ting-Lu|Earthquake|p1a: Cresselia
|-immune|p1a: Cresselia|[from] ability: Levitate
|
|-heal|p1a: Cresselia|93/100|[from] item: Leftovers
|-heal|p2a: Ting-Lu|18/100|[from] item: Leftovers
|upkeep
|turn|17
|
|t:|1779908906
|move|p1a: Cresselia|Moonblast|p2a: Ting-Lu
|-supereffective|p2a: Ting-Lu
|-damage|p2a: Ting-Lu|0 fnt
|faint|p2a: Ting-Lu
|
|-heal|p1a: Cresselia|99/100|[from] item: Leftovers
|upkeep
|
|t:|1779908917
|switch|p2a: Dondozo|Dondozo, M|100/100
|turn|18
|
|t:|1779908928
|move|p1a: Cresselia|Thunderbolt|p2a: Dondozo
|-supereffective|p2a: Dondozo
|-damage|p2a: Dondozo|69/100
|move|p2a: Dondozo|Waterfall|p1a: Cresselia
|-damage|p1a: Cresselia|79/100
|
|-heal|p1a: Cresselia|85/100|[from] item: Leftovers
|-heal|p2a: Dondozo|75/100|[from] item: Leftovers
|upkeep
|turn|19
|
|t:|1779908937
|move|p1a: Cresselia|Thunderbolt|p2a: Dondozo
|-supereffective|p2a: Dondozo
|-damage|p2a: Dondozo|46/100
|move|p2a: Dondozo|Waterfall|p1a: Cresselia
|-damage|p1a: Cresselia|66/100
|
|-heal|p1a: Cresselia|72/100|[from] item: Leftovers
|-heal|p2a: Dondozo|52/100|[from] item: Leftovers
|upkeep
|turn|20
|
|t:|1779908943
|switch|p2a: Slowking|Slowking-Galar, M|100/100
|move|p1a: Cresselia|Thunderbolt|p2a: Slowking
|-damage|p2a: Slowking|38/100
|
|-heal|p1a: Cresselia|78/100|[from] item: Leftovers
|upkeep
|turn|21
|
|t:|1779908948
|move|p1a: Cresselia|Thunderbolt|p2a: Slowking
|-damage|p2a: Slowking|0 fnt
|faint|p2a: Slowking
|
|-heal|p1a: Cresselia|84/100|[from] item: Leftovers
|upkeep
|
|t:|1779908952
|switch|p2a: Dondozo|Dondozo, M|52/100
|turn|22
|
|t:|1779908957
|move|p1a: Cresselia|Thunderbolt|p2a: Dondozo
|-supereffective|p2a: Dondozo
|-damage|p2a: Dondozo|23/100
|move|p2a: Dondozo|Waterfall|p1a: Cresselia
|-damage|p1a: Cresselia|65/100
|
|-heal|p1a: Cresselia|71/100|[from] item: Leftovers
|-heal|p2a: Dondozo|30/100|[from] item: Leftovers
|upkeep
|turn|23
|
|t:|1779908963
|switch|p2a: Cinderace|Cinderace, M|100/100
|move|p1a: Cresselia|Thunderbolt|p2a: Cinderace
|-damage|p2a: Cinderace|2/100
|
|-heal|p1a: Cresselia|77/100|[from] item: Leftovers
|upkeep
|turn|24
|
|t:|1779908968
|move|p2a: Cinderace|Pyro Ball|p1a: Cresselia
|-damage|p1a: Cresselia|30/100
|move|p1a: Cresselia|Thunderbolt|p2a: Cinderace
|-damage|p2a: Cinderace|0 fnt
|faint|p2a: Cinderace
|
|-heal|p1a: Cresselia|37/100|[from] item: Leftovers
|upkeep
|
|t:|1779908975
|switch|p2a: Dondozo|Dondozo, M|30/100
|turn|25
|
|t:|1779908982
|switch|p2a: Corviknight|Corviknight, M|100/100
|-ability|p2a: Corviknight|Pressure
|move|p1a: Cresselia|Moonlight|p1a: Cresselia
|-heal|p1a: Cresselia|87/100
|
|-heal|p1a: Cresselia|93/100|[from] item: Leftovers
|upkeep
|turn|26
|
|t:|1779908991
|move|p1a: Cresselia|Thunderbolt|p2a: Corviknight
|-supereffective|p2a: Corviknight
|-damage|p2a: Corviknight|0 fnt
|faint|p2a: Corviknight
|
|-heal|p1a: Cresselia|99/100|[from] item: Leftovers
|upkeep
|c|☆meh246|gg
|
|t:|1779908997
|switch|p2a: Dondozo|Dondozo, M|30/100
|turn|27
|
|t:|1779909006
|move|p1a: Cresselia|Thunderbolt|p2a: Dondozo
|-supereffective|p2a: Dondozo
|-damage|p2a: Dondozo|0 fnt
|faint|p2a: Dondozo
|
|win|meh246
|raw|meh246's rating: 1191 &rarr; <strong>1212</strong><br />(+21 for winning)
|raw|claudechamp's rating: 1139 &rarr; <strong>1118</strong><br />(-21 for losing)
|c|☆claudechamp|gg
|c|☆meh246|its a tank
