|j|☆hieunvt91233
|j|☆AZZBoi
|t:|1779861714
|gametype|singles
|player|p1|hieunvt91233|265|1078
|player|p2|AZZBoi|2|1133
|gen|9
|tier|[Gen 9] OU
|rated|
|rule|HP Percentage Mod: HP is shown in percentages
|rule|Endless Battle Clause: Forcing endless battles is banned
|rule|Species Clause: Limit one of each Pokémon
|rule|OHKO Clause: OHKO moves are banned
|rule|Evasion Items Clause: Evasion items are banned
|rule|Evasion Moves Clause: Evasion moves are banned
|rule|Evasion Abilities Clause: Evasion abilities are banned
|rule|Sleep Moves Clause: Sleep-inducing moves are banned
|clearpoke
|poke|p1|Scizor, F|
|poke|p1|Meowscarada, F|
|poke|p1|Ambipom, F|
|poke|p1|Heatran, M|
|poke|p1|Alomomola, F|
|poke|p1|Pecharunt|
|poke|p2|Great Tusk|
|poke|p2|Cinderace, F|
|poke|p2|Serperior, F|
|poke|p2|Kingambit, F|
|poke|p2|Torkoal, F|
|poke|p2|Walking Wake|
|teampreview
|inactive|Battle timer is ON: inactive players will automatically lose when time's up. (requested by hieunvt91233)
|
|t:|1779861748
|teamsize|p1|6
|teamsize|p2|6
|start
|switch|p1a: Ambipom|Ambipom, F|100/100
|switch|p2a: Torkoal|Torkoal, F|100/100
|-weather|SunnyDay|[from] ability: Drought|[of] p2a: Torkoal
|turn|1
|inactive|AZZBoi has 120 seconds left.
|
|t:|1779861799
|move|p1a: Ambipom|Fake Out|p2a: Torkoal
|-damage|p2a: Torkoal|80/100
|-enditem|p2a: Torkoal|Eject Button
|
|t:|1779861805
|switch|p2a: Great Tusk|Great Tusk|100/100
|-activate|p2a: Great Tusk|ability: Protosynthesis
|-start|p2a: Great Tusk|protosynthesisatk
|
|-weather|SunnyDay|[upkeep]
|upkeep
|turn|2
|
|t:|1779861811
|move|p2a: Great Tusk|Headlong Rush|p1a: Ambipom
|-damage|p1a: Ambipom|0 fnt
|-unboost|p2a: Great Tusk|def|1
|-unboost|p2a: Great Tusk|spd|1
|faint|p1a: Ambipom
|
|-weather|SunnyDay|[upkeep]
|upkeep
|
|t:|1779861829
|switch|p1a: Meowscarada|Meowscarada, F|100/100
|turn|3
|inactive|AZZBoi has 120 seconds left.
|
|t:|1779861848
|-end|p2a: Great Tusk|Protosynthesis|[silent]
|switch|p2a: Walking Wake|Walking Wake|100/100
|-activate|p2a: Walking Wake|ability: Protosynthesis
|-start|p2a: Walking Wake|protosynthesisspe
|move|p1a: Meowscarada|Flower Trick|p2a: Walking Wake
|-start|p1a: Meowscarada|typechange|Grass|[from] ability: Protean
|-crit|p2a: Walking Wake
|-damage|p2a: Walking Wake|18/100
|-damage|p1a: Meowscarada|91/100|[from] item: Life Orb
|
|-weather|SunnyDay|[upkeep]
|upkeep
|turn|4
|
|t:|1779861859
|switch|p1a: Alomomola|Alomomola, F|100/100
|move|p2a: Walking Wake|Flamethrower|p1a: Alomomola
|-resisted|p1a: Alomomola
|-damage|p1a: Alomomola|80/100
|-damage|p2a: Walking Wake|8/100|[from] item: Life Orb
|
|-weather|SunnyDay|[upkeep]
|upkeep
|turn|5
|inactive|AZZBoi has 120 seconds left.
|
|t:|1779861866
|-terastallize|p2a: Walking Wake|Dragon
|move|p2a: Walking Wake|Draco Meteor|p1a: Alomomola|[miss]
|-miss|p2a: Walking Wake|p1a: Alomomola
|move|p1a: Alomomola|Wish|p1a: Alomomola
|
|-weather|none
|-end|p2a: Walking Wake|Protosynthesis
|upkeep
|turn|6
|inactive|AZZBoi has 120 seconds left.
|
|t:|1779861877
|-end|p2a: Walking Wake|Protosynthesis|[silent]
|switch|p2a: Torkoal|Torkoal, F|80/100
|-weather|SunnyDay|[from] ability: Drought|[of] p2a: Torkoal
|move|p1a: Alomomola|Flip Turn|p2a: Torkoal
|-supereffective|p2a: Torkoal
|-damage|p2a: Torkoal|71/100
|
|t:|1779861885
|switch|p1a: Pecharunt|Pecharunt|100/100|[from] Flip Turn
|
|-weather|SunnyDay|[upkeep]
|upkeep
|turn|7
|
|t:|1779861890
|move|p1a: Pecharunt|Toxic|p2a: Torkoal
|-status|p2a: Torkoal|tox
|-start|p2a: Torkoal|confusion|[from] ability: Poison Puppeteer|[of] p1a: Pecharunt
|-activate|p2a: Torkoal|confusion
|move|p2a: Torkoal|Will-O-Wisp|p1a: Pecharunt
|-status|p1a: Pecharunt|brn
|
|-weather|SunnyDay|[upkeep]
|-damage|p2a: Torkoal|65/100 tox|[from] psn
|-damage|p1a: Pecharunt|94/100 brn|[from] brn
|upkeep
|turn|8
|
|t:|1779861898
|switch|p2a: Kingambit|Kingambit, F|100/100
|move|p1a: Pecharunt|Substitute|p1a: Pecharunt
|-start|p1a: Pecharunt|Substitute
|-damage|p1a: Pecharunt|69/100 brn
|
|-weather|SunnyDay|[upkeep]
|-heal|p1a: Pecharunt|75/100 brn|[from] item: Leftovers
|-damage|p1a: Pecharunt|69/100 brn|[from] brn
|upkeep
|turn|9
|
|t:|1779861906
|switch|p1a: Alomomola|Alomomola, F|100/100
|move|p2a: Kingambit|Swords Dance|p2a: Kingambit
|-boost|p2a: Kingambit|atk|2
|
|-weather|SunnyDay|[upkeep]
|upkeep
|turn|10
|
|t:|1779861910
|move|p1a: Alomomola|Whirlpool|p2a: Kingambit
|-damage|p2a: Kingambit|98/100
|-activate|p2a: Kingambit|move: Whirlpool|[of] p1a: Alomomola
|move|p2a: Kingambit|Swords Dance|p2a: Kingambit
|-boost|p2a: Kingambit|atk|2
|
|-weather|none
|-damage|p2a: Kingambit|85/100|[from] move: Whirlpool|[partiallytrapped]
|upkeep
|turn|11
|
|t:|1779861915
|move|p1a: Alomomola|Wish|p1a: Alomomola
|move|p2a: Kingambit|Low Kick|p1a: Alomomola
|-damage|p1a: Alomomola|24/100
|-enditem|p1a: Alomomola|Sitrus Berry|[eat]
|-heal|p1a: Alomomola|49/100|[from] item: Sitrus Berry
|-damage|p2a: Kingambit|75/100|[from] item: Life Orb
|
|-damage|p2a: Kingambit|63/100|[from] move: Whirlpool|[partiallytrapped]
|upkeep
|turn|12
|-message|hieunvt91233 forfeited.
|
|win|AZZBoi
|raw|hieunvt91233's rating: 1078 &rarr; <strong>1060</strong><br />(-18 for losing)
|raw|AZZBoi's rating: 1133 &rarr; <strong>1154</strong><br />(+21 for winning)
|l|☆hieunvt91233
|player|p1|
|l|☆AZZBoi
|player|p2|
