|j|☆UziPoops
|j|☆chrovalis
|t:|1779908983
|gametype|singles
|player|p1|UziPoops|veteran|1129
|player|p2|chrovalis|ethan|1124
|gen|9
|tier|[Gen 9] OU
|rated|
|rule|HP Percentage Mod: HP is shown in percentages
|rule|Endless Battle Clause: Forcing endless battles is banned
|rule|Species Clause: Limit one of each Pokémon
|rule|OHKO Clause: OHKO moves are banned
|rule|Evasion Items Clause: Evasion items are banned
|rule|Evasion Moves Clause: Evasion moves are banned
|rule|Evasion Abilities Clause: Evasion abilities are banned
|rule|Sleep Moves Clause: Sleep-inducing moves are banned
|clearpoke
|poke|p1|Greninja-*, M|
|poke|p1|Clodsire, M|
|poke|p1|Corviknight, F|
|poke|p1|Raging Bolt|
|poke|p1|Skeledirge, F|
|poke|p1|Kingambit, M|
|poke|p2|Arcanine, M|
|poke|p2|Umbreon, M|
|poke|p2|Garchomp, F|
|poke|p2|Milotic, F|
|poke|p2|Corviknight, M|
|teampreview
|inactive|Battle timer is ON: inactive players will automatically lose when time's up. (requested by chrovalis)
|
|t:|1779908994
|teamsize|p1|6
|teamsize|p2|5
|start
|switch|p1a: Knight|Greninja, M, shiny|100/100
|switch|p2a: Garchomp|Garchomp, F|100/100
|turn|1
|
|t:|1779909005
|move|p1a: Knight|Ice Beam|p2a: Garchomp
|-start|p1a: Knight|typechange|Ice|[from] ability: Protean
|-supereffective|p2a: Garchomp
|-enditem|p2a: Garchomp|Yache Berry|[eat]
|-enditem|p2a: Garchomp|Yache Berry|[weaken]
|-damage|p2a: Garchomp|13/100
|move|p2a: Garchomp|Brick Break|p1a: Knight
|-supereffective|p1a: Knight
|-damage|p1a: Knight|18/100
|
|upkeep
|turn|2
|
|t:|1779909015
|switch|p2a: Milotic|Milotic, F|100/100
|move|p1a: Knight|Ice Beam|p2a: Milotic
|-resisted|p2a: Milotic
|-damage|p2a: Milotic|86/100
|
|-heal|p2a: Milotic|92/100|[from] item: Leftovers
|upkeep
|turn|3
|
|t:|1779909030
|switch|p1a: Light Bishop|Clodsire, M, shiny|100/100
|move|p2a: Milotic|Ice Beam|p1a: Light Bishop
|-supereffective|p1a: Light Bishop
|-damage|p1a: Light Bishop|75/100
|
|-heal|p2a: Milotic|98/100|[from] item: Leftovers
|upkeep
|turn|4
|
|t:|1779909038
|move|p2a: Milotic|Scald|p1a: Light Bishop
|-heal|p1a: Light Bishop|99/100|[from] ability: Water Absorb|[of] p2a: Milotic
|move|p1a: Light Bishop|Toxic|p2a: Milotic
|-status|p2a: Milotic|tox
|
|-heal|p2a: Milotic|100/100 tox|[from] item: Leftovers
|-damage|p2a: Milotic|94/100 tox|[from] psn
|upkeep
|turn|5
|
|t:|1779909048
|move|p2a: Milotic|Ice Beam|p1a: Light Bishop
|-supereffective|p1a: Light Bishop
|-damage|p1a: Light Bishop|77/100
|move|p1a: Light Bishop|Stealth Rock|p2a: Milotic
|-sidestart|p2: chrovalis|move: Stealth Rock
|
|-heal|p2a: Milotic|100/100 tox|[from] item: Leftovers
|-damage|p2a: Milotic|88/100 tox|[from] psn
|upkeep
|turn|6
|
|t:|1779909057
|switch|p2a: Umbreon|Umbreon, M|100/100
|-damage|p2a: Umbreon|88/100|[from] Stealth Rock
|move|p1a: Light Bishop|Recover|p1a: Light Bishop
|-heal|p1a: Light Bishop|100/100
|
|-heal|p2a: Umbreon|94/100|[from] item: Leftovers
|upkeep
|turn|7
|
|t:|1779909067
|move|p2a: Umbreon|Psychic|p1a: Light Bishop
|-supereffective|p1a: Light Bishop
|-damage|p1a: Light Bishop|83/100
|move|p1a: Light Bishop|Toxic|p2a: Umbreon
|-status|p2a: Umbreon|tox
|
|-heal|p2a: Umbreon|99/100 tox|[from] item: Leftovers
|-damage|p2a: Umbreon|94/100 tox|[from] psn
|upkeep
|turn|8
|
|t:|1779909086
|switch|p1a: Dark Bishop|Corviknight, F|100/100
|-ability|p1a: Dark Bishop|Pressure
|move|p2a: Umbreon|Foul Play|p1a: Dark Bishop
|-damage|p1a: Dark Bishop|84/100
|
|-heal|p1a: Dark Bishop|90/100|[from] item: Leftovers
|-heal|p2a: Umbreon|99/100 tox|[from] item: Leftovers
|-damage|p2a: Umbreon|88/100 tox|[from] psn
|upkeep
|turn|9
|
|t:|1779909097
|move|p1a: Dark Bishop|Body Press|p2a: Umbreon
|-supereffective|p2a: Umbreon
|-damage|p2a: Umbreon|43/100 tox
|move|p2a: Umbreon|Wish|p2a: Umbreon
|
|-heal|p1a: Dark Bishop|96/100|[from] item: Leftovers
|-heal|p2a: Umbreon|49/100 tox|[from] item: Leftovers
|-damage|p2a: Umbreon|31/100 tox|[from] psn
|upkeep
|turn|10
|
|t:|1779909105
|switch|p2a: Arcanine|Arcanine, M|100/100
|-ability|p2a: Arcanine|Intimidate|boost
|-unboost|p1a: Dark Bishop|atk|1
|move|p1a: Dark Bishop|U-turn|p2a: Arcanine
|-resisted|p2a: Arcanine
|-damage|p2a: Arcanine|95/100
|
|t:|1779909114
|switch|p1a: Knight|Greninja, M, shiny|18/100|[from] U-turn
|
|-heal|p2a: Arcanine|100/100|[from] move: Wish|[wisher] Umbreon
|upkeep
|turn|11
|
|t:|1779909121
|move|p2a: Arcanine|Extreme Speed|p1a: Knight
|-damage|p1a: Knight|0 fnt
|faint|p1a: Knight
|
|upkeep
|
|t:|1779909133
|switch|p1a: Light Bishop|Clodsire, M, shiny|83/100
|turn|12
|
|t:|1779909137
|-terastallize|p2a: Arcanine|Normal
|move|p2a: Arcanine|Curse|p2a: Arcanine
|-unboost|p2a: Arcanine|spe|1
|-boost|p2a: Arcanine|atk|1
|-boost|p2a: Arcanine|def|1
|move|p1a: Light Bishop|Toxic|p2a: Arcanine
|-status|p2a: Arcanine|tox
|
|-damage|p2a: Arcanine|94/100 tox|[from] psn
|upkeep
|turn|13
|
|t:|1779909153
|switch|p1a: Queen|Skeledirge, F, shiny|100/100
|move|p2a: Arcanine|Curse|p2a: Arcanine
|-unboost|p2a: Arcanine|spe|1
|-boost|p2a: Arcanine|atk|1
|-boost|p2a: Arcanine|def|1
|
|-damage|p2a: Arcanine|82/100 tox|[from] psn
|upkeep
|turn|14
|
|t:|1779909162
|move|p1a: Queen|Torch Song|p2a: Arcanine
|-damage|p2a: Arcanine|50/100 tox
|-boost|p1a: Queen|spa|1
|move|p2a: Arcanine|Flare Blitz|p1a: Queen
|-resisted|p1a: Queen
|-damage|p1a: Queen|84/100
|-damage|p2a: Arcanine|44/100 tox|[from] Recoil
|
|-damage|p2a: Arcanine|26/100 tox|[from] psn
|upkeep
|turn|15
|-message|chrovalis forfeited.
|
|win|UziPoops
|raw|UziPoops's rating: 1129 &rarr; <strong>1154</strong><br />(+25 for winning)
|raw|chrovalis's rating: 1124 &rarr; <strong>1099</strong><br />(-25 for losing)
|l|☆chrovalis
|player|p2|
