|j|☆i love z-a
|j|☆Rubyboi711
|t:|1779839132
|gametype|singles
|player|p1|i love z-a|n|
|player|p2|Rubyboi711|volkner|
|gen|9
|tier|[Gen 9] OU
|rule|HP Percentage Mod: HP is shown in percentages
|rule|Endless Battle Clause: Forcing endless battles is banned
|rule|Species Clause: Limit one of each Pokémon
|rule|OHKO Clause: OHKO moves are banned
|rule|Evasion Items Clause: Evasion items are banned
|rule|Evasion Moves Clause: Evasion moves are banned
|rule|Evasion Abilities Clause: Evasion abilities are banned
|rule|Sleep Moves Clause: Sleep-inducing moves are banned
|clearpoke
|poke|p1|Serperior, F|
|poke|p1|Iron Crown|
|poke|p1|Ogerpon-Cornerstone, F|
|poke|p1|Samurott-Hisui, M|
|poke|p1|Raging Bolt|
|poke|p1|Iron Treads|
|poke|p2|Araquanid, F|
|poke|p2|Iron Moth|
|poke|p2|Alomomola, M|
|poke|p2|Ursaluna, M|
|poke|p2|Darkrai|
|poke|p2|Sawsbuck-Winter, F|
|teampreview
|inactive|Battle timer is ON: inactive players will automatically lose when time's up. (requested by i love z-a)
|c|☆Rubyboi711|What kinda problems does your team have?
|
|t:|1779839159
|teamsize|p1|6
|teamsize|p2|6
|start
|switch|p1a: Samurott|Samurott-Hisui, M|100/100
|switch|p2a: Araquanid|Araquanid, F, shiny|100/100
|turn|1
|
|t:|1779839169
|move|p1a: Samurott|Ceaseless Edge|p2a: Araquanid
|-damage|p2a: Araquanid|46/100
|-sidestart|p2: Rubyboi711|Spikes
|move|p2a: Araquanid|Sticky Web|p1a: Samurott
|-sidestart|p1: i love z-a|move: Sticky Web
|
|upkeep
|turn|2
|
|t:|1779839175
|move|p1a: Samurott|Ceaseless Edge|p2a: Araquanid
|-damage|p2a: Araquanid|0 fnt
|-sidestart|p2: Rubyboi711|Spikes
|faint|p2a: Araquanid
|
|upkeep
|
|t:|1779839178
|switch|p2a: Alomomola|Alomomola, M|100/100
|-damage|p2a: Alomomola|84/100|[from] Spikes
|turn|3
|
|t:|1779839186
|move|p1a: Samurott|Ceaseless Edge|p2a: Alomomola
|-damage|p2a: Alomomola|48/100
|-sidestart|p2: Rubyboi711|Spikes
|move|p2a: Alomomola|Play Rough|p1a: Samurott
|-supereffective|p1a: Samurott
|-damage|p1a: Samurott|9/100
|
|-heal|p1a: Samurott|15/100|[from] item: Leftovers
|upkeep
|turn|4
|
|t:|1779839197
|move|p1a: Samurott|Ceaseless Edge|p2a: Alomomola
|-damage|p2a: Alomomola|11/100
|move|p2a: Alomomola|Play Rough|p1a: Samurott
|-supereffective|p1a: Samurott
|-damage|p1a: Samurott|0 fnt
|faint|p1a: Samurott
|
|upkeep
|c|☆i love z-a|It has a few problems with fire and ground
|
|t:|1779839220
|switch|p1a: Iron Crown|Iron Crown|100/100
|-activate|p1a: Iron Crown|move: Sticky Web
|-unboost|p1a: Iron Crown|spe|1
|-enditem|p1a: Iron Crown|Booster Energy
|-activate|p1a: Iron Crown|ability: Quark Drive|[fromitem]
|-start|p1a: Iron Crown|quarkdrivespa
|turn|5
|
|t:|1779839227
|switch|p2a: Darkrai|Darkrai|100/100
|-damage|p2a: Darkrai|76/100|[from] Spikes
|move|p1a: Iron Crown|Agility|p1a: Iron Crown
|-boost|p1a: Iron Crown|spe|2
|
|upkeep
|turn|6
|
|t:|1779839236
|move|p1a: Iron Crown|Tachyon Cutter|p2a: Darkrai
|-damage|p2a: Darkrai|40/100
|-damage|p2a: Darkrai|6/100
|-hitcount|p2a: Darkrai|2
|move|p2a: Darkrai|Dark Pulse|p1a: Iron Crown
|-supereffective|p1a: Iron Crown
|-damage|p1a: Iron Crown|0 fnt
|faint|p1a: Iron Crown
|-end|p1a: Iron Crown|Quark Drive|[silent]
|
|upkeep
|
|t:|1779839246
|switch|p1a: Ogerpon|Ogerpon-Cornerstone, F|100/100
|-activate|p1a: Ogerpon|move: Sticky Web
|-unboost|p1a: Ogerpon|spe|1
|turn|7
|
|t:|1779839264
|move|p2a: Darkrai|Dark Pulse|p1a: Ogerpon
|-damage|p1a: Ogerpon|24/100
|move|p1a: Ogerpon|Leech Seed|p2a: Darkrai
|-start|p2a: Darkrai|move: Leech Seed
|
|-damage|p2a: Darkrai|0 fnt|[from] Leech Seed|[of] p1a: Ogerpon
|-heal|p1a: Ogerpon|30/100|[silent]
|faint|p2a: Darkrai
|upkeep
|
|t:|1779839271
|switch|p2a: Iron Moth|Iron Moth, shiny|100/100
|-damage|p2a: Iron Moth|76/100|[from] Spikes
|-enditem|p2a: Iron Moth|Booster Energy
|-activate|p2a: Iron Moth|ability: Quark Drive|[fromitem]
|-start|p2a: Iron Moth|quarkdrivespa
|turn|8
|
|t:|1779839278
|move|p2a: Iron Moth|Fiery Dance|p1a: Ogerpon
|-damage|p1a: Ogerpon|0 fnt
|-boost|p2a: Iron Moth|spa|1
|faint|p1a: Ogerpon
|
|upkeep
|
|t:|1779839287
|switch|p1a: Serperior|Serperior, F|100/100
|-activate|p1a: Serperior|move: Sticky Web
|-boost|p1a: Serperior|spe|1
|turn|9
|c|☆Rubyboi711|Yeah like your team can get countered pretty well by iron moth
|inactive|Rubyboi711 has 270 seconds left.
|c|☆Rubyboi711|With the exception of hisuan samuratt
|c|☆Rubyboi711|But hes has a lead set doesnt he?
|
|t:|1779839345
|-terastallize|p1a: Serperior|Water
|move|p1a: Serperior|Leech Seed|p2a: Iron Moth
|-start|p2a: Iron Moth|move: Leech Seed
|move|p2a: Iron Moth|Sludge Wave|p1a: Serperior
|-damage|p1a: Serperior|0 fnt
|faint|p1a: Serperior
|
|upkeep
|c|☆i love z-a|Yes
|
|t:|1779839355
|switch|p1a: Iron Treads|Iron Treads|100/100
|-activate|p1a: Iron Treads|move: Sticky Web
|-unboost|p1a: Iron Treads|spe|1
|-enditem|p1a: Iron Treads|Booster Energy
|-activate|p1a: Iron Treads|ability: Quark Drive|[fromitem]
|-start|p1a: Iron Treads|quarkdriveatk
|turn|10
|c|☆Rubyboi711|In that cause it can fall to tera blast grass
|
|t:|1779839372
|move|p2a: Iron Moth|Fiery Dance|p1a: Iron Treads
|-supereffective|p1a: Iron Treads
|-damage|p1a: Iron Treads|0 fnt
|faint|p1a: Iron Treads
|-end|p1a: Iron Treads|Quark Drive|[silent]
|
|upkeep
|
|t:|1779839375
|switch|p1a: Raging Bolt|Raging Bolt|100/100
|-activate|p1a: Raging Bolt|move: Sticky Web
|-unboost|p1a: Raging Bolt|spe|1
|-enditem|p1a: Raging Bolt|Booster Energy
|-activate|p1a: Raging Bolt|ability: Protosynthesis|[fromitem]
|-start|p1a: Raging Bolt|protosynthesisspa
|turn|11
|
|t:|1779839381
|move|p1a: Raging Bolt|Thunderclap|p2a: Iron Moth
|-damage|p2a: Iron Moth|21/100
|move|p2a: Iron Moth|Sludge Wave|p1a: Raging Bolt
|-damage|p1a: Raging Bolt|2/100
|
|-damage|p2a: Iron Moth|8/100|[from] Leech Seed|[of] p1a: Raging Bolt
|-heal|p1a: Raging Bolt|12/100|[silent]
|upkeep
|turn|12
|
|t:|1779839389
|move|p1a: Raging Bolt|Thunderclap|p2a: Iron Moth
|-damage|p2a: Iron Moth|0 fnt
|faint|p2a: Iron Moth
|-end|p2a: Iron Moth|Quark Drive|[silent]
|
|upkeep
|c|☆i love z-a|Ggs I lose this
|c|☆Rubyboi711|But ive definitely seen alot qorse teams
|c|☆Rubyboi711|Yea gg
|inactive|Rubyboi711 has 240 seconds left.
|
|t:|1779839415
|switch|p2a: Ursaluna|Ursaluna, M, shiny|100/100
|-damage|p2a: Ursaluna|76/100|[from] Spikes
|turn|13
|
|t:|1779839422
|move|p2a: Ursaluna|Facade|p1a: Raging Bolt
|-damage|p1a: Raging Bolt|0 fnt
|faint|p1a: Raging Bolt
|-end|p1a: Raging Bolt|Protosynthesis|[silent]
|
|win|Rubyboi711
|l|☆i love z-a
|player|p1|
|c|☆Rubyboi711|This teams abit old ive been running some more gimmicky teams lately
