|j|☆1 euro de l'H
|j|‽sxde
|t:|1779955330
|gametype|singles
|player|p1|1 euro de l'H|artist-gen4|1783
|player|p2|sxde|ethan|1754
|gen|9
|tier|[Gen 9] OU
|rated|
|rule|HP Percentage Mod: HP is shown in percentages
|rule|Endless Battle Clause: Forcing endless battles is banned
|rule|Species Clause: Limit one of each Pokémon
|rule|OHKO Clause: OHKO moves are banned
|rule|Evasion Items Clause: Evasion items are banned
|rule|Evasion Moves Clause: Evasion moves are banned
|rule|Evasion Abilities Clause: Evasion abilities are banned
|rule|Sleep Moves Clause: Sleep-inducing moves are banned
|clearpoke
|poke|p1|Rillaboom, M|
|poke|p1|Zamazenta-*|
|poke|p1|Gholdengo|
|poke|p1|Ogerpon-Wellspring, F|
|poke|p1|Serperior, F|
|poke|p1|Zapdos|
|poke|p2|Dragonite, F|
|poke|p2|Gholdengo|
|poke|p2|Landorus-Therian, M|
|poke|p2|Ogerpon-Wellspring, F|
|poke|p2|Kingambit, M|
|poke|p2|Hatterene, F|
|teampreview
|l|‽sxde
|player|p2|
|inactive|Battle timer is ON: inactive players will automatically lose when time's up. (requested by 1 euro de l'H)
|j|‽sxde
|inactive|sxde reconnected and has 125 seconds left.
|player|p2|sxde|ethan|
|n|‽sxde|sxde
|
|t:|1779955384
|teamsize|p1|6
|teamsize|p2|6
|start
|switch|p1a: Rillaboom|Rillaboom, M|100/100
|switch|p2a: Landorus|Landorus-Therian, M|100/100
|-ability|p2a: Landorus|Intimidate|boost
|-unboost|p1a: Rillaboom|atk|1
|-fieldstart|move: Grassy Terrain|[from] ability: Grassy Surge|[of] p1a: Rillaboom
|turn|1
|
|t:|1779955392
|move|p2a: Landorus|Stealth Rock|p1a: Rillaboom
|-sidestart|p1: 1 euro de l'H|move: Stealth Rock
|move|p1a: Rillaboom|U-turn|p2a: Landorus
|-resisted|p2a: Landorus
|-damage|p2a: Landorus|93/100
|-damage|p1a: Rillaboom|84/100|[from] item: Rocky Helmet|[of] p2a: Landorus
|
|t:|1779955394
|switch|p1a: Ogerpon|Ogerpon-Wellspring, F|100/100|[from] U-turn
|-damage|p1a: Ogerpon|88/100|[from] Stealth Rock
|
|-heal|p1a: Ogerpon|94/100|[from] Grassy Terrain
|upkeep
|turn|2
|
|t:|1779955398
|switch|p2a: Ogerpon|Ogerpon-Wellspring, F|100/100
|move|p1a: Ogerpon|Ivy Cudgel|p2a: Ogerpon|[anim] Ivy Cudgel Water
|-immune|p2a: Ogerpon|[from] ability: Water Absorb
|
|-heal|p1a: Ogerpon|99/100|[from] Grassy Terrain
|upkeep
|turn|3
|
|t:|1779955403
|switch|p1a: Zapdos|Zapdos|100/100
|move|p2a: Ogerpon|Power Whip|p1a: Zapdos
|-resisted|p1a: Zapdos
|-damage|p1a: Zapdos|40/100
|-status|p2a: Ogerpon|par|[from] ability: Static|[of] p1a: Zapdos
|
|upkeep
|turn|4
|
|t:|1779955422
|switch|p2a: Hatterene|Hatterene, F|100/100
|move|p1a: Zapdos|Hurricane|p2a: Hatterene
|-damage|p2a: Hatterene|63/100
|
|-heal|p2a: Hatterene|69/100|[from] Grassy Terrain
|upkeep
|turn|5
|
|t:|1779955427
|move|p1a: Zapdos|Roost|p1a: Zapdos
|-heal|p1a: Zapdos|90/100
|-singleturn|p1a: Zapdos|move: Roost
|move|p2a: Hatterene|Psychic Noise|p1a: Zapdos
|-damage|p1a: Zapdos|43/100
|-start|p1a: Zapdos|move: Heal Block
|
|-heal|p2a: Hatterene|75/100|[from] Grassy Terrain
|upkeep
|turn|6
|
|t:|1779955432
|move|p1a: Zapdos|Discharge|p2a: Hatterene
|-damage|p2a: Hatterene|48/100
|move|p2a: Hatterene|Psychic Noise|p1a: Zapdos
|-damage|p1a: Zapdos|0 fnt
|faint|p1a: Zapdos
|
|-heal|p2a: Hatterene|54/100|[from] Grassy Terrain
|upkeep
|
|t:|1779955437
|switch|p1a: Ogerpon|Ogerpon-Wellspring, F|99/100
|-damage|p1a: Ogerpon|88/100|[from] Stealth Rock
|turn|7
|
|t:|1779955441
|switch|p2a: Landorus|Landorus-Therian, M|93/100
|-ability|p2a: Landorus|Intimidate|boost
|-unboost|p1a: Ogerpon|atk|1
|move|p1a: Ogerpon|Ivy Cudgel|p2a: Landorus|[anim] Ivy Cudgel Water
|-supereffective|p2a: Landorus
|-damage|p2a: Landorus|13/100
|
|-heal|p1a: Ogerpon|94/100|[from] Grassy Terrain
|upkeep
|turn|8
|
|t:|1779955445
|move|p1a: Ogerpon|Ivy Cudgel|p2a: Landorus|[anim] Ivy Cudgel Water
|-supereffective|p2a: Landorus
|-crit|p2a: Landorus
|-damage|p2a: Landorus|0 fnt
|faint|p2a: Landorus
|
|-heal|p1a: Ogerpon|99/100|[from] Grassy Terrain
|-fieldend|move: Grassy Terrain
|upkeep
|
|t:|1779955452
|switch|p2a: Dragonite|Dragonite, F|100/100
|turn|9
|
|t:|1779955464
|switch|p1a: Zamazenta|Zamazenta|100/100
|-damage|p1a: Zamazenta|94/100|[from] Stealth Rock
|-ability|p1a: Zamazenta|Dauntless Shield|boost
|-boost|p1a: Zamazenta|def|1
|move|p2a: Dragonite|Outrage|p1a: Zamazenta
|-damage|p1a: Zamazenta|33/100
|
|upkeep
|turn|10
|
|t:|1779955469
|move|p1a: Zamazenta|Stone Edge|p2a: Dragonite
|-supereffective|p2a: Dragonite
|-damage|p2a: Dragonite|66/100
|move|p2a: Dragonite|Outrage|p1a: Zamazenta|[from] lockedmove
|-damage|p1a: Zamazenta|0 fnt
|faint|p1a: Zamazenta
|-start|p2a: Dragonite|confusion|[fatigue]
|
|upkeep
|
|t:|1779955476
|switch|p1a: Rillaboom|Rillaboom, M|84/100
|-damage|p1a: Rillaboom|71/100|[from] Stealth Rock
|-fieldstart|move: Grassy Terrain|[from] ability: Grassy Surge|[of] p1a: Rillaboom
|turn|11
|
|t:|1779955497
|switch|p1a: Gholdengo|Gholdengo|100/100
|-damage|p1a: Gholdengo|94/100|[from] Stealth Rock
|-enditem|p1a: Gholdengo|Grassy Seed
|-boost|p1a: Gholdengo|def|1|[from] item: Grassy Seed
|-activate|p2a: Dragonite|confusion
|move|p2a: Dragonite|Outrage|p1a: Gholdengo
|-resisted|p1a: Gholdengo
|-damage|p1a: Gholdengo|57/100
|
|-heal|p1a: Gholdengo|63/100|[from] Grassy Terrain
|upkeep
|turn|12
|
|t:|1779955503
|move|p1a: Gholdengo|Nasty Plot|p1a: Gholdengo
|-boost|p1a: Gholdengo|spa|2
|-activate|p2a: Dragonite|confusion
|move|p2a: Dragonite|Outrage|p1a: Gholdengo|[from] lockedmove
|-resisted|p1a: Gholdengo
|-damage|p1a: Gholdengo|27/100
|
|-heal|p1a: Gholdengo|33/100|[from] Grassy Terrain
|upkeep
|turn|13
|
|t:|1779955509
|move|p1a: Gholdengo|Recover|p1a: Gholdengo
|-heal|p1a: Gholdengo|83/100
|-activate|p2a: Dragonite|confusion
|move|p2a: Dragonite|Outrage|p1a: Gholdengo|[from] lockedmove
|-resisted|p1a: Gholdengo
|-damage|p1a: Gholdengo|46/100
|
|-heal|p1a: Gholdengo|52/100|[from] Grassy Terrain
|upkeep
|turn|14
|
|t:|1779955520
|switch|p2a: Ogerpon|Ogerpon-Wellspring, F|100/100 par
|move|p1a: Gholdengo|Recover|p1a: Gholdengo
|-heal|p1a: Gholdengo|100/100
|
|upkeep
|turn|15
|
|t:|1779955533
|move|p1a: Gholdengo|Shadow Ball|p2a: Ogerpon
|-damage|p2a: Ogerpon|0 fnt
|faint|p2a: Ogerpon
|
|upkeep
|
|t:|1779955538
|switch|p2a: Kingambit|Kingambit, M|100/100
|-activate|p2a: Kingambit|ability: Supreme Overlord
|-start|p2a: Kingambit|fallen2|[silent]
|turn|16
|
|t:|1779955542
|-terastallize|p1a: Gholdengo|Fairy
|move|p1a: Gholdengo|Dazzling Gleam|p2a: Kingambit
|-damage|p2a: Kingambit|19/100
|move|p2a: Kingambit|Iron Head|p1a: Gholdengo
|-supereffective|p1a: Gholdengo
|-damage|p1a: Gholdengo|7/100
|
|-heal|p1a: Gholdengo|13/100|[from] Grassy Terrain
|-heal|p2a: Kingambit|25/100|[from] Grassy Terrain
|-heal|p2a: Kingambit|31/100|[from] item: Leftovers
|upkeep
|turn|17
|
|t:|1779955550
|move|p1a: Gholdengo|Dazzling Gleam|p2a: Kingambit
|-damage|p2a: Kingambit|0 fnt
|faint|p2a: Kingambit
|-end|p2a: Kingambit|fallen2|[silent]
|
|-heal|p1a: Gholdengo|19/100|[from] Grassy Terrain
|upkeep
|
|t:|1779955553
|switch|p2a: Dragonite|Dragonite, F|66/100
|turn|18
|
|t:|1779955576
|move|p2a: Dragonite|Extreme Speed|p1a: Gholdengo
|-damage|p1a: Gholdengo|0 fnt
|faint|p1a: Gholdengo
|
|-fieldend|move: Grassy Terrain
|upkeep
|
|t:|1779955586
|switch|p1a: Ogerpon|Ogerpon-Wellspring, F|99/100
|-damage|p1a: Ogerpon|88/100|[from] Stealth Rock
|turn|19
|
|t:|1779955596
|-terastallize|p2a: Dragonite|Normal
|move|p2a: Dragonite|Extreme Speed|p1a: Ogerpon
|-damage|p1a: Ogerpon|1/100
|move|p1a: Ogerpon|Play Rough|p2a: Dragonite
|-damage|p2a: Dragonite|25/100
|
|upkeep
|turn|20
|
|t:|1779955605
|move|p2a: Dragonite|Extreme Speed|p1a: Ogerpon
|-damage|p1a: Ogerpon|0 fnt
|faint|p1a: Ogerpon
|
|upkeep
|
|t:|1779955611
|switch|p1a: Serperior|Serperior, F|100/100
|-damage|p1a: Serperior|88/100|[from] Stealth Rock
|turn|21
|
|t:|1779955616
|move|p2a: Dragonite|Extreme Speed|p1a: Serperior
|-damage|p1a: Serperior|15/100
|move|p1a: Serperior|Leaf Storm|p2a: Dragonite|[miss]
|-miss|p1a: Serperior|p2a: Dragonite
|
|-heal|p1a: Serperior|21/100|[from] item: Leftovers
|upkeep
|turn|22
|c|☆1 euro de l'H|kk
|c|☆1 euro de l'H|gg ig
|c|☆1 euro de l'H|ˆˆ
|-message|1 euro de l'H forfeited.
|
|win|sxde
|raw|1 euro de l&apos;H's rating: 1783 &rarr; <strong>1761</strong><br />(-22 for losing)
|raw|sxde's rating: 1754 &rarr; <strong>1776</strong><br />(+22 for winning)
|l|☆1 euro de l'H
|player|p1|
|l|‽sxde
|player|p2|
