|j|☆brorca
|j|☆BaxleyTheBomb
|t:|1779876482
|gametype|singles
|player|p1|brorca|101|1149
|player|p2|BaxleyTheBomb|janitor|1150
|gen|9
|tier|[Gen 9] OU
|rated|
|rule|HP Percentage Mod: HP is shown in percentages
|rule|Endless Battle Clause: Forcing endless battles is banned
|rule|Species Clause: Limit one of each Pokémon
|rule|OHKO Clause: OHKO moves are banned
|rule|Evasion Items Clause: Evasion items are banned
|rule|Evasion Moves Clause: Evasion moves are banned
|rule|Evasion Abilities Clause: Evasion abilities are banned
|rule|Sleep Moves Clause: Sleep-inducing moves are banned
|clearpoke
|poke|p1|Kleavor, M|
|poke|p1|Gliscor, F|
|poke|p1|Great Tusk|
|poke|p1|Gholdengo|
|poke|p1|Ogerpon-Wellspring, F|
|poke|p1|Clefable, M|
|poke|p2|Tyranitar, M|
|poke|p2|Misdreavus, F|
|poke|p2|Slowking, M|
|poke|p2|Typhlosion, F|
|poke|p2|Kingdra, M|
|poke|p2|Donphan, M|
|teampreview
|inactive|Battle timer is ON: inactive players will automatically lose when time's up. (requested by brorca)
|
|t:|1779876490
|teamsize|p1|6
|teamsize|p2|6
|start
|switch|p1a: Kleavor|Kleavor, M|100/100
|switch|p2a: Tyranitar|Tyranitar, M|100/100
|-ability|p2a: Tyranitar|Unnerve
|turn|1
|
|t:|1779876499
|-terastallize|p2a: Tyranitar|Ghost
|move|p2a: Tyranitar|Dragon Dance|p2a: Tyranitar
|-boost|p2a: Tyranitar|atk|1
|-boost|p2a: Tyranitar|spe|1
|move|p1a: Kleavor|X-Scissor|p2a: Tyranitar
|-resisted|p2a: Tyranitar
|-damage|p2a: Tyranitar|74/100
|
|-heal|p2a: Tyranitar|80/100|[from] item: Leftovers
|upkeep
|turn|2
|
|t:|1779876510
|move|p2a: Tyranitar|Dragon Dance|p2a: Tyranitar
|-boost|p2a: Tyranitar|atk|1
|-boost|p2a: Tyranitar|spe|1
|move|p1a: Kleavor|Stone Axe|p2a: Tyranitar
|-damage|p2a: Tyranitar|40/100
|-sidestart|p2: BaxleyTheBomb|move: Stealth Rock
|
|-heal|p2a: Tyranitar|46/100|[from] item: Leftovers
|upkeep
|turn|3
|
|t:|1779876518
|move|p2a: Tyranitar|Stone Edge|p1a: Kleavor|[miss]
|-miss|p2a: Tyranitar|p1a: Kleavor
|move|p1a: Kleavor|Dual Wingbeat|p2a: Tyranitar
|-damage|p2a: Tyranitar|34/100
|-damage|p2a: Tyranitar|23/100
|-hitcount|p2a: Tyranitar|2
|
|-heal|p2a: Tyranitar|30/100|[from] item: Leftovers
|upkeep
|turn|4
|
|t:|1779876528
|move|p2a: Tyranitar|Stone Edge|p1a: Kleavor
|-supereffective|p1a: Kleavor
|-damage|p1a: Kleavor|0 fnt
|faint|p1a: Kleavor
|
|-heal|p2a: Tyranitar|36/100|[from] item: Leftovers
|upkeep
|
|t:|1779876533
|switch|p1a: Great Tusk|Great Tusk|100/100
|turn|5
|
|t:|1779876539
|move|p2a: Tyranitar|Ice Punch|p1a: Great Tusk
|-supereffective|p1a: Great Tusk
|-damage|p1a: Great Tusk|40/100
|move|p1a: Great Tusk|Ice Spinner|p2a: Tyranitar
|-damage|p2a: Tyranitar|13/100
|
|-heal|p2a: Tyranitar|19/100|[from] item: Leftovers
|upkeep
|turn|6
|
|t:|1779876548
|move|p2a: Tyranitar|Ice Punch|p1a: Great Tusk
|-supereffective|p1a: Great Tusk
|-damage|p1a: Great Tusk|0 fnt
|faint|p1a: Great Tusk
|-end|p1a: Great Tusk|Protosynthesis|[silent]
|
|-heal|p2a: Tyranitar|25/100|[from] item: Leftovers
|upkeep
|
|t:|1779876553
|switch|p1a: Ogerpon|Ogerpon-Wellspring, F|100/100
|turn|7
|
|t:|1779876558
|move|p2a: Tyranitar|Knock Off|p1a: Ogerpon
|-damage|p1a: Ogerpon|1/100
|move|p1a: Ogerpon|Horn Leech|p2a: Tyranitar
|-damage|p2a: Tyranitar|0 fnt
|-heal|p1a: Ogerpon|14/100|[from] drain|[of] p2a: Tyranitar
|faint|p2a: Tyranitar
|
|upkeep
|
|t:|1779876577
|switch|p2a: Kingdra|Kingdra, M|100/100
|-damage|p2a: Kingdra|88/100|[from] Stealth Rock
|turn|8
|
|t:|1779876583
|move|p1a: Ogerpon|Horn Leech|p2a: Kingdra
|-damage|p2a: Kingdra|35/100
|-heal|p1a: Ogerpon|38/100|[from] drain|[of] p2a: Kingdra
|move|p2a: Kingdra|Clear Smog|p1a: Ogerpon
|-supereffective|p1a: Ogerpon
|-damage|p1a: Ogerpon|7/100
|-clearboost|p1a: Ogerpon
|
|upkeep
|turn|9
|
|t:|1779876594
|move|p1a: Ogerpon|Horn Leech|p2a: Kingdra
|-damage|p2a: Kingdra|0 fnt
|-heal|p1a: Ogerpon|23/100|[from] drain|[of] p2a: Kingdra
|faint|p2a: Kingdra
|
|upkeep
|
|t:|1779876601
|switch|p2a: Typhlosion|Typhlosion, F|100/100
|-damage|p2a: Typhlosion|76/100|[from] Stealth Rock
|turn|10
|
|t:|1779876611
|switch|p1a: Clefable|Clefable, M|100/100
|move|p2a: Typhlosion|Eruption|p1a: Clefable
|-damage|p1a: Clefable|59/100
|
|-heal|p1a: Clefable|65/100|[from] item: Leftovers
|upkeep
|turn|11
|
|t:|1779876622
|switch|p2a: Misdreavus|Misdreavus, F|100/100
|-damage|p2a: Misdreavus|88/100|[from] Stealth Rock
|move|p1a: Clefable|Future Sight|p2a: Misdreavus
|-start|p1a: Clefable|move: Future Sight
|
|-heal|p1a: Clefable|72/100|[from] item: Leftovers
|upkeep
|turn|12
|
|t:|1779876631
|switch|p1a: Gholdengo|Gholdengo|100/100
|move|p2a: Misdreavus|Will-O-Wisp|p1a: Gholdengo
|-immune|p1a: Gholdengo|[from] ability: Good as Gold
|
|upkeep
|turn|13
|
|t:|1779876642
|move|p1a: Gholdengo|Shadow Ball|p2a: Misdreavus
|-supereffective|p2a: Misdreavus
|-damage|p2a: Misdreavus|21/100
|-unboost|p2a: Misdreavus|spd|1
|move|p2a: Misdreavus|Night Shade|p1a: Gholdengo
|-damage|p1a: Gholdengo|69/100
|
|-end|p2a: Misdreavus|move: Future Sight
|-damage|p2a: Misdreavus|0 fnt
|faint|p2a: Misdreavus
|upkeep
|
|t:|1779876656
|switch|p2a: Typhlosion|Typhlosion, F|76/100
|-damage|p2a: Typhlosion|51/100|[from] Stealth Rock
|turn|14
|
|t:|1779876662
|switch|p1a: Gliscor|Gliscor, F, shiny|100/100
|move|p2a: Typhlosion|Overheat|p1a: Gliscor
|-damage|p1a: Gliscor|40/100
|-unboost|p2a: Typhlosion|spa|2
|
|-status|p1a: Gliscor|tox|[from] item: Toxic Orb
|upkeep
|turn|15
|
|t:|1779876674
|switch|p2a: Slowking|Slowking, M|100/100
|-damage|p2a: Slowking|88/100|[from] Stealth Rock
|move|p1a: Gliscor|Protect||[still]
|-fail|p1a: Gliscor
|
|-heal|p1a: Gliscor|52/100 tox|[from] ability: Poison Heal
|upkeep
|turn|16
|
|t:|1779876685
|move|p1a: Gliscor|Spikes|p2a: Slowking
|-sidestart|p2: BaxleyTheBomb|Spikes
|move|p2a: Slowking|Psychic Noise|p1a: Gliscor
|-damage|p1a: Gliscor|10/100 tox
|-start|p1a: Gliscor|move: Heal Block
|-damage|p2a: Slowking|78/100|[from] item: Life Orb
|
|upkeep
|turn|17
|
|t:|1779876695
|switch|p1a: Clefable|Clefable, M|72/100
|move|p2a: Slowking|Scald|p1a: Clefable
|-damage|p1a: Clefable|36/100
|-status|p1a: Clefable|brn
|-damage|p2a: Slowking|68/100|[from] item: Life Orb
|
|-heal|p1a: Clefable|42/100 brn|[from] item: Leftovers
|upkeep
|turn|18
|
|t:|1779876706
|move|p1a: Clefable|Wish|p1a: Clefable
|move|p2a: Slowking|Psychic Noise|p1a: Clefable
|-damage|p1a: Clefable|6/100 brn
|-start|p1a: Clefable|move: Heal Block
|-damage|p2a: Slowking|58/100|[from] item: Life Orb
|
|upkeep
|turn|19
|
|t:|1779876720
|switch|p1a: Gholdengo|Gholdengo|69/100
|move|p2a: Slowking|Flamethrower|p1a: Gholdengo
|-supereffective|p1a: Gholdengo
|-damage|p1a: Gholdengo|0 fnt
|faint|p1a: Gholdengo
|-damage|p2a: Slowking|48/100|[from] item: Life Orb
|
|upkeep
|
|t:|1779876725
|switch|p1a: Gliscor|Gliscor, F, shiny|10/100 tox
|turn|20
|
|t:|1779876732
|move|p1a: Gliscor|Knock Off|p2a: Slowking
|-supereffective|p2a: Slowking
|-damage|p2a: Slowking|5/100
|-enditem|p2a: Slowking|Life Orb|[from] move: Knock Off|[of] p1a: Gliscor
|move|p2a: Slowking|Psychic Noise|p1a: Gliscor
|-damage|p1a: Gliscor|0 fnt
|faint|p1a: Gliscor
|
|upkeep
|
|t:|1779876743
|switch|p1a: Ogerpon|Ogerpon-Wellspring, F|23/100
|turn|21
|
|t:|1779876748
|move|p1a: Ogerpon|Horn Leech|p2a: Slowking
|-supereffective|p2a: Slowking
|-damage|p2a: Slowking|0 fnt
|-heal|p1a: Ogerpon|25/100|[from] drain|[of] p2a: Slowking
|faint|p2a: Slowking
|
|upkeep
|
|t:|1779876756
|switch|p2a: Donphan|Donphan, M|100/100
|turn|22
|
|t:|1779876759
|-terastallize|p1a: Ogerpon|Water
|detailschange|p1a: Ogerpon|Ogerpon-Wellspring-Tera, F, tera:Water
|-ability|p1a: Ogerpon|Embody Aspect (Wellspring)|boost
|-boost|p1a: Ogerpon|spd|1
|move|p1a: Ogerpon|Ivy Cudgel|p2a: Donphan|[anim] Ivy Cudgel Water
|-supereffective|p2a: Donphan
|-damage|p2a: Donphan|1/100
|move|p2a: Donphan|Rapid Spin|p1a: Ogerpon
|-damage|p1a: Ogerpon|8/100
|-boost|p2a: Donphan|spe|1
|-sideend|p2: BaxleyTheBomb|Spikes|[from] move: Rapid Spin|[of] p2a: Donphan
|-sideend|p2: BaxleyTheBomb|Stealth Rock|[from] move: Rapid Spin|[of] p2a: Donphan
|
|upkeep
|turn|23
|
|t:|1779876772
|move|p2a: Donphan|Ice Shard|p1a: Ogerpon
|-resisted|p1a: Ogerpon
|-damage|p1a: Ogerpon|2/100
|move|p1a: Ogerpon|Ivy Cudgel|p2a: Donphan|[anim] Ivy Cudgel Water
|-supereffective|p2a: Donphan
|-damage|p2a: Donphan|0 fnt
|faint|p2a: Donphan
|
|upkeep
|
|t:|1779876781
|switch|p2a: Typhlosion|Typhlosion, F|51/100
|turn|24
|
|t:|1779876798
|move|p2a: Typhlosion|Overheat|p1a: Ogerpon
|-resisted|p1a: Ogerpon
|-damage|p1a: Ogerpon|0 fnt
|-unboost|p2a: Typhlosion|spa|2
|faint|p1a: Ogerpon
|detailschange|p1: Ogerpon|Ogerpon-Wellspring, F|[silent]
|
|upkeep
|-message|brorca forfeited.
|
|win|BaxleyTheBomb
|raw|brorca's rating: 1149 &rarr; <strong>1124</strong><br />(-25 for losing)
|raw|BaxleyTheBomb's rating: 1150 &rarr; <strong>1175</strong><br />(+25 for winning)
|l|☆brorca
|player|p1|
|l|☆BaxleyTheBomb
|player|p2|
