|j|☆Aguila74
|j|‽omnimanderous
|t:|1779912301
|gametype|singles
|player|p1|Aguila74|ethan|1697
|player|p2|omnimanderous|clown|1681
|gen|9
|tier|[Gen 9] OU
|rated|
|rule|HP Percentage Mod: HP is shown in percentages
|rule|Endless Battle Clause: Forcing endless battles is banned
|rule|Species Clause: Limit one of each Pokémon
|rule|OHKO Clause: OHKO moves are banned
|rule|Evasion Items Clause: Evasion items are banned
|rule|Evasion Moves Clause: Evasion moves are banned
|rule|Evasion Abilities Clause: Evasion abilities are banned
|rule|Sleep Moves Clause: Sleep-inducing moves are banned
|clearpoke
|poke|p1|Dragapult, M|
|poke|p1|Iron Moth|
|poke|p1|Meowscarada, F|
|poke|p1|Iron Treads|
|poke|p1|Primarina, M|
|poke|p1|Conkeldurr, M|
|poke|p2|Zamazenta-*|
|poke|p2|Gholdengo|
|poke|p2|Landorus-Therian, M|
|poke|p2|Samurott-Hisui, F|
|poke|p2|Kyurem|
|poke|p2|Hatterene, F|
|teampreview
|
|t:|1779912311
|teamsize|p1|6
|teamsize|p2|6
|start
|switch|p1a: Primarina|Primarina, M|100/100
|switch|p2a: Landorus|Landorus-Therian, M|100/100
|-ability|p2a: Landorus|Intimidate|boost
|-unboost|p1a: Primarina|atk|1
|turn|1
|j| Lowladderubersnoob
|
|t:|1779912326
|move|p2a: Landorus|Earthquake|p1a: Primarina
|-damage|p1a: Primarina|59/100
|move|p1a: Primarina|Psychic Noise|p2a: Landorus
|-supereffective|p2a: Landorus
|-damage|p2a: Landorus|29/100
|-start|p2a: Landorus|move: Heal Block
|
|-heal|p1a: Primarina|65/100|[from] item: Leftovers
|upkeep
|turn|2
|l| Lowladderubersnoob
|j| just-jaype
|
|t:|1779912339
|move|p2a: Landorus|U-turn|p1a: Primarina
|-resisted|p1a: Primarina
|-damage|p1a: Primarina|56/100
|
|t:|1779912342
|switch|p2a: Gholdengo|Gholdengo|100/100|[from] U-turn
|move|p1a: Primarina|Draining Kiss|p2a: Gholdengo
|-resisted|p2a: Gholdengo
|-damage|p2a: Gholdengo|87/100
|-heal|p1a: Primarina|64/100|[from] drain|[of] p2a: Gholdengo
|
|-heal|p1a: Primarina|70/100|[from] item: Leftovers
|upkeep
|turn|3
|
|t:|1779912352
|switch|p1a: Meowscarada|Meowscarada, F|100/100
|move|p2a: Gholdengo|Make It Rain|p1a: Meowscarada
|-damage|p1a: Meowscarada|0 fnt
|-unboost|p2a: Gholdengo|spa|1
|faint|p1a: Meowscarada
|
|upkeep
|
|t:|1779912357
|switch|p1a: Iron Moth|Iron Moth|100/100
|-enditem|p1a: Iron Moth|Booster Energy
|-activate|p1a: Iron Moth|ability: Quark Drive|[fromitem]
|-start|p1a: Iron Moth|quarkdrivespe
|turn|4
|
|t:|1779912362
|switch|p2a: Samurott|Samurott-Hisui, F|100/100
|move|p1a: Iron Moth|Fiery Dance|p2a: Samurott
|-resisted|p2a: Samurott
|-damage|p2a: Samurott|86/100
|
|upkeep
|turn|5
|
|t:|1779912367
|-end|p1a: Iron Moth|Quark Drive|[silent]
|switch|p1a: Conkeldurr|Conkeldurr, M|100/100
|move|p2a: Samurott|Ceaseless Edge|p1a: Conkeldurr
|-resisted|p1a: Conkeldurr
|-damage|p1a: Conkeldurr|81/100
|-sidestart|p1: Aguila74|Spikes
|
|upkeep
|turn|6
|
|t:|1779912376
|switch|p2a: Landorus|Landorus-Therian, M|29/100
|-ability|p2a: Landorus|Intimidate|boost
|-unboost|p1a: Conkeldurr|atk|1
|move|p1a: Conkeldurr|Ice Punch|p2a: Landorus
|-supereffective|p2a: Landorus
|-damage|p2a: Landorus|0 fnt
|-damage|p1a: Conkeldurr|65/100|[from] item: Rocky Helmet|[of] p2a: Landorus
|faint|p2a: Landorus
|
|upkeep
|
|t:|1779912397
|switch|p2a: Gholdengo|Gholdengo|87/100
|turn|7
|
|t:|1779912405
|switch|p1a: Iron Treads|Iron Treads|100/100
|-damage|p1a: Iron Treads|88/100|[from] Spikes
|move|p2a: Gholdengo|Make It Rain|p1a: Iron Treads
|-resisted|p1a: Iron Treads
|-damage|p1a: Iron Treads|27/100
|-unboost|p2a: Gholdengo|spa|1
|
|-heal|p1a: Iron Treads|33/100|[from] item: Leftovers
|upkeep
|turn|8
|
|t:|1779912418
|switch|p2a: Samurott|Samurott-Hisui, F|86/100
|move|p1a: Iron Treads|Rapid Spin|p2a: Samurott
|-damage|p2a: Samurott|70/100
|-boost|p1a: Iron Treads|spe|1
|-sideend|p1: Aguila74|Spikes|[from] move: Rapid Spin|[of] p1a: Iron Treads
|
|-heal|p1a: Iron Treads|39/100|[from] item: Leftovers
|upkeep
|turn|9
|
|t:|1779912422
|-terastallize|p1a: Iron Treads|Ground
|move|p1a: Iron Treads|Earthquake|p2a: Samurott
|-damage|p2a: Samurott|0 fnt
|faint|p2a: Samurott
|
|-heal|p1a: Iron Treads|46/100|[from] item: Leftovers
|upkeep
|l| just-jaype
|
|t:|1779912440
|switch|p2a: Zamazenta|Zamazenta|100/100
|-ability|p2a: Zamazenta|Dauntless Shield|boost
|-boost|p2a: Zamazenta|def|1
|turn|10
|
|t:|1779912444
|move|p1a: Iron Treads|Stealth Rock|p2a: Zamazenta
|-sidestart|p2: omnimanderous|move: Stealth Rock
|move|p2a: Zamazenta|Iron Defense|p2a: Zamazenta
|-boost|p2a: Zamazenta|def|2
|
|-heal|p1a: Iron Treads|52/100|[from] item: Leftovers
|upkeep
|turn|11
|
|t:|1779912447
|-end|p1a: Iron Treads|Quark Drive|[silent]
|switch|p1a: Primarina|Primarina, M|70/100
|move|p2a: Zamazenta|Iron Defense|p2a: Zamazenta
|-boost|p2a: Zamazenta|def|2
|
|-heal|p1a: Primarina|76/100|[from] item: Leftovers
|upkeep
|turn|12
|
|t:|1779912452
|-terastallize|p2a: Zamazenta|Steel
|move|p2a: Zamazenta|Body Press|p1a: Primarina
|-resisted|p1a: Primarina
|-damage|p1a: Primarina|26/100
|move|p1a: Primarina|Draining Kiss|p2a: Zamazenta
|-resisted|p2a: Zamazenta
|-damage|p2a: Zamazenta|91/100
|-heal|p1a: Primarina|32/100|[from] drain|[of] p2a: Zamazenta
|
|-heal|p2a: Zamazenta|97/100|[from] item: Leftovers
|-heal|p1a: Primarina|38/100|[from] item: Leftovers
|upkeep
|turn|13
|
|t:|1779912459
|move|p2a: Zamazenta|Body Press|p1a: Primarina
|-resisted|p1a: Primarina
|-damage|p1a: Primarina|0 fnt
|faint|p1a: Primarina
|
|-heal|p2a: Zamazenta|100/100|[from] item: Leftovers
|upkeep
|
|t:|1779912461
|switch|p1a: Iron Moth|Iron Moth|100/100
|turn|14
|
|t:|1779912463
|move|p2a: Zamazenta|Body Press|p1a: Iron Moth
|-resisted|p1a: Iron Moth
|-crit|p1a: Iron Moth
|-damage|p1a: Iron Moth|0 fnt
|faint|p1a: Iron Moth
|-end|p1a: Iron Moth|Quark Drive|[silent]
|
|upkeep
|
|t:|1779912467
|switch|p1a: Dragapult|Dragapult, M|100/100
|turn|15
|
|t:|1779912470
|move|p2a: Zamazenta|Crunch|p1a: Dragapult
|-supereffective|p1a: Dragapult
|-damage|p1a: Dragapult|29/100
|-unboost|p1a: Dragapult|def|1
|move|p1a: Dragapult|Dragon Dance|p1a: Dragapult
|-boost|p1a: Dragapult|atk|1
|-boost|p1a: Dragapult|spe|1
|
|upkeep
|turn|16
|-message|Aguila74 forfeited.
|
|win|omnimanderous
|raw|Aguila74's rating: 1697 &rarr; <strong>1676</strong><br />(-21 for losing)
|raw|omnimanderous's rating: 1681 &rarr; <strong>1702</strong><br />(+21 for winning)
|l|☆Aguila74
|player|p1|
|l|‽omnimanderous
|player|p2|
