|j|☆smore98
|j|☆FireSide_01
|t:|1779940316
|gametype|singles
|player|p1|smore98|giovanni|1441
|player|p2|FireSide_01|janine|1522
|gen|9
|tier|[Gen 9] OU
|rated|
|rule|HP Percentage Mod: HP is shown in percentages
|rule|Endless Battle Clause: Forcing endless battles is banned
|rule|Species Clause: Limit one of each Pokémon
|rule|OHKO Clause: OHKO moves are banned
|rule|Evasion Items Clause: Evasion items are banned
|rule|Evasion Moves Clause: Evasion moves are banned
|rule|Evasion Abilities Clause: Evasion abilities are banned
|rule|Sleep Moves Clause: Sleep-inducing moves are banned
|clearpoke
|poke|p1|Glimmora, F|
|poke|p1|Gliscor, F|
|poke|p1|Pecharunt|
|poke|p1|Gholdengo|
|poke|p1|Samurott-Hisui, M|
|poke|p1|Iron Valiant|
|poke|p2|Ninetales, F|
|poke|p2|Walking Wake|
|poke|p2|Typhlosion-Hisui, F|
|poke|p2|Great Tusk|
|poke|p2|Rillaboom, F|
|poke|p2|Raging Bolt|
|teampreview
|inactive|Battle timer is ON: inactive players will automatically lose when time's up. (requested by FireSide_01)
|
|t:|1779940324
|teamsize|p1|6
|teamsize|p2|6
|start
|switch|p1a: Glimmora|Glimmora, F, shiny|100/100
|switch|p2a: Ninetales|Ninetales, F|100/100
|-weather|SunnyDay|[from] ability: Drought|[of] p2a: Ninetales
|turn|1
|
|t:|1779940328
|switch|p2a: Raging Bolt|Raging Bolt|100/100
|-activate|p2a: Raging Bolt|ability: Protosynthesis
|-start|p2a: Raging Bolt|protosynthesisspa
|move|p1a: Glimmora|Substitute|p1a: Glimmora
|-start|p1a: Glimmora|Substitute
|-damage|p1a: Glimmora|76/100
|
|-weather|SunnyDay|[upkeep]
|-heal|p1a: Glimmora|82/100|[from] item: Leftovers
|upkeep
|turn|2
|
|t:|1779940332
|move|p1a: Glimmora|Toxic|p2a: Raging Bolt
|-status|p2a: Raging Bolt|tox
|move|p2a: Raging Bolt|Dragon Pulse|p1a: Glimmora
|-end|p1a: Glimmora|Substitute
|
|-weather|SunnyDay|[upkeep]
|-heal|p1a: Glimmora|88/100|[from] item: Leftovers
|-damage|p2a: Raging Bolt|94/100 tox|[from] psn
|upkeep
|turn|3
|
|t:|1779940338
|move|p1a: Glimmora|Protect|p1a: Glimmora
|-singleturn|p1a: Glimmora|Protect
|move|p2a: Raging Bolt|Dragon Pulse|p1a: Glimmora
|-activate|p1a: Glimmora|move: Protect
|
|-weather|SunnyDay|[upkeep]
|-heal|p1a: Glimmora|94/100|[from] item: Leftovers
|-damage|p2a: Raging Bolt|82/100 tox|[from] psn
|upkeep
|turn|4
|
|t:|1779940342
|move|p1a: Glimmora|Substitute|p1a: Glimmora
|-start|p1a: Glimmora|Substitute
|-damage|p1a: Glimmora|69/100
|move|p2a: Raging Bolt|Dragon Pulse|p1a: Glimmora
|-end|p1a: Glimmora|Substitute
|
|-weather|SunnyDay|[upkeep]
|-heal|p1a: Glimmora|76/100|[from] item: Leftovers
|-damage|p2a: Raging Bolt|64/100 tox|[from] psn
|upkeep
|turn|5
|
|t:|1779940346
|-end|p2a: Raging Bolt|Protosynthesis|[silent]
|switch|p2a: Walking Wake|Walking Wake|100/100
|-activate|p2a: Walking Wake|ability: Protosynthesis
|-start|p2a: Walking Wake|protosynthesisspa
|move|p1a: Glimmora|Protect||[still]
|-fail|p1a: Glimmora
|
|-weather|SunnyDay|[upkeep]
|-heal|p1a: Glimmora|82/100|[from] item: Leftovers
|upkeep
|turn|6
|
|t:|1779940356
|switch|p1a: Samurott|Samurott-Hisui, M|100/100
|move|p2a: Walking Wake|Hydro Steam|p1a: Samurott
|-resisted|p1a: Samurott
|-damage|p1a: Samurott|10/100
|
|-weather|SunnyDay|[upkeep]
|upkeep
|turn|7
|
|t:|1779940365
|move|p1a: Samurott|Sucker Punch|p2a: Walking Wake
|-damage|p2a: Walking Wake|51/100
|move|p2a: Walking Wake|Hydro Steam|p1a: Samurott
|-resisted|p1a: Samurott
|-damage|p1a: Samurott|0 fnt
|faint|p1a: Samurott
|
|-weather|SunnyDay|[upkeep]
|upkeep
|
|t:|1779940377
|switch|p1a: Iron Valiant|Iron Valiant|100/100
|-enditem|p1a: Iron Valiant|Booster Energy
|-activate|p1a: Iron Valiant|ability: Quark Drive|[fromitem]
|-start|p1a: Iron Valiant|quarkdrivespe
|turn|8
|
|t:|1779940385
|-end|p2a: Walking Wake|Protosynthesis|[silent]
|switch|p2a: Raging Bolt|Raging Bolt|64/100 tox
|-activate|p2a: Raging Bolt|ability: Protosynthesis
|-start|p2a: Raging Bolt|protosynthesisspa
|move|p1a: Iron Valiant|Moonblast|p2a: Raging Bolt
|-supereffective|p2a: Raging Bolt
|-damage|p2a: Raging Bolt|7/100 tox
|
|-weather|none
|-end|p2a: Raging Bolt|Protosynthesis
|-damage|p2a: Raging Bolt|1/100 tox|[from] psn
|upkeep
|turn|9
|
|t:|1779940388
|move|p2a: Raging Bolt|Thunderclap||[still]
|-fail|p2a: Raging Bolt
|move|p1a: Iron Valiant|Calm Mind|p1a: Iron Valiant
|-boost|p1a: Iron Valiant|spa|1
|-boost|p1a: Iron Valiant|spd|1
|
|-damage|p2a: Raging Bolt|0 fnt|[from] psn
|faint|p2a: Raging Bolt
|-end|p2a: Raging Bolt|Protosynthesis|[silent]
|upkeep
|
|t:|1779940391
|switch|p2a: Ninetales|Ninetales, F|100/100
|-weather|SunnyDay|[from] ability: Drought|[of] p2a: Ninetales
|turn|10
|
|t:|1779940397
|move|p1a: Iron Valiant|Aura Sphere|p2a: Ninetales
|-damage|p2a: Ninetales|41/100
|move|p2a: Ninetales|Encore|p1a: Iron Valiant
|-start|p1a: Iron Valiant|Encore
|
|-weather|SunnyDay|[upkeep]
|upkeep
|turn|11
|
|t:|1779940400
|switch|p2a: Typhlosion|Typhlosion-Hisui, F|100/100
|move|p1a: Iron Valiant|Aura Sphere|p2a: Typhlosion
|-immune|p2a: Typhlosion
|
|-weather|SunnyDay|[upkeep]
|upkeep
|turn|12
|
|t:|1779940405
|-terastallize|p1a: Iron Valiant|Water
|move|p1a: Iron Valiant|Aura Sphere|p2a: Typhlosion
|-immune|p2a: Typhlosion
|move|p2a: Typhlosion|Eruption|p1a: Iron Valiant
|-resisted|p1a: Iron Valiant
|-damage|p1a: Iron Valiant|27/100
|
|-weather|SunnyDay|[upkeep]
|upkeep
|turn|13
|
|t:|1779940411
|move|p1a: Iron Valiant|Aura Sphere|p2a: Typhlosion
|-immune|p2a: Typhlosion
|move|p2a: Typhlosion|Eruption|p1a: Iron Valiant
|-resisted|p1a: Iron Valiant
|-damage|p1a: Iron Valiant|0 fnt
|faint|p1a: Iron Valiant
|-end|p1a: Iron Valiant|Quark Drive|[silent]
|
|-weather|SunnyDay|[upkeep]
|upkeep
|
|t:|1779940413
|switch|p1a: Gliscor|Gliscor, F|100/100
|turn|14
|
|t:|1779940418
|-terastallize|p2a: Typhlosion|Fire
|move|p2a: Typhlosion|Eruption|p1a: Gliscor
|-damage|p1a: Gliscor|0 fnt
|faint|p1a: Gliscor
|
|-weather|SunnyDay|[upkeep]
|upkeep
|-message|smore98 forfeited.
|
|win|FireSide_01
|raw|smore98's rating: 1441 &rarr; <strong>1426</strong><br />(-15 for losing)
|raw|FireSide_01's rating: 1522 &rarr; <strong>1537</strong><br />(+15 for winning)
|l|☆smore98
|player|p1|
