|j|☆11thtiergbone
|j|☆Desmoxytes
|t:|1779852672
|gametype|singles
|player|p1|11thtiergbone|delinquent|1581
|player|p2|Desmoxytes|102|1577
|gen|9
|tier|[Gen 9] OU
|rated|
|rule|HP Percentage Mod: HP is shown in percentages
|rule|Endless Battle Clause: Forcing endless battles is banned
|rule|Species Clause: Limit one of each Pokémon
|rule|OHKO Clause: OHKO moves are banned
|rule|Evasion Items Clause: Evasion items are banned
|rule|Evasion Moves Clause: Evasion moves are banned
|rule|Evasion Abilities Clause: Evasion abilities are banned
|rule|Sleep Moves Clause: Sleep-inducing moves are banned
|clearpoke
|poke|p1|Keldeo|
|poke|p1|Cinderace, M|
|poke|p1|Sinistcha|
|poke|p1|Iron Valiant|
|poke|p1|Gholdengo|
|poke|p1|Tyranitar, M|
|poke|p2|Glimmora, M|
|poke|p2|Zamazenta-*|
|poke|p2|Latias, F|
|poke|p2|Gholdengo|
|poke|p2|Dragonite, F|
|poke|p2|Weavile, M|
|teampreview
|inactive|Battle timer is ON: inactive players will automatically lose when time's up. (requested by 11thtiergbone)
|j| samurajen
|j| double the dorf
|
|t:|1779852702
|teamsize|p1|6
|teamsize|p2|6
|start
|switch|p1a: Keldeo|Keldeo|100/100
|switch|p2a: Gholdengo|Gholdengo|100/100
|turn|1
|
|t:|1779852712
|switch|p1a: Tyranitar|Tyranitar, M|100/100
|-weather|Sandstorm|[from] ability: Sand Stream|[of] p1a: Tyranitar
|move|p2a: Gholdengo|Nasty Plot|p2a: Gholdengo
|-boost|p2a: Gholdengo|spa|2
|
|-weather|Sandstorm|[upkeep]
|upkeep
|turn|2
|
|t:|1779852719
|move|p2a: Gholdengo|Dazzling Gleam|p1a: Tyranitar
|-supereffective|p1a: Tyranitar
|-crit|p1a: Tyranitar
|-damage|p1a: Tyranitar|36/100
|move|p1a: Tyranitar|Knock Off|p2a: Gholdengo
|-supereffective|p2a: Gholdengo
|-damage|p2a: Gholdengo|0 fnt
|-enditem|p2a: Gholdengo|Custap Berry|[from] move: Knock Off|[of] p1a: Tyranitar
|faint|p2a: Gholdengo
|
|-weather|Sandstorm|[upkeep]
|upkeep
|
|t:|1779852725
|switch|p2a: Glimmora|Glimmora, M|100/100
|turn|3
|
|t:|1779852733
|switch|p1a: Keldeo|Keldeo|100/100
|move|p2a: Glimmora|Spikes|p1a: Keldeo
|-sidestart|p1: 11thtiergbone|Spikes
|
|-weather|Sandstorm|[upkeep]
|-damage|p1a: Keldeo|94/100|[from] Sandstorm
|-heal|p1a: Keldeo|100/100|[from] item: Leftovers
|upkeep
|turn|4
|
|t:|1779852738
|move|p1a: Keldeo|Surf|p2a: Glimmora
|-supereffective|p2a: Glimmora
|-crit|p2a: Glimmora
|-damage|p2a: Glimmora|19/100
|-enditem|p2a: Glimmora|Red Card|[of] p1a: Keldeo
|drag|p1a: Gholdengo|Gholdengo|100/100
|-damage|p1a: Gholdengo|88/100|[from] Spikes
|move|p2a: Glimmora|Stealth Rock|p1a: Gholdengo
|-sidestart|p1: 11thtiergbone|move: Stealth Rock
|
|-weather|Sandstorm|[upkeep]
|upkeep
|turn|5
|
|t:|1779852744
|move|p1a: Gholdengo|Shadow Ball|p2a: Glimmora
|-damage|p2a: Glimmora|0 fnt
|faint|p2a: Glimmora
|
|-weather|none
|upkeep
|
|t:|1779852746
|switch|p2a: Weavile|Weavile, M|100/100
|turn|6
|
|t:|1779852750
|switch|p1a: Tyranitar|Tyranitar, M|36/100
|-damage|p1a: Tyranitar|24/100|[from] Spikes
|-damage|p1a: Tyranitar|11/100|[from] Stealth Rock
|-weather|Sandstorm|[from] ability: Sand Stream|[of] p1a: Tyranitar
|move|p2a: Weavile|Swords Dance|p2a: Weavile
|-boost|p2a: Weavile|atk|2
|
|-weather|Sandstorm|[upkeep]
|-damage|p2a: Weavile|94/100|[from] Sandstorm
|upkeep
|turn|7
|
|t:|1779852754
|move|p2a: Weavile|Knock Off|p1a: Tyranitar
|-resisted|p1a: Tyranitar
|-damage|p1a: Tyranitar|0 fnt
|-enditem|p1a: Tyranitar|Assault Vest|[from] move: Knock Off|[of] p2a: Weavile
|faint|p1a: Tyranitar
|-damage|p2a: Weavile|84/100|[from] item: Life Orb
|
|-weather|Sandstorm|[upkeep]
|-damage|p2a: Weavile|78/100|[from] Sandstorm
|upkeep
|
|t:|1779852761
|switch|p1a: Keldeo|Keldeo|100/100
|-damage|p1a: Keldeo|88/100|[from] Spikes
|-damage|p1a: Keldeo|82/100|[from] Stealth Rock
|turn|8
|
|t:|1779852765
|move|p2a: Weavile|Upper Hand|p1a: Keldeo
|-damage|p1a: Keldeo|13/100
|-damage|p2a: Weavile|68/100|[from] item: Life Orb
|cant|p1a: Keldeo|flinch
|
|-weather|Sandstorm|[upkeep]
|-damage|p2a: Weavile|62/100|[from] Sandstorm
|-damage|p1a: Keldeo|7/100|[from] Sandstorm
|-heal|p1a: Keldeo|13/100|[from] item: Leftovers
|upkeep
|turn|9
|
|t:|1779852773
|move|p1a: Keldeo|Vacuum Wave|p2a: Weavile
|-supereffective|p2a: Weavile
|-damage|p2a: Weavile|0 fnt
|faint|p2a: Weavile
|
|-weather|Sandstorm|[upkeep]
|-damage|p1a: Keldeo|7/100|[from] Sandstorm
|-heal|p1a: Keldeo|13/100|[from] item: Leftovers
|upkeep
|
|t:|1779852776
|switch|p2a: Dragonite|Dragonite, F|100/100
|turn|10
|
|t:|1779852778
|move|p1a: Keldeo|Taunt|p2a: Dragonite
|-start|p2a: Dragonite|move: Taunt
|cant|p2a: Dragonite|move: Taunt|Dragon Dance
|
|-weather|none
|-heal|p1a: Keldeo|19/100|[from] item: Leftovers
|upkeep
|turn|11
|
|t:|1779852784
|move|p2a: Dragonite|Extreme Speed|p1a: Keldeo
|-damage|p1a: Keldeo|0 fnt
|faint|p1a: Keldeo
|
|upkeep
|
|t:|1779852790
|switch|p1a: Sinistcha|Sinistcha|100/100
|turn|12
|
|t:|1779852795
|switch|p2a: Latias|Latias, F|100/100
|move|p1a: Sinistcha|Matcha Gotcha|p2a: Latias
|-resisted|p2a: Latias
|-crit|p2a: Latias
|-damage|p2a: Latias|81/100
|
|-heal|p2a: Latias|87/100|[from] item: Leftovers
|upkeep
|turn|13
|
|t:|1779852806
|switch|p1a: Gholdengo|Gholdengo|88/100
|-damage|p1a: Gholdengo|76/100|[from] Spikes
|-damage|p1a: Gholdengo|70/100|[from] Stealth Rock
|move|p2a: Latias|Calm Mind|p2a: Latias
|-boost|p2a: Latias|spa|1
|-boost|p2a: Latias|spd|1
|
|-heal|p2a: Latias|94/100|[from] item: Leftovers
|upkeep
|turn|14
|
|t:|1779852810
|switch|p2a: Dragonite|Dragonite, F|100/100
|move|p1a: Gholdengo|Trick|p2a: Dragonite
|-activate|p1a: Gholdengo|move: Trick|[of] p2a: Dragonite
|-item|p2a: Dragonite|Choice Scarf|[from] move: Trick
|-item|p1a: Gholdengo|Heavy-Duty Boots|[from] move: Trick
|
|upkeep
|turn|15
|
|t:|1779852818
|switch|p1a: Sinistcha|Sinistcha|100/100
|move|p2a: Dragonite|Earthquake|p1a: Sinistcha
|-resisted|p1a: Sinistcha
|-damage|p1a: Sinistcha|88/100
|
|upkeep
|turn|16
|
|t:|1779852823
|switch|p2a: Latias|Latias, F|94/100
|move|p1a: Sinistcha|Calm Mind|p1a: Sinistcha
|-boost|p1a: Sinistcha|spa|1
|-boost|p1a: Sinistcha|spd|1
|
|-heal|p2a: Latias|99/100|[from] item: Leftovers
|upkeep
|turn|17
|
|t:|1779852826
|-terastallize|p2a: Latias|Fairy
|move|p2a: Latias|Calm Mind|p2a: Latias
|-boost|p2a: Latias|spa|1
|-boost|p2a: Latias|spd|1
|move|p1a: Sinistcha|Shadow Ball|p2a: Latias
|-damage|p2a: Latias|74/100
|
|-heal|p2a: Latias|80/100|[from] item: Leftovers
|upkeep
|turn|18
|
|t:|1779852830
|move|p2a: Latias|Agility|p2a: Latias
|-boost|p2a: Latias|spe|2
|move|p1a: Sinistcha|Calm Mind|p1a: Sinistcha
|-boost|p1a: Sinistcha|spa|1
|-boost|p1a: Sinistcha|spd|1
|
|-heal|p2a: Latias|86/100|[from] item: Leftovers
|upkeep
|turn|19
|l| double the dorf
|
|t:|1779852834
|move|p2a: Latias|Calm Mind|p2a: Latias
|-boost|p2a: Latias|spa|1
|-boost|p2a: Latias|spd|1
|move|p1a: Sinistcha|Shadow Ball|p2a: Latias
|-damage|p2a: Latias|61/100
|
|-heal|p2a: Latias|67/100|[from] item: Leftovers
|upkeep
|turn|20
|
|t:|1779852836
|move|p2a: Latias|Calm Mind|p2a: Latias
|-boost|p2a: Latias|spa|1
|-boost|p2a: Latias|spd|1
|move|p1a: Sinistcha|Calm Mind|p1a: Sinistcha
|-boost|p1a: Sinistcha|spa|1
|-boost|p1a: Sinistcha|spd|1
|
|-heal|p2a: Latias|73/100|[from] item: Leftovers
|upkeep
|turn|21
|
|t:|1779852838
|move|p2a: Latias|Calm Mind|p2a: Latias
|-boost|p2a: Latias|spa|1
|-boost|p2a: Latias|spd|1
|move|p1a: Sinistcha|Calm Mind|p1a: Sinistcha
|-boost|p1a: Sinistcha|spa|1
|-boost|p1a: Sinistcha|spd|1
|
|-heal|p2a: Latias|79/100|[from] item: Leftovers
|upkeep
|turn|22
|
|t:|1779852840
|move|p2a: Latias|Calm Mind|p2a: Latias
|-boost|p2a: Latias|spa|1
|-boost|p2a: Latias|spd|1
|move|p1a: Sinistcha|Calm Mind|p1a: Sinistcha
|-boost|p1a: Sinistcha|spa|1
|-boost|p1a: Sinistcha|spd|1
|
|-heal|p2a: Latias|85/100|[from] item: Leftovers
|upkeep
|turn|23
|
|t:|1779852841
|move|p2a: Latias|Stored Power|p1a: Sinistcha
|-damage|p1a: Sinistcha|0 fnt
|faint|p1a: Sinistcha
|
|-heal|p2a: Latias|92/100|[from] item: Leftovers
|upkeep
|-message|11thtiergbone forfeited.
|
|win|Desmoxytes
|raw|11thtiergbone's rating: 1581 &rarr; <strong>1561</strong><br />(-20 for losing)
|raw|Desmoxytes's rating: 1577 &rarr; <strong>1597</strong><br />(+20 for winning)
|l|☆11thtiergbone
|player|p1|
|l|☆Desmoxytes
|player|p2|
