|j|☆Oweiner95
|j|☆4axes
|t:|1779811493
|gametype|singles
|player|p1|Oweiner95|102|1545
|player|p2|4axes|workerice|1557
|gen|9
|tier|[Gen 9] OU
|rated|
|rule|HP Percentage Mod: HP is shown in percentages
|rule|Endless Battle Clause: Forcing endless battles is banned
|rule|Species Clause: Limit one of each Pokémon
|rule|OHKO Clause: OHKO moves are banned
|rule|Evasion Items Clause: Evasion items are banned
|rule|Evasion Moves Clause: Evasion moves are banned
|rule|Evasion Abilities Clause: Evasion abilities are banned
|rule|Sleep Moves Clause: Sleep-inducing moves are banned
|clearpoke
|poke|p1|Hawlucha, M|
|poke|p1|Samurott-Hisui, F|
|poke|p1|Rillaboom, M|
|poke|p1|Gholdengo|
|poke|p1|Kyurem|
|poke|p1|Landorus-Therian, M|
|poke|p2|Gliscor, F|
|poke|p2|Corviknight, M|
|poke|p2|Alomomola, F|
|poke|p2|Cryogonal|
|poke|p2|Mandibuzz, F|
|poke|p2|Ceruledge, F|
|teampreview
|inactive|Battle timer is ON: inactive players will automatically lose when time's up. (requested by 4axes)
|inactive|Oweiner95 also wants the timer to be on.
|
|t:|1779811516
|teamsize|p1|6
|teamsize|p2|6
|start
|switch|p1a: Samurott|Samurott-Hisui, F|100/100
|switch|p2a: Gliscor|Gliscor, F|100/100
|turn|1
|
|t:|1779811521
|move|p2a: Gliscor|Protect|p2a: Gliscor
|-singleturn|p2a: Gliscor|Protect
|move|p1a: Samurott|Knock Off|p2a: Gliscor
|-activate|p2a: Gliscor|move: Protect
|
|-status|p2a: Gliscor|tox|[from] item: Toxic Orb
|upkeep
|turn|2
|
|t:|1779811526
|move|p2a: Gliscor|Stealth Rock|p1a: Samurott
|-sidestart|p1: Oweiner95|move: Stealth Rock
|move|p1a: Samurott|Flip Turn|p2a: Gliscor
|-supereffective|p2a: Gliscor
|-damage|p2a: Gliscor|61/100 tox
|
|t:|1779811539
|switch|p1a: Gholdengo|Gholdengo|100/100|[from] Flip Turn
|-damage|p1a: Gholdengo|94/100|[from] Stealth Rock
|
|-heal|p2a: Gliscor|73/100 tox|[from] ability: Poison Heal
|upkeep
|turn|3
|
|t:|1779811556
|move|p1a: Gholdengo|Trick|p2a: Gliscor
|-activate|p1a: Gholdengo|move: Trick|[of] p2a: Gliscor
|-item|p2a: Gliscor|Choice Scarf|[from] move: Trick
|-item|p1a: Gholdengo|Toxic Orb|[from] move: Trick
|move|p2a: Gliscor|Earthquake|p1a: Gholdengo
|-supereffective|p1a: Gholdengo
|-damage|p1a: Gholdengo|25/100
|
|-heal|p2a: Gliscor|86/100 tox|[from] ability: Poison Heal
|upkeep
|turn|4
|
|t:|1779811562
|switch|p2a: Alomomola|Alomomola, F|100/100
|switch|p1a: Landorus|Landorus-Therian, M|100/100
|-damage|p1a: Landorus|88/100|[from] Stealth Rock
|-ability|p1a: Landorus|Intimidate|boost
|-unboost|p2a: Alomomola|atk|1
|
|upkeep
|turn|5
|
|t:|1779811568
|switch|p2a: Gliscor|Gliscor, F|86/100 tox
|move|p1a: Landorus|Stealth Rock|p2a: Gliscor
|-sidestart|p2: 4axes|move: Stealth Rock
|
|-heal|p2a: Gliscor|98/100 tox|[from] ability: Poison Heal
|upkeep
|turn|6
|
|t:|1779811573
|move|p2a: Gliscor|Knock Off|p1a: Landorus
|-damage|p1a: Landorus|69/100
|-damage|p2a: Gliscor|82/100 tox|[from] item: Rocky Helmet|[of] p1a: Landorus
|-enditem|p1a: Landorus|Rocky Helmet|[from] move: Knock Off|[of] p2a: Gliscor
|move|p1a: Landorus|Taunt|p2a: Gliscor
|-start|p2a: Gliscor|move: Taunt
|
|-heal|p2a: Gliscor|94/100 tox|[from] ability: Poison Heal
|upkeep
|turn|7
|
|t:|1779811589
|move|p2a: Gliscor|Knock Off|p1a: Landorus
|-damage|p1a: Landorus|55/100
|move|p1a: Landorus|U-turn|p2a: Gliscor
|-resisted|p2a: Gliscor
|-damage|p2a: Gliscor|86/100 tox
|
|t:|1779811598
|switch|p1a: Samurott|Samurott-Hisui, F|100/100|[from] U-turn
|-damage|p1a: Samurott|88/100|[from] Stealth Rock
|
|-heal|p2a: Gliscor|99/100 tox|[from] ability: Poison Heal
|upkeep
|turn|8
|
|t:|1779811605
|switch|p2a: Alomomola|Alomomola, F|100/100
|-damage|p2a: Alomomola|88/100|[from] Stealth Rock
|move|p1a: Samurott|Ceaseless Edge|p2a: Alomomola
|-damage|p2a: Alomomola|68/100
|-damage|p1a: Samurott|71/100|[from] item: Rocky Helmet|[of] p2a: Alomomola
|-sidestart|p2: 4axes|Spikes
|
|upkeep
|turn|9
|
|t:|1779811612
|move|p1a: Samurott|Knock Off|p2a: Alomomola
|-damage|p2a: Alomomola|46/100
|-damage|p1a: Samurott|55/100|[from] item: Rocky Helmet|[of] p2a: Alomomola
|-enditem|p2a: Alomomola|Rocky Helmet|[from] move: Knock Off|[of] p1a: Samurott
|move|p2a: Alomomola|Flip Turn|p1a: Samurott
|-resisted|p1a: Samurott
|-damage|p1a: Samurott|45/100
|
|t:|1779811624
|switch|p2a: Cryogonal|Cryogonal|100/100|[from] Flip Turn
|-damage|p2a: Cryogonal|75/100|[from] Stealth Rock
|
|-heal|p2a: Cryogonal|82/100|[from] item: Leftovers
|upkeep
|turn|10
|j| rightddee
|
|t:|1779811630
|switch|p1a: Gholdengo|Gholdengo|25/100
|-damage|p1a: Gholdengo|19/100|[from] Stealth Rock
|move|p2a: Cryogonal|Substitute|p2a: Cryogonal
|-start|p2a: Cryogonal|Substitute
|-damage|p2a: Cryogonal|57/100
|
|-heal|p2a: Cryogonal|63/100|[from] item: Leftovers
|upkeep
|turn|11
|l| rightddee
|
|t:|1779811637
|-terastallize|p2a: Cryogonal|Normal
|move|p2a: Cryogonal|Recover|p2a: Cryogonal
|-heal|p2a: Cryogonal|100/100
|move|p1a: Gholdengo|Shadow Ball|p2a: Cryogonal
|-immune|p2a: Cryogonal
|
|upkeep
|turn|12
|
|t:|1779811646
|move|p2a: Cryogonal|Freeze-Dry|p1a: Gholdengo
|-resisted|p1a: Gholdengo
|-damage|p1a: Gholdengo|7/100
|move|p1a: Gholdengo|Make It Rain|p2a: Cryogonal
|-end|p2a: Cryogonal|Substitute
|-unboost|p1a: Gholdengo|spa|1
|
|upkeep
|turn|13
|
|t:|1779811651
|move|p2a: Cryogonal|Substitute|p2a: Cryogonal
|-start|p2a: Cryogonal|Substitute
|-damage|p2a: Cryogonal|75/100
|move|p1a: Gholdengo|Trick||[still]
|-fail|p1a: Gholdengo
|
|-heal|p2a: Cryogonal|82/100|[from] item: Leftovers
|upkeep
|turn|14
|
|t:|1779811657
|move|p2a: Cryogonal|Freeze-Dry|p1a: Gholdengo
|-resisted|p1a: Gholdengo
|-damage|p1a: Gholdengo|0 fnt
|faint|p1a: Gholdengo
|
|-heal|p2a: Cryogonal|88/100|[from] item: Leftovers
|upkeep
|
|t:|1779811663
|switch|p1a: Kyurem|Kyurem|100/100
|-damage|p1a: Kyurem|76/100|[from] Stealth Rock
|-ability|p1a: Kyurem|Pressure
|turn|15
|
|t:|1779811667
|move|p1a: Kyurem|Ice Beam|p2a: Cryogonal
|-end|p2a: Cryogonal|Substitute
|move|p2a: Cryogonal|Rapid Spin|p1a: Kyurem
|-damage|p1a: Kyurem|66/100
|-boost|p2a: Cryogonal|spe|1
|-sideend|p2: 4axes|Spikes|[from] move: Rapid Spin|[of] p2a: Cryogonal
|-sideend|p2: 4axes|Stealth Rock|[from] move: Rapid Spin|[of] p2a: Cryogonal
|
|-heal|p2a: Cryogonal|94/100|[from] item: Leftovers
|upkeep
|turn|16
|
|t:|1779811678
|switch|p2a: Corviknight|Corviknight, M|100/100
|-ability|p2a: Corviknight|Pressure
|move|p1a: Kyurem|Ice Beam|p2a: Corviknight
|-damage|p2a: Corviknight|70/100
|
|-heal|p2a: Corviknight|77/100|[from] item: Leftovers
|upkeep
|turn|17
|
|t:|1779811682
|switch|p1a: Samurott|Samurott-Hisui, F|45/100
|-damage|p1a: Samurott|32/100|[from] Stealth Rock
|move|p2a: Corviknight|Rest|p2a: Corviknight
|-status|p2a: Corviknight|slp|[from] move: Rest
|-heal|p2a: Corviknight|100/100 slp|[silent]
|
|upkeep
|turn|18
|
|t:|1779811688
|switch|p2a: Alomomola|Alomomola, F|80/100
|move|p1a: Samurott|Knock Off|p2a: Alomomola
|-damage|p2a: Alomomola|65/100
|
|upkeep
|turn|19
|
|t:|1779811693
|move|p1a: Samurott|Ceaseless Edge|p2a: Alomomola
|-damage|p2a: Alomomola|45/100
|-sidestart|p2: 4axes|Spikes
|move|p2a: Alomomola|Flip Turn|p1a: Samurott
|-resisted|p1a: Samurott
|-damage|p1a: Samurott|23/100
|
|t:|1779811696
|switch|p2a: Cryogonal|Cryogonal, tera:Normal|94/100|[from] Flip Turn
|
|-heal|p2a: Cryogonal|99/100|[from] item: Leftovers
|upkeep
|turn|20
|
|t:|1779811701
|move|p2a: Cryogonal|Rapid Spin|p1a: Samurott
|-damage|p1a: Samurott|10/100
|-boost|p2a: Cryogonal|spe|1
|-sideend|p2: 4axes|Spikes|[from] move: Rapid Spin|[of] p2a: Cryogonal
|move|p1a: Samurott|Knock Off|p2a: Cryogonal
|-damage|p2a: Cryogonal|31/100
|-enditem|p2a: Cryogonal|Leftovers|[from] move: Knock Off|[of] p1a: Samurott
|
|upkeep
|turn|21
|
|t:|1779811705
|move|p1a: Samurott|Sucker Punch|p2a: Cryogonal
|-damage|p2a: Cryogonal|0 fnt
|faint|p2a: Cryogonal
|
|upkeep
|
|t:|1779811709
|switch|p2a: Ceruledge|Ceruledge, F|100/100
|turn|22
|
|t:|1779811722
|move|p2a: Ceruledge|Bitter Blade|p1a: Samurott
|-resisted|p1a: Samurott
|-damage|p1a: Samurott|0 fnt
|faint|p1a: Samurott
|
|upkeep
|
|t:|1779811725
|switch|p1a: Landorus|Landorus-Therian, M|55/100
|-damage|p1a: Landorus|43/100|[from] Stealth Rock
|-ability|p1a: Landorus|Intimidate|boost
|-unboost|p2a: Ceruledge|atk|1
|turn|23
|
|t:|1779811738
|move|p1a: Landorus|Stealth Rock|p2a: Ceruledge
|-sidestart|p2: 4axes|move: Stealth Rock
|move|p2a: Ceruledge|Swords Dance|p2a: Ceruledge
|-boost|p2a: Ceruledge|atk|2
|
|upkeep
|turn|24
|
|t:|1779811744
|move|p2a: Ceruledge|Endure|p2a: Ceruledge
|-singleturn|p2a: Ceruledge|move: Endure
|move|p1a: Landorus|Earth Power|p2a: Ceruledge
|-supereffective|p2a: Ceruledge
|-damage|p2a: Ceruledge|28/100
|
|upkeep
|turn|25
|
|t:|1779811749
|move|p1a: Landorus|Earth Power|p2a: Ceruledge
|-supereffective|p2a: Ceruledge
|-crit|p2a: Ceruledge
|-damage|p2a: Ceruledge|0 fnt
|faint|p2a: Ceruledge
|
|upkeep
|
|t:|1779811759
|switch|p2a: Alomomola|Alomomola, F|78/100
|-damage|p2a: Alomomola|66/100|[from] Stealth Rock
|turn|26
|
|t:|1779811764
|move|p1a: Landorus|Taunt|p2a: Alomomola
|-start|p2a: Alomomola|move: Taunt
|move|p2a: Alomomola|Scald|p1a: Landorus
|-supereffective|p1a: Landorus
|-damage|p1a: Landorus|14/100
|
|upkeep
|turn|27
|
|t:|1779811768
|move|p1a: Landorus|Earth Power|p2a: Alomomola
|-damage|p2a: Alomomola|29/100
|move|p2a: Alomomola|Flip Turn|p1a: Landorus
|-supereffective|p1a: Landorus
|-damage|p1a: Landorus|0 fnt
|faint|p1a: Landorus
|
|t:|1779811772
|switch|p2a: Mandibuzz|Mandibuzz, F|100/100|[from] Flip Turn
|
|upkeep
|
|t:|1779811777
|switch|p1a: Kyurem|Kyurem|66/100
|-damage|p1a: Kyurem|41/100|[from] Stealth Rock
|-ability|p1a: Kyurem|Pressure
|turn|28
|
|t:|1779811784
|switch|p1a: Rillaboom|Rillaboom, M|100/100
|-damage|p1a: Rillaboom|88/100|[from] Stealth Rock
|-fieldstart|move: Grassy Terrain|[from] ability: Grassy Surge|[of] p1a: Rillaboom
|switch|p2a: Corviknight|Corviknight, M|100/100 slp
|-damage|p2a: Corviknight|88/100 slp|[from] Stealth Rock
|-ability|p2a: Corviknight|Pressure
|
|-heal|p1a: Rillaboom|94/100|[from] Grassy Terrain
|-heal|p2a: Corviknight|94/100 slp|[from] item: Leftovers
|upkeep
|turn|29
|
|t:|1779811793
|switch|p2a: Mandibuzz|Mandibuzz, F|100/100
|move|p1a: Rillaboom|Swords Dance|p1a: Rillaboom
|-boost|p1a: Rillaboom|atk|2
|
|-heal|p1a: Rillaboom|100/100|[from] Grassy Terrain
|upkeep
|turn|30
|
|t:|1779811798
|move|p1a: Rillaboom|Knock Off|p2a: Mandibuzz
|-resisted|p2a: Mandibuzz
|-damage|p2a: Mandibuzz|80/100
|-enditem|p2a: Mandibuzz|Heavy-Duty Boots|[from] move: Knock Off|[of] p1a: Rillaboom
|move|p2a: Mandibuzz|Toxic|p1a: Rillaboom
|-status|p1a: Rillaboom|tox
|-enditem|p1a: Rillaboom|Lum Berry|[eat]
|-curestatus|p1a: Rillaboom|tox|[msg]
|
|upkeep
|turn|31
|
|t:|1779811802
|move|p1a: Rillaboom|Wood Hammer|p2a: Mandibuzz
|-resisted|p2a: Mandibuzz
|-damage|p2a: Mandibuzz|29/100
|-damage|p1a: Rillaboom|81/100|[from] Recoil
|move|p2a: Mandibuzz|Toxic|p1a: Rillaboom
|-status|p1a: Rillaboom|tox
|
|-heal|p1a: Rillaboom|87/100 tox|[from] Grassy Terrain
|-damage|p1a: Rillaboom|81/100 tox|[from] psn
|upkeep
|turn|32
|
|t:|1779811808
|switch|p2a: Corviknight|Corviknight, M|94/100 slp
|-damage|p2a: Corviknight|82/100 slp|[from] Stealth Rock
|-ability|p2a: Corviknight|Pressure
|move|p1a: Rillaboom|Wood Hammer|p2a: Corviknight
|-resisted|p2a: Corviknight
|-damage|p2a: Corviknight|45/100 slp
|-damage|p1a: Rillaboom|68/100 tox|[from] Recoil
|
|-heal|p1a: Rillaboom|74/100 tox|[from] Grassy Terrain
|-heal|p2a: Corviknight|51/100 slp|[from] item: Leftovers
|-damage|p1a: Rillaboom|61/100 tox|[from] psn
|-fieldend|move: Grassy Terrain
|upkeep
|turn|33
|
|t:|1779811813
|move|p1a: Rillaboom|Knock Off|p2a: Corviknight
|-damage|p2a: Corviknight|0 fnt
|-enditem|p2a: Corviknight|Leftovers|[from] move: Knock Off|[of] p1a: Rillaboom
|faint|p2a: Corviknight
|
|-damage|p1a: Rillaboom|43/100 tox|[from] psn
|upkeep
|-message|4axes forfeited.
|
|win|Oweiner95
|raw|Oweiner95's rating: 1545 &rarr; <strong>1566</strong><br />(+21 for winning)
|raw|4axes's rating: 1557 &rarr; <strong>1536</strong><br />(-21 for losing)
|l|☆Oweiner95
|player|p1|
|l|☆4axes
|player|p2|
