|j|☆yzmqwert
|j|☆the same as here
|t:|1779970800
|gametype|singles
|player|p1|yzmqwert|n|1288
|player|p2|the same as here|janitor|1315
|gen|9
|tier|[Gen 9] OU
|rated|
|rule|HP Percentage Mod: HP is shown in percentages
|rule|Endless Battle Clause: Forcing endless battles is banned
|rule|Species Clause: Limit one of each Pokémon
|rule|OHKO Clause: OHKO moves are banned
|rule|Evasion Items Clause: Evasion items are banned
|rule|Evasion Moves Clause: Evasion moves are banned
|rule|Evasion Abilities Clause: Evasion abilities are banned
|rule|Sleep Moves Clause: Sleep-inducing moves are banned
|clearpoke
|poke|p1|Pelipper, M|
|poke|p1|Raging Bolt|
|poke|p1|Overqwil, F|
|poke|p1|Barraskewda, F|
|poke|p1|Iron Treads|
|poke|p1|Kingambit, F|
|poke|p2|Weezing-Galar, M|
|poke|p2|Alomomola, F|
|poke|p2|Iron Treads|
|poke|p2|Tornadus-Therian, M|
|poke|p2|Zamazenta-*|
|poke|p2|Lokix, M|
|teampreview
|
|t:|1779970820
|teamsize|p1|6
|teamsize|p2|6
|start
|switch|p1a: Iron Treads|Iron Treads|100/100
|switch|p2a: Lokix|Lokix, M|100/100
|-enditem|p1a: Iron Treads|Booster Energy
|-activate|p1a: Iron Treads|ability: Quark Drive|[fromitem]
|-start|p1a: Iron Treads|quarkdrivespe
|turn|1
|
|t:|1779970841
|move|p1a: Iron Treads|Stealth Rock|p2a: Lokix
|-sidestart|p2: the same as here|move: Stealth Rock
|move|p2a: Lokix|U-turn|p1a: Iron Treads
|-resisted|p1a: Iron Treads
|-damage|p1a: Iron Treads|56/100
|
|t:|1779970859
|switch|p2a: Alomomola|Alomomola, F|100/100|[from] U-turn
|-damage|p2a: Alomomola|88/100|[from] Stealth Rock
|
|upkeep
|turn|2
|
|t:|1779970874
|-end|p1a: Iron Treads|Quark Drive|[silent]
|switch|p1a: Pelipper|Pelipper, M|100/100
|-weather|RainDance|[from] ability: Drizzle|[of] p1a: Pelipper
|move|p2a: Alomomola|Tickle|p1a: Pelipper
|-unboost|p1a: Pelipper|atk|1
|-unboost|p1a: Pelipper|def|1
|
|-weather|RainDance|[upkeep]
|upkeep
|turn|3
|
|t:|1779970881
|move|p1a: Pelipper|U-turn|p2a: Alomomola
|-damage|p2a: Alomomola|84/100
|-damage|p1a: Pelipper|84/100|[from] item: Rocky Helmet|[of] p2a: Alomomola
|
|t:|1779970888
|switch|p1a: Barraskewda|Barraskewda, F|100/100|[from] U-turn
|move|p2a: Alomomola|Wish|p2a: Alomomola
|
|-weather|RainDance|[upkeep]
|upkeep
|turn|4
|
|t:|1779970900
|move|p1a: Barraskewda|Flip Turn|p2a: Alomomola
|-resisted|p2a: Alomomola
|-damage|p2a: Alomomola|61/100
|-damage|p1a: Barraskewda|84/100|[from] item: Rocky Helmet|[of] p2a: Alomomola
|
|t:|1779970903
|switch|p1a: Raging Bolt|Raging Bolt|100/100|[from] Flip Turn
|-enditem|p1a: Raging Bolt|Booster Energy
|-activate|p1a: Raging Bolt|ability: Protosynthesis|[fromitem]
|-start|p1a: Raging Bolt|protosynthesisspa
|move|p2a: Alomomola|Tickle|p1a: Raging Bolt
|-unboost|p1a: Raging Bolt|atk|1
|-unboost|p1a: Raging Bolt|def|1
|
|-weather|RainDance|[upkeep]
|-heal|p2a: Alomomola|100/100|[from] move: Wish|[wisher] Alomomola
|upkeep
|turn|5
|
|t:|1779970914
|move|p2a: Alomomola|Protect|p2a: Alomomola
|-singleturn|p2a: Alomomola|Protect
|move|p1a: Raging Bolt|Thunder|p2a: Alomomola
|-activate|p2a: Alomomola|move: Protect
|
|-weather|RainDance|[upkeep]
|upkeep
|turn|6
|
|t:|1779970918
|switch|p2a: Iron Treads|Iron Treads|100/100
|-damage|p2a: Iron Treads|97/100|[from] Stealth Rock
|move|p1a: Raging Bolt|Thunder|p2a: Iron Treads
|-immune|p2a: Iron Treads
|
|-weather|RainDance|[upkeep]
|-heal|p2a: Iron Treads|100/100|[from] item: Leftovers
|upkeep
|turn|7
|
|t:|1779970929
|-terastallize|p1a: Raging Bolt|Fairy
|move|p2a: Iron Treads|Rapid Spin|p1a: Raging Bolt
|-damage|p1a: Raging Bolt|82/100
|-boost|p2a: Iron Treads|spe|1
|-sideend|p2: the same as here|Stealth Rock|[from] move: Rapid Spin|[of] p2a: Iron Treads
|move|p1a: Raging Bolt|Weather Ball|p2a: Iron Treads
|-supereffective|p2a: Iron Treads
|-damage|p2a: Iron Treads|0 fnt
|faint|p2a: Iron Treads
|-end|p2a: Iron Treads|Quark Drive|[silent]
|
|-weather|RainDance|[upkeep]
|upkeep
|
|t:|1779970937
|switch|p2a: Lokix|Lokix, M|100/100
|turn|8
|
|t:|1779970945
|move|p2a: Lokix|First Impression|p1a: Raging Bolt
|-resisted|p1a: Raging Bolt
|-damage|p1a: Raging Bolt|1/100
|move|p1a: Raging Bolt|Thunder|p2a: Lokix
|-damage|p2a: Lokix|0 fnt
|faint|p2a: Lokix
|
|-weather|RainDance|[upkeep]
|upkeep
|
|t:|1779970952
|switch|p2a: Weezing|Weezing-Galar, M|100/100
|-ability|p2a: Weezing|Neutralizing Gas
|turn|9
|
|t:|1779970958
|move|p1a: Raging Bolt|Thunderclap||[still]
|-fail|p1a: Raging Bolt
|move|p2a: Weezing|Toxic|p1a: Raging Bolt
|-status|p1a: Raging Bolt|tox
|
|-weather|none
|-damage|p1a: Raging Bolt|0 fnt|[from] psn
|faint|p1a: Raging Bolt
|-end|p1a: Raging Bolt|Protosynthesis|[silent]
|upkeep
|
|t:|1779970963
|switch|p1a: Pelipper|Pelipper, M|84/100
|turn|10
|
|t:|1779970980
|move|p2a: Weezing|Toxic|p1a: Pelipper
|-status|p1a: Pelipper|tox
|move|p1a: Pelipper|U-turn|p2a: Weezing
|-resisted|p2a: Weezing
|-damage|p2a: Weezing|99/100
|
|t:|1779970983
|switch|p1a: Iron Treads|Iron Treads|56/100|[from] U-turn
|
|-heal|p2a: Weezing|100/100|[from] item: Leftovers
|upkeep
|turn|11
|
|t:|1779970990
|move|p1a: Iron Treads|Stealth Rock|p2a: Weezing
|-sidestart|p2: the same as here|move: Stealth Rock
|move|p2a: Weezing|Will-O-Wisp|p1a: Iron Treads
|-status|p1a: Iron Treads|brn
|
|-damage|p1a: Iron Treads|49/100 brn|[from] brn
|upkeep
|turn|12
|
|t:|1779971010
|-end|p2a: Weezing|ability: Neutralizing Gas
|switch|p2a: Alomomola|Alomomola, F|100/100
|-damage|p2a: Alomomola|88/100|[from] Stealth Rock
|move|p1a: Iron Treads|Steel Beam|p2a: Alomomola
|-resisted|p2a: Alomomola
|-damage|p2a: Alomomola|62/100
|-damage|p1a: Iron Treads|0 fnt|[from] steelbeam
|faint|p1a: Iron Treads
|-end|p1a: Iron Treads|Quark Drive|[silent]
|
|upkeep
|
|t:|1779971017
|switch|p1a: Pelipper|Pelipper, M|84/100 tox
|-weather|RainDance|[from] ability: Drizzle|[of] p1a: Pelipper
|turn|13
|
|t:|1779971023
|move|p1a: Pelipper|Hurricane|p2a: Alomomola
|-damage|p2a: Alomomola|28/100
|-start|p2a: Alomomola|confusion
|-activate|p2a: Alomomola|confusion
|move|p2a: Alomomola|Flip Turn|p1a: Pelipper
|-resisted|p1a: Pelipper
|-damage|p1a: Pelipper|75/100 tox
|
|t:|1779971032
|switch|p2a: Tornadus|Tornadus-Therian, M|100/100|[from] Flip Turn
|-damage|p2a: Tornadus|76/100|[from] Stealth Rock
|
|-weather|RainDance|[upkeep]
|-damage|p1a: Pelipper|69/100 tox|[from] psn
|upkeep
|turn|14
|
|t:|1779971037
|move|p2a: Tornadus|Bleakwind Storm|p1a: Pelipper
|-damage|p1a: Pelipper|13/100 tox
|move|p1a: Pelipper|Weather Ball|p2a: Tornadus
|-damage|p2a: Tornadus|39/100
|
|-weather|RainDance|[upkeep]
|-damage|p1a: Pelipper|1/100 tox|[from] psn
|upkeep
|turn|15
|
|t:|1779971046
|move|p2a: Tornadus|U-turn|p1a: Pelipper
|-resisted|p1a: Pelipper
|-damage|p1a: Pelipper|0 fnt
|faint|p1a: Pelipper
|
|t:|1779971048
|switch|p2a: Alomomola|Alomomola, F|61/100|[from] U-turn
|-damage|p2a: Alomomola|49/100|[from] Stealth Rock
|
|-weather|RainDance|[upkeep]
|upkeep
|
|t:|1779971053
|switch|p1a: Barraskewda|Barraskewda, F|84/100
|turn|16
|
|t:|1779971061
|move|p2a: Alomomola|Protect|p2a: Alomomola
|-singleturn|p2a: Alomomola|Protect
|move|p1a: Barraskewda|Close Combat|p2a: Alomomola
|-activate|p2a: Alomomola|move: Protect
|
|-weather|RainDance|[upkeep]
|upkeep
|turn|17
|
|t:|1779971086
|-terastallize|p2a: Alomomola|Ghost
|move|p1a: Barraskewda|Close Combat|p2a: Alomomola
|-immune|p2a: Alomomola
|move|p2a: Alomomola|Wish|p2a: Alomomola
|
|-weather|RainDance|[upkeep]
|upkeep
|turn|18
|
|t:|1779971099
|switch|p1a: Overqwil|Overqwil, F|100/100
|move|p2a: Alomomola|Tickle|p1a: Overqwil
|-unboost|p1a: Overqwil|atk|1
|-unboost|p1a: Overqwil|def|1
|
|-weather|RainDance|[upkeep]
|-heal|p2a: Alomomola|99/100|[from] move: Wish|[wisher] Alomomola
|upkeep
|turn|19
|
|t:|1779971107
|move|p1a: Overqwil|Crunch|p2a: Alomomola
|-supereffective|p2a: Alomomola
|-damage|p2a: Alomomola|51/100
|-damage|p1a: Overqwil|84/100|[from] item: Rocky Helmet|[of] p2a: Alomomola
|-damage|p1a: Overqwil|74/100|[from] item: Life Orb
|move|p2a: Alomomola|Flip Turn|p1a: Overqwil
|-damage|p1a: Overqwil|34/100
|
|t:|1779971117
|switch|p2a: Weezing|Weezing-Galar, M|100/100|[from] Flip Turn
|-ability|p2a: Weezing|Neutralizing Gas
|-damage|p2a: Weezing|88/100|[from] Stealth Rock
|
|-weather|RainDance|[upkeep]
|-heal|p2a: Weezing|94/100|[from] item: Leftovers
|upkeep
|turn|20
|
|t:|1779971126
|move|p1a: Overqwil|Gunk Shot|p2a: Weezing
|-crit|p2a: Weezing
|-damage|p2a: Weezing|20/100
|-damage|p1a: Overqwil|24/100|[from] item: Life Orb
|move|p2a: Weezing|Will-O-Wisp|p1a: Overqwil
|-status|p1a: Overqwil|brn
|
|-weather|none
|-heal|p2a: Weezing|26/100|[from] item: Leftovers
|-damage|p1a: Overqwil|18/100 brn|[from] brn
|upkeep
|turn|21
|
|t:|1779971136
|move|p1a: Overqwil|Liquidation|p2a: Weezing
|-damage|p2a: Weezing|17/100
|-damage|p1a: Overqwil|9/100 brn|[from] item: Life Orb
|move|p2a: Weezing|Defog|p1a: Overqwil
|-unboost|p1a: Overqwil|evasion|1
|-sideend|p2: the same as here|Stealth Rock|[from] move: Defog|[of] p2a: Weezing
|
|-heal|p2a: Weezing|23/100|[from] item: Leftovers
|-damage|p1a: Overqwil|3/100 brn|[from] brn
|upkeep
|turn|22
|
|t:|1779971143
|move|p2a: Weezing|Protect|p2a: Weezing
|-singleturn|p2a: Weezing|Protect
|move|p1a: Overqwil|Gunk Shot|p2a: Weezing
|-activate|p2a: Weezing|move: Protect
|
|-heal|p2a: Weezing|29/100|[from] item: Leftovers
|-damage|p1a: Overqwil|0 fnt|[from] brn
|faint|p1a: Overqwil
|upkeep
|
|t:|1779971148
|switch|p1a: Barraskewda|Barraskewda, F|84/100
|turn|23
|
|t:|1779971162
|move|p1a: Barraskewda|Liquidation|p2a: Weezing
|-damage|p2a: Weezing|0 fnt
|faint|p2a: Weezing
|-end|p2a: Weezing|ability: Neutralizing Gas
|
|upkeep
|
|t:|1779971168
|switch|p2a: Alomomola|Alomomola, F, tera:Ghost|84/100
|turn|24
|
|t:|1779971171
|move|p1a: Barraskewda|Liquidation|p2a: Alomomola
|-damage|p2a: Alomomola|42/100
|-damage|p1a: Barraskewda|67/100|[from] item: Rocky Helmet|[of] p2a: Alomomola
|move|p2a: Alomomola|Tickle|p1a: Barraskewda
|-unboost|p1a: Barraskewda|atk|1
|-unboost|p1a: Barraskewda|def|1
|
|upkeep
|turn|25
|
|t:|1779971183
|move|p1a: Barraskewda|Liquidation|p2a: Alomomola
|-damage|p2a: Alomomola|16/100
|-damage|p1a: Barraskewda|50/100|[from] item: Rocky Helmet|[of] p2a: Alomomola
|move|p2a: Alomomola|Wish|p2a: Alomomola
|
|upkeep
|turn|26
|
|t:|1779971189
|switch|p1a: Kingambit|Kingambit, F|100/100
|-activate|p1a: Kingambit|ability: Supreme Overlord
|-start|p1a: Kingambit|fallen4|[silent]
|move|p2a: Alomomola|Protect||[still]
|-fail|p2a: Alomomola
|
|-heal|p2a: Alomomola|66/100|[from] move: Wish|[wisher] Alomomola
|upkeep
|turn|27
|
|t:|1779971198
|move|p1a: Kingambit|Swords Dance|p1a: Kingambit
|-boost|p1a: Kingambit|atk|2
|move|p2a: Alomomola|Flip Turn|p1a: Kingambit
|-damage|p1a: Kingambit|88/100
|
|t:|1779971200
|switch|p2a: Zamazenta|Zamazenta|100/100|[from] Flip Turn
|-ability|p2a: Zamazenta|Dauntless Shield|boost
|-boost|p2a: Zamazenta|def|1
|
|-heal|p1a: Kingambit|94/100|[from] item: Leftovers
|upkeep
|turn|28
|
|t:|1779971206
|move|p1a: Kingambit|Sucker Punch|p2a: Zamazenta
|-resisted|p2a: Zamazenta
|-damage|p2a: Zamazenta|65/100
|move|p2a: Zamazenta|Close Combat|p1a: Kingambit
|-supereffective|p1a: Kingambit
|-damage|p1a: Kingambit|0 fnt
|-unboost|p2a: Zamazenta|def|1
|-unboost|p2a: Zamazenta|spd|1
|faint|p1a: Kingambit
|-end|p1a: Kingambit|fallen4|[silent]
|
|upkeep
|
|t:|1779971212
|switch|p1a: Barraskewda|Barraskewda, F|50/100
|turn|29
|
|t:|1779971215
|move|p2a: Zamazenta|Close Combat|p1a: Barraskewda
|-damage|p1a: Barraskewda|0 fnt
|-unboost|p2a: Zamazenta|def|1
|-unboost|p2a: Zamazenta|spd|1
|faint|p1a: Barraskewda
|
|win|the same as here
|raw|yzmqwert's rating: 1288 &rarr; <strong>1265</strong><br />(-23 for losing)
|raw|the same as here's rating: 1315 &rarr; <strong>1333</strong><br />(+18 for winning)
|l|☆yzmqwert
|player|p1|
