|j|☆psygoat12
|j|☆alt824
|t:|1779935548
|gametype|singles
|player|p1|psygoat12|chuck|1383
|player|p2|alt824|skierf|1370
|gen|9
|tier|[Gen 9] OU
|rated|
|rule|HP Percentage Mod: HP is shown in percentages
|rule|Endless Battle Clause: Forcing endless battles is banned
|rule|Species Clause: Limit one of each Pokémon
|rule|OHKO Clause: OHKO moves are banned
|rule|Evasion Items Clause: Evasion items are banned
|rule|Evasion Moves Clause: Evasion moves are banned
|rule|Evasion Abilities Clause: Evasion abilities are banned
|rule|Sleep Moves Clause: Sleep-inducing moves are banned
|clearpoke
|poke|p1|Pelipper, F|
|poke|p1|Iron Treads|
|poke|p1|Zapdos|
|poke|p1|Kingdra, M|
|poke|p1|Kingambit, F|
|poke|p1|Hariyama, M|
|poke|p2|Ceruledge, F|
|poke|p2|Weezing-Galar, M|
|poke|p2|Goodra-Hisui, F|
|poke|p2|Rillaboom, M|
|poke|p2|Landorus-Therian, M|
|poke|p2|Umbreon, F|
|teampreview
|inactive|Battle timer is ON: inactive players will automatically lose when time's up. (requested by alt824)
|
|t:|1779935561
|teamsize|p1|6
|teamsize|p2|6
|start
|switch|p1a: Hariyama|Hariyama, M|100/100
|switch|p2a: Goodra|Goodra-Hisui, F|100/100
|turn|1
|
|t:|1779935570
|switch|p2a: Landorus|Landorus-Therian, M|100/100
|-ability|p2a: Landorus|Intimidate|boost
|-unboost|p1a: Hariyama|atk|1
|move|p1a: Hariyama|Drain Punch|p2a: Landorus
|-resisted|p2a: Landorus
|-damage|p2a: Landorus|90/100
|-damage|p1a: Hariyama|84/100|[from] item: Rocky Helmet|[of] p2a: Landorus
|
|upkeep
|turn|2
|
|t:|1779935586
|move|p2a: Landorus|Stealth Rock|p1a: Hariyama
|-sidestart|p1: psygoat12|move: Stealth Rock
|move|p1a: Hariyama|Ice Punch|p2a: Landorus
|-supereffective|p2a: Landorus
|-damage|p2a: Landorus|34/100
|-damage|p1a: Hariyama|68/100|[from] item: Rocky Helmet|[of] p2a: Landorus
|
|upkeep
|turn|3
|
|t:|1779935592
|move|p2a: Landorus|U-turn|p1a: Hariyama
|-resisted|p1a: Hariyama
|-damage|p1a: Hariyama|57/100
|
|t:|1779935597
|switch|p2a: Weezing|Weezing-Galar, M|100/100|[from] U-turn
|-ability|p2a: Weezing|Neutralizing Gas
|move|p1a: Hariyama|Knock Off|p2a: Weezing
|-resisted|p2a: Weezing
|-damage|p2a: Weezing|94/100
|-enditem|p2a: Weezing|Heavy-Duty Boots|[from] move: Knock Off|[of] p1a: Hariyama
|
|upkeep
|turn|4
|
|t:|1779935623
|switch|p1a: Pelipper|Pelipper, F|100/100
|-damage|p1a: Pelipper|76/100|[from] Stealth Rock
|move|p2a: Weezing|Strange Steam|p1a: Pelipper
|-damage|p1a: Pelipper|36/100
|-start|p1a: Pelipper|confusion
|
|upkeep
|turn|5
|
|t:|1779935640
|-activate|p1a: Pelipper|confusion
|move|p1a: Pelipper|U-turn|p2a: Weezing
|-resisted|p2a: Weezing
|-damage|p2a: Weezing|93/100
|
|t:|1779935653
|switch|p1a: Iron Treads|Iron Treads|100/100|[from] U-turn
|-damage|p1a: Iron Treads|98/100|[from] Stealth Rock
|move|p2a: Weezing|Will-O-Wisp|p1a: Iron Treads
|-status|p1a: Iron Treads|brn
|
|-damage|p1a: Iron Treads|92/100 brn|[from] brn
|upkeep
|turn|6
|
|t:|1779935662
|-end|p2a: Weezing|ability: Neutralizing Gas
|switch|p2a: Landorus|Landorus-Therian, M|34/100
|-enditem|p1a: Iron Treads|Booster Energy
|-activate|p1a: Iron Treads|ability: Quark Drive|[fromitem]
|-start|p1a: Iron Treads|quarkdrivespe
|-ability|p2a: Landorus|Intimidate|boost
|-unboost|p1a: Iron Treads|atk|1
|move|p1a: Iron Treads|Stealth Rock|p2a: Landorus
|-sidestart|p2: alt824|move: Stealth Rock
|
|-damage|p1a: Iron Treads|86/100 brn|[from] brn
|upkeep
|turn|7
|
|t:|1779935675
|-end|p1a: Iron Treads|Quark Drive|[silent]
|switch|p1a: Hariyama|Hariyama, M|57/100
|-damage|p1a: Hariyama|50/100|[from] Stealth Rock
|move|p2a: Landorus|Earth Power|p1a: Hariyama
|-damage|p1a: Hariyama|36/100
|
|upkeep
|turn|8
|
|t:|1779935691
|switch|p1a: Zapdos|Zapdos|100/100
|-damage|p1a: Zapdos|76/100|[from] Stealth Rock
|move|p2a: Landorus|U-turn|p1a: Zapdos
|-resisted|p1a: Zapdos
|-damage|p1a: Zapdos|63/100
|
|t:|1779935710
|switch|p2a: Goodra|Goodra-Hisui, F|100/100|[from] U-turn
|-damage|p2a: Goodra|94/100|[from] Stealth Rock
|
|upkeep
|turn|9
|
|t:|1779935716
|move|p1a: Zapdos|Volt Switch|p2a: Goodra
|-resisted|p2a: Goodra
|-damage|p2a: Goodra|83/100
|
|t:|1779935723
|switch|p1a: Iron Treads|Iron Treads|86/100 brn|[from] Volt Switch
|-damage|p1a: Iron Treads|83/100 brn|[from] Stealth Rock
|move|p2a: Goodra|Ice Beam|p1a: Iron Treads
|-damage|p1a: Iron Treads|55/100 brn
|
|-damage|p1a: Iron Treads|49/100 brn|[from] brn
|upkeep
|turn|10
|
|t:|1779935734
|switch|p2a: Landorus|Landorus-Therian, M|34/100
|-damage|p2a: Landorus|21/100|[from] Stealth Rock
|-ability|p2a: Landorus|Intimidate|boost
|-unboost|p1a: Iron Treads|atk|1
|move|p1a: Iron Treads|Rapid Spin|p2a: Landorus
|-damage|p2a: Landorus|18/100
|-boost|p1a: Iron Treads|spe|1
|-damage|p1a: Iron Treads|32/100 brn|[from] item: Rocky Helmet|[of] p2a: Landorus
|-sideend|p1: psygoat12|Stealth Rock|[from] move: Rapid Spin|[of] p1a: Iron Treads
|
|-damage|p1a: Iron Treads|26/100 brn|[from] brn
|upkeep
|turn|11
|
|t:|1779935745
|-end|p1a: Iron Treads|Quark Drive|[silent]
|switch|p1a: Pelipper|Pelipper, F|36/100
|-weather|RainDance|[from] ability: Drizzle|[of] p1a: Pelipper
|move|p2a: Landorus|Stealth Rock|p1a: Pelipper
|-sidestart|p1: psygoat12|move: Stealth Rock
|
|-weather|RainDance|[upkeep]
|upkeep
|turn|12
|
|t:|1779935750
|move|p2a: Landorus|U-turn|p1a: Pelipper
|-resisted|p1a: Pelipper
|-damage|p1a: Pelipper|27/100
|
|t:|1779935754
|switch|p2a: Umbreon|Umbreon, F|100/100|[from] U-turn
|-damage|p2a: Umbreon|88/100|[from] Stealth Rock
|move|p1a: Pelipper|Roost|p1a: Pelipper
|-heal|p1a: Pelipper|78/100
|-singleturn|p1a: Pelipper|move: Roost
|
|-weather|RainDance|[upkeep]
|-heal|p2a: Umbreon|94/100|[from] item: Leftovers
|upkeep
|turn|13
|
|t:|1779935764
|move|p2a: Umbreon|Wish|p2a: Umbreon
|move|p1a: Pelipper|U-turn|p2a: Umbreon
|-supereffective|p2a: Umbreon
|-damage|p2a: Umbreon|83/100
|
|t:|1779935779
|switch|p1a: Zapdos|Zapdos|63/100|[from] U-turn
|-damage|p1a: Zapdos|38/100|[from] Stealth Rock
|
|-weather|RainDance|[upkeep]
|-heal|p2a: Umbreon|90/100|[from] item: Leftovers
|upkeep
|turn|14
|
|t:|1779935795
|move|p1a: Zapdos|Hurricane|p2a: Umbreon
|-damage|p2a: Umbreon|33/100
|move|p2a: Umbreon|Toxic|p1a: Zapdos
|-status|p1a: Zapdos|tox
|
|-weather|RainDance|[upkeep]
|-heal|p2a: Umbreon|83/100|[from] move: Wish|[wisher] Umbreon
|-heal|p2a: Umbreon|89/100|[from] item: Leftovers
|-damage|p1a: Zapdos|32/100 tox|[from] psn
|upkeep
|turn|15
|
|t:|1779935804
|switch|p1a: Hariyama|Hariyama, M|36/100
|-damage|p1a: Hariyama|29/100|[from] Stealth Rock
|switch|p2a: Landorus|Landorus-Therian, M|18/100
|-damage|p2a: Landorus|5/100|[from] Stealth Rock
|-ability|p2a: Landorus|Intimidate|boost
|-unboost|p1a: Hariyama|atk|1
|
|-weather|RainDance|[upkeep]
|upkeep
|turn|16
|
|t:|1779935811
|move|p2a: Landorus|Earth Power|p1a: Hariyama
|-damage|p1a: Hariyama|16/100
|-unboost|p1a: Hariyama|spd|1
|move|p1a: Hariyama|Ice Punch|p2a: Landorus
|-supereffective|p2a: Landorus
|-damage|p2a: Landorus|0 fnt
|-damage|p1a: Hariyama|0 fnt|[from] item: Rocky Helmet|[of] p2a: Landorus
|faint|p2a: Landorus
|faint|p1a: Hariyama
|
|-weather|RainDance|[upkeep]
|upkeep
|
|t:|1779935821
|switch|p2a: Umbreon|Umbreon, F|89/100
|switch|p1a: Kingdra|Kingdra, M|100/100
|-damage|p1a: Kingdra|88/100|[from] Stealth Rock
|-damage|p2a: Umbreon|76/100|[from] Stealth Rock
|turn|17
|
|t:|1779935829
|move|p1a: Kingdra|Weather Ball|p2a: Umbreon
|-crit|p2a: Umbreon
|-damage|p2a: Umbreon|0 fnt
|faint|p2a: Umbreon
|
|-weather|RainDance|[upkeep]
|upkeep
|c|☆alt824|bruh
|
|t:|1779935837
|switch|p2a: Goodra|Goodra-Hisui, F|83/100
|-damage|p2a: Goodra|77/100|[from] Stealth Rock
|turn|18
|
|t:|1779935850
|switch|p1a: Kingambit|Kingambit, F|100/100
|-damage|p1a: Kingambit|94/100|[from] Stealth Rock
|-activate|p1a: Kingambit|ability: Supreme Overlord
|-start|p1a: Kingambit|fallen1|[silent]
|move|p2a: Goodra|Ice Beam|p1a: Kingambit
|-resisted|p1a: Kingambit
|-crit|p1a: Kingambit
|-damage|p1a: Kingambit|72/100
|
|-weather|none
|-heal|p1a: Kingambit|78/100|[from] item: Leftovers
|upkeep
|turn|19
|
|t:|1779935858
|move|p1a: Kingambit|Swords Dance|p1a: Kingambit
|-boost|p1a: Kingambit|atk|2
|move|p2a: Goodra|Flamethrower|p1a: Kingambit
|-supereffective|p1a: Kingambit
|-damage|p1a: Kingambit|17/100
|
|-heal|p1a: Kingambit|23/100|[from] item: Leftovers
|upkeep
|turn|20
|
|t:|1779935866
|move|p1a: Kingambit|Kowtow Cleave|p2a: Goodra
|-damage|p2a: Goodra|0 fnt
|faint|p2a: Goodra
|
|-heal|p1a: Kingambit|29/100|[from] item: Leftovers
|upkeep
|
|t:|1779935874
|switch|p2a: Weezing|Weezing-Galar, M|93/100
|-ability|p2a: Weezing|Neutralizing Gas
|-damage|p2a: Weezing|80/100|[from] Stealth Rock
|turn|21
|
|t:|1779935880
|move|p1a: Kingambit|Iron Head|p2a: Weezing
|-supereffective|p2a: Weezing
|-damage|p2a: Weezing|0 fnt
|faint|p2a: Weezing
|-end|p2a: Weezing|ability: Neutralizing Gas
|-activate|p1a: Kingambit|ability: Supreme Overlord
|-start|p1a: Kingambit|fallen1|[silent]
|
|-heal|p1a: Kingambit|35/100|[from] item: Leftovers
|upkeep
|
|t:|1779935883
|switch|p2a: Rillaboom|Rillaboom, M|100/100
|-damage|p2a: Rillaboom|88/100|[from] Stealth Rock
|-fieldstart|move: Grassy Terrain|[from] ability: Grassy Surge|[of] p2a: Rillaboom
|turn|22
|
|t:|1779935897
|move|p2a: Rillaboom|Low Sweep|p1a: Kingambit
|-supereffective|p1a: Kingambit
|-damage|p1a: Kingambit|0 fnt
|faint|p1a: Kingambit
|-end|p1a: Kingambit|fallen1|[silent]
|
|-heal|p2a: Rillaboom|94/100|[from] Grassy Terrain
|upkeep
|inactive|psygoat12 has 120 seconds left.
|
|t:|1779935925
|switch|p1a: Kingdra|Kingdra, M|88/100
|-damage|p1a: Kingdra|76/100|[from] Stealth Rock
|turn|23
|
|t:|1779935931
|-terastallize|p2a: Rillaboom|Grass
|move|p2a: Rillaboom|Grassy Glide|p1a: Kingdra
|-damage|p1a: Kingdra|12/100
|move|p1a: Kingdra|Draco Meteor|p2a: Rillaboom
|-damage|p2a: Rillaboom|0 fnt
|-unboost|p1a: Kingdra|spa|2
|faint|p2a: Rillaboom
|
|-heal|p1a: Kingdra|18/100|[from] Grassy Terrain
|upkeep
|
|t:|1779935937
|switch|p2a: Ceruledge|Ceruledge, F|100/100
|-damage|p2a: Ceruledge|76/100|[from] Stealth Rock
|turn|24
|
|t:|1779935942
|move|p1a: Kingdra|Draco Meteor|p2a: Ceruledge
|-damage|p2a: Ceruledge|44/100
|-unboost|p1a: Kingdra|spa|2
|move|p2a: Ceruledge|Bulk Up|p2a: Ceruledge
|-boost|p2a: Ceruledge|atk|1
|-boost|p2a: Ceruledge|def|1
|
|-heal|p1a: Kingdra|24/100|[from] Grassy Terrain
|-heal|p2a: Ceruledge|50/100|[from] Grassy Terrain
|upkeep
|turn|25
|
|t:|1779935950
|move|p1a: Kingdra|Draco Meteor|p2a: Ceruledge
|-damage|p2a: Ceruledge|29/100
|-unboost|p1a: Kingdra|spa|2
|move|p2a: Ceruledge|Bulk Up|p2a: Ceruledge
|-boost|p2a: Ceruledge|atk|1
|-boost|p2a: Ceruledge|def|1
|
|-heal|p1a: Kingdra|30/100|[from] Grassy Terrain
|-heal|p2a: Ceruledge|35/100|[from] Grassy Terrain
|upkeep
|turn|26
|
|t:|1779935961
|switch|p1a: Pelipper|Pelipper, F|78/100
|-damage|p1a: Pelipper|53/100|[from] Stealth Rock
|-weather|RainDance|[from] ability: Drizzle|[of] p1a: Pelipper
|move|p2a: Ceruledge|Bulk Up|p2a: Ceruledge
|-boost|p2a: Ceruledge|atk|1
|-boost|p2a: Ceruledge|def|1
|
|-weather|RainDance|[upkeep]
|-heal|p2a: Ceruledge|41/100|[from] Grassy Terrain
|upkeep
|turn|27
|
|t:|1779935964
|move|p2a: Ceruledge|Shadow Sneak|p1a: Pelipper
|-damage|p1a: Pelipper|21/100
|move|p1a: Pelipper|Weather Ball|p2a: Ceruledge
|-supereffective|p2a: Ceruledge
|-damage|p2a: Ceruledge|0 fnt
|faint|p2a: Ceruledge
|
|win|psygoat12
|raw|psygoat12's rating: 1383 &rarr; <strong>1402</strong><br />(+19 for winning)
|raw|alt824's rating: 1370 &rarr; <strong>1351</strong><br />(-19 for losing)
|l|☆alt824
|player|p2|
|l|☆psygoat12
|player|p1|
