|j|☆TenHeaven
|j|☆321Godspeed
|t:|1779854471
|gametype|singles
|player|p1|TenHeaven|marley|1326
|player|p2|321Godspeed|266|1263
|gen|9
|tier|[Gen 9] OU
|rated|
|rule|HP Percentage Mod: HP is shown in percentages
|rule|Endless Battle Clause: Forcing endless battles is banned
|rule|Species Clause: Limit one of each Pokémon
|rule|OHKO Clause: OHKO moves are banned
|rule|Evasion Items Clause: Evasion items are banned
|rule|Evasion Moves Clause: Evasion moves are banned
|rule|Evasion Abilities Clause: Evasion abilities are banned
|rule|Sleep Moves Clause: Sleep-inducing moves are banned
|clearpoke
|poke|p1|Tyranitar, F|
|poke|p1|Ogerpon-Cornerstone, F|
|poke|p1|Landorus-Therian, M|
|poke|p1|Toxapex, F|
|poke|p1|Excadrill, M|
|poke|p1|Hatterene, F|
|poke|p2|Iron Moth|
|poke|p2|Gliscor, F|
|poke|p2|Hatterene, F|
|poke|p2|Ogerpon-Wellspring, F|
|poke|p2|Raging Bolt|
|poke|p2|Zamazenta-*|
|teampreview
|inactive|Battle timer is ON: inactive players will automatically lose when time's up. (requested by TenHeaven)
|
|t:|1779854480
|teamsize|p1|6
|teamsize|p2|6
|start
|switch|p1a: Landorus|Landorus-Therian, M|100/100
|switch|p2a: Zamazenta|Zamazenta|100/100
|-ability|p1a: Landorus|Intimidate|boost
|-unboost|p2a: Zamazenta|atk|1
|-ability|p2a: Zamazenta|Dauntless Shield|boost
|-boost|p2a: Zamazenta|def|1
|turn|1
|c|☆TenHeaven|As soon as I switch off of this team, I face it in ladder
|inactive|TenHeaven has 120 seconds left.
|
|t:|1779854513
|move|p1a: Landorus|Stealth Rock|p2a: Zamazenta
|-sidestart|p2: 321Godspeed|move: Stealth Rock
|move|p2a: Zamazenta|Reflect|p2a: Zamazenta
|-sidestart|p2: 321Godspeed|Reflect
|
|upkeep
|turn|2
|
|t:|1779854522
|switch|p1a: Excadrill|Excadrill, M|100/100
|move|p2a: Zamazenta|Light Screen|p2a: Zamazenta
|-sidestart|p2: 321Godspeed|move: Light Screen
|
|upkeep
|turn|3
|
|t:|1779854531
|switch|p2a: Gliscor|Gliscor, F|100/100
|-damage|p2a: Gliscor|88/100|[from] Stealth Rock
|-terastallize|p1a: Excadrill|Flying
|move|p1a: Excadrill|Rapid Spin|p2a: Gliscor
|-damage|p2a: Gliscor|75/100
|-boost|p1a: Excadrill|spe|1
|
|-status|p2a: Gliscor|tox|[from] item: Toxic Orb
|upkeep
|turn|4
|inactive|TenHeaven has 120 seconds left.
|
|t:|1779854551
|switch|p1a: Tyranitar|Tyranitar, F, shiny|100/100
|-weather|Sandstorm|[from] ability: Sand Stream|[of] p1a: Tyranitar
|move|p2a: Gliscor|Swords Dance|p2a: Gliscor
|-boost|p2a: Gliscor|atk|2
|
|-weather|Sandstorm|[upkeep]
|-heal|p2a: Gliscor|87/100 tox|[from] ability: Poison Heal
|upkeep
|turn|5
|inactive|TenHeaven has 120 seconds left.
|
|t:|1779854562
|move|p2a: Gliscor|Earthquake|p1a: Tyranitar
|-supereffective|p1a: Tyranitar
|-damage|p1a: Tyranitar|0 fnt
|faint|p1a: Tyranitar
|
|-weather|Sandstorm|[upkeep]
|-heal|p2a: Gliscor|99/100 tox|[from] ability: Poison Heal
|upkeep
|inactive|TenHeaven has 120 seconds left.
|
|t:|1779854571
|switch|p1a: Toxapex|Toxapex, F, shiny|100/100
|turn|6
|
|t:|1779854576
|move|p2a: Gliscor|Earthquake|p1a: Toxapex
|-supereffective|p1a: Toxapex
|-damage|p1a: Toxapex|0 fnt
|faint|p1a: Toxapex
|
|-weather|Sandstorm|[upkeep]
|-heal|p2a: Gliscor|100/100 tox|[from] ability: Poison Heal
|upkeep
|
|t:|1779854591
|switch|p1a: Landorus|Landorus-Therian, M|100/100
|-ability|p1a: Landorus|Intimidate|boost
|-unboost|p2a: Gliscor|atk|1
|turn|7
|
|t:|1779854599
|move|p1a: Landorus|Hammer Arm|p2a: Gliscor
|-resisted|p2a: Gliscor
|-damage|p2a: Gliscor|93/100 tox
|-unboost|p1a: Landorus|spe|1
|move|p2a: Gliscor|Swords Dance|p2a: Gliscor
|-boost|p2a: Gliscor|atk|2
|
|-weather|Sandstorm|[upkeep]
|-heal|p2a: Gliscor|100/100 tox|[from] ability: Poison Heal
|upkeep
|turn|8
|
|t:|1779854606
|switch|p1a: Ogerpon|Ogerpon-Cornerstone, F|100/100
|move|p2a: Gliscor|Agility|p2a: Gliscor
|-boost|p2a: Gliscor|spe|2
|
|-weather|none
|-sideend|p2: 321Godspeed|Reflect
|upkeep
|turn|9
|
|t:|1779854621
|move|p2a: Gliscor|Earthquake|p1a: Ogerpon
|-ability|p1a: Ogerpon|Sturdy
|-damage|p1a: Ogerpon|1/100
|move|p1a: Ogerpon|Encore|p2a: Gliscor
|-start|p2a: Gliscor|Encore
|
|-sideend|p2: 321Godspeed|move: Light Screen
|upkeep
|turn|10
|
|t:|1779854632
|switch|p1a: Excadrill|Excadrill, M, tera:Flying|100/100
|move|p2a: Gliscor|Earthquake|p1a: Excadrill
|-immune|p1a: Excadrill
|
|upkeep
|turn|11
|
|t:|1779854664
|move|p2a: Gliscor|Earthquake|p1a: Excadrill
|-immune|p1a: Excadrill
|move|p1a: Excadrill|Iron Head|p2a: Gliscor
|-damage|p2a: Gliscor|46/100 tox
|
|-heal|p2a: Gliscor|58/100 tox|[from] ability: Poison Heal
|upkeep
|turn|12
|
|t:|1779854670
|move|p2a: Gliscor|Earthquake|p1a: Excadrill
|-immune|p1a: Excadrill
|move|p1a: Excadrill|Iron Head|p2a: Gliscor
|-crit|p2a: Gliscor
|-damage|p2a: Gliscor|0 fnt
|faint|p2a: Gliscor
|
|upkeep
|c|☆321Godspeed|lol
|
|t:|1779854685
|switch|p2a: Raging Bolt|Raging Bolt|100/100
|-damage|p2a: Raging Bolt|88/100|[from] Stealth Rock
|-enditem|p2a: Raging Bolt|Booster Energy
|-activate|p2a: Raging Bolt|ability: Protosynthesis|[fromitem]
|-start|p2a: Raging Bolt|protosynthesisspa
|turn|13
|
|t:|1779854696
|switch|p1a: Landorus|Landorus-Therian, M|100/100
|-ability|p1a: Landorus|Intimidate|boost
|-unboost|p2a: Raging Bolt|atk|1
|move|p2a: Raging Bolt|Calm Mind|p2a: Raging Bolt
|-boost|p2a: Raging Bolt|spa|1
|-boost|p2a: Raging Bolt|spd|1
|
|upkeep
|turn|14
|
|t:|1779854706
|-terastallize|p2a: Raging Bolt|Ghost
|move|p1a: Landorus|Earthquake|p2a: Raging Bolt
|-damage|p2a: Raging Bolt|38/100
|move|p2a: Raging Bolt|Dragon Pulse|p1a: Landorus
|-damage|p1a: Landorus|0 fnt
|faint|p1a: Landorus
|
|upkeep
|
|t:|1779854714
|switch|p1a: Ogerpon|Ogerpon-Cornerstone, F|1/100
|turn|15
|
|t:|1779854717
|move|p2a: Raging Bolt|Thunderclap|p1a: Ogerpon
|-resisted|p1a: Ogerpon
|-damage|p1a: Ogerpon|0 fnt
|faint|p1a: Ogerpon
|
|upkeep
|
|t:|1779854721
|switch|p1a: Excadrill|Excadrill, M, tera:Flying|100/100
|turn|16
|
|t:|1779854727
|move|p2a: Raging Bolt|Thunderclap|p1a: Excadrill
|-supereffective|p1a: Excadrill
|-damage|p1a: Excadrill|0 fnt
|faint|p1a: Excadrill
|
|upkeep
|
|t:|1779854730
|switch|p1a: Hatterene|Hatterene, F|100/100
|turn|17
|c|☆TenHeaven|Gt
|c|☆TenHeaven|Gg
|
|t:|1779854741
|move|p2a: Raging Bolt|Thunderbolt|p1a: Hatterene
|-damage|p1a: Hatterene|0 fnt
|faint|p1a: Hatterene
|
|win|321Godspeed
|raw|TenHeaven's rating: 1326 &rarr; <strong>1302</strong><br />(-24 for losing)
|raw|321Godspeed's rating: 1263 &rarr; <strong>1292</strong><br />(+29 for winning)
|l|☆TenHeaven
|player|p1|
|l|☆321Godspeed
|player|p2|
