|j|☆pneumadad
|j|☆Nertwerve
|t:|1779856061
|gametype|singles
|player|p1|pneumadad|1|1106
|player|p2|Nertwerve|waitress-gen4|1121
|gen|9
|tier|[Gen 9] OU
|rated|
|rule|HP Percentage Mod: HP is shown in percentages
|rule|Endless Battle Clause: Forcing endless battles is banned
|rule|Species Clause: Limit one of each Pokémon
|rule|OHKO Clause: OHKO moves are banned
|rule|Evasion Items Clause: Evasion items are banned
|rule|Evasion Moves Clause: Evasion moves are banned
|rule|Evasion Abilities Clause: Evasion abilities are banned
|rule|Sleep Moves Clause: Sleep-inducing moves are banned
|clearpoke
|poke|p1|Garganacl, M|
|poke|p1|Heatran, F|
|poke|p1|Dragapult, F|
|poke|p1|Gliscor, M|
|poke|p1|Alomomola, M|
|poke|p1|Iron Valiant|
|poke|p2|Conkeldurr, M|
|poke|p2|Scizor, F|
|poke|p2|Goodra, F|
|poke|p2|Clodsire, F|
|poke|p2|Dudunsparce-*, F|
|poke|p2|Zangoose, M|
|teampreview
|inactive|Battle timer is ON: inactive players will automatically lose when time's up. (requested by Nertwerve)
|inactive|pneumadad also wants the timer to be on.
|
|t:|1779856085
|teamsize|p1|6
|teamsize|p2|6
|start
|switch|p1a: Dragapult|Dragapult, F|100/100
|switch|p2a: Dudunsparce|Dudunsparce, F|100/100
|turn|1
|
|t:|1779856096
|move|p1a: Dragapult|U-turn|p2a: Dudunsparce
|-damage|p2a: Dudunsparce|87/100
|
|t:|1779856100
|switch|p1a: Gliscor|Gliscor, M|100/100|[from] U-turn
|move|p2a: Dudunsparce|Coil|p2a: Dudunsparce
|-boost|p2a: Dudunsparce|atk|1
|-boost|p2a: Dudunsparce|def|1
|-boost|p2a: Dudunsparce|accuracy|1
|
|-heal|p2a: Dudunsparce|93/100|[from] item: Leftovers
|-status|p1a: Gliscor|tox|[from] item: Toxic Orb
|upkeep
|turn|2
|
|t:|1779856114
|move|p1a: Gliscor|Toxic|p2a: Dudunsparce
|-status|p2a: Dudunsparce|tox
|move|p2a: Dudunsparce|Coil|p2a: Dudunsparce
|-boost|p2a: Dudunsparce|atk|1
|-boost|p2a: Dudunsparce|def|1
|-boost|p2a: Dudunsparce|accuracy|1
|
|-heal|p2a: Dudunsparce|99/100 tox|[from] item: Leftovers
|-damage|p2a: Dudunsparce|93/100 tox|[from] psn
|upkeep
|turn|3
|
|t:|1779856140
|move|p1a: Gliscor|Substitute|p1a: Gliscor
|-start|p1a: Gliscor|Substitute
|-damage|p1a: Gliscor|76/100 tox
|move|p2a: Dudunsparce|Hyper Drill|p1a: Gliscor
|-end|p1a: Gliscor|Substitute
|
|-heal|p2a: Dudunsparce|99/100 tox|[from] item: Leftovers
|-heal|p1a: Gliscor|88/100 tox|[from] ability: Poison Heal
|-damage|p2a: Dudunsparce|87/100 tox|[from] psn
|upkeep
|turn|4
|
|t:|1779856153
|move|p1a: Gliscor|Substitute|p1a: Gliscor
|-start|p1a: Gliscor|Substitute
|-damage|p1a: Gliscor|63/100 tox
|move|p2a: Dudunsparce|Hyper Drill|p1a: Gliscor
|-end|p1a: Gliscor|Substitute
|
|-heal|p2a: Dudunsparce|93/100 tox|[from] item: Leftovers
|-heal|p1a: Gliscor|76/100 tox|[from] ability: Poison Heal
|-damage|p2a: Dudunsparce|75/100 tox|[from] psn
|upkeep
|turn|5
|
|t:|1779856164
|move|p1a: Gliscor|Substitute|p1a: Gliscor
|-start|p1a: Gliscor|Substitute
|-damage|p1a: Gliscor|51/100 tox
|move|p2a: Dudunsparce|Hyper Drill|p1a: Gliscor
|-end|p1a: Gliscor|Substitute
|
|-heal|p2a: Dudunsparce|81/100 tox|[from] item: Leftovers
|-heal|p1a: Gliscor|63/100 tox|[from] ability: Poison Heal
|-damage|p2a: Dudunsparce|57/100 tox|[from] psn
|upkeep
|turn|6
|
|t:|1779856175
|move|p1a: Gliscor|Substitute|p1a: Gliscor
|-start|p1a: Gliscor|Substitute
|-damage|p1a: Gliscor|38/100 tox
|move|p2a: Dudunsparce|Hyper Drill|p1a: Gliscor
|-end|p1a: Gliscor|Substitute
|
|-heal|p2a: Dudunsparce|63/100 tox|[from] item: Leftovers
|-heal|p1a: Gliscor|51/100 tox|[from] ability: Poison Heal
|-damage|p2a: Dudunsparce|32/100 tox|[from] psn
|upkeep
|turn|7
|
|t:|1779856191
|move|p1a: Gliscor|Substitute|p1a: Gliscor
|-start|p1a: Gliscor|Substitute
|-damage|p1a: Gliscor|26/100 tox
|move|p2a: Dudunsparce|Hyper Drill|p1a: Gliscor
|-end|p1a: Gliscor|Substitute
|
|-heal|p2a: Dudunsparce|38/100 tox|[from] item: Leftovers
|-heal|p1a: Gliscor|38/100 tox|[from] ability: Poison Heal
|-damage|p2a: Dudunsparce|2/100 tox|[from] psn
|upkeep
|turn|8
|
|t:|1779856202
|move|p1a: Gliscor|Substitute|p1a: Gliscor
|-start|p1a: Gliscor|Substitute
|-damage|p1a: Gliscor|13/100 tox
|move|p2a: Dudunsparce|Hyper Drill|p1a: Gliscor
|-end|p1a: Gliscor|Substitute
|
|-heal|p2a: Dudunsparce|8/100 tox|[from] item: Leftovers
|-heal|p1a: Gliscor|26/100 tox|[from] ability: Poison Heal
|-damage|p2a: Dudunsparce|0 fnt|[from] psn
|faint|p2a: Dudunsparce
|upkeep
|
|t:|1779856214
|switch|p2a: Scizor|Scizor, F|100/100
|turn|9
|
|t:|1779856222
|switch|p1a: Heatran|Heatran, F|100/100
|-item|p1a: Heatran|Air Balloon
|move|p2a: Scizor|Bullet Punch|p1a: Heatran
|-resisted|p1a: Heatran
|-damage|p1a: Heatran|93/100
|-enditem|p1a: Heatran|Air Balloon
|
|upkeep
|turn|10
|
|t:|1779856232
|switch|p2a: Loafsire|Clodsire, F|100/100
|move|p1a: Heatran|Lava Plume|p2a: Loafsire
|-damage|p2a: Loafsire|75/100
|
|-heal|p2a: Loafsire|81/100|[from] item: Black Sludge
|upkeep
|turn|11
|
|t:|1779856253
|switch|p1a: Alomomola|Alomomola, M|100/100
|move|p2a: Loafsire|Earthquake|p1a: Alomomola
|-damage|p1a: Alomomola|81/100
|
|-heal|p1a: Alomomola|87/100|[from] item: Leftovers
|-heal|p2a: Loafsire|87/100|[from] item: Black Sludge
|upkeep
|turn|12
|
|t:|1779856269
|move|p1a: Alomomola|Wish|p1a: Alomomola
|move|p2a: Loafsire|Recover|p2a: Loafsire
|-heal|p2a: Loafsire|100/100
|
|-heal|p1a: Alomomola|93/100|[from] item: Leftovers
|upkeep
|turn|13
|
|t:|1779856280
|switch|p2a: Zangoose|Zangoose, M|100/100
|move|p1a: Alomomola|Flip Turn|p2a: Zangoose
|-damage|p2a: Zangoose|75/100
|
|t:|1779856286
|switch|p1a: Gliscor|Gliscor, M|26/100 tox|[from] Flip Turn
|
|-heal|p1a: Gliscor|100/100 tox|[from] move: Wish|[wisher] Alomomola
|-status|p2a: Zangoose|tox|[from] item: Toxic Orb
|upkeep
|turn|14
|
|t:|1779856301
|switch|p1a: Dragapult|Dragapult, F|100/100
|move|p2a: Zangoose|Facade|p1a: Dragapult
|-immune|p1a: Dragapult
|
|-damage|p2a: Zangoose|69/100 tox|[from] psn
|upkeep
|turn|15
|
|t:|1779856316
|move|p1a: Dragapult|U-turn|p2a: Zangoose
|-damage|p2a: Zangoose|33/100 tox
|
|t:|1779856322
|switch|p1a: Garganacl|Garganacl, M|100/100|[from] U-turn
|move|p2a: Zangoose|Knock Off|p1a: Garganacl
|-damage|p1a: Garganacl|71/100
|-enditem|p1a: Garganacl|Leftovers|[from] move: Knock Off|[of] p2a: Zangoose
|
|-damage|p2a: Zangoose|21/100 tox|[from] psn
|upkeep
|turn|16
|
|t:|1779856337
|move|p2a: Zangoose|Detect|p2a: Zangoose
|-singleturn|p2a: Zangoose|Protect
|move|p1a: Garganacl|Recover|p1a: Garganacl
|-heal|p1a: Garganacl|100/100
|
|-damage|p2a: Zangoose|3/100 tox|[from] psn
|upkeep
|turn|17
|
|t:|1779856358
|switch|p2a: Scizor|Scizor, F|100/100
|move|p1a: Garganacl|Iron Defense|p1a: Garganacl
|-boost|p1a: Garganacl|def|2
|
|upkeep
|turn|18
|
|t:|1779856369
|move|p2a: Scizor|Swords Dance|p2a: Scizor
|-boost|p2a: Scizor|atk|2
|move|p1a: Garganacl|Salt Cure|p2a: Scizor
|-damage|p2a: Scizor|85/100
|-start|p2a: Scizor|Salt Cure
|-enditem|p2a: Scizor|Red Card|[of] p1a: Garganacl
|drag|p1a: Dragapult|Dragapult, F|100/100
|
|-damage|p2a: Scizor|60/100|[from] Salt Cure
|upkeep
|turn|19
|
|t:|1779856386
|move|p2a: Scizor|Bullet Punch|p1a: Dragapult
|-damage|p1a: Dragapult|14/100
|move|p1a: Dragapult|U-turn|p2a: Scizor
|-resisted|p2a: Scizor
|-damage|p2a: Scizor|49/100
|
|t:|1779856391
|switch|p1a: Heatran|Heatran, F|93/100|[from] U-turn
|
|-damage|p2a: Scizor|24/100|[from] Salt Cure
|upkeep
|turn|20
|
|t:|1779856406
|switch|p2a: Duchess|Goodra, F, shiny|100/100
|move|p1a: Heatran|Scorching Sands|p2a: Duchess
|-damage|p2a: Duchess|81/100
|
|upkeep
|turn|21
|
|t:|1779856423
|switch|p1a: Iron Valiant|Iron Valiant|100/100
|-enditem|p1a: Iron Valiant|Booster Energy
|-activate|p1a: Iron Valiant|ability: Quark Drive|[fromitem]
|-start|p1a: Iron Valiant|quarkdrivespe
|move|p2a: Duchess|Thunderbolt|p1a: Iron Valiant
|-damage|p1a: Iron Valiant|49/100
|
|upkeep
|turn|22
|
|t:|1779856440
|switch|p2a: Loafsire|Clodsire, F|100/100
|move|p1a: Iron Valiant|Moonblast|p2a: Loafsire
|-resisted|p2a: Loafsire
|-damage|p2a: Loafsire|87/100
|
|-heal|p2a: Loafsire|93/100|[from] item: Black Sludge
|upkeep
|turn|23
|
|t:|1779856457
|move|p1a: Iron Valiant|Expanding Force|p2a: Loafsire
|-supereffective|p2a: Loafsire
|-damage|p2a: Loafsire|66/100
|move|p2a: Loafsire|Toxic Spikes|p1a: Iron Valiant
|-sidestart|p1: pneumadad|move: Toxic Spikes
|
|-heal|p2a: Loafsire|72/100|[from] item: Black Sludge
|upkeep
|turn|24
|
|t:|1779856469
|move|p1a: Iron Valiant|Expanding Force|p2a: Loafsire
|-supereffective|p2a: Loafsire
|-damage|p2a: Loafsire|46/100
|move|p2a: Loafsire|Earthquake|p1a: Iron Valiant
|-damage|p1a: Iron Valiant|14/100
|
|-heal|p2a: Loafsire|52/100|[from] item: Black Sludge
|upkeep
|turn|25
|
|t:|1779856478
|move|p1a: Iron Valiant|Expanding Force|p2a: Loafsire
|-supereffective|p2a: Loafsire
|-damage|p2a: Loafsire|23/100
|move|p2a: Loafsire|Earthquake|p1a: Iron Valiant
|-crit|p1a: Iron Valiant
|-damage|p1a: Iron Valiant|0 fnt
|faint|p1a: Iron Valiant
|-end|p1a: Iron Valiant|Quark Drive|[silent]
|
|-heal|p2a: Loafsire|29/100|[from] item: Black Sludge
|upkeep
|
|t:|1779856487
|switch|p1a: Gliscor|Gliscor, M|100/100 tox
|turn|26
|
|t:|1779856491
|move|p1a: Gliscor|Knock Off|p2a: Loafsire
|-damage|p2a: Loafsire|4/100
|-enditem|p2a: Loafsire|Black Sludge|[from] move: Knock Off|[of] p1a: Gliscor
|move|p2a: Loafsire|Recover|p2a: Loafsire
|-heal|p2a: Loafsire|54/100
|
|upkeep
|turn|27
|
|t:|1779856504
|move|p1a: Gliscor|Substitute|p1a: Gliscor
|-start|p1a: Gliscor|Substitute
|-damage|p1a: Gliscor|76/100 tox
|move|p2a: Loafsire|Toxic Spikes|p1a: Gliscor
|-sidestart|p1: pneumadad|move: Toxic Spikes
|
|-heal|p1a: Gliscor|88/100 tox|[from] ability: Poison Heal
|upkeep
|turn|28
|
|t:|1779856512
|move|p1a: Gliscor|Stealth Rock|p2a: Loafsire
|-sidestart|p2: Nertwerve|move: Stealth Rock
|move|p2a: Loafsire|Recover|p2a: Loafsire
|-heal|p2a: Loafsire|100/100
|
|-heal|p1a: Gliscor|100/100 tox|[from] ability: Poison Heal
|upkeep
|turn|29
|
|t:|1779856522
|move|p1a: Gliscor|Knock Off|p2a: Loafsire
|-damage|p2a: Loafsire|85/100
|move|p2a: Loafsire|Toxic Spikes||[still]
|-fail|p2a: Loafsire
|
|upkeep
|turn|30
|
|t:|1779856537
|move|p1a: Gliscor|Knock Off|p2a: Loafsire
|-damage|p2a: Loafsire|68/100
|move|p2a: Loafsire|Haze|p2a: Loafsire
|-clearallboost
|
|upkeep
|turn|31
|
|t:|1779856546
|move|p1a: Gliscor|Knock Off|p2a: Loafsire
|-damage|p2a: Loafsire|53/100
|move|p2a: Loafsire|Recover|p2a: Loafsire
|-heal|p2a: Loafsire|100/100
|
|upkeep
|turn|32
|
|t:|1779856553
|move|p1a: Gliscor|Knock Off|p2a: Loafsire
|-crit|p2a: Loafsire
|-damage|p2a: Loafsire|77/100
|move|p2a: Loafsire|Haze|p2a: Loafsire
|-clearallboost
|
|upkeep
|turn|33
|
|t:|1779856573
|move|p1a: Gliscor|Knock Off|p2a: Loafsire
|-damage|p2a: Loafsire|62/100
|move|p2a: Loafsire|Haze|p2a: Loafsire
|-clearallboost
|
|upkeep
|turn|34
|
|t:|1779856581
|move|p1a: Gliscor|Knock Off|p2a: Loafsire
|-damage|p2a: Loafsire|45/100
|move|p2a: Loafsire|Haze|p2a: Loafsire
|-clearallboost
|
|upkeep
|turn|35
|
|t:|1779856588
|move|p1a: Gliscor|Knock Off|p2a: Loafsire
|-damage|p2a: Loafsire|31/100
|move|p2a: Loafsire|Recover|p2a: Loafsire
|-heal|p2a: Loafsire|81/100
|
|upkeep
|turn|36
|
|t:|1779856596
|move|p1a: Gliscor|Knock Off|p2a: Loafsire
|-damage|p2a: Loafsire|64/100
|move|p2a: Loafsire|Earthquake|p1a: Gliscor
|-immune|p1a: Gliscor
|
|upkeep
|turn|37
|
|t:|1779856603
|move|p1a: Gliscor|Knock Off|p2a: Loafsire
|-damage|p2a: Loafsire|48/100
|move|p2a: Loafsire|Earthquake|p1a: Gliscor
|-immune|p1a: Gliscor
|
|upkeep
|turn|38
|
|t:|1779856611
|move|p1a: Gliscor|Knock Off|p2a: Loafsire
|-damage|p2a: Loafsire|33/100
|move|p2a: Loafsire|Recover|p2a: Loafsire
|-heal|p2a: Loafsire|83/100
|
|upkeep
|turn|39
|
|t:|1779856624
|move|p1a: Gliscor|Knock Off|p2a: Loafsire
|-damage|p2a: Loafsire|69/100
|move|p2a: Loafsire|Toxic Spikes||[still]
|-fail|p2a: Loafsire
|
|upkeep
|turn|40
|
|t:|1779856631
|move|p1a: Gliscor|Knock Off|p2a: Loafsire
|-damage|p2a: Loafsire|52/100
|move|p2a: Loafsire|Toxic Spikes||[still]
|-fail|p2a: Loafsire
|
|upkeep
|turn|41
|
|t:|1779856638
|move|p1a: Gliscor|Knock Off|p2a: Loafsire
|-damage|p2a: Loafsire|35/100
|move|p2a: Loafsire|Haze|p2a: Loafsire
|-clearallboost
|
|upkeep
|turn|42
|c|☆Nertwerve|OU, ladies and gents
|
|t:|1779856653
|move|p1a: Gliscor|Knock Off|p2a: Loafsire
|-damage|p2a: Loafsire|18/100
|move|p2a: Loafsire|Recover|p2a: Loafsire
|-heal|p2a: Loafsire|68/100
|
|upkeep
|turn|43
|c|☆pneumadad|1 more
|c|☆pneumadad|Top tier gameplay
|
|t:|1779856672
|move|p1a: Gliscor|Knock Off|p2a: Loafsire
|-damage|p2a: Loafsire|52/100
|move|p2a: Loafsire|Haze|p2a: Loafsire
|-clearallboost
|
|upkeep
|turn|44
|c|☆Nertwerve|roll tide
|
|t:|1779856684
|move|p1a: Gliscor|Knock Off|p2a: Loafsire
|-damage|p2a: Loafsire|37/100
|move|p2a: Loafsire|Earthquake|p1a: Gliscor
|-immune|p1a: Gliscor
|
|upkeep
|turn|45
|
|t:|1779856691
|move|p1a: Gliscor|Knock Off|p2a: Loafsire
|-damage|p2a: Loafsire|22/100
|move|p2a: Loafsire|Haze|p2a: Loafsire
|-clearallboost
|
|upkeep
|turn|46
|
|t:|1779856698
|move|p1a: Gliscor|Knock Off|p2a: Loafsire
|-damage|p2a: Loafsire|7/100
|move|p2a: Loafsire|Recover|p2a: Loafsire
|-heal|p2a: Loafsire|57/100
|
|upkeep
|turn|47
|
|t:|1779856707
|switch|p2a: Hercules|Conkeldurr, M, shiny|100/100
|-damage|p2a: Hercules|95/100|[from] Stealth Rock
|move|p1a: Gliscor|Knock Off|p2a: Hercules
|-resisted|p2a: Hercules
|-damage|p2a: Hercules|83/100
|-enditem|p2a: Hercules|Flame Orb|[from] move: Knock Off|[of] p1a: Gliscor
|
|upkeep
|turn|48
|
|t:|1779856730
|move|p1a: Gliscor|Toxic|p2a: Hercules
|-status|p2a: Hercules|tox
|move|p2a: Hercules|Facade|p1a: Gliscor
|-end|p1a: Gliscor|Substitute
|
|-damage|p2a: Hercules|77/100 tox|[from] psn
|upkeep
|turn|49
|
|t:|1779856742
|move|p1a: Gliscor|Substitute|p1a: Gliscor
|-start|p1a: Gliscor|Substitute
|-damage|p1a: Gliscor|76/100 tox
|move|p2a: Hercules|Facade|p1a: Gliscor
|-end|p1a: Gliscor|Substitute
|
|-heal|p1a: Gliscor|88/100 tox|[from] ability: Poison Heal
|-damage|p2a: Hercules|65/100 tox|[from] psn
|upkeep
|turn|50
|
|t:|1779856753
|move|p1a: Gliscor|Substitute|p1a: Gliscor
|-start|p1a: Gliscor|Substitute
|-damage|p1a: Gliscor|63/100 tox
|move|p2a: Hercules|Facade|p1a: Gliscor
|-end|p1a: Gliscor|Substitute
|
|-heal|p1a: Gliscor|76/100 tox|[from] ability: Poison Heal
|-damage|p2a: Hercules|48/100 tox|[from] psn
|upkeep
|turn|51
|
|t:|1779856767
|move|p1a: Gliscor|Substitute|p1a: Gliscor
|-start|p1a: Gliscor|Substitute
|-damage|p1a: Gliscor|51/100 tox
|move|p2a: Hercules|Facade|p1a: Gliscor
|-end|p1a: Gliscor|Substitute
|
|-heal|p1a: Gliscor|63/100 tox|[from] ability: Poison Heal
|-damage|p2a: Hercules|24/100 tox|[from] psn
|upkeep
|turn|52
|
|t:|1779856778
|move|p2a: Hercules|Mach Punch|p1a: Gliscor
|-resisted|p1a: Gliscor
|-damage|p1a: Gliscor|52/100 tox
|move|p1a: Gliscor|Substitute|p1a: Gliscor
|-start|p1a: Gliscor|Substitute
|-damage|p1a: Gliscor|27/100 tox
|
|-heal|p1a: Gliscor|39/100 tox|[from] ability: Poison Heal
|-damage|p2a: Hercules|0 fnt|[from] psn
|faint|p2a: Hercules
|upkeep
|
|t:|1779856793
|switch|p2a: Zangoose|Zangoose, M|3/100 tox
|-damage|p2a: Zangoose|0 fnt|[from] Stealth Rock
|faint|p2a: Zangoose
|inactive|Nertwerve has 120 seconds left.
|
|t:|1779856812
|switch|p2a: Scizor|Scizor, F|24/100
|-damage|p2a: Scizor|12/100|[from] Stealth Rock
|turn|53
|inactive|Nertwerve has 120 seconds left.
|
|t:|1779856821
|move|p2a: Scizor|Bullet Punch|p1a: Gliscor
|-activate|p1a: Gliscor|move: Substitute|[damage]
|move|p1a: Gliscor|Knock Off|p2a: Scizor
|-damage|p2a: Scizor|0 fnt
|faint|p2a: Scizor
|
|-heal|p1a: Gliscor|52/100 tox|[from] ability: Poison Heal
|upkeep
|inactive|Nertwerve has 120 seconds left.
|
|t:|1779856832
|switch|p2a: Duchess|Goodra, F, shiny|81/100
|-damage|p2a: Duchess|69/100|[from] Stealth Rock
|turn|54
|inactive|Nertwerve has 120 seconds left.
|
|t:|1779856841
|move|p2a: Duchess|Hydro Pump|p1a: Gliscor|[miss]
|-miss|p2a: Duchess|p1a: Gliscor
|move|p1a: Gliscor|Toxic|p2a: Duchess
|-status|p2a: Duchess|tox
|
|-damage|p2a: Duchess|62/100 tox|[from] psn
|-heal|p1a: Gliscor|64/100 tox|[from] ability: Poison Heal
|upkeep
|turn|55
|
|t:|1779856856
|move|p2a: Duchess|Hydro Pump|p1a: Gliscor|[miss]
|-miss|p2a: Duchess|p1a: Gliscor
|move|p1a: Gliscor|Substitute|p1a: Gliscor
|-fail|p1a: Gliscor|move: Substitute
|
|-damage|p2a: Duchess|50/100 tox|[from] psn
|-heal|p1a: Gliscor|76/100 tox|[from] ability: Poison Heal
|upkeep
|turn|56
|c|☆pneumadad|Damn
|
|t:|1779856868
|move|p2a: Duchess|Hydro Pump|p1a: Gliscor|[miss]
|-miss|p2a: Duchess|p1a: Gliscor
|move|p1a: Gliscor|Substitute|p1a: Gliscor
|-fail|p1a: Gliscor|move: Substitute
|
|-damage|p2a: Duchess|31/100 tox|[from] psn
|-heal|p1a: Gliscor|89/100 tox|[from] ability: Poison Heal
|upkeep
|turn|57
|c|☆pneumadad|Wtf
|c|☆pneumadad|Ur goodra is blind
|c|☆Nertwerve|She's a woman.
|inactive|Nertwerve has 120 seconds left.
|
|t:|1779856890
|move|p2a: Duchess|Hydro Pump|p1a: Gliscor
|-supereffective|p1a: Gliscor
|-end|p1a: Gliscor|Substitute
|move|p1a: Gliscor|Substitute|p1a: Gliscor
|-start|p1a: Gliscor|Substitute
|-damage|p1a: Gliscor|64/100 tox
|
|-damage|p2a: Duchess|6/100 tox|[from] psn
|-heal|p1a: Gliscor|76/100 tox|[from] ability: Poison Heal
|upkeep
|turn|58
|c|☆pneumadad|Real
|inactive|Nertwerve has 120 seconds left.
|
|t:|1779856905
|move|p2a: Duchess|Hydro Pump|p1a: Gliscor
|-supereffective|p1a: Gliscor
|-end|p1a: Gliscor|Substitute
|move|p1a: Gliscor|Substitute|p1a: Gliscor
|-start|p1a: Gliscor|Substitute
|-damage|p1a: Gliscor|52/100 tox
|
|-damage|p2a: Duchess|0 fnt|[from] psn
|faint|p2a: Duchess
|-heal|p1a: Gliscor|64/100 tox|[from] ability: Poison Heal
|upkeep
|inactive|Nertwerve has 120 seconds left.
|c|☆Nertwerve|That got me.
|
|t:|1779856914
|switch|p2a: Loafsire|Clodsire, F|57/100
|-damage|p2a: Loafsire|51/100|[from] Stealth Rock
|turn|59
|inactive|Nertwerve has 120 seconds left.
|
|t:|1779856930
|move|p1a: Gliscor|Toxic|p2a: Loafsire
|-immune|p2a: Loafsire
|move|p2a: Loafsire|Earthquake|p1a: Gliscor
|-immune|p1a: Gliscor
|
|-heal|p1a: Gliscor|76/100 tox|[from] ability: Poison Heal
|upkeep
|turn|60
|inactive|Nertwerve has 120 seconds left.
|
|t:|1779856939
|move|p1a: Gliscor|Toxic|p2a: Loafsire
|-immune|p2a: Loafsire
|move|p2a: Loafsire|Earthquake|p1a: Gliscor
|-immune|p1a: Gliscor
|
|-heal|p1a: Gliscor|89/100 tox|[from] ability: Poison Heal
|upkeep
|turn|61
|
|t:|1779856948
|move|p1a: Gliscor|Toxic|p2a: Loafsire
|-immune|p2a: Loafsire
|move|p2a: Loafsire|Earthquake|p1a: Gliscor
|-immune|p1a: Gliscor
|
|-heal|p1a: Gliscor|100/100 tox|[from] ability: Poison Heal
|upkeep
|turn|62
|
|t:|1779856957
|move|p1a: Gliscor|Toxic|p2a: Loafsire|[miss]
|-miss|p1a: Gliscor|p2a: Loafsire
|move|p2a: Loafsire|Earthquake|p1a: Gliscor
|-immune|p1a: Gliscor
|
|upkeep
|turn|63
|c|☆pneumadad|I'm dead
|
|t:|1779856967
|move|p1a: Gliscor|Toxic|p2a: Loafsire
|-immune|p2a: Loafsire
|move|p2a: Loafsire|Earthquake|p1a: Gliscor
|-immune|p1a: Gliscor
|
|upkeep
|turn|64
|c|☆Nertwerve|nuh uh i'm deader
|
|t:|1779856978
|move|p1a: Gliscor|Toxic|p2a: Loafsire
|-immune|p2a: Loafsire
|move|p2a: Loafsire|Earthquake|p1a: Gliscor
|-immune|p1a: Gliscor
|
|upkeep
|turn|65
|
|t:|1779856985
|move|p1a: Gliscor|Toxic|p2a: Loafsire
|-immune|p2a: Loafsire
|move|p2a: Loafsire|Earthquake|p1a: Gliscor
|-immune|p1a: Gliscor
|
|upkeep
|turn|66
|
|t:|1779856991
|move|p1a: Gliscor|Toxic|p2a: Loafsire
|-immune|p2a: Loafsire
|move|p2a: Loafsire|Earthquake|p1a: Gliscor
|-immune|p1a: Gliscor
|
|upkeep
|turn|67
|
|t:|1779856998
|move|p1a: Gliscor|Toxic|p2a: Loafsire
|-immune|p2a: Loafsire
|move|p2a: Loafsire|Earthquake|p1a: Gliscor
|-immune|p1a: Gliscor
|
|upkeep
|turn|68
|
|t:|1779857005
|move|p1a: Gliscor|Toxic|p2a: Loafsire
|-immune|p2a: Loafsire
|move|p2a: Loafsire|Earthquake|p1a: Gliscor
|-immune|p1a: Gliscor
|
|upkeep
|turn|69
|
|t:|1779857016
|move|p1a: Gliscor|Toxic|p2a: Loafsire
|-immune|p2a: Loafsire
|move|p2a: Loafsire|Toxic Spikes||[still]
|-fail|p2a: Loafsire
|
|upkeep
|turn|70
|
|t:|1779857023
|move|p1a: Gliscor|Toxic|p2a: Loafsire|[miss]
|-miss|p1a: Gliscor|p2a: Loafsire
|move|p2a: Loafsire|Toxic Spikes||[still]
|-fail|p2a: Loafsire
|
|upkeep
|turn|71
|
|t:|1779857029
|move|p1a: Gliscor|Toxic|p2a: Loafsire
|-immune|p2a: Loafsire
|move|p2a: Loafsire|Toxic Spikes||[still]
|-fail|p2a: Loafsire
|
|upkeep
|turn|72
|
|t:|1779857044
|move|p1a: Gliscor|Stealth Rock||[still]
|-fail|p1a: Gliscor
|move|p2a: Loafsire|Toxic Spikes||[still]
|-fail|p2a: Loafsire
|
|upkeep
|turn|73
|c|☆Nertwerve|We're fundamentally damaged people.
|
|t:|1779857049
|move|p1a: Gliscor|Stealth Rock||[still]
|-fail|p1a: Gliscor
|move|p2a: Loafsire|Toxic Spikes||[still]
|-fail|p2a: Loafsire
|
|upkeep
|turn|74
|
|t:|1779857055
|move|p1a: Gliscor|Stealth Rock||[still]
|-fail|p1a: Gliscor
|move|p2a: Loafsire|Toxic Spikes||[still]
|-fail|p2a: Loafsire
|
|upkeep
|turn|75
|
|t:|1779857061
|-terastallize|p1a: Gliscor|Water
|move|p1a: Gliscor|Stealth Rock||[still]
|-fail|p1a: Gliscor
|move|p2a: Loafsire|Toxic Spikes||[still]
|-fail|p2a: Loafsire
|
|upkeep
|turn|76
|c|☆pneumadad|Yes
|
|t:|1779857074
|move|p1a: Gliscor|Stealth Rock||[still]
|-fail|p1a: Gliscor
|move|p2a: Loafsire|Toxic Spikes||[still]
|-fail|p2a: Loafsire
|
|upkeep
|turn|77
|c|☆Nertwerve|Just so long as you agree.
|c|☆pneumadad|This is the most fun on this website I've had all month
|
|t:|1779857096
|move|p1a: Gliscor|Stealth Rock||[still]
|-fail|p1a: Gliscor
|move|p2a: Loafsire|Toxic Spikes||[still]
|-fail|p2a: Loafsire
|
|upkeep
|turn|78
|
|t:|1779857106
|move|p1a: Gliscor|Stealth Rock||[still]
|-fail|p1a: Gliscor
|move|p2a: Loafsire|Toxic Spikes||[still]
|-fail|p2a: Loafsire
|
|upkeep
|turn|79
|inactive|Nertwerve has 120 seconds left.
|
|t:|1779857137
|move|p1a: Gliscor|Stealth Rock||[still]
|-fail|p1a: Gliscor
|move|p2a: Loafsire|Toxic Spikes||[still]
|-fail|p2a: Loafsire
|
|upkeep
|turn|80
|
|t:|1779857144
|move|p1a: Gliscor|Stealth Rock||[still]
|-fail|p1a: Gliscor
|move|p2a: Loafsire|Toxic Spikes||[still]
|-fail|p2a: Loafsire
|
|upkeep
|turn|81
|
|t:|1779857150
|move|p1a: Gliscor|Stealth Rock||[still]
|-fail|p1a: Gliscor
|move|p2a: Loafsire|Toxic Spikes||[still]
|-fail|p2a: Loafsire
|
|upkeep
|turn|82
|
|t:|1779857156
|move|p1a: Gliscor|Stealth Rock||[still]
|-fail|p1a: Gliscor
|move|p2a: Loafsire|Toxic Spikes||[still]
|-fail|p2a: Loafsire
|
|upkeep
|turn|83
|
|t:|1779857161
|move|p1a: Gliscor|Stealth Rock||[still]
|-fail|p1a: Gliscor
|move|p2a: Loafsire|Toxic Spikes||[still]
|-fail|p2a: Loafsire
|
|upkeep
|turn|84
|
|t:|1779857169
|move|p1a: Gliscor|Stealth Rock||[still]
|-fail|p1a: Gliscor
|move|p2a: Loafsire|Toxic Spikes||[still]
|-fail|p2a: Loafsire
|
|upkeep
|turn|85
|
|t:|1779857175
|move|p1a: Gliscor|Stealth Rock||[still]
|-fail|p1a: Gliscor
|move|p2a: Loafsire|Toxic Spikes||[still]
|-fail|p2a: Loafsire
|
|upkeep
|turn|86
|
|t:|1779857180
|move|p1a: Gliscor|Stealth Rock||[still]
|-fail|p1a: Gliscor
|move|p2a: Loafsire|Toxic Spikes||[still]
|-fail|p2a: Loafsire
|
|upkeep
|turn|87
|
|t:|1779857189
|move|p1a: Gliscor|Stealth Rock||[still]
|-fail|p1a: Gliscor
|move|p2a: Loafsire|Toxic Spikes||[still]
|-fail|p2a: Loafsire
|
|upkeep
|turn|88
|
|t:|1779857194
|move|p1a: Gliscor|Stealth Rock||[still]
|-fail|p1a: Gliscor
|move|p2a: Loafsire|Toxic Spikes||[still]
|-fail|p2a: Loafsire
|
|upkeep
|turn|89
|
|t:|1779857200
|move|p1a: Gliscor|Stealth Rock||[still]
|-fail|p1a: Gliscor
|move|p2a: Loafsire|Toxic Spikes||[still]
|-fail|p2a: Loafsire
|
|upkeep
|turn|90
|
|t:|1779857205
|move|p1a: Gliscor|Stealth Rock||[still]
|-fail|p1a: Gliscor
|move|p2a: Loafsire|Toxic Spikes||[still]
|-fail|p2a: Loafsire
|
|upkeep
|turn|91
|
|t:|1779857211
|move|p1a: Gliscor|Stealth Rock||[still]
|-fail|p1a: Gliscor
|move|p2a: Loafsire|Toxic Spikes||[still]
|-fail|p2a: Loafsire
|
|upkeep
|turn|92
|
|t:|1779857216
|move|p1a: Gliscor|Stealth Rock||[still]
|-fail|p1a: Gliscor
|move|p2a: Loafsire|Toxic Spikes||[still]
|-fail|p2a: Loafsire
|
|upkeep
|turn|93
|
|t:|1779857221
|move|p1a: Gliscor|Stealth Rock||[still]
|-fail|p1a: Gliscor
|move|p2a: Loafsire|Toxic Spikes||[still]
|-fail|p2a: Loafsire
|
|upkeep
|turn|94
|
|t:|1779857227
|move|p1a: Gliscor|Stealth Rock||[still]
|-fail|p1a: Gliscor
|move|p2a: Loafsire|Toxic Spikes||[still]
|-fail|p2a: Loafsire
|
|upkeep
|turn|95
|c|☆pneumadad|Why is stealth rock pp so high
|
|t:|1779857237
|move|p1a: Gliscor|Stealth Rock||[still]
|-fail|p1a: Gliscor
|move|p2a: Loafsire|Toxic Spikes||[still]
|-fail|p2a: Loafsire
|
|upkeep
|turn|96
|
|t:|1779857242
|move|p1a: Gliscor|Stealth Rock||[still]
|-fail|p1a: Gliscor
|move|p2a: Loafsire|Haze|p2a: Loafsire
|-clearallboost
|
|upkeep
|turn|97
|c|☆Nertwerve|I genuinely don't have an answer. There's no reason any move should have 30+
|
|t:|1779857269
|move|p1a: Gliscor|Stealth Rock||[still]
|-fail|p1a: Gliscor
|move|p2a: Loafsire|Haze|p2a: Loafsire
|-clearallboost
|
|upkeep
|turn|98
|c|☆Nertwerve|Much less a hazard
|
|t:|1779857278
|move|p1a: Gliscor|Stealth Rock||[still]
|-fail|p1a: Gliscor
|move|p2a: Loafsire|Haze|p2a: Loafsire
|-clearallboost
|
|upkeep
|turn|99
|
|t:|1779857284
|move|p1a: Gliscor|Stealth Rock||[still]
|-fail|p1a: Gliscor
|move|p2a: Loafsire|Haze|p2a: Loafsire
|-clearallboost
|
|upkeep
|turn|100
|c|☆Nertwerve|Happy 100.
|
|t:|1779857290
|move|p1a: Gliscor|Stealth Rock||[still]
|-fail|p1a: Gliscor
|move|p2a: Loafsire|Haze|p2a: Loafsire
|-clearallboost
|
|upkeep
|turn|101
|
|t:|1779857296
|move|p1a: Gliscor|Stealth Rock||[still]
|-fail|p1a: Gliscor
|move|p2a: Loafsire|Haze|p2a: Loafsire
|-clearallboost
|
|upkeep
|turn|102
|
|t:|1779857302
|move|p1a: Gliscor|Stealth Rock||[still]
|-fail|p1a: Gliscor
|move|p2a: Loafsire|Haze|p2a: Loafsire
|-clearallboost
|
|upkeep
|turn|103
|c|☆pneumadad|Happy 100
|
|t:|1779857313
|switch|p1a: Heatran|Heatran, F|93/100
|move|p2a: Loafsire|Haze|p2a: Loafsire
|-clearallboost
|
|upkeep
|turn|104
|
|t:|1779857321
|switch|p1a: Gliscor|Gliscor, M, tera:Water|100/100 tox
|move|p2a: Loafsire|Haze|p2a: Loafsire
|-clearallboost
|
|upkeep
|turn|105
|
|t:|1779857327
|switch|p1a: Heatran|Heatran, F|93/100
|move|p2a: Loafsire|Haze|p2a: Loafsire
|-clearallboost
|
|upkeep
|turn|106
|
|t:|1779857334
|switch|p1a: Gliscor|Gliscor, M, tera:Water|100/100 tox
|move|p2a: Loafsire|Haze|p2a: Loafsire
|-clearallboost
|
|upkeep
|turn|107
|
|t:|1779857341
|switch|p1a: Heatran|Heatran, F|93/100
|move|p2a: Loafsire|Haze|p2a: Loafsire
|-clearallboost
|
|upkeep
|turn|108
|
|t:|1779857347
|switch|p1a: Gliscor|Gliscor, M, tera:Water|100/100 tox
|move|p2a: Loafsire|Haze|p2a: Loafsire
|-clearallboost
|
|upkeep
|turn|109
|
|t:|1779857353
|switch|p1a: Heatran|Heatran, F|93/100
|move|p2a: Loafsire|Haze|p2a: Loafsire
|-clearallboost
|
|upkeep
|turn|110
|
|t:|1779857359
|switch|p1a: Gliscor|Gliscor, M, tera:Water|100/100 tox
|move|p2a: Loafsire|Haze|p2a: Loafsire
|-clearallboost
|
|upkeep
|turn|111
|
|t:|1779857366
|switch|p1a: Heatran|Heatran, F|93/100
|move|p2a: Loafsire|Haze|p2a: Loafsire
|-clearallboost
|
|upkeep
|turn|112
|c|☆pneumadad|Never back down never what
|
|t:|1779857375
|switch|p1a: Gliscor|Gliscor, M, tera:Water|100/100 tox
|move|p2a: Loafsire|Haze|p2a: Loafsire
|-clearallboost
|
|upkeep
|turn|113
|c|☆Nertwerve|Amen brother.
|
|t:|1779857382
|switch|p1a: Heatran|Heatran, F|93/100
|move|p2a: Loafsire|Haze|p2a: Loafsire
|-clearallboost
|
|upkeep
|turn|114
|
|t:|1779857395
|switch|p1a: Gliscor|Gliscor, M, tera:Water|100/100 tox
|move|p2a: Loafsire|Haze|p2a: Loafsire
|-clearallboost
|
|upkeep
|turn|115
|
|t:|1779857418
|switch|p1a: Heatran|Heatran, F|93/100
|move|p2a: Loafsire|Haze|p2a: Loafsire
|-clearallboost
|
|upkeep
|turn|116
|
|t:|1779857428
|switch|p1a: Gliscor|Gliscor, M, tera:Water|100/100 tox
|move|p2a: Loafsire|Haze|p2a: Loafsire
|-clearallboost
|
|upkeep
|turn|117
|
|t:|1779857435
|switch|p1a: Heatran|Heatran, F|93/100
|move|p2a: Loafsire|Haze|p2a: Loafsire
|-clearallboost
|
|upkeep
|turn|118
|
|t:|1779857441
|switch|p1a: Gliscor|Gliscor, M, tera:Water|100/100 tox
|move|p2a: Loafsire|Haze|p2a: Loafsire
|-clearallboost
|
|upkeep
|turn|119
|inactive|Nertwerve has 120 seconds left.
|
|t:|1779857453
|switch|p1a: Heatran|Heatran, F|93/100
|move|p2a: Loafsire|Haze|p2a: Loafsire
|-clearallboost
|
|upkeep
|turn|120
|inactive|Nertwerve has 120 seconds left.
|
|t:|1779857461
|switch|p1a: Gliscor|Gliscor, M, tera:Water|100/100 tox
|move|p2a: Loafsire|Haze|p2a: Loafsire
|-clearallboost
|
|upkeep
|turn|121
|inactive|Nertwerve has 120 seconds left.
|
|t:|1779857471
|switch|p1a: Heatran|Heatran, F|93/100
|move|p2a: Loafsire|Haze|p2a: Loafsire
|-clearallboost
|
|upkeep
|turn|122
|
|t:|1779857478
|switch|p1a: Gliscor|Gliscor, M, tera:Water|100/100 tox
|move|p2a: Loafsire|Haze|p2a: Loafsire
|-clearallboost
|
|upkeep
|turn|123
|
|t:|1779857485
|switch|p1a: Heatran|Heatran, F|93/100
|move|p2a: Loafsire|Haze|p2a: Loafsire
|-clearallboost
|
|upkeep
|turn|124
|
|t:|1779857491
|switch|p1a: Gliscor|Gliscor, M, tera:Water|100/100 tox
|move|p2a: Loafsire|Haze|p2a: Loafsire
|-clearallboost
|
|upkeep
|turn|125
|inactive|Nertwerve has 120 seconds left.
|
|t:|1779857497
|switch|p1a: Heatran|Heatran, F|93/100
|move|p2a: Loafsire|Haze|p2a: Loafsire
|-clearallboost
|
|upkeep
|turn|126
|inactive|Nertwerve has 120 seconds left.
|
|t:|1779857507
|switch|p1a: Gliscor|Gliscor, M, tera:Water|100/100 tox
|move|p2a: Loafsire|Haze|p2a: Loafsire
|-clearallboost
|
|upkeep
|turn|127
|inactive|Nertwerve has 120 seconds left.
|
|t:|1779857514
|switch|p1a: Heatran|Heatran, F|93/100
|move|p2a: Loafsire|Haze|p2a: Loafsire
|-clearallboost
|
|upkeep
|turn|128
|inactive|Nertwerve has 120 seconds left.
|
|t:|1779857522
|switch|p1a: Gliscor|Gliscor, M, tera:Water|100/100 tox
|move|p2a: Loafsire|Haze|p2a: Loafsire
|-clearallboost
|
|upkeep
|turn|129
|inactive|Nertwerve has 120 seconds left.
|
|t:|1779857529
|switch|p1a: Heatran|Heatran, F|93/100
|move|p2a: Loafsire|Haze|p2a: Loafsire
|-clearallboost
|
|upkeep
|turn|130
|inactive|Nertwerve has 120 seconds left.
|
|t:|1779857536
|switch|p1a: Gliscor|Gliscor, M, tera:Water|100/100 tox
|move|p2a: Loafsire|Haze|p2a: Loafsire
|-clearallboost
|
|upkeep
|turn|131
|
|t:|1779857542
|switch|p1a: Heatran|Heatran, F|93/100
|move|p2a: Loafsire|Haze|p2a: Loafsire
|-clearallboost
|
|upkeep
|turn|132
|
|t:|1779857549
|switch|p1a: Gliscor|Gliscor, M, tera:Water|100/100 tox
|move|p2a: Loafsire|Haze|p2a: Loafsire
|-clearallboost
|
|upkeep
|turn|133
|
|t:|1779857555
|switch|p1a: Heatran|Heatran, F|93/100
|move|p2a: Loafsire|Haze|p2a: Loafsire
|-clearallboost
|
|upkeep
|turn|134
|c|☆pneumadad|We would prob be friends irl
|
|t:|1779857566
|switch|p1a: Gliscor|Gliscor, M, tera:Water|100/100 tox
|move|p2a: Loafsire|Haze|p2a: Loafsire
|-clearallboost
|
|upkeep
|turn|135
|c|☆pneumadad|Not many people i know this brain damaged
|c|☆Nertwerve|I hope so!
|
|t:|1779857578
|switch|p1a: Heatran|Heatran, F|93/100
|move|p2a: Loafsire|Haze|p2a: Loafsire
|-clearallboost
|
|upkeep
|turn|136
|
|t:|1779857585
|switch|p1a: Gliscor|Gliscor, M, tera:Water|100/100 tox
|move|p2a: Loafsire|Haze|p2a: Loafsire
|-clearallboost
|
|upkeep
|turn|137
|
|t:|1779857592
|move|p1a: Gliscor|Substitute|p1a: Gliscor
|-start|p1a: Gliscor|Substitute
|-damage|p1a: Gliscor|76/100 tox
|-activate|p2a: Loafsire|move: Struggle
|move|p2a: Loafsire|Struggle|p1a: Gliscor
|-crit|p1a: Gliscor
|-activate|p1a: Gliscor|move: Substitute|[damage]
|-damage|p2a: Loafsire|26/100|[from] recoil
|
|-heal|p1a: Gliscor|88/100 tox|[from] ability: Poison Heal
|upkeep
|turn|138
|
|t:|1779857605
|switch|p1a: Dragapult|Dragapult, F|14/100
|-status|p1a: Dragapult|tox
|-activate|p2a: Loafsire|move: Struggle
|move|p2a: Loafsire|Struggle|p1a: Dragapult
|-damage|p1a: Dragapult|1/100 tox
|-damage|p2a: Loafsire|1/100|[from] recoil
|
|-damage|p1a: Dragapult|0 fnt|[from] psn
|faint|p1a: Dragapult
|upkeep
|c|☆Nertwerve|Sweet death.
|inactive|pneumadad has 120 seconds left.
|
|t:|1779857618
|switch|p1a: Gliscor|Gliscor, M, tera:Water|88/100 tox
|turn|139
|c|☆pneumadad|Gg
|inactive|pneumadad has 120 seconds left.
|c|☆pneumadad|Ily
|c|☆Nertwerve|gg
|c|☆Nertwerve|Ily2
|c|☆pneumadad|Bye king
|
|t:|1779857635
|switch|p1a: Alomomola|Alomomola, M|100/100
|-status|p1a: Alomomola|tox
|-activate|p2a: Loafsire|move: Struggle
|move|p2a: Loafsire|Struggle|p1a: Alomomola
|-damage|p1a: Alomomola|95/100 tox
|-damage|p2a: Loafsire|0 fnt|[from] recoil
|faint|p2a: Loafsire
|
|win|pneumadad
|raw|pneumadad's rating: 1106 &rarr; <strong>1132</strong><br />(+26 for winning)
|raw|Nertwerve's rating: 1121 &rarr; <strong>1095</strong><br />(-26 for losing)
|c|☆Nertwerve|Bye King.
