|j|☆CaptainMoulebite
|j|☆kabutopzboy
|t:|1779880430
|gametype|singles
|player|p1|CaptainMoulebite|drayden|1334
|player|p2|kabutopzboy|cyrus|1338
|gen|9
|tier|[Gen 9] OU
|rated|
|rule|HP Percentage Mod: HP is shown in percentages
|rule|Endless Battle Clause: Forcing endless battles is banned
|rule|Species Clause: Limit one of each Pokémon
|rule|OHKO Clause: OHKO moves are banned
|rule|Evasion Items Clause: Evasion items are banned
|rule|Evasion Moves Clause: Evasion moves are banned
|rule|Evasion Abilities Clause: Evasion abilities are banned
|rule|Sleep Moves Clause: Sleep-inducing moves are banned
|clearpoke
|poke|p1|Garganacl, M|
|poke|p1|Gliscor, M|
|poke|p1|Clefable, F|
|poke|p1|Zamazenta-*|
|poke|p1|Gholdengo|
|poke|p1|Samurott-Hisui, F|
|poke|p2|Great Tusk|
|poke|p2|Pelipper, F|
|poke|p2|Magcargo, F|
|poke|p2|Toxicroak, F|
|poke|p2|Dragapult, M|
|poke|p2|Zapdos|
|teampreview
|
|t:|1779880473
|teamsize|p1|6
|teamsize|p2|6
|start
|switch|p1a: Samurott|Samurott-Hisui, F|100/100
|switch|p2a: Pelipper|Pelipper, F|100/100
|-weather|RainDance|[from] ability: Drizzle|[of] p2a: Pelipper
|turn|1
|
|t:|1779880481
|move|p1a: Samurott|Knock Off|p2a: Pelipper
|-damage|p2a: Pelipper|43/100
|-enditem|p2a: Pelipper|Choice Specs|[from] move: Knock Off|[of] p1a: Samurott
|move|p2a: Pelipper|Hurricane|p1a: Samurott
|-damage|p1a: Samurott|42/100
|
|-weather|RainDance|[upkeep]
|upkeep
|turn|2
|
|t:|1779880494
|switch|p2a: Toxicroak|Toxicroak, F|100/100
|move|p1a: Samurott|Ceaseless Edge|p2a: Toxicroak
|-resisted|p2a: Toxicroak
|-damage|p2a: Toxicroak|67/100
|-sidestart|p2: kabutopzboy|Spikes
|
|-weather|RainDance|[upkeep]
|-heal|p2a: Toxicroak|80/100|[from] ability: Dry Skin
|-heal|p2a: Toxicroak|86/100|[from] item: Leftovers
|upkeep
|turn|3
|
|t:|1779880518
|switch|p1a: Gliscor|Gliscor, M|100/100
|move|p2a: Toxicroak|Bulk Up|p2a: Toxicroak
|-boost|p2a: Toxicroak|atk|1
|-boost|p2a: Toxicroak|def|1
|
|-weather|RainDance|[upkeep]
|-heal|p2a: Toxicroak|98/100|[from] ability: Dry Skin
|-heal|p2a: Toxicroak|100/100|[from] item: Leftovers
|-status|p1a: Gliscor|tox|[from] item: Toxic Orb
|upkeep
|turn|4
|
|t:|1779880535
|switch|p2a: Zapp|Zapdos|100/100
|move|p1a: Gliscor|Earthquake|p2a: Zapp
|-immune|p2a: Zapp
|
|-weather|RainDance|[upkeep]
|upkeep
|turn|5
|
|t:|1779880557
|switch|p1a: Garganacl|Garganacl, M|100/100
|move|p2a: Zapp|Weather Ball|p1a: Garganacl
|-supereffective|p1a: Garganacl
|-damage|p1a: Garganacl|34/100
|
|-weather|none
|upkeep
|turn|6
|
|t:|1779880565
|switch|p2a: Great Tusk|Great Tusk|100/100
|-damage|p2a: Great Tusk|88/100|[from] Spikes
|-enditem|p2a: Great Tusk|Booster Energy
|-activate|p2a: Great Tusk|ability: Protosynthesis|[fromitem]
|-start|p2a: Great Tusk|protosynthesisspe
|move|p1a: Garganacl|Recover|p1a: Garganacl
|-heal|p1a: Garganacl|85/100
|
|upkeep
|turn|7
|
|t:|1779880573
|-terastallize|p1a: Garganacl|Water
|move|p2a: Great Tusk|Bulk Up|p2a: Great Tusk
|-boost|p2a: Great Tusk|atk|1
|-boost|p2a: Great Tusk|def|1
|move|p1a: Garganacl|Iron Defense|p1a: Garganacl
|-boost|p1a: Garganacl|def|2
|
|upkeep
|turn|8
|
|t:|1779880580
|move|p2a: Great Tusk|Rapid Spin|p1a: Garganacl
|-damage|p1a: Garganacl|78/100
|-boost|p2a: Great Tusk|spe|1
|-sideend|p2: kabutopzboy|Spikes|[from] move: Rapid Spin|[of] p2a: Great Tusk
|move|p1a: Garganacl|Iron Defense|p1a: Garganacl
|-boost|p1a: Garganacl|def|2
|
|upkeep
|turn|9
|
|t:|1779880588
|-end|p2a: Great Tusk|Protosynthesis|[silent]
|switch|p2a: Pelipper|Pelipper, F|43/100
|-weather|RainDance|[from] ability: Drizzle|[of] p2a: Pelipper
|move|p1a: Garganacl|Iron Defense|p1a: Garganacl
|-boost|p1a: Garganacl|def|2
|
|-weather|RainDance|[upkeep]
|upkeep
|turn|10
|
|t:|1779880598
|move|p2a: Pelipper|Hurricane|p1a: Garganacl
|-damage|p1a: Garganacl|42/100
|move|p1a: Garganacl|Salt Cure|p2a: Pelipper
|-supereffective|p2a: Pelipper
|-damage|p2a: Pelipper|6/100
|-start|p2a: Pelipper|Salt Cure
|
|-weather|RainDance|[upkeep]
|-damage|p2a: Pelipper|0 fnt|[from] Salt Cure
|faint|p2a: Pelipper
|upkeep
|
|t:|1779880608
|switch|p2a: Zapp|Zapdos|100/100
|turn|11
|
|t:|1779880618
|switch|p1a: Gliscor|Gliscor, M|100/100 tox
|move|p2a: Zapp|Thunder|p1a: Gliscor
|-immune|p1a: Gliscor
|
|-weather|RainDance|[upkeep]
|upkeep
|turn|12
|
|t:|1779880626
|move|p1a: Gliscor|Protect|p1a: Gliscor
|-singleturn|p1a: Gliscor|Protect
|move|p2a: Zapp|Weather Ball|p1a: Gliscor
|-activate|p1a: Gliscor|move: Protect
|
|-weather|RainDance|[upkeep]
|upkeep
|turn|13
|
|t:|1779880640
|switch|p1a: Samurott|Samurott-Hisui, F|42/100
|move|p2a: Zapp|Hurricane|p1a: Samurott
|-damage|p1a: Samurott|0 fnt
|faint|p1a: Samurott
|
|-weather|none
|upkeep
|
|t:|1779880650
|switch|p1a: Gliscor|Gliscor, M|100/100 tox
|turn|14
|
|t:|1779880655
|move|p2a: Zapp|Rain Dance|p2a: Zapp
|-weather|RainDance
|move|p1a: Gliscor|Toxic|p2a: Zapp
|-status|p2a: Zapp|tox
|
|-weather|RainDance|[upkeep]
|-damage|p2a: Zapp|94/100 tox|[from] psn
|upkeep
|turn|15
|
|t:|1779880668
|switch|p1a: Garganacl|Garganacl, M, tera:Water|42/100
|move|p2a: Zapp|Weather Ball|p1a: Garganacl
|-resisted|p1a: Garganacl
|-damage|p1a: Garganacl|25/100
|
|-weather|RainDance|[upkeep]
|-damage|p2a: Zapp|82/100 tox|[from] psn
|upkeep
|turn|16
|
|t:|1779880680
|move|p2a: Zapp|Hurricane|p1a: Garganacl
|-damage|p1a: Garganacl|0 fnt
|faint|p1a: Garganacl
|
|-weather|RainDance|[upkeep]
|-damage|p2a: Zapp|63/100 tox|[from] psn
|upkeep
|
|t:|1779880689
|switch|p1a: Zamazenta|Zamazenta|100/100
|-ability|p1a: Zamazenta|Dauntless Shield|boost
|-boost|p1a: Zamazenta|def|1
|turn|17
|
|t:|1779880693
|move|p1a: Zamazenta|Ice Fang|p2a: Zapp
|-supereffective|p2a: Zapp
|-damage|p2a: Zapp|12/100 tox
|move|p2a: Zapp|Hurricane|p1a: Zamazenta
|-supereffective|p1a: Zamazenta
|-damage|p1a: Zamazenta|0 fnt
|faint|p1a: Zamazenta
|
|-weather|RainDance|[upkeep]
|-damage|p2a: Zapp|0 fnt|[from] psn
|faint|p2a: Zapp
|upkeep
|
|t:|1779880711
|switch|p1a: Gliscor|Gliscor, M|100/100 tox
|switch|p2a: Great Tusk|Great Tusk|88/100
|turn|18
|
|t:|1779880717
|move|p2a: Great Tusk|Bulk Up|p2a: Great Tusk
|-boost|p2a: Great Tusk|atk|1
|-boost|p2a: Great Tusk|def|1
|move|p1a: Gliscor|Toxic|p2a: Great Tusk
|-status|p2a: Great Tusk|tox
|
|-weather|RainDance|[upkeep]
|-damage|p2a: Great Tusk|82/100 tox|[from] psn
|upkeep
|turn|19
|
|t:|1779880725
|switch|p1a: Clefable|Clefable, F|100/100
|move|p2a: Great Tusk|Bulk Up|p2a: Great Tusk
|-boost|p2a: Great Tusk|atk|1
|-boost|p2a: Great Tusk|def|1
|
|-weather|RainDance|[upkeep]
|-damage|p2a: Great Tusk|69/100 tox|[from] psn
|upkeep
|turn|20
|
|t:|1779880735
|-terastallize|p2a: Great Tusk|Ice
|move|p2a: Great Tusk|Headlong Rush|p1a: Clefable
|-damage|p1a: Clefable|23/100
|-unboost|p2a: Great Tusk|def|1
|-unboost|p2a: Great Tusk|spd|1
|-damage|p2a: Great Tusk|53/100 tox|[from] item: Rocky Helmet|[of] p1a: Clefable
|move|p1a: Clefable|Moonblast|p2a: Great Tusk
|-damage|p2a: Great Tusk|0 fnt
|faint|p2a: Great Tusk
|-end|p2a: Great Tusk|Protosynthesis|[silent]
|
|-weather|RainDance|[upkeep]
|upkeep
|
|t:|1779880745
|switch|p2a: Toxicroak|Toxicroak, F|100/100
|turn|21
|
|t:|1779880751
|move|p2a: Toxicroak|Taunt|p1a: Clefable
|-start|p1a: Clefable|move: Taunt
|move|p1a: Clefable|Moonblast|p2a: Toxicroak
|-damage|p2a: Toxicroak|63/100
|
|-weather|none
|-heal|p2a: Toxicroak|70/100|[from] item: Leftovers
|upkeep
|turn|22
|
|t:|1779880759
|move|p2a: Toxicroak|Bulk Up|p2a: Toxicroak
|-boost|p2a: Toxicroak|atk|1
|-boost|p2a: Toxicroak|def|1
|move|p1a: Clefable|Moonblast|p2a: Toxicroak
|-crit|p2a: Toxicroak
|-damage|p2a: Toxicroak|17/100
|-unboost|p2a: Toxicroak|spa|1
|
|-heal|p2a: Toxicroak|23/100|[from] item: Leftovers
|upkeep
|turn|23
|
|t:|1779880768
|move|p2a: Toxicroak|Poison Jab|p1a: Clefable
|-supereffective|p1a: Clefable
|-damage|p1a: Clefable|0 fnt
|-damage|p2a: Toxicroak|6/100|[from] item: Rocky Helmet|[of] p1a: Clefable
|faint|p1a: Clefable
|
|-heal|p2a: Toxicroak|13/100|[from] item: Leftovers
|upkeep
|
|t:|1779880771
|switch|p1a: Gliscor|Gliscor, M|100/100 tox
|turn|24
|j| samurajen
|
|t:|1779880777
|move|p2a: Toxicroak|Taunt|p1a: Gliscor
|-start|p1a: Gliscor|move: Taunt
|move|p1a: Gliscor|Earthquake|p2a: Toxicroak
|-supereffective|p2a: Toxicroak
|-damage|p2a: Toxicroak|0 fnt
|faint|p2a: Toxicroak
|
|upkeep
|
|t:|1779880784
|switch|p2a: Dragapult|Dragapult, M|100/100
|turn|25
|
|t:|1779880788
|move|p2a: Dragapult|Hex|p1a: Gliscor
|-damage|p1a: Gliscor|53/100 tox
|move|p1a: Gliscor|U-turn|p2a: Dragapult
|-resisted|p2a: Dragapult
|-damage|p2a: Dragapult|93/100
|
|t:|1779880791
|switch|p1a: Gholdengo|Gholdengo|100/100|[from] U-turn
|
|upkeep
|turn|26
|
|t:|1779880798
|switch|p2a: Magcargo|Magcargo, F|100/100
|move|p1a: Gholdengo|Shadow Ball|p2a: Magcargo
|-damage|p2a: Magcargo|62/100
|-unboost|p2a: Magcargo|spd|1
|
|upkeep
|turn|27
|
|t:|1779880806
|move|p1a: Gholdengo|Shadow Ball|p2a: Magcargo
|-damage|p2a: Magcargo|9/100
|move|p2a: Magcargo|Lava Plume|p1a: Gholdengo
|-supereffective|p1a: Gholdengo
|-damage|p1a: Gholdengo|51/100
|
|upkeep
|turn|28
|
|t:|1779880813
|move|p1a: Gholdengo|Shadow Ball|p2a: Magcargo
|-damage|p2a: Magcargo|0 fnt
|faint|p2a: Magcargo
|
|upkeep
|
|t:|1779880817
|switch|p2a: Dragapult|Dragapult, M|93/100
|turn|29
|
|t:|1779880821
|move|p2a: Dragapult|Hex|p1a: Gholdengo
|-supereffective|p1a: Gholdengo
|-damage|p1a: Gholdengo|9/100
|move|p1a: Gholdengo|Shadow Ball|p2a: Dragapult
|-supereffective|p2a: Dragapult
|-damage|p2a: Dragapult|0 fnt
|faint|p2a: Dragapult
|
|win|CaptainMoulebite
|raw|CaptainMoulebite's rating: 1334 &rarr; <strong>1354</strong><br />(+20 for winning)
|raw|kabutopzboy's rating: 1338 &rarr; <strong>1318</strong><br />(-20 for losing)
|c|☆CaptainMoulebite|Gg
|l|☆CaptainMoulebite
|player|p1|
