|j|☆technogiri
|j|☆stone douchebag
|t:|1779919559
|gametype|singles
|player|p1|technogiri|2|1329
|player|p2|stone douchebag|265|1365
|gen|9
|tier|[Gen 9] OU
|rated|
|rule|HP Percentage Mod: HP is shown in percentages
|rule|Endless Battle Clause: Forcing endless battles is banned
|rule|Species Clause: Limit one of each Pokémon
|rule|OHKO Clause: OHKO moves are banned
|rule|Evasion Items Clause: Evasion items are banned
|rule|Evasion Moves Clause: Evasion moves are banned
|rule|Evasion Abilities Clause: Evasion abilities are banned
|rule|Sleep Moves Clause: Sleep-inducing moves are banned
|clearpoke
|poke|p1|Maushold|
|poke|p1|Grimmsnarl, M|
|poke|p1|Clefable, F|
|poke|p1|Darkrai|
|poke|p1|Gyarados, F|
|poke|p1|Skeledirge, F|
|poke|p2|Ursaluna, F|
|poke|p2|Zapdos|
|poke|p2|Hatterene, F|
|poke|p2|Tinkaton, F|
|poke|p2|Alomomola, F|
|poke|p2|Samurott-Hisui, F|
|teampreview
|inactive|Battle timer is ON: inactive players will automatically lose when time's up. (requested by technogiri)
|l|☆stone douchebag
|inactive|stone douchebag disconnected and has a minute to reconnect!
|player|p2|
|j|☆stone douchebag
|inactive|stone douchebag reconnected and has 130 seconds left.
|player|p2|stone douchebag|265|
|inactive|stone douchebag has 120 seconds left.
|
|t:|1779919591
|teamsize|p1|6
|teamsize|p2|6
|start
|switch|p1a: Grimmsnarl|Grimmsnarl, M|100/100
|switch|p2a: Tinkaton|Tinkaton, F|100/100
|turn|1
|
|t:|1779919596
|move|p1a: Grimmsnarl|Reflect|p1a: Grimmsnarl
|-sidestart|p1: technogiri|Reflect
|move|p2a: Tinkaton|Gigaton Hammer|p1a: Grimmsnarl
|-supereffective|p1a: Grimmsnarl
|-damage|p1a: Grimmsnarl|52/100
|
|upkeep
|turn|2
|
|t:|1779919602
|move|p1a: Grimmsnarl|Light Screen|p1a: Grimmsnarl
|-sidestart|p1: technogiri|move: Light Screen
|move|p2a: Tinkaton|Stealth Rock|p1a: Grimmsnarl
|-sidestart|p1: technogiri|move: Stealth Rock
|
|upkeep
|turn|3
|
|t:|1779919610
|move|p2a: Tinkaton|Thunder Wave|p1a: Grimmsnarl
|-status|p1a: Grimmsnarl|par
|cant|p1a: Grimmsnarl|par
|
|upkeep
|turn|4
|
|t:|1779919614
|move|p1a: Grimmsnarl|Parting Shot|p2a: Tinkaton
|-unboost|p2a: Tinkaton|atk|1
|-unboost|p2a: Tinkaton|spa|1
|
|t:|1779919618
|switch|p1a: Maushold|Maushold|100/100|[from] Parting Shot
|-damage|p1a: Maushold|88/100|[from] Stealth Rock
|move|p2a: Tinkaton|Knock Off|p1a: Maushold
|-damage|p1a: Maushold|79/100
|-enditem|p1a: Maushold|Wide Lens|[from] move: Knock Off|[of] p2a: Tinkaton
|
|upkeep
|turn|5
|
|t:|1779919637
|move|p1a: Maushold|Encore|p2a: Tinkaton
|-start|p2a: Tinkaton|Encore
|move|p2a: Tinkaton|Knock Off|p1a: Maushold
|-damage|p1a: Maushold|73/100
|
|upkeep
|turn|6
|
|t:|1779919649
|switch|p2a: Zapdos|Zapdos|100/100
|move|p1a: Maushold|Tidy Up|p1a: Maushold
|-sideend|p1: technogiri|Stealth Rock
|-activate|p1a: Maushold|move: Tidy Up
|-boost|p1a: Maushold|atk|1
|-boost|p1a: Maushold|spe|1
|
|upkeep
|turn|7
|
|t:|1779919655
|move|p1a: Maushold|Population Bomb|p2a: Zapdos
|-damage|p2a: Zapdos|90/100
|-hitcount|p2a: Zapdos|1
|move|p2a: Zapdos|Roost|p2a: Zapdos
|-heal|p2a: Zapdos|100/100
|-singleturn|p2a: Zapdos|move: Roost
|
|upkeep
|turn|8
|c|☆stone douchebag|nice pop bomb
|
|t:|1779919665
|move|p1a: Maushold|Encore|p2a: Zapdos
|-start|p2a: Zapdos|Encore
|move|p2a: Zapdos|Roost||[still]
|-fail|p2a: Zapdos|heal
|
|-sideend|p1: technogiri|Reflect
|upkeep
|turn|9
|
|t:|1779919678
|switch|p2a: Ursaluna|Ursaluna, F|100/100
|move|p1a: Maushold|Tidy Up|p1a: Maushold
|-boost|p1a: Maushold|atk|1
|-boost|p1a: Maushold|spe|1
|
|-sideend|p1: technogiri|move: Light Screen
|-status|p2a: Ursaluna|brn|[from] item: Flame Orb
|upkeep
|turn|10
|
|t:|1779919683
|switch|p2a: Zapdos|Zapdos|100/100
|-terastallize|p1a: Maushold|Ghost
|move|p1a: Maushold|Tidy Up|p1a: Maushold
|-boost|p1a: Maushold|atk|1
|-boost|p1a: Maushold|spe|1
|
|upkeep
|turn|11
|
|t:|1779919694
|move|p1a: Maushold|Population Bomb|p2a: Zapdos
|-damage|p2a: Zapdos|81/100
|-damage|p2a: Zapdos|61/100
|-damage|p2a: Zapdos|42/100
|-damage|p2a: Zapdos|23/100
|-crit|p2a: Zapdos
|-damage|p2a: Zapdos|0 fnt
|faint|p2a: Zapdos
|-hitcount|p2: Zapdos|5
|
|upkeep
|
|t:|1779919709
|switch|p2a: Samurott|Samurott-Hisui, F|100/100
|turn|12
|
|t:|1779919713
|move|p1a: Maushold|Population Bomb|p2a: Samurott|[miss]
|-miss|p1a: Maushold|p2a: Samurott
|move|p2a: Samurott|Ceaseless Edge|p1a: Maushold
|-supereffective|p1a: Maushold
|-damage|p1a: Maushold|0 fnt
|-sidestart|p1: technogiri|Spikes
|faint|p1a: Maushold
|
|upkeep
|
|t:|1779919717
|switch|p1a: Grimmsnarl|Grimmsnarl, M|52/100 par
|-damage|p1a: Grimmsnarl|39/100 par|[from] Spikes
|turn|13
|
|t:|1779919733
|move|p1a: Grimmsnarl|Reflect|p1a: Grimmsnarl
|-sidestart|p1: technogiri|Reflect
|move|p2a: Samurott|Razor Shell|p1a: Grimmsnarl
|-damage|p1a: Grimmsnarl|6/100 par
|-unboost|p1a: Grimmsnarl|def|1
|
|upkeep
|turn|14
|
|t:|1779919738
|move|p2a: Samurott|Aqua Jet|p1a: Grimmsnarl
|-damage|p1a: Grimmsnarl|0 fnt
|faint|p1a: Grimmsnarl
|
|upkeep
|
|t:|1779919742
|switch|p1a: Gyarados|Gyarados, F|100/100
|turn|15
|inactive|stone douchebag has 120 seconds left.
|
|t:|1779919778
|switch|p2a: Hatterene|Hatterene, F|100/100
|move|p1a: Gyarados|Dragon Dance|p1a: Gyarados
|-boost|p1a: Gyarados|atk|1
|-boost|p1a: Gyarados|spe|1
|
|upkeep
|turn|16
|
|t:|1779919795
|switch|p1a: Clefable|Clefable, F|100/100
|move|p2a: Hatterene|Nuzzle|p1a: Clefable
|-damage|p1a: Clefable|98/100
|-status|p1a: Clefable|par
|
|upkeep
|turn|17
|
|t:|1779919809
|switch|p2a: Tinkaton|Tinkaton, F|100/100
|move|p1a: Clefable|Calm Mind|p1a: Clefable
|-boost|p1a: Clefable|spa|1
|-boost|p1a: Clefable|spd|1
|
|upkeep
|turn|18
|-message|technogiri forfeited.
|
|win|stone douchebag
|raw|technogiri's rating: 1329 &rarr; <strong>1310</strong><br />(-19 for losing)
|raw|stone douchebag's rating: 1343 &rarr; <strong>1362</strong><br />(+19 for winning)
|l|☆technogiri
|player|p1|
|l|☆stone douchebag
|player|p2|
