|j|☆kabbalistic jew
|j|☆Asus_mlg
|t:|1779863513
|gametype|singles
|player|p1|kabbalistic jew|skierf-gen4dp|1148
|player|p2|Asus_mlg|burglar|1107
|gen|9
|tier|[Gen 9] OU
|rated|
|rule|HP Percentage Mod: HP is shown in percentages
|rule|Endless Battle Clause: Forcing endless battles is banned
|rule|Species Clause: Limit one of each Pokémon
|rule|OHKO Clause: OHKO moves are banned
|rule|Evasion Items Clause: Evasion items are banned
|rule|Evasion Moves Clause: Evasion moves are banned
|rule|Evasion Abilities Clause: Evasion abilities are banned
|rule|Sleep Moves Clause: Sleep-inducing moves are banned
|clearpoke
|poke|p1|Hatterene, F|
|poke|p1|Great Tusk|
|poke|p1|Tornadus-Therian, M|
|poke|p1|Kyurem|
|poke|p1|Slowking-Galar, F|
|poke|p1|Kingambit, F|
|poke|p2|Maushold|
|poke|p2|Tyranitar, F|
|poke|p2|Garchomp, M|
|poke|p2|Mamoswine, M|
|poke|p2|Quaquaval, F|
|poke|p2|Overqwil, F|
|teampreview
|inactive|Battle timer is ON: inactive players will automatically lose when time's up. (requested by kabbalistic jew)
|
|t:|1779863523
|teamsize|p1|6
|teamsize|p2|6
|start
|switch|p1a: Kyurem|Kyurem|100/100
|switch|p2a: Overqwil|Overqwil, F|100/100
|-ability|p1a: Kyurem|Pressure
|turn|1
|inactive|kabbalistic jew has 120 seconds left.
|inactive|kabbalistic jew has 90 seconds left.
|
|t:|1779863587
|move|p1a: Kyurem|Earth Power|p2a: Overqwil
|-supereffective|p2a: Overqwil
|-damage|p2a: Overqwil|0 fnt
|faint|p2a: Overqwil
|
|upkeep
|
|t:|1779863593
|switch|p2a: Maushold|Maushold|100/100
|turn|2
|
|t:|1779863604
|switch|p1a: Hatterene|Hatterene, F|100/100
|move|p2a: Maushold|Population Bomb|p1a: Hatterene
|-damage|p1a: Hatterene|91/100
|-damage|p2a: Maushold|84/100|[from] item: Rocky Helmet|[of] p1a: Hatterene
|-hitcount|p1a: Hatterene|1
|
|upkeep
|turn|3
|
|t:|1779863622
|move|p2a: Maushold|Encore|p1a: Hatterene
|move|p1a: Hatterene|Encore||[from] ability: Magic Bounce|[still]
|-fail|p1a: Hatterene
|move|p1a: Hatterene|Nuzzle|p2a: Maushold
|-damage|p2a: Maushold|78/100
|-status|p2a: Maushold|par
|
|upkeep
|turn|4
|
|t:|1779863630
|move|p2a: Maushold|Tidy Up|p2a: Maushold
|-boost|p2a: Maushold|atk|1
|-boost|p2a: Maushold|spe|1
|move|p1a: Hatterene|Draining Kiss|p2a: Maushold
|-damage|p2a: Maushold|42/100 par
|-heal|p1a: Hatterene|100/100|[from] drain|[of] p2a: Maushold
|
|upkeep
|turn|5
|
|t:|1779863651
|switch|p2a: Quaquaval|Quaquaval, F|100/100
|move|p1a: Hatterene|Draining Kiss|p2a: Quaquaval
|-supereffective|p2a: Quaquaval
|-damage|p2a: Quaquaval|30/100
|
|upkeep
|turn|6
|
|t:|1779863667
|move|p2a: Quaquaval|Flip Turn|p1a: Hatterene
|-damage|p1a: Hatterene|74/100
|-damage|p2a: Quaquaval|14/100|[from] item: Rocky Helmet|[of] p1a: Hatterene
|
|t:|1779863673
|switch|p2a: Mamoswine|Mamoswine, M|100/100|[from] Flip Turn
|move|p1a: Hatterene|Draining Kiss|p2a: Mamoswine
|-damage|p2a: Mamoswine|66/100
|-heal|p1a: Hatterene|100/100|[from] drain|[of] p2a: Mamoswine
|
|upkeep
|turn|7
|inactive|kabbalistic jew has 90 seconds left.
|
|t:|1779863697
|move|p2a: Mamoswine|Knock Off|p1a: Hatterene
|-damage|p1a: Hatterene|70/100
|-damage|p2a: Mamoswine|50/100|[from] item: Rocky Helmet|[of] p1a: Hatterene
|-enditem|p1a: Hatterene|Rocky Helmet|[from] move: Knock Off|[of] p2a: Mamoswine
|move|p1a: Hatterene|Draining Kiss|p2a: Mamoswine
|-damage|p2a: Mamoswine|20/100
|-heal|p1a: Hatterene|95/100|[from] drain|[of] p2a: Mamoswine
|
|upkeep
|turn|8
|
|t:|1779863710
|switch|p2a: Tyranitar|Tyranitar, F|100/100
|-weather|Sandstorm|[from] ability: Sand Stream|[of] p2a: Tyranitar
|move|p1a: Hatterene|Draining Kiss|p2a: Tyranitar
|-supereffective|p2a: Tyranitar
|-damage|p2a: Tyranitar|68/100
|-heal|p1a: Hatterene|100/100|[from] drain|[of] p2a: Tyranitar
|
|-weather|Sandstorm|[upkeep]
|-damage|p1a: Hatterene|95/100|[from] Sandstorm
|upkeep
|turn|9
|inactive|kabbalistic jew has 90 seconds left.
|
|t:|1779863758
|move|p2a: Tyranitar|Heavy Slam|p1a: Hatterene
|-supereffective|p1a: Hatterene
|-damage|p1a: Hatterene|21/100
|move|p1a: Hatterene|Draining Kiss|p2a: Tyranitar
|-supereffective|p2a: Tyranitar
|-damage|p2a: Tyranitar|40/100
|-heal|p1a: Hatterene|44/100|[from] drain|[of] p2a: Tyranitar
|
|-weather|Sandstorm|[upkeep]
|-damage|p1a: Hatterene|38/100|[from] Sandstorm
|upkeep
|turn|10
|
|t:|1779863766
|switch|p1a: Great Tusk|Great Tusk|100/100
|move|p2a: Tyranitar|Heavy Slam|p1a: Great Tusk
|-damage|p1a: Great Tusk|88/100
|-damage|p2a: Tyranitar|24/100|[from] item: Rocky Helmet|[of] p1a: Great Tusk
|
|-weather|Sandstorm|[upkeep]
|upkeep
|turn|11
|inactive|kabbalistic jew has 60 seconds left.
|
|t:|1779863799
|move|p1a: Great Tusk|Rapid Spin|p2a: Tyranitar
|-resisted|p2a: Tyranitar
|-damage|p2a: Tyranitar|15/100
|-boost|p1a: Great Tusk|spe|1
|move|p2a: Tyranitar|Ice Punch|p1a: Great Tusk
|-supereffective|p1a: Great Tusk
|-damage|p1a: Great Tusk|44/100
|-damage|p2a: Tyranitar|0 fnt|[from] item: Rocky Helmet|[of] p1a: Great Tusk
|faint|p2a: Tyranitar
|
|-weather|Sandstorm|[upkeep]
|upkeep
|
|t:|1779863809
|switch|p2a: Garchomp|Garchomp, M|100/100
|turn|12
|
|t:|1779863820
|move|p1a: Great Tusk|Ice Spinner|p2a: Garchomp
|-supereffective|p2a: Garchomp
|-damage|p2a: Garchomp|0 fnt
|-damage|p1a: Great Tusk|32/100|[from] ability: Rough Skin|[of] p2a: Garchomp
|faint|p2a: Garchomp
|
|-weather|none
|upkeep
|
|t:|1779863823
|switch|p2a: Maushold|Maushold|42/100 par
|turn|13
|
|t:|1779863830
|move|p1a: Great Tusk|Headlong Rush|p2a: Maushold
|-damage|p2a: Maushold|0 fnt
|-unboost|p1a: Great Tusk|def|1
|-unboost|p1a: Great Tusk|spd|1
|faint|p2a: Maushold
|
|upkeep
|
|t:|1779863837
|switch|p2a: Quaquaval|Quaquaval, F|14/100
|turn|14
|inactive|kabbalistic jew has 90 seconds left.
|
|t:|1779863844
|move|p1a: Great Tusk|Headlong Rush|p2a: Quaquaval
|-damage|p2a: Quaquaval|0 fnt
|-unboost|p1a: Great Tusk|def|1
|-unboost|p1a: Great Tusk|spd|1
|faint|p2a: Quaquaval
|
|upkeep
|
|t:|1779863846
|switch|p2a: Mamoswine|Mamoswine, M|20/100
|turn|15
|
|t:|1779863848
|move|p1a: Great Tusk|Headlong Rush|p2a: Mamoswine
|-damage|p2a: Mamoswine|0 fnt
|-unboost|p1a: Great Tusk|def|1
|-unboost|p1a: Great Tusk|spd|1
|faint|p2a: Mamoswine
|
|win|kabbalistic jew
|raw|kabbalistic jew's rating: 1172 &rarr; <strong>1192</strong><br />(+20 for winning)
|raw|Asus_mlg's rating: 1107 &rarr; <strong>1087</strong><br />(-20 for losing)
|l|☆kabbalistic jew
|player|p1|
|l|☆Asus_mlg
|player|p2|
