|j|☆leader alastor
|j|‽Jauk123
|t:|1779894458
|gametype|singles
|player|p1|leader alastor|blue|1418
|player|p2|Jauk123|dawn|1507
|gen|9
|tier|[Gen 9] OU
|rated|
|rule|HP Percentage Mod: HP is shown in percentages
|rule|Endless Battle Clause: Forcing endless battles is banned
|rule|Species Clause: Limit one of each Pokémon
|rule|OHKO Clause: OHKO moves are banned
|rule|Evasion Items Clause: Evasion items are banned
|rule|Evasion Moves Clause: Evasion moves are banned
|rule|Evasion Abilities Clause: Evasion abilities are banned
|rule|Sleep Moves Clause: Sleep-inducing moves are banned
|clearpoke
|poke|p1|Iron Valiant|
|poke|p1|Ceruledge, M|
|poke|p1|Cloyster, F|
|poke|p1|Lilligant, F|
|poke|p1|Malamar, F|
|poke|p1|Noivern, M|
|poke|p2|Clodsire, M|
|poke|p2|Iron Moth|
|poke|p2|Raging Bolt|
|poke|p2|Rillaboom, M|
|poke|p2|Corviknight, F|
|poke|p2|Primarina, F|
|teampreview
|inactive|Battle timer is ON: inactive players will automatically lose when time's up. (requested by leader alastor)
|inactive|Jauk123 also wants the timer to be on.
|
|t:|1779894473
|teamsize|p1|6
|teamsize|p2|6
|start
|switch|p1a: Trident|Cloyster, F|100/100
|switch|p2a: Rillaboom|Rillaboom, M|100/100
|-fieldstart|move: Grassy Terrain|[from] ability: Grassy Surge|[of] p2a: Rillaboom
|turn|1
|
|t:|1779894481
|move|p2a: Rillaboom|Wood Hammer|p1a: Trident
|-supereffective|p1a: Trident
|-enditem|p1a: Trident|Focus Sash
|-damage|p1a: Trident|1/100
|-damage|p2a: Rillaboom|77/100|[from] Recoil
|move|p1a: Trident|Icicle Spear|p2a: Rillaboom
|-supereffective|p2a: Rillaboom
|-damage|p2a: Rillaboom|51/100
|-supereffective|p2a: Rillaboom
|-damage|p2a: Rillaboom|26/100
|-supereffective|p2a: Rillaboom
|-damage|p2a: Rillaboom|0 fnt
|faint|p2a: Rillaboom
|-hitcount|p2: Rillaboom|3
|
|-heal|p1a: Trident|7/100|[from] Grassy Terrain
|upkeep
|
|t:|1779894502
|switch|p2a: Primarina|Primarina, F|100/100
|turn|2
|
|t:|1779894505
|move|p1a: Trident|Rock Blast|p2a: Primarina
|-damage|p2a: Primarina|92/100
|-damage|p2a: Primarina|83/100
|-damage|p2a: Primarina|74/100
|-damage|p2a: Primarina|65/100
|-damage|p2a: Primarina|55/100
|-hitcount|p2a: Primarina|5
|move|p2a: Primarina|Moonblast|p1a: Trident
|-damage|p1a: Trident|0 fnt
|faint|p1a: Trident
|
|-heal|p2a: Primarina|61/100|[from] Grassy Terrain
|upkeep
|
|t:|1779894508
|switch|p1a: Glaive|Iron Valiant|100/100
|-enditem|p1a: Glaive|Booster Energy
|-activate|p1a: Glaive|ability: Quark Drive|[fromitem]
|-start|p1a: Glaive|quarkdrivespe
|turn|3
|
|t:|1779894513
|move|p1a: Glaive|Spirit Break|p2a: Primarina
|-damage|p2a: Primarina|18/100
|-unboost|p2a: Primarina|spa|1
|move|p2a: Primarina|Moonblast|p1a: Glaive
|-supereffective|p1a: Glaive
|-damage|p1a: Glaive|0 fnt
|faint|p1a: Glaive
|-end|p1a: Glaive|Quark Drive|[silent]
|
|-heal|p2a: Primarina|24/100|[from] Grassy Terrain
|upkeep
|
|t:|1779894521
|switch|p1a: Gladius|Lilligant, F|100/100
|turn|4
|
|t:|1779894527
|switch|p2a: Clodsire|Clodsire, M|100/100
|move|p1a: Gladius|Quiver Dance|p1a: Gladius
|-boost|p1a: Gladius|spa|1
|-boost|p1a: Gladius|spd|1
|-boost|p1a: Gladius|spe|1
|
|upkeep
|turn|5
|
|t:|1779894548
|move|p1a: Gladius|Leech Seed|p2a: Clodsire
|-start|p2a: Clodsire|move: Leech Seed
|move|p2a: Clodsire|Toxic|p1a: Gladius
|-status|p1a: Gladius|tox
|
|-damage|p2a: Clodsire|88/100|[from] Leech Seed|[of] p1a: Gladius
|-damage|p1a: Gladius|94/100 tox|[from] psn
|-fieldend|move: Grassy Terrain
|upkeep
|turn|6
|
|t:|1779894566
|switch|p1a: Halberd|Malamar, F|100/100
|move|p2a: Clodsire|Stealth Rock|p1a: Halberd
|-sidestart|p1: leader alastor|move: Stealth Rock
|
|-heal|p2a: Clodsire|94/100|[from] item: Leftovers
|-damage|p2a: Clodsire|82/100|[from] Leech Seed|[of] p1a: Halberd
|upkeep
|turn|7
|-activate|p1a: Halberd|item: Quick Claw
|
|t:|1779894587
|-terastallize|p1a: Halberd|Poison
|move|p1a: Halberd|Psycho Cut|p2a: Clodsire
|-supereffective|p2a: Clodsire
|-damage|p2a: Clodsire|20/100
|move|p2a: Clodsire|Toxic|p1a: Halberd
|-immune|p1a: Halberd
|
|-heal|p2a: Clodsire|26/100|[from] item: Leftovers
|-damage|p2a: Clodsire|14/100|[from] Leech Seed|[of] p1a: Halberd
|upkeep
|turn|8
|
|t:|1779894594
|switch|p2a: Corviknight|Corviknight, F|100/100
|-ability|p2a: Corviknight|Pressure
|move|p1a: Halberd|Superpower|p2a: Corviknight
|-damage|p2a: Corviknight|80/100
|-boost|p1a: Halberd|atk|1
|-boost|p1a: Halberd|def|1
|-damage|p1a: Halberd|84/100|[from] item: Rocky Helmet|[of] p2a: Corviknight
|
|upkeep
|turn|9
|
|t:|1779894596
|move|p1a: Halberd|Superpower|p2a: Corviknight
|-damage|p2a: Corviknight|50/100
|-boost|p1a: Halberd|atk|1
|-boost|p1a: Halberd|def|1
|-damage|p1a: Halberd|68/100|[from] item: Rocky Helmet|[of] p2a: Corviknight
|move|p2a: Corviknight|Iron Defense|p2a: Corviknight
|-boost|p2a: Corviknight|def|2
|
|upkeep
|turn|10
|
|t:|1779894605
|move|p1a: Halberd|Topsy-Turvy|p2a: Corviknight
|-invertboost|p2a: Corviknight|[from] move: Topsy-Turvy
|move|p2a: Corviknight|Roost|p2a: Corviknight
|-heal|p2a: Corviknight|99/100
|-singleturn|p2a: Corviknight|move: Roost
|
|upkeep
|turn|11
|
|t:|1779894611
|switch|p2a: Primarina|Primarina, F|24/100
|move|p1a: Halberd|Superpower|p2a: Primarina
|-resisted|p2a: Primarina
|-damage|p2a: Primarina|0 fnt
|-boost|p1a: Halberd|atk|1
|-boost|p1a: Halberd|def|1
|faint|p2a: Primarina
|
|upkeep
|
|t:|1779894614
|switch|p2a: Raging Bolt|Raging Bolt|100/100
|-enditem|p2a: Raging Bolt|Booster Energy
|-activate|p2a: Raging Bolt|ability: Protosynthesis|[fromitem]
|-start|p2a: Raging Bolt|protosynthesisspa
|turn|12
|
|t:|1779894618
|move|p2a: Raging Bolt|Thunderclap|p1a: Halberd
|-damage|p1a: Halberd|8/100
|move|p1a: Halberd|Throat Chop|p2a: Raging Bolt
|-damage|p2a: Raging Bolt|31/100
|-start|p2a: Raging Bolt|Throat Chop|[silent]
|
|upkeep
|turn|13
|-activate|p1a: Halberd|item: Quick Claw
|
|t:|1779894626
|move|p2a: Raging Bolt|Thunderclap||[still]
|-fail|p2a: Raging Bolt
|move|p1a: Halberd|Topsy-Turvy||[still]
|-fail|p1a: Halberd
|
|-end|p2a: Raging Bolt|Throat Chop|[silent]
|upkeep
|turn|14
|
|t:|1779894632
|move|p2a: Raging Bolt|Thunderclap||[still]
|-fail|p2a: Raging Bolt
|move|p1a: Halberd|Topsy-Turvy||[still]
|-fail|p1a: Halberd
|
|upkeep
|turn|15
|-activate|p1a: Halberd|item: Quick Claw
|
|t:|1779894635
|move|p2a: Raging Bolt|Thunderclap||[still]
|-fail|p2a: Raging Bolt
|move|p1a: Halberd|Topsy-Turvy||[still]
|-fail|p1a: Halberd
|
|upkeep
|turn|16
|
|t:|1779894641
|move|p1a: Halberd|Psycho Cut|p2a: Raging Bolt
|-damage|p2a: Raging Bolt|0 fnt
|faint|p2a: Raging Bolt
|-end|p2a: Raging Bolt|Protosynthesis|[silent]
|
|upkeep
|
|t:|1779894643
|switch|p2a: Iron Moth|Iron Moth|100/100
|-enditem|p2a: Iron Moth|Booster Energy
|-activate|p2a: Iron Moth|ability: Quark Drive|[fromitem]
|-start|p2a: Iron Moth|quarkdrivespe
|turn|17
|
|t:|1779894649
|move|p2a: Iron Moth|Fiery Dance|p1a: Halberd
|-damage|p1a: Halberd|0 fnt
|-boost|p2a: Iron Moth|spa|1
|faint|p1a: Halberd
|
|upkeep
|
|t:|1779894651
|switch|p1a: Shamshir|Noivern, M|100/100
|-damage|p1a: Shamshir|76/100|[from] Stealth Rock
|turn|18
|
|t:|1779894655
|-terastallize|p2a: Iron Moth|Fairy
|move|p2a: Iron Moth|Sludge Wave|p1a: Shamshir
|-damage|p1a: Shamshir|0 fnt
|faint|p1a: Shamshir
|
|upkeep
|
|t:|1779894661
|switch|p1a: Flamberge|Ceruledge, M|100/100
|-damage|p1a: Flamberge|76/100|[from] Stealth Rock
|turn|19
|
|t:|1779894664
|move|p2a: Iron Moth|Sludge Wave|p1a: Flamberge
|-resisted|p1a: Flamberge
|-damage|p1a: Flamberge|30/100
|move|p1a: Flamberge|Bitter Blade|p2a: Iron Moth
|-damage|p2a: Iron Moth|34/100
|-heal|p1a: Flamberge|65/100|[from] drain|[of] p2a: Iron Moth
|
|upkeep
|turn|20
|
|t:|1779894672
|move|p2a: Iron Moth|Sludge Wave|p1a: Flamberge
|-resisted|p1a: Flamberge
|-damage|p1a: Flamberge|19/100
|move|p1a: Flamberge|Bitter Blade|p2a: Iron Moth
|-damage|p2a: Iron Moth|0 fnt
|-heal|p1a: Flamberge|36/100|[from] drain|[of] p2a: Iron Moth
|faint|p2a: Iron Moth
|-end|p2a: Iron Moth|Quark Drive|[silent]
|
|upkeep
|
|t:|1779894675
|switch|p2a: Clodsire|Clodsire, M|14/100
|turn|21
|
|t:|1779894680
|move|p1a: Flamberge|Bitter Blade|p2a: Clodsire
|-crit|p2a: Clodsire
|-damage|p2a: Clodsire|0 fnt
|-heal|p1a: Flamberge|47/100|[from] drain|[of] p2a: Clodsire
|faint|p2a: Clodsire
|
|upkeep
|
|t:|1779894682
|switch|p2a: Corviknight|Corviknight, F|99/100
|-ability|p2a: Corviknight|Pressure
|turn|22
|
|t:|1779894684
|move|p1a: Flamberge|Bitter Blade|p2a: Corviknight
|-supereffective|p2a: Corviknight
|-damage|p2a: Corviknight|38/100
|-heal|p1a: Flamberge|90/100|[from] drain|[of] p2a: Corviknight
|-damage|p1a: Flamberge|73/100|[from] item: Rocky Helmet|[of] p2a: Corviknight
|move|p2a: Corviknight|Iron Defense|p2a: Corviknight
|-boost|p2a: Corviknight|def|2
|
|upkeep
|turn|23
|c|☆leader alastor|Gg
|
|t:|1779894692
|move|p1a: Flamberge|Bitter Blade|p2a: Corviknight
|-supereffective|p2a: Corviknight
|-damage|p2a: Corviknight|10/100
|-heal|p1a: Flamberge|92/100|[from] drain|[of] p2a: Corviknight
|-damage|p1a: Flamberge|75/100|[from] item: Rocky Helmet|[of] p2a: Corviknight
|move|p2a: Corviknight|Roost|p2a: Corviknight
|-heal|p2a: Corviknight|60/100
|-singleturn|p2a: Corviknight|move: Roost
|
|upkeep
|turn|24
|
|t:|1779894696
|move|p1a: Flamberge|Swords Dance|p1a: Flamberge
|-boost|p1a: Flamberge|atk|2
|move|p2a: Corviknight|Iron Defense|p2a: Corviknight
|-boost|p2a: Corviknight|def|2
|
|upkeep
|turn|25
|-message|Jauk123 forfeited.
|
|win|leader alastor
|raw|leader alastor's rating: 1418 &rarr; <strong>1443</strong><br />(+25 for winning)
|raw|Jauk123's rating: 1507 &rarr; <strong>1482</strong><br />(-25 for losing)
|l|‽Jauk123
|player|p2|
|l|☆leader alastor
|player|p1|
