|j|☆excapilled
|j|☆paralekz
|t:|1779949861
|gametype|singles
|player|p1|excapilled|265|1340
|player|p2|paralekz|skyla|1323
|gen|9
|tier|[Gen 9] OU
|rated|
|rule|HP Percentage Mod: HP is shown in percentages
|rule|Endless Battle Clause: Forcing endless battles is banned
|rule|Species Clause: Limit one of each Pokémon
|rule|OHKO Clause: OHKO moves are banned
|rule|Evasion Items Clause: Evasion items are banned
|rule|Evasion Moves Clause: Evasion moves are banned
|rule|Evasion Abilities Clause: Evasion abilities are banned
|rule|Sleep Moves Clause: Sleep-inducing moves are banned
|clearpoke
|poke|p1|Skarmory, F|
|poke|p1|Ting-Lu|
|poke|p1|Gholdengo|
|poke|p1|Araquanid, F|
|poke|p1|Dragonite, M|
|poke|p1|Gyarados, F|
|poke|p2|Grimmsnarl, M|
|poke|p2|Zamazenta-*|
|poke|p2|Iron Crown|
|poke|p2|Raging Bolt|
|poke|p2|Ogerpon-Wellspring, F|
|poke|p2|Glimmora, M|
|teampreview
|
|t:|1779949868
|teamsize|p1|6
|teamsize|p2|6
|start
|switch|p1a: Araquanid|Araquanid, F|100/100
|switch|p2a: Glimmora|Glimmora, M|100/100
|turn|1
|
|t:|1779949878
|move|p2a: Glimmora|Stealth Rock|p1a: Araquanid
|-sidestart|p1: excapilled|move: Stealth Rock
|move|p1a: Araquanid|Liquidation|p2a: Glimmora
|-supereffective|p2a: Glimmora
|-damage|p2a: Glimmora|6/100
|-unboost|p2a: Glimmora|def|1
|-activate|p2a: Glimmora|ability: Toxic Debris
|-sidestart|p1: excapilled|move: Toxic Spikes
|-enditem|p2a: Glimmora|Red Card|[of] p1a: Araquanid
|drag|p1a: Gholdengo|Gholdengo|100/100
|-damage|p1a: Gholdengo|94/100|[from] Stealth Rock
|-item|p1a: Gholdengo|Air Balloon
|
|upkeep
|turn|2
|inactive|Battle timer is ON: inactive players will automatically lose when time's up. (requested by paralekz)
|
|t:|1779949911
|switch|p2a: Grimmsnarl|Grimmsnarl, M|100/100
|move|p1a: Gholdengo|Shadow Ball|p2a: Grimmsnarl
|-resisted|p2a: Grimmsnarl
|-damage|p2a: Grimmsnarl|80/100
|
|upkeep
|turn|3
|
|t:|1779949916
|move|p2a: Grimmsnarl|Light Screen|p2a: Grimmsnarl
|-sidestart|p2: paralekz|move: Light Screen
|move|p1a: Gholdengo|Make It Rain|p2a: Grimmsnarl
|-supereffective|p2a: Grimmsnarl
|-damage|p2a: Grimmsnarl|18/100
|-unboost|p1a: Gholdengo|spa|1
|
|upkeep
|turn|4
|
|t:|1779949926
|switch|p1a: Araquanid|Araquanid, F|100/100
|-damage|p1a: Araquanid|75/100|[from] Stealth Rock
|-status|p1a: Araquanid|psn
|move|p2a: Grimmsnarl|Reflect|p2a: Grimmsnarl
|-sidestart|p2: paralekz|Reflect
|
|-damage|p1a: Araquanid|63/100 psn|[from] psn
|upkeep
|turn|5
|
|t:|1779949936
|move|p2a: Grimmsnarl|Taunt|p1a: Araquanid
|-start|p1a: Araquanid|move: Taunt
|cant|p1a: Araquanid|move: Taunt|Sticky Web
|
|-damage|p1a: Araquanid|51/100 psn|[from] psn
|upkeep
|turn|6
|
|t:|1779949941
|move|p2a: Grimmsnarl|Parting Shot|p1a: Araquanid
|-unboost|p1a: Araquanid|atk|1
|-unboost|p1a: Araquanid|spa|1
|
|t:|1779949945
|switch|p2a: Ogerpon|Ogerpon-Wellspring, F|100/100|[from] Parting Shot
|move|p1a: Araquanid|Body Slam|p2a: Ogerpon
|-damage|p2a: Ogerpon|91/100
|
|-damage|p1a: Araquanid|38/100 psn|[from] psn
|upkeep
|turn|7
|
|t:|1779949958
|move|p2a: Ogerpon|Swords Dance|p2a: Ogerpon
|-boost|p2a: Ogerpon|atk|2
|move|p1a: Araquanid|Body Slam|p2a: Ogerpon
|-damage|p2a: Ogerpon|82/100
|
|-damage|p1a: Araquanid|26/100 psn|[from] psn
|-end|p1a: Araquanid|move: Taunt
|upkeep
|turn|8
|
|t:|1779949966
|move|p2a: Ogerpon|Trailblaze|p1a: Araquanid
|-damage|p1a: Araquanid|0 fnt
|-boost|p2a: Ogerpon|spe|1
|faint|p1a: Araquanid
|
|upkeep
|
|t:|1779949971
|switch|p1a: Skarmory|Skarmory, F|100/100
|-damage|p1a: Skarmory|88/100|[from] Stealth Rock
|turn|9
|
|t:|1779949981
|-terastallize|p2a: Ogerpon|Water
|detailschange|p2a: Ogerpon|Ogerpon-Wellspring-Tera, F, tera:Water
|-ability|p2a: Ogerpon|Embody Aspect (Wellspring)|boost
|-boost|p2a: Ogerpon|spd|1
|move|p2a: Ogerpon|Ivy Cudgel|p1a: Skarmory|[anim] Ivy Cudgel Water
|-crit|p1a: Skarmory
|-damage|p1a: Skarmory|0 fnt
|faint|p1a: Skarmory
|
|upkeep
|
|t:|1779949990
|switch|p1a: Gyarados|Gyarados, F|100/100
|-ability|p1a: Gyarados|Intimidate|boost
|-unboost|p2a: Ogerpon|atk|1
|turn|10
|
|t:|1779950001
|move|p2a: Ogerpon|Power Whip|p1a: Gyarados|[miss]
|-miss|p2a: Ogerpon|p1a: Gyarados
|move|p1a: Gyarados|Dragon Tail|p2a: Ogerpon|[miss]
|-miss|p1a: Gyarados|p2a: Ogerpon
|
|-sideend|p2: paralekz|move: Light Screen
|upkeep
|turn|11
|
|t:|1779950015
|move|p2a: Ogerpon|Power Whip|p1a: Gyarados
|-damage|p1a: Gyarados|0 fnt
|faint|p1a: Gyarados
|
|-sideend|p2: paralekz|Reflect
|upkeep
|
|t:|1779950035
|switch|p1a: Dragonite|Dragonite, M|100/100
|turn|12
|
|t:|1779950047
|move|p1a: Dragonite|Extreme Speed|p2a: Ogerpon
|-damage|p2a: Ogerpon|42/100
|move|p2a: Ogerpon|Trailblaze|p1a: Dragonite
|-resisted|p1a: Dragonite
|-damage|p1a: Dragonite|95/100
|-boost|p2a: Ogerpon|spe|1
|
|upkeep
|turn|13
|
|t:|1779950064
|-terastallize|p1a: Dragonite|Normal
|move|p1a: Dragonite|Extreme Speed|p2a: Ogerpon
|-damage|p2a: Ogerpon|0 fnt
|faint|p2a: Ogerpon
|detailschange|p2: Ogerpon|Ogerpon-Wellspring, F|[silent]
|
|upkeep
|
|t:|1779950071
|switch|p2a: Zamazenta|Zamazenta|100/100
|-ability|p2a: Zamazenta|Dauntless Shield|boost
|-boost|p2a: Zamazenta|def|1
|turn|14
|
|t:|1779950092
|switch|p1a: Gholdengo|Gholdengo|94/100
|-damage|p1a: Gholdengo|88/100|[from] Stealth Rock
|-item|p1a: Gholdengo|Air Balloon
|move|p2a: Zamazenta|Iron Defense|p2a: Zamazenta
|-boost|p2a: Zamazenta|def|2
|
|upkeep
|turn|15
|
|t:|1779950100
|move|p2a: Zamazenta|Crunch|p1a: Gholdengo
|-supereffective|p1a: Gholdengo
|-damage|p1a: Gholdengo|45/100
|-enditem|p1a: Gholdengo|Air Balloon
|move|p1a: Gholdengo|Make It Rain|p2a: Zamazenta
|-damage|p2a: Zamazenta|33/100
|-unboost|p1a: Gholdengo|spa|1
|
|upkeep
|turn|16
|
|t:|1779950108
|move|p2a: Zamazenta|Crunch|p1a: Gholdengo
|-supereffective|p1a: Gholdengo
|-damage|p1a: Gholdengo|0 fnt
|faint|p1a: Gholdengo
|
|upkeep
|
|t:|1779950112
|switch|p1a: Ting-Lu|Ting-Lu|100/100
|-damage|p1a: Ting-Lu|94/100|[from] Stealth Rock
|-status|p1a: Ting-Lu|psn
|-ability|p1a: Ting-Lu|Vessel of Ruin
|turn|17
|
|t:|1779950119
|move|p2a: Zamazenta|Body Press|p1a: Ting-Lu
|-supereffective|p1a: Ting-Lu
|-damage|p1a: Ting-Lu|22/100 psn
|move|p1a: Ting-Lu|Whirlwind|p2a: Zamazenta
|drag|p2a: Iron Crown|Iron Crown|100/100
|-enditem|p2a: Iron Crown|Booster Energy
|-activate|p2a: Iron Crown|ability: Quark Drive|[fromitem]
|-start|p2a: Iron Crown|quarkdrivespe
|
|-heal|p1a: Ting-Lu|28/100 psn|[from] item: Leftovers
|-damage|p1a: Ting-Lu|16/100 psn|[from] psn
|upkeep
|turn|18
|
|t:|1779950129
|move|p2a: Iron Crown|Iron Defense|p2a: Iron Crown
|-boost|p2a: Iron Crown|def|2
|move|p1a: Ting-Lu|Earthquake|p2a: Iron Crown
|-supereffective|p2a: Iron Crown
|-damage|p2a: Iron Crown|69/100
|
|-heal|p1a: Ting-Lu|22/100 psn|[from] item: Leftovers
|-damage|p1a: Ting-Lu|9/100 psn|[from] psn
|upkeep
|turn|19
|-message|excapilled forfeited.
|
|win|paralekz
|raw|excapilled's rating: 1340 &rarr; <strong>1319</strong><br />(-21 for losing)
|raw|paralekz's rating: 1323 &rarr; <strong>1344</strong><br />(+21 for winning)
|l|☆excapilled
|player|p1|
