|j|☆wym=z
|j|☆mlec
|t:|1779803763
|gametype|singles
|player|p1|wym=z|2|1076
|player|p2|mlec|266|1109
|gen|9
|tier|[Gen 9] OU
|rated|
|rule|HP Percentage Mod: HP is shown in percentages
|rule|Endless Battle Clause: Forcing endless battles is banned
|rule|Species Clause: Limit one of each Pokémon
|rule|OHKO Clause: OHKO moves are banned
|rule|Evasion Items Clause: Evasion items are banned
|rule|Evasion Moves Clause: Evasion moves are banned
|rule|Evasion Abilities Clause: Evasion abilities are banned
|rule|Sleep Moves Clause: Sleep-inducing moves are banned
|clearpoke
|poke|p1|Eiscue, M|
|poke|p1|Ninetales-Alola, M|
|poke|p1|Hatterene, F|
|poke|p1|Meowscarada, M|
|poke|p1|Basculegion, M|
|poke|p1|Lokix, F|
|poke|p2|Dragapult, M|
|poke|p2|Weezing-Galar, F|
|poke|p2|Weavile, M|
|poke|p2|Alomomola, F|
|poke|p2|Ogerpon-Wellspring, F|
|poke|p2|Slowking-Galar, F|
|teampreview
|
|t:|1779803784
|teamsize|p1|6
|teamsize|p2|6
|start
|switch|p1a: Basculegion|Basculegion, M|100/100
|switch|p2a: Dragapult|Dragapult, M|100/100
|turn|1
|
|t:|1779803812
|-terastallize|p1a: Basculegion|Water
|move|p2a: Dragapult|Shadow Ball|p1a: Basculegion
|-damage|p1a: Basculegion|37/100
|move|p1a: Basculegion|Flip Turn|p2a: Dragapult
|-resisted|p2a: Dragapult
|-damage|p2a: Dragapult|71/100
|
|t:|1779803820
|switch|p1a: Ninetales|Ninetales-Alola, M|100/100|[from] Flip Turn
|-weather|Snowscape|[from] ability: Snow Warning|[of] p1a: Ninetales
|
|-weather|Snowscape|[upkeep]
|upkeep
|turn|2
|
|t:|1779803852
|switch|p2a: Slowking|Slowking-Galar, F|100/100
|move|p1a: Ninetales|Blizzard|p2a: Slowking
|-damage|p2a: Slowking|77/100
|
|-weather|Snowscape|[upkeep]
|upkeep
|turn|3
|
|t:|1779803861
|move|p1a: Ninetales|Aurora Veil|p1a: Ninetales
|-sidestart|p1: wym=z|move: Aurora Veil
|move|p2a: Slowking|Sludge Bomb|p1a: Ninetales
|-supereffective|p1a: Ninetales
|-damage|p1a: Ninetales|56/100
|
|-weather|Snowscape|[upkeep]
|upkeep
|turn|4
|
|t:|1779803869
|switch|p1a: Hatterene|Hatterene, F|100/100
|move|p2a: Slowking|Sludge Bomb|p1a: Hatterene
|-supereffective|p1a: Hatterene
|-damage|p1a: Hatterene|54/100
|
|-weather|Snowscape|[upkeep]
|-heal|p1a: Hatterene|60/100|[from] item: Leftovers
|upkeep
|turn|5
|
|t:|1779803886
|move|p1a: Hatterene|Nuzzle|p2a: Slowking
|-damage|p2a: Slowking|73/100
|-status|p2a: Slowking|par
|cant|p2a: Slowking|par
|
|-weather|Snowscape|[upkeep]
|-heal|p1a: Hatterene|66/100|[from] item: Leftovers
|upkeep
|turn|6
|
|t:|1779803904
|switch|p1a: Basculegion|Basculegion, M, tera:Water|37/100
|move|p2a: Slowking|Sludge Bomb|p1a: Basculegion
|-damage|p1a: Basculegion|12/100
|
|-weather|Snowscape|[upkeep]
|upkeep
|turn|7
|
|t:|1779803917
|switch|p2a: Ogerpon|Ogerpon-Wellspring, F|100/100
|move|p1a: Basculegion|Phantom Force||[still]
|-prepare|p1a: Basculegion|Phantom Force
|
|-weather|Snowscape|[upkeep]
|-sideend|p1: wym=z|move: Aurora Veil
|upkeep
|turn|8
|
|t:|1779803948
|move|p1a: Basculegion|Phantom Force|p2a: Ogerpon|[from] lockedmove
|-damage|p2a: Ogerpon|45/100
|move|p2a: Ogerpon|Trailblaze|p1a: Basculegion
|-supereffective|p1a: Basculegion
|-damage|p1a: Basculegion|0 fnt
|-boost|p2a: Ogerpon|spe|1
|faint|p1a: Basculegion
|
|-weather|none
|upkeep
|
|t:|1779803959
|switch|p1a: Ninetales|Ninetales-Alola, M|56/100
|-weather|Snowscape|[from] ability: Snow Warning|[of] p1a: Ninetales
|turn|9
|inactive|Battle timer is ON: inactive players will automatically lose when time's up. (requested by mlec)
|
|t:|1779803967
|switch|p1a: Eiscue|Eiscue, M|100/100
|move|p2a: Ogerpon|Ivy Cudgel|p1a: Eiscue|[anim] Ivy Cudgel Water
|-activate|p1a: Eiscue|ability: Ice Face
|-damage|p1a: Eiscue|100/100
|detailschange|p1a: Eiscue|Eiscue-Noice, M
|
|-weather|Snowscape|[upkeep]
|upkeep
|turn|10
|
|t:|1779803981
|move|p2a: Ogerpon|Ivy Cudgel|p1a: Eiscue|[anim] Ivy Cudgel Water
|-damage|p1a: Eiscue|39/100
|move|p1a: Eiscue|Weather Ball|p2a: Ogerpon
|-damage|p2a: Ogerpon|4/100
|
|-weather|Snowscape|[upkeep]
|upkeep
|turn|11
|
|t:|1779803996
|move|p2a: Ogerpon|Ivy Cudgel|p1a: Eiscue|[anim] Ivy Cudgel Water
|-damage|p1a: Eiscue|0 fnt
|faint|p1a: Eiscue
|
|-weather|Snowscape|[upkeep]
|upkeep
|
|t:|1779803999
|switch|p1a: Lokix|Lokix, F|100/100
|turn|12
|
|t:|1779804011
|switch|p2a: Weezing|Weezing-Galar, F|100/100
|-ability|p2a: Weezing|Neutralizing Gas
|move|p1a: Lokix|First Impression|p2a: Weezing
|-resisted|p2a: Weezing
|-damage|p2a: Weezing|86/100
|
|-weather|Snowscape|[upkeep]
|-heal|p2a: Weezing|92/100|[from] item: Leftovers
|upkeep
|turn|13
|inactive|wym=z has 120 seconds left.
|
|t:|1779804042
|switch|p1a: Meowscarada|Meowscarada, M|100/100
|move|p2a: Weezing|Strange Steam|p1a: Meowscarada
|-supereffective|p1a: Meowscarada
|-damage|p1a: Meowscarada|10/100
|-start|p1a: Meowscarada|confusion
|
|-weather|Snowscape|[upkeep]
|-heal|p2a: Weezing|98/100|[from] item: Leftovers
|upkeep
|turn|14
|inactive|mlec has 120 seconds left.
|
|t:|1779804091
|-activate|p1a: Meowscarada|confusion
|-damage|p1a: Meowscarada|0 fnt|[from] confusion
|faint|p1a: Meowscarada
|move|p2a: Weezing|Strange Steam|p1: Meowscarada|[notarget]
|-fail|p2a: Weezing
|
|-weather|Snowscape|[upkeep]
|-heal|p2a: Weezing|100/100|[from] item: Leftovers
|upkeep
|
|t:|1779804098
|switch|p1a: Lokix|Lokix, F|100/100
|turn|15
|inactive|mlec has 90 seconds left.
|
|t:|1779804134
|move|p1a: Lokix|Knock Off|p2a: Weezing
|-resisted|p2a: Weezing
|-damage|p2a: Weezing|72/100
|-enditem|p2a: Weezing|Leftovers|[from] move: Knock Off|[of] p1a: Lokix
|move|p2a: Weezing|Strange Steam|p1a: Lokix
|-supereffective|p1a: Lokix
|-damage|p1a: Lokix|0 fnt
|faint|p1a: Lokix
|
|-weather|Snowscape|[upkeep]
|upkeep
|
|t:|1779804143
|switch|p1a: Hatterene|Hatterene, F|66/100
|turn|16
|
|t:|1779804153
|-end|p2a: Weezing|ability: Neutralizing Gas
|switch|p2a: Slowking|Slowking-Galar, F|100/100 par
|move|p1a: Hatterene|Psyshock|p2a: Slowking
|-damage|p2a: Slowking|62/100 par
|
|-weather|none
|-heal|p1a: Hatterene|72/100|[from] item: Leftovers
|upkeep
|turn|17
|
|t:|1779804171
|move|p1a: Hatterene|Psyshock|p2a: Slowking
|-damage|p2a: Slowking|26/100 par
|move|p2a: Slowking|Sludge Bomb|p1a: Hatterene
|-supereffective|p1a: Hatterene
|-damage|p1a: Hatterene|0 fnt
|faint|p1a: Hatterene
|
|upkeep
|
|t:|1779804178
|switch|p1a: Ninetales|Ninetales-Alola, M|56/100
|-weather|Snowscape|[from] ability: Snow Warning|[of] p1a: Ninetales
|turn|18
|
|t:|1779804197
|move|p1a: Ninetales|Hex|p2a: Slowking
|-supereffective|p2a: Slowking
|-damage|p2a: Slowking|0 fnt
|faint|p2a: Slowking
|
|-weather|Snowscape|[upkeep]
|upkeep
|
|t:|1779804212
|switch|p2a: Dragapult|Dragapult, M|71/100
|turn|19
|
|t:|1779804216
|-terastallize|p2a: Dragapult|Ghost
|move|p2a: Dragapult|Flamethrower|p1a: Ninetales
|-supereffective|p1a: Ninetales
|-damage|p1a: Ninetales|0 fnt
|faint|p1a: Ninetales
|
|win|mlec
|raw|wym=z's rating: 1076 &rarr; <strong>1057</strong><br />(-19 for losing)
|raw|mlec's rating: 1109 &rarr; <strong>1132</strong><br />(+23 for winning)
|l|☆wym=z
|player|p1|
|l|☆mlec
|player|p2|
