|j|☆PieCubed^3
|j|☆owlwaystired
|t:|1779944630
|gametype|singles
|player|p1|PieCubed^3|hilda-wonderlauncher|1411
|player|p2|owlwaystired|2|1483
|gen|9
|tier|[Gen 9] OU
|rated|
|rule|HP Percentage Mod: HP is shown in percentages
|rule|Endless Battle Clause: Forcing endless battles is banned
|rule|Species Clause: Limit one of each Pokémon
|rule|OHKO Clause: OHKO moves are banned
|rule|Evasion Items Clause: Evasion items are banned
|rule|Evasion Moves Clause: Evasion moves are banned
|rule|Evasion Abilities Clause: Evasion abilities are banned
|rule|Sleep Moves Clause: Sleep-inducing moves are banned
|clearpoke
|poke|p1|Araquanid, F|
|poke|p1|Gholdengo|
|poke|p1|Kingambit, M|
|poke|p1|Raging Bolt|
|poke|p1|Keldeo-Resolute|
|poke|p1|Hoopa-Unbound|
|poke|p2|Primarina, M|
|poke|p2|Grimmsnarl, M|
|poke|p2|Lokix, M|
|poke|p2|Walking Wake|
|poke|p2|Kingambit, F|
|poke|p2|Iron Moth|
|teampreview
|inactive|Battle timer is ON: inactive players will automatically lose when time's up. (requested by owlwaystired)
|
|t:|1779944669
|teamsize|p1|6
|teamsize|p2|6
|start
|switch|p1a: QUIL|Araquanid, F|100/100
|switch|p2a: Iron Moth|Iron Moth|100/100
|-enditem|p2a: Iron Moth|Booster Energy
|-activate|p2a: Iron Moth|ability: Quark Drive|[fromitem]
|-start|p2a: Iron Moth|quarkdrivespa
|turn|1
|inactive|PieCubed^3 has 120 seconds left.
|
|t:|1779944699
|move|p2a: Iron Moth|Fiery Dance|p1a: QUIL
|-damage|p1a: QUIL|83/100
|-boost|p2a: Iron Moth|spa|1
|move|p1a: QUIL|Sticky Web|p2a: Iron Moth
|-sidestart|p2: owlwaystired|move: Sticky Web
|
|upkeep
|turn|2
|
|t:|1779944707
|-terastallize|p2a: Iron Moth|Bug
|move|p2a: Iron Moth|Discharge|p1a: QUIL
|-supereffective|p1a: QUIL
|-damage|p1a: QUIL|9/100
|move|p1a: QUIL|Surf|p2a: Iron Moth
|-damage|p2a: Iron Moth|61/100
|
|upkeep
|turn|3
|-enditem|p1a: QUIL|Custap Berry|[eat]
|-activate|p1a: QUIL|item: Custap Berry|[consumed]
|
|t:|1779944717
|move|p1a: QUIL|Endeavor|p2a: Iron Moth
|-damage|p2a: Iron Moth|10/100
|move|p2a: Iron Moth|Bug Buzz|p1a: QUIL
|-damage|p1a: QUIL|0 fnt
|faint|p1a: QUIL
|
|upkeep
|inactive|PieCubed^3 has 120 seconds left.
|
|t:|1779944742
|switch|p1a: Raging Bolt|Raging Bolt|100/100
|-enditem|p1a: Raging Bolt|Booster Energy
|-activate|p1a: Raging Bolt|ability: Protosynthesis|[fromitem]
|-start|p1a: Raging Bolt|protosynthesisspa
|turn|4
|inactive|PieCubed^3 has 120 seconds left.
|
|t:|1779944754
|move|p1a: Raging Bolt|Thunderclap|p2a: Iron Moth
|-damage|p2a: Iron Moth|0 fnt
|faint|p2a: Iron Moth
|-end|p2a: Iron Moth|Quark Drive|[silent]
|
|upkeep
|
|t:|1779944773
|switch|p2a: Grimmsnarl|Grimmsnarl, M|100/100
|-activate|p2a: Grimmsnarl|move: Sticky Web
|-unboost|p2a: Grimmsnarl|spe|1
|turn|5
|
|t:|1779944782
|move|p1a: Raging Bolt|Calm Mind|p1a: Raging Bolt
|-boost|p1a: Raging Bolt|spa|1
|-boost|p1a: Raging Bolt|spd|1
|move|p2a: Grimmsnarl|Stomping Tantrum|p1a: Raging Bolt
|-supereffective|p1a: Raging Bolt
|-damage|p1a: Raging Bolt|46/100
|
|upkeep
|turn|6
|inactive|PieCubed^3 has 120 seconds left.
|
|t:|1779944806
|move|p1a: Raging Bolt|Thunderbolt|p2a: Grimmsnarl
|-crit|p2a: Grimmsnarl
|-damage|p2a: Grimmsnarl|0 fnt
|faint|p2a: Grimmsnarl
|
|upkeep
|
|t:|1779944822
|switch|p2a: Kingambit|Kingambit, F|100/100
|-activate|p2a: Kingambit|move: Sticky Web
|-unboost|p2a: Kingambit|spe|1
|-activate|p2a: Kingambit|ability: Supreme Overlord
|-start|p2a: Kingambit|fallen2|[silent]
|turn|7
|
|t:|1779944830
|move|p1a: Raging Bolt|Thunderbolt|p2a: Kingambit
|-damage|p2a: Kingambit|10/100
|move|p2a: Kingambit|Swords Dance|p2a: Kingambit
|-boost|p2a: Kingambit|atk|2
|
|upkeep
|turn|8
|
|t:|1779944837
|move|p1a: Raging Bolt|Thunderclap|p2a: Kingambit
|-damage|p2a: Kingambit|0 fnt
|faint|p2a: Kingambit
|-end|p2a: Kingambit|fallen2|[silent]
|
|upkeep
|
|t:|1779944851
|switch|p2a: Walking Wake|Walking Wake|100/100
|-activate|p2a: Walking Wake|move: Sticky Web
|-unboost|p2a: Walking Wake|spe|1
|-enditem|p2a: Walking Wake|Booster Energy
|-activate|p2a: Walking Wake|ability: Protosynthesis|[fromitem]
|-start|p2a: Walking Wake|protosynthesisatk
|turn|9
|
|t:|1779944875
|move|p1a: Raging Bolt|Dragon Pulse|p2a: Walking Wake
|-supereffective|p2a: Walking Wake
|-damage|p2a: Walking Wake|0 fnt
|faint|p2a: Walking Wake
|-end|p2a: Walking Wake|Protosynthesis|[silent]
|
|upkeep
|
|t:|1779944881
|switch|p2a: Lokix|Lokix, M|100/100
|-activate|p2a: Lokix|move: Sticky Web
|-unboost|p2a: Lokix|spe|1
|turn|10
|
|t:|1779944885
|move|p2a: Lokix|Sucker Punch|p1a: Raging Bolt
|-damage|p1a: Raging Bolt|15/100
|move|p1a: Raging Bolt|Thunderbolt|p2a: Lokix
|-damage|p2a: Lokix|0 fnt
|faint|p2a: Lokix
|
|upkeep
|
|t:|1779944890
|switch|p2a: Primarina|Primarina, M|100/100
|-activate|p2a: Primarina|move: Sticky Web
|-unboost|p2a: Primarina|spe|1
|turn|11
|c|☆PieCubed^3|gee gee
|
|t:|1779944894
|move|p1a: Raging Bolt|Thunderbolt|p2a: Primarina
|-supereffective|p2a: Primarina
|-damage|p2a: Primarina|0 fnt
|faint|p2a: Primarina
|
|win|PieCubed^3
|raw|PieCubed^3's rating: 1411 &rarr; <strong>1435</strong><br />(+24 for winning)
|raw|owlwaystired's rating: 1483 &rarr; <strong>1459</strong><br />(-24 for losing)
|l|☆owlwaystired
|player|p2|
|l|☆PieCubed^3
|player|p1|
