|j|☆Carlyle73
|j|☆FitzyLegend
|t:|1779950007
|gametype|singles
|player|p1|Carlyle73|benga|1244
|player|p2|FitzyLegend|hilbert|1353
|gen|9
|tier|[Gen 9] OU
|rated|
|rule|HP Percentage Mod: HP is shown in percentages
|rule|Endless Battle Clause: Forcing endless battles is banned
|rule|Species Clause: Limit one of each Pokémon
|rule|OHKO Clause: OHKO moves are banned
|rule|Evasion Items Clause: Evasion items are banned
|rule|Evasion Moves Clause: Evasion moves are banned
|rule|Evasion Abilities Clause: Evasion abilities are banned
|rule|Sleep Moves Clause: Sleep-inducing moves are banned
|clearpoke
|poke|p1|Glimmora, M|
|poke|p1|Garganacl, M|
|poke|p1|Rhyperior, M|
|poke|p1|Gholdengo|
|poke|p1|Goodra-Hisui, M|
|poke|p1|Skeledirge, M|
|poke|p2|Hawlucha, M|
|poke|p2|Maushold-Four|
|poke|p2|Iron Valiant|
|poke|p2|Samurott-Hisui, M|
|poke|p2|Serperior, M|
|poke|p2|Gliscor, M|
|teampreview
|inactive|Battle timer is ON: inactive players will automatically lose when time's up. (requested by FitzyLegend)
|
|t:|1779950023
|teamsize|p1|6
|teamsize|p2|6
|start
|switch|p1a: Gholdengo|Gholdengo|100/100
|switch|p2a: Samurott|Samurott-Hisui, M|100/100
|turn|1
|
|t:|1779950030
|move|p1a: Gholdengo|Focus Blast|p2a: Samurott|[miss]
|-miss|p1a: Gholdengo|p2a: Samurott
|move|p2a: Samurott|Ceaseless Edge|p1a: Gholdengo
|-supereffective|p1a: Gholdengo
|-damage|p1a: Gholdengo|0 fnt
|-sidestart|p1: Carlyle73|Spikes
|faint|p1a: Gholdengo
|
|upkeep
|
|t:|1779950035
|switch|p1a: Goodra|Goodra-Hisui, M|100/100
|-damage|p1a: Goodra|88/100|[from] Spikes
|turn|2
|c|☆FitzyLegend|Unlucky bro
|
|t:|1779950047
|move|p2a: Samurott|Ceaseless Edge|p1a: Goodra
|-damage|p1a: Goodra|48/100
|-ability|p1a: Goodra|Gooey
|-unboost|p2a: Samurott|spe|1
|-sidestart|p1: Carlyle73|Spikes
|move|p1a: Goodra|Thunderbolt|p2a: Samurott
|-supereffective|p2a: Samurott
|-damage|p2a: Samurott|9/100
|
|upkeep
|turn|3
|
|t:|1779950072
|switch|p2a: Gliscor|Gliscor, M|100/100
|move|p1a: Goodra|Flash Cannon|p2a: Gliscor
|-damage|p2a: Gliscor|67/100
|
|-status|p2a: Gliscor|tox|[from] item: Toxic Orb
|upkeep
|turn|4
|
|t:|1779950082
|move|p2a: Gliscor|Swords Dance|p2a: Gliscor
|-boost|p2a: Gliscor|atk|2
|move|p1a: Goodra|Draco Meteor|p2a: Gliscor
|-damage|p2a: Gliscor|11/100 tox
|-unboost|p1a: Goodra|spa|2
|
|-heal|p2a: Gliscor|23/100 tox|[from] ability: Poison Heal
|upkeep
|turn|5
|
|t:|1779950100
|move|p2a: Gliscor|Earthquake|p1a: Goodra
|-supereffective|p1a: Goodra
|-damage|p1a: Goodra|0 fnt
|faint|p1a: Goodra
|
|-heal|p2a: Gliscor|36/100 tox|[from] ability: Poison Heal
|upkeep
|
|t:|1779950114
|switch|p1a: Skeledirge|Skeledirge, M|100/100
|turn|6
|
|t:|1779950124
|move|p2a: Gliscor|Protect|p2a: Gliscor
|-singleturn|p2a: Gliscor|Protect
|move|p1a: Skeledirge|Torch Song|p2a: Gliscor
|-activate|p2a: Gliscor|move: Protect
|
|-heal|p2a: Gliscor|48/100 tox|[from] ability: Poison Heal
|upkeep
|turn|7
|
|t:|1779950140
|move|p2a: Gliscor|Earthquake|p1a: Skeledirge
|-supereffective|p1a: Skeledirge
|-damage|p1a: Skeledirge|64/100
|move|p1a: Skeledirge|Torch Song|p2a: Gliscor
|-damage|p2a: Gliscor|24/100 tox
|-boost|p1a: Skeledirge|spa|1
|
|-heal|p2a: Gliscor|37/100 tox|[from] ability: Poison Heal
|upkeep
|turn|8
|
|t:|1779950150
|move|p2a: Gliscor|Protect|p2a: Gliscor
|-singleturn|p2a: Gliscor|Protect
|move|p1a: Skeledirge|Torch Song|p2a: Gliscor
|-activate|p2a: Gliscor|move: Protect
|
|-heal|p2a: Gliscor|49/100 tox|[from] ability: Poison Heal
|upkeep
|turn|9
|
|t:|1779950159
|move|p2a: Gliscor|Swords Dance|p2a: Gliscor
|-boost|p2a: Gliscor|atk|2
|move|p1a: Skeledirge|Torch Song|p2a: Gliscor
|-damage|p2a: Gliscor|14/100 tox
|-boost|p1a: Skeledirge|spa|1
|
|-heal|p2a: Gliscor|27/100 tox|[from] ability: Poison Heal
|upkeep
|turn|10
|
|t:|1779950170
|move|p2a: Gliscor|Protect|p2a: Gliscor
|-singleturn|p2a: Gliscor|Protect
|move|p1a: Skeledirge|Slack Off|p1a: Skeledirge
|-heal|p1a: Skeledirge|100/100
|
|-heal|p2a: Gliscor|39/100 tox|[from] ability: Poison Heal
|upkeep
|turn|11
|
|t:|1779950179
|move|p2a: Gliscor|Earthquake|p1a: Skeledirge
|-supereffective|p1a: Skeledirge
|-damage|p1a: Skeledirge|64/100
|move|p1a: Skeledirge|Torch Song|p2a: Gliscor
|-damage|p2a: Gliscor|0 fnt
|-boost|p1a: Skeledirge|spa|1
|faint|p2a: Gliscor
|
|upkeep
|
|t:|1779950189
|switch|p2a: Samurott|Samurott-Hisui, M|9/100
|turn|12
|
|t:|1779950193
|move|p2a: Samurott|Ceaseless Edge|p1a: Skeledirge
|-supereffective|p1a: Skeledirge
|-damage|p1a: Skeledirge|9/100
|-sidestart|p1: Carlyle73|Spikes
|move|p1a: Skeledirge|Torch Song|p2a: Samurott
|-resisted|p2a: Samurott
|-damage|p2a: Samurott|0 fnt
|-boost|p1a: Skeledirge|spa|1
|faint|p2a: Samurott
|
|upkeep
|
|t:|1779950207
|switch|p2a: Iron Valiant|Iron Valiant|100/100
|-enditem|p2a: Iron Valiant|Booster Energy
|-activate|p2a: Iron Valiant|ability: Quark Drive|[fromitem]
|-start|p2a: Iron Valiant|quarkdrivespe
|turn|13
|
|t:|1779950215
|move|p2a: Iron Valiant|Knock Off|p1a: Skeledirge
|-supereffective|p1a: Skeledirge
|-damage|p1a: Skeledirge|0 fnt
|-enditem|p1a: Skeledirge|Heavy-Duty Boots|[from] move: Knock Off|[of] p2a: Iron Valiant
|faint|p1a: Skeledirge
|
|upkeep
|
|t:|1779950221
|switch|p1a: Glimmora|Glimmora, M|100/100
|-damage|p1a: Glimmora|75/100|[from] Spikes
|turn|14
|
|t:|1779950235
|move|p2a: Iron Valiant|Knock Off|p1a: Glimmora
|-damage|p1a: Glimmora|39/100
|-activate|p1a: Glimmora|ability: Toxic Debris
|-sidestart|p2: FitzyLegend|move: Toxic Spikes
|-enditem|p1a: Glimmora|Focus Sash|[from] move: Knock Off|[of] p2a: Iron Valiant
|move|p1a: Glimmora|Mortal Spin|p2a: Iron Valiant
|-supereffective|p2a: Iron Valiant
|-damage|p2a: Iron Valiant|84/100
|-status|p2a: Iron Valiant|psn
|-sideend|p1: Carlyle73|Spikes|[from] move: Mortal Spin|[of] p1a: Glimmora
|
|-damage|p2a: Iron Valiant|71/100 psn|[from] psn
|upkeep
|turn|15
|
|t:|1779950265
|move|p2a: Iron Valiant|Moonblast|p1a: Glimmora
|-resisted|p1a: Glimmora
|-damage|p1a: Glimmora|6/100
|-unboost|p1a: Glimmora|spa|1
|move|p1a: Glimmora|Mud Shot|p2a: Iron Valiant
|-damage|p2a: Iron Valiant|45/100 psn
|-unboost|p2a: Iron Valiant|spe|1
|
|-damage|p2a: Iron Valiant|32/100 psn|[from] psn
|upkeep
|turn|16
|
|t:|1779950278
|move|p2a: Iron Valiant|Moonblast|p1a: Glimmora
|-resisted|p1a: Glimmora
|-damage|p1a: Glimmora|0 fnt
|faint|p1a: Glimmora
|
|-damage|p2a: Iron Valiant|20/100 psn|[from] psn
|upkeep
|
|t:|1779950286
|switch|p1a: Rhyperior|Rhyperior, M|100/100
|turn|17
|
|t:|1779950292
|-terastallize|p1a: Rhyperior|Electric
|move|p2a: Iron Valiant|Close Combat|p1a: Rhyperior
|-damage|p1a: Rhyperior|64/100
|-unboost|p2a: Iron Valiant|def|1
|-unboost|p2a: Iron Valiant|spd|1
|move|p1a: Rhyperior|Rock Polish|p1a: Rhyperior
|-boost|p1a: Rhyperior|spe|2
|
|-damage|p2a: Iron Valiant|7/100 psn|[from] psn
|upkeep
|turn|18
|
|t:|1779950304
|move|p2a: Iron Valiant|Encore|p1a: Rhyperior
|-start|p1a: Rhyperior|Encore
|move|p1a: Rhyperior|Rock Polish|p1a: Rhyperior
|-boost|p1a: Rhyperior|spe|2
|
|-damage|p2a: Iron Valiant|0 fnt|[from] psn
|faint|p2a: Iron Valiant
|-end|p2a: Iron Valiant|Quark Drive|[silent]
|upkeep
|
|t:|1779950324
|switch|p2a: Maushold|Maushold-Four|100/100
|-status|p2a: Maushold|psn
|turn|19
|
|t:|1779950340
|switch|p1a: Garganacl|Garganacl, M|100/100
|move|p2a: Maushold|Population Bomb|p1a: Garganacl
|-resisted|p1a: Garganacl
|-damage|p1a: Garganacl|97/100
|-resisted|p1a: Garganacl
|-damage|p1a: Garganacl|93/100
|-resisted|p1a: Garganacl
|-damage|p1a: Garganacl|90/100
|-resisted|p1a: Garganacl
|-damage|p1a: Garganacl|86/100
|-resisted|p1a: Garganacl
|-damage|p1a: Garganacl|83/100
|-resisted|p1a: Garganacl
|-damage|p1a: Garganacl|79/100
|-resisted|p1a: Garganacl
|-damage|p1a: Garganacl|76/100
|-resisted|p1a: Garganacl
|-damage|p1a: Garganacl|73/100
|-resisted|p1a: Garganacl
|-damage|p1a: Garganacl|69/100
|-resisted|p1a: Garganacl
|-damage|p1a: Garganacl|65/100
|-hitcount|p1a: Garganacl|10
|
|-heal|p1a: Garganacl|71/100|[from] item: Leftovers
|-damage|p2a: Maushold|88/100 psn|[from] psn
|upkeep
|turn|20
|inactive|FitzyLegend has 120 seconds left.
|
|t:|1779950364
|move|p2a: Maushold|Tidy Up|p2a: Maushold
|-sideend|p2: FitzyLegend|Toxic Spikes
|-activate|p2a: Maushold|move: Tidy Up
|-boost|p2a: Maushold|atk|1
|-boost|p2a: Maushold|spe|1
|move|p1a: Garganacl|Body Press|p2a: Maushold
|-supereffective|p2a: Maushold
|-damage|p2a: Maushold|8/100 psn
|
|-heal|p1a: Garganacl|77/100|[from] item: Leftovers
|-damage|p2a: Maushold|0 fnt|[from] psn
|faint|p2a: Maushold
|upkeep
|
|t:|1779950377
|switch|p2a: Serperior|Serperior, M|100/100
|turn|21
|
|t:|1779950391
|move|p2a: Serperior|Substitute|p2a: Serperior
|-start|p2a: Serperior|Substitute
|-damage|p2a: Serperior|75/100
|move|p1a: Garganacl|Salt Cure|p2a: Serperior
|-crit|p2a: Serperior
|-end|p2a: Serperior|Substitute
|
|-heal|p2a: Serperior|82/100|[from] item: Leftovers
|-heal|p1a: Garganacl|84/100|[from] item: Leftovers
|upkeep
|turn|22
|
|t:|1779950404
|move|p2a: Serperior|Leaf Storm|p1a: Garganacl
|-supereffective|p1a: Garganacl
|-damage|p1a: Garganacl|12/100
|-boost|p2a: Serperior|spa|2
|move|p1a: Garganacl|Salt Cure|p2a: Serperior
|-damage|p2a: Serperior|64/100
|-start|p2a: Serperior|Salt Cure
|
|-heal|p2a: Serperior|70/100|[from] item: Leftovers
|-heal|p1a: Garganacl|18/100|[from] item: Leftovers
|-damage|p2a: Serperior|58/100|[from] Salt Cure
|upkeep
|turn|23
|-message|Carlyle73 forfeited.
|
|win|FitzyLegend
|raw|Carlyle73's rating: 1244 &rarr; <strong>1227</strong><br />(-17 for losing)
|raw|FitzyLegend's rating: 1353 &rarr; <strong>1367</strong><br />(+14 for winning)
|l|☆Carlyle73
|player|p1|
|l|☆FitzyLegend
|player|p2|
