|j|☆karothis
|j|☆Exilos
|t:|1779872523
|gametype|singles
|player|p1|karothis|101|1328
|player|p2|Exilos|jacinthe|1358
|gen|9
|tier|[Gen 9] OU
|rated|
|rule|HP Percentage Mod: HP is shown in percentages
|rule|Endless Battle Clause: Forcing endless battles is banned
|rule|Species Clause: Limit one of each Pokémon
|rule|OHKO Clause: OHKO moves are banned
|rule|Evasion Items Clause: Evasion items are banned
|rule|Evasion Moves Clause: Evasion moves are banned
|rule|Evasion Abilities Clause: Evasion abilities are banned
|rule|Sleep Moves Clause: Sleep-inducing moves are banned
|clearpoke
|poke|p1|Quagsire, M|
|poke|p1|Toxapex, M|
|poke|p1|Blissey, F|
|poke|p1|Corviknight, F|
|poke|p1|Clefable, M|
|poke|p1|Hydrapple, F|
|poke|p2|Garchomp, M|
|poke|p2|Darkrai|
|poke|p2|Conkeldurr, M|
|poke|p2|Garganacl, M|
|poke|p2|Pecharunt|
|poke|p2|Moltres|
|teampreview
|inactive|Battle timer is ON: inactive players will automatically lose when time's up. (requested by Exilos)
|
|t:|1779872537
|teamsize|p1|6
|teamsize|p2|6
|start
|switch|p1a: Hydrapple|Hydrapple, F|100/100
|switch|p2a: Moltres|Moltres|100/100
|turn|1
|
|t:|1779872562
|move|p1a: Hydrapple|Draco Meteor|p2a: Moltres
|-damage|p2a: Moltres|0 fnt
|-unboost|p1a: Hydrapple|spa|2
|faint|p2a: Moltres
|
|upkeep
|
|t:|1779872573
|switch|p2a: Pecharunt|Pecharunt|100/100
|turn|2
|
|t:|1779872582
|switch|p1a: Corviknight|Corviknight, F|100/100
|move|p2a: Pecharunt|Malignant Chain|p1a: Corviknight
|-immune|p1a: Corviknight
|
|upkeep
|turn|3
|
|t:|1779872591
|move|p2a: Pecharunt|Parting Shot|p1a: Corviknight
|-ability|p1a: Corviknight|Mirror Armor
|-unboost|p2a: Pecharunt|atk|1
|-ability|p1a: Corviknight|Mirror Armor
|-unboost|p2a: Pecharunt|spa|1
|
|t:|1779872594
|switch|p2a: Garchomp|Garchomp, M|100/100|[from] Parting Shot
|move|p1a: Corviknight|Brave Bird|p2a: Garchomp
|-damage|p2a: Garchomp|78/100
|-damage|p1a: Corviknight|88/100|[from] ability: Rough Skin|[of] p2a: Garchomp
|-damage|p1a: Corviknight|72/100|[from] item: Rocky Helmet|[of] p2a: Garchomp
|-damage|p1a: Corviknight|64/100|[from] Recoil
|
|upkeep
|turn|4
|
|t:|1779872604
|move|p2a: Garchomp|Spikes|p1a: Corviknight
|-sidestart|p1: karothis|Spikes
|move|p1a: Corviknight|Roost|p1a: Corviknight
|-heal|p1a: Corviknight|100/100
|-singleturn|p1a: Corviknight|move: Roost
|
|upkeep
|turn|5
|
|t:|1779872612
|move|p2a: Garchomp|Spikes|p1a: Corviknight
|-sidestart|p1: karothis|Spikes
|move|p1a: Corviknight|Defog|p2a: Garchomp
|-unboost|p2a: Garchomp|evasion|1
|-sideend|p1: karothis|Spikes|[from] move: Defog|[of] p1a: Corviknight
|
|upkeep
|turn|6
|
|t:|1779872616
|switch|p1a: Quagsire|Quagsire, M|100/100
|move|p2a: Garchomp|Spikes|p1a: Quagsire
|-sidestart|p1: karothis|Spikes
|
|upkeep
|turn|7
|
|t:|1779872618
|move|p2a: Garchomp|Spikes|p1a: Quagsire
|-sidestart|p1: karothis|Spikes
|move|p1a: Quagsire|Toxic|p2a: Garchomp
|-status|p2a: Garchomp|tox
|
|-damage|p2a: Garchomp|72/100 tox|[from] psn
|upkeep
|turn|8
|
|t:|1779872626
|switch|p2a: Garganacl|Garganacl, M|100/100
|switch|p1a: Corviknight|Corviknight, F|100/100
|
|upkeep
|turn|9
|
|t:|1779872630
|move|p1a: Corviknight|Defog|p2a: Garganacl
|-unboost|p2a: Garganacl|evasion|1
|-sideend|p1: karothis|Spikes|[from] move: Defog|[of] p1a: Corviknight
|move|p2a: Garganacl|Salt Cure|p1a: Corviknight
|-damage|p1a: Corviknight|91/100
|-start|p1a: Corviknight|Salt Cure
|
|-damage|p1a: Corviknight|67/100|[from] Salt Cure
|upkeep
|turn|10
|
|t:|1779872632
|move|p1a: Corviknight|Roost|p1a: Corviknight
|-heal|p1a: Corviknight|100/100
|-singleturn|p1a: Corviknight|move: Roost
|move|p2a: Garganacl|Stealth Rock|p1a: Corviknight
|-sidestart|p1: karothis|move: Stealth Rock
|
|-damage|p1a: Corviknight|76/100|[from] Salt Cure
|upkeep
|turn|11
|
|t:|1779872636
|switch|p1a: Toxapex|Toxapex, M|100/100
|-damage|p1a: Toxapex|88/100|[from] Stealth Rock
|move|p2a: Garganacl|Salt Cure|p1a: Toxapex
|-damage|p1a: Toxapex|77/100
|-start|p1a: Toxapex|Salt Cure
|
|-heal|p1a: Toxapex|83/100|[from] item: Black Sludge
|-damage|p1a: Toxapex|58/100|[from] Salt Cure
|upkeep
|turn|12
|
|t:|1779872646
|switch|p1a: Hydrapple|Hydrapple, F|100/100
|-damage|p1a: Hydrapple|88/100|[from] Stealth Rock
|move|p2a: Garganacl|Protect||[still]
|-fail|p2a: Garganacl
|
|upkeep
|turn|13
|
|t:|1779872657
|move|p1a: Hydrapple|Earth Power|p2a: Garganacl
|-supereffective|p2a: Garganacl
|-damage|p2a: Garganacl|36/100
|move|p2a: Garganacl|Salt Cure|p1a: Hydrapple
|-damage|p1a: Hydrapple|78/100
|-start|p1a: Hydrapple|Salt Cure
|
|-heal|p2a: Garganacl|42/100|[from] item: Leftovers
|-damage|p1a: Hydrapple|66/100|[from] Salt Cure
|upkeep
|turn|14
|
|t:|1779872665
|move|p1a: Hydrapple|Earth Power|p2a: Garganacl
|-supereffective|p2a: Garganacl
|-damage|p2a: Garganacl|0 fnt
|faint|p2a: Garganacl
|
|-damage|p1a: Hydrapple|53/100|[from] Salt Cure
|upkeep
|
|t:|1779872670
|switch|p2a: Garchomp|Garchomp, M|72/100 tox
|turn|15
|
|t:|1779872676
|switch|p2a: Darkrai|Darkrai|100/100
|switch|p1a: Corviknight|Corviknight, F|76/100
|
|upkeep
|turn|16
|
|t:|1779872681
|move|p2a: Darkrai|Dark Pulse|p1a: Corviknight
|-crit|p1a: Corviknight
|-damage|p1a: Corviknight|0 fnt
|faint|p1a: Corviknight
|
|upkeep
|
|t:|1779872699
|switch|p1a: Clefable|Clefable, M|100/100
|-damage|p1a: Clefable|88/100|[from] Stealth Rock
|turn|17
|
|t:|1779872703
|switch|p2a: Pecharunt|Pecharunt|100/100
|move|p1a: Clefable|Moonblast|p2a: Pecharunt
|-resisted|p2a: Pecharunt
|-damage|p2a: Pecharunt|83/100
|
|-heal|p1a: Clefable|94/100|[from] item: Leftovers
|upkeep
|turn|18
|
|t:|1779872710
|switch|p1a: Toxapex|Toxapex, M|92/100
|-damage|p1a: Toxapex|79/100|[from] Stealth Rock
|move|p2a: Pecharunt|Malignant Chain|p1a: Toxapex
|-resisted|p1a: Toxapex
|-damage|p1a: Toxapex|68/100
|
|-heal|p1a: Toxapex|74/100|[from] item: Black Sludge
|upkeep
|turn|19
|
|t:|1779872718
|move|p2a: Pecharunt|Parting Shot|p1a: Toxapex
|-unboost|p1a: Toxapex|atk|1
|-unboost|p1a: Toxapex|spa|1
|
|t:|1779872720
|switch|p2a: Garchomp|Garchomp, M|72/100 tox|[from] Parting Shot
|move|p1a: Toxapex|Body Slam|p2a: Garchomp
|-damage|p2a: Garchomp|66/100 tox
|-damage|p1a: Toxapex|61/100|[from] ability: Rough Skin|[of] p2a: Garchomp
|-damage|p1a: Toxapex|45/100|[from] item: Rocky Helmet|[of] p2a: Garchomp
|
|-heal|p1a: Toxapex|51/100|[from] item: Black Sludge
|-damage|p2a: Garchomp|60/100 tox|[from] psn
|upkeep
|turn|20
|
|t:|1779872730
|switch|p1a: Hydrapple|Hydrapple, F|87/100
|-damage|p1a: Hydrapple|74/100|[from] Stealth Rock
|move|p2a: Garchomp|Spikes|p1a: Hydrapple
|-sidestart|p1: karothis|Spikes
|
|-damage|p2a: Garchomp|48/100 tox|[from] psn
|upkeep
|turn|21
|
|t:|1779872740
|switch|p2a: Pecharunt|Pecharunt|83/100
|-terastallize|p1a: Hydrapple|Steel
|move|p1a: Hydrapple|Earth Power|p2a: Pecharunt
|-supereffective|p2a: Pecharunt
|-damage|p2a: Pecharunt|0 fnt
|faint|p2a: Pecharunt
|
|upkeep
|
|t:|1779872748
|switch|p2a: Conkeldurr|Conkeldurr, M|100/100
|turn|22
|
|t:|1779872753
|switch|p1a: Clefable|Clefable, M|94/100
|-damage|p1a: Clefable|82/100|[from] Stealth Rock
|-damage|p1a: Clefable|69/100|[from] Spikes
|move|p2a: Conkeldurr|Knock Off|p1a: Clefable
|-resisted|p1a: Clefable
|-crit|p1a: Clefable
|-damage|p1a: Clefable|38/100
|-enditem|p1a: Clefable|Leftovers|[from] move: Knock Off|[of] p2a: Conkeldurr
|
|-status|p2a: Conkeldurr|brn|[from] item: Flame Orb
|upkeep
|turn|23
|
|t:|1779872758
|move|p1a: Clefable|Moonlight|p1a: Clefable
|-heal|p1a: Clefable|88/100
|move|p2a: Conkeldurr|Facade|p1a: Clefable
|-damage|p1a: Clefable|1/100
|
|-damage|p2a: Conkeldurr|94/100 brn|[from] brn
|upkeep
|turn|24
|
|t:|1779872762
|move|p2a: Conkeldurr|Mach Punch|p1a: Clefable
|-resisted|p1a: Clefable
|-damage|p1a: Clefable|0 fnt
|faint|p1a: Clefable
|
|-damage|p2a: Conkeldurr|88/100 brn|[from] brn
|upkeep
|
|t:|1779872769
|switch|p1a: Toxapex|Toxapex, M|84/100
|-damage|p1a: Toxapex|72/100|[from] Stealth Rock
|-damage|p1a: Toxapex|59/100|[from] Spikes
|turn|25
|
|t:|1779872777
|-terastallize|p2a: Conkeldurr|Normal
|move|p2a: Conkeldurr|Facade|p1a: Toxapex
|-damage|p1a: Toxapex|0 fnt
|faint|p1a: Toxapex
|
|-damage|p2a: Conkeldurr|82/100 brn|[from] brn
|upkeep
|
|t:|1779872786
|switch|p1a: Quagsire|Quagsire, M|100/100
|-damage|p1a: Quagsire|94/100|[from] Stealth Rock
|-damage|p1a: Quagsire|82/100|[from] Spikes
|turn|26
|
|t:|1779872790
|move|p2a: Conkeldurr|Facade|p1a: Quagsire
|-damage|p1a: Quagsire|0 fnt
|faint|p1a: Quagsire
|
|-damage|p2a: Conkeldurr|75/100 brn|[from] brn
|upkeep
|
|t:|1779872792
|switch|p1a: Hydrapple|Hydrapple, F, tera:Steel|100/100
|-damage|p1a: Hydrapple|94/100|[from] Stealth Rock
|-damage|p1a: Hydrapple|82/100|[from] Spikes
|turn|27
|
|t:|1779872802
|move|p2a: Conkeldurr|Drain Punch|p1a: Hydrapple
|-supereffective|p1a: Hydrapple
|-damage|p1a: Hydrapple|0 fnt
|-heal|p2a: Conkeldurr|100/100 brn|[from] drain|[of] p1a: Hydrapple
|faint|p1a: Hydrapple
|
|-damage|p2a: Conkeldurr|94/100 brn|[from] brn
|upkeep
|-message|karothis forfeited.
|
|win|Exilos
|raw|karothis's rating: 1328 &rarr; <strong>1310</strong><br />(-18 for losing)
|raw|Exilos's rating: 1358 &rarr; <strong>1376</strong><br />(+18 for winning)
|l|☆karothis
|player|p1|
|l|☆Exilos
|player|p2|
