|j|☆diamondthebody
|j|☆ikthoizzykil
|t:|1779964356
|gametype|singles
|player|p1|diamondthebody|olivia|1383
|player|p2|ikthoizzykil|pokemaniac-gen3rs|1310
|gen|9
|tier|[Gen 9] OU
|rated|
|rule|HP Percentage Mod: HP is shown in percentages
|rule|Endless Battle Clause: Forcing endless battles is banned
|rule|Species Clause: Limit one of each Pokémon
|rule|OHKO Clause: OHKO moves are banned
|rule|Evasion Items Clause: Evasion items are banned
|rule|Evasion Moves Clause: Evasion moves are banned
|rule|Evasion Abilities Clause: Evasion abilities are banned
|rule|Sleep Moves Clause: Sleep-inducing moves are banned
|clearpoke
|poke|p1|Indeedee, M|
|poke|p1|Hatterene, F|
|poke|p1|Hawlucha, F|
|poke|p1|Deoxys-Speed|
|poke|p1|Ceruledge, F|
|poke|p1|Maushold|
|poke|p2|Rillaboom, M|
|poke|p2|Braviary, M|
|poke|p2|Great Tusk|
|poke|p2|Darkrai|
|poke|p2|Primarina, F|
|poke|p2|Dragonite, F|
|teampreview
|inactive|Battle timer is ON: inactive players will automatically lose when time's up. (requested by ikthoizzykil)
|
|t:|1779964362
|teamsize|p1|6
|teamsize|p2|6
|start
|switch|p1a: Indeedee|Indeedee, M|100/100
|switch|p2a: Braviary|Braviary, M|100/100
|-fieldstart|move: Psychic Terrain|[from] ability: Psychic Surge|[of] p1a: Indeedee
|turn|1
|
|t:|1779964371
|switch|p2a: Rillaboom|Rillaboom, M|100/100
|-fieldstart|move: Grassy Terrain|[from] ability: Grassy Surge|[of] p2a: Rillaboom
|move|p1a: Indeedee|Expanding Force|p2a: Rillaboom
|-damage|p2a: Rillaboom|64/100
|
|-heal|p2a: Rillaboom|70/100|[from] Grassy Terrain
|upkeep
|turn|2
|
|t:|1779964379
|switch|p1a: Hatterene|Hatterene, F|100/100
|move|p2a: Rillaboom|Knock Off|p1a: Hatterene
|-damage|p1a: Hatterene|55/100
|-enditem|p1a: Hatterene|Eject Button|[from] move: Knock Off|[of] p2a: Rillaboom
|
|-heal|p2a: Rillaboom|76/100|[from] Grassy Terrain
|-heal|p1a: Hatterene|61/100|[from] Grassy Terrain
|upkeep
|turn|3
|
|t:|1779964387
|switch|p2a: Great Tusk|Great Tusk|100/100
|move|p1a: Hatterene|Nuzzle|p2a: Great Tusk
|-immune|p2a: Great Tusk
|
|-heal|p1a: Hatterene|67/100|[from] Grassy Terrain
|upkeep
|turn|4
|
|t:|1779964394
|move|p2a: Great Tusk|Headlong Rush|p1a: Hatterene
|-damage|p1a: Hatterene|5/100
|-unboost|p2a: Great Tusk|def|1
|-unboost|p2a: Great Tusk|spd|1
|move|p1a: Hatterene|Psychic Noise|p2a: Great Tusk
|-supereffective|p2a: Great Tusk
|-damage|p2a: Great Tusk|0 fnt
|faint|p2a: Great Tusk
|-end|p2a: Great Tusk|Protosynthesis|[silent]
|
|-heal|p1a: Hatterene|11/100|[from] Grassy Terrain
|upkeep
|
|t:|1779964405
|switch|p2a: Rillaboom|Rillaboom, M|76/100
|turn|5
|
|t:|1779964408
|move|p2a: Rillaboom|U-turn|p1a: Hatterene
|-damage|p1a: Hatterene|0 fnt
|faint|p1a: Hatterene
|
|t:|1779964418
|switch|p2a: Darkrai|Darkrai|100/100|[from] U-turn
|
|-fieldend|move: Grassy Terrain
|upkeep
|
|t:|1779964429
|switch|p1a: Indeedee|Indeedee, M|100/100
|-fieldstart|move: Psychic Terrain|[from] ability: Psychic Surge|[of] p1a: Indeedee
|turn|6
|
|t:|1779964439
|switch|p2a: Rillaboom|Rillaboom, M|76/100
|-fieldstart|move: Grassy Terrain|[from] ability: Grassy Surge|[of] p2a: Rillaboom
|switch|p1a: Hawlucha|Hawlucha, F|100/100
|
|-heal|p2a: Rillaboom|83/100|[from] Grassy Terrain
|upkeep
|turn|7
|
|t:|1779964447
|switch|p2a: Dragonite|Dragonite, F|100/100
|move|p1a: Hawlucha|Acrobatics|p2a: Dragonite
|-damage|p2a: Dragonite|87/100
|
|upkeep
|turn|8
|
|t:|1779964452
|move|p1a: Hawlucha|Taunt|p2a: Dragonite
|-start|p2a: Dragonite|move: Taunt
|cant|p2a: Dragonite|move: Taunt|Dragon Dance
|
|upkeep
|turn|9
|
|t:|1779964458
|switch|p1a: Indeedee|Indeedee, M|100/100
|-fieldstart|move: Psychic Terrain|[from] ability: Psychic Surge|[of] p1a: Indeedee
|move|p2a: Dragonite|Scale Shot|p1a: Indeedee
|-damage|p1a: Indeedee|81/100
|-damage|p1a: Indeedee|61/100
|-damage|p1a: Indeedee|42/100
|-damage|p1a: Indeedee|23/100
|-damage|p1a: Indeedee|2/100
|-hitcount|p1a: Indeedee|5
|-unboost|p2a: Dragonite|def|1
|-boost|p2a: Dragonite|spe|1
|
|upkeep
|turn|10
|
|t:|1779964472
|switch|p1a: Hawlucha|Hawlucha, F|100/100
|-enditem|p1a: Hawlucha|Psychic Seed
|-boost|p1a: Hawlucha|spd|1|[from] item: Psychic Seed
|move|p2a: Dragonite|Scale Shot|p1a: Hawlucha
|-damage|p1a: Hawlucha|83/100
|-damage|p1a: Hawlucha|66/100
|-damage|p1a: Hawlucha|48/100
|-damage|p1a: Hawlucha|29/100
|-damage|p1a: Hawlucha|13/100
|-hitcount|p1a: Hawlucha|5
|-unboost|p2a: Dragonite|def|1
|-boost|p2a: Dragonite|spe|1
|
|-end|p2a: Dragonite|move: Taunt
|upkeep
|turn|11
|inactive|ikthoizzykil has 120 seconds left.
|
|t:|1779964515
|-terastallize|p1a: Hawlucha|Electric
|move|p1a: Hawlucha|Acrobatics|p2a: Dragonite
|-damage|p2a: Dragonite|0 fnt
|faint|p2a: Dragonite
|
|upkeep
|
|t:|1779964521
|switch|p2a: Rillaboom|Rillaboom, M|83/100
|-fieldstart|move: Grassy Terrain|[from] ability: Grassy Surge|[of] p2a: Rillaboom
|turn|12
|
|t:|1779964527
|move|p2a: Rillaboom|Grassy Glide|p1a: Hawlucha
|-damage|p1a: Hawlucha|0 fnt
|faint|p1a: Hawlucha
|
|-heal|p2a: Rillaboom|89/100|[from] Grassy Terrain
|upkeep
|
|t:|1779964531
|switch|p1a: Indeedee|Indeedee, M|2/100
|-fieldstart|move: Psychic Terrain|[from] ability: Psychic Surge|[of] p1a: Indeedee
|turn|13
|
|t:|1779964537
|switch|p2a: Darkrai|Darkrai|100/100
|move|p1a: Indeedee|Healing Wish|p1a: Indeedee
|faint|p1a: Indeedee
|
|upkeep
|
|t:|1779964544
|switch|p1a: Deoxys|Deoxys-Speed|100/100
|-ability|p1a: Deoxys|Pressure
|turn|14
|
|t:|1779964548
|switch|p2a: Rillaboom|Rillaboom, M|89/100
|-fieldstart|move: Grassy Terrain|[from] ability: Grassy Surge|[of] p2a: Rillaboom
|move|p1a: Deoxys|Focus Blast|p2a: Rillaboom
|-damage|p2a: Rillaboom|43/100
|
|-heal|p2a: Rillaboom|50/100|[from] Grassy Terrain
|upkeep
|turn|15
|inactive|ikthoizzykil has 120 seconds left.
|
|t:|1779964585
|switch|p2a: Braviary|Braviary, M|100/100
|move|p1a: Deoxys|Expanding Force|p2a: Braviary
|-damage|p2a: Braviary|63/100
|
|upkeep
|turn|16
|inactive|ikthoizzykil has 120 seconds left.
|
|t:|1779964594
|switch|p1a: Maushold|Maushold|100/100
|move|p2a: Braviary|Roost|p2a: Braviary
|-heal|p2a: Braviary|100/100
|-singleturn|p2a: Braviary|move: Roost
|
|upkeep
|turn|17
|inactive|ikthoizzykil has 120 seconds left.
|
|t:|1779964609
|move|p1a: Maushold|Encore|p2a: Braviary
|-start|p2a: Braviary|Encore
|move|p2a: Braviary|Roost||[still]
|-fail|p2a: Braviary|heal
|
|upkeep
|turn|18
|inactive|ikthoizzykil has 120 seconds left.
|
|t:|1779964619
|switch|p2a: Primarina|Primarina, F|100/100
|move|p1a: Maushold|Tidy Up|p1a: Maushold
|-boost|p1a: Maushold|atk|1
|-boost|p1a: Maushold|spe|1
|
|-fieldend|move: Grassy Terrain
|upkeep
|turn|19
|inactive|ikthoizzykil has 120 seconds left.
|
|t:|1779964639
|-terastallize|p2a: Primarina|Ghost
|move|p1a: Maushold|Population Bomb|p2a: Primarina
|-immune|p2a: Primarina
|move|p2a: Primarina|Psychic Noise|p1a: Maushold
|-damage|p1a: Maushold|56/100
|-start|p1a: Maushold|move: Heal Block
|
|upkeep
|turn|20
|
|t:|1779964654
|switch|p2a: Rillaboom|Rillaboom, M|50/100
|-fieldstart|move: Grassy Terrain|[from] ability: Grassy Surge|[of] p2a: Rillaboom
|move|p1a: Maushold|Bite|p2a: Rillaboom
|-damage|p2a: Rillaboom|18/100
|
|-heal|p2a: Rillaboom|24/100|[from] Grassy Terrain
|-end|p1a: Maushold|move: Heal Block
|upkeep
|turn|21
|
|t:|1779964663
|move|p2a: Rillaboom|Grassy Glide|p1a: Maushold
|-damage|p1a: Maushold|0 fnt
|faint|p1a: Maushold
|
|-heal|p2a: Rillaboom|31/100|[from] Grassy Terrain
|upkeep
|
|t:|1779964666
|switch|p1a: Ceruledge|Ceruledge, F|100/100
|turn|22
|
|t:|1779964671
|switch|p2a: Primarina|Primarina, F, tera:Ghost|100/100
|move|p1a: Ceruledge|Swords Dance|p1a: Ceruledge
|-boost|p1a: Ceruledge|atk|2
|
|upkeep
|turn|23
|
|t:|1779964677
|move|p1a: Ceruledge|Poltergeist|p2a: Primarina
|-activate|p2a: Primarina|move: Poltergeist|Leftovers
|-supereffective|p2a: Primarina
|-damage|p2a: Primarina|0 fnt
|faint|p2a: Primarina
|
|upkeep
|
|t:|1779964682
|switch|p2a: Darkrai|Darkrai|100/100
|turn|24
|
|t:|1779964686
|move|p2a: Darkrai|Dark Pulse|p1a: Ceruledge
|-supereffective|p1a: Ceruledge
|-damage|p1a: Ceruledge|12/100
|move|p1a: Ceruledge|Close Combat|p2a: Darkrai
|-supereffective|p2a: Darkrai
|-crit|p2a: Darkrai
|-damage|p2a: Darkrai|0 fnt
|-unboost|p1a: Ceruledge|def|1
|-unboost|p1a: Ceruledge|spd|1
|faint|p2a: Darkrai
|
|-heal|p1a: Ceruledge|18/100|[from] Grassy Terrain
|-fieldend|move: Grassy Terrain
|upkeep
|
|t:|1779964697
|switch|p2a: Rillaboom|Rillaboom, M|31/100
|-fieldstart|move: Grassy Terrain|[from] ability: Grassy Surge|[of] p2a: Rillaboom
|turn|25
|
|t:|1779964704
|move|p2a: Rillaboom|Grassy Glide|p1a: Ceruledge
|-resisted|p1a: Ceruledge
|-damage|p1a: Ceruledge|0 fnt
|faint|p1a: Ceruledge
|
|-heal|p2a: Rillaboom|37/100|[from] Grassy Terrain
|upkeep
|
|t:|1779964705
|switch|p1a: Deoxys|Deoxys-Speed|100/100
|-ability|p1a: Deoxys|Pressure
|turn|26
|
|t:|1779964712
|move|p2a: Rillaboom|Grassy Glide|p1a: Deoxys
|-damage|p1a: Deoxys|12/100
|move|p1a: Deoxys|Expanding Force|p2a: Rillaboom
|-damage|p2a: Rillaboom|0 fnt
|faint|p2a: Rillaboom
|
|-heal|p1a: Deoxys|18/100|[from] Grassy Terrain
|upkeep
|
|t:|1779964720
|switch|p2a: Braviary|Braviary, M|100/100
|turn|27
|
|t:|1779964723
|move|p1a: Deoxys|Expanding Force|p2a: Braviary
|-damage|p2a: Braviary|67/100
|move|p2a: Braviary|Body Slam|p1a: Deoxys
|-damage|p1a: Deoxys|0 fnt
|faint|p1a: Deoxys
|
|win|ikthoizzykil
|raw|diamondthebody's rating: 1383 &rarr; <strong>1359</strong><br />(-24 for losing)
|raw|ikthoizzykil's rating: 1310 &rarr; <strong>1334</strong><br />(+24 for winning)
|l|☆diamondthebody
|player|p1|
|l|☆ikthoizzykil
|player|p2|
