|j|☆Pokeactu
|j|☆ashyman2000
|t:|1779947028
|gametype|singles
|player|p1|Pokeactu|worker|1198
|player|p2|ashyman2000|hoopster|1173
|gen|9
|tier|[Gen 9] OU
|rated|
|rule|HP Percentage Mod: HP is shown in percentages
|rule|Endless Battle Clause: Forcing endless battles is banned
|rule|Species Clause: Limit one of each Pokémon
|rule|OHKO Clause: OHKO moves are banned
|rule|Evasion Items Clause: Evasion items are banned
|rule|Evasion Moves Clause: Evasion moves are banned
|rule|Evasion Abilities Clause: Evasion abilities are banned
|rule|Sleep Moves Clause: Sleep-inducing moves are banned
|clearpoke
|poke|p1|Skeledirge, F|
|poke|p1|Rillaboom, M|
|poke|p1|Enamorus, F|
|poke|p1|Weavile, M|
|poke|p1|Great Tusk|
|poke|p1|Slowking-Galar, M|
|poke|p2|Munkidori, M|
|poke|p2|Mew|
|poke|p2|Latias, F|
|poke|p2|Gardevoir, F|
|poke|p2|Indeedee, M|
|poke|p2|Iron Leaves|
|teampreview
|
|t:|1779947039
|teamsize|p1|6
|teamsize|p2|6
|start
|switch|p1a: Great Tusk|Great Tusk|100/100
|switch|p2a: Latias|Latias, F|100/100
|turn|1
|
|t:|1779947049
|move|p1a: Great Tusk|Ice Spinner|p2a: Latias
|-supereffective|p2a: Latias
|-damage|p2a: Latias|65/100
|-damage|p1a: Great Tusk|84/100|[from] item: Rocky Helmet|[of] p2a: Latias
|move|p2a: Latias|Reflect|p2a: Latias
|-sidestart|p2: ashyman2000|Reflect
|
|upkeep
|turn|2
|
|t:|1779947059
|move|p1a: Great Tusk|Stealth Rock|p2a: Latias
|-sidestart|p2: ashyman2000|move: Stealth Rock
|move|p2a: Latias|Alluring Voice|p1a: Great Tusk
|-supereffective|p1a: Great Tusk
|-damage|p1a: Great Tusk|29/100
|
|upkeep
|turn|3
|
|t:|1779947070
|move|p1a: Great Tusk|Ice Spinner|p2a: Latias
|-supereffective|p2a: Latias
|-damage|p2a: Latias|49/100
|-damage|p1a: Great Tusk|12/100|[from] item: Rocky Helmet|[of] p2a: Latias
|move|p2a: Latias|Alluring Voice|p1a: Great Tusk
|-supereffective|p1a: Great Tusk
|-damage|p1a: Great Tusk|0 fnt
|faint|p1a: Great Tusk
|-end|p1a: Great Tusk|Protosynthesis|[silent]
|
|upkeep
|
|t:|1779947080
|switch|p1a: Enamorus|Enamorus, F|100/100
|turn|4
|
|t:|1779947089
|switch|p2a: Indeedee|Indeedee, M|100/100
|-damage|p2a: Indeedee|88/100|[from] Stealth Rock
|-fieldstart|move: Psychic Terrain|[from] ability: Psychic Surge|[of] p2a: Indeedee
|-enditem|p2a: Indeedee|Psychic Seed
|-boost|p2a: Indeedee|spd|1|[from] item: Psychic Seed
|move|p1a: Enamorus|Moonblast|p2a: Indeedee
|-damage|p2a: Indeedee|38/100
|
|upkeep
|turn|5
|
|t:|1779947101
|move|p1a: Enamorus|Moonblast|p2a: Indeedee
|-damage|p2a: Indeedee|0 fnt
|faint|p2a: Indeedee
|
|-sideend|p2: ashyman2000|Reflect
|upkeep
|
|t:|1779947104
|switch|p2a: Munkidori|Munkidori, M|100/100
|-damage|p2a: Munkidori|88/100|[from] Stealth Rock
|turn|6
|
|t:|1779947112
|switch|p1a: Slowking|Slowking-Galar, M|100/100
|move|p2a: Munkidori|Sludge Bomb|p1a: Slowking
|-resisted|p1a: Slowking
|-damage|p1a: Slowking|86/100
|
|upkeep
|turn|7
|
|t:|1779947120
|switch|p2a: Latias|Latias, F|49/100
|-damage|p2a: Latias|37/100|[from] Stealth Rock
|move|p1a: Slowking|Thunder Wave|p2a: Latias
|-status|p2a: Latias|par
|
|upkeep
|turn|8
|
|t:|1779947130
|move|p2a: Latias|Thunder Wave|p1a: Slowking
|-status|p1a: Slowking|par
|-prepare|p1a: Slowking|Chilly Reception|[premajor]
|move|p1a: Slowking|Chilly Reception|p1a: Slowking
|-weather|Snowscape
|
|t:|1779947140
|switch|p1a: Weavile|Weavile, M|100/100|[from] Chilly Reception
|-ability|p1a: Weavile|Pressure
|
|-weather|Snowscape|[upkeep]
|-fieldend|move: Psychic Terrain
|upkeep
|turn|9
|
|t:|1779947152
|move|p1a: Weavile|Swords Dance|p1a: Weavile
|-boost|p1a: Weavile|atk|2
|move|p2a: Latias|Thunder Wave|p1a: Weavile
|-status|p1a: Weavile|par
|
|-weather|Snowscape|[upkeep]
|upkeep
|turn|10
|
|t:|1779947157
|move|p1a: Weavile|Knock Off|p2a: Latias
|-supereffective|p2a: Latias
|-damage|p2a: Latias|0 fnt
|-damage|p1a: Weavile|84/100 par|[from] item: Rocky Helmet|[of] p2a: Latias
|-enditem|p2a: Latias|Rocky Helmet|[from] move: Knock Off|[of] p1a: Weavile
|faint|p2a: Latias
|
|-weather|Snowscape|[upkeep]
|upkeep
|
|t:|1779947184
|switch|p2a: Munkidori|Munkidori, M|88/100
|-damage|p2a: Munkidori|76/100|[from] Stealth Rock
|turn|11
|inactive|Battle timer is ON: inactive players will automatically lose when time's up. (requested by Pokeactu)
|
|t:|1779947194
|move|p1a: Weavile|Ice Shard|p2a: Munkidori
|-damage|p2a: Munkidori|20/100
|move|p2a: Munkidori|Focus Blast|p1a: Weavile
|-supereffective|p1a: Weavile
|-damage|p1a: Weavile|0 fnt
|faint|p1a: Weavile
|
|-weather|Snowscape|[upkeep]
|upkeep
|
|t:|1779947202
|switch|p1a: Skeledirge|Skeledirge, F|100/100
|turn|12
|
|t:|1779947216
|switch|p2a: Iron Leaves|Iron Leaves|100/100
|-damage|p2a: Iron Leaves|88/100|[from] Stealth Rock
|-enditem|p2a: Iron Leaves|Booster Energy
|-activate|p2a: Iron Leaves|ability: Quark Drive|[fromitem]
|-start|p2a: Iron Leaves|quarkdriveatk
|move|p1a: Skeledirge|Substitute|p1a: Skeledirge
|-start|p1a: Skeledirge|Substitute
|-damage|p1a: Skeledirge|76/100
|
|-weather|none
|-heal|p1a: Skeledirge|82/100|[from] item: Leftovers
|upkeep
|turn|13
|
|t:|1779947229
|move|p2a: Iron Leaves|Psyblade|p1a: Skeledirge
|-end|p1a: Skeledirge|Substitute
|move|p1a: Skeledirge|Will-O-Wisp|p2a: Iron Leaves
|-status|p2a: Iron Leaves|brn
|
|-heal|p1a: Skeledirge|88/100|[from] item: Leftovers
|-damage|p2a: Iron Leaves|82/100 brn|[from] brn
|upkeep
|turn|14
|
|t:|1779947235
|move|p2a: Iron Leaves|Psyblade|p1a: Skeledirge
|-damage|p1a: Skeledirge|61/100
|move|p1a: Skeledirge|Substitute|p1a: Skeledirge
|-start|p1a: Skeledirge|Substitute
|-damage|p1a: Skeledirge|36/100
|
|-heal|p1a: Skeledirge|42/100|[from] item: Leftovers
|-damage|p2a: Iron Leaves|76/100 brn|[from] brn
|upkeep
|turn|15
|
|t:|1779947241
|move|p2a: Iron Leaves|Psyblade|p1a: Skeledirge
|-end|p1a: Skeledirge|Substitute
|move|p1a: Skeledirge|Torch Song|p2a: Iron Leaves
|-supereffective|p2a: Iron Leaves
|-damage|p2a: Iron Leaves|0 fnt
|-boost|p1a: Skeledirge|spa|1
|faint|p2a: Iron Leaves
|-end|p2a: Iron Leaves|Quark Drive|[silent]
|
|-heal|p1a: Skeledirge|48/100|[from] item: Leftovers
|upkeep
|
|t:|1779947248
|switch|p2a: Munkidori|Munkidori, M|20/100
|-damage|p2a: Munkidori|7/100|[from] Stealth Rock
|turn|16
|
|t:|1779947252
|move|p2a: Munkidori|Trick|p1a: Skeledirge
|-activate|p2a: Munkidori|move: Trick|[of] p1a: Skeledirge
|-item|p1a: Skeledirge|Choice Scarf|[from] move: Trick
|-item|p2a: Munkidori|Leftovers|[from] move: Trick
|move|p1a: Skeledirge|Torch Song|p2a: Munkidori
|-damage|p2a: Munkidori|0 fnt
|-boost|p1a: Skeledirge|spa|1
|faint|p2a: Munkidori
|
|upkeep
|
|t:|1779947266
|switch|p2a: Gardevoir|Gardevoir, F|100/100
|-damage|p2a: Gardevoir|88/100|[from] Stealth Rock
|turn|17
|
|t:|1779947278
|move|p1a: Skeledirge|Torch Song|p2a: Gardevoir
|-damage|p2a: Gardevoir|14/100
|-boost|p1a: Skeledirge|spa|1
|move|p2a: Gardevoir|Psyshock|p1a: Skeledirge
|-damage|p1a: Skeledirge|9/100
|
|-heal|p2a: Gardevoir|21/100|[from] item: Leftovers
|upkeep
|turn|18
|
|t:|1779947286
|move|p1a: Skeledirge|Torch Song|p2a: Gardevoir
|-damage|p2a: Gardevoir|0 fnt
|-boost|p1a: Skeledirge|spa|1
|faint|p2a: Gardevoir
|
|upkeep
|
|t:|1779947289
|switch|p2a: Mew|Mew|100/100
|-damage|p2a: Mew|88/100|[from] Stealth Rock
|turn|19
|
|t:|1779947292
|move|p1a: Skeledirge|Torch Song|p2a: Mew
|-damage|p2a: Mew|0 fnt
|-boost|p1a: Skeledirge|spa|1
|faint|p2a: Mew
|
|win|Pokeactu
|raw|Pokeactu's rating: 1198 &rarr; <strong>1221</strong><br />(+23 for winning)
|raw|ashyman2000's rating: 1173 &rarr; <strong>1150</strong><br />(-23 for losing)
|l|☆ashyman2000
|player|p2|
|l|☆Pokeactu
|player|p1|
