|j|☆JoelPicadeMel
|j|☆rlk_pokemon
|t:|1779830766
|gametype|singles
|player|p1|JoelPicadeMel|2|
|player|p2|rlk_pokemon|102|
|gen|9
|tier|[Gen 9] OU
|rule|HP Percentage Mod: HP is shown in percentages
|rule|Endless Battle Clause: Forcing endless battles is banned
|rule|Species Clause: Limit one of each Pokémon
|rule|OHKO Clause: OHKO moves are banned
|rule|Evasion Items Clause: Evasion items are banned
|rule|Evasion Moves Clause: Evasion moves are banned
|rule|Evasion Abilities Clause: Evasion abilities are banned
|rule|Sleep Moves Clause: Sleep-inducing moves are banned
|clearpoke
|poke|p1|Iron Hands|
|poke|p1|Slowking-Galar, M|
|poke|p1|Kyurem|
|poke|p1|Corviknight, M|
|poke|p1|Ting-Lu|
|poke|p1|Dragapult, M|
|poke|p2|Great Tusk|
|poke|p2|Pecharunt|
|poke|p2|Iron Valiant|
|poke|p2|Iron Crown|
|poke|p2|Samurott-Hisui, M|
|poke|p2|Dragonite, M|
|teampreview
|
|t:|1779830786
|teamsize|p1|6
|teamsize|p2|6
|start
|switch|p1a: Dragapult|Dragapult, M|100/100
|switch|p2a: Samurott|Samurott-Hisui, M, shiny|100/100
|turn|1
|
|t:|1779830800
|move|p1a: Dragapult|U-turn|p2a: Samurott
|-supereffective|p2a: Samurott
|-damage|p2a: Samurott|19/100
|
|t:|1779830805
|switch|p1a: Ting-Lu|Ting-Lu|100/100|[from] U-turn
|-ability|p1a: Ting-Lu|Vessel of Ruin
|move|p2a: Samurott|Ceaseless Edge|p1a: Ting-Lu
|-resisted|p1a: Ting-Lu
|-damage|p1a: Ting-Lu|84/100
|-sidestart|p1: JoelPicadeMel|Spikes
|
|-heal|p1a: Ting-Lu|90/100|[from] item: Leftovers
|upkeep
|turn|2
|
|t:|1779830820
|move|p2a: Samurott|Flip Turn|p1a: Ting-Lu
|-supereffective|p1a: Ting-Lu
|-damage|p1a: Ting-Lu|55/100
|
|t:|1779830831
|switch|p2a: Great Tusk|Great Tusk, shiny|100/100|[from] Flip Turn
|move|p1a: Ting-Lu|Stealth Rock|p2a: Great Tusk
|-sidestart|p2: rlk_pokemon|move: Stealth Rock
|
|-heal|p1a: Ting-Lu|61/100|[from] item: Leftovers
|upkeep
|turn|3
|
|t:|1779830852
|switch|p1a: Dragapult|Dragapult, M|100/100
|-damage|p1a: Dragapult|88/100|[from] Spikes
|move|p2a: Great Tusk|Rapid Spin|p1a: Dragapult
|-immune|p1a: Dragapult
|
|upkeep
|turn|4
|c|☆rlk_pokemon|Eita
|c|☆JoelPicadeMel|^^
|
|t:|1779830878
|-end|p2a: Great Tusk|Protosynthesis|[silent]
|switch|p2a: Iron Valiant|Iron Valiant, shiny|100/100
|-damage|p2a: Iron Valiant|94/100|[from] Stealth Rock
|move|p1a: Dragapult|U-turn|p2a: Iron Valiant
|-resisted|p2a: Iron Valiant
|-crit|p2a: Iron Valiant
|-damage|p2a: Iron Valiant|77/100
|
|t:|1779830887
|switch|p1a: Slowking|Slowking-Galar, M|100/100|[from] U-turn
|
|upkeep
|turn|5
|
|t:|1779830901
|move|p2a: Iron Valiant|Shadow Ball|p1a: Slowking
|-supereffective|p1a: Slowking
|-damage|p1a: Slowking|57/100
|move|p1a: Slowking|Sludge Bomb|p2a: Iron Valiant
|-supereffective|p2a: Iron Valiant
|-damage|p2a: Iron Valiant|0 fnt
|faint|p2a: Iron Valiant
|-end|p2a: Iron Valiant|Quark Drive|[silent]
|
|upkeep
|
|t:|1779830915
|switch|p2a: Samurott|Samurott-Hisui, M, shiny|19/100
|-damage|p2a: Samurott|6/100|[from] Stealth Rock
|turn|6
|
|t:|1779830926
|switch|p1a: Corviknight|Corviknight, M|100/100
|-ability|p1a: Corviknight|Pressure
|move|p2a: Samurott|Ceaseless Edge|p1a: Corviknight
|-damage|p1a: Corviknight|62/100
|-damage|p2a: Samurott|0 fnt|[from] item: Rocky Helmet|[of] p1a: Corviknight
|faint|p2a: Samurott
|
|upkeep
|
|t:|1779830947
|switch|p2a: Iron Crown|Iron Crown|100/100
|-damage|p2a: Iron Crown|94/100|[from] Stealth Rock
|turn|7
|
|t:|1779830964
|switch|p1a: Slowking|Slowking-Galar, M|91/100
|move|p2a: Iron Crown|Volt Switch|p1a: Slowking
|-damage|p1a: Slowking|77/100
|
|t:|1779830972
|-end|p2a: Iron Crown|Quark Drive|[silent]
|switch|p2a: Pecharunt|Pecharunt|100/100|[from] Volt Switch
|-damage|p2a: Pecharunt|88/100|[from] Stealth Rock
|
|upkeep
|turn|8
|
|t:|1779830993
|switch|p1a: BERALDO|Iron Hands|100/100
|-damage|p1a: BERALDO|88/100|[from] Spikes
|move|p2a: Pecharunt|Shadow Ball|p1a: BERALDO
|-damage|p1a: BERALDO|67/100
|
|-heal|p1a: BERALDO|73/100|[from] item: Leftovers
|upkeep
|turn|9
|
|t:|1779831009
|move|p2a: Pecharunt|Malignant Chain|p1a: BERALDO
|-damage|p1a: BERALDO|44/100
|-status|p1a: BERALDO|tox
|-start|p1a: BERALDO|confusion|[from] ability: Poison Puppeteer|[of] p2a: Pecharunt
|-activate|p1a: BERALDO|confusion
|-damage|p1a: BERALDO|38/100 tox|[from] confusion
|
|-heal|p1a: BERALDO|44/100 tox|[from] item: Leftovers
|-damage|p1a: BERALDO|38/100 tox|[from] psn
|upkeep
|turn|10
|c|☆JoelPicadeMel|confusion é sacanagem
|
|t:|1779831031
|-end|p1a: BERALDO|Quark Drive|[silent]
|switch|p1a: Kyurem|Kyurem|100/100
|-damage|p1a: Kyurem|88/100|[from] Spikes
|-ability|p1a: Kyurem|Pressure
|move|p2a: Pecharunt|Malignant Chain|p1a: Kyurem
|-damage|p1a: Kyurem|60/100
|
|upkeep
|turn|11
|
|t:|1779831058
|switch|p2a: Dragonite|Dragonite, M, shiny|100/100
|move|p1a: Kyurem|Earth Power|p2a: Dragonite
|-immune|p2a: Dragonite
|
|upkeep
|turn|12
|
|t:|1779831071
|switch|p1a: Ting-Lu|Ting-Lu|61/100
|-damage|p1a: Ting-Lu|49/100|[from] Spikes
|-ability|p1a: Ting-Lu|Vessel of Ruin
|move|p2a: Dragonite|Dragon Dance|p2a: Dragonite
|-boost|p2a: Dragonite|atk|1
|-boost|p2a: Dragonite|spe|1
|
|-heal|p1a: Ting-Lu|55/100|[from] item: Leftovers
|upkeep
|turn|13
|c|☆JoelPicadeMel|nice
|
|t:|1779831090
|move|p2a: Dragonite|Earthquake|p1a: Ting-Lu
|-damage|p1a: Ting-Lu|25/100
|move|p1a: Ting-Lu|Whirlwind|p2a: Dragonite
|drag|p2a: Pecharunt|Pecharunt|88/100
|-damage|p2a: Pecharunt|76/100|[from] Stealth Rock
|
|-heal|p1a: Ting-Lu|31/100|[from] item: Leftovers
|upkeep
|turn|14
|
|t:|1779831110
|switch|p2a: Great Tusk|Great Tusk, shiny|100/100
|switch|p1a: Corviknight|Corviknight, M|62/100
|-ability|p1a: Corviknight|Pressure
|
|upkeep
|turn|15
|
|t:|1779831124
|move|p2a: Great Tusk|Ice Spinner|p1a: Corviknight
|-damage|p1a: Corviknight|45/100
|-damage|p2a: Great Tusk|84/100|[from] item: Rocky Helmet|[of] p1a: Corviknight
|move|p1a: Corviknight|U-turn|p2a: Great Tusk
|-resisted|p2a: Great Tusk
|-damage|p2a: Great Tusk|79/100
|
|t:|1779831135
|switch|p1a: Kyurem|Kyurem|60/100|[from] U-turn
|-damage|p1a: Kyurem|47/100|[from] Spikes
|-ability|p1a: Kyurem|Pressure
|
|upkeep
|turn|16
|
|t:|1779831164
|move|p1a: Kyurem|Ice Beam|p2a: Great Tusk
|-supereffective|p2a: Great Tusk
|-damage|p2a: Great Tusk|0 fnt
|faint|p2a: Great Tusk
|-end|p2a: Great Tusk|Protosynthesis|[silent]
|
|upkeep
|
|t:|1779831174
|switch|p2a: Dragonite|Dragonite, M, shiny|100/100
|turn|17
|
|t:|1779831195
|move|p1a: Kyurem|Ice Beam|p2a: Dragonite
|-supereffective|p2a: Dragonite
|-damage|p2a: Dragonite|0 fnt
|faint|p2a: Dragonite
|
|upkeep
|
|t:|1779831208
|switch|p2a: Iron Crown|Iron Crown|94/100
|-damage|p2a: Iron Crown|88/100|[from] Stealth Rock
|turn|18
|
|t:|1779831216
|switch|p1a: Corviknight|Corviknight, M|45/100
|-ability|p1a: Corviknight|Pressure
|move|p2a: Iron Crown|Tachyon Cutter|p1a: Corviknight
|-resisted|p1a: Corviknight
|-damage|p1a: Corviknight|33/100
|-resisted|p1a: Corviknight
|-damage|p1a: Corviknight|20/100
|-hitcount|p1a: Corviknight|2
|
|upkeep
|turn|19
|
|t:|1779831237
|move|p2a: Iron Crown|Volt Switch|p1a: Corviknight
|-supereffective|p1a: Corviknight
|-damage|p1a: Corviknight|0 fnt
|faint|p1a: Corviknight
|
|t:|1779831272
|-end|p2a: Iron Crown|Quark Drive|[silent]
|switch|p2a: Pecharunt|Pecharunt|76/100|[from] Volt Switch
|-damage|p2a: Pecharunt|63/100|[from] Stealth Rock
|
|upkeep
|
|t:|1779831275
|switch|p1a: Kyurem|Kyurem|47/100
|-damage|p1a: Kyurem|35/100|[from] Spikes
|-ability|p1a: Kyurem|Pressure
|turn|20
|
|t:|1779831285
|move|p1a: Kyurem|Earth Power|p2a: Pecharunt
|-supereffective|p2a: Pecharunt
|-damage|p2a: Pecharunt|0 fnt
|faint|p2a: Pecharunt
|
|upkeep
|
|t:|1779831293
|switch|p2a: Iron Crown|Iron Crown|88/100
|-damage|p2a: Iron Crown|82/100|[from] Stealth Rock
|turn|21
|c|☆JoelPicadeMel|wp
|
|t:|1779831302
|move|p2a: Iron Crown|Tachyon Cutter|p1a: Kyurem
|-supereffective|p1a: Kyurem
|-damage|p1a: Kyurem|0 fnt
|faint|p1a: Kyurem
|-hitcount|p1: Kyurem|1
|
|upkeep
|
|t:|1779831314
|switch|p1a: Dragapult|Dragapult, M|88/100
|-damage|p1a: Dragapult|76/100|[from] Spikes
|turn|22
|
|t:|1779831329
|move|p1a: Dragapult|Phantom Force||[still]
|-prepare|p1a: Dragapult|Phantom Force
|move|p2a: Iron Crown|Tachyon Cutter|p1a: Dragapult|[miss]
|-miss|p2a: Iron Crown|p1a: Dragapult
|
|upkeep
|turn|23
|
|t:|1779831341
|-terastallize|p2a: Iron Crown|Steel
|move|p1a: Dragapult|Phantom Force|p2a: Iron Crown|[from] lockedmove
|-damage|p2a: Iron Crown|15/100
|move|p2a: Iron Crown|Future Sight|p1a: Dragapult
|-start|p2a: Iron Crown|move: Future Sight
|
|upkeep
|turn|24
|
|t:|1779831353
|move|p1a: Dragapult|Phantom Force||[still]
|-prepare|p1a: Dragapult|Phantom Force
|move|p2a: Iron Crown|Tachyon Cutter|p1a: Dragapult|[miss]
|-miss|p2a: Iron Crown|p1a: Dragapult
|
|upkeep
|turn|25
|c|☆rlk_pokemon|Ai n
|
|t:|1779831370
|move|p1a: Dragapult|Phantom Force|p2a: Iron Crown|[from] lockedmove
|-damage|p2a: Iron Crown|0 fnt
|faint|p2a: Iron Crown
|-end|p2a: Iron Crown|Quark Drive|[silent]
|
|win|JoelPicadeMel
