|j|☆claudechamp
|j|☆Relative-Ease
|t:|1779812512
|gametype|singles
|player|p1|claudechamp|265|1291
|player|p2|Relative-Ease|169|1312
|gen|9
|tier|[Gen 9] OU
|rated|
|rule|HP Percentage Mod: HP is shown in percentages
|rule|Endless Battle Clause: Forcing endless battles is banned
|rule|Species Clause: Limit one of each Pokémon
|rule|OHKO Clause: OHKO moves are banned
|rule|Evasion Items Clause: Evasion items are banned
|rule|Evasion Moves Clause: Evasion moves are banned
|rule|Evasion Abilities Clause: Evasion abilities are banned
|rule|Sleep Moves Clause: Sleep-inducing moves are banned
|clearpoke
|poke|p1|Gliscor, F|
|poke|p1|Gholdengo|
|poke|p1|Zamazenta-*|
|poke|p1|Blissey, F|
|poke|p1|Skarmory, F|
|poke|p1|Pecharunt|
|poke|p2|Pawmot, F|
|poke|p2|Clefable, F|
|poke|p2|Rillaboom, M|
|poke|p2|Swampert, M|
|poke|p2|Kingdra, M|
|poke|p2|Pelipper, M|
|teampreview
|c|☆claudechamp|hf
|inactive|Battle timer is ON: inactive players will automatically lose when time's up. (requested by claudechamp)
|
|t:|1779812523
|teamsize|p1|6
|teamsize|p2|6
|start
|switch|p1a: Skarmory|Skarmory, F|100/100
|switch|p2a: Chirs Paul|Pelipper, M|100/100
|-weather|RainDance|[from] ability: Drizzle|[of] p2a: Chirs Paul
|turn|1
|
|t:|1779812531
|move|p1a: Skarmory|Spikes|p2a: Chirs Paul
|-sidestart|p2: Relative-Ease|Spikes
|move|p2a: Chirs Paul|Knock Off|p1a: Skarmory
|-damage|p1a: Skarmory|92/100
|-enditem|p1a: Skarmory|Heavy-Duty Boots|[from] move: Knock Off|[of] p2a: Chirs Paul
|
|-weather|RainDance|[upkeep]
|upkeep
|turn|2
|
|t:|1779812543
|switch|p1a: Blissey|Blissey, F|100/100
|move|p2a: Chirs Paul|U-turn|p1a: Blissey
|-damage|p1a: Blissey|90/100
|
|t:|1779812552
|switch|p2a: Klay|Pawmot, F|100/100|[from] U-turn
|-damage|p2a: Klay|88/100|[from] Spikes
|
|-weather|RainDance|[upkeep]
|upkeep
|turn|3
|
|t:|1779812561
|move|p2a: Klay|Close Combat|p1a: Blissey
|-supereffective|p1a: Blissey
|-damage|p1a: Blissey|0 fnt
|-unboost|p2a: Klay|def|1
|-unboost|p2a: Klay|spd|1
|faint|p1a: Blissey
|
|-weather|RainDance|[upkeep]
|upkeep
|
|t:|1779812564
|switch|p1a: Gliscor|Gliscor, F|100/100
|turn|4
|
|t:|1779812574
|move|p2a: Klay|Knock Off|p1a: Gliscor
|-damage|p1a: Gliscor|78/100
|-enditem|p1a: Gliscor|Toxic Orb|[from] move: Knock Off|[of] p2a: Klay
|move|p1a: Gliscor|Swords Dance|p1a: Gliscor
|-boost|p1a: Gliscor|atk|2
|
|-weather|RainDance|[upkeep]
|upkeep
|turn|5
|
|t:|1779812585
|switch|p2a: Chirs Paul|Pelipper, M|100/100
|move|p1a: Gliscor|Knock Off|p2a: Chirs Paul
|-damage|p2a: Chirs Paul|66/100
|-enditem|p2a: Chirs Paul|Damp Rock|[from] move: Knock Off|[of] p1a: Gliscor
|
|-weather|RainDance|[upkeep]
|upkeep
|turn|6
|
|t:|1779812592
|move|p1a: Gliscor|Protect|p1a: Gliscor
|-singleturn|p1a: Gliscor|Protect
|move|p2a: Chirs Paul|Hurricane|p1a: Gliscor
|-activate|p1a: Gliscor|move: Protect
|
|-weather|RainDance|[upkeep]
|upkeep
|turn|7
|
|t:|1779812600
|move|p1a: Gliscor|Swords Dance|p1a: Gliscor
|-boost|p1a: Gliscor|atk|2
|move|p2a: Chirs Paul|Roost|p2a: Chirs Paul
|-heal|p2a: Chirs Paul|100/100
|-singleturn|p2a: Chirs Paul|move: Roost
|
|-weather|RainDance|[upkeep]
|upkeep
|turn|8
|
|t:|1779812608
|move|p1a: Gliscor|Protect|p1a: Gliscor
|-singleturn|p1a: Gliscor|Protect
|move|p2a: Chirs Paul|Hurricane|p1a: Gliscor
|-activate|p1a: Gliscor|move: Protect
|
|-weather|none
|upkeep
|turn|9
|
|t:|1779812620
|move|p1a: Gliscor|Knock Off|p2a: Chirs Paul
|-damage|p2a: Chirs Paul|70/100
|move|p2a: Chirs Paul|U-turn|p1a: Gliscor
|-resisted|p1a: Gliscor
|-damage|p1a: Gliscor|74/100
|
|t:|1779812625
|switch|p2a: Gasol|Swampert, M|100/100|[from] U-turn
|-damage|p2a: Gasol|88/100|[from] Spikes
|
|-heal|p2a: Gasol|94/100|[from] item: Leftovers
|upkeep
|turn|10
|
|t:|1779812633
|switch|p2a: Chirs Paul|Pelipper, M|70/100
|-weather|RainDance|[from] ability: Drizzle|[of] p2a: Chirs Paul
|move|p1a: Gliscor|Earthquake|p2a: Chirs Paul
|-immune|p2a: Chirs Paul
|
|-weather|RainDance|[upkeep]
|upkeep
|turn|11
|
|t:|1779812641
|move|p1a: Gliscor|Knock Off|p2a: Chirs Paul
|-damage|p2a: Chirs Paul|36/100
|move|p2a: Chirs Paul|Hurricane|p1a: Gliscor
|-damage|p1a: Gliscor|43/100
|
|-weather|RainDance|[upkeep]
|upkeep
|turn|12
|
|t:|1779812647
|move|p1a: Gliscor|Knock Off|p2a: Chirs Paul
|-damage|p2a: Chirs Paul|3/100
|move|p2a: Chirs Paul|Roost|p2a: Chirs Paul
|-heal|p2a: Chirs Paul|53/100
|-singleturn|p2a: Chirs Paul|move: Roost
|
|-weather|RainDance|[upkeep]
|upkeep
|turn|13
|
|t:|1779812657
|-terastallize|p1a: Gliscor|Dark
|move|p1a: Gliscor|Knock Off|p2a: Chirs Paul
|-damage|p2a: Chirs Paul|7/100
|move|p2a: Chirs Paul|Hurricane|p1a: Gliscor
|-damage|p1a: Gliscor|6/100
|
|-weather|RainDance|[upkeep]
|upkeep
|turn|14
|
|t:|1779812668
|switch|p2a: Greed|Clefable, F|100/100
|-damage|p2a: Greed|88/100|[from] Spikes
|move|p1a: Gliscor|Knock Off|p2a: Greed
|-resisted|p2a: Greed
|-damage|p2a: Greed|75/100
|-enditem|p2a: Greed|Leftovers|[from] move: Knock Off|[of] p1a: Gliscor
|
|-weather|none
|upkeep
|turn|15
|
|t:|1779812677
|move|p1a: Gliscor|Earthquake|p2a: Greed
|-damage|p2a: Greed|50/100
|move|p2a: Greed|Moonblast|p1a: Gliscor
|-supereffective|p1a: Gliscor
|-damage|p1a: Gliscor|0 fnt
|faint|p1a: Gliscor
|
|upkeep
|
|t:|1779812680
|switch|p1a: Zamazenta|Zamazenta|100/100
|-ability|p1a: Zamazenta|Dauntless Shield|boost
|-boost|p1a: Zamazenta|def|1
|turn|16
|
|t:|1779812687
|move|p1a: Zamazenta|Heavy Slam|p2a: Greed
|-supereffective|p2a: Greed
|-damage|p2a: Greed|0 fnt
|faint|p2a: Greed
|
|upkeep
|
|t:|1779812691
|switch|p2a: Chirs Paul|Pelipper, M|7/100
|-weather|RainDance|[from] ability: Drizzle|[of] p2a: Chirs Paul
|turn|17
|
|t:|1779812695
|move|p1a: Zamazenta|Close Combat|p2a: Chirs Paul
|-resisted|p2a: Chirs Paul
|-damage|p2a: Chirs Paul|0 fnt
|-unboost|p1a: Zamazenta|def|1
|-unboost|p1a: Zamazenta|spd|1
|faint|p2a: Chirs Paul
|
|-weather|RainDance|[upkeep]
|upkeep
|
|t:|1779812702
|switch|p2a: SGA|Kingdra, M|100/100
|-damage|p2a: SGA|88/100|[from] Spikes
|turn|18
|
|t:|1779812706
|-terastallize|p2a: SGA|Water
|move|p2a: SGA|Surf|p1a: Zamazenta
|-damage|p1a: Zamazenta|0 fnt
|faint|p1a: Zamazenta
|
|-weather|RainDance|[upkeep]
|upkeep
|
|t:|1779812711
|switch|p1a: Gholdengo|Gholdengo|100/100
|turn|19
|
|t:|1779812714
|move|p2a: SGA|Surf|p1a: Gholdengo
|-damage|p1a: Gholdengo|0 fnt
|faint|p1a: Gholdengo
|
|-weather|RainDance|[upkeep]
|upkeep
|
|t:|1779812718
|switch|p1a: Pecharunt|Pecharunt|100/100
|turn|20
|c|☆Relative-Ease|gg
|
|t:|1779812721
|move|p2a: SGA|Surf|p1a: Pecharunt
|-damage|p1a: Pecharunt|0 fnt
|faint|p1a: Pecharunt
|
|-weather|RainDance|[upkeep]
|upkeep
|
|t:|1779812725
|switch|p1a: Skarmory|Skarmory, F|92/100
|turn|21
|
|t:|1779812728
|move|p2a: SGA|Surf|p1a: Skarmory
|-damage|p1a: Skarmory|0 fnt
|faint|p1a: Skarmory
|
|win|Relative-Ease
|raw|claudechamp's rating: 1265 &rarr; <strong>1243</strong><br />(-22 for losing)
|raw|Relative-Ease's rating: 1312 &rarr; <strong>1329</strong><br />(+17 for winning)
|c|☆claudechamp|gg
