|j|☆Latesorito
|j|☆skull2323
|t:|1779931847
|gametype|singles
|player|p1|Latesorito|170|1336
|player|p2|skull2323|caitlin|1403
|gen|9
|tier|[Gen 9] OU
|rated|
|rule|HP Percentage Mod: HP is shown in percentages
|rule|Endless Battle Clause: Forcing endless battles is banned
|rule|Species Clause: Limit one of each Pokémon
|rule|OHKO Clause: OHKO moves are banned
|rule|Evasion Items Clause: Evasion items are banned
|rule|Evasion Moves Clause: Evasion moves are banned
|rule|Evasion Abilities Clause: Evasion abilities are banned
|rule|Sleep Moves Clause: Sleep-inducing moves are banned
|clearpoke
|poke|p1|Ting-Lu|
|poke|p1|Zapdos|
|poke|p1|Iron Moth|
|poke|p1|Mimikyu, M|
|poke|p1|Cloyster, M|
|poke|p1|Glimmora, M|
|poke|p2|Dragonite, F|
|poke|p2|Raging Bolt|
|poke|p2|Ogerpon-Wellspring, F|
|poke|p2|Gholdengo|
|poke|p2|Gliscor, F|
|poke|p2|Great Tusk|
|teampreview
|l|☆Latesorito
|player|p1|
|j|☆Latesorito
|player|p1|Latesorito|170|
|inactive|Battle timer is ON: inactive players will automatically lose when time's up. (requested by skull2323)
|
|t:|1779931871
|teamsize|p1|6
|teamsize|p2|6
|start
|switch|p1a: Cloyster|Cloyster, M|100/100
|switch|p2a: Ogerpon|Ogerpon-Wellspring, F|100/100
|turn|1
|
|t:|1779931888
|switch|p1a: Glimmora|Glimmora, M|100/100
|move|p2a: Ogerpon|U-turn|p1a: Glimmora
|-resisted|p1a: Glimmora
|-damage|p1a: Glimmora|86/100
|-activate|p1a: Glimmora|ability: Toxic Debris
|-sidestart|p2: skull2323|move: Toxic Spikes
|
|t:|1779931898
|switch|p2a: Great Tusk|Great Tusk|100/100|[from] U-turn
|-status|p2a: Great Tusk|psn
|
|-damage|p2a: Great Tusk|88/100 psn|[from] psn
|upkeep
|turn|2
|
|t:|1779931912
|switch|p1a: Cloyster|Cloyster, M|100/100
|move|p2a: Great Tusk|Ice Spinner|p1a: Cloyster
|-resisted|p1a: Cloyster
|-damage|p1a: Cloyster|96/100
|
|-damage|p2a: Great Tusk|76/100 psn|[from] psn
|upkeep
|turn|3
|
|t:|1779931919
|move|p1a: Cloyster|Icicle Spear|p2a: Great Tusk
|-supereffective|p2a: Great Tusk
|-damage|p2a: Great Tusk|60/100 psn
|-supereffective|p2a: Great Tusk
|-damage|p2a: Great Tusk|44/100 psn
|-supereffective|p2a: Great Tusk
|-crit|p2a: Great Tusk
|-damage|p2a: Great Tusk|23/100 psn
|-supereffective|p2a: Great Tusk
|-damage|p2a: Great Tusk|8/100 psn
|-supereffective|p2a: Great Tusk
|-damage|p2a: Great Tusk|0 fnt
|faint|p2a: Great Tusk
|-end|p2a: Great Tusk|Protosynthesis|[silent]
|-hitcount|p2: Great Tusk|5
|
|upkeep
|
|t:|1779931929
|switch|p2a: Raging Bolt|Raging Bolt|100/100
|turn|4
|
|t:|1779931938
|-end|p2a: Raging Bolt|Protosynthesis|[silent]
|switch|p2a: Ogerpon|Ogerpon-Wellspring, F|100/100
|-status|p2a: Ogerpon|psn
|-terastallize|p1a: Cloyster|Ground
|move|p1a: Cloyster|Icicle Spear|p2a: Ogerpon
|-damage|p2a: Ogerpon|86/100 psn
|-crit|p2a: Ogerpon
|-damage|p2a: Ogerpon|64/100 psn
|-damage|p2a: Ogerpon|48/100 psn
|-damage|p2a: Ogerpon|34/100 psn
|-damage|p2a: Ogerpon|19/100 psn
|-hitcount|p2a: Ogerpon|5
|
|-damage|p2a: Ogerpon|7/100 psn|[from] psn
|upkeep
|turn|5
|
|t:|1779931955
|switch|p1a: Glimmora|Glimmora, M|86/100
|move|p2a: Ogerpon|Ivy Cudgel|p1a: Glimmora|[anim] Ivy Cudgel Water
|-supereffective|p1a: Glimmora
|-damage|p1a: Glimmora|0 fnt
|-activate|p1a: Glimmora|ability: Toxic Debris
|-sidestart|p2: skull2323|move: Toxic Spikes
|faint|p1a: Glimmora
|
|-damage|p2a: Ogerpon|0 fnt|[from] psn
|faint|p2a: Ogerpon
|upkeep
|inactive|Latesorito has 120 seconds left.
|
|t:|1779931977
|switch|p2a: Raging Bolt|Raging Bolt|100/100
|switch|p1a: Cloyster|Cloyster, M, tera:Ground|96/100
|turn|6
|
|t:|1779931983
|move|p2a: Raging Bolt|Dragon Pulse|p1a: Cloyster
|-damage|p1a: Cloyster|0 fnt
|faint|p1a: Cloyster
|
|upkeep
|inactive|Latesorito has 120 seconds left.
|
|t:|1779932011
|switch|p1a: Ting-Lu|Ting-Lu|100/100
|-ability|p1a: Ting-Lu|Vessel of Ruin
|turn|7
|
|t:|1779932016
|-end|p2a: Raging Bolt|Protosynthesis|[silent]
|switch|p2a: Gliscor|Gliscor, F|100/100
|move|p1a: Ting-Lu|Ruination|p2a: Gliscor
|-damage|p2a: Gliscor|50/100
|
|-status|p2a: Gliscor|tox|[from] item: Toxic Orb
|upkeep
|turn|8
|
|t:|1779932024
|move|p2a: Gliscor|Swords Dance|p2a: Gliscor
|-boost|p2a: Gliscor|atk|2
|move|p1a: Ting-Lu|Whirlwind|p2a: Gliscor
|drag|p2a: Gholdengo|Gholdengo|100/100
|-item|p2a: Gholdengo|Air Balloon
|
|upkeep
|turn|9
|
|t:|1779932035
|switch|p2a: Gliscor|Gliscor, F|50/100 tox
|move|p1a: Ting-Lu|Payback|p2a: Gliscor
|-damage|p2a: Gliscor|36/100 tox
|
|-heal|p2a: Gliscor|49/100 tox|[from] ability: Poison Heal
|upkeep
|turn|10
|
|t:|1779932040
|move|p2a: Gliscor|Knock Off|p1a: Ting-Lu
|-resisted|p1a: Ting-Lu
|-damage|p1a: Ting-Lu|96/100
|-enditem|p1a: Ting-Lu|Leftovers|[from] move: Knock Off|[of] p2a: Gliscor
|move|p1a: Ting-Lu|Whirlwind|p2a: Gliscor
|drag|p2a: Raging Bolt|Raging Bolt|100/100
|
|upkeep
|turn|11
|
|t:|1779932050
|-end|p2a: Raging Bolt|Protosynthesis|[silent]
|switch|p2a: Gliscor|Gliscor, F|49/100 tox
|move|p1a: Ting-Lu|Ruination|p2a: Gliscor
|-damage|p2a: Gliscor|25/100 tox
|
|-heal|p2a: Gliscor|37/100 tox|[from] ability: Poison Heal
|upkeep
|turn|12
|
|t:|1779932059
|move|p2a: Gliscor|Facade|p1a: Ting-Lu
|-damage|p1a: Ting-Lu|83/100
|move|p1a: Ting-Lu|Whirlwind|p2a: Gliscor
|drag|p2a: Gholdengo|Gholdengo|100/100
|-item|p2a: Gholdengo|Air Balloon
|
|upkeep
|turn|13
|
|t:|1779932068
|switch|p2a: Gliscor|Gliscor, F|37/100 tox
|move|p1a: Ting-Lu|Payback|p2a: Gliscor
|-crit|p2a: Gliscor
|-damage|p2a: Gliscor|16/100 tox
|
|-heal|p2a: Gliscor|29/100 tox|[from] ability: Poison Heal
|upkeep
|turn|14
|
|t:|1779932076
|move|p2a: Gliscor|Facade|p1a: Ting-Lu
|-damage|p1a: Ting-Lu|71/100
|move|p1a: Ting-Lu|Whirlwind|p2a: Gliscor
|drag|p2a: Jimmy|Dragonite, F, shiny|100/100
|
|upkeep
|turn|15
|
|t:|1779932085
|move|p2a: Jimmy|Dragon Dance|p2a: Jimmy
|-boost|p2a: Jimmy|atk|1
|-boost|p2a: Jimmy|spe|1
|move|p1a: Ting-Lu|Ruination|p2a: Jimmy
|-damage|p2a: Jimmy|51/100
|
|upkeep
|turn|16
|
|t:|1779932097
|move|p2a: Jimmy|Ice Spinner|p1a: Ting-Lu
|-supereffective|p1a: Ting-Lu
|-damage|p1a: Ting-Lu|34/100
|move|p1a: Ting-Lu|Whirlwind|p2a: Jimmy
|drag|p2a: Raging Bolt|Raging Bolt|100/100
|
|upkeep
|turn|17
|
|t:|1779932102
|-end|p2a: Raging Bolt|Protosynthesis|[silent]
|switch|p2a: Gliscor|Gliscor, F|29/100 tox
|move|p1a: Ting-Lu|Earthquake|p2a: Gliscor
|-immune|p2a: Gliscor
|
|-heal|p2a: Gliscor|41/100 tox|[from] ability: Poison Heal
|upkeep
|turn|18
|
|t:|1779932108
|switch|p1a: Zapdos|Zapdos|100/100
|move|p2a: Gliscor|Facade|p1a: Zapdos
|-damage|p1a: Zapdos|71/100
|
|-heal|p1a: Zapdos|77/100|[from] item: Leftovers
|-heal|p2a: Gliscor|54/100 tox|[from] ability: Poison Heal
|upkeep
|turn|19
|
|t:|1779932114
|move|p2a: Gliscor|Protect|p2a: Gliscor
|-singleturn|p2a: Gliscor|Protect
|move|p1a: Zapdos|Hurricane|p2a: Gliscor
|-activate|p2a: Gliscor|move: Protect
|
|-heal|p1a: Zapdos|84/100|[from] item: Leftovers
|-heal|p2a: Gliscor|66/100 tox|[from] ability: Poison Heal
|upkeep
|turn|20
|
|t:|1779932123
|move|p1a: Zapdos|Hurricane|p2a: Gliscor|[miss]
|-miss|p1a: Zapdos|p2a: Gliscor
|move|p2a: Gliscor|Swords Dance|p2a: Gliscor
|-boost|p2a: Gliscor|atk|2
|
|-heal|p1a: Zapdos|90/100|[from] item: Leftovers
|-heal|p2a: Gliscor|79/100 tox|[from] ability: Poison Heal
|upkeep
|turn|21
|
|t:|1779932127
|move|p2a: Gliscor|Protect|p2a: Gliscor
|-singleturn|p2a: Gliscor|Protect
|move|p1a: Zapdos|Hurricane|p2a: Gliscor
|-activate|p2a: Gliscor|move: Protect
|
|-heal|p1a: Zapdos|96/100|[from] item: Leftovers
|-heal|p2a: Gliscor|91/100 tox|[from] ability: Poison Heal
|upkeep
|turn|22
|
|t:|1779932130
|move|p1a: Zapdos|Hurricane|p2a: Gliscor
|-damage|p2a: Gliscor|37/100 tox
|-start|p2a: Gliscor|confusion
|-activate|p2a: Gliscor|confusion
|-damage|p2a: Gliscor|24/100 tox|[from] confusion
|
|-heal|p1a: Zapdos|100/100|[from] item: Leftovers
|-heal|p2a: Gliscor|37/100 tox|[from] ability: Poison Heal
|upkeep
|turn|23
|
|t:|1779932141
|switch|p1a: Iron Moth|Iron Moth|100/100
|-activate|p2a: Gliscor|confusion
|move|p2a: Gliscor|Protect||[still]
|-fail|p2a: Gliscor
|
|-heal|p2a: Gliscor|49/100 tox|[from] ability: Poison Heal
|upkeep
|turn|24
|
|t:|1779932156
|move|p1a: Iron Moth|Fiery Dance|p2a: Gliscor
|-damage|p2a: Gliscor|12/100 tox
|-boost|p1a: Iron Moth|spa|1
|-activate|p2a: Gliscor|confusion
|move|p2a: Gliscor|Facade|p1a: Iron Moth
|-damage|p1a: Iron Moth|0 fnt
|faint|p1a: Iron Moth
|-end|p1a: Iron Moth|Quark Drive|[silent]
|
|-heal|p2a: Gliscor|25/100 tox|[from] ability: Poison Heal
|upkeep
|
|t:|1779932166
|switch|p1a: Zapdos|Zapdos|100/100
|turn|25
|
|t:|1779932170
|-end|p2a: Gliscor|confusion
|move|p2a: Gliscor|Protect|p2a: Gliscor
|-singleturn|p2a: Gliscor|Protect
|move|p1a: Zapdos|Hurricane|p2a: Gliscor
|-activate|p2a: Gliscor|move: Protect
|
|-heal|p2a: Gliscor|37/100 tox|[from] ability: Poison Heal
|upkeep
|turn|26
|
|t:|1779932185
|move|p1a: Zapdos|Hurricane|p2a: Gliscor|[miss]
|-miss|p1a: Zapdos|p2a: Gliscor
|move|p2a: Gliscor|Knock Off|p1a: Zapdos
|-damage|p1a: Zapdos|58/100
|-enditem|p1a: Zapdos|Leftovers|[from] move: Knock Off|[of] p2a: Gliscor
|
|-heal|p2a: Gliscor|50/100 tox|[from] ability: Poison Heal
|upkeep
|turn|27
|
|t:|1779932191
|move|p2a: Gliscor|Protect|p2a: Gliscor
|-singleturn|p2a: Gliscor|Protect
|move|p1a: Zapdos|Roost|p1a: Zapdos
|-heal|p1a: Zapdos|100/100
|-singleturn|p1a: Zapdos|move: Roost
|
|-heal|p2a: Gliscor|62/100 tox|[from] ability: Poison Heal
|upkeep
|turn|28
|
|t:|1779932197
|move|p1a: Zapdos|Hurricane|p2a: Gliscor
|-damage|p2a: Gliscor|13/100 tox
|move|p2a: Gliscor|Facade|p1a: Zapdos
|-damage|p1a: Zapdos|43/100
|
|-heal|p2a: Gliscor|26/100 tox|[from] ability: Poison Heal
|upkeep
|turn|29
|
|t:|1779932205
|move|p2a: Gliscor|Protect|p2a: Gliscor
|-singleturn|p2a: Gliscor|Protect
|move|p1a: Zapdos|Roost|p1a: Zapdos
|-heal|p1a: Zapdos|93/100
|-singleturn|p1a: Zapdos|move: Roost
|
|-heal|p2a: Gliscor|38/100 tox|[from] ability: Poison Heal
|upkeep
|turn|30
|
|t:|1779932212
|switch|p2a: Raging Bolt|Raging Bolt|100/100
|move|p1a: Zapdos|Hurricane|p2a: Raging Bolt|[miss]
|-miss|p1a: Zapdos|p2a: Raging Bolt
|
|upkeep
|turn|31
|
|t:|1779932217
|switch|p1a: Ting-Lu|Ting-Lu|34/100
|-ability|p1a: Ting-Lu|Vessel of Ruin
|move|p2a: Raging Bolt|Dragon Pulse|p1a: Ting-Lu
|-damage|p1a: Ting-Lu|4/100
|
|upkeep
|turn|32
|
|t:|1779932224
|move|p2a: Raging Bolt|Dragon Pulse|p1a: Ting-Lu
|-damage|p1a: Ting-Lu|0 fnt
|faint|p1a: Ting-Lu
|
|upkeep
|
|t:|1779932228
|switch|p1a: Mimikyu|Mimikyu, M|100/100
|turn|33
|
|t:|1779932231
|move|p1a: Mimikyu|Play Rough|p2a: Raging Bolt
|-supereffective|p2a: Raging Bolt
|-damage|p2a: Raging Bolt|6/100
|-damage|p1a: Mimikyu|91/100|[from] item: Life Orb
|move|p2a: Raging Bolt|Volt Switch|p1a: Mimikyu
|-activate|p1a: Mimikyu|ability: Disguise
|-damage|p1a: Mimikyu|91/100
|detailschange|p1a: Mimikyu|Mimikyu-Busted, M
|-damage|p1a: Mimikyu|78/100|[from] pokemon: Mimikyu-Busted
|
|t:|1779932234
|-end|p2a: Raging Bolt|Protosynthesis|[silent]
|switch|p2a: Gholdengo|Gholdengo|100/100|[from] Volt Switch
|-item|p2a: Gholdengo|Air Balloon
|
|upkeep
|turn|34
|
|t:|1779932247
|switch|p1a: Zapdos|Zapdos|93/100
|move|p2a: Gholdengo|Hex|p1a: Zapdos
|-damage|p1a: Zapdos|65/100
|
|upkeep
|turn|35
|
|t:|1779932255
|switch|p2a: Raging Bolt|Raging Bolt|6/100
|move|p1a: Zapdos|Heat Wave|p2a: Raging Bolt
|-resisted|p2a: Raging Bolt
|-damage|p2a: Raging Bolt|0 fnt
|faint|p2a: Raging Bolt
|-end|p2a: Raging Bolt|Protosynthesis|[silent]
|
|upkeep
|
|t:|1779932256
|switch|p2a: Gliscor|Gliscor, F|38/100 tox
|turn|36
|
|t:|1779932266
|move|p2a: Gliscor|Protect|p2a: Gliscor
|-singleturn|p2a: Gliscor|Protect
|move|p1a: Zapdos|Roost|p1a: Zapdos
|-heal|p1a: Zapdos|100/100
|-singleturn|p1a: Zapdos|move: Roost
|
|-heal|p2a: Gliscor|51/100 tox|[from] ability: Poison Heal
|upkeep
|turn|37
|
|t:|1779932274
|move|p1a: Zapdos|Hurricane|p2a: Gliscor
|-damage|p2a: Gliscor|0 fnt
|faint|p2a: Gliscor
|
|upkeep
|
|t:|1779932276
|switch|p2a: Jimmy|Dragonite, F, shiny|51/100
|turn|38
|
|t:|1779932283
|move|p2a: Jimmy|Ice Spinner|p1a: Zapdos
|-supereffective|p1a: Zapdos
|-damage|p1a: Zapdos|33/100
|move|p1a: Zapdos|Hurricane|p2a: Jimmy
|-damage|p2a: Jimmy|0 fnt
|faint|p2a: Jimmy
|
|upkeep
|
|t:|1779932289
|switch|p2a: Gholdengo|Gholdengo|100/100
|-item|p2a: Gholdengo|Air Balloon
|turn|39
|
|t:|1779932293
|move|p1a: Zapdos|Heat Wave|p2a: Gholdengo
|-supereffective|p2a: Gholdengo
|-crit|p2a: Gholdengo
|-damage|p2a: Gholdengo|0 fnt
|-enditem|p2a: Gholdengo|Air Balloon
|faint|p2a: Gholdengo
|
|win|Latesorito
|raw|Latesorito's rating: 1336 &rarr; <strong>1360</strong><br />(+24 for winning)
|raw|skull2323's rating: 1403 &rarr; <strong>1379</strong><br />(-24 for losing)
|l|☆skull2323
|player|p2|
