|j|☆triceratopssss
|j|☆AkiDes
|t:|1779944747
|gametype|singles
|player|p1|triceratopssss|blue|1077
|player|p2|AkiDes|skier|1151
|gen|9
|tier|[Gen 9] OU
|rated|
|rule|HP Percentage Mod: HP is shown in percentages
|rule|Endless Battle Clause: Forcing endless battles is banned
|rule|Species Clause: Limit one of each Pokémon
|rule|OHKO Clause: OHKO moves are banned
|rule|Evasion Items Clause: Evasion items are banned
|rule|Evasion Moves Clause: Evasion moves are banned
|rule|Evasion Abilities Clause: Evasion abilities are banned
|rule|Sleep Moves Clause: Sleep-inducing moves are banned
|clearpoke
|poke|p1|Salamence, M|
|poke|p1|Kingambit, M|
|poke|p1|Mew|
|poke|p1|Venusaur, M|
|poke|p1|Raikou|
|poke|p1|Ursaluna, M|
|poke|p2|Excadrill, F|
|poke|p2|Ogerpon-Wellspring, F|
|poke|p2|Zapdos|
|poke|p2|Pelipper, M|
|poke|p2|Politoed, M|
|poke|p2|Glimmora, F|
|teampreview
|inactive|Battle timer is ON: inactive players will automatically lose when time's up. (requested by triceratopssss)
|
|t:|1779944760
|teamsize|p1|6
|teamsize|p2|6
|start
|switch|p1a: Gojira|Salamence, M|100/100
|switch|p2a: Glimmora|Glimmora, F|100/100
|-item|p2a: Glimmora|Air Balloon
|turn|1
|
|t:|1779944770
|move|p1a: Gojira|Dragon Dance|p1a: Gojira
|-boost|p1a: Gojira|atk|1
|-boost|p1a: Gojira|spe|1
|move|p2a: Glimmora|Stealth Rock|p1a: Gojira
|-sidestart|p1: triceratopssss|move: Stealth Rock
|
|upkeep
|turn|2
|
|t:|1779944776
|move|p1a: Gojira|Dragon Dance|p1a: Gojira
|-boost|p1a: Gojira|atk|1
|-boost|p1a: Gojira|spe|1
|move|p2a: Glimmora|Power Gem|p1a: Gojira
|-supereffective|p1a: Gojira
|-damage|p1a: Gojira|27/100
|
|upkeep
|turn|3
|
|t:|1779944784
|move|p1a: Gojira|Dragon Claw|p2a: Glimmora
|-damage|p2a: Glimmora|14/100
|-activate|p2a: Glimmora|ability: Toxic Debris
|-sidestart|p1: triceratopssss|move: Toxic Spikes
|-enditem|p2a: Glimmora|Air Balloon
|move|p2a: Glimmora|Power Gem|p1a: Gojira
|-supereffective|p1a: Gojira
|-damage|p1a: Gojira|0 fnt
|faint|p1a: Gojira
|
|upkeep
|
|t:|1779944797
|switch|p1a: Podha|Venusaur, M, shiny|100/100
|-sideend|p1: triceratopssss|move: Toxic Spikes|[of] p1a: Podha
|turn|4
|
|t:|1779944808
|move|p2a: Glimmora|Explosion|p1a: Podha
|-damage|p1a: Podha|56/100
|faint|p2a: Glimmora
|move|p1a: Podha|Sunny Day|p1a: Podha
|-weather|SunnyDay
|
|-weather|SunnyDay|[upkeep]
|upkeep
|
|t:|1779944820
|switch|p2a: Pelipper|Pelipper, M|100/100
|-weather|RainDance|[from] ability: Drizzle|[of] p2a: Pelipper
|turn|5
|
|t:|1779944824
|move|p1a: Podha|Sunny Day|p1a: Podha
|-weather|SunnyDay
|move|p2a: Pelipper|Hurricane|p1a: Podha
|-supereffective|p1a: Podha
|-damage|p1a: Podha|0 fnt
|faint|p1a: Podha
|
|-weather|SunnyDay|[upkeep]
|upkeep
|
|t:|1779944833
|switch|p1a: Buzz|Raikou, shiny|100/100
|-damage|p1a: Buzz|88/100|[from] Stealth Rock
|turn|6
|
|t:|1779944839
|switch|p2a: Excadrill|Excadrill, F|100/100
|-ability|p2a: Excadrill|Mold Breaker
|move|p1a: Buzz|Thunder Wave|p2a: Excadrill
|-immune|p2a: Excadrill
|
|-weather|SunnyDay|[upkeep]
|upkeep
|turn|7
|
|t:|1779944853
|move|p1a: Buzz|Scald|p2a: Excadrill
|-supereffective|p2a: Excadrill
|-damage|p2a: Excadrill|67/100
|move|p2a: Excadrill|Rapid Spin|p1a: Buzz
|-damage|p1a: Buzz|61/100
|-boost|p2a: Excadrill|spe|1
|
|-weather|SunnyDay|[upkeep]
|upkeep
|turn|8
|
|t:|1779944863
|move|p2a: Excadrill|Earthquake|p1a: Buzz
|-supereffective|p1a: Buzz
|-damage|p1a: Buzz|0 fnt
|faint|p1a: Buzz
|
|-weather|SunnyDay|[upkeep]
|upkeep
|-message|triceratopssss forfeited.
|
|win|AkiDes
|raw|triceratopssss's rating: 1077 &rarr; <strong>1060</strong><br />(-17 for losing)
|raw|AkiDes's rating: 1151 &rarr; <strong>1171</strong><br />(+20 for winning)
|l|☆triceratopssss
|player|p1|
