|j|☆inferno_on_top
|j|☆gardevoirandvapo
|t:|1779943886
|gametype|singles
|player|p1|inferno_on_top|gentleman-gen4|1277
|player|p2|gardevoirandvapo|101|1320
|gen|9
|tier|[Gen 9] OU
|rated|
|rule|HP Percentage Mod: HP is shown in percentages
|rule|Endless Battle Clause: Forcing endless battles is banned
|rule|Species Clause: Limit one of each Pokémon
|rule|OHKO Clause: OHKO moves are banned
|rule|Evasion Items Clause: Evasion items are banned
|rule|Evasion Moves Clause: Evasion moves are banned
|rule|Evasion Abilities Clause: Evasion abilities are banned
|rule|Sleep Moves Clause: Sleep-inducing moves are banned
|clearpoke
|poke|p1|Dragapult, M|
|poke|p1|Great Tusk|
|poke|p1|Kingambit, F|
|poke|p1|Rillaboom, M|
|poke|p1|Deoxys-Speed|
|poke|p1|Gholdengo|
|poke|p2|Tinkaton, F|
|poke|p2|Smeargle, F|
|poke|p2|Mismagius, M|
|poke|p2|Fezandipiti, M|
|poke|p2|Sandaconda, F|
|poke|p2|Darkrai|
|teampreview
|inactive|Battle timer is ON: inactive players will automatically lose when time's up. (requested by gardevoirandvapo)
|inactive|inferno_on_top has 120 seconds left.
|inactive|inferno_on_top has 90 seconds left.
|inactive|inferno_on_top has 60 seconds left.
|
|t:|1779944008
|teamsize|p1|6
|teamsize|p2|6
|start
|switch|p1a: Gholdengo|Gholdengo|100/100
|switch|p2a: Aldof|Smeargle, F|100/100
|turn|1
|
|t:|1779944016
|move|p1a: Gholdengo|Make It Rain|p2a: Aldof
|-damage|p2a: Aldof|0 fnt
|-unboost|p1a: Gholdengo|spa|1
|faint|p2a: Aldof
|
|upkeep
|
|t:|1779944026
|switch|p2a: Tinkywinkypinky|Tinkaton, F|100/100
|-ability|p2a: Tinkywinkypinky|Mold Breaker
|turn|2
|
|t:|1779944031
|move|p1a: Gholdengo|Make It Rain|p2a: Tinkywinkypinky
|-damage|p2a: Tinkywinkypinky|66/100
|-unboost|p1a: Gholdengo|spa|1
|move|p2a: Tinkywinkypinky|Thunder Wave|p1a: Gholdengo|[miss]
|-miss|p2a: Tinkywinkypinky|p1a: Gholdengo
|
|-heal|p2a: Tinkywinkypinky|72/100|[from] item: Leftovers
|upkeep
|turn|3
|inactive|inferno_on_top has 120 seconds left.
|
|t:|1779944038
|move|p1a: Gholdengo|Make It Rain|p2a: Tinkywinkypinky
|-damage|p2a: Tinkywinkypinky|44/100
|-unboost|p1a: Gholdengo|spa|1
|move|p2a: Tinkywinkypinky|Knock Off|p1a: Gholdengo
|-supereffective|p1a: Gholdengo
|-damage|p1a: Gholdengo|57/100
|-enditem|p1a: Gholdengo|Choice Scarf|[from] move: Knock Off|[of] p2a: Tinkywinkypinky
|
|-heal|p2a: Tinkywinkypinky|50/100|[from] item: Leftovers
|upkeep
|turn|4
|inactive|inferno_on_top has 120 seconds left.
|
|t:|1779944063
|move|p1a: Gholdengo|Trick|p2a: Tinkywinkypinky
|-activate|p1a: Gholdengo|move: Trick|[of] p2a: Tinkywinkypinky
|-enditem|p2a: Tinkywinkypinky|Leftovers|[silent]|[from] move: Trick
|-item|p1a: Gholdengo|Leftovers|[from] move: Trick
|move|p2a: Tinkywinkypinky|Thunder Wave|p1a: Gholdengo
|-status|p1a: Gholdengo|par
|
|-heal|p1a: Gholdengo|63/100 par|[from] item: Leftovers
|upkeep
|turn|5
|inactive|inferno_on_top has 120 seconds left.
|l|☆inferno_on_top
|inactive|inferno_on_top disconnected and has a minute to reconnect!
|player|p1|
|j|☆inferno_on_top
|inactive|inferno_on_top reconnected and has 100 seconds left.
|player|p1|inferno_on_top|gentleman-gen4|
|
|t:|1779944100
|move|p2a: Tinkywinkypinky|Knock Off|p1a: Gholdengo
|-supereffective|p1a: Gholdengo
|-damage|p1a: Gholdengo|20/100 par
|-enditem|p1a: Gholdengo|Leftovers|[from] move: Knock Off|[of] p2a: Tinkywinkypinky
|move|p1a: Gholdengo|Make It Rain|p2a: Tinkywinkypinky
|-damage|p2a: Tinkywinkypinky|26/100
|-unboost|p1a: Gholdengo|spa|1
|
|upkeep
|turn|6
|
|t:|1779944117
|move|p2a: Tinkywinkypinky|Knock Off|p1a: Gholdengo
|-supereffective|p1a: Gholdengo
|-damage|p1a: Gholdengo|0 fnt
|faint|p1a: Gholdengo
|
|upkeep
|
|t:|1779944128
|switch|p1a: Drago|Dragapult, M|100/100
|turn|7
|
|t:|1779944132
|move|p1a: Drago|Shadow Ball|p2a: Tinkywinkypinky
|-damage|p2a: Tinkywinkypinky|0 fnt
|faint|p2a: Tinkywinkypinky
|
|upkeep
|
|t:|1779944149
|switch|p2a: Starey|Sandaconda, F|100/100
|turn|8
|
|t:|1779944161
|switch|p1a: Alien|Deoxys-Speed|100/100
|-ability|p1a: Alien|Pressure
|move|p2a: Starey|Glare|p1a: Alien
|-status|p1a: Alien|par
|
|upkeep
|turn|9
|
|t:|1779944177
|move|p1a: Alien|Energy Ball|p2a: Starey
|-supereffective|p2a: Starey
|-damage|p2a: Starey|21/100
|move|p2a: Starey|Coil|p2a: Starey
|-boost|p2a: Starey|atk|1
|-boost|p2a: Starey|def|1
|-boost|p2a: Starey|accuracy|1
|
|-heal|p2a: Starey|27/100|[from] item: Leftovers
|upkeep
|turn|10
|
|t:|1779944183
|move|p1a: Alien|Energy Ball|p2a: Starey
|-supereffective|p2a: Starey
|-damage|p2a: Starey|0 fnt
|faint|p2a: Starey
|
|upkeep
|
|t:|1779944192
|switch|p2a: Venoex|Fezandipiti, M|100/100
|turn|11
|
|t:|1779944197
|switch|p1a: King|Kingambit, F|100/100
|move|p2a: Venoex|Hex|p1a: King
|-resisted|p1a: King
|-damage|p1a: King|93/100
|
|upkeep
|turn|12
|
|t:|1779944209
|switch|p2a: Sandman|Darkrai|100/100
|move|p1a: King|Iron Head|p2a: Sandman
|-damage|p2a: Sandman|14/100
|-damage|p1a: King|83/100|[from] item: Life Orb
|
|upkeep
|turn|13
|
|t:|1779944216
|move|p1a: King|Sucker Punch|p2a: Sandman
|-resisted|p2a: Sandman
|-damage|p2a: Sandman|0 fnt
|faint|p2a: Sandman
|-damage|p1a: King|73/100|[from] item: Life Orb
|
|upkeep
|
|t:|1779944226
|switch|p2a: Mismagiusty|Mismagius, M, shiny|100/100
|turn|14
|
|t:|1779944242
|move|p2a: Mismagiusty|Mystical Fire|p1a: King
|-supereffective|p1a: King
|-damage|p1a: King|8/100
|-unboost|p1a: King|spa|1
|-ability|p1a: King|Defiant|boost
|-boost|p1a: King|atk|2
|move|p1a: King|Iron Head|p2a: Mismagiusty
|-damage|p2a: Mismagiusty|0 fnt
|faint|p2a: Mismagiusty
|-damage|p1a: King|0 fnt|[from] item: Life Orb
|faint|p1a: King
|
|upkeep
|
|t:|1779944255
|switch|p2a: Venoex|Fezandipiti, M|100/100
|switch|p1a: Alien|Deoxys-Speed|100/100 par
|-ability|p1a: Alien|Pressure
|turn|15
|
|t:|1779944261
|move|p1a: Alien|Trick|p2a: Venoex
|-activate|p1a: Alien|move: Trick|[of] p2a: Venoex
|-item|p2a: Venoex|Choice Specs|[from] move: Trick
|-item|p1a: Alien|Sitrus Berry|[from] move: Trick
|move|p2a: Venoex|Nasty Plot|p2a: Venoex
|-boost|p2a: Venoex|spa|2
|
|upkeep
|turn|16
|-message|gardevoirandvapo forfeited.
|
|win|inferno_on_top
|raw|inferno_on_top's rating: 1277 &rarr; <strong>1305</strong><br />(+28 for winning)
|raw|gardevoirandvapo's rating: 1320 &rarr; <strong>1298</strong><br />(-22 for losing)
|c|☆inferno_on_top|gg
|l|☆inferno_on_top
|player|p1|
