|j|☆CrikeyDasAuto
|j|☆EL-Lindo
|t:|1779957118
|gametype|singles
|player|p1|CrikeyDasAuto|266|1072
|player|p2|EL-Lindo|2|1118
|gen|9
|tier|[Gen 9] OU
|rated|
|rule|HP Percentage Mod: HP is shown in percentages
|rule|Endless Battle Clause: Forcing endless battles is banned
|rule|Species Clause: Limit one of each Pokémon
|rule|OHKO Clause: OHKO moves are banned
|rule|Evasion Items Clause: Evasion items are banned
|rule|Evasion Moves Clause: Evasion moves are banned
|rule|Evasion Abilities Clause: Evasion abilities are banned
|rule|Sleep Moves Clause: Sleep-inducing moves are banned
|clearpoke
|poke|p1|Dragonite, F|
|poke|p1|Blastoise, M|
|poke|p1|Weavile, F|
|poke|p1|Scizor, F|
|poke|p1|Rhydon, F|
|poke|p1|Gengar, M|
|poke|p2|Raging Bolt|
|poke|p2|Rillaboom, F|
|poke|p2|Hatterene, F|
|poke|p2|Hawlucha, M|
|poke|p2|Great Tusk|
|poke|p2|Heatran, M|
|teampreview
|inactive|Battle timer is ON: inactive players will automatically lose when time's up. (requested by EL-Lindo)
|
|t:|1779957130
|teamsize|p1|6
|teamsize|p2|6
|start
|switch|p1a: Dragonite|Dragonite, F|100/100
|switch|p2a: Rillaboom|Rillaboom, F|100/100
|-fieldstart|move: Grassy Terrain|[from] ability: Grassy Surge|[of] p2a: Rillaboom
|turn|1
|
|t:|1779957139
|move|p1a: Dragonite|Ice Spinner|p2a: Rillaboom
|-supereffective|p2a: Rillaboom
|-damage|p2a: Rillaboom|45/100
|-fieldend|move: Grassy Terrain
|move|p2a: Rillaboom|Knock Off|p1a: Dragonite
|-damage|p1a: Dragonite|79/100
|-enditem|p1a: Dragonite|Heavy-Duty Boots|[from] move: Knock Off|[of] p2a: Rillaboom
|
|upkeep
|turn|2
|
|t:|1779957148
|switch|p2a: Heatran|Heatran, M|100/100
|-item|p2a: Heatran|Air Balloon
|move|p1a: Dragonite|Ice Spinner|p2a: Heatran
|-resisted|p2a: Heatran
|-damage|p2a: Heatran|94/100
|-enditem|p2a: Heatran|Air Balloon
|
|upkeep
|turn|3
|
|t:|1779957157
|move|p1a: Dragonite|Earthquake|p2a: Heatran
|-supereffective|p2a: Heatran
|-damage|p2a: Heatran|0 fnt
|faint|p2a: Heatran
|
|upkeep
|
|t:|1779957163
|switch|p2a: Raging Bolt|Raging Bolt|100/100
|turn|4
|
|t:|1779957173
|switch|p1a: Weavile|Weavile, F|100/100
|move|p2a: Raging Bolt|Draco Meteor|p1a: Weavile
|-damage|p1a: Weavile|0 fnt
|-unboost|p2a: Raging Bolt|spa|2
|faint|p1a: Weavile
|
|upkeep
|
|t:|1779957192
|switch|p1a: Rhydon|Rhydon, F|100/100
|turn|5
|
|t:|1779957197
|-end|p2a: Raging Bolt|Protosynthesis|[silent]
|switch|p2a: Rillaboom|Rillaboom, F|45/100
|-fieldstart|move: Grassy Terrain|[from] ability: Grassy Surge|[of] p2a: Rillaboom
|move|p1a: Rhydon|Earthquake|p2a: Rillaboom
|-resisted|p2a: Rillaboom
|-damage|p2a: Rillaboom|34/100
|
|-heal|p2a: Rillaboom|41/100|[from] Grassy Terrain
|upkeep
|turn|6
|
|t:|1779957209
|switch|p1a: Dragonite|Dragonite, F|79/100
|move|p2a: Rillaboom|Grassy Glide|p1a: Dragonite
|-resisted|p1a: Dragonite
|-damage|p1a: Dragonite|69/100
|
|-heal|p2a: Rillaboom|47/100|[from] Grassy Terrain
|upkeep
|turn|7
|
|t:|1779957228
|switch|p2a: Hatterene|Hatterene, F|100/100
|-enditem|p2a: Hatterene|Grassy Seed
|-boost|p2a: Hatterene|def|1|[from] item: Grassy Seed
|move|p1a: Dragonite|Ice Spinner|p2a: Hatterene
|-damage|p2a: Hatterene|84/100
|-fieldend|move: Grassy Terrain
|
|upkeep
|turn|8
|
|t:|1779957239
|switch|p1a: Scizor|Scizor, F|100/100
|move|p2a: Hatterene|Draining Kiss|p1a: Scizor
|-resisted|p1a: Scizor
|-damage|p1a: Scizor|87/100
|-heal|p2a: Hatterene|94/100|[from] drain|[of] p1a: Scizor
|
|upkeep
|turn|9
|
|t:|1779957253
|-terastallize|p2a: Hatterene|Water
|move|p1a: Scizor|Bullet Punch|p2a: Hatterene
|-resisted|p2a: Hatterene
|-damage|p2a: Hatterene|87/100
|move|p2a: Hatterene|Mystical Fire|p1a: Scizor
|-supereffective|p1a: Scizor
|-damage|p1a: Scizor|0 fnt
|faint|p1a: Scizor
|
|upkeep
|
|t:|1779957266
|switch|p1a: Gengar|Gengar, M|100/100
|-item|p1a: Gengar|Air Balloon
|turn|10
|
|t:|1779957281
|move|p1a: Gengar|Nasty Plot|p1a: Gengar
|-boost|p1a: Gengar|spa|2
|move|p2a: Hatterene|Psyshock|p1a: Gengar
|-supereffective|p1a: Gengar
|-damage|p1a: Gengar|0 fnt
|-enditem|p1a: Gengar|Air Balloon
|faint|p1a: Gengar
|
|upkeep
|
|t:|1779957294
|switch|p1a: Blastoise|Blastoise, M|100/100
|turn|11
|
|t:|1779957302
|move|p1a: Blastoise|Crunch|p2a: Hatterene
|-damage|p2a: Hatterene|79/100
|move|p2a: Hatterene|Draining Kiss|p1a: Blastoise
|-damage|p1a: Blastoise|80/100
|-heal|p2a: Hatterene|97/100|[from] drain|[of] p1a: Blastoise
|
|upkeep
|turn|12
|
|t:|1779957313
|move|p1a: Blastoise|Blizzard|p2a: Hatterene|[miss]
|-miss|p1a: Blastoise|p2a: Hatterene
|move|p2a: Hatterene|Psyshock|p1a: Blastoise
|-damage|p1a: Blastoise|47/100
|
|upkeep
|turn|13
|
|t:|1779957318
|move|p1a: Blastoise|Blizzard|p2a: Hatterene
|-resisted|p2a: Hatterene
|-damage|p2a: Hatterene|86/100
|move|p2a: Hatterene|Psyshock|p1a: Blastoise
|-damage|p1a: Blastoise|18/100
|
|upkeep
|turn|14
|
|t:|1779957328
|move|p1a: Blastoise|Blizzard|p2a: Hatterene
|-resisted|p2a: Hatterene
|-damage|p2a: Hatterene|75/100
|move|p2a: Hatterene|Draining Kiss|p1a: Blastoise
|-damage|p1a: Blastoise|0 fnt
|-heal|p2a: Hatterene|90/100|[from] drain|[of] p1a: Blastoise
|faint|p1a: Blastoise
|
|upkeep
|
|t:|1779957337
|switch|p1a: Dragonite|Dragonite, F|69/100
|turn|15
|
|t:|1779957350
|move|p1a: Dragonite|Earthquake|p2a: Hatterene
|-damage|p2a: Hatterene|71/100
|move|p2a: Hatterene|Draining Kiss|p1a: Dragonite
|-supereffective|p1a: Dragonite
|-damage|p1a: Dragonite|17/100
|-heal|p2a: Hatterene|100/100|[from] drain|[of] p1a: Dragonite
|
|upkeep
|turn|16
|
|t:|1779957357
|move|p1a: Dragonite|Earthquake|p2a: Hatterene
|-damage|p2a: Hatterene|79/100
|move|p2a: Hatterene|Draining Kiss|p1a: Dragonite
|-supereffective|p1a: Dragonite
|-damage|p1a: Dragonite|0 fnt
|-heal|p2a: Hatterene|92/100|[from] drain|[of] p1a: Dragonite
|faint|p1a: Dragonite
|
|upkeep
|
|t:|1779957365
|switch|p1a: Rhydon|Rhydon, F|100/100
|turn|17
|
|t:|1779957372
|move|p1a: Rhydon|Earthquake|p2a: Hatterene
|-damage|p2a: Hatterene|63/100
|move|p2a: Hatterene|Draining Kiss|p1a: Rhydon
|-damage|p1a: Rhydon|83/100
|-heal|p2a: Hatterene|80/100|[from] drain|[of] p1a: Rhydon
|
|upkeep
|turn|18
|
|t:|1779957378
|move|p1a: Rhydon|Earthquake|p2a: Hatterene
|-damage|p2a: Hatterene|50/100
|move|p2a: Hatterene|Psyshock|p1a: Rhydon
|-damage|p1a: Rhydon|65/100
|
|upkeep
|turn|19
|
|t:|1779957384
|move|p1a: Rhydon|Swords Dance|p1a: Rhydon
|-boost|p1a: Rhydon|atk|2
|move|p2a: Hatterene|Psyshock|p1a: Rhydon
|-damage|p1a: Rhydon|47/100
|
|upkeep
|turn|20
|
|t:|1779957389
|move|p1a: Rhydon|Earthquake|p2a: Hatterene
|-damage|p2a: Hatterene|0 fnt
|faint|p2a: Hatterene
|
|upkeep
|
|t:|1779957399
|switch|p2a: Rillaboom|Rillaboom, F|47/100
|-fieldstart|move: Grassy Terrain|[from] ability: Grassy Surge|[of] p2a: Rillaboom
|turn|21
|
|t:|1779957408
|move|p2a: Rillaboom|Grassy Glide|p1a: Rhydon
|-supereffective|p1a: Rhydon
|-damage|p1a: Rhydon|0 fnt
|faint|p1a: Rhydon
|
|win|EL-Lindo
|raw|CrikeyDasAuto's rating: 1072 &rarr; <strong>1052</strong><br />(-20 for losing)
|raw|EL-Lindo's rating: 1090 &rarr; <strong>1115</strong><br />(+25 for winning)
|l|☆CrikeyDasAuto
|player|p1|
|l|☆EL-Lindo
|player|p2|
