|j|☆SqueeboSquorb
|j|☆redz17
|t:|1779871901
|gametype|singles
|player|p1|SqueeboSquorb|hilbert-wonderlauncher|1191
|player|p2|redz17|blackbelt-gen4dp|1153
|gen|9
|tier|[Gen 9] OU
|rated|
|rule|HP Percentage Mod: HP is shown in percentages
|rule|Endless Battle Clause: Forcing endless battles is banned
|rule|Species Clause: Limit one of each Pokémon
|rule|OHKO Clause: OHKO moves are banned
|rule|Evasion Items Clause: Evasion items are banned
|rule|Evasion Moves Clause: Evasion moves are banned
|rule|Evasion Abilities Clause: Evasion abilities are banned
|rule|Sleep Moves Clause: Sleep-inducing moves are banned
|clearpoke
|poke|p1|Skeledirge, F|
|poke|p1|Mandibuzz, F|
|poke|p1|Gholdengo|
|poke|p1|Rillaboom, M|
|poke|p1|Ogerpon-Wellspring, F|
|poke|p1|Glimmora, F|
|poke|p2|Rampardos, M|
|poke|p2|Clefable, F|
|poke|p2|Glimmora, F|
|poke|p2|Deoxys-Speed|
|poke|p2|Zapdos|
|poke|p2|Zamazenta-*|
|teampreview
|inactive|Battle timer is ON: inactive players will automatically lose when time's up. (requested by redz17)
|
|t:|1779871906
|teamsize|p1|6
|teamsize|p2|6
|start
|switch|p1a: Glimmora|Glimmora, F|100/100
|switch|p2a: Toxic|Glimmora, F|100/100
|turn|1
|
|t:|1779871923
|move|p1a: Glimmora|Earth Power|p2a: Toxic
|-supereffective|p2a: Toxic
|-enditem|p2a: Toxic|Focus Sash
|-damage|p2a: Toxic|1/100
|move|p2a: Toxic|Stealth Rock|p1a: Glimmora
|-sidestart|p1: SqueeboSquorb|move: Stealth Rock
|
|upkeep
|turn|2
|
|t:|1779871936
|move|p1a: Glimmora|Earth Power|p2a: Toxic
|-supereffective|p2a: Toxic
|-damage|p2a: Toxic|0 fnt
|faint|p2a: Toxic
|
|upkeep
|
|t:|1779871939
|switch|p2a: Covid|Deoxys-Speed|100/100
|-ability|p2a: Covid|Pressure
|turn|3
|
|t:|1779871944
|move|p2a: Covid|Trick|p1a: Glimmora
|-activate|p2a: Covid|move: Trick|[of] p1a: Glimmora
|-item|p1a: Glimmora|Choice Specs|[from] move: Trick
|-item|p2a: Covid|Focus Sash|[from] move: Trick
|move|p1a: Glimmora|Power Gem|p2a: Covid
|-enditem|p2a: Covid|Focus Sash
|-damage|p2a: Covid|1/100
|
|upkeep
|turn|4
|
|t:|1779871951
|move|p2a: Covid|Psycho Boost|p1a: Glimmora
|-supereffective|p1a: Glimmora
|-damage|p1a: Glimmora|0 fnt
|-unboost|p2a: Covid|spa|2
|faint|p1a: Glimmora
|
|upkeep
|
|t:|1779871964
|switch|p1a: Rillaboom|Rillaboom, M|100/100
|-damage|p1a: Rillaboom|88/100|[from] Stealth Rock
|-fieldstart|move: Grassy Terrain|[from] ability: Grassy Surge|[of] p1a: Rillaboom
|turn|5
|
|t:|1779871970
|move|p1a: Rillaboom|Grassy Glide|p2a: Covid
|-damage|p2a: Covid|0 fnt
|faint|p2a: Covid
|
|-heal|p1a: Rillaboom|94/100|[from] Grassy Terrain
|upkeep
|
|t:|1779871973
|switch|p2a: Thunderbird|Zapdos|100/100
|turn|6
|
|t:|1779871996
|switch|p1a: Skeledirge|Skeledirge, F|100/100
|move|p2a: Thunderbird|Thunder Wave|p1a: Skeledirge
|-status|p1a: Skeledirge|par
|
|upkeep
|turn|7
|
|t:|1779872005
|move|p2a: Thunderbird|Thunderbolt|p1a: Skeledirge
|-damage|p1a: Skeledirge|69/100 par
|move|p1a: Skeledirge|Torch Song|p2a: Thunderbird
|-damage|p2a: Thunderbird|71/100
|-boost|p1a: Skeledirge|spa|1
|
|-heal|p2a: Thunderbird|78/100|[from] item: Leftovers
|-heal|p1a: Skeledirge|75/100 par|[from] Grassy Terrain
|upkeep
|turn|8
|
|t:|1779872016
|move|p2a: Thunderbird|Hurricane|p1a: Skeledirge|[miss]
|-miss|p2a: Thunderbird|p1a: Skeledirge
|move|p1a: Skeledirge|Torch Song|p2a: Thunderbird
|-damage|p2a: Thunderbird|38/100
|-boost|p1a: Skeledirge|spa|1
|
|-heal|p2a: Thunderbird|44/100|[from] item: Leftovers
|-heal|p1a: Skeledirge|81/100 par|[from] Grassy Terrain
|upkeep
|turn|9
|
|t:|1779872026
|move|p2a: Thunderbird|Hurricane|p1a: Skeledirge
|-damage|p1a: Skeledirge|45/100 par
|move|p1a: Skeledirge|Torch Song|p2a: Thunderbird
|-damage|p2a: Thunderbird|0 fnt
|-boost|p1a: Skeledirge|spa|1
|faint|p2a: Thunderbird
|
|-heal|p1a: Skeledirge|51/100 par|[from] Grassy Terrain
|-fieldend|move: Grassy Terrain
|upkeep
|
|t:|1779872042
|switch|p2a: Train|Rampardos, M|100/100
|turn|10
|
|t:|1779872050
|move|p2a: Train|Earthquake|p1a: Skeledirge
|-supereffective|p1a: Skeledirge
|-damage|p1a: Skeledirge|0 fnt
|faint|p1a: Skeledirge
|
|upkeep
|
|t:|1779872075
|switch|p1a: Rillaboom|Rillaboom, M|94/100
|-damage|p1a: Rillaboom|82/100|[from] Stealth Rock
|-fieldstart|move: Grassy Terrain|[from] ability: Grassy Surge|[of] p1a: Rillaboom
|turn|11
|
|t:|1779872081
|switch|p2a: Happy|Clefable, F|100/100
|move|p1a: Rillaboom|Wood Hammer|p2a: Happy
|-damage|p2a: Happy|0 fnt
|faint|p2a: Happy
|-damage|p1a: Rillaboom|49/100|[from] Recoil
|
|-heal|p1a: Rillaboom|55/100|[from] Grassy Terrain
|upkeep
|
|t:|1779872088
|switch|p2a: Knight|Zamazenta|100/100
|-ability|p2a: Knight|Dauntless Shield|boost
|-boost|p2a: Knight|def|1
|turn|12
|
|t:|1779872103
|move|p2a: Knight|Iron Defense|p2a: Knight
|-boost|p2a: Knight|def|2
|move|p1a: Rillaboom|Wood Hammer|p2a: Knight
|-damage|p2a: Knight|62/100
|-damage|p1a: Rillaboom|43/100|[from] Recoil
|
|-heal|p2a: Knight|68/100|[from] Grassy Terrain
|-heal|p2a: Knight|74/100|[from] item: Leftovers
|-heal|p1a: Rillaboom|49/100|[from] Grassy Terrain
|upkeep
|turn|13
|
|t:|1779872109
|-terastallize|p1a: Rillaboom|Grass
|move|p2a: Knight|Iron Defense|p2a: Knight
|-boost|p2a: Knight|def|2
|move|p1a: Rillaboom|Wood Hammer|p2a: Knight
|-damage|p2a: Knight|35/100
|-damage|p1a: Rillaboom|37/100|[from] Recoil
|
|-heal|p2a: Knight|41/100|[from] Grassy Terrain
|-heal|p2a: Knight|48/100|[from] item: Leftovers
|-heal|p1a: Rillaboom|43/100|[from] Grassy Terrain
|upkeep
|turn|14
|
|t:|1779872116
|move|p2a: Knight|Body Press|p1a: Rillaboom
|-damage|p1a: Rillaboom|0 fnt
|faint|p1a: Rillaboom
|
|-heal|p2a: Knight|54/100|[from] Grassy Terrain
|-heal|p2a: Knight|60/100|[from] item: Leftovers
|upkeep
|
|t:|1779872121
|switch|p1a: Gholdengo|Gholdengo|100/100
|-damage|p1a: Gholdengo|94/100|[from] Stealth Rock
|turn|15
|
|t:|1779872125
|move|p1a: Gholdengo|Shadow Ball|p2a: Knight
|-damage|p2a: Knight|31/100
|move|p2a: Knight|Crunch|p1a: Gholdengo
|-supereffective|p1a: Gholdengo
|-damage|p1a: Gholdengo|47/100
|
|-heal|p1a: Gholdengo|54/100|[from] Grassy Terrain
|-heal|p2a: Knight|37/100|[from] Grassy Terrain
|-heal|p2a: Knight|43/100|[from] item: Leftovers
|-fieldend|move: Grassy Terrain
|upkeep
|turn|16
|
|t:|1779872132
|move|p1a: Gholdengo|Shadow Ball|p2a: Knight
|-damage|p2a: Knight|14/100
|move|p2a: Knight|Crunch|p1a: Gholdengo
|-supereffective|p1a: Gholdengo
|-damage|p1a: Gholdengo|5/100
|
|-heal|p2a: Knight|20/100|[from] item: Leftovers
|upkeep
|turn|17
|
|t:|1779872137
|move|p1a: Gholdengo|Shadow Ball|p2a: Knight
|-damage|p2a: Knight|0 fnt
|faint|p2a: Knight
|
|upkeep
|
|t:|1779872139
|switch|p2a: Train|Rampardos, M|100/100
|turn|18
|
|t:|1779872153
|-terastallize|p2a: Train|Steel
|move|p1a: Gholdengo|Shadow Ball|p2a: Train
|-damage|p2a: Train|37/100
|move|p2a: Train|Thunder Punch|p1a: Gholdengo
|-damage|p1a: Gholdengo|0 fnt
|faint|p1a: Gholdengo
|
|upkeep
|
|t:|1779872158
|switch|p1a: Ogerpon|Ogerpon-Wellspring, F|100/100
|-damage|p1a: Ogerpon|88/100|[from] Stealth Rock
|turn|19
|
|t:|1779872161
|move|p1a: Ogerpon|Ivy Cudgel|p2a: Train|[anim] Ivy Cudgel Water
|-damage|p2a: Train|0 fnt
|faint|p2a: Train
|
|win|SqueeboSquorb
|raw|SqueeboSquorb's rating: 1191 &rarr; <strong>1213</strong><br />(+22 for winning)
|raw|redz17's rating: 1153 &rarr; <strong>1131</strong><br />(-22 for losing)
|l|☆SqueeboSquorb
|player|p1|
|l|☆redz17
|player|p2|
