|j|☆inferno_on_top
|j|☆DEEZ NUTHS
|t:|1779854635
|gametype|singles
|player|p1|inferno_on_top|gentleman-gen4|1343
|player|p2|DEEZ NUTHS|steven|1350
|gen|9
|tier|[Gen 9] OU
|rated|
|rule|HP Percentage Mod: HP is shown in percentages
|rule|Endless Battle Clause: Forcing endless battles is banned
|rule|Species Clause: Limit one of each Pokémon
|rule|OHKO Clause: OHKO moves are banned
|rule|Evasion Items Clause: Evasion items are banned
|rule|Evasion Moves Clause: Evasion moves are banned
|rule|Evasion Abilities Clause: Evasion abilities are banned
|rule|Sleep Moves Clause: Sleep-inducing moves are banned
|clearpoke
|poke|p1|Dragapult, M|
|poke|p1|Great Tusk|
|poke|p1|Kingambit, F|
|poke|p1|Rillaboom, M|
|poke|p1|Deoxys-Speed|
|poke|p1|Gholdengo|
|poke|p2|Primarina, F|
|poke|p2|Weavile, F|
|poke|p2|Corviknight, F|
|poke|p2|Garchomp, M|
|poke|p2|Enamorus, F|
|poke|p2|Slowking-Galar, F|
|teampreview
|inactive|Battle timer is ON: inactive players will automatically lose when time's up. (requested by inferno_on_top)
|
|t:|1779854672
|teamsize|p1|6
|teamsize|p2|6
|start
|switch|p1a: Gholdengo|Gholdengo|100/100
|switch|p2a: Jet2Holiday|Garchomp, M|100/100
|turn|1
|
|t:|1779854698
|switch|p1a: Monkey|Rillaboom, M|100/100
|-fieldstart|move: Grassy Terrain|[from] ability: Grassy Surge|[of] p1a: Monkey
|move|p2a: Jet2Holiday|Earthquake|p1a: Monkey
|-resisted|p1a: Monkey
|-damage|p1a: Monkey|89/100
|
|-heal|p1a: Monkey|95/100|[from] Grassy Terrain
|upkeep
|turn|2
|c|☆inferno_on_top|50% off per person
|
|t:|1779854723
|move|p1a: Monkey|Wood Hammer|p2a: Jet2Holiday
|-crit|p2a: Jet2Holiday
|-damage|p2a: Jet2Holiday|0 fnt
|-damage|p1a: Monkey|82/100|[from] ability: Rough Skin|[of] p2a: Jet2Holiday
|-damage|p1a: Monkey|66/100|[from] item: Rocky Helmet|[of] p2a: Jet2Holiday
|faint|p2a: Jet2Holiday
|-damage|p1a: Monkey|25/100|[from] Recoil
|
|-heal|p1a: Monkey|31/100|[from] Grassy Terrain
|upkeep
|inactive|DEEZ NUTHS has 120 seconds left.
|l|☆DEEZ NUTHS
|inactive|DEEZ NUTHS disconnected and has a minute to reconnect!
|player|p2|
|j|☆DEEZ NUTHS
|inactive|DEEZ NUTHS reconnected and has 100 seconds left.
|player|p2|DEEZ NUTHS|steven|
|
|t:|1779854759
|switch|p2a: Iceman|Weavile, F|100/100
|turn|3
|
|t:|1779854776
|move|p2a: Iceman|Knock Off|p1a: Monkey
|-damage|p1a: Monkey|0 fnt
|-enditem|p1a: Monkey|Choice Band|[from] move: Knock Off|[of] p2a: Iceman
|faint|p1a: Monkey
|
|upkeep
|
|t:|1779854783
|switch|p1a: Gholdengo|Gholdengo|100/100
|turn|4
|
|t:|1779854801
|switch|p2a: Navy seal|Primarina, F|100/100
|move|p1a: Gholdengo|Make It Rain|p2a: Navy seal
|-damage|p2a: Navy seal|59/100
|-unboost|p1a: Gholdengo|spa|1
|
|-heal|p2a: Navy seal|65/100|[from] Grassy Terrain
|upkeep
|turn|5
|
|t:|1779854811
|switch|p1a: King|Kingambit, F|100/100
|move|p2a: Navy seal|Surf|p1a: King
|-damage|p1a: King|55/100
|
|-heal|p2a: Navy seal|72/100|[from] Grassy Terrain
|-heal|p1a: King|61/100|[from] Grassy Terrain
|-fieldend|move: Grassy Terrain
|upkeep
|turn|6
|
|t:|1779854826
|move|p2a: Navy seal|Moonblast|p1a: King
|-damage|p1a: King|14/100
|move|p1a: King|Iron Head|p2a: Navy seal
|-damage|p2a: Navy seal|0 fnt
|faint|p2a: Navy seal
|-damage|p1a: King|4/100|[from] item: Life Orb
|
|upkeep
|
|t:|1779854835
|switch|p2a: Iceman|Weavile, F|100/100
|turn|7
|
|t:|1779854838
|move|p2a: Iceman|Ice Shard|p1a: King
|-resisted|p1a: King
|-damage|p1a: King|0 fnt
|faint|p1a: King
|
|upkeep
|
|t:|1779854844
|switch|p1a: Gholdengo|Gholdengo|100/100
|turn|8
|inactive|DEEZ NUTHS has 120 seconds left.
|
|t:|1779854856
|switch|p2a: Corviknight|Corviknight, F|100/100
|move|p1a: Gholdengo|Make It Rain|p2a: Corviknight
|-resisted|p2a: Corviknight
|-damage|p2a: Corviknight|67/100
|-unboost|p1a: Gholdengo|spa|1
|
|upkeep
|turn|9
|
|t:|1779854866
|switch|p1a: Chad|Great Tusk|100/100
|-enditem|p1a: Chad|Booster Energy
|-activate|p1a: Chad|ability: Protosynthesis|[fromitem]
|-start|p1a: Chad|protosynthesisatk
|move|p2a: Corviknight|Brave Bird|p1a: Chad
|-supereffective|p1a: Chad
|-damage|p1a: Chad|49/100
|-damage|p2a: Corviknight|52/100|[from] Recoil
|
|upkeep
|turn|10
|
|t:|1779854877
|move|p1a: Chad|Close Combat|p2a: Corviknight
|-damage|p2a: Corviknight|3/100
|-unboost|p1a: Chad|def|1
|-unboost|p1a: Chad|spd|1
|-damage|p1a: Chad|32/100|[from] item: Rocky Helmet|[of] p2a: Corviknight
|move|p2a: Corviknight|Brave Bird|p1a: Chad
|-supereffective|p1a: Chad
|-crit|p1a: Chad
|-damage|p1a: Chad|0 fnt
|faint|p1a: Chad
|-end|p1a: Chad|Protosynthesis|[silent]
|-damage|p2a: Corviknight|0 fnt|[from] Recoil
|faint|p2a: Corviknight
|
|upkeep
|inactive|DEEZ NUTHS has 120 seconds left.
|
|t:|1779854892
|switch|p1a: Gholdengo|Gholdengo|100/100
|switch|p2a: Beeheader|Slowking-Galar, F, shiny|100/100
|turn|11
|
|t:|1779854913
|switch|p2a: Iceman|Weavile, F|100/100
|move|p1a: Gholdengo|Shadow Ball|p2a: Iceman
|-resisted|p2a: Iceman
|-damage|p2a: Iceman|70/100
|
|upkeep
|turn|12
|
|t:|1779854930
|switch|p1a: Drago|Dragapult, M|100/100
|-terastallize|p2a: Iceman|Dark
|move|p2a: Iceman|Knock Off|p1a: Drago
|-supereffective|p1a: Drago
|-damage|p1a: Drago|0 fnt
|-enditem|p1a: Drago|Choice Specs|[from] move: Knock Off|[of] p2a: Iceman
|faint|p1a: Drago
|
|upkeep
|inactive|inferno_on_top has 120 seconds left.
|
|t:|1779854940
|switch|p1a: Alien|Deoxys-Speed|100/100
|-ability|p1a: Alien|Pressure
|turn|13
|
|t:|1779854945
|switch|p2a: Big G (nie)|Enamorus, F|100/100
|move|p1a: Alien|Energy Ball|p2a: Big G (nie)
|-resisted|p2a: Big G (nie)
|-damage|p2a: Big G (nie)|74/100
|
|upkeep
|turn|14
|
|t:|1779854962
|switch|p1a: Gholdengo|Gholdengo|100/100
|move|p2a: Big G (nie)|Moonblast|p1a: Gholdengo
|-resisted|p1a: Gholdengo
|-damage|p1a: Gholdengo|68/100
|
|upkeep
|turn|15
|
|t:|1779854969
|switch|p2a: Beeheader|Slowking-Galar, F, shiny|100/100
|move|p1a: Gholdengo|Make It Rain|p2a: Beeheader
|-damage|p2a: Beeheader|62/100
|-unboost|p1a: Gholdengo|spa|1
|
|upkeep
|turn|16
|
|t:|1779854985
|switch|p1a: Alien|Deoxys-Speed|100/100
|-ability|p1a: Alien|Pressure
|move|p2a: Beeheader|Toxic|p1a: Alien
|-status|p1a: Alien|tox
|
|-damage|p1a: Alien|94/100 tox|[from] psn
|upkeep
|turn|17
|
|t:|1779855000
|move|p1a: Alien|Trick|p2a: Beeheader
|-activate|p1a: Alien|move: Trick|[of] p2a: Beeheader
|-item|p2a: Beeheader|Choice Specs|[from] move: Trick
|-item|p1a: Alien|Heavy-Duty Boots|[from] move: Trick
|move|p2a: Beeheader|Sludge Bomb|p1a: Alien
|-damage|p1a: Alien|21/100 tox
|
|-damage|p1a: Alien|9/100 tox|[from] psn
|upkeep
|turn|18
|
|t:|1779855012
|switch|p1a: Gholdengo|Gholdengo|68/100
|switch|p2a: Big G (nie)|Enamorus, F|74/100
|
|upkeep
|turn|19
|
|t:|1779855019
|move|p2a: Big G (nie)|Mystical Fire|p1a: Gholdengo
|-supereffective|p1a: Gholdengo
|-damage|p1a: Gholdengo|0 fnt
|faint|p1a: Gholdengo
|
|upkeep
|-message|inferno_on_top forfeited.
|
|win|DEEZ NUTHS
|raw|inferno_on_top's rating: 1343 &rarr; <strong>1323</strong><br />(-20 for losing)
|raw|DEEZ NUTHS's rating: 1350 &rarr; <strong>1370</strong><br />(+20 for winning)
|l|☆inferno_on_top
|player|p1|
|l|☆DEEZ NUTHS
|player|p2|
