|j|☆2fl1
|j|☆qwp1027
|t:|1779945016
|gametype|singles
|player|p1|2fl1|n|1303
|player|p2|qwp1027|pokemonrangerf-gen4|1329
|gen|9
|tier|[Gen 9] OU
|rated|
|rule|HP Percentage Mod: HP is shown in percentages
|rule|Endless Battle Clause: Forcing endless battles is banned
|rule|Species Clause: Limit one of each Pokémon
|rule|OHKO Clause: OHKO moves are banned
|rule|Evasion Items Clause: Evasion items are banned
|rule|Evasion Moves Clause: Evasion moves are banned
|rule|Evasion Abilities Clause: Evasion abilities are banned
|rule|Sleep Moves Clause: Sleep-inducing moves are banned
|clearpoke
|poke|p1|Salamence, F|
|poke|p1|Dragonite, F|
|poke|p1|Goodra-Hisui, F|
|poke|p1|Kommo-o, M|
|poke|p1|Dragapult, M|
|poke|p1|Hydrapple, F|
|poke|p2|Lokix, M|
|poke|p2|Iron Crown|
|poke|p2|Alomomola, M|
|poke|p2|Great Tusk|
|poke|p2|Dragapult, M|
|poke|p2|Enamorus, F|
|teampreview
|
|t:|1779945032
|teamsize|p1|6
|teamsize|p2|6
|start
|switch|p1a: Dragapult|Dragapult, M|100/100
|switch|p2a: Lokix|Lokix, M|100/100
|turn|1
|
|t:|1779945043
|move|p1a: Dragapult|U-turn|p2a: Lokix
|-supereffective|p2a: Lokix
|-damage|p2a: Lokix|50/100
|
|t:|1779945058
|switch|p1a: Kommo-o|Kommo-o, M|100/100|[from] U-turn
|move|p2a: Lokix|Knock Off|p1a: Kommo-o
|-resisted|p1a: Kommo-o
|-damage|p1a: Kommo-o|73/100
|-enditem|p1a: Kommo-o|Leftovers|[from] move: Knock Off|[of] p2a: Lokix
|
|upkeep
|turn|2
|
|t:|1779945065
|switch|p2a: Enamorus|Enamorus, F|100/100
|move|p1a: Kommo-o|Substitute|p1a: Kommo-o
|-start|p1a: Kommo-o|Substitute
|-damage|p1a: Kommo-o|48/100
|
|upkeep
|turn|3
|
|t:|1779945076
|switch|p1a: Goodra|Goodra-Hisui, F|100/100
|move|p2a: Enamorus|Moonblast|p1a: Goodra
|-damage|p1a: Goodra|77/100
|
|upkeep
|turn|4
|
|t:|1779945081
|switch|p2a: Lokix|Lokix, M|50/100
|move|p1a: Goodra|Flash Cannon|p2a: Lokix
|-damage|p2a: Lokix|0 fnt
|faint|p2a: Lokix
|
|upkeep
|
|t:|1779945090
|switch|p2a: Great Tusk|Great Tusk|100/100
|turn|5
|
|t:|1779945096
|-end|p2a: Great Tusk|Protosynthesis|[silent]
|switch|p2a: Dragapult|Dragapult, M|100/100
|switch|p1a: Kommo-o|Kommo-o, M|48/100
|
|upkeep
|turn|6
|
|t:|1779945100
|-terastallize|p2a: Dragapult|Dragon
|move|p2a: Dragapult|Dragon Darts|p1a: Kommo-o
|-supereffective|p1a: Kommo-o
|-damage|p1a: Kommo-o|0 fnt
|faint|p1a: Kommo-o
|
|upkeep
|
|t:|1779945107
|switch|p1a: Dragapult|Dragapult, M|100/100
|turn|7
|
|t:|1779945120
|switch|p2a: Alomomola|Alomomola, M|100/100
|move|p1a: Dragapult|Draco Meteor|p2a: Alomomola
|-damage|p2a: Alomomola|58/100
|-unboost|p1a: Dragapult|spa|2
|
|upkeep
|turn|8
|
|t:|1779945126
|switch|p1a: Hydrapple|Hydrapple, F|100/100
|move|p2a: Alomomola|Flip Turn|p1a: Hydrapple
|-resisted|p1a: Hydrapple
|-damage|p1a: Hydrapple|98/100
|
|t:|1779945140
|switch|p2a: Dragapult|Dragapult, M, tera:Dragon|100/100|[from] Flip Turn
|
|upkeep
|turn|9
|
|t:|1779945148
|-terastallize|p1a: Hydrapple|Poison
|move|p2a: Dragapult|U-turn|p1a: Hydrapple
|-resisted|p1a: Hydrapple
|-damage|p1a: Hydrapple|88/100
|
|t:|1779945153
|switch|p2a: Iron Crown|Iron Crown|100/100|[from] U-turn
|move|p1a: Hydrapple|Fickle Beam|p2a: Iron Crown|[anim] Fickle Beam All Out
|-activate|p1a: Hydrapple|move: Fickle Beam
|-resisted|p2a: Iron Crown
|-damage|p2a: Iron Crown|69/100
|
|upkeep
|turn|10
|
|t:|1779945159
|switch|p1a: Goodra|Goodra-Hisui, F|77/100
|move|p2a: Iron Crown|Psychic Noise|p1a: Goodra
|-resisted|p1a: Goodra
|-damage|p1a: Goodra|64/100
|-start|p1a: Goodra|move: Heal Block
|
|upkeep
|turn|11
|
|t:|1779945165
|-end|p2a: Iron Crown|Quark Drive|[silent]
|switch|p2a: Great Tusk|Great Tusk|100/100
|move|p1a: Goodra|Flamethrower|p2a: Great Tusk
|-damage|p2a: Great Tusk|51/100
|
|-end|p1a: Goodra|move: Heal Block
|upkeep
|turn|12
|
|t:|1779945168
|move|p2a: Great Tusk|Headlong Rush|p1a: Goodra
|-supereffective|p1a: Goodra
|-damage|p1a: Goodra|0 fnt
|-unboost|p2a: Great Tusk|def|1
|-unboost|p2a: Great Tusk|spd|1
|faint|p1a: Goodra
|
|upkeep
|
|t:|1779945177
|switch|p1a: Dragapult|Dragapult, M|100/100
|turn|13
|
|t:|1779945189
|-end|p2a: Great Tusk|Protosynthesis|[silent]
|switch|p2a: Alomomola|Alomomola, M|91/100
|move|p1a: Dragapult|Shadow Ball|p2a: Alomomola
|-damage|p2a: Alomomola|65/100
|
|upkeep
|turn|14
|
|t:|1779945192
|move|p1a: Dragapult|Shadow Ball|p2a: Alomomola
|-damage|p2a: Alomomola|39/100
|move|p2a: Alomomola|Flip Turn|p1a: Dragapult
|-resisted|p1a: Dragapult
|-damage|p1a: Dragapult|89/100
|
|t:|1779945195
|switch|p2a: Dragapult|Dragapult, M, tera:Dragon|100/100|[from] Flip Turn
|
|upkeep
|turn|15
|-message|2fl1 forfeited.
|
|win|qwp1027
|raw|2fl1's rating: 1303 &rarr; <strong>1283</strong><br />(-20 for losing)
|raw|qwp1027's rating: 1309 &rarr; <strong>1329</strong><br />(+20 for winning)
|l|☆2fl1
|player|p1|
|l|☆qwp1027
|player|p2|
