|j|☆lzd828
|j|☆Reubenflores2008
|t:|1779845735
|gametype|singles
|player|p1|lzd828|1|1128
|player|p2|Reubenflores2008|101|1125
|gen|9
|tier|[Gen 9] OU
|rated|
|rule|HP Percentage Mod: HP is shown in percentages
|rule|Endless Battle Clause: Forcing endless battles is banned
|rule|Species Clause: Limit one of each Pokémon
|rule|OHKO Clause: OHKO moves are banned
|rule|Evasion Items Clause: Evasion items are banned
|rule|Evasion Moves Clause: Evasion moves are banned
|rule|Evasion Abilities Clause: Evasion abilities are banned
|rule|Sleep Moves Clause: Sleep-inducing moves are banned
|clearpoke
|poke|p1|Corviknight, F|
|poke|p1|Gholdengo|
|poke|p1|Zamazenta-*|
|poke|p1|Dragonite, F|
|poke|p1|Ting-Lu|
|poke|p1|Kingambit, F|
|poke|p2|Tyranitar, M|
|poke|p2|Great Tusk|
|poke|p2|Gholdengo|
|poke|p2|Dragapult, F|
|poke|p2|Ogerpon-Wellspring, F|
|poke|p2|Kingambit, F|
|teampreview
|
|t:|1779845742
|teamsize|p1|6
|teamsize|p2|6
|start
|switch|p1a: Ting-Lu|Ting-Lu, shiny|100/100
|switch|p2a: Tyranitar|Tyranitar, M|100/100
|-weather|Sandstorm|[from] ability: Sand Stream|[of] p2a: Tyranitar
|-ability|p1a: Ting-Lu|Vessel of Ruin
|turn|1
|
|t:|1779845754
|move|p2a: Tyranitar|Stealth Rock|p1a: Ting-Lu
|-sidestart|p1: lzd828|move: Stealth Rock
|move|p1a: Ting-Lu|Stealth Rock|p2a: Tyranitar
|-sidestart|p2: Reubenflores2008|move: Stealth Rock
|
|-weather|Sandstorm|[upkeep]
|upkeep
|turn|2
|
|t:|1779845761
|move|p2a: Tyranitar|Ice Beam|p1a: Ting-Lu
|-supereffective|p1a: Ting-Lu
|-damage|p1a: Ting-Lu|70/100
|move|p1a: Ting-Lu|Spikes|p2a: Tyranitar
|-sidestart|p2: Reubenflores2008|Spikes
|
|-weather|Sandstorm|[upkeep]
|upkeep
|turn|3
|
|t:|1779845778
|move|p2a: Tyranitar|Ancient Power|p1a: Ting-Lu
|-resisted|p1a: Ting-Lu
|-damage|p1a: Ting-Lu|63/100
|-boost|p2a: Tyranitar|atk|1
|-boost|p2a: Tyranitar|def|1
|-boost|p2a: Tyranitar|spa|1
|-boost|p2a: Tyranitar|spd|1
|-boost|p2a: Tyranitar|spe|1
|move|p1a: Ting-Lu|Spikes|p2a: Tyranitar
|-sidestart|p2: Reubenflores2008|Spikes
|
|-weather|Sandstorm|[upkeep]
|upkeep
|turn|4
|c|☆lzd828|？？？
|
|t:|1779845803
|switch|p1a: Zamazenta|Zamazenta, shiny|100/100
|-damage|p1a: Zamazenta|94/100|[from] Stealth Rock
|-ability|p1a: Zamazenta|Dauntless Shield|boost
|-boost|p1a: Zamazenta|def|1
|move|p2a: Tyranitar|Ice Beam|p1a: Zamazenta
|-damage|p1a: Zamazenta|66/100
|
|-weather|Sandstorm|[upkeep]
|-damage|p1a: Zamazenta|60/100|[from] Sandstorm
|-heal|p1a: Zamazenta|66/100|[from] item: Leftovers
|upkeep
|turn|5
|
|t:|1779845820
|move|p1a: Zamazenta|Body Press|p2a: Tyranitar
|-supereffective|p2a: Tyranitar
|-damage|p2a: Tyranitar|10/100
|move|p2a: Tyranitar|Ice Beam|p1a: Zamazenta
|-damage|p1a: Zamazenta|37/100
|
|-weather|none
|-heal|p1a: Zamazenta|43/100|[from] item: Leftovers
|-heal|p2a: Tyranitar|17/100|[from] item: Leftovers
|upkeep
|turn|6
|
|t:|1779845834
|switch|p2a: Great Tusk|Great Tusk|100/100
|move|p1a: Zamazenta|Body Press|p2a: Great Tusk
|-damage|p2a: Great Tusk|78/100
|
|-heal|p1a: Zamazenta|49/100|[from] item: Leftovers
|upkeep
|turn|7
|
|t:|1779845845
|move|p1a: Zamazenta|Iron Defense|p1a: Zamazenta
|-boost|p1a: Zamazenta|def|2
|move|p2a: Great Tusk|Rapid Spin|p1a: Zamazenta
|-damage|p1a: Zamazenta|45/100
|-boost|p2a: Great Tusk|spe|1
|-sideend|p2: Reubenflores2008|Spikes|[from] move: Rapid Spin|[of] p2a: Great Tusk
|-sideend|p2: Reubenflores2008|Stealth Rock|[from] move: Rapid Spin|[of] p2a: Great Tusk
|
|-heal|p1a: Zamazenta|51/100|[from] item: Leftovers
|upkeep
|turn|8
|
|t:|1779845860
|move|p1a: Zamazenta|Body Press|p2a: Great Tusk
|-damage|p2a: Great Tusk|41/100
|move|p2a: Great Tusk|Close Combat|p1a: Zamazenta
|-damage|p1a: Zamazenta|36/100
|-unboost|p2a: Great Tusk|def|1
|-unboost|p2a: Great Tusk|spd|1
|
|-heal|p1a: Zamazenta|42/100|[from] item: Leftovers
|upkeep
|turn|9
|
|t:|1779845878
|-end|p2a: Great Tusk|Protosynthesis|[silent]
|switch|p2a: Dragapult|Dragapult, F|100/100
|move|p1a: Zamazenta|Body Press|p2a: Dragapult
|-immune|p2a: Dragapult
|
|-heal|p1a: Zamazenta|48/100|[from] item: Leftovers
|upkeep
|turn|10
|
|t:|1779845899
|switch|p1a: Corviknight|Corviknight, F, shiny|100/100
|-damage|p1a: Corviknight|88/100|[from] Stealth Rock
|move|p2a: Dragapult|Flamethrower|p1a: Corviknight
|-supereffective|p1a: Corviknight
|-damage|p1a: Corviknight|10/100
|
|-heal|p1a: Corviknight|16/100|[from] item: Leftovers
|upkeep
|turn|11
|
|t:|1779845929
|switch|p1a: Dragonite|Dragonite, F, shiny|100/100
|-damage|p1a: Dragonite|76/100|[from] Stealth Rock
|move|p2a: Dragapult|Flamethrower|p1a: Dragonite
|-resisted|p1a: Dragonite
|-damage|p1a: Dragonite|56/100
|
|upkeep
|turn|12
|
|t:|1779845942
|switch|p2a: Ogerpon|Ogerpon-Wellspring, F|100/100
|move|p1a: Dragonite|Ice Spinner|p2a: Ogerpon
|-damage|p2a: Ogerpon|49/100
|
|upkeep
|turn|13
|
|t:|1779845955
|-terastallize|p2a: Ogerpon|Water
|detailschange|p2a: Ogerpon|Ogerpon-Wellspring-Tera, F, tera:Water
|-ability|p2a: Ogerpon|Embody Aspect (Wellspring)|boost
|-boost|p2a: Ogerpon|spd|1
|move|p2a: Ogerpon|U-turn|p1a: Dragonite
|-resisted|p1a: Dragonite
|-damage|p1a: Dragonite|40/100
|
|t:|1779845962
|switch|p2a: Dragapult|Dragapult, F|100/100|[from] U-turn
|move|p1a: Dragonite|Ice Spinner|p2a: Dragapult
|-supereffective|p2a: Dragapult
|-damage|p2a: Dragapult|0 fnt
|faint|p2a: Dragapult
|
|upkeep
|
|t:|1779845973
|switch|p2a: Gholdengo|Gholdengo|100/100
|-item|p2a: Gholdengo|Air Balloon
|turn|14
|
|t:|1779845984
|switch|p1a: Ting-Lu|Ting-Lu, shiny|63/100
|-damage|p1a: Ting-Lu|57/100|[from] Stealth Rock
|-ability|p1a: Ting-Lu|Vessel of Ruin
|move|p2a: Gholdengo|Make It Rain|p1a: Ting-Lu
|-damage|p1a: Ting-Lu|20/100
|-unboost|p2a: Gholdengo|spa|1
|
|upkeep
|turn|15
|
|t:|1779845997
|move|p2a: Gholdengo|Make It Rain|p1a: Ting-Lu
|-damage|p1a: Ting-Lu|0 fnt
|-unboost|p2a: Gholdengo|spa|1
|faint|p1a: Ting-Lu
|
|upkeep
|
|t:|1779846013
|switch|p1a: Gholdengo|Gholdengo, shiny|100/100
|-damage|p1a: Gholdengo|94/100|[from] Stealth Rock
|turn|16
|
|t:|1779846024
|switch|p2a: Kingambit|Kingambit, F|100/100
|-activate|p2a: Kingambit|ability: Supreme Overlord
|-start|p2a: Kingambit|fallen1|[silent]
|move|p1a: Gholdengo|Shadow Ball|p2a: Kingambit
|-resisted|p2a: Kingambit
|-crit|p2a: Kingambit
|-damage|p2a: Kingambit|57/100
|
|upkeep
|turn|17
|
|t:|1779846036
|switch|p1a: Zamazenta|Zamazenta, shiny|48/100
|-damage|p1a: Zamazenta|42/100|[from] Stealth Rock
|move|p2a: Kingambit|Sucker Punch||[still]
|-fail|p2a: Kingambit
|
|-heal|p1a: Zamazenta|48/100|[from] item: Leftovers
|upkeep
|turn|18
|
|t:|1779846049
|move|p1a: Zamazenta|Crunch|p2a: Kingambit
|-resisted|p2a: Kingambit
|-damage|p2a: Kingambit|49/100
|move|p2a: Kingambit|Iron Head|p1a: Zamazenta
|-damage|p1a: Zamazenta|8/100
|
|-heal|p1a: Zamazenta|15/100|[from] item: Leftovers
|upkeep
|turn|19
|
|t:|1779846059
|move|p2a: Kingambit|Kowtow Cleave|p1a: Zamazenta
|-resisted|p1a: Zamazenta
|-damage|p1a: Zamazenta|0 fnt
|faint|p1a: Zamazenta
|
|upkeep
|
|t:|1779846065
|switch|p1a: Dragonite|Dragonite, F, shiny|40/100
|-damage|p1a: Dragonite|15/100|[from] Stealth Rock
|turn|20
|
|t:|1779846071
|-terastallize|p1a: Dragonite|Normal
|move|p1a: Dragonite|Extreme Speed|p2a: Kingambit
|-resisted|p2a: Kingambit
|-damage|p2a: Kingambit|27/100
|move|p2a: Kingambit|Sucker Punch||[still]
|-fail|p2a: Kingambit
|
|upkeep
|turn|21
|
|t:|1779846081
|move|p1a: Dragonite|Extreme Speed|p2a: Kingambit
|-resisted|p2a: Kingambit
|-damage|p2a: Kingambit|4/100
|move|p2a: Kingambit|Iron Head|p1a: Dragonite
|-damage|p1a: Dragonite|0 fnt
|faint|p1a: Dragonite
|
|upkeep
|
|t:|1779846090
|switch|p1a: Corviknight|Corviknight, F, shiny|16/100
|-damage|p1a: Corviknight|4/100|[from] Stealth Rock
|turn|22
|
|t:|1779846097
|move|p2a: Kingambit|Sucker Punch||[still]
|-fail|p2a: Kingambit
|move|p1a: Corviknight|Roost|p1a: Corviknight
|-heal|p1a: Corviknight|54/100
|-singleturn|p1a: Corviknight|move: Roost
|
|-heal|p1a: Corviknight|60/100|[from] item: Leftovers
|upkeep
|turn|23
|
|t:|1779846107
|move|p2a: Kingambit|Sucker Punch||[still]
|-fail|p2a: Kingambit
|move|p1a: Corviknight|Roost|p1a: Corviknight
|-heal|p1a: Corviknight|100/100
|-singleturn|p1a: Corviknight|move: Roost
|
|upkeep
|turn|24
|
|t:|1779846115
|move|p2a: Kingambit|Sucker Punch||[still]
|-fail|p2a: Kingambit
|move|p1a: Corviknight|Defog|p2a: Kingambit
|-unboost|p2a: Kingambit|evasion|1
|-sideend|p1: lzd828|Stealth Rock|[from] move: Defog|[of] p1a: Corviknight
|
|upkeep
|turn|25
|
|t:|1779846122
|move|p1a: Corviknight|Body Press|p2a: Kingambit
|-supereffective|p2a: Kingambit
|-damage|p2a: Kingambit|0 fnt
|faint|p2a: Kingambit
|-end|p2a: Kingambit|fallen1|[silent]
|
|upkeep
|
|t:|1779846137
|switch|p2a: Tyranitar|Tyranitar, M|17/100
|-weather|Sandstorm|[from] ability: Sand Stream|[of] p2a: Tyranitar
|turn|26
|
|t:|1779846144
|move|p1a: Corviknight|Body Press|p2a: Tyranitar
|-supereffective|p2a: Tyranitar
|-damage|p2a: Tyranitar|0 fnt
|faint|p2a: Tyranitar
|
|-weather|Sandstorm|[upkeep]
|upkeep
|
|t:|1779846151
|switch|p2a: Gholdengo|Gholdengo|100/100
|-item|p2a: Gholdengo|Air Balloon
|turn|27
|
|t:|1779846158
|move|p2a: Gholdengo|Nasty Plot|p2a: Gholdengo
|-boost|p2a: Gholdengo|spa|2
|move|p1a: Corviknight|Brave Bird|p2a: Gholdengo
|-resisted|p2a: Gholdengo
|-damage|p2a: Gholdengo|78/100
|-enditem|p2a: Gholdengo|Air Balloon
|-damage|p1a: Corviknight|95/100|[from] Recoil
|
|-weather|Sandstorm|[upkeep]
|-heal|p1a: Corviknight|100/100|[from] item: Leftovers
|upkeep
|turn|28
|
|t:|1779846189
|switch|p1a: Gholdengo|Gholdengo, shiny|94/100
|move|p2a: Gholdengo|Shadow Ball|p1a: Gholdengo
|-supereffective|p1a: Gholdengo
|-damage|p1a: Gholdengo|0 fnt
|faint|p1a: Gholdengo
|
|-weather|Sandstorm|[upkeep]
|upkeep
|
|t:|1779846197
|switch|p1a: Kingambit|Kingambit, F, shiny|100/100
|-activate|p1a: Kingambit|ability: Supreme Overlord
|-start|p1a: Kingambit|fallen4|[silent]
|turn|29
|
|t:|1779846206
|switch|p2a: Great Tusk|Great Tusk|41/100
|move|p1a: Kingambit|Sucker Punch||[still]
|-fail|p1a: Kingambit
|
|-weather|Sandstorm|[upkeep]
|upkeep
|turn|30
|
|t:|1779846220
|move|p2a: Great Tusk|Close Combat|p1a: Kingambit
|-supereffective|p1a: Kingambit
|-enditem|p1a: Kingambit|Focus Sash
|-damage|p1a: Kingambit|1/100
|-unboost|p2a: Great Tusk|def|1
|-unboost|p2a: Great Tusk|spd|1
|move|p1a: Kingambit|Iron Head|p2a: Great Tusk
|-damage|p2a: Great Tusk|0 fnt
|faint|p2a: Great Tusk
|-end|p2a: Great Tusk|Protosynthesis|[silent]
|
|-weather|none
|upkeep
|
|t:|1779846231
|switch|p2a: Ogerpon|Ogerpon-Wellspring-Tera, F, tera:Water|49/100
|-ability|p2a: Ogerpon|Embody Aspect (Wellspring)|boost
|-boost|p2a: Ogerpon|spd|1
|turn|31
|
|t:|1779846239
|move|p1a: Kingambit|Sucker Punch|p2a: Ogerpon
|-damage|p2a: Ogerpon|0 fnt
|faint|p2a: Ogerpon
|detailschange|p2: Ogerpon|Ogerpon-Wellspring, F|[silent]
|
|upkeep
|
|t:|1779846244
|switch|p2a: Gholdengo|Gholdengo|78/100
|turn|32
|
|t:|1779846253
|move|p1a: Kingambit|Sucker Punch||[still]
|-fail|p1a: Kingambit
|move|p2a: Gholdengo|Recover|p2a: Gholdengo
|-heal|p2a: Gholdengo|100/100
|
|upkeep
|turn|33
|
|t:|1779846280
|move|p2a: Gholdengo|Nasty Plot|p2a: Gholdengo
|-boost|p2a: Gholdengo|spa|2
|move|p1a: Kingambit|Iron Head|p2a: Gholdengo
|-resisted|p2a: Gholdengo
|-damage|p2a: Gholdengo|63/100
|
|upkeep
|turn|34
|
|t:|1779846301
|move|p1a: Kingambit|Sucker Punch||[still]
|-fail|p1a: Kingambit
|move|p2a: Gholdengo|Recover|p2a: Gholdengo
|-heal|p2a: Gholdengo|100/100
|
|upkeep
|turn|35
|
|t:|1779846312
|move|p1a: Kingambit|Sucker Punch||[still]
|-fail|p1a: Kingambit
|move|p2a: Gholdengo|Nasty Plot|p2a: Gholdengo
|-boost|p2a: Gholdengo|spa|2
|
|upkeep
|turn|36
|
|t:|1779846326
|move|p2a: Gholdengo|Nasty Plot|p2a: Gholdengo
|-boost|p2a: Gholdengo|spa|2
|move|p1a: Kingambit|Swords Dance|p1a: Kingambit
|-boost|p1a: Kingambit|atk|2
|
|upkeep
|turn|37
|
|t:|1779846336
|move|p2a: Gholdengo|Nasty Plot|p2a: Gholdengo
|-boost|p2a: Gholdengo|spa|0
|move|p1a: Kingambit|Iron Head|p2a: Gholdengo
|-resisted|p2a: Gholdengo
|-damage|p2a: Gholdengo|21/100
|
|upkeep
|turn|38
|
|t:|1779846351
|move|p1a: Kingambit|Sucker Punch||[still]
|-fail|p1a: Kingambit
|move|p2a: Gholdengo|Recover|p2a: Gholdengo
|-heal|p2a: Gholdengo|71/100
|
|upkeep
|turn|39
|
|t:|1779846358
|move|p2a: Gholdengo|Recover|p2a: Gholdengo
|-heal|p2a: Gholdengo|100/100
|move|p1a: Kingambit|Iron Head|p2a: Gholdengo
|-resisted|p2a: Gholdengo
|-damage|p2a: Gholdengo|30/100
|
|upkeep
|turn|40
|
|t:|1779846373
|move|p2a: Gholdengo|Make It Rain|p1a: Kingambit
|-resisted|p1a: Kingambit
|-damage|p1a: Kingambit|0 fnt
|-unboost|p2a: Gholdengo|spa|1
|faint|p1a: Kingambit
|-end|p1a: Kingambit|fallen4|[silent]
|
|upkeep
|
|t:|1779846380
|switch|p1a: Corviknight|Corviknight, F, shiny|100/100
|turn|41
|
|t:|1779846386
|move|p2a: Gholdengo|Shadow Ball|p1a: Corviknight
|-damage|p1a: Corviknight|0 fnt
|faint|p1a: Corviknight
|
|win|Reubenflores2008
|raw|lzd828's rating: 1128 &rarr; <strong>1103</strong><br />(-25 for losing)
|raw|Reubenflores2008's rating: 1125 &rarr; <strong>1150</strong><br />(+25 for winning)
|l|☆lzd828
|player|p1|
