|j|☆bidthimg
|j|☆ydyjyrdy
|t:|1779805524
|gametype|singles
|player|p1|bidthimg|hilda-wonderlauncher|1346
|player|p2|ydyjyrdy|hilbert|1341
|gen|9
|tier|[Gen 9] OU
|rated|
|rule|HP Percentage Mod: HP is shown in percentages
|rule|Endless Battle Clause: Forcing endless battles is banned
|rule|Species Clause: Limit one of each Pokémon
|rule|OHKO Clause: OHKO moves are banned
|rule|Evasion Items Clause: Evasion items are banned
|rule|Evasion Moves Clause: Evasion moves are banned
|rule|Evasion Abilities Clause: Evasion abilities are banned
|rule|Sleep Moves Clause: Sleep-inducing moves are banned
|clearpoke
|poke|p1|Gliscor, M|
|poke|p1|Gholdengo|
|poke|p1|Dragonite, M|
|poke|p1|Ting-Lu|
|poke|p1|Darkrai|
|poke|p1|Zamazenta-*|
|poke|p2|Pelipper, F|
|poke|p2|Kilowattrel, M|
|poke|p2|Basculegion, M|
|poke|p2|Iron Treads|
|poke|p2|Raging Bolt|
|poke|p2|Kingambit, F|
|teampreview
|inactive|Battle timer is ON: inactive players will automatically lose when time's up. (requested by bidthimg)
|inactive|bidthimg has 120 seconds left.
|
|t:|1779805575
|teamsize|p1|6
|teamsize|p2|6
|start
|switch|p1a: Zamazenta|Zamazenta|100/100
|switch|p2a: Pelipper|Pelipper, F|100/100
|-ability|p1a: Zamazenta|Dauntless Shield|boost
|-boost|p1a: Zamazenta|def|1
|-weather|RainDance|[from] ability: Drizzle|[of] p2a: Pelipper
|turn|1
|
|t:|1779805581
|switch|p1a: Gholdengo|Gholdengo|100/100
|move|p2a: Pelipper|Hurricane|p1a: Gholdengo
|-resisted|p1a: Gholdengo
|-damage|p1a: Gholdengo|80/100
|
|-weather|RainDance|[upkeep]
|upkeep
|turn|2
|
|t:|1779805594
|switch|p2a: Iron Treads|Iron Treads, shiny|100/100
|-enditem|p2a: Iron Treads|Booster Energy
|-activate|p2a: Iron Treads|ability: Quark Drive|[fromitem]
|-start|p2a: Iron Treads|quarkdrivespe
|move|p1a: Gholdengo|Trick|p2a: Iron Treads
|-activate|p1a: Gholdengo|move: Trick|[of] p2a: Iron Treads
|-item|p2a: Iron Treads|Choice Scarf|[from] move: Trick
|-enditem|p1a: Gholdengo|Choice Scarf|[silent]|[from] move: Trick
|
|-weather|RainDance|[upkeep]
|upkeep
|turn|3
|inactive|bidthimg has 120 seconds left.
|
|t:|1779805625
|switch|p1a: Gliscor|Gliscor, M|100/100
|move|p2a: Iron Treads|Ice Spinner|p1a: Gliscor
|-supereffective|p1a: Gliscor
|-damage|p1a: Gliscor|40/100
|
|-weather|RainDance|[upkeep]
|-status|p1a: Gliscor|tox|[from] item: Toxic Orb
|upkeep
|turn|4
|
|t:|1779805633
|move|p1a: Gliscor|Protect|p1a: Gliscor
|-singleturn|p1a: Gliscor|Protect
|move|p2a: Iron Treads|Ice Spinner|p1a: Gliscor
|-activate|p1a: Gliscor|move: Protect
|
|-weather|RainDance|[upkeep]
|-heal|p1a: Gliscor|53/100 tox|[from] ability: Poison Heal
|upkeep
|turn|5
|inactive|bidthimg has 120 seconds left.
|
|t:|1779805659
|switch|p1a: Zamazenta|Zamazenta|100/100
|move|p2a: Iron Treads|Ice Spinner|p1a: Zamazenta
|-damage|p1a: Zamazenta|78/100
|
|-weather|RainDance|[upkeep]
|upkeep
|turn|6
|inactive|bidthimg has 120 seconds left.
|
|t:|1779805674
|-end|p2a: Iron Treads|Quark Drive|[silent]
|switch|p2a: Kilowattrel|Kilowattrel, M|100/100
|move|p1a: Zamazenta|Stone Edge|p2a: Kilowattrel
|-supereffective|p2a: Kilowattrel
|-crit|p2a: Kilowattrel
|-damage|p2a: Kilowattrel|0 fnt
|faint|p2a: Kilowattrel
|
|-weather|RainDance|[upkeep]
|upkeep
|
|t:|1779805683
|switch|p2a: Raging Bolt|Raging Bolt|100/100
|-enditem|p2a: Raging Bolt|Booster Energy
|-activate|p2a: Raging Bolt|ability: Protosynthesis|[fromitem]
|-start|p2a: Raging Bolt|protosynthesisspa
|turn|7
|inactive|bidthimg has 120 seconds left.
|
|t:|1779805694
|switch|p1a: Gholdengo|Gholdengo|80/100
|move|p2a: Raging Bolt|Draco Meteor|p1a: Gholdengo
|-resisted|p1a: Gholdengo
|-damage|p1a: Gholdengo|17/100
|-unboost|p2a: Raging Bolt|spa|2
|
|-weather|RainDance|[upkeep]
|upkeep
|turn|8
|
|t:|1779805701
|move|p2a: Raging Bolt|Thunderclap||[still]
|-fail|p2a: Raging Bolt
|move|p1a: Gholdengo|Recover|p1a: Gholdengo
|-heal|p1a: Gholdengo|67/100
|
|-weather|none
|upkeep
|turn|9
|
|t:|1779805712
|move|p1a: Gholdengo|Recover|p1a: Gholdengo
|-heal|p1a: Gholdengo|100/100
|move|p2a: Raging Bolt|Thunderbolt|p1a: Gholdengo
|-damage|p1a: Gholdengo|60/100
|
|upkeep
|turn|10
|
|t:|1779805719
|switch|p1a: Gliscor|Gliscor, M|53/100 tox
|-end|p2a: Raging Bolt|Protosynthesis|[silent]
|switch|p2a: Pelipper|Pelipper, F|100/100
|-weather|RainDance|[from] ability: Drizzle|[of] p2a: Pelipper
|
|-weather|RainDance|[upkeep]
|-heal|p1a: Gliscor|65/100 tox|[from] ability: Poison Heal
|upkeep
|turn|11
|
|t:|1779805727
|move|p1a: Gliscor|Protect|p1a: Gliscor
|-singleturn|p1a: Gliscor|Protect
|move|p2a: Pelipper|Weather Ball|p1a: Gliscor
|-activate|p1a: Gliscor|move: Protect
|
|-weather|RainDance|[upkeep]
|-heal|p1a: Gliscor|78/100 tox|[from] ability: Poison Heal
|upkeep
|turn|12
|
|t:|1779805742
|switch|p1a: Zamazenta|Zamazenta|78/100
|move|p2a: Pelipper|Weather Ball|p1a: Zamazenta
|-damage|p1a: Zamazenta|35/100
|
|-weather|RainDance|[upkeep]
|upkeep
|turn|13
|
|t:|1779805754
|switch|p2a: Iron Treads|Iron Treads, shiny|100/100
|move|p1a: Zamazenta|Stone Edge|p2a: Iron Treads
|-resisted|p2a: Iron Treads
|-damage|p2a: Iron Treads|93/100
|
|-weather|RainDance|[upkeep]
|upkeep
|turn|14
|
|t:|1779805771
|switch|p1a: Ting-Lu|Ting-Lu|100/100
|-ability|p1a: Ting-Lu|Vessel of Ruin
|move|p2a: Iron Treads|Iron Head|p1a: Ting-Lu
|-damage|p1a: Ting-Lu|78/100
|
|-weather|RainDance|[upkeep]
|-heal|p1a: Ting-Lu|84/100|[from] item: Leftovers
|upkeep
|turn|15
|
|t:|1779805782
|-end|p2a: Iron Treads|Quark Drive|[silent]
|switch|p2a: Basculegion|Basculegion, M|100/100
|move|p1a: Ting-Lu|Stealth Rock|p2a: Basculegion
|-sidestart|p2: ydyjyrdy|move: Stealth Rock
|
|-weather|RainDance|[upkeep]
|-heal|p1a: Ting-Lu|91/100|[from] item: Leftovers
|upkeep
|turn|16
|
|t:|1779805798
|-terastallize|p1a: Ting-Lu|Water
|move|p2a: Basculegion|Wave Crash|p1a: Ting-Lu
|-resisted|p1a: Ting-Lu
|-damage|p1a: Ting-Lu|52/100
|-damage|p2a: Basculegion|83/100|[from] Recoil
|move|p1a: Ting-Lu|Ruination|p2a: Basculegion
|-damage|p2a: Basculegion|42/100
|
|-weather|RainDance|[upkeep]
|-heal|p1a: Ting-Lu|58/100|[from] item: Leftovers
|upkeep
|turn|17
|
|t:|1779805811
|switch|p2a: Raging Bolt|Raging Bolt|100/100
|-damage|p2a: Raging Bolt|88/100|[from] Stealth Rock
|move|p1a: Ting-Lu|Earthquake|p2a: Raging Bolt
|-supereffective|p2a: Raging Bolt
|-damage|p2a: Raging Bolt|29/100
|
|-weather|none
|-heal|p1a: Ting-Lu|64/100|[from] item: Leftovers
|upkeep
|turn|18
|
|t:|1779805820
|move|p2a: Raging Bolt|Thunderbolt|p1a: Ting-Lu
|-supereffective|p1a: Ting-Lu
|-damage|p1a: Ting-Lu|16/100
|move|p1a: Ting-Lu|Whirlwind|p2a: Raging Bolt
|-end|p2a: Raging Bolt|Protosynthesis|[silent]
|drag|p2a: Kingambit|Kingambit, F|100/100
|-damage|p2a: Kingambit|94/100|[from] Stealth Rock
|-activate|p2a: Kingambit|ability: Supreme Overlord
|-start|p2a: Kingambit|fallen1|[silent]
|
|-heal|p1a: Ting-Lu|23/100|[from] item: Leftovers
|upkeep
|turn|19
|
|t:|1779805830
|switch|p1a: Gliscor|Gliscor, M|78/100 tox
|move|p2a: Kingambit|Kowtow Cleave|p1a: Gliscor
|-damage|p1a: Gliscor|38/100 tox
|
|-heal|p1a: Gliscor|50/100 tox|[from] ability: Poison Heal
|upkeep
|turn|20
|
|t:|1779805838
|-end|p2a: Kingambit|fallen1|[silent]
|switch|p2a: Pelipper|Pelipper, F|100/100
|-damage|p2a: Pelipper|75/100|[from] Stealth Rock
|-weather|RainDance|[from] ability: Drizzle|[of] p2a: Pelipper
|move|p1a: Gliscor|Spikes|p2a: Pelipper
|-sidestart|p2: ydyjyrdy|Spikes
|
|-weather|RainDance|[upkeep]
|-heal|p1a: Gliscor|63/100 tox|[from] ability: Poison Heal
|upkeep
|turn|21
|
|t:|1779805850
|switch|p1a: Ting-Lu|Ting-Lu, tera:Water|23/100
|-ability|p1a: Ting-Lu|Vessel of Ruin
|move|p2a: Pelipper|Weather Ball|p1a: Ting-Lu
|-resisted|p1a: Ting-Lu
|-damage|p1a: Ting-Lu|13/100
|
|-weather|RainDance|[upkeep]
|-heal|p1a: Ting-Lu|19/100|[from] item: Leftovers
|upkeep
|turn|22
|
|t:|1779805860
|switch|p1a: Gholdengo|Gholdengo|60/100
|move|p2a: Pelipper|U-turn|p1a: Gholdengo
|-resisted|p1a: Gholdengo
|-damage|p1a: Gholdengo|57/100
|
|t:|1779805867
|switch|p2a: Kingambit|Kingambit, F|94/100|[from] U-turn
|-damage|p2a: Kingambit|88/100|[from] Stealth Rock
|-damage|p2a: Kingambit|76/100|[from] Spikes
|-activate|p2a: Kingambit|ability: Supreme Overlord
|-start|p2a: Kingambit|fallen1|[silent]
|
|-weather|RainDance|[upkeep]
|upkeep
|turn|23
|
|t:|1779805874
|switch|p1a: Gliscor|Gliscor, M|63/100 tox
|move|p2a: Kingambit|Swords Dance|p2a: Kingambit
|-boost|p2a: Kingambit|atk|2
|
|-weather|RainDance|[upkeep]
|-heal|p1a: Gliscor|75/100 tox|[from] ability: Poison Heal
|upkeep
|turn|24
|
|t:|1779805880
|move|p1a: Gliscor|Protect|p1a: Gliscor
|-singleturn|p1a: Gliscor|Protect
|move|p2a: Kingambit|Swords Dance|p2a: Kingambit
|-boost|p2a: Kingambit|atk|2
|
|-weather|RainDance|[upkeep]
|-heal|p1a: Gliscor|88/100 tox|[from] ability: Poison Heal
|upkeep
|turn|25
|
|t:|1779805886
|move|p2a: Kingambit|Sucker Punch||[still]
|-fail|p2a: Kingambit
|move|p1a: Gliscor|Spikes|p2a: Kingambit
|-sidestart|p2: ydyjyrdy|Spikes
|
|-weather|RainDance|[upkeep]
|-heal|p1a: Gliscor|99/100 tox|[from] ability: Poison Heal
|upkeep
|turn|26
|
|t:|1779805892
|move|p1a: Gliscor|Earthquake|p2a: Kingambit
|-supereffective|p2a: Kingambit
|-damage|p2a: Kingambit|28/100
|move|p2a: Kingambit|Kowtow Cleave|p1a: Gliscor
|-damage|p1a: Gliscor|0 fnt
|faint|p1a: Gliscor
|
|-weather|RainDance|[upkeep]
|upkeep
|
|t:|1779805898
|switch|p1a: Darkrai|Darkrai|100/100
|turn|27
|
|t:|1779805903
|move|p2a: Kingambit|Sucker Punch||[still]
|-fail|p2a: Kingambit
|move|p1a: Darkrai|Will-O-Wisp|p2a: Kingambit
|-status|p2a: Kingambit|brn
|
|-weather|none
|-damage|p2a: Kingambit|22/100 brn|[from] brn
|upkeep
|turn|28
|
|t:|1779805919
|move|p2a: Kingambit|Sucker Punch|p1a: Darkrai
|-resisted|p1a: Darkrai
|-damage|p1a: Darkrai|45/100
|move|p1a: Darkrai|Dark Pulse|p2a: Kingambit
|-resisted|p2a: Kingambit
|-damage|p2a: Kingambit|2/100 brn
|
|-damage|p2a: Kingambit|0 fnt|[from] brn
|faint|p2a: Kingambit
|-end|p2a: Kingambit|fallen1|[silent]
|upkeep
|
|t:|1779805924
|switch|p2a: Iron Treads|Iron Treads, shiny|93/100
|-damage|p2a: Iron Treads|90/100|[from] Stealth Rock
|-damage|p2a: Iron Treads|73/100|[from] Spikes
|turn|29
|
|t:|1779805930
|move|p2a: Iron Treads|Rapid Spin|p1a: Darkrai
|-damage|p1a: Darkrai|24/100
|-boost|p2a: Iron Treads|spe|1
|-sideend|p2: ydyjyrdy|Spikes|[from] move: Rapid Spin|[of] p2a: Iron Treads
|-sideend|p2: ydyjyrdy|Stealth Rock|[from] move: Rapid Spin|[of] p2a: Iron Treads
|move|p1a: Darkrai|Will-O-Wisp|p2a: Iron Treads
|-status|p2a: Iron Treads|brn
|
|-damage|p2a: Iron Treads|67/100 brn|[from] brn
|upkeep
|turn|30
|
|t:|1779805939
|-end|p2a: Iron Treads|Quark Drive|[silent]
|switch|p2a: Pelipper|Pelipper, F|75/100
|-weather|RainDance|[from] ability: Drizzle|[of] p2a: Pelipper
|switch|p1a: Gholdengo|Gholdengo|57/100
|
|-weather|RainDance|[upkeep]
|upkeep
|turn|31
|
|t:|1779805948
|move|p1a: Gholdengo|Recover|p1a: Gholdengo
|-heal|p1a: Gholdengo|100/100
|move|p2a: Pelipper|U-turn|p1a: Gholdengo
|-resisted|p1a: Gholdengo
|-damage|p1a: Gholdengo|98/100
|
|t:|1779805957
|switch|p2a: Basculegion|Basculegion, M|42/100|[from] U-turn
|
|-weather|RainDance|[upkeep]
|upkeep
|turn|32
|
|t:|1779805966
|switch|p1a: Darkrai|Darkrai|24/100
|move|p2a: Basculegion|Flip Turn|p1a: Darkrai
|-damage|p1a: Darkrai|0 fnt
|faint|p1a: Darkrai
|
|t:|1779805973
|switch|p2a: Raging Bolt|Raging Bolt|29/100|[from] Flip Turn
|
|-weather|RainDance|[upkeep]
|upkeep
|
|t:|1779805994
|switch|p1a: Dragonite|Dragonite, M|100/100
|turn|33
|
|t:|1779806010
|-end|p2a: Raging Bolt|Protosynthesis|[silent]
|switch|p2a: Iron Treads|Iron Treads, shiny|67/100 brn
|move|p1a: Dragonite|Earthquake|p2a: Iron Treads
|-supereffective|p2a: Iron Treads
|-damage|p2a: Iron Treads|0 fnt
|faint|p2a: Iron Treads
|-end|p2a: Iron Treads|Quark Drive|[silent]
|
|-weather|RainDance|[upkeep]
|upkeep
|
|t:|1779806016
|switch|p2a: Raging Bolt|Raging Bolt|29/100
|turn|34
|
|t:|1779806021
|-terastallize|p2a: Raging Bolt|Fairy
|move|p1a: Dragonite|Dragon Dance|p1a: Dragonite
|-boost|p1a: Dragonite|atk|1
|-boost|p1a: Dragonite|spe|1
|move|p2a: Raging Bolt|Draco Meteor|p1a: Dragonite
|-supereffective|p1a: Dragonite
|-crit|p1a: Dragonite
|-damage|p1a: Dragonite|0 fnt
|-unboost|p2a: Raging Bolt|spa|2
|faint|p1a: Dragonite
|
|-weather|RainDance|[upkeep]
|upkeep
|
|t:|1779806026
|switch|p1a: Gholdengo|Gholdengo|98/100
|turn|35
|
|t:|1779806040
|move|p2a: Raging Bolt|Thunderclap|p1a: Gholdengo
|-damage|p1a: Gholdengo|74/100
|move|p1a: Gholdengo|Shadow Ball|p2a: Raging Bolt
|-damage|p2a: Raging Bolt|0 fnt
|faint|p2a: Raging Bolt
|-end|p2a: Raging Bolt|Protosynthesis|[silent]
|
|-weather|RainDance|[upkeep]
|upkeep
|
|t:|1779806046
|switch|p2a: Basculegion|Basculegion, M|42/100
|turn|36
|
|t:|1779806050
|move|p2a: Basculegion|Wave Crash|p1a: Gholdengo
|-damage|p1a: Gholdengo|0 fnt
|faint|p1a: Gholdengo
|-damage|p2a: Basculegion|22/100|[from] Recoil
|
|-weather|RainDance|[upkeep]
|upkeep
|
|t:|1779806052
|switch|p1a: Zamazenta|Zamazenta|35/100
|turn|37
|
|t:|1779806055
|switch|p1a: Ting-Lu|Ting-Lu, tera:Water|19/100
|-ability|p1a: Ting-Lu|Vessel of Ruin
|move|p2a: Basculegion|Wave Crash|p1a: Ting-Lu
|-resisted|p1a: Ting-Lu
|-damage|p1a: Ting-Lu|0 fnt
|faint|p1a: Ting-Lu
|-damage|p2a: Basculegion|14/100|[from] Recoil
|
|-weather|none
|upkeep
|
|t:|1779806056
|switch|p1a: Zamazenta|Zamazenta|35/100
|turn|38
|
|t:|1779806059
|switch|p2a: Pelipper|Pelipper, F|75/100
|-weather|RainDance|[from] ability: Drizzle|[of] p2a: Pelipper
|move|p1a: Zamazenta|Stone Edge|p2a: Pelipper
|-supereffective|p2a: Pelipper
|-damage|p2a: Pelipper|28/100
|
|-weather|RainDance|[upkeep]
|upkeep
|turn|39
|c|☆bidthimg|gg
|
|t:|1779806065
|move|p1a: Zamazenta|Stone Edge|p2a: Pelipper
|-supereffective|p2a: Pelipper
|-damage|p2a: Pelipper|0 fnt
|faint|p2a: Pelipper
|
|-weather|RainDance|[upkeep]
|upkeep
|
|t:|1779806068
|switch|p2a: Basculegion|Basculegion, M|14/100
|turn|40
|
|t:|1779806077
|move|p2a: Basculegion|Wave Crash|p1a: Zamazenta
|-damage|p1a: Zamazenta|0 fnt
|faint|p1a: Zamazenta
|-damage|p2a: Basculegion|4/100|[from] Recoil
|
|win|ydyjyrdy
|raw|bidthimg's rating: 1346 &rarr; <strong>1326</strong><br />(-20 for losing)
|raw|ydyjyrdy's rating: 1341 &rarr; <strong>1361</strong><br />(+20 for winning)
|l|☆bidthimg
|player|p1|
|l|☆ydyjyrdy
|player|p2|
