|j|☆Iweallylikebugs
|j|☆capitolg
|t:|1779946438
|gametype|singles
|player|p1|Iweallylikebugs|bugcatcher-gen4dp|1265
|player|p2|capitolg|bellelba|1264
|gen|9
|tier|[Gen 9] OU
|rated|
|rule|HP Percentage Mod: HP is shown in percentages
|rule|Endless Battle Clause: Forcing endless battles is banned
|rule|Species Clause: Limit one of each Pokémon
|rule|OHKO Clause: OHKO moves are banned
|rule|Evasion Items Clause: Evasion items are banned
|rule|Evasion Moves Clause: Evasion moves are banned
|rule|Evasion Abilities Clause: Evasion abilities are banned
|rule|Sleep Moves Clause: Sleep-inducing moves are banned
|clearpoke
|poke|p1|Grimmsnarl, M|
|poke|p1|Tornadus-Therian, M|
|poke|p1|Gholdengo|
|poke|p1|Zarude|
|poke|p1|Blaziken, M|
|poke|p1|Manaphy|
|poke|p2|Ribombee, M|
|poke|p2|Serperior, M|
|poke|p2|Kingambit, M|
|poke|p2|Skeledirge, M|
|poke|p2|Milotic, M|
|poke|p2|Cinderace, F|
|teampreview
|inactive|Battle timer is ON: inactive players will automatically lose when time's up. (requested by capitolg)
|
|t:|1779946446
|teamsize|p1|6
|teamsize|p2|6
|start
|switch|p1a: Gholdengo|Gholdengo|100/100
|switch|p2a: Ribombee|Ribombee, M|100/100
|-item|p1a: Gholdengo|Air Balloon
|turn|1
|
|t:|1779946449
|move|p2a: Ribombee|Sticky Web|p1a: Gholdengo
|-sidestart|p1: Iweallylikebugs|move: Sticky Web
|move|p1a: Gholdengo|Shadow Ball|p2a: Ribombee
|-damage|p2a: Ribombee|27/100
|
|upkeep
|turn|2
|
|t:|1779946454
|move|p2a: Ribombee|Moonblast|p1a: Gholdengo
|-resisted|p1a: Gholdengo
|-damage|p1a: Gholdengo|76/100
|-unboost|p1a: Gholdengo|spa|1
|-enditem|p1a: Gholdengo|Air Balloon
|move|p1a: Gholdengo|Shadow Ball|p2a: Ribombee
|-damage|p2a: Ribombee|0 fnt
|faint|p2a: Ribombee
|
|upkeep
|
|t:|1779946457
|switch|p2a: Cinderace|Cinderace, F|100/100
|turn|3
|
|t:|1779946462
|switch|p1a: Grimmsnarl|Grimmsnarl, M|100/100
|-activate|p1a: Grimmsnarl|move: Sticky Web
|-unboost|p1a: Grimmsnarl|spe|1
|move|p2a: Cinderace|Court Change|p2a: Cinderace
|-start|p2a: Cinderace|typechange|Normal|[from] ability: Libero
|-swapsideconditions
|-activate|p2a: Cinderace|move: Court Change
|
|upkeep
|turn|4
|
|t:|1779946471
|switch|p2a: Kingambit|Kingambit, M|100/100
|-activate|p2a: Kingambit|move: Sticky Web
|-unboost|p2a: Kingambit|spe|1
|-ability|p2a: Kingambit|Defiant|boost
|-boost|p2a: Kingambit|atk|2
|move|p1a: Grimmsnarl|Light Screen|p1a: Grimmsnarl
|-sidestart|p1: Iweallylikebugs|move: Light Screen
|
|upkeep
|turn|5
|
|t:|1779946475
|move|p1a: Grimmsnarl|Reflect|p1a: Grimmsnarl
|-sidestart|p1: Iweallylikebugs|Reflect
|move|p2a: Kingambit|Brick Break|p1a: Grimmsnarl
|-sideend|p1: Iweallylikebugs|Reflect
|-sideend|p1: Iweallylikebugs|move: Light Screen
|-damage|p1a: Grimmsnarl|30/100
|
|upkeep
|turn|6
|c|☆Iweallylikebugs|Are we so serious
|
|t:|1779946489
|move|p1a: Grimmsnarl|Spirit Break|p2a: Kingambit
|-damage|p2a: Kingambit|76/100
|-unboost|p2a: Kingambit|spa|1
|-ability|p2a: Kingambit|Defiant|boost
|-boost|p2a: Kingambit|atk|2
|move|p2a: Kingambit|Iron Head|p1a: Grimmsnarl
|-supereffective|p1a: Grimmsnarl
|-damage|p1a: Grimmsnarl|0 fnt
|faint|p1a: Grimmsnarl
|
|upkeep
|
|t:|1779946493
|switch|p1a: Blaziken|Blaziken, M|100/100
|-item|p1a: Blaziken|Air Balloon
|turn|7
|
|t:|1779946497
|switch|p2a: Skeledirge|Skeledirge, M|100/100
|-item|p2a: Skeledirge|Air Balloon
|move|p1a: Blaziken|Close Combat|p2a: Skeledirge
|-immune|p2a: Skeledirge
|
|-ability|p1a: Blaziken|Speed Boost|boost
|-boost|p1a: Blaziken|spe|1
|upkeep
|turn|8
|
|t:|1779946502
|switch|p1a: Manaphy|Manaphy|100/100
|move|p2a: Skeledirge|Torch Song|p1a: Manaphy
|-resisted|p1a: Manaphy
|-damage|p1a: Manaphy|79/100
|-boost|p2a: Skeledirge|spa|1
|
|upkeep
|turn|9
|
|t:|1779946506
|switch|p2a: Serperior|Serperior, M|100/100
|-activate|p2a: Serperior|move: Sticky Web
|-boost|p2a: Serperior|spe|1
|move|p1a: Manaphy|Surf|p2a: Serperior
|-resisted|p2a: Serperior
|-damage|p2a: Serperior|76/100
|
|-heal|p2a: Serperior|83/100|[from] item: Leftovers
|upkeep
|turn|10
|
|t:|1779946510
|switch|p1a: Tornadus|Tornadus-Therian, M|100/100
|move|p2a: Serperior|Glare|p1a: Tornadus
|-status|p1a: Tornadus|par
|
|-heal|p2a: Serperior|89/100|[from] item: Leftovers
|upkeep
|turn|11
|
|t:|1779946515
|switch|p2a: Milotic|Milotic, M|100/100
|-activate|p2a: Milotic|move: Sticky Web
|-unboost|p2a: Milotic|spe|1
|-ability|p2a: Milotic|Competitive|boost
|-boost|p2a: Milotic|spa|2
|cant|p1a: Tornadus|par
|
|upkeep
|turn|12
|
|t:|1779946520
|move|p1a: Tornadus|Grass Knot|p2a: Milotic
|-supereffective|p2a: Milotic
|-crit|p2a: Milotic
|-damage|p2a: Milotic|55/100
|move|p2a: Milotic|Scald|p1a: Tornadus
|-damage|p1a: Tornadus|9/100 par
|
|upkeep
|turn|13
|
|t:|1779946524
|move|p1a: Tornadus|Grass Knot|p2a: Milotic
|-supereffective|p2a: Milotic
|-damage|p2a: Milotic|23/100
|move|p2a: Milotic|Draining Kiss|p1a: Tornadus
|-damage|p1a: Tornadus|0 fnt
|-heal|p2a: Milotic|29/100|[from] drain|[of] p1a: Tornadus
|faint|p1a: Tornadus
|
|upkeep
|
|t:|1779946527
|switch|p1a: Zarude|Zarude|100/100
|turn|14
|
|t:|1779946533
|move|p1a: Zarude|Knock Off|p2a: Milotic
|-damage|p2a: Milotic|0 fnt
|-enditem|p2a: Milotic|Assault Vest|[from] move: Knock Off|[of] p1a: Zarude
|faint|p2a: Milotic
|
|upkeep
|
|t:|1779946539
|switch|p2a: Cinderace|Cinderace, F|100/100
|turn|15
|
|t:|1779946543
|switch|p1a: Blaziken|Blaziken, M|100/100
|-item|p1a: Blaziken|Air Balloon
|move|p2a: Cinderace|High Jump Kick|p1a: Blaziken
|-start|p2a: Cinderace|typechange|Fighting|[from] ability: Libero
|-damage|p1a: Blaziken|0 fnt
|-enditem|p1a: Blaziken|Air Balloon
|faint|p1a: Blaziken
|
|upkeep
|
|t:|1779946546
|switch|p1a: Manaphy|Manaphy|79/100
|turn|16
|
|t:|1779946549
|move|p2a: Cinderace|Taunt|p1a: Manaphy
|-start|p1a: Manaphy|move: Taunt
|move|p1a: Manaphy|Surf|p2a: Cinderace
|-damage|p2a: Cinderace|44/100
|
|upkeep
|turn|17
|
|t:|1779946551
|move|p2a: Cinderace|Sucker Punch|p1a: Manaphy
|-damage|p1a: Manaphy|54/100
|move|p1a: Manaphy|Surf|p2a: Cinderace
|-damage|p2a: Cinderace|0 fnt
|faint|p2a: Cinderace
|
|upkeep
|
|t:|1779946554
|switch|p2a: Serperior|Serperior, M|89/100
|-activate|p2a: Serperior|move: Sticky Web
|-boost|p2a: Serperior|spe|1
|turn|18
|
|t:|1779946558
|move|p2a: Serperior|Substitute|p2a: Serperior
|-start|p2a: Serperior|Substitute
|-damage|p2a: Serperior|64/100
|move|p1a: Manaphy|Ice Beam|p2a: Serperior
|-supereffective|p2a: Serperior
|-end|p2a: Serperior|Substitute
|
|-heal|p2a: Serperior|70/100|[from] item: Leftovers
|-end|p1a: Manaphy|move: Taunt
|upkeep
|turn|19
|
|t:|1779946561
|move|p2a: Serperior|Leaf Storm|p1a: Manaphy
|-supereffective|p1a: Manaphy
|-damage|p1a: Manaphy|0 fnt
|-boost|p2a: Serperior|spa|2
|faint|p1a: Manaphy
|
|-heal|p2a: Serperior|76/100|[from] item: Leftovers
|upkeep
|
|t:|1779946564
|switch|p1a: Gholdengo|Gholdengo|76/100
|turn|20
|
|t:|1779946567
|move|p2a: Serperior|Leaf Storm|p1a: Gholdengo
|-resisted|p1a: Gholdengo
|-damage|p1a: Gholdengo|22/100
|-boost|p2a: Serperior|spa|2
|move|p1a: Gholdengo|Make It Rain|p2a: Serperior
|-damage|p2a: Serperior|0 fnt
|-unboost|p1a: Gholdengo|spa|1
|faint|p2a: Serperior
|
|upkeep
|
|t:|1779946570
|switch|p2a: Kingambit|Kingambit, M|76/100
|-activate|p2a: Kingambit|move: Sticky Web
|-unboost|p2a: Kingambit|spe|1
|-ability|p2a: Kingambit|Defiant|boost
|-boost|p2a: Kingambit|atk|2
|turn|21
|
|t:|1779946575
|move|p1a: Gholdengo|Make It Rain|p2a: Kingambit
|-resisted|p2a: Kingambit
|-damage|p2a: Kingambit|63/100
|-unboost|p1a: Gholdengo|spa|1
|move|p2a: Kingambit|Throat Chop|p1a: Gholdengo
|-supereffective|p1a: Gholdengo
|-damage|p1a: Gholdengo|0 fnt
|faint|p1a: Gholdengo
|
|upkeep
|
|t:|1779946578
|switch|p1a: Zarude|Zarude|100/100
|turn|22
|
|t:|1779946581
|move|p1a: Zarude|Bulk Up|p1a: Zarude
|-boost|p1a: Zarude|atk|1
|-boost|p1a: Zarude|def|1
|move|p2a: Kingambit|Brick Break|p1a: Zarude
|-supereffective|p1a: Zarude
|-damage|p1a: Zarude|36/100
|
|-heal|p1a: Zarude|42/100|[from] item: Leftovers
|upkeep
|turn|23
|
|t:|1779946596
|-terastallize|p1a: Zarude|Fairy
|move|p2a: Kingambit|Sucker Punch||[still]
|-fail|p2a: Kingambit
|move|p1a: Zarude|Jungle Healing|p1a: Zarude
|-heal|p1a: Zarude|67/100
|
|-heal|p1a: Zarude|73/100|[from] item: Leftovers
|upkeep
|turn|24
|
|t:|1779946599
|move|p1a: Zarude|Bulk Up|p1a: Zarude
|-boost|p1a: Zarude|atk|1
|-boost|p1a: Zarude|def|1
|move|p2a: Kingambit|Iron Head|p1a: Zarude
|-supereffective|p1a: Zarude
|-damage|p1a: Zarude|0 fnt
|faint|p1a: Zarude
|
|win|capitolg
|raw|Iweallylikebugs's rating: 1265 &rarr; <strong>1240</strong><br />(-25 for losing)
|raw|capitolg's rating: 1264 &rarr; <strong>1289</strong><br />(+25 for winning)
|l|☆capitolg
|player|p2|
|l|☆Iweallylikebugs
|player|p1|
