|j|☆Leader Alastor
|j|☆JaseT
|t:|1779814898
|gametype|singles
|player|p1|Leader Alastor|blue|1467
|player|p2|JaseT|hiker|1440
|gen|9
|tier|[Gen 9] OU
|rated|
|rule|HP Percentage Mod: HP is shown in percentages
|rule|Endless Battle Clause: Forcing endless battles is banned
|rule|Species Clause: Limit one of each Pokémon
|rule|OHKO Clause: OHKO moves are banned
|rule|Evasion Items Clause: Evasion items are banned
|rule|Evasion Moves Clause: Evasion moves are banned
|rule|Evasion Abilities Clause: Evasion abilities are banned
|rule|Sleep Moves Clause: Sleep-inducing moves are banned
|clearpoke
|poke|p1|Ceruledge, F|
|poke|p1|Iron Valiant|
|poke|p1|Lilligant, F|
|poke|p1|Cloyster, M|
|poke|p1|Noivern, F|
|poke|p1|Malamar, F|
|poke|p2|Clefable, F|
|poke|p2|Great Tusk|
|poke|p2|Torkoal, M|
|poke|p2|Walking Wake|
|poke|p2|Cinderace, F|
|poke|p2|Wo-Chien|
|teampreview
|inactive|Battle timer is ON: inactive players will automatically lose when time's up. (requested by Leader Alastor)
|
|t:|1779814967
|teamsize|p1|6
|teamsize|p2|6
|start
|switch|p1a: Trident|Cloyster, M|100/100
|switch|p2a: Torkoal|Torkoal, M|100/100
|-weather|SunnyDay|[from] ability: Drought|[of] p2a: Torkoal
|turn|1
|
|t:|1779814975
|move|p1a: Trident|Shell Smash|p1a: Trident
|-unboost|p1a: Trident|def|1
|-unboost|p1a: Trident|spd|1
|-boost|p1a: Trident|atk|2
|-boost|p1a: Trident|spa|2
|-boost|p1a: Trident|spe|2
|move|p2a: Torkoal|Overheat|p1a: Trident
|-enditem|p1a: Trident|Focus Sash
|-damage|p1a: Trident|1/100
|-unboost|p2a: Torkoal|spa|2
|
|-weather|SunnyDay|[upkeep]
|upkeep
|turn|2
|
|t:|1779814986
|switch|p2a: Clefable|Clefable, F|100/100
|move|p1a: Trident|Rock Blast|p2a: Clefable
|-damage|p2a: Clefable|94/100
|-damage|p2a: Clefable|88/100
|-damage|p2a: Clefable|81/100
|-damage|p2a: Clefable|75/100
|-damage|p2a: Clefable|68/100
|-hitcount|p2a: Clefable|5
|
|-weather|SunnyDay|[upkeep]
|upkeep
|turn|3
|
|t:|1779814998
|move|p1a: Trident|Icicle Spear|p2a: Clefable
|-damage|p2a: Clefable|58/100
|-damage|p2a: Clefable|48/100
|-damage|p2a: Clefable|38/100
|-damage|p2a: Clefable|28/100
|-damage|p2a: Clefable|19/100
|-hitcount|p2a: Clefable|5
|move|p2a: Clefable|Flamethrower|p1a: Trident
|-damage|p1a: Trident|0 fnt
|faint|p1a: Trident
|
|-weather|SunnyDay|[upkeep]
|upkeep
|
|t:|1779815004
|switch|p1a: Flamberge|Ceruledge, F|100/100
|turn|4
|
|t:|1779815008
|switch|p2a: Walking Wake|Walking Wake|100/100
|-activate|p2a: Walking Wake|ability: Protosynthesis
|-start|p2a: Walking Wake|protosynthesisspe
|move|p1a: Flamberge|Swords Dance|p1a: Flamberge
|-boost|p1a: Flamberge|atk|2
|
|-weather|SunnyDay|[upkeep]
|upkeep
|turn|5
|
|t:|1779815020
|move|p2a: Walking Wake|Hydro Steam|p1a: Flamberge
|-supereffective|p1a: Flamberge
|-enditem|p1a: Flamberge|Focus Sash
|-damage|p1a: Flamberge|1/100
|move|p1a: Flamberge|Bitter Blade|p2a: Walking Wake
|-resisted|p2a: Walking Wake
|-damage|p2a: Walking Wake|61/100
|-heal|p1a: Flamberge|24/100|[from] drain|[of] p2a: Walking Wake
|
|-weather|SunnyDay|[upkeep]
|upkeep
|turn|6
|
|t:|1779815027
|move|p1a: Flamberge|Shadow Sneak|p2a: Walking Wake
|-damage|p2a: Walking Wake|17/100
|move|p2a: Walking Wake|Hydro Steam|p1a: Flamberge
|-supereffective|p1a: Flamberge
|-damage|p1a: Flamberge|0 fnt
|faint|p1a: Flamberge
|
|-weather|SunnyDay|[upkeep]
|upkeep
|
|t:|1779815031
|switch|p1a: Gladius|Lilligant, F|100/100
|turn|7
|
|t:|1779815051
|-end|p2a: Walking Wake|Protosynthesis|[silent]
|switch|p2a: Cinderace|Cinderace, F|100/100
|-item|p2a: Cinderace|Air Balloon
|move|p1a: Gladius|Quiver Dance|p1a: Gladius
|-boost|p1a: Gladius|spa|1
|-boost|p1a: Gladius|spd|1
|-boost|p1a: Gladius|spe|1
|
|-weather|SunnyDay|[upkeep]
|upkeep
|turn|8
|
|t:|1779815064
|-terastallize|p1a: Gladius|Electric
|move|p1a: Gladius|Giga Drain|p2a: Cinderace
|-resisted|p2a: Cinderace
|-damage|p2a: Cinderace|56/100
|-enditem|p2a: Cinderace|Air Balloon
|move|p2a: Cinderace|Flame Charge|p1a: Gladius
|-damage|p1a: Gladius|44/100
|-boost|p2a: Cinderace|spe|1
|
|-weather|none
|upkeep
|turn|9
|
|t:|1779815083
|move|p2a: Cinderace|Pyro Ball|p1a: Gladius
|-damage|p1a: Gladius|0 fnt
|faint|p1a: Gladius
|
|upkeep
|
|t:|1779815089
|switch|p1a: Partisan|Malamar, F|100/100
|turn|10
|inactive|JaseT has 120 seconds left.
|
|t:|1779815115
|move|p2a: Cinderace|Swords Dance|p2a: Cinderace
|-boost|p2a: Cinderace|atk|2
|move|p1a: Partisan|Superpower|p2a: Cinderace
|-damage|p2a: Cinderace|3/100
|-boost|p1a: Partisan|atk|1
|-boost|p1a: Partisan|def|1
|
|upkeep
|turn|11
|
|t:|1779815120
|move|p2a: Cinderace|Pyro Ball|p1a: Partisan
|-damage|p1a: Partisan|0 fnt
|faint|p1a: Partisan
|
|upkeep
|
|t:|1779815122
|switch|p1a: Scimitar|Noivern, F|100/100
|turn|12
|
|t:|1779815125
|move|p2a: Cinderace|Pyro Ball|p1a: Scimitar
|-resisted|p1a: Scimitar
|-damage|p1a: Scimitar|0 fnt
|faint|p1a: Scimitar
|
|upkeep
|
|t:|1779815127
|switch|p1a: Glaive|Iron Valiant|100/100
|-enditem|p1a: Glaive|Booster Energy
|-activate|p1a: Glaive|ability: Quark Drive|[fromitem]
|-start|p1a: Glaive|quarkdrivespe
|turn|13
|
|t:|1779815134
|-terastallize|p2a: Cinderace|Fire
|move|p2a: Cinderace|Flame Charge|p1a: Glaive
|-damage|p1a: Glaive|0 fnt
|-boost|p2a: Cinderace|spe|1
|faint|p1a: Glaive
|-end|p1a: Glaive|Quark Drive|[silent]
|
|win|JaseT
|raw|Leader Alastor's rating: 1467 &rarr; <strong>1445</strong><br />(-22 for losing)
|raw|JaseT's rating: 1440 &rarr; <strong>1462</strong><br />(+22 for winning)
|l|☆JaseT
|player|p2|
|l|☆Leader Alastor
|player|p1|
