|j|☆yungbanjostrap
|j|☆tperz
|t:|1779892338
|gametype|singles
|player|p1|yungbanjostrap|265|1481
|player|p2|tperz|gentleman-gen4dp|1518
|gen|9
|tier|[Gen 9] OU
|rated|
|rule|HP Percentage Mod: HP is shown in percentages
|rule|Endless Battle Clause: Forcing endless battles is banned
|rule|Species Clause: Limit one of each Pokémon
|rule|OHKO Clause: OHKO moves are banned
|rule|Evasion Items Clause: Evasion items are banned
|rule|Evasion Moves Clause: Evasion moves are banned
|rule|Evasion Abilities Clause: Evasion abilities are banned
|rule|Sleep Moves Clause: Sleep-inducing moves are banned
|clearpoke
|poke|p1|Alomomola, F|
|poke|p1|Zamazenta-*|
|poke|p1|Gliscor, F|
|poke|p1|Walking Wake|
|poke|p1|Hatterene, F|
|poke|p1|Tornadus-Therian, M|
|poke|p2|Goodra-Hisui, F|
|poke|p2|Ninetales-Alola, M|
|poke|p2|Glimmora, M|
|poke|p2|Mandibuzz, F|
|poke|p2|Ogerpon-Wellspring, F|
|poke|p2|Great Tusk|
|teampreview
|inactive|Battle timer is ON: inactive players will automatically lose when time's up. (requested by tperz)
|
|t:|1779892349
|teamsize|p1|6
|teamsize|p2|6
|start
|switch|p1a: Walking Wake|Walking Wake|100/100
|switch|p2a: Ogerpon|Ogerpon-Wellspring, F|100/100
|turn|1
|
|t:|1779892354
|-end|p1a: Walking Wake|Protosynthesis|[silent]
|switch|p1a: Zamazenta|Zamazenta|100/100
|-ability|p1a: Zamazenta|Dauntless Shield|boost
|-boost|p1a: Zamazenta|def|1
|move|p2a: Ogerpon|Knock Off|p1a: Zamazenta
|-resisted|p1a: Zamazenta
|-damage|p1a: Zamazenta|91/100
|-enditem|p1a: Zamazenta|Leftovers|[from] move: Knock Off|[of] p2a: Ogerpon
|
|upkeep
|turn|2
|
|t:|1779892363
|move|p1a: Zamazenta|Body Press|p2a: Ogerpon
|-damage|p2a: Ogerpon|31/100
|move|p2a: Ogerpon|Ivy Cudgel|p1a: Zamazenta|[anim] Ivy Cudgel Water
|-crit|p1a: Zamazenta
|-damage|p1a: Zamazenta|19/100
|
|upkeep
|turn|3
|
|t:|1779892370
|switch|p2a: Mandibuzz|Mandibuzz, F|100/100
|move|p1a: Zamazenta|Body Press|p2a: Mandibuzz
|-damage|p2a: Mandibuzz|72/100
|-damage|p1a: Zamazenta|2/100|[from] item: Rocky Helmet|[of] p2a: Mandibuzz
|
|upkeep
|turn|4
|
|t:|1779892376
|switch|p1a: Alomomola|Alomomola, F|100/100
|move|p2a: Mandibuzz|Roost|p2a: Mandibuzz
|-heal|p2a: Mandibuzz|100/100
|-singleturn|p2a: Mandibuzz|move: Roost
|
|upkeep
|turn|5
|
|t:|1779892380
|move|p2a: Mandibuzz|Taunt|p1a: Alomomola
|-start|p1a: Alomomola|move: Taunt
|cant|p1a: Alomomola|move: Taunt|Wish
|
|upkeep
|turn|6
|
|t:|1779892384
|switch|p2a: Ogerpon|Ogerpon-Wellspring, F|31/100
|switch|p1a: Hatterene|Hatterene, F|100/100
|
|upkeep
|turn|7
|
|t:|1779892389
|move|p2a: Ogerpon|U-turn|p1a: Hatterene
|-damage|p1a: Hatterene|77/100
|-damage|p2a: Ogerpon|15/100|[from] item: Rocky Helmet|[of] p1a: Hatterene
|
|t:|1779892395
|switch|p2a: Ninetales|Ninetales-Alola, M|100/100|[from] U-turn
|-weather|Snowscape|[from] ability: Snow Warning|[of] p2a: Ninetales
|move|p1a: Hatterene|Psychic Noise|p2a: Ninetales
|-damage|p2a: Ninetales|64/100
|-start|p2a: Ninetales|move: Heal Block
|
|-weather|Snowscape|[upkeep]
|upkeep
|turn|8
|
|t:|1779892409
|move|p2a: Ninetales|Aurora Veil|p2a: Ninetales
|-sidestart|p2: tperz|move: Aurora Veil
|move|p1a: Hatterene|Nuzzle|p2a: Ninetales
|-damage|p2a: Ninetales|62/100
|-status|p2a: Ninetales|par
|
|-weather|Snowscape|[upkeep]
|-end|p2a: Ninetales|move: Heal Block
|upkeep
|turn|9
|
|t:|1779892416
|switch|p2a: Goodra|Goodra-Hisui, F|100/100
|move|p1a: Hatterene|Psychic Noise|p2a: Goodra
|-resisted|p2a: Goodra
|-damage|p2a: Goodra|96/100
|-start|p2a: Goodra|move: Heal Block
|
|-weather|Snowscape|[upkeep]
|upkeep
|turn|10
|
|t:|1779892425
|switch|p1a: Alomomola|Alomomola, F|100/100
|move|p2a: Goodra|Curse|p2a: Goodra
|-unboost|p2a: Goodra|spe|1
|-boost|p2a: Goodra|atk|1
|-boost|p2a: Goodra|def|1
|
|-weather|Snowscape|[upkeep]
|-end|p2a: Goodra|move: Heal Block
|upkeep
|turn|11
|
|t:|1779892430
|switch|p2a: Ogerpon|Ogerpon-Wellspring, F|15/100
|move|p1a: Alomomola|Wish|p1a: Alomomola
|
|-weather|none
|upkeep
|turn|12
|
|t:|1779892436
|switch|p1a: Hatterene|Hatterene, F|77/100
|move|p2a: Ogerpon|Power Whip|p1a: Hatterene
|-damage|p1a: Hatterene|18/100
|-damage|p2a: Ogerpon|0 fnt|[from] item: Rocky Helmet|[of] p1a: Hatterene
|faint|p2a: Ogerpon
|
|-heal|p1a: Hatterene|100/100|[from] move: Wish|[wisher] Alomomola
|upkeep
|
|t:|1779892444
|switch|p2a: Glimmora|Glimmora, M|100/100
|turn|13
|
|t:|1779892455
|switch|p1a: Walking Wake|Walking Wake|100/100
|move|p2a: Glimmora|Power Gem|p1a: Walking Wake
|-damage|p1a: Walking Wake|58/100
|
|upkeep
|turn|14
|
|t:|1779892463
|switch|p2a: Goodra|Goodra-Hisui, F|96/100
|move|p1a: Walking Wake|Hydro Steam|p2a: Goodra
|-resisted|p2a: Goodra
|-damage|p2a: Goodra|91/100
|
|-heal|p2a: Goodra|97/100|[from] item: Leftovers
|upkeep
|turn|15
|
|t:|1779892468
|switch|p2a: Glimmora|Glimmora, M|100/100
|move|p1a: Walking Wake|Knock Off|p2a: Glimmora
|-crit|p2a: Glimmora
|-damage|p2a: Glimmora|74/100
|-enditem|p2a: Glimmora|Black Sludge|[from] move: Knock Off|[of] p1a: Walking Wake
|
|-sideend|p2: tperz|move: Aurora Veil
|upkeep
|turn|16
|-message|tperz forfeited.
|
|win|yungbanjostrap
|raw|yungbanjostrap's rating: 1481 &rarr; <strong>1503</strong><br />(+22 for winning)
|raw|tperz's rating: 1518 &rarr; <strong>1496</strong><br />(-22 for losing)
|l|☆tperz
|player|p2|
