|j|☆Hike Mawk
|j|☆NewGenLaw
|t:|1779824490
|gametype|singles
|player|p1|Hike Mawk|riley|1377
|player|p2|NewGenLaw|blue|1374
|gen|9
|tier|[Gen 9] OU
|rated|
|rule|HP Percentage Mod: HP is shown in percentages
|rule|Endless Battle Clause: Forcing endless battles is banned
|rule|Species Clause: Limit one of each Pokémon
|rule|OHKO Clause: OHKO moves are banned
|rule|Evasion Items Clause: Evasion items are banned
|rule|Evasion Moves Clause: Evasion moves are banned
|rule|Evasion Abilities Clause: Evasion abilities are banned
|rule|Sleep Moves Clause: Sleep-inducing moves are banned
|clearpoke
|poke|p1|Gliscor, M|
|poke|p1|Clefable, F|
|poke|p1|Corviknight, M|
|poke|p1|Blissey, F|
|poke|p1|Forretress, F|
|poke|p1|Garganacl, F|
|poke|p2|Cinderace, F|
|poke|p2|Iron Treads|
|poke|p2|Kyurem|
|poke|p2|Zapdos|
|poke|p2|Ogerpon-Wellspring, F|
|poke|p2|Lucario, M|
|teampreview
|
|t:|1779824501
|teamsize|p1|6
|teamsize|p2|6
|start
|switch|p1a: Rocki|Garganacl, F, shiny|100/100
|switch|p2a: Ogerpon|Ogerpon-Wellspring, F|100/100
|turn|1
|
|t:|1779824511
|-terastallize|p1a: Rocki|Grass
|move|p2a: Ogerpon|Ivy Cudgel|p1a: Rocki|[anim] Ivy Cudgel Water
|-resisted|p1a: Rocki
|-crit|p1a: Rocki
|-damage|p1a: Rocki|73/100
|move|p1a: Rocki|Salt Cure|p2a: Ogerpon
|-damage|p2a: Ogerpon|75/100
|-start|p2a: Ogerpon|Salt Cure
|
|-damage|p2a: Ogerpon|50/100|[from] Salt Cure
|upkeep
|turn|2
|
|t:|1779824521
|switch|p2a: Iron Treads|Iron Treads|100/100
|move|p1a: Rocki|Salt Cure|p2a: Iron Treads
|-resisted|p2a: Iron Treads
|-damage|p2a: Iron Treads|97/100
|-start|p2a: Iron Treads|Salt Cure
|
|-heal|p2a: Iron Treads|100/100|[from] item: Leftovers
|-damage|p2a: Iron Treads|75/100|[from] Salt Cure
|upkeep
|turn|3
|
|t:|1779824526
|move|p2a: Iron Treads|Knock Off|p1a: Rocki
|-damage|p1a: Rocki|55/100
|-enditem|p1a: Rocki|Sitrus Berry|[from] move: Knock Off|[of] p2a: Iron Treads
|move|p1a: Rocki|Earthquake|p2a: Iron Treads
|-supereffective|p2a: Iron Treads
|-damage|p2a: Iron Treads|24/100
|
|-heal|p2a: Iron Treads|30/100|[from] item: Leftovers
|-damage|p2a: Iron Treads|5/100|[from] Salt Cure
|upkeep
|turn|4
|
|t:|1779824530
|move|p2a: Iron Treads|Stealth Rock|p1a: Rocki
|-sidestart|p1: Hike Mawk|move: Stealth Rock
|move|p1a: Rocki|Recover|p1a: Rocki
|-heal|p1a: Rocki|100/100
|
|-heal|p2a: Iron Treads|11/100|[from] item: Leftovers
|-damage|p2a: Iron Treads|0 fnt|[from] Salt Cure
|faint|p2a: Iron Treads
|-end|p2a: Iron Treads|Quark Drive|[silent]
|upkeep
|
|t:|1779824534
|switch|p2a: Zapdos|Zapdos|100/100
|-ability|p2a: Zapdos|Pressure
|turn|5
|
|t:|1779824548
|switch|p1a: Zira|Blissey, F|100/100
|-damage|p1a: Zira|88/100|[from] Stealth Rock
|move|p2a: Zapdos|Hurricane|p1a: Zira
|-crit|p1a: Zira
|-damage|p1a: Zira|65/100
|
|upkeep
|turn|6
|
|t:|1779824553
|move|p2a: Zapdos|Thunder Wave|p1a: Zira
|-status|p1a: Zira|par
|move|p1a: Zira|Ice Beam|p2a: Zapdos
|-supereffective|p2a: Zapdos
|-damage|p2a: Zapdos|46/100
|
|upkeep
|turn|7
|
|t:|1779824557
|move|p2a: Zapdos|Roost|p2a: Zapdos
|-heal|p2a: Zapdos|96/100
|-singleturn|p2a: Zapdos|move: Roost
|move|p1a: Zira|Soft-Boiled|p1a: Zira
|-heal|p1a: Zira|100/100 par
|
|upkeep
|turn|8
|
|t:|1779824558
|move|p2a: Zapdos|Volt Switch|p1a: Zira
|-crit|p1a: Zira
|-damage|p1a: Zira|84/100 par
|
|t:|1779824562
|switch|p2a: Ogerpon|Ogerpon-Wellspring, F|50/100|[from] Volt Switch
|cant|p1a: Zira|par
|
|upkeep
|turn|9
|inactive|Battle timer is ON: inactive players will automatically lose when time's up. (requested by NewGenLaw)
|
|t:|1779824569
|-curestatus|p1a: Zira|par|[from] ability: Natural Cure|[silent]
|switch|p1a: Rocki|Garganacl, F, shiny, tera:Grass|100/100
|-damage|p1a: Rocki|88/100|[from] Stealth Rock
|move|p2a: Ogerpon|Synthesis|p2a: Ogerpon
|-heal|p2a: Ogerpon|99/100
|
|upkeep
|turn|10
|
|t:|1779824585
|move|p2a: Ogerpon|Spikes|p1a: Rocki
|-sidestart|p1: Hike Mawk|Spikes
|move|p1a: Rocki|Salt Cure|p2a: Ogerpon
|-damage|p2a: Ogerpon|73/100
|-start|p2a: Ogerpon|Salt Cure
|
|-damage|p2a: Ogerpon|48/100|[from] Salt Cure
|upkeep
|turn|11
|
|t:|1779824588
|move|p2a: Ogerpon|Synthesis|p2a: Ogerpon
|-heal|p2a: Ogerpon|98/100
|move|p1a: Rocki|Salt Cure|p2a: Ogerpon
|-damage|p2a: Ogerpon|74/100
|
|-damage|p2a: Ogerpon|49/100|[from] Salt Cure
|upkeep
|turn|12
|
|t:|1779824594
|move|p2a: Ogerpon|Synthesis|p2a: Ogerpon
|-heal|p2a: Ogerpon|99/100
|move|p1a: Rocki|Stealth Rock|p2a: Ogerpon
|-sidestart|p2: NewGenLaw|move: Stealth Rock
|
|-damage|p2a: Ogerpon|74/100|[from] Salt Cure
|upkeep
|turn|13
|
|t:|1779824603
|switch|p2a: Zapdos|Zapdos|96/100
|-ability|p2a: Zapdos|Pressure
|move|p1a: Rocki|Salt Cure|p2a: Zapdos
|-supereffective|p2a: Zapdos
|-damage|p2a: Zapdos|69/100
|-start|p2a: Zapdos|Salt Cure
|
|-damage|p2a: Zapdos|56/100|[from] Salt Cure
|upkeep
|turn|14
|
|t:|1779824611
|switch|p1a: Zira|Blissey, F|84/100
|-damage|p1a: Zira|72/100|[from] Stealth Rock
|-damage|p1a: Zira|59/100|[from] Spikes
|move|p2a: Zapdos|Hurricane|p1a: Zira
|-damage|p1a: Zira|43/100
|-start|p1a: Zira|confusion
|
|-damage|p2a: Zapdos|44/100|[from] Salt Cure
|upkeep
|turn|15
|
|t:|1779824619
|move|p2a: Zapdos|Roost|p2a: Zapdos
|-heal|p2a: Zapdos|94/100
|-singleturn|p2a: Zapdos|move: Roost
|-activate|p1a: Zira|confusion
|move|p1a: Zira|Soft-Boiled|p1a: Zira
|-heal|p1a: Zira|93/100
|
|-damage|p2a: Zapdos|81/100|[from] Salt Cure
|upkeep
|turn|16
|
|t:|1779824623
|move|p2a: Zapdos|Volt Switch|p1a: Zira
|-damage|p1a: Zira|83/100
|
|t:|1779824625
|switch|p2a: Ogerpon|Ogerpon-Wellspring, F|74/100|[from] Volt Switch
|-damage|p2a: Ogerpon|62/100|[from] Stealth Rock
|-activate|p1a: Zira|confusion
|move|p1a: Zira|Ice Beam|p2a: Ogerpon
|-damage|p2a: Ogerpon|32/100
|
|upkeep
|turn|17
|
|t:|1779824629
|switch|p1a: Rocki|Garganacl, F, shiny, tera:Grass|88/100
|-damage|p1a: Rocki|75/100|[from] Stealth Rock
|-damage|p1a: Rocki|63/100|[from] Spikes
|move|p2a: Ogerpon|Synthesis|p2a: Ogerpon
|-heal|p2a: Ogerpon|82/100
|
|upkeep
|turn|18
|
|t:|1779824634
|move|p2a: Ogerpon|Spikes|p1a: Rocki
|-sidestart|p1: Hike Mawk|Spikes
|move|p1a: Rocki|Salt Cure|p2a: Ogerpon
|-crit|p2a: Ogerpon
|-damage|p2a: Ogerpon|43/100
|-start|p2a: Ogerpon|Salt Cure
|
|-damage|p2a: Ogerpon|18/100|[from] Salt Cure
|upkeep
|turn|19
|
|t:|1779824639
|switch|p2a: Zapdos|Zapdos|81/100
|-ability|p2a: Zapdos|Pressure
|move|p1a: Rocki|Recover|p1a: Rocki
|-heal|p1a: Rocki|100/100
|
|upkeep
|turn|20
|
|t:|1779824650
|switch|p1a: Goldenuke|Forretress, F, shiny|100/100
|move|p2a: Zapdos|Volt Switch|p1a: Goldenuke
|-crit|p1a: Goldenuke
|-damage|p1a: Goldenuke|39/100
|
|t:|1779824656
|switch|p2a: Cinderace|Cinderace, F|100/100|[from] Volt Switch
|-damage|p2a: Cinderace|76/100|[from] Stealth Rock
|
|upkeep
|turn|21
|
|t:|1779824658
|move|p2a: Cinderace|Pyro Ball|p1a: Goldenuke
|-supereffective|p1a: Goldenuke
|-damage|p1a: Goldenuke|0 fnt
|faint|p1a: Goldenuke
|
|upkeep
|
|t:|1779824662
|switch|p1a: Azulor|Gliscor, M, shiny|100/100
|-damage|p1a: Azulor|88/100|[from] Stealth Rock
|turn|22
|
|t:|1779824667
|move|p2a: Cinderace|Pyro Ball|p1a: Azulor
|-damage|p1a: Azulor|22/100
|move|p1a: Azulor|Earthquake|p2a: Cinderace
|-supereffective|p2a: Cinderace
|-crit|p2a: Cinderace
|-damage|p2a: Cinderace|0 fnt
|faint|p2a: Cinderace
|
|-status|p1a: Azulor|tox|[from] item: Toxic Orb
|upkeep
|
|t:|1779824674
|switch|p2a: Lucario|Lucario, M|100/100
|-damage|p2a: Lucario|98/100|[from] Stealth Rock
|turn|23
|
|t:|1779824679
|move|p2a: Lucario|Extreme Speed|p1a: Azulor
|-damage|p1a: Azulor|0 fnt
|faint|p1a: Azulor
|-damage|p2a: Lucario|88/100|[from] item: Life Orb
|
|upkeep
|
|t:|1779824687
|switch|p1a: Rookidon|Corviknight, M|100/100
|-damage|p1a: Rookidon|88/100|[from] Stealth Rock
|turn|24
|
|t:|1779824690
|switch|p2a: Zapdos|Zapdos|81/100
|-ability|p2a: Zapdos|Pressure
|move|p1a: Rookidon|Bulk Up|p1a: Rookidon
|-boost|p1a: Rookidon|atk|1
|-boost|p1a: Rookidon|def|1
|
|upkeep
|turn|25
|
|t:|1779824693
|move|p2a: Zapdos|Thunder Wave|p1a: Rookidon
|-status|p1a: Rookidon|par
|move|p1a: Rookidon|Agility|p1a: Rookidon
|-boost|p1a: Rookidon|spe|2
|
|upkeep
|turn|26
|
|t:|1779824700
|move|p2a: Zapdos|Hurricane|p1a: Rookidon
|-resisted|p1a: Rookidon
|-damage|p1a: Rookidon|64/100 par
|-start|p1a: Rookidon|confusion
|-activate|p1a: Rookidon|confusion
|move|p1a: Rookidon|Agility|p1a: Rookidon
|-boost|p1a: Rookidon|spe|2
|
|upkeep
|turn|27
|
|t:|1779824706
|-end|p1a: Rookidon|confusion
|cant|p1a: Rookidon|par
|move|p2a: Zapdos|Volt Switch|p1a: Rookidon
|-supereffective|p1a: Rookidon
|-damage|p1a: Rookidon|9/100 par
|-enditem|p1a: Rookidon|Weakness Policy
|-boost|p1a: Rookidon|atk|2|[from] item: Weakness Policy
|-boost|p1a: Rookidon|spa|2|[from] item: Weakness Policy
|
|t:|1779824726
|switch|p2a: Kyurem|Kyurem|100/100|[from] Volt Switch
|-damage|p2a: Kyurem|76/100|[from] Stealth Rock
|-ability|p2a: Kyurem|Pressure
|
|upkeep
|turn|28
|
|t:|1779824728
|move|p2a: Kyurem|Ice Beam|p1a: Rookidon
|-damage|p1a: Rookidon|0 fnt
|faint|p1a: Rookidon
|
|upkeep
|
|t:|1779824736
|switch|p1a: Zira|Blissey, F|83/100
|-damage|p1a: Zira|70/100|[from] Stealth Rock
|-damage|p1a: Zira|54/100|[from] Spikes
|turn|29
|
|t:|1779824741
|switch|p2a: Ogerpon|Ogerpon-Wellspring, F|18/100
|-damage|p2a: Ogerpon|6/100|[from] Stealth Rock
|move|p1a: Zira|Ice Beam|p2a: Ogerpon
|-damage|p2a: Ogerpon|0 fnt
|faint|p2a: Ogerpon
|
|upkeep
|
|t:|1779824743
|switch|p2a: Lucario|Lucario, M|88/100
|-damage|p2a: Lucario|85/100|[from] Stealth Rock
|turn|30
|
|t:|1779824749
|switch|p1a: Cleffairable|Clefable, F, shiny|100/100
|move|p2a: Lucario|Swords Dance|p2a: Lucario
|-boost|p2a: Lucario|atk|2
|
|upkeep
|turn|31
|
|t:|1779824753
|move|p2a: Lucario|Earthquake|p1a: Cleffairable
|-damage|p1a: Cleffairable|57/100
|-damage|p2a: Lucario|75/100|[from] item: Life Orb
|move|p1a: Cleffairable|Flamethrower|p2a: Lucario
|-supereffective|p2a: Lucario
|-damage|p2a: Lucario|0 fnt
|faint|p2a: Lucario
|
|upkeep
|
|t:|1779824760
|switch|p2a: Zapdos|Zapdos|81/100
|-ability|p2a: Zapdos|Pressure
|turn|32
|
|t:|1779824767
|move|p2a: Zapdos|Volt Switch|p1a: Cleffairable
|-damage|p1a: Cleffairable|23/100
|
|t:|1779824769
|switch|p2a: Kyurem|Kyurem|76/100|[from] Volt Switch
|-damage|p2a: Kyurem|51/100|[from] Stealth Rock
|-ability|p2a: Kyurem|Pressure
|move|p1a: Cleffairable|Moonblast|p2a: Kyurem
|-supereffective|p2a: Kyurem
|-damage|p2a: Kyurem|0 fnt
|faint|p2a: Kyurem
|
|upkeep
|
|t:|1779824771
|switch|p2a: Zapdos|Zapdos|81/100
|-ability|p2a: Zapdos|Pressure
|turn|33
|
|t:|1779824774
|move|p2a: Zapdos|Volt Switch|p1a: Cleffairable
|-damage|p1a: Cleffairable|0 fnt
|faint|p1a: Cleffairable
|
|upkeep
|
|t:|1779824777
|switch|p1a: Zira|Blissey, F|54/100
|-damage|p1a: Zira|41/100|[from] Stealth Rock
|-damage|p1a: Zira|25/100|[from] Spikes
|turn|34
|
|t:|1779824782
|move|p2a: Zapdos|Hurricane|p1a: Zira|[miss]
|-miss|p2a: Zapdos|p1a: Zira
|move|p1a: Zira|Soft-Boiled|p1a: Zira
|-heal|p1a: Zira|75/100
|
|upkeep
|turn|35
|
|t:|1779824784
|move|p2a: Zapdos|Thunder Wave|p1a: Zira
|-status|p1a: Zira|par
|move|p1a: Zira|Calm Mind|p1a: Zira
|-boost|p1a: Zira|spa|1
|-boost|p1a: Zira|spd|1
|
|upkeep
|turn|36
|
|t:|1779824787
|move|p2a: Zapdos|Hurricane|p1a: Zira|[miss]
|-miss|p2a: Zapdos|p1a: Zira
|move|p1a: Zira|Ice Beam|p2a: Zapdos
|-supereffective|p2a: Zapdos
|-damage|p2a: Zapdos|0 fnt
|faint|p2a: Zapdos
|
|win|Hike Mawk
|raw|Hike Mawk's rating: 1377 &rarr; <strong>1397</strong><br />(+20 for winning)
|raw|NewGenLaw's rating: 1374 &rarr; <strong>1354</strong><br />(-20 for losing)
|l|☆NewGenLaw
|player|p2|
|c|☆Hike Mawk|GGs
