|j|☆savlov
|j|☆claudechamp
|t:|1779910993
|gametype|singles
|player|p1|savlov|iris-gen5bw2|1157
|player|p2|claudechamp|169|1211
|gen|9
|tier|[Gen 9] OU
|rated|
|rule|HP Percentage Mod: HP is shown in percentages
|rule|Endless Battle Clause: Forcing endless battles is banned
|rule|Species Clause: Limit one of each Pokémon
|rule|OHKO Clause: OHKO moves are banned
|rule|Evasion Items Clause: Evasion items are banned
|rule|Evasion Moves Clause: Evasion moves are banned
|rule|Evasion Abilities Clause: Evasion abilities are banned
|rule|Sleep Moves Clause: Sleep-inducing moves are banned
|clearpoke
|poke|p1|Cinderace, M|
|poke|p1|Ogerpon-Cornerstone, F|
|poke|p1|Darkrai|
|poke|p1|Corviknight, F|
|poke|p1|Iron Valiant|
|poke|p1|Kyurem|
|poke|p2|Gliscor, F|
|poke|p2|Ogerpon, F|
|poke|p2|Walking Wake|
|poke|p2|Blissey, F|
|poke|p2|Corviknight, M|
|poke|p2|Pecharunt|
|teampreview
|c|☆claudechamp|hf
|inactive|Battle timer is ON: inactive players will automatically lose when time's up. (requested by claudechamp)
|
|t:|1779911000
|teamsize|p1|6
|teamsize|p2|6
|start
|switch|p1a: Darkrai|Darkrai|100/100
|switch|p2a: Gliscor|Gliscor, F|100/100
|turn|1
|
|t:|1779911014
|move|p1a: Darkrai|Dark Pulse|p2a: Gliscor
|-damage|p2a: Gliscor|49/100
|cant|p2a: Gliscor|flinch
|
|-status|p2a: Gliscor|tox|[from] item: Toxic Orb
|upkeep
|turn|2
|
|t:|1779911022
|switch|p2a: Blissey|Blissey, F|100/100
|move|p1a: Darkrai|Dark Pulse|p2a: Blissey
|-damage|p2a: Blissey|79/100
|
|upkeep
|turn|3
|
|t:|1779911031
|switch|p1a: Iron Valiant|Iron Valiant|100/100
|-enditem|p1a: Iron Valiant|Booster Energy
|-activate|p1a: Iron Valiant|ability: Quark Drive|[fromitem]
|-start|p1a: Iron Valiant|quarkdrivespe
|move|p2a: Blissey|Stealth Rock|p1a: Iron Valiant
|-sidestart|p1: savlov|move: Stealth Rock
|
|upkeep
|turn|4
|
|t:|1779911041
|switch|p2a: Pecharunt|Pecharunt|100/100
|move|p1a: Iron Valiant|Swords Dance|p1a: Iron Valiant
|-boost|p1a: Iron Valiant|atk|2
|
|upkeep
|turn|5
|
|t:|1779911059
|move|p1a: Iron Valiant|Destiny Bond|p1a: Iron Valiant
|-singlemove|p1a: Iron Valiant|Destiny Bond
|move|p2a: Pecharunt|Malignant Chain|p1a: Iron Valiant
|-supereffective|p1a: Iron Valiant
|-damage|p1a: Iron Valiant|0 fnt
|faint|p1a: Iron Valiant
|-activate|p1a: Iron Valiant|move: Destiny Bond
|-end|p1a: Iron Valiant|Quark Drive|[silent]
|faint|p2a: Pecharunt
|
|upkeep
|
|t:|1779911069
|switch|p1a: Darkrai|Darkrai|100/100
|switch|p2a: Ogerpon|Ogerpon, F|100/100
|-damage|p1a: Darkrai|88/100|[from] Stealth Rock
|turn|6
|
|t:|1779911078
|switch|p2a: Blissey|Blissey, F|79/100
|move|p1a: Darkrai|Sludge Bomb|p2a: Blissey
|-damage|p2a: Blissey|65/100
|
|upkeep
|turn|7
|
|t:|1779911091
|switch|p1a: Kyurem|Kyurem|100/100
|-damage|p1a: Kyurem|76/100|[from] Stealth Rock
|-ability|p1a: Kyurem|Pressure
|move|p2a: Blissey|Soft-Boiled|p2a: Blissey
|-heal|p2a: Blissey|100/100
|
|upkeep
|turn|8
|
|t:|1779911104
|switch|p1a: Cinderace|Cinderace, M|100/100
|move|p2a: Blissey|Seismic Toss|p1a: Cinderace
|-damage|p1a: Cinderace|67/100
|
|upkeep
|turn|9
|
|t:|1779911115
|switch|p2a: Ogerpon|Ogerpon, F|100/100
|move|p1a: Cinderace|Pyro Ball|p2a: Ogerpon
|-supereffective|p2a: Ogerpon
|-damage|p2a: Ogerpon|0 fnt
|faint|p2a: Ogerpon
|
|upkeep
|
|t:|1779911120
|switch|p2a: Walking Wake|Walking Wake|100/100
|turn|10
|
|t:|1779911133
|switch|p1a: Corviknight|Corviknight, F|100/100
|-damage|p1a: Corviknight|88/100|[from] Stealth Rock
|move|p2a: Walking Wake|Surf|p1a: Corviknight
|-damage|p1a: Corviknight|41/100
|
|-heal|p1a: Corviknight|48/100|[from] item: Leftovers
|upkeep
|turn|11
|
|t:|1779911149
|move|p2a: Walking Wake|Surf|p1a: Corviknight
|-damage|p1a: Corviknight|0 fnt
|faint|p1a: Corviknight
|
|upkeep
|
|t:|1779911154
|switch|p1a: Darkrai|Darkrai|88/100
|-damage|p1a: Darkrai|76/100|[from] Stealth Rock
|turn|12
|
|t:|1779911160
|-end|p2a: Walking Wake|Protosynthesis|[silent]
|switch|p2a: Blissey|Blissey, F|100/100
|move|p1a: Darkrai|Thunder|p2a: Blissey
|-damage|p2a: Blissey|83/100
|
|upkeep
|turn|13
|
|t:|1779911173
|switch|p1a: Cinderace|Cinderace, M|67/100
|move|p2a: Blissey|Seismic Toss|p1a: Cinderace
|-damage|p1a: Cinderace|34/100
|
|upkeep
|turn|14
|
|t:|1779911181
|switch|p2a: Walking Wake|Walking Wake|100/100
|move|p1a: Cinderace|Court Change|p1a: Cinderace
|-start|p1a: Cinderace|typechange|Normal|[from] ability: Libero
|-swapsideconditions
|-activate|p1a: Cinderace|move: Court Change
|
|upkeep
|turn|15
|
|t:|1779911192
|move|p1a: Cinderace|U-turn|p2a: Walking Wake
|-damage|p2a: Walking Wake|78/100
|
|t:|1779911195
|switch|p1a: Kyurem|Kyurem|76/100|[from] U-turn
|-ability|p1a: Kyurem|Pressure
|move|p2a: Walking Wake|Draco Meteor|p1a: Kyurem
|-supereffective|p1a: Kyurem
|-damage|p1a: Kyurem|0 fnt
|-unboost|p2a: Walking Wake|spa|2
|faint|p1a: Kyurem
|
|upkeep
|
|t:|1779911207
|switch|p1a: Darkrai|Darkrai|76/100
|turn|16
|
|t:|1779911213
|-end|p2a: Walking Wake|Protosynthesis|[silent]
|switch|p2a: Blissey|Blissey, F|83/100
|move|p1a: Darkrai|Thunder|p2a: Blissey
|-damage|p2a: Blissey|66/100
|
|upkeep
|turn|17
|
|t:|1779911224
|switch|p1a: Ogerpon|Ogerpon-Cornerstone, F|100/100
|switch|p2a: Gliscor|Gliscor, F|49/100 tox
|-damage|p2a: Gliscor|36/100 tox|[from] Stealth Rock
|
|-heal|p2a: Gliscor|49/100 tox|[from] ability: Poison Heal
|upkeep
|turn|18
|
|t:|1779911237
|-terastallize|p1a: Ogerpon|Rock
|detailschange|p1a: Ogerpon|Ogerpon-Cornerstone-Tera, F, tera:Rock
|-ability|p1a: Ogerpon|Embody Aspect (Cornerstone)|boost
|-boost|p1a: Ogerpon|def|1
|move|p2a: Gliscor|Protect|p2a: Gliscor
|-singleturn|p2a: Gliscor|Protect
|move|p1a: Ogerpon|Ivy Cudgel|p2a: Gliscor|[anim] Ivy Cudgel Rock
|-activate|p2a: Gliscor|move: Protect
|
|-heal|p2a: Gliscor|61/100 tox|[from] ability: Poison Heal
|upkeep
|turn|19
|
|t:|1779911254
|move|p1a: Ogerpon|Ivy Cudgel|p2a: Gliscor|[anim] Ivy Cudgel Rock
|-damage|p2a: Gliscor|0 fnt
|faint|p2a: Gliscor
|
|upkeep
|
|t:|1779911259
|switch|p2a: Corviknight|Corviknight, M|100/100
|-ability|p2a: Corviknight|Pressure
|turn|20
|
|t:|1779911267
|move|p1a: Ogerpon|Swords Dance|p1a: Ogerpon
|-boost|p1a: Ogerpon|atk|2
|move|p2a: Corviknight|Body Press|p1a: Ogerpon
|-supereffective|p1a: Ogerpon
|-damage|p1a: Ogerpon|53/100
|
|upkeep
|turn|21
|
|t:|1779911278
|move|p1a: Ogerpon|Ivy Cudgel|p2a: Corviknight|[anim] Ivy Cudgel Rock
|-damage|p2a: Corviknight|2/100
|move|p2a: Corviknight|Body Press|p1a: Ogerpon
|-supereffective|p1a: Ogerpon
|-damage|p1a: Ogerpon|9/100
|
|upkeep
|turn|22
|
|t:|1779911286
|switch|p2a: Walking Wake|Walking Wake|78/100
|move|p1a: Ogerpon|Ivy Cudgel|p2a: Walking Wake|[anim] Ivy Cudgel Rock
|-damage|p2a: Walking Wake|0 fnt
|faint|p2a: Walking Wake
|-end|p2a: Walking Wake|Protosynthesis|[silent]
|
|upkeep
|
|t:|1779911295
|switch|p2a: Blissey|Blissey, F|66/100
|turn|23
|
|t:|1779911298
|move|p1a: Ogerpon|Ivy Cudgel|p2a: Blissey|[anim] Ivy Cudgel Rock
|-crit|p2a: Blissey
|-damage|p2a: Blissey|0 fnt
|faint|p2a: Blissey
|
|upkeep
|
|t:|1779911302
|switch|p2a: Corviknight|Corviknight, M|2/100
|-ability|p2a: Corviknight|Pressure
|turn|24
|
|t:|1779911311
|move|p1a: Ogerpon|Ivy Cudgel|p2a: Corviknight|[anim] Ivy Cudgel Rock
|-damage|p2a: Corviknight|0 fnt
|faint|p2a: Corviknight
|
|win|savlov
|raw|savlov's rating: 1157 &rarr; <strong>1186</strong><br />(+29 for winning)
|raw|claudechamp's rating: 1211 &rarr; <strong>1182</strong><br />(-29 for losing)
|c|☆claudechamp|gg
|l|☆savlov
|player|p1|
