|j|☆tkeshm
|j|☆Tonzeral
|t:|1779856754
|gametype|singles
|player|p1|tkeshm|hugh|1055
|player|p2|Tonzeral|magmasuit|1060
|gen|9
|tier|[Gen 9] OU
|rated|
|rule|HP Percentage Mod: HP is shown in percentages
|rule|Endless Battle Clause: Forcing endless battles is banned
|rule|Species Clause: Limit one of each Pokémon
|rule|OHKO Clause: OHKO moves are banned
|rule|Evasion Items Clause: Evasion items are banned
|rule|Evasion Moves Clause: Evasion moves are banned
|rule|Evasion Abilities Clause: Evasion abilities are banned
|rule|Sleep Moves Clause: Sleep-inducing moves are banned
|clearpoke
|poke|p1|Ogerpon-Wellspring, F|
|poke|p1|Ninetales-Alola, F|
|poke|p1|Ceruledge, F|
|poke|p1|Samurott-Hisui, M|
|poke|p1|Iron Valiant|
|poke|p1|Muk-Alola, F|
|poke|p2|Mismagius, F|
|poke|p2|Politoed, F|
|poke|p2|Klefki, F|
|poke|p2|Braviary, M|
|poke|p2|Masquerain, M|
|poke|p2|Flapple, F|
|teampreview
|inactive|Battle timer is ON: inactive players will automatically lose when time's up. (requested by Tonzeral)
|
|t:|1779856759
|teamsize|p1|6
|teamsize|p2|6
|start
|switch|p1a: Ogerpon|Ogerpon-Wellspring, F|100/100
|switch|p2a: Masquerain|Masquerain, M|100/100
|-ability|p2a: Masquerain|Intimidate|boost
|-unboost|p1a: Ogerpon|atk|1
|turn|1
|
|t:|1779856763
|move|p1a: Ogerpon|Ivy Cudgel|p2a: Masquerain|[anim] Ivy Cudgel Water
|-damage|p2a: Masquerain|32/100
|-enditem|p2a: Masquerain|Red Card|[of] p1a: Ogerpon
|drag|p1a: Ninetales|Ninetales-Alola, F|100/100
|-weather|Snowscape|[from] ability: Snow Warning|[of] p1a: Ninetales
|move|p2a: Masquerain|Sticky Web|p1a: Ninetales
|-sidestart|p1: tkeshm|move: Sticky Web
|
|-weather|Snowscape|[upkeep]
|upkeep
|turn|2
|
|t:|1779856776
|switch|p2a: Klefki|Klefki, F|100/100
|move|p1a: Ninetales|Aurora Veil|p1a: Ninetales
|-sidestart|p1: tkeshm|move: Aurora Veil
|
|-weather|Snowscape|[upkeep]
|upkeep
|turn|3
|
|t:|1779856785
|move|p1a: Ninetales|Blizzard|p2a: Klefki
|-resisted|p2a: Klefki
|-damage|p2a: Klefki|75/100
|move|p2a: Klefki|Flash Cannon|p1a: Ninetales
|-supereffective|p1a: Ninetales
|-damage|p1a: Ninetales|0 fnt
|faint|p1a: Ninetales
|
|-weather|Snowscape|[upkeep]
|upkeep
|
|t:|1779856792
|switch|p1a: Ceruledge|Ceruledge, F|100/100
|turn|4
|
|t:|1779856797
|switch|p2a: Masquerain|Masquerain, M|32/100
|-ability|p2a: Masquerain|Intimidate|boost
|-unboost|p1a: Ceruledge|atk|1
|move|p1a: Ceruledge|Swords Dance|p1a: Ceruledge
|-boost|p1a: Ceruledge|atk|2
|
|-weather|Snowscape|[upkeep]
|upkeep
|turn|5
|
|t:|1779856815
|move|p1a: Ceruledge|Bitter Blade|p2a: Masquerain
|-supereffective|p2a: Masquerain
|-damage|p2a: Masquerain|0 fnt
|faint|p2a: Masquerain
|
|-weather|none
|upkeep
|
|t:|1779856825
|switch|p2a: Klefki|Klefki, F|75/100
|turn|6
|
|t:|1779856828
|move|p2a: Klefki|Switcheroo|p1a: Ceruledge
|-activate|p2a: Klefki|move: Trick|[of] p1a: Ceruledge
|-item|p1a: Ceruledge|Choice Specs|[from] move: Switcheroo
|-item|p2a: Klefki|Heavy-Duty Boots|[from] move: Switcheroo
|move|p1a: Ceruledge|Bitter Blade|p2a: Klefki
|-supereffective|p2a: Klefki
|-damage|p2a: Klefki|0 fnt
|faint|p2a: Klefki
|
|upkeep
|
|t:|1779856835
|switch|p2a: Politoed|Politoed, F, shiny|100/100
|turn|7
|
|t:|1779856840
|switch|p1a: Ogerpon|Ogerpon-Wellspring, F|100/100
|-activate|p1a: Ogerpon|move: Sticky Web
|-unboost|p1a: Ogerpon|spe|1
|move|p2a: Politoed|Hydro Pump|p1a: Ogerpon
|-immune|p1a: Ogerpon|[from] ability: Water Absorb
|
|upkeep
|turn|8
|
|t:|1779856855
|-terastallize|p2a: Politoed|Ground
|move|p1a: Ogerpon|Horn Leech|p2a: Politoed
|-supereffective|p2a: Politoed
|-damage|p2a: Politoed|7/100
|move|p2a: Politoed|Amnesia|p2a: Politoed
|-boost|p2a: Politoed|spd|2
|
|-heal|p2a: Politoed|13/100|[from] item: Leftovers
|upkeep
|turn|9
|
|t:|1779856864
|move|p1a: Ogerpon|Horn Leech|p2a: Politoed
|-supereffective|p2a: Politoed
|-damage|p2a: Politoed|0 fnt
|faint|p2a: Politoed
|
|-sideend|p1: tkeshm|move: Aurora Veil
|upkeep
|
|t:|1779856868
|switch|p2a: Braviary|Braviary, M|100/100
|turn|10
|
|t:|1779856870
|move|p2a: Braviary|Brave Bird|p1a: Ogerpon
|-supereffective|p1a: Ogerpon
|-damage|p1a: Ogerpon|0 fnt
|faint|p1a: Ogerpon
|-damage|p2a: Braviary|71/100|[from] Recoil
|
|upkeep
|
|t:|1779856876
|switch|p1a: Samurott|Samurott-Hisui, M|100/100
|-activate|p1a: Samurott|move: Sticky Web
|-unboost|p1a: Samurott|spe|1
|turn|11
|
|t:|1779856879
|switch|p2a: Flapple|Flapple, F|100/100
|move|p1a: Samurott|Ceaseless Edge|p2a: Flapple
|-damage|p2a: Flapple|39/100
|-sidestart|p2: Tonzeral|Spikes
|
|upkeep
|turn|12
|
|t:|1779856897
|move|p2a: Flapple|Grav Apple|p1a: Samurott
|-supereffective|p1a: Samurott
|-damage|p1a: Samurott|0 fnt
|faint|p1a: Samurott
|
|upkeep
|
|t:|1779856901
|switch|p1a: Muk|Muk-Alola, F|100/100
|-activate|p1a: Muk|move: Sticky Web
|-unboost|p1a: Muk|spe|1
|turn|13
|
|t:|1779856911
|move|p2a: Flapple|Acrobatics|p1a: Muk|[miss]
|-miss|p2a: Flapple|p1a: Muk
|move|p1a: Muk|Knock Off|p2a: Flapple
|-damage|p2a: Flapple|0 fnt
|faint|p2a: Flapple
|
|upkeep
|
|t:|1779856917
|switch|p2a: Braviary|Braviary, M|71/100
|turn|14
|
|t:|1779856920
|move|p2a: Braviary|Rock Slide|p1a: Muk
|-damage|p1a: Muk|65/100
|move|p1a: Muk|Knock Off|p2a: Braviary
|-damage|p2a: Braviary|13/100
|-enditem|p2a: Braviary|Choice Scarf|[from] move: Knock Off|[of] p1a: Muk
|
|upkeep
|turn|15
|
|t:|1779856927
|move|p2a: Braviary|Close Combat|p1a: Muk
|-damage|p1a: Muk|24/100
|-unboost|p2a: Braviary|def|1
|-unboost|p2a: Braviary|spd|1
|move|p1a: Muk|Ice Punch|p2a: Braviary
|-supereffective|p2a: Braviary
|-damage|p2a: Braviary|0 fnt
|faint|p2a: Braviary
|
|upkeep
|
|t:|1779856929
|switch|p2a: Mismagius|Mismagius, F|100/100
|turn|16
|
|t:|1779856934
|move|p1a: Muk|Shadow Sneak|p2a: Mismagius
|-supereffective|p2a: Mismagius
|-crit|p2a: Mismagius
|-damage|p2a: Mismagius|17/100
|move|p2a: Mismagius|Dazzling Gleam|p1a: Muk
|-damage|p1a: Muk|10/100
|
|upkeep
|turn|17
|
|t:|1779856937
|move|p1a: Muk|Shadow Sneak|p2a: Mismagius
|-supereffective|p2a: Mismagius
|-damage|p2a: Mismagius|0 fnt
|faint|p2a: Mismagius
|
|win|tkeshm
|raw|tkeshm's rating: 1055 &rarr; <strong>1087</strong><br />(+32 for winning)
|raw|Tonzeral's rating: 1060 &rarr; <strong>1041</strong><br />(-19 for losing)
|l|☆Tonzeral
|player|p2|
|l|☆tkeshm
|player|p1|
