|j|☆claudechamp
|j|☆Ouass78190
|t:|1779828729
|gametype|singles
|player|p1|claudechamp|265|1210
|player|p2|Ouass78190|2|1224
|gen|9
|tier|[Gen 9] OU
|rated|
|rule|HP Percentage Mod: HP is shown in percentages
|rule|Endless Battle Clause: Forcing endless battles is banned
|rule|Species Clause: Limit one of each Pokémon
|rule|OHKO Clause: OHKO moves are banned
|rule|Evasion Items Clause: Evasion items are banned
|rule|Evasion Moves Clause: Evasion moves are banned
|rule|Evasion Abilities Clause: Evasion abilities are banned
|rule|Sleep Moves Clause: Sleep-inducing moves are banned
|clearpoke
|poke|p1|Gliscor, M|
|poke|p1|Ogerpon, F|
|poke|p1|Walking Wake|
|poke|p1|Blissey, F|
|poke|p1|Corviknight, F|
|poke|p1|Pecharunt|
|poke|p2|Corviknight, M|
|poke|p2|Tyranitar, F|
|poke|p2|Rillaboom, F|
|poke|p2|Enamorus, F|
|poke|p2|Cinderace, F|
|poke|p2|Ogerpon-Cornerstone, F|
|teampreview
|c|☆claudechamp|hf
|inactive|Battle timer is ON: inactive players will automatically lose when time's up. (requested by claudechamp)
|
|t:|1779828737
|teamsize|p1|6
|teamsize|p2|6
|start
|switch|p1a: Gliscor|Gliscor, M|100/100
|switch|p2a: Tyranitar|Tyranitar, F|100/100
|-weather|Sandstorm|[from] ability: Sand Stream|[of] p2a: Tyranitar
|turn|1
|
|t:|1779828744
|switch|p1a: Blissey|Blissey, F|100/100
|move|p2a: Tyranitar|Knock Off|p1a: Blissey
|-damage|p1a: Blissey|37/100
|-enditem|p1a: Blissey|Heavy-Duty Boots|[from] move: Knock Off|[of] p2a: Tyranitar
|
|-weather|Sandstorm|[upkeep]
|-damage|p1a: Blissey|31/100|[from] Sandstorm
|upkeep
|turn|2
|
|t:|1779828748
|switch|p1a: Corviknight|Corviknight, F|100/100
|-ability|p1a: Corviknight|Pressure
|move|p2a: Tyranitar|Knock Off|p1a: Corviknight
|-damage|p1a: Corviknight|61/100
|-enditem|p1a: Corviknight|Heavy-Duty Boots|[from] move: Knock Off|[of] p2a: Tyranitar
|
|-weather|Sandstorm|[upkeep]
|upkeep
|turn|3
|
|t:|1779828758
|switch|p2a: Enamorus|Enamorus, F|100/100
|move|p1a: Corviknight|Body Press|p2a: Enamorus
|-resisted|p2a: Enamorus
|-damage|p2a: Enamorus|90/100
|
|-weather|Sandstorm|[upkeep]
|-damage|p2a: Enamorus|84/100|[from] Sandstorm
|upkeep
|turn|4
|
|t:|1779828766
|move|p2a: Enamorus|Mystical Fire|p1a: Corviknight
|-supereffective|p1a: Corviknight
|-damage|p1a: Corviknight|0 fnt
|faint|p1a: Corviknight
|
|-weather|Sandstorm|[upkeep]
|-damage|p2a: Enamorus|77/100|[from] Sandstorm
|upkeep
|
|t:|1779828770
|switch|p1a: Gliscor|Gliscor, M|100/100
|turn|5
|
|t:|1779828777
|move|p2a: Enamorus|Mystical Fire|p1a: Gliscor
|-damage|p1a: Gliscor|66/100
|-unboost|p1a: Gliscor|spa|1
|move|p1a: Gliscor|Spikes|p2a: Enamorus
|-sidestart|p2: Ouass78190|Spikes
|
|-weather|Sandstorm|[upkeep]
|-damage|p2a: Enamorus|71/100|[from] Sandstorm
|-status|p1a: Gliscor|tox|[from] item: Toxic Orb
|upkeep
|turn|6
|
|t:|1779828787
|switch|p2a: Corviknight|Corviknight, M|100/100
|-ability|p2a: Corviknight|Pressure
|move|p1a: Gliscor|Toxic|p2a: Corviknight
|-immune|p2a: Corviknight
|
|-weather|Sandstorm|[upkeep]
|-heal|p1a: Gliscor|78/100 tox|[from] ability: Poison Heal
|upkeep
|turn|7
|
|t:|1779828790
|move|p1a: Gliscor|Spikes|p2a: Corviknight
|-sidestart|p2: Ouass78190|Spikes
|move|p2a: Corviknight|U-turn|p1a: Gliscor
|-resisted|p1a: Gliscor
|-damage|p1a: Gliscor|73/100 tox
|
|t:|1779828798
|switch|p2a: Enamorus|Enamorus, F|71/100|[from] U-turn
|
|-weather|Sandstorm|[upkeep]
|-damage|p2a: Enamorus|65/100|[from] Sandstorm
|-heal|p1a: Gliscor|85/100 tox|[from] ability: Poison Heal
|upkeep
|turn|8
|
|t:|1779828801
|move|p2a: Enamorus|Springtide Storm|p1a: Gliscor
|-damage|p1a: Gliscor|22/100 tox
|move|p1a: Gliscor|Toxic|p2a: Enamorus
|-status|p2a: Enamorus|tox
|
|-weather|none
|-damage|p2a: Enamorus|59/100 tox|[from] psn
|-heal|p1a: Gliscor|34/100 tox|[from] ability: Poison Heal
|upkeep
|turn|9
|
|t:|1779828805
|move|p1a: Gliscor|Protect|p1a: Gliscor
|-singleturn|p1a: Gliscor|Protect
|move|p2a: Enamorus|Springtide Storm|p1a: Gliscor
|-activate|p1a: Gliscor|move: Protect
|
|-damage|p2a: Enamorus|46/100 tox|[from] psn
|-heal|p1a: Gliscor|47/100 tox|[from] ability: Poison Heal
|upkeep
|turn|10
|
|t:|1779828810
|switch|p1a: Pecharunt|Pecharunt|100/100
|move|p2a: Enamorus|Springtide Storm|p1a: Pecharunt
|-resisted|p1a: Pecharunt
|-damage|p1a: Pecharunt|62/100
|
|-damage|p2a: Enamorus|28/100 tox|[from] psn
|upkeep
|turn|11
|
|t:|1779828816
|switch|p2a: Corviknight|Corviknight, M|100/100
|-ability|p2a: Corviknight|Pressure
|move|p1a: Pecharunt|Recover|p1a: Pecharunt
|-heal|p1a: Pecharunt|100/100
|
|upkeep
|turn|12
|
|t:|1779828819
|move|p1a: Pecharunt|Parting Shot|p2a: Corviknight
|-unboost|p2a: Corviknight|atk|1
|-unboost|p2a: Corviknight|spa|1
|
|t:|1779828821
|switch|p1a: Gliscor|Gliscor, M|47/100 tox|[from] Parting Shot
|move|p2a: Corviknight|U-turn|p1a: Gliscor
|-resisted|p1a: Gliscor
|-damage|p1a: Gliscor|43/100 tox
|
|t:|1779828825
|switch|p2a: Cinderace|Cinderace, F|100/100|[from] U-turn
|
|-heal|p1a: Gliscor|56/100 tox|[from] ability: Poison Heal
|upkeep
|turn|13
|
|t:|1779828829
|move|p2a: Cinderace|Court Change|p2a: Cinderace
|-start|p2a: Cinderace|typechange|Normal|[from] ability: Libero
|-swapsideconditions
|-activate|p2a: Cinderace|move: Court Change
|move|p1a: Gliscor|Earthquake|p2a: Cinderace
|-damage|p2a: Cinderace|51/100
|
|-heal|p1a: Gliscor|68/100 tox|[from] ability: Poison Heal
|upkeep
|turn|14
|
|t:|1779828838
|-terastallize|p2a: Cinderace|Fire
|move|p2a: Cinderace|Pyro Ball|p1a: Gliscor
|-damage|p1a: Gliscor|24/100 tox
|move|p1a: Gliscor|Spikes|p2a: Cinderace
|-sidestart|p2: Ouass78190|Spikes
|
|-heal|p1a: Gliscor|36/100 tox|[from] ability: Poison Heal
|upkeep
|turn|15
|
|t:|1779828845
|move|p1a: Gliscor|Protect|p1a: Gliscor
|-singleturn|p1a: Gliscor|Protect
|move|p2a: Cinderace|Pyro Ball|p1a: Gliscor
|-activate|p1a: Gliscor|move: Protect
|
|-heal|p1a: Gliscor|49/100 tox|[from] ability: Poison Heal
|upkeep
|turn|16
|
|t:|1779828851
|move|p2a: Cinderace|Pyro Ball|p1a: Gliscor
|-damage|p1a: Gliscor|3/100 tox
|move|p1a: Gliscor|Earthquake|p2a: Cinderace
|-supereffective|p2a: Cinderace
|-damage|p2a: Cinderace|0 fnt
|faint|p2a: Cinderace
|
|-heal|p1a: Gliscor|15/100 tox|[from] ability: Poison Heal
|upkeep
|inactive|Ouass78190 has 120 seconds left.
|l|☆Ouass78190
|inactive|Ouass78190 disconnected and has a minute to reconnect!
|player|p2|
|inactive|Ouass78190 has 30 seconds to reconnect!
|inactive|Ouass78190 has 20 seconds to reconnect!
|inactive|Ouass78190 has 15 seconds to reconnect!
|inactive|Ouass78190 has 10 seconds to reconnect!
|inactive|Ouass78190 has 5 seconds to reconnect!
|-message|Ouass78190 lost due to inactivity.
|
|win|claudechamp
|raw|claudechamp's rating: 1237 &rarr; <strong>1261</strong><br />(+24 for winning)
|raw|Ouass78190's rating: 1224 &rarr; <strong>1200</strong><br />(-24 for losing)
|c|☆claudechamp|gg
