|j|☆bring09
|j|☆Animal Stylez
|t:|1779947311
|gametype|singles
|player|p1|bring09|102|1334
|player|p2|Animal Stylez|leaf-masters|1408
|gen|9
|tier|[Gen 9] OU
|rated|
|rule|HP Percentage Mod: HP is shown in percentages
|rule|Endless Battle Clause: Forcing endless battles is banned
|rule|Species Clause: Limit one of each Pokémon
|rule|OHKO Clause: OHKO moves are banned
|rule|Evasion Items Clause: Evasion items are banned
|rule|Evasion Moves Clause: Evasion moves are banned
|rule|Evasion Abilities Clause: Evasion abilities are banned
|rule|Sleep Moves Clause: Sleep-inducing moves are banned
|clearpoke
|poke|p1|Iron Valiant|
|poke|p1|Thundurus-Therian, M|
|poke|p1|Hippowdon, M|
|poke|p1|Cinccino, M|
|poke|p1|Primarina, F|
|poke|p1|Samurott-Hisui, M|
|poke|p2|Magnezone|
|poke|p2|Hatterene, F|
|poke|p2|Ogerpon-Wellspring, F|
|poke|p2|Great Tusk|
|poke|p2|Dragonite, F|
|poke|p2|Gholdengo|
|teampreview
|inactive|Battle timer is ON: inactive players will automatically lose when time's up. (requested by bring09)
|
|t:|1779947336
|teamsize|p1|6
|teamsize|p2|6
|start
|switch|p1a: MALO|Thundurus-Therian, M, shiny|100/100
|switch|p2a: Ogerpon|Ogerpon-Wellspring, F|100/100
|turn|1
|
|t:|1779947351
|switch|p2a: Great Tusk|Great Tusk|100/100
|move|p1a: MALO|Sludge Wave|p2a: Great Tusk
|-resisted|p2a: Great Tusk
|-damage|p2a: Great Tusk|73/100
|
|-heal|p2a: Great Tusk|79/100|[from] item: Leftovers
|upkeep
|turn|2
|
|t:|1779947361
|switch|p1a: Hippowdon|Hippowdon, M|100/100
|-weather|Sandstorm|[from] ability: Sand Stream|[of] p1a: Hippowdon
|move|p2a: Great Tusk|Stealth Rock|p1a: Hippowdon
|-sidestart|p1: bring09|move: Stealth Rock
|
|-weather|Sandstorm|[upkeep]
|-heal|p2a: Great Tusk|85/100|[from] item: Leftovers
|upkeep
|turn|3
|
|t:|1779947386
|move|p2a: Great Tusk|Ice Spinner|p1a: Hippowdon
|-supereffective|p1a: Hippowdon
|-damage|p1a: Hippowdon|78/100
|move|p1a: Hippowdon|Stealth Rock|p2a: Great Tusk
|-sidestart|p2: Animal Stylez|move: Stealth Rock
|
|-weather|Sandstorm|[upkeep]
|-heal|p2a: Great Tusk|91/100|[from] item: Leftovers
|-heal|p1a: Hippowdon|84/100|[from] item: Leftovers
|upkeep
|turn|4
|
|t:|1779947397
|-end|p2a: Great Tusk|Protosynthesis|[silent]
|switch|p2a: Hatterene|Hatterene, F|100/100
|-damage|p2a: Hatterene|88/100|[from] Stealth Rock
|move|p1a: Hippowdon|Roar|p2a: Hatterene
|move|p2a: Hatterene|Roar|p1a: Hippowdon|[from] ability: Magic Bounce
|drag|p1a: Soldier|Iron Valiant, shiny|100/100
|-damage|p1a: Soldier|94/100|[from] Stealth Rock
|-enditem|p1a: Soldier|Booster Energy
|-activate|p1a: Soldier|ability: Quark Drive|[fromitem]
|-start|p1a: Soldier|quarkdrivespe
|
|-weather|Sandstorm|[upkeep]
|-damage|p1a: Soldier|88/100|[from] Sandstorm
|-damage|p2a: Hatterene|82/100|[from] Sandstorm
|upkeep
|turn|5
|
|t:|1779947416
|move|p1a: Soldier|Moonblast|p2a: Hatterene
|-damage|p2a: Hatterene|34/100
|move|p2a: Hatterene|Draining Kiss|p1a: Soldier
|-supereffective|p1a: Soldier
|-damage|p1a: Soldier|9/100
|-heal|p2a: Hatterene|88/100|[from] drain|[of] p1a: Soldier
|
|-weather|Sandstorm|[upkeep]
|-damage|p1a: Soldier|3/100|[from] Sandstorm
|-damage|p2a: Hatterene|82/100|[from] Sandstorm
|upkeep
|turn|6
|
|t:|1779947427
|switch|p2a: Magnezone|Magnezone|100/100
|-damage|p2a: Magnezone|94/100|[from] Stealth Rock
|move|p1a: Soldier|Destiny Bond|p1a: Soldier
|-singlemove|p1a: Soldier|Destiny Bond
|
|-weather|none
|upkeep
|turn|7
|inactive|Animal Stylez has 120 seconds left.
|
|t:|1779947453
|move|p1a: Soldier|Aura Sphere|p2a: Magnezone
|-supereffective|p2a: Magnezone
|-damage|p2a: Magnezone|0 fnt
|faint|p2a: Magnezone
|
|upkeep
|
|t:|1779947475
|switch|p2a: Dragonite|Dragonite, F|100/100
|turn|8
|
|t:|1779947481
|move|p2a: Dragonite|Extreme Speed|p1a: Soldier
|-damage|p1a: Soldier|0 fnt
|faint|p1a: Soldier
|-end|p1a: Soldier|Quark Drive|[silent]
|
|upkeep
|
|t:|1779947494
|switch|p1a: RISA|Cinccino, M, shiny|100/100
|-damage|p1a: RISA|88/100|[from] Stealth Rock
|turn|9
|inactive|Animal Stylez has 120 seconds left.
|
|t:|1779947513
|switch|p2a: Gholdengo|Gholdengo|100/100
|-damage|p2a: Gholdengo|94/100|[from] Stealth Rock
|-terastallize|p1a: RISA|Ghost
|move|p1a: RISA|Rock Blast|p2a: Gholdengo
|-resisted|p2a: Gholdengo
|-damage|p2a: Gholdengo|88/100
|-resisted|p2a: Gholdengo
|-damage|p2a: Gholdengo|82/100
|-resisted|p2a: Gholdengo
|-damage|p2a: Gholdengo|77/100
|-resisted|p2a: Gholdengo
|-damage|p2a: Gholdengo|72/100
|-resisted|p2a: Gholdengo
|-damage|p2a: Gholdengo|65/100
|-hitcount|p2a: Gholdengo|5
|
|upkeep
|turn|10
|
|t:|1779947538
|switch|p1a: Hippowdon|Hippowdon, M|84/100
|-damage|p1a: Hippowdon|78/100|[from] Stealth Rock
|-weather|Sandstorm|[from] ability: Sand Stream|[of] p1a: Hippowdon
|move|p2a: Gholdengo|Make It Rain|p1a: Hippowdon
|-damage|p1a: Hippowdon|11/100
|-unboost|p2a: Gholdengo|spa|1
|
|-weather|Sandstorm|[upkeep]
|-heal|p1a: Hippowdon|18/100|[from] item: Leftovers
|upkeep
|turn|11
|
|t:|1779947552
|move|p2a: Gholdengo|Make It Rain|p1a: Hippowdon
|-damage|p1a: Hippowdon|0 fnt
|-unboost|p2a: Gholdengo|spa|1
|faint|p1a: Hippowdon
|
|-weather|Sandstorm|[upkeep]
|upkeep
|
|t:|1779947565
|switch|p1a: LATAM|Samurott-Hisui, M, shiny|100/100
|-damage|p1a: LATAM|88/100|[from] Stealth Rock
|turn|12
|
|t:|1779947570
|switch|p2a: Ogerpon|Ogerpon-Wellspring, F|100/100
|-damage|p2a: Ogerpon|88/100|[from] Stealth Rock
|move|p1a: LATAM|Ceaseless Edge|p2a: Ogerpon
|-damage|p2a: Ogerpon|26/100
|-sidestart|p2: Animal Stylez|Spikes
|
|-weather|Sandstorm|[upkeep]
|-damage|p2a: Ogerpon|20/100|[from] Sandstorm
|-damage|p1a: LATAM|82/100|[from] Sandstorm
|upkeep
|turn|13
|
|t:|1779947585
|switch|p1a: DANA|Primarina, F, shiny|100/100
|-damage|p1a: DANA|88/100|[from] Stealth Rock
|move|p2a: Ogerpon|Horn Leech|p1a: DANA
|-supereffective|p1a: DANA
|-damage|p1a: DANA|0 fnt
|-heal|p2a: Ogerpon|65/100|[from] drain|[of] p1a: DANA
|faint|p1a: DANA
|
|-weather|Sandstorm|[upkeep]
|-damage|p2a: Ogerpon|59/100|[from] Sandstorm
|upkeep
|
|t:|1779947596
|switch|p1a: MALO|Thundurus-Therian, M, shiny|100/100
|-damage|p1a: MALO|75/100|[from] Stealth Rock
|turn|14
|
|t:|1779947608
|move|p1a: MALO|Sludge Wave|p2a: Ogerpon
|-supereffective|p2a: Ogerpon
|-damage|p2a: Ogerpon|0 fnt
|faint|p2a: Ogerpon
|
|-weather|none
|upkeep
|
|t:|1779947612
|switch|p2a: Dragonite|Dragonite, F|100/100
|turn|15
|
|t:|1779947634
|switch|p1a: RISA|Cinccino, M, shiny, tera:Ghost|88/100
|-damage|p1a: RISA|76/100|[from] Stealth Rock
|switch|p2a: Gholdengo|Gholdengo|65/100
|-damage|p2a: Gholdengo|59/100|[from] Stealth Rock
|-damage|p2a: Gholdengo|47/100|[from] Spikes
|
|upkeep
|turn|16
|
|t:|1779947649
|switch|p1a: LATAM|Samurott-Hisui, M, shiny|82/100
|-damage|p1a: LATAM|69/100|[from] Stealth Rock
|move|p2a: Gholdengo|Make It Rain|p1a: LATAM
|-resisted|p1a: LATAM
|-damage|p1a: LATAM|25/100
|-unboost|p2a: Gholdengo|spa|1
|
|upkeep
|turn|17
|
|t:|1779947666
|move|p2a: Gholdengo|Make It Rain|p1a: LATAM
|-resisted|p1a: LATAM
|-damage|p1a: LATAM|0 fnt
|-unboost|p2a: Gholdengo|spa|1
|faint|p1a: LATAM
|
|upkeep
|inactive|bring09 has 120 seconds left.
|
|t:|1779947683
|switch|p1a: RISA|Cinccino, M, shiny, tera:Ghost|76/100
|-damage|p1a: RISA|63/100|[from] Stealth Rock
|turn|18
|
|t:|1779947692
|switch|p2a: Hatterene|Hatterene, F|82/100
|-damage|p2a: Hatterene|70/100|[from] Stealth Rock
|-damage|p2a: Hatterene|58/100|[from] Spikes
|move|p1a: RISA|Rock Blast|p2a: Hatterene
|-damage|p2a: Hatterene|49/100
|-damage|p2a: Hatterene|41/100
|-damage|p2a: Hatterene|31/100
|-damage|p2a: Hatterene|22/100
|-damage|p2a: Hatterene|12/100
|-hitcount|p2a: Hatterene|5
|
|upkeep
|turn|19
|
|t:|1779947704
|move|p1a: RISA|Bullet Seed|p2a: Hatterene
|-damage|p2a: Hatterene|3/100
|-damage|p2a: Hatterene|0 fnt
|faint|p2a: Hatterene
|-hitcount|p2: Hatterene|2
|
|upkeep
|
|t:|1779947710
|switch|p2a: Gholdengo|Gholdengo|47/100
|-damage|p2a: Gholdengo|41/100|[from] Stealth Rock
|-damage|p2a: Gholdengo|28/100|[from] Spikes
|turn|20
|
|t:|1779947715
|move|p2a: Gholdengo|Shadow Ball|p1a: RISA
|-supereffective|p1a: RISA
|-crit|p1a: RISA
|-damage|p1a: RISA|0 fnt
|faint|p1a: RISA
|
|upkeep
|-message|bring09 forfeited.
|
|win|Animal Stylez
|raw|bring09's rating: 1334 &rarr; <strong>1318</strong><br />(-16 for losing)
|raw|Animal Stylez's rating: 1408 &rarr; <strong>1424</strong><br />(+16 for winning)
|l|☆bring09
|player|p1|
|l|☆Animal Stylez
|player|p2|
