|j|‽ialwayswinbtw
|j|☆MrRodeo
|t:|1779970506
|gametype|singles
|player|p1|ialwayswinbtw|1|1043
|player|p2|MrRodeo|lance|1135
|gen|9
|tier|[Gen 9] OU
|rated|
|rule|HP Percentage Mod: HP is shown in percentages
|rule|Endless Battle Clause: Forcing endless battles is banned
|rule|Species Clause: Limit one of each Pokémon
|rule|OHKO Clause: OHKO moves are banned
|rule|Evasion Items Clause: Evasion items are banned
|rule|Evasion Moves Clause: Evasion moves are banned
|rule|Evasion Abilities Clause: Evasion abilities are banned
|rule|Sleep Moves Clause: Sleep-inducing moves are banned
|clearpoke
|poke|p1|Primarina, M|
|poke|p1|Iron Treads|
|poke|p1|Lokix, M|
|poke|p1|Kingdra, M|
|poke|p1|Pelipper, M|
|poke|p1|Toxicroak, M|
|poke|p2|Hawlucha, F|
|poke|p2|Rillaboom, F|
|poke|p2|Gliscor, M|
|poke|p2|Volcanion|
|poke|p2|Gholdengo|
|poke|p2|Grimmsnarl, M|
|teampreview
|
|t:|1779970515
|teamsize|p1|6
|teamsize|p2|6
|start
|switch|p1a: Pelipper|Pelipper, M, shiny|100/100
|switch|p2a: Please just work|Gliscor, M|100/100
|-weather|RainDance|[from] ability: Drizzle|[of] p1a: Pelipper
|turn|1
|
|t:|1779970528
|switch|p2a: WHY|Volcanion|100/100
|move|p1a: Pelipper|Surf|p2a: WHY
|-immune|p2a: WHY|[from] ability: Water Absorb
|
|-weather|RainDance|[upkeep]
|upkeep
|turn|2
|
|t:|1779970543
|move|p2a: WHY|Sludge Bomb|p1a: Pelipper
|-damage|p1a: Pelipper|48/100
|move|p1a: Pelipper|U-turn|p2a: WHY
|-resisted|p2a: WHY
|-damage|p2a: WHY|97/100
|
|t:|1779970556
|switch|p1a: Kingdra|Kingdra, M, shiny|100/100|[from] U-turn
|
|-weather|RainDance|[upkeep]
|upkeep
|turn|3
|
|t:|1779970587
|-terastallize|p2a: WHY|Fairy
|move|p1a: Kingdra|Draco Meteor|p2a: WHY
|-immune|p2a: WHY
|move|p2a: WHY|Sludge Bomb|p1a: Kingdra
|-damage|p1a: Kingdra|46/100
|
|-weather|RainDance|[upkeep]
|upkeep
|turn|4
|
|t:|1779970598
|switch|p1a: Pelipper|Pelipper, M, shiny|48/100
|move|p2a: WHY|Sludge Bomb|p1a: Pelipper
|-damage|p1a: Pelipper|0 fnt
|faint|p1a: Pelipper
|
|-weather|RainDance|[upkeep]
|upkeep
|
|t:|1779970605
|switch|p1a: Lokix|Lokix, M, shiny|100/100
|turn|5
|
|t:|1779970626
|switch|p2a: dnd rogue|Grimmsnarl, M|100/100
|-terastallize|p1a: Lokix|Bug
|move|p1a: Lokix|First Impression|p2a: dnd rogue
|-crit|p2a: dnd rogue
|-damage|p2a: dnd rogue|0 fnt
|faint|p2a: dnd rogue
|
|-weather|RainDance|[upkeep]
|upkeep
|
|t:|1779970637
|switch|p2a: Moneyyyyy|Gholdengo|100/100
|-item|p2a: Moneyyyyy|Air Balloon
|turn|6
|
|t:|1779970644
|switch|p1a: Toxicroak|Toxicroak, M, shiny|100/100
|move|p2a: Moneyyyyy|Shadow Ball|p1a: Toxicroak
|-damage|p1a: Toxicroak|35/100
|
|-weather|RainDance|[upkeep]
|-heal|p1a: Toxicroak|48/100|[from] ability: Dry Skin
|upkeep
|turn|7
|
|t:|1779970663
|move|p2a: Moneyyyyy|Make It Rain|p1a: Toxicroak
|-damage|p1a: Toxicroak|0 fnt
|-unboost|p2a: Moneyyyyy|spa|1
|faint|p1a: Toxicroak
|
|-weather|RainDance|[upkeep]
|upkeep
|
|t:|1779970674
|switch|p1a: Primarina|Primarina, M, shiny|100/100
|turn|8
|
|t:|1779970690
|switch|p2a: WHY|Volcanion, tera:Fairy|97/100
|move|p1a: Primarina|Psychic Noise|p2a: WHY
|-heal|p2a: WHY|100/100|[from] ability: Water Absorb|[of] p1a: Primarina
|
|-weather|none
|upkeep
|turn|9
|
|t:|1779970701
|move|p1a: Primarina|Moonblast|p2a: WHY
|-damage|p2a: WHY|43/100
|move|p2a: WHY|Sludge Bomb|p1a: Primarina
|-supereffective|p1a: Primarina
|-damage|p1a: Primarina|0 fnt
|faint|p1a: Primarina
|
|upkeep
|
|t:|1779970713
|switch|p1a: Lokix|Lokix, M, shiny, tera:Bug|100/100
|turn|10
|
|t:|1779970721
|switch|p2a: Moneyyyyy|Gholdengo|100/100
|-item|p2a: Moneyyyyy|Air Balloon
|move|p1a: Lokix|Knock Off|p2a: Moneyyyyy
|-supereffective|p2a: Moneyyyyy
|-damage|p2a: Moneyyyyy|0 fnt
|-enditem|p2a: Moneyyyyy|Air Balloon
|faint|p2a: Moneyyyyy
|
|upkeep
|
|t:|1779970735
|switch|p2a: Best boi|Hawlucha, F|100/100
|turn|11
|
|t:|1779970744
|switch|p1a: Kingdra|Kingdra, M, shiny|46/100
|move|p2a: Best boi|Acrobatics|p1a: Kingdra
|-damage|p1a: Kingdra|13/100
|
|upkeep
|turn|12
|
|t:|1779970756
|move|p2a: Best boi|Acrobatics|p1a: Kingdra
|-damage|p1a: Kingdra|0 fnt
|faint|p1a: Kingdra
|
|upkeep
|
|t:|1779970764
|switch|p1a: Lokix|Lokix, M, shiny, tera:Bug|100/100
|turn|13
|
|t:|1779970768
|move|p1a: Lokix|First Impression|p2a: Best boi
|-resisted|p2a: Best boi
|-damage|p2a: Best boi|37/100
|move|p2a: Best boi|Acrobatics|p1a: Lokix
|-supereffective|p1a: Lokix
|-damage|p1a: Lokix|26/100
|
|upkeep
|turn|14
|
|t:|1779970776
|switch|p1a: Iron Treads|Iron Treads, shiny|100/100
|move|p2a: Best boi|Roost|p2a: Best boi
|-heal|p2a: Best boi|87/100
|-singleturn|p2a: Best boi|move: Roost
|
|upkeep
|turn|15
|
|t:|1779970785
|move|p1a: Iron Treads|Ice Spinner|p2a: Best boi
|-supereffective|p2a: Best boi
|-damage|p2a: Best boi|14/100
|move|p2a: Best boi|Close Combat|p1a: Iron Treads
|-supereffective|p1a: Iron Treads
|-crit|p1a: Iron Treads
|-damage|p1a: Iron Treads|0 fnt
|-unboost|p2a: Best boi|def|1
|-unboost|p2a: Best boi|spd|1
|faint|p1a: Iron Treads
|-end|p1a: Iron Treads|Quark Drive|[silent]
|
|upkeep
|
|t:|1779970794
|switch|p1a: Lokix|Lokix, M, shiny, tera:Bug|26/100
|turn|16
|
|t:|1779970800
|move|p2a: Best boi|Roost|p2a: Best boi
|-heal|p2a: Best boi|64/100
|-singleturn|p2a: Best boi|move: Roost
|move|p1a: Lokix|Leech Life|p2a: Best boi
|-resisted|p2a: Best boi
|-damage|p2a: Best boi|0 fnt
|-heal|p1a: Lokix|60/100|[from] drain|[of] p2a: Best boi
|faint|p2a: Best boi
|
|upkeep
|
|t:|1779970813
|switch|p2a: WHY|Volcanion, tera:Fairy|43/100
|turn|17
|
|t:|1779970817
|move|p1a: Lokix|Leech Life|p2a: WHY
|-resisted|p2a: WHY
|-damage|p2a: WHY|0 fnt
|-heal|p1a: Lokix|87/100|[from] drain|[of] p2a: WHY
|faint|p2a: WHY
|
|upkeep
|
|t:|1779970831
|switch|p2a: Please just work|Gliscor, M|100/100
|turn|18
|
|t:|1779970838
|move|p1a: Lokix|Leech Life|p2a: Please just work
|-resisted|p2a: Please just work
|-damage|p2a: Please just work|56/100
|-heal|p1a: Lokix|100/100|[from] drain|[of] p2a: Please just work
|move|p2a: Please just work|Toxic|p1a: Lokix
|-status|p1a: Lokix|tox
|
|-damage|p1a: Lokix|94/100 tox|[from] psn
|-status|p2a: Please just work|tox|[from] item: Toxic Orb
|upkeep
|turn|19
|
|t:|1779970848
|move|p2a: Please just work|Protect|p2a: Please just work
|-singleturn|p2a: Please just work|Protect
|move|p1a: Lokix|Leech Life|p2a: Please just work
|-activate|p2a: Please just work|move: Protect
|
|-damage|p1a: Lokix|82/100 tox|[from] psn
|-heal|p2a: Please just work|69/100 tox|[from] ability: Poison Heal
|upkeep
|turn|20
|
|t:|1779970859
|move|p1a: Lokix|Leech Life|p2a: Please just work
|-resisted|p2a: Please just work
|-damage|p2a: Please just work|22/100 tox
|-heal|p1a: Lokix|100/100 tox|[from] drain|[of] p2a: Please just work
|move|p2a: Please just work|High Horsepower|p1a: Lokix
|-resisted|p1a: Lokix
|-damage|p1a: Lokix|79/100 tox
|
|-damage|p1a: Lokix|61/100 tox|[from] psn
|-heal|p2a: Please just work|34/100 tox|[from] ability: Poison Heal
|upkeep
|turn|21
|
|t:|1779970871
|move|p2a: Please just work|Protect|p2a: Please just work
|-singleturn|p2a: Please just work|Protect
|move|p1a: Lokix|Leech Life|p2a: Please just work
|-activate|p2a: Please just work|move: Protect
|
|-damage|p1a: Lokix|37/100 tox|[from] psn
|-heal|p2a: Please just work|47/100 tox|[from] ability: Poison Heal
|upkeep
|turn|22
|
|t:|1779970881
|move|p1a: Lokix|Leech Life|p2a: Please just work
|-resisted|p2a: Please just work
|-damage|p2a: Please just work|4/100 tox
|-heal|p1a: Lokix|63/100 tox|[from] drain|[of] p2a: Please just work
|move|p2a: Please just work|High Horsepower|p1a: Lokix
|-resisted|p1a: Lokix
|-damage|p1a: Lokix|40/100 tox
|
|-damage|p1a: Lokix|10/100 tox|[from] psn
|-heal|p2a: Please just work|16/100 tox|[from] ability: Poison Heal
|upkeep
|turn|23
|
|t:|1779970893
|move|p2a: Please just work|Protect|p2a: Please just work
|-singleturn|p2a: Please just work|Protect
|move|p1a: Lokix|Leech Life|p2a: Please just work
|-activate|p2a: Please just work|move: Protect
|
|-damage|p1a: Lokix|0 fnt|[from] psn
|faint|p1a: Lokix
|
|win|MrRodeo
|raw|ialwayswinbtw's rating: 1043 &rarr; <strong>1031</strong><br />(-12 for losing)
|raw|MrRodeo's rating: 1135 &rarr; <strong>1154</strong><br />(+19 for winning)
|l|‽ialwayswinbtw
|player|p1|
