|j|☆jynmfh
|j|☆chrovalis
|t:|1779809257
|gametype|singles
|player|p1|jynmfh|rocketgrunt|1218
|player|p2|chrovalis|ethan|1205
|gen|9
|tier|[Gen 9] OU
|rated|
|rule|HP Percentage Mod: HP is shown in percentages
|rule|Endless Battle Clause: Forcing endless battles is banned
|rule|Species Clause: Limit one of each Pokémon
|rule|OHKO Clause: OHKO moves are banned
|rule|Evasion Items Clause: Evasion items are banned
|rule|Evasion Moves Clause: Evasion moves are banned
|rule|Evasion Abilities Clause: Evasion abilities are banned
|rule|Sleep Moves Clause: Sleep-inducing moves are banned
|clearpoke
|poke|p1|Maushold|
|poke|p1|Houndstone, M|
|poke|p1|Iron Treads|
|poke|p1|Clefable, M|
|poke|p1|Darkrai|
|poke|p1|Primarina, F|
|poke|p2|Arcanine, M|
|poke|p2|Decidueye, M|
|poke|p2|Rotom-Wash|
|poke|p2|Umbreon, M|
|poke|p2|Corviknight, M|
|poke|p2|Garchomp, M|
|teampreview
|inactive|Battle timer is ON: inactive players will automatically lose when time's up. (requested by jynmfh)
|inactive|chrovalis also wants the timer to be on.
|
|t:|1779809266
|teamsize|p1|6
|teamsize|p2|6
|start
|switch|p1a: Maushold|Maushold|100/100
|switch|p2a: Rotom|Rotom-Wash, shiny|100/100
|turn|1
|
|t:|1779809274
|move|p1a: Maushold|Population Bomb|p2a: Rotom
|-damage|p2a: Rotom|92/100
|-damage|p2a: Rotom|83/100
|-damage|p2a: Rotom|74/100
|-damage|p2a: Rotom|65/100
|-crit|p2a: Rotom
|-damage|p2a: Rotom|53/100
|-crit|p2a: Rotom
|-damage|p2a: Rotom|38/100
|-damage|p2a: Rotom|29/100
|-damage|p2a: Rotom|21/100
|-damage|p2a: Rotom|12/100
|-damage|p2a: Rotom|3/100
|-hitcount|p2a: Rotom|10
|move|p2a: Rotom|Will-O-Wisp|p1a: Maushold
|-status|p1a: Maushold|brn
|
|-heal|p2a: Rotom|9/100|[from] item: Leftovers
|-damage|p1a: Maushold|94/100 brn|[from] brn
|upkeep
|turn|2
|
|t:|1779809279
|switch|p2a: Corviknight|Corviknight, M|100/100
|move|p1a: Maushold|Encore||[still]
|-fail|p1a: Maushold
|
|-damage|p1a: Maushold|88/100 brn|[from] brn
|upkeep
|turn|3
|
|t:|1779809285
|switch|p1a: Houndstone|Houndstone, M|100/100
|move|p2a: Corviknight|Iron Defense|p2a: Corviknight
|-boost|p2a: Corviknight|def|2
|
|upkeep
|turn|4
|
|t:|1779809291
|move|p1a: Houndstone|Will-O-Wisp|p2a: Corviknight
|-status|p2a: Corviknight|brn
|move|p2a: Corviknight|Brave Bird|p1a: Houndstone
|-damage|p1a: Houndstone|92/100
|-damage|p2a: Corviknight|98/100 brn|[from] Recoil
|
|-heal|p1a: Houndstone|98/100|[from] item: Leftovers
|-damage|p2a: Corviknight|92/100 brn|[from] brn
|upkeep
|turn|5
|
|t:|1779809300
|switch|p1a: Clefable|Clefable, M|100/100
|switch|p2a: Umbreon|Umbreon, M|100/100
|
|upkeep
|turn|6
|
|t:|1779809312
|switch|p2a: Decidueye|Decidueye, M, shiny|100/100
|move|p1a: Clefable|Stealth Rock|p2a: Decidueye
|-sidestart|p2: chrovalis|move: Stealth Rock
|
|upkeep
|turn|7
|
|t:|1779809315
|move|p2a: Decidueye|Swords Dance|p2a: Decidueye
|-boost|p2a: Decidueye|atk|2
|move|p1a: Clefable|Moonblast|p2a: Decidueye
|-damage|p2a: Decidueye|56/100
|-unboost|p2a: Decidueye|spa|1
|
|upkeep
|turn|8
|
|t:|1779809321
|-terastallize|p2a: Decidueye|Ghost
|move|p2a: Decidueye|Spirit Shackle|p1a: Clefable
|-damage|p1a: Clefable|30/100
|-activate|p1a: Clefable|trapped
|move|p1a: Clefable|Moonblast|p2a: Decidueye
|-damage|p2a: Decidueye|10/100
|-unboost|p2a: Decidueye|spa|1
|
|-heal|p1a: Clefable|36/100|[from] item: Leftovers
|upkeep
|turn|9
|
|t:|1779809334
|move|p2a: Decidueye|Spirit Shackle|p1a: Clefable
|-damage|p1a: Clefable|0 fnt
|faint|p1a: Clefable
|
|upkeep
|
|t:|1779809340
|switch|p1a: Iron Treads|Iron Treads|100/100
|turn|10
|
|t:|1779809345
|move|p1a: Iron Treads|Iron Head|p2a: Decidueye
|-damage|p2a: Decidueye|0 fnt
|faint|p2a: Decidueye
|
|upkeep
|
|t:|1779809352
|switch|p2a: Garchomp|Garchomp, M|100/100
|-damage|p2a: Garchomp|94/100|[from] Stealth Rock
|turn|11
|
|t:|1779809369
|-end|p1a: Iron Treads|Quark Drive|[silent]
|switch|p1a: Houndstone|Houndstone, M|98/100
|move|p2a: Garchomp|Swords Dance|p2a: Garchomp
|-boost|p2a: Garchomp|atk|2
|
|-heal|p1a: Houndstone|100/100|[from] item: Leftovers
|upkeep
|turn|12
|
|t:|1779809376
|move|p2a: Garchomp|Earthquake|p1a: Houndstone
|-damage|p1a: Houndstone|6/100
|move|p1a: Houndstone|Will-O-Wisp|p2a: Garchomp
|-status|p2a: Garchomp|brn
|
|-heal|p1a: Houndstone|12/100|[from] item: Leftovers
|-damage|p2a: Garchomp|88/100 brn|[from] brn
|upkeep
|turn|13
|inactive|jynmfh has 120 seconds left.
|
|t:|1779809411
|move|p2a: Garchomp|Swords Dance|p2a: Garchomp
|-boost|p2a: Garchomp|atk|2
|move|p1a: Houndstone|Pain Split|p2a: Garchomp
|-sethp|p2a: Garchomp|50/100 brn|[from] move: Pain Split|[silent]
|-sethp|p1a: Houndstone|51/100|[from] move: Pain Split
|
|-heal|p1a: Houndstone|57/100|[from] item: Leftovers
|-damage|p2a: Garchomp|44/100 brn|[from] brn
|upkeep
|turn|14
|inactive|jynmfh has 120 seconds left.
|inactive|jynmfh has 90 seconds left.
|
|t:|1779809450
|move|p1a: Houndstone|Shadow Sneak|p2a: Garchomp
|-damage|p2a: Garchomp|30/100 brn
|-damage|p1a: Houndstone|45/100|[from] ability: Rough Skin|[of] p2a: Garchomp
|move|p2a: Garchomp|Earthquake|p1a: Houndstone
|-damage|p1a: Houndstone|0 fnt
|faint|p1a: Houndstone
|
|-damage|p2a: Garchomp|23/100 brn|[from] brn
|upkeep
|inactive|jynmfh has 90 seconds left.
|
|t:|1779809456
|switch|p1a: Maushold|Maushold|88/100 brn
|turn|15
|
|t:|1779809469
|switch|p2a: Corviknight|Corviknight, M|92/100 brn
|-damage|p2a: Corviknight|79/100 brn|[from] Stealth Rock
|move|p1a: Maushold|Population Bomb|p2a: Corviknight
|-resisted|p2a: Corviknight
|-damage|p2a: Corviknight|78/100 brn
|-damage|p1a: Maushold|71/100 brn|[from] item: Rocky Helmet|[of] p2a: Corviknight
|-resisted|p2a: Corviknight
|-damage|p2a: Corviknight|76/100 brn
|-damage|p1a: Maushold|55/100 brn|[from] item: Rocky Helmet|[of] p2a: Corviknight
|-resisted|p2a: Corviknight
|-damage|p2a: Corviknight|74/100 brn
|-damage|p1a: Maushold|38/100 brn|[from] item: Rocky Helmet|[of] p2a: Corviknight
|-resisted|p2a: Corviknight
|-damage|p2a: Corviknight|73/100 brn
|-damage|p1a: Maushold|22/100 brn|[from] item: Rocky Helmet|[of] p2a: Corviknight
|-resisted|p2a: Corviknight
|-damage|p2a: Corviknight|71/100 brn
|-damage|p1a: Maushold|5/100 brn|[from] item: Rocky Helmet|[of] p2a: Corviknight
|-resisted|p2a: Corviknight
|-damage|p2a: Corviknight|69/100 brn
|-damage|p1a: Maushold|0 fnt|[from] item: Rocky Helmet|[of] p2a: Corviknight
|faint|p1a: Maushold
|-hitcount|p2a: Corviknight|6
|
|-damage|p2a: Corviknight|63/100 brn|[from] brn
|upkeep
|inactive|jynmfh has 90 seconds left.
|
|t:|1779809504
|switch|p1a: Iron Treads|Iron Treads|100/100
|turn|16
|
|t:|1779809508
|move|p1a: Iron Treads|Volt Switch|p2a: Corviknight
|-supereffective|p2a: Corviknight
|-damage|p2a: Corviknight|41/100 brn
|
|t:|1779809511
|-end|p1a: Iron Treads|Quark Drive|[silent]
|switch|p1a: Primarina|Primarina, F|100/100|[from] Volt Switch
|move|p2a: Corviknight|Iron Defense|p2a: Corviknight
|-boost|p2a: Corviknight|def|2
|
|-damage|p2a: Corviknight|35/100 brn|[from] brn
|upkeep
|turn|17
|
|t:|1779809514
|move|p2a: Corviknight|Roost|p2a: Corviknight
|-heal|p2a: Corviknight|85/100 brn
|-singleturn|p2a: Corviknight|move: Roost
|move|p1a: Primarina|Encore|p2a: Corviknight
|-start|p2a: Corviknight|Encore
|
|-damage|p2a: Corviknight|78/100 brn|[from] brn
|upkeep
|turn|18
|
|t:|1779809524
|move|p2a: Corviknight|Roost|p2a: Corviknight
|-heal|p2a: Corviknight|100/100 brn
|-singleturn|p2a: Corviknight|move: Roost
|move|p1a: Primarina|Alluring Voice|p2a: Corviknight
|-damage|p2a: Corviknight|59/100 brn
|
|-damage|p2a: Corviknight|53/100 brn|[from] brn
|upkeep
|turn|19
|
|t:|1779809527
|move|p2a: Corviknight|Roost|p2a: Corviknight
|-heal|p2a: Corviknight|100/100 brn
|-singleturn|p2a: Corviknight|move: Roost
|move|p1a: Primarina|Alluring Voice|p2a: Corviknight
|-damage|p2a: Corviknight|54/100 brn
|
|-damage|p2a: Corviknight|48/100 brn|[from] brn
|upkeep
|turn|20
|
|t:|1779809531
|move|p2a: Corviknight|Roost|p2a: Corviknight
|-heal|p2a: Corviknight|98/100 brn
|-singleturn|p2a: Corviknight|move: Roost
|move|p1a: Primarina|Alluring Voice|p2a: Corviknight
|-damage|p2a: Corviknight|52/100 brn
|
|-damage|p2a: Corviknight|46/100 brn|[from] brn
|-end|p2a: Corviknight|Encore
|upkeep
|turn|21
|
|t:|1779809537
|switch|p2a: Umbreon|Umbreon, M|100/100
|-damage|p2a: Umbreon|88/100|[from] Stealth Rock
|move|p1a: Primarina|Encore||[still]
|-fail|p1a: Primarina
|
|-heal|p2a: Umbreon|94/100|[from] item: Leftovers
|upkeep
|turn|22
|
|t:|1779809544
|move|p2a: Umbreon|Wish|p2a: Umbreon
|move|p1a: Primarina|Flip Turn|p2a: Umbreon
|-damage|p2a: Umbreon|83/100
|
|t:|1779809549
|switch|p1a: Darkrai|Darkrai, shiny|100/100|[from] Flip Turn
|
|-heal|p2a: Umbreon|89/100|[from] item: Leftovers
|upkeep
|turn|23
|
|t:|1779809556
|move|p1a: Darkrai|Swords Dance|p1a: Darkrai
|-boost|p1a: Darkrai|atk|2
|move|p2a: Umbreon|Snarl|p1a: Darkrai|[miss]
|-miss|p2a: Umbreon|p1a: Darkrai
|
|-heal|p2a: Umbreon|100/100|[from] move: Wish|[wisher] Umbreon
|upkeep
|turn|24
|
|t:|1779809566
|move|p1a: Darkrai|Swords Dance|p1a: Darkrai
|-boost|p1a: Darkrai|atk|2
|move|p2a: Umbreon|Foul Play|p1a: Darkrai
|-resisted|p1a: Darkrai
|-damage|p1a: Darkrai|24/100
|
|upkeep
|turn|25
|
|t:|1779809572
|-terastallize|p1a: Darkrai|Fighting
|move|p1a: Darkrai|Drain Punch|p2a: Umbreon
|-supereffective|p2a: Umbreon
|-damage|p2a: Umbreon|0 fnt
|-heal|p1a: Darkrai|94/100|[from] drain|[of] p2a: Umbreon
|faint|p2a: Umbreon
|-damage|p1a: Darkrai|84/100|[from] item: Life Orb
|
|upkeep
|
|t:|1779809580
|switch|p2a: Corviknight|Corviknight, M|46/100 brn
|-damage|p2a: Corviknight|33/100 brn|[from] Stealth Rock
|turn|26
|
|t:|1779809589
|move|p1a: Darkrai|Knock Off|p2a: Corviknight
|-damage|p2a: Corviknight|0 fnt
|-damage|p1a: Darkrai|68/100|[from] item: Rocky Helmet|[of] p2a: Corviknight
|-enditem|p2a: Corviknight|Rocky Helmet|[from] move: Knock Off|[of] p1a: Darkrai
|faint|p2a: Corviknight
|-damage|p1a: Darkrai|58/100|[from] item: Life Orb
|
|upkeep
|
|t:|1779809595
|switch|p2a: Garchomp|Garchomp, M|23/100 brn
|-damage|p2a: Garchomp|17/100 brn|[from] Stealth Rock
|turn|27
|
|t:|1779809599
|move|p1a: Darkrai|Knock Off|p2a: Garchomp
|-damage|p2a: Garchomp|0 fnt
|-damage|p1a: Darkrai|46/100|[from] ability: Rough Skin|[of] p2a: Garchomp
|-enditem|p2a: Garchomp|Loaded Dice|[from] move: Knock Off|[of] p1a: Darkrai
|faint|p2a: Garchomp
|-damage|p1a: Darkrai|36/100|[from] item: Life Orb
|
|upkeep
|
|t:|1779809603
|switch|p2a: Arcanine|Arcanine, M|100/100
|-ability|p2a: Arcanine|Intimidate|boost
|-unboost|p1a: Darkrai|atk|1
|turn|28
|
|t:|1779809608
|move|p2a: Arcanine|Extreme Speed|p1a: Darkrai
|-damage|p1a: Darkrai|0 fnt
|faint|p1a: Darkrai
|
|upkeep
|
|t:|1779809626
|switch|p1a: Primarina|Primarina, F|100/100
|turn|29
|
|t:|1779809637
|move|p2a: Arcanine|Extreme Speed|p1a: Primarina
|-damage|p1a: Primarina|69/100
|move|p1a: Primarina|Alluring Voice|p2a: Arcanine
|-supereffective|p2a: Arcanine
|-damage|p2a: Arcanine|11/100
|
|-heal|p1a: Primarina|75/100|[from] item: Leftovers
|upkeep
|turn|30
|
|t:|1779809646
|move|p2a: Arcanine|Extreme Speed|p1a: Primarina
|-damage|p1a: Primarina|41/100
|move|p1a: Primarina|Flip Turn|p2a: Arcanine
|-supereffective|p2a: Arcanine
|-damage|p2a: Arcanine|0 fnt
|faint|p2a: Arcanine
|
|t:|1779809648
|switch|p1a: Iron Treads|Iron Treads|100/100|[from] Flip Turn
|
|upkeep
|
|t:|1779809653
|switch|p2a: Rotom|Rotom-Wash, shiny|9/100
|-damage|p2a: Rotom|0 fnt|[from] Stealth Rock
|faint|p2a: Rotom
|
|win|jynmfh
|raw|jynmfh's rating: 1218 &rarr; <strong>1242</strong><br />(+24 for winning)
|raw|chrovalis's rating: 1205 &rarr; <strong>1181</strong><br />(-24 for losing)
|l|☆jynmfh
|player|p1|
|l|☆chrovalis
|player|p2|
