|j|☆sickofme
|j|☆Miurez
|t:|1779857951
|gametype|singles
|player|p1|sickofme|miku-water|1599
|player|p2|Miurez|pokemonranger-gen4|1593
|gen|9
|tier|[Gen 9] OU
|rated|
|rule|HP Percentage Mod: HP is shown in percentages
|rule|Endless Battle Clause: Forcing endless battles is banned
|rule|Species Clause: Limit one of each Pokémon
|rule|OHKO Clause: OHKO moves are banned
|rule|Evasion Items Clause: Evasion items are banned
|rule|Evasion Moves Clause: Evasion moves are banned
|rule|Evasion Abilities Clause: Evasion abilities are banned
|rule|Sleep Moves Clause: Sleep-inducing moves are banned
|clearpoke
|poke|p1|Alomomola, L99, M|
|poke|p1|Landorus-Therian, M|
|poke|p1|Kyurem|
|poke|p1|Great Tusk|
|poke|p1|Slowking-Galar, F|
|poke|p1|Heatran, F|
|poke|p2|Kyurem|
|poke|p2|Corviknight, M|
|poke|p2|Ting-Lu|
|poke|p2|Dondozo, F|
|poke|p2|Slowking-Galar, M|
|poke|p2|Cinderace, F|
|teampreview
|inactive|Battle timer is ON: inactive players will automatically lose when time's up. (requested by sickofme)
|
|t:|1779857974
|teamsize|p1|6
|teamsize|p2|6
|start
|switch|p1a: Kyurem|Kyurem|100/100
|switch|p2a: Kyurem|Kyurem|100/100
|-ability|p2a: Kyurem|Pressure
|-ability|p1a: Kyurem|Pressure
|turn|1
|
|t:|1779857996
|-terastallize|p1a: Kyurem|Ice
|move|p2a: Kyurem|Protect|p2a: Kyurem
|-singleturn|p2a: Kyurem|Protect
|move|p1a: Kyurem|Ice Beam|p2a: Kyurem
|-activate|p2a: Kyurem|move: Protect
|
|upkeep
|turn|2
|
|t:|1779858019
|switch|p2a: Cinderace|Cinderace, F|100/100
|move|p1a: Kyurem|Ice Beam|p2a: Cinderace
|-resisted|p2a: Cinderace
|-damage|p2a: Cinderace|38/100
|
|upkeep
|turn|3
|
|t:|1779858028
|switch|p1a: Alomomola|Alomomola, L99, M|100/100
|move|p2a: Cinderace|Pyro Ball|p1a: Alomomola|[miss]
|-miss|p2a: Cinderace|p1a: Alomomola
|
|upkeep
|turn|4
|
|t:|1779858033
|move|p2a: Cinderace|U-turn|p1a: Alomomola
|-damage|p1a: Alomomola|87/100
|
|t:|1779858041
|switch|p2a: Kyurem|Kyurem|100/100|[from] U-turn
|-ability|p2a: Kyurem|Pressure
|move|p1a: Alomomola|Flip Turn|p2a: Kyurem
|-resisted|p2a: Kyurem
|-damage|p2a: Kyurem|93/100
|
|t:|1779858048
|switch|p1a: Kyurem|Kyurem, tera:Ice|100/100|[from] Flip Turn
|-ability|p1a: Kyurem|Pressure
|
|-heal|p2a: Kyurem|99/100|[from] item: Leftovers
|upkeep
|turn|5
|
|t:|1779858053
|move|p2a: Kyurem|Protect|p2a: Kyurem
|-singleturn|p2a: Kyurem|Protect
|move|p1a: Kyurem|Freeze-Dry|p2a: Kyurem
|-activate|p2a: Kyurem|move: Protect
|
|-heal|p2a: Kyurem|100/100|[from] item: Leftovers
|upkeep
|turn|6
|
|t:|1779858079
|switch|p2a: Slowking|Slowking-Galar, M|100/100
|move|p1a: Kyurem|Freeze-Dry|p2a: Slowking
|-damage|p2a: Slowking|56/100
|-status|p2a: Slowking|frz
|
|upkeep
|turn|7
|
|t:|1779858085
|move|p1a: Kyurem|Freeze-Dry|p2a: Slowking
|-damage|p2a: Slowking|9/100 frz
|cant|p2a: Slowking|frz
|
|upkeep
|turn|8
|inactive|sickofme has 120 seconds left.
|
|t:|1779858125
|move|p1a: Kyurem|Freeze-Dry|p2a: Slowking
|-damage|p2a: Slowking|0 fnt
|faint|p2a: Slowking
|
|upkeep
|
|t:|1779858128
|switch|p2a: Cinderace|Cinderace, F|38/100
|turn|9
|
|t:|1779858133
|switch|p1a: Alomomola|Alomomola, L99, M|100/100
|move|p2a: Cinderace|Pyro Ball|p1a: Alomomola
|-resisted|p1a: Alomomola
|-damage|p1a: Alomomola|83/100
|
|upkeep
|turn|10
|
|t:|1779858145
|move|p2a: Cinderace|Will-O-Wisp|p1a: Alomomola
|-status|p1a: Alomomola|brn
|move|p1a: Alomomola|Flip Turn|p2a: Cinderace
|-supereffective|p2a: Cinderace
|-damage|p2a: Cinderace|19/100
|inactive|sickofme has 120 seconds left.
|
|t:|1779858159
|switch|p1a: Landorus|Landorus-Therian, M|100/100|[from] Flip Turn
|-ability|p1a: Landorus|Intimidate|boost
|-unboost|p2a: Cinderace|atk|1
|
|upkeep
|turn|11
|
|t:|1779858165
|switch|p2a: Corviknight|Corviknight, M|100/100
|-ability|p2a: Corviknight|Pressure
|move|p1a: Landorus|U-turn|p2a: Corviknight
|-resisted|p2a: Corviknight
|-damage|p2a: Corviknight|96/100
|-damage|p1a: Landorus|84/100|[from] item: Rocky Helmet|[of] p2a: Corviknight
|
|t:|1779858167
|switch|p1a: Kyurem|Kyurem, tera:Ice|100/100|[from] U-turn
|-ability|p1a: Kyurem|Pressure
|
|upkeep
|turn|12
|
|t:|1779858171
|move|p1a: Kyurem|Ice Beam|p2a: Corviknight
|-crit|p2a: Corviknight
|-damage|p2a: Corviknight|0 fnt
|faint|p2a: Corviknight
|
|upkeep
|
|t:|1779858181
|switch|p2a: Ting-Lu|Ting-Lu|100/100
|-ability|p2a: Ting-Lu|Vessel of Ruin
|turn|13
|
|t:|1779858209
|switch|p1a: Alomomola|Alomomola, L99, M|100/100 brn
|-terastallize|p2a: Ting-Lu|Water
|move|p2a: Ting-Lu|Payback|p1a: Alomomola
|-damage|p1a: Alomomola|87/100 brn
|
|-damage|p1a: Alomomola|81/100 brn|[from] brn
|upkeep
|turn|14
|
|t:|1779858227
|switch|p2a: Kyurem|Kyurem|100/100
|-ability|p2a: Kyurem|Pressure
|move|p1a: Alomomola|Flip Turn|p2a: Kyurem
|-resisted|p2a: Kyurem
|-damage|p2a: Kyurem|97/100
|
|t:|1779858243
|switch|p1a: Kyurem|Kyurem, tera:Ice|100/100|[from] Flip Turn
|-ability|p1a: Kyurem|Pressure
|
|-heal|p2a: Kyurem|100/100|[from] item: Leftovers
|upkeep
|turn|15
|
|t:|1779858248
|move|p2a: Kyurem|Protect|p2a: Kyurem
|-singleturn|p2a: Kyurem|Protect
|move|p1a: Kyurem|Freeze-Dry|p2a: Kyurem
|-activate|p2a: Kyurem|move: Protect
|
|upkeep
|turn|16
|
|t:|1779858265
|move|p2a: Kyurem|Substitute|p2a: Kyurem
|-start|p2a: Kyurem|Substitute
|-damage|p2a: Kyurem|75/100
|move|p1a: Kyurem|Freeze-Dry|p2a: Kyurem
|-end|p2a: Kyurem|Substitute
|
|-heal|p2a: Kyurem|82/100|[from] item: Leftovers
|upkeep
|turn|17
|
|t:|1779858273
|move|p2a: Kyurem|Protect|p2a: Kyurem
|-singleturn|p2a: Kyurem|Protect
|move|p1a: Kyurem|Freeze-Dry|p2a: Kyurem
|-activate|p2a: Kyurem|move: Protect
|
|-heal|p2a: Kyurem|88/100|[from] item: Leftovers
|upkeep
|turn|18
|
|t:|1779858278
|move|p2a: Kyurem|Substitute|p2a: Kyurem
|-start|p2a: Kyurem|Substitute
|-damage|p2a: Kyurem|63/100
|move|p1a: Kyurem|Freeze-Dry|p2a: Kyurem
|-end|p2a: Kyurem|Substitute
|
|-heal|p2a: Kyurem|69/100|[from] item: Leftovers
|upkeep
|turn|19
|
|t:|1779858293
|move|p2a: Kyurem|Protect|p2a: Kyurem
|-singleturn|p2a: Kyurem|Protect
|move|p1a: Kyurem|Freeze-Dry|p2a: Kyurem
|-activate|p2a: Kyurem|move: Protect
|
|-heal|p2a: Kyurem|75/100|[from] item: Leftovers
|upkeep
|turn|20
|
|t:|1779858302
|move|p2a: Kyurem|Substitute|p2a: Kyurem
|-start|p2a: Kyurem|Substitute
|-damage|p2a: Kyurem|50/100
|move|p1a: Kyurem|Freeze-Dry|p2a: Kyurem
|-end|p2a: Kyurem|Substitute
|
|-heal|p2a: Kyurem|56/100|[from] item: Leftovers
|upkeep
|turn|21
|
|t:|1779858306
|switch|p1a: Landorus|Landorus-Therian, M|84/100
|-ability|p1a: Landorus|Intimidate|boost
|-unboost|p2a: Kyurem|atk|1
|move|p2a: Kyurem|Protect||[still]
|-fail|p2a: Kyurem
|
|-heal|p2a: Kyurem|63/100|[from] item: Leftovers
|upkeep
|turn|22
|j| maximilk
|
|t:|1779858322
|move|p2a: Kyurem|Protect|p2a: Kyurem
|-singleturn|p2a: Kyurem|Protect
|move|p1a: Landorus|Stone Edge|p2a: Kyurem
|-activate|p2a: Kyurem|move: Protect
|
|-heal|p2a: Kyurem|69/100|[from] item: Leftovers
|upkeep
|turn|23
|
|t:|1779858336
|switch|p1a: Kyurem|Kyurem, tera:Ice|100/100
|-ability|p1a: Kyurem|Pressure
|switch|p2a: Dondozo|Dondozo, F|100/100
|
|upkeep
|turn|24
|
|t:|1779858344
|move|p1a: Kyurem|Freeze-Dry|p2a: Dondozo
|-supereffective|p2a: Dondozo
|-damage|p2a: Dondozo|0 fnt
|faint|p2a: Dondozo
|
|upkeep
|
|t:|1779858348
|switch|p2a: Kyurem|Kyurem|69/100
|-ability|p2a: Kyurem|Pressure
|turn|25
|
|t:|1779858358
|switch|p1a: Landorus|Landorus-Therian, M|84/100
|-ability|p1a: Landorus|Intimidate|boost
|-unboost|p2a: Kyurem|atk|1
|move|p2a: Kyurem|Substitute|p2a: Kyurem
|-start|p2a: Kyurem|Substitute
|-damage|p2a: Kyurem|44/100
|
|-heal|p2a: Kyurem|50/100|[from] item: Leftovers
|upkeep
|turn|26
|
|t:|1779858367
|move|p1a: Landorus|U-turn|p2a: Kyurem
|-end|p2a: Kyurem|Substitute
|
|t:|1779858375
|switch|p1a: Kyurem|Kyurem, tera:Ice|100/100|[from] U-turn
|-ability|p1a: Kyurem|Pressure
|move|p2a: Kyurem|Shadow Ball|p1a: Kyurem
|-damage|p1a: Kyurem|76/100
|
|-heal|p2a: Kyurem|56/100|[from] item: Leftovers
|upkeep
|turn|27
|
|t:|1779858386
|move|p2a: Kyurem|Protect|p2a: Kyurem
|-singleturn|p2a: Kyurem|Protect
|move|p1a: Kyurem|Earth Power|p2a: Kyurem
|-activate|p2a: Kyurem|move: Protect
|
|-heal|p2a: Kyurem|62/100|[from] item: Leftovers
|upkeep
|turn|28
|
|t:|1779858391
|switch|p2a: Ting-Lu|Ting-Lu, tera:Water|100/100
|-ability|p2a: Ting-Lu|Vessel of Ruin
|move|p1a: Kyurem|Earth Power|p2a: Ting-Lu
|-damage|p2a: Ting-Lu|77/100
|
|-heal|p2a: Ting-Lu|84/100|[from] item: Leftovers
|upkeep
|turn|29
|
|t:|1779858396
|switch|p1a: Alomomola|Alomomola, L99, M|100/100 brn
|move|p2a: Ting-Lu|Payback|p1a: Alomomola
|-damage|p1a: Alomomola|86/100 brn
|
|-heal|p2a: Ting-Lu|90/100|[from] item: Leftovers
|-damage|p1a: Alomomola|79/100 brn|[from] brn
|upkeep
|turn|30
|-message|Miurez forfeited.
|
|win|sickofme
|raw|sickofme's rating: 1599 &rarr; <strong>1619</strong><br />(+20 for winning)
|raw|Miurez's rating: 1593 &rarr; <strong>1573</strong><br />(-20 for losing)
|l|☆Miurez
|player|p2|
|l|☆sickofme
|player|p1|
|l| maximilk
