|j|☆icemaster.2K
|j|☆inferno_on_top
|t:|1779889538
|gametype|singles
|player|p1|icemaster.2K|lillie-masters|1366
|player|p2|inferno_on_top|gentleman-gen4|1361
|gen|9
|tier|[Gen 9] OU
|rated|
|rule|HP Percentage Mod: HP is shown in percentages
|rule|Endless Battle Clause: Forcing endless battles is banned
|rule|Species Clause: Limit one of each Pokémon
|rule|OHKO Clause: OHKO moves are banned
|rule|Evasion Items Clause: Evasion items are banned
|rule|Evasion Moves Clause: Evasion moves are banned
|rule|Evasion Abilities Clause: Evasion abilities are banned
|rule|Sleep Moves Clause: Sleep-inducing moves are banned
|clearpoke
|poke|p1|Regieleki|
|poke|p1|Ting-Lu|
|poke|p1|Kyurem|
|poke|p1|Kingambit, F|
|poke|p1|Garganacl, F|
|poke|p1|Moltres|
|poke|p2|Pikachu-Kalos, M|
|poke|p2|Talonflame, M|
|poke|p2|Greninja-*, M|
|poke|p2|Goodra, F|
|poke|p2|Noivern, M|
|poke|p2|Hawlucha, M|
|teampreview
|inactive|Battle timer is ON: inactive players will automatically lose when time's up. (requested by inferno_on_top)
|inactive|icemaster.2K has 120 seconds left.
|
|t:|1779889579
|teamsize|p1|6
|teamsize|p2|6
|start
|switch|p1a: Ting-Lu|Ting-Lu|100/100
|switch|p2a: Goodra|Goodra, F|100/100
|-ability|p1a: Ting-Lu|Vessel of Ruin
|turn|1
|
|t:|1779889604
|move|p2a: Goodra|Acid Armor|p2a: Goodra
|-boost|p2a: Goodra|def|2
|move|p1a: Ting-Lu|Earthquake|p2a: Goodra
|-damage|p2a: Goodra|75/100
|
|upkeep
|turn|2
|
|t:|1779889615
|move|p2a: Goodra|Acid Armor|p2a: Goodra
|-boost|p2a: Goodra|def|2
|move|p1a: Ting-Lu|Stealth Rock|p2a: Goodra
|-sidestart|p2: inferno_on_top|move: Stealth Rock
|
|upkeep
|turn|3
|
|t:|1779889619
|switch|p1a: Kyurem|Kyurem|100/100
|-ability|p1a: Kyurem|Pressure
|move|p2a: Goodra|Body Press|p1a: Kyurem
|-supereffective|p1a: Kyurem
|-damage|p1a: Kyurem|3/100
|
|upkeep
|turn|4
|
|t:|1779889632
|switch|p2a: Greninja|Greninja, M|100/100
|-damage|p2a: Greninja|88/100|[from] Stealth Rock
|move|p1a: Kyurem|Ice Beam|p2a: Greninja
|-resisted|p2a: Greninja
|-damage|p2a: Greninja|50/100
|
|upkeep
|turn|5
|
|t:|1779889646
|switch|p1a: Regieleki|Regieleki|100/100
|move|p2a: Greninja|Dark Pulse|p1a: Regieleki
|-damage|p1a: Regieleki|15/100
|-damage|p2a: Greninja|41/100|[from] item: Life Orb
|
|upkeep
|turn|6
|
|t:|1779889676
|move|p2a: Greninja|Water Shuriken|p1a: Regieleki
|-damage|p1a: Regieleki|0 fnt
|faint|p1a: Regieleki
|-ability|p2a: Greninja|Battle Bond|boost
|-boost|p2a: Greninja|atk|1
|-boost|p2a: Greninja|spa|1
|-boost|p2a: Greninja|spe|1
|-activate|p2a: Greninja|ability: Battle Bond
|-hitcount|p1: Regieleki|1
|-damage|p2a: Greninja|31/100|[from] item: Life Orb
|
|upkeep
|inactive|icemaster.2K has 120 seconds left.
|
|t:|1779889688
|switch|p1a: Kingambit|Kingambit, F|100/100
|-activate|p1a: Kingambit|ability: Supreme Overlord
|-start|p1a: Kingambit|fallen1|[silent]
|turn|7
|
|t:|1779889693
|move|p2a: Greninja|Water Shuriken|p1a: Kingambit
|-damage|p1a: Kingambit|88/100
|-damage|p1a: Kingambit|75/100
|-damage|p1a: Kingambit|63/100
|-damage|p1a: Kingambit|49/100
|-hitcount|p1a: Kingambit|4
|-damage|p2a: Greninja|21/100|[from] item: Life Orb
|move|p1a: Kingambit|Iron Head|p2a: Greninja
|-resisted|p2a: Greninja
|-damage|p2a: Greninja|0 fnt
|faint|p2a: Greninja
|
|upkeep
|
|t:|1779889721
|switch|p2a: Talonflame|Talonflame, M|100/100
|-damage|p2a: Talonflame|50/100|[from] Stealth Rock
|turn|8
|
|t:|1779889728
|-end|p1a: Kingambit|fallen1|[silent]
|switch|p1a: Kyurem|Kyurem|3/100
|-ability|p1a: Kyurem|Pressure
|move|p2a: Talonflame|Upper Hand||[still]
|-fail|p2a: Talonflame
|
|upkeep
|turn|9
|
|t:|1779889736
|move|p2a: Talonflame|Quick Attack|p1a: Kyurem
|-damage|p1a: Kyurem|0 fnt
|faint|p1a: Kyurem
|
|upkeep
|
|t:|1779889740
|switch|p1a: Garganacl|Garganacl, F|100/100
|turn|10
|
|t:|1779889761
|switch|p2a: Noivern|Noivern, M|100/100
|-item|p1a: Garganacl|Heavy-Duty Boots|[from] ability: Frisk|[of] p2a: Noivern
|move|p1a: Garganacl|Salt Cure|p2a: Noivern
|-supereffective|p2a: Noivern
|-damage|p2a: Noivern|62/100
|-start|p2a: Noivern|Salt Cure
|
|-damage|p2a: Noivern|50/100|[from] Salt Cure
|upkeep
|turn|11
|
|t:|1779889773
|switch|p1a: Kingambit|Kingambit, F|49/100
|-activate|p1a: Kingambit|ability: Supreme Overlord
|-start|p1a: Kingambit|fallen2|[silent]
|move|p2a: Noivern|Defog|p1a: Kingambit
|-unboost|p1a: Kingambit|evasion|1
|-sideend|p2: inferno_on_top|Stealth Rock|[from] move: Defog|[of] p2a: Noivern
|
|-damage|p2a: Noivern|37/100|[from] Salt Cure
|upkeep
|turn|12
|
|t:|1779889786
|move|p1a: Kingambit|Sucker Punch|p2a: Noivern
|-damage|p2a: Noivern|0 fnt
|faint|p2a: Noivern
|
|upkeep
|
|t:|1779889800
|switch|p2a: Talonflame|Talonflame, M|50/100
|turn|13
|
|t:|1779889810
|-end|p1a: Kingambit|fallen2|[silent]
|switch|p1a: Garganacl|Garganacl, F|100/100
|move|p2a: Talonflame|Flare Blitz|p1a: Garganacl
|-resisted|p1a: Garganacl
|-damage|p1a: Garganacl|86/100
|-damage|p2a: Talonflame|44/100|[from] Recoil
|
|upkeep
|turn|14
|
|t:|1779889824
|switch|p2a: Hawlucha|Hawlucha, M|100/100
|move|p1a: Garganacl|Salt Cure|p2a: Hawlucha
|-damage|p2a: Hawlucha|79/100
|-start|p2a: Hawlucha|Salt Cure
|-enditem|p2a: Hawlucha|Red Card|[of] p1a: Garganacl
|drag|p1a: Ting-Lu|Ting-Lu|100/100
|-ability|p1a: Ting-Lu|Vessel of Ruin
|
|-damage|p2a: Hawlucha|67/100|[from] Salt Cure
|upkeep
|turn|15
|
|t:|1779889839
|switch|p1a: Moltres|Moltres|100/100
|move|p2a: Hawlucha|Flying Press|p1a: Moltres
|-resisted|p1a: Moltres
|-damage|p1a: Moltres|84/100
|
|-damage|p2a: Hawlucha|55/100|[from] Salt Cure
|upkeep
|turn|16
|
|t:|1779889858
|switch|p2a: Goodra|Goodra, F|75/100
|move|p1a: Moltres|Flamethrower|p2a: Goodra
|-resisted|p2a: Goodra
|-damage|p2a: Goodra|60/100
|
|upkeep
|turn|17
|
|t:|1779889865
|move|p1a: Moltres|U-turn|p2a: Goodra
|-damage|p2a: Goodra|44/100
|-damage|p1a: Moltres|68/100|[from] item: Rocky Helmet|[of] p2a: Goodra
|-ability|p2a: Goodra|Gooey
|-unboost|p1a: Moltres|spe|1
|
|t:|1779889877
|switch|p1a: Ting-Lu|Ting-Lu|100/100|[from] U-turn
|-ability|p1a: Ting-Lu|Vessel of Ruin
|move|p2a: Goodra|Acid Armor|p2a: Goodra
|-boost|p2a: Goodra|def|2
|
|upkeep
|turn|18
|
|t:|1779889886
|move|p2a: Goodra|Acid Armor|p2a: Goodra
|-boost|p2a: Goodra|def|2
|move|p1a: Ting-Lu|Earthquake|p2a: Goodra
|-damage|p2a: Goodra|27/100
|
|upkeep
|turn|19
|
|t:|1779889890
|move|p2a: Goodra|Body Press|p1a: Ting-Lu
|-supereffective|p1a: Ting-Lu
|-damage|p1a: Ting-Lu|44/100
|-enditem|p1a: Ting-Lu|Weakness Policy
|-boost|p1a: Ting-Lu|atk|2|[from] item: Weakness Policy
|-boost|p1a: Ting-Lu|spa|2|[from] item: Weakness Policy
|move|p1a: Ting-Lu|Earthquake|p2a: Goodra
|-damage|p2a: Goodra|0 fnt
|faint|p2a: Goodra
|
|upkeep
|
|t:|1779889903
|switch|p2a: Pikachu|Pikachu-Kalos, M|100/100
|turn|20
|
|t:|1779889908
|-terastallize|p2a: Pikachu|Water
|move|p2a: Pikachu|Surf|p1a: Ting-Lu
|-supereffective|p1a: Ting-Lu
|-damage|p1a: Ting-Lu|0 fnt
|faint|p1a: Ting-Lu
|
|upkeep
|
|t:|1779889924
|switch|p1a: Kingambit|Kingambit, F|49/100
|-activate|p1a: Kingambit|ability: Supreme Overlord
|-start|p1a: Kingambit|fallen3|[silent]
|turn|21
|
|t:|1779889930
|switch|p2a: Hawlucha|Hawlucha, M|55/100
|move|p1a: Kingambit|Sucker Punch||[still]
|-fail|p1a: Kingambit
|
|upkeep
|turn|22
|
|t:|1779889937
|-end|p1a: Kingambit|fallen3|[silent]
|switch|p1a: Moltres|Moltres|68/100
|move|p2a: Hawlucha|Acrobatics|p1a: Moltres
|-damage|p1a: Moltres|35/100
|-status|p2a: Hawlucha|brn|[from] ability: Flame Body|[of] p1a: Moltres
|
|-damage|p2a: Hawlucha|49/100 brn|[from] brn
|upkeep
|turn|23
|
|t:|1779889940
|move|p2a: Hawlucha|Acrobatics|p1a: Moltres
|-damage|p1a: Moltres|17/100
|move|p1a: Moltres|Roost|p1a: Moltres
|-heal|p1a: Moltres|67/100
|-singleturn|p1a: Moltres|move: Roost
|
|-damage|p2a: Hawlucha|43/100 brn|[from] brn
|upkeep
|turn|24
|
|t:|1779889945
|switch|p2a: Pikachu|Pikachu-Kalos, M, tera:Water|100/100
|move|p1a: Moltres|Roost|p1a: Moltres
|-heal|p1a: Moltres|100/100
|-singleturn|p1a: Moltres|move: Roost
|
|upkeep
|turn|25
|
|t:|1779889955
|-terastallize|p1a: Moltres|Grass
|move|p2a: Pikachu|Surf|p1a: Moltres
|-resisted|p1a: Moltres
|-damage|p1a: Moltres|77/100
|move|p1a: Moltres|U-turn|p2a: Pikachu
|-damage|p2a: Pikachu|57/100
|
|t:|1779889961
|switch|p1a: Kingambit|Kingambit, F|49/100|[from] U-turn
|-activate|p1a: Kingambit|ability: Supreme Overlord
|-start|p1a: Kingambit|fallen3|[silent]
|
|upkeep
|turn|26
|
|t:|1779889965
|move|p2a: Pikachu|Surf|p1a: Kingambit
|-damage|p1a: Kingambit|9/100
|move|p1a: Kingambit|Kowtow Cleave|p2a: Pikachu
|-damage|p2a: Pikachu|0 fnt
|faint|p2a: Pikachu
|
|upkeep
|
|t:|1779889971
|switch|p2a: Hawlucha|Hawlucha, M|43/100 brn
|turn|27
|
|t:|1779889990
|-end|p1a: Kingambit|fallen3|[silent]
|switch|p1a: Garganacl|Garganacl, F|86/100
|move|p2a: Hawlucha|Flying Press|p1a: Garganacl
|-damage|p1a: Garganacl|73/100
|
|-damage|p2a: Hawlucha|37/100 brn|[from] brn
|upkeep
|turn|28
|-message|inferno_on_top forfeited.
|
|win|icemaster.2K
|raw|icemaster.2K's rating: 1366 &rarr; <strong>1386</strong><br />(+20 for winning)
|raw|inferno_on_top's rating: 1361 &rarr; <strong>1341</strong><br />(-20 for losing)
|l|☆inferno_on_top
|player|p2|
|l|☆icemaster.2K
|player|p1|
