|j|☆AceZento
|j|☆tiftif
|t:|1779967405
|gametype|singles
|player|p1|AceZento|skier|1515
|player|p2|tiftif|169|1535
|gen|9
|tier|[Gen 9] OU
|rated|
|rule|HP Percentage Mod: HP is shown in percentages
|rule|Endless Battle Clause: Forcing endless battles is banned
|rule|Species Clause: Limit one of each Pokémon
|rule|OHKO Clause: OHKO moves are banned
|rule|Evasion Items Clause: Evasion items are banned
|rule|Evasion Moves Clause: Evasion moves are banned
|rule|Evasion Abilities Clause: Evasion abilities are banned
|rule|Sleep Moves Clause: Sleep-inducing moves are banned
|clearpoke
|poke|p1|Salamence, F|
|poke|p1|Ceruledge, M|
|poke|p1|Tornadus-Therian, M|
|poke|p1|Cinderace, F|
|poke|p1|Kyurem|
|poke|p1|Kingambit, F|
|poke|p2|Pelipper, F|
|poke|p2|Iron Treads|
|poke|p2|Barraskewda, F|
|poke|p2|Raging Bolt|
|poke|p2|Talonflame, M|
|poke|p2|Keldeo-Resolute|
|teampreview
|inactive|Battle timer is ON: inactive players will automatically lose when time's up. (requested by AceZento)
|
|t:|1779967433
|teamsize|p1|6
|teamsize|p2|6
|start
|switch|p1a: Kyurem|Kyurem|100/100
|switch|p2a: Pelipper|Pelipper, F|100/100
|-ability|p1a: Kyurem|Pressure
|-weather|RainDance|[from] ability: Drizzle|[of] p2a: Pelipper
|turn|1
|j| Tbccc15
|
|t:|1779967450
|switch|p2a: Iron Treads|Iron Treads|100/100
|-enditem|p2a: Iron Treads|Booster Energy
|-activate|p2a: Iron Treads|ability: Quark Drive|[fromitem]
|-start|p2a: Iron Treads|quarkdrivespe
|move|p1a: Kyurem|Substitute|p1a: Kyurem
|-start|p1a: Kyurem|Substitute
|-damage|p1a: Kyurem|76/100
|
|-weather|RainDance|[upkeep]
|-heal|p1a: Kyurem|82/100|[from] item: Leftovers
|upkeep
|turn|2
|
|t:|1779967457
|move|p2a: Iron Treads|Stealth Rock|p1a: Kyurem
|-sidestart|p1: AceZento|move: Stealth Rock
|move|p1a: Kyurem|Earth Power|p2a: Iron Treads
|-supereffective|p2a: Iron Treads
|-damage|p2a: Iron Treads|6/100
|
|-weather|RainDance|[upkeep]
|-heal|p1a: Kyurem|88/100|[from] item: Leftovers
|upkeep
|turn|3
|
|t:|1779967469
|move|p2a: Iron Treads|Earthquake|p1a: Kyurem
|-end|p1a: Kyurem|Substitute
|move|p1a: Kyurem|Freeze-Dry|p2a: Iron Treads
|-damage|p2a: Iron Treads|0 fnt
|faint|p2a: Iron Treads
|-end|p2a: Iron Treads|Quark Drive|[silent]
|
|-weather|RainDance|[upkeep]
|-heal|p1a: Kyurem|94/100|[from] item: Leftovers
|upkeep
|
|t:|1779967473
|switch|p2a: Barraskewda|Barraskewda, F|100/100
|turn|4
|inactive|AceZento has 120 seconds left.
|
|t:|1779967506
|-terastallize|p1a: Kyurem|Ghost
|move|p2a: Barraskewda|Close Combat|p1a: Kyurem
|-immune|p1a: Kyurem
|move|p1a: Kyurem|Freeze-Dry|p2a: Barraskewda
|-supereffective|p2a: Barraskewda
|-damage|p2a: Barraskewda|0 fnt
|faint|p2a: Barraskewda
|
|-weather|RainDance|[upkeep]
|-heal|p1a: Kyurem|99/100|[from] item: Leftovers
|upkeep
|inactive|tiftif has 120 seconds left.
|
|t:|1779967543
|switch|p2a: Raging Bolt|Raging Bolt|100/100
|-enditem|p2a: Raging Bolt|Booster Energy
|-activate|p2a: Raging Bolt|ability: Protosynthesis|[fromitem]
|-start|p2a: Raging Bolt|protosynthesisspa
|turn|5
|
|t:|1779967557
|move|p1a: Kyurem|Substitute|p1a: Kyurem
|-start|p1a: Kyurem|Substitute
|-damage|p1a: Kyurem|75/100
|move|p2a: Raging Bolt|Thunder|p1a: Kyurem
|-end|p1a: Kyurem|Substitute
|
|-weather|RainDance|[upkeep]
|-heal|p1a: Kyurem|82/100|[from] item: Leftovers
|upkeep
|turn|6
|inactive|AceZento has 120 seconds left.
|
|t:|1779967581
|move|p1a: Kyurem|Freeze-Dry|p2a: Raging Bolt
|-supereffective|p2a: Raging Bolt
|-damage|p2a: Raging Bolt|29/100
|move|p2a: Raging Bolt|Dragon Pulse|p1a: Kyurem
|-damage|p1a: Kyurem|21/100
|
|-weather|RainDance|[upkeep]
|-heal|p1a: Kyurem|27/100|[from] item: Leftovers
|upkeep
|turn|7
|inactive|AceZento has 120 seconds left.
|
|t:|1779967591
|move|p1a: Kyurem|Substitute|p1a: Kyurem
|-start|p1a: Kyurem|Substitute
|-damage|p1a: Kyurem|2/100
|move|p2a: Raging Bolt|Dragon Pulse|p1a: Kyurem
|-end|p1a: Kyurem|Substitute
|
|-weather|RainDance|[upkeep]
|-heal|p1a: Kyurem|8/100|[from] item: Leftovers
|upkeep
|turn|8
|
|t:|1779967596
|move|p2a: Raging Bolt|Thunderclap|p1a: Kyurem
|-damage|p1a: Kyurem|0 fnt
|faint|p1a: Kyurem
|
|-weather|none
|upkeep
|
|t:|1779967602
|switch|p1a: Cinderace|Cinderace, F|100/100
|turn|9
|
|t:|1779967617
|move|p1a: Cinderace|Court Change|p1a: Cinderace
|-start|p1a: Cinderace|typechange|Normal|[from] ability: Libero
|-swapsideconditions
|-activate|p1a: Cinderace|move: Court Change
|move|p2a: Raging Bolt|Dragon Pulse|p1a: Cinderace
|-damage|p1a: Cinderace|0 fnt
|faint|p1a: Cinderace
|
|upkeep
|inactive|AceZento has 120 seconds left.
|
|t:|1779967649
|switch|p1a: Salamence|Salamence, F|100/100
|turn|10
|
|t:|1779967656
|move|p1a: Salamence|Earthquake|p2a: Raging Bolt
|-supereffective|p2a: Raging Bolt
|-damage|p2a: Raging Bolt|0 fnt
|faint|p2a: Raging Bolt
|-end|p2a: Raging Bolt|Protosynthesis|[silent]
|-ability|p1a: Salamence|Moxie|boost
|-boost|p1a: Salamence|atk|1
|
|upkeep
|
|t:|1779967662
|switch|p2a: Pelipper|Pelipper, F|100/100
|-damage|p2a: Pelipper|76/100|[from] Stealth Rock
|-weather|RainDance|[from] ability: Drizzle|[of] p2a: Pelipper
|turn|11
|
|t:|1779967670
|move|p1a: Salamence|Dragon Dance|p1a: Salamence
|-boost|p1a: Salamence|atk|1
|-boost|p1a: Salamence|spe|1
|move|p2a: Pelipper|U-turn|p1a: Salamence
|-resisted|p1a: Salamence
|-damage|p1a: Salamence|95/100
|
|t:|1779967679
|switch|p2a: Talonflame|Talonflame, M|100/100|[from] U-turn
|-damage|p2a: Talonflame|51/100|[from] Stealth Rock
|
|-weather|RainDance|[upkeep]
|upkeep
|turn|12
|
|t:|1779967686
|move|p1a: Salamence|Outrage|p2a: Talonflame
|-damage|p2a: Talonflame|0 fnt
|faint|p2a: Talonflame
|-ability|p1a: Salamence|Moxie|boost
|-boost|p1a: Salamence|atk|1
|
|-weather|RainDance|[upkeep]
|upkeep
|-message|tiftif forfeited.
|
|win|AceZento
|raw|AceZento's rating: 1515 &rarr; <strong>1536</strong><br />(+21 for winning)
|raw|tiftif's rating: 1535 &rarr; <strong>1514</strong><br />(-21 for losing)
|l|☆tiftif
|player|p2|
|l|☆AceZento
|player|p1|
