|j|☆jj2kk222222
|j|☆RedemptiveSketch
|t:|1779891281
|gametype|singles
|player|p1|jj2kk222222|hilbert|1768
|player|p2|RedemptiveSketch|boarder-gen2|1814
|gen|9
|tier|[Gen 9] OU
|rated|
|rule|HP Percentage Mod: HP is shown in percentages
|rule|Endless Battle Clause: Forcing endless battles is banned
|rule|Species Clause: Limit one of each Pokémon
|rule|OHKO Clause: OHKO moves are banned
|rule|Evasion Items Clause: Evasion items are banned
|rule|Evasion Moves Clause: Evasion moves are banned
|rule|Evasion Abilities Clause: Evasion abilities are banned
|rule|Sleep Moves Clause: Sleep-inducing moves are banned
|clearpoke
|poke|p1|Glimmora, M|
|poke|p1|Gholdengo|
|poke|p1|Dragonite, F|
|poke|p1|Keldeo-Resolute|
|poke|p1|Great Tusk|
|poke|p1|Kyurem|
|poke|p2|Kingambit, F|
|poke|p2|Cinderace, M|
|poke|p2|Corviknight, M|
|poke|p2|Electrode-Hisui|
|poke|p2|Kyurem|
|poke|p2|Darkrai|
|teampreview
|inactive|Battle timer is ON: inactive players will automatically lose when time's up. (requested by RedemptiveSketch)
|j| playoofs
|inactive|RedemptiveSketch has 120 seconds left.
|
|t:|1779891326
|teamsize|p1|6
|teamsize|p2|6
|start
|switch|p1a: Kyurem|Kyurem|100/100
|switch|p2a: Kyurem|Kyurem|100/100
|-ability|p2a: Kyurem|Pressure
|-ability|p1a: Kyurem|Pressure
|turn|1
|
|t:|1779891331
|switch|p1a: Gholdengo|Gholdengo|100/100
|-item|p1a: Gholdengo|Air Balloon
|move|p2a: Kyurem|Scale Shot|p1a: Gholdengo
|-resisted|p1a: Gholdengo
|-damage|p1a: Gholdengo|97/100
|-enditem|p1a: Gholdengo|Air Balloon
|-resisted|p1a: Gholdengo
|-damage|p1a: Gholdengo|94/100
|-hitcount|p1a: Gholdengo|2
|-unboost|p2a: Kyurem|def|1
|-boost|p2a: Kyurem|spe|1
|
|upkeep
|turn|2
|
|t:|1779891335
|move|p2a: Kyurem|Earth Power|p1a: Gholdengo
|-supereffective|p1a: Gholdengo
|-damage|p1a: Gholdengo|30/100
|move|p1a: Gholdengo|Make It Rain|p2a: Kyurem
|-supereffective|p2a: Kyurem
|-damage|p2a: Kyurem|39/100
|-unboost|p1a: Gholdengo|spa|1
|
|upkeep
|turn|3
|inactive|RedemptiveSketch has 120 seconds left.
|inactive|RedemptiveSketch has 90 seconds left.
|
|t:|1779891413
|move|p2a: Kyurem|Earth Power|p1a: Gholdengo
|-supereffective|p1a: Gholdengo
|-damage|p1a: Gholdengo|0 fnt
|faint|p1a: Gholdengo
|
|upkeep
|
|t:|1779891426
|switch|p1a: Dragonite|Dragonite, F|100/100
|turn|4
|
|t:|1779891431
|switch|p2a: Corviknight|Corviknight, M|100/100
|-ability|p2a: Corviknight|Pressure
|move|p1a: Dragonite|Extreme Speed|p2a: Corviknight
|-resisted|p2a: Corviknight
|-damage|p2a: Corviknight|91/100
|-damage|p1a: Dragonite|84/100|[from] item: Rocky Helmet|[of] p2a: Corviknight
|
|upkeep
|turn|5
|inactive|RedemptiveSketch has 90 seconds left.
|
|t:|1779891450
|move|p1a: Dragonite|Roost|p1a: Dragonite
|-heal|p1a: Dragonite|100/100
|-singleturn|p1a: Dragonite|move: Roost
|move|p2a: Corviknight|Iron Defense|p2a: Corviknight
|-boost|p2a: Corviknight|def|2
|
|upkeep
|turn|6
|
|t:|1779891459
|switch|p1a: Glimmora|Glimmora, M|100/100
|move|p2a: Corviknight|Body Press|p1a: Glimmora
|-damage|p1a: Glimmora|37/100
|-activate|p1a: Glimmora|ability: Toxic Debris
|-sidestart|p2: RedemptiveSketch|move: Toxic Spikes
|
|upkeep
|turn|7
|inactive|RedemptiveSketch has 90 seconds left.
|
|t:|1779891471
|move|p1a: Glimmora|Power Gem|p2a: Corviknight
|-damage|p2a: Corviknight|51/100
|move|p2a: Corviknight|Defog|p1a: Glimmora
|-unboost|p1a: Glimmora|evasion|1
|-sideend|p2: RedemptiveSketch|Toxic Spikes|[from] move: Defog|[of] p2a: Corviknight
|
|upkeep
|turn|8
|
|t:|1779891476
|move|p1a: Glimmora|Stealth Rock|p2a: Corviknight
|-sidestart|p2: RedemptiveSketch|move: Stealth Rock
|move|p2a: Corviknight|Roost|p2a: Corviknight
|-heal|p2a: Corviknight|100/100
|-singleturn|p2a: Corviknight|move: Roost
|
|upkeep
|turn|9
|
|t:|1779891481
|move|p1a: Glimmora|Power Gem|p2a: Corviknight
|-damage|p2a: Corviknight|63/100
|move|p2a: Corviknight|Defog|p1a: Glimmora
|-unboost|p1a: Glimmora|evasion|1
|-sideend|p2: RedemptiveSketch|Stealth Rock|[from] move: Defog|[of] p2a: Corviknight
|
|upkeep
|turn|10
|
|t:|1779891484
|move|p1a: Glimmora|Stealth Rock|p2a: Corviknight
|-sidestart|p2: RedemptiveSketch|move: Stealth Rock
|move|p2a: Corviknight|Body Press|p1a: Glimmora
|-damage|p1a: Glimmora|0 fnt
|-activate|p1a: Glimmora|ability: Toxic Debris
|-sidestart|p2: RedemptiveSketch|move: Toxic Spikes
|faint|p1a: Glimmora
|
|upkeep
|
|t:|1779891488
|switch|p1a: Keldeo|Keldeo-Resolute|100/100
|turn|11
|inactive|RedemptiveSketch has 120 seconds left.
|
|t:|1779891518
|switch|p2a: Electrode|Electrode-Hisui|100/100
|-damage|p2a: Electrode|88/100|[from] Stealth Rock
|-status|p2a: Electrode|psn
|move|p1a: Keldeo|Surf|p2a: Electrode
|-resisted|p2a: Electrode
|-damage|p2a: Electrode|53/100 psn
|
|-damage|p2a: Electrode|41/100 psn|[from] psn
|upkeep
|turn|12
|
|t:|1779891523
|switch|p1a: Kyurem|Kyurem|100/100
|-ability|p1a: Kyurem|Pressure
|move|p2a: Electrode|Volt Switch|p1a: Kyurem
|-resisted|p1a: Kyurem
|-damage|p1a: Kyurem|84/100
|
|t:|1779891530
|switch|p2a: Cinderace|Cinderace, M|100/100|[from] Volt Switch
|
|upkeep
|turn|13
|j| cl0ds1re is king
|
|t:|1779891533
|move|p2a: Cinderace|Court Change|p2a: Cinderace
|-start|p2a: Cinderace|typechange|Normal|[from] ability: Libero
|-swapsideconditions
|-activate|p2a: Cinderace|move: Court Change
|move|p1a: Kyurem|Dragon Dance|p1a: Kyurem
|-boost|p1a: Kyurem|atk|1
|-boost|p1a: Kyurem|spe|1
|
|upkeep
|turn|14
|inactive|RedemptiveSketch has 120 seconds left.
|
|t:|1779891543
|move|p1a: Kyurem|Icicle Spear|p2a: Cinderace
|-crit|p2a: Cinderace
|-damage|p2a: Cinderace|57/100
|-damage|p2a: Cinderace|25/100
|-damage|p2a: Cinderace|0 fnt
|faint|p2a: Cinderace
|-hitcount|p2: Cinderace|3
|
|upkeep
|
|t:|1779891562
|switch|p2a: Kingambit|Kingambit, F|100/100
|-activate|p2a: Kingambit|ability: Supreme Overlord
|-start|p2a: Kingambit|fallen1|[silent]
|turn|15
|
|t:|1779891586
|move|p1a: Kyurem|Earth Power|p2a: Kingambit
|-supereffective|p2a: Kingambit
|-damage|p2a: Kingambit|49/100
|move|p2a: Kingambit|Iron Head|p1a: Kyurem
|-supereffective|p1a: Kyurem
|-damage|p1a: Kyurem|0 fnt
|faint|p1a: Kyurem
|
|-heal|p2a: Kingambit|55/100|[from] item: Leftovers
|upkeep
|
|t:|1779891590
|switch|p1a: Great Tusk|Great Tusk|100/100
|-damage|p1a: Great Tusk|97/100|[from] Stealth Rock
|-status|p1a: Great Tusk|psn
|-enditem|p1a: Great Tusk|Booster Energy
|-activate|p1a: Great Tusk|ability: Protosynthesis|[fromitem]
|-start|p1a: Great Tusk|protosynthesisspe
|turn|16
|l| cl0ds1re is king
|j| cl0ds1re is king
|
|t:|1779891605
|-terastallize|p2a: Kingambit|Ghost
|move|p1a: Great Tusk|Rapid Spin|p2a: Kingambit
|-immune|p2a: Kingambit
|move|p2a: Kingambit|Iron Head|p1a: Great Tusk
|-damage|p1a: Great Tusk|62/100 psn
|
|-heal|p2a: Kingambit|61/100|[from] item: Leftovers
|-damage|p1a: Great Tusk|50/100 psn|[from] psn
|upkeep
|turn|17
|inactive|RedemptiveSketch has 90 seconds left.
|
|t:|1779891647
|move|p1a: Great Tusk|Headlong Rush|p2a: Kingambit
|-damage|p2a: Kingambit|24/100
|-unboost|p1a: Great Tusk|def|1
|-unboost|p1a: Great Tusk|spd|1
|move|p2a: Kingambit|Iron Head|p1a: Great Tusk
|-damage|p1a: Great Tusk|5/100 psn
|
|-heal|p2a: Kingambit|30/100|[from] item: Leftovers
|-damage|p1a: Great Tusk|0 fnt|[from] psn
|faint|p1a: Great Tusk
|-end|p1a: Great Tusk|Protosynthesis|[silent]
|upkeep
|
|t:|1779891659
|switch|p1a: Keldeo|Keldeo-Resolute|100/100
|-damage|p1a: Keldeo|94/100|[from] Stealth Rock
|-status|p1a: Keldeo|psn
|turn|18
|inactive|RedemptiveSketch has 60 seconds left.
|
|t:|1779891700
|move|p2a: Kingambit|Sucker Punch|p1a: Keldeo
|-resisted|p1a: Keldeo
|-damage|p1a: Keldeo|67/100 psn
|-ability|p1a: Keldeo|Justified|boost
|-boost|p1a: Keldeo|atk|1
|move|p1a: Keldeo|Surf|p2a: Kingambit
|-damage|p2a: Kingambit|0 fnt
|faint|p2a: Kingambit
|-end|p2a: Kingambit|fallen1|[silent]
|
|-heal|p1a: Keldeo|73/100 psn|[from] item: Leftovers
|-damage|p1a: Keldeo|61/100 psn|[from] psn
|upkeep
|
|t:|1779891710
|switch|p2a: Electrode|Electrode-Hisui|41/100 psn
|turn|19
|
|t:|1779891723
|switch|p1a: Dragonite|Dragonite, F|100/100
|move|p2a: Electrode|Thunderbolt|p1a: Dragonite
|-damage|p1a: Dragonite|81/100
|
|-damage|p2a: Electrode|29/100 psn|[from] psn
|upkeep
|turn|20
|inactive|RedemptiveSketch has 60 seconds left.
|
|t:|1779891729
|switch|p1a: Keldeo|Keldeo-Resolute|61/100 psn
|-damage|p1a: Keldeo|55/100 psn|[from] Stealth Rock
|move|p2a: Electrode|Thunderbolt|p1a: Keldeo
|-supereffective|p1a: Keldeo
|-damage|p1a: Keldeo|0 fnt
|faint|p1a: Keldeo
|
|-damage|p2a: Electrode|17/100 psn|[from] psn
|upkeep
|
|t:|1779891731
|switch|p1a: Dragonite|Dragonite, F|81/100
|turn|21
|
|t:|1779891736
|move|p2a: Electrode|Foul Play|p1a: Dragonite
|-damage|p1a: Dragonite|40/100
|move|p1a: Dragonite|Dragon Dance|p1a: Dragonite
|-boost|p1a: Dragonite|atk|1
|-boost|p1a: Dragonite|spe|1
|
|-damage|p2a: Electrode|4/100 psn|[from] psn
|upkeep
|turn|22
|
|t:|1779891741
|move|p1a: Dragonite|Extreme Speed|p2a: Electrode
|-damage|p2a: Electrode|0 fnt
|faint|p2a: Electrode
|
|upkeep
|
|t:|1779891745
|switch|p2a: Darkrai|Darkrai, shiny|100/100
|turn|23
|
|t:|1779891747
|-terastallize|p1a: Dragonite|Normal
|move|p1a: Dragonite|Extreme Speed|p2a: Darkrai
|-damage|p2a: Darkrai|6/100
|move|p2a: Darkrai|Dark Pulse|p1a: Dragonite
|-damage|p1a: Dragonite|0 fnt
|faint|p1a: Dragonite
|
|win|RedemptiveSketch
|raw|jj2kk222222's rating: 1768 &rarr; <strong>1751</strong><br />(-17 for losing)
|raw|RedemptiveSketch's rating: 1814 &rarr; <strong>1831</strong><br />(+17 for winning)
|l|☆RedemptiveSketch
|player|p2|
|l|☆jj2kk222222
|player|p1|
|j|☆jj2kk222222
|player|p1|jj2kk222222|hilbert|
|l| playoofs
|l|☆jj2kk222222
|player|p1|
