|j|☆A05236
|j|☆Abyssal Bot
|t:|1779820746
|gametype|singles
|player|p1|A05236|265|
|player|p2|Abyssal Bot|supernerd|
|teamsize|p1|6
|teamsize|p2|6
|gen|9
|tier|[Gen 9] OU
|rule|Species Clause: Limit one of each Pokémon
|rule|OHKO Clause: OHKO moves are banned
|rule|Evasion Items Clause: Evasion items are banned
|rule|Evasion Moves Clause: Evasion moves are banned
|rule|Endless Battle Clause: Forcing endless battles is banned
|rule|HP Percentage Mod: HP is shown in percentages
|rule|Sleep Moves Clause: Sleep-inducing moves are banned
|clearpoke
|poke|p1|Espeon, F|
|poke|p1|Azumarill, F|
|poke|p1|Altaria, F|
|poke|p1|Minun, M|
|poke|p1|Hitmonlee, M|
|poke|p1|Mew|
|poke|p2|Darkrai|
|poke|p2|Kingambit, F|
|poke|p2|Roaring Moon|
|poke|p2|Zamazenta-*|
|poke|p2|Glimmora, F|
|poke|p2|Enamorus, F|
|teampreview
|c|☆Abyssal Bot|Good Luck and Have Fun my Friend!
|inactive|Battle timer is ON: inactive players will automatically lose when time's up. (requested by Abyssal Bot)
|j|*Turbo Bottttt
|
|t:|1779820749
|start
|switch|p1a: Espeon|Espeon, F|100/100
|switch|p2a: Roaring Moon|Roaring Moon|100/100
|-enditem|p2a: Roaring Moon|Booster Energy
|-activate|p2a: Roaring Moon|ability: Protosynthesis|[fromitem]
|-start|p2a: Roaring Moon|protosynthesisatk
|turn|1
|
|t:|1779820753
|move|p2a: Roaring Moon|Knock Off|p1a: Espeon
|-supereffective|p1a: Espeon
|-damage|p1a: Espeon|0
|-enditem|p1a: Espeon|Light Clay|[from] move: Knock Off|[of] p2a: Roaring Moon
|faint|p1a: Espeon
|
|upkeep
|
|t:|1779820755
|switch|p1a: Azumarill|Azumarill, F|100/100
|turn|2
|
|t:|1779820757
|-end|p2a: Roaring Moon|Protosynthesis|[silent]
|switch|p2a: Enamorus|Enamorus, F|100/100
|move|p1a: Azumarill|Play Rough|p2a: Enamorus
|-damage|p2a: Enamorus|7/100
|
|upkeep
|turn|3
|
|t:|1779820761
|move|p1a: Azumarill|Aqua Jet|p2a: Enamorus
|-damage|p2a: Enamorus|0
|faint|p2a: Enamorus
|
|upkeep
|
|t:|1779820761
|switch|p2a: Kingambit|Kingambit, F|100/100
|-item|p2a: Kingambit|Air Balloon
|-activate|p2a: Kingambit|ability: Supreme Overlord
|-start|p2a: Kingambit|fallen1|[silent]
|turn|4
|
|t:|1779820763
|move|p2a: Kingambit|Iron Head|p1a: Azumarill
|-damage|p1a: Azumarill|47/100
|move|p1a: Azumarill|Superpower|p2a: Kingambit
|-supereffective|p2a: Kingambit
|-damage|p2a: Kingambit|0
|-unboost|p1a: Azumarill|atk|1
|-unboost|p1a: Azumarill|def|1
|-enditem|p2a: Kingambit|Air Balloon
|faint|p2a: Kingambit
|-end|p2a: Kingambit|fallen1|[silent]
|
|upkeep
|
|t:|1779820763
|switch|p2a: Glimmora|Glimmora, F|100/100
|turn|5
|
|t:|1779820766
|move|p1a: Azumarill|Aqua Jet|p2a: Glimmora
|-supereffective|p2a: Glimmora
|-damage|p2a: Glimmora|55/100
|-activate|p2a: Glimmora|ability: Toxic Debris
|-sidestart|p1: A05236|move: Toxic Spikes
|-enditem|p2a: Glimmora|Red Card|[of] p1a: Azumarill
|drag|p1a: Altaria|Altaria, F|100/100
|move|p2a: Glimmora|Power Gem|p1a: Altaria
|-supereffective|p1a: Altaria
|-damage|p1a: Altaria|39/100
|
|upkeep
|turn|6
|
|t:|1779820772
|switch|p1a: Azumarill|Azumarill, F|47/100
|-status|p1a: Azumarill|psn
|move|p2a: Glimmora|Power Gem|p1a: Azumarill
|-damage|p1a: Azumarill|21/100 psn
|
|-damage|p1a: Azumarill|8/100 psn|[from] psn|[of] p2a: Glimmora
|upkeep
|turn|7
|
|t:|1779820775
|move|p1a: Azumarill|Aqua Jet|p2a: Glimmora
|-supereffective|p2a: Glimmora
|-damage|p2a: Glimmora|0
|-activate|p2a: Glimmora|ability: Toxic Debris
|-sidestart|p1: A05236|move: Toxic Spikes
|faint|p2a: Glimmora
|
|-damage|p1a: Azumarill|0 psn|[from] psn|[of] p2: Glimmora
|faint|p1a: Azumarill
|upkeep
|
|t:|1779820778
|switch|p2a: Darkrai|Darkrai|100/100
|switch|p1a: Altaria|Altaria, F|39/100
|turn|8
|
|t:|1779820780
|move|p2a: Darkrai|Ice Beam|p1a: Altaria
|-supereffective|p1a: Altaria
|-damage|p1a: Altaria|0
|faint|p1a: Altaria
|
|upkeep
|
|t:|1779820784
|switch|p1a: Hitmonlee|Hitmonlee, M|100/100
|-status|p1a: Hitmonlee|tox
|turn|9
|
|t:|1779820786
|move|p2a: Darkrai|Sludge Bomb|p1a: Hitmonlee
|-damage|p1a: Hitmonlee|60/100 tox
|move|p1a: Hitmonlee|Rapid Spin|p2a: Darkrai
|-damage|p2a: Darkrai|78/100
|-boost|p1a: Hitmonlee|spe|1
|-sideend|p1: A05236|Toxic Spikes|[from] move: Rapid Spin|[of] p1a: Hitmonlee
|
|-damage|p1a: Hitmonlee|54/100 tox|[from] psn|[of] p2: Glimmora
|upkeep
|turn|10
|
|t:|1779820794
|move|p2a: Darkrai|Focus Blast|p1a: Hitmonlee
|-damage|p1a: Hitmonlee|0 tox
|faint|p1a: Hitmonlee
|
|upkeep
|
|t:|1779820800
|switch|p1a: Minun|Minun, M|100/100
|turn|11
|
|t:|1779820802
|move|p2a: Darkrai|Dark Pulse|p1a: Minun
|-crit|p1a: Minun
|-damage|p1a: Minun|9/100
|-enditem|p1a: Minun|Salac Berry|[eat]
|-boost|p1a: Minun|spe|1|[from] item: Salac Berry
|move|p1a: Minun|Nasty Plot|p1a: Minun
|-boost|p1a: Minun|spa|2
|
|upkeep
|turn|12
|c|☆Abyssal Bot|LOL Die!
|
|t:|1779820807
|move|p1a: Minun|Thunderbolt|p2a: Darkrai
|-crit|p2a: Darkrai
|-damage|p2a: Darkrai|0
|faint|p2a: Darkrai
|
|upkeep
|c|☆Abyssal Bot|Oh crap, that crit...
|
|t:|1779820807
|switch|p2a: Roaring Moon|Roaring Moon|100/100
|turn|13
|
|t:|1779820810
|move|p1a: Minun|Alluring Voice|p2a: Roaring Moon
|-supereffective|p2a: Roaring Moon
|-damage|p2a: Roaring Moon|0
|faint|p2a: Roaring Moon
|-end|p2a: Roaring Moon|Protosynthesis|[silent]
|
|upkeep
|
|t:|1779820810
|switch|p2a: Zamazenta|Zamazenta|100/100
|-ability|p2a: Zamazenta|Dauntless Shield|boost
|-boost|p2a: Zamazenta|def|1
|turn|14
|
|t:|1779820813
|move|p1a: Minun|Alluring Voice|p2a: Zamazenta
|-supereffective|p2a: Zamazenta
|-damage|p2a: Zamazenta|35/100
|move|p2a: Zamazenta|Body Press|p1a: Minun
|-damage|p1a: Minun|0
|faint|p1a: Minun
|
|-heal|p2a: Zamazenta|42/100|[from] item: Leftovers
|upkeep
|
|t:|1779820816
|switch|p1a: Mew|Mew|100/100
|turn|15
|
|t:|1779820818
|move|p2a: Zamazenta|Heavy Slam|p1a: Mew
|-damage|p1a: Mew|81/100
|move|p1a: Mew|Psychic Noise|p2a: Zamazenta
|-supereffective|p2a: Zamazenta
|-damage|p2a: Zamazenta|0
|faint|p2a: Zamazenta
|
|win|A05236
|c|☆Abyssal Bot|Well Played.
|l|☆Abyssal Bot
|player|p2|
|l|*Turbo Bottttt
