|j|☆AbraviousTinkaton
|j|☆iamverykarpy
|t:|1779817625
|gametype|singles
|player|p1|AbraviousTinkaton|dana|1651
|player|p2|iamverykarpy|colress|1671
|gen|9
|tier|[Gen 9] OU
|rated|
|rule|HP Percentage Mod: HP is shown in percentages
|rule|Endless Battle Clause: Forcing endless battles is banned
|rule|Species Clause: Limit one of each Pokémon
|rule|OHKO Clause: OHKO moves are banned
|rule|Evasion Items Clause: Evasion items are banned
|rule|Evasion Moves Clause: Evasion moves are banned
|rule|Evasion Abilities Clause: Evasion abilities are banned
|rule|Sleep Moves Clause: Sleep-inducing moves are banned
|clearpoke
|poke|p1|Ogerpon-Wellspring, F|
|poke|p1|Kingambit, M|
|poke|p1|Landorus-Therian, M|
|poke|p1|Glimmora, F|
|poke|p1|Dragapult, M|
|poke|p1|Iron Valiant|
|poke|p2|Cetitan, F|
|poke|p2|Slowking-Galar, M|
|poke|p2|Kyurem|
|poke|p2|Rillaboom, F|
|poke|p2|Alomomola, F|
|poke|p2|Great Tusk|
|teampreview
|inactive|Battle timer is ON: inactive players will automatically lose when time's up. (requested by iamverykarpy)
|
|t:|1779817634
|teamsize|p1|6
|teamsize|p2|6
|start
|switch|p1a: Dragapult|Dragapult, M|100/100
|switch|p2a: Great Tusk|Great Tusk|100/100
|turn|1
|
|t:|1779817639
|move|p1a: Dragapult|Shadow Ball|p2a: Great Tusk
|-damage|p2a: Great Tusk|27/100
|move|p2a: Great Tusk|Knock Off|p1a: Dragapult
|-supereffective|p1a: Dragapult
|-damage|p1a: Dragapult|9/100
|-enditem|p1a: Dragapult|Choice Specs|[from] move: Knock Off|[of] p2a: Great Tusk
|
|-heal|p2a: Great Tusk|33/100|[from] item: Leftovers
|upkeep
|turn|2
|
|t:|1779817647
|-end|p2a: Great Tusk|Protosynthesis|[silent]
|switch|p2a: Cetitan|Cetitan, F, shiny|100/100
|move|p1a: Dragapult|Shadow Ball|p2a: Cetitan
|-damage|p2a: Cetitan|65/100
|-unboost|p2a: Cetitan|spd|1
|
|upkeep
|turn|3
|
|t:|1779817653
|switch|p1a: Glimmora|Glimmora, F|100/100
|move|p2a: Cetitan|Ice Shard|p1a: Glimmora
|-damage|p1a: Glimmora|73/100
|-activate|p1a: Glimmora|ability: Toxic Debris
|-sidestart|p2: iamverykarpy|move: Toxic Spikes
|
|upkeep
|turn|4
|
|t:|1779817659
|move|p1a: Glimmora|Meteor Beam||[still]
|-prepare|p1a: Glimmora|Meteor Beam
|-boost|p1a: Glimmora|spa|1
|-enditem|p1a: Glimmora|Power Herb
|-anim|p1a: Glimmora|Meteor Beam|p2a: Cetitan|[miss]
|-miss|p1a: Glimmora|p2a: Cetitan
|move|p2a: Cetitan|Earthquake|p1a: Glimmora
|-supereffective|p1a: Glimmora
|-damage|p1a: Glimmora|0 fnt
|-activate|p1a: Glimmora|ability: Toxic Debris
|-sidestart|p2: iamverykarpy|move: Toxic Spikes
|faint|p1a: Glimmora
|
|upkeep
|
|t:|1779817664
|switch|p1a: Ogerpon|Ogerpon-Wellspring, F|100/100
|turn|5
|
|t:|1779817668
|move|p1a: Ogerpon|Ivy Cudgel|p2a: Cetitan|[anim] Ivy Cudgel Water
|-damage|p2a: Cetitan|8/100
|-enditem|p2a: Cetitan|Sitrus Berry|[eat]
|-heal|p2a: Cetitan|33/100|[from] item: Sitrus Berry
|move|p2a: Cetitan|Ice Spinner|p1a: Ogerpon
|-damage|p1a: Ogerpon|42/100
|
|upkeep
|turn|6
|
|t:|1779817673
|move|p2a: Cetitan|Ice Shard|p1a: Ogerpon
|-damage|p1a: Ogerpon|14/100
|move|p1a: Ogerpon|Horn Leech|p2a: Cetitan
|-damage|p2a: Cetitan|0 fnt
|-heal|p1a: Ogerpon|40/100|[from] drain|[of] p2a: Cetitan
|faint|p2a: Cetitan
|
|upkeep
|
|t:|1779817676
|switch|p2a: Slowking|Slowking-Galar, M, shiny|100/100
|-sideend|p2: iamverykarpy|move: Toxic Spikes|[of] p2a: Slowking
|turn|7
|
|t:|1779817681
|switch|p1a: Kingambit|Kingambit, M|100/100
|-activate|p1a: Kingambit|ability: Supreme Overlord
|-start|p1a: Kingambit|fallen1|[silent]
|move|p2a: Slowking|Sludge Bomb|p1a: Kingambit
|-immune|p1a: Kingambit
|
|upkeep
|turn|8
|
|t:|1779817684
|switch|p2a: Alomomola|Alomomola, F|100/100
|move|p1a: Kingambit|Kowtow Cleave|p2a: Alomomola
|-damage|p2a: Alomomola|73/100
|-damage|p1a: Kingambit|84/100|[from] item: Rocky Helmet|[of] p2a: Alomomola
|
|-heal|p1a: Kingambit|90/100|[from] item: Leftovers
|upkeep
|turn|9
|
|t:|1779817688
|-end|p1a: Kingambit|fallen1|[silent]
|switch|p1a: Ogerpon|Ogerpon-Wellspring, F|40/100
|move|p2a: Alomomola|Scald|p1a: Ogerpon
|-heal|p1a: Ogerpon|65/100|[from] ability: Water Absorb|[of] p2a: Alomomola
|
|upkeep
|turn|10
|
|t:|1779817691
|switch|p1a: Landorus|Landorus-Therian, M|100/100
|-ability|p1a: Landorus|Intimidate|boost
|-unboost|p2a: Alomomola|atk|1
|move|p2a: Alomomola|Wish|p2a: Alomomola
|
|upkeep
|turn|11
|
|t:|1779817696
|switch|p2a: Great Tusk|Great Tusk|33/100
|move|p1a: Landorus|Stealth Rock|p2a: Great Tusk
|-sidestart|p2: iamverykarpy|move: Stealth Rock
|
|-heal|p2a: Great Tusk|100/100|[from] move: Wish|[wisher] Alomomola
|upkeep
|turn|12
|
|t:|1779817700
|move|p1a: Landorus|Earthquake|p2a: Great Tusk
|-damage|p2a: Great Tusk|68/100
|move|p2a: Great Tusk|Stealth Rock|p1a: Landorus
|-sidestart|p1: AbraviousTinkaton|move: Stealth Rock
|
|-heal|p2a: Great Tusk|74/100|[from] item: Leftovers
|upkeep
|turn|13
|
|t:|1779817703
|move|p1a: Landorus|U-turn|p2a: Great Tusk
|-resisted|p2a: Great Tusk
|-damage|p2a: Great Tusk|66/100
|
|t:|1779817705
|switch|p1a: Dragapult|Dragapult, M|9/100|[from] U-turn
|-damage|p1a: Dragapult|0 fnt|[from] Stealth Rock
|faint|p1a: Dragapult
|move|p2a: Great Tusk|Rapid Spin|p1: Dragapult|[notarget]
|-fail|p2a: Great Tusk
|
|-heal|p2a: Great Tusk|72/100|[from] item: Leftovers
|upkeep
|
|t:|1779817707
|switch|p1a: Ogerpon|Ogerpon-Wellspring, F|65/100
|-damage|p1a: Ogerpon|53/100|[from] Stealth Rock
|turn|14
|j| KIRAXX200
|
|t:|1779817712
|-end|p2a: Great Tusk|Protosynthesis|[silent]
|switch|p2a: Alomomola|Alomomola, F|100/100
|-damage|p2a: Alomomola|88/100|[from] Stealth Rock
|move|p1a: Ogerpon|Ivy Cudgel|p2a: Alomomola|[anim] Ivy Cudgel Water
|-resisted|p2a: Alomomola
|-damage|p2a: Alomomola|74/100
|
|upkeep
|turn|15
|
|t:|1779817715
|move|p1a: Ogerpon|Horn Leech|p2a: Alomomola
|-supereffective|p2a: Alomomola
|-damage|p2a: Alomomola|23/100
|-heal|p1a: Ogerpon|98/100|[from] drain|[of] p2a: Alomomola
|-damage|p1a: Ogerpon|82/100|[from] item: Rocky Helmet|[of] p2a: Alomomola
|move|p2a: Alomomola|Icy Wind|p1a: Ogerpon
|-damage|p1a: Ogerpon|74/100
|-unboost|p1a: Ogerpon|spe|1
|
|upkeep
|turn|16
|
|t:|1779817720
|switch|p2a: Rillaboom|Rillaboom, F|100/100
|-damage|p2a: Rillaboom|88/100|[from] Stealth Rock
|-fieldstart|move: Grassy Terrain|[from] ability: Grassy Surge|[of] p2a: Rillaboom
|move|p1a: Ogerpon|Horn Leech|p2a: Rillaboom
|-resisted|p2a: Rillaboom
|-damage|p2a: Rillaboom|57/100
|-heal|p1a: Ogerpon|92/100|[from] drain|[of] p2a: Rillaboom
|
|-heal|p2a: Rillaboom|63/100|[from] Grassy Terrain
|-heal|p1a: Ogerpon|98/100|[from] Grassy Terrain
|upkeep
|turn|17
|
|t:|1779817723
|switch|p1a: Landorus|Landorus-Therian, M|100/100
|-damage|p1a: Landorus|88/100|[from] Stealth Rock
|-ability|p1a: Landorus|Intimidate|boost
|-unboost|p2a: Rillaboom|atk|1
|move|p2a: Rillaboom|U-turn|p1a: Landorus
|-resisted|p1a: Landorus
|-damage|p1a: Landorus|75/100
|-damage|p2a: Rillaboom|46/100|[from] item: Rocky Helmet|[of] p1a: Landorus
|
|t:|1779817726
|switch|p2a: Great Tusk|Great Tusk|72/100|[from] U-turn
|-damage|p2a: Great Tusk|69/100|[from] Stealth Rock
|
|-heal|p2a: Great Tusk|75/100|[from] Grassy Terrain
|-heal|p2a: Great Tusk|81/100|[from] item: Leftovers
|upkeep
|turn|18
|
|t:|1779817730
|move|p1a: Landorus|U-turn|p2a: Great Tusk
|-resisted|p2a: Great Tusk
|-damage|p2a: Great Tusk|74/100
|
|t:|1779817733
|switch|p1a: Ogerpon|Ogerpon-Wellspring, F|98/100|[from] U-turn
|-damage|p1a: Ogerpon|85/100|[from] Stealth Rock
|move|p2a: Great Tusk|Rapid Spin|p1a: Ogerpon
|-damage|p1a: Ogerpon|62/100
|-boost|p2a: Great Tusk|spe|1
|-sideend|p2: iamverykarpy|Stealth Rock|[from] move: Rapid Spin|[of] p2a: Great Tusk
|
|-heal|p2a: Great Tusk|80/100|[from] Grassy Terrain
|-heal|p2a: Great Tusk|86/100|[from] item: Leftovers
|-heal|p1a: Ogerpon|68/100|[from] Grassy Terrain
|upkeep
|turn|19
|
|t:|1779817740
|-end|p2a: Great Tusk|Protosynthesis|[silent]
|switch|p2a: Kyurem|Kyurem, shiny|100/100
|-ability|p2a: Kyurem|Pressure
|move|p1a: Ogerpon|Horn Leech|p2a: Kyurem
|-resisted|p2a: Kyurem
|-damage|p2a: Kyurem|71/100
|-heal|p1a: Ogerpon|87/100|[from] drain|[of] p2a: Kyurem
|
|-heal|p1a: Ogerpon|93/100|[from] Grassy Terrain
|-heal|p2a: Kyurem|77/100|[from] Grassy Terrain
|upkeep
|turn|20
|
|t:|1779817747
|move|p1a: Ogerpon|Play Rough|p2a: Kyurem
|-supereffective|p2a: Kyurem
|-damage|p2a: Kyurem|11/100
|move|p2a: Kyurem|Ice Beam|p1a: Ogerpon
|-damage|p1a: Ogerpon|15/100
|
|-heal|p1a: Ogerpon|21/100|[from] Grassy Terrain
|-heal|p2a: Kyurem|18/100|[from] Grassy Terrain
|-fieldend|move: Grassy Terrain
|upkeep
|turn|21
|
|t:|1779817754
|move|p1a: Ogerpon|Ivy Cudgel|p2a: Kyurem|[anim] Ivy Cudgel Water
|-resisted|p2a: Kyurem
|-crit|p2a: Kyurem
|-damage|p2a: Kyurem|0 fnt
|faint|p2a: Kyurem
|
|upkeep
|
|t:|1779817757
|switch|p2a: Rillaboom|Rillaboom, F|46/100
|-fieldstart|move: Grassy Terrain|[from] ability: Grassy Surge|[of] p2a: Rillaboom
|turn|22
|
|t:|1779817760
|switch|p1a: Landorus|Landorus-Therian, M|75/100
|-damage|p1a: Landorus|63/100|[from] Stealth Rock
|-ability|p1a: Landorus|Intimidate|boost
|-unboost|p2a: Rillaboom|atk|1
|move|p2a: Rillaboom|Grassy Glide|p1a: Landorus
|-damage|p1a: Landorus|22/100
|-damage|p2a: Rillaboom|29/100|[from] item: Rocky Helmet|[of] p1a: Landorus
|
|-heal|p2a: Rillaboom|36/100|[from] Grassy Terrain
|upkeep
|turn|23
|
|t:|1779817764
|move|p2a: Rillaboom|Grassy Glide|p1a: Landorus
|-damage|p1a: Landorus|0 fnt
|-damage|p2a: Rillaboom|19/100|[from] item: Rocky Helmet|[of] p1a: Landorus
|faint|p1a: Landorus
|
|-heal|p2a: Rillaboom|25/100|[from] Grassy Terrain
|upkeep
|
|t:|1779817767
|switch|p1a: Iron Valiant|Iron Valiant|100/100
|-damage|p1a: Iron Valiant|94/100|[from] Stealth Rock
|-enditem|p1a: Iron Valiant|Booster Energy
|-activate|p1a: Iron Valiant|ability: Quark Drive|[fromitem]
|-start|p1a: Iron Valiant|quarkdrivespe
|turn|24
|
|t:|1779817770
|switch|p2a: Slowking|Slowking-Galar, M, shiny|100/100
|move|p1a: Iron Valiant|Swords Dance|p1a: Iron Valiant
|-boost|p1a: Iron Valiant|atk|2
|
|-heal|p1a: Iron Valiant|100/100|[from] Grassy Terrain
|upkeep
|turn|25
|
|t:|1779817774
|-terastallize|p1a: Iron Valiant|Steel
|move|p1a: Iron Valiant|Swords Dance|p1a: Iron Valiant
|-boost|p1a: Iron Valiant|atk|2
|move|p2a: Slowking|Sludge Bomb|p1a: Iron Valiant
|-immune|p1a: Iron Valiant
|
|upkeep
|turn|26
|
|t:|1779817778
|move|p1a: Iron Valiant|Encore|p2a: Slowking
|-start|p2a: Slowking|Encore
|move|p2a: Slowking|Sludge Bomb|p1a: Iron Valiant
|-immune|p1a: Iron Valiant
|
|-fieldend|move: Grassy Terrain
|upkeep
|turn|27
|
|t:|1779817782
|switch|p2a: Alomomola|Alomomola, F|56/100
|move|p1a: Iron Valiant|Swords Dance|p1a: Iron Valiant
|-boost|p1a: Iron Valiant|atk|2
|
|upkeep
|turn|28
|
|t:|1779817786
|move|p1a: Iron Valiant|Knock Off|p2a: Alomomola
|-damage|p2a: Alomomola|0 fnt
|-damage|p1a: Iron Valiant|84/100|[from] item: Rocky Helmet|[of] p2a: Alomomola
|-enditem|p2a: Alomomola|Rocky Helmet|[from] move: Knock Off|[of] p1a: Iron Valiant
|faint|p2a: Alomomola
|
|upkeep
|
|t:|1779817789
|switch|p2a: Great Tusk|Great Tusk|86/100
|turn|29
|
|t:|1779817796
|move|p1a: Iron Valiant|Knock Off|p2a: Great Tusk
|-resisted|p2a: Great Tusk
|-damage|p2a: Great Tusk|43/100
|-enditem|p2a: Great Tusk|Leftovers|[from] move: Knock Off|[of] p1a: Iron Valiant
|move|p2a: Great Tusk|Headlong Rush|p1a: Iron Valiant
|-supereffective|p1a: Iron Valiant
|-damage|p1a: Iron Valiant|0 fnt
|-unboost|p2a: Great Tusk|def|1
|-unboost|p2a: Great Tusk|spd|1
|faint|p1a: Iron Valiant
|-end|p1a: Iron Valiant|Quark Drive|[silent]
|
|upkeep
|
|t:|1779817799
|switch|p1a: Ogerpon|Ogerpon-Wellspring, F|21/100
|-damage|p1a: Ogerpon|9/100|[from] Stealth Rock
|turn|30
|
|t:|1779817804
|move|p1a: Ogerpon|Ivy Cudgel|p2a: Great Tusk|[anim] Ivy Cudgel Water
|-supereffective|p2a: Great Tusk
|-crit|p2a: Great Tusk
|-damage|p2a: Great Tusk|0 fnt
|faint|p2a: Great Tusk
|-end|p2a: Great Tusk|Protosynthesis|[silent]
|
|upkeep
|
|t:|1779817811
|switch|p2a: Rillaboom|Rillaboom, F|25/100
|-fieldstart|move: Grassy Terrain|[from] ability: Grassy Surge|[of] p2a: Rillaboom
|turn|31
|
|t:|1779817814
|move|p2a: Rillaboom|Grassy Glide|p1a: Ogerpon
|-damage|p1a: Ogerpon|0 fnt
|faint|p1a: Ogerpon
|
|-heal|p2a: Rillaboom|31/100|[from] Grassy Terrain
|upkeep
|
|t:|1779817815
|switch|p1a: Kingambit|Kingambit, M|90/100
|-damage|p1a: Kingambit|84/100|[from] Stealth Rock
|-activate|p1a: Kingambit|ability: Supreme Overlord
|-start|p1a: Kingambit|fallen5|[silent]
|turn|32
|
|t:|1779817819
|switch|p2a: Slowking|Slowking-Galar, M, shiny|100/100
|move|p1a: Kingambit|Sucker Punch||[still]
|-fail|p1a: Kingambit
|
|-heal|p1a: Kingambit|90/100|[from] Grassy Terrain
|-heal|p1a: Kingambit|97/100|[from] item: Leftovers
|upkeep
|turn|33
|
|t:|1779817823
|move|p1a: Kingambit|Kowtow Cleave|p2a: Slowking
|-supereffective|p2a: Slowking
|-enditem|p2a: Slowking|Colbur Berry|[eat]
|-enditem|p2a: Slowking|Colbur Berry|[weaken]
|-damage|p2a: Slowking|16/100
|move|p2a: Slowking|Flamethrower|p1a: Kingambit
|-supereffective|p1a: Kingambit
|-damage|p1a: Kingambit|52/100
|
|-heal|p1a: Kingambit|58/100|[from] Grassy Terrain
|-heal|p1a: Kingambit|65/100|[from] item: Leftovers
|-heal|p2a: Slowking|23/100|[from] Grassy Terrain
|upkeep
|turn|34
|
|t:|1779817826
|move|p1a: Kingambit|Kowtow Cleave|p2a: Slowking
|-supereffective|p2a: Slowking
|-damage|p2a: Slowking|0 fnt
|faint|p2a: Slowking
|
|-heal|p1a: Kingambit|71/100|[from] Grassy Terrain
|-heal|p1a: Kingambit|77/100|[from] item: Leftovers
|upkeep
|
|t:|1779817828
|switch|p2a: Rillaboom|Rillaboom, F|31/100
|turn|35
|
|t:|1779817832
|-terastallize|p2a: Rillaboom|Grass
|move|p1a: Kingambit|Sucker Punch|p2a: Rillaboom
|-damage|p2a: Rillaboom|0 fnt
|faint|p2a: Rillaboom
|
|win|AbraviousTinkaton
|raw|AbraviousTinkaton's rating: 1651 &rarr; <strong>1672</strong><br />(+21 for winning)
|raw|iamverykarpy's rating: 1671 &rarr; <strong>1650</strong><br />(-21 for losing)
|l|☆iamverykarpy
|player|p2|
|l|☆AbraviousTinkaton
|player|p1|
|j|☆AbraviousTinkaton
|player|p1|AbraviousTinkaton|dana|
|l|☆AbraviousTinkaton
|player|p1|
