|j|☆Jinx Havoc
|j|☆fallentitansss
|t:|1779924417
|gametype|singles
|player|p1|Jinx Havoc|rocketgruntf|1262
|player|p2|fallentitansss|1|1219
|gen|9
|tier|[Gen 9] OU
|rated|
|rule|HP Percentage Mod: HP is shown in percentages
|rule|Endless Battle Clause: Forcing endless battles is banned
|rule|Species Clause: Limit one of each Pokémon
|rule|OHKO Clause: OHKO moves are banned
|rule|Evasion Items Clause: Evasion items are banned
|rule|Evasion Moves Clause: Evasion moves are banned
|rule|Evasion Abilities Clause: Evasion abilities are banned
|rule|Sleep Moves Clause: Sleep-inducing moves are banned
|clearpoke
|poke|p1|Darkrai|
|poke|p1|Gardevoir, F|
|poke|p1|Lucario, F|
|poke|p1|Iron Treads|
|poke|p1|Weezing, F|
|poke|p1|Scream Tail|
|poke|p2|Corviknight, M|
|poke|p2|Moltres-Galar|
|poke|p2|Alomomola, M|
|poke|p2|Metagross|
|poke|p2|Regieleki|
|poke|p2|Haxorus, F|
|teampreview
|inactive|Battle timer is ON: inactive players will automatically lose when time's up. (requested by Jinx Havoc)
|
|t:|1779924450
|teamsize|p1|6
|teamsize|p2|6
|start
|switch|p1a: Darkrai|Darkrai|100/100
|switch|p2a: Haxorus|Haxorus, F|100/100
|turn|1
|
|t:|1779924467
|switch|p1a: Weezing|Weezing, F|100/100
|move|p2a: Haxorus|First Impression|p1a: Weezing
|-resisted|p1a: Weezing
|-damage|p1a: Weezing|86/100
|
|-heal|p1a: Weezing|92/100|[from] item: Black Sludge
|upkeep
|turn|2
|
|t:|1779924482
|switch|p2a: Metagross|Metagross|100/100
|move|p1a: Weezing|Will-O-Wisp|p2a: Metagross
|-status|p2a: Metagross|brn
|
|-heal|p1a: Weezing|99/100|[from] item: Black Sludge
|-damage|p2a: Metagross|94/100 brn|[from] brn
|upkeep
|turn|3
|
|t:|1779924491
|switch|p2a: Moltres|Moltres-Galar|100/100
|switch|p1a: Iron Treads|Iron Treads|100/100
|
|upkeep
|turn|4
|
|t:|1779924497
|move|p1a: Iron Treads|Volt Switch|p2a: Moltres
|-supereffective|p2a: Moltres
|-damage|p2a: Moltres|82/100
|-enditem|p2a: Moltres|Weakness Policy
|-boost|p2a: Moltres|atk|2|[from] item: Weakness Policy
|-boost|p2a: Moltres|spa|2|[from] item: Weakness Policy
|
|t:|1779924503
|-end|p1a: Iron Treads|Quark Drive|[silent]
|switch|p1a: Lucario|Lucario, F|100/100|[from] Volt Switch
|move|p2a: Moltres|Nasty Plot|p2a: Moltres
|-boost|p2a: Moltres|spa|2
|
|upkeep
|turn|5
|
|t:|1779924510
|move|p2a: Moltres|Hurricane|p1a: Lucario
|-damage|p1a: Lucario|0 fnt
|faint|p1a: Lucario
|
|upkeep
|
|t:|1779924513
|switch|p1a: Gardevoir|Gardevoir, F|100/100
|-ability|p1a: Gardevoir|Berserk|Trace|[from] ability: Trace|[of] p2a: Moltres
|turn|6
|
|t:|1779924517
|move|p1a: Gardevoir|Moonblast|p2a: Moltres
|-supereffective|p2a: Moltres
|-damage|p2a: Moltres|0 fnt
|faint|p2a: Moltres
|
|upkeep
|c|☆fallentitansss|how are yo faster
|c|☆fallentitansss|you
|c|☆Jinx Havoc|scarf
|c|☆fallentitansss|on gardevoir?
|c|☆fallentitansss|YOU MADMAN
|c|☆Jinx Havoc|yes
|inactive|fallentitansss has 120 seconds left.
|
|t:|1779924548
|switch|p2a: Regieleki|Regieleki|100/100
|turn|7
|c|☆Jinx Havoc|<3
|
|t:|1779924552
|switch|p1a: Iron Treads|Iron Treads|100/100
|move|p2a: Regieleki|Volt Switch|p1a: Iron Treads
|-immune|p1a: Iron Treads
|
|upkeep
|turn|8
|
|t:|1779924556
|switch|p2a: Alomomola|Alomomola, M|100/100
|move|p1a: Iron Treads|Volt Switch|p2a: Alomomola
|-supereffective|p2a: Alomomola
|-damage|p2a: Alomomola|76/100
|
|t:|1779924558
|-end|p1a: Iron Treads|Quark Drive|[silent]
|switch|p1a: Darkrai|Darkrai|100/100|[from] Volt Switch
|
|upkeep
|turn|9
|
|t:|1779924568
|-terastallize|p1a: Darkrai|Dark
|move|p1a: Darkrai|Dark Pulse|p2a: Alomomola
|-damage|p2a: Alomomola|0 fnt
|faint|p2a: Alomomola
|
|upkeep
|
|t:|1779924571
|switch|p2a: Haxorus|Haxorus, F|100/100
|turn|10
|
|t:|1779924575
|move|p1a: Darkrai|Dark Pulse|p2a: Haxorus
|-damage|p2a: Haxorus|0 fnt
|faint|p2a: Haxorus
|
|upkeep
|c|☆fallentitansss|woah
|
|t:|1779924580
|switch|p2a: Regieleki|Regieleki|100/100
|turn|11
|c|☆Jinx Havoc|specs
|c|☆Jinx Havoc|tera dark
|
|t:|1779924589
|switch|p1a: Iron Treads|Iron Treads|100/100
|move|p2a: Regieleki|Thunderbolt|p1a: Iron Treads
|-immune|p1a: Iron Treads
|
|upkeep
|turn|12
|c|☆fallentitansss|no
|c|☆fallentitansss|thats not why i said woah
|c|☆fallentitansss|you knew i had first impression
|c|☆Jinx Havoc|ah the stay in
|c|☆Jinx Havoc|I assumed you knew weezing walls
|-message|fallentitansss forfeited.
|
|win|Jinx Havoc
|raw|Jinx Havoc's rating: 1262 &rarr; <strong>1284</strong><br />(+22 for winning)
|raw|fallentitansss's rating: 1219 &rarr; <strong>1197</strong><br />(-22 for losing)
|l|☆fallentitansss
|player|p2|
|l|☆Jinx Havoc
|player|p1|
