|j|☆prince_georgi
|j|☆claudechamp
|t:|1779902704
|gametype|singles
|player|p1|prince_georgi|unknownf|1347
|player|p2|claudechamp|169|1335
|gen|9
|tier|[Gen 9] OU
|rated|
|rule|HP Percentage Mod: HP is shown in percentages
|rule|Endless Battle Clause: Forcing endless battles is banned
|rule|Species Clause: Limit one of each Pokémon
|rule|OHKO Clause: OHKO moves are banned
|rule|Evasion Items Clause: Evasion items are banned
|rule|Evasion Moves Clause: Evasion moves are banned
|rule|Evasion Abilities Clause: Evasion abilities are banned
|rule|Sleep Moves Clause: Sleep-inducing moves are banned
|clearpoke
|poke|p1|Garchomp, M|
|poke|p1|Alomomola, F|
|poke|p1|Corviknight, F|
|poke|p1|Weezing-Galar, M|
|poke|p1|Ogerpon, F|
|poke|p1|Deoxys-Speed|
|poke|p2|Gliscor, M|
|poke|p2|Gholdengo|
|poke|p2|Zamazenta-*|
|poke|p2|Blissey, F|
|poke|p2|Skarmory, M|
|poke|p2|Pecharunt|
|teampreview
|c|☆claudechamp|hf
|inactive|Battle timer is ON: inactive players will automatically lose when time's up. (requested by claudechamp)
|c|☆prince_georgi|u2
|
|t:|1779902722
|teamsize|p1|6
|teamsize|p2|6
|start
|switch|p1a: Weezing|Weezing-Galar, M|100/100
|switch|p2a: Skarmory|Skarmory, M|100/100
|-ability|p1a: Weezing|Neutralizing Gas
|turn|1
|
|t:|1779902725
|move|p2a: Skarmory|Spikes|p1a: Weezing
|-sidestart|p1: prince_georgi|Spikes
|move|p1a: Weezing|Will-O-Wisp|p2a: Skarmory
|-status|p2a: Skarmory|brn
|
|-damage|p2a: Skarmory|95/100 brn|[from] brn
|upkeep
|turn|2
|
|t:|1779902734
|move|p2a: Skarmory|Spikes|p1a: Weezing
|-sidestart|p1: prince_georgi|Spikes
|move|p1a: Weezing|Defog|p2a: Skarmory
|-unboost|p2a: Skarmory|evasion|1
|-sideend|p1: prince_georgi|Spikes|[from] move: Defog|[of] p1a: Weezing
|
|-damage|p2a: Skarmory|89/100 brn|[from] brn
|upkeep
|turn|3
|
|t:|1779902745
|switch|p2a: Blissey|Blissey, F|100/100
|-end|p1a: Weezing|ability: Neutralizing Gas
|switch|p1a: Deoxys|Deoxys-Speed|100/100
|-ability|p1a: Deoxys|Pressure
|
|upkeep
|turn|4
|
|t:|1779902750
|move|p1a: Deoxys|Nasty Plot|p1a: Deoxys
|-boost|p1a: Deoxys|spa|2
|move|p2a: Blissey|Stealth Rock|p1a: Deoxys
|-sidestart|p1: prince_georgi|move: Stealth Rock
|
|upkeep
|turn|5
|inactive|prince_georgi has 120 seconds left.
|inactive|prince_georgi has 90 seconds left.
|
|t:|1779902814
|move|p1a: Deoxys|Focus Blast|p2a: Blissey|[miss]
|-miss|p1a: Deoxys|p2a: Blissey
|move|p2a: Blissey|Shadow Ball|p1a: Deoxys
|-supereffective|p1a: Deoxys
|-damage|p1a: Deoxys|58/100
|
|upkeep
|turn|6
|
|t:|1779902819
|move|p1a: Deoxys|Recover|p1a: Deoxys
|-heal|p1a: Deoxys|100/100
|move|p2a: Blissey|Shadow Ball|p1a: Deoxys
|-supereffective|p1a: Deoxys
|-damage|p1a: Deoxys|59/100
|
|upkeep
|turn|7
|
|t:|1779902831
|switch|p2a: Gliscor|Gliscor, M|100/100
|move|p1a: Deoxys|Nasty Plot|p1a: Deoxys
|-boost|p1a: Deoxys|spa|2
|
|-status|p2a: Gliscor|tox|[from] item: Toxic Orb
|upkeep
|turn|8
|
|t:|1779902837
|move|p1a: Deoxys|Psycho Boost|p2a: Gliscor
|-damage|p2a: Gliscor|0 fnt
|-unboost|p1a: Deoxys|spa|2
|faint|p2a: Gliscor
|-damage|p1a: Deoxys|49/100|[from] item: Life Orb
|
|upkeep
|
|t:|1779902841
|switch|p2a: Gholdengo|Gholdengo|100/100
|turn|9
|inactive|prince_georgi has 90 seconds left.
|
|t:|1779902871
|move|p1a: Deoxys|Psycho Boost|p2a: Gholdengo
|-resisted|p2a: Gholdengo
|-damage|p2a: Gholdengo|14/100
|-unboost|p1a: Deoxys|spa|2
|-damage|p1a: Deoxys|39/100|[from] item: Life Orb
|move|p2a: Gholdengo|Hex|p1a: Deoxys
|-supereffective|p1a: Deoxys
|-damage|p1a: Deoxys|0 fnt
|faint|p1a: Deoxys
|
|upkeep
|inactive|prince_georgi has 90 seconds left.
|
|t:|1779902891
|switch|p1a: Alomomola|Alomomola, F|100/100
|-damage|p1a: Alomomola|88/100|[from] Stealth Rock
|turn|10
|
|t:|1779902895
|move|p2a: Gholdengo|Recover|p2a: Gholdengo
|-heal|p2a: Gholdengo|64/100
|move|p1a: Alomomola|Flip Turn|p2a: Gholdengo
|-damage|p2a: Gholdengo|52/100
|inactive|prince_georgi has 90 seconds left.
|
|t:|1779902906
|switch|p1a: Ogerpon|Ogerpon, F|100/100|[from] Flip Turn
|-damage|p1a: Ogerpon|88/100|[from] Stealth Rock
|
|upkeep
|turn|11
|
|t:|1779902910
|move|p1a: Ogerpon|Knock Off|p2a: Gholdengo
|-supereffective|p2a: Gholdengo
|-damage|p2a: Gholdengo|2/100
|-enditem|p2a: Gholdengo|Ability Shield|[from] move: Knock Off|[of] p1a: Ogerpon
|move|p2a: Gholdengo|Nasty Plot|p2a: Gholdengo
|-boost|p2a: Gholdengo|spa|2
|
|upkeep
|turn|12
|
|t:|1779902915
|switch|p2a: Zamazenta|Zamazenta|100/100
|-ability|p2a: Zamazenta|Dauntless Shield|boost
|-boost|p2a: Zamazenta|def|1
|move|p1a: Ogerpon|Knock Off|p2a: Zamazenta
|-resisted|p2a: Zamazenta
|-damage|p2a: Zamazenta|91/100
|-enditem|p2a: Zamazenta|Heavy-Duty Boots|[from] move: Knock Off|[of] p1a: Ogerpon
|
|upkeep
|turn|13
|
|t:|1779902925
|move|p2a: Zamazenta|Close Combat|p1a: Ogerpon
|-damage|p1a: Ogerpon|15/100
|-unboost|p2a: Zamazenta|def|1
|-unboost|p2a: Zamazenta|spd|1
|move|p1a: Ogerpon|Swords Dance|p1a: Ogerpon
|-boost|p1a: Ogerpon|atk|2
|
|upkeep
|turn|14
|
|t:|1779902939
|switch|p1a: Weezing|Weezing-Galar, M|100/100
|-ability|p1a: Weezing|Neutralizing Gas
|-damage|p1a: Weezing|88/100|[from] Stealth Rock
|move|p2a: Zamazenta|Close Combat|p1a: Weezing
|-resisted|p1a: Weezing
|-damage|p1a: Weezing|78/100
|-unboost|p2a: Zamazenta|def|1
|-unboost|p2a: Zamazenta|spd|1
|
|-heal|p1a: Weezing|84/100|[from] item: Leftovers
|upkeep
|turn|15
|
|t:|1779902943
|move|p2a: Zamazenta|Heavy Slam|p1a: Weezing
|-supereffective|p1a: Weezing
|-damage|p1a: Weezing|34/100
|move|p1a: Weezing|Will-O-Wisp|p2a: Zamazenta
|-status|p2a: Zamazenta|brn
|
|-heal|p1a: Weezing|40/100|[from] item: Leftovers
|-damage|p2a: Zamazenta|85/100 brn|[from] brn
|upkeep
|turn|16
|inactive|prince_georgi has 120 seconds left.
|
|t:|1779902951
|move|p2a: Zamazenta|Heavy Slam|p1a: Weezing
|-supereffective|p1a: Weezing
|-damage|p1a: Weezing|15/100
|move|p1a: Weezing|Pain Split|p2a: Zamazenta
|-sethp|p2a: Zamazenta|50/100 brn|[from] move: Pain Split|[silent]
|-sethp|p1a: Weezing|49/100|[from] move: Pain Split
|
|-heal|p1a: Weezing|55/100|[from] item: Leftovers
|-damage|p2a: Zamazenta|44/100 brn|[from] brn
|upkeep
|turn|17
|
|t:|1779902960
|move|p2a: Zamazenta|Heavy Slam|p1a: Weezing
|-supereffective|p1a: Weezing
|-damage|p1a: Weezing|27/100
|move|p1a: Weezing|Sludge Bomb|p2a: Zamazenta
|-crit|p2a: Zamazenta
|-damage|p2a: Zamazenta|0 fnt
|faint|p2a: Zamazenta
|
|-heal|p1a: Weezing|33/100|[from] item: Leftovers
|upkeep
|
|t:|1779902964
|switch|p2a: Gholdengo|Gholdengo|2/100
|turn|18
|
|t:|1779902972
|move|p2a: Gholdengo|Hex|p1a: Weezing
|-damage|p1a: Weezing|0 fnt
|faint|p1a: Weezing
|-end|p1a: Weezing|ability: Neutralizing Gas
|
|upkeep
|
|t:|1779902976
|switch|p1a: Alomomola|Alomomola, F|100/100
|-damage|p1a: Alomomola|88/100|[from] Stealth Rock
|turn|19
|
|t:|1779902979
|move|p1a: Alomomola|Aqua Jet|p2a: Gholdengo
|-damage|p2a: Gholdengo|0 fnt
|faint|p2a: Gholdengo
|
|upkeep
|
|t:|1779902988
|switch|p2a: Skarmory|Skarmory, M|89/100 brn
|turn|20
|
|t:|1779902994
|move|p2a: Skarmory|Spikes|p1a: Alomomola
|-sidestart|p1: prince_georgi|Spikes
|move|p1a: Alomomola|Flip Turn|p2a: Skarmory
|-damage|p2a: Skarmory|78/100 brn
|
|t:|1779903003
|switch|p1a: Corviknight|Corviknight, F|100/100|[from] Flip Turn
|-damage|p1a: Corviknight|88/100|[from] Stealth Rock
|-ability|p1a: Corviknight|Pressure
|
|-heal|p1a: Corviknight|94/100|[from] item: Leftovers
|-damage|p2a: Skarmory|72/100 brn|[from] brn
|upkeep
|turn|21
|
|t:|1779903010
|switch|p2a: Blissey|Blissey, F|100/100
|move|p1a: Corviknight|Defog|p2a: Blissey
|-unboost|p2a: Blissey|evasion|1
|-sideend|p1: prince_georgi|Spikes|[from] move: Defog|[of] p1a: Corviknight
|-sideend|p1: prince_georgi|Stealth Rock|[from] move: Defog|[of] p1a: Corviknight
|
|-heal|p1a: Corviknight|100/100|[from] item: Leftovers
|upkeep
|turn|22
|
|t:|1779903018
|move|p1a: Corviknight|U-turn|p2a: Blissey
|-damage|p2a: Blissey|86/100
|
|t:|1779903020
|switch|p1a: Garchomp|Garchomp, M|100/100|[from] U-turn
|move|p2a: Blissey|Stealth Rock|p1a: Garchomp
|-sidestart|p1: prince_georgi|move: Stealth Rock
|
|upkeep
|turn|23
|
|t:|1779903028
|move|p1a: Garchomp|Stealth Rock|p2a: Blissey
|-sidestart|p2: claudechamp|move: Stealth Rock
|move|p2a: Blissey|Calm Mind|p2a: Blissey
|-boost|p2a: Blissey|spa|1
|-boost|p2a: Blissey|spd|1
|
|upkeep
|turn|24
|
|t:|1779903034
|move|p1a: Garchomp|Spikes|p2a: Blissey
|-sidestart|p2: claudechamp|Spikes
|move|p2a: Blissey|Calm Mind|p2a: Blissey
|-boost|p2a: Blissey|spa|1
|-boost|p2a: Blissey|spd|1
|
|upkeep
|turn|25
|
|t:|1779903039
|move|p1a: Garchomp|Spikes|p2a: Blissey
|-sidestart|p2: claudechamp|Spikes
|move|p2a: Blissey|Calm Mind|p2a: Blissey
|-boost|p2a: Blissey|spa|1
|-boost|p2a: Blissey|spd|1
|
|upkeep
|turn|26
|
|t:|1779903049
|move|p2a: Blissey|Soft-Boiled|p2a: Blissey
|-heal|p2a: Blissey|100/100
|move|p1a: Garchomp|Dragon Tail|p2a: Blissey
|-damage|p2a: Blissey|75/100
|drag|p2a: Skarmory|Skarmory, M|72/100 brn
|
|-damage|p2a: Skarmory|66/100 brn|[from] brn
|upkeep
|turn|27
|
|t:|1779903058
|move|p2a: Skarmory|Roost|p2a: Skarmory
|-heal|p2a: Skarmory|100/100 brn
|-singleturn|p2a: Skarmory|move: Roost
|move|p1a: Garchomp|Dragon Tail|p2a: Skarmory
|-resisted|p2a: Skarmory
|-damage|p2a: Skarmory|93/100 brn
|drag|p2a: Blissey|Blissey, F|75/100
|
|upkeep
|turn|28
|
|t:|1779903070
|move|p2a: Blissey|Soft-Boiled|p2a: Blissey
|-heal|p2a: Blissey|100/100
|move|p1a: Garchomp|Dragon Tail|p2a: Blissey
|-damage|p2a: Blissey|72/100
|drag|p2a: Pecharunt|Pecharunt|100/100
|
|upkeep
|turn|29
|
|t:|1779903080
|move|p1a: Garchomp|Earthquake|p2a: Pecharunt
|-supereffective|p2a: Pecharunt
|-damage|p2a: Pecharunt|56/100
|move|p2a: Pecharunt|Parting Shot|p1a: Garchomp
|-unboost|p1a: Garchomp|atk|1
|-unboost|p1a: Garchomp|spa|1
|
|t:|1779903085
|switch|p2a: Blissey|Blissey, F|72/100|[from] Parting Shot
|
|upkeep
|turn|30
|
|t:|1779903097
|switch|p1a: Alomomola|Alomomola, F|100/100
|-damage|p1a: Alomomola|88/100|[from] Stealth Rock
|move|p2a: Blissey|Soft-Boiled|p2a: Blissey
|-heal|p2a: Blissey|100/100
|
|upkeep
|turn|31
|inactive|prince_georgi has 120 seconds left.
|inactive|prince_georgi has 90 seconds left.
|
|t:|1779903170
|switch|p2a: Pecharunt|Pecharunt|56/100
|move|p1a: Alomomola|Flip Turn|p2a: Pecharunt
|-damage|p2a: Pecharunt|48/100
|inactive|prince_georgi has 60 seconds left.
|
|t:|1779903216
|switch|p1a: Ogerpon|Ogerpon, F|15/100|[from] Flip Turn
|-damage|p1a: Ogerpon|3/100|[from] Stealth Rock
|
|upkeep
|turn|32
|
|t:|1779903223
|move|p1a: Ogerpon|Knock Off|p2a: Pecharunt
|-supereffective|p2a: Pecharunt
|-damage|p2a: Pecharunt|18/100
|-enditem|p2a: Pecharunt|Heavy-Duty Boots|[from] move: Knock Off|[of] p1a: Ogerpon
|move|p2a: Pecharunt|Recover|p2a: Pecharunt
|-heal|p2a: Pecharunt|68/100
|
|upkeep
|turn|33
|
|t:|1779903242
|switch|p1a: Corviknight|Corviknight, F|100/100
|-damage|p1a: Corviknight|88/100|[from] Stealth Rock
|-ability|p1a: Corviknight|Pressure
|move|p2a: Pecharunt|Shadow Ball|p1a: Corviknight
|-damage|p1a: Corviknight|70/100
|
|-heal|p1a: Corviknight|76/100|[from] item: Leftovers
|upkeep
|turn|34
|
|t:|1779903258
|move|p2a: Pecharunt|Shadow Ball|p1a: Corviknight
|-damage|p1a: Corviknight|59/100
|move|p1a: Corviknight|Defog|p2a: Pecharunt
|-unboost|p2a: Pecharunt|evasion|1
|-sideend|p2: claudechamp|Spikes|[from] move: Defog|[of] p1a: Corviknight
|-sideend|p2: claudechamp|Stealth Rock|[from] move: Defog|[of] p1a: Corviknight
|-sideend|p1: prince_georgi|Stealth Rock|[from] move: Defog|[of] p1a: Corviknight
|
|-heal|p1a: Corviknight|65/100|[from] item: Leftovers
|upkeep
|turn|35
|inactive|prince_georgi has 30 seconds left.
|inactive|prince_georgi has 20 seconds left.
|inactive|prince_georgi has 15 seconds left.
|inactive|prince_georgi has 10 seconds left.
|
|t:|1779903301
|move|p2a: Pecharunt|Recover|p2a: Pecharunt
|-heal|p2a: Pecharunt|100/100
|move|p1a: Corviknight|Roost|p1a: Corviknight
|-heal|p1a: Corviknight|100/100
|-singleturn|p1a: Corviknight|move: Roost
|
|upkeep
|turn|36
|inactive|prince_georgi has 20 seconds left this turn.
|inactive|prince_georgi has 15 seconds left.
|
|t:|1779903309
|move|p2a: Pecharunt|Shadow Ball|p1a: Corviknight
|-damage|p1a: Corviknight|82/100
|move|p1a: Corviknight|U-turn|p2a: Pecharunt
|-resisted|p2a: Pecharunt
|-damage|p2a: Pecharunt|99/100
|inactive|prince_georgi has 20 seconds left this turn.
|inactive|prince_georgi has 15 seconds left.
|
|t:|1779903315
|switch|p1a: Alomomola|Alomomola, F|100/100|[from] U-turn
|
|upkeep
|turn|37
|inactive|prince_georgi has 25 seconds left this turn.
|inactive|prince_georgi has 20 seconds left.
|
|t:|1779903326
|move|p1a: Alomomola|Aqua Jet|p2a: Pecharunt
|-damage|p2a: Pecharunt|93/100
|move|p2a: Pecharunt|Parting Shot|p1a: Alomomola
|-unboost|p1a: Alomomola|atk|1
|-unboost|p1a: Alomomola|spa|1
|
|t:|1779903339
|switch|p2a: Blissey|Blissey, F|100/100|[from] Parting Shot
|
|upkeep
|turn|38
|inactive|prince_georgi has 30 seconds left.
|inactive|prince_georgi has 20 seconds left.
|
|t:|1779903357
|move|p1a: Alomomola|Aqua Jet|p2a: Blissey
|-damage|p2a: Blissey|93/100
|move|p2a: Blissey|Stealth Rock|p1a: Alomomola
|-sidestart|p1: prince_georgi|move: Stealth Rock
|
|upkeep
|turn|39
|inactive|prince_georgi has 30 seconds left this turn.
|
|t:|1779903372
|move|p2a: Blissey|Shadow Ball|p1a: Alomomola
|-damage|p1a: Alomomola|93/100
|move|p1a: Alomomola|Body Slam|p2a: Blissey
|-damage|p2a: Blissey|83/100
|-status|p2a: Blissey|par
|
|upkeep
|turn|40
|inactive|prince_georgi has 30 seconds left.
|
|t:|1779903386
|-curestatus|p2a: Blissey|par|[from] ability: Natural Cure|[silent]
|switch|p2a: Pecharunt|Pecharunt|93/100
|move|p1a: Alomomola|Body Slam|p2a: Pecharunt
|-immune|p2a: Pecharunt
|
|upkeep
|turn|41
|inactive|prince_georgi has 30 seconds left.
|
|t:|1779903400
|move|p2a: Pecharunt|Parting Shot|p1a: Alomomola
|-unboost|p1a: Alomomola|atk|1
|-unboost|p1a: Alomomola|spa|1
|inactive|claudechamp has 120 seconds left.
|
|t:|1779903415
|switch|p2a: Blissey|Blissey, F|83/100|[from] Parting Shot
|move|p1a: Alomomola|Mirror Coat||[still]
|-fail|p1a: Alomomola
|
|upkeep
|turn|42
|inactive|claudechamp has 120 seconds left.
|
|t:|1779903430
|move|p2a: Blissey|Soft-Boiled|p2a: Blissey
|-heal|p2a: Blissey|100/100
|move|p1a: Alomomola|Flip Turn|p2a: Blissey
|-damage|p2a: Blissey|91/100
|
|t:|1779903436
|switch|p1a: Corviknight|Corviknight, F|82/100|[from] Flip Turn
|-damage|p1a: Corviknight|70/100|[from] Stealth Rock
|-ability|p1a: Corviknight|Pressure
|
|-heal|p1a: Corviknight|76/100|[from] item: Leftovers
|upkeep
|turn|43
|inactive|claudechamp has 120 seconds left.
|
|t:|1779903456
|move|p1a: Corviknight|Defog|p2a: Blissey
|-unboost|p2a: Blissey|evasion|1
|-sideend|p1: prince_georgi|Stealth Rock|[from] move: Defog|[of] p1a: Corviknight
|move|p2a: Blissey|Shadow Ball|p1a: Corviknight
|-damage|p1a: Corviknight|67/100
|
|-heal|p1a: Corviknight|73/100|[from] item: Leftovers
|upkeep
|turn|44
|inactive|claudechamp has 120 seconds left.
|inactive|prince_georgi has 30 seconds left.
|inactive|prince_georgi has 20 seconds left.
|inactive|prince_georgi has 15 seconds left.
|inactive|prince_georgi has 10 seconds left.
|
|t:|1779903504
|move|p1a: Corviknight|Brave Bird|p2a: Blissey
|-damage|p2a: Blissey|54/100
|-damage|p1a: Corviknight|53/100|[from] Recoil
|move|p2a: Blissey|Stealth Rock|p1a: Corviknight
|-sidestart|p1: prince_georgi|move: Stealth Rock
|
|-heal|p1a: Corviknight|59/100|[from] item: Leftovers
|upkeep
|turn|45
|inactive|prince_georgi has 20 seconds left this turn.
|inactive|prince_georgi has 15 seconds left.
|inactive|claudechamp has 120 seconds left.
|
|t:|1779903525
|-terastallize|p2a: Blissey|Dark
|move|p1a: Corviknight|Brave Bird|p2a: Blissey
|-damage|p2a: Blissey|18/100
|-damage|p1a: Corviknight|40/100|[from] Recoil
|move|p2a: Blissey|Soft-Boiled|p2a: Blissey
|-heal|p2a: Blissey|68/100
|
|-heal|p1a: Corviknight|46/100|[from] item: Leftovers
|upkeep
|turn|46
|inactive|prince_georgi has 25 seconds left this turn.
|inactive|prince_georgi has 20 seconds left.
|
|t:|1779903534
|move|p1a: Corviknight|Roost|p1a: Corviknight
|-heal|p1a: Corviknight|96/100
|-singleturn|p1a: Corviknight|move: Roost
|move|p2a: Blissey|Shadow Ball|p1a: Corviknight
|-damage|p1a: Corviknight|86/100
|
|-heal|p1a: Corviknight|93/100|[from] item: Leftovers
|upkeep
|turn|47
|inactive|prince_georgi has 30 seconds left this turn.
|
|t:|1779903556
|switch|p2a: Pecharunt|Pecharunt|93/100
|move|p1a: Corviknight|Brave Bird|p2a: Pecharunt
|-damage|p2a: Pecharunt|77/100
|-damage|p1a: Corviknight|87/100|[from] Recoil
|
|-heal|p1a: Corviknight|94/100|[from] item: Leftovers
|upkeep
|turn|48
|inactive|prince_georgi has 30 seconds left.
|inactive|prince_georgi has 20 seconds left.
|inactive|prince_georgi has 15 seconds left.
|inactive|prince_georgi has 10 seconds left.
|inactive|prince_georgi has 5 seconds left.
|-message|prince_georgi lost due to inactivity.
|
|win|claudechamp
|raw|prince_georgi's rating: 1347 &rarr; <strong>1328</strong><br />(-19 for losing)
|raw|claudechamp's rating: 1368 &rarr; <strong>1387</strong><br />(+19 for winning)
|c|☆claudechamp|gg
