|j|‽daytime_lunar
|j|☆Yung Embryo
|t:|1779842041
|gametype|singles
|player|p1|daytime_lunar|wattson|1600
|player|p2|Yung Embryo|giovanni-gen1rb|1565
|gen|9
|tier|[Gen 9] OU
|rated|
|rule|HP Percentage Mod: HP is shown in percentages
|rule|Endless Battle Clause: Forcing endless battles is banned
|rule|Species Clause: Limit one of each Pokémon
|rule|OHKO Clause: OHKO moves are banned
|rule|Evasion Items Clause: Evasion items are banned
|rule|Evasion Moves Clause: Evasion moves are banned
|rule|Evasion Abilities Clause: Evasion abilities are banned
|rule|Sleep Moves Clause: Sleep-inducing moves are banned
|clearpoke
|poke|p1|Tinkaton, F|
|poke|p1|Raging Bolt|
|poke|p1|Ogerpon, F|
|poke|p1|Moltres|
|poke|p1|Great Tusk|
|poke|p1|Pecharunt|
|poke|p2|Eiscue, M|
|poke|p2|Slowking-Galar, F|
|poke|p2|Kingambit, F|
|poke|p2|Iron Treads|
|poke|p2|Kyurem|
|poke|p2|Moltres|
|teampreview
|inactive|Battle timer is ON: inactive players will automatically lose when time's up. (requested by daytime_lunar)
|inactive|daytime_lunar has 120 seconds left.
|
|t:|1779842076
|teamsize|p1|6
|teamsize|p2|6
|start
|switch|p1a: Moltres|Moltres|100/100
|switch|p2a: Iron Treads|Iron Treads|100/100
|turn|1
|
|t:|1779842089
|-end|p2a: Iron Treads|Quark Drive|[silent]
|switch|p2a: Slowking|Slowking-Galar, F|100/100
|move|p1a: Moltres|Flamethrower|p2a: Slowking
|-damage|p2a: Slowking|80/100
|
|upkeep
|turn|2
|
|t:|1779842108
|move|p1a: Moltres|Brave Bird|p2a: Slowking
|-damage|p2a: Slowking|36/100
|-damage|p1a: Moltres|85/100|[from] Recoil
|move|p2a: Slowking|Future Sight|p1a: Moltres
|-start|p2a: Slowking|move: Future Sight
|
|upkeep
|turn|3
|
|t:|1779842112
|switch|p2a: Moltres|Moltres|100/100
|move|p1a: Moltres|U-turn|p2a: Moltres
|-resisted|p2a: Moltres
|-damage|p2a: Moltres|97/100
|
|t:|1779842115
|switch|p1a: Tinkaton|Tinkaton, F|100/100|[from] U-turn
|-item|p1a: Tinkaton|Air Balloon
|
|upkeep
|turn|4
|
|t:|1779842120
|move|p1a: Tinkaton|Thunder Wave|p2a: Moltres
|-status|p2a: Moltres|par
|move|p2a: Moltres|Flamethrower|p1a: Tinkaton
|-supereffective|p1a: Tinkaton
|-crit|p1a: Tinkaton
|-damage|p1a: Tinkaton|0 fnt
|-enditem|p1a: Tinkaton|Air Balloon
|faint|p1a: Tinkaton
|
|-hint|Future Sight did not hit because the target is fainted.
|upkeep
|
|t:|1779842127
|switch|p1a: Raging Bolt|Raging Bolt|100/100
|turn|5
|
|t:|1779842130
|switch|p2a: Iron Treads|Iron Treads|100/100
|move|p1a: Raging Bolt|Thunderbolt|p2a: Iron Treads
|-immune|p2a: Iron Treads
|
|upkeep
|turn|6
|
|t:|1779842134
|-end|p1a: Raging Bolt|Protosynthesis|[silent]
|switch|p1a: Great Tusk|Great Tusk|100/100
|move|p2a: Iron Treads|Stealth Rock|p1a: Great Tusk
|-sidestart|p1: daytime_lunar|move: Stealth Rock
|
|upkeep
|turn|7
|
|t:|1779842138
|-end|p2a: Iron Treads|Quark Drive|[silent]
|switch|p2a: Moltres|Moltres|97/100 par
|move|p1a: Great Tusk|Rapid Spin|p2a: Moltres
|-damage|p2a: Moltres|83/100 par
|-boost|p1a: Great Tusk|spe|1
|-sideend|p1: daytime_lunar|Stealth Rock|[from] move: Rapid Spin|[of] p1a: Great Tusk
|
|upkeep
|turn|8
|
|t:|1779842142
|-end|p1a: Great Tusk|Protosynthesis|[silent]
|switch|p1a: Raging Bolt|Raging Bolt|100/100
|move|p2a: Moltres|U-turn|p1a: Raging Bolt
|-damage|p1a: Raging Bolt|87/100
|
|t:|1779842148
|switch|p2a: Slowking|Slowking-Galar, F|69/100|[from] U-turn
|
|upkeep
|turn|9
|
|t:|1779842151
|move|p1a: Raging Bolt|Thunderbolt|p2a: Slowking
|-damage|p2a: Slowking|40/100
|move|p2a: Slowking|Future Sight|p1a: Raging Bolt
|-start|p2a: Slowking|move: Future Sight
|
|upkeep
|turn|10
|
|t:|1779842158
|move|p1a: Raging Bolt|Draco Meteor|p2a: Slowking
|-damage|p2a: Slowking|0 fnt
|-unboost|p1a: Raging Bolt|spa|2
|faint|p2a: Slowking
|
|upkeep
|
|t:|1779842160
|switch|p2a: Kyurem|Kyurem|100/100
|-ability|p2a: Kyurem|Pressure
|turn|11
|
|t:|1779842168
|-end|p1a: Raging Bolt|Protosynthesis|[silent]
|switch|p1a: Moltres|Moltres|85/100
|move|p2a: Kyurem|Draco Meteor|p1a: Moltres|[miss]
|-miss|p2a: Kyurem|p1a: Moltres
|
|-end|p1a: Moltres|move: Future Sight
|-damage|p1a: Moltres|39/100
|upkeep
|turn|12
|
|t:|1779842172
|move|p2a: Kyurem|Draco Meteor|p1a: Moltres
|-damage|p1a: Moltres|0 fnt
|-unboost|p2a: Kyurem|spa|2
|faint|p1a: Moltres
|
|upkeep
|
|t:|1779842175
|switch|p1a: Great Tusk|Great Tusk|100/100
|turn|13
|
|t:|1779842180
|switch|p2a: Moltres|Moltres|83/100 par
|-end|p1a: Great Tusk|Protosynthesis|[silent]
|switch|p1a: Pecharunt|Pecharunt|100/100
|
|upkeep
|turn|14
|
|t:|1779842184
|switch|p2a: Kingambit|Kingambit, F|100/100
|-activate|p2a: Kingambit|ability: Supreme Overlord
|-start|p2a: Kingambit|fallen1|[silent]
|move|p1a: Pecharunt|Shadow Ball|p2a: Kingambit
|-resisted|p2a: Kingambit
|-damage|p2a: Kingambit|86/100
|
|-heal|p2a: Kingambit|92/100|[from] item: Leftovers
|upkeep
|turn|15
|
|t:|1779842196
|move|p1a: Pecharunt|Parting Shot|p2a: Kingambit
|-unboost|p2a: Kingambit|atk|1
|-unboost|p2a: Kingambit|spa|1
|inactive|daytime_lunar has 120 seconds left.
|
|t:|1779842227
|switch|p1a: Great Tusk|Great Tusk|100/100|[from] Parting Shot
|move|p2a: Kingambit|Iron Head|p1a: Great Tusk
|-damage|p1a: Great Tusk|86/100
|
|-heal|p1a: Great Tusk|93/100|[from] item: Leftovers
|-heal|p2a: Kingambit|98/100|[from] item: Leftovers
|upkeep
|turn|16
|
|t:|1779842233
|-end|p1a: Great Tusk|Protosynthesis|[silent]
|switch|p1a: Raging Bolt|Raging Bolt|87/100
|-end|p2a: Kingambit|fallen1|[silent]
|switch|p2a: Moltres|Moltres|83/100 par
|
|upkeep
|turn|17
|
|t:|1779842239
|switch|p2a: Iron Treads|Iron Treads|100/100
|move|p1a: Raging Bolt|Volt Switch|p2a: Iron Treads
|-immune|p2a: Iron Treads
|
|upkeep
|turn|18
|
|t:|1779842245
|-end|p1a: Raging Bolt|Protosynthesis|[silent]
|switch|p1a: Great Tusk|Great Tusk|93/100
|move|p2a: Iron Treads|Knock Off|p1a: Great Tusk
|-resisted|p1a: Great Tusk
|-damage|p1a: Great Tusk|86/100
|-enditem|p1a: Great Tusk|Leftovers|[from] move: Knock Off|[of] p2a: Iron Treads
|
|upkeep
|turn|19
|
|t:|1779842250
|-end|p2a: Iron Treads|Quark Drive|[silent]
|switch|p2a: Moltres|Moltres|83/100 par
|-end|p1a: Great Tusk|Protosynthesis|[silent]
|switch|p1a: Pecharunt|Pecharunt|100/100
|
|upkeep
|turn|20
|
|t:|1779842253
|switch|p2a: Kingambit|Kingambit, F|98/100
|-activate|p2a: Kingambit|ability: Supreme Overlord
|-start|p2a: Kingambit|fallen1|[silent]
|move|p1a: Pecharunt|Parting Shot|p2a: Kingambit
|-unboost|p2a: Kingambit|atk|1
|-unboost|p2a: Kingambit|spa|1
|
|t:|1779842257
|switch|p1a: Ogerpon|Ogerpon, F|100/100|[from] Parting Shot
|
|-heal|p2a: Kingambit|100/100|[from] item: Leftovers
|upkeep
|turn|21
|
|t:|1779842266
|-end|p2a: Kingambit|fallen1|[silent]
|switch|p2a: Moltres|Moltres|83/100 par
|move|p1a: Ogerpon|Spikes|p2a: Moltres
|-sidestart|p2: Yung Embryo|Spikes
|
|upkeep
|turn|22
|
|t:|1779842288
|move|p1a: Ogerpon|Spikes|p2a: Moltres
|-sidestart|p2: Yung Embryo|Spikes
|move|p2a: Moltres|U-turn|p1a: Ogerpon
|-supereffective|p1a: Ogerpon
|-damage|p1a: Ogerpon|61/100
|
|t:|1779842292
|switch|p2a: Iron Treads|Iron Treads|100/100|[from] U-turn
|-damage|p2a: Iron Treads|84/100|[from] Spikes
|
|-heal|p2a: Iron Treads|90/100|[from] item: Leftovers
|upkeep
|turn|23
|
|t:|1779842295
|move|p1a: Ogerpon|U-turn|p2a: Iron Treads
|-resisted|p2a: Iron Treads
|-damage|p2a: Iron Treads|79/100
|
|t:|1779842297
|switch|p1a: Pecharunt|Pecharunt|100/100|[from] U-turn
|move|p2a: Iron Treads|Stealth Rock|p1a: Pecharunt
|-sidestart|p1: daytime_lunar|move: Stealth Rock
|
|-heal|p2a: Iron Treads|85/100|[from] item: Leftovers
|upkeep
|turn|24
|
|t:|1779842300
|move|p2a: Iron Treads|Earthquake|p1a: Pecharunt
|-supereffective|p1a: Pecharunt
|-damage|p1a: Pecharunt|42/100
|move|p1a: Pecharunt|Shadow Ball|p2a: Iron Treads
|-damage|p2a: Iron Treads|52/100
|
|-heal|p2a: Iron Treads|58/100|[from] item: Leftovers
|upkeep
|turn|25
|
|t:|1779842306
|switch|p1a: Ogerpon|Ogerpon, F|61/100
|move|p2a: Iron Treads|Earthquake|p1a: Ogerpon
|-resisted|p1a: Ogerpon
|-damage|p1a: Ogerpon|32/100
|
|-heal|p2a: Iron Treads|64/100|[from] item: Leftovers
|upkeep
|turn|26
|
|t:|1779842308
|-end|p2a: Iron Treads|Quark Drive|[silent]
|switch|p2a: Moltres|Moltres|83/100 par
|-terastallize|p1a: Ogerpon|Grass
|detailschange|p1a: Ogerpon|Ogerpon-Teal-Tera, F, tera:Grass
|-ability|p1a: Ogerpon|Embody Aspect (Teal)|boost
|-boost|p1a: Ogerpon|spe|1
|move|p1a: Ogerpon|Ivy Cudgel|p2a: Moltres
|-resisted|p2a: Moltres
|-crit|p2a: Moltres
|-damage|p2a: Moltres|60/100 par
|
|upkeep
|turn|27
|
|t:|1779842312
|switch|p1a: Pecharunt|Pecharunt|42/100
|move|p2a: Moltres|U-turn|p1a: Pecharunt
|-resisted|p1a: Pecharunt
|-crit|p1a: Pecharunt
|-damage|p1a: Pecharunt|38/100
|
|t:|1779842314
|switch|p2a: Iron Treads|Iron Treads|64/100|[from] U-turn
|-damage|p2a: Iron Treads|48/100|[from] Spikes
|
|-heal|p2a: Iron Treads|54/100|[from] item: Leftovers
|upkeep
|turn|28
|
|t:|1779842317
|switch|p1a: Ogerpon|Ogerpon-Teal-Tera, F, tera:Grass|32/100
|-ability|p1a: Ogerpon|Embody Aspect (Teal)|boost
|-boost|p1a: Ogerpon|spe|1
|move|p2a: Iron Treads|Earthquake|p1a: Ogerpon
|-resisted|p1a: Ogerpon
|-damage|p1a: Ogerpon|2/100
|
|-heal|p2a: Iron Treads|60/100|[from] item: Leftovers
|upkeep
|turn|29
|
|t:|1779842321
|-end|p2a: Iron Treads|Quark Drive|[silent]
|switch|p2a: Moltres|Moltres|60/100 par
|move|p1a: Ogerpon|Ivy Cudgel|p2a: Moltres
|-resisted|p2a: Moltres
|-damage|p2a: Moltres|44/100 par
|
|upkeep
|turn|30
|
|t:|1779842325
|move|p1a: Ogerpon|Knock Off|p2a: Moltres
|-damage|p2a: Moltres|10/100 par
|-enditem|p2a: Moltres|Heavy-Duty Boots|[from] move: Knock Off|[of] p1a: Ogerpon
|move|p2a: Moltres|Roost|p2a: Moltres
|-heal|p2a: Moltres|60/100 par
|-singleturn|p2a: Moltres|move: Roost
|
|upkeep
|turn|31
|
|t:|1779842330
|move|p1a: Ogerpon|Spikes|p2a: Moltres
|-sidestart|p2: Yung Embryo|Spikes
|move|p2a: Moltres|Roost|p2a: Moltres
|-heal|p2a: Moltres|100/100 par
|-singleturn|p2a: Moltres|move: Roost
|
|upkeep
|turn|32
|
|t:|1779842333
|move|p1a: Ogerpon|U-turn|p2a: Moltres
|-resisted|p2a: Moltres
|-damage|p2a: Moltres|95/100 par
|
|t:|1779842336
|switch|p1a: Great Tusk|Great Tusk|86/100|[from] U-turn
|-damage|p1a: Great Tusk|83/100|[from] Stealth Rock
|cant|p2a: Moltres|par
|
|upkeep
|turn|33
|
|t:|1779842353
|switch|p2a: Kyurem|Kyurem|100/100
|-damage|p2a: Kyurem|76/100|[from] Spikes
|-ability|p2a: Kyurem|Pressure
|move|p1a: Great Tusk|Rapid Spin|p2a: Kyurem
|-damage|p2a: Kyurem|63/100
|-boost|p1a: Great Tusk|spe|1
|-sideend|p1: daytime_lunar|Stealth Rock|[from] move: Rapid Spin|[of] p1a: Great Tusk
|
|upkeep
|turn|34
|
|t:|1779842358
|move|p2a: Kyurem|Freeze-Dry|p1a: Great Tusk
|-supereffective|p1a: Great Tusk
|-crit|p1a: Great Tusk
|-damage|p1a: Great Tusk|0 fnt
|faint|p1a: Great Tusk
|-end|p1a: Great Tusk|Protosynthesis|[silent]
|
|upkeep
|
|t:|1779842361
|switch|p1a: Ogerpon|Ogerpon-Teal-Tera, F, tera:Grass|2/100
|-ability|p1a: Ogerpon|Embody Aspect (Teal)|boost
|-boost|p1a: Ogerpon|spe|1
|turn|35
|
|t:|1779842364
|switch|p2a: Moltres|Moltres|95/100 par
|move|p1a: Ogerpon|Knock Off|p2a: Moltres
|-damage|p2a: Moltres|74/100 par
|
|upkeep
|turn|36
|
|t:|1779842368
|move|p1a: Ogerpon|Ivy Cudgel|p2a: Moltres
|-resisted|p2a: Moltres
|-damage|p2a: Moltres|57/100 par
|move|p2a: Moltres|U-turn|p1a: Ogerpon
|-supereffective|p1a: Ogerpon
|-damage|p1a: Ogerpon|0 fnt
|faint|p1a: Ogerpon
|detailschange|p1: Ogerpon|Ogerpon, F|[silent]
|
|t:|1779842372
|switch|p2a: Iron Treads|Iron Treads|60/100|[from] U-turn
|-damage|p2a: Iron Treads|35/100|[from] Spikes
|
|-heal|p2a: Iron Treads|41/100|[from] item: Leftovers
|upkeep
|l|‽daytime_lunar
|inactive|daytime_lunar disconnected and has a minute to reconnect!
|player|p1|
|inactive|daytime_lunar has 30 seconds to reconnect!
|inactive|daytime_lunar has 20 seconds to reconnect!
|inactive|daytime_lunar has 15 seconds to reconnect!
|inactive|daytime_lunar has 10 seconds to reconnect!
|inactive|daytime_lunar has 5 seconds to reconnect!
|j| rexa2
|-message|daytime_lunar lost due to inactivity.
|
|win|Yung Embryo
|raw|daytime_lunar's rating: 1600 &rarr; <strong>1578</strong><br />(-22 for losing)
|raw|Yung Embryo's rating: 1565 &rarr; <strong>1587</strong><br />(+22 for winning)
|l| rexa2
|j| rexa2
|l|☆Yung Embryo
|player|p2|
