|j|☆gooseyj
|j|☆wiigocadee
|t:|1779956506
|gametype|singles
|player|p1|gooseyj|iris-gen5bw2|1301
|player|p2|wiigocadee|170|1330
|gen|9
|tier|[Gen 9] OU
|rated|
|rule|HP Percentage Mod: HP is shown in percentages
|rule|Endless Battle Clause: Forcing endless battles is banned
|rule|Species Clause: Limit one of each Pokémon
|rule|OHKO Clause: OHKO moves are banned
|rule|Evasion Items Clause: Evasion items are banned
|rule|Evasion Moves Clause: Evasion moves are banned
|rule|Evasion Abilities Clause: Evasion abilities are banned
|rule|Sleep Moves Clause: Sleep-inducing moves are banned
|clearpoke
|poke|p1|Ribombee, F|
|poke|p1|Cinderace, F|
|poke|p1|Gholdengo|
|poke|p1|Kilowattrel, M|
|poke|p1|Ogerpon-Wellspring, F|
|poke|p1|Kyurem|
|poke|p2|Hoopa-Unbound|
|poke|p2|Hatterene, F|
|poke|p2|Ursaluna, M|
|poke|p2|Slowking, M|
|poke|p2|Porygon2|
|poke|p2|Mimikyu, F|
|teampreview
|inactive|Battle timer is ON: inactive players will automatically lose when time's up. (requested by gooseyj)
|
|t:|1779956521
|teamsize|p1|6
|teamsize|p2|6
|start
|switch|p1a: Kilowattrel|Kilowattrel, M|100/100
|switch|p2a: Slowking|Slowking, M|100/100
|turn|1
|
|t:|1779956538
|switch|p2a: Ursaluna|Ursaluna, M|100/100
|move|p1a: Kilowattrel|Substitute|p1a: Kilowattrel
|-start|p1a: Kilowattrel|Substitute
|-damage|p1a: Kilowattrel|76/100
|
|upkeep
|turn|2
|
|t:|1779956543
|move|p1a: Kilowattrel|Air Slash|p2a: Ursaluna
|-damage|p2a: Ursaluna|70/100
|move|p2a: Ursaluna|Body Slam|p1a: Kilowattrel
|-end|p1a: Kilowattrel|Substitute
|
|-heal|p2a: Ursaluna|76/100|[from] item: Leftovers
|upkeep
|turn|3
|
|t:|1779956565
|switch|p1a: Gholdengo|Gholdengo|100/100
|move|p2a: Ursaluna|Body Slam|p1a: Gholdengo
|-immune|p1a: Gholdengo
|
|-heal|p2a: Ursaluna|82/100|[from] item: Leftovers
|upkeep
|turn|4
|
|t:|1779956573
|switch|p2a: Slowking|Slowking, M|100/100
|move|p1a: Gholdengo|Make It Rain|p2a: Slowking
|-resisted|p2a: Slowking
|-damage|p2a: Slowking|76/100
|-unboost|p1a: Gholdengo|spa|1
|
|upkeep
|turn|5
|
|t:|1779956584
|switch|p1a: Ogerpon|Ogerpon-Wellspring, F|100/100
|move|p2a: Slowking|Light Screen|p2a: Slowking
|-sidestart|p2: wiigocadee|move: Light Screen
|
|upkeep
|turn|6
|inactive|wiigocadee has 120 seconds left.
|
|t:|1779956617
|move|p1a: Ogerpon|Swords Dance|p1a: Ogerpon
|-boost|p1a: Ogerpon|atk|2
|move|p2a: Slowking|Reflect|p2a: Slowking
|-sidestart|p2: wiigocadee|Reflect
|
|upkeep
|turn|7
|
|t:|1779956627
|move|p1a: Ogerpon|Horn Leech|p2a: Slowking
|-supereffective|p2a: Slowking
|-damage|p2a: Slowking|7/100
|move|p2a: Slowking|Thunder Wave|p1a: Ogerpon
|-status|p1a: Ogerpon|par
|
|upkeep
|turn|8
|inactive|wiigocadee has 120 seconds left.
|
|t:|1779956648
|switch|p2a: Ursaluna|Ursaluna, M|82/100
|cant|p1a: Ogerpon|par
|
|-heal|p2a: Ursaluna|88/100|[from] item: Leftovers
|upkeep
|turn|9
|
|t:|1779956656
|-terastallize|p2a: Ursaluna|Grass
|move|p2a: Ursaluna|Bulk Up|p2a: Ursaluna
|-boost|p2a: Ursaluna|atk|1
|-boost|p2a: Ursaluna|def|1
|move|p1a: Ogerpon|Horn Leech|p2a: Ursaluna
|-resisted|p2a: Ursaluna
|-damage|p2a: Ursaluna|77/100
|
|-heal|p2a: Ursaluna|83/100|[from] item: Leftovers
|upkeep
|turn|10
|
|t:|1779956681
|switch|p1a: Gholdengo|Gholdengo|100/100
|move|p2a: Ursaluna|Bulk Up|p2a: Ursaluna
|-boost|p2a: Ursaluna|atk|1
|-boost|p2a: Ursaluna|def|1
|
|-heal|p2a: Ursaluna|89/100|[from] item: Leftovers
|upkeep
|turn|11
|
|t:|1779956691
|move|p1a: Gholdengo|Trick|p2a: Ursaluna
|-activate|p1a: Gholdengo|move: Trick|[of] p2a: Ursaluna
|-item|p2a: Ursaluna|Choice Scarf|[from] move: Trick
|-item|p1a: Gholdengo|Leftovers|[from] move: Trick
|move|p2a: Ursaluna|Trailblaze|p1a: Gholdengo
|-resisted|p1a: Gholdengo
|-damage|p1a: Gholdengo|72/100
|-boost|p2a: Ursaluna|spe|1
|
|-heal|p1a: Gholdengo|78/100|[from] item: Leftovers
|upkeep
|turn|12
|inactive|gooseyj has 120 seconds left.
|
|t:|1779956712
|switch|p2a: Slowking|Slowking, M|40/100
|move|p1a: Gholdengo|Shadow Ball|p2a: Slowking
|-supereffective|p2a: Slowking
|-damage|p2a: Slowking|6/100
|
|-heal|p1a: Gholdengo|84/100|[from] item: Leftovers
|-sideend|p2: wiigocadee|move: Light Screen
|upkeep
|turn|13
|
|t:|1779956722
|switch|p2a: Hoopa|Hoopa-Unbound|100/100
|move|p1a: Gholdengo|Shadow Ball|p2a: Hoopa
|-damage|p2a: Hoopa|59/100
|
|-heal|p1a: Gholdengo|90/100|[from] item: Leftovers
|-sideend|p2: wiigocadee|Reflect
|upkeep
|turn|14
|
|t:|1779956732
|switch|p1a: Ribombee|Ribombee, F|100/100
|move|p2a: Hoopa|Hyperspace Fury|p1a: Ribombee
|-resisted|p1a: Ribombee
|-damage|p1a: Ribombee|43/100
|-unboost|p2a: Hoopa|def|1
|
|upkeep
|turn|15
|
|t:|1779956742
|move|p2a: Hoopa|Hyperspace Fury|p1a: Ribombee
|-resisted|p1a: Ribombee
|-damage|p1a: Ribombee|0 fnt
|-unboost|p2a: Hoopa|def|1
|faint|p1a: Ribombee
|
|upkeep
|
|t:|1779956760
|switch|p1a: Cinderace|Cinderace, F|100/100
|turn|16
|
|t:|1779956767
|move|p1a: Cinderace|Sucker Punch|p2a: Hoopa
|-start|p1a: Cinderace|typechange|Dark|[from] ability: Libero
|-damage|p2a: Hoopa|0 fnt
|faint|p2a: Hoopa
|
|upkeep
|
|t:|1779956772
|switch|p2a: Slowking|Slowking, M|39/100
|turn|17
|c|☆gooseyj|ur tram
|c|☆gooseyj|team*
|c|☆gooseyj|is so fucking weird
|c|☆wiigocadee|:)
|c|☆gooseyj|all sets i can’t pronouce
|c|☆wiigocadee|I speak in tongues
|inactive|gooseyj has 120 seconds left.
|
|t:|1779956809
|switch|p1a: Kilowattrel|Kilowattrel, M|76/100
|move|p2a: Slowking|Thunder Wave|p1a: Kilowattrel
|-immune|p1a: Kilowattrel
|
|upkeep
|turn|18
|inactive|gooseyj has 120 seconds left.
|
|t:|1779956832
|switch|p2a: Porygon2|Porygon2|100/100
|-ability|p2a: Porygon2|Download|boost
|-boost|p2a: Porygon2|spa|1
|move|p1a: Kilowattrel|Thunderbolt|p2a: Porygon2
|-damage|p2a: Porygon2|53/100
|
|upkeep
|turn|19
|inactive|gooseyj has 120 seconds left.
|
|t:|1779956849
|move|p1a: Kilowattrel|Substitute|p1a: Kilowattrel
|-start|p1a: Kilowattrel|Substitute
|-damage|p1a: Kilowattrel|51/100
|move|p2a: Porygon2|Agility|p2a: Porygon2
|-boost|p2a: Porygon2|spe|2
|
|upkeep
|turn|20
|
|t:|1779956858
|-terastallize|p1a: Kilowattrel|Electric
|move|p2a: Porygon2|Ice Beam|p1a: Kilowattrel
|-end|p1a: Kilowattrel|Substitute
|-damage|p2a: Porygon2|43/100|[from] item: Life Orb
|move|p1a: Kilowattrel|Thunderbolt|p2a: Porygon2
|-damage|p2a: Porygon2|0 fnt
|faint|p2a: Porygon2
|
|upkeep
|
|t:|1779956870
|switch|p2a: Mimikyu|Mimikyu, F|100/100
|turn|21
|
|t:|1779956877
|move|p1a: Kilowattrel|Volt Switch|p2a: Mimikyu
|-activate|p2a: Mimikyu|ability: Disguise
|-damage|p2a: Mimikyu|100/100
|detailschange|p2a: Mimikyu|Mimikyu-Busted, F
|-damage|p2a: Mimikyu|88/100|[from] pokemon: Mimikyu-Busted
|inactive|gooseyj has 120 seconds left.
|
|t:|1779956889
|switch|p1a: Gholdengo|Gholdengo|90/100|[from] Volt Switch
|move|p2a: Mimikyu|Play Rough|p1a: Gholdengo
|-resisted|p1a: Gholdengo
|-damage|p1a: Gholdengo|62/100
|-unboost|p1a: Gholdengo|atk|1
|-damage|p2a: Mimikyu|78/100|[from] item: Life Orb
|
|-heal|p1a: Gholdengo|68/100|[from] item: Leftovers
|upkeep
|turn|22
|inactive|gooseyj has 120 seconds left.
|
|t:|1779956901
|move|p2a: Mimikyu|Destiny Bond|p2a: Mimikyu
|-singlemove|p2a: Mimikyu|Destiny Bond
|move|p1a: Gholdengo|Make It Rain|p2a: Mimikyu
|-supereffective|p2a: Mimikyu
|-damage|p2a: Mimikyu|0 fnt
|-unboost|p1a: Gholdengo|spa|1
|faint|p2a: Mimikyu
|-activate|p2a: Mimikyu|move: Destiny Bond
|faint|p1a: Gholdengo
|
|upkeep
|inactive|gooseyj has 120 seconds left.
|
|t:|1779956913
|switch|p2a: Slowking|Slowking, M|72/100
|switch|p1a: Kilowattrel|Kilowattrel, M, tera:Electric|51/100
|turn|23
|
|t:|1779956926
|move|p1a: Kilowattrel|Thunderbolt|p2a: Slowking
|-supereffective|p2a: Slowking
|-damage|p2a: Slowking|0 fnt
|faint|p2a: Slowking
|
|upkeep
|
|t:|1779956933
|switch|p2a: Ursaluna|Ursaluna, M, tera:Grass|89/100
|turn|24
|
|t:|1779956939
|move|p1a: Kilowattrel|Air Slash|p2a: Ursaluna
|-supereffective|p2a: Ursaluna
|-damage|p2a: Ursaluna|31/100
|move|p2a: Ursaluna|Body Slam|p1a: Kilowattrel
|-damage|p1a: Kilowattrel|0 fnt
|faint|p1a: Kilowattrel
|
|upkeep
|
|t:|1779956954
|switch|p1a: Cinderace|Cinderace, F|100/100
|turn|25
|
|t:|1779956961
|move|p1a: Cinderace|Sucker Punch|p2a: Ursaluna
|-start|p1a: Cinderace|typechange|Dark|[from] ability: Libero
|-damage|p2a: Ursaluna|8/100
|move|p2a: Ursaluna|Body Slam|p1a: Cinderace
|-crit|p1a: Cinderace
|-damage|p1a: Cinderace|10/100
|
|upkeep
|turn|26
|
|t:|1779956966
|move|p1a: Cinderace|Sucker Punch|p2a: Ursaluna
|-damage|p2a: Ursaluna|0 fnt
|faint|p2a: Ursaluna
|
|upkeep
|
|t:|1779956969
|switch|p2a: Hatterene|Hatterene, F|100/100
|turn|27
|
|t:|1779956973
|move|p1a: Cinderace|Pyro Ball|p2a: Hatterene
|-damage|p2a: Hatterene|57/100
|move|p2a: Hatterene|Calm Mind|p2a: Hatterene
|-boost|p2a: Hatterene|spa|1
|-boost|p2a: Hatterene|spd|1
|
|-heal|p2a: Hatterene|63/100|[from] item: Leftovers
|upkeep
|turn|28
|
|t:|1779956979
|move|p1a: Cinderace|Pyro Ball|p2a: Hatterene
|-damage|p2a: Hatterene|24/100
|move|p2a: Hatterene|Draining Kiss|p1a: Cinderace
|-supereffective|p1a: Cinderace
|-damage|p1a: Cinderace|0 fnt
|-heal|p2a: Hatterene|31/100|[from] drain|[of] p1a: Cinderace
|faint|p1a: Cinderace
|
|-heal|p2a: Hatterene|37/100|[from] item: Leftovers
|upkeep
|
|t:|1779956984
|switch|p1a: Ogerpon|Ogerpon-Wellspring, F|100/100 par
|turn|29
|
|t:|1779956992
|cant|p1a: Ogerpon|par
|move|p2a: Hatterene|Draining Kiss|p1a: Ogerpon
|-damage|p1a: Ogerpon|60/100 par
|-heal|p2a: Hatterene|65/100|[from] drain|[of] p1a: Ogerpon
|
|-heal|p2a: Hatterene|71/100|[from] item: Leftovers
|upkeep
|turn|30
|
|t:|1779956996
|move|p1a: Ogerpon|Ivy Cudgel|p2a: Hatterene|[anim] Ivy Cudgel Water
|-damage|p2a: Hatterene|9/100
|move|p2a: Hatterene|Agility|p2a: Hatterene
|-boost|p2a: Hatterene|spe|2
|
|-heal|p2a: Hatterene|15/100|[from] item: Leftovers
|upkeep
|turn|31
|
|t:|1779957002
|move|p2a: Hatterene|Draining Kiss|p1a: Ogerpon
|-damage|p1a: Ogerpon|21/100 par
|-heal|p2a: Hatterene|43/100|[from] drain|[of] p1a: Ogerpon
|move|p1a: Ogerpon|Ivy Cudgel|p2a: Hatterene|[anim] Ivy Cudgel Water
|-crit|p2a: Hatterene
|-damage|p2a: Hatterene|0 fnt
|faint|p2a: Hatterene
|
|win|gooseyj
|raw|gooseyj's rating: 1301 &rarr; <strong>1323</strong><br />(+22 for winning)
|raw|wiigocadee's rating: 1330 &rarr; <strong>1308</strong><br />(-22 for losing)
|l|☆wiigocadee
|player|p2|
|l|☆gooseyj
|player|p1|
