|j|☆riarley
|j|☆berryguy
|t:|1779917112
|gametype|singles
|player|p1|riarley|169|1292
|player|p2|berryguy|2|1344
|gen|9
|tier|[Gen 9] OU
|rated|
|rule|HP Percentage Mod: HP is shown in percentages
|rule|Endless Battle Clause: Forcing endless battles is banned
|rule|Species Clause: Limit one of each Pokémon
|rule|OHKO Clause: OHKO moves are banned
|rule|Evasion Items Clause: Evasion items are banned
|rule|Evasion Moves Clause: Evasion moves are banned
|rule|Evasion Abilities Clause: Evasion abilities are banned
|rule|Sleep Moves Clause: Sleep-inducing moves are banned
|clearpoke
|poke|p1|Corviknight, F|
|poke|p1|Slowking-Galar, M|
|poke|p1|Blissey, F|
|poke|p1|Dondozo, F|
|poke|p1|Kyurem|
|poke|p1|Great Tusk|
|poke|p2|Rillaboom, F|
|poke|p2|Ogerpon, F|
|poke|p2|Heatran, M|
|poke|p2|Hawlucha, M|
|poke|p2|Serperior, F|
|poke|p2|Hatterene, F|
|teampreview
|
|t:|1779917119
|teamsize|p1|6
|teamsize|p2|6
|start
|switch|p1a: Kyurem|Kyurem|100/100
|switch|p2a: Rillaboom|Rillaboom, F|100/100
|-ability|p1a: Kyurem|Pressure
|-fieldstart|move: Grassy Terrain|[from] ability: Grassy Surge|[of] p2a: Rillaboom
|turn|1
|
|t:|1779917130
|switch|p2a: Heatran|Heatran, M|100/100
|-item|p2a: Heatran|Air Balloon
|move|p1a: Kyurem|Earth Power|p2a: Heatran
|-immune|p2a: Heatran
|
|upkeep
|turn|2
|
|t:|1779917138
|switch|p1a: Slowking|Slowking-Galar, M|100/100
|move|p2a: Heatran|Stealth Rock|p1a: Slowking
|-sidestart|p1: riarley|move: Stealth Rock
|
|upkeep
|turn|3
|
|t:|1779917167
|move|p2a: Heatran|Earth Power|p1a: Slowking
|-supereffective|p1a: Slowking
|-damage|p1a: Slowking|63/100
|-prepare|p1a: Slowking|Chilly Reception|[premajor]
|move|p1a: Slowking|Chilly Reception|p1a: Slowking
|-weather|Snowscape
|
|t:|1779917172
|switch|p1a: Dondozo|Dondozo, F|100/100|[from] Chilly Reception
|-damage|p1a: Dondozo|88/100|[from] Stealth Rock
|
|-weather|Snowscape|[upkeep]
|-heal|p1a: Dondozo|94/100|[from] Grassy Terrain
|-heal|p1a: Dondozo|99/100|[from] item: Leftovers
|upkeep
|turn|4
|
|t:|1779917179
|switch|p2a: Serperior|Serperior, F|100/100
|move|p1a: Dondozo|Waterfall|p2a: Serperior
|-resisted|p2a: Serperior
|-damage|p2a: Serperior|85/100
|
|-weather|Snowscape|[upkeep]
|-heal|p2a: Serperior|91/100|[from] Grassy Terrain
|-heal|p1a: Dondozo|100/100|[from] Grassy Terrain
|upkeep
|turn|5
|
|t:|1779917184
|switch|p1a: Blissey|Blissey, F|100/100
|move|p2a: Serperior|Leaf Storm|p1a: Blissey|[miss]
|-miss|p2a: Serperior|p1a: Blissey
|
|-weather|Snowscape|[upkeep]
|-heal|p2a: Serperior|97/100|[from] Grassy Terrain
|upkeep
|turn|6
|
|t:|1779917193
|switch|p2a: Hatterene|Hatterene, F|100/100
|-enditem|p2a: Hatterene|Grassy Seed
|-boost|p2a: Hatterene|def|1|[from] item: Grassy Seed
|switch|p1a: Corviknight|Corviknight, F|100/100
|-damage|p1a: Corviknight|88/100|[from] Stealth Rock
|-ability|p1a: Corviknight|Pressure
|
|-weather|Snowscape|[upkeep]
|upkeep
|turn|7
|
|t:|1779917202
|move|p1a: Corviknight|U-turn|p2a: Hatterene
|-damage|p2a: Hatterene|90/100
|
|t:|1779917205
|switch|p1a: Slowking|Slowking-Galar, M|97/100|[from] U-turn
|move|p2a: Hatterene|Calm Mind|p2a: Hatterene
|-boost|p2a: Hatterene|spa|1
|-boost|p2a: Hatterene|spd|1
|
|-weather|none
|-heal|p2a: Hatterene|96/100|[from] Grassy Terrain
|-heal|p1a: Slowking|100/100|[from] Grassy Terrain
|upkeep
|turn|8
|
|t:|1779917215
|move|p2a: Hatterene|Calm Mind|p2a: Hatterene
|-boost|p2a: Hatterene|spa|1
|-boost|p2a: Hatterene|spd|1
|move|p1a: Slowking|Toxic|p2a: Hatterene
|move|p2a: Hatterene|Toxic|p1a: Slowking|[from] ability: Magic Bounce
|-immune|p1a: Slowking
|
|-heal|p2a: Hatterene|100/100|[from] Grassy Terrain
|-fieldend|move: Grassy Terrain
|upkeep
|turn|9
|
|t:|1779917224
|switch|p1a: Blissey|Blissey, F|100/100
|move|p2a: Hatterene|Agility|p2a: Hatterene
|-boost|p2a: Hatterene|spe|2
|
|upkeep
|turn|10
|
|t:|1779917229
|move|p2a: Hatterene|Calm Mind|p2a: Hatterene
|-boost|p2a: Hatterene|spa|1
|-boost|p2a: Hatterene|spd|1
|move|p1a: Blissey|Calm Mind|p1a: Blissey
|-boost|p1a: Blissey|spa|1
|-boost|p1a: Blissey|spd|1
|
|upkeep
|turn|11
|
|t:|1779917232
|move|p2a: Hatterene|Stored Power|p1a: Blissey
|-damage|p1a: Blissey|49/100
|move|p1a: Blissey|Calm Mind|p1a: Blissey
|-boost|p1a: Blissey|spa|1
|-boost|p1a: Blissey|spd|1
|
|upkeep
|turn|12
|
|t:|1779917237
|move|p2a: Hatterene|Calm Mind|p2a: Hatterene
|-boost|p2a: Hatterene|spa|1
|-boost|p2a: Hatterene|spd|1
|move|p1a: Blissey|Soft-Boiled|p1a: Blissey
|-heal|p1a: Blissey|99/100
|
|upkeep
|turn|13
|
|t:|1779917239
|move|p2a: Hatterene|Calm Mind|p2a: Hatterene
|-boost|p2a: Hatterene|spa|1
|-boost|p2a: Hatterene|spd|1
|move|p1a: Blissey|Calm Mind|p1a: Blissey
|-boost|p1a: Blissey|spa|1
|-boost|p1a: Blissey|spd|1
|
|upkeep
|turn|14
|
|t:|1779917241
|move|p2a: Hatterene|Calm Mind|p2a: Hatterene
|-boost|p2a: Hatterene|spa|1
|-boost|p2a: Hatterene|spd|1
|move|p1a: Blissey|Calm Mind|p1a: Blissey
|-boost|p1a: Blissey|spa|1
|-boost|p1a: Blissey|spd|1
|
|upkeep
|turn|15
|
|t:|1779917243
|move|p2a: Hatterene|Agility|p2a: Hatterene
|-boost|p2a: Hatterene|spe|2
|move|p1a: Blissey|Calm Mind|p1a: Blissey
|-boost|p1a: Blissey|spa|1
|-boost|p1a: Blissey|spd|1
|
|upkeep
|turn|16
|
|t:|1779917245
|move|p2a: Hatterene|Agility|p2a: Hatterene
|-boost|p2a: Hatterene|spe|2
|move|p1a: Blissey|Calm Mind|p1a: Blissey
|-boost|p1a: Blissey|spa|1
|-boost|p1a: Blissey|spd|1
|
|upkeep
|turn|17
|
|t:|1779917248
|move|p2a: Hatterene|Stored Power|p1a: Blissey
|-damage|p1a: Blissey|31/100
|move|p1a: Blissey|Seismic Toss|p2a: Hatterene
|-damage|p2a: Hatterene|69/100
|
|upkeep
|turn|18
|
|t:|1779917259
|-terastallize|p1a: Blissey|Dark
|move|p2a: Hatterene|Stored Power|p1a: Blissey
|-immune|p1a: Blissey
|move|p1a: Blissey|Soft-Boiled|p1a: Blissey
|-heal|p1a: Blissey|81/100
|
|upkeep
|turn|19
|
|t:|1779917266
|move|p2a: Hatterene|Draining Kiss|p1a: Blissey
|-supereffective|p1a: Blissey
|-damage|p1a: Blissey|64/100
|-heal|p2a: Hatterene|98/100|[from] drain|[of] p1a: Blissey
|move|p1a: Blissey|Seismic Toss|p2a: Hatterene
|-damage|p2a: Hatterene|67/100
|
|upkeep
|turn|20
|
|t:|1779917270
|move|p2a: Hatterene|Draining Kiss|p1a: Blissey
|-supereffective|p1a: Blissey
|-damage|p1a: Blissey|46/100
|-heal|p2a: Hatterene|96/100|[from] drain|[of] p1a: Blissey
|move|p1a: Blissey|Seismic Toss|p2a: Hatterene
|-damage|p2a: Hatterene|65/100
|
|upkeep
|turn|21
|
|t:|1779917273
|move|p2a: Hatterene|Draining Kiss|p1a: Blissey
|-supereffective|p1a: Blissey
|-damage|p1a: Blissey|27/100
|-heal|p2a: Hatterene|96/100|[from] drain|[of] p1a: Blissey
|move|p1a: Blissey|Soft-Boiled|p1a: Blissey
|-heal|p1a: Blissey|77/100
|
|upkeep
|turn|22
|
|t:|1779917289
|switch|p2a: Rillaboom|Rillaboom, F|100/100
|-fieldstart|move: Grassy Terrain|[from] ability: Grassy Surge|[of] p2a: Rillaboom
|move|p1a: Blissey|Stealth Rock|p2a: Rillaboom
|-sidestart|p2: berryguy|move: Stealth Rock
|
|-heal|p1a: Blissey|84/100|[from] Grassy Terrain
|upkeep
|turn|23
|
|t:|1779917294
|switch|p1a: Corviknight|Corviknight, F|88/100
|-damage|p1a: Corviknight|75/100|[from] Stealth Rock
|-ability|p1a: Corviknight|Pressure
|move|p2a: Rillaboom|U-turn|p1a: Corviknight
|-resisted|p1a: Corviknight
|-damage|p1a: Corviknight|73/100
|-damage|p2a: Rillaboom|84/100|[from] item: Rocky Helmet|[of] p1a: Corviknight
|
|t:|1779917313
|switch|p2a: Heatran|Heatran, M|100/100|[from] U-turn
|-damage|p2a: Heatran|88/100|[from] Stealth Rock
|-item|p2a: Heatran|Air Balloon
|
|upkeep
|turn|24
|
|t:|1779917320
|switch|p1a: Slowking|Slowking-Galar, M|100/100
|move|p2a: Heatran|Magma Storm|p1a: Slowking|[miss]
|-miss|p2a: Heatran|p1a: Slowking
|
|upkeep
|turn|25
|
|t:|1779917325
|move|p2a: Heatran|Taunt|p1a: Slowking
|-start|p1a: Slowking|move: Taunt
|-prepare|p1a: Slowking|Chilly Reception|[premajor]
|cant|p1a: Slowking|move: Taunt|Chilly Reception
|
|upkeep
|turn|26
|
|t:|1779917333
|switch|p1a: Corviknight|Corviknight, F|73/100
|-damage|p1a: Corviknight|60/100|[from] Stealth Rock
|-ability|p1a: Corviknight|Pressure
|move|p2a: Heatran|Magma Storm|p1a: Corviknight
|-supereffective|p1a: Corviknight
|-damage|p1a: Corviknight|0 fnt
|faint|p1a: Corviknight
|
|upkeep
|
|t:|1779917339
|switch|p1a: Dondozo|Dondozo, F|100/100
|-damage|p1a: Dondozo|88/100|[from] Stealth Rock
|turn|27
|
|t:|1779917344
|switch|p2a: Serperior|Serperior, F|97/100
|-damage|p2a: Serperior|85/100|[from] Stealth Rock
|switch|p1a: Kyurem|Kyurem|100/100
|-damage|p1a: Kyurem|75/100|[from] Stealth Rock
|-ability|p1a: Kyurem|Pressure
|
|-heal|p2a: Serperior|91/100|[from] Grassy Terrain
|-heal|p1a: Kyurem|82/100|[from] Grassy Terrain
|upkeep
|turn|28
|
|t:|1779917351
|switch|p2a: Heatran|Heatran, M|88/100
|-damage|p2a: Heatran|76/100|[from] Stealth Rock
|-item|p2a: Heatran|Air Balloon
|move|p1a: Kyurem|Ice Beam|p2a: Heatran
|-resisted|p2a: Heatran
|-damage|p2a: Heatran|59/100
|-status|p2a: Heatran|frz
|-enditem|p2a: Heatran|Air Balloon
|
|-heal|p1a: Kyurem|88/100|[from] Grassy Terrain
|-heal|p2a: Heatran|65/100 frz|[from] Grassy Terrain
|upkeep
|turn|29
|
|t:|1779917356
|move|p1a: Kyurem|Ice Beam|p2a: Heatran
|-resisted|p2a: Heatran
|-damage|p2a: Heatran|47/100 frz
|cant|p2a: Heatran|frz
|
|-heal|p1a: Kyurem|94/100|[from] Grassy Terrain
|-heal|p2a: Heatran|54/100 frz|[from] Grassy Terrain
|-fieldend|move: Grassy Terrain
|upkeep
|turn|30
|
|t:|1779917360
|switch|p1a: Great Tusk|Great Tusk|100/100
|cant|p2a: Heatran|frz
|
|upkeep
|turn|31
|
|t:|1779917365
|switch|p2a: Rillaboom|Rillaboom, F|84/100
|-damage|p2a: Rillaboom|71/100|[from] Stealth Rock
|-fieldstart|move: Grassy Terrain|[from] ability: Grassy Surge|[of] p2a: Rillaboom
|move|p1a: Great Tusk|Rapid Spin|p2a: Rillaboom
|-damage|p2a: Rillaboom|55/100
|-boost|p1a: Great Tusk|spe|1
|-sideend|p1: riarley|Stealth Rock|[from] move: Rapid Spin|[of] p1a: Great Tusk
|
|-heal|p2a: Rillaboom|61/100|[from] Grassy Terrain
|upkeep
|turn|32
|
|t:|1779917369
|-end|p1a: Great Tusk|Protosynthesis|[silent]
|switch|p1a: Slowking|Slowking-Galar, M|100/100
|move|p2a: Rillaboom|Grassy Glide|p1a: Slowking
|-resisted|p1a: Slowking
|-damage|p1a: Slowking|86/100
|
|-heal|p2a: Rillaboom|67/100|[from] Grassy Terrain
|-heal|p1a: Slowking|92/100|[from] Grassy Terrain
|upkeep
|turn|33
|
|t:|1779917373
|move|p2a: Rillaboom|Knock Off|p1a: Slowking
|-supereffective|p1a: Slowking
|-crit|p1a: Slowking
|-damage|p1a: Slowking|9/100
|-enditem|p1a: Slowking|Heavy-Duty Boots|[from] move: Knock Off|[of] p2a: Rillaboom
|-prepare|p1a: Slowking|Chilly Reception|[premajor]
|move|p1a: Slowking|Chilly Reception|p1a: Slowking
|-weather|Snowscape
|
|t:|1779917376
|switch|p1a: Kyurem|Kyurem|94/100|[from] Chilly Reception
|-ability|p1a: Kyurem|Pressure
|
|-weather|Snowscape|[upkeep]
|-heal|p1a: Kyurem|99/100|[from] Grassy Terrain
|-heal|p2a: Rillaboom|73/100|[from] Grassy Terrain
|upkeep
|turn|34
|
|t:|1779917385
|switch|p2a: Heatran|Heatran, M|54/100 frz
|-damage|p2a: Heatran|41/100 frz|[from] Stealth Rock
|move|p1a: Kyurem|Blizzard|p2a: Heatran
|-resisted|p2a: Heatran
|-damage|p2a: Heatran|18/100 frz
|
|-weather|Snowscape|[upkeep]
|-heal|p1a: Kyurem|100/100|[from] Grassy Terrain
|-heal|p2a: Heatran|24/100 frz|[from] Grassy Terrain
|upkeep
|turn|35
|
|t:|1779917390
|move|p1a: Kyurem|Blizzard|p2a: Heatran
|-resisted|p2a: Heatran
|-damage|p2a: Heatran|2/100 frz
|-curestatus|p2a: Heatran|frz|[msg]
|move|p2a: Heatran|Magma Storm|p1a: Kyurem
|-damage|p1a: Kyurem|49/100
|-activate|p1a: Kyurem|move: Magma Storm|[of] p2a: Heatran
|
|-weather|Snowscape|[upkeep]
|-heal|p1a: Kyurem|55/100|[from] Grassy Terrain
|-heal|p2a: Heatran|8/100|[from] Grassy Terrain
|-damage|p1a: Kyurem|43/100|[from] move: Magma Storm|[partiallytrapped]
|upkeep
|turn|36
|
|t:|1779917396
|move|p1a: Kyurem|Blizzard|p2a: Heatran
|-resisted|p2a: Heatran
|-damage|p2a: Heatran|0 fnt
|faint|p2a: Heatran
|
|-weather|Snowscape|[upkeep]
|-heal|p1a: Kyurem|49/100|[from] Grassy Terrain
|-end|p1a: Kyurem|Magma Storm|[partiallytrapped]|[silent]
|upkeep
|
|t:|1779917409
|switch|p2a: Ogerpon|Ogerpon, F|100/100
|-damage|p2a: Ogerpon|88/100|[from] Stealth Rock
|turn|37
|
|t:|1779917434
|-terastallize|p2a: Ogerpon|Grass
|detailschange|p2a: Ogerpon|Ogerpon-Teal-Tera, F, tera:Grass
|-ability|p2a: Ogerpon|Embody Aspect (Teal)|boost
|-boost|p2a: Ogerpon|spe|1
|move|p2a: Ogerpon|Ivy Cudgel|p1a: Kyurem
|-resisted|p1a: Kyurem
|-damage|p1a: Kyurem|2/100
|move|p1a: Kyurem|Blizzard|p2a: Ogerpon
|-supereffective|p2a: Ogerpon
|-damage|p2a: Ogerpon|0 fnt
|faint|p2a: Ogerpon
|detailschange|p2: Ogerpon|Ogerpon, F|[silent]
|
|-weather|none
|-heal|p1a: Kyurem|8/100|[from] Grassy Terrain
|upkeep
|
|t:|1779917440
|switch|p2a: Serperior|Serperior, F|91/100
|-damage|p2a: Serperior|79/100|[from] Stealth Rock
|turn|38
|
|t:|1779917443
|switch|p1a: Blissey|Blissey, F, tera:Dark|84/100
|move|p2a: Serperior|Leaf Storm|p1a: Blissey
|-damage|p1a: Blissey|59/100
|-boost|p2a: Serperior|spa|2
|
|-heal|p2a: Serperior|85/100|[from] Grassy Terrain
|-heal|p1a: Blissey|66/100|[from] Grassy Terrain
|-fieldend|move: Grassy Terrain
|upkeep
|turn|39
|
|t:|1779917447
|move|p2a: Serperior|Leaf Storm|p1a: Blissey
|-damage|p1a: Blissey|30/100
|-boost|p2a: Serperior|spa|2
|move|p1a: Blissey|Calm Mind|p1a: Blissey
|-boost|p1a: Blissey|spa|1
|-boost|p1a: Blissey|spd|1
|
|upkeep
|turn|40
|
|t:|1779917457
|move|p2a: Serperior|Leaf Storm|p1a: Blissey
|-damage|p1a: Blissey|0 fnt
|-boost|p2a: Serperior|spa|2
|faint|p1a: Blissey
|
|upkeep
|
|t:|1779917461
|switch|p1a: Slowking|Slowking-Galar, M|42/100
|turn|41
|
|t:|1779917469
|switch|p1a: Kyurem|Kyurem|8/100
|-ability|p1a: Kyurem|Pressure
|move|p2a: Serperior|Leaf Storm|p1a: Kyurem
|-resisted|p1a: Kyurem
|-damage|p1a: Kyurem|0 fnt
|faint|p1a: Kyurem
|
|upkeep
|
|t:|1779917472
|switch|p1a: Slowking|Slowking-Galar, M|75/100
|turn|42
|
|t:|1779917475
|move|p2a: Serperior|Leaf Storm|p1a: Slowking
|-resisted|p1a: Slowking
|-damage|p1a: Slowking|20/100
|move|p1a: Slowking|Sludge Bomb|p2a: Serperior
|-supereffective|p2a: Serperior
|-damage|p2a: Serperior|0 fnt
|faint|p2a: Serperior
|
|upkeep
|
|t:|1779917478
|switch|p2a: Rillaboom|Rillaboom, F|73/100
|-damage|p2a: Rillaboom|61/100|[from] Stealth Rock
|-fieldstart|move: Grassy Terrain|[from] ability: Grassy Surge|[of] p2a: Rillaboom
|turn|43
|
|t:|1779917483
|switch|p1a: Great Tusk|Great Tusk|100/100
|move|p2a: Rillaboom|Knock Off|p1a: Great Tusk
|-resisted|p1a: Great Tusk
|-damage|p1a: Great Tusk|91/100
|-enditem|p1a: Great Tusk|Heavy-Duty Boots|[from] move: Knock Off|[of] p2a: Rillaboom
|
|-heal|p1a: Great Tusk|97/100|[from] Grassy Terrain
|-heal|p2a: Rillaboom|67/100|[from] Grassy Terrain
|upkeep
|turn|44
|
|t:|1779917493
|move|p2a: Rillaboom|Grassy Glide|p1a: Great Tusk
|-supereffective|p1a: Great Tusk
|-damage|p1a: Great Tusk|51/100
|move|p1a: Great Tusk|Close Combat|p2a: Rillaboom
|-damage|p2a: Rillaboom|14/100
|-unboost|p1a: Great Tusk|def|1
|-unboost|p1a: Great Tusk|spd|1
|
|-heal|p1a: Great Tusk|57/100|[from] Grassy Terrain
|-heal|p2a: Rillaboom|20/100|[from] Grassy Terrain
|upkeep
|turn|45
|
|t:|1779917497
|move|p2a: Rillaboom|Grassy Glide|p1a: Great Tusk
|-supereffective|p1a: Great Tusk
|-damage|p1a: Great Tusk|0 fnt
|faint|p1a: Great Tusk
|-end|p1a: Great Tusk|Protosynthesis|[silent]
|
|-heal|p2a: Rillaboom|27/100|[from] Grassy Terrain
|upkeep
|
|t:|1779917500
|switch|p1a: Dondozo|Dondozo, F|88/100
|turn|46
|
|t:|1779917505
|move|p2a: Rillaboom|Grassy Glide|p1a: Dondozo
|-supereffective|p1a: Dondozo
|-damage|p1a: Dondozo|58/100
|move|p1a: Dondozo|Curse|p1a: Dondozo
|-unboost|p1a: Dondozo|spe|1
|-boost|p1a: Dondozo|atk|1
|-boost|p1a: Dondozo|def|1
|
|-heal|p2a: Rillaboom|33/100|[from] Grassy Terrain
|-heal|p1a: Dondozo|64/100|[from] Grassy Terrain
|-heal|p1a: Dondozo|70/100|[from] item: Leftovers
|upkeep
|turn|47
|
|t:|1779917509
|switch|p2a: Hawlucha|Hawlucha, M|100/100
|-damage|p2a: Hawlucha|88/100|[from] Stealth Rock
|-enditem|p2a: Hawlucha|Grassy Seed
|-boost|p2a: Hawlucha|def|1|[from] item: Grassy Seed
|move|p1a: Dondozo|Curse|p1a: Dondozo
|-unboost|p1a: Dondozo|spe|1
|-boost|p1a: Dondozo|atk|1
|-boost|p1a: Dondozo|def|1
|
|-heal|p1a: Dondozo|76/100|[from] Grassy Terrain
|-heal|p1a: Dondozo|82/100|[from] item: Leftovers
|upkeep
|turn|48
|
|t:|1779917513
|move|p2a: Hawlucha|Encore|p1a: Dondozo
|-start|p1a: Dondozo|Encore
|move|p1a: Dondozo|Curse|p1a: Dondozo
|-unboost|p1a: Dondozo|spe|1
|-boost|p1a: Dondozo|atk|1
|-boost|p1a: Dondozo|def|1
|
|-heal|p1a: Dondozo|89/100|[from] Grassy Terrain
|-heal|p1a: Dondozo|95/100|[from] item: Leftovers
|upkeep
|turn|49
|
|t:|1779917527
|switch|p2a: Hatterene|Hatterene, F|96/100
|-damage|p2a: Hatterene|84/100|[from] Stealth Rock
|move|p1a: Dondozo|Curse|p1a: Dondozo
|-unboost|p1a: Dondozo|spe|1
|-boost|p1a: Dondozo|atk|1
|-boost|p1a: Dondozo|def|1
|
|-heal|p2a: Hatterene|90/100|[from] Grassy Terrain
|-heal|p1a: Dondozo|100/100|[from] Grassy Terrain
|upkeep
|turn|50
|
|t:|1779917533
|move|p2a: Hatterene|Draining Kiss|p1a: Dondozo
|-damage|p1a: Dondozo|79/100
|-heal|p2a: Hatterene|100/100|[from] drain|[of] p1a: Dondozo
|move|p1a: Dondozo|Curse|p1a: Dondozo
|-unboost|p1a: Dondozo|spe|1
|-boost|p1a: Dondozo|atk|1
|-boost|p1a: Dondozo|def|1
|
|-heal|p1a: Dondozo|86/100|[from] Grassy Terrain
|-heal|p1a: Dondozo|92/100|[from] item: Leftovers
|-end|p1a: Dondozo|Encore
|-fieldend|move: Grassy Terrain
|upkeep
|turn|51
|
|t:|1779917536
|move|p2a: Hatterene|Calm Mind|p2a: Hatterene
|-boost|p2a: Hatterene|spa|1
|-boost|p2a: Hatterene|spd|1
|move|p1a: Dondozo|Waterfall|p2a: Hatterene
|-damage|p2a: Hatterene|3/100
|
|-heal|p1a: Dondozo|98/100|[from] item: Leftovers
|upkeep
|turn|52
|
|t:|1779917539
|move|p2a: Hatterene|Draining Kiss|p1a: Dondozo
|-damage|p1a: Dondozo|77/100
|-heal|p2a: Hatterene|28/100|[from] drain|[of] p1a: Dondozo
|move|p1a: Dondozo|Waterfall|p2a: Hatterene
|-damage|p2a: Hatterene|0 fnt
|faint|p2a: Hatterene
|
|-heal|p1a: Dondozo|83/100|[from] item: Leftovers
|upkeep
|
|t:|1779917543
|switch|p2a: Rillaboom|Rillaboom, F|33/100
|-damage|p2a: Rillaboom|20/100|[from] Stealth Rock
|-fieldstart|move: Grassy Terrain|[from] ability: Grassy Surge|[of] p2a: Rillaboom
|turn|53
|
|t:|1779917545
|move|p2a: Rillaboom|Grassy Glide|p1a: Dondozo
|-supereffective|p1a: Dondozo
|-damage|p1a: Dondozo|74/100
|move|p1a: Dondozo|Waterfall|p2a: Rillaboom
|-resisted|p2a: Rillaboom
|-damage|p2a: Rillaboom|0 fnt
|faint|p2a: Rillaboom
|
|-heal|p1a: Dondozo|80/100|[from] Grassy Terrain
|-heal|p1a: Dondozo|87/100|[from] item: Leftovers
|upkeep
|-message|berryguy forfeited.
|
|win|riarley
|raw|riarley's rating: 1292 &rarr; <strong>1321</strong><br />(+29 for winning)
|raw|berryguy's rating: 1344 &rarr; <strong>1321</strong><br />(-23 for losing)
|l|☆berryguy
|player|p2|
