|j|☆IsntLegit
|j|☆npctypebeat
|t:|1779938890
|gametype|singles
|player|p1|IsntLegit|brock|1100
|player|p2|npctypebeat|102|1065
|gen|9
|tier|[Gen 9] OU
|rated|
|rule|HP Percentage Mod: HP is shown in percentages
|rule|Endless Battle Clause: Forcing endless battles is banned
|rule|Species Clause: Limit one of each Pokémon
|rule|OHKO Clause: OHKO moves are banned
|rule|Evasion Items Clause: Evasion items are banned
|rule|Evasion Moves Clause: Evasion moves are banned
|rule|Evasion Abilities Clause: Evasion abilities are banned
|rule|Sleep Moves Clause: Sleep-inducing moves are banned
|clearpoke
|poke|p1|Hydreigon, F|
|poke|p1|Slowking-Galar, M|
|poke|p1|Clefable, F|
|poke|p1|Scizor, M|
|poke|p1|Umbreon, F|
|poke|p1|Rotom-Wash|
|poke|p2|Gliscor, F|
|poke|p2|Ogerpon, F|
|poke|p2|Walking Wake|
|poke|p2|Blissey, F|
|poke|p2|Corviknight, M|
|poke|p2|Pecharunt|
|teampreview
|c|☆npctypebeat|hf
|c|☆IsntLegit|u 2
|inactive|Battle timer is ON: inactive players will automatically lose when time's up. (requested by npctypebeat)
|
|t:|1779938901
|teamsize|p1|6
|teamsize|p2|6
|start
|switch|p1a: Scizor|Scizor, M|100/100
|switch|p2a: Gliscor|Gliscor, F|100/100
|turn|1
|
|t:|1779938907
|move|p2a: Gliscor|Spikes|p1a: Scizor
|-sidestart|p1: IsntLegit|Spikes
|move|p1a: Scizor|U-turn|p2a: Gliscor
|-resisted|p2a: Gliscor
|-damage|p2a: Gliscor|77/100
|
|t:|1779938914
|switch|p1a: Rotom|Rotom-Wash|100/100|[from] U-turn
|
|-status|p2a: Gliscor|tox|[from] item: Toxic Orb
|upkeep
|turn|2
|
|t:|1779938922
|move|p2a: Gliscor|Spikes|p1a: Rotom
|-sidestart|p1: IsntLegit|Spikes
|move|p1a: Rotom|Volt Switch|p2a: Gliscor
|-immune|p2a: Gliscor
|
|-heal|p2a: Gliscor|89/100 tox|[from] ability: Poison Heal
|upkeep
|turn|3
|
|t:|1779938929
|move|p2a: Gliscor|Spikes|p1a: Rotom
|-sidestart|p1: IsntLegit|Spikes
|move|p1a: Rotom|Hydro Pump|p2a: Gliscor
|-supereffective|p2a: Gliscor
|-damage|p2a: Gliscor|16/100 tox
|
|-heal|p2a: Gliscor|28/100 tox|[from] ability: Poison Heal
|upkeep
|turn|4
|
|t:|1779938939
|switch|p2a: Blissey|Blissey, F|100/100
|move|p1a: Rotom|Volt Switch|p2a: Blissey
|-damage|p2a: Blissey|93/100
|
|t:|1779938950
|switch|p1a: Scizor|Scizor, M|100/100|[from] Volt Switch
|-damage|p1a: Scizor|76/100|[from] Spikes
|
|upkeep
|turn|5
|
|t:|1779938955
|move|p1a: Scizor|Close Combat|p2a: Blissey
|-supereffective|p2a: Blissey
|-damage|p2a: Blissey|0 fnt
|-unboost|p1a: Scizor|def|1
|-unboost|p1a: Scizor|spd|1
|faint|p2a: Blissey
|
|upkeep
|
|t:|1779938968
|switch|p2a: Walking Wake|Walking Wake|100/100
|turn|6
|c|☆IsntLegit|yh i put close combat jst for blissy walls
|
|t:|1779938974
|switch|p1a: Slowking|Slowking-Galar, M|100/100
|move|p2a: Walking Wake|Surf|p1a: Slowking
|-damage|p1a: Slowking|70/100
|
|upkeep
|turn|7
|
|t:|1779938982
|move|p2a: Walking Wake|Draco Meteor|p1a: Slowking
|-damage|p1a: Slowking|25/100
|-unboost|p2a: Walking Wake|spa|2
|move|p1a: Slowking|Thunder Wave|p2a: Walking Wake
|-status|p2a: Walking Wake|par
|
|upkeep
|turn|8
|
|t:|1779938993
|-end|p2a: Walking Wake|Protosynthesis|[silent]
|switch|p2a: Ogerpon|Ogerpon, F|100/100
|switch|p1a: Clefable|Clefable, F|100/100
|
|upkeep
|turn|9
|
|t:|1779939007
|move|p2a: Ogerpon|Ivy Cudgel|p1a: Clefable
|-damage|p1a: Clefable|45/100
|move|p1a: Clefable|Moonblast|p2a: Ogerpon
|-damage|p2a: Ogerpon|37/100
|
|upkeep
|turn|10
|
|t:|1779939021
|switch|p1a: Slowking|Slowking-Galar, M|58/100
|move|p2a: Ogerpon|Ivy Cudgel|p1a: Slowking
|-resisted|p1a: Slowking
|-damage|p1a: Slowking|39/100
|
|upkeep
|turn|11
|
|t:|1779939031
|-terastallize|p1a: Slowking|Poison
|move|p2a: Ogerpon|U-turn|p1a: Slowking
|-resisted|p1a: Slowking
|-crit|p1a: Slowking
|-damage|p1a: Slowking|26/100
|
|t:|1779939049
|switch|p2a: Gliscor|Gliscor, F|28/100 tox|[from] U-turn
|move|p1a: Slowking|Thunder Wave|p2a: Gliscor
|-immune|p2a: Gliscor
|
|-heal|p2a: Gliscor|41/100 tox|[from] ability: Poison Heal
|upkeep
|turn|12
|
|t:|1779939060
|switch|p1a: Hydreigon|Hydreigon, F|100/100
|move|p2a: Gliscor|Earthquake|p1a: Hydreigon
|-immune|p1a: Hydreigon|[from] ability: Levitate
|
|-heal|p2a: Gliscor|53/100 tox|[from] ability: Poison Heal
|upkeep
|turn|13
|
|t:|1779939069
|move|p1a: Hydreigon|Draco Meteor|p2a: Gliscor
|-damage|p2a: Gliscor|0 fnt
|-unboost|p1a: Hydreigon|spa|2
|faint|p2a: Gliscor
|
|upkeep
|
|t:|1779939075
|switch|p2a: Ogerpon|Ogerpon, F|37/100
|turn|14
|
|t:|1779939079
|move|p2a: Ogerpon|U-turn|p1a: Hydreigon
|-supereffective|p1a: Hydreigon
|-damage|p1a: Hydreigon|52/100
|
|t:|1779939083
|switch|p2a: Corviknight|Corviknight, M|100/100|[from] U-turn
|-ability|p2a: Corviknight|Pressure
|move|p1a: Hydreigon|Draco Meteor|p2a: Corviknight
|-resisted|p2a: Corviknight
|-damage|p2a: Corviknight|74/100
|-unboost|p1a: Hydreigon|spa|2
|
|upkeep
|turn|15
|
|t:|1779939093
|switch|p1a: Slowking|Slowking-Galar, M, tera:Poison|59/100
|move|p2a: Corviknight|Roost|p2a: Corviknight
|-heal|p2a: Corviknight|100/100
|-singleturn|p2a: Corviknight|move: Roost
|
|upkeep
|turn|16
|
|t:|1779939101
|move|p2a: Corviknight|U-turn|p1a: Slowking
|-resisted|p1a: Slowking
|-damage|p1a: Slowking|54/100
|
|t:|1779939111
|switch|p2a: Walking Wake|Walking Wake|100/100 par|[from] U-turn
|move|p1a: Slowking|Thunder Wave|p2a: Walking Wake|[miss]
|-miss|p1a: Slowking|p2a: Walking Wake
|
|upkeep
|turn|17
|
|t:|1779939120
|cant|p2a: Walking Wake|par
|-prepare|p1a: Slowking|Chilly Reception|[premajor]
|move|p1a: Slowking|Chilly Reception|p1a: Slowking
|-weather|Snowscape
|
|t:|1779939125
|switch|p1a: Hydreigon|Hydreigon, F|52/100|[from] Chilly Reception
|
|-weather|Snowscape|[upkeep]
|upkeep
|turn|18
|
|t:|1779939131
|-end|p2a: Walking Wake|Protosynthesis|[silent]
|switch|p2a: Corviknight|Corviknight, M|100/100
|-ability|p2a: Corviknight|Pressure
|move|p1a: Hydreigon|Fire Blast|p2a: Corviknight
|-supereffective|p2a: Corviknight
|-damage|p2a: Corviknight|0 fnt
|faint|p2a: Corviknight
|
|-weather|Snowscape|[upkeep]
|upkeep
|
|t:|1779939141
|switch|p2a: Walking Wake|Walking Wake|100/100 par
|turn|19
|
|t:|1779939149
|switch|p1a: Rotom|Rotom-Wash|100/100
|cant|p2a: Walking Wake|par
|
|-weather|Snowscape|[upkeep]
|upkeep
|turn|20
|c|☆IsntLegit|ah unlucky
|
|t:|1779939161
|-end|p2a: Walking Wake|Protosynthesis|[silent]
|switch|p2a: Ogerpon|Ogerpon, F|37/100
|move|p1a: Rotom|Volt Switch|p2a: Ogerpon
|-resisted|p2a: Ogerpon
|-damage|p2a: Ogerpon|23/100
|
|t:|1779939169
|switch|p1a: Scizor|Scizor, M|76/100|[from] Volt Switch
|-damage|p1a: Scizor|51/100|[from] Spikes
|
|-weather|Snowscape|[upkeep]
|upkeep
|turn|21
|
|t:|1779939178
|move|p2a: Ogerpon|U-turn|p1a: Scizor
|-resisted|p1a: Scizor
|-damage|p1a: Scizor|39/100
|
|t:|1779939198
|switch|p2a: Pecharunt|Pecharunt|100/100|[from] U-turn
|move|p1a: Scizor|U-turn|p2a: Pecharunt
|-resisted|p2a: Pecharunt
|-damage|p2a: Pecharunt|94/100
|
|t:|1779939210
|switch|p1a: Rotom|Rotom-Wash|100/100|[from] U-turn
|
|-weather|none
|upkeep
|turn|22
|
|t:|1779939218
|move|p2a: Pecharunt|Parting Shot|p1a: Rotom
|-unboost|p1a: Rotom|atk|1
|-unboost|p1a: Rotom|spa|1
|
|t:|1779939226
|switch|p2a: Ogerpon|Ogerpon, F|23/100|[from] Parting Shot
|move|p1a: Rotom|Thunder Wave|p2a: Ogerpon
|-status|p2a: Ogerpon|par
|
|upkeep
|turn|23
|c|☆IsntLegit|just realized that i have almost zero hazard removal lol
|
|t:|1779939236
|move|p1a: Rotom|Volt Switch|p2a: Ogerpon
|-resisted|p2a: Ogerpon
|-damage|p2a: Ogerpon|14/100 par
|
|t:|1779939241
|switch|p1a: Umbreon|Umbreon, F|100/100|[from] Volt Switch
|-damage|p1a: Umbreon|76/100|[from] Spikes
|move|p2a: Ogerpon|Ivy Cudgel|p1a: Umbreon
|-damage|p1a: Umbreon|43/100
|
|-heal|p1a: Umbreon|49/100|[from] item: Leftovers
|upkeep
|turn|24
|
|t:|1779939254
|move|p2a: Ogerpon|U-turn|p1a: Umbreon
|-supereffective|p1a: Umbreon
|-damage|p1a: Umbreon|19/100
|
|t:|1779939271
|switch|p2a: Pecharunt|Pecharunt|94/100|[from] U-turn
|move|p1a: Umbreon|Foul Play|p2a: Pecharunt
|-supereffective|p2a: Pecharunt
|-damage|p2a: Pecharunt|73/100
|
|-heal|p1a: Umbreon|25/100|[from] item: Leftovers
|upkeep
|turn|25
|
|t:|1779939280
|move|p1a: Umbreon|Protect|p1a: Umbreon
|-singleturn|p1a: Umbreon|Protect
|move|p2a: Pecharunt|Malignant Chain|p1a: Umbreon
|-activate|p1a: Umbreon|move: Protect
|
|-heal|p1a: Umbreon|31/100|[from] item: Leftovers
|upkeep
|turn|26
|
|t:|1779939297
|move|p2a: Pecharunt|Malignant Chain|p1a: Umbreon
|-crit|p1a: Umbreon
|-damage|p1a: Umbreon|3/100
|move|p1a: Umbreon|Wish|p1a: Umbreon
|
|-heal|p1a: Umbreon|9/100|[from] item: Leftovers
|upkeep
|turn|27
|
|t:|1779939308
|switch|p1a: Scizor|Scizor, M|39/100
|-damage|p1a: Scizor|14/100|[from] Spikes
|move|p2a: Pecharunt|Recover|p2a: Pecharunt
|-heal|p2a: Pecharunt|100/100
|
|-heal|p1a: Scizor|72/100|[from] move: Wish|[wisher] Umbreon
|upkeep
|turn|28
|
|t:|1779939320
|move|p2a: Pecharunt|Foul Play|p1a: Scizor
|-crit|p1a: Scizor
|-damage|p1a: Scizor|13/100
|move|p1a: Scizor|Dual Wingbeat|p2a: Pecharunt|[miss]
|-miss|p1a: Scizor|p2a: Pecharunt
|
|upkeep
|turn|29
|
|t:|1779939328
|move|p2a: Pecharunt|Foul Play|p1a: Scizor
|-damage|p1a: Scizor|0 fnt
|faint|p1a: Scizor
|
|upkeep
|
|t:|1779939333
|switch|p1a: Clefable|Clefable, F|45/100
|turn|30
|
|t:|1779939345
|move|p2a: Pecharunt|Foul Play|p1a: Clefable
|-resisted|p1a: Clefable
|-damage|p1a: Clefable|38/100
|move|p1a: Clefable|Shadow Ball|p2a: Pecharunt
|-supereffective|p2a: Pecharunt
|-damage|p2a: Pecharunt|32/100
|
|upkeep
|turn|31
|
|t:|1779939353
|move|p2a: Pecharunt|Parting Shot|p1a: Clefable
|-unboost|p1a: Clefable|atk|1
|-unboost|p1a: Clefable|spa|1
|
|t:|1779939362
|switch|p2a: Ogerpon|Ogerpon, F|14/100 par|[from] Parting Shot
|move|p1a: Clefable|Shadow Ball|p2a: Ogerpon
|-damage|p2a: Ogerpon|0 fnt
|faint|p2a: Ogerpon
|
|upkeep
|
|t:|1779939365
|switch|p2a: Pecharunt|Pecharunt|32/100
|turn|32
|
|t:|1779939375
|switch|p1a: Slowking|Slowking-Galar, M, tera:Poison|87/100
|move|p2a: Pecharunt|Malignant Chain|p1a: Slowking
|-resisted|p1a: Slowking
|-damage|p1a: Slowking|75/100
|
|upkeep
|turn|33
|
|t:|1779939385
|move|p2a: Pecharunt|Malignant Chain|p1a: Slowking
|-resisted|p1a: Slowking
|-damage|p1a: Slowking|63/100
|move|p1a: Slowking|Thunder Wave|p2a: Pecharunt|[miss]
|-miss|p1a: Slowking|p2a: Pecharunt
|
|upkeep
|turn|34
|
|t:|1779939395
|move|p2a: Pecharunt|Malignant Chain|p1a: Slowking
|-resisted|p1a: Slowking
|-damage|p1a: Slowking|51/100
|move|p1a: Slowking|Future Sight|p2a: Pecharunt
|-start|p1a: Slowking|move: Future Sight
|
|upkeep
|turn|35
|
|t:|1779939410
|move|p2a: Pecharunt|Malignant Chain|p1a: Slowking
|-resisted|p1a: Slowking
|-damage|p1a: Slowking|39/100
|-prepare|p1a: Slowking|Chilly Reception|[premajor]
|move|p1a: Slowking|Chilly Reception|p1a: Slowking
|-weather|Snowscape
|
|t:|1779939417
|switch|p1a: Hydreigon|Hydreigon, F|52/100|[from] Chilly Reception
|
|-weather|Snowscape|[upkeep]
|upkeep
|turn|36
|
|t:|1779939428
|move|p1a: Hydreigon|Dark Pulse|p2a: Pecharunt
|-supereffective|p2a: Pecharunt
|-damage|p2a: Pecharunt|0 fnt
|faint|p2a: Pecharunt
|
|-weather|Snowscape|[upkeep]
|-hint|Future Sight did not hit because the target is fainted.
|upkeep
|
|t:|1779939447
|switch|p2a: Walking Wake|Walking Wake|100/100 par
|turn|37
|
|t:|1779939458
|switch|p1a: Slowking|Slowking-Galar, M, tera:Poison|73/100
|move|p2a: Walking Wake|Knock Off|p1a: Slowking
|-damage|p1a: Slowking|59/100
|-enditem|p1a: Slowking|Heavy-Duty Boots|[from] move: Knock Off|[of] p2a: Walking Wake
|
|-weather|Snowscape|[upkeep]
|upkeep
|turn|38
|
|t:|1779939476
|cant|p2a: Walking Wake|par
|move|p1a: Slowking|Future Sight|p2a: Walking Wake
|-start|p1a: Slowking|move: Future Sight
|
|-weather|Snowscape|[upkeep]
|upkeep
|turn|39
|inactive|npctypebeat has 120 seconds left.
|
|t:|1779939494
|cant|p2a: Walking Wake|par
|-prepare|p1a: Slowking|Chilly Reception|[premajor]
|move|p1a: Slowking|Chilly Reception|p1a: Slowking
|
|t:|1779939505
|switch|p1a: Clefable|Clefable, F|38/100|[from] Chilly Reception
|
|-weather|none
|upkeep
|turn|40
|
|t:|1779939514
|cant|p2a: Walking Wake|par
|move|p1a: Clefable|Moonblast|p2a: Walking Wake
|-supereffective|p2a: Walking Wake
|-damage|p2a: Walking Wake|0 fnt
|faint|p2a: Walking Wake
|-end|p2a: Walking Wake|Protosynthesis|[silent]
|
|win|IsntLegit
|raw|IsntLegit's rating: 1100 &rarr; <strong>1128</strong><br />(+28 for winning)
|raw|npctypebeat's rating: 1142 &rarr; <strong>1114</strong><br />(-28 for losing)
|c|☆npctypebeat|gg
|c|☆IsntLegit|gg
