|j|☆Senatorlokix
|j|☆miguelissussybaka
|t:|1779866985
|gametype|singles
|player|p1|Senatorlokix|170|1310
|player|p2|miguelissussybaka|266|1342
|gen|9
|tier|[Gen 9] OU
|rated|
|rule|HP Percentage Mod: HP is shown in percentages
|rule|Endless Battle Clause: Forcing endless battles is banned
|rule|Species Clause: Limit one of each Pokémon
|rule|OHKO Clause: OHKO moves are banned
|rule|Evasion Items Clause: Evasion items are banned
|rule|Evasion Moves Clause: Evasion moves are banned
|rule|Evasion Abilities Clause: Evasion abilities are banned
|rule|Sleep Moves Clause: Sleep-inducing moves are banned
|clearpoke
|poke|p1|Inteleon, M|
|poke|p1|Pelipper, M|
|poke|p1|Toxicroak, M|
|poke|p1|Barraskewda, M|
|poke|p1|Iron Treads|
|poke|p1|Dragonite, M|
|poke|p2|Metagross|
|poke|p2|Ogerpon-Wellspring, F|
|poke|p2|Rillaboom, M|
|poke|p2|Mamoswine, F|
|poke|p2|Moltres|
|poke|p2|Infernape, F|
|teampreview
|
|t:|1779867034
|teamsize|p1|6
|teamsize|p2|6
|start
|switch|p1a: Pelipper|Pelipper, M|100/100
|switch|p2a: Ogerpon|Ogerpon-Wellspring, F|100/100
|-weather|RainDance|[from] ability: Drizzle|[of] p1a: Pelipper
|turn|1
|
|t:|1779867042
|switch|p1a: Toxicroak|Toxicroak, M|100/100
|move|p2a: Ogerpon|Power Whip|p1a: Toxicroak
|-resisted|p1a: Toxicroak
|-damage|p1a: Toxicroak|65/100
|-damage|p2a: Ogerpon|84/100|[from] item: Rocky Helmet|[of] p1a: Toxicroak
|
|-weather|RainDance|[upkeep]
|-heal|p1a: Toxicroak|78/100|[from] ability: Dry Skin
|upkeep
|turn|2
|
|t:|1779867056
|switch|p2a: Infernape|Infernape, F|100/100
|move|p1a: Toxicroak|Knock Off|p2a: Infernape
|-resisted|p2a: Infernape
|-damage|p2a: Infernape|82/100
|-enditem|p2a: Infernape|Choice Scarf|[from] move: Knock Off|[of] p1a: Toxicroak
|
|-weather|RainDance|[upkeep]
|-heal|p1a: Toxicroak|90/100|[from] ability: Dry Skin
|upkeep
|turn|3
|
|t:|1779867067
|move|p2a: Infernape|Flamethrower|p1a: Toxicroak
|-crit|p1a: Toxicroak
|-damage|p1a: Toxicroak|33/100
|move|p1a: Toxicroak|Drain Punch|p2a: Infernape
|-damage|p2a: Infernape|43/100
|-heal|p1a: Toxicroak|49/100|[from] drain|[of] p2a: Infernape
|
|-weather|RainDance|[upkeep]
|-heal|p1a: Toxicroak|61/100|[from] ability: Dry Skin
|upkeep
|turn|4
|
|t:|1779867086
|switch|p2a: Moltres|Moltres|100/100
|switch|p1a: Inteleon|Inteleon, M|100/100
|
|-weather|RainDance|[upkeep]
|upkeep
|turn|5
|
|t:|1779867100
|switch|p2a: Metagross|Metagross|100/100
|move|p1a: Inteleon|Air Cutter|p2a: Metagross
|-resisted|p2a: Metagross
|-crit|p2a: Metagross
|-damage|p2a: Metagross|79/100
|
|-weather|RainDance|[upkeep]
|-heal|p2a: Metagross|85/100|[from] item: Leftovers
|upkeep
|turn|6
|
|t:|1779867103
|move|p1a: Inteleon|Snipe Shot|p2a: Metagross
|-crit|p2a: Metagross
|-damage|p2a: Metagross|0 fnt
|faint|p2a: Metagross
|
|-weather|RainDance|[upkeep]
|upkeep
|
|t:|1779867113
|switch|p2a: Rillaboom|Rillaboom, M|100/100
|-fieldstart|move: Grassy Terrain|[from] ability: Grassy Surge|[of] p2a: Rillaboom
|turn|7
|
|t:|1779867119
|switch|p1a: Toxicroak|Toxicroak, M|61/100
|move|p2a: Rillaboom|Grassy Glide|p1a: Toxicroak
|-resisted|p1a: Toxicroak
|-damage|p1a: Toxicroak|36/100
|-damage|p2a: Rillaboom|84/100|[from] item: Rocky Helmet|[of] p1a: Toxicroak
|
|-weather|RainDance|[upkeep]
|-heal|p1a: Toxicroak|48/100|[from] ability: Dry Skin
|-heal|p2a: Rillaboom|90/100|[from] Grassy Terrain
|-heal|p1a: Toxicroak|54/100|[from] Grassy Terrain
|upkeep
|turn|8
|
|t:|1779867131
|switch|p2a: Moltres|Moltres|100/100
|move|p1a: Toxicroak|Toxic|p2a: Moltres
|-status|p2a: Moltres|tox
|
|-weather|none
|-heal|p1a: Toxicroak|60/100|[from] Grassy Terrain
|-damage|p2a: Moltres|94/100 tox|[from] psn
|upkeep
|turn|9
|
|t:|1779867142
|switch|p1a: Pelipper|Pelipper, M|100/100
|-weather|RainDance|[from] ability: Drizzle|[of] p1a: Pelipper
|move|p2a: Moltres|U-turn|p1a: Pelipper
|-resisted|p1a: Pelipper
|-damage|p1a: Pelipper|93/100
|
|t:|1779867149
|switch|p2a: Ogerpon|Ogerpon-Wellspring, F|84/100|[from] U-turn
|
|-weather|RainDance|[upkeep]
|-heal|p2a: Ogerpon|90/100|[from] Grassy Terrain
|upkeep
|turn|10
|
|t:|1779867162
|switch|p1a: Toxicroak|Toxicroak, M|60/100
|move|p2a: Ogerpon|Power Whip|p1a: Toxicroak
|-resisted|p1a: Toxicroak
|-damage|p1a: Toxicroak|18/100
|-damage|p2a: Ogerpon|73/100|[from] item: Rocky Helmet|[of] p1a: Toxicroak
|
|-weather|RainDance|[upkeep]
|-heal|p1a: Toxicroak|31/100|[from] ability: Dry Skin
|-heal|p2a: Ogerpon|79/100|[from] Grassy Terrain
|-heal|p1a: Toxicroak|37/100|[from] Grassy Terrain
|upkeep
|turn|11
|
|t:|1779867195
|move|p2a: Ogerpon|Power Whip|p1a: Toxicroak
|-resisted|p1a: Toxicroak
|-damage|p1a: Toxicroak|0 fnt
|-damage|p2a: Ogerpon|63/100|[from] item: Rocky Helmet|[of] p1a: Toxicroak
|faint|p1a: Toxicroak
|
|-weather|RainDance|[upkeep]
|-heal|p2a: Ogerpon|69/100|[from] Grassy Terrain
|-fieldend|move: Grassy Terrain
|upkeep
|
|t:|1779867202
|switch|p1a: Inteleon|Inteleon, M|100/100
|turn|12
|
|t:|1779867212
|switch|p2a: Moltres|Moltres|94/100 tox
|move|p1a: Inteleon|Air Cutter|p2a: Moltres
|-damage|p2a: Moltres|72/100 tox
|
|-weather|RainDance|[upkeep]
|-damage|p2a: Moltres|66/100 tox|[from] psn
|upkeep
|turn|13
|
|t:|1779867226
|move|p1a: Inteleon|Ice Beam|p2a: Moltres
|-damage|p2a: Moltres|36/100 tox
|move|p2a: Moltres|U-turn|p1a: Inteleon
|-damage|p1a: Inteleon|73/100
|
|t:|1779867233
|switch|p2a: Rillaboom|Rillaboom, M|90/100|[from] U-turn
|-fieldstart|move: Grassy Terrain|[from] ability: Grassy Surge|[of] p2a: Rillaboom
|
|-weather|RainDance|[upkeep]
|-heal|p1a: Inteleon|80/100|[from] Grassy Terrain
|-heal|p2a: Rillaboom|96/100|[from] Grassy Terrain
|upkeep
|turn|14
|
|t:|1779867248
|switch|p1a: Dragonite|Dragonite, M|100/100
|move|p2a: Rillaboom|Grassy Glide|p1a: Dragonite
|-resisted|p1a: Dragonite
|-damage|p1a: Dragonite|92/100
|
|-weather|RainDance|[upkeep]
|-heal|p2a: Rillaboom|100/100|[from] Grassy Terrain
|upkeep
|turn|15
|
|t:|1779867255
|switch|p2a: Mamoswine|Mamoswine, F|100/100
|move|p1a: Dragonite|Dragon Dance|p1a: Dragonite
|-boost|p1a: Dragonite|atk|1
|-boost|p1a: Dragonite|spe|1
|
|-weather|RainDance|[upkeep]
|upkeep
|turn|16
|inactive|Battle timer is ON: inactive players will automatically lose when time's up. (requested by Senatorlokix)
|
|t:|1779867291
|-terastallize|p1a: Dragonite|Normal
|move|p1a: Dragonite|Extreme Speed|p2a: Mamoswine
|-damage|p2a: Mamoswine|21/100
|move|p2a: Mamoswine|Icicle Crash|p1a: Dragonite
|-damage|p1a: Dragonite|22/100
|-damage|p2a: Mamoswine|11/100|[from] item: Life Orb
|
|-weather|none
|-heal|p1a: Dragonite|28/100|[from] Grassy Terrain
|-heal|p2a: Mamoswine|17/100|[from] Grassy Terrain
|upkeep
|turn|17
|
|t:|1779867302
|move|p1a: Dragonite|Extreme Speed|p2a: Mamoswine
|-damage|p2a: Mamoswine|0 fnt
|faint|p2a: Mamoswine
|
|-heal|p1a: Dragonite|34/100|[from] Grassy Terrain
|-fieldend|move: Grassy Terrain
|upkeep
|c|☆Senatorlokix|Hurry up match is almost over lets do it
|
|t:|1779867322
|switch|p2a: Moltres|Moltres|36/100 tox
|turn|18
|
|t:|1779867325
|move|p1a: Dragonite|Extreme Speed|p2a: Moltres
|-damage|p2a: Moltres|0 fnt
|faint|p2a: Moltres
|
|upkeep
|
|t:|1779867329
|switch|p2a: Rillaboom|Rillaboom, M|100/100
|-fieldstart|move: Grassy Terrain|[from] ability: Grassy Surge|[of] p2a: Rillaboom
|turn|19
|
|t:|1779867338
|-terastallize|p2a: Rillaboom|Grass
|move|p1a: Dragonite|Extreme Speed|p2a: Rillaboom
|-damage|p2a: Rillaboom|26/100
|move|p2a: Rillaboom|Grassy Glide|p1a: Dragonite
|-crit|p1a: Dragonite
|-damage|p1a: Dragonite|0 fnt
|faint|p1a: Dragonite
|
|-heal|p2a: Rillaboom|32/100|[from] Grassy Terrain
|upkeep
|
|t:|1779867345
|switch|p1a: Pelipper|Pelipper, M|93/100
|-weather|RainDance|[from] ability: Drizzle|[of] p1a: Pelipper
|turn|20
|
|t:|1779867356
|move|p2a: Rillaboom|Grassy Glide|p1a: Pelipper
|-damage|p1a: Pelipper|13/100
|move|p1a: Pelipper|Hurricane|p2a: Rillaboom
|-supereffective|p2a: Rillaboom
|-damage|p2a: Rillaboom|0 fnt
|faint|p2a: Rillaboom
|
|-weather|RainDance|[upkeep]
|upkeep
|
|t:|1779867364
|switch|p2a: Ogerpon|Ogerpon-Wellspring, F|69/100
|turn|21
|
|t:|1779867375
|move|p2a: Ogerpon|Power Whip|p1a: Pelipper
|-damage|p1a: Pelipper|0 fnt
|faint|p1a: Pelipper
|
|-weather|RainDance|[upkeep]
|-heal|p2a: Ogerpon|75/100|[from] Grassy Terrain
|upkeep
|
|t:|1779867381
|switch|p1a: Inteleon|Inteleon, M|80/100
|turn|22
|
|t:|1779867385
|move|p1a: Inteleon|Air Cutter|p2a: Ogerpon
|-supereffective|p2a: Ogerpon
|-crit|p2a: Ogerpon
|-damage|p2a: Ogerpon|0 fnt
|faint|p2a: Ogerpon
|
|-weather|RainDance|[upkeep]
|-heal|p1a: Inteleon|86/100|[from] Grassy Terrain
|upkeep
|
|t:|1779867388
|switch|p2a: Infernape|Infernape, F|43/100
|turn|23
|
|t:|1779867392
|move|p1a: Inteleon|Snipe Shot|p2a: Infernape
|-supereffective|p2a: Infernape
|-crit|p2a: Infernape
|-damage|p2a: Infernape|0 fnt
|faint|p2a: Infernape
|
|win|Senatorlokix
|raw|Senatorlokix's rating: 1310 &rarr; <strong>1332</strong><br />(+22 for winning)
|raw|miguelissussybaka's rating: 1342 &rarr; <strong>1320</strong><br />(-22 for losing)
|c|☆Senatorlokix|Gg
|l|☆miguelissussybaka
|player|p2|
|l|☆Senatorlokix
|player|p1|
