|j|☆LeviPT
|j|☆Darketo12_13_11
|t:|1779899616
|gametype|singles
|player|p1|LeviPT|hiker-gen4|1076
|player|p2|Darketo12_13_11|volkner|1082
|gen|9
|tier|[Gen 9] OU
|rated|
|rule|HP Percentage Mod: HP is shown in percentages
|rule|Endless Battle Clause: Forcing endless battles is banned
|rule|Species Clause: Limit one of each Pokémon
|rule|OHKO Clause: OHKO moves are banned
|rule|Evasion Items Clause: Evasion items are banned
|rule|Evasion Moves Clause: Evasion moves are banned
|rule|Evasion Abilities Clause: Evasion abilities are banned
|rule|Sleep Moves Clause: Sleep-inducing moves are banned
|clearpoke
|poke|p1|Pelipper, M|
|poke|p1|Rotom-Wash|
|poke|p1|Kingdra, F|
|poke|p1|Gholdengo|
|poke|p1|Iron Treads|
|poke|p1|Tornadus-Therian, M|
|poke|p2|Deoxys-Defense|
|poke|p2|Tyranitar, F|
|poke|p2|Iron Crown|
|poke|p2|Samurott-Hisui, M|
|poke|p2|Corviknight, M|
|poke|p2|Fezandipiti, M|
|teampreview
|inactive|Battle timer is ON: inactive players will automatically lose when time's up. (requested by LeviPT)
|
|t:|1779899625
|teamsize|p1|6
|teamsize|p2|6
|start
|switch|p1a: Pelipper|Pelipper, M|100/100
|switch|p2a: Iron Crown|Iron Crown|100/100
|-weather|RainDance|[from] ability: Drizzle|[of] p1a: Pelipper
|turn|1
|
|t:|1779899636
|move|p2a: Iron Crown|Volt Switch|p1a: Pelipper
|-supereffective|p1a: Pelipper
|-damage|p1a: Pelipper|0 fnt
|faint|p1a: Pelipper
|
|t:|1779899640
|-end|p2a: Iron Crown|Quark Drive|[silent]
|switch|p2a: Deoxys|Deoxys-Defense|100/100|[from] Volt Switch
|-ability|p2a: Deoxys|Pressure
|
|-weather|RainDance|[upkeep]
|upkeep
|
|t:|1779899645
|switch|p1a: Kingdra|Kingdra, F|100/100
|turn|2
|
|t:|1779899653
|move|p1a: Kingdra|Draco Meteor|p2a: Deoxys|[miss]
|-miss|p1a: Kingdra|p2a: Deoxys
|move|p2a: Deoxys|Spikes|p1a: Kingdra
|-sidestart|p1: LeviPT|Spikes
|
|-weather|RainDance|[upkeep]
|upkeep
|turn|3
|
|t:|1779899660
|move|p1a: Kingdra|Draco Meteor|p2a: Deoxys
|-damage|p2a: Deoxys|48/100
|-unboost|p1a: Kingdra|spa|2
|move|p2a: Deoxys|Spikes|p1a: Kingdra
|-sidestart|p1: LeviPT|Spikes
|
|-weather|RainDance|[upkeep]
|-heal|p2a: Deoxys|54/100|[from] item: Leftovers
|upkeep
|turn|4
|
|t:|1779899669
|move|p1a: Kingdra|Draco Meteor|p2a: Deoxys
|-damage|p2a: Deoxys|27/100
|-unboost|p1a: Kingdra|spa|2
|move|p2a: Deoxys|Spikes|p1a: Kingdra
|-sidestart|p1: LeviPT|Spikes
|
|-weather|RainDance|[upkeep]
|-heal|p2a: Deoxys|34/100|[from] item: Leftovers
|upkeep
|turn|5
|
|t:|1779899676
|move|p1a: Kingdra|Draco Meteor|p2a: Deoxys
|-damage|p2a: Deoxys|14/100
|-unboost|p1a: Kingdra|spa|2
|move|p2a: Deoxys|Recover|p2a: Deoxys
|-heal|p2a: Deoxys|64/100
|
|-weather|RainDance|[upkeep]
|-heal|p2a: Deoxys|70/100|[from] item: Leftovers
|upkeep
|turn|6
|
|t:|1779899699
|-activate|p1a: Kingdra|move: Struggle
|move|p1a: Kingdra|Struggle|p2a: Deoxys
|-damage|p2a: Deoxys|63/100
|-damage|p1a: Kingdra|75/100|[from] recoil
|move|p2a: Deoxys|Recover|p2a: Deoxys
|-heal|p2a: Deoxys|100/100
|
|-weather|RainDance|[upkeep]
|upkeep
|turn|7
|
|t:|1779899720
|switch|p1a: Gholdengo|Gholdengo|100/100
|-item|p1a: Gholdengo|Air Balloon
|move|p2a: Deoxys|Teleport|p2a: Deoxys
|inactive|Darketo12_13_11 has 120 seconds left.
|
|t:|1779899736
|switch|p2a: Tyranitar|Tyranitar, F|100/100|[from] Teleport
|-weather|Sandstorm|[from] ability: Sand Stream|[of] p2a: Tyranitar
|
|-weather|Sandstorm|[upkeep]
|upkeep
|turn|8
|
|t:|1779899742
|move|p1a: Gholdengo|Make It Rain|p2a: Tyranitar
|-supereffective|p2a: Tyranitar
|-damage|p2a: Tyranitar|49/100
|-unboost|p1a: Gholdengo|spa|1
|move|p2a: Tyranitar|Knock Off|p1a: Gholdengo
|-supereffective|p1a: Gholdengo
|-damage|p1a: Gholdengo|0 fnt
|-enditem|p1a: Gholdengo|Air Balloon
|faint|p1a: Gholdengo
|
|-weather|Sandstorm|[upkeep]
|upkeep
|
|t:|1779899749
|switch|p1a: Rotom|Rotom-Wash|100/100
|turn|9
|
|t:|1779899760
|-terastallize|p1a: Rotom|Electric
|move|p1a: Rotom|Hydro Pump|p2a: Tyranitar
|-supereffective|p2a: Tyranitar
|-damage|p2a: Tyranitar|12/100
|move|p2a: Tyranitar|Stone Edge|p1a: Rotom
|-crit|p1a: Rotom
|-damage|p1a: Rotom|0 fnt
|faint|p1a: Rotom
|
|-weather|Sandstorm|[upkeep]
|upkeep
|
|t:|1779899766
|switch|p1a: Tornadus|Tornadus-Therian, M|100/100
|turn|10
|
|t:|1779899774
|move|p1a: Tornadus|Grass Knot|p2a: Tyranitar
|-supereffective|p2a: Tyranitar
|-crit|p2a: Tyranitar
|-damage|p2a: Tyranitar|0 fnt
|faint|p2a: Tyranitar
|
|-weather|Sandstorm|[upkeep]
|-damage|p1a: Tornadus|94/100|[from] Sandstorm
|upkeep
|
|t:|1779899787
|switch|p2a: Iron Crown|Iron Crown|100/100
|turn|11
|
|t:|1779899802
|move|p1a: Tornadus|Knock Off|p2a: Iron Crown
|-supereffective|p2a: Iron Crown
|-damage|p2a: Iron Crown|51/100
|-enditem|p2a: Iron Crown|Choice Specs|[from] move: Knock Off|[of] p1a: Tornadus
|move|p2a: Iron Crown|Focus Blast|p1a: Tornadus|[miss]
|-miss|p2a: Iron Crown|p1a: Tornadus
|
|-weather|none
|upkeep
|turn|12
|
|t:|1779899811
|move|p1a: Tornadus|Knock Off|p2a: Iron Crown
|-supereffective|p2a: Iron Crown
|-damage|p2a: Iron Crown|18/100
|move|p2a: Iron Crown|Volt Switch|p1a: Tornadus
|-supereffective|p1a: Tornadus
|-damage|p1a: Tornadus|37/100
|
|t:|1779899824
|-end|p2a: Iron Crown|Quark Drive|[silent]
|switch|p2a: Fezandipiti|Fezandipiti, M|100/100|[from] Volt Switch
|
|upkeep
|turn|13
|
|t:|1779899834
|move|p1a: Tornadus|U-turn|p2a: Fezandipiti
|-resisted|p2a: Fezandipiti
|-damage|p2a: Fezandipiti|97/100
|
|t:|1779899839
|switch|p1a: Iron Treads|Iron Treads|100/100|[from] U-turn
|move|p2a: Fezandipiti|Beat Up|p1a: Iron Treads
|-damage|p1a: Iron Treads|97/100
|-damage|p1a: Iron Treads|95/100
|-damage|p1a: Iron Treads|92/100
|-damage|p1a: Iron Treads|90/100
|-damage|p1a: Iron Treads|87/100
|-hitcount|p1a: Iron Treads|5
|
|upkeep
|turn|14
|
|t:|1779899862
|switch|p2a: Corviknight|Corviknight, M|100/100
|move|p1a: Iron Treads|Earthquake|p2a: Corviknight
|-immune|p2a: Corviknight
|
|upkeep
|turn|15
|
|t:|1779899868
|move|p1a: Iron Treads|Rapid Spin|p2a: Corviknight
|-resisted|p2a: Corviknight
|-damage|p2a: Corviknight|96/100
|-boost|p1a: Iron Treads|spe|1
|-sideend|p1: LeviPT|Spikes|[from] move: Rapid Spin|[of] p1a: Iron Treads
|move|p2a: Corviknight|Iron Defense|p2a: Corviknight
|-boost|p2a: Corviknight|def|2
|
|-heal|p2a: Corviknight|100/100|[from] item: Leftovers
|upkeep
|turn|16
|
|t:|1779899876
|move|p1a: Iron Treads|Rapid Spin|p2a: Corviknight
|-resisted|p2a: Corviknight
|-damage|p2a: Corviknight|98/100
|-boost|p1a: Iron Treads|spe|1
|move|p2a: Corviknight|Body Press|p1a: Iron Treads
|-supereffective|p1a: Iron Treads
|-damage|p1a: Iron Treads|12/100
|
|-heal|p2a: Corviknight|100/100|[from] item: Leftovers
|upkeep
|turn|17
|
|t:|1779899887
|move|p1a: Iron Treads|Volt Switch|p2a: Corviknight
|-supereffective|p2a: Corviknight
|-damage|p2a: Corviknight|75/100
|
|t:|1779899891
|-end|p1a: Iron Treads|Quark Drive|[silent]
|switch|p1a: Kingdra|Kingdra, F|75/100|[from] Volt Switch
|move|p2a: Corviknight|Body Press|p1a: Kingdra
|-damage|p1a: Kingdra|24/100
|
|-heal|p2a: Corviknight|81/100|[from] item: Leftovers
|upkeep
|turn|18
|
|t:|1779899904
|switch|p2a: Fezandipiti|Fezandipiti, M|97/100
|move|p1a: Kingdra|Ice Beam|p2a: Fezandipiti
|-damage|p2a: Fezandipiti|66/100
|
|upkeep
|turn|19
|
|t:|1779899911
|move|p1a: Kingdra|Ice Beam|p2a: Fezandipiti
|-damage|p2a: Fezandipiti|37/100
|move|p2a: Fezandipiti|Play Rough|p1a: Kingdra
|-supereffective|p1a: Kingdra
|-damage|p1a: Kingdra|0 fnt
|faint|p1a: Kingdra
|
|upkeep
|
|t:|1779899918
|switch|p1a: Iron Treads|Iron Treads|12/100
|turn|20
|
|t:|1779899928
|-terastallize|p2a: Fezandipiti|Ground
|move|p1a: Iron Treads|Flash Cannon|p2a: Fezandipiti
|-damage|p2a: Fezandipiti|15/100
|move|p2a: Fezandipiti|Roost|p2a: Fezandipiti
|-heal|p2a: Fezandipiti|65/100
|
|upkeep
|turn|21
|
|t:|1779899938
|move|p1a: Iron Treads|Earthquake|p2a: Fezandipiti
|-crit|p2a: Fezandipiti
|-damage|p2a: Fezandipiti|20/100
|move|p2a: Fezandipiti|Beat Up|p1a: Iron Treads
|-damage|p1a: Iron Treads|9/100
|-damage|p1a: Iron Treads|6/100
|-damage|p1a: Iron Treads|3/100
|-damage|p1a: Iron Treads|0 fnt
|faint|p1a: Iron Treads
|-end|p1a: Iron Treads|Quark Drive|[silent]
|-hitcount|p1: Iron Treads|4
|
|upkeep
|
|t:|1779899942
|switch|p1a: Tornadus|Tornadus-Therian, M|70/100
|turn|22
|
|t:|1779899952
|move|p1a: Tornadus|Grass Knot|p2a: Fezandipiti
|-supereffective|p2a: Fezandipiti
|-damage|p2a: Fezandipiti|0 fnt
|faint|p2a: Fezandipiti
|
|upkeep
|
|t:|1779899958
|switch|p2a: Samurott|Samurott-Hisui, M|100/100
|turn|23
|
|t:|1779899970
|move|p2a: Samurott|Razor Shell|p1a: Tornadus
|-damage|p1a: Tornadus|0 fnt
|faint|p1a: Tornadus
|
|win|Darketo12_13_11
|raw|LeviPT's rating: 1076 &rarr; <strong>1055</strong><br />(-21 for losing)
|raw|Darketo12_13_11's rating: 1082 &rarr; <strong>1109</strong><br />(+27 for winning)
