|j|☆rebaar
|j|☆Misfit_Mischievous
|t:|1779944834
|gametype|singles
|player|p1|rebaar|psychic-gen4|1542
|player|p2|Misfit_Mischievous|biker|1640
|gen|9
|tier|[Gen 9] OU
|rated|
|rule|HP Percentage Mod: HP is shown in percentages
|rule|Endless Battle Clause: Forcing endless battles is banned
|rule|Species Clause: Limit one of each Pokémon
|rule|OHKO Clause: OHKO moves are banned
|rule|Evasion Items Clause: Evasion items are banned
|rule|Evasion Moves Clause: Evasion moves are banned
|rule|Evasion Abilities Clause: Evasion abilities are banned
|rule|Sleep Moves Clause: Sleep-inducing moves are banned
|clearpoke
|poke|p1|Ogerpon-Wellspring, F|
|poke|p1|Kingambit, F|
|poke|p1|Landorus-Therian, M|
|poke|p1|Glimmora, F|
|poke|p1|Dragapult, M|
|poke|p1|Iron Valiant|
|poke|p2|Ting-Lu|
|poke|p2|Zapdos|
|poke|p2|Dragapult, M|
|poke|p2|Ogerpon-Cornerstone, F|
|poke|p2|Gholdengo|
|poke|p2|Great Tusk|
|teampreview
|inactive|Battle timer is ON: inactive players will automatically lose when time's up. (requested by Misfit_Mischievous)
|
|t:|1779944841
|teamsize|p1|6
|teamsize|p2|6
|start
|switch|p1a: Landorus|Landorus-Therian, M|100/100
|switch|p2a: Gholdengo|Gholdengo|100/100
|-ability|p1a: Landorus|Intimidate|boost
|-unboost|p2a: Gholdengo|atk|1
|turn|1
|
|t:|1779944849
|switch|p2a: Zapdos|Zapdos|100/100
|move|p1a: Landorus|Stealth Rock|p2a: Zapdos
|-sidestart|p2: Misfit_Mischievous|move: Stealth Rock
|
|upkeep
|turn|2
|
|t:|1779944855
|switch|p1a: Glimmora|Glimmora, F|100/100
|move|p2a: Zapdos|Hurricane|p1a: Glimmora
|-resisted|p1a: Glimmora
|-damage|p1a: Glimmora|70/100
|
|upkeep
|turn|3
|
|t:|1779944864
|switch|p2a: Ting-Lu|Ting-Lu|100/100
|-damage|p2a: Ting-Lu|94/100|[from] Stealth Rock
|-ability|p2a: Ting-Lu|Vessel of Ruin
|move|p1a: Glimmora|Meteor Beam||[still]
|-prepare|p1a: Glimmora|Meteor Beam
|-boost|p1a: Glimmora|spa|1
|-enditem|p1a: Glimmora|Power Herb
|-anim|p1a: Glimmora|Meteor Beam|p2a: Ting-Lu
|-resisted|p2a: Ting-Lu
|-damage|p2a: Ting-Lu|74/100
|
|-heal|p2a: Ting-Lu|80/100|[from] item: Leftovers
|upkeep
|turn|4
|
|t:|1779944874
|move|p1a: Glimmora|Mortal Spin|p2a: Ting-Lu
|-resisted|p2a: Ting-Lu
|-damage|p2a: Ting-Lu|79/100
|-status|p2a: Ting-Lu|psn
|move|p2a: Ting-Lu|Stealth Rock|p1a: Glimmora
|-sidestart|p1: rebaar|move: Stealth Rock
|
|-heal|p2a: Ting-Lu|85/100 psn|[from] item: Leftovers
|-damage|p2a: Ting-Lu|72/100 psn|[from] psn
|upkeep
|turn|5
|
|t:|1779944884
|move|p1a: Glimmora|Earth Power|p2a: Ting-Lu
|-damage|p2a: Ting-Lu|51/100 psn
|move|p2a: Ting-Lu|Whirlwind|p1a: Glimmora
|drag|p1a: Dragapult|Dragapult, M|100/100
|-damage|p1a: Dragapult|88/100|[from] Stealth Rock
|
|-heal|p2a: Ting-Lu|57/100 psn|[from] item: Leftovers
|-damage|p2a: Ting-Lu|45/100 psn|[from] psn
|upkeep
|turn|6
|
|t:|1779944891
|move|p1a: Dragapult|U-turn|p2a: Ting-Lu
|-supereffective|p2a: Ting-Lu
|-damage|p2a: Ting-Lu|26/100 psn
|
|t:|1779944893
|switch|p1a: Glimmora|Glimmora, F|70/100|[from] U-turn
|-damage|p1a: Glimmora|58/100|[from] Stealth Rock
|move|p2a: Ting-Lu|Spikes|p1a: Glimmora
|-sidestart|p1: rebaar|Spikes
|
|-heal|p2a: Ting-Lu|33/100 psn|[from] item: Leftovers
|-damage|p2a: Ting-Lu|20/100 psn|[from] psn
|upkeep
|turn|7
|
|t:|1779944899
|switch|p2a: Gholdengo|Gholdengo|100/100
|-damage|p2a: Gholdengo|94/100|[from] Stealth Rock
|move|p1a: Glimmora|Mortal Spin|p2a: Gholdengo
|-immune|p2a: Gholdengo
|
|upkeep
|turn|8
|
|t:|1779944909
|move|p2a: Gholdengo|Make It Rain|p1a: Glimmora
|-supereffective|p1a: Glimmora
|-damage|p1a: Glimmora|0 fnt
|-unboost|p2a: Gholdengo|spa|1
|faint|p1a: Glimmora
|
|upkeep
|
|t:|1779944926
|switch|p1a: Dragapult|Dragapult, M|88/100
|-damage|p1a: Dragapult|76/100|[from] Stealth Rock
|-damage|p1a: Dragapult|64/100|[from] Spikes
|turn|9
|
|t:|1779944933
|switch|p2a: Ting-Lu|Ting-Lu|20/100 psn
|-damage|p2a: Ting-Lu|14/100 psn|[from] Stealth Rock
|-ability|p2a: Ting-Lu|Vessel of Ruin
|move|p1a: Dragapult|U-turn|p2a: Ting-Lu
|-supereffective|p2a: Ting-Lu
|-damage|p2a: Ting-Lu|0 fnt
|faint|p2a: Ting-Lu
|
|t:|1779944941
|switch|p1a: Landorus|Landorus-Therian, M|100/100|[from] U-turn
|-damage|p1a: Landorus|88/100|[from] Stealth Rock
|
|upkeep
|
|t:|1779944948
|switch|p2a: Great Tusk|Great Tusk|100/100
|turn|10
|
|t:|1779944955
|move|p1a: Landorus|Taunt|p2a: Great Tusk
|-start|p2a: Great Tusk|move: Taunt
|move|p2a: Great Tusk|Knock Off|p1a: Landorus
|-damage|p1a: Landorus|52/100
|-damage|p2a: Great Tusk|84/100|[from] item: Rocky Helmet|[of] p1a: Landorus
|-enditem|p1a: Landorus|Rocky Helmet|[from] move: Knock Off|[of] p2a: Great Tusk
|
|upkeep
|turn|11
|
|t:|1779944962
|move|p1a: Landorus|Earthquake|p2a: Great Tusk
|-damage|p2a: Great Tusk|52/100
|move|p2a: Great Tusk|Rapid Spin|p1a: Landorus
|-damage|p1a: Landorus|34/100
|-boost|p2a: Great Tusk|spe|1
|-sideend|p2: Misfit_Mischievous|Stealth Rock|[from] move: Rapid Spin|[of] p2a: Great Tusk
|
|upkeep
|turn|12
|
|t:|1779944970
|move|p2a: Great Tusk|Rapid Spin|p1a: Landorus
|-damage|p1a: Landorus|15/100
|-boost|p2a: Great Tusk|spe|1
|move|p1a: Landorus|Earthquake|p2a: Great Tusk
|-damage|p2a: Great Tusk|18/100
|
|-end|p2a: Great Tusk|move: Taunt
|upkeep
|turn|13
|
|t:|1779944982
|move|p2a: Great Tusk|Ice Spinner|p1a: Landorus
|-supereffective|p1a: Landorus
|-damage|p1a: Landorus|0 fnt
|faint|p1a: Landorus
|
|upkeep
|
|t:|1779944986
|switch|p1a: Ogerpon|Ogerpon-Wellspring, F|100/100
|-damage|p1a: Ogerpon|88/100|[from] Stealth Rock
|-damage|p1a: Ogerpon|76/100|[from] Spikes
|turn|14
|
|t:|1779944996
|move|p2a: Great Tusk|Headlong Rush|p1a: Ogerpon
|-resisted|p1a: Ogerpon
|-damage|p1a: Ogerpon|31/100
|-unboost|p2a: Great Tusk|def|1
|-unboost|p2a: Great Tusk|spd|1
|move|p1a: Ogerpon|Horn Leech|p2a: Great Tusk
|-supereffective|p2a: Great Tusk
|-damage|p2a: Great Tusk|0 fnt
|-heal|p1a: Ogerpon|42/100|[from] drain|[of] p2a: Great Tusk
|faint|p2a: Great Tusk
|-end|p2a: Great Tusk|Protosynthesis|[silent]
|
|upkeep
|
|t:|1779945002
|switch|p2a: Dragapult|Dragapult, M|100/100
|turn|15
|
|t:|1779945007
|switch|p1a: Kingambit|Kingambit, F|100/100
|-damage|p1a: Kingambit|94/100|[from] Stealth Rock
|-damage|p1a: Kingambit|82/100|[from] Spikes
|-activate|p1a: Kingambit|ability: Supreme Overlord
|-start|p1a: Kingambit|fallen2|[silent]
|move|p2a: Dragapult|U-turn|p1a: Kingambit
|-damage|p1a: Kingambit|71/100
|
|t:|1779945016
|switch|p2a: Zapdos|Zapdos|100/100|[from] U-turn
|
|-heal|p1a: Kingambit|77/100|[from] item: Leftovers
|upkeep
|turn|16
|
|t:|1779945028
|-end|p1a: Kingambit|fallen2|[silent]
|switch|p1a: Ogerpon|Ogerpon-Wellspring, F|42/100
|-damage|p1a: Ogerpon|30/100|[from] Stealth Rock
|-damage|p1a: Ogerpon|17/100|[from] Spikes
|move|p2a: Zapdos|Discharge|p1a: Ogerpon
|-damage|p1a: Ogerpon|0 fnt
|faint|p1a: Ogerpon
|
|upkeep
|
|t:|1779945032
|switch|p1a: Dragapult|Dragapult, M|64/100
|-damage|p1a: Dragapult|51/100|[from] Stealth Rock
|-damage|p1a: Dragapult|39/100|[from] Spikes
|turn|17
|
|t:|1779945035
|move|p1a: Dragapult|Draco Meteor|p2a: Zapdos
|-damage|p2a: Zapdos|17/100
|-unboost|p1a: Dragapult|spa|2
|move|p2a: Zapdos|Discharge|p1a: Dragapult
|-resisted|p1a: Dragapult
|-damage|p1a: Dragapult|17/100
|-status|p1a: Dragapult|par
|
|upkeep
|turn|18
|
|t:|1779945045
|switch|p2a: Gholdengo|Gholdengo|94/100
|move|p1a: Dragapult|Draco Meteor|p2a: Gholdengo
|-resisted|p2a: Gholdengo
|-damage|p2a: Gholdengo|70/100
|-unboost|p1a: Dragapult|spa|2
|
|upkeep
|turn|19
|
|t:|1779945054
|switch|p1a: Kingambit|Kingambit, F|77/100
|-damage|p1a: Kingambit|71/100|[from] Stealth Rock
|-damage|p1a: Kingambit|58/100|[from] Spikes
|-activate|p1a: Kingambit|ability: Supreme Overlord
|-start|p1a: Kingambit|fallen3|[silent]
|move|p2a: Gholdengo|Shadow Ball|p1a: Kingambit
|-resisted|p1a: Kingambit
|-damage|p1a: Kingambit|39/100
|
|-heal|p1a: Kingambit|45/100|[from] item: Leftovers
|upkeep
|turn|20
|
|t:|1779945062
|switch|p2a: Zapdos|Zapdos|17/100
|move|p1a: Kingambit|Kowtow Cleave|p2a: Zapdos
|-damage|p2a: Zapdos|0 fnt
|-damage|p1a: Kingambit|28/100|[from] item: Rocky Helmet|[of] p2a: Zapdos
|faint|p2a: Zapdos
|
|-heal|p1a: Kingambit|35/100|[from] item: Leftovers
|upkeep
|
|t:|1779945083
|switch|p2a: Gholdengo|Gholdengo|70/100
|turn|21
|
|t:|1779945088
|move|p1a: Kingambit|Sucker Punch||[still]
|-fail|p1a: Kingambit
|move|p2a: Gholdengo|Trick|p1a: Kingambit
|-activate|p2a: Gholdengo|move: Trick|[of] p1a: Kingambit
|-item|p1a: Kingambit|Choice Scarf|[from] move: Trick
|-item|p2a: Gholdengo|Leftovers|[from] move: Trick
|
|-heal|p2a: Gholdengo|76/100|[from] item: Leftovers
|upkeep
|turn|22
|
|t:|1779945099
|move|p2a: Gholdengo|Focus Blast|p1a: Kingambit
|-supereffective|p1a: Kingambit
|-damage|p1a: Kingambit|0 fnt
|faint|p1a: Kingambit
|-end|p1a: Kingambit|fallen3|[silent]
|
|-heal|p2a: Gholdengo|82/100|[from] item: Leftovers
|upkeep
|
|t:|1779945106
|switch|p1a: Iron Valiant|Iron Valiant|100/100
|-damage|p1a: Iron Valiant|94/100|[from] Stealth Rock
|-damage|p1a: Iron Valiant|82/100|[from] Spikes
|-enditem|p1a: Iron Valiant|Booster Energy
|-activate|p1a: Iron Valiant|ability: Quark Drive|[fromitem]
|-start|p1a: Iron Valiant|quarkdrivespe
|turn|23
|
|t:|1779945112
|-terastallize|p2a: Gholdengo|Fairy
|move|p1a: Iron Valiant|Encore|p2a: Gholdengo
|-immune|p2a: Gholdengo|[from] ability: Good as Gold
|move|p2a: Gholdengo|Make It Rain|p1a: Iron Valiant
|-supereffective|p1a: Iron Valiant
|-damage|p1a: Iron Valiant|0 fnt
|-unboost|p2a: Gholdengo|spa|1
|faint|p1a: Iron Valiant
|-end|p1a: Iron Valiant|Quark Drive|[silent]
|
|-heal|p2a: Gholdengo|88/100|[from] item: Leftovers
|upkeep
|-message|rebaar forfeited.
|
|win|Misfit_Mischievous
|raw|rebaar's rating: 1542 &rarr; <strong>1527</strong><br />(-15 for losing)
|raw|Misfit_Mischievous's rating: 1640 &rarr; <strong>1655</strong><br />(+15 for winning)
|l|☆rebaar
|player|p1|
|l|☆Misfit_Mischievous
|player|p2|
