|j|☆kingteth1991
|j|☆fearwanted
|t:|1779930117
|gametype|singles
|player|p1|kingteth1991|170|1451
|player|p2|fearwanted|gwynn|1380
|gen|9
|tier|[Gen 9] OU
|rated|
|rule|HP Percentage Mod: HP is shown in percentages
|rule|Endless Battle Clause: Forcing endless battles is banned
|rule|Species Clause: Limit one of each Pokémon
|rule|OHKO Clause: OHKO moves are banned
|rule|Evasion Items Clause: Evasion items are banned
|rule|Evasion Moves Clause: Evasion moves are banned
|rule|Evasion Abilities Clause: Evasion abilities are banned
|rule|Sleep Moves Clause: Sleep-inducing moves are banned
|clearpoke
|poke|p1|Slowking-Galar, M|
|poke|p1|Tinkaton, F|
|poke|p1|Kyurem|
|poke|p1|Moltres|
|poke|p1|Sinistcha|
|poke|p1|Landorus-Therian, M|
|poke|p2|Haxorus, M|
|poke|p2|Slowking-Galar, F|
|poke|p2|Samurott-Hisui, F|
|poke|p2|Zapdos|
|poke|p2|Great Tusk|
|poke|p2|Gholdengo|
|teampreview
|inactive|Battle timer is ON: inactive players will automatically lose when time's up. (requested by kingteth1991)
|
|t:|1779930137
|teamsize|p1|6
|teamsize|p2|6
|start
|switch|p1a: Tinkaton|Tinkaton, F|100/100
|switch|p2a: Zapdos|Zapdos|100/100
|-ability|p1a: Tinkaton|Mold Breaker
|-item|p1a: Tinkaton|Air Balloon
|turn|1
|
|t:|1779930141
|move|p2a: Zapdos|Volt Switch|p1a: Tinkaton
|-damage|p1a: Tinkaton|81/100
|-enditem|p1a: Tinkaton|Air Balloon
|
|t:|1779930159
|switch|p2a: Great Tusk|Great Tusk|100/100|[from] Volt Switch
|move|p1a: Tinkaton|Stealth Rock|p2a: Great Tusk
|-sidestart|p2: fearwanted|move: Stealth Rock
|
|upkeep
|turn|2
|
|t:|1779930164
|switch|p1a: Sinistcha|Sinistcha|100/100
|move|p2a: Great Tusk|Headlong Rush|p1a: Sinistcha
|-resisted|p1a: Sinistcha
|-damage|p1a: Sinistcha|81/100
|-unboost|p2a: Great Tusk|def|1
|-unboost|p2a: Great Tusk|spd|1
|
|upkeep
|turn|3
|
|t:|1779930172
|move|p2a: Great Tusk|Stealth Rock|p1a: Sinistcha
|-sidestart|p1: kingteth1991|move: Stealth Rock
|move|p1a: Sinistcha|Matcha Gotcha|p2a: Great Tusk
|-supereffective|p2a: Great Tusk
|-damage|p2a: Great Tusk|0 fnt
|-heal|p1a: Sinistcha|100/100|[from] drain|[of] p2a: Great Tusk
|faint|p2a: Great Tusk
|-end|p2a: Great Tusk|Protosynthesis|[silent]
|
|upkeep
|
|t:|1779930185
|switch|p2a: Slowking|Slowking-Galar, F|100/100
|turn|4
|
|t:|1779930206
|-terastallize|p1a: Sinistcha|Poison
|move|p1a: Sinistcha|Calm Mind|p1a: Sinistcha
|-boost|p1a: Sinistcha|spa|1
|-boost|p1a: Sinistcha|spd|1
|move|p2a: Slowking|Future Sight|p1a: Sinistcha
|-start|p2a: Slowking|move: Future Sight
|
|upkeep
|turn|5
|
|t:|1779930213
|move|p1a: Sinistcha|Calm Mind|p1a: Sinistcha
|-boost|p1a: Sinistcha|spa|1
|-boost|p1a: Sinistcha|spd|1
|move|p2a: Slowking|Psychic Noise|p1a: Sinistcha
|-supereffective|p1a: Sinistcha
|-damage|p1a: Sinistcha|69/100
|-start|p1a: Sinistcha|move: Heal Block
|
|upkeep
|turn|6
|
|t:|1779930220
|move|p1a: Sinistcha|Shadow Ball|p2a: Slowking
|-supereffective|p2a: Slowking
|-damage|p2a: Slowking|30/100
|move|p2a: Slowking|Psychic Noise|p1a: Sinistcha
|-supereffective|p1a: Sinistcha
|-damage|p1a: Sinistcha|37/100
|
|-end|p1a: Sinistcha|move: Future Sight
|-supereffective|p1a: Sinistcha
|-damage|p1a: Sinistcha|0 fnt
|faint|p1a: Sinistcha
|upkeep
|
|t:|1779930227
|switch|p1a: Landorus|Landorus-Therian, M|100/100
|-damage|p1a: Landorus|88/100|[from] Stealth Rock
|-ability|p1a: Landorus|Intimidate|boost
|-unboost|p2a: Slowking|atk|1
|turn|7
|
|t:|1779930231
|switch|p2a: Samurott|Samurott-Hisui, F|100/100
|-damage|p2a: Samurott|88/100|[from] Stealth Rock
|move|p1a: Landorus|Rock Tomb|p2a: Samurott
|-damage|p2a: Samurott|61/100
|-unboost|p2a: Samurott|spe|1
|
|upkeep
|turn|8
|
|t:|1779930236
|move|p1a: Landorus|Earthquake|p2a: Samurott
|-damage|p2a: Samurott|0 fnt
|faint|p2a: Samurott
|
|upkeep
|
|t:|1779930246
|switch|p2a: Zapdos|Zapdos|100/100
|turn|9
|
|t:|1779930249
|move|p1a: Landorus|Rock Tomb|p2a: Zapdos
|-supereffective|p2a: Zapdos
|-damage|p2a: Zapdos|69/100
|-unboost|p2a: Zapdos|spe|1
|move|p2a: Zapdos|Hurricane|p1a: Landorus
|-damage|p1a: Landorus|33/100
|
|upkeep
|turn|10
|
|t:|1779930257
|move|p1a: Landorus|Rock Tomb|p2a: Zapdos
|-supereffective|p2a: Zapdos
|-damage|p2a: Zapdos|38/100
|-unboost|p2a: Zapdos|spe|1
|move|p2a: Zapdos|Hurricane|p1a: Landorus
|-damage|p1a: Landorus|0 fnt
|faint|p1a: Landorus
|
|upkeep
|
|t:|1779930265
|switch|p1a: Kyurem|Kyurem|100/100
|-ability|p1a: Kyurem|Pressure
|turn|11
|
|t:|1779930274
|move|p1a: Kyurem|Ice Beam|p2a: Zapdos
|-supereffective|p2a: Zapdos
|-damage|p2a: Zapdos|0 fnt
|faint|p2a: Zapdos
|
|upkeep
|
|t:|1779930290
|switch|p2a: Gholdengo|Gholdengo|100/100
|-damage|p2a: Gholdengo|94/100|[from] Stealth Rock
|-item|p2a: Gholdengo|Air Balloon
|turn|12
|
|t:|1779930300
|switch|p1a: Moltres|Moltres|100/100
|move|p2a: Gholdengo|Nasty Plot|p2a: Gholdengo
|-boost|p2a: Gholdengo|spa|2
|
|upkeep
|turn|13
|
|t:|1779930306
|move|p2a: Gholdengo|Shadow Ball|p1a: Moltres
|-damage|p1a: Moltres|49/100
|move|p1a: Moltres|Flamethrower|p2a: Gholdengo
|-supereffective|p2a: Gholdengo
|-damage|p2a: Gholdengo|26/100
|-status|p2a: Gholdengo|brn
|-enditem|p2a: Gholdengo|Air Balloon
|
|-damage|p2a: Gholdengo|20/100 brn|[from] brn
|upkeep
|turn|14
|
|t:|1779930311
|move|p2a: Gholdengo|Shadow Ball|p1a: Moltres
|-damage|p1a: Moltres|2/100
|move|p1a: Moltres|Flamethrower|p2a: Gholdengo
|-supereffective|p2a: Gholdengo
|-damage|p2a: Gholdengo|0 fnt
|faint|p2a: Gholdengo
|
|upkeep
|
|t:|1779930322
|switch|p2a: Featured Mon|Haxorus, M|100/100
|-damage|p2a: Featured Mon|88/100|[from] Stealth Rock
|-ability|p2a: Featured Mon|Mold Breaker
|turn|15
|
|t:|1779930325
|move|p2a: Featured Mon|Iron Head|p1a: Moltres
|-resisted|p1a: Moltres
|-damage|p1a: Moltres|0 fnt
|faint|p1a: Moltres
|
|upkeep
|
|t:|1779930328
|switch|p1a: Tinkaton|Tinkaton, F|81/100
|-damage|p1a: Tinkaton|75/100|[from] Stealth Rock
|-ability|p1a: Tinkaton|Mold Breaker
|turn|16
|
|t:|1779930332
|-terastallize|p2a: Featured Mon|Steel
|move|p2a: Featured Mon|Dragon Dance|p2a: Featured Mon
|-boost|p2a: Featured Mon|atk|1
|-boost|p2a: Featured Mon|spe|1
|move|p1a: Tinkaton|Thunder Wave|p2a: Featured Mon
|-status|p2a: Featured Mon|par
|-enditem|p2a: Featured Mon|Lum Berry|[eat]
|-curestatus|p2a: Featured Mon|par|[msg]
|
|upkeep
|turn|17
|
|t:|1779930338
|move|p2a: Featured Mon|Earthquake|p1a: Tinkaton
|-supereffective|p1a: Tinkaton
|-damage|p1a: Tinkaton|0 fnt
|faint|p1a: Tinkaton
|
|upkeep
|
|t:|1779930342
|switch|p1a: Kyurem|Kyurem|100/100
|-ability|p1a: Kyurem|Pressure
|turn|18
|
|t:|1779930345
|move|p2a: Featured Mon|Iron Head|p1a: Kyurem
|-supereffective|p1a: Kyurem
|-damage|p1a: Kyurem|0 fnt
|faint|p1a: Kyurem
|
|upkeep
|-message|kingteth1991 forfeited.
|
|win|fearwanted
|raw|kingteth1991's rating: 1451 &rarr; <strong>1427</strong><br />(-24 for losing)
|raw|fearwanted's rating: 1380 &rarr; <strong>1404</strong><br />(+24 for winning)
|l|☆kingteth1991
|player|p1|
|c|☆fearwanted|gg
