|j|☆ghostoftheranch
|j|☆volcaronaisboss
|t:|1779803285
|gametype|singles
|player|p1|ghostoftheranch|medium|1588
|player|p2|volcaronaisboss|burglar-gen3|1596
|gen|9
|tier|[Gen 9] OU
|rated|
|rule|HP Percentage Mod: HP is shown in percentages
|rule|Endless Battle Clause: Forcing endless battles is banned
|rule|Species Clause: Limit one of each Pokémon
|rule|OHKO Clause: OHKO moves are banned
|rule|Evasion Items Clause: Evasion items are banned
|rule|Evasion Moves Clause: Evasion moves are banned
|rule|Evasion Abilities Clause: Evasion abilities are banned
|rule|Sleep Moves Clause: Sleep-inducing moves are banned
|clearpoke
|poke|p1|Torkoal, F|
|poke|p1|Fezandipiti, M|
|poke|p1|Great Tusk|
|poke|p1|Cinderace, F|
|poke|p1|Mandibuzz, F|
|poke|p1|Volcanion|
|poke|p2|Comfey, F|
|poke|p2|Whimsicott, F|
|poke|p2|Iron Moth|
|poke|p2|Walking Wake|
|poke|p2|Great Tusk|
|poke|p2|Ninetales, F|
|teampreview
|inactive|Battle timer is ON: inactive players will automatically lose when time's up. (requested by volcaronaisboss)
|inactive|ghostoftheranch has 120 seconds left.
|
|t:|1779803327
|teamsize|p1|6
|teamsize|p2|6
|start
|switch|p1a: Great Tusk|Great Tusk|100/100
|switch|p2a: Walking Wake|Walking Wake|100/100
|turn|1
|
|t:|1779803340
|-end|p1a: Great Tusk|Protosynthesis|[silent]
|switch|p1a: Volcanion|Volcanion|100/100
|move|p2a: Walking Wake|Knock Off|p1a: Volcanion
|-damage|p1a: Volcanion|85/100
|-enditem|p1a: Volcanion|Choice Specs|[from] move: Knock Off|[of] p2a: Walking Wake
|
|upkeep
|turn|2
|
|t:|1779803352
|move|p2a: Walking Wake|Draco Meteor|p1a: Volcanion
|-damage|p1a: Volcanion|13/100
|-unboost|p2a: Walking Wake|spa|2
|move|p1a: Volcanion|Earth Power|p2a: Walking Wake
|-damage|p2a: Walking Wake|79/100
|
|upkeep
|turn|3
|
|t:|1779803363
|switch|p1a: Fezandipiti|Fezandipiti, M|100/100
|move|p2a: Walking Wake|Draco Meteor|p1a: Fezandipiti
|-immune|p1a: Fezandipiti
|
|upkeep
|turn|4
|
|t:|1779803375
|-end|p2a: Walking Wake|Protosynthesis|[silent]
|switch|p2a: Iron Moth|Iron Moth|100/100
|-enditem|p2a: Iron Moth|Booster Energy
|-activate|p2a: Iron Moth|ability: Quark Drive|[fromitem]
|-start|p2a: Iron Moth|quarkdrivespa
|move|p1a: Fezandipiti|Nasty Plot|p1a: Fezandipiti
|-boost|p1a: Fezandipiti|spa|2
|
|upkeep
|turn|5
|
|t:|1779803385
|switch|p1a: Mandibuzz|Mandibuzz, F|100/100
|move|p2a: Iron Moth|Fiery Dance|p1a: Mandibuzz
|-damage|p1a: Mandibuzz|50/100
|
|upkeep
|turn|6
|
|t:|1779803389
|switch|p1a: Torkoal|Torkoal, F|100/100
|-weather|SunnyDay|[from] ability: Drought|[of] p1a: Torkoal
|move|p2a: Iron Moth|Fiery Dance|p1a: Torkoal
|-resisted|p1a: Torkoal
|-damage|p1a: Torkoal|44/100
|-boost|p2a: Iron Moth|spa|1
|
|-weather|SunnyDay|[upkeep]
|upkeep
|turn|7
|
|t:|1779803394
|move|p2a: Iron Moth|Fiery Dance|p1a: Torkoal
|-resisted|p1a: Torkoal
|-damage|p1a: Torkoal|0 fnt
|-boost|p2a: Iron Moth|spa|1
|faint|p1a: Torkoal
|
|-weather|SunnyDay|[upkeep]
|upkeep
|
|t:|1779803400
|switch|p1a: Great Tusk|Great Tusk|100/100
|-activate|p1a: Great Tusk|ability: Protosynthesis
|-start|p1a: Great Tusk|protosynthesisatk
|turn|8
|
|t:|1779803405
|move|p1a: Great Tusk|Headlong Rush|p2a: Iron Moth
|-supereffective|p2a: Iron Moth
|-damage|p2a: Iron Moth|0 fnt
|-unboost|p1a: Great Tusk|def|1
|-unboost|p1a: Great Tusk|spd|1
|faint|p2a: Iron Moth
|-end|p2a: Iron Moth|Quark Drive|[silent]
|
|-weather|SunnyDay|[upkeep]
|upkeep
|
|t:|1779803411
|switch|p2a: Whimsicott|Whimsicott, F|100/100
|turn|9
|
|t:|1779803421
|move|p2a: Whimsicott|Growth|p2a: Whimsicott
|-boost|p2a: Whimsicott|atk|2
|-boost|p2a: Whimsicott|spa|2
|move|p1a: Great Tusk|Headlong Rush|p2a: Whimsicott
|-resisted|p2a: Whimsicott
|-damage|p2a: Whimsicott|46/100
|-unboost|p1a: Great Tusk|def|1
|-unboost|p1a: Great Tusk|spd|1
|
|-weather|SunnyDay|[upkeep]
|upkeep
|turn|10
|
|t:|1779803433
|-end|p1a: Great Tusk|Protosynthesis|[silent]
|switch|p1a: Fezandipiti|Fezandipiti, M|100/100
|move|p2a: Whimsicott|Giga Drain|p1a: Fezandipiti
|-resisted|p1a: Fezandipiti
|-damage|p1a: Fezandipiti|72/100
|-heal|p2a: Whimsicott|64/100|[from] drain|[of] p1a: Fezandipiti
|-damage|p2a: Whimsicott|54/100|[from] item: Life Orb
|
|-weather|SunnyDay|[upkeep]
|-heal|p1a: Fezandipiti|78/100|[from] item: Leftovers
|upkeep
|turn|11
|
|t:|1779803444
|move|p2a: Whimsicott|Shadow Ball|p1a: Fezandipiti
|-damage|p1a: Fezandipiti|39/100
|-damage|p2a: Whimsicott|44/100|[from] item: Life Orb
|move|p1a: Fezandipiti|Sludge Bomb|p2a: Whimsicott
|-supereffective|p2a: Whimsicott
|-damage|p2a: Whimsicott|0 fnt
|faint|p2a: Whimsicott
|
|-weather|SunnyDay|[upkeep]
|-heal|p1a: Fezandipiti|45/100|[from] item: Leftovers
|upkeep
|
|t:|1779803457
|switch|p2a: Great Tusk|Great Tusk|100/100
|-activate|p2a: Great Tusk|ability: Protosynthesis
|-start|p2a: Great Tusk|protosynthesisspe
|turn|12
|
|t:|1779803471
|switch|p1a: Mandibuzz|Mandibuzz, F|50/100
|move|p2a: Great Tusk|Stealth Rock|p1a: Mandibuzz
|-sidestart|p1: ghostoftheranch|move: Stealth Rock
|
|-weather|SunnyDay|[upkeep]
|upkeep
|turn|13
|
|t:|1779803479
|move|p2a: Great Tusk|Ice Spinner|p1a: Mandibuzz
|-supereffective|p1a: Mandibuzz
|-damage|p1a: Mandibuzz|23/100
|-damage|p2a: Great Tusk|84/100|[from] item: Rocky Helmet|[of] p1a: Mandibuzz
|move|p1a: Mandibuzz|Roost|p1a: Mandibuzz
|-heal|p1a: Mandibuzz|73/100
|-singleturn|p1a: Mandibuzz|move: Roost
|
|-weather|none
|-end|p2a: Great Tusk|Protosynthesis
|upkeep
|turn|14
|
|t:|1779803486
|-end|p2a: Great Tusk|Protosynthesis|[silent]
|switch|p2a: Ninetales|Ninetales, F|100/100
|-weather|SunnyDay|[from] ability: Drought|[of] p2a: Ninetales
|move|p1a: Mandibuzz|Defog|p2a: Ninetales
|-unboost|p2a: Ninetales|evasion|1
|-sideend|p1: ghostoftheranch|Stealth Rock|[from] move: Defog|[of] p1a: Mandibuzz
|
|-weather|SunnyDay|[upkeep]
|upkeep
|turn|15
|
|t:|1779803493
|switch|p1a: Volcanion|Volcanion|13/100
|move|p2a: Ninetales|Healing Wish|p2a: Ninetales
|faint|p2a: Ninetales
|
|-weather|SunnyDay|[upkeep]
|upkeep
|
|t:|1779803495
|switch|p2a: Comfey|Comfey, F|100/100
|turn|16
|
|t:|1779803504
|switch|p1a: Fezandipiti|Fezandipiti, M|45/100
|-terastallize|p2a: Comfey|Water
|move|p2a: Comfey|Growth|p2a: Comfey
|-boost|p2a: Comfey|atk|2
|-boost|p2a: Comfey|spa|2
|
|-weather|SunnyDay|[upkeep]
|-heal|p1a: Fezandipiti|52/100|[from] item: Leftovers
|upkeep
|turn|17
|
|t:|1779803531
|move|p2a: Comfey|Stored Power|p1a: Fezandipiti
|-supereffective|p1a: Fezandipiti
|-crit|p1a: Fezandipiti
|-damage|p1a: Fezandipiti|0 fnt
|faint|p1a: Fezandipiti
|-damage|p2a: Comfey|91/100|[from] item: Life Orb
|
|-weather|SunnyDay|[upkeep]
|upkeep
|inactive|ghostoftheranch has 120 seconds left.
|inactive|ghostoftheranch has 90 seconds left.
|
|t:|1779803583
|switch|p1a: Mandibuzz|Mandibuzz, F|73/100
|turn|18
|
|t:|1779803589
|move|p2a: Comfey|Draining Kiss|p1a: Mandibuzz
|-supereffective|p1a: Mandibuzz
|-damage|p1a: Mandibuzz|0 fnt
|-heal|p2a: Comfey|100/100|[from] drain|[of] p1a: Mandibuzz
|-damage|p2a: Comfey|84/100|[from] item: Rocky Helmet|[of] p1a: Mandibuzz
|faint|p1a: Mandibuzz
|-damage|p2a: Comfey|74/100|[from] item: Life Orb
|
|-weather|SunnyDay|[upkeep]
|upkeep
|
|t:|1779803596
|switch|p1a: Cinderace|Cinderace, F|100/100
|turn|19
|inactive|ghostoftheranch has 90 seconds left.
|
|t:|1779803601
|move|p1a: Cinderace|High Jump Kick|p2a: Comfey
|-start|p1a: Cinderace|typechange|Fighting|[from] ability: Libero
|-damage|p2a: Comfey|0 fnt
|faint|p2a: Comfey
|
|-weather|SunnyDay|[upkeep]
|upkeep
|
|t:|1779803610
|switch|p2a: Walking Wake|Walking Wake|79/100
|-heal|p2a: Walking Wake|100/100|[from] move: Healing Wish
|-activate|p2a: Walking Wake|ability: Protosynthesis
|-start|p2a: Walking Wake|protosynthesisspe
|turn|20
|inactive|ghostoftheranch has 90 seconds left.
|
|t:|1779803655
|switch|p1a: Volcanion|Volcanion|13/100
|move|p2a: Walking Wake|Draco Meteor|p1a: Volcanion
|-damage|p1a: Volcanion|0 fnt
|-unboost|p2a: Walking Wake|spa|2
|faint|p1a: Volcanion
|
|-weather|SunnyDay|[upkeep]
|upkeep
|inactive|ghostoftheranch has 60 seconds left.
|
|t:|1779803668
|switch|p1a: Cinderace|Cinderace, F|100/100
|turn|21
|
|t:|1779803675
|move|p2a: Walking Wake|Hydro Steam|p1a: Cinderace
|-supereffective|p1a: Cinderace
|-damage|p1a: Cinderace|20/100
|move|p1a: Cinderace|High Jump Kick|p2a: Walking Wake
|-start|p1a: Cinderace|typechange|Fighting|[from] ability: Libero
|-damage|p2a: Walking Wake|39/100
|
|-weather|none
|-end|p2a: Walking Wake|Protosynthesis
|upkeep
|turn|22
|inactive|ghostoftheranch has 60 seconds left.
|
|t:|1779803693
|-end|p2a: Walking Wake|Protosynthesis|[silent]
|switch|p2a: Great Tusk|Great Tusk|84/100
|move|p1a: Cinderace|Sucker Punch||[still]
|-fail|p1a: Cinderace
|
|upkeep
|turn|23
|inactive|ghostoftheranch has 60 seconds left.
|
|t:|1779803711
|-terastallize|p1a: Cinderace|Fire
|move|p1a: Cinderace|Pyro Ball|p2a: Great Tusk
|-damage|p2a: Great Tusk|40/100
|move|p2a: Great Tusk|Rapid Spin|p1a: Cinderace
|-damage|p1a: Cinderace|0 fnt
|-boost|p2a: Great Tusk|spe|1
|faint|p1a: Cinderace
|
|upkeep
|
|t:|1779803716
|switch|p1a: Great Tusk|Great Tusk|100/100
|turn|24
|inactive|ghostoftheranch has 60 seconds left.
|
|t:|1779803733
|move|p2a: Great Tusk|Headlong Rush|p1a: Great Tusk
|-damage|p1a: Great Tusk|59/100
|-unboost|p2a: Great Tusk|def|1
|-unboost|p2a: Great Tusk|spd|1
|move|p1a: Great Tusk|Headlong Rush|p2a: Great Tusk
|-damage|p2a: Great Tusk|0 fnt
|-unboost|p1a: Great Tusk|def|1
|-unboost|p1a: Great Tusk|spd|1
|-damage|p1a: Great Tusk|43/100|[from] item: Rocky Helmet|[of] p2a: Great Tusk
|faint|p2a: Great Tusk
|-end|p2a: Great Tusk|Protosynthesis|[silent]
|
|upkeep
|
|t:|1779803740
|switch|p2a: Walking Wake|Walking Wake|39/100
|turn|25
|
|t:|1779803742
|move|p1a: Great Tusk|Headlong Rush|p2a: Walking Wake
|-crit|p2a: Walking Wake
|-damage|p2a: Walking Wake|0 fnt
|-unboost|p1a: Great Tusk|def|1
|-unboost|p1a: Great Tusk|spd|1
|faint|p2a: Walking Wake
|-end|p2a: Walking Wake|Protosynthesis|[silent]
|
|win|ghostoftheranch
|raw|ghostoftheranch's rating: 1588 &rarr; <strong>1608</strong><br />(+20 for winning)
|raw|volcaronaisboss's rating: 1596 &rarr; <strong>1576</strong><br />(-20 for losing)
|l|☆volcaronaisboss
|player|p2|
|l|☆ghostoftheranch
|player|p1|
