|j|☆hameed425
|j|☆Fine and Sandy
|t:|1779863806
|gametype|singles
|player|p1|hameed425|102|1385
|player|p2|Fine and Sandy|101|1388
|gen|9
|tier|[Gen 9] OU
|rated|
|rule|HP Percentage Mod: HP is shown in percentages
|rule|Endless Battle Clause: Forcing endless battles is banned
|rule|Species Clause: Limit one of each Pokémon
|rule|OHKO Clause: OHKO moves are banned
|rule|Evasion Items Clause: Evasion items are banned
|rule|Evasion Moves Clause: Evasion moves are banned
|rule|Evasion Abilities Clause: Evasion abilities are banned
|rule|Sleep Moves Clause: Sleep-inducing moves are banned
|clearpoke
|poke|p1|Ribombee, F|
|poke|p1|Kingambit, F|
|poke|p1|Serperior, M|
|poke|p1|Cinderace, M|
|poke|p1|Milotic, M|
|poke|p1|Gothitelle, M|
|poke|p2|Talonflame, M|
|poke|p2|Hatterene, F|
|poke|p2|Ogerpon-Wellspring, F|
|poke|p2|Raging Bolt|
|poke|p2|Great Tusk|
|poke|p2|Alomomola, F|
|teampreview
|
|t:|1779863824
|teamsize|p1|6
|teamsize|p2|6
|start
|switch|p1a: Ribombee|Ribombee, F|100/100
|switch|p2a: Hatterene|Hatterene, F|100/100
|turn|1
|
|t:|1779863830
|move|p1a: Ribombee|Sticky Web|p2a: Hatterene
|move|p2a: Hatterene|Sticky Web|p1a: Ribombee|[from] ability: Magic Bounce
|-sidestart|p1: hameed425|move: Sticky Web
|move|p2a: Hatterene|Nuzzle|p1a: Ribombee
|-damage|p1a: Ribombee|94/100
|
|upkeep
|turn|2
|inactive|Battle timer is ON: inactive players will automatically lose when time's up. (requested by Fine and Sandy)
|
|t:|1779863834
|move|p1a: Ribombee|Moonblast|p2a: Hatterene
|-damage|p2a: Hatterene|76/100
|-unboost|p2a: Hatterene|spa|1
|move|p2a: Hatterene|Mystical Fire|p1a: Ribombee
|-supereffective|p1a: Ribombee
|-damage|p1a: Ribombee|35/100
|
|upkeep
|turn|3
|
|t:|1779863841
|move|p1a: Ribombee|Moonblast|p2a: Hatterene
|-damage|p2a: Hatterene|50/100
|-unboost|p2a: Hatterene|spa|1
|move|p2a: Hatterene|Mystical Fire|p1a: Ribombee
|-supereffective|p1a: Ribombee
|-damage|p1a: Ribombee|0 fnt
|faint|p1a: Ribombee
|
|upkeep
|
|t:|1779863857
|switch|p1a: Serperior|Serperior, M|100/100
|-activate|p1a: Serperior|move: Sticky Web
|-boost|p1a: Serperior|spe|1
|turn|4
|
|t:|1779863862
|move|p1a: Serperior|Leaf Storm|p2a: Hatterene
|-damage|p2a: Hatterene|20/100
|-boost|p1a: Serperior|spa|2
|move|p2a: Hatterene|Nuzzle|p1a: Serperior
|-resisted|p1a: Serperior
|-damage|p1a: Serperior|98/100
|-status|p1a: Serperior|par
|
|-heal|p1a: Serperior|100/100 par|[from] item: Leftovers
|upkeep
|turn|5
|
|t:|1779863869
|cant|p1a: Serperior|par
|move|p2a: Hatterene|Mystical Fire|p1a: Serperior
|-supereffective|p1a: Serperior
|-damage|p1a: Serperior|67/100 par
|-boost|p1a: Serperior|spa|1
|
|-heal|p1a: Serperior|73/100 par|[from] item: Leftovers
|upkeep
|turn|6
|
|t:|1779863871
|move|p1a: Serperior|Leaf Storm|p2a: Hatterene
|-damage|p2a: Hatterene|0 fnt
|-boost|p1a: Serperior|spa|2
|faint|p2a: Hatterene
|
|-heal|p1a: Serperior|79/100 par|[from] item: Leftovers
|upkeep
|
|t:|1779863878
|switch|p2a: Talonflame|Talonflame, M|100/100
|turn|7
|
|t:|1779863883
|move|p2a: Talonflame|Brave Bird|p1a: Serperior
|-supereffective|p1a: Serperior
|-damage|p1a: Serperior|0 fnt
|faint|p1a: Serperior
|-damage|p2a: Talonflame|75/100|[from] Recoil
|
|upkeep
|
|t:|1779863888
|switch|p1a: Milotic|Milotic, M|100/100
|-activate|p1a: Milotic|move: Sticky Web
|-unboost|p1a: Milotic|spe|1
|-ability|p1a: Milotic|Competitive|boost
|-boost|p1a: Milotic|spa|2
|turn|8
|
|t:|1779863895
|switch|p2a: Raging Bolt|Raging Bolt|100/100
|move|p1a: Milotic|Ice Beam|p2a: Raging Bolt
|-supereffective|p2a: Raging Bolt
|-damage|p2a: Raging Bolt|52/100
|
|upkeep
|turn|9
|
|t:|1779863903
|-terastallize|p1a: Milotic|Fire
|move|p2a: Raging Bolt|Thunderbolt|p1a: Milotic
|-damage|p1a: Milotic|64/100
|move|p1a: Milotic|Draining Kiss|p2a: Raging Bolt
|-supereffective|p2a: Raging Bolt
|-damage|p2a: Raging Bolt|23/100
|-heal|p1a: Milotic|90/100|[from] drain|[of] p2a: Raging Bolt
|
|-heal|p1a: Milotic|96/100|[from] item: Leftovers
|upkeep
|turn|10
|
|t:|1779863913
|move|p2a: Raging Bolt|Draco Meteor|p1a: Milotic
|-crit|p1a: Milotic
|-damage|p1a: Milotic|17/100
|-unboost|p2a: Raging Bolt|spa|2
|move|p1a: Milotic|Draining Kiss|p2a: Raging Bolt
|-supereffective|p2a: Raging Bolt
|-damage|p2a: Raging Bolt|0 fnt
|-heal|p1a: Milotic|37/100|[from] drain|[of] p2a: Raging Bolt
|faint|p2a: Raging Bolt
|-end|p2a: Raging Bolt|Protosynthesis|[silent]
|
|-heal|p1a: Milotic|43/100|[from] item: Leftovers
|upkeep
|
|t:|1779863921
|switch|p2a: Ogerpon|Ogerpon-Wellspring, F|100/100
|turn|11
|
|t:|1779863947
|move|p2a: Ogerpon|Ivy Cudgel|p1a: Milotic|[anim] Ivy Cudgel Water
|-supereffective|p1a: Milotic
|-damage|p1a: Milotic|0 fnt
|faint|p1a: Milotic
|
|upkeep
|
|t:|1779863950
|switch|p1a: Gothitelle|Gothitelle, M|100/100
|-activate|p1a: Gothitelle|move: Sticky Web
|-unboost|p1a: Gothitelle|spe|1
|-ability|p1a: Gothitelle|Competitive|boost
|-boost|p1a: Gothitelle|spa|2
|turn|12
|
|t:|1779863969
|-terastallize|p2a: Ogerpon|Water
|detailschange|p2a: Ogerpon|Ogerpon-Wellspring-Tera, F, tera:Water
|-ability|p2a: Ogerpon|Embody Aspect (Wellspring)|boost
|-boost|p2a: Ogerpon|spd|1
|move|p2a: Ogerpon|Knock Off|p1a: Gothitelle
|-supereffective|p1a: Gothitelle
|-damage|p1a: Gothitelle|22/100
|-enditem|p1a: Gothitelle|Leftovers|[from] move: Knock Off|[of] p2a: Ogerpon
|move|p1a: Gothitelle|Trick Room|p1a: Gothitelle
|-fieldstart|move: Trick Room|[of] p1a: Gothitelle
|
|upkeep
|turn|13
|
|t:|1779863983
|move|p1a: Gothitelle|Energy Ball|p2a: Ogerpon
|-supereffective|p2a: Ogerpon
|-damage|p2a: Ogerpon|8/100
|-unboost|p2a: Ogerpon|spd|1
|move|p2a: Ogerpon|U-turn|p1a: Gothitelle
|-supereffective|p1a: Gothitelle
|-damage|p1a: Gothitelle|0 fnt
|faint|p1a: Gothitelle
|
|t:|1779863986
|switch|p2a: Alomomola|Alomomola, F|100/100|[from] U-turn
|
|upkeep
|
|t:|1779863991
|switch|p1a: Kingambit|Kingambit, F|100/100
|-activate|p1a: Kingambit|move: Sticky Web
|-unboost|p1a: Kingambit|spe|1
|-ability|p1a: Kingambit|Defiant|boost
|-boost|p1a: Kingambit|atk|2
|turn|14
|
|t:|1779863995
|move|p1a: Kingambit|Kowtow Cleave|p2a: Alomomola
|-damage|p2a: Alomomola|30/100
|-damage|p1a: Kingambit|91/100|[from] item: Life Orb
|move|p2a: Alomomola|Tickle|p1a: Kingambit
|-unboost|p1a: Kingambit|atk|1
|-ability|p1a: Kingambit|Defiant|boost
|-boost|p1a: Kingambit|atk|2
|-unboost|p1a: Kingambit|def|1
|-ability|p1a: Kingambit|Defiant|boost
|-boost|p1a: Kingambit|atk|2
|
|upkeep
|turn|15
|
|t:|1779864001
|switch|p2a: Great Tusk|Great Tusk|100/100
|move|p1a: Kingambit|Kowtow Cleave|p2a: Great Tusk
|-resisted|p2a: Great Tusk
|-damage|p2a: Great Tusk|26/100
|-damage|p1a: Kingambit|81/100|[from] item: Life Orb
|
|upkeep
|turn|16
|
|t:|1779864009
|move|p1a: Kingambit|Kowtow Cleave|p2a: Great Tusk
|-resisted|p2a: Great Tusk
|-damage|p2a: Great Tusk|0 fnt
|faint|p2a: Great Tusk
|-end|p2a: Great Tusk|Protosynthesis|[silent]
|-damage|p1a: Kingambit|71/100|[from] item: Life Orb
|
|-fieldend|move: Trick Room
|upkeep
|
|t:|1779864017
|switch|p2a: Talonflame|Talonflame, M|75/100
|turn|17
|
|t:|1779864022
|move|p1a: Kingambit|Sucker Punch|p2a: Talonflame
|-damage|p2a: Talonflame|0 fnt
|faint|p2a: Talonflame
|-damage|p1a: Kingambit|61/100|[from] item: Life Orb
|
|upkeep
|-message|Fine and Sandy forfeited.
|
|win|hameed425
|raw|hameed425's rating: 1364 &rarr; <strong>1385</strong><br />(+21 for winning)
|raw|Fine and Sandy's rating: 1388 &rarr; <strong>1367</strong><br />(-21 for losing)
|l|☆Fine and Sandy
|player|p2|
|l|☆hameed425
|player|p1|
