|j|☆lolshh
|j|☆oblizzy
|t:|1779915839
|gametype|singles
|player|p1|lolshh|dawn|1534
|player|p2|oblizzy|skierf|1596
|gen|9
|tier|[Gen 9] OU
|rated|
|rule|HP Percentage Mod: HP is shown in percentages
|rule|Endless Battle Clause: Forcing endless battles is banned
|rule|Species Clause: Limit one of each Pokémon
|rule|OHKO Clause: OHKO moves are banned
|rule|Evasion Items Clause: Evasion items are banned
|rule|Evasion Moves Clause: Evasion moves are banned
|rule|Evasion Abilities Clause: Evasion abilities are banned
|rule|Sleep Moves Clause: Sleep-inducing moves are banned
|clearpoke
|poke|p1|Kingambit, F|
|poke|p1|Kommo-o, F|
|poke|p1|Iron Valiant|
|poke|p1|Kyurem|
|poke|p1|Iron Treads|
|poke|p1|Iron Crown|
|poke|p2|Pelipper, M|
|poke|p2|Rillaboom, M|
|poke|p2|Iron Treads|
|poke|p2|Ogerpon-Wellspring, F|
|poke|p2|Manaphy|
|poke|p2|Raging Bolt|
|teampreview
|
|t:|1779915844
|teamsize|p1|6
|teamsize|p2|6
|start
|switch|p1a: Iron Treads|Iron Treads|100/100
|switch|p2a: Iron Treads|Iron Treads|100/100
|-enditem|p2a: Iron Treads|Booster Energy
|-activate|p2a: Iron Treads|ability: Quark Drive|[fromitem]
|-start|p2a: Iron Treads|quarkdrivespe
|-enditem|p1a: Iron Treads|Booster Energy
|-activate|p1a: Iron Treads|ability: Quark Drive|[fromitem]
|-start|p1a: Iron Treads|quarkdrivespe
|turn|1
|
|t:|1779915849
|move|p2a: Iron Treads|High Horsepower|p1a: Iron Treads
|-supereffective|p1a: Iron Treads
|-damage|p1a: Iron Treads|38/100
|move|p1a: Iron Treads|Stealth Rock|p2a: Iron Treads
|-sidestart|p2: oblizzy|move: Stealth Rock
|
|upkeep
|turn|2
|
|t:|1779915864
|move|p2a: Iron Treads|Rapid Spin|p1a: Iron Treads
|-resisted|p1a: Iron Treads
|-damage|p1a: Iron Treads|32/100
|-boost|p2a: Iron Treads|spe|1
|-sideend|p2: oblizzy|Stealth Rock|[from] move: Rapid Spin|[of] p2a: Iron Treads
|move|p1a: Iron Treads|Earthquake|p2a: Iron Treads
|-supereffective|p2a: Iron Treads
|-damage|p2a: Iron Treads|29/100
|
|upkeep
|turn|3
|
|t:|1779915871
|move|p2a: Iron Treads|High Horsepower|p1a: Iron Treads
|-supereffective|p1a: Iron Treads
|-damage|p1a: Iron Treads|0 fnt
|faint|p1a: Iron Treads
|-end|p1a: Iron Treads|Quark Drive|[silent]
|
|upkeep
|
|t:|1779915877
|switch|p1a: Kingambit|Kingambit, F|100/100
|-activate|p1a: Kingambit|ability: Supreme Overlord
|-start|p1a: Kingambit|fallen1|[silent]
|turn|4
|
|t:|1779915881
|move|p2a: Iron Treads|Stealth Rock|p1a: Kingambit
|-sidestart|p1: lolshh|move: Stealth Rock
|move|p1a: Kingambit|Low Kick|p2a: Iron Treads
|-supereffective|p2a: Iron Treads
|-damage|p2a: Iron Treads|0 fnt
|faint|p2a: Iron Treads
|-end|p2a: Iron Treads|Quark Drive|[silent]
|
|upkeep
|
|t:|1779915890
|switch|p2a: Rillaboom|Rillaboom, M|100/100
|-fieldstart|move: Grassy Terrain|[from] ability: Grassy Surge|[of] p2a: Rillaboom
|turn|5
|
|t:|1779915894
|-end|p1a: Kingambit|fallen1|[silent]
|switch|p1a: Kommo-o|Kommo-o, F|100/100
|-damage|p1a: Kommo-o|94/100|[from] Stealth Rock
|move|p2a: Rillaboom|Drain Punch|p1a: Kommo-o
|-damage|p1a: Kommo-o|74/100
|
|-heal|p1a: Kommo-o|80/100|[from] Grassy Terrain
|-heal|p1a: Kommo-o|86/100|[from] item: Leftovers
|upkeep
|turn|6
|
|t:|1779915900
|move|p1a: Kommo-o|Substitute|p1a: Kommo-o
|-start|p1a: Kommo-o|Substitute
|-damage|p1a: Kommo-o|61/100
|move|p2a: Rillaboom|U-turn|p1a: Kommo-o
|-resisted|p1a: Kommo-o
|-activate|p1a: Kommo-o|move: Substitute|[damage]
|
|t:|1779915912
|switch|p2a: Ogerpon|Ogerpon-Wellspring, F|100/100|[from] U-turn
|
|-heal|p1a: Kommo-o|67/100|[from] Grassy Terrain
|-heal|p1a: Kommo-o|74/100|[from] item: Leftovers
|upkeep
|turn|7
|
|t:|1779915917
|move|p2a: Ogerpon|Ivy Cudgel|p1a: Kommo-o|[anim] Ivy Cudgel Water
|-resisted|p1a: Kommo-o
|-end|p1a: Kommo-o|Substitute
|move|p1a: Kommo-o|Drain Punch|p2a: Ogerpon
|-damage|p2a: Ogerpon|65/100
|-heal|p1a: Kommo-o|89/100|[from] drain|[of] p2a: Ogerpon
|
|-heal|p2a: Ogerpon|71/100|[from] Grassy Terrain
|-heal|p1a: Kommo-o|95/100|[from] Grassy Terrain
|-heal|p1a: Kommo-o|100/100|[from] item: Leftovers
|upkeep
|turn|8
|
|t:|1779915922
|move|p2a: Ogerpon|Play Rough|p1a: Kommo-o
|-supereffective|p1a: Kommo-o
|-damage|p1a: Kommo-o|0 fnt
|faint|p1a: Kommo-o
|
|-heal|p2a: Ogerpon|77/100|[from] Grassy Terrain
|upkeep
|
|t:|1779915928
|switch|p1a: Kyurem|Kyurem|100/100
|-damage|p1a: Kyurem|76/100|[from] Stealth Rock
|-ability|p1a: Kyurem|Pressure
|turn|9
|
|t:|1779915937
|switch|p2a: Pelipper|Pelipper, M|100/100
|-weather|RainDance|[from] ability: Drizzle|[of] p2a: Pelipper
|move|p1a: Kyurem|Dragon Dance|p1a: Kyurem
|-boost|p1a: Kyurem|atk|1
|-boost|p1a: Kyurem|spe|1
|
|-weather|RainDance|[upkeep]
|-heal|p1a: Kyurem|82/100|[from] Grassy Terrain
|upkeep
|turn|10
|
|t:|1779915946
|move|p1a: Kyurem|Icicle Spear|p2a: Pelipper
|-damage|p2a: Pelipper|86/100
|-damage|p2a: Pelipper|70/100
|-damage|p2a: Pelipper|55/100
|-damage|p2a: Pelipper|41/100
|-damage|p2a: Pelipper|25/100
|-hitcount|p2a: Pelipper|5
|move|p2a: Pelipper|Hurricane|p1a: Kyurem
|-damage|p1a: Kyurem|41/100
|-start|p1a: Kyurem|confusion
|
|-weather|RainDance|[upkeep]
|-heal|p1a: Kyurem|47/100|[from] Grassy Terrain
|upkeep
|turn|11
|
|t:|1779915951
|-activate|p1a: Kyurem|confusion
|move|p1a: Kyurem|Icicle Spear|p2a: Pelipper
|-damage|p2a: Pelipper|9/100
|-damage|p2a: Pelipper|0 fnt
|faint|p2a: Pelipper
|-hitcount|p2: Pelipper|2
|
|-weather|RainDance|[upkeep]
|-heal|p1a: Kyurem|53/100|[from] Grassy Terrain
|upkeep
|
|t:|1779915956
|switch|p2a: Manaphy|Manaphy|100/100
|-enditem|p2a: Manaphy|Grassy Seed
|-boost|p2a: Manaphy|def|1|[from] item: Grassy Seed
|turn|12
|
|t:|1779915960
|-end|p1a: Kyurem|confusion
|move|p1a: Kyurem|Scale Shot|p2a: Manaphy
|-damage|p2a: Manaphy|89/100
|-damage|p2a: Manaphy|79/100
|-damage|p2a: Manaphy|68/100
|-damage|p2a: Manaphy|58/100
|-hitcount|p2a: Manaphy|4
|-unboost|p1a: Kyurem|def|1
|-boost|p1a: Kyurem|spe|1
|move|p2a: Manaphy|Take Heart|p2a: Manaphy
|-boost|p2a: Manaphy|spa|1
|-boost|p2a: Manaphy|spd|1
|
|-weather|RainDance|[upkeep]
|-heal|p1a: Kyurem|60/100|[from] Grassy Terrain
|-heal|p2a: Manaphy|65/100|[from] Grassy Terrain
|-fieldend|move: Grassy Terrain
|upkeep
|turn|13
|
|t:|1779915980
|move|p1a: Kyurem|Dragon Dance|p1a: Kyurem
|-boost|p1a: Kyurem|atk|1
|-boost|p1a: Kyurem|spe|1
|move|p2a: Manaphy|Take Heart|p2a: Manaphy
|-boost|p2a: Manaphy|spa|1
|-boost|p2a: Manaphy|spd|1
|
|-weather|RainDance|[upkeep]
|upkeep
|turn|14
|
|t:|1779915996
|move|p1a: Kyurem|Scale Shot|p2a: Manaphy
|-damage|p2a: Manaphy|52/100
|-damage|p2a: Manaphy|40/100
|-damage|p2a: Manaphy|27/100
|-damage|p2a: Manaphy|14/100
|-damage|p2a: Manaphy|1/100
|-hitcount|p2a: Manaphy|5
|-unboost|p1a: Kyurem|def|1
|-boost|p1a: Kyurem|spe|1
|move|p2a: Manaphy|Rest|p2a: Manaphy
|-status|p2a: Manaphy|slp|[from] move: Rest
|-heal|p2a: Manaphy|100/100 slp|[silent]
|
|-weather|RainDance|[upkeep]
|-activate|p2a: Manaphy|ability: Hydration
|-curestatus|p2a: Manaphy|slp|[msg]
|upkeep
|turn|15
|
|t:|1779916007
|move|p1a: Kyurem|Scale Shot|p2a: Manaphy
|-crit|p2a: Manaphy
|-damage|p2a: Manaphy|71/100
|-damage|p2a: Manaphy|58/100
|-damage|p2a: Manaphy|46/100
|-damage|p2a: Manaphy|33/100
|-damage|p2a: Manaphy|19/100
|-hitcount|p2a: Manaphy|5
|-unboost|p1a: Kyurem|def|1
|-boost|p1a: Kyurem|spe|1
|move|p2a: Manaphy|Scald|p1a: Kyurem
|-resisted|p1a: Kyurem
|-damage|p1a: Kyurem|12/100
|
|-weather|RainDance|[upkeep]
|upkeep
|turn|16
|
|t:|1779916020
|move|p1a: Kyurem|Scale Shot|p2a: Manaphy
|-damage|p2a: Manaphy|5/100
|-damage|p2a: Manaphy|0 fnt
|faint|p2a: Manaphy
|-hitcount|p2: Manaphy|2
|-unboost|p1a: Kyurem|def|1
|-boost|p1a: Kyurem|spe|1
|
|-weather|none
|upkeep
|
|t:|1779916024
|switch|p2a: Rillaboom|Rillaboom, M|100/100
|-fieldstart|move: Grassy Terrain|[from] ability: Grassy Surge|[of] p2a: Rillaboom
|turn|17
|
|t:|1779916026
|move|p2a: Rillaboom|Grassy Glide|p1a: Kyurem
|-resisted|p1a: Kyurem
|-damage|p1a: Kyurem|0 fnt
|faint|p1a: Kyurem
|
|upkeep
|
|t:|1779916029
|switch|p1a: Iron Crown|Iron Crown|100/100
|-damage|p1a: Iron Crown|94/100|[from] Stealth Rock
|-enditem|p1a: Iron Crown|Booster Energy
|-activate|p1a: Iron Crown|ability: Quark Drive|[fromitem]
|-start|p1a: Iron Crown|quarkdrivespe
|turn|18
|
|t:|1779916035
|move|p1a: Iron Crown|Calm Mind|p1a: Iron Crown
|-boost|p1a: Iron Crown|spa|1
|-boost|p1a: Iron Crown|spd|1
|move|p2a: Rillaboom|U-turn|p1a: Iron Crown
|-damage|p1a: Iron Crown|68/100
|
|t:|1779916038
|switch|p2a: Ogerpon|Ogerpon-Wellspring, F|77/100|[from] U-turn
|
|-heal|p1a: Iron Crown|74/100|[from] Grassy Terrain
|-heal|p2a: Ogerpon|83/100|[from] Grassy Terrain
|upkeep
|turn|19
|
|t:|1779916049
|-terastallize|p2a: Ogerpon|Water
|detailschange|p2a: Ogerpon|Ogerpon-Wellspring-Tera, F, tera:Water
|-ability|p2a: Ogerpon|Embody Aspect (Wellspring)|boost
|-boost|p2a: Ogerpon|spd|1
|move|p1a: Iron Crown|Calm Mind|p1a: Iron Crown
|-boost|p1a: Iron Crown|spa|1
|-boost|p1a: Iron Crown|spd|1
|move|p2a: Ogerpon|Ivy Cudgel|p1a: Iron Crown|[anim] Ivy Cudgel Water
|-damage|p1a: Iron Crown|0 fnt
|faint|p1a: Iron Crown
|-end|p1a: Iron Crown|Quark Drive|[silent]
|
|-heal|p2a: Ogerpon|89/100|[from] Grassy Terrain
|upkeep
|
|t:|1779916086
|switch|p1a: Iron Valiant|Iron Valiant|100/100
|-damage|p1a: Iron Valiant|94/100|[from] Stealth Rock
|-enditem|p1a: Iron Valiant|Booster Energy
|-activate|p1a: Iron Valiant|ability: Quark Drive|[fromitem]
|-start|p1a: Iron Valiant|quarkdrivespe
|turn|20
|inactive|Battle timer is ON: inactive players will automatically lose when time's up. (requested by lolshh)
|
|t:|1779916106
|move|p1a: Iron Valiant|Moonblast|p2a: Ogerpon
|-damage|p2a: Ogerpon|54/100
|move|p2a: Ogerpon|Ivy Cudgel|p1a: Iron Valiant|[anim] Ivy Cudgel Water
|-damage|p1a: Iron Valiant|0 fnt
|faint|p1a: Iron Valiant
|-end|p1a: Iron Valiant|Quark Drive|[silent]
|
|-heal|p2a: Ogerpon|60/100|[from] Grassy Terrain
|upkeep
|
|t:|1779916112
|switch|p1a: Kingambit|Kingambit, F|100/100
|-damage|p1a: Kingambit|94/100|[from] Stealth Rock
|-activate|p1a: Kingambit|ability: Supreme Overlord
|-start|p1a: Kingambit|fallen5|[silent]
|turn|21
|
|t:|1779916117
|move|p1a: Kingambit|Sucker Punch|p2a: Ogerpon
|-damage|p2a: Ogerpon|0 fnt
|faint|p2a: Ogerpon
|detailschange|p2: Ogerpon|Ogerpon-Wellspring, F|[silent]
|
|-heal|p1a: Kingambit|100/100|[from] Grassy Terrain
|upkeep
|
|t:|1779916120
|switch|p2a: Rillaboom|Rillaboom, M|100/100
|turn|22
|
|t:|1779916122
|-terastallize|p1a: Kingambit|Ghost
|move|p2a: Rillaboom|Knock Off|p1a: Kingambit
|-supereffective|p1a: Kingambit
|-damage|p1a: Kingambit|39/100
|-enditem|p1a: Kingambit|Leftovers|[from] move: Knock Off|[of] p2a: Rillaboom
|move|p1a: Kingambit|Swords Dance|p1a: Kingambit
|-boost|p1a: Kingambit|atk|2
|
|-heal|p1a: Kingambit|45/100|[from] Grassy Terrain
|upkeep
|turn|23
|
|t:|1779916129
|move|p2a: Rillaboom|Grassy Glide|p1a: Kingambit
|-damage|p1a: Kingambit|13/100
|move|p1a: Kingambit|Low Kick|p2a: Rillaboom
|-damage|p2a: Rillaboom|15/100
|
|-heal|p2a: Rillaboom|21/100|[from] Grassy Terrain
|-heal|p1a: Kingambit|19/100|[from] Grassy Terrain
|upkeep
|turn|24
|
|t:|1779916134
|move|p2a: Rillaboom|Grassy Glide|p1a: Kingambit
|-damage|p1a: Kingambit|0 fnt
|faint|p1a: Kingambit
|-end|p1a: Kingambit|fallen5|[silent]
|
|win|oblizzy
|raw|lolshh's rating: 1534 &rarr; <strong>1518</strong><br />(-16 for losing)
|raw|oblizzy's rating: 1596 &rarr; <strong>1612</strong><br />(+16 for winning)
|l|☆lolshh
|player|p1|
|l|☆oblizzy
|player|p2|
