|j|☆THEREDPANTHER44
|j|☆Fiexthur0314
|t:|1779894644
|gametype|singles
|player|p1|THEREDPANTHER44|riley|1421
|player|p2|Fiexthur0314|101|1438
|gen|9
|tier|[Gen 9] OU
|rated|
|rule|HP Percentage Mod: HP is shown in percentages
|rule|Endless Battle Clause: Forcing endless battles is banned
|rule|Species Clause: Limit one of each Pokémon
|rule|OHKO Clause: OHKO moves are banned
|rule|Evasion Items Clause: Evasion items are banned
|rule|Evasion Moves Clause: Evasion moves are banned
|rule|Evasion Abilities Clause: Evasion abilities are banned
|rule|Sleep Moves Clause: Sleep-inducing moves are banned
|clearpoke
|poke|p1|Cinderace, M|
|poke|p1|Iron Valiant|
|poke|p1|Tornadus-Therian, M|
|poke|p1|Ogerpon-Wellspring, F|
|poke|p1|Garchomp, F|
|poke|p1|Gholdengo|
|poke|p2|Pelipper, F|
|poke|p2|Barraskewda, F|
|poke|p2|Tyranitar, M|
|poke|p2|Coalossal, F|
|poke|p2|Thundurus-Therian, M|
|poke|p2|Iron Treads|
|teampreview
|inactive|Battle timer is ON: inactive players will automatically lose when time's up. (requested by Fiexthur0314)
|
|t:|1779894655
|teamsize|p1|6
|teamsize|p2|6
|start
|switch|p1a: Garchomp|Garchomp, F|100/100
|switch|p2a: Tyranitar|Tyranitar, M|100/100
|-weather|Sandstorm|[from] ability: Sand Stream|[of] p2a: Tyranitar
|turn|1
|
|t:|1779894666
|switch|p1a: Ogerpon|Ogerpon-Wellspring, F|100/100
|move|p2a: Tyranitar|Ice Punch|p1a: Ogerpon
|-damage|p1a: Ogerpon|64/100
|
|-weather|Sandstorm|[upkeep]
|-damage|p1a: Ogerpon|58/100|[from] Sandstorm
|upkeep
|turn|2
|
|t:|1779894676
|switch|p2a: Pelipper|Pelipper, F|100/100
|-weather|RainDance|[from] ability: Drizzle|[of] p2a: Pelipper
|move|p1a: Ogerpon|Ivy Cudgel|p2a: Pelipper|[anim] Ivy Cudgel Water
|-resisted|p2a: Pelipper
|-damage|p2a: Pelipper|64/100
|
|-weather|RainDance|[upkeep]
|upkeep
|turn|3
|
|t:|1779894685
|switch|p1a: Garchomp|Garchomp, F|100/100
|move|p2a: Pelipper|U-turn|p1a: Garchomp
|-crit|p1a: Garchomp
|-damage|p1a: Garchomp|92/100
|-damage|p2a: Pelipper|52/100|[from] ability: Rough Skin|[of] p1a: Garchomp
|-damage|p2a: Pelipper|35/100|[from] item: Rocky Helmet|[of] p1a: Garchomp
|
|t:|1779894693
|switch|p2a: Thundurus|Thundurus-Therian, M|100/100|[from] U-turn
|
|-weather|RainDance|[upkeep]
|upkeep
|turn|4
|
|t:|1779894698
|move|p2a: Thundurus|Weather Ball|p1a: Garchomp
|-damage|p1a: Garchomp|8/100
|move|p1a: Garchomp|Stealth Rock|p2a: Thundurus
|-sidestart|p2: Fiexthur0314|move: Stealth Rock
|
|-weather|RainDance|[upkeep]
|upkeep
|turn|5
|
|t:|1779894702
|switch|p1a: Ogerpon|Ogerpon-Wellspring, F|58/100
|move|p2a: Thundurus|Weather Ball|p1a: Ogerpon
|-heal|p1a: Ogerpon|83/100|[from] ability: Water Absorb|[of] p2a: Thundurus
|
|-weather|RainDance|[upkeep]
|upkeep
|turn|6
|
|t:|1779894709
|switch|p2a: Tyranitar|Tyranitar, M|100/100
|-damage|p2a: Tyranitar|88/100|[from] Stealth Rock
|-weather|Sandstorm|[from] ability: Sand Stream|[of] p2a: Tyranitar
|move|p1a: Ogerpon|Ivy Cudgel|p2a: Tyranitar|[anim] Ivy Cudgel Water
|-supereffective|p2a: Tyranitar
|-damage|p2a: Tyranitar|0 fnt
|faint|p2a: Tyranitar
|
|-weather|Sandstorm|[upkeep]
|-damage|p1a: Ogerpon|77/100|[from] Sandstorm
|upkeep
|
|t:|1779894724
|switch|p2a: Barraskewda|Barraskewda, F|100/100
|-damage|p2a: Barraskewda|88/100|[from] Stealth Rock
|turn|7
|
|t:|1779894732
|move|p2a: Barraskewda|Close Combat|p1a: Ogerpon
|-damage|p1a: Ogerpon|0 fnt
|-unboost|p2a: Barraskewda|def|1
|-unboost|p2a: Barraskewda|spd|1
|faint|p1a: Ogerpon
|
|-weather|Sandstorm|[upkeep]
|-damage|p2a: Barraskewda|82/100|[from] Sandstorm
|upkeep
|
|t:|1779894737
|switch|p1a: Gholdengo|Gholdengo|100/100
|-item|p1a: Gholdengo|Air Balloon
|turn|8
|
|t:|1779894747
|switch|p2a: Thundurus|Thundurus-Therian, M|100/100
|-damage|p2a: Thundurus|76/100|[from] Stealth Rock
|move|p1a: Gholdengo|Nasty Plot|p1a: Gholdengo
|-boost|p1a: Gholdengo|spa|2
|
|-weather|Sandstorm|[upkeep]
|-damage|p2a: Thundurus|70/100|[from] Sandstorm
|upkeep
|turn|9
|
|t:|1779894756
|move|p2a: Thundurus|Volt Switch|p1a: Gholdengo
|-damage|p1a: Gholdengo|29/100
|-enditem|p1a: Gholdengo|Air Balloon
|
|t:|1779894761
|switch|p2a: Pelipper|Pelipper, F|35/100|[from] Volt Switch
|-damage|p2a: Pelipper|11/100|[from] Stealth Rock
|-weather|RainDance|[from] ability: Drizzle|[of] p2a: Pelipper
|move|p1a: Gholdengo|Shadow Ball|p2a: Pelipper
|-damage|p2a: Pelipper|0 fnt
|faint|p2a: Pelipper
|
|-weather|RainDance|[upkeep]
|upkeep
|
|t:|1779894770
|switch|p2a: Barraskewda|Barraskewda, F|82/100
|-damage|p2a: Barraskewda|70/100|[from] Stealth Rock
|turn|10
|
|t:|1779894790
|switch|p1a: Garchomp|Garchomp, F|8/100
|-terastallize|p2a: Barraskewda|Water
|move|p2a: Barraskewda|Liquidation|p1a: Garchomp
|-damage|p1a: Garchomp|0 fnt
|-damage|p2a: Barraskewda|58/100|[from] ability: Rough Skin|[of] p1a: Garchomp
|-damage|p2a: Barraskewda|42/100|[from] item: Rocky Helmet|[of] p1a: Garchomp
|faint|p1a: Garchomp
|
|-weather|RainDance|[upkeep]
|upkeep
|
|t:|1779894802
|switch|p1a: Gholdengo|Gholdengo|29/100
|turn|11
|
|t:|1779894805
|move|p2a: Barraskewda|Liquidation|p1a: Gholdengo
|-damage|p1a: Gholdengo|0 fnt
|faint|p1a: Gholdengo
|
|-weather|RainDance|[upkeep]
|upkeep
|
|t:|1779894821
|switch|p1a: Cinderace|Cinderace, M|100/100
|turn|12
|
|t:|1779894828
|switch|p2a: Coalossal|Coalossal, F|100/100
|-damage|p2a: Coalossal|75/100|[from] Stealth Rock
|move|p1a: Cinderace|Will-O-Wisp|p2a: Coalossal
|-immune|p2a: Coalossal
|
|-weather|RainDance|[upkeep]
|upkeep
|turn|13
|
|t:|1779894841
|switch|p1a: Iron Valiant|Iron Valiant|100/100
|-enditem|p1a: Iron Valiant|Booster Energy
|-activate|p1a: Iron Valiant|ability: Quark Drive|[fromitem]
|-start|p1a: Iron Valiant|quarkdrivespe
|move|p2a: Coalossal|Rapid Spin|p1a: Iron Valiant
|-damage|p1a: Iron Valiant|87/100
|-boost|p2a: Coalossal|spe|1
|-sideend|p2: Fiexthur0314|Stealth Rock|[from] move: Rapid Spin|[of] p2a: Coalossal
|
|-weather|RainDance|[upkeep]
|upkeep
|turn|14
|
|t:|1779894847
|move|p1a: Iron Valiant|Calm Mind|p1a: Iron Valiant
|-boost|p1a: Iron Valiant|spa|1
|-boost|p1a: Iron Valiant|spd|1
|move|p2a: Coalossal|Spikes|p1a: Iron Valiant
|-sidestart|p1: THEREDPANTHER44|Spikes
|
|-weather|RainDance|[upkeep]
|upkeep
|turn|15
|
|t:|1779894863
|switch|p2a: Thundurus|Thundurus-Therian, M|70/100
|move|p1a: Iron Valiant|Moonblast|p2a: Thundurus
|-damage|p2a: Thundurus|0 fnt
|faint|p2a: Thundurus
|
|-weather|RainDance|[upkeep]
|upkeep
|
|t:|1779894865
|switch|p2a: Barraskewda|Barraskewda, F, tera:Water|42/100
|turn|16
|
|t:|1779894880
|move|p2a: Barraskewda|Aqua Jet|p1a: Iron Valiant
|-damage|p1a: Iron Valiant|2/100
|move|p1a: Iron Valiant|Moonblast|p2a: Barraskewda
|-damage|p2a: Barraskewda|0 fnt
|faint|p2a: Barraskewda
|
|-weather|none
|upkeep
|
|t:|1779894885
|switch|p2a: Coalossal|Coalossal, F|75/100
|turn|17
|
|t:|1779894893
|move|p1a: Iron Valiant|Shadow Ball|p2a: Coalossal
|-damage|p2a: Coalossal|40/100
|move|p2a: Coalossal|Rapid Spin|p1a: Iron Valiant
|-damage|p1a: Iron Valiant|0 fnt
|-boost|p2a: Coalossal|spe|1
|faint|p1a: Iron Valiant
|-end|p1a: Iron Valiant|Quark Drive|[silent]
|
|upkeep
|
|t:|1779894903
|switch|p1a: Tornadus|Tornadus-Therian, M|100/100
|turn|18
|
|t:|1779894911
|-terastallize|p1a: Tornadus|Steel
|move|p1a: Tornadus|Knock Off|p2a: Coalossal
|-damage|p2a: Coalossal|29/100
|-damage|p1a: Tornadus|84/100|[from] item: Rocky Helmet|[of] p2a: Coalossal
|-enditem|p2a: Coalossal|Rocky Helmet|[from] move: Knock Off|[of] p1a: Tornadus
|move|p2a: Coalossal|Heat Crash|p1a: Tornadus
|-supereffective|p1a: Tornadus
|-damage|p1a: Tornadus|24/100
|
|upkeep
|turn|19
|
|t:|1779894923
|move|p1a: Tornadus|U-turn|p2a: Coalossal
|-resisted|p2a: Coalossal
|-damage|p2a: Coalossal|25/100
|-status|p1a: Tornadus|brn|[from] ability: Flame Body|[of] p2a: Coalossal
|
|t:|1779894926
|switch|p1a: Cinderace|Cinderace, M|100/100|[from] U-turn
|move|p2a: Coalossal|Heat Crash|p1a: Cinderace
|-resisted|p1a: Cinderace
|-damage|p1a: Cinderace|81/100
|
|upkeep
|turn|20
|
|t:|1779894933
|move|p1a: Cinderace|Court Change|p1a: Cinderace
|-swapsideconditions
|-activate|p1a: Cinderace|move: Court Change
|move|p2a: Coalossal|Rapid Spin|p1a: Cinderace
|-damage|p1a: Cinderace|69/100
|-boost|p2a: Coalossal|spe|1
|-sideend|p2: Fiexthur0314|Spikes|[from] move: Rapid Spin|[of] p2a: Coalossal
|
|upkeep
|turn|21
|
|t:|1779894941
|move|p1a: Cinderace|Pyro Ball|p2a: Coalossal
|-resisted|p2a: Coalossal
|-damage|p2a: Coalossal|20/100
|move|p2a: Coalossal|Heat Crash|p1a: Cinderace
|-resisted|p1a: Cinderace
|-damage|p1a: Cinderace|47/100
|
|upkeep
|turn|22
|
|t:|1779894947
|move|p1a: Cinderace|U-turn|p2a: Coalossal
|-resisted|p2a: Coalossal
|-damage|p2a: Coalossal|15/100
|
|t:|1779894950
|switch|p1a: Tornadus|Tornadus-Therian, M, tera:Steel|57/100 brn|[from] U-turn
|move|p2a: Coalossal|Heat Crash|p1a: Tornadus
|-supereffective|p1a: Tornadus
|-damage|p1a: Tornadus|0 fnt
|faint|p1a: Tornadus
|
|upkeep
|
|t:|1779894952
|switch|p1a: Cinderace|Cinderace, M|47/100
|turn|23
|
|t:|1779894958
|move|p1a: Cinderace|Pyro Ball|p2a: Coalossal
|-resisted|p2a: Coalossal
|-crit|p2a: Coalossal
|-damage|p2a: Coalossal|6/100
|move|p2a: Coalossal|Heat Crash|p1a: Cinderace
|-resisted|p1a: Cinderace
|-damage|p1a: Cinderace|28/100
|
|upkeep
|turn|24
|
|t:|1779894964
|move|p1a: Cinderace|Pyro Ball|p2a: Coalossal|[miss]
|-miss|p1a: Cinderace|p2a: Coalossal
|move|p2a: Coalossal|Heat Crash|p1a: Cinderace
|-resisted|p1a: Cinderace
|-damage|p1a: Cinderace|6/100
|
|upkeep
|turn|25
|
|t:|1779894968
|move|p1a: Cinderace|Pyro Ball|p2a: Coalossal
|-resisted|p2a: Coalossal
|-damage|p2a: Coalossal|0 fnt
|faint|p2a: Coalossal
|
|upkeep
|
|t:|1779894970
|switch|p2a: Iron Treads|Iron Treads|100/100
|turn|26
|
|t:|1779894975
|move|p1a: Cinderace|Pyro Ball|p2a: Iron Treads|[miss]
|-miss|p1a: Cinderace|p2a: Iron Treads
|move|p2a: Iron Treads|Rapid Spin|p1a: Cinderace
|-damage|p1a: Cinderace|0 fnt
|-boost|p2a: Iron Treads|spe|1
|faint|p1a: Cinderace
|
|win|Fiexthur0314
|raw|THEREDPANTHER44's rating: 1421 &rarr; <strong>1402</strong><br />(-19 for losing)
|raw|Fiexthur0314's rating: 1438 &rarr; <strong>1457</strong><br />(+19 for winning)
|l|☆THEREDPANTHER44
|player|p1|
|l|☆Fiexthur0314
|player|p2|
