|j|☆Nickthenickthenick
|j|☆mechamakachino
|t:|1779818774
|gametype|singles
|player|p1|Nickthenickthenick|2|1449
|player|p2|mechamakachino|266|1501
|gen|9
|tier|[Gen 9] OU
|rated|
|rule|HP Percentage Mod: HP is shown in percentages
|rule|Endless Battle Clause: Forcing endless battles is banned
|rule|Species Clause: Limit one of each Pokémon
|rule|OHKO Clause: OHKO moves are banned
|rule|Evasion Items Clause: Evasion items are banned
|rule|Evasion Moves Clause: Evasion moves are banned
|rule|Evasion Abilities Clause: Evasion abilities are banned
|rule|Sleep Moves Clause: Sleep-inducing moves are banned
|clearpoke
|poke|p1|Raikou|
|poke|p1|Entei|
|poke|p1|Suicune|
|poke|p1|Tyranitar, M|
|poke|p1|Porygon2|
|poke|p1|Hatterene, F|
|poke|p2|Darkrai|
|poke|p2|Garchomp, F|
|poke|p2|Alomomola, F|
|poke|p2|Corviknight, M|
|poke|p2|Weezing-Galar, M|
|poke|p2|Ogerpon, F|
|teampreview
|
|t:|1779818813
|teamsize|p1|6
|teamsize|p2|6
|start
|switch|p1a: Entei|Entei|100/100
|switch|p2a: Darkrai|Darkrai|100/100
|-ability|p1a: Entei|Pressure
|turn|1
|
|t:|1779818825
|switch|p1a: Tyranitar|Tyranitar, M|100/100
|-weather|Sandstorm|[from] ability: Sand Stream|[of] p1a: Tyranitar
|move|p2a: Darkrai|Dark Pulse|p1a: Tyranitar
|-resisted|p1a: Tyranitar
|-damage|p1a: Tyranitar|87/100
|
|-weather|Sandstorm|[upkeep]
|-damage|p2a: Darkrai|94/100|[from] Sandstorm
|-heal|p1a: Tyranitar|93/100|[from] item: Leftovers
|upkeep
|turn|2
|
|t:|1779818833
|switch|p2a: Corviknight|Corviknight, M|100/100
|-ability|p2a: Corviknight|Pressure
|move|p1a: Tyranitar|Stealth Rock|p2a: Corviknight
|-sidestart|p2: mechamakachino|move: Stealth Rock
|
|-weather|Sandstorm|[upkeep]
|-heal|p1a: Tyranitar|99/100|[from] item: Leftovers
|upkeep
|turn|3
|
|t:|1779818842
|switch|p1a: Entei|Entei|100/100
|-ability|p1a: Entei|Pressure
|move|p2a: Corviknight|Defog|p1a: Entei
|-unboost|p1a: Entei|evasion|1
|-sideend|p2: mechamakachino|Stealth Rock|[from] move: Defog|[of] p2a: Corviknight
|
|-weather|Sandstorm|[upkeep]
|-damage|p1a: Entei|94/100|[from] Sandstorm
|upkeep
|turn|4
|
|t:|1779818844
|switch|p2a: Garchomp|Garchomp, F|100/100
|move|p1a: Entei|Sacred Fire|p2a: Garchomp
|-resisted|p2a: Garchomp
|-damage|p2a: Garchomp|88/100
|-status|p2a: Garchomp|brn
|
|-weather|Sandstorm|[upkeep]
|-damage|p1a: Entei|88/100|[from] Sandstorm
|-damage|p2a: Garchomp|82/100 brn|[from] brn
|upkeep
|turn|5
|
|t:|1779818851
|switch|p1a: Hatterene|Hatterene, F|100/100
|move|p2a: Garchomp|Stealth Rock|p1a: Hatterene
|move|p1a: Hatterene|Stealth Rock|p2a: Garchomp|[from] ability: Magic Bounce
|-sidestart|p2: mechamakachino|move: Stealth Rock
|
|-weather|none
|-damage|p2a: Garchomp|76/100 brn|[from] brn
|upkeep
|turn|6
|
|t:|1779818860
|switch|p2a: Alomomola|Alomomola, F|100/100
|-damage|p2a: Alomomola|88/100|[from] Stealth Rock
|move|p1a: Hatterene|Draining Kiss|p2a: Alomomola
|-damage|p2a: Alomomola|77/100
|
|upkeep
|turn|7
|
|t:|1779818864
|move|p2a: Alomomola|Flip Turn|p1a: Hatterene
|-crit|p1a: Hatterene
|-damage|p1a: Hatterene|80/100
|
|t:|1779818869
|switch|p2a: Corviknight|Corviknight, M|100/100|[from] Flip Turn
|-damage|p2a: Corviknight|88/100|[from] Stealth Rock
|-ability|p2a: Corviknight|Pressure
|move|p1a: Hatterene|Nuzzle|p2a: Corviknight
|-supereffective|p2a: Corviknight
|-damage|p2a: Corviknight|82/100
|-status|p2a: Corviknight|par
|
|-heal|p1a: Hatterene|86/100|[from] item: Leftovers
|-heal|p2a: Corviknight|88/100 par|[from] item: Leftovers
|upkeep
|turn|8
|
|t:|1779818877
|move|p1a: Hatterene|Psychic Noise|p2a: Corviknight
|-resisted|p2a: Corviknight
|-damage|p2a: Corviknight|77/100 par
|-start|p2a: Corviknight|move: Heal Block
|cant|p2a: Corviknight|par
|
|-heal|p1a: Hatterene|92/100|[from] item: Leftovers
|upkeep
|turn|9
|
|t:|1779818898
|switch|p1a: Entei|Entei|88/100
|-ability|p1a: Entei|Pressure
|move|p2a: Corviknight|Defog|p1a: Entei
|-unboost|p1a: Entei|evasion|1
|-sideend|p2: mechamakachino|Stealth Rock|[from] move: Defog|[of] p2a: Corviknight
|
|-end|p2a: Corviknight|move: Heal Block
|upkeep
|turn|10
|
|t:|1779818908
|switch|p2a: Garchomp|Garchomp, F|76/100 brn
|move|p1a: Entei|Flamethrower|p2a: Garchomp
|-resisted|p2a: Garchomp
|-damage|p2a: Garchomp|64/100 brn
|
|-damage|p2a: Garchomp|57/100 brn|[from] brn
|upkeep
|turn|11
|
|t:|1779818914
|switch|p2a: Darkrai|Darkrai|94/100
|switch|p1a: Hatterene|Hatterene, F|92/100
|
|-heal|p1a: Hatterene|98/100|[from] item: Leftovers
|upkeep
|turn|12
|
|t:|1779818920
|-terastallize|p2a: Darkrai|Dark
|move|p2a: Darkrai|Dark Pulse|p1a: Hatterene
|-damage|p1a: Hatterene|6/100
|move|p1a: Hatterene|Draining Kiss|p2a: Darkrai
|-supereffective|p2a: Darkrai
|-damage|p2a: Darkrai|39/100
|-heal|p1a: Hatterene|43/100|[from] drain|[of] p2a: Darkrai
|
|-heal|p1a: Hatterene|49/100|[from] item: Leftovers
|upkeep
|turn|13
|
|t:|1779818928
|switch|p2a: Weezing|Weezing-Galar, M|100/100
|-ability|p2a: Weezing|Neutralizing Gas
|switch|p1a: Tyranitar|Tyranitar, M|99/100
|
|-heal|p1a: Tyranitar|100/100|[from] item: Leftovers
|upkeep
|turn|14
|
|t:|1779818932
|move|p2a: Weezing|Will-O-Wisp|p1a: Tyranitar
|-status|p1a: Tyranitar|brn
|move|p1a: Tyranitar|Knock Off|p2a: Weezing
|-resisted|p2a: Weezing
|-damage|p2a: Weezing|94/100
|-enditem|p2a: Weezing|Leftovers|[from] move: Knock Off|[of] p1a: Tyranitar
|
|-damage|p1a: Tyranitar|94/100 brn|[from] brn
|upkeep
|turn|15
|
|t:|1779818976
|move|p1a: Tyranitar|Stealth Rock|p2a: Weezing
|-sidestart|p2: mechamakachino|move: Stealth Rock
|move|p2a: Weezing|Sludge Bomb|p1a: Tyranitar
|-resisted|p1a: Tyranitar
|-damage|p1a: Tyranitar|86/100 brn
|
|-heal|p1a: Tyranitar|92/100 brn|[from] item: Leftovers
|-damage|p1a: Tyranitar|86/100 brn|[from] brn
|upkeep
|turn|16
|
|t:|1779818982
|move|p2a: Weezing|Defog|p1a: Tyranitar
|-unboost|p1a: Tyranitar|evasion|1
|-sideend|p2: mechamakachino|Stealth Rock|[from] move: Defog|[of] p2a: Weezing
|move|p1a: Tyranitar|Stone Edge|p2a: Weezing
|-damage|p2a: Weezing|79/100
|
|-heal|p1a: Tyranitar|92/100 brn|[from] item: Leftovers
|-damage|p1a: Tyranitar|86/100 brn|[from] brn
|upkeep
|turn|17
|
|t:|1779818985
|move|p2a: Weezing|Sludge Bomb|p1a: Tyranitar
|-resisted|p1a: Tyranitar
|-damage|p1a: Tyranitar|78/100 brn
|move|p1a: Tyranitar|Stealth Rock|p2a: Weezing
|-sidestart|p2: mechamakachino|move: Stealth Rock
|
|-heal|p1a: Tyranitar|84/100 brn|[from] item: Leftovers
|-damage|p1a: Tyranitar|78/100 brn|[from] brn
|upkeep
|turn|18
|
|t:|1779818988
|move|p1a: Tyranitar|Stone Edge|p2a: Weezing
|-damage|p2a: Weezing|64/100
|move|p2a: Weezing|Sludge Bomb|p1a: Tyranitar
|-resisted|p1a: Tyranitar
|-damage|p1a: Tyranitar|70/100 brn
|
|-heal|p1a: Tyranitar|76/100 brn|[from] item: Leftovers
|-damage|p1a: Tyranitar|70/100 brn|[from] brn
|upkeep
|turn|19
|
|t:|1779818995
|switch|p1a: Suicune|Suicune|100/100
|move|p2a: Weezing|Pain Split|p1a: Suicune
|-sethp|p1a: Suicune|76/100|[from] move: Pain Split|[silent]
|-sethp|p2a: Weezing|93/100|[from] move: Pain Split
|
|-heal|p1a: Suicune|83/100|[from] item: Leftovers
|upkeep
|turn|20
|
|t:|1779819009
|move|p1a: Suicune|Substitute|p1a: Suicune
|-start|p1a: Suicune|Substitute
|-damage|p1a: Suicune|58/100
|move|p2a: Weezing|Sludge Bomb|p1a: Suicune
|-activate|p1a: Suicune|move: Substitute|[damage]
|
|-heal|p1a: Suicune|64/100|[from] item: Leftovers
|upkeep
|turn|21
|
|t:|1779819014
|-end|p2a: Weezing|ability: Neutralizing Gas
|-ability|p1a: Suicune|Pressure
|switch|p2a: Ogerpon|Ogerpon, F|100/100
|-damage|p2a: Ogerpon|88/100|[from] Stealth Rock
|move|p1a: Suicune|Calm Mind|p1a: Suicune
|-boost|p1a: Suicune|spa|1
|-boost|p1a: Suicune|spd|1
|
|-heal|p1a: Suicune|70/100|[from] item: Leftovers
|upkeep
|turn|22
|
|t:|1779819020
|move|p2a: Ogerpon|Encore|p1a: Suicune
|-start|p1a: Suicune|Encore
|move|p1a: Suicune|Calm Mind|p1a: Suicune
|-boost|p1a: Suicune|spa|1
|-boost|p1a: Suicune|spd|1
|
|-heal|p1a: Suicune|76/100|[from] item: Leftovers
|upkeep
|turn|23
|
|t:|1779819033
|switch|p1a: Entei|Entei|88/100
|-ability|p1a: Entei|Pressure
|move|p2a: Ogerpon|Knock Off|p1a: Entei
|-damage|p1a: Entei|67/100
|-enditem|p1a: Entei|Heavy-Duty Boots|[from] move: Knock Off|[of] p2a: Ogerpon
|
|upkeep
|turn|24
|
|t:|1779819038
|switch|p2a: Alomomola|Alomomola, F|100/100
|-damage|p2a: Alomomola|88/100|[from] Stealth Rock
|move|p1a: Entei|Sacred Fire|p2a: Alomomola
|-resisted|p2a: Alomomola
|-damage|p2a: Alomomola|74/100
|
|upkeep
|turn|25
|
|t:|1779819045
|switch|p1a: Suicune|Suicune|76/100
|-ability|p1a: Suicune|Pressure
|move|p2a: Alomomola|Flip Turn|p1a: Suicune
|-resisted|p1a: Suicune
|-damage|p1a: Suicune|70/100
|
|t:|1779819048
|switch|p2a: Ogerpon|Ogerpon, F|88/100|[from] Flip Turn
|-damage|p2a: Ogerpon|76/100|[from] Stealth Rock
|
|-heal|p1a: Suicune|76/100|[from] item: Leftovers
|upkeep
|turn|26
|
|t:|1779819055
|switch|p2a: Darkrai|Darkrai, tera:Dark|39/100
|-damage|p2a: Darkrai|26/100|[from] Stealth Rock
|switch|p1a: Entei|Entei|67/100
|-ability|p1a: Entei|Pressure
|
|upkeep
|turn|27
|
|t:|1779819059
|switch|p1a: Tyranitar|Tyranitar, M|70/100 brn
|-weather|Sandstorm|[from] ability: Sand Stream|[of] p1a: Tyranitar
|move|p2a: Darkrai|Focus Blast|p1a: Tyranitar
|-supereffective|p1a: Tyranitar
|-damage|p1a: Tyranitar|0 fnt
|faint|p1a: Tyranitar
|
|-weather|Sandstorm|[upkeep]
|-damage|p2a: Darkrai|20/100|[from] Sandstorm
|upkeep
|l|☆Nickthenickthenick
|player|p1|
|inactive|Battle timer is ON: inactive players will automatically lose when time's up. (requested by mechamakachino)
|inactive|Nickthenickthenick has 30 seconds to reconnect!
|inactive|Nickthenickthenick has 20 seconds to reconnect!
|inactive|Nickthenickthenick has 15 seconds to reconnect!
|inactive|Nickthenickthenick has 10 seconds to reconnect!
|inactive|Nickthenickthenick has 5 seconds to reconnect!
|-message|Nickthenickthenick lost due to inactivity.
|
|win|mechamakachino
|raw|Nickthenickthenick's rating: 1449 &rarr; <strong>1432</strong><br />(-17 for losing)
|raw|mechamakachino's rating: 1501 &rarr; <strong>1518</strong><br />(+17 for winning)
