|j|☆viutil
|j|☆jessies boyfriend
|t:|1779905173
|gametype|singles
|player|p1|viutil|101|1429
|player|p2|jessies boyfriend|brock|1433
|gen|9
|tier|[Gen 9] OU
|rated|
|rule|HP Percentage Mod: HP is shown in percentages
|rule|Endless Battle Clause: Forcing endless battles is banned
|rule|Species Clause: Limit one of each Pokémon
|rule|OHKO Clause: OHKO moves are banned
|rule|Evasion Items Clause: Evasion items are banned
|rule|Evasion Moves Clause: Evasion moves are banned
|rule|Evasion Abilities Clause: Evasion abilities are banned
|rule|Sleep Moves Clause: Sleep-inducing moves are banned
|clearpoke
|poke|p1|Dragonite, M|
|poke|p1|Hatterene, F|
|poke|p1|Weavile, M|
|poke|p1|Ogerpon-Wellspring, F|
|poke|p1|Kingambit, M|
|poke|p1|Great Tusk|
|poke|p2|Houndstone, F|
|poke|p2|Glimmora, M|
|poke|p2|Scrafty, M|
|poke|p2|Samurott-Hisui, M|
|poke|p2|Great Tusk|
|poke|p2|Milotic, M|
|teampreview
|inactive|Battle timer is ON: inactive players will automatically lose when time's up. (requested by jessies boyfriend)
|
|t:|1779905183
|teamsize|p1|6
|teamsize|p2|6
|start
|switch|p1a: Vent de l'est|Hatterene, F|100/100
|switch|p2a: Glimmora|Glimmora, M|100/100
|-item|p2a: Glimmora|Air Balloon
|turn|1
|
|t:|1779905188
|move|p2a: Glimmora|Mortal Spin|p1a: Vent de l'est
|-supereffective|p1a: Vent de l'est
|-damage|p1a: Vent de l'est|90/100
|-status|p1a: Vent de l'est|psn
|-damage|p2a: Glimmora|84/100|[from] item: Rocky Helmet|[of] p1a: Vent de l'est
|move|p1a: Vent de l'est|Psychic Noise|p2a: Glimmora
|-supereffective|p2a: Glimmora
|-damage|p2a: Glimmora|6/100
|-start|p2a: Glimmora|move: Heal Block
|-enditem|p2a: Glimmora|Air Balloon
|
|-damage|p1a: Vent de l'est|78/100 psn|[from] psn
|upkeep
|turn|2
|
|t:|1779905200
|switch|p2a: Samurott|Samurott-Hisui, M, shiny|100/100
|move|p1a: Vent de l'est|Psychic Noise|p2a: Samurott
|-immune|p2a: Samurott
|
|-damage|p1a: Vent de l'est|66/100 psn|[from] psn
|upkeep
|turn|3
|
|t:|1779905205
|move|p2a: Samurott|Ceaseless Edge|p1a: Vent de l'est|[miss]
|-miss|p2a: Samurott|p1a: Vent de l'est
|move|p1a: Vent de l'est|Draining Kiss|p2a: Samurott
|-supereffective|p2a: Samurott
|-damage|p2a: Samurott|74/100
|-heal|p1a: Vent de l'est|90/100 psn|[from] drain|[of] p2a: Samurott
|
|-damage|p1a: Vent de l'est|78/100 psn|[from] psn
|upkeep
|turn|4
|
|t:|1779905208
|move|p2a: Samurott|Ceaseless Edge|p1a: Vent de l'est|[miss]
|-miss|p2a: Samurott|p1a: Vent de l'est
|move|p1a: Vent de l'est|Nuzzle|p2a: Samurott
|-supereffective|p2a: Samurott
|-damage|p2a: Samurott|66/100
|-status|p2a: Samurott|par
|
|-damage|p1a: Vent de l'est|66/100 psn|[from] psn
|upkeep
|turn|5
|
|t:|1779905210
|cant|p2a: Samurott|par
|move|p1a: Vent de l'est|Draining Kiss|p2a: Samurott
|-supereffective|p2a: Samurott
|-crit|p2a: Samurott
|-damage|p2a: Samurott|25/100 par
|-heal|p1a: Vent de l'est|100/100 psn|[from] drain|[of] p2a: Samurott
|
|-damage|p1a: Vent de l'est|88/100 psn|[from] psn
|upkeep
|turn|6
|
|t:|1779905212
|move|p2a: Samurott|Ceaseless Edge|p1a: Vent de l'est
|-damage|p1a: Vent de l'est|61/100 psn
|-damage|p2a: Samurott|8/100 par|[from] item: Rocky Helmet|[of] p1a: Vent de l'est
|-sidestart|p1: viutil|Spikes
|move|p1a: Vent de l'est|Draining Kiss|p2a: Samurott
|-supereffective|p2a: Samurott
|-damage|p2a: Samurott|0 fnt
|-heal|p1a: Vent de l'est|68/100 psn|[from] drain|[of] p2a: Samurott
|faint|p2a: Samurott
|
|-damage|p1a: Vent de l'est|56/100 psn|[from] psn
|upkeep
|
|t:|1779905222
|switch|p2a: Glimmora|Glimmora, M|6/100
|turn|7
|
|t:|1779905226
|move|p2a: Glimmora|Power Gem|p1a: Vent de l'est
|-damage|p1a: Vent de l'est|20/100 psn
|move|p1a: Vent de l'est|Healing Wish|p1a: Vent de l'est
|faint|p1a: Vent de l'est
|
|upkeep
|
|t:|1779905236
|switch|p1a: Z-machine|Great Tusk|100/100
|-damage|p1a: Z-machine|88/100|[from] Spikes
|turn|8
|
|t:|1779905239
|switch|p2a: Houndstone|Houndstone, F|100/100
|move|p1a: Z-machine|Rapid Spin|p2a: Houndstone
|-immune|p2a: Houndstone
|
|upkeep
|turn|9
|
|t:|1779905253
|-end|p1a: Z-machine|Protosynthesis|[silent]
|switch|p1a: Hello .RAW-Z|Weavile, M|100/100
|-damage|p1a: Hello .RAW-Z|88/100|[from] Spikes
|switch|p2a: Glimmora|Glimmora, M|6/100
|
|upkeep
|turn|10
|
|t:|1779905260
|move|p1a: Hello .RAW-Z|Beat Up|p2a: Glimmora
|-damage|p2a: Glimmora|0 fnt
|-activate|p2a: Glimmora|ability: Toxic Debris
|-sidestart|p1: viutil|move: Toxic Spikes
|faint|p2a: Glimmora
|-hitcount|p2: Glimmora|1
|
|upkeep
|
|t:|1779905265
|switch|p2a: Scrafty|Scrafty, M, shiny|100/100
|-ability|p2a: Scrafty|Intimidate|boost
|-unboost|p1a: Hello .RAW-Z|atk|1
|turn|11
|
|t:|1779905273
|switch|p1a: Z-machine|Great Tusk|88/100
|-heal|p1a: Z-machine|100/100|[from] move: Healing Wish
|-damage|p1a: Z-machine|88/100|[from] Spikes
|-status|p1a: Z-machine|psn
|move|p2a: Scrafty|Knock Off|p1a: Z-machine
|-resisted|p1a: Z-machine
|-damage|p1a: Z-machine|77/100 psn
|-enditem|p1a: Z-machine|Assault Vest|[from] move: Knock Off|[of] p2a: Scrafty
|
|-damage|p1a: Z-machine|64/100 psn|[from] psn
|upkeep
|turn|12
|
|t:|1779905277
|switch|p2a: Houndstone|Houndstone, F|100/100
|move|p1a: Z-machine|Rapid Spin|p2a: Houndstone
|-immune|p2a: Houndstone
|
|-damage|p1a: Z-machine|52/100 psn|[from] psn
|upkeep
|turn|13
|
|t:|1779905289
|move|p1a: Z-machine|Headlong Rush|p2a: Houndstone
|-damage|p2a: Houndstone|73/100
|-unboost|p1a: Z-machine|def|1
|-unboost|p1a: Z-machine|spd|1
|move|p2a: Houndstone|Roar|p1a: Z-machine
|-end|p1a: Z-machine|Protosynthesis|[silent]
|drag|p1a: Hello .RAW-Z|Weavile, M|88/100
|-damage|p1a: Hello .RAW-Z|76/100|[from] Spikes
|-status|p1a: Hello .RAW-Z|psn
|
|-heal|p2a: Houndstone|79/100|[from] item: Leftovers
|-damage|p1a: Hello .RAW-Z|63/100 psn|[from] psn
|upkeep
|turn|14
|
|t:|1779905294
|move|p2a: Houndstone|Protect|p2a: Houndstone
|-singleturn|p2a: Houndstone|Protect
|move|p1a: Hello .RAW-Z|Swords Dance|p1a: Hello .RAW-Z
|-boost|p1a: Hello .RAW-Z|atk|2
|
|-heal|p2a: Houndstone|85/100|[from] item: Leftovers
|-damage|p1a: Hello .RAW-Z|51/100 psn|[from] psn
|upkeep
|turn|15
|
|t:|1779905301
|-terastallize|p2a: Houndstone|Fairy
|move|p1a: Hello .RAW-Z|Beat Up|p2a: Houndstone
|-resisted|p2a: Houndstone
|-damage|p2a: Houndstone|76/100
|-resisted|p2a: Houndstone
|-damage|p2a: Houndstone|67/100
|-resisted|p2a: Houndstone
|-damage|p2a: Houndstone|59/100
|-resisted|p2a: Houndstone
|-damage|p2a: Houndstone|51/100
|-hitcount|p2a: Houndstone|4
|move|p2a: Houndstone|Roar|p1a: Hello .RAW-Z
|drag|p1a: PrinceDeSangMêlé|Kingambit, M|100/100
|-damage|p1a: PrinceDeSangMêlé|88/100|[from] Spikes
|-activate|p1a: PrinceDeSangMêlé|ability: Supreme Overlord
|-start|p1a: PrinceDeSangMêlé|fallen1|[silent]
|
|-heal|p2a: Houndstone|57/100|[from] item: Leftovers
|upkeep
|turn|16
|
|t:|1779905309
|switch|p2a: Milotic|Milotic, M|100/100
|move|p1a: PrinceDeSangMêlé|Iron Head|p2a: Milotic
|-resisted|p2a: Milotic
|-damage|p2a: Milotic|76/100
|
|upkeep
|turn|17
|
|t:|1779905313
|-end|p1a: PrinceDeSangMêlé|fallen1|[silent]
|switch|p1a: Hello .RAW-Z|Weavile, M|51/100 psn
|-damage|p1a: Hello .RAW-Z|38/100 psn|[from] Spikes
|move|p2a: Milotic|Scald|p1a: Hello .RAW-Z
|-damage|p1a: Hello .RAW-Z|0 fnt
|faint|p1a: Hello .RAW-Z
|
|upkeep
|
|t:|1779905317
|switch|p1a: Z-machine|Great Tusk|52/100 psn
|-damage|p1a: Z-machine|39/100 psn|[from] Spikes
|turn|18
|
|t:|1779905319
|switch|p2a: Houndstone|Houndstone, F, tera:Fairy|57/100
|move|p1a: Z-machine|Rapid Spin|p2a: Houndstone
|-crit|p2a: Houndstone
|-damage|p2a: Houndstone|45/100
|-boost|p1a: Z-machine|spe|1
|-sideend|p1: viutil|Spikes|[from] move: Rapid Spin|[of] p1a: Z-machine
|-sideend|p1: viutil|Toxic Spikes|[from] move: Rapid Spin|[of] p1a: Z-machine
|
|-heal|p2a: Houndstone|51/100|[from] item: Leftovers
|-damage|p1a: Z-machine|27/100 psn|[from] psn
|upkeep
|turn|19
|
|t:|1779905334
|move|p1a: Z-machine|Headlong Rush|p2a: Houndstone
|-damage|p2a: Houndstone|20/100
|-unboost|p1a: Z-machine|def|1
|-unboost|p1a: Z-machine|spd|1
|move|p2a: Houndstone|Phantom Force||[still]
|-prepare|p2a: Houndstone|Phantom Force
|
|-heal|p2a: Houndstone|26/100|[from] item: Leftovers
|-damage|p1a: Z-machine|15/100 psn|[from] psn
|upkeep
|turn|20
|
|t:|1779905337
|move|p1a: Z-machine|Headlong Rush|p2a: Houndstone|[miss]
|-miss|p1a: Z-machine|p2a: Houndstone
|move|p2a: Houndstone|Phantom Force|p1a: Z-machine|[from] lockedmove
|-damage|p1a: Z-machine|0 fnt
|faint|p1a: Z-machine
|-end|p1a: Z-machine|Protosynthesis|[silent]
|
|-heal|p2a: Houndstone|32/100|[from] item: Leftovers
|upkeep
|
|t:|1779905359
|switch|p1a: Maladresse|Ogerpon-Wellspring, F|100/100
|turn|21
|
|t:|1779905365
|move|p1a: Maladresse|Ivy Cudgel|p2a: Houndstone|[anim] Ivy Cudgel Water
|-damage|p2a: Houndstone|0 fnt
|faint|p2a: Houndstone
|
|upkeep
|
|t:|1779905371
|switch|p2a: Scrafty|Scrafty, M, shiny|100/100
|-ability|p2a: Scrafty|Intimidate|boost
|-unboost|p1a: Maladresse|atk|1
|turn|22
|
|t:|1779905377
|move|p1a: Maladresse|Play Rough|p2a: Scrafty
|-supereffective|p2a: Scrafty
|-damage|p2a: Scrafty|25/100
|move|p2a: Scrafty|Poison Jab|p1a: Maladresse
|-supereffective|p1a: Maladresse
|-damage|p1a: Maladresse|54/100
|
|upkeep
|turn|23
|
|t:|1779905383
|switch|p2a: Milotic|Milotic, M|76/100
|move|p1a: Maladresse|Ivy Cudgel|p2a: Milotic|[anim] Ivy Cudgel Water
|-resisted|p2a: Milotic
|-damage|p2a: Milotic|56/100
|
|upkeep
|turn|24
|
|t:|1779905387
|switch|p2a: Scrafty|Scrafty, M, shiny|25/100
|-ability|p2a: Scrafty|Intimidate|boost
|-unboost|p1a: Maladresse|atk|1
|move|p1a: Maladresse|Power Whip|p2a: Scrafty
|-damage|p2a: Scrafty|0 fnt
|faint|p2a: Scrafty
|
|upkeep
|
|t:|1779905390
|switch|p2a: Great Tusk|Great Tusk|100/100
|turn|25
|
|t:|1779905403
|move|p1a: Maladresse|Swords Dance|p1a: Maladresse
|-boost|p1a: Maladresse|atk|2
|move|p2a: Great Tusk|Rapid Spin|p1a: Maladresse
|-damage|p1a: Maladresse|36/100
|-boost|p2a: Great Tusk|spe|1
|
|upkeep
|turn|26
|
|t:|1779905408
|move|p1a: Maladresse|Power Whip|p2a: Great Tusk
|-supereffective|p2a: Great Tusk
|-damage|p2a: Great Tusk|31/100
|move|p2a: Great Tusk|Rapid Spin|p1a: Maladresse
|-crit|p1a: Maladresse
|-damage|p1a: Maladresse|9/100
|-boost|p2a: Great Tusk|spe|1
|
|-heal|p2a: Great Tusk|37/100|[from] item: Leftovers
|upkeep
|turn|27
|
|t:|1779905414
|move|p2a: Great Tusk|Body Press|p1a: Maladresse
|-damage|p1a: Maladresse|0 fnt
|faint|p1a: Maladresse
|
|-heal|p2a: Great Tusk|44/100|[from] item: Leftovers
|upkeep
|
|t:|1779905418
|switch|p1a: Swish|Dragonite, M|100/100
|turn|28
|
|t:|1779905425
|-terastallize|p1a: Swish|Ghost
|move|p1a: Swish|Dragon Dance|p1a: Swish
|-boost|p1a: Swish|atk|1
|-boost|p1a: Swish|spe|1
|move|p2a: Great Tusk|Roar|p1a: Swish
|drag|p1a: PrinceDeSangMêlé|Kingambit, M|88/100
|-activate|p1a: PrinceDeSangMêlé|ability: Supreme Overlord
|-start|p1a: PrinceDeSangMêlé|fallen4|[silent]
|
|-heal|p2a: Great Tusk|50/100|[from] item: Leftovers
|upkeep
|turn|29
|
|t:|1779905431
|move|p2a: Great Tusk|Body Press|p1a: PrinceDeSangMêlé
|-supereffective|p1a: PrinceDeSangMêlé
|-damage|p1a: PrinceDeSangMêlé|0 fnt
|faint|p1a: PrinceDeSangMêlé
|-end|p1a: PrinceDeSangMêlé|fallen4|[silent]
|
|-heal|p2a: Great Tusk|56/100|[from] item: Leftovers
|upkeep
|
|t:|1779905434
|switch|p1a: Swish|Dragonite, M, tera:Ghost|100/100
|turn|30
|
|t:|1779905437
|-end|p2a: Great Tusk|Protosynthesis|[silent]
|switch|p2a: Milotic|Milotic, M|56/100
|move|p1a: Swish|Dragon Dance|p1a: Swish
|-boost|p1a: Swish|atk|1
|-boost|p1a: Swish|spe|1
|
|upkeep
|turn|31
|
|t:|1779905440
|move|p1a: Swish|Earthquake|p2a: Milotic
|-damage|p2a: Milotic|0 fnt
|faint|p2a: Milotic
|
|upkeep
|-message|jessies boyfriend forfeited.
|
|win|viutil
|raw|viutil's rating: 1429 &rarr; <strong>1449</strong><br />(+20 for winning)
|raw|jessies boyfriend's rating: 1433 &rarr; <strong>1413</strong><br />(-20 for losing)
|l|☆jessies boyfriend
|player|p2|
|l|☆viutil
|player|p1|
