|j|☆Underquill
|j|‽vanllesco
|t:|1779890281
|gametype|singles
|player|p1|Underquill|170|1223
|player|p2|vanllesco|hilbert|1222
|gen|9
|tier|[Gen 9] OU
|rated|
|rule|HP Percentage Mod: HP is shown in percentages
|rule|Endless Battle Clause: Forcing endless battles is banned
|rule|Species Clause: Limit one of each Pokémon
|rule|OHKO Clause: OHKO moves are banned
|rule|Evasion Items Clause: Evasion items are banned
|rule|Evasion Moves Clause: Evasion moves are banned
|rule|Evasion Abilities Clause: Evasion abilities are banned
|rule|Sleep Moves Clause: Sleep-inducing moves are banned
|clearpoke
|poke|p1|Garganacl, F|
|poke|p1|Tyranitar, M|
|poke|p1|Torterra, M|
|poke|p1|Excadrill, F|
|poke|p1|Alomomola, M|
|poke|p1|Mandibuzz, F|
|poke|p2|Samurott-Hisui, M|
|poke|p2|Corviknight, M|
|poke|p2|Hatterene, F|
|poke|p2|Umbreon, F|
|poke|p2|Toxtricity-Low-Key, M|
|poke|p2|Garchomp, M|
|teampreview
|inactive|Battle timer is ON: inactive players will automatically lose when time's up. (requested by Underquill)
|
|t:|1779890299
|teamsize|p1|6
|teamsize|p2|6
|start
|switch|p1a: Tyranitar|Tyranitar, M|100/100
|switch|p2a: Samurott|Samurott-Hisui, M|100/100
|-weather|Sandstorm|[from] ability: Sand Stream|[of] p1a: Tyranitar
|turn|1
|
|t:|1779890308
|move|p2a: Samurott|Sacred Sword|p1a: Tyranitar
|-supereffective|p1a: Tyranitar
|-damage|p1a: Tyranitar|0 fnt
|faint|p1a: Tyranitar
|
|-weather|Sandstorm|[upkeep]
|-damage|p2a: Samurott|94/100|[from] Sandstorm
|-heal|p2a: Samurott|100/100|[from] item: Leftovers
|upkeep
|
|t:|1779890314
|switch|p1a: Torterra|Torterra, M|100/100
|turn|2
|
|t:|1779890323
|switch|p2a: Corviknight|Corviknight, M|100/100
|move|p1a: Torterra|Shell Smash|p1a: Torterra
|-unboost|p1a: Torterra|def|1
|-unboost|p1a: Torterra|spd|1
|-boost|p1a: Torterra|atk|2
|-boost|p1a: Torterra|spa|2
|-boost|p1a: Torterra|spe|2
|
|-weather|Sandstorm|[upkeep]
|upkeep
|turn|3
|inactive|vanllesco has 120 seconds left.
|inactive|vanllesco has 90 seconds left.
|inactive|vanllesco has 60 seconds left.
|
|t:|1779890430
|-terastallize|p1a: Torterra|Rock
|move|p1a: Torterra|Rock Blast|p2a: Corviknight
|-damage|p2a: Corviknight|85/100
|-damage|p2a: Corviknight|67/100
|-damage|p2a: Corviknight|50/100
|-damage|p2a: Corviknight|35/100
|-damage|p2a: Corviknight|18/100
|-hitcount|p2a: Corviknight|5
|move|p2a: Corviknight|Brave Bird|p1a: Torterra
|-resisted|p1a: Torterra
|-damage|p1a: Torterra|75/100
|-damage|p2a: Corviknight|11/100|[from] Recoil
|
|-weather|Sandstorm|[upkeep]
|upkeep
|turn|4
|
|t:|1779890447
|move|p1a: Torterra|Bullet Seed|p2a: Corviknight
|-resisted|p2a: Corviknight
|-damage|p2a: Corviknight|7/100
|-resisted|p2a: Corviknight
|-damage|p2a: Corviknight|3/100
|-resisted|p2a: Corviknight
|-damage|p2a: Corviknight|0 fnt
|faint|p2a: Corviknight
|-hitcount|p2: Corviknight|3
|
|-weather|Sandstorm|[upkeep]
|upkeep
|inactive|vanllesco has 30 seconds left.
|
|t:|1779890463
|switch|p2a: Umbreon|Umbreon, F, shiny|100/100
|turn|5
|
|t:|1779890478
|switch|p1a: Garganacl|Garganacl, F|100/100
|move|p2a: Umbreon|Foul Play|p1a: Garganacl
|-damage|p1a: Garganacl|84/100
|
|-weather|Sandstorm|[upkeep]
|-damage|p2a: Umbreon|94/100|[from] Sandstorm
|-heal|p2a: Umbreon|100/100|[from] item: Leftovers
|-heal|p1a: Garganacl|90/100|[from] item: Leftovers
|upkeep
|turn|6
|inactive|vanllesco has 30 seconds left.
|inactive|vanllesco has 20 seconds left.
|inactive|vanllesco has 15 seconds left.
|inactive|vanllesco has 10 seconds left.
|inactive|vanllesco has 5 seconds left.
|
|t:|1779890524
|move|p2a: Umbreon|Wish|p2a: Umbreon
|move|p1a: Garganacl|Salt Cure|p2a: Umbreon
|-damage|p2a: Umbreon|91/100
|-start|p2a: Umbreon|Salt Cure
|
|-weather|Sandstorm|[upkeep]
|-damage|p2a: Umbreon|85/100|[from] Sandstorm
|-heal|p2a: Umbreon|91/100|[from] item: Leftovers
|-heal|p1a: Garganacl|96/100|[from] item: Leftovers
|-damage|p2a: Umbreon|78/100|[from] Salt Cure
|upkeep
|turn|7
|inactive|vanllesco has 15 seconds left this turn.
|inactive|vanllesco has 10 seconds left.
|
|t:|1779890531
|switch|p2a: Hatterene|Hatterene, F|100/100
|move|p1a: Garganacl|Salt Cure|p2a: Hatterene
|-damage|p2a: Hatterene|88/100
|
|-weather|Sandstorm|[upkeep]
|-damage|p2a: Hatterene|82/100|[from] Sandstorm
|-heal|p2a: Hatterene|100/100|[from] move: Wish|[wisher] Umbreon
|-heal|p1a: Garganacl|100/100|[from] item: Leftovers
|upkeep
|turn|8
|inactive|vanllesco has 20 seconds left this turn.
|inactive|vanllesco has 15 seconds left.
|
|t:|1779890538
|move|p1a: Garganacl|Salt Cure|p2a: Hatterene
|-damage|p2a: Hatterene|89/100
|move|p2a: Hatterene|Calm Mind|p2a: Hatterene
|-boost|p2a: Hatterene|spa|1
|-boost|p2a: Hatterene|spd|1
|
|-weather|none
|upkeep
|turn|9
|inactive|vanllesco has 25 seconds left this turn.
|inactive|vanllesco has 20 seconds left.
|
|t:|1779890554
|switch|p1a: Excadrill|Excadrill, F|100/100
|-item|p1a: Excadrill|Air Balloon
|move|p2a: Hatterene|Calm Mind|p2a: Hatterene
|-boost|p2a: Hatterene|spa|1
|-boost|p2a: Hatterene|spd|1
|
|upkeep
|turn|10
|inactive|vanllesco has 30 seconds left this turn.
|inactive|vanllesco has 20 seconds left.
|
|t:|1779890565
|move|p1a: Excadrill|Iron Head|p2a: Hatterene
|-supereffective|p2a: Hatterene
|-damage|p2a: Hatterene|10/100
|move|p2a: Hatterene|Mystical Fire|p1a: Excadrill
|-supereffective|p1a: Excadrill
|-damage|p1a: Excadrill|0 fnt
|-enditem|p1a: Excadrill|Air Balloon
|faint|p1a: Excadrill
|
|upkeep
|
|t:|1779890574
|switch|p1a: Torterra|Torterra, M, tera:Rock|75/100
|turn|11
|
|t:|1779890579
|move|p1a: Torterra|Bullet Seed|p2a: Hatterene
|-damage|p2a: Hatterene|0 fnt
|faint|p2a: Hatterene
|-hitcount|p2: Hatterene|1
|
|upkeep
|
|t:|1779890585
|switch|p2a: Garchomp|Garchomp, M|100/100
|turn|12
|
|t:|1779890590
|switch|p1a: Mandibuzz|Mandibuzz, F|100/100
|move|p2a: Garchomp|Earthquake|p1a: Mandibuzz
|-immune|p1a: Mandibuzz
|
|upkeep
|turn|13
|
|t:|1779890602
|switch|p2a: Toxtricity|Toxtricity-Low-Key, M|100/100
|move|p1a: Mandibuzz|Toxic|p2a: Toxtricity
|-immune|p2a: Toxtricity
|
|upkeep
|turn|14
|inactive|vanllesco has 30 seconds left.
|inactive|vanllesco has 20 seconds left.
|
|t:|1779890641
|move|p2a: Toxtricity|Overdrive|p1a: Mandibuzz
|-supereffective|p1a: Mandibuzz
|-damage|p1a: Mandibuzz|16/100
|move|p1a: Mandibuzz|Foul Play|p2a: Toxtricity
|-damage|p2a: Toxtricity|58/100
|
|upkeep
|turn|15
|inactive|vanllesco has 30 seconds left this turn.
|inactive|vanllesco has 20 seconds left.
|inactive|vanllesco has 15 seconds left.
|inactive|vanllesco has 10 seconds left.
|inactive|vanllesco has 5 seconds left.
|-message|vanllesco lost due to inactivity.
|
|win|Underquill
|raw|Underquill's rating: 1223 &rarr; <strong>1248</strong><br />(+25 for winning)
|raw|vanllesco's rating: 1222 &rarr; <strong>1197</strong><br />(-25 for losing)
|l|☆Underquill
|player|p1|
|l|‽vanllesco
|player|p2|
