|j|☆ZeemeerminGeertJan
|j|‽leifohman
|t:|1779811457
|gametype|singles
|player|p1|ZeemeerminGeertJan|266|1575
|player|p2|leifohman|102|1575
|gen|9
|tier|[Gen 9] OU
|rated|
|rule|HP Percentage Mod: HP is shown in percentages
|rule|Endless Battle Clause: Forcing endless battles is banned
|rule|Species Clause: Limit one of each Pokémon
|rule|OHKO Clause: OHKO moves are banned
|rule|Evasion Items Clause: Evasion items are banned
|rule|Evasion Moves Clause: Evasion moves are banned
|rule|Evasion Abilities Clause: Evasion abilities are banned
|rule|Sleep Moves Clause: Sleep-inducing moves are banned
|clearpoke
|poke|p1|Cramorant, M|
|poke|p1|Gallade, M|
|poke|p1|Kingambit, M|
|poke|p1|Iron Moth|
|poke|p1|Enamorus, F|
|poke|p1|Ogerpon-Cornerstone, F|
|poke|p2|Porygon2|
|poke|p2|Dragapult, F|
|poke|p2|Deoxys-Speed|
|poke|p2|Cinderace, M|
|poke|p2|Garchomp, M|
|poke|p2|Gallade, M|
|teampreview
|inactive|Battle timer is ON: inactive players will automatically lose when time's up. (requested by leifohman)
|
|t:|1779811474
|teamsize|p1|6
|teamsize|p2|6
|start
|switch|p1a: Cramorant|Cramorant, M, shiny|100/100
|switch|p2a: Dragapult|Dragapult, F, shiny|100/100
|turn|1
|
|t:|1779811484
|move|p2a: Dragapult|U-turn|p1a: Cramorant
|-resisted|p1a: Cramorant
|-damage|p1a: Cramorant|85/100
|j| Dante1310
|
|t:|1779811488
|switch|p2a: Porygon2|Porygon2, shiny|100/100|[from] U-turn
|move|p1a: Cramorant|Tailwind|p1a: Cramorant
|-sidestart|p1: ZeemeerminGeertJan|move: Tailwind
|
|upkeep
|turn|2
|
|t:|1779811507
|move|p1a: Cramorant|Surf|p2a: Porygon2
|-formechange|p1a: Cramorant|Cramorant-Gulping|
|-damage|p2a: Porygon2|82/100
|move|p2a: Porygon2|Discharge|p1a: Cramorant
|-supereffective|p1a: Cramorant
|-damage|p1a: Cramorant|0 fnt
|-damage|p2a: Porygon2|57/100|[from] ability: Gulp Missile|[of] p1a: Cramorant
|-unboost|p2a: Porygon2|def|1
|-formechange|p1a: Cramorant|Cramorant|
|faint|p1a: Cramorant
|
|upkeep
|
|t:|1779811511
|switch|p1a: Gallade|Gallade, M|100/100
|-ability|p2a: Porygon2|Sharpness|Trace|[from] ability: Trace|[of] p1a: Gallade
|turn|3
|inactive|leifohman has 120 seconds left.
|
|t:|1779811557
|switch|p2a: Garchomp|Garchomp, M, shiny|100/100
|move|p1a: Gallade|Swords Dance|p1a: Gallade
|-boost|p1a: Gallade|atk|2
|
|upkeep
|turn|4
|
|t:|1779811580
|move|p1a: Gallade|Sacred Sword|p2a: Garchomp
|-damage|p2a: Garchomp|0 fnt
|-damage|p1a: Gallade|88/100|[from] ability: Rough Skin|[of] p2a: Garchomp
|faint|p2a: Garchomp
|
|-sideend|p1: ZeemeerminGeertJan|move: Tailwind
|upkeep
|inactive|leifohman has 90 seconds left.
|inactive|leifohman has 60 seconds left.
|
|t:|1779811626
|switch|p2a: Deoxys|Deoxys-Speed, shiny|100/100
|-ability|p2a: Deoxys|Pressure
|turn|5
|inactive|leifohman has 60 seconds left.
|j| rightddee
|
|t:|1779811640
|-terastallize|p2a: Deoxys|Dark
|move|p1a: Gallade|Shadow Sneak|p2a: Deoxys
|-resisted|p2a: Deoxys
|-damage|p2a: Deoxys|79/100
|move|p2a: Deoxys|Knock Off|p1a: Gallade
|-damage|p1a: Gallade|0 fnt
|-enditem|p1a: Gallade|Focus Sash|[from] move: Knock Off|[of] p2a: Deoxys
|faint|p1a: Gallade
|-damage|p2a: Deoxys|69/100|[from] item: Life Orb
|
|upkeep
|
|t:|1779811662
|switch|p1a: Enamorus|Enamorus, F|100/100
|turn|6
|inactive|leifohman has 60 seconds left.
|
|t:|1779811673
|switch|p2a: Porygon2|Porygon2, shiny|57/100
|-ability|p2a: Porygon2|Contrary|Trace|[from] ability: Trace|[of] p1a: Enamorus
|move|p1a: Enamorus|Superpower|p2a: Porygon2
|-supereffective|p2a: Porygon2
|-damage|p2a: Porygon2|12/100
|-boost|p1a: Enamorus|atk|1
|-boost|p1a: Enamorus|def|1
|
|upkeep
|turn|7
|inactive|leifohman has 60 seconds left.
|
|t:|1779811695
|switch|p2a: Dragapult|Dragapult, F, shiny|100/100
|move|p1a: Enamorus|Superpower|p2a: Dragapult
|-immune|p2a: Dragapult
|
|upkeep
|turn|8
|
|t:|1779811703
|move|p2a: Dragapult|Shadow Ball|p1a: Enamorus
|-damage|p1a: Enamorus|29/100
|move|p1a: Enamorus|Moonblast|p2a: Dragapult
|-supereffective|p2a: Dragapult
|-damage|p2a: Dragapult|0 fnt
|faint|p2a: Dragapult
|
|upkeep
|j| Ryaanng
|
|t:|1779811713
|switch|p2a: Deoxys|Deoxys-Speed, shiny, tera:Dark|69/100
|-ability|p2a: Deoxys|Pressure
|turn|9
|inactive|leifohman has 60 seconds left.
|
|t:|1779811721
|switch|p1a: Kingambit|Kingambit, M|100/100
|-activate|p1a: Kingambit|ability: Supreme Overlord
|-start|p1a: Kingambit|fallen2|[silent]
|move|p2a: Deoxys|Ice Beam|p1a: Kingambit
|-resisted|p1a: Kingambit
|-damage|p1a: Kingambit|84/100
|-damage|p2a: Deoxys|59/100|[from] item: Life Orb
|
|upkeep
|turn|10
|
|t:|1779811732
|move|p2a: Deoxys|Superpower|p1a: Kingambit
|-supereffective|p1a: Kingambit
|-damage|p1a: Kingambit|0 fnt
|-unboost|p2a: Deoxys|atk|1
|-unboost|p2a: Deoxys|def|1
|faint|p1a: Kingambit
|-end|p1a: Kingambit|fallen2|[silent]
|-damage|p2a: Deoxys|49/100|[from] item: Life Orb
|
|upkeep
|
|t:|1779811738
|switch|p1a: Ogerpon|Ogerpon-Cornerstone, F|100/100
|turn|11
|inactive|leifohman has 60 seconds left.
|
|t:|1779811769
|move|p2a: Deoxys|Ice Beam|p1a: Ogerpon
|-supereffective|p1a: Ogerpon
|-damage|p1a: Ogerpon|25/100
|-damage|p2a: Deoxys|39/100|[from] item: Life Orb
|move|p1a: Ogerpon|Trailblaze|p2a: Deoxys
|-damage|p2a: Deoxys|0 fnt
|-boost|p1a: Ogerpon|spe|1
|faint|p2a: Deoxys
|
|upkeep
|
|t:|1779811782
|switch|p2a: Cinderace|Cinderace, M, shiny|100/100
|turn|12
|
|t:|1779811785
|move|p2a: Cinderace|Sucker Punch|p1a: Ogerpon
|-start|p2a: Cinderace|typechange|Dark|[from] ability: Libero
|-damage|p1a: Ogerpon|0 fnt
|faint|p1a: Ogerpon
|
|upkeep
|
|t:|1779811791
|switch|p1a: Iron Moth|Iron Moth|100/100
|-enditem|p1a: Iron Moth|Booster Energy
|-activate|p1a: Iron Moth|ability: Quark Drive|[fromitem]
|-start|p1a: Iron Moth|quarkdrivespe
|turn|13
|
|t:|1779811804
|move|p1a: Iron Moth|Dazzling Gleam|p2a: Cinderace
|-supereffective|p2a: Cinderace
|-damage|p2a: Cinderace|25/100
|move|p2a: Cinderace|U-turn|p1a: Iron Moth
|-resisted|p1a: Iron Moth
|-damage|p1a: Iron Moth|92/100
|
|t:|1779811810
|switch|p2a: Gallade|Gallade, M, shiny|100/100|[from] U-turn
|
|upkeep
|turn|14
|inactive|leifohman has 60 seconds left.
|l| Ryaanng
|
|t:|1779811841
|move|p1a: Iron Moth|Dazzling Gleam|p2a: Gallade
|-supereffective|p2a: Gallade
|-damage|p2a: Gallade|43/100
|move|p2a: Gallade|Psycho Cut|p1a: Iron Moth
|-supereffective|p1a: Iron Moth
|-damage|p1a: Iron Moth|0 fnt
|faint|p1a: Iron Moth
|-end|p1a: Iron Moth|Quark Drive|[silent]
|
|upkeep
|
|t:|1779811844
|switch|p1a: Enamorus|Enamorus, F|29/100
|turn|15
|
|t:|1779811851
|move|p1a: Enamorus|Moonblast|p2a: Gallade
|-supereffective|p2a: Gallade
|-damage|p2a: Gallade|0 fnt
|faint|p2a: Gallade
|
|upkeep
|
|t:|1779811858
|switch|p2a: Cinderace|Cinderace, M, shiny|25/100
|turn|16
|
|t:|1779811862
|move|p2a: Cinderace|Pyro Ball|p1a: Enamorus
|-damage|p1a: Enamorus|0 fnt
|faint|p1a: Enamorus
|
|win|leifohman
|raw|ZeemeerminGeertJan's rating: 1575 &rarr; <strong>1555</strong><br />(-20 for losing)
|raw|leifohman's rating: 1575 &rarr; <strong>1595</strong><br />(+20 for winning)
|l|☆ZeemeerminGeertJan
|player|p1|
|l|‽leifohman
|player|p2|
|l| Dante1310
|l| rightddee
