|j|☆RayquazaLover0
|j|☆GwopMerchant
|t:|1779808266
|gametype|singles
|player|p1|RayquazaLover0|marlon|1134
|player|p2|GwopMerchant|101|1062
|gen|9
|tier|[Gen 9] OU
|rated|
|rule|HP Percentage Mod: HP is shown in percentages
|rule|Endless Battle Clause: Forcing endless battles is banned
|rule|Species Clause: Limit one of each Pokémon
|rule|OHKO Clause: OHKO moves are banned
|rule|Evasion Items Clause: Evasion items are banned
|rule|Evasion Moves Clause: Evasion moves are banned
|rule|Evasion Abilities Clause: Evasion abilities are banned
|rule|Sleep Moves Clause: Sleep-inducing moves are banned
|clearpoke
|poke|p1|Kingambit, F|
|poke|p1|Cinderace, F|
|poke|p1|Landorus-Therian, M|
|poke|p1|Iron Valiant|
|poke|p1|Slowking-Galar, M|
|poke|p1|Kyurem|
|poke|p2|Talonflame, F|
|poke|p2|Seviper, M|
|poke|p2|Cryogonal|
|poke|p2|Gligar, F|
|poke|p2|Conkeldurr, F|
|poke|p2|Latios, M|
|teampreview
|
|t:|1779808293
|teamsize|p1|6
|teamsize|p2|6
|start
|switch|p1a: Loki|Slowking-Galar, M, shiny|100/100
|switch|p2a: Dua Lipa|Gligar, F, shiny|100/100
|turn|1
|
|t:|1779808300
|move|p2a: Dua Lipa|Stealth Rock|p1a: Loki
|-sidestart|p1: RayquazaLover0|move: Stealth Rock
|move|p1a: Loki|Psyshock|p2a: Dua Lipa
|-damage|p2a: Dua Lipa|86/100
|
|upkeep
|turn|2
|
|t:|1779808307
|move|p2a: Dua Lipa|Knock Off|p1a: Loki
|-supereffective|p1a: Loki
|-damage|p1a: Loki|58/100
|-enditem|p1a: Loki|Focus Sash|[from] move: Knock Off|[of] p2a: Dua Lipa
|-prepare|p1a: Loki|Chilly Reception|[premajor]
|move|p1a: Loki|Chilly Reception|p1a: Loki
|-weather|Snowscape
|
|t:|1779808322
|switch|p1a: Top Tao|Kyurem, shiny|100/100|[from] Chilly Reception
|-damage|p1a: Top Tao|76/100|[from] Stealth Rock
|-ability|p1a: Top Tao|Pressure
|
|-weather|Snowscape|[upkeep]
|upkeep
|turn|3
|
|t:|1779808378
|switch|p2a: Frozone|Cryogonal|100/100
|move|p1a: Top Tao|Blizzard|p2a: Frozone
|-resisted|p2a: Frozone
|-damage|p2a: Frozone|74/100
|
|-weather|Snowscape|[upkeep]
|upkeep
|turn|4
|
|t:|1779808387
|move|p2a: Frozone|Flash Cannon|p1a: Top Tao
|-supereffective|p1a: Top Tao
|-damage|p1a: Top Tao|45/100
|move|p1a: Top Tao|Earth Power|p2a: Frozone
|-immune|p2a: Frozone|[from] ability: Levitate
|
|-weather|Snowscape|[upkeep]
|upkeep
|turn|5
|
|t:|1779808396
|switch|p1a: Sanji|Cinderace, F|100/100
|move|p2a: Frozone|Flash Cannon|p1a: Sanji
|-resisted|p1a: Sanji
|-damage|p1a: Sanji|85/100
|
|-weather|Snowscape|[upkeep]
|upkeep
|turn|6
|
|t:|1779808410
|switch|p2a: Bosh Bird|Talonflame, F|100/100
|move|p1a: Sanji|Pyro Ball|p2a: Bosh Bird
|-resisted|p2a: Bosh Bird
|-damage|p2a: Bosh Bird|65/100
|
|-weather|none
|upkeep
|turn|7
|
|t:|1779808419
|move|p2a: Bosh Bird|Brave Bird|p1a: Sanji
|-damage|p1a: Sanji|35/100
|-damage|p2a: Bosh Bird|51/100|[from] Recoil
|move|p1a: Sanji|Court Change|p1a: Sanji
|-start|p1a: Sanji|typechange|Normal|[from] ability: Libero
|-swapsideconditions
|-activate|p1a: Sanji|move: Court Change
|
|upkeep
|turn|8
|
|t:|1779808444
|switch|p1a: Chopper|Landorus-Therian, M, shiny|100/100
|-ability|p1a: Chopper|Intimidate|boost
|-unboost|p2a: Bosh Bird|atk|1
|move|p2a: Bosh Bird|Brave Bird|p1a: Chopper
|-damage|p1a: Chopper|75/100
|-damage|p2a: Bosh Bird|34/100|[from] item: Rocky Helmet|[of] p1a: Chopper
|-damage|p2a: Bosh Bird|27/100|[from] Recoil
|
|upkeep
|turn|9
|
|t:|1779808458
|move|p2a: Bosh Bird|Will-O-Wisp|p1a: Chopper|[miss]
|-miss|p2a: Bosh Bird|p1a: Chopper
|move|p1a: Chopper|U-turn|p2a: Bosh Bird
|-resisted|p2a: Bosh Bird
|-damage|p2a: Bosh Bird|18/100
|-status|p1a: Chopper|brn|[from] ability: Flame Body|[of] p2a: Bosh Bird
|
|t:|1779808464
|switch|p1a: Loki|Slowking-Galar, M, shiny|91/100|[from] U-turn
|
|upkeep
|turn|10
|
|t:|1779808479
|move|p2a: Bosh Bird|U-turn|p1a: Loki
|-damage|p1a: Loki|81/100
|
|t:|1779808481
|switch|p2a: Dua Lipa|Gligar, F, shiny|86/100|[from] U-turn
|-damage|p2a: Dua Lipa|74/100|[from] Stealth Rock
|move|p1a: Loki|Sludge Bomb|p2a: Dua Lipa
|-resisted|p2a: Dua Lipa
|-damage|p2a: Dua Lipa|58/100
|-status|p2a: Dua Lipa|psn
|
|-damage|p2a: Dua Lipa|46/100 psn|[from] psn
|upkeep
|turn|11
|inactive|Battle timer is ON: inactive players will automatically lose when time's up. (requested by GwopMerchant)
|inactive|RayquazaLover0 has 120 seconds left.
|inactive|RayquazaLover0 has 90 seconds left.
|
|t:|1779808628
|move|p2a: Dua Lipa|Earthquake|p1a: Loki
|-supereffective|p1a: Loki
|-damage|p1a: Loki|20/100
|move|p1a: Loki|Psyshock|p2a: Dua Lipa
|-damage|p2a: Dua Lipa|30/100 psn
|
|-damage|p2a: Dua Lipa|18/100 psn|[from] psn
|upkeep
|turn|12
|
|t:|1779808637
|switch|p1a: Chopper|Landorus-Therian, M, shiny|75/100 brn
|-ability|p1a: Chopper|Intimidate|boost
|-fail|p2a: Dua Lipa|unboost|Attack|[from] ability: Hyper Cutter|[of] p2a: Dua Lipa
|move|p2a: Dua Lipa|Knock Off|p1a: Chopper
|-damage|p1a: Chopper|53/100 brn
|-damage|p2a: Dua Lipa|2/100 psn|[from] item: Rocky Helmet|[of] p1a: Chopper
|-enditem|p1a: Chopper|Rocky Helmet|[from] move: Knock Off|[of] p2a: Dua Lipa
|
|-damage|p2a: Dua Lipa|0 fnt|[from] psn
|faint|p2a: Dua Lipa
|-damage|p1a: Chopper|48/100 brn|[from] brn
|upkeep
|
|t:|1779808651
|switch|p2a: Frozone|Cryogonal|74/100
|turn|13
|
|t:|1779808662
|move|p2a: Frozone|Freeze-Dry|p1a: Chopper
|-supereffective|p1a: Chopper
|-damage|p1a: Chopper|0 fnt
|faint|p1a: Chopper
|
|upkeep
|
|t:|1779808669
|switch|p1a: Sanji|Cinderace, F|35/100
|turn|14
|
|t:|1779808680
|-terastallize|p2a: Frozone|Fire
|move|p1a: Sanji|Pyro Ball|p2a: Frozone|[miss]
|-miss|p1a: Sanji|p2a: Frozone
|move|p2a: Frozone|Rapid Spin|p1a: Sanji
|-damage|p1a: Sanji|26/100
|-boost|p2a: Frozone|spe|1
|-sideend|p2: GwopMerchant|Stealth Rock|[from] move: Rapid Spin|[of] p2a: Frozone
|
|upkeep
|turn|15
|
|t:|1779808692
|move|p2a: Frozone|Flash Cannon|p1a: Sanji
|-resisted|p1a: Sanji
|-damage|p1a: Sanji|9/100
|move|p1a: Sanji|U-turn|p2a: Frozone
|-start|p1a: Sanji|typechange|Bug|[from] ability: Libero
|-resisted|p2a: Frozone
|-damage|p2a: Frozone|41/100
|
|t:|1779808708
|switch|p1a: Zoro|Iron Valiant|100/100|[from] U-turn
|-enditem|p1a: Zoro|Booster Energy
|-activate|p1a: Zoro|ability: Quark Drive|[fromitem]
|-start|p1a: Zoro|quarkdrivespe
|
|upkeep
|turn|16
|
|t:|1779808719
|move|p1a: Zoro|Knock Off|p2a: Frozone
|-damage|p2a: Frozone|0 fnt
|-enditem|p2a: Frozone|Heavy-Duty Boots|[from] move: Knock Off|[of] p1a: Zoro
|faint|p2a: Frozone
|
|upkeep
|
|t:|1779808727
|switch|p2a: Boogie|Seviper, M, shiny|100/100
|turn|17
|
|t:|1779808735
|move|p1a: Zoro|Knock Off|p2a: Boogie
|-damage|p2a: Boogie|42/100
|-enditem|p2a: Boogie|Leftovers|[from] move: Knock Off|[of] p1a: Zoro
|move|p2a: Boogie|Coil|p2a: Boogie
|-boost|p2a: Boogie|atk|1
|-boost|p2a: Boogie|def|1
|-boost|p2a: Boogie|accuracy|1
|
|upkeep
|turn|18
|
|t:|1779808744
|move|p1a: Zoro|Close Combat|p2a: Boogie
|-resisted|p2a: Boogie
|-damage|p2a: Boogie|4/100
|-unboost|p1a: Zoro|def|1
|-unboost|p1a: Zoro|spd|1
|move|p2a: Boogie|Gunk Shot|p1a: Zoro
|-supereffective|p1a: Zoro
|-damage|p1a: Zoro|0 fnt
|faint|p1a: Zoro
|-end|p1a: Zoro|Quark Drive|[silent]
|
|upkeep
|
|t:|1779808756
|switch|p1a: Top Tao|Kyurem, shiny|45/100
|-ability|p1a: Top Tao|Pressure
|turn|19
|
|t:|1779808767
|move|p1a: Top Tao|Ice Beam|p2a: Boogie
|-damage|p2a: Boogie|0 fnt
|faint|p2a: Boogie
|
|upkeep
|
|t:|1779808779
|switch|p2a: Rico|Conkeldurr, F|100/100
|turn|20
|
|t:|1779808795
|move|p1a: Top Tao|Ice Beam|p2a: Rico
|-damage|p2a: Rico|30/100
|move|p2a: Rico|Bulk Up|p2a: Rico
|-boost|p2a: Rico|atk|1
|-boost|p2a: Rico|def|1
|
|upkeep
|turn|21
|
|t:|1779808802
|move|p1a: Top Tao|Ice Beam|p2a: Rico
|-damage|p2a: Rico|0 fnt
|faint|p2a: Rico
|
|upkeep
|
|t:|1779808804
|switch|p2a: Bosh Bird|Talonflame, F|18/100
|turn|22
|
|t:|1779808810
|move|p2a: Bosh Bird|Flare Blitz|p1a: Top Tao
|-damage|p1a: Top Tao|10/100
|-status|p1a: Top Tao|brn
|-damage|p2a: Bosh Bird|6/100|[from] Recoil
|move|p1a: Top Tao|Ice Beam|p2a: Bosh Bird
|-damage|p2a: Bosh Bird|0 fnt
|faint|p2a: Bosh Bird
|
|-damage|p1a: Top Tao|4/100 brn|[from] brn
|upkeep
|
|t:|1779808813
|switch|p2a: BadaBing|Latios, M|100/100
|turn|23
|
|t:|1779808822
|move|p2a: BadaBing|Dragon Claw|p1a: Top Tao
|-supereffective|p1a: Top Tao
|-damage|p1a: Top Tao|0 fnt
|faint|p1a: Top Tao
|
|upkeep
|
|t:|1779808832
|switch|p1a: Sanji|Cinderace, F|9/100
|turn|24
|
|t:|1779808838
|move|p1a: Sanji|U-turn|p2a: BadaBing
|-start|p1a: Sanji|typechange|Bug|[from] ability: Libero
|-supereffective|p2a: BadaBing
|-damage|p2a: BadaBing|7/100
|
|t:|1779808842
|switch|p1a: Loki|Slowking-Galar, M, shiny|53/100|[from] U-turn
|move|p2a: BadaBing|Dragon Dance|p2a: BadaBing
|-boost|p2a: BadaBing|atk|1
|-boost|p2a: BadaBing|spe|1
|
|upkeep
|turn|25
|
|t:|1779808848
|move|p2a: BadaBing|Earthquake|p1a: Loki
|-supereffective|p1a: Loki
|-damage|p1a: Loki|0 fnt
|faint|p1a: Loki
|
|upkeep
|
|t:|1779808852
|switch|p1a: Sanji|Cinderace, F|9/100
|turn|26
|
|t:|1779808858
|move|p2a: BadaBing|Earthquake|p1a: Sanji
|-supereffective|p1a: Sanji
|-damage|p1a: Sanji|0 fnt
|faint|p1a: Sanji
|
|upkeep
|
|t:|1779808863
|switch|p1a: My King|Kingambit, F, shiny|100/100
|-activate|p1a: My King|ability: Supreme Overlord
|-start|p1a: My King|fallen5|[silent]
|turn|27
|
|t:|1779808869
|move|p1a: My King|Sucker Punch|p2a: BadaBing
|-supereffective|p2a: BadaBing
|-damage|p2a: BadaBing|0 fnt
|faint|p2a: BadaBing
|-damage|p1a: My King|91/100|[from] item: Life Orb
|
|win|RayquazaLover0
|raw|RayquazaLover0's rating: 1134 &rarr; <strong>1154</strong><br />(+20 for winning)
|raw|GwopMerchant's rating: 1062 &rarr; <strong>1047</strong><br />(-15 for losing)
|c|☆GwopMerchant|gg
|c|☆RayquazaLover0|gg
|l|☆RayquazaLover0
|player|p1|
|l|☆GwopMerchant
|player|p2|
