|j|☆Igoodnamename
|j|☆0c3an m4n
|t:|1779801220
|gametype|singles
|player|p1|Igoodnamename|aaron|1644
|player|p2|0c3an m4n|marlon|1650
|gen|9
|tier|[Gen 9] OU
|rated|
|rule|HP Percentage Mod: HP is shown in percentages
|rule|Endless Battle Clause: Forcing endless battles is banned
|rule|Species Clause: Limit one of each Pokémon
|rule|OHKO Clause: OHKO moves are banned
|rule|Evasion Items Clause: Evasion items are banned
|rule|Evasion Moves Clause: Evasion moves are banned
|rule|Evasion Abilities Clause: Evasion abilities are banned
|rule|Sleep Moves Clause: Sleep-inducing moves are banned
|clearpoke
|poke|p1|Pecharunt|
|poke|p1|Slowking, F|
|poke|p1|Iron Treads|
|poke|p1|Zamazenta-*|
|poke|p1|Umbreon, F|
|poke|p1|Ogerpon, F|
|poke|p2|Quaquaval, M|
|poke|p2|Barraskewda, M|
|poke|p2|Pelipper, F|
|poke|p2|Slither Wing|
|poke|p2|Hatterene, F|
|poke|p2|Crawdaunt, F|
|teampreview
|j| TestAccountNo.123
|
|t:|1779801276
|teamsize|p1|6
|teamsize|p2|6
|start
|switch|p1a: Umbreon|Umbreon, F|100/100
|switch|p2a: Apernao 🔥|Crawdaunt, F, shiny|100/100
|turn|1
|
|t:|1779801282
|switch|p2a: Si|Hatterene, F, shiny|100/100
|-terastallize|p1a: Umbreon|Water
|move|p1a: Umbreon|Foul Play|p2a: Si
|-damage|p2a: Si|65/100
|
|upkeep
|turn|2
|
|t:|1779801288
|switch|p1a: Iron Treads|Iron Treads|100/100
|move|p2a: Si|Nuzzle|p1a: Iron Treads
|-immune|p1a: Iron Treads
|
|upkeep
|turn|3
|
|t:|1779801292
|move|p1a: Iron Treads|Earthquake|p2a: Si
|-damage|p2a: Si|22/100
|move|p2a: Si|Mystical Fire|p1a: Iron Treads
|-supereffective|p1a: Iron Treads
|-damage|p1a: Iron Treads|45/100
|-unboost|p1a: Iron Treads|spa|1
|
|-heal|p1a: Iron Treads|52/100|[from] item: Leftovers
|upkeep
|turn|4
|
|t:|1779801298
|switch|p2a: Risk of what?|Pelipper, F, shiny|100/100
|-weather|RainDance|[from] ability: Drizzle|[of] p2a: Risk of what?
|move|p1a: Iron Treads|Earthquake|p2a: Risk of what?
|-immune|p2a: Risk of what?
|
|-weather|RainDance|[upkeep]
|-heal|p1a: Iron Treads|58/100|[from] item: Leftovers
|upkeep
|turn|5
|
|t:|1779801303
|switch|p2a: Si|Hatterene, F, shiny|22/100
|move|p1a: Iron Treads|Stealth Rock|p2a: Si
|move|p2a: Si|Stealth Rock|p1a: Iron Treads|[from] ability: Magic Bounce
|-sidestart|p1: Igoodnamename|move: Stealth Rock
|
|-weather|RainDance|[upkeep]
|-heal|p1a: Iron Treads|64/100|[from] item: Leftovers
|upkeep
|turn|6
|
|t:|1779801310
|switch|p2a: Sphyraena (Fih) 🐟|Barraskewda, M, shiny|100/100
|move|p1a: Iron Treads|Earthquake|p2a: Sphyraena (Fih) 🐟
|-crit|p2a: Sphyraena (Fih) 🐟
|-damage|p2a: Sphyraena (Fih) 🐟|0 fnt
|faint|p2a: Sphyraena (Fih) 🐟
|
|-weather|RainDance|[upkeep]
|-heal|p1a: Iron Treads|70/100|[from] item: Leftovers
|upkeep
|
|t:|1779801315
|switch|p2a: Berdly|Quaquaval, M, shiny|100/100
|turn|7
|
|t:|1779801318
|-end|p1a: Iron Treads|Quark Drive|[silent]
|switch|p1a: Umbreon|Umbreon, F, tera:Water|100/100
|-damage|p1a: Umbreon|88/100|[from] Stealth Rock
|move|p2a: Berdly|Swords Dance|p2a: Berdly
|-boost|p2a: Berdly|atk|2
|
|-weather|RainDance|[upkeep]
|-heal|p1a: Umbreon|94/100|[from] item: Leftovers
|upkeep
|turn|8
|
|t:|1779801332
|move|p2a: Berdly|Aqua Step|p1a: Umbreon
|-resisted|p1a: Umbreon
|-damage|p1a: Umbreon|62/100
|-boost|p2a: Berdly|spe|1
|move|p1a: Umbreon|Toxic|p2a: Berdly
|-status|p2a: Berdly|tox
|
|-weather|RainDance|[upkeep]
|-heal|p1a: Umbreon|68/100|[from] item: Leftovers
|-damage|p2a: Berdly|94/100 tox|[from] psn
|upkeep
|turn|9
|
|t:|1779801339
|move|p1a: Umbreon|Protect|p1a: Umbreon
|-singleturn|p1a: Umbreon|Protect
|move|p2a: Berdly|Swords Dance|p2a: Berdly
|-boost|p2a: Berdly|atk|2
|
|-weather|RainDance|[upkeep]
|-heal|p1a: Umbreon|74/100|[from] item: Leftovers
|-damage|p2a: Berdly|82/100 tox|[from] psn
|upkeep
|turn|10
|
|t:|1779801342
|switch|p1a: Pecharunt|Pecharunt|100/100
|-damage|p1a: Pecharunt|88/100|[from] Stealth Rock
|-item|p1a: Pecharunt|Air Balloon
|move|p2a: Berdly|Close Combat|p1a: Pecharunt
|-immune|p1a: Pecharunt
|
|-weather|RainDance|[upkeep]
|-damage|p2a: Berdly|64/100 tox|[from] psn
|upkeep
|turn|11
|
|t:|1779801346
|switch|p1a: Umbreon|Umbreon, F, tera:Water|74/100
|-damage|p1a: Umbreon|62/100|[from] Stealth Rock
|move|p2a: Berdly|Aqua Step|p1a: Umbreon
|-resisted|p1a: Umbreon
|-damage|p1a: Umbreon|12/100
|-boost|p2a: Berdly|spe|1
|
|-weather|none
|-heal|p1a: Umbreon|18/100|[from] item: Leftovers
|-damage|p2a: Berdly|39/100 tox|[from] psn
|upkeep
|turn|12
|
|t:|1779801349
|move|p1a: Umbreon|Protect|p1a: Umbreon
|-singleturn|p1a: Umbreon|Protect
|move|p2a: Berdly|Swords Dance|p2a: Berdly
|-boost|p2a: Berdly|atk|2
|
|-heal|p1a: Umbreon|24/100|[from] item: Leftovers
|-damage|p2a: Berdly|9/100 tox|[from] psn
|upkeep
|turn|13
|
|t:|1779801354
|move|p2a: Berdly|Aqua Step|p1a: Umbreon
|-resisted|p1a: Umbreon
|-damage|p1a: Umbreon|0 fnt
|-boost|p2a: Berdly|spe|1
|faint|p1a: Umbreon
|
|-damage|p2a: Berdly|0 fnt|[from] psn
|faint|p2a: Berdly
|upkeep
|
|t:|1779801361
|switch|p2a: Apernao 🔥|Crawdaunt, F, shiny|100/100
|switch|p1a: Slowking|Slowking, F|100/100
|-damage|p1a: Slowking|88/100|[from] Stealth Rock
|turn|14
|
|t:|1779801369
|move|p2a: Apernao 🔥|Knock Off|p1a: Slowking
|-supereffective|p1a: Slowking
|-damage|p1a: Slowking|0 fnt
|-enditem|p1a: Slowking|Assault Vest|[from] move: Knock Off|[of] p2a: Apernao 🔥
|faint|p1a: Slowking
|
|upkeep
|
|t:|1779801371
|switch|p1a: Zamazenta|Zamazenta|100/100
|-damage|p1a: Zamazenta|94/100|[from] Stealth Rock
|-ability|p1a: Zamazenta|Dauntless Shield|boost
|-boost|p1a: Zamazenta|def|1
|turn|15
|
|t:|1779801377
|move|p1a: Zamazenta|Stone Edge|p2a: Apernao 🔥
|-damage|p2a: Apernao 🔥|36/100
|move|p2a: Apernao 🔥|Crabhammer|p1a: Zamazenta
|-damage|p1a: Zamazenta|50/100
|
|upkeep
|turn|16
|
|t:|1779801389
|switch|p2a: Si|Hatterene, F, shiny|22/100
|move|p1a: Zamazenta|Stone Edge|p2a: Si
|-damage|p2a: Si|0 fnt
|faint|p2a: Si
|
|upkeep
|
|t:|1779801395
|switch|p2a: El papu|Slither Wing, shiny|100/100
|turn|17
|
|t:|1779801398
|move|p1a: Zamazenta|Stone Edge|p2a: El papu
|-damage|p2a: El papu|40/100
|move|p2a: El papu|Close Combat|p1a: Zamazenta
|-damage|p1a: Zamazenta|0 fnt
|-unboost|p2a: El papu|def|1
|-unboost|p2a: El papu|spd|1
|faint|p1a: Zamazenta
|
|upkeep
|
|t:|1779801411
|switch|p1a: Pecharunt|Pecharunt|88/100
|-damage|p1a: Pecharunt|76/100|[from] Stealth Rock
|-item|p1a: Pecharunt|Air Balloon
|turn|18
|
|t:|1779801419
|move|p1a: Pecharunt|Malignant Chain|p2a: El papu
|-damage|p2a: El papu|0 fnt
|faint|p2a: El papu
|-end|p2a: El papu|Protosynthesis|[silent]
|
|upkeep
|
|t:|1779801437
|switch|p2a: Apernao 🔥|Crawdaunt, F, shiny|36/100
|turn|19
|
|t:|1779801468
|move|p1a: Pecharunt|Malignant Chain|p2a: Apernao 🔥
|-damage|p2a: Apernao 🔥|0 fnt
|faint|p2a: Apernao 🔥
|
|upkeep
|
|t:|1779801470
|switch|p2a: Risk of what?|Pelipper, F, shiny|100/100
|-weather|RainDance|[from] ability: Drizzle|[of] p2a: Risk of what?
|turn|20
|
|t:|1779801475
|move|p1a: Pecharunt|Malignant Chain|p2a: Risk of what?
|-crit|p2a: Risk of what?
|-damage|p2a: Risk of what?|18/100
|move|p2a: Risk of what?|Surf|p1a: Pecharunt
|-damage|p1a: Pecharunt|12/100
|-enditem|p1a: Pecharunt|Air Balloon
|
|-weather|RainDance|[upkeep]
|upkeep
|turn|21
|
|t:|1779801481
|move|p1a: Pecharunt|Malignant Chain|p2a: Risk of what?
|-damage|p2a: Risk of what?|0 fnt
|faint|p2a: Risk of what?
|
|win|Igoodnamename
|raw|Igoodnamename's rating: 1644 &rarr; <strong>1664</strong><br />(+20 for winning)
|raw|0c3an m4n's rating: 1650 &rarr; <strong>1630</strong><br />(-20 for losing)
|c|☆0c3an m4n|Wp
|l|☆0c3an m4n
|player|p2|
|l|☆Igoodnamename
|player|p1|
|l| TestAccountNo.123
