|j|☆RealismisReal
|j|☆O1O1O1
|t:|1779926658
|gametype|singles
|player|p1|RealismisReal|cyrus|1024
|player|p2|O1O1O1|n|1000
|gen|9
|tier|[Gen 9] OU
|rated|
|rule|HP Percentage Mod: HP is shown in percentages
|rule|Endless Battle Clause: Forcing endless battles is banned
|rule|Species Clause: Limit one of each Pokémon
|rule|OHKO Clause: OHKO moves are banned
|rule|Evasion Items Clause: Evasion items are banned
|rule|Evasion Moves Clause: Evasion moves are banned
|rule|Evasion Abilities Clause: Evasion abilities are banned
|rule|Sleep Moves Clause: Sleep-inducing moves are banned
|clearpoke
|poke|p1|Weezing-Galar, F|
|poke|p1|Ogerpon-Wellspring, F|
|poke|p1|Gallade, M|
|poke|p1|Darkrai|
|poke|p1|Sylveon, M|
|poke|p1|Magnezone|
|poke|p2|Moltres|
|poke|p2|Iron Valiant|
|poke|p2|Arcanine, M|
|poke|p2|Clodsire, M|
|poke|p2|Dondozo, M|
|poke|p2|Thundurus-Therian, M|
|teampreview
|
|t:|1779926702
|teamsize|p1|6
|teamsize|p2|6
|start
|switch|p1a: Weezing|Weezing-Galar, F|100/100
|switch|p2a: Clodsire|Clodsire, M|100/100
|turn|1
|
|t:|1779926712
|move|p1a: Weezing|Misty Terrain|p1a: Weezing
|-fieldstart|move: Misty Terrain
|move|p2a: Clodsire|Stealth Rock|p1a: Weezing
|-sidestart|p1: RealismisReal|move: Stealth Rock
|
|upkeep
|turn|2
|
|t:|1779926727
|switch|p2a: Arcanine|Arcanine, M|100/100
|-ability|p2a: Arcanine|Intimidate|boost
|-unboost|p1a: Weezing|atk|1
|move|p1a: Weezing|Dark Pulse|p2a: Arcanine
|-damage|p2a: Arcanine|82/100
|
|upkeep
|turn|3
|
|t:|1779926740
|switch|p1a: Ogerpon|Ogerpon-Wellspring, F|100/100
|-damage|p1a: Ogerpon|88/100|[from] Stealth Rock
|move|p2a: Arcanine|Extreme Speed|p1a: Ogerpon
|-damage|p1a: Ogerpon|63/100
|
|upkeep
|turn|4
|
|t:|1779926756
|-terastallize|p2a: Arcanine|Normal
|move|p1a: Ogerpon|Ivy Cudgel|p2a: Arcanine|[anim] Ivy Cudgel Water
|-damage|p2a: Arcanine|37/100
|move|p2a: Arcanine|Roar|p1a: Ogerpon
|drag|p1a: Weezing|Weezing-Galar, F|100/100
|-damage|p1a: Weezing|88/100|[from] Stealth Rock
|
|upkeep
|turn|5
|
|t:|1779926782
|move|p2a: Arcanine|Morning Sun|p2a: Arcanine
|-heal|p2a: Arcanine|87/100
|move|p1a: Weezing|Misty Explosion|p2a: Arcanine
|-damage|p2a: Arcanine|54/100
|faint|p1a: Weezing
|
|-fieldend|Misty Terrain
|upkeep
|
|t:|1779926792
|switch|p1a: Darkrai|Darkrai|100/100
|-damage|p1a: Darkrai|88/100|[from] Stealth Rock
|turn|6
|
|t:|1779926800
|move|p1a: Darkrai|Sludge Bomb|p2a: Arcanine
|-damage|p2a: Arcanine|7/100
|-damage|p1a: Darkrai|78/100|[from] item: Life Orb
|move|p2a: Arcanine|Morning Sun|p2a: Arcanine
|-heal|p2a: Arcanine|57/100
|
|upkeep
|turn|7
|
|t:|1779926814
|move|p1a: Darkrai|Sludge Bomb|p2a: Arcanine
|-damage|p2a: Arcanine|12/100
|-status|p2a: Arcanine|psn
|-damage|p1a: Darkrai|68/100|[from] item: Life Orb
|move|p2a: Arcanine|Morning Sun|p2a: Arcanine
|-heal|p2a: Arcanine|62/100 psn
|
|-damage|p2a: Arcanine|50/100 psn|[from] psn
|upkeep
|turn|8
|
|t:|1779926827
|move|p2a: Arcanine|Extreme Speed|p1a: Darkrai
|-damage|p1a: Darkrai|30/100
|move|p1a: Darkrai|Sludge Bomb|p2a: Arcanine
|-damage|p2a: Arcanine|3/100 psn
|-damage|p1a: Darkrai|20/100|[from] item: Life Orb
|
|-damage|p2a: Arcanine|0 fnt|[from] psn
|faint|p2a: Arcanine
|upkeep
|
|t:|1779926842
|switch|p2a: Iron Valiant|Iron Valiant|100/100
|turn|9
|
|t:|1779926854
|switch|p1a: Sylveon|Sylveon, M|100/100
|-damage|p1a: Sylveon|88/100|[from] Stealth Rock
|move|p2a: Iron Valiant|Calm Mind|p2a: Iron Valiant
|-boost|p2a: Iron Valiant|spa|1
|-boost|p2a: Iron Valiant|spd|1
|
|-heal|p1a: Sylveon|94/100|[from] item: Leftovers
|upkeep
|turn|10
|
|t:|1779926875
|move|p2a: Iron Valiant|Calm Mind|p2a: Iron Valiant
|-boost|p2a: Iron Valiant|spa|1
|-boost|p2a: Iron Valiant|spd|1
|move|p1a: Sylveon|Hyper Voice|p2a: Iron Valiant
|-supereffective|p2a: Iron Valiant
|-damage|p2a: Iron Valiant|28/100
|
|-heal|p1a: Sylveon|99/100|[from] item: Leftovers
|upkeep
|turn|11
|
|t:|1779926884
|move|p1a: Sylveon|Protect|p1a: Sylveon
|-singleturn|p1a: Sylveon|Protect
|move|p2a: Iron Valiant|Thunderbolt|p1a: Sylveon
|-activate|p1a: Sylveon|move: Protect
|
|-heal|p1a: Sylveon|100/100|[from] item: Leftovers
|upkeep
|turn|12
|
|t:|1779926894
|move|p2a: Iron Valiant|Thunderbolt|p1a: Sylveon
|-damage|p1a: Sylveon|46/100
|-damage|p2a: Iron Valiant|18/100|[from] item: Life Orb
|move|p1a: Sylveon|Hyper Voice|p2a: Iron Valiant
|-supereffective|p2a: Iron Valiant
|-damage|p2a: Iron Valiant|0 fnt
|faint|p2a: Iron Valiant
|-end|p2a: Iron Valiant|Quark Drive|[silent]
|
|-heal|p1a: Sylveon|52/100|[from] item: Leftovers
|upkeep
|
|t:|1779926907
|switch|p2a: Clodsire|Clodsire, M|100/100
|turn|13
|
|t:|1779926912
|move|p1a: Sylveon|Wish|p1a: Sylveon
|move|p2a: Clodsire|Toxic|p1a: Sylveon
|-status|p1a: Sylveon|tox
|
|-heal|p1a: Sylveon|58/100 tox|[from] item: Leftovers
|-damage|p1a: Sylveon|52/100 tox|[from] psn
|upkeep
|turn|14
|
|t:|1779926924
|move|p1a: Sylveon|Draining Kiss|p2a: Clodsire
|-resisted|p2a: Clodsire
|-damage|p2a: Clodsire|96/100
|-heal|p1a: Sylveon|56/100 tox|[from] drain|[of] p2a: Clodsire
|move|p2a: Clodsire|Earthquake|p1a: Sylveon
|-damage|p1a: Sylveon|34/100 tox
|
|-heal|p1a: Sylveon|84/100 tox|[from] move: Wish|[wisher] Sylveon
|-heal|p1a: Sylveon|90/100 tox|[from] item: Leftovers
|-heal|p2a: Clodsire|100/100|[from] item: Leftovers
|-damage|p1a: Sylveon|78/100 tox|[from] psn
|upkeep
|turn|15
|
|t:|1779926950
|switch|p1a: Magnezone|Magnezone|100/100
|-damage|p1a: Magnezone|94/100|[from] Stealth Rock
|move|p2a: Clodsire|Earthquake|p1a: Magnezone
|-supereffective|p1a: Magnezone
|-damage|p1a: Magnezone|0 fnt
|faint|p1a: Magnezone
|
|upkeep
|
|t:|1779926962
|switch|p1a: Gallade|Gallade, M|100/100
|-damage|p1a: Gallade|94/100|[from] Stealth Rock
|turn|16
|
|t:|1779926972
|switch|p2a: Thundurus|Thundurus-Therian, M|100/100
|move|p1a: Gallade|Psycho Cut|p2a: Thundurus
|-damage|p2a: Thundurus|0 fnt
|faint|p2a: Thundurus
|-damage|p1a: Gallade|85/100|[from] item: Life Orb
|
|upkeep
|
|t:|1779926980
|switch|p2a: Moltres|Moltres|100/100
|turn|17
|
|t:|1779926996
|move|p1a: Gallade|Substitute|p1a: Gallade
|-start|p1a: Gallade|Substitute
|-damage|p1a: Gallade|60/100
|move|p2a: Moltres|Will-O-Wisp||[still]
|-fail|p2a: Moltres
|
|upkeep
|turn|18
|
|t:|1779927004
|-terastallize|p1a: Gallade|Psychic
|move|p1a: Gallade|Psycho Cut|p2a: Moltres
|-damage|p2a: Moltres|34/100
|-damage|p1a: Gallade|50/100|[from] item: Life Orb
|move|p2a: Moltres|U-turn|p1a: Gallade
|-supereffective|p1a: Gallade
|-end|p1a: Gallade|Substitute
|
|t:|1779927014
|switch|p2a: Dondozo|Dondozo, M|100/100|[from] U-turn
|
|upkeep
|turn|19
|
|t:|1779927025
|move|p1a: Gallade|Psycho Cut|p2a: Dondozo
|-damage|p2a: Dondozo|54/100
|-damage|p1a: Gallade|40/100|[from] item: Life Orb
|move|p2a: Dondozo|Curse|p2a: Dondozo
|-unboost|p2a: Dondozo|spe|1
|-boost|p2a: Dondozo|atk|1
|-boost|p2a: Dondozo|def|1
|
|-heal|p2a: Dondozo|60/100|[from] item: Leftovers
|upkeep
|turn|20
|
|t:|1779927042
|move|p1a: Gallade|Sacred Sword|p2a: Dondozo
|-damage|p2a: Dondozo|16/100
|-damage|p1a: Gallade|30/100|[from] item: Life Orb
|move|p2a: Dondozo|Curse|p2a: Dondozo
|-unboost|p2a: Dondozo|spe|1
|-boost|p2a: Dondozo|atk|1
|-boost|p2a: Dondozo|def|1
|
|-heal|p2a: Dondozo|22/100|[from] item: Leftovers
|upkeep
|turn|21
|
|t:|1779927054
|move|p1a: Gallade|Sacred Sword|p2a: Dondozo
|-damage|p2a: Dondozo|0 fnt
|faint|p2a: Dondozo
|-damage|p1a: Gallade|21/100|[from] item: Life Orb
|
|upkeep
|
|t:|1779927062
|switch|p2a: Clodsire|Clodsire, M|100/100
|turn|22
|
|t:|1779927072
|switch|p1a: Ogerpon|Ogerpon-Wellspring, F|63/100
|-damage|p1a: Ogerpon|51/100|[from] Stealth Rock
|move|p2a: Clodsire|Recover||[still]
|-fail|p2a: Clodsire|heal
|
|upkeep
|turn|23
|
|t:|1779927082
|move|p1a: Ogerpon|Ivy Cudgel|p2a: Clodsire|[anim] Ivy Cudgel Water
|-supereffective|p2a: Clodsire
|-damage|p2a: Clodsire|0 fnt
|faint|p2a: Clodsire
|
|upkeep
|-message|O1O1O1 forfeited.
|
|win|RealismisReal
|raw|RealismisReal's rating: 1024 &rarr; <strong>1058</strong><br />(+34 for winning)
|raw|O1O1O1's rating: 1000 &rarr; <strong>1000</strong><br />(+0 for losing)
|l|☆O1O1O1
|player|p2|
