|j|☆psygoat12
|j|☆akr911
|t:|1779872581
|gametype|singles
|player|p1|psygoat12|chuck|1324
|player|p2|akr911|steven|1287
|gen|9
|tier|[Gen 9] OU
|rated|
|rule|HP Percentage Mod: HP is shown in percentages
|rule|Endless Battle Clause: Forcing endless battles is banned
|rule|Species Clause: Limit one of each Pokémon
|rule|OHKO Clause: OHKO moves are banned
|rule|Evasion Items Clause: Evasion items are banned
|rule|Evasion Moves Clause: Evasion moves are banned
|rule|Evasion Abilities Clause: Evasion abilities are banned
|rule|Sleep Moves Clause: Sleep-inducing moves are banned
|clearpoke
|poke|p1|Pelipper, M|
|poke|p1|Iron Treads|
|poke|p1|Zapdos|
|poke|p1|Kingdra, F|
|poke|p1|Kingambit, F|
|poke|p1|Hariyama, M|
|poke|p2|Great Tusk|
|poke|p2|Kingambit, F|
|poke|p2|Raging Bolt|
|poke|p2|Walking Wake|
|poke|p2|Ninetales, M|
|poke|p2|Ceruledge, F|
|teampreview
|
|t:|1779872605
|teamsize|p1|6
|teamsize|p2|6
|start
|switch|p1a: Hariyama|Hariyama, M|100/100
|switch|p2a: Walking Wake|Walking Wake|100/100
|turn|1
|
|t:|1779872614
|move|p2a: Walking Wake|Draco Meteor|p1a: Hariyama
|-damage|p1a: Hariyama|70/100
|-unboost|p2a: Walking Wake|spa|2
|move|p1a: Hariyama|Knock Off|p2a: Walking Wake
|-damage|p2a: Walking Wake|73/100
|-enditem|p2a: Walking Wake|Wise Glasses|[from] move: Knock Off|[of] p1a: Hariyama
|
|upkeep
|turn|2
|inactive|Battle timer is ON: inactive players will automatically lose when time's up. (requested by akr911)
|
|t:|1779872674
|move|p2a: Walking Wake|Flip Turn|p1a: Hariyama
|-damage|p1a: Hariyama|53/100
|
|t:|1779872689
|-end|p2a: Walking Wake|Protosynthesis|[silent]
|switch|p2a: Ninetales|Ninetales, M|100/100|[from] Flip Turn
|-weather|SunnyDay|[from] ability: Drought|[of] p2a: Ninetales
|move|p1a: Hariyama|Knock Off|p2a: Ninetales
|-damage|p2a: Ninetales|65/100
|-enditem|p2a: Ninetales|Heat Rock|[from] move: Knock Off|[of] p1a: Hariyama
|
|-weather|SunnyDay|[upkeep]
|upkeep
|turn|3
|
|t:|1779872713
|switch|p2a: Walking Wake|Walking Wake|73/100
|-activate|p2a: Walking Wake|ability: Protosynthesis
|-start|p2a: Walking Wake|protosynthesisspe
|move|p1a: Hariyama|Knock Off|p2a: Walking Wake
|-damage|p2a: Walking Wake|54/100
|
|-weather|SunnyDay|[upkeep]
|upkeep
|turn|4
|
|t:|1779872719
|move|p2a: Walking Wake|Hydro Steam|p1a: Hariyama
|-damage|p1a: Hariyama|25/100
|move|p1a: Hariyama|Drain Punch|p2a: Walking Wake
|-damage|p2a: Walking Wake|23/100
|-heal|p1a: Hariyama|36/100|[from] drain|[of] p2a: Walking Wake
|
|-weather|SunnyDay|[upkeep]
|upkeep
|turn|5
|
|t:|1779872727
|move|p2a: Walking Wake|Weather Ball|p1a: Hariyama
|-damage|p1a: Hariyama|24/100
|move|p1a: Hariyama|Drain Punch|p2a: Walking Wake
|-damage|p2a: Walking Wake|0 fnt
|-heal|p1a: Hariyama|32/100|[from] drain|[of] p2a: Walking Wake
|faint|p2a: Walking Wake
|-end|p2a: Walking Wake|Protosynthesis|[silent]
|
|-weather|SunnyDay|[upkeep]
|upkeep
|inactive|akr911 has 120 seconds left.
|
|t:|1779872762
|switch|p2a: Ceruledge|Ceruledge, F|100/100
|turn|6
|
|t:|1779872766
|move|p2a: Ceruledge|Bitter Blade|p1a: Hariyama
|-damage|p1a: Hariyama|0 fnt
|faint|p1a: Hariyama
|
|-weather|SunnyDay|[upkeep]
|upkeep
|
|t:|1779872771
|switch|p1a: Pelipper|Pelipper, M|100/100
|-weather|RainDance|[from] ability: Drizzle|[of] p1a: Pelipper
|turn|7
|
|t:|1779872782
|switch|p2a: Raging Bolt|Raging Bolt|100/100
|move|p1a: Pelipper|Weather Ball|p2a: Raging Bolt
|-resisted|p2a: Raging Bolt
|-damage|p2a: Raging Bolt|75/100
|
|-weather|RainDance|[upkeep]
|upkeep
|turn|8
|
|t:|1779872797
|switch|p1a: Kingambit|Kingambit, F|100/100
|-activate|p1a: Kingambit|ability: Supreme Overlord
|-start|p1a: Kingambit|fallen1|[silent]
|move|p2a: Raging Bolt|Dragon Pulse|p1a: Kingambit
|-resisted|p1a: Kingambit
|-damage|p1a: Kingambit|67/100
|-damage|p2a: Raging Bolt|65/100|[from] item: Life Orb
|
|-weather|RainDance|[upkeep]
|-heal|p1a: Kingambit|73/100|[from] item: Leftovers
|upkeep
|turn|9
|
|t:|1779872812
|move|p2a: Raging Bolt|Weather Ball|p1a: Kingambit
|-damage|p1a: Kingambit|0 fnt
|faint|p1a: Kingambit
|-end|p1a: Kingambit|fallen1|[silent]
|-damage|p2a: Raging Bolt|55/100|[from] item: Life Orb
|
|-weather|RainDance|[upkeep]
|upkeep
|
|t:|1779872833
|switch|p1a: Iron Treads|Iron Treads|100/100
|-enditem|p1a: Iron Treads|Booster Energy
|-activate|p1a: Iron Treads|ability: Quark Drive|[fromitem]
|-start|p1a: Iron Treads|quarkdrivespe
|turn|10
|
|t:|1779872841
|-terastallize|p2a: Raging Bolt|Flying
|move|p1a: Iron Treads|Earthquake|p2a: Raging Bolt
|-immune|p2a: Raging Bolt
|move|p2a: Raging Bolt|Weather Ball|p1a: Iron Treads
|-supereffective|p1a: Iron Treads
|-crit|p1a: Iron Treads
|-damage|p1a: Iron Treads|0 fnt
|faint|p1a: Iron Treads
|-end|p1a: Iron Treads|Quark Drive|[silent]
|-damage|p2a: Raging Bolt|45/100|[from] item: Life Orb
|
|-weather|RainDance|[upkeep]
|upkeep
|
|t:|1779872851
|switch|p1a: Zapdos|Zapdos|100/100
|turn|11
|
|t:|1779872857
|move|p2a: Raging Bolt|Thunderclap|p1a: Zapdos
|-damage|p1a: Zapdos|34/100
|-damage|p2a: Raging Bolt|35/100|[from] item: Life Orb
|move|p1a: Zapdos|Hurricane|p2a: Raging Bolt
|-damage|p2a: Raging Bolt|0 fnt
|faint|p2a: Raging Bolt
|-end|p2a: Raging Bolt|Protosynthesis|[silent]
|
|-weather|RainDance|[upkeep]
|upkeep
|
|t:|1779872872
|switch|p2a: Ninetales|Ninetales, M|65/100
|-weather|SunnyDay|[from] ability: Drought|[of] p2a: Ninetales
|turn|12
|
|t:|1779872884
|switch|p1a: Pelipper|Pelipper, M|100/100
|-weather|RainDance|[from] ability: Drizzle|[of] p1a: Pelipper
|move|p2a: Ninetales|Overheat|p1a: Pelipper
|-resisted|p1a: Pelipper
|-damage|p1a: Pelipper|83/100
|-unboost|p2a: Ninetales|spa|2
|
|-weather|RainDance|[upkeep]
|upkeep
|turn|13
|
|t:|1779872910
|switch|p2a: Kingambit|Kingambit, F|100/100
|-activate|p2a: Kingambit|ability: Supreme Overlord
|-start|p2a: Kingambit|fallen2|[silent]
|-item|p2a: Kingambit|Air Balloon
|move|p1a: Pelipper|Weather Ball|p2a: Kingambit
|-damage|p2a: Kingambit|50/100
|-enditem|p2a: Kingambit|Air Balloon
|
|-weather|RainDance|[upkeep]
|upkeep
|turn|14
|
|t:|1779872933
|move|p2a: Kingambit|Swords Dance|p2a: Kingambit
|-boost|p2a: Kingambit|atk|2
|move|p1a: Pelipper|Weather Ball|p2a: Kingambit
|-damage|p2a: Kingambit|0 fnt
|faint|p2a: Kingambit
|-end|p2a: Kingambit|fallen2|[silent]
|
|-weather|RainDance|[upkeep]
|upkeep
|
|t:|1779872945
|switch|p2a: Great Tusk|Great Tusk|100/100
|turn|15
|
|t:|1779872958
|move|p2a: Great Tusk|Ice Spinner|p1a: Pelipper
|-damage|p1a: Pelipper|58/100
|move|p1a: Pelipper|Weather Ball|p2a: Great Tusk
|-supereffective|p2a: Great Tusk
|-damage|p2a: Great Tusk|17/100
|
|-weather|RainDance|[upkeep]
|upkeep
|turn|16
|
|t:|1779872969
|move|p2a: Great Tusk|Ice Spinner|p1a: Pelipper
|-crit|p1a: Pelipper
|-damage|p1a: Pelipper|24/100
|move|p1a: Pelipper|Roost|p1a: Pelipper
|-heal|p1a: Pelipper|74/100
|-singleturn|p1a: Pelipper|move: Roost
|
|-weather|RainDance|[upkeep]
|upkeep
|turn|17
|
|t:|1779872985
|-end|p2a: Great Tusk|Protosynthesis|[silent]
|switch|p2a: Ninetales|Ninetales, M|65/100
|-weather|SunnyDay|[from] ability: Drought|[of] p2a: Ninetales
|move|p1a: Pelipper|Roost|p1a: Pelipper
|-heal|p1a: Pelipper|100/100
|-singleturn|p1a: Pelipper|move: Roost
|
|-weather|SunnyDay|[upkeep]
|upkeep
|turn|18
|
|t:|1779872995
|switch|p1a: Zapdos|Zapdos|34/100
|move|p2a: Ninetales|Overheat|p1a: Zapdos
|-damage|p1a: Zapdos|0 fnt
|-unboost|p2a: Ninetales|spa|2
|faint|p1a: Zapdos
|
|-weather|SunnyDay|[upkeep]
|upkeep
|
|t:|1779873004
|switch|p1a: Kingdra|Kingdra, F|100/100
|turn|19
|
|t:|1779873016
|switch|p2a: Great Tusk|Great Tusk|17/100
|-activate|p2a: Great Tusk|ability: Protosynthesis
|-start|p2a: Great Tusk|protosynthesisatk
|move|p1a: Kingdra|Draco Meteor|p2a: Great Tusk
|-damage|p2a: Great Tusk|0 fnt
|-unboost|p1a: Kingdra|spa|2
|faint|p2a: Great Tusk
|-end|p2a: Great Tusk|Protosynthesis|[silent]
|
|-weather|SunnyDay|[upkeep]
|upkeep
|
|t:|1779873023
|switch|p2a: Ceruledge|Ceruledge, F|100/100
|turn|20
|
|t:|1779873036
|move|p1a: Kingdra|Draco Meteor|p2a: Ceruledge
|-damage|p2a: Ceruledge|58/100
|-unboost|p1a: Kingdra|spa|2
|move|p2a: Ceruledge|Swords Dance|p2a: Ceruledge
|-boost|p2a: Ceruledge|atk|2
|
|-weather|SunnyDay|[upkeep]
|upkeep
|turn|21
|
|t:|1779873043
|switch|p1a: Pelipper|Pelipper, M|100/100
|-weather|RainDance|[from] ability: Drizzle|[of] p1a: Pelipper
|move|p2a: Ceruledge|Bitter Blade|p1a: Pelipper
|-resisted|p1a: Pelipper
|-crit|p1a: Pelipper
|-damage|p1a: Pelipper|74/100
|-heal|p2a: Ceruledge|71/100|[from] drain|[of] p1a: Pelipper
|
|-weather|RainDance|[upkeep]
|upkeep
|turn|22
|
|t:|1779873052
|move|p2a: Ceruledge|Shadow Sneak|p1a: Pelipper
|-damage|p1a: Pelipper|41/100
|move|p1a: Pelipper|Weather Ball|p2a: Ceruledge
|-supereffective|p2a: Ceruledge
|-damage|p2a: Ceruledge|0 fnt
|faint|p2a: Ceruledge
|
|-weather|RainDance|[upkeep]
|upkeep
|
|t:|1779873057
|switch|p2a: Ninetales|Ninetales, M|65/100
|-weather|SunnyDay|[from] ability: Drought|[of] p2a: Ninetales
|turn|23
|
|t:|1779873062
|switch|p1a: Kingdra|Kingdra, F|100/100
|move|p2a: Ninetales|Healing Wish||[still]
|-fail|p2a: Ninetales
|
|-weather|SunnyDay|[upkeep]
|upkeep
|turn|24
|
|t:|1779873077
|move|p2a: Ninetales|Overheat|p1a: Kingdra
|-resisted|p1a: Kingdra
|-damage|p1a: Kingdra|78/100
|-unboost|p2a: Ninetales|spa|2
|move|p1a: Kingdra|Draco Meteor|p2a: Ninetales
|-crit|p2a: Ninetales
|-damage|p2a: Ninetales|0 fnt
|-unboost|p1a: Kingdra|spa|2
|faint|p2a: Ninetales
|
|win|psygoat12
|raw|psygoat12's rating: 1324 &rarr; <strong>1342</strong><br />(+18 for winning)
|raw|akr911's rating: 1287 &rarr; <strong>1265</strong><br />(-22 for losing)
|l|☆akr911
|player|p2|
|l|☆psygoat12
|player|p1|
