|j|☆GostosadasuamaeKkK
|j|☆YoSoyDelBronx
|t:|1779921158
|gametype|singles
|player|p1|GostosadasuamaeKkK|n|1202
|player|p2|YoSoyDelBronx|noland|1272
|gen|9
|tier|[Gen 9] OU
|rated|
|rule|HP Percentage Mod: HP is shown in percentages
|rule|Endless Battle Clause: Forcing endless battles is banned
|rule|Species Clause: Limit one of each Pokémon
|rule|OHKO Clause: OHKO moves are banned
|rule|Evasion Items Clause: Evasion items are banned
|rule|Evasion Moves Clause: Evasion moves are banned
|rule|Evasion Abilities Clause: Evasion abilities are banned
|rule|Sleep Moves Clause: Sleep-inducing moves are banned
|clearpoke
|poke|p1|Hatterene, F|
|poke|p1|Alomomola, F|
|poke|p1|Pecharunt|
|poke|p1|Great Tusk|
|poke|p1|Gliscor, M|
|poke|p1|Gholdengo|
|poke|p2|Blaziken, M|
|poke|p2|Diancie|
|poke|p2|Venusaur, M|
|poke|p2|Ursaluna, F|
|poke|p2|Torkoal, F|
|poke|p2|Cresselia, F|
|teampreview
|
|t:|1779921169
|teamsize|p1|6
|teamsize|p2|6
|start
|switch|p1a: Alomomola|Alomomola, F|100/100
|switch|p2a: Capitán Salami|Blaziken, M|100/100
|turn|1
|
|t:|1779921173
|move|p2a: Capitán Salami|Focus Energy|p2a: Capitán Salami
|-start|p2a: Capitán Salami|move: Focus Energy
|move|p1a: Alomomola|Wish|p1a: Alomomola
|
|-ability|p2a: Capitán Salami|Speed Boost|boost
|-boost|p2a: Capitán Salami|spe|1
|upkeep
|turn|2
|
|t:|1779921177
|move|p2a: Capitán Salami|Close Combat|p1a: Alomomola
|-crit|p1a: Alomomola
|-damage|p1a: Alomomola|59/100
|-unboost|p2a: Capitán Salami|def|1
|-unboost|p2a: Capitán Salami|spd|1
|move|p1a: Alomomola|Flip Turn|p2a: Capitán Salami
|-supereffective|p2a: Capitán Salami
|-damage|p2a: Capitán Salami|20/100
|
|t:|1779921188
|switch|p1a: Gliscor|Gliscor, M|100/100|[from] Flip Turn
|
|-ability|p2a: Capitán Salami|Speed Boost|boost
|-boost|p2a: Capitán Salami|spe|1
|-status|p1a: Gliscor|tox|[from] item: Toxic Orb
|upkeep
|turn|3
|
|t:|1779921192
|-terastallize|p2a: Capitán Salami|Fire
|move|p2a: Capitán Salami|Overheat|p1a: Gliscor
|-crit|p1a: Gliscor
|-damage|p1a: Gliscor|0 fnt
|-unboost|p2a: Capitán Salami|spa|2
|faint|p1a: Gliscor
|
|-ability|p2a: Capitán Salami|Speed Boost|boost
|-boost|p2a: Capitán Salami|spe|1
|upkeep
|
|t:|1779921200
|switch|p1a: Alomomola|Alomomola, F|92/100
|turn|4
|
|t:|1779921204
|move|p2a: Capitán Salami|Overheat|p1a: Alomomola
|-resisted|p1a: Alomomola
|-crit|p1a: Alomomola
|-damage|p1a: Alomomola|28/100
|-unboost|p2a: Capitán Salami|spa|2
|move|p1a: Alomomola|Flip Turn|p2a: Capitán Salami
|-supereffective|p2a: Capitán Salami
|-damage|p2a: Capitán Salami|0 fnt
|faint|p2a: Capitán Salami
|
|t:|1779921212
|switch|p1a: Pecharunt|Pecharunt|100/100|[from] Flip Turn
|
|upkeep
|
|t:|1779921218
|switch|p2a: Diancie|Diancie|100/100
|turn|5
|
|t:|1779921225
|move|p1a: Pecharunt|Parting Shot|p2a: Diancie
|-fail|p2a: Diancie|unboost|[from] ability: Clear Body|[of] p2a: Diancie
|move|p2a: Diancie|Trick Room|p2a: Diancie
|-fieldstart|move: Trick Room|[of] p2a: Diancie
|
|upkeep
|turn|6
|
|t:|1779921233
|move|p2a: Diancie|Meteor Beam||[still]
|-prepare|p2a: Diancie|Meteor Beam
|-boost|p2a: Diancie|spa|1
|-enditem|p2a: Diancie|Power Herb
|-anim|p2a: Diancie|Meteor Beam|p1a: Pecharunt
|-crit|p1a: Pecharunt
|-damage|p1a: Pecharunt|0 fnt
|faint|p1a: Pecharunt
|
|upkeep
|
|t:|1779921241
|switch|p1a: Gholdengo|Gholdengo|100/100
|turn|7
|
|t:|1779921244
|move|p2a: Diancie|Earth Power|p1a: Gholdengo
|-supereffective|p1a: Gholdengo
|-damage|p1a: Gholdengo|0 fnt
|faint|p1a: Gholdengo
|
|upkeep
|-message|GostosadasuamaeKkK forfeited.
|
|win|YoSoyDelBronx
|raw|GostosadasuamaeKkK's rating: 1202 &rarr; <strong>1182</strong><br />(-20 for losing)
|raw|YoSoyDelBronx's rating: 1272 &rarr; <strong>1292</strong><br />(+20 for winning)
|l|☆GostosadasuamaeKkK
|player|p1|
