|j|☆bluntsmoker3000
|j|☆Slashutu
|t:|1779808892
|gametype|singles
|player|p1|bluntsmoker3000|bugcatcher-gen4dp|1628
|player|p2|Slashutu|265|1596
|gen|9
|tier|[Gen 9] OU
|rated|
|rule|HP Percentage Mod: HP is shown in percentages
|rule|Endless Battle Clause: Forcing endless battles is banned
|rule|Species Clause: Limit one of each Pokémon
|rule|OHKO Clause: OHKO moves are banned
|rule|Evasion Items Clause: Evasion items are banned
|rule|Evasion Moves Clause: Evasion moves are banned
|rule|Evasion Abilities Clause: Evasion abilities are banned
|rule|Sleep Moves Clause: Sleep-inducing moves are banned
|clearpoke
|poke|p1|Ting-Lu|
|poke|p1|Scizor, M|
|poke|p1|Tornadus-Therian, M|
|poke|p1|Raging Bolt|
|poke|p1|Alomomola, F|
|poke|p1|Hatterene, F|
|poke|p2|Hatterene, F|
|poke|p2|Ursaluna, M|
|poke|p2|Porygon2|
|poke|p2|Cresselia, F|
|poke|p2|Iron Hands|
|poke|p2|Volcanion|
|teampreview
|inactive|Battle timer is ON: inactive players will automatically lose when time's up. (requested by bluntsmoker3000)
|
|t:|1779808910
|teamsize|p1|6
|teamsize|p2|6
|start
|switch|p1a: Hatterene|Hatterene, F|100/100
|switch|p2a: Mann|Ursaluna, M|100/100
|turn|1
|
|t:|1779808917
|move|p2a: Mann|Protect|p2a: Mann
|-singleturn|p2a: Mann|Protect
|move|p1a: Hatterene|Psychic Noise|p2a: Mann
|-activate|p2a: Mann|move: Protect
|
|-status|p2a: Mann|brn|[from] item: Flame Orb
|upkeep
|turn|2
|
|t:|1779808928
|move|p2a: Mann|Facade|p1a: Hatterene
|-damage|p1a: Hatterene|0 fnt
|-damage|p2a: Mann|84/100 brn|[from] item: Rocky Helmet|[of] p1a: Hatterene
|faint|p1a: Hatterene
|
|-damage|p2a: Mann|78/100 brn|[from] brn
|upkeep
|
|t:|1779808935
|switch|p1a: Tornadus|Tornadus-Therian, M|100/100
|turn|3
|
|t:|1779808938
|move|p1a: Tornadus|Grass Knot|p2a: Mann
|-supereffective|p2a: Mann
|-damage|p2a: Mann|0 fnt
|faint|p2a: Mann
|-damage|p1a: Tornadus|91/100|[from] item: Life Orb
|
|upkeep
|
|t:|1779808944
|switch|p2a: TARS|Porygon2|100/100
|-ability|p2a: TARS|Download|boost
|-boost|p2a: TARS|atk|1
|turn|4
|
|t:|1779808948
|move|p1a: Tornadus|Bleakwind Storm|p2a: TARS
|-damage|p2a: TARS|63/100
|-damage|p1a: Tornadus|81/100|[from] item: Life Orb
|move|p2a: TARS|Trick Room|p2a: TARS
|-fieldstart|move: Trick Room|[of] p2a: TARS
|
|upkeep
|turn|5
|
|t:|1779808956
|switch|p2a: Saturn|Volcanion|100/100
|move|p1a: Tornadus|Bleakwind Storm|p2a: Saturn|[miss]
|-miss|p1a: Tornadus|p2a: Saturn
|
|upkeep
|turn|6
|
|t:|1779808960
|switch|p1a: Raging Bolt|Raging Bolt|100/100
|-enditem|p1a: Raging Bolt|Booster Energy
|-activate|p1a: Raging Bolt|ability: Protosynthesis|[fromitem]
|-start|p1a: Raging Bolt|protosynthesisspa
|move|p2a: Saturn|Steam Eruption|p1a: Raging Bolt
|-resisted|p1a: Raging Bolt
|-damage|p1a: Raging Bolt|53/100
|
|upkeep
|turn|7
|
|t:|1779808965
|-terastallize|p2a: Saturn|Water
|move|p2a: Saturn|Steam Eruption|p1a: Raging Bolt|[miss]
|-miss|p2a: Saturn|p1a: Raging Bolt
|move|p1a: Raging Bolt|Dragon Pulse|p2a: Saturn
|-damage|p2a: Saturn|37/100
|
|upkeep
|turn|8
|
|t:|1779808970
|switch|p2a: Miller|Cresselia, F, shiny|100/100
|move|p1a: Raging Bolt|Thunderclap||[still]
|-fail|p1a: Raging Bolt
|
|-fieldend|move: Trick Room
|upkeep
|turn|9
|
|t:|1779808974
|move|p1a: Raging Bolt|Thunderbolt|p2a: Miller
|-damage|p2a: Miller|56/100
|move|p2a: Miller|Trick Room|p2a: Miller
|-fieldstart|move: Trick Room|[of] p2a: Miller
|
|upkeep
|turn|10
|
|t:|1779808980
|move|p2a: Miller|Lunar Dance|p2a: Miller
|faint|p2a: Miller
|move|p1a: Raging Bolt|Calm Mind|p1a: Raging Bolt
|-boost|p1a: Raging Bolt|spa|1
|-boost|p1a: Raging Bolt|spd|1
|
|upkeep
|
|t:|1779808982
|switch|p2a: CASE|Iron Hands|100/100
|-enditem|p2a: CASE|Booster Energy
|-activate|p2a: CASE|ability: Quark Drive|[fromitem]
|-start|p2a: CASE|quarkdriveatk
|turn|11
|
|t:|1779808984
|move|p1a: Raging Bolt|Thunderclap||[still]
|-fail|p1a: Raging Bolt
|move|p2a: CASE|Swords Dance|p2a: CASE
|-boost|p2a: CASE|atk|2
|
|upkeep
|turn|12
|
|t:|1779808987
|move|p1a: Raging Bolt|Thunderclap|p2a: CASE
|-resisted|p2a: CASE
|-damage|p2a: CASE|67/100
|move|p2a: CASE|Drain Punch|p1a: Raging Bolt
|-damage|p1a: Raging Bolt|0 fnt
|-heal|p2a: CASE|87/100|[from] drain|[of] p1a: Raging Bolt
|faint|p1a: Raging Bolt
|-end|p1a: Raging Bolt|Protosynthesis|[silent]
|
|upkeep
|
|t:|1779809002
|switch|p1a: Alomomola|Alomomola, F|100/100
|turn|13
|
|t:|1779809008
|move|p1a: Alomomola|Protect|p1a: Alomomola
|-singleturn|p1a: Alomomola|Protect
|move|p2a: CASE|Wild Charge|p1a: Alomomola
|-activate|p1a: Alomomola|move: Protect
|
|-fieldend|move: Trick Room
|upkeep
|turn|14
|
|t:|1779809011
|move|p1a: Alomomola|Scald|p2a: CASE
|-damage|p2a: CASE|74/100
|-status|p2a: CASE|brn
|move|p2a: CASE|Wild Charge|p1a: Alomomola
|-supereffective|p1a: Alomomola
|-damage|p1a: Alomomola|29/100
|-damage|p2a: CASE|55/100 brn|[from] Recoil
|
|-damage|p2a: CASE|49/100 brn|[from] brn
|upkeep
|turn|15
|
|t:|1779809015
|move|p1a: Alomomola|Protect|p1a: Alomomola
|-singleturn|p1a: Alomomola|Protect
|move|p2a: CASE|Drain Punch|p1a: Alomomola
|-activate|p1a: Alomomola|move: Protect
|
|-damage|p2a: CASE|43/100 brn|[from] brn
|upkeep
|turn|16
|
|t:|1779809018
|move|p1a: Alomomola|Scald|p2a: CASE
|-damage|p2a: CASE|30/100 brn
|move|p2a: CASE|Drain Punch|p1a: Alomomola
|-damage|p1a: Alomomola|0 fnt
|-heal|p2a: CASE|45/100 brn|[from] drain|[of] p1a: Alomomola
|faint|p1a: Alomomola
|
|-damage|p2a: CASE|39/100 brn|[from] brn
|upkeep
|
|t:|1779809025
|switch|p1a: Tornadus|Tornadus-Therian, M|100/100
|turn|17
|
|t:|1779809032
|-end|p2a: CASE|Quark Drive|[silent]
|switch|p2a: Saturn|Volcanion, tera:Water|37/100
|-heal|p2a: Saturn|100/100|[from] move: Lunar Dance
|move|p1a: Tornadus|Bleakwind Storm|p2a: Saturn
|-damage|p2a: Saturn|35/100
|-unboost|p2a: Saturn|spe|1
|-damage|p1a: Tornadus|91/100|[from] item: Life Orb
|
|upkeep
|turn|18
|
|t:|1779809040
|switch|p2a: TARS|Porygon2|63/100
|-ability|p2a: TARS|Download|boost
|-boost|p2a: TARS|atk|1
|move|p1a: Tornadus|Grass Knot|p2a: TARS
|-damage|p2a: TARS|48/100
|-damage|p1a: Tornadus|81/100|[from] item: Life Orb
|
|upkeep
|turn|19
|
|t:|1779809053
|-terastallize|p1a: Tornadus|Flying
|move|p1a: Tornadus|Bleakwind Storm|p2a: TARS|[miss]
|-miss|p1a: Tornadus|p2a: TARS
|move|p2a: TARS|Trick Room|p2a: TARS
|-fieldstart|move: Trick Room|[of] p2a: TARS
|
|upkeep
|turn|20
|
|t:|1779809057
|move|p2a: TARS|Ice Beam|p1a: Tornadus
|-supereffective|p1a: Tornadus
|-damage|p1a: Tornadus|2/100
|move|p1a: Tornadus|Bleakwind Storm|p2a: TARS|[miss]
|-miss|p1a: Tornadus|p2a: TARS
|
|upkeep
|turn|21
|
|t:|1779809062
|switch|p1a: Scizor|Scizor, M|100/100
|move|p2a: TARS|Tri Attack|p1a: Scizor
|-resisted|p1a: Scizor
|-damage|p1a: Scizor|74/100
|
|upkeep
|turn|22
|inactive|Slashutu has 120 seconds left.
|
|t:|1779809121
|move|p2a: TARS|Tri Attack|p1a: Scizor
|-resisted|p1a: Scizor
|-damage|p1a: Scizor|49/100
|-status|p1a: Scizor|frz
|cant|p1a: Scizor|frz
|
|upkeep
|turn|23
|
|t:|1779809127
|move|p2a: TARS|Tri Attack|p1a: Scizor
|-resisted|p1a: Scizor
|-damage|p1a: Scizor|22/100 frz
|cant|p1a: Scizor|frz
|
|-fieldend|move: Trick Room
|upkeep
|turn|24
|
|t:|1779809137
|switch|p1a: Tornadus|Tornadus-Therian, M, tera:Flying|35/100
|move|p2a: TARS|Trick Room|p2a: TARS
|-fieldstart|move: Trick Room|[of] p2a: TARS
|
|upkeep
|turn|25
|
|t:|1779809142
|switch|p1a: Scizor|Scizor, M|22/100 frz
|move|p2a: TARS|Ice Beam|p1a: Scizor
|-resisted|p1a: Scizor
|-damage|p1a: Scizor|3/100 frz
|
|upkeep
|turn|26
|
|t:|1779809146
|cant|p1a: Scizor|frz
|move|p2a: TARS|Ice Beam|p1a: Scizor
|-resisted|p1a: Scizor
|-damage|p1a: Scizor|0 fnt
|faint|p1a: Scizor
|
|upkeep
|
|t:|1779809150
|switch|p1a: Ting-Lu|Ting-Lu|100/100
|-ability|p1a: Ting-Lu|Vessel of Ruin
|turn|27
|
|t:|1779809152
|move|p2a: TARS|Ice Beam|p1a: Ting-Lu
|-supereffective|p1a: Ting-Lu
|-damage|p1a: Ting-Lu|76/100
|move|p1a: Ting-Lu|Earthquake|p2a: TARS
|-crit|p2a: TARS
|-damage|p2a: TARS|9/100
|
|-heal|p1a: Ting-Lu|82/100|[from] item: Leftovers
|upkeep
|turn|28
|
|t:|1779809159
|move|p2a: TARS|Ice Beam|p1a: Ting-Lu
|-supereffective|p1a: Ting-Lu
|-damage|p1a: Ting-Lu|59/100
|-status|p1a: Ting-Lu|frz
|cant|p1a: Ting-Lu|frz
|
|-heal|p1a: Ting-Lu|65/100 frz|[from] item: Leftovers
|-fieldend|move: Trick Room
|upkeep
|turn|29
|
|t:|1779809168
|cant|p1a: Ting-Lu|frz
|move|p2a: TARS|Trick Room|p2a: TARS
|-fieldstart|move: Trick Room|[of] p2a: TARS
|
|-heal|p1a: Ting-Lu|72/100 frz|[from] item: Leftovers
|upkeep
|turn|30
|
|t:|1779809171
|switch|p2a: Brand|Hatterene, F, shiny|100/100
|-curestatus|p1a: Ting-Lu|frz|[msg]
|move|p1a: Ting-Lu|Stealth Rock|p2a: Brand
|move|p2a: Brand|Stealth Rock|p1a: Ting-Lu|[from] ability: Magic Bounce
|-sidestart|p1: bluntsmoker3000|move: Stealth Rock
|
|-heal|p1a: Ting-Lu|78/100|[from] item: Leftovers
|upkeep
|turn|31
|
|t:|1779809178
|move|p2a: Brand|Healing Wish|p2a: Brand
|faint|p2a: Brand
|move|p1a: Ting-Lu|Ruination|p2: Brand|[notarget]
|-fail|p1a: Ting-Lu
|
|-heal|p1a: Ting-Lu|84/100|[from] item: Leftovers
|upkeep
|
|t:|1779809180
|switch|p2a: Saturn|Volcanion, tera:Water|35/100
|-heal|p2a: Saturn|100/100|[from] move: Healing Wish
|turn|32
|-message|bluntsmoker3000 forfeited.
|
|win|Slashutu
|raw|bluntsmoker3000's rating: 1628 &rarr; <strong>1606</strong><br />(-22 for losing)
|raw|Slashutu's rating: 1596 &rarr; <strong>1618</strong><br />(+22 for winning)
|l|☆bluntsmoker3000
|player|p1|
|l|☆Slashutu
|player|p2|
