|j|☆yoshatori
|j|☆AMBATUBLOUGH
|t:|1779919112
|gametype|singles
|player|p1|yoshatori|170|1534
|player|p2|AMBATUBLOUGH|bellepa|1627
|gen|9
|tier|[Gen 9] OU
|rated|
|rule|HP Percentage Mod: HP is shown in percentages
|rule|Endless Battle Clause: Forcing endless battles is banned
|rule|Species Clause: Limit one of each Pokémon
|rule|OHKO Clause: OHKO moves are banned
|rule|Evasion Items Clause: Evasion items are banned
|rule|Evasion Moves Clause: Evasion moves are banned
|rule|Evasion Abilities Clause: Evasion abilities are banned
|rule|Sleep Moves Clause: Sleep-inducing moves are banned
|clearpoke
|poke|p1|Raging Bolt|
|poke|p1|Gliscor, F|
|poke|p1|Ninetales, M|
|poke|p1|Great Tusk|
|poke|p1|Walking Wake|
|poke|p1|Hatterene, F|
|poke|p2|Gholdengo|
|poke|p2|Hawlucha, F|
|poke|p2|Kyurem|
|poke|p2|Landorus-Therian, M|
|poke|p2|Rillaboom, F|
|poke|p2|Samurott-Hisui, F|
|teampreview
|inactive|Battle timer is ON: inactive players will automatically lose when time's up. (requested by yoshatori)
|j| Lowladderubersnoob
|inactive|AMBATUBLOUGH has 120 seconds left.
|inactive|AMBATUBLOUGH has 90 seconds left.
|
|t:|1779919185
|teamsize|p1|6
|teamsize|p2|6
|start
|switch|p1a: Raging Bolt|Raging Bolt|100/100
|switch|p2a: Landorus|Landorus-Therian, M|100/100
|-ability|p2a: Landorus|Intimidate|boost
|-unboost|p1a: Raging Bolt|atk|1
|turn|1
|
|t:|1779919198
|-end|p1a: Raging Bolt|Protosynthesis|[silent]
|switch|p1a: Hatterene|Hatterene, F|100/100
|move|p2a: Landorus|Stealth Rock|p1a: Hatterene
|move|p1a: Hatterene|Stealth Rock|p2a: Landorus|[from] ability: Magic Bounce
|-sidestart|p2: AMBATUBLOUGH|move: Stealth Rock
|
|upkeep
|turn|2
|
|t:|1779919221
|move|p2a: Landorus|Earth Power|p1a: Hatterene
|-damage|p1a: Hatterene|67/100
|-unboost|p1a: Hatterene|spd|1
|-enditem|p1a: Hatterene|Eject Button
|
|t:|1779919230
|switch|p1a: Walking Wake|Walking Wake|100/100
|
|upkeep
|turn|3
|
|t:|1779919245
|switch|p2a: Samurott|Samurott-Hisui, F|100/100
|-damage|p2a: Samurott|88/100|[from] Stealth Rock
|move|p1a: Walking Wake|Hydro Steam|p2a: Samurott
|-resisted|p2a: Samurott
|-damage|p2a: Samurott|68/100
|
|upkeep
|turn|4
|
|t:|1779919263
|-end|p1a: Walking Wake|Protosynthesis|[silent]
|switch|p1a: Ninetales|Ninetales, M|100/100
|-weather|SunnyDay|[from] ability: Drought|[of] p1a: Ninetales
|move|p2a: Samurott|Knock Off|p1a: Ninetales
|-damage|p1a: Ninetales|50/100
|-enditem|p1a: Ninetales|Heat Rock|[from] move: Knock Off|[of] p2a: Samurott
|
|-weather|SunnyDay|[upkeep]
|upkeep
|turn|5
|inactive|yoshatori has 120 seconds left.
|
|t:|1779919293
|move|p1a: Ninetales|Healing Wish|p1a: Ninetales
|faint|p1a: Ninetales
|move|p2a: Samurott|Ceaseless Edge|p1: Ninetales|[notarget]
|-fail|p2a: Samurott
|
|-weather|SunnyDay|[upkeep]
|upkeep
|inactive|yoshatori has 120 seconds left.
|
|t:|1779919303
|switch|p1a: Raging Bolt|Raging Bolt|100/100
|-activate|p1a: Raging Bolt|ability: Protosynthesis
|-start|p1a: Raging Bolt|protosynthesisspa
|turn|6
|inactive|yoshatori has 120 seconds left.
|inactive|AMBATUBLOUGH has 120 seconds left.
|
|t:|1779919357
|move|p2a: Samurott|Sucker Punch||[still]
|-fail|p2a: Samurott
|move|p1a: Raging Bolt|Calm Mind|p1a: Raging Bolt
|-boost|p1a: Raging Bolt|spa|1
|-boost|p1a: Raging Bolt|spd|1
|
|-weather|SunnyDay|[upkeep]
|upkeep
|turn|7
|inactive|yoshatori has 120 seconds left.
|
|t:|1779919389
|move|p1a: Raging Bolt|Dragon Pulse|p2a: Samurott
|-damage|p2a: Samurott|4/100
|move|p2a: Samurott|Knock Off|p1a: Raging Bolt
|-damage|p1a: Raging Bolt|64/100
|-enditem|p1a: Raging Bolt|Leftovers|[from] move: Knock Off|[of] p2a: Samurott
|
|-weather|SunnyDay|[upkeep]
|upkeep
|turn|8
|
|t:|1779919406
|move|p1a: Raging Bolt|Dragon Pulse|p2a: Samurott
|-damage|p2a: Samurott|0 fnt
|faint|p2a: Samurott
|
|-weather|SunnyDay|[upkeep]
|upkeep
|inactive|AMBATUBLOUGH has 90 seconds left.
|
|t:|1779919432
|switch|p2a: Landorus|Landorus-Therian, M|100/100
|-damage|p2a: Landorus|88/100|[from] Stealth Rock
|-ability|p2a: Landorus|Intimidate|boost
|-unboost|p1a: Raging Bolt|atk|1
|turn|9
|inactive|AMBATUBLOUGH has 60 seconds left.
|
|t:|1779919463
|move|p2a: Landorus|Earth Power|p1a: Raging Bolt
|-supereffective|p1a: Raging Bolt
|-damage|p1a: Raging Bolt|26/100
|move|p1a: Raging Bolt|Dragon Pulse|p2a: Landorus
|-damage|p2a: Landorus|0 fnt
|faint|p2a: Landorus
|
|-weather|SunnyDay|[upkeep]
|upkeep
|
|t:|1779919477
|switch|p2a: Kyurem|Kyurem|100/100
|-damage|p2a: Kyurem|76/100|[from] Stealth Rock
|-ability|p2a: Kyurem|Pressure
|turn|10
|inactive|yoshatori has 120 seconds left.
|
|t:|1779919487
|move|p1a: Raging Bolt|Thunderclap|p2a: Kyurem
|-resisted|p2a: Kyurem
|-damage|p2a: Kyurem|50/100
|move|p2a: Kyurem|Freeze-Dry|p1a: Raging Bolt
|-supereffective|p1a: Raging Bolt
|-damage|p1a: Raging Bolt|0 fnt
|faint|p1a: Raging Bolt
|-end|p1a: Raging Bolt|Protosynthesis|[silent]
|
|-weather|SunnyDay|[upkeep]
|upkeep
|inactive|yoshatori has 120 seconds left.
|
|t:|1779919514
|switch|p1a: Hatterene|Hatterene, F|67/100
|-heal|p1a: Hatterene|100/100|[from] move: Healing Wish
|turn|11
|inactive|AMBATUBLOUGH has 60 seconds left.
|
|t:|1779919534
|switch|p2a: Gholdengo|Gholdengo|100/100
|-damage|p2a: Gholdengo|94/100|[from] Stealth Rock
|move|p1a: Hatterene|Dazzling Gleam|p2a: Gholdengo
|-resisted|p2a: Gholdengo
|-damage|p2a: Gholdengo|75/100
|
|-weather|none
|upkeep
|turn|12
|inactive|AMBATUBLOUGH has 60 seconds left.
|inactive|yoshatori has 90 seconds left.
|inactive|AMBATUBLOUGH has 30 seconds left.
|
|t:|1779919573
|switch|p1a: Great Tusk|Great Tusk|100/100
|move|p2a: Gholdengo|Shadow Ball|p1a: Great Tusk
|-damage|p1a: Great Tusk|46/100
|
|-heal|p1a: Great Tusk|52/100|[from] item: Leftovers
|upkeep
|turn|13
|inactive|yoshatori has 90 seconds left.
|
|t:|1779919585
|move|p2a: Gholdengo|Shadow Ball|p1a: Great Tusk
|-damage|p1a: Great Tusk|0 fnt
|faint|p1a: Great Tusk
|-end|p1a: Great Tusk|Protosynthesis|[silent]
|
|upkeep
|
|t:|1779919589
|switch|p1a: Gliscor|Gliscor, F|100/100
|turn|14
|
|t:|1779919595
|switch|p2a: Kyurem|Kyurem|50/100
|-damage|p2a: Kyurem|25/100|[from] Stealth Rock
|-ability|p2a: Kyurem|Pressure
|move|p1a: Gliscor|Protect||[still]
|-fail|p1a: Gliscor
|
|-status|p1a: Gliscor|tox|[from] item: Toxic Orb
|upkeep
|turn|15
|
|t:|1779919617
|move|p2a: Kyurem|Freeze-Dry|p1a: Gliscor
|-supereffective|p1a: Gliscor
|-damage|p1a: Gliscor|0 fnt
|faint|p1a: Gliscor
|
|upkeep
|
|t:|1779919619
|switch|p1a: Hatterene|Hatterene, F|100/100
|turn|16
|inactive|AMBATUBLOUGH has 60 seconds left.
|
|t:|1779919638
|-terastallize|p2a: Kyurem|Poison
|move|p2a: Kyurem|Ice Beam|p1a: Hatterene
|-damage|p1a: Hatterene|50/100
|move|p1a: Hatterene|Dazzling Gleam|p2a: Kyurem
|-resisted|p2a: Kyurem
|-damage|p2a: Kyurem|13/100
|
|upkeep
|turn|17
|
|t:|1779919641
|move|p2a: Kyurem|Ice Beam|p1a: Hatterene
|-damage|p1a: Hatterene|0 fnt
|faint|p1a: Hatterene
|
|upkeep
|
|t:|1779919643
|switch|p1a: Walking Wake|Walking Wake|100/100
|turn|18
|
|t:|1779919649
|-terastallize|p1a: Walking Wake|Water
|move|p1a: Walking Wake|Hydro Steam|p2a: Kyurem
|-damage|p2a: Kyurem|0 fnt
|faint|p2a: Kyurem
|
|upkeep
|
|t:|1779919657
|switch|p2a: Gholdengo|Gholdengo|75/100
|-damage|p2a: Gholdengo|69/100|[from] Stealth Rock
|turn|19
|
|t:|1779919664
|move|p2a: Gholdengo|Shadow Ball|p1a: Walking Wake
|-damage|p1a: Walking Wake|50/100
|move|p1a: Walking Wake|Hydro Steam|p2a: Gholdengo
|-damage|p2a: Gholdengo|0 fnt
|faint|p2a: Gholdengo
|
|upkeep
|
|t:|1779919667
|switch|p2a: Rillaboom|Rillaboom, F|100/100
|-damage|p2a: Rillaboom|88/100|[from] Stealth Rock
|-fieldstart|move: Grassy Terrain|[from] ability: Grassy Surge|[of] p2a: Rillaboom
|turn|20
|
|t:|1779919670
|move|p2a: Rillaboom|Grassy Glide|p1a: Walking Wake
|-supereffective|p1a: Walking Wake
|-damage|p1a: Walking Wake|0 fnt
|faint|p1a: Walking Wake
|-end|p1a: Walking Wake|Protosynthesis|[silent]
|
|win|AMBATUBLOUGH
|raw|yoshatori's rating: 1534 &rarr; <strong>1519</strong><br />(-15 for losing)
|raw|AMBATUBLOUGH's rating: 1627 &rarr; <strong>1642</strong><br />(+15 for winning)
|c|☆AMBATUBLOUGH|gg
|l|☆yoshatori
|player|p1|
|l|☆AMBATUBLOUGH
|player|p2|
|j|☆AMBATUBLOUGH
|player|p2|AMBATUBLOUGH|bellepa|
|l| Lowladderubersnoob
