|j|☆iamnew2024
|j|☆TenHeaven
|t:|1779854775
|gametype|singles
|player|p1|iamnew2024|101|1419
|player|p2|TenHeaven|marley|1302
|gen|9
|tier|[Gen 9] OU
|rated|
|rule|HP Percentage Mod: HP is shown in percentages
|rule|Endless Battle Clause: Forcing endless battles is banned
|rule|Species Clause: Limit one of each Pokémon
|rule|OHKO Clause: OHKO moves are banned
|rule|Evasion Items Clause: Evasion items are banned
|rule|Evasion Moves Clause: Evasion moves are banned
|rule|Evasion Abilities Clause: Evasion abilities are banned
|rule|Sleep Moves Clause: Sleep-inducing moves are banned
|clearpoke
|poke|p1|Iron Crown|
|poke|p1|Slowking-Galar, F|
|poke|p1|Ting-Lu|
|poke|p1|Great Tusk|
|poke|p1|Kingambit, M|
|poke|p1|Darkrai|
|poke|p2|Tyranitar, F|
|poke|p2|Ogerpon-Cornerstone, F|
|poke|p2|Landorus-Therian, M|
|poke|p2|Toxapex, F|
|poke|p2|Excadrill, F|
|poke|p2|Hatterene, F|
|teampreview
|inactive|Battle timer is ON: inactive players will automatically lose when time's up. (requested by TenHeaven)
|
|t:|1779854801
|teamsize|p1|6
|teamsize|p2|6
|start
|switch|p1a: Darkrai|Darkrai|100/100
|switch|p2a: Tyranitar|Tyranitar, F, shiny|100/100
|-weather|Sandstorm|[from] ability: Sand Stream|[of] p2a: Tyranitar
|turn|1
|
|t:|1779854814
|-terastallize|p2a: Tyranitar|Flying
|move|p1a: Darkrai|Focus Blast|p2a: Tyranitar
|-resisted|p2a: Tyranitar
|-damage|p2a: Tyranitar|80/100
|move|p2a: Tyranitar|Dragon Dance|p2a: Tyranitar
|-boost|p2a: Tyranitar|atk|1
|-boost|p2a: Tyranitar|spe|1
|
|-weather|Sandstorm|[upkeep]
|-damage|p1a: Darkrai|94/100|[from] Sandstorm
|-damage|p2a: Tyranitar|74/100|[from] Sandstorm
|upkeep
|turn|2
|
|t:|1779854830
|switch|p1a: Ting-Lu|Ting-Lu|100/100
|-ability|p1a: Ting-Lu|Vessel of Ruin
|move|p2a: Tyranitar|Rock Blast|p1a: Ting-Lu|[miss]
|-miss|p2a: Tyranitar|p1a: Ting-Lu
|
|-weather|Sandstorm|[upkeep]
|-damage|p2a: Tyranitar|67/100|[from] Sandstorm
|upkeep
|turn|3
|
|t:|1779854843
|move|p2a: Tyranitar|Ice Punch|p1a: Ting-Lu
|-supereffective|p1a: Ting-Lu
|-damage|p1a: Ting-Lu|69/100
|move|p1a: Ting-Lu|Earthquake|p2a: Tyranitar
|-immune|p2a: Tyranitar
|
|-weather|Sandstorm|[upkeep]
|-damage|p2a: Tyranitar|61/100|[from] Sandstorm
|-heal|p1a: Ting-Lu|75/100|[from] item: Leftovers
|upkeep
|turn|4
|
|t:|1779854853
|move|p2a: Tyranitar|Dragon Dance|p2a: Tyranitar
|-boost|p2a: Tyranitar|atk|1
|-boost|p2a: Tyranitar|spe|1
|move|p1a: Ting-Lu|Whirlwind|p2a: Tyranitar
|drag|p2a: Toxapex|Toxapex, F, shiny|100/100
|
|-weather|Sandstorm|[upkeep]
|-damage|p2a: Toxapex|94/100|[from] Sandstorm
|-heal|p1a: Ting-Lu|81/100|[from] item: Leftovers
|-heal|p2a: Toxapex|100/100|[from] item: Leftovers
|upkeep
|turn|5
|
|t:|1779854868
|switch|p2a: Landorus|Landorus-Therian, M|100/100
|-ability|p2a: Landorus|Intimidate|boost
|-unboost|p1a: Ting-Lu|atk|1
|move|p1a: Ting-Lu|Stealth Rock|p2a: Landorus
|-sidestart|p2: TenHeaven|move: Stealth Rock
|
|-weather|none
|-heal|p1a: Ting-Lu|88/100|[from] item: Leftovers
|upkeep
|turn|6
|
|t:|1779854878
|switch|p1a: Great Tusk|Great Tusk|100/100
|move|p2a: Landorus|Hammer Arm|p1a: Great Tusk|[miss]
|-miss|p2a: Landorus|p1a: Great Tusk
|
|upkeep
|turn|7
|
|t:|1779854887
|switch|p2a: Excadrill|Excadrill, F|100/100
|-damage|p2a: Excadrill|97/100|[from] Stealth Rock
|move|p1a: Great Tusk|Knock Off|p2a: Excadrill
|-damage|p2a: Excadrill|45/100
|-enditem|p2a: Excadrill|Choice Band|[from] move: Knock Off|[of] p1a: Great Tusk
|
|upkeep
|turn|8
|
|t:|1779854900
|switch|p2a: Tyranitar|Tyranitar, F, shiny, tera:Flying|61/100
|-damage|p2a: Tyranitar|36/100|[from] Stealth Rock
|-weather|Sandstorm|[from] ability: Sand Stream|[of] p2a: Tyranitar
|move|p1a: Great Tusk|Headlong Rush|p2a: Tyranitar
|-immune|p2a: Tyranitar
|
|-weather|Sandstorm|[upkeep]
|-damage|p2a: Tyranitar|30/100|[from] Sandstorm
|upkeep
|turn|9
|
|t:|1779854913
|move|p1a: Great Tusk|Ice Spinner|p2a: Tyranitar
|-supereffective|p2a: Tyranitar
|-damage|p2a: Tyranitar|0 fnt
|faint|p2a: Tyranitar
|
|-weather|Sandstorm|[upkeep]
|upkeep
|
|t:|1779854919
|switch|p2a: Excadrill|Excadrill, F|45/100
|-damage|p2a: Excadrill|42/100|[from] Stealth Rock
|turn|10
|
|t:|1779854924
|move|p2a: Excadrill|Earthquake|p1a: Great Tusk
|-damage|p1a: Great Tusk|55/100
|move|p1a: Great Tusk|Headlong Rush|p2a: Excadrill
|-supereffective|p2a: Excadrill
|-damage|p2a: Excadrill|0 fnt
|-unboost|p1a: Great Tusk|def|1
|-unboost|p1a: Great Tusk|spd|1
|faint|p2a: Excadrill
|
|-weather|Sandstorm|[upkeep]
|upkeep
|
|t:|1779854932
|switch|p2a: Ogerpon|Ogerpon-Cornerstone, F|100/100
|-damage|p2a: Ogerpon|88/100|[from] Stealth Rock
|turn|11
|
|t:|1779854958
|-end|p1a: Great Tusk|Protosynthesis|[silent]
|switch|p1a: Kingambit|Kingambit, M|100/100
|move|p2a: Ogerpon|Trailblaze|p1a: Kingambit
|-resisted|p1a: Kingambit
|-damage|p1a: Kingambit|90/100
|-boost|p2a: Ogerpon|spe|1
|
|-weather|Sandstorm|[upkeep]
|-heal|p1a: Kingambit|97/100|[from] item: Leftovers
|upkeep
|turn|12
|
|t:|1779854969
|move|p2a: Ogerpon|Swords Dance|p2a: Ogerpon
|-boost|p2a: Ogerpon|atk|2
|move|p1a: Kingambit|Low Kick|p2a: Ogerpon
|-supereffective|p2a: Ogerpon
|-damage|p2a: Ogerpon|28/100
|
|-weather|none
|-heal|p1a: Kingambit|100/100|[from] item: Leftovers
|upkeep
|turn|13
|
|t:|1779854978
|move|p1a: Kingambit|Sucker Punch||[still]
|-fail|p1a: Kingambit
|move|p2a: Ogerpon|Swords Dance|p2a: Ogerpon
|-boost|p2a: Ogerpon|atk|2
|
|upkeep
|turn|14
|
|t:|1779854984
|move|p1a: Kingambit|Sucker Punch||[still]
|-fail|p1a: Kingambit
|move|p2a: Ogerpon|Encore|p1a: Kingambit
|-start|p1a: Kingambit|Encore
|
|upkeep
|turn|15
|
|t:|1779854997
|-end|p1a: Kingambit|fallenundefined|[silent]
|switch|p1a: Darkrai|Darkrai|94/100
|move|p2a: Ogerpon|Swords Dance|p2a: Ogerpon
|-boost|p2a: Ogerpon|atk|2
|
|upkeep
|turn|16
|
|t:|1779855007
|move|p1a: Darkrai|Ice Beam|p2a: Ogerpon
|-supereffective|p2a: Ogerpon
|-damage|p2a: Ogerpon|0 fnt
|faint|p2a: Ogerpon
|
|upkeep
|
|t:|1779855012
|switch|p2a: Landorus|Landorus-Therian, M|100/100
|-damage|p2a: Landorus|88/100|[from] Stealth Rock
|-ability|p2a: Landorus|Intimidate|boost
|-unboost|p1a: Darkrai|atk|1
|turn|17
|
|t:|1779855018
|move|p1a: Darkrai|Ice Beam|p2a: Landorus
|-supereffective|p2a: Landorus
|-damage|p2a: Landorus|0 fnt
|faint|p2a: Landorus
|
|upkeep
|
|t:|1779855021
|switch|p2a: Hatterene|Hatterene, F|100/100
|-damage|p2a: Hatterene|88/100|[from] Stealth Rock
|turn|18
|
|t:|1779855027
|switch|p1a: Iron Crown|Iron Crown|100/100
|move|p2a: Hatterene|Calm Mind|p2a: Hatterene
|-boost|p2a: Hatterene|spa|1
|-boost|p2a: Hatterene|spd|1
|
|-heal|p2a: Hatterene|94/100|[from] item: Leftovers
|upkeep
|turn|19
|
|t:|1779855036
|-terastallize|p1a: Iron Crown|Steel
|move|p1a: Iron Crown|Tachyon Cutter|p2a: Hatterene
|-supereffective|p2a: Hatterene
|-damage|p2a: Hatterene|16/100
|-supereffective|p2a: Hatterene
|-damage|p2a: Hatterene|0 fnt
|faint|p2a: Hatterene
|-hitcount|p2: Hatterene|2
|
|upkeep
|
|t:|1779855041
|switch|p2a: Toxapex|Toxapex, F, shiny|100/100
|-damage|p2a: Toxapex|88/100|[from] Stealth Rock
|turn|20
|
|t:|1779855048
|move|p1a: Iron Crown|Tachyon Cutter|p2a: Toxapex
|-resisted|p2a: Toxapex
|-damage|p2a: Toxapex|65/100
|-resisted|p2a: Toxapex
|-damage|p2a: Toxapex|44/100
|-hitcount|p2a: Toxapex|2
|move|p2a: Toxapex|Liquidation|p1a: Iron Crown
|-damage|p1a: Iron Crown|80/100
|
|-heal|p2a: Toxapex|50/100|[from] item: Leftovers
|upkeep
|turn|21
|-message|TenHeaven forfeited.
|
|win|iamnew2024
|raw|iamnew2024's rating: 1419 &rarr; <strong>1433</strong><br />(+14 for winning)
|raw|TenHeaven's rating: 1302 &rarr; <strong>1288</strong><br />(-14 for losing)
|l|☆TenHeaven
|player|p2|
|l|☆iamnew2024
|player|p1|
