|j|☆showbiz_carton
|j|☆chico wilson
|t:|1779934991
|gametype|singles
|player|p1|showbiz_carton|hugh|1366
|player|p2|chico wilson|169|1376
|gen|9
|tier|[Gen 9] OU
|rated|
|rule|HP Percentage Mod: HP is shown in percentages
|rule|Endless Battle Clause: Forcing endless battles is banned
|rule|Species Clause: Limit one of each Pokémon
|rule|OHKO Clause: OHKO moves are banned
|rule|Evasion Items Clause: Evasion items are banned
|rule|Evasion Moves Clause: Evasion moves are banned
|rule|Evasion Abilities Clause: Evasion abilities are banned
|rule|Sleep Moves Clause: Sleep-inducing moves are banned
|clearpoke
|poke|p1|Sandslash-Alola, F|
|poke|p1|Slowking-Galar, M|
|poke|p1|Samurott-Hisui, M|
|poke|p1|Dragapult, M|
|poke|p1|Conkeldurr, M|
|poke|p1|Talonflame, M|
|poke|p2|Dragapult, M|
|poke|p2|Heatran, F|
|poke|p2|Landorus-Therian, M|
|poke|p2|Alomomola, F|
|poke|p2|Weezing-Galar, M|
|poke|p2|Garganacl, M|
|teampreview
|inactive|Battle timer is ON: inactive players will automatically lose when time's up. (requested by showbiz_carton)
|
|t:|1779935007
|teamsize|p1|6
|teamsize|p2|6
|start
|switch|p1a: Amidamaru|Samurott-Hisui, M|100/100
|switch|p2a: Landorus|Landorus-Therian, M|100/100
|-ability|p2a: Landorus|Intimidate|boost
|-unboost|p1a: Amidamaru|atk|1
|turn|1
|
|t:|1779935017
|switch|p1a: Talonflame|Talonflame, M, shiny|100/100
|move|p2a: Landorus|U-turn|p1a: Talonflame
|-resisted|p1a: Talonflame
|-damage|p1a: Talonflame|95/100
|
|t:|1779935023
|switch|p2a: Heatran|Heatran, F|100/100|[from] U-turn
|
|upkeep
|turn|2
|
|t:|1779935032
|switch|p1a: Amidamaru|Samurott-Hisui, M|100/100
|move|p2a: Heatran|Substitute|p2a: Heatran
|-start|p2a: Heatran|Substitute
|-damage|p2a: Heatran|76/100
|
|-heal|p2a: Heatran|82/100|[from] item: Leftovers
|upkeep
|turn|3
|
|t:|1779935040
|move|p1a: Amidamaru|Flip Turn|p2a: Heatran
|-supereffective|p2a: Heatran
|-end|p2a: Heatran|Substitute
|
|t:|1779935046
|switch|p1a: Buggy|Conkeldurr, M, shiny|100/100|[from] Flip Turn
|move|p2a: Heatran|Scorching Sands|p1a: Buggy
|-damage|p1a: Buggy|76/100
|
|-heal|p2a: Heatran|88/100|[from] item: Leftovers
|-status|p1a: Buggy|brn|[from] item: Flame Orb
|upkeep
|turn|4
|
|t:|1779935059
|switch|p2a: Weezing|Weezing-Galar, M|100/100
|-ability|p2a: Weezing|Neutralizing Gas
|move|p1a: Buggy|Knock Off|p2a: Weezing
|-resisted|p2a: Weezing
|-damage|p2a: Weezing|94/100
|-enditem|p2a: Weezing|Heavy-Duty Boots|[from] move: Knock Off|[of] p1a: Buggy
|
|-damage|p1a: Buggy|70/100 brn|[from] brn
|upkeep
|turn|5
|
|t:|1779935071
|-end|p2a: Weezing|ability: Neutralizing Gas
|switch|p2a: Landorus|Landorus-Therian, M|100/100
|-ability|p2a: Landorus|Intimidate|boost
|-unboost|p1a: Buggy|atk|1
|switch|p1a: Brainwash|Slowking-Galar, M, shiny|100/100
|
|upkeep
|turn|6
|
|t:|1779935082
|switch|p1a: Talonflame|Talonflame, M, shiny|95/100
|move|p2a: Landorus|Rock Slide|p1a: Talonflame
|-supereffective|p1a: Talonflame
|-damage|p1a: Talonflame|0 fnt
|faint|p1a: Talonflame
|
|upkeep
|
|t:|1779935092
|switch|p1a: Frostbite|Sandslash-Alola, F, shiny|100/100
|turn|7
|
|t:|1779935100
|switch|p2a: Alomomola|Alomomola, F|100/100
|move|p1a: Frostbite|Ice Shard|p2a: Alomomola
|-resisted|p2a: Alomomola
|-damage|p2a: Alomomola|92/100
|-damage|p1a: Frostbite|91/100|[from] item: Life Orb
|
|upkeep
|turn|8
|
|t:|1779935109
|switch|p1a: Brainwash|Slowking-Galar, M, shiny|100/100
|move|p2a: Alomomola|Flip Turn|p1a: Brainwash
|-damage|p1a: Brainwash|83/100
|
|t:|1779935113
|switch|p2a: Landorus|Landorus-Therian, M|100/100|[from] Flip Turn
|-ability|p2a: Landorus|Intimidate|boost
|-unboost|p1a: Brainwash|atk|1
|
|upkeep
|turn|9
|
|t:|1779935118
|move|p2a: Landorus|Earthquake|p1a: Brainwash
|-supereffective|p1a: Brainwash
|-damage|p1a: Brainwash|0 fnt
|faint|p1a: Brainwash
|
|upkeep
|
|t:|1779935125
|switch|p1a: Amidamaru|Samurott-Hisui, M|100/100
|turn|10
|
|t:|1779935131
|switch|p2a: Weezing|Weezing-Galar, M|94/100
|-ability|p2a: Weezing|Neutralizing Gas
|move|p1a: Amidamaru|Ceaseless Edge|p2a: Weezing
|-resisted|p2a: Weezing
|-damage|p2a: Weezing|83/100
|-sidestart|p2: chico wilson|Spikes
|
|upkeep
|turn|11
|
|t:|1779935141
|move|p1a: Amidamaru|Flip Turn|p2a: Weezing
|-damage|p2a: Weezing|65/100
|
|t:|1779935145
|switch|p1a: Frostbite|Sandslash-Alola, F, shiny|91/100|[from] Flip Turn
|move|p2a: Weezing|Defog|p1a: Frostbite
|-unboost|p1a: Frostbite|evasion|1
|-sideend|p2: chico wilson|Spikes|[from] move: Defog|[of] p2a: Weezing
|
|upkeep
|turn|12
|
|t:|1779935153
|-end|p2a: Weezing|ability: Neutralizing Gas
|switch|p2a: Alomomola|Alomomola, F|100/100
|move|p1a: Frostbite|Earthquake|p2a: Alomomola
|-damage|p2a: Alomomola|73/100
|-damage|p1a: Frostbite|81/100|[from] item: Life Orb
|
|upkeep
|turn|13
|
|t:|1779935164
|switch|p1a: Buggy|Conkeldurr, M, shiny|70/100 brn
|move|p2a: Alomomola|Flip Turn|p1a: Buggy
|-damage|p1a: Buggy|56/100 brn
|
|t:|1779935179
|switch|p2a: Landorus|Landorus-Therian, M|100/100|[from] Flip Turn
|-ability|p2a: Landorus|Intimidate|boost
|-unboost|p1a: Buggy|atk|1
|
|-damage|p1a: Buggy|50/100 brn|[from] brn
|upkeep
|turn|14
|
|t:|1779935185
|move|p2a: Landorus|Earthquake|p1a: Buggy
|-damage|p1a: Buggy|4/100 brn
|move|p1a: Buggy|Ice Punch|p2a: Landorus
|-supereffective|p2a: Landorus
|-damage|p2a: Landorus|0 fnt
|faint|p2a: Landorus
|
|-damage|p1a: Buggy|0 fnt|[from] brn
|faint|p1a: Buggy
|upkeep
|
|t:|1779935204
|switch|p2a: Weezing|Weezing-Galar, M|65/100
|switch|p1a: Amidamaru|Samurott-Hisui, M|100/100
|-ability|p2a: Weezing|Neutralizing Gas
|turn|15
|
|t:|1779935220
|move|p1a: Amidamaru|Flip Turn|p2a: Weezing
|-crit|p2a: Weezing
|-damage|p2a: Weezing|36/100
|
|t:|1779935224
|switch|p1a: Frostbite|Sandslash-Alola, F, shiny|81/100|[from] Flip Turn
|move|p2a: Weezing|Will-O-Wisp|p1a: Frostbite
|-status|p1a: Frostbite|brn
|
|-damage|p1a: Frostbite|74/100 brn|[from] brn
|upkeep
|turn|16
|-message|showbiz_carton forfeited.
|
|win|chico wilson
|raw|showbiz_carton's rating: 1366 &rarr; <strong>1347</strong><br />(-19 for losing)
|raw|chico wilson's rating: 1376 &rarr; <strong>1395</strong><br />(+19 for winning)
|l|☆showbiz_carton
|player|p1|
|l|☆chico wilson
|player|p2|
