|j|☆i ♡ pecharunt
|j|☆leoisreallysmart
|t:|1779922883
|gametype|singles
|player|p1|i ♡ pecharunt|2|1162
|player|p2|leoisreallysmart|2|1129
|gen|9
|tier|[Gen 9] OU
|rated|
|rule|HP Percentage Mod: HP is shown in percentages
|rule|Endless Battle Clause: Forcing endless battles is banned
|rule|Species Clause: Limit one of each Pokémon
|rule|OHKO Clause: OHKO moves are banned
|rule|Evasion Items Clause: Evasion items are banned
|rule|Evasion Moves Clause: Evasion moves are banned
|rule|Evasion Abilities Clause: Evasion abilities are banned
|rule|Sleep Moves Clause: Sleep-inducing moves are banned
|clearpoke
|poke|p1|Zamazenta-*|
|poke|p1|Gholdengo|
|poke|p1|Darkrai|
|poke|p1|Dragonite, M|
|poke|p1|Great Tusk|
|poke|p1|Alomomola, F|
|poke|p2|Whimsicott, F|
|poke|p2|Hoopa|
|poke|p2|Sneasel-Hisui, F|
|poke|p2|Mandibuzz, F|
|poke|p2|Oricorio, F|
|poke|p2|Golem, F|
|teampreview
|inactive|Battle timer is ON: inactive players will automatically lose when time's up. (requested by leoisreallysmart)
|
|t:|1779922891
|teamsize|p1|6
|teamsize|p2|6
|start
|switch|p1a: Darkrai|Darkrai|100/100
|switch|p2a: Golem|Golem, F|100/100
|turn|1
|
|t:|1779922901
|switch|p1a: Great Tusk|Great Tusk|100/100
|-enditem|p1a: Great Tusk|Booster Energy
|-activate|p1a: Great Tusk|ability: Protosynthesis|[fromitem]
|-start|p1a: Great Tusk|protosynthesisspe
|move|p2a: Golem|Stealth Rock|p1a: Great Tusk
|-sidestart|p1: i ♡ pecharunt|move: Stealth Rock
|
|upkeep
|turn|2
|
|t:|1779922907
|move|p1a: Great Tusk|Bulk Up|p1a: Great Tusk
|-boost|p1a: Great Tusk|atk|1
|-boost|p1a: Great Tusk|def|1
|move|p2a: Golem|Gyro Ball|p1a: Great Tusk
|-damage|p1a: Great Tusk|82/100
|
|upkeep
|turn|3
|
|t:|1779922914
|move|p1a: Great Tusk|Bulk Up|p1a: Great Tusk
|-boost|p1a: Great Tusk|atk|1
|-boost|p1a: Great Tusk|def|1
|move|p2a: Golem|Explosion|p1a: Great Tusk
|-crit|p1a: Great Tusk
|-damage|p1a: Great Tusk|0 fnt
|faint|p2a: Golem
|faint|p1a: Great Tusk
|-end|p1a: Great Tusk|Protosynthesis|[silent]
|
|upkeep
|
|t:|1779922924
|switch|p1a: Zamazenta|Zamazenta|100/100
|switch|p2a: Sneasel|Sneasel-Hisui, F|100/100
|-damage|p1a: Zamazenta|94/100|[from] Stealth Rock
|-ability|p1a: Zamazenta|Dauntless Shield|boost
|-boost|p1a: Zamazenta|def|1
|turn|4
|
|t:|1779922948
|move|p2a: Sneasel|Close Combat|p1a: Zamazenta
|-damage|p1a: Zamazenta|71/100
|-unboost|p2a: Sneasel|def|1
|-unboost|p2a: Sneasel|spd|1
|move|p1a: Zamazenta|Reflect|p1a: Zamazenta
|-sidestart|p1: i ♡ pecharunt|Reflect
|
|upkeep
|turn|5
|
|t:|1779922957
|move|p2a: Sneasel|Swords Dance|p2a: Sneasel
|-boost|p2a: Sneasel|atk|2
|move|p1a: Zamazenta|Light Screen|p1a: Zamazenta
|-sidestart|p1: i ♡ pecharunt|move: Light Screen
|
|upkeep
|turn|6
|
|t:|1779922959
|move|p2a: Sneasel|Close Combat|p1a: Zamazenta
|-damage|p1a: Zamazenta|48/100
|-unboost|p2a: Sneasel|def|1
|-unboost|p2a: Sneasel|spd|1
|move|p1a: Zamazenta|Roar|p2a: Sneasel
|drag|p2a: Hoopa|Hoopa|100/100
|-item|p2a: Hoopa|Air Balloon
|
|upkeep
|turn|7
|
|t:|1779922967
|switch|p1a: Dragonite|Dragonite, M|100/100
|move|p2a: Hoopa|Shadow Ball|p1a: Dragonite
|-damage|p1a: Dragonite|88/100
|
|upkeep
|turn|8
|
|t:|1779922977
|move|p1a: Dragonite|Dragon Dance|p1a: Dragonite
|-boost|p1a: Dragonite|atk|1
|-boost|p1a: Dragonite|spe|1
|move|p2a: Hoopa|Substitute|p2a: Hoopa
|-start|p2a: Hoopa|Substitute
|-damage|p2a: Hoopa|76/100
|
|upkeep
|turn|9
|
|t:|1779922983
|move|p1a: Dragonite|Ice Spinner|p2a: Hoopa
|-end|p2a: Hoopa|Substitute
|-enditem|p2a: Hoopa|Air Balloon
|move|p2a: Hoopa|Shadow Ball|p1a: Dragonite
|-damage|p1a: Dragonite|61/100
|-unboost|p1a: Dragonite|spd|1
|-item|p2a: Hoopa|Heavy-Duty Boots|[from] ability: Magician|[of] p1a: Dragonite
|
|upkeep
|turn|10
|
|t:|1779923000
|move|p1a: Dragonite|Ice Spinner|p2a: Hoopa
|-damage|p2a: Hoopa|11/100
|move|p2a: Hoopa|Shadow Ball|p1a: Dragonite
|-damage|p1a: Dragonite|20/100
|
|upkeep
|turn|11
|
|t:|1779923003
|move|p1a: Dragonite|Ice Spinner|p2a: Hoopa
|-damage|p2a: Hoopa|0 fnt
|faint|p2a: Hoopa
|
|-sideend|p1: i ♡ pecharunt|Reflect
|upkeep
|
|t:|1779923011
|switch|p2a: Sneasel|Sneasel-Hisui, F|100/100
|turn|12
|
|t:|1779923016
|switch|p1a: Alomomola|Alomomola, F|100/100
|move|p2a: Sneasel|Close Combat|p1a: Alomomola
|-damage|p1a: Alomomola|73/100
|-unboost|p2a: Sneasel|def|1
|-unboost|p2a: Sneasel|spd|1
|
|-sideend|p1: i ♡ pecharunt|move: Light Screen
|upkeep
|turn|13
|inactive|leoisreallysmart has 120 seconds left.
|
|t:|1779923070
|switch|p2a: Whimsicott|Whimsicott, F|100/100
|move|p1a: Alomomola|Wish|p1a: Alomomola
|
|upkeep
|turn|14
|
|t:|1779923074
|move|p2a: Whimsicott|Encore|p1a: Alomomola
|-start|p1a: Alomomola|Encore
|move|p1a: Alomomola|Wish||[still]
|-fail|p1a: Alomomola
|
|-heal|p1a: Alomomola|100/100|[from] move: Wish|[wisher] Alomomola
|upkeep
|turn|15
|
|t:|1779923077
|move|p2a: Whimsicott|Giga Drain|p1a: Alomomola
|-supereffective|p1a: Alomomola
|-damage|p1a: Alomomola|31/100
|move|p1a: Alomomola|Wish|p1a: Alomomola
|
|upkeep
|turn|16
|
|t:|1779923081
|switch|p1a: Zamazenta|Zamazenta|48/100
|-damage|p1a: Zamazenta|42/100|[from] Stealth Rock
|move|p2a: Whimsicott|Giga Drain|p1a: Zamazenta
|-damage|p1a: Zamazenta|20/100
|
|-heal|p1a: Zamazenta|97/100|[from] move: Wish|[wisher] Alomomola
|upkeep
|turn|17
|
|t:|1779923086
|move|p2a: Whimsicott|U-turn|p1a: Zamazenta
|-resisted|p1a: Zamazenta
|-damage|p1a: Zamazenta|94/100
|
|t:|1779923091
|switch|p2a: Mandibuzz|Mandibuzz, F|100/100|[from] U-turn
|move|p1a: Zamazenta|Light Screen|p1a: Zamazenta
|-sidestart|p1: i ♡ pecharunt|move: Light Screen
|
|upkeep
|turn|18
|
|t:|1779923099
|switch|p1a: Gholdengo|Gholdengo|100/100
|-damage|p1a: Gholdengo|94/100|[from] Stealth Rock
|-item|p1a: Gholdengo|Air Balloon
|move|p2a: Mandibuzz|Foul Play|p1a: Gholdengo
|-supereffective|p1a: Gholdengo
|-damage|p1a: Gholdengo|71/100
|-enditem|p1a: Gholdengo|Air Balloon
|
|upkeep
|turn|19
|inactive|leoisreallysmart has 120 seconds left.
|
|t:|1779923144
|-terastallize|p1a: Gholdengo|Fairy
|move|p1a: Gholdengo|Nasty Plot|p1a: Gholdengo
|-boost|p1a: Gholdengo|spa|2
|move|p2a: Mandibuzz|Foul Play|p1a: Gholdengo
|-resisted|p1a: Gholdengo
|-damage|p1a: Gholdengo|65/100
|
|upkeep
|turn|20
|
|t:|1779923152
|move|p1a: Gholdengo|Recover|p1a: Gholdengo
|-heal|p1a: Gholdengo|100/100
|move|p2a: Mandibuzz|U-turn|p1a: Gholdengo
|-resisted|p1a: Gholdengo
|-damage|p1a: Gholdengo|97/100
|
|t:|1779923158
|switch|p2a: Sneasel|Sneasel-Hisui, F|100/100|[from] U-turn
|
|upkeep
|turn|21
|inactive|leoisreallysmart has 120 seconds left.
|
|t:|1779923164
|move|p2a: Sneasel|Gunk Shot|p1a: Gholdengo
|-supereffective|p1a: Gholdengo
|-damage|p1a: Gholdengo|26/100
|-status|p1a: Gholdengo|psn
|move|p1a: Gholdengo|Make It Rain|p2a: Sneasel
|-damage|p2a: Sneasel|0 fnt
|-unboost|p1a: Gholdengo|spa|1
|faint|p2a: Sneasel
|
|-damage|p1a: Gholdengo|14/100 psn|[from] psn
|upkeep
|inactive|leoisreallysmart has 120 seconds left.
|
|t:|1779923176
|switch|p2a: Mandibuzz|Mandibuzz, F|100/100
|turn|22
|
|t:|1779923180
|move|p1a: Gholdengo|Make It Rain|p2a: Mandibuzz
|-damage|p2a: Mandibuzz|34/100
|-unboost|p1a: Gholdengo|spa|1
|move|p2a: Mandibuzz|Roost|p2a: Mandibuzz
|-heal|p2a: Mandibuzz|84/100
|-singleturn|p2a: Mandibuzz|move: Roost
|
|-damage|p1a: Gholdengo|1/100 psn|[from] psn
|upkeep
|turn|23
|
|t:|1779923185
|switch|p1a: Alomomola|Alomomola, F|64/100
|move|p2a: Mandibuzz|Roost|p2a: Mandibuzz
|-heal|p2a: Mandibuzz|100/100
|-singleturn|p2a: Mandibuzz|move: Roost
|
|upkeep
|turn|24
|
|t:|1779923190
|move|p2a: Mandibuzz|U-turn|p1a: Alomomola
|-damage|p1a: Alomomola|59/100
|
|t:|1779923194
|switch|p2a: Whimsicott|Whimsicott, F|100/100|[from] U-turn
|move|p1a: Alomomola|Wish|p1a: Alomomola
|
|-sideend|p1: i ♡ pecharunt|move: Light Screen
|upkeep
|turn|25
|
|t:|1779923200
|switch|p1a: Dragonite|Dragonite, M|20/100
|-damage|p1a: Dragonite|0 fnt|[from] Stealth Rock
|faint|p1a: Dragonite
|move|p2a: Whimsicott|Moonblast|p1: Dragonite|[notarget]
|-fail|p2a: Whimsicott
|
|upkeep
|
|t:|1779923210
|switch|p1a: Gholdengo|Gholdengo, tera:Fairy|1/100 psn
|-damage|p1a: Gholdengo|0 fnt|[from] Stealth Rock
|faint|p1a: Gholdengo
|
|t:|1779923212
|switch|p1a: Darkrai|Darkrai|100/100
|-damage|p1a: Darkrai|88/100|[from] Stealth Rock
|turn|26
|
|t:|1779923217
|switch|p1a: Alomomola|Alomomola, F|92/100
|move|p2a: Whimsicott|U-turn|p1a: Alomomola
|-damage|p1a: Alomomola|86/100
|
|t:|1779923222
|switch|p2a: Oricorio|Oricorio, F|100/100|[from] U-turn
|
|upkeep
|turn|27
|
|t:|1779923226
|move|p2a: Oricorio|Quiver Dance|p2a: Oricorio
|-boost|p2a: Oricorio|spa|1
|-boost|p2a: Oricorio|spd|1
|-boost|p2a: Oricorio|spe|1
|move|p1a: Alomomola|Scald|p2a: Oricorio
|-supereffective|p2a: Oricorio
|-damage|p2a: Oricorio|72/100
|
|upkeep
|turn|28
|
|t:|1779923232
|move|p2a: Oricorio|Quiver Dance|p2a: Oricorio
|-boost|p2a: Oricorio|spa|1
|-boost|p2a: Oricorio|spd|1
|-boost|p2a: Oricorio|spe|1
|move|p1a: Alomomola|Flip Turn|p2a: Oricorio
|-supereffective|p2a: Oricorio
|-damage|p2a: Oricorio|21/100
|
|t:|1779923237
|switch|p1a: Zamazenta|Zamazenta|94/100|[from] Flip Turn
|-damage|p1a: Zamazenta|88/100|[from] Stealth Rock
|
|upkeep
|turn|29
|
|t:|1779923240
|move|p2a: Oricorio|Air Slash|p1a: Zamazenta
|-supereffective|p1a: Zamazenta
|-damage|p1a: Zamazenta|0 fnt
|faint|p1a: Zamazenta
|
|upkeep
|
|t:|1779923246
|switch|p1a: Alomomola|Alomomola, F|100/100
|turn|30
|
|t:|1779923251
|move|p2a: Oricorio|Roost|p2a: Oricorio
|-heal|p2a: Oricorio|71/100
|-singleturn|p2a: Oricorio|move: Roost
|move|p1a: Alomomola|Scald|p2a: Oricorio
|-supereffective|p2a: Oricorio
|-damage|p2a: Oricorio|48/100
|
|upkeep
|turn|31
|
|t:|1779923254
|move|p2a: Oricorio|Roost|p2a: Oricorio
|-heal|p2a: Oricorio|98/100
|-singleturn|p2a: Oricorio|move: Roost
|move|p1a: Alomomola|Scald|p2a: Oricorio
|-supereffective|p2a: Oricorio
|-damage|p2a: Oricorio|78/100
|
|upkeep
|turn|32
|
|t:|1779923258
|move|p2a: Oricorio|Quiver Dance|p2a: Oricorio
|-boost|p2a: Oricorio|spa|1
|-boost|p2a: Oricorio|spd|1
|-boost|p2a: Oricorio|spe|1
|move|p1a: Alomomola|Scald|p2a: Oricorio
|-supereffective|p2a: Oricorio
|-damage|p2a: Oricorio|61/100
|
|upkeep
|turn|33
|
|t:|1779923261
|move|p2a: Oricorio|Quiver Dance|p2a: Oricorio
|-boost|p2a: Oricorio|spa|1
|-boost|p2a: Oricorio|spd|1
|-boost|p2a: Oricorio|spe|1
|move|p1a: Alomomola|Scald|p2a: Oricorio
|-supereffective|p2a: Oricorio
|-damage|p2a: Oricorio|48/100
|
|upkeep
|turn|34
|
|t:|1779923263
|move|p2a: Oricorio|Roost|p2a: Oricorio
|-heal|p2a: Oricorio|98/100
|-singleturn|p2a: Oricorio|move: Roost
|move|p1a: Alomomola|Scald|p2a: Oricorio
|-supereffective|p2a: Oricorio
|-damage|p2a: Oricorio|84/100
|
|upkeep
|turn|35
|
|t:|1779923267
|move|p2a: Oricorio|Air Slash|p1a: Alomomola|[miss]
|-miss|p2a: Oricorio|p1a: Alomomola
|move|p1a: Alomomola|Flip Turn|p2a: Oricorio
|-supereffective|p2a: Oricorio
|-damage|p2a: Oricorio|28/100
|
|t:|1779923270
|switch|p1a: Darkrai|Darkrai|88/100|[from] Flip Turn
|-damage|p1a: Darkrai|76/100|[from] Stealth Rock
|
|-heal|p1a: Darkrai|82/100|[from] item: Leftovers
|upkeep
|turn|36
|
|t:|1779923276
|-terastallize|p2a: Oricorio|Ice
|move|p2a: Oricorio|Revelation Dance|p1a: Darkrai
|-damage|p1a: Darkrai|0 fnt
|faint|p1a: Darkrai
|
|upkeep
|
|t:|1779923280
|switch|p1a: Alomomola|Alomomola, F|100/100
|turn|37
|
|t:|1779923283
|move|p2a: Oricorio|Revelation Dance|p1a: Alomomola
|-resisted|p1a: Alomomola
|-damage|p1a: Alomomola|21/100
|move|p1a: Alomomola|Scald|p2a: Oricorio
|-damage|p2a: Oricorio|22/100
|-status|p2a: Oricorio|brn
|
|-damage|p2a: Oricorio|16/100 brn|[from] brn
|upkeep
|turn|38
|
|t:|1779923288
|move|p1a: Alomomola|Protect|p1a: Alomomola
|-singleturn|p1a: Alomomola|Protect
|move|p2a: Oricorio|Revelation Dance|p1a: Alomomola
|-activate|p1a: Alomomola|move: Protect
|
|-damage|p2a: Oricorio|10/100 brn|[from] brn
|upkeep
|turn|39
|
|t:|1779923291
|move|p2a: Oricorio|Revelation Dance|p1a: Alomomola
|-resisted|p1a: Alomomola
|-damage|p1a: Alomomola|0 fnt
|faint|p1a: Alomomola
|
|win|leoisreallysmart
|raw|i ♡ pecharunt's rating: 1162 &rarr; <strong>1135</strong><br />(-27 for losing)
|raw|leoisreallysmart's rating: 1129 &rarr; <strong>1156</strong><br />(+27 for winning)
|l|☆i ♡ pecharunt
|player|p1|
|l|☆leoisreallysmart
|player|p2|
