|j|☆Noamm
|j|☆p$ychopath
|t:|1779809366
|gametype|singles
|player|p1|Noamm|gambler|1692
|player|p2|p$ychopath|psychic-lgpe|1688
|gen|9
|tier|[Gen 9] OU
|rated|
|rule|HP Percentage Mod: HP is shown in percentages
|rule|Endless Battle Clause: Forcing endless battles is banned
|rule|Species Clause: Limit one of each Pokémon
|rule|OHKO Clause: OHKO moves are banned
|rule|Evasion Items Clause: Evasion items are banned
|rule|Evasion Moves Clause: Evasion moves are banned
|rule|Evasion Abilities Clause: Evasion abilities are banned
|rule|Sleep Moves Clause: Sleep-inducing moves are banned
|clearpoke
|poke|p1|Lokix, M|
|poke|p1|Iron Valiant|
|poke|p1|Alomomola, F|
|poke|p1|Mandibuzz, F|
|poke|p1|Great Tusk|
|poke|p1|Gholdengo|
|poke|p2|Zamazenta-*|
|poke|p2|Raging Bolt|
|poke|p2|Iron Jugulis|
|poke|p2|Iron Valiant|
|poke|p2|Iron Moth|
|poke|p2|Great Tusk|
|teampreview
|inactive|Battle timer is ON: inactive players will automatically lose when time's up. (requested by p$ychopath)
|inactive|Noamm also wants the timer to be on.
|j| ZeeRequiem
|inactive|p$ychopath has 120 seconds left.
|
|t:|1779809415
|teamsize|p1|6
|teamsize|p2|6
|start
|switch|p1a: G3-X|Iron Valiant, shiny|100/100
|switch|p2a: Iron Jugulis|Iron Jugulis|100/100
|-enditem|p2a: Iron Jugulis|Booster Energy
|-activate|p2a: Iron Jugulis|ability: Quark Drive|[fromitem]
|-start|p2a: Iron Jugulis|quarkdrivespe
|turn|1
|
|t:|1779809420
|-end|p1a: G3-X|Quark Drive|[silent]
|switch|p1a: Tetsuya Sawaki|Alomomola, F|100/100
|move|p2a: Iron Jugulis|Hurricane|p1a: Tetsuya Sawaki|[miss]
|-miss|p2a: Iron Jugulis|p1a: Tetsuya Sawaki
|
|upkeep
|turn|2
|
|t:|1779809424
|move|p2a: Iron Jugulis|Hurricane|p1a: Tetsuya Sawaki
|-damage|p1a: Tetsuya Sawaki|69/100
|-start|p1a: Tetsuya Sawaki|confusion
|-activate|p1a: Tetsuya Sawaki|confusion
|move|p1a: Tetsuya Sawaki|Flip Turn|p2a: Iron Jugulis
|-damage|p2a: Iron Jugulis|81/100
|
|t:|1779809428
|switch|p1a: Shining Agito|Lokix, M, shiny|100/100|[from] Flip Turn
|
|upkeep
|turn|3
|
|t:|1779809431
|-terastallize|p1a: Shining Agito|Bug
|move|p1a: Shining Agito|First Impression|p2a: Iron Jugulis
|-damage|p2a: Iron Jugulis|0 fnt
|faint|p2a: Iron Jugulis
|-end|p2a: Iron Jugulis|Quark Drive|[silent]
|
|upkeep
|
|t:|1779809437
|switch|p2a: Zamazenta|Zamazenta|100/100
|-ability|p2a: Zamazenta|Dauntless Shield|boost
|-boost|p2a: Zamazenta|def|1
|turn|4
|
|t:|1779809440
|switch|p1a: MACHINE TORNADER|Gholdengo|100/100
|move|p2a: Zamazenta|Howl|p2a: Zamazenta
|-boost|p2a: Zamazenta|atk|1
|
|upkeep
|turn|5
|j| KangkongNation
|
|t:|1779809446
|move|p1a: MACHINE TORNADER|Make It Rain|p2a: Zamazenta
|-damage|p2a: Zamazenta|46/100
|-unboost|p1a: MACHINE TORNADER|spa|1
|move|p2a: Zamazenta|Crunch|p1a: MACHINE TORNADER
|-supereffective|p1a: MACHINE TORNADER
|-damage|p1a: MACHINE TORNADER|15/100
|-unboost|p1a: MACHINE TORNADER|def|1
|
|upkeep
|turn|6
|
|t:|1779809453
|move|p1a: MACHINE TORNADER|Make It Rain|p2a: Zamazenta
|-damage|p2a: Zamazenta|6/100
|-unboost|p1a: MACHINE TORNADER|spa|1
|move|p2a: Zamazenta|Crunch|p1a: MACHINE TORNADER
|-supereffective|p1a: MACHINE TORNADER
|-damage|p1a: MACHINE TORNADER|0 fnt
|faint|p1a: MACHINE TORNADER
|
|upkeep
|
|t:|1779809458
|switch|p1a: Shining Agito|Lokix, M, shiny, tera:Bug|100/100
|turn|7
|
|t:|1779809460
|move|p1a: Shining Agito|First Impression|p2a: Zamazenta
|-resisted|p2a: Zamazenta
|-damage|p2a: Zamazenta|0 fnt
|faint|p2a: Zamazenta
|
|upkeep
|
|t:|1779809462
|switch|p2a: Iron Valiant|Iron Valiant|100/100
|-enditem|p2a: Iron Valiant|Booster Energy
|-activate|p2a: Iron Valiant|ability: Quark Drive|[fromitem]
|-start|p2a: Iron Valiant|quarkdrivespe
|turn|8
|
|t:|1779809464
|switch|p1a: Tetsuya Sawaki|Alomomola, F|100/100
|move|p2a: Iron Valiant|Swords Dance|p2a: Iron Valiant
|-boost|p2a: Iron Valiant|atk|2
|
|upkeep
|turn|9
|j| Dante1310
|
|t:|1779809470
|move|p2a: Iron Valiant|Close Combat|p1a: Tetsuya Sawaki
|-damage|p1a: Tetsuya Sawaki|22/100
|-unboost|p2a: Iron Valiant|def|1
|-unboost|p2a: Iron Valiant|spd|1
|move|p1a: Tetsuya Sawaki|Play Rough|p2a: Iron Valiant
|-supereffective|p2a: Iron Valiant
|-damage|p2a: Iron Valiant|40/100
|
|upkeep
|turn|10
|
|t:|1779809476
|switch|p1a: Overlord|Mandibuzz, F|100/100
|move|p2a: Iron Valiant|Knock Off|p1a: Overlord
|-resisted|p1a: Overlord
|-damage|p1a: Overlord|81/100
|-enditem|p1a: Overlord|Heavy-Duty Boots|[from] move: Knock Off|[of] p2a: Iron Valiant
|
|upkeep
|turn|11
|
|t:|1779809481
|move|p2a: Iron Valiant|Close Combat|p1a: Overlord
|-damage|p1a: Overlord|9/100
|-unboost|p2a: Iron Valiant|def|1
|-unboost|p2a: Iron Valiant|spd|1
|move|p1a: Overlord|U-turn|p2a: Iron Valiant
|-resisted|p2a: Iron Valiant
|-damage|p2a: Iron Valiant|33/100
|
|t:|1779809484
|switch|p1a: Shining Agito|Lokix, M, shiny, tera:Bug|100/100|[from] U-turn
|
|upkeep
|turn|12
|
|t:|1779809486
|move|p1a: Shining Agito|First Impression|p2a: Iron Valiant
|-resisted|p2a: Iron Valiant
|-damage|p2a: Iron Valiant|0 fnt
|faint|p2a: Iron Valiant
|-end|p2a: Iron Valiant|Quark Drive|[silent]
|
|upkeep
|l| ZeeRequiem
|
|t:|1779809493
|switch|p2a: Great Tusk|Great Tusk|100/100
|-enditem|p2a: Great Tusk|Booster Energy
|-activate|p2a: Great Tusk|ability: Protosynthesis|[fromitem]
|-start|p2a: Great Tusk|protosynthesisspe
|turn|13
|
|t:|1779809499
|switch|p1a: G3-X|Iron Valiant, shiny|100/100
|move|p2a: Great Tusk|Bulk Up|p2a: Great Tusk
|-boost|p2a: Great Tusk|atk|1
|-boost|p2a: Great Tusk|def|1
|
|upkeep
|turn|14
|
|t:|1779809502
|move|p2a: Great Tusk|Headlong Rush|p1a: G3-X
|-damage|p1a: G3-X|5/100
|-unboost|p2a: Great Tusk|def|1
|-unboost|p2a: Great Tusk|spd|1
|move|p1a: G3-X|Moonblast|p2a: Great Tusk
|-supereffective|p2a: Great Tusk
|-damage|p2a: Great Tusk|0 fnt
|faint|p2a: Great Tusk
|-end|p2a: Great Tusk|Protosynthesis|[silent]
|
|upkeep
|
|t:|1779809516
|switch|p2a: Iron Moth|Iron Moth|100/100
|-enditem|p2a: Iron Moth|Booster Energy
|-activate|p2a: Iron Moth|ability: Quark Drive|[fromitem]
|-start|p2a: Iron Moth|quarkdrivespe
|turn|15
|
|t:|1779809519
|-end|p1a: G3-X|Quark Drive|[silent]
|switch|p1a: Tetsuya Sawaki|Alomomola, F|55/100
|move|p2a: Iron Moth|Fiery Dance|p1a: Tetsuya Sawaki
|-resisted|p1a: Tetsuya Sawaki
|-damage|p1a: Tetsuya Sawaki|43/100
|-boost|p2a: Iron Moth|spa|1
|
|upkeep
|turn|16
|
|t:|1779809535
|switch|p1a: Overlord|Mandibuzz, F|9/100
|move|p2a: Iron Moth|Substitute|p2a: Iron Moth
|-start|p2a: Iron Moth|Substitute
|-damage|p2a: Iron Moth|76/100
|
|upkeep
|turn|17
|
|t:|1779809540
|move|p2a: Iron Moth|Fiery Dance|p1a: Overlord
|-crit|p1a: Overlord
|-damage|p1a: Overlord|0 fnt
|faint|p1a: Overlord
|
|upkeep
|
|t:|1779809542
|switch|p1a: Tetsuya Sawaki|Alomomola, F|77/100
|turn|18
|j| hattybatty304
|
|t:|1779809546
|-terastallize|p2a: Iron Moth|Fairy
|move|p2a: Iron Moth|Sludge Wave|p1a: Tetsuya Sawaki
|-crit|p1a: Tetsuya Sawaki
|-damage|p1a: Tetsuya Sawaki|14/100
|move|p1a: Tetsuya Sawaki|Scald|p2a: Iron Moth
|-crit|p2a: Iron Moth
|-activate|p2a: Iron Moth|move: Substitute|[damage]
|
|upkeep
|turn|19
|l| KangkongNation
|
|t:|1779809557
|switch|p1a: G3-X|Iron Valiant, shiny|5/100
|move|p2a: Iron Moth|Fiery Dance|p1a: G3-X
|-damage|p1a: G3-X|0 fnt
|faint|p1a: G3-X
|-end|p1a: G3-X|Quark Drive|[silent]
|
|upkeep
|
|t:|1779809559
|switch|p1a: Tetsuya Sawaki|Alomomola, F|47/100
|turn|20
|
|t:|1779809563
|move|p2a: Iron Moth|Sludge Wave|p1a: Tetsuya Sawaki
|-damage|p1a: Tetsuya Sawaki|7/100
|-status|p1a: Tetsuya Sawaki|psn
|move|p1a: Tetsuya Sawaki|Flip Turn|p2a: Iron Moth
|-crit|p2a: Iron Moth
|-end|p2a: Iron Moth|Substitute
|
|t:|1779809564
|switch|p1a: Shining Agito|Lokix, M, shiny, tera:Bug|100/100|[from] Flip Turn
|
|upkeep
|turn|21
|
|t:|1779809569
|-end|p2a: Iron Moth|Quark Drive|[silent]
|switch|p2a: Raging Bolt|Raging Bolt|100/100
|-enditem|p2a: Raging Bolt|Booster Energy
|-activate|p2a: Raging Bolt|ability: Protosynthesis|[fromitem]
|-start|p2a: Raging Bolt|protosynthesisspa
|move|p1a: Shining Agito|First Impression|p2a: Raging Bolt
|-damage|p2a: Raging Bolt|17/100
|
|upkeep
|turn|22
|
|t:|1779809576
|switch|p1a: Gills Exceed|Great Tusk|100/100
|move|p2a: Raging Bolt|Dragon Pulse|p1a: Gills Exceed
|-damage|p1a: Gills Exceed|7/100
|
|upkeep
|turn|23
|
|t:|1779809580
|move|p1a: Gills Exceed|Rapid Spin|p2a: Raging Bolt
|-damage|p2a: Raging Bolt|0 fnt
|-boost|p1a: Gills Exceed|spe|1
|faint|p2a: Raging Bolt
|-end|p2a: Raging Bolt|Protosynthesis|[silent]
|
|upkeep
|
|t:|1779809581
|switch|p2a: Iron Moth|Iron Moth, tera:Fairy|76/100
|turn|24
|
|t:|1779809585
|move|p1a: Gills Exceed|Headlong Rush|p2a: Iron Moth
|-crit|p2a: Iron Moth
|-damage|p2a: Iron Moth|0 fnt
|-unboost|p1a: Gills Exceed|def|1
|-unboost|p1a: Gills Exceed|spd|1
|faint|p2a: Iron Moth
|-end|p2a: Iron Moth|Quark Drive|[silent]
|
|win|Noamm
|raw|Noamm's rating: 1692 &rarr; <strong>1712</strong><br />(+20 for winning)
|raw|p$ychopath's rating: 1688 &rarr; <strong>1668</strong><br />(-20 for losing)
|c|☆Noamm|Gg
|l|☆p$ychopath
|player|p2|
|l|☆Noamm
|player|p1|
|l| Dante1310
