|j|☆waha8
|j|☆Andher
|t:|1779879934
|gametype|singles
|player|p1|waha8|169|1482
|player|p2|Andher|shadowtriad|1485
|gen|9
|tier|[Gen 9] OU
|rated|
|rule|HP Percentage Mod: HP is shown in percentages
|rule|Endless Battle Clause: Forcing endless battles is banned
|rule|Species Clause: Limit one of each Pokémon
|rule|OHKO Clause: OHKO moves are banned
|rule|Evasion Items Clause: Evasion items are banned
|rule|Evasion Moves Clause: Evasion moves are banned
|rule|Evasion Abilities Clause: Evasion abilities are banned
|rule|Sleep Moves Clause: Sleep-inducing moves are banned
|clearpoke
|poke|p1|Kyurem|
|poke|p1|Slowking-Galar, F|
|poke|p1|Indeedee, M|
|poke|p1|Hoopa-Unbound|
|poke|p1|Avalugg-Hisui, M|
|poke|p1|Ribombee, M|
|poke|p2|Samurott-Hisui, F|
|poke|p2|Corviknight, M|
|poke|p2|Kingambit, M|
|poke|p2|Skeledirge, M|
|poke|p2|Gengar, F|
|poke|p2|Dragapult, M|
|teampreview
|
|t:|1779879947
|teamsize|p1|6
|teamsize|p2|6
|start
|switch|p1a: Ribombee|Ribombee, M|100/100
|switch|p2a: Ronin|Samurott-Hisui, F|100/100
|turn|1
|
|t:|1779879953
|move|p1a: Ribombee|Moonblast|p2a: Ronin
|-supereffective|p2a: Ronin
|-damage|p2a: Ronin|0 fnt
|faint|p2a: Ronin
|
|upkeep
|
|t:|1779879958
|switch|p2a: Malson|Gengar, F, shiny|100/100
|turn|2
|
|t:|1779879965
|switch|p1a: Hoopa|Hoopa-Unbound|100/100
|move|p2a: Malson|Will-O-Wisp|p1a: Hoopa
|-status|p1a: Hoopa|brn
|
|-damage|p1a: Hoopa|94/100 brn|[from] brn
|upkeep
|turn|3
|
|t:|1779879973
|switch|p2a: Corax|Corviknight, M|100/100
|-ability|p2a: Corax|Pressure
|move|p1a: Hoopa|Trick Room|p1a: Hoopa
|-fieldstart|move: Trick Room|[of] p1a: Hoopa
|
|-damage|p1a: Hoopa|88/100 brn|[from] brn
|upkeep
|turn|4
|
|t:|1779879980
|switch|p1a: Indeedee|Indeedee, M|100/100
|-fieldstart|move: Psychic Terrain|[from] ability: Psychic Surge|[of] p1a: Indeedee
|move|p2a: Corax|Body Press|p1a: Indeedee
|-damage|p1a: Indeedee|54/100
|
|upkeep
|turn|5
|
|t:|1779879988
|switch|p1a: Slowking|Slowking-Galar, F|100/100
|move|p2a: Corax|Brave Bird|p1a: Slowking
|-damage|p1a: Slowking|66/100
|-damage|p2a: Corax|89/100|[from] Recoil
|
|upkeep
|turn|6
|
|t:|1779879998
|switch|p2a: Shogun|Kingambit, M|100/100
|-activate|p2a: Shogun|ability: Supreme Overlord
|-start|p2a: Shogun|fallen1|[silent]
|move|p1a: Slowking|Expanding Force|p2a: Shogun
|-immune|p2a: Shogun
|
|upkeep
|turn|7
|
|t:|1779880013
|switch|p1a: Ribombee|Ribombee, M|100/100
|move|p2a: Shogun|Iron Head|p1a: Ribombee
|-supereffective|p1a: Ribombee
|-damage|p1a: Ribombee|0 fnt
|faint|p1a: Ribombee
|
|-fieldend|move: Trick Room
|upkeep
|
|t:|1779880023
|switch|p1a: Hoopa|Hoopa-Unbound|88/100 brn
|turn|8
|
|t:|1779880028
|-end|p2a: Shogun|fallen1|[silent]
|switch|p2a: Corax|Corviknight, M|89/100
|-ability|p2a: Corax|Pressure
|move|p1a: Hoopa|Expanding Force|p2a: Corax
|-resisted|p2a: Corax
|-damage|p2a: Corax|49/100
|-damage|p1a: Hoopa|78/100 brn|[from] item: Life Orb
|
|-damage|p1a: Hoopa|72/100 brn|[from] brn
|upkeep
|turn|9
|-message|waha8 forfeited.
|
|win|Andher
|raw|waha8's rating: 1482 &rarr; <strong>1462</strong><br />(-20 for losing)
|raw|Andher's rating: 1485 &rarr; <strong>1505</strong><br />(+20 for winning)
|l|☆waha8
|player|p1|
|l|☆Andher
|player|p2|
