|j|‽Abigcamel
|j|☆lockheed shartin
|t:|1779919057
|gametype|singles
|player|p1|Abigcamel|morty|1502
|player|p2|lockheed shartin|preschooler|1539
|gen|9
|tier|[Gen 9] OU
|rated|
|rule|HP Percentage Mod: HP is shown in percentages
|rule|Endless Battle Clause: Forcing endless battles is banned
|rule|Species Clause: Limit one of each Pokémon
|rule|OHKO Clause: OHKO moves are banned
|rule|Evasion Items Clause: Evasion items are banned
|rule|Evasion Moves Clause: Evasion moves are banned
|rule|Evasion Abilities Clause: Evasion abilities are banned
|rule|Sleep Moves Clause: Sleep-inducing moves are banned
|clearpoke
|poke|p1|Pelipper, L99, F|
|poke|p1|Barraskewda, F|
|poke|p1|Raging Bolt|
|poke|p1|Golduck, F|
|poke|p1|Pawmot, F|
|poke|p1|Tentacruel, F|
|poke|p2|Zamazenta-*|
|poke|p2|Dragonite, F|
|poke|p2|Iron Treads|
|poke|p2|Samurott-Hisui, M|
|poke|p2|Pecharunt|
|poke|p2|Rillaboom, M|
|teampreview
|inactive|Battle timer is ON: inactive players will automatically lose when time's up. (requested by lockheed shartin)
|inactive|Abigcamel also wants the timer to be on.
|
|t:|1779919068
|teamsize|p1|6
|teamsize|p2|6
|start
|switch|p1a: Barraskewda|Barraskewda, F|100/100
|switch|p2a: LiquidSwords|Samurott-Hisui, M|100/100
|turn|1
|
|t:|1779919077
|move|p1a: Barraskewda|Close Combat|p2a: LiquidSwords
|-supereffective|p2a: LiquidSwords
|-damage|p2a: LiquidSwords|0 fnt
|-unboost|p1a: Barraskewda|def|1
|-unboost|p1a: Barraskewda|spd|1
|faint|p2a: LiquidSwords
|
|upkeep
|
|t:|1779919082
|switch|p2a: SleeplessNites|Dragonite, F|100/100
|turn|2
|
|t:|1779919092
|switch|p1a: Pawmot|Pawmot, F|100/100
|move|p2a: SleeplessNites|Extreme Speed|p1a: Pawmot
|-damage|p1a: Pawmot|60/100
|
|upkeep
|turn|3
|
|t:|1779919097
|move|p1a: Pawmot|Nuzzle|p2a: SleeplessNites
|-damage|p2a: SleeplessNites|97/100
|-status|p2a: SleeplessNites|par
|move|p2a: SleeplessNites|Dragon Tail|p1a: Pawmot
|-damage|p1a: Pawmot|11/100
|drag|p1a: Barraskewda|Barraskewda, F|100/100
|
|upkeep
|turn|4
|
|t:|1779919109
|switch|p1a: Pelipper|Pelipper, L99, F|100/100
|-weather|RainDance|[from] ability: Drizzle|[of] p1a: Pelipper
|move|p2a: SleeplessNites|Dragon Tail|p1a: Pelipper
|-damage|p1a: Pelipper|73/100
|drag|p1a: Golduck|Golduck, F|100/100
|
|-weather|RainDance|[upkeep]
|upkeep
|turn|5
|
|t:|1779919132
|switch|p2a: C.T.E.Spins|Iron Treads|100/100
|move|p1a: Golduck|Ice Beam|p2a: C.T.E.Spins
|-damage|p2a: C.T.E.Spins|66/100
|-status|p2a: C.T.E.Spins|frz
|-damage|p1a: Golduck|91/100|[from] item: Life Orb
|
|-weather|RainDance|[upkeep]
|-heal|p2a: C.T.E.Spins|72/100 frz|[from] item: Leftovers
|upkeep
|turn|6
|
|t:|1779919135
|move|p1a: Golduck|Nasty Plot|p1a: Golduck
|-boost|p1a: Golduck|spa|2
|cant|p2a: C.T.E.Spins|frz
|
|-weather|RainDance|[upkeep]
|-heal|p2a: C.T.E.Spins|78/100 frz|[from] item: Leftovers
|upkeep
|turn|7
|
|t:|1779919138
|move|p1a: Golduck|Hydro Pump|p2a: C.T.E.Spins
|-supereffective|p2a: C.T.E.Spins
|-damage|p2a: C.T.E.Spins|0 fnt
|faint|p2a: C.T.E.Spins
|-end|p2a: C.T.E.Spins|Quark Drive|[silent]
|-damage|p1a: Golduck|81/100|[from] item: Life Orb
|
|-weather|RainDance|[upkeep]
|upkeep
|
|t:|1779919153
|switch|p2a: SleeplessNites|Dragonite, F|97/100 par
|turn|8
|
|t:|1779919169
|-terastallize|p1a: Golduck|Ghost
|move|p2a: SleeplessNites|Extreme Speed|p1a: Golduck
|-immune|p1a: Golduck
|move|p1a: Golduck|Ice Beam|p2a: SleeplessNites
|-supereffective|p2a: SleeplessNites
|-damage|p2a: SleeplessNites|0 fnt
|faint|p2a: SleeplessNites
|-damage|p1a: Golduck|71/100|[from] item: Life Orb
|
|-weather|RainDance|[upkeep]
|upkeep
|
|t:|1779919186
|switch|p2a: Pfizer Inc|Pecharunt|100/100
|turn|9
|
|t:|1779919190
|move|p1a: Golduck|Hydro Pump|p2a: Pfizer Inc
|-damage|p2a: Pfizer Inc|0 fnt
|faint|p2a: Pfizer Inc
|-damage|p1a: Golduck|61/100|[from] item: Life Orb
|
|-weather|RainDance|[upkeep]
|upkeep
|
|t:|1779919192
|switch|p2a: Mr. TalkAboutIt|Zamazenta, shiny|100/100
|-ability|p2a: Mr. TalkAboutIt|Dauntless Shield|boost
|-boost|p2a: Mr. TalkAboutIt|def|1
|turn|10
|
|t:|1779919203
|move|p1a: Golduck|Hydro Pump|p2a: Mr. TalkAboutIt|[miss]
|-miss|p1a: Golduck|p2a: Mr. TalkAboutIt
|move|p2a: Mr. TalkAboutIt|Roar|p1a: Golduck
|-enditem|p2a: Mr. TalkAboutIt|Throat Spray
|-boost|p2a: Mr. TalkAboutIt|spa|1|[from] item: Throat Spray
|drag|p1a: Tentacruel|Tentacruel, F|100/100
|
|-weather|RainDance|[upkeep]
|upkeep
|turn|11
|
|t:|1779919217
|move|p2a: Mr. TalkAboutIt|Body Press|p1a: Tentacruel
|-resisted|p1a: Tentacruel
|-damage|p1a: Tentacruel|72/100
|move|p1a: Tentacruel|Mirror Coat||[still]
|-fail|p1a: Tentacruel
|
|-weather|none
|upkeep
|turn|12
|
|t:|1779919221
|move|p2a: Mr. TalkAboutIt|Body Press|p1a: Tentacruel
|-resisted|p1a: Tentacruel
|-damage|p1a: Tentacruel|40/100
|move|p1a: Tentacruel|Flip Turn|p2a: Mr. TalkAboutIt
|-damage|p2a: Mr. TalkAboutIt|91/100
|
|t:|1779919225
|switch|p1a: Pelipper|Pelipper, L99, F|73/100|[from] Flip Turn
|-weather|RainDance|[from] ability: Drizzle|[of] p1a: Pelipper
|
|-weather|RainDance|[upkeep]
|upkeep
|turn|13
|
|t:|1779919240
|-terastallize|p2a: Mr. TalkAboutIt|Fairy
|move|p2a: Mr. TalkAboutIt|Moonblast|p1a: Pelipper
|-damage|p1a: Pelipper|2/100
|move|p1a: Pelipper|Hurricane|p2a: Mr. TalkAboutIt
|-damage|p2a: Mr. TalkAboutIt|61/100
|-start|p2a: Mr. TalkAboutIt|confusion
|
|-weather|RainDance|[upkeep]
|upkeep
|turn|14
|
|t:|1779919251
|-activate|p2a: Mr. TalkAboutIt|confusion
|move|p2a: Mr. TalkAboutIt|Moonblast|p1a: Pelipper
|-damage|p1a: Pelipper|0 fnt
|faint|p1a: Pelipper
|
|-weather|RainDance|[upkeep]
|upkeep
|
|t:|1779919258
|switch|p1a: Raging Bolt|Raging Bolt|100/100
|turn|15
|
|t:|1779919268
|move|p1a: Raging Bolt|Thunderclap|p2a: Mr. TalkAboutIt
|-damage|p2a: Mr. TalkAboutIt|21/100
|-activate|p2a: Mr. TalkAboutIt|confusion
|move|p2a: Mr. TalkAboutIt|Moonblast|p1a: Raging Bolt
|-supereffective|p1a: Raging Bolt
|-damage|p1a: Raging Bolt|0 fnt
|faint|p1a: Raging Bolt
|-end|p1a: Raging Bolt|Protosynthesis|[silent]
|
|-weather|RainDance|[upkeep]
|upkeep
|
|t:|1779919272
|switch|p1a: Barraskewda|Barraskewda, F|100/100
|turn|16
|
|t:|1779919289
|move|p1a: Barraskewda|Liquidation|p2a: Mr. TalkAboutIt
|-damage|p2a: Mr. TalkAboutIt|0 fnt
|faint|p2a: Mr. TalkAboutIt
|
|-weather|RainDance|[upkeep]
|upkeep
|
|t:|1779919291
|switch|p2a: John Boomham|Rillaboom, M|100/100
|-fieldstart|move: Grassy Terrain|[from] ability: Grassy Surge|[of] p2a: John Boomham
|turn|17
|
|t:|1779919301
|move|p2a: John Boomham|Grassy Glide|p1a: Barraskewda
|-supereffective|p1a: Barraskewda
|-damage|p1a: Barraskewda|0 fnt
|faint|p1a: Barraskewda
|-damage|p2a: John Boomham|91/100|[from] item: Life Orb
|
|-weather|RainDance|[upkeep]
|-heal|p2a: John Boomham|97/100|[from] Grassy Terrain
|upkeep
|
|t:|1779919307
|switch|p1a: Golduck|Golduck, F, tera:Ghost|61/100
|turn|18
|
|t:|1779919324
|move|p2a: John Boomham|Grassy Glide|p1a: Golduck
|-damage|p1a: Golduck|0 fnt
|faint|p1a: Golduck
|-damage|p2a: John Boomham|87/100|[from] item: Life Orb
|
|-weather|RainDance|[upkeep]
|-heal|p2a: John Boomham|93/100|[from] Grassy Terrain
|upkeep
|
|t:|1779919329
|switch|p1a: Tentacruel|Tentacruel, F|40/100
|turn|19
|
|t:|1779919349
|move|p2a: John Boomham|Grassy Glide|p1a: Tentacruel
|-damage|p1a: Tentacruel|0 fnt
|faint|p1a: Tentacruel
|-damage|p2a: John Boomham|83/100|[from] item: Life Orb
|
|-weather|none
|-heal|p2a: John Boomham|89/100|[from] Grassy Terrain
|upkeep
|
|t:|1779919351
|switch|p1a: Pawmot|Pawmot, F|11/100
|turn|20
|
|t:|1779919353
|move|p2a: John Boomham|Grassy Glide|p1a: Pawmot
|-damage|p1a: Pawmot|0 fnt
|faint|p1a: Pawmot
|-damage|p2a: John Boomham|79/100|[from] item: Life Orb
|
|win|lockheed shartin
|raw|Abigcamel's rating: 1502 &rarr; <strong>1484</strong><br />(-18 for losing)
|raw|lockheed shartin's rating: 1539 &rarr; <strong>1557</strong><br />(+18 for winning)
|l|‽Abigcamel
|player|p1|
|l|☆lockheed shartin
|player|p2|
|j|☆lockheed shartin
|player|p2|lockheed shartin|preschooler|
