|j|☆Barronmaster
|j|☆tympole mybeloved
|t:|1779950403
|gametype|singles
|player|p1|Barronmaster|palmer|1493
|player|p2|tympole mybeloved|pokemonranger-gen4|1427
|gen|9
|tier|[Gen 9] OU
|rated|
|rule|HP Percentage Mod: HP is shown in percentages
|rule|Endless Battle Clause: Forcing endless battles is banned
|rule|Species Clause: Limit one of each Pokémon
|rule|OHKO Clause: OHKO moves are banned
|rule|Evasion Items Clause: Evasion items are banned
|rule|Evasion Moves Clause: Evasion moves are banned
|rule|Evasion Abilities Clause: Evasion abilities are banned
|rule|Sleep Moves Clause: Sleep-inducing moves are banned
|clearpoke
|poke|p1|Hoopa-Unbound|
|poke|p1|Ninetales-Alola, M|
|poke|p1|Slowking-Galar, M|
|poke|p1|Cloyster, F|
|poke|p1|Zoroark, M|
|poke|p1|Indeedee, M|
|poke|p2|Iron Treads|
|poke|p2|Dragonite, M|
|poke|p2|Arcanine-Hisui, M|
|poke|p2|Corviknight, M|
|poke|p2|Alomomola, F|
|poke|p2|Primarina, M|
|teampreview
|inactive|Battle timer is ON: inactive players will automatically lose when time's up. (requested by tympole mybeloved)
|
|t:|1779950411
|teamsize|p1|6
|teamsize|p2|6
|start
|switch|p1a: Hoopa|Hoopa-Unbound|100/100
|switch|p2a: Oh no! A scarfer|Arcanine-Hisui, M|100/100
|turn|1
|
|t:|1779950427
|switch|p2a: Corviking|Corviknight, M|100/100
|-ability|p2a: Corviking|Pressure
|move|p1a: Hoopa|Knock Off|p2a: Corviking
|-damage|p2a: Corviking|62/100
|-damage|p1a: Hoopa|84/100|[from] item: Rocky Helmet|[of] p2a: Corviking
|-enditem|p2a: Corviking|Rocky Helmet|[from] move: Knock Off|[of] p1a: Hoopa
|-damage|p1a: Hoopa|74/100|[from] item: Life Orb
|
|upkeep
|turn|2
|
|t:|1779950437
|move|p1a: Hoopa|Flamethrower|p2a: Corviking
|-supereffective|p2a: Corviking
|-damage|p2a: Corviking|6/100
|-damage|p1a: Hoopa|64/100|[from] item: Life Orb
|move|p2a: Corviking|U-turn|p1a: Hoopa
|-supereffective|p1a: Hoopa
|-damage|p1a: Hoopa|6/100
|replace|p1a: Zoroark|Zoroark, M
|-end|p1a: Zoroark|Illusion
|
|t:|1779950449
|switch|p2a: Oh no! A scarfer|Arcanine-Hisui, M|100/100|[from] U-turn
|
|upkeep
|turn|3
|
|t:|1779950457
|move|p1a: Zoroark|Sucker Punch|p2a: Oh no! A scarfer
|-damage|p2a: Oh no! A scarfer|46/100
|-damage|p1a: Zoroark|0 fnt|[from] item: Life Orb
|faint|p1a: Zoroark
|move|p2a: Oh no! A scarfer|Flare Blitz|p1: Zoroark|[notarget]
|-fail|p2a: Oh no! A scarfer
|
|upkeep
|
|t:|1779950469
|switch|p1a: Cloyster|Cloyster, F|100/100
|turn|4
|
|t:|1779950475
|switch|p2a: Corviking|Corviknight, M|6/100
|-ability|p2a: Corviking|Pressure
|move|p1a: Cloyster|Shell Smash|p1a: Cloyster
|-unboost|p1a: Cloyster|def|1
|-unboost|p1a: Cloyster|spd|1
|-boost|p1a: Cloyster|atk|2
|-boost|p1a: Cloyster|spa|2
|-boost|p1a: Cloyster|spe|2
|
|upkeep
|turn|5
|
|t:|1779950482
|move|p1a: Cloyster|Icicle Spear|p2a: Corviking
|-damage|p2a: Corviking|0 fnt
|faint|p2a: Corviking
|-hitcount|p2: Corviking|1
|
|upkeep
|
|t:|1779950512
|switch|p2a: Alololola|Alomomola, F|100/100
|turn|6
|
|t:|1779950521
|move|p1a: Cloyster|Shell Smash|p1a: Cloyster
|-unboost|p1a: Cloyster|def|1
|-unboost|p1a: Cloyster|spd|1
|-boost|p1a: Cloyster|atk|2
|-boost|p1a: Cloyster|spa|2
|-boost|p1a: Cloyster|spe|2
|move|p2a: Alololola|Flip Turn|p1a: Cloyster
|-resisted|p1a: Cloyster
|-damage|p1a: Cloyster|86/100
|inactive|tympole mybeloved has 120 seconds left.
|
|t:|1779950542
|switch|p2a: Dragon|Dragonite, M|100/100|[from] Flip Turn
|
|upkeep
|turn|7
|inactive|Barronmaster has 120 seconds left.
|inactive|Barronmaster has 90 seconds left.
|
|t:|1779950606
|move|p2a: Dragon|Extreme Speed|p1a: Cloyster
|-damage|p1a: Cloyster|43/100
|move|p1a: Cloyster|Icicle Spear|p2a: Dragon
|-supereffective|p2a: Dragon
|-damage|p2a: Dragon|34/100
|-supereffective|p2a: Dragon
|-damage|p2a: Dragon|0 fnt
|faint|p2a: Dragon
|-hitcount|p2: Dragon|2
|
|upkeep
|
|t:|1779950615
|switch|p2a: Oh no! A scarfer|Arcanine-Hisui, M|46/100
|turn|8
|
|t:|1779950621
|switch|p1a: Indeedee|Indeedee, M|100/100
|-fieldstart|move: Psychic Terrain|[from] ability: Psychic Surge|[of] p1a: Indeedee
|move|p2a: Oh no! A scarfer|Extreme Speed|p1a: Indeedee
|-activate|p1a: Indeedee|move: Psychic Terrain
|
|upkeep
|turn|9
|
|t:|1779950629
|switch|p2a: Iron Rocks|Iron Treads|100/100
|move|p1a: Indeedee|Expanding Force|p2a: Iron Rocks
|-resisted|p2a: Iron Rocks
|-damage|p2a: Iron Rocks|43/100
|-damage|p1a: Indeedee|91/100|[from] item: Life Orb
|
|-heal|p2a: Iron Rocks|49/100|[from] item: Leftovers
|upkeep
|turn|10
|
|t:|1779950638
|move|p2a: Iron Rocks|Knock Off|p1a: Indeedee
|-supereffective|p1a: Indeedee
|-damage|p1a: Indeedee|0 fnt
|-enditem|p1a: Indeedee|Life Orb|[from] move: Knock Off|[of] p2a: Iron Rocks
|faint|p1a: Indeedee
|
|-heal|p2a: Iron Rocks|56/100|[from] item: Leftovers
|upkeep
|
|t:|1779950642
|switch|p1a: Ninetales|Ninetales-Alola, M|100/100
|-weather|Snowscape|[from] ability: Snow Warning|[of] p1a: Ninetales
|turn|11
|inactive|Barronmaster has 120 seconds left.
|
|t:|1779950654
|move|p1a: Ninetales|Aurora Veil|p1a: Ninetales
|-sidestart|p1: Barronmaster|move: Aurora Veil
|move|p2a: Iron Rocks|Stealth Rock|p1a: Ninetales
|-sidestart|p1: Barronmaster|move: Stealth Rock
|
|-weather|Snowscape|[upkeep]
|-heal|p2a: Iron Rocks|62/100|[from] item: Leftovers
|upkeep
|turn|12
|inactive|Barronmaster has 120 seconds left.
|
|t:|1779950668
|switch|p1a: Cloyster|Cloyster, F|43/100
|move|p2a: Iron Rocks|Volt Switch|p1a: Cloyster
|-supereffective|p1a: Cloyster
|-damage|p1a: Cloyster|13/100
|
|t:|1779950674
|-end|p2a: Iron Rocks|Quark Drive|[silent]
|switch|p2a: Oh no! A scarfer|Arcanine-Hisui, M|46/100|[from] Volt Switch
|
|-weather|Snowscape|[upkeep]
|-fieldend|move: Psychic Terrain
|upkeep
|turn|13
|
|t:|1779950686
|move|p2a: Oh no! A scarfer|Flare Blitz|p1a: Cloyster
|-damage|p1a: Cloyster|0 fnt
|faint|p1a: Cloyster
|
|-weather|Snowscape|[upkeep]
|upkeep
|
|t:|1779950691
|switch|p1a: Slowking|Slowking-Galar, M|100/100
|-damage|p1a: Slowking|88/100|[from] Stealth Rock
|turn|14
|
|t:|1779950700
|switch|p2a: Iron Rocks|Iron Treads|62/100
|move|p1a: Slowking|Trick Room|p1a: Slowking
|-fieldstart|move: Trick Room|[of] p1a: Slowking
|
|-weather|Snowscape|[upkeep]
|-heal|p1a: Slowking|94/100|[from] item: Leftovers
|-heal|p2a: Iron Rocks|68/100|[from] item: Leftovers
|upkeep
|turn|15
|
|t:|1779950722
|-terastallize|p1a: Slowking|Flying
|move|p1a: Slowking|Nasty Plot|p1a: Slowking
|-boost|p1a: Slowking|spa|2
|move|p2a: Iron Rocks|Knock Off|p1a: Slowking
|-damage|p1a: Slowking|80/100
|-enditem|p1a: Slowking|Leftovers|[from] move: Knock Off|[of] p2a: Iron Rocks
|
|-weather|none
|-heal|p2a: Iron Rocks|74/100|[from] item: Leftovers
|upkeep
|turn|16
|
|t:|1779950741
|move|p1a: Slowking|Flamethrower|p2a: Iron Rocks
|-supereffective|p2a: Iron Rocks
|-damage|p2a: Iron Rocks|0 fnt
|faint|p2a: Iron Rocks
|-end|p2a: Iron Rocks|Quark Drive|[silent]
|
|upkeep
|
|t:|1779950747
|switch|p2a: Alololola|Alomomola, F|100/100
|turn|17
|
|t:|1779950751
|move|p1a: Slowking|Nasty Plot|p1a: Slowking
|-boost|p1a: Slowking|spa|2
|move|p2a: Alololola|Wish|p2a: Alololola
|
|upkeep
|turn|18
|
|t:|1779950766
|move|p1a: Slowking|Psychic Noise|p2a: Alololola
|-crit|p2a: Alololola
|-damage|p2a: Alololola|0 fnt
|faint|p2a: Alololola
|
|-sideend|p1: Barronmaster|move: Aurora Veil
|-fieldend|move: Trick Room
|upkeep
|
|t:|1779950771
|switch|p2a: Oh no! A scarfer|Arcanine-Hisui, M|46/100
|turn|19
|
|t:|1779950784
|move|p2a: Oh no! A scarfer|Head Smash|p1a: Slowking
|-supereffective|p1a: Slowking
|-damage|p1a: Slowking|0 fnt
|faint|p1a: Slowking
|
|upkeep
|
|t:|1779950786
|switch|p1a: Ninetales|Ninetales-Alola, M|100/100
|-damage|p1a: Ninetales|76/100|[from] Stealth Rock
|-weather|Snowscape|[from] ability: Snow Warning|[of] p1a: Ninetales
|turn|20
|
|t:|1779950794
|move|p2a: Oh no! A scarfer|Head Smash|p1a: Ninetales|[miss]
|-miss|p2a: Oh no! A scarfer|p1a: Ninetales
|move|p1a: Ninetales|Aurora Veil|p1a: Ninetales
|-sidestart|p1: Barronmaster|move: Aurora Veil
|
|-weather|Snowscape|[upkeep]
|upkeep
|turn|21
|
|t:|1779950800
|move|p2a: Oh no! A scarfer|Head Smash|p1a: Ninetales
|-supereffective|p1a: Ninetales
|-damage|p1a: Ninetales|0 fnt
|faint|p1a: Ninetales
|
|-weather|Snowscape|[upkeep]
|upkeep
|
|t:|1779950801
|switch|p1a: Hoopa|Hoopa-Unbound|100/100
|-damage|p1a: Hoopa|88/100|[from] Stealth Rock
|turn|22
|
|t:|1779950814
|move|p2a: Oh no! A scarfer|Head Smash|p1a: Hoopa
|-damage|p1a: Hoopa|25/100
|move|p1a: Hoopa|Drain Punch|p2a: Oh no! A scarfer
|-supereffective|p2a: Oh no! A scarfer
|-damage|p2a: Oh no! A scarfer|0 fnt
|-heal|p1a: Hoopa|48/100|[from] drain|[of] p2a: Oh no! A scarfer
|faint|p2a: Oh no! A scarfer
|
|-weather|Snowscape|[upkeep]
|upkeep
|
|t:|1779950817
|switch|p2a: Primal Rina|Primarina, M|100/100
|turn|23
|inactive|Barronmaster has 120 seconds left.
|
|t:|1779950858
|-terastallize|p2a: Primal Rina|Fairy
|move|p1a: Hoopa|Thunderbolt|p2a: Primal Rina
|-damage|p2a: Primal Rina|79/100
|move|p2a: Primal Rina|Moonblast|p1a: Hoopa
|-supereffective|p1a: Hoopa
|-crit|p1a: Hoopa
|-damage|p1a: Hoopa|0 fnt
|faint|p1a: Hoopa
|
|win|tympole mybeloved
|raw|Barronmaster's rating: 1493 &rarr; <strong>1469</strong><br />(-24 for losing)
|raw|tympole mybeloved's rating: 1427 &rarr; <strong>1451</strong><br />(+24 for winning)
|l|☆Barronmaster
|player|p1|
|l|☆tympole mybeloved
|player|p2|
