|j|☆jairaterle5050
|j|☆claudechamp
|t:|1779884710
|gametype|singles
|player|p1|jairaterle5050|roxanne|1341
|player|p2|claudechamp|169|1330
|gen|9
|tier|[Gen 9] OU
|rated|
|rule|HP Percentage Mod: HP is shown in percentages
|rule|Endless Battle Clause: Forcing endless battles is banned
|rule|Species Clause: Limit one of each Pokémon
|rule|OHKO Clause: OHKO moves are banned
|rule|Evasion Items Clause: Evasion items are banned
|rule|Evasion Moves Clause: Evasion moves are banned
|rule|Evasion Abilities Clause: Evasion abilities are banned
|rule|Sleep Moves Clause: Sleep-inducing moves are banned
|clearpoke
|poke|p1|Ogerpon, F|
|poke|p1|Weezing-Galar, M|
|poke|p1|Skarmory, M|
|poke|p1|Alomomola, F|
|poke|p1|Clodsire, F|
|poke|p1|Hydreigon, M|
|poke|p2|Corviknight, M|
|poke|p2|Ting-Lu|
|poke|p2|Kyurem|
|poke|p2|Dondozo, M|
|poke|p2|Slowking-Galar, F|
|poke|p2|Cinderace, F|
|teampreview
|c|☆claudechamp|hf
|c|☆jairaterle5050|hf
|inactive|Battle timer is ON: inactive players will automatically lose when time's up. (requested by claudechamp)
|
|t:|1779884735
|teamsize|p1|6
|teamsize|p2|6
|start
|switch|p1a: Ogerpon|Ogerpon, F|100/100
|switch|p2a: Cinderace|Cinderace, F|100/100
|turn|1
|
|t:|1779884748
|switch|p1a: Alomomola|Alomomola, F|100/100
|move|p2a: Cinderace|Pyro Ball|p1a: Alomomola
|-resisted|p1a: Alomomola
|-damage|p1a: Alomomola|83/100
|-status|p1a: Alomomola|brn
|
|-damage|p1a: Alomomola|77/100 brn|[from] brn
|upkeep
|turn|2
|
|t:|1779884761
|switch|p2a: Kyurem|Kyurem|100/100
|-ability|p2a: Kyurem|Pressure
|move|p1a: Alomomola|Body Slam|p2a: Kyurem
|-damage|p2a: Kyurem|94/100
|-status|p2a: Kyurem|par
|
|-heal|p2a: Kyurem|99/100 par|[from] item: Leftovers
|-damage|p1a: Alomomola|71/100 brn|[from] brn
|upkeep
|turn|3
|
|t:|1779884773
|cant|p2a: Kyurem|par
|move|p1a: Alomomola|Flip Turn|p2a: Kyurem
|-resisted|p2a: Kyurem
|-damage|p2a: Kyurem|97/100 par
|
|t:|1779884775
|switch|p1a: Hydreigon|Hydreigon, M|100/100|[from] Flip Turn
|
|-heal|p2a: Kyurem|100/100 par|[from] item: Leftovers
|upkeep
|turn|4
|
|t:|1779884779
|move|p1a: Hydreigon|Draco Meteor|p2a: Kyurem
|-supereffective|p2a: Kyurem
|-damage|p2a: Kyurem|0 fnt
|-unboost|p1a: Hydreigon|spa|2
|faint|p2a: Kyurem
|
|upkeep
|
|t:|1779884784
|switch|p2a: Slowking|Slowking-Galar, F|100/100
|turn|5
|
|t:|1779884796
|switch|p1a: Alomomola|Alomomola, F|100/100 brn
|move|p2a: Slowking|Ice Beam|p1a: Alomomola
|-resisted|p1a: Alomomola
|-damage|p1a: Alomomola|95/100 brn
|
|-damage|p1a: Alomomola|89/100 brn|[from] brn
|upkeep
|turn|6
|
|t:|1779884804
|move|p1a: Alomomola|Flip Turn|p2a: Slowking
|-damage|p2a: Slowking|95/100
|
|t:|1779884818
|switch|p1a: Skarmory|Skarmory, M|100/100|[from] Flip Turn
|move|p2a: Slowking|Future Sight|p1a: Skarmory
|-start|p2a: Slowking|move: Future Sight
|
|upkeep
|turn|7
|
|t:|1779884822
|move|p1a: Skarmory|Spikes|p2a: Slowking
|-sidestart|p2: claudechamp|Spikes
|move|p2a: Slowking|Ice Beam|p1a: Skarmory
|-damage|p1a: Skarmory|68/100
|
|upkeep
|turn|8
|
|t:|1779884827
|move|p1a: Skarmory|Taunt|p2a: Slowking
|-start|p2a: Slowking|move: Taunt
|move|p2a: Slowking|Ice Beam|p1a: Skarmory
|-damage|p1a: Skarmory|33/100
|
|-end|p1a: Skarmory|move: Future Sight
|-resisted|p1a: Skarmory
|-damage|p1a: Skarmory|0 fnt
|faint|p1a: Skarmory
|upkeep
|
|t:|1779884833
|switch|p1a: Hydreigon|Hydreigon, M|100/100
|turn|9
|
|t:|1779884841
|switch|p2a: Corviknight|Corviknight, M|100/100
|-ability|p2a: Corviknight|Pressure
|move|p1a: Hydreigon|Dark Pulse|p2a: Corviknight
|-damage|p2a: Corviknight|37/100
|
|upkeep
|turn|10
|
|t:|1779884847
|switch|p2a: Ting-Lu|Ting-Lu|100/100
|-damage|p2a: Ting-Lu|88/100|[from] Spikes
|-ability|p2a: Ting-Lu|Vessel of Ruin
|move|p1a: Hydreigon|Dark Pulse|p2a: Ting-Lu
|-resisted|p2a: Ting-Lu
|-damage|p2a: Ting-Lu|75/100
|
|-heal|p2a: Ting-Lu|81/100|[from] item: Leftovers
|upkeep
|turn|11
|
|t:|1779884862
|switch|p1a: Ogerpon|Ogerpon, F|100/100
|move|p2a: Ting-Lu|Payback|p1a: Ogerpon
|-damage|p1a: Ogerpon|76/100
|
|-heal|p2a: Ting-Lu|88/100|[from] item: Leftovers
|upkeep
|turn|12
|
|t:|1779884868
|-terastallize|p1a: Ogerpon|Grass
|detailschange|p1a: Ogerpon|Ogerpon-Teal-Tera, F, tera:Grass
|-ability|p1a: Ogerpon|Embody Aspect (Teal)|boost
|-boost|p1a: Ogerpon|spe|1
|move|p1a: Ogerpon|Ivy Cudgel|p2a: Ting-Lu
|-supereffective|p2a: Ting-Lu
|-damage|p2a: Ting-Lu|0 fnt
|faint|p2a: Ting-Lu
|
|upkeep
|
|t:|1779884873
|switch|p2a: Slowking|Slowking-Galar, F|100/100
|-damage|p2a: Slowking|88/100|[from] Spikes
|turn|13
|
|t:|1779884880
|switch|p1a: Alomomola|Alomomola, F|100/100 brn
|move|p2a: Slowking|Ice Beam|p1a: Alomomola
|-resisted|p1a: Alomomola
|-damage|p1a: Alomomola|94/100 brn
|
|-damage|p1a: Alomomola|88/100 brn|[from] brn
|upkeep
|turn|14
|
|t:|1779884896
|move|p1a: Alomomola|Flip Turn|p2a: Slowking
|-damage|p2a: Slowking|82/100
|
|t:|1779884901
|switch|p1a: Clodsire|Clodsire, F|100/100|[from] Flip Turn
|move|p2a: Slowking|Ice Beam|p1a: Clodsire
|-supereffective|p1a: Clodsire
|-damage|p1a: Clodsire|78/100
|
|upkeep
|turn|15
|
|t:|1779884907
|move|p1a: Clodsire|Earthquake|p2a: Slowking
|-supereffective|p2a: Slowking
|-enditem|p2a: Slowking|Shuca Berry|[eat]
|-enditem|p2a: Slowking|Shuca Berry|[weaken]
|-damage|p2a: Slowking|64/100
|move|p2a: Slowking|Ice Beam|p1a: Clodsire
|-supereffective|p1a: Clodsire
|-damage|p1a: Clodsire|53/100
|
|upkeep
|turn|16
|
|t:|1779884923
|move|p1a: Clodsire|Recover|p1a: Clodsire
|-heal|p1a: Clodsire|100/100
|-prepare|p2a: Slowking|Chilly Reception|[premajor]
|move|p2a: Slowking|Chilly Reception|p2a: Slowking
|-weather|Snowscape
|
|t:|1779884930
|switch|p2a: Cinderace|Cinderace, F|100/100|[from] Chilly Reception
|
|-weather|Snowscape|[upkeep]
|upkeep
|turn|17
|
|t:|1779884936
|move|p2a: Cinderace|U-turn|p1a: Clodsire
|-resisted|p1a: Clodsire
|-damage|p1a: Clodsire|91/100
|
|t:|1779884939
|switch|p2a: Dondozo|Dondozo, M|100/100|[from] U-turn
|-damage|p2a: Dondozo|88/100|[from] Spikes
|move|p1a: Clodsire|Toxic|p2a: Dondozo
|-status|p2a: Dondozo|tox
|
|-weather|Snowscape|[upkeep]
|-heal|p2a: Dondozo|94/100 tox|[from] item: Leftovers
|-damage|p2a: Dondozo|88/100 tox|[from] psn
|upkeep
|turn|18
|
|t:|1779884945
|switch|p1a: Hydreigon|Hydreigon, M|100/100
|move|p2a: Dondozo|Body Press|p1a: Hydreigon
|-supereffective|p1a: Hydreigon
|-damage|p1a: Hydreigon|49/100
|
|-weather|Snowscape|[upkeep]
|-heal|p2a: Dondozo|94/100 tox|[from] item: Leftovers
|-damage|p2a: Dondozo|82/100 tox|[from] psn
|upkeep
|turn|19
|
|t:|1779884949
|move|p1a: Hydreigon|Draco Meteor|p2a: Dondozo
|-damage|p2a: Dondozo|24/100 tox
|-unboost|p1a: Hydreigon|spa|2
|move|p2a: Dondozo|Body Press|p1a: Hydreigon
|-supereffective|p1a: Hydreigon
|-damage|p1a: Hydreigon|0 fnt
|faint|p1a: Hydreigon
|
|-weather|Snowscape|[upkeep]
|-heal|p2a: Dondozo|30/100 tox|[from] item: Leftovers
|-damage|p2a: Dondozo|11/100 tox|[from] psn
|upkeep
|
|t:|1779884955
|switch|p1a: Ogerpon|Ogerpon-Teal-Tera, F, tera:Grass|76/100
|-ability|p1a: Ogerpon|Embody Aspect (Teal)|boost
|-boost|p1a: Ogerpon|spe|1
|turn|20
|
|t:|1779884959
|move|p1a: Ogerpon|U-turn|p2a: Dondozo
|-damage|p2a: Dondozo|0 fnt
|faint|p2a: Dondozo
|
|t:|1779884985
|switch|p1a: Weezing|Weezing-Galar, M|100/100|[from] U-turn
|-ability|p1a: Weezing|Neutralizing Gas
|
|-weather|none
|upkeep
|
|t:|1779884991
|switch|p2a: Slowking|Slowking-Galar, F|97/100
|-damage|p2a: Slowking|85/100|[from] Spikes
|turn|21
|
|t:|1779885001
|-end|p1a: Weezing|ability: Neutralizing Gas
|switch|p1a: Alomomola|Alomomola, F|100/100 brn
|move|p2a: Slowking|Future Sight|p1a: Alomomola
|-start|p2a: Slowking|move: Future Sight
|
|-damage|p1a: Alomomola|94/100 brn|[from] brn
|upkeep
|turn|22
|
|t:|1779885009
|switch|p2a: Corviknight|Corviknight, M|37/100
|-ability|p2a: Corviknight|Pressure
|move|p1a: Alomomola|Flip Turn|p2a: Corviknight
|-damage|p2a: Corviknight|33/100
|-damage|p1a: Alomomola|78/100 brn|[from] item: Rocky Helmet|[of] p2a: Corviknight
|
|t:|1779885015
|switch|p1a: Ogerpon|Ogerpon-Teal-Tera, F, tera:Grass|76/100|[from] Flip Turn
|-ability|p1a: Ogerpon|Embody Aspect (Teal)|boost
|-boost|p1a: Ogerpon|spe|1
|
|upkeep
|turn|23
|
|t:|1779885025
|move|p1a: Ogerpon|Knock Off|p2a: Corviknight
|-damage|p2a: Corviknight|3/100
|-damage|p1a: Ogerpon|59/100|[from] item: Rocky Helmet|[of] p2a: Corviknight
|-enditem|p2a: Corviknight|Rocky Helmet|[from] move: Knock Off|[of] p1a: Ogerpon
|move|p2a: Corviknight|Roost|p2a: Corviknight
|-heal|p2a: Corviknight|53/100
|-singleturn|p2a: Corviknight|move: Roost
|
|-end|p1a: Ogerpon|move: Future Sight
|-damage|p1a: Ogerpon|3/100
|upkeep
|turn|24
|
|t:|1779885032
|switch|p1a: Weezing|Weezing-Galar, M|100/100
|-ability|p1a: Weezing|Neutralizing Gas
|move|p2a: Corviknight|Roost|p2a: Corviknight
|-heal|p2a: Corviknight|100/100
|-singleturn|p2a: Corviknight|move: Roost
|
|upkeep
|turn|25
|
|t:|1779885037
|move|p2a: Corviknight|U-turn|p1a: Weezing
|-resisted|p1a: Weezing
|-damage|p1a: Weezing|98/100
|
|t:|1779885048
|switch|p2a: Cinderace|Cinderace, F|100/100|[from] U-turn
|move|p1a: Weezing|Will-O-Wisp|p2a: Cinderace
|-immune|p2a: Cinderace
|
|upkeep
|turn|26
|
|t:|1779885053
|move|p2a: Cinderace|Court Change|p2a: Cinderace
|-swapsideconditions
|-activate|p2a: Cinderace|move: Court Change
|move|p1a: Weezing|Sludge Bomb|p2a: Cinderace
|-damage|p2a: Cinderace|69/100
|
|upkeep
|turn|27
|
|t:|1779885064
|move|p2a: Cinderace|U-turn|p1a: Weezing
|-resisted|p1a: Weezing
|-damage|p1a: Weezing|95/100
|
|t:|1779885083
|switch|p2a: Slowking|Slowking-Galar, F|100/100|[from] U-turn
|move|p1a: Weezing|Defog|p2a: Slowking
|-unboost|p2a: Slowking|evasion|1
|-sideend|p1: jairaterle5050|Spikes|[from] move: Defog|[of] p1a: Weezing
|
|upkeep
|turn|28
|
|t:|1779885097
|-end|p1a: Weezing|ability: Neutralizing Gas
|switch|p1a: Ogerpon|Ogerpon-Teal-Tera, F, tera:Grass|3/100
|-ability|p1a: Ogerpon|Embody Aspect (Teal)|boost
|-boost|p1a: Ogerpon|spe|1
|move|p2a: Slowking|Future Sight|p1a: Ogerpon
|-start|p2a: Slowking|move: Future Sight
|
|upkeep
|turn|29
|
|t:|1779885111
|move|p1a: Ogerpon|Knock Off|p2a: Slowking
|-supereffective|p2a: Slowking
|-damage|p2a: Slowking|55/100
|move|p2a: Slowking|Ice Beam|p1a: Ogerpon
|-supereffective|p1a: Ogerpon
|-damage|p1a: Ogerpon|0 fnt
|faint|p1a: Ogerpon
|detailschange|p1: Ogerpon|Ogerpon, F|[silent]
|
|upkeep
|-message|jairaterle5050 forfeited.
|
|win|claudechamp
|raw|jairaterle5050's rating: 1341 &rarr; <strong>1318</strong><br />(-23 for losing)
|raw|claudechamp's rating: 1287 &rarr; <strong>1316</strong><br />(+29 for winning)
|l|☆jairaterle5050
|player|p1|
|c|☆claudechamp|gg
