|j|☆lockheed shartin
|j|☆Omari P
|t:|1779914936
|gametype|singles
|player|p1|lockheed shartin|preschooler|1501
|player|p2|Omari P|pokemonrangerf|1559
|gen|9
|tier|[Gen 9] OU
|rated|
|rule|HP Percentage Mod: HP is shown in percentages
|rule|Endless Battle Clause: Forcing endless battles is banned
|rule|Species Clause: Limit one of each Pokémon
|rule|OHKO Clause: OHKO moves are banned
|rule|Evasion Items Clause: Evasion items are banned
|rule|Evasion Moves Clause: Evasion moves are banned
|rule|Evasion Abilities Clause: Evasion abilities are banned
|rule|Sleep Moves Clause: Sleep-inducing moves are banned
|clearpoke
|poke|p1|Zamazenta-*|
|poke|p1|Dragonite, M|
|poke|p1|Iron Treads|
|poke|p1|Samurott-Hisui, M|
|poke|p1|Pecharunt|
|poke|p1|Rillaboom, F|
|poke|p2|Volcanion|
|poke|p2|Torkoal, M|
|poke|p2|Slither Wing|
|poke|p2|Rillaboom, F|
|poke|p2|Raging Bolt|
|poke|p2|Espeon, F|
|teampreview
|inactive|Battle timer is ON: inactive players will automatically lose when time's up. (requested by lockheed shartin)
|
|t:|1779914947
|teamsize|p1|6
|teamsize|p2|6
|start
|switch|p1a: LiquidSwords|Samurott-Hisui, M|100/100
|switch|p2a: Torkoal|Torkoal, M, shiny|100/100
|-weather|SunnyDay|[from] ability: Drought|[of] p2a: Torkoal
|turn|1
|
|t:|1779914962
|move|p1a: LiquidSwords|Ceaseless Edge|p2a: Torkoal|[miss]
|-miss|p1a: LiquidSwords|p2a: Torkoal
|move|p2a: Torkoal|Stealth Rock|p1a: LiquidSwords
|-sidestart|p1: lockheed shartin|move: Stealth Rock
|
|-weather|SunnyDay|[upkeep]
|upkeep
|turn|2
|
|t:|1779914965
|move|p1a: LiquidSwords|Ceaseless Edge|p2a: Torkoal
|-damage|p2a: Torkoal|73/100
|-sidestart|p2: Omari P|Spikes
|move|p2a: Torkoal|Rapid Spin|p1a: LiquidSwords
|-damage|p1a: LiquidSwords|91/100
|-boost|p2a: Torkoal|spe|1
|-sideend|p2: Omari P|Spikes|[from] move: Rapid Spin|[of] p2a: Torkoal
|
|-weather|SunnyDay|[upkeep]
|upkeep
|turn|3
|
|t:|1779914967
|switch|p2a: Slither Wing|Slither Wing|100/100
|-activate|p2a: Slither Wing|ability: Protosynthesis
|-start|p2a: Slither Wing|protosynthesisatk
|move|p1a: LiquidSwords|Knock Off|p2a: Slither Wing
|-resisted|p2a: Slither Wing
|-damage|p2a: Slither Wing|76/100
|-enditem|p2a: Slither Wing|Insect Plate|[from] move: Knock Off|[of] p1a: LiquidSwords
|
|-weather|SunnyDay|[upkeep]
|upkeep
|turn|4
|
|t:|1779914978
|switch|p1a: Pfizer Inc|Pecharunt|100/100
|move|p2a: Slither Wing|First Impression|p1a: Pfizer Inc
|-resisted|p1a: Pfizer Inc
|-damage|p1a: Pfizer Inc|92/100
|
|-weather|SunnyDay|[upkeep]
|upkeep
|turn|5
|
|t:|1779914981
|move|p2a: Slither Wing|Earthquake|p1a: Pfizer Inc
|-supereffective|p1a: Pfizer Inc
|-damage|p1a: Pfizer Inc|42/100
|move|p1a: Pfizer Inc|Parting Shot|p2a: Slither Wing
|-unboost|p2a: Slither Wing|atk|1
|-unboost|p2a: Slither Wing|spa|1
|
|t:|1779915004
|switch|p1a: SleeplessNites|Dragonite, M|100/100|[from] Parting Shot
|
|-weather|SunnyDay|[upkeep]
|upkeep
|turn|6
|
|t:|1779915009
|-end|p2a: Slither Wing|Protosynthesis|[silent]
|switch|p2a: Espeon|Espeon, F|100/100
|move|p1a: SleeplessNites|Dragon Tail|p2a: Espeon
|-damage|p2a: Espeon|33/100
|drag|p2a: Torkoal|Torkoal, M, shiny|73/100
|
|-weather|SunnyDay|[upkeep]
|upkeep
|turn|7
|-message|Omari P forfeited.
|
|win|lockheed shartin
|raw|lockheed shartin's rating: 1501 &rarr; <strong>1524</strong><br />(+23 for winning)
|raw|Omari P's rating: 1559 &rarr; <strong>1536</strong><br />(-23 for losing)
|l|☆Omari P
|player|p2|
