|j|☆Iori255
|j|☆technogiri
|t:|1779871585
|gametype|singles
|player|p1|Iori255|silver|1151
|player|p2|technogiri|170|1223
|gen|9
|tier|[Gen 9] OU
|rated|
|rule|HP Percentage Mod: HP is shown in percentages
|rule|Endless Battle Clause: Forcing endless battles is banned
|rule|Species Clause: Limit one of each Pokémon
|rule|OHKO Clause: OHKO moves are banned
|rule|Evasion Items Clause: Evasion items are banned
|rule|Evasion Moves Clause: Evasion moves are banned
|rule|Evasion Abilities Clause: Evasion abilities are banned
|rule|Sleep Moves Clause: Sleep-inducing moves are banned
|clearpoke
|poke|p1|Blaziken, M|
|poke|p1|Cobalion|
|poke|p1|Great Tusk|
|poke|p1|Kommo-o, M|
|poke|p1|Quaquaval, M|
|poke|p1|Zamazenta-*|
|poke|p2|Maushold|
|poke|p2|Grimmsnarl, M|
|poke|p2|Clefable, M|
|poke|p2|Darkrai|
|poke|p2|Gyarados, M|
|poke|p2|Skeledirge, F|
|teampreview
|inactive|Battle timer is ON: inactive players will automatically lose when time's up. (requested by technogiri)
|
|t:|1779871600
|teamsize|p1|6
|teamsize|p2|6
|start
|switch|p1a: Blaziken|Blaziken, M|100/100
|switch|p2a: Grimmsnarl|Grimmsnarl, M|100/100
|turn|1
|
|t:|1779871606
|move|p2a: Grimmsnarl|Reflect|p2a: Grimmsnarl
|-sidestart|p2: technogiri|Reflect
|move|p1a: Blaziken|Swords Dance|p1a: Blaziken
|-boost|p1a: Blaziken|atk|2
|
|-ability|p1a: Blaziken|Speed Boost|boost
|-boost|p1a: Blaziken|spe|1
|upkeep
|turn|2
|
|t:|1779871614
|move|p1a: Blaziken|Substitute|p1a: Blaziken
|-start|p1a: Blaziken|Substitute
|-damage|p1a: Blaziken|76/100
|move|p2a: Grimmsnarl|Spirit Break|p1a: Blaziken
|-end|p1a: Blaziken|Substitute
|
|-ability|p1a: Blaziken|Speed Boost|boost
|-boost|p1a: Blaziken|spe|1
|upkeep
|turn|3
|
|t:|1779871623
|-terastallize|p1a: Blaziken|Fire
|move|p2a: Grimmsnarl|Parting Shot|p1a: Blaziken
|-unboost|p1a: Blaziken|atk|1
|-unboost|p1a: Blaziken|spa|1
|
|t:|1779871629
|switch|p2a: Skeledirge|Skeledirge, F|100/100|[from] Parting Shot
|move|p1a: Blaziken|Blaze Kick|p2a: Skeledirge
|-resisted|p2a: Skeledirge
|-damage|p2a: Skeledirge|88/100
|
|-ability|p1a: Blaziken|Speed Boost|boost
|-boost|p1a: Blaziken|spe|1
|upkeep
|turn|4
|
|t:|1779871640
|switch|p1a: Great Tusk|Great Tusk|100/100
|move|p2a: Skeledirge|Torch Song|p1a: Great Tusk
|-damage|p1a: Great Tusk|55/100
|-boost|p2a: Skeledirge|spa|1
|
|-heal|p1a: Great Tusk|61/100|[from] item: Leftovers
|upkeep
|turn|5
|
|t:|1779871646
|move|p1a: Great Tusk|Knock Off|p2a: Skeledirge
|-supereffective|p2a: Skeledirge
|-crit|p2a: Skeledirge
|-damage|p2a: Skeledirge|7/100
|-enditem|p2a: Skeledirge|Heavy-Duty Boots|[from] move: Knock Off|[of] p1a: Great Tusk
|move|p2a: Skeledirge|Will-O-Wisp|p1a: Great Tusk
|-status|p1a: Great Tusk|brn
|
|-heal|p1a: Great Tusk|67/100 brn|[from] item: Leftovers
|-damage|p1a: Great Tusk|61/100 brn|[from] brn
|upkeep
|turn|6
|
|t:|1779871652
|move|p1a: Great Tusk|Knock Off|p2a: Skeledirge
|-supereffective|p2a: Skeledirge
|-damage|p2a: Skeledirge|0 fnt
|faint|p2a: Skeledirge
|
|-heal|p1a: Great Tusk|67/100 brn|[from] item: Leftovers
|-damage|p1a: Great Tusk|61/100 brn|[from] brn
|upkeep
|
|t:|1779871657
|switch|p2a: Maushold|Maushold|100/100
|turn|7
|
|t:|1779871664
|-end|p1a: Great Tusk|Protosynthesis|[silent]
|switch|p1a: Zamazenta|Zamazenta|100/100
|-ability|p1a: Zamazenta|Dauntless Shield|boost
|-boost|p1a: Zamazenta|def|1
|move|p2a: Maushold|Population Bomb|p1a: Zamazenta
|-damage|p1a: Zamazenta|94/100
|-damage|p1a: Zamazenta|89/100
|-damage|p1a: Zamazenta|83/100
|-damage|p1a: Zamazenta|77/100
|-damage|p1a: Zamazenta|71/100
|-damage|p1a: Zamazenta|65/100
|-damage|p1a: Zamazenta|58/100
|-damage|p1a: Zamazenta|53/100
|-damage|p1a: Zamazenta|47/100
|-damage|p1a: Zamazenta|41/100
|-hitcount|p1a: Zamazenta|10
|
|-heal|p1a: Zamazenta|48/100|[from] item: Leftovers
|upkeep
|turn|8
|
|t:|1779871669
|-terastallize|p2a: Maushold|Ghost
|move|p1a: Zamazenta|Body Press|p2a: Maushold
|-immune|p2a: Maushold
|move|p2a: Maushold|Tidy Up|p2a: Maushold
|-boost|p2a: Maushold|atk|1
|-boost|p2a: Maushold|spe|1
|
|-heal|p1a: Zamazenta|54/100|[from] item: Leftovers
|-sideend|p2: technogiri|Reflect
|upkeep
|turn|9
|
|t:|1779871673
|move|p2a: Maushold|Encore|p1a: Zamazenta
|-start|p1a: Zamazenta|Encore
|move|p1a: Zamazenta|Body Press|p2a: Maushold
|-immune|p2a: Maushold
|
|-heal|p1a: Zamazenta|60/100|[from] item: Leftovers
|upkeep
|turn|10
|
|t:|1779871680
|switch|p1a: Cobalion|Cobalion|100/100
|move|p2a: Maushold|Tidy Up|p2a: Maushold
|-boost|p2a: Maushold|atk|1
|-boost|p2a: Maushold|spe|1
|
|upkeep
|turn|11
|
|t:|1779871686
|move|p2a: Maushold|Population Bomb|p1a: Cobalion
|-resisted|p1a: Cobalion
|-damage|p1a: Cobalion|92/100
|-resisted|p1a: Cobalion
|-damage|p1a: Cobalion|82/100
|-resisted|p1a: Cobalion
|-damage|p1a: Cobalion|73/100
|-resisted|p1a: Cobalion
|-damage|p1a: Cobalion|65/100
|-resisted|p1a: Cobalion
|-damage|p1a: Cobalion|55/100
|-resisted|p1a: Cobalion
|-damage|p1a: Cobalion|46/100
|-resisted|p1a: Cobalion
|-damage|p1a: Cobalion|37/100
|-resisted|p1a: Cobalion
|-damage|p1a: Cobalion|27/100
|-resisted|p1a: Cobalion
|-damage|p1a: Cobalion|18/100
|-resisted|p1a: Cobalion
|-damage|p1a: Cobalion|9/100
|-hitcount|p1a: Cobalion|10
|move|p1a: Cobalion|Thunder Wave|p2a: Maushold
|-status|p2a: Maushold|par
|
|upkeep
|turn|12
|
|t:|1779871695
|move|p2a: Maushold|Tidy Up|p2a: Maushold
|-boost|p2a: Maushold|atk|1
|-boost|p2a: Maushold|spe|1
|move|p1a: Cobalion|Iron Head|p2a: Maushold
|-damage|p2a: Maushold|52/100 par
|
|upkeep
|turn|13
|
|t:|1779871701
|move|p2a: Maushold|Population Bomb|p1a: Cobalion
|-resisted|p1a: Cobalion
|-damage|p1a: Cobalion|0 fnt
|faint|p1a: Cobalion
|-hitcount|p1: Cobalion|1
|
|upkeep
|
|t:|1779871714
|switch|p1a: Blaziken|Blaziken, M, tera:Fire|76/100
|turn|14
|
|t:|1779871725
|move|p2a: Maushold|Population Bomb|p1a: Blaziken
|-damage|p1a: Blaziken|35/100
|-damage|p1a: Blaziken|0 fnt
|faint|p1a: Blaziken
|-hitcount|p1: Blaziken|2
|
|upkeep
|
|t:|1779871731
|switch|p1a: Zamazenta|Zamazenta|60/100
|turn|15
|
|t:|1779871734
|move|p2a: Maushold|Population Bomb|p1a: Zamazenta
|-damage|p1a: Zamazenta|40/100
|-damage|p1a: Zamazenta|20/100
|-damage|p1a: Zamazenta|0 fnt
|faint|p1a: Zamazenta
|-hitcount|p1: Zamazenta|3
|
|upkeep
|
|t:|1779871738
|switch|p1a: Quaquaval|Quaquaval, M|100/100
|turn|16
|
|t:|1779871742
|move|p2a: Maushold|Population Bomb|p1a: Quaquaval
|-damage|p1a: Quaquaval|66/100
|-damage|p1a: Quaquaval|32/100
|-damage|p1a: Quaquaval|0 fnt
|faint|p1a: Quaquaval
|-hitcount|p1: Quaquaval|3
|
|upkeep
|-message|Iori255 forfeited.
|
|win|technogiri
|raw|Iori255's rating: 1151 &rarr; <strong>1131</strong><br />(-20 for losing)
|raw|technogiri's rating: 1223 &rarr; <strong>1243</strong><br />(+20 for winning)
|l|☆Iori255
|player|p1|
|l|☆technogiri
|player|p2|
