|j|☆xtyswklg
|j|☆GoodraGlazer
|t:|1779806780
|gametype|singles
|player|p1|xtyswklg|rosa|1096
|player|p2|GoodraGlazer|mira|1059
|gen|9
|tier|[Gen 9] OU
|rated|
|rule|HP Percentage Mod: HP is shown in percentages
|rule|Endless Battle Clause: Forcing endless battles is banned
|rule|Species Clause: Limit one of each Pokémon
|rule|OHKO Clause: OHKO moves are banned
|rule|Evasion Items Clause: Evasion items are banned
|rule|Evasion Moves Clause: Evasion moves are banned
|rule|Evasion Abilities Clause: Evasion abilities are banned
|rule|Sleep Moves Clause: Sleep-inducing moves are banned
|clearpoke
|poke|p1|Hatterene, F|
|poke|p1|Hoopa-Unbound|
|poke|p1|Iron Hands|
|poke|p1|Ursaluna, M|
|poke|p1|Volcanion|
|poke|p1|Azumarill, F|
|poke|p2|Vespiquen, F|
|poke|p2|Meowscarada, M|
|poke|p2|Slowking-Galar, F|
|poke|p2|Cetitan, M|
|poke|p2|Conkeldurr, M|
|poke|p2|Iron Treads|
|teampreview
|inactive|Battle timer is ON: inactive players will automatically lose when time's up. (requested by GoodraGlazer)
|
|t:|1779806795
|teamsize|p1|6
|teamsize|p2|6
|start
|switch|p1a: Hatterene|Hatterene, F|100/100
|switch|p2a: StandUp Comedian|Slowking-Galar, F|100/100
|turn|1
|
|t:|1779806808
|move|p2a: StandUp Comedian|Toxic|p1a: Hatterene
|move|p1a: Hatterene|Toxic|p2a: StandUp Comedian|[from] ability: Magic Bounce
|-immune|p2a: StandUp Comedian
|move|p1a: Hatterene|Trick Room|p1a: Hatterene
|-fieldstart|move: Trick Room|[of] p1a: Hatterene
|
|upkeep
|turn|2
|c|☆GoodraGlazer|I wont talk about that..
|
|t:|1779806834
|move|p2a: StandUp Comedian|Sludge Bomb|p1a: Hatterene
|-supereffective|p1a: Hatterene
|-damage|p1a: Hatterene|27/100
|move|p1a: Hatterene|Psychic|p2a: StandUp Comedian
|-damage|p2a: StandUp Comedian|67/100
|
|-heal|p1a: Hatterene|33/100|[from] item: Leftovers
|upkeep
|turn|3
|
|t:|1779806846
|-terastallize|p1a: Hatterene|Steel
|move|p2a: StandUp Comedian|Sludge Bomb|p1a: Hatterene
|-immune|p1a: Hatterene
|move|p1a: Hatterene|Mystical Fire|p2a: StandUp Comedian
|-damage|p2a: StandUp Comedian|48/100
|-unboost|p2a: StandUp Comedian|spa|1
|
|-heal|p1a: Hatterene|39/100|[from] item: Leftovers
|upkeep
|turn|4
|
|t:|1779806867
|switch|p2a: Homeless|Conkeldurr, M|100/100
|move|p1a: Hatterene|Draining Kiss|p2a: Homeless
|-supereffective|p2a: Homeless
|-damage|p2a: Homeless|34/100
|-heal|p1a: Hatterene|100/100|[from] drain|[of] p2a: Homeless
|
|-heal|p2a: Homeless|40/100|[from] item: Leftovers
|upkeep
|turn|5
|
|t:|1779806878
|move|p1a: Hatterene|Psychic|p2a: Homeless
|-supereffective|p2a: Homeless
|-damage|p2a: Homeless|0 fnt
|faint|p2a: Homeless
|
|-fieldend|move: Trick Room
|upkeep
|inactive|GoodraGlazer has 120 seconds left.
|
|t:|1779806891
|switch|p2a: StandUp Comedian|Slowking-Galar, F|81/100
|turn|6
|
|t:|1779806895
|-prepare|p2a: StandUp Comedian|Chilly Reception|[premajor]
|move|p2a: StandUp Comedian|Chilly Reception|p2a: StandUp Comedian
|-weather|Snowscape
|
|t:|1779806899
|switch|p2a: Caseoh's mic|Cetitan, M, shiny|100/100|[from] Chilly Reception
|move|p1a: Hatterene|Trick Room|p1a: Hatterene
|-fieldstart|move: Trick Room|[of] p1a: Hatterene
|
|-weather|Snowscape|[upkeep]
|upkeep
|turn|7
|inactive|GoodraGlazer has 120 seconds left.
|
|t:|1779806938
|move|p1a: Hatterene|Mystical Fire|p2a: Caseoh's mic
|-supereffective|p2a: Caseoh's mic
|-damage|p2a: Caseoh's mic|35/100
|-unboost|p2a: Caseoh's mic|spa|1
|-enditem|p2a: Caseoh's mic|Sitrus Berry|[eat]
|-heal|p2a: Caseoh's mic|60/100|[from] item: Sitrus Berry
|move|p2a: Caseoh's mic|Belly Drum|p2a: Caseoh's mic
|-damage|p2a: Caseoh's mic|10/100
|-setboost|p2a: Caseoh's mic|atk|6|[from] move: Belly Drum
|
|-weather|Snowscape|[upkeep]
|upkeep
|turn|8
|
|t:|1779806951
|move|p2a: Caseoh's mic|Ice Shard|p1a: Hatterene
|-resisted|p1a: Hatterene
|-damage|p1a: Hatterene|57/100
|move|p1a: Hatterene|Psychic|p2a: Caseoh's mic
|-crit|p2a: Caseoh's mic
|-damage|p2a: Caseoh's mic|0 fnt
|faint|p2a: Caseoh's mic
|
|-weather|Snowscape|[upkeep]
|-heal|p1a: Hatterene|63/100|[from] item: Leftovers
|upkeep
|
|t:|1779806975
|switch|p2a: Royal Entomoid|Vespiquen, F|100/100
|-ability|p2a: Royal Entomoid|Unnerve
|turn|9
|
|t:|1779806987
|move|p1a: Hatterene|Draining Kiss|p2a: Royal Entomoid
|-damage|p2a: Royal Entomoid|72/100
|-heal|p1a: Hatterene|82/100|[from] drain|[of] p2a: Royal Entomoid
|-damage|p1a: Hatterene|65/100|[from] item: Rocky Helmet|[of] p2a: Royal Entomoid
|move|p2a: Royal Entomoid|U-turn|p1a: Hatterene
|-resisted|p1a: Hatterene
|-damage|p1a: Hatterene|53/100
|
|t:|1779807001
|switch|p2a: StandUp Comedian|Slowking-Galar, F|100/100|[from] U-turn
|
|-weather|Snowscape|[upkeep]
|-heal|p1a: Hatterene|59/100|[from] item: Leftovers
|upkeep
|turn|10
|
|t:|1779807016
|move|p2a: StandUp Comedian|Thunder Wave|p1a: Hatterene
|move|p1a: Hatterene|Thunder Wave|p2a: StandUp Comedian|[from] ability: Magic Bounce|[miss]
|-miss|p1a: Hatterene|p2a: StandUp Comedian
|move|p1a: Hatterene|Psychic|p2a: StandUp Comedian
|-damage|p2a: StandUp Comedian|65/100
|
|-weather|none
|-heal|p1a: Hatterene|65/100|[from] item: Leftovers
|-fieldend|move: Trick Room
|upkeep
|turn|11
|l|☆xtyswklg
|inactive|xtyswklg disconnected and has a minute to reconnect!
|player|p1|
|inactive|xtyswklg has 30 seconds to reconnect!
|j|☆xtyswklg
|inactive|xtyswklg reconnected and has 120 seconds left.
|player|p1|xtyswklg|rosa|
|
|t:|1779807052
|move|p1a: Hatterene|Psychic|p2a: StandUp Comedian
|-crit|p2a: StandUp Comedian
|-damage|p2a: StandUp Comedian|12/100
|-prepare|p2a: StandUp Comedian|Chilly Reception|[premajor]
|move|p2a: StandUp Comedian|Chilly Reception|p2a: StandUp Comedian
|-weather|Snowscape
|inactive|GoodraGlazer has 90 seconds left.
|
|t:|1779807063
|switch|p2a: Japanese Elephant|Iron Treads|100/100|[from] Chilly Reception
|-enditem|p2a: Japanese Elephant|Booster Energy
|-activate|p2a: Japanese Elephant|ability: Quark Drive|[fromitem]
|-start|p2a: Japanese Elephant|quarkdriveatk
|
|-weather|Snowscape|[upkeep]
|-heal|p1a: Hatterene|71/100|[from] item: Leftovers
|upkeep
|turn|12
|inactive|xtyswklg has 120 seconds left.
|
|t:|1779807081
|move|p2a: Japanese Elephant|Earthquake|p1a: Hatterene
|-supereffective|p1a: Hatterene
|-damage|p1a: Hatterene|0 fnt
|faint|p1a: Hatterene
|
|-weather|Snowscape|[upkeep]
|upkeep
|
|t:|1779807088
|switch|p1a: Hoopa|Hoopa-Unbound|100/100
|turn|13
|
|t:|1779807098
|move|p2a: Japanese Elephant|Rapid Spin|p1a: Hoopa
|-damage|p1a: Hoopa|69/100
|-boost|p2a: Japanese Elephant|spe|1
|move|p1a: Hoopa|Trick Room|p1a: Hoopa
|-fieldstart|move: Trick Room|[of] p1a: Hoopa
|
|-weather|Snowscape|[upkeep]
|-heal|p1a: Hoopa|75/100|[from] item: Leftovers
|upkeep
|turn|14
|
|t:|1779807111
|-terastallize|p2a: Japanese Elephant|Dark
|move|p1a: Hoopa|Shadow Ball|p2a: Japanese Elephant
|-resisted|p2a: Japanese Elephant
|-damage|p2a: Japanese Elephant|72/100
|move|p2a: Japanese Elephant|Knock Off|p1a: Hoopa
|-damage|p1a: Hoopa|0 fnt
|-enditem|p1a: Hoopa|Leftovers|[from] move: Knock Off|[of] p2a: Japanese Elephant
|faint|p1a: Hoopa
|
|-weather|Snowscape|[upkeep]
|upkeep
|inactive|xtyswklg has 120 seconds left.
|
|t:|1779807125
|switch|p1a: Iron Hands|Iron Hands|100/100
|-enditem|p1a: Iron Hands|Booster Energy
|-activate|p1a: Iron Hands|ability: Quark Drive|[fromitem]
|-start|p1a: Iron Hands|quarkdriveatk
|turn|15
|inactive|GoodraGlazer has 120 seconds left.
|
|t:|1779807132
|move|p1a: Iron Hands|Play Rough|p2a: Japanese Elephant
|-supereffective|p2a: Japanese Elephant
|-damage|p2a: Japanese Elephant|0 fnt
|faint|p2a: Japanese Elephant
|-end|p2a: Japanese Elephant|Quark Drive|[silent]
|
|-weather|none
|upkeep
|inactive|GoodraGlazer has 120 seconds left.
|
|t:|1779807144
|switch|p2a: StandUp Comedian|Slowking-Galar, F|45/100
|turn|16
|inactive|GoodraGlazer has 120 seconds left.
|
|t:|1779807154
|move|p2a: StandUp Comedian|Toxic|p1a: Iron Hands
|-status|p1a: Iron Hands|tox
|move|p1a: Iron Hands|Supercell Slam|p2a: StandUp Comedian
|-damage|p2a: StandUp Comedian|0 fnt
|faint|p2a: StandUp Comedian
|
|-damage|p1a: Iron Hands|94/100 tox|[from] psn
|upkeep
|inactive|GoodraGlazer has 120 seconds left.
|
|t:|1779807162
|switch|p2a: Royal Entomoid|Vespiquen, F|72/100
|-ability|p2a: Royal Entomoid|Unnerve
|turn|17
|
|t:|1779807168
|move|p2a: Royal Entomoid|Lunge|p1a: Iron Hands
|-resisted|p1a: Iron Hands
|-damage|p1a: Iron Hands|86/100 tox
|-unboost|p1a: Iron Hands|atk|1
|move|p1a: Iron Hands|Supercell Slam|p2a: Royal Entomoid
|-supereffective|p2a: Royal Entomoid
|-damage|p2a: Royal Entomoid|0 fnt
|-damage|p1a: Iron Hands|69/100 tox|[from] item: Rocky Helmet|[of] p2a: Royal Entomoid
|faint|p2a: Royal Entomoid
|
|-damage|p1a: Iron Hands|57/100 tox|[from] psn
|-fieldend|move: Trick Room
|upkeep
|
|t:|1779807175
|switch|p2a: Boomshakalaka|Meowscarada, M|100/100
|turn|18
|
|t:|1779807184
|move|p2a: Boomshakalaka|Flower Trick|p1a: Iron Hands
|-start|p2a: Boomshakalaka|typechange|Grass|[from] ability: Protean
|-crit|p1a: Iron Hands
|-damage|p1a: Iron Hands|8/100 tox
|move|p1a: Iron Hands|Close Combat|p2a: Boomshakalaka
|-damage|p2a: Boomshakalaka|3/100
|-unboost|p1a: Iron Hands|def|1
|-unboost|p1a: Iron Hands|spd|1
|
|-damage|p1a: Iron Hands|0 fnt|[from] psn
|faint|p1a: Iron Hands
|-end|p1a: Iron Hands|Quark Drive|[silent]
|upkeep
|
|t:|1779807198
|switch|p1a: Volcanion|Volcanion|100/100
|turn|19
|c|☆GoodraGlazer|Gg
|
|t:|1779807209
|move|p2a: Boomshakalaka|Flower Trick|p1a: Volcanion
|-crit|p1a: Volcanion
|-damage|p1a: Volcanion|41/100
|move|p1a: Volcanion|Steam Eruption|p2a: Boomshakalaka
|-resisted|p2a: Boomshakalaka
|-damage|p2a: Boomshakalaka|0 fnt
|faint|p2a: Boomshakalaka
|
|win|xtyswklg
|raw|xtyswklg's rating: 1096 &rarr; <strong>1119</strong><br />(+23 for winning)
|raw|GoodraGlazer's rating: 1059 &rarr; <strong>1042</strong><br />(-17 for losing)
|l|☆xtyswklg
|player|p1|
|l|☆GoodraGlazer
|player|p2|
