|j|☆slimypits
|j|☆juiicychiller
|t:|1779924286
|gametype|singles
|player|p1|slimypits|169|1581
|player|p2|juiicychiller|clerk|1634
|gen|9
|tier|[Gen 9] OU
|rated|
|rule|HP Percentage Mod: HP is shown in percentages
|rule|Endless Battle Clause: Forcing endless battles is banned
|rule|Species Clause: Limit one of each Pokémon
|rule|OHKO Clause: OHKO moves are banned
|rule|Evasion Items Clause: Evasion items are banned
|rule|Evasion Moves Clause: Evasion moves are banned
|rule|Evasion Abilities Clause: Evasion abilities are banned
|rule|Sleep Moves Clause: Sleep-inducing moves are banned
|clearpoke
|poke|p1|Cinderace, M|
|poke|p1|Mandibuzz, F|
|poke|p1|Volcanion|
|poke|p1|Dragonite, M|
|poke|p1|Tinkaton, F|
|poke|p1|Ting-Lu|
|poke|p2|Pelipper, F|
|poke|p2|Iron Treads|
|poke|p2|Raging Bolt|
|poke|p2|Overqwil, F|
|poke|p2|Greninja-*, M|
|poke|p2|Kingambit, M|
|teampreview
|inactive|Battle timer is ON: inactive players will automatically lose when time's up. (requested by juiicychiller)
|inactive|slimypits also wants the timer to be on.
|
|t:|1779924298
|teamsize|p1|6
|teamsize|p2|6
|start
|switch|p1a: Volcanion|Volcanion|100/100
|switch|p2a: Pelipper|Pelipper, F|100/100
|-weather|RainDance|[from] ability: Drizzle|[of] p2a: Pelipper
|turn|1
|
|t:|1779924305
|switch|p2a: Raging Bolt|Raging Bolt|100/100
|move|p1a: Volcanion|Steam Eruption|p2a: Raging Bolt
|-resisted|p2a: Raging Bolt
|-damage|p2a: Raging Bolt|54/100
|
|-weather|RainDance|[upkeep]
|upkeep
|turn|2
|
|t:|1779924313
|switch|p1a: Ting-Lucifer|Ting-Lu|100/100
|-ability|p1a: Ting-Lucifer|Vessel of Ruin
|move|p2a: Raging Bolt|Draco Meteor|p1a: Ting-Lucifer
|-damage|p1a: Ting-Lucifer|59/100
|-unboost|p2a: Raging Bolt|spa|2
|
|-weather|RainDance|[upkeep]
|upkeep
|turn|3
|
|t:|1779924321
|-end|p2a: Raging Bolt|Protosynthesis|[silent]
|switch|p2a: Pelipper|Pelipper, F|100/100
|move|p1a: Ting-Lucifer|Stone Edge|p2a: Pelipper
|-supereffective|p2a: Pelipper
|-damage|p2a: Pelipper|50/100
|
|-weather|RainDance|[upkeep]
|upkeep
|turn|4
|
|t:|1779924328
|move|p1a: Ting-Lucifer|Stone Edge|p2a: Pelipper|[miss]
|-miss|p1a: Ting-Lucifer|p2a: Pelipper
|move|p2a: Pelipper|U-turn|p1a: Ting-Lucifer
|-supereffective|p1a: Ting-Lucifer
|-damage|p1a: Ting-Lucifer|48/100
|-enditem|p1a: Ting-Lucifer|Weakness Policy
|-boost|p1a: Ting-Lucifer|atk|2|[from] item: Weakness Policy
|-boost|p1a: Ting-Lucifer|spa|2|[from] item: Weakness Policy
|
|t:|1779924332
|switch|p2a: Greninja|Greninja, M|100/100|[from] U-turn
|
|-weather|RainDance|[upkeep]
|upkeep
|turn|5
|
|t:|1779924348
|move|p2a: Greninja|Ice Beam|p1a: Ting-Lucifer
|-supereffective|p1a: Ting-Lucifer
|-damage|p1a: Ting-Lucifer|12/100
|-damage|p2a: Greninja|91/100|[from] item: Life Orb
|move|p1a: Ting-Lucifer|Earthquake|p2a: Greninja
|-damage|p2a: Greninja|0 fnt
|faint|p2a: Greninja
|
|-weather|RainDance|[upkeep]
|upkeep
|
|t:|1779924357
|switch|p2a: Raging Bolt|Raging Bolt|54/100
|turn|6
|
|t:|1779924361
|switch|p1a: Tinkaton|Tinkaton, F|100/100
|-item|p1a: Tinkaton|Air Balloon
|move|p2a: Raging Bolt|Weather Ball|p1a: Tinkaton
|-damage|p1a: Tinkaton|54/100
|-enditem|p1a: Tinkaton|Air Balloon
|
|-weather|RainDance|[upkeep]
|upkeep
|turn|7
|
|t:|1779924367
|move|p1a: Tinkaton|Knock Off|p2a: Raging Bolt
|-damage|p2a: Raging Bolt|39/100
|-enditem|p2a: Raging Bolt|Assault Vest|[from] move: Knock Off|[of] p1a: Tinkaton
|move|p2a: Raging Bolt|Thunder|p1a: Tinkaton
|-damage|p1a: Tinkaton|0 fnt
|faint|p1a: Tinkaton
|
|-weather|RainDance|[upkeep]
|upkeep
|
|t:|1779924374
|switch|p1a: Dragonite|Dragonite, M|100/100
|turn|8
|
|t:|1779924383
|move|p1a: Dragonite|Scale Shot|p2a: Raging Bolt
|-supereffective|p2a: Raging Bolt
|-damage|p2a: Raging Bolt|13/100
|-supereffective|p2a: Raging Bolt
|-damage|p2a: Raging Bolt|0 fnt
|faint|p2a: Raging Bolt
|-end|p2a: Raging Bolt|Protosynthesis|[silent]
|-hitcount|p2: Raging Bolt|2
|-unboost|p1a: Dragonite|def|1
|-boost|p1a: Dragonite|spe|1
|
|-weather|none
|upkeep
|
|t:|1779924388
|switch|p2a: Pelipper|Pelipper, F|50/100
|-weather|RainDance|[from] ability: Drizzle|[of] p2a: Pelipper
|turn|9
|
|t:|1779924393
|switch|p1a: Volcanion|Volcanion|100/100
|switch|p2a: Iron Treads|Iron Treads|100/100
|
|-weather|RainDance|[upkeep]
|upkeep
|turn|10
|
|t:|1779924399
|switch|p1a: Mandibuzz|Mandibuzz, F, shiny|100/100
|move|p2a: Iron Treads|Earthquake|p1a: Mandibuzz
|-immune|p1a: Mandibuzz
|
|-weather|RainDance|[upkeep]
|upkeep
|turn|11
|
|t:|1779924403
|move|p2a: Iron Treads|Knock Off|p1a: Mandibuzz
|-resisted|p1a: Mandibuzz
|-damage|p1a: Mandibuzz|93/100
|-damage|p2a: Iron Treads|84/100|[from] item: Rocky Helmet|[of] p1a: Mandibuzz
|-enditem|p1a: Mandibuzz|Rocky Helmet|[from] move: Knock Off|[of] p2a: Iron Treads
|move|p1a: Mandibuzz|Foul Play|p2a: Iron Treads
|-damage|p2a: Iron Treads|55/100
|-enditem|p2a: Iron Treads|Red Card|[of] p1a: Mandibuzz
|drag|p1a: Dragonite|Dragonite, M|100/100
|
|-weather|RainDance|[upkeep]
|upkeep
|turn|12
|
|t:|1779924411
|switch|p1a: Ting-Lucifer|Ting-Lu|12/100
|-ability|p1a: Ting-Lucifer|Vessel of Ruin
|move|p2a: Iron Treads|Knock Off|p1a: Ting-Lucifer
|-resisted|p1a: Ting-Lucifer
|-damage|p1a: Ting-Lucifer|6/100
|
|-weather|RainDance|[upkeep]
|upkeep
|turn|13
|
|t:|1779924415
|move|p2a: Iron Treads|Rapid Spin|p1a: Ting-Lucifer
|-damage|p1a: Ting-Lucifer|0 fnt
|-boost|p2a: Iron Treads|spe|1
|faint|p1a: Ting-Lucifer
|
|-weather|RainDance|[upkeep]
|upkeep
|
|t:|1779924418
|switch|p1a: Mandibuzz|Mandibuzz, F, shiny|93/100
|turn|14
|
|t:|1779924421
|move|p2a: Iron Treads|Stealth Rock|p1a: Mandibuzz
|-sidestart|p1: slimypits|move: Stealth Rock
|move|p1a: Mandibuzz|Foul Play|p2a: Iron Treads
|-damage|p2a: Iron Treads|28/100
|
|-weather|RainDance|[upkeep]
|upkeep
|turn|15
|
|t:|1779924429
|move|p2a: Iron Treads|Knock Off|p1a: Mandibuzz
|-resisted|p1a: Mandibuzz
|-damage|p1a: Mandibuzz|89/100
|move|p1a: Mandibuzz|Roost|p1a: Mandibuzz
|-heal|p1a: Mandibuzz|100/100
|-singleturn|p1a: Mandibuzz|move: Roost
|
|-weather|RainDance|[upkeep]
|upkeep
|turn|16
|
|t:|1779924434
|move|p2a: Iron Treads|Knock Off|p1a: Mandibuzz
|-resisted|p1a: Mandibuzz
|-damage|p1a: Mandibuzz|95/100
|move|p1a: Mandibuzz|Foul Play|p2a: Iron Treads
|-damage|p2a: Iron Treads|2/100
|
|-weather|none
|upkeep
|turn|17
|
|t:|1779924439
|-end|p2a: Iron Treads|Quark Drive|[silent]
|switch|p2a: Pelipper|Pelipper, F|50/100
|-weather|RainDance|[from] ability: Drizzle|[of] p2a: Pelipper
|move|p1a: Mandibuzz|Foul Play|p2a: Pelipper
|-damage|p2a: Pelipper|35/100
|
|-weather|RainDance|[upkeep]
|upkeep
|turn|18
|
|t:|1779924449
|move|p1a: Mandibuzz|Defog|p2a: Pelipper
|-unboost|p2a: Pelipper|evasion|1
|-sideend|p1: slimypits|Stealth Rock|[from] move: Defog|[of] p1a: Mandibuzz
|move|p2a: Pelipper|Hurricane|p1a: Mandibuzz
|-damage|p1a: Mandibuzz|62/100
|-start|p1a: Mandibuzz|confusion
|
|-weather|RainDance|[upkeep]
|upkeep
|turn|19
|
|t:|1779924454
|switch|p1a: Volcanion|Volcanion|100/100
|move|p2a: Pelipper|U-turn|p1a: Volcanion
|-resisted|p1a: Volcanion
|-damage|p1a: Volcanion|96/100
|
|t:|1779924457
|switch|p2a: Iron Treads|Iron Treads|2/100|[from] U-turn
|
|-weather|RainDance|[upkeep]
|upkeep
|turn|20
|
|t:|1779924462
|move|p2a: Iron Treads|Stealth Rock|p1a: Volcanion
|-sidestart|p1: slimypits|move: Stealth Rock
|move|p1a: Volcanion|Steam Eruption|p2a: Iron Treads
|-supereffective|p2a: Iron Treads
|-damage|p2a: Iron Treads|0 fnt
|faint|p2a: Iron Treads
|-end|p2a: Iron Treads|Quark Drive|[silent]
|
|-weather|RainDance|[upkeep]
|upkeep
|
|t:|1779924485
|switch|p2a: Kingambit|Kingambit, M|100/100
|-activate|p2a: Kingambit|ability: Supreme Overlord
|-start|p2a: Kingambit|fallen3|[silent]
|turn|21
|
|t:|1779924499
|move|p2a: Kingambit|Sucker Punch|p1a: Volcanion
|-damage|p1a: Volcanion|36/100
|move|p1a: Volcanion|Steam Eruption|p2a: Kingambit
|-damage|p2a: Kingambit|0 fnt
|faint|p2a: Kingambit
|-end|p2a: Kingambit|fallen3|[silent]
|
|-weather|RainDance|[upkeep]
|upkeep
|
|t:|1779924503
|switch|p2a: Overqwil|Overqwil, F|100/100
|turn|22
|
|t:|1779924520
|move|p2a: Overqwil|Gunk Shot|p1a: Volcanion
|-damage|p1a: Volcanion|0 fnt
|faint|p1a: Volcanion
|-damage|p2a: Overqwil|91/100|[from] item: Life Orb
|
|-weather|RainDance|[upkeep]
|upkeep
|
|t:|1779924526
|switch|p1a: Cinderace|Cinderace, M|100/100
|turn|23
|
|t:|1779924537
|move|p1a: Cinderace|Sucker Punch|p2a: Overqwil
|-start|p1a: Cinderace|typechange|Dark|[from] ability: Libero
|-resisted|p2a: Overqwil
|-damage|p2a: Overqwil|73/100
|move|p2a: Overqwil|Liquidation|p1a: Cinderace
|-damage|p1a: Cinderace|30/100
|-damage|p2a: Overqwil|63/100|[from] item: Life Orb
|
|-weather|RainDance|[upkeep]
|upkeep
|turn|24
|
|t:|1779924546
|move|p1a: Cinderace|Sucker Punch|p2a: Overqwil
|-resisted|p2a: Overqwil
|-damage|p2a: Overqwil|45/100
|move|p2a: Overqwil|Liquidation|p1a: Cinderace
|-damage|p1a: Cinderace|0 fnt
|faint|p1a: Cinderace
|-damage|p2a: Overqwil|35/100|[from] item: Life Orb
|
|-weather|none
|upkeep
|
|t:|1779924555
|switch|p1a: Dragonite|Dragonite, M|100/100
|-damage|p1a: Dragonite|76/100|[from] Stealth Rock
|turn|25
|
|t:|1779924568
|move|p2a: Overqwil|Gunk Shot|p1a: Dragonite
|-damage|p1a: Dragonite|0 fnt
|faint|p1a: Dragonite
|-damage|p2a: Overqwil|25/100|[from] item: Life Orb
|
|upkeep
|
|t:|1779924572
|switch|p1a: Mandibuzz|Mandibuzz, F, shiny|62/100
|-damage|p1a: Mandibuzz|37/100|[from] Stealth Rock
|turn|26
|
|t:|1779924576
|move|p2a: Overqwil|Gunk Shot|p1a: Mandibuzz
|-damage|p1a: Mandibuzz|0 fnt
|faint|p1a: Mandibuzz
|-damage|p2a: Overqwil|15/100|[from] item: Life Orb
|
|win|juiicychiller
|raw|slimypits's rating: 1581 &rarr; <strong>1564</strong><br />(-17 for losing)
|raw|juiicychiller's rating: 1634 &rarr; <strong>1651</strong><br />(+17 for winning)
|l|☆slimypits
|player|p1|
|l|☆juiicychiller
|player|p2|
