|j|☆QueenInJello
|j|☆zk710
|t:|1779856681
|gametype|singles
|player|p1|QueenInJello|erika|1282
|player|p2|zk710|palmer|1361
|gen|9
|tier|[Gen 9] OU
|rated|
|rule|HP Percentage Mod: HP is shown in percentages
|rule|Endless Battle Clause: Forcing endless battles is banned
|rule|Species Clause: Limit one of each Pokémon
|rule|OHKO Clause: OHKO moves are banned
|rule|Evasion Items Clause: Evasion items are banned
|rule|Evasion Moves Clause: Evasion moves are banned
|rule|Evasion Abilities Clause: Evasion abilities are banned
|rule|Sleep Moves Clause: Sleep-inducing moves are banned
|clearpoke
|poke|p1|Polteageist-Antique|
|poke|p1|Meowscarada, F|
|poke|p1|Glimmora, F|
|poke|p1|Kyurem|
|poke|p1|Iron Valiant|
|poke|p1|Iron Treads|
|poke|p2|Cinderace, F|
|poke|p2|Deoxys-Speed|
|poke|p2|Ogerpon-Wellspring, F|
|poke|p2|Gholdengo|
|poke|p2|Iron Valiant|
|poke|p2|Kyurem|
|teampreview
|inactive|Battle timer is ON: inactive players will automatically lose when time's up. (requested by zk710)
|c|☆QueenInJello|Glhf
|c|☆zk710|yoyoyo
|c|☆zk710|u2
|
|t:|1779856696
|teamsize|p1|6
|teamsize|p2|6
|start
|switch|p1a: Contessa|Meowscarada, F, shiny|100/100
|switch|p2a: Deoxys|Deoxys-Speed|100/100
|-ability|p2a: Deoxys|Pressure
|turn|1
|
|t:|1779856708
|move|p2a: Deoxys|Stealth Rock|p1a: Contessa
|-sidestart|p1: QueenInJello|move: Stealth Rock
|move|p1a: Contessa|Triple Axel|p2a: Deoxys
|-start|p1a: Contessa|typechange|Ice|[from] ability: Protean
|-damage|p2a: Deoxys|86/100
|-damage|p2a: Deoxys|54/100
|-damage|p2a: Deoxys|8/100
|-hitcount|p2a: Deoxys|3
|
|upkeep
|turn|2
|
|t:|1779856722
|move|p2a: Deoxys|Spikes|p1a: Contessa
|-sidestart|p1: QueenInJello|Spikes
|move|p1a: Contessa|Knock Off|p2a: Deoxys
|-supereffective|p2a: Deoxys
|-damage|p2a: Deoxys|0 fnt
|-enditem|p2a: Deoxys|Focus Sash|[from] move: Knock Off|[of] p1a: Contessa
|faint|p2a: Deoxys
|
|upkeep
|
|t:|1779856745
|switch|p2a: Iron Valiant|Iron Valiant|100/100
|-enditem|p2a: Iron Valiant|Booster Energy
|-activate|p2a: Iron Valiant|ability: Quark Drive|[fromitem]
|-start|p2a: Iron Valiant|quarkdrivespe
|turn|3
|
|t:|1779856751
|switch|p1a: Stout|Polteageist-Antique, shiny|100/100
|-damage|p1a: Stout|88/100|[from] Stealth Rock
|-damage|p1a: Stout|76/100|[from] Spikes
|move|p2a: Iron Valiant|Calm Mind|p2a: Iron Valiant
|-boost|p2a: Iron Valiant|spa|1
|-boost|p2a: Iron Valiant|spd|1
|
|upkeep
|turn|4
|
|t:|1779856761
|move|p2a: Iron Valiant|Shadow Ball|p1a: Stout
|-supereffective|p1a: Stout
|-damage|p1a: Stout|0 fnt
|faint|p1a: Stout
|
|upkeep
|
|t:|1779856769
|switch|p1a: squaresmakeacircle|Iron Treads|100/100
|-damage|p1a: squaresmakeacircle|97/100|[from] Stealth Rock
|-damage|p1a: squaresmakeacircle|85/100|[from] Spikes
|-enditem|p1a: squaresmakeacircle|Booster Energy
|-activate|p1a: squaresmakeacircle|ability: Quark Drive|[fromitem]
|-start|p1a: squaresmakeacircle|quarkdrivespe
|turn|5
|
|t:|1779856778
|-terastallize|p2a: Iron Valiant|Ghost
|-terastallize|p1a: squaresmakeacircle|Ghost
|move|p2a: Iron Valiant|Calm Mind|p2a: Iron Valiant
|-boost|p2a: Iron Valiant|spa|1
|-boost|p2a: Iron Valiant|spd|1
|move|p1a: squaresmakeacircle|Rapid Spin|p2a: Iron Valiant
|-immune|p2a: Iron Valiant
|
|upkeep
|turn|6
|
|t:|1779856786
|move|p2a: Iron Valiant|Shadow Ball|p1a: squaresmakeacircle
|-supereffective|p1a: squaresmakeacircle
|-damage|p1a: squaresmakeacircle|0 fnt
|faint|p1a: squaresmakeacircle
|-end|p1a: squaresmakeacircle|Quark Drive|[silent]
|
|upkeep
|
|t:|1779856792
|switch|p1a: Gwynevere|Iron Valiant, shiny|100/100
|-damage|p1a: Gwynevere|94/100|[from] Stealth Rock
|-damage|p1a: Gwynevere|82/100|[from] Spikes
|-enditem|p1a: Gwynevere|Booster Energy
|-activate|p1a: Gwynevere|ability: Quark Drive|[fromitem]
|-start|p1a: Gwynevere|quarkdrivespe
|turn|7
|c|☆zk710|im sorry
|
|t:|1779856802
|move|p1a: Gwynevere|Shadow Sneak|p2a: Iron Valiant
|-supereffective|p2a: Iron Valiant
|-damage|p2a: Iron Valiant|64/100
|move|p2a: Iron Valiant|Moonblast|p1a: Gwynevere
|-supereffective|p1a: Gwynevere
|-damage|p1a: Gwynevere|0 fnt
|faint|p1a: Gwynevere
|-end|p1a: Gwynevere|Quark Drive|[silent]
|
|upkeep
|c|☆QueenInJello|No worries
|
|t:|1779856808
|switch|p1a: Dreamer|Kyurem, shiny|100/100
|-damage|p1a: Dreamer|76/100|[from] Stealth Rock
|-damage|p1a: Dreamer|63/100|[from] Spikes
|-ability|p1a: Dreamer|Pressure
|turn|8
|
|t:|1779856815
|move|p2a: Iron Valiant|Moonblast|p1a: Dreamer
|-supereffective|p1a: Dreamer
|-damage|p1a: Dreamer|0 fnt
|faint|p1a: Dreamer
|
|upkeep
|
|t:|1779856817
|switch|p1a: Crazy Diamond|Glimmora, F, shiny|100/100
|-damage|p1a: Crazy Diamond|88/100|[from] Stealth Rock
|-damage|p1a: Crazy Diamond|76/100|[from] Spikes
|turn|9
|
|t:|1779856821
|move|p2a: Iron Valiant|Shadow Ball|p1a: Crazy Diamond
|-damage|p1a: Crazy Diamond|0 fnt
|faint|p1a: Crazy Diamond
|
|upkeep
|
|t:|1779856822
|switch|p1a: Contessa|Meowscarada, F, shiny|100/100
|-damage|p1a: Contessa|88/100|[from] Stealth Rock
|-damage|p1a: Contessa|76/100|[from] Spikes
|turn|10
|c|☆QueenInJello|GGwp
|c|☆zk710|ival is op
|c|☆zk710|u treads being ghost is just unlucky
|c|☆zk710|ggs tho
|
|t:|1779856840
|move|p2a: Iron Valiant|Moonblast|p1a: Contessa
|-supereffective|p1a: Contessa
|-damage|p1a: Contessa|0 fnt
|faint|p1a: Contessa
|
|win|zk710
|raw|QueenInJello's rating: 1282 &rarr; <strong>1263</strong><br />(-19 for losing)
|raw|zk710's rating: 1361 &rarr; <strong>1377</strong><br />(+16 for winning)
|c|☆QueenInJello|Ggs
|l|☆QueenInJello
|player|p1|
|l|☆zk710
|player|p2|
