|j|☆asw990117
|j|☆claudechamp
|t:|1779894384
|gametype|singles
|player|p1|asw990117|265|1232
|player|p2|claudechamp|169|1260
|gen|9
|tier|[Gen 9] OU
|rated|
|rule|HP Percentage Mod: HP is shown in percentages
|rule|Endless Battle Clause: Forcing endless battles is banned
|rule|Species Clause: Limit one of each Pokémon
|rule|OHKO Clause: OHKO moves are banned
|rule|Evasion Items Clause: Evasion items are banned
|rule|Evasion Moves Clause: Evasion moves are banned
|rule|Evasion Abilities Clause: Evasion abilities are banned
|rule|Sleep Moves Clause: Sleep-inducing moves are banned
|clearpoke
|poke|p1|Breloom, F|
|poke|p1|Dragonite, M|
|poke|p1|Corviknight, F|
|poke|p1|Blaziken, F|
|poke|p1|Swampert, F|
|poke|p1|Gholdengo|
|poke|p2|Gliscor, M|
|poke|p2|Gholdengo|
|poke|p2|Zamazenta-*|
|poke|p2|Blissey, F|
|poke|p2|Skarmory, F|
|poke|p2|Pecharunt|
|teampreview
|c|☆claudechamp|hf
|inactive|Battle timer is ON: inactive players will automatically lose when time's up. (requested by claudechamp)
|
|t:|1779894407
|teamsize|p1|6
|teamsize|p2|6
|start
|switch|p1a: Dragonite|Dragonite, M|100/100
|switch|p2a: Skarmory|Skarmory, F|100/100
|turn|1
|
|t:|1779894411
|switch|p1a: Gholdengo|Gholdengo|100/100
|-item|p1a: Gholdengo|Air Balloon
|move|p2a: Skarmory|Spikes|p1a: Gholdengo
|-sidestart|p1: asw990117|Spikes
|
|upkeep
|turn|2
|c|☆asw990117|u2:)
|
|t:|1779894423
|switch|p2a: Blissey|Blissey, F|100/100
|move|p1a: Gholdengo|Thunderbolt|p2a: Blissey
|-damage|p2a: Blissey|89/100
|
|upkeep
|turn|3
|
|t:|1779894427
|switch|p1a: Corviknight|Corviknight, F|100/100
|move|p2a: Blissey|Shadow Ball|p1a: Corviknight
|-damage|p1a: Corviknight|87/100
|
|-heal|p1a: Corviknight|93/100|[from] item: Leftovers
|upkeep
|turn|4
|
|t:|1779894439
|move|p1a: Corviknight|Defog|p2a: Blissey
|-unboost|p2a: Blissey|evasion|1
|-sideend|p1: asw990117|Spikes|[from] move: Defog|[of] p1a: Corviknight
|move|p2a: Blissey|Stealth Rock|p1a: Corviknight
|-sidestart|p1: asw990117|move: Stealth Rock
|
|-heal|p1a: Corviknight|99/100|[from] item: Leftovers
|upkeep
|turn|5
|
|t:|1779894448
|move|p1a: Corviknight|Body Press|p2a: Blissey
|-supereffective|p2a: Blissey
|-damage|p2a: Blissey|43/100
|move|p2a: Blissey|Shadow Ball|p1a: Corviknight
|-damage|p1a: Corviknight|85/100
|
|-heal|p1a: Corviknight|91/100|[from] item: Leftovers
|upkeep
|turn|6
|
|t:|1779894459
|-terastallize|p2a: Blissey|Dark
|move|p1a: Corviknight|Defog|p2a: Blissey
|-unboost|p2a: Blissey|evasion|1
|-sideend|p1: asw990117|Stealth Rock|[from] move: Defog|[of] p1a: Corviknight
|move|p2a: Blissey|Shadow Ball|p1a: Corviknight
|-damage|p1a: Corviknight|78/100
|
|-heal|p1a: Corviknight|84/100|[from] item: Leftovers
|upkeep
|turn|7
|
|t:|1779894469
|move|p1a: Corviknight|Body Press|p2a: Blissey
|-supereffective|p2a: Blissey
|-damage|p2a: Blissey|0 fnt
|faint|p2a: Blissey
|
|-heal|p1a: Corviknight|90/100|[from] item: Leftovers
|upkeep
|
|t:|1779894474
|switch|p2a: Gliscor|Gliscor, M|100/100
|turn|8
|
|t:|1779894479
|move|p2a: Gliscor|Protect|p2a: Gliscor
|-singleturn|p2a: Gliscor|Protect
|move|p1a: Corviknight|Iron Defense|p1a: Corviknight
|-boost|p1a: Corviknight|def|2
|
|-heal|p1a: Corviknight|97/100|[from] item: Leftovers
|-status|p2a: Gliscor|tox|[from] item: Toxic Orb
|upkeep
|turn|9
|
|t:|1779894484
|move|p2a: Gliscor|Knock Off|p1a: Corviknight
|-damage|p1a: Corviknight|90/100
|-enditem|p1a: Corviknight|Leftovers|[from] move: Knock Off|[of] p2a: Gliscor
|move|p1a: Corviknight|Iron Defense|p1a: Corviknight
|-boost|p1a: Corviknight|def|2
|
|upkeep
|turn|10
|
|t:|1779894489
|move|p2a: Gliscor|Knock Off|p1a: Corviknight
|-damage|p1a: Corviknight|87/100
|move|p1a: Corviknight|Body Press|p2a: Gliscor
|-resisted|p2a: Gliscor
|-damage|p2a: Gliscor|71/100 tox
|
|-heal|p2a: Gliscor|83/100 tox|[from] ability: Poison Heal
|upkeep
|turn|11
|
|t:|1779894496
|move|p2a: Gliscor|Swords Dance|p2a: Gliscor
|-boost|p2a: Gliscor|atk|2
|move|p1a: Corviknight|Iron Defense|p1a: Corviknight
|-boost|p1a: Corviknight|def|2
|
|-heal|p2a: Gliscor|96/100 tox|[from] ability: Poison Heal
|upkeep
|turn|12
|
|t:|1779894506
|move|p2a: Gliscor|Knock Off|p1a: Corviknight
|-damage|p1a: Corviknight|82/100
|move|p1a: Corviknight|Body Press|p2a: Gliscor
|-resisted|p2a: Gliscor
|-damage|p2a: Gliscor|55/100 tox
|
|-heal|p2a: Gliscor|67/100 tox|[from] ability: Poison Heal
|upkeep
|turn|13
|
|t:|1779894519
|move|p2a: Gliscor|Swords Dance|p2a: Gliscor
|-boost|p2a: Gliscor|atk|2
|move|p1a: Corviknight|Body Press|p2a: Gliscor
|-resisted|p2a: Gliscor
|-damage|p2a: Gliscor|32/100 tox
|
|-heal|p2a: Gliscor|45/100 tox|[from] ability: Poison Heal
|upkeep
|turn|14
|
|t:|1779894534
|switch|p2a: Gholdengo|Gholdengo|100/100
|move|p1a: Corviknight|Body Press|p2a: Gholdengo
|-immune|p2a: Gholdengo
|
|upkeep
|turn|15
|
|t:|1779894548
|switch|p1a: Swampert|Swampert, F|100/100
|move|p2a: Gholdengo|Nasty Plot|p2a: Gholdengo
|-boost|p2a: Gholdengo|spa|2
|
|upkeep
|turn|16
|
|t:|1779894560
|move|p2a: Gholdengo|Hex|p1a: Swampert
|-damage|p1a: Swampert|48/100
|move|p1a: Swampert|Earthquake|p2a: Gholdengo
|-supereffective|p2a: Gholdengo
|-damage|p2a: Gholdengo|42/100
|
|-heal|p1a: Swampert|54/100|[from] item: Leftovers
|upkeep
|turn|17
|
|t:|1779894568
|move|p2a: Gholdengo|Hex|p1a: Swampert
|-damage|p1a: Swampert|0 fnt
|faint|p1a: Swampert
|
|upkeep
|
|t:|1779894574
|switch|p1a: Blaziken|Blaziken, F|100/100
|turn|18
|
|t:|1779894587
|move|p1a: Blaziken|Earthquake|p2a: Gholdengo
|-supereffective|p2a: Gholdengo
|-damage|p2a: Gholdengo|0 fnt
|faint|p2a: Gholdengo
|
|-ability|p1a: Blaziken|Speed Boost|boost
|-boost|p1a: Blaziken|spe|1
|upkeep
|
|t:|1779894600
|switch|p2a: Gliscor|Gliscor, M|45/100 tox
|turn|19
|
|t:|1779894605
|switch|p1a: Gholdengo|Gholdengo|100/100
|-item|p1a: Gholdengo|Air Balloon
|move|p2a: Gliscor|Knock Off|p1a: Gholdengo
|-supereffective|p1a: Gholdengo
|-damage|p1a: Gholdengo|54/100
|-enditem|p1a: Gholdengo|Air Balloon
|
|-heal|p2a: Gliscor|57/100 tox|[from] ability: Poison Heal
|upkeep
|turn|20
|
|t:|1779894608
|move|p1a: Gholdengo|Shadow Ball|p2a: Gliscor
|-damage|p2a: Gliscor|17/100 tox
|move|p2a: Gliscor|Earthquake|p1a: Gholdengo
|-supereffective|p1a: Gholdengo
|-damage|p1a: Gholdengo|0 fnt
|faint|p1a: Gholdengo
|
|-heal|p2a: Gliscor|29/100 tox|[from] ability: Poison Heal
|upkeep
|
|t:|1779894614
|switch|p1a: Dragonite|Dragonite, M|100/100
|turn|21
|
|t:|1779894618
|move|p2a: Gliscor|Swords Dance|p2a: Gliscor
|-boost|p2a: Gliscor|atk|2
|move|p1a: Dragonite|Dragon Dance|p1a: Dragonite
|-boost|p1a: Dragonite|atk|1
|-boost|p1a: Dragonite|spe|1
|
|-heal|p2a: Gliscor|42/100 tox|[from] ability: Poison Heal
|upkeep
|turn|22
|
|t:|1779894621
|move|p1a: Dragonite|Ice Spinner|p2a: Gliscor
|-supereffective|p2a: Gliscor
|-damage|p2a: Gliscor|0 fnt
|faint|p2a: Gliscor
|
|upkeep
|
|t:|1779894626
|switch|p2a: Pecharunt|Pecharunt|100/100
|turn|23
|
|t:|1779894636
|move|p1a: Dragonite|Earthquake|p2a: Pecharunt
|-supereffective|p2a: Pecharunt
|-damage|p2a: Pecharunt|49/100
|move|p2a: Pecharunt|Shadow Ball|p1a: Dragonite
|-damage|p1a: Dragonite|90/100
|
|-heal|p1a: Dragonite|96/100|[from] item: Leftovers
|upkeep
|turn|24
|
|t:|1779894646
|switch|p2a: Skarmory|Skarmory, F|100/100
|move|p1a: Dragonite|Earthquake|p2a: Skarmory
|-immune|p2a: Skarmory
|
|-heal|p1a: Dragonite|100/100|[from] item: Leftovers
|upkeep
|turn|25
|
|t:|1779894659
|switch|p1a: Blaziken|Blaziken, F|100/100
|move|p2a: Skarmory|Whirlwind|p1a: Blaziken
|drag|p1a: Dragonite|Dragonite, M|100/100
|
|upkeep
|turn|26
|
|t:|1779894669
|switch|p1a: Blaziken|Blaziken, F|100/100
|move|p2a: Skarmory|Spikes|p1a: Blaziken
|-sidestart|p1: asw990117|Spikes
|
|upkeep
|turn|27
|
|t:|1779894680
|move|p1a: Blaziken|Flare Blitz|p2a: Skarmory
|-supereffective|p2a: Skarmory
|-damage|p2a: Skarmory|21/100
|-status|p2a: Skarmory|brn
|-damage|p1a: Blaziken|72/100|[from] Recoil
|move|p2a: Skarmory|Spikes|p1a: Blaziken
|-sidestart|p1: asw990117|Spikes
|
|-damage|p2a: Skarmory|15/100 brn|[from] brn
|-ability|p1a: Blaziken|Speed Boost|boost
|-boost|p1a: Blaziken|spe|1
|upkeep
|turn|28
|
|t:|1779894695
|move|p1a: Blaziken|Close Combat|p2a: Skarmory
|-damage|p2a: Skarmory|0 fnt
|-unboost|p1a: Blaziken|def|1
|-unboost|p1a: Blaziken|spd|1
|faint|p2a: Skarmory
|
|-ability|p1a: Blaziken|Speed Boost|boost
|-boost|p1a: Blaziken|spe|1
|upkeep
|
|t:|1779894706
|switch|p2a: Pecharunt|Pecharunt|49/100
|turn|29
|
|t:|1779894711
|move|p1a: Blaziken|Earthquake|p2a: Pecharunt
|-supereffective|p2a: Pecharunt
|-damage|p2a: Pecharunt|19/100
|move|p2a: Pecharunt|Recover|p2a: Pecharunt
|-heal|p2a: Pecharunt|69/100
|
|-ability|p1a: Blaziken|Speed Boost|boost
|-boost|p1a: Blaziken|spe|1
|upkeep
|turn|30
|
|t:|1779894723
|move|p1a: Blaziken|Swords Dance|p1a: Blaziken
|-boost|p1a: Blaziken|atk|2
|move|p2a: Pecharunt|Shadow Ball|p1a: Blaziken
|-damage|p1a: Blaziken|12/100
|
|-ability|p1a: Blaziken|Speed Boost|boost
|-boost|p1a: Blaziken|spe|1
|upkeep
|turn|31
|
|t:|1779894742
|move|p1a: Blaziken|Earthquake|p2a: Pecharunt
|-supereffective|p2a: Pecharunt
|-damage|p2a: Pecharunt|8/100
|move|p2a: Pecharunt|Shadow Ball|p1a: Blaziken
|-damage|p1a: Blaziken|0 fnt
|faint|p1a: Blaziken
|
|upkeep
|
|t:|1779894750
|switch|p1a: Dragonite|Dragonite, M|100/100
|turn|32
|
|t:|1779894767
|switch|p2a: Zamazenta|Zamazenta|100/100
|-ability|p2a: Zamazenta|Dauntless Shield|boost
|-boost|p2a: Zamazenta|def|1
|move|p1a: Dragonite|Earthquake|p2a: Zamazenta
|-damage|p2a: Zamazenta|79/100
|
|upkeep
|turn|33
|
|t:|1779894774
|switch|p1a: Breloom|Breloom, F|100/100
|-damage|p1a: Breloom|84/100|[from] Spikes
|move|p2a: Zamazenta|Ice Fang|p1a: Breloom
|-supereffective|p1a: Breloom
|-damage|p1a: Breloom|16/100
|
|upkeep
|turn|34
|
|t:|1779894784
|move|p2a: Zamazenta|Close Combat|p1a: Breloom
|-damage|p1a: Breloom|0 fnt
|-unboost|p2a: Zamazenta|def|1
|-unboost|p2a: Zamazenta|spd|1
|faint|p1a: Breloom
|
|upkeep
|
|t:|1779894789
|switch|p1a: Corviknight|Corviknight, F|82/100
|turn|35
|
|t:|1779894800
|move|p2a: Zamazenta|Ice Fang|p1a: Corviknight
|-damage|p1a: Corviknight|69/100
|move|p1a: Corviknight|Iron Defense|p1a: Corviknight
|-boost|p1a: Corviknight|def|2
|
|upkeep
|turn|36
|
|t:|1779894814
|move|p2a: Zamazenta|Close Combat|p1a: Corviknight
|-damage|p1a: Corviknight|50/100
|-unboost|p2a: Zamazenta|def|1
|-unboost|p2a: Zamazenta|spd|1
|move|p1a: Corviknight|Iron Defense|p1a: Corviknight
|-boost|p1a: Corviknight|def|2
|
|upkeep
|turn|37
|
|t:|1779894830
|move|p2a: Zamazenta|Ice Fang|p1a: Corviknight
|-damage|p1a: Corviknight|45/100
|cant|p1a: Corviknight|flinch
|
|upkeep
|turn|38
|
|t:|1779894841
|move|p2a: Zamazenta|Close Combat|p1a: Corviknight
|-crit|p1a: Corviknight
|-damage|p1a: Corviknight|0 fnt
|-unboost|p2a: Zamazenta|def|1
|-unboost|p2a: Zamazenta|spd|1
|faint|p1a: Corviknight
|
|upkeep
|
|t:|1779894848
|switch|p1a: Dragonite|Dragonite, M|100/100
|turn|39
|
|t:|1779894860
|move|p2a: Zamazenta|Ice Fang|p1a: Dragonite
|-supereffective|p1a: Dragonite
|-damage|p1a: Dragonite|62/100
|move|p1a: Dragonite|Earthquake|p2a: Zamazenta
|-damage|p2a: Zamazenta|18/100
|
|-heal|p1a: Dragonite|68/100|[from] item: Leftovers
|upkeep
|turn|40
|
|t:|1779894869
|-terastallize|p1a: Dragonite|Normal
|move|p1a: Dragonite|Extreme Speed|p2a: Zamazenta
|-damage|p2a: Zamazenta|0 fnt
|faint|p2a: Zamazenta
|
|-heal|p1a: Dragonite|74/100|[from] item: Leftovers
|upkeep
|
|t:|1779894876
|switch|p2a: Pecharunt|Pecharunt|8/100
|turn|41
|
|t:|1779894885
|move|p1a: Dragonite|Earthquake|p2a: Pecharunt
|-supereffective|p2a: Pecharunt
|-damage|p2a: Pecharunt|0 fnt
|faint|p2a: Pecharunt
|
|win|asw990117
|raw|asw990117's rating: 1232 &rarr; <strong>1261</strong><br />(+29 for winning)
|raw|claudechamp's rating: 1283 &rarr; <strong>1254</strong><br />(-29 for losing)
|c|☆claudechamp|gg
|c|☆asw990117|gg
|l|☆asw990117
|player|p1|
