|j|☆6bigfellers
|j|☆Kristian697
|t:|1779847019
|gametype|singles
|player|p1|6bigfellers|brycenman|1185
|player|p2|Kristian697|101|1129
|gen|9
|tier|[Gen 9] OU
|rated|
|rule|HP Percentage Mod: HP is shown in percentages
|rule|Endless Battle Clause: Forcing endless battles is banned
|rule|Species Clause: Limit one of each Pokémon
|rule|OHKO Clause: OHKO moves are banned
|rule|Evasion Items Clause: Evasion items are banned
|rule|Evasion Moves Clause: Evasion moves are banned
|rule|Evasion Abilities Clause: Evasion abilities are banned
|rule|Sleep Moves Clause: Sleep-inducing moves are banned
|clearpoke
|poke|p1|Wo-Chien|
|poke|p1|Iron Treads|
|poke|p1|Weezing-Galar, F|
|poke|p1|Blissey, F|
|poke|p1|Alomomola, F|
|poke|p1|Talonflame, F|
|poke|p2|Florges-Orange, F|
|poke|p2|Walking Wake|
|poke|p2|Scizor, M|
|poke|p2|Ceruledge, M|
|poke|p2|Cresselia, F|
|poke|p2|Zarude|
|teampreview
|inactive|Battle timer is ON: inactive players will automatically lose when time's up. (requested by 6bigfellers)
|
|t:|1779847027
|teamsize|p1|6
|teamsize|p2|6
|start
|switch|p1a: Iron Treads|Iron Treads|100/100
|switch|p2a: Zarude|Zarude|100/100
|turn|1
|
|t:|1779847046
|-end|p1a: Iron Treads|Quark Drive|[silent]
|switch|p1a: Talonflame|Talonflame, F|100/100
|move|p2a: Zarude|Giga Drain|p1a: Talonflame
|-resisted|p1a: Talonflame
|-damage|p1a: Talonflame|95/100
|
|upkeep
|turn|2
|
|t:|1779847061
|switch|p2a: Walking Wake|Walking Wake|100/100
|-enditem|p2a: Walking Wake|Booster Energy
|-activate|p2a: Walking Wake|ability: Protosynthesis|[fromitem]
|-start|p2a: Walking Wake|protosynthesisspa
|switch|p1a: Alomomola|Alomomola, F|100/100
|
|upkeep
|turn|3
|
|t:|1779847073
|switch|p1a: Weezing|Weezing-Galar, F|100/100
|-ability|p1a: Weezing|Neutralizing Gas
|move|p2a: Walking Wake|Knock Off|p1a: Weezing
|-resisted|p1a: Weezing
|-damage|p1a: Weezing|95/100
|-enditem|p1a: Weezing|Leftovers|[from] move: Knock Off|[of] p2a: Walking Wake
|
|upkeep
|turn|4
|inactive|Kristian697 has 120 seconds left.
|
|t:|1779847103
|move|p2a: Walking Wake|Flamethrower|p1a: Weezing
|-damage|p1a: Weezing|57/100
|move|p1a: Weezing|Will-O-Wisp|p2a: Walking Wake
|-status|p2a: Walking Wake|brn
|
|-damage|p2a: Walking Wake|94/100 brn|[from] brn
|upkeep
|turn|5
|
|t:|1779847111
|-end|p2a: Walking Wake|Protosynthesis|[silent]
|switch|p2a: Ceruledge|Ceruledge, M|100/100
|move|p1a: Weezing|Pain Split|p2a: Ceruledge
|-sethp|p2a: Ceruledge|83/100|[from] move: Pain Split|[silent]
|-sethp|p1a: Weezing|72/100|[from] move: Pain Split
|
|upkeep
|turn|6
|
|t:|1779847130
|-end|p1a: Weezing|ability: Neutralizing Gas
|switch|p1a: Alomomola|Alomomola, F|100/100
|move|p2a: Ceruledge|Bitter Blade|p1a: Alomomola
|-resisted|p1a: Alomomola
|-damage|p1a: Alomomola|86/100
|-heal|p2a: Ceruledge|95/100|[from] drain|[of] p1a: Alomomola
|-damage|p2a: Ceruledge|79/100|[from] item: Rocky Helmet|[of] p1a: Alomomola
|
|upkeep
|turn|7
|inactive|Kristian697 has 120 seconds left.
|
|t:|1779847151
|switch|p2a: Cresselia|Cresselia, F|100/100
|move|p1a: Alomomola|Flip Turn|p2a: Cresselia
|-damage|p2a: Cresselia|90/100
|-enditem|p2a: Cresselia|Eject Button
|inactive|Kristian697 has 120 seconds left.
|
|t:|1779847160
|switch|p2a: Walking Wake|Walking Wake|94/100 brn
|
|-damage|p2a: Walking Wake|88/100 brn|[from] brn
|upkeep
|turn|8
|
|t:|1779847174
|-end|p2a: Walking Wake|Protosynthesis|[silent]
|switch|p2a: Cresselia|Cresselia, F|90/100
|switch|p1a: Blissey.exe|Blissey, F|100/100
|
|upkeep
|turn|9
|
|t:|1779847180
|move|p2a: Cresselia|Thunder Wave|p1a: Blissey.exe
|-status|p1a: Blissey.exe|par
|move|p1a: Blissey.exe|Stealth Rock|p2a: Cresselia
|-sidestart|p2: Kristian697|move: Stealth Rock
|
|upkeep
|turn|10
|
|t:|1779847199
|-curestatus|p1a: Blissey.exe|par|[from] ability: Natural Cure|[silent]
|switch|p1a: Iron Treads|Iron Treads|100/100
|move|p2a: Cresselia|Moonlight|p2a: Cresselia
|-heal|p2a: Cresselia|100/100
|
|upkeep
|turn|11
|
|t:|1779847222
|switch|p2a: Walking Wake|Walking Wake|88/100 brn
|-damage|p2a: Walking Wake|76/100 brn|[from] Stealth Rock
|move|p1a: Iron Treads|Knock Off|p2a: Walking Wake
|-damage|p2a: Walking Wake|57/100 brn
|
|-damage|p2a: Walking Wake|51/100 brn|[from] brn
|upkeep
|turn|12
|
|t:|1779847230
|-end|p1a: Iron Treads|Quark Drive|[silent]
|switch|p1a: Blissey.exe|Blissey, F|100/100
|move|p2a: Walking Wake|Flamethrower|p1a: Blissey.exe
|-damage|p1a: Blissey.exe|92/100
|
|-heal|p1a: Blissey.exe|98/100|[from] item: Leftovers
|-damage|p2a: Walking Wake|45/100 brn|[from] brn
|upkeep
|turn|13
|
|t:|1779847249
|move|p2a: Walking Wake|Knock Off|p1a: Blissey.exe
|-damage|p1a: Blissey.exe|89/100
|-enditem|p1a: Blissey.exe|Leftovers|[from] move: Knock Off|[of] p2a: Walking Wake
|move|p1a: Blissey.exe|Calm Mind|p1a: Blissey.exe
|-boost|p1a: Blissey.exe|spa|1
|-boost|p1a: Blissey.exe|spd|1
|
|-damage|p2a: Walking Wake|39/100 brn|[from] brn
|upkeep
|turn|14
|
|t:|1779847265
|-end|p2a: Walking Wake|Protosynthesis|[silent]
|switch|p2a: Scizor|Scizor, M|100/100
|-damage|p2a: Scizor|88/100|[from] Stealth Rock
|move|p1a: Blissey.exe|Flamethrower|p2a: Scizor
|-supereffective|p2a: Scizor
|-damage|p2a: Scizor|0 fnt
|faint|p2a: Scizor
|
|upkeep
|inactive|Kristian697 has 120 seconds left.
|
|t:|1779847278
|switch|p2a: Ceruledge|Ceruledge, M|79/100
|-damage|p2a: Ceruledge|54/100|[from] Stealth Rock
|turn|15
|
|t:|1779847293
|switch|p1a: Alomomola|Alomomola, F|100/100
|move|p2a: Ceruledge|Close Combat|p1a: Alomomola
|-damage|p1a: Alomomola|73/100
|-unboost|p2a: Ceruledge|def|1
|-unboost|p2a: Ceruledge|spd|1
|-damage|p2a: Ceruledge|37/100|[from] item: Rocky Helmet|[of] p1a: Alomomola
|
|upkeep
|turn|16
|
|t:|1779847302
|move|p2a: Ceruledge|Poltergeist|p1a: Alomomola
|-activate|p1a: Alomomola|move: Poltergeist|Rocky Helmet
|-damage|p1a: Alomomola|33/100
|move|p1a: Alomomola|Flip Turn|p2a: Ceruledge
|-supereffective|p2a: Ceruledge
|-damage|p2a: Ceruledge|0 fnt
|faint|p2a: Ceruledge
|
|t:|1779847316
|switch|p1a: Wo-Chien|Wo-Chien|100/100|[from] Flip Turn
|-ability|p1a: Wo-Chien|Tablets of Ruin
|
|upkeep
|
|t:|1779847326
|switch|p2a: Zarude|Zarude|100/100
|-damage|p2a: Zarude|88/100|[from] Stealth Rock
|turn|17
|
|t:|1779847337
|switch|p2a: Walking Wake|Walking Wake|39/100 brn
|-damage|p2a: Walking Wake|26/100 brn|[from] Stealth Rock
|switch|p1a: Talonflame|Talonflame, F|95/100
|
|-damage|p2a: Walking Wake|20/100 brn|[from] brn
|upkeep
|turn|18
|
|t:|1779847343
|switch|p1a: Blissey.exe|Blissey, F|89/100
|move|p2a: Walking Wake|Hydro Pump|p1a: Blissey.exe
|-damage|p1a: Blissey.exe|73/100
|
|-damage|p2a: Walking Wake|14/100 brn|[from] brn
|upkeep
|turn|19
|
|t:|1779847348
|move|p2a: Walking Wake|Draco Meteor|p1a: Blissey.exe|[miss]
|-miss|p2a: Walking Wake|p1a: Blissey.exe
|move|p1a: Blissey.exe|Calm Mind|p1a: Blissey.exe
|-boost|p1a: Blissey.exe|spa|1
|-boost|p1a: Blissey.exe|spd|1
|
|-damage|p2a: Walking Wake|8/100 brn|[from] brn
|upkeep
|turn|20
|
|t:|1779847352
|move|p2a: Walking Wake|Knock Off|p1a: Blissey.exe
|-damage|p1a: Blissey.exe|67/100
|move|p1a: Blissey.exe|Calm Mind|p1a: Blissey.exe
|-boost|p1a: Blissey.exe|spa|1
|-boost|p1a: Blissey.exe|spd|1
|
|-damage|p2a: Walking Wake|2/100 brn|[from] brn
|upkeep
|turn|21
|
|t:|1779847357
|move|p2a: Walking Wake|Flamethrower|p1a: Blissey.exe
|-damage|p1a: Blissey.exe|62/100
|move|p1a: Blissey.exe|Calm Mind|p1a: Blissey.exe
|-boost|p1a: Blissey.exe|spa|1
|-boost|p1a: Blissey.exe|spd|1
|
|-damage|p2a: Walking Wake|0 fnt|[from] brn
|faint|p2a: Walking Wake
|-end|p2a: Walking Wake|Protosynthesis|[silent]
|upkeep
|
|t:|1779847365
|switch|p2a: Cresselia|Cresselia, F|100/100
|-damage|p2a: Cresselia|88/100|[from] Stealth Rock
|turn|22
|
|t:|1779847370
|move|p2a: Cresselia|Thunder Wave|p1a: Blissey.exe
|-status|p1a: Blissey.exe|par
|cant|p1a: Blissey.exe|par
|
|upkeep
|turn|23
|
|t:|1779847376
|move|p2a: Cresselia|Psychic|p1a: Blissey.exe
|-damage|p1a: Blissey.exe|59/100 par
|move|p1a: Blissey.exe|Flamethrower|p2a: Cresselia
|-damage|p2a: Cresselia|66/100
|
|upkeep
|turn|24
|
|t:|1779847384
|-curestatus|p1a: Blissey.exe|par|[from] ability: Natural Cure|[silent]
|switch|p1a: Wo-Chien|Wo-Chien|100/100
|-ability|p1a: Wo-Chien|Tablets of Ruin
|move|p2a: Cresselia|Psychic|p1a: Wo-Chien
|-immune|p1a: Wo-Chien
|
|upkeep
|turn|25
|
|t:|1779847398
|move|p2a: Cresselia|Thunder Wave|p1a: Wo-Chien
|-status|p1a: Wo-Chien|par
|cant|p1a: Wo-Chien|par
|
|upkeep
|turn|26
|
|t:|1779847403
|move|p2a: Cresselia|Moonlight|p2a: Cresselia
|-heal|p2a: Cresselia|100/100
|cant|p1a: Wo-Chien|par
|
|upkeep
|turn|27
|
|t:|1779847415
|switch|p2a: Florges|Florges-Orange, F|100/100
|-damage|p2a: Florges|88/100|[from] Stealth Rock
|move|p1a: Wo-Chien|Leech Seed|p2a: Florges
|-start|p2a: Florges|move: Leech Seed
|
|-heal|p2a: Florges|94/100|[from] item: Leftovers
|-damage|p2a: Florges|82/100|[from] Leech Seed|[of] p1a: Wo-Chien
|upkeep
|turn|28
|
|t:|1779847424
|switch|p1a: Blissey.exe|Blissey, F|59/100
|move|p2a: Florges|Moonblast|p1a: Blissey.exe
|-damage|p1a: Blissey.exe|48/100
|
|-heal|p2a: Florges|88/100|[from] item: Leftovers
|-damage|p2a: Florges|75/100|[from] Leech Seed|[of] p1a: Blissey.exe
|-heal|p1a: Blissey.exe|55/100|[silent]
|upkeep
|turn|29
|
|t:|1779847435
|move|p2a: Florges|Charm|p1a: Blissey.exe
|-unboost|p1a: Blissey.exe|atk|2
|move|p1a: Blissey.exe|Soft-Boiled|p1a: Blissey.exe
|-heal|p1a: Blissey.exe|100/100
|
|-heal|p2a: Florges|81/100|[from] item: Leftovers
|-damage|p2a: Florges|69/100|[from] Leech Seed|[of] p1a: Blissey.exe
|upkeep
|turn|30
|
|t:|1779847441
|move|p2a: Florges|Calm Mind|p2a: Florges
|-boost|p2a: Florges|spa|1
|-boost|p2a: Florges|spd|1
|move|p1a: Blissey.exe|Calm Mind|p1a: Blissey.exe
|-boost|p1a: Blissey.exe|spa|1
|-boost|p1a: Blissey.exe|spd|1
|
|-heal|p2a: Florges|75/100|[from] item: Leftovers
|-damage|p2a: Florges|62/100|[from] Leech Seed|[of] p1a: Blissey.exe
|upkeep
|turn|31
|
|t:|1779847444
|move|p2a: Florges|Calm Mind|p2a: Florges
|-boost|p2a: Florges|spa|1
|-boost|p2a: Florges|spd|1
|move|p1a: Blissey.exe|Calm Mind|p1a: Blissey.exe
|-boost|p1a: Blissey.exe|spa|1
|-boost|p1a: Blissey.exe|spd|1
|
|-heal|p2a: Florges|69/100|[from] item: Leftovers
|-damage|p2a: Florges|56/100|[from] Leech Seed|[of] p1a: Blissey.exe
|upkeep
|turn|32
|
|t:|1779847448
|move|p2a: Florges|Calm Mind|p2a: Florges
|-boost|p2a: Florges|spa|1
|-boost|p2a: Florges|spd|1
|move|p1a: Blissey.exe|Calm Mind|p1a: Blissey.exe
|-boost|p1a: Blissey.exe|spa|1
|-boost|p1a: Blissey.exe|spd|1
|
|-heal|p2a: Florges|62/100|[from] item: Leftovers
|-damage|p2a: Florges|50/100|[from] Leech Seed|[of] p1a: Blissey.exe
|upkeep
|turn|33
|l|☆6bigfellers
|inactive|6bigfellers disconnected and has a minute to reconnect!
|player|p1|
|j|☆6bigfellers
|inactive|6bigfellers reconnected and has 135 seconds left.
|player|p1|6bigfellers|brycenman|
|
|t:|1779847469
|move|p2a: Florges|Synthesis|p2a: Florges
|-heal|p2a: Florges|99/100
|move|p1a: Blissey.exe|Flamethrower|p2a: Florges
|-damage|p2a: Florges|90/100
|
|-heal|p2a: Florges|96/100|[from] item: Leftovers
|-damage|p2a: Florges|84/100|[from] Leech Seed|[of] p1a: Blissey.exe
|upkeep
|turn|34
|
|t:|1779847473
|move|p2a: Florges|Moonblast|p1a: Blissey.exe
|-damage|p1a: Blissey.exe|90/100
|move|p1a: Blissey.exe|Calm Mind|p1a: Blissey.exe
|-boost|p1a: Blissey.exe|spa|1
|-boost|p1a: Blissey.exe|spd|1
|
|-heal|p2a: Florges|90/100|[from] item: Leftovers
|-damage|p2a: Florges|77/100|[from] Leech Seed|[of] p1a: Blissey.exe
|-heal|p1a: Blissey.exe|97/100|[silent]
|upkeep
|turn|35
|
|t:|1779847480
|switch|p2a: Zarude|Zarude|88/100
|-damage|p2a: Zarude|76/100|[from] Stealth Rock
|move|p1a: Blissey.exe|Flamethrower|p2a: Zarude
|-supereffective|p2a: Zarude
|-damage|p2a: Zarude|0 fnt
|faint|p2a: Zarude
|
|upkeep
|
|t:|1779847483
|switch|p2a: Florges|Florges-Orange, F|77/100
|-damage|p2a: Florges|65/100|[from] Stealth Rock
|turn|36
|
|t:|1779847487
|switch|p2a: Cresselia|Cresselia, F|100/100
|-damage|p2a: Cresselia|88/100|[from] Stealth Rock
|move|p1a: Blissey.exe|Flamethrower|p2a: Cresselia
|-damage|p2a: Cresselia|58/100
|
|upkeep
|turn|37
|
|t:|1779847493
|move|p2a: Cresselia|Thunder Wave|p1a: Blissey.exe
|-status|p1a: Blissey.exe|par
|move|p1a: Blissey.exe|Flamethrower|p2a: Cresselia
|-damage|p2a: Cresselia|29/100
|
|upkeep
|turn|38
|c|☆6bigfellers|6bigfellers
|
|t:|1779847504
|move|p2a: Cresselia|Moonlight|p2a: Cresselia
|-heal|p2a: Cresselia|79/100
|cant|p1a: Blissey.exe|par
|
|upkeep
|turn|39
|
|t:|1779847507
|move|p2a: Cresselia|Psychic|p1a: Blissey.exe
|-damage|p1a: Blissey.exe|94/100 par
|cant|p1a: Blissey.exe|par
|
|upkeep
|turn|40
|
|t:|1779847512
|move|p2a: Cresselia|Moonlight|p2a: Cresselia
|-heal|p2a: Cresselia|100/100
|move|p1a: Blissey.exe|Flamethrower|p2a: Cresselia
|-damage|p2a: Cresselia|71/100
|-status|p2a: Cresselia|brn
|
|-damage|p2a: Cresselia|65/100 brn|[from] brn
|upkeep
|turn|41
|
|t:|1779847518
|move|p2a: Cresselia|Psychic|p1a: Blissey.exe
|-damage|p1a: Blissey.exe|91/100 par
|move|p1a: Blissey.exe|Flamethrower|p2a: Cresselia
|-crit|p2a: Cresselia
|-damage|p2a: Cresselia|25/100 brn
|
|-damage|p2a: Cresselia|19/100 brn|[from] brn
|upkeep
|turn|42
|-message|Kristian697 forfeited.
|
|win|6bigfellers
|raw|6bigfellers's rating: 1185 &rarr; <strong>1206</strong><br />(+21 for winning)
|raw|Kristian697's rating: 1129 &rarr; <strong>1108</strong><br />(-21 for losing)
|l|☆Kristian697
|player|p2|
|l|☆6bigfellers
|player|p1|
