|j|☆somsleep
|j|☆pigperfect9831
|t:|1779920051
|gametype|singles
|player|p1|somsleep|266|1527
|player|p2|pigperfect9831|workerice|1591
|gen|9
|tier|[Gen 9] OU
|rated|
|rule|HP Percentage Mod: HP is shown in percentages
|rule|Endless Battle Clause: Forcing endless battles is banned
|rule|Species Clause: Limit one of each Pokémon
|rule|OHKO Clause: OHKO moves are banned
|rule|Evasion Items Clause: Evasion items are banned
|rule|Evasion Moves Clause: Evasion moves are banned
|rule|Evasion Abilities Clause: Evasion abilities are banned
|rule|Sleep Moves Clause: Sleep-inducing moves are banned
|clearpoke
|poke|p1|Abomasnow, M|
|poke|p1|Cetitan, M|
|poke|p1|Rotom|
|poke|p1|Illumise, F|
|poke|p1|Keldeo-Resolute|
|poke|p1|Iron Treads|
|poke|p2|Dragapult, F|
|poke|p2|Great Tusk|
|poke|p2|Hatterene, F|
|poke|p2|Ninetales, M|
|poke|p2|Slither Wing|
|poke|p2|Walking Wake|
|teampreview
|inactive|Battle timer is ON: inactive players will automatically lose when time's up. (requested by somsleep)
|
|t:|1779920070
|teamsize|p1|6
|teamsize|p2|6
|start
|switch|p1a: Rotom|Rotom|100/100
|switch|p2a: Great Tusk|Great Tusk|100/100
|turn|1
|
|t:|1779920073
|move|p1a: Rotom|Trick|p2a: Great Tusk
|-activate|p1a: Rotom|move: Trick|[of] p2a: Great Tusk
|-item|p2a: Great Tusk|Choice Scarf|[from] move: Trick
|-item|p1a: Rotom|Heavy-Duty Boots|[from] move: Trick
|move|p2a: Great Tusk|Stealth Rock|p1a: Rotom
|-sidestart|p1: somsleep|move: Stealth Rock
|
|upkeep
|turn|2
|
|t:|1779920082
|-end|p2a: Great Tusk|Protosynthesis|[silent]
|switch|p2a: Hatterene|Hatterene, F|100/100
|move|p1a: Rotom|Thunder Wave|p2a: Hatterene
|move|p2a: Hatterene|Thunder Wave|p1a: Rotom|[from] ability: Magic Bounce|[miss]
|-miss|p2a: Hatterene|p1a: Rotom
|
|upkeep
|turn|3
|
|t:|1779920088
|switch|p1a: Iron Treads|Iron Treads|100/100
|-damage|p1a: Iron Treads|97/100|[from] Stealth Rock
|-enditem|p1a: Iron Treads|Booster Energy
|-activate|p1a: Iron Treads|ability: Quark Drive|[fromitem]
|-start|p1a: Iron Treads|quarkdrivespe
|move|p2a: Hatterene|Psychic Noise|p1a: Iron Treads
|-resisted|p1a: Iron Treads
|-damage|p1a: Iron Treads|72/100
|-start|p1a: Iron Treads|move: Heal Block
|
|upkeep
|turn|4
|
|t:|1779920092
|move|p1a: Iron Treads|Rapid Spin|p2a: Hatterene
|-damage|p2a: Hatterene|87/100
|-boost|p1a: Iron Treads|spe|1
|-sideend|p1: somsleep|Stealth Rock|[from] move: Rapid Spin|[of] p1a: Iron Treads
|-enditem|p2a: Hatterene|Eject Button
|
|t:|1779920101
|switch|p2a: Great Tusk|Great Tusk|100/100
|
|-end|p1a: Iron Treads|move: Heal Block
|upkeep
|turn|5
|
|t:|1779920105
|move|p1a: Iron Treads|Stealth Rock|p2a: Great Tusk
|-sidestart|p2: pigperfect9831|move: Stealth Rock
|move|p2a: Great Tusk|Headlong Rush|p1a: Iron Treads
|-supereffective|p1a: Iron Treads
|-damage|p1a: Iron Treads|0 fnt
|-unboost|p2a: Great Tusk|def|1
|-unboost|p2a: Great Tusk|spd|1
|faint|p1a: Iron Treads
|-end|p1a: Iron Treads|Quark Drive|[silent]
|
|upkeep
|
|t:|1779920116
|switch|p1a: Illumise|Illumise, F|100/100
|turn|6
|
|t:|1779920121
|-end|p2a: Great Tusk|Protosynthesis|[silent]
|switch|p2a: Hatterene|Hatterene, F|87/100
|-damage|p2a: Hatterene|74/100|[from] Stealth Rock
|move|p1a: Illumise|Tailwind|p1a: Illumise
|-sidestart|p1: somsleep|move: Tailwind
|
|upkeep
|turn|7
|
|t:|1779920126
|move|p1a: Illumise|Mud-Slap|p2a: Hatterene
|-damage|p2a: Hatterene|70/100
|-unboost|p2a: Hatterene|accuracy|1
|move|p2a: Hatterene|Mystical Fire|p1a: Illumise
|-supereffective|p1a: Illumise
|-damage|p1a: Illumise|50/100
|-unboost|p1a: Illumise|spa|1
|-enditem|p1a: Illumise|Eject Button
|
|t:|1779920136
|switch|p1a: Rotom|Rotom|100/100
|
|upkeep
|turn|8
|j| ArtistsRendition
|
|t:|1779920141
|switch|p2a: Ninetales|Ninetales, M|100/100
|-damage|p2a: Ninetales|76/100|[from] Stealth Rock
|-weather|SunnyDay|[from] ability: Drought|[of] p2a: Ninetales
|move|p1a: Rotom|Hex|p2a: Ninetales
|-damage|p2a: Ninetales|55/100
|
|-weather|SunnyDay|[upkeep]
|upkeep
|turn|9
|
|t:|1779920148
|switch|p2a: Hatterene|Hatterene, F|70/100
|-damage|p2a: Hatterene|58/100|[from] Stealth Rock
|move|p1a: Rotom|Thunder Wave|p2a: Hatterene
|move|p2a: Hatterene|Thunder Wave|p1a: Rotom|[from] ability: Magic Bounce
|-immune|p1a: Rotom
|
|-weather|SunnyDay|[upkeep]
|-sideend|p1: somsleep|move: Tailwind
|upkeep
|turn|10
|
|t:|1779920152
|move|p1a: Rotom|Hex|p2a: Hatterene
|-supereffective|p2a: Hatterene
|-damage|p2a: Hatterene|11/100
|move|p2a: Hatterene|Mystical Fire|p1a: Rotom
|-damage|p1a: Rotom|51/100
|-unboost|p1a: Rotom|spa|1
|
|-weather|SunnyDay|[upkeep]
|upkeep
|turn|11
|
|t:|1779920156
|move|p1a: Rotom|Hex|p2a: Hatterene
|-supereffective|p2a: Hatterene
|-damage|p2a: Hatterene|0 fnt
|faint|p2a: Hatterene
|
|-weather|SunnyDay|[upkeep]
|upkeep
|
|t:|1779920158
|switch|p2a: Dragapult|Dragapult, F|100/100
|-damage|p2a: Dragapult|88/100|[from] Stealth Rock
|turn|12
|
|t:|1779920162
|switch|p1a: Abomasnow|Abomasnow, M, shiny|100/100
|-weather|Snowscape|[from] ability: Snow Warning|[of] p1a: Abomasnow
|move|p2a: Dragapult|Flamethrower|p1a: Abomasnow
|-supereffective|p1a: Abomasnow
|-damage|p1a: Abomasnow|0 fnt
|faint|p1a: Abomasnow
|
|-weather|Snowscape|[upkeep]
|upkeep
|
|t:|1779920171
|switch|p1a: Cetitan|Cetitan, M|100/100
|turn|13
|
|t:|1779920176
|switch|p2a: Ninetales|Ninetales, M|55/100
|-damage|p2a: Ninetales|30/100|[from] Stealth Rock
|-weather|SunnyDay|[from] ability: Drought|[of] p2a: Ninetales
|-terastallize|p1a: Cetitan|Water
|move|p1a: Cetitan|Belly Drum|p1a: Cetitan
|-damage|p1a: Cetitan|50/100
|-setboost|p1a: Cetitan|atk|6|[from] move: Belly Drum
|-enditem|p1a: Cetitan|Sitrus Berry|[eat]
|-heal|p1a: Cetitan|75/100|[from] item: Sitrus Berry
|
|-weather|SunnyDay|[upkeep]
|upkeep
|turn|14
|
|t:|1779920188
|move|p1a: Cetitan|Ice Shard|p2a: Ninetales
|-resisted|p2a: Ninetales
|-damage|p2a: Ninetales|0 fnt
|faint|p2a: Ninetales
|
|-weather|SunnyDay|[upkeep]
|upkeep
|
|t:|1779920194
|switch|p2a: Slither Wing|Slither Wing|100/100
|-damage|p2a: Slither Wing|88/100|[from] Stealth Rock
|-activate|p2a: Slither Wing|ability: Protosynthesis
|-start|p2a: Slither Wing|protosynthesisatk
|turn|15
|
|t:|1779920198
|move|p2a: Slither Wing|First Impression|p1a: Cetitan
|-damage|p1a: Cetitan|31/100
|move|p1a: Cetitan|Ice Shard|p2a: Slither Wing
|-damage|p2a: Slither Wing|25/100
|
|-weather|SunnyDay|[upkeep]
|upkeep
|turn|16
|
|t:|1779920206
|move|p1a: Cetitan|Ice Shard|p2a: Slither Wing
|-damage|p2a: Slither Wing|0 fnt
|faint|p2a: Slither Wing
|-end|p2a: Slither Wing|Protosynthesis|[silent]
|
|-weather|SunnyDay|[upkeep]
|upkeep
|
|t:|1779920210
|switch|p2a: Great Tusk|Great Tusk|100/100
|-damage|p2a: Great Tusk|98/100|[from] Stealth Rock
|-activate|p2a: Great Tusk|ability: Protosynthesis
|-start|p2a: Great Tusk|protosynthesisatk
|turn|17
|
|t:|1779920218
|-terastallize|p2a: Great Tusk|Steel
|move|p1a: Cetitan|Ice Shard|p2a: Great Tusk
|-resisted|p2a: Great Tusk
|-damage|p2a: Great Tusk|66/100
|move|p2a: Great Tusk|Rapid Spin|p1a: Cetitan
|-damage|p1a: Cetitan|9/100
|-boost|p2a: Great Tusk|spe|1
|-sideend|p2: pigperfect9831|Stealth Rock|[from] move: Rapid Spin|[of] p2a: Great Tusk
|
|-weather|SunnyDay|[upkeep]
|upkeep
|turn|18
|
|t:|1779920227
|-end|p2a: Great Tusk|Protosynthesis|[silent]
|switch|p2a: Walking Wake|Walking Wake|100/100
|-activate|p2a: Walking Wake|ability: Protosynthesis
|-start|p2a: Walking Wake|protosynthesisspe
|switch|p1a: Rotom|Rotom|51/100
|
|-weather|SunnyDay|[upkeep]
|upkeep
|turn|19
|
|t:|1779920233
|move|p2a: Walking Wake|Dragon Pulse|p1a: Rotom
|-damage|p1a: Rotom|0 fnt
|faint|p1a: Rotom
|
|-weather|SunnyDay|[upkeep]
|upkeep
|
|t:|1779920235
|switch|p1a: Illumise|Illumise, F|50/100
|turn|20
|
|t:|1779920242
|move|p1a: Illumise|Tailwind|p1a: Illumise
|-sidestart|p1: somsleep|move: Tailwind
|move|p2a: Walking Wake|Dragon Pulse|p1a: Illumise
|-damage|p1a: Illumise|0 fnt
|faint|p1a: Illumise
|
|-weather|none
|-end|p2a: Walking Wake|Protosynthesis
|upkeep
|
|t:|1779920248
|switch|p1a: Cetitan|Cetitan, M, tera:Water|9/100
|turn|21
|
|t:|1779920250
|move|p1a: Cetitan|Earthquake|p2a: Walking Wake
|-damage|p2a: Walking Wake|62/100
|move|p2a: Walking Wake|Dragon Pulse|p1a: Cetitan
|-damage|p1a: Cetitan|0 fnt
|faint|p1a: Cetitan
|
|upkeep
|
|t:|1779920252
|switch|p1a: Keldeo|Keldeo-Resolute|100/100
|turn|22
|
|t:|1779920256
|move|p1a: Keldeo|Calm Mind|p1a: Keldeo
|-boost|p1a: Keldeo|spa|1
|-boost|p1a: Keldeo|spd|1
|move|p2a: Walking Wake|Dragon Pulse|p1a: Keldeo
|-damage|p1a: Keldeo|55/100
|
|-heal|p1a: Keldeo|61/100|[from] item: Leftovers
|upkeep
|turn|23
|
|t:|1779920259
|-end|p2a: Walking Wake|Protosynthesis|[silent]
|switch|p2a: Great Tusk|Great Tusk, tera:Steel|66/100
|move|p1a: Keldeo|Secret Sword|p2a: Great Tusk
|-supereffective|p2a: Great Tusk
|-damage|p2a: Great Tusk|0 fnt
|faint|p2a: Great Tusk
|-end|p2a: Great Tusk|Protosynthesis|[silent]
|
|-heal|p1a: Keldeo|67/100|[from] item: Leftovers
|-sideend|p1: somsleep|move: Tailwind
|upkeep
|
|t:|1779920261
|switch|p2a: Dragapult|Dragapult, F|88/100
|turn|24
|
|t:|1779920264
|move|p2a: Dragapult|Shadow Ball|p1a: Keldeo
|-damage|p1a: Keldeo|28/100
|move|p1a: Keldeo|Surf|p2a: Dragapult
|-resisted|p2a: Dragapult
|-damage|p2a: Dragapult|41/100
|
|-heal|p1a: Keldeo|34/100|[from] item: Leftovers
|upkeep
|turn|25
|
|t:|1779920269
|move|p2a: Dragapult|Shadow Ball|p1a: Keldeo
|-damage|p1a: Keldeo|0 fnt
|faint|p1a: Keldeo
|
|win|pigperfect9831
|raw|somsleep's rating: 1527 &rarr; <strong>1511</strong><br />(-16 for losing)
|raw|pigperfect9831's rating: 1591 &rarr; <strong>1607</strong><br />(+16 for winning)
|l|☆somsleep
|player|p1|
|c|☆pigperfect9831|gg
|l|☆pigperfect9831
|player|p2|
|l| ArtistsRendition
