|j|☆sicns
|j|☆psygoat12
|t:|1779935987
|gametype|singles
|player|p1|sicns|cynthia-gen4|1443
|player|p2|psygoat12|chuck|1402
|gen|9
|tier|[Gen 9] OU
|rated|
|rule|HP Percentage Mod: HP is shown in percentages
|rule|Endless Battle Clause: Forcing endless battles is banned
|rule|Species Clause: Limit one of each Pokémon
|rule|OHKO Clause: OHKO moves are banned
|rule|Evasion Items Clause: Evasion items are banned
|rule|Evasion Moves Clause: Evasion moves are banned
|rule|Evasion Abilities Clause: Evasion abilities are banned
|rule|Sleep Moves Clause: Sleep-inducing moves are banned
|clearpoke
|poke|p1|Samurott-Hisui, M|
|poke|p1|Zapdos|
|poke|p1|Iron Treads|
|poke|p1|Ceruledge, M|
|poke|p1|Gholdengo|
|poke|p1|Kingambit, M|
|poke|p2|Pelipper, M|
|poke|p2|Iron Treads|
|poke|p2|Zapdos|
|poke|p2|Kingdra, M|
|poke|p2|Kingambit, M|
|poke|p2|Hariyama, M|
|teampreview
|
|t:|1779936012
|teamsize|p1|6
|teamsize|p2|6
|start
|switch|p1a: Samurott|Samurott-Hisui, M|100/100
|switch|p2a: Hariyama|Hariyama, M|100/100
|turn|1
|
|t:|1779936019
|switch|p1a: Zapdos|Zapdos|100/100
|move|p2a: Hariyama|Drain Punch|p1a: Zapdos
|-resisted|p1a: Zapdos
|-damage|p1a: Zapdos|89/100
|
|upkeep
|turn|2
|
|t:|1779936026
|move|p1a: Zapdos|Thunder Wave|p2a: Hariyama
|-status|p2a: Hariyama|par
|move|p2a: Hariyama|Knock Off|p1a: Zapdos
|-damage|p1a: Zapdos|70/100
|-enditem|p1a: Zapdos|Heavy-Duty Boots|[from] move: Knock Off|[of] p2a: Hariyama
|
|upkeep
|turn|3
|
|t:|1779936034
|move|p1a: Zapdos|Hurricane|p2a: Hariyama|[miss]
|-miss|p1a: Zapdos|p2a: Hariyama
|move|p2a: Hariyama|Knock Off|p1a: Zapdos
|-damage|p1a: Zapdos|57/100
|
|upkeep
|turn|4
|
|t:|1779936046
|switch|p2a: Zapdos|Zapdos|100/100
|move|p1a: Zapdos|Roost|p1a: Zapdos
|-heal|p1a: Zapdos|100/100
|-singleturn|p1a: Zapdos|move: Roost
|
|upkeep
|turn|5
|
|t:|1779936055
|move|p2a: Zapdos|Hurricane|p1a: Zapdos
|-resisted|p1a: Zapdos
|-damage|p1a: Zapdos|61/100
|move|p1a: Zapdos|Volt Switch|p2a: Zapdos
|-damage|p2a: Zapdos|69/100
|
|t:|1779936067
|switch|p1a: Iron Treads|Iron Treads|100/100|[from] Volt Switch
|
|upkeep
|turn|6
|
|t:|1779936071
|move|p1a: Iron Treads|Stealth Rock|p2a: Zapdos
|-sidestart|p2: psygoat12|move: Stealth Rock
|move|p2a: Zapdos|Hurricane|p1a: Iron Treads|[miss]
|-miss|p2a: Zapdos|p1a: Iron Treads
|
|upkeep
|turn|7
|
|t:|1779936076
|move|p1a: Iron Treads|Knock Off|p2a: Zapdos
|-damage|p2a: Zapdos|31/100
|-enditem|p2a: Zapdos|Choice Specs|[from] move: Knock Off|[of] p1a: Iron Treads
|move|p2a: Zapdos|Hurricane|p1a: Iron Treads
|-resisted|p1a: Iron Treads
|-damage|p1a: Iron Treads|59/100
|
|-heal|p1a: Iron Treads|65/100|[from] item: Leftovers
|upkeep
|turn|8
|
|t:|1779936088
|switch|p2a: Hariyama|Hariyama, M|100/100 par
|-damage|p2a: Hariyama|94/100 par|[from] Stealth Rock
|move|p1a: Iron Treads|Knock Off|p2a: Hariyama
|-resisted|p2a: Hariyama
|-damage|p2a: Hariyama|79/100 par
|-enditem|p2a: Hariyama|Assault Vest|[from] move: Knock Off|[of] p1a: Iron Treads
|
|-heal|p1a: Iron Treads|72/100|[from] item: Leftovers
|upkeep
|turn|9
|
|t:|1779936102
|-end|p1a: Iron Treads|Quark Drive|[silent]
|switch|p1a: Zapdos|Zapdos|61/100
|move|p2a: Hariyama|Ice Punch|p1a: Zapdos
|-supereffective|p1a: Zapdos
|-damage|p1a: Zapdos|31/100
|
|upkeep
|turn|10
|
|t:|1779936113
|switch|p2a: Pelipper|Pelipper, M|100/100
|-damage|p2a: Pelipper|76/100|[from] Stealth Rock
|-weather|RainDance|[from] ability: Drizzle|[of] p2a: Pelipper
|move|p1a: Zapdos|Roost|p1a: Zapdos
|-heal|p1a: Zapdos|81/100
|-singleturn|p1a: Zapdos|move: Roost
|
|-weather|RainDance|[upkeep]
|upkeep
|turn|11
|
|t:|1779936124
|switch|p2a: Iron Treads|Iron Treads|100/100
|-damage|p2a: Iron Treads|98/100|[from] Stealth Rock
|-enditem|p2a: Iron Treads|Booster Energy
|-activate|p2a: Iron Treads|ability: Quark Drive|[fromitem]
|-start|p2a: Iron Treads|quarkdrivespe
|move|p1a: Zapdos|Volt Switch|p2a: Iron Treads
|-immune|p2a: Iron Treads
|
|-weather|RainDance|[upkeep]
|upkeep
|turn|12
|
|t:|1779936138
|switch|p1a: Samurott|Samurott-Hisui, M|100/100
|move|p2a: Iron Treads|Rapid Spin|p1a: Samurott
|-damage|p1a: Samurott|87/100
|-boost|p2a: Iron Treads|spe|1
|-sideend|p2: psygoat12|Stealth Rock|[from] move: Rapid Spin|[of] p2a: Iron Treads
|
|-weather|RainDance|[upkeep]
|upkeep
|turn|13
|
|t:|1779936149
|move|p2a: Iron Treads|Volt Switch|p1a: Samurott
|-supereffective|p1a: Samurott
|-damage|p1a: Samurott|71/100
|
|t:|1779936155
|-end|p2a: Iron Treads|Quark Drive|[silent]
|switch|p2a: Hariyama|Hariyama, M|79/100 par|[from] Volt Switch
|move|p1a: Samurott|Razor Shell|p2a: Hariyama
|-damage|p2a: Hariyama|0 fnt
|faint|p2a: Hariyama
|
|-weather|RainDance|[upkeep]
|upkeep
|
|t:|1779936182
|switch|p2a: Zapdos|Zapdos|31/100
|turn|14
|
|t:|1779936201
|switch|p1a: Iron Treads|Iron Treads|72/100
|move|p2a: Zapdos|Thunder|p1a: Iron Treads
|-immune|p1a: Iron Treads
|
|-weather|RainDance|[upkeep]
|-heal|p1a: Iron Treads|78/100|[from] item: Leftovers
|upkeep
|turn|15
|
|t:|1779936209
|move|p1a: Iron Treads|Knock Off|p2a: Zapdos
|-damage|p2a: Zapdos|8/100
|move|p2a: Zapdos|Weather Ball|p1a: Iron Treads
|-supereffective|p1a: Iron Treads
|-damage|p1a: Iron Treads|0 fnt
|faint|p1a: Iron Treads
|-end|p1a: Iron Treads|Quark Drive|[silent]
|
|-weather|RainDance|[upkeep]
|upkeep
|
|t:|1779936219
|switch|p1a: Samurott|Samurott-Hisui, M|71/100
|turn|16
|inactive|Battle timer is ON: inactive players will automatically lose when time's up. (requested by sicns)
|
|t:|1779936295
|switch|p2a: Iron Treads|Iron Treads|98/100
|move|p1a: Samurott|Sucker Punch||[still]
|-fail|p1a: Samurott
|
|-weather|RainDance|[upkeep]
|upkeep
|turn|17
|
|t:|1779936305
|move|p2a: Iron Treads|Volt Switch|p1a: Samurott
|-supereffective|p1a: Samurott
|-damage|p1a: Samurott|55/100
|
|t:|1779936310
|-end|p2a: Iron Treads|Quark Drive|[silent]
|switch|p2a: Kingdra|Kingdra, M|100/100|[from] Volt Switch
|move|p1a: Samurott|Razor Shell|p2a: Kingdra
|-resisted|p2a: Kingdra
|-damage|p2a: Kingdra|77/100
|
|-weather|none
|upkeep
|turn|18
|
|t:|1779936317
|move|p2a: Kingdra|Draco Meteor|p1a: Samurott
|-damage|p1a: Samurott|1/100
|-unboost|p2a: Kingdra|spa|2
|move|p1a: Samurott|Ceaseless Edge|p2a: Kingdra
|-damage|p2a: Kingdra|25/100
|-sidestart|p2: psygoat12|Spikes
|
|upkeep
|turn|19
|
|t:|1779936325
|move|p1a: Samurott|Sucker Punch|p2a: Kingdra
|-damage|p2a: Kingdra|0 fnt
|faint|p2a: Kingdra
|
|upkeep
|
|t:|1779936332
|switch|p2a: Pelipper|Pelipper, M|76/100
|-weather|RainDance|[from] ability: Drizzle|[of] p2a: Pelipper
|turn|20
|
|t:|1779936340
|move|p1a: Samurott|Sucker Punch|p2a: Pelipper
|-damage|p2a: Pelipper|53/100
|move|p2a: Pelipper|U-turn|p1a: Samurott
|-supereffective|p1a: Samurott
|-damage|p1a: Samurott|0 fnt
|faint|p1a: Samurott
|
|t:|1779936349
|switch|p2a: Zapdos|Zapdos|8/100|[from] U-turn
|
|-weather|RainDance|[upkeep]
|upkeep
|
|t:|1779936354
|switch|p1a: Ceruledge|Ceruledge, M|100/100
|turn|21
|
|t:|1779936363
|switch|p2a: Kingambit|Kingambit, M|100/100
|-damage|p2a: Kingambit|88/100|[from] Spikes
|-activate|p2a: Kingambit|ability: Supreme Overlord
|-start|p2a: Kingambit|fallen2|[silent]
|move|p1a: Ceruledge|Shadow Sneak|p2a: Kingambit
|-resisted|p2a: Kingambit
|-damage|p2a: Kingambit|80/100
|
|-weather|RainDance|[upkeep]
|-heal|p2a: Kingambit|86/100|[from] item: Leftovers
|upkeep
|turn|22
|
|t:|1779936372
|switch|p1a: Zapdos|Zapdos|81/100
|move|p2a: Kingambit|Kowtow Cleave|p1a: Zapdos
|-crit|p1a: Zapdos
|-damage|p1a: Zapdos|15/100
|
|-weather|RainDance|[upkeep]
|-heal|p2a: Kingambit|92/100|[from] item: Leftovers
|upkeep
|turn|23
|
|t:|1779936385
|move|p1a: Zapdos|Roost|p1a: Zapdos
|-heal|p1a: Zapdos|66/100
|-singleturn|p1a: Zapdos|move: Roost
|move|p2a: Kingambit|Swords Dance|p2a: Kingambit
|-boost|p2a: Kingambit|atk|2
|
|-weather|RainDance|[upkeep]
|-heal|p2a: Kingambit|98/100|[from] item: Leftovers
|upkeep
|turn|24
|
|t:|1779936393
|-terastallize|p2a: Kingambit|Dark
|move|p1a: Zapdos|Thunder Wave|p2a: Kingambit
|-status|p2a: Kingambit|par
|move|p2a: Kingambit|Kowtow Cleave|p1a: Zapdos
|-damage|p1a: Zapdos|0 fnt
|faint|p1a: Zapdos
|
|-weather|RainDance|[upkeep]
|-heal|p2a: Kingambit|100/100 par|[from] item: Leftovers
|upkeep
|
|t:|1779936402
|switch|p1a: Kingambit|Kingambit, M|100/100
|-activate|p1a: Kingambit|ability: Supreme Overlord
|-start|p1a: Kingambit|fallen3|[silent]
|turn|25
|
|t:|1779936411
|-end|p2a: Kingambit|fallen2|[silent]
|switch|p2a: Pelipper|Pelipper, M|53/100
|-terastallize|p1a: Kingambit|Fighting
|move|p1a: Kingambit|Low Kick|p2a: Pelipper
|-resisted|p2a: Pelipper
|-damage|p2a: Pelipper|37/100
|
|-weather|RainDance|[upkeep]
|upkeep
|turn|26
|
|t:|1779936428
|move|p1a: Kingambit|Swords Dance|p1a: Kingambit
|-boost|p1a: Kingambit|atk|2
|move|p2a: Pelipper|Hurricane|p1a: Kingambit
|-supereffective|p1a: Kingambit
|-damage|p1a: Kingambit|11/100
|
|-weather|RainDance|[upkeep]
|-heal|p1a: Kingambit|17/100|[from] item: Leftovers
|upkeep
|turn|27
|inactive|psygoat12 has 120 seconds left.
|
|t:|1779936467
|move|p1a: Kingambit|Sucker Punch|p2a: Pelipper
|-damage|p2a: Pelipper|0 fnt
|faint|p2a: Pelipper
|
|-weather|none
|-heal|p1a: Kingambit|23/100|[from] item: Leftovers
|upkeep
|c|☆psygoat12|ur faster
|inactive|psygoat12 has 90 seconds left.
|c|☆psygoat12|you nearly just let me win if i knew u were stupid
|c|☆sicns|nah i knew
|c|☆psygoat12|zero reason to sucker there
|c|☆sicns|i wasnt sure if iron head would kill
|c|☆sicns|not running kowtow
|inactive|psygoat12 has 60 seconds left.
|c|☆psygoat12|right
|inactive|psygoat12 has 30 seconds left.
|
|t:|1779936558
|switch|p2a: Iron Treads|Iron Treads|98/100
|-damage|p2a: Iron Treads|85/100|[from] Spikes
|turn|28
|
|t:|1779936566
|move|p1a: Kingambit|Sucker Punch|p2a: Iron Treads
|-damage|p2a: Iron Treads|9/100
|move|p2a: Iron Treads|Earthquake|p1a: Kingambit
|-damage|p1a: Kingambit|0 fnt
|faint|p1a: Kingambit
|-end|p1a: Kingambit|fallen3|[silent]
|
|upkeep
|
|t:|1779936572
|switch|p1a: Ceruledge|Ceruledge, M|100/100
|turn|29
|
|t:|1779936578
|-end|p2a: Iron Treads|Quark Drive|[silent]
|switch|p2a: Zapdos|Zapdos|8/100
|move|p1a: Ceruledge|Shadow Sneak|p2a: Zapdos
|-damage|p2a: Zapdos|0 fnt
|faint|p2a: Zapdos
|
|upkeep
|
|t:|1779936587
|switch|p2a: Kingambit|Kingambit, M, tera:Dark|100/100 par
|-damage|p2a: Kingambit|88/100 par|[from] Spikes
|-activate|p2a: Kingambit|ability: Supreme Overlord
|-start|p2a: Kingambit|fallen4|[silent]
|turn|30
|
|t:|1779936594
|move|p1a: Ceruledge|Swords Dance|p1a: Ceruledge
|-boost|p1a: Ceruledge|atk|2
|move|p2a: Kingambit|Kowtow Cleave|p1a: Ceruledge
|-supereffective|p1a: Ceruledge
|-damage|p1a: Ceruledge|0 fnt
|faint|p1a: Ceruledge
|
|-heal|p2a: Kingambit|94/100 par|[from] item: Leftovers
|upkeep
|
|t:|1779936601
|switch|p1a: Gholdengo|Gholdengo|100/100
|-item|p1a: Gholdengo|Air Balloon
|turn|31
|
|t:|1779936607
|move|p1a: Gholdengo|Focus Blast|p2a: Kingambit|[miss]
|-miss|p1a: Gholdengo|p2a: Kingambit
|move|p2a: Kingambit|Kowtow Cleave|p1a: Gholdengo
|-supereffective|p1a: Gholdengo
|-damage|p1a: Gholdengo|0 fnt
|-enditem|p1a: Gholdengo|Air Balloon
|faint|p1a: Gholdengo
|
|win|psygoat12
|raw|sicns's rating: 1443 &rarr; <strong>1421</strong><br />(-22 for losing)
|raw|psygoat12's rating: 1402 &rarr; <strong>1424</strong><br />(+22 for winning)
|c|☆psygoat12|gg
|c|☆sicns|lol gg\
|c|☆psygoat12|close game lol
|l|☆sicns
|player|p1|
|l|☆psygoat12
|player|p2|
