|j|☆alooi9700
|j|☆nitro05
|t:|1779816243
|gametype|singles
|player|p1|alooi9700|102|1401
|player|p2|nitro05|2|1428
|gen|9
|tier|[Gen 9] OU
|rated|
|rule|HP Percentage Mod: HP is shown in percentages
|rule|Endless Battle Clause: Forcing endless battles is banned
|rule|Species Clause: Limit one of each Pokémon
|rule|OHKO Clause: OHKO moves are banned
|rule|Evasion Items Clause: Evasion items are banned
|rule|Evasion Moves Clause: Evasion moves are banned
|rule|Evasion Abilities Clause: Evasion abilities are banned
|rule|Sleep Moves Clause: Sleep-inducing moves are banned
|clearpoke
|poke|p1|Zapdos|
|poke|p1|Iron Treads|
|poke|p1|Samurott-Hisui, F|
|poke|p1|Ceruledge, M|
|poke|p1|Gholdengo|
|poke|p1|Kingambit, M|
|poke|p2|Darkrai|
|poke|p2|Garchomp, M|
|poke|p2|Alomomola, M|
|poke|p2|Corviknight, F|
|poke|p2|Weezing-Galar, M|
|poke|p2|Ogerpon, F|
|teampreview
|inactive|Battle timer is ON: inactive players will automatically lose when time's up. (requested by alooi9700)
|
|t:|1779816262
|teamsize|p1|6
|teamsize|p2|6
|start
|switch|p1a: Samurott|Samurott-Hisui, F|100/100
|switch|p2a: Garchomp|Garchomp, M|100/100
|turn|1
|
|t:|1779816272
|move|p2a: Garchomp|Stealth Rock|p1a: Samurott
|-sidestart|p1: alooi9700|move: Stealth Rock
|move|p1a: Samurott|Knock Off|p2a: Garchomp
|-damage|p2a: Garchomp|73/100
|-damage|p1a: Samurott|88/100|[from] ability: Rough Skin|[of] p2a: Garchomp
|-damage|p1a: Samurott|72/100|[from] item: Rocky Helmet|[of] p2a: Garchomp
|-enditem|p2a: Garchomp|Rocky Helmet|[from] move: Knock Off|[of] p1a: Samurott
|
|upkeep
|turn|2
|
|t:|1779816276
|move|p2a: Garchomp|Earthquake|p1a: Samurott
|-damage|p1a: Samurott|25/100
|move|p1a: Samurott|Ceaseless Edge|p2a: Garchomp
|-damage|p2a: Garchomp|45/100
|-damage|p1a: Samurott|12/100|[from] ability: Rough Skin|[of] p2a: Garchomp
|-sidestart|p2: nitro05|Spikes
|
|upkeep
|turn|3
|
|t:|1779816279
|move|p1a: Samurott|Sucker Punch||[still]
|-fail|p1a: Samurott
|move|p2a: Garchomp|Spikes|p1a: Samurott
|-sidestart|p1: alooi9700|Spikes
|
|upkeep
|turn|4
|
|t:|1779816283
|move|p2a: Garchomp|Spikes|p1a: Samurott
|-sidestart|p1: alooi9700|Spikes
|move|p1a: Samurott|Ceaseless Edge|p2a: Garchomp|[miss]
|-miss|p1a: Samurott|p2a: Garchomp
|
|upkeep
|turn|5
|
|t:|1779816286
|move|p2a: Garchomp|Spikes|p1a: Samurott
|-sidestart|p1: alooi9700|Spikes
|move|p1a: Samurott|Ceaseless Edge|p2a: Garchomp
|-damage|p2a: Garchomp|17/100
|-damage|p1a: Samurott|0 fnt|[from] ability: Rough Skin|[of] p2a: Garchomp
|faint|p1a: Samurott
|
|upkeep
|
|t:|1779816290
|switch|p1a: Iron Treads|Iron Treads|100/100
|-damage|p1a: Iron Treads|97/100|[from] Stealth Rock
|-damage|p1a: Iron Treads|72/100|[from] Spikes
|turn|6
|
|t:|1779816304
|-terastallize|p2a: Garchomp|Ghost
|move|p1a: Iron Treads|Knock Off|p2a: Garchomp
|-supereffective|p2a: Garchomp
|-damage|p2a: Garchomp|0 fnt
|-damage|p1a: Iron Treads|60/100|[from] ability: Rough Skin|[of] p2a: Garchomp
|faint|p2a: Garchomp
|
|-heal|p1a: Iron Treads|66/100|[from] item: Leftovers
|upkeep
|
|t:|1779816309
|switch|p2a: Darkrai|Darkrai|100/100
|-damage|p2a: Darkrai|88/100|[from] Spikes
|turn|7
|
|t:|1779816313
|move|p2a: Darkrai|Dark Pulse|p1a: Iron Treads
|-damage|p1a: Iron Treads|0 fnt
|faint|p1a: Iron Treads
|-end|p1a: Iron Treads|Quark Drive|[silent]
|
|upkeep
|
|t:|1779816321
|switch|p1a: Kingambit|Kingambit, M|100/100
|-damage|p1a: Kingambit|94/100|[from] Stealth Rock
|-damage|p1a: Kingambit|69/100|[from] Spikes
|-activate|p1a: Kingambit|ability: Supreme Overlord
|-start|p1a: Kingambit|fallen2|[silent]
|turn|8
|
|t:|1779816330
|switch|p2a: Weezing|Weezing-Galar, M|100/100
|-ability|p2a: Weezing|Neutralizing Gas
|move|p1a: Kingambit|Iron Head|p2a: Weezing
|-supereffective|p2a: Weezing
|-damage|p2a: Weezing|50/100
|
|-heal|p1a: Kingambit|76/100|[from] item: Leftovers
|upkeep
|turn|9
|
|t:|1779816335
|move|p1a: Kingambit|Iron Head|p2a: Weezing
|-supereffective|p2a: Weezing
|-damage|p2a: Weezing|0 fnt
|faint|p2a: Weezing
|-end|p2a: Weezing|ability: Neutralizing Gas
|-activate|p1a: Kingambit|ability: Supreme Overlord
|-start|p1a: Kingambit|fallen2|[silent]
|
|-heal|p1a: Kingambit|82/100|[from] item: Leftovers
|upkeep
|
|t:|1779816338
|switch|p2a: Darkrai|Darkrai|88/100
|-damage|p2a: Darkrai|76/100|[from] Spikes
|turn|10
|
|t:|1779816357
|move|p1a: Kingambit|Sucker Punch|p2a: Darkrai
|-resisted|p2a: Darkrai
|-damage|p2a: Darkrai|47/100
|move|p2a: Darkrai|Dark Pulse|p1a: Kingambit
|-resisted|p1a: Kingambit
|-damage|p1a: Kingambit|44/100
|
|-heal|p1a: Kingambit|50/100|[from] item: Leftovers
|upkeep
|turn|11
|
|t:|1779816361
|move|p2a: Darkrai|Dark Pulse|p1a: Kingambit
|-resisted|p1a: Kingambit
|-damage|p1a: Kingambit|15/100
|move|p1a: Kingambit|Low Kick|p2a: Darkrai
|-supereffective|p2a: Darkrai
|-damage|p2a: Darkrai|0 fnt
|faint|p2a: Darkrai
|
|-heal|p1a: Kingambit|21/100|[from] item: Leftovers
|upkeep
|
|t:|1779816364
|switch|p2a: Ogerpon|Ogerpon, F|100/100
|-damage|p2a: Ogerpon|88/100|[from] Spikes
|turn|12
|
|t:|1779816368
|move|p1a: Kingambit|Sucker Punch|p2a: Ogerpon
|-damage|p2a: Ogerpon|31/100
|move|p2a: Ogerpon|Ivy Cudgel|p1a: Kingambit
|-resisted|p1a: Kingambit
|-damage|p1a: Kingambit|0 fnt
|faint|p1a: Kingambit
|-end|p1a: Kingambit|fallen2|[silent]
|
|upkeep
|
|t:|1779816389
|switch|p1a: Ceruledge|Ceruledge, M|100/100
|turn|13
|
|t:|1779816393
|switch|p2a: Alomomola|Alomomola, M|100/100
|-damage|p2a: Alomomola|88/100|[from] Spikes
|-terastallize|p1a: Ceruledge|Fairy
|move|p1a: Ceruledge|Swords Dance|p1a: Ceruledge
|-boost|p1a: Ceruledge|atk|2
|
|upkeep
|turn|14
|
|t:|1779816397
|move|p1a: Ceruledge|Swords Dance|p1a: Ceruledge
|-boost|p1a: Ceruledge|atk|2
|move|p2a: Alomomola|Scald|p1a: Ceruledge
|-damage|p1a: Ceruledge|86/100
|
|upkeep
|turn|15
|
|t:|1779816401
|move|p1a: Ceruledge|Poltergeist|p2a: Alomomola
|-activate|p2a: Alomomola|move: Poltergeist|Assault Vest
|-damage|p2a: Alomomola|0 fnt
|faint|p2a: Alomomola
|
|upkeep
|
|t:|1779816404
|switch|p2a: Ogerpon|Ogerpon, F|31/100
|-damage|p2a: Ogerpon|19/100|[from] Spikes
|turn|16
|
|t:|1779816409
|move|p1a: Ceruledge|Shadow Sneak|p2a: Ogerpon
|-damage|p2a: Ogerpon|0 fnt
|faint|p2a: Ogerpon
|
|upkeep
|c|☆alooi9700|fuck outta here
|-message|nitro05 forfeited.
|
|win|alooi9700
