|j|☆rlk_pokemon
|j|☆nnnu
|t:|1779901062
|gametype|singles
|player|p1|rlk_pokemon|101|1000
|player|p2|nnnu|1|1000
|gen|9
|tier|[Gen 9] OU
|rated|
|rule|HP Percentage Mod: HP is shown in percentages
|rule|Endless Battle Clause: Forcing endless battles is banned
|rule|Species Clause: Limit one of each Pokémon
|rule|OHKO Clause: OHKO moves are banned
|rule|Evasion Items Clause: Evasion items are banned
|rule|Evasion Moves Clause: Evasion moves are banned
|rule|Evasion Abilities Clause: Evasion abilities are banned
|rule|Sleep Moves Clause: Sleep-inducing moves are banned
|clearpoke
|poke|p1|Slowking-Galar, M|
|poke|p1|Great Tusk|
|poke|p1|Heatran, M|
|poke|p1|Dragonite, M|
|poke|p1|Garganacl, M|
|poke|p1|Dragapult, M|
|poke|p2|Garchomp, F|
|poke|p2|Regieleki|
|poke|p2|Corviknight, M|
|poke|p2|Darkrai|
|poke|p2|Haxorus, M|
|poke|p2|Meowscarada, F|
|teampreview
|
|t:|1779901070
|teamsize|p1|6
|teamsize|p2|6
|start
|switch|p1a: RiloBR|Dragapult, M|100/100
|switch|p2a: Haxorus|Haxorus, M|100/100
|-ability|p2a: Haxorus|Mold Breaker
|turn|1
|
|t:|1779901089
|move|p1a: RiloBR|Draco Meteor|p2a: Haxorus
|-supereffective|p2a: Haxorus
|-damage|p2a: Haxorus|0 fnt
|-unboost|p1a: RiloBR|spa|2
|faint|p2a: Haxorus
|
|upkeep
|
|t:|1779901098
|switch|p2a: Regieleki|Regieleki|100/100
|-item|p2a: Regieleki|Air Balloon
|turn|2
|
|t:|1779901105
|move|p2a: Regieleki|Reflect|p2a: Regieleki
|-sidestart|p2: nnnu|Reflect
|move|p1a: RiloBR|U-turn|p2a: Regieleki
|-damage|p2a: Regieleki|67/100
|-enditem|p2a: Regieleki|Air Balloon
|
|t:|1779901112
|switch|p1a: Eu ai|Great Tusk|100/100|[from] U-turn
|
|upkeep
|turn|3
|
|t:|1779901122
|move|p2a: Regieleki|Reflect||[still]
|-fail|p2a: Regieleki
|move|p1a: Eu ai|Ice Spinner|p2a: Regieleki
|-damage|p2a: Regieleki|43/100
|
|upkeep
|turn|4
|
|t:|1779901131
|move|p2a: Regieleki|Extreme Speed|p1a: Eu ai
|-damage|p1a: Eu ai|85/100
|move|p1a: Eu ai|Earthquake|p2a: Regieleki
|-supereffective|p2a: Regieleki
|-damage|p2a: Regieleki|0 fnt
|faint|p2a: Regieleki
|
|-heal|p1a: Eu ai|91/100|[from] item: Leftovers
|upkeep
|
|t:|1779901144
|switch|p2a: Meowscarada|Meowscarada, F|100/100
|turn|5
|
|t:|1779901155
|-end|p1a: Eu ai|Protosynthesis|[silent]
|switch|p1a: Seraphz|Heatran, M|100/100
|move|p2a: Meowscarada|Aura Sphere|p1a: Seraphz
|-start|p2a: Meowscarada|typechange|Fighting|[from] ability: Protean
|-supereffective|p1a: Seraphz
|-damage|p1a: Seraphz|64/100
|
|-heal|p1a: Seraphz|70/100|[from] item: Leftovers
|upkeep
|turn|6
|
|t:|1779901179
|-terastallize|p1a: Seraphz|Fairy
|move|p2a: Meowscarada|Aura Sphere|p1a: Seraphz
|-resisted|p1a: Seraphz
|-damage|p1a: Seraphz|61/100
|move|p1a: Seraphz|Stealth Rock|p2a: Meowscarada
|-sidestart|p2: nnnu|move: Stealth Rock
|
|-heal|p1a: Seraphz|67/100|[from] item: Leftovers
|-sideend|p2: nnnu|Reflect
|upkeep
|turn|7
|
|t:|1779901197
|switch|p2a: Corviknight|Corviknight, M|100/100
|-damage|p2a: Corviknight|88/100|[from] Stealth Rock
|move|p1a: Seraphz|Earth Power|p2a: Corviknight
|-immune|p2a: Corviknight
|
|-heal|p1a: Seraphz|73/100|[from] item: Leftovers
|upkeep
|turn|8
|
|t:|1779901212
|move|p2a: Corviknight|Steel Beam|p1a: Seraphz|[miss]
|-miss|p2a: Corviknight|p1a: Seraphz
|-damage|p2a: Corviknight|38/100|[from] steelbeam
|move|p1a: Seraphz|Magma Storm|p2a: Corviknight
|-supereffective|p2a: Corviknight
|-damage|p2a: Corviknight|0 fnt
|faint|p2a: Corviknight
|
|-heal|p1a: Seraphz|79/100|[from] item: Leftovers
|upkeep
|
|t:|1779901224
|switch|p2a: Darkrai|Darkrai|100/100
|-damage|p2a: Darkrai|88/100|[from] Stealth Rock
|turn|9
|
|t:|1779901233
|move|p2a: Darkrai|Blizzard|p1a: Seraphz
|-damage|p1a: Seraphz|52/100
|move|p1a: Seraphz|Earth Power|p2a: Darkrai
|-damage|p2a: Darkrai|47/100
|
|-heal|p1a: Seraphz|58/100|[from] item: Leftovers
|upkeep
|turn|10
|
|t:|1779901245
|move|p2a: Darkrai|Blizzard|p1a: Seraphz
|-damage|p1a: Seraphz|32/100
|move|p1a: Seraphz|Earth Power|p2a: Darkrai
|-damage|p2a: Darkrai|4/100
|
|-heal|p1a: Seraphz|38/100|[from] item: Leftovers
|upkeep
|turn|11
|
|t:|1779901261
|switch|p1a: RMC|Dragonite, M|100/100
|move|p2a: Darkrai|Blizzard|p1a: RMC
|-supereffective|p1a: RMC
|-crit|p1a: RMC
|-damage|p1a: RMC|7/100
|
|upkeep
|turn|12
|
|t:|1779901272
|move|p1a: RMC|Extreme Speed|p2a: Darkrai
|-damage|p2a: Darkrai|0 fnt
|faint|p2a: Darkrai
|
|upkeep
|
|t:|1779901277
|switch|p2a: Garchomp|Garchomp, F|100/100
|-damage|p2a: Garchomp|94/100|[from] Stealth Rock
|turn|13
|
|t:|1779901285
|move|p2a: Garchomp|Spikes|p1a: RMC
|-sidestart|p1: rlk_pokemon|Spikes
|move|p1a: RMC|Earthquake|p2a: Garchomp
|-damage|p2a: Garchomp|56/100
|
|upkeep
|turn|14
|
|t:|1779901299
|move|p2a: Garchomp|Spikes|p1a: RMC
|-sidestart|p1: rlk_pokemon|Spikes
|move|p1a: RMC|Roost|p1a: RMC
|-heal|p1a: RMC|57/100
|-singleturn|p1a: RMC|move: Roost
|
|upkeep
|turn|15
|
|t:|1779901308
|switch|p2a: Meowscarada|Meowscarada, F|100/100
|-damage|p2a: Meowscarada|88/100|[from] Stealth Rock
|move|p1a: RMC|Dragon Dance|p1a: RMC
|-boost|p1a: RMC|atk|1
|-boost|p1a: RMC|spe|1
|
|upkeep
|turn|16
|
|t:|1779901321
|move|p1a: RMC|Extreme Speed|p2a: Meowscarada
|-damage|p2a: Meowscarada|15/100
|move|p2a: Meowscarada|Brick Break|p1a: RMC
|-start|p2a: Meowscarada|typechange|Fighting|[from] ability: Protean
|-resisted|p1a: RMC
|-damage|p1a: RMC|38/100
|
|upkeep
|turn|17
|
|t:|1779901331
|move|p1a: RMC|Extreme Speed|p2a: Meowscarada
|-damage|p2a: Meowscarada|0 fnt
|faint|p2a: Meowscarada
|
|upkeep
|
|t:|1779901336
|switch|p2a: Garchomp|Garchomp, F|56/100
|-damage|p2a: Garchomp|50/100|[from] Stealth Rock
|turn|18
|
|t:|1779901346
|move|p1a: RMC|Earthquake|p2a: Garchomp
|-damage|p2a: Garchomp|0 fnt
|faint|p2a: Garchomp
|
|win|rlk_pokemon
|raw|rlk_pokemon's rating: 1000 &rarr; <strong>1040</strong><br />(+40 for winning)
|raw|nnnu's rating: 1000 &rarr; <strong>1000</strong><br />(+0 for losing)
|l|☆nnnu
|player|p2|
