|j|☆ironbritish
|j|☆i will eat another
|t:|1779818550
|gametype|singles
|player|p1|ironbritish|proton|1249
|player|p2|i will eat another|depotagent|1263
|gen|9
|tier|[Gen 9] OU
|rated|
|rule|HP Percentage Mod: HP is shown in percentages
|rule|Endless Battle Clause: Forcing endless battles is banned
|rule|Species Clause: Limit one of each Pokémon
|rule|OHKO Clause: OHKO moves are banned
|rule|Evasion Items Clause: Evasion items are banned
|rule|Evasion Moves Clause: Evasion moves are banned
|rule|Evasion Abilities Clause: Evasion abilities are banned
|rule|Sleep Moves Clause: Sleep-inducing moves are banned
|clearpoke
|poke|p1|Landorus-Therian, M|
|poke|p1|Dragonite, M|
|poke|p1|Hatterene, F|
|poke|p1|Samurott-Hisui, F|
|poke|p1|Pecharunt|
|poke|p1|Garganacl, F|
|poke|p2|Breloom, M|
|poke|p2|Swinub, F|
|poke|p2|Iron Crown|
|poke|p2|Talonflame, M|
|poke|p2|Greninja-*, M|
|poke|p2|Glimmora, M|
|teampreview
|inactive|Battle timer is ON: inactive players will automatically lose when time's up. (requested by i will eat another)
|
|t:|1779818560
|teamsize|p1|6
|teamsize|p2|6
|start
|switch|p1a: Landorus|Landorus-Therian, M|100/100
|switch|p2a: Greninja|Greninja, M|100/100
|-ability|p1a: Landorus|Intimidate|boost
|-unboost|p2a: Greninja|atk|1
|turn|1
|
|t:|1779818566
|switch|p1a: Samurott|Samurott-Hisui, F|100/100
|move|p2a: Greninja|Ice Beam|p1a: Samurott
|-start|p2a: Greninja|typechange|Ice|[from] ability: Protean
|-resisted|p1a: Samurott
|-damage|p1a: Samurott|59/100
|
|upkeep
|turn|2
|
|t:|1779818574
|move|p2a: Greninja|Ice Beam|p1a: Samurott
|-resisted|p1a: Samurott
|-damage|p1a: Samurott|18/100
|move|p1a: Samurott|Knock Off|p2a: Greninja
|-damage|p2a: Greninja|28/100
|-enditem|p2a: Greninja|Choice Specs|[from] move: Knock Off|[of] p1a: Samurott
|
|upkeep
|turn|3
|
|t:|1779818583
|move|p1a: Samurott|Aqua Jet|p2a: Greninja
|-crit|p2a: Greninja
|-damage|p2a: Greninja|0 fnt
|faint|p2a: Greninja
|
|upkeep
|
|t:|1779818589
|switch|p2a: Iron Crown|Iron Crown|100/100
|-enditem|p2a: Iron Crown|Booster Energy
|-activate|p2a: Iron Crown|ability: Quark Drive|[fromitem]
|-start|p2a: Iron Crown|quarkdrivespe
|turn|4
|
|t:|1779818594
|switch|p1a: Landorus|Landorus-Therian, M|100/100
|-ability|p1a: Landorus|Intimidate|boost
|-unboost|p2a: Iron Crown|atk|1
|move|p2a: Iron Crown|Tachyon Cutter|p1a: Landorus
|-damage|p1a: Landorus|72/100
|-damage|p1a: Landorus|45/100
|-hitcount|p1a: Landorus|2
|
|-heal|p1a: Landorus|51/100|[from] item: Leftovers
|upkeep
|turn|5
|
|t:|1779818604
|move|p2a: Iron Crown|Tachyon Cutter|p1a: Landorus
|-damage|p1a: Landorus|22/100
|-damage|p1a: Landorus|0 fnt
|faint|p1a: Landorus
|-hitcount|p1: Landorus|2
|
|upkeep
|
|t:|1779818615
|switch|p1a: Dragonite|Dragonite, M|100/100
|turn|6
|
|t:|1779818619
|move|p2a: Iron Crown|Tachyon Cutter|p1a: Dragonite
|-damage|p1a: Dragonite|88/100
|-damage|p1a: Dragonite|65/100
|-hitcount|p1a: Dragonite|2
|move|p1a: Dragonite|Dragon Dance|p1a: Dragonite
|-boost|p1a: Dragonite|atk|1
|-boost|p1a: Dragonite|spe|1
|
|upkeep
|turn|7
|
|t:|1779818627
|move|p2a: Iron Crown|Tachyon Cutter|p1a: Dragonite
|-damage|p1a: Dragonite|40/100
|-damage|p1a: Dragonite|17/100
|-hitcount|p1a: Dragonite|2
|move|p1a: Dragonite|Dragon Dance|p1a: Dragonite
|-boost|p1a: Dragonite|atk|1
|-boost|p1a: Dragonite|spe|1
|
|upkeep
|turn|8
|
|t:|1779818635
|move|p1a: Dragonite|Earthquake|p2a: Iron Crown
|-supereffective|p2a: Iron Crown
|-damage|p2a: Iron Crown|0 fnt
|faint|p2a: Iron Crown
|-end|p2a: Iron Crown|Quark Drive|[silent]
|
|upkeep
|
|t:|1779818639
|switch|p2a: Swinub|Swinub, F|100/100
|turn|9
|
|t:|1779818644
|move|p2a: Swinub|Ice Shard|p1a: Dragonite
|-supereffective|p1a: Dragonite
|-damage|p1a: Dragonite|0 fnt
|faint|p1a: Dragonite
|
|upkeep
|
|t:|1779818647
|switch|p1a: Garganacl|Garganacl, F|100/100
|turn|10
|
|t:|1779818651
|move|p2a: Swinub|Earthquake|p1a: Garganacl
|-supereffective|p1a: Garganacl
|-damage|p1a: Garganacl|66/100
|move|p1a: Garganacl|Salt Cure|p2a: Swinub
|-damage|p2a: Swinub|68/100
|-start|p2a: Swinub|Salt Cure
|
|-heal|p1a: Garganacl|72/100|[from] item: Leftovers
|-damage|p2a: Swinub|56/100|[from] Salt Cure
|upkeep
|turn|11
|
|t:|1779818660
|move|p2a: Swinub|Earthquake|p1a: Garganacl
|-supereffective|p1a: Garganacl
|-damage|p1a: Garganacl|39/100
|move|p1a: Garganacl|Recover|p1a: Garganacl
|-heal|p1a: Garganacl|89/100
|
|-heal|p1a: Garganacl|96/100|[from] item: Leftovers
|-damage|p2a: Swinub|44/100|[from] Salt Cure
|upkeep
|turn|12
|
|t:|1779818668
|move|p2a: Swinub|Endeavor|p1a: Garganacl
|-damage|p1a: Garganacl|33/100
|move|p1a: Garganacl|Body Press|p2a: Swinub
|-supereffective|p2a: Swinub
|-damage|p2a: Swinub|0 fnt
|faint|p2a: Swinub
|
|-heal|p1a: Garganacl|39/100|[from] item: Leftovers
|upkeep
|
|t:|1779818679
|switch|p2a: Breloom|Breloom, M|100/100
|turn|13
|
|t:|1779818688
|switch|p1a: Pecharunt|Pecharunt|100/100
|move|p2a: Breloom|Bulldoze|p1a: Pecharunt
|-supereffective|p1a: Pecharunt
|-damage|p1a: Pecharunt|62/100
|-unboost|p1a: Pecharunt|spe|1
|-damage|p2a: Breloom|91/100|[from] item: Life Orb
|
|upkeep
|turn|14
|
|t:|1779818697
|-terastallize|p2a: Breloom|Ground
|move|p2a: Breloom|Bulldoze|p1a: Pecharunt
|-supereffective|p1a: Pecharunt
|-damage|p1a: Pecharunt|5/100
|-unboost|p1a: Pecharunt|spe|1
|-damage|p2a: Breloom|81/100|[from] item: Life Orb
|move|p1a: Pecharunt|Malignant Chain|p2a: Breloom
|-resisted|p2a: Breloom
|-damage|p2a: Breloom|51/100
|-status|p2a: Breloom|tox
|-start|p2a: Breloom|confusion|[from] ability: Poison Puppeteer|[of] p1a: Pecharunt
|
|-damage|p2a: Breloom|45/100 tox|[from] psn
|upkeep
|turn|15
|
|t:|1779818710
|-activate|p2a: Breloom|confusion
|move|p2a: Breloom|Bulldoze|p1a: Pecharunt
|-supereffective|p1a: Pecharunt
|-damage|p1a: Pecharunt|0 fnt
|faint|p1a: Pecharunt
|-damage|p2a: Breloom|35/100 tox|[from] item: Life Orb
|
|-damage|p2a: Breloom|23/100 tox|[from] psn
|upkeep
|
|t:|1779818714
|switch|p1a: Samurott|Samurott-Hisui, F|18/100
|turn|16
|
|t:|1779818719
|move|p1a: Samurott|Aqua Jet|p2a: Breloom
|-supereffective|p2a: Breloom
|-damage|p2a: Breloom|0 fnt
|faint|p2a: Breloom
|
|upkeep
|
|t:|1779818724
|switch|p2a: Talonflame|Talonflame, M|100/100
|turn|17
|
|t:|1779818728
|move|p1a: Samurott|Aqua Jet|p2a: Talonflame
|-supereffective|p2a: Talonflame
|-damage|p2a: Talonflame|54/100
|move|p2a: Talonflame|Will-O-Wisp|p1a: Samurott
|-status|p1a: Samurott|brn
|
|-damage|p1a: Samurott|11/100 brn|[from] brn
|upkeep
|turn|18
|
|t:|1779818737
|move|p2a: Talonflame|Roost|p2a: Talonflame
|-heal|p2a: Talonflame|100/100
|-singleturn|p2a: Talonflame|move: Roost
|move|p1a: Samurott|Knock Off|p2a: Talonflame
|-damage|p2a: Talonflame|71/100
|-enditem|p2a: Talonflame|Heavy-Duty Boots|[from] move: Knock Off|[of] p1a: Samurott
|
|-damage|p1a: Samurott|5/100 brn|[from] brn
|upkeep
|turn|19
|
|t:|1779818746
|move|p2a: Talonflame|Flamethrower|p1a: Samurott
|-resisted|p1a: Samurott
|-damage|p1a: Samurott|0 fnt
|faint|p1a: Samurott
|
|upkeep
|
|t:|1779818748
|switch|p1a: Garganacl|Garganacl, F|39/100
|turn|20
|
|t:|1779818753
|move|p2a: Talonflame|Flamethrower|p1a: Garganacl
|-resisted|p1a: Garganacl
|-damage|p1a: Garganacl|28/100
|move|p1a: Garganacl|Salt Cure|p2a: Talonflame
|-supereffective|p2a: Talonflame
|-damage|p2a: Talonflame|0 fnt
|faint|p2a: Talonflame
|
|-heal|p1a: Garganacl|34/100|[from] item: Leftovers
|upkeep
|
|t:|1779818761
|switch|p2a: Glimmora|Glimmora, M|100/100
|turn|21
|
|t:|1779818768
|move|p2a: Glimmora|Meteor Beam||[still]
|-prepare|p2a: Glimmora|Meteor Beam
|-boost|p2a: Glimmora|spa|1
|-enditem|p2a: Glimmora|Power Herb
|-anim|p2a: Glimmora|Meteor Beam|p1a: Garganacl
|-damage|p1a: Garganacl|0 fnt
|faint|p1a: Garganacl
|
|upkeep
|
|t:|1779818773
|switch|p1a: Hatterene|Hatterene, F|100/100
|turn|22
|
|t:|1779818779
|-terastallize|p1a: Hatterene|Water
|move|p2a: Glimmora|Sludge Bomb|p1a: Hatterene
|-damage|p1a: Hatterene|28/100
|move|p1a: Hatterene|Psychic Noise|p2a: Glimmora
|-supereffective|p2a: Glimmora
|-damage|p2a: Glimmora|1/100
|-start|p2a: Glimmora|move: Heal Block
|
|-heal|p1a: Hatterene|34/100|[from] item: Leftovers
|upkeep
|turn|23
|
|t:|1779818789
|move|p2a: Glimmora|Sludge Bomb|p1a: Hatterene
|-damage|p1a: Hatterene|0 fnt
|faint|p1a: Hatterene
|
|win|i will eat another
|raw|ironbritish's rating: 1249 &rarr; <strong>1225</strong><br />(-24 for losing)
|raw|i will eat another's rating: 1263 &rarr; <strong>1287</strong><br />(+24 for winning)
|l|☆i will eat another
|player|p2|
|c|☆ironbritish|gg
|l|☆ironbritish
|player|p1|
