|j|☆fractal_face
|j|☆Ichiru333
|t:|1779962731
|gametype|singles
|player|p1|fractal_face|ghetsis-gen5bw|1125
|player|p2|Ichiru333|wallace|1090
|gen|9
|tier|[Gen 9] OU
|rated|
|rule|HP Percentage Mod: HP is shown in percentages
|rule|Endless Battle Clause: Forcing endless battles is banned
|rule|Species Clause: Limit one of each Pokémon
|rule|OHKO Clause: OHKO moves are banned
|rule|Evasion Items Clause: Evasion items are banned
|rule|Evasion Moves Clause: Evasion moves are banned
|rule|Evasion Abilities Clause: Evasion abilities are banned
|rule|Sleep Moves Clause: Sleep-inducing moves are banned
|clearpoke
|poke|p1|Enamorus, F|
|poke|p1|Regieleki|
|poke|p1|Toxapex, F|
|poke|p1|Smeargle, M|
|poke|p1|Grimmsnarl, M|
|poke|p1|Corviknight, M|
|poke|p2|Hawlucha, F|
|poke|p2|Samurott-Hisui, F|
|poke|p2|Rillaboom, F|
|poke|p2|Gholdengo|
|poke|p2|Kyurem|
|poke|p2|Landorus-Therian, M|
|teampreview
|inactive|Battle timer is ON: inactive players will automatically lose when time's up. (requested by fractal_face)
|
|t:|1779962757
|teamsize|p1|6
|teamsize|p2|6
|start
|switch|p1a: Smeargle|Smeargle, M, shiny|100/100
|switch|p2a: Gholdengo|Gholdengo|100/100
|turn|1
|
|t:|1779962767
|move|p2a: Gholdengo|Make It Rain|p1a: Smeargle
|-damage|p1a: Smeargle|0 fnt
|-unboost|p2a: Gholdengo|spa|1
|faint|p1a: Smeargle
|
|upkeep
|
|t:|1779962780
|switch|p1a: Grimmsnarl|Grimmsnarl, M, shiny|100/100
|turn|2
|
|t:|1779962791
|switch|p2a: Landorus|Landorus-Therian, M|100/100
|-ability|p2a: Landorus|Intimidate|boost
|-unboost|p1a: Grimmsnarl|atk|1
|move|p1a: Grimmsnarl|Bulk Up|p1a: Grimmsnarl
|-boost|p1a: Grimmsnarl|atk|1
|-boost|p1a: Grimmsnarl|def|1
|
|upkeep
|turn|3
|
|t:|1779962802
|move|p1a: Grimmsnarl|Bulk Up|p1a: Grimmsnarl
|-boost|p1a: Grimmsnarl|atk|1
|-boost|p1a: Grimmsnarl|def|1
|move|p2a: Landorus|Stealth Rock|p1a: Grimmsnarl
|-sidestart|p1: fractal_face|move: Stealth Rock
|
|upkeep
|turn|4
|
|t:|1779962816
|move|p2a: Landorus|U-turn|p1a: Grimmsnarl
|-damage|p1a: Grimmsnarl|89/100
|
|t:|1779962822
|switch|p2a: Gholdengo|Gholdengo|100/100|[from] U-turn
|move|p1a: Grimmsnarl|Throat Chop|p2a: Gholdengo
|-supereffective|p2a: Gholdengo
|-damage|p2a: Gholdengo|0 fnt
|faint|p2a: Gholdengo
|
|upkeep
|
|t:|1779962828
|switch|p2a: Kyurem|Kyurem|100/100
|-ability|p2a: Kyurem|Pressure
|turn|5
|
|t:|1779962841
|move|p2a: Kyurem|Ice Beam|p1a: Grimmsnarl
|-damage|p1a: Grimmsnarl|40/100
|move|p1a: Grimmsnarl|Play Rough|p2a: Kyurem
|-supereffective|p2a: Kyurem
|-damage|p2a: Kyurem|0 fnt
|faint|p2a: Kyurem
|
|upkeep
|
|t:|1779962852
|switch|p2a: Landorus|Landorus-Therian, M|100/100
|-ability|p2a: Landorus|Intimidate|boost
|-unboost|p1a: Grimmsnarl|atk|1
|turn|6
|
|t:|1779962856
|move|p1a: Grimmsnarl|Rest|p1a: Grimmsnarl
|-status|p1a: Grimmsnarl|slp|[from] move: Rest
|-heal|p1a: Grimmsnarl|100/100 slp|[silent]
|-enditem|p1a: Grimmsnarl|Chesto Berry|[eat]
|-curestatus|p1a: Grimmsnarl|slp|[msg]
|move|p2a: Landorus|Earth Power|p1a: Grimmsnarl
|-damage|p1a: Grimmsnarl|66/100
|
|upkeep
|turn|7
|
|t:|1779962876
|move|p2a: Landorus|Earth Power|p1a: Grimmsnarl
|-damage|p1a: Grimmsnarl|31/100
|move|p1a: Grimmsnarl|Play Rough|p2a: Landorus
|-damage|p2a: Landorus|51/100
|-damage|p1a: Grimmsnarl|14/100|[from] item: Rocky Helmet|[of] p2a: Landorus
|
|upkeep
|turn|8
|
|t:|1779962890
|move|p1a: Grimmsnarl|Rest|p1a: Grimmsnarl
|-status|p1a: Grimmsnarl|slp|[from] move: Rest
|-heal|p1a: Grimmsnarl|100/100 slp|[silent]
|move|p2a: Landorus|Earth Power|p1a: Grimmsnarl
|-damage|p1a: Grimmsnarl|63/100 slp
|
|upkeep
|turn|9
|
|t:|1779962899
|switch|p1a: Corviknight|Corviknight, M, shiny|100/100
|-damage|p1a: Corviknight|88/100|[from] Stealth Rock
|move|p2a: Landorus|Earth Power|p1a: Corviknight
|-immune|p1a: Corviknight
|
|-heal|p1a: Corviknight|94/100|[from] item: Leftovers
|upkeep
|turn|10
|
|t:|1779962911
|move|p2a: Landorus|U-turn|p1a: Corviknight
|-resisted|p1a: Corviknight
|-damage|p1a: Corviknight|90/100
|
|t:|1779962914
|switch|p2a: Samurott|Samurott-Hisui, F|100/100|[from] U-turn
|move|p1a: Corviknight|Defog|p2a: Samurott
|-unboost|p2a: Samurott|evasion|1
|-sideend|p1: fractal_face|Stealth Rock|[from] move: Defog|[of] p1a: Corviknight
|
|-heal|p1a: Corviknight|97/100|[from] item: Leftovers
|upkeep
|turn|11
|
|t:|1779962928
|move|p2a: Samurott|Knock Off|p1a: Corviknight
|-damage|p1a: Corviknight|66/100
|-enditem|p1a: Corviknight|Leftovers|[from] move: Knock Off|[of] p2a: Samurott
|move|p1a: Corviknight|Tailwind|p1a: Corviknight
|-sidestart|p1: fractal_face|move: Tailwind
|
|upkeep
|turn|12
|
|t:|1779962936
|move|p1a: Corviknight|Iron Defense|p1a: Corviknight
|-boost|p1a: Corviknight|def|2
|move|p2a: Samurott|Ceaseless Edge|p1a: Corviknight
|-damage|p1a: Corviknight|50/100
|-sidestart|p1: fractal_face|Spikes
|
|upkeep
|turn|13
|
|t:|1779962943
|move|p1a: Corviknight|Body Press|p2a: Samurott
|-supereffective|p2a: Samurott
|-damage|p2a: Samurott|12/100
|move|p2a: Samurott|Flip Turn|p1a: Corviknight
|-damage|p1a: Corviknight|39/100
|
|t:|1779962947
|switch|p2a: Rillaboom|Rillaboom, F|100/100|[from] Flip Turn
|-fieldstart|move: Grassy Terrain|[from] ability: Grassy Surge|[of] p2a: Rillaboom
|
|upkeep
|turn|14
|
|t:|1779962970
|move|p1a: Corviknight|Body Press|p2a: Rillaboom
|-damage|p2a: Rillaboom|64/100
|move|p2a: Rillaboom|Swords Dance|p2a: Rillaboom
|-boost|p2a: Rillaboom|atk|2
|
|-heal|p2a: Rillaboom|70/100|[from] Grassy Terrain
|-sideend|p1: fractal_face|move: Tailwind
|upkeep
|turn|15
|
|t:|1779962978
|move|p2a: Rillaboom|Swords Dance|p2a: Rillaboom
|-boost|p2a: Rillaboom|atk|2
|move|p1a: Corviknight|Iron Defense|p1a: Corviknight
|-boost|p1a: Corviknight|def|2
|
|-heal|p2a: Rillaboom|77/100|[from] Grassy Terrain
|upkeep
|turn|16
|
|t:|1779962984
|move|p2a: Rillaboom|Knock Off|p1a: Corviknight
|-damage|p1a: Corviknight|19/100
|move|p1a: Corviknight|Body Press|p2a: Rillaboom
|-damage|p2a: Rillaboom|16/100
|
|-heal|p2a: Rillaboom|22/100|[from] Grassy Terrain
|upkeep
|turn|17
|
|t:|1779962990
|move|p2a: Rillaboom|Knock Off|p1a: Corviknight
|-damage|p1a: Corviknight|0 fnt
|faint|p1a: Corviknight
|
|-heal|p2a: Rillaboom|28/100|[from] Grassy Terrain
|-fieldend|move: Grassy Terrain
|upkeep
|
|t:|1779962992
|switch|p1a: Regieleki|Regieleki, shiny|100/100
|-item|p1a: Regieleki|Air Balloon
|turn|18
|
|t:|1779963022
|switch|p2a: Landorus|Landorus-Therian, M|51/100
|-ability|p2a: Landorus|Intimidate|boost
|-unboost|p1a: Regieleki|atk|1
|move|p1a: Regieleki|Volt Switch|p2a: Landorus
|-immune|p2a: Landorus
|
|upkeep
|turn|19
|inactive|fractal_face has 120 seconds left.
|
|t:|1779963051
|switch|p1a: Grimmsnarl|Grimmsnarl, M, shiny|63/100 slp
|-damage|p1a: Grimmsnarl|51/100 slp|[from] Spikes
|move|p2a: Landorus|Stealth Rock|p1a: Grimmsnarl
|-sidestart|p1: fractal_face|move: Stealth Rock
|
|upkeep
|turn|20
|
|t:|1779963060
|move|p2a: Landorus|Earth Power|p1a: Grimmsnarl
|-damage|p1a: Grimmsnarl|18/100 slp
|cant|p1a: Grimmsnarl|slp
|
|upkeep
|turn|21
|inactive|fractal_face has 120 seconds left.
|
|t:|1779963066
|cant|p1a: Grimmsnarl|slp
|move|p2a: Landorus|Earth Power|p1a: Grimmsnarl
|-damage|p1a: Grimmsnarl|0 fnt
|faint|p1a: Grimmsnarl
|
|upkeep
|
|t:|1779963069
|switch|p1a: Enamorus|Enamorus, F, shiny|100/100
|-damage|p1a: Enamorus|76/100|[from] Stealth Rock
|turn|22
|inactive|fractal_face has 120 seconds left.
|
|t:|1779963091
|move|p1a: Enamorus|Superpower|p2a: Landorus
|-resisted|p2a: Landorus
|-damage|p2a: Landorus|33/100
|-boost|p1a: Enamorus|atk|1
|-boost|p1a: Enamorus|def|1
|-damage|p1a: Enamorus|59/100|[from] item: Rocky Helmet|[of] p2a: Landorus
|move|p2a: Landorus|Taunt|p1a: Enamorus
|-start|p1a: Enamorus|move: Taunt
|
|upkeep
|turn|23
|inactive|fractal_face has 120 seconds left.
|
|t:|1779963108
|-terastallize|p1a: Enamorus|Fighting
|move|p1a: Enamorus|Superpower|p2a: Landorus
|-resisted|p2a: Landorus
|-damage|p2a: Landorus|0 fnt
|-boost|p1a: Enamorus|atk|1
|-boost|p1a: Enamorus|def|1
|-damage|p1a: Enamorus|42/100|[from] item: Rocky Helmet|[of] p2a: Landorus
|faint|p2a: Landorus
|
|upkeep
|
|t:|1779963112
|switch|p2a: Rillaboom|Rillaboom, F|28/100
|-fieldstart|move: Grassy Terrain|[from] ability: Grassy Surge|[of] p2a: Rillaboom
|turn|24
|
|t:|1779963121
|move|p2a: Rillaboom|Grassy Glide|p1a: Enamorus
|-damage|p1a: Enamorus|5/100
|move|p1a: Enamorus|Superpower|p2a: Rillaboom
|-damage|p2a: Rillaboom|0 fnt
|-boost|p1a: Enamorus|atk|1
|-boost|p1a: Enamorus|def|1
|faint|p2a: Rillaboom
|
|-heal|p1a: Enamorus|11/100|[from] Grassy Terrain
|upkeep
|
|t:|1779963126
|switch|p2a: Hawlucha|Hawlucha, F|100/100
|-enditem|p2a: Hawlucha|Grassy Seed
|-boost|p2a: Hawlucha|def|1|[from] item: Grassy Seed
|turn|25
|
|t:|1779963138
|move|p2a: Hawlucha|Acrobatics|p1a: Enamorus
|-supereffective|p1a: Enamorus
|-damage|p1a: Enamorus|0 fnt
|faint|p1a: Enamorus
|
|upkeep
|
|t:|1779963149
|switch|p1a: Regieleki|Regieleki, shiny|100/100
|-damage|p1a: Regieleki|88/100|[from] Stealth Rock
|-item|p1a: Regieleki|Air Balloon
|turn|26
|inactive|fractal_face has 120 seconds left.
|
|t:|1779963175
|-terastallize|p2a: Hawlucha|Steel
|move|p2a: Hawlucha|Swords Dance|p2a: Hawlucha
|-boost|p2a: Hawlucha|atk|2
|move|p1a: Regieleki|Thunderbolt|p2a: Hawlucha
|-damage|p2a: Hawlucha|23/100
|
|-heal|p2a: Hawlucha|29/100|[from] Grassy Terrain
|upkeep
|turn|27
|inactive|fractal_face has 120 seconds left.
|
|t:|1779963188
|move|p2a: Hawlucha|Low Kick|p1a: Regieleki
|-damage|p1a: Regieleki|0 fnt
|-enditem|p1a: Regieleki|Air Balloon
|faint|p1a: Regieleki
|
|-heal|p2a: Hawlucha|35/100|[from] Grassy Terrain
|upkeep
|
|t:|1779963191
|switch|p1a: Toxapex|Toxapex, F, shiny|100/100
|-damage|p1a: Toxapex|88/100|[from] Spikes
|-damage|p1a: Toxapex|76/100|[from] Stealth Rock
|turn|28
|
|t:|1779963199
|move|p1a: Toxapex|Baneful Bunker|p1a: Toxapex
|-singleturn|p1a: Toxapex|move: Protect
|move|p2a: Hawlucha|Roost|p2a: Hawlucha
|-heal|p2a: Hawlucha|85/100
|
|-heal|p2a: Hawlucha|91/100|[from] Grassy Terrain
|-heal|p1a: Toxapex|82/100|[from] Grassy Terrain
|-heal|p1a: Toxapex|88/100|[from] item: Black Sludge
|-fieldend|move: Grassy Terrain
|upkeep
|turn|29
|
|t:|1779963205
|move|p1a: Toxapex|Baneful Bunker||[still]
|-fail|p1a: Toxapex
|move|p2a: Hawlucha|Acrobatics|p1a: Toxapex
|-damage|p1a: Toxapex|26/100
|
|-heal|p1a: Toxapex|32/100|[from] item: Black Sludge
|upkeep
|turn|30
|
|t:|1779963214
|move|p2a: Hawlucha|Acrobatics|p1a: Toxapex
|-damage|p1a: Toxapex|0 fnt
|faint|p1a: Toxapex
|
|win|Ichiru333
|raw|fractal_face's rating: 1125 &rarr; <strong>1097</strong><br />(-28 for losing)
|raw|Ichiru333's rating: 1090 &rarr; <strong>1119</strong><br />(+29 for winning)
