|j|☆AKGD
|j|☆viutil
|t:|1779912732
|gametype|singles
|player|p1|AKGD|miku-flying|1455
|player|p2|viutil|101|1466
|gen|9
|tier|[Gen 9] OU
|rated|
|rule|HP Percentage Mod: HP is shown in percentages
|rule|Endless Battle Clause: Forcing endless battles is banned
|rule|Species Clause: Limit one of each Pokémon
|rule|OHKO Clause: OHKO moves are banned
|rule|Evasion Items Clause: Evasion items are banned
|rule|Evasion Moves Clause: Evasion moves are banned
|rule|Evasion Abilities Clause: Evasion abilities are banned
|rule|Sleep Moves Clause: Sleep-inducing moves are banned
|clearpoke
|poke|p1|Iron Moth|
|poke|p1|Ogerpon-Wellspring, F|
|poke|p1|Raging Bolt|
|poke|p1|Great Tusk|
|poke|p1|Darkrai|
|poke|p1|Deoxys-Speed|
|poke|p2|Dragonite, M|
|poke|p2|Hatterene, F|
|poke|p2|Weavile, F|
|poke|p2|Ogerpon-Wellspring, F|
|poke|p2|Kingambit, F|
|poke|p2|Great Tusk|
|teampreview
|inactive|Battle timer is ON: inactive players will automatically lose when time's up. (requested by AKGD)
|
|t:|1779912741
|teamsize|p1|6
|teamsize|p2|6
|start
|switch|p1a: Deoxys|Deoxys-Speed|100/100
|switch|p2a: Hello .RAW-Z|Weavile, F|100/100
|-ability|p1a: Deoxys|Pressure
|turn|1
|
|t:|1779912760
|move|p1a: Deoxys|Reflect|p1a: Deoxys
|-sidestart|p1: AKGD|Reflect
|move|p2a: Hello .RAW-Z|Beat Up|p1a: Deoxys
|-supereffective|p1a: Deoxys
|-damage|p1a: Deoxys|89/100
|-supereffective|p1a: Deoxys
|-damage|p1a: Deoxys|79/100
|-supereffective|p1a: Deoxys
|-damage|p1a: Deoxys|67/100
|-supereffective|p1a: Deoxys
|-damage|p1a: Deoxys|57/100
|-supereffective|p1a: Deoxys
|-damage|p1a: Deoxys|46/100
|-supereffective|p1a: Deoxys
|-damage|p1a: Deoxys|36/100
|-hitcount|p1a: Deoxys|6
|
|upkeep
|turn|2
|
|t:|1779912771
|move|p1a: Deoxys|Icy Wind|p2a: Hello .RAW-Z
|-resisted|p2a: Hello .RAW-Z
|-damage|p2a: Hello .RAW-Z|92/100
|-unboost|p2a: Hello .RAW-Z|spe|1
|move|p2a: Hello .RAW-Z|Icicle Crash|p1a: Deoxys
|-damage|p1a: Deoxys|10/100
|
|upkeep
|turn|3
|
|t:|1779912779
|move|p1a: Deoxys|Light Screen|p1a: Deoxys
|-sidestart|p1: AKGD|move: Light Screen
|move|p2a: Hello .RAW-Z|Icicle Crash|p1a: Deoxys
|-damage|p1a: Deoxys|0 fnt
|faint|p1a: Deoxys
|
|upkeep
|
|t:|1779912801
|switch|p1a: Iron Moth|Iron Moth|100/100
|-enditem|p1a: Iron Moth|Booster Energy
|-activate|p1a: Iron Moth|ability: Quark Drive|[fromitem]
|-start|p1a: Iron Moth|quarkdrivespe
|turn|4
|
|t:|1779912813
|switch|p2a: Z-machine|Great Tusk|100/100
|move|p1a: Iron Moth|Fiery Dance|p2a: Z-machine
|-damage|p2a: Z-machine|73/100
|
|upkeep
|turn|5
|
|t:|1779912819
|move|p1a: Iron Moth|Energy Ball|p2a: Z-machine
|-supereffective|p2a: Z-machine
|-damage|p2a: Z-machine|30/100
|move|p2a: Z-machine|Headlong Rush|p1a: Iron Moth
|-supereffective|p1a: Iron Moth
|-damage|p1a: Iron Moth|0 fnt
|-unboost|p2a: Z-machine|def|1
|-unboost|p2a: Z-machine|spd|1
|faint|p1a: Iron Moth
|-end|p1a: Iron Moth|Quark Drive|[silent]
|
|upkeep
|
|t:|1779912836
|switch|p1a: Ogerpon|Ogerpon-Wellspring, F|100/100
|turn|6
|
|t:|1779912850
|-end|p2a: Z-machine|Protosynthesis|[silent]
|switch|p2a: Swish|Dragonite, M|100/100
|move|p1a: Ogerpon|Swords Dance|p1a: Ogerpon
|-boost|p1a: Ogerpon|atk|2
|
|upkeep
|turn|7
|
|t:|1779912856
|move|p1a: Ogerpon|Play Rough|p2a: Swish
|-supereffective|p2a: Swish
|-damage|p2a: Swish|17/100
|move|p2a: Swish|Encore|p1a: Ogerpon
|-start|p1a: Ogerpon|Encore
|
|-heal|p2a: Swish|23/100|[from] item: Leftovers
|upkeep
|turn|8
|
|t:|1779912869
|move|p1a: Ogerpon|Play Rough|p2a: Swish
|-supereffective|p2a: Swish
|-damage|p2a: Swish|0 fnt
|faint|p2a: Swish
|
|-sideend|p1: AKGD|Reflect
|upkeep
|
|t:|1779912871
|switch|p2a: Vent de l'est|Hatterene, F|100/100
|turn|9
|
|t:|1779912878
|move|p1a: Ogerpon|Play Rough|p2a: Vent de l'est
|-damage|p2a: Vent de l'est|45/100
|-damage|p1a: Ogerpon|84/100|[from] item: Rocky Helmet|[of] p2a: Vent de l'est
|move|p2a: Vent de l'est|Nuzzle|p1a: Ogerpon
|-damage|p1a: Ogerpon|79/100
|-status|p1a: Ogerpon|par
|
|upkeep
|turn|10
|
|t:|1779912890
|move|p1a: Ogerpon|Play Rough|p2a: Vent de l'est
|-damage|p2a: Vent de l'est|0 fnt
|-damage|p1a: Ogerpon|62/100 par|[from] item: Rocky Helmet|[of] p2a: Vent de l'est
|faint|p2a: Vent de l'est
|
|-end|p1a: Ogerpon|Encore
|-sideend|p1: AKGD|move: Light Screen
|upkeep
|
|t:|1779912900
|switch|p2a: Maladresse|Ogerpon-Wellspring, F|100/100
|turn|11
|
|t:|1779912904
|move|p2a: Maladresse|Power Whip|p1a: Ogerpon
|-damage|p1a: Ogerpon|0 fnt
|faint|p1a: Ogerpon
|
|upkeep
|inactive|AKGD has 120 seconds left.
|
|t:|1779912943
|switch|p1a: Dragonship|Great Tusk|100/100
|-enditem|p1a: Dragonship|Booster Energy
|-activate|p1a: Dragonship|ability: Protosynthesis|[fromitem]
|-start|p1a: Dragonship|protosynthesisspe
|turn|12
|
|t:|1779912960
|-terastallize|p1a: Dragonship|Steel
|move|p1a: Dragonship|Bulk Up|p1a: Dragonship
|-boost|p1a: Dragonship|atk|1
|-boost|p1a: Dragonship|def|1
|move|p2a: Maladresse|Ivy Cudgel|p1a: Dragonship|[anim] Ivy Cudgel Water
|-damage|p1a: Dragonship|73/100
|
|upkeep
|turn|13
|
|t:|1779912975
|switch|p2a: Hello .RAW-Z|Weavile, F|92/100
|move|p1a: Dragonship|Rapid Spin|p2a: Hello .RAW-Z
|-damage|p2a: Hello .RAW-Z|54/100
|-boost|p1a: Dragonship|spe|1
|
|upkeep
|turn|14
|
|t:|1779912988
|move|p1a: Dragonship|Headlong Rush|p2a: Hello .RAW-Z
|-damage|p2a: Hello .RAW-Z|0 fnt
|-unboost|p1a: Dragonship|def|1
|-unboost|p1a: Dragonship|spd|1
|faint|p2a: Hello .RAW-Z
|
|upkeep
|inactive|viutil has 120 seconds left.
|
|t:|1779913032
|switch|p2a: PrinceDeSangMêlé|Kingambit, F|100/100
|-activate|p2a: PrinceDeSangMêlé|ability: Supreme Overlord
|-start|p2a: PrinceDeSangMêlé|fallen3|[silent]
|turn|15
|
|t:|1779913043
|-terastallize|p2a: PrinceDeSangMêlé|Fairy
|move|p1a: Dragonship|Bulk Up|p1a: Dragonship
|-boost|p1a: Dragonship|atk|1
|-boost|p1a: Dragonship|def|1
|move|p2a: PrinceDeSangMêlé|Kowtow Cleave|p1a: Dragonship
|-damage|p1a: Dragonship|48/100
|
|upkeep
|turn|16
|
|t:|1779913052
|move|p1a: Dragonship|Headlong Rush|p2a: PrinceDeSangMêlé
|-damage|p2a: PrinceDeSangMêlé|6/100
|-unboost|p1a: Dragonship|def|1
|-unboost|p1a: Dragonship|spd|1
|move|p2a: PrinceDeSangMêlé|Kowtow Cleave|p1a: Dragonship
|-damage|p1a: Dragonship|9/100
|
|upkeep
|turn|17
|inactive|viutil has 120 seconds left.
|
|t:|1779913067
|move|p1a: Dragonship|Ice Spinner|p2a: PrinceDeSangMêlé
|-damage|p2a: PrinceDeSangMêlé|0 fnt
|faint|p2a: PrinceDeSangMêlé
|-end|p2a: PrinceDeSangMêlé|fallen3|[silent]
|
|upkeep
|
|t:|1779913070
|switch|p2a: Maladresse|Ogerpon-Wellspring, F|100/100
|turn|18
|
|t:|1779913080
|move|p1a: Dragonship|Ice Spinner|p2a: Maladresse
|-damage|p2a: Maladresse|41/100
|move|p2a: Maladresse|Ivy Cudgel|p1a: Dragonship|[anim] Ivy Cudgel Water
|-damage|p1a: Dragonship|0 fnt
|faint|p1a: Dragonship
|-end|p1a: Dragonship|Protosynthesis|[silent]
|
|upkeep
|inactive|AKGD has 120 seconds left.
|
|t:|1779913105
|switch|p1a: Darkrai|Darkrai|100/100
|turn|19
|
|t:|1779913113
|move|p1a: Darkrai|Dark Pulse|p2a: Maladresse
|-damage|p2a: Maladresse|0 fnt
|faint|p2a: Maladresse
|
|upkeep
|
|t:|1779913116
|switch|p2a: Z-machine|Great Tusk|30/100
|turn|20
|
|t:|1779913122
|move|p1a: Darkrai|Ice Beam|p2a: Z-machine
|-supereffective|p2a: Z-machine
|-damage|p2a: Z-machine|0 fnt
|faint|p2a: Z-machine
|-end|p2a: Z-machine|Protosynthesis|[silent]
|
|win|AKGD
|raw|AKGD's rating: 1455 &rarr; <strong>1476</strong><br />(+21 for winning)
|raw|viutil's rating: 1466 &rarr; <strong>1445</strong><br />(-21 for losing)
|l|☆viutil
|player|p2|
|c|☆AKGD|gg
