|j|☆momamoz cesar
|j|☆Pelogrulla72
|t:|1779801338
|gametype|singles
|player|p1|momamoz cesar|dawn|1185
|player|p2|Pelogrulla72|erika|1185
|gen|9
|tier|[Gen 9] OU
|rated|
|rule|HP Percentage Mod: HP is shown in percentages
|rule|Endless Battle Clause: Forcing endless battles is banned
|rule|Species Clause: Limit one of each Pokémon
|rule|OHKO Clause: OHKO moves are banned
|rule|Evasion Items Clause: Evasion items are banned
|rule|Evasion Moves Clause: Evasion moves are banned
|rule|Evasion Abilities Clause: Evasion abilities are banned
|rule|Sleep Moves Clause: Sleep-inducing moves are banned
|clearpoke
|poke|p1|Gliscor, F|
|poke|p1|Gholdengo|
|poke|p1|Dondozo, F|
|poke|p1|Clodsire, F|
|poke|p1|Alomomola, F|
|poke|p1|Corviknight, F|
|poke|p2|Ursaluna, F|
|poke|p2|Ambipom, M|
|poke|p2|Arbok, M|
|poke|p2|Lokix, F|
|poke|p2|Polteageist-Antique|
|poke|p2|Cinderace, M|
|teampreview
|
|t:|1779801347
|teamsize|p1|6
|teamsize|p2|6
|start
|switch|p1a: Clodsire|Clodsire, F|100/100
|switch|p2a: Lil Netanyahu|Polteageist-Antique|100/100
|turn|1
|inactive|Battle timer is ON: inactive players will automatically lose when time's up. (requested by Pelogrulla72)
|
|t:|1779801352
|move|p2a: Lil Netanyahu|Shell Smash|p2a: Lil Netanyahu
|-unboost|p2a: Lil Netanyahu|def|1
|-unboost|p2a: Lil Netanyahu|spd|1
|-boost|p2a: Lil Netanyahu|atk|2
|-boost|p2a: Lil Netanyahu|spa|2
|-boost|p2a: Lil Netanyahu|spe|2
|move|p1a: Clodsire|Toxic|p2a: Lil Netanyahu
|-status|p2a: Lil Netanyahu|tox
|
|-damage|p2a: Lil Netanyahu|94/100 tox|[from] psn
|upkeep
|turn|2
|
|t:|1779801359
|move|p2a: Lil Netanyahu|Stored Power|p1a: Clodsire
|-supereffective|p1a: Clodsire
|-damage|p1a: Clodsire|45/100
|move|p1a: Clodsire|Earthquake|p2a: Lil Netanyahu
|-damage|p2a: Lil Netanyahu|47/100 tox
|-ability|p2a: Lil Netanyahu|Weak Armor|boost
|-unboost|p2a: Lil Netanyahu|def|1
|-boost|p2a: Lil Netanyahu|spe|2
|
|-heal|p1a: Clodsire|51/100|[from] item: Black Sludge
|-damage|p2a: Lil Netanyahu|35/100 tox|[from] psn
|upkeep
|turn|3
|
|t:|1779801369
|move|p2a: Lil Netanyahu|Stored Power|p1a: Clodsire
|-supereffective|p1a: Clodsire
|-crit|p1a: Clodsire
|-damage|p1a: Clodsire|0 fnt
|faint|p1a: Clodsire
|
|-damage|p2a: Lil Netanyahu|17/100 tox|[from] psn
|upkeep
|
|t:|1779801381
|switch|p1a: Gliscor|Gliscor, F|100/100
|turn|4
|
|t:|1779801390
|move|p2a: Lil Netanyahu|Giga Drain|p1a: Gliscor
|-damage|p1a: Gliscor|48/100
|-heal|p2a: Lil Netanyahu|52/100 tox|[from] drain|[of] p1a: Gliscor
|move|p1a: Gliscor|Knock Off|p2a: Lil Netanyahu
|-supereffective|p2a: Lil Netanyahu
|-crit|p2a: Lil Netanyahu
|-damage|p2a: Lil Netanyahu|0 fnt
|-enditem|p2a: Lil Netanyahu|Focus Sash|[from] move: Knock Off|[of] p1a: Gliscor
|faint|p2a: Lil Netanyahu
|
|-status|p1a: Gliscor|tox|[from] item: Toxic Orb
|upkeep
|
|t:|1779801396
|switch|p2a: Mr blue sky|Ambipom, M|100/100
|turn|5
|
|t:|1779801400
|move|p1a: Gliscor|Protect|p1a: Gliscor
|-singleturn|p1a: Gliscor|Protect
|move|p2a: Mr blue sky|Fake Out|p1a: Gliscor
|-activate|p1a: Gliscor|move: Protect
|
|-heal|p1a: Gliscor|61/100 tox|[from] ability: Poison Heal
|upkeep
|turn|6
|
|t:|1779801408
|move|p2a: Mr blue sky|Triple Axel|p1a: Gliscor|[miss]
|-miss|p2a: Mr blue sky|p1a: Gliscor
|move|p1a: Gliscor|Knock Off|p2a: Mr blue sky
|-damage|p2a: Mr blue sky|62/100
|-enditem|p2a: Mr blue sky|Silk Scarf|[from] move: Knock Off|[of] p1a: Gliscor
|
|-heal|p1a: Gliscor|73/100 tox|[from] ability: Poison Heal
|upkeep
|turn|7
|
|t:|1779801417
|switch|p1a: Dondozo|Dondozo, F|100/100
|move|p2a: Mr blue sky|Triple Axel|p1a: Dondozo
|-resisted|p1a: Dondozo
|-damage|p1a: Dondozo|99/100
|-resisted|p1a: Dondozo
|-damage|p1a: Dondozo|96/100
|-hitcount|p1a: Dondozo|2
|
|-heal|p1a: Dondozo|100/100|[from] item: Leftovers
|upkeep
|turn|8
|
|t:|1779801429
|switch|p2a: Teto pear 31|Arbok, M, shiny|100/100
|-ability|p2a: Teto pear 31|Intimidate|boost
|-unboost|p1a: Dondozo|atk|1
|move|p1a: Dondozo|Curse|p1a: Dondozo
|-unboost|p1a: Dondozo|spe|1
|-boost|p1a: Dondozo|atk|1
|-boost|p1a: Dondozo|def|1
|
|upkeep
|turn|9
|
|t:|1779801438
|switch|p1a: Corviknight|Corviknight, F|100/100
|-ability|p1a: Corviknight|Pressure
|move|p2a: Teto pear 31|Coil|p2a: Teto pear 31
|-boost|p2a: Teto pear 31|atk|1
|-boost|p2a: Teto pear 31|def|1
|-boost|p2a: Teto pear 31|accuracy|1
|
|upkeep
|turn|10
|
|t:|1779801445
|move|p2a: Teto pear 31|Coil|p2a: Teto pear 31
|-boost|p2a: Teto pear 31|atk|1
|-boost|p2a: Teto pear 31|def|1
|-boost|p2a: Teto pear 31|accuracy|1
|move|p1a: Corviknight|U-turn|p2a: Teto pear 31
|-resisted|p2a: Teto pear 31
|-damage|p2a: Teto pear 31|95/100
|
|t:|1779801448
|switch|p1a: Dondozo|Dondozo, F|100/100|[from] U-turn
|
|-heal|p2a: Teto pear 31|100/100|[from] item: Leftovers
|upkeep
|turn|11
|
|t:|1779801452
|move|p2a: Teto pear 31|Gunk Shot|p1a: Dondozo
|-damage|p1a: Dondozo|76/100
|move|p1a: Dondozo|Curse|p1a: Dondozo
|-unboost|p1a: Dondozo|spe|1
|-boost|p1a: Dondozo|atk|1
|-boost|p1a: Dondozo|def|1
|
|-heal|p1a: Dondozo|83/100|[from] item: Leftovers
|upkeep
|turn|12
|
|t:|1779801459
|move|p2a: Teto pear 31|Gunk Shot|p1a: Dondozo
|-damage|p1a: Dondozo|68/100
|move|p1a: Dondozo|Curse|p1a: Dondozo
|-unboost|p1a: Dondozo|spe|1
|-boost|p1a: Dondozo|atk|1
|-boost|p1a: Dondozo|def|1
|
|-heal|p1a: Dondozo|75/100|[from] item: Leftovers
|upkeep
|turn|13
|
|t:|1779801463
|move|p2a: Teto pear 31|Gunk Shot|p1a: Dondozo
|-damage|p1a: Dondozo|63/100
|-status|p1a: Dondozo|psn
|move|p1a: Dondozo|Curse|p1a: Dondozo
|-unboost|p1a: Dondozo|spe|1
|-boost|p1a: Dondozo|atk|1
|-boost|p1a: Dondozo|def|1
|
|-heal|p1a: Dondozo|69/100 psn|[from] item: Leftovers
|-damage|p1a: Dondozo|57/100 psn|[from] psn
|upkeep
|turn|14
|
|t:|1779801468
|move|p2a: Teto pear 31|Coil|p2a: Teto pear 31
|-boost|p2a: Teto pear 31|atk|1
|-boost|p2a: Teto pear 31|def|1
|-boost|p2a: Teto pear 31|accuracy|1
|move|p1a: Dondozo|Curse|p1a: Dondozo
|-unboost|p1a: Dondozo|spe|1
|-boost|p1a: Dondozo|atk|1
|-boost|p1a: Dondozo|def|1
|
|-heal|p1a: Dondozo|63/100 psn|[from] item: Leftovers
|-damage|p1a: Dondozo|50/100 psn|[from] psn
|upkeep
|turn|15
|
|t:|1779801473
|move|p2a: Teto pear 31|Coil|p2a: Teto pear 31
|-boost|p2a: Teto pear 31|atk|1
|-boost|p2a: Teto pear 31|def|1
|-boost|p2a: Teto pear 31|accuracy|1
|move|p1a: Dondozo|Rest|p1a: Dondozo
|-status|p1a: Dondozo|slp|[from] move: Rest
|-heal|p1a: Dondozo|100/100 slp|[silent]
|
|upkeep
|turn|16
|
|t:|1779801481
|move|p2a: Teto pear 31|Gunk Shot|p1a: Dondozo
|-damage|p1a: Dondozo|93/100 slp
|cant|p1a: Dondozo|slp
|move|p1a: Dondozo|Sleep Talk|p1a: Dondozo
|move|p1a: Dondozo|Waterfall|p2a: Teto pear 31|[from] move: Sleep Talk
|-damage|p2a: Teto pear 31|0 fnt
|faint|p2a: Teto pear 31
|
|-heal|p1a: Dondozo|99/100 slp|[from] item: Leftovers
|upkeep
|-message|Pelogrulla72 forfeited.
|
|win|momamoz cesar
|raw|momamoz cesar's rating: 1185 &rarr; <strong>1210</strong><br />(+25 for winning)
|raw|Pelogrulla72's rating: 1185 &rarr; <strong>1160</strong><br />(-25 for losing)
|l|☆Pelogrulla72
|player|p2|
|l|☆momamoz cesar
|player|p1|
