|j|☆summerenaissance
|j|☆difspa
|t:|1779898729
|gametype|singles
|player|p1|summerenaissance|iris-gen5bw2|1640
|player|p2|difspa|101|1688
|gen|9
|tier|[Gen 9] OU
|rated|
|rule|HP Percentage Mod: HP is shown in percentages
|rule|Endless Battle Clause: Forcing endless battles is banned
|rule|Species Clause: Limit one of each Pokémon
|rule|OHKO Clause: OHKO moves are banned
|rule|Evasion Items Clause: Evasion items are banned
|rule|Evasion Moves Clause: Evasion moves are banned
|rule|Evasion Abilities Clause: Evasion abilities are banned
|rule|Sleep Moves Clause: Sleep-inducing moves are banned
|clearpoke
|poke|p1|Gliscor, F|
|poke|p1|Alomomola, M|
|poke|p1|Amoonguss, F|
|poke|p1|Blissey, F|
|poke|p1|Dondozo, M|
|poke|p1|Weezing-Galar, M|
|poke|p2|Tyranitar, M|
|poke|p2|Excadrill, F|
|poke|p2|Slowking-Galar, F|
|poke|p2|Dragapult, M|
|poke|p2|Ogerpon-Wellspring, F|
|poke|p2|Corviknight, F|
|teampreview
|j| creed revival tour
|
|t:|1779898774
|teamsize|p1|6
|teamsize|p2|6
|start
|switch|p1a: Gliscor|Gliscor, F|100/100
|switch|p2a: Ogerpon|Ogerpon-Wellspring, F|100/100
|turn|1
|j| Lowladderubersnoob
|
|t:|1779898816
|switch|p1a: Amoonguss|Amoonguss, F|100/100
|move|p2a: Ogerpon|Ivy Cudgel|p1a: Amoonguss|[anim] Ivy Cudgel Water
|-resisted|p1a: Amoonguss
|-damage|p1a: Amoonguss|78/100
|
|-heal|p1a: Amoonguss|84/100|[from] item: Black Sludge
|upkeep
|turn|2
|
|t:|1779898819
|switch|p2a: Corviknight|Corviknight, F|100/100
|-ability|p2a: Corviknight|Pressure
|switch|p1a: Gliscor|Gliscor, F|100/100
|
|-status|p1a: Gliscor|tox|[from] item: Toxic Orb
|upkeep
|turn|3
|j| DJAwesome12
|
|t:|1779898823
|move|p1a: Gliscor|Knock Off|p2a: Corviknight
|-damage|p2a: Corviknight|89/100
|-damage|p1a: Gliscor|84/100 tox|[from] item: Rocky Helmet|[of] p2a: Corviknight
|-enditem|p2a: Corviknight|Rocky Helmet|[from] move: Knock Off|[of] p1a: Gliscor
|move|p2a: Corviknight|U-turn|p1a: Gliscor
|-resisted|p1a: Gliscor
|-damage|p1a: Gliscor|78/100 tox
|l| DJAwesome12
|
|t:|1779898836
|switch|p2a: Dragapult|Dragapult, M|100/100|[from] U-turn
|
|-heal|p1a: Gliscor|91/100 tox|[from] ability: Poison Heal
|upkeep
|turn|4
|
|t:|1779898841
|move|p1a: Gliscor|Protect|p1a: Gliscor
|-singleturn|p1a: Gliscor|Protect
|move|p2a: Dragapult|U-turn|p1a: Gliscor
|-activate|p1a: Gliscor|move: Protect
|
|-heal|p1a: Gliscor|100/100 tox|[from] ability: Poison Heal
|upkeep
|turn|5
|
|t:|1779898845
|move|p2a: Dragapult|U-turn|p1a: Gliscor
|-resisted|p1a: Gliscor
|-damage|p1a: Gliscor|93/100 tox
|
|t:|1779898847
|switch|p2a: Corviknight|Corviknight, F|89/100|[from] U-turn
|-ability|p2a: Corviknight|Pressure
|move|p1a: Gliscor|Knock Off|p2a: Corviknight
|-damage|p2a: Corviknight|80/100
|
|-heal|p1a: Gliscor|100/100 tox|[from] ability: Poison Heal
|upkeep
|turn|6
|
|t:|1779898852
|move|p1a: Gliscor|Spikes|p2a: Corviknight
|-sidestart|p2: difspa|Spikes
|move|p2a: Corviknight|U-turn|p1a: Gliscor
|-resisted|p1a: Gliscor
|-damage|p1a: Gliscor|95/100 tox
|j| choispecs ironmoth
|
|t:|1779898917
|switch|p2a: Dragapult|Dragapult, M|100/100|[from] U-turn
|-damage|p2a: Dragapult|88/100|[from] Spikes
|
|-heal|p1a: Gliscor|100/100 tox|[from] ability: Poison Heal
|upkeep
|turn|7
|l| creed revival tour
|inactive|Battle timer is ON: inactive players will automatically lose when time's up. (requested by difspa)
|inactive|summerenaissance has 120 seconds left.
|inactive|summerenaissance has 90 seconds left.
|inactive|summerenaissance has 60 seconds left.
|inactive|summerenaissance has 30 seconds left.
|inactive|summerenaissance has 20 seconds left.
|inactive|summerenaissance has 15 seconds left.
|inactive|summerenaissance has 10 seconds left.
|inactive|summerenaissance has 5 seconds left.
|-message|summerenaissance lost due to inactivity.
|
|win|difspa
|raw|summerenaissance's rating: 1640 &rarr; <strong>1623</strong><br />(-17 for losing)
|raw|difspa's rating: 1688 &rarr; <strong>1705</strong><br />(+17 for winning)
|l|☆difspa
|player|p2|
|l| Lowladderubersnoob
