|j|☆morcillon_prime
|j|‽CHixxxxx122
|t:|1779914310
|gametype|singles
|player|p1|morcillon_prime|170|1066
|player|p2|CHixxxxx122|266|1094
|gen|9
|tier|[Gen 9] OU
|rated|
|rule|HP Percentage Mod: HP is shown in percentages
|rule|Endless Battle Clause: Forcing endless battles is banned
|rule|Species Clause: Limit one of each Pokémon
|rule|OHKO Clause: OHKO moves are banned
|rule|Evasion Items Clause: Evasion items are banned
|rule|Evasion Moves Clause: Evasion moves are banned
|rule|Evasion Abilities Clause: Evasion abilities are banned
|rule|Sleep Moves Clause: Sleep-inducing moves are banned
|clearpoke
|poke|p1|Dondozo, M|
|poke|p1|Clodsire, F|
|poke|p1|Alomomola, F|
|poke|p1|Corviknight, F|
|poke|p1|Ting-Lu|
|poke|p1|Gliscor, F|
|poke|p2|Skuntank, M|
|poke|p2|Porygon2|
|poke|p2|Mamoswine, M|
|poke|p2|Staraptor, M|
|poke|p2|Lilligant-Hisui, F|
|poke|p2|Milotic, F|
|teampreview
|
|t:|1779914315
|teamsize|p1|6
|teamsize|p2|6
|start
|switch|p1a: Clodsire|Clodsire, F|100/100
|switch|p2a: Mamoswine|Mamoswine, M|100/100
|turn|1
|
|t:|1779914332
|switch|p1a: Corviknight|Corviknight, F|100/100
|-ability|p1a: Corviknight|Pressure
|move|p2a: Mamoswine|Earthquake|p1a: Corviknight
|-immune|p1a: Corviknight
|
|upkeep
|turn|2
|
|t:|1779914349
|switch|p2a: Porygon2|Porygon2|100/100
|-ability|p2a: Porygon2|Pressure|Trace|[from] ability: Trace|[of] p1a: Corviknight
|-ability|p2a: Porygon2|Pressure
|move|p1a: Corviknight|Body Press|p2a: Porygon2
|-supereffective|p2a: Porygon2
|-damage|p2a: Porygon2|72/100
|
|upkeep
|turn|3
|
|t:|1779914359
|move|p1a: Corviknight|Body Press|p2a: Porygon2
|-supereffective|p2a: Porygon2
|-damage|p2a: Porygon2|47/100
|move|p2a: Porygon2|Charge Beam|p1a: Corviknight
|-supereffective|p1a: Corviknight
|-damage|p1a: Corviknight|75/100
|-boost|p2a: Porygon2|spa|1
|
|upkeep
|turn|4
|
|t:|1779914367
|move|p1a: Corviknight|Body Press|p2a: Porygon2
|-supereffective|p2a: Porygon2
|-damage|p2a: Porygon2|18/100
|move|p2a: Porygon2|Recover|p2a: Porygon2
|-heal|p2a: Porygon2|69/100
|
|upkeep
|turn|5
|
|t:|1779914373
|move|p1a: Corviknight|Body Press|p2a: Porygon2
|-supereffective|p2a: Porygon2
|-damage|p2a: Porygon2|38/100
|move|p2a: Porygon2|Charge Beam|p1a: Corviknight
|-supereffective|p1a: Corviknight
|-damage|p1a: Corviknight|43/100
|-boost|p2a: Porygon2|spa|1
|
|upkeep
|turn|6
|
|t:|1779914381
|move|p1a: Corviknight|Roost|p1a: Corviknight
|-heal|p1a: Corviknight|93/100
|-singleturn|p1a: Corviknight|move: Roost
|move|p2a: Porygon2|Recover|p2a: Porygon2
|-heal|p2a: Porygon2|88/100
|
|upkeep
|turn|7
|
|t:|1779914388
|move|p1a: Corviknight|Body Press|p2a: Porygon2
|-supereffective|p2a: Porygon2
|-damage|p2a: Porygon2|61/100
|move|p2a: Porygon2|Charge Beam|p1a: Corviknight
|-supereffective|p1a: Corviknight
|-damage|p1a: Corviknight|46/100
|
|upkeep
|turn|8
|
|t:|1779914400
|move|p1a: Corviknight|Roost|p1a: Corviknight
|-heal|p1a: Corviknight|96/100
|-singleturn|p1a: Corviknight|move: Roost
|move|p2a: Porygon2|Charge Beam|p1a: Corviknight
|-damage|p1a: Corviknight|75/100
|-boost|p2a: Porygon2|spa|1
|
|upkeep
|turn|9
|
|t:|1779914409
|switch|p1a: Clodsire|Clodsire, F|100/100
|move|p2a: Porygon2|Charge Beam|p1a: Clodsire
|-immune|p1a: Clodsire
|
|upkeep
|turn|10
|
|t:|1779914457
|move|p2a: Porygon2|Ice Beam|p1a: Clodsire
|-supereffective|p1a: Clodsire
|-damage|p1a: Clodsire|77/100
|move|p1a: Clodsire|Spikes|p2a: Porygon2
|-sidestart|p2: CHixxxxx122|Spikes
|
|-heal|p1a: Clodsire|83/100|[from] item: Leftovers
|upkeep
|turn|11
|
|t:|1779914467
|move|p2a: Porygon2|Tri Attack|p1a: Clodsire
|-damage|p1a: Clodsire|66/100
|move|p1a: Clodsire|Spikes|p2a: Porygon2
|-sidestart|p2: CHixxxxx122|Spikes
|
|-heal|p1a: Clodsire|72/100|[from] item: Leftovers
|upkeep
|turn|12
|
|t:|1779914474
|move|p2a: Porygon2|Tri Attack|p1a: Clodsire
|-damage|p1a: Clodsire|56/100
|move|p1a: Clodsire|Spikes|p2a: Porygon2
|-sidestart|p2: CHixxxxx122|Spikes
|
|-heal|p1a: Clodsire|62/100|[from] item: Leftovers
|upkeep
|turn|13
|
|t:|1779914484
|switch|p2a: Skuntank|Skuntank, M|100/100
|-damage|p2a: Skuntank|76/100|[from] Spikes
|move|p1a: Clodsire|Toxic|p2a: Skuntank
|-immune|p2a: Skuntank
|
|-heal|p1a: Clodsire|68/100|[from] item: Leftovers
|upkeep
|turn|14
|
|t:|1779914498
|move|p2a: Skuntank|Knock Off|p1a: Clodsire
|-damage|p1a: Clodsire|1/100
|-enditem|p1a: Clodsire|Leftovers|[from] move: Knock Off|[of] p2a: Skuntank
|-damage|p2a: Skuntank|66/100|[from] item: Life Orb
|move|p1a: Clodsire|Earthquake|p2a: Skuntank
|-supereffective|p2a: Skuntank
|-damage|p2a: Skuntank|0 fnt
|faint|p2a: Skuntank
|
|upkeep
|
|t:|1779914506
|switch|p2a: Staraptor|Staraptor, M|100/100
|turn|15
|
|t:|1779914511
|switch|p1a: Alomomola|Alomomola, F|100/100
|move|p2a: Staraptor|Quick Attack|p1a: Alomomola
|-damage|p1a: Alomomola|91/100
|-damage|p2a: Staraptor|84/100|[from] item: Rocky Helmet|[of] p1a: Alomomola
|
|upkeep
|turn|16
|
|t:|1779914519
|-terastallize|p2a: Staraptor|Flying
|move|p2a: Staraptor|Brave Bird|p1a: Alomomola
|-damage|p1a: Alomomola|35/100
|-damage|p2a: Staraptor|68/100|[from] item: Rocky Helmet|[of] p1a: Alomomola
|-damage|p2a: Staraptor|36/100|[from] Recoil
|move|p1a: Alomomola|Wish|p1a: Alomomola
|
|upkeep
|turn|17
|
|t:|1779914549
|move|p1a: Alomomola|Protect|p1a: Alomomola
|-singleturn|p1a: Alomomola|Protect
|move|p2a: Staraptor|Brave Bird|p1a: Alomomola
|-activate|p1a: Alomomola|move: Protect
|
|-heal|p1a: Alomomola|85/100|[from] move: Wish|[wisher] Alomomola
|upkeep
|turn|18
|
|t:|1779914563
|switch|p1a: Ting-Lu|Ting-Lu|100/100
|-ability|p1a: Ting-Lu|Vessel of Ruin
|move|p2a: Staraptor|Brave Bird|p1a: Ting-Lu
|-damage|p1a: Ting-Lu|46/100
|-damage|p2a: Staraptor|6/100|[from] Recoil
|
|-heal|p1a: Ting-Lu|52/100|[from] item: Leftovers
|upkeep
|turn|19
|
|t:|1779914576
|move|p2a: Staraptor|Brave Bird|p1a: Ting-Lu
|-damage|p1a: Ting-Lu|0 fnt
|faint|p1a: Ting-Lu
|-damage|p2a: Staraptor|0 fnt|[from] Recoil
|faint|p2a: Staraptor
|
|upkeep
|
|t:|1779914591
|switch|p2a: Mamoswine|Mamoswine, M|100/100
|switch|p1a: Alomomola|Alomomola, F|100/100
|-damage|p2a: Mamoswine|76/100|[from] Spikes
|turn|20
|
|t:|1779914599
|switch|p2a: Milotic|Milotic, F|100/100
|-damage|p2a: Milotic|75/100|[from] Spikes
|move|p1a: Alomomola|Protect||[still]
|-fail|p1a: Alomomola
|
|-heal|p2a: Milotic|82/100|[from] item: Leftovers
|upkeep
|turn|21
|
|t:|1779914609
|move|p1a: Alomomola|Protect|p1a: Alomomola
|-singleturn|p1a: Alomomola|Protect
|move|p2a: Milotic|Scald|p1a: Alomomola
|-activate|p1a: Alomomola|move: Protect
|
|-heal|p2a: Milotic|88/100|[from] item: Leftovers
|upkeep
|turn|22
|
|t:|1779914616
|move|p2a: Milotic|Scald|p1a: Alomomola
|-resisted|p1a: Alomomola
|-damage|p1a: Alomomola|81/100
|move|p1a: Alomomola|Wish|p1a: Alomomola
|
|-heal|p2a: Milotic|94/100|[from] item: Leftovers
|upkeep
|turn|23
|
|t:|1779914629
|switch|p1a: Corviknight|Corviknight, F|75/100
|-ability|p1a: Corviknight|Pressure
|move|p2a: Milotic|Scald|p1a: Corviknight
|-damage|p1a: Corviknight|47/100
|-status|p1a: Corviknight|brn
|
|-heal|p1a: Corviknight|100/100 brn|[from] move: Wish|[wisher] Alomomola
|-heal|p2a: Milotic|99/100|[from] item: Leftovers
|-damage|p1a: Corviknight|94/100 brn|[from] brn
|upkeep
|turn|24
|
|t:|1779914668
|switch|p1a: Alomomola|Alomomola, F|100/100
|move|p2a: Milotic|Ice Beam|p1a: Alomomola
|-resisted|p1a: Alomomola
|-damage|p1a: Alomomola|86/100
|
|-heal|p2a: Milotic|100/100|[from] item: Leftovers
|upkeep
|turn|25
|
|t:|1779914682
|move|p2a: Milotic|Scald|p1a: Alomomola
|-resisted|p1a: Alomomola
|-damage|p1a: Alomomola|67/100
|move|p1a: Alomomola|Scald|p2a: Milotic
|-resisted|p2a: Milotic
|-damage|p2a: Milotic|95/100
|
|-heal|p2a: Milotic|100/100|[from] item: Leftovers
|upkeep
|turn|26
|
|t:|1779914695
|move|p2a: Milotic|Scald|p1a: Alomomola
|-resisted|p1a: Alomomola
|-damage|p1a: Alomomola|49/100
|move|p1a: Alomomola|Wish|p1a: Alomomola
|
|upkeep
|turn|27
|
|t:|1779914700
|move|p1a: Alomomola|Protect|p1a: Alomomola
|-singleturn|p1a: Alomomola|Protect
|move|p2a: Milotic|Scald|p1a: Alomomola
|-activate|p1a: Alomomola|move: Protect
|
|-heal|p1a: Alomomola|99/100|[from] move: Wish|[wisher] Alomomola
|upkeep
|turn|28
|
|t:|1779914714
|switch|p1a: Dondozo|Dondozo, M|100/100
|move|p2a: Milotic|Mirror Coat||[still]
|-fail|p2a: Milotic
|
|upkeep
|turn|29
|
|t:|1779914728
|move|p2a: Milotic|Scald|p1a: Dondozo
|-resisted|p1a: Dondozo
|-damage|p1a: Dondozo|84/100
|move|p1a: Dondozo|Body Press|p2a: Milotic
|-damage|p2a: Milotic|76/100
|
|-heal|p2a: Milotic|82/100|[from] item: Leftovers
|upkeep
|turn|30
|
|t:|1779914736
|move|p2a: Milotic|Scald|p1a: Dondozo
|-resisted|p1a: Dondozo
|-damage|p1a: Dondozo|67/100
|move|p1a: Dondozo|Body Press|p2a: Milotic
|-damage|p2a: Milotic|57/100
|
|-heal|p2a: Milotic|63/100|[from] item: Leftovers
|upkeep
|turn|31
|
|t:|1779914743
|move|p2a: Milotic|Scald|p1a: Dondozo
|-resisted|p1a: Dondozo
|-damage|p1a: Dondozo|52/100
|move|p1a: Dondozo|Body Press|p2a: Milotic
|-damage|p2a: Milotic|38/100
|
|-heal|p2a: Milotic|44/100|[from] item: Leftovers
|upkeep
|turn|32
|
|t:|1779914752
|move|p2a: Milotic|Scald|p1a: Dondozo
|-resisted|p1a: Dondozo
|-damage|p1a: Dondozo|37/100
|move|p1a: Dondozo|Body Press|p2a: Milotic
|-damage|p2a: Milotic|19/100
|
|-heal|p2a: Milotic|25/100|[from] item: Leftovers
|upkeep
|turn|33
|
|t:|1779914760
|move|p2a: Milotic|Scald|p1a: Dondozo
|-resisted|p1a: Dondozo
|-damage|p1a: Dondozo|23/100
|move|p1a: Dondozo|Body Press|p2a: Milotic
|-damage|p2a: Milotic|1/100
|
|-heal|p2a: Milotic|7/100|[from] item: Leftovers
|upkeep
|turn|34
|
|t:|1779914769
|move|p2a: Milotic|Scald|p1a: Dondozo
|-resisted|p1a: Dondozo
|-damage|p1a: Dondozo|8/100
|move|p1a: Dondozo|Rest|p1a: Dondozo
|-status|p1a: Dondozo|slp|[from] move: Rest
|-heal|p1a: Dondozo|100/100 slp|[silent]
|
|-heal|p2a: Milotic|13/100|[from] item: Leftovers
|upkeep
|turn|35
|
|t:|1779914778
|move|p2a: Milotic|Scald|p1a: Dondozo
|-resisted|p1a: Dondozo
|-damage|p1a: Dondozo|84/100 slp
|cant|p1a: Dondozo|slp
|move|p1a: Dondozo|Sleep Talk|p1a: Dondozo
|move|p1a: Dondozo|Body Press|p2a: Milotic|[from] move: Sleep Talk
|-damage|p2a: Milotic|0 fnt
|faint|p2a: Milotic
|
|upkeep
|
|t:|1779914780
|switch|p2a: Lilligant|Lilligant-Hisui, F|100/100
|-damage|p2a: Lilligant|76/100|[from] Spikes
|turn|36
|
|t:|1779914797
|switch|p1a: Gliscor|Gliscor, F|100/100
|move|p2a: Lilligant|Leaf Blade|p1a: Gliscor
|-damage|p1a: Gliscor|70/100
|
|-status|p1a: Gliscor|tox|[from] item: Toxic Orb
|upkeep
|turn|37
|
|t:|1779914818
|switch|p2a: Porygon2|Porygon2|61/100
|-damage|p2a: Porygon2|36/100|[from] Spikes
|-ability|p2a: Porygon2|Poison Heal|Trace|[from] ability: Trace|[of] p1a: Gliscor
|move|p1a: Gliscor|Toxic|p2a: Porygon2
|-status|p2a: Porygon2|tox
|
|-heal|p1a: Gliscor|83/100 tox|[from] ability: Poison Heal
|-heal|p2a: Porygon2|48/100 tox|[from] ability: Poison Heal
|upkeep
|turn|38
|
|t:|1779914844
|switch|p1a: Alomomola|Alomomola, F|100/100
|move|p2a: Porygon2|Ice Beam|p1a: Alomomola
|-resisted|p1a: Alomomola
|-damage|p1a: Alomomola|86/100
|
|-heal|p2a: Porygon2|60/100 tox|[from] ability: Poison Heal
|upkeep
|turn|39
|
|t:|1779914856
|move|p1a: Alomomola|Wish|p1a: Alomomola
|move|p2a: Porygon2|Charge Beam|p1a: Alomomola
|-supereffective|p1a: Alomomola
|-damage|p1a: Alomomola|56/100
|-boost|p2a: Porygon2|spa|1
|
|-heal|p2a: Porygon2|73/100 tox|[from] ability: Poison Heal
|upkeep
|turn|40
|
|t:|1779914875
|switch|p1a: Clodsire|Clodsire, F|1/100
|move|p2a: Porygon2|Charge Beam|p1a: Clodsire
|-immune|p1a: Clodsire
|
|-heal|p1a: Clodsire|58/100|[from] move: Wish|[wisher] Alomomola
|-heal|p2a: Porygon2|85/100 tox|[from] ability: Poison Heal
|upkeep
|turn|41
|
|t:|1779914885
|move|p2a: Porygon2|Ice Beam|p1a: Clodsire
|-supereffective|p1a: Clodsire
|-damage|p1a: Clodsire|32/100
|move|p1a: Clodsire|Recover|p1a: Clodsire
|-heal|p1a: Clodsire|82/100
|
|-heal|p2a: Porygon2|97/100 tox|[from] ability: Poison Heal
|upkeep
|turn|42
|
|t:|1779914896
|move|p2a: Porygon2|Ice Beam|p1a: Clodsire
|-supereffective|p1a: Clodsire
|-damage|p1a: Clodsire|58/100
|move|p1a: Clodsire|Earthquake|p2a: Porygon2
|-damage|p2a: Porygon2|80/100 tox
|
|-heal|p2a: Porygon2|93/100 tox|[from] ability: Poison Heal
|upkeep
|turn|43
|
|t:|1779914904
|move|p2a: Porygon2|Ice Beam|p1a: Clodsire
|-supereffective|p1a: Clodsire
|-damage|p1a: Clodsire|31/100
|move|p1a: Clodsire|Recover|p1a: Clodsire
|-heal|p1a: Clodsire|81/100
|
|-heal|p2a: Porygon2|100/100 tox|[from] ability: Poison Heal
|upkeep
|turn|44
|
|t:|1779914911
|move|p2a: Porygon2|Ice Beam|p1a: Clodsire
|-supereffective|p1a: Clodsire
|-damage|p1a: Clodsire|57/100
|-status|p1a: Clodsire|frz
|cant|p1a: Clodsire|frz
|
|upkeep
|turn|45
|
|t:|1779914944
|switch|p1a: Dondozo|Dondozo, M|84/100 slp
|move|p2a: Porygon2|Ice Beam|p1a: Dondozo
|-resisted|p1a: Dondozo
|-damage|p1a: Dondozo|73/100 slp
|
|upkeep
|turn|46
|
|t:|1779914952
|move|p2a: Porygon2|Charge Beam|p1a: Dondozo
|-supereffective|p1a: Dondozo
|-damage|p1a: Dondozo|48/100 slp
|cant|p1a: Dondozo|slp
|move|p1a: Dondozo|Sleep Talk|p1a: Dondozo
|move|p1a: Dondozo|Rest||[from] move: Sleep Talk|[still]
|-fail|p1a: Dondozo
|
|upkeep
|turn|47
|
|t:|1779914961
|move|p2a: Porygon2|Charge Beam|p1a: Dondozo
|-supereffective|p1a: Dondozo
|-damage|p1a: Dondozo|24/100 slp
|-boost|p2a: Porygon2|spa|1
|-curestatus|p1a: Dondozo|slp|[msg]
|move|p1a: Dondozo|Sleep Talk||[still]
|-fail|p1a: Dondozo
|
|upkeep
|turn|48
|
|t:|1779914968
|move|p2a: Porygon2|Charge Beam|p1a: Dondozo
|-supereffective|p1a: Dondozo
|-damage|p1a: Dondozo|0 fnt
|faint|p1a: Dondozo
|
|upkeep
|
|t:|1779914982
|switch|p1a: Corviknight|Corviknight, F|94/100 brn
|-ability|p1a: Corviknight|Pressure
|turn|49
|
|t:|1779914988
|move|p1a: Corviknight|Body Press|p2a: Porygon2
|-supereffective|p2a: Porygon2
|-damage|p2a: Porygon2|87/100 tox
|move|p2a: Porygon2|Charge Beam|p1a: Corviknight
|-supereffective|p1a: Corviknight
|-damage|p1a: Corviknight|49/100 brn
|-boost|p2a: Porygon2|spa|1
|
|-heal|p2a: Porygon2|99/100 tox|[from] ability: Poison Heal
|-damage|p1a: Corviknight|43/100 brn|[from] brn
|upkeep
|turn|50
|-message|morcillon_prime forfeited.
|
|win|CHixxxxx122
|raw|morcillon_prime's rating: 1066 &rarr; <strong>1048</strong><br />(-18 for losing)
|raw|CHixxxxx122's rating: 1094 &rarr; <strong>1118</strong><br />(+24 for winning)
|l|☆morcillon_prime
|player|p1|
|l|‽CHixxxxx122
|player|p2|
