|j|☆Naturmacht
|j|☆PlatinumZwei
|t:|1779967515
|gametype|singles
|player|p1|Naturmacht|drake-gen3|1392
|player|p2|PlatinumZwei|265|1372
|gen|9
|tier|[Gen 9] OU
|rated|
|rule|HP Percentage Mod: HP is shown in percentages
|rule|Endless Battle Clause: Forcing endless battles is banned
|rule|Species Clause: Limit one of each Pokémon
|rule|OHKO Clause: OHKO moves are banned
|rule|Evasion Items Clause: Evasion items are banned
|rule|Evasion Moves Clause: Evasion moves are banned
|rule|Evasion Abilities Clause: Evasion abilities are banned
|rule|Sleep Moves Clause: Sleep-inducing moves are banned
|clearpoke
|poke|p1|Rillaboom, M|
|poke|p1|Hatterene, F|
|poke|p1|Heatran, M|
|poke|p1|Clodsire, M|
|poke|p1|Corviknight, M|
|poke|p1|Ogerpon-Wellspring, F|
|poke|p2|Dragonite, M|
|poke|p2|Great Tusk|
|poke|p2|Deoxys-Speed|
|poke|p2|Gholdengo|
|poke|p2|Zamazenta-*|
|poke|p2|Iron Valiant|
|teampreview
|inactive|Battle timer is ON: inactive players will automatically lose when time's up. (requested by PlatinumZwei)
|inactive|Naturmacht also wants the timer to be on.
|
|t:|1779967522
|teamsize|p1|6
|teamsize|p2|6
|start
|switch|p1a: Rillaboom|Rillaboom, M|100/100
|switch|p2a: Deoxys|Deoxys-Speed|100/100
|-ability|p2a: Deoxys|Pressure
|-fieldstart|move: Grassy Terrain|[from] ability: Grassy Surge|[of] p1a: Rillaboom
|turn|1
|
|t:|1779967529
|move|p2a: Deoxys|Stealth Rock|p1a: Rillaboom
|-sidestart|p1: Naturmacht|move: Stealth Rock
|move|p1a: Rillaboom|Knock Off|p2a: Deoxys
|-supereffective|p2a: Deoxys
|-damage|p2a: Deoxys|12/100
|-enditem|p2a: Deoxys|Focus Sash|[from] move: Knock Off|[of] p1a: Rillaboom
|
|-heal|p2a: Deoxys|18/100|[from] Grassy Terrain
|upkeep
|turn|2
|
|t:|1779967537
|move|p1a: Rillaboom|Grassy Glide|p2a: Deoxys
|-damage|p2a: Deoxys|0 fnt
|faint|p2a: Deoxys
|
|upkeep
|
|t:|1779967541
|switch|p2a: Dragonite|Dragonite, M|100/100
|turn|3
|
|t:|1779967544
|move|p2a: Dragonite|Dragon Dance|p2a: Dragonite
|-boost|p2a: Dragonite|atk|1
|-boost|p2a: Dragonite|spe|1
|move|p1a: Rillaboom|Leech Seed|p2a: Dragonite|[miss]
|-miss|p1a: Rillaboom|p2a: Dragonite
|
|upkeep
|turn|4
|
|t:|1779967550
|switch|p1a: Clodsire|Clodsire, M|100/100
|-damage|p1a: Clodsire|94/100|[from] Stealth Rock
|move|p2a: Dragonite|Dragon Dance|p2a: Dragonite
|-boost|p2a: Dragonite|atk|1
|-boost|p2a: Dragonite|spe|1
|
|-heal|p1a: Clodsire|100/100|[from] Grassy Terrain
|upkeep
|turn|5
|
|t:|1779967561
|switch|p2a: Gholdengo|Gholdengo|100/100
|move|p1a: Clodsire|Toxic|p2a: Gholdengo
|-immune|p2a: Gholdengo|[from] ability: Good as Gold
|
|upkeep
|turn|6
|
|t:|1779967568
|switch|p1a: Heatran|Heatran, M|100/100
|-damage|p1a: Heatran|88/100|[from] Stealth Rock
|move|p2a: Gholdengo|Shadow Ball|p1a: Heatran
|-damage|p1a: Heatran|64/100
|
|-heal|p1a: Heatran|71/100|[from] Grassy Terrain
|-heal|p1a: Heatran|77/100|[from] item: Leftovers
|upkeep
|turn|7
|
|t:|1779967578
|-terastallize|p2a: Gholdengo|Fairy
|move|p2a: Gholdengo|Nasty Plot|p2a: Gholdengo
|-boost|p2a: Gholdengo|spa|2
|move|p1a: Heatran|Magma Storm|p2a: Gholdengo
|-damage|p2a: Gholdengo|56/100
|-activate|p2a: Gholdengo|move: Magma Storm|[of] p1a: Heatran
|
|-heal|p2a: Gholdengo|62/100|[from] Grassy Terrain
|-heal|p1a: Heatran|83/100|[from] Grassy Terrain
|-heal|p1a: Heatran|89/100|[from] item: Leftovers
|-damage|p2a: Gholdengo|49/100|[from] move: Magma Storm|[partiallytrapped]
|upkeep
|turn|8
|
|t:|1779967592
|move|p2a: Gholdengo|Shadow Ball|p1a: Heatran
|-damage|p1a: Heatran|42/100
|move|p1a: Heatran|Magma Storm|p2a: Gholdengo|[miss]
|-miss|p1a: Heatran|p2a: Gholdengo
|
|-heal|p2a: Gholdengo|56/100|[from] Grassy Terrain
|-heal|p1a: Heatran|49/100|[from] Grassy Terrain
|-heal|p1a: Heatran|55/100|[from] item: Leftovers
|-damage|p2a: Gholdengo|43/100|[from] move: Magma Storm|[partiallytrapped]
|-fieldend|move: Grassy Terrain
|upkeep
|turn|9
|
|t:|1779967605
|move|p2a: Gholdengo|Shadow Ball|p1a: Heatran
|-damage|p1a: Heatran|8/100
|move|p1a: Heatran|Earth Power|p2a: Gholdengo
|-damage|p2a: Gholdengo|17/100
|
|-heal|p1a: Heatran|14/100|[from] item: Leftovers
|-damage|p2a: Gholdengo|5/100|[from] move: Magma Storm|[partiallytrapped]
|upkeep
|turn|10
|-enditem|p2a: Gholdengo|Custap Berry|[eat]
|-activate|p2a: Gholdengo|item: Custap Berry|[consumed]
|
|t:|1779967619
|move|p1a: Heatran|Protect|p1a: Heatran
|-singleturn|p1a: Heatran|Protect
|move|p2a: Gholdengo|Recover|p2a: Gholdengo
|-heal|p2a: Gholdengo|55/100
|
|-heal|p1a: Heatran|20/100|[from] item: Leftovers
|-damage|p2a: Gholdengo|43/100|[from] move: Magma Storm|[partiallytrapped]
|upkeep
|turn|11
|
|t:|1779967629
|switch|p1a: Clodsire|Clodsire, M|100/100
|-damage|p1a: Clodsire|94/100|[from] Stealth Rock
|move|p2a: Gholdengo|Shadow Ball|p1a: Clodsire
|-damage|p1a: Clodsire|74/100
|
|-heal|p1a: Clodsire|80/100|[from] item: Leftovers
|-end|p2a: Gholdengo|Magma Storm|[partiallytrapped]|[silent]
|upkeep
|turn|12
|
|t:|1779967639
|move|p2a: Gholdengo|Shadow Ball|p1a: Clodsire
|-damage|p1a: Clodsire|61/100
|move|p1a: Clodsire|Spikes|p2a: Gholdengo
|-sidestart|p2: PlatinumZwei|Spikes
|
|-heal|p1a: Clodsire|67/100|[from] item: Leftovers
|upkeep
|turn|13
|
|t:|1779967649
|move|p2a: Gholdengo|Recover|p2a: Gholdengo
|-heal|p2a: Gholdengo|93/100
|move|p1a: Clodsire|Spikes|p2a: Gholdengo
|-sidestart|p2: PlatinumZwei|Spikes
|
|-heal|p1a: Clodsire|74/100|[from] item: Leftovers
|upkeep
|turn|14
|
|t:|1779967655
|move|p2a: Gholdengo|Shadow Ball|p1a: Clodsire
|-damage|p1a: Clodsire|55/100
|move|p1a: Clodsire|Spikes|p2a: Gholdengo
|-sidestart|p2: PlatinumZwei|Spikes
|
|-heal|p1a: Clodsire|61/100|[from] item: Leftovers
|upkeep
|turn|15
|
|t:|1779967662
|move|p2a: Gholdengo|Shadow Ball|p1a: Clodsire
|-damage|p1a: Clodsire|43/100
|move|p1a: Clodsire|Earthquake|p2a: Gholdengo
|-damage|p2a: Gholdengo|70/100
|
|-heal|p1a: Clodsire|50/100|[from] item: Leftovers
|upkeep
|turn|16
|
|t:|1779967669
|move|p2a: Gholdengo|Shadow Ball|p1a: Clodsire
|-damage|p1a: Clodsire|31/100
|move|p1a: Clodsire|Recover|p1a: Clodsire
|-heal|p1a: Clodsire|81/100
|
|-heal|p1a: Clodsire|87/100|[from] item: Leftovers
|upkeep
|turn|17
|
|t:|1779967697
|move|p2a: Gholdengo|Nasty Plot|p2a: Gholdengo
|-boost|p2a: Gholdengo|spa|2
|move|p1a: Clodsire|Earthquake|p2a: Gholdengo
|-damage|p2a: Gholdengo|48/100
|
|-heal|p1a: Clodsire|93/100|[from] item: Leftovers
|upkeep
|turn|18
|
|t:|1779967705
|move|p2a: Gholdengo|Recover|p2a: Gholdengo
|-heal|p2a: Gholdengo|98/100
|move|p1a: Clodsire|Earthquake|p2a: Gholdengo
|-damage|p2a: Gholdengo|75/100
|
|-heal|p1a: Clodsire|99/100|[from] item: Leftovers
|upkeep
|turn|19
|
|t:|1779967729
|move|p2a: Gholdengo|Shadow Ball|p1a: Clodsire
|-damage|p1a: Clodsire|81/100
|move|p1a: Clodsire|Earthquake|p2a: Gholdengo
|-damage|p2a: Gholdengo|51/100
|
|-heal|p1a: Clodsire|88/100|[from] item: Leftovers
|upkeep
|turn|20
|
|t:|1779967738
|move|p2a: Gholdengo|Shadow Ball|p1a: Clodsire
|-damage|p1a: Clodsire|68/100
|-unboost|p1a: Clodsire|spd|1
|move|p1a: Clodsire|Earthquake|p2a: Gholdengo
|-damage|p2a: Gholdengo|28/100
|
|-heal|p1a: Clodsire|74/100|[from] item: Leftovers
|upkeep
|turn|21
|
|t:|1779967748
|move|p2a: Gholdengo|Recover|p2a: Gholdengo
|-heal|p2a: Gholdengo|78/100
|move|p1a: Clodsire|Recover|p1a: Clodsire
|-heal|p1a: Clodsire|100/100
|
|upkeep
|turn|22
|
|t:|1779967761
|move|p2a: Gholdengo|Shadow Ball|p1a: Clodsire
|-damage|p1a: Clodsire|69/100
|move|p1a: Clodsire|Earthquake|p2a: Gholdengo
|-damage|p2a: Gholdengo|56/100
|
|-heal|p1a: Clodsire|75/100|[from] item: Leftovers
|upkeep
|turn|23
|
|t:|1779967780
|move|p2a: Gholdengo|Shadow Ball|p1a: Clodsire
|-damage|p1a: Clodsire|44/100
|move|p1a: Clodsire|Toxic|p2a: Gholdengo
|-immune|p2a: Gholdengo|[from] ability: Good as Gold
|
|-heal|p1a: Clodsire|50/100|[from] item: Leftovers
|upkeep
|turn|24
|inactive|PlatinumZwei has 120 seconds left.
|
|t:|1779967810
|move|p2a: Gholdengo|Shadow Ball|p1a: Clodsire
|-damage|p1a: Clodsire|20/100
|-unboost|p1a: Clodsire|spd|1
|move|p1a: Clodsire|Recover|p1a: Clodsire
|-heal|p1a: Clodsire|70/100
|
|-heal|p1a: Clodsire|76/100|[from] item: Leftovers
|upkeep
|turn|25
|
|t:|1779967819
|switch|p1a: Heatran|Heatran, M|20/100
|-damage|p1a: Heatran|8/100|[from] Stealth Rock
|move|p2a: Gholdengo|Recover|p2a: Gholdengo
|-heal|p2a: Gholdengo|100/100
|
|-heal|p1a: Heatran|14/100|[from] item: Leftovers
|upkeep
|turn|26
|
|t:|1779967831
|move|p2a: Gholdengo|Shadow Ball|p1a: Heatran
|-damage|p1a: Heatran|0 fnt
|faint|p1a: Heatran
|
|upkeep
|
|t:|1779967838
|switch|p1a: Ogerpon|Ogerpon-Wellspring, F|100/100
|-damage|p1a: Ogerpon|88/100|[from] Stealth Rock
|turn|27
|
|t:|1779967848
|-terastallize|p1a: Ogerpon|Water
|detailschange|p1a: Ogerpon|Ogerpon-Wellspring-Tera, F, tera:Water
|-ability|p1a: Ogerpon|Embody Aspect (Wellspring)|boost
|-boost|p1a: Ogerpon|spd|1
|move|p1a: Ogerpon|Swords Dance|p1a: Ogerpon
|-boost|p1a: Ogerpon|atk|2
|move|p2a: Gholdengo|Shadow Ball|p1a: Ogerpon
|-damage|p1a: Ogerpon|9/100
|
|upkeep
|turn|28
|
|t:|1779967858
|move|p1a: Ogerpon|Ivy Cudgel|p2a: Gholdengo|[anim] Ivy Cudgel Water
|-damage|p2a: Gholdengo|0 fnt
|faint|p2a: Gholdengo
|
|upkeep
|
|t:|1779967862
|switch|p2a: Dragonite|Dragonite, M|100/100
|turn|29
|
|t:|1779967872
|switch|p1a: Corviknight|Corviknight, M|100/100
|-damage|p1a: Corviknight|88/100|[from] Stealth Rock
|-ability|p1a: Corviknight|Pressure
|move|p2a: Dragonite|Extreme Speed|p1a: Corviknight
|-resisted|p1a: Corviknight
|-damage|p1a: Corviknight|77/100
|-damage|p2a: Dragonite|84/100|[from] item: Rocky Helmet|[of] p1a: Corviknight
|-damage|p2a: Dragonite|74/100|[from] item: Life Orb
|
|upkeep
|turn|30
|
|t:|1779967887
|move|p2a: Dragonite|Dragon Dance|p2a: Dragonite
|-boost|p2a: Dragonite|atk|1
|-boost|p2a: Dragonite|spe|1
|move|p1a: Corviknight|Defog|p2a: Dragonite
|-unboost|p2a: Dragonite|evasion|1
|-sideend|p2: PlatinumZwei|Spikes|[from] move: Defog|[of] p1a: Corviknight
|-sideend|p1: Naturmacht|Stealth Rock|[from] move: Defog|[of] p1a: Corviknight
|
|upkeep
|turn|31
|
|t:|1779967893
|move|p2a: Dragonite|Fire Punch|p1a: Corviknight
|-supereffective|p1a: Corviknight
|-damage|p1a: Corviknight|13/100
|-damage|p2a: Dragonite|58/100|[from] item: Rocky Helmet|[of] p1a: Corviknight
|-damage|p2a: Dragonite|48/100|[from] item: Life Orb
|move|p1a: Corviknight|Iron Defense|p1a: Corviknight
|-boost|p1a: Corviknight|def|2
|
|upkeep
|turn|32
|
|t:|1779967903
|move|p2a: Dragonite|Fire Punch|p1a: Corviknight
|-supereffective|p1a: Corviknight
|-damage|p1a: Corviknight|0 fnt
|-damage|p2a: Dragonite|31/100|[from] item: Rocky Helmet|[of] p1a: Corviknight
|faint|p1a: Corviknight
|-damage|p2a: Dragonite|22/100|[from] item: Life Orb
|
|upkeep
|
|t:|1779967912
|switch|p1a: Hatterene|Hatterene, F|100/100
|turn|33
|
|t:|1779967920
|move|p2a: Dragonite|Extreme Speed|p1a: Hatterene
|-damage|p1a: Hatterene|55/100
|-damage|p2a: Dragonite|12/100|[from] item: Life Orb
|move|p1a: Hatterene|Draining Kiss|p2a: Dragonite
|-supereffective|p2a: Dragonite
|-damage|p2a: Dragonite|0 fnt
|-heal|p1a: Hatterene|63/100|[from] drain|[of] p2a: Dragonite
|faint|p2a: Dragonite
|
|-heal|p1a: Hatterene|69/100|[from] item: Leftovers
|upkeep
|
|t:|1779967931
|switch|p2a: Zamazenta|Zamazenta|100/100
|-ability|p2a: Zamazenta|Dauntless Shield|boost
|-boost|p2a: Zamazenta|def|1
|turn|34
|
|t:|1779967936
|switch|p1a: Rillaboom|Rillaboom, M|100/100
|-fieldstart|move: Grassy Terrain|[from] ability: Grassy Surge|[of] p1a: Rillaboom
|move|p2a: Zamazenta|Heavy Slam|p1a: Rillaboom
|-damage|p1a: Rillaboom|72/100
|-damage|p2a: Zamazenta|91/100|[from] item: Life Orb
|
|-heal|p2a: Zamazenta|97/100|[from] Grassy Terrain
|-heal|p1a: Rillaboom|78/100|[from] Grassy Terrain
|upkeep
|turn|35
|
|t:|1779967945
|move|p2a: Zamazenta|Ice Fang|p1a: Rillaboom
|-supereffective|p1a: Rillaboom
|-damage|p1a: Rillaboom|17/100
|-damage|p2a: Zamazenta|87/100|[from] item: Life Orb
|move|p1a: Rillaboom|Leech Seed|p2a: Zamazenta
|-start|p2a: Zamazenta|move: Leech Seed
|
|-heal|p2a: Zamazenta|93/100|[from] Grassy Terrain
|-heal|p1a: Rillaboom|23/100|[from] Grassy Terrain
|-damage|p2a: Zamazenta|81/100|[from] Leech Seed|[of] p1a: Rillaboom
|-heal|p1a: Rillaboom|33/100|[silent]
|upkeep
|turn|36
|
|t:|1779967956
|switch|p1a: Clodsire|Clodsire, M|76/100
|move|p2a: Zamazenta|Ice Fang|p1a: Clodsire
|-supereffective|p1a: Clodsire
|-damage|p1a: Clodsire|4/100
|-damage|p2a: Zamazenta|71/100|[from] item: Life Orb
|
|-heal|p2a: Zamazenta|77/100|[from] Grassy Terrain
|-heal|p1a: Clodsire|10/100|[from] Grassy Terrain
|-heal|p1a: Clodsire|16/100|[from] item: Leftovers
|-damage|p2a: Zamazenta|65/100|[from] Leech Seed|[of] p1a: Clodsire
|-heal|p1a: Clodsire|25/100|[silent]
|upkeep
|turn|37
|
|t:|1779967967
|move|p2a: Zamazenta|Heavy Slam|p1a: Clodsire
|-damage|p1a: Clodsire|5/100
|-damage|p2a: Zamazenta|55/100|[from] item: Life Orb
|move|p1a: Clodsire|Toxic|p2a: Zamazenta
|-status|p2a: Zamazenta|tox
|
|-heal|p2a: Zamazenta|61/100 tox|[from] Grassy Terrain
|-heal|p1a: Clodsire|12/100|[from] Grassy Terrain
|-heal|p1a: Clodsire|18/100|[from] item: Leftovers
|-damage|p2a: Zamazenta|49/100 tox|[from] Leech Seed|[of] p1a: Clodsire
|-heal|p1a: Clodsire|27/100|[silent]
|-damage|p2a: Zamazenta|43/100 tox|[from] psn
|upkeep
|turn|38
|
|t:|1779967979
|move|p2a: Zamazenta|Ice Fang|p1a: Clodsire
|-supereffective|p1a: Clodsire
|-damage|p1a: Clodsire|0 fnt
|faint|p1a: Clodsire
|-damage|p2a: Zamazenta|33/100 tox|[from] item: Life Orb
|
|-heal|p2a: Zamazenta|39/100 tox|[from] Grassy Terrain
|-damage|p2a: Zamazenta|27/100 tox|[from] psn
|upkeep
|
|t:|1779967987
|switch|p1a: Rillaboom|Rillaboom, M|33/100
|turn|39
|
|t:|1779967989
|move|p1a: Rillaboom|Grassy Glide|p2a: Zamazenta
|-damage|p2a: Zamazenta|1/100 tox
|move|p2a: Zamazenta|Ice Fang|p1a: Rillaboom
|-supereffective|p1a: Rillaboom
|-damage|p1a: Rillaboom|0 fnt
|faint|p1a: Rillaboom
|-damage|p2a: Zamazenta|0 fnt|[from] item: Life Orb
|faint|p2a: Zamazenta
|
|upkeep
|
|t:|1779967999
|switch|p2a: Iron Valiant|Iron Valiant|100/100
|switch|p1a: Hatterene|Hatterene, F|69/100
|-enditem|p2a: Iron Valiant|Booster Energy
|-activate|p2a: Iron Valiant|ability: Quark Drive|[fromitem]
|-start|p2a: Iron Valiant|quarkdrivespe
|turn|40
|
|t:|1779968016
|move|p2a: Iron Valiant|Moonblast|p1a: Hatterene
|-damage|p1a: Hatterene|21/100
|move|p1a: Hatterene|Draining Kiss|p2a: Iron Valiant
|-supereffective|p2a: Iron Valiant
|-damage|p2a: Iron Valiant|15/100
|-heal|p1a: Hatterene|79/100|[from] drain|[of] p2a: Iron Valiant
|
|-heal|p2a: Iron Valiant|22/100|[from] Grassy Terrain
|-heal|p1a: Hatterene|85/100|[from] Grassy Terrain
|-heal|p1a: Hatterene|91/100|[from] item: Leftovers
|upkeep
|turn|41
|
|t:|1779968025
|move|p2a: Iron Valiant|Destiny Bond|p2a: Iron Valiant
|-singlemove|p2a: Iron Valiant|Destiny Bond
|move|p1a: Hatterene|Draining Kiss|p2a: Iron Valiant
|-supereffective|p2a: Iron Valiant
|-damage|p2a: Iron Valiant|0 fnt
|-heal|p1a: Hatterene|100/100|[from] drain|[of] p2a: Iron Valiant
|faint|p2a: Iron Valiant
|-activate|p2a: Iron Valiant|move: Destiny Bond
|-end|p2a: Iron Valiant|Quark Drive|[silent]
|faint|p1a: Hatterene
|
|-fieldend|move: Grassy Terrain
|upkeep
|
|t:|1779968034
|switch|p2a: Great Tusk|Great Tusk|100/100
|switch|p1a: Ogerpon|Ogerpon-Wellspring-Tera, F, tera:Water|9/100
|-ability|p1a: Ogerpon|Embody Aspect (Wellspring)|boost
|-boost|p1a: Ogerpon|spd|1
|-enditem|p2a: Great Tusk|Booster Energy
|-activate|p2a: Great Tusk|ability: Protosynthesis|[fromitem]
|-start|p2a: Great Tusk|protosynthesisspe
|turn|42
|c|☆Naturmacht|now i see why u kept it out of play
|c|☆Naturmacht|well played mate
|
|t:|1779968059
|move|p2a: Great Tusk|Bulk Up|p2a: Great Tusk
|-boost|p2a: Great Tusk|atk|1
|-boost|p2a: Great Tusk|def|1
|move|p1a: Ogerpon|Horn Leech|p2a: Great Tusk
|-supereffective|p2a: Great Tusk
|-damage|p2a: Great Tusk|63/100
|-heal|p1a: Ogerpon|37/100|[from] drain|[of] p2a: Great Tusk
|
|upkeep
|turn|43
|
|t:|1779968069
|move|p2a: Great Tusk|Headlong Rush|p1a: Ogerpon
|-crit|p1a: Ogerpon
|-damage|p1a: Ogerpon|0 fnt
|-unboost|p2a: Great Tusk|def|1
|-unboost|p2a: Great Tusk|spd|1
|faint|p1a: Ogerpon
|detailschange|p1: Ogerpon|Ogerpon-Wellspring, F|[silent]
|
|win|PlatinumZwei
|raw|Naturmacht's rating: 1392 &rarr; <strong>1371</strong><br />(-21 for losing)
|raw|PlatinumZwei's rating: 1372 &rarr; <strong>1393</strong><br />(+21 for winning)
|c|☆PlatinumZwei|gg
|c|☆Naturmacht|gg
