|j|☆Autistickid64
|j|☆clouddaearth
|t:|1779887806
|gametype|singles
|player|p1|Autistickid64|ethan-masters|1487
|player|p2|clouddaearth|101|1411
|gen|9
|tier|[Gen 9] OU
|rated|
|rule|HP Percentage Mod: HP is shown in percentages
|rule|Endless Battle Clause: Forcing endless battles is banned
|rule|Species Clause: Limit one of each Pokémon
|rule|OHKO Clause: OHKO moves are banned
|rule|Evasion Items Clause: Evasion items are banned
|rule|Evasion Moves Clause: Evasion moves are banned
|rule|Evasion Abilities Clause: Evasion abilities are banned
|rule|Sleep Moves Clause: Sleep-inducing moves are banned
|clearpoke
|poke|p1|Cloyster, M|
|poke|p1|Iron Valiant|
|poke|p1|Avalugg-Hisui, F|
|poke|p1|Iron Moth|
|poke|p1|Weezing-Galar, M|
|poke|p1|Tsareena, F|
|poke|p2|Gengar, F|
|poke|p2|Weavile, F|
|poke|p2|Iron Treads|
|poke|p2|Blaziken, F|
|poke|p2|Azumarill, M|
|poke|p2|Dragonite, F|
|teampreview
|
|t:|1779887821
|teamsize|p1|6
|teamsize|p2|6
|start
|switch|p1a: Avalugg|Avalugg-Hisui, F|100/100
|switch|p2a: Weavile|Weavile, F|100/100
|turn|1
|
|t:|1779887848
|move|p2a: Weavile|Brick Break|p1a: Avalugg
|-supereffective|p1a: Avalugg
|-damage|p1a: Avalugg|35/100
|move|p1a: Avalugg|Stealth Rock|p2a: Weavile
|-sidestart|p2: clouddaearth|move: Stealth Rock
|
|upkeep
|turn|2
|
|t:|1779887856
|move|p2a: Weavile|Knock Off|p1a: Avalugg
|-damage|p1a: Avalugg|8/100
|-enditem|p1a: Avalugg|Custap Berry|[from] move: Knock Off|[of] p2a: Weavile
|move|p1a: Avalugg|Earthquake|p2a: Weavile
|-damage|p2a: Weavile|39/100
|
|upkeep
|turn|3
|
|t:|1779887859
|move|p2a: Weavile|Triple Axel|p1a: Avalugg
|-resisted|p1a: Avalugg
|-damage|p1a: Avalugg|4/100
|-resisted|p1a: Avalugg
|-damage|p1a: Avalugg|0 fnt
|faint|p1a: Avalugg
|-hitcount|p1: Avalugg|2
|
|upkeep
|
|t:|1779887883
|switch|p1a: Weezing|Weezing-Galar, M|100/100
|-ability|p1a: Weezing|Neutralizing Gas
|turn|4
|inactive|Battle timer is ON: inactive players will automatically lose when time's up. (requested by clouddaearth)
|
|t:|1779887909
|move|p2a: Weavile|Knock Off|p1a: Weezing
|-resisted|p1a: Weezing
|-damage|p1a: Weezing|86/100
|-damage|p2a: Weavile|23/100|[from] item: Rocky Helmet|[of] p1a: Weezing
|-enditem|p1a: Weezing|Rocky Helmet|[from] move: Knock Off|[of] p2a: Weavile
|move|p1a: Weezing|Flamethrower|p2a: Weavile
|-supereffective|p2a: Weavile
|-damage|p2a: Weavile|0 fnt
|faint|p2a: Weavile
|
|upkeep
|
|t:|1779887917
|switch|p2a: Iron Treads|Iron Treads|100/100
|-damage|p2a: Iron Treads|97/100|[from] Stealth Rock
|turn|5
|
|t:|1779887937
|move|p2a: Iron Treads|Rapid Spin|p1a: Weezing
|-damage|p1a: Weezing|76/100
|-boost|p2a: Iron Treads|spe|1
|-sideend|p2: clouddaearth|Stealth Rock|[from] move: Rapid Spin|[of] p2a: Iron Treads
|move|p1a: Weezing|Flamethrower|p2a: Iron Treads
|-supereffective|p2a: Iron Treads
|-damage|p2a: Iron Treads|45/100
|
|upkeep
|turn|6
|
|t:|1779887947
|move|p2a: Iron Treads|Iron Head|p1a: Weezing
|-supereffective|p1a: Weezing
|-damage|p1a: Weezing|27/100
|move|p1a: Weezing|Flamethrower|p2a: Iron Treads
|-supereffective|p2a: Iron Treads
|-damage|p2a: Iron Treads|0 fnt
|faint|p2a: Iron Treads
|-end|p2a: Iron Treads|Quark Drive|[silent]
|
|upkeep
|
|t:|1779887954
|switch|p2a: Dragonite|Dragonite, F|100/100
|turn|7
|
|t:|1779887958
|move|p2a: Dragonite|Dragon Dance|p2a: Dragonite
|-boost|p2a: Dragonite|atk|1
|-boost|p2a: Dragonite|spe|1
|move|p1a: Weezing|Strange Steam|p2a: Dragonite
|-supereffective|p2a: Dragonite
|-damage|p2a: Dragonite|43/100
|
|upkeep
|turn|8
|
|t:|1779887973
|move|p2a: Dragonite|Earthquake|p1a: Weezing
|-supereffective|p1a: Weezing
|-damage|p1a: Weezing|0 fnt
|faint|p1a: Weezing
|-end|p1a: Weezing|ability: Neutralizing Gas
|
|upkeep
|
|t:|1779887979
|switch|p1a: Iron Valiant|Iron Valiant|100/100
|-enditem|p1a: Iron Valiant|Booster Energy
|-activate|p1a: Iron Valiant|ability: Quark Drive|[fromitem]
|-start|p1a: Iron Valiant|quarkdrivespe
|turn|9
|
|t:|1779887985
|-terastallize|p2a: Dragonite|Normal
|move|p2a: Dragonite|Extreme Speed|p1a: Iron Valiant
|-damage|p1a: Iron Valiant|15/100
|move|p1a: Iron Valiant|Moonblast|p2a: Dragonite
|-crit|p2a: Dragonite
|-damage|p2a: Dragonite|0 fnt
|faint|p2a: Dragonite
|
|upkeep
|
|t:|1779887993
|switch|p2a: Azumarill|Azumarill, M|100/100
|turn|10
|
|t:|1779887998
|move|p1a: Iron Valiant|Moonblast|p2a: Azumarill
|-damage|p2a: Azumarill|49/100
|-enditem|p2a: Azumarill|Sitrus Berry|[eat]
|-heal|p2a: Azumarill|74/100|[from] item: Sitrus Berry
|move|p2a: Azumarill|Belly Drum|p2a: Azumarill
|-damage|p2a: Azumarill|24/100
|-setboost|p2a: Azumarill|atk|6|[from] move: Belly Drum
|
|upkeep
|turn|11
|
|t:|1779888003
|move|p1a: Iron Valiant|Vacuum Wave|p2a: Azumarill
|-resisted|p2a: Azumarill
|-damage|p2a: Azumarill|14/100
|move|p2a: Azumarill|Aqua Jet|p1a: Iron Valiant
|-damage|p1a: Iron Valiant|0 fnt
|faint|p1a: Iron Valiant
|-end|p1a: Iron Valiant|Quark Drive|[silent]
|
|upkeep
|
|t:|1779888006
|switch|p1a: Tsareena|Tsareena, F|100/100
|turn|12
|
|t:|1779888010
|move|p1a: Tsareena|Rapid Spin|p2a: Azumarill
|-damage|p2a: Azumarill|0 fnt
|-boost|p1a: Tsareena|spe|1
|faint|p2a: Azumarill
|
|upkeep
|
|t:|1779888013
|switch|p2a: Blaziken|Blaziken, F|100/100
|turn|13
|
|t:|1779888017
|move|p2a: Blaziken|Protect|p2a: Blaziken
|-singleturn|p2a: Blaziken|Protect
|move|p1a: Tsareena|Power Whip|p2a: Blaziken
|-activate|p2a: Blaziken|move: Protect
|
|-ability|p2a: Blaziken|Speed Boost|boost
|-boost|p2a: Blaziken|spe|1
|upkeep
|turn|14
|
|t:|1779888022
|move|p2a: Blaziken|Flare Blitz|p1a: Tsareena
|-supereffective|p1a: Tsareena
|-damage|p1a: Tsareena|0 fnt
|faint|p1a: Tsareena
|-damage|p2a: Blaziken|62/100|[from] Recoil
|-damage|p2a: Blaziken|52/100|[from] item: Life Orb
|
|-ability|p2a: Blaziken|Speed Boost|boost
|-boost|p2a: Blaziken|spe|1
|upkeep
|
|t:|1779888033
|switch|p1a: Iron Moth|Iron Moth|100/100
|-enditem|p1a: Iron Moth|Booster Energy
|-activate|p1a: Iron Moth|ability: Quark Drive|[fromitem]
|-start|p1a: Iron Moth|quarkdrivespe
|turn|15
|
|t:|1779888040
|move|p2a: Blaziken|Protect|p2a: Blaziken
|-singleturn|p2a: Blaziken|Protect
|move|p1a: Iron Moth|Sludge Wave|p2a: Blaziken
|-activate|p2a: Blaziken|move: Protect
|
|-ability|p2a: Blaziken|Speed Boost|boost
|-boost|p2a: Blaziken|spe|1
|upkeep
|turn|16
|
|t:|1779888049
|move|p2a: Blaziken|Flare Blitz|p1a: Iron Moth
|-resisted|p1a: Iron Moth
|-damage|p1a: Iron Moth|41/100
|-damage|p2a: Blaziken|30/100|[from] Recoil
|-damage|p2a: Blaziken|20/100|[from] item: Life Orb
|move|p1a: Iron Moth|Sludge Wave|p2a: Blaziken
|-damage|p2a: Blaziken|0 fnt
|faint|p2a: Blaziken
|
|upkeep
|
|t:|1779888052
|switch|p2a: Gengar|Gengar, F|100/100
|turn|17
|
|t:|1779888058
|move|p1a: Iron Moth|Fiery Dance|p2a: Gengar
|-damage|p2a: Gengar|37/100
|-boost|p1a: Iron Moth|spa|1
|-start|p1a: Iron Moth|Disable|Fiery Dance|[from] ability: Cursed Body|[of] p2a: Gengar
|move|p2a: Gengar|Shadow Ball|p1a: Iron Moth
|-damage|p1a: Iron Moth|2/100
|
|upkeep
|turn|18
|
|t:|1779888063
|move|p2a: Gengar|Shadow Ball|p1a: Iron Moth
|-damage|p1a: Iron Moth|0 fnt
|faint|p1a: Iron Moth
|-end|p1a: Iron Moth|Quark Drive|[silent]
|
|upkeep
|
|t:|1779888065
|switch|p1a: Cloyster|Cloyster, M|100/100
|turn|19
|
|t:|1779888069
|move|p2a: Gengar|Shadow Ball|p1a: Cloyster
|-enditem|p1a: Cloyster|Focus Sash
|-damage|p1a: Cloyster|1/100
|move|p1a: Cloyster|Icicle Spear|p2a: Gengar
|-damage|p2a: Gengar|13/100
|-damage|p2a: Gengar|0 fnt
|faint|p2a: Gengar
|-hitcount|p2: Gengar|2
|
|win|Autistickid64
|raw|Autistickid64's rating: 1487 &rarr; <strong>1503</strong><br />(+16 for winning)
|raw|clouddaearth's rating: 1411 &rarr; <strong>1395</strong><br />(-16 for losing)
|l|☆Autistickid64
|player|p1|
|l|☆clouddaearth
|player|p2|
