|j|☆Calafiori33
|j|‽acerrillo6970
|t:|1779860988
|gametype|singles
|player|p1|Calafiori33|liza|1093
|player|p2|acerrillo6970|170|1134
|gen|9
|tier|[Gen 9] OU
|rated|
|rule|HP Percentage Mod: HP is shown in percentages
|rule|Endless Battle Clause: Forcing endless battles is banned
|rule|Species Clause: Limit one of each Pokémon
|rule|OHKO Clause: OHKO moves are banned
|rule|Evasion Items Clause: Evasion items are banned
|rule|Evasion Moves Clause: Evasion moves are banned
|rule|Evasion Abilities Clause: Evasion abilities are banned
|rule|Sleep Moves Clause: Sleep-inducing moves are banned
|clearpoke
|poke|p1|Cinderace, M|
|poke|p1|Clefable, F|
|poke|p1|Gliscor, F|
|poke|p1|Rotom-Wash|
|poke|p1|Weavile, F|
|poke|p1|Gengar, M|
|poke|p2|Meowscarada, M|
|poke|p2|Comfey, M|
|poke|p2|Lokix, M|
|poke|p2|Tentacruel, F|
|poke|p2|Orthworm, F|
|poke|p2|Pawmot, F|
|teampreview
|
|t:|1779861010
|teamsize|p1|6
|teamsize|p2|6
|start
|switch|p1a: Clefable|Clefable, F|100/100
|switch|p2a: Lokix|Lokix, M|100/100
|turn|1
|
|t:|1779861017
|switch|p2a: Tentacruel|Tentacruel, F|100/100
|move|p1a: Clefable|Stealth Rock|p2a: Tentacruel
|-sidestart|p2: acerrillo6970|move: Stealth Rock
|
|upkeep
|turn|2
|inactive|Battle timer is ON: inactive players will automatically lose when time's up. (requested by acerrillo6970)
|
|t:|1779861028
|move|p2a: Tentacruel|Rapid Spin|p1a: Clefable
|-damage|p1a: Clefable|93/100
|-boost|p2a: Tentacruel|spe|1
|-damage|p2a: Tentacruel|84/100|[from] item: Rocky Helmet|[of] p1a: Clefable
|-sideend|p2: acerrillo6970|Stealth Rock|[from] move: Rapid Spin|[of] p2a: Tentacruel
|move|p1a: Clefable|Thunder Wave|p2a: Tentacruel
|-status|p2a: Tentacruel|par
|
|-heal|p2a: Tentacruel|90/100 par|[from] item: Black Sludge
|upkeep
|turn|3
|
|t:|1779861040
|move|p2a: Tentacruel|Rapid Spin|p1a: Clefable
|-damage|p1a: Clefable|86/100
|-boost|p2a: Tentacruel|spe|1
|-damage|p2a: Tentacruel|73/100 par|[from] item: Rocky Helmet|[of] p1a: Clefable
|move|p1a: Clefable|Stealth Rock|p2a: Tentacruel
|-sidestart|p2: acerrillo6970|move: Stealth Rock
|
|-heal|p2a: Tentacruel|79/100 par|[from] item: Black Sludge
|upkeep
|turn|4
|
|t:|1779861050
|switch|p1a: Gengar|Gengar, M|100/100
|-item|p1a: Gengar|Air Balloon
|cant|p2a: Tentacruel|par
|
|-heal|p2a: Tentacruel|85/100 par|[from] item: Black Sludge
|upkeep
|turn|5
|
|t:|1779861059
|move|p1a: Gengar|Nasty Plot|p1a: Gengar
|-boost|p1a: Gengar|spa|2
|cant|p2a: Tentacruel|par
|
|-heal|p2a: Tentacruel|91/100 par|[from] item: Black Sludge
|upkeep
|turn|6
|
|t:|1779861067
|move|p1a: Gengar|Nasty Plot|p1a: Gengar
|-boost|p1a: Gengar|spa|2
|move|p2a: Tentacruel|Knock Off|p1a: Gengar
|-supereffective|p1a: Gengar
|-damage|p1a: Gengar|33/100
|-enditem|p1a: Gengar|Air Balloon
|
|-heal|p2a: Tentacruel|97/100 par|[from] item: Black Sludge
|upkeep
|turn|7
|
|t:|1779861087
|switch|p2a: Meowscarada|Meowscarada, M|100/100
|-damage|p2a: Meowscarada|88/100|[from] Stealth Rock
|move|p1a: Gengar|Shadow Ball|p2a: Meowscarada
|-resisted|p2a: Meowscarada
|-damage|p2a: Meowscarada|0 fnt
|faint|p2a: Meowscarada
|
|upkeep
|
|t:|1779861093
|switch|p2a: Lokix|Lokix, M|100/100
|-damage|p2a: Lokix|76/100|[from] Stealth Rock
|turn|8
|
|t:|1779861100
|move|p2a: Lokix|First Impression|p1a: Gengar
|-resisted|p1a: Gengar
|-damage|p1a: Gengar|0 fnt
|faint|p1a: Gengar
|-damage|p2a: Lokix|66/100|[from] item: Life Orb
|
|upkeep
|
|t:|1779861112
|switch|p1a: Gliscor|Gliscor, F|100/100
|turn|9
|
|t:|1779861115
|move|p2a: Lokix|Knock Off|p1a: Gliscor
|-damage|p1a: Gliscor|56/100
|-enditem|p1a: Gliscor|Toxic Orb|[from] move: Knock Off|[of] p2a: Lokix
|-damage|p2a: Lokix|56/100|[from] item: Life Orb
|move|p1a: Gliscor|Swords Dance|p1a: Gliscor
|-boost|p1a: Gliscor|atk|2
|
|upkeep
|turn|10
|
|t:|1779861127
|move|p1a: Gliscor|Protect|p1a: Gliscor
|-singleturn|p1a: Gliscor|Protect
|move|p2a: Lokix|Leech Life|p1a: Gliscor
|-activate|p1a: Gliscor|move: Protect
|
|upkeep
|turn|11
|
|t:|1779861140
|switch|p1a: Rotom|Rotom-Wash|100/100
|move|p2a: Lokix|Leech Life|p1a: Rotom
|-damage|p1a: Rotom|55/100
|-heal|p2a: Lokix|80/100|[from] drain|[of] p1a: Rotom
|-damage|p2a: Lokix|70/100|[from] item: Life Orb
|
|-heal|p1a: Rotom|61/100|[from] item: Leftovers
|upkeep
|turn|12
|
|t:|1779861153
|move|p2a: Lokix|Sucker Punch||[still]
|-fail|p2a: Lokix
|move|p1a: Rotom|Will-O-Wisp|p2a: Lokix|[miss]
|-miss|p1a: Rotom|p2a: Lokix
|
|-heal|p1a: Rotom|68/100|[from] item: Leftovers
|upkeep
|turn|13
|
|t:|1779861161
|switch|p2a: Tentacruel|Tentacruel, F|97/100 par
|-damage|p2a: Tentacruel|85/100 par|[from] Stealth Rock
|move|p1a: Rotom|Will-O-Wisp|p2a: Tentacruel|[miss]
|-miss|p1a: Rotom|p2a: Tentacruel
|
|-heal|p1a: Rotom|74/100|[from] item: Leftovers
|-heal|p2a: Tentacruel|91/100 par|[from] item: Black Sludge
|upkeep
|turn|14
|c|☆Calafiori33|bum ahh rotom
|
|t:|1779861176
|move|p1a: Rotom|Volt Switch|p2a: Tentacruel
|-supereffective|p2a: Tentacruel
|-damage|p2a: Tentacruel|49/100 par
|
|t:|1779861188
|switch|p1a: Weavile|Weavile, F|100/100|[from] Volt Switch
|-ability|p1a: Weavile|Pressure
|move|p2a: Tentacruel|Toxic Spikes|p1a: Weavile
|-sidestart|p1: Calafiori33|move: Toxic Spikes
|
|-heal|p2a: Tentacruel|55/100 par|[from] item: Black Sludge
|upkeep
|turn|15
|
|t:|1779861201
|move|p1a: Weavile|Triple Axel|p2a: Tentacruel
|-resisted|p2a: Tentacruel
|-damage|p2a: Tentacruel|47/100 par
|-resisted|p2a: Tentacruel
|-damage|p2a: Tentacruel|32/100 par
|-resisted|p2a: Tentacruel
|-damage|p2a: Tentacruel|10/100 par
|-hitcount|p2a: Tentacruel|3
|move|p2a: Tentacruel|Rapid Spin|p1a: Weavile
|-damage|p1a: Weavile|87/100
|-boost|p2a: Tentacruel|spe|1
|-sideend|p2: acerrillo6970|Stealth Rock|[from] move: Rapid Spin|[of] p2a: Tentacruel
|
|-heal|p2a: Tentacruel|16/100 par|[from] item: Black Sludge
|upkeep
|turn|16
|
|t:|1779861214
|move|p1a: Weavile|Triple Axel|p2a: Tentacruel
|-resisted|p2a: Tentacruel
|-damage|p2a: Tentacruel|8/100 par
|-resisted|p2a: Tentacruel
|-damage|p2a: Tentacruel|0 fnt
|faint|p2a: Tentacruel
|-hitcount|p2: Tentacruel|2
|
|upkeep
|
|t:|1779861220
|switch|p2a: Lokix|Lokix, M|70/100
|turn|17
|
|t:|1779861227
|switch|p1a: Gliscor|Gliscor, F|56/100
|move|p2a: Lokix|First Impression|p1a: Gliscor
|-resisted|p1a: Gliscor
|-damage|p1a: Gliscor|16/100
|-damage|p2a: Lokix|61/100|[from] item: Life Orb
|
|upkeep
|turn|18
|
|t:|1779861236
|move|p2a: Lokix|Leech Life|p1a: Gliscor
|-resisted|p1a: Gliscor
|-damage|p1a: Gliscor|0 fnt
|-heal|p2a: Lokix|70/100|[from] drain|[of] p1a: Gliscor
|faint|p1a: Gliscor
|-damage|p2a: Lokix|60/100|[from] item: Life Orb
|
|upkeep
|
|t:|1779861244
|switch|p1a: Cinderace|Cinderace, M|100/100
|turn|19
|
|t:|1779861249
|move|p2a: Lokix|Sucker Punch||[still]
|-fail|p2a: Lokix
|move|p1a: Cinderace|Court Change|p1a: Cinderace
|-start|p1a: Cinderace|typechange|Normal|[from] ability: Libero
|-swapsideconditions
|-activate|p1a: Cinderace|move: Court Change
|
|upkeep
|turn|20
|
|t:|1779861267
|move|p2a: Lokix|Sucker Punch|p1a: Cinderace
|-damage|p1a: Cinderace|38/100
|-damage|p2a: Lokix|50/100|[from] item: Life Orb
|move|p1a: Cinderace|U-turn|p2a: Lokix
|-supereffective|p2a: Lokix
|-damage|p2a: Lokix|0 fnt
|faint|p2a: Lokix
|
|t:|1779861275
|switch|p1a: Clefable|Clefable, F|86/100|[from] U-turn
|
|upkeep
|
|t:|1779861278
|switch|p2a: Orthworm|Orthworm, F|100/100
|turn|21
|
|t:|1779861283
|-terastallize|p2a: Orthworm|Electric
|move|p2a: Orthworm|Coil|p2a: Orthworm
|-boost|p2a: Orthworm|atk|1
|-boost|p2a: Orthworm|def|1
|-boost|p2a: Orthworm|accuracy|1
|move|p1a: Clefable|Stealth Rock|p2a: Orthworm
|-sidestart|p2: acerrillo6970|move: Stealth Rock
|
|upkeep
|turn|22
|
|t:|1779861295
|move|p2a: Orthworm|Coil|p2a: Orthworm
|-boost|p2a: Orthworm|atk|1
|-boost|p2a: Orthworm|def|1
|-boost|p2a: Orthworm|accuracy|1
|move|p1a: Clefable|Thunder Wave|p2a: Orthworm
|-immune|p2a: Orthworm
|
|upkeep
|turn|23
|
|t:|1779861306
|move|p2a: Orthworm|Iron Tail|p1a: Clefable
|-supereffective|p1a: Clefable
|-damage|p1a: Clefable|2/100
|-damage|p2a: Orthworm|84/100|[from] item: Rocky Helmet|[of] p1a: Clefable
|move|p1a: Clefable|Moonblast|p2a: Orthworm
|-damage|p2a: Orthworm|47/100
|
|-heal|p2a: Orthworm|53/100|[from] item: Leftovers
|upkeep
|turn|24
|
|t:|1779861316
|move|p2a: Orthworm|Protect|p2a: Orthworm
|-singleturn|p2a: Orthworm|Protect
|move|p1a: Clefable|Moonblast|p2a: Orthworm
|-activate|p2a: Orthworm|move: Protect
|
|-heal|p2a: Orthworm|59/100|[from] item: Leftovers
|upkeep
|turn|25
|
|t:|1779861325
|move|p2a: Orthworm|Iron Tail|p1a: Clefable
|-supereffective|p1a: Clefable
|-damage|p1a: Clefable|0 fnt
|-damage|p2a: Orthworm|42/100|[from] item: Rocky Helmet|[of] p1a: Clefable
|faint|p1a: Clefable
|
|-heal|p2a: Orthworm|48/100|[from] item: Leftovers
|upkeep
|
|t:|1779861341
|switch|p1a: Weavile|Weavile, F|87/100
|-ability|p1a: Weavile|Pressure
|turn|26
|
|t:|1779861348
|move|p1a: Weavile|Triple Axel|p2a: Orthworm
|-damage|p2a: Orthworm|42/100
|-hitcount|p2a: Orthworm|1
|move|p2a: Orthworm|Body Press|p1a: Weavile
|-supereffective|p1a: Weavile
|-damage|p1a: Weavile|0 fnt
|faint|p1a: Weavile
|
|-heal|p2a: Orthworm|48/100|[from] item: Leftovers
|upkeep
|
|t:|1779861361
|switch|p1a: Rotom|Rotom-Wash|74/100
|turn|27
|
|t:|1779861368
|move|p2a: Orthworm|Protect|p2a: Orthworm
|-singleturn|p2a: Orthworm|Protect
|move|p1a: Rotom|Hydro Pump|p2a: Orthworm
|-activate|p2a: Orthworm|move: Protect
|
|-heal|p1a: Rotom|80/100|[from] item: Leftovers
|-heal|p2a: Orthworm|54/100|[from] item: Leftovers
|upkeep
|turn|28
|
|t:|1779861377
|move|p1a: Rotom|Hydro Pump|p2a: Orthworm|[miss]
|-miss|p1a: Rotom|p2a: Orthworm
|move|p2a: Orthworm|Iron Tail|p1a: Rotom
|-resisted|p1a: Rotom
|-damage|p1a: Rotom|68/100
|
|-heal|p1a: Rotom|74/100|[from] item: Leftovers
|-heal|p2a: Orthworm|60/100|[from] item: Leftovers
|upkeep
|turn|29
|
|t:|1779861386
|move|p2a: Orthworm|Protect|p2a: Orthworm
|-singleturn|p2a: Orthworm|Protect
|move|p1a: Rotom|Pain Split|p2a: Orthworm
|-activate|p2a: Orthworm|move: Protect
|
|-heal|p1a: Rotom|80/100|[from] item: Leftovers
|-heal|p2a: Orthworm|67/100|[from] item: Leftovers
|upkeep
|turn|30
|
|t:|1779861394
|move|p1a: Rotom|Will-O-Wisp|p2a: Orthworm|[miss]
|-miss|p1a: Rotom|p2a: Orthworm
|move|p2a: Orthworm|Coil|p2a: Orthworm
|-boost|p2a: Orthworm|atk|1
|-boost|p2a: Orthworm|def|1
|-boost|p2a: Orthworm|accuracy|1
|
|-heal|p1a: Rotom|86/100|[from] item: Leftovers
|-heal|p2a: Orthworm|73/100|[from] item: Leftovers
|upkeep
|turn|31
|
|t:|1779861409
|switch|p1a: Cinderace|Cinderace, M|38/100
|move|p2a: Orthworm|Protect||[still]
|-fail|p2a: Orthworm
|
|-heal|p2a: Orthworm|79/100|[from] item: Leftovers
|upkeep
|turn|32
|
|t:|1779861417
|-terastallize|p1a: Cinderace|Fire
|move|p1a: Cinderace|Pyro Ball|p2a: Orthworm
|-damage|p2a: Orthworm|55/100
|move|p2a: Orthworm|Body Press|p1a: Cinderace
|-damage|p1a: Cinderace|0 fnt
|faint|p1a: Cinderace
|
|-heal|p2a: Orthworm|61/100|[from] item: Leftovers
|upkeep
|
|t:|1779861430
|switch|p1a: Rotom|Rotom-Wash|86/100
|turn|33
|
|t:|1779861435
|move|p1a: Rotom|Will-O-Wisp|p2a: Orthworm
|-status|p2a: Orthworm|brn
|move|p2a: Orthworm|Body Press|p1a: Rotom
|-damage|p1a: Rotom|59/100
|
|-heal|p1a: Rotom|65/100|[from] item: Leftovers
|-heal|p2a: Orthworm|67/100 brn|[from] item: Leftovers
|-damage|p2a: Orthworm|61/100 brn|[from] brn
|upkeep
|turn|34
|
|t:|1779861446
|move|p1a: Rotom|Hydro Pump|p2a: Orthworm
|-damage|p2a: Orthworm|15/100 brn
|move|p2a: Orthworm|Body Press|p1a: Rotom
|-damage|p1a: Rotom|37/100
|
|-heal|p1a: Rotom|43/100|[from] item: Leftovers
|-heal|p2a: Orthworm|21/100 brn|[from] item: Leftovers
|-damage|p2a: Orthworm|15/100 brn|[from] brn
|upkeep
|turn|35
|
|t:|1779861458
|move|p1a: Rotom|Hydro Pump|p2a: Orthworm|[miss]
|-miss|p1a: Rotom|p2a: Orthworm
|move|p2a: Orthworm|Body Press|p1a: Rotom
|-damage|p1a: Rotom|13/100
|
|-heal|p1a: Rotom|19/100|[from] item: Leftovers
|-heal|p2a: Orthworm|21/100 brn|[from] item: Leftovers
|-damage|p2a: Orthworm|15/100 brn|[from] brn
|upkeep
|turn|36
|
|t:|1779861471
|move|p1a: Rotom|Hydro Pump|p2a: Orthworm
|-damage|p2a: Orthworm|0 fnt
|faint|p2a: Orthworm
|
|-heal|p1a: Rotom|25/100|[from] item: Leftovers
|upkeep
|
|t:|1779861474
|switch|p2a: Pawmot|Pawmot, F|100/100
|-status|p2a: Pawmot|psn
|-damage|p2a: Pawmot|94/100 psn|[from] Stealth Rock
|turn|37
|
|t:|1779861483
|move|p2a: Pawmot|Thunder Punch|p1a: Rotom
|-damage|p1a: Rotom|0 fnt
|faint|p1a: Rotom
|
|win|acerrillo6970
|raw|Calafiori33's rating: 1093 &rarr; <strong>1072</strong><br />(-21 for losing)
|raw|acerrillo6970's rating: 1134 &rarr; <strong>1156</strong><br />(+22 for winning)
|l|☆Calafiori33
|player|p1|
|l|‽acerrillo6970
|player|p2|
