|j|☆CONDOMINIUM ULTRA
|j|☆GCC027
|t:|1779949559
|gametype|singles
|player|p1|CONDOMINIUM ULTRA|cilan|1065
|player|p2|GCC027|veteran|1054
|gen|9
|tier|[Gen 9] OU
|rated|
|rule|HP Percentage Mod: HP is shown in percentages
|rule|Endless Battle Clause: Forcing endless battles is banned
|rule|Species Clause: Limit one of each Pokémon
|rule|OHKO Clause: OHKO moves are banned
|rule|Evasion Items Clause: Evasion items are banned
|rule|Evasion Moves Clause: Evasion moves are banned
|rule|Evasion Abilities Clause: Evasion abilities are banned
|rule|Sleep Moves Clause: Sleep-inducing moves are banned
|clearpoke
|poke|p1|Cinccino, M|
|poke|p1|Dragapult, F|
|poke|p1|Vaporeon, M|
|poke|p1|Iron Hands|
|poke|p1|Skarmory, M|
|poke|p1|Houndoom, F|
|poke|p2|Tsareena, F|
|poke|p2|Kingambit, M|
|poke|p2|Dragapult, F|
|poke|p2|Iron Valiant|
|poke|p2|Great Tusk|
|poke|p2|Ninetales-Alola, M|
|teampreview
|inactive|Battle timer is ON: inactive players will automatically lose when time's up. (requested by GCC027)
|inactive|CONDOMINIUM ULTRA also wants the timer to be on.
|
|t:|1779949563
|teamsize|p1|6
|teamsize|p2|6
|start
|switch|p1a: Dragapult|Dragapult, F|100/100
|switch|p2a: Ninetales|Ninetales-Alola, M|100/100
|-weather|Snowscape|[from] ability: Snow Warning|[of] p2a: Ninetales
|turn|1
|
|t:|1779949572
|move|p1a: Dragapult|Light Screen|p1a: Dragapult
|-sidestart|p1: CONDOMINIUM ULTRA|move: Light Screen
|move|p2a: Ninetales|Blizzard|p1a: Dragapult
|-supereffective|p1a: Dragapult
|-damage|p1a: Dragapult|61/100
|
|-weather|Snowscape|[upkeep]
|upkeep
|turn|2
|
|t:|1779949581
|move|p1a: Dragapult|Reflect|p1a: Dragapult
|-sidestart|p1: CONDOMINIUM ULTRA|Reflect
|move|p2a: Ninetales|Aurora Veil|p2a: Ninetales
|-sidestart|p2: GCC027|move: Aurora Veil
|
|-weather|Snowscape|[upkeep]
|upkeep
|turn|3
|
|t:|1779949587
|switch|p1a: Skarmory|Skarmory, M|100/100
|move|p2a: Ninetales|Encore||[still]
|-fail|p2a: Ninetales
|
|-weather|Snowscape|[upkeep]
|upkeep
|turn|4
|
|t:|1779949595
|move|p1a: Skarmory|Swords Dance|p1a: Skarmory
|-boost|p1a: Skarmory|atk|2
|move|p2a: Ninetales|Roar|p1a: Skarmory
|drag|p1a: Houndoom|Houndoom, F|100/100
|
|-weather|Snowscape|[upkeep]
|upkeep
|turn|5
|
|t:|1779949617
|move|p1a: Houndoom|Heat Wave|p2a: Ninetales
|-supereffective|p2a: Ninetales
|-damage|p2a: Ninetales|50/100
|-damage|p1a: Houndoom|91/100|[from] item: Life Orb
|move|p2a: Ninetales|Roar|p1a: Houndoom
|drag|p1a: Cinccino|Cinccino, M|100/100
|
|-weather|none
|upkeep
|turn|6
|
|t:|1779949634
|move|p1a: Cinccino|Rock Blast|p2a: Ninetales
|-supereffective|p2a: Ninetales
|-damage|p2a: Ninetales|40/100
|-supereffective|p2a: Ninetales
|-damage|p2a: Ninetales|31/100
|-supereffective|p2a: Ninetales
|-damage|p2a: Ninetales|23/100
|-supereffective|p2a: Ninetales
|-damage|p2a: Ninetales|15/100
|-supereffective|p2a: Ninetales
|-damage|p2a: Ninetales|6/100
|-hitcount|p2a: Ninetales|5
|move|p2a: Ninetales|Blizzard|p1a: Cinccino
|-damage|p1a: Cinccino|71/100
|-status|p1a: Cinccino|frz
|
|upkeep
|turn|7
|inactive|GCC027 has 120 seconds left.
|
|t:|1779949651
|-curestatus|p1a: Cinccino|frz|[msg]
|move|p1a: Cinccino|Tidy Up|p1a: Cinccino
|-boost|p1a: Cinccino|atk|1
|-boost|p1a: Cinccino|spe|1
|move|p2a: Ninetales|Blizzard|p1a: Cinccino|[miss]
|-miss|p2a: Ninetales|p1a: Cinccino
|
|upkeep
|turn|8
|inactive|GCC027 has 120 seconds left.
|
|t:|1779949664
|move|p1a: Cinccino|Rock Blast|p2a: Ninetales
|-supereffective|p2a: Ninetales
|-damage|p2a: Ninetales|0 fnt
|faint|p2a: Ninetales
|-hitcount|p2: Ninetales|1
|
|-sideend|p1: CONDOMINIUM ULTRA|move: Light Screen
|upkeep
|inactive|GCC027 has 120 seconds left.
|
|t:|1779949675
|switch|p2a: Great Tusk|Great Tusk|100/100
|turn|9
|inactive|GCC027 has 120 seconds left.
|
|t:|1779949685
|move|p1a: Cinccino|Bullet Seed|p2a: Great Tusk
|-supereffective|p2a: Great Tusk
|-damage|p2a: Great Tusk|96/100
|-supereffective|p2a: Great Tusk
|-damage|p2a: Great Tusk|91/100
|-supereffective|p2a: Great Tusk
|-damage|p2a: Great Tusk|85/100
|-supereffective|p2a: Great Tusk
|-crit|p2a: Great Tusk
|-damage|p2a: Great Tusk|69/100
|-supereffective|p2a: Great Tusk
|-damage|p2a: Great Tusk|64/100
|-hitcount|p2a: Great Tusk|5
|move|p2a: Great Tusk|Knock Off|p1a: Cinccino
|-damage|p1a: Cinccino|47/100
|-enditem|p1a: Cinccino|Heavy-Duty Boots|[from] move: Knock Off|[of] p2a: Great Tusk
|
|-heal|p2a: Great Tusk|71/100|[from] item: Leftovers
|-sideend|p1: CONDOMINIUM ULTRA|Reflect
|-sideend|p2: GCC027|move: Aurora Veil
|upkeep
|turn|10
|inactive|GCC027 has 120 seconds left.
|
|t:|1779949704
|move|p1a: Cinccino|Bullet Seed|p2a: Great Tusk
|-supereffective|p2a: Great Tusk
|-damage|p2a: Great Tusk|61/100
|-supereffective|p2a: Great Tusk
|-damage|p2a: Great Tusk|52/100
|-supereffective|p2a: Great Tusk
|-damage|p2a: Great Tusk|43/100
|-supereffective|p2a: Great Tusk
|-damage|p2a: Great Tusk|33/100
|-supereffective|p2a: Great Tusk
|-damage|p2a: Great Tusk|23/100
|-hitcount|p2a: Great Tusk|5
|move|p2a: Great Tusk|Earthquake|p1a: Cinccino
|-damage|p1a: Cinccino|0 fnt
|faint|p1a: Cinccino
|
|-heal|p2a: Great Tusk|29/100|[from] item: Leftovers
|upkeep
|
|t:|1779949717
|switch|p1a: Dragapult|Dragapult, F|61/100
|turn|11
|
|t:|1779949725
|move|p1a: Dragapult|Draco Meteor|p2a: Great Tusk
|-damage|p2a: Great Tusk|0 fnt
|-unboost|p1a: Dragapult|spa|2
|faint|p2a: Great Tusk
|-end|p2a: Great Tusk|Protosynthesis|[silent]
|
|upkeep
|
|t:|1779949732
|switch|p2a: Tsareena|Tsareena, F|100/100
|turn|12
|
|t:|1779949738
|move|p1a: Dragapult|Will-O-Wisp|p2a: Tsareena|[miss]
|-miss|p1a: Dragapult|p2a: Tsareena
|move|p2a: Tsareena|Triple Axel|p1a: Dragapult
|-supereffective|p1a: Dragapult
|-damage|p1a: Dragapult|33/100
|-supereffective|p1a: Dragapult
|-damage|p1a: Dragapult|0 fnt
|faint|p1a: Dragapult
|-hitcount|p1: Dragapult|2
|
|upkeep
|
|t:|1779949746
|switch|p1a: Skarmory|Skarmory, M|100/100
|turn|13
|
|t:|1779949756
|move|p2a: Tsareena|Triple Axel|p1a: Skarmory
|-damage|p1a: Skarmory|91/100
|-ability|p1a: Skarmory|Weak Armor|boost
|-unboost|p1a: Skarmory|def|1
|-boost|p1a: Skarmory|spe|2
|-damage|p1a: Skarmory|66/100
|-ability|p1a: Skarmory|Weak Armor|boost
|-unboost|p1a: Skarmory|def|1
|-boost|p1a: Skarmory|spe|2
|-damage|p1a: Skarmory|14/100
|-ability|p1a: Skarmory|Weak Armor|boost
|-unboost|p1a: Skarmory|def|1
|-boost|p1a: Skarmory|spe|2
|-hitcount|p1a: Skarmory|3
|move|p1a: Skarmory|Swords Dance|p1a: Skarmory
|-boost|p1a: Skarmory|atk|2
|
|upkeep
|turn|14
|
|t:|1779949775
|-terastallize|p2a: Tsareena|Grass
|move|p1a: Skarmory|Drill Peck|p2a: Tsareena
|-supereffective|p2a: Tsareena
|-crit|p2a: Tsareena
|-damage|p2a: Tsareena|0 fnt
|faint|p2a: Tsareena
|
|upkeep
|
|t:|1779949785
|switch|p2a: Iron Valiant|Iron Valiant|100/100
|-enditem|p2a: Iron Valiant|Booster Energy
|-activate|p2a: Iron Valiant|ability: Quark Drive|[fromitem]
|-start|p2a: Iron Valiant|quarkdrivespe
|turn|15
|
|t:|1779949792
|move|p1a: Skarmory|Drill Peck|p2a: Iron Valiant
|-supereffective|p2a: Iron Valiant
|-damage|p2a: Iron Valiant|0 fnt
|faint|p2a: Iron Valiant
|-end|p2a: Iron Valiant|Quark Drive|[silent]
|
|upkeep
|
|t:|1779949797
|switch|p2a: Kingambit|Kingambit, M|100/100
|-activate|p2a: Kingambit|ability: Supreme Overlord
|-start|p2a: Kingambit|fallen4|[silent]
|turn|16
|
|t:|1779949802
|move|p2a: Kingambit|Sucker Punch|p1a: Skarmory
|-damage|p1a: Skarmory|0 fnt
|faint|p1a: Skarmory
|
|upkeep
|
|t:|1779949805
|switch|p1a: Iron Hands|Iron Hands|100/100
|turn|17
|
|t:|1779949818
|-end|p2a: Kingambit|fallen4|[silent]
|switch|p2a: Dragapult|Dragapult, F|100/100
|move|p1a: Iron Hands|Volt Switch|p2a: Dragapult
|-resisted|p2a: Dragapult
|-damage|p2a: Dragapult|92/100
|
|t:|1779949821
|-end|p1a: Iron Hands|Quark Drive|[silent]
|switch|p1a: Houndoom|Houndoom, F|91/100|[from] Volt Switch
|
|upkeep
|turn|18
|
|t:|1779949834
|move|p2a: Dragapult|Draco Meteor|p1a: Houndoom
|-damage|p1a: Houndoom|0 fnt
|-unboost|p2a: Dragapult|spa|2
|faint|p1a: Houndoom
|
|upkeep
|
|t:|1779949839
|switch|p1a: Vaporeon|Vaporeon, M|100/100
|turn|19
|
|t:|1779949847
|move|p2a: Dragapult|Draco Meteor|p1a: Vaporeon
|-damage|p1a: Vaporeon|70/100
|-unboost|p2a: Dragapult|spa|2
|move|p1a: Vaporeon|Calm Mind|p1a: Vaporeon
|-boost|p1a: Vaporeon|spa|1
|-boost|p1a: Vaporeon|spd|1
|
|-heal|p1a: Vaporeon|76/100|[from] item: Leftovers
|upkeep
|turn|20
|
|t:|1779949858
|move|p2a: Dragapult|Draco Meteor|p1a: Vaporeon
|-damage|p1a: Vaporeon|63/100
|-unboost|p2a: Dragapult|spa|2
|move|p1a: Vaporeon|Acid Armor|p1a: Vaporeon
|-boost|p1a: Vaporeon|def|2
|
|-heal|p1a: Vaporeon|70/100|[from] item: Leftovers
|upkeep
|turn|21
|
|t:|1779949872
|switch|p2a: Kingambit|Kingambit, M|100/100
|-activate|p2a: Kingambit|ability: Supreme Overlord
|-start|p2a: Kingambit|fallen4|[silent]
|move|p1a: Vaporeon|Acid Armor|p1a: Vaporeon
|-boost|p1a: Vaporeon|def|2
|
|-heal|p1a: Vaporeon|76/100|[from] item: Leftovers
|upkeep
|turn|22
|
|t:|1779949885
|move|p2a: Kingambit|Sucker Punch|p1a: Vaporeon
|-damage|p1a: Vaporeon|60/100
|move|p1a: Vaporeon|Scald|p2a: Kingambit
|-damage|p2a: Kingambit|59/100
|-status|p2a: Kingambit|brn
|-enditem|p2a: Kingambit|Lum Berry|[eat]
|-curestatus|p2a: Kingambit|brn|[msg]
|
|-heal|p1a: Vaporeon|66/100|[from] item: Leftovers
|upkeep
|turn|23
|
|t:|1779949897
|move|p1a: Vaporeon|Scald|p2a: Kingambit
|-damage|p2a: Kingambit|13/100
|move|p2a: Kingambit|Kowtow Cleave|p1a: Vaporeon
|-damage|p1a: Vaporeon|49/100
|
|-heal|p1a: Vaporeon|56/100|[from] item: Leftovers
|upkeep
|turn|24
|-message|GCC027 forfeited.
|
|win|CONDOMINIUM ULTRA
|raw|CONDOMINIUM ULTRA's rating: 1065 &rarr; <strong>1094</strong><br />(+29 for winning)
|raw|GCC027's rating: 1054 &rarr; <strong>1036</strong><br />(-18 for losing)
|l|☆GCC027
|player|p2|
|l|☆CONDOMINIUM ULTRA
|player|p1|
