|j|☆Tsuki Shion CCC
|j|☆Blomished
|t:|1779874335
|gametype|singles
|player|p1|Tsuki Shion CCC|102|1187
|player|p2|Blomished|brycenman|1162
|gen|9
|tier|[Gen 9] OU
|rated|
|rule|HP Percentage Mod: HP is shown in percentages
|rule|Endless Battle Clause: Forcing endless battles is banned
|rule|Species Clause: Limit one of each Pokémon
|rule|OHKO Clause: OHKO moves are banned
|rule|Evasion Items Clause: Evasion items are banned
|rule|Evasion Moves Clause: Evasion moves are banned
|rule|Evasion Abilities Clause: Evasion abilities are banned
|rule|Sleep Moves Clause: Sleep-inducing moves are banned
|clearpoke
|poke|p1|Gengar, M|
|poke|p1|Glimmora, M|
|poke|p1|Corviknight, F|
|poke|p1|Heatran, M|
|poke|p1|Alomomola, M|
|poke|p1|Enamorus, F|
|poke|p2|Kingambit, F|
|poke|p2|Great Tusk|
|poke|p2|Dragapult, F|
|poke|p2|Slowking-Galar, M|
|poke|p2|Clefable, M|
|poke|p2|Gholdengo|
|teampreview
|
|t:|1779874348
|teamsize|p1|6
|teamsize|p2|6
|start
|switch|p1a: Glimmora|Glimmora, M|100/100
|switch|p2a: Dragapult|Dragapult, F|100/100
|turn|1
|inactive|Battle timer is ON: inactive players will automatically lose when time's up. (requested by Tsuki Shion CCC)
|
|t:|1779874354
|move|p2a: Dragapult|Dragon Dance|p2a: Dragapult
|-boost|p2a: Dragapult|atk|1
|-boost|p2a: Dragapult|spe|1
|move|p1a: Glimmora|Stealth Rock|p2a: Dragapult
|-sidestart|p2: Blomished|move: Stealth Rock
|
|upkeep
|turn|2
|
|t:|1779874359
|move|p2a: Dragapult|Dragon Darts|p1a: Glimmora
|-damage|p1a: Glimmora|33/100
|-activate|p1a: Glimmora|ability: Toxic Debris
|-sidestart|p2: Blomished|move: Toxic Spikes
|-anim|p2a: Dragapult|Dragon Darts|p1a: Glimmora
|-damage|p1a: Glimmora|0 fnt
|-activate|p1a: Glimmora|ability: Toxic Debris
|-sidestart|p2: Blomished|move: Toxic Spikes
|faint|p1a: Glimmora
|-damage|p2a: Dragapult|91/100|[from] item: Life Orb
|
|upkeep
|c|☆Blomished|67
|
|t:|1779874366
|switch|p1a: Corviknight|Corviknight, F|100/100
|-ability|p1a: Corviknight|Pressure
|turn|3
|
|t:|1779874380
|switch|p2a: Clefable|Clefable, M|100/100
|-status|p2a: Clefable|tox
|move|p1a: Corviknight|U-turn|p2a: Clefable
|-resisted|p2a: Clefable
|-damage|p2a: Clefable|95/100 tox
|
|t:|1779874387
|switch|p1a: Gengar|Gengar, M|100/100|[from] U-turn
|
|upkeep
|turn|4
|inactive|Tsuki Shion CCC has 120 seconds left.
|
|t:|1779874435
|switch|p2a: Slowking|Slowking-Galar, M|100/100
|-damage|p2a: Slowking|88/100|[from] Stealth Rock
|-sideend|p2: Blomished|move: Toxic Spikes|[of] p2a: Slowking
|-terastallize|p1a: Gengar|Ghost
|move|p1a: Gengar|Shadow Ball|p2a: Slowking
|-supereffective|p2a: Slowking
|-damage|p2a: Slowking|0 fnt
|faint|p2a: Slowking
|
|upkeep
|
|t:|1779874460
|switch|p2a: Gholdengo|Gholdengo|100/100
|-damage|p2a: Gholdengo|94/100|[from] Stealth Rock
|turn|5
|inactive|Tsuki Shion CCC has 90 seconds left.
|
|t:|1779874491
|switch|p1a: Alomomola|Alomomola, M|100/100
|move|p2a: Gholdengo|Shadow Ball|p1a: Alomomola
|-crit|p1a: Alomomola
|-damage|p1a: Alomomola|72/100
|
|upkeep
|turn|6
|
|t:|1779874497
|switch|p2a: Clefable|Clefable, M|95/100 tox
|move|p1a: Alomomola|Flip Turn|p2a: Clefable
|-damage|p2a: Clefable|83/100 tox
|
|t:|1779874503
|switch|p1a: Gengar|Gengar, M, tera:Ghost|100/100|[from] Flip Turn
|
|upkeep
|turn|7
|
|t:|1779874510
|move|p1a: Gengar|Shadow Ball|p2a: Clefable
|-damage|p2a: Clefable|3/100 tox
|move|p2a: Clefable|Thunder Wave|p1a: Gengar
|-status|p1a: Gengar|par
|
|upkeep
|turn|8
|
|t:|1779874527
|switch|p2a: Great Tusk|Great Tusk|100/100
|-damage|p2a: Great Tusk|98/100|[from] Stealth Rock
|move|p1a: Gengar|Shadow Ball|p2a: Great Tusk
|-damage|p2a: Great Tusk|30/100
|
|upkeep
|turn|9
|inactive|Blomished has 120 seconds left.
|
|t:|1779874553
|-terastallize|p2a: Great Tusk|Fairy
|move|p2a: Great Tusk|Knock Off|p1a: Gengar
|-supereffective|p1a: Gengar
|-damage|p1a: Gengar|0 fnt
|-enditem|p1a: Gengar|Choice Specs|[from] move: Knock Off|[of] p2a: Great Tusk
|faint|p1a: Gengar
|
|upkeep
|c|☆Blomished|misclick
|c|☆Blomished|on tera
|c|☆Blomished|shit
|
|t:|1779874575
|switch|p1a: Enamorus|Enamorus, F|100/100
|turn|10
|
|t:|1779874588
|move|p1a: Enamorus|Moonblast|p2a: Great Tusk
|-damage|p2a: Great Tusk|0 fnt
|faint|p2a: Great Tusk
|-end|p2a: Great Tusk|Protosynthesis|[silent]
|
|upkeep
|
|t:|1779874594
|switch|p2a: Gholdengo|Gholdengo|94/100
|-damage|p2a: Gholdengo|88/100|[from] Stealth Rock
|turn|11
|
|t:|1779874599
|switch|p1a: Alomomola|Alomomola, M|100/100
|move|p2a: Gholdengo|Trick|p1a: Alomomola
|-activate|p2a: Gholdengo|move: Trick|[of] p1a: Alomomola
|-item|p1a: Alomomola|Choice Scarf|[from] move: Trick
|-item|p2a: Gholdengo|Assault Vest|[from] move: Trick
|
|upkeep
|turn|12
|inactive|Tsuki Shion CCC has 120 seconds left.
|
|t:|1779874607
|move|p2a: Gholdengo|Thunderbolt|p1a: Alomomola
|-supereffective|p1a: Alomomola
|-damage|p1a: Alomomola|57/100
|move|p1a: Alomomola|Flip Turn|p2a: Gholdengo
|-damage|p2a: Gholdengo|69/100
|inactive|Tsuki Shion CCC has 120 seconds left.
|
|t:|1779874615
|switch|p1a: Heatran|Heatran, M|100/100|[from] Flip Turn
|-item|p1a: Heatran|Air Balloon
|
|upkeep
|turn|13
|c|☆Blomished|!stats alomola
'alomola' has no exact match. Approximate match:
|c|☆Blomished|/raw <div class="message"><ul class="utilichart"><li class="result"><span class="col numcol">OU</span> <span class="col iconcol"><psicon pokemon="alomomola"/></span> <span class="col pokemonnamecol" style="white-space:nowrap"><a href="https://dex.pokemonshowdown.com/pokemon/alomomola" target="_blank">Alomomola</a></span> <span class="col typecol"><img src="https://play.pokemonshowdown.com/sprites/types/Water.png" alt="Water" height="14" width="32"></span> <span style="float:left;min-height:26px"><span class="col twoabilitycol">Healer<br />Hydration</span><span class="col abilitycol"><em>Regenerator</em></span></span><span style="float:left;min-height:26px"><span class="col statcol"><em>HP</em><br />165</span> <span class="col statcol"><em>Atk</em><br />75</span> <span class="col statcol"><em>Def</em><br />80</span> <span class="col statcol"><em>SpA</em><br />40</span> <span class="col statcol"><em>SpD</em><br />45</span> <span class="col statcol"><em>Spe</em><br />65</span> <span class="col bstcol"><em>BST<br />470</em></span> </span></li><li style="clear:both"></li></ul></div>

|c|☆Blomished|dang
|inactive|Tsuki Shion CCC has 120 seconds left.
|
|t:|1779874638
|move|p2a: Gholdengo|Shadow Ball|p1a: Heatran
|-damage|p1a: Heatran|75/100
|-enditem|p1a: Heatran|Air Balloon
|move|p1a: Heatran|Magma Storm|p2a: Gholdengo
|-supereffective|p2a: Gholdengo
|-damage|p2a: Gholdengo|2/100
|-activate|p2a: Gholdengo|move: Magma Storm|[of] p1a: Heatran
|
|-damage|p2a: Gholdengo|0 fnt|[from] move: Magma Storm|[partiallytrapped]
|faint|p2a: Gholdengo
|upkeep
|
|t:|1779874648
|switch|p2a: Dragapult|Dragapult, F|91/100
|-damage|p2a: Dragapult|78/100|[from] Stealth Rock
|turn|14
|
|t:|1779874653
|move|p2a: Dragapult|Thunder Wave|p1a: Heatran
|-status|p1a: Heatran|par
|cant|p1a: Heatran|par
|
|upkeep
|turn|15
|
|t:|1779874666
|move|p2a: Dragapult|Dragon Dance|p2a: Dragapult
|-boost|p2a: Dragapult|atk|1
|-boost|p2a: Dragapult|spe|1
|move|p1a: Heatran|Will-O-Wisp|p2a: Dragapult
|-status|p2a: Dragapult|brn
|
|-damage|p2a: Dragapult|72/100 brn|[from] brn
|upkeep
|turn|16
|
|t:|1779874673
|move|p2a: Dragapult|Dragon Dance|p2a: Dragapult
|-boost|p2a: Dragapult|atk|1
|-boost|p2a: Dragapult|spe|1
|move|p1a: Heatran|Magma Storm|p2a: Dragapult
|-resisted|p2a: Dragapult
|-damage|p2a: Dragapult|43/100 brn
|-activate|p2a: Dragapult|move: Magma Storm|[of] p1a: Heatran
|
|-damage|p2a: Dragapult|37/100 brn|[from] brn
|-damage|p2a: Dragapult|25/100 brn|[from] move: Magma Storm|[partiallytrapped]
|upkeep
|turn|17
|
|t:|1779874681
|move|p1a: Heatran|Protect|p1a: Heatran
|-singleturn|p1a: Heatran|Protect
|move|p2a: Dragapult|U-turn|p1a: Heatran
|-activate|p1a: Heatran|move: Protect
|
|-damage|p2a: Dragapult|19/100 brn|[from] brn
|-damage|p2a: Dragapult|6/100 brn|[from] move: Magma Storm|[partiallytrapped]
|upkeep
|turn|18
|
|t:|1779874690
|cant|p1a: Heatran|par
|move|p2a: Dragapult|Dragon Darts|p1a: Heatran
|-resisted|p1a: Heatran
|-damage|p1a: Heatran|60/100 par
|-anim|p2a: Dragapult|Dragon Darts|p1a: Heatran
|-resisted|p1a: Heatran
|-damage|p1a: Heatran|46/100 par
|-damage|p2a: Dragapult|0 fnt|[from] item: Life Orb
|faint|p2a: Dragapult
|
|upkeep
|
|t:|1779874694
|switch|p2a: Clefable|Clefable, M|3/100 tox
|turn|19
|
|t:|1779874699
|move|p2a: Clefable|Moonlight|p2a: Clefable
|-heal|p2a: Clefable|53/100 tox
|cant|p1a: Heatran|par
|
|upkeep
|turn|20
|
|t:|1779874708
|switch|p1a: Alomomola|Alomomola, M|90/100
|move|p2a: Clefable|Moonlight|p2a: Clefable
|-heal|p2a: Clefable|100/100 tox
|
|upkeep
|turn|21
|
|t:|1779874713
|move|p1a: Alomomola|Flip Turn|p2a: Clefable
|-damage|p2a: Clefable|87/100 tox
|
|t:|1779874717
|switch|p1a: Corviknight|Corviknight, F|100/100|[from] Flip Turn
|-ability|p1a: Corviknight|Pressure
|move|p2a: Clefable|Knock Off|p1a: Corviknight
|-damage|p1a: Corviknight|90/100
|-enditem|p1a: Corviknight|Rocky Helmet|[from] move: Knock Off|[of] p2a: Clefable
|
|upkeep
|turn|22
|
|t:|1779874727
|move|p1a: Corviknight|Iron Defense|p1a: Corviknight
|-boost|p1a: Corviknight|def|2
|move|p2a: Clefable|Thunder Wave|p1a: Corviknight|[miss]
|-miss|p2a: Clefable|p1a: Corviknight
|
|upkeep
|turn|23
|
|t:|1779874734
|move|p1a: Corviknight|Iron Defense|p1a: Corviknight
|-boost|p1a: Corviknight|def|2
|move|p2a: Clefable|Thunder Wave|p1a: Corviknight
|-status|p1a: Corviknight|par
|
|upkeep
|turn|24
|
|t:|1779874739
|move|p2a: Clefable|Stealth Rock|p1a: Corviknight
|-sidestart|p1: Tsuki Shion CCC|move: Stealth Rock
|move|p1a: Corviknight|Iron Defense|p1a: Corviknight
|-boost|p1a: Corviknight|def|2
|
|upkeep
|turn|25
|
|t:|1779874743
|move|p2a: Clefable|Knock Off|p1a: Corviknight
|-damage|p1a: Corviknight|88/100 par
|move|p1a: Corviknight|Body Press|p2a: Clefable
|-resisted|p2a: Clefable
|-damage|p2a: Clefable|45/100 tox
|
|-damage|p1a: Corviknight|76/100 par|[from] item: Sticky Barb
|upkeep
|turn|26
|c|☆Blomished|ggs
|
|t:|1779874751
|move|p2a: Clefable|Moonlight|p2a: Clefable
|-heal|p2a: Clefable|95/100 tox
|cant|p1a: Corviknight|par
|
|-damage|p1a: Corviknight|64/100 par|[from] item: Sticky Barb
|upkeep
|turn|27
|
|t:|1779874768
|move|p2a: Clefable|Knock Off|p1a: Corviknight
|-damage|p1a: Corviknight|61/100 par
|move|p1a: Corviknight|Body Press|p2a: Clefable
|-resisted|p2a: Clefable
|-damage|p2a: Clefable|52/100 tox
|
|-damage|p1a: Corviknight|49/100 par|[from] item: Sticky Barb
|upkeep
|turn|28
|
|t:|1779874775
|move|p2a: Clefable|Moonlight|p2a: Clefable
|-heal|p2a: Clefable|100/100 tox
|move|p1a: Corviknight|Roost|p1a: Corviknight
|-heal|p1a: Corviknight|99/100 par
|-singleturn|p1a: Corviknight|move: Roost
|
|-damage|p1a: Corviknight|87/100 par|[from] item: Sticky Barb
|upkeep
|turn|29
|c|☆Blomished|one crit and im fried lowk
|c|☆Blomished|odds in your favour
|
|t:|1779874789
|move|p2a: Clefable|Knock Off|p1a: Corviknight
|-damage|p1a: Corviknight|84/100 par
|cant|p1a: Corviknight|par
|
|upkeep
|turn|30
|
|t:|1779874794
|move|p2a: Clefable|Knock Off|p1a: Corviknight
|-damage|p1a: Corviknight|82/100 par
|cant|p1a: Corviknight|par
|
|upkeep
|turn|31
|
|t:|1779874799
|move|p2a: Clefable|Knock Off|p1a: Corviknight
|-damage|p1a: Corviknight|80/100 par
|move|p1a: Corviknight|Body Press|p2a: Clefable
|-resisted|p2a: Clefable
|-damage|p2a: Clefable|60/100 tox
|
|-damage|p1a: Corviknight|68/100 par|[from] item: Sticky Barb
|upkeep
|turn|32
|
|t:|1779874807
|move|p2a: Clefable|Moonlight|p2a: Clefable
|-heal|p2a: Clefable|100/100 tox
|move|p1a: Corviknight|Body Press|p2a: Clefable
|-resisted|p2a: Clefable
|-damage|p2a: Clefable|58/100 tox
|
|-damage|p1a: Corviknight|55/100 par|[from] item: Sticky Barb
|upkeep
|turn|33
|
|t:|1779874815
|move|p2a: Clefable|Knock Off|p1a: Corviknight
|-damage|p1a: Corviknight|53/100 par
|move|p1a: Corviknight|Roost|p1a: Corviknight
|-heal|p1a: Corviknight|100/100 par
|-singleturn|p1a: Corviknight|move: Roost
|
|upkeep
|turn|34
|
|t:|1779874820
|move|p2a: Clefable|Knock Off|p1a: Corviknight
|-damage|p1a: Corviknight|98/100 par
|move|p1a: Corviknight|Body Press|p2a: Clefable
|-resisted|p2a: Clefable
|-damage|p2a: Clefable|16/100 tox
|
|-damage|p1a: Corviknight|86/100 par|[from] item: Sticky Barb
|upkeep
|turn|35
|
|t:|1779874827
|move|p2a: Clefable|Moonlight|p2a: Clefable
|-heal|p2a: Clefable|66/100 tox
|move|p1a: Corviknight|Body Press|p2a: Clefable
|-resisted|p2a: Clefable
|-damage|p2a: Clefable|23/100 tox
|
|-damage|p1a: Corviknight|74/100 par|[from] item: Sticky Barb
|upkeep
|turn|36
|
|t:|1779874835
|move|p2a: Clefable|Moonlight|p2a: Clefable
|-heal|p2a: Clefable|73/100 tox
|move|p1a: Corviknight|Body Press|p2a: Clefable
|-resisted|p2a: Clefable
|-damage|p2a: Clefable|29/100 tox
|
|-damage|p1a: Corviknight|61/100 par|[from] item: Sticky Barb
|upkeep
|turn|37
|c|☆Blomished|i can js forfeit if you want
|
|t:|1779874842
|move|p2a: Clefable|Moonlight|p2a: Clefable
|-heal|p2a: Clefable|79/100 tox
|move|p1a: Corviknight|Roost|p1a: Corviknight
|-heal|p1a: Corviknight|100/100 par
|-singleturn|p1a: Corviknight|move: Roost
|
|-damage|p1a: Corviknight|88/100 par|[from] item: Sticky Barb
|upkeep
|turn|38
|
|t:|1779874850
|move|p2a: Clefable|Knock Off|p1a: Corviknight
|-damage|p1a: Corviknight|86/100 par
|cant|p1a: Corviknight|par
|
|upkeep
|turn|39
|
|t:|1779874858
|move|p2a: Clefable|Knock Off|p1a: Corviknight
|-damage|p1a: Corviknight|84/100 par
|cant|p1a: Corviknight|par
|
|upkeep
|turn|40
|
|t:|1779874863
|move|p2a: Clefable|Knock Off|p1a: Corviknight
|-damage|p1a: Corviknight|82/100 par
|cant|p1a: Corviknight|par
|
|upkeep
|turn|41
|
|t:|1779874868
|move|p2a: Clefable|Knock Off|p1a: Corviknight
|-damage|p1a: Corviknight|80/100 par
|cant|p1a: Corviknight|par
|
|upkeep
|turn|42
|
|t:|1779874874
|switch|p2a: Kingambit|Kingambit, F|100/100
|-damage|p2a: Kingambit|94/100|[from] Stealth Rock
|-activate|p2a: Kingambit|ability: Supreme Overlord
|-start|p2a: Kingambit|fallen4|[silent]
|move|p1a: Corviknight|Body Press|p2a: Kingambit
|-supereffective|p2a: Kingambit
|-damage|p2a: Kingambit|0 fnt
|faint|p2a: Kingambit
|-end|p2a: Kingambit|fallen4|[silent]
|
|upkeep
|c|☆Blomished|????
|c|☆Blomished|NOW IT MOVES???
|
|t:|1779874884
|switch|p2a: Clefable|Clefable, M|79/100 tox
|turn|43
|
|t:|1779874888
|move|p2a: Clefable|Knock Off|p1a: Corviknight
|-damage|p1a: Corviknight|78/100 par
|move|p1a: Corviknight|Body Press|p2a: Clefable
|-resisted|p2a: Clefable
|-damage|p2a: Clefable|38/100 tox
|
|-damage|p1a: Corviknight|66/100 par|[from] item: Sticky Barb
|upkeep
|turn|44
|c|☆Blomished|ggwp
|
|t:|1779874893
|move|p2a: Clefable|Knock Off|p1a: Corviknight
|-damage|p1a: Corviknight|63/100 par
|move|p1a: Corviknight|Body Press|p2a: Clefable
|-resisted|p2a: Clefable
|-damage|p2a: Clefable|1/100 tox
|
|-damage|p1a: Corviknight|51/100 par|[from] item: Sticky Barb
|upkeep
|turn|45
|
|t:|1779874902
|move|p2a: Clefable|Knock Off|p1a: Corviknight
|-damage|p1a: Corviknight|48/100 par
|move|p1a: Corviknight|U-turn|p2a: Clefable
|-resisted|p2a: Clefable
|-damage|p2a: Clefable|0 fnt
|faint|p2a: Clefable
|
|win|Tsuki Shion CCC
|raw|Tsuki Shion CCC's rating: 1187 &rarr; <strong>1210</strong><br />(+23 for winning)
|raw|Blomished's rating: 1162 &rarr; <strong>1139</strong><br />(-23 for losing)
|c|☆Blomished|ggwp
