|j|☆IsntLegit
|j|☆leafeon eat me
|t:|1779944331
|gametype|singles
|player|p1|IsntLegit|brock|1316
|player|p2|leafeon eat me|sabrina|1348
|gen|9
|tier|[Gen 9] OU
|rated|
|rule|HP Percentage Mod: HP is shown in percentages
|rule|Endless Battle Clause: Forcing endless battles is banned
|rule|Species Clause: Limit one of each Pokémon
|rule|OHKO Clause: OHKO moves are banned
|rule|Evasion Items Clause: Evasion items are banned
|rule|Evasion Moves Clause: Evasion moves are banned
|rule|Evasion Abilities Clause: Evasion abilities are banned
|rule|Sleep Moves Clause: Sleep-inducing moves are banned
|clearpoke
|poke|p1|Hydreigon, F|
|poke|p1|Slowking-Galar, M|
|poke|p1|Clefable, F|
|poke|p1|Scizor, F|
|poke|p1|Umbreon, F|
|poke|p1|Rotom-Wash|
|poke|p2|Weezing-Galar, M|
|poke|p2|Ogerpon, F|
|poke|p2|Skarmory, M|
|poke|p2|Alomomola, M|
|poke|p2|Clodsire, M|
|poke|p2|Hydreigon, M|
|teampreview
|inactive|Battle timer is ON: inactive players will automatically lose when time's up. (requested by leafeon eat me)
|
|t:|1779944352
|teamsize|p1|6
|teamsize|p2|6
|start
|switch|p1a: Scizor|Scizor, F|100/100
|switch|p2a: Sentinel|Weezing-Galar, M, shiny|100/100
|-ability|p2a: Sentinel|Neutralizing Gas
|turn|1
|
|t:|1779944362
|move|p1a: Scizor|Bullet Punch|p2a: Sentinel
|-supereffective|p2a: Sentinel
|-damage|p2a: Sentinel|57/100
|move|p2a: Sentinel|Will-O-Wisp|p1a: Scizor
|-status|p1a: Scizor|brn
|
|-damage|p1a: Scizor|94/100 brn|[from] brn
|upkeep
|turn|2
|
|t:|1779944371
|switch|p1a: Umbreon|Umbreon, F|100/100
|move|p2a: Sentinel|Pain Split|p1a: Umbreon
|-sethp|p1a: Umbreon|74/100|[from] move: Pain Split|[silent]
|-sethp|p2a: Sentinel|88/100|[from] move: Pain Split
|
|-heal|p1a: Umbreon|80/100|[from] item: Leftovers
|upkeep
|turn|3
|
|t:|1779944382
|switch|p1a: Slowking|Slowking-Galar, M|100/100
|-end|p2a: Sentinel|ability: Neutralizing Gas
|switch|p2a: Raptor|Skarmory, M, shiny|100/100
|
|upkeep
|turn|4
|
|t:|1779944389
|move|p2a: Raptor|Taunt|p1a: Slowking
|-start|p1a: Slowking|move: Taunt
|cant|p1a: Slowking|move: Taunt|Thunder Wave
|
|upkeep
|turn|5
|
|t:|1779944397
|switch|p1a: Hydreigon|Hydreigon, F|100/100
|move|p2a: Raptor|Spikes|p1a: Hydreigon
|-sidestart|p1: IsntLegit|Spikes
|
|upkeep
|turn|6
|
|t:|1779944406
|switch|p2a: Endless Nameless|Clodsire, M, shiny|100/100
|move|p1a: Hydreigon|Fire Blast|p2a: Endless Nameless|[miss]
|-miss|p1a: Hydreigon|p2a: Endless Nameless
|
|upkeep
|turn|7
|
|t:|1779944422
|switch|p1a: Slowking|Slowking-Galar, M|100/100
|move|p2a: Endless Nameless|Stealth Rock|p1a: Slowking
|-sidestart|p1: IsntLegit|move: Stealth Rock
|
|upkeep
|turn|8
|
|t:|1779944431
|move|p1a: Slowking|Future Sight|p2a: Endless Nameless
|-start|p1a: Slowking|move: Future Sight
|move|p2a: Endless Nameless|Earthquake|p1a: Slowking
|-supereffective|p1a: Slowking
|-damage|p1a: Slowking|59/100
|
|upkeep
|turn|9
|
|t:|1779944452
|switch|p2a: Pisces|Alomomola, M, shiny|100/100
|-prepare|p1a: Slowking|Chilly Reception|[premajor]
|move|p1a: Slowking|Chilly Reception|p1a: Slowking
|-weather|Snowscape
|
|t:|1779944467
|switch|p1a: Hydreigon|Hydreigon, F|100/100|[from] Chilly Reception
|-damage|p1a: Hydreigon|88/100|[from] Stealth Rock
|
|-weather|Snowscape|[upkeep]
|upkeep
|turn|10
|
|t:|1779944483
|move|p1a: Hydreigon|Draco Meteor|p2a: Pisces
|-damage|p2a: Pisces|46/100
|-unboost|p1a: Hydreigon|spa|2
|move|p2a: Pisces|Mirror Coat|p1a: Hydreigon
|-immune|p1a: Hydreigon
|
|-weather|Snowscape|[upkeep]
|-end|p2a: Pisces|move: Future Sight
|-damage|p2a: Pisces|24/100
|upkeep
|turn|11
|
|t:|1779944498
|switch|p1a: Clefable|Clefable, F|100/100
|switch|p2a: Sentinel|Weezing-Galar, M, shiny|88/100
|-ability|p2a: Sentinel|Neutralizing Gas
|
|-weather|Snowscape|[upkeep]
|upkeep
|turn|12
|
|t:|1779944508
|-end|p2a: Sentinel|ability: Neutralizing Gas
|switch|p2a: Pisces|Alomomola, M, shiny|57/100
|switch|p1a: Slowking|Slowking-Galar, M|92/100
|
|-weather|Snowscape|[upkeep]
|upkeep
|turn|13
|
|t:|1779944514
|move|p2a: Pisces|Flip Turn|p1a: Slowking
|-crit|p1a: Slowking
|-damage|p1a: Slowking|73/100
|
|t:|1779944518
|switch|p2a: Hybrid|Hydreigon, M, shiny|100/100|[from] Flip Turn
|move|p1a: Slowking|Thunder Wave|p2a: Hybrid
|-status|p2a: Hybrid|par
|
|-weather|none
|upkeep
|turn|14
|
|t:|1779944530
|switch|p1a: Clefable|Clefable, F|100/100
|cant|p2a: Hybrid|par
|
|upkeep
|turn|15
|
|t:|1779944537
|switch|p2a: Endless Nameless|Clodsire, M, shiny|100/100
|move|p1a: Clefable|Thunderbolt|p2a: Endless Nameless
|-immune|p2a: Endless Nameless
|
|upkeep
|turn|16
|
|t:|1779944545
|move|p1a: Clefable|Shadow Ball|p2a: Endless Nameless
|-damage|p2a: Endless Nameless|84/100
|move|p2a: Endless Nameless|Earthquake|p1a: Clefable
|-damage|p1a: Clefable|73/100
|
|upkeep
|turn|17
|
|t:|1779944561
|switch|p1a: Slowking|Slowking-Galar, M|100/100
|move|p2a: Endless Nameless|Earthquake|p1a: Slowking
|-supereffective|p1a: Slowking
|-damage|p1a: Slowking|54/100
|
|upkeep
|turn|18
|
|t:|1779944569
|switch|p2a: Pisces|Alomomola, M, shiny|90/100
|move|p1a: Slowking|Future Sight|p2a: Pisces
|-start|p1a: Slowking|move: Future Sight
|
|upkeep
|turn|19
|
|t:|1779944578
|move|p2a: Pisces|Flip Turn|p1a: Slowking
|-crit|p1a: Slowking
|-damage|p1a: Slowking|36/100
|
|t:|1779944593
|switch|p2a: Endless Nameless|Clodsire, M, shiny|84/100|[from] Flip Turn
|move|p1a: Slowking|Thunder Wave|p2a: Endless Nameless
|-immune|p2a: Endless Nameless
|
|upkeep
|turn|20
|
|t:|1779944601
|switch|p1a: Hydreigon|Hydreigon, F|88/100
|-damage|p1a: Hydreigon|76/100|[from] Stealth Rock
|move|p2a: Endless Nameless|Earthquake|p1a: Hydreigon
|-immune|p1a: Hydreigon|[from] ability: Levitate
|
|-end|p2a: Endless Nameless|move: Future Sight
|-supereffective|p2a: Endless Nameless
|-damage|p2a: Endless Nameless|40/100
|upkeep
|turn|21
|
|t:|1779944613
|switch|p2a: Pisces|Alomomola, M, shiny|100/100
|-terastallize|p1a: Hydreigon|Dragon
|move|p1a: Hydreigon|Draco Meteor|p2a: Pisces|[miss]
|-miss|p1a: Hydreigon|p2a: Pisces
|
|upkeep
|turn|22
|
|t:|1779944620
|move|p1a: Hydreigon|Draco Meteor|p2a: Pisces
|-damage|p2a: Pisces|24/100
|-unboost|p1a: Hydreigon|spa|2
|move|p2a: Pisces|Play Rough|p1a: Hydreigon
|-supereffective|p1a: Hydreigon
|-damage|p1a: Hydreigon|40/100
|
|upkeep
|turn|23
|
|t:|1779944634
|switch|p1a: Scizor|Scizor, F|94/100 brn
|-damage|p1a: Scizor|82/100 brn|[from] Spikes
|-damage|p1a: Scizor|70/100 brn|[from] Stealth Rock
|switch|p2a: Sentinel|Weezing-Galar, M, shiny|88/100
|-ability|p2a: Sentinel|Neutralizing Gas
|
|-damage|p1a: Scizor|64/100 brn|[from] brn
|upkeep
|turn|24
|
|t:|1779944645
|-end|p2a: Sentinel|ability: Neutralizing Gas
|switch|p2a: Raptor|Skarmory, M, shiny|100/100
|move|p1a: Scizor|Bullet Punch|p2a: Raptor
|-resisted|p2a: Raptor
|-damage|p2a: Raptor|93/100
|-damage|p1a: Scizor|47/100 brn|[from] item: Rocky Helmet|[of] p2a: Raptor
|
|-damage|p1a: Scizor|41/100 brn|[from] brn
|upkeep
|turn|25
|c|☆IsntLegit|i completely forgot about clodsire honestly ggs
|
|t:|1779944660
|switch|p1a: Rotom|Rotom-Wash|100/100
|-damage|p1a: Rotom|88/100|[from] Stealth Rock
|move|p2a: Raptor|Spikes|p1a: Rotom
|-sidestart|p1: IsntLegit|Spikes
|
|-heal|p1a: Rotom|94/100|[from] item: Leftovers
|upkeep
|turn|26
|
|t:|1779944668
|switch|p2a: Hybrid|Hydreigon, M, shiny|100/100 par
|move|p1a: Rotom|Hydro Pump|p2a: Hybrid
|-resisted|p2a: Hybrid
|-damage|p2a: Hybrid|78/100 par
|
|-heal|p1a: Rotom|100/100|[from] item: Leftovers
|upkeep
|turn|27
|
|t:|1779944677
|move|p1a: Rotom|Volt Switch|p2a: Hybrid
|-resisted|p2a: Hybrid
|-damage|p2a: Hybrid|64/100 par
|
|t:|1779944690
|switch|p1a: Clefable|Clefable, F|73/100|[from] Volt Switch
|move|p2a: Hybrid|Flash Cannon|p1a: Clefable
|-supereffective|p1a: Clefable
|-damage|p1a: Clefable|0 fnt
|faint|p1a: Clefable
|
|upkeep
|
|t:|1779944696
|switch|p1a: Hydreigon|Hydreigon, F, tera:Dragon|40/100
|-damage|p1a: Hydreigon|27/100|[from] Stealth Rock
|turn|28
|
|t:|1779944704
|switch|p2a: Pisces|Alomomola, M, shiny|57/100
|move|p1a: Hydreigon|Flash Cannon|p2a: Pisces
|-resisted|p2a: Pisces
|-damage|p2a: Pisces|47/100
|
|upkeep
|turn|29
|-message|IsntLegit forfeited.
|
|win|leafeon eat me
|raw|IsntLegit's rating: 1316 &rarr; <strong>1298</strong><br />(-18 for losing)
|raw|leafeon eat me's rating: 1348 &rarr; <strong>1366</strong><br />(+18 for winning)
|l|☆IsntLegit
|player|p1|
|c|☆leafeon eat me|gg
|l|☆leafeon eat me
|player|p2|
