|j|☆lordweirdo17
|j|☆placentastu
|t:|1779862707
|gametype|singles
|player|p1|lordweirdo17|fisherman-gen4|1231
|player|p2|placentastu|gentleman-gen4dp|1184
|gen|9
|tier|[Gen 9] OU
|rated|
|rule|HP Percentage Mod: HP is shown in percentages
|rule|Endless Battle Clause: Forcing endless battles is banned
|rule|Species Clause: Limit one of each Pokémon
|rule|OHKO Clause: OHKO moves are banned
|rule|Evasion Items Clause: Evasion items are banned
|rule|Evasion Moves Clause: Evasion moves are banned
|rule|Evasion Abilities Clause: Evasion abilities are banned
|rule|Sleep Moves Clause: Sleep-inducing moves are banned
|clearpoke
|poke|p1|Comfey, M|
|poke|p1|Whimsicott, M|
|poke|p1|Walking Wake|
|poke|p1|Great Tusk|
|poke|p1|Ninetales, M|
|poke|p1|Ceruledge, M|
|poke|p2|Ogerpon-Wellspring, F|
|poke|p2|Moltres|
|poke|p2|Primarina, M|
|poke|p2|Galvantula, F|
|poke|p2|Dragonite, F|
|poke|p2|Great Tusk|
|teampreview
|inactive|Battle timer is ON: inactive players will automatically lose when time's up. (requested by lordweirdo17)
|
|t:|1779862720
|teamsize|p1|6
|teamsize|p2|6
|start
|switch|p1a: Great Tusk|Great Tusk|100/100
|switch|p2a: Hypider|Galvantula, F|100/100
|turn|1
|
|t:|1779862727
|move|p2a: Hypider|Energy Ball|p1a: Great Tusk
|-supereffective|p1a: Great Tusk
|-damage|p1a: Great Tusk|9/100
|move|p1a: Great Tusk|Stealth Rock|p2a: Hypider
|-sidestart|p2: placentastu|move: Stealth Rock
|
|upkeep
|turn|2
|
|t:|1779862735
|move|p2a: Hypider|Energy Ball|p1a: Great Tusk
|-supereffective|p1a: Great Tusk
|-damage|p1a: Great Tusk|0 fnt
|faint|p1a: Great Tusk
|-end|p1a: Great Tusk|Protosynthesis|[silent]
|
|upkeep
|
|t:|1779862743
|switch|p1a: Ninetales|Ninetales, M|100/100
|-weather|SunnyDay|[from] ability: Drought|[of] p1a: Ninetales
|turn|3
|
|t:|1779862752
|switch|p2a: Mega-Flygon|Moltres|100/100
|switch|p1a: Comfey|Comfey, M|100/100
|
|-weather|SunnyDay|[upkeep]
|upkeep
|turn|4
|
|t:|1779862759
|move|p2a: Mega-Flygon|Flamethrower|p1a: Comfey
|-damage|p1a: Comfey|33/100
|move|p1a: Comfey|Growth|p1a: Comfey
|-boost|p1a: Comfey|atk|2
|-boost|p1a: Comfey|spa|2
|
|-weather|SunnyDay|[upkeep]
|upkeep
|turn|5
|
|t:|1779862767
|move|p1a: Comfey|Synthesis|p1a: Comfey
|-heal|p1a: Comfey|99/100
|move|p2a: Mega-Flygon|Flamethrower|p1a: Comfey
|-damage|p1a: Comfey|31/100
|
|-weather|SunnyDay|[upkeep]
|upkeep
|turn|6
|
|t:|1779862775
|-terastallize|p1a: Comfey|Water
|move|p1a: Comfey|Synthesis|p1a: Comfey
|-heal|p1a: Comfey|98/100
|move|p2a: Mega-Flygon|Flamethrower|p1a: Comfey
|-resisted|p1a: Comfey
|-damage|p1a: Comfey|65/100
|
|-weather|SunnyDay|[upkeep]
|upkeep
|turn|7
|
|t:|1779862784
|move|p2a: Mega-Flygon|U-turn|p1a: Comfey
|-damage|p1a: Comfey|47/100
|
|t:|1779862786
|switch|p2a: Hypider|Galvantula, F|100/100|[from] U-turn
|-damage|p2a: Hypider|76/100|[from] Stealth Rock
|move|p1a: Comfey|Stored Power|p2a: Hypider
|-damage|p2a: Hypider|0 fnt
|faint|p2a: Hypider
|-damage|p1a: Comfey|37/100|[from] item: Life Orb
|
|-weather|SunnyDay|[upkeep]
|upkeep
|-message|placentastu forfeited.
|
|win|lordweirdo17
|raw|lordweirdo17's rating: 1231 &rarr; <strong>1253</strong><br />(+22 for winning)
|raw|placentastu's rating: 1184 &rarr; <strong>1162</strong><br />(-22 for losing)
|l|☆placentastu
|player|p2|
|l|☆lordweirdo17
|player|p1|
