|j|☆A$AP PUCK
|j|☆cenotaphs
|t:|1779807356
|gametype|singles
|player|p1|A$AP PUCK|grimsley|1541
|player|p2|cenotaphs|lady|1530
|gen|9
|tier|[Gen 9] OU
|rated|
|rule|HP Percentage Mod: HP is shown in percentages
|rule|Endless Battle Clause: Forcing endless battles is banned
|rule|Species Clause: Limit one of each Pokémon
|rule|OHKO Clause: OHKO moves are banned
|rule|Evasion Items Clause: Evasion items are banned
|rule|Evasion Moves Clause: Evasion moves are banned
|rule|Evasion Abilities Clause: Evasion abilities are banned
|rule|Sleep Moves Clause: Sleep-inducing moves are banned
|clearpoke
|poke|p1|Iron Crown|
|poke|p1|Dragapult, F|
|poke|p1|Garganacl, M|
|poke|p1|Clodsire, F|
|poke|p1|Hydrapple, M|
|poke|p1|Talonflame, F|
|poke|p2|Manaphy|
|poke|p2|Pelipper, F|
|poke|p2|Dragapult, F|
|poke|p2|Heatran, F|
|poke|p2|Weezing-Galar, F|
|poke|p2|Dragonite, F|
|teampreview
|inactive|Battle timer is ON: inactive players will automatically lose when time's up. (requested by cenotaphs)
|
|t:|1779807365
|teamsize|p1|6
|teamsize|p2|6
|start
|switch|p1a: Iron Crown|Iron Crown|100/100
|switch|p2a: Pelipper|Pelipper, F|100/100
|-weather|RainDance|[from] ability: Drizzle|[of] p2a: Pelipper
|turn|1
|
|t:|1779807370
|move|p1a: Iron Crown|Volt Switch|p2a: Pelipper
|-supereffective|p2a: Pelipper
|-damage|p2a: Pelipper|0 fnt
|faint|p2a: Pelipper
|
|t:|1779807384
|-end|p1a: Iron Crown|Quark Drive|[silent]
|switch|p1a: Dragapult|Dragapult, F|100/100|[from] Volt Switch
|
|-weather|RainDance|[upkeep]
|upkeep
|
|t:|1779807396
|switch|p2a: Manaphy|Manaphy, shiny|100/100
|turn|2
|
|t:|1779807399
|move|p1a: Dragapult|U-turn|p2a: Manaphy
|-damage|p2a: Manaphy|73/100
|
|t:|1779807402
|switch|p1a: Clodsire|Clodsire, F|100/100|[from] U-turn
|move|p2a: Manaphy|Substitute|p2a: Manaphy
|-start|p2a: Manaphy|Substitute
|-damage|p2a: Manaphy|48/100
|
|-weather|RainDance|[upkeep]
|-heal|p2a: Manaphy|54/100|[from] item: Leftovers
|upkeep
|turn|3
|
|t:|1779807405
|move|p2a: Manaphy|Tail Glow|p2a: Manaphy
|-boost|p2a: Manaphy|spa|3
|move|p1a: Clodsire|Earthquake|p2a: Manaphy
|-activate|p2a: Manaphy|move: Substitute|[damage]
|
|-weather|RainDance|[upkeep]
|-heal|p2a: Manaphy|60/100|[from] item: Leftovers
|upkeep
|turn|4
|
|t:|1779807408
|move|p2a: Manaphy|Energy Ball|p1a: Clodsire
|-damage|p1a: Clodsire|63/100
|-unboost|p1a: Clodsire|spd|1
|move|p1a: Clodsire|Earthquake|p2a: Manaphy
|-end|p2a: Manaphy|Substitute
|
|-weather|RainDance|[upkeep]
|-heal|p2a: Manaphy|66/100|[from] item: Leftovers
|-heal|p1a: Clodsire|69/100|[from] item: Leftovers
|upkeep
|turn|5
|
|t:|1779807417
|switch|p1a: Hydrapple|Hydrapple, M|100/100
|move|p2a: Manaphy|Scald|p1a: Hydrapple
|-resisted|p1a: Hydrapple
|-damage|p1a: Hydrapple|67/100
|-status|p1a: Hydrapple|brn
|
|-weather|none
|-heal|p2a: Manaphy|73/100|[from] item: Leftovers
|-damage|p1a: Hydrapple|60/100 brn|[from] brn
|upkeep
|turn|6
|
|t:|1779807427
|switch|p2a: Heatran|Heatran, F|100/100
|move|p1a: Hydrapple|Giga Drain|p2a: Heatran
|-resisted|p2a: Heatran
|-crit|p2a: Heatran
|-damage|p2a: Heatran|93/100
|-heal|p1a: Hydrapple|64/100 brn|[from] drain|[of] p2a: Heatran
|
|-heal|p2a: Heatran|99/100|[from] item: Leftovers
|-damage|p1a: Hydrapple|58/100 brn|[from] brn
|upkeep
|turn|7
|
|t:|1779807432
|switch|p1a: Garganacl|Garganacl, M|100/100
|move|p2a: Heatran|Stealth Rock|p1a: Garganacl
|-sidestart|p1: A$AP PUCK|move: Stealth Rock
|
|-heal|p2a: Heatran|100/100|[from] item: Leftovers
|upkeep
|turn|8
|
|t:|1779807438
|move|p2a: Heatran|Taunt|p1a: Garganacl
|-start|p1a: Garganacl|move: Taunt
|move|p1a: Garganacl|Salt Cure|p2a: Heatran
|-damage|p2a: Heatran|89/100
|-start|p2a: Heatran|Salt Cure
|
|-heal|p2a: Heatran|96/100|[from] item: Leftovers
|-damage|p2a: Heatran|71/100|[from] Salt Cure
|upkeep
|turn|9
|
|t:|1779807444
|switch|p1a: Talonflame|Talonflame, F|100/100
|move|p2a: Heatran|Earth Power|p1a: Talonflame
|-immune|p1a: Talonflame
|
|-heal|p2a: Heatran|77/100|[from] item: Leftovers
|-damage|p2a: Heatran|52/100|[from] Salt Cure
|upkeep
|turn|10
|
|t:|1779807450
|switch|p2a: Dragapult|Dragapult, F, shiny|100/100
|move|p1a: Talonflame|Defog|p2a: Dragapult
|-unboost|p2a: Dragapult|evasion|1
|-sideend|p1: A$AP PUCK|Stealth Rock|[from] move: Defog|[of] p1a: Talonflame
|
|upkeep
|turn|11
|
|t:|1779807454
|move|p2a: Dragapult|Dragon Darts|p1a: Talonflame
|-damage|p1a: Talonflame|70/100
|-anim|p2a: Dragapult|Dragon Darts|p1a: Talonflame
|-damage|p1a: Talonflame|37/100
|move|p1a: Talonflame|U-turn|p2a: Dragapult
|-resisted|p2a: Dragapult
|-damage|p2a: Dragapult|93/100
|
|t:|1779807458
|switch|p1a: Iron Crown|Iron Crown|100/100|[from] U-turn
|
|upkeep
|turn|12
|
|t:|1779807463
|move|p2a: Dragapult|U-turn|p1a: Iron Crown
|-damage|p1a: Iron Crown|76/100
|
|t:|1779807465
|switch|p2a: Heatran|Heatran, F|52/100|[from] U-turn
|move|p1a: Iron Crown|Future Sight|p2a: Heatran
|-start|p1a: Iron Crown|move: Future Sight
|
|-heal|p2a: Heatran|58/100|[from] item: Leftovers
|upkeep
|turn|13
|
|t:|1779807475
|-end|p1a: Iron Crown|Quark Drive|[silent]
|switch|p1a: Talonflame|Talonflame, F|37/100
|move|p2a: Heatran|Earth Power|p1a: Talonflame
|-immune|p1a: Talonflame
|
|-heal|p2a: Heatran|64/100|[from] item: Leftovers
|upkeep
|turn|14
|
|t:|1779807479
|move|p1a: Talonflame|U-turn|p2a: Heatran
|-resisted|p2a: Heatran
|-damage|p2a: Heatran|62/100
|
|t:|1779807483
|switch|p1a: Garganacl|Garganacl, M|100/100|[from] U-turn
|move|p2a: Heatran|Stealth Rock|p1a: Garganacl
|-sidestart|p1: A$AP PUCK|move: Stealth Rock
|
|-end|p2a: Heatran|move: Future Sight
|-resisted|p2a: Heatran
|-damage|p2a: Heatran|43/100
|-heal|p2a: Heatran|49/100|[from] item: Leftovers
|upkeep
|turn|15
|
|t:|1779807488
|move|p2a: Heatran|Earth Power|p1a: Garganacl
|-supereffective|p1a: Garganacl
|-damage|p1a: Garganacl|68/100
|move|p1a: Garganacl|Salt Cure|p2a: Heatran
|-damage|p2a: Heatran|38/100
|-start|p2a: Heatran|Salt Cure
|
|-heal|p2a: Heatran|44/100|[from] item: Leftovers
|-heal|p1a: Garganacl|74/100|[from] item: Leftovers
|-damage|p2a: Heatran|19/100|[from] Salt Cure
|upkeep
|turn|16
|
|t:|1779807491
|switch|p2a: Manaphy|Manaphy, shiny|73/100
|move|p1a: Garganacl|Stealth Rock|p2a: Manaphy
|-sidestart|p2: cenotaphs|move: Stealth Rock
|
|-heal|p2a: Manaphy|79/100|[from] item: Leftovers
|-heal|p1a: Garganacl|80/100|[from] item: Leftovers
|upkeep
|turn|17
|
|t:|1779807505
|switch|p1a: Hydrapple|Hydrapple, M|91/100 brn
|-damage|p1a: Hydrapple|79/100 brn|[from] Stealth Rock
|move|p2a: Manaphy|Substitute|p2a: Manaphy
|-start|p2a: Manaphy|Substitute
|-damage|p2a: Manaphy|54/100
|
|-heal|p2a: Manaphy|60/100|[from] item: Leftovers
|-damage|p1a: Hydrapple|73/100 brn|[from] brn
|upkeep
|turn|18
|
|t:|1779807510
|move|p2a: Manaphy|Tail Glow|p2a: Manaphy
|-boost|p2a: Manaphy|spa|3
|move|p1a: Hydrapple|Giga Drain|p2a: Manaphy
|-supereffective|p2a: Manaphy
|-end|p2a: Manaphy|Substitute
|-heal|p1a: Hydrapple|85/100 brn|[from] drain|[of] p2a: Manaphy
|
|-heal|p2a: Manaphy|66/100|[from] item: Leftovers
|-damage|p1a: Hydrapple|79/100 brn|[from] brn
|upkeep
|turn|19
|
|t:|1779807514
|-terastallize|p2a: Manaphy|Grass
|move|p2a: Manaphy|Substitute|p2a: Manaphy
|-start|p2a: Manaphy|Substitute
|-damage|p2a: Manaphy|41/100
|move|p1a: Hydrapple|Giga Drain|p2a: Manaphy
|-resisted|p2a: Manaphy
|-activate|p2a: Manaphy|move: Substitute|[damage]
|-heal|p1a: Hydrapple|86/100 brn|[from] drain|[of] p2a: Manaphy
|
|-heal|p2a: Manaphy|47/100|[from] item: Leftovers
|-damage|p1a: Hydrapple|80/100 brn|[from] brn
|upkeep
|turn|20
|
|t:|1779807518
|move|p2a: Manaphy|Tail Glow|p2a: Manaphy
|-boost|p2a: Manaphy|spa|3
|move|p1a: Hydrapple|Nasty Plot|p1a: Hydrapple
|-boost|p1a: Hydrapple|spa|2
|
|-heal|p2a: Manaphy|53/100|[from] item: Leftovers
|-damage|p1a: Hydrapple|74/100 brn|[from] brn
|upkeep
|turn|21
|
|t:|1779807521
|move|p2a: Manaphy|Scald|p1a: Hydrapple
|-resisted|p1a: Hydrapple
|-damage|p1a: Hydrapple|37/100 brn
|move|p1a: Hydrapple|Fickle Beam|p2a: Manaphy
|-end|p2a: Manaphy|Substitute
|
|-heal|p2a: Manaphy|60/100|[from] item: Leftovers
|-damage|p1a: Hydrapple|31/100 brn|[from] brn
|upkeep
|turn|22
|
|t:|1779807528
|switch|p1a: Clodsire|Clodsire, F|69/100
|-damage|p1a: Clodsire|63/100|[from] Stealth Rock
|move|p2a: Manaphy|Energy Ball|p1a: Clodsire
|-damage|p1a: Clodsire|0 fnt
|faint|p1a: Clodsire
|
|-heal|p2a: Manaphy|66/100|[from] item: Leftovers
|upkeep
|
|t:|1779807534
|switch|p1a: Dragapult|Dragapult, F|100/100
|-damage|p1a: Dragapult|88/100|[from] Stealth Rock
|turn|23
|
|t:|1779807538
|move|p1a: Dragapult|U-turn|p2a: Manaphy
|-supereffective|p2a: Manaphy
|-damage|p2a: Manaphy|6/100
|
|t:|1779807543
|switch|p1a: Hydrapple|Hydrapple, M|64/100 brn|[from] U-turn
|-damage|p1a: Hydrapple|52/100 brn|[from] Stealth Rock
|move|p2a: Manaphy|Energy Ball|p1a: Hydrapple
|-resisted|p1a: Hydrapple
|-damage|p1a: Hydrapple|10/100 brn
|
|-heal|p2a: Manaphy|13/100|[from] item: Leftovers
|-damage|p1a: Hydrapple|4/100 brn|[from] brn
|upkeep
|turn|24
|
|t:|1779807547
|move|p2a: Manaphy|Energy Ball|p1a: Hydrapple
|-resisted|p1a: Hydrapple
|-damage|p1a: Hydrapple|0 fnt
|faint|p1a: Hydrapple
|
|-heal|p2a: Manaphy|19/100|[from] item: Leftovers
|upkeep
|
|t:|1779807554
|switch|p1a: Iron Crown|Iron Crown|76/100
|-damage|p1a: Iron Crown|70/100|[from] Stealth Rock
|turn|25
|
|t:|1779807560
|move|p1a: Iron Crown|Tachyon Cutter|p2a: Manaphy
|-damage|p2a: Manaphy|0 fnt
|faint|p2a: Manaphy
|-hitcount|p2: Manaphy|1
|
|upkeep
|
|t:|1779807567
|switch|p2a: Dragapult|Dragapult, F, shiny|93/100
|turn|26
|
|t:|1779807573
|move|p2a: Dragapult|Dragon Darts|p1a: Iron Crown
|-resisted|p1a: Iron Crown
|-damage|p1a: Iron Crown|57/100
|-anim|p2a: Dragapult|Dragon Darts|p1a: Iron Crown
|-resisted|p1a: Iron Crown
|-damage|p1a: Iron Crown|43/100
|move|p1a: Iron Crown|Tachyon Cutter|p2a: Dragapult
|-damage|p2a: Dragapult|35/100
|-damage|p2a: Dragapult|0 fnt
|faint|p2a: Dragapult
|-hitcount|p2: Dragapult|2
|
|upkeep
|
|t:|1779807577
|switch|p2a: Dragonite|Dragonite, F|100/100
|turn|27
|
|t:|1779807584
|move|p1a: Iron Crown|Tachyon Cutter|p2a: Dragonite
|-damage|p2a: Dragonite|85/100
|-damage|p2a: Dragonite|49/100
|-hitcount|p2a: Dragonite|2
|move|p2a: Dragonite|Dragon Dance|p2a: Dragonite
|-boost|p2a: Dragonite|atk|1
|-boost|p2a: Dragonite|spe|1
|
|upkeep
|turn|28
|
|t:|1779807586
|-end|p1a: Iron Crown|Quark Drive|[silent]
|switch|p1a: Talonflame|Talonflame, F|37/100
|move|p2a: Dragonite|Earthquake|p1a: Talonflame
|-immune|p1a: Talonflame
|
|upkeep
|turn|29
|
|t:|1779807589
|move|p2a: Dragonite|Extreme Speed|p1a: Talonflame
|-damage|p1a: Talonflame|0 fnt
|faint|p1a: Talonflame
|
|upkeep
|
|t:|1779807596
|switch|p1a: Garganacl|Garganacl, M|80/100
|-damage|p1a: Garganacl|68/100|[from] Stealth Rock
|turn|30
|
|t:|1779807600
|-terastallize|p1a: Garganacl|Water
|move|p2a: Dragonite|Earthquake|p1a: Garganacl
|-damage|p1a: Garganacl|28/100
|move|p1a: Garganacl|Recover|p1a: Garganacl
|-heal|p1a: Garganacl|78/100
|
|-heal|p1a: Garganacl|84/100|[from] item: Leftovers
|upkeep
|turn|31
|
|t:|1779807604
|move|p2a: Dragonite|Roost|p2a: Dragonite
|-heal|p2a: Dragonite|99/100
|-singleturn|p2a: Dragonite|move: Roost
|move|p1a: Garganacl|Salt Cure|p2a: Dragonite
|-crit|p2a: Dragonite
|-damage|p2a: Dragonite|81/100
|-start|p2a: Dragonite|Salt Cure
|
|-heal|p1a: Garganacl|91/100|[from] item: Leftovers
|-damage|p2a: Dragonite|68/100|[from] Salt Cure
|upkeep
|turn|32
|-message|cenotaphs forfeited.
|
|win|A$AP PUCK
|raw|A$AP PUCK's rating: 1541 &rarr; <strong>1560</strong><br />(+19 for winning)
|raw|cenotaphs's rating: 1530 &rarr; <strong>1511</strong><br />(-19 for losing)
|l|☆cenotaphs
|player|p2|
|l|☆A$AP PUCK
|player|p1|
