|j|☆kabutopzboy
|j|☆finchz
|t:|1779839864
|gametype|singles
|player|p1|kabutopzboy|cyrus|1320
|player|p2|finchz|169|1254
|gen|9
|tier|[Gen 9] OU
|rated|
|rule|HP Percentage Mod: HP is shown in percentages
|rule|Endless Battle Clause: Forcing endless battles is banned
|rule|Species Clause: Limit one of each Pokémon
|rule|OHKO Clause: OHKO moves are banned
|rule|Evasion Items Clause: Evasion items are banned
|rule|Evasion Moves Clause: Evasion moves are banned
|rule|Evasion Abilities Clause: Evasion abilities are banned
|rule|Sleep Moves Clause: Sleep-inducing moves are banned
|clearpoke
|poke|p1|Great Tusk|
|poke|p1|Iron Valiant|
|poke|p1|Pelipper, M|
|poke|p1|Blastoise, F|
|poke|p1|Excadrill, F|
|poke|p1|Dragapult, F|
|poke|p2|Tyranitar, F|
|poke|p2|Excadrill, M|
|poke|p2|Rotom-Wash|
|poke|p2|Reuniclus, F|
|poke|p2|Pecharunt|
|poke|p2|Slither Wing|
|teampreview
|
|t:|1779839892
|teamsize|p1|6
|teamsize|p2|6
|start
|switch|p1a: Pelipper|Pelipper, M|100/100
|switch|p2a: Reuniclus|Reuniclus, F|100/100
|-weather|RainDance|[from] ability: Drizzle|[of] p1a: Pelipper
|turn|1
|
|t:|1779839905
|move|p1a: Pelipper|Surf|p2a: Reuniclus
|-damage|p2a: Reuniclus|16/100
|move|p2a: Reuniclus|Calm Mind|p2a: Reuniclus
|-boost|p2a: Reuniclus|spa|1
|-boost|p2a: Reuniclus|spd|1
|
|-weather|RainDance|[upkeep]
|upkeep
|turn|2
|c|☆finchz|oh shit
|c|☆finchz|i am so happy you dont have weather ball
|
|t:|1779839928
|move|p1a: Pelipper|Surf|p2a: Reuniclus
|-damage|p2a: Reuniclus|0 fnt
|faint|p2a: Reuniclus
|
|-weather|RainDance|[upkeep]
|upkeep
|
|t:|1779839942
|switch|p2a: Rotom|Rotom-Wash|100/100
|turn|3
|
|t:|1779839967
|switch|p1a: Steelheart|Iron Valiant, shiny|100/100
|-enditem|p1a: Steelheart|Booster Energy
|-activate|p1a: Steelheart|ability: Quark Drive|[fromitem]
|-start|p1a: Steelheart|quarkdrivespe
|move|p2a: Rotom|Volt Switch|p1a: Steelheart
|-damage|p1a: Steelheart|58/100
|
|t:|1779839996
|switch|p2a: Pecharunt|Pecharunt|100/100|[from] Volt Switch
|
|-weather|RainDance|[upkeep]
|upkeep
|turn|4
|
|t:|1779840018
|-end|p1a: Steelheart|Quark Drive|[silent]
|switch|p1a: Excadrill|Excadrill, F|100/100
|-item|p1a: Excadrill|Air Balloon
|move|p2a: Pecharunt|Malignant Chain|p1a: Excadrill
|-immune|p1a: Excadrill
|
|-weather|RainDance|[upkeep]
|upkeep
|turn|5
|
|t:|1779840027
|switch|p2a: Slither Wing|Slither Wing|100/100
|move|p1a: Excadrill|Swords Dance|p1a: Excadrill
|-boost|p1a: Excadrill|atk|2
|
|-weather|none
|upkeep
|turn|6
|l|☆kabutopzboy
|player|p1|
|inactive|Battle timer is ON: inactive players will automatically lose when time's up. (requested by finchz)
|j|☆kabutopzboy
|inactive|kabutopzboy reconnected and has 125 seconds left.
|player|p1|kabutopzboy|cyrus|
|inactive|kabutopzboy has 120 seconds left.
|
|t:|1779840076
|move|p2a: Slither Wing|Close Combat|p1a: Excadrill
|-supereffective|p1a: Excadrill
|-damage|p1a: Excadrill|0 fnt
|-unboost|p2a: Slither Wing|def|1
|-unboost|p2a: Slither Wing|spd|1
|-enditem|p1a: Excadrill|Air Balloon
|faint|p1a: Excadrill
|
|upkeep
|
|t:|1779840083
|switch|p1a: Dragapult|Dragapult, F|100/100
|turn|7
|
|t:|1779840096
|move|p1a: Dragapult|Surf|p2a: Slither Wing
|-damage|p2a: Slither Wing|62/100
|move|p2a: Slither Wing|U-turn|p1a: Dragapult
|-resisted|p1a: Dragapult
|-damage|p1a: Dragapult|75/100
|
|t:|1779840107
|-end|p2a: Slither Wing|Protosynthesis|[silent]
|switch|p2a: Tyranitar|Tyranitar, F|100/100|[from] U-turn
|-weather|Sandstorm|[from] ability: Sand Stream|[of] p2a: Tyranitar
|
|-weather|Sandstorm|[upkeep]
|-damage|p1a: Dragapult|69/100|[from] Sandstorm
|upkeep
|turn|8
|
|t:|1779840118
|switch|p1a: Great Tusk|Great Tusk|100/100
|-enditem|p1a: Great Tusk|Booster Energy
|-activate|p1a: Great Tusk|ability: Protosynthesis|[fromitem]
|-start|p1a: Great Tusk|protosynthesisspe
|move|p2a: Tyranitar|Knock Off|p1a: Great Tusk
|-resisted|p1a: Great Tusk
|-damage|p1a: Great Tusk|84/100
|
|-weather|Sandstorm|[upkeep]
|upkeep
|turn|9
|
|t:|1779840127
|switch|p2a: Rotom|Rotom-Wash|100/100
|move|p1a: Great Tusk|Rapid Spin|p2a: Rotom
|-damage|p2a: Rotom|89/100
|-boost|p1a: Great Tusk|spe|1
|
|-weather|Sandstorm|[upkeep]
|-damage|p2a: Rotom|83/100|[from] Sandstorm
|-heal|p2a: Rotom|89/100|[from] item: Leftovers
|upkeep
|turn|10
|
|t:|1779840137
|-end|p1a: Great Tusk|Protosynthesis|[silent]
|switch|p1a: Steelheart|Iron Valiant, shiny|58/100
|move|p2a: Rotom|Will-O-Wisp|p1a: Steelheart|[miss]
|-miss|p2a: Rotom|p1a: Steelheart
|
|-weather|Sandstorm|[upkeep]
|-damage|p1a: Steelheart|52/100|[from] Sandstorm
|-damage|p2a: Rotom|83/100|[from] Sandstorm
|-heal|p2a: Rotom|89/100|[from] item: Leftovers
|upkeep
|turn|11
|
|t:|1779840150
|move|p1a: Steelheart|Moonblast|p2a: Rotom
|-damage|p2a: Rotom|37/100
|move|p2a: Rotom|Volt Switch|p1a: Steelheart
|-damage|p1a: Steelheart|9/100
|
|t:|1779840158
|switch|p2a: Pecharunt|Pecharunt|100/100|[from] Volt Switch
|
|-weather|none
|upkeep
|turn|12
|
|t:|1779840164
|move|p1a: Steelheart|Thunderbolt|p2a: Pecharunt
|-damage|p2a: Pecharunt|68/100
|move|p2a: Pecharunt|Malignant Chain|p1a: Steelheart
|-supereffective|p1a: Steelheart
|-crit|p1a: Steelheart
|-damage|p1a: Steelheart|0 fnt
|faint|p1a: Steelheart
|-end|p1a: Steelheart|Quark Drive|[silent]
|
|upkeep
|
|t:|1779840172
|switch|p1a: Dragapult|Dragapult, F|69/100
|turn|13
|
|t:|1779840181
|switch|p2a: Tyranitar|Tyranitar, F|100/100
|-weather|Sandstorm|[from] ability: Sand Stream|[of] p2a: Tyranitar
|-terastallize|p1a: Dragapult|Dragon
|move|p1a: Dragapult|Draco Meteor|p2a: Tyranitar
|-damage|p2a: Tyranitar|23/100
|-unboost|p1a: Dragapult|spa|2
|
|-weather|Sandstorm|[upkeep]
|-damage|p1a: Dragapult|63/100|[from] Sandstorm
|upkeep
|turn|14
|c|☆finchz|mmmmmmm
|
|t:|1779840202
|switch|p1a: Pelipper|Pelipper, M|100/100
|-weather|RainDance|[from] ability: Drizzle|[of] p1a: Pelipper
|switch|p2a: Simon|Excadrill, M|100/100
|-item|p2a: Simon|Air Balloon
|
|-weather|RainDance|[upkeep]
|upkeep
|turn|15
|
|t:|1779840221
|switch|p2a: Slither Wing|Slither Wing|62/100
|move|p1a: Pelipper|Surf|p2a: Slither Wing
|-damage|p2a: Slither Wing|0 fnt
|faint|p2a: Slither Wing
|-end|p2a: Slither Wing|Protosynthesis|[silent]
|
|-weather|RainDance|[upkeep]
|upkeep
|
|t:|1779840228
|switch|p2a: Rotom|Rotom-Wash|37/100
|turn|16
|
|t:|1779840232
|move|p1a: Pelipper|Surf|p2a: Rotom
|-resisted|p2a: Rotom
|-damage|p2a: Rotom|0 fnt
|faint|p2a: Rotom
|
|-weather|RainDance|[upkeep]
|upkeep
|c|☆finchz|is it spec
|c|☆kabutopzboy|yes
|c|☆finchz|its specs isnt it
|
|t:|1779840245
|switch|p2a: Tyranitar|Tyranitar, F|23/100
|-weather|Sandstorm|[from] ability: Sand Stream|[of] p2a: Tyranitar
|turn|17
|c|☆finchz|oh thats why you dont use weather ball
|c|☆finchz|so its not flipped on you
|
|t:|1779840264
|switch|p1a: Great Tusk|Great Tusk|84/100
|move|p2a: Tyranitar|Ice Punch|p1a: Great Tusk
|-supereffective|p1a: Great Tusk
|-damage|p1a: Great Tusk|32/100
|
|-weather|Sandstorm|[upkeep]
|upkeep
|turn|18
|
|t:|1779840271
|switch|p2a: Pecharunt|Pecharunt|68/100
|move|p1a: Great Tusk|Headlong Rush|p2a: Pecharunt
|-supereffective|p2a: Pecharunt
|-damage|p2a: Pecharunt|21/100
|-unboost|p1a: Great Tusk|def|1
|-unboost|p1a: Great Tusk|spd|1
|-damage|p1a: Great Tusk|15/100|[from] item: Rocky Helmet|[of] p2a: Pecharunt
|
|-weather|Sandstorm|[upkeep]
|-damage|p2a: Pecharunt|15/100|[from] Sandstorm
|upkeep
|turn|19
|
|t:|1779840284
|move|p1a: Great Tusk|Ice Spinner|p2a: Pecharunt
|-damage|p2a: Pecharunt|4/100
|-damage|p1a: Great Tusk|0 fnt|[from] item: Rocky Helmet|[of] p2a: Pecharunt
|faint|p1a: Great Tusk
|-end|p1a: Great Tusk|Protosynthesis|[silent]
|move|p2a: Pecharunt|Recover|p2a: Pecharunt
|-heal|p2a: Pecharunt|54/100
|
|-weather|Sandstorm|[upkeep]
|-damage|p2a: Pecharunt|48/100|[from] Sandstorm
|upkeep
|
|t:|1779840295
|switch|p1a: Pelipper|Pelipper, M|100/100
|-weather|RainDance|[from] ability: Drizzle|[of] p1a: Pelipper
|turn|20
|
|t:|1779840307
|move|p1a: Pelipper|Surf|p2a: Pecharunt
|-damage|p2a: Pecharunt|0 fnt
|faint|p2a: Pecharunt
|
|-weather|RainDance|[upkeep]
|upkeep
|
|t:|1779840315
|switch|p2a: Tyranitar|Tyranitar, F|23/100
|-weather|Sandstorm|[from] ability: Sand Stream|[of] p2a: Tyranitar
|turn|21
|c|☆finchz|reminds me of specs primarina
|c|☆finchz|everyone forgets it hits way to hard to exist
|
|t:|1779840341
|switch|p1a: Bla$t|Blastoise, F|100/100
|-terastallize|p2a: Tyranitar|Flying
|move|p2a: Tyranitar|Stone Edge|p1a: Bla$t
|-damage|p1a: Bla$t|4/100
|
|-weather|Sandstorm|[upkeep]
|-damage|p1a: Bla$t|0 fnt|[from] Sandstorm
|-damage|p2a: Tyranitar|17/100|[from] Sandstorm
|faint|p1a: Bla$t
|upkeep
|
|t:|1779840354
|switch|p1a: Pelipper|Pelipper, M|100/100
|-weather|RainDance|[from] ability: Drizzle|[of] p1a: Pelipper
|turn|22
|
|t:|1779840359
|move|p1a: Pelipper|Surf|p2a: Tyranitar
|-damage|p2a: Tyranitar|0 fnt
|faint|p2a: Tyranitar
|
|-weather|RainDance|[upkeep]
|upkeep
|c|☆finchz|gg
|
|t:|1779840364
|switch|p2a: Simon|Excadrill, M|100/100
|-item|p2a: Simon|Air Balloon
|turn|23
|c|☆kabutopzboy|pelipper the goat
|c|☆kabutopzboy|gg
|
|t:|1779840371
|move|p2a: Simon|Iron Head|p1a: Pelipper
|-resisted|p1a: Pelipper
|-damage|p1a: Pelipper|68/100
|move|p1a: Pelipper|Surf|p2a: Simon
|-supereffective|p2a: Simon
|-damage|p2a: Simon|0 fnt
|-enditem|p2a: Simon|Air Balloon
|faint|p2a: Simon
|
|win|kabutopzboy
|raw|kabutopzboy's rating: 1320 &rarr; <strong>1336</strong><br />(+16 for winning)
|raw|finchz's rating: 1254 &rarr; <strong>1234</strong><br />(-20 for losing)
|l|☆finchz
|player|p2|
|l|☆kabutopzboy
|player|p1|
