|j|☆LeoN22poke
|j|☆MegaDoesArt
|t:|1779918879
|gametype|singles
|player|p1|LeoN22poke|steven|1139
|player|p2|MegaDoesArt|ingo|1172
|gen|9
|tier|[Gen 9] OU
|rated|
|rule|HP Percentage Mod: HP is shown in percentages
|rule|Endless Battle Clause: Forcing endless battles is banned
|rule|Species Clause: Limit one of each Pokémon
|rule|OHKO Clause: OHKO moves are banned
|rule|Evasion Items Clause: Evasion items are banned
|rule|Evasion Moves Clause: Evasion moves are banned
|rule|Evasion Abilities Clause: Evasion abilities are banned
|rule|Sleep Moves Clause: Sleep-inducing moves are banned
|clearpoke
|poke|p1|Kingambit, F|
|poke|p1|Zamazenta-*|
|poke|p1|Delphox, F|
|poke|p1|Rillaboom, M|
|poke|p1|Palossand, F|
|poke|p1|Cyclizar, F|
|poke|p2|Great Tusk|
|poke|p2|Hatterene, F|
|poke|p2|Tornadus-Therian, M|
|poke|p2|Slowking-Galar, M|
|poke|p2|Kyurem|
|poke|p2|Kingambit, F|
|teampreview
|
|t:|1779918930
|teamsize|p1|6
|teamsize|p2|6
|start
|switch|p1a: Rillaboom|Rillaboom, M|100/100
|switch|p2a: Beef|Slowking-Galar, M, shiny|100/100
|-fieldstart|move: Grassy Terrain|[from] ability: Grassy Surge|[of] p1a: Rillaboom
|turn|1
|
|t:|1779918943
|move|p1a: Rillaboom|Earthquake|p2a: Beef
|-supereffective|p2a: Beef
|-damage|p2a: Beef|70/100
|move|p2a: Beef|Sludge Bomb|p1a: Rillaboom
|-supereffective|p1a: Rillaboom
|-crit|p1a: Rillaboom
|-damage|p1a: Rillaboom|0 fnt
|faint|p1a: Rillaboom
|
|-heal|p2a: Beef|76/100|[from] Grassy Terrain
|-heal|p2a: Beef|82/100|[from] item: Black Sludge
|upkeep
|
|t:|1779918964
|switch|p1a: Delphox|Delphox, F, shiny|100/100
|-item|p1a: Delphox|Air Balloon
|turn|2
|
|t:|1779918969
|move|p1a: Delphox|Calm Mind|p1a: Delphox
|-boost|p1a: Delphox|spa|1
|-boost|p1a: Delphox|spd|1
|move|p2a: Beef|Future Sight|p1a: Delphox
|-start|p2a: Beef|move: Future Sight
|
|-heal|p2a: Beef|88/100|[from] Grassy Terrain
|-heal|p2a: Beef|94/100|[from] item: Black Sludge
|upkeep
|turn|3
|
|t:|1779918990
|move|p1a: Delphox|Future Sight|p2a: Beef
|-start|p1a: Delphox|move: Future Sight
|move|p2a: Beef|Trick|p1a: Delphox
|-activate|p2a: Beef|move: Trick|[of] p1a: Delphox
|-item|p1a: Delphox|Black Sludge|[from] move: Trick
|-item|p2a: Beef|Air Balloon
|-item|p2a: Beef|Air Balloon|[from] move: Trick
|
|-damage|p1a: Delphox|88/100|[from] item: Black Sludge
|upkeep
|turn|4
|
|t:|1779919003
|switch|p2a: Genya|Kingambit, F, shiny|100/100
|move|p1a: Delphox|Mystical Fire|p2a: Genya
|-supereffective|p2a: Genya
|-crit|p2a: Genya
|-damage|p2a: Genya|0 fnt
|faint|p2a: Genya
|-end|p2a: Genya|fallenundefined|[silent]
|
|-end|p1a: Delphox|move: Future Sight
|-resisted|p1a: Delphox
|-damage|p1a: Delphox|70/100
|-heal|p1a: Delphox|76/100|[from] Grassy Terrain
|-damage|p1a: Delphox|64/100|[from] item: Black Sludge
|upkeep
|
|t:|1779919016
|switch|p2a: Venti|Tornadus-Therian, M, shiny|100/100
|turn|5
|
|t:|1779919024
|move|p2a: Venti|Knock Off|p1a: Delphox
|-supereffective|p1a: Delphox
|-damage|p1a: Delphox|0 fnt
|-enditem|p1a: Delphox|Black Sludge|[from] move: Knock Off|[of] p2a: Venti
|faint|p1a: Delphox
|
|-end|p2a: Venti|move: Future Sight
|-damage|p2a: Venti|62/100
|-fieldend|move: Grassy Terrain
|upkeep
|
|t:|1779919043
|switch|p1a: Palossand|Palossand, F, shiny|100/100
|turn|6
|
|t:|1779919048
|move|p2a: Venti|Knock Off|p1a: Palossand
|-supereffective|p1a: Palossand
|-damage|p1a: Palossand|69/100
|-enditem|p1a: Palossand|Leftovers|[from] move: Knock Off|[of] p2a: Venti
|move|p1a: Palossand|Stealth Rock|p2a: Venti
|-sidestart|p2: MegaDoesArt|move: Stealth Rock
|
|upkeep
|turn|7
|
|t:|1779919057
|move|p2a: Venti|Bleakwind Storm|p1a: Palossand|[miss]
|-miss|p2a: Venti|p1a: Palossand
|move|p1a: Palossand|Night Shade|p2a: Venti
|-damage|p2a: Venti|33/100
|
|upkeep
|turn|8
|
|t:|1779919064
|move|p2a: Venti|U-turn|p1a: Palossand
|-resisted|p1a: Palossand
|-damage|p1a: Palossand|63/100
|
|t:|1779919067
|switch|p2a: 🥶|Kyurem, shiny|100/100|[from] U-turn
|-damage|p2a: 🥶|76/100|[from] Stealth Rock
|-ability|p2a: 🥶|Pressure
|move|p1a: Palossand|Night Shade|p2a: 🥶
|-damage|p2a: 🥶|50/100
|
|upkeep
|turn|9
|
|t:|1779919077
|switch|p1a: Zamazenta|Zamazenta|100/100
|-ability|p1a: Zamazenta|Dauntless Shield|boost
|-boost|p1a: Zamazenta|def|1
|move|p2a: 🥶|Freeze-Dry|p1a: Zamazenta
|-damage|p1a: Zamazenta|52/100
|
|upkeep
|turn|10
|
|t:|1779919087
|switch|p2a: Alice|Hatterene, F|100/100
|-damage|p2a: Alice|88/100|[from] Stealth Rock
|move|p1a: Zamazenta|Body Press|p2a: Alice
|-resisted|p2a: Alice
|-damage|p2a: Alice|79/100
|-damage|p1a: Zamazenta|36/100|[from] item: Rocky Helmet|[of] p2a: Alice
|-enditem|p1a: Zamazenta|Sitrus Berry|[eat]
|-heal|p1a: Zamazenta|61/100|[from] item: Sitrus Berry
|
|upkeep
|turn|11
|
|t:|1779919101
|switch|p1a: Kingambit|Kingambit, F, shiny|100/100
|-activate|p1a: Kingambit|ability: Supreme Overlord
|-start|p1a: Kingambit|fallen2|[silent]
|move|p2a: Alice|Draining Kiss|p1a: Kingambit
|-damage|p1a: Kingambit|80/100
|-heal|p2a: Alice|99/100|[from] drain|[of] p1a: Kingambit
|
|upkeep
|turn|12
|
|t:|1779919115
|move|p1a: Kingambit|Kowtow Cleave|p2a: Alice
|-crit|p2a: Alice
|-damage|p2a: Alice|28/100
|-damage|p1a: Kingambit|63/100|[from] item: Rocky Helmet|[of] p2a: Alice
|move|p2a: Alice|Pain Split|p1a: Kingambit
|-sethp|p1a: Kingambit|43/100|[from] move: Pain Split|[silent]
|-sethp|p2a: Alice|54/100|[from] move: Pain Split
|
|upkeep
|turn|13
|
|t:|1779919124
|move|p1a: Kingambit|Iron Head|p2a: Alice
|-supereffective|p2a: Alice
|-damage|p2a: Alice|0 fnt
|-damage|p1a: Kingambit|26/100|[from] item: Rocky Helmet|[of] p2a: Alice
|faint|p2a: Alice
|
|upkeep
|
|t:|1779919131
|switch|p2a: Mint Fudge|Great Tusk, shiny|100/100
|-damage|p2a: Mint Fudge|98/100|[from] Stealth Rock
|turn|14
|
|t:|1779919139
|-end|p1a: Kingambit|fallen2|[silent]
|switch|p1a: Palossand|Palossand, F, shiny|63/100
|move|p2a: Mint Fudge|Stealth Rock|p1a: Palossand
|-sidestart|p1: LeoN22poke|move: Stealth Rock
|
|upkeep
|turn|15
|
|t:|1779919150
|move|p2a: Mint Fudge|Ice Spinner|p1a: Palossand
|-supereffective|p1a: Palossand
|-damage|p1a: Palossand|22/100
|move|p1a: Palossand|Scorching Sands|p2a: Mint Fudge
|-damage|p2a: Mint Fudge|60/100
|
|upkeep
|turn|16
|
|t:|1779919169
|move|p2a: Mint Fudge|Ice Spinner|p1a: Palossand
|-supereffective|p1a: Palossand
|-damage|p1a: Palossand|0 fnt
|faint|p1a: Palossand
|
|upkeep
|
|t:|1779919177
|switch|p1a: Zamazenta|Zamazenta|61/100
|-damage|p1a: Zamazenta|54/100|[from] Stealth Rock
|turn|17
|
|t:|1779919182
|move|p1a: Zamazenta|Play Rough|p2a: Mint Fudge
|-supereffective|p2a: Mint Fudge
|-crit|p2a: Mint Fudge
|-damage|p2a: Mint Fudge|0 fnt
|-damage|p1a: Zamazenta|38/100|[from] item: Rocky Helmet|[of] p2a: Mint Fudge
|faint|p2a: Mint Fudge
|-end|p2a: Mint Fudge|Protosynthesis|[silent]
|
|upkeep
|
|t:|1779919191
|switch|p2a: Venti|Tornadus-Therian, M, shiny|66/100
|-damage|p2a: Venti|41/100|[from] Stealth Rock
|turn|18
|
|t:|1779919228
|-terastallize|p1a: Zamazenta|Fairy
|move|p1a: Zamazenta|Play Rough|p2a: Venti
|-damage|p2a: Venti|0 fnt
|faint|p2a: Venti
|
|upkeep
|
|t:|1779919242
|switch|p2a: Beef|Slowking-Galar, M, shiny|100/100
|-damage|p2a: Beef|88/100|[from] Stealth Rock
|-item|p2a: Beef|Air Balloon
|turn|19
|
|t:|1779919251
|switch|p1a: Cyclizar|Cyclizar, F, shiny|100/100
|-terastallize|p2a: Beef|Poison
|move|p2a: Beef|Sludge Bomb|p1a: Cyclizar
|-damage|p1a: Cyclizar|17/100
|
|upkeep
|turn|20
|
|t:|1779919274
|move|p1a: Cyclizar|Rapid Spin|p2a: Beef
|-damage|p2a: Beef|70/100
|-boost|p1a: Cyclizar|spe|1
|-enditem|p2a: Beef|Air Balloon
|-sideend|p1: LeoN22poke|Stealth Rock|[from] move: Rapid Spin|[of] p1a: Cyclizar
|move|p2a: Beef|Future Sight|p1a: Cyclizar
|-start|p2a: Beef|move: Future Sight
|
|upkeep
|turn|21
|
|t:|1779919290
|move|p1a: Cyclizar|Body Slam|p2a: Beef
|-damage|p2a: Beef|39/100
|move|p2a: Beef|Sludge Bomb|p1a: Cyclizar
|-damage|p1a: Cyclizar|0 fnt
|faint|p1a: Cyclizar
|
|upkeep
|
|t:|1779919298
|switch|p1a: Kingambit|Kingambit, F, shiny|26/100
|-activate|p1a: Kingambit|ability: Supreme Overlord
|-start|p1a: Kingambit|fallen4|[silent]
|turn|22
|
|t:|1779919310
|move|p1a: Kingambit|Kowtow Cleave|p2a: Beef
|-damage|p2a: Beef|0 fnt
|faint|p2a: Beef
|
|-end|p1a: Kingambit|move: Future Sight
|-immune|p1a: Kingambit
|upkeep
|
|t:|1779919317
|switch|p2a: 🥶|Kyurem, shiny|50/100
|-damage|p2a: 🥶|25/100|[from] Stealth Rock
|-ability|p2a: 🥶|Pressure
|turn|23
|
|t:|1779919323
|move|p1a: Kingambit|Sucker Punch|p2a: 🥶
|-damage|p2a: 🥶|0 fnt
|faint|p2a: 🥶
|
|win|LeoN22poke
|raw|LeoN22poke's rating: 1139 &rarr; <strong>1166</strong><br />(+27 for winning)
|raw|MegaDoesArt's rating: 1172 &rarr; <strong>1145</strong><br />(-27 for losing)
|l|☆MegaDoesArt
|player|p2|
|l|☆LeoN22poke
|player|p1|
