|j|☆Ze carrot
|j|☆newgaem
|t:|1779961039
|gametype|singles
|player|p1|Ze carrot|miku-flying|1450
|player|p2|newgaem|blue|1421
|gen|9
|tier|[Gen 9] OU
|rated|
|rule|HP Percentage Mod: HP is shown in percentages
|rule|Endless Battle Clause: Forcing endless battles is banned
|rule|Species Clause: Limit one of each Pokémon
|rule|OHKO Clause: OHKO moves are banned
|rule|Evasion Items Clause: Evasion items are banned
|rule|Evasion Moves Clause: Evasion moves are banned
|rule|Evasion Abilities Clause: Evasion abilities are banned
|rule|Sleep Moves Clause: Sleep-inducing moves are banned
|clearpoke
|poke|p1|Pecharunt|
|poke|p1|Hawlucha, M|
|poke|p1|Rillaboom, M|
|poke|p1|Regieleki|
|poke|p1|Slowking-Galar, F|
|poke|p1|Great Tusk|
|poke|p2|Armarouge, F|
|poke|p2|Kingambit, M|
|poke|p2|Iron Valiant|
|poke|p2|Ceruledge, M|
|poke|p2|Mimikyu, F|
|poke|p2|Cyclizar, M|
|teampreview
|inactive|Battle timer is ON: inactive players will automatically lose when time's up. (requested by Ze carrot)
|
|t:|1779961058
|teamsize|p1|6
|teamsize|p2|6
|start
|switch|p1a: Regieleki|Regieleki|100/100
|switch|p2a: Fefnir|Armarouge, F, shiny|100/100
|turn|1
|
|t:|1779961065
|move|p1a: Regieleki|Volt Switch|p2a: Fefnir
|-damage|p2a: Fefnir|52/100
|
|t:|1779961069
|switch|p1a: Slowking|Slowking-Galar, F|100/100|[from] Volt Switch
|move|p2a: Fefnir|Armor Cannon|p1a: Slowking
|-damage|p1a: Slowking|72/100
|-unboost|p2a: Fefnir|def|1
|-unboost|p2a: Fefnir|spd|1
|
|upkeep
|turn|2
|
|t:|1779961091
|switch|p2a: Leviathan|Mimikyu, F|100/100
|move|p1a: Slowking|Sludge Bomb|p2a: Leviathan
|-activate|p2a: Leviathan|ability: Disguise
|-damage|p2a: Leviathan|100/100
|detailschange|p2a: Leviathan|Mimikyu-Busted, F
|-damage|p2a: Leviathan|88/100|[from] pokemon: Mimikyu-Busted
|
|-heal|p2a: Leviathan|94/100|[from] item: Leftovers
|upkeep
|turn|3
|
|t:|1779961105
|move|p2a: Leviathan|Destiny Bond|p2a: Leviathan
|-singlemove|p2a: Leviathan|Destiny Bond
|move|p1a: Slowking|Sludge Bomb|p2a: Leviathan
|-damage|p2a: Leviathan|47/100
|
|-heal|p2a: Leviathan|53/100|[from] item: Leftovers
|upkeep
|turn|4
|
|t:|1779961114
|switch|p1a: Rillaboom|Rillaboom, M|100/100
|-fieldstart|move: Grassy Terrain|[from] ability: Grassy Surge|[of] p1a: Rillaboom
|move|p2a: Leviathan|Curse|p1a: Rillaboom
|-start|p1a: Rillaboom|Curse|[of] p2a: Leviathan
|-damage|p2a: Leviathan|3/100
|
|-heal|p2a: Leviathan|9/100|[from] Grassy Terrain
|-heal|p2a: Leviathan|15/100|[from] item: Leftovers
|-damage|p1a: Rillaboom|76/100|[from] Curse
|upkeep
|turn|5
|
|t:|1779961127
|switch|p2a: Zero|Ceruledge, M, shiny|100/100
|move|p1a: Rillaboom|U-turn|p2a: Zero
|-resisted|p2a: Zero
|-damage|p2a: Zero|86/100
|-ability|p2a: Zero|Weak Armor|boost
|-unboost|p2a: Zero|def|1
|-boost|p2a: Zero|spe|2
|
|t:|1779961156
|switch|p1a: Hawlucha|Hawlucha, M|100/100|[from] U-turn
|-enditem|p1a: Hawlucha|Grassy Seed
|-boost|p1a: Hawlucha|def|1|[from] item: Grassy Seed
|
|-heal|p2a: Zero|92/100|[from] Grassy Terrain
|upkeep
|turn|6
|
|t:|1779961167
|move|p1a: Hawlucha|Swords Dance|p1a: Hawlucha
|-boost|p1a: Hawlucha|atk|2
|move|p2a: Zero|Destiny Bond|p2a: Zero
|-singlemove|p2a: Zero|Destiny Bond
|
|-heal|p2a: Zero|98/100|[from] Grassy Terrain
|upkeep
|turn|7
|
|t:|1779961176
|move|p1a: Hawlucha|Roost||[still]
|-fail|p1a: Hawlucha|heal
|move|p2a: Zero|Bitter Blade|p1a: Hawlucha
|-damage|p1a: Hawlucha|48/100
|-heal|p2a: Zero|100/100|[from] drain|[of] p1a: Hawlucha
|-damage|p2a: Zero|91/100|[from] item: Life Orb
|
|-heal|p2a: Zero|97/100|[from] Grassy Terrain
|upkeep
|turn|8
|
|t:|1779961186
|move|p2a: Zero|Shadow Sneak|p1a: Hawlucha
|-damage|p1a: Hawlucha|24/100
|-damage|p2a: Zero|87/100|[from] item: Life Orb
|move|p1a: Hawlucha|Acrobatics|p2a: Zero
|-damage|p2a: Zero|0 fnt
|faint|p2a: Zero
|
|-fieldend|move: Grassy Terrain
|upkeep
|
|t:|1779961205
|switch|p2a: Omega|Iron Valiant|100/100
|-enditem|p2a: Omega|Booster Energy
|-activate|p2a: Omega|ability: Quark Drive|[fromitem]
|-start|p2a: Omega|quarkdrivespe
|turn|9
|
|t:|1779961225
|-end|p2a: Omega|Quark Drive|[silent]
|switch|p2a: Leviathan|Mimikyu-Busted, F|15/100
|move|p1a: Hawlucha|Acrobatics|p2a: Leviathan
|-damage|p2a: Leviathan|0 fnt
|faint|p2a: Leviathan
|
|upkeep
|
|t:|1779961233
|switch|p2a: Fefnir|Armarouge, F, shiny|52/100
|turn|10
|
|t:|1779961253
|move|p2a: Fefnir|Endure|p2a: Fefnir
|-singleturn|p2a: Fefnir|move: Endure
|move|p1a: Hawlucha|Acrobatics|p2a: Fefnir
|-activate|p2a: Fefnir|move: Endure
|-damage|p2a: Fefnir|1/100
|-ability|p2a: Fefnir|Weak Armor|boost
|-unboost|p2a: Fefnir|def|1
|-boost|p2a: Fefnir|spe|2
|
|upkeep
|turn|11
|inactive|newgaem has 120 seconds left.
|l|☆newgaem
|inactive|newgaem disconnected and has a minute to reconnect!
|player|p2|
|j|☆newgaem
|inactive|newgaem reconnected and has 85 seconds left.
|player|p2|newgaem|blue|
|
|t:|1779961319
|move|p2a: Fefnir|Endure||[still]
|-fail|p2a: Fefnir
|move|p1a: Hawlucha|Acrobatics|p2a: Fefnir
|-damage|p2a: Fefnir|0 fnt
|faint|p2a: Fefnir
|
|upkeep
|-message|newgaem forfeited.
|
|win|Ze carrot
|raw|Ze carrot's rating: 1450 &rarr; <strong>1468</strong><br />(+18 for winning)
|raw|newgaem's rating: 1421 &rarr; <strong>1403</strong><br />(-18 for losing)
|l|☆newgaem
|player|p2|
|l|☆Ze carrot
|player|p1|
