|j|☆foxtres
|j|☆claudechamp
|t:|1779821556
|gametype|singles
|player|p1|foxtres|ethan|1075
|player|p2|claudechamp|265|1116
|gen|9
|tier|[Gen 9] OU
|rated|
|rule|HP Percentage Mod: HP is shown in percentages
|rule|Endless Battle Clause: Forcing endless battles is banned
|rule|Species Clause: Limit one of each Pokémon
|rule|OHKO Clause: OHKO moves are banned
|rule|Evasion Items Clause: Evasion items are banned
|rule|Evasion Moves Clause: Evasion moves are banned
|rule|Evasion Abilities Clause: Evasion abilities are banned
|rule|Sleep Moves Clause: Sleep-inducing moves are banned
|clearpoke
|poke|p1|Skeledirge, M|
|poke|p1|Great Tusk|
|poke|p1|Dragonite, F|
|poke|p1|Rillaboom, M|
|poke|p1|Toxapex, F|
|poke|p1|Tyranitar, F|
|poke|p2|Gliscor, F|
|poke|p2|Gholdengo|
|poke|p2|Zamazenta-*|
|poke|p2|Blissey, F|
|poke|p2|Skarmory, F|
|poke|p2|Pecharunt|
|teampreview
|inactive|Battle timer is ON: inactive players will automatically lose when time's up. (requested by foxtres)
|c|☆claudechamp|hf
|
|t:|1779821562
|teamsize|p1|6
|teamsize|p2|6
|start
|switch|p1a: Rillaboom|Rillaboom, M|100/100
|switch|p2a: Skarmory|Skarmory, F|100/100
|-fieldstart|move: Grassy Terrain|[from] ability: Grassy Surge|[of] p1a: Rillaboom
|turn|1
|inactive|claudechamp also wants the timer to be on.
|
|t:|1779821591
|move|p1a: Rillaboom|Knock Off|p2a: Skarmory
|-crit|p2a: Skarmory
|-damage|p2a: Skarmory|54/100
|-enditem|p2a: Skarmory|Heavy-Duty Boots|[from] move: Knock Off|[of] p1a: Rillaboom
|move|p2a: Skarmory|Spikes|p1a: Rillaboom
|-sidestart|p1: foxtres|Spikes
|
|upkeep
|turn|2
|
|t:|1779821604
|switch|p1a: Skeledirge|Skeledirge, M, shiny|100/100
|move|p2a: Skarmory|Roost|p2a: Skarmory
|-heal|p2a: Skarmory|100/100
|-singleturn|p2a: Skarmory|move: Roost
|
|upkeep
|turn|3
|inactive|claudechamp has 120 seconds left.
|
|t:|1779821621
|switch|p2a: Blissey|Blissey, F|100/100
|move|p1a: Skeledirge|Torch Song|p2a: Blissey
|-damage|p2a: Blissey|91/100
|-boost|p1a: Skeledirge|spa|1
|
|-heal|p2a: Blissey|97/100|[from] Grassy Terrain
|upkeep
|turn|4
|
|t:|1779821629
|move|p1a: Skeledirge|Will-O-Wisp|p2a: Blissey
|-status|p2a: Blissey|brn
|move|p2a: Blissey|Shadow Ball|p1a: Skeledirge
|-supereffective|p1a: Skeledirge
|-damage|p1a: Skeledirge|79/100
|
|-heal|p1a: Skeledirge|85/100|[from] Grassy Terrain
|-heal|p2a: Blissey|100/100 brn|[from] Grassy Terrain
|-damage|p2a: Blissey|94/100 brn|[from] brn
|upkeep
|turn|5
|
|t:|1779821647
|switch|p1a: Dragonite|Dragonite, F|100/100
|-terastallize|p2a: Blissey|Dark
|move|p2a: Blissey|Calm Mind|p2a: Blissey
|-boost|p2a: Blissey|spa|1
|-boost|p2a: Blissey|spd|1
|
|-heal|p2a: Blissey|100/100 brn|[from] Grassy Terrain
|-damage|p2a: Blissey|94/100 brn|[from] brn
|-fieldend|move: Grassy Terrain
|upkeep
|turn|6
|
|t:|1779821662
|move|p1a: Dragonite|Dragon Dance|p1a: Dragonite
|-boost|p1a: Dragonite|atk|1
|-boost|p1a: Dragonite|spe|1
|move|p2a: Blissey|Stealth Rock|p1a: Dragonite
|-sidestart|p1: foxtres|move: Stealth Rock
|
|-damage|p2a: Blissey|88/100 brn|[from] brn
|upkeep
|turn|7
|
|t:|1779821669
|-curestatus|p2a: Blissey|brn|[from] ability: Natural Cure|[silent]
|switch|p2a: Gliscor|Gliscor, F|100/100
|move|p1a: Dragonite|Dragon Dance|p1a: Dragonite
|-boost|p1a: Dragonite|atk|1
|-boost|p1a: Dragonite|spe|1
|
|-status|p2a: Gliscor|tox|[from] item: Toxic Orb
|upkeep
|turn|8
|
|t:|1779821687
|move|p1a: Dragonite|Dragon Claw|p2a: Gliscor
|-damage|p2a: Gliscor|31/100 tox
|move|p2a: Gliscor|Knock Off|p1a: Dragonite
|-damage|p1a: Dragonite|88/100
|-enditem|p1a: Dragonite|Heavy-Duty Boots|[from] move: Knock Off|[of] p2a: Gliscor
|
|-heal|p2a: Gliscor|43/100 tox|[from] ability: Poison Heal
|upkeep
|turn|9
|
|t:|1779821698
|switch|p2a: Skarmory|Skarmory, F|100/100
|move|p1a: Dragonite|Dragon Claw|p2a: Skarmory
|-resisted|p2a: Skarmory
|-damage|p2a: Skarmory|71/100
|
|upkeep
|turn|10
|
|t:|1779821721
|move|p1a: Dragonite|Thunder Punch|p2a: Skarmory
|-supereffective|p2a: Skarmory
|-damage|p2a: Skarmory|3/100
|move|p2a: Skarmory|Whirlwind|p1a: Dragonite
|drag|p1a: Great Tusk|Great Tusk|100/100
|-damage|p1a: Great Tusk|88/100|[from] Spikes
|-damage|p1a: Great Tusk|85/100|[from] Stealth Rock
|
|-heal|p1a: Great Tusk|91/100|[from] item: Leftovers
|upkeep
|turn|11
|
|t:|1779821733
|switch|p2a: Pecharunt|Pecharunt|100/100
|move|p1a: Great Tusk|Rapid Spin|p2a: Pecharunt
|-immune|p2a: Pecharunt
|
|-heal|p1a: Great Tusk|98/100|[from] item: Leftovers
|upkeep
|turn|12
|inactive|claudechamp has 120 seconds left.
|
|t:|1779821751
|-end|p1a: Great Tusk|Protosynthesis|[silent]
|switch|p1a: Toxapex|Toxapex, F, shiny|100/100
|-damage|p1a: Toxapex|88/100|[from] Spikes
|-damage|p1a: Toxapex|75/100|[from] Stealth Rock
|move|p2a: Pecharunt|Toxic|p1a: Toxapex
|-immune|p1a: Toxapex
|
|upkeep
|turn|13
|
|t:|1779821760
|move|p2a: Pecharunt|Parting Shot|p1a: Toxapex
|-unboost|p1a: Toxapex|atk|1
|-unboost|p1a: Toxapex|spa|1
|
|t:|1779821765
|switch|p2a: Gliscor|Gliscor, F|43/100 tox|[from] Parting Shot
|move|p1a: Toxapex|Infestation|p2a: Gliscor
|-resisted|p2a: Gliscor
|-damage|p2a: Gliscor|42/100 tox
|-activate|p2a: Gliscor|move: Infestation|[of] p1a: Toxapex
|
|-heal|p2a: Gliscor|55/100 tox|[from] ability: Poison Heal
|-damage|p2a: Gliscor|42/100 tox|[from] move: Infestation|[partiallytrapped]
|upkeep
|turn|14
|
|t:|1779821781
|move|p2a: Gliscor|Knock Off|p1a: Toxapex
|-damage|p1a: Toxapex|63/100
|-damage|p2a: Gliscor|26/100 tox|[from] item: Rocky Helmet|[of] p1a: Toxapex
|-enditem|p1a: Toxapex|Rocky Helmet|[from] move: Knock Off|[of] p2a: Gliscor
|move|p1a: Toxapex|Infestation|p2a: Gliscor
|-resisted|p2a: Gliscor
|-damage|p2a: Gliscor|25/100 tox
|
|-heal|p2a: Gliscor|37/100 tox|[from] ability: Poison Heal
|-damage|p2a: Gliscor|25/100 tox|[from] move: Infestation|[partiallytrapped]
|upkeep
|turn|15
|
|t:|1779821792
|move|p2a: Gliscor|Knock Off|p1a: Toxapex
|-damage|p1a: Toxapex|54/100
|move|p1a: Toxapex|Recover|p1a: Toxapex
|-heal|p1a: Toxapex|100/100
|
|-heal|p2a: Gliscor|37/100 tox|[from] ability: Poison Heal
|-damage|p2a: Gliscor|25/100 tox|[from] move: Infestation|[partiallytrapped]
|upkeep
|turn|16
|
|t:|1779821804
|switch|p1a: Tyranitar|Tyranitar, F|100/100
|-damage|p1a: Tyranitar|88/100|[from] Spikes
|-damage|p1a: Tyranitar|76/100|[from] Stealth Rock
|-weather|Sandstorm|[from] ability: Sand Stream|[of] p1a: Tyranitar
|move|p2a: Gliscor|Knock Off|p1a: Tyranitar
|-resisted|p1a: Tyranitar
|-damage|p1a: Tyranitar|67/100
|-enditem|p1a: Tyranitar|Assault Vest|[from] move: Knock Off|[of] p2a: Gliscor
|
|-weather|Sandstorm|[upkeep]
|-heal|p2a: Gliscor|37/100 tox|[from] ability: Poison Heal
|-end|p2a: Gliscor|Infestation|[partiallytrapped]|[silent]
|upkeep
|turn|17
|
|t:|1779821821
|move|p2a: Gliscor|Earthquake|p1a: Tyranitar
|-supereffective|p1a: Tyranitar
|-damage|p1a: Tyranitar|11/100
|move|p1a: Tyranitar|Surf|p2a: Gliscor
|-supereffective|p2a: Gliscor
|-damage|p2a: Gliscor|0 fnt
|faint|p2a: Gliscor
|
|-weather|Sandstorm|[upkeep]
|upkeep
|
|t:|1779821829
|switch|p2a: Gholdengo|Gholdengo|100/100
|turn|18
|
|t:|1779821834
|switch|p1a: Great Tusk|Great Tusk|98/100
|-damage|p1a: Great Tusk|85/100|[from] Spikes
|-damage|p1a: Great Tusk|82/100|[from] Stealth Rock
|move|p2a: Gholdengo|Nasty Plot|p2a: Gholdengo
|-boost|p2a: Gholdengo|spa|2
|
|-weather|Sandstorm|[upkeep]
|-heal|p1a: Great Tusk|88/100|[from] item: Leftovers
|upkeep
|turn|19
|
|t:|1779821859
|move|p1a: Great Tusk|Rapid Spin|p2a: Gholdengo
|-immune|p2a: Gholdengo
|move|p2a: Gholdengo|Hex|p1a: Great Tusk
|-damage|p1a: Great Tusk|6/100
|
|-weather|Sandstorm|[upkeep]
|-heal|p1a: Great Tusk|13/100|[from] item: Leftovers
|upkeep
|turn|20
|
|t:|1779821866
|-end|p1a: Great Tusk|Protosynthesis|[silent]
|switch|p1a: Toxapex|Toxapex, F, shiny|100/100
|-damage|p1a: Toxapex|88/100|[from] Spikes
|-damage|p1a: Toxapex|75/100|[from] Stealth Rock
|move|p2a: Gholdengo|Hex|p1a: Toxapex
|-damage|p1a: Toxapex|28/100
|
|-weather|none
|upkeep
|turn|21
|
|t:|1779821876
|move|p2a: Gholdengo|Hex|p1a: Toxapex
|-damage|p1a: Toxapex|0 fnt
|faint|p1a: Toxapex
|
|upkeep
|
|t:|1779821884
|switch|p1a: Skeledirge|Skeledirge, M, shiny|85/100
|turn|22
|
|t:|1779821890
|move|p2a: Gholdengo|Thunder Wave|p1a: Skeledirge
|-status|p1a: Skeledirge|par
|move|p1a: Skeledirge|Hex|p2a: Gholdengo
|-supereffective|p2a: Gholdengo
|-damage|p2a: Gholdengo|49/100
|
|upkeep
|turn|23
|
|t:|1779821898
|move|p2a: Gholdengo|Hex|p1a: Skeledirge
|-supereffective|p1a: Skeledirge
|-damage|p1a: Skeledirge|6/100 par
|move|p1a: Skeledirge|Will-O-Wisp|p2a: Gholdengo
|-immune|p2a: Gholdengo|[from] ability: Good as Gold
|
|upkeep
|turn|24
|
|t:|1779821909
|switch|p1a: Rillaboom|Rillaboom, M|100/100
|-damage|p1a: Rillaboom|88/100|[from] Spikes
|-damage|p1a: Rillaboom|76/100|[from] Stealth Rock
|-fieldstart|move: Grassy Terrain|[from] ability: Grassy Surge|[of] p1a: Rillaboom
|move|p2a: Gholdengo|Hex|p1a: Rillaboom
|-damage|p1a: Rillaboom|0 fnt
|faint|p1a: Rillaboom
|
|-heal|p2a: Gholdengo|55/100|[from] Grassy Terrain
|upkeep
|inactive|foxtres has 120 seconds left.
|
|t:|1779821941
|switch|p1a: Dragonite|Dragonite, F|88/100
|-damage|p1a: Dragonite|64/100|[from] Stealth Rock
|turn|25
|
|t:|1779821945
|move|p1a: Dragonite|Dragon Claw|p2a: Gholdengo
|-resisted|p2a: Gholdengo
|-damage|p2a: Gholdengo|39/100
|move|p2a: Gholdengo|Thunder Wave|p1a: Dragonite
|-status|p1a: Dragonite|par
|
|-heal|p2a: Gholdengo|45/100|[from] Grassy Terrain
|upkeep
|turn|26
|
|t:|1779821955
|move|p2a: Gholdengo|Hex|p1a: Dragonite
|-damage|p1a: Dragonite|0 fnt
|faint|p1a: Dragonite
|
|-heal|p2a: Gholdengo|52/100|[from] Grassy Terrain
|upkeep
|
|t:|1779821960
|switch|p1a: Great Tusk|Great Tusk|13/100
|-damage|p1a: Great Tusk|0 fnt|[from] Spikes
|faint|p1a: Great Tusk
|-end|p1a: Great Tusk|Protosynthesis|[silent]
|-message|foxtres forfeited.
|
|win|claudechamp
|raw|foxtres's rating: 1075 &rarr; <strong>1057</strong><br />(-18 for losing)
|raw|claudechamp's rating: 1132 &rarr; <strong>1153</strong><br />(+21 for winning)
|l|☆foxtres
|player|p1|
|c|☆claudechamp|gg
