|j|☆Slothguy1236
|j|☆eggheadyeti
|t:|1779899496
|gametype|singles
|player|p1|Slothguy1236|lucas|1261
|player|p2|eggheadyeti|archer|1317
|gen|9
|tier|[Gen 9] OU
|rated|
|rule|HP Percentage Mod: HP is shown in percentages
|rule|Endless Battle Clause: Forcing endless battles is banned
|rule|Species Clause: Limit one of each Pokémon
|rule|OHKO Clause: OHKO moves are banned
|rule|Evasion Items Clause: Evasion items are banned
|rule|Evasion Moves Clause: Evasion moves are banned
|rule|Evasion Abilities Clause: Evasion abilities are banned
|rule|Sleep Moves Clause: Sleep-inducing moves are banned
|clearpoke
|poke|p1|Gyarados, M|
|poke|p1|Garganacl, F|
|poke|p1|Gliscor, M|
|poke|p1|Dunsparce, F|
|poke|p1|Greninja-*, M|
|poke|p1|Darkrai|
|poke|p2|Torkoal, F|
|poke|p2|Walking Wake|
|poke|p2|Great Tusk|
|poke|p2|Heatran, F|
|poke|p2|Landorus-Therian, M|
|poke|p2|Venusaur, F|
|teampreview
|inactive|Battle timer is ON: inactive players will automatically lose when time's up. (requested by eggheadyeti)
|inactive|Slothguy1236 also wants the timer to be on.
|
|t:|1779899508
|teamsize|p1|6
|teamsize|p2|6
|start
|switch|p1a: Garganacl|Garganacl, F|100/100
|switch|p2a: Landorus|Landorus-Therian, M|100/100
|-ability|p2a: Landorus|Intimidate|boost
|-unboost|p1a: Garganacl|atk|1
|turn|1
|
|t:|1779899518
|move|p2a: Landorus|U-turn|p1a: Garganacl
|-damage|p1a: Garganacl|87/100
|
|t:|1779899521
|switch|p2a: Venusaur|Venusaur, F|100/100|[from] U-turn
|move|p1a: Garganacl|Salt Cure|p2a: Venusaur
|-damage|p2a: Venusaur|88/100
|-start|p2a: Venusaur|Salt Cure
|
|-heal|p2a: Venusaur|94/100|[from] item: Leftovers
|-heal|p1a: Garganacl|93/100|[from] item: Leftovers
|-damage|p2a: Venusaur|82/100|[from] Salt Cure
|upkeep
|turn|2
|
|t:|1779899532
|move|p2a: Venusaur|Giga Drain|p1a: Garganacl
|-supereffective|p1a: Garganacl
|-damage|p1a: Garganacl|47/100
|-heal|p2a: Venusaur|100/100|[from] drain|[of] p1a: Garganacl
|move|p1a: Garganacl|Iron Defense|p1a: Garganacl
|-boost|p1a: Garganacl|def|2
|
|-heal|p1a: Garganacl|53/100|[from] item: Leftovers
|-damage|p2a: Venusaur|88/100|[from] Salt Cure
|upkeep
|turn|3
|
|t:|1779899538
|move|p2a: Venusaur|Giga Drain|p1a: Garganacl
|-supereffective|p1a: Garganacl
|-damage|p1a: Garganacl|7/100
|-heal|p2a: Venusaur|100/100|[from] drain|[of] p1a: Garganacl
|move|p1a: Garganacl|Body Press|p2a: Venusaur
|-resisted|p2a: Venusaur
|-damage|p2a: Venusaur|69/100
|
|-heal|p2a: Venusaur|75/100|[from] item: Leftovers
|-heal|p1a: Garganacl|13/100|[from] item: Leftovers
|-damage|p2a: Venusaur|63/100|[from] Salt Cure
|upkeep
|turn|4
|
|t:|1779899541
|move|p2a: Venusaur|Giga Drain|p1a: Garganacl
|-supereffective|p1a: Garganacl
|-damage|p1a: Garganacl|0 fnt
|-heal|p2a: Venusaur|72/100|[from] drain|[of] p1a: Garganacl
|faint|p1a: Garganacl
|
|-heal|p2a: Venusaur|78/100|[from] item: Leftovers
|-damage|p2a: Venusaur|65/100|[from] Salt Cure
|upkeep
|
|t:|1779899548
|switch|p1a: Gliscor|Gliscor, M|100/100
|turn|5
|
|t:|1779899553
|switch|p2a: Landorus|Landorus-Therian, M|100/100
|-ability|p2a: Landorus|Intimidate|boost
|-unboost|p1a: Gliscor|atk|1
|move|p1a: Gliscor|Dual Wingbeat|p2a: Landorus
|-damage|p2a: Landorus|92/100
|-damage|p1a: Gliscor|84/100|[from] item: Rocky Helmet|[of] p2a: Landorus
|-damage|p2a: Landorus|84/100
|-damage|p1a: Gliscor|68/100|[from] item: Rocky Helmet|[of] p2a: Landorus
|-hitcount|p2a: Landorus|2
|
|-status|p1a: Gliscor|tox|[from] item: Toxic Orb
|upkeep
|turn|6
|
|t:|1779899559
|move|p1a: Gliscor|Toxic|p2a: Landorus
|-status|p2a: Landorus|tox
|move|p2a: Landorus|Stealth Rock|p1a: Gliscor
|-sidestart|p1: Slothguy1236|move: Stealth Rock
|
|-heal|p1a: Gliscor|80/100 tox|[from] ability: Poison Heal
|-damage|p2a: Landorus|78/100 tox|[from] psn
|upkeep
|turn|7
|
|t:|1779899566
|move|p1a: Gliscor|Dual Wingbeat|p2a: Landorus
|-damage|p2a: Landorus|69/100 tox
|-damage|p1a: Gliscor|63/100 tox|[from] item: Rocky Helmet|[of] p2a: Landorus
|-damage|p2a: Landorus|61/100 tox
|-damage|p1a: Gliscor|47/100 tox|[from] item: Rocky Helmet|[of] p2a: Landorus
|-hitcount|p2a: Landorus|2
|move|p2a: Landorus|U-turn|p1a: Gliscor
|-resisted|p1a: Gliscor
|-damage|p1a: Gliscor|37/100 tox
|
|t:|1779899578
|switch|p2a: Walking Wake|Walking Wake|100/100|[from] U-turn
|
|-heal|p1a: Gliscor|49/100 tox|[from] ability: Poison Heal
|upkeep
|turn|8
|
|t:|1779899582
|move|p2a: Walking Wake|Flip Turn|p1a: Gliscor
|-supereffective|p1a: Gliscor
|-damage|p1a: Gliscor|16/100 tox
|
|t:|1779899586
|-end|p2a: Walking Wake|Protosynthesis|[silent]
|switch|p2a: Landorus|Landorus-Therian, M|61/100 tox|[from] Flip Turn
|-ability|p2a: Landorus|Intimidate|boost
|-unboost|p1a: Gliscor|atk|1
|move|p1a: Gliscor|Toxic|p2a: Landorus|[miss]
|-miss|p1a: Gliscor|p2a: Landorus
|
|-heal|p1a: Gliscor|28/100 tox|[from] ability: Poison Heal
|-damage|p2a: Landorus|55/100 tox|[from] psn
|upkeep
|turn|9
|
|t:|1779899614
|move|p1a: Gliscor|Protect|p1a: Gliscor
|-singleturn|p1a: Gliscor|Protect
|move|p2a: Landorus|Stone Edge|p1a: Gliscor
|-activate|p1a: Gliscor|move: Protect
|
|-heal|p1a: Gliscor|41/100 tox|[from] ability: Poison Heal
|-damage|p2a: Landorus|43/100 tox|[from] psn
|upkeep
|turn|10
|
|t:|1779899622
|move|p1a: Gliscor|Protect||[still]
|-fail|p1a: Gliscor
|move|p2a: Landorus|Stone Edge|p1a: Gliscor|[miss]
|-miss|p2a: Landorus|p1a: Gliscor
|
|-heal|p1a: Gliscor|53/100 tox|[from] ability: Poison Heal
|-damage|p2a: Landorus|25/100 tox|[from] psn
|upkeep
|turn|11
|
|t:|1779899634
|move|p1a: Gliscor|Earthquake|p2a: Landorus
|-immune|p2a: Landorus
|move|p2a: Landorus|Stone Edge|p1a: Gliscor
|-damage|p1a: Gliscor|23/100 tox
|
|-heal|p1a: Gliscor|36/100 tox|[from] ability: Poison Heal
|-damage|p2a: Landorus|1/100 tox|[from] psn
|upkeep
|turn|12
|
|t:|1779899654
|move|p1a: Gliscor|Dual Wingbeat|p2a: Landorus
|-damage|p2a: Landorus|0 fnt
|-damage|p1a: Gliscor|19/100 tox|[from] item: Rocky Helmet|[of] p2a: Landorus
|faint|p2a: Landorus
|-hitcount|p2: Landorus|1
|
|-heal|p1a: Gliscor|31/100 tox|[from] ability: Poison Heal
|upkeep
|
|t:|1779899662
|switch|p2a: Walking Wake|Walking Wake|100/100
|turn|13
|
|t:|1779899666
|move|p2a: Walking Wake|Hydro Steam|p1a: Gliscor
|-supereffective|p1a: Gliscor
|-damage|p1a: Gliscor|0 fnt
|faint|p1a: Gliscor
|
|upkeep
|
|t:|1779899690
|switch|p1a: Dunsparce|Dunsparce, F, shiny|100/100
|-damage|p1a: Dunsparce|88/100|[from] Stealth Rock
|turn|14
|
|t:|1779899698
|-end|p2a: Walking Wake|Protosynthesis|[silent]
|switch|p2a: Heatran|Heatran, F|100/100
|-item|p2a: Heatran|Air Balloon
|move|p1a: Dunsparce|Body Slam|p2a: Heatran
|-resisted|p2a: Heatran
|-damage|p2a: Heatran|91/100
|-status|p2a: Heatran|par
|-enditem|p2a: Heatran|Air Balloon
|
|upkeep
|turn|15
|
|t:|1779899715
|move|p1a: Dunsparce|Coil|p1a: Dunsparce
|-boost|p1a: Dunsparce|atk|1
|-boost|p1a: Dunsparce|def|1
|-boost|p1a: Dunsparce|accuracy|1
|cant|p2a: Heatran|par
|
|upkeep
|turn|16
|
|t:|1779899719
|move|p1a: Dunsparce|Coil|p1a: Dunsparce
|-boost|p1a: Dunsparce|atk|1
|-boost|p1a: Dunsparce|def|1
|-boost|p1a: Dunsparce|accuracy|1
|move|p2a: Heatran|Will-O-Wisp|p1a: Dunsparce
|-status|p1a: Dunsparce|brn
|
|-damage|p1a: Dunsparce|82/100 brn|[from] brn
|upkeep
|turn|17
|
|t:|1779899729
|move|p1a: Dunsparce|Coil|p1a: Dunsparce
|-boost|p1a: Dunsparce|atk|1
|-boost|p1a: Dunsparce|def|1
|-boost|p1a: Dunsparce|accuracy|1
|move|p2a: Heatran|Magma Storm|p1a: Dunsparce
|-damage|p1a: Dunsparce|51/100 brn
|-activate|p1a: Dunsparce|move: Magma Storm|[of] p2a: Heatran
|
|-damage|p1a: Dunsparce|45/100 brn|[from] brn
|-damage|p1a: Dunsparce|32/100 brn|[from] move: Magma Storm|[partiallytrapped]
|upkeep
|turn|18
|
|t:|1779899735
|move|p1a: Dunsparce|Roost|p1a: Dunsparce
|-heal|p1a: Dunsparce|82/100 brn
|-singleturn|p1a: Dunsparce|move: Roost
|move|p2a: Heatran|Flash Cannon|p1a: Dunsparce
|-damage|p1a: Dunsparce|58/100 brn
|
|-damage|p1a: Dunsparce|52/100 brn|[from] brn
|-damage|p1a: Dunsparce|40/100 brn|[from] move: Magma Storm|[partiallytrapped]
|upkeep
|turn|19
|
|t:|1779899743
|move|p1a: Dunsparce|Roost|p1a: Dunsparce
|-heal|p1a: Dunsparce|90/100 brn
|-singleturn|p1a: Dunsparce|move: Roost
|cant|p2a: Heatran|par
|
|-damage|p1a: Dunsparce|83/100 brn|[from] brn
|-damage|p1a: Dunsparce|71/100 brn|[from] move: Magma Storm|[partiallytrapped]
|upkeep
|turn|20
|
|t:|1779899754
|move|p1a: Dunsparce|Air Slash|p2a: Heatran
|-resisted|p2a: Heatran
|-damage|p2a: Heatran|86/100 par
|move|p2a: Heatran|Magma Storm|p1a: Dunsparce|[miss]
|-miss|p2a: Heatran|p1a: Dunsparce
|
|-damage|p1a: Dunsparce|65/100 brn|[from] brn
|-damage|p1a: Dunsparce|52/100 brn|[from] move: Magma Storm|[partiallytrapped]
|upkeep
|turn|21
|
|t:|1779899759
|move|p1a: Dunsparce|Body Slam|p2a: Heatran
|-resisted|p2a: Heatran
|-damage|p2a: Heatran|75/100 par
|cant|p2a: Heatran|par
|
|-damage|p1a: Dunsparce|46/100 brn|[from] brn
|-damage|p1a: Dunsparce|34/100 brn|[from] move: Magma Storm|[partiallytrapped]
|upkeep
|turn|22
|
|t:|1779899764
|move|p1a: Dunsparce|Roost|p1a: Dunsparce
|-heal|p1a: Dunsparce|84/100 brn
|-singleturn|p1a: Dunsparce|move: Roost
|cant|p2a: Heatran|par
|
|-damage|p1a: Dunsparce|78/100 brn|[from] brn
|-end|p1a: Dunsparce|Magma Storm|[partiallytrapped]
|upkeep
|turn|23
|
|t:|1779899769
|move|p1a: Dunsparce|Coil|p1a: Dunsparce
|-boost|p1a: Dunsparce|atk|1
|-boost|p1a: Dunsparce|def|1
|-boost|p1a: Dunsparce|accuracy|1
|move|p2a: Heatran|Magma Storm|p1a: Dunsparce
|-damage|p1a: Dunsparce|47/100 brn
|-activate|p1a: Dunsparce|move: Magma Storm|[of] p2a: Heatran
|
|-damage|p1a: Dunsparce|41/100 brn|[from] brn
|-damage|p1a: Dunsparce|28/100 brn|[from] move: Magma Storm|[partiallytrapped]
|upkeep
|turn|24
|
|t:|1779899771
|move|p1a: Dunsparce|Roost|p1a: Dunsparce
|-heal|p1a: Dunsparce|78/100 brn
|-singleturn|p1a: Dunsparce|move: Roost
|move|p2a: Heatran|Flash Cannon|p1a: Dunsparce
|-damage|p1a: Dunsparce|56/100 brn
|
|-damage|p1a: Dunsparce|50/100 brn|[from] brn
|-damage|p1a: Dunsparce|37/100 brn|[from] move: Magma Storm|[partiallytrapped]
|upkeep
|turn|25
|
|t:|1779899779
|move|p1a: Dunsparce|Roost|p1a: Dunsparce
|-heal|p1a: Dunsparce|87/100 brn
|-singleturn|p1a: Dunsparce|move: Roost
|move|p2a: Heatran|Flash Cannon|p1a: Dunsparce
|-damage|p1a: Dunsparce|62/100 brn
|
|-damage|p1a: Dunsparce|56/100 brn|[from] brn
|-damage|p1a: Dunsparce|44/100 brn|[from] move: Magma Storm|[partiallytrapped]
|upkeep
|turn|26
|
|t:|1779899785
|move|p1a: Dunsparce|Roost|p1a: Dunsparce
|-heal|p1a: Dunsparce|94/100 brn
|-singleturn|p1a: Dunsparce|move: Roost
|move|p2a: Heatran|Flash Cannon|p1a: Dunsparce
|-damage|p1a: Dunsparce|71/100 brn
|
|-damage|p1a: Dunsparce|65/100 brn|[from] brn
|-damage|p1a: Dunsparce|52/100 brn|[from] move: Magma Storm|[partiallytrapped]
|upkeep
|turn|27
|
|t:|1779899788
|move|p1a: Dunsparce|Roost|p1a: Dunsparce
|-heal|p1a: Dunsparce|100/100 brn
|-singleturn|p1a: Dunsparce|move: Roost
|move|p2a: Heatran|Flash Cannon|p1a: Dunsparce
|-damage|p1a: Dunsparce|75/100 brn
|
|-damage|p1a: Dunsparce|69/100 brn|[from] brn
|-damage|p1a: Dunsparce|57/100 brn|[from] move: Magma Storm|[partiallytrapped]
|upkeep
|turn|28
|
|t:|1779899799
|move|p1a: Dunsparce|Roost|p1a: Dunsparce
|-heal|p1a: Dunsparce|100/100 brn
|-singleturn|p1a: Dunsparce|move: Roost
|move|p2a: Heatran|Flash Cannon|p1a: Dunsparce
|-damage|p1a: Dunsparce|78/100 brn
|
|-damage|p1a: Dunsparce|72/100 brn|[from] brn
|-end|p1a: Dunsparce|Magma Storm|[partiallytrapped]
|upkeep
|turn|29
|
|t:|1779899804
|move|p1a: Dunsparce|Air Slash|p2a: Heatran
|-resisted|p2a: Heatran
|-damage|p2a: Heatran|70/100 par
|cant|p2a: Heatran|flinch
|
|-damage|p1a: Dunsparce|66/100 brn|[from] brn
|upkeep
|turn|30
|
|t:|1779899807
|move|p1a: Dunsparce|Air Slash|p2a: Heatran
|-resisted|p2a: Heatran
|-damage|p2a: Heatran|65/100 par
|cant|p2a: Heatran|flinch
|
|-damage|p1a: Dunsparce|59/100 brn|[from] brn
|upkeep
|turn|31
|
|t:|1779899809
|move|p1a: Dunsparce|Air Slash|p2a: Heatran
|-resisted|p2a: Heatran
|-damage|p2a: Heatran|60/100 par
|move|p2a: Heatran|Magma Storm|p1a: Dunsparce
|-damage|p1a: Dunsparce|30/100 brn
|-activate|p1a: Dunsparce|move: Magma Storm|[of] p2a: Heatran
|
|-damage|p1a: Dunsparce|24/100 brn|[from] brn
|-damage|p1a: Dunsparce|12/100 brn|[from] move: Magma Storm|[partiallytrapped]
|upkeep
|turn|32
|
|t:|1779899815
|move|p1a: Dunsparce|Body Slam|p2a: Heatran
|-resisted|p2a: Heatran
|-damage|p2a: Heatran|46/100 par
|cant|p2a: Heatran|par
|
|-damage|p1a: Dunsparce|6/100 brn|[from] brn
|-damage|p1a: Dunsparce|0 fnt|[from] move: Magma Storm|[partiallytrapped]
|faint|p1a: Dunsparce
|upkeep
|
|t:|1779899824
|switch|p1a: Gyarados|Gyarados, M|100/100
|turn|33
|
|t:|1779899835
|move|p1a: Gyarados|Earthquake|p2a: Heatran
|-supereffective|p2a: Heatran
|-damage|p2a: Heatran|0 fnt
|faint|p2a: Heatran
|-ability|p1a: Gyarados|Moxie|boost
|-boost|p1a: Gyarados|atk|1
|
|upkeep
|
|t:|1779899845
|switch|p2a: Torkoal|Torkoal, F|100/100
|-weather|SunnyDay|[from] ability: Drought|[of] p2a: Torkoal
|turn|34
|
|t:|1779899855
|move|p1a: Gyarados|Earthquake|p2a: Torkoal
|-supereffective|p2a: Torkoal
|-damage|p2a: Torkoal|11/100
|move|p2a: Torkoal|Will-O-Wisp|p1a: Gyarados
|-status|p1a: Gyarados|brn
|
|-weather|SunnyDay|[upkeep]
|-damage|p1a: Gyarados|94/100 brn|[from] brn
|upkeep
|turn|35
|
|t:|1779899865
|move|p1a: Gyarados|Earthquake|p2a: Torkoal
|-supereffective|p2a: Torkoal
|-damage|p2a: Torkoal|0 fnt
|faint|p2a: Torkoal
|-ability|p1a: Gyarados|Moxie|boost
|-boost|p1a: Gyarados|atk|1
|
|-weather|SunnyDay|[upkeep]
|-damage|p1a: Gyarados|88/100 brn|[from] brn
|upkeep
|
|t:|1779899868
|switch|p2a: Venusaur|Venusaur, F|65/100
|turn|36
|
|t:|1779899881
|move|p2a: Venusaur|Growth|p2a: Venusaur
|-boost|p2a: Venusaur|atk|2
|-boost|p2a: Venusaur|spa|2
|move|p1a: Gyarados|Dragon Dance|p1a: Gyarados
|-boost|p1a: Gyarados|atk|1
|-boost|p1a: Gyarados|spe|1
|
|-weather|SunnyDay|[upkeep]
|-heal|p2a: Venusaur|71/100|[from] item: Leftovers
|-damage|p1a: Gyarados|82/100 brn|[from] brn
|upkeep
|turn|37
|
|t:|1779899886
|move|p2a: Venusaur|Giga Drain|p1a: Gyarados
|-damage|p1a: Gyarados|13/100 brn
|-heal|p2a: Venusaur|100/100|[from] drain|[of] p1a: Gyarados
|move|p1a: Gyarados|Temper Flare|p2a: Venusaur
|-supereffective|p2a: Venusaur
|-damage|p2a: Venusaur|0 fnt
|faint|p2a: Venusaur
|-ability|p1a: Gyarados|Moxie|boost
|-boost|p1a: Gyarados|atk|1
|
|-weather|SunnyDay|[upkeep]
|-damage|p1a: Gyarados|7/100 brn|[from] brn
|upkeep
|
|t:|1779899898
|switch|p2a: Great Tusk|Great Tusk|100/100
|-activate|p2a: Great Tusk|ability: Protosynthesis
|-start|p2a: Great Tusk|protosynthesisatk
|turn|38
|
|t:|1779899909
|move|p1a: Gyarados|Waterfall|p2a: Great Tusk
|-supereffective|p2a: Great Tusk
|-damage|p2a: Great Tusk|51/100
|move|p2a: Great Tusk|Rapid Spin|p1a: Gyarados
|-damage|p1a: Gyarados|0 fnt
|-boost|p2a: Great Tusk|spe|1
|faint|p1a: Gyarados
|
|-weather|SunnyDay|[upkeep]
|upkeep
|
|t:|1779899920
|switch|p1a: Greninja|Greninja, M|100/100
|-damage|p1a: Greninja|88/100|[from] Stealth Rock
|turn|39
|
|t:|1779899925
|move|p1a: Greninja|Water Shuriken|p2a: Great Tusk
|-supereffective|p2a: Great Tusk
|-damage|p2a: Great Tusk|41/100
|-supereffective|p2a: Great Tusk
|-damage|p2a: Great Tusk|30/100
|-supereffective|p2a: Great Tusk
|-damage|p2a: Great Tusk|21/100
|-supereffective|p2a: Great Tusk
|-damage|p2a: Great Tusk|11/100
|-supereffective|p2a: Great Tusk
|-damage|p2a: Great Tusk|1/100
|-hitcount|p2a: Great Tusk|5
|move|p2a: Great Tusk|Close Combat|p1a: Greninja
|-supereffective|p1a: Greninja
|-damage|p1a: Greninja|0 fnt
|-unboost|p2a: Great Tusk|def|1
|-unboost|p2a: Great Tusk|spd|1
|faint|p1a: Greninja
|
|-weather|SunnyDay|[upkeep]
|upkeep
|
|t:|1779899928
|switch|p1a: Darkrai|Darkrai|100/100
|-damage|p1a: Darkrai|88/100|[from] Stealth Rock
|turn|40
|
|t:|1779899932
|move|p1a: Darkrai|Sucker Punch|p2a: Great Tusk
|-resisted|p2a: Great Tusk
|-damage|p2a: Great Tusk|0 fnt
|faint|p2a: Great Tusk
|-end|p2a: Great Tusk|Protosynthesis|[silent]
|-damage|p1a: Darkrai|78/100|[from] item: Life Orb
|
|-weather|SunnyDay|[upkeep]
|upkeep
|
|t:|1779899934
|switch|p2a: Walking Wake|Walking Wake|100/100
|-activate|p2a: Walking Wake|ability: Protosynthesis
|-start|p2a: Walking Wake|protosynthesisspe
|turn|41
|
|t:|1779899942
|-terastallize|p2a: Walking Wake|Water
|move|p2a: Walking Wake|Hydro Steam|p1a: Darkrai
|-damage|p1a: Darkrai|0 fnt
|faint|p1a: Darkrai
|
|win|eggheadyeti
|raw|Slothguy1236's rating: 1261 &rarr; <strong>1240</strong><br />(-21 for losing)
|raw|eggheadyeti's rating: 1317 &rarr; <strong>1334</strong><br />(+17 for winning)
|l|☆Slothguy1236
|player|p1|
|l|☆eggheadyeti
|player|p2|
