|j|☆Kyerblue0110
|j|☆ast6969
|t:|1779892016
|gametype|singles
|player|p1|Kyerblue0110|cynthia-gen4|1081
|player|p2|ast6969|unknown|1087
|gen|9
|tier|[Gen 9] OU
|rated|
|rule|HP Percentage Mod: HP is shown in percentages
|rule|Endless Battle Clause: Forcing endless battles is banned
|rule|Species Clause: Limit one of each Pokémon
|rule|OHKO Clause: OHKO moves are banned
|rule|Evasion Items Clause: Evasion items are banned
|rule|Evasion Moves Clause: Evasion moves are banned
|rule|Evasion Abilities Clause: Evasion abilities are banned
|rule|Sleep Moves Clause: Sleep-inducing moves are banned
|clearpoke
|poke|p1|Landorus-Therian, M|
|poke|p1|Skeledirge, F|
|poke|p1|Rotom-Wash|
|poke|p1|Zamazenta-*|
|poke|p1|Gholdengo|
|poke|p1|Kyurem|
|poke|p2|Walking Wake|
|poke|p2|Kingambit, F|
|poke|p2|Venusaur, M|
|poke|p2|Ninetales, F|
|poke|p2|Raging Bolt|
|poke|p2|Drednaw, M|
|teampreview
|
|t:|1779892050
|teamsize|p1|6
|teamsize|p2|6
|start
|switch|p1a: Landorus|Landorus-Therian, M|100/100
|switch|p2a: Drednaw|Drednaw, M|100/100
|-ability|p1a: Landorus|Intimidate|boost
|-unboost|p2a: Drednaw|atk|1
|-enditem|p2a: Drednaw|White Herb
|-clearnegativeboost|p2a: Drednaw|[silent]
|turn|1
|
|t:|1779892063
|move|p1a: Landorus|Stealth Rock|p2a: Drednaw
|-sidestart|p2: ast6969|move: Stealth Rock
|move|p2a: Drednaw|Shell Smash|p2a: Drednaw
|-unboost|p2a: Drednaw|def|1
|-unboost|p2a: Drednaw|spd|1
|-boost|p2a: Drednaw|atk|2
|-boost|p2a: Drednaw|spa|2
|-boost|p2a: Drednaw|spe|2
|
|upkeep
|turn|2
|
|t:|1779892087
|-terastallize|p2a: Drednaw|Normal
|-terastallize|p1a: Landorus|Steel
|move|p2a: Drednaw|Double-Edge|p1a: Landorus
|-resisted|p1a: Landorus
|-damage|p1a: Landorus|48/100
|-damage|p2a: Drednaw|84/100|[from] item: Rocky Helmet|[of] p1a: Landorus
|-damage|p2a: Drednaw|67/100|[from] Recoil
|move|p1a: Landorus|Earthquake|p2a: Drednaw
|-damage|p2a: Drednaw|0 fnt
|faint|p2a: Drednaw
|
|upkeep
|
|t:|1779892097
|switch|p2a: Ninetales|Ninetales, F|100/100
|-damage|p2a: Ninetales|76/100|[from] Stealth Rock
|-weather|SunnyDay|[from] ability: Drought|[of] p2a: Ninetales
|turn|3
|
|t:|1779892101
|move|p2a: Ninetales|Encore|p1a: Landorus
|-start|p1a: Landorus|Encore
|move|p1a: Landorus|Earthquake|p2a: Ninetales
|-supereffective|p2a: Ninetales
|-damage|p2a: Ninetales|0 fnt
|faint|p2a: Ninetales
|
|-weather|SunnyDay|[upkeep]
|upkeep
|inactive|Battle timer is ON: inactive players will automatically lose when time's up. (requested by ast6969)
|
|t:|1779892108
|switch|p2a: Raging Bolt|Raging Bolt|100/100
|-damage|p2a: Raging Bolt|88/100|[from] Stealth Rock
|-item|p2a: Raging Bolt|Air Balloon
|-activate|p2a: Raging Bolt|ability: Protosynthesis
|-start|p2a: Raging Bolt|protosynthesisspa
|turn|4
|
|t:|1779892111
|move|p1a: Landorus|Earthquake|p2a: Raging Bolt
|-immune|p2a: Raging Bolt
|move|p2a: Raging Bolt|Calm Mind|p2a: Raging Bolt
|-boost|p2a: Raging Bolt|spa|1
|-boost|p2a: Raging Bolt|spd|1
|
|-weather|SunnyDay|[upkeep]
|upkeep
|turn|5
|
|t:|1779892117
|switch|p1a: Zamazenta|Zamazenta|100/100
|-ability|p1a: Zamazenta|Dauntless Shield|boost
|-boost|p1a: Zamazenta|def|1
|move|p2a: Raging Bolt|Calm Mind|p2a: Raging Bolt
|-boost|p2a: Raging Bolt|spa|1
|-boost|p2a: Raging Bolt|spd|1
|
|-weather|SunnyDay|[upkeep]
|upkeep
|turn|6
|
|t:|1779892125
|move|p1a: Zamazenta|Body Press|p2a: Raging Bolt
|-damage|p2a: Raging Bolt|27/100
|-enditem|p2a: Raging Bolt|Air Balloon
|move|p2a: Raging Bolt|Thunderbolt|p1a: Zamazenta
|-damage|p1a: Zamazenta|16/100
|
|-weather|SunnyDay|[upkeep]
|upkeep
|turn|7
|
|t:|1779892131
|move|p2a: Raging Bolt|Thunderclap|p1a: Zamazenta
|-damage|p1a: Zamazenta|0 fnt
|faint|p1a: Zamazenta
|
|-weather|SunnyDay|[upkeep]
|upkeep
|
|t:|1779892140
|switch|p1a: Gholdengo|Gholdengo|100/100
|turn|8
|
|t:|1779892145
|move|p2a: Raging Bolt|Thunderclap|p1a: Gholdengo
|-damage|p1a: Gholdengo|0 fnt
|faint|p1a: Gholdengo
|
|-weather|SunnyDay|[upkeep]
|upkeep
|
|t:|1779892159
|switch|p1a: Landorus|Landorus-Therian, M, tera:Steel|48/100
|-ability|p1a: Landorus|Intimidate|boost
|-unboost|p2a: Raging Bolt|atk|1
|turn|9
|
|t:|1779892166
|move|p2a: Raging Bolt|Thunderclap|p1a: Landorus
|-damage|p1a: Landorus|0 fnt
|faint|p1a: Landorus
|
|-weather|SunnyDay|[upkeep]
|upkeep
|
|t:|1779892176
|switch|p1a: Kyurem|Kyurem|100/100
|-ability|p1a: Kyurem|Pressure
|turn|10
|
|t:|1779892182
|move|p1a: Kyurem|Earth Power|p2a: Raging Bolt
|-supereffective|p2a: Raging Bolt
|-damage|p2a: Raging Bolt|0 fnt
|faint|p2a: Raging Bolt
|-end|p2a: Raging Bolt|Protosynthesis|[silent]
|
|-weather|none
|upkeep
|inactive|ast6969 has 120 seconds left.
|
|t:|1779892223
|switch|p2a: Venusaur|Venusaur, M|100/100
|-damage|p2a: Venusaur|88/100|[from] Stealth Rock
|turn|11
|
|t:|1779892232
|switch|p1a: Rotom|Rotom-Wash|100/100
|move|p2a: Venusaur|Growth|p2a: Venusaur
|-boost|p2a: Venusaur|atk|1
|-boost|p2a: Venusaur|spa|1
|
|upkeep
|turn|12
|
|t:|1779892237
|move|p2a: Venusaur|Giga Drain|p1a: Rotom
|-supereffective|p1a: Rotom
|-damage|p1a: Rotom|8/100
|-heal|p2a: Venusaur|100/100|[from] drain|[of] p1a: Rotom
|-enditem|p1a: Rotom|Sitrus Berry|[eat]
|-heal|p1a: Rotom|33/100|[from] item: Sitrus Berry
|-damage|p2a: Venusaur|91/100|[from] item: Life Orb
|move|p1a: Rotom|Will-O-Wisp|p2a: Venusaur
|-status|p2a: Venusaur|brn
|
|-damage|p2a: Venusaur|85/100 brn|[from] brn
|upkeep
|turn|13
|
|t:|1779892250
|move|p2a: Venusaur|Giga Drain|p1a: Rotom
|-supereffective|p1a: Rotom
|-damage|p1a: Rotom|0 fnt
|-heal|p2a: Venusaur|100/100 brn|[from] drain|[of] p1a: Rotom
|faint|p1a: Rotom
|-damage|p2a: Venusaur|91/100 brn|[from] item: Life Orb
|
|-damage|p2a: Venusaur|85/100 brn|[from] brn
|upkeep
|
|t:|1779892252
|switch|p1a: Skeledirge|Skeledirge, F|100/100
|turn|14
|
|t:|1779892256
|move|p2a: Venusaur|Sludge Bomb|p1a: Skeledirge
|-resisted|p1a: Skeledirge
|-damage|p1a: Skeledirge|77/100
|-damage|p2a: Venusaur|75/100 brn|[from] item: Life Orb
|move|p1a: Skeledirge|Torch Song|p2a: Venusaur
|-supereffective|p2a: Venusaur
|-damage|p2a: Venusaur|0 fnt
|-boost|p1a: Skeledirge|spa|1
|faint|p2a: Venusaur
|-damage|p1a: Skeledirge|67/100|[from] item: Life Orb
|
|upkeep
|
|t:|1779892261
|switch|p2a: Walking Wake|Walking Wake|100/100
|-damage|p2a: Walking Wake|88/100|[from] Stealth Rock
|turn|15
|
|t:|1779892270
|move|p2a: Walking Wake|Hydro Steam|p1a: Skeledirge
|-supereffective|p1a: Skeledirge
|-damage|p1a: Skeledirge|0 fnt
|faint|p1a: Skeledirge
|
|upkeep
|
|t:|1779892273
|switch|p1a: Kyurem|Kyurem|100/100
|-ability|p1a: Kyurem|Pressure
|turn|16
|
|t:|1779892276
|move|p2a: Walking Wake|Draco Meteor|p1a: Kyurem
|-supereffective|p1a: Kyurem
|-damage|p1a: Kyurem|0 fnt
|-unboost|p2a: Walking Wake|spa|2
|faint|p1a: Kyurem
|
|win|ast6969
|raw|Kyerblue0110's rating: 1081 &rarr; <strong>1059</strong><br />(-22 for losing)
|raw|ast6969's rating: 1087 &rarr; <strong>1113</strong><br />(+26 for winning)
|l|☆Kyerblue0110
|player|p1|
|l|☆ast6969
|player|p2|
