|j|☆fr0ggers
|j|☆TheLump
|t:|1779935270
|gametype|singles
|player|p1|fr0ggers|skierf-gen4dp|1186
|player|p2|TheLump|169|1124
|gen|9
|tier|[Gen 9] OU
|rated|
|rule|HP Percentage Mod: HP is shown in percentages
|rule|Endless Battle Clause: Forcing endless battles is banned
|rule|Species Clause: Limit one of each Pokémon
|rule|OHKO Clause: OHKO moves are banned
|rule|Evasion Items Clause: Evasion items are banned
|rule|Evasion Moves Clause: Evasion moves are banned
|rule|Evasion Abilities Clause: Evasion abilities are banned
|rule|Sleep Moves Clause: Sleep-inducing moves are banned
|clearpoke
|poke|p1|Hydrapple, M|
|poke|p1|Tyranitar, F|
|poke|p1|Moltres|
|poke|p1|Zamazenta-*|
|poke|p1|Slowking-Galar, M|
|poke|p1|Excadrill, F|
|poke|p2|Torkoal, F|
|poke|p2|Weepinbell, M|
|poke|p2|Slither Wing|
|poke|p2|Iron Moth|
|poke|p2|Exeggutor, M|
|poke|p2|Victreebel, M|
|teampreview
|
|t:|1779935277
|teamsize|p1|6
|teamsize|p2|6
|start
|switch|p1a: Tyranitar|Tyranitar, F|100/100
|switch|p2a: Torkoal|Torkoal, F, shiny|100/100
|-weather|Sandstorm|[from] ability: Sand Stream|[of] p1a: Tyranitar
|-weather|SunnyDay|[from] ability: Drought|[of] p2a: Torkoal
|turn|1
|
|t:|1779935299
|switch|p1a: Moltres|Moltres|100/100
|move|p2a: Torkoal|Will-O-Wisp|p1a: Moltres
|-immune|p1a: Moltres
|
|-weather|SunnyDay|[upkeep]
|upkeep
|turn|2
|
|t:|1779935308
|move|p2a: Torkoal|Stealth Rock|p1a: Moltres
|-sidestart|p1: fr0ggers|move: Stealth Rock
|move|p1a: Moltres|Roar|p2a: Torkoal
|drag|p2a: Exeggutor|Exeggutor, M|100/100
|
|-weather|SunnyDay|[upkeep]
|upkeep
|turn|3
|
|t:|1779935321
|move|p1a: Moltres|Flamethrower|p2a: Exeggutor
|-supereffective|p2a: Exeggutor
|-damage|p2a: Exeggutor|0 fnt
|faint|p2a: Exeggutor
|
|-weather|SunnyDay|[upkeep]
|upkeep
|
|t:|1779935326
|switch|p2a: Iron Moth|Iron Moth|100/100
|-enditem|p2a: Iron Moth|Booster Energy
|-activate|p2a: Iron Moth|ability: Quark Drive|[fromitem]
|-start|p2a: Iron Moth|quarkdrivespe
|turn|4
|
|t:|1779935335
|move|p2a: Iron Moth|Fiery Dance|p1a: Moltres
|-resisted|p1a: Moltres
|-damage|p1a: Moltres|68/100
|-boost|p2a: Iron Moth|spa|1
|move|p1a: Moltres|Flamethrower|p2a: Iron Moth
|-resisted|p2a: Iron Moth
|-damage|p2a: Iron Moth|76/100
|
|-weather|SunnyDay|[upkeep]
|upkeep
|turn|5
|
|t:|1779935392
|move|p2a: Iron Moth|Fiery Dance|p1a: Moltres
|-resisted|p1a: Moltres
|-damage|p1a: Moltres|21/100
|-boost|p2a: Iron Moth|spa|1
|move|p1a: Moltres|Roar|p2a: Iron Moth
|-end|p2a: Iron Moth|Quark Drive|[silent]
|drag|p2a: Lowi Trusmadi|Victreebel, M, shiny|100/100
|
|-weather|SunnyDay|[upkeep]
|upkeep
|turn|6
|
|t:|1779935409
|move|p2a: Lowi Trusmadi|Weather Ball|p1a: Moltres
|-resisted|p1a: Moltres
|-damage|p1a: Moltres|0 fnt
|faint|p1a: Moltres
|
|-weather|SunnyDay|[upkeep]
|upkeep
|
|t:|1779935416
|switch|p1a: Tyranitar|Tyranitar, F|100/100
|-damage|p1a: Tyranitar|88/100|[from] Stealth Rock
|-weather|Sandstorm|[from] ability: Sand Stream|[of] p1a: Tyranitar
|turn|7
|
|t:|1779935427
|move|p2a: Lowi Trusmadi|Sunny Day|p2a: Lowi Trusmadi
|-weather|SunnyDay
|move|p1a: Tyranitar|Stealth Rock|p2a: Lowi Trusmadi
|-sidestart|p2: TheLump|move: Stealth Rock
|
|-weather|SunnyDay|[upkeep]
|upkeep
|turn|8
|
|t:|1779935439
|move|p2a: Lowi Trusmadi|Growth|p2a: Lowi Trusmadi
|-boost|p2a: Lowi Trusmadi|atk|2
|-boost|p2a: Lowi Trusmadi|spa|2
|move|p1a: Tyranitar|Knock Off|p2a: Lowi Trusmadi
|-damage|p2a: Lowi Trusmadi|25/100
|-enditem|p2a: Lowi Trusmadi|Heat Rock|[from] move: Knock Off|[of] p1a: Tyranitar
|
|-weather|SunnyDay|[upkeep]
|upkeep
|turn|9
|
|t:|1779935494
|-terastallize|p1a: Tyranitar|Flying
|move|p2a: Lowi Trusmadi|Giga Drain|p1a: Tyranitar
|-resisted|p1a: Tyranitar
|-damage|p1a: Tyranitar|69/100
|-heal|p2a: Lowi Trusmadi|38/100|[from] drain|[of] p1a: Tyranitar
|move|p1a: Tyranitar|Knock Off|p2a: Lowi Trusmadi
|-damage|p2a: Lowi Trusmadi|0 fnt
|faint|p2a: Lowi Trusmadi
|
|-weather|SunnyDay|[upkeep]
|upkeep
|
|t:|1779935499
|switch|p2a: Torkoal|Torkoal, F, shiny|100/100
|-damage|p2a: Torkoal|76/100|[from] Stealth Rock
|turn|10
|
|t:|1779935533
|move|p1a: Tyranitar|Knock Off|p2a: Torkoal
|-damage|p2a: Torkoal|42/100
|-enditem|p2a: Torkoal|Heat Rock|[from] move: Knock Off|[of] p1a: Tyranitar
|move|p2a: Torkoal|Will-O-Wisp|p1a: Tyranitar
|-status|p1a: Tyranitar|brn
|
|-weather|SunnyDay|[upkeep]
|-damage|p1a: Tyranitar|63/100 brn|[from] brn
|upkeep
|turn|11
|
|t:|1779935555
|move|p1a: Tyranitar|Thunder Wave|p2a: Torkoal
|-status|p2a: Torkoal|par
|cant|p2a: Torkoal|par
|
|-weather|SunnyDay|[upkeep]
|-damage|p1a: Tyranitar|57/100 brn|[from] brn
|upkeep
|turn|12
|
|t:|1779935567
|move|p1a: Tyranitar|Knock Off|p2a: Torkoal
|-damage|p2a: Torkoal|32/100 par
|move|p2a: Torkoal|Lava Plume|p1a: Tyranitar
|-damage|p1a: Tyranitar|34/100 brn
|
|-weather|SunnyDay|[upkeep]
|-damage|p1a: Tyranitar|28/100 brn|[from] brn
|upkeep
|turn|13
|
|t:|1779935595
|switch|p1a: Slowking|Slowking-Galar, M|100/100
|-damage|p1a: Slowking|88/100|[from] Stealth Rock
|move|p2a: Torkoal|Lava Plume|p1a: Slowking
|-damage|p1a: Slowking|67/100
|
|-weather|SunnyDay|[upkeep]
|upkeep
|turn|14
|
|t:|1779935625
|move|p1a: Slowking|Sludge Bomb|p2a: Torkoal
|-damage|p2a: Torkoal|2/100 par
|move|p2a: Torkoal|Lava Plume|p1a: Slowking
|-damage|p1a: Slowking|47/100
|
|-weather|none
|upkeep
|turn|15
|
|t:|1779935632
|move|p1a: Slowking|Sludge Bomb|p2a: Torkoal
|-damage|p2a: Torkoal|0 fnt
|faint|p2a: Torkoal
|
|upkeep
|
|t:|1779935635
|switch|p2a: Slither Wing|Slither Wing, shiny|100/100
|-damage|p2a: Slither Wing|88/100|[from] Stealth Rock
|turn|16
|
|t:|1779935643
|move|p2a: Slither Wing|Earthquake|p1a: Slowking
|-supereffective|p1a: Slowking
|-damage|p1a: Slowking|0 fnt
|faint|p1a: Slowking
|
|upkeep
|
|t:|1779935647
|switch|p1a: Tyranitar|Tyranitar, F, tera:Flying|28/100 brn
|-damage|p1a: Tyranitar|3/100 brn|[from] Stealth Rock
|-weather|Sandstorm|[from] ability: Sand Stream|[of] p1a: Tyranitar
|turn|17
|
|t:|1779935675
|-end|p2a: Slither Wing|Protosynthesis|[silent]
|switch|p2a: Macrophylla|Weepinbell, M|100/100
|-damage|p2a: Macrophylla|88/100|[from] Stealth Rock
|switch|p1a: Hydrapple|Hydrapple, M|100/100
|
|-weather|Sandstorm|[upkeep]
|-damage|p2a: Macrophylla|82/100|[from] Sandstorm
|-damage|p1a: Hydrapple|94/100|[from] Sandstorm
|upkeep
|turn|18
|
|t:|1779935732
|move|p2a: Macrophylla|Toxic|p1a: Hydrapple
|-status|p1a: Hydrapple|tox
|move|p1a: Hydrapple|Fickle Beam|p2a: Macrophylla
|-damage|p2a: Macrophylla|46/100
|
|-weather|Sandstorm|[upkeep]
|-damage|p2a: Macrophylla|40/100|[from] Sandstorm
|-damage|p1a: Hydrapple|88/100 tox|[from] Sandstorm
|-damage|p1a: Hydrapple|82/100 tox|[from] psn
|upkeep
|turn|19
|
|t:|1779935737
|move|p2a: Macrophylla|Strength Sap|p1a: Hydrapple
|-unboost|p1a: Hydrapple|atk|1
|-heal|p2a: Macrophylla|85/100
|move|p1a: Hydrapple|Fickle Beam|p2a: Macrophylla
|-damage|p2a: Macrophylla|49/100
|
|-weather|Sandstorm|[upkeep]
|-damage|p2a: Macrophylla|43/100|[from] Sandstorm
|-damage|p1a: Hydrapple|76/100 tox|[from] Sandstorm
|-damage|p1a: Hydrapple|63/100 tox|[from] psn
|upkeep
|turn|20
|
|t:|1779935747
|move|p2a: Macrophylla|Strength Sap|p1a: Hydrapple
|-unboost|p1a: Hydrapple|atk|1
|-heal|p2a: Macrophylla|72/100
|move|p1a: Hydrapple|Fickle Beam|p2a: Macrophylla|[anim] Fickle Beam All Out
|-activate|p1a: Hydrapple|move: Fickle Beam
|-damage|p2a: Macrophylla|4/100
|
|-weather|Sandstorm|[upkeep]
|-damage|p2a: Macrophylla|0 fnt|[from] Sandstorm
|-damage|p1a: Hydrapple|57/100 tox|[from] Sandstorm
|faint|p2a: Macrophylla
|-damage|p1a: Hydrapple|39/100 tox|[from] psn
|upkeep
|
|t:|1779935752
|switch|p2a: Iron Moth|Iron Moth|76/100
|-damage|p2a: Iron Moth|51/100|[from] Stealth Rock
|turn|21
|
|t:|1779935776
|switch|p1a: Zamazenta|Zamazenta|100/100
|-damage|p1a: Zamazenta|94/100|[from] Stealth Rock
|-ability|p1a: Zamazenta|Dauntless Shield|boost
|-boost|p1a: Zamazenta|def|1
|move|p2a: Iron Moth|Sludge Wave|p1a: Zamazenta
|-damage|p1a: Zamazenta|45/100
|
|-weather|Sandstorm|[upkeep]
|-damage|p1a: Zamazenta|39/100|[from] Sandstorm
|-damage|p2a: Iron Moth|45/100|[from] Sandstorm
|-heal|p1a: Zamazenta|45/100|[from] item: Leftovers
|upkeep
|turn|22
|
|t:|1779935824
|-terastallize|p2a: Iron Moth|Flying
|move|p2a: Iron Moth|Fiery Dance|p1a: Zamazenta
|-damage|p1a: Zamazenta|8/100
|-boost|p2a: Iron Moth|spa|1
|move|p1a: Zamazenta|Roar|p2a: Iron Moth
|-end|p2a: Iron Moth|Quark Drive|[silent]
|drag|p2a: Slither Wing|Slither Wing, shiny|88/100
|-damage|p2a: Slither Wing|76/100|[from] Stealth Rock
|
|-weather|Sandstorm|[upkeep]
|-damage|p1a: Zamazenta|2/100|[from] Sandstorm
|-damage|p2a: Slither Wing|70/100|[from] Sandstorm
|-heal|p1a: Zamazenta|8/100|[from] item: Leftovers
|upkeep
|turn|23
|
|t:|1779935850
|move|p1a: Zamazenta|Body Press|p2a: Slither Wing
|-resisted|p2a: Slither Wing
|-damage|p2a: Slither Wing|29/100
|move|p2a: Slither Wing|Earthquake|p1a: Zamazenta
|-damage|p1a: Zamazenta|0 fnt
|faint|p1a: Zamazenta
|
|-weather|Sandstorm|[upkeep]
|-damage|p2a: Slither Wing|23/100|[from] Sandstorm
|upkeep
|
|t:|1779935859
|switch|p1a: Hydrapple|Hydrapple, M|72/100 tox
|turn|24
|
|t:|1779935892
|move|p2a: Slither Wing|Earthquake|p1a: Hydrapple
|-resisted|p1a: Hydrapple
|-damage|p1a: Hydrapple|62/100 tox
|move|p1a: Hydrapple|Earth Power|p2a: Slither Wing
|-resisted|p2a: Slither Wing
|-damage|p2a: Slither Wing|15/100
|
|-weather|none
|-damage|p1a: Hydrapple|56/100 tox|[from] psn
|upkeep
|turn|25
|
|t:|1779935901
|-end|p2a: Slither Wing|Protosynthesis|[silent]
|switch|p2a: Iron Moth|Iron Moth, tera:Flying|45/100
|-damage|p2a: Iron Moth|20/100|[from] Stealth Rock
|move|p1a: Hydrapple|Fickle Beam|p2a: Iron Moth|[anim] Fickle Beam All Out
|-activate|p1a: Hydrapple|move: Fickle Beam
|-damage|p2a: Iron Moth|0 fnt
|faint|p2a: Iron Moth
|-end|p2a: Iron Moth|Quark Drive|[silent]
|
|-damage|p1a: Hydrapple|43/100 tox|[from] psn
|upkeep
|
|t:|1779935903
|switch|p2a: Slither Wing|Slither Wing, shiny|15/100
|-damage|p2a: Slither Wing|3/100|[from] Stealth Rock
|turn|26
|
|t:|1779935912
|move|p2a: Slither Wing|First Impression|p1a: Hydrapple
|-supereffective|p1a: Hydrapple
|-damage|p1a: Hydrapple|0 fnt
|faint|p1a: Hydrapple
|
|upkeep
|
|t:|1779935915
|switch|p1a: Tyranitar|Tyranitar, F, tera:Flying|3/100 brn
|-damage|p1a: Tyranitar|0 fnt|[from] Stealth Rock
|faint|p1a: Tyranitar
|
|t:|1779935919
|switch|p1a: Excadrill|Excadrill, F|100/100
|-damage|p1a: Excadrill|97/100|[from] Stealth Rock
|-item|p1a: Excadrill|Air Balloon
|turn|27
|
|t:|1779935930
|move|p1a: Excadrill|Rapid Spin|p2a: Slither Wing
|-crit|p2a: Slither Wing
|-damage|p2a: Slither Wing|0 fnt
|-boost|p1a: Excadrill|spe|1
|-sideend|p1: fr0ggers|Stealth Rock|[from] move: Rapid Spin|[of] p1a: Excadrill
|faint|p2a: Slither Wing
|-end|p2a: Slither Wing|Protosynthesis|[silent]
|
|win|fr0ggers
|raw|fr0ggers's rating: 1186 &rarr; <strong>1207</strong><br />(+21 for winning)
|raw|TheLump's rating: 1124 &rarr; <strong>1103</strong><br />(-21 for losing)
|l|☆TheLump
|player|p2|
|l|☆fr0ggers
|player|p1|
