|j|☆Cpt-Yesterday
|j|☆SlNGULARlTY
|t:|1779833979
|gametype|singles
|player|p1|Cpt-Yesterday|beauty-gen4dp|1515
|player|p2|SlNGULARlTY|koga|1493
|gen|9
|tier|[Gen 9] OU
|rated|
|rule|HP Percentage Mod: HP is shown in percentages
|rule|Endless Battle Clause: Forcing endless battles is banned
|rule|Species Clause: Limit one of each Pokémon
|rule|OHKO Clause: OHKO moves are banned
|rule|Evasion Items Clause: Evasion items are banned
|rule|Evasion Moves Clause: Evasion moves are banned
|rule|Evasion Abilities Clause: Evasion abilities are banned
|rule|Sleep Moves Clause: Sleep-inducing moves are banned
|clearpoke
|poke|p1|Zapdos|
|poke|p1|Iron Treads|
|poke|p1|Samurott-Hisui, M|
|poke|p1|Ceruledge, F|
|poke|p1|Gholdengo|
|poke|p1|Kingambit, M|
|poke|p2|Ogerpon-Wellspring, F|
|poke|p2|Moltres|
|poke|p2|Gholdengo|
|poke|p2|Garganacl, M|
|poke|p2|Hatterene, F|
|poke|p2|Heatran, M|
|teampreview
|inactive|Battle timer is ON: inactive players will automatically lose when time's up. (requested by SlNGULARlTY)
|
|t:|1779833994
|teamsize|p1|6
|teamsize|p2|6
|start
|switch|p1a: Gholdengo|Gholdengo|100/100
|switch|p2a: Hatterene|Hatterene, F|100/100
|-item|p1a: Gholdengo|Air Balloon
|turn|1
|
|t:|1779834000
|switch|p1a: Samurott|Samurott-Hisui, M|100/100
|switch|p2a: Moltres|Moltres|100/100
|
|upkeep
|turn|2
|
|t:|1779834008
|switch|p2a: Hatterene|Hatterene, F|100/100
|move|p1a: Samurott|Knock Off|p2a: Hatterene
|-damage|p2a: Hatterene|62/100
|-damage|p1a: Samurott|84/100|[from] item: Rocky Helmet|[of] p2a: Hatterene
|-enditem|p2a: Hatterene|Rocky Helmet|[from] move: Knock Off|[of] p1a: Samurott
|
|upkeep
|turn|3
|
|t:|1779834016
|move|p1a: Samurott|Razor Shell|p2a: Hatterene
|-damage|p2a: Hatterene|23/100
|move|p2a: Hatterene|Nuzzle|p1a: Samurott
|-supereffective|p1a: Samurott
|-damage|p1a: Samurott|76/100
|-status|p1a: Samurott|par
|
|upkeep
|turn|4
|
|t:|1779834021
|move|p1a: Samurott|Ceaseless Edge|p2a: Hatterene|[miss]
|-miss|p1a: Samurott|p2a: Hatterene
|move|p2a: Hatterene|Draining Kiss|p1a: Samurott
|-supereffective|p1a: Samurott
|-damage|p1a: Samurott|43/100 par
|-heal|p2a: Hatterene|53/100|[from] drain|[of] p1a: Samurott
|
|upkeep
|turn|5
|
|t:|1779834024
|move|p1a: Samurott|Ceaseless Edge|p2a: Hatterene
|-damage|p2a: Hatterene|15/100
|-sidestart|p2: SlNGULARlTY|Spikes
|move|p2a: Hatterene|Draining Kiss|p1a: Samurott
|-supereffective|p1a: Samurott
|-damage|p1a: Samurott|8/100 par
|-heal|p2a: Hatterene|46/100|[from] drain|[of] p1a: Samurott
|
|upkeep
|turn|6
|
|t:|1779834029
|move|p1a: Samurott|Ceaseless Edge|p2a: Hatterene
|-damage|p2a: Hatterene|10/100
|-sidestart|p2: SlNGULARlTY|Spikes
|move|p2a: Hatterene|Draining Kiss|p1a: Samurott
|-supereffective|p1a: Samurott
|-damage|p1a: Samurott|0 fnt
|-heal|p2a: Hatterene|17/100|[from] drain|[of] p1a: Samurott
|faint|p1a: Samurott
|
|upkeep
|
|t:|1779834036
|switch|p1a: Iron Treads|Iron Treads|100/100
|turn|7
|
|t:|1779834040
|switch|p2a: Moltres|Moltres|100/100
|move|p1a: Iron Treads|Knock Off|p2a: Moltres
|-damage|p2a: Moltres|80/100
|-enditem|p2a: Moltres|Heavy-Duty Boots|[from] move: Knock Off|[of] p1a: Iron Treads
|
|upkeep
|turn|8
|
|t:|1779834048
|-end|p1a: Iron Treads|Quark Drive|[silent]
|switch|p1a: Gholdengo|Gholdengo|100/100
|-item|p1a: Gholdengo|Air Balloon
|move|p2a: Moltres|Flamethrower|p1a: Gholdengo
|-supereffective|p1a: Gholdengo
|-damage|p1a: Gholdengo|21/100
|-enditem|p1a: Gholdengo|Air Balloon
|
|upkeep
|turn|9
|
|t:|1779834051
|move|p2a: Moltres|Flamethrower|p1a: Gholdengo
|-supereffective|p1a: Gholdengo
|-damage|p1a: Gholdengo|0 fnt
|faint|p1a: Gholdengo
|
|upkeep
|
|t:|1779834056
|switch|p1a: Ceruledge|Ceruledge, F|100/100
|turn|10
|
|t:|1779834059
|move|p2a: Moltres|U-turn|p1a: Ceruledge
|-resisted|p1a: Ceruledge
|-damage|p1a: Ceruledge|96/100
|-ability|p1a: Ceruledge|Weak Armor|boost
|-unboost|p1a: Ceruledge|def|1
|-boost|p1a: Ceruledge|spe|2
|
|t:|1779834061
|switch|p2a: Hatterene|Hatterene, F|17/100|[from] U-turn
|-damage|p2a: Hatterene|0 fnt|[from] Spikes
|faint|p2a: Hatterene
|move|p1a: Ceruledge|Swords Dance|p1a: Ceruledge
|-boost|p1a: Ceruledge|atk|2
|
|upkeep
|
|t:|1779834063
|switch|p2a: Garganacl|Garganacl, M|100/100
|-damage|p2a: Garganacl|84/100|[from] Spikes
|turn|11
|
|t:|1779834072
|switch|p2a: Gholdengo|Gholdengo|100/100
|-item|p2a: Gholdengo|Air Balloon
|-terastallize|p1a: Ceruledge|Fairy
|move|p1a: Ceruledge|Poltergeist|p2a: Gholdengo
|-activate|p2a: Gholdengo|move: Poltergeist|Air Balloon
|-supereffective|p2a: Gholdengo
|-damage|p2a: Gholdengo|0 fnt
|-enditem|p2a: Gholdengo|Air Balloon
|faint|p2a: Gholdengo
|
|upkeep
|
|t:|1779834080
|switch|p2a: Moltres|Moltres|80/100
|turn|12
|
|t:|1779834085
|move|p1a: Ceruledge|Poltergeist||[still]
|-fail|p1a: Ceruledge
|move|p2a: Moltres|Will-O-Wisp|p1a: Ceruledge
|-status|p1a: Ceruledge|brn
|
|-damage|p1a: Ceruledge|90/100 brn|[from] brn
|upkeep
|turn|13
|
|t:|1779834091
|move|p1a: Ceruledge|Swords Dance|p1a: Ceruledge
|-boost|p1a: Ceruledge|atk|2
|move|p2a: Moltres|Flamethrower|p1a: Ceruledge
|-damage|p1a: Ceruledge|51/100 brn
|
|-damage|p1a: Ceruledge|45/100 brn|[from] brn
|upkeep
|turn|14
|
|t:|1779834094
|move|p1a: Ceruledge|Bitter Blade|p2a: Moltres
|-resisted|p2a: Moltres
|-damage|p2a: Moltres|55/100
|-heal|p1a: Ceruledge|59/100 brn|[from] drain|[of] p2a: Moltres
|move|p2a: Moltres|Flamethrower|p1a: Ceruledge
|-damage|p1a: Ceruledge|19/100 brn
|
|-damage|p1a: Ceruledge|13/100 brn|[from] brn
|upkeep
|turn|15
|
|t:|1779834099
|switch|p1a: Zapdos|Zapdos|100/100
|move|p2a: Moltres|Roost|p2a: Moltres
|-heal|p2a: Moltres|100/100
|-singleturn|p2a: Moltres|move: Roost
|
|upkeep
|turn|16
|
|t:|1779834104
|switch|p2a: Garganacl|Garganacl, M|84/100
|-damage|p2a: Garganacl|67/100|[from] Spikes
|move|p1a: Zapdos|Thunder Wave|p2a: Garganacl
|-immune|p2a: Garganacl|[from] ability: Purifying Salt
|
|-heal|p2a: Garganacl|74/100|[from] item: Leftovers
|upkeep
|turn|17
|
|t:|1779834106
|move|p1a: Zapdos|Volt Switch|p2a: Garganacl
|-damage|p2a: Garganacl|55/100
|
|t:|1779834110
|switch|p1a: Ceruledge|Ceruledge, F, tera:Fairy|13/100 brn|[from] Volt Switch
|move|p2a: Garganacl|Salt Cure|p1a: Ceruledge
|-damage|p1a: Ceruledge|0 fnt
|faint|p1a: Ceruledge
|
|-heal|p2a: Garganacl|61/100|[from] item: Leftovers
|upkeep
|
|t:|1779834112
|switch|p1a: Iron Treads|Iron Treads|100/100
|turn|18
|
|t:|1779834115
|-end|p1a: Iron Treads|Quark Drive|[silent]
|switch|p1a: Zapdos|Zapdos|100/100
|switch|p2a: Moltres|Moltres|100/100
|
|upkeep
|turn|19
|
|t:|1779834120
|-terastallize|p2a: Moltres|Grass
|move|p1a: Zapdos|Volt Switch|p2a: Moltres
|-resisted|p2a: Moltres
|-damage|p2a: Moltres|85/100
|
|t:|1779834126
|switch|p1a: Iron Treads|Iron Treads|100/100|[from] Volt Switch
|move|p2a: Moltres|Will-O-Wisp|p1a: Iron Treads
|-status|p1a: Iron Treads|brn
|
|-damage|p1a: Iron Treads|94/100 brn|[from] brn
|upkeep
|turn|20
|
|t:|1779834128
|move|p1a: Iron Treads|Stealth Rock|p2a: Moltres
|-sidestart|p2: SlNGULARlTY|move: Stealth Rock
|move|p2a: Moltres|Flamethrower|p1a: Iron Treads
|-supereffective|p1a: Iron Treads
|-damage|p1a: Iron Treads|0 fnt
|faint|p1a: Iron Treads
|-end|p1a: Iron Treads|Quark Drive|[silent]
|
|upkeep
|
|t:|1779834132
|switch|p1a: Zapdos|Zapdos|100/100
|turn|21
|
|t:|1779834136
|switch|p2a: Ogerpon|Ogerpon-Wellspring, F|100/100
|-damage|p2a: Ogerpon|84/100|[from] Spikes
|-damage|p2a: Ogerpon|72/100|[from] Stealth Rock
|move|p1a: Zapdos|Hurricane|p2a: Ogerpon|[miss]
|-miss|p1a: Zapdos|p2a: Ogerpon
|
|upkeep
|turn|22
|
|t:|1779834142
|move|p2a: Ogerpon|Ivy Cudgel|p1a: Zapdos|[anim] Ivy Cudgel Water
|-damage|p1a: Zapdos|61/100
|move|p1a: Zapdos|Hurricane|p2a: Ogerpon
|-supereffective|p2a: Ogerpon
|-damage|p2a: Ogerpon|0 fnt
|faint|p2a: Ogerpon
|
|upkeep
|c|☆SlNGULARlTY|lol
|c|☆SlNGULARlTY|Didnt matter
|
|t:|1779834150
|switch|p2a: Heatran|Heatran, M|100/100
|-damage|p2a: Heatran|84/100|[from] Spikes
|-damage|p2a: Heatran|72/100|[from] Stealth Rock
|turn|23
|
|t:|1779834156
|move|p2a: Heatran|Magma Storm|p1a: Zapdos
|-damage|p1a: Zapdos|0 fnt
|faint|p1a: Zapdos
|
|upkeep
|
|t:|1779834159
|switch|p1a: Kingambit|Kingambit, M|100/100
|-activate|p1a: Kingambit|ability: Supreme Overlord
|-start|p1a: Kingambit|fallen5|[silent]
|turn|24
|
|t:|1779834169
|move|p2a: Heatran|Magma Storm|p1a: Kingambit
|-supereffective|p1a: Kingambit
|-damage|p1a: Kingambit|0 fnt
|faint|p1a: Kingambit
|-end|p1a: Kingambit|fallen5|[silent]
|
|win|SlNGULARlTY
|raw|Cpt-Yesterday's rating: 1515 &rarr; <strong>1494</strong><br />(-21 for losing)
|raw|SlNGULARlTY's rating: 1493 &rarr; <strong>1514</strong><br />(+21 for winning)
|l|☆Cpt-Yesterday
|player|p1|
