|j|☆merlin sword
|j|☆Bigger Yeagle
|t:|1779905185
|gametype|singles
|player|p1|merlin sword|hiker-gen4|1554
|player|p2|Bigger Yeagle|1|1530
|gen|9
|tier|[Gen 9] OU
|rated|
|rule|HP Percentage Mod: HP is shown in percentages
|rule|Endless Battle Clause: Forcing endless battles is banned
|rule|Species Clause: Limit one of each Pokémon
|rule|OHKO Clause: OHKO moves are banned
|rule|Evasion Items Clause: Evasion items are banned
|rule|Evasion Moves Clause: Evasion moves are banned
|rule|Evasion Abilities Clause: Evasion abilities are banned
|rule|Sleep Moves Clause: Sleep-inducing moves are banned
|clearpoke
|poke|p1|Dragonite, F|
|poke|p1|Hatterene, F|
|poke|p1|Weavile, F|
|poke|p1|Ogerpon-Wellspring, F|
|poke|p1|Kingambit, F|
|poke|p1|Great Tusk|
|poke|p2|Regieleki|
|poke|p2|Raging Bolt|
|poke|p2|Hatterene, F|
|poke|p2|Ogerpon-Wellspring, F|
|poke|p2|Iron Crown|
|poke|p2|Ting-Lu|
|teampreview
|j| yuureisuisei
|
|t:|1779905195
|teamsize|p1|6
|teamsize|p2|6
|start
|switch|p1a: Weavile|Weavile, F|100/100
|switch|p2a: Raging Bolt|Raging Bolt|100/100
|turn|1
|
|t:|1779905204
|-end|p2a: Raging Bolt|Protosynthesis|[silent]
|switch|p2a: Hatterene|Hatterene, F|100/100
|move|p1a: Weavile|Icicle Crash|p2a: Hatterene
|-damage|p2a: Hatterene|67/100
|
|upkeep
|turn|2
|
|t:|1779905213
|move|p1a: Weavile|Beat Up|p2a: Hatterene
|-damage|p2a: Hatterene|59/100
|-damage|p2a: Hatterene|53/100
|-damage|p2a: Hatterene|45/100
|-damage|p2a: Hatterene|38/100
|-damage|p2a: Hatterene|31/100
|-damage|p2a: Hatterene|24/100
|-hitcount|p2a: Hatterene|6
|move|p2a: Hatterene|Draining Kiss|p1a: Weavile
|-supereffective|p1a: Weavile
|-damage|p1a: Weavile|36/100
|-heal|p2a: Hatterene|67/100|[from] drain|[of] p1a: Weavile
|
|upkeep
|turn|3
|
|t:|1779905229
|move|p1a: Weavile|Beat Up|p2a: Hatterene
|-crit|p2a: Hatterene
|-damage|p2a: Hatterene|57/100
|-damage|p2a: Hatterene|51/100
|-damage|p2a: Hatterene|44/100
|-damage|p2a: Hatterene|37/100
|-damage|p2a: Hatterene|29/100
|-damage|p2a: Hatterene|22/100
|-hitcount|p2a: Hatterene|6
|move|p2a: Hatterene|Draining Kiss|p1a: Weavile
|-supereffective|p1a: Weavile
|-damage|p1a: Weavile|0 fnt
|-heal|p2a: Hatterene|45/100|[from] drain|[of] p1a: Weavile
|faint|p1a: Weavile
|
|upkeep
|
|t:|1779905248
|switch|p1a: Kingambit|Kingambit, F|100/100
|-activate|p1a: Kingambit|ability: Supreme Overlord
|-start|p1a: Kingambit|fallen1|[silent]
|turn|4
|
|t:|1779905264
|switch|p2a: Ting-Lu|Ting-Lu|100/100
|-ability|p2a: Ting-Lu|Vessel of Ruin
|move|p1a: Kingambit|Iron Head|p2a: Ting-Lu
|-damage|p2a: Ting-Lu|78/100
|
|-heal|p2a: Ting-Lu|85/100|[from] item: Leftovers
|upkeep
|turn|5
|
|t:|1779905279
|-end|p1a: Kingambit|fallen1|[silent]
|switch|p1a: Great Tusk|Great Tusk|100/100
|move|p2a: Ting-Lu|Earthquake|p1a: Great Tusk
|-damage|p1a: Great Tusk|73/100
|
|-heal|p2a: Ting-Lu|91/100|[from] item: Leftovers
|upkeep
|turn|6
|
|t:|1779905288
|switch|p2a: Ogerpon|Ogerpon-Wellspring, F|100/100
|move|p1a: Great Tusk|Close Combat|p2a: Ogerpon
|-damage|p2a: Ogerpon|17/100
|-unboost|p1a: Great Tusk|def|1
|-unboost|p1a: Great Tusk|spd|1
|
|upkeep
|turn|7
|
|t:|1779905295
|-end|p1a: Great Tusk|Protosynthesis|[silent]
|switch|p1a: Ogerpon|Ogerpon-Wellspring, F|100/100
|move|p2a: Ogerpon|Power Whip|p1a: Ogerpon
|-damage|p1a: Ogerpon|14/100
|
|upkeep
|turn|8
|
|t:|1779905302
|switch|p2a: Raging Bolt|Raging Bolt|100/100
|move|p1a: Ogerpon|Play Rough|p2a: Raging Bolt
|-supereffective|p2a: Raging Bolt
|-damage|p2a: Raging Bolt|40/100
|
|upkeep
|turn|9
|
|t:|1779905311
|move|p2a: Raging Bolt|Thunderclap|p1a: Ogerpon
|-damage|p1a: Ogerpon|0 fnt
|faint|p1a: Ogerpon
|
|upkeep
|
|t:|1779905314
|switch|p1a: Dragonite|Dragonite, F|100/100
|turn|10
|
|t:|1779905318
|-end|p2a: Raging Bolt|Protosynthesis|[silent]
|switch|p2a: Hatterene|Hatterene, F|45/100
|move|p1a: Dragonite|Encore|p2a: Hatterene
|move|p2a: Hatterene|Encore||[from] ability: Magic Bounce|[still]
|-fail|p2a: Hatterene
|
|upkeep
|turn|11
|
|t:|1779905324
|switch|p1a: Kingambit|Kingambit, F|100/100
|-activate|p1a: Kingambit|ability: Supreme Overlord
|-start|p1a: Kingambit|fallen2|[silent]
|move|p2a: Hatterene|Draining Kiss|p1a: Kingambit
|-damage|p1a: Kingambit|76/100
|-heal|p2a: Hatterene|65/100|[from] drain|[of] p1a: Kingambit
|
|upkeep
|turn|12
|
|t:|1779905329
|switch|p2a: Ting-Lu|Ting-Lu|91/100
|-ability|p2a: Ting-Lu|Vessel of Ruin
|move|p1a: Kingambit|Iron Head|p2a: Ting-Lu
|-damage|p2a: Ting-Lu|68/100
|
|-heal|p2a: Ting-Lu|75/100|[from] item: Leftovers
|upkeep
|turn|13
|
|t:|1779905340
|-end|p1a: Kingambit|fallen2|[silent]
|switch|p1a: Great Tusk|Great Tusk|73/100
|move|p2a: Ting-Lu|Earthquake|p1a: Great Tusk
|-damage|p1a: Great Tusk|46/100
|
|-heal|p2a: Ting-Lu|81/100|[from] item: Leftovers
|upkeep
|turn|14
|
|t:|1779905346
|switch|p2a: Hatterene|Hatterene, F|65/100
|move|p1a: Great Tusk|Ice Spinner|p2a: Hatterene
|-damage|p2a: Hatterene|40/100
|-damage|p1a: Great Tusk|30/100|[from] item: Rocky Helmet|[of] p2a: Hatterene
|
|upkeep
|turn|15
|
|t:|1779905353
|move|p1a: Great Tusk|Headlong Rush|p2a: Hatterene
|-damage|p2a: Hatterene|0 fnt
|-unboost|p1a: Great Tusk|def|1
|-unboost|p1a: Great Tusk|spd|1
|-damage|p1a: Great Tusk|13/100|[from] item: Rocky Helmet|[of] p2a: Hatterene
|faint|p2a: Hatterene
|
|upkeep
|
|t:|1779905360
|switch|p2a: Iron Crown|Iron Crown|100/100
|turn|16
|
|t:|1779905364
|move|p2a: Iron Crown|Tachyon Cutter|p1a: Great Tusk
|-damage|p1a: Great Tusk|0 fnt
|faint|p1a: Great Tusk
|-end|p1a: Great Tusk|Protosynthesis|[silent]
|-hitcount|p1: Great Tusk|1
|
|upkeep
|
|t:|1779905374
|switch|p1a: Dragonite|Dragonite, F|100/100
|turn|17
|
|t:|1779905377
|move|p2a: Iron Crown|Volt Switch|p1a: Dragonite
|-damage|p1a: Dragonite|88/100
|
|t:|1779905381
|-end|p2a: Iron Crown|Quark Drive|[silent]
|switch|p2a: Ting-Lu|Ting-Lu|81/100|[from] Volt Switch
|-ability|p2a: Ting-Lu|Vessel of Ruin
|move|p1a: Dragonite|Dragon Dance|p1a: Dragonite
|-boost|p1a: Dragonite|atk|1
|-boost|p1a: Dragonite|spe|1
|
|-heal|p1a: Dragonite|94/100|[from] item: Leftovers
|-heal|p2a: Ting-Lu|87/100|[from] item: Leftovers
|upkeep
|turn|18
|
|t:|1779905384
|move|p1a: Dragonite|Ice Spinner|p2a: Ting-Lu
|-supereffective|p2a: Ting-Lu
|-damage|p2a: Ting-Lu|50/100
|move|p2a: Ting-Lu|Whirlwind|p1a: Dragonite
|drag|p1a: Hatterene|Hatterene, F|100/100
|
|-heal|p2a: Ting-Lu|57/100|[from] item: Leftovers
|upkeep
|turn|19
|
|t:|1779905392
|switch|p2a: Iron Crown|Iron Crown|100/100
|move|p1a: Hatterene|Draining Kiss|p2a: Iron Crown
|-resisted|p2a: Iron Crown
|-damage|p2a: Iron Crown|93/100
|
|upkeep
|turn|20
|
|t:|1779905398
|move|p2a: Iron Crown|Volt Switch|p1a: Hatterene
|-damage|p1a: Hatterene|77/100
|
|t:|1779905405
|-end|p2a: Iron Crown|Quark Drive|[silent]
|switch|p2a: Ogerpon|Ogerpon-Wellspring, F|17/100|[from] Volt Switch
|move|p1a: Hatterene|Nuzzle|p2a: Ogerpon
|-damage|p2a: Ogerpon|11/100
|-status|p2a: Ogerpon|par
|
|upkeep
|turn|21
|
|t:|1779905409
|move|p2a: Ogerpon|Ivy Cudgel|p1a: Hatterene|[anim] Ivy Cudgel Water
|-damage|p1a: Hatterene|34/100
|move|p1a: Hatterene|Draining Kiss|p2a: Ogerpon
|-damage|p2a: Ogerpon|0 fnt
|-heal|p1a: Hatterene|41/100|[from] drain|[of] p2a: Ogerpon
|faint|p2a: Ogerpon
|
|upkeep
|
|t:|1779905414
|switch|p2a: Regieleki|Regieleki|100/100
|turn|22
|
|t:|1779905418
|move|p2a: Regieleki|Volt Switch|p1a: Hatterene
|-damage|p1a: Hatterene|0 fnt
|faint|p1a: Hatterene
|
|t:|1779905426
|switch|p2a: Iron Crown|Iron Crown|93/100|[from] Volt Switch
|
|upkeep
|
|t:|1779905434
|switch|p1a: Kingambit|Kingambit, F|76/100
|-activate|p1a: Kingambit|ability: Supreme Overlord
|-start|p1a: Kingambit|fallen4|[silent]
|turn|23
|
|t:|1779905446
|-end|p2a: Iron Crown|Quark Drive|[silent]
|switch|p2a: Ting-Lu|Ting-Lu|57/100
|-ability|p2a: Ting-Lu|Vessel of Ruin
|-terastallize|p1a: Kingambit|Fairy
|move|p1a: Kingambit|Swords Dance|p1a: Kingambit
|-boost|p1a: Kingambit|atk|2
|
|-heal|p2a: Ting-Lu|63/100|[from] item: Leftovers
|upkeep
|turn|24
|
|t:|1779905451
|move|p1a: Kingambit|Iron Head|p2a: Ting-Lu
|-damage|p2a: Ting-Lu|9/100
|move|p2a: Ting-Lu|Ruination|p1a: Kingambit
|-damage|p1a: Kingambit|38/100
|
|-heal|p2a: Ting-Lu|15/100|[from] item: Leftovers
|upkeep
|turn|25
|
|t:|1779905457
|move|p1a: Kingambit|Iron Head|p2a: Ting-Lu
|-damage|p2a: Ting-Lu|0 fnt
|faint|p2a: Ting-Lu
|
|upkeep
|
|t:|1779905462
|switch|p2a: Raging Bolt|Raging Bolt|40/100
|turn|26
|
|t:|1779905467
|-end|p1a: Kingambit|fallen4|[silent]
|switch|p1a: Dragonite|Dragonite, F|94/100
|move|p2a: Raging Bolt|Thunderclap||[still]
|-fail|p2a: Raging Bolt
|
|-heal|p1a: Dragonite|100/100|[from] item: Leftovers
|upkeep
|turn|27
|
|t:|1779905473
|-end|p2a: Raging Bolt|Protosynthesis|[silent]
|switch|p2a: Regieleki|Regieleki|100/100
|move|p1a: Dragonite|Dragon Dance|p1a: Dragonite
|-boost|p1a: Dragonite|atk|1
|-boost|p1a: Dragonite|spe|1
|
|upkeep
|turn|28
|
|t:|1779905481
|move|p2a: Regieleki|Volt Switch|p1a: Dragonite
|-damage|p1a: Dragonite|66/100
|
|t:|1779905492
|switch|p2a: Raging Bolt|Raging Bolt|40/100|[from] Volt Switch
|move|p1a: Dragonite|Earthquake|p2a: Raging Bolt
|-supereffective|p2a: Raging Bolt
|-damage|p2a: Raging Bolt|0 fnt
|faint|p2a: Raging Bolt
|-end|p2a: Raging Bolt|Protosynthesis|[silent]
|
|-heal|p1a: Dragonite|73/100|[from] item: Leftovers
|upkeep
|
|t:|1779905494
|switch|p2a: Regieleki|Regieleki|100/100
|turn|29
|
|t:|1779905498
|move|p2a: Regieleki|Thunderbolt|p1a: Dragonite
|-damage|p1a: Dragonite|0 fnt
|faint|p1a: Dragonite
|
|upkeep
|
|t:|1779905502
|switch|p1a: Kingambit|Kingambit, F, tera:Fairy|38/100
|-activate|p1a: Kingambit|ability: Supreme Overlord
|-start|p1a: Kingambit|fallen5|[silent]
|turn|30
|
|t:|1779905505
|move|p1a: Kingambit|Sucker Punch|p2a: Regieleki
|-damage|p2a: Regieleki|0 fnt
|faint|p2a: Regieleki
|
|upkeep
|
|t:|1779905507
|switch|p2a: Iron Crown|Iron Crown|93/100
|turn|31
|
|t:|1779905510
|-terastallize|p2a: Iron Crown|Fighting
|move|p1a: Kingambit|Sucker Punch|p2a: Iron Crown
|-resisted|p2a: Iron Crown
|-damage|p2a: Iron Crown|60/100
|move|p2a: Iron Crown|Tachyon Cutter|p1a: Kingambit
|-supereffective|p1a: Kingambit
|-damage|p1a: Kingambit|0 fnt
|faint|p1a: Kingambit
|-end|p1a: Kingambit|fallen5|[silent]
|-hitcount|p1: Kingambit|1
|
|win|Bigger Yeagle
|raw|merlin sword's rating: 1554 &rarr; <strong>1533</strong><br />(-21 for losing)
|raw|Bigger Yeagle's rating: 1530 &rarr; <strong>1551</strong><br />(+21 for winning)
|l|☆merlin sword
|player|p1|
|l|☆Bigger Yeagle
|player|p2|
