|j|☆never say glhf
|j|☆Arcosara
|t:|1779897203
|gametype|singles
|player|p1|never say glhf|gwynn|1409
|player|p2|Arcosara|adaman|1425
|gen|9
|tier|[Gen 9] OU
|rated|
|rule|HP Percentage Mod: HP is shown in percentages
|rule|Endless Battle Clause: Forcing endless battles is banned
|rule|Species Clause: Limit one of each Pokémon
|rule|OHKO Clause: OHKO moves are banned
|rule|Evasion Items Clause: Evasion items are banned
|rule|Evasion Moves Clause: Evasion moves are banned
|rule|Evasion Abilities Clause: Evasion abilities are banned
|rule|Sleep Moves Clause: Sleep-inducing moves are banned
|clearpoke
|poke|p1|Ceruledge, M|
|poke|p1|Hatterene, F|
|poke|p1|Iron Treads|
|poke|p1|Ogerpon-Wellspring, F|
|poke|p1|Darkrai|
|poke|p1|Zapdos|
|poke|p2|Gholdengo|
|poke|p2|Dragonite, F|
|poke|p2|Ogerpon-Wellspring, F|
|poke|p2|Slowking-Galar, M|
|poke|p2|Landorus-Therian, M|
|poke|p2|Deoxys-Speed|
|teampreview
|inactive|Battle timer is ON: inactive players will automatically lose when time's up. (requested by never say glhf)
|
|t:|1779897216
|teamsize|p1|6
|teamsize|p2|6
|start
|switch|p1a: Iron Treads|Iron Treads|100/100
|switch|p2a: Deoxys|Deoxys-Speed|100/100
|-ability|p2a: Deoxys|Pressure
|-enditem|p1a: Iron Treads|Booster Energy
|-activate|p1a: Iron Treads|ability: Quark Drive|[fromitem]
|-start|p1a: Iron Treads|quarkdrivespe
|turn|1
|
|t:|1779897220
|switch|p2a: Landorus|Landorus-Therian, M|100/100
|-ability|p2a: Landorus|Intimidate|boost
|-unboost|p1a: Iron Treads|atk|1
|move|p1a: Iron Treads|Knock Off|p2a: Landorus
|-damage|p2a: Landorus|80/100
|-damage|p1a: Iron Treads|84/100|[from] item: Rocky Helmet|[of] p2a: Landorus
|-enditem|p2a: Landorus|Rocky Helmet|[from] move: Knock Off|[of] p1a: Iron Treads
|
|upkeep
|turn|2
|
|t:|1779897226
|move|p1a: Iron Treads|Stealth Rock|p2a: Landorus
|-sidestart|p2: Arcosara|move: Stealth Rock
|move|p2a: Landorus|Stealth Rock|p1a: Iron Treads
|-sidestart|p1: never say glhf|move: Stealth Rock
|
|upkeep
|turn|3
|
|t:|1779897229
|move|p1a: Iron Treads|Rapid Spin|p2a: Landorus
|-crit|p2a: Landorus
|-damage|p2a: Landorus|55/100
|-boost|p1a: Iron Treads|spe|1
|-sideend|p1: never say glhf|Stealth Rock|[from] move: Rapid Spin|[of] p1a: Iron Treads
|move|p2a: Landorus|Earth Power|p1a: Iron Treads
|-supereffective|p1a: Iron Treads
|-damage|p1a: Iron Treads|0 fnt
|faint|p1a: Iron Treads
|-end|p1a: Iron Treads|Quark Drive|[silent]
|
|upkeep
|
|t:|1779897242
|switch|p1a: Ogerpon|Ogerpon-Wellspring, F|100/100
|turn|4
|
|t:|1779897247
|move|p1a: Ogerpon|Trailblaze|p2a: Landorus
|-damage|p2a: Landorus|25/100
|-boost|p1a: Ogerpon|spe|1
|move|p2a: Landorus|U-turn|p1a: Ogerpon
|-supereffective|p1a: Ogerpon
|-damage|p1a: Ogerpon|47/100
|
|t:|1779897272
|switch|p2a: Gholdengo|Gholdengo|100/100|[from] U-turn
|-damage|p2a: Gholdengo|94/100|[from] Stealth Rock
|
|upkeep
|turn|5
|inactive|never say glhf has 120 seconds left.
|
|t:|1779897307
|switch|p1a: Zapdos|Zapdos|100/100
|move|p2a: Gholdengo|Shadow Ball|p1a: Zapdos
|-damage|p1a: Zapdos|69/100
|
|upkeep
|turn|6
|inactive|never say glhf has 120 seconds left.
|
|t:|1779897317
|move|p2a: Gholdengo|Shadow Ball|p1a: Zapdos
|-damage|p1a: Zapdos|41/100
|-unboost|p1a: Zapdos|spd|1
|move|p1a: Zapdos|Hurricane|p2a: Gholdengo
|-resisted|p2a: Gholdengo
|-damage|p2a: Gholdengo|68/100
|
|upkeep
|turn|7
|
|t:|1779897325
|switch|p1a: Darkrai|Darkrai|100/100
|move|p2a: Gholdengo|Shadow Ball|p1a: Darkrai
|-resisted|p1a: Darkrai
|-damage|p1a: Darkrai|72/100
|
|upkeep
|turn|8
|
|t:|1779897333
|switch|p2a: Slowking|Slowking-Galar, M|100/100
|move|p1a: Darkrai|Dark Pulse|p2a: Slowking
|-supereffective|p2a: Slowking
|-damage|p2a: Slowking|48/100
|
|upkeep
|turn|9
|
|t:|1779897343
|-terastallize|p2a: Slowking|Water
|move|p1a: Darkrai|Dark Pulse|p2a: Slowking
|-damage|p2a: Slowking|23/100
|-prepare|p2a: Slowking|Chilly Reception|[premajor]
|move|p2a: Slowking|Chilly Reception|p2a: Slowking
|-weather|Snowscape
|
|t:|1779897348
|switch|p2a: Deoxys|Deoxys-Speed|100/100|[from] Chilly Reception
|-damage|p2a: Deoxys|88/100|[from] Stealth Rock
|-ability|p2a: Deoxys|Pressure
|
|-weather|Snowscape|[upkeep]
|upkeep
|turn|10
|
|t:|1779897351
|move|p1a: Darkrai|Dark Pulse|p2a: Deoxys
|-supereffective|p2a: Deoxys
|-damage|p2a: Deoxys|0 fnt
|faint|p2a: Deoxys
|
|-weather|Snowscape|[upkeep]
|upkeep
|
|t:|1779897357
|switch|p2a: Dragonite|Dragonite, F, shiny|100/100
|turn|11
|
|t:|1779897361
|switch|p1a: Hatterene|Hatterene, F|100/100
|move|p2a: Dragonite|Dragon Dance|p2a: Dragonite
|-boost|p2a: Dragonite|atk|1
|-boost|p2a: Dragonite|spe|1
|
|-weather|Snowscape|[upkeep]
|upkeep
|turn|12
|
|t:|1779897366
|switch|p2a: Slowking|Slowking-Galar, M, tera:Water|56/100
|move|p1a: Hatterene|Nuzzle|p2a: Slowking
|-supereffective|p2a: Slowking
|-damage|p2a: Slowking|48/100
|-status|p2a: Slowking|par
|
|-weather|Snowscape|[upkeep]
|upkeep
|turn|13
|
|t:|1779897371
|switch|p1a: Zapdos|Zapdos|41/100
|-prepare|p2a: Slowking|Chilly Reception|[premajor]
|cant|p2a: Slowking|par
|
|-weather|none
|upkeep
|turn|14
|
|t:|1779897373
|move|p1a: Zapdos|Roost|p1a: Zapdos
|-heal|p1a: Zapdos|91/100
|-singleturn|p1a: Zapdos|move: Roost
|move|p2a: Slowking|Future Sight|p1a: Zapdos
|-start|p2a: Slowking|move: Future Sight
|
|upkeep
|turn|15
|
|t:|1779897376
|move|p1a: Zapdos|Volt Switch|p2a: Slowking
|-supereffective|p2a: Slowking
|-damage|p2a: Slowking|10/100 par
|
|t:|1779897380
|switch|p1a: Darkrai|Darkrai|72/100|[from] Volt Switch
|-prepare|p2a: Slowking|Chilly Reception|[premajor]
|cant|p2a: Slowking|par
|
|upkeep
|turn|16
|
|t:|1779897385
|move|p1a: Darkrai|Dark Pulse|p2a: Slowking
|-damage|p2a: Slowking|0 fnt
|faint|p2a: Slowking
|
|-end|p1a: Darkrai|move: Future Sight
|-immune|p1a: Darkrai
|upkeep
|
|t:|1779897387
|switch|p2a: Dragonite|Dragonite, F, shiny|100/100
|turn|17
|
|t:|1779897392
|switch|p1a: Hatterene|Hatterene, F|100/100
|move|p2a: Dragonite|Earthquake|p1a: Hatterene
|-damage|p1a: Hatterene|70/100
|
|upkeep
|turn|18
|
|t:|1779897400
|move|p2a: Dragonite|Earthquake|p1a: Hatterene
|-damage|p1a: Hatterene|36/100
|move|p1a: Hatterene|Draining Kiss|p2a: Dragonite
|-supereffective|p2a: Dragonite
|-damage|p2a: Dragonite|80/100
|-heal|p1a: Hatterene|54/100|[from] drain|[of] p2a: Dragonite
|
|upkeep
|turn|19
|
|t:|1779897405
|switch|p2a: Gholdengo|Gholdengo|68/100
|-damage|p2a: Gholdengo|62/100|[from] Stealth Rock
|move|p1a: Hatterene|Nuzzle|p2a: Gholdengo
|-damage|p2a: Gholdengo|58/100
|-status|p2a: Gholdengo|par
|
|upkeep
|turn|20
|
|t:|1779897412
|switch|p1a: Ogerpon|Ogerpon-Wellspring, F|47/100
|move|p2a: Gholdengo|Make It Rain|p1a: Ogerpon
|-resisted|p1a: Ogerpon
|-damage|p1a: Ogerpon|8/100
|-unboost|p2a: Gholdengo|spa|1
|
|upkeep
|turn|21
|
|t:|1779897415
|move|p1a: Ogerpon|Ivy Cudgel|p2a: Gholdengo|[anim] Ivy Cudgel Water
|-damage|p2a: Gholdengo|0 fnt
|faint|p2a: Gholdengo
|
|upkeep
|
|t:|1779897428
|switch|p2a: Dragonite|Dragonite, F, shiny|80/100
|turn|22
|
|t:|1779897432
|move|p2a: Dragonite|Extreme Speed|p1a: Ogerpon
|-damage|p1a: Ogerpon|0 fnt
|faint|p1a: Ogerpon
|
|upkeep
|
|t:|1779897434
|switch|p1a: Hatterene|Hatterene, F|54/100
|turn|23
|
|t:|1779897439
|switch|p2a: Landorus|Landorus-Therian, M|25/100
|-damage|p2a: Landorus|13/100|[from] Stealth Rock
|-ability|p2a: Landorus|Intimidate|boost
|-unboost|p1a: Hatterene|atk|1
|move|p1a: Hatterene|Draining Kiss|p2a: Landorus
|-damage|p2a: Landorus|0 fnt
|-heal|p1a: Hatterene|65/100|[from] drain|[of] p2a: Landorus
|faint|p2a: Landorus
|
|upkeep
|
|t:|1779897441
|switch|p2a: Ogerpon|Ogerpon-Wellspring, F|100/100
|-damage|p2a: Ogerpon|88/100|[from] Stealth Rock
|turn|24
|
|t:|1779897444
|move|p2a: Ogerpon|Ivy Cudgel|p1a: Hatterene|[anim] Ivy Cudgel Water
|-damage|p1a: Hatterene|13/100
|move|p1a: Hatterene|Nuzzle|p2a: Ogerpon
|-damage|p2a: Ogerpon|85/100
|-status|p2a: Ogerpon|par
|
|upkeep
|turn|25
|
|t:|1779897447
|move|p2a: Ogerpon|Ivy Cudgel|p1a: Hatterene|[anim] Ivy Cudgel Water
|-damage|p1a: Hatterene|0 fnt
|faint|p1a: Hatterene
|
|upkeep
|
|t:|1779897455
|switch|p1a: Zapdos|Zapdos|91/100
|turn|26
|
|t:|1779897458
|move|p1a: Zapdos|Hurricane|p2a: Ogerpon
|-supereffective|p2a: Ogerpon
|-damage|p2a: Ogerpon|0 fnt
|faint|p2a: Ogerpon
|
|upkeep
|
|t:|1779897460
|switch|p2a: Dragonite|Dragonite, F, shiny|80/100
|turn|27
|
|t:|1779897462
|move|p1a: Zapdos|Thunder Wave|p2a: Dragonite
|-status|p2a: Dragonite|par
|cant|p2a: Dragonite|par
|
|upkeep
|turn|28
|l|☆Arcosara
|inactive|Arcosara disconnected and has a minute to reconnect!
|player|p2|
|inactive|Arcosara has 30 seconds to reconnect!
|inactive|Arcosara has 20 seconds to reconnect!
|inactive|Arcosara has 15 seconds to reconnect!
|inactive|Arcosara has 10 seconds to reconnect!
|inactive|Arcosara has 5 seconds to reconnect!
|-message|Arcosara lost due to inactivity.
|
|win|never say glhf
|raw|never say glhf's rating: 1409 &rarr; <strong>1430</strong><br />(+21 for winning)
|raw|Arcosara's rating: 1425 &rarr; <strong>1404</strong><br />(-21 for losing)
