|j|☆deathprofessor21
|j|☆Zerotti
|t:|1779917702
|gametype|singles
|player|p1|deathprofessor21|101|1551
|player|p2|Zerotti|#dwcopiv|1657
|gen|9
|tier|[Gen 9] OU
|rated|
|rule|HP Percentage Mod: HP is shown in percentages
|rule|Endless Battle Clause: Forcing endless battles is banned
|rule|Species Clause: Limit one of each Pokémon
|rule|OHKO Clause: OHKO moves are banned
|rule|Evasion Items Clause: Evasion items are banned
|rule|Evasion Moves Clause: Evasion moves are banned
|rule|Evasion Abilities Clause: Evasion abilities are banned
|rule|Sleep Moves Clause: Sleep-inducing moves are banned
|clearpoke
|poke|p1|Ceruledge, M|
|poke|p1|Dragonite, M|
|poke|p1|Greninja-*, M|
|poke|p1|Polteageist-Antique|
|poke|p1|Maushold-Four|
|poke|p1|Zamazenta-*|
|poke|p2|Zamazenta-*|
|poke|p2|Dragapult, M|
|poke|p2|Ting-Lu|
|poke|p2|Corviknight, M|
|poke|p2|Slowking-Galar, F|
|poke|p2|Darkrai|
|teampreview
|inactive|Battle timer is ON: inactive players will automatically lose when time's up. (requested by Zerotti)
|
|t:|1779917713
|teamsize|p1|6
|teamsize|p2|6
|start
|switch|p1a: Ceruledge|Ceruledge, M|100/100
|switch|p2a: Ting-Lu|Ting-Lu|100/100
|-ability|p2a: Ting-Lu|Vessel of Ruin
|turn|1
|
|t:|1779917730
|move|p1a: Ceruledge|Swords Dance|p1a: Ceruledge
|-boost|p1a: Ceruledge|atk|2
|move|p2a: Ting-Lu|Whirlwind|p1a: Ceruledge
|drag|p1a: Greninja|Greninja, M|100/100
|
|upkeep
|turn|2
|inactive|Zerotti has 120 seconds left.
|
|t:|1779917767
|switch|p2a: Slowking|Slowking-Galar, F|100/100
|move|p1a: Greninja|Surf|p2a: Slowking
|-damage|p2a: Slowking|70/100
|-damage|p1a: Greninja|91/100|[from] item: Life Orb
|
|upkeep
|turn|3
|
|t:|1779917771
|move|p1a: Greninja|Dark Pulse|p2a: Slowking
|-supereffective|p2a: Slowking
|-damage|p2a: Slowking|12/100
|-damage|p1a: Greninja|81/100|[from] item: Life Orb
|-prepare|p2a: Slowking|Chilly Reception|[premajor]
|cant|p2a: Slowking|flinch
|
|upkeep
|turn|4
|
|t:|1779917776
|switch|p2a: Ting-Lu|Ting-Lu|100/100
|-ability|p2a: Ting-Lu|Vessel of Ruin
|move|p1a: Greninja|Surf|p2a: Ting-Lu
|-supereffective|p2a: Ting-Lu
|-damage|p2a: Ting-Lu|51/100
|-damage|p1a: Greninja|71/100|[from] item: Life Orb
|
|-heal|p2a: Ting-Lu|58/100|[from] item: Leftovers
|upkeep
|turn|5
|
|t:|1779917779
|move|p1a: Greninja|Surf|p2a: Ting-Lu
|-supereffective|p2a: Ting-Lu
|-damage|p2a: Ting-Lu|13/100
|-damage|p1a: Greninja|61/100|[from] item: Life Orb
|move|p2a: Ting-Lu|Earthquake|p1a: Greninja
|-damage|p1a: Greninja|0 fnt
|faint|p1a: Greninja
|
|-heal|p2a: Ting-Lu|19/100|[from] item: Leftovers
|upkeep
|
|t:|1779917792
|switch|p1a: Ceruledge|Ceruledge, M|100/100
|turn|6
|
|t:|1779917808
|switch|p2a: Dragapult|Dragapult, M|100/100
|move|p1a: Ceruledge|Bitter Blade|p2a: Dragapult
|-resisted|p2a: Dragapult
|-damage|p2a: Dragapult|65/100
|
|upkeep
|turn|7
|
|t:|1779917813
|move|p1a: Ceruledge|Shadow Sneak|p2a: Dragapult
|-supereffective|p2a: Dragapult
|-damage|p2a: Dragapult|7/100
|move|p2a: Dragapult|Hex|p1a: Ceruledge
|-supereffective|p1a: Ceruledge
|-damage|p1a: Ceruledge|32/100
|
|upkeep
|turn|8
|
|t:|1779917821
|switch|p2a: Corviknight|Corviknight, M|100/100
|move|p1a: Ceruledge|Swords Dance|p1a: Ceruledge
|-boost|p1a: Ceruledge|atk|2
|
|upkeep
|turn|9
|
|t:|1779917827
|switch|p2a: Dragapult|Dragapult, M|7/100
|move|p1a: Ceruledge|Bitter Blade|p2a: Dragapult
|-resisted|p2a: Dragapult
|-damage|p2a: Dragapult|0 fnt
|-heal|p1a: Ceruledge|36/100|[from] drain|[of] p2a: Dragapult
|faint|p2a: Dragapult
|
|upkeep
|
|t:|1779917829
|switch|p2a: Darkrai|Darkrai|100/100
|turn|10
|
|t:|1779917833
|move|p1a: Ceruledge|Shadow Sneak|p2a: Darkrai
|-resisted|p2a: Darkrai
|-damage|p2a: Darkrai|73/100
|move|p2a: Darkrai|Dark Pulse|p1a: Ceruledge
|-supereffective|p1a: Ceruledge
|-damage|p1a: Ceruledge|0 fnt
|faint|p1a: Ceruledge
|-damage|p2a: Darkrai|63/100|[from] item: Life Orb
|
|upkeep
|
|t:|1779917846
|switch|p1a: Maushold|Maushold-Four|100/100
|turn|11
|
|t:|1779917870
|switch|p2a: Corviknight|Corviknight, M|100/100
|move|p1a: Maushold|Tidy Up|p1a: Maushold
|-boost|p1a: Maushold|atk|1
|-boost|p1a: Maushold|spe|1
|
|upkeep
|turn|12
|
|t:|1779917874
|move|p1a: Maushold|Population Bomb|p2a: Corviknight
|-resisted|p2a: Corviknight
|-damage|p2a: Corviknight|96/100
|-damage|p1a: Maushold|84/100|[from] item: Rocky Helmet|[of] p2a: Corviknight
|-resisted|p2a: Corviknight
|-damage|p2a: Corviknight|91/100
|-damage|p1a: Maushold|67/100|[from] item: Rocky Helmet|[of] p2a: Corviknight
|-resisted|p2a: Corviknight
|-damage|p2a: Corviknight|86/100
|-damage|p1a: Maushold|51/100|[from] item: Rocky Helmet|[of] p2a: Corviknight
|-resisted|p2a: Corviknight
|-damage|p2a: Corviknight|81/100
|-damage|p1a: Maushold|34/100|[from] item: Rocky Helmet|[of] p2a: Corviknight
|-resisted|p2a: Corviknight
|-damage|p2a: Corviknight|76/100
|-damage|p1a: Maushold|17/100|[from] item: Rocky Helmet|[of] p2a: Corviknight
|-resisted|p2a: Corviknight
|-damage|p2a: Corviknight|71/100
|-damage|p1a: Maushold|1/100|[from] item: Rocky Helmet|[of] p2a: Corviknight
|-resisted|p2a: Corviknight
|-damage|p2a: Corviknight|67/100
|-damage|p1a: Maushold|0 fnt|[from] item: Rocky Helmet|[of] p2a: Corviknight
|faint|p1a: Maushold
|-hitcount|p2a: Corviknight|7
|move|p2a: Corviknight|Brave Bird|p1: Maushold|[notarget]
|-fail|p2a: Corviknight
|
|upkeep
|
|t:|1779917887
|switch|p1a: Polteageist|Polteageist-Antique|100/100
|turn|13
|
|t:|1779917896
|move|p1a: Polteageist|Shell Smash|p1a: Polteageist
|-unboost|p1a: Polteageist|def|1
|-unboost|p1a: Polteageist|spd|1
|-boost|p1a: Polteageist|atk|2
|-boost|p1a: Polteageist|spa|2
|-boost|p1a: Polteageist|spe|2
|-enditem|p1a: Polteageist|White Herb
|-clearnegativeboost|p1a: Polteageist|[silent]
|move|p2a: Corviknight|Brave Bird|p1a: Polteageist
|-damage|p1a: Polteageist|52/100
|-damage|p2a: Corviknight|54/100|[from] Recoil
|
|upkeep
|turn|14
|
|t:|1779917902
|move|p1a: Polteageist|Shadow Ball|p2a: Corviknight
|-damage|p2a: Corviknight|0 fnt
|faint|p2a: Corviknight
|
|upkeep
|
|t:|1779917904
|switch|p2a: Darkrai|Darkrai|63/100
|turn|15
|
|t:|1779917921
|-terastallize|p1a: Polteageist|Dark
|move|p1a: Polteageist|Strength Sap|p2a: Darkrai
|-unboost|p2a: Darkrai|atk|1
|-heal|p1a: Polteageist|100/100
|move|p2a: Darkrai|Dark Pulse|p1a: Polteageist
|-resisted|p1a: Polteageist
|-damage|p1a: Polteageist|74/100
|-start|p2a: Darkrai|Disable|Dark Pulse|[from] ability: Cursed Body|[of] p1a: Polteageist
|-damage|p2a: Darkrai|53/100|[from] item: Life Orb
|
|upkeep
|turn|16
|
|t:|1779917930
|move|p1a: Polteageist|Shell Smash|p1a: Polteageist
|-unboost|p1a: Polteageist|def|1
|-unboost|p1a: Polteageist|spd|1
|-boost|p1a: Polteageist|atk|2
|-boost|p1a: Polteageist|spa|2
|-boost|p1a: Polteageist|spe|2
|move|p2a: Darkrai|Focus Blast|p1a: Polteageist
|-supereffective|p1a: Polteageist
|-damage|p1a: Polteageist|0 fnt
|faint|p1a: Polteageist
|-damage|p2a: Darkrai|43/100|[from] item: Life Orb
|
|upkeep
|
|t:|1779917943
|switch|p1a: Zamazenta|Zamazenta|100/100
|-ability|p1a: Zamazenta|Dauntless Shield|boost
|-boost|p1a: Zamazenta|def|1
|turn|17
|
|t:|1779917972
|switch|p2a: Ting-Lu|Ting-Lu|19/100
|-ability|p2a: Ting-Lu|Vessel of Ruin
|move|p1a: Zamazenta|Iron Defense|p1a: Zamazenta
|-boost|p1a: Zamazenta|def|2
|
|-heal|p2a: Ting-Lu|26/100|[from] item: Leftovers
|upkeep
|turn|18
|
|t:|1779917976
|move|p1a: Zamazenta|Body Press|p2a: Ting-Lu
|-supereffective|p2a: Ting-Lu
|-damage|p2a: Ting-Lu|0 fnt
|faint|p2a: Ting-Lu
|
|upkeep
|
|t:|1779917983
|switch|p2a: Slowking|Slowking-Galar, F|45/100
|turn|19
|
|t:|1779917988
|move|p1a: Zamazenta|Substitute|p1a: Zamazenta
|-start|p1a: Zamazenta|Substitute
|-damage|p1a: Zamazenta|76/100
|move|p2a: Slowking|Thunder Wave||[still]
|-fail|p2a: Slowking
|
|upkeep
|turn|20
|
|t:|1779917994
|move|p1a: Zamazenta|Crunch|p2a: Slowking
|-supereffective|p2a: Slowking
|-damage|p2a: Slowking|0 fnt
|faint|p2a: Slowking
|
|upkeep
|
|t:|1779917999
|switch|p2a: Darkrai|Darkrai|43/100
|turn|21
|
|t:|1779918003
|-terastallize|p2a: Darkrai|Poison
|move|p1a: Zamazenta|Body Press|p2a: Darkrai
|-resisted|p2a: Darkrai
|-damage|p2a: Darkrai|0 fnt
|faint|p2a: Darkrai
|
|upkeep
|
|t:|1779918005
|switch|p2a: Zamazenta|Zamazenta|100/100
|-ability|p2a: Zamazenta|Dauntless Shield|boost
|-boost|p2a: Zamazenta|def|1
|turn|22
|
|t:|1779918009
|move|p1a: Zamazenta|Body Press|p2a: Zamazenta
|-damage|p2a: Zamazenta|56/100
|move|p2a: Zamazenta|Close Combat|p1a: Zamazenta
|-activate|p1a: Zamazenta|move: Substitute|[damage]
|-unboost|p2a: Zamazenta|def|1
|-unboost|p2a: Zamazenta|spd|1
|
|upkeep
|turn|23
|-message|Zerotti forfeited.
|
|win|deathprofessor21
|raw|deathprofessor21's rating: 1551 &rarr; <strong>1577</strong><br />(+26 for winning)
|raw|Zerotti's rating: 1657 &rarr; <strong>1631</strong><br />(-26 for losing)
|l|☆Zerotti
|player|p2|
