|j|☆Lucari09
|j|☆Fossil King 33
|t:|1779949272
|gametype|singles
|player|p1|Lucari09|hilbert-wonderlauncher|1060
|player|p2|Fossil King 33|ethan|1064
|gen|9
|tier|[Gen 9] OU
|rated|
|rule|HP Percentage Mod: HP is shown in percentages
|rule|Endless Battle Clause: Forcing endless battles is banned
|rule|Species Clause: Limit one of each Pokémon
|rule|OHKO Clause: OHKO moves are banned
|rule|Evasion Items Clause: Evasion items are banned
|rule|Evasion Moves Clause: Evasion moves are banned
|rule|Evasion Abilities Clause: Evasion abilities are banned
|rule|Sleep Moves Clause: Sleep-inducing moves are banned
|clearpoke
|poke|p1|Malamar, F|
|poke|p1|Gholdengo|
|poke|p1|Ninetales, F|
|poke|p1|Klefki, F|
|poke|p1|Cinderace, M|
|poke|p1|Ribombee, M|
|poke|p2|Sandslash-Alola, M|
|poke|p2|Ninetales-Alola, F|
|poke|p2|Crabominable, F|
|poke|p2|Eiscue, M|
|poke|p2|Abomasnow, M|
|poke|p2|Beartic, M|
|teampreview
|inactive|Battle timer is ON: inactive players will automatically lose when time's up. (requested by Fossil King 33)
|inactive|Fossil King 33 has 120 seconds left.
|
|t:|1779949311
|teamsize|p1|6
|teamsize|p2|6
|start
|switch|p1a: Klefki|Klefki, F, shiny|100/100
|switch|p2a: Chilly-Dog|Ninetales-Alola, F|100/100
|-weather|Snowscape|[from] ability: Snow Warning|[of] p2a: Chilly-Dog
|turn|1
|
|t:|1779949332
|switch|p2a: Not Mr. Krabs|Crabominable, F|100/100
|move|p1a: Klefki|Sunny Day|p1a: Klefki
|-weather|SunnyDay
|
|-weather|SunnyDay|[upkeep]
|upkeep
|turn|2
|
|t:|1779949342
|move|p1a: Klefki|Reflect|p1a: Klefki
|-sidestart|p1: Lucari09|Reflect
|move|p2a: Not Mr. Krabs|Earthquake|p1a: Klefki
|-supereffective|p1a: Klefki
|-damage|p1a: Klefki|63/100
|
|-weather|SunnyDay|[upkeep]
|upkeep
|turn|3
|
|t:|1779949351
|move|p1a: Klefki|Spikes|p2a: Not Mr. Krabs
|-sidestart|p2: Fossil King 33|Spikes
|move|p2a: Not Mr. Krabs|Knock Off|p1a: Klefki
|-resisted|p1a: Klefki
|-damage|p1a: Klefki|55/100
|-enditem|p1a: Klefki|Light Clay|[from] move: Knock Off|[of] p2a: Not Mr. Krabs
|
|-weather|SunnyDay|[upkeep]
|upkeep
|turn|4
|
|t:|1779949360
|move|p1a: Klefki|Light Screen|p1a: Klefki
|-sidestart|p1: Lucari09|move: Light Screen
|move|p2a: Not Mr. Krabs|Earthquake|p1a: Klefki
|-supereffective|p1a: Klefki
|-damage|p1a: Klefki|18/100
|
|-weather|SunnyDay|[upkeep]
|upkeep
|turn|5
|
|t:|1779949366
|move|p1a: Klefki|Spikes|p2a: Not Mr. Krabs
|-sidestart|p2: Fossil King 33|Spikes
|move|p2a: Not Mr. Krabs|Earthquake|p1a: Klefki
|-supereffective|p1a: Klefki
|-damage|p1a: Klefki|0 fnt
|faint|p1a: Klefki
|
|-weather|none
|upkeep
|inactive|Lucari09 has 120 seconds left.
|
|t:|1779949396
|switch|p1a: Gholdengo|Gholdengo|100/100
|-item|p1a: Gholdengo|Air Balloon
|turn|6
|
|t:|1779949406
|move|p1a: Gholdengo|Nasty Plot|p1a: Gholdengo
|-boost|p1a: Gholdengo|spa|2
|move|p2a: Not Mr. Krabs|Knock Off|p1a: Gholdengo
|-supereffective|p1a: Gholdengo
|-damage|p1a: Gholdengo|56/100
|-enditem|p1a: Gholdengo|Air Balloon
|
|upkeep
|turn|7
|
|t:|1779949422
|-terastallize|p1a: Gholdengo|Fairy
|-terastallize|p2a: Not Mr. Krabs|Dark
|move|p1a: Gholdengo|Dazzling Gleam|p2a: Not Mr. Krabs
|-supereffective|p2a: Not Mr. Krabs
|-enditem|p2a: Not Mr. Krabs|Focus Sash
|-damage|p2a: Not Mr. Krabs|1/100
|move|p2a: Not Mr. Krabs|Knock Off|p1a: Gholdengo
|-resisted|p1a: Gholdengo
|-damage|p1a: Gholdengo|46/100
|
|upkeep
|turn|8
|
|t:|1779949437
|move|p1a: Gholdengo|Nasty Plot|p1a: Gholdengo
|-boost|p1a: Gholdengo|spa|2
|move|p2a: Not Mr. Krabs|Avalanche|p1a: Gholdengo
|-damage|p1a: Gholdengo|28/100
|
|-sideend|p1: Lucari09|move: Light Screen
|upkeep
|turn|9
|
|t:|1779949445
|move|p1a: Gholdengo|Shadow Ball|p2a: Not Mr. Krabs
|-resisted|p2a: Not Mr. Krabs
|-damage|p2a: Not Mr. Krabs|0 fnt
|faint|p2a: Not Mr. Krabs
|
|-sideend|p1: Lucari09|Reflect
|upkeep
|
|t:|1779949449
|switch|p2a: Obama|Abomasnow, M|100/100
|-damage|p2a: Obama|84/100|[from] Spikes
|-weather|Snowscape|[from] ability: Snow Warning|[of] p2a: Obama
|turn|10
|
|t:|1779949473
|move|p1a: Gholdengo|Shadow Ball|p2a: Obama
|-damage|p2a: Obama|0 fnt
|faint|p2a: Obama
|
|-weather|Snowscape|[upkeep]
|upkeep
|
|t:|1779949477
|switch|p2a: Necessity|Beartic, M|100/100
|-damage|p2a: Necessity|84/100|[from] Spikes
|turn|11
|
|t:|1779949490
|move|p2a: Necessity|Shadow Claw|p1a: Gholdengo
|-damage|p1a: Gholdengo|2/100
|move|p1a: Gholdengo|Shadow Ball|p2a: Necessity
|-damage|p2a: Necessity|0 fnt
|faint|p2a: Necessity
|
|-weather|Snowscape|[upkeep]
|upkeep
|
|t:|1779949497
|switch|p2a: Shrew (My Ace)|Sandslash-Alola, M|100/100
|-damage|p2a: Shrew (My Ace)|84/100|[from] Spikes
|turn|12
|
|t:|1779949506
|switch|p1a: Ninetales|Ninetales, F|100/100
|-weather|SunnyDay|[from] ability: Drought|[of] p1a: Ninetales
|move|p2a: Shrew (My Ace)|Rapid Spin|p1a: Ninetales
|-damage|p1a: Ninetales|74/100
|-boost|p2a: Shrew (My Ace)|spe|1
|-sideend|p2: Fossil King 33|Spikes|[from] move: Rapid Spin|[of] p2a: Shrew (My Ace)
|-damage|p2a: Shrew (My Ace)|74/100|[from] item: Life Orb
|
|-weather|SunnyDay|[upkeep]
|upkeep
|turn|13
|
|t:|1779949518
|switch|p2a: Pingu|Eiscue, M|100/100
|move|p1a: Ninetales|Fire Blast|p2a: Pingu
|-supereffective|p2a: Pingu
|-damage|p2a: Pingu|32/100
|
|-weather|SunnyDay|[upkeep]
|upkeep
|turn|14
|
|t:|1779949528
|move|p1a: Ninetales|Fire Blast|p2a: Pingu
|-supereffective|p2a: Pingu
|-damage|p2a: Pingu|0 fnt
|faint|p2a: Pingu
|
|-weather|SunnyDay|[upkeep]
|upkeep
|
|t:|1779949531
|switch|p2a: Chilly-Dog|Ninetales-Alola, F|100/100
|-weather|Snowscape|[from] ability: Snow Warning|[of] p2a: Chilly-Dog
|turn|15
|
|t:|1779949545
|move|p2a: Chilly-Dog|Aurora Veil|p2a: Chilly-Dog
|-sidestart|p2: Fossil King 33|move: Aurora Veil
|move|p1a: Ninetales|Encore|p2a: Chilly-Dog
|-start|p2a: Chilly-Dog|Encore
|
|-weather|Snowscape|[upkeep]
|upkeep
|turn|16
|
|t:|1779949552
|switch|p2a: Shrew (My Ace)|Sandslash-Alola, M|74/100
|move|p1a: Ninetales|Will-O-Wisp|p2a: Shrew (My Ace)
|-status|p2a: Shrew (My Ace)|brn
|
|-weather|Snowscape|[upkeep]
|-damage|p2a: Shrew (My Ace)|68/100 brn|[from] brn
|upkeep
|turn|17
|-message|Fossil King 33 forfeited.
|
|win|Lucari09
|raw|Lucari09's rating: 1060 &rarr; <strong>1091</strong><br />(+31 for winning)
|raw|Fossil King 33's rating: 1064 &rarr; <strong>1044</strong><br />(-20 for losing)
|l|☆Fossil King 33
|player|p2|
|l|☆Lucari09
|player|p1|
