|j|☆rexa2
|j|☆Morthill
|t:|1779930954
|gametype|singles
|player|p1|rexa2|brock|1461
|player|p2|Morthill|lucas|1370
|gen|9
|tier|[Gen 9] OU
|rated|
|rule|HP Percentage Mod: HP is shown in percentages
|rule|Endless Battle Clause: Forcing endless battles is banned
|rule|Species Clause: Limit one of each Pokémon
|rule|OHKO Clause: OHKO moves are banned
|rule|Evasion Items Clause: Evasion items are banned
|rule|Evasion Moves Clause: Evasion moves are banned
|rule|Evasion Abilities Clause: Evasion abilities are banned
|rule|Sleep Moves Clause: Sleep-inducing moves are banned
|clearpoke
|poke|p1|Kleavor, F|
|poke|p1|Regieleki|
|poke|p1|Weezing-Galar, M|
|poke|p1|Swampert, F|
|poke|p1|Skarmory, F|
|poke|p1|Kommo-o, F|
|poke|p2|Heatran, M|
|poke|p2|Cetitan, M|
|poke|p2|Ninetales-Alola, M|
|poke|p2|Frosmoth, M|
|poke|p2|Kyurem|
|poke|p2|Avalugg, M|
|teampreview
|inactive|Battle timer is ON: inactive players will automatically lose when time's up. (requested by Morthill)
|
|t:|1779930961
|teamsize|p1|6
|teamsize|p2|6
|start
|switch|p1a: Kleavor|Kleavor, F|100/100
|switch|p2a: Frosmoth|Frosmoth, M, shiny|100/100
|turn|1
|
|t:|1779930968
|switch|p2a: Ninetales|Ninetales-Alola, M, shiny|100/100
|-weather|Snowscape|[from] ability: Snow Warning|[of] p2a: Ninetales
|move|p1a: Kleavor|Stone Axe|p2a: Ninetales
|-supereffective|p2a: Ninetales
|-damage|p2a: Ninetales|12/100
|-sidestart|p2: Morthill|move: Stealth Rock
|
|-weather|Snowscape|[upkeep]
|upkeep
|turn|2
|
|t:|1779930971
|move|p1a: Kleavor|Stone Axe|p2a: Ninetales
|-supereffective|p2a: Ninetales
|-damage|p2a: Ninetales|0 fnt
|faint|p2a: Ninetales
|
|-weather|Snowscape|[upkeep]
|upkeep
|
|t:|1779930981
|switch|p2a: Heatran|Heatran, M|100/100
|-damage|p2a: Heatran|88/100|[from] Stealth Rock
|turn|3
|
|t:|1779930983
|switch|p1a: Swampert|Swampert, F|100/100
|move|p2a: Heatran|Magma Storm|p1a: Swampert
|-resisted|p1a: Swampert
|-damage|p1a: Swampert|87/100
|-activate|p1a: Swampert|move: Magma Storm|[of] p2a: Heatran
|
|-weather|Snowscape|[upkeep]
|-damage|p1a: Swampert|75/100|[from] move: Magma Storm|[partiallytrapped]
|upkeep
|turn|4
|
|t:|1779930992
|switch|p2a: Frosmoth|Frosmoth, M, shiny|100/100
|move|p1a: Swampert|Flip Turn|p2a: Frosmoth
|-damage|p2a: Frosmoth|70/100
|
|t:|1779930999
|switch|p1a: Kleavor|Kleavor, F|100/100|[from] Flip Turn
|
|-weather|Snowscape|[upkeep]
|upkeep
|turn|5
|
|t:|1779931002
|switch|p2a: Avalugg|Avalugg, M|100/100
|-damage|p2a: Avalugg|76/100|[from] Stealth Rock
|move|p1a: Kleavor|Stone Axe|p2a: Avalugg
|-supereffective|p2a: Avalugg
|-damage|p2a: Avalugg|48/100
|-damage|p1a: Kleavor|84/100|[from] item: Rocky Helmet|[of] p2a: Avalugg
|
|-weather|none
|upkeep
|turn|6
|
|t:|1779931005
|move|p1a: Kleavor|Stone Axe|p2a: Avalugg
|-supereffective|p2a: Avalugg
|-damage|p2a: Avalugg|4/100
|-damage|p1a: Kleavor|67/100|[from] item: Rocky Helmet|[of] p2a: Avalugg
|move|p2a: Avalugg|Recover|p2a: Avalugg
|-heal|p2a: Avalugg|54/100
|
|upkeep
|turn|7
|
|t:|1779931020
|switch|p1a: Who decided that?|Regieleki|100/100
|move|p2a: Avalugg|Rapid Spin|p1a: Who decided that?
|-damage|p1a: Who decided that?|74/100
|-boost|p2a: Avalugg|spe|1
|-sideend|p2: Morthill|Stealth Rock|[from] move: Rapid Spin|[of] p2a: Avalugg
|
|upkeep
|turn|8
|
|t:|1779931028
|switch|p2a: Kyurem|Kyurem|100/100
|-ability|p2a: Kyurem|Pressure
|move|p1a: Who decided that?|Thunderbolt|p2a: Kyurem
|-resisted|p2a: Kyurem
|-damage|p2a: Kyurem|73/100
|-status|p2a: Kyurem|par
|
|upkeep
|turn|9
|
|t:|1779931036
|move|p1a: Who decided that?|Explosion|p2a: Kyurem
|-damage|p2a: Kyurem|0 fnt
|faint|p1a: Who decided that?
|faint|p2a: Kyurem
|
|upkeep
|
|t:|1779931046
|switch|p1a: Kleavor|Kleavor, F|67/100
|switch|p2a: Heatran|Heatran, M|88/100
|turn|10
|
|t:|1779931050
|move|p1a: Kleavor|U-turn|p2a: Heatran
|-resisted|p2a: Heatran
|-damage|p2a: Heatran|78/100
|
|t:|1779931051
|switch|p1a: Swampert|Swampert, F|75/100|[from] U-turn
|move|p2a: Heatran|Magma Storm|p1a: Swampert
|-resisted|p1a: Swampert
|-damage|p1a: Swampert|62/100
|-activate|p1a: Swampert|move: Magma Storm|[of] p2a: Heatran
|
|-damage|p1a: Swampert|49/100|[from] move: Magma Storm|[partiallytrapped]
|upkeep
|turn|11
|
|t:|1779931062
|switch|p2a: Avalugg|Avalugg, M|54/100
|move|p1a: Swampert|Earthquake|p2a: Avalugg
|-damage|p2a: Avalugg|39/100
|
|-end|p1a: Swampert|Magma Storm|[partiallytrapped]|[silent]
|upkeep
|turn|12
|
|t:|1779931068
|switch|p1a: Kommo-o|Kommo-o, F|100/100
|move|p2a: Avalugg|Recover|p2a: Avalugg
|-heal|p2a: Avalugg|89/100
|
|upkeep
|turn|13
|
|t:|1779931072
|move|p1a: Kommo-o|Clanging Scales|p2a: Avalugg
|-damage|p2a: Avalugg|0 fnt
|faint|p2a: Avalugg
|-unboost|p1a: Kommo-o|def|1
|
|upkeep
|
|t:|1779931076
|switch|p2a: Frosmoth|Frosmoth, M, shiny|70/100
|turn|14
|
|t:|1779931085
|move|p1a: Kommo-o|Clanging Scales|p2a: Frosmoth
|-crit|p2a: Frosmoth
|-damage|p2a: Frosmoth|11/100
|-unboost|p1a: Kommo-o|def|1
|move|p2a: Frosmoth|Quiver Dance|p2a: Frosmoth
|-boost|p2a: Frosmoth|spa|1
|-boost|p2a: Frosmoth|spd|1
|-boost|p2a: Frosmoth|spe|1
|
|upkeep
|turn|15
|
|t:|1779931102
|switch|p1a: Swampert|Swampert, F|49/100
|move|p2a: Frosmoth|Ice Beam|p1a: Swampert
|-damage|p1a: Swampert|21/100
|
|upkeep
|turn|16
|
|t:|1779931107
|move|p2a: Frosmoth|Giga Drain|p1a: Swampert
|-supereffective|p1a: Swampert
|-crit|p1a: Swampert
|-damage|p1a: Swampert|0 fnt
|-heal|p2a: Frosmoth|26/100|[from] drain|[of] p1a: Swampert
|faint|p1a: Swampert
|
|upkeep
|
|t:|1779931114
|switch|p1a: Kleavor|Kleavor, F|67/100
|turn|17
|
|t:|1779931120
|move|p1a: Kleavor|U-turn|p2a: Frosmoth
|-crit|p2a: Frosmoth
|-damage|p2a: Frosmoth|0 fnt
|faint|p2a: Frosmoth
|
|t:|1779931127
|switch|p1a: Skarmory|Skarmory, F|100/100|[from] U-turn
|
|upkeep
|
|t:|1779931129
|switch|p2a: Heatran|Heatran, M|78/100
|turn|18
|
|t:|1779931131
|move|p2a: Heatran|Magma Storm|p1a: Skarmory
|-supereffective|p1a: Skarmory
|-damage|p1a: Skarmory|0 fnt
|faint|p1a: Skarmory
|
|upkeep
|
|t:|1779931138
|switch|p1a: Kommo-o|Kommo-o, F|100/100
|turn|19
|
|t:|1779931141
|move|p1a: Kommo-o|Vacuum Wave|p2a: Heatran
|-supereffective|p2a: Heatran
|-damage|p2a: Heatran|27/100
|move|p2a: Heatran|Magma Storm|p1a: Kommo-o
|-resisted|p1a: Kommo-o
|-crit|p1a: Kommo-o
|-damage|p1a: Kommo-o|54/100
|-activate|p1a: Kommo-o|move: Magma Storm|[of] p2a: Heatran
|
|-damage|p1a: Kommo-o|42/100|[from] move: Magma Storm|[partiallytrapped]
|upkeep
|turn|20
|
|t:|1779931147
|move|p1a: Kommo-o|Vacuum Wave|p2a: Heatran
|-supereffective|p2a: Heatran
|-damage|p2a: Heatran|0 fnt
|faint|p2a: Heatran
|
|-end|p1a: Kommo-o|Magma Storm|[partiallytrapped]|[silent]
|upkeep
|
|t:|1779931148
|switch|p2a: Cetitan|Cetitan, M, shiny|100/100
|turn|21
|
|t:|1779931155
|-terastallize|p2a: Cetitan|Electric
|move|p1a: Kommo-o|Vacuum Wave|p2a: Cetitan
|-damage|p2a: Cetitan|73/100
|move|p2a: Cetitan|Belly Drum|p2a: Cetitan
|-damage|p2a: Cetitan|23/100
|-setboost|p2a: Cetitan|atk|6|[from] move: Belly Drum
|-enditem|p2a: Cetitan|Sitrus Berry|[eat]
|-heal|p2a: Cetitan|48/100|[from] item: Sitrus Berry
|
|upkeep
|turn|22
|
|t:|1779931166
|move|p1a: Kommo-o|Vacuum Wave|p2a: Cetitan
|-damage|p2a: Cetitan|21/100
|move|p2a: Cetitan|Ice Shard|p1a: Kommo-o
|-supereffective|p1a: Kommo-o
|-damage|p1a: Kommo-o|0 fnt
|faint|p1a: Kommo-o
|
|upkeep
|
|t:|1779931172
|switch|p1a: Weezing|Weezing-Galar, M|100/100
|-ability|p1a: Weezing|Neutralizing Gas
|turn|23
|
|t:|1779931177
|-terastallize|p1a: Weezing|Flying
|move|p2a: Cetitan|Earthquake|p1a: Weezing
|-immune|p1a: Weezing
|move|p1a: Weezing|Strange Steam|p2a: Cetitan
|-damage|p2a: Cetitan|0 fnt
|faint|p2a: Cetitan
|
|win|rexa2
|raw|rexa2's rating: 1461 &rarr; <strong>1476</strong><br />(+15 for winning)
|raw|Morthill's rating: 1370 &rarr; <strong>1355</strong><br />(-15 for losing)
|l|☆Morthill
|player|p2|
