|j|☆claudechamp
|j|☆capitolg
|t:|1779834727
|gametype|singles
|player|p1|claudechamp|265|1280
|player|p2|capitolg|bellelba|1249
|gen|9
|tier|[Gen 9] OU
|rated|
|rule|HP Percentage Mod: HP is shown in percentages
|rule|Endless Battle Clause: Forcing endless battles is banned
|rule|Species Clause: Limit one of each Pokémon
|rule|OHKO Clause: OHKO moves are banned
|rule|Evasion Items Clause: Evasion items are banned
|rule|Evasion Moves Clause: Evasion moves are banned
|rule|Evasion Abilities Clause: Evasion abilities are banned
|rule|Sleep Moves Clause: Sleep-inducing moves are banned
|clearpoke
|poke|p1|Gliscor, M|
|poke|p1|Ogerpon, F|
|poke|p1|Walking Wake|
|poke|p1|Blissey, F|
|poke|p1|Corviknight, M|
|poke|p1|Pecharunt|
|poke|p2|Ribombee, F|
|poke|p2|Serperior, M|
|poke|p2|Kingambit, M|
|poke|p2|Skeledirge, F|
|poke|p2|Milotic, M|
|poke|p2|Cinderace, M|
|teampreview
|c|☆claudechamp|hf
|
|t:|1779834733
|teamsize|p1|6
|teamsize|p2|6
|start
|switch|p1a: Gliscor|Gliscor, M|100/100
|switch|p2a: Ribombee|Ribombee, F|100/100
|turn|1
|inactive|Battle timer is ON: inactive players will automatically lose when time's up. (requested by claudechamp)
|
|t:|1779834757
|move|p2a: Ribombee|Sticky Web|p1a: Gliscor
|-sidestart|p1: claudechamp|move: Sticky Web
|move|p1a: Gliscor|Spikes|p2a: Ribombee
|-sidestart|p2: capitolg|Spikes
|
|-status|p1a: Gliscor|tox|[from] item: Toxic Orb
|upkeep
|turn|2
|
|t:|1779834764
|move|p2a: Ribombee|Skill Swap|p1a: Gliscor
|-activate|p2a: Ribombee|Skill Swap|Poison Heal|Shield Dust|[of] p1a: Gliscor
|move|p1a: Gliscor|Spikes|p2a: Ribombee
|-sidestart|p2: capitolg|Spikes
|
|-damage|p1a: Gliscor|94/100 tox|[from] psn
|upkeep
|turn|3
|
|t:|1779834768
|move|p2a: Ribombee|Moonblast|p1a: Gliscor
|-damage|p1a: Gliscor|60/100 tox
|move|p1a: Gliscor|Spikes|p2a: Ribombee
|-sidestart|p2: capitolg|Spikes
|
|-damage|p1a: Gliscor|48/100 tox|[from] psn
|upkeep
|turn|4
|
|t:|1779834777
|switch|p2a: Cinderace|Cinderace, M|100/100
|switch|p1a: Pecharunt|Pecharunt|100/100
|
|upkeep
|turn|5
|
|t:|1779834785
|move|p2a: Cinderace|Court Change|p2a: Cinderace
|-start|p2a: Cinderace|typechange|Normal|[from] ability: Libero
|-swapsideconditions
|-activate|p2a: Cinderace|move: Court Change
|move|p1a: Pecharunt|Parting Shot|p2a: Cinderace
|-unboost|p2a: Cinderace|atk|1
|-unboost|p2a: Cinderace|spa|1
|
|t:|1779834793
|switch|p1a: Gliscor|Gliscor, M|48/100 tox|[from] Parting Shot
|
|-heal|p1a: Gliscor|60/100 tox|[from] ability: Poison Heal
|upkeep
|turn|6
|
|t:|1779834798
|move|p2a: Cinderace|Taunt|p1a: Gliscor
|-start|p1a: Gliscor|move: Taunt
|move|p1a: Gliscor|Earthquake|p2a: Cinderace
|-damage|p2a: Cinderace|55/100
|
|-heal|p1a: Gliscor|73/100 tox|[from] ability: Poison Heal
|upkeep
|turn|7
|inactive|capitolg has 120 seconds left.
|
|t:|1779834840
|move|p2a: Cinderace|Sucker Punch|p1a: Gliscor
|-damage|p1a: Gliscor|61/100 tox
|move|p1a: Gliscor|Earthquake|p2a: Cinderace
|-damage|p2a: Cinderace|4/100
|
|-heal|p1a: Gliscor|73/100 tox|[from] ability: Poison Heal
|upkeep
|turn|8
|
|t:|1779834847
|move|p2a: Cinderace|Sucker Punch|p1a: Gliscor
|-damage|p1a: Gliscor|61/100 tox
|move|p1a: Gliscor|Earthquake|p2a: Cinderace
|-damage|p2a: Cinderace|0 fnt
|faint|p2a: Cinderace
|
|-heal|p1a: Gliscor|73/100 tox|[from] ability: Poison Heal
|-end|p1a: Gliscor|move: Taunt
|upkeep
|inactive|capitolg has 120 seconds left.
|
|t:|1779834856
|switch|p2a: Ribombee|Ribombee, F|100/100
|-activate|p2a: Ribombee|move: Sticky Web
|-unboost|p2a: Ribombee|spe|1
|turn|9
|
|t:|1779834860
|move|p2a: Ribombee|Skill Swap|p1a: Gliscor
|-activate|p2a: Ribombee|Skill Swap|Poison Heal|Shield Dust|[of] p1a: Gliscor
|move|p1a: Gliscor|Spikes|p2a: Ribombee
|-sidestart|p2: capitolg|Spikes
|
|-damage|p1a: Gliscor|42/100 tox|[from] psn
|upkeep
|turn|10
|
|t:|1779834862
|switch|p1a: Blissey|Blissey, F|100/100
|move|p2a: Ribombee|Moonblast|p1a: Blissey
|-damage|p1a: Blissey|88/100
|
|upkeep
|turn|11
|
|t:|1779834867
|move|p2a: Ribombee|Skill Swap|p1a: Blissey
|-activate|p2a: Ribombee|Skill Swap|Natural Cure|Poison Heal|[of] p1a: Blissey
|move|p1a: Blissey|Stealth Rock|p2a: Ribombee
|-sidestart|p2: capitolg|move: Stealth Rock
|
|upkeep
|turn|12
|-message|capitolg forfeited.
|
|win|claudechamp
|raw|claudechamp's rating: 1251 &rarr; <strong>1276</strong><br />(+25 for winning)
|raw|capitolg's rating: 1249 &rarr; <strong>1224</strong><br />(-25 for losing)
|l|☆capitolg
|player|p2|
|c|☆claudechamp|gg
