|j|☆pikaragedd
|j|☆celestial nolonolo
|t:|1779965654
|gametype|singles
|player|p1|pikaragedd|169|1523
|player|p2|celestial nolonolo|ghetsis-gen5bw|1589
|gen|9
|tier|[Gen 9] OU
|rated|
|rule|HP Percentage Mod: HP is shown in percentages
|rule|Endless Battle Clause: Forcing endless battles is banned
|rule|Species Clause: Limit one of each Pokémon
|rule|OHKO Clause: OHKO moves are banned
|rule|Evasion Items Clause: Evasion items are banned
|rule|Evasion Moves Clause: Evasion moves are banned
|rule|Evasion Abilities Clause: Evasion abilities are banned
|rule|Sleep Moves Clause: Sleep-inducing moves are banned
|clearpoke
|poke|p1|Tyranitar, F|
|poke|p1|Cinderace, M|
|poke|p1|Lokix, F|
|poke|p1|Latios, M|
|poke|p1|Magnezone|
|poke|p1|Alomomola, M|
|poke|p2|Gliscor, M|
|poke|p2|Gholdengo|
|poke|p2|Dragonite, F|
|poke|p2|Ting-Lu|
|poke|p2|Darkrai|
|poke|p2|Zamazenta-*|
|teampreview
|inactive|Battle timer is ON: inactive players will automatically lose when time's up. (requested by pikaragedd)
|
|t:|1779965675
|teamsize|p1|6
|teamsize|p2|6
|start
|switch|p1a: Alomomola|Alomomola, M|100/100
|switch|p2a: Gliscor|Gliscor, M|100/100
|turn|1
|
|t:|1779965682
|move|p2a: Gliscor|Protect|p2a: Gliscor
|-singleturn|p2a: Gliscor|Protect
|move|p1a: Alomomola|Scald|p2a: Gliscor
|-activate|p2a: Gliscor|move: Protect
|
|-status|p2a: Gliscor|tox|[from] item: Toxic Orb
|upkeep
|turn|2
|
|t:|1779965692
|move|p2a: Gliscor|Toxic|p1a: Alomomola
|-status|p1a: Alomomola|tox
|move|p1a: Alomomola|Flip Turn|p2a: Gliscor
|-supereffective|p2a: Gliscor
|-damage|p2a: Gliscor|81/100 tox
|
|t:|1779965700
|switch|p1a: Magnezone|Magnezone|100/100|[from] Flip Turn
|
|-heal|p2a: Gliscor|94/100 tox|[from] ability: Poison Heal
|upkeep
|turn|3
|
|t:|1779965708
|switch|p1a: Alomomola|Alomomola, M|100/100 tox
|move|p2a: Gliscor|Earthquake|p1a: Alomomola
|-damage|p1a: Alomomola|81/100 tox
|
|-heal|p2a: Gliscor|100/100 tox|[from] ability: Poison Heal
|-damage|p1a: Alomomola|75/100 tox|[from] psn
|upkeep
|turn|4
|
|t:|1779965733
|move|p2a: Gliscor|Spikes|p1a: Alomomola
|-sidestart|p1: pikaragedd|Spikes
|move|p1a: Alomomola|Flip Turn|p2a: Gliscor
|-supereffective|p2a: Gliscor
|-damage|p2a: Gliscor|81/100 tox
|
|t:|1779965742
|switch|p1a: Latios|Latios, M|100/100|[from] Flip Turn
|
|-heal|p2a: Gliscor|94/100 tox|[from] ability: Poison Heal
|upkeep
|turn|5
|
|t:|1779965750
|move|p2a: Gliscor|Protect|p2a: Gliscor
|-singleturn|p2a: Gliscor|Protect
|move|p1a: Latios|Luster Purge|p2a: Gliscor
|-activate|p2a: Gliscor|move: Protect
|
|-heal|p2a: Gliscor|100/100 tox|[from] ability: Poison Heal
|upkeep
|turn|6
|
|t:|1779965759
|switch|p1a: Tyranitar|Tyranitar, F|100/100
|-damage|p1a: Tyranitar|88/100|[from] Spikes
|-weather|Sandstorm|[from] ability: Sand Stream|[of] p1a: Tyranitar
|switch|p2a: Ting-Lu|Ting-Lu|100/100
|-ability|p2a: Ting-Lu|Vessel of Ruin
|
|-weather|Sandstorm|[upkeep]
|upkeep
|turn|7
|
|t:|1779965770
|move|p1a: Tyranitar|Knock Off|p2a: Ting-Lu
|-resisted|p2a: Ting-Lu
|-damage|p2a: Ting-Lu|84/100
|-enditem|p2a: Ting-Lu|Leftovers|[from] move: Knock Off|[of] p1a: Tyranitar
|move|p2a: Ting-Lu|Stealth Rock|p1a: Tyranitar
|-sidestart|p1: pikaragedd|move: Stealth Rock
|
|-weather|Sandstorm|[upkeep]
|upkeep
|turn|8
|
|t:|1779965779
|move|p1a: Tyranitar|Low Kick|p2a: Ting-Lu
|-supereffective|p2a: Ting-Lu
|-damage|p2a: Ting-Lu|30/100
|move|p2a: Ting-Lu|Earthquake|p1a: Tyranitar
|-supereffective|p1a: Tyranitar
|-crit|p1a: Tyranitar
|-damage|p1a: Tyranitar|0 fnt
|faint|p1a: Tyranitar
|
|-weather|Sandstorm|[upkeep]
|upkeep
|
|t:|1779965795
|switch|p1a: Cinderace|Cinderace, M|100/100
|turn|9
|
|t:|1779965804
|switch|p2a: Gliscor|Gliscor, M|100/100 tox
|move|p1a: Cinderace|Court Change|p1a: Cinderace
|-swapsideconditions
|-activate|p1a: Cinderace|move: Court Change
|
|-weather|Sandstorm|[upkeep]
|-damage|p1a: Cinderace|94/100|[from] Sandstorm
|upkeep
|turn|10
|
|t:|1779965816
|switch|p1a: Latios|Latios, M|100/100
|move|p2a: Gliscor|Spikes|p1a: Latios
|-sidestart|p1: pikaragedd|Spikes
|
|-weather|none
|upkeep
|turn|11
|
|t:|1779965826
|move|p2a: Gliscor|Protect|p2a: Gliscor
|-singleturn|p2a: Gliscor|Protect
|move|p1a: Latios|Draco Meteor|p2a: Gliscor
|-activate|p2a: Gliscor|move: Protect
|
|upkeep
|turn|12
|
|t:|1779965833
|switch|p2a: Gholdengo|Gholdengo|100/100
|-damage|p2a: Gholdengo|88/100|[from] Spikes
|-damage|p2a: Gholdengo|82/100|[from] Stealth Rock
|move|p1a: Latios|Draco Meteor|p2a: Gholdengo
|-resisted|p2a: Gholdengo
|-damage|p2a: Gholdengo|35/100
|-unboost|p1a: Latios|spa|2
|
|upkeep
|turn|13
|
|t:|1779965856
|switch|p1a: Alomomola|Alomomola, M|100/100 tox
|-damage|p1a: Alomomola|88/100 tox|[from] Spikes
|move|p2a: Gholdengo|Recover|p2a: Gholdengo
|-heal|p2a: Gholdengo|85/100
|
|-damage|p1a: Alomomola|82/100 tox|[from] psn
|upkeep
|turn|14
|j| foxi4
|
|t:|1779965866
|switch|p2a: Gliscor|Gliscor, M|100/100 tox
|-damage|p2a: Gliscor|88/100 tox|[from] Stealth Rock
|move|p1a: Alomomola|Flip Turn|p2a: Gliscor
|-supereffective|p2a: Gliscor
|-damage|p2a: Gliscor|69/100 tox
|
|t:|1779965877
|switch|p1a: Latios|Latios, M|100/100|[from] Flip Turn
|
|-heal|p2a: Gliscor|82/100 tox|[from] ability: Poison Heal
|upkeep
|turn|15
|inactive|pikaragedd has 120 seconds left.
|
|t:|1779965912
|move|p2a: Gliscor|Protect|p2a: Gliscor
|-singleturn|p2a: Gliscor|Protect
|move|p1a: Latios|Trick|p2a: Gliscor
|-activate|p2a: Gliscor|move: Protect
|
|-heal|p2a: Gliscor|94/100 tox|[from] ability: Poison Heal
|upkeep
|turn|16
|
|t:|1779965941
|switch|p2a: Gholdengo|Gholdengo|85/100
|-damage|p2a: Gholdengo|73/100|[from] Spikes
|-damage|p2a: Gholdengo|67/100|[from] Stealth Rock
|move|p1a: Latios|Trick|p2a: Gholdengo
|-immune|p2a: Gholdengo|[from] ability: Good as Gold
|
|upkeep
|turn|17
|j| testingrainteam1
|inactive|celestial nolonolo has 120 seconds left.
|
|t:|1779965956
|switch|p1a: Alomomola|Alomomola, M|100/100 tox
|-damage|p1a: Alomomola|88/100 tox|[from] Spikes
|move|p2a: Gholdengo|Trick|p1a: Alomomola
|-activate|p2a: Gholdengo|move: Trick|[of] p1a: Alomomola
|-item|p1a: Alomomola|Choice Scarf|[from] move: Trick
|-item|p2a: Gholdengo|Rocky Helmet|[from] move: Trick
|
|-damage|p1a: Alomomola|82/100 tox|[from] psn
|upkeep
|turn|18
|
|t:|1779965968
|move|p2a: Gholdengo|Recover|p2a: Gholdengo
|-heal|p2a: Gholdengo|100/100
|move|p1a: Alomomola|Flip Turn|p2a: Gholdengo
|-damage|p2a: Gholdengo|83/100
|-damage|p1a: Alomomola|65/100 tox|[from] item: Rocky Helmet|[of] p2a: Gholdengo
|inactive|pikaragedd has 90 seconds left.
|
|t:|1779965992
|switch|p1a: Cinderace|Cinderace, M|94/100|[from] Flip Turn
|
|upkeep
|turn|19
|l| testingrainteam1
|inactive|pikaragedd has 90 seconds left.
|
|t:|1779966009
|switch|p2a: Gliscor|Gliscor, M|94/100 tox
|-damage|p2a: Gliscor|82/100 tox|[from] Stealth Rock
|move|p1a: Cinderace|U-turn|p2a: Gliscor
|-resisted|p2a: Gliscor
|-damage|p2a: Gliscor|76/100 tox
|l| foxi4
|
|t:|1779966032
|switch|p1a: Lokix|Lokix, F|100/100|[from] U-turn
|-damage|p1a: Lokix|88/100|[from] Spikes
|
|-heal|p2a: Gliscor|89/100 tox|[from] ability: Poison Heal
|upkeep
|turn|20
|
|t:|1779966040
|move|p2a: Gliscor|Protect|p2a: Gliscor
|-singleturn|p2a: Gliscor|Protect
|move|p1a: Lokix|Swords Dance|p1a: Lokix
|-boost|p1a: Lokix|atk|2
|
|-heal|p2a: Gliscor|100/100 tox|[from] ability: Poison Heal
|upkeep
|turn|21
|
|t:|1779966052
|switch|p2a: Ting-Lu|Ting-Lu|30/100
|-damage|p2a: Ting-Lu|17/100|[from] Spikes
|-damage|p2a: Ting-Lu|11/100|[from] Stealth Rock
|-ability|p2a: Ting-Lu|Vessel of Ruin
|-terastallize|p1a: Lokix|Dark
|move|p1a: Lokix|Knock Off|p2a: Ting-Lu
|-resisted|p2a: Ting-Lu
|-damage|p2a: Ting-Lu|0 fnt
|faint|p2a: Ting-Lu
|-damage|p1a: Lokix|78/100|[from] item: Life Orb
|
|upkeep
|
|t:|1779966057
|switch|p2a: Zamazenta|Zamazenta|100/100
|-ability|p2a: Zamazenta|Dauntless Shield|boost
|-boost|p2a: Zamazenta|def|1
|turn|22
|
|t:|1779966071
|move|p1a: Lokix|Sucker Punch|p2a: Zamazenta
|-resisted|p2a: Zamazenta
|-damage|p2a: Zamazenta|31/100
|-damage|p1a: Lokix|68/100|[from] item: Life Orb
|move|p2a: Zamazenta|Close Combat|p1a: Lokix
|-supereffective|p1a: Lokix
|-damage|p1a: Lokix|0 fnt
|-unboost|p2a: Zamazenta|def|1
|-unboost|p2a: Zamazenta|spd|1
|faint|p1a: Lokix
|
|upkeep
|
|t:|1779966084
|switch|p1a: Latios|Latios, M|100/100
|turn|23
|
|t:|1779966092
|switch|p1a: Magnezone|Magnezone|100/100
|-damage|p1a: Magnezone|88/100|[from] Spikes
|switch|p2a: Gholdengo|Gholdengo|83/100
|-damage|p2a: Gholdengo|71/100|[from] Spikes
|-damage|p2a: Gholdengo|65/100|[from] Stealth Rock
|
|upkeep
|turn|24
|
|t:|1779966107
|switch|p2a: Gliscor|Gliscor, M|100/100 tox
|-damage|p2a: Gliscor|88/100 tox|[from] Stealth Rock
|move|p1a: Magnezone|Magnet Rise|p1a: Magnezone
|-start|p1a: Magnezone|Magnet Rise
|
|-heal|p2a: Gliscor|100/100 tox|[from] ability: Poison Heal
|upkeep
|turn|25
|
|t:|1779966117
|move|p2a: Gliscor|Spikes|p1a: Magnezone
|-sidestart|p1: pikaragedd|Spikes
|move|p1a: Magnezone|Flash Cannon|p2a: Gliscor
|-damage|p2a: Gliscor|42/100 tox
|
|-heal|p2a: Gliscor|55/100 tox|[from] ability: Poison Heal
|upkeep
|turn|26
|
|t:|1779966125
|move|p2a: Gliscor|Protect|p2a: Gliscor
|-singleturn|p2a: Gliscor|Protect
|move|p1a: Magnezone|Flash Cannon|p2a: Gliscor
|-activate|p2a: Gliscor|move: Protect
|
|-heal|p2a: Gliscor|67/100 tox|[from] ability: Poison Heal
|upkeep
|turn|27
|
|t:|1779966138
|switch|p2a: Gholdengo|Gholdengo|65/100
|-damage|p2a: Gholdengo|53/100|[from] Spikes
|-damage|p2a: Gholdengo|47/100|[from] Stealth Rock
|move|p1a: Magnezone|Volt Switch|p2a: Gholdengo
|-damage|p2a: Gholdengo|0 fnt
|faint|p2a: Gholdengo
|
|t:|1779966151
|switch|p1a: Latios|Latios, M|100/100|[from] Volt Switch
|
|upkeep
|
|t:|1779966155
|switch|p2a: Darkrai|Darkrai|100/100
|turn|28
|inactive|pikaragedd has 90 seconds left.
|
|t:|1779966164
|move|p1a: Latios|Draco Meteor|p2a: Darkrai
|-damage|p2a: Darkrai|1/100
|-unboost|p1a: Latios|spa|2
|move|p2a: Darkrai|Dark Pulse|p1a: Latios
|-supereffective|p1a: Latios
|-damage|p1a: Latios|4/100
|
|upkeep
|turn|29
|inactive|pikaragedd has 90 seconds left.
|
|t:|1779966182
|switch|p1a: Cinderace|Cinderace, M|94/100
|switch|p2a: Gliscor|Gliscor, M|67/100 tox
|-damage|p2a: Gliscor|55/100 tox|[from] Stealth Rock
|
|-heal|p2a: Gliscor|67/100 tox|[from] ability: Poison Heal
|upkeep
|turn|30
|inactive|pikaragedd has 90 seconds left.
|
|t:|1779966193
|move|p1a: Cinderace|Pyro Ball|p2a: Gliscor
|-damage|p2a: Gliscor|41/100 tox
|move|p2a: Gliscor|Toxic|p1a: Cinderace
|-status|p1a: Cinderace|tox
|
|-damage|p1a: Cinderace|88/100 tox|[from] psn
|-heal|p2a: Gliscor|53/100 tox|[from] ability: Poison Heal
|upkeep
|turn|31
|inactive|pikaragedd has 90 seconds left.
|
|t:|1779966204
|move|p2a: Gliscor|Protect|p2a: Gliscor
|-singleturn|p2a: Gliscor|Protect
|move|p1a: Cinderace|Pyro Ball|p2a: Gliscor
|-activate|p2a: Gliscor|move: Protect
|
|-damage|p1a: Cinderace|76/100 tox|[from] psn
|-heal|p2a: Gliscor|66/100 tox|[from] ability: Poison Heal
|upkeep
|turn|32
|inactive|pikaragedd has 90 seconds left.
|
|t:|1779966217
|move|p1a: Cinderace|Pyro Ball|p2a: Gliscor
|-damage|p2a: Gliscor|35/100 tox
|move|p2a: Gliscor|Spikes|p1a: Cinderace
|-sidestart|p1: pikaragedd|Spikes
|
|-damage|p1a: Cinderace|58/100 tox|[from] psn
|-heal|p2a: Gliscor|48/100 tox|[from] ability: Poison Heal
|upkeep
|turn|33
|
|t:|1779966226
|move|p2a: Gliscor|Protect|p2a: Gliscor
|-singleturn|p2a: Gliscor|Protect
|move|p1a: Cinderace|Pyro Ball|p2a: Gliscor
|-activate|p2a: Gliscor|move: Protect
|
|-damage|p1a: Cinderace|34/100 tox|[from] psn
|-heal|p2a: Gliscor|60/100 tox|[from] ability: Poison Heal
|upkeep
|turn|34
|
|t:|1779966238
|move|p2a: Gliscor|Protect|p2a: Gliscor
|-singleturn|p2a: Gliscor|Protect
|move|p1a: Cinderace|Pyro Ball|p2a: Gliscor
|-activate|p2a: Gliscor|move: Protect
|
|-damage|p1a: Cinderace|4/100 tox|[from] psn
|-heal|p2a: Gliscor|73/100 tox|[from] ability: Poison Heal
|upkeep
|turn|35
|
|t:|1779966247
|move|p2a: Gliscor|Protect||[still]
|-fail|p2a: Gliscor
|move|p1a: Cinderace|Pyro Ball|p2a: Gliscor
|-damage|p2a: Gliscor|28/100 tox
|
|-damage|p1a: Cinderace|0 fnt|[from] psn
|faint|p1a: Cinderace
|-heal|p2a: Gliscor|41/100 tox|[from] ability: Poison Heal
|upkeep
|
|t:|1779966259
|switch|p1a: Latios|Latios, M|4/100
|turn|36
|
|t:|1779966269
|move|p2a: Gliscor|Protect|p2a: Gliscor
|-singleturn|p2a: Gliscor|Protect
|move|p1a: Latios|Draco Meteor|p2a: Gliscor
|-activate|p2a: Gliscor|move: Protect
|
|-heal|p2a: Gliscor|53/100 tox|[from] ability: Poison Heal
|upkeep
|turn|37
|
|t:|1779966278
|-terastallize|p2a: Gliscor|Fairy
|move|p1a: Latios|Draco Meteor|p2a: Gliscor
|-immune|p2a: Gliscor
|move|p2a: Gliscor|Toxic|p1a: Latios
|-status|p1a: Latios|tox
|
|-damage|p1a: Latios|0 fnt|[from] psn
|faint|p1a: Latios
|-heal|p2a: Gliscor|66/100 tox|[from] ability: Poison Heal
|upkeep
|
|t:|1779966291
|switch|p1a: Magnezone|Magnezone|88/100
|-damage|p1a: Magnezone|63/100|[from] Spikes
|turn|38
|
|t:|1779966305
|move|p2a: Gliscor|Earthquake|p1a: Magnezone
|-supereffective|p1a: Magnezone
|-damage|p1a: Magnezone|0 fnt
|faint|p1a: Magnezone
|
|-heal|p2a: Gliscor|78/100 tox|[from] ability: Poison Heal
|upkeep
|-message|pikaragedd forfeited.
|
|win|celestial nolonolo
|raw|pikaragedd's rating: 1523 &rarr; <strong>1507</strong><br />(-16 for losing)
|raw|celestial nolonolo's rating: 1589 &rarr; <strong>1605</strong><br />(+16 for winning)
|l|☆pikaragedd
|player|p1|
|l|☆celestial nolonolo
|player|p2|
