|j|☆i will eat another
|j|☆luizinocria777rlk
|t:|1779818326
|gametype|singles
|player|p1|i will eat another|depotagent|1237
|player|p2|luizinocria777rlk|266|1244
|gen|9
|tier|[Gen 9] OU
|rated|
|rule|HP Percentage Mod: HP is shown in percentages
|rule|Endless Battle Clause: Forcing endless battles is banned
|rule|Species Clause: Limit one of each Pokémon
|rule|OHKO Clause: OHKO moves are banned
|rule|Evasion Items Clause: Evasion items are banned
|rule|Evasion Moves Clause: Evasion moves are banned
|rule|Evasion Abilities Clause: Evasion abilities are banned
|rule|Sleep Moves Clause: Sleep-inducing moves are banned
|clearpoke
|poke|p1|Breloom, M|
|poke|p1|Swinub, M|
|poke|p1|Iron Crown|
|poke|p1|Talonflame, M|
|poke|p1|Greninja-*, F|
|poke|p1|Glimmora, F|
|poke|p2|Ursaluna, M|
|poke|p2|Gliscor, F|
|poke|p2|Darkrai|
|poke|p2|Ceruledge, F|
|poke|p2|Toxapex, M|
|poke|p2|Primarina, F|
|teampreview
|inactive|Battle timer is ON: inactive players will automatically lose when time's up. (requested by i will eat another)
|
|t:|1779818334
|teamsize|p1|6
|teamsize|p2|6
|start
|switch|p1a: Greninja|Greninja, F|100/100
|switch|p2a: Gliscor|Gliscor, F|100/100
|turn|1
|
|t:|1779818341
|switch|p2a: Toxapex|Toxapex, M|100/100
|move|p1a: Greninja|Ice Beam|p2a: Toxapex
|-start|p1a: Greninja|typechange|Ice|[from] ability: Protean
|-resisted|p2a: Toxapex
|-damage|p2a: Toxapex|78/100
|-status|p2a: Toxapex|frz
|
|-heal|p2a: Toxapex|84/100 frz|[from] item: Leftovers
|upkeep
|turn|2
|
|t:|1779818351
|switch|p1a: Iron Crown|Iron Crown|100/100
|-enditem|p1a: Iron Crown|Booster Energy
|-activate|p1a: Iron Crown|ability: Quark Drive|[fromitem]
|-start|p1a: Iron Crown|quarkdrivespe
|cant|p2a: Toxapex|frz
|
|-heal|p2a: Toxapex|91/100 frz|[from] item: Leftovers
|upkeep
|turn|3
|
|t:|1779818359
|switch|p2a: Darkrai|Darkrai|100/100
|move|p1a: Iron Crown|Calm Mind|p1a: Iron Crown
|-boost|p1a: Iron Crown|spa|1
|-boost|p1a: Iron Crown|spd|1
|
|upkeep
|turn|4
|
|t:|1779818368
|-terastallize|p1a: Iron Crown|Fighting
|move|p1a: Iron Crown|Focus Blast|p2a: Darkrai
|-supereffective|p2a: Darkrai
|-damage|p2a: Darkrai|0 fnt
|faint|p2a: Darkrai
|
|upkeep
|
|t:|1779818392
|switch|p2a: Primarina|Primarina, F|100/100
|turn|5
|
|t:|1779818400
|move|p1a: Iron Crown|Tachyon Cutter|p2a: Primarina
|-damage|p2a: Primarina|70/100
|-damage|p2a: Primarina|41/100
|-hitcount|p2a: Primarina|2
|move|p2a: Primarina|Draining Kiss|p1a: Iron Crown
|-supereffective|p1a: Iron Crown
|-damage|p1a: Iron Crown|72/100
|-heal|p2a: Primarina|61/100|[from] drain|[of] p1a: Iron Crown
|
|-heal|p2a: Primarina|67/100|[from] item: Leftovers
|upkeep
|turn|6
|
|t:|1779818413
|move|p1a: Iron Crown|Psyshock|p2a: Primarina
|-damage|p2a: Primarina|24/100
|move|p2a: Primarina|Draining Kiss|p1a: Iron Crown
|-supereffective|p1a: Iron Crown
|-damage|p1a: Iron Crown|46/100
|-heal|p2a: Primarina|43/100|[from] drain|[of] p1a: Iron Crown
|
|-heal|p2a: Primarina|49/100|[from] item: Leftovers
|upkeep
|turn|7
|
|t:|1779818421
|move|p1a: Iron Crown|Tachyon Cutter|p2a: Primarina
|-damage|p2a: Primarina|17/100
|-damage|p2a: Primarina|0 fnt
|faint|p2a: Primarina
|-hitcount|p2: Primarina|2
|
|upkeep
|
|t:|1779818432
|switch|p2a: Ursaluna|Ursaluna, M|100/100
|turn|8
|
|t:|1779818438
|-terastallize|p2a: Ursaluna|Ground
|move|p1a: Iron Crown|Focus Blast|p2a: Ursaluna
|-damage|p2a: Ursaluna|8/100
|move|p2a: Ursaluna|Earthquake|p1a: Iron Crown
|-damage|p1a: Iron Crown|0 fnt
|faint|p1a: Iron Crown
|-end|p1a: Iron Crown|Quark Drive|[silent]
|
|-status|p2a: Ursaluna|brn|[from] item: Flame Orb
|upkeep
|
|t:|1779818447
|switch|p1a: Swinub|Swinub, M|100/100
|turn|9
|
|t:|1779818451
|move|p1a: Swinub|Ice Shard|p2a: Ursaluna
|-supereffective|p2a: Ursaluna
|-damage|p2a: Ursaluna|0 fnt
|faint|p2a: Ursaluna
|
|upkeep
|
|t:|1779818460
|switch|p2a: Gliscor|Gliscor, F|100/100
|turn|10
|
|t:|1779818468
|switch|p2a: Toxapex|Toxapex, M|100/100 frz
|move|p1a: Swinub|Endeavor|p2a: Toxapex
|-immune|p2a: Toxapex
|
|upkeep
|turn|11
|
|t:|1779818475
|move|p1a: Swinub|Earthquake|p2a: Toxapex
|-supereffective|p2a: Toxapex
|-damage|p2a: Toxapex|45/100 frz
|cant|p2a: Toxapex|frz
|
|-heal|p2a: Toxapex|51/100 frz|[from] item: Leftovers
|upkeep
|turn|12
|
|t:|1779818482
|move|p1a: Swinub|Earthquake|p2a: Toxapex
|-supereffective|p2a: Toxapex
|-damage|p2a: Toxapex|0 fnt
|faint|p2a: Toxapex
|
|upkeep
|
|t:|1779818486
|switch|p2a: Gliscor|Gliscor, F|100/100
|turn|13
|
|t:|1779818490
|move|p2a: Gliscor|Earthquake|p1a: Swinub
|-enditem|p1a: Swinub|Focus Sash
|-damage|p1a: Swinub|1/100
|move|p1a: Swinub|Endeavor|p2a: Gliscor
|-damage|p2a: Gliscor|1/100
|
|-status|p2a: Gliscor|tox|[from] item: Toxic Orb
|upkeep
|turn|14
|
|t:|1779818499
|move|p1a: Swinub|Ice Shard|p2a: Gliscor
|-supereffective|p2a: Gliscor
|-damage|p2a: Gliscor|0 fnt
|faint|p2a: Gliscor
|
|upkeep
|
|t:|1779818502
|switch|p2a: Ceruledge|Ceruledge, F|100/100
|turn|15
|
|t:|1779818505
|move|p2a: Ceruledge|Shadow Sneak|p1a: Swinub
|-damage|p1a: Swinub|0 fnt
|faint|p1a: Swinub
|
|upkeep
|
|t:|1779818512
|switch|p1a: Greninja|Greninja, F|100/100
|turn|16
|
|t:|1779818516
|move|p1a: Greninja|Dark Pulse|p2a: Ceruledge
|-start|p1a: Greninja|typechange|Dark|[from] ability: Protean
|-supereffective|p2a: Ceruledge
|-damage|p2a: Ceruledge|0 fnt
|faint|p2a: Ceruledge
|
|win|i will eat another
|raw|i will eat another's rating: 1237 &rarr; <strong>1263</strong><br />(+26 for winning)
|raw|luizinocria777rlk's rating: 1244 &rarr; <strong>1218</strong><br />(-26 for losing)
|l|☆luizinocria777rlk
|player|p2|
|l|☆i will eat another
|player|p1|
