|j|☆yespoleon
|j|☆DaevEVtest
|t:|1779930971
|gametype|singles
|player|p1|yespoleon|brock|1521
|player|p2|DaevEVtest|drayden|1476
|gen|9
|tier|[Gen 9] OU
|rated|
|rule|HP Percentage Mod: HP is shown in percentages
|rule|Endless Battle Clause: Forcing endless battles is banned
|rule|Species Clause: Limit one of each Pokémon
|rule|OHKO Clause: OHKO moves are banned
|rule|Evasion Items Clause: Evasion items are banned
|rule|Evasion Moves Clause: Evasion moves are banned
|rule|Evasion Abilities Clause: Evasion abilities are banned
|rule|Sleep Moves Clause: Sleep-inducing moves are banned
|clearpoke
|poke|p1|Deoxys-Speed|
|poke|p1|Ogerpon-Wellspring, F|
|poke|p1|Slowking-Galar, M|
|poke|p1|Kingambit, M|
|poke|p1|Moltres|
|poke|p1|Great Tusk|
|poke|p2|Zapdos-Galar|
|poke|p2|Grimmsnarl, M|
|poke|p2|Weezing-Galar, M|
|poke|p2|Great Tusk|
|poke|p2|Blastoise, M|
|poke|p2|Thundurus-Therian, M|
|teampreview
|inactive|Battle timer is ON: inactive players will automatically lose when time's up. (requested by yespoleon)
|
|t:|1779930998
|teamsize|p1|6
|teamsize|p2|6
|start
|switch|p1a: Slowking|Slowking-Galar, M, shiny|100/100
|switch|p2a: Feo pero mamado|Grimmsnarl, M, shiny|100/100
|turn|1
|
|t:|1779931002
|move|p2a: Feo pero mamado|Spirit Break|p1a: Slowking
|-resisted|p1a: Slowking
|-damage|p1a: Slowking|80/100
|-unboost|p1a: Slowking|spa|1
|move|p1a: Slowking|Thunder Wave|p2a: Feo pero mamado
|-status|p2a: Feo pero mamado|par
|
|upkeep
|turn|2
|
|t:|1779931006
|move|p2a: Feo pero mamado|Spirit Break|p1a: Slowking
|-resisted|p1a: Slowking
|-damage|p1a: Slowking|59/100
|-unboost|p1a: Slowking|spa|1
|move|p1a: Slowking|Sludge Bomb|p2a: Feo pero mamado
|-supereffective|p2a: Feo pero mamado
|-damage|p2a: Feo pero mamado|65/100 par
|
|-heal|p2a: Feo pero mamado|72/100 par|[from] item: Leftovers
|upkeep
|turn|3
|
|t:|1779931009
|move|p2a: Feo pero mamado|Sucker Punch|p1a: Slowking
|-supereffective|p1a: Slowking
|-damage|p1a: Slowking|0 fnt
|faint|p1a: Slowking
|
|-heal|p2a: Feo pero mamado|78/100 par|[from] item: Leftovers
|upkeep
|
|t:|1779931014
|switch|p1a: Great Tusk|Great Tusk, shiny|100/100
|turn|4
|
|t:|1779931018
|cant|p2a: Feo pero mamado|par
|move|p1a: Great Tusk|Headlong Rush|p2a: Feo pero mamado
|-damage|p2a: Feo pero mamado|4/100 par
|-unboost|p1a: Great Tusk|def|1
|-unboost|p1a: Great Tusk|spd|1
|
|-heal|p2a: Feo pero mamado|10/100 par|[from] item: Leftovers
|upkeep
|turn|5
|
|t:|1779931023
|move|p2a: Feo pero mamado|Parting Shot|p1a: Great Tusk
|-unboost|p1a: Great Tusk|atk|1
|-unboost|p1a: Great Tusk|spa|1
|
|t:|1779931031
|switch|p2a: Vende "Proteina"|Weezing-Galar, M, shiny|100/100|[from] Parting Shot
|move|p1a: Great Tusk|Ice Spinner|p2a: Vende "Proteina"
|-damage|p2a: Vende "Proteina"|87/100
|
|-heal|p2a: Vende "Proteina"|93/100|[from] item: Leftovers
|upkeep
|turn|6
|
|t:|1779931039
|-end|p1a: Great Tusk|Protosynthesis|[silent]
|switch|p1a: Deoxys|Deoxys-Speed, shiny|100/100
|-ability|p1a: Deoxys|Pressure
|move|p2a: Vende "Proteina"|Toxic Spikes|p1a: Deoxys
|-sidestart|p1: yespoleon|move: Toxic Spikes
|
|-heal|p2a: Vende "Proteina"|99/100|[from] item: Leftovers
|upkeep
|turn|7
|
|t:|1779931047
|switch|p2a: Feo pero mamado|Grimmsnarl, M, shiny|10/100 par
|move|p1a: Deoxys|Psycho Boost|p2a: Feo pero mamado
|-immune|p2a: Feo pero mamado
|
|-heal|p2a: Feo pero mamado|16/100 par|[from] item: Leftovers
|upkeep
|turn|8
|
|t:|1779931050
|switch|p1a: Great Tusk|Great Tusk, shiny|100/100
|cant|p2a: Feo pero mamado|par
|
|-heal|p2a: Feo pero mamado|22/100 par|[from] item: Leftovers
|upkeep
|turn|9
|
|t:|1779931054
|move|p2a: Feo pero mamado|Parting Shot|p1a: Great Tusk
|-unboost|p1a: Great Tusk|atk|1
|-unboost|p1a: Great Tusk|spa|1
|
|t:|1779931058
|switch|p2a: Vende "Proteina"|Weezing-Galar, M, shiny|99/100|[from] Parting Shot
|move|p1a: Great Tusk|Rapid Spin|p2a: Vende "Proteina"
|-damage|p2a: Vende "Proteina"|91/100
|-boost|p1a: Great Tusk|spe|1
|-sideend|p1: yespoleon|Toxic Spikes|[from] move: Rapid Spin|[of] p1a: Great Tusk
|
|-heal|p2a: Vende "Proteina"|97/100|[from] item: Leftovers
|upkeep
|turn|10
|
|t:|1779931060
|-end|p1a: Great Tusk|Protosynthesis|[silent]
|switch|p1a: Deoxys|Deoxys-Speed, shiny|100/100
|-ability|p1a: Deoxys|Pressure
|move|p2a: Vende "Proteina"|Toxic Spikes|p1a: Deoxys
|-sidestart|p1: yespoleon|move: Toxic Spikes
|
|-heal|p2a: Vende "Proteina"|100/100|[from] item: Leftovers
|upkeep
|turn|11
|
|t:|1779931065
|move|p1a: Deoxys|Ice Beam|p2a: Vende "Proteina"
|-damage|p2a: Vende "Proteina"|51/100
|move|p2a: Vende "Proteina"|Sludge Bomb|p1a: Deoxys
|-damage|p1a: Deoxys|63/100
|
|-heal|p2a: Vende "Proteina"|57/100|[from] item: Leftovers
|upkeep
|turn|12
|
|t:|1779931074
|switch|p2a: Estoy en Volumen|Blastoise, M|100/100
|move|p1a: Deoxys|Ice Beam|p2a: Estoy en Volumen
|-resisted|p2a: Estoy en Volumen
|-damage|p2a: Estoy en Volumen|92/100
|
|upkeep
|turn|13
|
|t:|1779931077
|switch|p1a: Ogerpon|Ogerpon-Wellspring, F|100/100
|-status|p1a: Ogerpon|psn
|move|p2a: Estoy en Volumen|Chilling Water|p1a: Ogerpon
|-immune|p1a: Ogerpon|[from] ability: Water Absorb
|
|-damage|p1a: Ogerpon|88/100 psn|[from] psn
|upkeep
|turn|14
|
|t:|1779931083
|switch|p2a: Feo pero mamado|Grimmsnarl, M, shiny|22/100 par
|move|p1a: Ogerpon|U-turn|p2a: Feo pero mamado
|-damage|p2a: Feo pero mamado|0 fnt
|faint|p2a: Feo pero mamado
|
|t:|1779931086
|switch|p1a: Great Tusk|Great Tusk, shiny|100/100|[from] U-turn
|
|upkeep
|
|t:|1779931089
|switch|p2a: Vende "Proteina"|Weezing-Galar, M, shiny|57/100
|turn|15
|
|t:|1779931093
|-terastallize|p2a: Vende "Proteina"|Ghost
|move|p1a: Great Tusk|Headlong Rush|p2a: Vende "Proteina"
|-immune|p2a: Vende "Proteina"|[from] ability: Levitate
|move|p2a: Vende "Proteina"|Will-O-Wisp|p1a: Great Tusk
|-status|p1a: Great Tusk|brn
|
|-heal|p2a: Vende "Proteina"|63/100|[from] item: Leftovers
|-damage|p1a: Great Tusk|94/100 brn|[from] brn
|upkeep
|turn|16
|
|t:|1779931106
|move|p1a: Great Tusk|Stealth Rock|p2a: Vende "Proteina"
|-sidestart|p2: DaevEVtest|move: Stealth Rock
|move|p2a: Vende "Proteina"|Sludge Bomb|p1a: Great Tusk
|-resisted|p1a: Great Tusk
|-damage|p1a: Great Tusk|73/100 brn
|
|-heal|p2a: Vende "Proteina"|69/100|[from] item: Leftovers
|-damage|p1a: Great Tusk|67/100 brn|[from] brn
|upkeep
|turn|17
|
|t:|1779931114
|-end|p1a: Great Tusk|Protosynthesis|[silent]
|switch|p1a: Deoxys|Deoxys-Speed, shiny|63/100
|-status|p1a: Deoxys|psn
|-ability|p1a: Deoxys|Pressure
|move|p2a: Vende "Proteina"|Toxic Spikes|p1a: Deoxys
|-sidestart|p1: yespoleon|move: Toxic Spikes
|
|-heal|p2a: Vende "Proteina"|75/100|[from] item: Leftovers
|-damage|p1a: Deoxys|50/100 psn|[from] psn
|upkeep
|turn|18
|
|t:|1779931118
|switch|p2a: Estoy en Volumen|Blastoise, M|92/100
|-damage|p2a: Estoy en Volumen|80/100|[from] Stealth Rock
|move|p1a: Deoxys|Psycho Boost|p2a: Estoy en Volumen|[miss]
|-miss|p1a: Deoxys|p2a: Estoy en Volumen
|
|-damage|p1a: Deoxys|38/100 psn|[from] psn
|upkeep
|turn|19
|
|t:|1779931121
|move|p1a: Deoxys|Psycho Boost|p2a: Estoy en Volumen
|-crit|p2a: Estoy en Volumen
|-damage|p2a: Estoy en Volumen|25/100
|-unboost|p1a: Deoxys|spa|2
|move|p2a: Estoy en Volumen|Rapid Spin|p1a: Deoxys
|-damage|p1a: Deoxys|24/100 psn
|-boost|p2a: Estoy en Volumen|spe|1
|-sideend|p2: DaevEVtest|Stealth Rock|[from] move: Rapid Spin|[of] p2a: Estoy en Volumen
|
|-damage|p1a: Deoxys|12/100 psn|[from] psn
|upkeep
|turn|20
|
|t:|1779931132
|switch|p1a: Ogerpon|Ogerpon-Wellspring, F|88/100 psn
|move|p2a: Estoy en Volumen|Rapid Spin|p1a: Ogerpon
|-damage|p1a: Ogerpon|77/100 psn
|-boost|p2a: Estoy en Volumen|spe|1
|
|-damage|p1a: Ogerpon|64/100 psn|[from] psn
|upkeep
|turn|21
|
|t:|1779931136
|move|p2a: Estoy en Volumen|Ice Beam|p1a: Ogerpon
|-damage|p1a: Ogerpon|44/100 psn
|move|p1a: Ogerpon|U-turn|p2a: Estoy en Volumen
|-damage|p2a: Estoy en Volumen|0 fnt
|faint|p2a: Estoy en Volumen
|
|t:|1779931140
|switch|p1a: Great Tusk|Great Tusk, shiny|67/100 brn|[from] U-turn
|
|-damage|p1a: Great Tusk|60/100 brn|[from] brn
|upkeep
|
|t:|1779931147
|switch|p2a: Vende "Proteina"|Weezing-Galar, M, shiny, tera:Ghost|75/100
|turn|22
|
|t:|1779931150
|-end|p1a: Great Tusk|Protosynthesis|[silent]
|switch|p1a: Moltres|Moltres, shiny|100/100
|move|p2a: Vende "Proteina"|Sludge Bomb|p1a: Moltres
|-damage|p1a: Moltres|72/100
|
|-heal|p2a: Vende "Proteina"|81/100|[from] item: Leftovers
|upkeep
|turn|23
|
|t:|1779931153
|switch|p2a: Puro Brazo Bro|Thundurus-Therian, M|100/100
|move|p1a: Moltres|Flamethrower|p2a: Puro Brazo Bro
|-damage|p2a: Puro Brazo Bro|46/100
|
|upkeep
|turn|24
|
|t:|1779931160
|switch|p1a: Great Tusk|Great Tusk, shiny|60/100 brn
|move|p2a: Puro Brazo Bro|Grass Knot|p1a: Great Tusk
|-supereffective|p1a: Great Tusk
|-damage|p1a: Great Tusk|0 fnt
|faint|p1a: Great Tusk
|-end|p1a: Great Tusk|Protosynthesis|[silent]
|
|upkeep
|
|t:|1779931164
|switch|p1a: Kingambit|Kingambit, M, shiny|100/100
|-activate|p1a: Kingambit|ability: Supreme Overlord
|-start|p1a: Kingambit|fallen2|[silent]
|turn|25
|
|t:|1779931171
|switch|p2a: EL Coach|Great Tusk|100/100
|move|p1a: Kingambit|Iron Head|p2a: EL Coach
|-damage|p2a: EL Coach|62/100
|
|upkeep
|turn|26
|
|t:|1779931174
|-end|p1a: Kingambit|fallen2|[silent]
|switch|p1a: Moltres|Moltres, shiny|72/100
|move|p2a: EL Coach|Knock Off|p1a: Moltres
|-damage|p1a: Moltres|48/100
|-status|p2a: EL Coach|brn|[from] ability: Flame Body|[of] p1a: Moltres
|-enditem|p1a: Moltres|Heavy-Duty Boots|[from] move: Knock Off|[of] p2a: EL Coach
|
|-damage|p2a: EL Coach|56/100 brn|[from] brn
|upkeep
|turn|27
|
|t:|1779931179
|-end|p2a: EL Coach|Protosynthesis|[silent]
|switch|p2a: Pura Pierna Neni|Zapdos-Galar|100/100
|move|p1a: Moltres|Roost|p1a: Moltres
|-heal|p1a: Moltres|98/100
|-singleturn|p1a: Moltres|move: Roost
|
|upkeep
|turn|28
|
|t:|1779931182
|move|p2a: Pura Pierna Neni|Brave Bird|p1a: Moltres
|-damage|p1a: Moltres|37/100
|-damage|p2a: Pura Pierna Neni|77/100|[from] Recoil
|move|p1a: Moltres|Flamethrower|p2a: Pura Pierna Neni
|-damage|p2a: Pura Pierna Neni|32/100
|
|upkeep
|turn|29
|
|t:|1779931189
|move|p2a: Pura Pierna Neni|Brave Bird|p1a: Moltres
|-damage|p1a: Moltres|0 fnt
|faint|p1a: Moltres
|-damage|p2a: Pura Pierna Neni|18/100|[from] Recoil
|
|upkeep
|
|t:|1779931192
|switch|p1a: Ogerpon|Ogerpon-Wellspring, F|44/100 psn
|turn|30
|
|t:|1779931195
|move|p1a: Ogerpon|Ivy Cudgel|p2a: Pura Pierna Neni|[anim] Ivy Cudgel Water
|-damage|p2a: Pura Pierna Neni|0 fnt
|faint|p2a: Pura Pierna Neni
|
|-damage|p1a: Ogerpon|32/100 psn|[from] psn
|upkeep
|
|t:|1779931202
|switch|p2a: Vende "Proteina"|Weezing-Galar, M, shiny, tera:Ghost|81/100
|turn|31
|
|t:|1779931205
|move|p1a: Ogerpon|Ivy Cudgel|p2a: Vende "Proteina"|[anim] Ivy Cudgel Water
|-damage|p2a: Vende "Proteina"|42/100
|move|p2a: Vende "Proteina"|Sludge Bomb|p1a: Ogerpon
|-supereffective|p1a: Ogerpon
|-damage|p1a: Ogerpon|0 fnt
|faint|p1a: Ogerpon
|
|-heal|p2a: Vende "Proteina"|48/100|[from] item: Leftovers
|upkeep
|
|t:|1779931208
|switch|p1a: Deoxys|Deoxys-Speed, shiny|12/100 psn
|-ability|p1a: Deoxys|Pressure
|turn|32
|
|t:|1779931212
|switch|p2a: Puro Brazo Bro|Thundurus-Therian, M|46/100
|move|p1a: Deoxys|Psycho Boost|p2a: Puro Brazo Bro
|-damage|p2a: Puro Brazo Bro|0 fnt
|-unboost|p1a: Deoxys|spa|2
|faint|p2a: Puro Brazo Bro
|
|-damage|p1a: Deoxys|0 fnt|[from] psn
|faint|p1a: Deoxys
|upkeep
|
|t:|1779931218
|switch|p1a: Kingambit|Kingambit, M, shiny|100/100
|switch|p2a: Vende "Proteina"|Weezing-Galar, M, shiny, tera:Ghost|48/100
|-activate|p1a: Kingambit|ability: Supreme Overlord
|-start|p1a: Kingambit|fallen5|[silent]
|turn|33
|
|t:|1779931224
|move|p2a: Vende "Proteina"|Will-O-Wisp|p1a: Kingambit
|-status|p1a: Kingambit|brn
|move|p1a: Kingambit|Swords Dance|p1a: Kingambit
|-boost|p1a: Kingambit|atk|2
|
|-heal|p2a: Vende "Proteina"|54/100|[from] item: Leftovers
|-damage|p1a: Kingambit|94/100 brn|[from] brn
|upkeep
|turn|34
|
|t:|1779931229
|move|p2a: Vende "Proteina"|Flamethrower|p1a: Kingambit
|-supereffective|p1a: Kingambit
|-damage|p1a: Kingambit|62/100 brn
|move|p1a: Kingambit|Swords Dance|p1a: Kingambit
|-boost|p1a: Kingambit|atk|2
|
|-heal|p2a: Vende "Proteina"|60/100|[from] item: Leftovers
|-heal|p1a: Kingambit|68/100 brn|[from] item: Leftovers
|-damage|p1a: Kingambit|62/100 brn|[from] brn
|upkeep
|turn|35
|
|t:|1779931240
|move|p1a: Kingambit|Sucker Punch|p2a: Vende "Proteina"
|-supereffective|p2a: Vende "Proteina"
|-damage|p2a: Vende "Proteina"|0 fnt
|faint|p2a: Vende "Proteina"
|
|-heal|p1a: Kingambit|68/100 brn|[from] item: Leftovers
|-damage|p1a: Kingambit|62/100 brn|[from] brn
|upkeep
|
|t:|1779931242
|switch|p2a: EL Coach|Great Tusk|56/100 brn
|turn|36
|
|t:|1779931245
|-terastallize|p1a: Kingambit|Water
|move|p2a: EL Coach|Close Combat|p1a: Kingambit
|-damage|p1a: Kingambit|40/100 brn
|-unboost|p2a: EL Coach|def|1
|-unboost|p2a: EL Coach|spd|1
|move|p1a: Kingambit|Iron Head|p2a: EL Coach
|-damage|p2a: EL Coach|0 fnt
|faint|p2a: EL Coach
|-end|p2a: EL Coach|Protosynthesis|[silent]
|
|win|yespoleon
|raw|yespoleon's rating: 1521 &rarr; <strong>1538</strong><br />(+17 for winning)
|raw|DaevEVtest's rating: 1476 &rarr; <strong>1459</strong><br />(-17 for losing)
|l|☆DaevEVtest
|player|p2|
|l|☆yespoleon
|player|p1|
