|j|☆baakrisht
|j|☆Ice Type Gallade
|t:|1779863494
|gametype|singles
|player|p1|baakrisht|102|1128
|player|p2|Ice Type Gallade|266|1163
|gen|9
|tier|[Gen 9] OU
|rated|
|rule|HP Percentage Mod: HP is shown in percentages
|rule|Endless Battle Clause: Forcing endless battles is banned
|rule|Species Clause: Limit one of each Pokémon
|rule|OHKO Clause: OHKO moves are banned
|rule|Evasion Items Clause: Evasion items are banned
|rule|Evasion Moves Clause: Evasion moves are banned
|rule|Evasion Abilities Clause: Evasion abilities are banned
|rule|Sleep Moves Clause: Sleep-inducing moves are banned
|clearpoke
|poke|p1|Espeon, F|
|poke|p1|Goodra, F|
|poke|p1|Weezing-Galar, M|
|poke|p1|Orthworm, F|
|poke|p1|Suicune|
|poke|p1|Muk-Alola, M|
|poke|p2|Samurott-Hisui, M|
|poke|p2|Gliscor, M|
|poke|p2|Zamazenta-*|
|poke|p2|Clefable, F|
|poke|p2|Ogerpon-Wellspring, F|
|poke|p2|Great Tusk|
|teampreview
|
|t:|1779863523
|teamsize|p1|6
|teamsize|p2|6
|start
|switch|p1a: दील दो 💖|Orthworm, F|100/100
|switch|p2a: Great Tusk|Great Tusk|100/100
|turn|1
|
|t:|1779863531
|move|p2a: Great Tusk|Knock Off|p1a: दील दो 💖
|-damage|p1a: दील दो 💖|82/100
|-enditem|p1a: दील दो 💖|Leftovers|[from] move: Knock Off|[of] p2a: Great Tusk
|move|p1a: दील दो 💖|Iron Defense|p1a: दील दो 💖
|-boost|p1a: दील दो 💖|def|2
|
|upkeep
|turn|2
|
|t:|1779863542
|move|p2a: Great Tusk|Close Combat|p1a: दील दो 💖
|-supereffective|p1a: दील दो 💖
|-damage|p1a: दील दो 💖|49/100
|-unboost|p2a: Great Tusk|def|1
|-unboost|p2a: Great Tusk|spd|1
|move|p1a: दील दो 💖|Iron Defense|p1a: दील दो 💖
|-boost|p1a: दील दो 💖|def|2
|
|upkeep
|turn|3
|
|t:|1779863545
|move|p2a: Great Tusk|Close Combat|p1a: दील दो 💖
|-supereffective|p1a: दील दो 💖
|-damage|p1a: दील दो 💖|25/100
|-unboost|p2a: Great Tusk|def|1
|-unboost|p2a: Great Tusk|spd|1
|move|p1a: दील दो 💖|Iron Defense|p1a: दील दो 💖
|-boost|p1a: दील दो 💖|def|2
|
|upkeep
|turn|4
|
|t:|1779863548
|move|p2a: Great Tusk|Close Combat|p1a: दील दो 💖
|-supereffective|p1a: दील दो 💖
|-damage|p1a: दील दो 💖|6/100
|-unboost|p2a: Great Tusk|def|1
|-unboost|p2a: Great Tusk|spd|1
|move|p1a: दील दो 💖|Body Press|p2a: Great Tusk
|-damage|p2a: Great Tusk|0 fnt
|faint|p2a: Great Tusk
|-end|p2a: Great Tusk|Protosynthesis|[silent]
|
|upkeep
|inactive|Battle timer is ON: inactive players will automatically lose when time's up. (requested by baakrisht)
|
|t:|1779863586
|switch|p2a: Samurott|Samurott-Hisui, M|100/100
|turn|5
|
|t:|1779863590
|move|p2a: Samurott|Ceaseless Edge|p1a: दील दो 💖
|-damage|p1a: दील दो 💖|0 fnt
|-sidestart|p1: baakrisht|Spikes
|faint|p1a: दील दो 💖
|-damage|p2a: Samurott|91/100|[from] item: Life Orb
|
|upkeep
|-message|baakrisht forfeited.
|
|win|Ice Type Gallade
|raw|baakrisht's rating: 1128 &rarr; <strong>1106</strong><br />(-22 for losing)
|raw|Ice Type Gallade's rating: 1163 &rarr; <strong>1185</strong><br />(+22 for winning)
|l|☆baakrisht
|player|p1|
|l|☆Ice Type Gallade
|player|p2|
