|j|☆jimborri
|j|☆claudechamp
|t:|1779803048
|gametype|singles
|player|p1|jimborri|fisherman-gen4|1355
|player|p2|claudechamp|265|1289
|gen|9
|tier|[Gen 9] OU
|rated|
|rule|HP Percentage Mod: HP is shown in percentages
|rule|Endless Battle Clause: Forcing endless battles is banned
|rule|Species Clause: Limit one of each Pokémon
|rule|OHKO Clause: OHKO moves are banned
|rule|Evasion Items Clause: Evasion items are banned
|rule|Evasion Moves Clause: Evasion moves are banned
|rule|Evasion Abilities Clause: Evasion abilities are banned
|rule|Sleep Moves Clause: Sleep-inducing moves are banned
|clearpoke
|poke|p1|Hitmonlee, M|
|poke|p1|Hydrapple, M|
|poke|p1|Forretress, F|
|poke|p1|Jolteon, M|
|poke|p1|Skeledirge, F|
|poke|p1|Cloyster, M|
|poke|p2|Gliscor, F|
|poke|p2|Ogerpon, F|
|poke|p2|Walking Wake|
|poke|p2|Blissey, F|
|poke|p2|Corviknight, F|
|poke|p2|Pecharunt|
|teampreview
|c|☆claudechamp|hf
|c|☆jimborri|same :)
|
|t:|1779803057
|teamsize|p1|6
|teamsize|p2|6
|start
|switch|p1a: Cloyster|Cloyster, M|100/100
|switch|p2a: Gliscor|Gliscor, F|100/100
|turn|1
|inactive|Battle timer is ON: inactive players will automatically lose when time's up. (requested by claudechamp)
|inactive|claudechamp has 120 seconds left.
|
|t:|1779803104
|move|p1a: Cloyster|Icicle Spear|p2a: Gliscor
|-supereffective|p2a: Gliscor
|-damage|p2a: Gliscor|62/100
|-supereffective|p2a: Gliscor
|-damage|p2a: Gliscor|25/100
|-supereffective|p2a: Gliscor
|-damage|p2a: Gliscor|0 fnt
|faint|p2a: Gliscor
|-hitcount|p2: Gliscor|3
|
|upkeep
|
|t:|1779803113
|switch|p2a: Walking Wake|Walking Wake|100/100
|turn|2
|inactive|jimborri has 120 seconds left.
|inactive|jimborri has 90 seconds left.
|
|t:|1779803187
|move|p2a: Walking Wake|Surf|p1a: Cloyster
|-resisted|p1a: Cloyster
|-damage|p1a: Cloyster|40/100
|move|p1a: Cloyster|Shell Smash|p1a: Cloyster
|-unboost|p1a: Cloyster|def|1
|-unboost|p1a: Cloyster|spd|1
|-boost|p1a: Cloyster|atk|2
|-boost|p1a: Cloyster|spa|2
|-boost|p1a: Cloyster|spe|2
|
|upkeep
|turn|3
|
|t:|1779803201
|-terastallize|p1a: Cloyster|Ice
|move|p1a: Cloyster|Icicle Spear|p2a: Walking Wake
|-damage|p2a: Walking Wake|67/100
|-damage|p2a: Walking Wake|31/100
|-crit|p2a: Walking Wake
|-damage|p2a: Walking Wake|0 fnt
|faint|p2a: Walking Wake
|-end|p2a: Walking Wake|Protosynthesis|[silent]
|-hitcount|p2: Walking Wake|3
|
|upkeep
|
|t:|1779803212
|switch|p2a: Pecharunt|Pecharunt|100/100
|turn|4
|
|t:|1779803223
|move|p1a: Cloyster|Icicle Spear|p2a: Pecharunt
|-damage|p2a: Pecharunt|84/100
|-damage|p2a: Pecharunt|69/100
|-damage|p2a: Pecharunt|56/100
|-damage|p2a: Pecharunt|42/100
|-damage|p2a: Pecharunt|26/100
|-hitcount|p2a: Pecharunt|5
|move|p2a: Pecharunt|Malignant Chain|p1a: Cloyster
|-damage|p1a: Cloyster|0 fnt
|faint|p1a: Cloyster
|
|upkeep
|
|t:|1779803228
|switch|p1a: Hitmonlee|Hitmonlee, M|100/100
|turn|5
|
|t:|1779803237
|move|p1a: Hitmonlee|Knock Off|p2a: Pecharunt
|-supereffective|p2a: Pecharunt
|-damage|p2a: Pecharunt|0 fnt
|-enditem|p2a: Pecharunt|Heavy-Duty Boots|[from] move: Knock Off|[of] p1a: Hitmonlee
|faint|p2a: Pecharunt
|
|upkeep
|
|t:|1779803250
|switch|p2a: Ogerpon|Ogerpon, F|100/100
|turn|6
|
|t:|1779803259
|move|p1a: Hitmonlee|Endure|p1a: Hitmonlee
|-singleturn|p1a: Hitmonlee|move: Endure
|move|p2a: Ogerpon|Ivy Cudgel|p1a: Hitmonlee
|-activate|p1a: Hitmonlee|move: Endure
|-damage|p1a: Hitmonlee|1/100
|-enditem|p1a: Hitmonlee|Liechi Berry|[eat]
|-boost|p1a: Hitmonlee|atk|1|[from] item: Liechi Berry
|
|upkeep
|turn|7
|
|t:|1779803270
|move|p1a: Hitmonlee|Reversal|p2a: Ogerpon
|-crit|p2a: Ogerpon
|-damage|p2a: Ogerpon|0 fnt
|faint|p2a: Ogerpon
|
|upkeep
|
|t:|1779803277
|switch|p2a: Corviknight|Corviknight, F|100/100
|-ability|p2a: Corviknight|Pressure
|turn|8
|
|t:|1779803286
|-terastallize|p2a: Corviknight|Ghost
|move|p1a: Hitmonlee|Reversal|p2a: Corviknight
|-immune|p2a: Corviknight
|move|p2a: Corviknight|Body Press|p1a: Hitmonlee
|-damage|p1a: Hitmonlee|0 fnt
|faint|p1a: Hitmonlee
|
|upkeep
|inactive|jimborri has 120 seconds left.
|
|t:|1779803344
|switch|p1a: Jolteon|Jolteon, M|100/100
|turn|9
|
|t:|1779803359
|switch|p1a: Skeledirge|Skeledirge, F|100/100
|move|p2a: Corviknight|U-turn|p1a: Skeledirge
|-resisted|p1a: Skeledirge
|-crit|p1a: Skeledirge
|-damage|p1a: Skeledirge|96/100
|
|t:|1779803374
|switch|p2a: Blissey|Blissey, F|100/100|[from] U-turn
|
|upkeep
|turn|10
|inactive|jimborri has 120 seconds left.
|l|☆jimborri
|inactive|jimborri disconnected and has a minute to reconnect!
|player|p1|
|inactive|jimborri has 30 seconds to reconnect!
|inactive|jimborri has 20 seconds to reconnect!
|inactive|jimborri has 15 seconds to reconnect!
|inactive|jimborri has 10 seconds to reconnect!
|inactive|jimborri has 5 seconds to reconnect!
|-message|jimborri lost due to inactivity.
|
|win|claudechamp
|raw|jimborri's rating: 1355 &rarr; <strong>1331</strong><br />(-24 for losing)
|raw|claudechamp's rating: 1289 &rarr; <strong>1319</strong><br />(+30 for winning)
|c|☆claudechamp|gg
