|j|☆pyxr
|j|☆maddie_from_arcane
|t:|1779862692
|gametype|singles
|player|p1|pyxr|1|1522
|player|p2|maddie_from_arcane|battlegirl-gen4|1585
|gen|9
|tier|[Gen 9] OU
|rated|
|rule|HP Percentage Mod: HP is shown in percentages
|rule|Endless Battle Clause: Forcing endless battles is banned
|rule|Species Clause: Limit one of each Pokémon
|rule|OHKO Clause: OHKO moves are banned
|rule|Evasion Items Clause: Evasion items are banned
|rule|Evasion Moves Clause: Evasion moves are banned
|rule|Evasion Abilities Clause: Evasion abilities are banned
|rule|Sleep Moves Clause: Sleep-inducing moves are banned
|clearpoke
|poke|p1|Iron Moth|
|poke|p1|Ting-Lu|
|poke|p1|Torkoal, M|
|poke|p1|Walking Wake|
|poke|p1|Great Tusk|
|poke|p1|Slither Wing|
|poke|p2|Crawdaunt, F|
|poke|p2|Gliscor, M|
|poke|p2|Garganacl, F|
|poke|p2|Slither Wing|
|poke|p2|Darkrai|
|poke|p2|Iron Valiant|
|teampreview
|inactive|Battle timer is ON: inactive players will automatically lose when time's up. (requested by pyxr)
|
|t:|1779862703
|teamsize|p1|6
|teamsize|p2|6
|start
|switch|p1a: Torkoal|Torkoal, M|100/100
|switch|p2a: PICKUPDAPHONE|Crawdaunt, F|100/100
|-weather|SunnyDay|[from] ability: Drought|[of] p1a: Torkoal
|turn|1
|
|t:|1779862711
|move|p2a: PICKUPDAPHONE|Knock Off|p1a: Torkoal
|-damage|p1a: Torkoal|36/100
|-enditem|p1a: Torkoal|Heat Rock|[from] move: Knock Off|[of] p2a: PICKUPDAPHONE
|move|p1a: Torkoal|Will-O-Wisp|p2a: PICKUPDAPHONE
|-status|p2a: PICKUPDAPHONE|brn
|
|-weather|SunnyDay|[upkeep]
|-damage|p2a: PICKUPDAPHONE|95/100 brn|[from] brn
|upkeep
|turn|2
|
|t:|1779862716
|switch|p1a: Walking Wake|Walking Wake|100/100
|-activate|p1a: Walking Wake|ability: Protosynthesis
|-start|p1a: Walking Wake|protosynthesisspe
|move|p2a: PICKUPDAPHONE|Knock Off|p1a: Walking Wake
|-damage|p1a: Walking Wake|45/100
|-enditem|p1a: Walking Wake|Choice Specs|[from] move: Knock Off|[of] p2a: PICKUPDAPHONE
|
|-weather|SunnyDay|[upkeep]
|-damage|p2a: PICKUPDAPHONE|89/100 brn|[from] brn
|upkeep
|turn|3
|
|t:|1779862728
|move|p1a: Walking Wake|Draco Meteor|p2a: PICKUPDAPHONE
|-damage|p2a: PICKUPDAPHONE|0 fnt
|-unboost|p1a: Walking Wake|spa|2
|faint|p2a: PICKUPDAPHONE
|
|-weather|SunnyDay|[upkeep]
|upkeep
|
|t:|1779862738
|switch|p2a: forever a png|Iron Valiant|100/100
|turn|4
|
|t:|1779862749
|-end|p1a: Walking Wake|Protosynthesis|[silent]
|switch|p1a: Ting-Lu|Ting-Lu|100/100
|-ability|p1a: Ting-Lu|Vessel of Ruin
|move|p2a: forever a png|Knock Off|p1a: Ting-Lu
|-resisted|p1a: Ting-Lu
|-damage|p1a: Ting-Lu|91/100
|-damage|p2a: forever a png|84/100|[from] item: Rocky Helmet|[of] p1a: Ting-Lu
|-enditem|p1a: Ting-Lu|Rocky Helmet|[from] move: Knock Off|[of] p2a: forever a png
|
|-weather|SunnyDay|[upkeep]
|upkeep
|turn|5
|
|t:|1779862754
|-end|p2a: forever a png|Quark Drive|[silent]
|switch|p2a: knocked by james|Gliscor, M|100/100
|move|p1a: Ting-Lu|Spikes|p2a: knocked by james
|-sidestart|p2: maddie_from_arcane|Spikes
|
|-weather|SunnyDay|[upkeep]
|-status|p2a: knocked by james|tox|[from] item: Toxic Orb
|upkeep
|turn|6
|
|t:|1779862759
|move|p2a: knocked by james|Stealth Rock|p1a: Ting-Lu
|-sidestart|p1: pyxr|move: Stealth Rock
|move|p1a: Ting-Lu|Spikes|p2a: knocked by james
|-sidestart|p2: maddie_from_arcane|Spikes
|
|-weather|SunnyDay|[upkeep]
|upkeep
|turn|7
|
|t:|1779862762
|move|p2a: knocked by james|U-turn|p1a: Ting-Lu
|-supereffective|p1a: Ting-Lu
|-damage|p1a: Ting-Lu|73/100
|
|t:|1779862765
|switch|p2a: moth mami|Slither Wing|100/100|[from] U-turn
|-activate|p2a: moth mami|ability: Protosynthesis
|-start|p2a: moth mami|protosynthesisatk
|move|p1a: Ting-Lu|Whirlwind|p2a: moth mami
|-end|p2a: moth mami|Protosynthesis|[silent]
|drag|p2a: forever a png|Iron Valiant|84/100
|
|-weather|SunnyDay|[upkeep]
|upkeep
|turn|8
|
|t:|1779862773
|move|p2a: forever a png|Close Combat|p1a: Ting-Lu
|-supereffective|p1a: Ting-Lu
|-damage|p1a: Ting-Lu|0 fnt
|-unboost|p2a: forever a png|def|1
|-unboost|p2a: forever a png|spd|1
|faint|p1a: Ting-Lu
|
|-weather|none
|upkeep
|
|t:|1779862800
|switch|p1a: Torkoal|Torkoal, M|36/100
|-damage|p1a: Torkoal|11/100|[from] Stealth Rock
|-weather|SunnyDay|[from] ability: Drought|[of] p1a: Torkoal
|turn|9
|
|t:|1779862811
|move|p2a: forever a png|Close Combat|p1a: Torkoal
|-damage|p1a: Torkoal|0 fnt
|-unboost|p2a: forever a png|def|1
|-unboost|p2a: forever a png|spd|1
|faint|p1a: Torkoal
|
|-weather|SunnyDay|[upkeep]
|upkeep
|
|t:|1779862816
|switch|p1a: Great Tusk|Great Tusk|100/100
|-activate|p1a: Great Tusk|ability: Protosynthesis
|-start|p1a: Great Tusk|protosynthesisspe
|turn|10
|
|t:|1779862820
|-end|p2a: forever a png|Quark Drive|[silent]
|switch|p2a: knocked by james|Gliscor, M|100/100 tox
|move|p1a: Great Tusk|Headlong Rush|p2a: knocked by james
|-immune|p2a: knocked by james
|
|-weather|SunnyDay|[upkeep]
|upkeep
|turn|11
|
|t:|1779862827
|move|p2a: knocked by james|Protect|p2a: knocked by james
|-singleturn|p2a: knocked by james|Protect
|move|p1a: Great Tusk|Ice Spinner|p2a: knocked by james
|-activate|p2a: knocked by james|move: Protect
|
|-weather|SunnyDay|[upkeep]
|upkeep
|turn|12
|
|t:|1779862830
|switch|p2a: moth mami|Slither Wing|100/100
|-activate|p2a: moth mami|ability: Protosynthesis
|-start|p2a: moth mami|protosynthesisatk
|move|p1a: Great Tusk|Rapid Spin|p2a: moth mami
|-damage|p2a: moth mami|90/100
|-boost|p1a: Great Tusk|spe|1
|-sideend|p1: pyxr|Stealth Rock|[from] move: Rapid Spin|[of] p1a: Great Tusk
|
|-weather|SunnyDay|[upkeep]
|upkeep
|turn|13
|
|t:|1779862837
|move|p1a: Great Tusk|Bulk Up|p1a: Great Tusk
|-boost|p1a: Great Tusk|atk|1
|-boost|p1a: Great Tusk|def|1
|move|p2a: moth mami|U-turn|p1a: Great Tusk
|-resisted|p1a: Great Tusk
|-damage|p1a: Great Tusk|91/100
|
|t:|1779862846
|-end|p2a: moth mami|Protosynthesis|[silent]
|switch|p2a: knocked by james|Gliscor, M|100/100 tox|[from] U-turn
|
|-weather|none
|-end|p1a: Great Tusk|Protosynthesis
|upkeep
|turn|14
|
|t:|1779862851
|switch|p2a: moth mami|Slither Wing|90/100
|move|p1a: Great Tusk|Bulk Up|p1a: Great Tusk
|-boost|p1a: Great Tusk|atk|1
|-boost|p1a: Great Tusk|def|1
|
|upkeep
|turn|15
|
|t:|1779862857
|move|p1a: Great Tusk|Ice Spinner|p2a: moth mami
|-damage|p2a: moth mami|53/100
|move|p2a: moth mami|Will-O-Wisp|p1a: Great Tusk
|-status|p1a: Great Tusk|brn
|
|-damage|p1a: Great Tusk|85/100 brn|[from] brn
|upkeep
|turn|16
|
|t:|1779862862
|move|p1a: Great Tusk|Bulk Up|p1a: Great Tusk
|-boost|p1a: Great Tusk|atk|1
|-boost|p1a: Great Tusk|def|1
|move|p2a: moth mami|U-turn|p1a: Great Tusk
|-resisted|p1a: Great Tusk
|-damage|p1a: Great Tusk|81/100 brn
|
|t:|1779862864
|-end|p2a: moth mami|Protosynthesis|[silent]
|switch|p2a: forever a png|Iron Valiant|84/100|[from] U-turn
|
|-damage|p1a: Great Tusk|75/100 brn|[from] brn
|upkeep
|turn|17
|
|t:|1779862869
|move|p1a: Great Tusk|Headlong Rush|p2a: forever a png
|-damage|p2a: forever a png|0 fnt
|-unboost|p1a: Great Tusk|def|1
|-unboost|p1a: Great Tusk|spd|1
|faint|p2a: forever a png
|-end|p2a: forever a png|Quark Drive|[silent]
|
|-damage|p1a: Great Tusk|69/100 brn|[from] brn
|upkeep
|
|t:|1779862877
|switch|p2a: setup sleeper|Garganacl, F|100/100
|-damage|p2a: setup sleeper|84/100|[from] Spikes
|turn|18
|
|t:|1779862882
|-terastallize|p2a: setup sleeper|Water
|move|p1a: Great Tusk|Headlong Rush|p2a: setup sleeper
|-damage|p2a: setup sleeper|44/100
|-unboost|p1a: Great Tusk|def|1
|-unboost|p1a: Great Tusk|spd|1
|move|p2a: setup sleeper|Curse|p2a: setup sleeper
|-unboost|p2a: setup sleeper|spe|1
|-boost|p2a: setup sleeper|atk|1
|-boost|p2a: setup sleeper|def|1
|
|-heal|p2a: setup sleeper|50/100|[from] item: Leftovers
|-damage|p1a: Great Tusk|62/100 brn|[from] brn
|upkeep
|turn|19
|
|t:|1779862896
|move|p1a: Great Tusk|Headlong Rush|p2a: setup sleeper
|-damage|p2a: setup sleeper|20/100
|-unboost|p1a: Great Tusk|def|1
|-unboost|p1a: Great Tusk|spd|1
|move|p2a: setup sleeper|Recover|p2a: setup sleeper
|-heal|p2a: setup sleeper|70/100
|
|-heal|p2a: setup sleeper|76/100|[from] item: Leftovers
|-damage|p1a: Great Tusk|56/100 brn|[from] brn
|upkeep
|turn|20
|j| isaac_gam3r
|
|t:|1779862915
|-end|p1a: Great Tusk|Protosynthesis|[silent]
|switch|p1a: Walking Wake|Walking Wake|45/100
|move|p2a: setup sleeper|Salt Cure|p1a: Walking Wake
|-damage|p1a: Walking Wake|21/100
|-start|p1a: Walking Wake|Salt Cure
|
|-heal|p2a: setup sleeper|82/100|[from] item: Leftovers
|-damage|p1a: Walking Wake|0 fnt|[from] Salt Cure
|faint|p1a: Walking Wake
|-end|p1a: Walking Wake|Protosynthesis|[silent]
|upkeep
|
|t:|1779862917
|switch|p1a: Iron Moth|Iron Moth|100/100
|turn|21
|l| isaac_gam3r
|
|t:|1779862930
|move|p1a: Iron Moth|Sludge Wave|p2a: setup sleeper
|-damage|p2a: setup sleeper|26/100
|move|p2a: setup sleeper|Earthquake|p1a: Iron Moth
|-supereffective|p1a: Iron Moth
|-damage|p1a: Iron Moth|0 fnt
|faint|p1a: Iron Moth
|-end|p1a: Iron Moth|Quark Drive|[silent]
|
|-heal|p2a: setup sleeper|32/100|[from] item: Leftovers
|upkeep
|
|t:|1779862933
|switch|p1a: Slither Wing|Slither Wing|100/100
|turn|22
|
|t:|1779862945
|move|p1a: Slither Wing|First Impression|p2a: setup sleeper
|-damage|p2a: setup sleeper|0 fnt
|faint|p2a: setup sleeper
|
|upkeep
|
|t:|1779862955
|switch|p2a: moth mami|Slither Wing|53/100
|turn|23
|
|t:|1779862959
|-end|p1a: Slither Wing|Protosynthesis|[silent]
|switch|p1a: Great Tusk|Great Tusk|56/100 brn
|move|p2a: moth mami|Morning Sun|p2a: moth mami
|-heal|p2a: moth mami|100/100
|
|-damage|p1a: Great Tusk|50/100 brn|[from] brn
|upkeep
|turn|24
|
|t:|1779862973
|move|p1a: Great Tusk|Bulk Up|p1a: Great Tusk
|-boost|p1a: Great Tusk|atk|1
|-boost|p1a: Great Tusk|def|1
|move|p2a: moth mami|U-turn|p1a: Great Tusk
|-resisted|p1a: Great Tusk
|-damage|p1a: Great Tusk|43/100 brn
|
|t:|1779862977
|-end|p2a: moth mami|Protosynthesis|[silent]
|switch|p2a: krampus|Darkrai|100/100|[from] U-turn
|
|-damage|p1a: Great Tusk|37/100 brn|[from] brn
|upkeep
|turn|25
|
|t:|1779862981
|move|p2a: krampus|Ice Beam|p1a: Great Tusk
|-supereffective|p1a: Great Tusk
|-damage|p1a: Great Tusk|0 fnt
|faint|p1a: Great Tusk
|-end|p1a: Great Tusk|Protosynthesis|[silent]
|
|upkeep
|
|t:|1779862983
|switch|p1a: Slither Wing|Slither Wing|100/100
|turn|26
|
|t:|1779863012
|switch|p2a: moth mami|Slither Wing|100/100
|move|p1a: Slither Wing|Flare Blitz|p2a: moth mami
|-supereffective|p2a: moth mami
|-damage|p2a: moth mami|0 fnt
|faint|p2a: moth mami
|-end|p2a: moth mami|Protosynthesis|[silent]
|-damage|p1a: Slither Wing|62/100|[from] Recoil
|
|upkeep
|
|t:|1779863017
|switch|p2a: knocked by james|Gliscor, M|100/100 tox
|turn|27
|
|t:|1779863024
|move|p1a: Slither Wing|Flare Blitz|p2a: knocked by james
|-damage|p2a: knocked by james|49/100 tox
|-damage|p1a: Slither Wing|43/100|[from] Recoil
|move|p2a: knocked by james|Earthquake|p1a: Slither Wing
|-resisted|p1a: Slither Wing
|-damage|p1a: Slither Wing|22/100
|
|-heal|p2a: knocked by james|62/100 tox|[from] ability: Poison Heal
|upkeep
|turn|28
|
|t:|1779863032
|move|p1a: Slither Wing|Flare Blitz|p2a: knocked by james
|-damage|p2a: knocked by james|4/100 tox
|-damage|p1a: Slither Wing|1/100|[from] Recoil
|move|p2a: knocked by james|Earthquake|p1a: Slither Wing
|-resisted|p1a: Slither Wing
|-damage|p1a: Slither Wing|0 fnt
|faint|p1a: Slither Wing
|-end|p1a: Slither Wing|Protosynthesis|[silent]
|
|win|maddie_from_arcane
|raw|pyxr's rating: 1522 &rarr; <strong>1506</strong><br />(-16 for losing)
|raw|maddie_from_arcane's rating: 1585 &rarr; <strong>1601</strong><br />(+16 for winning)
|l|☆maddie_from_arcane
|player|p2|
|l|☆pyxr
|player|p1|
