|j|☆ImperialGo
|j|☆uniandes5
|t:|1779958609
|gametype|singles
|player|p1|ImperialGo|cynthia-gen4|1428
|player|p2|uniandes5|2|1631
|gen|9
|tier|[Gen 9] OU
|rated|
|rule|HP Percentage Mod: HP is shown in percentages
|rule|Endless Battle Clause: Forcing endless battles is banned
|rule|Species Clause: Limit one of each Pokémon
|rule|OHKO Clause: OHKO moves are banned
|rule|Evasion Items Clause: Evasion items are banned
|rule|Evasion Moves Clause: Evasion moves are banned
|rule|Evasion Abilities Clause: Evasion abilities are banned
|rule|Sleep Moves Clause: Sleep-inducing moves are banned
|clearpoke
|poke|p1|Volcanion|
|poke|p1|Pelipper, M|
|poke|p1|Iron Treads|
|poke|p1|Kingdra, F|
|poke|p1|Poliwrath, M|
|poke|p1|Iron Valiant|
|poke|p2|Grimmsnarl, M|
|poke|p2|Latias, F|
|poke|p2|Tinkaton, F|
|poke|p2|Volcanion|
|poke|p2|Mew|
|poke|p2|Dragapult, F|
|teampreview
|inactive|Battle timer is ON: inactive players will automatically lose when time's up. (requested by ImperialGo)
|
|t:|1779958622
|teamsize|p1|6
|teamsize|p2|6
|start
|switch|p1a: Sit on dat face|Pelipper, M|100/100
|switch|p2a: Grimmsnarl|Grimmsnarl, M|100/100
|-weather|RainDance|[from] ability: Drizzle|[of] p1a: Sit on dat face
|turn|1
|
|t:|1779958624
|move|p2a: Grimmsnarl|Light Screen|p2a: Grimmsnarl
|-sidestart|p2: uniandes5|move: Light Screen
|move|p1a: Sit on dat face|U-turn|p2a: Grimmsnarl
|-crit|p2a: Grimmsnarl
|-damage|p2a: Grimmsnarl|89/100
|
|t:|1779958628
|switch|p1a: skrrt|Iron Treads|100/100|[from] U-turn
|-enditem|p1a: skrrt|Booster Energy
|-activate|p1a: skrrt|ability: Quark Drive|[fromitem]
|-start|p1a: skrrt|quarkdrivespe
|
|-weather|RainDance|[upkeep]
|upkeep
|turn|2
|
|t:|1779958631
|move|p2a: Grimmsnarl|Reflect|p2a: Grimmsnarl
|-sidestart|p2: uniandes5|Reflect
|move|p1a: skrrt|Stealth Rock|p2a: Grimmsnarl
|-sidestart|p2: uniandes5|move: Stealth Rock
|
|-weather|RainDance|[upkeep]
|upkeep
|turn|3
|
|t:|1779958635
|switch|p2a: Mew|Mew|100/100
|-damage|p2a: Mew|88/100|[from] Stealth Rock
|move|p1a: skrrt|Earthquake|p2a: Mew
|-damage|p2a: Mew|76/100
|
|-weather|RainDance|[upkeep]
|upkeep
|turn|4
|
|t:|1779958646
|-end|p1a: skrrt|Quark Drive|[silent]
|switch|p1a: Put a ring on it|Volcanion|100/100
|move|p2a: Mew|Dragon Dance|p2a: Mew
|-boost|p2a: Mew|atk|1
|-boost|p2a: Mew|spe|1
|
|-weather|RainDance|[upkeep]
|upkeep
|turn|5
|
|t:|1779958651
|move|p2a: Mew|Dragon Dance|p2a: Mew
|-boost|p2a: Mew|atk|1
|-boost|p2a: Mew|spe|1
|move|p1a: Put a ring on it|Steam Eruption|p2a: Mew
|-damage|p2a: Mew|45/100
|
|-weather|RainDance|[upkeep]
|upkeep
|turn|6
|
|t:|1779958658
|move|p2a: Mew|Drain Punch|p1a: Put a ring on it
|-damage|p1a: Put a ring on it|79/100
|-heal|p2a: Mew|54/100|[from] drain|[of] p1a: Put a ring on it
|move|p1a: Put a ring on it|Steam Eruption|p2a: Mew
|-damage|p2a: Mew|19/100
|-status|p2a: Mew|brn
|-activate|p2a: Mew|ability: Synchronize
|-immune|p1a: Put a ring on it
|
|-weather|RainDance|[upkeep]
|-damage|p2a: Mew|12/100 brn|[from] brn
|upkeep
|turn|7
|
|t:|1779958665
|move|p2a: Mew|Stored Power|p1a: Put a ring on it
|-damage|p1a: Put a ring on it|41/100
|move|p1a: Put a ring on it|Steam Eruption|p2a: Mew
|-damage|p2a: Mew|0 fnt
|faint|p2a: Mew
|
|-weather|RainDance|[upkeep]
|upkeep
|
|t:|1779958672
|switch|p2a: Dragapult|Dragapult, F|100/100
|turn|8
|
|t:|1779958677
|switch|p1a: Skinny legend|Iron Valiant|100/100
|-enditem|p1a: Skinny legend|Booster Energy
|-activate|p1a: Skinny legend|ability: Quark Drive|[fromitem]
|-start|p1a: Skinny legend|quarkdrivespe
|move|p2a: Dragapult|Thunder Wave|p1a: Skinny legend|[miss]
|-miss|p2a: Dragapult|p1a: Skinny legend
|
|-weather|none
|-sideend|p2: uniandes5|move: Light Screen
|upkeep
|turn|9
|
|t:|1779958683
|move|p1a: Skinny legend|Moonblast|p2a: Dragapult
|-supereffective|p2a: Dragapult
|-damage|p2a: Dragapult|0 fnt
|faint|p2a: Dragapult
|
|-sideend|p2: uniandes5|Reflect
|upkeep
|
|t:|1779958687
|switch|p2a: Volcanion|Volcanion|100/100
|turn|10
|
|t:|1779958704
|-end|p1a: Skinny legend|Quark Drive|[silent]
|switch|p1a: Sit on dat face|Pelipper, M|100/100
|-weather|RainDance|[from] ability: Drizzle|[of] p1a: Sit on dat face
|move|p2a: Volcanion|Steam Eruption|p1a: Sit on dat face
|-resisted|p1a: Sit on dat face
|-damage|p1a: Sit on dat face|39/100
|-status|p1a: Sit on dat face|brn
|
|-weather|RainDance|[upkeep]
|-damage|p1a: Sit on dat face|33/100 brn|[from] brn
|upkeep
|turn|11
|
|t:|1779958727
|switch|p2a: Grimmsnarl|Grimmsnarl, M|89/100
|-damage|p2a: Grimmsnarl|76/100|[from] Stealth Rock
|switch|p1a: Put a ring on it|Volcanion|41/100
|
|-weather|RainDance|[upkeep]
|upkeep
|turn|12
|
|t:|1779958732
|move|p2a: Grimmsnarl|Light Screen|p2a: Grimmsnarl
|-sidestart|p2: uniandes5|move: Light Screen
|move|p1a: Put a ring on it|Steam Eruption|p2a: Grimmsnarl
|-damage|p2a: Grimmsnarl|44/100
|
|-weather|RainDance|[upkeep]
|upkeep
|turn|13
|
|t:|1779958739
|switch|p2a: Volcanion|Volcanion|100/100
|move|p1a: Put a ring on it|Earth Power|p2a: Volcanion
|-supereffective|p2a: Volcanion
|-damage|p2a: Volcanion|68/100
|
|-weather|RainDance|[upkeep]
|upkeep
|turn|14
|
|t:|1779958744
|move|p2a: Volcanion|Earth Power|p1a: Put a ring on it
|-supereffective|p1a: Put a ring on it
|-damage|p1a: Put a ring on it|0 fnt
|faint|p1a: Put a ring on it
|
|-weather|RainDance|[upkeep]
|upkeep
|
|t:|1779958748
|switch|p1a: Dad bod|Poliwrath, M|100/100
|turn|15
|
|t:|1779958750
|move|p1a: Dad bod|Close Combat|p2a: Volcanion
|-damage|p2a: Volcanion|11/100
|-unboost|p1a: Dad bod|def|1
|-unboost|p1a: Dad bod|spd|1
|move|p2a: Volcanion|Steam Eruption|p1a: Dad bod
|-resisted|p1a: Dad bod
|-damage|p1a: Dad bod|31/100
|
|-weather|RainDance|[upkeep]
|upkeep
|turn|16
|
|t:|1779958758
|move|p1a: Dad bod|Close Combat|p2a: Volcanion
|-damage|p2a: Volcanion|0 fnt
|-unboost|p1a: Dad bod|def|1
|-unboost|p1a: Dad bod|spd|1
|faint|p2a: Volcanion
|
|-weather|RainDance|[upkeep]
|upkeep
|
|t:|1779958766
|switch|p2a: Tinkaton|Tinkaton, F|100/100
|-damage|p2a: Tinkaton|94/100|[from] Stealth Rock
|-ability|p2a: Tinkaton|Mold Breaker
|turn|17
|
|t:|1779958773
|switch|p1a: skrrt|Iron Treads|100/100
|move|p2a: Tinkaton|Thunder Wave|p1a: skrrt
|-immune|p1a: skrrt
|
|-weather|none
|upkeep
|turn|18
|
|t:|1779958778
|move|p1a: skrrt|Earthquake|p2a: Tinkaton
|-supereffective|p2a: Tinkaton
|-damage|p2a: Tinkaton|14/100
|-enditem|p2a: Tinkaton|Red Card|[of] p1a: skrrt
|-end|p1a: skrrt|Quark Drive|[silent]
|drag|p1a: Dad bod|Poliwrath, M|31/100
|move|p2a: Tinkaton|Thunder Wave|p1a: Dad bod
|-status|p1a: Dad bod|par
|
|upkeep
|turn|19
|
|t:|1779958789
|switch|p1a: skrrt|Iron Treads|100/100
|move|p2a: Tinkaton|Knock Off|p1a: skrrt
|-damage|p1a: skrrt|87/100
|
|-sideend|p2: uniandes5|move: Light Screen
|upkeep
|turn|20
|
|t:|1779958793
|move|p1a: skrrt|Steel Beam|p2a: Tinkaton
|-damage|p2a: Tinkaton|0 fnt
|-damage|p1a: skrrt|37/100|[from] steelbeam
|faint|p2a: Tinkaton
|
|upkeep
|
|t:|1779958795
|switch|p2a: Grimmsnarl|Grimmsnarl, M|44/100
|-damage|p2a: Grimmsnarl|32/100|[from] Stealth Rock
|turn|21
|
|t:|1779958806
|move|p2a: Grimmsnarl|Light Screen|p2a: Grimmsnarl
|-sidestart|p2: uniandes5|move: Light Screen
|move|p1a: skrrt|Steel Beam|p2a: Grimmsnarl
|-supereffective|p2a: Grimmsnarl
|-damage|p2a: Grimmsnarl|1/100
|-damage|p1a: skrrt|0 fnt|[from] steelbeam
|faint|p1a: skrrt
|-end|p1a: skrrt|Quark Drive|[silent]
|
|upkeep
|
|t:|1779958814
|switch|p1a: Sit on dat face|Pelipper, M|33/100 brn
|-weather|RainDance|[from] ability: Drizzle|[of] p1a: Sit on dat face
|turn|22
|
|t:|1779958817
|move|p2a: Grimmsnarl|Reflect|p2a: Grimmsnarl
|-sidestart|p2: uniandes5|Reflect
|move|p1a: Sit on dat face|Roost|p1a: Sit on dat face
|-heal|p1a: Sit on dat face|83/100 brn
|-singleturn|p1a: Sit on dat face|move: Roost
|
|-weather|RainDance|[upkeep]
|-damage|p1a: Sit on dat face|76/100 brn|[from] brn
|upkeep
|turn|23
|
|t:|1779958820
|switch|p2a: Latias|Latias, F|100/100
|-damage|p2a: Latias|88/100|[from] Stealth Rock
|move|p1a: Sit on dat face|U-turn|p2a: Latias
|-supereffective|p2a: Latias
|-damage|p2a: Latias|85/100
|
|t:|1779958828
|switch|p1a: looksmaxxer|Kingdra, F|100/100|[from] U-turn
|
|-weather|RainDance|[upkeep]
|upkeep
|turn|24
|
|t:|1779958832
|-terastallize|p1a: looksmaxxer|Water
|-terastallize|p2a: Latias|Poison
|move|p1a: looksmaxxer|Draco Meteor|p2a: Latias
|-damage|p2a: Latias|57/100
|-unboost|p1a: looksmaxxer|spa|2
|move|p2a: Latias|Calm Mind|p2a: Latias
|-boost|p2a: Latias|spa|1
|-boost|p2a: Latias|spd|1
|
|-weather|RainDance|[upkeep]
|upkeep
|turn|25
|
|t:|1779958841
|switch|p1a: Skinny legend|Iron Valiant|100/100
|move|p2a: Latias|Recover|p2a: Latias
|-heal|p2a: Latias|100/100
|
|-weather|RainDance|[upkeep]
|upkeep
|turn|26
|
|t:|1779958845
|move|p1a: Skinny legend|Encore|p2a: Latias
|-start|p2a: Latias|Encore
|move|p2a: Latias|Recover||[still]
|-fail|p2a: Latias|heal
|
|-weather|RainDance|[upkeep]
|upkeep
|turn|27
|-message|uniandes5 forfeited.
|
|win|ImperialGo
|raw|ImperialGo's rating: 1428 &rarr; <strong>1459</strong><br />(+31 for winning)
|raw|uniandes5's rating: 1631 &rarr; <strong>1600</strong><br />(-31 for losing)
|l|☆uniandes5
|player|p2|
|l|☆ImperialGo
|player|p1|
