|j|☆lousiv
|j|☆baldinator123
|t:|1779883529
|gametype|singles
|player|p1|lousiv|volkner|1384
|player|p2|baldinator123|burglar|1376
|gen|9
|tier|[Gen 9] OU
|rated|
|rule|HP Percentage Mod: HP is shown in percentages
|rule|Endless Battle Clause: Forcing endless battles is banned
|rule|Species Clause: Limit one of each Pokémon
|rule|OHKO Clause: OHKO moves are banned
|rule|Evasion Items Clause: Evasion items are banned
|rule|Evasion Moves Clause: Evasion moves are banned
|rule|Evasion Abilities Clause: Evasion abilities are banned
|rule|Sleep Moves Clause: Sleep-inducing moves are banned
|clearpoke
|poke|p1|Enamorus-Therian, F|
|poke|p1|Ogerpon-Wellspring, F|
|poke|p1|Heatran, M|
|poke|p1|Gholdengo|
|poke|p1|Deoxys-Speed|
|poke|p1|Great Tusk|
|poke|p2|Kyurem|
|poke|p2|Hatterene, F|
|poke|p2|Darkrai|
|poke|p2|Great Tusk|
|poke|p2|Dragonite, F|
|poke|p2|Gholdengo|
|teampreview
|inactive|Battle timer is ON: inactive players will automatically lose when time's up. (requested by lousiv)
|
|t:|1779883538
|teamsize|p1|6
|teamsize|p2|6
|start
|switch|p1a: Deoxys|Deoxys-Speed|100/100
|switch|p2a: Great Tusk|Great Tusk|100/100
|-ability|p1a: Deoxys|Pressure
|turn|1
|
|t:|1779883548
|move|p1a: Deoxys|Psycho Boost|p2a: Great Tusk
|-supereffective|p2a: Great Tusk
|-damage|p2a: Great Tusk|0 fnt
|-unboost|p1a: Deoxys|spa|2
|faint|p2a: Great Tusk
|-end|p2a: Great Tusk|Protosynthesis|[silent]
|
|upkeep
|
|t:|1779883551
|switch|p2a: Darkrai|Darkrai|100/100
|turn|2
|
|t:|1779883555
|-terastallize|p1a: Deoxys|Fighting
|move|p2a: Darkrai|Dark Pulse|p1a: Deoxys
|-resisted|p1a: Deoxys
|-damage|p1a: Deoxys|62/100
|cant|p1a: Deoxys|flinch
|
|upkeep
|turn|3
|
|t:|1779883562
|switch|p2a: Hatterene|Hatterene, F|100/100
|move|p1a: Deoxys|Knock Off|p2a: Hatterene
|-damage|p2a: Hatterene|78/100
|-damage|p1a: Deoxys|45/100|[from] item: Rocky Helmet|[of] p2a: Hatterene
|-enditem|p2a: Hatterene|Rocky Helmet|[from] move: Knock Off|[of] p1a: Deoxys
|
|upkeep
|turn|4
|
|t:|1779883572
|switch|p1a: Heatran|Heatran, M|100/100
|move|p2a: Hatterene|Nuzzle|p1a: Heatran
|-damage|p1a: Heatran|97/100
|-status|p1a: Heatran|par
|
|-heal|p1a: Heatran|100/100 par|[from] item: Leftovers
|upkeep
|turn|5
|
|t:|1779883583
|switch|p2a: Kyurem|Kyurem|100/100
|-ability|p2a: Kyurem|Pressure
|cant|p1a: Heatran|par
|
|upkeep
|turn|6
|
|t:|1779883589
|move|p2a: Kyurem|Earth Power|p1a: Heatran
|-supereffective|p1a: Heatran
|-damage|p1a: Heatran|22/100 par
|cant|p1a: Heatran|par
|
|-heal|p1a: Heatran|28/100 par|[from] item: Leftovers
|upkeep
|turn|7
|
|t:|1779883599
|move|p1a: Heatran|Protect|p1a: Heatran
|-singleturn|p1a: Heatran|Protect
|move|p2a: Kyurem|Earth Power|p1a: Heatran
|-activate|p1a: Heatran|move: Protect
|
|-heal|p1a: Heatran|34/100 par|[from] item: Leftovers
|upkeep
|turn|8
|
|t:|1779883604
|switch|p1a: Gholdengo|Gholdengo|100/100
|-item|p1a: Gholdengo|Air Balloon
|move|p2a: Kyurem|Earth Power|p1a: Gholdengo
|-immune|p1a: Gholdengo
|
|upkeep
|turn|9
|
|t:|1779883610
|move|p2a: Kyurem|Ice Beam|p1a: Gholdengo
|-resisted|p1a: Gholdengo
|-damage|p1a: Gholdengo|78/100
|-enditem|p1a: Gholdengo|Air Balloon
|move|p1a: Gholdengo|Make It Rain|p2a: Kyurem
|-supereffective|p2a: Kyurem
|-damage|p2a: Kyurem|31/100
|-unboost|p1a: Gholdengo|spa|1
|
|upkeep
|turn|10
|
|t:|1779883619
|switch|p1a: Ogerpon|Ogerpon-Wellspring, F|100/100
|move|p2a: Kyurem|Earth Power|p1a: Ogerpon
|-resisted|p1a: Ogerpon
|-damage|p1a: Ogerpon|81/100
|
|upkeep
|turn|11
|
|t:|1779883626
|switch|p2a: Dragonite|Dragonite, F|100/100
|move|p1a: Ogerpon|Knock Off|p2a: Dragonite
|-damage|p2a: Dragonite|83/100
|-enditem|p2a: Dragonite|Heavy-Duty Boots|[from] move: Knock Off|[of] p1a: Ogerpon
|
|upkeep
|turn|12
|
|t:|1779883633
|move|p1a: Ogerpon|U-turn|p2a: Dragonite
|-resisted|p2a: Dragonite
|-damage|p2a: Dragonite|70/100
|
|t:|1779883635
|switch|p1a: Great Tusk|Great Tusk|100/100|[from] U-turn
|move|p2a: Dragonite|Dragon Dance|p2a: Dragonite
|-boost|p2a: Dragonite|atk|1
|-boost|p2a: Dragonite|spe|1
|
|upkeep
|turn|13
|
|t:|1779883655
|switch|p2a: Kyurem|Kyurem|31/100
|-ability|p2a: Kyurem|Pressure
|move|p1a: Great Tusk|Ice Spinner|p2a: Kyurem
|-damage|p2a: Kyurem|12/100
|
|upkeep
|turn|14
|
|t:|1779883662
|-end|p1a: Great Tusk|Protosynthesis|[silent]
|switch|p1a: Heatran|Heatran, M|34/100 par
|move|p2a: Kyurem|Ice Beam|p1a: Heatran
|-resisted|p1a: Heatran
|-damage|p1a: Heatran|26/100 par
|
|-heal|p1a: Heatran|33/100 par|[from] item: Leftovers
|upkeep
|turn|15
|
|t:|1779883666
|move|p2a: Kyurem|Earth Power|p1a: Heatran
|-supereffective|p1a: Heatran
|-damage|p1a: Heatran|0 fnt
|faint|p1a: Heatran
|
|upkeep
|
|t:|1779883668
|switch|p1a: Deoxys|Deoxys-Speed, tera:Fighting|45/100
|-ability|p1a: Deoxys|Pressure
|turn|16
|
|t:|1779883680
|switch|p2a: Hatterene|Hatterene, F|78/100
|move|p1a: Deoxys|Knock Off|p2a: Hatterene
|-damage|p2a: Hatterene|62/100
|
|upkeep
|turn|17
|
|t:|1779883689
|switch|p1a: Great Tusk|Great Tusk|100/100
|move|p2a: Hatterene|Nuzzle|p1a: Great Tusk
|-immune|p1a: Great Tusk
|
|upkeep
|turn|18
|
|t:|1779883695
|-end|p1a: Great Tusk|Protosynthesis|[silent]
|switch|p1a: Gholdengo|Gholdengo|78/100
|move|p2a: Hatterene|Draining Kiss|p1a: Gholdengo
|-resisted|p1a: Gholdengo
|-damage|p1a: Gholdengo|68/100
|-heal|p2a: Hatterene|72/100|[from] drain|[of] p1a: Gholdengo
|
|upkeep
|turn|19
|
|t:|1779883701
|switch|p2a: Gholdengo|Gholdengo|100/100
|move|p1a: Gholdengo|Make It Rain|p2a: Gholdengo
|-resisted|p2a: Gholdengo
|-damage|p2a: Gholdengo|73/100
|-unboost|p1a: Gholdengo|spa|1
|
|upkeep
|turn|20
|
|t:|1779883716
|switch|p1a: Ogerpon|Ogerpon-Wellspring, F|81/100
|move|p2a: Gholdengo|Psyshock|p1a: Ogerpon
|-damage|p1a: Ogerpon|45/100
|
|upkeep
|turn|21
|
|t:|1779883725
|move|p1a: Ogerpon|Knock Off|p2a: Gholdengo
|-supereffective|p2a: Gholdengo
|-damage|p2a: Gholdengo|0 fnt
|-enditem|p2a: Gholdengo|Shuca Berry|[from] move: Knock Off|[of] p1a: Ogerpon
|faint|p2a: Gholdengo
|
|upkeep
|
|t:|1779883729
|switch|p2a: Darkrai|Darkrai|100/100
|turn|22
|
|t:|1779883739
|move|p2a: Darkrai|Ice Beam|p1a: Ogerpon
|-damage|p1a: Ogerpon|6/100
|move|p1a: Ogerpon|U-turn|p2a: Darkrai
|-supereffective|p2a: Darkrai
|-damage|p2a: Darkrai|29/100
|
|t:|1779883746
|switch|p1a: Gholdengo|Gholdengo|68/100|[from] U-turn
|
|upkeep
|turn|23
|
|t:|1779883752
|move|p2a: Darkrai|Ice Beam|p1a: Gholdengo
|-resisted|p1a: Gholdengo
|-damage|p1a: Gholdengo|52/100
|move|p1a: Gholdengo|Thunder Wave|p2a: Darkrai
|-status|p2a: Darkrai|par
|
|upkeep
|turn|24
|
|t:|1779883757
|cant|p2a: Darkrai|par
|move|p1a: Gholdengo|Recover|p1a: Gholdengo
|-heal|p1a: Gholdengo|100/100
|
|upkeep
|turn|25
|
|t:|1779883760
|move|p2a: Darkrai|Ice Beam|p1a: Gholdengo
|-resisted|p1a: Gholdengo
|-damage|p1a: Gholdengo|85/100
|move|p1a: Gholdengo|Hex|p2a: Darkrai
|-resisted|p2a: Darkrai
|-damage|p2a: Darkrai|0 fnt
|faint|p2a: Darkrai
|
|upkeep
|
|t:|1779883764
|switch|p2a: Dragonite|Dragonite, F|70/100
|turn|26
|
|t:|1779883774
|switch|p1a: Great Tusk|Great Tusk|100/100
|move|p2a: Dragonite|Earthquake|p1a: Great Tusk
|-damage|p1a: Great Tusk|72/100
|
|upkeep
|turn|27
|
|t:|1779883782
|-terastallize|p2a: Dragonite|Normal
|move|p1a: Great Tusk|Rapid Spin|p2a: Dragonite
|-damage|p2a: Dragonite|53/100
|-boost|p1a: Great Tusk|spe|1
|move|p2a: Dragonite|Roost|p2a: Dragonite
|-heal|p2a: Dragonite|100/100
|
|upkeep
|turn|28
|
|t:|1779883786
|move|p1a: Great Tusk|Ice Spinner|p2a: Dragonite
|-damage|p2a: Dragonite|88/100
|move|p2a: Dragonite|Dragon Dance|p2a: Dragonite
|-boost|p2a: Dragonite|atk|1
|-boost|p2a: Dragonite|spe|1
|
|upkeep
|turn|29
|
|t:|1779883790
|move|p1a: Great Tusk|Rapid Spin|p2a: Dragonite
|-damage|p2a: Dragonite|72/100
|-boost|p1a: Great Tusk|spe|1
|move|p2a: Dragonite|Dragon Dance|p2a: Dragonite
|-boost|p2a: Dragonite|atk|1
|-boost|p2a: Dragonite|spe|1
|
|upkeep
|turn|30
|
|t:|1779883794
|move|p1a: Great Tusk|Headlong Rush|p2a: Dragonite
|-damage|p2a: Dragonite|15/100
|-unboost|p1a: Great Tusk|def|1
|-unboost|p1a: Great Tusk|spd|1
|move|p2a: Dragonite|Dragon Dance|p2a: Dragonite
|-boost|p2a: Dragonite|atk|1
|-boost|p2a: Dragonite|spe|1
|
|upkeep
|turn|31
|
|t:|1779883801
|move|p2a: Dragonite|Extreme Speed|p1a: Great Tusk
|-damage|p1a: Great Tusk|0 fnt
|faint|p1a: Great Tusk
|-end|p1a: Great Tusk|Protosynthesis|[silent]
|
|upkeep
|
|t:|1779883822
|switch|p1a: Enamorus|Enamorus-Therian, F|100/100
|turn|32
|
|t:|1779883826
|move|p2a: Dragonite|Roost|p2a: Dragonite
|-heal|p2a: Dragonite|65/100
|move|p1a: Enamorus|Draining Kiss|p2a: Dragonite
|-damage|p2a: Dragonite|41/100
|
|upkeep
|turn|33
|
|t:|1779883833
|move|p2a: Dragonite|Roost|p2a: Dragonite
|-heal|p2a: Dragonite|91/100
|move|p1a: Enamorus|Draining Kiss|p2a: Dragonite
|-damage|p2a: Dragonite|62/100
|
|upkeep
|turn|34
|
|t:|1779883839
|move|p2a: Dragonite|Roost|p2a: Dragonite
|-heal|p2a: Dragonite|100/100
|move|p1a: Enamorus|Calm Mind|p1a: Enamorus
|-boost|p1a: Enamorus|spa|1
|-boost|p1a: Enamorus|spd|1
|
|upkeep
|turn|35
|
|t:|1779883843
|move|p2a: Dragonite|Extreme Speed|p1a: Enamorus
|-damage|p1a: Enamorus|6/100
|move|p1a: Enamorus|Draining Kiss|p2a: Dragonite
|-damage|p2a: Dragonite|81/100
|-heal|p1a: Enamorus|22/100|[from] drain|[of] p2a: Dragonite
|
|-heal|p1a: Enamorus|28/100|[from] item: Leftovers
|upkeep
|turn|36
|
|t:|1779883848
|move|p2a: Dragonite|Extreme Speed|p1a: Enamorus
|-damage|p1a: Enamorus|0 fnt
|faint|p1a: Enamorus
|
|upkeep
|-message|lousiv forfeited.
|
|win|baldinator123
|raw|lousiv's rating: 1384 &rarr; <strong>1364</strong><br />(-20 for losing)
|raw|baldinator123's rating: 1376 &rarr; <strong>1396</strong><br />(+20 for winning)
|l|☆lousiv
|player|p1|
|l|☆baldinator123
|player|p2|
