|j|☆abellucas2
|j|☆ondeequemijaaqui
|t:|1779966451
|gametype|singles
|player|p1|abellucas2|cynthia|1137
|player|p2|ondeequemijaaqui|pokemaniac|1157
|gen|9
|tier|[Gen 9] OU
|rated|
|rule|HP Percentage Mod: HP is shown in percentages
|rule|Endless Battle Clause: Forcing endless battles is banned
|rule|Species Clause: Limit one of each Pokémon
|rule|OHKO Clause: OHKO moves are banned
|rule|Evasion Items Clause: Evasion items are banned
|rule|Evasion Moves Clause: Evasion moves are banned
|rule|Evasion Abilities Clause: Evasion abilities are banned
|rule|Sleep Moves Clause: Sleep-inducing moves are banned
|clearpoke
|poke|p1|Torkoal, M|
|poke|p1|Venusaur, M|
|poke|p1|Great Tusk|
|poke|p1|Walking Wake|
|poke|p1|Kingambit, F|
|poke|p1|Skeledirge, M|
|poke|p2|Tyranitar, M|
|poke|p2|Scizor, M|
|poke|p2|Iron Crown|
|poke|p2|Glimmora, M|
|poke|p2|Gliscor, F|
|poke|p2|Gastrodon-East, M|
|teampreview
|
|t:|1779966464
|teamsize|p1|6
|teamsize|p2|6
|start
|switch|p1a: Torkoal|Torkoal, M|100/100
|switch|p2a: Glimmora|Glimmora, M|100/100
|-weather|SunnyDay|[from] ability: Drought|[of] p1a: Torkoal
|turn|1
|
|t:|1779966479
|switch|p1a: Great Tusk|Great Tusk|100/100
|-activate|p1a: Great Tusk|ability: Protosynthesis
|-start|p1a: Great Tusk|protosynthesisatk
|move|p2a: Glimmora|Stealth Rock|p1a: Great Tusk
|-sidestart|p1: abellucas2|move: Stealth Rock
|
|-weather|SunnyDay|[upkeep]
|upkeep
|turn|2
|
|t:|1779966489
|switch|p2a: Gliscor|Gliscor, F, shiny|100/100
|move|p1a: Great Tusk|Headlong Rush|p2a: Gliscor
|-immune|p2a: Gliscor
|
|-weather|SunnyDay|[upkeep]
|-status|p2a: Gliscor|tox|[from] item: Toxic Orb
|upkeep
|turn|3
|
|t:|1779966501
|move|p1a: Great Tusk|Ice Spinner|p2a: Gliscor
|-supereffective|p2a: Gliscor
|-damage|p2a: Gliscor|0 fnt
|faint|p2a: Gliscor
|
|-weather|SunnyDay|[upkeep]
|upkeep
|
|t:|1779966510
|switch|p2a: Gastrodon|Gastrodon-East, M|100/100
|turn|4
|
|t:|1779966519
|-end|p1a: Great Tusk|Protosynthesis|[silent]
|switch|p1a: Venusaur|Venusaur, M|100/100
|-damage|p1a: Venusaur|88/100|[from] Stealth Rock
|move|p2a: Gastrodon|Ice Beam|p1a: Venusaur
|-supereffective|p1a: Venusaur
|-damage|p1a: Venusaur|40/100
|
|-weather|SunnyDay|[upkeep]
|-heal|p1a: Venusaur|46/100|[from] item: Leftovers
|upkeep
|turn|5
|
|t:|1779966532
|switch|p2a: Tyranitar|Tyranitar, M|100/100
|-weather|Sandstorm|[from] ability: Sand Stream|[of] p2a: Tyranitar
|move|p1a: Venusaur|Giga Drain|p2a: Tyranitar
|-supereffective|p2a: Tyranitar
|-crit|p2a: Tyranitar
|-damage|p2a: Tyranitar|47/100
|-heal|p1a: Venusaur|77/100|[from] drain|[of] p2a: Tyranitar
|-enditem|p2a: Tyranitar|Weakness Policy
|-boost|p2a: Tyranitar|atk|2|[from] item: Weakness Policy
|-boost|p2a: Tyranitar|spa|2|[from] item: Weakness Policy
|
|-weather|Sandstorm|[upkeep]
|-damage|p1a: Venusaur|71/100|[from] Sandstorm
|-heal|p1a: Venusaur|77/100|[from] item: Leftovers
|upkeep
|turn|6
|
|t:|1779966549
|switch|p1a: Great Tusk|Great Tusk|100/100
|-damage|p1a: Great Tusk|98/100|[from] Stealth Rock
|move|p2a: Tyranitar|Ice Punch|p1a: Great Tusk
|-supereffective|p1a: Great Tusk
|-damage|p1a: Great Tusk|9/100
|
|-weather|Sandstorm|[upkeep]
|upkeep
|turn|7
|
|t:|1779966563
|switch|p2a: Scizor|Scizor, M|100/100
|move|p1a: Great Tusk|Headlong Rush|p2a: Scizor
|-damage|p2a: Scizor|32/100
|-unboost|p1a: Great Tusk|def|1
|-unboost|p1a: Great Tusk|spd|1
|
|-weather|Sandstorm|[upkeep]
|-heal|p2a: Scizor|38/100|[from] item: Leftovers
|upkeep
|turn|8
|
|t:|1779966576
|-end|p1a: Great Tusk|Protosynthesis|[silent]
|switch|p1a: Torkoal|Torkoal, M|100/100
|-damage|p1a: Torkoal|76/100|[from] Stealth Rock
|-weather|SunnyDay|[from] ability: Drought|[of] p1a: Torkoal
|move|p2a: Scizor|Knock Off|p1a: Torkoal
|-damage|p1a: Torkoal|53/100
|-enditem|p1a: Torkoal|Heat Rock|[from] move: Knock Off|[of] p2a: Scizor
|
|-weather|SunnyDay|[upkeep]
|-heal|p2a: Scizor|44/100|[from] item: Leftovers
|upkeep
|turn|9
|
|t:|1779966590
|switch|p2a: Tyranitar|Tyranitar, M|47/100
|-weather|Sandstorm|[from] ability: Sand Stream|[of] p2a: Tyranitar
|move|p1a: Torkoal|Rapid Spin|p2a: Tyranitar
|-resisted|p2a: Tyranitar
|-damage|p2a: Tyranitar|43/100
|-boost|p1a: Torkoal|spe|1
|-sideend|p1: abellucas2|Stealth Rock|[from] move: Rapid Spin|[of] p1a: Torkoal
|
|-weather|Sandstorm|[upkeep]
|-damage|p1a: Torkoal|47/100|[from] Sandstorm
|upkeep
|turn|10
|
|t:|1779966604
|switch|p1a: Kingambit|Kingambit, F|100/100
|move|p2a: Tyranitar|Thunder Wave|p1a: Kingambit
|-status|p1a: Kingambit|par
|
|-weather|Sandstorm|[upkeep]
|upkeep
|turn|11
|
|t:|1779966617
|switch|p2a: Iron Crown|Iron Crown|100/100
|-enditem|p2a: Iron Crown|Booster Energy
|-activate|p2a: Iron Crown|ability: Quark Drive|[fromitem]
|-start|p2a: Iron Crown|quarkdrivespa
|-terastallize|p1a: Kingambit|Dark
|move|p1a: Kingambit|Iron Head|p2a: Iron Crown
|-resisted|p2a: Iron Crown
|-damage|p2a: Iron Crown|76/100
|
|-weather|Sandstorm|[upkeep]
|-damage|p1a: Kingambit|94/100 par|[from] Sandstorm
|upkeep
|turn|12
|
|t:|1779966630
|move|p2a: Iron Crown|Focus Blast|p1a: Kingambit
|-supereffective|p1a: Kingambit
|-damage|p1a: Kingambit|0 fnt
|faint|p1a: Kingambit
|-end|p1a: Kingambit|fallenundefined|[silent]
|
|-weather|Sandstorm|[upkeep]
|upkeep
|
|t:|1779966633
|switch|p1a: Torkoal|Torkoal, M|47/100
|-weather|SunnyDay|[from] ability: Drought|[of] p1a: Torkoal
|turn|13
|
|t:|1779966644
|move|p2a: Iron Crown|Psychic|p1a: Torkoal
|-damage|p1a: Torkoal|0 fnt
|faint|p1a: Torkoal
|
|-weather|SunnyDay|[upkeep]
|upkeep
|
|t:|1779966650
|switch|p1a: Walking Wake|Walking Wake|100/100
|-activate|p1a: Walking Wake|ability: Protosynthesis
|-start|p1a: Walking Wake|protosynthesisspa
|turn|14
|
|t:|1779966661
|-end|p2a: Iron Crown|Quark Drive|[silent]
|switch|p2a: Gastrodon|Gastrodon-East, M|100/100
|move|p1a: Walking Wake|Hydro Steam|p2a: Gastrodon
|-ability|p2a: Gastrodon|Storm Drain|boost
|-boost|p2a: Gastrodon|spa|1
|
|-weather|SunnyDay|[upkeep]
|upkeep
|turn|15
|-message|abellucas2 forfeited.
|
|win|ondeequemijaaqui
|raw|abellucas2's rating: 1137 &rarr; <strong>1113</strong><br />(-24 for losing)
|raw|ondeequemijaaqui's rating: 1157 &rarr; <strong>1181</strong><br />(+24 for winning)
|l|☆abellucas2
|player|p1|
