|j|☆eucalipto69!
|j|☆VraiKhey
|t:|1779865142
|gametype|singles
|player|p1|eucalipto69!|steven|1432
|player|p2|VraiKhey|red|1511
|gen|9
|tier|[Gen 9] OU
|rated|
|rule|HP Percentage Mod: HP is shown in percentages
|rule|Endless Battle Clause: Forcing endless battles is banned
|rule|Species Clause: Limit one of each Pokémon
|rule|OHKO Clause: OHKO moves are banned
|rule|Evasion Items Clause: Evasion items are banned
|rule|Evasion Moves Clause: Evasion moves are banned
|rule|Evasion Abilities Clause: Evasion abilities are banned
|rule|Sleep Moves Clause: Sleep-inducing moves are banned
|clearpoke
|poke|p1|Primarina, F|
|poke|p1|Thundurus-Therian, M|
|poke|p1|Ogerpon-Cornerstone, F|
|poke|p1|Great Tusk|
|poke|p1|Dragapult, F|
|poke|p1|Cinderace, F|
|poke|p2|Glimmora, M|
|poke|p2|Great Tusk|
|poke|p2|Scizor, M|
|poke|p2|Raging Bolt|
|poke|p2|Corviknight, F|
|poke|p2|Primarina, F|
|teampreview
|inactive|Battle timer is ON: inactive players will automatically lose when time's up. (requested by VraiKhey)
|l|☆eucalipto69!
|inactive|eucalipto69! disconnected and has a minute to reconnect!
|player|p1|
|j|☆eucalipto69!
|inactive|eucalipto69! reconnected and has 110 seconds left.
|player|p1|eucalipto69!|steven|
|
|t:|1779865191
|teamsize|p1|6
|teamsize|p2|6
|start
|switch|p1a: Cinderace|Cinderace, F|100/100
|switch|p2a: Glimmora|Glimmora, M|100/100
|turn|1
|inactive|VraiKhey has 120 seconds left.
|
|t:|1779865241
|move|p1a: Cinderace|High Jump Kick|p2a: Glimmora
|-start|p1a: Cinderace|typechange|Fighting|[from] ability: Libero
|-damage|p2a: Glimmora|29/100
|-activate|p2a: Glimmora|ability: Toxic Debris
|-sidestart|p1: eucalipto69!|move: Toxic Spikes
|move|p2a: Glimmora|Power Gem|p1a: Cinderace
|-resisted|p1a: Cinderace
|-damage|p1a: Cinderace|71/100
|
|upkeep
|turn|2
|
|t:|1779865250
|move|p1a: Cinderace|High Jump Kick|p2a: Glimmora
|-damage|p2a: Glimmora|0 fnt
|-activate|p2a: Glimmora|ability: Toxic Debris
|-sidestart|p1: eucalipto69!|move: Toxic Spikes
|faint|p2a: Glimmora
|
|upkeep
|
|t:|1779865254
|switch|p2a: Great Tusk|Great Tusk|100/100
|turn|3
|inactive|VraiKhey has 120 seconds left.
|
|t:|1779865261
|move|p1a: Cinderace|High Jump Kick|p2a: Great Tusk
|-damage|p2a: Great Tusk|52/100
|move|p2a: Great Tusk|Knock Off|p1a: Cinderace
|-resisted|p1a: Cinderace
|-damage|p1a: Cinderace|45/100
|-enditem|p1a: Cinderace|Choice Scarf|[from] move: Knock Off|[of] p2a: Great Tusk
|
|upkeep
|turn|4
|
|t:|1779865268
|move|p1a: Cinderace|High Jump Kick|p2a: Great Tusk
|-damage|p2a: Great Tusk|10/100
|move|p2a: Great Tusk|Headlong Rush|p1a: Cinderace
|-damage|p1a: Cinderace|0 fnt
|-unboost|p2a: Great Tusk|def|1
|-unboost|p2a: Great Tusk|spd|1
|faint|p1a: Cinderace
|
|upkeep
|
|t:|1779865276
|switch|p1a: Great Tusk|Great Tusk|100/100
|-status|p1a: Great Tusk|tox
|turn|5
|
|t:|1779865279
|-end|p2a: Great Tusk|Protosynthesis|[silent]
|switch|p2a: Corviknight|Corviknight, F|100/100
|move|p1a: Great Tusk|Rapid Spin|p2a: Corviknight
|-resisted|p2a: Corviknight
|-damage|p2a: Corviknight|93/100
|-boost|p1a: Great Tusk|spe|1
|-damage|p1a: Great Tusk|84/100 tox|[from] item: Rocky Helmet|[of] p2a: Corviknight
|-sideend|p1: eucalipto69!|Toxic Spikes|[from] move: Rapid Spin|[of] p1a: Great Tusk
|
|-damage|p1a: Great Tusk|78/100 tox|[from] psn
|upkeep
|turn|6
|
|t:|1779865284
|move|p1a: Great Tusk|Close Combat|p2a: Corviknight
|-damage|p2a: Corviknight|38/100
|-unboost|p1a: Great Tusk|def|1
|-unboost|p1a: Great Tusk|spd|1
|-damage|p1a: Great Tusk|61/100 tox|[from] item: Rocky Helmet|[of] p2a: Corviknight
|move|p2a: Corviknight|Iron Defense|p2a: Corviknight
|-boost|p2a: Corviknight|def|2
|
|-damage|p1a: Great Tusk|49/100 tox|[from] psn
|upkeep
|turn|7
|
|t:|1779865289
|-end|p1a: Great Tusk|Protosynthesis|[silent]
|switch|p1a: Thundurus|Thundurus-Therian, M|100/100
|move|p2a: Corviknight|Roost|p2a: Corviknight
|-heal|p2a: Corviknight|88/100
|-singleturn|p2a: Corviknight|move: Roost
|
|upkeep
|turn|8
|
|t:|1779865293
|switch|p2a: Raging Bolt|Raging Bolt|100/100
|-enditem|p2a: Raging Bolt|Booster Energy
|-activate|p2a: Raging Bolt|ability: Protosynthesis|[fromitem]
|-start|p2a: Raging Bolt|protosynthesisspa
|move|p1a: Thundurus|Nasty Plot|p1a: Thundurus
|-boost|p1a: Thundurus|spa|2
|
|upkeep
|turn|9
|
|t:|1779865299
|move|p1a: Thundurus|Focus Blast|p2a: Raging Bolt|[miss]
|-miss|p1a: Thundurus|p2a: Raging Bolt
|move|p2a: Raging Bolt|Draco Meteor|p1a: Thundurus
|-damage|p1a: Thundurus|0 fnt
|-unboost|p2a: Raging Bolt|spa|2
|faint|p1a: Thundurus
|
|upkeep
|
|t:|1779865302
|switch|p1a: Primarina|Primarina, F|100/100
|turn|10
|
|t:|1779865308
|move|p2a: Raging Bolt|Volt Switch|p1a: Primarina
|-supereffective|p1a: Primarina
|-damage|p1a: Primarina|68/100
|
|t:|1779865316
|-end|p2a: Raging Bolt|Protosynthesis|[silent]
|switch|p2a: Great Tusk|Great Tusk|10/100|[from] Volt Switch
|move|p1a: Primarina|Moonblast|p2a: Great Tusk
|-supereffective|p2a: Great Tusk
|-damage|p2a: Great Tusk|0 fnt
|faint|p2a: Great Tusk
|-end|p2a: Great Tusk|Protosynthesis|[silent]
|
|upkeep
|
|t:|1779865322
|switch|p2a: Raging Bolt|Raging Bolt|100/100
|turn|11
|
|t:|1779865325
|move|p2a: Raging Bolt|Volt Switch|p1a: Primarina
|-supereffective|p1a: Primarina
|-damage|p1a: Primarina|20/100
|
|t:|1779865328
|-end|p2a: Raging Bolt|Protosynthesis|[silent]
|switch|p2a: Primarina|Primarina, F|100/100|[from] Volt Switch
|move|p1a: Primarina|Moonblast|p2a: Primarina
|-damage|p2a: Primarina|71/100
|-unboost|p2a: Primarina|spa|1
|
|upkeep
|turn|12
|
|t:|1779865333
|move|p1a: Primarina|Moonblast|p2a: Primarina
|-damage|p2a: Primarina|43/100
|-unboost|p2a: Primarina|spa|1
|move|p2a: Primarina|Moonblast|p1a: Primarina
|-damage|p1a: Primarina|5/100
|-unboost|p1a: Primarina|spa|1
|
|upkeep
|turn|13
|
|t:|1779865340
|switch|p2a: Scizor|Scizor, M|100/100
|move|p1a: Primarina|Moonblast|p2a: Scizor
|-resisted|p2a: Scizor
|-damage|p2a: Scizor|80/100
|
|upkeep
|turn|14
|
|t:|1779865344
|move|p2a: Scizor|Bullet Punch|p1a: Primarina
|-damage|p1a: Primarina|0 fnt
|faint|p1a: Primarina
|-damage|p2a: Scizor|70/100|[from] item: Life Orb
|
|upkeep
|
|t:|1779865348
|switch|p1a: Dragapult|Dragapult, F|100/100
|turn|15
|
|t:|1779865353
|move|p1a: Dragapult|Will-O-Wisp|p2a: Scizor|[miss]
|-miss|p1a: Dragapult|p2a: Scizor
|move|p2a: Scizor|Knock Off|p1a: Dragapult
|-supereffective|p1a: Dragapult
|-damage|p1a: Dragapult|0 fnt
|-enditem|p1a: Dragapult|Leftovers|[from] move: Knock Off|[of] p2a: Scizor
|faint|p1a: Dragapult
|-damage|p2a: Scizor|60/100|[from] item: Life Orb
|
|upkeep
|-message|eucalipto69! forfeited.
|
|win|VraiKhey
|raw|eucalipto69!'s rating: 1432 &rarr; <strong>1416</strong><br />(-16 for losing)
|raw|VraiKhey's rating: 1511 &rarr; <strong>1527</strong><br />(+16 for winning)
|l|☆eucalipto69!
|player|p1|
|l|☆VraiKhey
|player|p2|
