|j|☆gyhe
|j|☆James2464
|t:|1779814366
|gametype|singles
|player|p1|gyhe|102|1567
|player|p2|James2464|miku-ghost|1675
|gen|9
|tier|[Gen 9] OU
|rated|
|rule|HP Percentage Mod: HP is shown in percentages
|rule|Endless Battle Clause: Forcing endless battles is banned
|rule|Species Clause: Limit one of each Pokémon
|rule|OHKO Clause: OHKO moves are banned
|rule|Evasion Items Clause: Evasion items are banned
|rule|Evasion Moves Clause: Evasion moves are banned
|rule|Evasion Abilities Clause: Evasion abilities are banned
|rule|Sleep Moves Clause: Sleep-inducing moves are banned
|clearpoke
|poke|p1|Lokix, M|
|poke|p1|Pecharunt|
|poke|p1|Zamazenta-*|
|poke|p1|Ting-Lu|
|poke|p1|Latios, M|
|poke|p1|Gliscor, F|
|poke|p2|Salazzle, F|
|poke|p2|Maushold-Four|
|poke|p2|Kingambit, F|
|poke|p2|Dragonite, F|
|poke|p2|Enamorus, F|
|poke|p2|Ogerpon-Cornerstone, F|
|teampreview
|inactive|Battle timer is ON: inactive players will automatically lose when time's up. (requested by James2464)
|inactive|gyhe has 120 seconds left.
|inactive|James2464 has 120 seconds left.
|
|t:|1779814405
|teamsize|p1|6
|teamsize|p2|6
|start
|switch|p1a: Latios|Latios, M|100/100
|switch|p2a: Ogerpon|Ogerpon-Cornerstone, F|100/100
|turn|1
|
|t:|1779814411
|move|p1a: Latios|Flip Turn|p2a: Ogerpon
|-damage|p2a: Ogerpon|86/100
|
|t:|1779814413
|switch|p1a: Pecharunt|Pecharunt|100/100|[from] Flip Turn
|move|p2a: Ogerpon|Swords Dance|p2a: Ogerpon
|-boost|p2a: Ogerpon|atk|2
|
|upkeep
|turn|2
|
|t:|1779814416
|move|p2a: Ogerpon|Ivy Cudgel|p1a: Pecharunt|[anim] Ivy Cudgel Rock
|-damage|p1a: Pecharunt|46/100
|move|p1a: Pecharunt|Foul Play|p2a: Ogerpon
|-damage|p2a: Ogerpon|11/100
|
|upkeep
|turn|3
|j| nepturee
|
|t:|1779814422
|move|p2a: Ogerpon|Ivy Cudgel|p1a: Pecharunt|[anim] Ivy Cudgel Rock
|-damage|p1a: Pecharunt|0 fnt
|faint|p1a: Pecharunt
|
|upkeep
|
|t:|1779814430
|switch|p1a: Lokix|Lokix, M|100/100
|turn|4
|inactive|James2464 has 120 seconds left.
|
|t:|1779814463
|move|p1a: Lokix|First Impression|p2a: Ogerpon
|-supereffective|p2a: Ogerpon
|-damage|p2a: Ogerpon|0 fnt
|faint|p2a: Ogerpon
|
|upkeep
|
|t:|1779814468
|switch|p2a: Maushold|Maushold-Four|100/100
|turn|5
|
|t:|1779814477
|move|p2a: Maushold|Tidy Up|p2a: Maushold
|-boost|p2a: Maushold|atk|1
|-boost|p2a: Maushold|spe|1
|move|p1a: Lokix|U-turn|p2a: Maushold
|-damage|p2a: Maushold|44/100
|
|t:|1779814492
|switch|p1a: Ting-Lu|Ting-Lu|100/100|[from] U-turn
|-ability|p1a: Ting-Lu|Vessel of Ruin
|
|upkeep
|turn|6
|
|t:|1779814497
|-terastallize|p1a: Ting-Lu|Ghost
|move|p2a: Maushold|Population Bomb|p1a: Ting-Lu
|-immune|p1a: Ting-Lu
|move|p1a: Ting-Lu|Earthquake|p2a: Maushold
|-damage|p2a: Maushold|0 fnt
|faint|p2a: Maushold
|
|upkeep
|
|t:|1779814501
|switch|p2a: Kingambit|Kingambit, F|100/100
|-activate|p2a: Kingambit|ability: Supreme Overlord
|-start|p2a: Kingambit|fallen2|[silent]
|turn|7
|
|t:|1779814506
|move|p2a: Kingambit|Swords Dance|p2a: Kingambit
|-boost|p2a: Kingambit|atk|2
|move|p1a: Ting-Lu|Earthquake|p2a: Kingambit
|-supereffective|p2a: Kingambit
|-damage|p2a: Kingambit|43/100
|
|-heal|p2a: Kingambit|49/100|[from] item: Leftovers
|upkeep
|turn|8
|
|t:|1779814510
|switch|p1a: Gliscor|Gliscor, F|100/100
|move|p2a: Kingambit|Kowtow Cleave|p1a: Gliscor
|-damage|p1a: Gliscor|6/100
|
|-heal|p2a: Kingambit|55/100|[from] item: Leftovers
|-status|p1a: Gliscor|tox|[from] item: Toxic Orb
|upkeep
|turn|9
|
|t:|1779814514
|move|p2a: Kingambit|Sucker Punch||[still]
|-fail|p2a: Kingambit
|move|p1a: Gliscor|Spikes|p2a: Kingambit
|-sidestart|p2: James2464|Spikes
|
|-heal|p2a: Kingambit|61/100|[from] item: Leftovers
|-heal|p1a: Gliscor|18/100 tox|[from] ability: Poison Heal
|upkeep
|turn|10
|
|t:|1779814516
|move|p2a: Kingambit|Sucker Punch|p1a: Gliscor
|-damage|p1a: Gliscor|0 fnt
|faint|p1a: Gliscor
|
|-heal|p2a: Kingambit|67/100|[from] item: Leftovers
|upkeep
|
|t:|1779814519
|switch|p1a: Zamazenta|Zamazenta|100/100
|-ability|p1a: Zamazenta|Dauntless Shield|boost
|-boost|p1a: Zamazenta|def|1
|turn|11
|
|t:|1779814529
|-terastallize|p2a: Kingambit|Ghost
|move|p1a: Zamazenta|Crunch|p2a: Kingambit
|-supereffective|p2a: Kingambit
|-damage|p2a: Kingambit|29/100
|move|p2a: Kingambit|Iron Head|p1a: Zamazenta
|-damage|p1a: Zamazenta|31/100
|
|-heal|p2a: Kingambit|35/100|[from] item: Leftovers
|upkeep
|turn|12
|
|t:|1779814544
|move|p2a: Kingambit|Sucker Punch|p1a: Zamazenta
|-resisted|p1a: Zamazenta
|-damage|p1a: Zamazenta|0 fnt
|faint|p1a: Zamazenta
|
|-heal|p2a: Kingambit|41/100|[from] item: Leftovers
|upkeep
|
|t:|1779814547
|switch|p1a: Lokix|Lokix, M|100/100
|turn|13
|
|t:|1779814555
|-end|p2a: Kingambit|fallen2|[silent]
|switch|p2a: Dragonite|Dragonite, F|100/100
|move|p1a: Lokix|Sucker Punch||[still]
|-fail|p1a: Lokix
|
|upkeep
|turn|14
|
|t:|1779814560
|move|p1a: Lokix|U-turn|p2a: Dragonite
|-resisted|p2a: Dragonite
|-damage|p2a: Dragonite|80/100
|
|t:|1779814564
|switch|p1a: Ting-Lu|Ting-Lu, tera:Ghost|100/100|[from] U-turn
|-ability|p1a: Ting-Lu|Vessel of Ruin
|move|p2a: Dragonite|Dragon Dance|p2a: Dragonite
|-boost|p2a: Dragonite|atk|1
|-boost|p2a: Dragonite|spe|1
|
|upkeep
|turn|15
|
|t:|1779814570
|move|p2a: Dragonite|Dragon Dance|p2a: Dragonite
|-boost|p2a: Dragonite|atk|1
|-boost|p2a: Dragonite|spe|1
|move|p1a: Ting-Lu|Whirlwind|p2a: Dragonite
|drag|p2a: Salazzle|Salazzle, F|100/100
|-damage|p2a: Salazzle|88/100|[from] Spikes
|
|upkeep
|turn|16
|
|t:|1779814574
|move|p2a: Salazzle|Toxic|p1a: Ting-Lu
|-status|p1a: Ting-Lu|tox
|move|p1a: Ting-Lu|Stealth Rock|p2a: Salazzle
|-sidestart|p2: James2464|move: Stealth Rock
|
|-damage|p1a: Ting-Lu|94/100 tox|[from] psn
|upkeep
|turn|17
|
|t:|1779814580
|switch|p2a: Dragonite|Dragonite, F|80/100
|move|p1a: Ting-Lu|Earthquake|p2a: Dragonite
|-immune|p2a: Dragonite
|
|-heal|p1a: Ting-Lu|100/100 tox|[from] item: Leftovers
|-damage|p1a: Ting-Lu|88/100 tox|[from] psn
|upkeep
|turn|18
|
|t:|1779814588
|move|p2a: Dragonite|Earthquake|p1a: Ting-Lu
|-damage|p1a: Ting-Lu|67/100 tox
|move|p1a: Ting-Lu|Whirlwind|p2a: Dragonite
|drag|p2a: Salazzle|Salazzle, F|88/100
|-damage|p2a: Salazzle|76/100|[from] Spikes
|-damage|p2a: Salazzle|51/100|[from] Stealth Rock
|
|-heal|p1a: Ting-Lu|73/100 tox|[from] item: Leftovers
|-damage|p1a: Ting-Lu|55/100 tox|[from] psn
|upkeep
|turn|19
|
|t:|1779814600
|switch|p2a: Dragonite|Dragonite, F|80/100
|move|p1a: Ting-Lu|Ruination|p2a: Dragonite
|-damage|p2a: Dragonite|40/100
|
|-heal|p1a: Ting-Lu|61/100 tox|[from] item: Leftovers
|-damage|p1a: Ting-Lu|36/100 tox|[from] psn
|upkeep
|turn|20
|l| nepturee
|
|t:|1779814605
|move|p2a: Dragonite|Earthquake|p1a: Ting-Lu
|-damage|p1a: Ting-Lu|13/100 tox
|move|p1a: Ting-Lu|Whirlwind|p2a: Dragonite
|drag|p2a: Salazzle|Salazzle, F|51/100
|-damage|p2a: Salazzle|39/100|[from] Spikes
|-damage|p2a: Salazzle|14/100|[from] Stealth Rock
|
|-heal|p1a: Ting-Lu|19/100 tox|[from] item: Leftovers
|-damage|p1a: Ting-Lu|0 fnt|[from] psn
|faint|p1a: Ting-Lu
|upkeep
|
|t:|1779814630
|switch|p1a: Latios|Latios, M|100/100
|turn|21
|
|t:|1779814647
|move|p2a: Salazzle|Sludge Wave|p1a: Latios
|-damage|p1a: Latios|55/100
|move|p1a: Latios|Psychic Noise|p2a: Salazzle
|-supereffective|p2a: Salazzle
|-damage|p2a: Salazzle|0 fnt
|faint|p2a: Salazzle
|
|upkeep
|
|t:|1779814657
|switch|p2a: Enamorus|Enamorus, F|100/100
|-damage|p2a: Enamorus|76/100|[from] Stealth Rock
|turn|22
|
|t:|1779814662
|move|p1a: Latios|Psychic Noise|p2a: Enamorus
|-damage|p2a: Enamorus|0 fnt
|faint|p2a: Enamorus
|
|upkeep
|
|t:|1779814665
|switch|p2a: Kingambit|Kingambit, F, tera:Ghost|41/100
|-damage|p2a: Kingambit|29/100|[from] Spikes
|-damage|p2a: Kingambit|16/100|[from] Stealth Rock
|-activate|p2a: Kingambit|ability: Supreme Overlord
|-start|p2a: Kingambit|fallen4|[silent]
|turn|23
|
|t:|1779814669
|move|p1a: Latios|Psychic Noise|p2a: Kingambit
|-damage|p2a: Kingambit|0 fnt
|faint|p2a: Kingambit
|-end|p2a: Kingambit|fallen4|[silent]
|
|upkeep
|-message|James2464 forfeited.
|
|win|gyhe
|raw|gyhe's rating: 1546 &rarr; <strong>1573</strong><br />(+27 for winning)
|raw|James2464's rating: 1675 &rarr; <strong>1648</strong><br />(-27 for losing)
|l|☆James2464
|player|p2|
