|j|☆TheManOfSausage
|j|☆totally ligit
|t:|1779878662
|gametype|singles
|player|p1|TheManOfSausage|miku-water|1450
|player|p2|totally ligit|170|1502
|gen|9
|tier|[Gen 9] OU
|rated|
|rule|HP Percentage Mod: HP is shown in percentages
|rule|Endless Battle Clause: Forcing endless battles is banned
|rule|Species Clause: Limit one of each Pokémon
|rule|OHKO Clause: OHKO moves are banned
|rule|Evasion Items Clause: Evasion items are banned
|rule|Evasion Moves Clause: Evasion moves are banned
|rule|Evasion Abilities Clause: Evasion abilities are banned
|rule|Sleep Moves Clause: Sleep-inducing moves are banned
|clearpoke
|poke|p1|Tyranitar, M|
|poke|p1|Excadrill, M|
|poke|p1|Ogerpon-Wellspring, F|
|poke|p1|Corviknight, F|
|poke|p1|Zapdos|
|poke|p1|Zamazenta-*|
|poke|p2|Dragapult, F|
|poke|p2|Maushold-Four|
|poke|p2|Meowscarada, M|
|poke|p2|Walking Wake|
|poke|p2|Weezing-Galar, F|
|poke|p2|Magnezone|
|teampreview
|inactive|Battle timer is ON: inactive players will automatically lose when time's up. (requested by totally ligit)
|
|t:|1779878668
|teamsize|p1|6
|teamsize|p2|6
|start
|switch|p1a: Tyranitar|Tyranitar, M|100/100
|switch|p2a: Magnezone|Magnezone|100/100
|-weather|Sandstorm|[from] ability: Sand Stream|[of] p1a: Tyranitar
|turn|1
|
|t:|1779878673
|move|p2a: Magnezone|Volt Switch|p1a: Tyranitar
|-damage|p1a: Tyranitar|65/100
|
|t:|1779878675
|switch|p2a: Weezing|Weezing-Galar, F|100/100|[from] Volt Switch
|move|p1a: Tyranitar|Stealth Rock|p2a: Weezing
|-sidestart|p2: totally ligit|move: Stealth Rock
|
|-weather|Sandstorm|[upkeep]
|-damage|p2a: Weezing|95/100|[from] Sandstorm
|-heal|p2a: Weezing|100/100|[from] item: Leftovers
|upkeep
|turn|2
|
|t:|1779878686
|switch|p1a: Zapdos|Zapdos|100/100
|move|p2a: Weezing|Defog|p1a: Zapdos
|-unboost|p1a: Zapdos|evasion|1
|-sideend|p2: totally ligit|Stealth Rock|[from] move: Defog|[of] p2a: Weezing
|
|-weather|Sandstorm|[upkeep]
|-damage|p1a: Zapdos|94/100|[from] Sandstorm
|-damage|p2a: Weezing|95/100|[from] Sandstorm
|-heal|p2a: Weezing|100/100|[from] item: Leftovers
|upkeep
|turn|3
|
|t:|1779878696
|switch|p2a: Walking Wake|Walking Wake|100/100
|-enditem|p2a: Walking Wake|Booster Energy
|-activate|p2a: Walking Wake|ability: Protosynthesis|[fromitem]
|-start|p2a: Walking Wake|protosynthesisspa
|move|p1a: Zapdos|Thunder Wave|p2a: Walking Wake
|-status|p2a: Walking Wake|par
|
|-weather|Sandstorm|[upkeep]
|-damage|p1a: Zapdos|88/100|[from] Sandstorm
|-damage|p2a: Walking Wake|94/100 par|[from] Sandstorm
|upkeep
|turn|4
|
|t:|1779878701
|move|p1a: Zapdos|Volt Switch|p2a: Walking Wake
|-damage|p2a: Walking Wake|60/100 par
|
|t:|1779878704
|switch|p1a: Ogerpon|Ogerpon-Wellspring, F|100/100|[from] Volt Switch
|move|p2a: Walking Wake|Dragon Pulse|p1a: Ogerpon
|-damage|p1a: Ogerpon|32/100
|
|-weather|Sandstorm|[upkeep]
|-damage|p1a: Ogerpon|26/100|[from] Sandstorm
|-damage|p2a: Walking Wake|54/100 par|[from] Sandstorm
|upkeep
|turn|5
|
|t:|1779878706
|move|p1a: Ogerpon|Horn Leech|p2a: Walking Wake
|-damage|p2a: Walking Wake|6/100 par
|-heal|p1a: Ogerpon|53/100|[from] drain|[of] p2a: Walking Wake
|move|p2a: Walking Wake|Dragon Pulse|p1a: Ogerpon
|-damage|p1a: Ogerpon|0 fnt
|faint|p1a: Ogerpon
|
|-weather|Sandstorm|[upkeep]
|-damage|p2a: Walking Wake|0 fnt|[from] Sandstorm
|faint|p2a: Walking Wake
|-end|p2a: Walking Wake|Protosynthesis|[silent]
|upkeep
|
|t:|1779878714
|switch|p1a: Excadrill|Excadrill, M|100/100
|switch|p2a: Meowscarada|Meowscarada, M|100/100
|turn|6
|
|t:|1779878723
|switch|p1a: Corviknight|Corviknight, F|100/100
|-ability|p1a: Corviknight|Pressure
|move|p2a: Meowscarada|U-turn|p1a: Corviknight
|-start|p2a: Meowscarada|typechange|Bug|[from] ability: Protean
|-resisted|p1a: Corviknight
|-damage|p1a: Corviknight|96/100
|-damage|p2a: Meowscarada|84/100|[from] item: Rocky Helmet|[of] p1a: Corviknight
|
|t:|1779878726
|switch|p2a: Magnezone|Magnezone|100/100|[from] U-turn
|
|-weather|Sandstorm|[upkeep]
|upkeep
|turn|7
|
|t:|1779878737
|move|p2a: Magnezone|Thunderbolt|p1a: Corviknight
|-supereffective|p1a: Corviknight
|-damage|p1a: Corviknight|0 fnt
|faint|p1a: Corviknight
|
|-weather|Sandstorm|[upkeep]
|upkeep
|
|t:|1779878742
|switch|p1a: Excadrill|Excadrill, M|100/100
|turn|8
|
|t:|1779878753
|switch|p2a: Weezing|Weezing-Galar, F|100/100
|move|p1a: Excadrill|Iron Head|p2a: Weezing
|-supereffective|p2a: Weezing
|-damage|p2a: Weezing|41/100
|
|-weather|none
|-heal|p2a: Weezing|47/100|[from] item: Leftovers
|upkeep
|turn|9
|
|t:|1779878758
|switch|p2a: Magnezone|Magnezone|100/100
|move|p1a: Excadrill|Iron Head|p2a: Magnezone
|-resisted|p2a: Magnezone
|-damage|p2a: Magnezone|89/100
|
|upkeep
|turn|10
|
|t:|1779878760
|switch|p2a: Weezing|Weezing-Galar, F|47/100
|move|p1a: Excadrill|Earthquake|p2a: Weezing
|-immune|p2a: Weezing|[from] ability: Levitate
|
|-heal|p2a: Weezing|53/100|[from] item: Leftovers
|upkeep
|turn|11
|
|t:|1779878764
|move|p1a: Excadrill|Iron Head|p2a: Weezing
|-supereffective|p2a: Weezing
|-damage|p2a: Weezing|0 fnt
|faint|p2a: Weezing
|
|upkeep
|
|t:|1779878774
|switch|p2a: Bonk*10|Maushold-Four|100/100
|turn|12
|
|t:|1779878778
|switch|p1a: Tyranitar|Tyranitar, M|65/100
|-weather|Sandstorm|[from] ability: Sand Stream|[of] p1a: Tyranitar
|move|p2a: Bonk*10|Population Bomb|p1a: Tyranitar
|-resisted|p1a: Tyranitar
|-damage|p1a: Tyranitar|61/100
|-resisted|p1a: Tyranitar
|-damage|p1a: Tyranitar|57/100
|-resisted|p1a: Tyranitar
|-damage|p1a: Tyranitar|52/100
|-resisted|p1a: Tyranitar
|-damage|p1a: Tyranitar|48/100
|-resisted|p1a: Tyranitar
|-damage|p1a: Tyranitar|43/100
|-resisted|p1a: Tyranitar
|-damage|p1a: Tyranitar|39/100
|-resisted|p1a: Tyranitar
|-damage|p1a: Tyranitar|34/100
|-resisted|p1a: Tyranitar
|-damage|p1a: Tyranitar|29/100
|-resisted|p1a: Tyranitar
|-damage|p1a: Tyranitar|25/100
|-resisted|p1a: Tyranitar
|-damage|p1a: Tyranitar|21/100
|-hitcount|p1a: Tyranitar|10
|
|-weather|Sandstorm|[upkeep]
|-damage|p2a: Bonk*10|94/100|[from] Sandstorm
|upkeep
|turn|13
|
|t:|1779878782
|move|p2a: Bonk*10|Population Bomb|p1a: Tyranitar
|-resisted|p1a: Tyranitar
|-damage|p1a: Tyranitar|17/100
|-resisted|p1a: Tyranitar
|-damage|p1a: Tyranitar|12/100
|-resisted|p1a: Tyranitar
|-damage|p1a: Tyranitar|8/100
|-resisted|p1a: Tyranitar
|-damage|p1a: Tyranitar|3/100
|-resisted|p1a: Tyranitar
|-damage|p1a: Tyranitar|0 fnt
|faint|p1a: Tyranitar
|-hitcount|p1: Tyranitar|5
|
|-weather|Sandstorm|[upkeep]
|-damage|p2a: Bonk*10|88/100|[from] Sandstorm
|upkeep
|
|t:|1779878790
|switch|p1a: Zapdos|Zapdos|88/100
|turn|14
|
|t:|1779878795
|move|p2a: Bonk*10|Population Bomb|p1a: Zapdos|[miss]
|-miss|p2a: Bonk*10|p1a: Zapdos
|move|p1a: Zapdos|Volt Switch|p2a: Bonk*10
|-damage|p2a: Bonk*10|47/100
|
|t:|1779878797
|switch|p1a: Excadrill|Excadrill, M|100/100|[from] Volt Switch
|
|-weather|Sandstorm|[upkeep]
|-damage|p2a: Bonk*10|41/100|[from] Sandstorm
|upkeep
|turn|15
|
|t:|1779878809
|move|p1a: Excadrill|Swords Dance|p1a: Excadrill
|-boost|p1a: Excadrill|atk|2
|move|p2a: Bonk*10|Population Bomb|p1a: Excadrill
|-resisted|p1a: Excadrill
|-damage|p1a: Excadrill|93/100
|-resisted|p1a: Excadrill
|-damage|p1a: Excadrill|85/100
|-resisted|p1a: Excadrill
|-damage|p1a: Excadrill|77/100
|-resisted|p1a: Excadrill
|-damage|p1a: Excadrill|69/100
|-resisted|p1a: Excadrill
|-damage|p1a: Excadrill|61/100
|-resisted|p1a: Excadrill
|-damage|p1a: Excadrill|53/100
|-resisted|p1a: Excadrill
|-damage|p1a: Excadrill|45/100
|-resisted|p1a: Excadrill
|-damage|p1a: Excadrill|37/100
|-resisted|p1a: Excadrill
|-damage|p1a: Excadrill|30/100
|-resisted|p1a: Excadrill
|-damage|p1a: Excadrill|22/100
|-hitcount|p1a: Excadrill|10
|
|-weather|Sandstorm|[upkeep]
|-damage|p2a: Bonk*10|35/100|[from] Sandstorm
|upkeep
|turn|16
|
|t:|1779878815
|move|p1a: Excadrill|Earthquake|p2a: Bonk*10
|-damage|p2a: Bonk*10|0 fnt
|faint|p2a: Bonk*10
|
|-weather|Sandstorm|[upkeep]
|upkeep
|
|t:|1779878825
|switch|p2a: Meowscarada|Meowscarada, M|84/100
|turn|17
|
|t:|1779878827
|switch|p1a: Zapdos|Zapdos|88/100
|move|p2a: Meowscarada|Flower Trick|p1a: Zapdos
|-start|p2a: Meowscarada|typechange|Grass|[from] ability: Protean
|-resisted|p1a: Zapdos
|-crit|p1a: Zapdos
|-damage|p1a: Zapdos|70/100
|
|-weather|Sandstorm|[upkeep]
|-damage|p2a: Meowscarada|78/100|[from] Sandstorm
|-damage|p1a: Zapdos|64/100|[from] Sandstorm
|upkeep
|turn|18
|
|t:|1779878835
|switch|p2a: Magnezone|Magnezone|89/100
|move|p1a: Zapdos|Roost|p1a: Zapdos
|-heal|p1a: Zapdos|100/100
|-singleturn|p1a: Zapdos|move: Roost
|
|-weather|Sandstorm|[upkeep]
|-damage|p1a: Zapdos|94/100|[from] Sandstorm
|upkeep
|turn|19
|
|t:|1779878843
|move|p1a: Zapdos|Volt Switch|p2a: Magnezone
|-resisted|p2a: Magnezone
|-damage|p2a: Magnezone|69/100
|
|t:|1779878845
|switch|p1a: Excadrill|Excadrill, M|22/100|[from] Volt Switch
|move|p2a: Magnezone|Flash Cannon|p1a: Excadrill
|-resisted|p1a: Excadrill
|-damage|p1a: Excadrill|0 fnt
|faint|p1a: Excadrill
|
|-weather|none
|upkeep
|
|t:|1779878853
|switch|p1a: Zamazenta|Zamazenta|100/100
|-ability|p1a: Zamazenta|Dauntless Shield|boost
|-boost|p1a: Zamazenta|def|1
|turn|20
|
|t:|1779878859
|move|p1a: Zamazenta|Crunch|p2a: Magnezone
|-damage|p2a: Magnezone|28/100
|-unboost|p2a: Magnezone|def|1
|move|p2a: Magnezone|Flash Cannon|p1a: Zamazenta
|-damage|p1a: Zamazenta|32/100
|
|upkeep
|turn|21
|
|t:|1779878862
|move|p1a: Zamazenta|Crunch|p2a: Magnezone
|-damage|p2a: Magnezone|0 fnt
|faint|p2a: Magnezone
|
|upkeep
|
|t:|1779878864
|switch|p2a: Meowscarada|Meowscarada, M|78/100
|turn|22
|
|t:|1779878866
|switch|p1a: Zapdos|Zapdos|94/100
|move|p2a: Meowscarada|Triple Axel|p1a: Zapdos
|-start|p2a: Meowscarada|typechange|Ice|[from] ability: Protean
|-supereffective|p1a: Zapdos
|-damage|p1a: Zapdos|80/100
|-supereffective|p1a: Zapdos
|-damage|p1a: Zapdos|52/100
|-status|p2a: Meowscarada|par|[from] ability: Static|[of] p1a: Zapdos
|-supereffective|p1a: Zapdos
|-damage|p1a: Zapdos|13/100
|-hitcount|p1a: Zapdos|3
|
|upkeep
|turn|23
|
|t:|1779878871
|move|p2a: Meowscarada|Triple Axel|p1a: Zapdos
|-supereffective|p1a: Zapdos
|-damage|p1a: Zapdos|0 fnt
|faint|p1a: Zapdos
|-hitcount|p1: Zapdos|1
|
|upkeep
|-message|TheManOfSausage forfeited.
|
|win|totally ligit
|raw|TheManOfSausage's rating: 1450 &rarr; <strong>1433</strong><br />(-17 for losing)
|raw|totally ligit's rating: 1502 &rarr; <strong>1519</strong><br />(+17 for winning)
|l|☆TheManOfSausage
|player|p1|
|l|☆totally ligit
|player|p2|
