|j|☆HercuLeon
|j|‽slopfist
|t:|1779963128
|gametype|singles
|player|p1|HercuLeon|blue|1139
|player|p2|slopfist|169|1099
|gen|9
|tier|[Gen 9] OU
|rated|
|rule|HP Percentage Mod: HP is shown in percentages
|rule|Endless Battle Clause: Forcing endless battles is banned
|rule|Species Clause: Limit one of each Pokémon
|rule|OHKO Clause: OHKO moves are banned
|rule|Evasion Items Clause: Evasion items are banned
|rule|Evasion Moves Clause: Evasion moves are banned
|rule|Evasion Abilities Clause: Evasion abilities are banned
|rule|Sleep Moves Clause: Sleep-inducing moves are banned
|clearpoke
|poke|p1|Kleavor, M|
|poke|p1|Blaziken, M|
|poke|p1|Orthworm, M|
|poke|p1|Clodsire, F|
|poke|p1|Blastoise, F|
|poke|p1|Enamorus-Therian, F|
|poke|p2|Hoopa|
|poke|p2|Cinderace, M|
|poke|p2|Mandibuzz, F|
|poke|p2|Kyurem|
|poke|p2|Ting-Lu|
|poke|p2|Manaphy|
|teampreview
|inactive|Battle timer is ON: inactive players will automatically lose when time's up. (requested by HercuLeon)
|
|t:|1779963137
|teamsize|p1|6
|teamsize|p2|6
|start
|switch|p1a: Kleavor|Kleavor, M|100/100
|switch|p2a: Manaphy|Manaphy|100/100
|turn|1
|
|t:|1779963146
|move|p2a: Manaphy|Scald|p1a: Kleavor
|-supereffective|p1a: Kleavor
|-damage|p1a: Kleavor|36/100
|move|p1a: Kleavor|Stone Axe|p2a: Manaphy
|-damage|p2a: Manaphy|59/100
|-sidestart|p2: slopfist|move: Stealth Rock
|
|-heal|p2a: Manaphy|66/100|[from] item: Leftovers
|upkeep
|turn|2
|
|t:|1779963158
|switch|p1a: Clodsire|Clodsire, F|100/100
|move|p2a: Manaphy|Scald|p1a: Clodsire
|-immune|p1a: Clodsire|[from] ability: Water Absorb
|
|-heal|p2a: Manaphy|72/100|[from] item: Leftovers
|upkeep
|turn|3
|
|t:|1779963174
|switch|p2a: Ting-Lu|Ting-Lu|100/100
|-damage|p2a: Ting-Lu|94/100|[from] Stealth Rock
|-ability|p2a: Ting-Lu|Vessel of Ruin
|move|p1a: Clodsire|Toxic|p2a: Ting-Lu
|-status|p2a: Ting-Lu|tox
|
|-damage|p2a: Ting-Lu|88/100 tox|[from] psn
|upkeep
|turn|4
|
|t:|1779963188
|switch|p1a: Orthworm|Orthworm, M|100/100
|move|p2a: Ting-Lu|Stone Edge|p1a: Orthworm
|-resisted|p1a: Orthworm
|-damage|p1a: Orthworm|88/100
|
|-damage|p2a: Ting-Lu|76/100 tox|[from] psn
|upkeep
|turn|5
|
|t:|1779963198
|switch|p2a: Cinderace|Cinderace, M|100/100
|-damage|p2a: Cinderace|76/100|[from] Stealth Rock
|move|p1a: Orthworm|Coil|p1a: Orthworm
|-boost|p1a: Orthworm|atk|1
|-boost|p1a: Orthworm|def|1
|-boost|p1a: Orthworm|accuracy|1
|
|upkeep
|turn|6
|
|t:|1779963210
|move|p2a: Cinderace|Court Change|p2a: Cinderace
|-start|p2a: Cinderace|typechange|Normal|[from] ability: Libero
|-swapsideconditions
|-activate|p2a: Cinderace|move: Court Change
|move|p1a: Orthworm|Earthquake|p2a: Cinderace
|-damage|p2a: Cinderace|14/100
|
|upkeep
|turn|7
|
|t:|1779963222
|switch|p2a: Mandibuzz|Mandibuzz, F, shiny|100/100
|move|p1a: Orthworm|Body Press|p2a: Mandibuzz
|-damage|p2a: Mandibuzz|78/100
|-damage|p1a: Orthworm|71/100|[from] item: Rocky Helmet|[of] p2a: Mandibuzz
|
|upkeep
|turn|8
|
|t:|1779963235
|switch|p1a: Clodsire|Clodsire, F|100/100
|-damage|p1a: Clodsire|94/100|[from] Stealth Rock
|move|p2a: Mandibuzz|Foul Play|p1a: Clodsire
|-crit|p1a: Clodsire
|-damage|p1a: Clodsire|65/100
|
|-heal|p1a: Clodsire|71/100|[from] item: Leftovers
|upkeep
|turn|9
|
|t:|1779963250
|switch|p2a: Manaphy|Manaphy|72/100
|move|p1a: Clodsire|Toxic Spikes|p2a: Manaphy
|-sidestart|p2: slopfist|move: Toxic Spikes
|
|-heal|p2a: Manaphy|78/100|[from] item: Leftovers
|-heal|p1a: Clodsire|77/100|[from] item: Leftovers
|upkeep
|turn|10
|
|t:|1779963258
|move|p2a: Manaphy|Tail Glow|p2a: Manaphy
|-boost|p2a: Manaphy|spa|3
|move|p1a: Clodsire|Toxic|p2a: Manaphy
|-status|p2a: Manaphy|tox
|
|-heal|p2a: Manaphy|84/100 tox|[from] item: Leftovers
|-heal|p1a: Clodsire|83/100|[from] item: Leftovers
|-damage|p2a: Manaphy|78/100 tox|[from] psn
|upkeep
|turn|11
|
|t:|1779963268
|move|p2a: Manaphy|Take Heart|p2a: Manaphy
|-boost|p2a: Manaphy|spa|1
|-boost|p2a: Manaphy|spd|1
|-curestatus|p2a: Manaphy|tox|[msg]
|move|p1a: Clodsire|Haze|p1a: Clodsire
|-clearallboost
|
|-heal|p2a: Manaphy|84/100|[from] item: Leftovers
|-heal|p1a: Clodsire|89/100|[from] item: Leftovers
|upkeep
|turn|12
|
|t:|1779963280
|move|p2a: Manaphy|Tail Glow|p2a: Manaphy
|-boost|p2a: Manaphy|spa|3
|move|p1a: Clodsire|Toxic|p2a: Manaphy
|-status|p2a: Manaphy|tox
|
|-heal|p2a: Manaphy|90/100 tox|[from] item: Leftovers
|-heal|p1a: Clodsire|95/100|[from] item: Leftovers
|-damage|p2a: Manaphy|84/100 tox|[from] psn
|upkeep
|turn|13
|
|t:|1779963290
|move|p2a: Manaphy|Alluring Voice|p1a: Clodsire
|-resisted|p1a: Clodsire
|-damage|p1a: Clodsire|83/100
|move|p1a: Clodsire|Haze|p1a: Clodsire
|-clearallboost
|
|-heal|p2a: Manaphy|90/100 tox|[from] item: Leftovers
|-heal|p1a: Clodsire|89/100|[from] item: Leftovers
|-damage|p2a: Manaphy|78/100 tox|[from] psn
|upkeep
|turn|14
|
|t:|1779963300
|move|p2a: Manaphy|Take Heart|p2a: Manaphy
|-boost|p2a: Manaphy|spa|1
|-boost|p2a: Manaphy|spd|1
|-curestatus|p2a: Manaphy|tox|[msg]
|move|p1a: Clodsire|Toxic Spikes|p2a: Manaphy
|-sidestart|p2: slopfist|move: Toxic Spikes
|
|-heal|p2a: Manaphy|84/100|[from] item: Leftovers
|-heal|p1a: Clodsire|95/100|[from] item: Leftovers
|upkeep
|turn|15
|
|t:|1779963323
|switch|p2a: Ting-Lu|Ting-Lu|76/100 tox
|-ability|p2a: Ting-Lu|Vessel of Ruin
|move|p1a: Clodsire|Toxic|p2a: Ting-Lu
|-fail|p2a: Ting-Lu|tox
|
|-heal|p1a: Clodsire|100/100|[from] item: Leftovers
|-damage|p2a: Ting-Lu|70/100 tox|[from] psn
|upkeep
|turn|16
|
|t:|1779963349
|switch|p2a: Manaphy|Manaphy|84/100
|-status|p2a: Manaphy|tox
|switch|p1a: Blastoise|Blastoise, F|100/100
|-damage|p1a: Blastoise|88/100|[from] Stealth Rock
|
|-heal|p2a: Manaphy|90/100 tox|[from] item: Leftovers
|-damage|p2a: Manaphy|84/100 tox|[from] psn
|upkeep
|turn|17
|
|t:|1779963363
|move|p2a: Manaphy|Take Heart|p2a: Manaphy
|-boost|p2a: Manaphy|spa|1
|-boost|p2a: Manaphy|spd|1
|-curestatus|p2a: Manaphy|tox|[msg]
|move|p1a: Blastoise|Rapid Spin|p2a: Manaphy
|-damage|p2a: Manaphy|77/100
|-boost|p1a: Blastoise|spe|1
|-sideend|p1: HercuLeon|Stealth Rock|[from] move: Rapid Spin|[of] p1a: Blastoise
|
|-heal|p2a: Manaphy|83/100|[from] item: Leftovers
|upkeep
|turn|18
|inactive|HercuLeon has 120 seconds left.
|
|t:|1779963378
|switch|p1a: Clodsire|Clodsire, F|100/100
|move|p2a: Manaphy|Alluring Voice|p1a: Clodsire
|-resisted|p1a: Clodsire
|-damage|p1a: Clodsire|93/100
|
|-heal|p2a: Manaphy|90/100|[from] item: Leftovers
|-heal|p1a: Clodsire|99/100|[from] item: Leftovers
|upkeep
|turn|19
|
|t:|1779963388
|switch|p2a: Mandibuzz|Mandibuzz, F, shiny|78/100
|move|p1a: Clodsire|Toxic|p2a: Mandibuzz
|-status|p2a: Mandibuzz|tox
|
|-heal|p1a: Clodsire|100/100|[from] item: Leftovers
|-damage|p2a: Mandibuzz|72/100 tox|[from] psn
|upkeep
|turn|20
|inactive|HercuLeon has 120 seconds left.
|
|t:|1779963405
|move|p2a: Mandibuzz|Defog|p1a: Clodsire
|-unboost|p1a: Clodsire|evasion|1
|-sideend|p2: slopfist|Toxic Spikes|[from] move: Defog|[of] p2a: Mandibuzz
|move|p1a: Clodsire|Haze|p1a: Clodsire
|-clearallboost
|
|-damage|p2a: Mandibuzz|60/100 tox|[from] psn
|upkeep
|turn|21
|inactive|HercuLeon has 120 seconds left.
|
|t:|1779963420
|switch|p2a: Hoopa|Hoopa|100/100
|move|p1a: Clodsire|Toxic Spikes|p2a: Hoopa
|-sidestart|p2: slopfist|move: Toxic Spikes
|
|upkeep
|turn|22
|inactive|HercuLeon has 120 seconds left.
|
|t:|1779963428
|move|p2a: Hoopa|Substitute|p2a: Hoopa
|-start|p2a: Hoopa|Substitute
|-damage|p2a: Hoopa|76/100
|move|p1a: Clodsire|Toxic||[still]
|-fail|p1a: Clodsire
|
|upkeep
|turn|23
|
|t:|1779963435
|move|p2a: Hoopa|Calm Mind|p2a: Hoopa
|-boost|p2a: Hoopa|spa|1
|-boost|p2a: Hoopa|spd|1
|move|p1a: Clodsire|Earth Power|p2a: Hoopa
|-activate|p2a: Hoopa|move: Substitute|[damage]
|
|upkeep
|turn|24
|
|t:|1779963443
|move|p2a: Hoopa|Shadow Ball|p1a: Clodsire
|-damage|p1a: Clodsire|59/100
|-unboost|p1a: Clodsire|spd|1
|move|p1a: Clodsire|Haze|p1a: Clodsire
|-clearallboost
|
|-heal|p1a: Clodsire|65/100|[from] item: Leftovers
|upkeep
|turn|25
|
|t:|1779963455
|move|p2a: Hoopa|Calm Mind|p2a: Hoopa
|-boost|p2a: Hoopa|spa|1
|-boost|p2a: Hoopa|spd|1
|move|p1a: Clodsire|Earth Power|p2a: Hoopa
|-activate|p2a: Hoopa|move: Substitute|[damage]
|
|-heal|p1a: Clodsire|71/100|[from] item: Leftovers
|upkeep
|turn|26
|
|t:|1779963464
|move|p2a: Hoopa|Shadow Ball|p1a: Clodsire
|-damage|p1a: Clodsire|29/100
|move|p1a: Clodsire|Haze|p1a: Clodsire
|-clearallboost
|
|-heal|p1a: Clodsire|35/100|[from] item: Leftovers
|upkeep
|turn|27
|
|t:|1779963484
|move|p2a: Hoopa|Calm Mind|p2a: Hoopa
|-boost|p2a: Hoopa|spa|1
|-boost|p2a: Hoopa|spd|1
|move|p1a: Clodsire|Haze|p1a: Clodsire
|-clearallboost
|
|-heal|p1a: Clodsire|41/100|[from] item: Leftovers
|upkeep
|turn|28
|
|t:|1779963499
|move|p2a: Hoopa|Shadow Ball|p1a: Clodsire
|-damage|p1a: Clodsire|14/100
|-unboost|p1a: Clodsire|spd|1
|move|p1a: Clodsire|Earth Power|p2a: Hoopa
|-end|p2a: Hoopa|Substitute
|
|-heal|p1a: Clodsire|20/100|[from] item: Leftovers
|upkeep
|turn|29
|inactive|HercuLeon has 120 seconds left.
|
|t:|1779963515
|switch|p1a: Enamorus|Enamorus-Therian, F|100/100
|move|p2a: Hoopa|Shadow Ball|p1a: Enamorus
|-damage|p1a: Enamorus|56/100
|
|upkeep
|turn|30
|inactive|HercuLeon has 120 seconds left.
|
|t:|1779963527
|switch|p2a: Mandibuzz|Mandibuzz, F, shiny|60/100 tox
|move|p1a: Enamorus|Mystical Fire|p2a: Mandibuzz
|-damage|p2a: Mandibuzz|36/100 tox
|-unboost|p2a: Mandibuzz|spa|1
|
|-damage|p2a: Mandibuzz|30/100 tox|[from] psn
|upkeep
|turn|31
|
|t:|1779963538
|switch|p2a: Manaphy|Manaphy|90/100
|-status|p2a: Manaphy|psn
|move|p1a: Enamorus|Springtide Storm|p2a: Manaphy
|-damage|p2a: Manaphy|41/100 psn
|
|-heal|p2a: Manaphy|47/100 psn|[from] item: Leftovers
|-damage|p2a: Manaphy|34/100 psn|[from] psn
|upkeep
|turn|32
|
|t:|1779963551
|move|p2a: Manaphy|Scald|p1a: Enamorus
|-damage|p1a: Enamorus|30/100
|move|p1a: Enamorus|Springtide Storm|p2a: Manaphy
|-damage|p2a: Manaphy|0 fnt
|faint|p2a: Manaphy
|
|upkeep
|
|t:|1779963563
|switch|p2a: Cinderace|Cinderace, M|14/100
|-status|p2a: Cinderace|psn
|turn|33
|
|t:|1779963577
|move|p2a: Cinderace|Pyro Ball|p1a: Enamorus
|-damage|p1a: Enamorus|0 fnt
|faint|p1a: Enamorus
|
|-damage|p2a: Cinderace|2/100 psn|[from] psn
|upkeep
|
|t:|1779963583
|switch|p1a: Blaziken|Blaziken, M|100/100
|turn|34
|
|t:|1779963591
|switch|p2a: Mandibuzz|Mandibuzz, F, shiny|30/100 tox
|move|p1a: Blaziken|Vacuum Wave|p2a: Mandibuzz
|-damage|p2a: Mandibuzz|17/100 tox
|
|-damage|p2a: Mandibuzz|11/100 tox|[from] psn
|-ability|p1a: Blaziken|Speed Boost|boost
|-boost|p1a: Blaziken|spe|1
|upkeep
|turn|35
|
|t:|1779963602
|move|p1a: Blaziken|Rock Slide|p2a: Mandibuzz
|-supereffective|p2a: Mandibuzz
|-damage|p2a: Mandibuzz|0 fnt
|faint|p2a: Mandibuzz
|
|-ability|p1a: Blaziken|Speed Boost|boost
|-boost|p1a: Blaziken|spe|1
|upkeep
|
|t:|1779963608
|switch|p2a: Hoopa|Hoopa|76/100
|-status|p2a: Hoopa|psn
|turn|36
|
|t:|1779963615
|move|p1a: Blaziken|Knock Off|p2a: Hoopa
|-supereffective|p2a: Hoopa
|-damage|p2a: Hoopa|0 fnt
|-enditem|p2a: Hoopa|Aguav Berry|[from] move: Knock Off|[of] p1a: Blaziken
|faint|p2a: Hoopa
|
|-ability|p1a: Blaziken|Speed Boost|boost
|-boost|p1a: Blaziken|spe|1
|upkeep
|
|t:|1779963624
|switch|p2a: Ting-Lu|Ting-Lu|70/100 tox
|-ability|p2a: Ting-Lu|Vessel of Ruin
|turn|37
|
|t:|1779963633
|move|p1a: Blaziken|Knock Off|p2a: Ting-Lu
|-resisted|p2a: Ting-Lu
|-damage|p2a: Ting-Lu|59/100 tox
|-enditem|p2a: Ting-Lu|Weakness Policy|[from] move: Knock Off|[of] p1a: Blaziken
|move|p2a: Ting-Lu|Earthquake|p1a: Blaziken
|-supereffective|p1a: Blaziken
|-damage|p1a: Blaziken|0 fnt
|faint|p1a: Blaziken
|
|-damage|p2a: Ting-Lu|53/100 tox|[from] psn
|upkeep
|
|t:|1779963646
|switch|p1a: Kleavor|Kleavor, M|36/100
|turn|38
|
|t:|1779963655
|move|p1a: Kleavor|U-turn|p2a: Ting-Lu
|-supereffective|p2a: Ting-Lu
|-damage|p2a: Ting-Lu|12/100 tox
|
|t:|1779963659
|switch|p1a: Orthworm|Orthworm, M|71/100|[from] U-turn
|move|p2a: Ting-Lu|Heavy Slam|p1a: Orthworm
|-resisted|p1a: Orthworm
|-damage|p1a: Orthworm|64/100
|-damage|p2a: Ting-Lu|0 fnt|[from] item: Rocky Helmet|[of] p1a: Orthworm
|faint|p2a: Ting-Lu
|
|upkeep
|
|t:|1779963665
|switch|p2a: Cinderace|Cinderace, M|2/100 psn
|turn|39
|
|t:|1779963673
|switch|p1a: Kleavor|Kleavor, M|36/100
|move|p2a: Cinderace|U-turn|p1a: Kleavor
|-start|p2a: Cinderace|typechange|Bug|[from] ability: Libero
|-damage|p1a: Kleavor|0 fnt
|faint|p1a: Kleavor
|
|t:|1779963681
|switch|p2a: Kyurem|Kyurem|100/100|[from] U-turn
|-status|p2a: Kyurem|psn
|-ability|p2a: Kyurem|Pressure
|
|-damage|p2a: Kyurem|88/100 psn|[from] psn
|upkeep
|
|t:|1779963689
|switch|p1a: Orthworm|Orthworm, M|64/100
|turn|40
|
|t:|1779963696
|-terastallize|p2a: Kyurem|Ground
|move|p2a: Kyurem|Draco Meteor|p1a: Orthworm
|-resisted|p1a: Orthworm
|-damage|p1a: Orthworm|14/100
|-unboost|p2a: Kyurem|spa|2
|move|p1a: Orthworm|Coil|p1a: Orthworm
|-boost|p1a: Orthworm|atk|1
|-boost|p1a: Orthworm|def|1
|-boost|p1a: Orthworm|accuracy|1
|
|-damage|p2a: Kyurem|76/100 psn|[from] psn
|upkeep
|turn|41
|
|t:|1779963710
|move|p2a: Kyurem|Draco Meteor|p1a: Orthworm
|-resisted|p1a: Orthworm
|-damage|p1a: Orthworm|0 fnt
|-unboost|p2a: Kyurem|spa|2
|faint|p1a: Orthworm
|
|-damage|p2a: Kyurem|64/100 psn|[from] psn
|upkeep
|
|t:|1779963719
|switch|p1a: Blastoise|Blastoise, F|88/100
|turn|42
|
|t:|1779963727
|move|p2a: Kyurem|Draco Meteor|p1a: Blastoise
|-damage|p1a: Blastoise|64/100
|-unboost|p2a: Kyurem|spa|2
|move|p1a: Blastoise|Shell Smash|p1a: Blastoise
|-unboost|p1a: Blastoise|def|1
|-unboost|p1a: Blastoise|spd|1
|-boost|p1a: Blastoise|atk|2
|-boost|p1a: Blastoise|spa|2
|-boost|p1a: Blastoise|spe|2
|-enditem|p1a: Blastoise|White Herb
|-clearnegativeboost|p1a: Blastoise|[silent]
|
|-damage|p2a: Kyurem|51/100 psn|[from] psn
|upkeep
|turn|43
|
|t:|1779963741
|switch|p2a: Cinderace|Cinderace, M|2/100 psn
|move|p1a: Blastoise|Surf|p2a: Cinderace
|-supereffective|p2a: Cinderace
|-damage|p2a: Cinderace|0 fnt
|faint|p2a: Cinderace
|
|upkeep
|
|t:|1779963747
|switch|p2a: Kyurem|Kyurem, tera:Ground|51/100 psn
|-ability|p2a: Kyurem|Pressure
|turn|44
|
|t:|1779963753
|move|p1a: Blastoise|Surf|p2a: Kyurem
|-supereffective|p2a: Kyurem
|-damage|p2a: Kyurem|0 fnt
|faint|p2a: Kyurem
|
|win|HercuLeon
|raw|HercuLeon's rating: 1139 &rarr; <strong>1161</strong><br />(+22 for winning)
|raw|slopfist's rating: 1099 &rarr; <strong>1077</strong><br />(-22 for losing)
|l|‽slopfist
|player|p2|
|l|☆HercuLeon
|player|p1|
