|j|☆literallyjaimelol
|j|☆Rbtnk
|t:|1779820703
|gametype|singles
|player|p1|literallyjaimelol|lucas|1077
|player|p2|Rbtnk|aromalady|1108
|gen|9
|tier|[Gen 9] OU
|rated|
|rule|HP Percentage Mod: HP is shown in percentages
|rule|Endless Battle Clause: Forcing endless battles is banned
|rule|Species Clause: Limit one of each Pokémon
|rule|OHKO Clause: OHKO moves are banned
|rule|Evasion Items Clause: Evasion items are banned
|rule|Evasion Moves Clause: Evasion moves are banned
|rule|Evasion Abilities Clause: Evasion abilities are banned
|rule|Sleep Moves Clause: Sleep-inducing moves are banned
|clearpoke
|poke|p1|Araquanid, F|
|poke|p1|Slowking-Galar, M|
|poke|p1|Great Tusk|
|poke|p1|Gholdengo|
|poke|p1|Ogerpon-Cornerstone, F|
|poke|p1|Rotom-Frost|
|poke|p2|Girafarig, M|
|poke|p2|Gliscor, M|
|poke|p2|Meowscarada, F|
|poke|p2|Glimmora, F|
|poke|p2|Dewgong, M|
|poke|p2|Clefable, F|
|teampreview
|inactive|Battle timer is ON: inactive players will automatically lose when time's up. (requested by Rbtnk)
|
|t:|1779820713
|teamsize|p1|6
|teamsize|p2|6
|start
|switch|p1a: LWK WET DOE|Araquanid, F, shiny|100/100
|switch|p2a: Glimmora|Glimmora, F|100/100
|turn|1
|
|t:|1779820717
|move|p2a: Glimmora|Mortal Spin|p1a: LWK WET DOE
|-damage|p1a: LWK WET DOE|93/100
|-status|p1a: LWK WET DOE|psn
|move|p1a: LWK WET DOE|Sticky Web|p2a: Glimmora
|-sidestart|p2: Rbtnk|move: Sticky Web
|
|-damage|p1a: LWK WET DOE|81/100 psn|[from] psn
|upkeep
|turn|2
|
|t:|1779820725
|switch|p1a: GHOLD TURKEY|Gholdengo|100/100
|-item|p1a: GHOLD TURKEY|Air Balloon
|move|p2a: Glimmora|Mortal Spin|p1a: GHOLD TURKEY
|-immune|p1a: GHOLD TURKEY
|
|upkeep
|turn|3
|
|t:|1779820741
|move|p2a: Glimmora|Stealth Rock|p1a: GHOLD TURKEY
|-sidestart|p1: literallyjaimelol|move: Stealth Rock
|move|p1a: GHOLD TURKEY|Nasty Plot|p1a: GHOLD TURKEY
|-boost|p1a: GHOLD TURKEY|spa|2
|
|upkeep
|turn|4
|
|t:|1779820749
|move|p2a: Glimmora|Power Gem|p1a: GHOLD TURKEY
|-resisted|p1a: GHOLD TURKEY
|-damage|p1a: GHOLD TURKEY|74/100
|-enditem|p1a: GHOLD TURKEY|Air Balloon
|move|p1a: GHOLD TURKEY|Shadow Ball|p2a: Glimmora
|-enditem|p2a: Glimmora|Focus Sash
|-damage|p2a: Glimmora|1/100
|
|upkeep
|turn|5
|
|t:|1779820760
|-terastallize|p1a: GHOLD TURKEY|Fairy
|move|p2a: Glimmora|Earth Power|p1a: GHOLD TURKEY
|-damage|p1a: GHOLD TURKEY|39/100
|move|p1a: GHOLD TURKEY|Shadow Ball|p2a: Glimmora
|-damage|p2a: Glimmora|0 fnt
|faint|p2a: Glimmora
|
|upkeep
|
|t:|1779820771
|switch|p2a: Girafarig|Girafarig, M|100/100
|-activate|p2a: Girafarig|move: Sticky Web
|-unboost|p2a: Girafarig|spe|1
|turn|6
|
|t:|1779820782
|move|p1a: GHOLD TURKEY|Recover|p1a: GHOLD TURKEY
|-heal|p1a: GHOLD TURKEY|89/100
|move|p2a: Girafarig|Calm Mind|p2a: Girafarig
|-boost|p2a: Girafarig|spa|1
|-boost|p2a: Girafarig|spd|1
|
|upkeep
|turn|7
|
|t:|1779820789
|move|p1a: GHOLD TURKEY|Nasty Plot|p1a: GHOLD TURKEY
|-boost|p1a: GHOLD TURKEY|spa|2
|move|p2a: Girafarig|Calm Mind|p2a: Girafarig
|-boost|p2a: Girafarig|spa|1
|-boost|p2a: Girafarig|spd|1
|
|upkeep
|turn|8
|
|t:|1779820797
|move|p1a: GHOLD TURKEY|Make It Rain|p2a: Girafarig
|-damage|p2a: Girafarig|39/100
|-unboost|p1a: GHOLD TURKEY|spa|1
|move|p2a: Girafarig|Wish|p2a: Girafarig
|
|upkeep
|turn|9
|
|t:|1779820804
|move|p2a: Girafarig|Protect|p2a: Girafarig
|-singleturn|p2a: Girafarig|Protect
|move|p1a: GHOLD TURKEY|Make It Rain|p2a: Girafarig
|-activate|p2a: Girafarig|move: Protect
|
|-heal|p2a: Girafarig|89/100|[from] move: Wish|[wisher] Girafarig
|upkeep
|turn|10
|inactive|literallyjaimelol has 120 seconds left.
|inactive|literallyjaimelol has 90 seconds left.
|inactive|literallyjaimelol has 60 seconds left.
|
|t:|1779820909
|move|p1a: GHOLD TURKEY|Make It Rain|p2a: Girafarig
|-crit|p2a: Girafarig
|-damage|p2a: Girafarig|0 fnt
|-unboost|p1a: GHOLD TURKEY|spa|1
|faint|p2a: Girafarig
|
|upkeep
|-message|Rbtnk forfeited.
|
|win|literallyjaimelol
|raw|literallyjaimelol's rating: 1077 &rarr; <strong>1108</strong><br />(+31 for winning)
|raw|Rbtnk's rating: 1108 &rarr; <strong>1081</strong><br />(-27 for losing)
|l|☆Rbtnk
|player|p2|
|l|☆literallyjaimelol
|player|p1|
