|j|☆Gengarissocute
|j|☆Wutu
|t:|1779861979
|gametype|singles
|player|p1|Gengarissocute|102|1298
|player|p2|Wutu|266|1261
|gen|9
|tier|[Gen 9] OU
|rated|
|rule|HP Percentage Mod: HP is shown in percentages
|rule|Endless Battle Clause: Forcing endless battles is banned
|rule|Species Clause: Limit one of each Pokémon
|rule|OHKO Clause: OHKO moves are banned
|rule|Evasion Items Clause: Evasion items are banned
|rule|Evasion Moves Clause: Evasion moves are banned
|rule|Evasion Abilities Clause: Evasion abilities are banned
|rule|Sleep Moves Clause: Sleep-inducing moves are banned
|clearpoke
|poke|p1|Regidrago|
|poke|p1|Maushold-Four|
|poke|p1|Iron Valiant|
|poke|p1|Metagross|
|poke|p1|Polteageist-Antique|
|poke|p1|Ogerpon-Wellspring, F|
|poke|p2|Toxapex, F|
|poke|p2|Landorus-Therian, M|
|poke|p2|Heatran, M|
|poke|p2|Corviknight, F|
|poke|p2|Dragapult, M|
|poke|p2|Garchomp, F|
|teampreview
|inactive|Battle timer is ON: inactive players will automatically lose when time's up. (requested by Gengarissocute)
|
|t:|1779861987
|teamsize|p1|6
|teamsize|p2|6
|start
|switch|p1a: Regidrago|Regidrago|100/100
|switch|p2a: Perrete mutado|Dragapult, M|100/100
|turn|1
|
|t:|1779861997
|move|p1a: Regidrago|Dragon Energy|p2a: Perrete mutado
|-supereffective|p2a: Perrete mutado
|-damage|p2a: Perrete mutado|0 fnt
|faint|p2a: Perrete mutado
|
|upkeep
|
|t:|1779862007
|switch|p2a: Perrete|Heatran, M|100/100
|turn|2
|
|t:|1779862014
|move|p1a: Regidrago|Dragon Energy|p2a: Perrete
|-resisted|p2a: Perrete
|-damage|p2a: Perrete|72/100
|move|p2a: Perrete|Magma Storm|p1a: Regidrago
|-resisted|p1a: Regidrago
|-damage|p1a: Regidrago|77/100
|-activate|p1a: Regidrago|move: Magma Storm|[of] p2a: Perrete
|
|-heal|p2a: Perrete|78/100|[from] item: Leftovers
|-damage|p1a: Regidrago|65/100|[from] move: Magma Storm|[partiallytrapped]
|upkeep
|turn|3
|
|t:|1779862025
|move|p1a: Regidrago|Dragon Energy|p2a: Perrete
|-resisted|p2a: Perrete
|-damage|p2a: Perrete|61/100
|move|p2a: Perrete|Flash Cannon|p1a: Regidrago
|-damage|p1a: Regidrago|24/100
|
|-heal|p2a: Perrete|67/100|[from] item: Leftovers
|-damage|p1a: Regidrago|11/100|[from] move: Magma Storm|[partiallytrapped]
|upkeep
|turn|4
|
|t:|1779862034
|move|p1a: Regidrago|Dragon Energy|p2a: Perrete
|-resisted|p2a: Perrete
|-damage|p2a: Perrete|63/100
|move|p2a: Perrete|Magma Storm|p1a: Regidrago
|-resisted|p1a: Regidrago
|-damage|p1a: Regidrago|0 fnt
|faint|p1a: Regidrago
|
|-heal|p2a: Perrete|70/100|[from] item: Leftovers
|upkeep
|
|t:|1779862037
|switch|p1a: Metagross|Metagross|100/100
|turn|5
|
|t:|1779862044
|move|p1a: Metagross|Agility|p1a: Metagross
|-boost|p1a: Metagross|spe|2
|move|p2a: Perrete|Magma Storm|p1a: Metagross
|-supereffective|p1a: Metagross
|-damage|p1a: Metagross|17/100
|-activate|p1a: Metagross|move: Magma Storm|[of] p2a: Perrete
|-enditem|p1a: Metagross|Weakness Policy
|-boost|p1a: Metagross|atk|2|[from] item: Weakness Policy
|-boost|p1a: Metagross|spa|2|[from] item: Weakness Policy
|
|-heal|p2a: Perrete|76/100|[from] item: Leftovers
|-damage|p1a: Metagross|5/100|[from] move: Magma Storm|[partiallytrapped]
|upkeep
|turn|6
|
|t:|1779862055
|move|p2a: Perrete|Protect|p2a: Perrete
|-singleturn|p2a: Perrete|Protect
|move|p1a: Metagross|Earthquake|p2a: Perrete
|-activate|p2a: Perrete|move: Protect
|
|-heal|p2a: Perrete|82/100|[from] item: Leftovers
|-damage|p1a: Metagross|0 fnt|[from] move: Magma Storm|[partiallytrapped]
|faint|p1a: Metagross
|upkeep
|
|t:|1779862060
|switch|p1a: Ogerpon|Ogerpon-Wellspring, F|100/100
|turn|7
|
|t:|1779862064
|-terastallize|p1a: Ogerpon|Water
|detailschange|p1a: Ogerpon|Ogerpon-Wellspring-Tera, F, tera:Water
|-ability|p1a: Ogerpon|Embody Aspect (Wellspring)|boost
|-boost|p1a: Ogerpon|spd|1
|move|p1a: Ogerpon|Ivy Cudgel|p2a: Perrete|[anim] Ivy Cudgel Water
|-supereffective|p2a: Perrete
|-damage|p2a: Perrete|0 fnt
|faint|p2a: Perrete
|
|upkeep
|
|t:|1779862074
|switch|p2a: perrete raro|Toxapex, F, shiny|100/100
|turn|8
|
|t:|1779862081
|move|p1a: Ogerpon|Swords Dance|p1a: Ogerpon
|-boost|p1a: Ogerpon|atk|2
|move|p2a: perrete raro|Poison Jab|p1a: Ogerpon
|-damage|p1a: Ogerpon|76/100
|-status|p1a: Ogerpon|psn
|
|-damage|p1a: Ogerpon|64/100 psn|[from] psn
|upkeep
|turn|9
|
|t:|1779862090
|move|p1a: Ogerpon|Horn Leech|p2a: perrete raro
|-damage|p2a: perrete raro|40/100
|-heal|p1a: Ogerpon|95/100 psn|[from] drain|[of] p2a: perrete raro
|move|p2a: perrete raro|Haze|p2a: perrete raro
|-clearallboost
|
|-heal|p2a: perrete raro|47/100|[from] item: Black Sludge
|-damage|p1a: Ogerpon|82/100 psn|[from] psn
|upkeep
|turn|10
|
|t:|1779862100
|switch|p2a: Pollon negro|Corviknight, F|100/100
|-ability|p2a: Pollon negro|Pressure
|move|p1a: Ogerpon|Horn Leech|p2a: Pollon negro
|-resisted|p2a: Pollon negro
|-damage|p2a: Pollon negro|93/100
|-heal|p1a: Ogerpon|87/100 psn|[from] drain|[of] p2a: Pollon negro
|
|-heal|p2a: Pollon negro|99/100|[from] item: Leftovers
|-damage|p1a: Ogerpon|75/100 psn|[from] psn
|upkeep
|turn|11
|
|t:|1779862112
|move|p1a: Ogerpon|Swords Dance|p1a: Ogerpon
|-boost|p1a: Ogerpon|atk|2
|move|p2a: Pollon negro|Brave Bird|p1a: Ogerpon
|-damage|p1a: Ogerpon|24/100 psn
|-damage|p2a: Pollon negro|87/100|[from] Recoil
|
|-heal|p2a: Pollon negro|93/100|[from] item: Leftovers
|-damage|p1a: Ogerpon|11/100 psn|[from] psn
|upkeep
|turn|12
|
|t:|1779862121
|move|p1a: Ogerpon|Ivy Cudgel|p2a: Pollon negro|[anim] Ivy Cudgel Water
|-damage|p2a: Pollon negro|0 fnt
|faint|p2a: Pollon negro
|
|-damage|p1a: Ogerpon|0 fnt|[from] psn
|faint|p1a: Ogerpon
|detailschange|p1: Ogerpon|Ogerpon-Wellspring, F|[silent]
|upkeep
|
|t:|1779862129
|switch|p1a: Polteageist|Polteageist-Antique|100/100
|switch|p2a: Perrete aereo|Landorus-Therian, M|100/100
|-ability|p2a: Perrete aereo|Intimidate|boost
|-unboost|p1a: Polteageist|atk|1
|turn|13
|
|t:|1779862137
|move|p1a: Polteageist|Shell Smash|p1a: Polteageist
|-unboost|p1a: Polteageist|def|1
|-unboost|p1a: Polteageist|spd|1
|-boost|p1a: Polteageist|atk|2
|-boost|p1a: Polteageist|spa|2
|-boost|p1a: Polteageist|spe|2
|move|p2a: Perrete aereo|Stealth Rock|p1a: Polteageist
|-sidestart|p1: Gengarissocute|move: Stealth Rock
|
|upkeep
|turn|14
|
|t:|1779862147
|switch|p2a: perrete raro|Toxapex, F, shiny|80/100
|move|p1a: Polteageist|Shell Smash|p1a: Polteageist
|-unboost|p1a: Polteageist|def|1
|-unboost|p1a: Polteageist|spd|1
|-boost|p1a: Polteageist|atk|2
|-boost|p1a: Polteageist|spa|2
|-boost|p1a: Polteageist|spe|2
|
|-heal|p2a: perrete raro|86/100|[from] item: Black Sludge
|upkeep
|turn|15
|
|t:|1779862156
|move|p1a: Polteageist|Stored Power|p2a: perrete raro
|-supereffective|p2a: perrete raro
|-damage|p2a: perrete raro|0 fnt
|faint|p2a: perrete raro
|
|upkeep
|
|t:|1779862160
|switch|p2a: gran perrete|Garchomp, F|100/100
|turn|16
|
|t:|1779862164
|-terastallize|p2a: gran perrete|Steel
|move|p1a: Polteageist|Stored Power|p2a: gran perrete
|-resisted|p2a: gran perrete
|-damage|p2a: gran perrete|0 fnt
|faint|p2a: gran perrete
|
|upkeep
|
|t:|1779862169
|switch|p2a: Perrete aereo|Landorus-Therian, M|100/100
|-ability|p2a: Perrete aereo|Intimidate|boost
|-unboost|p1a: Polteageist|atk|1
|turn|17
|
|t:|1779862177
|move|p1a: Polteageist|Stored Power|p2a: Perrete aereo
|-damage|p2a: Perrete aereo|0 fnt
|faint|p2a: Perrete aereo
|
|win|Gengarissocute
|raw|Gengarissocute's rating: 1298 &rarr; <strong>1320</strong><br />(+22 for winning)
|raw|Wutu's rating: 1261 &rarr; <strong>1239</strong><br />(-22 for losing)
|l|☆Gengarissocute
|player|p1|
