|j|☆malpicatepica
|j|☆ceeeed
|t:|1779901869
|gametype|singles
|player|p1|malpicatepica|170|1323
|player|p2|ceeeed|skyla|1296
|gen|9
|tier|[Gen 9] OU
|rated|
|rule|HP Percentage Mod: HP is shown in percentages
|rule|Endless Battle Clause: Forcing endless battles is banned
|rule|Species Clause: Limit one of each Pokémon
|rule|OHKO Clause: OHKO moves are banned
|rule|Evasion Items Clause: Evasion items are banned
|rule|Evasion Moves Clause: Evasion moves are banned
|rule|Evasion Abilities Clause: Evasion abilities are banned
|rule|Sleep Moves Clause: Sleep-inducing moves are banned
|clearpoke
|poke|p1|Kingambit, F|
|poke|p1|Pelipper, M|
|poke|p1|Gholdengo|
|poke|p1|Hitmontop, M|
|poke|p1|Magnezone|
|poke|p1|Ogerpon, F|
|poke|p2|Zapdos|
|poke|p2|Goodra-Hisui, F|
|poke|p2|Kingambit, F|
|poke|p2|Ogerpon-Wellspring, F|
|poke|p2|Moltres|
|poke|p2|Great Tusk|
|teampreview
|inactive|Battle timer is ON: inactive players will automatically lose when time's up. (requested by malpicatepica)
|
|t:|1779901876
|teamsize|p1|6
|teamsize|p2|6
|start
|switch|p1a: Ogerpon|Ogerpon, F|100/100
|switch|p2a: Zapdos|Zapdos|100/100
|turn|1
|
|t:|1779901881
|move|p1a: Ogerpon|Spiky Shield|p1a: Ogerpon
|-singleturn|p1a: Ogerpon|move: Protect
|move|p2a: Zapdos|Heat Wave|p1a: Ogerpon
|-activate|p1a: Ogerpon|move: Protect
|
|upkeep
|turn|2
|
|t:|1779901885
|switch|p1a: Pelipper|Pelipper, M|100/100
|-weather|RainDance|[from] ability: Drizzle|[of] p1a: Pelipper
|move|p2a: Zapdos|Heat Wave|p1a: Pelipper
|-resisted|p1a: Pelipper
|-damage|p1a: Pelipper|90/100
|
|-weather|RainDance|[upkeep]
|upkeep
|turn|3
|
|t:|1779901889
|switch|p1a: Magnezone|Magnezone|100/100
|move|p2a: Zapdos|Volt Switch|p1a: Magnezone
|-resisted|p1a: Magnezone
|-damage|p1a: Magnezone|83/100
|
|t:|1779901894
|switch|p2a: Great Tusk|Great Tusk|100/100|[from] Volt Switch
|-enditem|p2a: Great Tusk|Booster Energy
|-activate|p2a: Great Tusk|ability: Protosynthesis|[fromitem]
|-start|p2a: Great Tusk|protosynthesisatk
|
|-weather|RainDance|[upkeep]
|-heal|p1a: Magnezone|89/100|[from] item: Leftovers
|upkeep
|turn|4
|
|t:|1779901900
|switch|p1a: Pelipper|Pelipper, M|90/100
|move|p2a: Great Tusk|Close Combat|p1a: Pelipper
|-resisted|p1a: Pelipper
|-damage|p1a: Pelipper|59/100
|-unboost|p2a: Great Tusk|def|1
|-unboost|p2a: Great Tusk|spd|1
|
|-weather|RainDance|[upkeep]
|upkeep
|turn|5
|
|t:|1779901908
|move|p2a: Great Tusk|Ice Spinner|p1a: Pelipper
|-damage|p1a: Pelipper|32/100
|move|p1a: Pelipper|Roost|p1a: Pelipper
|-heal|p1a: Pelipper|82/100
|-singleturn|p1a: Pelipper|move: Roost
|
|-weather|RainDance|[upkeep]
|upkeep
|turn|6
|
|t:|1779901913
|-end|p2a: Great Tusk|Protosynthesis|[silent]
|switch|p2a: Zapdos|Zapdos|100/100
|move|p1a: Pelipper|Ice Beam|p2a: Zapdos
|-supereffective|p2a: Zapdos
|-damage|p2a: Zapdos|54/100
|
|-weather|none
|upkeep
|turn|7
|
|t:|1779901922
|switch|p1a: Magnezone|Magnezone|89/100
|move|p2a: Zapdos|Heat Wave|p1a: Magnezone
|-supereffective|p1a: Magnezone
|-damage|p1a: Magnezone|31/100
|-status|p1a: Magnezone|brn
|
|-heal|p1a: Magnezone|37/100 brn|[from] item: Leftovers
|-damage|p1a: Magnezone|31/100 brn|[from] brn
|upkeep
|turn|8
|
|t:|1779901935
|move|p2a: Zapdos|Heat Wave|p1a: Magnezone
|-supereffective|p1a: Magnezone
|-damage|p1a: Magnezone|0 fnt
|faint|p1a: Magnezone
|
|upkeep
|
|t:|1779901942
|switch|p1a: Gholdengo|Gholdengo|100/100
|turn|9
|
|t:|1779901949
|move|p1a: Gholdengo|Shadow Ball|p2a: Zapdos
|-damage|p2a: Zapdos|7/100
|move|p2a: Zapdos|Heat Wave|p1a: Gholdengo|[miss]
|-miss|p2a: Zapdos|p1a: Gholdengo
|
|upkeep
|turn|10
|
|t:|1779901965
|switch|p2a: hi|Goodra-Hisui, F|100/100
|move|p1a: Gholdengo|Shadow Ball|p2a: hi
|-damage|p2a: hi|82/100
|
|upkeep
|turn|11
|
|t:|1779901971
|switch|p1a: Ogerpon|Ogerpon, F|100/100
|move|p2a: hi|Flamethrower|p1a: Ogerpon
|-supereffective|p1a: Ogerpon
|-damage|p1a: Ogerpon|33/100
|
|upkeep
|turn|12
|
|t:|1779901976
|move|p1a: Ogerpon|Knock Off|p2a: hi
|-damage|p2a: hi|52/100
|-enditem|p2a: hi|Assault Vest|[from] move: Knock Off|[of] p1a: Ogerpon
|move|p2a: hi|Flamethrower|p1a: Ogerpon
|-supereffective|p1a: Ogerpon
|-damage|p1a: Ogerpon|0 fnt
|faint|p1a: Ogerpon
|
|upkeep
|
|t:|1779901980
|switch|p1a: Hitmontop|Hitmontop, M|100/100
|turn|13
|
|t:|1779901986
|switch|p2a: Moltres|Moltres|100/100
|move|p1a: Hitmontop|Bulldoze|p2a: Moltres
|-immune|p2a: Moltres
|
|upkeep
|turn|14
|
|t:|1779901992
|switch|p1a: Pelipper|Pelipper, M|82/100
|-weather|RainDance|[from] ability: Drizzle|[of] p1a: Pelipper
|move|p2a: Moltres|Air Slash|p1a: Pelipper
|-damage|p1a: Pelipper|35/100
|
|-weather|RainDance|[upkeep]
|upkeep
|turn|15
|
|t:|1779902010
|switch|p1a: Kingambit|Kingambit, F|100/100
|-activate|p1a: Kingambit|ability: Supreme Overlord
|-start|p1a: Kingambit|fallen2|[silent]
|move|p2a: Moltres|U-turn|p1a: Kingambit
|-damage|p1a: Kingambit|89/100
|
|t:|1779902031
|switch|p2a: Great Tusk|Great Tusk|100/100|[from] U-turn
|
|-weather|RainDance|[upkeep]
|-heal|p1a: Kingambit|95/100|[from] item: Leftovers
|upkeep
|turn|16
|
|t:|1779902036
|-end|p1a: Kingambit|fallen2|[silent]
|switch|p1a: Gholdengo|Gholdengo|100/100
|move|p2a: Great Tusk|Close Combat|p1a: Gholdengo
|-immune|p1a: Gholdengo
|
|-weather|RainDance|[upkeep]
|upkeep
|turn|17
|
|t:|1779902044
|switch|p1a: Pelipper|Pelipper, M|35/100
|move|p2a: Great Tusk|Headlong Rush|p1a: Pelipper
|-immune|p1a: Pelipper
|
|-weather|RainDance|[upkeep]
|upkeep
|turn|18
|
|t:|1779902054
|-end|p2a: Great Tusk|Protosynthesis|[silent]
|switch|p2a: Ogerpon|Ogerpon-Wellspring, F|100/100
|move|p1a: Pelipper|Roost|p1a: Pelipper
|-heal|p1a: Pelipper|86/100
|-singleturn|p1a: Pelipper|move: Roost
|
|-weather|none
|upkeep
|turn|19
|
|t:|1779902059
|move|p2a: Ogerpon|Knock Off|p1a: Pelipper
|-damage|p1a: Pelipper|57/100
|-enditem|p1a: Pelipper|Heavy-Duty Boots|[from] move: Knock Off|[of] p2a: Ogerpon
|move|p1a: Pelipper|U-turn|p2a: Ogerpon
|-supereffective|p2a: Ogerpon
|-damage|p2a: Ogerpon|80/100
|
|t:|1779902066
|switch|p1a: Hitmontop|Hitmontop, M|100/100|[from] U-turn
|
|upkeep
|turn|20
|
|t:|1779902090
|move|p2a: Ogerpon|U-turn|p1a: Hitmontop
|-resisted|p1a: Hitmontop
|-damage|p1a: Hitmontop|84/100
|
|t:|1779902095
|switch|p2a: Moltres|Moltres|100/100|[from] U-turn
|move|p1a: Hitmontop|Triple Axel|p2a: Moltres
|-damage|p2a: Moltres|91/100
|-damage|p2a: Moltres|73/100
|-damage|p2a: Moltres|48/100
|-hitcount|p2a: Moltres|3
|
|upkeep
|turn|21
|
|t:|1779902099
|move|p2a: Moltres|Air Slash|p1a: Hitmontop
|-supereffective|p1a: Hitmontop
|-damage|p1a: Hitmontop|40/100
|move|p1a: Hitmontop|Bulldoze|p2a: Moltres
|-immune|p2a: Moltres
|
|upkeep
|turn|22
|
|t:|1779902102
|move|p2a: Moltres|Air Slash|p1a: Hitmontop
|-supereffective|p1a: Hitmontop
|-damage|p1a: Hitmontop|0 fnt
|faint|p1a: Hitmontop
|
|upkeep
|-message|malpicatepica forfeited.
|
|win|ceeeed
|raw|malpicatepica's rating: 1323 &rarr; <strong>1301</strong><br />(-22 for losing)
|raw|ceeeed's rating: 1296 &rarr; <strong>1323</strong><br />(+27 for winning)
|l|☆malpicatepica
|player|p1|
|l|☆ceeeed
|player|p2|
