|j|☆czy159951
|j|☆Hike Mawk
|t:|1779807723
|gametype|singles
|player|p1|czy159951|170|1296
|player|p2|Hike Mawk|riley|1319
|gen|9
|tier|[Gen 9] OU
|rated|
|rule|HP Percentage Mod: HP is shown in percentages
|rule|Endless Battle Clause: Forcing endless battles is banned
|rule|Species Clause: Limit one of each Pokémon
|rule|OHKO Clause: OHKO moves are banned
|rule|Evasion Items Clause: Evasion items are banned
|rule|Evasion Moves Clause: Evasion moves are banned
|rule|Evasion Abilities Clause: Evasion abilities are banned
|rule|Sleep Moves Clause: Sleep-inducing moves are banned
|clearpoke
|poke|p1|Ogerpon-Wellspring, F|
|poke|p1|Rillaboom, F|
|poke|p1|Breloom, M|
|poke|p1|Hydrapple, F|
|poke|p1|Serperior, M|
|poke|p1|Shaymin|
|poke|p2|Gliscor, M|
|poke|p2|Clefable, F|
|poke|p2|Corviknight, M|
|poke|p2|Blissey, F|
|poke|p2|Forretress, F|
|poke|p2|Garganacl, F|
|teampreview
|inactive|Battle timer is ON: inactive players will automatically lose when time's up. (requested by Hike Mawk)
|
|t:|1779807746
|teamsize|p1|6
|teamsize|p2|6
|start
|switch|p1a: Rillaboom|Rillaboom, F|100/100
|switch|p2a: Rocki|Garganacl, F, shiny|100/100
|-fieldstart|move: Grassy Terrain|[from] ability: Grassy Surge|[of] p1a: Rillaboom
|turn|1
|
|t:|1779807763
|-terastallize|p2a: Rocki|Grass
|move|p1a: Rillaboom|U-turn|p2a: Rocki
|-supereffective|p2a: Rocki
|-damage|p2a: Rocki|48/100
|-enditem|p2a: Rocki|Sitrus Berry|[eat]
|-heal|p2a: Rocki|73/100|[from] item: Sitrus Berry
|
|t:|1779807789
|switch|p1a: Hydrapple|Hydrapple, F|100/100|[from] U-turn
|move|p2a: Rocki|Salt Cure|p1a: Hydrapple
|-damage|p1a: Hydrapple|90/100
|-start|p1a: Hydrapple|Salt Cure
|
|-heal|p1a: Hydrapple|96/100|[from] Grassy Terrain
|-heal|p2a: Rocki|80/100|[from] Grassy Terrain
|-damage|p1a: Hydrapple|83/100|[from] Salt Cure
|upkeep
|turn|2
|
|t:|1779807802
|switch|p2a: Rookidon|Corviknight, M|100/100
|move|p1a: Hydrapple|Fickle Beam|p2a: Rookidon
|-resisted|p2a: Rookidon
|-damage|p2a: Rookidon|86/100
|
|-heal|p1a: Hydrapple|89/100|[from] Grassy Terrain
|-damage|p1a: Hydrapple|77/100|[from] Salt Cure
|upkeep
|turn|3
|inactive|czy159951 has 120 seconds left.
|
|t:|1779807822
|move|p2a: Rookidon|Bulk Up|p2a: Rookidon
|-boost|p2a: Rookidon|atk|1
|-boost|p2a: Rookidon|def|1
|move|p1a: Hydrapple|Recover|p1a: Hydrapple
|-heal|p1a: Hydrapple|100/100
|
|-damage|p1a: Hydrapple|88/100|[from] Salt Cure
|upkeep
|turn|4
|
|t:|1779807831
|move|p2a: Rookidon|Agility|p2a: Rookidon
|-boost|p2a: Rookidon|spe|2
|move|p1a: Hydrapple|Fickle Beam|p2a: Rookidon
|-resisted|p2a: Rookidon
|-damage|p2a: Rookidon|69/100
|
|-heal|p1a: Hydrapple|94/100|[from] Grassy Terrain
|-damage|p1a: Hydrapple|82/100|[from] Salt Cure
|upkeep
|turn|5
|
|t:|1779807843
|move|p2a: Rookidon|Agility|p2a: Rookidon
|-boost|p2a: Rookidon|spe|2
|move|p1a: Hydrapple|Fickle Beam|p2a: Rookidon|[anim] Fickle Beam All Out
|-activate|p1a: Hydrapple|move: Fickle Beam
|-resisted|p2a: Rookidon
|-damage|p2a: Rookidon|38/100
|
|-heal|p1a: Hydrapple|88/100|[from] Grassy Terrain
|-damage|p1a: Hydrapple|76/100|[from] Salt Cure
|-fieldend|move: Grassy Terrain
|upkeep
|turn|6
|inactive|czy159951 has 120 seconds left.
|
|t:|1779807867
|switch|p1a: Serperior|Serperior, M|100/100
|move|p2a: Rookidon|Roost|p2a: Rookidon
|-heal|p2a: Rookidon|88/100
|-singleturn|p2a: Rookidon|move: Roost
|
|upkeep
|turn|7
|inactive|czy159951 has 120 seconds left.
|
|t:|1779807877
|-terastallize|p1a: Serperior|Steel
|move|p2a: Rookidon|Power Trip|p1a: Serperior
|-damage|p1a: Serperior|25/100
|move|p1a: Serperior|Leech Seed|p2a: Rookidon
|-start|p2a: Rookidon|move: Leech Seed
|
|-heal|p1a: Serperior|31/100|[from] item: Leftovers
|-damage|p2a: Rookidon|76/100|[from] Leech Seed|[of] p1a: Serperior
|-heal|p1a: Serperior|48/100|[silent]
|upkeep
|turn|8
|inactive|czy159951 has 120 seconds left.
|
|t:|1779807891
|move|p1a: Serperior|Protect|p1a: Serperior
|-singleturn|p1a: Serperior|Protect
|move|p2a: Rookidon|Bulk Up|p2a: Rookidon
|-boost|p2a: Rookidon|atk|1
|-boost|p2a: Rookidon|def|1
|
|-heal|p1a: Serperior|54/100|[from] item: Leftovers
|-damage|p2a: Rookidon|63/100|[from] Leech Seed|[of] p1a: Serperior
|-heal|p1a: Serperior|71/100|[silent]
|upkeep
|turn|9
|inactive|czy159951 has 120 seconds left.
|
|t:|1779807907
|move|p2a: Rookidon|Power Trip|p1a: Serperior
|-damage|p1a: Serperior|0 fnt
|faint|p1a: Serperior
|
|upkeep
|
|t:|1779807917
|switch|p1a: Rillaboom|Rillaboom, F|100/100
|-fieldstart|move: Grassy Terrain|[from] ability: Grassy Surge|[of] p1a: Rillaboom
|turn|10
|
|t:|1779807925
|move|p2a: Rookidon|Power Trip|p1a: Rillaboom
|-damage|p1a: Rillaboom|0 fnt
|faint|p1a: Rillaboom
|
|upkeep
|-message|czy159951 forfeited.
|
|win|Hike Mawk
|raw|czy159951's rating: 1296 &rarr; <strong>1273</strong><br />(-23 for losing)
|raw|Hike Mawk's rating: 1319 &rarr; <strong>1338</strong><br />(+19 for winning)
|l|☆czy159951
|player|p1|
|c|☆Hike Mawk|GGs
