|j|☆ChicomeOllin
|j|☆vvnvcv
|t:|1779893184
|gametype|singles
|player|p1|ChicomeOllin|harlequin|1180
|player|p2|vvnvcv|266|1248
|gen|9
|tier|[Gen 9] OU
|rated|
|rule|HP Percentage Mod: HP is shown in percentages
|rule|Endless Battle Clause: Forcing endless battles is banned
|rule|Species Clause: Limit one of each Pokémon
|rule|OHKO Clause: OHKO moves are banned
|rule|Evasion Items Clause: Evasion items are banned
|rule|Evasion Moves Clause: Evasion moves are banned
|rule|Evasion Abilities Clause: Evasion abilities are banned
|rule|Sleep Moves Clause: Sleep-inducing moves are banned
|clearpoke
|poke|p1|Sylveon, M|
|poke|p1|Falinks|
|poke|p1|Ceruledge, M|
|poke|p1|Dedenne, M|
|poke|p1|Quaquaval, M|
|poke|p1|Ursaluna, F|
|poke|p2|Dondozo, F|
|poke|p2|Dragapult, F|
|poke|p2|Great Tusk|
|poke|p2|Gholdengo|
|poke|p2|Garchomp, F|
|poke|p2|Kleavor, M|
|teampreview
|inactive|Battle timer is ON: inactive players will automatically lose when time's up. (requested by ChicomeOllin)
|
|t:|1779893217
|teamsize|p1|6
|teamsize|p2|6
|start
|switch|p1a: Coyolxauhqui|Ursaluna, F|100/100
|switch|p2a: Kleavor|Kleavor, M|100/100
|turn|1
|
|t:|1779893238
|move|p2a: Kleavor|Brick Break|p1a: Coyolxauhqui
|-supereffective|p1a: Coyolxauhqui
|-damage|p1a: Coyolxauhqui|62/100
|move|p1a: Coyolxauhqui|Headlong Rush|p2a: Kleavor
|-damage|p2a: Kleavor|10/100
|-unboost|p1a: Coyolxauhqui|def|1
|-unboost|p1a: Coyolxauhqui|spd|1
|
|-status|p1a: Coyolxauhqui|brn|[from] item: Flame Orb
|upkeep
|turn|2
|
|t:|1779893253
|move|p2a: Kleavor|Stone Axe|p1a: Coyolxauhqui
|-resisted|p1a: Coyolxauhqui
|-damage|p1a: Coyolxauhqui|32/100 brn
|-sidestart|p1: ChicomeOllin|move: Stealth Rock
|move|p1a: Coyolxauhqui|Headlong Rush|p2a: Kleavor
|-damage|p2a: Kleavor|0 fnt
|-unboost|p1a: Coyolxauhqui|def|1
|-unboost|p1a: Coyolxauhqui|spd|1
|faint|p2a: Kleavor
|
|-damage|p1a: Coyolxauhqui|26/100 brn|[from] brn
|upkeep
|
|t:|1779893270
|switch|p2a: Dragapult|Dragapult, F|100/100
|turn|3
|
|t:|1779893274
|move|p2a: Dragapult|Hex|p1a: Coyolxauhqui
|-immune|p1a: Coyolxauhqui
|move|p1a: Coyolxauhqui|Play Rough|p2a: Dragapult
|-supereffective|p2a: Dragapult
|-damage|p2a: Dragapult|0 fnt
|faint|p2a: Dragapult
|
|-damage|p1a: Coyolxauhqui|20/100 brn|[from] brn
|upkeep
|
|t:|1779893282
|switch|p2a: Great Tusk|Great Tusk|100/100
|-enditem|p2a: Great Tusk|Booster Energy
|-activate|p2a: Great Tusk|ability: Protosynthesis|[fromitem]
|-start|p2a: Great Tusk|protosynthesisatk
|turn|4
|
|t:|1779893291
|move|p2a: Great Tusk|Rapid Spin|p1a: Coyolxauhqui
|-damage|p1a: Coyolxauhqui|0 fnt
|-boost|p2a: Great Tusk|spe|1
|faint|p1a: Coyolxauhqui
|
|upkeep
|
|t:|1779893301
|switch|p1a: Shiva|Quaquaval, M|100/100
|-damage|p1a: Shiva|94/100|[from] Stealth Rock
|turn|5
|
|t:|1779893311
|move|p2a: Great Tusk|Close Combat|p1a: Shiva
|-damage|p1a: Shiva|0 fnt
|-unboost|p2a: Great Tusk|def|1
|-unboost|p2a: Great Tusk|spd|1
|faint|p1a: Shiva
|
|upkeep
|
|t:|1779893320
|switch|p1a: Oberon|Sylveon, M|100/100
|-damage|p1a: Oberon|88/100|[from] Stealth Rock
|turn|6
|
|t:|1779893328
|-end|p2a: Great Tusk|Protosynthesis|[silent]
|switch|p2a: Gholdengo|Gholdengo|100/100
|move|p1a: Oberon|Hyper Voice|p2a: Gholdengo
|-resisted|p2a: Gholdengo
|-damage|p2a: Gholdengo|66/100
|
|upkeep
|turn|7
|
|t:|1779893358
|move|p1a: Oberon|Hyper Voice|p2a: Gholdengo
|-resisted|p2a: Gholdengo
|-damage|p2a: Gholdengo|35/100
|move|p2a: Gholdengo|Make It Rain|p1a: Oberon
|-supereffective|p1a: Oberon
|-damage|p1a: Oberon|0 fnt
|-unboost|p2a: Gholdengo|spa|1
|faint|p1a: Oberon
|-damage|p2a: Gholdengo|25/100|[from] item: Life Orb
|
|upkeep
|inactive|ChicomeOllin has 120 seconds left.
|
|t:|1779893377
|switch|p1a: Huitzilopochtli|Ceruledge, M|100/100
|turn|8
|inactive|ChicomeOllin has 120 seconds left.
|
|t:|1779893384
|move|p1a: Huitzilopochtli|Bitter Blade|p2a: Gholdengo
|-supereffective|p2a: Gholdengo
|-damage|p2a: Gholdengo|0 fnt
|faint|p2a: Gholdengo
|
|upkeep
|
|t:|1779893388
|switch|p2a: Dondozo|Dondozo, F|100/100
|turn|9
|
|t:|1779893395
|switch|p1a: Peréz|Dedenne, M|100/100
|-damage|p1a: Peréz|88/100|[from] Stealth Rock
|move|p2a: Dondozo|Wave Crash|p1a: Peréz
|-damage|p1a: Peréz|0 fnt
|faint|p1a: Peréz
|-damage|p2a: Dondozo|82/100|[from] Recoil
|
|upkeep
|
|t:|1779893405
|switch|p1a: Ares|Falinks|100/100
|-damage|p1a: Ares|95/100|[from] Stealth Rock
|turn|10
|inactive|ChicomeOllin has 120 seconds left.
|
|t:|1779893423
|move|p1a: Ares|No Retreat|p1a: Ares
|-boost|p1a: Ares|atk|1
|-boost|p1a: Ares|def|1
|-boost|p1a: Ares|spa|1
|-boost|p1a: Ares|spd|1
|-boost|p1a: Ares|spe|1
|-start|p1a: Ares|move: No Retreat
|move|p2a: Dondozo|Wave Crash|p1a: Ares
|-damage|p1a: Ares|33/100
|-enditem|p1a: Ares|Sitrus Berry|[eat]
|-heal|p1a: Ares|58/100|[from] item: Sitrus Berry
|-damage|p2a: Dondozo|67/100|[from] Recoil
|
|upkeep
|turn|11
|inactive|ChicomeOllin has 120 seconds left.
|
|t:|1779893438
|move|p1a: Ares|Close Combat|p2a: Dondozo
|-damage|p2a: Dondozo|24/100
|-unboost|p1a: Ares|def|1
|-unboost|p1a: Ares|spd|1
|move|p2a: Dondozo|Wave Crash|p1a: Ares
|-damage|p1a: Ares|3/100
|-damage|p2a: Dondozo|10/100|[from] Recoil
|
|upkeep
|turn|12
|inactive|ChicomeOllin has 120 seconds left.
|
|t:|1779893464
|move|p1a: Ares|Close Combat|p2a: Dondozo
|-damage|p2a: Dondozo|0 fnt
|-unboost|p1a: Ares|def|1
|-unboost|p1a: Ares|spd|1
|faint|p2a: Dondozo
|
|upkeep
|
|t:|1779893469
|switch|p2a: Great Tusk|Great Tusk|100/100
|turn|13
|
|t:|1779893482
|move|p1a: Ares|Close Combat|p2a: Great Tusk
|-damage|p2a: Great Tusk|35/100
|-unboost|p1a: Ares|def|1
|-unboost|p1a: Ares|spd|1
|move|p2a: Great Tusk|Rapid Spin|p1a: Ares
|-damage|p1a: Ares|0 fnt
|-boost|p2a: Great Tusk|spe|1
|faint|p1a: Ares
|
|upkeep
|
|t:|1779893496
|switch|p1a: Huitzilopochtli|Ceruledge, M|100/100
|turn|14
|inactive|ChicomeOllin has 90 seconds left.
|
|t:|1779893524
|-terastallize|p1a: Huitzilopochtli|Fighting
|move|p2a: Great Tusk|Headlong Rush|p1a: Huitzilopochtli
|-damage|p1a: Huitzilopochtli|0 fnt
|-unboost|p2a: Great Tusk|def|1
|-unboost|p2a: Great Tusk|spd|1
|faint|p1a: Huitzilopochtli
|
|win|vvnvcv
|raw|ChicomeOllin's rating: 1180 &rarr; <strong>1160</strong><br />(-20 for losing)
|raw|vvnvcv's rating: 1248 &rarr; <strong>1268</strong><br />(+20 for winning)
|l|☆vvnvcv
|player|p2|
|l|☆ChicomeOllin
|player|p1|
