|j|☆uchiha jesus
|j|☆luisovalle
|t:|1779919365
|gametype|singles
|player|p1|uchiha jesus|170|1324
|player|p2|luisovalle|silver|1324
|gen|9
|tier|[Gen 9] OU
|rated|
|rule|HP Percentage Mod: HP is shown in percentages
|rule|Endless Battle Clause: Forcing endless battles is banned
|rule|Species Clause: Limit one of each Pokémon
|rule|OHKO Clause: OHKO moves are banned
|rule|Evasion Items Clause: Evasion items are banned
|rule|Evasion Moves Clause: Evasion moves are banned
|rule|Evasion Abilities Clause: Evasion abilities are banned
|rule|Sleep Moves Clause: Sleep-inducing moves are banned
|clearpoke
|poke|p1|Darkrai|
|poke|p1|Dusclops, F|
|poke|p1|Ogerpon-Wellspring, F|
|poke|p1|Garchomp, M|
|poke|p1|Skeledirge, F|
|poke|p1|Tyranitar, F|
|poke|p2|Lokix, M|
|poke|p2|Slowking-Galar, M|
|poke|p2|Alomomola, F|
|poke|p2|Ogerpon-Cornerstone, F|
|poke|p2|Darkrai|
|poke|p2|Great Tusk|
|teampreview
|inactive|Battle timer is ON: inactive players will automatically lose when time's up. (requested by luisovalle)
|
|t:|1779919368
|teamsize|p1|6
|teamsize|p2|6
|start
|switch|p1a: Tyranitar|Tyranitar, F|100/100
|switch|p2a: Lokix|Lokix, M|100/100
|-weather|Sandstorm|[from] ability: Sand Stream|[of] p1a: Tyranitar
|turn|1
|
|t:|1779919391
|-terastallize|p1a: Tyranitar|Dragon
|move|p2a: Lokix|First Impression|p1a: Tyranitar
|-damage|p1a: Tyranitar|42/100
|move|p1a: Tyranitar|Rock Tomb|p2a: Lokix
|-supereffective|p2a: Lokix
|-damage|p2a: Lokix|2/100
|-unboost|p2a: Lokix|spe|1
|
|-weather|Sandstorm|[upkeep]
|-damage|p1a: Tyranitar|36/100|[from] Sandstorm
|-damage|p2a: Lokix|0 fnt|[from] Sandstorm
|faint|p2a: Lokix
|upkeep
|
|t:|1779919397
|switch|p2a: Darkrai|Darkrai|100/100
|turn|2
|
|t:|1779919410
|move|p2a: Darkrai|Dark Pulse|p1a: Tyranitar
|-damage|p1a: Tyranitar|0 fnt
|faint|p1a: Tyranitar
|
|-weather|Sandstorm|[upkeep]
|-damage|p2a: Darkrai|94/100|[from] Sandstorm
|upkeep
|
|t:|1779919426
|switch|p1a: Darkrai|Darkrai|100/100
|turn|3
|
|t:|1779919430
|move|p2a: Darkrai|Dark Pulse|p1a: Darkrai
|-resisted|p1a: Darkrai
|-damage|p1a: Darkrai|72/100
|move|p1a: Darkrai|Ice Beam|p2a: Darkrai
|-damage|p2a: Darkrai|48/100
|
|-weather|Sandstorm|[upkeep]
|-damage|p2a: Darkrai|42/100|[from] Sandstorm
|-damage|p1a: Darkrai|66/100|[from] Sandstorm
|upkeep
|turn|4
|
|t:|1779919440
|switch|p2a: Slowking|Slowking-Galar, M, shiny|100/100
|move|p1a: Darkrai|Ice Beam|p2a: Slowking
|-damage|p2a: Slowking|81/100
|
|-weather|Sandstorm|[upkeep]
|-damage|p1a: Darkrai|60/100|[from] Sandstorm
|-damage|p2a: Slowking|75/100|[from] Sandstorm
|-heal|p2a: Slowking|81/100|[from] item: Leftovers
|upkeep
|turn|5
|
|t:|1779919450
|switch|p1a: Garchomp|Garchomp, M|100/100
|-prepare|p2a: Slowking|Chilly Reception|[premajor]
|move|p2a: Slowking|Chilly Reception|p2a: Slowking
|-weather|Snowscape
|
|t:|1779919453
|switch|p2a: Great Tusk|Great Tusk|100/100|[from] Chilly Reception
|
|-weather|Snowscape|[upkeep]
|upkeep
|turn|6
|
|t:|1779919461
|move|p1a: Garchomp|Liquidation|p2a: Great Tusk
|-supereffective|p2a: Great Tusk
|-damage|p2a: Great Tusk|57/100
|move|p2a: Great Tusk|Rapid Spin|p1a: Garchomp
|-damage|p1a: Garchomp|82/100
|-boost|p2a: Great Tusk|spe|1
|-damage|p2a: Great Tusk|45/100|[from] ability: Rough Skin|[of] p1a: Garchomp
|
|-weather|Snowscape|[upkeep]
|upkeep
|turn|7
|
|t:|1779919472
|switch|p1a: Dusclops|Dusclops, F|100/100
|-ability|p1a: Dusclops|Pressure
|move|p2a: Great Tusk|Ice Spinner|p1a: Dusclops
|-damage|p1a: Dusclops|81/100
|
|-weather|Snowscape|[upkeep]
|upkeep
|turn|8
|
|t:|1779919481
|-end|p2a: Great Tusk|Protosynthesis|[silent]
|switch|p2a: Slowking|Slowking-Galar, M, shiny|100/100
|move|p1a: Dusclops|Night Shade|p2a: Slowking
|-damage|p2a: Slowking|75/100
|
|-weather|Snowscape|[upkeep]
|-heal|p2a: Slowking|81/100|[from] item: Leftovers
|upkeep
|turn|9
|
|t:|1779919490
|switch|p1a: Garchomp|Garchomp, M|82/100
|-prepare|p2a: Slowking|Chilly Reception|[premajor]
|move|p2a: Slowking|Chilly Reception|p2a: Slowking
|
|t:|1779919493
|switch|p2a: Darkrai|Darkrai|42/100|[from] Chilly Reception
|
|-weather|none
|upkeep
|turn|10
|
|t:|1779919502
|move|p2a: Darkrai|Ice Beam|p1a: Garchomp
|-supereffective|p1a: Garchomp
|-damage|p1a: Garchomp|0 fnt
|faint|p1a: Garchomp
|
|upkeep
|
|t:|1779919516
|switch|p1a: Darkrai|Darkrai|60/100
|turn|11
|
|t:|1779919520
|switch|p2a: Great Tusk|Great Tusk|45/100
|move|p1a: Darkrai|Ice Beam|p2a: Great Tusk
|-supereffective|p2a: Great Tusk
|-damage|p2a: Great Tusk|0 fnt
|faint|p2a: Great Tusk
|-end|p2a: Great Tusk|Protosynthesis|[silent]
|
|upkeep
|
|t:|1779919525
|switch|p2a: Slowking|Slowking-Galar, M, shiny|100/100
|turn|12
|
|t:|1779919532
|move|p1a: Darkrai|Dark Pulse|p2a: Slowking
|-supereffective|p2a: Slowking
|-damage|p2a: Slowking|52/100
|cant|p2a: Slowking|flinch
|
|-heal|p2a: Slowking|59/100|[from] item: Leftovers
|upkeep
|turn|13
|-message|luisovalle forfeited.
|
|win|uchiha jesus
|raw|uchiha jesus's rating: 1324 &rarr; <strong>1344</strong><br />(+20 for winning)
|raw|luisovalle's rating: 1324 &rarr; <strong>1304</strong><br />(-20 for losing)
|l|☆luisovalle
|player|p2|
|l|☆uchiha jesus
|player|p1|
