|j|☆hameed425
|j|☆tauros3
|t:|1779807522
|gametype|singles
|player|p1|hameed425|102|1476
|player|p2|tauros3|swimmer-gen4dp|1543
|gen|9
|tier|[Gen 9] OU
|rated|
|rule|HP Percentage Mod: HP is shown in percentages
|rule|Endless Battle Clause: Forcing endless battles is banned
|rule|Species Clause: Limit one of each Pokémon
|rule|OHKO Clause: OHKO moves are banned
|rule|Evasion Items Clause: Evasion items are banned
|rule|Evasion Moves Clause: Evasion moves are banned
|rule|Evasion Abilities Clause: Evasion abilities are banned
|rule|Sleep Moves Clause: Sleep-inducing moves are banned
|clearpoke
|poke|p1|Hatterene, F|
|poke|p1|Great Tusk|
|poke|p1|Walking Wake|
|poke|p1|Torkoal, F|
|poke|p1|Venusaur, M|
|poke|p1|Raging Bolt|
|poke|p2|Ribombee, F|
|poke|p2|Kingambit, M|
|poke|p2|Milotic, F|
|poke|p2|Serperior, F|
|poke|p2|Gothitelle, M|
|poke|p2|Cinderace, M|
|teampreview
|inactive|Battle timer is ON: inactive players will automatically lose when time's up. (requested by tauros3)
|
|t:|1779807530
|teamsize|p1|6
|teamsize|p2|6
|start
|switch|p1a: Torkoal|Torkoal, F|100/100
|switch|p2a: Ribombee|Ribombee, F|100/100
|-weather|SunnyDay|[from] ability: Drought|[of] p1a: Torkoal
|turn|1
|
|t:|1779807537
|move|p2a: Ribombee|Sticky Web|p1a: Torkoal
|-sidestart|p1: hameed425|move: Sticky Web
|move|p1a: Torkoal|Lava Plume|p2a: Ribombee
|-supereffective|p2a: Ribombee
|-enditem|p2a: Ribombee|Focus Sash
|-damage|p2a: Ribombee|1/100
|
|-weather|SunnyDay|[upkeep]
|upkeep
|turn|2
|
|t:|1779807544
|-terastallize|p2a: Ribombee|Ghost
|move|p2a: Ribombee|Moonblast|p1a: Torkoal
|-resisted|p1a: Torkoal
|-damage|p1a: Torkoal|75/100
|-unboost|p1a: Torkoal|spa|1
|move|p1a: Torkoal|Rapid Spin|p2a: Ribombee
|-immune|p2a: Ribombee
|
|-weather|SunnyDay|[upkeep]
|upkeep
|turn|3
|
|t:|1779807549
|move|p2a: Ribombee|Stun Spore|p1a: Torkoal
|-status|p1a: Torkoal|par
|move|p1a: Torkoal|Lava Plume|p2a: Ribombee
|-damage|p2a: Ribombee|0 fnt
|faint|p2a: Ribombee
|
|-weather|SunnyDay|[upkeep]
|upkeep
|
|t:|1779807553
|switch|p2a: Cinderace|Cinderace, M|100/100
|turn|4
|
|t:|1779807559
|move|p2a: Cinderace|Court Change|p2a: Cinderace
|-swapsideconditions
|-activate|p2a: Cinderace|move: Court Change
|move|p1a: Torkoal|Rapid Spin|p2a: Cinderace
|-damage|p2a: Cinderace|88/100
|-boost|p1a: Torkoal|spe|1
|
|-weather|SunnyDay|[upkeep]
|upkeep
|turn|5
|
|t:|1779807570
|switch|p1a: Venusaur|Venusaur, M|100/100
|move|p2a: Cinderace|U-turn|p1a: Venusaur
|-damage|p1a: Venusaur|75/100
|
|t:|1779807573
|switch|p2a: Milotic|Milotic, F|100/100|[from] U-turn
|-activate|p2a: Milotic|move: Sticky Web
|-unboost|p2a: Milotic|spe|1
|-ability|p2a: Milotic|Competitive|boost
|-boost|p2a: Milotic|spa|2
|
|-weather|SunnyDay|[upkeep]
|upkeep
|turn|6
|inactive|hameed425 has 120 seconds left.
|
|t:|1779807605
|switch|p1a: Hatterene|Hatterene, F|100/100
|move|p2a: Milotic|Ice Beam|p1a: Hatterene
|-damage|p1a: Hatterene|48/100
|-enditem|p1a: Hatterene|Eject Button
|inactive|hameed425 has 120 seconds left.
|
|t:|1779807613
|switch|p1a: Raging Bolt|Raging Bolt|100/100
|-activate|p1a: Raging Bolt|ability: Protosynthesis
|-start|p1a: Raging Bolt|protosynthesisspa
|
|-weather|SunnyDay|[upkeep]
|upkeep
|turn|7
|
|t:|1779807623
|move|p1a: Raging Bolt|Thunderclap|p2a: Milotic
|-supereffective|p2a: Milotic
|-damage|p2a: Milotic|27/100
|move|p2a: Milotic|Draining Kiss|p1a: Raging Bolt
|-supereffective|p1a: Raging Bolt
|-damage|p1a: Raging Bolt|44/100
|-heal|p2a: Milotic|69/100|[from] drain|[of] p1a: Raging Bolt
|
|-weather|SunnyDay|[upkeep]
|upkeep
|turn|8
|
|t:|1779807634
|-end|p1a: Raging Bolt|Protosynthesis|[silent]
|switch|p1a: Hatterene|Hatterene, F|48/100
|switch|p2a: Cinderace|Cinderace, M|88/100
|
|-weather|none
|upkeep
|turn|9
|
|t:|1779807637
|move|p2a: Cinderace|Pyro Ball|p1a: Hatterene
|-damage|p1a: Hatterene|6/100
|move|p1a: Hatterene|Nuzzle|p2a: Cinderace
|-crit|p2a: Cinderace
|-damage|p2a: Cinderace|81/100
|-status|p2a: Cinderace|par
|
|upkeep
|turn|10
|
|t:|1779807644
|move|p2a: Cinderace|U-turn|p1a: Hatterene
|-damage|p1a: Hatterene|0 fnt
|faint|p1a: Hatterene
|
|t:|1779807649
|switch|p2a: Serperior|Serperior, F|100/100|[from] U-turn
|-activate|p2a: Serperior|move: Sticky Web
|-boost|p2a: Serperior|spe|1
|
|upkeep
|
|t:|1779807653
|switch|p1a: Torkoal|Torkoal, F|75/100 par
|-weather|SunnyDay|[from] ability: Drought|[of] p1a: Torkoal
|turn|11
|
|t:|1779807660
|move|p2a: Serperior|Substitute|p2a: Serperior
|-start|p2a: Serperior|Substitute
|-damage|p2a: Serperior|76/100
|move|p1a: Torkoal|Lava Plume|p2a: Serperior
|-supereffective|p2a: Serperior
|-end|p2a: Serperior|Substitute
|
|-weather|SunnyDay|[upkeep]
|-heal|p2a: Serperior|82/100|[from] item: Leftovers
|upkeep
|turn|12
|
|t:|1779807663
|move|p2a: Serperior|Substitute|p2a: Serperior
|-start|p2a: Serperior|Substitute
|-damage|p2a: Serperior|57/100
|move|p1a: Torkoal|Lava Plume|p2a: Serperior
|-supereffective|p2a: Serperior
|-end|p2a: Serperior|Substitute
|
|-weather|SunnyDay|[upkeep]
|-heal|p2a: Serperior|63/100|[from] item: Leftovers
|upkeep
|turn|13
|
|t:|1779807665
|move|p2a: Serperior|Substitute|p2a: Serperior
|-start|p2a: Serperior|Substitute
|-damage|p2a: Serperior|38/100
|cant|p1a: Torkoal|par
|
|-weather|SunnyDay|[upkeep]
|-heal|p2a: Serperior|44/100|[from] item: Leftovers
|upkeep
|turn|14
|
|t:|1779807668
|move|p2a: Serperior|Leaf Storm|p1a: Torkoal
|-resisted|p1a: Torkoal
|-damage|p1a: Torkoal|44/100 par
|-boost|p2a: Serperior|spa|2
|move|p1a: Torkoal|Lava Plume|p2a: Serperior
|-supereffective|p2a: Serperior
|-end|p2a: Serperior|Substitute
|
|-weather|SunnyDay|[upkeep]
|-heal|p2a: Serperior|50/100|[from] item: Leftovers
|upkeep
|turn|15
|
|t:|1779807675
|move|p2a: Serperior|Leaf Storm|p1a: Torkoal
|-resisted|p1a: Torkoal
|-damage|p1a: Torkoal|0 fnt
|-boost|p2a: Serperior|spa|2
|faint|p1a: Torkoal
|
|-weather|SunnyDay|[upkeep]
|-heal|p2a: Serperior|56/100|[from] item: Leftovers
|upkeep
|
|t:|1779807679
|switch|p1a: Venusaur|Venusaur, M|75/100
|turn|16
|
|t:|1779807687
|switch|p2a: Cinderace|Cinderace, M|81/100 par
|move|p1a: Venusaur|Weather Ball|p2a: Cinderace
|-resisted|p2a: Cinderace
|-damage|p2a: Cinderace|44/100 par
|-damage|p1a: Venusaur|65/100|[from] item: Life Orb
|
|-weather|SunnyDay|[upkeep]
|upkeep
|turn|17
|
|t:|1779807690
|move|p1a: Venusaur|Sludge Bomb|p2a: Cinderace
|-damage|p2a: Cinderace|0 fnt
|faint|p2a: Cinderace
|-damage|p1a: Venusaur|55/100|[from] item: Life Orb
|
|-weather|SunnyDay|[upkeep]
|upkeep
|
|t:|1779807702
|switch|p2a: Gothitelle|Gothitelle, M|100/100
|-activate|p2a: Gothitelle|move: Sticky Web
|-unboost|p2a: Gothitelle|spe|1
|-ability|p2a: Gothitelle|Competitive|boost
|-boost|p2a: Gothitelle|spa|2
|turn|18
|
|t:|1779807706
|move|p1a: Venusaur|Sludge Bomb|p2a: Gothitelle
|-damage|p2a: Gothitelle|48/100
|-damage|p1a: Venusaur|45/100|[from] item: Life Orb
|move|p2a: Gothitelle|Trick Room|p2a: Gothitelle
|-fieldstart|move: Trick Room|[of] p2a: Gothitelle
|
|-weather|none
|upkeep
|turn|19
|
|t:|1779807717
|move|p2a: Gothitelle|Psychic Noise|p1a: Venusaur
|-supereffective|p1a: Venusaur
|-damage|p1a: Venusaur|0 fnt
|faint|p1a: Venusaur
|
|upkeep
|
|t:|1779807726
|switch|p1a: Raging Bolt|Raging Bolt|44/100
|turn|20
|
|t:|1779807730
|move|p1a: Raging Bolt|Thunderclap|p2a: Gothitelle
|-damage|p2a: Gothitelle|0 fnt
|faint|p2a: Gothitelle
|
|upkeep
|
|t:|1779807733
|switch|p2a: Kingambit|Kingambit, M|100/100
|-activate|p2a: Kingambit|move: Sticky Web
|-unboost|p2a: Kingambit|spe|1
|-ability|p2a: Kingambit|Defiant|boost
|-boost|p2a: Kingambit|atk|2
|turn|21
|
|t:|1779807738
|move|p1a: Raging Bolt|Thunderclap|p2a: Kingambit
|-damage|p2a: Kingambit|43/100
|move|p2a: Kingambit|Low Kick|p1a: Raging Bolt
|-crit|p1a: Raging Bolt
|-damage|p1a: Raging Bolt|0 fnt
|faint|p1a: Raging Bolt
|-end|p1a: Raging Bolt|Protosynthesis|[silent]
|
|upkeep
|
|t:|1779807747
|switch|p1a: Great Tusk|Great Tusk|100/100
|turn|22
|
|t:|1779807755
|move|p2a: Kingambit|Low Kick|p1a: Great Tusk
|-damage|p1a: Great Tusk|29/100
|move|p1a: Great Tusk|Rapid Spin|p2a: Kingambit
|-resisted|p2a: Kingambit
|-damage|p2a: Kingambit|34/100
|-boost|p1a: Great Tusk|spe|1
|-damage|p1a: Great Tusk|19/100|[from] item: Life Orb
|
|-fieldend|move: Trick Room
|upkeep
|turn|23
|
|t:|1779807759
|move|p2a: Kingambit|Sucker Punch|p1a: Great Tusk
|-resisted|p1a: Great Tusk
|-damage|p1a: Great Tusk|0 fnt
|faint|p1a: Great Tusk
|-end|p1a: Great Tusk|Protosynthesis|[silent]
|
|upkeep
|
|t:|1779807761
|switch|p1a: Walking Wake|Walking Wake|100/100
|turn|24
|
|t:|1779807763
|move|p2a: Kingambit|Sucker Punch|p1a: Walking Wake
|-damage|p1a: Walking Wake|0 fnt
|faint|p1a: Walking Wake
|-end|p1a: Walking Wake|Protosynthesis|[silent]
|
|win|tauros3
|raw|hameed425's rating: 1476 &rarr; <strong>1460</strong><br />(-16 for losing)
|raw|tauros3's rating: 1543 &rarr; <strong>1559</strong><br />(+16 for winning)
|l|☆tauros3
|player|p2|
|c|☆hameed425|Love that team
