|j|☆Justin UA
|j|‽PokemonGuy94
|t:|1779857300
|gametype|singles
|player|p1|Justin UA|265|1502
|player|p2|PokemonGuy94|leon|1503
|gen|9
|tier|[Gen 9] OU
|rated|
|rule|HP Percentage Mod: HP is shown in percentages
|rule|Endless Battle Clause: Forcing endless battles is banned
|rule|Species Clause: Limit one of each Pokémon
|rule|OHKO Clause: OHKO moves are banned
|rule|Evasion Items Clause: Evasion items are banned
|rule|Evasion Moves Clause: Evasion moves are banned
|rule|Evasion Abilities Clause: Evasion abilities are banned
|rule|Sleep Moves Clause: Sleep-inducing moves are banned
|clearpoke
|poke|p1|Walking Wake|
|poke|p1|Great Tusk|
|poke|p1|Ninetales, M|
|poke|p1|Cresselia, F|
|poke|p1|Zarude|
|poke|p1|Ceruledge, M|
|poke|p2|Grimmsnarl, M|
|poke|p2|Great Tusk|
|poke|p2|Latias, F|
|poke|p2|Kingambit, M|
|poke|p2|Lucario, F|
|poke|p2|Gliscor, F|
|teampreview
|inactive|Battle timer is ON: inactive players will automatically lose when time's up. (requested by PokemonGuy94)
|inactive|Justin UA has 120 seconds left.
|
|t:|1779857334
|teamsize|p1|6
|teamsize|p2|6
|start
|switch|p1a: Zarude|Zarude|100/100
|switch|p2a: Grimmsnarl|Grimmsnarl, M|100/100
|turn|1
|
|t:|1779857339
|move|p2a: Grimmsnarl|Light Screen|p2a: Grimmsnarl
|-sidestart|p2: PokemonGuy94|move: Light Screen
|move|p1a: Zarude|Swords Dance|p1a: Zarude
|-boost|p1a: Zarude|atk|2
|
|upkeep
|turn|2
|
|t:|1779857344
|move|p2a: Grimmsnarl|Reflect|p2a: Grimmsnarl
|-sidestart|p2: PokemonGuy94|Reflect
|move|p1a: Zarude|Knock Off|p2a: Grimmsnarl
|-resisted|p2a: Grimmsnarl
|-damage|p2a: Grimmsnarl|85/100
|-enditem|p2a: Grimmsnarl|Light Clay|[from] move: Knock Off|[of] p1a: Zarude
|
|upkeep
|turn|3
|
|t:|1779857351
|switch|p2a: Great Tusk|Great Tusk|100/100
|move|p1a: Zarude|Swords Dance|p1a: Zarude
|-boost|p1a: Zarude|atk|2
|
|upkeep
|turn|4
|
|t:|1779857357
|move|p1a: Zarude|Power Whip|p2a: Great Tusk
|-supereffective|p2a: Great Tusk
|-damage|p2a: Great Tusk|0 fnt
|faint|p2a: Great Tusk
|-end|p2a: Great Tusk|Protosynthesis|[silent]
|
|upkeep
|
|t:|1779857365
|switch|p2a: Lucario|Lucario, F, shiny|100/100
|turn|5
|
|t:|1779857381
|switch|p1a: Ceruledge|Ceruledge, M|100/100
|move|p2a: Lucario|Close Combat|p1a: Ceruledge
|-immune|p1a: Ceruledge
|
|upkeep
|turn|6
|
|t:|1779857388
|switch|p2a: Gliscor|Gliscor, F|100/100
|move|p1a: Ceruledge|Bitter Blade|p2a: Gliscor
|-damage|p2a: Gliscor|82/100
|
|-status|p2a: Gliscor|tox|[from] item: Toxic Orb
|upkeep
|turn|7
|
|t:|1779857395
|switch|p1a: Ninetales|Ninetales, M|100/100
|-weather|SunnyDay|[from] ability: Drought|[of] p1a: Ninetales
|move|p2a: Gliscor|Toxic|p1a: Ninetales
|-status|p1a: Ninetales|tox
|
|-weather|SunnyDay|[upkeep]
|-damage|p1a: Ninetales|95/100 tox|[from] psn
|-heal|p2a: Gliscor|94/100 tox|[from] ability: Poison Heal
|upkeep
|turn|8
|
|t:|1779857408
|switch|p2a: Grimmsnarl|Grimmsnarl, M|85/100
|move|p1a: Ninetales|Overheat|p2a: Grimmsnarl
|-damage|p2a: Grimmsnarl|61/100
|-unboost|p1a: Ninetales|spa|2
|
|-weather|SunnyDay|[upkeep]
|-damage|p1a: Ninetales|83/100 tox|[from] psn
|-sideend|p2: PokemonGuy94|move: Light Screen
|upkeep
|turn|9
|
|t:|1779857416
|move|p2a: Grimmsnarl|Parting Shot|p1a: Ninetales
|-unboost|p1a: Ninetales|atk|1
|-unboost|p1a: Ninetales|spa|1
|
|t:|1779857420
|switch|p2a: Latias|Latias, F|100/100|[from] Parting Shot
|move|p1a: Ninetales|Encore||[still]
|-fail|p1a: Ninetales
|
|-weather|SunnyDay|[upkeep]
|-damage|p1a: Ninetales|65/100 tox|[from] psn
|-sideend|p2: PokemonGuy94|Reflect
|upkeep
|turn|10
|j| fwturtle
|
|t:|1779857432
|switch|p1a: Cresselia|Cresselia, F|100/100
|move|p2a: Latias|Agility|p2a: Latias
|-boost|p2a: Latias|spe|2
|
|-weather|SunnyDay|[upkeep]
|upkeep
|turn|11
|
|t:|1779857438
|move|p2a: Latias|Calm Mind|p2a: Latias
|-boost|p2a: Latias|spa|1
|-boost|p2a: Latias|spd|1
|move|p1a: Cresselia|Thunder Wave|p2a: Latias
|-status|p2a: Latias|par
|
|-weather|SunnyDay|[upkeep]
|upkeep
|turn|12
|
|t:|1779857445
|switch|p1a: Ninetales|Ninetales, M|65/100 tox
|move|p2a: Latias|Agility|p2a: Latias
|-boost|p2a: Latias|spe|2
|
|-weather|SunnyDay|[upkeep]
|-damage|p1a: Ninetales|59/100 tox|[from] psn
|upkeep
|turn|13
|
|t:|1779857452
|move|p2a: Latias|Stored Power|p1a: Ninetales
|-damage|p1a: Ninetales|0 fnt
|faint|p1a: Ninetales
|
|-weather|SunnyDay|[upkeep]
|upkeep
|
|t:|1779857456
|switch|p1a: Zarude|Zarude|100/100
|turn|14
|
|t:|1779857464
|move|p2a: Latias|Draining Kiss|p1a: Zarude
|-supereffective|p1a: Zarude
|-damage|p1a: Zarude|57/100
|move|p1a: Zarude|Knock Off|p2a: Latias
|-supereffective|p2a: Latias
|-damage|p2a: Latias|11/100 par
|-enditem|p2a: Latias|Weakness Policy
|-boost|p2a: Latias|atk|2|[from] item: Weakness Policy
|-boost|p2a: Latias|spa|2|[from] item: Weakness Policy
|
|-weather|none
|-heal|p1a: Zarude|63/100|[from] item: Leftovers
|upkeep
|turn|15
|
|t:|1779857472
|cant|p2a: Latias|par
|move|p1a: Zarude|Knock Off|p2a: Latias
|-supereffective|p2a: Latias
|-damage|p2a: Latias|0 fnt
|faint|p2a: Latias
|
|-heal|p1a: Zarude|69/100|[from] item: Leftovers
|upkeep
|
|t:|1779857479
|switch|p2a: Lucario|Lucario, F, shiny|100/100
|turn|16
|
|t:|1779857486
|switch|p1a: Ceruledge|Ceruledge, M|100/100
|move|p2a: Lucario|Swords Dance|p2a: Lucario
|-boost|p2a: Lucario|atk|2
|
|upkeep
|turn|17
|
|t:|1779857493
|move|p2a: Lucario|Bullet Punch|p1a: Ceruledge
|-resisted|p1a: Ceruledge
|-damage|p1a: Ceruledge|72/100
|-ability|p1a: Ceruledge|Weak Armor|boost
|-unboost|p1a: Ceruledge|def|1
|-boost|p1a: Ceruledge|spe|2
|move|p1a: Ceruledge|Bitter Blade|p2a: Lucario
|-supereffective|p2a: Lucario
|-enditem|p2a: Lucario|Focus Sash
|-damage|p2a: Lucario|1/100
|-heal|p1a: Ceruledge|100/100|[from] drain|[of] p2a: Lucario
|
|upkeep
|turn|18
|
|t:|1779857505
|switch|p2a: Gliscor|Gliscor, F|94/100 tox
|move|p1a: Ceruledge|Swords Dance|p1a: Ceruledge
|-boost|p1a: Ceruledge|atk|2
|
|-heal|p2a: Gliscor|100/100 tox|[from] ability: Poison Heal
|upkeep
|turn|19
|
|t:|1779857515
|move|p1a: Ceruledge|Poltergeist|p2a: Gliscor|[miss]
|-miss|p1a: Ceruledge|p2a: Gliscor
|move|p2a: Gliscor|Toxic|p1a: Ceruledge|[miss]
|-miss|p2a: Gliscor|p1a: Ceruledge
|
|upkeep
|turn|20
|
|t:|1779857521
|move|p1a: Ceruledge|Poltergeist|p2a: Gliscor
|-activate|p2a: Gliscor|move: Poltergeist|Toxic Orb
|-damage|p2a: Gliscor|0 fnt
|faint|p2a: Gliscor
|
|upkeep
|
|t:|1779857532
|switch|p2a: Kingambit|Kingambit, M, shiny|100/100
|-activate|p2a: Kingambit|ability: Supreme Overlord
|-start|p2a: Kingambit|fallen3|[silent]
|-item|p2a: Kingambit|Air Balloon
|turn|21
|
|t:|1779857538
|-terastallize|p2a: Kingambit|Ghost
|move|p1a: Ceruledge|Bitter Blade|p2a: Kingambit
|-damage|p2a: Kingambit|25/100
|-enditem|p2a: Kingambit|Air Balloon
|move|p2a: Kingambit|Kowtow Cleave|p1a: Ceruledge
|-supereffective|p1a: Ceruledge
|-enditem|p1a: Ceruledge|Focus Sash
|-damage|p1a: Ceruledge|1/100
|-ability|p1a: Ceruledge|Weak Armor|boost
|-unboost|p1a: Ceruledge|def|1
|-boost|p1a: Ceruledge|spe|2
|
|upkeep
|turn|22
|
|t:|1779857555
|move|p2a: Kingambit|Sucker Punch|p1a: Ceruledge
|-supereffective|p1a: Ceruledge
|-damage|p1a: Ceruledge|0 fnt
|faint|p1a: Ceruledge
|
|upkeep
|
|t:|1779857562
|switch|p1a: Great Tusk|Great Tusk|100/100
|turn|23
|l| fwturtle
|
|t:|1779857566
|move|p1a: Great Tusk|Headlong Rush|p2a: Kingambit
|-damage|p2a: Kingambit|0 fnt
|-unboost|p1a: Great Tusk|def|1
|-unboost|p1a: Great Tusk|spd|1
|faint|p2a: Kingambit
|-end|p2a: Kingambit|fallen3|[silent]
|
|upkeep
|
|t:|1779857572
|switch|p2a: Lucario|Lucario, F, shiny|1/100
|turn|24
|
|t:|1779857599
|-end|p1a: Great Tusk|Protosynthesis|[silent]
|switch|p1a: Zarude|Zarude|69/100
|move|p2a: Lucario|Extreme Speed|p1a: Zarude
|-damage|p1a: Zarude|45/100
|
|-heal|p1a: Zarude|51/100|[from] item: Leftovers
|upkeep
|turn|25
|
|t:|1779857606
|move|p1a: Zarude|Knock Off|p2a: Lucario
|-resisted|p2a: Lucario
|-damage|p2a: Lucario|0 fnt
|faint|p2a: Lucario
|
|-heal|p1a: Zarude|57/100|[from] item: Leftovers
|upkeep
|-message|PokemonGuy94 forfeited.
|
|win|Justin UA
|raw|Justin UA's rating: 1502 &rarr; <strong>1522</strong><br />(+20 for winning)
|raw|PokemonGuy94's rating: 1503 &rarr; <strong>1483</strong><br />(-20 for losing)
|l|☆Justin UA
|player|p1|
