|j|☆Boulet liegeois
|j|☆uniandes5
|t:|1779961777
|gametype|singles
|player|p1|Boulet liegeois|1|1525
|player|p2|uniandes5|2|1614
|gen|9
|tier|[Gen 9] OU
|rated|
|rule|HP Percentage Mod: HP is shown in percentages
|rule|Endless Battle Clause: Forcing endless battles is banned
|rule|Species Clause: Limit one of each Pokémon
|rule|OHKO Clause: OHKO moves are banned
|rule|Evasion Items Clause: Evasion items are banned
|rule|Evasion Moves Clause: Evasion moves are banned
|rule|Evasion Abilities Clause: Evasion abilities are banned
|rule|Sleep Moves Clause: Sleep-inducing moves are banned
|clearpoke
|poke|p1|Great Tusk|
|poke|p1|Enamorus, F|
|poke|p1|Lokix, F|
|poke|p1|Alomomola, M|
|poke|p1|Amoonguss, F|
|poke|p1|Cinderace, F|
|poke|p2|Grimmsnarl, M|
|poke|p2|Latias, F|
|poke|p2|Tinkaton, F|
|poke|p2|Volcanion|
|poke|p2|Mew|
|poke|p2|Dragapult, F|
|teampreview
|
|t:|1779961789
|teamsize|p1|6
|teamsize|p2|6
|start
|switch|p1a: Lokix|Lokix, F|100/100
|switch|p2a: Dragapult|Dragapult, F|100/100
|turn|1
|inactive|Battle timer is ON: inactive players will automatically lose when time's up. (requested by Boulet liegeois)
|
|t:|1779961797
|switch|p1a: Alomomola|Alomomola, M|100/100
|move|p2a: Dragapult|Thunder Wave|p1a: Alomomola
|-status|p1a: Alomomola|par
|
|upkeep
|turn|2
|
|t:|1779961804
|move|p2a: Dragapult|Hex|p1a: Alomomola
|-damage|p1a: Alomomola|23/100 par
|move|p1a: Alomomola|Flip Turn|p2a: Dragapult
|-resisted|p2a: Dragapult
|-damage|p2a: Dragapult|89/100
|
|t:|1779961829
|switch|p1a: Enamorus|Enamorus, F|100/100|[from] Flip Turn
|
|upkeep
|turn|3
|
|t:|1779961834
|switch|p2a: Tinkaton|Tinkaton, F|100/100
|-ability|p2a: Tinkaton|Mold Breaker
|move|p1a: Enamorus|Mystical Fire|p2a: Tinkaton
|-supereffective|p2a: Tinkaton
|-damage|p2a: Tinkaton|30/100
|-unboost|p2a: Tinkaton|spa|1
|-enditem|p2a: Tinkaton|Red Card|[of] p1a: Enamorus
|drag|p1a: Lokix|Lokix, F|100/100
|
|upkeep
|turn|4
|
|t:|1779961846
|move|p1a: Lokix|First Impression|p2a: Tinkaton
|-resisted|p2a: Tinkaton
|-damage|p2a: Tinkaton|0 fnt
|faint|p2a: Tinkaton
|
|upkeep
|
|t:|1779961849
|switch|p2a: Mew|Mew|100/100
|turn|5
|
|t:|1779961854
|switch|p1a: Amoonguss|Amoonguss, F|100/100
|move|p2a: Mew|Dragon Dance|p2a: Mew
|-boost|p2a: Mew|atk|1
|-boost|p2a: Mew|spe|1
|
|upkeep
|turn|6
|
|t:|1779961859
|move|p2a: Mew|Dragon Dance|p2a: Mew
|-boost|p2a: Mew|atk|1
|-boost|p2a: Mew|spe|1
|move|p1a: Amoonguss|Clear Smog|p2a: Mew
|-damage|p2a: Mew|86/100
|-clearboost|p2a: Mew
|
|upkeep
|turn|7
|
|t:|1779961867
|switch|p2a: Dragapult|Dragapult, F|89/100
|move|p1a: Amoonguss|Toxic|p2a: Dragapult
|-status|p2a: Dragapult|tox
|
|-damage|p2a: Dragapult|83/100 tox|[from] psn
|upkeep
|turn|8
|
|t:|1779961872
|move|p2a: Dragapult|Hex|p1a: Amoonguss
|-damage|p1a: Amoonguss|70/100
|move|p1a: Amoonguss|Foul Play|p2a: Dragapult
|-supereffective|p2a: Dragapult
|-damage|p2a: Dragapult|0 fnt
|faint|p2a: Dragapult
|
|upkeep
|
|t:|1779961881
|switch|p2a: Volcanion|Volcanion|100/100
|turn|9
|
|t:|1779961886
|switch|p1a: Alomomola|Alomomola, M|57/100 par
|move|p2a: Volcanion|Earth Power|p1a: Alomomola
|-damage|p1a: Alomomola|18/100 par
|-unboost|p1a: Alomomola|spd|1
|
|upkeep
|turn|10
|
|t:|1779961897
|switch|p1a: Enamorus|Enamorus, F|100/100
|move|p2a: Volcanion|Steam Eruption|p1a: Enamorus
|-damage|p1a: Enamorus|20/100
|
|upkeep
|turn|11
|
|t:|1779961916
|move|p1a: Enamorus|Healing Wish|p1a: Enamorus
|faint|p1a: Enamorus
|move|p2a: Volcanion|Flamethrower|p1: Enamorus|[notarget]
|-fail|p2a: Volcanion
|
|upkeep
|
|t:|1779961922
|switch|p1a: Great Tusk|Great Tusk|100/100
|turn|12
|
|t:|1779961926
|move|p1a: Great Tusk|Headlong Rush|p2a: Volcanion
|-supereffective|p2a: Volcanion
|-damage|p2a: Volcanion|12/100
|-unboost|p1a: Great Tusk|def|1
|-unboost|p1a: Great Tusk|spd|1
|move|p2a: Volcanion|Steam Eruption|p1a: Great Tusk
|-supereffective|p1a: Great Tusk
|-damage|p1a: Great Tusk|0 fnt
|faint|p1a: Great Tusk
|-end|p1a: Great Tusk|Protosynthesis|[silent]
|
|upkeep
|
|t:|1779961934
|switch|p1a: Lokix|Lokix, F|100/100
|turn|13
|
|t:|1779961938
|switch|p2a: Mew|Mew|86/100
|move|p1a: Lokix|U-turn|p2a: Mew
|-supereffective|p2a: Mew
|-damage|p2a: Mew|20/100
|-enditem|p2a: Mew|Weakness Policy
|-boost|p2a: Mew|atk|2|[from] item: Weakness Policy
|-boost|p2a: Mew|spa|2|[from] item: Weakness Policy
|
|t:|1779961947
|switch|p1a: Cinderace|Cinderace, F|100/100|[from] U-turn
|
|upkeep
|turn|14
|
|t:|1779961952
|move|p1a: Cinderace|U-turn|p2a: Mew
|-supereffective|p2a: Mew
|-damage|p2a: Mew|0 fnt
|faint|p2a: Mew
|
|t:|1779961957
|switch|p1a: Alomomola|Alomomola, M|51/100 par|[from] U-turn
|-heal|p1a: Alomomola|100/100|[from] move: Healing Wish
|
|upkeep
|j| lord shiddenfards
|
|t:|1779961961
|switch|p2a: Grimmsnarl|Grimmsnarl, M|100/100
|turn|15
|
|t:|1779961970
|move|p2a: Grimmsnarl|Reflect|p2a: Grimmsnarl
|-sidestart|p2: uniandes5|Reflect
|move|p1a: Alomomola|Flip Turn|p2a: Grimmsnarl
|-damage|p2a: Grimmsnarl|92/100
|
|t:|1779961973
|switch|p1a: Lokix|Lokix, F|100/100|[from] Flip Turn
|
|upkeep
|turn|16
|
|t:|1779961976
|move|p2a: Grimmsnarl|Light Screen|p2a: Grimmsnarl
|-sidestart|p2: uniandes5|move: Light Screen
|move|p1a: Lokix|Knock Off|p2a: Grimmsnarl
|-resisted|p2a: Grimmsnarl
|-damage|p2a: Grimmsnarl|76/100
|-enditem|p2a: Grimmsnarl|Light Clay|[from] move: Knock Off|[of] p1a: Lokix
|
|upkeep
|turn|17
|
|t:|1779961981
|switch|p1a: Alomomola|Alomomola, M|100/100
|switch|p2a: Volcanion|Volcanion|12/100
|
|upkeep
|turn|18
|
|t:|1779961995
|switch|p2a: Latias|Latias, F|100/100
|move|p1a: Alomomola|Wish|p1a: Alomomola
|
|upkeep
|turn|19
|
|t:|1779961999
|switch|p1a: Amoonguss|Amoonguss, F|100/100
|move|p2a: Latias|Calm Mind|p2a: Latias
|-boost|p2a: Latias|spa|1
|-boost|p2a: Latias|spd|1
|
|upkeep
|turn|20
|
|t:|1779962006
|-terastallize|p1a: Amoonguss|Steel
|move|p2a: Latias|Stored Power|p1a: Amoonguss
|-resisted|p1a: Amoonguss
|-damage|p1a: Amoonguss|84/100
|move|p1a: Amoonguss|Clear Smog|p2a: Latias
|-damage|p2a: Latias|96/100
|-clearboost|p2a: Latias
|
|upkeep
|turn|21
|
|t:|1779962014
|move|p2a: Latias|Aura Sphere|p1a: Amoonguss
|-supereffective|p1a: Amoonguss
|-damage|p1a: Amoonguss|50/100
|move|p1a: Amoonguss|Toxic|p2a: Latias
|-status|p2a: Latias|tox
|-enditem|p2a: Latias|Lum Berry|[eat]
|-curestatus|p2a: Latias|tox|[msg]
|
|upkeep
|turn|22
|
|t:|1779962021
|-terastallize|p2a: Latias|Poison
|move|p2a: Latias|Calm Mind|p2a: Latias
|-boost|p2a: Latias|spa|1
|-boost|p2a: Latias|spd|1
|move|p1a: Amoonguss|Toxic|p2a: Latias
|-immune|p2a: Latias
|
|-sideend|p2: uniandes5|Reflect
|upkeep
|turn|23
|
|t:|1779962028
|switch|p1a: Lokix|Lokix, F|100/100
|move|p2a: Latias|Aura Sphere|p1a: Lokix
|-damage|p1a: Lokix|40/100
|
|-sideend|p2: uniandes5|move: Light Screen
|upkeep
|turn|24
|
|t:|1779962038
|move|p1a: Lokix|First Impression|p2a: Latias
|-resisted|p2a: Latias
|-damage|p2a: Latias|49/100
|move|p2a: Latias|Recover|p2a: Latias
|-heal|p2a: Latias|99/100
|
|upkeep
|turn|25
|
|t:|1779962043
|switch|p1a: Alomomola|Alomomola, M|100/100
|move|p2a: Latias|Calm Mind|p2a: Latias
|-boost|p2a: Latias|spa|1
|-boost|p2a: Latias|spd|1
|
|upkeep
|turn|26
|
|t:|1779962050
|move|p2a: Latias|Calm Mind|p2a: Latias
|-boost|p2a: Latias|spa|1
|-boost|p2a: Latias|spd|1
|move|p1a: Alomomola|Wish|p1a: Alomomola
|
|upkeep
|turn|27
|
|t:|1779962054
|move|p2a: Latias|Stored Power|p1a: Alomomola
|-damage|p1a: Alomomola|0 fnt
|faint|p1a: Alomomola
|
|upkeep
|
|t:|1779962058
|switch|p1a: Amoonguss|Amoonguss, F, tera:Steel|83/100
|turn|28
|
|t:|1779962061
|move|p2a: Latias|Aura Sphere|p1a: Amoonguss
|-supereffective|p1a: Amoonguss
|-damage|p1a: Amoonguss|0 fnt
|faint|p1a: Amoonguss
|
|upkeep
|-message|Boulet liegeois forfeited.
|
|win|uniandes5
|raw|Boulet liegeois's rating: 1525 &rarr; <strong>1510</strong><br />(-15 for losing)
|raw|uniandes5's rating: 1614 &rarr; <strong>1629</strong><br />(+15 for winning)
|l|☆Boulet liegeois
|player|p1|
|l| lord shiddenfards
|l|☆uniandes5
|player|p2|
