|j|☆RogueHowl
|j|☆baakrisht
|t:|1779816178
|gametype|singles
|player|p1|RogueHowl|1|1073
|player|p2|baakrisht|102|1113
|gen|9
|tier|[Gen 9] OU
|rated|
|rule|HP Percentage Mod: HP is shown in percentages
|rule|Endless Battle Clause: Forcing endless battles is banned
|rule|Species Clause: Limit one of each Pokémon
|rule|OHKO Clause: OHKO moves are banned
|rule|Evasion Items Clause: Evasion items are banned
|rule|Evasion Moves Clause: Evasion moves are banned
|rule|Evasion Abilities Clause: Evasion abilities are banned
|rule|Sleep Moves Clause: Sleep-inducing moves are banned
|clearpoke
|poke|p1|Glastrier|
|poke|p1|Hatterene, F|
|poke|p1|Alomomola, M|
|poke|p1|Iron Crown|
|poke|p1|Zamazenta-*|
|poke|p1|Gliscor, M|
|poke|p2|Espeon, F|
|poke|p2|Goodra, F|
|poke|p2|Weezing-Galar, M|
|poke|p2|Orthworm, F|
|poke|p2|Suicune|
|poke|p2|Muk-Alola, M|
|teampreview
|
|t:|1779816197
|teamsize|p1|6
|teamsize|p2|6
|start
|switch|p1a: Samasentya|Zamazenta|100/100
|switch|p2a: Suicune|Suicune|100/100
|-ability|p1a: Samasentya|Dauntless Shield|boost
|-boost|p1a: Samasentya|def|1
|-ability|p2a: Suicune|Pressure
|turn|1
|
|t:|1779816212
|switch|p2a: लाठ साहब|Weezing-Galar, M, shiny|100/100
|move|p1a: Samasentya|Close Combat|p2a: लाठ साहब
|-resisted|p2a: लाठ साहब
|-damage|p2a: लाठ साहब|86/100
|-unboost|p1a: Samasentya|def|1
|-unboost|p1a: Samasentya|spd|1
|-damage|p1a: Samasentya|84/100|[from] item: Rocky Helmet|[of] p2a: लाठ साहब
|
|upkeep
|turn|2
|
|t:|1779816220
|switch|p1a: Trojan Horse|Iron Crown|100/100
|move|p2a: लाठ साहब|Clear Smog|p1a: Trojan Horse
|-immune|p1a: Trojan Horse
|
|upkeep
|turn|3
|
|t:|1779816237
|-terastallize|p2a: लाठ साहब|Fire
|move|p1a: Trojan Horse|Volt Switch|p2a: लाठ साहब
|-damage|p2a: लाठ साहब|41/100
|
|t:|1779816242
|-end|p1a: Trojan Horse|Quark Drive|[silent]
|switch|p1a: Seal Food|Alomomola, M|100/100|[from] Volt Switch
|move|p2a: लाठ साहब|Flamethrower|p1a: Seal Food
|-resisted|p1a: Seal Food
|-damage|p1a: Seal Food|86/100
|
|upkeep
|turn|4
|
|t:|1779816253
|move|p1a: Seal Food|Scald|p2a: लाठ साहब
|-supereffective|p2a: लाठ साहब
|-damage|p2a: लाठ साहब|6/100
|move|p2a: लाठ साहब|Destiny Bond|p2a: लाठ साहब
|-singlemove|p2a: लाठ साहब|Destiny Bond
|
|upkeep
|turn|5
|
|t:|1779816267
|switch|p1a: Trojan Horse|Iron Crown|100/100
|move|p2a: लाठ साहब|Toxic Spikes|p1a: Trojan Horse
|-sidestart|p1: RogueHowl|move: Toxic Spikes
|
|upkeep
|turn|6
|
|t:|1779816276
|switch|p2a: लसलस|Goodra, F|100/100
|move|p1a: Trojan Horse|Psychic Noise|p2a: लसलस
|-damage|p2a: लसलस|64/100
|-start|p2a: लसलस|move: Heal Block
|
|upkeep
|turn|7
|
|t:|1779816284
|-end|p1a: Trojan Horse|Quark Drive|[silent]
|switch|p1a: Samasentya|Zamazenta|84/100
|-status|p1a: Samasentya|psn
|move|p2a: लसलस|Rain Dance|p2a: लसलस
|-weather|RainDance
|
|-weather|RainDance|[upkeep]
|-damage|p1a: Samasentya|72/100 psn|[from] psn
|-end|p2a: लसलस|move: Heal Block
|upkeep
|turn|8
|
|t:|1779816293
|switch|p2a: लाठ साहब|Weezing-Galar, M, shiny, tera:Fire|6/100
|move|p1a: Samasentya|Ice Fang|p2a: लाठ साहब|[miss]
|-miss|p1a: Samasentya|p2a: लाठ साहब
|
|-weather|RainDance|[upkeep]
|-damage|p1a: Samasentya|59/100 psn|[from] psn
|upkeep
|turn|9
|
|t:|1779816300
|move|p1a: Samasentya|Ice Fang|p2a: लाठ साहब
|-resisted|p2a: लाठ साहब
|-damage|p2a: लाठ साहब|0 fnt
|-damage|p1a: Samasentya|43/100 psn|[from] item: Rocky Helmet|[of] p2a: लाठ साहब
|faint|p2a: लाठ साहब
|
|-weather|RainDance|[upkeep]
|-damage|p1a: Samasentya|30/100 psn|[from] psn
|upkeep
|
|t:|1779816307
|switch|p2a: लसलस|Goodra, F|64/100
|turn|10
|
|t:|1779816311
|switch|p2a: Suicune|Suicune|100/100
|-ability|p2a: Suicune|Pressure
|move|p1a: Samasentya|Ice Fang|p2a: Suicune
|-resisted|p2a: Suicune
|-damage|p2a: Suicune|91/100
|
|-weather|RainDance|[upkeep]
|-heal|p2a: Suicune|98/100|[from] item: Leftovers
|-damage|p1a: Samasentya|18/100 psn|[from] psn
|upkeep
|turn|11
|
|t:|1779816335
|switch|p1a: Arctic Hater|Gliscor, M|100/100
|move|p2a: Suicune|Scald|p1a: Arctic Hater
|-supereffective|p1a: Arctic Hater
|-damage|p1a: Arctic Hater|34/100
|
|-weather|RainDance|[upkeep]
|-heal|p2a: Suicune|100/100|[from] item: Leftovers
|-status|p1a: Arctic Hater|tox|[from] item: Toxic Orb
|upkeep
|turn|12
|
|t:|1779816343
|switch|p1a: Trojan Horse|Iron Crown|100/100
|move|p2a: Suicune|Scald|p1a: Trojan Horse
|-damage|p1a: Trojan Horse|63/100
|
|-weather|RainDance|[upkeep]
|upkeep
|turn|13
|
|t:|1779816356
|move|p1a: Trojan Horse|Volt Switch|p2a: Suicune
|-supereffective|p2a: Suicune
|-damage|p2a: Suicune|47/100
|
|t:|1779816362
|-end|p1a: Trojan Horse|Quark Drive|[silent]
|switch|p1a: Seal Food|Alomomola, M|100/100|[from] Volt Switch
|move|p2a: Suicune|Scald|p1a: Seal Food
|-resisted|p1a: Seal Food
|-damage|p1a: Seal Food|78/100
|-status|p1a: Seal Food|brn
|
|-weather|RainDance|[upkeep]
|-heal|p2a: Suicune|53/100|[from] item: Leftovers
|-damage|p1a: Seal Food|72/100 brn|[from] brn
|upkeep
|turn|14
|
|t:|1779816368
|move|p2a: Suicune|Scald|p1a: Seal Food
|-resisted|p1a: Seal Food
|-damage|p1a: Seal Food|49/100 brn
|move|p1a: Seal Food|Play Rough|p2a: Suicune
|-damage|p2a: Suicune|49/100
|
|-weather|none
|-heal|p2a: Suicune|55/100|[from] item: Leftovers
|-damage|p1a: Seal Food|43/100 brn|[from] brn
|upkeep
|turn|15
|-message|RogueHowl forfeited.
|
|win|baakrisht
|raw|RogueHowl's rating: 1073 &rarr; <strong>1054</strong><br />(-19 for losing)
|raw|baakrisht's rating: 1113 &rarr; <strong>1135</strong><br />(+22 for winning)
|l|☆RogueHowl
|player|p1|
|l|☆baakrisht
|player|p2|
