|j|☆Hex_23
|j|☆dc1ldn
|t:|1779800746
|gametype|singles
|player|p1|Hex_23|flannery|1216
|player|p2|dc1ldn|ethan|1157
|gen|9
|tier|[Gen 9] OU
|rated|
|rule|HP Percentage Mod: HP is shown in percentages
|rule|Endless Battle Clause: Forcing endless battles is banned
|rule|Species Clause: Limit one of each Pokémon
|rule|OHKO Clause: OHKO moves are banned
|rule|Evasion Items Clause: Evasion items are banned
|rule|Evasion Moves Clause: Evasion moves are banned
|rule|Evasion Abilities Clause: Evasion abilities are banned
|rule|Sleep Moves Clause: Sleep-inducing moves are banned
|clearpoke
|poke|p1|Clodsire, M|
|poke|p1|Toxapex, F|
|poke|p1|Corviknight, F|
|poke|p1|Dondozo, M|
|poke|p1|Clefable, F|
|poke|p1|Gliscor, M|
|poke|p2|Infernape, F|
|poke|p2|Swampert, M|
|poke|p2|Meowscarada, M|
|poke|p2|Honchkrow, M|
|poke|p2|Pecharunt|
|poke|p2|Garchomp, M|
|teampreview
|inactive|Battle timer is ON: inactive players will automatically lose when time's up. (requested by dc1ldn)
|c|☆dc1ldn|gl
|
|t:|1779800756
|teamsize|p1|6
|teamsize|p2|6
|start
|switch|p1a: Clodsire|Clodsire, M, shiny|100/100
|switch|p2a: Swampert|Swampert, M|100/100
|turn|1
|j| SaintEndless
|
|t:|1779800766
|move|p2a: Swampert|Stealth Rock|p1a: Clodsire
|-sidestart|p1: Hex_23|move: Stealth Rock
|move|p1a: Clodsire|Spikes|p2a: Swampert
|-sidestart|p2: dc1ldn|Spikes
|
|upkeep
|turn|2
|l| SaintEndless
|
|t:|1779800775
|move|p2a: Swampert|Knock Off|p1a: Clodsire
|-damage|p1a: Clodsire|73/100
|-enditem|p1a: Clodsire|Heavy-Duty Boots|[from] move: Knock Off|[of] p2a: Swampert
|move|p1a: Clodsire|Recover|p1a: Clodsire
|-heal|p1a: Clodsire|100/100
|
|upkeep
|turn|3
|
|t:|1779800787
|move|p2a: Swampert|Earthquake|p1a: Clodsire
|-supereffective|p1a: Clodsire
|-damage|p1a: Clodsire|19/100
|move|p1a: Clodsire|Spikes|p2a: Swampert
|-sidestart|p2: dc1ldn|Spikes
|
|upkeep
|turn|4
|
|t:|1779800795
|switch|p1a: Corviknight|Corviknight, F|100/100
|-damage|p1a: Corviknight|88/100|[from] Stealth Rock
|-ability|p1a: Corviknight|Pressure
|move|p2a: Swampert|Earthquake|p1a: Corviknight
|-immune|p1a: Corviknight
|
|-heal|p1a: Corviknight|94/100|[from] item: Leftovers
|upkeep
|turn|5
|
|t:|1779800808
|move|p1a: Corviknight|Brave Bird|p2a: Swampert
|-damage|p2a: Swampert|66/100
|-damage|p1a: Corviknight|83/100|[from] Recoil
|move|p2a: Swampert|Knock Off|p1a: Corviknight
|-damage|p1a: Corviknight|63/100
|-enditem|p1a: Corviknight|Leftovers|[from] move: Knock Off|[of] p2a: Swampert
|
|-heal|p2a: Swampert|73/100|[from] item: Leftovers
|upkeep
|turn|6
|
|t:|1779800820
|move|p1a: Corviknight|Brave Bird|p2a: Swampert
|-damage|p2a: Swampert|37/100
|-damage|p1a: Corviknight|51/100|[from] Recoil
|move|p2a: Swampert|Flip Turn|p1a: Corviknight
|-damage|p1a: Corviknight|34/100
|
|t:|1779800835
|switch|p2a: Garchomp|Garchomp, M|100/100|[from] Flip Turn
|-damage|p2a: Garchomp|84/100|[from] Spikes
|
|upkeep
|turn|7
|
|t:|1779800841
|move|p2a: Garchomp|Swords Dance|p2a: Garchomp
|-boost|p2a: Garchomp|atk|2
|move|p1a: Corviknight|Roost|p1a: Corviknight
|-heal|p1a: Corviknight|84/100
|-singleturn|p1a: Corviknight|move: Roost
|
|upkeep
|turn|8
|
|t:|1779800852
|switch|p1a: Toxapex|Toxapex, F|100/100
|-damage|p1a: Toxapex|88/100|[from] Stealth Rock
|move|p2a: Garchomp|Fire Fang|p1a: Toxapex|[miss]
|-miss|p2a: Garchomp|p1a: Toxapex
|
|-heal|p1a: Toxapex|94/100|[from] item: Leftovers
|upkeep
|turn|9
|
|t:|1779800870
|move|p1a: Toxapex|Baneful Bunker|p1a: Toxapex
|-singleturn|p1a: Toxapex|move: Protect
|move|p2a: Garchomp|Scale Shot|p1a: Toxapex
|-activate|p1a: Toxapex|move: Protect
|
|-heal|p1a: Toxapex|100/100|[from] item: Leftovers
|upkeep
|turn|10
|
|t:|1779800882
|move|p2a: Garchomp|Scale Shot|p1a: Toxapex
|-damage|p1a: Toxapex|86/100
|-damage|p1a: Toxapex|70/100
|-damage|p1a: Toxapex|55/100
|-damage|p1a: Toxapex|40/100
|-damage|p1a: Toxapex|23/100
|-hitcount|p1a: Toxapex|5
|-unboost|p2a: Garchomp|def|1
|-boost|p2a: Garchomp|spe|1
|move|p1a: Toxapex|Infestation|p2a: Garchomp
|-damage|p2a: Garchomp|81/100
|-activate|p2a: Garchomp|move: Infestation|[of] p1a: Toxapex
|-damage|p1a: Toxapex|11/100|[from] ability: Rough Skin|[of] p2a: Garchomp
|
|-heal|p1a: Toxapex|17/100|[from] item: Leftovers
|-damage|p2a: Garchomp|69/100|[from] move: Infestation|[partiallytrapped]
|upkeep
|turn|11
|
|t:|1779800903
|switch|p1a: Clefable|Clefable, F|100/100
|move|p2a: Garchomp|Swords Dance|p2a: Garchomp
|-boost|p2a: Garchomp|atk|2
|
|-end|p2a: Garchomp|Infestation|[partiallytrapped]|[silent]
|upkeep
|turn|12
|
|t:|1779800916
|-terastallize|p2a: Garchomp|Fire
|move|p2a: Garchomp|Earthquake|p1a: Clefable
|-damage|p1a: Clefable|0 fnt
|faint|p1a: Clefable
|
|upkeep
|
|t:|1779800931
|switch|p1a: Corviknight|Corviknight, F|84/100
|-damage|p1a: Corviknight|71/100|[from] Stealth Rock
|-ability|p1a: Corviknight|Pressure
|turn|13
|
|t:|1779800937
|move|p2a: Garchomp|Fire Fang|p1a: Corviknight
|-supereffective|p1a: Corviknight
|-damage|p1a: Corviknight|0 fnt
|faint|p1a: Corviknight
|
|upkeep
|
|t:|1779800943
|switch|p1a: keep trying|Dondozo, M|100/100
|-damage|p1a: keep trying|88/100|[from] Stealth Rock
|turn|14
|
|t:|1779800957
|move|p2a: Garchomp|Scale Shot|p1a: keep trying
|-crit|p1a: keep trying
|-damage|p1a: keep trying|80/100
|-damage|p1a: keep trying|74/100
|-damage|p1a: keep trying|68/100
|-damage|p1a: keep trying|62/100
|-damage|p1a: keep trying|56/100
|-hitcount|p1a: keep trying|5
|-unboost|p2a: Garchomp|def|1
|-boost|p2a: Garchomp|spe|1
|move|p1a: keep trying|Crunch|p2a: Garchomp
|-damage|p2a: Garchomp|49/100
|-damage|p1a: keep trying|44/100|[from] ability: Rough Skin|[of] p2a: Garchomp
|
|-heal|p1a: keep trying|50/100|[from] item: Leftovers
|upkeep
|turn|15
|
|t:|1779800977
|move|p2a: Garchomp|Scale Shot|p1a: keep trying
|-damage|p1a: keep trying|44/100
|-damage|p1a: keep trying|38/100
|-damage|p1a: keep trying|33/100
|-damage|p1a: keep trying|28/100
|-damage|p1a: keep trying|22/100
|-hitcount|p1a: keep trying|5
|-unboost|p2a: Garchomp|def|1
|-boost|p2a: Garchomp|spe|1
|move|p1a: keep trying|Rest|p1a: keep trying
|-status|p1a: keep trying|slp|[from] move: Rest
|-heal|p1a: keep trying|100/100 slp|[silent]
|
|upkeep
|turn|16
|
|t:|1779800994
|switch|p2a: Meowscarada|Meowscarada, M|100/100
|-damage|p2a: Meowscarada|84/100|[from] Spikes
|cant|p1a: keep trying|slp
|move|p1a: keep trying|Sleep Talk|p1a: keep trying
|move|p1a: keep trying|Crunch|p2a: Meowscarada|[from] move: Sleep Talk
|-resisted|p2a: Meowscarada
|-damage|p2a: Meowscarada|70/100
|
|upkeep
|turn|17
|inactive|dc1ldn has 120 seconds left.
|c|☆dc1ldn|how's he soo bulky?
|
|t:|1779801016
|move|p2a: Meowscarada|Flower Trick|p1a: keep trying
|-start|p2a: Meowscarada|typechange|Grass|[from] ability: Protean
|-supereffective|p1a: keep trying
|-crit|p1a: keep trying
|-damage|p1a: keep trying|32/100 slp
|cant|p1a: keep trying|slp
|move|p1a: keep trying|Sleep Talk|p1a: keep trying
|move|p1a: keep trying|Crunch|p2a: Meowscarada|[from] move: Sleep Talk
|-damage|p2a: Meowscarada|44/100
|
|-heal|p1a: keep trying|38/100 slp|[from] item: Leftovers
|upkeep
|turn|18
|inactive|dc1ldn has 120 seconds left.
|
|t:|1779801032
|-terastallize|p1a: keep trying|Dark
|move|p2a: Meowscarada|Flower Trick|p1a: keep trying
|-crit|p1a: keep trying
|-damage|p1a: keep trying|8/100 slp
|-curestatus|p1a: keep trying|slp|[msg]
|move|p1a: keep trying|Rest|p1a: keep trying
|-status|p1a: keep trying|slp|[from] move: Rest
|-heal|p1a: keep trying|100/100 slp|[silent]
|
|upkeep
|turn|19
|
|t:|1779801046
|switch|p2a: Infernape|Infernape, F|100/100
|-damage|p2a: Infernape|84/100|[from] Spikes
|cant|p1a: keep trying|slp
|move|p1a: keep trying|Sleep Talk|p1a: keep trying
|move|p1a: keep trying|Rest||[from] move: Sleep Talk|[still]
|-fail|p1a: keep trying
|
|upkeep
|turn|20
|
|t:|1779801055
|move|p2a: Infernape|Switcheroo|p1a: keep trying
|-activate|p2a: Infernape|move: Trick|[of] p1a: keep trying
|-item|p1a: keep trying|Choice Scarf|[from] move: Switcheroo
|-item|p2a: Infernape|Leftovers|[from] move: Switcheroo
|cant|p1a: keep trying|slp
|move|p1a: keep trying|Sleep Talk|p1a: keep trying
|move|p1a: keep trying|Crunch|p2a: Infernape|[from] move: Sleep Talk
|-resisted|p2a: Infernape
|-damage|p2a: Infernape|62/100
|-unboost|p2a: Infernape|def|1
|
|-heal|p2a: Infernape|68/100|[from] item: Leftovers
|upkeep
|turn|21
|inactive|dc1ldn has 120 seconds left.
|
|t:|1779801072
|move|p2a: Infernape|Close Combat|p1a: keep trying
|-supereffective|p1a: keep trying
|-damage|p1a: keep trying|54/100 slp
|-unboost|p2a: Infernape|def|1
|-unboost|p2a: Infernape|spd|1
|-curestatus|p1a: keep trying|slp|[msg]
|move|p1a: keep trying|Sleep Talk||[still]
|-fail|p1a: keep trying
|
|-heal|p2a: Infernape|74/100|[from] item: Leftovers
|upkeep
|turn|22
|
|t:|1779801088
|switch|p1a: Toxapex|Toxapex, F|50/100
|-damage|p1a: Toxapex|38/100|[from] Stealth Rock
|move|p2a: Infernape|U-turn|p1a: Toxapex
|-resisted|p1a: Toxapex
|-damage|p1a: Toxapex|31/100
|
|t:|1779801099
|switch|p2a: Swampert|Swampert, M|37/100|[from] U-turn
|-damage|p2a: Swampert|21/100|[from] Spikes
|
|-heal|p2a: Swampert|27/100|[from] item: Leftovers
|-heal|p1a: Toxapex|37/100|[from] item: Leftovers
|upkeep
|turn|23
|
|t:|1779801107
|move|p1a: Toxapex|Baneful Bunker|p1a: Toxapex
|-singleturn|p1a: Toxapex|move: Protect
|move|p2a: Swampert|Earthquake|p1a: Toxapex
|-activate|p1a: Toxapex|move: Protect
|
|-heal|p2a: Swampert|33/100|[from] item: Leftovers
|-heal|p1a: Toxapex|44/100|[from] item: Leftovers
|upkeep
|turn|24
|
|t:|1779801122
|switch|p1a: Gliscor|Gliscor, M|100/100
|-damage|p1a: Gliscor|88/100|[from] Stealth Rock
|move|p2a: Swampert|Knock Off|p1a: Gliscor
|-damage|p1a: Gliscor|68/100
|-enditem|p1a: Gliscor|Toxic Orb|[from] move: Knock Off|[of] p2a: Swampert
|
|-heal|p2a: Swampert|39/100|[from] item: Leftovers
|upkeep
|turn|25
|
|t:|1779801133
|move|p1a: Gliscor|Knock Off|p2a: Swampert
|-damage|p2a: Swampert|21/100
|-enditem|p2a: Swampert|Leftovers|[from] move: Knock Off|[of] p1a: Gliscor
|move|p2a: Swampert|Flip Turn|p1a: Gliscor
|-supereffective|p1a: Gliscor
|-damage|p1a: Gliscor|17/100
|
|t:|1779801146
|switch|p2a: Garchomp|Garchomp, M, tera:Fire|49/100|[from] Flip Turn
|-damage|p2a: Garchomp|32/100|[from] Spikes
|
|upkeep
|turn|26
|
|t:|1779801154
|move|p1a: Gliscor|Protect|p1a: Gliscor
|-singleturn|p1a: Gliscor|Protect
|move|p2a: Garchomp|Swords Dance|p2a: Garchomp
|-boost|p2a: Garchomp|atk|2
|
|upkeep
|turn|27
|
|t:|1779801162
|switch|p1a: Toxapex|Toxapex, F|77/100
|-damage|p1a: Toxapex|64/100|[from] Stealth Rock
|move|p2a: Garchomp|Scale Shot|p1a: Toxapex
|-damage|p1a: Toxapex|49/100
|-damage|p1a: Toxapex|33/100
|-damage|p1a: Toxapex|17/100
|-damage|p1a: Toxapex|2/100
|-damage|p1a: Toxapex|0 fnt
|faint|p1a: Toxapex
|-hitcount|p1: Toxapex|5
|-unboost|p2a: Garchomp|def|1
|-boost|p2a: Garchomp|spe|1
|
|upkeep
|
|t:|1779801176
|switch|p1a: Clodsire|Clodsire, M, shiny|19/100
|-damage|p1a: Clodsire|13/100|[from] Stealth Rock
|turn|28
|
|t:|1779801185
|move|p2a: Garchomp|Scale Shot|p1a: Clodsire
|-damage|p1a: Clodsire|0 fnt
|faint|p1a: Clodsire
|-hitcount|p1: Clodsire|1
|-unboost|p2a: Garchomp|def|1
|-boost|p2a: Garchomp|spe|1
|
|upkeep
|
|t:|1779801192
|switch|p1a: Gliscor|Gliscor, M|17/100
|-damage|p1a: Gliscor|4/100|[from] Stealth Rock
|turn|29
|
|t:|1779801198
|move|p2a: Garchomp|Fire Fang|p1a: Gliscor
|-damage|p1a: Gliscor|0 fnt
|faint|p1a: Gliscor
|
|upkeep
|
|t:|1779801202
|switch|p1a: keep trying|Dondozo, M, tera:Dark|54/100
|-damage|p1a: keep trying|41/100|[from] Stealth Rock
|turn|30
|
|t:|1779801209
|move|p2a: Garchomp|Scale Shot|p1a: keep trying
|-damage|p1a: keep trying|35/100
|-damage|p1a: keep trying|29/100
|-damage|p1a: keep trying|24/100
|-damage|p1a: keep trying|18/100
|-damage|p1a: keep trying|13/100
|-hitcount|p1a: keep trying|5
|-unboost|p2a: Garchomp|def|1
|-boost|p2a: Garchomp|spe|1
|move|p1a: keep trying|Crunch|p2a: Garchomp
|-damage|p2a: Garchomp|7/100
|-damage|p1a: keep trying|0 fnt|[from] ability: Rough Skin|[of] p2a: Garchomp
|faint|p1a: keep trying
|
|win|dc1ldn
|raw|Hex_23's rating: 1216 &rarr; <strong>1187</strong><br />(-29 for losing)
|raw|dc1ldn's rating: 1157 &rarr; <strong>1186</strong><br />(+29 for winning)
|l|☆Hex_23
|player|p1|
|l|☆dc1ldn
|player|p2|
