|j|☆pin$121
|j|☆Gornaldo
|t:|1779809050
|gametype|singles
|player|p1|pin$121|artist-gen4|1144
|player|p2|Gornaldo|169|1141
|gen|9
|tier|[Gen 9] OU
|rated|
|rule|HP Percentage Mod: HP is shown in percentages
|rule|Endless Battle Clause: Forcing endless battles is banned
|rule|Species Clause: Limit one of each Pokémon
|rule|OHKO Clause: OHKO moves are banned
|rule|Evasion Items Clause: Evasion items are banned
|rule|Evasion Moves Clause: Evasion moves are banned
|rule|Evasion Abilities Clause: Evasion abilities are banned
|rule|Sleep Moves Clause: Sleep-inducing moves are banned
|clearpoke
|poke|p1|Komala, F|
|poke|p1|Swalot, M|
|poke|p1|Tornadus-Therian, M|
|poke|p1|Great Tusk|
|poke|p1|Iron Boulder|
|poke|p1|Sinistcha|
|poke|p2|Ceruledge, F|
|poke|p2|Clefable, M|
|poke|p2|Bisharp, M|
|poke|p2|Hatterene, F|
|poke|p2|Alomomola, M|
|poke|p2|Great Tusk|
|teampreview
|
|t:|1779809077
|teamsize|p1|6
|teamsize|p2|6
|start
|switch|p1a: Sinistcha|Sinistcha|100/100
|switch|p2a: Great Tusk|Great Tusk|100/100
|-enditem|p2a: Great Tusk|Booster Energy
|-activate|p2a: Great Tusk|ability: Protosynthesis|[fromitem]
|-start|p2a: Great Tusk|protosynthesisatk
|turn|1
|inactive|Battle timer is ON: inactive players will automatically lose when time's up. (requested by Gornaldo)
|
|t:|1779809112
|-terastallize|p2a: Great Tusk|Grass
|move|p2a: Great Tusk|Bulk Up|p2a: Great Tusk
|-boost|p2a: Great Tusk|atk|1
|-boost|p2a: Great Tusk|def|1
|move|p1a: Sinistcha|Strength Sap|p2a: Great Tusk
|-unboost|p2a: Great Tusk|atk|1
|
|upkeep
|turn|2
|
|t:|1779809130
|switch|p1a: Great Tusk|Great Tusk|100/100
|move|p2a: Great Tusk|Bulk Up|p2a: Great Tusk
|-boost|p2a: Great Tusk|atk|1
|-boost|p2a: Great Tusk|def|1
|
|upkeep
|turn|3
|
|t:|1779809138
|move|p2a: Great Tusk|Rapid Spin|p1a: Great Tusk
|-damage|p1a: Great Tusk|78/100
|-boost|p2a: Great Tusk|spe|1
|move|p1a: Great Tusk|Ice Spinner|p2a: Great Tusk
|-supereffective|p2a: Great Tusk
|-damage|p2a: Great Tusk|81/100
|
|upkeep
|turn|4
|
|t:|1779809149
|move|p2a: Great Tusk|Ice Spinner|p1a: Great Tusk
|-supereffective|p1a: Great Tusk
|-damage|p1a: Great Tusk|5/100
|move|p1a: Great Tusk|Ice Spinner|p2a: Great Tusk
|-supereffective|p2a: Great Tusk
|-damage|p2a: Great Tusk|59/100
|
|upkeep
|turn|5
|
|t:|1779809157
|move|p2a: Great Tusk|Rapid Spin|p1a: Great Tusk
|-damage|p1a: Great Tusk|0 fnt
|-boost|p2a: Great Tusk|spe|1
|faint|p1a: Great Tusk
|-end|p1a: Great Tusk|Protosynthesis|[silent]
|
|upkeep
|
|t:|1779809163
|switch|p1a: Tornadus|Tornadus-Therian, M|100/100
|turn|6
|
|t:|1779809171
|-terastallize|p1a: Tornadus|Steel
|move|p2a: Great Tusk|Ice Spinner|p1a: Tornadus
|-resisted|p1a: Tornadus
|-damage|p1a: Tornadus|62/100
|move|p1a: Tornadus|Bleakwind Storm|p2a: Great Tusk
|-supereffective|p2a: Great Tusk
|-damage|p2a: Great Tusk|0 fnt
|faint|p2a: Great Tusk
|-end|p2a: Great Tusk|Protosynthesis|[silent]
|-damage|p1a: Tornadus|52/100|[from] item: Life Orb
|
|upkeep
|
|t:|1779809183
|switch|p2a: Ceruledge|Ceruledge, F|100/100
|turn|7
|
|t:|1779809192
|switch|p1a: Sinistcha|Sinistcha|100/100
|move|p2a: Ceruledge|Swords Dance|p2a: Ceruledge
|-boost|p2a: Ceruledge|atk|2
|
|upkeep
|turn|8
|
|t:|1779809208
|move|p2a: Ceruledge|Swords Dance|p2a: Ceruledge
|-boost|p2a: Ceruledge|atk|2
|move|p1a: Sinistcha|Strength Sap|p2a: Ceruledge
|-unboost|p2a: Ceruledge|atk|1
|
|upkeep
|turn|9
|
|t:|1779809218
|move|p2a: Ceruledge|Bitter Blade|p1a: Sinistcha
|-supereffective|p1a: Sinistcha
|-damage|p1a: Sinistcha|24/100
|move|p1a: Sinistcha|Matcha Gotcha|p2a: Ceruledge
|-resisted|p2a: Ceruledge
|-damage|p2a: Ceruledge|84/100
|-heal|p1a: Sinistcha|33/100|[from] drain|[of] p2a: Ceruledge
|
|upkeep
|turn|10
|
|t:|1779809242
|switch|p1a: Iron Boulder|Iron Boulder|100/100
|-enditem|p1a: Iron Boulder|Booster Energy
|-activate|p1a: Iron Boulder|ability: Quark Drive|[fromitem]
|-start|p1a: Iron Boulder|quarkdrivespe
|move|p2a: Ceruledge|Bitter Blade|p1a: Iron Boulder
|-resisted|p1a: Iron Boulder
|-damage|p1a: Iron Boulder|29/100
|-heal|p2a: Ceruledge|100/100|[from] drain|[of] p1a: Iron Boulder
|
|upkeep
|turn|11
|
|t:|1779809253
|move|p2a: Ceruledge|Shadow Sneak|p1a: Iron Boulder
|-supereffective|p1a: Iron Boulder
|-damage|p1a: Iron Boulder|0 fnt
|faint|p1a: Iron Boulder
|-end|p1a: Iron Boulder|Quark Drive|[silent]
|
|upkeep
|
|t:|1779809259
|switch|p1a: Pierre|Swalot, M|100/100
|turn|12
|
|t:|1779809265
|move|p2a: Ceruledge|Swords Dance|p2a: Ceruledge
|-boost|p2a: Ceruledge|atk|2
|move|p1a: Pierre|Stuff Cheeks|p1a: Pierre
|-boost|p1a: Pierre|def|2
|-enditem|p1a: Pierre|Starf Berry|[eat]
|-boost|p1a: Pierre|def|2|[from] item: Starf Berry
|
|upkeep
|turn|13
|
|t:|1779809277
|move|p2a: Ceruledge|Bitter Blade|p1a: Pierre
|-damage|p1a: Pierre|62/100
|move|p1a: Pierre|Thief|p2a: Ceruledge
|-supereffective|p2a: Ceruledge
|-damage|p2a: Ceruledge|81/100
|-ability|p2a: Ceruledge|Weak Armor|boost
|-unboost|p2a: Ceruledge|def|1
|-boost|p2a: Ceruledge|spe|2
|-enditem|p2a: Ceruledge|White Herb|[silent]|[from] move: Thief|[of] p1a: Pierre
|-item|p1a: Pierre|White Herb|[from] move: Thief|[of] p2a: Ceruledge
|
|upkeep
|turn|14
|
|t:|1779809291
|move|p2a: Ceruledge|Swords Dance|p2a: Ceruledge
|-boost|p2a: Ceruledge|atk|1
|move|p1a: Pierre|Belch|p2a: Ceruledge
|-resisted|p2a: Ceruledge
|-damage|p2a: Ceruledge|65/100
|
|upkeep
|turn|15
|
|t:|1779809298
|move|p2a: Ceruledge|Bitter Blade|p1a: Pierre
|-damage|p1a: Pierre|24/100
|-heal|p2a: Ceruledge|88/100|[from] drain|[of] p1a: Pierre
|move|p1a: Pierre|Thief|p2a: Ceruledge
|-supereffective|p2a: Ceruledge
|-damage|p2a: Ceruledge|61/100
|-ability|p2a: Ceruledge|Weak Armor|boost
|-unboost|p2a: Ceruledge|def|1
|-boost|p2a: Ceruledge|spe|2
|
|upkeep
|turn|16
|
|t:|1779809308
|move|p2a: Ceruledge|Bitter Blade|p1a: Pierre
|-damage|p1a: Pierre|0 fnt
|-heal|p2a: Ceruledge|74/100|[from] drain|[of] p1a: Pierre
|faint|p1a: Pierre
|
|upkeep
|-message|pin$121 forfeited.
|
|win|Gornaldo
|raw|pin$121's rating: 1144 &rarr; <strong>1119</strong><br />(-25 for losing)
|raw|Gornaldo's rating: 1141 &rarr; <strong>1166</strong><br />(+25 for winning)
|l|☆pin$121
|player|p1|
|l|☆Gornaldo
|player|p2|
