|j|☆jetleiroi
|j|☆MrJaviABC123
|t:|1779813538
|gametype|singles
|player|p1|jetleiroi|roxie|1366
|player|p2|MrJaviABC123|101|1352
|gen|9
|tier|[Gen 9] OU
|rated|
|rule|HP Percentage Mod: HP is shown in percentages
|rule|Endless Battle Clause: Forcing endless battles is banned
|rule|Species Clause: Limit one of each Pokémon
|rule|OHKO Clause: OHKO moves are banned
|rule|Evasion Items Clause: Evasion items are banned
|rule|Evasion Moves Clause: Evasion moves are banned
|rule|Evasion Abilities Clause: Evasion abilities are banned
|rule|Sleep Moves Clause: Sleep-inducing moves are banned
|clearpoke
|poke|p1|Indeedee, M|
|poke|p1|Great Tusk|
|poke|p1|Ogerpon-Wellspring, F|
|poke|p1|Pecharunt|
|poke|p1|Iron Jugulis|
|poke|p1|Diancie|
|poke|p2|Kingdra, M|
|poke|p2|Corviknight, M|
|poke|p2|Politoed, M|
|poke|p2|Goodra-Hisui, M|
|poke|p2|Alomomola, F|
|poke|p2|Meowscarada, M|
|teampreview
|inactive|Battle timer is ON: inactive players will automatically lose when time's up. (requested by jetleiroi)
|
|t:|1779813555
|teamsize|p1|6
|teamsize|p2|6
|start
|switch|p1a: Yes Indeedee!|Indeedee, M|100/100
|switch|p2a: Meowscarada|Meowscarada, M|100/100
|-fieldstart|move: Psychic Terrain|[from] ability: Psychic Surge|[of] p1a: Yes Indeedee!
|turn|1
|
|t:|1779813566
|-terastallize|p1a: Yes Indeedee!|Fairy
|move|p2a: Meowscarada|U-turn|p1a: Yes Indeedee!
|-start|p2a: Meowscarada|typechange|Bug|[from] ability: Protean
|-resisted|p1a: Yes Indeedee!
|-damage|p1a: Yes Indeedee!|62/100
|
|t:|1779813573
|switch|p2a: Goodra|Goodra-Hisui, M|100/100|[from] U-turn
|move|p1a: Yes Indeedee!|Dazzling Gleam|p2a: Goodra
|-damage|p2a: Goodra|85/100
|
|upkeep
|turn|2
|
|t:|1779813581
|switch|p1a: Princess Pech|Pecharunt|100/100
|move|p2a: Goodra|Heavy Slam|p1a: Princess Pech
|-damage|p1a: Princess Pech|82/100
|-damage|p2a: Goodra|68/100|[from] item: Rocky Helmet|[of] p1a: Princess Pech
|
|upkeep
|turn|3
|
|t:|1779813599
|move|p1a: Princess Pech|Parting Shot|p2a: Goodra
|-unboost|p2a: Goodra|atk|1
|-unboost|p2a: Goodra|spa|1
|
|t:|1779813605
|switch|p1a: Elon Tusk|Great Tusk|100/100|[from] Parting Shot
|-enditem|p1a: Elon Tusk|Booster Energy
|-activate|p1a: Elon Tusk|ability: Protosynthesis|[fromitem]
|-start|p1a: Elon Tusk|protosynthesisatk
|move|p2a: Goodra|Draco Meteor|p1a: Elon Tusk
|-damage|p1a: Elon Tusk|61/100
|-unboost|p2a: Goodra|spa|2
|
|upkeep
|turn|4
|
|t:|1779813617
|-end|p1a: Elon Tusk|Protosynthesis|[silent]
|switch|p1a: Yes Indeedee!|Indeedee, M, tera:Fairy|62/100
|switch|p2a: Alomomola|Alomomola, F|100/100
|
|upkeep
|turn|5
|
|t:|1779813623
|move|p1a: Yes Indeedee!|Trick|p2a: Alomomola
|-activate|p1a: Yes Indeedee!|move: Trick|[of] p2a: Alomomola
|-item|p2a: Alomomola|Choice Scarf|[from] move: Trick
|-item|p1a: Yes Indeedee!|Leftovers|[from] move: Trick
|move|p2a: Alomomola|Wish|p2a: Alomomola
|
|-heal|p1a: Yes Indeedee!|68/100|[from] item: Leftovers
|-fieldend|move: Psychic Terrain
|upkeep
|turn|6
|
|t:|1779813631
|switch|p1a: Pon de Replay|Ogerpon-Wellspring, F|100/100
|switch|p2a: Goodra|Goodra-Hisui, M|68/100
|
|-heal|p2a: Goodra|100/100|[from] move: Wish|[wisher] Alomomola
|upkeep
|turn|7
|
|t:|1779813643
|move|p1a: Pon de Replay|U-turn|p2a: Goodra
|-resisted|p2a: Goodra
|-damage|p2a: Goodra|88/100
|-ability|p2a: Goodra|Gooey
|-unboost|p1a: Pon de Replay|spe|1
|
|t:|1779813662
|switch|p1a: Uncle Iro|Iron Jugulis|100/100|[from] U-turn
|-enditem|p1a: Uncle Iro|Booster Energy
|-activate|p1a: Uncle Iro|ability: Quark Drive|[fromitem]
|-start|p1a: Uncle Iro|quarkdrivespe
|move|p2a: Goodra|Draco Meteor|p1a: Uncle Iro|[miss]
|-miss|p2a: Goodra|p1a: Uncle Iro
|
|upkeep
|turn|8
|
|t:|1779813675
|move|p1a: Uncle Iro|Earth Power|p2a: Goodra
|-supereffective|p2a: Goodra
|-damage|p2a: Goodra|62/100
|move|p2a: Goodra|Draco Meteor|p1a: Uncle Iro
|-damage|p1a: Uncle Iro|39/100
|-unboost|p2a: Goodra|spa|2
|
|upkeep
|turn|9
|
|t:|1779813692
|-end|p1a: Uncle Iro|Quark Drive|[silent]
|switch|p1a: Princess Pech|Pecharunt|82/100
|move|p2a: Goodra|Heavy Slam|p1a: Princess Pech
|-damage|p1a: Princess Pech|61/100
|-damage|p2a: Goodra|46/100|[from] item: Rocky Helmet|[of] p1a: Princess Pech
|
|upkeep
|turn|10
|c|☆jetleiroi|!stats goodra - hisui
|c|☆jetleiroi|/raw <div class="message"><ul class="utilichart"><li class="result"><span class="col numcol">RU</span> <span class="col iconcol"><psicon pokemon="goodrahisui"/></span> <span class="col pokemonnamecol" style="white-space:nowrap"><a href="https://dex.pokemonshowdown.com/pokemon/goodrahisui" target="_blank">Goodra-Hisui</a></span> <span class="col typecol"><img src="https://play.pokemonshowdown.com/sprites/types/Steel.png" alt="Steel" height="14" width="32"><img src="https://play.pokemonshowdown.com/sprites/types/Dragon.png" alt="Dragon" height="14" width="32"></span> <span style="float:left;min-height:26px"><span class="col twoabilitycol">Sap Sipper<br />Shell Armor</span><span class="col abilitycol"><em>Gooey</em></span></span><span style="float:left;min-height:26px"><span class="col statcol"><em>HP</em><br />80</span> <span class="col statcol"><em>Atk</em><br />100</span> <span class="col statcol"><em>Def</em><br />100</span> <span class="col statcol"><em>SpA</em><br />110</span> <span class="col statcol"><em>SpD</em><br />150</span> <span class="col statcol"><em>Spe</em><br />60</span> <span class="col bstcol"><em>BST<br />600</em></span> </span></li><li style="clear:both"></li></ul></div>

|
|t:|1779813703
|switch|p2a: Alomomola|Alomomola, F|100/100
|move|p1a: Princess Pech|Recover|p1a: Princess Pech
|-heal|p1a: Princess Pech|100/100
|
|upkeep
|turn|11
|
|t:|1779813711
|move|p2a: Alomomola|Wish|p2a: Alomomola
|move|p1a: Princess Pech|Malignant Chain|p2a: Alomomola
|-damage|p2a: Alomomola|77/100
|
|upkeep
|turn|12
|
|t:|1779813716
|switch|p2a: Goodra|Goodra-Hisui, M|46/100
|move|p1a: Princess Pech|Parting Shot|p2a: Goodra
|-unboost|p2a: Goodra|atk|1
|-unboost|p2a: Goodra|spa|1
|
|t:|1779813726
|switch|p1a: Yes Indeedee!|Indeedee, M, tera:Fairy|68/100|[from] Parting Shot
|-fieldstart|move: Psychic Terrain|[from] ability: Psychic Surge|[of] p1a: Yes Indeedee!
|
|-heal|p2a: Goodra|100/100|[from] move: Wish|[wisher] Alomomola
|-heal|p1a: Yes Indeedee!|74/100|[from] item: Leftovers
|upkeep
|turn|13
|
|t:|1779813734
|move|p1a: Yes Indeedee!|Trick|p2a: Goodra
|-activate|p1a: Yes Indeedee!|move: Trick|[of] p2a: Goodra
|-item|p2a: Goodra|Leftovers|[from] move: Trick
|-item|p1a: Yes Indeedee!|Assault Vest|[from] move: Trick
|move|p2a: Goodra|Heavy Slam|p1a: Yes Indeedee!
|-supereffective|p1a: Yes Indeedee!
|-damage|p1a: Yes Indeedee!|0 fnt
|faint|p1a: Yes Indeedee!
|
|upkeep
|
|t:|1779813744
|switch|p1a: Elon Tusk|Great Tusk|61/100
|turn|14
|
|t:|1779813750
|switch|p2a: Corviknight|Corviknight, M|100/100
|move|p1a: Elon Tusk|Close Combat|p2a: Corviknight
|-damage|p2a: Corviknight|61/100
|-unboost|p1a: Elon Tusk|def|1
|-unboost|p1a: Elon Tusk|spd|1
|-damage|p1a: Elon Tusk|45/100|[from] item: Rocky Helmet|[of] p2a: Corviknight
|
|upkeep
|turn|15
|
|t:|1779813759
|-end|p1a: Elon Tusk|Protosynthesis|[silent]
|switch|p1a: Princess Pech|Pecharunt|100/100
|move|p2a: Corviknight|U-turn|p1a: Princess Pech
|-resisted|p1a: Princess Pech
|-damage|p1a: Princess Pech|99/100
|-damage|p2a: Corviknight|44/100|[from] item: Rocky Helmet|[of] p1a: Princess Pech
|
|t:|1779813772
|switch|p2a: Politoed|Politoed, M|100/100|[from] U-turn
|-weather|RainDance|[from] ability: Drizzle|[of] p2a: Politoed
|
|-weather|RainDance|[upkeep]
|upkeep
|turn|16
|
|t:|1779813777
|move|p1a: Princess Pech|Malignant Chain|p2a: Politoed
|-damage|p2a: Politoed|75/100
|move|p2a: Politoed|Weather Ball|p1a: Princess Pech
|-damage|p1a: Princess Pech|41/100
|
|-weather|RainDance|[upkeep]
|-fieldend|move: Psychic Terrain
|upkeep
|turn|17
|
|t:|1779813789
|switch|p1a: Pon de Replay|Ogerpon-Wellspring, F|100/100
|switch|p2a: Kingdra|Kingdra, M, shiny|100/100
|
|-weather|RainDance|[upkeep]
|upkeep
|turn|18
|
|t:|1779813800
|move|p2a: Kingdra|Hurricane|p1a: Pon de Replay
|-supereffective|p1a: Pon de Replay
|-damage|p1a: Pon de Replay|0 fnt
|faint|p1a: Pon de Replay
|-damage|p2a: Kingdra|91/100|[from] item: Life Orb
|
|-weather|RainDance|[upkeep]
|upkeep
|
|t:|1779813811
|switch|p1a: Princess Pech|Pecharunt|41/100
|turn|19
|
|t:|1779813815
|move|p2a: Kingdra|Weather Ball|p1a: Princess Pech
|-damage|p1a: Princess Pech|0 fnt
|faint|p1a: Princess Pech
|-damage|p2a: Kingdra|81/100|[from] item: Life Orb
|
|-weather|RainDance|[upkeep]
|upkeep
|-message|jetleiroi forfeited.
|
|win|MrJaviABC123
|raw|jetleiroi's rating: 1366 &rarr; <strong>1345</strong><br />(-21 for losing)
|raw|MrJaviABC123's rating: 1352 &rarr; <strong>1373</strong><br />(+21 for winning)
|l|☆jetleiroi
|player|p1|
|l|☆MrJaviABC123
|player|p2|
