|j|☆Scepticskep
|j|☆zamrod0303
|t:|1779845716
|gametype|singles
|player|p1|Scepticskep|pokemaniac|1498
|player|p2|zamrod0303|swimmerf|1506
|gen|9
|tier|[Gen 9] OU
|rated|
|rule|HP Percentage Mod: HP is shown in percentages
|rule|Endless Battle Clause: Forcing endless battles is banned
|rule|Species Clause: Limit one of each Pokémon
|rule|OHKO Clause: OHKO moves are banned
|rule|Evasion Items Clause: Evasion items are banned
|rule|Evasion Moves Clause: Evasion moves are banned
|rule|Evasion Abilities Clause: Evasion abilities are banned
|rule|Sleep Moves Clause: Sleep-inducing moves are banned
|clearpoke
|poke|p1|Cramorant, F|
|poke|p1|Kingambit, F|
|poke|p1|Iron Moth|
|poke|p1|Enamorus, F|
|poke|p1|Great Tusk|
|poke|p1|Ceruledge, M|
|poke|p2|Hatterene, F|
|poke|p2|Torkoal, F|
|poke|p2|Great Tusk|
|poke|p2|Slither Wing|
|poke|p2|Iron Moth|
|poke|p2|Walking Wake|
|teampreview
|inactive|Battle timer is ON: inactive players will automatically lose when time's up. (requested by Scepticskep)
|
|t:|1779845744
|teamsize|p1|6
|teamsize|p2|6
|start
|switch|p1a: Enamorus|Enamorus, F|100/100
|switch|p2a: Torkoal|Torkoal, F|100/100
|-weather|SunnyDay|[from] ability: Drought|[of] p2a: Torkoal
|turn|1
|
|t:|1779845759
|switch|p2a: Hatterene|Hatterene, F|100/100
|move|p1a: Enamorus|Earth Power|p2a: Hatterene
|-damage|p2a: Hatterene|68/100
|-enditem|p2a: Hatterene|Eject Button
|
|t:|1779845766
|switch|p2a: Walking Wake|Walking Wake|100/100
|-activate|p2a: Walking Wake|ability: Protosynthesis
|-start|p2a: Walking Wake|protosynthesisspa
|
|-weather|SunnyDay|[upkeep]
|upkeep
|turn|2
|
|t:|1779845768
|move|p2a: Walking Wake|Hydro Steam|p1a: Enamorus
|-enditem|p1a: Enamorus|Focus Sash
|-damage|p1a: Enamorus|1/100
|move|p1a: Enamorus|Moonblast|p2a: Walking Wake
|-supereffective|p2a: Walking Wake
|-damage|p2a: Walking Wake|0 fnt
|faint|p2a: Walking Wake
|-end|p2a: Walking Wake|Protosynthesis|[silent]
|
|-weather|SunnyDay|[upkeep]
|upkeep
|
|t:|1779845782
|switch|p2a: Iron Moth|Iron Moth|100/100
|-enditem|p2a: Iron Moth|Booster Energy
|-activate|p2a: Iron Moth|ability: Quark Drive|[fromitem]
|-start|p2a: Iron Moth|quarkdrivespe
|turn|3
|
|t:|1779845785
|move|p2a: Iron Moth|Fiery Dance|p1a: Enamorus
|-damage|p1a: Enamorus|0 fnt
|-boost|p2a: Iron Moth|spa|1
|faint|p1a: Enamorus
|
|-weather|SunnyDay|[upkeep]
|upkeep
|
|t:|1779845789
|switch|p1a: Cramorant|Cramorant, F, shiny|100/100
|turn|4
|
|t:|1779845796
|move|p2a: Iron Moth|Sludge Wave|p1a: Cramorant
|-damage|p1a: Cramorant|2/100
|move|p1a: Cramorant|Tailwind|p1a: Cramorant
|-sidestart|p1: Scepticskep|move: Tailwind
|
|-weather|SunnyDay|[upkeep]
|upkeep
|turn|5
|
|t:|1779845803
|move|p1a: Cramorant|Surf|p2a: Iron Moth
|-formechange|p1a: Cramorant|Cramorant-Gorging|
|-supereffective|p2a: Iron Moth
|-damage|p2a: Iron Moth|66/100
|move|p2a: Iron Moth|Substitute|p2a: Iron Moth
|-start|p2a: Iron Moth|Substitute
|-damage|p2a: Iron Moth|41/100
|
|-weather|SunnyDay|[upkeep]
|upkeep
|turn|6
|
|t:|1779845809
|move|p1a: Cramorant|Surf|p2a: Iron Moth
|-supereffective|p2a: Iron Moth
|-end|p2a: Iron Moth|Substitute
|move|p2a: Iron Moth|Fiery Dance|p1a: Cramorant
|-resisted|p1a: Cramorant
|-damage|p1a: Cramorant|0 fnt
|-damage|p2a: Iron Moth|16/100|[from] ability: Gulp Missile|[of] p1a: Cramorant
|-status|p2a: Iron Moth|par
|-formechange|p1a: Cramorant|Cramorant|
|faint|p1a: Cramorant
|
|-weather|SunnyDay|[upkeep]
|upkeep
|
|t:|1779845815
|switch|p1a: Iron Moth|Iron Moth|100/100
|-enditem|p1a: Iron Moth|Booster Energy
|-activate|p1a: Iron Moth|ability: Quark Drive|[fromitem]
|-start|p1a: Iron Moth|quarkdrivespe
|turn|7
|
|t:|1779845818
|move|p1a: Iron Moth|Fiery Dance|p2a: Iron Moth
|-resisted|p2a: Iron Moth
|-crit|p2a: Iron Moth
|-damage|p2a: Iron Moth|0 fnt
|faint|p2a: Iron Moth
|-end|p2a: Iron Moth|Quark Drive|[silent]
|
|-weather|SunnyDay|[upkeep]
|-sideend|p1: Scepticskep|move: Tailwind
|upkeep
|-message|zamrod0303 forfeited.
|
|win|Scepticskep
|raw|Scepticskep's rating: 1498 &rarr; <strong>1518</strong><br />(+20 for winning)
|raw|zamrod0303's rating: 1506 &rarr; <strong>1486</strong><br />(-20 for losing)
|l|☆zamrod0303
|player|p2|
