|j|☆RedemptiveSketch
|j|☆zg4h11
|t:|1779970991
|gametype|singles
|player|p1|RedemptiveSketch|boarder-gen2|1690
|player|p2|zg4h11|265|1706
|gen|9
|tier|[Gen 9] OU
|rated|
|rule|HP Percentage Mod: HP is shown in percentages
|rule|Endless Battle Clause: Forcing endless battles is banned
|rule|Species Clause: Limit one of each Pokémon
|rule|OHKO Clause: OHKO moves are banned
|rule|Evasion Items Clause: Evasion items are banned
|rule|Evasion Moves Clause: Evasion moves are banned
|rule|Evasion Abilities Clause: Evasion abilities are banned
|rule|Sleep Moves Clause: Sleep-inducing moves are banned
|clearpoke
|poke|p1|Shiftry, M|
|poke|p1|Ninetales, M|
|poke|p1|Great Tusk|
|poke|p1|Hatterene, F|
|poke|p1|Walking Wake|
|poke|p1|Rillaboom, F|
|poke|p2|Tyranitar, M|
|poke|p2|Excadrill, M|
|poke|p2|Iron Valiant|
|poke|p2|Dragapult, F|
|poke|p2|Zapdos|
|poke|p2|Hatterene, F|
|teampreview
|inactive|Battle timer is ON: inactive players will automatically lose when time's up. (requested by RedemptiveSketch)
|
|t:|1779971012
|teamsize|p1|6
|teamsize|p2|6
|start
|switch|p1a: Rillaboom|Rillaboom, F|100/100
|switch|p2a: Zapdos|Zapdos|100/100
|-fieldstart|move: Grassy Terrain|[from] ability: Grassy Surge|[of] p1a: Rillaboom
|turn|1
|
|t:|1779971018
|switch|p1a: Hatterene|Hatterene, F|100/100
|move|p2a: Zapdos|Hurricane|p1a: Hatterene
|-damage|p1a: Hatterene|39/100
|-enditem|p1a: Hatterene|Eject Button
|
|t:|1779971024
|switch|p1a: Ninetales|Ninetales, M|100/100
|-weather|SunnyDay|[from] ability: Drought|[of] p1a: Ninetales
|
|-weather|SunnyDay|[upkeep]
|upkeep
|turn|2
|
|t:|1779971039
|switch|p1a: Great Tusk|Great Tusk|100/100
|-activate|p1a: Great Tusk|ability: Protosynthesis
|-start|p1a: Great Tusk|protosynthesisspe
|move|p2a: Zapdos|Volt Switch|p1a: Great Tusk
|-immune|p1a: Great Tusk
|
|-weather|SunnyDay|[upkeep]
|upkeep
|turn|3
|
|t:|1779971049
|move|p1a: Great Tusk|Ice Spinner|p2a: Zapdos
|-supereffective|p2a: Zapdos
|-damage|p2a: Zapdos|49/100
|-fieldend|move: Grassy Terrain
|move|p2a: Zapdos|Heat Wave|p1a: Great Tusk
|-damage|p1a: Great Tusk|36/100
|
|-weather|SunnyDay|[upkeep]
|upkeep
|turn|4
|
|t:|1779971056
|move|p1a: Great Tusk|Ice Spinner|p2a: Zapdos
|-supereffective|p2a: Zapdos
|-damage|p2a: Zapdos|0 fnt
|faint|p2a: Zapdos
|
|-weather|SunnyDay|[upkeep]
|upkeep
|
|t:|1779971062
|switch|p2a: Iron Valiant|Iron Valiant, shiny|100/100
|turn|5
|
|t:|1779971069
|-end|p1a: Great Tusk|Protosynthesis|[silent]
|switch|p1a: Hatterene|Hatterene, F|39/100
|move|p2a: Iron Valiant|Vacuum Wave|p1a: Hatterene
|-resisted|p1a: Hatterene
|-damage|p1a: Hatterene|30/100
|
|-weather|SunnyDay|[upkeep]
|upkeep
|turn|6
|
|t:|1779971076
|-end|p2a: Iron Valiant|Quark Drive|[silent]
|switch|p2a: Tyranitar|Tyranitar, M, shiny|100/100
|-weather|Sandstorm|[from] ability: Sand Stream|[of] p2a: Tyranitar
|move|p1a: Hatterene|Nuzzle|p2a: Tyranitar
|-damage|p2a: Tyranitar|97/100
|-status|p2a: Tyranitar|par
|
|-weather|Sandstorm|[upkeep]
|-damage|p1a: Hatterene|24/100|[from] Sandstorm
|upkeep
|turn|7
|
|t:|1779971089
|switch|p2a: Excadrill|Excadrill, M, shiny|100/100
|move|p1a: Hatterene|Dazzling Gleam|p2a: Excadrill
|-resisted|p2a: Excadrill
|-damage|p2a: Excadrill|76/100
|
|-weather|Sandstorm|[upkeep]
|-damage|p1a: Hatterene|18/100|[from] Sandstorm
|-heal|p2a: Excadrill|82/100|[from] item: Leftovers
|upkeep
|turn|8
|
|t:|1779971102
|move|p2a: Excadrill|Earthquake|p1a: Hatterene
|-damage|p1a: Hatterene|0 fnt
|faint|p1a: Hatterene
|
|-weather|Sandstorm|[upkeep]
|-heal|p2a: Excadrill|88/100|[from] item: Leftovers
|upkeep
|
|t:|1779971104
|switch|p1a: Rillaboom|Rillaboom, F|100/100
|-fieldstart|move: Grassy Terrain|[from] ability: Grassy Surge|[of] p1a: Rillaboom
|turn|9
|
|t:|1779971112
|switch|p2a: Hatterene|Hatterene, F|100/100
|move|p1a: Rillaboom|Knock Off|p2a: Hatterene
|-damage|p2a: Hatterene|73/100
|-damage|p1a: Rillaboom|84/100|[from] item: Rocky Helmet|[of] p2a: Hatterene
|-enditem|p2a: Hatterene|Rocky Helmet|[from] move: Knock Off|[of] p1a: Rillaboom
|
|-weather|Sandstorm|[upkeep]
|-damage|p1a: Rillaboom|78/100|[from] Sandstorm
|-damage|p2a: Hatterene|67/100|[from] Sandstorm
|-heal|p1a: Rillaboom|84/100|[from] Grassy Terrain
|-heal|p2a: Hatterene|73/100|[from] Grassy Terrain
|upkeep
|turn|10
|
|t:|1779971123
|move|p1a: Rillaboom|Wood Hammer|p2a: Hatterene
|-damage|p2a: Hatterene|2/100
|-damage|p1a: Rillaboom|63/100|[from] Recoil
|move|p2a: Hatterene|Future Sight|p1a: Rillaboom
|-start|p2a: Hatterene|move: Future Sight
|
|-weather|Sandstorm|[upkeep]
|-damage|p1a: Rillaboom|57/100|[from] Sandstorm
|-damage|p2a: Hatterene|0 fnt|[from] Sandstorm
|faint|p2a: Hatterene
|-heal|p1a: Rillaboom|63/100|[from] Grassy Terrain
|upkeep
|
|t:|1779971134
|switch|p2a: Dragapult|Dragapult, F|100/100
|turn|11
|
|t:|1779971137
|move|p2a: Dragapult|U-turn|p1a: Rillaboom
|-supereffective|p1a: Rillaboom
|-damage|p1a: Rillaboom|17/100
|
|t:|1779971141
|switch|p2a: Tyranitar|Tyranitar, M, shiny|97/100 par|[from] U-turn
|move|p1a: Rillaboom|Knock Off|p2a: Tyranitar
|-resisted|p2a: Tyranitar
|-damage|p2a: Tyranitar|79/100 par
|-enditem|p2a: Tyranitar|Smooth Rock|[from] move: Knock Off|[of] p1a: Rillaboom
|
|-weather|Sandstorm|[upkeep]
|-damage|p1a: Rillaboom|11/100|[from] Sandstorm
|-heal|p1a: Rillaboom|17/100|[from] Grassy Terrain
|-heal|p2a: Tyranitar|86/100 par|[from] Grassy Terrain
|upkeep
|turn|12
|
|t:|1779971152
|move|p1a: Rillaboom|U-turn|p2a: Tyranitar
|-supereffective|p2a: Tyranitar
|-damage|p2a: Tyranitar|35/100 par
|
|t:|1779971161
|switch|p1a: Great Tusk|Great Tusk|36/100|[from] U-turn
|move|p2a: Tyranitar|Ice Punch|p1a: Great Tusk
|-supereffective|p1a: Great Tusk
|-damage|p1a: Great Tusk|0 fnt
|-damage|p2a: Tyranitar|18/100 par|[from] item: Rocky Helmet|[of] p1a: Great Tusk
|faint|p1a: Great Tusk
|-end|p1a: Great Tusk|Protosynthesis|[silent]
|
|-weather|Sandstorm|[upkeep]
|-hint|Future Sight did not hit because the target is fainted.
|-heal|p2a: Tyranitar|24/100 par|[from] Grassy Terrain
|upkeep
|
|t:|1779971174
|switch|p1a: Walking Wake|Walking Wake|100/100
|turn|13
|
|t:|1779971184
|switch|p2a: Iron Valiant|Iron Valiant, shiny|100/100
|move|p1a: Walking Wake|Flip Turn|p2a: Iron Valiant
|-damage|p2a: Iron Valiant|79/100
|
|t:|1779971191
|-end|p1a: Walking Wake|Protosynthesis|[silent]
|switch|p1a: Ninetales|Ninetales, M|100/100|[from] Flip Turn
|-weather|SunnyDay|[from] ability: Drought|[of] p1a: Ninetales
|
|-weather|SunnyDay|[upkeep]
|-heal|p2a: Iron Valiant|86/100|[from] Grassy Terrain
|-fieldend|move: Grassy Terrain
|upkeep
|turn|14
|
|t:|1779971198
|move|p2a: Iron Valiant|Moonblast|p1a: Ninetales
|-resisted|p1a: Ninetales
|-damage|p1a: Ninetales|64/100
|-unboost|p1a: Ninetales|spa|1
|move|p1a: Ninetales|Overheat|p2a: Iron Valiant
|-damage|p2a: Iron Valiant|20/100
|-unboost|p1a: Ninetales|spa|2
|
|-weather|SunnyDay|[upkeep]
|upkeep
|turn|15
|
|t:|1779971209
|move|p2a: Iron Valiant|Moonblast|p1a: Ninetales
|-resisted|p1a: Ninetales
|-damage|p1a: Ninetales|31/100
|move|p1a: Ninetales|Overheat|p2a: Iron Valiant
|-damage|p2a: Iron Valiant|0 fnt
|-unboost|p1a: Ninetales|spa|2
|faint|p2a: Iron Valiant
|-end|p2a: Iron Valiant|Quark Drive|[silent]
|
|-weather|SunnyDay|[upkeep]
|upkeep
|
|t:|1779971219
|switch|p2a: Dragapult|Dragapult, F|100/100
|turn|16
|
|t:|1779971224
|switch|p1a: Rillaboom|Rillaboom, F|17/100
|-fieldstart|move: Grassy Terrain|[from] ability: Grassy Surge|[of] p1a: Rillaboom
|move|p2a: Dragapult|Dragon Darts|p1a: Rillaboom
|-damage|p1a: Rillaboom|0 fnt
|faint|p1a: Rillaboom
|
|-weather|SunnyDay|[upkeep]
|upkeep
|
|t:|1779971228
|switch|p1a: Shiftry|Shiftry, M|100/100
|turn|17
|inactive|RedemptiveSketch has 120 seconds left.
|
|t:|1779971265
|move|p1a: Shiftry|Knock Off|p2a: Dragapult
|-supereffective|p2a: Dragapult
|-damage|p2a: Dragapult|0 fnt
|-enditem|p2a: Dragapult|Heavy-Duty Boots|[from] move: Knock Off|[of] p1a: Shiftry
|faint|p2a: Dragapult
|-damage|p1a: Shiftry|91/100|[from] item: Life Orb
|
|-weather|SunnyDay|[upkeep]
|-heal|p1a: Shiftry|97/100|[from] Grassy Terrain
|upkeep
|
|t:|1779971273
|switch|p2a: Tyranitar|Tyranitar, M, shiny|24/100 par
|-weather|Sandstorm|[from] ability: Sand Stream|[of] p2a: Tyranitar
|turn|18
|
|t:|1779971277
|move|p1a: Shiftry|Solar Beam||[still]
|-prepare|p1a: Shiftry|Solar Beam
|move|p2a: Tyranitar|Low Kick|p1a: Shiftry
|-supereffective|p1a: Shiftry
|-damage|p1a: Shiftry|0 fnt
|faint|p1a: Shiftry
|
|-weather|Sandstorm|[upkeep]
|-heal|p2a: Tyranitar|30/100 par|[from] Grassy Terrain
|upkeep
|
|t:|1779971282
|switch|p1a: Ninetales|Ninetales, M|31/100
|-weather|SunnyDay|[from] ability: Drought|[of] p1a: Ninetales
|turn|19
|
|t:|1779971296
|switch|p1a: Walking Wake|Walking Wake|100/100
|-activate|p1a: Walking Wake|ability: Protosynthesis
|-start|p1a: Walking Wake|protosynthesisspa
|switch|p2a: Excadrill|Excadrill, M, shiny|88/100
|
|-weather|SunnyDay|[upkeep]
|-heal|p2a: Excadrill|94/100|[from] Grassy Terrain
|-heal|p2a: Excadrill|99/100|[from] item: Leftovers
|upkeep
|turn|20
|
|t:|1779971310
|switch|p2a: Tyranitar|Tyranitar, M, shiny|30/100 par
|-weather|Sandstorm|[from] ability: Sand Stream|[of] p2a: Tyranitar
|-end|p1a: Walking Wake|Protosynthesis
|move|p1a: Walking Wake|Hydro Steam|p2a: Tyranitar
|-supereffective|p2a: Tyranitar
|-damage|p2a: Tyranitar|0 fnt
|faint|p2a: Tyranitar
|
|-weather|Sandstorm|[upkeep]
|-damage|p1a: Walking Wake|94/100|[from] Sandstorm
|-heal|p1a: Walking Wake|100/100|[from] Grassy Terrain
|-fieldend|move: Grassy Terrain
|upkeep
|
|t:|1779971321
|switch|p2a: Excadrill|Excadrill, M, shiny|99/100
|turn|21
|
|t:|1779971330
|-terastallize|p2a: Excadrill|Ground
|-terastallize|p1a: Walking Wake|Water
|move|p2a: Excadrill|Earthquake|p1a: Walking Wake
|-damage|p1a: Walking Wake|10/100
|move|p1a: Walking Wake|Hydro Steam|p2a: Excadrill
|-supereffective|p2a: Excadrill
|-damage|p2a: Excadrill|0 fnt
|faint|p2a: Excadrill
|
|win|RedemptiveSketch
|raw|RedemptiveSketch's rating: 1690 &rarr; <strong>1711</strong><br />(+21 for winning)
|raw|zg4h11's rating: 1706 &rarr; <strong>1685</strong><br />(-21 for losing)
|l|☆RedemptiveSketch
|player|p1|
