|j|☆phyism
|j|☆Linkinfernodouglas
|t:|1779906200
|gametype|singles
|player|p1|phyism|ingo|1399
|player|p2|Linkinfernodouglas|roark|1382
|gen|9
|tier|[Gen 9] OU
|rated|
|rule|HP Percentage Mod: HP is shown in percentages
|rule|Endless Battle Clause: Forcing endless battles is banned
|rule|Species Clause: Limit one of each Pokémon
|rule|OHKO Clause: OHKO moves are banned
|rule|Evasion Items Clause: Evasion items are banned
|rule|Evasion Moves Clause: Evasion moves are banned
|rule|Evasion Abilities Clause: Evasion abilities are banned
|rule|Sleep Moves Clause: Sleep-inducing moves are banned
|clearpoke
|poke|p1|Charizard, F|
|poke|p1|Torkoal, M|
|poke|p1|Great Tusk|
|poke|p1|Walking Wake|
|poke|p1|Hatterene, F|
|poke|p1|Slither Wing|
|poke|p2|Regieleki|
|poke|p2|Ting-Lu|
|poke|p2|Kyurem|
|poke|p2|Kingambit, F|
|poke|p2|Garganacl, F|
|poke|p2|Moltres|
|teampreview
|inactive|Battle timer is ON: inactive players will automatically lose when time's up. (requested by phyism)
|
|t:|1779906238
|teamsize|p1|6
|teamsize|p2|6
|start
|switch|p1a: Great Tusk|Great Tusk|100/100
|switch|p2a: Ting-Lu|Ting-Lu|100/100
|-ability|p2a: Ting-Lu|Vessel of Ruin
|turn|1
|
|t:|1779906246
|switch|p2a: Moltres|Moltres|100/100
|move|p1a: Great Tusk|Body Press|p2a: Moltres
|-resisted|p2a: Moltres
|-damage|p2a: Moltres|87/100
|-status|p1a: Great Tusk|brn|[from] ability: Flame Body|[of] p2a: Moltres
|
|-damage|p1a: Great Tusk|94/100 brn|[from] brn
|upkeep
|turn|2
|
|t:|1779906281
|-end|p1a: Great Tusk|Protosynthesis|[silent]
|switch|p1a: Torkoal|Torkoal, M|100/100
|-weather|SunnyDay|[from] ability: Drought|[of] p1a: Torkoal
|move|p2a: Moltres|U-turn|p1a: Torkoal
|-resisted|p1a: Torkoal
|-damage|p1a: Torkoal|97/100
|inactive|Linkinfernodouglas has 120 seconds left.
|
|t:|1779906292
|switch|p2a: Ting-Lu|Ting-Lu|100/100|[from] U-turn
|-ability|p2a: Ting-Lu|Vessel of Ruin
|
|-weather|SunnyDay|[upkeep]
|upkeep
|turn|3
|
|t:|1779906298
|switch|p1a: Slither Wing|Slither Wing|100/100
|-activate|p1a: Slither Wing|ability: Protosynthesis
|-start|p1a: Slither Wing|protosynthesisatk
|move|p2a: Ting-Lu|Earthquake|p1a: Slither Wing
|-resisted|p1a: Slither Wing
|-damage|p1a: Slither Wing|70/100
|
|-weather|SunnyDay|[upkeep]
|upkeep
|turn|4
|
|t:|1779906309
|switch|p2a: Moltres|Moltres|87/100
|move|p1a: Slither Wing|U-turn|p2a: Moltres
|-resisted|p2a: Moltres
|-damage|p2a: Moltres|78/100
|
|t:|1779906312
|-end|p1a: Slither Wing|Protosynthesis|[silent]
|switch|p1a: Charizard|Charizard, F, shiny|100/100|[from] U-turn
|
|-weather|SunnyDay|[upkeep]
|-damage|p1a: Charizard|88/100|[from] ability: Solar Power|[of] p1a: Charizard
|upkeep
|turn|5
|
|t:|1779906319
|switch|p2a: Garganacl|Garganacl, F|100/100
|-terastallize|p1a: Charizard|Fire
|move|p1a: Charizard|Overheat|p2a: Garganacl
|-resisted|p2a: Garganacl
|-damage|p2a: Garganacl|3/100
|-unboost|p1a: Charizard|spa|2
|
|-weather|SunnyDay|[upkeep]
|-damage|p1a: Charizard|76/100|[from] ability: Solar Power|[of] p1a: Charizard
|upkeep
|turn|6
|
|t:|1779906334
|move|p1a: Charizard|Overheat|p2a: Garganacl
|-resisted|p2a: Garganacl
|-damage|p2a: Garganacl|0 fnt
|-unboost|p1a: Charizard|spa|2
|faint|p2a: Garganacl
|
|-weather|SunnyDay|[upkeep]
|-damage|p1a: Charizard|63/100|[from] ability: Solar Power|[of] p1a: Charizard
|upkeep
|
|t:|1779906346
|switch|p2a: Regieleki|Regieleki|100/100
|turn|7
|
|t:|1779906356
|switch|p1a: Hatterene|Hatterene, F|100/100
|move|p2a: Regieleki|Thunderbolt|p1a: Hatterene
|-damage|p1a: Hatterene|46/100
|-enditem|p1a: Hatterene|Eject Button
|
|t:|1779906358
|switch|p1a: Slither Wing|Slither Wing|70/100
|-activate|p1a: Slither Wing|ability: Protosynthesis
|-start|p1a: Slither Wing|protosynthesisatk
|
|-weather|SunnyDay|[upkeep]
|upkeep
|turn|8
|
|t:|1779906374
|move|p2a: Regieleki|Thunderbolt|p1a: Slither Wing
|-crit|p1a: Slither Wing
|-damage|p1a: Slither Wing|15/100
|move|p1a: Slither Wing|U-turn|p2a: Regieleki
|-damage|p2a: Regieleki|0 fnt
|faint|p2a: Regieleki
|
|t:|1779906378
|-end|p1a: Slither Wing|Protosynthesis|[silent]
|switch|p1a: Charizard|Charizard, F, shiny, tera:Fire|63/100|[from] U-turn
|
|-weather|SunnyDay|[upkeep]
|-damage|p1a: Charizard|51/100|[from] ability: Solar Power|[of] p1a: Charizard
|upkeep
|
|t:|1779906388
|switch|p2a: Ting-Lu|Ting-Lu|100/100
|-ability|p2a: Ting-Lu|Vessel of Ruin
|turn|9
|
|t:|1779906395
|-terastallize|p2a: Ting-Lu|Water
|move|p1a: Charizard|Overheat|p2a: Ting-Lu
|-resisted|p2a: Ting-Lu
|-damage|p2a: Ting-Lu|24/100
|-unboost|p1a: Charizard|spa|2
|move|p2a: Ting-Lu|Payback|p1a: Charizard
|-damage|p1a: Charizard|0 fnt
|faint|p1a: Charizard
|
|-weather|none
|upkeep
|
|t:|1779906402
|switch|p1a: Torkoal|Torkoal, M|97/100
|-weather|SunnyDay|[from] ability: Drought|[of] p1a: Torkoal
|turn|10
|
|t:|1779906410
|move|p2a: Ting-Lu|Earthquake|p1a: Torkoal
|-supereffective|p1a: Torkoal
|-damage|p1a: Torkoal|47/100
|move|p1a: Torkoal|Body Press|p2a: Ting-Lu
|-damage|p2a: Ting-Lu|7/100
|
|-weather|SunnyDay|[upkeep]
|upkeep
|turn|11
|
|t:|1779906426
|switch|p1a: Hatterene|Hatterene, F|46/100
|move|p2a: Ting-Lu|Earthquake|p1a: Hatterene
|-damage|p1a: Hatterene|9/100
|
|-weather|SunnyDay|[upkeep]
|upkeep
|turn|12
|
|t:|1779906446
|move|p2a: Ting-Lu|Earthquake|p1a: Hatterene
|-damage|p1a: Hatterene|0 fnt
|faint|p1a: Hatterene
|
|-weather|SunnyDay|[upkeep]
|upkeep
|
|t:|1779906449
|switch|p1a: Slither Wing|Slither Wing|15/100
|-activate|p1a: Slither Wing|ability: Protosynthesis
|-start|p1a: Slither Wing|protosynthesisatk
|turn|13
|
|t:|1779906461
|move|p1a: Slither Wing|U-turn|p2a: Ting-Lu
|-damage|p2a: Ting-Lu|0 fnt
|faint|p2a: Ting-Lu
|
|t:|1779906462
|-end|p1a: Slither Wing|Protosynthesis|[silent]
|switch|p1a: Walking Wake|Walking Wake|100/100|[from] U-turn
|-activate|p1a: Walking Wake|ability: Protosynthesis
|-start|p1a: Walking Wake|protosynthesisspe
|
|-weather|SunnyDay|[upkeep]
|upkeep
|
|t:|1779906475
|switch|p2a: Kingambit|Kingambit, F|100/100
|-activate|p2a: Kingambit|ability: Supreme Overlord
|-start|p2a: Kingambit|fallen3|[silent]
|turn|14
|
|t:|1779906481
|move|p2a: Kingambit|Sucker Punch|p1a: Walking Wake
|-damage|p1a: Walking Wake|43/100
|move|p1a: Walking Wake|Weather Ball|p2a: Kingambit
|-supereffective|p2a: Kingambit
|-damage|p2a: Kingambit|0 fnt
|faint|p2a: Kingambit
|-end|p2a: Kingambit|fallen3|[silent]
|
|-weather|SunnyDay|[upkeep]
|upkeep
|
|t:|1779906494
|switch|p2a: Moltres|Moltres|78/100
|turn|15
|
|t:|1779906508
|-end|p1a: Walking Wake|Protosynthesis|[silent]
|switch|p1a: Slither Wing|Slither Wing|15/100
|-activate|p1a: Slither Wing|ability: Protosynthesis
|-start|p1a: Slither Wing|protosynthesisatk
|move|p2a: Moltres|Roost|p2a: Moltres
|-heal|p2a: Moltres|100/100
|-singleturn|p2a: Moltres|move: Roost
|
|-weather|SunnyDay|[upkeep]
|upkeep
|turn|16
|
|t:|1779906515
|move|p1a: Slither Wing|First Impression|p2a: Moltres
|-resisted|p2a: Moltres
|-damage|p2a: Moltres|89/100
|-status|p1a: Slither Wing|brn|[from] ability: Flame Body|[of] p2a: Moltres
|move|p2a: Moltres|Flamethrower|p1a: Slither Wing
|-supereffective|p1a: Slither Wing
|-damage|p1a: Slither Wing|0 fnt
|faint|p1a: Slither Wing
|-end|p1a: Slither Wing|Protosynthesis|[silent]
|
|-weather|SunnyDay|[upkeep]
|upkeep
|
|t:|1779906519
|switch|p1a: Walking Wake|Walking Wake|43/100
|-activate|p1a: Walking Wake|ability: Protosynthesis
|-start|p1a: Walking Wake|protosynthesisspe
|turn|17
|
|t:|1779906533
|move|p1a: Walking Wake|Draco Meteor|p2a: Moltres|[miss]
|-miss|p1a: Walking Wake|p2a: Moltres
|move|p2a: Moltres|Flamethrower|p1a: Walking Wake
|-resisted|p1a: Walking Wake
|-damage|p1a: Walking Wake|27/100
|
|-weather|none
|-end|p1a: Walking Wake|Protosynthesis
|upkeep
|turn|18
|
|t:|1779906544
|-end|p1a: Walking Wake|Protosynthesis|[silent]
|switch|p1a: Torkoal|Torkoal, M|47/100
|-weather|SunnyDay|[from] ability: Drought|[of] p1a: Torkoal
|move|p2a: Moltres|Flamethrower|p1a: Torkoal
|-resisted|p1a: Torkoal
|-damage|p1a: Torkoal|12/100
|
|-weather|SunnyDay|[upkeep]
|upkeep
|turn|19
|
|t:|1779906553
|switch|p1a: Great Tusk|Great Tusk|94/100 brn
|-activate|p1a: Great Tusk|ability: Protosynthesis
|-start|p1a: Great Tusk|protosynthesisdef
|move|p2a: Moltres|Flamethrower|p1a: Great Tusk
|-damage|p1a: Great Tusk|20/100 brn
|
|-weather|SunnyDay|[upkeep]
|-damage|p1a: Great Tusk|14/100 brn|[from] brn
|upkeep
|turn|20
|
|t:|1779906563
|move|p2a: Moltres|Flamethrower|p1a: Great Tusk
|-damage|p1a: Great Tusk|0 fnt
|faint|p1a: Great Tusk
|-end|p1a: Great Tusk|Protosynthesis|[silent]
|
|-weather|SunnyDay|[upkeep]
|upkeep
|
|t:|1779906565
|switch|p1a: Walking Wake|Walking Wake|27/100
|-activate|p1a: Walking Wake|ability: Protosynthesis
|-start|p1a: Walking Wake|protosynthesisspe
|turn|21
|
|t:|1779906567
|move|p1a: Walking Wake|Hydro Steam|p2a: Moltres
|-supereffective|p2a: Moltres
|-damage|p2a: Moltres|0 fnt
|faint|p2a: Moltres
|
|-weather|SunnyDay|[upkeep]
|upkeep
|
|t:|1779906573
|switch|p2a: Kyurem|Kyurem|100/100
|-ability|p2a: Kyurem|Pressure
|turn|22
|
|t:|1779906582
|-end|p1a: Walking Wake|Protosynthesis|[silent]
|switch|p1a: Torkoal|Torkoal, M|12/100
|move|p2a: Kyurem|Substitute|p2a: Kyurem
|-start|p2a: Kyurem|Substitute
|-damage|p2a: Kyurem|76/100
|
|-weather|SunnyDay|[upkeep]
|upkeep
|turn|23
|
|t:|1779906589
|move|p2a: Kyurem|Earth Power|p1a: Torkoal
|-supereffective|p1a: Torkoal
|-damage|p1a: Torkoal|0 fnt
|faint|p1a: Torkoal
|
|-weather|SunnyDay|[upkeep]
|upkeep
|
|t:|1779906592
|switch|p1a: Walking Wake|Walking Wake|27/100
|-activate|p1a: Walking Wake|ability: Protosynthesis
|-start|p1a: Walking Wake|protosynthesisspe
|turn|24
|
|t:|1779906597
|move|p1a: Walking Wake|Draco Meteor|p2a: Kyurem
|-supereffective|p2a: Kyurem
|-end|p2a: Kyurem|Substitute
|-unboost|p1a: Walking Wake|spa|2
|move|p2a: Kyurem|Freeze-Dry|p1a: Walking Wake
|-supereffective|p1a: Walking Wake
|-damage|p1a: Walking Wake|0 fnt
|faint|p1a: Walking Wake
|-end|p1a: Walking Wake|Protosynthesis|[silent]
|
|win|Linkinfernodouglas
|raw|phyism's rating: 1399 &rarr; <strong>1378</strong><br />(-21 for losing)
|raw|Linkinfernodouglas's rating: 1382 &rarr; <strong>1403</strong><br />(+21 for winning)
|c|☆Linkinfernodouglas|gg
|c|☆phyism|Gg
