|j|☆davespekkie
|j|☆inluvwithmyex
|t:|1779873688
|gametype|singles
|player|p1|davespekkie|102|1098
|player|p2|inluvwithmyex|volkner|1055
|gen|9
|tier|[Gen 9] OU
|rated|
|rule|HP Percentage Mod: HP is shown in percentages
|rule|Endless Battle Clause: Forcing endless battles is banned
|rule|Species Clause: Limit one of each Pokémon
|rule|OHKO Clause: OHKO moves are banned
|rule|Evasion Items Clause: Evasion items are banned
|rule|Evasion Moves Clause: Evasion moves are banned
|rule|Evasion Abilities Clause: Evasion abilities are banned
|rule|Sleep Moves Clause: Sleep-inducing moves are banned
|clearpoke
|poke|p1|Rotom-Wash|
|poke|p1|Iron Valiant|
|poke|p1|Landorus-Therian, M|
|poke|p1|Copperajah, F|
|poke|p1|Polteageist|
|poke|p1|Mandibuzz, F|
|poke|p2|Cinderace, F|
|poke|p2|Regieleki|
|poke|p2|Kyurem|
|poke|p2|Enamorus, F|
|poke|p2|Sinistcha-Masterpiece|
|poke|p2|Slowking-Galar, M|
|teampreview
|
|t:|1779873700
|teamsize|p1|6
|teamsize|p2|6
|start
|switch|p1a: Copperajah|Copperajah, F|100/100
|switch|p2a: Regieleki|Regieleki|100/100
|turn|1
|
|t:|1779873705
|move|p2a: Regieleki|Volt Switch|p1a: Copperajah
|-damage|p1a: Copperajah|72/100
|
|t:|1779873711
|switch|p2a: Sinistcha|Sinistcha-Masterpiece|100/100|[from] Volt Switch
|move|p1a: Copperajah|Earthquake|p2a: Sinistcha
|-resisted|p2a: Sinistcha
|-damage|p2a: Sinistcha|85/100
|
|upkeep
|turn|2
|inactive|Battle timer is ON: inactive players will automatically lose when time's up. (requested by davespekkie)
|
|t:|1779873722
|switch|p1a: Mandibuzz|Mandibuzz, F|100/100
|move|p2a: Sinistcha|Calm Mind|p2a: Sinistcha
|-boost|p2a: Sinistcha|spa|1
|-boost|p2a: Sinistcha|spd|1
|
|upkeep
|turn|3
|
|t:|1779873728
|switch|p2a: Slowking|Slowking-Galar, M|100/100
|move|p1a: Mandibuzz|Foul Play|p2a: Slowking
|-supereffective|p2a: Slowking
|-damage|p2a: Slowking|67/100
|
|upkeep
|turn|4
|
|t:|1779873738
|move|p1a: Mandibuzz|U-turn|p2a: Slowking
|-damage|p2a: Slowking|56/100
|
|t:|1779873741
|switch|p1a: Landorus|Landorus-Therian, M|100/100|[from] U-turn
|-ability|p1a: Landorus|Intimidate|boost
|-unboost|p2a: Slowking|atk|1
|move|p2a: Slowking|Sludge Bomb|p1a: Landorus
|-resisted|p1a: Landorus
|-damage|p1a: Landorus|81/100
|
|upkeep
|turn|5
|
|t:|1779873749
|switch|p2a: Enamorus|Enamorus, F|100/100
|move|p1a: Landorus|Stealth Rock|p2a: Enamorus
|-sidestart|p2: inluvwithmyex|move: Stealth Rock
|
|upkeep
|turn|6
|
|t:|1779873758
|move|p2a: Enamorus|Agility|p2a: Enamorus
|-boost|p2a: Enamorus|spe|2
|move|p1a: Landorus|U-turn|p2a: Enamorus
|-resisted|p2a: Enamorus
|-damage|p2a: Enamorus|92/100
|-start|p1a: Landorus|Attract|[from] ability: Cute Charm|[of] p2a: Enamorus
|
|t:|1779873772
|switch|p1a: Rotom|Rotom-Wash|100/100|[from] U-turn
|
|upkeep
|turn|7
|
|t:|1779873775
|move|p2a: Enamorus|Taunt|p1a: Rotom
|-start|p1a: Rotom|move: Taunt
|cant|p1a: Rotom|move: Taunt|Will-O-Wisp
|
|upkeep
|turn|8
|
|t:|1779873780
|move|p2a: Enamorus|Mystical Fire|p1a: Rotom
|-resisted|p1a: Rotom
|-damage|p1a: Rotom|85/100
|-unboost|p1a: Rotom|spa|1
|move|p1a: Rotom|Volt Switch|p2a: Enamorus
|-supereffective|p2a: Enamorus
|-damage|p2a: Enamorus|44/100
|
|t:|1779873797
|switch|p1a: Landorus|Landorus-Therian, M|81/100|[from] Volt Switch
|-ability|p1a: Landorus|Intimidate|boost
|-unboost|p2a: Enamorus|atk|1
|
|upkeep
|turn|9
|
|t:|1779873804
|move|p2a: Enamorus|Moonblast|p1a: Landorus
|-damage|p1a: Landorus|16/100
|move|p1a: Landorus|U-turn|p2a: Enamorus
|-resisted|p2a: Enamorus
|-damage|p2a: Enamorus|35/100
|
|t:|1779873811
|switch|p1a: Copperajah|Copperajah, F|72/100|[from] U-turn
|
|upkeep
|turn|10
|
|t:|1779873820
|switch|p2a: Sinistcha|Sinistcha-Masterpiece|85/100
|move|p1a: Copperajah|Heavy Slam|p2a: Sinistcha
|-damage|p2a: Sinistcha|30/100
|
|upkeep
|turn|11
|
|t:|1779873826
|move|p2a: Sinistcha|Strength Sap|p1a: Copperajah
|-unboost|p1a: Copperajah|atk|1
|-heal|p2a: Sinistcha|100/100
|move|p1a: Copperajah|Heavy Slam|p2a: Sinistcha
|-damage|p2a: Sinistcha|63/100
|
|upkeep
|turn|12
|
|t:|1779873838
|switch|p2a: Regieleki|Regieleki|100/100
|move|p1a: Copperajah|Knock Off|p2a: Regieleki
|-damage|p2a: Regieleki|49/100
|-enditem|p2a: Regieleki|Heavy-Duty Boots|[from] move: Knock Off|[of] p1a: Copperajah
|
|upkeep
|turn|13
|
|t:|1779873846
|switch|p2a: Kyurem|Kyurem|100/100
|-damage|p2a: Kyurem|76/100|[from] Stealth Rock
|-ability|p2a: Kyurem|Pressure
|move|p1a: Copperajah|Earthquake|p2a: Kyurem
|-damage|p2a: Kyurem|53/100
|
|-heal|p2a: Kyurem|59/100|[from] item: Leftovers
|upkeep
|turn|14
|inactive|inluvwithmyex has 120 seconds left.
|
|t:|1779873884
|switch|p2a: Sinistcha|Sinistcha-Masterpiece|63/100
|move|p1a: Copperajah|Heavy Slam|p2a: Sinistcha
|-damage|p2a: Sinistcha|27/100
|
|upkeep
|turn|15
|
|t:|1779873890
|move|p2a: Sinistcha|Strength Sap|p1a: Copperajah
|-unboost|p1a: Copperajah|atk|1
|-heal|p2a: Sinistcha|100/100
|move|p1a: Copperajah|Knock Off|p2a: Sinistcha
|-supereffective|p2a: Sinistcha
|-damage|p2a: Sinistcha|74/100
|-enditem|p2a: Sinistcha|Heavy-Duty Boots|[from] move: Knock Off|[of] p1a: Copperajah
|
|upkeep
|turn|16
|
|t:|1779873899
|switch|p1a: Mandibuzz|Mandibuzz, F|100/100
|move|p2a: Sinistcha|Shadow Ball|p1a: Mandibuzz
|-resisted|p1a: Mandibuzz
|-damage|p1a: Mandibuzz|87/100
|
|upkeep
|turn|17
|
|t:|1779873907
|move|p2a: Sinistcha|Calm Mind|p2a: Sinistcha
|-boost|p2a: Sinistcha|spa|1
|-boost|p2a: Sinistcha|spd|1
|move|p1a: Mandibuzz|Foul Play|p2a: Sinistcha
|-supereffective|p2a: Sinistcha
|-damage|p2a: Sinistcha|51/100
|
|upkeep
|turn|18
|
|t:|1779873920
|move|p2a: Sinistcha|Matcha Gotcha|p1a: Mandibuzz
|-resisted|p1a: Mandibuzz
|-damage|p1a: Mandibuzz|69/100
|-heal|p2a: Sinistcha|62/100|[from] drain|[of] p1a: Mandibuzz
|move|p1a: Mandibuzz|U-turn|p2a: Sinistcha
|-damage|p2a: Sinistcha|54/100
|
|t:|1779873934
|switch|p1a: Copperajah|Copperajah, F|72/100|[from] U-turn
|
|upkeep
|turn|19
|
|t:|1779873940
|move|p2a: Sinistcha|Strength Sap|p1a: Copperajah
|-unboost|p1a: Copperajah|atk|1
|-heal|p2a: Sinistcha|100/100
|move|p1a: Copperajah|Heat Crash|p2a: Sinistcha
|-supereffective|p2a: Sinistcha
|-damage|p2a: Sinistcha|79/100
|
|upkeep
|turn|20
|
|t:|1779873952
|switch|p1a: Polteageist|Polteageist|100/100
|move|p2a: Sinistcha|Strength Sap|p1a: Polteageist
|-unboost|p1a: Polteageist|atk|1
|-heal|p2a: Sinistcha|100/100
|-enditem|p1a: Polteageist|White Herb
|-clearnegativeboost|p1a: Polteageist|[silent]
|
|upkeep
|turn|21
|
|t:|1779873963
|move|p1a: Polteageist|Shadow Ball|p2a: Sinistcha
|-supereffective|p2a: Sinistcha
|-damage|p2a: Sinistcha|32/100
|-unboost|p2a: Sinistcha|spd|1
|move|p2a: Sinistcha|Shadow Ball|p1a: Polteageist
|-supereffective|p1a: Polteageist
|-damage|p1a: Polteageist|0 fnt
|faint|p1a: Polteageist
|
|upkeep
|
|t:|1779873976
|switch|p1a: Iron Valiant|Iron Valiant, shiny|100/100
|-enditem|p1a: Iron Valiant|Booster Energy
|-activate|p1a: Iron Valiant|ability: Quark Drive|[fromitem]
|-start|p1a: Iron Valiant|quarkdrivespe
|turn|22
|
|t:|1779873986
|move|p1a: Iron Valiant|Psyshock|p2a: Sinistcha
|-damage|p2a: Sinistcha|14/100
|move|p2a: Sinistcha|Shadow Ball|p1a: Iron Valiant
|-damage|p1a: Iron Valiant|17/100
|
|upkeep
|turn|23
|
|t:|1779873992
|move|p1a: Iron Valiant|Moonblast|p2a: Sinistcha
|-damage|p2a: Sinistcha|0 fnt
|faint|p2a: Sinistcha
|
|upkeep
|
|t:|1779874001
|switch|p2a: Slowking|Slowking-Galar, M|89/100
|-damage|p2a: Slowking|76/100|[from] Stealth Rock
|turn|24
|
|t:|1779874011
|-terastallize|p1a: Iron Valiant|Steel
|move|p1a: Iron Valiant|Calm Mind|p1a: Iron Valiant
|-boost|p1a: Iron Valiant|spa|1
|-boost|p1a: Iron Valiant|spd|1
|move|p2a: Slowking|Sludge Bomb|p1a: Iron Valiant
|-immune|p1a: Iron Valiant
|
|upkeep
|turn|25
|
|t:|1779874021
|move|p1a: Iron Valiant|Calm Mind|p1a: Iron Valiant
|-boost|p1a: Iron Valiant|spa|1
|-boost|p1a: Iron Valiant|spd|1
|move|p2a: Slowking|Flamethrower|p1a: Iron Valiant
|-supereffective|p1a: Iron Valiant
|-damage|p1a: Iron Valiant|0 fnt
|faint|p1a: Iron Valiant
|-end|p1a: Iron Valiant|Quark Drive|[silent]
|
|upkeep
|
|t:|1779874029
|switch|p1a: Landorus|Landorus-Therian, M|16/100
|-ability|p1a: Landorus|Intimidate|boost
|-unboost|p2a: Slowking|atk|1
|turn|26
|
|t:|1779874037
|switch|p2a: Enamorus|Enamorus, F|35/100
|move|p1a: Landorus|Earthquake|p2a: Enamorus
|-immune|p2a: Enamorus
|
|upkeep
|turn|27
|
|t:|1779874042
|move|p2a: Enamorus|Moonblast|p1a: Landorus
|-damage|p1a: Landorus|0 fnt
|faint|p1a: Landorus
|
|upkeep
|
|t:|1779874046
|switch|p1a: Copperajah|Copperajah, F|72/100
|turn|28
|
|t:|1779874053
|switch|p2a: Cinderace|Cinderace, F|100/100
|-damage|p2a: Cinderace|76/100|[from] Stealth Rock
|-item|p2a: Cinderace|Air Balloon
|move|p1a: Copperajah|Heavy Slam|p2a: Cinderace
|-resisted|p2a: Cinderace
|-damage|p2a: Cinderace|22/100
|-enditem|p2a: Cinderace|Air Balloon
|
|upkeep
|turn|29
|
|t:|1779874063
|switch|p1a: Rotom|Rotom-Wash|85/100
|move|p2a: Cinderace|Pyro Ball|p1a: Rotom
|-resisted|p1a: Rotom
|-damage|p1a: Rotom|53/100
|
|-heal|p1a: Rotom|59/100|[from] item: Leftovers
|upkeep
|turn|30
|
|t:|1779874072
|move|p2a: Cinderace|Pyro Ball|p1a: Rotom
|-resisted|p1a: Rotom
|-damage|p1a: Rotom|28/100
|move|p1a: Rotom|Volt Switch|p2a: Cinderace
|-crit|p2a: Cinderace
|-damage|p2a: Cinderace|0 fnt
|faint|p2a: Cinderace
|
|t:|1779874079
|switch|p1a: Copperajah|Copperajah, F|72/100|[from] Volt Switch
|
|upkeep
|l|☆inluvwithmyex
|inactive|inluvwithmyex disconnected and has a minute to reconnect!
|player|p2|
|j|☆inluvwithmyex
|inactive|inluvwithmyex reconnected and has 140 seconds left.
|player|p2|inluvwithmyex|volkner|
|
|t:|1779874099
|switch|p2a: Regieleki|Regieleki|49/100
|-damage|p2a: Regieleki|37/100|[from] Stealth Rock
|turn|31
|
|t:|1779874112
|move|p2a: Regieleki|Thunder Cage|p1a: Copperajah
|-damage|p1a: Copperajah|39/100
|-activate|p1a: Copperajah|move: Thunder Cage|[of] p2a: Regieleki
|move|p1a: Copperajah|Heat Crash|p2a: Regieleki
|-crit|p2a: Regieleki
|-damage|p2a: Regieleki|0 fnt
|faint|p2a: Regieleki
|
|-end|p1a: Copperajah|Thunder Cage|[partiallytrapped]|[silent]
|upkeep
|
|t:|1779874118
|switch|p2a: Enamorus|Enamorus, F|35/100
|turn|32
|
|t:|1779874123
|move|p2a: Enamorus|Mystical Fire|p1a: Copperajah
|-supereffective|p1a: Copperajah
|-crit|p1a: Copperajah
|-damage|p1a: Copperajah|0 fnt
|faint|p1a: Copperajah
|
|upkeep
|
|t:|1779874129
|switch|p1a: Rotom|Rotom-Wash|28/100
|turn|33
|
|t:|1779874133
|-terastallize|p2a: Enamorus|Fairy
|move|p2a: Enamorus|Moonblast|p1a: Rotom
|-damage|p1a: Rotom|0 fnt
|faint|p1a: Rotom
|
|upkeep
|c|☆davespekkie|gg
|
|t:|1779874141
|switch|p1a: Mandibuzz|Mandibuzz, F|69/100
|turn|34
|
|t:|1779874144
|move|p2a: Enamorus|Moonblast|p1a: Mandibuzz
|-supereffective|p1a: Mandibuzz
|-damage|p1a: Mandibuzz|0 fnt
|faint|p1a: Mandibuzz
|
|win|inluvwithmyex
|raw|davespekkie's rating: 1098 &rarr; <strong>1070</strong><br />(-28 for losing)
|raw|inluvwithmyex's rating: 1055 &rarr; <strong>1091</strong><br />(+36 for winning)
|l|☆davespekkie
|player|p1|
|l|☆inluvwithmyex
|player|p2|
