|j|☆tgdztg
|j|☆AoshiShinomori002
|t:|1779935298
|gametype|singles
|player|p1|tgdztg|ingo|1167
|player|p2|AoshiShinomori002|101|1125
|gen|9
|tier|[Gen 9] OU
|rated|
|rule|HP Percentage Mod: HP is shown in percentages
|rule|Endless Battle Clause: Forcing endless battles is banned
|rule|Species Clause: Limit one of each Pokémon
|rule|OHKO Clause: OHKO moves are banned
|rule|Evasion Items Clause: Evasion items are banned
|rule|Evasion Moves Clause: Evasion moves are banned
|rule|Evasion Abilities Clause: Evasion abilities are banned
|rule|Sleep Moves Clause: Sleep-inducing moves are banned
|clearpoke
|poke|p1|Ogerpon-Wellspring, F|
|poke|p1|Great Tusk|
|poke|p1|Slowking-Galar, M|
|poke|p1|Alomomola, F|
|poke|p1|Corviknight, M|
|poke|p1|Iron Crown|
|poke|p2|Gengar, F|
|poke|p2|Rillaboom, F|
|poke|p2|Samurott-Hisui, F|
|poke|p2|Ogerpon, F|
|poke|p2|Dragapult, M|
|poke|p2|Ribombee, M|
|teampreview
|
|t:|1779935307
|teamsize|p1|6
|teamsize|p2|6
|start
|switch|p1a: Iron Crown|Iron Crown|100/100
|switch|p2a: Ribombee|Ribombee, M|100/100
|-enditem|p1a: Iron Crown|Booster Energy
|-activate|p1a: Iron Crown|ability: Quark Drive|[fromitem]
|-start|p1a: Iron Crown|quarkdrivespa
|turn|1
|
|t:|1779935318
|move|p2a: Ribombee|Sticky Web|p1a: Iron Crown
|-sidestart|p1: tgdztg|move: Sticky Web
|move|p1a: Iron Crown|Tachyon Cutter|p2a: Ribombee
|-supereffective|p2a: Ribombee
|-enditem|p2a: Ribombee|Focus Sash
|-damage|p2a: Ribombee|1/100
|-supereffective|p2a: Ribombee
|-damage|p2a: Ribombee|0 fnt
|faint|p2a: Ribombee
|-hitcount|p2: Ribombee|2
|
|upkeep
|
|t:|1779935338
|switch|p2a: Gengar|Gengar, F|100/100
|-item|p2a: Gengar|Air Balloon
|turn|2
|
|t:|1779935347
|move|p2a: Gengar|Shadow Ball|p1a: Iron Crown
|-supereffective|p1a: Iron Crown
|-damage|p1a: Iron Crown|20/100
|move|p1a: Iron Crown|Psychic|p2a: Gengar
|-supereffective|p2a: Gengar
|-damage|p2a: Gengar|0 fnt
|-enditem|p2a: Gengar|Air Balloon
|faint|p2a: Gengar
|
|upkeep
|
|t:|1779935373
|switch|p2a: Rillaboom|Rillaboom, F|100/100
|-fieldstart|move: Grassy Terrain|[from] ability: Grassy Surge|[of] p2a: Rillaboom
|turn|3
|inactive|Battle timer is ON: inactive players will automatically lose when time's up. (requested by tgdztg)
|
|t:|1779935381
|move|p2a: Rillaboom|Grassy Glide|p1a: Iron Crown
|-resisted|p1a: Iron Crown
|-damage|p1a: Iron Crown|2/100
|move|p1a: Iron Crown|Tachyon Cutter|p2a: Rillaboom
|-damage|p2a: Rillaboom|54/100
|-crit|p2a: Rillaboom
|-damage|p2a: Rillaboom|0 fnt
|faint|p2a: Rillaboom
|-hitcount|p2: Rillaboom|2
|
|-heal|p1a: Iron Crown|8/100|[from] Grassy Terrain
|upkeep
|
|t:|1779935395
|switch|p2a: Ogerpon|Ogerpon, F|100/100
|turn|4
|
|t:|1779935404
|move|p2a: Ogerpon|Ivy Cudgel|p1a: Iron Crown
|-resisted|p1a: Iron Crown
|-damage|p1a: Iron Crown|0 fnt
|faint|p1a: Iron Crown
|-end|p1a: Iron Crown|Quark Drive|[silent]
|
|upkeep
|
|t:|1779935410
|switch|p1a: Slowking|Slowking-Galar, M|100/100
|-activate|p1a: Slowking|move: Sticky Web
|-unboost|p1a: Slowking|spe|1
|turn|5
|
|t:|1779935422
|switch|p2a: Samurott|Samurott-Hisui, F|100/100
|-terastallize|p1a: Slowking|Dark
|move|p1a: Slowking|Sludge Wave|p2a: Samurott
|-damage|p2a: Samurott|27/100
|
|-heal|p2a: Samurott|33/100|[from] Grassy Terrain
|upkeep
|turn|6
|
|t:|1779935438
|move|p2a: Samurott|Sacred Sword|p1a: Slowking
|-supereffective|p1a: Slowking
|-damage|p1a: Slowking|7/100
|move|p1a: Slowking|Sludge Wave|p2a: Samurott
|-damage|p2a: Samurott|0 fnt
|faint|p2a: Samurott
|
|-heal|p1a: Slowking|13/100|[from] Grassy Terrain
|upkeep
|
|t:|1779935452
|switch|p2a: Dragapult|Dragapult, M|100/100
|turn|7
|
|t:|1779935458
|switch|p1a: Alomomola|Alomomola, F|100/100
|move|p2a: Dragapult|U-turn|p1a: Alomomola
|-crit|p1a: Alomomola
|-damage|p1a: Alomomola|79/100
|
|t:|1779935464
|switch|p2a: Ogerpon|Ogerpon, F|100/100|[from] U-turn
|
|-heal|p1a: Alomomola|86/100|[from] Grassy Terrain
|upkeep
|turn|8
|
|t:|1779935477
|switch|p1a: Corviknight|Corviknight, M|100/100
|move|p2a: Ogerpon|Focus Energy|p2a: Ogerpon
|-start|p2a: Ogerpon|move: Focus Energy
|
|upkeep
|turn|9
|
|t:|1779935487
|move|p2a: Ogerpon|Knock Off|p1a: Corviknight
|-damage|p1a: Corviknight|82/100
|-enditem|p1a: Corviknight|Leftovers|[from] move: Knock Off|[of] p2a: Ogerpon
|move|p1a: Corviknight|Brave Bird|p2a: Ogerpon
|-supereffective|p2a: Ogerpon
|-damage|p2a: Ogerpon|2/100
|-enditem|p2a: Ogerpon|Salac Berry|[eat]
|-boost|p2a: Ogerpon|spe|1|[from] item: Salac Berry
|-damage|p1a: Corviknight|57/100|[from] Recoil
|
|-heal|p2a: Ogerpon|8/100|[from] Grassy Terrain
|upkeep
|turn|10
|
|t:|1779935500
|-terastallize|p2a: Ogerpon|Grass
|detailschange|p2a: Ogerpon|Ogerpon-Teal-Tera, F, tera:Grass
|-ability|p2a: Ogerpon|Embody Aspect (Teal)|boost
|-boost|p2a: Ogerpon|spe|1
|move|p2a: Ogerpon|Ivy Cudgel|p1a: Corviknight
|-resisted|p1a: Corviknight
|-crit|p1a: Corviknight
|-damage|p1a: Corviknight|38/100
|move|p1a: Corviknight|U-turn|p2a: Ogerpon
|-supereffective|p2a: Ogerpon
|-damage|p2a: Ogerpon|0 fnt
|faint|p2a: Ogerpon
|detailschange|p2: Ogerpon|Ogerpon, F|[silent]
|
|t:|1779935512
|switch|p1a: Alomomola|Alomomola, F|100/100|[from] U-turn
|
|-fieldend|move: Grassy Terrain
|upkeep
|
|t:|1779935518
|switch|p2a: Dragapult|Dragapult, M|100/100
|turn|11
|
|t:|1779935524
|move|p2a: Dragapult|Thunder Wave|p1a: Alomomola|[miss]
|-miss|p2a: Dragapult|p1a: Alomomola
|move|p1a: Alomomola|Mirror Coat||[still]
|-fail|p1a: Alomomola
|
|upkeep
|turn|12
|
|t:|1779935534
|move|p2a: Dragapult|Will-O-Wisp|p1a: Alomomola
|-status|p1a: Alomomola|brn
|move|p1a: Alomomola|Mirror Coat||[still]
|-fail|p1a: Alomomola
|
|-damage|p1a: Alomomola|94/100 brn|[from] brn
|upkeep
|turn|13
|
|t:|1779935546
|move|p2a: Dragapult|U-turn|p1a: Alomomola
|-damage|p1a: Alomomola|80/100 brn
|move|p1a: Alomomola|Flip Turn|p2a: Dragapult
|-resisted|p2a: Dragapult
|-damage|p2a: Dragapult|97/100
|
|t:|1779935554
|switch|p1a: Slowking|Slowking-Galar, M, tera:Dark|46/100|[from] Flip Turn
|-activate|p1a: Slowking|move: Sticky Web
|-unboost|p1a: Slowking|spe|1
|
|-heal|p2a: Dragapult|100/100|[from] item: Leftovers
|upkeep
|turn|14
|
|t:|1779935568
|switch|p1a: Great Tusk|Great Tusk|100/100
|-activate|p1a: Great Tusk|move: Sticky Web
|-unboost|p1a: Great Tusk|spe|1
|move|p2a: Dragapult|Will-O-Wisp|p1a: Great Tusk
|-status|p1a: Great Tusk|brn
|
|-damage|p1a: Great Tusk|94/100 brn|[from] brn
|upkeep
|turn|15
|
|t:|1779935582
|move|p2a: Dragapult|Hex|p1a: Great Tusk
|-damage|p1a: Great Tusk|33/100 brn
|move|p1a: Great Tusk|Ice Spinner|p2a: Dragapult
|-supereffective|p2a: Dragapult
|-damage|p2a: Dragapult|74/100
|
|-heal|p2a: Dragapult|80/100|[from] item: Leftovers
|-heal|p1a: Great Tusk|39/100 brn|[from] item: Leftovers
|-damage|p1a: Great Tusk|33/100 brn|[from] brn
|upkeep
|turn|16
|
|t:|1779935594
|move|p2a: Dragapult|Hex|p1a: Great Tusk
|-damage|p1a: Great Tusk|0 fnt
|faint|p1a: Great Tusk
|-end|p1a: Great Tusk|Protosynthesis|[silent]
|
|-heal|p2a: Dragapult|86/100|[from] item: Leftovers
|upkeep
|
|t:|1779935615
|switch|p1a: Slowking|Slowking-Galar, M, tera:Dark|79/100
|-activate|p1a: Slowking|move: Sticky Web
|-unboost|p1a: Slowking|spe|1
|turn|17
|
|t:|1779935621
|move|p2a: Dragapult|Thunder Wave|p1a: Slowking
|-status|p1a: Slowking|par
|cant|p1a: Slowking|par
|
|-heal|p2a: Dragapult|92/100|[from] item: Leftovers
|upkeep
|turn|18
|
|t:|1779935629
|move|p2a: Dragapult|Hex|p1a: Slowking
|-resisted|p1a: Slowking
|-damage|p1a: Slowking|68/100 par
|move|p1a: Slowking|Ice Beam|p2a: Dragapult
|-supereffective|p2a: Dragapult
|-damage|p2a: Dragapult|26/100
|-status|p2a: Dragapult|frz
|
|-heal|p2a: Dragapult|32/100 frz|[from] item: Leftovers
|upkeep
|turn|19
|
|t:|1779935640
|cant|p2a: Dragapult|frz
|move|p1a: Slowking|Ice Beam|p2a: Dragapult
|-supereffective|p2a: Dragapult
|-damage|p2a: Dragapult|0 fnt
|faint|p2a: Dragapult
|
|win|tgdztg
|raw|tgdztg's rating: 1167 &rarr; <strong>1189</strong><br />(+22 for winning)
|raw|AoshiShinomori002's rating: 1125 &rarr; <strong>1103</strong><br />(-22 for losing)
