|j|☆Hike Mawk
|j|☆GELADO_567
|t:|1779812823
|gametype|singles
|player|p1|Hike Mawk|riley|1319
|player|p2|GELADO_567|101|1284
|gen|9
|tier|[Gen 9] OU
|rated|
|rule|HP Percentage Mod: HP is shown in percentages
|rule|Endless Battle Clause: Forcing endless battles is banned
|rule|Species Clause: Limit one of each Pokémon
|rule|OHKO Clause: OHKO moves are banned
|rule|Evasion Items Clause: Evasion items are banned
|rule|Evasion Moves Clause: Evasion moves are banned
|rule|Evasion Abilities Clause: Evasion abilities are banned
|rule|Sleep Moves Clause: Sleep-inducing moves are banned
|clearpoke
|poke|p1|Gliscor, M|
|poke|p1|Clefable, F|
|poke|p1|Corviknight, M|
|poke|p1|Blissey, F|
|poke|p1|Forretress, F|
|poke|p1|Garganacl, F|
|poke|p2|Kingambit, F|
|poke|p2|Kommo-o, F|
|poke|p2|Iron Valiant|
|poke|p2|Kyurem|
|poke|p2|Iron Treads|
|poke|p2|Iron Crown|
|teampreview
|inactive|Battle timer is ON: inactive players will automatically lose when time's up. (requested by Hike Mawk)
|
|t:|1779812839
|teamsize|p1|6
|teamsize|p2|6
|start
|switch|p1a: Rocki|Garganacl, F, shiny|100/100
|switch|p2a: Kommo-o|Kommo-o, F|100/100
|turn|1
|
|t:|1779812846
|move|p2a: Kommo-o|Clangorous Soul|p2a: Kommo-o
|-boost|p2a: Kommo-o|atk|1
|-boost|p2a: Kommo-o|def|1
|-boost|p2a: Kommo-o|spa|1
|-boost|p2a: Kommo-o|spd|1
|-boost|p2a: Kommo-o|spe|1
|-damage|p2a: Kommo-o|68/100
|move|p1a: Rocki|Salt Cure|p2a: Kommo-o
|-resisted|p2a: Kommo-o
|-damage|p2a: Kommo-o|62/100
|-start|p2a: Kommo-o|Salt Cure
|
|-heal|p2a: Kommo-o|69/100|[from] item: Leftovers
|-damage|p2a: Kommo-o|56/100|[from] Salt Cure
|upkeep
|turn|2
|
|t:|1779812866
|switch|p1a: Cleffairable|Clefable, F, shiny|100/100
|move|p2a: Kommo-o|Drain Punch|p1a: Cleffairable
|-resisted|p1a: Cleffairable
|-damage|p1a: Cleffairable|85/100
|-heal|p2a: Kommo-o|64/100|[from] drain|[of] p1a: Cleffairable
|
|-heal|p2a: Kommo-o|70/100|[from] item: Leftovers
|-damage|p2a: Kommo-o|57/100|[from] Salt Cure
|upkeep
|turn|3
|
|t:|1779812878
|move|p2a: Kommo-o|Shadow Claw|p1a: Cleffairable
|-damage|p1a: Cleffairable|67/100
|move|p1a: Cleffairable|Moonblast|p2a: Kommo-o
|-supereffective|p2a: Kommo-o
|-damage|p2a: Kommo-o|0 fnt
|faint|p2a: Kommo-o
|
|upkeep
|
|t:|1779812890
|switch|p2a: Kingambit|Kingambit, F|100/100
|-activate|p2a: Kingambit|ability: Supreme Overlord
|-start|p2a: Kingambit|fallen1|[silent]
|turn|4
|
|t:|1779812903
|switch|p1a: Goldenuke|Forretress, F, shiny|100/100
|move|p2a: Kingambit|Swords Dance|p2a: Kingambit
|-boost|p2a: Kingambit|atk|2
|
|upkeep
|turn|5
|
|t:|1779812911
|move|p2a: Kingambit|Low Kick|p1a: Goldenuke
|-damage|p1a: Goldenuke|52/100
|move|p1a: Goldenuke|Body Press|p2a: Kingambit
|-supereffective|p2a: Kingambit
|-crit|p2a: Kingambit
|-damage|p2a: Kingambit|0 fnt
|faint|p2a: Kingambit
|-end|p2a: Kingambit|fallen1|[silent]
|
|upkeep
|
|t:|1779812921
|switch|p2a: Iron Valiant|Iron Valiant|100/100
|-enditem|p2a: Iron Valiant|Booster Energy
|-activate|p2a: Iron Valiant|ability: Quark Drive|[fromitem]
|-start|p2a: Iron Valiant|quarkdrivespe
|turn|6
|
|t:|1779812932
|switch|p1a: Cleffairable|Clefable, F, shiny|67/100
|move|p2a: Iron Valiant|Calm Mind|p2a: Iron Valiant
|-boost|p2a: Iron Valiant|spa|1
|-boost|p2a: Iron Valiant|spd|1
|
|upkeep
|turn|7
|
|t:|1779812940
|move|p2a: Iron Valiant|Shadow Ball|p1a: Cleffairable
|-damage|p1a: Cleffairable|39/100
|move|p1a: Cleffairable|Moonblast|p2a: Iron Valiant
|-supereffective|p2a: Iron Valiant
|-damage|p2a: Iron Valiant|0 fnt
|faint|p2a: Iron Valiant
|-end|p2a: Iron Valiant|Quark Drive|[silent]
|
|upkeep
|
|t:|1779812952
|switch|p2a: Iron Treads|Iron Treads|100/100
|-enditem|p2a: Iron Treads|Booster Energy
|-activate|p2a: Iron Treads|ability: Quark Drive|[fromitem]
|-start|p2a: Iron Treads|quarkdrivespe
|turn|8
|
|t:|1779812958
|switch|p1a: Rookidon|Corviknight, M|100/100
|move|p2a: Iron Treads|Earthquake|p1a: Rookidon
|-immune|p1a: Rookidon
|
|upkeep
|turn|9
|inactive|GELADO_567 has 120 seconds left.
|
|t:|1779812988
|move|p2a: Iron Treads|Stealth Rock|p1a: Rookidon
|-sidestart|p1: Hike Mawk|move: Stealth Rock
|move|p1a: Rookidon|Agility|p1a: Rookidon
|-boost|p1a: Rookidon|spe|2
|
|upkeep
|turn|10
|inactive|GELADO_567 has 120 seconds left.
|
|t:|1779813007
|move|p2a: Iron Treads|Rapid Spin|p1a: Rookidon
|-resisted|p1a: Rookidon
|-damage|p1a: Rookidon|95/100
|-boost|p2a: Iron Treads|spe|1
|move|p1a: Rookidon|Agility|p1a: Rookidon
|-boost|p1a: Rookidon|spe|2
|
|upkeep
|turn|11
|inactive|GELADO_567 has 120 seconds left.
|
|t:|1779813018
|-end|p2a: Iron Treads|Quark Drive|[silent]
|switch|p2a: Iron Crown|Iron Crown|100/100
|-enditem|p2a: Iron Crown|Booster Energy
|-activate|p2a: Iron Crown|ability: Quark Drive|[fromitem]
|-start|p2a: Iron Crown|quarkdrivespe
|move|p1a: Rookidon|Bulk Up|p1a: Rookidon
|-boost|p1a: Rookidon|atk|1
|-boost|p1a: Rookidon|def|1
|
|upkeep
|turn|12
|inactive|GELADO_567 has 120 seconds left.
|
|t:|1779813027
|move|p1a: Rookidon|Power Trip|p2a: Iron Crown
|-supereffective|p2a: Iron Crown
|-damage|p2a: Iron Crown|0 fnt
|faint|p2a: Iron Crown
|-end|p2a: Iron Crown|Quark Drive|[silent]
|
|upkeep
|inactive|GELADO_567 has 120 seconds left.
|
|t:|1779813035
|switch|p2a: Kyurem|Kyurem|100/100
|-ability|p2a: Kyurem|Pressure
|turn|13
|
|t:|1779813043
|-terastallize|p1a: Rookidon|Dark
|move|p1a: Rookidon|Power Trip|p2a: Kyurem
|-damage|p2a: Kyurem|13/100
|move|p2a: Kyurem|Dragon Dance|p2a: Kyurem
|-boost|p2a: Kyurem|atk|1
|-boost|p2a: Kyurem|spe|1
|
|upkeep
|turn|14
|inactive|GELADO_567 has 120 seconds left.
|
|t:|1779813059
|move|p1a: Rookidon|Power Trip|p2a: Kyurem
|-damage|p2a: Kyurem|0 fnt
|faint|p2a: Kyurem
|
|upkeep
|inactive|GELADO_567 has 120 seconds left.
|
|t:|1779813065
|switch|p2a: Iron Treads|Iron Treads|100/100
|turn|15
|c|☆Hike Mawk|GGs
|inactive|GELADO_567 has 120 seconds left.
|
|t:|1779813090
|-terastallize|p2a: Iron Treads|Ghost
|move|p1a: Rookidon|Power Trip|p2a: Iron Treads
|-supereffective|p2a: Iron Treads
|-damage|p2a: Iron Treads|0 fnt
|faint|p2a: Iron Treads
|-end|p2a: Iron Treads|Quark Drive|[silent]
|
|win|Hike Mawk
|raw|Hike Mawk's rating: 1319 &rarr; <strong>1337</strong><br />(+18 for winning)
|raw|GELADO_567's rating: 1284 &rarr; <strong>1262</strong><br />(-22 for losing)
