|j|☆Cheesefriezz
|j|☆SnaKeeKiss
|t:|1779865088
|gametype|singles
|player|p1|Cheesefriezz|n|1238
|player|p2|SnaKeeKiss|170|1211
|gen|9
|tier|[Gen 9] OU
|rated|
|rule|HP Percentage Mod: HP is shown in percentages
|rule|Endless Battle Clause: Forcing endless battles is banned
|rule|Species Clause: Limit one of each Pokémon
|rule|OHKO Clause: OHKO moves are banned
|rule|Evasion Items Clause: Evasion items are banned
|rule|Evasion Moves Clause: Evasion moves are banned
|rule|Evasion Abilities Clause: Evasion abilities are banned
|rule|Sleep Moves Clause: Sleep-inducing moves are banned
|clearpoke
|poke|p1|Samurott-Hisui, M|
|poke|p1|Leafeon, M|
|poke|p1|Moltres|
|poke|p1|Ninetales, F|
|poke|p1|Kommo-o, M|
|poke|p1|Glimmora, F|
|poke|p2|Great Tusk|
|poke|p2|Torkoal, F|
|poke|p2|Iron Moth|
|poke|p2|Glimmora, M|
|poke|p2|Garganacl, F|
|poke|p2|Lilligant-Hisui, F|
|teampreview
|
|t:|1779865108
|teamsize|p1|6
|teamsize|p2|6
|start
|switch|p1a: Glimmora|Glimmora, F|100/100
|switch|p2a: Torkoal|Torkoal, F, shiny|100/100
|-weather|SunnyDay|[from] ability: Drought|[of] p2a: Torkoal
|turn|1
|
|t:|1779865118
|move|p1a: Glimmora|Stealth Rock|p2a: Torkoal
|-sidestart|p2: SnaKeeKiss|move: Stealth Rock
|move|p2a: Torkoal|Lava Plume|p1a: Glimmora
|-resisted|p1a: Glimmora
|-damage|p1a: Glimmora|78/100
|
|-weather|SunnyDay|[upkeep]
|upkeep
|turn|2
|
|t:|1779865123
|move|p1a: Glimmora|Power Gem|p2a: Torkoal
|-supereffective|p2a: Torkoal
|-damage|p2a: Torkoal|0 fnt
|faint|p2a: Torkoal
|
|-weather|SunnyDay|[upkeep]
|upkeep
|
|t:|1779865134
|switch|p2a: Glimmora|Glimmora, M|100/100
|-damage|p2a: Glimmora|88/100|[from] Stealth Rock
|turn|3
|
|t:|1779865140
|move|p1a: Glimmora|Earth Power|p2a: Glimmora
|-supereffective|p2a: Glimmora
|-damage|p2a: Glimmora|0 fnt
|faint|p2a: Glimmora
|
|-weather|SunnyDay|[upkeep]
|upkeep
|
|t:|1779865146
|switch|p2a: Iron Moth|Iron Moth|100/100
|-damage|p2a: Iron Moth|76/100|[from] Stealth Rock
|turn|4
|
|t:|1779865155
|move|p2a: Iron Moth|Psychic|p1a: Glimmora
|-supereffective|p1a: Glimmora
|-damage|p1a: Glimmora|0 fnt
|faint|p1a: Glimmora
|
|-weather|SunnyDay|[upkeep]
|upkeep
|
|t:|1779865162
|switch|p1a: Ima dive in|Samurott-Hisui, M|100/100
|turn|5
|
|t:|1779865168
|-end|p2a: Iron Moth|Quark Drive|[silent]
|switch|p2a: Lilligant|Lilligant-Hisui, F|100/100
|-damage|p2a: Lilligant|94/100|[from] Stealth Rock
|move|p1a: Ima dive in|Razor Shell|p2a: Lilligant
|-resisted|p2a: Lilligant
|-damage|p2a: Lilligant|73/100
|
|-weather|none
|upkeep
|turn|6
|
|t:|1779865174
|move|p2a: Lilligant|Victory Dance|p2a: Lilligant
|-boost|p2a: Lilligant|atk|1
|-boost|p2a: Lilligant|def|1
|-boost|p2a: Lilligant|spe|1
|move|p1a: Ima dive in|Flip Turn|p2a: Lilligant
|-resisted|p2a: Lilligant
|-damage|p2a: Lilligant|58/100
|
|t:|1779865178
|switch|p1a: six tails|Ninetales, F, shiny|100/100|[from] Flip Turn
|-weather|SunnyDay|[from] ability: Drought|[of] p1a: six tails
|
|-weather|SunnyDay|[upkeep]
|upkeep
|turn|7
|
|t:|1779865187
|move|p2a: Lilligant|Close Combat|p1a: six tails
|-damage|p1a: six tails|0 fnt
|-unboost|p2a: Lilligant|def|1
|-unboost|p2a: Lilligant|spd|1
|faint|p1a: six tails
|-damage|p2a: Lilligant|48/100|[from] item: Life Orb
|
|-weather|SunnyDay|[upkeep]
|upkeep
|
|t:|1779865196
|switch|p1a: Supa Hot Fire|Moltres|100/100
|turn|8
|
|t:|1779865200
|move|p2a: Lilligant|Triple Axel|p1a: Supa Hot Fire
|-damage|p1a: Supa Hot Fire|87/100
|-damage|p1a: Supa Hot Fire|62/100
|-damage|p1a: Supa Hot Fire|26/100
|-hitcount|p1a: Supa Hot Fire|3
|-damage|p2a: Lilligant|38/100|[from] item: Life Orb
|move|p1a: Supa Hot Fire|Air Slash|p2a: Lilligant
|-supereffective|p2a: Lilligant
|-damage|p2a: Lilligant|0 fnt
|faint|p2a: Lilligant
|
|-weather|SunnyDay|[upkeep]
|upkeep
|
|t:|1779865211
|switch|p2a: Iron Moth|Iron Moth|76/100
|-damage|p2a: Iron Moth|51/100|[from] Stealth Rock
|turn|9
|
|t:|1779865215
|move|p2a: Iron Moth|Fiery Dance|p1a: Supa Hot Fire
|-resisted|p1a: Supa Hot Fire
|-damage|p1a: Supa Hot Fire|0 fnt
|-boost|p2a: Iron Moth|spa|1
|faint|p1a: Supa Hot Fire
|
|-weather|SunnyDay|[upkeep]
|upkeep
|
|t:|1779865220
|switch|p1a: Melo|Leafeon, M, shiny|100/100
|turn|10
|
|t:|1779865230
|move|p1a: Melo|Knock Off|p2a: Iron Moth
|-damage|p2a: Iron Moth|0 fnt
|-enditem|p2a: Iron Moth|Choice Specs|[from] move: Knock Off|[of] p1a: Melo
|faint|p2a: Iron Moth
|-end|p2a: Iron Moth|Quark Drive|[silent]
|-damage|p1a: Melo|91/100|[from] item: Life Orb
|
|-weather|SunnyDay|[upkeep]
|upkeep
|
|t:|1779865244
|switch|p2a: Garganacl|Garganacl, F|100/100
|-damage|p2a: Garganacl|88/100|[from] Stealth Rock
|turn|11
|
|t:|1779865252
|move|p1a: Melo|Swords Dance|p1a: Melo
|-boost|p1a: Melo|atk|2
|move|p2a: Garganacl|Salt Cure|p1a: Melo
|-damage|p1a: Melo|76/100
|-start|p1a: Melo|Salt Cure
|
|-weather|SunnyDay|[upkeep]
|-heal|p2a: Garganacl|94/100|[from] item: Leftovers
|-damage|p1a: Melo|64/100|[from] Salt Cure
|upkeep
|turn|12
|
|t:|1779865261
|-terastallize|p2a: Garganacl|Fairy
|move|p1a: Melo|Leaf Blade|p2a: Garganacl
|-damage|p2a: Garganacl|23/100
|-damage|p1a: Melo|54/100|[from] item: Life Orb
|move|p2a: Garganacl|Recover|p2a: Garganacl
|-heal|p2a: Garganacl|73/100
|
|-weather|SunnyDay|[upkeep]
|-heal|p2a: Garganacl|79/100|[from] item: Leftovers
|-damage|p1a: Melo|41/100|[from] Salt Cure
|upkeep
|turn|13
|
|t:|1779865279
|move|p1a: Melo|Leaf Blade|p2a: Garganacl
|-crit|p2a: Garganacl
|-damage|p2a: Garganacl|0 fnt
|faint|p2a: Garganacl
|-damage|p1a: Melo|31/100|[from] item: Life Orb
|
|-weather|none
|-damage|p1a: Melo|19/100|[from] Salt Cure
|upkeep
|
|t:|1779865286
|switch|p2a: Great Tusk|Great Tusk|100/100
|-damage|p2a: Great Tusk|98/100|[from] Stealth Rock
|turn|14
|
|t:|1779865296
|move|p2a: Great Tusk|Ice Spinner|p1a: Melo
|-supereffective|p1a: Melo
|-damage|p1a: Melo|0 fnt
|faint|p1a: Melo
|
|upkeep
|
|t:|1779865303
|switch|p1a: Iggy|Kommo-o, M|100/100
|turn|15
|
|t:|1779865312
|move|p2a: Great Tusk|Ice Spinner|p1a: Iggy
|-supereffective|p1a: Iggy
|-damage|p1a: Iggy|37/100
|move|p1a: Iggy|Clangorous Soul|p1a: Iggy
|-boost|p1a: Iggy|atk|1
|-boost|p1a: Iggy|def|1
|-boost|p1a: Iggy|spa|1
|-boost|p1a: Iggy|spd|1
|-boost|p1a: Iggy|spe|1
|-damage|p1a: Iggy|4/100
|-enditem|p1a: Iggy|Throat Spray
|-boost|p1a: Iggy|spa|1|[from] item: Throat Spray
|
|upkeep
|turn|16
|
|t:|1779865323
|-terastallize|p1a: Iggy|Normal
|move|p1a: Iggy|Boomburst|p2a: Great Tusk
|-damage|p2a: Great Tusk|0 fnt
|faint|p2a: Great Tusk
|-end|p2a: Great Tusk|Protosynthesis|[silent]
|
|win|Cheesefriezz
|raw|Cheesefriezz's rating: 1238 &rarr; <strong>1261</strong><br />(+23 for winning)
|raw|SnaKeeKiss's rating: 1211 &rarr; <strong>1188</strong><br />(-23 for losing)
|l|☆SnaKeeKiss
|player|p2|
|l|☆Cheesefriezz
|player|p1|
