|j|☆dranzerzx
|j|☆jbrunson
|t:|1779955239
|gametype|singles
|player|p1|dranzerzx|pokemaniac|1368
|player|p2|jbrunson|buck|1358
|gen|9
|tier|[Gen 9] OU
|rated|
|rule|HP Percentage Mod: HP is shown in percentages
|rule|Endless Battle Clause: Forcing endless battles is banned
|rule|Species Clause: Limit one of each Pokémon
|rule|OHKO Clause: OHKO moves are banned
|rule|Evasion Items Clause: Evasion items are banned
|rule|Evasion Moves Clause: Evasion moves are banned
|rule|Evasion Abilities Clause: Evasion abilities are banned
|rule|Sleep Moves Clause: Sleep-inducing moves are banned
|clearpoke
|poke|p1|Garchomp, M|
|poke|p1|Darkrai|
|poke|p1|Gholdengo|
|poke|p1|Ogerpon-Wellspring, F|
|poke|p1|Iron Valiant|
|poke|p1|Iron Treads|
|poke|p2|Hoopa|
|poke|p2|Cinderace, F|
|poke|p2|Mandibuzz, F|
|poke|p2|Kyurem|
|poke|p2|Ting-Lu|
|poke|p2|Manaphy|
|teampreview
|
|t:|1779955253
|teamsize|p1|6
|teamsize|p2|6
|start
|switch|p1a: Darkrai|Darkrai|100/100
|switch|p2a: Ting-Lucifer|Ting-Lu|100/100
|-ability|p2a: Ting-Lucifer|Vessel of Ruin
|turn|1
|
|t:|1779955274
|move|p1a: Darkrai|Knock Off|p2a: Ting-Lucifer
|-resisted|p2a: Ting-Lucifer
|-damage|p2a: Ting-Lucifer|92/100
|-enditem|p2a: Ting-Lucifer|Weakness Policy|[from] move: Knock Off|[of] p1a: Darkrai
|move|p2a: Ting-Lucifer|Earthquake|p1a: Darkrai
|-damage|p1a: Darkrai|34/100
|
|upkeep
|turn|2
|inactive|Battle timer is ON: inactive players will automatically lose when time's up. (requested by jbrunson)
|
|t:|1779955282
|switch|p1a: Ogerpon|Ogerpon-Wellspring, F|100/100
|move|p2a: Ting-Lucifer|Earthquake|p1a: Ogerpon
|-resisted|p1a: Ogerpon
|-damage|p1a: Ogerpon|66/100
|
|upkeep
|turn|3
|
|t:|1779955298
|-terastallize|p2a: Ting-Lucifer|Steel
|move|p1a: Ogerpon|Power Whip|p2a: Ting-Lucifer
|-resisted|p2a: Ting-Lucifer
|-crit|p2a: Ting-Lucifer
|-damage|p2a: Ting-Lucifer|62/100
|move|p2a: Ting-Lucifer|Heavy Slam|p1a: Ogerpon
|-resisted|p1a: Ogerpon
|-damage|p1a: Ogerpon|26/100
|
|upkeep
|turn|4
|
|t:|1779955305
|move|p1a: Ogerpon|Ivy Cudgel|p2a: Ting-Lucifer|[anim] Ivy Cudgel Water
|-damage|p2a: Ting-Lucifer|30/100
|move|p2a: Ting-Lucifer|Earthquake|p1a: Ogerpon
|-resisted|p1a: Ogerpon
|-damage|p1a: Ogerpon|0 fnt
|faint|p1a: Ogerpon
|
|upkeep
|
|t:|1779955309
|switch|p1a: Garchomp|Garchomp, M|100/100
|turn|5
|
|t:|1779955326
|switch|p2a: Mandibuzz|Mandibuzz, F, shiny|100/100
|move|p1a: Garchomp|Earthquake|p2a: Mandibuzz
|-immune|p2a: Mandibuzz
|
|upkeep
|turn|6
|
|t:|1779955333
|switch|p1a: Iron Treads|Iron Treads|100/100
|move|p2a: Mandibuzz|Toxic|p1a: Iron Treads
|-immune|p1a: Iron Treads
|
|upkeep
|turn|7
|
|t:|1779955344
|move|p1a: Iron Treads|Knock Off|p2a: Mandibuzz
|-resisted|p2a: Mandibuzz
|-damage|p2a: Mandibuzz|94/100
|-damage|p1a: Iron Treads|84/100|[from] item: Rocky Helmet|[of] p2a: Mandibuzz
|-enditem|p2a: Mandibuzz|Rocky Helmet|[from] move: Knock Off|[of] p1a: Iron Treads
|move|p2a: Mandibuzz|Foul Play|p1a: Iron Treads
|-damage|p1a: Iron Treads|52/100
|
|upkeep
|turn|8
|
|t:|1779955351
|move|p1a: Iron Treads|Ice Spinner|p2a: Mandibuzz
|-supereffective|p2a: Mandibuzz
|-damage|p2a: Mandibuzz|69/100
|move|p2a: Mandibuzz|Foul Play|p1a: Iron Treads
|-damage|p1a: Iron Treads|22/100
|
|upkeep
|turn|9
|
|t:|1779955356
|-end|p1a: Iron Treads|Quark Drive|[silent]
|switch|p1a: Iron Valiant|Iron Valiant|100/100
|-enditem|p1a: Iron Valiant|Booster Energy
|-activate|p1a: Iron Valiant|ability: Quark Drive|[fromitem]
|-start|p1a: Iron Valiant|quarkdrivespe
|move|p2a: Mandibuzz|Roost|p2a: Mandibuzz
|-heal|p2a: Mandibuzz|100/100
|-singleturn|p2a: Mandibuzz|move: Roost
|
|upkeep
|turn|10
|
|t:|1779955367
|move|p1a: Iron Valiant|Moonblast|p2a: Mandibuzz
|-supereffective|p2a: Mandibuzz
|-damage|p2a: Mandibuzz|19/100
|move|p2a: Mandibuzz|Toxic|p1a: Iron Valiant
|-status|p1a: Iron Valiant|tox
|
|-damage|p1a: Iron Valiant|94/100 tox|[from] psn
|upkeep
|turn|11
|
|t:|1779955389
|move|p1a: Iron Valiant|Shadow Ball|p2a: Mandibuzz
|-resisted|p2a: Mandibuzz
|-damage|p2a: Mandibuzz|9/100
|-unboost|p2a: Mandibuzz|spd|1
|move|p2a: Mandibuzz|Foul Play|p1a: Iron Valiant
|-resisted|p1a: Iron Valiant
|-damage|p1a: Iron Valiant|85/100 tox
|
|-damage|p1a: Iron Valiant|72/100 tox|[from] psn
|upkeep
|turn|12
|
|t:|1779955394
|move|p1a: Iron Valiant|Moonblast|p2a: Mandibuzz
|-supereffective|p2a: Mandibuzz
|-damage|p2a: Mandibuzz|0 fnt
|faint|p2a: Mandibuzz
|
|-damage|p1a: Iron Valiant|53/100 tox|[from] psn
|upkeep
|
|t:|1779955404
|switch|p2a: Manaphy|Manaphy|100/100
|turn|13
|
|t:|1779955414
|move|p1a: Iron Valiant|Moonblast|p2a: Manaphy
|-damage|p2a: Manaphy|57/100
|move|p2a: Manaphy|Take Heart|p2a: Manaphy
|-boost|p2a: Manaphy|spa|1
|-boost|p2a: Manaphy|spd|1
|
|-heal|p2a: Manaphy|64/100|[from] item: Leftovers
|-damage|p1a: Iron Valiant|29/100 tox|[from] psn
|upkeep
|turn|14
|
|t:|1779955420
|move|p1a: Iron Valiant|Encore|p2a: Manaphy
|-start|p2a: Manaphy|Encore
|move|p2a: Manaphy|Take Heart|p2a: Manaphy
|-boost|p2a: Manaphy|spa|1
|-boost|p2a: Manaphy|spd|1
|
|-heal|p2a: Manaphy|70/100|[from] item: Leftovers
|-damage|p1a: Iron Valiant|0 fnt|[from] psn
|faint|p1a: Iron Valiant
|-end|p1a: Iron Valiant|Quark Drive|[silent]
|upkeep
|
|t:|1779955429
|switch|p1a: Garchomp|Garchomp, M|100/100
|turn|15
|
|t:|1779955447
|switch|p2a: Kyurem|Kyurem|100/100
|-ability|p2a: Kyurem|Pressure
|move|p1a: Garchomp|Dragon Tail|p2a: Kyurem
|-supereffective|p2a: Kyurem
|-damage|p2a: Kyurem|51/100
|drag|p2a: Manaphy|Manaphy|70/100
|
|-heal|p2a: Manaphy|76/100|[from] item: Leftovers
|upkeep
|turn|16
|
|t:|1779955458
|move|p2a: Manaphy|Alluring Voice|p1a: Garchomp
|-supereffective|p1a: Garchomp
|-damage|p1a: Garchomp|63/100
|move|p1a: Garchomp|Dragon Tail|p2a: Manaphy
|-damage|p2a: Manaphy|53/100
|drag|p2a: Hoopa|Hoopa|100/100
|
|upkeep
|turn|17
|
|t:|1779955471
|move|p1a: Garchomp|Spikes|p2a: Hoopa
|-sidestart|p2: jbrunson|Spikes
|move|p2a: Hoopa|Shadow Ball|p1a: Garchomp
|-damage|p1a: Garchomp|17/100
|
|upkeep
|turn|18
|
|t:|1779955481
|move|p1a: Garchomp|Stealth Rock|p2a: Hoopa
|-sidestart|p2: jbrunson|move: Stealth Rock
|move|p2a: Hoopa|Shadow Ball|p1a: Garchomp
|-crit|p1a: Garchomp
|-damage|p1a: Garchomp|0 fnt
|faint|p1a: Garchomp
|
|upkeep
|
|t:|1779955483
|switch|p1a: Darkrai|Darkrai|34/100
|turn|19
|
|t:|1779955497
|switch|p1a: Gholdengo|Gholdengo|100/100
|-item|p1a: Gholdengo|Air Balloon
|move|p2a: Hoopa|Focus Blast|p1a: Gholdengo
|-immune|p1a: Gholdengo
|
|upkeep
|turn|20
|
|t:|1779955507
|move|p1a: Gholdengo|Make It Rain|p2a: Hoopa
|-damage|p2a: Hoopa|57/100
|-unboost|p1a: Gholdengo|spa|1
|move|p2a: Hoopa|Shadow Ball|p1a: Gholdengo
|-supereffective|p1a: Gholdengo
|-damage|p1a: Gholdengo|0 fnt
|-enditem|p1a: Gholdengo|Air Balloon
|faint|p1a: Gholdengo
|
|upkeep
|-message|dranzerzx forfeited.
|
|win|jbrunson
|raw|dranzerzx's rating: 1368 &rarr; <strong>1347</strong><br />(-21 for losing)
|raw|jbrunson's rating: 1358 &rarr; <strong>1379</strong><br />(+21 for winning)
|l|☆dranzerzx
|player|p1|
|l|☆jbrunson
|player|p2|
