|j|☆nwalesu
|j|☆cat party
|t:|1779814040
|gametype|singles
|player|p1|nwalesu|pokemaniac|1438
|player|p2|cat party|170|1535
|gen|9
|tier|[Gen 9] OU
|rated|
|rule|HP Percentage Mod: HP is shown in percentages
|rule|Endless Battle Clause: Forcing endless battles is banned
|rule|Species Clause: Limit one of each Pokémon
|rule|OHKO Clause: OHKO moves are banned
|rule|Evasion Items Clause: Evasion items are banned
|rule|Evasion Moves Clause: Evasion moves are banned
|rule|Evasion Abilities Clause: Evasion abilities are banned
|rule|Sleep Moves Clause: Sleep-inducing moves are banned
|clearpoke
|poke|p1|Dragapult, F|
|poke|p1|Rotom-Heat|
|poke|p1|Clodsire, F|
|poke|p1|Mandibuzz, F|
|poke|p1|Dragonite, F|
|poke|p1|Iron Valiant|
|poke|p2|Slowking-Galar, M|
|poke|p2|Great Tusk|
|poke|p2|Kyurem|
|poke|p2|Kingambit, M|
|poke|p2|Cinderace, F|
|poke|p2|Zapdos|
|teampreview
|inactive|Battle timer is ON: inactive players will automatically lose when time's up. (requested by cat party)
|inactive|nwalesu also wants the timer to be on.
|inactive|cat party has 120 seconds left.
|
|t:|1779814098
|teamsize|p1|6
|teamsize|p2|6
|start
|switch|p1a: Clodsire|Clodsire, F|100/100
|switch|p2a: Kyurem|Kyurem|100/100
|-ability|p2a: Kyurem|Pressure
|turn|1
|
|t:|1779814108
|switch|p1a: Cookie maker|Rotom-Heat|100/100
|move|p2a: Kyurem|Ice Beam|p1a: Cookie maker
|-resisted|p1a: Cookie maker
|-damage|p1a: Cookie maker|62/100
|
|upkeep
|turn|2
|
|t:|1779814113
|move|p2a: Kyurem|Ice Beam|p1a: Cookie maker
|-resisted|p1a: Cookie maker
|-damage|p1a: Cookie maker|28/100
|move|p1a: Cookie maker|Pain Split|p2a: Kyurem
|-sethp|p2a: Kyurem|60/100|[from] move: Pain Split|[silent]
|-sethp|p1a: Cookie maker|89/100|[from] move: Pain Split
|
|upkeep
|turn|3
|
|t:|1779814120
|move|p2a: Kyurem|Ice Beam|p1a: Cookie maker
|-resisted|p1a: Cookie maker
|-damage|p1a: Cookie maker|52/100
|move|p1a: Cookie maker|Overheat|p2a: Kyurem
|-damage|p2a: Kyurem|13/100
|-unboost|p1a: Cookie maker|spa|2
|
|upkeep
|turn|4
|
|t:|1779814127
|move|p2a: Kyurem|Ice Beam|p1a: Cookie maker
|-resisted|p1a: Cookie maker
|-damage|p1a: Cookie maker|12/100
|move|p1a: Cookie maker|Overheat|p2a: Kyurem
|-damage|p2a: Kyurem|0 fnt
|-unboost|p1a: Cookie maker|spa|2
|faint|p2a: Kyurem
|
|upkeep
|
|t:|1779814133
|switch|p2a: Cinderace|Cinderace, F|100/100
|turn|5
|
|t:|1779814137
|switch|p1a: Mandibuzz|Mandibuzz, F|100/100
|move|p2a: Cinderace|Pyro Ball|p1a: Mandibuzz
|-damage|p1a: Mandibuzz|75/100
|-status|p1a: Mandibuzz|brn
|
|-damage|p1a: Mandibuzz|69/100 brn|[from] brn
|upkeep
|turn|6
|
|t:|1779814146
|move|p2a: Cinderace|U-turn|p1a: Mandibuzz
|-damage|p1a: Mandibuzz|58/100 brn
|
|t:|1779814148
|switch|p2a: Kingambit|Kingambit, M|100/100|[from] U-turn
|-activate|p2a: Kingambit|ability: Supreme Overlord
|-start|p2a: Kingambit|fallen1|[silent]
|move|p1a: Mandibuzz|Roost|p1a: Mandibuzz
|-heal|p1a: Mandibuzz|100/100 brn
|-singleturn|p1a: Mandibuzz|move: Roost
|
|-damage|p1a: Mandibuzz|94/100 brn|[from] brn
|upkeep
|turn|7
|
|t:|1779814152
|move|p1a: Mandibuzz|U-turn|p2a: Kingambit
|-damage|p2a: Kingambit|96/100
|
|t:|1779814157
|switch|p1a: Drippy|Dragapult, F|100/100|[from] U-turn
|move|p2a: Kingambit|Swords Dance|p2a: Kingambit
|-boost|p2a: Kingambit|atk|2
|
|-heal|p2a: Kingambit|100/100|[from] item: Leftovers
|upkeep
|turn|8
|
|t:|1779814162
|move|p1a: Drippy|Will-O-Wisp|p2a: Kingambit|[miss]
|-miss|p1a: Drippy|p2a: Kingambit
|move|p2a: Kingambit|Iron Head|p1a: Drippy
|-damage|p1a: Drippy|0 fnt
|faint|p1a: Drippy
|
|upkeep
|
|t:|1779814169
|switch|p1a: Cookie maker|Rotom-Heat|12/100
|turn|9
|
|t:|1779814174
|move|p1a: Cookie maker|Pain Split|p2a: Kingambit
|-sethp|p2a: Kingambit|54/100|[from] move: Pain Split|[silent]
|-sethp|p1a: Cookie maker|78/100|[from] move: Pain Split
|move|p2a: Kingambit|Iron Head|p1a: Cookie maker
|-resisted|p1a: Cookie maker
|-damage|p1a: Cookie maker|46/100
|
|-heal|p2a: Kingambit|61/100|[from] item: Leftovers
|upkeep
|turn|10
|
|t:|1779814190
|move|p2a: Kingambit|Sucker Punch||[still]
|-fail|p2a: Kingambit
|move|p1a: Cookie maker|Nasty Plot|p1a: Cookie maker
|-boost|p1a: Cookie maker|spa|2
|
|-heal|p2a: Kingambit|67/100|[from] item: Leftovers
|upkeep
|turn|11
|
|t:|1779814193
|move|p2a: Kingambit|Sucker Punch|p1a: Cookie maker
|-damage|p1a: Cookie maker|0 fnt
|faint|p1a: Cookie maker
|
|-heal|p2a: Kingambit|73/100|[from] item: Leftovers
|upkeep
|
|t:|1779814197
|switch|p1a: Iron Valiant|Iron Valiant|100/100
|-enditem|p1a: Iron Valiant|Booster Energy
|-activate|p1a: Iron Valiant|ability: Quark Drive|[fromitem]
|-start|p1a: Iron Valiant|quarkdrivespe
|turn|12
|
|t:|1779814202
|-terastallize|p2a: Kingambit|Ghost
|move|p1a: Iron Valiant|Close Combat|p2a: Kingambit
|-immune|p2a: Kingambit
|move|p2a: Kingambit|Iron Head|p1a: Iron Valiant
|-supereffective|p1a: Iron Valiant
|-damage|p1a: Iron Valiant|0 fnt
|faint|p1a: Iron Valiant
|-end|p1a: Iron Valiant|Quark Drive|[silent]
|
|-heal|p2a: Kingambit|79/100|[from] item: Leftovers
|upkeep
|
|t:|1779814211
|switch|p1a: Mandibuzz|Mandibuzz, F|94/100 brn
|turn|13
|
|t:|1779814214
|move|p1a: Mandibuzz|Foul Play|p2a: Kingambit
|-supereffective|p2a: Kingambit
|-damage|p2a: Kingambit|0 fnt
|faint|p2a: Kingambit
|-end|p2a: Kingambit|fallen1|[silent]
|
|-damage|p1a: Mandibuzz|88/100 brn|[from] brn
|upkeep
|
|t:|1779814223
|switch|p2a: Zapdos|Zapdos, shiny|100/100
|turn|14
|
|t:|1779814227
|switch|p1a: Clodsire|Clodsire, F|100/100
|move|p2a: Zapdos|Volt Switch|p1a: Clodsire
|-immune|p1a: Clodsire
|
|upkeep
|turn|15
|
|t:|1779814232
|switch|p2a: Slowking|Slowking-Galar, M|100/100
|move|p1a: Clodsire|Toxic|p2a: Slowking
|-immune|p2a: Slowking
|
|upkeep
|turn|16
|
|t:|1779814236
|move|p1a: Clodsire|Stealth Rock|p2a: Slowking
|-sidestart|p2: cat party|move: Stealth Rock
|move|p2a: Slowking|Future Sight|p1a: Clodsire
|-start|p2a: Slowking|move: Future Sight
|
|upkeep
|turn|17
|
|t:|1779814239
|move|p1a: Clodsire|Earthquake|p2a: Slowking
|-supereffective|p2a: Slowking
|-damage|p2a: Slowking|45/100
|-prepare|p2a: Slowking|Chilly Reception|[premajor]
|move|p2a: Slowking|Chilly Reception|p2a: Slowking
|-weather|Snowscape
|
|t:|1779814241
|switch|p2a: Cinderace|Cinderace, F|100/100|[from] Chilly Reception
|
|-weather|Snowscape|[upkeep]
|upkeep
|turn|18
|
|t:|1779814245
|switch|p1a: Mandibuzz|Mandibuzz, F|88/100 brn
|move|p2a: Cinderace|Court Change|p2a: Cinderace
|-swapsideconditions
|-activate|p2a: Cinderace|move: Court Change
|
|-weather|Snowscape|[upkeep]
|-end|p1a: Mandibuzz|move: Future Sight
|-immune|p1a: Mandibuzz
|-damage|p1a: Mandibuzz|82/100 brn|[from] brn
|upkeep
|turn|19
|
|t:|1779814251
|move|p2a: Cinderace|U-turn|p1a: Mandibuzz
|-damage|p1a: Mandibuzz|72/100 brn
|
|t:|1779814253
|switch|p2a: Slowking|Slowking-Galar, M|78/100|[from] U-turn
|move|p1a: Mandibuzz|U-turn|p2a: Slowking
|-damage|p2a: Slowking|73/100
|
|t:|1779814255
|switch|p1a: Clodsire|Clodsire, F|100/100|[from] U-turn
|-damage|p1a: Clodsire|94/100|[from] Stealth Rock
|
|-weather|Snowscape|[upkeep]
|-heal|p1a: Clodsire|100/100|[from] item: Leftovers
|upkeep
|turn|20
|
|t:|1779814258
|move|p1a: Clodsire|Stealth Rock|p2a: Slowking
|-sidestart|p2: cat party|move: Stealth Rock
|move|p2a: Slowking|Future Sight|p1a: Clodsire
|-start|p2a: Slowking|move: Future Sight
|
|-weather|Snowscape|[upkeep]
|upkeep
|turn|21
|
|t:|1779814261
|move|p1a: Clodsire|Earthquake|p2a: Slowking
|-supereffective|p2a: Slowking
|-damage|p2a: Slowking|21/100
|-prepare|p2a: Slowking|Chilly Reception|[premajor]
|move|p2a: Slowking|Chilly Reception|p2a: Slowking
|
|t:|1779814265
|switch|p2a: Cinderace|Cinderace, F|100/100|[from] Chilly Reception
|
|-weather|none
|upkeep
|turn|22
|
|t:|1779814267
|switch|p1a: Mandibuzz|Mandibuzz, F|72/100 brn
|move|p2a: Cinderace|Pyro Ball|p1a: Mandibuzz
|-damage|p1a: Mandibuzz|42/100 brn
|
|-end|p1a: Mandibuzz|move: Future Sight
|-immune|p1a: Mandibuzz
|-damage|p1a: Mandibuzz|36/100 brn|[from] brn
|upkeep
|turn|23
|
|t:|1779814272
|move|p2a: Cinderace|Pyro Ball|p1a: Mandibuzz
|-damage|p1a: Mandibuzz|8/100 brn
|move|p1a: Mandibuzz|Roost|p1a: Mandibuzz
|-heal|p1a: Mandibuzz|58/100 brn
|-singleturn|p1a: Mandibuzz|move: Roost
|
|-damage|p1a: Mandibuzz|52/100 brn|[from] brn
|upkeep
|turn|24
|
|t:|1779814275
|move|p2a: Cinderace|Pyro Ball|p1a: Mandibuzz
|-damage|p1a: Mandibuzz|22/100 brn
|move|p1a: Mandibuzz|Roost|p1a: Mandibuzz
|-heal|p1a: Mandibuzz|73/100 brn
|-singleturn|p1a: Mandibuzz|move: Roost
|
|-damage|p1a: Mandibuzz|66/100 brn|[from] brn
|upkeep
|turn|25
|
|t:|1779814277
|move|p2a: Cinderace|U-turn|p1a: Mandibuzz
|-damage|p1a: Mandibuzz|55/100 brn
|
|t:|1779814278
|switch|p2a: Slowking|Slowking-Galar, M|55/100|[from] U-turn
|-damage|p2a: Slowking|42/100|[from] Stealth Rock
|move|p1a: Mandibuzz|Roost|p1a: Mandibuzz
|-heal|p1a: Mandibuzz|100/100 brn
|-singleturn|p1a: Mandibuzz|move: Roost
|
|-damage|p1a: Mandibuzz|94/100 brn|[from] brn
|upkeep
|turn|26
|
|t:|1779814282
|move|p1a: Mandibuzz|Foul Play|p2a: Slowking
|-supereffective|p2a: Slowking
|-enditem|p2a: Slowking|Colbur Berry|[eat]
|-enditem|p2a: Slowking|Colbur Berry|[weaken]
|-damage|p2a: Slowking|34/100
|move|p2a: Slowking|Future Sight|p1a: Mandibuzz
|-start|p2a: Slowking|move: Future Sight
|
|-damage|p1a: Mandibuzz|88/100 brn|[from] brn
|upkeep
|turn|27
|
|t:|1779814288
|switch|p2a: Zapdos|Zapdos, shiny|100/100
|move|p1a: Mandibuzz|Foul Play|p2a: Zapdos
|-damage|p2a: Zapdos|92/100
|
|-damage|p1a: Mandibuzz|82/100 brn|[from] brn
|upkeep
|turn|28
|
|t:|1779814298
|switch|p1a: Clodsire|Clodsire, F|100/100
|-damage|p1a: Clodsire|94/100|[from] Stealth Rock
|move|p2a: Zapdos|Volt Switch|p1a: Clodsire
|-immune|p1a: Clodsire
|
|-end|p1a: Clodsire|move: Future Sight
|-supereffective|p1a: Clodsire
|-damage|p1a: Clodsire|50/100
|-heal|p1a: Clodsire|57/100|[from] item: Leftovers
|upkeep
|turn|29
|
|t:|1779814303
|switch|p2a: Great Tusk|Great Tusk|100/100
|-damage|p2a: Great Tusk|97/100|[from] Stealth Rock
|move|p1a: Clodsire|Recover|p1a: Clodsire
|-heal|p1a: Clodsire|100/100
|
|-heal|p2a: Great Tusk|100/100|[from] item: Leftovers
|upkeep
|turn|30
|
|t:|1779814308
|move|p2a: Great Tusk|Ice Spinner|p1a: Clodsire
|-supereffective|p1a: Clodsire
|-crit|p1a: Clodsire
|-damage|p1a: Clodsire|11/100
|move|p1a: Clodsire|Toxic|p2a: Great Tusk
|-status|p2a: Great Tusk|tox
|
|-heal|p1a: Clodsire|18/100|[from] item: Leftovers
|-damage|p2a: Great Tusk|94/100 tox|[from] psn
|upkeep
|turn|31
|
|t:|1779814314
|switch|p1a: Mandibuzz|Mandibuzz, F|82/100 brn
|move|p2a: Great Tusk|Ice Spinner|p1a: Mandibuzz
|-supereffective|p1a: Mandibuzz
|-damage|p1a: Mandibuzz|48/100 brn
|
|-heal|p2a: Great Tusk|100/100 tox|[from] item: Leftovers
|-damage|p2a: Great Tusk|88/100 tox|[from] psn
|-damage|p1a: Mandibuzz|42/100 brn|[from] brn
|upkeep
|turn|32
|
|t:|1779814319
|-end|p2a: Great Tusk|Protosynthesis|[silent]
|switch|p2a: Zapdos|Zapdos, shiny|92/100
|move|p1a: Mandibuzz|Roost|p1a: Mandibuzz
|-heal|p1a: Mandibuzz|92/100 brn
|-singleturn|p1a: Mandibuzz|move: Roost
|
|-damage|p1a: Mandibuzz|86/100 brn|[from] brn
|upkeep
|turn|33
|
|t:|1779814323
|switch|p1a: Clodsire|Clodsire, F|18/100
|-damage|p1a: Clodsire|11/100|[from] Stealth Rock
|move|p2a: Zapdos|Volt Switch|p1a: Clodsire
|-immune|p1a: Clodsire
|
|-heal|p1a: Clodsire|18/100|[from] item: Leftovers
|upkeep
|turn|34
|
|t:|1779814329
|move|p2a: Zapdos|Hurricane|p1a: Clodsire|[miss]
|-miss|p2a: Zapdos|p1a: Clodsire
|move|p1a: Clodsire|Recover|p1a: Clodsire
|-heal|p1a: Clodsire|68/100
|
|-heal|p1a: Clodsire|74/100|[from] item: Leftovers
|upkeep
|turn|35
|-message|cat party forfeited.
|
|win|nwalesu
|raw|nwalesu's rating: 1438 &rarr; <strong>1463</strong><br />(+25 for winning)
|raw|cat party's rating: 1535 &rarr; <strong>1510</strong><br />(-25 for losing)
|l|☆cat party
|player|p2|
