|j|☆UltraAero
|j|☆drewski42
|t:|1779818014
|gametype|singles
|player|p1|UltraAero|dawn-gen4pt|1253
|player|p2|drewski42|nate|1218
|gen|9
|tier|[Gen 9] OU
|rated|
|rule|HP Percentage Mod: HP is shown in percentages
|rule|Endless Battle Clause: Forcing endless battles is banned
|rule|Species Clause: Limit one of each Pokémon
|rule|OHKO Clause: OHKO moves are banned
|rule|Evasion Items Clause: Evasion items are banned
|rule|Evasion Moves Clause: Evasion moves are banned
|rule|Evasion Abilities Clause: Evasion abilities are banned
|rule|Sleep Moves Clause: Sleep-inducing moves are banned
|clearpoke
|poke|p1|Cinderace, F|
|poke|p1|Vaporeon, M|
|poke|p1|Gliscor, F|
|poke|p1|Iron Valiant|
|poke|p1|Corviknight, F|
|poke|p1|Slowking-Galar, F|
|poke|p2|Dragapult, M|
|poke|p2|Gliscor, F|
|poke|p2|Ogerpon-Wellspring, F|
|poke|p2|Glimmora, F|
|poke|p2|Alomomola, F|
|poke|p2|Kingambit, F|
|teampreview
|inactive|Battle timer is ON: inactive players will automatically lose when time's up. (requested by UltraAero)
|
|t:|1779818020
|teamsize|p1|6
|teamsize|p2|6
|start
|switch|p1a: Cinderace|Cinderace, F|100/100
|switch|p2a: Glimmora|Glimmora, F|100/100
|turn|1
|
|t:|1779818025
|move|p1a: Cinderace|Iron Head|p2a: Glimmora
|-start|p1a: Cinderace|typechange|Steel|[from] ability: Libero
|-supereffective|p2a: Glimmora
|-damage|p2a: Glimmora|0 fnt
|-activate|p2a: Glimmora|ability: Toxic Debris
|-sidestart|p1: UltraAero|move: Toxic Spikes
|faint|p2a: Glimmora
|
|upkeep
|
|t:|1779818038
|switch|p2a: Alomomola|Alomomola, F|100/100
|turn|2
|
|t:|1779818041
|move|p1a: Cinderace|U-turn|p2a: Alomomola
|-damage|p2a: Alomomola|89/100
|-damage|p1a: Cinderace|84/100|[from] item: Rocky Helmet|[of] p2a: Alomomola
|
|t:|1779818045
|switch|p1a: Slowking|Slowking-Galar, F|100/100|[from] U-turn
|-sideend|p1: UltraAero|move: Toxic Spikes|[of] p1a: Slowking
|move|p2a: Alomomola|Scald|p1a: Slowking
|-damage|p1a: Slowking|92/100
|
|upkeep
|turn|3
|
|t:|1779818060
|move|p2a: Alomomola|Flip Turn|p1a: Slowking
|-damage|p1a: Slowking|74/100
|
|t:|1779818065
|switch|p2a: Kingambit|Kingambit, F|100/100|[from] Flip Turn
|-activate|p2a: Kingambit|ability: Supreme Overlord
|-start|p2a: Kingambit|fallen1|[silent]
|move|p1a: Slowking|Toxic Spikes|p2a: Kingambit
|-sidestart|p2: drewski42|move: Toxic Spikes
|
|upkeep
|turn|4
|
|t:|1779818073
|move|p2a: Kingambit|Iron Head|p1a: Slowking
|-damage|p1a: Slowking|20/100
|move|p1a: Slowking|Taunt|p2a: Kingambit
|-start|p2a: Kingambit|move: Taunt
|
|upkeep
|turn|5
|
|t:|1779818080
|switch|p1a: Corviknight|Corviknight, F|100/100
|-ability|p1a: Corviknight|Pressure
|move|p2a: Kingambit|Iron Head|p1a: Corviknight
|-resisted|p1a: Corviknight
|-damage|p1a: Corviknight|85/100
|-damage|p2a: Kingambit|84/100|[from] item: Rocky Helmet|[of] p1a: Corviknight
|
|upkeep
|turn|6
|
|t:|1779818093
|-end|p2a: Kingambit|fallen1|[silent]
|switch|p2a: Gliscor|Gliscor, F|100/100
|move|p1a: Corviknight|Reflect|p1a: Corviknight
|-sidestart|p1: UltraAero|Reflect
|
|-status|p2a: Gliscor|tox|[from] item: Toxic Orb
|upkeep
|turn|7
|
|t:|1779818111
|move|p2a: Gliscor|Knock Off|p1a: Corviknight
|-damage|p1a: Corviknight|79/100
|-damage|p2a: Gliscor|84/100 tox|[from] item: Rocky Helmet|[of] p1a: Corviknight
|-enditem|p1a: Corviknight|Rocky Helmet|[from] move: Knock Off|[of] p2a: Gliscor
|move|p1a: Corviknight|Iron Head|p2a: Gliscor
|-damage|p2a: Gliscor|64/100 tox
|
|-heal|p2a: Gliscor|77/100 tox|[from] ability: Poison Heal
|upkeep
|turn|8
|
|t:|1779818133
|switch|p2a: Alomomola|Alomomola, F|100/100
|-status|p2a: Alomomola|psn
|move|p1a: Corviknight|Iron Head|p2a: Alomomola
|-resisted|p2a: Alomomola
|-damage|p2a: Alomomola|94/100 psn
|-damage|p1a: Corviknight|62/100|[from] item: Rocky Helmet|[of] p2a: Alomomola
|
|-damage|p2a: Alomomola|82/100 psn|[from] psn
|upkeep
|turn|9
|
|t:|1779818143
|move|p1a: Corviknight|Roost|p1a: Corviknight
|-heal|p1a: Corviknight|100/100
|-singleturn|p1a: Corviknight|move: Roost
|move|p2a: Alomomola|Flip Turn|p1a: Corviknight
|-damage|p1a: Corviknight|96/100
|
|t:|1779818150
|switch|p2a: Dragapult|Dragapult, M|100/100|[from] Flip Turn
|-status|p2a: Dragapult|psn
|
|-damage|p2a: Dragapult|88/100 psn|[from] psn
|upkeep
|turn|10
|
|t:|1779818157
|move|p2a: Dragapult|Flamethrower|p1a: Corviknight
|-supereffective|p1a: Corviknight
|-damage|p1a: Corviknight|20/100
|move|p1a: Corviknight|Iron Head|p2a: Dragapult
|-damage|p2a: Dragapult|54/100 psn
|
|-damage|p2a: Dragapult|42/100 psn|[from] psn
|-sideend|p1: UltraAero|Reflect
|upkeep
|turn|11
|
|t:|1779818165
|move|p2a: Dragapult|Flamethrower|p1a: Corviknight
|-supereffective|p1a: Corviknight
|-damage|p1a: Corviknight|0 fnt
|faint|p1a: Corviknight
|
|-damage|p2a: Dragapult|29/100 psn|[from] psn
|upkeep
|
|t:|1779818171
|switch|p1a: Iron Valiant|Iron Valiant|100/100
|-enditem|p1a: Iron Valiant|Booster Energy
|-activate|p1a: Iron Valiant|ability: Quark Drive|[fromitem]
|-start|p1a: Iron Valiant|quarkdrivespe
|turn|12
|
|t:|1779818177
|switch|p2a: Alomomola|Alomomola, F|100/100 psn
|move|p1a: Iron Valiant|Moonblast|p2a: Alomomola
|-damage|p2a: Alomomola|43/100 psn
|
|-damage|p2a: Alomomola|31/100 psn|[from] psn
|upkeep
|turn|13
|
|t:|1779818186
|switch|p2a: Gliscor|Gliscor, F|77/100 tox
|move|p1a: Iron Valiant|Moonblast|p2a: Gliscor
|-damage|p2a: Gliscor|35/100 tox
|
|-heal|p2a: Gliscor|47/100 tox|[from] ability: Poison Heal
|upkeep
|turn|14
|
|t:|1779818194
|-terastallize|p1a: Iron Valiant|Steel
|move|p2a: Gliscor|Protect|p2a: Gliscor
|-singleturn|p2a: Gliscor|Protect
|move|p1a: Iron Valiant|Moonblast|p2a: Gliscor
|-activate|p2a: Gliscor|move: Protect
|
|-heal|p2a: Gliscor|60/100 tox|[from] ability: Poison Heal
|upkeep
|turn|15
|
|t:|1779818203
|move|p1a: Iron Valiant|Encore|p2a: Gliscor
|-start|p2a: Gliscor|Encore
|move|p2a: Gliscor|Protect||[still]
|-fail|p2a: Gliscor
|
|-heal|p2a: Gliscor|72/100 tox|[from] ability: Poison Heal
|upkeep
|turn|16
|
|t:|1779818216
|move|p2a: Gliscor|Protect|p2a: Gliscor
|-singleturn|p2a: Gliscor|Protect
|move|p1a: Iron Valiant|Calm Mind|p1a: Iron Valiant
|-boost|p1a: Iron Valiant|spa|1
|-boost|p1a: Iron Valiant|spd|1
|
|-heal|p2a: Gliscor|85/100 tox|[from] ability: Poison Heal
|upkeep
|turn|17
|
|t:|1779818225
|move|p2a: Gliscor|Protect|p2a: Gliscor
|-singleturn|p2a: Gliscor|Protect
|move|p1a: Iron Valiant|Moonblast|p2a: Gliscor
|-activate|p2a: Gliscor|move: Protect
|
|-heal|p2a: Gliscor|97/100 tox|[from] ability: Poison Heal
|-end|p2a: Gliscor|Encore
|upkeep
|turn|18
|
|t:|1779818233
|move|p1a: Iron Valiant|Encore|p2a: Gliscor
|-start|p2a: Gliscor|Encore
|move|p2a: Gliscor|Protect||[still]
|-fail|p2a: Gliscor
|
|-heal|p2a: Gliscor|100/100 tox|[from] ability: Poison Heal
|upkeep
|turn|19
|
|t:|1779818261
|switch|p2a: Kingambit|Kingambit, F|84/100
|-activate|p2a: Kingambit|ability: Supreme Overlord
|-start|p2a: Kingambit|fallen1|[silent]
|move|p1a: Iron Valiant|Moonblast|p2a: Kingambit
|-damage|p2a: Kingambit|20/100
|
|upkeep
|turn|20
|
|t:|1779818269
|-terastallize|p2a: Kingambit|Dark
|move|p2a: Kingambit|Sucker Punch|p1a: Iron Valiant
|-damage|p1a: Iron Valiant|13/100
|move|p1a: Iron Valiant|Aura Sphere|p2a: Kingambit
|-supereffective|p2a: Kingambit
|-damage|p2a: Kingambit|0 fnt
|faint|p2a: Kingambit
|-end|p2a: Kingambit|fallen1|[silent]
|
|upkeep
|
|t:|1779818279
|switch|p2a: Gliscor|Gliscor, F|100/100 tox
|turn|21
|
|t:|1779818282
|move|p1a: Iron Valiant|Moonblast|p2a: Gliscor
|-damage|p2a: Gliscor|38/100 tox
|move|p2a: Gliscor|Earthquake|p1a: Iron Valiant
|-supereffective|p1a: Iron Valiant
|-damage|p1a: Iron Valiant|0 fnt
|faint|p1a: Iron Valiant
|-end|p1a: Iron Valiant|Quark Drive|[silent]
|
|-heal|p2a: Gliscor|51/100 tox|[from] ability: Poison Heal
|upkeep
|
|t:|1779818290
|switch|p1a: Vaporeon|Vaporeon, M|100/100
|turn|22
|
|t:|1779818293
|move|p2a: Gliscor|Protect|p2a: Gliscor
|-singleturn|p2a: Gliscor|Protect
|move|p1a: Vaporeon|Ice Beam|p2a: Gliscor
|-activate|p2a: Gliscor|move: Protect
|
|-heal|p2a: Gliscor|63/100 tox|[from] ability: Poison Heal
|upkeep
|turn|23
|
|t:|1779818301
|switch|p2a: Alomomola|Alomomola, F|64/100 psn
|move|p1a: Vaporeon|Ice Beam|p2a: Alomomola
|-resisted|p2a: Alomomola
|-damage|p2a: Alomomola|45/100 psn
|
|-damage|p2a: Alomomola|33/100 psn|[from] psn
|upkeep
|turn|24
|
|t:|1779818311
|move|p1a: Vaporeon|Acid Armor|p1a: Vaporeon
|-boost|p1a: Vaporeon|def|2
|move|p2a: Alomomola|Flip Turn|p1a: Vaporeon
|-immune|p1a: Vaporeon|[from] ability: Water Absorb
|
|-damage|p2a: Alomomola|21/100 psn|[from] psn
|upkeep
|turn|25
|
|t:|1779818318
|move|p1a: Vaporeon|Acid Armor|p1a: Vaporeon
|-boost|p1a: Vaporeon|def|2
|move|p2a: Alomomola|Wish|p2a: Alomomola
|
|-damage|p2a: Alomomola|8/100 psn|[from] psn
|upkeep
|turn|26
|
|t:|1779818324
|move|p2a: Alomomola|Protect|p2a: Alomomola
|-singleturn|p2a: Alomomola|Protect
|move|p1a: Vaporeon|Ice Beam|p2a: Alomomola
|-activate|p2a: Alomomola|move: Protect
|
|-heal|p2a: Alomomola|58/100 psn|[from] move: Wish|[wisher] Alomomola
|-damage|p2a: Alomomola|46/100 psn|[from] psn
|upkeep
|turn|27
|
|t:|1779818332
|move|p1a: Vaporeon|Acid Armor|p1a: Vaporeon
|-boost|p1a: Vaporeon|def|2
|move|p2a: Alomomola|Wish|p2a: Alomomola
|
|-damage|p2a: Alomomola|34/100 psn|[from] psn
|upkeep
|turn|28
|
|t:|1779818340
|move|p1a: Vaporeon|Calm Mind|p1a: Vaporeon
|-boost|p1a: Vaporeon|spa|1
|-boost|p1a: Vaporeon|spd|1
|move|p2a: Alomomola|Scald|p1a: Vaporeon
|-immune|p1a: Vaporeon|[from] ability: Water Absorb
|
|-heal|p2a: Alomomola|84/100 psn|[from] move: Wish|[wisher] Alomomola
|-damage|p2a: Alomomola|71/100 psn|[from] psn
|upkeep
|turn|29
|
|t:|1779818358
|switch|p2a: Ogerpon|Ogerpon-Wellspring, F|100/100
|-status|p2a: Ogerpon|psn
|move|p1a: Vaporeon|Calm Mind|p1a: Vaporeon
|-boost|p1a: Vaporeon|spa|1
|-boost|p1a: Vaporeon|spd|1
|
|-damage|p2a: Ogerpon|88/100 psn|[from] psn
|upkeep
|turn|30
|
|t:|1779818367
|move|p2a: Ogerpon|Horn Leech|p1a: Vaporeon
|-supereffective|p1a: Vaporeon
|-damage|p1a: Vaporeon|77/100
|-heal|p2a: Ogerpon|100/100 psn|[from] drain|[of] p1a: Vaporeon
|move|p1a: Vaporeon|Ice Beam|p2a: Ogerpon
|-damage|p2a: Ogerpon|27/100 psn
|
|-heal|p1a: Vaporeon|83/100|[from] item: Leftovers
|-damage|p2a: Ogerpon|15/100 psn|[from] psn
|upkeep
|turn|31
|
|t:|1779818376
|move|p2a: Ogerpon|Horn Leech|p1a: Vaporeon
|-supereffective|p1a: Vaporeon
|-damage|p1a: Vaporeon|56/100
|-heal|p2a: Ogerpon|36/100 psn|[from] drain|[of] p1a: Vaporeon
|move|p1a: Vaporeon|Ice Beam|p2a: Ogerpon
|-damage|p2a: Ogerpon|0 fnt
|faint|p2a: Ogerpon
|
|-heal|p1a: Vaporeon|62/100|[from] item: Leftovers
|upkeep
|
|t:|1779818386
|switch|p2a: Dragapult|Dragapult, M|29/100 psn
|turn|32
|
|t:|1779818388
|move|p2a: Dragapult|Draco Meteor|p1a: Vaporeon|[miss]
|-miss|p2a: Dragapult|p1a: Vaporeon
|move|p1a: Vaporeon|Ice Beam|p2a: Dragapult
|-supereffective|p2a: Dragapult
|-damage|p2a: Dragapult|0 fnt
|faint|p2a: Dragapult
|
|-heal|p1a: Vaporeon|68/100|[from] item: Leftovers
|upkeep
|-message|drewski42 forfeited.
|
|win|UltraAero
|raw|UltraAero's rating: 1253 &rarr; <strong>1275</strong><br />(+22 for winning)
|raw|drewski42's rating: 1218 &rarr; <strong>1196</strong><br />(-22 for losing)
|l|☆drewski42
|player|p2|
