|j|☆Yeissy
|j|☆topai69
|t:|1779876837
|gametype|singles
|player|p1|Yeissy|veteranf|1279
|player|p2|topai69|101|1332
|gen|9
|tier|[Gen 9] OU
|rated|
|rule|HP Percentage Mod: HP is shown in percentages
|rule|Endless Battle Clause: Forcing endless battles is banned
|rule|Species Clause: Limit one of each Pokémon
|rule|OHKO Clause: OHKO moves are banned
|rule|Evasion Items Clause: Evasion items are banned
|rule|Evasion Moves Clause: Evasion moves are banned
|rule|Evasion Abilities Clause: Evasion abilities are banned
|rule|Sleep Moves Clause: Sleep-inducing moves are banned
|clearpoke
|poke|p1|Cinderace, F|
|poke|p1|Gliscor, M|
|poke|p1|Sableye, M|
|poke|p1|Maushold-Four|
|poke|p1|Raging Bolt|
|poke|p1|Meowscarada, F|
|poke|p2|Gliscor, F|
|poke|p2|Clefable, F|
|poke|p2|Dragapult, F|
|poke|p2|Iron Valiant|
|poke|p2|Slowking-Galar, M|
|poke|p2|Zamazenta-*|
|teampreview
|inactive|Battle timer is ON: inactive players will automatically lose when time's up. (requested by Yeissy)
|inactive|topai69 also wants the timer to be on.
|
|t:|1779876851
|teamsize|p1|6
|teamsize|p2|6
|start
|switch|p1a: Sableye|Sableye, M|100/100
|switch|p2a: Gliscor|Gliscor, F|100/100
|turn|1
|
|t:|1779876857
|move|p2a: Gliscor|Protect|p2a: Gliscor
|-singleturn|p2a: Gliscor|Protect
|move|p1a: Sableye|Will-O-Wisp|p2a: Gliscor
|-activate|p2a: Gliscor|move: Protect
|
|-status|p2a: Gliscor|tox|[from] item: Toxic Orb
|upkeep
|turn|2
|
|t:|1779876870
|switch|p2a: Clefable|Clefable, F|100/100
|move|p1a: Sableye|Reflect|p1a: Sableye
|-sidestart|p1: Yeissy|Reflect
|
|upkeep
|turn|3
|
|t:|1779876877
|move|p1a: Sableye|Thunder Wave|p2a: Clefable
|-status|p2a: Clefable|par
|cant|p2a: Clefable|par
|
|upkeep
|turn|4
|
|t:|1779876884
|move|p1a: Sableye|Light Screen|p1a: Sableye
|-sidestart|p1: Yeissy|move: Light Screen
|move|p2a: Clefable|Moonblast|p1a: Sableye
|-supereffective|p1a: Sableye
|-damage|p1a: Sableye|54/100
|-unboost|p1a: Sableye|spa|1
|
|upkeep
|turn|5
|
|t:|1779876896
|switch|p1a: Cinderace|Cinderace, F|100/100
|move|p2a: Clefable|Stealth Rock|p1a: Cinderace
|-sidestart|p1: Yeissy|move: Stealth Rock
|
|upkeep
|turn|6
|
|t:|1779876911
|move|p1a: Cinderace|Swords Dance|p1a: Cinderace
|-boost|p1a: Cinderace|atk|2
|move|p2a: Clefable|Thunder Wave|p1a: Cinderace
|-status|p1a: Cinderace|par
|
|upkeep
|turn|7
|
|t:|1779876921
|switch|p2a: Zamazenta|Zamazenta|100/100
|-ability|p2a: Zamazenta|Dauntless Shield|boost
|-boost|p2a: Zamazenta|def|1
|move|p1a: Cinderace|Pyro Ball|p2a: Zamazenta
|-crit|p2a: Zamazenta
|-damage|p2a: Zamazenta|0 fnt
|faint|p2a: Zamazenta
|
|upkeep
|
|t:|1779876944
|switch|p2a: Gliscor|Gliscor, F|100/100 tox
|turn|8
|
|t:|1779876949
|move|p2a: Gliscor|Spikes|p1a: Cinderace
|-sidestart|p1: Yeissy|Spikes
|move|p1a: Cinderace|Pyro Ball|p2a: Gliscor
|-crit|p2a: Gliscor
|-damage|p2a: Gliscor|0 fnt
|faint|p2a: Gliscor
|
|upkeep
|c|☆topai69|okey bro
|c|☆topai69|2 crits
|c|☆Yeissy|HAHAHA
|-message|topai69 forfeited.
|
|win|Yeissy
|raw|Yeissy's rating: 1279 &rarr; <strong>1308</strong><br />(+29 for winning)
|raw|topai69's rating: 1332 &rarr; <strong>1309</strong><br />(-23 for losing)
|l|☆topai69
|player|p2|
