|j|☆dono yoyo
|j|☆riarley
|t:|1779915453
|gametype|singles
|player|p1|dono yoyo|dancer|1230
|player|p2|riarley|169|1274
|gen|9
|tier|[Gen 9] OU
|rated|
|rule|HP Percentage Mod: HP is shown in percentages
|rule|Endless Battle Clause: Forcing endless battles is banned
|rule|Species Clause: Limit one of each Pokémon
|rule|OHKO Clause: OHKO moves are banned
|rule|Evasion Items Clause: Evasion items are banned
|rule|Evasion Moves Clause: Evasion moves are banned
|rule|Evasion Abilities Clause: Evasion abilities are banned
|rule|Sleep Moves Clause: Sleep-inducing moves are banned
|clearpoke
|poke|p1|Darkrai|
|poke|p1|Alomomola, F|
|poke|p1|Slowking-Galar, M|
|poke|p1|Garchomp, F|
|poke|p1|Regieleki|
|poke|p1|Kingambit, M|
|poke|p2|Corviknight, F|
|poke|p2|Slowking-Galar, F|
|poke|p2|Blissey, F|
|poke|p2|Dondozo, M|
|poke|p2|Kyurem|
|poke|p2|Great Tusk|
|teampreview
|
|t:|1779915476
|teamsize|p1|6
|teamsize|p2|6
|start
|switch|p1a: La chomp|Garchomp, F|100/100
|switch|p2a: Great Tusk|Great Tusk|100/100
|turn|1
|
|t:|1779915483
|-end|p2a: Great Tusk|Protosynthesis|[silent]
|switch|p2a: Corviknight|Corviknight, F|100/100
|-ability|p2a: Corviknight|Pressure
|move|p1a: La chomp|Stealth Rock|p2a: Corviknight
|-sidestart|p2: riarley|move: Stealth Rock
|
|upkeep
|turn|2
|
|t:|1779915493
|switch|p1a: Fast as duck boiii|Regieleki|100/100
|move|p2a: Corviknight|U-turn|p1a: Fast as duck boiii
|-damage|p1a: Fast as duck boiii|73/100
|
|t:|1779915496
|switch|p2a: Great Tusk|Great Tusk|100/100|[from] U-turn
|
|upkeep
|turn|3
|
|t:|1779915510
|switch|p1a: We stalin|Alomomola, F|100/100
|move|p2a: Great Tusk|Rapid Spin|p1a: We stalin
|-damage|p1a: We stalin|91/100
|-boost|p2a: Great Tusk|spe|1
|-sideend|p2: riarley|Stealth Rock|[from] move: Rapid Spin|[of] p2a: Great Tusk
|
|-heal|p1a: We stalin|97/100|[from] item: Leftovers
|upkeep
|turn|4
|
|t:|1779915518
|-end|p2a: Great Tusk|Protosynthesis|[silent]
|switch|p2a: Slowking|Slowking-Galar, F|100/100
|move|p1a: We stalin|Flip Turn|p2a: Slowking
|-damage|p2a: Slowking|85/100
|
|t:|1779915524
|switch|p1a: La chomp|Garchomp, F|100/100|[from] Flip Turn
|
|upkeep
|turn|5
|
|t:|1779915529
|move|p1a: La chomp|Stealth Rock|p2a: Slowking
|-sidestart|p2: riarley|move: Stealth Rock
|-prepare|p2a: Slowking|Chilly Reception|[premajor]
|move|p2a: Slowking|Chilly Reception|p2a: Slowking
|-weather|Snowscape
|
|t:|1779915531
|switch|p2a: Kyurem|Kyurem|100/100|[from] Chilly Reception
|-damage|p2a: Kyurem|75/100|[from] Stealth Rock
|-ability|p2a: Kyurem|Pressure
|
|-weather|Snowscape|[upkeep]
|upkeep
|turn|6
|
|t:|1779915542
|move|p1a: La chomp|Scale Shot|p2a: Kyurem
|-supereffective|p2a: Kyurem
|-damage|p2a: Kyurem|60/100
|-supereffective|p2a: Kyurem
|-damage|p2a: Kyurem|41/100
|-supereffective|p2a: Kyurem
|-damage|p2a: Kyurem|24/100
|-supereffective|p2a: Kyurem
|-damage|p2a: Kyurem|7/100
|-hitcount|p2a: Kyurem|4
|-unboost|p1a: La chomp|def|1
|-boost|p1a: La chomp|spe|1
|move|p2a: Kyurem|Earth Power|p1a: La chomp
|-damage|p1a: La chomp|51/100
|
|-weather|Snowscape|[upkeep]
|upkeep
|turn|7
|
|t:|1779915558
|switch|p2a: Dondozo|Dondozo, M|100/100
|-damage|p2a: Dondozo|88/100|[from] Stealth Rock
|move|p1a: La chomp|Scale Shot|p2a: Dondozo
|-damage|p2a: Dondozo|81/100
|-damage|p2a: Dondozo|75/100
|-damage|p2a: Dondozo|69/100
|-damage|p2a: Dondozo|63/100
|-damage|p2a: Dondozo|57/100
|-hitcount|p2a: Dondozo|5
|-unboost|p1a: La chomp|def|1
|-boost|p1a: La chomp|spe|1
|
|-weather|Snowscape|[upkeep]
|-heal|p2a: Dondozo|63/100|[from] item: Leftovers
|upkeep
|turn|8
|
|t:|1779915571
|switch|p1a: We stalin|Alomomola, F|100/100
|move|p2a: Dondozo|Curse|p2a: Dondozo
|-unboost|p2a: Dondozo|spe|1
|-boost|p2a: Dondozo|atk|1
|-boost|p2a: Dondozo|def|1
|
|-weather|Snowscape|[upkeep]
|-heal|p2a: Dondozo|69/100|[from] item: Leftovers
|upkeep
|turn|9
|
|t:|1779915578
|move|p1a: We stalin|Wish|p1a: We stalin
|move|p2a: Dondozo|Rest|p2a: Dondozo
|-status|p2a: Dondozo|slp|[from] move: Rest
|-heal|p2a: Dondozo|100/100 slp|[silent]
|
|-weather|none
|upkeep
|turn|10
|
|t:|1779915584
|switch|p1a: Fast as duck boiii|Regieleki|73/100
|cant|p2a: Dondozo|slp
|move|p2a: Dondozo|Sleep Talk|p2a: Dondozo
|move|p2a: Dondozo|Curse|p2a: Dondozo|[from] move: Sleep Talk
|-unboost|p2a: Dondozo|spe|1
|-boost|p2a: Dondozo|atk|1
|-boost|p2a: Dondozo|def|1
|
|-heal|p1a: Fast as duck boiii|100/100|[from] move: Wish|[wisher] We stalin
|upkeep
|turn|11
|
|t:|1779915609
|switch|p1a: 🛌zzZZzzZz|Darkrai|100/100
|switch|p2a: Great Tusk|Great Tusk|100/100
|
|upkeep
|turn|12
|
|t:|1779915628
|move|p1a: 🛌zzZZzzZz|Ice Beam|p2a: Great Tusk
|-supereffective|p2a: Great Tusk
|-damage|p2a: Great Tusk|6/100
|move|p2a: Great Tusk|Close Combat|p1a: 🛌zzZZzzZz
|-supereffective|p1a: 🛌zzZZzzZz
|-damage|p1a: 🛌zzZZzzZz|0 fnt
|-unboost|p2a: Great Tusk|def|1
|-unboost|p2a: Great Tusk|spd|1
|faint|p1a: 🛌zzZZzzZz
|
|upkeep
|
|t:|1779915651
|switch|p1a: La chomp|Garchomp, F|51/100
|turn|13
|
|t:|1779915656
|-end|p2a: Great Tusk|Protosynthesis|[silent]
|switch|p2a: Corviknight|Corviknight, F|100/100
|-damage|p2a: Corviknight|88/100|[from] Stealth Rock
|-ability|p2a: Corviknight|Pressure
|move|p1a: La chomp|Scale Shot|p2a: Corviknight
|-resisted|p2a: Corviknight
|-damage|p2a: Corviknight|84/100
|-resisted|p2a: Corviknight
|-damage|p2a: Corviknight|80/100
|-resisted|p2a: Corviknight
|-damage|p2a: Corviknight|76/100
|-resisted|p2a: Corviknight
|-damage|p2a: Corviknight|72/100
|-hitcount|p2a: Corviknight|4
|-unboost|p1a: La chomp|def|1
|-boost|p1a: La chomp|spe|1
|
|upkeep
|turn|14
|
|t:|1779915667
|switch|p1a: We stalin|Alomomola, F|100/100
|move|p2a: Corviknight|Roost|p2a: Corviknight
|-heal|p2a: Corviknight|100/100
|-singleturn|p2a: Corviknight|move: Roost
|
|upkeep
|turn|15
|
|t:|1779915673
|move|p2a: Corviknight|Iron Defense|p2a: Corviknight
|-boost|p2a: Corviknight|def|2
|move|p1a: We stalin|Wish|p1a: We stalin
|
|upkeep
|turn|16
|
|t:|1779915679
|move|p2a: Corviknight|Iron Defense|p2a: Corviknight
|-boost|p2a: Corviknight|def|2
|move|p1a: We stalin|Flip Turn|p2a: Corviknight
|-damage|p2a: Corviknight|97/100
|-damage|p1a: We stalin|84/100|[from] item: Rocky Helmet|[of] p2a: Corviknight
|
|t:|1779915686
|switch|p1a: Fast as duck boiii|Regieleki|100/100|[from] Flip Turn
|
|upkeep
|turn|17
|
|t:|1779915692
|-terastallize|p2a: Corviknight|Ground
|move|p1a: Fast as duck boiii|Rapid Spin|p2a: Corviknight
|-damage|p2a: Corviknight|95/100
|-boost|p1a: Fast as duck boiii|spe|1
|-damage|p1a: Fast as duck boiii|84/100|[from] item: Rocky Helmet|[of] p2a: Corviknight
|move|p2a: Corviknight|Body Press|p1a: Fast as duck boiii
|-damage|p1a: Fast as duck boiii|0 fnt
|faint|p1a: Fast as duck boiii
|
|upkeep
|
|t:|1779915707
|switch|p1a: We stalin|Alomomola, F|100/100
|turn|18
|
|t:|1779915710
|move|p2a: Corviknight|Body Press|p1a: We stalin
|-damage|p1a: We stalin|59/100
|move|p1a: We stalin|Scald|p2a: Corviknight
|-supereffective|p2a: Corviknight
|-damage|p2a: Corviknight|68/100
|
|-heal|p1a: We stalin|65/100|[from] item: Leftovers
|upkeep
|turn|19
|
|t:|1779915718
|move|p2a: Corviknight|Iron Defense|p2a: Corviknight
|-boost|p2a: Corviknight|def|2
|move|p1a: We stalin|Wish|p1a: We stalin
|
|-heal|p1a: We stalin|71/100|[from] item: Leftovers
|upkeep
|turn|20
|
|t:|1779915724
|move|p2a: Corviknight|Roost|p2a: Corviknight
|-heal|p2a: Corviknight|100/100
|move|p1a: We stalin|Scald|p2a: Corviknight
|-supereffective|p2a: Corviknight
|-damage|p2a: Corviknight|74/100
|
|-heal|p1a: We stalin|100/100|[from] move: Wish|[wisher] We stalin
|upkeep
|turn|21
|
|t:|1779915731
|move|p2a: Corviknight|Body Press|p1a: We stalin
|-damage|p1a: We stalin|40/100
|move|p1a: We stalin|Wish|p1a: We stalin
|
|-heal|p1a: We stalin|46/100|[from] item: Leftovers
|upkeep
|turn|22
|
|t:|1779915740
|move|p1a: We stalin|Protect|p1a: We stalin
|-singleturn|p1a: We stalin|Protect
|move|p2a: Corviknight|Roost|p2a: Corviknight
|-heal|p2a: Corviknight|100/100
|
|-heal|p1a: We stalin|96/100|[from] move: Wish|[wisher] We stalin
|-heal|p1a: We stalin|100/100|[from] item: Leftovers
|upkeep
|turn|23
|
|t:|1779915748
|move|p2a: Corviknight|Body Press|p1a: We stalin
|-damage|p1a: We stalin|43/100
|move|p1a: We stalin|Scald|p2a: Corviknight
|-supereffective|p2a: Corviknight
|-damage|p2a: Corviknight|75/100
|
|-heal|p1a: We stalin|50/100|[from] item: Leftovers
|upkeep
|turn|24
|
|t:|1779915756
|move|p1a: We stalin|Protect|p1a: We stalin
|-singleturn|p1a: We stalin|Protect
|move|p2a: Corviknight|Body Press|p1a: We stalin
|-activate|p1a: We stalin|move: Protect
|
|-heal|p1a: We stalin|56/100|[from] item: Leftovers
|upkeep
|turn|25
|
|t:|1779915763
|move|p2a: Corviknight|Body Press|p1a: We stalin
|-damage|p1a: We stalin|4/100
|move|p1a: We stalin|Wish|p1a: We stalin
|
|-heal|p1a: We stalin|10/100|[from] item: Leftovers
|upkeep
|turn|26
|
|t:|1779915773
|move|p1a: We stalin|Protect|p1a: We stalin
|-singleturn|p1a: We stalin|Protect
|move|p2a: Corviknight|U-turn|p1a: We stalin
|-activate|p1a: We stalin|move: Protect
|
|-heal|p1a: We stalin|60/100|[from] move: Wish|[wisher] We stalin
|-heal|p1a: We stalin|66/100|[from] item: Leftovers
|upkeep
|turn|27
|
|t:|1779915782
|switch|p1a: Purple haze|Slowking-Galar, M|100/100
|move|p2a: Corviknight|Body Press|p1a: Purple haze
|-resisted|p1a: Purple haze
|-damage|p1a: Purple haze|75/100
|
|upkeep
|turn|28
|
|t:|1779915791
|move|p2a: Corviknight|U-turn|p1a: Purple haze
|-damage|p1a: Purple haze|61/100
|
|t:|1779915793
|switch|p2a: Blissey|Blissey, F|100/100|[from] U-turn
|move|p1a: Purple haze|Future Sight|p2a: Blissey
|-start|p1a: Purple haze|move: Future Sight
|
|upkeep
|turn|29
|
|t:|1779915818
|switch|p2a: Slowking|Slowking-Galar, F|100/100
|-prepare|p1a: Purple haze|Chilly Reception|[premajor]
|move|p1a: Purple haze|Chilly Reception|p1a: Purple haze
|-weather|Snowscape
|
|t:|1779915826
|switch|p1a: La chomp|Garchomp, F|51/100|[from] Chilly Reception
|
|-weather|Snowscape|[upkeep]
|upkeep
|turn|30
|
|t:|1779915835
|switch|p2a: Dondozo|Dondozo, M|100/100 slp
|-damage|p2a: Dondozo|88/100 slp|[from] Stealth Rock
|move|p1a: La chomp|Earthquake|p2a: Dondozo
|-crit|p2a: Dondozo
|-damage|p2a: Dondozo|50/100 slp
|
|-weather|Snowscape|[upkeep]
|-end|p2a: Dondozo|move: Future Sight
|-damage|p2a: Dondozo|13/100 slp
|-heal|p2a: Dondozo|20/100 slp|[from] item: Leftovers
|upkeep
|turn|31
|
|t:|1779915848
|switch|p2a: Corviknight|Corviknight, F, tera:Ground|75/100
|-damage|p2a: Corviknight|69/100|[from] Stealth Rock
|-ability|p2a: Corviknight|Pressure
|move|p1a: La chomp|Earthquake|p2a: Corviknight
|-damage|p2a: Corviknight|36/100
|
|-weather|Snowscape|[upkeep]
|upkeep
|turn|32
|
|t:|1779915857
|move|p1a: La chomp|Earthquake|p2a: Corviknight
|-damage|p2a: Corviknight|5/100
|move|p2a: Corviknight|Roost|p2a: Corviknight
|-heal|p2a: Corviknight|55/100
|
|-weather|Snowscape|[upkeep]
|upkeep
|turn|33
|
|t:|1779915863
|move|p1a: La chomp|Swords Dance|p1a: La chomp
|-boost|p1a: La chomp|atk|2
|move|p2a: Corviknight|Roost|p2a: Corviknight
|-heal|p2a: Corviknight|100/100
|
|-weather|none
|upkeep
|turn|34
|
|t:|1779915870
|move|p1a: La chomp|Earthquake|p2a: Corviknight
|-damage|p2a: Corviknight|38/100
|move|p2a: Corviknight|Iron Defense|p2a: Corviknight
|-boost|p2a: Corviknight|def|2
|
|upkeep
|turn|35
|
|t:|1779915875
|move|p1a: La chomp|Earthquake|p2a: Corviknight
|-damage|p2a: Corviknight|6/100
|move|p2a: Corviknight|Roost|p2a: Corviknight
|-heal|p2a: Corviknight|56/100
|
|upkeep
|turn|36
|
|t:|1779915880
|move|p1a: La chomp|Swords Dance|p1a: La chomp
|-boost|p1a: La chomp|atk|2
|move|p2a: Corviknight|Iron Defense|p2a: Corviknight
|-boost|p2a: Corviknight|def|2
|
|upkeep
|turn|37
|
|t:|1779915889
|move|p1a: La chomp|Swords Dance|p1a: La chomp
|-boost|p1a: La chomp|atk|2
|move|p2a: Corviknight|Body Press|p1a: La chomp
|-damage|p1a: La chomp|0 fnt
|-damage|p2a: Corviknight|43/100|[from] ability: Rough Skin|[of] p1a: La chomp
|faint|p1a: La chomp
|
|upkeep
|
|t:|1779915900
|switch|p1a: Purple haze|Slowking-Galar, M|94/100
|turn|38
|
|t:|1779915905
|move|p2a: Corviknight|Roost|p2a: Corviknight
|-heal|p2a: Corviknight|93/100
|move|p1a: Purple haze|Future Sight|p2a: Corviknight
|-start|p1a: Purple haze|move: Future Sight
|
|upkeep
|turn|39
|
|t:|1779915916
|move|p2a: Corviknight|U-turn|p1a: Purple haze
|-damage|p1a: Purple haze|79/100
|
|t:|1779915918
|switch|p2a: Dondozo|Dondozo, M|20/100 slp|[from] U-turn
|-damage|p2a: Dondozo|7/100 slp|[from] Stealth Rock
|-prepare|p1a: Purple haze|Chilly Reception|[premajor]
|move|p1a: Purple haze|Chilly Reception|p1a: Purple haze
|-weather|Snowscape
|
|t:|1779915926
|switch|p1a: We stalin|Alomomola, F|99/100|[from] Chilly Reception
|
|-weather|Snowscape|[upkeep]
|-heal|p1a: We stalin|100/100|[from] item: Leftovers
|-heal|p2a: Dondozo|13/100 slp|[from] item: Leftovers
|upkeep
|turn|40
|
|t:|1779915931
|move|p1a: We stalin|Scald|p2a: Dondozo
|-resisted|p2a: Dondozo
|-damage|p2a: Dondozo|7/100 slp
|cant|p2a: Dondozo|slp
|
|-weather|Snowscape|[upkeep]
|-end|p2a: Dondozo|move: Future Sight
|-damage|p2a: Dondozo|0 fnt
|faint|p2a: Dondozo
|upkeep
|
|t:|1779915937
|switch|p2a: Great Tusk|Great Tusk|6/100
|turn|41
|
|t:|1779915941
|move|p2a: Great Tusk|Rapid Spin|p1a: We stalin
|-damage|p1a: We stalin|91/100
|-boost|p2a: Great Tusk|spe|1
|-sideend|p2: riarley|Stealth Rock|[from] move: Rapid Spin|[of] p2a: Great Tusk
|move|p1a: We stalin|Flip Turn|p2a: Great Tusk
|-supereffective|p2a: Great Tusk
|-damage|p2a: Great Tusk|0 fnt
|faint|p2a: Great Tusk
|-end|p2a: Great Tusk|Protosynthesis|[silent]
|
|t:|1779915951
|switch|p1a: Purple haze|Slowking-Galar, M|100/100|[from] Flip Turn
|
|-weather|Snowscape|[upkeep]
|upkeep
|
|t:|1779915954
|switch|p2a: Kyurem|Kyurem|7/100
|-ability|p2a: Kyurem|Pressure
|turn|42
|
|t:|1779915963
|move|p2a: Kyurem|Freeze-Dry|p1a: Purple haze
|-damage|p1a: Purple haze|67/100
|move|p1a: Purple haze|Sludge Bomb|p2a: Kyurem
|-damage|p2a: Kyurem|0 fnt
|faint|p2a: Kyurem
|
|-weather|Snowscape|[upkeep]
|upkeep
|
|t:|1779915972
|switch|p2a: Blissey|Blissey, F|100/100
|turn|43
|
|t:|1779915979
|move|p2a: Blissey|Seismic Toss|p1a: Purple haze
|-damage|p1a: Purple haze|41/100
|-enditem|p1a: Purple haze|Sitrus Berry|[eat]
|-heal|p1a: Purple haze|66/100|[from] item: Sitrus Berry
|move|p1a: Purple haze|Future Sight|p2a: Blissey
|-start|p1a: Purple haze|move: Future Sight
|
|-weather|none
|upkeep
|turn|44
|
|t:|1779915988
|switch|p1a: We stalin|Alomomola, F|100/100
|move|p2a: Blissey|Seismic Toss|p1a: We stalin
|-damage|p1a: We stalin|82/100
|
|-heal|p1a: We stalin|88/100|[from] item: Leftovers
|upkeep
|turn|45
|
|t:|1779915996
|move|p1a: We stalin|Wish|p1a: We stalin
|move|p2a: Blissey|Seismic Toss|p1a: We stalin
|-damage|p1a: We stalin|69/100
|
|-end|p2a: Blissey|move: Future Sight
|-damage|p2a: Blissey|85/100
|-heal|p1a: We stalin|75/100|[from] item: Leftovers
|upkeep
|turn|46
|
|t:|1779916004
|switch|p1a: Chad-gambit|Kingambit, M|100/100
|-activate|p1a: Chad-gambit|ability: Supreme Overlord
|-start|p1a: Chad-gambit|fallen3|[silent]
|switch|p2a: Corviknight|Corviknight, F, tera:Ground|93/100
|-ability|p2a: Corviknight|Pressure
|
|upkeep
|turn|47
|
|t:|1779916021
|-terastallize|p1a: Chad-gambit|Dark
|move|p2a: Corviknight|Body Press|p1a: Chad-gambit
|-supereffective|p1a: Chad-gambit
|-crit|p1a: Chad-gambit
|-damage|p1a: Chad-gambit|47/100
|move|p1a: Chad-gambit|Kowtow Cleave|p2a: Corviknight
|-damage|p2a: Corviknight|34/100
|-damage|p1a: Chad-gambit|30/100|[from] item: Rocky Helmet|[of] p2a: Corviknight
|
|upkeep
|turn|48
|
|t:|1779916032
|move|p1a: Chad-gambit|Sucker Punch||[still]
|-fail|p1a: Chad-gambit
|move|p2a: Corviknight|Roost|p2a: Corviknight
|-heal|p2a: Corviknight|84/100
|
|upkeep
|turn|49
|
|t:|1779916038
|-end|p1a: Chad-gambit|fallen3|[silent]
|switch|p1a: We stalin|Alomomola, F|100/100
|move|p2a: Corviknight|Body Press|p1a: We stalin
|-damage|p1a: We stalin|87/100
|
|-heal|p1a: We stalin|93/100|[from] item: Leftovers
|upkeep
|turn|50
|
|t:|1779916043
|move|p2a: Corviknight|U-turn|p1a: We stalin
|-damage|p1a: We stalin|86/100
|
|t:|1779916046
|switch|p2a: Slowking|Slowking-Galar, F|100/100|[from] U-turn
|move|p1a: We stalin|Wish|p1a: We stalin
|
|-heal|p1a: We stalin|92/100|[from] item: Leftovers
|upkeep
|turn|51
|
|t:|1779916053
|move|p1a: We stalin|Flip Turn|p2a: Slowking
|-damage|p2a: Slowking|87/100
|
|t:|1779916058
|switch|p1a: Chad-gambit|Kingambit, M, tera:Dark|30/100|[from] Flip Turn
|-activate|p1a: Chad-gambit|ability: Supreme Overlord
|-start|p1a: Chad-gambit|fallen3|[silent]
|-prepare|p2a: Slowking|Chilly Reception|[premajor]
|move|p2a: Slowking|Chilly Reception|p2a: Slowking
|-weather|Snowscape
|
|t:|1779916061
|switch|p2a: Corviknight|Corviknight, F, tera:Ground|84/100|[from] Chilly Reception
|-ability|p2a: Corviknight|Pressure
|
|-weather|Snowscape|[upkeep]
|-heal|p1a: Chad-gambit|97/100|[from] move: Wish|[wisher] We stalin
|upkeep
|turn|52
|
|t:|1779916079
|move|p2a: Corviknight|Iron Defense|p2a: Corviknight
|-boost|p2a: Corviknight|def|2
|move|p1a: Chad-gambit|Kowtow Cleave|p2a: Corviknight
|-damage|p2a: Corviknight|50/100
|-damage|p1a: Chad-gambit|80/100|[from] item: Rocky Helmet|[of] p2a: Corviknight
|
|-weather|Snowscape|[upkeep]
|upkeep
|turn|53
|
|t:|1779916090
|move|p2a: Corviknight|Body Press|p1a: Chad-gambit
|-supereffective|p1a: Chad-gambit
|-damage|p1a: Chad-gambit|3/100
|move|p1a: Chad-gambit|Kowtow Cleave|p2a: Corviknight
|-damage|p2a: Corviknight|19/100
|-damage|p1a: Chad-gambit|0 fnt|[from] item: Rocky Helmet|[of] p2a: Corviknight
|faint|p1a: Chad-gambit
|-end|p1a: Chad-gambit|fallen3|[silent]
|
|-weather|Snowscape|[upkeep]
|upkeep
|
|t:|1779916100
|switch|p1a: We stalin|Alomomola, F|100/100
|turn|54
|
|t:|1779916105
|move|p2a: Corviknight|Body Press|p1a: We stalin
|-damage|p1a: We stalin|73/100
|move|p1a: We stalin|Scald|p2a: Corviknight
|-supereffective|p2a: Corviknight
|-damage|p2a: Corviknight|0 fnt
|faint|p2a: Corviknight
|
|-weather|Snowscape|[upkeep]
|-heal|p1a: We stalin|80/100|[from] item: Leftovers
|upkeep
|
|t:|1779916109
|switch|p2a: Slowking|Slowking-Galar, F|100/100
|turn|55
|
|t:|1779916118
|move|p1a: We stalin|Wish|p1a: We stalin
|move|p2a: Slowking|Toxic|p1a: We stalin
|-status|p1a: We stalin|tox
|
|-weather|none
|-heal|p1a: We stalin|86/100 tox|[from] item: Leftovers
|-damage|p1a: We stalin|80/100 tox|[from] psn
|upkeep
|turn|56
|
|t:|1779916121
|switch|p1a: Purple haze|Slowking-Galar, M|99/100
|move|p2a: Slowking|Future Sight|p1a: Purple haze
|-start|p2a: Slowking|move: Future Sight
|
|-heal|p1a: Purple haze|100/100|[from] move: Wish|[wisher] We stalin
|upkeep
|turn|57
|
|t:|1779916127
|move|p1a: Purple haze|Future Sight|p2a: Slowking
|-start|p1a: Purple haze|move: Future Sight
|move|p2a: Slowking|Toxic|p1a: Purple haze
|-immune|p1a: Purple haze
|
|upkeep
|turn|58
|
|t:|1779916137
|move|p1a: Purple haze|Sludge Bomb|p2a: Slowking
|-resisted|p2a: Slowking
|-damage|p2a: Slowking|91/100
|move|p2a: Slowking|Sludge Bomb|p1a: Purple haze
|-resisted|p1a: Purple haze
|-damage|p1a: Purple haze|90/100
|
|-end|p1a: Purple haze|move: Future Sight
|-damage|p1a: Purple haze|62/100
|upkeep
|turn|59
|
|t:|1779916146
|switch|p2a: Blissey|Blissey, F|85/100
|move|p1a: Purple haze|Slack Off|p1a: Purple haze
|-heal|p1a: Purple haze|100/100
|
|-end|p2a: Blissey|move: Future Sight
|-damage|p2a: Blissey|68/100
|upkeep
|turn|60
|
|t:|1779916159
|move|p2a: Blissey|Stealth Rock|p1a: Purple haze
|-sidestart|p1: dono yoyo|move: Stealth Rock
|-prepare|p1a: Purple haze|Chilly Reception|[premajor]
|move|p1a: Purple haze|Chilly Reception|p1a: Purple haze
|-weather|Snowscape
|
|t:|1779916165
|switch|p1a: We stalin|Alomomola, F|100/100 tox|[from] Chilly Reception
|-damage|p1a: We stalin|88/100 tox|[from] Stealth Rock
|
|-weather|Snowscape|[upkeep]
|-heal|p1a: We stalin|94/100 tox|[from] item: Leftovers
|-damage|p1a: We stalin|88/100 tox|[from] psn
|upkeep
|turn|61
|
|t:|1779916176
|move|p1a: We stalin|Flip Turn|p2a: Blissey
|-damage|p2a: Blissey|55/100
|
|t:|1779916180
|switch|p1a: Purple haze|Slowking-Galar, M|100/100|[from] Flip Turn
|-damage|p1a: Purple haze|88/100|[from] Stealth Rock
|move|p2a: Blissey|Soft-Boiled|p2a: Blissey
|-heal|p2a: Blissey|100/100
|
|-weather|Snowscape|[upkeep]
|upkeep
|turn|62
|
|t:|1779916189
|switch|p2a: Slowking|Slowking-Galar, F|100/100
|move|p1a: Purple haze|Future Sight|p2a: Slowking
|-start|p1a: Purple haze|move: Future Sight
|
|-weather|Snowscape|[upkeep]
|upkeep
|turn|63
|
|t:|1779916197
|move|p1a: Purple haze|Slack Off|p1a: Purple haze
|-heal|p1a: Purple haze|100/100
|move|p2a: Slowking|Future Sight|p1a: Purple haze
|-start|p2a: Slowking|move: Future Sight
|
|-weather|Snowscape|[upkeep]
|upkeep
|turn|64
|
|t:|1779916205
|switch|p2a: Blissey|Blissey, F|100/100
|move|p1a: Purple haze|Sludge Bomb|p2a: Blissey
|-crit|p2a: Blissey
|-damage|p2a: Blissey|83/100
|-status|p2a: Blissey|psn
|
|-weather|none
|-end|p2a: Blissey|move: Future Sight
|-crit|p2a: Blissey
|-damage|p2a: Blissey|56/100 psn
|-damage|p2a: Blissey|44/100 psn|[from] psn
|upkeep
|turn|65
|
|t:|1779916222
|move|p2a: Blissey|Soft-Boiled|p2a: Blissey
|-heal|p2a: Blissey|94/100 psn
|-prepare|p1a: Purple haze|Chilly Reception|[premajor]
|move|p1a: Purple haze|Chilly Reception|p1a: Purple haze
|-weather|Snowscape
|
|t:|1779916229
|switch|p1a: We stalin|Alomomola, F|100/100 tox|[from] Chilly Reception
|-damage|p1a: We stalin|88/100 tox|[from] Stealth Rock
|
|-weather|Snowscape|[upkeep]
|-end|p1a: We stalin|move: Future Sight
|-damage|p1a: We stalin|36/100 tox
|-heal|p1a: We stalin|42/100 tox|[from] item: Leftovers
|-damage|p1a: We stalin|36/100 tox|[from] psn
|-damage|p2a: Blissey|81/100 psn|[from] psn
|upkeep
|turn|66
|
|t:|1779916236
|-curestatus|p2a: Blissey|psn|[from] ability: Natural Cure|[silent]
|switch|p2a: Slowking|Slowking-Galar, F|100/100
|move|p1a: We stalin|Flip Turn|p2a: Slowking
|-damage|p2a: Slowking|86/100
|
|t:|1779916242
|switch|p1a: Purple haze|Slowking-Galar, M|100/100|[from] Flip Turn
|-damage|p1a: Purple haze|88/100|[from] Stealth Rock
|
|-weather|Snowscape|[upkeep]
|upkeep
|turn|67
|
|t:|1779916250
|move|p1a: Purple haze|Future Sight|p2a: Slowking
|-start|p1a: Purple haze|move: Future Sight
|-prepare|p2a: Slowking|Chilly Reception|[premajor]
|move|p2a: Slowking|Chilly Reception|p2a: Slowking
|
|t:|1779916253
|switch|p2a: Blissey|Blissey, F|81/100|[from] Chilly Reception
|
|-weather|Snowscape|[upkeep]
|upkeep
|turn|68
|
|t:|1779916257
|move|p2a: Blissey|Calm Mind|p2a: Blissey
|-boost|p2a: Blissey|spa|1
|-boost|p2a: Blissey|spd|1
|move|p1a: Purple haze|Sludge Bomb|p2a: Blissey
|-crit|p2a: Blissey
|-damage|p2a: Blissey|61/100
|
|-weather|Snowscape|[upkeep]
|upkeep
|turn|69
|
|t:|1779916264
|move|p2a: Blissey|Soft-Boiled|p2a: Blissey
|-heal|p2a: Blissey|100/100
|move|p1a: Purple haze|Sludge Bomb|p2a: Blissey
|-damage|p2a: Blissey|92/100
|
|-weather|none
|-end|p2a: Blissey|move: Future Sight
|-damage|p2a: Blissey|80/100
|upkeep
|turn|70
|c|☆dono yoyo|Aight bro GG's I can't no more 😭
|-message|dono yoyo forfeited.
|
|win|riarley
|raw|dono yoyo's rating: 1230 &rarr; <strong>1208</strong><br />(-22 for losing)
|raw|riarley's rating: 1274 &rarr; <strong>1296</strong><br />(+22 for winning)
