|j|☆Mdavis
|j|☆Chechoide
|t:|1779854482
|gametype|singles
|player|p1|Mdavis|palmer|1297
|player|p2|Chechoide|clown|1312
|gen|9
|tier|[Gen 9] OU
|rated|
|rule|HP Percentage Mod: HP is shown in percentages
|rule|Endless Battle Clause: Forcing endless battles is banned
|rule|Species Clause: Limit one of each Pokémon
|rule|OHKO Clause: OHKO moves are banned
|rule|Evasion Items Clause: Evasion items are banned
|rule|Evasion Moves Clause: Evasion moves are banned
|rule|Evasion Abilities Clause: Evasion abilities are banned
|rule|Sleep Moves Clause: Sleep-inducing moves are banned
|clearpoke
|poke|p1|Gholdengo|
|poke|p1|Iron Treads|
|poke|p1|Moltres|
|poke|p1|Zamazenta-*|
|poke|p1|Samurott-Hisui, F|
|poke|p1|Garganacl, F|
|poke|p2|Blissey, F|
|poke|p2|Gliscor, M|
|poke|p2|Dondozo, F|
|poke|p2|Slowking-Galar, M|
|poke|p2|Clefable, M|
|poke|p2|Weezing-Galar, M|
|teampreview
|
|t:|1779854492
|teamsize|p1|6
|teamsize|p2|6
|start
|switch|p1a: Samurott|Samurott-Hisui, F|100/100
|switch|p2a: Albert Eipstein|Weezing-Galar, M|100/100
|-ability|p2a: Albert Eipstein|Neutralizing Gas
|turn|1
|
|t:|1779854510
|move|p1a: Samurott|Flip Turn|p2a: Albert Eipstein
|-damage|p2a: Albert Eipstein|80/100
|
|t:|1779854519
|switch|p1a: Gholdengo|Gholdengo|100/100|[from] Flip Turn
|-item|p1a: Gholdengo|Air Balloon
|move|p2a: Albert Eipstein|Will-O-Wisp|p1a: Gholdengo
|-status|p1a: Gholdengo|brn
|
|-damage|p1a: Gholdengo|94/100 brn|[from] brn
|upkeep
|turn|2
|
|t:|1779854527
|-end|p2a: Albert Eipstein|ability: Neutralizing Gas
|switch|p2a: Cabryan|Blissey, F|100/100
|move|p1a: Gholdengo|Make It Rain|p2a: Cabryan
|-damage|p2a: Cabryan|78/100
|-unboost|p1a: Gholdengo|spa|1
|
|-damage|p1a: Gholdengo|88/100 brn|[from] brn
|upkeep
|turn|3
|
|t:|1779854538
|move|p1a: Gholdengo|Nasty Plot|p1a: Gholdengo
|-boost|p1a: Gholdengo|spa|2
|move|p2a: Cabryan|Stealth Rock|p1a: Gholdengo
|-sidestart|p1: Mdavis|move: Stealth Rock
|
|-damage|p1a: Gholdengo|82/100 brn|[from] brn
|upkeep
|turn|4
|
|t:|1779854543
|move|p1a: Gholdengo|Nasty Plot|p1a: Gholdengo
|-boost|p1a: Gholdengo|spa|2
|move|p2a: Cabryan|Soft-Boiled|p2a: Cabryan
|-heal|p2a: Cabryan|100/100
|
|-damage|p1a: Gholdengo|76/100 brn|[from] brn
|upkeep
|turn|5
|
|t:|1779854549
|move|p1a: Gholdengo|Nasty Plot|p1a: Gholdengo
|-boost|p1a: Gholdengo|spa|2
|move|p2a: Cabryan|Calm Mind|p2a: Cabryan
|-boost|p2a: Cabryan|spa|1
|-boost|p2a: Cabryan|spd|1
|
|-damage|p1a: Gholdengo|70/100 brn|[from] brn
|upkeep
|turn|6
|
|t:|1779854554
|-terastallize|p2a: Cabryan|Dark
|move|p1a: Gholdengo|Make It Rain|p2a: Cabryan
|-damage|p2a: Cabryan|53/100
|-unboost|p1a: Gholdengo|spa|1
|move|p2a: Cabryan|Calm Mind|p2a: Cabryan
|-boost|p2a: Cabryan|spa|1
|-boost|p2a: Cabryan|spd|1
|
|-damage|p1a: Gholdengo|64/100 brn|[from] brn
|upkeep
|turn|7
|
|t:|1779854562
|move|p1a: Gholdengo|Make It Rain|p2a: Cabryan
|-damage|p2a: Cabryan|22/100
|-unboost|p1a: Gholdengo|spa|1
|move|p2a: Cabryan|Soft-Boiled|p2a: Cabryan
|-heal|p2a: Cabryan|73/100
|
|-damage|p1a: Gholdengo|58/100 brn|[from] brn
|upkeep
|turn|8
|
|t:|1779854581
|switch|p1a: Zamazenta|Zamazenta|100/100
|-damage|p1a: Zamazenta|94/100|[from] Stealth Rock
|-ability|p1a: Zamazenta|Dauntless Shield|boost
|-boost|p1a: Zamazenta|def|1
|move|p2a: Cabryan|Calm Mind|p2a: Cabryan
|-boost|p2a: Cabryan|spa|1
|-boost|p2a: Cabryan|spd|1
|
|upkeep
|turn|9
|
|t:|1779854600
|switch|p2a: Ginecólogo Braga|Gliscor, M|100/100
|move|p1a: Zamazenta|Ice Fang|p2a: Ginecólogo Braga
|-supereffective|p2a: Ginecólogo Braga
|-damage|p2a: Ginecólogo Braga|39/100
|
|-status|p2a: Ginecólogo Braga|tox|[from] item: Toxic Orb
|upkeep
|turn|10
|
|t:|1779854612
|move|p2a: Ginecólogo Braga|Protect|p2a: Ginecólogo Braga
|-singleturn|p2a: Ginecólogo Braga|Protect
|move|p1a: Zamazenta|Ice Fang|p2a: Ginecólogo Braga
|-activate|p2a: Ginecólogo Braga|move: Protect
|
|-heal|p2a: Ginecólogo Braga|52/100 tox|[from] ability: Poison Heal
|upkeep
|turn|11
|
|t:|1779854619
|switch|p2a: Gayllermo|Clefable, M|100/100
|move|p1a: Zamazenta|Ice Fang|p2a: Gayllermo
|-damage|p2a: Gayllermo|83/100
|
|upkeep
|turn|12
|
|t:|1779854624
|switch|p1a: Gholdengo|Gholdengo|58/100 brn
|-damage|p1a: Gholdengo|52/100 brn|[from] Stealth Rock
|-item|p1a: Gholdengo|Air Balloon
|move|p2a: Gayllermo|Protect||[still]
|-fail|p2a: Gayllermo
|
|-damage|p1a: Gholdengo|46/100 brn|[from] brn
|upkeep
|turn|13
|
|t:|1779854634
|switch|p2a: Cabryan|Blissey, F, tera:Dark|73/100
|move|p1a: Gholdengo|Recover|p1a: Gholdengo
|-heal|p1a: Gholdengo|96/100 brn
|
|-damage|p1a: Gholdengo|90/100 brn|[from] brn
|upkeep
|turn|14
|
|t:|1779854643
|switch|p1a: Moltres|Moltres|100/100
|move|p2a: Cabryan|Calm Mind|p2a: Cabryan
|-boost|p2a: Cabryan|spa|1
|-boost|p2a: Cabryan|spd|1
|
|upkeep
|turn|15
|
|t:|1779854658
|move|p2a: Cabryan|Calm Mind|p2a: Cabryan
|-boost|p2a: Cabryan|spa|1
|-boost|p2a: Cabryan|spd|1
|move|p1a: Moltres|Roar|p2a: Cabryan
|drag|p2a: Gayllermo|Clefable, M|83/100
|
|upkeep
|turn|16
|
|t:|1779854667
|move|p2a: Gayllermo|Protect|p2a: Gayllermo
|-singleturn|p2a: Gayllermo|Protect
|move|p1a: Moltres|U-turn|p2a: Gayllermo
|-activate|p2a: Gayllermo|move: Protect
|
|upkeep
|turn|17
|
|t:|1779854673
|move|p1a: Moltres|U-turn|p2a: Gayllermo
|-resisted|p2a: Gayllermo
|-damage|p2a: Gayllermo|77/100
|
|t:|1779854680
|switch|p1a: Garganacl|Garganacl, F|100/100|[from] U-turn
|-damage|p1a: Garganacl|88/100|[from] Stealth Rock
|move|p2a: Gayllermo|Knock Off|p1a: Garganacl
|-damage|p1a: Garganacl|78/100
|-enditem|p1a: Garganacl|Leftovers|[from] move: Knock Off|[of] p2a: Gayllermo
|
|upkeep
|turn|18
|
|t:|1779854690
|move|p2a: Gayllermo|Moonblast|p1a: Garganacl
|-damage|p1a: Garganacl|57/100
|-unboost|p1a: Garganacl|spa|1
|move|p1a: Garganacl|Salt Cure|p2a: Gayllermo
|-damage|p2a: Gayllermo|67/100
|-start|p2a: Gayllermo|Salt Cure
|
|upkeep
|turn|19
|
|t:|1779854698
|move|p2a: Gayllermo|Wish|p2a: Gayllermo
|move|p1a: Garganacl|Recover|p1a: Garganacl
|-heal|p1a: Garganacl|100/100
|
|upkeep
|turn|20
|
|t:|1779854708
|move|p2a: Gayllermo|Moonblast|p1a: Garganacl
|-damage|p1a: Garganacl|79/100
|-unboost|p1a: Garganacl|spa|1
|move|p1a: Garganacl|Ice Punch|p2a: Gayllermo
|-damage|p2a: Gayllermo|53/100
|
|-heal|p2a: Gayllermo|100/100|[from] move: Wish|[wisher] Gayllermo
|-damage|p1a: Garganacl|67/100|[from] item: Sticky Barb
|upkeep
|turn|21
|c|☆Mdavis|crazy tech
|
|t:|1779854752
|switch|p1a: Iron Treads|Iron Treads|100/100
|-damage|p1a: Iron Treads|98/100|[from] Stealth Rock
|move|p2a: Gayllermo|Moonblast|p1a: Iron Treads
|-resisted|p1a: Iron Treads
|-damage|p1a: Iron Treads|80/100
|
|upkeep
|turn|22
|
|t:|1779854762
|move|p2a: Gayllermo|Protect|p2a: Gayllermo
|-singleturn|p2a: Gayllermo|Protect
|move|p1a: Iron Treads|Rapid Spin|p2a: Gayllermo
|-activate|p2a: Gayllermo|move: Protect
|
|upkeep
|turn|23
|
|t:|1779854772
|move|p1a: Iron Treads|Stealth Rock|p2a: Gayllermo
|-sidestart|p2: Chechoide|move: Stealth Rock
|move|p2a: Gayllermo|Knock Off|p1a: Iron Treads
|-damage|p1a: Iron Treads|67/100
|-enditem|p1a: Iron Treads|Clear Amulet|[from] move: Knock Off|[of] p2a: Gayllermo
|
|upkeep
|turn|24
|
|t:|1779854786
|switch|p2a: Ginecólogo Braga|Gliscor, M|52/100 tox
|-damage|p2a: Ginecólogo Braga|39/100 tox|[from] Stealth Rock
|move|p1a: Iron Treads|Rapid Spin|p2a: Ginecólogo Braga
|-damage|p2a: Ginecólogo Braga|31/100 tox
|-boost|p1a: Iron Treads|spe|1
|-sideend|p1: Mdavis|Stealth Rock|[from] move: Rapid Spin|[of] p1a: Iron Treads
|
|-heal|p2a: Ginecólogo Braga|43/100 tox|[from] ability: Poison Heal
|upkeep
|turn|25
|
|t:|1779854800
|-end|p1a: Iron Treads|Quark Drive|[silent]
|switch|p1a: Gholdengo|Gholdengo|90/100 brn
|-item|p1a: Gholdengo|Air Balloon
|move|p2a: Ginecólogo Braga|Protect||[still]
|-fail|p2a: Ginecólogo Braga
|
|-heal|p2a: Ginecólogo Braga|56/100 tox|[from] ability: Poison Heal
|-damage|p1a: Gholdengo|84/100 brn|[from] brn
|upkeep
|turn|26
|
|t:|1779854813
|switch|p2a: Cabryan|Blissey, F, tera:Dark|73/100
|move|p1a: Gholdengo|Nasty Plot|p1a: Gholdengo
|-boost|p1a: Gholdengo|spa|2
|
|-damage|p1a: Gholdengo|78/100 brn|[from] brn
|upkeep
|turn|27
|
|t:|1779854819
|move|p1a: Gholdengo|Make It Rain|p2a: Cabryan
|-damage|p2a: Cabryan|30/100
|-unboost|p1a: Gholdengo|spa|1
|move|p2a: Cabryan|Calm Mind|p2a: Cabryan
|-boost|p2a: Cabryan|spa|1
|-boost|p2a: Cabryan|spd|1
|
|-damage|p1a: Gholdengo|72/100 brn|[from] brn
|upkeep
|turn|28
|
|t:|1779854828
|move|p1a: Gholdengo|Nasty Plot|p1a: Gholdengo
|-boost|p1a: Gholdengo|spa|2
|move|p2a: Cabryan|Soft-Boiled|p2a: Cabryan
|-heal|p2a: Cabryan|80/100
|
|-damage|p1a: Gholdengo|65/100 brn|[from] brn
|upkeep
|turn|29
|
|t:|1779854838
|move|p1a: Gholdengo|Thunderbolt|p2a: Cabryan
|-damage|p2a: Cabryan|62/100
|move|p2a: Cabryan|Calm Mind|p2a: Cabryan
|-boost|p2a: Cabryan|spa|1
|-boost|p2a: Cabryan|spd|1
|
|-damage|p1a: Gholdengo|59/100 brn|[from] brn
|upkeep
|turn|30
|
|t:|1779854845
|move|p1a: Gholdengo|Thunderbolt|p2a: Cabryan
|-damage|p2a: Cabryan|49/100
|move|p2a: Cabryan|Shadow Ball|p1a: Gholdengo
|-supereffective|p1a: Gholdengo
|-damage|p1a: Gholdengo|0 fnt
|-enditem|p1a: Gholdengo|Air Balloon
|faint|p1a: Gholdengo
|
|upkeep
|
|t:|1779854870
|switch|p1a: Samurott|Samurott-Hisui, F|100/100
|turn|31
|
|t:|1779854897
|switch|p2a: Luis Vargas|Dondozo, F|100/100
|move|p1a: Samurott|Ceaseless Edge|p2a: Luis Vargas|[miss]
|-miss|p1a: Samurott|p2a: Luis Vargas
|
|upkeep
|turn|32
|
|t:|1779854905
|move|p1a: Samurott|Ceaseless Edge|p2a: Luis Vargas
|-damage|p2a: Luis Vargas|80/100
|-sidestart|p2: Chechoide|Spikes
|move|p2a: Luis Vargas|Curse|p2a: Luis Vargas
|-unboost|p2a: Luis Vargas|spe|1
|-boost|p2a: Luis Vargas|atk|1
|-boost|p2a: Luis Vargas|def|1
|
|upkeep
|turn|33
|
|t:|1779854912
|switch|p1a: Garganacl|Garganacl, F|67/100
|move|p2a: Luis Vargas|Curse|p2a: Luis Vargas
|-unboost|p2a: Luis Vargas|spe|1
|-boost|p2a: Luis Vargas|atk|1
|-boost|p2a: Luis Vargas|def|1
|
|-damage|p1a: Garganacl|55/100|[from] item: Sticky Barb
|upkeep
|turn|34
|
|t:|1779854917
|move|p1a: Garganacl|Salt Cure|p2a: Luis Vargas
|-damage|p2a: Luis Vargas|77/100
|-start|p2a: Luis Vargas|Salt Cure
|move|p2a: Luis Vargas|Waterfall|p1a: Garganacl
|-supereffective|p1a: Garganacl
|-damage|p1a: Garganacl|0 fnt
|faint|p1a: Garganacl
|
|-damage|p2a: Luis Vargas|52/100|[from] Salt Cure
|upkeep
|
|t:|1779854932
|switch|p1a: Samurott|Samurott-Hisui, F|100/100
|turn|35
|
|t:|1779854948
|switch|p2a: Albert Eipstein|Weezing-Galar, M|80/100
|-ability|p2a: Albert Eipstein|Neutralizing Gas
|move|p1a: Samurott|Ceaseless Edge|p2a: Albert Eipstein
|-resisted|p2a: Albert Eipstein
|-damage|p2a: Albert Eipstein|70/100
|-sidestart|p2: Chechoide|Spikes
|
|upkeep
|turn|36
|
|t:|1779854957
|switch|p1a: Iron Treads|Iron Treads|67/100
|move|p2a: Albert Eipstein|Defog|p1a: Iron Treads
|-unboost|p1a: Iron Treads|evasion|1
|-sideend|p2: Chechoide|Spikes|[from] move: Defog|[of] p2a: Albert Eipstein
|-sideend|p2: Chechoide|Stealth Rock|[from] move: Defog|[of] p2a: Albert Eipstein
|
|upkeep
|turn|37
|
|t:|1779854964
|move|p1a: Iron Treads|Knock Off|p2a: Albert Eipstein
|-resisted|p2a: Albert Eipstein
|-damage|p2a: Albert Eipstein|59/100
|-enditem|p2a: Albert Eipstein|Heavy-Duty Boots|[from] move: Knock Off|[of] p1a: Iron Treads
|move|p2a: Albert Eipstein|Will-O-Wisp|p1a: Iron Treads
|-status|p1a: Iron Treads|brn
|
|-damage|p1a: Iron Treads|61/100 brn|[from] brn
|upkeep
|turn|38
|-message|Mdavis forfeited.
|
|win|Chechoide
|raw|Mdavis's rating: 1297 &rarr; <strong>1273</strong><br />(-24 for losing)
|raw|Chechoide's rating: 1312 &rarr; <strong>1331</strong><br />(+19 for winning)
|l|☆Mdavis
|player|p1|
|l|☆Chechoide
|player|p2|
