|j|☆kimodo_lux
|j|☆nitsu91
|t:|1779931900
|gametype|singles
|player|p1|kimodo_lux|depotagent|1263
|player|p2|nitsu91|1|1233
|gen|9
|tier|[Gen 9] OU
|rated|
|rule|HP Percentage Mod: HP is shown in percentages
|rule|Endless Battle Clause: Forcing endless battles is banned
|rule|Species Clause: Limit one of each Pokémon
|rule|OHKO Clause: OHKO moves are banned
|rule|Evasion Items Clause: Evasion items are banned
|rule|Evasion Moves Clause: Evasion moves are banned
|rule|Evasion Abilities Clause: Evasion abilities are banned
|rule|Sleep Moves Clause: Sleep-inducing moves are banned
|clearpoke
|poke|p1|Torkoal, F|
|poke|p1|Raging Bolt|
|poke|p1|Slither Wing|
|poke|p1|Venusaur, F|
|poke|p1|Walking Wake|
|poke|p1|Great Tusk|
|poke|p2|Tauros, M|
|poke|p2|Corviknight, M|
|poke|p2|Slowking-Galar, M|
|poke|p2|Meowscarada, F|
|poke|p2|Iron Treads|
|poke|p2|Darkrai|
|teampreview
|
|t:|1779931938
|teamsize|p1|6
|teamsize|p2|6
|start
|switch|p1a: Torkoal|Torkoal, F|100/100
|switch|p2a: Meowscarada|Meowscarada, F|100/100
|-weather|SunnyDay|[from] ability: Drought|[of] p1a: Torkoal
|turn|1
|
|t:|1779931983
|move|p2a: Meowscarada|U-turn|p1a: Torkoal
|-start|p2a: Meowscarada|typechange|Bug|[from] ability: Protean
|-resisted|p1a: Torkoal
|-damage|p1a: Torkoal|86/100
|
|t:|1779931988
|switch|p2a: Iron Treads|Iron Treads|100/100|[from] U-turn
|-enditem|p2a: Iron Treads|Booster Energy
|-activate|p2a: Iron Treads|ability: Quark Drive|[fromitem]
|-start|p2a: Iron Treads|quarkdrivespe
|move|p1a: Torkoal|Eruption|p2a: Iron Treads
|-supereffective|p2a: Iron Treads
|-damage|p2a: Iron Treads|0 fnt
|faint|p2a: Iron Treads
|-end|p2a: Iron Treads|Quark Drive|[silent]
|
|-weather|SunnyDay|[upkeep]
|upkeep
|
|t:|1779932017
|switch|p2a: Darkrai|Darkrai|100/100
|turn|2
|
|t:|1779932026
|switch|p1a: Slither Wing|Slither Wing|100/100
|-activate|p1a: Slither Wing|ability: Protosynthesis
|-start|p1a: Slither Wing|protosynthesisatk
|move|p2a: Darkrai|Dark Pulse|p1a: Slither Wing
|-resisted|p1a: Slither Wing
|-damage|p1a: Slither Wing|86/100
|
|-weather|SunnyDay|[upkeep]
|upkeep
|turn|3
|
|t:|1779932037
|switch|p2a: Corviknight|Corviknight, M, shiny|100/100
|-ability|p2a: Corviknight|Pressure
|move|p1a: Slither Wing|Temper Flare|p2a: Corviknight
|-supereffective|p2a: Corviknight
|-damage|p2a: Corviknight|0 fnt
|-damage|p1a: Slither Wing|69/100|[from] item: Rocky Helmet|[of] p2a: Corviknight
|faint|p2a: Corviknight
|
|-weather|SunnyDay|[upkeep]
|upkeep
|
|t:|1779932055
|switch|p2a: Tauros|Tauros, M|100/100
|turn|4
|
|t:|1779932072
|move|p2a: Tauros|Raging Bull|p1a: Slither Wing
|-damage|p1a: Slither Wing|0 fnt
|faint|p1a: Slither Wing
|-end|p1a: Slither Wing|Protosynthesis|[silent]
|-damage|p2a: Tauros|91/100|[from] item: Life Orb
|
|-weather|SunnyDay|[upkeep]
|upkeep
|
|t:|1779932111
|switch|p1a: Great Tusk|Great Tusk|100/100
|-activate|p1a: Great Tusk|ability: Protosynthesis
|-start|p1a: Great Tusk|protosynthesisspe
|turn|5
|
|t:|1779932139
|switch|p2a: Slowking|Slowking-Galar, M|100/100
|move|p1a: Great Tusk|Earthquake|p2a: Slowking
|-supereffective|p2a: Slowking
|-damage|p2a: Slowking|16/100
|
|-weather|SunnyDay|[upkeep]
|-heal|p2a: Slowking|22/100|[from] item: Leftovers
|upkeep
|turn|6
|
|t:|1779932154
|move|p1a: Great Tusk|Earthquake|p2a: Slowking
|-supereffective|p2a: Slowking
|-damage|p2a: Slowking|0 fnt
|faint|p2a: Slowking
|
|-weather|SunnyDay|[upkeep]
|upkeep
|
|t:|1779932162
|switch|p2a: Darkrai|Darkrai|100/100
|turn|7
|
|t:|1779932187
|move|p1a: Great Tusk|Earthquake|p2a: Darkrai
|-damage|p2a: Darkrai|47/100
|move|p2a: Darkrai|Ice Beam|p1a: Great Tusk
|-supereffective|p1a: Great Tusk
|-damage|p1a: Great Tusk|0 fnt
|faint|p1a: Great Tusk
|-end|p1a: Great Tusk|Protosynthesis|[silent]
|
|-weather|SunnyDay|[upkeep]
|upkeep
|
|t:|1779932191
|switch|p1a: Walking Wake|Walking Wake|100/100
|-activate|p1a: Walking Wake|ability: Protosynthesis
|-start|p1a: Walking Wake|protosynthesisspe
|turn|8
|
|t:|1779932222
|move|p1a: Walking Wake|Hydro Steam|p2a: Darkrai
|-damage|p2a: Darkrai|0 fnt
|faint|p2a: Darkrai
|
|-weather|none
|-end|p1a: Walking Wake|Protosynthesis
|upkeep
|
|t:|1779932229
|switch|p2a: Tauros|Tauros, M|91/100
|turn|9
|
|t:|1779932248
|-end|p1a: Walking Wake|Protosynthesis|[silent]
|switch|p1a: Torkoal|Torkoal, F|86/100
|-weather|SunnyDay|[from] ability: Drought|[of] p1a: Torkoal
|move|p2a: Tauros|Raging Bull|p1a: Torkoal
|-damage|p1a: Torkoal|47/100
|-damage|p2a: Tauros|81/100|[from] item: Life Orb
|
|-weather|SunnyDay|[upkeep]
|upkeep
|turn|10
|
|t:|1779932292
|-terastallize|p2a: Tauros|Normal
|move|p2a: Tauros|Raging Bull|p1a: Torkoal
|-damage|p1a: Torkoal|0 fnt
|faint|p1a: Torkoal
|-damage|p2a: Tauros|71/100|[from] item: Life Orb
|
|-weather|SunnyDay|[upkeep]
|upkeep
|
|t:|1779932296
|switch|p1a: Walking Wake|Walking Wake|100/100
|-activate|p1a: Walking Wake|ability: Protosynthesis
|-start|p1a: Walking Wake|protosynthesisspe
|turn|11
|
|t:|1779932307
|move|p1a: Walking Wake|Hydro Steam|p2a: Tauros
|-damage|p2a: Tauros|0 fnt
|faint|p2a: Tauros
|
|-weather|SunnyDay|[upkeep]
|upkeep
|
|t:|1779932311
|switch|p2a: Meowscarada|Meowscarada, F|100/100
|turn|12
|
|t:|1779932325
|move|p2a: Meowscarada|Triple Axel|p1a: Walking Wake
|-start|p2a: Meowscarada|typechange|Ice|[from] ability: Protean
|-damage|p1a: Walking Wake|89/100
|-damage|p1a: Walking Wake|70/100
|-damage|p1a: Walking Wake|39/100
|-hitcount|p1a: Walking Wake|3
|move|p1a: Walking Wake|Flamethrower|p2a: Meowscarada
|-supereffective|p2a: Meowscarada
|-damage|p2a: Meowscarada|0 fnt
|faint|p2a: Meowscarada
|
|win|kimodo_lux
|raw|kimodo_lux's rating: 1263 &rarr; <strong>1286</strong><br />(+23 for winning)
|raw|nitsu91's rating: 1233 &rarr; <strong>1210</strong><br />(-23 for losing)
|l|☆nitsu91
|player|p2|
|l|☆kimodo_lux
|player|p1|
