|j|☆e foi assim
|j|☆claudechamp
|t:|1779803424
|gametype|singles
|player|p1|e foi assim|1|1342
|player|p2|claudechamp|265|1289
|gen|9
|tier|[Gen 9] OU
|rated|
|rule|HP Percentage Mod: HP is shown in percentages
|rule|Endless Battle Clause: Forcing endless battles is banned
|rule|Species Clause: Limit one of each Pokémon
|rule|OHKO Clause: OHKO moves are banned
|rule|Evasion Items Clause: Evasion items are banned
|rule|Evasion Moves Clause: Evasion moves are banned
|rule|Evasion Abilities Clause: Evasion abilities are banned
|rule|Sleep Moves Clause: Sleep-inducing moves are banned
|clearpoke
|poke|p1|Weezing-Galar, F|
|poke|p1|Alomomola, F|
|poke|p1|Iron Treads|
|poke|p1|Tornadus-Therian, M|
|poke|p1|Zamazenta-*|
|poke|p1|Lokix, F|
|poke|p2|Corviknight, F|
|poke|p2|Ting-Lu|
|poke|p2|Kyurem|
|poke|p2|Dondozo, F|
|poke|p2|Slowking-Galar, M|
|poke|p2|Cinderace, F|
|teampreview
|c|☆claudechamp|hf
|inactive|Battle timer is ON: inactive players will automatically lose when time's up. (requested by claudechamp)
|
|t:|1779803437
|teamsize|p1|6
|teamsize|p2|6
|start
|switch|p1a: Alomomola|Alomomola, F|100/100
|switch|p2a: Cinderace|Cinderace, F|100/100
|turn|1
|
|t:|1779803447
|move|p2a: Cinderace|Pyro Ball|p1a: Alomomola
|-resisted|p1a: Alomomola
|-damage|p1a: Alomomola|86/100
|move|p1a: Alomomola|Flip Turn|p2a: Cinderace
|-supereffective|p2a: Cinderace
|-damage|p2a: Cinderace|58/100
|
|t:|1779803471
|switch|p1a: Tornadus|Tornadus-Therian, M|100/100|[from] Flip Turn
|
|upkeep
|turn|2
|
|t:|1779803482
|switch|p2a: Kyurem|Kyurem|100/100
|-ability|p2a: Kyurem|Pressure
|move|p1a: Tornadus|Bleakwind Storm|p2a: Kyurem
|-damage|p2a: Kyurem|64/100
|
|-heal|p2a: Kyurem|70/100|[from] item: Leftovers
|upkeep
|turn|3
|
|t:|1779803499
|move|p1a: Tornadus|U-turn|p2a: Kyurem
|-damage|p2a: Kyurem|56/100
|
|t:|1779803510
|switch|p1a: Zamazenta|Zamazenta|100/100|[from] U-turn
|-ability|p1a: Zamazenta|Dauntless Shield|boost
|-boost|p1a: Zamazenta|def|1
|move|p2a: Kyurem|Freeze-Dry|p1a: Zamazenta
|-damage|p1a: Zamazenta|65/100
|-status|p1a: Zamazenta|frz
|
|-heal|p2a: Kyurem|62/100|[from] item: Leftovers
|upkeep
|turn|4
|
|t:|1779803520
|cant|p1a: Zamazenta|frz
|move|p2a: Kyurem|Freeze-Dry|p1a: Zamazenta
|-damage|p1a: Zamazenta|31/100 frz
|
|-heal|p2a: Kyurem|69/100|[from] item: Leftovers
|upkeep
|turn|5
|
|t:|1779803528
|cant|p1a: Zamazenta|frz
|move|p2a: Kyurem|Freeze-Dry|p1a: Zamazenta
|-damage|p1a: Zamazenta|0 fnt
|faint|p1a: Zamazenta
|
|-heal|p2a: Kyurem|75/100|[from] item: Leftovers
|upkeep
|
|t:|1779803535
|switch|p1a: Lokix|Lokix, F|100/100
|turn|6
|
|t:|1779803542
|-terastallize|p1a: Lokix|Bug
|move|p1a: Lokix|First Impression|p2a: Kyurem
|-damage|p2a: Kyurem|0 fnt
|faint|p2a: Kyurem
|
|upkeep
|
|t:|1779803551
|switch|p2a: Slowking|Slowking-Galar, M|100/100
|turn|7
|
|t:|1779803560
|switch|p1a: Iron Treads|Iron Treads|100/100
|move|p2a: Slowking|Future Sight|p1a: Iron Treads
|-start|p2a: Slowking|move: Future Sight
|
|upkeep
|turn|8
|
|t:|1779803570
|move|p1a: Iron Treads|Earthquake|p2a: Slowking
|-supereffective|p2a: Slowking
|-enditem|p2a: Slowking|Shuca Berry|[eat]
|-enditem|p2a: Slowking|Shuca Berry|[weaken]
|-damage|p2a: Slowking|74/100
|move|p2a: Slowking|Ice Beam|p1a: Iron Treads
|-damage|p1a: Iron Treads|77/100
|
|-heal|p1a: Iron Treads|83/100|[from] item: Leftovers
|upkeep
|turn|9
|
|t:|1779803579
|move|p1a: Iron Treads|Earthquake|p2a: Slowking
|-supereffective|p2a: Slowking
|-damage|p2a: Slowking|11/100
|-prepare|p2a: Slowking|Chilly Reception|[premajor]
|move|p2a: Slowking|Chilly Reception|p2a: Slowking
|-weather|Snowscape
|
|t:|1779803587
|switch|p2a: Cinderace|Cinderace, F|58/100|[from] Chilly Reception
|
|-weather|Snowscape|[upkeep]
|-end|p1a: Iron Treads|move: Future Sight
|-resisted|p1a: Iron Treads
|-damage|p1a: Iron Treads|58/100
|-heal|p1a: Iron Treads|64/100|[from] item: Leftovers
|upkeep
|turn|10
|
|t:|1779803593
|-end|p1a: Iron Treads|Quark Drive|[silent]
|switch|p1a: Weezing|Weezing-Galar, F|100/100
|move|p2a: Cinderace|Pyro Ball|p1a: Weezing
|-crit|p1a: Weezing
|-damage|p1a: Weezing|55/100
|
|-weather|Snowscape|[upkeep]
|-heal|p1a: Weezing|61/100|[from] item: Black Sludge
|upkeep
|turn|11
|
|t:|1779803601
|switch|p2a: Slowking|Slowking-Galar, M|44/100
|move|p1a: Weezing|Protect||[still]
|-fail|p1a: Weezing
|
|-weather|Snowscape|[upkeep]
|-heal|p1a: Weezing|67/100|[from] item: Black Sludge
|upkeep
|turn|12
|
|t:|1779803610
|switch|p1a: Iron Treads|Iron Treads|64/100
|-prepare|p2a: Slowking|Chilly Reception|[premajor]
|move|p2a: Slowking|Chilly Reception|p2a: Slowking
|
|t:|1779803620
|switch|p2a: Cinderace|Cinderace, F|58/100|[from] Chilly Reception
|
|-weather|Snowscape|[upkeep]
|-heal|p1a: Iron Treads|70/100|[from] item: Leftovers
|upkeep
|turn|13
|
|t:|1779803627
|-end|p1a: Iron Treads|Quark Drive|[silent]
|switch|p1a: Alomomola|Alomomola, F|100/100
|move|p2a: Cinderace|Pyro Ball|p1a: Alomomola
|-resisted|p1a: Alomomola
|-damage|p1a: Alomomola|87/100
|
|-weather|none
|upkeep
|turn|14
|
|t:|1779803638
|switch|p2a: Slowking|Slowking-Galar, M|77/100
|move|p1a: Alomomola|Flip Turn|p2a: Slowking
|-damage|p2a: Slowking|64/100
|
|t:|1779803643
|switch|p1a: Lokix|Lokix, F, tera:Bug|100/100|[from] Flip Turn
|
|upkeep
|turn|15
|
|t:|1779803658
|switch|p2a: Corviknight|Corviknight, F|100/100
|-ability|p2a: Corviknight|Pressure
|move|p1a: Lokix|Knock Off|p2a: Corviknight
|-damage|p2a: Corviknight|62/100
|-damage|p1a: Lokix|84/100|[from] item: Rocky Helmet|[of] p2a: Corviknight
|-enditem|p2a: Corviknight|Rocky Helmet|[from] move: Knock Off|[of] p1a: Lokix
|
|upkeep
|turn|16
|
|t:|1779803671
|switch|p1a: Alomomola|Alomomola, F|100/100
|move|p2a: Corviknight|Roost|p2a: Corviknight
|-heal|p2a: Corviknight|100/100
|-singleturn|p2a: Corviknight|move: Roost
|
|upkeep
|turn|17
|
|t:|1779803679
|move|p2a: Corviknight|U-turn|p1a: Alomomola
|-damage|p1a: Alomomola|91/100
|-damage|p2a: Corviknight|84/100|[from] item: Rocky Helmet|[of] p1a: Alomomola
|
|t:|1779803685
|switch|p2a: Dondozo|Dondozo, F|100/100|[from] U-turn
|move|p1a: Alomomola|Tickle|p2a: Dondozo
|-unboost|p2a: Dondozo|atk|1
|-unboost|p2a: Dondozo|def|1
|
|upkeep
|turn|18
|
|t:|1779803700
|move|p1a: Alomomola|Flip Turn|p2a: Dondozo
|-resisted|p2a: Dondozo
|-damage|p2a: Dondozo|94/100
|
|t:|1779803710
|switch|p1a: Lokix|Lokix, F, tera:Bug|84/100|[from] Flip Turn
|move|p2a: Dondozo|Waterfall|p1a: Lokix
|-damage|p1a: Lokix|56/100
|
|-heal|p2a: Dondozo|99/100|[from] item: Leftovers
|upkeep
|turn|19
|
|t:|1779803716
|switch|p2a: Corviknight|Corviknight, F|84/100
|-ability|p2a: Corviknight|Pressure
|move|p1a: Lokix|U-turn|p2a: Corviknight
|-resisted|p2a: Corviknight
|-damage|p2a: Corviknight|65/100
|
|t:|1779803726
|switch|p1a: Weezing|Weezing-Galar, F|67/100|[from] U-turn
|
|-heal|p1a: Weezing|73/100|[from] item: Black Sludge
|upkeep
|turn|20
|
|t:|1779803734
|move|p2a: Corviknight|Roost|p2a: Corviknight
|-heal|p2a: Corviknight|100/100
|-singleturn|p2a: Corviknight|move: Roost
|move|p1a: Weezing|Will-O-Wisp|p2a: Corviknight
|-status|p2a: Corviknight|brn
|
|-heal|p1a: Weezing|79/100|[from] item: Black Sludge
|-damage|p2a: Corviknight|94/100 brn|[from] brn
|upkeep
|turn|21
|
|t:|1779803744
|move|p2a: Corviknight|U-turn|p1a: Weezing
|-resisted|p1a: Weezing
|-damage|p1a: Weezing|77/100
|
|t:|1779803751
|switch|p2a: Slowking|Slowking-Galar, M|97/100|[from] U-turn
|move|p1a: Weezing|Toxic|p2a: Slowking
|-immune|p2a: Slowking
|
|-heal|p1a: Weezing|83/100|[from] item: Black Sludge
|upkeep
|turn|22
|
|t:|1779803762
|move|p1a: Weezing|Will-O-Wisp|p2a: Slowking
|-status|p2a: Slowking|brn
|move|p2a: Slowking|Ice Beam|p1a: Weezing
|-damage|p1a: Weezing|50/100
|
|-heal|p1a: Weezing|56/100|[from] item: Black Sludge
|-damage|p2a: Slowking|91/100 brn|[from] brn
|upkeep
|turn|23
|
|t:|1779803772
|move|p1a: Weezing|Protect|p1a: Weezing
|-singleturn|p1a: Weezing|Protect
|-prepare|p2a: Slowking|Chilly Reception|[premajor]
|move|p2a: Slowking|Chilly Reception|p2a: Slowking
|-weather|Snowscape
|
|t:|1779803781
|switch|p2a: Cinderace|Cinderace, F|58/100|[from] Chilly Reception
|
|-weather|Snowscape|[upkeep]
|-heal|p1a: Weezing|62/100|[from] item: Black Sludge
|upkeep
|turn|24
|
|t:|1779803790
|move|p2a: Cinderace|U-turn|p1a: Weezing
|-resisted|p1a: Weezing
|-damage|p1a: Weezing|59/100
|
|t:|1779803802
|switch|p2a: Slowking|Slowking-Galar, M|100/100 brn|[from] U-turn
|move|p1a: Weezing|Toxic||[still]
|-fail|p1a: Weezing
|
|-weather|Snowscape|[upkeep]
|-heal|p1a: Weezing|65/100|[from] item: Black Sludge
|-damage|p2a: Slowking|94/100 brn|[from] brn
|upkeep
|turn|25
|
|t:|1779803816
|move|p1a: Weezing|Protect|p1a: Weezing
|-singleturn|p1a: Weezing|Protect
|-prepare|p2a: Slowking|Chilly Reception|[premajor]
|move|p2a: Slowking|Chilly Reception|p2a: Slowking
|
|t:|1779803832
|switch|p2a: Cinderace|Cinderace, F|58/100|[from] Chilly Reception
|
|-weather|Snowscape|[upkeep]
|-heal|p1a: Weezing|71/100|[from] item: Black Sludge
|upkeep
|turn|26
|
|t:|1779803844
|move|p2a: Cinderace|U-turn|p1a: Weezing
|-resisted|p1a: Weezing
|-damage|p1a: Weezing|68/100
|
|t:|1779803856
|switch|p2a: Slowking|Slowking-Galar, M|100/100 brn|[from] U-turn
|move|p1a: Weezing|Defog|p2a: Slowking
|-unboost|p2a: Slowking|evasion|1
|
|-weather|Snowscape|[upkeep]
|-heal|p1a: Weezing|74/100|[from] item: Black Sludge
|-damage|p2a: Slowking|94/100 brn|[from] brn
|upkeep
|turn|27
|
|t:|1779803867
|switch|p1a: Alomomola|Alomomola, F|100/100
|move|p2a: Slowking|Ice Beam|p1a: Alomomola
|-resisted|p1a: Alomomola
|-damage|p1a: Alomomola|90/100
|
|-weather|none
|-damage|p2a: Slowking|88/100 brn|[from] brn
|upkeep
|turn|28
|
|t:|1779803881
|move|p1a: Alomomola|Flip Turn|p2a: Slowking
|-damage|p2a: Slowking|76/100 brn
|
|t:|1779803886
|switch|p1a: Iron Treads|Iron Treads|70/100|[from] Flip Turn
|move|p2a: Slowking|Ice Beam|p1a: Iron Treads
|-damage|p1a: Iron Treads|45/100
|
|-heal|p1a: Iron Treads|52/100|[from] item: Leftovers
|-damage|p2a: Slowking|70/100 brn|[from] brn
|upkeep
|turn|29
|
|t:|1779803896
|switch|p2a: Corviknight|Corviknight, F|94/100 brn
|-ability|p2a: Corviknight|Pressure
|move|p1a: Iron Treads|Stealth Rock|p2a: Corviknight
|-sidestart|p2: claudechamp|move: Stealth Rock
|
|-heal|p1a: Iron Treads|58/100|[from] item: Leftovers
|-damage|p2a: Corviknight|88/100 brn|[from] brn
|upkeep
|turn|30
|
|t:|1779803913
|-end|p1a: Iron Treads|Quark Drive|[silent]
|switch|p1a: Alomomola|Alomomola, F|100/100
|move|p2a: Corviknight|U-turn|p1a: Alomomola
|-damage|p1a: Alomomola|96/100
|-damage|p2a: Corviknight|72/100 brn|[from] item: Rocky Helmet|[of] p1a: Alomomola
|inactive|claudechamp has 120 seconds left.
|
|t:|1779803926
|switch|p2a: Cinderace|Cinderace, F|58/100|[from] U-turn
|
|upkeep
|turn|31
|
|t:|1779803934
|move|p2a: Cinderace|Court Change|p2a: Cinderace
|-swapsideconditions
|-activate|p2a: Cinderace|move: Court Change
|move|p1a: Alomomola|Tickle|p2a: Cinderace
|-unboost|p2a: Cinderace|atk|1
|-unboost|p2a: Cinderace|def|1
|
|upkeep
|turn|32
|
|t:|1779803941
|switch|p2a: Dondozo|Dondozo, F|99/100
|move|p1a: Alomomola|Wish|p1a: Alomomola
|
|-heal|p2a: Dondozo|100/100|[from] item: Leftovers
|upkeep
|turn|33
|
|t:|1779803948
|switch|p2a: Slowking|Slowking-Galar, M|100/100 brn
|move|p1a: Alomomola|Tickle|p2a: Slowking
|-unboost|p2a: Slowking|atk|1
|-unboost|p2a: Slowking|def|1
|
|-heal|p1a: Alomomola|100/100|[from] move: Wish|[wisher] Alomomola
|-damage|p2a: Slowking|94/100 brn|[from] brn
|upkeep
|turn|34
|
|t:|1779803954
|move|p1a: Alomomola|Wish|p1a: Alomomola
|move|p2a: Slowking|Future Sight|p1a: Alomomola
|-start|p2a: Slowking|move: Future Sight
|
|-damage|p2a: Slowking|88/100 brn|[from] brn
|upkeep
|turn|35
|
|t:|1779803959
|move|p1a: Alomomola|Flip Turn|p2a: Slowking
|-crit|p2a: Slowking
|-damage|p2a: Slowking|61/100 brn
|
|t:|1779803966
|switch|p1a: Weezing|Weezing-Galar, F|74/100|[from] Flip Turn
|-damage|p1a: Weezing|62/100|[from] Stealth Rock
|-prepare|p2a: Slowking|Chilly Reception|[premajor]
|move|p2a: Slowking|Chilly Reception|p2a: Slowking
|-weather|Snowscape
|
|t:|1779803972
|switch|p2a: Cinderace|Cinderace, F|58/100|[from] Chilly Reception
|
|-weather|Snowscape|[upkeep]
|-heal|p1a: Weezing|100/100|[from] move: Wish|[wisher] Alomomola
|upkeep
|turn|36
|
|t:|1779803985
|switch|p1a: Tornadus|Tornadus-Therian, M|100/100
|-damage|p1a: Tornadus|76/100|[from] Stealth Rock
|move|p2a: Cinderace|Pyro Ball|p1a: Tornadus|[miss]
|-miss|p2a: Cinderace|p1a: Tornadus
|
|-weather|Snowscape|[upkeep]
|-end|p1a: Tornadus|move: Future Sight
|-damage|p1a: Tornadus|42/100
|upkeep
|turn|37
|
|t:|1779803998
|switch|p1a: Alomomola|Alomomola, F|100/100
|-damage|p1a: Alomomola|88/100|[from] Stealth Rock
|move|p2a: Cinderace|Pyro Ball|p1a: Alomomola
|-resisted|p1a: Alomomola
|-damage|p1a: Alomomola|73/100
|
|-weather|Snowscape|[upkeep]
|upkeep
|turn|38
|
|t:|1779804009
|switch|p2a: Dondozo|Dondozo, F|100/100
|move|p1a: Alomomola|Flip Turn|p2a: Dondozo
|-resisted|p2a: Dondozo
|-damage|p2a: Dondozo|96/100
|
|t:|1779804015
|switch|p1a: Iron Treads|Iron Treads|58/100|[from] Flip Turn
|-damage|p1a: Iron Treads|55/100|[from] Stealth Rock
|
|-weather|Snowscape|[upkeep]
|-heal|p1a: Iron Treads|61/100|[from] item: Leftovers
|-heal|p2a: Dondozo|100/100|[from] item: Leftovers
|upkeep
|turn|39
|
|t:|1779804026
|move|p1a: Iron Treads|Rapid Spin|p2a: Dondozo
|-damage|p2a: Dondozo|92/100
|-boost|p1a: Iron Treads|spe|1
|-sideend|p1: e foi assim|Stealth Rock|[from] move: Rapid Spin|[of] p1a: Iron Treads
|move|p2a: Dondozo|Waterfall|p1a: Iron Treads
|-supereffective|p1a: Iron Treads
|-damage|p1a: Iron Treads|12/100
|
|-weather|none
|-heal|p1a: Iron Treads|19/100|[from] item: Leftovers
|-heal|p2a: Dondozo|98/100|[from] item: Leftovers
|upkeep
|turn|40
|
|t:|1779804041
|move|p1a: Iron Treads|Stealth Rock|p2a: Dondozo
|-sidestart|p2: claudechamp|move: Stealth Rock
|move|p2a: Dondozo|Waterfall|p1a: Iron Treads
|-supereffective|p1a: Iron Treads
|-damage|p1a: Iron Treads|0 fnt
|faint|p1a: Iron Treads
|-end|p1a: Iron Treads|Quark Drive|[silent]
|
|-heal|p2a: Dondozo|100/100|[from] item: Leftovers
|upkeep
|
|t:|1779804052
|switch|p1a: Alomomola|Alomomola, F|100/100
|turn|41
|
|t:|1779804062
|move|p1a: Alomomola|Tickle|p2a: Dondozo
|-unboost|p2a: Dondozo|atk|1
|-unboost|p2a: Dondozo|def|1
|move|p2a: Dondozo|Curse|p2a: Dondozo
|-unboost|p2a: Dondozo|spe|1
|-boost|p2a: Dondozo|atk|1
|-boost|p2a: Dondozo|def|1
|
|upkeep
|turn|42
|
|t:|1779804072
|switch|p2a: Corviknight|Corviknight, F|72/100 brn
|-damage|p2a: Corviknight|60/100 brn|[from] Stealth Rock
|-ability|p2a: Corviknight|Pressure
|move|p1a: Alomomola|Tickle|p2a: Corviknight
|-unboost|p2a: Corviknight|atk|1
|-unboost|p2a: Corviknight|def|1
|
|-damage|p2a: Corviknight|54/100 brn|[from] brn
|upkeep
|turn|43
|
|t:|1779804087
|move|p2a: Corviknight|Defog|p1a: Alomomola
|-unboost|p1a: Alomomola|evasion|1
|-sideend|p2: claudechamp|Stealth Rock|[from] move: Defog|[of] p2a: Corviknight
|move|p1a: Alomomola|Flip Turn|p2a: Corviknight
|-damage|p2a: Corviknight|38/100 brn
|
|t:|1779804097
|switch|p1a: Lokix|Lokix, F, tera:Bug|56/100|[from] Flip Turn
|
|-damage|p2a: Corviknight|32/100 brn|[from] brn
|upkeep
|turn|44
|
|t:|1779804104
|move|p1a: Lokix|Knock Off|p2a: Corviknight
|-damage|p2a: Corviknight|0 fnt
|faint|p2a: Corviknight
|
|upkeep
|
|t:|1779804116
|switch|p2a: Slowking|Slowking-Galar, M|94/100 brn
|turn|45
|
|t:|1779804123
|-terastallize|p2a: Slowking|Water
|move|p1a: Lokix|Knock Off|p2a: Slowking
|-damage|p2a: Slowking|60/100 brn
|move|p2a: Slowking|Sludge Bomb|p1a: Lokix
|-damage|p1a: Lokix|0 fnt
|faint|p1a: Lokix
|
|-damage|p2a: Slowking|54/100 brn|[from] brn
|upkeep
|
|t:|1779804134
|switch|p1a: Tornadus|Tornadus-Therian, M|75/100
|turn|46
|
|t:|1779804141
|move|p1a: Tornadus|Bleakwind Storm|p2a: Slowking
|-damage|p2a: Slowking|26/100 brn
|move|p2a: Slowking|Ice Beam|p1a: Tornadus
|-supereffective|p1a: Tornadus
|-damage|p1a: Tornadus|43/100
|
|-damage|p2a: Slowking|20/100 brn|[from] brn
|upkeep
|turn|47
|
|t:|1779804147
|switch|p2a: Ting-Lu|Ting-Lu|100/100
|-ability|p2a: Ting-Lu|Vessel of Ruin
|move|p1a: Tornadus|Bleakwind Storm|p2a: Ting-Lu
|-damage|p2a: Ting-Lu|86/100
|-unboost|p2a: Ting-Lu|spe|1
|
|-heal|p2a: Ting-Lu|92/100|[from] item: Leftovers
|upkeep
|turn|48
|
|t:|1779804156
|switch|p2a: Slowking|Slowking-Galar, M, tera:Water|53/100 brn
|move|p1a: Tornadus|U-turn|p2a: Slowking
|-damage|p2a: Slowking|43/100 brn
|
|t:|1779804161
|switch|p1a: Alomomola|Alomomola, F|100/100|[from] U-turn
|
|-damage|p2a: Slowking|37/100 brn|[from] brn
|upkeep
|turn|49
|
|t:|1779804167
|move|p1a: Alomomola|Tickle|p2a: Slowking
|-unboost|p2a: Slowking|atk|1
|-unboost|p2a: Slowking|def|1
|move|p2a: Slowking|Ice Beam|p1a: Alomomola
|-resisted|p1a: Alomomola
|-damage|p1a: Alomomola|90/100
|
|-damage|p2a: Slowking|31/100 brn|[from] brn
|upkeep
|turn|50
|
|t:|1779804173
|switch|p2a: Dondozo|Dondozo, F|100/100
|move|p1a: Alomomola|Flip Turn|p2a: Dondozo
|-resisted|p2a: Dondozo
|-damage|p2a: Dondozo|96/100
|
|t:|1779804179
|switch|p1a: Weezing|Weezing-Galar, F|100/100|[from] Flip Turn
|
|-heal|p2a: Dondozo|100/100|[from] item: Leftovers
|upkeep
|turn|51
|
|t:|1779804186
|move|p1a: Weezing|Toxic|p2a: Dondozo
|-status|p2a: Dondozo|tox
|move|p2a: Dondozo|Waterfall|p1a: Weezing
|-damage|p1a: Weezing|84/100
|
|-heal|p1a: Weezing|90/100|[from] item: Black Sludge
|-damage|p2a: Dondozo|94/100 tox|[from] psn
|upkeep
|turn|52
|
|t:|1779804192
|switch|p1a: Alomomola|Alomomola, F|100/100
|move|p2a: Dondozo|Waterfall|p1a: Alomomola
|-resisted|p1a: Alomomola
|-damage|p1a: Alomomola|92/100
|-damage|p2a: Dondozo|78/100 tox|[from] item: Rocky Helmet|[of] p1a: Alomomola
|
|-heal|p2a: Dondozo|84/100 tox|[from] item: Leftovers
|-damage|p2a: Dondozo|72/100 tox|[from] psn
|upkeep
|turn|53
|
|t:|1779804198
|move|p1a: Alomomola|Tickle|p2a: Dondozo
|-unboost|p2a: Dondozo|atk|1
|-unboost|p2a: Dondozo|def|1
|move|p2a: Dondozo|Rest|p2a: Dondozo
|-status|p2a: Dondozo|slp|[from] move: Rest
|-heal|p2a: Dondozo|100/100 slp|[silent]
|
|upkeep
|turn|54
|
|t:|1779804207
|switch|p2a: Slowking|Slowking-Galar, M, tera:Water|64/100 brn
|move|p1a: Alomomola|Flip Turn|p2a: Slowking
|-resisted|p2a: Slowking
|-damage|p2a: Slowking|59/100 brn
|
|t:|1779804213
|switch|p1a: Tornadus|Tornadus-Therian, M|76/100|[from] Flip Turn
|
|-damage|p2a: Slowking|53/100 brn|[from] brn
|upkeep
|turn|55
|
|t:|1779804224
|switch|p2a: Ting-Lu|Ting-Lu|92/100
|-ability|p2a: Ting-Lu|Vessel of Ruin
|move|p1a: Tornadus|Bleakwind Storm|p2a: Ting-Lu
|-damage|p2a: Ting-Lu|77/100
|
|-heal|p2a: Ting-Lu|83/100|[from] item: Leftovers
|upkeep
|turn|56
|
|t:|1779804231
|switch|p2a: Slowking|Slowking-Galar, M, tera:Water|86/100 brn
|move|p1a: Tornadus|U-turn|p2a: Slowking
|-damage|p2a: Slowking|76/100 brn
|
|t:|1779804239
|switch|p1a: Alomomola|Alomomola, F|100/100|[from] U-turn
|
|-damage|p2a: Slowking|70/100 brn|[from] brn
|upkeep
|turn|57
|-message|e foi assim forfeited.
|
|win|claudechamp
|raw|e foi assim's rating: 1342 &rarr; <strong>1320</strong><br />(-22 for losing)
|raw|claudechamp's rating: 1306 &rarr; <strong>1328</strong><br />(+22 for winning)
|l|☆e foi assim
|player|p1|
|c|☆claudechamp|gg
