|j|☆Arcangel666
|j|☆Hallommora
|t:|1779903743
|gametype|singles
|player|p1|Arcangel666|piers-masters|1622
|player|p2|Hallommora|clown|1569
|gen|9
|tier|[Gen 9] OU
|rated|
|rule|HP Percentage Mod: HP is shown in percentages
|rule|Endless Battle Clause: Forcing endless battles is banned
|rule|Species Clause: Limit one of each Pokémon
|rule|OHKO Clause: OHKO moves are banned
|rule|Evasion Items Clause: Evasion items are banned
|rule|Evasion Moves Clause: Evasion moves are banned
|rule|Evasion Abilities Clause: Evasion abilities are banned
|rule|Sleep Moves Clause: Sleep-inducing moves are banned
|clearpoke
|poke|p1|Ting-Lu|
|poke|p1|Kingambit, M|
|poke|p1|Dragapult, M|
|poke|p1|Skeledirge, F|
|poke|p1|Iron Valiant|
|poke|p1|Rotom-Wash|
|poke|p2|Iron Treads|
|poke|p2|Raging Bolt|
|poke|p2|Iron Valiant|
|poke|p2|Kingambit, F|
|poke|p2|Great Tusk|
|poke|p2|Ogerpon-Wellspring, F|
|teampreview
|inactive|Battle timer is ON: inactive players will automatically lose when time's up. (requested by Hallommora)
|
|t:|1779903754
|teamsize|p1|6
|teamsize|p2|6
|start
|switch|p1a: Iron Valiant|Iron Valiant, shiny|100/100
|switch|p2a: Iron Treads|Iron Treads|100/100
|turn|1
|
|t:|1779903757
|move|p1a: Iron Valiant|Aura Sphere|p2a: Iron Treads
|-supereffective|p2a: Iron Treads
|-crit|p2a: Iron Treads
|-enditem|p2a: Iron Treads|Focus Sash
|-damage|p2a: Iron Treads|1/100
|move|p2a: Iron Treads|Rapid Spin|p1a: Iron Valiant
|-damage|p1a: Iron Valiant|80/100
|-boost|p2a: Iron Treads|spe|1
|
|upkeep
|turn|2
|
|t:|1779903761
|-end|p1a: Iron Valiant|Quark Drive|[silent]
|switch|p1a: Rotom|Rotom-Wash, shiny|100/100
|-terastallize|p2a: Iron Treads|Ghost
|move|p2a: Iron Treads|Endeavor|p1a: Rotom
|-damage|p1a: Rotom|1/100
|
|-heal|p1a: Rotom|7/100|[from] item: Leftovers
|upkeep
|turn|3
|
|t:|1779903768
|move|p2a: Iron Treads|Rapid Spin|p1a: Rotom
|-damage|p1a: Rotom|0 fnt
|-boost|p2a: Iron Treads|spe|1
|faint|p1a: Rotom
|
|upkeep
|
|t:|1779903769
|switch|p1a: Dragapult|Dragapult, M, shiny|100/100
|turn|4
|
|t:|1779903773
|-end|p2a: Iron Treads|Quark Drive|[silent]
|switch|p2a: Kingambit|Kingambit, F|100/100
|move|p1a: Dragapult|Dragon Darts|p2a: Kingambit
|-resisted|p2a: Kingambit
|-crit|p2a: Kingambit
|-damage|p2a: Kingambit|84/100
|-anim|p1a: Dragapult|Dragon Darts|p2a: Kingambit
|-resisted|p2a: Kingambit
|-damage|p2a: Kingambit|72/100
|
|upkeep
|turn|5
|j| Kyurem
|
|t:|1779903779
|switch|p1a: Iron Valiant|Iron Valiant, shiny|80/100
|move|p2a: Kingambit|Iron Head|p1a: Iron Valiant
|-supereffective|p1a: Iron Valiant
|-damage|p1a: Iron Valiant|0 fnt
|faint|p1a: Iron Valiant
|-end|p1a: Iron Valiant|Quark Drive|[silent]
|
|upkeep
|
|t:|1779903784
|switch|p1a: Skeledirge|Skeledirge, F, shiny|100/100
|turn|6
|
|t:|1779903789
|-end|p2a: Kingambit|fallenundefined|[silent]
|switch|p2a: Raging Bolt|Raging Bolt|100/100
|-enditem|p2a: Raging Bolt|Booster Energy
|-activate|p2a: Raging Bolt|ability: Protosynthesis|[fromitem]
|-start|p2a: Raging Bolt|protosynthesisspa
|move|p1a: Skeledirge|Will-O-Wisp|p2a: Raging Bolt|[miss]
|-miss|p1a: Skeledirge|p2a: Raging Bolt
|
|upkeep
|turn|7
|
|t:|1779903795
|switch|p1a: Ting-Lu|Ting-Lu|100/100
|-ability|p1a: Ting-Lu|Vessel of Ruin
|move|p2a: Raging Bolt|Calm Mind|p2a: Raging Bolt
|-boost|p2a: Raging Bolt|spa|1
|-boost|p2a: Raging Bolt|spd|1
|
|upkeep
|turn|8
|l| Kyurem
|
|t:|1779903798
|move|p2a: Raging Bolt|Draco Meteor|p1a: Ting-Lu
|-damage|p1a: Ting-Lu|36/100
|-unboost|p2a: Raging Bolt|spa|2
|move|p1a: Ting-Lu|Whirlwind|p2a: Raging Bolt
|-end|p2a: Raging Bolt|Protosynthesis|[silent]
|drag|p2a: Iron Valiant|Iron Valiant|100/100
|-enditem|p2a: Iron Valiant|Booster Energy
|-activate|p2a: Iron Valiant|ability: Quark Drive|[fromitem]
|-start|p2a: Iron Valiant|quarkdrivespe
|
|-heal|p1a: Ting-Lu|42/100|[from] item: Leftovers
|upkeep
|turn|9
|
|t:|1779903803
|switch|p1a: Skeledirge|Skeledirge, F, shiny|100/100
|move|p2a: Iron Valiant|Moonblast|p1a: Skeledirge
|-resisted|p1a: Skeledirge
|-damage|p1a: Skeledirge|74/100
|-unboost|p1a: Skeledirge|spa|1
|
|upkeep
|turn|10
|
|t:|1779903809
|-end|p2a: Iron Valiant|Quark Drive|[silent]
|switch|p2a: Raging Bolt|Raging Bolt|100/100
|move|p1a: Skeledirge|Slack Off|p1a: Skeledirge
|-heal|p1a: Skeledirge|100/100
|
|upkeep
|turn|11
|
|t:|1779903812
|switch|p1a: Ting-Lu|Ting-Lu|42/100
|-ability|p1a: Ting-Lu|Vessel of Ruin
|move|p2a: Raging Bolt|Calm Mind|p2a: Raging Bolt
|-boost|p2a: Raging Bolt|spa|1
|-boost|p2a: Raging Bolt|spd|1
|
|-heal|p1a: Ting-Lu|48/100|[from] item: Leftovers
|upkeep
|turn|12
|
|t:|1779903815
|move|p2a: Raging Bolt|Draco Meteor|p1a: Ting-Lu
|-damage|p1a: Ting-Lu|0 fnt
|-unboost|p2a: Raging Bolt|spa|2
|faint|p1a: Ting-Lu
|
|upkeep
|
|t:|1779903817
|switch|p1a: Kingambit|Kingambit, M, shiny|100/100
|-activate|p1a: Kingambit|ability: Supreme Overlord
|-start|p1a: Kingambit|fallen3|[silent]
|turn|13
|
|t:|1779903820
|move|p2a: Raging Bolt|Calm Mind|p2a: Raging Bolt
|-boost|p2a: Raging Bolt|spa|1
|-boost|p2a: Raging Bolt|spd|1
|move|p1a: Kingambit|Swords Dance|p1a: Kingambit
|-boost|p1a: Kingambit|atk|2
|
|upkeep
|turn|14
|
|t:|1779903822
|move|p2a: Raging Bolt|Thunderbolt|p1a: Kingambit
|-damage|p1a: Kingambit|44/100
|move|p1a: Kingambit|Kowtow Cleave|p2a: Raging Bolt
|-damage|p2a: Raging Bolt|0 fnt
|faint|p2a: Raging Bolt
|-end|p2a: Raging Bolt|Protosynthesis|[silent]
|
|upkeep
|
|t:|1779903829
|switch|p2a: Iron Valiant|Iron Valiant|100/100
|turn|15
|
|t:|1779903835
|-end|p1a: Kingambit|fallen3|[silent]
|switch|p1a: Skeledirge|Skeledirge, F, shiny|100/100
|move|p2a: Iron Valiant|Aura Sphere|p1a: Skeledirge
|-immune|p1a: Skeledirge
|
|upkeep
|turn|16
|
|t:|1779903840
|-end|p2a: Iron Valiant|Quark Drive|[silent]
|switch|p2a: Kingambit|Kingambit, F|72/100
|-activate|p2a: Kingambit|ability: Supreme Overlord
|-start|p2a: Kingambit|fallen1|[silent]
|move|p1a: Skeledirge|Torch Song|p2a: Kingambit
|-supereffective|p2a: Kingambit
|-damage|p2a: Kingambit|3/100
|-boost|p1a: Skeledirge|spa|1
|
|upkeep
|turn|17
|
|t:|1779903843
|move|p2a: Kingambit|Kowtow Cleave|p1a: Skeledirge
|-supereffective|p1a: Skeledirge
|-damage|p1a: Skeledirge|33/100
|move|p1a: Skeledirge|Will-O-Wisp|p2a: Kingambit
|-status|p2a: Kingambit|brn
|-enditem|p2a: Kingambit|Lum Berry|[eat]
|-curestatus|p2a: Kingambit|brn|[msg]
|
|upkeep
|turn|18
|
|t:|1779903849
|move|p2a: Kingambit|Kowtow Cleave|p1a: Skeledirge
|-supereffective|p1a: Skeledirge
|-damage|p1a: Skeledirge|0 fnt
|faint|p1a: Skeledirge
|
|upkeep
|
|t:|1779903852
|switch|p1a: Dragapult|Dragapult, M, shiny|100/100
|turn|19
|
|t:|1779903855
|move|p2a: Kingambit|Sucker Punch||[still]
|-fail|p2a: Kingambit
|move|p1a: Dragapult|Substitute|p1a: Dragapult
|-start|p1a: Dragapult|Substitute
|-damage|p1a: Dragapult|76/100
|
|-heal|p1a: Dragapult|82/100|[from] item: Leftovers
|upkeep
|turn|20
|
|t:|1779903857
|move|p2a: Kingambit|Sucker Punch|p1a: Dragapult
|-supereffective|p1a: Dragapult
|-end|p1a: Dragapult|Substitute
|move|p1a: Dragapult|Dragon Darts|p2a: Kingambit
|-resisted|p2a: Kingambit
|-damage|p2a: Kingambit|0 fnt
|faint|p2a: Kingambit
|-end|p2a: Kingambit|fallen1|[silent]
|
|-heal|p1a: Dragapult|88/100|[from] item: Leftovers
|upkeep
|
|t:|1779903863
|switch|p2a: Iron Valiant|Iron Valiant|100/100
|turn|21
|
|t:|1779903870
|-terastallize|p1a: Dragapult|Psychic
|move|p1a: Dragapult|Dragon Dance|p1a: Dragapult
|-boost|p1a: Dragapult|atk|1
|-boost|p1a: Dragapult|spe|1
|move|p2a: Iron Valiant|Moonblast|p1a: Dragapult
|-damage|p1a: Dragapult|18/100
|
|-heal|p1a: Dragapult|24/100|[from] item: Leftovers
|upkeep
|turn|22
|
|t:|1779903875
|move|p1a: Dragapult|Psychic Fangs|p2a: Iron Valiant
|-supereffective|p2a: Iron Valiant
|-damage|p2a: Iron Valiant|0 fnt
|faint|p2a: Iron Valiant
|-end|p2a: Iron Valiant|Quark Drive|[silent]
|
|-heal|p1a: Dragapult|30/100|[from] item: Leftovers
|upkeep
|
|t:|1779903878
|switch|p2a: Great Tusk|Great Tusk|100/100
|-enditem|p2a: Great Tusk|Booster Energy
|-activate|p2a: Great Tusk|ability: Protosynthesis|[fromitem]
|-start|p2a: Great Tusk|protosynthesisspe
|turn|23
|
|t:|1779903882
|move|p1a: Dragapult|Substitute|p1a: Dragapult
|-start|p1a: Dragapult|Substitute
|-damage|p1a: Dragapult|5/100
|move|p2a: Great Tusk|Headlong Rush|p1a: Dragapult
|-end|p1a: Dragapult|Substitute
|-unboost|p2a: Great Tusk|def|1
|-unboost|p2a: Great Tusk|spd|1
|
|-heal|p1a: Dragapult|11/100|[from] item: Leftovers
|upkeep
|turn|24
|
|t:|1779903886
|-end|p2a: Great Tusk|Protosynthesis|[silent]
|switch|p2a: Iron Treads|Iron Treads, tera:Ghost|1/100
|move|p1a: Dragapult|Psychic Fangs|p2a: Iron Treads
|-damage|p2a: Iron Treads|0 fnt
|faint|p2a: Iron Treads
|-end|p2a: Iron Treads|Quark Drive|[silent]
|
|-heal|p1a: Dragapult|17/100|[from] item: Leftovers
|upkeep
|
|t:|1779903887
|switch|p2a: Great Tusk|Great Tusk|100/100
|turn|25
|
|t:|1779903890
|move|p1a: Dragapult|Psychic Fangs|p2a: Great Tusk
|-supereffective|p2a: Great Tusk
|-damage|p2a: Great Tusk|15/100
|move|p2a: Great Tusk|Ice Spinner|p1a: Dragapult
|-damage|p1a: Dragapult|0 fnt
|faint|p1a: Dragapult
|
|upkeep
|
|t:|1779903893
|switch|p1a: Kingambit|Kingambit, M, shiny|44/100
|-activate|p1a: Kingambit|ability: Supreme Overlord
|-start|p1a: Kingambit|fallen5|[silent]
|turn|26
|
|t:|1779903895
|move|p1a: Kingambit|Sucker Punch|p2a: Great Tusk
|-resisted|p2a: Great Tusk
|-damage|p2a: Great Tusk|0 fnt
|faint|p2a: Great Tusk
|-end|p2a: Great Tusk|Protosynthesis|[silent]
|
|upkeep
|
|t:|1779903896
|switch|p2a: Ogerpon|Ogerpon-Wellspring, F|100/100
|turn|27
|
|t:|1779903899
|move|p2a: Ogerpon|Encore|p1a: Kingambit
|-start|p1a: Kingambit|Encore
|move|p1a: Kingambit|Sucker Punch||[still]
|-fail|p1a: Kingambit
|
|upkeep
|turn|28
|
|t:|1779903901
|move|p1a: Kingambit|Sucker Punch||[still]
|-fail|p1a: Kingambit
|move|p2a: Ogerpon|Swords Dance|p2a: Ogerpon
|-boost|p2a: Ogerpon|atk|2
|
|upkeep
|turn|29
|
|t:|1779903903
|move|p1a: Kingambit|Sucker Punch||[still]
|-fail|p1a: Kingambit
|move|p2a: Ogerpon|Swords Dance|p2a: Ogerpon
|-boost|p2a: Ogerpon|atk|2
|
|-end|p1a: Kingambit|Encore
|upkeep
|turn|30
|
|t:|1779903905
|move|p1a: Kingambit|Sucker Punch||[still]
|-fail|p1a: Kingambit
|move|p2a: Ogerpon|Encore|p1a: Kingambit
|-start|p1a: Kingambit|Encore
|
|upkeep
|turn|31
|
|t:|1779903911
|move|p1a: Kingambit|Sucker Punch||[still]
|-fail|p1a: Kingambit
|move|p2a: Ogerpon|Swords Dance|p2a: Ogerpon
|-boost|p2a: Ogerpon|atk|2
|
|upkeep
|turn|32
|
|t:|1779903913
|move|p1a: Kingambit|Sucker Punch||[still]
|-fail|p1a: Kingambit
|move|p2a: Ogerpon|Swords Dance|p2a: Ogerpon
|-boost|p2a: Ogerpon|atk|0
|
|upkeep
|turn|33
|
|t:|1779903916
|move|p1a: Kingambit|Sucker Punch||[still]
|-fail|p1a: Kingambit
|move|p2a: Ogerpon|Swords Dance|p2a: Ogerpon
|-boost|p2a: Ogerpon|atk|0
|
|-end|p1a: Kingambit|Encore
|upkeep
|turn|34
|
|t:|1779903919
|move|p2a: Ogerpon|Ivy Cudgel|p1a: Kingambit|[anim] Ivy Cudgel Water
|-damage|p1a: Kingambit|0 fnt
|faint|p1a: Kingambit
|-end|p1a: Kingambit|fallen5|[silent]
|
|win|Hallommora
|raw|Arcangel666's rating: 1622 &rarr; <strong>1599</strong><br />(-23 for losing)
|raw|Hallommora's rating: 1569 &rarr; <strong>1592</strong><br />(+23 for winning)
|l|☆Arcangel666
|player|p1|
|l|☆Hallommora
|player|p2|
|j|☆Hallommora
|player|p2|Hallommora|clown|
|l|☆Hallommora
|player|p2|
