|j|☆BaxleyTheBomb
|j|☆laon09
|t:|1779964811
|gametype|singles
|player|p1|BaxleyTheBomb|janitor|1157
|player|p2|laon09|265|1101
|gen|9
|tier|[Gen 9] OU
|rated|
|rule|HP Percentage Mod: HP is shown in percentages
|rule|Endless Battle Clause: Forcing endless battles is banned
|rule|Species Clause: Limit one of each Pokémon
|rule|OHKO Clause: OHKO moves are banned
|rule|Evasion Items Clause: Evasion items are banned
|rule|Evasion Moves Clause: Evasion moves are banned
|rule|Evasion Abilities Clause: Evasion abilities are banned
|rule|Sleep Moves Clause: Sleep-inducing moves are banned
|clearpoke
|poke|p1|Milotic, F|
|poke|p1|Sceptile, M|
|poke|p1|Dusclops, F|
|poke|p1|Seviper, M|
|poke|p1|Deoxys-Speed|
|poke|p1|Salamence, M|
|poke|p2|Grimmsnarl, M|
|poke|p2|Serperior, F|
|poke|p2|Garganacl, M|
|poke|p2|Dragonite, M|
|poke|p2|Clodsire, F|
|poke|p2|Excadrill, M|
|teampreview
|inactive|Battle timer is ON: inactive players will automatically lose when time's up. (requested by laon09)
|
|t:|1779964818
|teamsize|p1|6
|teamsize|p2|6
|start
|switch|p1a: Sceptile|Sceptile, M, shiny|100/100
|switch|p2a: Grimmsnarl|Grimmsnarl, M|100/100
|turn|1
|
|t:|1779964827
|move|p2a: Grimmsnarl|Reflect|p2a: Grimmsnarl
|-sidestart|p2: laon09|Reflect
|move|p1a: Sceptile|Roar|p2a: Grimmsnarl
|-enditem|p1a: Sceptile|Throat Spray
|-boost|p1a: Sceptile|spa|1|[from] item: Throat Spray
|drag|p2a: Clodsire|Clodsire, F|100/100
|
|upkeep
|turn|2
|
|t:|1779964836
|move|p1a: Sceptile|Giga Drain|p2a: Clodsire
|-damage|p2a: Clodsire|72/100
|move|p2a: Clodsire|Toxic|p1a: Sceptile
|-status|p1a: Sceptile|tox
|
|-heal|p2a: Clodsire|78/100|[from] item: Black Sludge
|-damage|p1a: Sceptile|94/100 tox|[from] psn
|upkeep
|turn|3
|
|t:|1779964846
|move|p2a: Clodsire|Toxic Spikes|p1a: Sceptile
|-sidestart|p1: BaxleyTheBomb|move: Toxic Spikes
|move|p1a: Sceptile|Roar|p2a: Clodsire
|drag|p2a: Serperior|Serperior, F|100/100
|
|-damage|p1a: Sceptile|82/100 tox|[from] psn
|upkeep
|turn|4
|
|t:|1779964857
|move|p1a: Sceptile|Focus Blast|p2a: Serperior|[miss]
|-miss|p1a: Sceptile|p2a: Serperior
|move|p2a: Serperior|Leaf Storm|p1a: Sceptile
|-resisted|p1a: Sceptile
|-damage|p1a: Sceptile|44/100 tox
|-boost|p2a: Serperior|spa|2
|
|-damage|p1a: Sceptile|26/100 tox|[from] psn
|upkeep
|turn|5
|
|t:|1779964868
|move|p1a: Sceptile|Focus Blast|p2a: Serperior
|-damage|p2a: Serperior|26/100
|-boost|p2a: Serperior|spd|1
|-enditem|p2a: Serperior|Sitrus Berry|[eat]
|-heal|p2a: Serperior|51/100|[from] item: Sitrus Berry
|move|p2a: Serperior|Leaf Storm|p1a: Sceptile
|-resisted|p1a: Sceptile
|-damage|p1a: Sceptile|0 fnt
|-boost|p2a: Serperior|spa|2
|faint|p1a: Sceptile
|
|upkeep
|
|t:|1779964881
|switch|p1a: Seviper|Seviper, M, shiny|100/100
|-sideend|p1: BaxleyTheBomb|move: Toxic Spikes|[of] p1a: Seviper
|turn|6
|
|t:|1779964887
|-terastallize|p2a: Serperior|Water
|move|p2a: Serperior|Leaf Storm|p1a: Seviper
|-resisted|p1a: Seviper
|-damage|p1a: Seviper|30/100
|-boost|p2a: Serperior|spa|2
|move|p1a: Seviper|Gunk Shot|p2a: Serperior|[miss]
|-miss|p1a: Seviper|p2a: Serperior
|
|upkeep
|turn|7
|
|t:|1779964911
|move|p2a: Serperior|Dragon Pulse|p1a: Seviper
|-damage|p1a: Seviper|0 fnt
|faint|p1a: Seviper
|
|upkeep
|inactive|BaxleyTheBomb has 120 seconds left.
|
|t:|1779964929
|switch|p1a: Deoxys|Deoxys-Speed, shiny|100/100
|-ability|p1a: Deoxys|Pressure
|turn|8
|
|t:|1779964938
|move|p1a: Deoxys|Trick|p2a: Serperior
|-activate|p1a: Deoxys|move: Trick|[of] p2a: Serperior
|-item|p2a: Serperior|Choice Band|[from] move: Trick
|-enditem|p1a: Deoxys|Choice Band|[silent]|[from] move: Trick
|move|p2a: Serperior|Leaf Storm|p1a: Deoxys
|-damage|p1a: Deoxys|0 fnt
|faint|p1a: Deoxys
|
|-sideend|p2: laon09|Reflect
|upkeep
|
|t:|1779964946
|switch|p1a: Salamence|Salamence, M, shiny|100/100
|turn|9
|
|t:|1779964952
|move|p2a: Serperior|Leaf Storm|p1a: Salamence
|-resisted|p1a: Salamence
|-damage|p1a: Salamence|34/100
|move|p1a: Salamence|Dragon Dance|p1a: Salamence
|-boost|p1a: Salamence|atk|1
|-boost|p1a: Salamence|spe|1
|
|upkeep
|turn|10
|
|t:|1779964972
|move|p1a: Salamence|Earthquake|p2a: Serperior
|-damage|p2a: Serperior|0 fnt
|faint|p2a: Serperior
|-ability|p1a: Salamence|Moxie|boost
|-boost|p1a: Salamence|atk|1
|
|upkeep
|
|t:|1779964981
|switch|p2a: Grimmsnarl|Grimmsnarl, M|100/100
|turn|11
|
|t:|1779964992
|move|p2a: Grimmsnarl|Taunt|p1a: Salamence
|-start|p1a: Salamence|move: Taunt
|move|p1a: Salamence|Earthquake|p2a: Grimmsnarl
|-damage|p2a: Grimmsnarl|29/100
|
|upkeep
|turn|12
|
|t:|1779965000
|move|p2a: Grimmsnarl|Reflect|p2a: Grimmsnarl
|-sidestart|p2: laon09|Reflect
|move|p1a: Salamence|Earthquake|p2a: Grimmsnarl
|-damage|p2a: Grimmsnarl|0 fnt
|faint|p2a: Grimmsnarl
|-ability|p1a: Salamence|Moxie|boost
|-boost|p1a: Salamence|atk|1
|
|upkeep
|
|t:|1779965010
|switch|p2a: Dragonite|Dragonite, M|100/100
|turn|13
|
|t:|1779965015
|move|p1a: Salamence|Outrage|p2a: Dragonite
|-supereffective|p2a: Dragonite
|-damage|p2a: Dragonite|0 fnt
|faint|p2a: Dragonite
|-ability|p1a: Salamence|Moxie|boost
|-boost|p1a: Salamence|atk|1
|
|-end|p1a: Salamence|move: Taunt
|upkeep
|
|t:|1779965024
|switch|p2a: Excadrill|Excadrill, M|100/100
|-ability|p2a: Excadrill|Mold Breaker
|turn|14
|
|t:|1779965030
|move|p1a: Salamence|Outrage|p2a: Excadrill|[from] lockedmove
|-resisted|p2a: Excadrill
|-damage|p2a: Excadrill|28/100
|move|p2a: Excadrill|Iron Head|p1a: Salamence
|-damage|p1a: Salamence|0 fnt
|faint|p1a: Salamence
|-damage|p2a: Excadrill|18/100|[from] item: Life Orb
|
|upkeep
|
|t:|1779965039
|switch|p1a: Milotic|Milotic, F, shiny|100/100
|turn|15
|
|t:|1779965046
|move|p2a: Excadrill|Earthquake|p1a: Milotic
|-damage|p1a: Milotic|20/100
|-damage|p2a: Excadrill|8/100|[from] item: Life Orb
|move|p1a: Milotic|Scald|p2a: Excadrill
|-supereffective|p2a: Excadrill
|-damage|p2a: Excadrill|0 fnt
|faint|p2a: Excadrill
|
|-heal|p1a: Milotic|26/100|[from] item: Leftovers
|upkeep
|
|t:|1779965057
|switch|p2a: Clodsire|Clodsire, F|78/100
|turn|16
|
|t:|1779965065
|move|p1a: Milotic|Recover|p1a: Milotic
|-heal|p1a: Milotic|76/100
|move|p2a: Clodsire|Earthquake|p1a: Milotic
|-damage|p1a: Milotic|50/100
|
|-heal|p1a: Milotic|56/100|[from] item: Leftovers
|-heal|p2a: Clodsire|84/100|[from] item: Black Sludge
|upkeep
|turn|17
|
|t:|1779965074
|move|p1a: Milotic|Scald|p2a: Clodsire
|-heal|p2a: Clodsire|100/100|[from] ability: Water Absorb|[of] p1a: Milotic
|move|p2a: Clodsire|Toxic|p1a: Milotic
|-status|p1a: Milotic|tox
|
|-heal|p1a: Milotic|62/100 tox|[from] item: Leftovers
|-damage|p1a: Milotic|56/100 tox|[from] psn
|upkeep
|turn|18
|
|t:|1779965087
|move|p1a: Milotic|Ice Beam|p2a: Clodsire
|-supereffective|p2a: Clodsire
|-damage|p2a: Clodsire|69/100
|-status|p2a: Clodsire|frz
|cant|p2a: Clodsire|frz
|
|-heal|p1a: Milotic|62/100 tox|[from] item: Leftovers
|-heal|p2a: Clodsire|76/100 frz|[from] item: Black Sludge
|-damage|p1a: Milotic|50/100 tox|[from] psn
|upkeep
|turn|19
|
|t:|1779965099
|switch|p1a: Dusclops|Dusclops, F, shiny|100/100
|-ability|p1a: Dusclops|Pressure
|cant|p2a: Clodsire|frz
|
|-heal|p2a: Clodsire|82/100 frz|[from] item: Black Sludge
|-sideend|p2: laon09|Reflect
|upkeep
|turn|20
|
|t:|1779965110
|move|p1a: Dusclops|Night Shade|p2a: Clodsire
|-damage|p2a: Clodsire|60/100 frz
|-curestatus|p2a: Clodsire|frz|[msg]
|move|p2a: Clodsire|Toxic|p1a: Dusclops
|-status|p1a: Dusclops|tox
|
|-heal|p2a: Clodsire|67/100|[from] item: Black Sludge
|-damage|p1a: Dusclops|95/100 tox|[from] psn
|upkeep
|turn|21
|
|t:|1779965122
|move|p1a: Dusclops|Night Shade|p2a: Clodsire
|-damage|p2a: Clodsire|45/100
|move|p2a: Clodsire|Recover|p2a: Clodsire
|-heal|p2a: Clodsire|95/100
|
|-heal|p2a: Clodsire|100/100|[from] item: Black Sludge
|-damage|p1a: Dusclops|83/100 tox|[from] psn
|upkeep
|turn|22
|
|t:|1779965131
|move|p1a: Dusclops|Will-O-Wisp|p2a: Clodsire
|-status|p2a: Clodsire|brn
|move|p2a: Clodsire|Earthquake|p1a: Dusclops
|-damage|p1a: Dusclops|74/100 tox
|
|-damage|p1a: Dusclops|56/100 tox|[from] psn
|-damage|p2a: Clodsire|94/100 brn|[from] brn
|upkeep
|turn|23
|
|t:|1779965144
|move|p1a: Dusclops|Protect|p1a: Dusclops
|-singleturn|p1a: Dusclops|Protect
|move|p2a: Clodsire|Earthquake|p1a: Dusclops
|-activate|p1a: Dusclops|move: Protect
|
|-heal|p2a: Clodsire|100/100 brn|[from] item: Black Sludge
|-damage|p1a: Dusclops|32/100 tox|[from] psn
|-damage|p2a: Clodsire|94/100 brn|[from] brn
|upkeep
|turn|24
|
|t:|1779965154
|move|p1a: Dusclops|Pain Split|p2a: Clodsire
|-sethp|p2a: Clodsire|57/100 brn|[from] move: Pain Split|[silent]
|-sethp|p1a: Dusclops|93/100 tox|[from] move: Pain Split
|move|p2a: Clodsire|Earthquake|p1a: Dusclops
|-damage|p1a: Dusclops|84/100 tox
|
|-heal|p2a: Clodsire|63/100 brn|[from] item: Black Sludge
|-damage|p1a: Dusclops|54/100 tox|[from] psn
|-damage|p2a: Clodsire|57/100 brn|[from] brn
|upkeep
|turn|25
|
|t:|1779965170
|switch|p1a: Milotic|Milotic, F, shiny|50/100 tox
|move|p2a: Clodsire|Earthquake|p1a: Milotic
|-damage|p1a: Milotic|36/100 tox
|
|-heal|p1a: Milotic|42/100 tox|[from] item: Leftovers
|-heal|p2a: Clodsire|63/100 brn|[from] item: Black Sludge
|-damage|p1a: Milotic|36/100 tox|[from] psn
|-damage|p2a: Clodsire|57/100 brn|[from] brn
|upkeep
|turn|26
|
|t:|1779965181
|move|p1a: Milotic|Recover|p1a: Milotic
|-heal|p1a: Milotic|86/100 tox
|move|p2a: Clodsire|Recover|p2a: Clodsire
|-heal|p2a: Clodsire|100/100 brn
|
|-heal|p1a: Milotic|92/100 tox|[from] item: Leftovers
|-damage|p1a: Milotic|80/100 tox|[from] psn
|-damage|p2a: Clodsire|94/100 brn|[from] brn
|upkeep
|turn|27
|
|t:|1779965192
|move|p1a: Milotic|Ice Beam|p2a: Clodsire
|-supereffective|p2a: Clodsire
|-damage|p2a: Clodsire|64/100 brn
|move|p2a: Clodsire|Earthquake|p1a: Milotic
|-damage|p1a: Milotic|65/100 tox
|
|-heal|p1a: Milotic|71/100 tox|[from] item: Leftovers
|-heal|p2a: Clodsire|70/100 brn|[from] item: Black Sludge
|-damage|p1a: Milotic|53/100 tox|[from] psn
|-damage|p2a: Clodsire|64/100 brn|[from] brn
|upkeep
|turn|28
|
|t:|1779965209
|move|p1a: Milotic|Ice Beam|p2a: Clodsire
|-supereffective|p2a: Clodsire
|-damage|p2a: Clodsire|32/100 brn
|move|p2a: Clodsire|Recover|p2a: Clodsire
|-heal|p2a: Clodsire|82/100 brn
|
|-heal|p1a: Milotic|59/100 tox|[from] item: Leftovers
|-heal|p2a: Clodsire|88/100 brn|[from] item: Black Sludge
|-damage|p1a: Milotic|35/100 tox|[from] psn
|-damage|p2a: Clodsire|82/100 brn|[from] brn
|upkeep
|turn|29
|
|t:|1779965221
|switch|p1a: Dusclops|Dusclops, F, shiny|54/100 tox
|-ability|p1a: Dusclops|Pressure
|move|p2a: Clodsire|Earthquake|p1a: Dusclops
|-damage|p1a: Dusclops|45/100 tox
|
|-heal|p2a: Clodsire|88/100 brn|[from] item: Black Sludge
|-damage|p1a: Dusclops|39/100 tox|[from] psn
|-damage|p2a: Clodsire|82/100 brn|[from] brn
|upkeep
|turn|30
|
|t:|1779965235
|switch|p2a: Garganacl|Garganacl, M|100/100
|move|p1a: Dusclops|Pain Split|p2a: Garganacl
|-sethp|p2a: Garganacl|64/100|[from] move: Pain Split|[silent]
|-sethp|p1a: Dusclops|91/100 tox|[from] move: Pain Split
|
|-heal|p2a: Garganacl|70/100|[from] item: Leftovers
|-damage|p1a: Dusclops|79/100 tox|[from] psn
|upkeep
|turn|31
|
|t:|1779965245
|move|p1a: Dusclops|Protect|p1a: Dusclops
|-singleturn|p1a: Dusclops|Protect
|move|p2a: Garganacl|Salt Cure|p1a: Dusclops
|-activate|p1a: Dusclops|move: Protect
|
|-heal|p2a: Garganacl|76/100|[from] item: Leftovers
|-damage|p1a: Dusclops|61/100 tox|[from] psn
|upkeep
|turn|32
|
|t:|1779965257
|move|p2a: Garganacl|Salt Cure|p1a: Dusclops
|-damage|p1a: Dusclops|53/100 tox
|-start|p1a: Dusclops|Salt Cure
|move|p1a: Dusclops|Night Shade|p2a: Garganacl
|-damage|p2a: Garganacl|52/100
|
|-heal|p2a: Garganacl|58/100|[from] item: Leftovers
|-damage|p1a: Dusclops|29/100 tox|[from] psn
|-damage|p1a: Dusclops|16/100 tox|[from] Salt Cure
|upkeep
|turn|33
|
|t:|1779965272
|move|p2a: Garganacl|Recover|p2a: Garganacl
|-heal|p2a: Garganacl|100/100
|move|p1a: Dusclops|Pain Split|p2a: Garganacl
|-sethp|p2a: Garganacl|56/100|[from] move: Pain Split|[silent]
|-sethp|p1a: Dusclops|79/100 tox|[from] move: Pain Split
|
|-heal|p2a: Garganacl|62/100|[from] item: Leftovers
|-damage|p1a: Dusclops|49/100 tox|[from] psn
|-damage|p1a: Dusclops|37/100 tox|[from] Salt Cure
|upkeep
|turn|34
|
|t:|1779965290
|move|p2a: Garganacl|Salt Cure|p1a: Dusclops
|-damage|p1a: Dusclops|28/100 tox
|move|p1a: Dusclops|Night Shade|p2a: Garganacl
|-damage|p2a: Garganacl|37/100
|
|-heal|p2a: Garganacl|44/100|[from] item: Leftovers
|-damage|p1a: Dusclops|0 fnt|[from] psn
|faint|p1a: Dusclops
|upkeep
|
|t:|1779965300
|switch|p1a: Milotic|Milotic, F, shiny|35/100 tox
|turn|35
|
|t:|1779965306
|move|p1a: Milotic|Recover|p1a: Milotic
|-heal|p1a: Milotic|85/100 tox
|move|p2a: Garganacl|Salt Cure|p1a: Milotic
|-damage|p1a: Milotic|71/100 tox
|-start|p1a: Milotic|Salt Cure
|
|-heal|p1a: Milotic|77/100 tox|[from] item: Leftovers
|-heal|p2a: Garganacl|50/100|[from] item: Leftovers
|-damage|p1a: Milotic|71/100 tox|[from] psn
|-damage|p1a: Milotic|46/100 tox|[from] Salt Cure
|upkeep
|turn|36
|
|t:|1779965317
|switch|p2a: Clodsire|Clodsire, F|82/100 brn
|move|p1a: Milotic|Scald|p2a: Clodsire
|-heal|p2a: Clodsire|100/100 brn|[from] ability: Water Absorb|[of] p1a: Milotic
|
|-heal|p1a: Milotic|52/100 tox|[from] item: Leftovers
|-damage|p1a: Milotic|40/100 tox|[from] psn
|-damage|p2a: Clodsire|94/100 brn|[from] brn
|-damage|p1a: Milotic|15/100 tox|[from] Salt Cure
|upkeep
|turn|37
|-message|BaxleyTheBomb forfeited.
|
|win|laon09
|raw|BaxleyTheBomb's rating: 1157 &rarr; <strong>1128</strong><br />(-29 for losing)
|raw|laon09's rating: 1101 &rarr; <strong>1130</strong><br />(+29 for winning)
|l|☆BaxleyTheBomb
|player|p1|
|l|☆laon09
|player|p2|
