|j|☆herring surprise
|j|☆npctypebeat
|t:|1779937580
|gametype|singles
|player|p1|herring surprise|n|1059
|player|p2|npctypebeat|102|1074
|gen|9
|tier|[Gen 9] OU
|rated|
|rule|HP Percentage Mod: HP is shown in percentages
|rule|Endless Battle Clause: Forcing endless battles is banned
|rule|Species Clause: Limit one of each Pokémon
|rule|OHKO Clause: OHKO moves are banned
|rule|Evasion Items Clause: Evasion items are banned
|rule|Evasion Moves Clause: Evasion moves are banned
|rule|Evasion Abilities Clause: Evasion abilities are banned
|rule|Sleep Moves Clause: Sleep-inducing moves are banned
|clearpoke
|poke|p1|Porygon-Z|
|poke|p1|Umbreon, M|
|poke|p1|Mimikyu, M|
|poke|p1|Primarina, F|
|poke|p1|Flygon, F|
|poke|p2|Gliscor, F|
|poke|p2|Gholdengo|
|poke|p2|Zamazenta-*|
|poke|p2|Blissey, F|
|poke|p2|Skarmory, F|
|poke|p2|Pecharunt|
|teampreview
|inactive|Battle timer is ON: inactive players will automatically lose when time's up. (requested by herring surprise)
|c|☆npctypebeat|hf
|
|t:|1779937591
|teamsize|p1|5
|teamsize|p2|6
|start
|switch|p1a: Porygon-Z|Porygon-Z|100/100
|switch|p2a: Skarmory|Skarmory, F|100/100
|-ability|p1a: Porygon-Z|Download|boost
|-boost|p1a: Porygon-Z|spa|1
|turn|1
|inactive|npctypebeat also wants the timer to be on.
|
|t:|1779937599
|move|p1a: Porygon-Z|Discharge|p2a: Skarmory
|-supereffective|p2a: Skarmory
|-crit|p2a: Skarmory
|-ability|p2a: Skarmory|Sturdy
|-damage|p2a: Skarmory|1/100
|-status|p2a: Skarmory|par
|cant|p2a: Skarmory|par
|
|upkeep
|turn|2
|
|t:|1779937619
|switch|p2a: Gliscor|Gliscor, F|100/100
|move|p1a: Porygon-Z|Tri Attack|p2a: Gliscor
|-damage|p2a: Gliscor|45/100
|
|-status|p2a: Gliscor|tox|[from] item: Toxic Orb
|upkeep
|turn|3
|
|t:|1779937632
|move|p1a: Porygon-Z|Blizzard|p2a: Gliscor|[miss]
|-miss|p1a: Porygon-Z|p2a: Gliscor
|move|p2a: Gliscor|Earthquake|p1a: Porygon-Z
|-damage|p1a: Porygon-Z|48/100
|
|-heal|p2a: Gliscor|58/100 tox|[from] ability: Poison Heal
|upkeep
|turn|4
|
|t:|1779937641
|switch|p2a: Skarmory|Skarmory, F|1/100 par
|move|p1a: Porygon-Z|Blizzard|p2a: Skarmory|[miss]
|-miss|p1a: Porygon-Z|p2a: Skarmory
|
|upkeep
|turn|5
|c|☆herring surprise|2 for 2 baby
|
|t:|1779937651
|move|p1a: Porygon-Z|Discharge|p2a: Skarmory
|-supereffective|p2a: Skarmory
|-damage|p2a: Skarmory|0 fnt
|faint|p2a: Skarmory
|
|upkeep
|
|t:|1779937654
|switch|p2a: Zamazenta|Zamazenta|100/100
|-ability|p2a: Zamazenta|Dauntless Shield|boost
|-boost|p2a: Zamazenta|def|1
|-enditem|p1a: Porygon-Z|Mirror Herb
|-boost|p1a: Porygon-Z|def|1|[from] item: Mirror Herb
|turn|6
|
|t:|1779937664
|move|p2a: Zamazenta|Close Combat|p1a: Porygon-Z
|-supereffective|p1a: Porygon-Z
|-damage|p1a: Porygon-Z|0 fnt
|-unboost|p2a: Zamazenta|def|1
|-unboost|p2a: Zamazenta|spd|1
|faint|p1a: Porygon-Z
|
|upkeep
|
|t:|1779937673
|switch|p1a: Elton Breon|Umbreon, M, shiny|100/100
|turn|7
|
|t:|1779937678
|switch|p1a: Mimikyu|Mimikyu, M, shiny|100/100
|move|p2a: Zamazenta|Close Combat|p1a: Mimikyu
|-immune|p1a: Mimikyu
|
|upkeep
|turn|8
|
|t:|1779937687
|move|p2a: Zamazenta|Heavy Slam|p1a: Mimikyu
|-activate|p1a: Mimikyu|ability: Disguise
|-damage|p1a: Mimikyu|100/100
|detailschange|p1a: Mimikyu|Mimikyu-Busted, M, shiny
|-damage|p1a: Mimikyu|88/100|[from] pokemon: Mimikyu-Busted
|move|p1a: Mimikyu|Burning Jealousy|p2a: Zamazenta
|-damage|p2a: Zamazenta|88/100
|
|-heal|p1a: Mimikyu|94/100|[from] item: Leftovers
|upkeep
|turn|9
|
|t:|1779937703
|move|p2a: Zamazenta|Heavy Slam|p1a: Mimikyu
|-supereffective|p1a: Mimikyu
|-damage|p1a: Mimikyu|0 fnt
|faint|p1a: Mimikyu
|
|upkeep
|
|t:|1779937713
|switch|p1a: Primarina|Primarina, F|100/100
|turn|10
|
|t:|1779937717
|move|p2a: Zamazenta|Close Combat|p1a: Primarina
|-resisted|p1a: Primarina
|-damage|p1a: Primarina|63/100
|-unboost|p2a: Zamazenta|def|1
|-unboost|p2a: Zamazenta|spd|1
|move|p1a: Primarina|Moonblast|p2a: Zamazenta
|-supereffective|p2a: Zamazenta
|-damage|p2a: Zamazenta|0 fnt
|faint|p2a: Zamazenta
|
|upkeep
|
|t:|1779937725
|switch|p2a: Pecharunt|Pecharunt|100/100
|turn|11
|
|t:|1779937728
|move|p2a: Pecharunt|Toxic|p1a: Primarina
|-status|p1a: Primarina|tox
|-start|p1a: Primarina|confusion|[from] ability: Poison Puppeteer|[of] p2a: Pecharunt
|-activate|p1a: Primarina|confusion
|move|p1a: Primarina|Blizzard|p2a: Pecharunt
|-damage|p2a: Pecharunt|56/100
|
|-damage|p1a: Primarina|57/100 tox|[from] psn
|upkeep
|turn|12
|
|t:|1779937741
|move|p2a: Pecharunt|Recover|p2a: Pecharunt
|-heal|p2a: Pecharunt|100/100
|-activate|p1a: Primarina|confusion
|move|p1a: Primarina|Blizzard|p2a: Pecharunt
|-damage|p2a: Pecharunt|60/100
|
|-damage|p1a: Primarina|45/100 tox|[from] psn
|upkeep
|turn|13
|
|t:|1779937750
|move|p2a: Pecharunt|Recover|p2a: Pecharunt
|-heal|p2a: Pecharunt|100/100
|-end|p1a: Primarina|confusion
|move|p1a: Primarina|Blizzard|p2a: Pecharunt
|-damage|p2a: Pecharunt|59/100
|
|-damage|p1a: Primarina|27/100 tox|[from] psn
|upkeep
|turn|14
|
|t:|1779937760
|move|p2a: Pecharunt|Recover|p2a: Pecharunt
|-heal|p2a: Pecharunt|100/100
|move|p1a: Primarina|Blizzard|p2a: Pecharunt|[miss]
|-miss|p1a: Primarina|p2a: Pecharunt
|
|-damage|p1a: Primarina|3/100 tox|[from] psn
|upkeep
|turn|15
|
|t:|1779937767
|move|p2a: Pecharunt|Shadow Ball|p1a: Primarina
|-damage|p1a: Primarina|0 fnt
|faint|p1a: Primarina
|
|upkeep
|
|t:|1779937772
|switch|p1a: Elton Breon|Umbreon, M, shiny|100/100
|turn|16
|
|t:|1779937775
|move|p2a: Pecharunt|Toxic|p1a: Elton Breon
|-status|p1a: Elton Breon|tox
|-start|p1a: Elton Breon|confusion|[from] ability: Poison Puppeteer|[of] p2a: Pecharunt
|-activate|p1a: Elton Breon|confusion
|-damage|p1a: Elton Breon|96/100 tox|[from] confusion
|
|-damage|p1a: Elton Breon|90/100 tox|[from] psn
|upkeep
|turn|17
|-message|herring surprise forfeited.
|
|win|npctypebeat
|raw|herring surprise's rating: 1059 &rarr; <strong>1040</strong><br />(-19 for losing)
|raw|npctypebeat's rating: 1053 &rarr; <strong>1086</strong><br />(+33 for winning)
|l|☆herring surprise
|player|p1|
|c|☆npctypebeat|gg
