|j|☆Embid❤️mah
|j|☆Alfblu3
|t:|1779972706
|gametype|singles
|player|p1|Embid❤️mah|acetrainercouple|1460
|player|p2|Alfblu3|fisherman-gen4|1513
|gen|9
|tier|[Gen 9] OU
|rated|
|rule|HP Percentage Mod: HP is shown in percentages
|rule|Endless Battle Clause: Forcing endless battles is banned
|rule|Species Clause: Limit one of each Pokémon
|rule|OHKO Clause: OHKO moves are banned
|rule|Evasion Items Clause: Evasion items are banned
|rule|Evasion Moves Clause: Evasion moves are banned
|rule|Evasion Abilities Clause: Evasion abilities are banned
|rule|Sleep Moves Clause: Sleep-inducing moves are banned
|clearpoke
|poke|p1|Dragonite, F|
|poke|p1|Gholdengo|
|poke|p1|Iron Crown|
|poke|p1|Glimmora, F|
|poke|p1|Ting-Lu|
|poke|p1|Ogerpon-Wellspring, F|
|poke|p2|Great Tusk|
|poke|p2|Braviary-Hisui, M|
|poke|p2|Darkrai|
|poke|p2|Dragapult, M|
|poke|p2|Kingambit, M|
|poke|p2|Dragonite, M|
|teampreview
|inactive|Battle timer is ON: inactive players will automatically lose when time's up. (requested by Alfblu3)
|inactive|Embid❤️mah also wants the timer to be on.
|
|t:|1779972719
|teamsize|p1|6
|teamsize|p2|6
|start
|switch|p1a: Ting-Lu|Ting-Lu|100/100
|switch|p2a: Dragapult|Dragapult, M, shiny|100/100
|-ability|p1a: Ting-Lu|Vessel of Ruin
|turn|1
|
|t:|1779972724
|move|p2a: Dragapult|U-turn|p1a: Ting-Lu
|-supereffective|p1a: Ting-Lu
|-crit|p1a: Ting-Lu
|-damage|p1a: Ting-Lu|46/100
|-damage|p2a: Dragapult|84/100|[from] item: Rocky Helmet|[of] p1a: Ting-Lu
|
|t:|1779972727
|switch|p2a: Great Tusk|Great Tusk, shiny|100/100|[from] U-turn
|move|p1a: Ting-Lu|Ruination|p2a: Great Tusk
|-damage|p2a: Great Tusk|51/100
|
|upkeep
|turn|2
|
|t:|1779972736
|move|p2a: Great Tusk|Stealth Rock|p1a: Ting-Lu
|-sidestart|p1: Embid❤️mah|move: Stealth Rock
|move|p1a: Ting-Lu|Ruination|p2a: Great Tusk|[miss]
|-miss|p1a: Ting-Lu|p2a: Great Tusk
|
|upkeep
|turn|3
|
|t:|1779972741
|move|p2a: Great Tusk|Ice Spinner|p1a: Ting-Lu
|-supereffective|p1a: Ting-Lu
|-damage|p1a: Ting-Lu|15/100
|-damage|p2a: Great Tusk|34/100|[from] item: Rocky Helmet|[of] p1a: Ting-Lu
|move|p1a: Ting-Lu|Ruination|p2a: Great Tusk|[miss]
|-miss|p1a: Ting-Lu|p2a: Great Tusk
|
|upkeep
|turn|4
|
|t:|1779972758
|move|p2a: Great Tusk|Headlong Rush|p1a: Ting-Lu
|-damage|p1a: Ting-Lu|0 fnt
|-unboost|p2a: Great Tusk|def|1
|-unboost|p2a: Great Tusk|spd|1
|-damage|p2a: Great Tusk|18/100|[from] item: Rocky Helmet|[of] p1a: Ting-Lu
|faint|p1a: Ting-Lu
|
|upkeep
|
|t:|1779972763
|switch|p1a: Ogerpon|Ogerpon-Wellspring, F|100/100
|-damage|p1a: Ogerpon|88/100|[from] Stealth Rock
|turn|5
|
|t:|1779972766
|move|p1a: Ogerpon|U-turn|p2a: Great Tusk
|-resisted|p2a: Great Tusk
|-damage|p2a: Great Tusk|3/100
|
|t:|1779972775
|switch|p1a: Dragonite|Dragonite, F|100/100|[from] U-turn
|move|p2a: Great Tusk|Rapid Spin|p1a: Dragonite
|-damage|p1a: Dragonite|93/100
|-boost|p2a: Great Tusk|spe|1
|
|upkeep
|turn|6
|
|t:|1779972781
|move|p1a: Dragonite|Extreme Speed|p2a: Great Tusk
|-damage|p2a: Great Tusk|0 fnt
|faint|p2a: Great Tusk
|-end|p2a: Great Tusk|Protosynthesis|[silent]
|
|upkeep
|
|t:|1779972783
|switch|p2a: Dragapult|Dragapult, M, shiny|84/100
|turn|7
|
|t:|1779972787
|switch|p1a: Gholdengo|Gholdengo|100/100
|-damage|p1a: Gholdengo|94/100|[from] Stealth Rock
|move|p2a: Dragapult|Dragon Darts|p1a: Gholdengo
|-resisted|p1a: Gholdengo
|-damage|p1a: Gholdengo|81/100
|-anim|p2a: Dragapult|Dragon Darts|p1a: Gholdengo
|-resisted|p1a: Gholdengo
|-damage|p1a: Gholdengo|67/100
|
|upkeep
|turn|8
|
|t:|1779972795
|switch|p2a: Dragonite|Dragonite, M, shiny|100/100
|move|p1a: Gholdengo|Thunder Wave|p2a: Dragonite
|-status|p2a: Dragonite|par
|
|upkeep
|turn|9
|
|t:|1779972804
|move|p1a: Gholdengo|Hex|p2a: Dragonite
|-damage|p2a: Dragonite|68/100 par
|move|p2a: Dragonite|Scale Shot|p1a: Gholdengo
|-resisted|p1a: Gholdengo
|-damage|p1a: Gholdengo|62/100
|-resisted|p1a: Gholdengo
|-damage|p1a: Gholdengo|58/100
|-resisted|p1a: Gholdengo
|-damage|p1a: Gholdengo|53/100
|-resisted|p1a: Gholdengo
|-damage|p1a: Gholdengo|49/100
|-hitcount|p1a: Gholdengo|4
|-unboost|p2a: Dragonite|def|1
|-boost|p2a: Dragonite|spe|1
|
|upkeep
|turn|10
|
|t:|1779972810
|move|p1a: Gholdengo|Hex|p2a: Dragonite
|-damage|p2a: Dragonite|5/100 par
|move|p2a: Dragonite|Fire Punch|p1a: Gholdengo
|-supereffective|p1a: Gholdengo
|-damage|p1a: Gholdengo|9/100
|
|upkeep
|turn|11
|
|t:|1779972814
|move|p1a: Gholdengo|Recover|p1a: Gholdengo
|-heal|p1a: Gholdengo|59/100
|cant|p2a: Dragonite|par
|
|upkeep
|turn|12
|
|t:|1779972820
|move|p1a: Gholdengo|Hex|p2a: Dragonite
|-damage|p2a: Dragonite|0 fnt
|faint|p2a: Dragonite
|
|upkeep
|
|t:|1779972822
|switch|p2a: Darkrai|Darkrai, shiny|100/100
|turn|13
|
|t:|1779972833
|move|p2a: Darkrai|Dark Pulse|p1a: Gholdengo
|-supereffective|p1a: Gholdengo
|-enditem|p1a: Gholdengo|Colbur Berry|[eat]
|-enditem|p1a: Gholdengo|Colbur Berry|[weaken]
|-damage|p1a: Gholdengo|15/100
|move|p1a: Gholdengo|Thunder Wave|p2a: Darkrai
|-status|p2a: Darkrai|par
|
|upkeep
|turn|14
|
|t:|1779972841
|move|p2a: Darkrai|Sucker Punch|p1a: Gholdengo
|-supereffective|p1a: Gholdengo
|-damage|p1a: Gholdengo|0 fnt
|faint|p1a: Gholdengo
|
|upkeep
|
|t:|1779972848
|switch|p1a: Iron Crown|Iron Crown|100/100
|-damage|p1a: Iron Crown|94/100|[from] Stealth Rock
|-enditem|p1a: Iron Crown|Booster Energy
|-activate|p1a: Iron Crown|ability: Quark Drive|[fromitem]
|-start|p1a: Iron Crown|quarkdrivespe
|turn|15
|
|t:|1779972852
|-terastallize|p1a: Iron Crown|Fighting
|move|p1a: Iron Crown|Calm Mind|p1a: Iron Crown
|-boost|p1a: Iron Crown|spa|1
|-boost|p1a: Iron Crown|spd|1
|move|p2a: Darkrai|Dark Pulse|p1a: Iron Crown
|-resisted|p1a: Iron Crown
|-damage|p1a: Iron Crown|79/100
|
|upkeep
|turn|16
|
|t:|1779972863
|switch|p2a: Braviary|Braviary-Hisui, M|100/100
|move|p1a: Iron Crown|Calm Mind|p1a: Iron Crown
|-boost|p1a: Iron Crown|spa|1
|-boost|p1a: Iron Crown|spd|1
|
|upkeep
|turn|17
|
|t:|1779972869
|move|p1a: Iron Crown|Tachyon Cutter|p2a: Braviary
|-damage|p2a: Braviary|41/100
|-damage|p2a: Braviary|0 fnt
|faint|p2a: Braviary
|-hitcount|p2: Braviary|2
|
|upkeep
|-message|Alfblu3 forfeited.
|
|win|Embid❤️mah
|raw|Embid❤️mah's rating: 1460 &rarr; <strong>1483</strong><br />(+23 for winning)
|raw|Alfblu3's rating: 1513 &rarr; <strong>1490</strong><br />(-23 for losing)
|l|☆Alfblu3
|player|p2|
