|j|☆Gloryboykeef
|j|☆jolato9999
|t:|1779919004
|gametype|singles
|player|p1|Gloryboykeef|policeman-gen4|1211
|player|p2|jolato9999|169|1219
|gen|9
|tier|[Gen 9] OU
|rated|
|rule|HP Percentage Mod: HP is shown in percentages
|rule|Endless Battle Clause: Forcing endless battles is banned
|rule|Species Clause: Limit one of each Pokémon
|rule|OHKO Clause: OHKO moves are banned
|rule|Evasion Items Clause: Evasion items are banned
|rule|Evasion Moves Clause: Evasion moves are banned
|rule|Evasion Abilities Clause: Evasion abilities are banned
|rule|Sleep Moves Clause: Sleep-inducing moves are banned
|clearpoke
|poke|p1|Pelipper, F|
|poke|p1|Barraskewda, F|
|poke|p1|Thundurus-Therian, M|
|poke|p1|Kingdra, F|
|poke|p1|Tentacruel, F|
|poke|p1|Slaking, M|
|poke|p2|Meowscarada, F|
|poke|p2|Pecharunt|
|poke|p2|Enamorus, F|
|poke|p2|Iron Treads|
|poke|p2|Skarmory, M|
|poke|p2|Slowking, F|
|teampreview
|inactive|Battle timer is ON: inactive players will automatically lose when time's up. (requested by jolato9999)
|inactive|Gloryboykeef also wants the timer to be on.
|
|t:|1779919022
|teamsize|p1|6
|teamsize|p2|6
|start
|switch|p1a: Slaking|Slaking, M, shiny|100/100
|switch|p2a: Meowscarada|Meowscarada, F|100/100
|turn|1
|
|t:|1779919028
|move|p2a: Meowscarada|Flower Trick|p1a: Slaking
|-start|p2a: Meowscarada|typechange|Grass|[from] ability: Protean
|-crit|p1a: Slaking
|-damage|p1a: Slaking|40/100
|move|p1a: Slaking|Giga Impact|p2a: Meowscarada
|-damage|p2a: Meowscarada|0 fnt
|-mustrecharge|p1a: Slaking
|faint|p2a: Meowscarada
|
|upkeep
|
|t:|1779919041
|switch|p2a: Iron Treads|Iron Treads|100/100
|turn|2
|
|t:|1779919047
|cant|p1a: Slaking|recharge
|move|p2a: Iron Treads|Rapid Spin|p1a: Slaking
|-damage|p1a: Slaking|31/100
|-boost|p2a: Iron Treads|spe|1
|
|upkeep
|turn|3
|
|t:|1779919055
|switch|p1a: Thundurus|Thundurus-Therian, M|100/100
|move|p2a: Iron Treads|Earthquake|p1a: Thundurus
|-immune|p1a: Thundurus
|
|upkeep
|turn|4
|
|t:|1779919058
|move|p1a: Thundurus|Grass Knot|p2a: Iron Treads
|-damage|p2a: Iron Treads|66/100
|move|p2a: Iron Treads|Stealth Rock|p1a: Thundurus
|-sidestart|p1: Gloryboykeef|move: Stealth Rock
|
|-heal|p2a: Iron Treads|72/100|[from] item: Leftovers
|upkeep
|turn|5
|
|t:|1779919068
|switch|p1a: Pelipper|Pelipper, F|100/100
|-damage|p1a: Pelipper|76/100|[from] Stealth Rock
|-weather|RainDance|[from] ability: Drizzle|[of] p1a: Pelipper
|move|p2a: Iron Treads|Rapid Spin|p1a: Pelipper
|-damage|p1a: Pelipper|66/100
|-boost|p2a: Iron Treads|spe|1
|
|-weather|RainDance|[upkeep]
|-heal|p2a: Iron Treads|78/100|[from] item: Leftovers
|upkeep
|turn|6
|
|t:|1779919075
|move|p2a: Iron Treads|Knock Off|p1a: Pelipper
|-damage|p1a: Pelipper|46/100
|-enditem|p1a: Pelipper|Damp Rock|[from] move: Knock Off|[of] p2a: Iron Treads
|move|p1a: Pelipper|U-turn|p2a: Iron Treads
|-resisted|p2a: Iron Treads
|-damage|p2a: Iron Treads|75/100
|
|t:|1779919078
|switch|p1a: Barraskewda|Barraskewda, F, shiny|100/100|[from] U-turn
|-damage|p1a: Barraskewda|88/100|[from] Stealth Rock
|
|-weather|RainDance|[upkeep]
|-heal|p2a: Iron Treads|81/100|[from] item: Leftovers
|upkeep
|turn|7
|
|t:|1779919084
|move|p1a: Barraskewda|Flip Turn|p2a: Iron Treads
|-supereffective|p2a: Iron Treads
|-damage|p2a: Iron Treads|0 fnt
|faint|p2a: Iron Treads
|-end|p2a: Iron Treads|Quark Drive|[silent]
|-damage|p1a: Barraskewda|78/100|[from] item: Life Orb
|
|t:|1779919089
|switch|p1a: Slaking|Slaking, M, shiny|31/100|[from] Flip Turn
|-damage|p1a: Slaking|19/100|[from] Stealth Rock
|
|-weather|RainDance|[upkeep]
|upkeep
|
|t:|1779919095
|switch|p2a: Enamorus|Enamorus, F|100/100
|turn|8
|
|t:|1779919101
|move|p2a: Enamorus|Moonblast|p1a: Slaking
|-damage|p1a: Slaking|0 fnt
|faint|p1a: Slaking
|
|-weather|RainDance|[upkeep]
|upkeep
|
|t:|1779919105
|switch|p1a: Barraskewda|Barraskewda, F, shiny|78/100
|-damage|p1a: Barraskewda|66/100|[from] Stealth Rock
|turn|9
|
|t:|1779919109
|move|p1a: Barraskewda|Liquidation|p2a: Enamorus
|-damage|p2a: Enamorus|0 fnt
|faint|p2a: Enamorus
|-damage|p1a: Barraskewda|56/100|[from] item: Life Orb
|
|-weather|RainDance|[upkeep]
|upkeep
|
|t:|1779919116
|switch|p2a: Slowking|Slowking, F|100/100
|turn|10
|
|t:|1779919123
|switch|p1a: Tentacruel|Tentacruel, F, shiny|100/100
|-damage|p1a: Tentacruel|88/100|[from] Stealth Rock
|move|p2a: Slowking|Future Sight|p1a: Tentacruel
|-start|p2a: Slowking|move: Future Sight
|
|-weather|RainDance|[upkeep]
|-heal|p1a: Tentacruel|94/100|[from] ability: Rain Dish
|-heal|p1a: Tentacruel|99/100|[from] item: Leftovers
|upkeep
|turn|11
|
|t:|1779919129
|move|p1a: Tentacruel|Toxic|p2a: Slowking
|-status|p2a: Slowking|tox
|move|p2a: Slowking|Psyshock|p1a: Tentacruel
|-supereffective|p1a: Tentacruel
|-damage|p1a: Tentacruel|17/100
|
|-weather|RainDance|[upkeep]
|-heal|p1a: Tentacruel|23/100|[from] ability: Rain Dish
|-heal|p1a: Tentacruel|29/100|[from] item: Leftovers
|-damage|p2a: Slowking|94/100 tox|[from] psn
|upkeep
|turn|12
|
|t:|1779919139
|move|p1a: Tentacruel|Rapid Spin|p2a: Slowking
|-damage|p2a: Slowking|88/100 tox
|-boost|p1a: Tentacruel|spe|1
|-sideend|p1: Gloryboykeef|Stealth Rock|[from] move: Rapid Spin|[of] p1a: Tentacruel
|move|p2a: Slowking|Psyshock|p1a: Tentacruel
|-supereffective|p1a: Tentacruel
|-damage|p1a: Tentacruel|0 fnt
|faint|p1a: Tentacruel
|
|-weather|none
|-hint|Future Sight did not hit because the target is fainted.
|-damage|p2a: Slowking|75/100 tox|[from] psn
|upkeep
|
|t:|1779919144
|switch|p1a: Pelipper|Pelipper, F|46/100
|-weather|RainDance|[from] ability: Drizzle|[of] p1a: Pelipper
|turn|13
|
|t:|1779919151
|move|p1a: Pelipper|U-turn|p2a: Slowking
|-supereffective|p2a: Slowking
|-damage|p2a: Slowking|60/100 tox
|
|t:|1779919156
|switch|p1a: Thundurus|Thundurus-Therian, M|100/100|[from] U-turn
|move|p2a: Slowking|Psyshock|p1a: Thundurus
|-damage|p1a: Thundurus|52/100
|
|-weather|RainDance|[upkeep]
|-damage|p2a: Slowking|42/100 tox|[from] psn
|upkeep
|turn|14
|
|t:|1779919160
|move|p1a: Thundurus|Thunder|p2a: Slowking
|-supereffective|p2a: Slowking
|-damage|p2a: Slowking|0 fnt
|faint|p2a: Slowking
|
|-weather|RainDance|[upkeep]
|upkeep
|
|t:|1779919175
|switch|p2a: Pecharunt|Pecharunt|100/100
|turn|15
|
|t:|1779919180
|move|p1a: Thundurus|Thunder|p2a: Pecharunt
|-damage|p2a: Pecharunt|39/100
|-status|p2a: Pecharunt|par
|move|p2a: Pecharunt|Malignant Chain|p1a: Thundurus
|-damage|p1a: Thundurus|7/100
|
|-weather|RainDance|[upkeep]
|upkeep
|turn|16
|c|☆Gloryboykeef|gg
|
|t:|1779919190
|move|p1a: Thundurus|Thunder|p2a: Pecharunt
|-damage|p2a: Pecharunt|0 fnt
|faint|p2a: Pecharunt
|
|-weather|RainDance|[upkeep]
|upkeep
|
|t:|1779919192
|switch|p2a: Skarmory|Skarmory, M|100/100
|turn|17
|
|t:|1779919195
|move|p1a: Thundurus|Thunder|p2a: Skarmory
|-supereffective|p2a: Skarmory
|-ability|p2a: Skarmory|Sturdy
|-damage|p2a: Skarmory|1/100
|move|p2a: Skarmory|Body Press|p1a: Thundurus
|-resisted|p1a: Thundurus
|-damage|p1a: Thundurus|0 fnt
|faint|p1a: Thundurus
|
|-weather|none
|upkeep
|
|t:|1779919200
|switch|p1a: Pelipper|Pelipper, F|46/100
|-weather|RainDance|[from] ability: Drizzle|[of] p1a: Pelipper
|turn|18
|-message|jolato9999 forfeited.
|
|win|Gloryboykeef
|raw|Gloryboykeef's rating: 1211 &rarr; <strong>1237</strong><br />(+26 for winning)
|raw|jolato9999's rating: 1219 &rarr; <strong>1193</strong><br />(-26 for losing)
|l|☆Gloryboykeef
|player|p1|
|l|☆jolato9999
|player|p2|
