|j|☆Volga123
|j|☆KungFuCutman1
|t:|1779806952
|gametype|singles
|player|p1|Volga123|cynthia|1424
|player|p2|KungFuCutman1|ethan|1463
|gen|9
|tier|[Gen 9] OU
|rated|
|rule|HP Percentage Mod: HP is shown in percentages
|rule|Endless Battle Clause: Forcing endless battles is banned
|rule|Species Clause: Limit one of each Pokémon
|rule|OHKO Clause: OHKO moves are banned
|rule|Evasion Items Clause: Evasion items are banned
|rule|Evasion Moves Clause: Evasion moves are banned
|rule|Evasion Abilities Clause: Evasion abilities are banned
|rule|Sleep Moves Clause: Sleep-inducing moves are banned
|clearpoke
|poke|p1|Clodsire, F|
|poke|p1|Cinccino, M|
|poke|p1|Milotic, M|
|poke|p1|Arcanine-Hisui, F|
|poke|p1|Houndstone, F|
|poke|p1|Lurantis, F|
|poke|p2|Sinistcha|
|poke|p2|Gliscor, F|
|poke|p2|Iron Treads|
|poke|p2|Ogerpon-Wellspring, F|
|poke|p2|Tornadus-Therian, M|
|poke|p2|Kingambit, F|
|teampreview
|inactive|Battle timer is ON: inactive players will automatically lose when time's up. (requested by KungFuCutman1)
|
|t:|1779806963
|teamsize|p1|6
|teamsize|p2|6
|start
|switch|p1a: Milotic|Milotic, M|100/100
|switch|p2a: Gliscor|Gliscor, F|100/100
|turn|1
|
|t:|1779806966
|move|p2a: Gliscor|Protect|p2a: Gliscor
|-singleturn|p2a: Gliscor|Protect
|move|p1a: Milotic|Ice Beam|p2a: Gliscor
|-activate|p2a: Gliscor|move: Protect
|
|-status|p2a: Gliscor|tox|[from] item: Toxic Orb
|upkeep
|turn|2
|
|t:|1779806969
|move|p2a: Gliscor|Toxic|p1a: Milotic
|-status|p1a: Milotic|tox
|move|p1a: Milotic|Ice Beam|p2a: Gliscor
|-supereffective|p2a: Gliscor
|-damage|p2a: Gliscor|0 fnt
|faint|p2a: Gliscor
|
|-damage|p1a: Milotic|94/100 tox|[from] psn
|upkeep
|
|t:|1779806975
|switch|p2a: Ogerpon|Ogerpon-Wellspring, F|100/100
|turn|3
|
|t:|1779806997
|switch|p1a: Clodsire|Clodsire, F|100/100
|move|p2a: Ogerpon|Swords Dance|p2a: Ogerpon
|-boost|p2a: Ogerpon|atk|2
|
|upkeep
|turn|4
|
|t:|1779807000
|-terastallize|p1a: Clodsire|Poison
|move|p2a: Ogerpon|Power Whip|p1a: Clodsire
|-resisted|p1a: Clodsire
|-damage|p1a: Clodsire|24/100
|move|p1a: Clodsire|Gunk Shot|p2a: Ogerpon
|-supereffective|p2a: Ogerpon
|-damage|p2a: Ogerpon|0 fnt
|faint|p2a: Ogerpon
|
|-heal|p1a: Clodsire|30/100|[from] item: Black Sludge
|upkeep
|
|t:|1779807005
|switch|p2a: Iron Treads|Iron Treads|100/100
|turn|5
|
|t:|1779807010
|switch|p1a: Houndstone|Houndstone, F|100/100
|move|p2a: Iron Treads|Stealth Rock|p1a: Houndstone
|-sidestart|p1: Volga123|move: Stealth Rock
|
|upkeep
|turn|6
|
|t:|1779807013
|move|p2a: Iron Treads|Knock Off|p1a: Houndstone
|-supereffective|p1a: Houndstone
|-damage|p1a: Houndstone|81/100
|-damage|p2a: Iron Treads|84/100|[from] item: Rocky Helmet|[of] p1a: Houndstone
|-enditem|p1a: Houndstone|Rocky Helmet|[from] move: Knock Off|[of] p2a: Iron Treads
|move|p1a: Houndstone|Will-O-Wisp|p2a: Iron Treads
|-status|p2a: Iron Treads|brn
|
|-heal|p2a: Iron Treads|90/100 brn|[from] item: Leftovers
|-damage|p2a: Iron Treads|84/100 brn|[from] brn
|upkeep
|turn|7
|
|t:|1779807021
|-end|p2a: Iron Treads|Quark Drive|[silent]
|switch|p2a: Tornadus|Tornadus-Therian, M|100/100
|switch|p1a: Cinccino|Cinccino, M|100/100
|-damage|p1a: Cinccino|88/100|[from] Stealth Rock
|
|upkeep
|turn|8
|
|t:|1779807024
|move|p2a: Tornadus|Knock Off|p1a: Cinccino
|-damage|p1a: Cinccino|52/100
|-enditem|p1a: Cinccino|Loaded Dice|[from] move: Knock Off|[of] p2a: Tornadus
|move|p1a: Cinccino|Tidy Up|p1a: Cinccino
|-sideend|p1: Volga123|Stealth Rock
|-activate|p1a: Cinccino|move: Tidy Up
|-boost|p1a: Cinccino|atk|1
|-boost|p1a: Cinccino|spe|1
|
|upkeep
|turn|9
|
|t:|1779807029
|move|p1a: Cinccino|Rock Blast|p2a: Tornadus|[miss]
|-miss|p1a: Cinccino|p2a: Tornadus
|move|p2a: Tornadus|Bleakwind Storm|p1a: Cinccino
|-crit|p1a: Cinccino
|-damage|p1a: Cinccino|0 fnt
|faint|p1a: Cinccino
|
|upkeep
|
|t:|1779807036
|switch|p1a: Arcanine|Arcanine-Hisui, F|100/100
|turn|10
|
|t:|1779807043
|move|p2a: Tornadus|U-turn|p1a: Arcanine
|-resisted|p1a: Arcanine
|-damage|p1a: Arcanine|91/100
|
|t:|1779807045
|switch|p2a: Sinistcha|Sinistcha|100/100|[from] U-turn
|move|p1a: Arcanine|Flare Blitz|p2a: Sinistcha
|-supereffective|p2a: Sinistcha
|-damage|p2a: Sinistcha|44/100
|
|-heal|p2a: Sinistcha|50/100|[from] item: Leftovers
|upkeep
|turn|11
|
|t:|1779807051
|-terastallize|p2a: Sinistcha|Ghost
|move|p1a: Arcanine|Flare Blitz|p2a: Sinistcha
|-damage|p2a: Sinistcha|22/100
|move|p2a: Sinistcha|Strength Sap|p1a: Arcanine
|-unboost|p1a: Arcanine|atk|1
|-heal|p2a: Sinistcha|100/100
|
|upkeep
|turn|12
|
|t:|1779807064
|switch|p1a: Lurantis|Lurantis, F, shiny|100/100
|move|p2a: Sinistcha|Shadow Ball|p1a: Lurantis
|-damage|p1a: Lurantis|53/100
|
|-heal|p1a: Lurantis|59/100|[from] item: Leftovers
|upkeep
|turn|13
|
|t:|1779807069
|move|p2a: Sinistcha|Calm Mind|p2a: Sinistcha
|-boost|p2a: Sinistcha|spa|1
|-boost|p2a: Sinistcha|spd|1
|move|p1a: Lurantis|Synthesis|p1a: Lurantis
|-heal|p1a: Lurantis|100/100
|
|upkeep
|turn|14
|
|t:|1779807073
|move|p2a: Sinistcha|Shadow Ball|p1a: Lurantis
|-damage|p1a: Lurantis|33/100
|move|p1a: Lurantis|Leaf Storm|p2a: Sinistcha
|-damage|p2a: Sinistcha|73/100
|-boost|p1a: Lurantis|spa|2
|
|-heal|p2a: Sinistcha|79/100|[from] item: Leftovers
|-heal|p1a: Lurantis|39/100|[from] item: Leftovers
|upkeep
|turn|15
|
|t:|1779807076
|move|p2a: Sinistcha|Shadow Ball|p1a: Lurantis
|-damage|p1a: Lurantis|0 fnt
|faint|p1a: Lurantis
|
|-heal|p2a: Sinistcha|85/100|[from] item: Leftovers
|upkeep
|
|t:|1779807084
|switch|p1a: Arcanine|Arcanine-Hisui, F|91/100
|turn|16
|
|t:|1779807087
|move|p1a: Arcanine|Head Smash|p2a: Sinistcha|[miss]
|-miss|p1a: Arcanine|p2a: Sinistcha
|move|p2a: Sinistcha|Strength Sap|p1a: Arcanine
|-unboost|p1a: Arcanine|atk|1
|-heal|p2a: Sinistcha|100/100
|
|upkeep
|turn|17
|-message|Volga123 forfeited.
|
|win|KungFuCutman1
|raw|Volga123's rating: 1424 &rarr; <strong>1406</strong><br />(-18 for losing)
|raw|KungFuCutman1's rating: 1463 &rarr; <strong>1481</strong><br />(+18 for winning)
|l|☆Volga123
|player|p1|
|l|☆KungFuCutman1
|player|p2|
