|j|☆i will eat another
|j|☆claudechamp
|t:|1779872403
|gametype|singles
|player|p1|i will eat another|depotagent|1258
|player|p2|claudechamp|169|1240
|gen|9
|tier|[Gen 9] OU
|rated|
|rule|HP Percentage Mod: HP is shown in percentages
|rule|Endless Battle Clause: Forcing endless battles is banned
|rule|Species Clause: Limit one of each Pokémon
|rule|OHKO Clause: OHKO moves are banned
|rule|Evasion Items Clause: Evasion items are banned
|rule|Evasion Moves Clause: Evasion moves are banned
|rule|Evasion Abilities Clause: Evasion abilities are banned
|rule|Sleep Moves Clause: Sleep-inducing moves are banned
|clearpoke
|poke|p1|Breloom, F|
|poke|p1|Swinub, M|
|poke|p1|Iron Crown|
|poke|p1|Talonflame, M|
|poke|p1|Greninja-*, M|
|poke|p1|Glimmora, F|
|poke|p2|Gliscor, M|
|poke|p2|Ogerpon, F|
|poke|p2|Walking Wake|
|poke|p2|Blissey, F|
|poke|p2|Corviknight, M|
|poke|p2|Pecharunt|
|teampreview
|c|☆claudechamp|hf
|inactive|Battle timer is ON: inactive players will automatically lose when time's up. (requested by i will eat another)
|inactive|claudechamp also wants the timer to be on.
|
|t:|1779872412
|teamsize|p1|6
|teamsize|p2|6
|start
|switch|p1a: Greninja|Greninja, M|100/100
|switch|p2a: Gliscor|Gliscor, M|100/100
|turn|1
|
|t:|1779872417
|move|p1a: Greninja|Ice Beam|p2a: Gliscor
|-start|p1a: Greninja|typechange|Ice|[from] ability: Protean
|-supereffective|p2a: Gliscor
|-damage|p2a: Gliscor|0 fnt
|faint|p2a: Gliscor
|
|upkeep
|
|t:|1779872422
|switch|p2a: Walking Wake|Walking Wake|100/100
|turn|2
|
|t:|1779872426
|move|p1a: Greninja|Ice Beam|p2a: Walking Wake
|-damage|p2a: Walking Wake|32/100
|move|p2a: Walking Wake|Surf|p1a: Greninja
|-damage|p1a: Greninja|24/100
|
|upkeep
|turn|3
|
|t:|1779872434
|-end|p2a: Walking Wake|Protosynthesis|[silent]
|switch|p2a: Blissey|Blissey, F|100/100
|move|p1a: Greninja|Ice Beam|p2a: Blissey
|-damage|p2a: Blissey|82/100
|
|upkeep
|turn|4
|
|t:|1779872440
|switch|p1a: Breloom|Breloom, F|100/100
|move|p2a: Blissey|Stealth Rock|p1a: Breloom
|-sidestart|p1: i will eat another|move: Stealth Rock
|
|upkeep
|turn|5
|
|t:|1779872446
|-terastallize|p1a: Breloom|Ground
|move|p1a: Breloom|Bulldoze|p2a: Blissey
|-damage|p2a: Blissey|15/100
|-unboost|p2a: Blissey|spe|1
|-damage|p1a: Breloom|91/100|[from] item: Life Orb
|move|p2a: Blissey|Seismic Toss|p1a: Breloom
|-damage|p1a: Breloom|52/100
|
|upkeep
|turn|6
|
|t:|1779872456
|switch|p2a: Corviknight|Corviknight, M|100/100
|-ability|p2a: Corviknight|Pressure
|move|p1a: Breloom|Bulldoze|p2a: Corviknight
|-immune|p2a: Corviknight
|
|upkeep
|turn|7
|
|t:|1779872464
|switch|p1a: Talonflame|Talonflame, M|100/100
|move|p2a: Corviknight|Body Press|p1a: Talonflame
|-resisted|p1a: Talonflame
|-damage|p1a: Talonflame|83/100
|
|upkeep
|turn|8
|
|t:|1779872470
|move|p1a: Talonflame|Defog|p2a: Corviknight
|-unboost|p2a: Corviknight|evasion|1
|-sideend|p1: i will eat another|Stealth Rock|[from] move: Defog|[of] p1a: Talonflame
|move|p2a: Corviknight|Body Press|p1a: Talonflame
|-resisted|p1a: Talonflame
|-damage|p1a: Talonflame|67/100
|
|upkeep
|turn|9
|
|t:|1779872478
|move|p1a: Talonflame|Flamethrower|p2a: Corviknight
|-supereffective|p2a: Corviknight
|-damage|p2a: Corviknight|51/100
|move|p2a: Corviknight|U-turn|p1a: Talonflame
|-resisted|p1a: Talonflame
|-damage|p1a: Talonflame|63/100
|
|t:|1779872480
|switch|p2a: Blissey|Blissey, F|15/100|[from] U-turn
|
|upkeep
|turn|10
|
|t:|1779872487
|switch|p1a: Breloom|Breloom, F, tera:Ground|52/100
|move|p2a: Blissey|Seismic Toss|p1a: Breloom
|-damage|p1a: Breloom|14/100
|
|upkeep
|turn|11
|
|t:|1779872495
|switch|p2a: Corviknight|Corviknight, M|51/100
|-ability|p2a: Corviknight|Pressure
|move|p1a: Breloom|Mach Punch|p2a: Corviknight
|-damage|p2a: Corviknight|27/100
|-damage|p1a: Breloom|4/100|[from] item: Life Orb
|
|upkeep
|turn|12
|
|t:|1779872504
|switch|p1a: Talonflame|Talonflame, M|63/100
|move|p2a: Corviknight|Roost|p2a: Corviknight
|-heal|p2a: Corviknight|77/100
|-singleturn|p2a: Corviknight|move: Roost
|
|upkeep
|turn|13
|
|t:|1779872510
|switch|p2a: Pecharunt|Pecharunt|100/100
|move|p1a: Talonflame|Flamethrower|p2a: Pecharunt
|-damage|p2a: Pecharunt|77/100
|
|upkeep
|turn|14
|
|t:|1779872515
|switch|p1a: Glimmora|Glimmora, F|100/100
|move|p2a: Pecharunt|Malignant Chain|p1a: Glimmora
|-resisted|p1a: Glimmora
|-crit|p1a: Glimmora
|-damage|p1a: Glimmora|83/100
|
|upkeep
|turn|15
|
|t:|1779872522
|move|p1a: Glimmora|Meteor Beam||[still]
|-prepare|p1a: Glimmora|Meteor Beam
|-boost|p1a: Glimmora|spa|1
|-enditem|p1a: Glimmora|Power Herb
|-anim|p1a: Glimmora|Meteor Beam|p2a: Pecharunt
|-damage|p2a: Pecharunt|0 fnt
|faint|p2a: Pecharunt
|
|upkeep
|
|t:|1779872526
|switch|p2a: Walking Wake|Walking Wake|32/100
|turn|16
|
|t:|1779872542
|switch|p1a: Iron Crown|Iron Crown|100/100
|-enditem|p1a: Iron Crown|Booster Energy
|-activate|p1a: Iron Crown|ability: Quark Drive|[fromitem]
|-start|p1a: Iron Crown|quarkdrivespe
|move|p2a: Walking Wake|Surf|p1a: Iron Crown
|-damage|p1a: Iron Crown|61/100
|
|upkeep
|turn|17
|
|t:|1779872549
|-end|p2a: Walking Wake|Protosynthesis|[silent]
|switch|p2a: Corviknight|Corviknight, M|77/100
|-ability|p2a: Corviknight|Pressure
|move|p1a: Iron Crown|Psyshock|p2a: Corviknight
|-resisted|p2a: Corviknight
|-damage|p2a: Corviknight|64/100
|
|upkeep
|turn|18
|
|t:|1779872556
|move|p1a: Iron Crown|Calm Mind|p1a: Iron Crown
|-boost|p1a: Iron Crown|spa|1
|-boost|p1a: Iron Crown|spd|1
|move|p2a: Corviknight|Roost|p2a: Corviknight
|-heal|p2a: Corviknight|100/100
|-singleturn|p2a: Corviknight|move: Roost
|
|upkeep
|turn|19
|
|t:|1779872564
|move|p1a: Iron Crown|Calm Mind|p1a: Iron Crown
|-boost|p1a: Iron Crown|spa|1
|-boost|p1a: Iron Crown|spd|1
|move|p2a: Corviknight|Body Press|p1a: Iron Crown
|-damage|p1a: Iron Crown|36/100
|
|upkeep
|turn|20
|
|t:|1779872572
|move|p1a: Iron Crown|Focus Blast|p2a: Corviknight
|-damage|p2a: Corviknight|27/100
|move|p2a: Corviknight|Body Press|p1a: Iron Crown
|-damage|p1a: Iron Crown|9/100
|
|upkeep
|turn|21
|
|t:|1779872581
|switch|p2a: Ogerpon|Ogerpon, F|100/100
|move|p1a: Iron Crown|Focus Blast|p2a: Ogerpon
|-damage|p2a: Ogerpon|18/100
|-unboost|p2a: Ogerpon|spd|1
|-ability|p2a: Ogerpon|Defiant|boost
|-boost|p2a: Ogerpon|atk|2
|
|upkeep
|turn|22
|
|t:|1779872589
|move|p1a: Iron Crown|Psyshock|p2a: Ogerpon
|-damage|p2a: Ogerpon|0 fnt
|faint|p2a: Ogerpon
|
|upkeep
|
|t:|1779872598
|switch|p2a: Corviknight|Corviknight, M|27/100
|-ability|p2a: Corviknight|Pressure
|turn|23
|
|t:|1779872604
|-terastallize|p2a: Corviknight|Ghost
|move|p1a: Iron Crown|Focus Blast|p2a: Corviknight
|-immune|p2a: Corviknight
|move|p2a: Corviknight|Roost|p2a: Corviknight
|-heal|p2a: Corviknight|77/100
|
|upkeep
|turn|24
|
|t:|1779872614
|move|p1a: Iron Crown|Tachyon Cutter|p2a: Corviknight
|-damage|p2a: Corviknight|28/100
|-damage|p2a: Corviknight|0 fnt
|faint|p2a: Corviknight
|-hitcount|p2: Corviknight|2
|
|upkeep
|
|t:|1779872622
|switch|p2a: Walking Wake|Walking Wake|32/100
|turn|25
|
|t:|1779872629
|move|p1a: Iron Crown|Psyshock|p2a: Walking Wake
|-damage|p2a: Walking Wake|0 fnt
|faint|p2a: Walking Wake
|-end|p2a: Walking Wake|Protosynthesis|[silent]
|
|upkeep
|
|t:|1779872638
|switch|p2a: Blissey|Blissey, F|15/100
|turn|26
|
|t:|1779872647
|move|p1a: Iron Crown|Psyshock|p2a: Blissey
|-damage|p2a: Blissey|0 fnt
|faint|p2a: Blissey
|
|win|i will eat another
|raw|i will eat another's rating: 1258 &rarr; <strong>1280</strong><br />(+22 for winning)
|raw|claudechamp's rating: 1223 &rarr; <strong>1201</strong><br />(-22 for losing)
|c|☆claudechamp|gg
|l|☆i will eat another
|player|p1|
