|j|☆harc
|j|☆hoaxial
|t:|1779872116
|gametype|singles
|player|p1|harc|blackbelt-gen4dp|1280
|player|p2|hoaxial|aromalady|1381
|gen|9
|tier|[Gen 9] OU
|rated|
|rule|HP Percentage Mod: HP is shown in percentages
|rule|Endless Battle Clause: Forcing endless battles is banned
|rule|Species Clause: Limit one of each Pokémon
|rule|OHKO Clause: OHKO moves are banned
|rule|Evasion Items Clause: Evasion items are banned
|rule|Evasion Moves Clause: Evasion moves are banned
|rule|Evasion Abilities Clause: Evasion abilities are banned
|rule|Sleep Moves Clause: Sleep-inducing moves are banned
|clearpoke
|poke|p1|Clefable, M|
|poke|p1|Corviknight, F|
|poke|p1|Slowking-Galar, F|
|poke|p1|Dondozo, F|
|poke|p1|Tyranitar, F|
|poke|p1|Gliscor, M|
|poke|p2|Garganacl, F|
|poke|p2|Tsareena, F|
|poke|p2|Tauros-Paldea-Blaze, M|
|poke|p2|Diancie|
|poke|p2|Magnezone|
|poke|p2|Hippowdon, F|
|teampreview
|
|t:|1779872135
|teamsize|p1|6
|teamsize|p2|6
|start
|switch|p1a: Gliscor|Gliscor, M|100/100
|switch|p2a: Tsareena|Tsareena, F|100/100
|turn|1
|inactive|Battle timer is ON: inactive players will automatically lose when time's up. (requested by hoaxial)
|
|t:|1779872142
|move|p1a: Gliscor|Protect|p1a: Gliscor
|-singleturn|p1a: Gliscor|Protect
|move|p2a: Tsareena|Knock Off|p1a: Gliscor
|-activate|p1a: Gliscor|move: Protect
|
|-status|p1a: Gliscor|tox|[from] item: Toxic Orb
|upkeep
|turn|2
|
|t:|1779872151
|move|p2a: Tsareena|Triple Axel|p1a: Gliscor
|-supereffective|p1a: Gliscor
|-damage|p1a: Gliscor|80/100 tox
|-supereffective|p1a: Gliscor
|-damage|p1a: Gliscor|42/100 tox
|-supereffective|p1a: Gliscor
|-damage|p1a: Gliscor|0 fnt
|faint|p1a: Gliscor
|-hitcount|p1: Gliscor|3
|
|upkeep
|
|t:|1779872164
|switch|p1a: Corviknight|Corviknight, F|100/100
|turn|3
|
|t:|1779872168
|switch|p2a: Hippowdon|Hippowdon, F|100/100
|-weather|Sandstorm|[from] ability: Sand Stream|[of] p2a: Hippowdon
|move|p1a: Corviknight|Bulk Up|p1a: Corviknight
|-boost|p1a: Corviknight|atk|1
|-boost|p1a: Corviknight|def|1
|
|-weather|Sandstorm|[upkeep]
|upkeep
|turn|4
|
|t:|1779872177
|move|p1a: Corviknight|Bulk Up|p1a: Corviknight
|-boost|p1a: Corviknight|atk|1
|-boost|p1a: Corviknight|def|1
|move|p2a: Hippowdon|Whirlwind|p1a: Corviknight
|drag|p1a: Dondozo|Dondozo, F|100/100
|
|-weather|Sandstorm|[upkeep]
|-damage|p1a: Dondozo|94/100|[from] Sandstorm
|-heal|p1a: Dondozo|100/100|[from] item: Leftovers
|upkeep
|turn|5
|
|t:|1779872188
|switch|p2a: Tsareena|Tsareena, F|100/100
|move|p1a: Dondozo|Liquidation|p2a: Tsareena
|-resisted|p2a: Tsareena
|-damage|p2a: Tsareena|83/100
|
|-weather|Sandstorm|[upkeep]
|-damage|p2a: Tsareena|77/100|[from] Sandstorm
|-damage|p1a: Dondozo|94/100|[from] Sandstorm
|-heal|p1a: Dondozo|100/100|[from] item: Leftovers
|upkeep
|turn|6
|
|t:|1779872199
|move|p2a: Tsareena|Knock Off|p1a: Dondozo
|-damage|p1a: Dondozo|87/100
|-enditem|p1a: Dondozo|Leftovers|[from] move: Knock Off|[of] p2a: Tsareena
|move|p1a: Dondozo|Body Press|p2a: Tsareena
|-damage|p2a: Tsareena|41/100
|
|-weather|Sandstorm|[upkeep]
|-damage|p2a: Tsareena|35/100|[from] Sandstorm
|-damage|p1a: Dondozo|81/100|[from] Sandstorm
|upkeep
|turn|7
|
|t:|1779872210
|move|p2a: Tsareena|Power Whip|p1a: Dondozo
|-supereffective|p1a: Dondozo
|-damage|p1a: Dondozo|21/100
|move|p1a: Dondozo|Body Press|p2a: Tsareena
|-damage|p2a: Tsareena|2/100
|
|-weather|none
|upkeep
|turn|8
|
|t:|1779872222
|-terastallize|p1a: Dondozo|Dragon
|move|p2a: Tsareena|Power Whip|p1a: Dondozo
|-resisted|p1a: Dondozo
|-damage|p1a: Dondozo|9/100
|move|p1a: Dondozo|Rest|p1a: Dondozo
|-status|p1a: Dondozo|slp|[from] move: Rest
|-heal|p1a: Dondozo|100/100 slp|[silent]
|
|upkeep
|turn|9
|
|t:|1779872233
|move|p2a: Tsareena|Triple Axel|p1a: Dondozo
|-supereffective|p1a: Dondozo
|-crit|p1a: Dondozo
|-damage|p1a: Dondozo|89/100 slp
|-supereffective|p1a: Dondozo
|-damage|p1a: Dondozo|76/100 slp
|-supereffective|p1a: Dondozo
|-damage|p1a: Dondozo|56/100 slp
|-hitcount|p1a: Dondozo|3
|cant|p1a: Dondozo|slp
|move|p1a: Dondozo|Sleep Talk|p1a: Dondozo
|move|p1a: Dondozo|Rest||[from] move: Sleep Talk|[still]
|-fail|p1a: Dondozo
|
|upkeep
|turn|10
|
|t:|1779872247
|move|p2a: Tsareena|Triple Axel|p1a: Dondozo
|-supereffective|p1a: Dondozo
|-damage|p1a: Dondozo|49/100 slp
|-hitcount|p1a: Dondozo|1
|cant|p1a: Dondozo|slp
|move|p1a: Dondozo|Sleep Talk|p1a: Dondozo
|move|p1a: Dondozo|Rest||[from] move: Sleep Talk|[still]
|-fail|p1a: Dondozo
|
|upkeep
|turn|11
|
|t:|1779872273
|move|p2a: Tsareena|Triple Axel|p1a: Dondozo
|-supereffective|p1a: Dondozo
|-damage|p1a: Dondozo|42/100 slp
|-supereffective|p1a: Dondozo
|-damage|p1a: Dondozo|26/100 slp
|-supereffective|p1a: Dondozo
|-damage|p1a: Dondozo|5/100 slp
|-hitcount|p1a: Dondozo|3
|-curestatus|p1a: Dondozo|slp|[msg]
|move|p1a: Dondozo|Sleep Talk||[still]
|-fail|p1a: Dondozo
|
|upkeep
|turn|12
|l|☆harc
|inactive|harc disconnected and has a minute to reconnect!
|player|p1|
|inactive|harc has 30 seconds to reconnect!
|inactive|harc has 20 seconds to reconnect!
|inactive|harc has 15 seconds to reconnect!
|inactive|harc has 10 seconds to reconnect!
|inactive|harc has 5 seconds to reconnect!
|-message|harc lost due to inactivity.
|
|win|hoaxial
|raw|harc's rating: 1280 &rarr; <strong>1262</strong><br />(-18 for losing)
|raw|hoaxial's rating: 1381 &rarr; <strong>1395</strong><br />(+14 for winning)
|l|☆hoaxial
|player|p2|
