|j|☆012587430a
|j|☆Exceperojo
|t:|1779953457
|gametype|singles
|player|p1|012587430a|clown|1282
|player|p2|Exceperojo|lillie-masters|1343
|gen|9
|tier|[Gen 9] OU
|rated|
|rule|HP Percentage Mod: HP is shown in percentages
|rule|Endless Battle Clause: Forcing endless battles is banned
|rule|Species Clause: Limit one of each Pokémon
|rule|OHKO Clause: OHKO moves are banned
|rule|Evasion Items Clause: Evasion items are banned
|rule|Evasion Moves Clause: Evasion moves are banned
|rule|Evasion Abilities Clause: Evasion abilities are banned
|rule|Sleep Moves Clause: Sleep-inducing moves are banned
|clearpoke
|poke|p1|Dragapult, M|
|poke|p1|Klefki, M|
|poke|p1|Ogerpon-Wellspring, F|
|poke|p1|Cinderace, M|
|poke|p1|Iron Valiant|
|poke|p1|Landorus-Therian, M|
|poke|p2|Pawmot, F|
|poke|p2|Kingambit, M|
|poke|p2|Ceruledge, F|
|poke|p2|Corviknight, F|
|poke|p2|Zapdos|
|poke|p2|Meowscarada, M|
|teampreview
|inactive|Battle timer is ON: inactive players will automatically lose when time's up. (requested by 012587430a)
|inactive|012587430a has 120 seconds left.
|
|t:|1779953488
|teamsize|p1|6
|teamsize|p2|6
|start
|switch|p1a: Landorus|Landorus-Therian, M|100/100
|switch|p2a: Zapdos|Zapdos|100/100
|-ability|p1a: Landorus|Intimidate|boost
|-unboost|p2a: Zapdos|atk|1
|turn|1
|
|t:|1779953500
|move|p1a: Landorus|Stone Edge|p2a: Zapdos
|-supereffective|p2a: Zapdos
|-crit|p2a: Zapdos
|-damage|p2a: Zapdos|0 fnt
|faint|p2a: Zapdos
|
|upkeep
|
|t:|1779953506
|switch|p2a: Nate|Meowscarada, M, shiny|100/100
|turn|2
|
|t:|1779953511
|switch|p1a: Mad Max|Klefki, M|100/100
|move|p2a: Nate|Triple Axel|p1a: Mad Max
|-start|p2a: Nate|typechange|Ice|[from] ability: Protean
|-resisted|p1a: Mad Max
|-crit|p1a: Mad Max
|-damage|p1a: Mad Max|92/100
|-resisted|p1a: Mad Max
|-crit|p1a: Mad Max
|-damage|p1a: Mad Max|75/100
|-hitcount|p1a: Mad Max|2
|
|upkeep
|turn|3
|
|t:|1779953526
|switch|p2a: Corviknight|Corviknight, F|100/100
|move|p1a: Mad Max|Thunder Wave|p2a: Corviknight
|-status|p2a: Corviknight|par
|
|upkeep
|turn|4
|
|t:|1779953540
|switch|p1a: Landorus|Landorus-Therian, M|100/100
|-ability|p1a: Landorus|Intimidate|boost
|-ability|p2a: Corviknight|Mirror Armor
|-unboost|p1a: Landorus|atk|1
|move|p2a: Corviknight|U-turn|p1a: Landorus
|-resisted|p1a: Landorus
|-damage|p1a: Landorus|92/100
|-damage|p2a: Corviknight|84/100 par|[from] item: Rocky Helmet|[of] p1a: Landorus
|
|t:|1779953550
|switch|p2a: Charlotte|Ceruledge, F, shiny|100/100|[from] U-turn
|
|upkeep
|turn|5
|
|t:|1779953570
|switch|p1a: Mad Max|Klefki, M|75/100
|move|p2a: Charlotte|Swords Dance|p2a: Charlotte
|-boost|p2a: Charlotte|atk|2
|
|upkeep
|turn|6
|
|t:|1779953575
|move|p1a: Mad Max|Thunder Wave|p2a: Charlotte
|-status|p2a: Charlotte|par
|move|p2a: Charlotte|Swords Dance|p2a: Charlotte
|-boost|p2a: Charlotte|atk|2
|
|upkeep
|turn|7
|
|t:|1779953591
|switch|p1a: Landorus|Landorus-Therian, M|92/100
|-ability|p1a: Landorus|Intimidate|boost
|-unboost|p2a: Charlotte|atk|1
|move|p2a: Charlotte|Bitter Blade|p1a: Landorus
|-damage|p1a: Landorus|0 fnt
|-damage|p2a: Charlotte|84/100 par|[from] item: Rocky Helmet|[of] p1a: Landorus
|faint|p1a: Landorus
|
|upkeep
|
|t:|1779953601
|switch|p1a: Dragapult|Dragapult, M|100/100
|turn|8
|
|t:|1779953612
|-terastallize|p2a: Charlotte|Flying
|move|p2a: Charlotte|Shadow Sneak|p1a: Dragapult
|-supereffective|p1a: Dragapult
|-damage|p1a: Dragapult|0 fnt
|faint|p1a: Dragapult
|
|upkeep
|
|t:|1779953626
|switch|p1a: Ogerpon|Ogerpon-Wellspring, F|100/100
|turn|9
|
|t:|1779953632
|move|p1a: Ogerpon|Ivy Cudgel|p2a: Charlotte|[anim] Ivy Cudgel Water
|-crit|p2a: Charlotte
|-damage|p2a: Charlotte|0 fnt
|faint|p2a: Charlotte
|
|upkeep
|l|☆Exceperojo
|inactive|Exceperojo disconnected and has a minute to reconnect!
|player|p2|
|j|☆Exceperojo
|inactive|Exceperojo reconnected and has 135 seconds left.
|player|p2|Exceperojo|lillie-masters|
|
|t:|1779953654
|switch|p2a: Corviknight|Corviknight, F|84/100 par
|turn|10
|
|t:|1779953664
|switch|p1a: Mad Max|Klefki, M|75/100
|move|p2a: Corviknight|Brave Bird|p1a: Mad Max
|-resisted|p1a: Mad Max
|-damage|p1a: Mad Max|55/100
|-damage|p2a: Corviknight|80/100 par|[from] Recoil
|
|upkeep
|turn|11
|
|t:|1779953671
|move|p1a: Mad Max|Reflect|p1a: Mad Max
|-sidestart|p1: 012587430a|Reflect
|move|p2a: Corviknight|U-turn|p1a: Mad Max
|-resisted|p1a: Mad Max
|-damage|p1a: Mad Max|54/100
|
|t:|1779953681
|switch|p2a: Nate|Meowscarada, M, shiny|100/100|[from] U-turn
|
|upkeep
|turn|12
|
|t:|1779953689
|move|p2a: Nate|Flower Trick|p1a: Mad Max
|-start|p2a: Nate|typechange|Grass|[from] ability: Protean
|-resisted|p1a: Mad Max
|-crit|p1a: Mad Max
|-damage|p1a: Mad Max|24/100
|move|p1a: Mad Max|Draining Kiss|p2a: Nate
|-damage|p2a: Nate|78/100
|-heal|p1a: Mad Max|44/100|[from] drain|[of] p2a: Nate
|
|upkeep
|turn|13
|
|t:|1779953700
|move|p1a: Mad Max|Thunder Wave|p2a: Nate
|-status|p2a: Nate|par
|move|p2a: Nate|Flower Trick|p1a: Mad Max
|-resisted|p1a: Mad Max
|-crit|p1a: Mad Max
|-damage|p1a: Mad Max|16/100
|
|upkeep
|turn|14
|
|t:|1779953709
|switch|p1a: Cinderace|Cinderace, M|100/100
|move|p2a: Nate|Flower Trick|p1a: Cinderace
|-resisted|p1a: Cinderace
|-crit|p1a: Cinderace
|-damage|p1a: Cinderace|70/100
|
|upkeep
|turn|15
|
|t:|1779953728
|move|p2a: Nate|Sucker Punch||[still]
|-fail|p2a: Nate
|move|p1a: Cinderace|Will-O-Wisp||[still]
|-fail|p1a: Cinderace
|
|upkeep
|turn|16
|
|t:|1779953741
|cant|p2a: Nate|par
|move|p1a: Cinderace|Pyro Ball|p2a: Nate
|-supereffective|p2a: Nate
|-damage|p2a: Nate|0 fnt
|faint|p2a: Nate
|
|upkeep
|
|t:|1779953747
|switch|p2a: Kingambit|Kingambit, M|100/100
|-activate|p2a: Kingambit|ability: Supreme Overlord
|-start|p2a: Kingambit|fallen3|[silent]
|turn|17
|
|t:|1779953752
|move|p1a: Cinderace|Will-O-Wisp|p2a: Kingambit
|-status|p2a: Kingambit|brn
|move|p2a: Kingambit|Kowtow Cleave|p1a: Cinderace
|-damage|p1a: Cinderace|51/100
|
|-damage|p2a: Kingambit|94/100 brn|[from] brn
|upkeep
|turn|18
|-message|Exceperojo forfeited.
|
|win|012587430a
|raw|012587430a's rating: 1282 &rarr; <strong>1311</strong><br />(+29 for winning)
|raw|Exceperojo's rating: 1343 &rarr; <strong>1320</strong><br />(-23 for losing)
|l|☆Exceperojo
|player|p2|
|l|☆012587430a
|player|p1|
