|j|☆NormalPokemons
|j|☆bring09
|t:|1779951182
|gametype|singles
|player|p1|NormalPokemons|170|1351
|player|p2|bring09|102|1305
|gen|9
|tier|[Gen 9] OU
|rated|
|rule|HP Percentage Mod: HP is shown in percentages
|rule|Endless Battle Clause: Forcing endless battles is banned
|rule|Species Clause: Limit one of each Pokémon
|rule|OHKO Clause: OHKO moves are banned
|rule|Evasion Items Clause: Evasion items are banned
|rule|Evasion Moves Clause: Evasion moves are banned
|rule|Evasion Abilities Clause: Evasion abilities are banned
|rule|Sleep Moves Clause: Sleep-inducing moves are banned
|clearpoke
|poke|p1|Mew|
|poke|p1|Chansey, F|
|poke|p1|Clefable, F|
|poke|p1|Mandibuzz, F|
|poke|p1|Alomomola, M|
|poke|p1|Pecharunt|
|poke|p2|Ceruledge, M|
|poke|p2|Dragapult, M|
|poke|p2|Garchomp, F|
|poke|p2|Keldeo-Resolute|
|poke|p2|Iron Valiant|
|poke|p2|Galvantula, M|
|teampreview
|inactive|Battle timer is ON: inactive players will automatically lose when time's up. (requested by bring09)
|
|t:|1779951196
|teamsize|p1|6
|teamsize|p2|6
|start
|switch|p1a: Alomomola|Alomomola, M|100/100
|switch|p2a: CANI|Galvantula, M, shiny|100/100
|turn|1
|
|t:|1779951207
|switch|p1a: Chansey|Chansey, F|100/100
|move|p2a: CANI|Volt Switch|p1a: Chansey
|-damage|p1a: Chansey|92/100
|
|t:|1779951225
|switch|p2a: CHULO|Garchomp, F|100/100|[from] Volt Switch
|
|upkeep
|turn|2
|
|t:|1779951234
|switch|p1a: Alomomola|Alomomola, M|100/100
|move|p2a: CHULO|Swords Dance|p2a: CHULO
|-boost|p2a: CHULO|atk|2
|
|upkeep
|turn|3
|
|t:|1779951248
|move|p2a: CHULO|Earthquake|p1a: Alomomola
|-damage|p1a: Alomomola|35/100
|move|p1a: Alomomola|Whirlpool|p2a: CHULO
|-damage|p2a: CHULO|94/100
|-activate|p2a: CHULO|move: Whirlpool|[of] p1a: Alomomola
|
|-damage|p2a: CHULO|82/100|[from] move: Whirlpool|[partiallytrapped]
|upkeep
|turn|4
|
|t:|1779951258
|move|p1a: Alomomola|Protect|p1a: Alomomola
|-singleturn|p1a: Alomomola|Protect
|move|p2a: CHULO|Scale Shot|p1a: Alomomola
|-activate|p1a: Alomomola|move: Protect
|
|-damage|p2a: CHULO|69/100|[from] move: Whirlpool|[partiallytrapped]
|upkeep
|turn|5
|
|t:|1779951268
|switch|p1a: Clefable|Clefable, F|100/100
|move|p2a: CHULO|Earthquake|p1a: Clefable
|-damage|p1a: Clefable|56/100
|
|-heal|p1a: Clefable|62/100|[from] item: Leftovers
|-end|p2a: CHULO|Whirlpool|[partiallytrapped]|[silent]
|upkeep
|turn|6
|
|t:|1779951281
|-terastallize|p2a: CHULO|Ice
|move|p2a: CHULO|Swords Dance|p2a: CHULO
|-boost|p2a: CHULO|atk|2
|move|p1a: Clefable|Wish|p1a: Clefable
|
|-heal|p1a: Clefable|68/100|[from] item: Leftovers
|upkeep
|turn|7
|
|t:|1779951289
|move|p2a: CHULO|Earthquake|p1a: Clefable
|-damage|p1a: Clefable|22/100
|move|p1a: Clefable|Calm Mind|p1a: Clefable
|-boost|p1a: Clefable|spa|1
|-boost|p1a: Clefable|spd|1
|
|-heal|p1a: Clefable|71/100|[from] move: Wish|[wisher] Clefable
|-heal|p1a: Clefable|78/100|[from] item: Leftovers
|upkeep
|turn|8
|
|t:|1779951302
|move|p2a: CHULO|Swords Dance|p2a: CHULO
|-boost|p2a: CHULO|atk|2
|move|p1a: Clefable|Wish|p1a: Clefable
|
|-heal|p1a: Clefable|84/100|[from] item: Leftovers
|upkeep
|turn|9
|
|t:|1779951307
|move|p2a: CHULO|Earthquake|p1a: Clefable
|-damage|p1a: Clefable|39/100
|move|p1a: Clefable|Calm Mind|p1a: Clefable
|-boost|p1a: Clefable|spa|1
|-boost|p1a: Clefable|spd|1
|
|-heal|p1a: Clefable|89/100|[from] move: Wish|[wisher] Clefable
|-heal|p1a: Clefable|95/100|[from] item: Leftovers
|upkeep
|turn|10
|
|t:|1779951316
|move|p2a: CHULO|Earthquake|p1a: Clefable
|-damage|p1a: Clefable|52/100
|move|p1a: Clefable|Wish|p1a: Clefable
|
|-heal|p1a: Clefable|59/100|[from] item: Leftovers
|upkeep
|turn|11
|
|t:|1779951322
|move|p1a: Clefable|Protect|p1a: Clefable
|-singleturn|p1a: Clefable|Protect
|move|p2a: CHULO|Earthquake|p1a: Clefable
|-activate|p1a: Clefable|move: Protect
|
|-heal|p1a: Clefable|100/100|[from] move: Wish|[wisher] Clefable
|upkeep
|turn|12
|
|t:|1779951339
|move|p2a: CHULO|Earthquake|p1a: Clefable
|-damage|p1a: Clefable|60/100
|move|p1a: Clefable|Moonblast|p2a: CHULO
|-damage|p2a: CHULO|2/100
|-unboost|p2a: CHULO|spa|1
|
|-heal|p1a: Clefable|66/100|[from] item: Leftovers
|upkeep
|turn|13
|
|t:|1779951347
|move|p1a: Clefable|Protect|p1a: Clefable
|-singleturn|p1a: Clefable|Protect
|move|p2a: CHULO|Earthquake|p1a: Clefable
|-activate|p1a: Clefable|move: Protect
|
|-heal|p1a: Clefable|72/100|[from] item: Leftovers
|upkeep
|turn|14
|
|t:|1779951354
|move|p2a: CHULO|Earthquake|p1a: Clefable
|-damage|p1a: Clefable|26/100
|move|p1a: Clefable|Wish|p1a: Clefable
|
|-heal|p1a: Clefable|32/100|[from] item: Leftovers
|upkeep
|turn|15
|
|t:|1779951383
|move|p1a: Clefable|Protect|p1a: Clefable
|-singleturn|p1a: Clefable|Protect
|move|p2a: CHULO|Earthquake|p1a: Clefable
|-activate|p1a: Clefable|move: Protect
|
|-heal|p1a: Clefable|82/100|[from] move: Wish|[wisher] Clefable
|-heal|p1a: Clefable|88/100|[from] item: Leftovers
|upkeep
|turn|16
|
|t:|1779951399
|move|p2a: CHULO|Earthquake|p1a: Clefable
|-damage|p1a: Clefable|45/100
|move|p1a: Clefable|Wish|p1a: Clefable
|
|-heal|p1a: Clefable|51/100|[from] item: Leftovers
|upkeep
|turn|17
|
|t:|1779951407
|switch|p2a: RUIN|Dragapult, M|100/100
|move|p1a: Clefable|Protect||[still]
|-fail|p1a: Clefable
|
|-heal|p1a: Clefable|100/100|[from] move: Wish|[wisher] Clefable
|upkeep
|turn|18
|
|t:|1779951419
|move|p2a: RUIN|Phantom Force||[still]
|-prepare|p2a: RUIN|Phantom Force
|move|p1a: Clefable|Moonblast|p2a: RUIN|[miss]
|-miss|p1a: Clefable|p2a: RUIN
|
|upkeep
|turn|19
|
|t:|1779951423
|move|p2a: RUIN|Phantom Force|p1a: Clefable|[from] lockedmove
|-damage|p1a: Clefable|60/100
|-damage|p2a: RUIN|91/100|[from] item: Life Orb
|move|p1a: Clefable|Moonblast|p2a: RUIN
|-supereffective|p2a: RUIN
|-damage|p2a: RUIN|0 fnt
|faint|p2a: RUIN
|
|-heal|p1a: Clefable|66/100|[from] item: Leftovers
|upkeep
|
|t:|1779951435
|switch|p2a: CANI|Galvantula, M, shiny|100/100
|turn|20
|
|t:|1779951441
|move|p1a: Clefable|Protect|p1a: Clefable
|-singleturn|p1a: Clefable|Protect
|move|p2a: CANI|Thunder Wave|p1a: Clefable
|-activate|p1a: Clefable|move: Protect
|
|-heal|p1a: Clefable|72/100|[from] item: Leftovers
|upkeep
|turn|21
|
|t:|1779951449
|move|p2a: CANI|Thunder Wave|p1a: Clefable
|-status|p1a: Clefable|par
|move|p1a: Clefable|Moonblast|p2a: CANI
|-enditem|p2a: CANI|Focus Sash
|-damage|p2a: CANI|1/100
|
|-heal|p1a: Clefable|78/100 par|[from] item: Leftovers
|upkeep
|turn|22
|
|t:|1779951460
|move|p2a: CANI|Thunder|p1a: Clefable
|-damage|p1a: Clefable|57/100 par
|move|p1a: Clefable|Wish|p1a: Clefable
|
|-heal|p1a: Clefable|63/100 par|[from] item: Leftovers
|upkeep
|turn|23
|
|t:|1779951472
|move|p2a: CANI|Sticky Web|p1a: Clefable
|-sidestart|p1: NormalPokemons|move: Sticky Web
|cant|p1a: Clefable|par
|
|-heal|p1a: Clefable|100/100 par|[from] move: Wish|[wisher] Clefable
|upkeep
|turn|24
|
|t:|1779951481
|move|p2a: CANI|Thunder|p1a: Clefable
|-damage|p1a: Clefable|78/100 par
|move|p1a: Clefable|Calm Mind|p1a: Clefable
|-boost|p1a: Clefable|spa|1
|-boost|p1a: Clefable|spd|1
|
|-heal|p1a: Clefable|84/100 par|[from] item: Leftovers
|upkeep
|turn|25
|
|t:|1779951491
|move|p2a: CANI|Thunder|p1a: Clefable
|-damage|p1a: Clefable|66/100 par
|cant|p1a: Clefable|par
|
|-heal|p1a: Clefable|72/100 par|[from] item: Leftovers
|upkeep
|turn|26
|
|t:|1779951506
|move|p2a: CANI|Thunder|p1a: Clefable|[miss]
|-miss|p2a: CANI|p1a: Clefable
|move|p1a: Clefable|Wish|p1a: Clefable
|
|-heal|p1a: Clefable|78/100 par|[from] item: Leftovers
|upkeep
|turn|27
|
|t:|1779951514
|move|p2a: CANI|Thunder|p1a: Clefable
|-damage|p1a: Clefable|60/100 par
|move|p1a: Clefable|Calm Mind|p1a: Clefable
|-boost|p1a: Clefable|spa|1
|-boost|p1a: Clefable|spd|1
|
|-heal|p1a: Clefable|100/100 par|[from] move: Wish|[wisher] Clefable
|upkeep
|turn|28
|
|t:|1779951524
|move|p2a: CANI|Thunder|p1a: Clefable
|-damage|p1a: Clefable|87/100 par
|cant|p1a: Clefable|par
|
|-heal|p1a: Clefable|93/100 par|[from] item: Leftovers
|upkeep
|turn|29
|
|t:|1779951543
|move|p2a: CANI|Thunder|p1a: Clefable
|-damage|p1a: Clefable|79/100 par
|cant|p1a: Clefable|par
|
|-heal|p1a: Clefable|85/100 par|[from] item: Leftovers
|upkeep
|turn|30
|
|t:|1779951553
|move|p2a: CANI|Thunder|p1a: Clefable|[miss]
|-miss|p2a: CANI|p1a: Clefable
|move|p1a: Clefable|Wish|p1a: Clefable
|
|-heal|p1a: Clefable|91/100 par|[from] item: Leftovers
|upkeep
|turn|31
|
|t:|1779951566
|move|p2a: CANI|Thunder|p1a: Clefable
|-damage|p1a: Clefable|76/100 par
|move|p1a: Clefable|Moonblast|p2a: CANI
|-damage|p2a: CANI|0 fnt
|faint|p2a: CANI
|
|-heal|p1a: Clefable|100/100 par|[from] move: Wish|[wisher] Clefable
|upkeep
|inactive|bring09 has 120 seconds left.
|
|t:|1779951596
|switch|p2a: Soldier|Iron Valiant, shiny|100/100
|-enditem|p2a: Soldier|Booster Energy
|-activate|p2a: Soldier|ability: Quark Drive|[fromitem]
|-start|p2a: Soldier|quarkdrivespe
|turn|32
|
|t:|1779951609
|move|p2a: Soldier|Destiny Bond|p2a: Soldier
|-singlemove|p2a: Soldier|Destiny Bond
|cant|p1a: Clefable|par
|
|upkeep
|turn|33
|
|t:|1779951619
|-end|p2a: Soldier|Quark Drive|[silent]
|switch|p2a: CHULO|Garchomp, F, tera:Ice|2/100
|cant|p1a: Clefable|par
|
|upkeep
|turn|34
|
|t:|1779951625
|move|p2a: CHULO|Earthquake|p1a: Clefable
|-damage|p1a: Clefable|57/100 par
|move|p1a: Clefable|Moonblast|p2a: CHULO
|-damage|p2a: CHULO|0 fnt
|faint|p2a: CHULO
|
|-heal|p1a: Clefable|63/100 par|[from] item: Leftovers
|upkeep
|inactive|bring09 has 120 seconds left.
|
|t:|1779951644
|switch|p2a: LATINO|Keldeo-Resolute|100/100
|turn|35
|inactive|bring09 has 120 seconds left.
|
|t:|1779951663
|switch|p2a: AS|Ceruledge, M, shiny|100/100
|cant|p1a: Clefable|par
|
|-heal|p1a: Clefable|69/100 par|[from] item: Leftovers
|upkeep
|turn|36
|inactive|bring09 has 120 seconds left.
|
|t:|1779951672
|move|p2a: AS|Poltergeist|p1a: Clefable
|-activate|p1a: Clefable|move: Poltergeist|Leftovers
|-damage|p1a: Clefable|19/100 par
|move|p1a: Clefable|Moonblast|p2a: AS
|-resisted|p2a: AS
|-damage|p2a: AS|56/100
|
|-heal|p1a: Clefable|25/100 par|[from] item: Leftovers
|upkeep
|turn|37
|inactive|bring09 has 120 seconds left.
|
|t:|1779951691
|move|p2a: AS|Bitter Blade|p1a: Clefable
|-damage|p1a: Clefable|0 fnt
|-heal|p2a: AS|70/100|[from] drain|[of] p1a: Clefable
|faint|p1a: Clefable
|
|upkeep
|
|t:|1779951709
|switch|p1a: Mandibuzz|Mandibuzz, F|100/100
|turn|38
|
|t:|1779951714
|-terastallize|p1a: Mandibuzz|Poison
|move|p2a: AS|Bitter Blade|p1a: Mandibuzz
|-damage|p1a: Mandibuzz|59/100
|-heal|p2a: AS|96/100|[from] drain|[of] p1a: Mandibuzz
|move|p1a: Mandibuzz|Toxic|p2a: AS
|-status|p2a: AS|tox
|
|-damage|p2a: AS|90/100 tox|[from] psn
|upkeep
|turn|39
|
|t:|1779951724
|move|p2a: AS|Swords Dance|p2a: AS
|-boost|p2a: AS|atk|2
|move|p1a: Mandibuzz|Roost|p1a: Mandibuzz
|-heal|p1a: Mandibuzz|100/100
|
|-damage|p2a: AS|78/100 tox|[from] psn
|upkeep
|turn|40
|
|t:|1779951732
|switch|p1a: Alomomola|Alomomola, M|68/100
|move|p2a: AS|Bitter Blade|p1a: Alomomola
|-resisted|p1a: Alomomola
|-crit|p1a: Alomomola
|-damage|p1a: Alomomola|31/100
|-heal|p2a: AS|100/100 tox|[from] drain|[of] p1a: Alomomola
|
|-damage|p2a: AS|82/100 tox|[from] psn
|upkeep
|turn|41
|
|t:|1779951742
|move|p2a: AS|Poltergeist|p1a: Alomomola
|-activate|p1a: Alomomola|move: Poltergeist|Heavy-Duty Boots
|-crit|p1a: Alomomola
|-damage|p1a: Alomomola|0 fnt
|faint|p1a: Alomomola
|
|-damage|p2a: AS|57/100 tox|[from] psn
|upkeep
|
|t:|1779951763
|switch|p1a: Mew|Mew|100/100
|-activate|p1a: Mew|move: Sticky Web
|-unboost|p1a: Mew|spe|1
|turn|42
|
|t:|1779951773
|move|p1a: Mew|Trick|p2a: AS
|-activate|p1a: Mew|move: Trick|[of] p2a: AS
|-item|p2a: AS|Choice Scarf|[from] move: Trick
|-item|p1a: Mew|Focus Sash|[from] move: Trick
|move|p2a: AS|Poltergeist|p1a: Mew
|-activate|p1a: Mew|move: Poltergeist|Focus Sash
|-supereffective|p1a: Mew
|-enditem|p1a: Mew|Focus Sash
|-damage|p1a: Mew|1/100
|
|-damage|p2a: AS|26/100 tox|[from] psn
|upkeep
|turn|43
|
|t:|1779951786
|move|p2a: AS|Poltergeist||[still]
|-fail|p2a: AS
|move|p1a: Mew|Transform|p2a: AS
|-transform|p1a: Mew|p2a: AS
|
|-damage|p2a: AS|0 fnt|[from] psn
|faint|p2a: AS
|upkeep
|
|t:|1779951802
|switch|p2a: LATINO|Keldeo-Resolute|100/100
|turn|44
|
|t:|1779951809
|move|p2a: LATINO|Aqua Jet|p1a: Mew
|-supereffective|p1a: Mew
|-damage|p1a: Mew|0 fnt
|faint|p1a: Mew
|
|upkeep
|inactive|NormalPokemons has 120 seconds left.
|
|t:|1779951839
|switch|p1a: Mandibuzz|Mandibuzz, F, tera:Poison|100/100
|turn|45
|
|t:|1779951843
|switch|p2a: Soldier|Iron Valiant, shiny|100/100
|move|p1a: Mandibuzz|Toxic|p2a: Soldier
|-status|p2a: Soldier|tox
|
|-damage|p2a: Soldier|94/100 tox|[from] psn
|upkeep
|turn|46
|
|t:|1779951856
|switch|p1a: Chansey|Chansey, F|92/100
|-activate|p1a: Chansey|move: Sticky Web
|-unboost|p1a: Chansey|spe|1
|move|p2a: Soldier|Psyshock|p1a: Chansey
|-damage|p1a: Chansey|72/100
|
|-damage|p2a: Soldier|82/100 tox|[from] psn
|upkeep
|turn|47
|
|t:|1779951866
|move|p2a: Soldier|Aura Sphere|p1a: Chansey
|-supereffective|p1a: Chansey
|-damage|p1a: Chansey|50/100
|move|p1a: Chansey|Seismic Toss|p2a: Soldier
|-damage|p2a: Soldier|47/100 tox
|
|-damage|p2a: Soldier|29/100 tox|[from] psn
|upkeep
|turn|48
|
|t:|1779951876
|-end|p2a: Soldier|Quark Drive|[silent]
|switch|p2a: LATINO|Keldeo-Resolute|100/100
|move|p1a: Chansey|Soft-Boiled|p1a: Chansey
|-heal|p1a: Chansey|99/100
|
|upkeep
|turn|49
|
|t:|1779951886
|move|p2a: LATINO|Secret Sword|p1a: Chansey
|-supereffective|p1a: Chansey
|-damage|p1a: Chansey|0 fnt
|faint|p1a: Chansey
|
|upkeep
|
|t:|1779951901
|switch|p1a: Pecharunt|Pecharunt|100/100
|turn|50
|
|t:|1779951905
|switch|p2a: Soldier|Iron Valiant, shiny|29/100 tox
|move|p1a: Pecharunt|Mean Look|p2a: Soldier
|-activate|p2a: Soldier|trapped
|
|-damage|p2a: Soldier|23/100 tox|[from] psn
|upkeep
|turn|51
|
|t:|1779951917
|move|p2a: Soldier|Psyshock|p1a: Pecharunt
|-supereffective|p1a: Pecharunt
|-damage|p1a: Pecharunt|76/100
|move|p1a: Pecharunt|Rest|p1a: Pecharunt
|-status|p1a: Pecharunt|slp|[from] move: Rest
|-heal|p1a: Pecharunt|100/100 slp|[silent]
|
|-damage|p2a: Soldier|10/100 tox|[from] psn
|upkeep
|turn|52
|
|t:|1779951932
|move|p2a: Soldier|Psyshock|p1a: Pecharunt
|-supereffective|p1a: Pecharunt
|-damage|p1a: Pecharunt|75/100 slp
|cant|p1a: Pecharunt|slp
|move|p1a: Pecharunt|Sleep Talk|p1a: Pecharunt
|move|p1a: Pecharunt|Mean Look||[from] move: Sleep Talk|[still]
|-fail|p1a: Pecharunt
|
|-damage|p2a: Soldier|0 fnt|[from] psn
|faint|p2a: Soldier
|-end|p2a: Soldier|Quark Drive|[silent]
|upkeep
|
|t:|1779951941
|switch|p2a: LATINO|Keldeo-Resolute|100/100
|turn|53
|
|t:|1779951947
|move|p2a: LATINO|Surf|p1a: Pecharunt
|-damage|p1a: Pecharunt|0 fnt
|faint|p1a: Pecharunt
|
|upkeep
|
|t:|1779951951
|switch|p1a: Mandibuzz|Mandibuzz, F, tera:Poison|100/100
|turn|54
|
|t:|1779951954
|move|p2a: LATINO|Surf|p1a: Mandibuzz
|-damage|p1a: Mandibuzz|51/100
|move|p1a: Mandibuzz|Toxic|p2a: LATINO
|-status|p2a: LATINO|tox
|
|-damage|p2a: LATINO|94/100 tox|[from] psn
|upkeep
|turn|55
|
|t:|1779951961
|move|p2a: LATINO|Surf|p1a: Mandibuzz
|-damage|p1a: Mandibuzz|4/100
|move|p1a: Mandibuzz|Roost|p1a: Mandibuzz
|-heal|p1a: Mandibuzz|54/100
|
|-damage|p2a: LATINO|82/100 tox|[from] psn
|upkeep
|turn|56
|
|t:|1779951968
|move|p2a: LATINO|Surf|p1a: Mandibuzz
|-damage|p1a: Mandibuzz|8/100
|move|p1a: Mandibuzz|Roost|p1a: Mandibuzz
|-heal|p1a: Mandibuzz|58/100
|
|-damage|p2a: LATINO|63/100 tox|[from] psn
|upkeep
|turn|57
|
|t:|1779951974
|move|p2a: LATINO|Surf|p1a: Mandibuzz
|-damage|p1a: Mandibuzz|16/100
|move|p1a: Mandibuzz|Roost|p1a: Mandibuzz
|-heal|p1a: Mandibuzz|66/100
|
|-damage|p2a: LATINO|39/100 tox|[from] psn
|upkeep
|turn|58
|
|t:|1779951981
|move|p2a: LATINO|Surf|p1a: Mandibuzz
|-damage|p1a: Mandibuzz|21/100
|move|p1a: Mandibuzz|Roost|p1a: Mandibuzz
|-heal|p1a: Mandibuzz|71/100
|
|-damage|p2a: LATINO|8/100 tox|[from] psn
|upkeep
|turn|59
|
|t:|1779951987
|move|p2a: LATINO|Surf|p1a: Mandibuzz
|-damage|p1a: Mandibuzz|22/100
|move|p1a: Mandibuzz|Roost|p1a: Mandibuzz
|-heal|p1a: Mandibuzz|72/100
|
|-damage|p2a: LATINO|0 fnt|[from] psn
|faint|p2a: LATINO
|
|win|NormalPokemons
|raw|NormalPokemons's rating: 1351 &rarr; <strong>1368</strong><br />(+17 for winning)
|raw|bring09's rating: 1305 &rarr; <strong>1288</strong><br />(-17 for losing)
|l|☆NormalPokemons
|player|p1|
|l|☆bring09
|player|p2|
