|j|☆dgrant830
|j|☆SnaKeeKiss
|t:|1779901879
|gametype|singles
|player|p1|dgrant830|170|1177
|player|p2|SnaKeeKiss|102|1230
|gen|9
|tier|[Gen 9] OU
|rated|
|rule|HP Percentage Mod: HP is shown in percentages
|rule|Endless Battle Clause: Forcing endless battles is banned
|rule|Species Clause: Limit one of each Pokémon
|rule|OHKO Clause: OHKO moves are banned
|rule|Evasion Items Clause: Evasion items are banned
|rule|Evasion Moves Clause: Evasion moves are banned
|rule|Evasion Abilities Clause: Evasion abilities are banned
|rule|Sleep Moves Clause: Sleep-inducing moves are banned
|clearpoke
|poke|p1|Weezing-Galar, M|
|poke|p1|Mamoswine, F|
|poke|p1|Sinistcha|
|poke|p1|Tornadus, M|
|poke|p1|Golem-Alola, M|
|poke|p1|Ogerpon-Wellspring, F|
|poke|p2|Great Tusk|
|poke|p2|Torkoal, M|
|poke|p2|Iron Moth|
|poke|p2|Glimmora, F|
|poke|p2|Garganacl, M|
|poke|p2|Lilligant-Hisui, F|
|teampreview
|
|t:|1779901898
|teamsize|p1|6
|teamsize|p2|6
|start
|switch|p1a: Mamoswine|Mamoswine, F|100/100
|switch|p2a: Glimmora|Glimmora, F|100/100
|turn|1
|
|t:|1779901908
|move|p2a: Glimmora|Mortal Spin|p1a: Mamoswine
|-resisted|p1a: Mamoswine
|-damage|p1a: Mamoswine|97/100
|-status|p1a: Mamoswine|psn
|move|p1a: Mamoswine|Earthquake|p2a: Glimmora
|-supereffective|p2a: Glimmora
|-enditem|p2a: Glimmora|Focus Sash
|-damage|p2a: Glimmora|1/100
|-activate|p2a: Glimmora|ability: Toxic Debris
|-sidestart|p1: dgrant830|move: Toxic Spikes
|
|-damage|p1a: Mamoswine|85/100 psn|[from] psn
|upkeep
|turn|2
|
|t:|1779901925
|switch|p1a: Weezing|Weezing-Galar, M|100/100
|move|p2a: Glimmora|Spikes|p1a: Weezing
|-sidestart|p1: dgrant830|Spikes
|
|upkeep
|turn|3
|
|t:|1779901942
|move|p2a: Glimmora|Mud Shot|p1a: Weezing
|-immune|p1a: Weezing|[from] ability: Levitate
|move|p1a: Weezing|Strange Steam|p2a: Glimmora
|-resisted|p2a: Glimmora
|-damage|p2a: Glimmora|0 fnt
|faint|p2a: Glimmora
|
|upkeep
|
|t:|1779901958
|switch|p2a: Garganacl|Garganacl, M|100/100
|turn|4
|
|t:|1779901963
|move|p1a: Weezing|Defog|p2a: Garganacl
|-unboost|p2a: Garganacl|evasion|1
|-sideend|p1: dgrant830|Spikes|[from] move: Defog|[of] p1a: Weezing
|-sideend|p1: dgrant830|Toxic Spikes|[from] move: Defog|[of] p1a: Weezing
|move|p2a: Garganacl|Salt Cure|p1a: Weezing
|-damage|p1a: Weezing|89/100
|-start|p1a: Weezing|Salt Cure
|
|-heal|p1a: Weezing|95/100|[from] item: Leftovers
|-damage|p1a: Weezing|83/100|[from] Salt Cure
|upkeep
|turn|5
|
|t:|1779901978
|switch|p1a: Sinistcha|Sinistcha|100/100
|move|p2a: Garganacl|Stealth Rock|p1a: Sinistcha
|-sidestart|p1: dgrant830|move: Stealth Rock
|
|upkeep
|turn|6
|
|t:|1779901991
|switch|p2a: Torkoal|Torkoal, M, shiny|100/100
|-weather|SunnyDay|[from] ability: Drought|[of] p2a: Torkoal
|move|p1a: Sinistcha|Calm Mind|p1a: Sinistcha
|-boost|p1a: Sinistcha|spa|1
|-boost|p1a: Sinistcha|spd|1
|
|-weather|SunnyDay|[upkeep]
|upkeep
|turn|7
|
|t:|1779902003
|move|p1a: Sinistcha|Shadow Ball|p2a: Torkoal
|-damage|p2a: Torkoal|13/100
|-unboost|p2a: Torkoal|spd|1
|move|p2a: Torkoal|Lava Plume|p1a: Sinistcha
|-supereffective|p1a: Sinistcha
|-damage|p1a: Sinistcha|73/100
|
|-weather|SunnyDay|[upkeep]
|-heal|p1a: Sinistcha|79/100|[from] item: Leftovers
|upkeep
|turn|8
|
|t:|1779902018
|switch|p2a: Garganacl|Garganacl, M|100/100
|move|p1a: Sinistcha|Shadow Ball|p2a: Garganacl
|-damage|p2a: Garganacl|78/100
|
|-weather|SunnyDay|[upkeep]
|-heal|p1a: Sinistcha|85/100|[from] item: Leftovers
|-heal|p2a: Garganacl|84/100|[from] item: Leftovers
|upkeep
|turn|9
|
|t:|1779902027
|-terastallize|p2a: Garganacl|Fairy
|move|p1a: Sinistcha|Matcha Gotcha|p2a: Garganacl
|-damage|p2a: Garganacl|41/100
|-heal|p1a: Sinistcha|100/100|[from] drain|[of] p2a: Garganacl
|move|p2a: Garganacl|Salt Cure|p1a: Sinistcha
|-damage|p1a: Sinistcha|87/100
|-start|p1a: Sinistcha|Salt Cure
|
|-weather|SunnyDay|[upkeep]
|-heal|p1a: Sinistcha|94/100|[from] item: Leftovers
|-heal|p2a: Garganacl|47/100|[from] item: Leftovers
|-damage|p1a: Sinistcha|81/100|[from] Salt Cure
|upkeep
|turn|10
|
|t:|1779902043
|move|p2a: Garganacl|Protect|p2a: Garganacl
|-singleturn|p2a: Garganacl|Protect
|move|p1a: Sinistcha|Matcha Gotcha|p2a: Garganacl
|-activate|p2a: Garganacl|move: Protect
|
|-weather|none
|-heal|p1a: Sinistcha|87/100|[from] item: Leftovers
|-heal|p2a: Garganacl|53/100|[from] item: Leftovers
|-damage|p1a: Sinistcha|75/100|[from] Salt Cure
|upkeep
|turn|11
|
|t:|1779902054
|move|p1a: Sinistcha|Shadow Ball|p2a: Garganacl
|-damage|p2a: Garganacl|33/100
|move|p2a: Garganacl|Recover|p2a: Garganacl
|-heal|p2a: Garganacl|83/100
|
|-heal|p1a: Sinistcha|81/100|[from] item: Leftovers
|-heal|p2a: Garganacl|89/100|[from] item: Leftovers
|-damage|p1a: Sinistcha|68/100|[from] Salt Cure
|upkeep
|turn|12
|
|t:|1779902064
|move|p1a: Sinistcha|Calm Mind|p1a: Sinistcha
|-boost|p1a: Sinistcha|spa|1
|-boost|p1a: Sinistcha|spd|1
|move|p2a: Garganacl|Salt Cure|p1a: Sinistcha
|-damage|p1a: Sinistcha|55/100
|
|-heal|p1a: Sinistcha|61/100|[from] item: Leftovers
|-heal|p2a: Garganacl|95/100|[from] item: Leftovers
|-damage|p1a: Sinistcha|48/100|[from] Salt Cure
|upkeep
|turn|13
|
|t:|1779902076
|move|p2a: Garganacl|Protect|p2a: Garganacl
|-singleturn|p2a: Garganacl|Protect
|move|p1a: Sinistcha|Matcha Gotcha|p2a: Garganacl
|-activate|p2a: Garganacl|move: Protect
|
|-heal|p1a: Sinistcha|54/100|[from] item: Leftovers
|-heal|p2a: Garganacl|100/100|[from] item: Leftovers
|-damage|p1a: Sinistcha|42/100|[from] Salt Cure
|upkeep
|turn|14
|
|t:|1779902092
|move|p1a: Sinistcha|Matcha Gotcha|p2a: Garganacl
|-damage|p2a: Garganacl|42/100
|-heal|p1a: Sinistcha|76/100|[from] drain|[of] p2a: Garganacl
|move|p2a: Garganacl|Recover|p2a: Garganacl
|-heal|p2a: Garganacl|92/100
|
|-heal|p1a: Sinistcha|82/100|[from] item: Leftovers
|-heal|p2a: Garganacl|98/100|[from] item: Leftovers
|-damage|p1a: Sinistcha|70/100|[from] Salt Cure
|upkeep
|turn|15
|
|t:|1779902103
|switch|p2a: Lilligant|Lilligant-Hisui, F|100/100
|move|p1a: Sinistcha|Matcha Gotcha|p2a: Lilligant
|-resisted|p2a: Lilligant
|-damage|p2a: Lilligant|29/100
|-heal|p1a: Sinistcha|99/100|[from] drain|[of] p2a: Lilligant
|
|-heal|p1a: Sinistcha|100/100|[from] item: Leftovers
|-damage|p1a: Sinistcha|88/100|[from] Salt Cure
|upkeep
|turn|16
|
|t:|1779902121
|switch|p1a: Weezing|Weezing-Galar, M|83/100
|-damage|p1a: Weezing|70/100|[from] Stealth Rock
|move|p2a: Lilligant|Triple Axel|p1a: Weezing
|-damage|p1a: Weezing|62/100
|-damage|p1a: Weezing|47/100
|-damage|p1a: Weezing|24/100
|-hitcount|p1a: Weezing|3
|-damage|p2a: Lilligant|19/100|[from] item: Life Orb
|
|-heal|p1a: Weezing|30/100|[from] item: Leftovers
|upkeep
|turn|17
|
|t:|1779902137
|-terastallize|p1a: Weezing|Steel
|move|p2a: Lilligant|Triple Axel|p1a: Weezing
|-resisted|p1a: Weezing
|-damage|p1a: Weezing|26/100
|-resisted|p1a: Weezing
|-damage|p1a: Weezing|19/100
|-resisted|p1a: Weezing
|-damage|p1a: Weezing|9/100
|-hitcount|p1a: Weezing|3
|-damage|p2a: Lilligant|9/100|[from] item: Life Orb
|move|p1a: Weezing|Defog|p2a: Lilligant
|-unboost|p2a: Lilligant|evasion|1
|-sideend|p1: dgrant830|Stealth Rock|[from] move: Defog|[of] p1a: Weezing
|
|-heal|p1a: Weezing|15/100|[from] item: Leftovers
|upkeep
|turn|18
|
|t:|1779902153
|move|p2a: Lilligant|Close Combat|p1a: Weezing
|-supereffective|p1a: Weezing
|-damage|p1a: Weezing|0 fnt
|-unboost|p2a: Lilligant|def|1
|-unboost|p2a: Lilligant|spd|1
|faint|p1a: Weezing
|-damage|p2a: Lilligant|0 fnt|[from] item: Life Orb
|faint|p2a: Lilligant
|
|upkeep
|
|t:|1779902185
|switch|p2a: Torkoal|Torkoal, M, shiny|13/100
|switch|p1a: Ogerpon|Ogerpon-Wellspring, F|100/100
|-weather|SunnyDay|[from] ability: Drought|[of] p2a: Torkoal
|turn|19
|
|t:|1779902198
|move|p1a: Ogerpon|Ivy Cudgel|p2a: Torkoal|[anim] Ivy Cudgel Water
|-supereffective|p2a: Torkoal
|-damage|p2a: Torkoal|0 fnt
|faint|p2a: Torkoal
|
|-weather|SunnyDay|[upkeep]
|upkeep
|inactive|Battle timer is ON: inactive players will automatically lose when time's up. (requested by dgrant830)
|
|t:|1779902272
|switch|p2a: Iron Moth|Iron Moth|100/100
|turn|20
|
|t:|1779902289
|switch|p1a: Tornadus|Tornadus, M|100/100
|move|p2a: Iron Moth|Fiery Dance|p1a: Tornadus
|-crit|p1a: Tornadus
|-damage|p1a: Tornadus|0 fnt
|-boost|p2a: Iron Moth|spa|1
|faint|p1a: Tornadus
|
|-weather|SunnyDay|[upkeep]
|upkeep
|inactive|dgrant830 has 120 seconds left.
|
|t:|1779902313
|switch|p1a: Golem|Golem-Alola, M|100/100
|turn|21
|
|t:|1779902319
|move|p2a: Iron Moth|Fiery Dance|p1a: Golem
|-resisted|p1a: Golem
|-damage|p1a: Golem|7/100
|move|p1a: Golem|Stone Edge|p2a: Iron Moth|[miss]
|-miss|p1a: Golem|p2a: Iron Moth
|
|-weather|SunnyDay|[upkeep]
|upkeep
|turn|22
|
|t:|1779902327
|move|p2a: Iron Moth|Fiery Dance|p1a: Golem
|-resisted|p1a: Golem
|-damage|p1a: Golem|0 fnt
|faint|p1a: Golem
|
|-weather|SunnyDay|[upkeep]
|upkeep
|
|t:|1779902337
|switch|p1a: Ogerpon|Ogerpon-Wellspring, F|100/100
|turn|23
|
|t:|1779902348
|move|p1a: Ogerpon|Ivy Cudgel|p2a: Iron Moth|[anim] Ivy Cudgel Water
|-supereffective|p2a: Iron Moth
|-damage|p2a: Iron Moth|0 fnt
|faint|p2a: Iron Moth
|-end|p2a: Iron Moth|Quark Drive|[silent]
|
|-weather|none
|upkeep
|
|t:|1779902360
|switch|p2a: Garganacl|Garganacl, M, tera:Fairy|98/100
|turn|24
|
|t:|1779902364
|move|p1a: Ogerpon|Swords Dance|p1a: Ogerpon
|-boost|p1a: Ogerpon|atk|2
|move|p2a: Garganacl|Salt Cure|p1a: Ogerpon
|-damage|p1a: Ogerpon|84/100
|-start|p1a: Ogerpon|Salt Cure
|
|-heal|p2a: Garganacl|100/100|[from] item: Leftovers
|-damage|p1a: Ogerpon|59/100|[from] Salt Cure
|upkeep
|turn|25
|
|t:|1779902374
|move|p2a: Garganacl|Protect|p2a: Garganacl
|-singleturn|p2a: Garganacl|Protect
|move|p1a: Ogerpon|Horn Leech|p2a: Garganacl
|-activate|p2a: Garganacl|move: Protect
|
|-damage|p1a: Ogerpon|34/100|[from] Salt Cure
|upkeep
|turn|26
|
|t:|1779902384
|move|p1a: Ogerpon|Horn Leech|p2a: Garganacl
|-damage|p2a: Garganacl|46/100
|-heal|p1a: Ogerpon|70/100|[from] drain|[of] p2a: Garganacl
|move|p2a: Garganacl|Salt Cure|p1a: Ogerpon
|-damage|p1a: Ogerpon|53/100
|
|-heal|p2a: Garganacl|52/100|[from] item: Leftovers
|-damage|p1a: Ogerpon|28/100|[from] Salt Cure
|upkeep
|turn|27
|
|t:|1779902396
|move|p2a: Garganacl|Protect|p2a: Garganacl
|-singleturn|p2a: Garganacl|Protect
|move|p1a: Ogerpon|Horn Leech|p2a: Garganacl
|-activate|p2a: Garganacl|move: Protect
|
|-heal|p2a: Garganacl|59/100|[from] item: Leftovers
|-damage|p1a: Ogerpon|3/100|[from] Salt Cure
|upkeep
|turn|28
|
|t:|1779902407
|move|p1a: Ogerpon|Ivy Cudgel|p2a: Garganacl|[anim] Ivy Cudgel Water
|-damage|p2a: Garganacl|0 fnt
|faint|p2a: Garganacl
|
|-damage|p1a: Ogerpon|0 fnt|[from] Salt Cure
|faint|p1a: Ogerpon
|upkeep
|
|t:|1779902416
|switch|p1a: Sinistcha|Sinistcha|88/100
|switch|p2a: Great Tusk|Great Tusk|100/100
|turn|29
|
|t:|1779902424
|move|p2a: Great Tusk|Knock Off|p1a: Sinistcha
|-supereffective|p1a: Sinistcha
|-damage|p1a: Sinistcha|22/100
|-enditem|p1a: Sinistcha|Leftovers|[from] move: Knock Off|[of] p2a: Great Tusk
|move|p1a: Sinistcha|Matcha Gotcha|p2a: Great Tusk
|-supereffective|p2a: Great Tusk
|-damage|p2a: Great Tusk|0 fnt
|-heal|p1a: Sinistcha|76/100|[from] drain|[of] p2a: Great Tusk
|faint|p2a: Great Tusk
|-end|p2a: Great Tusk|Protosynthesis|[silent]
|
|win|dgrant830
|raw|dgrant830's rating: 1177 &rarr; <strong>1206</strong><br />(+29 for winning)
|raw|SnaKeeKiss's rating: 1230 &rarr; <strong>1201</strong><br />(-29 for losing)
|l|☆SnaKeeKiss
|player|p2|
|l|☆dgrant830
|player|p1|
