|j|☆Aliaksiam
|j|☆el papuh pro
|t:|1779860222
|gametype|singles
|player|p1|Aliaksiam|266|1274
|player|p2|el papuh pro|hilda|1179
|gen|9
|tier|[Gen 9] OU
|rated|
|rule|HP Percentage Mod: HP is shown in percentages
|rule|Endless Battle Clause: Forcing endless battles is banned
|rule|Species Clause: Limit one of each Pokémon
|rule|OHKO Clause: OHKO moves are banned
|rule|Evasion Items Clause: Evasion items are banned
|rule|Evasion Moves Clause: Evasion moves are banned
|rule|Evasion Abilities Clause: Evasion abilities are banned
|rule|Sleep Moves Clause: Sleep-inducing moves are banned
|clearpoke
|poke|p1|Tyranitar, M|
|poke|p1|Excadrill, M|
|poke|p1|Garganacl, F|
|poke|p1|Clodsire, F|
|poke|p1|Corviknight, F|
|poke|p1|Gliscor, M|
|poke|p2|Hatterene, F|
|poke|p2|Gengar, M|
|poke|p2|Haxorus, F|
|poke|p2|Incineroar, M|
|poke|p2|Minior-Blue|
|poke|p2|Kingambit, M|
|teampreview
|
|t:|1779860249
|teamsize|p1|6
|teamsize|p2|6
|start
|switch|p1a: Tyranitar|Tyranitar, M|100/100
|switch|p2a: Haxorus|Haxorus, F|100/100
|-ability|p2a: Haxorus|Unnerve
|-weather|Sandstorm|[from] ability: Sand Stream|[of] p1a: Tyranitar
|turn|1
|inactive|Battle timer is ON: inactive players will automatically lose when time's up. (requested by el papuh pro)
|inactive|Aliaksiam has 120 seconds left.
|
|t:|1779860288
|move|p2a: Haxorus|Close Combat|p1a: Tyranitar
|-supereffective|p1a: Tyranitar
|-damage|p1a: Tyranitar|0 fnt
|-unboost|p2a: Haxorus|def|1
|-unboost|p2a: Haxorus|spd|1
|faint|p1a: Tyranitar
|
|-weather|Sandstorm|[upkeep]
|-damage|p2a: Haxorus|94/100|[from] Sandstorm
|upkeep
|
|t:|1779860308
|switch|p1a: Garganacl|Garganacl, F|100/100
|turn|2
|
|t:|1779860312
|-terastallize|p1a: Garganacl|Fairy
|move|p2a: Haxorus|Close Combat|p1a: Garganacl
|-resisted|p1a: Garganacl
|-damage|p1a: Garganacl|85/100
|-unboost|p2a: Haxorus|def|1
|-unboost|p2a: Haxorus|spd|1
|move|p1a: Garganacl|Iron Defense|p1a: Garganacl
|-boost|p1a: Garganacl|def|2
|
|-weather|Sandstorm|[upkeep]
|-damage|p2a: Haxorus|88/100|[from] Sandstorm
|-damage|p1a: Garganacl|79/100|[from] Sandstorm
|-heal|p1a: Garganacl|85/100|[from] item: Leftovers
|upkeep
|turn|3
|
|t:|1779860332
|switch|p2a: Gengar|Gengar, M|100/100
|move|p1a: Garganacl|Salt Cure|p2a: Gengar
|-crit|p2a: Gengar
|-damage|p2a: Gengar|58/100
|-start|p2a: Gengar|Salt Cure
|
|-weather|Sandstorm|[upkeep]
|-damage|p2a: Gengar|52/100|[from] Sandstorm
|-damage|p1a: Garganacl|79/100|[from] Sandstorm
|-heal|p1a: Garganacl|85/100|[from] item: Leftovers
|-damage|p2a: Gengar|39/100|[from] Salt Cure
|upkeep
|turn|4
|
|t:|1779860346
|switch|p1a: Corviknight|Corviknight, F|100/100
|-ability|p1a: Corviknight|Pressure
|move|p2a: Gengar|Sludge Wave|p1a: Corviknight
|-immune|p1a: Corviknight
|
|-weather|Sandstorm|[upkeep]
|-damage|p2a: Gengar|33/100|[from] Sandstorm
|-damage|p2a: Gengar|21/100|[from] Salt Cure
|upkeep
|turn|5
|
|t:|1779860357
|move|p2a: Gengar|Thunderbolt|p1a: Corviknight
|-supereffective|p1a: Corviknight
|-damage|p1a: Corviknight|44/100
|move|p1a: Corviknight|Iron Defense|p1a: Corviknight
|-boost|p1a: Corviknight|def|2
|
|-weather|Sandstorm|[upkeep]
|-damage|p2a: Gengar|15/100|[from] Sandstorm
|-heal|p1a: Corviknight|50/100|[from] item: Leftovers
|-damage|p2a: Gengar|3/100|[from] Salt Cure
|upkeep
|turn|6
|
|t:|1779860370
|switch|p1a: Clodsire|Clodsire, F|100/100
|move|p2a: Gengar|Shadow Ball|p1a: Clodsire
|-damage|p1a: Clodsire|77/100
|
|-weather|Sandstorm|[upkeep]
|-damage|p2a: Gengar|0 fnt|[from] Sandstorm
|faint|p2a: Gengar
|upkeep
|
|t:|1779860390
|switch|p2a: Minior|Minior-Blue|100/100
|-formechange|p2a: Minior|Minior-Meteor||[from] ability: Shields Down
|turn|7
|
|t:|1779860400
|move|p2a: Minior|Shell Smash|p2a: Minior
|-unboost|p2a: Minior|def|1
|-unboost|p2a: Minior|spd|1
|-boost|p2a: Minior|atk|2
|-boost|p2a: Minior|spa|2
|-boost|p2a: Minior|spe|2
|-enditem|p2a: Minior|White Herb
|-clearnegativeboost|p2a: Minior|[silent]
|move|p1a: Clodsire|Toxic|p2a: Minior
|-immune|p2a: Minior|[from] ability: Shields Down
|
|-weather|Sandstorm|[upkeep]
|upkeep
|turn|8
|
|t:|1779860419
|switch|p1a: Corviknight|Corviknight, F|50/100
|-ability|p1a: Corviknight|Pressure
|move|p2a: Minior|Earth Power|p1a: Corviknight
|-immune|p1a: Corviknight
|
|-weather|none
|-heal|p1a: Corviknight|56/100|[from] item: Leftovers
|upkeep
|turn|9
|
|t:|1779860430
|move|p2a: Minior|Power Gem|p1a: Corviknight
|-damage|p1a: Corviknight|4/100
|move|p1a: Corviknight|Iron Defense|p1a: Corviknight
|-boost|p1a: Corviknight|def|2
|
|-heal|p1a: Corviknight|10/100|[from] item: Leftovers
|upkeep
|turn|10
|
|t:|1779860437
|move|p2a: Minior|Power Gem|p1a: Corviknight
|-damage|p1a: Corviknight|0 fnt
|faint|p1a: Corviknight
|
|upkeep
|
|t:|1779860442
|switch|p1a: Garganacl|Garganacl, F, tera:Fairy|85/100
|turn|11
|
|t:|1779860452
|move|p2a: Minior|Earth Power|p1a: Garganacl
|-damage|p1a: Garganacl|60/100
|move|p1a: Garganacl|Salt Cure|p2a: Minior
|-supereffective|p2a: Minior
|-damage|p2a: Minior|66/100
|-start|p2a: Minior|Salt Cure
|
|-heal|p1a: Garganacl|66/100|[from] item: Leftovers
|-damage|p2a: Minior|54/100|[from] Salt Cure
|upkeep
|turn|12
|
|t:|1779860465
|move|p2a: Minior|Earth Power|p1a: Garganacl
|-damage|p1a: Garganacl|40/100
|move|p1a: Garganacl|Iron Defense|p1a: Garganacl
|-boost|p1a: Garganacl|def|2
|
|-heal|p1a: Garganacl|46/100|[from] item: Leftovers
|-damage|p2a: Minior|41/100|[from] Salt Cure
|-formechange|p2a: Minior|Minior-Blue||[from] ability: Shields Down
|upkeep
|turn|13
|
|t:|1779860475
|move|p2a: Minior|Earth Power|p1a: Garganacl
|-crit|p1a: Garganacl
|-damage|p1a: Garganacl|0 fnt
|faint|p1a: Garganacl
|
|-damage|p2a: Minior|29/100|[from] Salt Cure
|upkeep
|
|t:|1779860481
|switch|p1a: Excadrill|Excadrill, M|100/100
|-item|p1a: Excadrill|Air Balloon
|turn|14
|
|t:|1779860492
|move|p2a: Minior|Dazzling Gleam|p1a: Excadrill
|-resisted|p1a: Excadrill
|-damage|p1a: Excadrill|69/100
|-enditem|p1a: Excadrill|Air Balloon
|move|p1a: Excadrill|Rapid Spin|p2a: Minior
|-resisted|p2a: Minior
|-damage|p2a: Minior|10/100
|-boost|p1a: Excadrill|spe|1
|
|-damage|p2a: Minior|0 fnt|[from] Salt Cure
|faint|p2a: Minior
|upkeep
|
|t:|1779860505
|switch|p2a: Hatterene|Hatterene, F|100/100
|turn|15
|
|t:|1779860516
|move|p1a: Excadrill|Iron Head|p2a: Hatterene
|-supereffective|p2a: Hatterene
|-damage|p2a: Hatterene|29/100
|move|p2a: Hatterene|Trick|p1a: Excadrill
|-activate|p2a: Hatterene|move: Trick|[of] p1a: Excadrill
|-item|p1a: Excadrill|Lagging Tail|[from] move: Trick
|-enditem|p2a: Hatterene|Lagging Tail|[silent]|[from] move: Trick
|
|upkeep
|turn|16
|
|t:|1779860529
|move|p2a: Hatterene|Future Sight|p1a: Excadrill
|-start|p2a: Hatterene|move: Future Sight
|move|p1a: Excadrill|Iron Head|p2a: Hatterene
|-supereffective|p2a: Hatterene
|-damage|p2a: Hatterene|0 fnt
|faint|p2a: Hatterene
|
|upkeep
|
|t:|1779860539
|switch|p2a: Incineroar|Incineroar, M|100/100
|-ability|p2a: Incineroar|Intimidate|boost
|-unboost|p1a: Excadrill|atk|1
|turn|17
|
|t:|1779860548
|switch|p1a: Gliscor|Gliscor, M|100/100
|move|p2a: Incineroar|Flare Blitz|p1a: Gliscor
|-damage|p1a: Gliscor|54/100
|-damage|p2a: Incineroar|87/100|[from] Recoil
|
|-status|p1a: Gliscor|tox|[from] item: Toxic Orb
|upkeep
|turn|18
|
|t:|1779860569
|move|p1a: Gliscor|Protect|p1a: Gliscor
|-singleturn|p1a: Gliscor|Protect
|move|p2a: Incineroar|Parting Shot|p1a: Gliscor
|-activate|p1a: Gliscor|move: Protect
|
|-end|p1a: Gliscor|move: Future Sight
|-damage|p1a: Gliscor|8/100 tox
|-heal|p1a: Gliscor|21/100 tox|[from] ability: Poison Heal
|upkeep
|turn|19
|inactive|Aliaksiam has 120 seconds left.
|inactive|el papuh pro has 120 seconds left.
|
|t:|1779860608
|switch|p1a: Clodsire|Clodsire, F|77/100
|move|p2a: Incineroar|Flare Blitz|p1a: Clodsire
|-damage|p1a: Clodsire|4/100
|-damage|p2a: Incineroar|59/100|[from] Recoil
|
|upkeep
|turn|20
|inactive|Aliaksiam has 120 seconds left.
|l|☆Aliaksiam
|inactive|Aliaksiam disconnected and has a minute to reconnect!
|player|p1|
|inactive|el papuh pro has 120 seconds left.
|inactive|Aliaksiam has 30 seconds to reconnect!
|inactive|Aliaksiam has 20 seconds to reconnect!
|inactive|Aliaksiam has 15 seconds to reconnect!
|inactive|Aliaksiam has 10 seconds to reconnect!
|inactive|Aliaksiam has 5 seconds to reconnect!
|-message|Aliaksiam lost due to inactivity.
|
|win|el papuh pro
|raw|Aliaksiam's rating: 1274 &rarr; <strong>1242</strong><br />(-32 for losing)
|raw|el papuh pro's rating: 1179 &rarr; <strong>1211</strong><br />(+32 for winning)
|l|☆el papuh pro
|player|p2|
