|j|☆Harklight
|j|☆teapause
|t:|1779885304
|gametype|singles
|player|p1|Harklight|zinnia|1413
|player|p2|teapause|waiter|1444
|gen|9
|tier|[Gen 9] OU
|rated|
|rule|HP Percentage Mod: HP is shown in percentages
|rule|Endless Battle Clause: Forcing endless battles is banned
|rule|Species Clause: Limit one of each Pokémon
|rule|OHKO Clause: OHKO moves are banned
|rule|Evasion Items Clause: Evasion items are banned
|rule|Evasion Moves Clause: Evasion moves are banned
|rule|Evasion Abilities Clause: Evasion abilities are banned
|rule|Sleep Moves Clause: Sleep-inducing moves are banned
|clearpoke
|poke|p1|Landorus-Therian, M|
|poke|p1|Ceruledge, M|
|poke|p1|Raging Bolt|
|poke|p1|Scizor, M|
|poke|p1|Primarina, M|
|poke|p1|Zamazenta-*|
|poke|p2|Tropius, F|
|poke|p2|Torkoal, F|
|poke|p2|Heatran, F|
|poke|p2|Clefable, M|
|poke|p2|Glimmora, F|
|poke|p2|Walking Wake|
|teampreview
|inactive|Battle timer is ON: inactive players will automatically lose when time's up. (requested by teapause)
|
|t:|1779885316
|teamsize|p1|6
|teamsize|p2|6
|start
|switch|p1a: Raging Bolt|Raging Bolt|100/100
|switch|p2a: Torkoal|Torkoal, F|100/100
|-weather|SunnyDay|[from] ability: Drought|[of] p2a: Torkoal
|-activate|p1a: Raging Bolt|ability: Protosynthesis
|-start|p1a: Raging Bolt|protosynthesisspa
|turn|1
|
|t:|1779885334
|switch|p2a: Walking Wake|Walking Wake|100/100
|-activate|p2a: Walking Wake|ability: Protosynthesis
|-start|p2a: Walking Wake|protosynthesisspa
|move|p1a: Raging Bolt|Draco Meteor|p2a: Walking Wake
|-supereffective|p2a: Walking Wake
|-crit|p2a: Walking Wake
|-damage|p2a: Walking Wake|0 fnt
|-unboost|p1a: Raging Bolt|spa|2
|faint|p2a: Walking Wake
|-end|p2a: Walking Wake|Protosynthesis|[silent]
|
|-weather|SunnyDay|[upkeep]
|upkeep
|
|t:|1779885347
|switch|p2a: Tropius|Tropius, F|100/100
|turn|2
|
|t:|1779885352
|-end|p1a: Raging Bolt|Protosynthesis|[silent]
|switch|p1a: Ceruledge|Ceruledge, M|100/100
|move|p2a: Tropius|Leech Seed|p1a: Ceruledge
|-start|p1a: Ceruledge|move: Leech Seed
|
|-weather|SunnyDay|[upkeep]
|-damage|p1a: Ceruledge|88/100|[from] Leech Seed|[of] p2a: Tropius
|upkeep
|turn|3
|
|t:|1779885361
|switch|p1a: Landorus|Landorus-Therian, M|100/100
|-ability|p1a: Landorus|Intimidate|boost
|-unboost|p2a: Tropius|atk|1
|switch|p2a: Heatran|Heatran, F|100/100
|
|-weather|SunnyDay|[upkeep]
|upkeep
|turn|4
|
|t:|1779885372
|switch|p2a: Tropius|Tropius, F|100/100
|move|p1a: Landorus|U-turn|p2a: Tropius
|-damage|p2a: Tropius|79/100
|
|t:|1779885380
|switch|p1a: Ceruledge|Ceruledge, M|88/100|[from] U-turn
|
|-weather|SunnyDay|[upkeep]
|upkeep
|turn|5
|
|t:|1779885391
|switch|p2a: Glimmora|Glimmora, F|100/100
|move|p1a: Ceruledge|Swords Dance|p1a: Ceruledge
|-boost|p1a: Ceruledge|atk|2
|
|-weather|SunnyDay|[upkeep]
|upkeep
|turn|6
|
|t:|1779885399
|move|p1a: Ceruledge|Poltergeist|p2a: Glimmora
|-activate|p2a: Glimmora|move: Poltergeist|Power Herb
|-damage|p2a: Glimmora|0 fnt
|-activate|p2a: Glimmora|ability: Toxic Debris
|-sidestart|p1: Harklight|move: Toxic Spikes
|faint|p2a: Glimmora
|-damage|p1a: Ceruledge|78/100|[from] item: Life Orb
|
|-weather|SunnyDay|[upkeep]
|upkeep
|
|t:|1779885418
|switch|p2a: Heatran|Heatran, F|100/100
|turn|7
|
|t:|1779885435
|move|p2a: Heatran|Protect|p2a: Heatran
|-singleturn|p2a: Heatran|Protect
|move|p1a: Ceruledge|Poltergeist|p2a: Heatran
|-activate|p2a: Heatran|move: Protect
|
|-weather|SunnyDay|[upkeep]
|upkeep
|turn|8
|
|t:|1779885447
|move|p1a: Ceruledge|Poltergeist|p2a: Heatran
|-activate|p2a: Heatran|move: Poltergeist|Binding Band
|-damage|p2a: Heatran|0 fnt
|faint|p2a: Heatran
|-damage|p1a: Ceruledge|68/100|[from] item: Life Orb
|
|-weather|none
|upkeep
|-message|teapause forfeited.
|
|win|Harklight
|raw|Harklight's rating: 1413 &rarr; <strong>1435</strong><br />(+22 for winning)
|raw|teapause's rating: 1444 &rarr; <strong>1422</strong><br />(-22 for losing)
|l|☆teapause
|player|p2|
|l|☆Harklight
|player|p1|
