|j|☆just.mr.himself
|j|☆riarley
|t:|1779860456
|gametype|singles
|player|p1|just.mr.himself|steven|1241
|player|p2|riarley|102|1205
|gen|9
|tier|[Gen 9] OU
|rated|
|rule|HP Percentage Mod: HP is shown in percentages
|rule|Endless Battle Clause: Forcing endless battles is banned
|rule|Species Clause: Limit one of each Pokémon
|rule|OHKO Clause: OHKO moves are banned
|rule|Evasion Items Clause: Evasion items are banned
|rule|Evasion Moves Clause: Evasion moves are banned
|rule|Evasion Abilities Clause: Evasion abilities are banned
|rule|Sleep Moves Clause: Sleep-inducing moves are banned
|clearpoke
|poke|p1|Excadrill, F|
|poke|p1|Tyranitar, M|
|poke|p1|Hydrapple, F|
|poke|p1|Garganacl, F|
|poke|p1|Dragapult, F|
|poke|p1|Cinderace, M|
|poke|p2|Corviknight, M|
|poke|p2|Slowking-Galar, M|
|poke|p2|Blissey, F|
|poke|p2|Dondozo, F|
|poke|p2|Kyurem|
|poke|p2|Great Tusk|
|teampreview
|
|t:|1779860468
|teamsize|p1|6
|teamsize|p2|6
|start
|switch|p1a: Cinderace|Cinderace, M, shiny|100/100
|switch|p2a: Great Tusk|Great Tusk|100/100
|turn|1
|inactive|Battle timer is ON: inactive players will automatically lose when time's up. (requested by just.mr.himself)
|
|t:|1779860476
|move|p1a: Cinderace|Low Kick|p2a: Great Tusk
|-start|p1a: Cinderace|typechange|Fighting|[from] ability: Libero
|-damage|p2a: Great Tusk|57/100
|move|p2a: Great Tusk|Headlong Rush|p1a: Cinderace
|-damage|p1a: Cinderace|4/100
|-unboost|p2a: Great Tusk|def|1
|-unboost|p2a: Great Tusk|spd|1
|
|upkeep
|turn|2
|
|t:|1779860498
|-end|p2a: Great Tusk|Protosynthesis|[silent]
|switch|p2a: Corviknight|Corviknight, M|100/100
|-ability|p2a: Corviknight|Pressure
|move|p1a: Cinderace|U-turn|p2a: Corviknight
|-resisted|p2a: Corviknight
|-damage|p2a: Corviknight|97/100
|-damage|p1a: Cinderace|0 fnt|[from] item: Rocky Helmet|[of] p2a: Corviknight
|faint|p1a: Cinderace
|
|upkeep
|
|t:|1779860510
|switch|p1a: Dragapult|Dragapult, F|100/100
|turn|3
|
|t:|1779860520
|switch|p2a: Blissey|Blissey, F|100/100
|move|p1a: Dragapult|U-turn|p2a: Blissey
|-damage|p2a: Blissey|85/100
|inactive|just.mr.himself has 120 seconds left.
|
|t:|1779860534
|switch|p1a: Tyranitar|Tyranitar, M|100/100|[from] U-turn
|-weather|Sandstorm|[from] ability: Sand Stream|[of] p1a: Tyranitar
|
|-weather|Sandstorm|[upkeep]
|-damage|p2a: Blissey|79/100|[from] Sandstorm
|upkeep
|turn|4
|inactive|just.mr.himself has 120 seconds left.
|
|t:|1779860544
|switch|p2a: Corviknight|Corviknight, M|97/100
|-ability|p2a: Corviknight|Pressure
|move|p1a: Tyranitar|Knock Off|p2a: Corviknight
|-damage|p2a: Corviknight|46/100
|-damage|p1a: Tyranitar|84/100|[from] item: Rocky Helmet|[of] p2a: Corviknight
|-enditem|p2a: Corviknight|Rocky Helmet|[from] move: Knock Off|[of] p1a: Tyranitar
|
|-weather|Sandstorm|[upkeep]
|upkeep
|turn|5
|
|t:|1779860554
|switch|p1a: Garganacl|Garganacl, F|100/100
|move|p2a: Corviknight|Roost|p2a: Corviknight
|-heal|p2a: Corviknight|96/100
|-singleturn|p2a: Corviknight|move: Roost
|
|-weather|Sandstorm|[upkeep]
|upkeep
|turn|6
|
|t:|1779860564
|move|p2a: Corviknight|Iron Defense|p2a: Corviknight
|-boost|p2a: Corviknight|def|2
|move|p1a: Garganacl|Salt Cure|p2a: Corviknight
|-damage|p2a: Corviknight|92/100
|-start|p2a: Corviknight|Salt Cure
|
|-weather|Sandstorm|[upkeep]
|-damage|p2a: Corviknight|67/100|[from] Salt Cure
|upkeep
|turn|7
|
|t:|1779860578
|move|p2a: Corviknight|U-turn|p1a: Garganacl
|-damage|p1a: Garganacl|91/100
|
|t:|1779860586
|switch|p2a: Great Tusk|Great Tusk|57/100|[from] U-turn
|move|p1a: Garganacl|Body Press|p2a: Great Tusk
|-damage|p2a: Great Tusk|41/100
|
|-weather|none
|-heal|p1a: Garganacl|97/100|[from] item: Leftovers
|upkeep
|turn|8
|
|t:|1779860594
|move|p1a: Garganacl|Protect|p1a: Garganacl
|-singleturn|p1a: Garganacl|Protect
|move|p2a: Great Tusk|Headlong Rush|p1a: Garganacl
|-activate|p1a: Garganacl|move: Protect
|
|-heal|p1a: Garganacl|100/100|[from] item: Leftovers
|upkeep
|turn|9
|
|t:|1779860601
|switch|p1a: Hydrapple|Hydrapple, F|100/100
|move|p2a: Great Tusk|Headlong Rush|p1a: Hydrapple
|-resisted|p1a: Hydrapple
|-damage|p1a: Hydrapple|84/100
|-unboost|p2a: Great Tusk|def|1
|-unboost|p2a: Great Tusk|spd|1
|
|upkeep
|turn|10
|
|t:|1779860610
|-end|p2a: Great Tusk|Protosynthesis|[silent]
|switch|p2a: Slowking|Slowking-Galar, M|100/100
|move|p1a: Hydrapple|Earth Power|p2a: Slowking
|-supereffective|p2a: Slowking
|-damage|p2a: Slowking|70/100
|
|upkeep
|turn|11
|
|t:|1779860622
|switch|p1a: Excadrill|Excadrill, F|100/100
|-item|p1a: Excadrill|Air Balloon
|-prepare|p2a: Slowking|Chilly Reception|[premajor]
|move|p2a: Slowking|Chilly Reception|p2a: Slowking
|-weather|Snowscape
|
|t:|1779860625
|switch|p2a: Kyurem|Kyurem|100/100|[from] Chilly Reception
|-ability|p2a: Kyurem|Pressure
|
|-weather|Snowscape|[upkeep]
|upkeep
|turn|12
|
|t:|1779860635
|switch|p1a: Garganacl|Garganacl, F|100/100
|move|p2a: Kyurem|Blizzard|p1a: Garganacl
|-damage|p1a: Garganacl|42/100
|
|-weather|Snowscape|[upkeep]
|-heal|p1a: Garganacl|49/100|[from] item: Leftovers
|upkeep
|turn|13
|
|t:|1779860641
|move|p1a: Garganacl|Protect|p1a: Garganacl
|-singleturn|p1a: Garganacl|Protect
|move|p2a: Kyurem|Blizzard|p1a: Garganacl
|-activate|p1a: Garganacl|move: Protect
|
|-weather|Snowscape|[upkeep]
|-heal|p1a: Garganacl|55/100|[from] item: Leftovers
|upkeep
|turn|14
|
|t:|1779860645
|switch|p1a: Tyranitar|Tyranitar, M|84/100
|-weather|Sandstorm|[from] ability: Sand Stream|[of] p1a: Tyranitar
|move|p2a: Kyurem|Blizzard|p1a: Tyranitar|[miss]
|-miss|p2a: Kyurem|p1a: Tyranitar
|
|-weather|Sandstorm|[upkeep]
|-damage|p2a: Kyurem|94/100|[from] Sandstorm
|upkeep
|turn|15
|
|t:|1779860652
|switch|p2a: Corviknight|Corviknight, M|67/100
|-ability|p2a: Corviknight|Pressure
|move|p1a: Tyranitar|Low Kick|p2a: Corviknight
|-damage|p2a: Corviknight|41/100
|
|-weather|Sandstorm|[upkeep]
|upkeep
|turn|16
|
|t:|1779860664
|switch|p1a: Dragapult|Dragapult, F|100/100
|move|p2a: Corviknight|Roost|p2a: Corviknight
|-heal|p2a: Corviknight|91/100
|-singleturn|p2a: Corviknight|move: Roost
|
|-weather|Sandstorm|[upkeep]
|-damage|p1a: Dragapult|95/100|[from] Sandstorm
|upkeep
|turn|17
|
|t:|1779860674
|switch|p2a: Blissey|Blissey, F|79/100
|move|p1a: Dragapult|Fire Blast|p2a: Blissey
|-damage|p2a: Blissey|62/100
|
|-weather|Sandstorm|[upkeep]
|-damage|p1a: Dragapult|89/100|[from] Sandstorm
|-damage|p2a: Blissey|56/100|[from] Sandstorm
|upkeep
|turn|18
|
|t:|1779860679
|switch|p1a: Excadrill|Excadrill, F|100/100
|-item|p1a: Excadrill|Air Balloon
|move|p2a: Blissey|Soft-Boiled|p2a: Blissey
|-heal|p2a: Blissey|100/100
|
|-weather|none
|upkeep
|turn|19
|
|t:|1779860689
|switch|p2a: Dondozo|Dondozo, F|100/100
|move|p1a: Excadrill|Swords Dance|p1a: Excadrill
|-boost|p1a: Excadrill|atk|2
|
|upkeep
|turn|20
|
|t:|1779860697
|-terastallize|p1a: Excadrill|Ghost
|move|p1a: Excadrill|Swords Dance|p1a: Excadrill
|-boost|p1a: Excadrill|atk|2
|move|p2a: Dondozo|Waterfall|p1a: Excadrill
|-damage|p1a: Excadrill|59/100
|-enditem|p1a: Excadrill|Air Balloon
|
|upkeep
|turn|21
|
|t:|1779860704
|move|p1a: Excadrill|Earthquake|p2a: Dondozo
|-damage|p2a: Dondozo|74/100
|move|p2a: Dondozo|Curse|p2a: Dondozo
|-unboost|p2a: Dondozo|spe|1
|-boost|p2a: Dondozo|atk|1
|-boost|p2a: Dondozo|def|1
|
|-heal|p2a: Dondozo|80/100|[from] item: Leftovers
|upkeep
|turn|22
|
|t:|1779860709
|move|p1a: Excadrill|Earthquake|p2a: Dondozo
|-damage|p2a: Dondozo|60/100
|move|p2a: Dondozo|Curse|p2a: Dondozo
|-unboost|p2a: Dondozo|spe|1
|-boost|p2a: Dondozo|atk|1
|-boost|p2a: Dondozo|def|1
|
|-heal|p2a: Dondozo|66/100|[from] item: Leftovers
|upkeep
|turn|23
|
|t:|1779860715
|switch|p1a: Hydrapple|Hydrapple, F|100/100
|move|p2a: Dondozo|Waterfall|p1a: Hydrapple
|-resisted|p1a: Hydrapple
|-damage|p1a: Hydrapple|92/100
|
|-heal|p2a: Dondozo|72/100|[from] item: Leftovers
|upkeep
|turn|24
|
|t:|1779860722
|switch|p2a: Slowking|Slowking-Galar, M|100/100
|move|p1a: Hydrapple|Giga Drain|p2a: Slowking
|-resisted|p2a: Slowking
|-damage|p2a: Slowking|91/100
|-heal|p1a: Hydrapple|97/100|[from] drain|[of] p2a: Slowking
|
|upkeep
|turn|25
|
|t:|1779860726
|move|p1a: Hydrapple|Nasty Plot|p1a: Hydrapple
|-boost|p1a: Hydrapple|spa|2
|-prepare|p2a: Slowking|Chilly Reception|[premajor]
|move|p2a: Slowking|Chilly Reception|p2a: Slowking
|-weather|Snowscape
|
|t:|1779860729
|switch|p2a: Kyurem|Kyurem|94/100|[from] Chilly Reception
|-ability|p2a: Kyurem|Pressure
|
|-weather|Snowscape|[upkeep]
|upkeep
|turn|26
|
|t:|1779860737
|switch|p1a: Tyranitar|Tyranitar, M|84/100
|-weather|Sandstorm|[from] ability: Sand Stream|[of] p1a: Tyranitar
|move|p2a: Kyurem|Freeze-Dry|p1a: Tyranitar
|-damage|p1a: Tyranitar|48/100
|
|-weather|Sandstorm|[upkeep]
|-damage|p2a: Kyurem|88/100|[from] Sandstorm
|upkeep
|turn|27
|
|t:|1779860745
|switch|p2a: Corviknight|Corviknight, M|91/100
|-ability|p2a: Corviknight|Pressure
|move|p1a: Tyranitar|Knock Off|p2a: Corviknight
|-damage|p2a: Corviknight|55/100
|
|-weather|Sandstorm|[upkeep]
|upkeep
|turn|28
|
|t:|1779860753
|move|p1a: Tyranitar|Knock Off|p2a: Corviknight
|-damage|p2a: Corviknight|21/100
|move|p2a: Corviknight|U-turn|p1a: Tyranitar
|-supereffective|p1a: Tyranitar
|-damage|p1a: Tyranitar|19/100
|
|t:|1779860758
|switch|p2a: Kyurem|Kyurem|88/100|[from] U-turn
|-ability|p2a: Kyurem|Pressure
|
|-weather|Sandstorm|[upkeep]
|-damage|p2a: Kyurem|82/100|[from] Sandstorm
|upkeep
|turn|29
|
|t:|1779860764
|switch|p1a: Garganacl|Garganacl, F|55/100
|move|p2a: Kyurem|Freeze-Dry|p1a: Garganacl
|-damage|p1a: Garganacl|32/100
|
|-weather|Sandstorm|[upkeep]
|-damage|p2a: Kyurem|76/100|[from] Sandstorm
|-heal|p1a: Garganacl|38/100|[from] item: Leftovers
|upkeep
|turn|30
|
|t:|1779860770
|switch|p2a: Corviknight|Corviknight, M|21/100
|-ability|p2a: Corviknight|Pressure
|move|p1a: Garganacl|Stealth Rock|p2a: Corviknight
|-sidestart|p2: riarley|move: Stealth Rock
|
|-weather|none
|-heal|p1a: Garganacl|44/100|[from] item: Leftovers
|upkeep
|turn|31
|
|t:|1779860775
|move|p2a: Corviknight|Roost|p2a: Corviknight
|-heal|p2a: Corviknight|71/100
|-singleturn|p2a: Corviknight|move: Roost
|move|p1a: Garganacl|Salt Cure|p2a: Corviknight
|-resisted|p2a: Corviknight
|-damage|p2a: Corviknight|67/100
|-start|p2a: Corviknight|Salt Cure
|
|-heal|p1a: Garganacl|50/100|[from] item: Leftovers
|-damage|p2a: Corviknight|42/100|[from] Salt Cure
|upkeep
|turn|32
|
|t:|1779860779
|move|p2a: Corviknight|U-turn|p1a: Garganacl
|-damage|p1a: Garganacl|41/100
|
|t:|1779860782
|switch|p2a: Great Tusk|Great Tusk|41/100|[from] U-turn
|move|p1a: Garganacl|Salt Cure|p2a: Great Tusk
|-resisted|p2a: Great Tusk
|-crit|p2a: Great Tusk
|-damage|p2a: Great Tusk|37/100
|-start|p2a: Great Tusk|Salt Cure
|
|-heal|p1a: Garganacl|47/100|[from] item: Leftovers
|-damage|p2a: Great Tusk|25/100|[from] Salt Cure
|upkeep
|turn|33
|
|t:|1779860792
|move|p1a: Garganacl|Protect|p1a: Garganacl
|-singleturn|p1a: Garganacl|Protect
|move|p2a: Great Tusk|Headlong Rush|p1a: Garganacl
|-activate|p1a: Garganacl|move: Protect
|
|-heal|p1a: Garganacl|53/100|[from] item: Leftovers
|-damage|p2a: Great Tusk|12/100|[from] Salt Cure
|upkeep
|turn|34
|
|t:|1779860803
|switch|p1a: Hydrapple|Hydrapple, F|100/100
|move|p2a: Great Tusk|Rapid Spin|p1a: Hydrapple
|-damage|p1a: Hydrapple|91/100
|-boost|p2a: Great Tusk|spe|1
|-sideend|p2: riarley|Stealth Rock|[from] move: Rapid Spin|[of] p2a: Great Tusk
|
|-damage|p2a: Great Tusk|0 fnt|[from] Salt Cure
|faint|p2a: Great Tusk
|-end|p2a: Great Tusk|Protosynthesis|[silent]
|upkeep
|
|t:|1779860807
|switch|p2a: Slowking|Slowking-Galar, M|100/100
|turn|35
|
|t:|1779860820
|switch|p1a: Tyranitar|Tyranitar, M|19/100
|-weather|Sandstorm|[from] ability: Sand Stream|[of] p1a: Tyranitar
|-prepare|p2a: Slowking|Chilly Reception|[premajor]
|move|p2a: Slowking|Chilly Reception|p2a: Slowking
|-weather|Snowscape
|
|t:|1779860825
|switch|p2a: Kyurem|Kyurem|76/100|[from] Chilly Reception
|-ability|p2a: Kyurem|Pressure
|
|-weather|Snowscape|[upkeep]
|upkeep
|turn|36
|inactive|just.mr.himself has 120 seconds left.
|
|t:|1779860866
|switch|p1a: Dragapult|Dragapult, F|89/100
|move|p2a: Kyurem|Blizzard|p1a: Dragapult
|-supereffective|p1a: Dragapult
|-damage|p1a: Dragapult|0 fnt
|faint|p1a: Dragapult
|
|-weather|Snowscape|[upkeep]
|upkeep
|
|t:|1779860878
|switch|p1a: Tyranitar|Tyranitar, M|19/100
|-weather|Sandstorm|[from] ability: Sand Stream|[of] p1a: Tyranitar
|turn|37
|
|t:|1779860882
|switch|p2a: Corviknight|Corviknight, M|42/100
|-ability|p2a: Corviknight|Pressure
|move|p1a: Tyranitar|Stone Edge|p2a: Corviknight
|-damage|p2a: Corviknight|0 fnt
|faint|p2a: Corviknight
|
|-weather|Sandstorm|[upkeep]
|upkeep
|
|t:|1779860885
|switch|p2a: Kyurem|Kyurem|76/100
|-ability|p2a: Kyurem|Pressure
|turn|38
|
|t:|1779860890
|move|p2a: Kyurem|Freeze-Dry|p1a: Tyranitar
|-damage|p1a: Tyranitar|0 fnt
|faint|p1a: Tyranitar
|
|-weather|Sandstorm|[upkeep]
|-damage|p2a: Kyurem|70/100|[from] Sandstorm
|upkeep
|
|t:|1779860893
|switch|p1a: Excadrill|Excadrill, F, tera:Ghost|59/100
|turn|39
|
|t:|1779860902
|switch|p2a: Dondozo|Dondozo, F|72/100
|move|p1a: Excadrill|Earthquake|p2a: Dondozo
|-damage|p2a: Dondozo|43/100
|
|-weather|Sandstorm|[upkeep]
|-damage|p2a: Dondozo|37/100|[from] Sandstorm
|-heal|p2a: Dondozo|43/100|[from] item: Leftovers
|upkeep
|turn|40
|
|t:|1779860911
|move|p1a: Excadrill|Earthquake|p2a: Dondozo
|-crit|p2a: Dondozo
|-damage|p2a: Dondozo|3/100
|move|p2a: Dondozo|Rest|p2a: Dondozo
|-status|p2a: Dondozo|slp|[from] move: Rest
|-heal|p2a: Dondozo|100/100 slp|[silent]
|
|-weather|Sandstorm|[upkeep]
|-damage|p2a: Dondozo|94/100 slp|[from] Sandstorm
|-heal|p2a: Dondozo|100/100 slp|[from] item: Leftovers
|upkeep
|turn|41
|
|t:|1779860918
|switch|p1a: Garganacl|Garganacl, F|53/100
|cant|p2a: Dondozo|slp
|move|p2a: Dondozo|Sleep Talk|p2a: Dondozo
|move|p2a: Dondozo|Rest||[from] move: Sleep Talk|[still]
|-fail|p2a: Dondozo
|
|-weather|none
|-heal|p1a: Garganacl|59/100|[from] item: Leftovers
|upkeep
|turn|42
|
|t:|1779860924
|switch|p2a: Slowking|Slowking-Galar, M|100/100
|move|p1a: Garganacl|Salt Cure|p2a: Slowking
|-damage|p2a: Slowking|87/100
|-start|p2a: Slowking|Salt Cure
|
|-heal|p1a: Garganacl|66/100|[from] item: Leftovers
|-damage|p2a: Slowking|75/100|[from] Salt Cure
|upkeep
|turn|43
|
|t:|1779860951
|move|p1a: Garganacl|Salt Cure|p2a: Slowking
|-damage|p2a: Slowking|60/100
|-prepare|p2a: Slowking|Chilly Reception|[premajor]
|move|p2a: Slowking|Chilly Reception|p2a: Slowking
|-weather|Snowscape
|
|t:|1779860955
|switch|p2a: Kyurem|Kyurem|70/100|[from] Chilly Reception
|-ability|p2a: Kyurem|Pressure
|
|-weather|Snowscape|[upkeep]
|-heal|p1a: Garganacl|72/100|[from] item: Leftovers
|upkeep
|turn|44
|
|t:|1779860962
|move|p1a: Garganacl|Protect|p1a: Garganacl
|-singleturn|p1a: Garganacl|Protect
|move|p2a: Kyurem|Blizzard|p1a: Garganacl
|-activate|p1a: Garganacl|move: Protect
|
|-weather|Snowscape|[upkeep]
|-heal|p1a: Garganacl|78/100|[from] item: Leftovers
|upkeep
|turn|45
|
|t:|1779860969
|move|p2a: Kyurem|Blizzard|p1a: Garganacl
|-damage|p1a: Garganacl|15/100
|move|p1a: Garganacl|Salt Cure|p2a: Kyurem
|-supereffective|p2a: Kyurem
|-damage|p2a: Kyurem|51/100
|-start|p2a: Kyurem|Salt Cure
|
|-weather|Snowscape|[upkeep]
|-heal|p1a: Garganacl|21/100|[from] item: Leftovers
|-damage|p2a: Kyurem|39/100|[from] Salt Cure
|upkeep
|turn|46
|
|t:|1779860979
|switch|p2a: Slowking|Slowking-Galar, M|93/100
|move|p1a: Garganacl|Protect||[still]
|-fail|p1a: Garganacl
|
|-weather|Snowscape|[upkeep]
|-heal|p1a: Garganacl|27/100|[from] item: Leftovers
|upkeep
|turn|47
|
|t:|1779860985
|move|p1a: Garganacl|Stealth Rock|p2a: Slowking
|-sidestart|p2: riarley|move: Stealth Rock
|move|p2a: Slowking|Future Sight|p1a: Garganacl
|-start|p2a: Slowking|move: Future Sight
|
|-weather|none
|-heal|p1a: Garganacl|33/100|[from] item: Leftovers
|upkeep
|turn|48
|
|t:|1779860997
|move|p1a: Garganacl|Salt Cure|p2a: Slowking
|-damage|p2a: Slowking|79/100
|-start|p2a: Slowking|Salt Cure
|-prepare|p2a: Slowking|Chilly Reception|[premajor]
|move|p2a: Slowking|Chilly Reception|p2a: Slowking
|-weather|Snowscape
|
|t:|1779861002
|switch|p2a: Kyurem|Kyurem|39/100|[from] Chilly Reception
|-damage|p2a: Kyurem|14/100|[from] Stealth Rock
|-ability|p2a: Kyurem|Pressure
|
|-weather|Snowscape|[upkeep]
|-heal|p1a: Garganacl|39/100|[from] item: Leftovers
|upkeep
|turn|49
|
|t:|1779861011
|move|p1a: Garganacl|Protect|p1a: Garganacl
|-singleturn|p1a: Garganacl|Protect
|move|p2a: Kyurem|Blizzard|p1a: Garganacl
|-activate|p1a: Garganacl|move: Protect
|
|-weather|Snowscape|[upkeep]
|-end|p1a: Garganacl|move: Future Sight
|-damage|p1a: Garganacl|9/100
|-heal|p1a: Garganacl|16/100|[from] item: Leftovers
|upkeep
|turn|50
|inactive|just.mr.himself has 120 seconds left.
|
|t:|1779861044
|move|p1a: Garganacl|Protect|p1a: Garganacl
|-singleturn|p1a: Garganacl|Protect
|move|p2a: Kyurem|Blizzard|p1a: Garganacl
|-activate|p1a: Garganacl|move: Protect
|
|-weather|Snowscape|[upkeep]
|-heal|p1a: Garganacl|22/100|[from] item: Leftovers
|upkeep
|turn|51
|inactive|just.mr.himself has 120 seconds left.
|
|t:|1779861079
|-activate|p2a: Kyurem|move: Struggle
|move|p2a: Kyurem|Struggle|p1a: Garganacl
|-damage|p1a: Garganacl|14/100
|-damage|p2a: Kyurem|0 fnt|[from] recoil
|faint|p2a: Kyurem
|move|p1a: Garganacl|Body Press|p2: Kyurem|[notarget]
|-fail|p1a: Garganacl
|
|-weather|Snowscape|[upkeep]
|-heal|p1a: Garganacl|20/100|[from] item: Leftovers
|upkeep
|inactive|riarley has 120 seconds left.
|
|t:|1779861099
|switch|p2a: Dondozo|Dondozo, F|100/100 slp
|-damage|p2a: Dondozo|88/100 slp|[from] Stealth Rock
|turn|52
|
|t:|1779861104
|move|p1a: Garganacl|Salt Cure|p2a: Dondozo
|-damage|p2a: Dondozo|81/100 slp
|-start|p2a: Dondozo|Salt Cure
|cant|p2a: Dondozo|slp
|move|p2a: Dondozo|Sleep Talk|p2a: Dondozo
|move|p2a: Dondozo|Waterfall|p1a: Garganacl|[from] move: Sleep Talk
|-supereffective|p1a: Garganacl
|-damage|p1a: Garganacl|0 fnt
|faint|p1a: Garganacl
|
|-weather|none
|-heal|p2a: Dondozo|88/100 slp|[from] item: Leftovers
|-damage|p2a: Dondozo|63/100 slp|[from] Salt Cure
|upkeep
|
|t:|1779861132
|switch|p1a: Excadrill|Excadrill, F, tera:Ghost|59/100
|turn|53
|
|t:|1779861136
|move|p1a: Excadrill|Earthquake|p2a: Dondozo
|-damage|p2a: Dondozo|35/100 slp
|-curestatus|p2a: Dondozo|slp|[msg]
|move|p2a: Dondozo|Rest|p2a: Dondozo
|-status|p2a: Dondozo|slp|[from] move: Rest
|-heal|p2a: Dondozo|100/100 slp|[silent]
|
|-damage|p2a: Dondozo|75/100 slp|[from] Salt Cure
|upkeep
|turn|54
|
|t:|1779861147
|switch|p1a: Hydrapple|Hydrapple, F|100/100
|-terastallize|p2a: Dondozo|Grass
|cant|p2a: Dondozo|slp
|move|p2a: Dondozo|Sleep Talk|p2a: Dondozo
|move|p2a: Dondozo|Waterfall|p1a: Hydrapple|[from] move: Sleep Talk
|-resisted|p1a: Hydrapple
|-damage|p1a: Hydrapple|97/100
|
|-heal|p2a: Dondozo|82/100 slp|[from] item: Leftovers
|-damage|p2a: Dondozo|69/100 slp|[from] Salt Cure
|upkeep
|turn|55
|
|t:|1779861152
|switch|p2a: Blissey|Blissey, F|100/100
|move|p1a: Hydrapple|Nasty Plot|p1a: Hydrapple
|-boost|p1a: Hydrapple|spa|2
|
|upkeep
|turn|56
|
|t:|1779861156
|move|p2a: Blissey|Calm Mind|p2a: Blissey
|-boost|p2a: Blissey|spa|1
|-boost|p2a: Blissey|spd|1
|move|p1a: Hydrapple|Nasty Plot|p1a: Hydrapple
|-boost|p1a: Hydrapple|spa|2
|
|upkeep
|turn|57
|
|t:|1779861161
|switch|p1a: Excadrill|Excadrill, F, tera:Ghost|59/100
|move|p2a: Blissey|Calm Mind|p2a: Blissey
|-boost|p2a: Blissey|spa|1
|-boost|p2a: Blissey|spd|1
|
|upkeep
|turn|58
|
|t:|1779861167
|switch|p2a: Dondozo|Dondozo, F, tera:Grass|69/100 slp
|-damage|p2a: Dondozo|57/100 slp|[from] Stealth Rock
|move|p1a: Excadrill|Earthquake|p2a: Dondozo
|-resisted|p2a: Dondozo
|-damage|p2a: Dondozo|43/100 slp
|
|-heal|p2a: Dondozo|49/100 slp|[from] item: Leftovers
|upkeep
|turn|59
|
|t:|1779861176
|move|p1a: Excadrill|Iron Head|p2a: Dondozo
|-damage|p2a: Dondozo|27/100 slp
|cant|p2a: Dondozo|slp
|
|-heal|p2a: Dondozo|33/100 slp|[from] item: Leftovers
|upkeep
|turn|60
|
|t:|1779861179
|move|p1a: Excadrill|Iron Head|p2a: Dondozo
|-damage|p2a: Dondozo|11/100 slp
|-curestatus|p2a: Dondozo|slp|[msg]
|move|p2a: Dondozo|Rest|p2a: Dondozo
|-status|p2a: Dondozo|slp|[from] move: Rest
|-heal|p2a: Dondozo|100/100 slp|[silent]
|
|upkeep
|turn|61
|
|t:|1779861184
|switch|p1a: Hydrapple|Hydrapple, F|100/100
|switch|p2a: Slowking|Slowking-Galar, M|100/100
|
|upkeep
|turn|62
|
|t:|1779861188
|move|p1a: Hydrapple|Nasty Plot|p1a: Hydrapple
|-boost|p1a: Hydrapple|spa|2
|move|p2a: Slowking|Sludge Bomb|p1a: Hydrapple
|-supereffective|p1a: Hydrapple
|-damage|p1a: Hydrapple|29/100
|
|upkeep
|turn|63
|
|t:|1779861192
|move|p1a: Hydrapple|Earth Power|p2a: Slowking
|-supereffective|p2a: Slowking
|-damage|p2a: Slowking|49/100
|move|p2a: Slowking|Sludge Bomb|p1a: Hydrapple
|-supereffective|p1a: Hydrapple
|-crit|p1a: Hydrapple
|-damage|p1a: Hydrapple|0 fnt
|faint|p1a: Hydrapple
|
|upkeep
|
|t:|1779861196
|switch|p1a: Excadrill|Excadrill, F, tera:Ghost|59/100
|turn|64
|c|☆riarley|ezzzzzzzzzzzzzzzzzzzzzzzzzzzzzzzzzzzzzzzzzzzzz
|c|☆riarley|haxido[
|
|t:|1779861210
|move|p1a: Excadrill|Swords Dance|p1a: Excadrill
|-boost|p1a: Excadrill|atk|2
|move|p2a: Slowking|Sludge Bomb|p1a: Excadrill
|-resisted|p1a: Excadrill
|-damage|p1a: Excadrill|38/100
|
|upkeep
|turn|65
|
|t:|1779861216
|move|p1a: Excadrill|Iron Head|p2a: Slowking
|-damage|p2a: Slowking|0 fnt
|faint|p2a: Slowking
|
|upkeep
|
|t:|1779861220
|switch|p2a: Dondozo|Dondozo, F, tera:Grass|100/100 slp
|-damage|p2a: Dondozo|88/100 slp|[from] Stealth Rock
|turn|66
|
|t:|1779861222
|move|p1a: Excadrill|Iron Head|p2a: Dondozo
|-damage|p2a: Dondozo|64/100 slp
|cant|p2a: Dondozo|slp
|move|p2a: Dondozo|Sleep Talk|p2a: Dondozo
|move|p2a: Dondozo|Rest||[from] move: Sleep Talk|[still]
|-fail|p2a: Dondozo
|
|-heal|p2a: Dondozo|70/100 slp|[from] item: Leftovers
|upkeep
|turn|67
|
|t:|1779861227
|move|p1a: Excadrill|Iron Head|p2a: Dondozo
|-damage|p2a: Dondozo|49/100 slp
|cant|p2a: Dondozo|slp
|
|-heal|p2a: Dondozo|55/100 slp|[from] item: Leftovers
|upkeep
|turn|68
|
|t:|1779861231
|move|p1a: Excadrill|Iron Head|p2a: Dondozo
|-damage|p2a: Dondozo|31/100 slp
|-curestatus|p2a: Dondozo|slp|[msg]
|move|p2a: Dondozo|Curse|p2a: Dondozo
|-unboost|p2a: Dondozo|spe|1
|-boost|p2a: Dondozo|atk|1
|-boost|p2a: Dondozo|def|1
|
|-heal|p2a: Dondozo|37/100|[from] item: Leftovers
|upkeep
|turn|69
|
|t:|1779861235
|move|p1a: Excadrill|Iron Head|p2a: Dondozo
|-damage|p2a: Dondozo|21/100
|move|p2a: Dondozo|Rest|p2a: Dondozo
|-status|p2a: Dondozo|slp|[from] move: Rest
|-heal|p2a: Dondozo|100/100 slp|[silent]
|
|upkeep
|turn|70
|
|t:|1779861239
|move|p1a: Excadrill|Swords Dance|p1a: Excadrill
|-boost|p1a: Excadrill|atk|2
|cant|p2a: Dondozo|slp
|move|p2a: Dondozo|Sleep Talk|p2a: Dondozo
|move|p2a: Dondozo|Rest||[from] move: Sleep Talk|[still]
|-fail|p2a: Dondozo
|
|upkeep
|turn|71
|
|t:|1779861241
|move|p1a: Excadrill|Iron Head|p2a: Dondozo
|-damage|p2a: Dondozo|84/100 slp
|cant|p2a: Dondozo|slp
|cant|p2a: Dondozo|flinch
|
|-heal|p2a: Dondozo|91/100 slp|[from] item: Leftovers
|upkeep
|turn|72
|
|t:|1779861244
|move|p1a: Excadrill|Iron Head|p2a: Dondozo
|-damage|p2a: Dondozo|75/100 slp
|-curestatus|p2a: Dondozo|slp|[msg]
|move|p2a: Dondozo|Sleep Talk||[still]
|-fail|p2a: Dondozo
|
|-heal|p2a: Dondozo|82/100|[from] item: Leftovers
|upkeep
|turn|73
|
|t:|1779861246
|move|p1a: Excadrill|Iron Head|p2a: Dondozo
|-damage|p2a: Dondozo|67/100
|move|p2a: Dondozo|Waterfall|p1a: Excadrill
|-damage|p1a: Excadrill|0 fnt
|faint|p1a: Excadrill
|
|win|riarley
|raw|just.mr.himself's rating: 1241 &rarr; <strong>1213</strong><br />(-28 for losing)
|raw|riarley's rating: 1205 &rarr; <strong>1233</strong><br />(+28 for winning)
|l|☆just.mr.himself
|player|p1|
