|j|☆chrisfeb1992
|j|☆TimeOfTheMoth
|t:|1779905493
|gametype|singles
|player|p1|chrisfeb1992|266|1487
|player|p2|TimeOfTheMoth|2|1522
|gen|9
|tier|[Gen 9] OU
|rated|
|rule|HP Percentage Mod: HP is shown in percentages
|rule|Endless Battle Clause: Forcing endless battles is banned
|rule|Species Clause: Limit one of each Pokémon
|rule|OHKO Clause: OHKO moves are banned
|rule|Evasion Items Clause: Evasion items are banned
|rule|Evasion Moves Clause: Evasion moves are banned
|rule|Evasion Abilities Clause: Evasion abilities are banned
|rule|Sleep Moves Clause: Sleep-inducing moves are banned
|clearpoke
|poke|p1|Ceruledge, M|
|poke|p1|Ribombee, M|
|poke|p1|Ursaluna, F|
|poke|p1|Darkrai|
|poke|p1|Iron Treads|
|poke|p1|Regieleki|
|poke|p2|Frosmoth, M|
|poke|p2|Chesnaught, F|
|poke|p2|Primarina, F|
|poke|p2|Dragonite, M|
|poke|p2|Iron Boulder|
|poke|p2|Iron Treads|
|teampreview
|inactive|Battle timer is ON: inactive players will automatically lose when time's up. (requested by TimeOfTheMoth)
|
|t:|1779905500
|teamsize|p1|6
|teamsize|p2|6
|start
|switch|p1a: Ribombee|Ribombee, M|100/100
|switch|p2a: Primarina|Primarina, F|100/100
|turn|1
|
|t:|1779905506
|move|p1a: Ribombee|Sticky Web|p2a: Primarina
|-sidestart|p2: TimeOfTheMoth|move: Sticky Web
|move|p2a: Primarina|Moonblast|p1a: Ribombee
|-damage|p1a: Ribombee|2/100
|
|upkeep
|turn|2
|
|t:|1779905512
|move|p1a: Ribombee|U-turn|p2a: Primarina
|-resisted|p2a: Primarina
|-damage|p2a: Primarina|92/100
|
|t:|1779905519
|switch|p1a: Iron Treads|Iron Treads|100/100|[from] U-turn
|-enditem|p1a: Iron Treads|Booster Energy
|-activate|p1a: Iron Treads|ability: Quark Drive|[fromitem]
|-start|p1a: Iron Treads|quarkdrivespe
|move|p2a: Primarina|Moonblast|p1a: Iron Treads
|-resisted|p1a: Iron Treads
|-damage|p1a: Iron Treads|63/100
|
|upkeep
|turn|3
|
|t:|1779905528
|move|p1a: Iron Treads|Earthquake|p2a: Primarina
|-damage|p2a: Primarina|32/100
|move|p2a: Primarina|Surf|p1a: Iron Treads
|-supereffective|p1a: Iron Treads
|-damage|p1a: Iron Treads|0 fnt
|faint|p1a: Iron Treads
|-end|p1a: Iron Treads|Quark Drive|[silent]
|
|upkeep
|
|t:|1779905538
|switch|p1a: Ursaluna|Ursaluna, F|100/100
|turn|4
|
|t:|1779905543
|move|p1a: Ursaluna|Trailblaze|p2a: Primarina
|-supereffective|p2a: Primarina
|-damage|p2a: Primarina|0 fnt
|-boost|p1a: Ursaluna|spe|1
|faint|p2a: Primarina
|
|-status|p1a: Ursaluna|brn|[from] item: Flame Orb
|upkeep
|
|t:|1779905546
|switch|p2a: Chesnaught|Chesnaught, F|100/100
|-activate|p2a: Chesnaught|move: Sticky Web
|-unboost|p2a: Chesnaught|spe|1
|turn|5
|
|t:|1779905556
|-terastallize|p1a: Ursaluna|Ghost
|move|p1a: Ursaluna|Swords Dance|p1a: Ursaluna
|-boost|p1a: Ursaluna|atk|2
|move|p2a: Chesnaught|Iron Defense|p2a: Chesnaught
|-boost|p2a: Chesnaught|def|2
|
|-damage|p1a: Ursaluna|94/100 brn|[from] brn
|upkeep
|turn|6
|
|t:|1779905566
|move|p1a: Ursaluna|Facade|p2a: Chesnaught
|-damage|p2a: Chesnaught|33/100
|-damage|p1a: Ursaluna|78/100 brn|[from] item: Rocky Helmet|[of] p2a: Chesnaught
|move|p2a: Chesnaught|Iron Defense|p2a: Chesnaught
|-boost|p2a: Chesnaught|def|2
|
|-damage|p1a: Ursaluna|72/100 brn|[from] brn
|upkeep
|turn|7
|
|t:|1779905575
|move|p1a: Ursaluna|Facade|p2a: Chesnaught
|-damage|p2a: Chesnaught|0 fnt
|-damage|p1a: Ursaluna|55/100 brn|[from] item: Rocky Helmet|[of] p2a: Chesnaught
|faint|p2a: Chesnaught
|
|-damage|p1a: Ursaluna|49/100 brn|[from] brn
|upkeep
|
|t:|1779905589
|switch|p2a: Iron Treads|Iron Treads|100/100
|-activate|p2a: Iron Treads|move: Sticky Web
|-unboost|p2a: Iron Treads|spe|1
|-enditem|p2a: Iron Treads|Booster Energy
|-activate|p2a: Iron Treads|ability: Quark Drive|[fromitem]
|-start|p2a: Iron Treads|quarkdrivedef
|turn|8
|
|t:|1779905596
|move|p1a: Ursaluna|Earthquake|p2a: Iron Treads
|-supereffective|p2a: Iron Treads
|-damage|p2a: Iron Treads|0 fnt
|faint|p2a: Iron Treads
|-end|p2a: Iron Treads|Quark Drive|[silent]
|
|-damage|p1a: Ursaluna|43/100 brn|[from] brn
|upkeep
|
|t:|1779905598
|switch|p2a: Dragonite|Dragonite, M|100/100
|turn|9
|
|t:|1779905605
|move|p1a: Ursaluna|Facade|p2a: Dragonite
|-damage|p2a: Dragonite|0 fnt
|faint|p2a: Dragonite
|
|-damage|p1a: Ursaluna|36/100 brn|[from] brn
|upkeep
|
|t:|1779905607
|switch|p2a: Iron Boulder|Iron Boulder|100/100
|-activate|p2a: Iron Boulder|move: Sticky Web
|-unboost|p2a: Iron Boulder|spe|1
|-enditem|p2a: Iron Boulder|Booster Energy
|-activate|p2a: Iron Boulder|ability: Quark Drive|[fromitem]
|-start|p2a: Iron Boulder|quarkdriveatk
|turn|10
|
|t:|1779905617
|move|p1a: Ursaluna|Facade|p2a: Iron Boulder
|-resisted|p2a: Iron Boulder
|-damage|p2a: Iron Boulder|0 fnt
|faint|p2a: Iron Boulder
|-end|p2a: Iron Boulder|Quark Drive|[silent]
|
|-damage|p1a: Ursaluna|30/100 brn|[from] brn
|upkeep
|l|☆TimeOfTheMoth
|inactive|TimeOfTheMoth disconnected and has a minute to reconnect!
|player|p2|
|inactive|TimeOfTheMoth has 30 seconds to reconnect!
|inactive|TimeOfTheMoth has 20 seconds to reconnect!
|inactive|TimeOfTheMoth has 15 seconds to reconnect!
|inactive|TimeOfTheMoth has 10 seconds to reconnect!
|inactive|TimeOfTheMoth has 5 seconds to reconnect!
|-message|TimeOfTheMoth lost due to inactivity.
|
|win|chrisfeb1992
|raw|chrisfeb1992's rating: 1487 &rarr; <strong>1509</strong><br />(+22 for winning)
|raw|TimeOfTheMoth's rating: 1522 &rarr; <strong>1500</strong><br />(-22 for losing)
