|j|☆le soleil dance
|j|☆seantheguyr5
|t:|1779893120
|gametype|singles
|player|p1|le soleil dance|iris-gen5bw2|1401
|player|p2|seantheguyr5|emmet|1451
|gen|9
|tier|[Gen 9] OU
|rated|
|rule|HP Percentage Mod: HP is shown in percentages
|rule|Endless Battle Clause: Forcing endless battles is banned
|rule|Species Clause: Limit one of each Pokémon
|rule|OHKO Clause: OHKO moves are banned
|rule|Evasion Items Clause: Evasion items are banned
|rule|Evasion Moves Clause: Evasion moves are banned
|rule|Evasion Abilities Clause: Evasion abilities are banned
|rule|Sleep Moves Clause: Sleep-inducing moves are banned
|clearpoke
|poke|p1|Cinderace, F|
|poke|p1|Zapdos|
|poke|p1|Gholdengo|
|poke|p1|Dragonite, M|
|poke|p1|Dondozo, F|
|poke|p1|Enamorus, F|
|poke|p2|Maushold|
|poke|p2|Samurott-Hisui, M|
|poke|p2|Kingambit, F|
|poke|p2|Garganacl, M|
|poke|p2|Dragonite, F|
|poke|p2|Weavile, F|
|teampreview
|
|t:|1779893142
|teamsize|p1|6
|teamsize|p2|6
|start
|switch|p1a: Zapdos|Zapdos|100/100
|switch|p2a: Garganacl|Garganacl, M|100/100
|turn|1
|inactive|Battle timer is ON: inactive players will automatically lose when time's up. (requested by seantheguyr5)
|
|t:|1779893164
|move|p1a: Zapdos|Volt Switch|p2a: Garganacl
|-damage|p2a: Garganacl|83/100
|
|t:|1779893169
|switch|p1a: Cinderace|Cinderace, F|100/100|[from] Volt Switch
|move|p2a: Garganacl|Salt Cure|p1a: Cinderace
|-supereffective|p1a: Cinderace
|-damage|p1a: Cinderace|64/100
|-start|p1a: Cinderace|Salt Cure
|
|-heal|p2a: Garganacl|89/100|[from] item: Leftovers
|-damage|p1a: Cinderace|52/100|[from] Salt Cure
|upkeep
|turn|2
|
|t:|1779893184
|move|p1a: Cinderace|U-turn|p2a: Garganacl
|-start|p1a: Cinderace|typechange|Bug|[from] ability: Libero
|-damage|p2a: Garganacl|66/100
|
|t:|1779893189
|switch|p1a: Zapdos|Zapdos|100/100|[from] U-turn
|move|p2a: Garganacl|Recover|p2a: Garganacl
|-heal|p2a: Garganacl|100/100
|
|upkeep
|turn|3
|
|t:|1779893196
|move|p1a: Zapdos|Volt Switch|p2a: Garganacl
|-damage|p2a: Garganacl|81/100
|
|t:|1779893200
|switch|p1a: Gholdengo|Gholdengo|100/100|[from] Volt Switch
|move|p2a: Garganacl|Salt Cure|p1a: Gholdengo
|-resisted|p1a: Gholdengo
|-damage|p1a: Gholdengo|93/100
|-start|p1a: Gholdengo|Salt Cure
|
|-heal|p2a: Garganacl|87/100|[from] item: Leftovers
|-damage|p1a: Gholdengo|68/100|[from] Salt Cure
|upkeep
|turn|4
|
|t:|1779893215
|move|p1a: Gholdengo|Make It Rain|p2a: Garganacl
|-supereffective|p2a: Garganacl
|-crit|p2a: Garganacl
|-damage|p2a: Garganacl|0 fnt
|-unboost|p1a: Gholdengo|spa|1
|faint|p2a: Garganacl
|
|-damage|p1a: Gholdengo|44/100|[from] Salt Cure
|upkeep
|
|t:|1779893220
|switch|p2a: Samurott|Samurott-Hisui, M, shiny|100/100
|turn|5
|
|t:|1779893226
|switch|p1a: Zapdos|Zapdos|100/100
|move|p2a: Samurott|Ceaseless Edge|p1a: Zapdos
|-damage|p1a: Zapdos|67/100
|-status|p2a: Samurott|par|[from] ability: Static|[of] p1a: Zapdos
|-sidestart|p1: le soleil dance|Spikes
|
|upkeep
|turn|6
|
|t:|1779893234
|move|p1a: Zapdos|Volt Switch|p2a: Samurott
|-supereffective|p2a: Samurott
|-damage|p2a: Samurott|26/100 par
|
|t:|1779893240
|switch|p1a: Dondozo|Dondozo, F|100/100|[from] Volt Switch
|-damage|p1a: Dondozo|88/100|[from] Spikes
|move|p2a: Samurott|Ceaseless Edge|p1a: Dondozo
|-damage|p1a: Dondozo|57/100
|-sidestart|p1: le soleil dance|Spikes
|
|upkeep
|turn|7
|
|t:|1779893246
|move|p2a: Samurott|Ceaseless Edge|p1a: Dondozo|[miss]
|-miss|p2a: Samurott|p1a: Dondozo
|move|p1a: Dondozo|Body Press|p2a: Samurott
|-supereffective|p2a: Samurott
|-damage|p2a: Samurott|0 fnt
|faint|p2a: Samurott
|
|upkeep
|
|t:|1779893259
|switch|p2a: Maushold|Maushold|100/100
|turn|8
|inactive|le soleil dance has 120 seconds left.
|
|t:|1779893296
|move|p2a: Maushold|Population Bomb|p1a: Dondozo
|-damage|p1a: Dondozo|50/100
|-damage|p1a: Dondozo|43/100
|-damage|p1a: Dondozo|36/100
|-damage|p1a: Dondozo|29/100
|-damage|p1a: Dondozo|23/100
|-damage|p1a: Dondozo|17/100
|-damage|p1a: Dondozo|10/100
|-damage|p1a: Dondozo|4/100
|-damage|p1a: Dondozo|0 fnt
|faint|p1a: Dondozo
|-hitcount|p1: Dondozo|9
|
|upkeep
|
|t:|1779893306
|switch|p1a: Zapdos|Zapdos|67/100
|turn|9
|
|t:|1779893317
|switch|p2a: Weavile|Weavile, F|100/100
|-ability|p2a: Weavile|Pressure
|move|p1a: Zapdos|Roost|p1a: Zapdos
|-heal|p1a: Zapdos|100/100
|-singleturn|p1a: Zapdos|move: Roost
|
|upkeep
|turn|10
|inactive|le soleil dance has 120 seconds left.
|
|t:|1779893357
|switch|p1a: Cinderace|Cinderace, F|52/100
|move|p2a: Weavile|Triple Axel|p1a: Cinderace
|-resisted|p1a: Cinderace
|-damage|p1a: Cinderace|45/100
|-resisted|p1a: Cinderace
|-damage|p1a: Cinderace|29/100
|-hitcount|p1a: Cinderace|2
|
|upkeep
|turn|11
|
|t:|1779893368
|move|p2a: Weavile|Knock Off|p1a: Cinderace
|-damage|p1a: Cinderace|0 fnt
|-enditem|p1a: Cinderace|Heavy-Duty Boots|[from] move: Knock Off|[of] p2a: Weavile
|faint|p1a: Cinderace
|
|upkeep
|
|t:|1779893373
|switch|p1a: Gholdengo|Gholdengo|44/100
|-damage|p1a: Gholdengo|27/100|[from] Spikes
|turn|12
|
|t:|1779893377
|move|p1a: Gholdengo|Make It Rain|p2a: Weavile
|-supereffective|p2a: Weavile
|-damage|p2a: Weavile|0 fnt
|-unboost|p1a: Gholdengo|spa|1
|faint|p2a: Weavile
|
|upkeep
|
|t:|1779893389
|switch|p2a: Kingambit|Kingambit, F|100/100
|-activate|p2a: Kingambit|ability: Supreme Overlord
|-start|p2a: Kingambit|fallen3|[silent]
|turn|13
|inactive|le soleil dance has 120 seconds left.
|
|t:|1779893408
|switch|p1a: Zapdos|Zapdos|100/100
|move|p2a: Kingambit|Kowtow Cleave|p1a: Zapdos
|-damage|p1a: Zapdos|50/100
|
|upkeep
|turn|14
|
|t:|1779893419
|move|p1a: Zapdos|Roost|p1a: Zapdos
|-heal|p1a: Zapdos|100/100
|-singleturn|p1a: Zapdos|move: Roost
|move|p2a: Kingambit|Kowtow Cleave|p1a: Zapdos
|-damage|p1a: Zapdos|56/100
|
|upkeep
|turn|15
|
|t:|1779893432
|move|p1a: Zapdos|Roost|p1a: Zapdos
|-heal|p1a: Zapdos|100/100
|-singleturn|p1a: Zapdos|move: Roost
|move|p2a: Kingambit|Swords Dance|p2a: Kingambit
|-boost|p2a: Kingambit|atk|2
|
|upkeep
|turn|16
|
|t:|1779893440
|move|p1a: Zapdos|Volt Switch|p2a: Kingambit
|-damage|p2a: Kingambit|66/100
|inactive|le soleil dance has 120 seconds left.
|
|t:|1779893468
|switch|p1a: Gholdengo|Gholdengo|27/100|[from] Volt Switch
|-damage|p1a: Gholdengo|11/100|[from] Spikes
|move|p2a: Kingambit|Kowtow Cleave|p1a: Gholdengo
|-supereffective|p1a: Gholdengo
|-damage|p1a: Gholdengo|0 fnt
|faint|p1a: Gholdengo
|
|-heal|p2a: Kingambit|72/100|[from] item: Leftovers
|upkeep
|
|t:|1779893471
|switch|p1a: Enamorus|Enamorus, F|100/100
|turn|17
|inactive|seantheguyr5 has 120 seconds left.
|
|t:|1779893506
|move|p1a: Enamorus|Moonblast|p2a: Kingambit
|-crit|p2a: Kingambit
|-damage|p2a: Kingambit|0 fnt
|faint|p2a: Kingambit
|-end|p2a: Kingambit|fallen3|[silent]
|
|upkeep
|
|t:|1779893513
|switch|p2a: Maushold|Maushold|100/100
|turn|18
|inactive|seantheguyr5 has 120 seconds left.
|
|t:|1779893520
|switch|p1a: Zapdos|Zapdos|100/100
|move|p2a: Maushold|Tidy Up|p2a: Maushold
|-sideend|p1: le soleil dance|Spikes
|-activate|p2a: Maushold|move: Tidy Up
|-boost|p2a: Maushold|atk|1
|-boost|p2a: Maushold|spe|1
|
|upkeep
|turn|19
|inactive|seantheguyr5 has 120 seconds left.
|
|t:|1779893546
|move|p2a: Maushold|Population Bomb|p1a: Zapdos
|-damage|p1a: Zapdos|88/100
|-damage|p1a: Zapdos|78/100
|-status|p2a: Maushold|par|[from] ability: Static|[of] p1a: Zapdos
|-damage|p1a: Zapdos|67/100
|-damage|p1a: Zapdos|55/100
|-damage|p1a: Zapdos|43/100
|-damage|p1a: Zapdos|31/100
|-damage|p1a: Zapdos|19/100
|-damage|p1a: Zapdos|6/100
|-damage|p1a: Zapdos|0 fnt
|faint|p1a: Zapdos
|-hitcount|p1: Zapdos|9
|
|upkeep
|
|t:|1779893560
|switch|p1a: Enamorus|Enamorus, F|100/100
|turn|20
|
|t:|1779893564
|move|p1a: Enamorus|Moonblast|p2a: Maushold
|-damage|p2a: Maushold|21/100 par
|move|p2a: Maushold|Population Bomb|p1a: Enamorus
|-damage|p1a: Enamorus|75/100
|-damage|p1a: Enamorus|49/100
|-damage|p1a: Enamorus|22/100
|-damage|p1a: Enamorus|0 fnt
|faint|p1a: Enamorus
|-hitcount|p1: Enamorus|4
|
|upkeep
|
|t:|1779893569
|switch|p1a: Dragonite|Dragonite, M|100/100
|turn|21
|
|t:|1779893579
|cant|p2a: Maushold|par
|move|p1a: Dragonite|Earthquake|p2a: Maushold
|-crit|p2a: Maushold
|-damage|p2a: Maushold|0 fnt
|faint|p2a: Maushold
|
|upkeep
|
|t:|1779893592
|switch|p2a: lemonade|Dragonite, F|100/100
|turn|22
|
|t:|1779893597
|-terastallize|p1a: Dragonite|Dragon
|-terastallize|p2a: lemonade|Normal
|move|p1a: Dragonite|Scale Shot|p2a: lemonade
|-damage|p2a: lemonade|92/100
|-damage|p2a: lemonade|75/100
|-damage|p2a: lemonade|55/100
|-damage|p2a: lemonade|37/100
|-hitcount|p2a: lemonade|4
|-unboost|p1a: Dragonite|def|1
|-boost|p1a: Dragonite|spe|1
|move|p2a: lemonade|Dragon Tail|p1a: Dragonite
|-supereffective|p1a: Dragonite
|-damage|p1a: Dragonite|44/100
|
|upkeep
|turn|23
|
|t:|1779893611
|move|p2a: lemonade|Extreme Speed|p1a: Dragonite
|-damage|p1a: Dragonite|0 fnt
|faint|p1a: Dragonite
|
|win|seantheguyr5
|raw|le soleil dance's rating: 1401 &rarr; <strong>1384</strong><br />(-17 for losing)
|raw|seantheguyr5's rating: 1451 &rarr; <strong>1468</strong><br />(+17 for winning)
|l|☆le soleil dance
|player|p1|
|l|☆seantheguyr5
|player|p2|
