|badge|p2|bronze|gen9ubers|100-9
|uhtml|medal-msg|<div class="broadcast-blue">Curious what those medals under the avatar are? PS now has Ladder Seasons! For more information, check out the <a href="https://www.smogon.com/forums/threads/3740067/">thread on Smogon.</a></div>
|j|☆Johnny tots
|j|☆alexander90281
|t:|1779936025
|gametype|singles
|player|p1|Johnny tots|170|1748
|player|p2|alexander90281|tateandliza-gen3|1703
|gen|9
|tier|[Gen 9] OU
|rated|
|rule|HP Percentage Mod: HP is shown in percentages
|rule|Endless Battle Clause: Forcing endless battles is banned
|rule|Species Clause: Limit one of each Pokémon
|rule|OHKO Clause: OHKO moves are banned
|rule|Evasion Items Clause: Evasion items are banned
|rule|Evasion Moves Clause: Evasion moves are banned
|rule|Evasion Abilities Clause: Evasion abilities are banned
|rule|Sleep Moves Clause: Sleep-inducing moves are banned
|clearpoke
|poke|p1|Rillaboom, F|
|poke|p1|Klefki, M|
|poke|p1|Manaphy|
|poke|p1|Ogerpon-Wellspring, F|
|poke|p1|Maushold-Four|
|poke|p1|Clefable, M|
|poke|p2|Mimikyu, M|
|poke|p2|Hatterene, F|
|poke|p2|Ursaluna, F|
|poke|p2|Raging Bolt|
|poke|p2|Kingambit, M|
|poke|p2|Breloom, M|
|teampreview
|inactive|Battle timer is ON: inactive players will automatically lose when time's up. (requested by Johnny tots)
|l|☆Johnny tots
|inactive|Johnny tots disconnected and has a minute to reconnect!
|player|p1|
|inactive|alexander90281 has 120 seconds left.
|
|t:|1779936072
|teamsize|p1|6
|teamsize|p2|6
|start
|switch|p1a: Klefki|Klefki, M|100/100
|switch|p2a: Hatterene|Hatterene, F|100/100
|turn|1
|j|☆Johnny tots
|inactive|Johnny tots reconnected and has 150 seconds left.
|player|p1|Johnny tots|170|
|
|t:|1779936077
|move|p1a: Klefki|Light Screen|p1a: Klefki
|-sidestart|p1: Johnny tots|move: Light Screen
|move|p2a: Hatterene|Mystical Fire|p1a: Klefki
|-supereffective|p1a: Klefki
|-damage|p1a: Klefki|65/100
|-unboost|p1a: Klefki|spa|1
|
|upkeep
|turn|2
|
|t:|1779936086
|move|p1a: Klefki|Reflect|p1a: Klefki
|-sidestart|p1: Johnny tots|Reflect
|move|p2a: Hatterene|Mystical Fire|p1a: Klefki
|-supereffective|p1a: Klefki
|-damage|p1a: Klefki|31/100
|-unboost|p1a: Klefki|spa|1
|
|upkeep
|turn|3
|
|t:|1779936093
|switch|p1a: Rillaboom|Rillaboom, F|100/100
|-fieldstart|move: Grassy Terrain|[from] ability: Grassy Surge|[of] p1a: Rillaboom
|move|p2a: Hatterene|Trick Room|p2a: Hatterene
|-fieldstart|move: Trick Room|[of] p2a: Hatterene
|
|upkeep
|turn|4
|
|t:|1779936105
|move|p2a: Hatterene|Mystical Fire|p1a: Rillaboom
|-supereffective|p1a: Rillaboom
|-damage|p1a: Rillaboom|64/100
|-unboost|p1a: Rillaboom|spa|1
|move|p1a: Rillaboom|Knock Off|p2a: Hatterene
|-damage|p2a: Hatterene|59/100
|-enditem|p2a: Hatterene|Focus Sash|[from] move: Knock Off|[of] p1a: Rillaboom
|
|-heal|p2a: Hatterene|65/100|[from] Grassy Terrain
|-heal|p1a: Rillaboom|70/100|[from] Grassy Terrain
|upkeep
|turn|5
|
|t:|1779936113
|move|p2a: Hatterene|Healing Wish|p2a: Hatterene
|faint|p2a: Hatterene
|move|p1a: Rillaboom|Bulk Up|p1a: Rillaboom
|-boost|p1a: Rillaboom|atk|1
|-boost|p1a: Rillaboom|def|1
|
|-heal|p1a: Rillaboom|76/100|[from] Grassy Terrain
|upkeep
|
|t:|1779936119
|switch|p2a: Raging Bolt|Raging Bolt|100/100
|-enditem|p2a: Raging Bolt|Booster Energy
|-activate|p2a: Raging Bolt|ability: Protosynthesis|[fromitem]
|-start|p2a: Raging Bolt|protosynthesisspa
|turn|6
|
|t:|1779936123
|move|p2a: Raging Bolt|Dragon Pulse|p1a: Rillaboom
|-damage|p1a: Rillaboom|39/100
|move|p1a: Rillaboom|High Horsepower|p2a: Raging Bolt|[miss]
|-miss|p1a: Rillaboom|p2a: Raging Bolt
|
|-heal|p1a: Rillaboom|45/100|[from] Grassy Terrain
|upkeep
|turn|7
|
|t:|1779936131
|switch|p1a: Clefable|Clefable, M|100/100
|-terastallize|p2a: Raging Bolt|Flying
|move|p2a: Raging Bolt|Dragon Pulse|p1a: Clefable
|-immune|p1a: Clefable
|
|-fieldend|move: Trick Room
|upkeep
|turn|8
|
|t:|1779936140
|move|p2a: Raging Bolt|Calm Mind|p2a: Raging Bolt
|-boost|p2a: Raging Bolt|spa|1
|-boost|p2a: Raging Bolt|spd|1
|move|p1a: Clefable|Calm Mind|p1a: Clefable
|-boost|p1a: Clefable|spa|1
|-boost|p1a: Clefable|spd|1
|
|-sideend|p1: Johnny tots|move: Light Screen
|upkeep
|turn|9
|
|t:|1779936142
|move|p2a: Raging Bolt|Thunderbolt|p1a: Clefable
|-damage|p1a: Clefable|37/100
|move|p1a: Clefable|Moonblast|p2a: Raging Bolt
|-damage|p2a: Raging Bolt|65/100
|
|-heal|p1a: Clefable|43/100|[from] Grassy Terrain
|-heal|p1a: Clefable|49/100|[from] item: Leftovers
|-sideend|p1: Johnny tots|Reflect
|upkeep
|turn|10
|
|t:|1779936150
|move|p2a: Raging Bolt|Thunderbolt|p1a: Clefable
|-damage|p1a: Clefable|0 fnt
|faint|p1a: Clefable
|
|-fieldend|move: Grassy Terrain
|upkeep
|
|t:|1779936163
|switch|p1a: Klefki|Klefki, M|31/100
|turn|11
|j| Hashg Skynyrd
|
|t:|1779936176
|move|p1a: Klefki|Light Screen|p1a: Klefki
|-sidestart|p1: Johnny tots|move: Light Screen
|move|p2a: Raging Bolt|Thunderbolt|p1a: Klefki
|-damage|p1a: Klefki|0 fnt
|faint|p1a: Klefki
|
|upkeep
|
|t:|1779936184
|switch|p1a: Maushold|Maushold-Four|100/100
|turn|12
|
|t:|1779936189
|move|p1a: Maushold|Population Bomb|p2a: Raging Bolt
|-damage|p2a: Raging Bolt|54/100
|-damage|p2a: Raging Bolt|45/100
|-damage|p2a: Raging Bolt|35/100
|-damage|p2a: Raging Bolt|25/100
|-damage|p2a: Raging Bolt|15/100
|-damage|p2a: Raging Bolt|5/100
|-damage|p2a: Raging Bolt|0 fnt
|faint|p2a: Raging Bolt
|-end|p2a: Raging Bolt|Protosynthesis|[silent]
|-hitcount|p2: Raging Bolt|7
|
|upkeep
|
|t:|1779936208
|switch|p2a: Mimikyu|Mimikyu, M|100/100
|turn|13
|
|t:|1779936216
|move|p1a: Maushold|Bite|p2a: Mimikyu
|-activate|p2a: Mimikyu|ability: Disguise
|-damage|p2a: Mimikyu|100/100
|detailschange|p2a: Mimikyu|Mimikyu-Busted, M
|-damage|p2a: Mimikyu|88/100|[from] pokemon: Mimikyu-Busted
|move|p2a: Mimikyu|Trick Room|p2a: Mimikyu
|-fieldstart|move: Trick Room|[of] p2a: Mimikyu
|
|upkeep
|turn|14
|
|t:|1779936228
|switch|p2a: Breloom|Breloom, M|100/100
|move|p1a: Maushold|Encore||[still]
|-fail|p1a: Maushold
|
|upkeep
|turn|15
|
|t:|1779936233
|switch|p1a: Rillaboom|Rillaboom, F|45/100
|-fieldstart|move: Grassy Terrain|[from] ability: Grassy Surge|[of] p1a: Rillaboom
|move|p2a: Breloom|Bullet Seed|p1a: Rillaboom
|-resisted|p1a: Rillaboom
|-crit|p1a: Rillaboom
|-damage|p1a: Rillaboom|23/100
|-resisted|p1a: Rillaboom
|-damage|p1a: Rillaboom|9/100
|-resisted|p1a: Rillaboom
|-damage|p1a: Rillaboom|0 fnt
|faint|p1a: Rillaboom
|-hitcount|p1: Rillaboom|3
|
|upkeep
|
|t:|1779936242
|switch|p1a: Maushold|Maushold-Four|100/100
|turn|16
|inactive|alexander90281 has 120 seconds left.
|
|t:|1779936282
|move|p2a: Breloom|Bullet Seed|p1a: Maushold
|-damage|p1a: Maushold|59/100
|-damage|p1a: Maushold|16/100
|-damage|p1a: Maushold|0 fnt
|faint|p1a: Maushold
|-hitcount|p1: Maushold|3
|
|upkeep
|
|t:|1779936284
|switch|p1a: Manaphy|Manaphy|100/100
|turn|17
|inactive|alexander90281 has 120 seconds left.
|
|t:|1779936296
|-terastallize|p1a: Manaphy|Grass
|move|p2a: Breloom|Bullet Seed|p1a: Manaphy
|-resisted|p1a: Manaphy
|-damage|p1a: Manaphy|89/100
|-resisted|p1a: Manaphy
|-damage|p1a: Manaphy|77/100
|-resisted|p1a: Manaphy
|-damage|p1a: Manaphy|64/100
|-resisted|p1a: Manaphy
|-damage|p1a: Manaphy|51/100
|-resisted|p1a: Manaphy
|-damage|p1a: Manaphy|39/100
|-hitcount|p1a: Manaphy|5
|move|p1a: Manaphy|Acid Armor|p1a: Manaphy
|-boost|p1a: Manaphy|def|2
|
|-heal|p1a: Manaphy|45/100|[from] Grassy Terrain
|-heal|p1a: Manaphy|52/100|[from] item: Leftovers
|-fieldend|move: Trick Room
|upkeep
|turn|18
|inactive|alexander90281 has 120 seconds left.
|
|t:|1779936313
|switch|p2a: Mimikyu|Mimikyu-Busted, M|88/100
|-heal|p2a: Mimikyu|100/100|[from] move: Healing Wish
|move|p1a: Manaphy|Acid Armor|p1a: Manaphy
|-boost|p1a: Manaphy|def|2
|
|-heal|p1a: Manaphy|58/100|[from] Grassy Terrain
|-heal|p1a: Manaphy|64/100|[from] item: Leftovers
|-sideend|p1: Johnny tots|move: Light Screen
|upkeep
|turn|19
|
|t:|1779936316
|move|p1a: Manaphy|Take Heart|p1a: Manaphy
|-boost|p1a: Manaphy|spa|1
|-boost|p1a: Manaphy|spd|1
|move|p2a: Mimikyu|Trick Room|p2a: Mimikyu
|-fieldstart|move: Trick Room|[of] p2a: Mimikyu
|
|-heal|p1a: Manaphy|70/100|[from] Grassy Terrain
|-heal|p1a: Manaphy|76/100|[from] item: Leftovers
|upkeep
|turn|20
|
|t:|1779936318
|move|p2a: Mimikyu|Curse|p1a: Manaphy
|-start|p1a: Manaphy|Curse|[of] p2a: Mimikyu
|-damage|p2a: Mimikyu|50/100
|move|p1a: Manaphy|Acid Armor|p1a: Manaphy
|-boost|p1a: Manaphy|def|2
|
|-heal|p2a: Mimikyu|57/100|[from] Grassy Terrain
|-heal|p1a: Manaphy|82/100|[from] Grassy Terrain
|-heal|p1a: Manaphy|88/100|[from] item: Leftovers
|-damage|p1a: Manaphy|63/100|[from] Curse
|upkeep
|turn|21
|
|t:|1779936324
|move|p2a: Mimikyu|Protect|p2a: Mimikyu
|-singleturn|p2a: Mimikyu|Protect
|move|p1a: Manaphy|Scald|p2a: Mimikyu
|-activate|p2a: Mimikyu|move: Protect
|
|-heal|p2a: Mimikyu|63/100|[from] Grassy Terrain
|-heal|p1a: Manaphy|69/100|[from] Grassy Terrain
|-heal|p1a: Manaphy|75/100|[from] item: Leftovers
|-damage|p1a: Manaphy|50/100|[from] Curse
|upkeep
|turn|22
|
|t:|1779936333
|switch|p1a: Ogerpon|Ogerpon-Wellspring, F|100/100
|move|p2a: Mimikyu|Play Rough|p1a: Ogerpon
|-damage|p1a: Ogerpon|63/100
|
|-heal|p2a: Mimikyu|69/100|[from] Grassy Terrain
|-heal|p1a: Ogerpon|69/100|[from] Grassy Terrain
|-fieldend|move: Grassy Terrain
|upkeep
|turn|23
|
|t:|1779936347
|move|p2a: Mimikyu|Curse|p1a: Ogerpon
|-start|p1a: Ogerpon|Curse|[of] p2a: Mimikyu
|-damage|p2a: Mimikyu|19/100
|move|p1a: Ogerpon|Swords Dance|p1a: Ogerpon
|-boost|p1a: Ogerpon|atk|2
|
|-damage|p1a: Ogerpon|44/100|[from] Curse
|-fieldend|move: Trick Room
|upkeep
|turn|24
|
|t:|1779936354
|move|p2a: Mimikyu|Protect|p2a: Mimikyu
|-singleturn|p2a: Mimikyu|Protect
|move|p1a: Ogerpon|Ivy Cudgel|p2a: Mimikyu|[anim] Ivy Cudgel Water
|-activate|p2a: Mimikyu|move: Protect
|
|-damage|p1a: Ogerpon|19/100|[from] Curse
|upkeep
|turn|25
|
|t:|1779936364
|move|p1a: Ogerpon|Ivy Cudgel|p2a: Mimikyu|[anim] Ivy Cudgel Water
|-damage|p2a: Mimikyu|0 fnt
|faint|p2a: Mimikyu
|
|-damage|p1a: Ogerpon|0 fnt|[from] Curse
|faint|p1a: Ogerpon
|upkeep
|
|t:|1779936371
|switch|p1a: Manaphy|Manaphy, tera:Grass|50/100
|switch|p2a: Breloom|Breloom, M|100/100
|turn|26
|
|t:|1779936375
|move|p1a: Manaphy|Acid Armor|p1a: Manaphy
|-boost|p1a: Manaphy|def|2
|move|p2a: Breloom|Bullet Seed|p1a: Manaphy
|-resisted|p1a: Manaphy
|-damage|p1a: Manaphy|45/100
|-resisted|p1a: Manaphy
|-damage|p1a: Manaphy|41/100
|-resisted|p1a: Manaphy
|-damage|p1a: Manaphy|36/100
|-resisted|p1a: Manaphy
|-damage|p1a: Manaphy|31/100
|-resisted|p1a: Manaphy
|-damage|p1a: Manaphy|26/100
|-hitcount|p1a: Manaphy|5
|
|-heal|p1a: Manaphy|33/100|[from] item: Leftovers
|upkeep
|turn|27
|
|t:|1779936383
|move|p1a: Manaphy|Scald|p2a: Breloom
|-resisted|p2a: Breloom
|-damage|p2a: Breloom|68/100
|-status|p2a: Breloom|brn
|move|p2a: Breloom|Swords Dance|p2a: Breloom
|-boost|p2a: Breloom|atk|2
|
|-heal|p1a: Manaphy|39/100|[from] item: Leftovers
|-damage|p2a: Breloom|62/100 brn|[from] brn
|upkeep
|turn|28
|
|t:|1779936389
|move|p1a: Manaphy|Acid Armor|p1a: Manaphy
|-boost|p1a: Manaphy|def|2
|move|p2a: Breloom|Bullet Seed|p1a: Manaphy
|-resisted|p1a: Manaphy
|-damage|p1a: Manaphy|36/100
|-resisted|p1a: Manaphy
|-damage|p1a: Manaphy|33/100
|-resisted|p1a: Manaphy
|-damage|p1a: Manaphy|29/100
|-resisted|p1a: Manaphy
|-damage|p1a: Manaphy|26/100
|-resisted|p1a: Manaphy
|-damage|p1a: Manaphy|23/100
|-hitcount|p1a: Manaphy|5
|
|-heal|p1a: Manaphy|29/100|[from] item: Leftovers
|-damage|p2a: Breloom|56/100 brn|[from] brn
|upkeep
|turn|29
|
|t:|1779936393
|move|p2a: Breloom|Mach Punch|p1a: Manaphy
|-damage|p1a: Manaphy|18/100
|move|p1a: Manaphy|Acid Armor|p1a: Manaphy
|-boost|p1a: Manaphy|def|2
|
|-heal|p1a: Manaphy|25/100|[from] item: Leftovers
|-damage|p2a: Breloom|50/100 brn|[from] brn
|upkeep
|turn|30
|
|t:|1779936399
|move|p1a: Manaphy|Take Heart|p1a: Manaphy
|-boost|p1a: Manaphy|spa|1
|-boost|p1a: Manaphy|spd|1
|move|p2a: Breloom|Bullet Seed|p1a: Manaphy
|-resisted|p1a: Manaphy
|-damage|p1a: Manaphy|22/100
|-resisted|p1a: Manaphy
|-damage|p1a: Manaphy|20/100
|-resisted|p1a: Manaphy
|-damage|p1a: Manaphy|17/100
|-resisted|p1a: Manaphy
|-damage|p1a: Manaphy|15/100
|-resisted|p1a: Manaphy
|-damage|p1a: Manaphy|13/100
|-hitcount|p1a: Manaphy|5
|
|-heal|p1a: Manaphy|19/100|[from] item: Leftovers
|-damage|p2a: Breloom|44/100 brn|[from] brn
|upkeep
|turn|31
|
|t:|1779936408
|move|p1a: Manaphy|Scald|p2a: Breloom
|-resisted|p2a: Breloom
|-damage|p2a: Breloom|2/100 brn
|move|p2a: Breloom|Bullet Seed|p1a: Manaphy
|-resisted|p1a: Manaphy
|-damage|p1a: Manaphy|17/100
|-resisted|p1a: Manaphy
|-damage|p1a: Manaphy|14/100
|-resisted|p1a: Manaphy
|-damage|p1a: Manaphy|12/100
|-resisted|p1a: Manaphy
|-damage|p1a: Manaphy|10/100
|-hitcount|p1a: Manaphy|4
|
|-heal|p1a: Manaphy|16/100|[from] item: Leftovers
|-damage|p2a: Breloom|0 fnt|[from] brn
|faint|p2a: Breloom
|upkeep
|
|t:|1779936416
|switch|p2a: Kingambit|Kingambit, M|100/100
|-activate|p2a: Kingambit|ability: Supreme Overlord
|-start|p2a: Kingambit|fallen4|[silent]
|turn|32
|
|t:|1779936421
|-end|p2a: Kingambit|fallen4|[silent]
|switch|p2a: Ursaluna|Ursaluna, F|100/100
|move|p1a: Manaphy|Scald|p2a: Ursaluna
|-supereffective|p2a: Ursaluna
|-damage|p2a: Ursaluna|8/100
|-status|p2a: Ursaluna|brn
|
|-heal|p1a: Manaphy|22/100|[from] item: Leftovers
|-damage|p2a: Ursaluna|1/100 brn|[from] brn
|upkeep
|turn|33
|
|t:|1779936427
|move|p1a: Manaphy|Scald|p2a: Ursaluna
|-supereffective|p2a: Ursaluna
|-damage|p2a: Ursaluna|0 fnt
|faint|p2a: Ursaluna
|
|-heal|p1a: Manaphy|28/100|[from] item: Leftovers
|upkeep
|
|t:|1779936428
|switch|p2a: Kingambit|Kingambit, M|100/100
|-activate|p2a: Kingambit|ability: Supreme Overlord
|-start|p2a: Kingambit|fallen5|[silent]
|turn|34
|
|t:|1779936433
|move|p1a: Manaphy|Scald|p2a: Kingambit
|-damage|p2a: Kingambit|43/100
|move|p2a: Kingambit|Kowtow Cleave|p1a: Manaphy
|-damage|p1a: Manaphy|8/100
|
|-heal|p1a: Manaphy|14/100|[from] item: Leftovers
|upkeep
|turn|35
|
|t:|1779936440
|move|p1a: Manaphy|Scald|p2a: Kingambit
|-damage|p2a: Kingambit|0 fnt
|faint|p2a: Kingambit
|-end|p2a: Kingambit|fallen5|[silent]
|
|win|Johnny tots
|raw|Johnny tots's rating: 1748 &rarr; <strong>1765</strong><br />(+17 for winning)
|raw|alexander90281's rating: 1703 &rarr; <strong>1686</strong><br />(-17 for losing)
|l|☆alexander90281
|player|p2|
|l|☆Johnny tots
|player|p1|
|l| Hashg Skynyrd
