|j|☆claudechamp
|j|☆Mjolnir33
|t:|1779852349
|gametype|singles
|player|p1|claudechamp|169|1218
|player|p2|Mjolnir33|266|1264
|gen|9
|tier|[Gen 9] OU
|rated|
|rule|HP Percentage Mod: HP is shown in percentages
|rule|Endless Battle Clause: Forcing endless battles is banned
|rule|Species Clause: Limit one of each Pokémon
|rule|OHKO Clause: OHKO moves are banned
|rule|Evasion Items Clause: Evasion items are banned
|rule|Evasion Moves Clause: Evasion moves are banned
|rule|Evasion Abilities Clause: Evasion abilities are banned
|rule|Sleep Moves Clause: Sleep-inducing moves are banned
|clearpoke
|poke|p1|Gliscor, F|
|poke|p1|Gholdengo|
|poke|p1|Zamazenta-*|
|poke|p1|Blissey, F|
|poke|p1|Skarmory, M|
|poke|p1|Pecharunt|
|poke|p2|Magmar, F|
|poke|p2|Rillaboom, M|
|poke|p2|Clodsire, F|
|poke|p2|Hatterene, F|
|poke|p2|Slowking, F|
|poke|p2|Kyurem|
|teampreview
|c|☆claudechamp|hf
|inactive|Battle timer is ON: inactive players will automatically lose when time's up. (requested by claudechamp)
|j| dlflf
|
|t:|1779852356
|teamsize|p1|6
|teamsize|p2|6
|start
|switch|p1a: Skarmory|Skarmory, M|100/100
|switch|p2a: Slowking|Slowking, F, shiny|100/100
|turn|1
|l| dlflf
|
|t:|1779852375
|move|p1a: Skarmory|Spikes|p2a: Slowking
|-sidestart|p2: Mjolnir33|Spikes
|move|p2a: Slowking|Scald|p1a: Skarmory
|-damage|p1a: Skarmory|57/100
|
|upkeep
|turn|2
|
|t:|1779852389
|switch|p1a: Blissey|Blissey, F|100/100
|move|p2a: Slowking|Reflect|p2a: Slowking
|-sidestart|p2: Mjolnir33|Reflect
|
|upkeep
|turn|3
|
|t:|1779852399
|move|p1a: Blissey|Stealth Rock|p2a: Slowking
|-sidestart|p2: Mjolnir33|move: Stealth Rock
|-prepare|p2a: Slowking|Chilly Reception|[premajor]
|move|p2a: Slowking|Chilly Reception|p2a: Slowking
|-weather|Snowscape
|
|t:|1779852413
|switch|p2a: Clodsire|Clodsire, F, shiny|100/100|[from] Chilly Reception
|-damage|p2a: Clodsire|88/100|[from] Spikes
|-damage|p2a: Clodsire|82/100|[from] Stealth Rock
|
|-weather|Snowscape|[upkeep]
|-heal|p2a: Clodsire|88/100|[from] item: Black Sludge
|upkeep
|turn|4
|
|t:|1779852417
|switch|p1a: Gliscor|Gliscor, F|100/100
|move|p2a: Clodsire|Stealth Rock|p1a: Gliscor
|-sidestart|p1: claudechamp|move: Stealth Rock
|
|-weather|Snowscape|[upkeep]
|-heal|p2a: Clodsire|94/100|[from] item: Black Sludge
|-status|p1a: Gliscor|tox|[from] item: Toxic Orb
|upkeep
|turn|5
|
|t:|1779852429
|switch|p2a: Slowking|Slowking, F, shiny|100/100
|move|p1a: Gliscor|Earthquake|p2a: Slowking
|-damage|p2a: Slowking|84/100
|
|-weather|Snowscape|[upkeep]
|upkeep
|turn|6
|
|t:|1779852445
|move|p1a: Gliscor|Swords Dance|p1a: Gliscor
|-boost|p1a: Gliscor|atk|2
|move|p2a: Slowking|Future Sight|p1a: Gliscor
|-start|p2a: Slowking|move: Future Sight
|
|-weather|Snowscape|[upkeep]
|-sideend|p2: Mjolnir33|Reflect
|upkeep
|turn|7
|
|t:|1779852457
|switch|p2a: Magmar|Magmar, F, shiny|100/100
|-damage|p2a: Magmar|88/100|[from] Spikes
|-damage|p2a: Magmar|63/100|[from] Stealth Rock
|move|p1a: Gliscor|Earthquake|p2a: Magmar
|-supereffective|p2a: Magmar
|-damage|p2a: Magmar|0 fnt
|faint|p2a: Magmar
|
|-weather|none
|upkeep
|
|t:|1779852466
|switch|p2a: Rillaboom|Rillaboom, M, shiny|100/100
|-damage|p2a: Rillaboom|88/100|[from] Spikes
|-damage|p2a: Rillaboom|76/100|[from] Stealth Rock
|-fieldstart|move: Grassy Terrain|[from] ability: Grassy Surge|[of] p2a: Rillaboom
|turn|8
|
|t:|1779852474
|move|p1a: Gliscor|Knock Off|p2a: Rillaboom
|-damage|p2a: Rillaboom|34/100
|-enditem|p2a: Rillaboom|Choice Band|[from] move: Knock Off|[of] p1a: Gliscor
|move|p2a: Rillaboom|Knock Off|p1a: Gliscor
|-damage|p1a: Gliscor|71/100 tox
|-enditem|p1a: Gliscor|Toxic Orb|[from] move: Knock Off|[of] p2a: Rillaboom
|
|-end|p1a: Gliscor|move: Future Sight
|-damage|p1a: Gliscor|29/100 tox
|-heal|p2a: Rillaboom|40/100|[from] Grassy Terrain
|-heal|p1a: Gliscor|42/100 tox|[from] ability: Poison Heal
|upkeep
|turn|9
|
|t:|1779852484
|move|p2a: Rillaboom|Grassy Glide|p1a: Gliscor
|-damage|p1a: Gliscor|7/100 tox
|move|p1a: Gliscor|Knock Off|p2a: Rillaboom
|-damage|p2a: Rillaboom|14/100
|
|-heal|p2a: Rillaboom|20/100|[from] Grassy Terrain
|-heal|p1a: Gliscor|19/100 tox|[from] ability: Poison Heal
|upkeep
|turn|10
|
|t:|1779852489
|switch|p1a: Pecharunt|Pecharunt|100/100
|move|p2a: Rillaboom|Grassy Glide|p1a: Pecharunt
|-resisted|p1a: Pecharunt
|-crit|p1a: Pecharunt
|-damage|p1a: Pecharunt|87/100
|
|-heal|p1a: Pecharunt|93/100|[from] Grassy Terrain
|-heal|p2a: Rillaboom|26/100|[from] Grassy Terrain
|upkeep
|turn|11
|
|t:|1779852494
|move|p1a: Pecharunt|Shadow Ball|p2a: Rillaboom
|-damage|p2a: Rillaboom|0 fnt
|faint|p2a: Rillaboom
|
|-heal|p1a: Pecharunt|99/100|[from] Grassy Terrain
|upkeep
|
|t:|1779852499
|switch|p2a: Clodsire|Clodsire, F, shiny|94/100
|-damage|p2a: Clodsire|82/100|[from] Spikes
|-damage|p2a: Clodsire|75/100|[from] Stealth Rock
|turn|12
|
|t:|1779852514
|move|p1a: Pecharunt|Parting Shot|p2a: Clodsire
|-unboost|p2a: Clodsire|atk|1
|-unboost|p2a: Clodsire|spa|1
|
|t:|1779852520
|switch|p1a: Gliscor|Gliscor, F|19/100 tox|[from] Parting Shot
|-damage|p1a: Gliscor|7/100 tox|[from] Stealth Rock
|move|p2a: Clodsire|Earthquake|p1a: Gliscor
|-immune|p1a: Gliscor
|
|-heal|p2a: Clodsire|82/100|[from] Grassy Terrain
|-heal|p2a: Clodsire|88/100|[from] item: Black Sludge
|-heal|p1a: Gliscor|19/100 tox|[from] ability: Poison Heal
|-fieldend|move: Grassy Terrain
|upkeep
|turn|13
|
|t:|1779852531
|switch|p2a: Slowking|Slowking, F, shiny|100/100
|move|p1a: Gliscor|Earthquake|p2a: Slowking
|-damage|p2a: Slowking|65/100
|
|-heal|p1a: Gliscor|32/100 tox|[from] ability: Poison Heal
|upkeep
|turn|14
|
|t:|1779852538
|-terastallize|p1a: Gliscor|Dark
|move|p1a: Gliscor|Knock Off|p2a: Slowking
|-supereffective|p2a: Slowking
|-damage|p2a: Slowking|4/100
|-enditem|p2a: Slowking|Heavy-Duty Boots|[from] move: Knock Off|[of] p1a: Gliscor
|move|p2a: Slowking|Scald|p1a: Gliscor
|-damage|p1a: Gliscor|5/100 tox
|
|-heal|p1a: Gliscor|18/100 tox|[from] ability: Poison Heal
|upkeep
|turn|15
|
|t:|1779852557
|move|p1a: Gliscor|Earthquake|p2a: Slowking
|-damage|p2a: Slowking|0 fnt
|faint|p2a: Slowking
|
|-heal|p1a: Gliscor|30/100 tox|[from] ability: Poison Heal
|upkeep
|
|t:|1779852563
|switch|p2a: Kyurem|Kyurem, shiny|100/100
|-damage|p2a: Kyurem|88/100|[from] Spikes
|-damage|p2a: Kyurem|63/100|[from] Stealth Rock
|-ability|p2a: Kyurem|Pressure
|turn|16
|
|t:|1779852572
|move|p1a: Gliscor|Protect|p1a: Gliscor
|-singleturn|p1a: Gliscor|Protect
|move|p2a: Kyurem|Dragon Dance|p2a: Kyurem
|-boost|p2a: Kyurem|atk|1
|-boost|p2a: Kyurem|spe|1
|
|-heal|p1a: Gliscor|43/100 tox|[from] ability: Poison Heal
|upkeep
|turn|17
|
|t:|1779852577
|switch|p1a: Zamazenta|Zamazenta|100/100
|-ability|p1a: Zamazenta|Dauntless Shield|boost
|-boost|p1a: Zamazenta|def|1
|move|p2a: Kyurem|Blizzard|p1a: Zamazenta
|-damage|p1a: Zamazenta|18/100
|-damage|p2a: Kyurem|53/100|[from] item: Life Orb
|
|upkeep
|turn|18
|
|t:|1779852588
|move|p2a: Kyurem|Breaking Swipe|p1a: Zamazenta
|-damage|p1a: Zamazenta|0 fnt
|faint|p1a: Zamazenta
|-damage|p2a: Kyurem|43/100|[from] item: Life Orb
|
|upkeep
|
|t:|1779852591
|switch|p1a: Gholdengo|Gholdengo|100/100
|-damage|p1a: Gholdengo|94/100|[from] Stealth Rock
|turn|19
|
|t:|1779852604
|-terastallize|p2a: Kyurem|Ice
|move|p2a: Kyurem|Blizzard|p1a: Gholdengo|[miss]
|-miss|p2a: Kyurem|p1a: Gholdengo
|move|p1a: Gholdengo|Hex|p2a: Kyurem
|-damage|p2a: Kyurem|18/100
|
|upkeep
|turn|20
|
|t:|1779852612
|move|p2a: Kyurem|Blizzard|p1a: Gholdengo
|-resisted|p1a: Gholdengo
|-damage|p1a: Gholdengo|45/100
|-damage|p2a: Kyurem|8/100|[from] item: Life Orb
|move|p1a: Gholdengo|Hex|p2a: Kyurem
|-damage|p2a: Kyurem|0 fnt
|faint|p2a: Kyurem
|
|upkeep
|
|t:|1779852619
|switch|p2a: Hatterene|Hatterene, F, shiny|100/100
|-damage|p2a: Hatterene|88/100|[from] Spikes
|-damage|p2a: Hatterene|76/100|[from] Stealth Rock
|turn|21
|
|t:|1779852625
|switch|p1a: Gliscor|Gliscor, F, tera:Dark|43/100 tox
|-damage|p1a: Gliscor|30/100 tox|[from] Stealth Rock
|switch|p2a: Clodsire|Clodsire, F, shiny|88/100
|-damage|p2a: Clodsire|75/100|[from] Spikes
|-damage|p2a: Clodsire|69/100|[from] Stealth Rock
|
|-heal|p2a: Clodsire|75/100|[from] item: Black Sludge
|-heal|p1a: Gliscor|43/100 tox|[from] ability: Poison Heal
|upkeep
|turn|22
|-message|Mjolnir33 forfeited.
|
|win|claudechamp
|raw|claudechamp's rating: 1276 &rarr; <strong>1300</strong><br />(+24 for winning)
|raw|Mjolnir33's rating: 1264 &rarr; <strong>1240</strong><br />(-24 for losing)
|c|☆claudechamp|gg
|l|☆Mjolnir33
|player|p2|
