|j|☆xmati
|j|☆claudechamp
|t:|1779888359
|gametype|singles
|player|p1|xmati|169|1153
|player|p2|claudechamp|169|1208
|gen|9
|tier|[Gen 9] OU
|rated|
|rule|HP Percentage Mod: HP is shown in percentages
|rule|Endless Battle Clause: Forcing endless battles is banned
|rule|Species Clause: Limit one of each Pokémon
|rule|OHKO Clause: OHKO moves are banned
|rule|Evasion Items Clause: Evasion items are banned
|rule|Evasion Moves Clause: Evasion moves are banned
|rule|Evasion Abilities Clause: Evasion abilities are banned
|rule|Sleep Moves Clause: Sleep-inducing moves are banned
|clearpoke
|poke|p1|Alomomola, M|
|poke|p1|Gliscor, F|
|poke|p1|Corviknight, F|
|poke|p1|Forretress, F|
|poke|p1|Slowking-Galar, M|
|poke|p1|Wo-Chien|
|poke|p2|Gliscor, M|
|poke|p2|Ogerpon, F|
|poke|p2|Walking Wake|
|poke|p2|Blissey, F|
|poke|p2|Corviknight, F|
|poke|p2|Pecharunt|
|teampreview
|c|☆claudechamp|hf
|inactive|Battle timer is ON: inactive players will automatically lose when time's up. (requested by claudechamp)
|
|t:|1779888375
|teamsize|p1|6
|teamsize|p2|6
|start
|switch|p1a: Wo-Chien|Wo-Chien|100/100
|switch|p2a: Gliscor|Gliscor, M|100/100
|-ability|p1a: Wo-Chien|Tablets of Ruin
|turn|1
|
|t:|1779888386
|switch|p1a: Slowking|Slowking-Galar, M|100/100
|move|p2a: Gliscor|Spikes|p1a: Slowking
|-sidestart|p1: xmati|Spikes
|
|-status|p2a: Gliscor|tox|[from] item: Toxic Orb
|upkeep
|turn|2
|
|t:|1779888392
|move|p2a: Gliscor|Spikes|p1a: Slowking
|-sidestart|p1: xmati|Spikes
|move|p1a: Slowking|Whirlpool|p2a: Gliscor
|-supereffective|p2a: Gliscor
|-damage|p2a: Gliscor|84/100 tox
|-activate|p2a: Gliscor|move: Whirlpool|[of] p1a: Slowking
|
|-heal|p2a: Gliscor|97/100 tox|[from] ability: Poison Heal
|-damage|p2a: Gliscor|84/100 tox|[from] move: Whirlpool|[partiallytrapped]
|upkeep
|turn|3
|
|t:|1779888398
|move|p2a: Gliscor|Spikes|p1a: Slowking
|-sidestart|p1: xmati|Spikes
|move|p1a: Slowking|Whirlpool|p2a: Gliscor
|-supereffective|p2a: Gliscor
|-damage|p2a: Gliscor|70/100 tox
|
|-heal|p2a: Gliscor|82/100 tox|[from] ability: Poison Heal
|-damage|p2a: Gliscor|70/100 tox|[from] move: Whirlpool|[partiallytrapped]
|upkeep
|turn|4
|
|t:|1779888409
|move|p2a: Gliscor|Earthquake|p1a: Slowking
|-supereffective|p1a: Slowking
|-damage|p1a: Slowking|47/100
|move|p1a: Slowking|Whirlpool|p2a: Gliscor
|-supereffective|p2a: Gliscor
|-damage|p2a: Gliscor|54/100 tox
|
|-heal|p1a: Slowking|53/100|[from] item: Leftovers
|-heal|p2a: Gliscor|66/100 tox|[from] ability: Poison Heal
|-damage|p2a: Gliscor|54/100 tox|[from] move: Whirlpool|[partiallytrapped]
|upkeep
|turn|5
|
|t:|1779888412
|switch|p1a: Forretress|Forretress, F|100/100
|-damage|p1a: Forretress|76/100|[from] Spikes
|move|p2a: Gliscor|Earthquake|p1a: Forretress
|-damage|p1a: Forretress|54/100
|
|-heal|p1a: Forretress|60/100|[from] item: Leftovers
|-heal|p2a: Gliscor|66/100 tox|[from] ability: Poison Heal
|-end|p2a: Gliscor|Whirlpool|[partiallytrapped]|[silent]
|upkeep
|turn|6
|
|t:|1779888419
|-terastallize|p2a: Gliscor|Ghost
|move|p2a: Gliscor|Earthquake|p1a: Forretress
|-damage|p1a: Forretress|39/100
|move|p1a: Forretress|Rapid Spin|p2a: Gliscor
|-immune|p2a: Gliscor
|
|-heal|p1a: Forretress|45/100|[from] item: Leftovers
|-heal|p2a: Gliscor|78/100 tox|[from] ability: Poison Heal
|upkeep
|turn|7
|
|t:|1779888427
|switch|p1a: Gliscor|Gliscor, F|100/100
|move|p2a: Gliscor|Earthquake|p1a: Gliscor
|-immune|p1a: Gliscor
|
|-heal|p2a: Gliscor|91/100 tox|[from] ability: Poison Heal
|-status|p1a: Gliscor|tox|[from] item: Toxic Orb
|upkeep
|turn|8
|
|t:|1779888436
|switch|p2a: Walking Wake|Walking Wake|100/100
|move|p1a: Gliscor|Earthquake|p2a: Walking Wake
|-damage|p2a: Walking Wake|68/100
|
|upkeep
|turn|9
|
|t:|1779888442
|move|p2a: Walking Wake|Surf|p1a: Gliscor
|-supereffective|p1a: Gliscor
|-damage|p1a: Gliscor|12/100 tox
|move|p1a: Gliscor|Toxic|p2a: Walking Wake
|-status|p2a: Walking Wake|tox
|
|-damage|p2a: Walking Wake|62/100 tox|[from] psn
|-heal|p1a: Gliscor|24/100 tox|[from] ability: Poison Heal
|upkeep
|turn|10
|
|t:|1779888455
|switch|p1a: Wo-Chien|Wo-Chien|100/100
|-damage|p1a: Wo-Chien|76/100|[from] Spikes
|-ability|p1a: Wo-Chien|Tablets of Ruin
|move|p2a: Walking Wake|Surf|p1a: Wo-Chien
|-resisted|p1a: Wo-Chien
|-damage|p1a: Wo-Chien|64/100
|
|-heal|p1a: Wo-Chien|70/100|[from] item: Leftovers
|-damage|p2a: Walking Wake|50/100 tox|[from] psn
|upkeep
|turn|11
|
|t:|1779888462
|-end|p2a: Walking Wake|Protosynthesis|[silent]
|switch|p2a: Blissey|Blissey, F|100/100
|move|p1a: Wo-Chien|Leech Seed|p2a: Blissey
|-start|p2a: Blissey|move: Leech Seed
|
|-heal|p1a: Wo-Chien|76/100|[from] item: Leftovers
|-damage|p2a: Blissey|88/100|[from] Leech Seed|[of] p1a: Wo-Chien
|-heal|p1a: Wo-Chien|98/100|[silent]
|upkeep
|turn|12
|
|t:|1779888476
|move|p1a: Wo-Chien|Ruination|p2a: Blissey
|-damage|p2a: Blissey|44/100
|move|p2a: Blissey|Stealth Rock|p1a: Wo-Chien
|-sidestart|p1: xmati|move: Stealth Rock
|
|-heal|p1a: Wo-Chien|100/100|[from] item: Leftovers
|-damage|p2a: Blissey|32/100|[from] Leech Seed|[of] p1a: Wo-Chien
|upkeep
|turn|13
|
|t:|1779888487
|move|p1a: Wo-Chien|Ruination|p2a: Blissey
|-damage|p2a: Blissey|16/100
|move|p2a: Blissey|Soft-Boiled|p2a: Blissey
|-heal|p2a: Blissey|66/100
|
|-damage|p2a: Blissey|54/100|[from] Leech Seed|[of] p1a: Wo-Chien
|upkeep
|turn|14
|
|t:|1779888494
|switch|p1a: Forretress|Forretress, F|45/100
|-damage|p1a: Forretress|20/100|[from] Spikes
|-damage|p1a: Forretress|8/100|[from] Stealth Rock
|move|p2a: Blissey|Soft-Boiled|p2a: Blissey
|-heal|p2a: Blissey|100/100
|
|-heal|p1a: Forretress|14/100|[from] item: Leftovers
|-damage|p2a: Blissey|88/100|[from] Leech Seed|[of] p1a: Forretress
|-heal|p1a: Forretress|37/100|[silent]
|upkeep
|turn|15
|
|t:|1779888501
|switch|p2a: Pecharunt|Pecharunt|100/100
|move|p1a: Forretress|Rapid Spin|p2a: Pecharunt
|-immune|p2a: Pecharunt
|
|-heal|p1a: Forretress|43/100|[from] item: Leftovers
|upkeep
|turn|16
|
|t:|1779888507
|move|p2a: Pecharunt|Foul Play|p1a: Forretress
|-damage|p1a: Forretress|30/100
|move|p1a: Forretress|Stealth Rock|p2a: Pecharunt
|-sidestart|p2: claudechamp|move: Stealth Rock
|
|-heal|p1a: Forretress|36/100|[from] item: Leftovers
|upkeep
|turn|17
|
|t:|1779888515
|switch|p1a: Alomomola|Alomomola, M|100/100
|-damage|p1a: Alomomola|76/100|[from] Spikes
|-damage|p1a: Alomomola|63/100|[from] Stealth Rock
|move|p2a: Pecharunt|Foul Play|p1a: Alomomola
|-damage|p1a: Alomomola|54/100
|
|-heal|p1a: Alomomola|60/100|[from] item: Leftovers
|upkeep
|turn|18
|
|t:|1779888524
|move|p2a: Pecharunt|Malignant Chain|p1a: Alomomola
|-damage|p1a: Alomomola|32/100
|move|p1a: Alomomola|Wish|p1a: Alomomola
|
|-heal|p1a: Alomomola|39/100|[from] item: Leftovers
|upkeep
|turn|19
|
|t:|1779888530
|switch|p1a: Forretress|Forretress, F|36/100
|-damage|p1a: Forretress|11/100|[from] Spikes
|-damage|p1a: Forretress|0 fnt|[from] Stealth Rock
|faint|p1a: Forretress
|move|p2a: Pecharunt|Malignant Chain|p1: Forretress|[notarget]
|-fail|p2a: Pecharunt
|
|upkeep
|
|t:|1779888537
|switch|p1a: Gliscor|Gliscor, F|24/100 tox
|-damage|p1a: Gliscor|12/100 tox|[from] Stealth Rock
|turn|20
|-message|xmati forfeited.
|
|win|claudechamp
|raw|xmati's rating: 1153 &rarr; <strong>1131</strong><br />(-22 for losing)
|raw|claudechamp's rating: 1190 &rarr; <strong>1212</strong><br />(+22 for winning)
|c|☆claudechamp|gg
|l|☆xmati
|player|p1|
