|j|☆chrovalis
|j|☆imecaphair
|t:|1779803580
|gametype|singles
|player|p1|chrovalis|ethan|1133
|player|p2|imecaphair|2|1093
|gen|9
|tier|[Gen 9] OU
|rated|
|rule|HP Percentage Mod: HP is shown in percentages
|rule|Endless Battle Clause: Forcing endless battles is banned
|rule|Species Clause: Limit one of each Pokémon
|rule|OHKO Clause: OHKO moves are banned
|rule|Evasion Items Clause: Evasion items are banned
|rule|Evasion Moves Clause: Evasion moves are banned
|rule|Evasion Abilities Clause: Evasion abilities are banned
|rule|Sleep Moves Clause: Sleep-inducing moves are banned
|clearpoke
|poke|p1|Arcanine, M|
|poke|p1|Decidueye, M|
|poke|p1|Rotom-Wash|
|poke|p1|Umbreon, F|
|poke|p1|Corviknight, F|
|poke|p1|Garchomp, F|
|poke|p2|Garganacl, F|
|poke|p2|Iron Treads|
|poke|p2|Sableye, F|
|poke|p2|Armarouge, M|
|poke|p2|Walking Wake|
|poke|p2|Clefable, M|
|teampreview
|inactive|Battle timer is ON: inactive players will automatically lose when time's up. (requested by chrovalis)
|
|t:|1779803593
|teamsize|p1|6
|teamsize|p2|6
|start
|switch|p1a: Decidueye|Decidueye, M, shiny|100/100
|switch|p2a: Iron Treads|Iron Treads|100/100
|-enditem|p2a: Iron Treads|Booster Energy
|-activate|p2a: Iron Treads|ability: Quark Drive|[fromitem]
|-start|p2a: Iron Treads|quarkdrivespe
|turn|1
|
|t:|1779803604
|move|p2a: Iron Treads|Rock Slide|p1a: Decidueye
|-damage|p1a: Decidueye|67/100
|move|p1a: Decidueye|Swords Dance|p1a: Decidueye
|-boost|p1a: Decidueye|atk|2
|
|upkeep
|turn|2
|
|t:|1779803611
|move|p2a: Iron Treads|Earthquake|p1a: Decidueye
|-resisted|p1a: Decidueye
|-damage|p1a: Decidueye|34/100
|move|p1a: Decidueye|Leaf Blade|p2a: Iron Treads
|-crit|p2a: Iron Treads
|-damage|p2a: Iron Treads|0 fnt
|faint|p2a: Iron Treads
|-end|p2a: Iron Treads|Quark Drive|[silent]
|
|upkeep
|
|t:|1779803626
|switch|p2a: Clefable|Clefable, M|100/100
|turn|3
|
|t:|1779803632
|move|p1a: Decidueye|Spirit Shackle|p2a: Clefable
|-damage|p2a: Clefable|43/100
|-activate|p2a: Clefable|trapped
|move|p2a: Clefable|Ice Beam|p1a: Decidueye
|-supereffective|p1a: Decidueye
|-damage|p1a: Decidueye|0 fnt
|faint|p1a: Decidueye
|
|upkeep
|
|t:|1779803648
|switch|p1a: Umbreon|Umbreon, F|100/100
|turn|4
|
|t:|1779803657
|move|p1a: Umbreon|Snarl|p2a: Clefable
|-resisted|p2a: Clefable
|-crit|p2a: Clefable
|-damage|p2a: Clefable|33/100
|-unboost|p2a: Clefable|spa|1
|move|p2a: Clefable|Thunderbolt|p1a: Umbreon
|-damage|p1a: Umbreon|90/100
|-status|p1a: Umbreon|par
|
|-heal|p1a: Umbreon|96/100 par|[from] item: Leftovers
|upkeep
|turn|5
|
|t:|1779803670
|move|p2a: Clefable|Moonlight|p2a: Clefable
|-heal|p2a: Clefable|83/100
|move|p1a: Umbreon|Snarl|p2a: Clefable
|-resisted|p2a: Clefable
|-damage|p2a: Clefable|77/100
|-unboost|p2a: Clefable|spa|1
|
|-heal|p1a: Umbreon|100/100 par|[from] item: Leftovers
|upkeep
|turn|6
|
|t:|1779803684
|switch|p2a: Garganacl|Garganacl, F|100/100
|move|p1a: Umbreon|Snarl|p2a: Garganacl
|-damage|p2a: Garganacl|92/100
|
|-heal|p2a: Garganacl|98/100|[from] item: Leftovers
|upkeep
|turn|7
|
|t:|1779803693
|move|p2a: Garganacl|Iron Defense|p2a: Garganacl
|-boost|p2a: Garganacl|def|2
|move|p1a: Umbreon|Foul Play|p2a: Garganacl
|-damage|p2a: Garganacl|86/100
|
|-heal|p2a: Garganacl|92/100|[from] item: Leftovers
|upkeep
|turn|8
|
|t:|1779803705
|switch|p1a: Garchomp|Garchomp, F|100/100
|move|p2a: Garganacl|Body Press|p1a: Garchomp
|-damage|p1a: Garchomp|56/100
|-damage|p2a: Garganacl|80/100|[from] ability: Rough Skin|[of] p1a: Garchomp
|
|-heal|p2a: Garganacl|86/100|[from] item: Leftovers
|upkeep
|turn|9
|
|t:|1779803716
|move|p1a: Garchomp|Earthquake|p2a: Garganacl
|-supereffective|p2a: Garganacl
|-damage|p2a: Garganacl|53/100
|move|p2a: Garganacl|Iron Defense|p2a: Garganacl
|-boost|p2a: Garganacl|def|2
|
|-heal|p2a: Garganacl|59/100|[from] item: Leftovers
|upkeep
|turn|10
|
|t:|1779803725
|switch|p1a: Rotom|Rotom-Wash, shiny|100/100
|move|p2a: Garganacl|Body Press|p1a: Rotom
|-damage|p1a: Rotom|42/100
|
|-heal|p1a: Rotom|49/100|[from] item: Leftovers
|-heal|p2a: Garganacl|66/100|[from] item: Leftovers
|upkeep
|turn|11
|
|t:|1779803737
|move|p1a: Rotom|Hydro Pump|p2a: Garganacl
|-supereffective|p2a: Garganacl
|-damage|p2a: Garganacl|10/100
|move|p2a: Garganacl|Recover|p2a: Garganacl
|-heal|p2a: Garganacl|60/100
|
|-heal|p1a: Rotom|55/100|[from] item: Leftovers
|-heal|p2a: Garganacl|66/100|[from] item: Leftovers
|upkeep
|turn|12
|
|t:|1779803746
|move|p1a: Rotom|Will-O-Wisp|p2a: Garganacl
|-status|p2a: Garganacl|brn
|move|p2a: Garganacl|Recover|p2a: Garganacl
|-heal|p2a: Garganacl|100/100 brn
|
|-heal|p1a: Rotom|61/100|[from] item: Leftovers
|-damage|p2a: Garganacl|94/100 brn|[from] brn
|upkeep
|turn|13
|
|t:|1779803756
|move|p1a: Rotom|Hydro Pump|p2a: Garganacl|[miss]
|-miss|p1a: Rotom|p2a: Garganacl
|move|p2a: Garganacl|Body Press|p1a: Rotom
|-damage|p1a: Rotom|32/100
|
|-heal|p1a: Rotom|39/100|[from] item: Leftovers
|-heal|p2a: Garganacl|100/100 brn|[from] item: Leftovers
|-damage|p2a: Garganacl|94/100 brn|[from] brn
|upkeep
|turn|14
|
|t:|1779803766
|move|p1a: Rotom|Pain Split|p2a: Garganacl
|-sethp|p2a: Garganacl|62/100 brn|[from] move: Pain Split|[silent]
|-sethp|p1a: Rotom|82/100|[from] move: Pain Split
|move|p2a: Garganacl|Body Press|p1a: Rotom
|-damage|p1a: Rotom|54/100
|
|-heal|p1a: Rotom|61/100|[from] item: Leftovers
|-heal|p2a: Garganacl|68/100 brn|[from] item: Leftovers
|-damage|p2a: Garganacl|62/100 brn|[from] brn
|upkeep
|turn|15
|
|t:|1779803777
|move|p1a: Rotom|Hydro Pump|p2a: Garganacl
|-supereffective|p2a: Garganacl
|-damage|p2a: Garganacl|10/100 brn
|move|p2a: Garganacl|Recover|p2a: Garganacl
|-heal|p2a: Garganacl|60/100 brn
|
|-heal|p1a: Rotom|67/100|[from] item: Leftovers
|-heal|p2a: Garganacl|66/100 brn|[from] item: Leftovers
|-damage|p2a: Garganacl|60/100 brn|[from] brn
|upkeep
|turn|16
|
|t:|1779803788
|move|p1a: Rotom|Hydro Pump|p2a: Garganacl
|-supereffective|p2a: Garganacl
|-damage|p2a: Garganacl|11/100 brn
|move|p2a: Garganacl|Recover|p2a: Garganacl
|-heal|p2a: Garganacl|61/100 brn
|
|-heal|p1a: Rotom|73/100|[from] item: Leftovers
|-heal|p2a: Garganacl|67/100 brn|[from] item: Leftovers
|-damage|p2a: Garganacl|61/100 brn|[from] brn
|upkeep
|turn|17
|
|t:|1779803800
|-terastallize|p2a: Garganacl|Fighting
|move|p1a: Rotom|Hydro Pump|p2a: Garganacl
|-damage|p2a: Garganacl|35/100 brn
|move|p2a: Garganacl|Recover|p2a: Garganacl
|-heal|p2a: Garganacl|85/100 brn
|
|-heal|p1a: Rotom|79/100|[from] item: Leftovers
|-heal|p2a: Garganacl|91/100 brn|[from] item: Leftovers
|-damage|p2a: Garganacl|85/100 brn|[from] brn
|upkeep
|turn|18
|
|t:|1779803813
|move|p1a: Rotom|Volt Switch|p2a: Garganacl
|-damage|p2a: Garganacl|68/100 brn
|
|t:|1779803815
|switch|p1a: Corviknight|Corviknight, F|100/100|[from] Volt Switch
|move|p2a: Garganacl|Iron Defense|p2a: Garganacl
|-boost|p2a: Garganacl|def|2
|
|-heal|p2a: Garganacl|74/100 brn|[from] item: Leftovers
|-damage|p2a: Garganacl|68/100 brn|[from] brn
|upkeep
|turn|19
|
|t:|1779803830
|move|p1a: Corviknight|Iron Defense|p1a: Corviknight
|-boost|p1a: Corviknight|def|2
|move|p2a: Garganacl|Recover|p2a: Garganacl
|-heal|p2a: Garganacl|100/100 brn
|
|-damage|p2a: Garganacl|94/100 brn|[from] brn
|upkeep
|turn|20
|
|t:|1779803839
|move|p1a: Corviknight|Iron Defense|p1a: Corviknight
|-boost|p1a: Corviknight|def|2
|move|p2a: Garganacl|Body Press|p1a: Corviknight
|-damage|p1a: Corviknight|86/100
|-damage|p2a: Garganacl|78/100 brn|[from] item: Rocky Helmet|[of] p1a: Corviknight
|
|-heal|p2a: Garganacl|84/100 brn|[from] item: Leftovers
|-damage|p2a: Garganacl|78/100 brn|[from] brn
|upkeep
|turn|21
|
|t:|1779803849
|move|p1a: Corviknight|Iron Defense|p1a: Corviknight
|-boost|p1a: Corviknight|def|2
|move|p2a: Garganacl|Stone Edge|p1a: Corviknight
|-damage|p1a: Corviknight|83/100
|
|-heal|p2a: Garganacl|84/100 brn|[from] item: Leftovers
|-damage|p2a: Garganacl|78/100 brn|[from] brn
|upkeep
|turn|22
|
|t:|1779803859
|move|p1a: Corviknight|Brave Bird|p2a: Garganacl
|-supereffective|p2a: Garganacl
|-damage|p2a: Garganacl|65/100 brn
|-damage|p1a: Corviknight|79/100|[from] Recoil
|move|p2a: Garganacl|Stone Edge|p1a: Corviknight
|-damage|p1a: Corviknight|77/100
|
|-heal|p2a: Garganacl|72/100 brn|[from] item: Leftovers
|-damage|p2a: Garganacl|65/100 brn|[from] brn
|upkeep
|turn|23
|
|t:|1779803871
|move|p1a: Corviknight|Brave Bird|p2a: Garganacl
|-supereffective|p2a: Garganacl
|-damage|p2a: Garganacl|53/100 brn
|-damage|p1a: Corviknight|73/100|[from] Recoil
|move|p2a: Garganacl|Body Press|p1a: Corviknight
|-damage|p1a: Corviknight|63/100
|-damage|p2a: Garganacl|37/100 brn|[from] item: Rocky Helmet|[of] p1a: Corviknight
|
|-heal|p2a: Garganacl|43/100 brn|[from] item: Leftovers
|-damage|p2a: Garganacl|37/100 brn|[from] brn
|upkeep
|turn|24
|
|t:|1779803883
|move|p1a: Corviknight|Roost|p1a: Corviknight
|-heal|p1a: Corviknight|100/100
|-singleturn|p1a: Corviknight|move: Roost
|move|p2a: Garganacl|Recover|p2a: Garganacl
|-heal|p2a: Garganacl|87/100 brn
|
|-heal|p2a: Garganacl|93/100 brn|[from] item: Leftovers
|-damage|p2a: Garganacl|87/100 brn|[from] brn
|upkeep
|turn|25
|
|t:|1779803896
|move|p1a: Corviknight|Body Press|p2a: Garganacl
|-damage|p2a: Garganacl|68/100 brn
|move|p2a: Garganacl|Body Press|p1a: Corviknight
|-damage|p1a: Corviknight|90/100
|-damage|p2a: Garganacl|51/100 brn|[from] item: Rocky Helmet|[of] p1a: Corviknight
|
|-heal|p2a: Garganacl|57/100 brn|[from] item: Leftovers
|-damage|p2a: Garganacl|51/100 brn|[from] brn
|upkeep
|turn|26
|
|t:|1779803907
|move|p1a: Corviknight|Body Press|p2a: Garganacl
|-damage|p2a: Garganacl|32/100 brn
|move|p2a: Garganacl|Stone Edge|p1a: Corviknight
|-damage|p1a: Corviknight|87/100
|
|-heal|p2a: Garganacl|39/100 brn|[from] item: Leftovers
|-damage|p2a: Garganacl|32/100 brn|[from] brn
|upkeep
|turn|27
|
|t:|1779803917
|move|p1a: Corviknight|Body Press|p2a: Garganacl
|-damage|p2a: Garganacl|14/100 brn
|move|p2a: Garganacl|Recover|p2a: Garganacl
|-heal|p2a: Garganacl|64/100 brn
|
|-heal|p2a: Garganacl|70/100 brn|[from] item: Leftovers
|-damage|p2a: Garganacl|64/100 brn|[from] brn
|upkeep
|turn|28
|
|t:|1779803927
|move|p1a: Corviknight|Body Press|p2a: Garganacl
|-damage|p2a: Garganacl|47/100 brn
|move|p2a: Garganacl|Body Press|p1a: Corviknight
|-damage|p1a: Corviknight|77/100
|-damage|p2a: Garganacl|30/100 brn|[from] item: Rocky Helmet|[of] p1a: Corviknight
|
|-heal|p2a: Garganacl|37/100 brn|[from] item: Leftovers
|-damage|p2a: Garganacl|30/100 brn|[from] brn
|upkeep
|turn|29
|
|t:|1779803939
|switch|p2a: Walking Wake|Walking Wake|100/100
|-enditem|p2a: Walking Wake|Booster Energy
|-activate|p2a: Walking Wake|ability: Protosynthesis|[fromitem]
|-start|p2a: Walking Wake|protosynthesisspe
|move|p1a: Corviknight|Roost|p1a: Corviknight
|-heal|p1a: Corviknight|100/100
|-singleturn|p1a: Corviknight|move: Roost
|
|upkeep
|turn|30
|
|t:|1779803956
|-terastallize|p1a: Corviknight|Flying
|move|p1a: Corviknight|Body Press|p2a: Walking Wake
|-damage|p2a: Walking Wake|0 fnt
|faint|p2a: Walking Wake
|-end|p2a: Walking Wake|Protosynthesis|[silent]
|
|upkeep
|
|t:|1779803963
|switch|p2a: Garganacl|Garganacl, F, tera:Fighting|30/100 brn
|turn|31
|
|t:|1779803968
|move|p1a: Corviknight|Body Press|p2a: Garganacl
|-damage|p2a: Garganacl|0 fnt
|faint|p2a: Garganacl
|
|upkeep
|
|t:|1779803973
|switch|p2a: Sableye|Sableye, F, shiny|100/100
|turn|32
|
|t:|1779803977
|move|p1a: Corviknight|Brave Bird|p2a: Sableye
|-damage|p2a: Sableye|36/100
|-damage|p1a: Corviknight|84/100|[from] Recoil
|move|p2a: Sableye|Knock Off|p1a: Corviknight
|-damage|p1a: Corviknight|80/100
|-damage|p2a: Sableye|19/100|[from] item: Rocky Helmet|[of] p1a: Corviknight
|-enditem|p1a: Corviknight|Rocky Helmet|[from] move: Knock Off|[of] p2a: Sableye
|
|upkeep
|turn|33
|
|t:|1779803988
|move|p2a: Sableye|Will-O-Wisp|p1a: Corviknight
|-status|p1a: Corviknight|brn
|move|p1a: Corviknight|Brave Bird|p2a: Sableye
|-damage|p2a: Sableye|0 fnt
|faint|p2a: Sableye
|-damage|p1a: Corviknight|75/100 brn|[from] Recoil
|
|-damage|p1a: Corviknight|69/100 brn|[from] brn
|upkeep
|
|t:|1779803999
|switch|p2a: Armarouge|Armarouge, M|100/100
|turn|34
|
|t:|1779804006
|move|p2a: Armarouge|Heat Wave|p1a: Corviknight
|-damage|p1a: Corviknight|17/100 brn
|move|p1a: Corviknight|Body Press|p2a: Armarouge
|-resisted|p2a: Armarouge
|-crit|p2a: Armarouge
|-damage|p2a: Armarouge|63/100
|-ability|p2a: Armarouge|Weak Armor|boost
|-unboost|p2a: Armarouge|def|1
|-boost|p2a: Armarouge|spe|2
|
|-damage|p1a: Corviknight|11/100 brn|[from] brn
|upkeep
|turn|35
|
|t:|1779804018
|move|p2a: Armarouge|Calm Mind|p2a: Armarouge
|-boost|p2a: Armarouge|spa|1
|-boost|p2a: Armarouge|spd|1
|move|p1a: Corviknight|Brave Bird|p2a: Armarouge
|-damage|p2a: Armarouge|31/100
|-ability|p2a: Armarouge|Weak Armor|boost
|-unboost|p2a: Armarouge|def|1
|-boost|p2a: Armarouge|spe|2
|-damage|p1a: Corviknight|1/100 brn|[from] Recoil
|
|-damage|p1a: Corviknight|0 fnt|[from] brn
|faint|p1a: Corviknight
|upkeep
|
|t:|1779804031
|switch|p1a: Arcanine|Arcanine, M|100/100
|-ability|p1a: Arcanine|Intimidate|boost
|-unboost|p2a: Armarouge|atk|1
|turn|36
|
|t:|1779804037
|move|p1a: Arcanine|Extreme Speed|p2a: Armarouge
|-damage|p2a: Armarouge|0 fnt
|faint|p2a: Armarouge
|
|upkeep
|
|t:|1779804042
|switch|p2a: Clefable|Clefable, M|77/100
|turn|37
|
|t:|1779804045
|move|p1a: Arcanine|Curse|p1a: Arcanine
|-unboost|p1a: Arcanine|spe|1
|-boost|p1a: Arcanine|atk|1
|-boost|p1a: Arcanine|def|1
|move|p2a: Clefable|Thunderbolt|p1a: Arcanine
|-damage|p1a: Arcanine|72/100
|
|upkeep
|turn|38
|
|t:|1779804053
|move|p2a: Clefable|Thunderbolt|p1a: Arcanine
|-damage|p1a: Arcanine|42/100
|move|p1a: Arcanine|Curse|p1a: Arcanine
|-unboost|p1a: Arcanine|spe|1
|-boost|p1a: Arcanine|atk|1
|-boost|p1a: Arcanine|def|1
|
|upkeep
|turn|39
|
|t:|1779804061
|move|p2a: Clefable|Thunderbolt|p1a: Arcanine
|-damage|p1a: Arcanine|11/100
|move|p1a: Arcanine|Morning Sun|p1a: Arcanine
|-heal|p1a: Arcanine|61/100
|
|upkeep
|turn|40
|
|t:|1779804068
|move|p2a: Clefable|Thunderbolt|p1a: Arcanine
|-damage|p1a: Arcanine|32/100
|move|p1a: Arcanine|Morning Sun|p1a: Arcanine
|-heal|p1a: Arcanine|81/100
|
|upkeep
|turn|41
|
|t:|1779804076
|move|p2a: Clefable|Thunderbolt|p1a: Arcanine
|-damage|p1a: Arcanine|53/100
|move|p1a: Arcanine|Flare Blitz|p2a: Clefable
|-damage|p2a: Clefable|12/100
|-damage|p1a: Arcanine|31/100|[from] Recoil
|
|upkeep
|turn|42
|
|t:|1779804083
|move|p1a: Arcanine|Extreme Speed|p2a: Clefable
|-damage|p2a: Clefable|0 fnt
|faint|p2a: Clefable
|
|win|chrovalis
|raw|chrovalis's rating: 1133 &rarr; <strong>1155</strong><br />(+22 for winning)
|raw|imecaphair's rating: 1093 &rarr; <strong>1072</strong><br />(-21 for losing)
|l|☆chrovalis
|player|p1|
|l|☆imecaphair
|player|p2|
