|j|☆kuraiyagare
|j|☆Mr.Vcard
|t:|1779848608
|gametype|singles
|player|p1|kuraiyagare|pokemonranger-gen4|1487
|player|p2|Mr.Vcard|266|1566
|gen|9
|tier|[Gen 9] OU
|rated|
|rule|HP Percentage Mod: HP is shown in percentages
|rule|Endless Battle Clause: Forcing endless battles is banned
|rule|Species Clause: Limit one of each Pokémon
|rule|OHKO Clause: OHKO moves are banned
|rule|Evasion Items Clause: Evasion items are banned
|rule|Evasion Moves Clause: Evasion moves are banned
|rule|Evasion Abilities Clause: Evasion abilities are banned
|rule|Sleep Moves Clause: Sleep-inducing moves are banned
|clearpoke
|poke|p1|Breloom, M|
|poke|p1|Gardevoir, F|
|poke|p1|Talonflame, F|
|poke|p1|Magnezone|
|poke|p1|Drifblim, F|
|poke|p1|Zangoose, M|
|poke|p2|Kingambit, F|
|poke|p2|Cinderace, F|
|poke|p2|Landorus-Therian, M|
|poke|p2|Iron Valiant|
|poke|p2|Kyurem|
|poke|p2|Slowking-Galar, M|
|teampreview
|inactive|Battle timer is ON: inactive players will automatically lose when time's up. (requested by Mr.Vcard)
|
|t:|1779848633
|teamsize|p1|6
|teamsize|p2|6
|start
|switch|p1a: Zangoose|Zangoose, M|100/100
|switch|p2a: Snowmiser|Slowking-Galar, M, shiny|100/100
|turn|1
|inactive|kuraiyagare has 120 seconds left.
|
|t:|1779848667
|move|p1a: Zangoose|Knock Off|p2a: Snowmiser
|-supereffective|p2a: Snowmiser
|-damage|p2a: Snowmiser|29/100
|-enditem|p2a: Snowmiser|Heavy-Duty Boots|[from] move: Knock Off|[of] p1a: Zangoose
|move|p2a: Snowmiser|Thunder Wave|p1a: Zangoose
|-status|p1a: Zangoose|par
|
|upkeep
|turn|2
|
|t:|1779848675
|switch|p2a: California|Landorus-Therian, M, shiny|100/100
|-ability|p2a: California|Intimidate|boost
|-unboost|p1a: Zangoose|atk|1
|move|p1a: Zangoose|Knock Off|p2a: California
|-damage|p2a: California|79/100
|-damage|p1a: Zangoose|84/100 par|[from] item: Rocky Helmet|[of] p2a: California
|-enditem|p2a: California|Rocky Helmet|[from] move: Knock Off|[of] p1a: Zangoose
|
|upkeep
|turn|3
|
|t:|1779848680
|move|p2a: California|Taunt|p1a: Zangoose
|-start|p1a: Zangoose|move: Taunt
|cant|p1a: Zangoose|par
|
|upkeep
|turn|4
|
|t:|1779848687
|move|p2a: California|Stealth Rock|p1a: Zangoose
|-sidestart|p1: kuraiyagare|move: Stealth Rock
|move|p1a: Zangoose|Counter||[still]
|-fail|p1a: Zangoose
|
|upkeep
|turn|5
|
|t:|1779848692
|move|p2a: California|U-turn|p1a: Zangoose
|-damage|p1a: Zangoose|45/100 par
|
|t:|1779848696
|switch|p2a: Snowmiser|Slowking-Galar, M, shiny|62/100|[from] U-turn
|move|p1a: Zangoose|Knock Off|p2a: Snowmiser
|-supereffective|p2a: Snowmiser
|-damage|p2a: Snowmiser|32/100
|
|-end|p1a: Zangoose|move: Taunt
|upkeep
|turn|6
|
|t:|1779848705
|move|p1a: Zangoose|Endeavor|p2a: Snowmiser
|-immune|p2a: Snowmiser
|move|p2a: Snowmiser|Psychic Noise|p1a: Zangoose
|-damage|p1a: Zangoose|0 fnt
|faint|p1a: Zangoose
|
|upkeep
|
|t:|1779848712
|switch|p1a: Vatra|Talonflame, F|100/100
|turn|7
|
|t:|1779848718
|move|p1a: Vatra|Flare Blitz|p2a: Snowmiser
|-damage|p2a: Snowmiser|0 fnt
|faint|p2a: Snowmiser
|-damage|p1a: Vatra|87/100|[from] Recoil
|
|upkeep
|
|t:|1779848728
|switch|p2a: Frosty|Kyurem, shiny|100/100
|-ability|p2a: Frosty|Pressure
|turn|8
|
|t:|1779848731
|move|p1a: Vatra|Will-O-Wisp|p2a: Frosty
|-status|p2a: Frosty|brn
|move|p2a: Frosty|Substitute|p2a: Frosty
|-start|p2a: Frosty|Substitute
|-damage|p2a: Frosty|76/100 brn
|
|-heal|p2a: Frosty|82/100 brn|[from] item: Leftovers
|-damage|p2a: Frosty|76/100 brn|[from] brn
|upkeep
|turn|9
|
|t:|1779848734
|move|p1a: Vatra|Defog|p2a: Frosty
|-sideend|p1: kuraiyagare|Stealth Rock|[from] move: Defog|[of] p1a: Vatra
|move|p2a: Frosty|Freeze-Dry|p1a: Vatra
|-damage|p1a: Vatra|36/100
|
|-heal|p2a: Frosty|82/100 brn|[from] item: Leftovers
|-damage|p2a: Frosty|76/100 brn|[from] brn
|upkeep
|turn|10
|
|t:|1779848739
|move|p1a: Vatra|Brave Bird|p2a: Frosty
|-end|p2a: Frosty|Substitute
|-damage|p1a: Vatra|25/100|[from] Recoil|[of] p2a: Frosty
|move|p2a: Frosty|Earth Power|p1a: Vatra
|-immune|p1a: Vatra
|
|-heal|p2a: Frosty|82/100 brn|[from] item: Leftovers
|-damage|p2a: Frosty|76/100 brn|[from] brn
|upkeep
|turn|11
|
|t:|1779848742
|move|p1a: Vatra|Brave Bird|p2a: Frosty
|-damage|p2a: Frosty|35/100 brn
|-damage|p1a: Vatra|7/100|[from] Recoil
|move|p2a: Frosty|Freeze-Dry|p1a: Vatra
|-damage|p1a: Vatra|0 fnt
|faint|p1a: Vatra
|
|-heal|p2a: Frosty|41/100 brn|[from] item: Leftovers
|-damage|p2a: Frosty|35/100 brn|[from] brn
|upkeep
|
|t:|1779848750
|switch|p1a: Drastenie|Breloom, M|100/100
|turn|12
|
|t:|1779848753
|move|p1a: Drastenie|Mach Punch|p2a: Frosty
|-supereffective|p2a: Frosty
|-damage|p2a: Frosty|0 fnt
|faint|p2a: Frosty
|
|upkeep
|
|t:|1779848767
|switch|p2a: Soccer Mom|Cinderace, F, shiny|100/100
|turn|13
|
|t:|1779848771
|move|p2a: Soccer Mom|Pyro Ball|p1a: Drastenie
|-supereffective|p1a: Drastenie
|-enditem|p1a: Drastenie|Focus Sash
|-damage|p1a: Drastenie|1/100
|move|p1a: Drastenie|Rock Tomb|p2a: Soccer Mom
|-supereffective|p2a: Soccer Mom
|-damage|p2a: Soccer Mom|21/100
|-unboost|p2a: Soccer Mom|spe|1
|
|upkeep
|turn|14
|
|t:|1779848777
|switch|p2a: California|Landorus-Therian, M, shiny|79/100
|-ability|p2a: California|Intimidate|boost
|-unboost|p1a: Drastenie|atk|1
|move|p1a: Drastenie|Mach Punch|p2a: California
|-resisted|p2a: California
|-crit|p2a: California
|-damage|p2a: California|55/100
|
|upkeep
|turn|15
|
|t:|1779848781
|move|p2a: California|Stealth Rock|p1a: Drastenie
|-sidestart|p1: kuraiyagare|move: Stealth Rock
|move|p1a: Drastenie|Bullet Seed|p2a: California
|-damage|p2a: California|42/100
|-damage|p2a: California|28/100
|-hitcount|p2a: California|2
|
|upkeep
|turn|16
|
|t:|1779848791
|move|p2a: California|U-turn|p1a: Drastenie
|-damage|p1a: Drastenie|0 fnt
|faint|p1a: Drastenie
|
|t:|1779848797
|switch|p2a: Soccer Mom|Cinderace, F, shiny|21/100|[from] U-turn
|
|upkeep
|
|t:|1779848820
|switch|p1a: Gardenia|Gardevoir, F|100/100
|-damage|p1a: Gardenia|88/100|[from] Stealth Rock
|-ability|p1a: Gardenia|Blaze|Trace|[from] ability: Trace|[of] p2a: Soccer Mom
|turn|17
|
|t:|1779848828
|move|p2a: Soccer Mom|Pyro Ball|p1a: Gardenia
|-damage|p1a: Gardenia|0 fnt
|faint|p1a: Gardenia
|
|upkeep
|
|t:|1779848835
|switch|p1a: drifflim|Drifblim, F|100/100
|-damage|p1a: drifflim|76/100|[from] Stealth Rock
|turn|18
|
|t:|1779848842
|-terastallize|p1a: drifflim|Fighting
|move|p2a: Soccer Mom|Pyro Ball|p1a: drifflim
|-damage|p1a: drifflim|0 fnt
|faint|p1a: drifflim
|
|upkeep
|c|☆Mr.Vcard|gg
|-message|kuraiyagare forfeited.
|
|win|Mr.Vcard
|raw|kuraiyagare's rating: 1487 &rarr; <strong>1471</strong><br />(-16 for losing)
|raw|Mr.Vcard's rating: 1566 &rarr; <strong>1582</strong><br />(+16 for winning)
|l|☆kuraiyagare
|player|p1|
|l|☆Mr.Vcard
|player|p2|
