|j|☆summmm
|j|☆EliteFourAnt
|t:|1779966347
|gametype|singles
|player|p1|summmm|266|1536
|player|p2|EliteFourAnt|crasherwake|1498
|gen|9
|tier|[Gen 9] OU
|rated|
|rule|HP Percentage Mod: HP is shown in percentages
|rule|Endless Battle Clause: Forcing endless battles is banned
|rule|Species Clause: Limit one of each Pokémon
|rule|OHKO Clause: OHKO moves are banned
|rule|Evasion Items Clause: Evasion items are banned
|rule|Evasion Moves Clause: Evasion moves are banned
|rule|Evasion Abilities Clause: Evasion abilities are banned
|rule|Sleep Moves Clause: Sleep-inducing moves are banned
|clearpoke
|poke|p1|Darkrai|
|poke|p1|Ogerpon, F|
|poke|p1|Garchomp, F|
|poke|p1|Alomomola, F|
|poke|p1|Corviknight, F|
|poke|p1|Weezing-Galar, M|
|poke|p2|Tyranitar, M|
|poke|p2|Gholdengo|
|poke|p2|Excadrill, M|
|poke|p2|Tornadus-Therian, M|
|poke|p2|Iron Valiant|
|poke|p2|Chesnaught, F|
|teampreview
|
|t:|1779966363
|teamsize|p1|6
|teamsize|p2|6
|start
|switch|p1a: Darkrai|Darkrai|100/100
|switch|p2a: Don Cheezie|Chesnaught, F|100/100
|turn|1
|
|t:|1779966370
|switch|p1a: Weezing|Weezing-Galar, M|100/100
|-ability|p1a: Weezing|Neutralizing Gas
|move|p2a: Don Cheezie|Knock Off|p1a: Weezing
|-resisted|p1a: Weezing
|-damage|p1a: Weezing|93/100
|-enditem|p1a: Weezing|Leftovers|[from] move: Knock Off|[of] p2a: Don Cheezie
|
|upkeep
|turn|2
|
|t:|1779966383
|switch|p2a: Boldenjoe|Gholdengo|100/100
|-end|p1a: Weezing|ability: Neutralizing Gas
|switch|p1a: Darkrai|Darkrai|100/100
|
|upkeep
|turn|3
|
|t:|1779966389
|switch|p2a: Don Cheezie|Chesnaught, F|100/100
|move|p1a: Darkrai|Dark Pulse|p2a: Don Cheezie
|-resisted|p2a: Don Cheezie
|-damage|p2a: Don Cheezie|67/100
|
|upkeep
|turn|4
|
|t:|1779966400
|switch|p1a: Weezing|Weezing-Galar, M|93/100
|-ability|p1a: Weezing|Neutralizing Gas
|move|p2a: Don Cheezie|Synthesis|p2a: Don Cheezie
|-heal|p2a: Don Cheezie|100/100
|
|upkeep
|turn|5
|
|t:|1779966414
|switch|p2a: Boldenjoe|Gholdengo|100/100
|move|p1a: Weezing|Sludge Bomb|p2a: Boldenjoe
|-immune|p2a: Boldenjoe
|
|upkeep
|turn|6
|
|t:|1779966421
|-end|p1a: Weezing|ability: Neutralizing Gas
|switch|p1a: Alomomola|Alomomola, F|100/100
|move|p2a: Boldenjoe|Make It Rain|p1a: Alomomola
|-resisted|p1a: Alomomola
|-damage|p1a: Alomomola|79/100
|-unboost|p2a: Boldenjoe|spa|1
|
|upkeep
|turn|7
|
|t:|1779966428
|switch|p2a: Don Cheezie|Chesnaught, F|100/100
|move|p1a: Alomomola|Flip Turn|p2a: Don Cheezie
|-resisted|p2a: Don Cheezie
|-damage|p2a: Don Cheezie|96/100
|-damage|p1a: Alomomola|63/100|[from] item: Rocky Helmet|[of] p2a: Don Cheezie
|
|t:|1779966438
|switch|p1a: Corviknight|Corviknight, F|100/100|[from] Flip Turn
|-ability|p1a: Corviknight|Pressure
|
|upkeep
|turn|8
|
|t:|1779966444
|move|p1a: Corviknight|U-turn|p2a: Don Cheezie
|-damage|p2a: Don Cheezie|88/100
|-damage|p1a: Corviknight|84/100|[from] item: Rocky Helmet|[of] p2a: Don Cheezie
|
|t:|1779966447
|switch|p1a: Weezing|Weezing-Galar, M|93/100|[from] U-turn
|-ability|p1a: Weezing|Neutralizing Gas
|move|p2a: Don Cheezie|Knock Off|p1a: Weezing
|-resisted|p1a: Weezing
|-damage|p1a: Weezing|87/100
|
|upkeep
|turn|9
|
|t:|1779966456
|switch|p2a: Boldenjoe|Gholdengo|100/100
|move|p1a: Weezing|Sludge Bomb|p2a: Boldenjoe
|-immune|p2a: Boldenjoe
|
|upkeep
|turn|10
|
|t:|1779966460
|-end|p1a: Weezing|ability: Neutralizing Gas
|switch|p1a: Alomomola|Alomomola, F|96/100
|move|p2a: Boldenjoe|Nasty Plot|p2a: Boldenjoe
|-boost|p2a: Boldenjoe|spa|2
|
|upkeep
|turn|11
|inactive|Battle timer is ON: inactive players will automatically lose when time's up. (requested by summmm)
|
|t:|1779966467
|move|p2a: Boldenjoe|Thunderbolt|p1a: Alomomola
|-supereffective|p1a: Alomomola
|-damage|p1a: Alomomola|25/100
|move|p1a: Alomomola|Mirror Coat|p2a: Boldenjoe
|-damage|p2a: Boldenjoe|0 fnt
|faint|p2a: Boldenjoe
|
|upkeep
|
|t:|1779966486
|switch|p2a: Theythemlin|Iron Valiant|100/100
|-enditem|p2a: Theythemlin|Booster Energy
|-activate|p2a: Theythemlin|ability: Quark Drive|[fromitem]
|-start|p2a: Theythemlin|quarkdrivespe
|turn|12
|
|t:|1779966490
|switch|p1a: Weezing|Weezing-Galar, M|87/100
|-ability|p1a: Weezing|Neutralizing Gas
|move|p2a: Theythemlin|Calm Mind|p2a: Theythemlin
|-boost|p2a: Theythemlin|spa|1
|-boost|p2a: Theythemlin|spd|1
|
|upkeep
|turn|13
|
|t:|1779966503
|-terastallize|p2a: Theythemlin|Ghost
|move|p2a: Theythemlin|Calm Mind|p2a: Theythemlin
|-boost|p2a: Theythemlin|spa|1
|-boost|p2a: Theythemlin|spd|1
|move|p1a: Weezing|Sludge Bomb|p2a: Theythemlin
|-resisted|p2a: Theythemlin
|-damage|p2a: Theythemlin|88/100
|
|upkeep
|turn|14
|
|t:|1779966512
|move|p2a: Theythemlin|Shadow Ball|p1a: Weezing
|-damage|p1a: Weezing|0 fnt
|faint|p1a: Weezing
|-end|p1a: Weezing|ability: Neutralizing Gas
|
|upkeep
|
|t:|1779966532
|switch|p1a: Alomomola|Alomomola, F|58/100
|turn|15
|
|t:|1779966546
|switch|p1a: Corviknight|Corviknight, F|84/100
|-ability|p1a: Corviknight|Pressure
|move|p2a: Theythemlin|Calm Mind|p2a: Theythemlin
|-boost|p2a: Theythemlin|spa|1
|-boost|p2a: Theythemlin|spd|1
|
|-heal|p1a: Corviknight|90/100|[from] item: Leftovers
|upkeep
|turn|16
|
|t:|1779966560
|move|p2a: Theythemlin|Shadow Ball|p1a: Corviknight
|-damage|p1a: Corviknight|28/100
|move|p1a: Corviknight|Brave Bird|p2a: Theythemlin
|-damage|p2a: Theythemlin|39/100
|-damage|p1a: Corviknight|16/100|[from] Recoil
|
|-heal|p1a: Corviknight|22/100|[from] item: Leftovers
|upkeep
|turn|17
|
|t:|1779966567
|move|p2a: Theythemlin|Shadow Ball|p1a: Corviknight
|-damage|p1a: Corviknight|0 fnt
|faint|p1a: Corviknight
|
|upkeep
|
|t:|1779966571
|switch|p1a: Alomomola|Alomomola, F|92/100
|turn|18
|
|t:|1779966578
|move|p2a: Theythemlin|Calm Mind|p2a: Theythemlin
|-boost|p2a: Theythemlin|spa|1
|-boost|p2a: Theythemlin|spd|1
|move|p1a: Alomomola|Flip Turn|p2a: Theythemlin
|-damage|p2a: Theythemlin|18/100
|
|t:|1779966594
|switch|p1a: Garchomp|Garchomp, F|100/100|[from] Flip Turn
|
|upkeep
|turn|19
|
|t:|1779966602
|move|p2a: Theythemlin|Shadow Ball|p1a: Garchomp
|-damage|p1a: Garchomp|0 fnt
|faint|p1a: Garchomp
|
|upkeep
|
|t:|1779966606
|switch|p1a: Alomomola|Alomomola, F|100/100
|turn|20
|
|t:|1779966610
|move|p1a: Alomomola|Aqua Jet|p2a: Theythemlin
|-damage|p2a: Theythemlin|5/100
|move|p2a: Theythemlin|Shadow Ball|p1a: Alomomola
|-damage|p1a: Alomomola|47/100
|
|upkeep
|turn|21
|
|t:|1779966616
|-end|p2a: Theythemlin|Quark Drive|[silent]
|switch|p2a: Don Cheezie|Chesnaught, F|88/100
|move|p1a: Alomomola|Aqua Jet|p2a: Don Cheezie
|-resisted|p2a: Don Cheezie
|-damage|p2a: Don Cheezie|85/100
|-damage|p1a: Alomomola|30/100|[from] item: Rocky Helmet|[of] p2a: Don Cheezie
|
|upkeep
|turn|22
|
|t:|1779966623
|move|p2a: Don Cheezie|Spikes|p1a: Alomomola
|-sidestart|p1: summmm|Spikes
|move|p1a: Alomomola|Flip Turn|p2a: Don Cheezie
|-resisted|p2a: Don Cheezie
|-damage|p2a: Don Cheezie|80/100
|-damage|p1a: Alomomola|14/100|[from] item: Rocky Helmet|[of] p2a: Don Cheezie
|
|t:|1779966627
|switch|p1a: Darkrai|Darkrai|100/100|[from] Flip Turn
|-damage|p1a: Darkrai|88/100|[from] Spikes
|
|upkeep
|turn|23
|
|t:|1779966636
|switch|p2a: Freakbol|Tyranitar, M|100/100
|-weather|Sandstorm|[from] ability: Sand Stream|[of] p2a: Freakbol
|move|p1a: Darkrai|Focus Blast|p2a: Freakbol
|-supereffective|p2a: Freakbol
|-damage|p2a: Freakbol|0 fnt
|faint|p2a: Freakbol
|
|-weather|Sandstorm|[upkeep]
|-damage|p1a: Darkrai|82/100|[from] Sandstorm
|upkeep
|
|t:|1779966645
|switch|p2a: Don Cheezie|Chesnaught, F|80/100
|turn|24
|
|t:|1779966658
|switch|p1a: Alomomola|Alomomola, F|47/100
|-damage|p1a: Alomomola|35/100|[from] Spikes
|move|p2a: Don Cheezie|Spikes|p1a: Alomomola
|-sidestart|p1: summmm|Spikes
|
|-weather|Sandstorm|[upkeep]
|-damage|p2a: Don Cheezie|74/100|[from] Sandstorm
|-damage|p1a: Alomomola|29/100|[from] Sandstorm
|upkeep
|turn|25
|
|t:|1779966664
|move|p2a: Don Cheezie|Spikes|p1a: Alomomola
|-sidestart|p1: summmm|Spikes
|move|p1a: Alomomola|Flip Turn|p2a: Don Cheezie
|-resisted|p2a: Don Cheezie
|-damage|p2a: Don Cheezie|69/100
|-damage|p1a: Alomomola|12/100|[from] item: Rocky Helmet|[of] p2a: Don Cheezie
|
|t:|1779966672
|switch|p1a: Ogerpon|Ogerpon, F|100/100|[from] Flip Turn
|-damage|p1a: Ogerpon|76/100|[from] Spikes
|
|-weather|Sandstorm|[upkeep]
|-damage|p1a: Ogerpon|70/100|[from] Sandstorm
|-damage|p2a: Don Cheezie|63/100|[from] Sandstorm
|upkeep
|turn|26
|
|t:|1779966678
|move|p1a: Ogerpon|Encore|p2a: Don Cheezie
|-start|p2a: Don Cheezie|Encore
|move|p2a: Don Cheezie|Spikes||[still]
|-fail|p2a: Don Cheezie
|
|-weather|Sandstorm|[upkeep]
|-damage|p1a: Ogerpon|64/100|[from] Sandstorm
|-damage|p2a: Don Cheezie|57/100|[from] Sandstorm
|upkeep
|turn|27
|
|t:|1779966686
|switch|p2a: Birb|Tornadus-Therian, M|100/100
|move|p1a: Ogerpon|Swords Dance|p1a: Ogerpon
|-boost|p1a: Ogerpon|atk|2
|
|-weather|none
|upkeep
|turn|28
|
|t:|1779966693
|-terastallize|p1a: Ogerpon|Grass
|detailschange|p1a: Ogerpon|Ogerpon-Teal-Tera, F, tera:Grass
|-ability|p1a: Ogerpon|Embody Aspect (Teal)|boost
|-boost|p1a: Ogerpon|spe|1
|move|p1a: Ogerpon|Ivy Cudgel|p2a: Birb
|-resisted|p2a: Birb
|-damage|p2a: Birb|21/100
|move|p2a: Birb|Bleakwind Storm|p1a: Ogerpon|[miss]
|-miss|p2a: Birb|p1a: Ogerpon
|
|upkeep
|turn|29
|
|t:|1779966696
|move|p1a: Ogerpon|Ivy Cudgel|p2a: Birb
|-resisted|p2a: Birb
|-crit|p2a: Birb
|-damage|p2a: Birb|0 fnt
|faint|p2a: Birb
|
|upkeep
|
|t:|1779966699
|switch|p2a: Don Cheezie|Chesnaught, F|57/100
|turn|30
|
|t:|1779966715
|switch|p1a: Alomomola|Alomomola, F|45/100
|-damage|p1a: Alomomola|20/100|[from] Spikes
|move|p2a: Don Cheezie|Body Press|p1a: Alomomola
|-damage|p1a: Alomomola|0 fnt
|faint|p1a: Alomomola
|
|upkeep
|
|t:|1779966717
|switch|p1a: Darkrai|Darkrai|82/100
|-damage|p1a: Darkrai|57/100|[from] Spikes
|turn|31
|
|t:|1779966721
|move|p1a: Darkrai|Ice Beam|p2a: Don Cheezie
|-supereffective|p2a: Don Cheezie
|-damage|p2a: Don Cheezie|0 fnt
|faint|p2a: Don Cheezie
|
|upkeep
|
|t:|1779966725
|switch|p2a: Lemmewatch|Excadrill, M|100/100
|-item|p2a: Lemmewatch|Air Balloon
|turn|32
|
|t:|1779966729
|move|p1a: Darkrai|Ice Beam|p2a: Lemmewatch
|-damage|p2a: Lemmewatch|41/100
|-enditem|p2a: Lemmewatch|Air Balloon
|move|p2a: Lemmewatch|Rapid Spin|p1a: Darkrai
|-damage|p1a: Darkrai|30/100
|-boost|p2a: Lemmewatch|spe|1
|
|upkeep
|turn|33
|
|t:|1779966740
|move|p2a: Lemmewatch|Earthquake|p1a: Darkrai
|-damage|p1a: Darkrai|0 fnt
|faint|p1a: Darkrai
|
|upkeep
|
|t:|1779966742
|switch|p1a: Ogerpon|Ogerpon-Teal-Tera, F, tera:Grass|64/100
|-damage|p1a: Ogerpon|39/100|[from] Spikes
|-ability|p1a: Ogerpon|Embody Aspect (Teal)|boost
|-boost|p1a: Ogerpon|spe|1
|turn|34
|
|t:|1779966745
|move|p1a: Ogerpon|Ivy Cudgel|p2a: Lemmewatch
|-damage|p2a: Lemmewatch|0 fnt
|faint|p2a: Lemmewatch
|
|upkeep
|
|t:|1779966747
|switch|p2a: Theythemlin|Iron Valiant, tera:Ghost|5/100
|turn|35
|
|t:|1779966749
|move|p1a: Ogerpon|Ivy Cudgel|p2a: Theythemlin
|-crit|p2a: Theythemlin
|-damage|p2a: Theythemlin|0 fnt
|faint|p2a: Theythemlin
|-end|p2a: Theythemlin|Quark Drive|[silent]
|
|win|summmm
|raw|summmm's rating: 1536 &rarr; <strong>1554</strong><br />(+18 for winning)
|raw|EliteFourAnt's rating: 1498 &rarr; <strong>1480</strong><br />(-18 for losing)
|l|☆EliteFourAnt
|player|p2|
|l|☆summmm
|player|p1|
