|j|☆Fowa2003
|j|☆fregene97
|t:|1779809392
|gametype|singles
|player|p1|Fowa2003|giovanni|1332
|player|p2|fregene97|169|1389
|gen|9
|tier|[Gen 9] OU
|rated|
|rule|HP Percentage Mod: HP is shown in percentages
|rule|Endless Battle Clause: Forcing endless battles is banned
|rule|Species Clause: Limit one of each Pokémon
|rule|OHKO Clause: OHKO moves are banned
|rule|Evasion Items Clause: Evasion items are banned
|rule|Evasion Moves Clause: Evasion moves are banned
|rule|Evasion Abilities Clause: Evasion abilities are banned
|rule|Sleep Moves Clause: Sleep-inducing moves are banned
|clearpoke
|poke|p1|Ceruledge, M|
|poke|p1|Kingambit, M|
|poke|p1|Glimmora, M|
|poke|p1|Zamazenta-*|
|poke|p1|Darkrai|
|poke|p1|Ogerpon, F|
|poke|p2|Seviper, M|
|poke|p2|Haxorus, F|
|poke|p2|Ogerpon-Cornerstone, F|
|poke|p2|Iron Moth|
|poke|p2|Greninja-*, M|
|poke|p2|Hoopa-Unbound|
|teampreview
|
|t:|1779809400
|teamsize|p1|6
|teamsize|p2|6
|start
|switch|p1a: Glimmora|Glimmora, M, shiny|100/100
|switch|p2a: Hoopa|Hoopa-Unbound|100/100
|turn|1
|
|t:|1779809404
|-terastallize|p2a: Hoopa|Psychic
|move|p1a: Glimmora|Meteor Beam||[still]
|-prepare|p1a: Glimmora|Meteor Beam
|-boost|p1a: Glimmora|spa|1
|-enditem|p1a: Glimmora|Power Herb
|-anim|p1a: Glimmora|Meteor Beam|p2a: Hoopa
|-damage|p2a: Hoopa|40/100
|move|p2a: Hoopa|Psychic|p1a: Glimmora
|-supereffective|p1a: Glimmora
|-damage|p1a: Glimmora|0 fnt
|faint|p1a: Glimmora
|
|upkeep
|inactive|Battle timer is ON: inactive players will automatically lose when time's up. (requested by fregene97)
|
|t:|1779809413
|switch|p1a: Darkrai|Darkrai, shiny|100/100
|turn|2
|
|t:|1779809415
|move|p1a: Darkrai|Substitute|p1a: Darkrai
|-start|p1a: Darkrai|Substitute
|-damage|p1a: Darkrai|76/100
|move|p2a: Hoopa|Drain Punch|p1a: Darkrai
|-supereffective|p1a: Darkrai
|-end|p1a: Darkrai|Substitute
|-heal|p2a: Hoopa|52/100|[from] drain|[of] p1a: Darkrai
|
|upkeep
|turn|3
|
|t:|1779809424
|move|p1a: Darkrai|Dark Pulse|p2a: Hoopa
|-supereffective|p2a: Hoopa
|-damage|p2a: Hoopa|1/100
|cant|p2a: Hoopa|flinch
|
|upkeep
|turn|4
|j| YeBoi3Leau
|
|t:|1779809429
|move|p1a: Darkrai|Dark Pulse|p2a: Hoopa
|-supereffective|p2a: Hoopa
|-damage|p2a: Hoopa|0 fnt
|faint|p2a: Hoopa
|
|upkeep
|
|t:|1779809432
|switch|p2a: Greninja|Greninja, M|100/100
|turn|5
|
|t:|1779809434
|move|p1a: Darkrai|Sludge Bomb|p2a: Greninja
|-damage|p2a: Greninja|48/100
|move|p2a: Greninja|Hydro Pump|p1a: Darkrai
|-damage|p1a: Darkrai|0 fnt
|faint|p1a: Darkrai
|-ability|p2a: Greninja|Battle Bond|boost
|-boost|p2a: Greninja|atk|1
|-boost|p2a: Greninja|spa|1
|-boost|p2a: Greninja|spe|1
|-activate|p2a: Greninja|ability: Battle Bond
|-damage|p2a: Greninja|38/100|[from] item: Life Orb
|
|upkeep
|
|t:|1779809440
|switch|p1a: Zamazenta|Zamazenta, shiny|100/100
|-ability|p1a: Zamazenta|Dauntless Shield|boost
|-boost|p1a: Zamazenta|def|1
|turn|6
|l| YeBoi3Leau
|
|t:|1779809442
|move|p2a: Greninja|Hydro Pump|p1a: Zamazenta
|-damage|p1a: Zamazenta|27/100
|-damage|p2a: Greninja|28/100|[from] item: Life Orb
|move|p1a: Zamazenta|Body Press|p2a: Greninja
|-supereffective|p2a: Greninja
|-damage|p2a: Greninja|0 fnt
|faint|p2a: Greninja
|
|upkeep
|
|t:|1779809446
|switch|p2a: Iron Moth|Iron Moth|100/100
|-enditem|p2a: Iron Moth|Booster Energy
|-activate|p2a: Iron Moth|ability: Quark Drive|[fromitem]
|-start|p2a: Iron Moth|quarkdrivespe
|turn|7
|
|t:|1779809448
|move|p2a: Iron Moth|Sludge Wave|p1a: Zamazenta
|-damage|p1a: Zamazenta|0 fnt
|faint|p1a: Zamazenta
|
|upkeep
|
|t:|1779809452
|switch|p1a: Ceruledge|Ceruledge, M, shiny|100/100
|turn|8
|
|t:|1779809456
|move|p2a: Iron Moth|Sludge Wave|p1a: Ceruledge
|-resisted|p1a: Ceruledge
|-damage|p1a: Ceruledge|84/100
|move|p1a: Ceruledge|Bulk Up|p1a: Ceruledge
|-boost|p1a: Ceruledge|atk|1
|-boost|p1a: Ceruledge|def|1
|
|upkeep
|turn|9
|
|t:|1779809459
|move|p2a: Iron Moth|Sludge Wave|p1a: Ceruledge
|-resisted|p1a: Ceruledge
|-damage|p1a: Ceruledge|66/100
|move|p1a: Ceruledge|Bulk Up|p1a: Ceruledge
|-boost|p1a: Ceruledge|atk|1
|-boost|p1a: Ceruledge|def|1
|
|upkeep
|turn|10
|
|t:|1779809461
|move|p2a: Iron Moth|Sludge Wave|p1a: Ceruledge
|-resisted|p1a: Ceruledge
|-damage|p1a: Ceruledge|47/100
|move|p1a: Ceruledge|Bitter Blade|p2a: Iron Moth
|-resisted|p2a: Iron Moth
|-damage|p2a: Iron Moth|43/100
|-heal|p1a: Ceruledge|72/100|[from] drain|[of] p2a: Iron Moth
|
|upkeep
|turn|11
|
|t:|1779809464
|move|p2a: Iron Moth|Sludge Wave|p1a: Ceruledge
|-resisted|p1a: Ceruledge
|-damage|p1a: Ceruledge|54/100
|move|p1a: Ceruledge|Bitter Blade|p2a: Iron Moth
|-resisted|p2a: Iron Moth
|-damage|p2a: Iron Moth|0 fnt
|-heal|p1a: Ceruledge|72/100|[from] drain|[of] p2a: Iron Moth
|faint|p2a: Iron Moth
|-end|p2a: Iron Moth|Quark Drive|[silent]
|
|upkeep
|
|t:|1779809469
|switch|p2a: Ogerpon|Ogerpon-Cornerstone, F|100/100
|turn|12
|
|t:|1779809470
|move|p2a: Ogerpon|Ivy Cudgel|p1a: Ceruledge|[anim] Ivy Cudgel Rock
|-supereffective|p1a: Ceruledge
|-damage|p1a: Ceruledge|2/100
|move|p1a: Ceruledge|Bitter Blade|p2a: Ogerpon
|-crit|p2a: Ogerpon
|-ability|p2a: Ogerpon|Sturdy
|-damage|p2a: Ogerpon|1/100
|-heal|p1a: Ceruledge|44/100|[from] drain|[of] p2a: Ogerpon
|
|upkeep
|turn|13
|
|t:|1779809475
|move|p1a: Ceruledge|Shadow Sneak|p2a: Ogerpon
|-damage|p2a: Ogerpon|0 fnt
|faint|p2a: Ogerpon
|
|upkeep
|
|t:|1779809477
|switch|p2a: Haxorus|Haxorus, F|100/100
|-ability|p2a: Haxorus|Mold Breaker
|turn|14
|
|t:|1779809480
|move|p2a: Haxorus|Earthquake|p1a: Ceruledge
|-supereffective|p1a: Ceruledge
|-damage|p1a: Ceruledge|0 fnt
|faint|p1a: Ceruledge
|
|upkeep
|
|t:|1779809484
|switch|p1a: Ogerpon|Ogerpon, F|100/100
|turn|15
|
|t:|1779809488
|switch|p2a: Seviper|Seviper, M, shiny|100/100
|move|p1a: Ogerpon|Encore||[still]
|-fail|p1a: Ogerpon
|
|upkeep
|turn|16
|
|t:|1779809491
|move|p2a: Seviper|Final Gambit|p1a: Ogerpon
|-damage|p1a: Ogerpon|5/100
|faint|p2a: Seviper
|move|p1a: Ogerpon|Knock Off|p2: Seviper|[notarget]
|-fail|p1a: Ogerpon
|
|upkeep
|
|t:|1779809493
|switch|p2a: Haxorus|Haxorus, F|100/100
|-ability|p2a: Haxorus|Mold Breaker
|turn|17
|
|t:|1779809495
|move|p1a: Ogerpon|Knock Off|p2a: Haxorus
|-damage|p2a: Haxorus|59/100
|-enditem|p2a: Haxorus|Choice Band|[from] move: Knock Off|[of] p1a: Ogerpon
|move|p2a: Haxorus|Earthquake|p1a: Ogerpon
|-resisted|p1a: Ogerpon
|-damage|p1a: Ogerpon|0 fnt
|faint|p1a: Ogerpon
|
|upkeep
|
|t:|1779809497
|switch|p1a: Kingambit|Kingambit, M, shiny|100/100
|-activate|p1a: Kingambit|ability: Supreme Overlord
|-start|p1a: Kingambit|fallen5|[silent]
|turn|18
|
|t:|1779809499
|-terastallize|p1a: Kingambit|Fairy
|move|p2a: Haxorus|Earthquake|p1a: Kingambit
|-damage|p1a: Kingambit|74/100
|move|p1a: Kingambit|Kowtow Cleave|p2a: Haxorus
|-damage|p2a: Haxorus|0 fnt
|faint|p2a: Haxorus
|
|win|Fowa2003
|raw|Fowa2003's rating: 1332 &rarr; <strong>1355</strong><br />(+23 for winning)
|raw|fregene97's rating: 1389 &rarr; <strong>1366</strong><br />(-23 for losing)
|l|☆fregene97
|player|p2|
|l|☆Fowa2003
|player|p1|
