|j|☆lirrodpokemon
|j|☆TheBevenator
|t:|1779811457
|gametype|singles
|player|p1|lirrodpokemon|riley|1323
|player|p2|TheBevenator|caitlin|1307
|gen|9
|tier|[Gen 9] OU
|rated|
|rule|HP Percentage Mod: HP is shown in percentages
|rule|Endless Battle Clause: Forcing endless battles is banned
|rule|Species Clause: Limit one of each Pokémon
|rule|OHKO Clause: OHKO moves are banned
|rule|Evasion Items Clause: Evasion items are banned
|rule|Evasion Moves Clause: Evasion moves are banned
|rule|Evasion Abilities Clause: Evasion abilities are banned
|rule|Sleep Moves Clause: Sleep-inducing moves are banned
|clearpoke
|poke|p1|Sinistcha|
|poke|p1|Kyurem|
|poke|p1|Glimmora, F|
|poke|p1|Gliscor, F|
|poke|p1|Darkrai|
|poke|p1|Hatterene, F|
|poke|p2|Regigigas|
|poke|p2|Regice|
|poke|p2|Regidrago|
|poke|p2|Regieleki|
|poke|p2|Regirock|
|poke|p2|Registeel|
|teampreview
|inactive|Battle timer is ON: inactive players will automatically lose when time's up. (requested by lirrodpokemon)
|
|t:|1779811466
|teamsize|p1|6
|teamsize|p2|6
|start
|switch|p1a: Hatterene|Hatterene, F|100/100
|switch|p2a: Regice|Regice|100/100
|turn|1
|
|t:|1779811472
|move|p2a: Regice|Ice Beam|p1a: Hatterene
|-damage|p1a: Hatterene|68/100
|move|p1a: Hatterene|Nuzzle|p2a: Regice
|-damage|p2a: Regice|97/100
|-status|p2a: Regice|par
|
|-heal|p1a: Hatterene|74/100|[from] item: Leftovers
|upkeep
|turn|2
|
|t:|1779811480
|move|p1a: Hatterene|Psychic Noise|p2a: Regice
|-damage|p2a: Regice|80/100 par
|-start|p2a: Regice|move: Heal Block
|move|p2a: Regice|Ice Beam|p1a: Hatterene
|-damage|p1a: Hatterene|42/100
|
|-heal|p1a: Hatterene|48/100|[from] item: Leftovers
|upkeep
|turn|3
|
|t:|1779811495
|switch|p1a: Glimmora|Glimmora, F|100/100
|move|p2a: Regice|Ice Beam|p1a: Glimmora
|-damage|p1a: Glimmora|45/100
|
|-end|p2a: Regice|move: Heal Block
|upkeep
|turn|4
|
|t:|1779811503
|move|p1a: Glimmora|Stealth Rock|p2a: Regice
|-sidestart|p2: TheBevenator|move: Stealth Rock
|move|p2a: Regice|Ice Beam|p1a: Glimmora
|-damage|p1a: Glimmora|0 fnt
|faint|p1a: Glimmora
|
|upkeep
|
|t:|1779811519
|switch|p1a: Kyurem|Kyurem, shiny|100/100
|-ability|p1a: Kyurem|Pressure
|turn|5
|
|t:|1779811523
|move|p1a: Kyurem|Iron Head|p2a: Regice
|-supereffective|p2a: Regice
|-damage|p2a: Regice|26/100 par
|cant|p2a: Regice|flinch
|
|upkeep
|turn|6
|
|t:|1779811529
|switch|p2a: Registeel|Registeel|100/100
|-damage|p2a: Registeel|94/100|[from] Stealth Rock
|move|p1a: Kyurem|Iron Head|p2a: Registeel
|-resisted|p2a: Registeel
|-damage|p2a: Registeel|85/100
|
|-heal|p2a: Registeel|91/100|[from] item: Leftovers
|upkeep
|turn|7
|
|t:|1779811538
|switch|p1a: Gliscor|Gliscor, F|100/100
|move|p2a: Registeel|Curse|p2a: Registeel
|-unboost|p2a: Registeel|spe|1
|-boost|p2a: Registeel|atk|1
|-boost|p2a: Registeel|def|1
|
|-heal|p2a: Registeel|97/100|[from] item: Leftovers
|-status|p1a: Gliscor|tox|[from] item: Toxic Orb
|upkeep
|turn|8
|
|t:|1779811546
|move|p2a: Registeel|Protect|p2a: Registeel
|-singleturn|p2a: Registeel|Protect
|move|p1a: Gliscor|Knock Off|p2a: Registeel
|-activate|p2a: Registeel|move: Protect
|
|-heal|p2a: Registeel|100/100|[from] item: Leftovers
|upkeep
|turn|9
|
|t:|1779811554
|switch|p2a: Regirock|Regirock|100/100
|-damage|p2a: Regirock|88/100|[from] Stealth Rock
|move|p1a: Gliscor|Knock Off|p2a: Regirock
|-damage|p2a: Regirock|80/100
|-damage|p1a: Gliscor|84/100 tox|[from] item: Rocky Helmet|[of] p2a: Regirock
|-enditem|p2a: Regirock|Rocky Helmet|[from] move: Knock Off|[of] p1a: Gliscor
|
|-heal|p1a: Gliscor|97/100 tox|[from] ability: Poison Heal
|upkeep
|turn|10
|
|t:|1779811564
|move|p1a: Gliscor|Earthquake|p2a: Regirock
|-supereffective|p2a: Regirock
|-damage|p2a: Regirock|52/100
|move|p2a: Regirock|Stealth Rock|p1a: Gliscor
|-sidestart|p1: lirrodpokemon|move: Stealth Rock
|
|-heal|p1a: Gliscor|100/100 tox|[from] ability: Poison Heal
|upkeep
|turn|11
|
|t:|1779811583
|switch|p2a: Regidrago|Regidrago|100/100
|-damage|p2a: Regidrago|88/100|[from] Stealth Rock
|move|p1a: Gliscor|Swords Dance|p1a: Gliscor
|-boost|p1a: Gliscor|atk|2
|
|upkeep
|turn|12
|
|t:|1779811588
|move|p2a: Regidrago|Dragon Energy|p1a: Gliscor
|-damage|p1a: Gliscor|25/100 tox
|move|p1a: Gliscor|Knock Off|p2a: Regidrago
|-damage|p2a: Regidrago|33/100
|-enditem|p2a: Regidrago|Choice Scarf|[from] move: Knock Off|[of] p1a: Gliscor
|
|-heal|p1a: Gliscor|38/100 tox|[from] ability: Poison Heal
|upkeep
|turn|13
|
|t:|1779811604
|move|p2a: Regidrago|Draco Meteor|p1a: Gliscor
|-damage|p1a: Gliscor|0 fnt
|-unboost|p2a: Regidrago|spa|2
|faint|p1a: Gliscor
|
|upkeep
|
|t:|1779811618
|switch|p1a: Kyurem|Kyurem, shiny|100/100
|-damage|p1a: Kyurem|76/100|[from] Stealth Rock
|-ability|p1a: Kyurem|Pressure
|turn|14
|
|t:|1779811626
|switch|p2a: Registeel|Registeel|100/100
|-damage|p2a: Registeel|94/100|[from] Stealth Rock
|move|p1a: Kyurem|Scale Shot|p2a: Registeel
|-resisted|p2a: Registeel
|-damage|p2a: Registeel|90/100
|-resisted|p2a: Registeel
|-damage|p2a: Registeel|86/100
|-resisted|p2a: Registeel
|-damage|p2a: Registeel|81/100
|-resisted|p2a: Registeel
|-damage|p2a: Registeel|77/100
|-resisted|p2a: Registeel
|-damage|p2a: Registeel|72/100
|-hitcount|p2a: Registeel|5
|-unboost|p1a: Kyurem|def|1
|-boost|p1a: Kyurem|spe|1
|
|-heal|p2a: Registeel|78/100|[from] item: Leftovers
|upkeep
|turn|15
|
|t:|1779811633
|switch|p1a: Sinistcha|Sinistcha|100/100
|move|p2a: Registeel|Curse|p2a: Registeel
|-unboost|p2a: Registeel|spe|1
|-boost|p2a: Registeel|atk|1
|-boost|p2a: Registeel|def|1
|
|-heal|p2a: Registeel|84/100|[from] item: Leftovers
|upkeep
|turn|16
|
|t:|1779811638
|move|p1a: Sinistcha|Matcha Gotcha|p2a: Registeel
|-resisted|p2a: Registeel
|-damage|p2a: Registeel|77/100
|move|p2a: Registeel|Amnesia|p2a: Registeel
|-boost|p2a: Registeel|spd|2
|
|-heal|p2a: Registeel|83/100|[from] item: Leftovers
|upkeep
|turn|17
|
|t:|1779811646
|move|p2a: Registeel|Protect|p2a: Registeel
|-singleturn|p2a: Registeel|Protect
|move|p1a: Sinistcha|Matcha Gotcha|p2a: Registeel
|-activate|p2a: Registeel|move: Protect
|
|-heal|p2a: Registeel|89/100|[from] item: Leftovers
|upkeep
|turn|18
|
|t:|1779811648
|move|p1a: Sinistcha|Matcha Gotcha|p2a: Registeel
|-resisted|p2a: Registeel
|-damage|p2a: Registeel|85/100
|move|p2a: Registeel|Iron Head|p1a: Sinistcha
|-damage|p1a: Sinistcha|79/100
|
|-heal|p2a: Registeel|91/100|[from] item: Leftovers
|upkeep
|turn|19
|
|t:|1779811655
|move|p1a: Sinistcha|Matcha Gotcha|p2a: Registeel|[miss]
|-miss|p1a: Sinistcha|p2a: Registeel
|move|p2a: Registeel|Iron Head|p1a: Sinistcha
|-damage|p1a: Sinistcha|54/100
|
|-heal|p2a: Registeel|97/100|[from] item: Leftovers
|upkeep
|turn|20
|
|t:|1779811660
|move|p2a: Registeel|Protect|p2a: Registeel
|-singleturn|p2a: Registeel|Protect
|move|p1a: Sinistcha|Matcha Gotcha|p2a: Registeel
|-activate|p2a: Registeel|move: Protect
|
|-heal|p2a: Registeel|100/100|[from] item: Leftovers
|upkeep
|turn|21
|
|t:|1779811664
|move|p1a: Sinistcha|Matcha Gotcha|p2a: Registeel
|-resisted|p2a: Registeel
|-damage|p2a: Registeel|96/100
|-heal|p1a: Sinistcha|56/100|[from] drain|[of] p2a: Registeel
|move|p2a: Registeel|Iron Head|p1a: Sinistcha
|-damage|p1a: Sinistcha|30/100
|
|-heal|p2a: Registeel|100/100|[from] item: Leftovers
|upkeep
|turn|22
|
|t:|1779811670
|switch|p2a: Regice|Regice|26/100 par
|move|p1a: Sinistcha|Calm Mind|p1a: Sinistcha
|-boost|p1a: Sinistcha|spa|1
|-boost|p1a: Sinistcha|spd|1
|
|upkeep
|turn|23
|
|t:|1779811675
|move|p1a: Sinistcha|Strength Sap|p2a: Regice
|-fail|p2a: Regice|unboost|[from] ability: Clear Body|[of] p2a: Regice
|-heal|p1a: Sinistcha|57/100
|move|p2a: Regice|Rest|p2a: Regice
|-status|p2a: Regice|slp|[from] move: Rest
|-heal|p2a: Regice|100/100 slp|[silent]
|
|upkeep
|turn|24
|
|t:|1779811691
|move|p1a: Sinistcha|Calm Mind|p1a: Sinistcha
|-boost|p1a: Sinistcha|spa|1
|-boost|p1a: Sinistcha|spd|1
|cant|p2a: Regice|slp
|move|p2a: Regice|Sleep Talk|p2a: Regice
|move|p2a: Regice|Thunderbolt|p1a: Sinistcha|[from] move: Sleep Talk
|-resisted|p1a: Sinistcha
|-damage|p1a: Sinistcha|48/100
|
|upkeep
|turn|25
|
|t:|1779811699
|move|p1a: Sinistcha|Calm Mind|p1a: Sinistcha
|-boost|p1a: Sinistcha|spa|1
|-boost|p1a: Sinistcha|spd|1
|cant|p2a: Regice|slp
|move|p2a: Regice|Sleep Talk|p2a: Regice
|move|p2a: Regice|Ice Beam|p1a: Sinistcha|[from] move: Sleep Talk
|-supereffective|p1a: Sinistcha
|-crit|p1a: Sinistcha
|-damage|p1a: Sinistcha|0 fnt
|faint|p1a: Sinistcha
|
|upkeep
|c|☆lirrodpokemon|:(
|
|t:|1779811716
|switch|p1a: Darkrai|Darkrai|100/100
|-damage|p1a: Darkrai|88/100|[from] Stealth Rock
|turn|26
|
|t:|1779811720
|move|p1a: Darkrai|Trick|p2a: Regice
|-activate|p1a: Darkrai|move: Trick|[of] p2a: Regice
|-item|p2a: Regice|Choice Scarf|[from] move: Trick
|-item|p1a: Darkrai|Heavy-Duty Boots|[from] move: Trick
|-curestatus|p2a: Regice|slp|[msg]
|move|p2a: Regice|Ice Beam|p1a: Darkrai
|-damage|p1a: Darkrai|33/100
|
|upkeep
|turn|27
|
|t:|1779811729
|move|p1a: Darkrai|Dark Pulse|p2a: Regice
|-damage|p2a: Regice|78/100
|move|p2a: Regice|Ice Beam|p1a: Darkrai
|-damage|p1a: Darkrai|0 fnt
|faint|p1a: Darkrai
|
|upkeep
|-message|lirrodpokemon forfeited.
|
|win|TheBevenator
|raw|lirrodpokemon's rating: 1323 &rarr; <strong>1302</strong><br />(-21 for losing)
|raw|TheBevenator's rating: 1307 &rarr; <strong>1328</strong><br />(+21 for winning)
|l|☆lirrodpokemon
|player|p1|
|l|☆TheBevenator
|player|p2|
