|j|☆LFGM157
|j|☆Volga123
|t:|1779966066
|gametype|singles
|player|p1|LFGM157|volkner|1435
|player|p2|Volga123|cynthia|1398
|gen|9
|tier|[Gen 9] OU
|rated|
|rule|HP Percentage Mod: HP is shown in percentages
|rule|Endless Battle Clause: Forcing endless battles is banned
|rule|Species Clause: Limit one of each Pokémon
|rule|OHKO Clause: OHKO moves are banned
|rule|Evasion Items Clause: Evasion items are banned
|rule|Evasion Moves Clause: Evasion moves are banned
|rule|Evasion Abilities Clause: Evasion abilities are banned
|rule|Sleep Moves Clause: Sleep-inducing moves are banned
|clearpoke
|poke|p1|Gliscor, M|
|poke|p1|Gholdengo|
|poke|p1|Dragonite, F|
|poke|p1|Ting-Lu|
|poke|p1|Darkrai|
|poke|p1|Zamazenta-*|
|poke|p2|Clodsire, F|
|poke|p2|Cinccino, M|
|poke|p2|Milotic, F|
|poke|p2|Arcanine-Hisui, M|
|poke|p2|Houndstone, F|
|poke|p2|Lurantis, F|
|teampreview
|inactive|Battle timer is ON: inactive players will automatically lose when time's up. (requested by Volga123)
|
|t:|1779966078
|teamsize|p1|6
|teamsize|p2|6
|start
|switch|p1a: Gholdengo|Gholdengo|100/100
|switch|p2a: Milotic|Milotic, F|100/100
|turn|1
|
|t:|1779966082
|move|p1a: Gholdengo|Trick|p2a: Milotic
|-activate|p1a: Gholdengo|move: Trick|[of] p2a: Milotic
|-item|p2a: Milotic|Choice Scarf|[from] move: Trick
|-item|p1a: Gholdengo|Assault Vest|[from] move: Trick
|move|p2a: Milotic|Scald|p1a: Gholdengo
|-damage|p1a: Gholdengo|71/100
|
|upkeep
|turn|2
|
|t:|1779966089
|move|p2a: Milotic|Scald|p1a: Gholdengo
|-damage|p1a: Gholdengo|41/100
|-status|p1a: Gholdengo|brn
|move|p1a: Gholdengo|Shadow Ball|p2a: Milotic
|-damage|p2a: Milotic|69/100
|
|-damage|p1a: Gholdengo|35/100 brn|[from] brn
|upkeep
|turn|3
|
|t:|1779966098
|switch|p1a: Ting-Lu|Ting-Lu|100/100
|-ability|p1a: Ting-Lu|Vessel of Ruin
|move|p2a: Milotic|Scald|p1a: Ting-Lu
|-supereffective|p1a: Ting-Lu
|-damage|p1a: Ting-Lu|65/100
|-status|p1a: Ting-Lu|brn
|
|-heal|p1a: Ting-Lu|72/100 brn|[from] item: Leftovers
|-damage|p1a: Ting-Lu|65/100 brn|[from] brn
|upkeep
|turn|4
|
|t:|1779966104
|switch|p2a: Cinccino|Cinccino, M|100/100
|move|p1a: Ting-Lu|Stealth Rock|p2a: Cinccino
|-sidestart|p2: Volga123|move: Stealth Rock
|
|-heal|p1a: Ting-Lu|72/100 brn|[from] item: Leftovers
|-damage|p1a: Ting-Lu|65/100 brn|[from] brn
|upkeep
|turn|5
|
|t:|1779966111
|switch|p1a: Gholdengo|Gholdengo|35/100 brn
|move|p2a: Cinccino|Tidy Up|p2a: Cinccino
|-sideend|p2: Volga123|Stealth Rock
|-activate|p2a: Cinccino|move: Tidy Up
|-boost|p2a: Cinccino|atk|1
|-boost|p2a: Cinccino|spe|1
|
|-damage|p1a: Gholdengo|29/100 brn|[from] brn
|upkeep
|turn|6
|
|t:|1779966115
|switch|p1a: Zamazenta|Zamazenta|100/100
|-ability|p1a: Zamazenta|Dauntless Shield|boost
|-boost|p1a: Zamazenta|def|1
|move|p2a: Cinccino|Bullet Seed|p1a: Zamazenta
|-damage|p1a: Zamazenta|90/100
|-damage|p1a: Zamazenta|79/100
|-damage|p1a: Zamazenta|68/100
|-damage|p1a: Zamazenta|58/100
|-damage|p1a: Zamazenta|48/100
|-hitcount|p1a: Zamazenta|5
|
|upkeep
|turn|7
|
|t:|1779966123
|move|p2a: Cinccino|Tail Slap|p1a: Zamazenta
|-damage|p1a: Zamazenta|31/100
|-damage|p1a: Zamazenta|14/100
|-damage|p1a: Zamazenta|0 fnt
|faint|p1a: Zamazenta
|-hitcount|p1: Zamazenta|3
|
|upkeep
|
|t:|1779966128
|switch|p1a: Dragonite|Dragonite, F|100/100
|turn|8
|
|t:|1779966131
|-terastallize|p1a: Dragonite|Normal
|move|p1a: Dragonite|Extreme Speed|p2a: Cinccino
|-damage|p2a: Cinccino|16/100
|move|p2a: Cinccino|Rock Blast|p1a: Dragonite
|-damage|p1a: Dragonite|92/100
|-damage|p1a: Dragonite|74/100
|-damage|p1a: Dragonite|56/100
|-damage|p1a: Dragonite|41/100
|-damage|p1a: Dragonite|24/100
|-hitcount|p1a: Dragonite|5
|
|upkeep
|turn|9
|
|t:|1779966138
|-terastallize|p2a: Cinccino|Ghost
|move|p1a: Dragonite|Extreme Speed|p2a: Cinccino
|-immune|p2a: Cinccino
|move|p2a: Cinccino|Bullet Seed|p1a: Dragonite
|-damage|p1a: Dragonite|7/100
|-damage|p1a: Dragonite|0 fnt
|faint|p1a: Dragonite
|-hitcount|p1: Dragonite|2
|
|upkeep
|
|t:|1779966147
|switch|p1a: Gliscor|Gliscor, M|100/100
|turn|10
|
|t:|1779966150
|move|p2a: Cinccino|Tail Slap|p1a: Gliscor
|-damage|p1a: Gliscor|85/100
|-damage|p1a: Gliscor|70/100
|-damage|p1a: Gliscor|55/100
|-damage|p1a: Gliscor|39/100
|-damage|p1a: Gliscor|25/100
|-hitcount|p1a: Gliscor|5
|move|p1a: Gliscor|Earthquake|p2a: Cinccino
|-damage|p2a: Cinccino|0 fnt
|faint|p2a: Cinccino
|
|-status|p1a: Gliscor|tox|[from] item: Toxic Orb
|upkeep
|
|t:|1779966161
|switch|p2a: Milotic|Milotic, F|69/100
|turn|11
|
|t:|1779966165
|move|p1a: Gliscor|Protect|p1a: Gliscor
|-singleturn|p1a: Gliscor|Protect
|move|p2a: Milotic|Scald|p1a: Gliscor
|-activate|p1a: Gliscor|move: Protect
|
|-heal|p1a: Gliscor|37/100 tox|[from] ability: Poison Heal
|upkeep
|turn|12
|
|t:|1779966167
|move|p2a: Milotic|Scald|p1a: Gliscor
|-supereffective|p1a: Gliscor
|-damage|p1a: Gliscor|0 fnt
|faint|p1a: Gliscor
|
|upkeep
|
|t:|1779966170
|switch|p1a: Darkrai|Darkrai|100/100
|turn|13
|
|t:|1779966173
|move|p1a: Darkrai|Dark Pulse|p2a: Milotic
|-damage|p2a: Milotic|38/100
|move|p2a: Milotic|Scald|p1a: Darkrai
|-damage|p1a: Darkrai|54/100
|
|upkeep
|turn|14
|
|t:|1779966181
|switch|p2a: Clodsire|Clodsire, F|100/100
|move|p1a: Darkrai|Dark Pulse|p2a: Clodsire
|-damage|p2a: Clodsire|69/100
|
|-heal|p2a: Clodsire|75/100|[from] item: Black Sludge
|upkeep
|turn|15
|
|t:|1779966186
|move|p1a: Darkrai|Ice Beam|p2a: Clodsire
|-supereffective|p2a: Clodsire
|-damage|p2a: Clodsire|26/100
|-status|p2a: Clodsire|frz
|cant|p2a: Clodsire|frz
|
|-heal|p2a: Clodsire|32/100 frz|[from] item: Black Sludge
|upkeep
|turn|16
|
|t:|1779966189
|move|p1a: Darkrai|Ice Beam|p2a: Clodsire
|-supereffective|p2a: Clodsire
|-damage|p2a: Clodsire|0 fnt
|faint|p2a: Clodsire
|
|upkeep
|
|t:|1779966202
|switch|p2a: Milotic|Milotic, F|38/100
|turn|17
|
|t:|1779966206
|move|p1a: Darkrai|Dark Pulse|p2a: Milotic
|-damage|p2a: Milotic|9/100
|move|p2a: Milotic|Alluring Voice|p1a: Darkrai
|-supereffective|p1a: Darkrai
|-damage|p1a: Darkrai|0 fnt
|faint|p1a: Darkrai
|
|upkeep
|
|t:|1779966210
|switch|p1a: Gholdengo|Gholdengo|29/100 brn
|turn|18
|
|t:|1779966213
|switch|p2a: Arcanine|Arcanine-Hisui, M|100/100
|move|p1a: Gholdengo|Shadow Ball|p2a: Arcanine
|-damage|p2a: Arcanine|49/100
|
|-damage|p1a: Gholdengo|23/100 brn|[from] brn
|upkeep
|turn|19
|-message|LFGM157 forfeited.
|
|win|Volga123
|raw|LFGM157's rating: 1435 &rarr; <strong>1413</strong><br />(-22 for losing)
|raw|Volga123's rating: 1398 &rarr; <strong>1420</strong><br />(+22 for winning)
|l|☆LFGM157
|player|p1|
|l|☆Volga123
|player|p2|
