|j|☆showdowngodz
|j|☆hattybatty304
|t:|1779808400
|gametype|singles
|player|p1|showdowngodz|n-masters|1187
|player|p2|hattybatty304|swimmerf|1271
|gen|9
|tier|[Gen 9] OU
|rated|
|rule|HP Percentage Mod: HP is shown in percentages
|rule|Endless Battle Clause: Forcing endless battles is banned
|rule|Species Clause: Limit one of each Pokémon
|rule|OHKO Clause: OHKO moves are banned
|rule|Evasion Items Clause: Evasion items are banned
|rule|Evasion Moves Clause: Evasion moves are banned
|rule|Evasion Abilities Clause: Evasion abilities are banned
|rule|Sleep Moves Clause: Sleep-inducing moves are banned
|clearpoke
|poke|p1|Ninetales, F|
|poke|p1|Walking Wake|
|poke|p1|Venusaur, F|
|poke|p1|Great Tusk|
|poke|p1|Hatterene, F|
|poke|p1|Ceruledge, M|
|poke|p2|Hatterene, F|
|poke|p2|Meowscarada, F|
|poke|p2|Primarina, F|
|poke|p2|Cinderace, F|
|poke|p2|Pecharunt|
|poke|p2|Minior|
|teampreview
|inactive|Battle timer is ON: inactive players will automatically lose when time's up. (requested by hattybatty304)
|
|t:|1779808418
|teamsize|p1|6
|teamsize|p2|6
|start
|switch|p1a: Ninetales|Ninetales, F|100/100
|switch|p2a: fatty|Hatterene, F|100/100
|-weather|SunnyDay|[from] ability: Drought|[of] p1a: Ninetales
|turn|1
|c|☆showdowngodz|glhf
|
|t:|1779808425
|move|p1a: Ninetales|Weather Ball|p2a: fatty
|-damage|p2a: fatty|77/100
|move|p2a: fatty|Nuzzle|p1a: Ninetales
|-damage|p1a: Ninetales|95/100
|-status|p1a: Ninetales|par
|
|-weather|SunnyDay|[upkeep]
|upkeep
|turn|2
|
|t:|1779808433
|move|p1a: Ninetales|Encore|p2a: fatty
|move|p2a: fatty|Encore||[from] ability: Magic Bounce|[still]
|-fail|p2a: fatty
|move|p2a: fatty|Psychic Noise|p1a: Ninetales
|-damage|p1a: Ninetales|61/100 par
|-start|p1a: Ninetales|move: Heal Block
|
|-weather|SunnyDay|[upkeep]
|upkeep
|turn|3
|
|t:|1779808441
|move|p1a: Ninetales|Weather Ball|p2a: fatty
|-damage|p2a: fatty|56/100
|move|p2a: fatty|Psychic Noise|p1a: Ninetales
|-damage|p1a: Ninetales|26/100 par
|
|-weather|SunnyDay|[upkeep]
|-end|p1a: Ninetales|move: Heal Block
|upkeep
|turn|4
|
|t:|1779808450
|switch|p1a: Hatterene|Hatterene, F|100/100
|move|p2a: fatty|Nuzzle|p1a: Hatterene
|-damage|p1a: Hatterene|97/100
|-status|p1a: Hatterene|par
|-enditem|p1a: Hatterene|Eject Button
|
|t:|1779808475
|switch|p1a: Venusaur|Venusaur, F|100/100
|
|-weather|SunnyDay|[upkeep]
|upkeep
|turn|5
|
|t:|1779808480
|-terastallize|p1a: Venusaur|Fire
|move|p1a: Venusaur|Weather Ball|p2a: fatty
|-damage|p2a: fatty|14/100
|-damage|p1a: Venusaur|91/100|[from] item: Life Orb
|move|p2a: fatty|Psychic Noise|p1a: Venusaur
|-damage|p1a: Venusaur|54/100
|-start|p1a: Venusaur|move: Heal Block
|
|-weather|SunnyDay|[upkeep]
|upkeep
|turn|6
|
|t:|1779808492
|move|p1a: Venusaur|Sludge Bomb|p2a: fatty
|-supereffective|p2a: fatty
|-damage|p2a: fatty|0 fnt
|faint|p2a: fatty
|-damage|p1a: Venusaur|44/100|[from] item: Life Orb
|
|-weather|SunnyDay|[upkeep]
|-end|p1a: Venusaur|move: Heal Block
|upkeep
|
|t:|1779808503
|switch|p2a: TakeYoMan|Meowscarada, F|100/100
|turn|7
|
|t:|1779808515
|move|p2a: TakeYoMan|Sucker Punch|p1a: Venusaur
|-start|p2a: TakeYoMan|typechange|Dark|[from] ability: Protean
|-crit|p1a: Venusaur
|-damage|p1a: Venusaur|0 fnt
|faint|p1a: Venusaur
|
|-weather|SunnyDay|[upkeep]
|upkeep
|
|t:|1779808534
|switch|p1a: Great Tusk|Great Tusk|100/100
|-activate|p1a: Great Tusk|ability: Protosynthesis
|-start|p1a: Great Tusk|protosynthesisspe
|turn|8
|
|t:|1779808538
|switch|p2a: roxxy|Minior|100/100
|-formechange|p2a: roxxy|Minior-Meteor||[from] ability: Shields Down
|move|p1a: Great Tusk|Stealth Rock|p2a: roxxy
|-sidestart|p2: hattybatty304|move: Stealth Rock
|
|-weather|none
|-end|p1a: Great Tusk|Protosynthesis
|upkeep
|turn|9
|
|t:|1779808545
|move|p1a: Great Tusk|Ice Spinner|p2a: roxxy
|-supereffective|p2a: roxxy
|-damage|p2a: roxxy|45/100
|move|p2a: roxxy|Shell Smash|p2a: roxxy
|-unboost|p2a: roxxy|def|1
|-unboost|p2a: roxxy|spd|1
|-boost|p2a: roxxy|atk|2
|-boost|p2a: roxxy|spa|2
|-boost|p2a: roxxy|spe|2
|-enditem|p2a: roxxy|White Herb
|-clearnegativeboost|p2a: roxxy|[silent]
|
|-formechange|p2a: roxxy|Minior||[from] ability: Shields Down
|upkeep
|turn|10
|
|t:|1779808551
|move|p2a: roxxy|Acrobatics|p1a: Great Tusk
|-supereffective|p1a: Great Tusk
|-damage|p1a: Great Tusk|0 fnt
|faint|p1a: Great Tusk
|-end|p1a: Great Tusk|Protosynthesis|[silent]
|
|upkeep
|
|t:|1779808554
|switch|p1a: Ninetales|Ninetales, F|26/100 par
|-weather|SunnyDay|[from] ability: Drought|[of] p1a: Ninetales
|turn|11
|
|t:|1779808560
|move|p2a: roxxy|Acrobatics|p1a: Ninetales
|-damage|p1a: Ninetales|0 fnt
|faint|p1a: Ninetales
|
|-weather|SunnyDay|[upkeep]
|upkeep
|
|t:|1779808567
|switch|p1a: Ceruledge|Ceruledge, M|100/100
|turn|12
|
|t:|1779808573
|move|p2a: roxxy|Power Gem|p1a: Ceruledge
|-supereffective|p1a: Ceruledge
|-enditem|p1a: Ceruledge|Focus Sash
|-damage|p1a: Ceruledge|1/100
|move|p1a: Ceruledge|Swords Dance|p1a: Ceruledge
|-boost|p1a: Ceruledge|atk|2
|
|-weather|SunnyDay|[upkeep]
|upkeep
|turn|13
|
|t:|1779808580
|move|p1a: Ceruledge|Shadow Sneak|p2a: roxxy
|-crit|p2a: roxxy
|-damage|p2a: roxxy|0 fnt
|faint|p2a: roxxy
|
|-weather|SunnyDay|[upkeep]
|upkeep
|
|t:|1779808586
|switch|p2a: Lm10|Cinderace, F|100/100
|-damage|p2a: Lm10|76/100|[from] Stealth Rock
|turn|14
|
|t:|1779808593
|move|p2a: Lm10|Sucker Punch|p1a: Ceruledge
|-start|p2a: Lm10|typechange|Dark|[from] ability: Libero
|-supereffective|p1a: Ceruledge
|-damage|p1a: Ceruledge|0 fnt
|faint|p1a: Ceruledge
|
|-weather|SunnyDay|[upkeep]
|upkeep
|c|☆showdowngodz|I could’ve sworn shadow sneak has more priority
|
|t:|1779808610
|switch|p1a: Walking Wake|Walking Wake|100/100
|-activate|p1a: Walking Wake|ability: Protosynthesis
|-start|p1a: Walking Wake|protosynthesisspe
|turn|15
|
|t:|1779808617
|move|p2a: Lm10|Sucker Punch|p1a: Walking Wake
|-damage|p1a: Walking Wake|67/100
|move|p1a: Walking Wake|Hydro Steam|p2a: Lm10
|-crit|p2a: Lm10
|-damage|p2a: Lm10|0 fnt
|faint|p2a: Lm10
|
|-weather|SunnyDay|[upkeep]
|upkeep
|
|t:|1779808622
|switch|p2a: Rapunzil|Primarina, F, shiny|100/100
|-damage|p2a: Rapunzil|88/100|[from] Stealth Rock
|turn|16
|
|t:|1779808631
|-terastallize|p2a: Rapunzil|Steel
|move|p1a: Walking Wake|Hydro Steam|p2a: Rapunzil
|-damage|p2a: Rapunzil|44/100
|move|p2a: Rapunzil|Draining Kiss|p1a: Walking Wake
|-supereffective|p1a: Walking Wake
|-damage|p1a: Walking Wake|9/100
|-heal|p2a: Rapunzil|85/100|[from] drain|[of] p1a: Walking Wake
|
|-weather|SunnyDay|[upkeep]
|upkeep
|turn|17
|
|t:|1779808638
|move|p1a: Walking Wake|Hydro Steam|p2a: Rapunzil
|-damage|p2a: Rapunzil|38/100
|move|p2a: Rapunzil|Draining Kiss|p1a: Walking Wake
|-supereffective|p1a: Walking Wake
|-damage|p1a: Walking Wake|0 fnt
|-heal|p2a: Rapunzil|44/100|[from] drain|[of] p1a: Walking Wake
|faint|p1a: Walking Wake
|-end|p1a: Walking Wake|Protosynthesis|[silent]
|
|-weather|SunnyDay|[upkeep]
|upkeep
|
|t:|1779808642
|switch|p1a: Hatterene|Hatterene, F|97/100 par
|turn|18
|
|t:|1779808653
|move|p2a: Rapunzil|Shadow Ball|p1a: Hatterene
|-supereffective|p1a: Hatterene
|-damage|p1a: Hatterene|36/100 par
|move|p1a: Hatterene|Nuzzle|p2a: Rapunzil
|-damage|p2a: Rapunzil|39/100
|-status|p2a: Rapunzil|par
|
|-weather|none
|upkeep
|turn|19
|
|t:|1779808658
|cant|p2a: Rapunzil|par
|move|p1a: Hatterene|Psychic Noise|p2a: Rapunzil
|-resisted|p2a: Rapunzil
|-damage|p2a: Rapunzil|31/100 par
|-start|p2a: Rapunzil|move: Heal Block
|
|upkeep
|turn|20
|
|t:|1779808664
|cant|p2a: Rapunzil|par
|cant|p1a: Hatterene|par
|
|-end|p2a: Rapunzil|move: Heal Block
|upkeep
|turn|21
|
|t:|1779808667
|move|p2a: Rapunzil|Shadow Ball|p1a: Hatterene
|-supereffective|p1a: Hatterene
|-damage|p1a: Hatterene|0 fnt
|faint|p1a: Hatterene
|
|win|hattybatty304
|raw|showdowngodz's rating: 1187 &rarr; <strong>1168</strong><br />(-19 for losing)
|raw|hattybatty304's rating: 1271 &rarr; <strong>1290</strong><br />(+19 for winning)
|c|☆hattybatty304|Gg
|l|☆hattybatty304
|player|p2|
|c|☆showdowngodz|gg I guess
|l|☆showdowngodz
|player|p1|
