|j|☆future94
|j|☆stone douchebag
|t:|1779934652
|gametype|singles
|player|p1|future94|2|1452
|player|p2|stone douchebag|265|1388
|gen|9
|tier|[Gen 9] OU
|rated|
|rule|HP Percentage Mod: HP is shown in percentages
|rule|Endless Battle Clause: Forcing endless battles is banned
|rule|Species Clause: Limit one of each Pokémon
|rule|OHKO Clause: OHKO moves are banned
|rule|Evasion Items Clause: Evasion items are banned
|rule|Evasion Moves Clause: Evasion moves are banned
|rule|Evasion Abilities Clause: Evasion abilities are banned
|rule|Sleep Moves Clause: Sleep-inducing moves are banned
|clearpoke
|poke|p1|Ninetales, F|
|poke|p1|Walking Wake|
|poke|p1|Cinderace, M|
|poke|p1|Great Tusk|
|poke|p1|Cresselia, F|
|poke|p1|Blaziken, M|
|poke|p2|Dondozo, M|
|poke|p2|Skarmory, M|
|poke|p2|Vileplume, M|
|poke|p2|Gliscor, F|
|poke|p2|Blissey, F|
|poke|p2|Clefable, F|
|teampreview
|
|t:|1779934669
|teamsize|p1|6
|teamsize|p2|6
|start
|switch|p1a: Ninetales|Ninetales, F, shiny|100/100
|switch|p2a: Blissey?|Clefable, F|100/100
|-weather|SunnyDay|[from] ability: Drought|[of] p1a: Ninetales
|turn|1
|
|t:|1779934677
|move|p1a: Ninetales|Will-O-Wisp|p2a: Blissey?
|-status|p2a: Blissey?|brn
|move|p2a: Blissey?|Stealth Rock|p1a: Ninetales
|-sidestart|p1: future94|move: Stealth Rock
|
|-weather|SunnyDay|[upkeep]
|upkeep
|turn|2
|
|t:|1779934686
|switch|p2a: Landorus-Therian?|Gliscor, F|100/100
|move|p1a: Ninetales|Encore||[still]
|-fail|p1a: Ninetales
|
|-weather|SunnyDay|[upkeep]
|-status|p2a: Landorus-Therian?|tox|[from] item: Toxic Orb
|upkeep
|turn|3
|
|t:|1779934707
|switch|p1a: Great Tusk|Great Tusk|100/100
|-damage|p1a: Great Tusk|98/100|[from] Stealth Rock
|-activate|p1a: Great Tusk|ability: Protosynthesis
|-start|p1a: Great Tusk|protosynthesisatk
|move|p2a: Landorus-Therian?|Toxic|p1a: Great Tusk
|-status|p1a: Great Tusk|tox
|
|-weather|SunnyDay|[upkeep]
|-heal|p1a: Great Tusk|100/100 tox|[from] item: Leftovers
|-damage|p1a: Great Tusk|94/100 tox|[from] psn
|upkeep
|turn|4
|
|t:|1779934717
|-end|p1a: Great Tusk|Protosynthesis|[silent]
|switch|p1a: Walking Wake|Walking Wake|100/100
|-damage|p1a: Walking Wake|88/100|[from] Stealth Rock
|-activate|p1a: Walking Wake|ability: Protosynthesis
|-start|p1a: Walking Wake|protosynthesisspa
|move|p2a: Landorus-Therian?|Protect||[still]
|-fail|p2a: Landorus-Therian?
|
|-weather|SunnyDay|[upkeep]
|upkeep
|turn|5
|
|t:|1779934725
|switch|p2a: Clefable?|Blissey, F|100/100
|-terastallize|p1a: Walking Wake|Water
|move|p1a: Walking Wake|Hydro Steam|p2a: Clefable?
|-damage|p2a: Clefable?|43/100
|
|-weather|SunnyDay|[upkeep]
|upkeep
|turn|6
|inactive|Battle timer is ON: inactive players will automatically lose when time's up. (requested by future94)
|c|☆stone douchebag|oh my god bruh
|c|☆future94|LMFAOOO
|c|☆stone douchebag|im dead aint i
|inactive|stone douchebag has 120 seconds left.
|c|☆future94|ya
|
|t:|1779934780
|move|p1a: Walking Wake|Hydro Steam|p2a: Clefable?
|-damage|p2a: Clefable?|0 fnt
|faint|p2a: Clefable?
|
|-weather|SunnyDay|[upkeep]
|upkeep
|
|t:|1779934783
|switch|p2a: Amoongus?|Vileplume, M|100/100
|turn|7
|
|t:|1779934793
|-end|p1a: Walking Wake|Protosynthesis|[silent]
|switch|p1a: Great Tusk|Great Tusk|94/100 tox
|-damage|p1a: Great Tusk|91/100 tox|[from] Stealth Rock
|-activate|p1a: Great Tusk|ability: Protosynthesis
|-start|p1a: Great Tusk|protosynthesisatk
|move|p2a: Amoongus?|Strength Sap|p1a: Great Tusk
|-unboost|p1a: Great Tusk|atk|1
|
|-weather|SunnyDay|[upkeep]
|-heal|p1a: Great Tusk|98/100 tox|[from] item: Leftovers
|-damage|p1a: Great Tusk|91/100 tox|[from] psn
|upkeep
|turn|8
|
|t:|1779934806
|switch|p2a: Corviknight?|Skarmory, M|100/100
|move|p1a: Great Tusk|Rapid Spin|p2a: Corviknight?
|-resisted|p2a: Corviknight?
|-damage|p2a: Corviknight?|96/100
|-boost|p1a: Great Tusk|spe|1
|-damage|p1a: Great Tusk|75/100 tox|[from] item: Rocky Helmet|[of] p2a: Corviknight?
|-sideend|p1: future94|Stealth Rock|[from] move: Rapid Spin|[of] p1a: Great Tusk
|
|-weather|none
|-end|p1a: Great Tusk|Protosynthesis
|-heal|p1a: Great Tusk|81/100 tox|[from] item: Leftovers
|-damage|p1a: Great Tusk|69/100 tox|[from] psn
|upkeep
|turn|9
|
|t:|1779934827
|-end|p1a: Great Tusk|Protosynthesis|[silent]
|switch|p1a: Ninetales|Ninetales, F, shiny|100/100
|-weather|SunnyDay|[from] ability: Drought|[of] p1a: Ninetales
|move|p2a: Corviknight?|Spikes|p1a: Ninetales
|-sidestart|p1: future94|Spikes
|
|-weather|SunnyDay|[upkeep]
|upkeep
|turn|10
|
|t:|1779934839
|switch|p1a: Cinderace|Cinderace, M|100/100
|switch|p2a: Blissey?|Clefable, F|100/100 brn
|
|-weather|SunnyDay|[upkeep]
|upkeep
|turn|11
|
|t:|1779934847
|switch|p1a: Great Tusk|Great Tusk|69/100 tox
|-damage|p1a: Great Tusk|56/100 tox|[from] Spikes
|-activate|p1a: Great Tusk|ability: Protosynthesis
|-start|p1a: Great Tusk|protosynthesisatk
|move|p2a: Blissey?|Knock Off|p1a: Great Tusk
|-resisted|p1a: Great Tusk
|-damage|p1a: Great Tusk|53/100 tox
|-enditem|p1a: Great Tusk|Leftovers|[from] move: Knock Off|[of] p2a: Blissey?
|
|-weather|SunnyDay|[upkeep]
|-damage|p1a: Great Tusk|47/100 tox|[from] psn
|upkeep
|turn|12
|
|t:|1779934858
|move|p1a: Great Tusk|Knock Off|p2a: Blissey?
|-resisted|p2a: Blissey?
|-damage|p2a: Blissey?|75/100 brn
|-enditem|p2a: Blissey?|Leftovers|[from] move: Knock Off|[of] p1a: Great Tusk
|move|p2a: Blissey?|Moonblast|p1a: Great Tusk
|-supereffective|p1a: Great Tusk
|-damage|p1a: Great Tusk|0 fnt
|faint|p1a: Great Tusk
|-end|p1a: Great Tusk|Protosynthesis|[silent]
|
|-weather|SunnyDay|[upkeep]
|upkeep
|
|t:|1779934866
|switch|p1a: Walking Wake|Walking Wake, tera:Water|88/100
|-damage|p1a: Walking Wake|76/100|[from] Spikes
|-activate|p1a: Walking Wake|ability: Protosynthesis
|-start|p1a: Walking Wake|protosynthesisspa
|turn|13
|
|t:|1779934887
|move|p1a: Walking Wake|Hydro Steam|p2a: Blissey?
|-damage|p2a: Blissey?|0 fnt
|faint|p2a: Blissey?
|
|-weather|SunnyDay|[upkeep]
|upkeep
|
|t:|1779934890
|switch|p2a: Amoongus?|Vileplume, M|100/100
|turn|14
|
|t:|1779934900
|-end|p1a: Walking Wake|Protosynthesis|[silent]
|switch|p1a: Cresselia|Cresselia, F|100/100
|move|p2a: Amoongus?|Toxic|p1a: Cresselia
|-status|p1a: Cresselia|tox
|
|-weather|SunnyDay|[upkeep]
|-damage|p1a: Cresselia|94/100 tox|[from] psn
|upkeep
|turn|15
|inactive|stone douchebag has 120 seconds left.
|
|t:|1779934934
|move|p1a: Cresselia|Psychic|p2a: Amoongus?
|-supereffective|p2a: Amoongus?
|-damage|p2a: Amoongus?|52/100
|move|p2a: Amoongus?|Leech Seed|p1a: Cresselia
|-start|p1a: Cresselia|move: Leech Seed
|
|-weather|SunnyDay|[upkeep]
|-damage|p1a: Cresselia|82/100 tox|[from] Leech Seed|[of] p2a: Amoongus?
|-heal|p2a: Amoongus?|68/100|[silent]
|-damage|p1a: Cresselia|70/100 tox|[from] psn
|upkeep
|turn|16
|inactive|stone douchebag has 120 seconds left.
|
|t:|1779934945
|switch|p1a: Cinderace|Cinderace, M|100/100
|move|p2a: Amoongus?|Strength Sap|p1a: Cinderace
|-unboost|p1a: Cinderace|atk|1
|-heal|p2a: Amoongus?|100/100
|
|-weather|none
|upkeep
|turn|17
|
|t:|1779934958
|move|p1a: Cinderace|Court Change|p1a: Cinderace
|-swapsideconditions
|-activate|p1a: Cinderace|move: Court Change
|move|p2a: Amoongus?|Toxic|p1a: Cinderace
|-status|p1a: Cinderace|tox
|
|-damage|p1a: Cinderace|94/100 tox|[from] psn
|upkeep
|turn|18
|
|t:|1779934965
|switch|p2a: Landorus-Therian?|Gliscor, F|100/100 tox
|move|p1a: Cinderace|U-turn|p2a: Landorus-Therian?
|-resisted|p2a: Landorus-Therian?
|-damage|p2a: Landorus-Therian?|96/100 tox
|
|t:|1779934970
|switch|p1a: Walking Wake|Walking Wake, tera:Water|76/100|[from] U-turn
|
|-heal|p2a: Landorus-Therian?|100/100 tox|[from] ability: Poison Heal
|upkeep
|turn|19
|
|t:|1779934977
|-end|p1a: Walking Wake|Protosynthesis|[silent]
|switch|p1a: Ninetales|Ninetales, F, shiny|100/100
|-weather|SunnyDay|[from] ability: Drought|[of] p1a: Ninetales
|switch|p2a: Amoongus?|Vileplume, M|100/100
|
|-weather|SunnyDay|[upkeep]
|upkeep
|turn|20
|
|t:|1779934985
|-terastallize|p2a: Amoongus?|Water
|move|p1a: Ninetales|Flamethrower|p2a: Amoongus?
|-resisted|p2a: Amoongus?
|-damage|p2a: Amoongus?|82/100
|move|p2a: Amoongus?|Toxic|p1a: Ninetales
|-status|p1a: Ninetales|tox
|
|-weather|SunnyDay|[upkeep]
|-damage|p1a: Ninetales|94/100 tox|[from] psn
|upkeep
|turn|21
|
|t:|1779934995
|move|p1a: Ninetales|Encore|p2a: Amoongus?
|-start|p2a: Amoongus?|Encore
|move|p2a: Amoongus?|Toxic|p1a: Ninetales|[miss]
|-miss|p2a: Amoongus?|p1a: Ninetales
|
|-weather|SunnyDay|[upkeep]
|-damage|p1a: Ninetales|82/100 tox|[from] psn
|upkeep
|turn|22
|
|t:|1779935005
|switch|p1a: Cinderace|Cinderace, M|94/100 tox
|move|p2a: Amoongus?|Toxic|p1a: Cinderace
|-fail|p1a: Cinderace|tox
|
|-weather|SunnyDay|[upkeep]
|-damage|p1a: Cinderace|88/100 tox|[from] psn
|upkeep
|turn|23
|
|t:|1779935017
|switch|p2a: Landorus-Therian?|Gliscor, F|100/100 tox
|move|p1a: Cinderace|Pyro Ball|p2a: Landorus-Therian?
|-damage|p2a: Landorus-Therian?|45/100 tox
|
|-weather|SunnyDay|[upkeep]
|-damage|p1a: Cinderace|76/100 tox|[from] psn
|-heal|p2a: Landorus-Therian?|57/100 tox|[from] ability: Poison Heal
|upkeep
|turn|24
|
|t:|1779935027
|switch|p1a: Walking Wake|Walking Wake, tera:Water|76/100
|-activate|p1a: Walking Wake|ability: Protosynthesis
|-start|p1a: Walking Wake|protosynthesisspa
|switch|p2a: Amoongus?|Vileplume, M, tera:Water|82/100
|
|-weather|SunnyDay|[upkeep]
|upkeep
|turn|25
|
|t:|1779935035
|move|p1a: Walking Wake|Hydro Steam|p2a: Amoongus?
|-resisted|p2a: Amoongus?
|-damage|p2a: Amoongus?|0 fnt
|faint|p2a: Amoongus?
|
|-weather|SunnyDay|[upkeep]
|upkeep
|c|☆stone douchebag|fuuuck
|
|t:|1779935042
|switch|p2a: Quagsire?|Dondozo, M|100/100
|turn|26
|
|t:|1779935048
|-end|p1a: Walking Wake|Protosynthesis|[silent]
|switch|p1a: Cinderace|Cinderace, M|76/100 tox
|move|p2a: Quagsire?|Rest|p2a: Quagsire?
|-fail|p2a: Quagsire?|heal
|
|-weather|none
|-damage|p1a: Cinderace|70/100 tox|[from] psn
|upkeep
|turn|27
|
|t:|1779935058
|move|p1a: Cinderace|Will-O-Wisp|p2a: Quagsire?
|-status|p2a: Quagsire?|brn
|move|p2a: Quagsire?|Liquidation|p1a: Cinderace
|-supereffective|p1a: Cinderace
|-damage|p1a: Cinderace|37/100 tox
|
|-damage|p1a: Cinderace|25/100 tox|[from] psn
|-damage|p2a: Quagsire?|94/100 brn|[from] brn
|upkeep
|turn|28
|
|t:|1779935068
|switch|p2a: Landorus-Therian?|Gliscor, F|57/100 tox
|move|p1a: Cinderace|U-turn|p2a: Landorus-Therian?
|-resisted|p2a: Landorus-Therian?
|-damage|p2a: Landorus-Therian?|50/100 tox
|
|t:|1779935073
|switch|p1a: Walking Wake|Walking Wake, tera:Water|76/100|[from] U-turn
|
|-heal|p2a: Landorus-Therian?|62/100 tox|[from] ability: Poison Heal
|upkeep
|turn|29
|
|t:|1779935080
|move|p2a: Landorus-Therian?|Protect|p2a: Landorus-Therian?
|-singleturn|p2a: Landorus-Therian?|Protect
|move|p1a: Walking Wake|Hydro Steam|p2a: Landorus-Therian?
|-activate|p2a: Landorus-Therian?|move: Protect
|
|-heal|p2a: Landorus-Therian?|75/100 tox|[from] ability: Poison Heal
|upkeep
|turn|30
|
|t:|1779935087
|switch|p2a: Quagsire?|Dondozo, M|94/100 brn
|move|p1a: Walking Wake|Hydro Steam|p2a: Quagsire?
|-resisted|p2a: Quagsire?
|-damage|p2a: Quagsire?|53/100 brn
|
|-damage|p2a: Quagsire?|47/100 brn|[from] brn
|upkeep
|turn|31
|
|t:|1779935096
|-end|p1a: Walking Wake|Protosynthesis|[silent]
|switch|p1a: Ninetales|Ninetales, F, shiny|82/100 tox
|-weather|SunnyDay|[from] ability: Drought|[of] p1a: Ninetales
|move|p2a: Quagsire?|Rest|p2a: Quagsire?
|-status|p2a: Quagsire?|slp|[from] move: Rest
|-heal|p2a: Quagsire?|100/100 slp|[silent]
|
|-weather|SunnyDay|[upkeep]
|-damage|p1a: Ninetales|76/100 tox|[from] psn
|upkeep
|turn|32
|
|t:|1779935106
|switch|p1a: Walking Wake|Walking Wake, tera:Water|76/100
|-activate|p1a: Walking Wake|ability: Protosynthesis
|-start|p1a: Walking Wake|protosynthesisspa
|switch|p2a: Corviknight?|Skarmory, M|96/100
|
|-weather|SunnyDay|[upkeep]
|upkeep
|turn|33
|
|t:|1779935119
|move|p1a: Walking Wake|Hydro Steam|p2a: Corviknight?
|-damage|p2a: Corviknight?|0 fnt
|faint|p2a: Corviknight?
|
|-weather|SunnyDay|[upkeep]
|upkeep
|
|t:|1779935121
|switch|p2a: Quagsire?|Dondozo, M|100/100 slp
|turn|34
|
|t:|1779935126
|move|p1a: Walking Wake|Hydro Steam|p2a: Quagsire?
|-resisted|p2a: Quagsire?
|-damage|p2a: Quagsire?|12/100 slp
|cant|p2a: Quagsire?|slp
|move|p2a: Quagsire?|Sleep Talk|p2a: Quagsire?
|move|p2a: Quagsire?|Liquidation|p1a: Walking Wake|[from] move: Sleep Talk
|-resisted|p1a: Walking Wake
|-damage|p1a: Walking Wake|68/100
|
|-weather|SunnyDay|[upkeep]
|upkeep
|turn|35
|
|t:|1779935135
|move|p1a: Walking Wake|Hydro Steam|p2a: Quagsire?
|-resisted|p2a: Quagsire?
|-damage|p2a: Quagsire?|0 fnt
|faint|p2a: Quagsire?
|
|-weather|SunnyDay|[upkeep]
|upkeep
|c|☆stone douchebag|i think walking wake killed literally every single one of my pokemon lol
|
|t:|1779935140
|switch|p2a: Landorus-Therian?|Gliscor, F|75/100 tox
|turn|36
|c|☆future94|yup
|
|t:|1779935154
|move|p2a: Landorus-Therian?|Protect|p2a: Landorus-Therian?
|-singleturn|p2a: Landorus-Therian?|Protect
|move|p1a: Walking Wake|Hydro Steam|p2a: Landorus-Therian?
|-activate|p2a: Landorus-Therian?|move: Protect
|
|-weather|SunnyDay|[upkeep]
|-heal|p2a: Landorus-Therian?|87/100 tox|[from] ability: Poison Heal
|upkeep
|turn|37
|c|☆stone douchebag|type shit. insane pokemon.
|c|☆future94|yup
|c|☆stone douchebag|might need to start running wellspring on stall
|c|☆future94|probably
|
|t:|1779935178
|move|p2a: Landorus-Therian?|Protect||[still]
|-fail|p2a: Landorus-Therian?
|move|p1a: Walking Wake|Hydro Steam|p2a: Landorus-Therian?
|-supereffective|p2a: Landorus-Therian?
|-damage|p2a: Landorus-Therian?|0 fnt
|faint|p2a: Landorus-Therian?
|
|win|future94
|raw|future94's rating: 1452 &rarr; <strong>1468</strong><br />(+16 for winning)
|raw|stone douchebag's rating: 1388 &rarr; <strong>1372</strong><br />(-16 for losing)
|l|☆stone douchebag
|player|p2|
|l|☆future94
|player|p1|
