|j|☆rfouqjFOEJ
|j|☆Buhwastakenwastakn
|t:|1779860272
|gametype|singles
|player|p1|rfouqjFOEJ|266|1119
|player|p2|Buhwastakenwastakn|swimmerf-gen4|1092
|gen|9
|tier|[Gen 9] OU
|rated|
|rule|HP Percentage Mod: HP is shown in percentages
|rule|Endless Battle Clause: Forcing endless battles is banned
|rule|Species Clause: Limit one of each Pokémon
|rule|OHKO Clause: OHKO moves are banned
|rule|Evasion Items Clause: Evasion items are banned
|rule|Evasion Moves Clause: Evasion moves are banned
|rule|Evasion Abilities Clause: Evasion abilities are banned
|rule|Sleep Moves Clause: Sleep-inducing moves are banned
|clearpoke
|poke|p1|Moltres|
|poke|p1|Ogerpon-Cornerstone, F|
|poke|p1|Tinkaton, F|
|poke|p1|Zamazenta-*|
|poke|p1|Mandibuzz, F|
|poke|p1|Porygon-Z|
|poke|p2|Zoroark-Hisui, F|
|poke|p2|Kingambit, F|
|poke|p2|Primarina, F|
|poke|p2|Great Tusk|
|poke|p2|Arcanine-Hisui, F|
|poke|p2|Rillaboom, F|
|teampreview
|inactive|Battle timer is ON: inactive players will automatically lose when time's up. (requested by Buhwastakenwastakn)
|
|t:|1779860289
|teamsize|p1|6
|teamsize|p2|6
|start
|switch|p1a: Tinkaton|Tinkaton, F|100/100
|switch|p2a: Kingambit|Kingambit, F, shiny|100/100
|-item|p1a: Tinkaton|Air Balloon
|turn|1
|
|t:|1779860306
|switch|p2a: Rillaboom|Rillaboom, F, shiny|100/100
|-fieldstart|move: Grassy Terrain|[from] ability: Grassy Surge|[of] p2a: Rillaboom
|move|p1a: Tinkaton|Knock Off|p2a: Rillaboom
|-damage|p2a: Rillaboom|80/100
|-enditem|p2a: Rillaboom|Assault Vest|[from] move: Knock Off|[of] p1a: Tinkaton
|
|-heal|p2a: Rillaboom|86/100|[from] Grassy Terrain
|upkeep
|turn|2
|
|t:|1779860316
|switch|p1a: Moltres|Moltres|100/100
|move|p2a: Rillaboom|Knock Off|p1a: Moltres
|-damage|p1a: Moltres|70/100
|-status|p2a: Rillaboom|brn|[from] ability: Flame Body|[of] p1a: Moltres
|-enditem|p1a: Moltres|Heavy-Duty Boots|[from] move: Knock Off|[of] p2a: Rillaboom
|
|-heal|p2a: Rillaboom|93/100 brn|[from] Grassy Terrain
|-damage|p2a: Rillaboom|86/100 brn|[from] brn
|upkeep
|turn|3
|
|t:|1779860321
|move|p2a: Rillaboom|Wood Hammer|p1a: Moltres
|-resisted|p1a: Moltres
|-damage|p1a: Moltres|60/100
|-damage|p2a: Rillaboom|83/100 brn|[from] Recoil
|move|p1a: Moltres|Flamethrower|p2a: Rillaboom
|-supereffective|p2a: Rillaboom
|-damage|p2a: Rillaboom|0 fnt
|faint|p2a: Rillaboom
|
|upkeep
|
|t:|1779860326
|switch|p2a: Primarina|Primarina, F, shiny|100/100
|turn|4
|inactive|rfouqjFOEJ has 120 seconds left.
|
|t:|1779860374
|move|p1a: Moltres|Roost|p1a: Moltres
|-heal|p1a: Moltres|100/100
|-singleturn|p1a: Moltres|move: Roost
|move|p2a: Primarina|Hyper Voice|p1a: Moltres
|-supereffective|p1a: Moltres
|-damage|p1a: Moltres|33/100
|
|-heal|p1a: Moltres|39/100|[from] Grassy Terrain
|upkeep
|turn|5
|
|t:|1779860397
|move|p1a: Moltres|U-turn|p2a: Primarina
|-resisted|p2a: Primarina
|-damage|p2a: Primarina|92/100
|
|t:|1779860406
|switch|p1a: Ogerpon|Ogerpon-Cornerstone, F|100/100|[from] U-turn
|move|p2a: Primarina|Hyper Voice|p1a: Ogerpon
|-damage|p1a: Ogerpon|42/100
|
|-heal|p1a: Ogerpon|48/100|[from] Grassy Terrain
|-heal|p2a: Primarina|98/100|[from] Grassy Terrain
|-heal|p2a: Primarina|100/100|[from] item: Leftovers
|-fieldend|move: Grassy Terrain
|upkeep
|turn|6
|
|t:|1779860416
|-terastallize|p2a: Primarina|Poison
|move|p1a: Ogerpon|Power Whip|p2a: Primarina
|-resisted|p2a: Primarina
|-damage|p2a: Primarina|55/100
|move|p2a: Primarina|Hyper Voice|p1a: Ogerpon
|-damage|p1a: Ogerpon|0 fnt
|faint|p1a: Ogerpon
|
|-heal|p2a: Primarina|61/100|[from] item: Leftovers
|upkeep
|inactive|rfouqjFOEJ has 90 seconds left.
|
|t:|1779860434
|switch|p1a: Porygon-Z|Porygon-Z|100/100
|-ability|p1a: Porygon-Z|Download|boost
|-boost|p1a: Porygon-Z|atk|1
|turn|7
|
|t:|1779860442
|move|p1a: Porygon-Z|Tri Attack|p2a: Primarina
|-damage|p2a: Primarina|8/100
|move|p2a: Primarina|Draining Kiss|p1a: Porygon-Z
|-damage|p1a: Porygon-Z|58/100
|-heal|p2a: Primarina|35/100|[from] drain|[of] p1a: Porygon-Z
|
|-heal|p2a: Primarina|41/100|[from] item: Leftovers
|upkeep
|turn|8
|
|t:|1779860452
|switch|p2a: Arcanine|Arcanine-Hisui, F, shiny|100/100
|move|p1a: Porygon-Z|Tri Attack|p2a: Arcanine
|-resisted|p2a: Arcanine
|-damage|p2a: Arcanine|62/100
|
|upkeep
|turn|9
|
|t:|1779860465
|switch|p1a: Tinkaton|Tinkaton, F|100/100
|-item|p1a: Tinkaton|Air Balloon
|move|p2a: Arcanine|Head Smash|p1a: Tinkaton
|-resisted|p1a: Tinkaton
|-damage|p1a: Tinkaton|57/100
|-enditem|p1a: Tinkaton|Air Balloon
|-enditem|p2a: Arcanine|Choice Scarf|[silent]|[from] ability: Pickpocket|[of] p2a: Arcanine
|-item|p1a: Tinkaton|Choice Scarf|[from] ability: Pickpocket|[of] p2a: Arcanine
|
|upkeep
|turn|10
|
|t:|1779860477
|move|p1a: Tinkaton|Gigaton Hammer|p2a: Arcanine
|-damage|p2a: Arcanine|12/100
|move|p2a: Arcanine|Flare Blitz|p1a: Tinkaton
|-supereffective|p1a: Tinkaton
|-damage|p1a: Tinkaton|0 fnt
|faint|p1a: Tinkaton
|
|upkeep
|
|t:|1779860494
|switch|p1a: Zamazenta|Zamazenta|100/100
|-ability|p1a: Zamazenta|Dauntless Shield|boost
|-boost|p1a: Zamazenta|def|1
|turn|11
|
|t:|1779860502
|move|p1a: Zamazenta|Crunch|p2a: Arcanine
|-damage|p2a: Arcanine|0 fnt
|faint|p2a: Arcanine
|
|upkeep
|
|t:|1779860504
|switch|p2a: Kingambit|Kingambit, F, shiny|100/100
|turn|12
|
|t:|1779860515
|move|p1a: Zamazenta|Iron Defense|p1a: Zamazenta
|-boost|p1a: Zamazenta|def|2
|move|p2a: Kingambit|Hyper Voice|p1a: Zamazenta
|-damage|p1a: Zamazenta|40/100
|
|-heal|p1a: Zamazenta|47/100|[from] item: Leftovers
|upkeep
|turn|13
|
|t:|1779860525
|move|p1a: Zamazenta|Crunch|p2a: Kingambit
|-supereffective|p2a: Kingambit
|-damage|p2a: Kingambit|0 fnt
|replace|p2a: Zoroark|Zoroark-Hisui, F, shiny
|-end|p2a: Zoroark|Illusion
|faint|p2a: Zoroark
|
|-heal|p1a: Zamazenta|53/100|[from] item: Leftovers
|upkeep
|
|t:|1779860536
|switch|p2a: Primarina|Primarina, F, shiny, tera:Poison|41/100
|turn|14
|inactive|rfouqjFOEJ has 120 seconds left.
|
|t:|1779860547
|-terastallize|p1a: Zamazenta|Fighting
|move|p1a: Zamazenta|Body Press|p2a: Primarina
|-resisted|p2a: Primarina
|-damage|p2a: Primarina|0 fnt
|faint|p2a: Primarina
|
|-heal|p1a: Zamazenta|59/100|[from] item: Leftovers
|upkeep
|
|t:|1779860551
|switch|p2a: Great Tusk|Great Tusk, shiny|100/100
|turn|15
|-message|Buhwastakenwastakn forfeited.
|
|win|rfouqjFOEJ
|raw|rfouqjFOEJ's rating: 1142 &rarr; <strong>1163</strong><br />(+21 for winning)
|raw|Buhwastakenwastakn's rating: 1092 &rarr; <strong>1072</strong><br />(-20 for losing)
|l|☆Buhwastakenwastakn
|player|p2|
