|j|☆renardoux99
|j|☆drybeater36
|t:|1779805762
|gametype|singles
|player|p1|renardoux99|medium|1150
|player|p2|drybeater36|n|1173
|gen|9
|tier|[Gen 9] OU
|rated|
|rule|HP Percentage Mod: HP is shown in percentages
|rule|Endless Battle Clause: Forcing endless battles is banned
|rule|Species Clause: Limit one of each Pokémon
|rule|OHKO Clause: OHKO moves are banned
|rule|Evasion Items Clause: Evasion items are banned
|rule|Evasion Moves Clause: Evasion moves are banned
|rule|Evasion Abilities Clause: Evasion abilities are banned
|rule|Sleep Moves Clause: Sleep-inducing moves are banned
|clearpoke
|poke|p1|Iron Crown|
|poke|p1|Great Tusk|
|poke|p1|Clefable, M|
|poke|p1|Ceruledge, M|
|poke|p1|Regieleki|
|poke|p1|Samurott-Hisui, M|
|poke|p2|Fezandipiti, M|
|poke|p2|Raging Bolt|
|poke|p2|Kingambit, M|
|poke|p2|Skeledirge, M|
|poke|p2|Great Tusk|
|poke|p2|Dragapult, M|
|teampreview
|
|t:|1779805802
|teamsize|p1|6
|teamsize|p2|6
|start
|switch|p1a: Samurott|Samurott-Hisui, M, shiny|100/100
|switch|p2a: Fezandipiti|Fezandipiti, M|100/100
|turn|1
|
|t:|1779805820
|move|p1a: Samurott|Ceaseless Edge|p2a: Fezandipiti
|-resisted|p2a: Fezandipiti
|-crit|p2a: Fezandipiti
|-damage|p2a: Fezandipiti|59/100
|-sidestart|p2: drybeater36|Spikes
|move|p2a: Fezandipiti|Beat Up|p1a: Samurott
|-resisted|p1a: Samurott
|-damage|p1a: Samurott|98/100
|-status|p1a: Samurott|tox|[from] ability: Toxic Chain|[of] p2a: Fezandipiti
|-resisted|p1a: Samurott
|-damage|p1a: Samurott|96/100 tox
|-resisted|p1a: Samurott
|-damage|p1a: Samurott|94/100 tox
|-resisted|p1a: Samurott
|-damage|p1a: Samurott|92/100 tox
|-resisted|p1a: Samurott
|-damage|p1a: Samurott|89/100 tox
|-resisted|p1a: Samurott
|-damage|p1a: Samurott|86/100 tox
|-hitcount|p1a: Samurott|6
|
|-damage|p1a: Samurott|80/100 tox|[from] psn
|upkeep
|turn|2
|
|t:|1779805840
|move|p1a: Samurott|Ceaseless Edge|p2a: Fezandipiti
|-resisted|p2a: Fezandipiti
|-damage|p2a: Fezandipiti|31/100
|-sidestart|p2: drybeater36|Spikes
|move|p2a: Fezandipiti|Roost|p2a: Fezandipiti
|-heal|p2a: Fezandipiti|82/100
|-singleturn|p2a: Fezandipiti|move: Roost
|
|-damage|p1a: Samurott|68/100 tox|[from] psn
|upkeep
|turn|3
|
|t:|1779805849
|move|p1a: Samurott|Ceaseless Edge|p2a: Fezandipiti
|-resisted|p2a: Fezandipiti
|-damage|p2a: Fezandipiti|54/100
|-sidestart|p2: drybeater36|Spikes
|move|p2a: Fezandipiti|Roost|p2a: Fezandipiti
|-heal|p2a: Fezandipiti|100/100
|-singleturn|p2a: Fezandipiti|move: Roost
|
|-damage|p1a: Samurott|49/100 tox|[from] psn
|upkeep
|turn|4
|
|t:|1779805859
|move|p1a: Samurott|Knock Off|p2a: Fezandipiti
|-resisted|p2a: Fezandipiti
|-damage|p2a: Fezandipiti|76/100
|-enditem|p2a: Fezandipiti|Heavy-Duty Boots|[from] move: Knock Off|[of] p1a: Samurott
|move|p2a: Fezandipiti|U-turn|p1a: Samurott
|-supereffective|p1a: Samurott
|-damage|p1a: Samurott|3/100 tox
|
|t:|1779805866
|switch|p2a: Great Tusk|Great Tusk|100/100|[from] U-turn
|
|-damage|p1a: Samurott|0 fnt|[from] psn
|faint|p1a: Samurott
|upkeep
|
|t:|1779805882
|switch|p1a: Ceruledge|Ceruledge, M|100/100
|turn|5
|
|t:|1779805889
|move|p2a: Great Tusk|Headlong Rush|p1a: Ceruledge
|-supereffective|p1a: Ceruledge
|-enditem|p1a: Ceruledge|Focus Sash
|-damage|p1a: Ceruledge|1/100
|-unboost|p2a: Great Tusk|def|1
|-unboost|p2a: Great Tusk|spd|1
|-ability|p1a: Ceruledge|Weak Armor|boost
|-unboost|p1a: Ceruledge|def|1
|-boost|p1a: Ceruledge|spe|2
|move|p1a: Ceruledge|Swords Dance|p1a: Ceruledge
|-boost|p1a: Ceruledge|atk|2
|
|upkeep
|turn|6
|
|t:|1779805904
|move|p1a: Ceruledge|Bitter Blade|p2a: Great Tusk
|-damage|p2a: Great Tusk|0 fnt
|-heal|p1a: Ceruledge|65/100|[from] drain|[of] p2a: Great Tusk
|faint|p2a: Great Tusk
|-end|p2a: Great Tusk|Protosynthesis|[silent]
|
|upkeep
|
|t:|1779805932
|switch|p2a: Fezandipiti|Fezandipiti, M|76/100
|-damage|p2a: Fezandipiti|51/100|[from] Spikes
|turn|7
|
|t:|1779805946
|move|p1a: Ceruledge|Bitter Blade|p2a: Fezandipiti
|-damage|p2a: Fezandipiti|0 fnt
|-heal|p1a: Ceruledge|98/100|[from] drain|[of] p2a: Fezandipiti
|faint|p2a: Fezandipiti
|
|upkeep
|
|t:|1779805949
|switch|p2a: Skeledirge|Skeledirge, M, shiny|100/100
|-damage|p2a: Skeledirge|76/100|[from] Spikes
|turn|8
|
|t:|1779805957
|move|p1a: Ceruledge|Poltergeist|p2a: Skeledirge
|-activate|p2a: Skeledirge|move: Poltergeist|Rocky Helmet
|-supereffective|p2a: Skeledirge
|-damage|p2a: Skeledirge|7/100
|move|p2a: Skeledirge|Slack Off|p2a: Skeledirge
|-heal|p2a: Skeledirge|57/100
|
|upkeep
|turn|9
|
|t:|1779805964
|-terastallize|p2a: Skeledirge|Water
|move|p1a: Ceruledge|Poltergeist|p2a: Skeledirge
|-activate|p2a: Skeledirge|move: Poltergeist|Rocky Helmet
|-damage|p2a: Skeledirge|20/100
|move|p2a: Skeledirge|Slack Off|p2a: Skeledirge
|-heal|p2a: Skeledirge|70/100
|
|upkeep
|turn|10
|
|t:|1779805978
|-terastallize|p1a: Ceruledge|Water
|move|p1a: Ceruledge|Swords Dance|p1a: Ceruledge
|-boost|p1a: Ceruledge|atk|2
|move|p2a: Skeledirge|Slack Off|p2a: Skeledirge
|-heal|p2a: Skeledirge|100/100
|
|upkeep
|turn|11
|
|t:|1779805994
|move|p1a: Ceruledge|Poltergeist|p2a: Skeledirge
|-activate|p2a: Skeledirge|move: Poltergeist|Rocky Helmet
|-damage|p2a: Skeledirge|65/100
|move|p2a: Skeledirge|Torch Song|p1a: Ceruledge
|-resisted|p1a: Ceruledge
|-damage|p1a: Ceruledge|80/100
|-boost|p2a: Skeledirge|spa|1
|
|upkeep
|turn|12
|
|t:|1779806011
|move|p1a: Ceruledge|Swords Dance|p1a: Ceruledge
|-boost|p1a: Ceruledge|atk|2
|move|p2a: Skeledirge|Slack Off|p2a: Skeledirge
|-heal|p2a: Skeledirge|100/100
|
|upkeep
|turn|13
|
|t:|1779806023
|move|p1a: Ceruledge|Poltergeist|p2a: Skeledirge
|-activate|p2a: Skeledirge|move: Poltergeist|Rocky Helmet
|-damage|p2a: Skeledirge|64/100
|move|p2a: Skeledirge|Torch Song|p1a: Ceruledge
|-resisted|p1a: Ceruledge
|-damage|p1a: Ceruledge|54/100
|-boost|p2a: Skeledirge|spa|1
|
|upkeep
|turn|14
|
|t:|1779806031
|move|p1a: Ceruledge|Poltergeist|p2a: Skeledirge
|-activate|p2a: Skeledirge|move: Poltergeist|Rocky Helmet
|-damage|p2a: Skeledirge|24/100
|move|p2a: Skeledirge|Slack Off|p2a: Skeledirge
|-heal|p2a: Skeledirge|74/100
|
|upkeep
|turn|15
|
|t:|1779806042
|move|p1a: Ceruledge|Poltergeist|p2a: Skeledirge
|-activate|p2a: Skeledirge|move: Poltergeist|Rocky Helmet
|-damage|p2a: Skeledirge|40/100
|move|p2a: Skeledirge|Slack Off|p2a: Skeledirge
|-heal|p2a: Skeledirge|90/100
|
|upkeep
|turn|16
|
|t:|1779806054
|move|p1a: Ceruledge|Will-O-Wisp|p2a: Skeledirge
|-status|p2a: Skeledirge|brn
|move|p2a: Skeledirge|Torch Song|p1a: Ceruledge
|-resisted|p1a: Ceruledge
|-damage|p1a: Ceruledge|19/100
|-boost|p2a: Skeledirge|spa|1
|
|-damage|p2a: Skeledirge|84/100 brn|[from] brn
|upkeep
|turn|17
|
|t:|1779806065
|move|p1a: Ceruledge|Poltergeist|p2a: Skeledirge
|-activate|p2a: Skeledirge|move: Poltergeist|Rocky Helmet
|-damage|p2a: Skeledirge|50/100 brn
|move|p2a: Skeledirge|Slack Off|p2a: Skeledirge
|-heal|p2a: Skeledirge|99/100 brn
|
|-damage|p2a: Skeledirge|94/100 brn|[from] brn
|upkeep
|turn|18
|
|t:|1779806073
|move|p1a: Ceruledge|Bitter Blade|p2a: Skeledirge
|-resisted|p2a: Skeledirge
|-damage|p2a: Skeledirge|79/100 brn
|-heal|p1a: Ceruledge|30/100|[from] drain|[of] p2a: Skeledirge
|-damage|p1a: Ceruledge|14/100|[from] item: Rocky Helmet|[of] p2a: Skeledirge
|move|p2a: Skeledirge|Torch Song|p1a: Ceruledge
|-resisted|p1a: Ceruledge
|-damage|p1a: Ceruledge|0 fnt
|-boost|p2a: Skeledirge|spa|1
|faint|p1a: Ceruledge
|
|-damage|p2a: Skeledirge|73/100 brn|[from] brn
|upkeep
|c|☆drybeater36|folk :sob:
|
|t:|1779806087
|switch|p1a: Regieleki|Regieleki|100/100
|turn|19
|
|t:|1779806092
|move|p1a: Regieleki|Thunderbolt|p2a: Skeledirge
|-supereffective|p2a: Skeledirge
|-damage|p2a: Skeledirge|0 fnt
|faint|p2a: Skeledirge
|
|upkeep
|
|t:|1779806099
|switch|p2a: Dragapult|Dragapult, M|100/100
|turn|20
|
|t:|1779806107
|move|p1a: Regieleki|Thunderbolt|p2a: Dragapult
|-resisted|p2a: Dragapult
|-damage|p2a: Dragapult|40/100
|-status|p2a: Dragapult|par
|move|p2a: Dragapult|Will-O-Wisp|p1a: Regieleki
|-status|p1a: Regieleki|brn
|
|-damage|p1a: Regieleki|94/100 brn|[from] brn
|upkeep
|turn|21
|
|t:|1779806120
|move|p1a: Regieleki|Thunderbolt|p2a: Dragapult
|-resisted|p2a: Dragapult
|-damage|p2a: Dragapult|0 fnt
|faint|p2a: Dragapult
|
|-damage|p1a: Regieleki|88/100 brn|[from] brn
|upkeep
|
|t:|1779806126
|switch|p2a: Raging Bolt|Raging Bolt|100/100
|-damage|p2a: Raging Bolt|76/100|[from] Spikes
|turn|22
|
|t:|1779806137
|move|p1a: Regieleki|Thunderbolt|p2a: Raging Bolt
|-resisted|p2a: Raging Bolt
|-damage|p2a: Raging Bolt|54/100
|move|p2a: Raging Bolt|Draco Meteor|p1a: Regieleki
|-damage|p1a: Regieleki|0 fnt
|-unboost|p2a: Raging Bolt|spa|2
|faint|p1a: Regieleki
|
|upkeep
|
|t:|1779806151
|switch|p1a: Great Tusk|Great Tusk|100/100
|-enditem|p1a: Great Tusk|Booster Energy
|-activate|p1a: Great Tusk|ability: Protosynthesis|[fromitem]
|-start|p1a: Great Tusk|protosynthesisatk
|turn|23
|
|t:|1779806160
|move|p1a: Great Tusk|Stealth Rock|p2a: Raging Bolt
|-sidestart|p2: drybeater36|move: Stealth Rock
|move|p2a: Raging Bolt|Draco Meteor|p1a: Great Tusk
|-damage|p1a: Great Tusk|8/100
|-unboost|p2a: Raging Bolt|spa|2
|
|upkeep
|turn|24
|
|t:|1779806168
|move|p1a: Great Tusk|Earthquake|p2a: Raging Bolt
|-supereffective|p2a: Raging Bolt
|-damage|p2a: Raging Bolt|0 fnt
|faint|p2a: Raging Bolt
|-end|p2a: Raging Bolt|Protosynthesis|[silent]
|
|upkeep
|
|t:|1779806171
|switch|p2a: Kingambit|Kingambit, M|100/100
|-damage|p2a: Kingambit|94/100|[from] Stealth Rock
|-activate|p2a: Kingambit|ability: Supreme Overlord
|-start|p2a: Kingambit|fallen5|[silent]
|-item|p2a: Kingambit|Air Balloon
|turn|25
|
|t:|1779806187
|move|p1a: Great Tusk|Rapid Spin|p2a: Kingambit
|-resisted|p2a: Kingambit
|-damage|p2a: Kingambit|85/100
|-boost|p1a: Great Tusk|spe|1
|-enditem|p2a: Kingambit|Air Balloon
|move|p2a: Kingambit|Swords Dance|p2a: Kingambit
|-boost|p2a: Kingambit|atk|2
|
|upkeep
|turn|26
|
|t:|1779806195
|move|p2a: Kingambit|Sucker Punch|p1a: Great Tusk
|-resisted|p1a: Great Tusk
|-damage|p1a: Great Tusk|0 fnt
|faint|p1a: Great Tusk
|-end|p1a: Great Tusk|Protosynthesis|[silent]
|
|upkeep
|
|t:|1779806201
|switch|p1a: Clefable|Clefable, M|100/100
|turn|27
|
|t:|1779806207
|move|p1a: Clefable|Reflect|p1a: Clefable
|-sidestart|p1: renardoux99|Reflect
|move|p2a: Kingambit|Iron Head|p1a: Clefable
|-supereffective|p1a: Clefable
|-damage|p1a: Clefable|0 fnt
|faint|p1a: Clefable
|
|upkeep
|
|t:|1779806214
|switch|p1a: Iron Crown|Iron Crown|100/100
|-enditem|p1a: Iron Crown|Booster Energy
|-activate|p1a: Iron Crown|ability: Quark Drive|[fromitem]
|-start|p1a: Iron Crown|quarkdrivespa
|turn|28
|
|t:|1779806220
|move|p2a: Kingambit|Sucker Punch|p1a: Iron Crown
|-supereffective|p1a: Iron Crown
|-damage|p1a: Iron Crown|0 fnt
|faint|p1a: Iron Crown
|-end|p1a: Iron Crown|Quark Drive|[silent]
|
|win|drybeater36
|raw|renardoux99's rating: 1150 &rarr; <strong>1127</strong><br />(-23 for losing)
|raw|drybeater36's rating: 1173 &rarr; <strong>1196</strong><br />(+23 for winning)
|l|☆renardoux99
|player|p1|
|c|☆drybeater36|praise gambit
