|j|☆pivotslophaxmaxxer
|j|☆juiicychiller
|t:|1779922895
|gametype|singles
|player|p1|pivotslophaxmaxxer|tate|1613
|player|p2|juiicychiller|clerk|1723
|gen|9
|tier|[Gen 9] OU
|rated|
|rule|HP Percentage Mod: HP is shown in percentages
|rule|Endless Battle Clause: Forcing endless battles is banned
|rule|Species Clause: Limit one of each Pokémon
|rule|OHKO Clause: OHKO moves are banned
|rule|Evasion Items Clause: Evasion items are banned
|rule|Evasion Moves Clause: Evasion moves are banned
|rule|Evasion Abilities Clause: Evasion abilities are banned
|rule|Sleep Moves Clause: Sleep-inducing moves are banned
|clearpoke
|poke|p1|Grimmsnarl, M|
|poke|p1|Veluza, M|
|poke|p1|Great Tusk|
|poke|p1|Dragonite, M|
|poke|p1|Iron Moth|
|poke|p1|Maushold|
|poke|p2|Alomomola, F|
|poke|p2|Weezing-Galar, M|
|poke|p2|Blissey, F|
|poke|p2|Weavile, F|
|poke|p2|Iron Treads|
|poke|p2|Corviknight, F|
|teampreview
|inactive|Battle timer is ON: inactive players will automatically lose when time's up. (requested by juiicychiller)
|
|t:|1779922906
|teamsize|p1|6
|teamsize|p2|6
|start
|switch|p1a: Grimmsnarl|Grimmsnarl, M|100/100
|switch|p2a: Iron Treads|Iron Treads|100/100
|turn|1
|j| Rozka
|
|t:|1779922909
|move|p1a: Grimmsnarl|Reflect|p1a: Grimmsnarl
|-sidestart|p1: pivotslophaxmaxxer|Reflect
|move|p2a: Iron Treads|Stealth Rock|p1a: Grimmsnarl
|-sidestart|p1: pivotslophaxmaxxer|move: Stealth Rock
|
|upkeep
|turn|2
|
|t:|1779922914
|-end|p2a: Iron Treads|Quark Drive|[silent]
|switch|p2a: Weezing|Weezing-Galar, M|100/100
|-ability|p2a: Weezing|Neutralizing Gas
|move|p1a: Grimmsnarl|Light Screen|p1a: Grimmsnarl
|-sidestart|p1: pivotslophaxmaxxer|move: Light Screen
|
|upkeep
|turn|3
|
|t:|1779922927
|switch|p1a: Iron Moth|Iron Moth|100/100
|-damage|p1a: Iron Moth|76/100|[from] Stealth Rock
|move|p2a: Weezing|Sludge Bomb|p1a: Iron Moth
|-resisted|p1a: Iron Moth
|-damage|p1a: Iron Moth|69/100
|
|upkeep
|turn|4
|
|t:|1779922934
|-end|p2a: Weezing|ability: Neutralizing Gas
|switch|p2a: Blissey|Blissey, F|100/100
|-enditem|p1a: Iron Moth|Booster Energy
|-activate|p1a: Iron Moth|ability: Quark Drive|[fromitem]
|-start|p1a: Iron Moth|quarkdrivespe
|move|p1a: Iron Moth|Fiery Dance|p2a: Blissey
|-damage|p2a: Blissey|87/100
|-boost|p1a: Iron Moth|spa|1
|
|-heal|p2a: Blissey|94/100|[from] item: Leftovers
|upkeep
|turn|5
|
|t:|1779922939
|-end|p1a: Iron Moth|Quark Drive|[silent]
|switch|p1a: Veluza|Veluza, M|100/100
|-damage|p1a: Veluza|88/100|[from] Stealth Rock
|-ability|p1a: Veluza|Mold Breaker
|move|p2a: Blissey|Light Screen|p2a: Blissey
|-sidestart|p2: juiicychiller|move: Light Screen
|
|-heal|p2a: Blissey|99/100|[from] item: Leftovers
|upkeep
|turn|6
|
|t:|1779922943
|move|p1a: Veluza|Fillet Away|p1a: Veluza
|-boost|p1a: Veluza|atk|2
|-boost|p1a: Veluza|spa|2
|-boost|p1a: Veluza|spe|2
|-damage|p1a: Veluza|38/100
|-enditem|p1a: Veluza|Sitrus Berry|[eat]
|-heal|p1a: Veluza|63/100|[from] item: Sitrus Berry
|move|p2a: Blissey|Seismic Toss|p1a: Veluza
|-damage|p1a: Veluza|36/100
|
|-heal|p2a: Blissey|100/100|[from] item: Leftovers
|upkeep
|turn|7
|
|t:|1779922947
|move|p1a: Veluza|Pain Split|p2a: Blissey
|-sethp|p2a: Blissey|60/100|[from] move: Pain Split|[silent]
|-sethp|p1a: Veluza|100/100|[from] move: Pain Split
|move|p2a: Blissey|Seismic Toss|p1a: Veluza
|-damage|p1a: Veluza|73/100
|
|-heal|p2a: Blissey|67/100|[from] item: Leftovers
|upkeep
|turn|8
|
|t:|1779922962
|move|p1a: Veluza|Liquidation|p2a: Blissey
|-damage|p2a: Blissey|0 fnt
|faint|p2a: Blissey
|
|-sideend|p1: pivotslophaxmaxxer|Reflect
|upkeep
|
|t:|1779922966
|switch|p2a: Corviknight|Corviknight, F|100/100
|-ability|p2a: Corviknight|Pressure
|turn|9
|j| AMBATUBLOUGH
|
|t:|1779922972
|move|p1a: Veluza|Fillet Away|p1a: Veluza
|-boost|p1a: Veluza|atk|2
|-boost|p1a: Veluza|spa|2
|-boost|p1a: Veluza|spe|2
|-damage|p1a: Veluza|23/100
|move|p2a: Corviknight|Iron Defense|p2a: Corviknight
|-boost|p2a: Corviknight|def|2
|
|-sideend|p2: juiicychiller|move: Light Screen
|-sideend|p1: pivotslophaxmaxxer|move: Light Screen
|upkeep
|turn|10
|
|t:|1779922978
|move|p1a: Veluza|Pain Split|p2a: Corviknight
|-sethp|p2a: Corviknight|62/100|[from] move: Pain Split|[silent]
|-sethp|p1a: Veluza|60/100|[from] move: Pain Split
|move|p2a: Corviknight|Iron Defense|p2a: Corviknight
|-boost|p2a: Corviknight|def|2
|
|upkeep
|turn|11
|
|t:|1779922983
|move|p1a: Veluza|Stored Power|p2a: Corviknight
|-resisted|p2a: Corviknight
|-damage|p2a: Corviknight|0 fnt
|faint|p2a: Corviknight
|
|upkeep
|l| Rozka
|
|t:|1779922990
|switch|p2a: Alomomola|Alomomola, F|100/100
|turn|12
|
|t:|1779922999
|move|p1a: Veluza|Pain Split|p2a: Alomomola
|-sethp|p2a: Alomomola|74/100|[from] move: Pain Split|[silent]
|-sethp|p1a: Veluza|95/100|[from] move: Pain Split
|move|p2a: Alomomola|Flip Turn|p1a: Veluza
|-resisted|p1a: Veluza
|-damage|p1a: Veluza|85/100
|-message|juiicychiller forfeited.
|
|win|pivotslophaxmaxxer
|raw|pivotslophaxmaxxer's rating: 1613 &rarr; <strong>1639</strong><br />(+26 for winning)
|raw|juiicychiller's rating: 1723 &rarr; <strong>1697</strong><br />(-26 for losing)
|l|☆juiicychiller
|player|p2|
|l|☆pivotslophaxmaxxer
|player|p1|
|l| AMBATUBLOUGH
