|j|☆JoaMidgard
|j|☆ItsMe_Shyam_14
|t:|1779886045
|gametype|singles
|player|p1|JoaMidgard|veteran|1088
|player|p2|ItsMe_Shyam_14|dawn|1099
|gen|9
|tier|[Gen 9] OU
|rated|
|rule|HP Percentage Mod: HP is shown in percentages
|rule|Endless Battle Clause: Forcing endless battles is banned
|rule|Species Clause: Limit one of each Pokémon
|rule|OHKO Clause: OHKO moves are banned
|rule|Evasion Items Clause: Evasion items are banned
|rule|Evasion Moves Clause: Evasion moves are banned
|rule|Evasion Abilities Clause: Evasion abilities are banned
|rule|Sleep Moves Clause: Sleep-inducing moves are banned
|clearpoke
|poke|p1|Tyranitar, F|
|poke|p1|Excadrill, M|
|poke|p1|Landorus-Therian, M|
|poke|p1|Ogerpon-Wellspring, F|
|poke|p1|Hatterene, F|
|poke|p1|Dragapult, F|
|poke|p2|Inteleon, M|
|poke|p2|Charizard, F|
|poke|p2|Volcanion|
|poke|p2|Venusaur, F|
|poke|p2|Muk, F|
|poke|p2|Rillaboom, F|
|teampreview
|inactive|Battle timer is ON: inactive players will automatically lose when time's up. (requested by ItsMe_Shyam_14)
|
|t:|1779886063
|teamsize|p1|6
|teamsize|p2|6
|start
|switch|p1a: Ogerpon|Ogerpon-Wellspring, F|100/100
|switch|p2a: Blob|Muk, F|100/100
|turn|1
|
|t:|1779886072
|move|p1a: Ogerpon|U-turn|p2a: Blob
|-resisted|p2a: Blob
|-damage|p2a: Blob|86/100
|
|t:|1779886081
|switch|p1a: Hatty|Hatterene, F|100/100|[from] U-turn
|move|p2a: Blob|Poison Jab|p1a: Hatty
|-supereffective|p1a: Hatty
|-damage|p1a: Hatty|34/100
|
|-heal|p2a: Blob|93/100|[from] item: Black Sludge
|upkeep
|turn|2
|
|t:|1779886094
|switch|p1a: Exca|Excadrill, M|100/100
|move|p2a: Blob|Knock Off|p1a: Exca
|-damage|p1a: Exca|66/100
|-enditem|p1a: Exca|Choice Band|[from] move: Knock Off|[of] p2a: Blob
|
|-heal|p2a: Blob|99/100|[from] item: Black Sludge
|upkeep
|turn|3
|
|t:|1779886105
|switch|p2a: Kong|Rillaboom, F|100/100
|-fieldstart|move: Grassy Terrain|[from] ability: Grassy Surge|[of] p2a: Kong
|move|p1a: Exca|Rock Slide|p2a: Kong
|-damage|p2a: Kong|69/100
|
|-heal|p2a: Kong|76/100|[from] Grassy Terrain
|-heal|p1a: Exca|72/100|[from] Grassy Terrain
|upkeep
|turn|4
|
|t:|1779886125
|switch|p1a: Lando|Landorus-Therian, M|100/100
|-ability|p1a: Lando|Intimidate|boost
|-unboost|p2a: Kong|atk|1
|move|p2a: Kong|Drum Beating|p1a: Lando
|-damage|p1a: Lando|52/100
|-unboost|p1a: Lando|spe|1
|-damage|p2a: Kong|66/100|[from] item: Life Orb
|
|-heal|p2a: Kong|72/100|[from] Grassy Terrain
|upkeep
|turn|5
|
|t:|1779886142
|switch|p1a: Ogerpon|Ogerpon-Wellspring, F|100/100
|move|p2a: Kong|U-turn|p1a: Ogerpon
|-supereffective|p1a: Ogerpon
|-damage|p1a: Ogerpon|48/100
|-damage|p2a: Kong|62/100|[from] item: Life Orb
|
|t:|1779886151
|switch|p2a: Lump|Volcanion|100/100|[from] U-turn
|
|-heal|p1a: Ogerpon|54/100|[from] Grassy Terrain
|upkeep
|turn|6
|
|t:|1779886163
|move|p1a: Ogerpon|Ivy Cudgel|p2a: Lump|[anim] Ivy Cudgel Water
|-immune|p2a: Lump|[from] ability: Water Absorb
|move|p2a: Lump|Flame Charge|p1a: Ogerpon
|-crit|p1a: Ogerpon
|-damage|p1a: Ogerpon|18/100
|-boost|p2a: Lump|spe|1
|
|-heal|p1a: Ogerpon|24/100|[from] Grassy Terrain
|upkeep
|turn|7
|
|t:|1779886178
|move|p2a: Lump|Flamethrower|p1a: Ogerpon
|-damage|p1a: Ogerpon|0 fnt
|faint|p1a: Ogerpon
|
|-fieldend|move: Grassy Terrain
|upkeep
|
|t:|1779886188
|switch|p1a: Tytar|Tyranitar, F|100/100
|-weather|Sandstorm|[from] ability: Sand Stream|[of] p1a: Tytar
|turn|8
|
|t:|1779886195
|move|p2a: Lump|Steam Eruption|p1a: Tytar
|-supereffective|p1a: Tytar
|-damage|p1a: Tytar|53/100
|move|p1a: Tytar|Thunderbolt|p2a: Lump
|-supereffective|p2a: Lump
|-damage|p2a: Lump|68/100
|
|-weather|Sandstorm|[upkeep]
|-damage|p2a: Lump|62/100|[from] Sandstorm
|upkeep
|turn|9
|
|t:|1779886206
|move|p2a: Lump|Steam Eruption|p1a: Tytar
|-supereffective|p1a: Tytar
|-damage|p1a: Tytar|9/100
|move|p1a: Tytar|Thunderbolt|p2a: Lump
|-supereffective|p2a: Lump
|-damage|p2a: Lump|32/100
|
|-weather|Sandstorm|[upkeep]
|-damage|p2a: Lump|26/100|[from] Sandstorm
|upkeep
|turn|10
|c|☆ItsMe_Shyam_14|Ooh spl attacking ttar
|c|☆ItsMe_Shyam_14|I've used it too
|
|t:|1779886228
|move|p1a: Tytar|Protect|p1a: Tytar
|-singleturn|p1a: Tytar|Protect
|move|p2a: Lump|Flame Charge|p1a: Tytar
|-activate|p1a: Tytar|move: Protect
|
|-weather|Sandstorm|[upkeep]
|-damage|p2a: Lump|20/100|[from] Sandstorm
|upkeep
|turn|11
|
|t:|1779886240
|switch|p1a: Lando|Landorus-Therian, M|52/100
|-ability|p1a: Lando|Intimidate|boost
|-unboost|p2a: Lump|atk|1
|move|p2a: Lump|Flame Charge|p1a: Lando
|-damage|p1a: Lando|39/100
|-boost|p2a: Lump|spe|1
|
|-weather|Sandstorm|[upkeep]
|-damage|p2a: Lump|14/100|[from] Sandstorm
|upkeep
|turn|12
|
|t:|1779886255
|switch|p1a: Drapult|Dragapult, F|100/100
|move|p2a: Lump|Steam Eruption|p1a: Drapult
|-resisted|p1a: Drapult
|-damage|p1a: Drapult|68/100
|-status|p1a: Drapult|brn
|
|-weather|Sandstorm|[upkeep]
|-damage|p2a: Lump|8/100|[from] Sandstorm
|-damage|p1a: Drapult|62/100 brn|[from] Sandstorm
|-damage|p1a: Drapult|56/100 brn|[from] brn
|upkeep
|turn|13
|
|t:|1779886268
|move|p2a: Lump|Earth Power|p1a: Drapult
|-damage|p1a: Drapult|23/100 brn
|move|p1a: Drapult|Light Screen|p1a: Drapult
|-sidestart|p1: JoaMidgard|move: Light Screen
|
|-weather|Sandstorm|[upkeep]
|-damage|p2a: Lump|2/100|[from] Sandstorm
|-damage|p1a: Drapult|17/100 brn|[from] Sandstorm
|-damage|p1a: Drapult|11/100 brn|[from] brn
|upkeep
|turn|14
|
|t:|1779886279
|move|p1a: Drapult|Sucker Punch|p2a: Lump
|-damage|p2a: Lump|0 fnt
|faint|p2a: Lump
|
|-weather|Sandstorm|[upkeep]
|-damage|p1a: Drapult|5/100 brn|[from] Sandstorm
|-damage|p1a: Drapult|0 fnt|[from] brn
|faint|p1a: Drapult
|upkeep
|
|t:|1779886297
|switch|p1a: Lando|Landorus-Therian, M|39/100
|switch|p2a: Kong|Rillaboom, F|62/100
|-ability|p1a: Lando|Intimidate|boost
|-unboost|p2a: Kong|atk|1
|-fieldstart|move: Grassy Terrain|[from] ability: Grassy Surge|[of] p2a: Kong
|turn|15
|inactive|ItsMe_Shyam_14 has 120 seconds left.
|
|t:|1779886331
|move|p1a: Lando|Gravity|p1a: Lando
|-fieldstart|move: Gravity
|move|p2a: Kong|Drum Beating|p1a: Lando
|-damage|p1a: Lando|0 fnt
|faint|p1a: Lando
|-damage|p2a: Kong|52/100|[from] item: Life Orb
|
|-weather|none
|-heal|p2a: Kong|58/100|[from] Grassy Terrain
|upkeep
|
|t:|1779886341
|switch|p1a: Tytar|Tyranitar, F|9/100
|-weather|Sandstorm|[from] ability: Sand Stream|[of] p1a: Tytar
|turn|16
|
|t:|1779886350
|move|p2a: Kong|Drum Beating|p1a: Tytar
|-supereffective|p1a: Tytar
|-damage|p1a: Tytar|0 fnt
|faint|p1a: Tytar
|-damage|p2a: Kong|48/100|[from] item: Life Orb
|
|-weather|Sandstorm|[upkeep]
|-damage|p2a: Kong|42/100|[from] Sandstorm
|-heal|p2a: Kong|48/100|[from] Grassy Terrain
|upkeep
|
|t:|1779886357
|switch|p1a: Exca|Excadrill, M|72/100
|turn|17
|
|t:|1779886363
|-terastallize|p1a: Exca|Ground
|move|p1a: Exca|Earthquake|p2a: Kong
|-resisted|p2a: Kong
|-damage|p2a: Kong|21/100
|move|p2a: Kong|High Horsepower|p1a: Exca
|-damage|p1a: Exca|35/100
|-damage|p2a: Kong|11/100|[from] item: Life Orb
|
|-weather|Sandstorm|[upkeep]
|-damage|p2a: Kong|5/100|[from] Sandstorm
|-heal|p1a: Exca|41/100|[from] Grassy Terrain
|-heal|p2a: Kong|11/100|[from] Grassy Terrain
|upkeep
|turn|18
|
|t:|1779886373
|move|p2a: Kong|Grassy Glide|p1a: Exca
|-supereffective|p1a: Exca
|-damage|p1a: Exca|0 fnt
|faint|p1a: Exca
|-damage|p2a: Kong|1/100|[from] item: Life Orb
|
|-weather|Sandstorm|[upkeep]
|-damage|p2a: Kong|0 fnt|[from] Sandstorm
|faint|p2a: Kong
|upkeep
|
|t:|1779886387
|switch|p2a: Blob|Muk, F|99/100
|switch|p1a: Hatty|Hatterene, F|34/100
|turn|19
|
|t:|1779886401
|move|p2a: Blob|Poison Jab|p1a: Hatty
|-supereffective|p1a: Hatty
|-damage|p1a: Hatty|0 fnt
|faint|p1a: Hatty
|
|win|ItsMe_Shyam_14
|raw|JoaMidgard's rating: 1088 &rarr; <strong>1066</strong><br />(-22 for losing)
|raw|ItsMe_Shyam_14's rating: 1099 &rarr; <strong>1123</strong><br />(+24 for winning)
|c|☆JoaMidgard|Gg
|c|☆JoaMidgard|I trolled it haha
|l|☆ItsMe_Shyam_14
|player|p2|
