|j|☆qqmatic
|j|☆greatgirth
|t:|1779942471
|gametype|singles
|player|p1|qqmatic|2|1291
|player|p2|greatgirth|hiker-gen4|1280
|gen|9
|tier|[Gen 9] OU
|rated|
|rule|HP Percentage Mod: HP is shown in percentages
|rule|Endless Battle Clause: Forcing endless battles is banned
|rule|Species Clause: Limit one of each Pokémon
|rule|OHKO Clause: OHKO moves are banned
|rule|Evasion Items Clause: Evasion items are banned
|rule|Evasion Moves Clause: Evasion moves are banned
|rule|Evasion Abilities Clause: Evasion abilities are banned
|rule|Sleep Moves Clause: Sleep-inducing moves are banned
|clearpoke
|poke|p1|Zoroark-Hisui, F|
|poke|p1|Darkrai|
|poke|p1|Ceruledge, F|
|poke|p1|Hydreigon, M|
|poke|p1|Gholdengo|
|poke|p1|Ribombee, M|
|poke|p2|Alomomola, F|
|poke|p2|Slowking-Galar, M|
|poke|p2|Ursaluna, M|
|poke|p2|Weavile, F|
|poke|p2|Rotom-Heat|
|poke|p2|Corviknight, M|
|teampreview
|inactive|Battle timer is ON: inactive players will automatically lose when time's up. (requested by greatgirth)
|
|t:|1779942481
|teamsize|p1|6
|teamsize|p2|6
|start
|switch|p1a: Gholdengo|Gholdengo|100/100
|switch|p2a: Weavile|Weavile, F|100/100
|-ability|p2a: Weavile|Pressure
|turn|1
|
|t:|1779942484
|move|p2a: Weavile|Knock Off|p1a: Gholdengo
|-supereffective|p1a: Gholdengo
|-enditem|p1a: Gholdengo|Focus Sash
|-damage|p1a: Gholdengo|1/100
|replace|p1a: Zoroark|Zoroark-Hisui, F
|-end|p1a: Zoroark|Illusion
|move|p1a: Zoroark|Swords Dance|p1a: Zoroark
|-boost|p1a: Zoroark|atk|2
|
|upkeep
|turn|2
|
|t:|1779942491
|move|p1a: Zoroark|Shadow Sneak|p2a: Weavile
|-resisted|p2a: Weavile
|-damage|p2a: Weavile|68/100
|move|p2a: Weavile|Knock Off|p1a: Zoroark
|-supereffective|p1a: Zoroark
|-damage|p1a: Zoroark|0 fnt
|faint|p1a: Zoroark
|
|upkeep
|
|t:|1779942500
|switch|p1a: Ribombee|Ribombee, M|100/100
|turn|3
|
|t:|1779942524
|switch|p2a: Slowking|Slowking-Galar, M|100/100
|move|p1a: Ribombee|Trick|p2a: Slowking
|-activate|p1a: Ribombee|move: Trick|[of] p2a: Slowking
|-item|p2a: Slowking|Choice Scarf|[from] move: Trick
|-item|p1a: Ribombee|Heavy-Duty Boots|[from] move: Trick
|
|upkeep
|turn|4
|
|t:|1779942534
|move|p1a: Ribombee|Sticky Web|p2a: Slowking
|-sidestart|p2: greatgirth|move: Sticky Web
|move|p2a: Slowking|Sludge Bomb|p1a: Ribombee
|-supereffective|p1a: Ribombee
|-damage|p1a: Ribombee|0 fnt
|faint|p1a: Ribombee
|
|upkeep
|
|t:|1779942553
|switch|p1a: Darkrai|Darkrai|100/100
|turn|5
|
|t:|1779942560
|move|p1a: Darkrai|Nasty Plot|p1a: Darkrai
|-boost|p1a: Darkrai|spa|2
|move|p2a: Slowking|Sludge Bomb|p1a: Darkrai
|-damage|p1a: Darkrai|55/100
|-status|p1a: Darkrai|psn
|
|-damage|p1a: Darkrai|42/100 psn|[from] psn
|upkeep
|turn|6
|
|t:|1779942563
|move|p1a: Darkrai|Shadow Ball|p2a: Slowking
|-supereffective|p2a: Slowking
|-damage|p2a: Slowking|14/100
|-damage|p1a: Darkrai|32/100 psn|[from] item: Life Orb
|move|p2a: Slowking|Sludge Bomb|p1a: Darkrai
|-damage|p1a: Darkrai|0 fnt
|faint|p1a: Darkrai
|
|upkeep
|
|t:|1779942571
|switch|p1a: Gholdengo|Gholdengo|100/100
|-item|p1a: Gholdengo|Air Balloon
|turn|7
|
|t:|1779942579
|switch|p2a: Rotom|Rotom-Heat|100/100
|move|p1a: Gholdengo|Nasty Plot|p1a: Gholdengo
|-boost|p1a: Gholdengo|spa|2
|
|upkeep
|turn|8
|
|t:|1779942586
|move|p2a: Rotom|Overheat|p1a: Gholdengo
|-supereffective|p1a: Gholdengo
|-damage|p1a: Gholdengo|5/100
|-unboost|p2a: Rotom|spa|2
|-enditem|p1a: Gholdengo|Air Balloon
|move|p1a: Gholdengo|Shadow Ball|p2a: Rotom
|-damage|p2a: Rotom|0 fnt
|faint|p2a: Rotom
|
|upkeep
|
|t:|1779942595
|switch|p2a: Weavile|Weavile, F|68/100
|-activate|p2a: Weavile|move: Sticky Web
|-unboost|p2a: Weavile|spe|1
|-ability|p2a: Weavile|Pressure
|turn|9
|
|t:|1779942598
|move|p2a: Weavile|Ice Shard|p1a: Gholdengo
|-resisted|p1a: Gholdengo
|-damage|p1a: Gholdengo|0 fnt
|faint|p1a: Gholdengo
|
|upkeep
|
|t:|1779942601
|switch|p1a: Ceruledge|Ceruledge, F|100/100
|turn|10
|
|t:|1779942612
|switch|p2a: Alomomola|Alomomola, F|100/100
|move|p1a: Ceruledge|Swords Dance|p1a: Ceruledge
|-boost|p1a: Ceruledge|atk|2
|
|upkeep
|turn|11
|
|t:|1779942622
|move|p1a: Ceruledge|Swords Dance|p1a: Ceruledge
|-boost|p1a: Ceruledge|atk|2
|move|p2a: Alomomola|Scald|p1a: Ceruledge
|-supereffective|p1a: Ceruledge
|-damage|p1a: Ceruledge|74/100
|
|upkeep
|turn|12
|
|t:|1779942629
|move|p1a: Ceruledge|Swords Dance|p1a: Ceruledge
|-boost|p1a: Ceruledge|atk|2
|move|p2a: Alomomola|Scald|p1a: Ceruledge
|-supereffective|p1a: Ceruledge
|-damage|p1a: Ceruledge|44/100
|
|upkeep
|turn|13
|
|t:|1779942638
|move|p1a: Ceruledge|Bitter Blade|p2a: Alomomola
|-resisted|p2a: Alomomola
|-damage|p2a: Alomomola|53/100
|-heal|p1a: Ceruledge|87/100|[from] drain|[of] p2a: Alomomola
|move|p2a: Alomomola|Scald|p1a: Ceruledge
|-supereffective|p1a: Ceruledge
|-damage|p1a: Ceruledge|57/100
|
|upkeep
|turn|14
|
|t:|1779942646
|move|p1a: Ceruledge|Bitter Blade|p2a: Alomomola
|-resisted|p2a: Alomomola
|-damage|p2a: Alomomola|2/100
|-heal|p1a: Ceruledge|100/100|[from] drain|[of] p2a: Alomomola
|move|p2a: Alomomola|Scald|p1a: Ceruledge
|-supereffective|p1a: Ceruledge
|-damage|p1a: Ceruledge|71/100
|
|upkeep
|turn|15
|-message|greatgirth forfeited.
|
|win|qqmatic
|raw|qqmatic's rating: 1291 &rarr; <strong>1315</strong><br />(+24 for winning)
|raw|greatgirth's rating: 1280 &rarr; <strong>1256</strong><br />(-24 for losing)
|l|☆greatgirth
|player|p2|
|l|☆qqmatic
|player|p1|
