|j|☆reguluscrossneas
|j|☆BrokenSand
|t:|1779885900
|gametype|singles
|player|p1|reguluscrossneas|steven|1114
|player|p2|BrokenSand|102|1139
|gen|9
|tier|[Gen 9] OU
|rated|
|rule|HP Percentage Mod: HP is shown in percentages
|rule|Endless Battle Clause: Forcing endless battles is banned
|rule|Species Clause: Limit one of each Pokémon
|rule|OHKO Clause: OHKO moves are banned
|rule|Evasion Items Clause: Evasion items are banned
|rule|Evasion Moves Clause: Evasion moves are banned
|rule|Evasion Abilities Clause: Evasion abilities are banned
|rule|Sleep Moves Clause: Sleep-inducing moves are banned
|clearpoke
|poke|p1|Dragonite, M|
|poke|p1|Cinderace, M|
|poke|p1|Glimmora, M|
|poke|p1|Deoxys-Speed|
|poke|p1|Gholdengo|
|poke|p1|Kingambit, F|
|poke|p2|Seviper, M|
|poke|p2|Arbok, M|
|poke|p2|Serperior, F|
|poke|p2|Sandaconda, M|
|poke|p2|Milotic, M|
|poke|p2|Eelektross, M|
|teampreview
|inactive|Battle timer is ON: inactive players will automatically lose when time's up. (requested by reguluscrossneas)
|inactive|reguluscrossneas has 120 seconds left.
|c|☆reguluscrossneas|Aura team
|inactive|reguluscrossneas has 90 seconds left.
|
|t:|1779885965
|teamsize|p1|6
|teamsize|p2|6
|start
|switch|p1a: Deoxys|Deoxys-Speed|100/100
|switch|p2a: Eelektross|Eelektross, M|100/100
|-ability|p1a: Deoxys|Pressure
|turn|1
|
|t:|1779885975
|move|p1a: Deoxys|Taunt|p2a: Eelektross
|-start|p2a: Eelektross|move: Taunt
|move|p2a: Eelektross|Knock Off|p1a: Deoxys
|-supereffective|p1a: Deoxys
|-damage|p1a: Deoxys|49/100
|-enditem|p1a: Deoxys|Weakness Policy
|-boost|p1a: Deoxys|atk|2|[from] item: Weakness Policy
|-boost|p1a: Deoxys|spa|2|[from] item: Weakness Policy
|
|upkeep
|turn|2
|
|t:|1779885986
|move|p1a: Deoxys|Cosmic Power|p1a: Deoxys
|-boost|p1a: Deoxys|def|1
|-boost|p1a: Deoxys|spd|1
|move|p2a: Eelektross|Volt Switch|p1a: Deoxys
|-damage|p1a: Deoxys|23/100
|
|t:|1779885993
|switch|p2a: Milotic|Milotic, M|100/100|[from] Volt Switch
|
|-status|p2a: Milotic|brn|[from] item: Flame Orb
|upkeep
|turn|3
|
|t:|1779886002
|move|p1a: Deoxys|Taunt|p2a: Milotic
|-start|p2a: Milotic|move: Taunt
|cant|p2a: Milotic|move: Taunt|Haze
|
|-damage|p2a: Milotic|94/100 brn|[from] brn
|upkeep
|turn|4
|
|t:|1779886012
|move|p1a: Deoxys|Recover|p1a: Deoxys
|-heal|p1a: Deoxys|73/100
|move|p2a: Milotic|Scald|p1a: Deoxys
|-damage|p1a: Deoxys|52/100
|
|-damage|p2a: Milotic|88/100 brn|[from] brn
|upkeep
|turn|5
|
|t:|1779886021
|switch|p2a: Eelektross|Eelektross, M|100/100
|move|p1a: Deoxys|Cosmic Power|p1a: Deoxys
|-boost|p1a: Deoxys|def|1
|-boost|p1a: Deoxys|spd|1
|
|upkeep
|turn|6
|
|t:|1779886031
|move|p1a: Deoxys|Recover|p1a: Deoxys
|-heal|p1a: Deoxys|100/100
|move|p2a: Eelektross|Volt Switch|p1a: Deoxys
|-damage|p1a: Deoxys|78/100
|
|t:|1779886043
|switch|p2a: Serperior|Serperior, F|100/100|[from] Volt Switch
|
|upkeep
|turn|7
|
|t:|1779886047
|move|p1a: Deoxys|Taunt|p2a: Serperior
|-start|p2a: Serperior|move: Taunt
|move|p2a: Serperior|Dragon Tail|p1a: Deoxys
|-damage|p1a: Deoxys|74/100
|drag|p1a: Glimmora|Glimmora, M|100/100
|
|upkeep
|turn|8
|
|t:|1779886058
|-terastallize|p2a: Serperior|Dragon
|move|p2a: Serperior|Leaf Storm|p1a: Glimmora
|-damage|p1a: Glimmora|45/100
|-boost|p2a: Serperior|spa|2
|move|p1a: Glimmora|Sludge Bomb|p2a: Serperior
|-damage|p2a: Serperior|53/100
|
|-heal|p2a: Serperior|59/100|[from] item: Leftovers
|upkeep
|turn|9
|
|t:|1779886066
|move|p2a: Serperior|Leaf Storm|p1a: Glimmora
|-damage|p1a: Glimmora|0 fnt
|-boost|p2a: Serperior|spa|2
|faint|p1a: Glimmora
|
|-heal|p2a: Serperior|65/100|[from] item: Leftovers
|-end|p2a: Serperior|move: Taunt
|upkeep
|
|t:|1779886071
|switch|p1a: Cinderace|Cinderace, M|100/100
|turn|10
|
|t:|1779886076
|move|p1a: Cinderace|U-turn|p2a: Serperior
|-start|p1a: Cinderace|typechange|Bug|[from] ability: Libero
|-damage|p2a: Serperior|31/100
|
|t:|1779886093
|switch|p1a: Gholdengo|Gholdengo|100/100|[from] U-turn
|move|p2a: Serperior|Dragon Pulse|p1a: Gholdengo
|-resisted|p1a: Gholdengo
|-damage|p1a: Gholdengo|47/100
|
|-heal|p2a: Serperior|37/100|[from] item: Leftovers
|upkeep
|turn|11
|
|t:|1779886102
|move|p1a: Gholdengo|Shadow Ball|p2a: Serperior
|-damage|p2a: Serperior|0 fnt
|faint|p2a: Serperior
|
|upkeep
|
|t:|1779886109
|switch|p2a: Eelektross|Eelektross, M|100/100
|turn|12
|
|t:|1779886120
|switch|p1a: Deoxys|Deoxys-Speed|74/100
|-ability|p1a: Deoxys|Pressure
|move|p2a: Eelektross|Volt Switch|p1a: Deoxys
|-damage|p1a: Deoxys|31/100
|
|t:|1779886127
|switch|p2a: Seviper|Seviper, M|100/100|[from] Volt Switch
|
|upkeep
|turn|13
|
|t:|1779886132
|move|p1a: Deoxys|Recover|p1a: Deoxys
|-heal|p1a: Deoxys|81/100
|move|p2a: Seviper|Dark Pulse|p1a: Deoxys
|-supereffective|p1a: Deoxys
|-damage|p1a: Deoxys|21/100
|
|upkeep
|turn|14
|
|t:|1779886138
|-terastallize|p1a: Deoxys|Flying
|move|p1a: Deoxys|Recover|p1a: Deoxys
|-heal|p1a: Deoxys|71/100
|move|p2a: Seviper|Dark Pulse|p1a: Deoxys
|-damage|p1a: Deoxys|42/100
|
|upkeep
|turn|15
|
|t:|1779886145
|switch|p2a: Eelektross|Eelektross, M|100/100
|move|p1a: Deoxys|Recover|p1a: Deoxys
|-heal|p1a: Deoxys|93/100
|
|upkeep
|turn|16
|
|t:|1779886151
|switch|p1a: Gholdengo|Gholdengo|47/100
|move|p2a: Eelektross|Volt Switch|p1a: Gholdengo
|-damage|p1a: Gholdengo|8/100
|
|t:|1779886159
|switch|p2a: Arbok|Arbok, M|100/100|[from] Volt Switch
|-ability|p2a: Arbok|Intimidate|boost
|-unboost|p1a: Gholdengo|atk|1
|
|upkeep
|turn|17
|
|t:|1779886164
|move|p2a: Arbok|Sucker Punch||[still]
|-fail|p2a: Arbok
|move|p1a: Gholdengo|Trick|p2a: Arbok
|-activate|p1a: Gholdengo|move: Trick|[of] p2a: Arbok
|-item|p2a: Arbok|Choice Scarf|[from] move: Trick
|-item|p1a: Gholdengo|Black Sludge|[from] move: Trick
|
|-damage|p1a: Gholdengo|0 fnt|[from] item: Black Sludge
|faint|p1a: Gholdengo
|upkeep
|
|t:|1779886188
|switch|p1a: Dragonite|Dragonite, M|100/100
|turn|18
|
|t:|1779886191
|switch|p2a: Sandaconda|Sandaconda, M|100/100
|move|p1a: Dragonite|Dragon Dance|p1a: Dragonite
|-boost|p1a: Dragonite|atk|1
|-boost|p1a: Dragonite|spe|1
|
|upkeep
|turn|19
|
|t:|1779886198
|move|p1a: Dragonite|Dragon Dance|p1a: Dragonite
|-boost|p1a: Dragonite|atk|1
|-boost|p1a: Dragonite|spe|1
|move|p2a: Sandaconda|Stealth Rock|p1a: Dragonite
|-sidestart|p1: reguluscrossneas|move: Stealth Rock
|
|upkeep
|turn|20
|
|t:|1779886206
|move|p1a: Dragonite|Dragon Claw|p2a: Sandaconda
|-damage|p2a: Sandaconda|43/100
|-damage|p1a: Dragonite|84/100|[from] item: Rocky Helmet|[of] p2a: Sandaconda
|move|p2a: Sandaconda|Glare|p1a: Dragonite
|-status|p1a: Dragonite|par
|
|upkeep
|turn|21
|
|t:|1779886214
|move|p1a: Dragonite|Dragon Claw|p2a: Sandaconda
|-damage|p2a: Sandaconda|0 fnt
|-damage|p1a: Dragonite|68/100 par|[from] item: Rocky Helmet|[of] p2a: Sandaconda
|faint|p2a: Sandaconda
|
|upkeep
|
|t:|1779886221
|switch|p2a: Milotic|Milotic, M|88/100 brn
|turn|22
|
|t:|1779886226
|cant|p1a: Dragonite|par
|move|p2a: Milotic|Haze|p2a: Milotic
|-clearallboost
|
|-damage|p2a: Milotic|82/100 brn|[from] brn
|upkeep
|turn|23
|
|t:|1779886253
|move|p2a: Milotic|Ice Beam|p1a: Dragonite
|-supereffective|p1a: Dragonite
|-damage|p1a: Dragonite|0 fnt
|faint|p1a: Dragonite
|
|-damage|p2a: Milotic|76/100 brn|[from] brn
|upkeep
|inactive|reguluscrossneas has 120 seconds left.
|
|t:|1779886272
|switch|p1a: Deoxys|Deoxys-Speed, tera:Flying|93/100
|-damage|p1a: Deoxys|68/100|[from] Stealth Rock
|-ability|p1a: Deoxys|Pressure
|turn|24
|inactive|reguluscrossneas has 120 seconds left.
|
|t:|1779886286
|switch|p2a: Seviper|Seviper, M|100/100
|move|p1a: Deoxys|Cosmic Power|p1a: Deoxys
|-boost|p1a: Deoxys|def|1
|-boost|p1a: Deoxys|spd|1
|
|upkeep
|turn|25
|
|t:|1779886292
|move|p1a: Deoxys|Cosmic Power|p1a: Deoxys
|-boost|p1a: Deoxys|def|1
|-boost|p1a: Deoxys|spd|1
|move|p2a: Seviper|Switcheroo|p1a: Deoxys
|-activate|p2a: Seviper|move: Trick|[of] p1a: Deoxys
|-item|p1a: Deoxys|Choice Scarf|[from] move: Switcheroo
|-enditem|p2a: Seviper|Choice Scarf|[silent]|[from] move: Switcheroo
|
|upkeep
|turn|26
|
|t:|1779886302
|switch|p2a: Eelektross|Eelektross, M|100/100
|move|p1a: Deoxys|Stored Power|p2a: Eelektross
|-damage|p2a: Eelektross|76/100
|
|upkeep
|turn|27
|
|t:|1779886309
|move|p1a: Deoxys|Stored Power|p2a: Eelektross
|-damage|p2a: Eelektross|53/100
|move|p2a: Eelektross|Volt Switch|p1a: Deoxys
|-supereffective|p1a: Deoxys
|-damage|p1a: Deoxys|28/100
|
|t:|1779886315
|switch|p2a: Milotic|Milotic, M|76/100 brn|[from] Volt Switch
|
|-damage|p2a: Milotic|70/100 brn|[from] brn
|upkeep
|turn|28
|
|t:|1779886320
|move|p1a: Deoxys|Stored Power|p2a: Milotic
|-damage|p2a: Milotic|45/100 brn
|move|p2a: Milotic|Haze|p2a: Milotic
|-clearallboost
|
|-damage|p2a: Milotic|39/100 brn|[from] brn
|upkeep
|turn|29
|
|t:|1779886328
|move|p1a: Deoxys|Stored Power|p2a: Milotic
|-damage|p2a: Milotic|33/100 brn
|move|p2a: Milotic|Ice Beam|p1a: Deoxys
|-supereffective|p1a: Deoxys
|-damage|p1a: Deoxys|0 fnt
|faint|p1a: Deoxys
|
|-damage|p2a: Milotic|27/100 brn|[from] brn
|upkeep
|
|t:|1779886344
|switch|p1a: Kingambit|Kingambit, F|100/100
|-damage|p1a: Kingambit|94/100|[from] Stealth Rock
|-activate|p1a: Kingambit|ability: Supreme Overlord
|-start|p1a: Kingambit|fallen4|[silent]
|turn|30
|
|t:|1779886358
|move|p2a: Milotic|Scald|p1a: Kingambit
|-damage|p1a: Kingambit|68/100
|move|p1a: Kingambit|Substitute|p1a: Kingambit
|-start|p1a: Kingambit|Substitute
|-damage|p1a: Kingambit|43/100
|
|-heal|p1a: Kingambit|50/100|[from] item: Leftovers
|-damage|p2a: Milotic|21/100 brn|[from] brn
|upkeep
|turn|31
|
|t:|1779886366
|move|p2a: Milotic|Scald|p1a: Kingambit
|-end|p1a: Kingambit|Substitute
|move|p1a: Kingambit|Swords Dance|p1a: Kingambit
|-boost|p1a: Kingambit|atk|2
|
|-heal|p1a: Kingambit|56/100|[from] item: Leftovers
|-damage|p2a: Milotic|15/100 brn|[from] brn
|upkeep
|turn|32
|
|t:|1779886383
|move|p2a: Milotic|Haze|p2a: Milotic
|-clearallboost
|move|p1a: Kingambit|Substitute|p1a: Kingambit
|-start|p1a: Kingambit|Substitute
|-damage|p1a: Kingambit|31/100
|
|-heal|p1a: Kingambit|37/100|[from] item: Leftovers
|-damage|p2a: Milotic|9/100 brn|[from] brn
|upkeep
|turn|33
|
|t:|1779886391
|move|p1a: Kingambit|Sucker Punch|p2a: Milotic
|-damage|p2a: Milotic|0 fnt
|faint|p2a: Milotic
|
|-heal|p1a: Kingambit|43/100|[from] item: Leftovers
|upkeep
|
|t:|1779886398
|switch|p2a: Seviper|Seviper, M|100/100
|turn|34
|inactive|reguluscrossneas has 120 seconds left.
|inactive|reguluscrossneas has 90 seconds left.
|
|t:|1779886466
|move|p2a: Seviper|Flamethrower|p1a: Kingambit
|-supereffective|p1a: Kingambit
|-damage|p1a: Kingambit|0 fnt
|faint|p1a: Kingambit
|-end|p1a: Kingambit|fallen4|[silent]
|
|upkeep
|-message|reguluscrossneas forfeited.
|
|win|BrokenSand
|raw|reguluscrossneas's rating: 1114 &rarr; <strong>1091</strong><br />(-23 for losing)
|raw|BrokenSand's rating: 1139 &rarr; <strong>1162</strong><br />(+23 for winning)
|l|☆reguluscrossneas
|player|p1|
