|j|☆enzonied
|j|☆sterster
|t:|1779860609
|gametype|singles
|player|p1|enzonied|pokekid|1409
|player|p2|sterster|101|1414
|gen|9
|tier|[Gen 9] OU
|rated|
|rule|HP Percentage Mod: HP is shown in percentages
|rule|Endless Battle Clause: Forcing endless battles is banned
|rule|Species Clause: Limit one of each Pokémon
|rule|OHKO Clause: OHKO moves are banned
|rule|Evasion Items Clause: Evasion items are banned
|rule|Evasion Moves Clause: Evasion moves are banned
|rule|Evasion Abilities Clause: Evasion abilities are banned
|rule|Sleep Moves Clause: Sleep-inducing moves are banned
|clearpoke
|poke|p1|Ting-Lu|
|poke|p1|Toxapex, M|
|poke|p1|Gholdengo|
|poke|p1|Primarina, F|
|poke|p1|Corviknight, M|
|poke|p1|Enamorus, F|
|poke|p2|Iron Valiant|
|poke|p2|Weavile, F|
|poke|p2|Dragapult, M|
|poke|p2|Moltres|
|poke|p2|Ogerpon-Wellspring, F|
|poke|p2|Great Tusk|
|teampreview
|inactive|Battle timer is ON: inactive players will automatically lose when time's up. (requested by enzonied)
|
|t:|1779860630
|teamsize|p1|6
|teamsize|p2|6
|start
|switch|p1a: Toxapex|Toxapex, M, shiny|100/100
|switch|p2a: Ogerpon|Ogerpon-Wellspring, F|100/100
|turn|1
|
|t:|1779860655
|switch|p2a: Dragapult|Dragapult, M|100/100
|move|p1a: Toxapex|Toxic|p2a: Dragapult
|-status|p2a: Dragapult|tox
|
|-damage|p2a: Dragapult|95/100 tox|[from] psn
|upkeep
|turn|2
|
|t:|1779860663
|switch|p1a: Ting-Lu|Ting-Lu, shiny|100/100
|-ability|p1a: Ting-Lu|Vessel of Ruin
|move|p2a: Dragapult|Will-O-Wisp|p1a: Ting-Lu
|-status|p1a: Ting-Lu|brn
|
|-damage|p2a: Dragapult|83/100 tox|[from] psn
|-damage|p1a: Ting-Lu|94/100 brn|[from] brn
|upkeep
|turn|3
|
|t:|1779860674
|move|p2a: Dragapult|U-turn|p1a: Ting-Lu
|-supereffective|p1a: Ting-Lu
|-damage|p1a: Ting-Lu|74/100 brn
|
|t:|1779860679
|switch|p2a: Ogerpon|Ogerpon-Wellspring, F|100/100|[from] U-turn
|move|p1a: Ting-Lu|Stealth Rock|p2a: Ogerpon
|-sidestart|p2: sterster|move: Stealth Rock
|
|-heal|p1a: Ting-Lu|81/100 brn|[from] item: Leftovers
|-damage|p1a: Ting-Lu|74/100 brn|[from] brn
|upkeep
|turn|4
|
|t:|1779860689
|switch|p1a: Toxapex|Toxapex, M, shiny|100/100
|move|p2a: Ogerpon|Spikes|p1a: Toxapex
|-sidestart|p1: enzonied|Spikes
|
|upkeep
|turn|5
|
|t:|1779860697
|move|p2a: Ogerpon|Spikes|p1a: Toxapex
|-sidestart|p1: enzonied|Spikes
|move|p1a: Toxapex|Toxic|p2a: Ogerpon
|-status|p2a: Ogerpon|tox
|
|-damage|p2a: Ogerpon|95/100 tox|[from] psn
|upkeep
|turn|6
|
|t:|1779860712
|switch|p2a: Dragapult|Dragapult, M|83/100 tox
|move|p1a: Toxapex|Haze|p1a: Toxapex
|-clearallboost
|
|-damage|p2a: Dragapult|77/100 tox|[from] psn
|upkeep
|turn|7
|
|t:|1779860721
|switch|p1a: Ting-Lu|Ting-Lu, shiny|74/100 brn
|-damage|p1a: Ting-Lu|58/100 brn|[from] Spikes
|-ability|p1a: Ting-Lu|Vessel of Ruin
|move|p2a: Dragapult|Dragon Darts|p1a: Ting-Lu
|-damage|p1a: Ting-Lu|47/100 brn
|-anim|p2a: Dragapult|Dragon Darts|p1a: Ting-Lu
|-damage|p1a: Ting-Lu|35/100 brn
|
|-heal|p1a: Ting-Lu|41/100 brn|[from] item: Leftovers
|-damage|p2a: Dragapult|65/100 tox|[from] psn
|-damage|p1a: Ting-Lu|35/100 brn|[from] brn
|upkeep
|turn|8
|
|t:|1779860735
|move|p2a: Dragapult|U-turn|p1a: Ting-Lu
|-supereffective|p1a: Ting-Lu
|-damage|p1a: Ting-Lu|15/100 brn
|
|t:|1779860738
|switch|p2a: Moltres|Moltres|100/100|[from] U-turn
|move|p1a: Ting-Lu|Spikes|p2a: Moltres
|-sidestart|p2: sterster|Spikes
|
|-heal|p1a: Ting-Lu|22/100 brn|[from] item: Leftovers
|-damage|p1a: Ting-Lu|15/100 brn|[from] brn
|upkeep
|turn|9
|
|t:|1779860747
|move|p2a: Moltres|Flamethrower|p1a: Ting-Lu
|-damage|p1a: Ting-Lu|0 fnt
|faint|p1a: Ting-Lu
|
|upkeep
|
|t:|1779860753
|switch|p1a: Primarina|Primarina, F, shiny|100/100
|-damage|p1a: Primarina|84/100|[from] Spikes
|turn|10
|
|t:|1779860758
|move|p2a: Moltres|U-turn|p1a: Primarina
|-resisted|p1a: Primarina
|-damage|p1a: Primarina|75/100
|
|t:|1779860761
|switch|p2a: Ogerpon|Ogerpon-Wellspring, F|95/100 tox|[from] U-turn
|-damage|p2a: Ogerpon|82/100 tox|[from] Stealth Rock
|-damage|p2a: Ogerpon|70/100 tox|[from] Spikes
|move|p1a: Primarina|Moonblast|p2a: Ogerpon
|-damage|p2a: Ogerpon|9/100 tox
|
|-damage|p2a: Ogerpon|3/100 tox|[from] psn
|upkeep
|turn|11
|
|t:|1779860773
|switch|p1a: Corviknight|Corviknight, M, shiny|100/100
|-ability|p1a: Corviknight|Pressure
|move|p2a: Ogerpon|Knock Off|p1a: Corviknight
|-damage|p1a: Corviknight|76/100
|-damage|p2a: Ogerpon|0 fnt|[from] item: Rocky Helmet|[of] p1a: Corviknight
|faint|p2a: Ogerpon
|
|upkeep
|
|t:|1779860787
|switch|p2a: Moltres|Moltres|100/100
|turn|12
|
|t:|1779860803
|switch|p1a: Primarina|Primarina, F, shiny|75/100
|-damage|p1a: Primarina|59/100|[from] Spikes
|move|p2a: Moltres|Roar|p1a: Primarina
|drag|p1a: Toxapex|Toxapex, M, shiny|100/100
|-damage|p1a: Toxapex|84/100|[from] Spikes
|
|-heal|p1a: Toxapex|90/100|[from] item: Black Sludge
|upkeep
|turn|13
|
|t:|1779860815
|switch|p2a: Dragapult|Dragapult, M|65/100 tox
|move|p1a: Toxapex|Chilling Water|p2a: Dragapult
|-resisted|p2a: Dragapult
|-damage|p2a: Dragapult|57/100 tox
|-unboost|p2a: Dragapult|atk|1
|
|-heal|p1a: Toxapex|96/100|[from] item: Black Sludge
|-damage|p2a: Dragapult|51/100 tox|[from] psn
|upkeep
|turn|14
|
|t:|1779860826
|switch|p1a: Primarina|Primarina, F, shiny|59/100
|-damage|p1a: Primarina|42/100|[from] Spikes
|move|p2a: Dragapult|Will-O-Wisp|p1a: Primarina|[miss]
|-miss|p2a: Dragapult|p1a: Primarina
|
|-damage|p2a: Dragapult|39/100 tox|[from] psn
|upkeep
|turn|15
|
|t:|1779860842
|move|p2a: Dragapult|U-turn|p1a: Primarina
|-resisted|p1a: Primarina
|-damage|p1a: Primarina|35/100
|
|t:|1779860850
|switch|p2a: Moltres|Moltres|100/100|[from] U-turn
|move|p1a: Primarina|Moonblast|p2a: Moltres
|-resisted|p2a: Moltres
|-damage|p2a: Moltres|72/100
|-unboost|p2a: Moltres|spa|1
|
|upkeep
|turn|16
|
|t:|1779860858
|move|p1a: Primarina|Sparkling Aria|p2a: Moltres
|-supereffective|p2a: Moltres
|-damage|p2a: Moltres|0 fnt
|faint|p2a: Moltres
|
|upkeep
|
|t:|1779860869
|switch|p2a: Great Tusk|Great Tusk|100/100
|turn|17
|
|t:|1779860878
|move|p2a: Great Tusk|Rapid Spin|p1a: Primarina
|-damage|p1a: Primarina|12/100
|-boost|p2a: Great Tusk|spe|1
|-sideend|p2: sterster|Spikes|[from] move: Rapid Spin|[of] p2a: Great Tusk
|-sideend|p2: sterster|Stealth Rock|[from] move: Rapid Spin|[of] p2a: Great Tusk
|move|p1a: Primarina|Moonblast|p2a: Great Tusk
|-supereffective|p2a: Great Tusk
|-crit|p2a: Great Tusk
|-damage|p2a: Great Tusk|0 fnt
|faint|p2a: Great Tusk
|-end|p2a: Great Tusk|Protosynthesis|[silent]
|
|upkeep
|
|t:|1779860885
|switch|p2a: Weavile|Weavile, F|100/100
|-ability|p2a: Weavile|Pressure
|turn|18
|
|t:|1779860891
|move|p2a: Weavile|Knock Off|p1a: Primarina
|-resisted|p1a: Primarina
|-damage|p1a: Primarina|0 fnt
|-enditem|p1a: Primarina|Assault Vest|[from] move: Knock Off|[of] p2a: Weavile
|faint|p1a: Primarina
|
|upkeep
|
|t:|1779860897
|switch|p1a: Enamorus|Enamorus, F, shiny|100/100
|turn|19
|inactive|sterster has 120 seconds left.
|
|t:|1779860934
|-terastallize|p1a: Enamorus|Stellar
|-terastallize|p2a: Weavile|Fire
|move|p1a: Enamorus|Moonblast|p2a: Weavile
|-resisted|p2a: Weavile
|-damage|p2a: Weavile|55/100
|move|p2a: Weavile|Swords Dance|p2a: Weavile
|-boost|p2a: Weavile|atk|2
|
|upkeep
|turn|20
|inactive|sterster has 120 seconds left.
|
|t:|1779860945
|switch|p1a: Toxapex|Toxapex, M, shiny|100/100
|-damage|p1a: Toxapex|84/100|[from] Spikes
|move|p2a: Weavile|Triple Axel|p1a: Toxapex
|-resisted|p1a: Toxapex
|-damage|p1a: Toxapex|78/100
|-resisted|p1a: Toxapex
|-damage|p1a: Toxapex|66/100
|-resisted|p1a: Toxapex
|-damage|p1a: Toxapex|47/100
|-hitcount|p1a: Toxapex|3
|
|-heal|p1a: Toxapex|53/100|[from] item: Black Sludge
|upkeep
|turn|21
|inactive|sterster has 120 seconds left.
|
|t:|1779860958
|move|p2a: Weavile|Knock Off|p1a: Toxapex
|-damage|p1a: Toxapex|0 fnt
|-enditem|p1a: Toxapex|Black Sludge|[from] move: Knock Off|[of] p2a: Weavile
|faint|p1a: Toxapex
|
|upkeep
|
|t:|1779860964
|switch|p1a: Enamorus|Enamorus, F, shiny, tera:Stellar|100/100
|turn|22
|
|t:|1779860974
|switch|p2a: Dragapult|Dragapult, M|39/100 tox
|move|p1a: Enamorus|Earth Power|p2a: Dragapult
|-damage|p2a: Dragapult|0 fnt
|faint|p2a: Dragapult
|
|upkeep
|
|t:|1779860977
|switch|p2a: Iron Valiant|Iron Valiant|100/100
|-enditem|p2a: Iron Valiant|Booster Energy
|-activate|p2a: Iron Valiant|ability: Quark Drive|[fromitem]
|-start|p2a: Iron Valiant|quarkdrivespe
|turn|23
|
|t:|1779860986
|switch|p1a: Corviknight|Corviknight, M, shiny|76/100
|-ability|p1a: Corviknight|Pressure
|move|p2a: Iron Valiant|Calm Mind|p2a: Iron Valiant
|-boost|p2a: Iron Valiant|spa|1
|-boost|p2a: Iron Valiant|spd|1
|
|upkeep
|turn|24
|
|t:|1779860994
|move|p2a: Iron Valiant|Calm Mind|p2a: Iron Valiant
|-boost|p2a: Iron Valiant|spa|1
|-boost|p2a: Iron Valiant|spd|1
|move|p1a: Corviknight|Brave Bird|p2a: Iron Valiant
|-supereffective|p2a: Iron Valiant
|-damage|p2a: Iron Valiant|2/100
|-damage|p1a: Corviknight|53/100|[from] Recoil
|
|upkeep
|turn|25
|
|t:|1779861003
|move|p2a: Iron Valiant|Shadow Ball|p1a: Corviknight
|-damage|p1a: Corviknight|4/100
|move|p1a: Corviknight|U-turn|p2a: Iron Valiant
|-resisted|p2a: Iron Valiant
|-damage|p2a: Iron Valiant|0 fnt
|faint|p2a: Iron Valiant
|-end|p2a: Iron Valiant|Quark Drive|[silent]
|
|t:|1779861010
|switch|p1a: Enamorus|Enamorus, F, shiny, tera:Stellar|100/100|[from] U-turn
|
|upkeep
|
|t:|1779861012
|switch|p2a: Weavile|Weavile, F, tera:Fire|55/100
|-ability|p2a: Weavile|Pressure
|turn|26
|
|t:|1779861018
|move|p1a: Enamorus|Earth Power|p2a: Weavile
|-supereffective|p2a: Weavile
|-damage|p2a: Weavile|0 fnt
|faint|p2a: Weavile
|
|win|enzonied
|raw|enzonied's rating: 1409 &rarr; <strong>1429</strong><br />(+20 for winning)
|raw|sterster's rating: 1414 &rarr; <strong>1394</strong><br />(-20 for losing)
|l|☆sterster
|player|p2|
|l|☆enzonied
|player|p1|
