|j|☆Booluigi
|j|☆OMJIJ
|t:|1779970255
|gametype|singles
|player|p1|Booluigi|170|1236
|player|p2|OMJIJ|red|1232
|gen|9
|tier|[Gen 9] OU
|rated|
|rule|HP Percentage Mod: HP is shown in percentages
|rule|Endless Battle Clause: Forcing endless battles is banned
|rule|Species Clause: Limit one of each Pokémon
|rule|OHKO Clause: OHKO moves are banned
|rule|Evasion Items Clause: Evasion items are banned
|rule|Evasion Moves Clause: Evasion moves are banned
|rule|Evasion Abilities Clause: Evasion abilities are banned
|rule|Sleep Moves Clause: Sleep-inducing moves are banned
|clearpoke
|poke|p1|Rillaboom, F|
|poke|p1|Garganacl, M|
|poke|p1|Kyurem|
|poke|p1|Dragapult, M|
|poke|p1|Great Tusk|
|poke|p1|Alomomola, M|
|poke|p2|Gliscor, F|
|poke|p2|Zapdos|
|poke|p2|Iron Valiant|
|poke|p2|Kingambit, M|
|poke|p2|Ceruledge, M|
|poke|p2|Dragonite, F|
|teampreview
|inactive|Battle timer is ON: inactive players will automatically lose when time's up. (requested by Booluigi)
|
|t:|1779970264
|teamsize|p1|6
|teamsize|p2|6
|start
|switch|p1a: Garganacl|Garganacl, M|100/100
|switch|p2a: hachier parmentier|Gliscor, F|100/100
|turn|1
|
|t:|1779970271
|move|p2a: hachier parmentier|Protect|p2a: hachier parmentier
|-singleturn|p2a: hachier parmentier|Protect
|move|p1a: Garganacl|Salt Cure|p2a: hachier parmentier
|-activate|p2a: hachier parmentier|move: Protect
|
|-status|p2a: hachier parmentier|tox|[from] item: Toxic Orb
|upkeep
|turn|2
|
|t:|1779970280
|move|p2a: hachier parmentier|Stealth Rock|p1a: Garganacl
|-sidestart|p1: Booluigi|move: Stealth Rock
|move|p1a: Garganacl|Salt Cure|p2a: hachier parmentier
|-damage|p2a: hachier parmentier|93/100 tox
|-start|p2a: hachier parmentier|Salt Cure
|
|-heal|p2a: hachier parmentier|100/100 tox|[from] ability: Poison Heal
|-damage|p2a: hachier parmentier|88/100 tox|[from] Salt Cure
|upkeep
|turn|3
|
|t:|1779970289
|move|p2a: hachier parmentier|Toxic|p1a: Garganacl
|-immune|p1a: Garganacl|[from] ability: Purifying Salt
|move|p1a: Garganacl|Stealth Rock|p2a: hachier parmentier
|-sidestart|p2: OMJIJ|move: Stealth Rock
|
|-heal|p2a: hachier parmentier|100/100 tox|[from] ability: Poison Heal
|-damage|p2a: hachier parmentier|88/100 tox|[from] Salt Cure
|upkeep
|turn|4
|
|t:|1779970306
|switch|p2a: hachier tajournée|Ceruledge, M|100/100
|switch|p1a: Great Tusk|Great Tusk|100/100
|
|upkeep
|turn|5
|
|t:|1779970324
|switch|p2a: hacier parterre|Zapdos|100/100
|-ability|p2a: hacier parterre|Pressure
|move|p1a: Great Tusk|Knock Off|p2a: hacier parterre
|-damage|p2a: hacier parterre|73/100
|-enditem|p2a: hacier parterre|Heavy-Duty Boots|[from] move: Knock Off|[of] p1a: Great Tusk
|
|upkeep
|turn|6
|
|t:|1779970333
|move|p2a: hacier parterre|Hurricane|p1a: Great Tusk|[miss]
|-miss|p2a: hacier parterre|p1a: Great Tusk
|move|p1a: Great Tusk|Rapid Spin|p2a: hacier parterre
|-damage|p2a: hacier parterre|58/100
|-boost|p1a: Great Tusk|spe|1
|-sideend|p1: Booluigi|Stealth Rock|[from] move: Rapid Spin|[of] p1a: Great Tusk
|
|upkeep
|turn|7
|
|t:|1779970343
|move|p1a: Great Tusk|Ice Spinner|p2a: hacier parterre
|-supereffective|p2a: hacier parterre
|-damage|p2a: hacier parterre|8/100
|move|p2a: hacier parterre|Hurricane|p1a: Great Tusk
|-supereffective|p1a: Great Tusk
|-damage|p1a: Great Tusk|0 fnt
|faint|p1a: Great Tusk
|-end|p1a: Great Tusk|Protosynthesis|[silent]
|
|upkeep
|
|t:|1779970353
|switch|p1a: Dragapult|Dragapult, M|100/100
|turn|8
|
|t:|1779970359
|switch|p2a: hachier parmentier|Gliscor, F|88/100 tox
|-damage|p2a: hachier parmentier|76/100 tox|[from] Stealth Rock
|move|p1a: Dragapult|U-turn|p2a: hachier parmentier
|-resisted|p2a: hachier parmentier
|-damage|p2a: hachier parmentier|71/100 tox
|
|t:|1779970370
|switch|p1a: Kyurem|Kyurem|100/100|[from] U-turn
|-ability|p1a: Kyurem|Pressure
|
|-heal|p2a: hachier parmentier|83/100 tox|[from] ability: Poison Heal
|upkeep
|turn|9
|
|t:|1779970388
|move|p2a: hachier parmentier|Protect|p2a: hachier parmentier
|-singleturn|p2a: hachier parmentier|Protect
|move|p1a: Kyurem|Substitute|p1a: Kyurem
|-start|p1a: Kyurem|Substitute
|-damage|p1a: Kyurem|76/100
|
|-heal|p2a: hachier parmentier|95/100 tox|[from] ability: Poison Heal
|upkeep
|turn|10
|
|t:|1779970400
|switch|p2a: hachier cecombat|Kingambit, M|100/100
|-damage|p2a: hachier cecombat|94/100|[from] Stealth Rock
|move|p1a: Kyurem|Freeze-Dry|p2a: hachier cecombat
|-resisted|p2a: hachier cecombat
|-damage|p2a: hachier cecombat|78/100
|
|upkeep
|turn|11
|
|t:|1779970412
|move|p1a: Kyurem|Earth Power|p2a: hachier cecombat
|-supereffective|p2a: hachier cecombat
|-damage|p2a: hachier cecombat|20/100
|-unboost|p2a: hachier cecombat|spd|1
|move|p2a: hachier cecombat|Iron Head|p1a: Kyurem
|-supereffective|p1a: Kyurem
|-end|p1a: Kyurem|Substitute
|
|upkeep
|turn|12
|
|t:|1779970428
|switch|p1a: Alomomola|Alomomola, M|100/100
|-end|p2a: hachier cecombat|fallenundefined|[silent]
|switch|p2a: hachier toutcourt|Iron Valiant|100/100
|-damage|p2a: hachier toutcourt|94/100|[from] Stealth Rock
|
|upkeep
|turn|13
|
|t:|1779970437
|move|p2a: hachier toutcourt|Moonblast|p1a: Alomomola
|-damage|p1a: Alomomola|39/100
|move|p1a: Alomomola|Flip Turn|p2a: hachier toutcourt
|-damage|p2a: hachier toutcourt|76/100
|
|t:|1779970447
|switch|p1a: Dragapult|Dragapult, M|100/100|[from] Flip Turn
|
|upkeep
|turn|14
|
|t:|1779970455
|-end|p2a: hachier toutcourt|Quark Drive|[silent]
|switch|p2a: hachier parmentier|Gliscor, F|95/100 tox
|-damage|p2a: hachier parmentier|83/100 tox|[from] Stealth Rock
|move|p1a: Dragapult|Shadow Ball|p2a: hachier parmentier
|-damage|p2a: hachier parmentier|38/100 tox
|
|-heal|p2a: hachier parmentier|50/100 tox|[from] ability: Poison Heal
|upkeep
|turn|15
|
|t:|1779970468
|move|p1a: Dragapult|Draco Meteor|p2a: hachier parmentier
|-damage|p2a: hachier parmentier|0 fnt
|-unboost|p1a: Dragapult|spa|2
|faint|p2a: hachier parmentier
|
|upkeep
|
|t:|1779970476
|switch|p2a: hachier cecombat|Kingambit, M|20/100
|-damage|p2a: hachier cecombat|14/100|[from] Stealth Rock
|-activate|p2a: hachier cecombat|ability: Supreme Overlord
|-start|p2a: hachier cecombat|fallen1|[silent]
|turn|16
|
|t:|1779970485
|switch|p1a: Garganacl|Garganacl, M|100/100
|move|p2a: hachier cecombat|Sucker Punch||[still]
|-fail|p2a: hachier cecombat
|
|upkeep
|turn|17
|
|t:|1779970490
|move|p2a: hachier cecombat|Iron Head|p1a: Garganacl
|-supereffective|p1a: Garganacl
|-damage|p1a: Garganacl|31/100
|cant|p1a: Garganacl|flinch
|
|-heal|p1a: Garganacl|37/100|[from] item: Leftovers
|upkeep
|turn|18
|
|t:|1779970498
|switch|p1a: Alomomola|Alomomola, M|72/100
|move|p2a: hachier cecombat|Iron Head|p1a: Alomomola
|-resisted|p1a: Alomomola
|-damage|p1a: Alomomola|58/100
|
|upkeep
|turn|19
|
|t:|1779970507
|move|p1a: Alomomola|Wish|p1a: Alomomola
|move|p2a: hachier cecombat|Kowtow Cleave|p1a: Alomomola
|-damage|p1a: Alomomola|24/100
|
|upkeep
|turn|20
|
|t:|1779970513
|move|p1a: Alomomola|Flip Turn|p2a: hachier cecombat
|-damage|p2a: hachier cecombat|4/100
|
|t:|1779970525
|switch|p1a: Garganacl|Garganacl, M|37/100|[from] Flip Turn
|move|p2a: hachier cecombat|Kowtow Cleave|p1a: Garganacl
|-damage|p1a: Garganacl|0 fnt
|faint|p1a: Garganacl
|
|upkeep
|
|t:|1779970534
|switch|p1a: Alomomola|Alomomola, M|57/100
|turn|21
|
|t:|1779970561
|move|p1a: Alomomola|Scald|p2a: hachier cecombat
|-damage|p2a: hachier cecombat|0 fnt
|faint|p2a: hachier cecombat
|-end|p2a: hachier cecombat|fallen1|[silent]
|
|upkeep
|
|t:|1779970568
|switch|p2a: hacier parterre|Zapdos|8/100
|-damage|p2a: hacier parterre|0 fnt|[from] Stealth Rock
|faint|p2a: hacier parterre
|inactive|OMJIJ has 120 seconds left.
|
|t:|1779970580
|switch|p2a: hachier extremier|Dragonite, F|100/100
|turn|22
|
|t:|1779970586
|move|p2a: hachier extremier|Dragon Dance|p2a: hachier extremier
|-boost|p2a: hachier extremier|atk|1
|-boost|p2a: hachier extremier|spe|1
|move|p1a: Alomomola|Flip Turn|p2a: hachier extremier
|-resisted|p2a: hachier extremier
|-damage|p2a: hachier extremier|97/100
|
|t:|1779970594
|switch|p1a: Dragapult|Dragapult, M|100/100|[from] Flip Turn
|
|upkeep
|turn|23
|inactive|OMJIJ has 120 seconds left.
|
|t:|1779970625
|switch|p2a: hachier toutcourt|Iron Valiant|76/100
|-damage|p2a: hachier toutcourt|70/100|[from] Stealth Rock
|move|p1a: Dragapult|Draco Meteor|p2a: hachier toutcourt
|-immune|p2a: hachier toutcourt
|
|upkeep
|turn|24
|inactive|OMJIJ has 120 seconds left.
|
|t:|1779970637
|switch|p1a: Alomomola|Alomomola, M|91/100
|move|p2a: hachier toutcourt|Moonblast|p1a: Alomomola
|-damage|p1a: Alomomola|22/100
|
|upkeep
|turn|25
|
|t:|1779970644
|move|p2a: hachier toutcourt|Moonblast|p1a: Alomomola
|-damage|p1a: Alomomola|0 fnt
|faint|p1a: Alomomola
|
|upkeep
|
|t:|1779970648
|switch|p1a: Rillaboom|Rillaboom, F|100/100
|-fieldstart|move: Grassy Terrain|[from] ability: Grassy Surge|[of] p1a: Rillaboom
|turn|26
|
|t:|1779970654
|-end|p2a: hachier toutcourt|Quark Drive|[silent]
|switch|p2a: hachier tajournée|Ceruledge, M|100/100
|move|p1a: Rillaboom|Grassy Glide|p2a: hachier tajournée
|-resisted|p2a: hachier tajournée
|-damage|p2a: hachier tajournée|66/100
|-ability|p2a: hachier tajournée|Weak Armor|boost
|-unboost|p2a: hachier tajournée|def|1
|-boost|p2a: hachier tajournée|spe|2
|
|-heal|p2a: hachier tajournée|73/100|[from] Grassy Terrain
|upkeep
|turn|27
|inactive|OMJIJ has 120 seconds left.
|
|t:|1779970687
|move|p1a: Rillaboom|Grassy Glide|p2a: hachier tajournée
|-resisted|p2a: hachier tajournée
|-crit|p2a: hachier tajournée
|-damage|p2a: hachier tajournée|0 fnt
|faint|p2a: hachier tajournée
|
|upkeep
|
|t:|1779970694
|switch|p2a: hachier extremier|Dragonite, F|97/100
|turn|28
|
|t:|1779970699
|move|p1a: Rillaboom|Grassy Glide|p2a: hachier extremier
|-resisted|p2a: hachier extremier
|-damage|p2a: hachier extremier|80/100
|move|p2a: hachier extremier|Ice Spinner|p1a: Rillaboom
|-supereffective|p1a: Rillaboom
|-damage|p1a: Rillaboom|31/100
|-fieldend|move: Grassy Terrain
|
|upkeep
|turn|29
|
|t:|1779970708
|move|p1a: Rillaboom|Grassy Glide|p2a: hachier extremier
|-resisted|p2a: hachier extremier
|-damage|p2a: hachier extremier|68/100
|move|p2a: hachier extremier|Dragon Dance|p2a: hachier extremier
|-boost|p2a: hachier extremier|atk|1
|-boost|p2a: hachier extremier|spe|1
|
|upkeep
|turn|30
|
|t:|1779970715
|move|p2a: hachier extremier|Dragon Dance|p2a: hachier extremier
|-boost|p2a: hachier extremier|atk|1
|-boost|p2a: hachier extremier|spe|1
|move|p1a: Rillaboom|Grassy Glide|p2a: hachier extremier
|-resisted|p2a: hachier extremier
|-damage|p2a: hachier extremier|57/100
|
|upkeep
|turn|31
|
|t:|1779970725
|move|p2a: hachier extremier|Ice Spinner|p1a: Rillaboom
|-supereffective|p1a: Rillaboom
|-damage|p1a: Rillaboom|0 fnt
|faint|p1a: Rillaboom
|
|upkeep
|
|t:|1779970729
|switch|p1a: Kyurem|Kyurem|76/100
|-ability|p1a: Kyurem|Pressure
|turn|32
|inactive|OMJIJ has 120 seconds left.
|inactive|OMJIJ has 90 seconds left.
|
|t:|1779970803
|-terastallize|p1a: Kyurem|Ground
|move|p2a: hachier extremier|Earthquake|p1a: Kyurem
|-damage|p1a: Kyurem|5/100
|move|p1a: Kyurem|Freeze-Dry|p2a: hachier extremier
|-supereffective|p2a: hachier extremier
|-damage|p2a: hachier extremier|0 fnt
|faint|p2a: hachier extremier
|
|upkeep
|
|t:|1779970809
|switch|p2a: hachier toutcourt|Iron Valiant|70/100
|-damage|p2a: hachier toutcourt|64/100|[from] Stealth Rock
|turn|33
|
|t:|1779970817
|move|p2a: hachier toutcourt|Moonblast|p1a: Kyurem
|-damage|p1a: Kyurem|0 fnt
|faint|p1a: Kyurem
|
|upkeep
|
|t:|1779970821
|switch|p1a: Dragapult|Dragapult, M|100/100
|turn|34
|
|t:|1779970824
|move|p1a: Dragapult|Shadow Ball|p2a: hachier toutcourt
|-damage|p2a: hachier toutcourt|0 fnt
|faint|p2a: hachier toutcourt
|-end|p2a: hachier toutcourt|Quark Drive|[silent]
|
|win|Booluigi
|raw|Booluigi's rating: 1236 &rarr; <strong>1261</strong><br />(+25 for winning)
|raw|OMJIJ's rating: 1232 &rarr; <strong>1207</strong><br />(-25 for losing)
|l|☆OMJIJ
|player|p2|
