|j|☆wikio
|j|☆XM307
|t:|1779815109
|gametype|singles
|player|p1|wikio|170|1183
|player|p2|XM307|red|1117
|gen|9
|tier|[Gen 9] OU
|rated|
|rule|HP Percentage Mod: HP is shown in percentages
|rule|Endless Battle Clause: Forcing endless battles is banned
|rule|Species Clause: Limit one of each Pokémon
|rule|OHKO Clause: OHKO moves are banned
|rule|Evasion Items Clause: Evasion items are banned
|rule|Evasion Moves Clause: Evasion moves are banned
|rule|Evasion Abilities Clause: Evasion abilities are banned
|rule|Sleep Moves Clause: Sleep-inducing moves are banned
|clearpoke
|poke|p1|Torkoal, M|
|poke|p1|Ninetales, M|
|poke|p1|Venusaur, M|
|poke|p1|Lilligant-Hisui, F|
|poke|p1|Landorus-Therian, M|
|poke|p1|Bastiodon, M|
|poke|p2|Ceruledge, M|
|poke|p2|Dragonite, M|
|poke|p2|Zamazenta-*|
|poke|p2|Gholdengo|
|poke|p2|Great Tusk|
|poke|p2|Kyurem|
|teampreview
|inactive|Battle timer is ON: inactive players will automatically lose when time's up. (requested by XM307)
|
|t:|1779815136
|teamsize|p1|6
|teamsize|p2|6
|start
|switch|p1a: Venusaur|Venusaur, M|100/100
|switch|p2a: Zero|Ceruledge, M, shiny|100/100
|turn|1
|
|t:|1779815147
|switch|p1a: Landorus|Landorus-Therian, M|100/100
|-ability|p1a: Landorus|Intimidate|boost
|-unboost|p2a: Zero|atk|1
|move|p2a: Zero|Swords Dance|p2a: Zero
|-boost|p2a: Zero|atk|2
|
|upkeep
|turn|2
|
|t:|1779815154
|move|p1a: Landorus|Earthquake|p2a: Zero
|-supereffective|p2a: Zero
|-damage|p2a: Zero|0 fnt
|faint|p2a: Zero
|
|upkeep
|
|t:|1779815158
|switch|p2a: Onaga|Dragonite, M, shiny|100/100
|turn|3
|
|t:|1779815163
|-terastallize|p2a: Onaga|Normal
|move|p1a: Landorus|Taunt|p2a: Onaga
|-start|p2a: Onaga|move: Taunt
|cant|p2a: Onaga|move: Taunt|Dragon Dance
|
|upkeep
|turn|4
|
|t:|1779815171
|move|p1a: Landorus|U-turn|p2a: Onaga
|-damage|p2a: Onaga|85/100
|j| stall_must_die
|
|t:|1779815180
|switch|p1a: Torkoal|Torkoal, M|100/100|[from] U-turn
|-weather|SunnyDay|[from] ability: Drought|[of] p1a: Torkoal
|move|p2a: Onaga|Dragon Claw|p1a: Torkoal
|-damage|p1a: Torkoal|73/100
|
|-weather|SunnyDay|[upkeep]
|upkeep
|turn|5
|
|t:|1779815188
|move|p2a: Onaga|Earthquake|p1a: Torkoal
|-supereffective|p1a: Torkoal
|-damage|p1a: Torkoal|31/100
|move|p1a: Torkoal|Stealth Rock|p2a: Onaga
|-sidestart|p2: XM307|move: Stealth Rock
|
|-weather|SunnyDay|[upkeep]
|-end|p2a: Onaga|move: Taunt
|upkeep
|turn|6
|
|t:|1779815195
|move|p2a: Onaga|Dragon Dance|p2a: Onaga
|-boost|p2a: Onaga|atk|1
|-boost|p2a: Onaga|spe|1
|move|p1a: Torkoal|Lava Plume|p2a: Onaga
|-damage|p2a: Onaga|44/100
|
|-weather|SunnyDay|[upkeep]
|upkeep
|turn|7
|
|t:|1779815204
|move|p2a: Onaga|Earthquake|p1a: Torkoal
|-supereffective|p1a: Torkoal
|-damage|p1a: Torkoal|0 fnt
|faint|p1a: Torkoal
|
|-weather|SunnyDay|[upkeep]
|upkeep
|
|t:|1779815210
|switch|p1a: Lilligant|Lilligant-Hisui, F|100/100
|turn|8
|
|t:|1779815220
|move|p2a: Onaga|Extreme Speed|p1a: Lilligant
|-enditem|p1a: Lilligant|Focus Sash
|-damage|p1a: Lilligant|1/100
|move|p1a: Lilligant|Solar Blade||[still]
|-prepare|p1a: Lilligant|Solar Blade
|-anim|p1a: Lilligant|Solar Blade|p2a: Onaga
|-damage|p2a: Onaga|0 fnt
|faint|p2a: Onaga
|
|-weather|SunnyDay|[upkeep]
|upkeep
|
|t:|1779815230
|switch|p2a: Proto Man|Zamazenta, shiny|100/100
|-damage|p2a: Proto Man|94/100|[from] Stealth Rock
|-ability|p2a: Proto Man|Dauntless Shield|boost
|-boost|p2a: Proto Man|def|1
|turn|9
|
|t:|1779815238
|move|p1a: Lilligant|Solar Blade||[still]
|-prepare|p1a: Lilligant|Solar Blade
|-anim|p1a: Lilligant|Solar Blade|p2a: Proto Man
|-damage|p2a: Proto Man|56/100
|move|p2a: Proto Man|Fire Fang|p1a: Lilligant
|-supereffective|p1a: Lilligant
|-damage|p1a: Lilligant|0 fnt
|faint|p1a: Lilligant
|
|-weather|SunnyDay|[upkeep]
|-heal|p2a: Proto Man|62/100|[from] item: Leftovers
|upkeep
|l| stall_must_die
|
|t:|1779815247
|switch|p1a: Venusaur|Venusaur, M|100/100
|turn|10
|
|t:|1779815264
|-terastallize|p1a: Venusaur|Water
|move|p1a: Venusaur|Sludge Bomb|p2a: Proto Man
|-damage|p2a: Proto Man|13/100
|-status|p2a: Proto Man|psn
|-damage|p1a: Venusaur|91/100|[from] item: Life Orb
|move|p2a: Proto Man|Howl|p2a: Proto Man
|-boost|p2a: Proto Man|atk|1
|
|-weather|SunnyDay|[upkeep]
|-heal|p2a: Proto Man|19/100 psn|[from] item: Leftovers
|-damage|p2a: Proto Man|7/100 psn|[from] psn
|upkeep
|turn|11
|
|t:|1779815276
|move|p1a: Venusaur|Giga Drain|p2a: Proto Man
|-damage|p2a: Proto Man|0 fnt
|-heal|p1a: Venusaur|94/100|[from] drain|[of] p2a: Proto Man
|faint|p2a: Proto Man
|-damage|p1a: Venusaur|84/100|[from] item: Life Orb
|
|-weather|none
|upkeep
|
|t:|1779815286
|switch|p2a: Coiny|Gholdengo, shiny|100/100
|-damage|p2a: Coiny|94/100|[from] Stealth Rock
|-item|p2a: Coiny|Air Balloon
|turn|12
|
|t:|1779815295
|move|p2a: Coiny|Nasty Plot|p2a: Coiny
|-boost|p2a: Coiny|spa|2
|move|p1a: Venusaur|Knock Off|p2a: Coiny
|-supereffective|p2a: Coiny
|-damage|p2a: Coiny|41/100
|-enditem|p2a: Coiny|Air Balloon
|-damage|p1a: Venusaur|74/100|[from] item: Life Orb
|
|upkeep
|turn|13
|
|t:|1779815306
|move|p2a: Coiny|Shadow Ball|p1a: Venusaur
|-damage|p1a: Venusaur|0 fnt
|faint|p1a: Venusaur
|
|upkeep
|
|t:|1779815315
|switch|p1a: Landorus|Landorus-Therian, M|100/100
|-ability|p1a: Landorus|Intimidate|boost
|-unboost|p2a: Coiny|atk|1
|turn|14
|
|t:|1779815323
|move|p1a: Landorus|Earthquake|p2a: Coiny
|-supereffective|p2a: Coiny
|-damage|p2a: Coiny|0 fnt
|faint|p2a: Coiny
|
|upkeep
|
|t:|1779815332
|switch|p2a: Jack Frost|Kyurem, shiny|100/100
|-damage|p2a: Jack Frost|76/100|[from] Stealth Rock
|-ability|p2a: Jack Frost|Pressure
|turn|15
|
|t:|1779815338
|move|p2a: Jack Frost|Ice Beam|p1a: Landorus
|-supereffective|p1a: Landorus
|-damage|p1a: Landorus|0 fnt
|faint|p1a: Landorus
|
|upkeep
|
|t:|1779815355
|switch|p1a: Ninetales|Ninetales, M|100/100
|-weather|SunnyDay|[from] ability: Drought|[of] p1a: Ninetales
|turn|16
|
|t:|1779815372
|switch|p2a: O.Yashiro|Great Tusk, shiny|100/100
|-activate|p2a: O.Yashiro|ability: Protosynthesis
|-start|p2a: O.Yashiro|protosynthesisatk
|move|p1a: Ninetales|Flamethrower|p2a: O.Yashiro
|-damage|p2a: O.Yashiro|51/100
|
|-weather|SunnyDay|[upkeep]
|upkeep
|turn|17
|
|t:|1779815380
|move|p1a: Ninetales|Protect|p1a: Ninetales
|-singleturn|p1a: Ninetales|Protect
|move|p2a: O.Yashiro|Headlong Rush|p1a: Ninetales
|-activate|p1a: Ninetales|move: Protect
|
|-weather|SunnyDay|[upkeep]
|upkeep
|turn|18
|
|t:|1779815394
|move|p1a: Ninetales|Will-O-Wisp|p2a: O.Yashiro
|-status|p2a: O.Yashiro|brn
|move|p2a: O.Yashiro|Headlong Rush|p1a: Ninetales
|-supereffective|p1a: Ninetales
|-damage|p1a: Ninetales|0 fnt
|-unboost|p2a: O.Yashiro|def|1
|-unboost|p2a: O.Yashiro|spd|1
|faint|p1a: Ninetales
|
|-weather|SunnyDay|[upkeep]
|-damage|p2a: O.Yashiro|45/100 brn|[from] brn
|upkeep
|
|t:|1779815401
|switch|p1a: Bastiodon|Bastiodon, M|100/100
|turn|19
|
|t:|1779815406
|move|p2a: O.Yashiro|Headlong Rush|p1a: Bastiodon
|-supereffective|p1a: Bastiodon
|-damage|p1a: Bastiodon|2/100
|-unboost|p2a: O.Yashiro|def|1
|-unboost|p2a: O.Yashiro|spd|1
|move|p1a: Bastiodon|Iron Defense|p1a: Bastiodon
|-boost|p1a: Bastiodon|def|2
|
|-weather|SunnyDay|[upkeep]
|-damage|p2a: O.Yashiro|38/100 brn|[from] brn
|upkeep
|turn|20
|-enditem|p1a: Bastiodon|Custap Berry|[eat]
|-activate|p1a: Bastiodon|item: Custap Berry|[consumed]
|
|t:|1779815415
|move|p1a: Bastiodon|Body Press|p2a: O.Yashiro
|-damage|p2a: O.Yashiro|0 fnt
|faint|p2a: O.Yashiro
|-end|p2a: O.Yashiro|Protosynthesis|[silent]
|
|-weather|none
|upkeep
|
|t:|1779815420
|switch|p2a: Jack Frost|Kyurem, shiny|76/100
|-damage|p2a: Jack Frost|51/100|[from] Stealth Rock
|-ability|p2a: Jack Frost|Pressure
|turn|21
|
|t:|1779815426
|move|p2a: Jack Frost|Earth Power|p1a: Bastiodon
|-supereffective|p1a: Bastiodon
|-crit|p1a: Bastiodon
|-damage|p1a: Bastiodon|0 fnt
|faint|p1a: Bastiodon
|
|win|XM307
|raw|wikio's rating: 1183 &rarr; <strong>1153</strong><br />(-30 for losing)
|raw|XM307's rating: 1117 &rarr; <strong>1147</strong><br />(+30 for winning)
|l|☆XM307
|player|p2|
|l|☆wikio
|player|p1|
