|j|☆puppedro
|j|‽elsadm27
|t:|1779915998
|gametype|singles
|player|p1|puppedro|heroine2-conquest|
|player|p2|elsadm27|battlegirl-gen4|
|gen|9
|tier|[Gen 9] OU
|rule|HP Percentage Mod: HP is shown in percentages
|rule|Endless Battle Clause: Forcing endless battles is banned
|rule|Species Clause: Limit one of each Pokémon
|rule|OHKO Clause: OHKO moves are banned
|rule|Evasion Items Clause: Evasion items are banned
|rule|Evasion Moves Clause: Evasion moves are banned
|rule|Evasion Abilities Clause: Evasion abilities are banned
|rule|Sleep Moves Clause: Sleep-inducing moves are banned
|clearpoke
|poke|p1|Great Tusk|
|poke|p1|Tornadus-Therian, M|
|poke|p1|Garganacl, M|
|poke|p1|Skarmory, F|
|poke|p1|Samurott-Hisui, F|
|poke|p1|Slowking-Galar, M|
|poke|p2|Gholdengo|
|poke|p2|Darkrai|
|poke|p2|Gliscor, F|
|poke|p2|Meowscarada, F|
|poke|p2|Ting-Lu|
|poke|p2|Dragonite, F|
|teampreview
|c|☆puppedro|hf
|j| a daydream
|
|t:|1779916052
|teamsize|p1|6
|teamsize|p2|6
|start
|switch|p1a: Samurott|Samurott-Hisui, F|100/100
|switch|p2a: Meowscarada|Meowscarada, F|100/100
|turn|1
|
|t:|1779916081
|switch|p1a: Skarmory|Skarmory, F|100/100
|move|p2a: Meowscarada|U-turn|p1a: Skarmory
|-start|p2a: Meowscarada|typechange|Bug|[from] ability: Protean
|-resisted|p1a: Skarmory
|-damage|p1a: Skarmory|95/100
|-damage|p2a: Meowscarada|84/100|[from] item: Rocky Helmet|[of] p1a: Skarmory
|
|t:|1779916092
|switch|p2a: Darkrai|Darkrai|100/100|[from] U-turn
|
|upkeep
|turn|2
|
|t:|1779916147
|switch|p2a: Ting-Lu|Ting-Lu|100/100
|-ability|p2a: Ting-Lu|Vessel of Ruin
|switch|p1a: Samurott|Samurott-Hisui, F|100/100
|
|upkeep
|turn|3
|
|t:|1779916158
|move|p1a: Samurott|Razor Shell|p2a: Ting-Lu|[miss]
|-miss|p1a: Samurott|p2a: Ting-Lu
|move|p2a: Ting-Lu|Earthquake|p1a: Samurott
|-damage|p1a: Samurott|56/100
|
|upkeep
|turn|4
|
|t:|1779916183
|switch|p1a: Tornadus|Tornadus-Therian, M|100/100
|move|p2a: Ting-Lu|Earthquake|p1a: Tornadus
|-immune|p1a: Tornadus
|
|upkeep
|turn|5
|
|t:|1779916188
|move|p1a: Tornadus|Knock Off|p2a: Ting-Lu
|-resisted|p2a: Ting-Lu
|-damage|p2a: Ting-Lu|95/100
|-damage|p1a: Tornadus|84/100|[from] item: Rocky Helmet|[of] p2a: Ting-Lu
|-enditem|p2a: Ting-Lu|Rocky Helmet|[from] move: Knock Off|[of] p1a: Tornadus
|move|p2a: Ting-Lu|Stealth Rock|p1a: Tornadus
|-sidestart|p1: puppedro|move: Stealth Rock
|
|upkeep
|turn|6
|
|t:|1779916194
|move|p1a: Tornadus|U-turn|p2a: Ting-Lu
|-supereffective|p2a: Ting-Lu
|-damage|p2a: Ting-Lu|78/100
|
|t:|1779916201
|switch|p1a: Great Tusk|Great Tusk|100/100|[from] U-turn
|-damage|p1a: Great Tusk|98/100|[from] Stealth Rock
|move|p2a: Ting-Lu|Ruination|p1a: Great Tusk
|-damage|p1a: Great Tusk|49/100
|
|-heal|p1a: Great Tusk|55/100|[from] item: Leftovers
|upkeep
|turn|7
|
|t:|1779916213
|switch|p2a: Gliscor|Gliscor, F|100/100
|move|p1a: Great Tusk|Rapid Spin|p2a: Gliscor
|-damage|p2a: Gliscor|89/100
|-boost|p1a: Great Tusk|spe|1
|-sideend|p1: puppedro|Stealth Rock|[from] move: Rapid Spin|[of] p1a: Great Tusk
|
|-heal|p1a: Great Tusk|62/100|[from] item: Leftovers
|-status|p2a: Gliscor|tox|[from] item: Toxic Orb
|upkeep
|turn|8
|
|t:|1779916223
|move|p2a: Gliscor|Protect|p2a: Gliscor
|-singleturn|p2a: Gliscor|Protect
|move|p1a: Great Tusk|Ice Spinner|p2a: Gliscor
|-activate|p2a: Gliscor|move: Protect
|
|-heal|p1a: Great Tusk|68/100|[from] item: Leftovers
|-heal|p2a: Gliscor|100/100 tox|[from] ability: Poison Heal
|upkeep
|turn|9
|
|t:|1779916231
|move|p1a: Great Tusk|Ice Spinner|p2a: Gliscor
|-supereffective|p2a: Gliscor
|-damage|p2a: Gliscor|24/100 tox
|move|p2a: Gliscor|Toxic|p1a: Great Tusk
|-status|p1a: Great Tusk|tox
|
|-heal|p1a: Great Tusk|74/100 tox|[from] item: Leftovers
|-damage|p1a: Great Tusk|68/100 tox|[from] psn
|-heal|p2a: Gliscor|37/100 tox|[from] ability: Poison Heal
|upkeep
|turn|10
|
|t:|1779916245
|-end|p1a: Great Tusk|Protosynthesis|[silent]
|switch|p1a: Tornadus|Tornadus-Therian, M|100/100
|move|p2a: Gliscor|Protect||[still]
|-fail|p2a: Gliscor
|
|-heal|p2a: Gliscor|49/100 tox|[from] ability: Poison Heal
|upkeep
|turn|11
|
|t:|1779916254
|move|p2a: Gliscor|Protect|p2a: Gliscor
|-singleturn|p2a: Gliscor|Protect
|move|p1a: Tornadus|U-turn|p2a: Gliscor
|-activate|p2a: Gliscor|move: Protect
|
|-heal|p2a: Gliscor|62/100 tox|[from] ability: Poison Heal
|upkeep
|turn|12
|
|t:|1779916269
|switch|p1a: Skarmory|Skarmory, F|95/100
|move|p2a: Gliscor|Toxic|p1a: Skarmory
|-immune|p1a: Skarmory
|
|-heal|p2a: Gliscor|74/100 tox|[from] ability: Poison Heal
|upkeep
|turn|13
|
|t:|1779916276
|switch|p2a: Ting-Lu|Ting-Lu|78/100
|-ability|p2a: Ting-Lu|Vessel of Ruin
|move|p1a: Skarmory|Whirlwind|p2a: Ting-Lu
|drag|p2a: Darkrai|Darkrai|100/100
|
|upkeep
|turn|14
|
|t:|1779916297
|switch|p1a: Tornadus|Tornadus-Therian, M|100/100
|move|p2a: Darkrai|Will-O-Wisp|p1a: Tornadus
|-status|p1a: Tornadus|brn
|
|-damage|p1a: Tornadus|94/100 brn|[from] brn
|upkeep
|turn|15
|
|t:|1779916310
|switch|p2a: Gliscor|Gliscor, F|74/100 tox
|switch|p1a: Garganacl|Garganacl, M|100/100
|
|-heal|p2a: Gliscor|87/100 tox|[from] ability: Poison Heal
|upkeep
|turn|16
|
|t:|1779916321
|switch|p1a: Skarmory|Skarmory, F|95/100
|move|p2a: Gliscor|U-turn|p1a: Skarmory
|-resisted|p1a: Skarmory
|-damage|p1a: Skarmory|93/100
|-damage|p2a: Gliscor|70/100 tox|[from] item: Rocky Helmet|[of] p1a: Skarmory
|
|t:|1779916323
|switch|p2a: Gholdengo|Gholdengo|100/100|[from] U-turn
|
|upkeep
|turn|17
|
|t:|1779916338
|switch|p2a: Meowscarada|Meowscarada, F|84/100
|switch|p1a: Samurott|Samurott-Hisui, F|56/100
|
|upkeep
|turn|18
|
|t:|1779916348
|switch|p1a: Skarmory|Skarmory, F|93/100
|move|p2a: Meowscarada|Trick|p1a: Skarmory
|-start|p2a: Meowscarada|typechange|Psychic|[from] ability: Protean
|-activate|p2a: Meowscarada|move: Trick|[of] p1a: Skarmory
|-item|p1a: Skarmory|Choice Scarf|[from] move: Trick
|-item|p2a: Meowscarada|Rocky Helmet|[from] move: Trick
|
|upkeep
|turn|19
|
|t:|1779916371
|move|p2a: Meowscarada|U-turn|p1a: Skarmory
|-resisted|p1a: Skarmory
|-damage|p1a: Skarmory|90/100
|
|t:|1779916374
|switch|p2a: Ting-Lu|Ting-Lu|78/100|[from] U-turn
|-ability|p2a: Ting-Lu|Vessel of Ruin
|move|p1a: Skarmory|Body Press|p2a: Ting-Lu
|-supereffective|p2a: Ting-Lu
|-damage|p2a: Ting-Lu|38/100
|
|upkeep
|turn|20
|
|t:|1779916382
|switch|p1a: Samurott|Samurott-Hisui, F|56/100
|switch|p2a: Gliscor|Gliscor, F|70/100 tox
|
|-heal|p2a: Gliscor|83/100 tox|[from] ability: Poison Heal
|upkeep
|turn|21
|
|t:|1779916392
|switch|p1a: Tornadus|Tornadus-Therian, M|100/100 brn
|move|p2a: Gliscor|Toxic||[still]
|-fail|p2a: Gliscor
|
|-heal|p2a: Gliscor|95/100 tox|[from] ability: Poison Heal
|-damage|p1a: Tornadus|94/100 brn|[from] brn
|upkeep
|turn|22
|
|t:|1779916398
|move|p1a: Tornadus|Bleakwind Storm|p2a: Gliscor|[miss]
|-miss|p1a: Tornadus|p2a: Gliscor
|move|p2a: Gliscor|U-turn|p1a: Tornadus
|-resisted|p1a: Tornadus
|-damage|p1a: Tornadus|86/100 brn
|
|t:|1779916404
|switch|p2a: Meowscarada|Meowscarada, F|84/100|[from] U-turn
|
|-damage|p1a: Tornadus|80/100 brn|[from] brn
|upkeep
|turn|23
|
|t:|1779916417
|switch|p1a: Skarmory|Skarmory, F|90/100
|move|p2a: Meowscarada|Triple Axel|p1a: Skarmory
|-start|p2a: Meowscarada|typechange|Ice|[from] ability: Protean
|-damage|p1a: Skarmory|84/100
|-damage|p1a: Skarmory|74/100
|-damage|p1a: Skarmory|56/100
|-hitcount|p1a: Skarmory|3
|
|upkeep
|turn|24
|
|t:|1779916423
|move|p2a: Meowscarada|U-turn|p1a: Skarmory
|-resisted|p1a: Skarmory
|-damage|p1a: Skarmory|53/100
|
|t:|1779916428
|switch|p2a: Gholdengo|Gholdengo|100/100|[from] U-turn
|move|p1a: Skarmory|Roost|p1a: Skarmory
|-heal|p1a: Skarmory|100/100
|-singleturn|p1a: Skarmory|move: Roost
|
|upkeep
|turn|25
|
|t:|1779916444
|switch|p1a: Tornadus|Tornadus-Therian, M|100/100 brn
|switch|p2a: Meowscarada|Meowscarada, F|84/100
|
|-damage|p1a: Tornadus|94/100 brn|[from] brn
|upkeep
|turn|26
|
|t:|1779916456
|switch|p1a: Skarmory|Skarmory, F|100/100
|move|p2a: Meowscarada|U-turn|p1a: Skarmory
|-start|p2a: Meowscarada|typechange|Bug|[from] ability: Protean
|-resisted|p1a: Skarmory
|-crit|p1a: Skarmory
|-damage|p1a: Skarmory|93/100
|
|t:|1779916461
|switch|p2a: Gholdengo|Gholdengo|100/100|[from] U-turn
|
|upkeep
|turn|27
|
|t:|1779916469
|switch|p1a: Tornadus|Tornadus-Therian, M|100/100 brn
|move|p2a: Gholdengo|Shadow Ball|p1a: Tornadus
|-damage|p1a: Tornadus|77/100 brn
|
|-damage|p1a: Tornadus|71/100 brn|[from] brn
|upkeep
|turn|28
|
|t:|1779916475
|switch|p2a: Gliscor|Gliscor, F|95/100 tox
|move|p1a: Tornadus|Heat Wave|p2a: Gliscor
|-damage|p2a: Gliscor|75/100 tox
|
|-heal|p2a: Gliscor|88/100 tox|[from] ability: Poison Heal
|-damage|p1a: Tornadus|65/100 brn|[from] brn
|upkeep
|turn|29
|
|t:|1779916512
|move|p2a: Gliscor|Protect|p2a: Gliscor
|-singleturn|p2a: Gliscor|Protect
|move|p1a: Tornadus|U-turn|p2a: Gliscor
|-activate|p2a: Gliscor|move: Protect
|
|-heal|p2a: Gliscor|99/100 tox|[from] ability: Poison Heal
|-damage|p1a: Tornadus|59/100 brn|[from] brn
|upkeep
|turn|30
|
|t:|1779916519
|switch|p1a: Skarmory|Skarmory, F|93/100
|move|p2a: Gliscor|U-turn|p1a: Skarmory
|-resisted|p1a: Skarmory
|-damage|p1a: Skarmory|91/100
|
|t:|1779916522
|switch|p2a: Gholdengo|Gholdengo|100/100|[from] U-turn
|
|upkeep
|turn|31
|
|t:|1779916534
|switch|p1a: Tornadus|Tornadus-Therian, M|92/100 brn
|move|p2a: Gholdengo|Make It Rain|p1a: Tornadus
|-damage|p1a: Tornadus|58/100 brn
|-unboost|p2a: Gholdengo|spa|1
|
|-damage|p1a: Tornadus|52/100 brn|[from] brn
|upkeep
|turn|32
|
|t:|1779916590
|switch|p2a: Gliscor|Gliscor, F|99/100 tox
|move|p1a: Tornadus|Bleakwind Storm|p2a: Gliscor
|-damage|p2a: Gliscor|67/100 tox
|
|-heal|p2a: Gliscor|79/100 tox|[from] ability: Poison Heal
|-damage|p1a: Tornadus|46/100 brn|[from] brn
|upkeep
|turn|33
|
|t:|1779916603
|switch|p1a: Skarmory|Skarmory, F|91/100
|move|p2a: Gliscor|U-turn|p1a: Skarmory
|-resisted|p1a: Skarmory
|-damage|p1a: Skarmory|89/100
|
|t:|1779916606
|switch|p2a: Gholdengo|Gholdengo|100/100|[from] U-turn
|
|upkeep
|turn|34
|
|t:|1779916611
|switch|p1a: Tornadus|Tornadus-Therian, M|79/100 brn
|switch|p2a: Meowscarada|Meowscarada, F|84/100
|
|-damage|p1a: Tornadus|73/100 brn|[from] brn
|upkeep
|turn|35
|
|t:|1779916641
|switch|p1a: Skarmory|Skarmory, F|89/100
|move|p2a: Meowscarada|Triple Axel|p1a: Skarmory|[miss]
|-start|p2a: Meowscarada|typechange|Ice|[from] ability: Protean
|-miss|p2a: Meowscarada|p1a: Skarmory
|
|upkeep
|turn|36
|
|t:|1779916647
|move|p2a: Meowscarada|U-turn|p1a: Skarmory
|-resisted|p1a: Skarmory
|-damage|p1a: Skarmory|86/100
|
|t:|1779916650
|switch|p2a: Gholdengo|Gholdengo|100/100|[from] U-turn
|move|p1a: Skarmory|Whirlwind|p2a: Gholdengo
|-immune|p2a: Gholdengo|[from] ability: Good as Gold
|
|upkeep
|turn|37
|
|t:|1779916663
|switch|p1a: Tornadus|Tornadus-Therian, M|100/100 brn
|switch|p2a: Meowscarada|Meowscarada, F|84/100
|
|-damage|p1a: Tornadus|94/100 brn|[from] brn
|upkeep
|turn|38
|
|t:|1779916670
|switch|p1a: Skarmory|Skarmory, F|86/100
|move|p2a: Meowscarada|Triple Axel|p1a: Skarmory
|-start|p2a: Meowscarada|typechange|Ice|[from] ability: Protean
|-damage|p1a: Skarmory|80/100
|-damage|p1a: Skarmory|68/100
|-damage|p1a: Skarmory|50/100
|-hitcount|p1a: Skarmory|3
|
|upkeep
|turn|39
|
|t:|1779916678
|move|p2a: Meowscarada|U-turn|p1a: Skarmory
|-resisted|p1a: Skarmory
|-damage|p1a: Skarmory|47/100
|
|t:|1779916681
|switch|p2a: Gholdengo|Gholdengo|100/100|[from] U-turn
|move|p1a: Skarmory|Roost|p1a: Skarmory
|-heal|p1a: Skarmory|97/100
|-singleturn|p1a: Skarmory|move: Roost
|
|upkeep
|turn|40
|
|t:|1779916685
|switch|p1a: Tornadus|Tornadus-Therian, M|100/100 brn
|switch|p2a: Meowscarada|Meowscarada, F|84/100
|
|-damage|p1a: Tornadus|94/100 brn|[from] brn
|upkeep
|turn|41
|
|t:|1779916691
|switch|p1a: Skarmory|Skarmory, F|97/100
|move|p2a: Meowscarada|Triple Axel|p1a: Skarmory
|-start|p2a: Meowscarada|typechange|Ice|[from] ability: Protean
|-damage|p1a: Skarmory|92/100
|-damage|p1a: Skarmory|81/100
|-damage|p1a: Skarmory|62/100
|-hitcount|p1a: Skarmory|3
|
|upkeep
|turn|42
|
|t:|1779916699
|switch|p1a: Slowking|Slowking-Galar, M|100/100
|move|p2a: Meowscarada|U-turn|p1a: Slowking
|-damage|p1a: Slowking|76/100
|
|t:|1779916702
|switch|p2a: Ting-Lu|Ting-Lu|38/100|[from] U-turn
|-ability|p2a: Ting-Lu|Vessel of Ruin
|
|upkeep
|turn|43
|
|t:|1779916718
|-terastallize|p1a: Slowking|Water
|move|p2a: Ting-Lu|Earthquake|p1a: Slowking
|-damage|p1a: Slowking|34/100
|move|p1a: Slowking|Ice Beam|p2a: Ting-Lu
|-supereffective|p2a: Ting-Lu
|-damage|p2a: Ting-Lu|6/100
|
|upkeep
|turn|44
|
|t:|1779916730
|switch|p1a: Tornadus|Tornadus-Therian, M|100/100 brn
|move|p2a: Ting-Lu|Stealth Rock|p1a: Tornadus
|-sidestart|p1: puppedro|move: Stealth Rock
|
|-damage|p1a: Tornadus|94/100 brn|[from] brn
|upkeep
|turn|45
|
|t:|1779916734
|switch|p2a: Gliscor|Gliscor, F|79/100 tox
|move|p1a: Tornadus|U-turn|p2a: Gliscor
|-resisted|p2a: Gliscor
|-damage|p2a: Gliscor|76/100 tox
|
|t:|1779916736
|switch|p1a: Great Tusk|Great Tusk|68/100 tox|[from] U-turn
|-damage|p1a: Great Tusk|65/100 tox|[from] Stealth Rock
|
|-heal|p1a: Great Tusk|71/100 tox|[from] item: Leftovers
|-heal|p2a: Gliscor|89/100 tox|[from] ability: Poison Heal
|-damage|p1a: Great Tusk|65/100 tox|[from] psn
|upkeep
|turn|46
|
|t:|1779916760
|move|p2a: Gliscor|Protect|p2a: Gliscor
|-singleturn|p2a: Gliscor|Protect
|move|p1a: Great Tusk|Rapid Spin|p2a: Gliscor
|-activate|p2a: Gliscor|move: Protect
|
|-heal|p1a: Great Tusk|71/100 tox|[from] item: Leftovers
|-heal|p2a: Gliscor|100/100 tox|[from] ability: Poison Heal
|-damage|p1a: Great Tusk|59/100 tox|[from] psn
|upkeep
|turn|47
|
|t:|1779916766
|move|p2a: Gliscor|Earthquake|p1a: Great Tusk
|-damage|p1a: Great Tusk|43/100 tox
|move|p1a: Great Tusk|Knock Off|p2a: Gliscor
|-damage|p2a: Gliscor|79/100 tox
|-enditem|p2a: Gliscor|Toxic Orb|[from] move: Knock Off|[of] p1a: Great Tusk
|
|-heal|p1a: Great Tusk|49/100 tox|[from] item: Leftovers
|-heal|p2a: Gliscor|92/100 tox|[from] ability: Poison Heal
|-damage|p1a: Great Tusk|31/100 tox|[from] psn
|upkeep
|turn|48
|
|t:|1779916770
|move|p2a: Gliscor|Protect|p2a: Gliscor
|-singleturn|p2a: Gliscor|Protect
|move|p1a: Great Tusk|Headlong Rush|p2a: Gliscor
|-activate|p2a: Gliscor|move: Protect
|
|-heal|p1a: Great Tusk|37/100 tox|[from] item: Leftovers
|-heal|p2a: Gliscor|100/100 tox|[from] ability: Poison Heal
|-damage|p1a: Great Tusk|12/100 tox|[from] psn
|upkeep
|turn|49
|
|t:|1779916779
|move|p2a: Gliscor|Earthquake|p1a: Great Tusk
|-damage|p1a: Great Tusk|0 fnt
|faint|p1a: Great Tusk
|-end|p1a: Great Tusk|Protosynthesis|[silent]
|
|upkeep
|
|t:|1779916780
|switch|p1a: Garganacl|Garganacl, M|100/100
|-damage|p1a: Garganacl|88/100|[from] Stealth Rock
|turn|50
|
|t:|1779916784
|move|p2a: Gliscor|Earthquake|p1a: Garganacl
|-supereffective|p1a: Garganacl
|-damage|p1a: Garganacl|46/100
|move|p1a: Garganacl|Stealth Rock|p2a: Gliscor
|-sidestart|p2: elsadm27|move: Stealth Rock
|
|-heal|p1a: Garganacl|52/100|[from] item: Leftovers
|upkeep
|turn|51
|
|t:|1779916795
|move|p2a: Gliscor|Earthquake|p1a: Garganacl
|-supereffective|p1a: Garganacl
|-damage|p1a: Garganacl|9/100
|move|p1a: Garganacl|Recover|p1a: Garganacl
|-heal|p1a: Garganacl|59/100
|
|-heal|p1a: Garganacl|65/100|[from] item: Leftovers
|upkeep
|turn|52
|
|t:|1779916799
|move|p1a: Garganacl|Protect|p1a: Garganacl
|-singleturn|p1a: Garganacl|Protect
|move|p2a: Gliscor|Earthquake|p1a: Garganacl
|-activate|p1a: Garganacl|move: Protect
|
|-heal|p1a: Garganacl|71/100|[from] item: Leftovers
|upkeep
|turn|53
|
|t:|1779916808
|switch|p1a: Skarmory|Skarmory, F|62/100
|-damage|p1a: Skarmory|49/100|[from] Stealth Rock
|move|p2a: Gliscor|Earthquake|p1a: Skarmory
|-immune|p1a: Skarmory
|
|upkeep
|turn|54
|
|t:|1779916810
|move|p1a: Skarmory|Roost|p1a: Skarmory
|-heal|p1a: Skarmory|99/100
|-singleturn|p1a: Skarmory|move: Roost
|move|p2a: Gliscor|U-turn|p1a: Skarmory
|-resisted|p1a: Skarmory
|-damage|p1a: Skarmory|95/100
|
|t:|1779916817
|switch|p2a: Meowscarada|Meowscarada, F|84/100|[from] U-turn
|-damage|p2a: Meowscarada|72/100|[from] Stealth Rock
|
|upkeep
|turn|55
|-message|puppedro forfeited.
|
|win|elsadm27
|l|☆puppedro
|player|p1|
