|j|☆cwkbkm
|j|☆PokeBlaze17
|t:|1779873369
|gametype|singles
|player|p1|cwkbkm|266|1119
|player|p2|PokeBlaze17|cheren-gen5bw2|1183
|gen|9
|tier|[Gen 9] OU
|rated|
|rule|HP Percentage Mod: HP is shown in percentages
|rule|Endless Battle Clause: Forcing endless battles is banned
|rule|Species Clause: Limit one of each Pokémon
|rule|OHKO Clause: OHKO moves are banned
|rule|Evasion Items Clause: Evasion items are banned
|rule|Evasion Moves Clause: Evasion moves are banned
|rule|Evasion Abilities Clause: Evasion abilities are banned
|rule|Sleep Moves Clause: Sleep-inducing moves are banned
|clearpoke
|poke|p1|Samurott-Hisui, M|
|poke|p1|Houndoom, F|
|poke|p1|Meowscarada, F|
|poke|p1|Umbreon, M|
|poke|p1|Hydreigon, M|
|poke|p1|Ting-Lu|
|poke|p2|Suicune|
|poke|p2|Brambleghast, F|
|poke|p2|Delphox, M|
|poke|p2|Sableye, F|
|poke|p2|Zapdos|
|poke|p2|Haxorus, F|
|teampreview
|inactive|Battle timer is ON: inactive players will automatically lose when time's up. (requested by PokeBlaze17)
|
|t:|1779873377
|teamsize|p1|6
|teamsize|p2|6
|start
|switch|p1a: Samurott|Samurott-Hisui, M|100/100
|switch|p2a: Zapdos|Zapdos|100/100
|turn|1
|
|t:|1779873387
|move|p2a: Zapdos|Rain Dance|p2a: Zapdos
|-weather|RainDance
|move|p1a: Samurott|Knock Off|p2a: Zapdos
|-damage|p2a: Zapdos|51/100
|-status|p1a: Samurott|par|[from] ability: Static|[of] p2a: Zapdos
|-enditem|p2a: Zapdos|Sitrus Berry|[from] move: Knock Off|[of] p1a: Samurott
|
|-weather|RainDance|[upkeep]
|upkeep
|turn|2
|
|t:|1779873397
|switch|p1a: Ting-Lu|Ting-Lu|100/100
|-ability|p1a: Ting-Lu|Vessel of Ruin
|move|p2a: Zapdos|Thunder|p1a: Ting-Lu
|-immune|p1a: Ting-Lu
|
|-weather|RainDance|[upkeep]
|upkeep
|turn|3
|
|t:|1779873407
|move|p2a: Zapdos|Weather Ball|p1a: Ting-Lu
|-supereffective|p1a: Ting-Lu
|-damage|p1a: Ting-Lu|52/100
|move|p1a: Ting-Lu|Stealth Rock|p2a: Zapdos
|-sidestart|p2: PokeBlaze17|move: Stealth Rock
|
|-weather|RainDance|[upkeep]
|upkeep
|turn|4
|
|t:|1779873415
|move|p2a: Zapdos|Weather Ball|p1a: Ting-Lu
|-supereffective|p1a: Ting-Lu
|-damage|p1a: Ting-Lu|0 fnt
|faint|p1a: Ting-Lu
|
|-weather|RainDance|[upkeep]
|upkeep
|
|t:|1779873424
|switch|p1a: Meowscarada|Meowscarada, F|100/100
|turn|5
|
|t:|1779873429
|move|p1a: Meowscarada|Triple Axel|p2a: Zapdos
|-start|p1a: Meowscarada|typechange|Ice|[from] ability: Protean
|-supereffective|p2a: Zapdos
|-damage|p2a: Zapdos|15/100
|-status|p1a: Meowscarada|par|[from] ability: Static|[of] p2a: Zapdos
|-supereffective|p2a: Zapdos
|-damage|p2a: Zapdos|0 fnt
|faint|p2a: Zapdos
|-hitcount|p2: Zapdos|2
|
|-weather|none
|upkeep
|
|t:|1779873442
|switch|p2a: Brambleghast|Brambleghast, F|100/100
|turn|6
|
|t:|1779873446
|move|p2a: Brambleghast|Rapid Spin|p1a: Meowscarada
|-damage|p1a: Meowscarada|74/100 par
|-boost|p2a: Brambleghast|spe|1
|-sideend|p2: PokeBlaze17|Stealth Rock|[from] move: Rapid Spin|[of] p2a: Brambleghast
|move|p1a: Meowscarada|Triple Axel|p2a: Brambleghast
|-supereffective|p2a: Brambleghast
|-damage|p2a: Brambleghast|53/100
|-hitcount|p2a: Brambleghast|1
|
|upkeep
|turn|7
|
|t:|1779873465
|move|p2a: Brambleghast|Poltergeist|p1a: Meowscarada
|-activate|p1a: Meowscarada|move: Poltergeist|Choice Band
|-damage|p1a: Meowscarada|0 fnt
|faint|p1a: Meowscarada
|
|upkeep
|
|t:|1779873476
|switch|p1a: Houndoom|Houndoom, F|100/100
|turn|8
|
|t:|1779873482
|switch|p2a: Sableye|Sableye, F, shiny|100/100
|move|p1a: Houndoom|Sucker Punch||[still]
|-fail|p1a: Houndoom
|
|upkeep
|turn|9
|
|t:|1779873490
|switch|p1a: Samurott|Samurott-Hisui, M|100/100 par
|move|p2a: Sableye|Light Screen|p2a: Sableye
|-sidestart|p2: PokeBlaze17|move: Light Screen
|
|upkeep
|turn|10
|
|t:|1779873497
|move|p2a: Sableye|Reflect|p2a: Sableye
|-sidestart|p2: PokeBlaze17|Reflect
|move|p1a: Samurott|Knock Off|p2a: Sableye
|-damage|p2a: Sableye|80/100
|-enditem|p2a: Sableye|Light Clay|[from] move: Knock Off|[of] p1a: Samurott
|
|upkeep
|turn|11
|
|t:|1779873512
|switch|p2a: Suicune|Suicune|100/100
|-ability|p2a: Suicune|Pressure
|move|p1a: Samurott|Ceaseless Edge|p2a: Suicune
|-damage|p2a: Suicune|87/100
|-sidestart|p2: PokeBlaze17|Spikes
|
|upkeep
|turn|12
|
|t:|1779873522
|move|p2a: Suicune|Calm Mind|p2a: Suicune
|-boost|p2a: Suicune|spa|1
|-boost|p2a: Suicune|spd|1
|move|p1a: Samurott|Knock Off|p2a: Suicune
|-damage|p2a: Suicune|74/100
|-enditem|p2a: Suicune|Chesto Berry|[from] move: Knock Off|[of] p1a: Samurott
|
|upkeep
|turn|13
|
|t:|1779873537
|switch|p1a: Umbreon|Umbreon, M|100/100
|move|p2a: Suicune|Calm Mind|p2a: Suicune
|-boost|p2a: Suicune|spa|1
|-boost|p2a: Suicune|spd|1
|
|-damage|p1a: Umbreon|88/100|[from] item: Black Sludge
|upkeep
|turn|14
|
|t:|1779873550
|-terastallize|p1a: Umbreon|Poison
|move|p2a: Suicune|Calm Mind|p2a: Suicune
|-boost|p2a: Suicune|spa|1
|-boost|p2a: Suicune|spd|1
|move|p1a: Umbreon|Toxic|p2a: Suicune
|-status|p2a: Suicune|tox
|
|-heal|p1a: Umbreon|94/100|[from] item: Black Sludge
|-damage|p2a: Suicune|68/100 tox|[from] psn
|upkeep
|turn|15
|
|t:|1779873564
|move|p1a: Umbreon|Protect|p1a: Umbreon
|-singleturn|p1a: Umbreon|Protect
|move|p2a: Suicune|Rest|p2a: Suicune
|-status|p2a: Suicune|slp|[from] move: Rest
|-heal|p2a: Suicune|100/100 slp|[silent]
|
|-heal|p1a: Umbreon|99/100|[from] item: Black Sludge
|upkeep
|turn|16
|
|t:|1779873581
|switch|p1a: Houndoom|Houndoom, F|100/100
|cant|p2a: Suicune|slp
|
|-sideend|p2: PokeBlaze17|move: Light Screen
|upkeep
|turn|17
|
|t:|1779873588
|move|p1a: Houndoom|Sucker Punch|p2a: Suicune
|-damage|p2a: Suicune|95/100 slp
|cant|p2a: Suicune|slp
|
|-sideend|p2: PokeBlaze17|Reflect
|upkeep
|turn|18
|
|t:|1779873599
|move|p1a: Houndoom|Sucker Punch|p2a: Suicune
|-damage|p2a: Suicune|85/100 slp
|-curestatus|p2a: Suicune|slp|[msg]
|move|p2a: Suicune|Scald|p1a: Houndoom
|-supereffective|p1a: Houndoom
|-enditem|p1a: Houndoom|Focus Sash
|-damage|p1a: Houndoom|1/100
|
|upkeep
|turn|19
|
|t:|1779873612
|move|p1a: Houndoom|Destiny Bond|p1a: Houndoom
|-singlemove|p1a: Houndoom|Destiny Bond
|move|p2a: Suicune|Scald|p1a: Houndoom
|-supereffective|p1a: Houndoom
|-damage|p1a: Houndoom|0 fnt
|faint|p1a: Houndoom
|-activate|p1a: Houndoom|move: Destiny Bond
|faint|p2a: Suicune
|
|upkeep
|
|t:|1779873626
|switch|p1a: Samurott|Samurott-Hisui, M|100/100 par
|switch|p2a: Sableye|Sableye, F, shiny|80/100
|-damage|p2a: Sableye|67/100|[from] Spikes
|turn|20
|
|t:|1779873633
|move|p2a: Sableye|Reflect|p2a: Sableye
|-sidestart|p2: PokeBlaze17|Reflect
|move|p1a: Samurott|Ceaseless Edge|p2a: Sableye
|-damage|p2a: Sableye|47/100
|-sidestart|p2: PokeBlaze17|Spikes
|
|upkeep
|turn|21
|
|t:|1779873644
|move|p2a: Sableye|Light Screen|p2a: Sableye
|-sidestart|p2: PokeBlaze17|move: Light Screen
|move|p1a: Samurott|Ceaseless Edge|p2a: Sableye
|-damage|p2a: Sableye|24/100
|-sidestart|p2: PokeBlaze17|Spikes
|
|upkeep
|turn|22
|
|t:|1779873651
|switch|p2a: Brambleghast|Brambleghast, F|53/100
|cant|p1a: Samurott|par
|
|upkeep
|turn|23
|
|t:|1779873658
|switch|p1a: Umbreon|Umbreon, M, tera:Poison|99/100
|move|p2a: Brambleghast|Rapid Spin|p1a: Umbreon
|-damage|p1a: Umbreon|90/100
|-boost|p2a: Brambleghast|spe|1
|-sideend|p2: PokeBlaze17|Spikes|[from] move: Rapid Spin|[of] p2a: Brambleghast
|
|-heal|p1a: Umbreon|96/100|[from] item: Black Sludge
|upkeep
|turn|24
|
|t:|1779873669
|move|p2a: Brambleghast|Leech Seed|p1a: Umbreon
|-start|p1a: Umbreon|move: Leech Seed
|move|p1a: Umbreon|Toxic|p2a: Brambleghast
|-status|p2a: Brambleghast|tox
|
|-heal|p1a: Umbreon|100/100|[from] item: Black Sludge
|-damage|p1a: Umbreon|88/100|[from] Leech Seed|[of] p2a: Brambleghast
|-heal|p2a: Brambleghast|72/100 tox|[silent]
|-damage|p2a: Brambleghast|66/100 tox|[from] psn
|-sideend|p2: PokeBlaze17|Reflect
|upkeep
|turn|25
|
|t:|1779873681
|switch|p2a: Haxorus|Haxorus, F, shiny|100/100
|-ability|p2a: Haxorus|Mold Breaker
|switch|p1a: Hydreigon|Hydreigon, M|100/100
|
|-sideend|p2: PokeBlaze17|move: Light Screen
|upkeep
|turn|26
|
|t:|1779873701
|switch|p1a: Umbreon|Umbreon, M, tera:Poison|88/100
|-terastallize|p2a: Haxorus|Steel
|move|p2a: Haxorus|Dragon Dance|p2a: Haxorus
|-boost|p2a: Haxorus|atk|1
|-boost|p2a: Haxorus|spe|1
|
|-heal|p1a: Umbreon|94/100|[from] item: Black Sludge
|upkeep
|turn|27
|
|t:|1779873711
|move|p2a: Haxorus|Dragon Dance|p2a: Haxorus
|-boost|p2a: Haxorus|atk|1
|-boost|p2a: Haxorus|spe|1
|move|p1a: Umbreon|Foul Play|p2a: Haxorus
|-damage|p2a: Haxorus|0 fnt
|faint|p2a: Haxorus
|
|-heal|p1a: Umbreon|99/100|[from] item: Black Sludge
|upkeep
|
|t:|1779873721
|switch|p2a: Delphox|Delphox, M, shiny|100/100
|turn|28
|
|t:|1779873725
|move|p2a: Delphox|Trick|p1a: Umbreon
|-activate|p2a: Delphox|move: Trick|[of] p1a: Umbreon
|-item|p1a: Umbreon|Choice Scarf|[from] move: Trick
|-item|p2a: Delphox|Black Sludge|[from] move: Trick
|move|p1a: Umbreon|Toxic|p2a: Delphox
|-status|p2a: Delphox|tox
|
|-damage|p2a: Delphox|88/100 tox|[from] item: Black Sludge
|-damage|p2a: Delphox|82/100 tox|[from] psn
|upkeep
|turn|29
|
|t:|1779873738
|switch|p1a: Samurott|Samurott-Hisui, M|100/100 par
|move|p2a: Delphox|Psyshock|p1a: Samurott
|-immune|p1a: Samurott
|
|-damage|p2a: Delphox|70/100 tox|[from] item: Black Sludge
|-damage|p2a: Delphox|57/100 tox|[from] psn
|upkeep
|turn|30
|
|t:|1779873747
|move|p2a: Delphox|Focus Blast|p1a: Samurott|[miss]
|-miss|p2a: Delphox|p1a: Samurott
|move|p1a: Samurott|Ceaseless Edge|p2a: Delphox
|-supereffective|p2a: Delphox
|-damage|p2a: Delphox|0 fnt
|-sidestart|p2: PokeBlaze17|Spikes
|faint|p2a: Delphox
|
|upkeep
|
|t:|1779873759
|switch|p2a: Sableye|Sableye, F, shiny|24/100
|-damage|p2a: Sableye|11/100|[from] Spikes
|turn|31
|
|t:|1779873764
|move|p2a: Sableye|Reflect|p2a: Sableye
|-sidestart|p2: PokeBlaze17|Reflect
|move|p1a: Samurott|Ceaseless Edge|p2a: Sableye
|-damage|p2a: Sableye|0 fnt
|-sidestart|p2: PokeBlaze17|Spikes
|faint|p2a: Sableye
|
|upkeep
|
|t:|1779873771
|switch|p2a: Brambleghast|Brambleghast, F|66/100 tox
|turn|32
|
|t:|1779873775
|move|p2a: Brambleghast|Strength Sap|p1a: Samurott
|-unboost|p1a: Samurott|atk|1
|-heal|p2a: Brambleghast|100/100 tox
|cant|p1a: Samurott|par
|
|-damage|p2a: Brambleghast|95/100 tox|[from] psn
|upkeep
|turn|33
|
|t:|1779873784
|move|p2a: Brambleghast|Rapid Spin|p1a: Samurott
|-damage|p1a: Samurott|80/100 par
|-boost|p2a: Brambleghast|spe|1
|-sideend|p2: PokeBlaze17|Spikes|[from] move: Rapid Spin|[of] p2a: Brambleghast
|move|p1a: Samurott|Knock Off|p2a: Brambleghast
|-supereffective|p2a: Brambleghast
|-crit|p2a: Brambleghast
|-damage|p2a: Brambleghast|0 fnt
|-enditem|p2a: Brambleghast|Heavy-Duty Boots|[from] move: Knock Off|[of] p1a: Samurott
|faint|p2a: Brambleghast
|
|win|cwkbkm
|raw|cwkbkm's rating: 1119 &rarr; <strong>1149</strong><br />(+30 for winning)
|raw|PokeBlaze17's rating: 1183 &rarr; <strong>1153</strong><br />(-30 for losing)
|l|☆PokeBlaze17
|player|p2|
|l|☆cwkbkm
|player|p1|
