|j|☆Zauxteu
|j|☆uhhEnder
|t:|1779804528
|gametype|singles
|player|p1|Zauxteu|swimmer|1188
|player|p2|uhhEnder|psychic-gen4|1187
|gen|9
|tier|[Gen 9] OU
|rated|
|rule|HP Percentage Mod: HP is shown in percentages
|rule|Endless Battle Clause: Forcing endless battles is banned
|rule|Species Clause: Limit one of each Pokémon
|rule|OHKO Clause: OHKO moves are banned
|rule|Evasion Items Clause: Evasion items are banned
|rule|Evasion Moves Clause: Evasion moves are banned
|rule|Evasion Abilities Clause: Evasion abilities are banned
|rule|Sleep Moves Clause: Sleep-inducing moves are banned
|clearpoke
|poke|p1|Iron Valiant|
|poke|p1|Ogerpon-Wellspring, F|
|poke|p1|Gholdengo|
|poke|p1|Alomomola, F|
|poke|p1|Cinderace, M|
|poke|p1|Pecharunt|
|poke|p2|Dragalge, F|
|poke|p2|Mandibuzz, F|
|poke|p2|Alomomola, M|
|poke|p2|Great Tusk|
|poke|p2|Kyurem|
|poke|p2|Iron Valiant|
|teampreview
|
|t:|1779804569
|teamsize|p1|6
|teamsize|p2|6
|start
|switch|p1a: Alomomola|Alomomola, F|100/100
|switch|p2a: Mandibuzz|Mandibuzz, F|100/100
|turn|1
|
|t:|1779804574
|move|p2a: Mandibuzz|Knock Off|p1a: Alomomola
|-damage|p1a: Alomomola|85/100
|-enditem|p1a: Alomomola|Leftovers|[from] move: Knock Off|[of] p2a: Mandibuzz
|move|p1a: Alomomola|Flip Turn|p2a: Mandibuzz
|-damage|p2a: Mandibuzz|89/100
|
|t:|1779804590
|switch|p1a: Gholdengo|Gholdengo|100/100|[from] Flip Turn
|
|upkeep
|turn|2
|
|t:|1779804594
|move|p1a: Gholdengo|Thunderbolt|p2a: Mandibuzz
|-supereffective|p2a: Mandibuzz
|-damage|p2a: Mandibuzz|44/100
|move|p2a: Mandibuzz|Knock Off|p1a: Gholdengo
|-supereffective|p1a: Gholdengo
|-damage|p1a: Gholdengo|34/100
|-enditem|p1a: Gholdengo|Choice Scarf|[from] move: Knock Off|[of] p2a: Mandibuzz
|
|upkeep
|turn|3
|
|t:|1779804605
|switch|p2a: Great Tusk|Great Tusk|100/100
|move|p1a: Gholdengo|Dazzling Gleam|p2a: Great Tusk
|-supereffective|p2a: Great Tusk
|-damage|p2a: Great Tusk|34/100
|
|upkeep
|turn|4
|
|t:|1779804615
|switch|p1a: Alomomola|Alomomola, F|100/100
|-end|p2a: Great Tusk|Protosynthesis|[silent]
|switch|p2a: Dragalge|Dragalge, F|100/100
|
|upkeep
|turn|5
|
|t:|1779804620
|move|p1a: Alomomola|Wish|p1a: Alomomola
|move|p2a: Dragalge|Thunderbolt|p1a: Alomomola
|-supereffective|p1a: Alomomola
|-damage|p1a: Alomomola|12/100
|-damage|p2a: Dragalge|91/100|[from] item: Life Orb
|
|upkeep
|turn|6
|
|t:|1779804636
|move|p1a: Alomomola|Wish||[still]
|-fail|p1a: Alomomola
|move|p2a: Dragalge|Sludge Wave|p1a: Alomomola
|-damage|p1a: Alomomola|0 fnt
|faint|p1a: Alomomola
|-damage|p2a: Dragalge|81/100|[from] item: Life Orb
|
|upkeep
|
|t:|1779804640
|switch|p1a: Gholdengo|Gholdengo|34/100
|turn|7
|
|t:|1779804650
|move|p1a: Gholdengo|Make It Rain|p2a: Dragalge
|-damage|p2a: Dragalge|23/100
|-unboost|p1a: Gholdengo|spa|1
|move|p2a: Dragalge|Thunderbolt|p1a: Gholdengo
|-damage|p1a: Gholdengo|0 fnt
|faint|p1a: Gholdengo
|-damage|p2a: Dragalge|13/100|[from] item: Life Orb
|
|upkeep
|
|t:|1779804671
|switch|p1a: Iron Valiant|Iron Valiant|100/100
|-enditem|p1a: Iron Valiant|Booster Energy
|-activate|p1a: Iron Valiant|ability: Quark Drive|[fromitem]
|-start|p1a: Iron Valiant|quarkdrivespe
|turn|8
|
|t:|1779804674
|switch|p2a: Alomomola|Alomomola, M|100/100
|-terastallize|p1a: Iron Valiant|Steel
|move|p1a: Iron Valiant|Calm Mind|p1a: Iron Valiant
|-boost|p1a: Iron Valiant|spa|1
|-boost|p1a: Iron Valiant|spd|1
|
|upkeep
|turn|9
|
|t:|1779804678
|move|p1a: Iron Valiant|Calm Mind|p1a: Iron Valiant
|-boost|p1a: Iron Valiant|spa|1
|-boost|p1a: Iron Valiant|spd|1
|move|p2a: Alomomola|Wish|p2a: Alomomola
|
|upkeep
|turn|10
|
|t:|1779804686
|move|p1a: Iron Valiant|Calm Mind|p1a: Iron Valiant
|-boost|p1a: Iron Valiant|spa|1
|-boost|p1a: Iron Valiant|spd|1
|move|p2a: Alomomola|Flip Turn|p1a: Iron Valiant
|-damage|p1a: Iron Valiant|81/100
|
|t:|1779804689
|switch|p2a: Great Tusk|Great Tusk|34/100|[from] Flip Turn
|
|-heal|p2a: Great Tusk|99/100|[from] move: Wish|[wisher] Alomomola
|upkeep
|turn|11
|
|t:|1779804694
|-terastallize|p2a: Great Tusk|Ghost
|move|p1a: Iron Valiant|Psyshock|p2a: Great Tusk
|-damage|p2a: Great Tusk|59/100
|move|p2a: Great Tusk|Headlong Rush|p1a: Iron Valiant
|-supereffective|p1a: Iron Valiant
|-damage|p1a: Iron Valiant|0 fnt
|-unboost|p2a: Great Tusk|def|1
|-unboost|p2a: Great Tusk|spd|1
|faint|p1a: Iron Valiant
|-end|p1a: Iron Valiant|Quark Drive|[silent]
|
|upkeep
|
|t:|1779804702
|switch|p1a: Pecharunt|Pecharunt|100/100
|turn|12
|
|t:|1779804709
|-end|p2a: Great Tusk|Protosynthesis|[silent]
|switch|p2a: Alomomola|Alomomola, M|100/100
|move|p1a: Pecharunt|Parting Shot|p2a: Alomomola
|-unboost|p2a: Alomomola|atk|1
|-unboost|p2a: Alomomola|spa|1
|
|t:|1779804713
|switch|p1a: Ogerpon|Ogerpon-Wellspring, F|100/100|[from] Parting Shot
|
|upkeep
|turn|13
|
|t:|1779804719
|move|p1a: Ogerpon|Swords Dance|p1a: Ogerpon
|-boost|p1a: Ogerpon|atk|2
|move|p2a: Alomomola|Wish|p2a: Alomomola
|
|upkeep
|turn|14
|
|t:|1779804724
|switch|p2a: Mandibuzz|Mandibuzz, F|44/100
|move|p1a: Ogerpon|Horn Leech|p2a: Mandibuzz
|-resisted|p2a: Mandibuzz
|-damage|p2a: Mandibuzz|13/100
|
|-heal|p2a: Mandibuzz|76/100|[from] move: Wish|[wisher] Alomomola
|upkeep
|turn|15
|
|t:|1779804732
|switch|p1a: Pecharunt|Pecharunt|100/100
|move|p2a: Mandibuzz|Toxic|p1a: Pecharunt
|-immune|p1a: Pecharunt
|
|upkeep
|turn|16
|
|t:|1779804742
|move|p1a: Pecharunt|Malignant Chain|p2a: Mandibuzz
|-damage|p2a: Mandibuzz|55/100
|move|p2a: Mandibuzz|Knock Off|p1a: Pecharunt
|-supereffective|p1a: Pecharunt
|-damage|p1a: Pecharunt|72/100
|-enditem|p1a: Pecharunt|Black Sludge|[from] move: Knock Off|[of] p2a: Mandibuzz
|
|upkeep
|turn|17
|
|t:|1779804747
|switch|p2a: Alomomola|Alomomola, M|100/100
|move|p1a: Pecharunt|Malignant Chain|p2a: Alomomola
|-damage|p2a: Alomomola|79/100
|
|upkeep
|turn|18
|
|t:|1779804749
|move|p1a: Pecharunt|Malignant Chain|p2a: Alomomola
|-crit|p2a: Alomomola
|-damage|p2a: Alomomola|43/100
|move|p2a: Alomomola|Wish|p2a: Alomomola
|
|upkeep
|turn|19
|
|t:|1779804753
|move|p1a: Pecharunt|Malignant Chain|p2a: Alomomola
|-damage|p2a: Alomomola|22/100
|move|p2a: Alomomola|Flip Turn|p1a: Pecharunt
|-crit|p1a: Pecharunt
|-damage|p1a: Pecharunt|62/100
|
|t:|1779804755
|switch|p2a: Dragalge|Dragalge, F|13/100|[from] Flip Turn
|
|-heal|p2a: Dragalge|96/100|[from] move: Wish|[wisher] Alomomola
|upkeep
|turn|20
|
|t:|1779804764
|switch|p2a: Great Tusk|Great Tusk, tera:Ghost|59/100
|move|p1a: Pecharunt|Parting Shot|p2a: Great Tusk
|-unboost|p2a: Great Tusk|atk|1
|-unboost|p2a: Great Tusk|spa|1
|
|t:|1779804778
|switch|p1a: Ogerpon|Ogerpon-Wellspring, F|100/100|[from] Parting Shot
|
|upkeep
|turn|21
|
|t:|1779804787
|move|p1a: Ogerpon|Swords Dance|p1a: Ogerpon
|-boost|p1a: Ogerpon|atk|2
|move|p2a: Great Tusk|Close Combat|p1a: Ogerpon
|-damage|p1a: Ogerpon|43/100
|-unboost|p2a: Great Tusk|def|1
|-unboost|p2a: Great Tusk|spd|1
|
|upkeep
|turn|22
|
|t:|1779804792
|move|p1a: Ogerpon|Ivy Cudgel|p2a: Great Tusk|[anim] Ivy Cudgel Water
|-damage|p2a: Great Tusk|0 fnt
|faint|p2a: Great Tusk
|-end|p2a: Great Tusk|Protosynthesis|[silent]
|
|upkeep
|
|t:|1779804794
|switch|p2a: Dragalge|Dragalge, F|96/100
|turn|23
|
|t:|1779804798
|move|p1a: Ogerpon|Stomping Tantrum|p2a: Dragalge
|-supereffective|p2a: Dragalge
|-damage|p2a: Dragalge|0 fnt
|faint|p2a: Dragalge
|
|upkeep
|
|t:|1779804805
|switch|p2a: Kyurem|Kyurem|100/100
|-ability|p2a: Kyurem|Pressure
|turn|24
|
|t:|1779804818
|move|p2a: Kyurem|Freeze-Dry|p1a: Ogerpon
|-supereffective|p1a: Ogerpon
|-damage|p1a: Ogerpon|0 fnt
|faint|p1a: Ogerpon
|
|upkeep
|
|t:|1779804822
|switch|p1a: Pecharunt|Pecharunt|62/100
|turn|25
|
|t:|1779804831
|move|p2a: Kyurem|Freeze-Dry|p1a: Pecharunt
|-damage|p1a: Pecharunt|27/100
|move|p1a: Pecharunt|Recover|p1a: Pecharunt
|-heal|p1a: Pecharunt|77/100
|
|upkeep
|turn|26
|
|t:|1779804836
|switch|p2a: Mandibuzz|Mandibuzz, F|55/100
|move|p1a: Pecharunt|Malignant Chain|p2a: Mandibuzz
|-damage|p2a: Mandibuzz|35/100
|
|upkeep
|turn|27
|
|t:|1779804843
|move|p1a: Pecharunt|Recover|p1a: Pecharunt
|-heal|p1a: Pecharunt|100/100
|move|p2a: Mandibuzz|Roost|p2a: Mandibuzz
|-heal|p2a: Mandibuzz|85/100
|-singleturn|p2a: Mandibuzz|move: Roost
|
|upkeep
|turn|28
|-message|uhhEnder forfeited.
|
|win|Zauxteu
|raw|Zauxteu's rating: 1188 &rarr; <strong>1213</strong><br />(+25 for winning)
|raw|uhhEnder's rating: 1187 &rarr; <strong>1162</strong><br />(-25 for losing)
|l|☆uhhEnder
|player|p2|
|l|☆Zauxteu
|player|p1|
