|j|☆ghall2007
|j|☆gvgvjvfcgv
|t:|1779906656
|gametype|singles
|player|p1|ghall2007|alder|1200
|player|p2|gvgvjvfcgv|101|1270
|gen|9
|tier|[Gen 9] OU
|rated|
|rule|HP Percentage Mod: HP is shown in percentages
|rule|Endless Battle Clause: Forcing endless battles is banned
|rule|Species Clause: Limit one of each Pokémon
|rule|OHKO Clause: OHKO moves are banned
|rule|Evasion Items Clause: Evasion items are banned
|rule|Evasion Moves Clause: Evasion moves are banned
|rule|Evasion Abilities Clause: Evasion abilities are banned
|rule|Sleep Moves Clause: Sleep-inducing moves are banned
|clearpoke
|poke|p1|Araquanid, F|
|poke|p1|Iron Treads|
|poke|p1|Cinderace, F|
|poke|p1|Kingambit, F|
|poke|p1|Pecharunt|
|poke|p1|Dragonite, M|
|poke|p2|Dragonite, F|
|poke|p2|Clefable, F|
|poke|p2|Moltres|
|poke|p2|Haunter, F|
|poke|p2|Gengar, F|
|poke|p2|Golem, F|
|teampreview
|
|t:|1779906661
|teamsize|p1|6
|teamsize|p2|6
|start
|switch|p1a: Araquanid|Araquanid, F, shiny|100/100
|switch|p2a: Golem|Golem, F|100/100
|turn|1
|
|t:|1779906669
|-terastallize|p2a: Golem|Normal
|move|p2a: Golem|Explosion|p1a: Araquanid
|-damage|p1a: Araquanid|0 fnt
|faint|p2a: Golem
|faint|p1a: Araquanid
|
|upkeep
|
|t:|1779906706
|switch|p2a: Lil bro|Haunter, F|100/100
|switch|p1a: Iron Treads|Iron Treads|100/100
|-enditem|p1a: Iron Treads|Booster Energy
|-activate|p1a: Iron Treads|ability: Quark Drive|[fromitem]
|-start|p1a: Iron Treads|quarkdriveatk
|turn|2
|
|t:|1779906715
|move|p2a: Lil bro|Shadow Ball|p1a: Iron Treads
|-damage|p1a: Iron Treads|43/100
|move|p1a: Iron Treads|Earthquake|p2a: Lil bro
|-immune|p2a: Lil bro|[from] ability: Levitate
|
|upkeep
|turn|3
|
|t:|1779906730
|move|p2a: Lil bro|Shadow Ball|p1a: Iron Treads
|-damage|p1a: Iron Treads|0 fnt
|faint|p1a: Iron Treads
|-end|p1a: Iron Treads|Quark Drive|[silent]
|
|upkeep
|
|t:|1779906739
|switch|p1a: Cinderace|Cinderace, F|100/100
|turn|4
|
|t:|1779906744
|switch|p2a: Moltres|Moltres|100/100
|move|p1a: Cinderace|Sucker Punch||[still]
|-fail|p1a: Cinderace
|
|upkeep
|turn|5
|
|t:|1779906778
|switch|p1a: Pecharunt|Pecharunt|100/100
|-item|p1a: Pecharunt|Air Balloon
|move|p2a: Moltres|Flamethrower|p1a: Pecharunt
|-damage|p1a: Pecharunt|58/100
|-enditem|p1a: Pecharunt|Air Balloon
|
|upkeep
|turn|6
|
|t:|1779906812
|switch|p2a: Lil bro|Haunter, F|100/100
|move|p1a: Pecharunt|Malignant Chain|p2a: Lil bro
|-resisted|p2a: Lil bro
|-damage|p2a: Lil bro|77/100
|
|upkeep
|turn|7
|
|t:|1779906824
|move|p2a: Lil bro|Mean Look||[still]
|-fail|p2a: Lil bro
|move|p1a: Pecharunt|Shadow Ball|p2a: Lil bro
|-supereffective|p2a: Lil bro
|-damage|p2a: Lil bro|0 fnt
|faint|p2a: Lil bro
|
|upkeep
|
|t:|1779906835
|switch|p2a: Big bro|Gengar, F|100/100
|turn|8
|
|t:|1779906869
|move|p2a: Big bro|Shadow Ball|p1a: Pecharunt
|-supereffective|p1a: Pecharunt
|-damage|p1a: Pecharunt|0 fnt
|faint|p1a: Pecharunt
|
|upkeep
|
|t:|1779906882
|switch|p1a: Kingambit|Kingambit, F|100/100
|-activate|p1a: Kingambit|ability: Supreme Overlord
|-start|p1a: Kingambit|fallen3|[silent]
|turn|9
|
|t:|1779906888
|switch|p2a: Moltres|Moltres|100/100
|move|p1a: Kingambit|Kowtow Cleave|p2a: Moltres
|-damage|p2a: Moltres|43/100
|
|upkeep
|turn|10
|
|t:|1779906894
|-terastallize|p1a: Kingambit|Dark
|move|p2a: Moltres|Flamethrower|p1a: Kingambit
|-damage|p1a: Kingambit|56/100
|move|p1a: Kingambit|Kowtow Cleave|p2a: Moltres
|-damage|p2a: Moltres|0 fnt
|faint|p2a: Moltres
|
|upkeep
|
|t:|1779906904
|switch|p2a: Dragonite|Dragonite, F|100/100
|turn|11
|
|t:|1779906913
|move|p2a: Dragonite|Dragon Dance|p2a: Dragonite
|-boost|p2a: Dragonite|atk|1
|-boost|p2a: Dragonite|spe|1
|move|p1a: Kingambit|Swords Dance|p1a: Kingambit
|-boost|p1a: Kingambit|atk|2
|
|upkeep
|turn|12
|
|t:|1779906920
|move|p2a: Dragonite|Extreme Speed|p1a: Kingambit
|-damage|p1a: Kingambit|15/100
|move|p1a: Kingambit|Kowtow Cleave|p2a: Dragonite
|-damage|p2a: Dragonite|0 fnt
|faint|p2a: Dragonite
|
|upkeep
|
|t:|1779906928
|switch|p2a: Big bro|Gengar, F|100/100
|turn|13
|
|t:|1779906939
|move|p2a: Big bro|Trick|p1a: Kingambit
|-activate|p2a: Big bro|move: Trick|[of] p1a: Kingambit
|-item|p1a: Kingambit|Choice Scarf|[from] move: Trick
|-item|p2a: Big bro|Black Glasses|[from] move: Trick
|move|p1a: Kingambit|Kowtow Cleave|p2a: Big bro
|-supereffective|p2a: Big bro
|-damage|p2a: Big bro|0 fnt
|faint|p2a: Big bro
|
|upkeep
|-message|gvgvjvfcgv forfeited.
|
|win|ghall2007
|raw|ghall2007's rating: 1200 &rarr; <strong>1230</strong><br />(+30 for winning)
|raw|gvgvjvfcgv's rating: 1270 &rarr; <strong>1240</strong><br />(-30 for losing)
|l|☆gvgvjvfcgv
|player|p2|
