|j|☆surprised head
|j|☆CloudyEJ
|inactive|Battle timer is ON: inactive players will automatically lose when time's up.
|t:|1779889149
|gametype|singles
|player|p1|surprised head|169|
|player|p2|CloudyEJ|#wcop2026uswest2|
|gen|9
|tier|[Gen 9] OU
|rated|Tournament battle
|rule|HP Percentage Mod: HP is shown in percentages
|rule|Endless Battle Clause: Forcing endless battles is banned
|rule|Species Clause: Limit one of each Pokémon
|rule|OHKO Clause: OHKO moves are banned
|rule|Evasion Items Clause: Evasion items are banned
|rule|Evasion Moves Clause: Evasion moves are banned
|rule|Evasion Abilities Clause: Evasion abilities are banned
|rule|Sleep Moves Clause: Sleep-inducing moves are banned
|clearpoke
|poke|p1|Ogerpon-Wellspring, F|
|poke|p1|Zamazenta-*|
|poke|p1|Gliscor, M|
|poke|p1|Gholdengo|
|poke|p1|Slowking-Galar, M|
|poke|p1|Cinderace, M|
|poke|p2|Thundurus-Therian, M|
|poke|p2|Pelipper, M|
|poke|p2|Walking Wake|
|poke|p2|Greninja-*, M|
|poke|p2|Empoleon, F|
|poke|p2|Kingambit, M|
|teampreview
|j| sote og rare
|j| GengarAdept
|j| RedemptiveSketch
|j| AbrarS
|
|t:|1779889166
|teamsize|p1|6
|teamsize|p2|6
|start
|switch|p1a: Slowking|Slowking-Galar, M|100/100
|switch|p2a: 4 PUMP CHUMP|Empoleon, F|100/100
|turn|1
|j| spiderkitty410
|
|t:|1779889177
|switch|p1a: Zamazenta|Zamazenta|100/100
|-ability|p1a: Zamazenta|Dauntless Shield|boost
|-boost|p1a: Zamazenta|def|1
|move|p2a: 4 PUMP CHUMP|Stealth Rock|p1a: Zamazenta
|-sidestart|p1: surprised head|move: Stealth Rock
|
|upkeep
|turn|2
|
|t:|1779889187
|move|p1a: Zamazenta|Stone Edge|p2a: 4 PUMP CHUMP
|-resisted|p2a: 4 PUMP CHUMP
|-damage|p2a: 4 PUMP CHUMP|81/100
|move|p2a: 4 PUMP CHUMP|Hydro Pump|p1a: Zamazenta
|-damage|p1a: Zamazenta|66/100
|
|upkeep
|turn|3
|
|t:|1779889193
|switch|p2a: VENDETTA|Pelipper, M|100/100
|-weather|RainDance|[from] ability: Drizzle|[of] p2a: VENDETTA
|move|p1a: Zamazenta|Close Combat|p2a: VENDETTA
|-resisted|p2a: VENDETTA
|-damage|p2a: VENDETTA|78/100
|-unboost|p1a: Zamazenta|def|1
|-unboost|p1a: Zamazenta|spd|1
|
|-weather|RainDance|[upkeep]
|upkeep
|turn|4
|j| fpreg fantasies
|
|t:|1779889203
|move|p1a: Zamazenta|Stone Edge|p2a: VENDETTA
|-supereffective|p2a: VENDETTA
|-damage|p2a: VENDETTA|22/100
|move|p2a: VENDETTA|Hurricane|p1a: Zamazenta
|-supereffective|p1a: Zamazenta
|-damage|p1a: Zamazenta|0 fnt
|faint|p1a: Zamazenta
|
|-weather|RainDance|[upkeep]
|upkeep
|
|t:|1779889210
|switch|p1a: Ogerpon|Ogerpon-Wellspring, F|100/100
|-damage|p1a: Ogerpon|88/100|[from] Stealth Rock
|turn|5
|
|t:|1779889217
|switch|p2a: 4 PUMP CHUMP|Empoleon, F|81/100
|move|p1a: Ogerpon|Knock Off|p2a: 4 PUMP CHUMP
|-damage|p2a: 4 PUMP CHUMP|33/100
|-enditem|p2a: 4 PUMP CHUMP|Covert Cloak|[from] move: Knock Off|[of] p1a: Ogerpon
|
|-weather|RainDance|[upkeep]
|upkeep
|turn|6
|j|+nastynastygirl7
|
|t:|1779889240
|move|p1a: Ogerpon|Ivy Cudgel|p2a: 4 PUMP CHUMP|[anim] Ivy Cudgel Water
|-resisted|p2a: 4 PUMP CHUMP
|-damage|p2a: 4 PUMP CHUMP|0 fnt
|faint|p2a: 4 PUMP CHUMP
|
|-weather|RainDance|[upkeep]
|upkeep
|j| OUZQ Crocodile
|
|t:|1779889250
|switch|p2a: big booty latina|Walking Wake|100/100
|turn|7
|l| OUZQ Crocodile
|
|t:|1779889262
|move|p1a: Ogerpon|U-turn|p2a: big booty latina
|-damage|p2a: big booty latina|68/100
|
|t:|1779889264
|switch|p1a: Slowking|Slowking-Galar, M|100/100|[from] U-turn
|move|p2a: big booty latina|Draco Meteor|p1a: Slowking
|-damage|p1a: Slowking|45/100
|-unboost|p2a: big booty latina|spa|2
|
|-weather|RainDance|[upkeep]
|upkeep
|turn|8
|
|t:|1779889276
|-end|p2a: big booty latina|Protosynthesis|[silent]
|switch|p2a: don't be alarmed|Greninja, M|100/100
|-prepare|p1a: Slowking|Chilly Reception|[premajor]
|move|p1a: Slowking|Chilly Reception|p1a: Slowking
|-weather|Snowscape
|
|t:|1779889286
|switch|p1a: Gliscor|Gliscor, M|100/100|[from] Chilly Reception
|-damage|p1a: Gliscor|88/100|[from] Stealth Rock
|
|-weather|Snowscape|[upkeep]
|-status|p1a: Gliscor|tox|[from] item: Toxic Orb
|upkeep
|turn|9
|
|t:|1779889292
|-terastallize|p1a: Gliscor|Fairy
|move|p2a: don't be alarmed|Ice Beam|p1a: Gliscor
|-damage|p1a: Gliscor|58/100 tox
|-damage|p2a: don't be alarmed|91/100|[from] item: Life Orb
|move|p1a: Gliscor|Stealth Rock|p2a: don't be alarmed
|-sidestart|p2: CloudyEJ|move: Stealth Rock
|
|-weather|Snowscape|[upkeep]
|-heal|p1a: Gliscor|71/100 tox|[from] ability: Poison Heal
|upkeep
|turn|10
|
|t:|1779889297
|move|p1a: Gliscor|Protect|p1a: Gliscor
|-singleturn|p1a: Gliscor|Protect
|move|p2a: don't be alarmed|Hydro Pump|p1a: Gliscor
|-activate|p1a: Gliscor|move: Protect
|
|-weather|Snowscape|[upkeep]
|-heal|p1a: Gliscor|83/100 tox|[from] ability: Poison Heal
|upkeep
|turn|11
|
|t:|1779889300
|move|p2a: don't be alarmed|Hydro Pump|p1a: Gliscor
|-damage|p1a: Gliscor|20/100 tox
|-damage|p2a: don't be alarmed|81/100|[from] item: Life Orb
|move|p1a: Gliscor|Earthquake|p2a: don't be alarmed
|-damage|p2a: don't be alarmed|26/100
|
|-weather|Snowscape|[upkeep]
|-heal|p1a: Gliscor|33/100 tox|[from] ability: Poison Heal
|upkeep
|turn|12
|
|t:|1779889309
|switch|p1a: Gholdengo|Gholdengo|100/100
|move|p2a: don't be alarmed|Hydro Pump|p1a: Gholdengo
|-damage|p1a: Gholdengo|39/100
|-damage|p2a: don't be alarmed|16/100|[from] item: Life Orb
|
|-weather|none
|upkeep
|turn|13
|
|t:|1779889321
|switch|p1a: Slowking|Slowking-Galar, M|79/100
|move|p2a: don't be alarmed|Hydro Pump|p1a: Slowking
|-damage|p1a: Slowking|42/100
|-damage|p2a: don't be alarmed|6/100|[from] item: Life Orb
|
|upkeep
|turn|14
|
|t:|1779889328
|switch|p1a: Gholdengo|Gholdengo|39/100
|move|p2a: don't be alarmed|Gunk Shot|p1a: Gholdengo
|-immune|p1a: Gholdengo
|
|upkeep
|turn|15
|
|t:|1779889333
|move|p2a: don't be alarmed|Hydro Pump|p1a: Gholdengo
|-damage|p1a: Gholdengo|0 fnt
|faint|p1a: Gholdengo
|-ability|p2a: don't be alarmed|Battle Bond|boost
|-boost|p2a: don't be alarmed|atk|1
|-boost|p2a: don't be alarmed|spa|1
|-boost|p2a: don't be alarmed|spe|1
|-activate|p2a: don't be alarmed|ability: Battle Bond
|-damage|p2a: don't be alarmed|0 fnt|[from] item: Life Orb
|faint|p2a: don't be alarmed
|
|upkeep
|
|t:|1779889355
|switch|p2a: big booty latina|Walking Wake|68/100
|switch|p1a: Ogerpon|Ogerpon-Wellspring, F|88/100
|-damage|p1a: Ogerpon|76/100|[from] Stealth Rock
|-damage|p2a: big booty latina|56/100|[from] Stealth Rock
|turn|16
|
|t:|1779889363
|move|p1a: Ogerpon|U-turn|p2a: big booty latina
|-damage|p2a: big booty latina|24/100
|
|t:|1779889364
|switch|p1a: Slowking|Slowking-Galar, M|75/100|[from] U-turn
|move|p2a: big booty latina|Dragon Pulse|p1a: Slowking
|-damage|p1a: Slowking|38/100
|
|upkeep
|turn|17
|
|t:|1779889384
|-end|p2a: big booty latina|Protosynthesis|[silent]
|switch|p2a: VENDETTA|Pelipper, M|22/100
|-damage|p2a: VENDETTA|0 fnt|[from] Stealth Rock
|faint|p2a: VENDETTA
|switch|p1a: Gliscor|Gliscor, M, tera:Fairy|33/100 tox
|-damage|p1a: Gliscor|20/100 tox|[from] Stealth Rock
|
|-heal|p1a: Gliscor|33/100 tox|[from] ability: Poison Heal
|upkeep
|
|t:|1779889388
|switch|p2a: 4BETSHOVE|Thundurus-Therian, M|100/100
|-damage|p2a: 4BETSHOVE|76/100|[from] Stealth Rock
|turn|18
|
|t:|1779889393
|move|p2a: 4BETSHOVE|Agility|p2a: 4BETSHOVE
|-boost|p2a: 4BETSHOVE|spe|2
|move|p1a: Gliscor|Toxic|p2a: 4BETSHOVE
|-status|p2a: 4BETSHOVE|tox
|
|-damage|p2a: 4BETSHOVE|70/100 tox|[from] psn
|-heal|p1a: Gliscor|45/100 tox|[from] ability: Poison Heal
|upkeep
|turn|19
|
|t:|1779889399
|move|p1a: Gliscor|Protect|p1a: Gliscor
|-singleturn|p1a: Gliscor|Protect
|move|p2a: 4BETSHOVE|Nasty Plot|p2a: 4BETSHOVE
|-boost|p2a: 4BETSHOVE|spa|2
|
|-damage|p2a: 4BETSHOVE|58/100 tox|[from] psn
|-heal|p1a: Gliscor|58/100 tox|[from] ability: Poison Heal
|upkeep
|turn|20
|
|t:|1779889405
|switch|p1a: Slowking|Slowking-Galar, M|71/100
|move|p2a: 4BETSHOVE|Thunder|p1a: Slowking
|-damage|p1a: Slowking|0 fnt
|faint|p1a: Slowking
|-damage|p2a: 4BETSHOVE|48/100 tox|[from] item: Life Orb
|
|-damage|p2a: 4BETSHOVE|30/100 tox|[from] psn
|upkeep
|
|t:|1779889409
|switch|p1a: Gliscor|Gliscor, M, tera:Fairy|58/100 tox
|-damage|p1a: Gliscor|45/100 tox|[from] Stealth Rock
|turn|21
|
|t:|1779889413
|move|p1a: Gliscor|Protect|p1a: Gliscor
|-singleturn|p1a: Gliscor|Protect
|move|p2a: 4BETSHOVE|Thunder|p1a: Gliscor
|-activate|p1a: Gliscor|move: Protect
|
|-damage|p2a: 4BETSHOVE|6/100 tox|[from] psn
|-heal|p1a: Gliscor|58/100 tox|[from] ability: Poison Heal
|upkeep
|turn|22
|
|t:|1779889416
|move|p1a: Gliscor|Protect||[still]
|-fail|p1a: Gliscor
|move|p2a: 4BETSHOVE|Thunder|p1a: Gliscor
|-damage|p1a: Gliscor|0 fnt
|faint|p1a: Gliscor
|-damage|p2a: 4BETSHOVE|0 fnt|[from] item: Life Orb
|faint|p2a: 4BETSHOVE
|
|upkeep
|
|t:|1779889420
|switch|p2a: big booty latina|Walking Wake|24/100
|switch|p1a: Cinderace|Cinderace, M|100/100
|-damage|p2a: big booty latina|12/100|[from] Stealth Rock
|turn|23
|
|t:|1779889436
|move|p1a: Cinderace|Pyro Ball|p2a: big booty latina
|-resisted|p2a: big booty latina
|-crit|p2a: big booty latina
|-damage|p2a: big booty latina|0 fnt
|faint|p2a: big booty latina
|-end|p2a: big booty latina|Protosynthesis|[silent]
|
|upkeep
|
|t:|1779889438
|switch|p2a: holy shit bro|Kingambit, M|100/100
|-damage|p2a: holy shit bro|94/100|[from] Stealth Rock
|-activate|p2a: holy shit bro|ability: Supreme Overlord
|-start|p2a: holy shit bro|fallen5|[silent]
|turn|24
|
|t:|1779889444
|-terastallize|p2a: holy shit bro|Fire
|move|p1a: Cinderace|Pyro Ball|p2a: holy shit bro|[miss]
|-miss|p1a: Cinderace|p2a: holy shit bro
|move|p2a: holy shit bro|Swords Dance|p2a: holy shit bro
|-boost|p2a: holy shit bro|atk|2
|
|upkeep
|turn|25
|l| AbrarS
|j| databricks
|
|t:|1779889455
|move|p1a: Cinderace|Pyro Ball|p2a: holy shit bro
|-resisted|p2a: holy shit bro
|-damage|p2a: holy shit bro|77/100
|move|p2a: holy shit bro|Stone Edge|p1a: Cinderace
|-supereffective|p1a: Cinderace
|-damage|p1a: Cinderace|0 fnt
|faint|p1a: Cinderace
|
|upkeep
|
|t:|1779889457
|switch|p1a: Ogerpon|Ogerpon-Wellspring, F|76/100
|-damage|p1a: Ogerpon|64/100|[from] Stealth Rock
|turn|26
|
|t:|1779889461
|move|p1a: Ogerpon|Spikes|p2a: holy shit bro
|-sidestart|p2: CloudyEJ|Spikes
|move|p2a: holy shit bro|Stone Edge|p1a: Ogerpon|[miss]
|-miss|p2a: holy shit bro|p1a: Ogerpon
|
|upkeep
|turn|27
|c|☆CloudyEJ|man
|
|t:|1779889468
|move|p2a: holy shit bro|Sucker Punch|p1a: Ogerpon
|-damage|p1a: Ogerpon|0 fnt
|faint|p1a: Ogerpon
|
|win|CloudyEJ
|n|☆surprised head|surprisedhead
|n|☆CloudyEJ|cloudyej
|n| sote og rare|soteograre
|n| GengarAdept|gengaradept
|n| RedemptiveSketch|redemptivesketch
|n| spiderkitty410|spiderkitty410
|n| fpreg fantasies|fpregfantasies
|n| nastynastygirl7|nastynastygirl7
|n| databricks|databricks
|c|☆surprised head|gg
|j| AbrarS
