|j|☆AZZBoi
|j|☆soulesstm303
|t:|1779813848
|gametype|singles
|player|p1|AZZBoi|169|1052
|player|p2|soulesstm303|dawn|1024
|gen|9
|tier|[Gen 9] OU
|rated|
|rule|HP Percentage Mod: HP is shown in percentages
|rule|Endless Battle Clause: Forcing endless battles is banned
|rule|Species Clause: Limit one of each Pokémon
|rule|OHKO Clause: OHKO moves are banned
|rule|Evasion Items Clause: Evasion items are banned
|rule|Evasion Moves Clause: Evasion moves are banned
|rule|Evasion Abilities Clause: Evasion abilities are banned
|rule|Sleep Moves Clause: Sleep-inducing moves are banned
|clearpoke
|poke|p1|Great Tusk|
|poke|p1|Cinderace, F|
|poke|p1|Serperior, M|
|poke|p1|Kingambit, F|
|poke|p1|Torkoal, F|
|poke|p1|Walking Wake|
|poke|p2|Zoroark, F|
|poke|p2|Araquanid, M|
|poke|p2|Ninetales, F|
|poke|p2|Ambipom, F|
|poke|p2|Bellibolt, M|
|poke|p2|Venusaur, M|
|teampreview
|inactive|Battle timer is ON: inactive players will automatically lose when time's up. (requested by AZZBoi)
|
|t:|1779813857
|teamsize|p1|6
|teamsize|p2|6
|start
|switch|p1a: Walking Wake|Walking Wake|100/100
|switch|p2a: Ambipom|Ambipom, F|100/100
|turn|1
|
|t:|1779813866
|-end|p1a: Walking Wake|Protosynthesis|[silent]
|switch|p1a: Torkoal|Torkoal, F|100/100
|-weather|SunnyDay|[from] ability: Drought|[of] p1a: Torkoal
|move|p2a: Ambipom|Fake Out|p1a: Torkoal
|-damage|p1a: Torkoal|82/100
|-enditem|p1a: Torkoal|Eject Button
|
|t:|1779813878
|switch|p1a: Serperior|Serperior, M|100/100
|
|-weather|SunnyDay|[upkeep]
|upkeep
|turn|2
|
|t:|1779813886
|switch|p2a: Bellibolt|Bellibolt, M|100/100
|move|p1a: Serperior|Leaf Storm|p2a: Bellibolt
|-damage|p2a: Bellibolt|72/100
|-boost|p1a: Serperior|spa|2
|-start|p2a: Bellibolt|Charge|Leaf Storm|[from] ability: Electromorphosis
|
|-weather|SunnyDay|[upkeep]
|upkeep
|turn|3
|
|t:|1779813895
|move|p1a: Serperior|Leaf Storm|p2a: Bellibolt
|-damage|p2a: Bellibolt|12/100
|-boost|p1a: Serperior|spa|2
|-start|p2a: Bellibolt|Charge|Leaf Storm|[from] ability: Electromorphosis
|move|p2a: Bellibolt|Weather Ball|p1a: Serperior
|-supereffective|p1a: Serperior
|-damage|p1a: Serperior|0 fnt
|faint|p1a: Serperior
|
|-weather|SunnyDay|[upkeep]
|upkeep
|
|t:|1779813909
|switch|p1a: Great Tusk|Great Tusk|100/100
|-activate|p1a: Great Tusk|ability: Protosynthesis
|-start|p1a: Great Tusk|protosynthesisatk
|turn|4
|
|t:|1779813914
|move|p1a: Great Tusk|Knock Off|p2a: Bellibolt
|-damage|p2a: Bellibolt|0 fnt
|-enditem|p2a: Bellibolt|Assault Vest|[from] move: Knock Off|[of] p1a: Great Tusk
|faint|p2a: Bellibolt
|
|-weather|SunnyDay|[upkeep]
|upkeep
|
|t:|1779813919
|switch|p2a: Venusaur|Venusaur, M|100/100
|turn|5
|
|t:|1779813926
|-end|p1a: Great Tusk|Protosynthesis|[silent]
|switch|p1a: Cinderace|Cinderace, F|100/100
|move|p2a: Venusaur|Growth|p2a: Venusaur
|-boost|p2a: Venusaur|atk|2
|-boost|p2a: Venusaur|spa|2
|
|-weather|none
|upkeep
|turn|6
|
|t:|1779813934
|-terastallize|p1a: Cinderace|Fire
|move|p1a: Cinderace|Pyro Ball|p2a: Venusaur|[miss]
|-miss|p1a: Cinderace|p2a: Venusaur
|move|p2a: Venusaur|Sludge Bomb|p1a: Cinderace
|-damage|p1a: Cinderace|0 fnt
|faint|p1a: Cinderace
|
|upkeep
|
|t:|1779813951
|switch|p1a: Kingambit|Kingambit, F|100/100
|-activate|p1a: Kingambit|ability: Supreme Overlord
|-start|p1a: Kingambit|fallen2|[silent]
|turn|7
|c|☆soulesstm303|Rough miss
|c|☆AZZBoi|yepp
|c|☆AZZBoi|happens
|
|t:|1779813960
|switch|p2a: Ninetales|Ninetales, F|100/100
|-weather|SunnyDay|[from] ability: Drought|[of] p2a: Ninetales
|move|p1a: Kingambit|Sucker Punch||[still]
|-fail|p1a: Kingambit
|
|-weather|SunnyDay|[upkeep]
|upkeep
|turn|8
|
|t:|1779813967
|-end|p1a: Kingambit|fallen2|[silent]
|switch|p1a: Great Tusk|Great Tusk|100/100
|-activate|p1a: Great Tusk|ability: Protosynthesis
|-start|p1a: Great Tusk|protosynthesisatk
|move|p2a: Ninetales|Flamethrower|p1a: Great Tusk
|-crit|p1a: Great Tusk
|-damage|p1a: Great Tusk|0 fnt
|faint|p1a: Great Tusk
|-end|p1a: Great Tusk|Protosynthesis|[silent]
|
|-weather|SunnyDay|[upkeep]
|upkeep
|
|t:|1779813977
|switch|p1a: Walking Wake|Walking Wake|100/100
|-activate|p1a: Walking Wake|ability: Protosynthesis
|-start|p1a: Walking Wake|protosynthesisspe
|turn|9
|
|t:|1779813981
|switch|p2a: Araquanid|Araquanid, M|100/100
|move|p1a: Walking Wake|Hydro Steam|p2a: Araquanid
|-resisted|p2a: Araquanid
|-damage|p2a: Araquanid|70/100
|-damage|p1a: Walking Wake|91/100|[from] item: Life Orb
|
|-weather|SunnyDay|[upkeep]
|upkeep
|turn|10
|
|t:|1779813988
|move|p1a: Walking Wake|Draco Meteor|p2a: Araquanid
|-damage|p2a: Araquanid|0 fnt
|-unboost|p1a: Walking Wake|spa|2
|faint|p2a: Araquanid
|-damage|p1a: Walking Wake|81/100|[from] item: Life Orb
|
|-weather|SunnyDay|[upkeep]
|upkeep
|
|t:|1779814003
|switch|p2a: Ambipom|Ambipom, F|100/100
|turn|11
|
|t:|1779814007
|-end|p1a: Walking Wake|Protosynthesis|[silent]
|switch|p1a: Kingambit|Kingambit, F|100/100
|-activate|p1a: Kingambit|ability: Supreme Overlord
|-start|p1a: Kingambit|fallen3|[silent]
|move|p2a: Ambipom|Nasty Plot|p2a: Ambipom
|-boost|p2a: Ambipom|spa|2
|
|-weather|SunnyDay|[upkeep]
|upkeep
|turn|12
|
|t:|1779814013
|move|p2a: Ambipom|Flamethrower|p1a: Kingambit
|-supereffective|p1a: Kingambit
|-damage|p1a: Kingambit|0 fnt
|faint|p1a: Kingambit
|-end|p1a: Kingambit|fallen3|[silent]
|
|-weather|SunnyDay|[upkeep]
|upkeep
|c|☆AZZBoi|lol
|
|t:|1779814020
|switch|p1a: Walking Wake|Walking Wake|81/100
|-activate|p1a: Walking Wake|ability: Protosynthesis
|-start|p1a: Walking Wake|protosynthesisspe
|turn|13
|
|t:|1779814024
|move|p1a: Walking Wake|Draco Meteor|p2a: Ambipom|[miss]
|-miss|p1a: Walking Wake|p2a: Ambipom
|move|p2a: Ambipom|Dark Pulse|p1a: Walking Wake
|-damage|p1a: Walking Wake|0 fnt
|faint|p1a: Walking Wake
|-end|p1a: Walking Wake|Protosynthesis|[silent]
|
|-weather|SunnyDay|[upkeep]
|upkeep
|-message|AZZBoi forfeited.
|
|win|soulesstm303
|raw|AZZBoi's rating: 1052 &rarr; <strong>1033</strong><br />(-19 for losing)
|raw|soulesstm303's rating: 1024 &rarr; <strong>1063</strong><br />(+39 for winning)
|l|☆AZZBoi
|player|p1|
