|j|☆22jj55
|j|☆meat taker
|t:|1779803377
|gametype|singles
|player|p1|22jj55|hiker-gen4|1152
|player|p2|meat taker|lance|1106
|gen|9
|tier|[Gen 9] OU
|rated|
|rule|HP Percentage Mod: HP is shown in percentages
|rule|Endless Battle Clause: Forcing endless battles is banned
|rule|Species Clause: Limit one of each Pokémon
|rule|OHKO Clause: OHKO moves are banned
|rule|Evasion Items Clause: Evasion items are banned
|rule|Evasion Moves Clause: Evasion moves are banned
|rule|Evasion Abilities Clause: Evasion abilities are banned
|rule|Sleep Moves Clause: Sleep-inducing moves are banned
|clearpoke
|poke|p1|Gliscor, M|
|poke|p1|Clodsire, M|
|poke|p1|Scizor, F|
|poke|p1|Mimikyu, F|
|poke|p1|Hydreigon, M|
|poke|p1|Latios, M|
|poke|p2|Swampert, F|
|poke|p2|Jirachi|
|poke|p2|Scizor, M|
|poke|p2|Rotom-Mow|
|poke|p2|Gyarados, F|
|poke|p2|Infernape, M|
|teampreview
|
|t:|1779803381
|teamsize|p1|6
|teamsize|p2|6
|start
|switch|p1a: Clodsire|Clodsire, M|100/100
|switch|p2a: Swampert|Swampert, F, shiny|100/100
|turn|1
|
|t:|1779803387
|move|p2a: Swampert|Stealth Rock|p1a: Clodsire
|-sidestart|p1: 22jj55|move: Stealth Rock
|move|p1a: Clodsire|Stealth Rock|p2a: Swampert
|-sidestart|p2: meat taker|move: Stealth Rock
|
|upkeep
|turn|2
|
|t:|1779803395
|move|p2a: Swampert|Ice Beam|p1a: Clodsire
|-supereffective|p1a: Clodsire
|-damage|p1a: Clodsire|77/100
|move|p1a: Clodsire|Toxic|p2a: Swampert
|-status|p2a: Swampert|tox
|
|-heal|p1a: Clodsire|83/100|[from] item: Leftovers
|-damage|p2a: Swampert|94/100 tox|[from] psn
|upkeep
|turn|3
|
|t:|1779803406
|move|p2a: Swampert|Earthquake|p1a: Clodsire
|-supereffective|p1a: Clodsire
|-damage|p1a: Clodsire|19/100
|move|p1a: Clodsire|Earthquake|p2a: Swampert
|-damage|p2a: Swampert|76/100 tox
|
|-heal|p2a: Swampert|82/100 tox|[from] item: Leftovers
|-heal|p1a: Clodsire|25/100|[from] item: Leftovers
|-damage|p2a: Swampert|70/100 tox|[from] psn
|upkeep
|turn|4
|inactive|Battle timer is ON: inactive players will automatically lose when time's up. (requested by meat taker)
|
|t:|1779803416
|switch|p1a: Gliscor|Gliscor, M, shiny|100/100
|-damage|p1a: Gliscor|88/100|[from] Stealth Rock
|move|p2a: Swampert|Flip Turn|p1a: Gliscor
|-supereffective|p1a: Gliscor
|-damage|p1a: Gliscor|55/100
|
|t:|1779803424
|switch|p2a: Rotom|Rotom-Mow, shiny|100/100|[from] Flip Turn
|-damage|p2a: Rotom|88/100|[from] Stealth Rock
|
|-heal|p2a: Rotom|94/100|[from] item: Leftovers
|-status|p1a: Gliscor|tox|[from] item: Toxic Orb
|upkeep
|turn|5
|inactive|22jj55 has 120 seconds left.
|
|t:|1779803457
|switch|p1a: Scizor|Scizor, F, shiny|100/100
|-damage|p1a: Scizor|88/100|[from] Stealth Rock
|move|p2a: Rotom|Nasty Plot|p2a: Rotom
|-boost|p2a: Rotom|spa|2
|
|-heal|p2a: Rotom|100/100|[from] item: Leftovers
|upkeep
|turn|6
|inactive|22jj55 has 120 seconds left.
|
|t:|1779803475
|switch|p1a: Gliscor|Gliscor, M, shiny|55/100 tox
|-damage|p1a: Gliscor|43/100 tox|[from] Stealth Rock
|move|p2a: Rotom|Volt Switch|p1a: Gliscor
|-immune|p1a: Gliscor
|
|-heal|p1a: Gliscor|55/100 tox|[from] ability: Poison Heal
|upkeep
|turn|7
|inactive|22jj55 has 120 seconds left.
|
|t:|1779803490
|switch|p2a: Gyarados|Gyarados, F|100/100
|-ability|p2a: Gyarados|Intimidate|boost
|-unboost|p1a: Gliscor|atk|1
|move|p1a: Gliscor|Protect||[still]
|-fail|p1a: Gliscor
|
|-heal|p1a: Gliscor|68/100 tox|[from] ability: Poison Heal
|upkeep
|turn|8
|
|t:|1779803498
|switch|p1a: Clodsire|Clodsire, M|25/100
|-damage|p1a: Clodsire|19/100|[from] Stealth Rock
|move|p2a: Gyarados|Dragon Dance|p2a: Gyarados
|-boost|p2a: Gyarados|atk|1
|-boost|p2a: Gyarados|spe|1
|
|-heal|p1a: Clodsire|25/100|[from] item: Leftovers
|upkeep
|turn|9
|
|t:|1779803508
|move|p2a: Gyarados|Dragon Dance|p2a: Gyarados
|-boost|p2a: Gyarados|atk|1
|-boost|p2a: Gyarados|spe|1
|move|p1a: Clodsire|Recover|p1a: Clodsire
|-heal|p1a: Clodsire|75/100
|
|-heal|p1a: Clodsire|81/100|[from] item: Leftovers
|upkeep
|turn|10
|
|t:|1779803516
|move|p2a: Gyarados|Dragon Dance|p2a: Gyarados
|-boost|p2a: Gyarados|atk|1
|-boost|p2a: Gyarados|spe|1
|move|p1a: Clodsire|Toxic|p2a: Gyarados
|-status|p2a: Gyarados|tox
|
|-heal|p1a: Clodsire|88/100|[from] item: Leftovers
|-damage|p2a: Gyarados|94/100 tox|[from] psn
|upkeep
|turn|11
|inactive|22jj55 has 120 seconds left.
|
|t:|1779803542
|move|p2a: Gyarados|Ice Fang|p1a: Clodsire
|-supereffective|p1a: Clodsire
|-damage|p1a: Clodsire|0 fnt
|faint|p1a: Clodsire
|
|-damage|p2a: Gyarados|82/100 tox|[from] psn
|upkeep
|inactive|22jj55 has 120 seconds left.
|
|t:|1779803555
|switch|p1a: Gliscor|Gliscor, M, shiny|68/100 tox
|-damage|p1a: Gliscor|55/100 tox|[from] Stealth Rock
|turn|12
|
|t:|1779803561
|move|p1a: Gliscor|Protect|p1a: Gliscor
|-singleturn|p1a: Gliscor|Protect
|move|p2a: Gyarados|Ice Fang|p1a: Gliscor
|-activate|p1a: Gliscor|move: Protect
|
|-damage|p2a: Gyarados|64/100 tox|[from] psn
|-heal|p1a: Gliscor|68/100 tox|[from] ability: Poison Heal
|upkeep
|turn|13
|
|t:|1779803572
|switch|p1a: Scizor|Scizor, F, shiny|88/100
|-damage|p1a: Scizor|75/100|[from] Stealth Rock
|move|p2a: Gyarados|Ice Fang|p1a: Scizor|[miss]
|-miss|p2a: Gyarados|p1a: Scizor
|
|-damage|p2a: Gyarados|40/100 tox|[from] psn
|upkeep
|turn|14
|
|t:|1779803581
|switch|p2a: Jirachi|Jirachi|100/100
|-damage|p2a: Jirachi|94/100|[from] Stealth Rock
|move|p1a: Scizor|Bullet Punch|p2a: Jirachi
|-resisted|p2a: Jirachi
|-damage|p2a: Jirachi|81/100
|
|-heal|p2a: Jirachi|87/100|[from] item: Leftovers
|upkeep
|turn|15
|
|t:|1779803591
|switch|p1a: Gliscor|Gliscor, M, shiny|68/100 tox
|-damage|p1a: Gliscor|55/100 tox|[from] Stealth Rock
|move|p2a: Jirachi|Wish|p2a: Jirachi
|
|-heal|p2a: Jirachi|93/100|[from] item: Leftovers
|-heal|p1a: Gliscor|68/100 tox|[from] ability: Poison Heal
|upkeep
|turn|16
|
|t:|1779803602
|move|p2a: Jirachi|U-turn|p1a: Gliscor
|-resisted|p1a: Gliscor
|-crit|p1a: Gliscor
|-damage|p1a: Gliscor|59/100 tox
|
|t:|1779803607
|switch|p2a: Gyarados|Gyarados, F|40/100 tox|[from] U-turn
|-ability|p2a: Gyarados|Intimidate|boost
|-unboost|p1a: Gliscor|atk|1
|move|p1a: Gliscor|Knock Off|p2a: Gyarados
|-damage|p2a: Gyarados|19/100 tox
|-enditem|p2a: Gyarados|Heavy-Duty Boots|[from] move: Knock Off|[of] p1a: Gliscor
|
|-heal|p2a: Gyarados|80/100 tox|[from] move: Wish|[wisher] Jirachi
|-damage|p2a: Gyarados|74/100 tox|[from] psn
|-heal|p1a: Gliscor|72/100 tox|[from] ability: Poison Heal
|upkeep
|turn|17
|
|t:|1779803632
|switch|p1a: Scizor|Scizor, F, shiny|75/100
|-damage|p1a: Scizor|63/100|[from] Stealth Rock
|move|p2a: Gyarados|Waterfall|p1a: Scizor
|-damage|p1a: Scizor|21/100
|-enditem|p1a: Scizor|Sitrus Berry|[eat]
|-heal|p1a: Scizor|46/100|[from] item: Sitrus Berry
|
|-damage|p2a: Gyarados|62/100 tox|[from] psn
|upkeep
|turn|18
|
|t:|1779803643
|move|p1a: Scizor|Bullet Punch|p2a: Gyarados
|-resisted|p2a: Gyarados
|-crit|p2a: Gyarados
|-damage|p2a: Gyarados|30/100 tox
|move|p2a: Gyarados|Waterfall|p1a: Scizor
|-damage|p1a: Scizor|9/100
|
|-damage|p2a: Gyarados|11/100 tox|[from] psn
|upkeep
|turn|19
|
|t:|1779803651
|switch|p2a: Jirachi|Jirachi|93/100
|-damage|p2a: Jirachi|87/100|[from] Stealth Rock
|move|p1a: Scizor|Bullet Punch|p2a: Jirachi
|-resisted|p2a: Jirachi
|-damage|p2a: Jirachi|73/100
|
|-heal|p2a: Jirachi|79/100|[from] item: Leftovers
|upkeep
|turn|20
|
|t:|1779803661
|move|p2a: Jirachi|Wish|p2a: Jirachi
|move|p1a: Scizor|Swords Dance|p1a: Scizor
|-boost|p1a: Scizor|atk|2
|
|-heal|p2a: Jirachi|85/100|[from] item: Leftovers
|upkeep
|turn|21
|
|t:|1779803668
|move|p1a: Scizor|Bullet Punch|p2a: Jirachi
|-resisted|p2a: Jirachi
|-damage|p2a: Jirachi|57/100
|move|p2a: Jirachi|U-turn|p1a: Scizor
|-resisted|p1a: Scizor
|-damage|p1a: Scizor|1/100
|
|t:|1779803678
|switch|p2a: Swampert|Swampert, F, shiny|70/100 tox|[from] U-turn
|-damage|p2a: Swampert|63/100 tox|[from] Stealth Rock
|
|-heal|p2a: Swampert|100/100 tox|[from] move: Wish|[wisher] Jirachi
|-damage|p2a: Swampert|94/100 tox|[from] psn
|upkeep
|turn|22
|
|t:|1779803686
|move|p1a: Scizor|Bullet Punch|p2a: Swampert
|-resisted|p2a: Swampert
|-damage|p2a: Swampert|73/100 tox
|move|p2a: Swampert|Earthquake|p1a: Scizor
|-damage|p1a: Scizor|0 fnt
|faint|p1a: Scizor
|
|-heal|p2a: Swampert|79/100 tox|[from] item: Leftovers
|-damage|p2a: Swampert|67/100 tox|[from] psn
|upkeep
|
|t:|1779803696
|switch|p1a: Gliscor|Gliscor, M, shiny|72/100 tox
|-damage|p1a: Gliscor|59/100 tox|[from] Stealth Rock
|turn|23
|
|t:|1779803701
|move|p1a: Gliscor|Protect|p1a: Gliscor
|-singleturn|p1a: Gliscor|Protect
|move|p2a: Swampert|Ice Beam|p1a: Gliscor
|-activate|p1a: Gliscor|move: Protect
|
|-heal|p2a: Swampert|73/100 tox|[from] item: Leftovers
|-heal|p1a: Gliscor|72/100 tox|[from] ability: Poison Heal
|-damage|p2a: Swampert|55/100 tox|[from] psn
|upkeep
|turn|24
|
|t:|1779803711
|move|p1a: Gliscor|Knock Off|p2a: Swampert
|-damage|p2a: Swampert|38/100 tox
|-enditem|p2a: Swampert|Leftovers|[from] move: Knock Off|[of] p1a: Gliscor
|move|p2a: Swampert|Ice Beam|p1a: Gliscor
|-supereffective|p1a: Gliscor
|-damage|p1a: Gliscor|0 fnt
|faint|p1a: Gliscor
|
|-damage|p2a: Swampert|13/100 tox|[from] psn
|upkeep
|
|t:|1779803720
|switch|p1a: Mimikyu|Mimikyu, F, shiny|100/100
|-damage|p1a: Mimikyu|88/100|[from] Stealth Rock
|turn|25
|
|t:|1779803729
|switch|p2a: Scizor|Scizor, M, shiny|100/100
|-damage|p2a: Scizor|88/100|[from] Stealth Rock
|move|p1a: Mimikyu|Shadow Sneak|p2a: Scizor
|-damage|p2a: Scizor|66/100
|-damage|p1a: Mimikyu|78/100|[from] item: Life Orb
|
|upkeep
|turn|26
|
|t:|1779803737
|move|p2a: Scizor|Bullet Punch|p1a: Mimikyu
|-activate|p1a: Mimikyu|ability: Disguise
|-damage|p1a: Mimikyu|78/100
|detailschange|p1a: Mimikyu|Mimikyu-Busted, F, shiny
|-damage|p1a: Mimikyu|66/100|[from] pokemon: Mimikyu-Busted
|move|p1a: Mimikyu|Swords Dance|p1a: Mimikyu
|-boost|p1a: Mimikyu|atk|2
|
|upkeep
|turn|27
|
|t:|1779803746
|move|p1a: Mimikyu|Shadow Sneak|p2a: Scizor
|-damage|p2a: Scizor|24/100
|-damage|p1a: Mimikyu|56/100|[from] item: Life Orb
|move|p2a: Scizor|Bullet Punch|p1a: Mimikyu
|-supereffective|p1a: Mimikyu
|-damage|p1a: Mimikyu|0 fnt
|faint|p1a: Mimikyu
|
|upkeep
|
|t:|1779803755
|switch|p1a: Hydreigon|Hydreigon, M|100/100
|-damage|p1a: Hydreigon|88/100|[from] Stealth Rock
|turn|28
|
|t:|1779803761
|move|p2a: Scizor|Bullet Punch|p1a: Hydreigon
|-damage|p1a: Hydreigon|27/100
|move|p1a: Hydreigon|Dark Pulse|p2a: Scizor
|-damage|p2a: Scizor|0 fnt
|faint|p2a: Scizor
|
|upkeep
|
|t:|1779803768
|switch|p2a: Infernape|Infernape, M|100/100
|-damage|p2a: Infernape|88/100|[from] Stealth Rock
|turn|29
|
|t:|1779803775
|move|p2a: Infernape|Mach Punch|p1a: Hydreigon
|-supereffective|p1a: Hydreigon
|-damage|p1a: Hydreigon|0 fnt
|faint|p1a: Hydreigon
|-damage|p2a: Infernape|78/100|[from] item: Life Orb
|
|upkeep
|
|t:|1779803781
|switch|p1a: Latios|Latios, M, shiny|100/100
|-damage|p1a: Latios|88/100|[from] Stealth Rock
|turn|30
|
|t:|1779803787
|switch|p2a: Rotom|Rotom-Mow, shiny|100/100
|-damage|p2a: Rotom|88/100|[from] Stealth Rock
|move|p1a: Latios|Draco Meteor|p2a: Rotom
|-damage|p2a: Rotom|0 fnt
|-unboost|p1a: Latios|spa|2
|faint|p2a: Rotom
|
|upkeep
|-message|22jj55 forfeited.
|
|win|meat taker
|raw|22jj55's rating: 1152 &rarr; <strong>1124</strong><br />(-28 for losing)
|raw|meat taker's rating: 1106 &rarr; <strong>1134</strong><br />(+28 for winning)
|l|☆22jj55
|player|p1|
|l|☆meat taker
|player|p2|
