|j|‽aaagislash
|j|☆badteamsub
|t:|1779948632
|gametype|singles
|player|p1|aaagislash|266|1503
|player|p2|badteamsub|backersf|1498
|gen|9
|tier|[Gen 9] OU
|rated|
|rule|HP Percentage Mod: HP is shown in percentages
|rule|Endless Battle Clause: Forcing endless battles is banned
|rule|Species Clause: Limit one of each Pokémon
|rule|OHKO Clause: OHKO moves are banned
|rule|Evasion Items Clause: Evasion items are banned
|rule|Evasion Moves Clause: Evasion moves are banned
|rule|Evasion Abilities Clause: Evasion abilities are banned
|rule|Sleep Moves Clause: Sleep-inducing moves are banned
|clearpoke
|poke|p1|Mienshao, F|
|poke|p1|Clefable, F|
|poke|p1|Gliscor, F|
|poke|p1|Blissey, F|
|poke|p1|Amoonguss, M|
|poke|p1|Regieleki|
|poke|p2|Great Tusk|
|poke|p2|Slowking-Galar, F|
|poke|p2|Rotom-Wash|
|poke|p2|Blaziken, F|
|poke|p2|Enamorus, F|
|poke|p2|Dragonite, M|
|teampreview
|
|t:|1779948689
|teamsize|p1|6
|teamsize|p2|6
|start
|switch|p1a: Mienshao|Mienshao, F|100/100
|switch|p2a: Rotom|Rotom-Wash|100/100
|turn|1
|
|t:|1779948695
|move|p1a: Mienshao|Fake Out|p2a: Rotom
|-damage|p2a: Rotom|92/100
|cant|p2a: Rotom|flinch
|
|-heal|p2a: Rotom|98/100|[from] item: Leftovers
|upkeep
|turn|2
|
|t:|1779948698
|move|p1a: Mienshao|Knock Off|p2a: Rotom
|-damage|p2a: Rotom|77/100
|-enditem|p2a: Rotom|Leftovers|[from] move: Knock Off|[of] p1a: Mienshao
|move|p2a: Rotom|Will-O-Wisp|p1a: Mienshao
|-status|p1a: Mienshao|brn
|
|-damage|p1a: Mienshao|95/100 brn|[from] brn
|upkeep
|turn|3
|
|t:|1779948701
|move|p1a: Mienshao|U-turn|p2a: Rotom
|-damage|p2a: Rotom|69/100
|
|t:|1779948703
|switch|p1a: Clefable|Clefable, F|100/100|[from] U-turn
|move|p2a: Rotom|Will-O-Wisp|p1a: Clefable
|-status|p1a: Clefable|brn
|
|upkeep
|turn|4
|
|t:|1779948713
|move|p2a: Rotom|Pain Split|p1a: Clefable
|-sethp|p1a: Clefable|77/100 brn|[from] move: Pain Split|[silent]
|-sethp|p2a: Rotom|99/100|[from] move: Pain Split
|move|p1a: Clefable|Wish|p1a: Clefable
|
|upkeep
|turn|5
|
|t:|1779948722
|move|p2a: Rotom|Will-O-Wisp|p1a: Clefable
|-fail|p1a: Clefable|brn
|move|p1a: Clefable|Calm Mind|p1a: Clefable
|-boost|p1a: Clefable|spa|1
|-boost|p1a: Clefable|spd|1
|
|-heal|p1a: Clefable|100/100 brn|[from] move: Wish|[wisher] Clefable
|upkeep
|turn|6
|
|t:|1779948727
|switch|p1a: Gliscor|Gliscor, F|100/100
|move|p2a: Rotom|Volt Switch|p1a: Gliscor
|-immune|p1a: Gliscor
|
|-status|p1a: Gliscor|tox|[from] item: Toxic Orb
|upkeep
|turn|7
|
|t:|1779948735
|switch|p2a: Slowking|Slowking-Galar, F|100/100
|move|p1a: Gliscor|Toxic|p2a: Slowking
|-immune|p2a: Slowking
|
|upkeep
|turn|8
|
|t:|1779948742
|move|p1a: Gliscor|Spikes|p2a: Slowking
|-sidestart|p2: badteamsub|Spikes
|move|p2a: Slowking|Ice Beam|p1a: Gliscor
|-supereffective|p1a: Gliscor
|-damage|p1a: Gliscor|1/100 tox
|
|-heal|p1a: Gliscor|13/100 tox|[from] ability: Poison Heal
|upkeep
|turn|9
|
|t:|1779948751
|switch|p1a: Clefable|Clefable, F|100/100 brn
|move|p2a: Slowking|Future Sight|p1a: Clefable
|-start|p2a: Slowking|move: Future Sight
|
|upkeep
|turn|10
|
|t:|1779948756
|move|p1a: Clefable|Wish|p1a: Clefable
|-prepare|p2a: Slowking|Chilly Reception|[premajor]
|move|p2a: Slowking|Chilly Reception|p2a: Slowking
|-weather|Snowscape
|
|t:|1779948805
|switch|p2a: Blaziken|Blaziken, F|100/100|[from] Chilly Reception
|-item|p2a: Blaziken|Air Balloon
|
|-weather|Snowscape|[upkeep]
|upkeep
|turn|11
|
|t:|1779948813
|move|p2a: Blaziken|Swords Dance|p2a: Blaziken
|-boost|p2a: Blaziken|atk|2
|move|p1a: Clefable|Moonblast|p2a: Blaziken
|-damage|p2a: Blaziken|51/100
|-enditem|p2a: Blaziken|Air Balloon
|
|-weather|Snowscape|[upkeep]
|-end|p1a: Clefable|move: Future Sight
|-damage|p1a: Clefable|59/100 brn
|-heal|p1a: Clefable|100/100 brn|[from] move: Wish|[wisher] Clefable
|-ability|p2a: Blaziken|Speed Boost|boost
|-boost|p2a: Blaziken|spe|1
|upkeep
|turn|12
|
|t:|1779948824
|move|p2a: Blaziken|Swords Dance|p2a: Blaziken
|-boost|p2a: Blaziken|atk|2
|move|p1a: Clefable|Wish|p1a: Clefable
|
|-weather|Snowscape|[upkeep]
|-ability|p2a: Blaziken|Speed Boost|boost
|-boost|p2a: Blaziken|spe|1
|upkeep
|turn|13
|
|t:|1779948832
|move|p2a: Blaziken|Flare Blitz|p1a: Clefable
|-damage|p1a: Clefable|0 fnt
|faint|p1a: Clefable
|-damage|p2a: Blaziken|7/100|[from] Recoil
|
|-weather|Snowscape|[upkeep]
|-ability|p2a: Blaziken|Speed Boost|boost
|-boost|p2a: Blaziken|spe|1
|-damage|p2a: Blaziken|0 fnt|[from] item: Sticky Barb
|faint|p2a: Blaziken
|upkeep
|
|t:|1779948848
|switch|p2a: Great Tusk|Great Tusk|100/100
|switch|p1a: Mienshao|Mienshao, F|100/100 brn
|turn|14
|
|t:|1779948854
|move|p2a: Great Tusk|Stealth Rock|p1a: Mienshao
|-sidestart|p1: aaagislash|move: Stealth Rock
|move|p1a: Mienshao|U-turn|p2a: Great Tusk
|-resisted|p2a: Great Tusk
|-damage|p2a: Great Tusk|97/100
|
|t:|1779948855
|switch|p1a: Gliscor|Gliscor, F|13/100 tox|[from] U-turn
|-damage|p1a: Gliscor|1/100 tox|[from] Stealth Rock
|
|-weather|none
|-heal|p1a: Gliscor|13/100 tox|[from] ability: Poison Heal
|upkeep
|turn|15
|
|t:|1779948858
|move|p1a: Gliscor|Protect|p1a: Gliscor
|-singleturn|p1a: Gliscor|Protect
|move|p2a: Great Tusk|Ice Spinner|p1a: Gliscor
|-activate|p1a: Gliscor|move: Protect
|
|-heal|p1a: Gliscor|26/100 tox|[from] ability: Poison Heal
|upkeep
|turn|16
|
|t:|1779948862
|switch|p1a: Amoonguss|Amoonguss, M|100/100
|move|p2a: Great Tusk|Ice Spinner|p1a: Amoonguss
|-supereffective|p1a: Amoonguss
|-damage|p1a: Amoonguss|64/100
|
|upkeep
|turn|17
|
|t:|1779948875
|-end|p2a: Great Tusk|Protosynthesis|[silent]
|switch|p2a: Rotom|Rotom-Wash|99/100
|switch|p1a: Mienshao|Mienshao, F|100/100 brn
|
|-damage|p1a: Mienshao|95/100 brn|[from] brn
|upkeep
|turn|18
|
|t:|1779948883
|move|p1a: Mienshao|U-turn|p2a: Rotom
|-damage|p2a: Rotom|92/100
|
|t:|1779948884
|switch|p1a: Blissey|Blissey, F|100/100|[from] U-turn
|move|p2a: Rotom|Hydro Pump|p1a: Blissey
|-damage|p1a: Blissey|89/100
|
|upkeep
|turn|19
|
|t:|1779948891
|switch|p1a: Gliscor|Gliscor, F|26/100 tox
|-damage|p1a: Gliscor|13/100 tox|[from] Stealth Rock
|move|p2a: Rotom|Hydro Pump|p1a: Gliscor|[miss]
|-miss|p2a: Rotom|p1a: Gliscor
|
|-heal|p1a: Gliscor|26/100 tox|[from] ability: Poison Heal
|upkeep
|turn|20
|
|t:|1779948897
|move|p1a: Gliscor|Protect|p1a: Gliscor
|-singleturn|p1a: Gliscor|Protect
|move|p2a: Rotom|Hydro Pump|p1a: Gliscor
|-activate|p1a: Gliscor|move: Protect
|
|-heal|p1a: Gliscor|38/100 tox|[from] ability: Poison Heal
|upkeep
|turn|21
|
|t:|1779948903
|move|p1a: Gliscor|Spikes|p2a: Rotom
|-sidestart|p2: badteamsub|Spikes
|move|p2a: Rotom|Hydro Pump|p1a: Gliscor
|-supereffective|p1a: Gliscor
|-damage|p1a: Gliscor|0 fnt
|faint|p1a: Gliscor
|
|upkeep
|
|t:|1779948908
|switch|p1a: Regieleki|Regieleki|100/100
|turn|22
|
|t:|1779948911
|move|p1a: Regieleki|Rapid Spin|p2a: Rotom
|-damage|p2a: Rotom|84/100
|-boost|p1a: Regieleki|spe|1
|-sideend|p1: aaagislash|Stealth Rock|[from] move: Rapid Spin|[of] p1a: Regieleki
|move|p2a: Rotom|Volt Switch|p1a: Regieleki
|-resisted|p1a: Regieleki
|-damage|p1a: Regieleki|85/100
|
|t:|1779948916
|switch|p2a: Great Tusk|Great Tusk|97/100|[from] Volt Switch
|
|upkeep
|turn|23
|
|t:|1779948920
|switch|p1a: Amoonguss|Amoonguss, M|97/100
|move|p2a: Great Tusk|Rapid Spin|p1a: Amoonguss
|-damage|p1a: Amoonguss|86/100
|-boost|p2a: Great Tusk|spe|1
|-sideend|p2: badteamsub|Spikes|[from] move: Rapid Spin|[of] p2a: Great Tusk
|
|upkeep
|turn|24
|
|t:|1779948931
|switch|p1a: Blissey|Blissey, F|89/100
|move|p2a: Great Tusk|Stealth Rock|p1a: Blissey
|-sidestart|p1: aaagislash|move: Stealth Rock
|
|upkeep
|turn|25
|
|t:|1779948942
|-end|p2a: Great Tusk|Protosynthesis|[silent]
|switch|p2a: Slowking|Slowking-Galar, F|100/100
|switch|p1a: Amoonguss|Amoonguss, M|100/100
|
|upkeep
|turn|26
|
|t:|1779948950
|switch|p1a: Blissey|Blissey, F|89/100
|move|p2a: Slowking|Future Sight|p1a: Blissey
|-start|p2a: Slowking|move: Future Sight
|
|upkeep
|turn|27
|
|t:|1779948958
|move|p1a: Blissey|Flamethrower|p2a: Slowking
|-damage|p2a: Slowking|90/100
|move|p2a: Slowking|Toxic|p1a: Blissey
|-status|p1a: Blissey|tox
|
|-heal|p2a: Slowking|96/100|[from] item: Leftovers
|-damage|p1a: Blissey|83/100 tox|[from] psn
|upkeep
|turn|28
|
|t:|1779948964
|move|p1a: Blissey|Flamethrower|p2a: Slowking
|-damage|p2a: Slowking|86/100
|-prepare|p2a: Slowking|Chilly Reception|[premajor]
|move|p2a: Slowking|Chilly Reception|p2a: Slowking
|-weather|Snowscape
|
|t:|1779948974
|switch|p2a: Dragonite|Dragonite, M|100/100|[from] Chilly Reception
|
|-weather|Snowscape|[upkeep]
|-end|p1a: Blissey|move: Future Sight
|-damage|p1a: Blissey|68/100 tox
|-damage|p1a: Blissey|56/100 tox|[from] psn
|upkeep
|turn|29
|
|t:|1779948978
|switch|p1a: Amoonguss|Amoonguss, M|100/100
|move|p2a: Dragonite|Outrage|p1a: Amoonguss
|-damage|p1a: Amoonguss|28/100
|
|-weather|Snowscape|[upkeep]
|upkeep
|turn|30
|
|t:|1779948983
|switch|p1a: Mienshao|Mienshao, F|100/100 brn
|move|p2a: Dragonite|Outrage|p1a: Mienshao|[from] lockedmove
|-damage|p1a: Mienshao|1/100 brn
|-start|p2a: Dragonite|confusion|[fatigue]
|
|-weather|Snowscape|[upkeep]
|-damage|p1a: Mienshao|0 fnt|[from] brn
|faint|p1a: Mienshao
|upkeep
|
|t:|1779948986
|switch|p1a: Regieleki|Regieleki|85/100
|turn|31
|
|t:|1779948994
|switch|p2a: Slowking|Slowking-Galar, F|100/100
|-terastallize|p1a: Regieleki|Fairy
|move|p1a: Regieleki|Rapid Spin|p2a: Slowking
|-damage|p2a: Slowking|90/100
|-boost|p1a: Regieleki|spe|1
|-sideend|p1: aaagislash|Stealth Rock|[from] move: Rapid Spin|[of] p1a: Regieleki
|
|-weather|Snowscape|[upkeep]
|-heal|p2a: Slowking|96/100|[from] item: Leftovers
|upkeep
|turn|32
|-message|aaagislash forfeited.
|
|win|badteamsub
|raw|aaagislash's rating: 1503 &rarr; <strong>1483</strong><br />(-20 for losing)
|raw|badteamsub's rating: 1498 &rarr; <strong>1518</strong><br />(+20 for winning)
|l|‽aaagislash
|player|p1|
|l|☆badteamsub
|player|p2|
