|j|☆Gulptubus
|j|☆1 euro de l'H
|t:|1779958495
|gametype|singles
|player|p1|Gulptubus|pokemonranger-gen4|1750
|player|p2|1 euro de l'H|artist-gen4|1737
|gen|9
|tier|[Gen 9] OU
|rated|
|rule|HP Percentage Mod: HP is shown in percentages
|rule|Endless Battle Clause: Forcing endless battles is banned
|rule|Species Clause: Limit one of each Pokémon
|rule|OHKO Clause: OHKO moves are banned
|rule|Evasion Items Clause: Evasion items are banned
|rule|Evasion Moves Clause: Evasion moves are banned
|rule|Evasion Abilities Clause: Evasion abilities are banned
|rule|Sleep Moves Clause: Sleep-inducing moves are banned
|clearpoke
|poke|p1|Zamazenta-*|
|poke|p1|Zoroark-Hisui, F|
|poke|p1|Hoopa-Unbound|
|poke|p1|Iron Treads|
|poke|p1|Hydrapple, F|
|poke|p1|Iron Moth|
|poke|p2|Garganacl, M|
|poke|p2|Pecharunt|
|poke|p2|Ogerpon-Wellspring, F|
|poke|p2|Weavile, F|
|poke|p2|Great Tusk|
|poke|p2|Tornadus-Therian, M|
|teampreview
|j| ParticlezZ
|
|t:|1779958541
|teamsize|p1|6
|teamsize|p2|6
|start
|switch|p1a: Iron Moth|Iron Moth|100/100
|switch|p2a: Garganacl|Garganacl, M|100/100
|turn|1
|
|t:|1779958546
|-end|p1a: Iron Moth|Quark Drive|[silent]
|switch|p1a: Hydrapple|Hydrapple, F|100/100
|move|p2a: Garganacl|Salt Cure|p1a: Hydrapple
|-damage|p1a: Hydrapple|92/100
|-start|p1a: Hydrapple|Salt Cure
|
|-damage|p1a: Hydrapple|80/100|[from] Salt Cure
|upkeep
|turn|2
|
|t:|1779958549
|move|p1a: Hydrapple|Nasty Plot|p1a: Hydrapple
|-boost|p1a: Hydrapple|spa|2
|move|p2a: Garganacl|Stealth Rock|p1a: Hydrapple
|-sidestart|p1: Gulptubus|move: Stealth Rock
|
|-damage|p1a: Hydrapple|67/100|[from] Salt Cure
|upkeep
|turn|3
|
|t:|1779958552
|move|p2a: Garganacl|Protect|p2a: Garganacl
|-singleturn|p2a: Garganacl|Protect
|move|p1a: Hydrapple|Earth Power|p2a: Garganacl
|-activate|p2a: Garganacl|move: Protect
|
|-damage|p1a: Hydrapple|55/100|[from] Salt Cure
|upkeep
|turn|4
|
|t:|1779958555
|switch|p2a: Tornadus|Tornadus-Therian, M|100/100
|move|p1a: Hydrapple|Fickle Beam|p2a: Tornadus|[anim] Fickle Beam All Out
|-activate|p1a: Hydrapple|move: Fickle Beam
|-damage|p2a: Tornadus|0 fnt
|faint|p2a: Tornadus
|
|-damage|p1a: Hydrapple|43/100|[from] Salt Cure
|upkeep
|c|☆1 euro de l'H|k
|c|☆1 euro de l'H|ofc
|
|t:|1779958562
|switch|p2a: Weavile|Weavile, F|100/100
|-ability|p2a: Weavile|Pressure
|turn|5
|
|t:|1779958572
|switch|p1a: Iron Treads|Iron Treads|100/100
|-damage|p1a: Iron Treads|98/100|[from] Stealth Rock
|move|p2a: Weavile|Triple Axel|p1a: Iron Treads
|-damage|p1a: Iron Treads|90/100
|-damage|p1a: Iron Treads|74/100
|-damage|p1a: Iron Treads|52/100
|-hitcount|p1a: Iron Treads|3
|
|-heal|p1a: Iron Treads|58/100|[from] item: Leftovers
|upkeep
|turn|6
|
|t:|1779958579
|switch|p2a: Pecharunt|Pecharunt|100/100
|move|p1a: Iron Treads|Earthquake|p2a: Pecharunt
|-supereffective|p2a: Pecharunt
|-damage|p2a: Pecharunt|62/100
|
|-heal|p1a: Iron Treads|64/100|[from] item: Leftovers
|upkeep
|turn|7
|
|t:|1779958584
|switch|p2a: Ogerpon|Ogerpon-Wellspring, F|100/100
|move|p1a: Iron Treads|Stealth Rock|p2a: Ogerpon
|-sidestart|p2: 1 euro de l'H|move: Stealth Rock
|
|-heal|p1a: Iron Treads|70/100|[from] item: Leftovers
|upkeep
|turn|8
|
|t:|1779958588
|-end|p1a: Iron Treads|Quark Drive|[silent]
|switch|p1a: Hydrapple|Hydrapple, F|76/100
|-damage|p1a: Hydrapple|64/100|[from] Stealth Rock
|move|p2a: Ogerpon|Ivy Cudgel|p1a: Hydrapple|[anim] Ivy Cudgel Water
|-resisted|p1a: Hydrapple
|-damage|p1a: Hydrapple|56/100
|
|upkeep
|turn|9
|
|t:|1779958592
|move|p2a: Ogerpon|Knock Off|p1a: Hydrapple
|-damage|p1a: Hydrapple|33/100
|-damage|p2a: Ogerpon|84/100|[from] item: Rocky Helmet|[of] p1a: Hydrapple
|-enditem|p1a: Hydrapple|Rocky Helmet|[from] move: Knock Off|[of] p2a: Ogerpon
|move|p1a: Hydrapple|Fickle Beam|p2a: Ogerpon
|-damage|p2a: Ogerpon|49/100
|
|upkeep
|turn|10
|
|t:|1779958597
|move|p2a: Ogerpon|Spikes|p1a: Hydrapple
|-sidestart|p1: Gulptubus|Spikes
|move|p1a: Hydrapple|Giga Drain|p2a: Ogerpon
|-damage|p2a: Ogerpon|12/100
|-heal|p1a: Hydrapple|46/100|[from] drain|[of] p2a: Ogerpon
|
|upkeep
|turn|11
|
|t:|1779958600
|move|p2a: Ogerpon|Spikes|p1a: Hydrapple
|-sidestart|p1: Gulptubus|Spikes
|move|p1a: Hydrapple|Giga Drain|p2a: Ogerpon
|-damage|p2a: Ogerpon|0 fnt
|-heal|p1a: Hydrapple|50/100|[from] drain|[of] p2a: Ogerpon
|faint|p2a: Ogerpon
|
|upkeep
|
|t:|1779958602
|switch|p2a: Weavile|Weavile, F|100/100
|-ability|p2a: Weavile|Pressure
|turn|12
|
|t:|1779958611
|switch|p1a: Zamazenta|Zamazenta|100/100
|-damage|p1a: Zamazenta|94/100|[from] Stealth Rock
|-damage|p1a: Zamazenta|78/100|[from] Spikes
|-ability|p1a: Zamazenta|Dauntless Shield|boost
|-boost|p1a: Zamazenta|def|1
|move|p2a: Weavile|Triple Axel|p1a: Zamazenta
|-damage|p1a: Zamazenta|73/100
|-damage|p1a: Zamazenta|63/100
|-damage|p1a: Zamazenta|47/100
|-hitcount|p1a: Zamazenta|3
|
|-heal|p1a: Zamazenta|53/100|[from] item: Leftovers
|upkeep
|turn|13
|
|t:|1779958617
|switch|p2a: Pecharunt|Pecharunt|62/100
|move|p1a: Zamazenta|Roar|p2a: Pecharunt
|drag|p2a: Great Tusk|Great Tusk|100/100
|
|-heal|p1a: Zamazenta|59/100|[from] item: Leftovers
|upkeep
|turn|14
|
|t:|1779958622
|move|p1a: Zamazenta|Iron Defense|p1a: Zamazenta
|-boost|p1a: Zamazenta|def|2
|move|p2a: Great Tusk|Rapid Spin|p1a: Zamazenta
|-damage|p1a: Zamazenta|55/100
|-boost|p2a: Great Tusk|spe|1
|-sideend|p2: 1 euro de l'H|Stealth Rock|[from] move: Rapid Spin|[of] p2a: Great Tusk
|
|-heal|p1a: Zamazenta|61/100|[from] item: Leftovers
|upkeep
|turn|15
|
|t:|1779958624
|-end|p2a: Great Tusk|Protosynthesis|[silent]
|switch|p2a: Pecharunt|Pecharunt|62/100
|move|p1a: Zamazenta|Body Press|p2a: Pecharunt
|-immune|p2a: Pecharunt
|
|-heal|p1a: Zamazenta|67/100|[from] item: Leftovers
|upkeep
|turn|16
|
|t:|1779958626
|move|p2a: Pecharunt|Malignant Chain|p1a: Zamazenta
|-damage|p1a: Zamazenta|37/100
|-status|p1a: Zamazenta|tox
|-start|p1a: Zamazenta|confusion|[from] ability: Poison Puppeteer|[of] p2a: Pecharunt
|-activate|p1a: Zamazenta|confusion
|-damage|p1a: Zamazenta|33/100 tox|[from] confusion
|
|-heal|p1a: Zamazenta|40/100 tox|[from] item: Leftovers
|-damage|p1a: Zamazenta|33/100 tox|[from] psn
|upkeep
|turn|17
|
|t:|1779958630
|move|p2a: Pecharunt|Recover|p2a: Pecharunt
|-heal|p2a: Pecharunt|100/100
|-activate|p1a: Zamazenta|confusion
|-damage|p1a: Zamazenta|30/100 tox|[from] confusion
|
|-heal|p1a: Zamazenta|36/100 tox|[from] item: Leftovers
|-damage|p1a: Zamazenta|24/100 tox|[from] psn
|upkeep
|turn|18
|
|t:|1779958635
|-activate|p1a: Zamazenta|confusion
|move|p1a: Zamazenta|Heavy Slam|p2a: Pecharunt
|-crit|p2a: Pecharunt
|-damage|p2a: Pecharunt|79/100
|move|p2a: Pecharunt|Foul Play|p1a: Zamazenta
|-resisted|p1a: Zamazenta
|-damage|p1a: Zamazenta|20/100 tox
|
|-heal|p1a: Zamazenta|26/100 tox|[from] item: Leftovers
|-damage|p1a: Zamazenta|8/100 tox|[from] psn
|upkeep
|turn|19
|
|t:|1779958639
|-end|p1a: Zamazenta|confusion
|move|p1a: Zamazenta|Heavy Slam|p2a: Pecharunt
|-damage|p2a: Pecharunt|63/100
|move|p2a: Pecharunt|Recover|p2a: Pecharunt
|-heal|p2a: Pecharunt|100/100
|
|-heal|p1a: Zamazenta|14/100 tox|[from] item: Leftovers
|-damage|p1a: Zamazenta|0 fnt|[from] psn
|faint|p1a: Zamazenta
|upkeep
|
|t:|1779958644
|switch|p1a: Iron Treads|Iron Treads|100/100
|-damage|p1a: Iron Treads|88/100|[from] Stealth Rock
|-damage|p1a: Iron Treads|72/100|[from] Spikes
|turn|20
|
|t:|1779958647
|switch|p2a: Garganacl|Garganacl, M|100/100
|move|p1a: Iron Treads|Shadow Ball|p2a: Garganacl
|-damage|p2a: Garganacl|80/100
|-unboost|p2a: Garganacl|spd|1
|
|-heal|p2a: Garganacl|86/100|[from] item: Leftovers
|upkeep
|turn|21
|
|t:|1779958657
|switch|p1a: Hydrapple|Hydrapple, F|84/100
|-damage|p1a: Hydrapple|71/100|[from] Stealth Rock
|-damage|p1a: Hydrapple|55/100|[from] Spikes
|move|p2a: Garganacl|Salt Cure|p1a: Hydrapple
|-damage|p1a: Hydrapple|47/100
|-start|p1a: Hydrapple|Salt Cure
|
|-heal|p2a: Garganacl|92/100|[from] item: Leftovers
|-damage|p1a: Hydrapple|34/100|[from] Salt Cure
|upkeep
|turn|22
|
|t:|1779958663
|switch|p2a: Weavile|Weavile, F|100/100
|-ability|p2a: Weavile|Pressure
|move|p1a: Hydrapple|Giga Drain|p2a: Weavile
|-damage|p2a: Weavile|60/100
|-heal|p1a: Hydrapple|48/100|[from] drain|[of] p2a: Weavile
|
|-damage|p1a: Hydrapple|36/100|[from] Salt Cure
|upkeep
|turn|23
|
|t:|1779958674
|move|p2a: Weavile|Triple Axel|p1a: Hydrapple
|-supereffective|p1a: Hydrapple
|-damage|p1a: Hydrapple|14/100
|-hitcount|p1a: Hydrapple|1
|move|p1a: Hydrapple|Giga Drain|p2a: Weavile
|-damage|p2a: Weavile|14/100
|-heal|p1a: Hydrapple|30/100|[from] drain|[of] p2a: Weavile
|
|-damage|p1a: Hydrapple|18/100|[from] Salt Cure
|upkeep
|turn|24
|c|☆1 euro de l'H|k
|
|t:|1779958679
|move|p2a: Weavile|Knock Off|p1a: Hydrapple
|-damage|p1a: Hydrapple|0 fnt
|faint|p1a: Hydrapple
|
|upkeep
|
|t:|1779958694
|switch|p1a: Iron Moth|Iron Moth|100/100
|-damage|p1a: Iron Moth|76/100|[from] Stealth Rock
|-damage|p1a: Iron Moth|59/100|[from] Spikes
|turn|25
|
|t:|1779958699
|switch|p2a: Garganacl|Garganacl, M|92/100
|move|p1a: Iron Moth|Fiery Dance|p2a: Garganacl
|-resisted|p2a: Garganacl
|-damage|p2a: Garganacl|78/100
|
|-heal|p2a: Garganacl|84/100|[from] item: Leftovers
|upkeep
|turn|26
|
|t:|1779958705
|-end|p1a: Iron Moth|Quark Drive|[silent]
|switch|p1a: Hoopa|Hoopa-Unbound|100/100
|-damage|p1a: Hoopa|88/100|[from] Stealth Rock
|-damage|p1a: Hoopa|71/100|[from] Spikes
|move|p2a: Garganacl|Salt Cure|p1a: Hoopa
|-damage|p1a: Hoopa|55/100
|-start|p1a: Hoopa|Salt Cure
|
|-heal|p2a: Garganacl|91/100|[from] item: Leftovers
|-damage|p1a: Hoopa|42/100|[from] Salt Cure
|upkeep
|turn|27
|
|t:|1779958709
|move|p1a: Hoopa|Knock Off|p2a: Garganacl
|-damage|p2a: Garganacl|58/100
|-enditem|p2a: Garganacl|Leftovers|[from] move: Knock Off|[of] p1a: Hoopa
|move|p2a: Garganacl|Recover|p2a: Garganacl
|-heal|p2a: Garganacl|100/100
|
|-damage|p1a: Hoopa|30/100|[from] Salt Cure
|upkeep
|turn|28
|
|t:|1779958712
|move|p1a: Hoopa|Drain Punch|p2a: Garganacl
|-supereffective|p2a: Garganacl
|-damage|p2a: Garganacl|66/100
|-heal|p1a: Hoopa|49/100|[from] drain|[of] p2a: Garganacl
|move|p2a: Garganacl|Salt Cure|p1a: Hoopa
|-damage|p1a: Hoopa|31/100
|
|-damage|p1a: Hoopa|19/100|[from] Salt Cure
|upkeep
|turn|29
|
|t:|1779958715
|move|p1a: Hoopa|Psychic Noise|p2a: Garganacl
|-damage|p2a: Garganacl|38/100
|-start|p2a: Garganacl|move: Heal Block
|cant|p2a: Garganacl|move: Heal Block|Recover
|
|-damage|p1a: Hoopa|6/100|[from] Salt Cure
|upkeep
|turn|30
|
|t:|1779958719
|move|p2a: Garganacl|Protect|p2a: Garganacl
|-singleturn|p2a: Garganacl|Protect
|move|p1a: Hoopa|Drain Punch|p2a: Garganacl
|-activate|p2a: Garganacl|move: Protect
|
|-damage|p1a: Hoopa|0 fnt|[from] Salt Cure
|faint|p1a: Hoopa
|-end|p2a: Garganacl|move: Heal Block
|upkeep
|
|t:|1779958722
|switch|p1a: Iron Treads|Iron Treads|72/100
|-damage|p1a: Iron Treads|59/100|[from] Stealth Rock
|-damage|p1a: Iron Treads|43/100|[from] Spikes
|turn|31
|
|t:|1779958728
|switch|p2a: Pecharunt|Pecharunt|100/100
|move|p1a: Iron Treads|Grass Knot|p2a: Pecharunt
|-resisted|p2a: Pecharunt
|-damage|p2a: Pecharunt|95/100
|
|upkeep
|turn|32
|
|t:|1779958734
|switch|p1a: Iron Treads|Iron Treads|70/100
|-damage|p1a: Iron Treads|67/100|[from] Stealth Rock
|-damage|p1a: Iron Treads|51/100|[from] Spikes
|move|p2a: Pecharunt|Foul Play|p1a: Iron Treads
|-damage|p1a: Iron Treads|34/100
|
|-heal|p1a: Iron Treads|40/100|[from] item: Leftovers
|upkeep
|turn|33
|
|t:|1779958739
|move|p1a: Iron Treads|Earthquake|p2a: Pecharunt
|-supereffective|p2a: Pecharunt
|-damage|p2a: Pecharunt|59/100
|move|p2a: Pecharunt|Parting Shot|p1a: Iron Treads
|-unboost|p1a: Iron Treads|atk|1
|-unboost|p1a: Iron Treads|spa|1
|
|t:|1779958742
|switch|p2a: Weavile|Weavile, F|14/100|[from] Parting Shot
|-ability|p2a: Weavile|Pressure
|
|-heal|p1a: Iron Treads|46/100|[from] item: Leftovers
|upkeep
|turn|34
|
|t:|1779958751
|-terastallize|p2a: Weavile|Ghost
|move|p2a: Weavile|Triple Axel|p1a: Iron Treads
|-damage|p1a: Iron Treads|39/100
|-damage|p1a: Iron Treads|24/100
|-damage|p1a: Iron Treads|0 fnt
|faint|p1a: Iron Treads
|-end|p1a: Iron Treads|Quark Drive|[silent]
|-hitcount|p1: Iron Treads|3
|
|upkeep
|
|t:|1779958758
|switch|p1a: Iron Moth|Iron Moth|59/100
|-damage|p1a: Iron Moth|34/100|[from] Stealth Rock
|-damage|p1a: Iron Moth|17/100|[from] Spikes
|turn|35
|
|t:|1779958762
|move|p2a: Weavile|Ice Shard|p1a: Iron Moth
|-resisted|p1a: Iron Moth
|-damage|p1a: Iron Moth|0 fnt
|faint|p1a: Iron Moth
|-end|p1a: Iron Moth|Quark Drive|[silent]
|
|upkeep
|
|t:|1779958764
|switch|p1a: Zoroark|Zoroark-Hisui, F|43/100
|-damage|p1a: Zoroark|31/100|[from] Stealth Rock
|-damage|p1a: Zoroark|14/100|[from] Spikes
|turn|36
|
|t:|1779958767
|move|p2a: Weavile|Ice Shard|p1a: Zoroark
|-damage|p1a: Zoroark|0 fnt
|faint|p1a: Zoroark
|
|win|1 euro de l'H
|raw|Gulptubus's rating: 1750 &rarr; <strong>1729</strong><br />(-21 for losing)
|raw|1 euro de l&apos;H's rating: 1737 &rarr; <strong>1758</strong><br />(+21 for winning)
|l|☆1 euro de l'H
|player|p2|
|l|☆Gulptubus
|player|p1|
|l| ParticlezZ
