|j|☆Lowladderubersnoob
|j|☆lol man1111
|inactive|Battle timer is ON: inactive players will automatically lose when time's up.
|t:|1779918918
|gametype|singles
|player|p1|Lowladderubersnoob|266|
|player|p2|lol man1111|gentleman-gen4|
|gen|9
|tier|[Gen 9] OU
|rated|Tournament battle
|rule|HP Percentage Mod: HP is shown in percentages
|rule|Endless Battle Clause: Forcing endless battles is banned
|rule|Species Clause: Limit one of each Pokémon
|rule|OHKO Clause: OHKO moves are banned
|rule|Evasion Items Clause: Evasion items are banned
|rule|Evasion Moves Clause: Evasion moves are banned
|rule|Evasion Abilities Clause: Evasion abilities are banned
|rule|Sleep Moves Clause: Sleep-inducing moves are banned
|clearpoke
|poke|p1|Araquanid, M|
|poke|p1|Gholdengo|
|poke|p1|Raging Bolt|
|poke|p1|Enamorus, F|
|poke|p1|Zamazenta-*|
|poke|p1|Ogerpon-Cornerstone, F|
|poke|p2|Hoopa|
|poke|p2|Scizor, M|
|poke|p2|Greninja-*, M|
|poke|p2|Tauros, M|
|poke|p2|Samurott-Hisui, F|
|poke|p2|Great Tusk|
|teampreview
|c|☆Lowladderubersnoob|Gl
|
|t:|1779918925
|teamsize|p1|6
|teamsize|p2|6
|start
|switch|p1a: Araquanid|Araquanid, M|100/100
|switch|p2a: Samurott|Samurott-Hisui, F|100/100
|turn|1
|
|t:|1779918929
|move|p2a: Samurott|Ceaseless Edge|p1a: Araquanid
|-damage|p1a: Araquanid|34/100
|-sidestart|p1: Lowladderubersnoob|Spikes
|move|p1a: Araquanid|Sticky Web|p2a: Samurott
|-sidestart|p2: lol man1111|move: Sticky Web
|
|upkeep
|turn|2
|
|t:|1779918934
|move|p2a: Samurott|Ceaseless Edge|p1a: Araquanid
|-damage|p1a: Araquanid|0 fnt
|-sidestart|p1: Lowladderubersnoob|Spikes
|faint|p1a: Araquanid
|
|upkeep
|c|☆lol man1111|u2
|
|t:|1779918942
|switch|p1a: Raging Bolt|Raging Bolt|100/100
|-damage|p1a: Raging Bolt|84/100|[from] Spikes
|-enditem|p1a: Raging Bolt|Booster Energy
|-activate|p1a: Raging Bolt|ability: Protosynthesis|[fromitem]
|-start|p1a: Raging Bolt|protosynthesisspa
|turn|3
|
|t:|1779918945
|switch|p2a: Great Tusk|Great Tusk|100/100
|move|p1a: Raging Bolt|Thunderbolt|p2a: Great Tusk
|-immune|p2a: Great Tusk
|
|upkeep
|turn|4
|
|t:|1779918950
|-end|p1a: Raging Bolt|Protosynthesis|[silent]
|switch|p1a: Gholdengo|Gholdengo|100/100
|-item|p1a: Gholdengo|Air Balloon
|move|p2a: Great Tusk|Smack Down|p1a: Gholdengo
|-resisted|p1a: Gholdengo
|-damage|p1a: Gholdengo|90/100
|-enditem|p1a: Gholdengo|Air Balloon
|
|upkeep
|turn|5
|c|☆lol man1111|mogged
|
|t:|1779918965
|switch|p1a: Enamorus|Enamorus, F|100/100
|move|p2a: Great Tusk|Rapid Spin|p1a: Enamorus
|-damage|p1a: Enamorus|70/100
|-boost|p2a: Great Tusk|spe|1
|-sideend|p2: lol man1111|Sticky Web|[from] move: Rapid Spin|[of] p2a: Great Tusk
|
|upkeep
|turn|6
|
|t:|1779918968
|move|p2a: Great Tusk|Smack Down|p1a: Enamorus
|-supereffective|p1a: Enamorus
|-damage|p1a: Enamorus|5/100
|-start|p1a: Enamorus|Smack Down
|move|p1a: Enamorus|Moonblast|p2a: Great Tusk
|-supereffective|p2a: Great Tusk
|-damage|p2a: Great Tusk|0 fnt
|faint|p2a: Great Tusk
|-end|p2a: Great Tusk|Protosynthesis|[silent]
|
|upkeep
|c|☆lol man1111|BRUh
|c|☆Lowladderubersnoob|Shit
|
|t:|1779918992
|switch|p2a: walmartlando|Tauros, M|100/100
|turn|7
|
|t:|1779918999
|move|p2a: walmartlando|Body Slam|p1a: Enamorus
|-damage|p1a: Enamorus|0 fnt
|faint|p1a: Enamorus
|
|upkeep
|
|t:|1779919004
|switch|p1a: Gholdengo|Gholdengo|90/100
|-damage|p1a: Gholdengo|74/100|[from] Spikes
|turn|8
|
|t:|1779919007
|move|p2a: walmartlando|Earthquake|p1a: Gholdengo
|-supereffective|p1a: Gholdengo
|-damage|p1a: Gholdengo|0 fnt
|faint|p1a: Gholdengo
|-damage|p2a: walmartlando|91/100|[from] item: Life Orb
|
|upkeep
|
|t:|1779919015
|switch|p1a: Raging Bolt|Raging Bolt|84/100
|-damage|p1a: Raging Bolt|67/100|[from] Spikes
|turn|9
|
|t:|1779919021
|move|p1a: Raging Bolt|Thunderclap|p2a: walmartlando
|-damage|p2a: walmartlando|26/100
|move|p2a: walmartlando|Earthquake|p1a: Raging Bolt
|-supereffective|p1a: Raging Bolt
|-damage|p1a: Raging Bolt|0 fnt
|faint|p1a: Raging Bolt
|-end|p1a: Raging Bolt|Protosynthesis|[silent]
|-damage|p2a: walmartlando|16/100|[from] item: Life Orb
|
|upkeep
|
|t:|1779919026
|switch|p1a: Ogerpon|Ogerpon-Cornerstone, F|100/100
|-damage|p1a: Ogerpon|84/100|[from] Spikes
|turn|10
|
|t:|1779919033
|move|p1a: Ogerpon|Ivy Cudgel|p2a: walmartlando|[anim] Ivy Cudgel Rock
|-damage|p2a: walmartlando|0 fnt
|faint|p2a: walmartlando
|
|upkeep
|
|t:|1779919042
|switch|p2a: Scizor|Scizor, M|100/100
|turn|11
|
|t:|1779919053
|move|p2a: Scizor|Bullet Punch|p1a: Ogerpon
|-supereffective|p1a: Ogerpon
|-damage|p1a: Ogerpon|0 fnt
|faint|p1a: Ogerpon
|
|upkeep
|
|t:|1779919055
|switch|p1a: Zamazenta|Zamazenta|100/100
|-damage|p1a: Zamazenta|84/100|[from] Spikes
|-ability|p1a: Zamazenta|Dauntless Shield|boost
|-boost|p1a: Zamazenta|def|1
|turn|12
|
|t:|1779919058
|move|p1a: Zamazenta|Close Combat|p2a: Scizor
|-damage|p2a: Scizor|30/100
|-unboost|p1a: Zamazenta|def|1
|-unboost|p1a: Zamazenta|spd|1
|-damage|p1a: Zamazenta|74/100|[from] item: Life Orb
|move|p2a: Scizor|Acrobatics|p1a: Zamazenta
|-supereffective|p1a: Zamazenta
|-damage|p1a: Zamazenta|2/100
|
|upkeep
|turn|13
|c|☆lol man1111|gg
|c|☆Lowladderubersnoob|Gg
|
|t:|1779919066
|move|p2a: Scizor|Bullet Punch|p1a: Zamazenta
|-damage|p1a: Zamazenta|0 fnt
|faint|p1a: Zamazenta
|
|win|lol man1111
|n|☆Lowladderubersnoob|lowladderubersnoob
|n|☆lol man1111|lolman1111
|l|☆Lowladderubersnoob
|player|p1|
