|j|☆claudechamp
|j|☆Ct3tha
|t:|1779907417
|gametype|singles
|player|p1|claudechamp|169|1214
|player|p2|Ct3tha|1|1223
|gen|9
|tier|[Gen 9] OU
|rated|
|rule|HP Percentage Mod: HP is shown in percentages
|rule|Endless Battle Clause: Forcing endless battles is banned
|rule|Species Clause: Limit one of each Pokémon
|rule|OHKO Clause: OHKO moves are banned
|rule|Evasion Items Clause: Evasion items are banned
|rule|Evasion Moves Clause: Evasion moves are banned
|rule|Evasion Abilities Clause: Evasion abilities are banned
|rule|Sleep Moves Clause: Sleep-inducing moves are banned
|clearpoke
|poke|p1|Gliscor, M|
|poke|p1|Ogerpon, F|
|poke|p1|Walking Wake|
|poke|p1|Blissey, F|
|poke|p1|Corviknight, F|
|poke|p1|Pecharunt|
|poke|p2|Regieleki|
|poke|p2|Kyurem|
|poke|p2|Rillaboom, F|
|poke|p2|Glimmora, M|
|poke|p2|Great Tusk|
|poke|p2|Hatterene, F|
|teampreview
|c|☆claudechamp|hf
|inactive|Battle timer is ON: inactive players will automatically lose when time's up. (requested by claudechamp)
|
|t:|1779907421
|teamsize|p1|6
|teamsize|p2|6
|start
|switch|p1a: Gliscor|Gliscor, M|100/100
|switch|p2a: Glimmora|Glimmora, M|100/100
|-item|p2a: Glimmora|Air Balloon
|turn|1
|
|t:|1779907424
|move|p2a: Glimmora|Energy Ball|p1a: Gliscor
|-damage|p1a: Gliscor|80/100
|move|p1a: Gliscor|Spikes|p2a: Glimmora
|-sidestart|p2: Ct3tha|Spikes
|
|-status|p1a: Gliscor|tox|[from] item: Toxic Orb
|upkeep
|turn|2
|
|t:|1779907429
|move|p2a: Glimmora|Stealth Rock|p1a: Gliscor
|-sidestart|p1: claudechamp|move: Stealth Rock
|move|p1a: Gliscor|Spikes|p2a: Glimmora
|-sidestart|p2: Ct3tha|Spikes
|
|-heal|p1a: Gliscor|92/100 tox|[from] ability: Poison Heal
|upkeep
|turn|3
|
|t:|1779907437
|switch|p2a: Great Tusk|Great Tusk|100/100
|-damage|p2a: Great Tusk|84/100|[from] Spikes
|-enditem|p2a: Great Tusk|Booster Energy
|-activate|p2a: Great Tusk|ability: Protosynthesis|[fromitem]
|-start|p2a: Great Tusk|protosynthesisatk
|move|p1a: Gliscor|Spikes|p2a: Great Tusk
|-sidestart|p2: Ct3tha|Spikes
|
|-heal|p1a: Gliscor|100/100 tox|[from] ability: Poison Heal
|upkeep
|turn|4
|
|t:|1779907441
|switch|p1a: Walking Wake|Walking Wake|100/100
|move|p2a: Great Tusk|Rapid Spin|p1a: Walking Wake
|-damage|p1a: Walking Wake|72/100
|-boost|p2a: Great Tusk|spe|1
|-sideend|p2: Ct3tha|Spikes|[from] move: Rapid Spin|[of] p2a: Great Tusk
|
|upkeep
|turn|5
|
|t:|1779907448
|move|p2a: Great Tusk|Supercell Slam|p1a: Walking Wake
|-damage|p1a: Walking Wake|22/100
|move|p1a: Walking Wake|Surf|p2a: Great Tusk
|-supereffective|p2a: Great Tusk
|-damage|p2a: Great Tusk|0 fnt
|faint|p2a: Great Tusk
|-end|p2a: Great Tusk|Protosynthesis|[silent]
|
|upkeep
|
|t:|1779907452
|switch|p2a: Rillaboom|Rillaboom, F|100/100
|-fieldstart|move: Grassy Terrain|[from] ability: Grassy Surge|[of] p2a: Rillaboom
|turn|6
|
|t:|1779907455
|move|p2a: Rillaboom|Fake Out|p1a: Walking Wake
|-damage|p1a: Walking Wake|3/100
|-damage|p2a: Rillaboom|91/100|[from] item: Life Orb
|cant|p1a: Walking Wake|flinch
|
|-heal|p1a: Walking Wake|9/100|[from] Grassy Terrain
|-heal|p2a: Rillaboom|97/100|[from] Grassy Terrain
|upkeep
|turn|7
|
|t:|1779907460
|-end|p1a: Walking Wake|Protosynthesis|[silent]
|switch|p1a: Pecharunt|Pecharunt|100/100
|move|p2a: Rillaboom|Grassy Glide|p1a: Pecharunt
|-resisted|p1a: Pecharunt
|-damage|p1a: Pecharunt|89/100
|-damage|p2a: Rillaboom|87/100|[from] item: Life Orb
|
|-heal|p2a: Rillaboom|93/100|[from] Grassy Terrain
|-heal|p1a: Pecharunt|95/100|[from] Grassy Terrain
|upkeep
|turn|8
|
|t:|1779907463
|move|p2a: Rillaboom|Knock Off|p1a: Pecharunt
|-supereffective|p1a: Pecharunt
|-damage|p1a: Pecharunt|52/100
|-enditem|p1a: Pecharunt|Heavy-Duty Boots|[from] move: Knock Off|[of] p2a: Rillaboom
|-damage|p2a: Rillaboom|83/100|[from] item: Life Orb
|move|p1a: Pecharunt|Malignant Chain|p2a: Rillaboom
|-supereffective|p2a: Rillaboom
|-damage|p2a: Rillaboom|0 fnt
|faint|p2a: Rillaboom
|
|-heal|p1a: Pecharunt|58/100|[from] Grassy Terrain
|upkeep
|
|t:|1779907469
|switch|p2a: Regieleki|Regieleki|100/100
|turn|9
|
|t:|1779907479
|switch|p2a: Glimmora|Glimmora, M|100/100
|-item|p2a: Glimmora|Air Balloon
|move|p1a: Pecharunt|Recover|p1a: Pecharunt
|-heal|p1a: Pecharunt|100/100
|
|upkeep
|turn|10
|
|t:|1779907484
|move|p2a: Glimmora|Spikes|p1a: Pecharunt
|-sidestart|p1: claudechamp|Spikes
|move|p1a: Pecharunt|Parting Shot|p2a: Glimmora
|-unboost|p2a: Glimmora|atk|1
|-unboost|p2a: Glimmora|spa|1
|
|t:|1779907487
|switch|p1a: Walking Wake|Walking Wake|9/100|[from] Parting Shot
|
|-heal|p1a: Walking Wake|16/100|[from] Grassy Terrain
|-fieldend|move: Grassy Terrain
|upkeep
|turn|11
|
|t:|1779907491
|switch|p2a: Hatterene|Hatterene, F|100/100
|move|p1a: Walking Wake|Surf|p2a: Hatterene
|-damage|p2a: Hatterene|56/100
|
|upkeep
|turn|12
|
|t:|1779907500
|move|p1a: Walking Wake|Surf|p2a: Hatterene
|-damage|p2a: Hatterene|6/100
|move|p2a: Hatterene|Draining Kiss|p1a: Walking Wake
|-supereffective|p1a: Walking Wake
|-damage|p1a: Walking Wake|0 fnt
|-heal|p2a: Hatterene|18/100|[from] drain|[of] p1a: Walking Wake
|faint|p1a: Walking Wake
|-end|p1a: Walking Wake|Protosynthesis|[silent]
|
|upkeep
|
|t:|1779907507
|switch|p1a: Ogerpon|Ogerpon, F|100/100
|turn|13
|
|t:|1779907513
|move|p1a: Ogerpon|Ivy Cudgel|p2a: Hatterene
|-damage|p2a: Hatterene|0 fnt
|faint|p2a: Hatterene
|
|upkeep
|
|t:|1779907521
|switch|p2a: Glimmora|Glimmora, M|100/100
|-item|p2a: Glimmora|Air Balloon
|turn|14
|
|t:|1779907531
|move|p1a: Ogerpon|Ivy Cudgel|p2a: Glimmora
|-damage|p2a: Glimmora|47/100
|-activate|p2a: Glimmora|ability: Toxic Debris
|-sidestart|p1: claudechamp|move: Toxic Spikes
|-enditem|p2a: Glimmora|Air Balloon
|move|p2a: Glimmora|Sludge Wave|p1a: Ogerpon
|-supereffective|p1a: Ogerpon
|-crit|p1a: Ogerpon
|-damage|p1a: Ogerpon|0 fnt
|faint|p1a: Ogerpon
|
|upkeep
|
|t:|1779907538
|switch|p1a: Gliscor|Gliscor, M|100/100 tox
|-damage|p1a: Gliscor|88/100 tox|[from] Stealth Rock
|turn|15
|l|☆Ct3tha
|inactive|Ct3tha disconnected and has a minute to reconnect!
|player|p2|
|inactive|Ct3tha has 30 seconds to reconnect!
|inactive|Ct3tha has 20 seconds to reconnect!
|inactive|Ct3tha has 15 seconds to reconnect!
|inactive|Ct3tha has 10 seconds to reconnect!
|inactive|Ct3tha has 5 seconds to reconnect!
|-message|Ct3tha lost due to inactivity.
|
|win|claudechamp
|raw|claudechamp's rating: 1214 &rarr; <strong>1240</strong><br />(+26 for winning)
|raw|Ct3tha's rating: 1223 &rarr; <strong>1197</strong><br />(-26 for losing)
|c|☆claudechamp|gg
