|j|☆ScolipedeIsGreat
|j|☆BiggieChed66
|t:|1779943090
|gametype|singles
|player|p1|ScolipedeIsGreat|dragontamer|1305
|player|p2|BiggieChed66|ghetsis-gen5bw|1252
|gen|9
|tier|[Gen 9] OU
|rated|
|rule|HP Percentage Mod: HP is shown in percentages
|rule|Endless Battle Clause: Forcing endless battles is banned
|rule|Species Clause: Limit one of each Pokémon
|rule|OHKO Clause: OHKO moves are banned
|rule|Evasion Items Clause: Evasion items are banned
|rule|Evasion Moves Clause: Evasion moves are banned
|rule|Evasion Abilities Clause: Evasion abilities are banned
|rule|Sleep Moves Clause: Sleep-inducing moves are banned
|clearpoke
|poke|p1|Dragapult, M|
|poke|p1|Rotom-Wash|
|poke|p1|Ursaluna, F|
|poke|p1|Great Tusk|
|poke|p1|Iron Moth|
|poke|p1|Moltres-Galar|
|poke|p2|Gholdengo|
|poke|p2|Iron Treads|
|poke|p2|Zamazenta-*|
|poke|p2|Samurott-Hisui, F|
|poke|p2|Garganacl, F|
|poke|p2|Heatran, F|
|teampreview
|inactive|Battle timer is ON: inactive players will automatically lose when time's up. (requested by ScolipedeIsGreat)
|
|t:|1779943103
|teamsize|p1|6
|teamsize|p2|6
|start
|switch|p1a: Great Tusk|Great Tusk|100/100
|switch|p2a: Samurott|Samurott-Hisui, F|100/100
|turn|1
|
|t:|1779943126
|move|p1a: Great Tusk|Brick Break|p2a: Samurott
|-supereffective|p2a: Samurott
|-enditem|p2a: Samurott|Focus Sash
|-damage|p2a: Samurott|1/100
|move|p2a: Samurott|Razor Shell|p1a: Great Tusk
|-supereffective|p1a: Great Tusk
|-damage|p1a: Great Tusk|27/100
|
|upkeep
|turn|2
|
|t:|1779943131
|move|p2a: Samurott|Sucker Punch|p1a: Great Tusk
|-resisted|p1a: Great Tusk
|-damage|p1a: Great Tusk|15/100
|move|p1a: Great Tusk|Rapid Spin|p2a: Samurott
|-damage|p2a: Samurott|0 fnt
|-boost|p1a: Great Tusk|spe|1
|faint|p2a: Samurott
|
|upkeep
|
|t:|1779943138
|switch|p2a: Iron Treads|Iron Treads|100/100
|-enditem|p2a: Iron Treads|Booster Energy
|-activate|p2a: Iron Treads|ability: Quark Drive|[fromitem]
|-start|p2a: Iron Treads|quarkdrivespe
|turn|3
|
|t:|1779943143
|move|p2a: Iron Treads|Earthquake|p1a: Great Tusk
|-damage|p1a: Great Tusk|0 fnt
|faint|p1a: Great Tusk
|-end|p1a: Great Tusk|Protosynthesis|[silent]
|
|upkeep
|
|t:|1779943152
|switch|p1a: Rotom|Rotom-Wash|100/100
|turn|4
|
|t:|1779943154
|move|p2a: Iron Treads|Stealth Rock|p1a: Rotom
|-sidestart|p1: ScolipedeIsGreat|move: Stealth Rock
|move|p1a: Rotom|Hydro Pump|p2a: Iron Treads
|-supereffective|p2a: Iron Treads
|-damage|p2a: Iron Treads|0 fnt
|faint|p2a: Iron Treads
|-end|p2a: Iron Treads|Quark Drive|[silent]
|-damage|p1a: Rotom|91/100|[from] item: Life Orb
|
|upkeep
|
|t:|1779943163
|switch|p2a: Garganacl|Garganacl, F|100/100
|turn|5
|
|t:|1779943168
|-terastallize|p2a: Garganacl|Water
|move|p1a: Rotom|Hydro Pump|p2a: Garganacl
|-resisted|p2a: Garganacl
|-damage|p2a: Garganacl|78/100
|-damage|p1a: Rotom|81/100|[from] item: Life Orb
|move|p2a: Garganacl|Salt Cure|p1a: Rotom
|-damage|p1a: Rotom|62/100
|-start|p1a: Rotom|Salt Cure
|
|-heal|p2a: Garganacl|84/100|[from] item: Leftovers
|-damage|p1a: Rotom|37/100|[from] Salt Cure
|upkeep
|turn|6
|
|t:|1779943177
|move|p2a: Garganacl|Protect|p2a: Garganacl
|-singleturn|p2a: Garganacl|Protect
|move|p1a: Rotom|Discharge|p2a: Garganacl
|-activate|p2a: Garganacl|move: Protect
|
|-heal|p2a: Garganacl|90/100|[from] item: Leftovers
|-damage|p1a: Rotom|12/100|[from] Salt Cure
|upkeep
|turn|7
|
|t:|1779943188
|switch|p2a: Heatran|Heatran, F, shiny|100/100
|move|p1a: Rotom|Discharge|p2a: Heatran
|-damage|p2a: Heatran|52/100
|-damage|p1a: Rotom|2/100|[from] item: Life Orb
|
|-heal|p2a: Heatran|58/100|[from] item: Leftovers
|-damage|p1a: Rotom|0 fnt|[from] Salt Cure
|faint|p1a: Rotom
|upkeep
|
|t:|1779943191
|switch|p1a: Luna|Ursaluna, F|100/100
|-damage|p1a: Luna|94/100|[from] Stealth Rock
|turn|8
|
|t:|1779943194
|move|p2a: Heatran|Magma Storm|p1a: Luna
|-damage|p1a: Luna|51/100
|-activate|p1a: Luna|move: Magma Storm|[of] p2a: Heatran
|move|p1a: Luna|Earthquake|p2a: Heatran
|-supereffective|p2a: Heatran
|-damage|p2a: Heatran|0 fnt
|faint|p2a: Heatran
|
|-end|p1a: Luna|Magma Storm|[partiallytrapped]|[silent]
|-status|p1a: Luna|brn|[from] item: Flame Orb
|upkeep
|
|t:|1779943200
|switch|p2a: Zamazenta|Zamazenta|100/100
|-ability|p2a: Zamazenta|Dauntless Shield|boost
|-boost|p2a: Zamazenta|def|1
|turn|9
|
|t:|1779943205
|move|p2a: Zamazenta|Close Combat|p1a: Luna
|-supereffective|p1a: Luna
|-damage|p1a: Luna|0 fnt
|-unboost|p2a: Zamazenta|def|1
|-unboost|p2a: Zamazenta|spd|1
|faint|p1a: Luna
|
|upkeep
|
|t:|1779943209
|switch|p1a: Dragapult|Dragapult, M|100/100
|-damage|p1a: Dragapult|88/100|[from] Stealth Rock
|turn|10
|
|t:|1779943211
|move|p1a: Dragapult|Will-O-Wisp|p2a: Zamazenta
|-status|p2a: Zamazenta|brn
|move|p2a: Zamazenta|Crunch|p1a: Dragapult
|-supereffective|p1a: Dragapult
|-damage|p1a: Dragapult|50/100
|
|-damage|p2a: Zamazenta|94/100 brn|[from] brn
|upkeep
|turn|11
|
|t:|1779943217
|move|p1a: Dragapult|Hex|p2a: Zamazenta
|-damage|p2a: Zamazenta|21/100 brn
|move|p2a: Zamazenta|Crunch|p1a: Dragapult
|-supereffective|p1a: Dragapult
|-damage|p1a: Dragapult|16/100
|
|-damage|p2a: Zamazenta|15/100 brn|[from] brn
|upkeep
|turn|12
|
|t:|1779943220
|move|p1a: Dragapult|Hex|p2a: Zamazenta
|-damage|p2a: Zamazenta|0 fnt
|faint|p2a: Zamazenta
|
|upkeep
|
|t:|1779943223
|switch|p2a: Gholdengo|Gholdengo|100/100
|turn|13
|
|t:|1779943226
|move|p2a: Gholdengo|Shadow Ball|p1a: Dragapult
|-supereffective|p1a: Dragapult
|-damage|p1a: Dragapult|0 fnt
|faint|p1a: Dragapult
|
|upkeep
|
|t:|1779943234
|switch|p1a: Sol|Iron Moth|100/100
|-damage|p1a: Sol|76/100|[from] Stealth Rock
|-enditem|p1a: Sol|Booster Energy
|-activate|p1a: Sol|ability: Quark Drive|[fromitem]
|-start|p1a: Sol|quarkdrivespe
|turn|14
|
|t:|1779943238
|switch|p2a: Garganacl|Garganacl, F, tera:Water|90/100
|move|p1a: Sol|Fiery Dance|p2a: Garganacl
|-resisted|p2a: Garganacl
|-damage|p2a: Garganacl|76/100
|
|-heal|p2a: Garganacl|82/100|[from] item: Leftovers
|upkeep
|turn|15
|
|t:|1779943243
|move|p1a: Sol|Energy Ball|p2a: Garganacl
|-supereffective|p2a: Garganacl
|-damage|p2a: Garganacl|40/100
|move|p2a: Garganacl|Salt Cure|p1a: Sol
|-supereffective|p1a: Sol
|-damage|p1a: Sol|37/100
|-start|p1a: Sol|Salt Cure
|
|-heal|p2a: Garganacl|46/100|[from] item: Leftovers
|-damage|p1a: Sol|24/100|[from] Salt Cure
|upkeep
|turn|16
|
|t:|1779943246
|move|p2a: Garganacl|Protect|p2a: Garganacl
|-singleturn|p2a: Garganacl|Protect
|move|p1a: Sol|Energy Ball|p2a: Garganacl
|-activate|p2a: Garganacl|move: Protect
|
|-heal|p2a: Garganacl|52/100|[from] item: Leftovers
|-damage|p1a: Sol|12/100|[from] Salt Cure
|upkeep
|turn|17
|
|t:|1779943251
|move|p1a: Sol|Energy Ball|p2a: Garganacl
|-supereffective|p2a: Garganacl
|-damage|p2a: Garganacl|14/100
|move|p2a: Garganacl|Recover|p2a: Garganacl
|-heal|p2a: Garganacl|64/100
|
|-heal|p2a: Garganacl|71/100|[from] item: Leftovers
|-damage|p1a: Sol|0 fnt|[from] Salt Cure
|faint|p1a: Sol
|-end|p1a: Sol|Quark Drive|[silent]
|upkeep
|
|t:|1779943253
|switch|p1a: Freak Emote|Moltres-Galar|100/100
|-damage|p1a: Freak Emote|76/100|[from] Stealth Rock
|turn|18
|
|t:|1779943258
|-terastallize|p1a: Freak Emote|Stellar
|move|p1a: Freak Emote|Fiery Wrath|p2a: Garganacl
|-damage|p2a: Garganacl|33/100
|move|p2a: Garganacl|Salt Cure|p1a: Freak Emote
|-supereffective|p1a: Freak Emote
|-damage|p1a: Freak Emote|45/100
|-start|p1a: Freak Emote|Salt Cure
|-ability|p1a: Freak Emote|Berserk|boost
|-boost|p1a: Freak Emote|spa|1
|-enditem|p1a: Freak Emote|Sitrus Berry|[eat]
|-heal|p1a: Freak Emote|70/100|[from] item: Sitrus Berry
|
|-heal|p2a: Garganacl|40/100|[from] item: Leftovers
|-damage|p1a: Freak Emote|58/100|[from] Salt Cure
|upkeep
|turn|19
|
|t:|1779943264
|move|p2a: Garganacl|Protect|p2a: Garganacl
|-singleturn|p2a: Garganacl|Protect
|move|p1a: Freak Emote|Agility|p1a: Freak Emote
|-boost|p1a: Freak Emote|spe|2
|
|-heal|p2a: Garganacl|46/100|[from] item: Leftovers
|-damage|p1a: Freak Emote|45/100|[from] Salt Cure
|upkeep
|turn|20
|
|t:|1779943269
|move|p1a: Freak Emote|Fiery Wrath|p2a: Garganacl
|-damage|p2a: Garganacl|4/100
|cant|p2a: Garganacl|flinch
|
|-heal|p2a: Garganacl|10/100|[from] item: Leftovers
|-damage|p1a: Freak Emote|33/100|[from] Salt Cure
|upkeep
|turn|21
|
|t:|1779943274
|move|p2a: Garganacl|Protect|p2a: Garganacl
|-singleturn|p2a: Garganacl|Protect
|move|p1a: Freak Emote|Agility|p1a: Freak Emote
|-boost|p1a: Freak Emote|spe|2
|
|-heal|p2a: Garganacl|16/100|[from] item: Leftovers
|-damage|p1a: Freak Emote|20/100|[from] Salt Cure
|upkeep
|turn|22
|
|t:|1779943279
|move|p1a: Freak Emote|Fiery Wrath|p2a: Garganacl
|-damage|p2a: Garganacl|0 fnt
|faint|p2a: Garganacl
|
|-damage|p1a: Freak Emote|8/100|[from] Salt Cure
|upkeep
|
|t:|1779943280
|switch|p2a: Gholdengo|Gholdengo|100/100
|turn|23
|
|t:|1779943284
|move|p1a: Freak Emote|Fiery Wrath|p2a: Gholdengo
|-supereffective|p2a: Gholdengo
|-damage|p2a: Gholdengo|0 fnt
|faint|p2a: Gholdengo
|
|win|ScolipedeIsGreat
|raw|ScolipedeIsGreat's rating: 1305 &rarr; <strong>1322</strong><br />(+17 for winning)
|raw|BiggieChed66's rating: 1252 &rarr; <strong>1231</strong><br />(-21 for losing)
|l|☆BiggieChed66
|player|p2|
|l|☆ScolipedeIsGreat
|player|p1|
