|j|☆yzyzyzyz
|j|☆Yangyi_31
|t:|1779968492
|gametype|singles
|player|p1|yzyzyzyz|170|1144
|player|p2|Yangyi_31|102|1188
|gen|9
|tier|[Gen 9] OU
|rated|
|rule|HP Percentage Mod: HP is shown in percentages
|rule|Endless Battle Clause: Forcing endless battles is banned
|rule|Species Clause: Limit one of each Pokémon
|rule|OHKO Clause: OHKO moves are banned
|rule|Evasion Items Clause: Evasion items are banned
|rule|Evasion Moves Clause: Evasion moves are banned
|rule|Evasion Abilities Clause: Evasion abilities are banned
|rule|Sleep Moves Clause: Sleep-inducing moves are banned
|clearpoke
|poke|p1|Skarmory, M|
|poke|p1|Toxapex, M|
|poke|p1|Dragonite, F|
|poke|p1|Clefable, F|
|poke|p1|Ting-Lu|
|poke|p1|Cinderace, F|
|poke|p2|Mimikyu, F|
|poke|p2|Gardevoir, F|
|poke|p2|Meowscarada, M|
|poke|p2|Garchomp, F|
|poke|p2|Umbreon, F|
|poke|p2|Gengar, F|
|teampreview
|
|t:|1779968503
|teamsize|p1|6
|teamsize|p2|6
|start
|switch|p1a: Toxic|Toxapex, M|100/100
|switch|p2a: Mimikyu|Mimikyu, F|100/100
|turn|1
|inactive|Battle timer is ON: inactive players will automatically lose when time's up. (requested by Yangyi_31)
|
|t:|1779968511
|move|p2a: Mimikyu|Swords Dance|p2a: Mimikyu
|-boost|p2a: Mimikyu|atk|2
|move|p1a: Toxic|Chilling Water|p2a: Mimikyu
|-activate|p2a: Mimikyu|ability: Disguise
|-damage|p2a: Mimikyu|100/100
|-unboost|p2a: Mimikyu|atk|1
|detailschange|p2a: Mimikyu|Mimikyu-Busted, F
|-damage|p2a: Mimikyu|88/100|[from] pokemon: Mimikyu-Busted
|
|upkeep
|turn|2
|c|☆Yangyi_31|你好
|
|t:|1779968531
|switch|p1a: Starscream|Skarmory, M|100/100
|move|p2a: Mimikyu|Shadow Claw|p1a: Starscream
|-damage|p1a: Starscream|68/100
|-damage|p2a: Mimikyu|78/100|[from] item: Life Orb
|
|-heal|p1a: Starscream|74/100|[from] item: Leftovers
|upkeep
|turn|3
|
|t:|1779968541
|move|p2a: Mimikyu|Swords Dance|p2a: Mimikyu
|-boost|p2a: Mimikyu|atk|2
|move|p1a: Starscream|Whirlwind|p2a: Mimikyu
|drag|p2a: Garchomp|Garchomp, F|100/100
|
|-heal|p1a: Starscream|80/100|[from] item: Leftovers
|upkeep
|turn|4
|
|t:|1779968550
|move|p2a: Garchomp|Stealth Rock|p1a: Starscream
|-sidestart|p1: yzyzyzyz|move: Stealth Rock
|move|p1a: Starscream|Stealth Rock|p2a: Garchomp
|-sidestart|p2: Yangyi_31|move: Stealth Rock
|
|-heal|p1a: Starscream|86/100|[from] item: Leftovers
|upkeep
|turn|5
|
|t:|1779968557
|move|p2a: Garchomp|Rock Slide|p1a: Starscream
|-damage|p1a: Starscream|71/100
|move|p1a: Starscream|Spikes|p2a: Garchomp
|-sidestart|p2: Yangyi_31|Spikes
|
|-heal|p1a: Starscream|77/100|[from] item: Leftovers
|upkeep
|turn|6
|
|t:|1779968572
|switch|p2a: Gardevoir|Gardevoir, F|100/100
|-damage|p2a: Gardevoir|88/100|[from] Stealth Rock
|-damage|p2a: Gardevoir|76/100|[from] Spikes
|-ability|p2a: Gardevoir|Keen Eye|Trace|[from] ability: Trace|[of] p1a: Starscream
|move|p1a: Starscream|Spikes|p2a: Gardevoir
|-sidestart|p2: Yangyi_31|Spikes
|
|-heal|p1a: Starscream|83/100|[from] item: Leftovers
|upkeep
|turn|7
|
|t:|1779968583
|switch|p1a: Greatwallofchina|Ting-Lu|100/100
|-damage|p1a: Greatwallofchina|94/100|[from] Stealth Rock
|-ability|p1a: Greatwallofchina|Vessel of Ruin
|move|p2a: Gardevoir|Thunderbolt|p1a: Greatwallofchina
|-immune|p1a: Greatwallofchina
|
|-heal|p1a: Greatwallofchina|100/100|[from] item: Leftovers
|upkeep
|turn|8
|
|t:|1779968604
|switch|p2a: Meowscarada|Meowscarada, M|100/100
|-damage|p2a: Meowscarada|88/100|[from] Stealth Rock
|-damage|p2a: Meowscarada|72/100|[from] Spikes
|move|p1a: Greatwallofchina|Earthquake|p2a: Meowscarada
|-resisted|p2a: Meowscarada
|-damage|p2a: Meowscarada|45/100
|
|upkeep
|turn|9
|
|t:|1779968624
|switch|p1a: Toxic|Toxapex, M|100/100
|-damage|p1a: Toxic|88/100|[from] Stealth Rock
|move|p2a: Meowscarada|Triple Axel|p1a: Toxic
|-start|p2a: Meowscarada|typechange|Ice|[from] ability: Protean
|-resisted|p1a: Toxic
|-damage|p1a: Toxic|85/100
|-resisted|p1a: Toxic
|-damage|p1a: Toxic|79/100
|-resisted|p1a: Toxic
|-damage|p1a: Toxic|71/100
|-hitcount|p1a: Toxic|3
|
|-heal|p1a: Toxic|77/100|[from] item: Leftovers
|upkeep
|turn|10
|inactive|Yangyi_31 has 120 seconds left.
|
|t:|1779968644
|move|p2a: Meowscarada|Flower Trick|p1a: Toxic
|-crit|p1a: Toxic
|-damage|p1a: Toxic|55/100
|move|p1a: Toxic|Toxic Spikes|p2a: Meowscarada
|-sidestart|p2: Yangyi_31|move: Toxic Spikes
|
|-heal|p1a: Toxic|62/100|[from] item: Leftovers
|upkeep
|turn|11
|
|t:|1779968652
|move|p2a: Meowscarada|Flower Trick|p1a: Toxic
|-crit|p1a: Toxic
|-damage|p1a: Toxic|41/100
|move|p1a: Toxic|Chilling Water|p2a: Meowscarada
|-damage|p2a: Meowscarada|29/100
|-unboost|p2a: Meowscarada|atk|1
|
|-heal|p1a: Toxic|47/100|[from] item: Leftovers
|upkeep
|turn|12
|
|t:|1779968663
|move|p2a: Meowscarada|Flower Trick|p1a: Toxic
|-crit|p1a: Toxic
|-damage|p1a: Toxic|25/100
|move|p1a: Toxic|Recover|p1a: Toxic
|-heal|p1a: Toxic|75/100
|
|-heal|p1a: Toxic|81/100|[from] item: Leftovers
|upkeep
|turn|13
|
|t:|1779968674
|move|p2a: Meowscarada|U-turn|p1a: Toxic
|-resisted|p1a: Toxic
|-damage|p1a: Toxic|77/100
|
|t:|1779968677
|switch|p2a: Gengar|Gengar, F|100/100|[from] U-turn
|-damage|p2a: Gengar|88/100|[from] Stealth Rock
|-item|p2a: Gengar|Air Balloon
|move|p1a: Toxic|Chilling Water|p2a: Gengar
|-damage|p2a: Gengar|71/100
|-unboost|p2a: Gengar|atk|1
|-enditem|p2a: Gengar|Air Balloon
|
|-heal|p1a: Toxic|83/100|[from] item: Leftovers
|upkeep
|turn|14
|
|t:|1779968691
|switch|p1a: Greatwallofchina|Ting-Lu|100/100
|-damage|p1a: Greatwallofchina|94/100|[from] Stealth Rock
|-ability|p1a: Greatwallofchina|Vessel of Ruin
|move|p2a: Gengar|Will-O-Wisp|p1a: Greatwallofchina
|-status|p1a: Greatwallofchina|brn
|
|-heal|p1a: Greatwallofchina|100/100 brn|[from] item: Leftovers
|-damage|p1a: Greatwallofchina|94/100 brn|[from] brn
|upkeep
|turn|15
|
|t:|1779968703
|move|p2a: Gengar|Focus Blast|p1a: Greatwallofchina
|-supereffective|p1a: Greatwallofchina
|-damage|p1a: Greatwallofchina|56/100 brn
|move|p1a: Greatwallofchina|Earthquake|p2a: Gengar
|-supereffective|p2a: Gengar
|-damage|p2a: Gengar|0 fnt
|faint|p2a: Gengar
|
|-heal|p1a: Greatwallofchina|62/100 brn|[from] item: Leftovers
|-damage|p1a: Greatwallofchina|56/100 brn|[from] brn
|upkeep
|inactive|Yangyi_31 has 120 seconds left.
|
|t:|1779968725
|switch|p2a: Mimikyu|Mimikyu-Busted, F|78/100
|-damage|p2a: Mimikyu|66/100|[from] Stealth Rock
|-damage|p2a: Mimikyu|50/100|[from] Spikes
|-status|p2a: Mimikyu|psn
|turn|16
|
|t:|1779968732
|move|p2a: Mimikyu|Play Rough|p1a: Greatwallofchina
|-supereffective|p1a: Greatwallofchina
|-damage|p1a: Greatwallofchina|8/100 brn
|-damage|p2a: Mimikyu|40/100 psn|[from] item: Life Orb
|move|p1a: Greatwallofchina|Spikes|p2a: Mimikyu
|-sidestart|p2: Yangyi_31|Spikes
|
|-heal|p1a: Greatwallofchina|14/100 brn|[from] item: Leftovers
|-damage|p2a: Mimikyu|27/100 psn|[from] psn
|-damage|p1a: Greatwallofchina|8/100 brn|[from] brn
|upkeep
|turn|17
|
|t:|1779968751
|move|p2a: Mimikyu|Shadow Claw|p1a: Greatwallofchina
|-resisted|p1a: Greatwallofchina
|-crit|p1a: Greatwallofchina
|-damage|p1a: Greatwallofchina|0 fnt
|faint|p1a: Greatwallofchina
|-damage|p2a: Mimikyu|17/100 psn|[from] item: Life Orb
|
|-damage|p2a: Mimikyu|5/100 psn|[from] psn
|upkeep
|
|t:|1779968762
|switch|p1a: Starscream|Skarmory, M|83/100
|-damage|p1a: Starscream|71/100|[from] Stealth Rock
|turn|18
|
|t:|1779968771
|move|p2a: Mimikyu|Shadow Claw|p1a: Starscream
|-crit|p1a: Starscream
|-damage|p1a: Starscream|40/100
|-damage|p2a: Mimikyu|0 fnt|[from] item: Life Orb
|faint|p2a: Mimikyu
|move|p1a: Starscream|Whirlwind|p2: Mimikyu|[notarget]
|-fail|p1a: Starscream
|
|-heal|p1a: Starscream|46/100|[from] item: Leftovers
|upkeep
|
|t:|1779968780
|switch|p2a: Gardevoir|Gardevoir, F|76/100
|-damage|p2a: Gardevoir|64/100|[from] Stealth Rock
|-damage|p2a: Gardevoir|39/100|[from] Spikes
|-status|p2a: Gardevoir|psn
|-ability|p2a: Gardevoir|Keen Eye|Trace|[from] ability: Trace|[of] p1a: Starscream
|turn|19
|
|t:|1779968796
|switch|p1a: Playboy bunny|Cinderace, F|100/100
|move|p2a: Gardevoir|Thunderbolt|p1a: Playboy bunny
|-damage|p1a: Playboy bunny|52/100
|
|-damage|p2a: Gardevoir|27/100 psn|[from] psn
|upkeep
|turn|20
|
|t:|1779968804
|move|p2a: Gardevoir|Thunderbolt|p1a: Playboy bunny
|-damage|p1a: Playboy bunny|1/100
|move|p1a: Playboy bunny|Flare Blitz|p2a: Gardevoir
|-damage|p2a: Gardevoir|0 fnt
|faint|p2a: Gardevoir
|-damage|p1a: Playboy bunny|0 fnt|[from] Recoil
|faint|p1a: Playboy bunny
|
|upkeep
|
|t:|1779968816
|switch|p1a: Starscream|Skarmory, M|46/100
|switch|p2a: Umbreon|Umbreon, F|100/100
|-damage|p1a: Starscream|33/100|[from] Stealth Rock
|-damage|p2a: Umbreon|88/100|[from] Stealth Rock
|-damage|p2a: Umbreon|63/100|[from] Spikes
|-status|p2a: Umbreon|psn
|turn|21
|
|t:|1779968825
|move|p1a: Starscream|Roost|p1a: Starscream
|-heal|p1a: Starscream|83/100
|-singleturn|p1a: Starscream|move: Roost
|move|p2a: Umbreon|Roar|p1a: Starscream
|drag|p1a: Diabetus|Dragonite, F|100/100
|
|-heal|p2a: Umbreon|69/100 psn|[from] item: Leftovers
|-damage|p2a: Umbreon|57/100 psn|[from] psn
|upkeep
|turn|22
|
|t:|1779968836
|move|p2a: Umbreon|Moonlight|p2a: Umbreon
|-heal|p2a: Umbreon|100/100 psn
|move|p1a: Diabetus|Dragon Tail|p2a: Umbreon
|-damage|p2a: Umbreon|78/100 psn
|drag|p2a: Meowscarada|Meowscarada, M|29/100
|-damage|p2a: Meowscarada|17/100|[from] Stealth Rock
|-damage|p2a: Meowscarada|0 fnt|[from] Spikes
|faint|p2a: Meowscarada
|
|upkeep
|
|t:|1779968851
|switch|p2a: Garchomp|Garchomp, F|100/100
|-damage|p2a: Garchomp|94/100|[from] Stealth Rock
|-damage|p2a: Garchomp|69/100|[from] Spikes
|-status|p2a: Garchomp|psn
|turn|23
|
|t:|1779968858
|move|p2a: Garchomp|Scale Shot|p1a: Diabetus|[miss]
|-miss|p2a: Garchomp|p1a: Diabetus
|move|p1a: Diabetus|Dragon Tail|p2a: Garchomp
|-supereffective|p2a: Garchomp
|-damage|p2a: Garchomp|15/100 psn
|-damage|p1a: Diabetus|88/100|[from] ability: Rough Skin|[of] p2a: Garchomp
|drag|p2a: Umbreon|Umbreon, F|78/100 psn
|-damage|p2a: Umbreon|65/100 psn|[from] Stealth Rock
|-damage|p2a: Umbreon|40/100 psn|[from] Spikes
|
|-heal|p2a: Umbreon|46/100 psn|[from] item: Leftovers
|-damage|p2a: Umbreon|34/100 psn|[from] psn
|upkeep
|turn|24
|c|☆Yangyi_31|gg
|-message|Yangyi_31 forfeited.
|
|win|yzyzyzyz
|raw|yzyzyzyz's rating: 1144 &rarr; <strong>1172</strong><br />(+28 for winning)
|raw|Yangyi_31's rating: 1188 &rarr; <strong>1160</strong><br />(-28 for losing)
|l|☆yzyzyzyz
|player|p1|
