|j|☆dooozdzdz
|j|☆psylxr
|t:|1779813927
|gametype|singles
|player|p1|dooozdzdz|tate|1693
|player|p2|psylxr|101|1686
|gen|9
|tier|[Gen 9] OU
|rated|
|rule|HP Percentage Mod: HP is shown in percentages
|rule|Endless Battle Clause: Forcing endless battles is banned
|rule|Species Clause: Limit one of each Pokémon
|rule|OHKO Clause: OHKO moves are banned
|rule|Evasion Items Clause: Evasion items are banned
|rule|Evasion Moves Clause: Evasion moves are banned
|rule|Evasion Abilities Clause: Evasion abilities are banned
|rule|Sleep Moves Clause: Sleep-inducing moves are banned
|clearpoke
|poke|p1|Grimmsnarl, M|
|poke|p1|Veluza, M|
|poke|p1|Great Tusk|
|poke|p1|Dragonite, M|
|poke|p1|Iron Moth|
|poke|p1|Maushold|
|poke|p2|Pelipper, F|
|poke|p2|Raging Bolt|
|poke|p2|Overqwil, F|
|poke|p2|Barraskewda, M|
|poke|p2|Iron Treads|
|poke|p2|Kingambit, M|
|teampreview
|
|t:|1779813943
|teamsize|p1|6
|teamsize|p2|6
|start
|switch|p1a: Grimmsnarl|Grimmsnarl, M|100/100
|switch|p2a: Iron Belly|Iron Treads|100/100
|-enditem|p2a: Iron Belly|Booster Energy
|-activate|p2a: Iron Belly|ability: Quark Drive|[fromitem]
|-start|p2a: Iron Belly|quarkdrivespe
|turn|1
|inactive|Battle timer is ON: inactive players will automatically lose when time's up. (requested by psylxr)
|
|t:|1779813951
|move|p1a: Grimmsnarl|Reflect|p1a: Grimmsnarl
|-sidestart|p1: dooozdzdz|Reflect
|move|p2a: Iron Belly|Stealth Rock|p1a: Grimmsnarl
|-sidestart|p1: dooozdzdz|move: Stealth Rock
|
|upkeep
|turn|2
|
|t:|1779813953
|move|p1a: Grimmsnarl|Light Screen|p1a: Grimmsnarl
|-sidestart|p1: dooozdzdz|move: Light Screen
|move|p2a: Iron Belly|Steel Beam|p1a: Grimmsnarl
|-supereffective|p1a: Grimmsnarl
|-damage|p1a: Grimmsnarl|58/100
|-damage|p2a: Iron Belly|50/100|[from] steelbeam
|
|upkeep
|turn|3
|
|t:|1779813958
|move|p1a: Grimmsnarl|Parting Shot|p2a: Iron Belly
|-unboost|p2a: Iron Belly|atk|1
|-unboost|p2a: Iron Belly|spa|1
|
|t:|1779813960
|switch|p1a: Maushold|Maushold|100/100|[from] Parting Shot
|-damage|p1a: Maushold|88/100|[from] Stealth Rock
|move|p2a: Iron Belly|Steel Beam|p1a: Maushold
|-damage|p1a: Maushold|63/100
|-damage|p2a: Iron Belly|0 fnt|[from] steelbeam
|faint|p2a: Iron Belly
|-end|p2a: Iron Belly|Quark Drive|[silent]
|
|upkeep
|
|t:|1779813972
|switch|p2a: Flip Flop|Barraskewda, M|100/100
|turn|4
|
|t:|1779813979
|switch|p1a: Veluza|Veluza, M|100/100
|-damage|p1a: Veluza|88/100|[from] Stealth Rock
|-ability|p1a: Veluza|Mold Breaker
|move|p2a: Flip Flop|Flip Turn|p1a: Veluza
|-resisted|p1a: Veluza
|-damage|p1a: Veluza|73/100
|
|t:|1779813983
|switch|p2a: Gulp Gulp|Pelipper, F|100/100|[from] Flip Turn
|-weather|RainDance|[from] ability: Drizzle|[of] p2a: Gulp Gulp
|
|-weather|RainDance|[upkeep]
|-heal|p1a: Veluza|79/100|[from] item: Leftovers
|upkeep
|turn|5
|
|t:|1779813988
|move|p1a: Veluza|Fillet Away|p1a: Veluza
|-boost|p1a: Veluza|atk|2
|-boost|p1a: Veluza|spa|2
|-boost|p1a: Veluza|spe|2
|-damage|p1a: Veluza|29/100
|move|p2a: Gulp Gulp|U-turn|p1a: Veluza
|-supereffective|p1a: Veluza
|-damage|p1a: Veluza|18/100
|
|t:|1779814011
|switch|p2a: Raging Neck|Raging Bolt|100/100|[from] U-turn
|-enditem|p2a: Raging Neck|Booster Energy
|-activate|p2a: Raging Neck|ability: Protosynthesis|[fromitem]
|-start|p2a: Raging Neck|protosynthesisspa
|
|-weather|RainDance|[upkeep]
|-heal|p1a: Veluza|24/100|[from] item: Leftovers
|upkeep
|turn|6
|
|t:|1779814017
|move|p1a: Veluza|Pain Split|p2a: Raging Neck
|-sethp|p2a: Raging Neck|61/100|[from] move: Pain Split|[silent]
|-sethp|p1a: Veluza|70/100|[from] move: Pain Split
|move|p2a: Raging Neck|Thunder|p1a: Veluza
|-supereffective|p1a: Veluza
|-crit|p1a: Veluza
|-damage|p1a: Veluza|0 fnt
|faint|p1a: Veluza
|
|-weather|RainDance|[upkeep]
|upkeep
|j| nepturee
|
|t:|1779814027
|switch|p1a: Maushold|Maushold|63/100
|-damage|p1a: Maushold|51/100|[from] Stealth Rock
|turn|7
|
|t:|1779814037
|move|p2a: Raging Neck|Thunderclap||[still]
|-fail|p2a: Raging Neck
|move|p1a: Maushold|Tidy Up|p1a: Maushold
|-sideend|p1: dooozdzdz|Stealth Rock
|-activate|p1a: Maushold|move: Tidy Up
|-boost|p1a: Maushold|atk|1
|-boost|p1a: Maushold|spe|1
|
|-weather|RainDance|[upkeep]
|upkeep
|turn|8
|
|t:|1779814040
|move|p1a: Maushold|Encore|p2a: Raging Neck
|-start|p2a: Raging Neck|Encore
|move|p2a: Raging Neck|Thunderclap||[still]
|-fail|p2a: Raging Neck
|
|-weather|RainDance|[upkeep]
|-sideend|p1: dooozdzdz|Reflect
|upkeep
|turn|9
|
|t:|1779814051
|-end|p2a: Raging Neck|Protosynthesis|[silent]
|switch|p2a: Queengambit|Kingambit, M|100/100
|-activate|p2a: Queengambit|ability: Supreme Overlord
|-start|p2a: Queengambit|fallen1|[silent]
|move|p1a: Maushold|Tidy Up|p1a: Maushold
|-boost|p1a: Maushold|atk|1
|-boost|p1a: Maushold|spe|1
|
|-weather|RainDance|[upkeep]
|-sideend|p1: dooozdzdz|move: Light Screen
|upkeep
|turn|10
|
|t:|1779814056
|move|p1a: Maushold|Population Bomb|p2a: Queengambit
|-resisted|p2a: Queengambit
|-damage|p2a: Queengambit|93/100
|-resisted|p2a: Queengambit
|-damage|p2a: Queengambit|86/100
|-resisted|p2a: Queengambit
|-damage|p2a: Queengambit|78/100
|-resisted|p2a: Queengambit
|-damage|p2a: Queengambit|70/100
|-resisted|p2a: Queengambit
|-damage|p2a: Queengambit|61/100
|-resisted|p2a: Queengambit
|-damage|p2a: Queengambit|53/100
|-resisted|p2a: Queengambit
|-damage|p2a: Queengambit|44/100
|-resisted|p2a: Queengambit
|-damage|p2a: Queengambit|37/100
|-resisted|p2a: Queengambit
|-damage|p2a: Queengambit|28/100
|-resisted|p2a: Queengambit
|-damage|p2a: Queengambit|20/100
|-hitcount|p2a: Queengambit|10
|move|p2a: Queengambit|Iron Head|p1a: Maushold
|-crit|p1a: Maushold
|-damage|p1a: Maushold|0 fnt
|faint|p1a: Maushold
|
|-weather|RainDance|[upkeep]
|-heal|p2a: Queengambit|26/100|[from] item: Leftovers
|upkeep
|
|t:|1779814066
|switch|p1a: Great Tusk|Great Tusk|100/100
|-enditem|p1a: Great Tusk|Booster Energy
|-activate|p1a: Great Tusk|ability: Protosynthesis|[fromitem]
|-start|p1a: Great Tusk|protosynthesisspe
|turn|11
|
|t:|1779814073
|move|p1a: Great Tusk|Earthquake|p2a: Queengambit
|-supereffective|p2a: Queengambit
|-damage|p2a: Queengambit|0 fnt
|faint|p2a: Queengambit
|-end|p2a: Queengambit|fallen1|[silent]
|
|-weather|none
|upkeep
|
|t:|1779814075
|switch|p2a: Gulp Gulp|Pelipper, F|100/100
|-weather|RainDance|[from] ability: Drizzle|[of] p2a: Gulp Gulp
|turn|12
|
|t:|1779814080
|-end|p1a: Great Tusk|Protosynthesis|[silent]
|switch|p1a: Grimmsnarl|Grimmsnarl, M|58/100
|move|p2a: Gulp Gulp|Weather Ball|p1a: Grimmsnarl
|-damage|p1a: Grimmsnarl|23/100
|
|-weather|RainDance|[upkeep]
|upkeep
|turn|13
|
|t:|1779814087
|move|p1a: Grimmsnarl|Light Screen|p1a: Grimmsnarl
|-sidestart|p1: dooozdzdz|move: Light Screen
|move|p2a: Gulp Gulp|U-turn|p1a: Grimmsnarl
|-damage|p1a: Grimmsnarl|12/100
|
|t:|1779814091
|switch|p2a: Raging Neck|Raging Bolt|61/100|[from] U-turn
|
|-weather|RainDance|[upkeep]
|upkeep
|turn|14
|
|t:|1779814096
|move|p1a: Grimmsnarl|Reflect|p1a: Grimmsnarl
|-sidestart|p1: dooozdzdz|Reflect
|move|p2a: Raging Neck|Weather Ball|p1a: Grimmsnarl
|-damage|p1a: Grimmsnarl|0 fnt
|faint|p1a: Grimmsnarl
|
|-weather|RainDance|[upkeep]
|upkeep
|
|t:|1779814103
|switch|p1a: Great Tusk|Great Tusk|100/100
|turn|15
|
|t:|1779814111
|move|p1a: Great Tusk|Earthquake|p2a: Raging Neck
|-supereffective|p2a: Raging Neck
|-damage|p2a: Raging Neck|0 fnt
|faint|p2a: Raging Neck
|-end|p2a: Raging Neck|Protosynthesis|[silent]
|
|-weather|RainDance|[upkeep]
|upkeep
|
|t:|1779814134
|switch|p2a: Flip Flop|Barraskewda, M|100/100
|turn|16
|
|t:|1779814141
|move|p2a: Flip Flop|Flip Turn|p1a: Great Tusk
|-supereffective|p1a: Great Tusk
|-damage|p1a: Great Tusk|52/100
|
|t:|1779814143
|switch|p2a: Gulp Gulp|Pelipper, F|100/100|[from] Flip Turn
|move|p1a: Great Tusk|Earthquake|p2a: Gulp Gulp
|-immune|p2a: Gulp Gulp
|
|-weather|RainDance|[upkeep]
|upkeep
|turn|17
|
|t:|1779814154
|move|p1a: Great Tusk|Stone Edge|p2a: Gulp Gulp
|-supereffective|p2a: Gulp Gulp
|-damage|p2a: Gulp Gulp|59/100
|move|p2a: Gulp Gulp|Weather Ball|p1a: Great Tusk
|-supereffective|p1a: Great Tusk
|-damage|p1a: Great Tusk|0 fnt
|faint|p1a: Great Tusk
|-end|p1a: Great Tusk|Protosynthesis|[silent]
|
|-weather|RainDance|[upkeep]
|upkeep
|
|t:|1779814159
|switch|p1a: Dragonite|Dragonite, M|100/100
|turn|18
|
|t:|1779814162
|move|p1a: Dragonite|Dragon Dance|p1a: Dragonite
|-boost|p1a: Dragonite|atk|1
|-boost|p1a: Dragonite|spe|1
|move|p2a: Gulp Gulp|U-turn|p1a: Dragonite
|-resisted|p1a: Dragonite
|-damage|p1a: Dragonite|99/100
|
|t:|1779814173
|switch|p2a: Spike|Overqwil, F|100/100|[from] U-turn
|
|-weather|RainDance|[upkeep]
|upkeep
|turn|19
|
|t:|1779814181
|move|p2a: Spike|Gunk Shot|p1a: Dragonite|[miss]
|-miss|p2a: Spike|p1a: Dragonite
|move|p1a: Dragonite|Dragon Dance|p1a: Dragonite
|-boost|p1a: Dragonite|atk|1
|-boost|p1a: Dragonite|spe|1
|
|-weather|none
|upkeep
|turn|20
|
|t:|1779814187
|move|p1a: Dragonite|Earthquake|p2a: Spike
|-supereffective|p2a: Spike
|-damage|p2a: Spike|0 fnt
|faint|p2a: Spike
|
|-sideend|p1: dooozdzdz|move: Light Screen
|upkeep
|
|t:|1779814198
|switch|p2a: Gulp Gulp|Pelipper, F|59/100
|-weather|RainDance|[from] ability: Drizzle|[of] p2a: Gulp Gulp
|turn|21
|
|t:|1779814203
|-terastallize|p1a: Dragonite|Normal
|move|p1a: Dragonite|Extreme Speed|p2a: Gulp Gulp
|-damage|p2a: Gulp Gulp|0 fnt
|faint|p2a: Gulp Gulp
|
|-weather|RainDance|[upkeep]
|-sideend|p1: dooozdzdz|Reflect
|upkeep
|
|t:|1779814205
|switch|p2a: Flip Flop|Barraskewda, M|100/100
|turn|22
|
|t:|1779814218
|-terastallize|p2a: Flip Flop|Water
|move|p1a: Dragonite|Extreme Speed|p2a: Flip Flop
|-damage|p2a: Flip Flop|0 fnt
|faint|p2a: Flip Flop
|
|win|dooozdzdz
|raw|dooozdzdz's rating: 1693 &rarr; <strong>1713</strong><br />(+20 for winning)
|raw|psylxr's rating: 1686 &rarr; <strong>1666</strong><br />(-20 for losing)
|l|☆psylxr
|player|p2|
|l|☆dooozdzdz
|player|p1|
|l| nepturee
