|j|☆valiantvriska
|j|☆24iomxx
|t:|1779961479
|gametype|singles
|player|p1|valiantvriska|carmine|1206
|player|p2|24iomxx|hilbert-masters|1174
|gen|9
|tier|[Gen 9] OU
|rated|
|rule|HP Percentage Mod: HP is shown in percentages
|rule|Endless Battle Clause: Forcing endless battles is banned
|rule|Species Clause: Limit one of each Pokémon
|rule|OHKO Clause: OHKO moves are banned
|rule|Evasion Items Clause: Evasion items are banned
|rule|Evasion Moves Clause: Evasion moves are banned
|rule|Evasion Abilities Clause: Evasion abilities are banned
|rule|Sleep Moves Clause: Sleep-inducing moves are banned
|clearpoke
|poke|p1|Iron Valiant|
|poke|p1|Pecharunt|
|poke|p1|Dragonite, F|
|poke|p1|Ogerpon-Wellspring, F|
|poke|p1|Kingambit, M|
|poke|p1|Cinderace, F|
|poke|p2|Hydreigon, F|
|poke|p2|Excadrill, M|
|poke|p2|Galvantula, F|
|poke|p2|Chandelure, F|
|poke|p2|Amoonguss, F|
|poke|p2|Braviary, M|
|teampreview
|inactive|Battle timer is ON: inactive players will automatically lose when time's up. (requested by 24iomxx)
|
|t:|1779961492
|teamsize|p1|6
|teamsize|p2|6
|start
|switch|p1a: Pecharunt|Pecharunt|100/100
|switch|p2a: Galvantula|Galvantula, F|100/100
|turn|1
|
|t:|1779961501
|move|p2a: Galvantula|Thunder Wave|p1a: Pecharunt
|-status|p1a: Pecharunt|par
|move|p1a: Pecharunt|Parting Shot|p2a: Galvantula
|-unboost|p2a: Galvantula|atk|1
|-unboost|p2a: Galvantula|spa|1
|
|t:|1779961510
|switch|p1a: Ogerpon|Ogerpon-Wellspring, F|100/100|[from] Parting Shot
|
|upkeep
|turn|2
|
|t:|1779961512
|move|p1a: Ogerpon|U-turn|p2a: Galvantula
|-damage|p2a: Galvantula|50/100
|
|t:|1779961515
|switch|p1a: Pecharunt|Pecharunt|100/100 par|[from] U-turn
|move|p2a: Galvantula|Thunder Wave|p1a: Pecharunt
|-fail|p1a: Pecharunt|par
|
|upkeep
|turn|3
|
|t:|1779961519
|switch|p2a: Braviary|Braviary, M|100/100
|move|p1a: Pecharunt|Malignant Chain|p2a: Braviary
|-damage|p2a: Braviary|64/100
|
|upkeep
|turn|4
|
|t:|1779961526
|move|p2a: Braviary|Agility|p2a: Braviary
|-boost|p2a: Braviary|spe|2
|move|p1a: Pecharunt|Malignant Chain|p2a: Braviary
|-damage|p2a: Braviary|25/100
|
|upkeep
|turn|5
|
|t:|1779961533
|switch|p2a: Excadrill|Excadrill, M|100/100
|-ability|p2a: Excadrill|Mold Breaker
|-item|p2a: Excadrill|Air Balloon
|cant|p1a: Pecharunt|par
|
|upkeep
|turn|6
|
|t:|1779961538
|switch|p2a: Braviary|Braviary, M|25/100
|move|p1a: Pecharunt|Parting Shot|p2a: Braviary
|-unboost|p2a: Braviary|atk|1
|-ability|p2a: Braviary|Defiant|boost
|-boost|p2a: Braviary|atk|2
|-unboost|p2a: Braviary|spa|1
|-ability|p2a: Braviary|Defiant|boost
|-boost|p2a: Braviary|atk|2
|
|t:|1779961541
|switch|p1a: Iron Valiant|Iron Valiant|100/100|[from] Parting Shot
|
|upkeep
|turn|7
|
|t:|1779961545
|move|p1a: Iron Valiant|Moonblast|p2a: Braviary
|-damage|p2a: Braviary|0 fnt
|faint|p2a: Braviary
|
|upkeep
|
|t:|1779961549
|switch|p2a: Excadrill|Excadrill, M|100/100
|-ability|p2a: Excadrill|Mold Breaker
|-item|p2a: Excadrill|Air Balloon
|turn|8
|
|t:|1779961551
|-end|p1a: Iron Valiant|Quark Drive|[silent]
|switch|p1a: Ogerpon|Ogerpon-Wellspring, F|100/100
|switch|p2a: Chandelure|Chandelure, F|100/100
|
|upkeep
|turn|9
|
|t:|1779961556
|switch|p2a: Amoonguss|Amoonguss, F|100/100
|move|p1a: Ogerpon|Ivy Cudgel|p2a: Amoonguss|[anim] Ivy Cudgel Water
|-resisted|p2a: Amoonguss
|-damage|p2a: Amoonguss|81/100
|
|-heal|p2a: Amoonguss|87/100|[from] item: Leftovers
|upkeep
|turn|10
|
|t:|1779961561
|move|p1a: Ogerpon|U-turn|p2a: Amoonguss
|-damage|p2a: Amoonguss|66/100
|
|t:|1779961563
|switch|p1a: Pecharunt|Pecharunt|100/100 par|[from] U-turn
|move|p2a: Amoonguss|Sludge Bomb|p1a: Pecharunt
|-resisted|p1a: Pecharunt
|-damage|p1a: Pecharunt|93/100 par
|
|-heal|p2a: Amoonguss|72/100|[from] item: Leftovers
|upkeep
|turn|11
|
|t:|1779961567
|move|p1a: Pecharunt|Parting Shot|p2a: Amoonguss
|-unboost|p2a: Amoonguss|atk|1
|-unboost|p2a: Amoonguss|spa|1
|
|t:|1779961569
|switch|p1a: Cinderace|Cinderace, F|100/100|[from] Parting Shot
|move|p2a: Amoonguss|Foul Play|p1a: Cinderace
|-damage|p1a: Cinderace|71/100
|
|-heal|p2a: Amoonguss|78/100|[from] item: Leftovers
|upkeep
|turn|12
|
|t:|1779961572
|switch|p2a: Chandelure|Chandelure, F|100/100
|move|p1a: Cinderace|Pyro Ball|p2a: Chandelure
|-start|p2a: Chandelure|ability: Flash Fire
|
|upkeep
|turn|13
|
|t:|1779961575
|move|p2a: Chandelure|Fire Blast|p1a: Cinderace
|-resisted|p1a: Cinderace
|-damage|p1a: Cinderace|18/100
|move|p1a: Cinderace|U-turn|p2a: Chandelure
|-resisted|p2a: Chandelure
|-damage|p2a: Chandelure|94/100
|
|t:|1779961579
|switch|p1a: Dragonite|Dragonite, F|100/100|[from] U-turn
|
|upkeep
|turn|14
|
|t:|1779961580
|move|p2a: Chandelure|Fire Blast|p1a: Dragonite
|-resisted|p1a: Dragonite
|-damage|p1a: Dragonite|74/100
|move|p1a: Dragonite|Dragon Dance|p1a: Dragonite
|-boost|p1a: Dragonite|atk|1
|-boost|p1a: Dragonite|spe|1
|
|upkeep
|turn|15
|
|t:|1779961584
|move|p2a: Chandelure|Fire Blast|p1a: Dragonite
|-resisted|p1a: Dragonite
|-damage|p1a: Dragonite|27/100
|move|p1a: Dragonite|Dragon Dance|p1a: Dragonite
|-boost|p1a: Dragonite|atk|1
|-boost|p1a: Dragonite|spe|1
|
|upkeep
|turn|16
|
|t:|1779961588
|move|p1a: Dragonite|Earthquake|p2a: Chandelure
|-supereffective|p2a: Chandelure
|-damage|p2a: Chandelure|0 fnt
|faint|p2a: Chandelure
|
|upkeep
|
|t:|1779961591
|switch|p2a: Amoonguss|Amoonguss, F|100/100
|turn|17
|
|t:|1779961593
|move|p1a: Dragonite|Ice Spinner|p2a: Amoonguss
|-supereffective|p2a: Amoonguss
|-damage|p2a: Amoonguss|11/100
|move|p2a: Amoonguss|Foul Play|p1a: Dragonite
|-damage|p1a: Dragonite|0 fnt
|faint|p1a: Dragonite
|
|-heal|p2a: Amoonguss|17/100|[from] item: Leftovers
|upkeep
|
|t:|1779961601
|switch|p1a: Cinderace|Cinderace, F|18/100
|turn|18
|
|t:|1779961607
|move|p1a: Cinderace|Pyro Ball|p2a: Amoonguss
|-supereffective|p2a: Amoonguss
|-damage|p2a: Amoonguss|0 fnt
|faint|p2a: Amoonguss
|
|upkeep
|
|t:|1779961608
|switch|p2a: Hydreigon|Hydreigon, F|100/100
|turn|19
|
|t:|1779961610
|move|p1a: Cinderace|U-turn|p2a: Hydreigon
|-supereffective|p2a: Hydreigon
|-damage|p2a: Hydreigon|60/100
|
|t:|1779961612
|switch|p1a: Ogerpon|Ogerpon-Wellspring, F|100/100|[from] U-turn
|move|p2a: Hydreigon|Substitute|p2a: Hydreigon
|-start|p2a: Hydreigon|Substitute
|-damage|p2a: Hydreigon|35/100
|
|-heal|p2a: Hydreigon|41/100|[from] item: Leftovers
|upkeep
|turn|20
|
|t:|1779961617
|move|p1a: Ogerpon|Encore|p2a: Hydreigon
|-start|p2a: Hydreigon|Encore
|move|p2a: Hydreigon|Substitute|p2a: Hydreigon
|-fail|p2a: Hydreigon|move: Substitute
|
|-heal|p2a: Hydreigon|47/100|[from] item: Leftovers
|upkeep
|turn|21
|
|t:|1779961620
|switch|p2a: Galvantula|Galvantula, F|50/100
|move|p1a: Ogerpon|U-turn|p2a: Galvantula
|-crit|p2a: Galvantula
|-damage|p2a: Galvantula|0 fnt
|faint|p2a: Galvantula
|
|t:|1779961623
|switch|p1a: Cinderace|Cinderace, F|18/100|[from] U-turn
|
|upkeep
|-message|24iomxx forfeited.
|
|win|valiantvriska
|raw|valiantvriska's rating: 1206 &rarr; <strong>1229</strong><br />(+23 for winning)
|raw|24iomxx's rating: 1174 &rarr; <strong>1151</strong><br />(-23 for losing)
|l|☆24iomxx
|player|p2|
|l|☆valiantvriska
|player|p1|
