|j|☆skimmelk
|j|‽Tattersfieldn
|t:|1779846366
|gametype|singles
|player|p1|skimmelk|2|
|player|p2|Tattersfieldn|twins-gen4dp|
|gen|9
|tier|[Gen 9] OU
|rule|HP Percentage Mod: HP is shown in percentages
|rule|Endless Battle Clause: Forcing endless battles is banned
|rule|Species Clause: Limit one of each Pokémon
|rule|OHKO Clause: OHKO moves are banned
|rule|Evasion Items Clause: Evasion items are banned
|rule|Evasion Moves Clause: Evasion moves are banned
|rule|Evasion Abilities Clause: Evasion abilities are banned
|rule|Sleep Moves Clause: Sleep-inducing moves are banned
|clearpoke
|poke|p1|Dragonite, F|
|poke|p1|Gholdengo|
|poke|p1|Rotom-Wash|
|poke|p1|Sinistcha|
|poke|p1|Reuniclus, F|
|poke|p1|Wo-Chien|
|poke|p2|Iron Hands|
|poke|p2|Snorlax, F|
|poke|p2|Skarmory, M|
|poke|p2|Staraptor, F|
|poke|p2|Deoxys-Defense|
|poke|p2|Emboar, F|
|teampreview
|
|t:|1779846380
|teamsize|p1|6
|teamsize|p2|6
|start
|switch|p1a: Rotom|Rotom-Wash|100/100
|switch|p2a: Skarmory|Skarmory, M|100/100
|turn|1
|
|t:|1779846389
|move|p1a: Rotom|Will-O-Wisp|p2a: Skarmory
|-status|p2a: Skarmory|brn
|move|p2a: Skarmory|Stealth Rock|p1a: Rotom
|-sidestart|p1: skimmelk|move: Stealth Rock
|
|-damage|p2a: Skarmory|95/100 brn|[from] brn
|upkeep
|turn|2
|
|t:|1779846404
|move|p1a: Rotom|Volt Switch|p2a: Skarmory
|-supereffective|p2a: Skarmory
|-damage|p2a: Skarmory|20/100 brn
|
|t:|1779846412
|switch|p1a: Reuniclus|Reuniclus, F, shiny|100/100|[from] Volt Switch
|move|p2a: Skarmory|Whirlwind|p1a: Reuniclus
|drag|p1a: Dragonite|Dragonite, F|100/100
|
|-damage|p2a: Skarmory|14/100 brn|[from] brn
|upkeep
|turn|3
|
|t:|1779846432
|switch|p1a: Rotom|Rotom-Wash|100/100
|-damage|p1a: Rotom|88/100|[from] Stealth Rock
|move|p2a: Skarmory|Roost|p2a: Skarmory
|-heal|p2a: Skarmory|64/100 brn
|-singleturn|p2a: Skarmory|move: Roost
|
|-heal|p1a: Rotom|94/100|[from] item: Leftovers
|-damage|p2a: Skarmory|58/100 brn|[from] brn
|upkeep
|turn|4
|
|t:|1779846452
|switch|p2a: Snorlax|Snorlax, F|100/100
|move|p1a: Rotom|Volt Switch|p2a: Snorlax
|-damage|p2a: Snorlax|88/100
|
|t:|1779846458
|switch|p1a: Wo-Chien|Wo-Chien|100/100|[from] Volt Switch
|-damage|p1a: Wo-Chien|88/100|[from] Stealth Rock
|-ability|p1a: Wo-Chien|Tablets of Ruin
|
|-heal|p1a: Wo-Chien|94/100|[from] item: Leftovers
|-heal|p2a: Snorlax|95/100|[from] item: Leftovers
|upkeep
|turn|5
|
|t:|1779846469
|move|p1a: Wo-Chien|Leech Seed|p2a: Snorlax
|-start|p2a: Snorlax|move: Leech Seed
|move|p2a: Snorlax|Body Slam|p1a: Wo-Chien
|-crit|p1a: Wo-Chien
|-damage|p1a: Wo-Chien|69/100
|
|-heal|p1a: Wo-Chien|76/100|[from] item: Leftovers
|-heal|p2a: Snorlax|100/100|[from] item: Leftovers
|-damage|p2a: Snorlax|88/100|[from] Leech Seed|[of] p1a: Wo-Chien
|-heal|p1a: Wo-Chien|92/100|[silent]
|upkeep
|turn|6
|
|t:|1779846480
|move|p1a: Wo-Chien|Knock Off|p2a: Snorlax
|-damage|p2a: Snorlax|65/100
|-enditem|p2a: Snorlax|Leftovers|[from] move: Knock Off|[of] p1a: Wo-Chien
|move|p2a: Snorlax|Body Slam|p1a: Wo-Chien
|-damage|p1a: Wo-Chien|77/100
|
|-heal|p1a: Wo-Chien|83/100|[from] item: Leftovers
|-damage|p2a: Snorlax|53/100|[from] Leech Seed|[of] p1a: Wo-Chien
|-heal|p1a: Wo-Chien|99/100|[silent]
|upkeep
|turn|7
|
|t:|1779846499
|switch|p2a: Staraptor|Staraptor, F|100/100
|move|p1a: Wo-Chien|Knock Off|p2a: Staraptor
|-damage|p2a: Staraptor|56/100
|-enditem|p2a: Staraptor|Choice Band|[from] move: Knock Off|[of] p1a: Wo-Chien
|
|-heal|p1a: Wo-Chien|100/100|[from] item: Leftovers
|upkeep
|turn|8
|
|t:|1779846521
|move|p1a: Wo-Chien|Protect|p1a: Wo-Chien
|-singleturn|p1a: Wo-Chien|Protect
|move|p2a: Staraptor|Brave Bird|p1a: Wo-Chien
|-activate|p1a: Wo-Chien|move: Protect
|
|upkeep
|turn|9
|
|t:|1779846535
|switch|p1a: Rotom|Rotom-Wash|94/100
|-damage|p1a: Rotom|82/100|[from] Stealth Rock
|move|p2a: Staraptor|Brave Bird|p1a: Rotom
|-resisted|p1a: Rotom
|-damage|p1a: Rotom|54/100
|-damage|p2a: Staraptor|47/100|[from] Recoil
|
|-heal|p1a: Rotom|60/100|[from] item: Leftovers
|upkeep
|turn|10
|
|t:|1779846551
|move|p2a: Staraptor|U-turn|p1a: Rotom
|-damage|p1a: Rotom|42/100
|
|t:|1779846555
|switch|p2a: Snorlax|Snorlax, F|53/100|[from] U-turn
|move|p1a: Rotom|Volt Switch|p2a: Snorlax
|-damage|p2a: Snorlax|41/100
|
|t:|1779846569
|switch|p1a: Wo-Chien|Wo-Chien|100/100|[from] Volt Switch
|-damage|p1a: Wo-Chien|88/100|[from] Stealth Rock
|-ability|p1a: Wo-Chien|Tablets of Ruin
|
|-heal|p1a: Wo-Chien|94/100|[from] item: Leftovers
|upkeep
|turn|11
|
|t:|1779846578
|move|p1a: Wo-Chien|Leech Seed|p2a: Snorlax
|-start|p2a: Snorlax|move: Leech Seed
|move|p2a: Snorlax|Rest|p2a: Snorlax
|-status|p2a: Snorlax|slp|[from] move: Rest
|-heal|p2a: Snorlax|100/100 slp|[silent]
|
|-heal|p1a: Wo-Chien|100/100|[from] item: Leftovers
|-damage|p2a: Snorlax|88/100 slp|[from] Leech Seed|[of] p1a: Wo-Chien
|upkeep
|turn|12
|
|t:|1779846589
|move|p1a: Wo-Chien|Substitute|p1a: Wo-Chien
|-start|p1a: Wo-Chien|Substitute
|-damage|p1a: Wo-Chien|76/100
|cant|p2a: Snorlax|slp
|move|p2a: Snorlax|Sleep Talk|p2a: Snorlax
|move|p2a: Snorlax|Rest||[from] move: Sleep Talk|[still]
|-fail|p2a: Snorlax
|
|-heal|p1a: Wo-Chien|82/100|[from] item: Leftovers
|-damage|p2a: Snorlax|76/100 slp|[from] Leech Seed|[of] p1a: Wo-Chien
|-heal|p1a: Wo-Chien|99/100|[silent]
|upkeep
|turn|13
|
|t:|1779846599
|move|p1a: Wo-Chien|Knock Off|p2a: Snorlax
|-damage|p2a: Snorlax|60/100 slp
|cant|p2a: Snorlax|slp
|move|p2a: Snorlax|Sleep Talk|p2a: Snorlax
|move|p2a: Snorlax|Body Slam|p1a: Wo-Chien|[from] move: Sleep Talk
|-crit|p1a: Wo-Chien
|-activate|p1a: Wo-Chien|move: Substitute|[damage]
|
|-heal|p1a: Wo-Chien|100/100|[from] item: Leftovers
|-damage|p2a: Snorlax|48/100 slp|[from] Leech Seed|[of] p1a: Wo-Chien
|upkeep
|turn|14
|
|t:|1779846612
|move|p1a: Wo-Chien|Knock Off|p2a: Snorlax
|-damage|p2a: Snorlax|33/100 slp
|-curestatus|p2a: Snorlax|slp|[msg]
|move|p2a: Snorlax|Sleep Talk||[still]
|-fail|p2a: Snorlax
|
|-damage|p2a: Snorlax|21/100|[from] Leech Seed|[of] p1a: Wo-Chien
|upkeep
|turn|15
|
|t:|1779846621
|move|p1a: Wo-Chien|Knock Off|p2a: Snorlax
|-damage|p2a: Snorlax|5/100
|move|p2a: Snorlax|Rest|p2a: Snorlax
|-status|p2a: Snorlax|slp|[from] move: Rest
|-heal|p2a: Snorlax|100/100 slp|[silent]
|
|-damage|p2a: Snorlax|88/100 slp|[from] Leech Seed|[of] p1a: Wo-Chien
|upkeep
|turn|16
|
|t:|1779846632
|move|p1a: Wo-Chien|Knock Off|p2a: Snorlax
|-damage|p2a: Snorlax|72/100 slp
|cant|p2a: Snorlax|slp
|move|p2a: Snorlax|Sleep Talk|p2a: Snorlax
|move|p2a: Snorlax|Body Slam|p1a: Wo-Chien|[from] move: Sleep Talk
|-end|p1a: Wo-Chien|Substitute
|
|-damage|p2a: Snorlax|60/100 slp|[from] Leech Seed|[of] p1a: Wo-Chien
|upkeep
|turn|17
|
|t:|1779846646
|switch|p2a: Deoxys|Deoxys-Defense|100/100
|-ability|p2a: Deoxys|Pressure
|move|p1a: Wo-Chien|Substitute|p1a: Wo-Chien
|-start|p1a: Wo-Chien|Substitute
|-damage|p1a: Wo-Chien|76/100
|
|-heal|p1a: Wo-Chien|82/100|[from] item: Leftovers
|upkeep
|turn|18
|
|t:|1779846655
|move|p2a: Deoxys|Spikes|p1a: Wo-Chien
|-sidestart|p1: skimmelk|Spikes
|move|p1a: Wo-Chien|Leech Seed|p2a: Deoxys
|-start|p2a: Deoxys|move: Leech Seed
|
|-heal|p1a: Wo-Chien|88/100|[from] item: Leftovers
|-damage|p2a: Deoxys|88/100|[from] Leech Seed|[of] p1a: Wo-Chien
|-heal|p1a: Wo-Chien|98/100|[silent]
|upkeep
|turn|19
|
|t:|1779846664
|move|p2a: Deoxys|Taunt|p1a: Wo-Chien
|-start|p1a: Wo-Chien|move: Taunt
|move|p1a: Wo-Chien|Knock Off|p2a: Deoxys
|-supereffective|p2a: Deoxys
|-damage|p2a: Deoxys|52/100
|-enditem|p2a: Deoxys|Leftovers|[from] move: Knock Off|[of] p1a: Wo-Chien
|
|-heal|p1a: Wo-Chien|100/100|[from] item: Leftovers
|-damage|p2a: Deoxys|39/100|[from] Leech Seed|[of] p1a: Wo-Chien
|upkeep
|turn|20
|
|t:|1779846675
|move|p2a: Deoxys|Recover|p2a: Deoxys
|-heal|p2a: Deoxys|89/100
|move|p1a: Wo-Chien|Knock Off|p2a: Deoxys
|-supereffective|p2a: Deoxys
|-damage|p2a: Deoxys|64/100
|
|-damage|p2a: Deoxys|51/100|[from] Leech Seed|[of] p1a: Wo-Chien
|upkeep
|turn|21
|
|t:|1779846686
|switch|p2a: Emboar|Emboar, F|100/100
|-item|p2a: Emboar|Air Balloon
|move|p1a: Wo-Chien|Knock Off|p2a: Emboar
|-resisted|p2a: Emboar
|-damage|p2a: Emboar|80/100
|-enditem|p2a: Emboar|Air Balloon
|
|-end|p1a: Wo-Chien|move: Taunt
|upkeep
|turn|22
|
|t:|1779846697
|move|p1a: Wo-Chien|Leech Seed|p2a: Emboar
|-start|p2a: Emboar|move: Leech Seed
|move|p2a: Emboar|Superpower|p1a: Wo-Chien
|-supereffective|p1a: Wo-Chien
|-end|p1a: Wo-Chien|Substitute
|-unboost|p2a: Emboar|atk|1
|-unboost|p2a: Emboar|def|1
|
|-damage|p2a: Emboar|68/100|[from] Leech Seed|[of] p1a: Wo-Chien
|upkeep
|turn|23
|
|t:|1779846710
|move|p1a: Wo-Chien|Substitute|p1a: Wo-Chien
|-start|p1a: Wo-Chien|Substitute
|-damage|p1a: Wo-Chien|76/100
|move|p2a: Emboar|Flare Blitz|p1a: Wo-Chien
|-supereffective|p1a: Wo-Chien
|-end|p1a: Wo-Chien|Substitute
|-damage|p2a: Emboar|61/100|[from] Recoil|[of] p1a: Wo-Chien
|
|-heal|p1a: Wo-Chien|82/100|[from] item: Leftovers
|-damage|p2a: Emboar|48/100|[from] Leech Seed|[of] p1a: Wo-Chien
|-heal|p1a: Wo-Chien|96/100|[silent]
|upkeep
|turn|24
|
|t:|1779846720
|move|p1a: Wo-Chien|Substitute|p1a: Wo-Chien
|-start|p1a: Wo-Chien|Substitute
|-damage|p1a: Wo-Chien|71/100
|move|p2a: Emboar|Flare Blitz|p1a: Wo-Chien
|-supereffective|p1a: Wo-Chien
|-end|p1a: Wo-Chien|Substitute
|-damage|p2a: Emboar|41/100|[from] Recoil|[of] p1a: Wo-Chien
|
|-heal|p1a: Wo-Chien|77/100|[from] item: Leftovers
|-damage|p2a: Emboar|29/100|[from] Leech Seed|[of] p1a: Wo-Chien
|-heal|p1a: Wo-Chien|91/100|[silent]
|upkeep
|turn|25
|
|t:|1779846731
|move|p1a: Wo-Chien|Substitute|p1a: Wo-Chien
|-start|p1a: Wo-Chien|Substitute
|-damage|p1a: Wo-Chien|66/100
|move|p2a: Emboar|Flare Blitz|p1a: Wo-Chien
|-supereffective|p1a: Wo-Chien
|-end|p1a: Wo-Chien|Substitute
|-damage|p2a: Emboar|21/100|[from] Recoil|[of] p1a: Wo-Chien
|
|-heal|p1a: Wo-Chien|72/100|[from] item: Leftovers
|-damage|p2a: Emboar|9/100|[from] Leech Seed|[of] p1a: Wo-Chien
|-heal|p1a: Wo-Chien|86/100|[silent]
|upkeep
|turn|26
|
|t:|1779846742
|move|p1a: Wo-Chien|Knock Off|p2a: Emboar
|-resisted|p2a: Emboar
|-damage|p2a: Emboar|0 fnt
|faint|p2a: Emboar
|
|-heal|p1a: Wo-Chien|92/100|[from] item: Leftovers
|upkeep
|
|t:|1779846750
|switch|p2a: Skarmory|Skarmory, M|58/100 brn
|turn|27
|
|t:|1779846758
|move|p2a: Skarmory|Brave Bird|p1a: Wo-Chien
|-supereffective|p1a: Wo-Chien
|-damage|p1a: Wo-Chien|75/100
|-damage|p2a: Skarmory|52/100 brn|[from] Recoil
|move|p1a: Wo-Chien|Substitute|p1a: Wo-Chien
|-start|p1a: Wo-Chien|Substitute
|-damage|p1a: Wo-Chien|50/100
|
|-heal|p1a: Wo-Chien|56/100|[from] item: Leftovers
|-damage|p2a: Skarmory|46/100 brn|[from] brn
|upkeep
|turn|28
|
|t:|1779846769
|move|p2a: Skarmory|Brave Bird|p1a: Wo-Chien
|-supereffective|p1a: Wo-Chien
|-activate|p1a: Wo-Chien|move: Substitute|[damage]
|-damage|p2a: Skarmory|39/100 brn|[from] Recoil|[of] p1a: Wo-Chien
|move|p1a: Wo-Chien|Knock Off|p2a: Skarmory
|-damage|p2a: Skarmory|22/100 brn
|-damage|p1a: Wo-Chien|39/100|[from] item: Rocky Helmet|[of] p2a: Skarmory
|-enditem|p2a: Skarmory|Rocky Helmet|[from] move: Knock Off|[of] p1a: Wo-Chien
|
|-heal|p1a: Wo-Chien|45/100|[from] item: Leftovers
|-damage|p2a: Skarmory|16/100 brn|[from] brn
|upkeep
|turn|29
|
|t:|1779846783
|move|p2a: Skarmory|Roost|p2a: Skarmory
|-heal|p2a: Skarmory|66/100 brn
|-singleturn|p2a: Skarmory|move: Roost
|move|p1a: Wo-Chien|Knock Off|p2a: Skarmory
|-damage|p2a: Skarmory|54/100 brn
|
|-heal|p1a: Wo-Chien|52/100|[from] item: Leftovers
|-damage|p2a: Skarmory|48/100 brn|[from] brn
|upkeep
|turn|30
|
|t:|1779846803
|move|p2a: Skarmory|Brave Bird|p1a: Wo-Chien
|-supereffective|p1a: Wo-Chien
|-end|p1a: Wo-Chien|Substitute
|-damage|p2a: Skarmory|46/100 brn|[from] Recoil|[of] p1a: Wo-Chien
|move|p1a: Wo-Chien|Leech Seed|p2a: Skarmory
|-start|p2a: Skarmory|move: Leech Seed
|
|-heal|p1a: Wo-Chien|58/100|[from] item: Leftovers
|-damage|p2a: Skarmory|34/100 brn|[from] Leech Seed|[of] p1a: Wo-Chien
|-heal|p1a: Wo-Chien|69/100|[silent]
|-damage|p2a: Skarmory|28/100 brn|[from] brn
|upkeep
|turn|31
|
|t:|1779846816
|switch|p2a: Iron Hands|Iron Hands|100/100
|move|p1a: Wo-Chien|Substitute|p1a: Wo-Chien
|-start|p1a: Wo-Chien|Substitute
|-damage|p1a: Wo-Chien|44/100
|
|-heal|p1a: Wo-Chien|50/100|[from] item: Leftovers
|upkeep
|turn|32
|
|t:|1779846823
|move|p1a: Wo-Chien|Leech Seed|p2a: Iron Hands
|-start|p2a: Iron Hands|move: Leech Seed
|move|p2a: Iron Hands|Ice Punch|p1a: Wo-Chien
|-supereffective|p1a: Wo-Chien
|-end|p1a: Wo-Chien|Substitute
|
|-heal|p1a: Wo-Chien|56/100|[from] item: Leftovers
|-damage|p2a: Iron Hands|88/100|[from] Leech Seed|[of] p1a: Wo-Chien
|-heal|p1a: Wo-Chien|73/100|[silent]
|upkeep
|turn|33
|
|t:|1779846832
|move|p1a: Wo-Chien|Protect|p1a: Wo-Chien
|-singleturn|p1a: Wo-Chien|Protect
|move|p2a: Iron Hands|Ice Punch|p1a: Wo-Chien
|-activate|p1a: Wo-Chien|move: Protect
|
|-heal|p1a: Wo-Chien|79/100|[from] item: Leftovers
|-damage|p2a: Iron Hands|75/100|[from] Leech Seed|[of] p1a: Wo-Chien
|-heal|p1a: Wo-Chien|96/100|[silent]
|upkeep
|turn|34
|
|t:|1779846842
|move|p1a: Wo-Chien|Substitute|p1a: Wo-Chien
|-start|p1a: Wo-Chien|Substitute
|-damage|p1a: Wo-Chien|72/100
|move|p2a: Iron Hands|Ice Punch|p1a: Wo-Chien
|-supereffective|p1a: Wo-Chien
|-end|p1a: Wo-Chien|Substitute
|
|-heal|p1a: Wo-Chien|78/100|[from] item: Leftovers
|-damage|p2a: Iron Hands|63/100|[from] Leech Seed|[of] p1a: Wo-Chien
|-heal|p1a: Wo-Chien|95/100|[silent]
|upkeep
|turn|35
|
|t:|1779846851
|move|p1a: Wo-Chien|Knock Off|p2a: Iron Hands
|-resisted|p2a: Iron Hands
|-damage|p2a: Iron Hands|54/100
|-enditem|p2a: Iron Hands|Assault Vest|[from] move: Knock Off|[of] p1a: Wo-Chien
|move|p2a: Iron Hands|Ice Punch|p1a: Wo-Chien
|-supereffective|p1a: Wo-Chien
|-damage|p1a: Wo-Chien|68/100
|
|-heal|p1a: Wo-Chien|74/100|[from] item: Leftovers
|-damage|p2a: Iron Hands|41/100|[from] Leech Seed|[of] p1a: Wo-Chien
|-heal|p1a: Wo-Chien|91/100|[silent]
|upkeep
|turn|36
|
|t:|1779846863
|move|p1a: Wo-Chien|Protect|p1a: Wo-Chien
|-singleturn|p1a: Wo-Chien|Protect
|move|p2a: Iron Hands|Drain Punch|p1a: Wo-Chien
|-activate|p1a: Wo-Chien|move: Protect
|
|-heal|p1a: Wo-Chien|98/100|[from] item: Leftovers
|-damage|p2a: Iron Hands|29/100|[from] Leech Seed|[of] p1a: Wo-Chien
|-heal|p1a: Wo-Chien|100/100|[silent]
|upkeep
|turn|37
|
|t:|1779846875
|move|p1a: Wo-Chien|Knock Off|p2a: Iron Hands
|-resisted|p2a: Iron Hands
|-damage|p2a: Iron Hands|23/100
|move|p2a: Iron Hands|Drain Punch|p1a: Wo-Chien
|-supereffective|p1a: Wo-Chien
|-damage|p1a: Wo-Chien|60/100
|-heal|p2a: Iron Hands|37/100|[from] drain|[of] p1a: Wo-Chien
|
|-heal|p1a: Wo-Chien|67/100|[from] item: Leftovers
|-damage|p2a: Iron Hands|25/100|[from] Leech Seed|[of] p1a: Wo-Chien
|-heal|p1a: Wo-Chien|84/100|[silent]
|upkeep
|turn|38
|
|t:|1779846887
|move|p1a: Wo-Chien|Protect|p1a: Wo-Chien
|-singleturn|p1a: Wo-Chien|Protect
|move|p2a: Iron Hands|Drain Punch|p1a: Wo-Chien
|-activate|p1a: Wo-Chien|move: Protect
|
|-heal|p1a: Wo-Chien|90/100|[from] item: Leftovers
|-damage|p2a: Iron Hands|12/100|[from] Leech Seed|[of] p1a: Wo-Chien
|-heal|p1a: Wo-Chien|100/100|[silent]
|upkeep
|turn|39
|
|t:|1779846899
|move|p1a: Wo-Chien|Substitute|p1a: Wo-Chien
|-start|p1a: Wo-Chien|Substitute
|-damage|p1a: Wo-Chien|76/100
|move|p2a: Iron Hands|Drain Punch|p1a: Wo-Chien
|-supereffective|p1a: Wo-Chien
|-end|p1a: Wo-Chien|Substitute
|-heal|p2a: Iron Hands|22/100|[from] drain|[of] p1a: Wo-Chien
|
|-heal|p1a: Wo-Chien|82/100|[from] item: Leftovers
|-damage|p2a: Iron Hands|9/100|[from] Leech Seed|[of] p1a: Wo-Chien
|-heal|p1a: Wo-Chien|99/100|[silent]
|upkeep
|turn|40
|
|t:|1779846911
|move|p1a: Wo-Chien|Protect|p1a: Wo-Chien
|-singleturn|p1a: Wo-Chien|Protect
|move|p2a: Iron Hands|Drain Punch|p1a: Wo-Chien
|-activate|p1a: Wo-Chien|move: Protect
|
|-heal|p1a: Wo-Chien|100/100|[from] item: Leftovers
|-damage|p2a: Iron Hands|0 fnt|[from] Leech Seed|[of] p1a: Wo-Chien
|faint|p2a: Iron Hands
|-end|p2a: Iron Hands|Quark Drive|[silent]
|upkeep
|
|t:|1779846920
|switch|p2a: Snorlax|Snorlax, F|60/100 slp
|turn|41
|
|t:|1779846927
|move|p1a: Wo-Chien|Substitute|p1a: Wo-Chien
|-start|p1a: Wo-Chien|Substitute
|-damage|p1a: Wo-Chien|76/100
|cant|p2a: Snorlax|slp
|
|-heal|p1a: Wo-Chien|82/100|[from] item: Leftovers
|upkeep
|turn|42
|
|t:|1779846934
|move|p1a: Wo-Chien|Leech Seed|p2a: Snorlax
|-start|p2a: Snorlax|move: Leech Seed
|-curestatus|p2a: Snorlax|slp|[msg]
|move|p2a: Snorlax|Sleep Talk||[still]
|-fail|p2a: Snorlax
|
|-heal|p1a: Wo-Chien|88/100|[from] item: Leftovers
|-damage|p2a: Snorlax|47/100|[from] Leech Seed|[of] p1a: Wo-Chien
|-heal|p1a: Wo-Chien|100/100|[silent]
|upkeep
|turn|43
|
|t:|1779846944
|move|p1a: Wo-Chien|Knock Off|p2a: Snorlax
|-damage|p2a: Snorlax|32/100
|move|p2a: Snorlax|Rest|p2a: Snorlax
|-status|p2a: Snorlax|slp|[from] move: Rest
|-heal|p2a: Snorlax|100/100 slp|[silent]
|
|-damage|p2a: Snorlax|88/100 slp|[from] Leech Seed|[of] p1a: Wo-Chien
|upkeep
|turn|44
|
|t:|1779846955
|move|p1a: Wo-Chien|Knock Off|p2a: Snorlax
|-damage|p2a: Snorlax|72/100 slp
|cant|p2a: Snorlax|slp
|move|p2a: Snorlax|Sleep Talk|p2a: Snorlax
|move|p2a: Snorlax|Crunch|p1a: Wo-Chien|[from] move: Sleep Talk
|-resisted|p1a: Wo-Chien
|-activate|p1a: Wo-Chien|move: Substitute|[damage]
|
|-damage|p2a: Snorlax|60/100 slp|[from] Leech Seed|[of] p1a: Wo-Chien
|upkeep
|turn|45
|
|t:|1779846967
|move|p1a: Wo-Chien|Knock Off|p2a: Snorlax
|-damage|p2a: Snorlax|43/100 slp
|cant|p2a: Snorlax|slp
|move|p2a: Snorlax|Sleep Talk|p2a: Snorlax
|move|p2a: Snorlax|Body Slam|p1a: Wo-Chien|[from] move: Sleep Talk
|-activate|p1a: Wo-Chien|move: Substitute|[damage]
|
|-damage|p2a: Snorlax|31/100 slp|[from] Leech Seed|[of] p1a: Wo-Chien
|upkeep
|turn|46
|
|t:|1779846978
|move|p1a: Wo-Chien|Knock Off|p2a: Snorlax
|-damage|p2a: Snorlax|16/100 slp
|-curestatus|p2a: Snorlax|slp|[msg]
|move|p2a: Snorlax|Sleep Talk||[still]
|-fail|p2a: Snorlax
|
|-damage|p2a: Snorlax|4/100|[from] Leech Seed|[of] p1a: Wo-Chien
|upkeep
|turn|47
|
|t:|1779846987
|move|p1a: Wo-Chien|Knock Off|p2a: Snorlax
|-damage|p2a: Snorlax|0 fnt
|faint|p2a: Snorlax
|
|upkeep
|
|t:|1779846994
|switch|p2a: Staraptor|Staraptor, F|47/100
|turn|48
|
|t:|1779846999
|move|p2a: Staraptor|Close Combat|p1a: Wo-Chien
|-supereffective|p1a: Wo-Chien
|-end|p1a: Wo-Chien|Substitute
|-unboost|p2a: Staraptor|def|1
|-unboost|p2a: Staraptor|spd|1
|move|p1a: Wo-Chien|Leech Seed|p2a: Staraptor
|-start|p2a: Staraptor|move: Leech Seed
|
|-damage|p2a: Staraptor|35/100|[from] Leech Seed|[of] p1a: Wo-Chien
|upkeep
|turn|49
|
|t:|1779847011
|move|p2a: Staraptor|U-turn|p1a: Wo-Chien
|-supereffective|p1a: Wo-Chien
|-damage|p1a: Wo-Chien|56/100
|
|t:|1779847016
|switch|p2a: Deoxys|Deoxys-Defense|51/100|[from] U-turn
|-ability|p2a: Deoxys|Pressure
|move|p1a: Wo-Chien|Knock Off|p2a: Deoxys
|-supereffective|p2a: Deoxys
|-damage|p2a: Deoxys|29/100
|
|-heal|p1a: Wo-Chien|62/100|[from] item: Leftovers
|upkeep
|turn|50
|
|t:|1779847026
|move|p1a: Wo-Chien|Protect|p1a: Wo-Chien
|-singleturn|p1a: Wo-Chien|Protect
|move|p2a: Deoxys|Taunt|p1a: Wo-Chien
|-activate|p1a: Wo-Chien|move: Protect
|
|-heal|p1a: Wo-Chien|68/100|[from] item: Leftovers
|upkeep
|turn|51
|
|t:|1779847037
|move|p2a: Deoxys|Recover|p2a: Deoxys
|-heal|p2a: Deoxys|79/100
|move|p1a: Wo-Chien|Leech Seed|p2a: Deoxys
|-start|p2a: Deoxys|move: Leech Seed
|
|-heal|p1a: Wo-Chien|74/100|[from] item: Leftovers
|-damage|p2a: Deoxys|67/100|[from] Leech Seed|[of] p1a: Wo-Chien
|-heal|p1a: Wo-Chien|84/100|[silent]
|upkeep
|turn|52
|
|t:|1779847045
|move|p2a: Deoxys|Taunt|p1a: Wo-Chien
|-start|p1a: Wo-Chien|move: Taunt
|cant|p1a: Wo-Chien|move: Taunt|Substitute
|
|-heal|p1a: Wo-Chien|90/100|[from] item: Leftovers
|-damage|p2a: Deoxys|54/100|[from] Leech Seed|[of] p1a: Wo-Chien
|-heal|p1a: Wo-Chien|100/100|[silent]
|upkeep
|turn|53
|
|t:|1779847053
|move|p2a: Deoxys|Night Shade|p1a: Wo-Chien
|-damage|p1a: Wo-Chien|74/100
|move|p1a: Wo-Chien|Knock Off|p2a: Deoxys
|-supereffective|p2a: Deoxys
|-damage|p2a: Deoxys|30/100
|
|-heal|p1a: Wo-Chien|80/100|[from] item: Leftovers
|-damage|p2a: Deoxys|18/100|[from] Leech Seed|[of] p1a: Wo-Chien
|-heal|p1a: Wo-Chien|90/100|[silent]
|upkeep
|turn|54
|
|t:|1779847062
|move|p2a: Deoxys|Recover|p2a: Deoxys
|-heal|p2a: Deoxys|68/100
|move|p1a: Wo-Chien|Knock Off|p2a: Deoxys
|-supereffective|p2a: Deoxys
|-damage|p2a: Deoxys|45/100
|
|-heal|p1a: Wo-Chien|96/100|[from] item: Leftovers
|-damage|p2a: Deoxys|33/100|[from] Leech Seed|[of] p1a: Wo-Chien
|-heal|p1a: Wo-Chien|100/100|[silent]
|-end|p1a: Wo-Chien|move: Taunt
|upkeep
|turn|55
|
|t:|1779847071
|move|p2a: Deoxys|Recover|p2a: Deoxys
|-heal|p2a: Deoxys|83/100
|move|p1a: Wo-Chien|Substitute|p1a: Wo-Chien
|-start|p1a: Wo-Chien|Substitute
|-damage|p1a: Wo-Chien|76/100
|
|-heal|p1a: Wo-Chien|82/100|[from] item: Leftovers
|-damage|p2a: Deoxys|70/100|[from] Leech Seed|[of] p1a: Wo-Chien
|-heal|p1a: Wo-Chien|92/100|[silent]
|upkeep
|turn|56
|
|t:|1779847080
|move|p2a: Deoxys|Night Shade|p1a: Wo-Chien
|-end|p1a: Wo-Chien|Substitute
|move|p1a: Wo-Chien|Knock Off|p2a: Deoxys
|-supereffective|p2a: Deoxys
|-damage|p2a: Deoxys|46/100
|
|-heal|p1a: Wo-Chien|98/100|[from] item: Leftovers
|-damage|p2a: Deoxys|33/100|[from] Leech Seed|[of] p1a: Wo-Chien
|-heal|p1a: Wo-Chien|100/100|[silent]
|upkeep
|turn|57
|
|t:|1779847089
|move|p2a: Deoxys|Night Shade|p1a: Wo-Chien
|-damage|p1a: Wo-Chien|74/100
|move|p1a: Wo-Chien|Substitute|p1a: Wo-Chien
|-start|p1a: Wo-Chien|Substitute
|-damage|p1a: Wo-Chien|49/100
|
|-heal|p1a: Wo-Chien|55/100|[from] item: Leftovers
|-damage|p2a: Deoxys|21/100|[from] Leech Seed|[of] p1a: Wo-Chien
|-heal|p1a: Wo-Chien|65/100|[silent]
|upkeep
|turn|58
|
|t:|1779847098
|move|p2a: Deoxys|Recover|p2a: Deoxys
|-heal|p2a: Deoxys|71/100
|move|p1a: Wo-Chien|Knock Off|p2a: Deoxys
|-supereffective|p2a: Deoxys
|-damage|p2a: Deoxys|47/100
|
|-heal|p1a: Wo-Chien|71/100|[from] item: Leftovers
|-damage|p2a: Deoxys|35/100|[from] Leech Seed|[of] p1a: Wo-Chien
|-heal|p1a: Wo-Chien|82/100|[silent]
|upkeep
|turn|59
|
|t:|1779847112
|switch|p2a: Staraptor|Staraptor, F|35/100
|move|p1a: Wo-Chien|Protect||[still]
|-fail|p1a: Wo-Chien
|
|-heal|p1a: Wo-Chien|88/100|[from] item: Leftovers
|upkeep
|turn|60
|
|t:|1779847120
|move|p2a: Staraptor|Close Combat|p1a: Wo-Chien
|-supereffective|p1a: Wo-Chien
|-end|p1a: Wo-Chien|Substitute
|-unboost|p2a: Staraptor|def|1
|-unboost|p2a: Staraptor|spd|1
|move|p1a: Wo-Chien|Leech Seed|p2a: Staraptor
|-start|p2a: Staraptor|move: Leech Seed
|
|-heal|p1a: Wo-Chien|94/100|[from] item: Leftovers
|-damage|p2a: Staraptor|22/100|[from] Leech Seed|[of] p1a: Wo-Chien
|-heal|p1a: Wo-Chien|100/100|[silent]
|upkeep
|turn|61
|
|t:|1779847131
|move|p1a: Wo-Chien|Protect|p1a: Wo-Chien
|-singleturn|p1a: Wo-Chien|Protect
|move|p2a: Staraptor|Close Combat|p1a: Wo-Chien
|-activate|p1a: Wo-Chien|move: Protect
|
|-damage|p2a: Staraptor|10/100|[from] Leech Seed|[of] p1a: Wo-Chien
|upkeep
|turn|62
|
|t:|1779847139
|move|p2a: Staraptor|Close Combat|p1a: Wo-Chien
|-supereffective|p1a: Wo-Chien
|-damage|p1a: Wo-Chien|60/100
|-unboost|p2a: Staraptor|def|1
|-unboost|p2a: Staraptor|spd|1
|move|p1a: Wo-Chien|Knock Off|p2a: Staraptor
|-damage|p2a: Staraptor|0 fnt
|faint|p2a: Staraptor
|
|-heal|p1a: Wo-Chien|66/100|[from] item: Leftovers
|upkeep
|
|t:|1779847150
|switch|p2a: Skarmory|Skarmory, M|28/100 brn
|turn|63
|
|t:|1779847155
|move|p2a: Skarmory|Brave Bird|p1a: Wo-Chien
|-supereffective|p1a: Wo-Chien
|-damage|p1a: Wo-Chien|48/100
|-damage|p2a: Skarmory|21/100 brn|[from] Recoil
|move|p1a: Wo-Chien|Substitute|p1a: Wo-Chien
|-start|p1a: Wo-Chien|Substitute
|-damage|p1a: Wo-Chien|23/100
|
|-heal|p1a: Wo-Chien|30/100|[from] item: Leftovers
|-damage|p2a: Skarmory|15/100 brn|[from] brn
|upkeep
|turn|64
|
|t:|1779847165
|move|p1a: Wo-Chien|Leech Seed|p2a: Skarmory
|-start|p2a: Skarmory|move: Leech Seed
|move|p2a: Skarmory|Whirlwind|p1a: Wo-Chien
|drag|p1a: Reuniclus|Reuniclus, F, shiny|100/100
|
|-damage|p2a: Skarmory|3/100 brn|[from] Leech Seed|[of] p1a: Reuniclus
|-damage|p2a: Skarmory|0 fnt|[from] brn
|faint|p2a: Skarmory
|upkeep
|
|t:|1779847174
|switch|p2a: Deoxys|Deoxys-Defense|35/100
|-ability|p2a: Deoxys|Pressure
|turn|65
|
|t:|1779847181
|move|p2a: Deoxys|Taunt|p1a: Reuniclus
|-start|p1a: Reuniclus|move: Taunt
|move|p1a: Reuniclus|Knock Off|p2a: Deoxys
|-supereffective|p2a: Deoxys
|-damage|p2a: Deoxys|21/100
|
|upkeep
|turn|66
|
|t:|1779847188
|move|p2a: Deoxys|Recover|p2a: Deoxys
|-heal|p2a: Deoxys|71/100
|move|p1a: Reuniclus|Knock Off|p2a: Deoxys
|-supereffective|p2a: Deoxys
|-damage|p2a: Deoxys|58/100
|
|upkeep
|turn|67
|
|t:|1779847193
|move|p2a: Deoxys|Night Shade|p1a: Reuniclus
|-damage|p1a: Reuniclus|77/100
|move|p1a: Reuniclus|Knock Off|p2a: Deoxys
|-supereffective|p2a: Deoxys
|-damage|p2a: Deoxys|45/100
|
|-end|p1a: Reuniclus|move: Taunt
|upkeep
|turn|68
|
|t:|1779847200
|move|p2a: Deoxys|Night Shade|p1a: Reuniclus
|-damage|p1a: Reuniclus|53/100
|move|p1a: Reuniclus|Psychic Noise|p2a: Deoxys
|-resisted|p2a: Deoxys
|-damage|p2a: Deoxys|33/100
|-start|p2a: Deoxys|move: Heal Block
|
|upkeep
|turn|69
|
|t:|1779847209
|move|p2a: Deoxys|Night Shade|p1a: Reuniclus
|-damage|p1a: Reuniclus|30/100
|move|p1a: Reuniclus|Knock Off|p2a: Deoxys
|-supereffective|p2a: Deoxys
|-damage|p2a: Deoxys|20/100
|
|-end|p2a: Deoxys|move: Heal Block
|upkeep
|turn|70
|
|t:|1779847216
|move|p2a: Deoxys|Night Shade|p1a: Reuniclus
|-damage|p1a: Reuniclus|6/100
|move|p1a: Reuniclus|Psychic Noise|p2a: Deoxys
|-resisted|p2a: Deoxys
|-damage|p2a: Deoxys|8/100
|-start|p2a: Deoxys|move: Heal Block
|
|upkeep
|turn|71
|
|t:|1779847226
|move|p2a: Deoxys|Night Shade|p1a: Reuniclus
|-damage|p1a: Reuniclus|0 fnt
|faint|p1a: Reuniclus
|
|-end|p2a: Deoxys|move: Heal Block
|upkeep
|
|t:|1779847230
|switch|p1a: Dragonite|Dragonite, F|100/100
|turn|72
|
|t:|1779847233
|move|p1a: Dragonite|Extreme Speed|p2a: Deoxys
|-damage|p2a: Deoxys|0 fnt
|faint|p2a: Deoxys
|
|win|skimmelk
