|j|☆Im jesus christ
|j|☆SlNGULARlTY
|t:|1779950706
|gametype|singles
|player|p1|Im jesus christ|170|1303
|player|p2|SlNGULARlTY|koga|1482
|gen|9
|tier|[Gen 9] OU
|rated|
|rule|HP Percentage Mod: HP is shown in percentages
|rule|Endless Battle Clause: Forcing endless battles is banned
|rule|Species Clause: Limit one of each Pokémon
|rule|OHKO Clause: OHKO moves are banned
|rule|Evasion Items Clause: Evasion items are banned
|rule|Evasion Moves Clause: Evasion moves are banned
|rule|Evasion Abilities Clause: Evasion abilities are banned
|rule|Sleep Moves Clause: Sleep-inducing moves are banned
|clearpoke
|poke|p1|Hatterene, F|
|poke|p1|Slowking-Galar, M|
|poke|p1|Uxie|
|poke|p1|Ursaluna, M|
|poke|p1|Torkoal, M|
|poke|p1|Iron Hands|
|poke|p2|Ogerpon-Wellspring, F|
|poke|p2|Moltres|
|poke|p2|Gholdengo|
|poke|p2|Garganacl, M|
|poke|p2|Hatterene, F|
|poke|p2|Heatran, M|
|teampreview
|inactive|Battle timer is ON: inactive players will automatically lose when time's up. (requested by SlNGULARlTY)
|
|t:|1779950729
|teamsize|p1|6
|teamsize|p2|6
|start
|switch|p1a: Uxie|Uxie|100/100
|switch|p2a: Heatran|Heatran, M|100/100
|turn|1
|
|t:|1779950732
|switch|p1a: Hatterene|Hatterene, F|100/100
|move|p2a: Heatran|Magma Storm|p1a: Hatterene
|-damage|p1a: Hatterene|26/100
|-activate|p1a: Hatterene|move: Magma Storm|[of] p2a: Heatran
|
|-damage|p1a: Hatterene|14/100|[from] move: Magma Storm|[partiallytrapped]
|upkeep
|turn|2
|
|t:|1779950735
|move|p2a: Heatran|Magma Storm|p1a: Hatterene
|-damage|p1a: Hatterene|0 fnt
|faint|p1a: Hatterene
|
|upkeep
|
|t:|1779950737
|switch|p1a: Uxie|Uxie|100/100
|turn|3
|
|t:|1779950740
|move|p2a: Heatran|Magma Storm|p1a: Uxie
|-damage|p1a: Uxie|57/100
|-activate|p1a: Uxie|move: Magma Storm|[of] p2a: Heatran
|move|p1a: Uxie|Trick Room|p1a: Uxie
|-fieldstart|move: Trick Room|[of] p1a: Uxie
|
|-damage|p1a: Uxie|45/100|[from] move: Magma Storm|[partiallytrapped]
|upkeep
|turn|4
|
|t:|1779950743
|move|p1a: Uxie|Memento|p2a: Heatran
|-unboost|p2a: Heatran|atk|2
|-unboost|p2a: Heatran|spa|2
|faint|p1a: Uxie
|move|p2a: Heatran|Magma Storm|p1: Uxie|[notarget]
|-fail|p2a: Heatran
|
|upkeep
|
|t:|1779950745
|switch|p1a: Ursaluna|Ursaluna, M|100/100
|turn|5
|
|t:|1779950751
|switch|p2a: Gholdengo|Gholdengo|100/100
|-item|p2a: Gholdengo|Air Balloon
|move|p1a: Ursaluna|Swords Dance|p1a: Ursaluna
|-boost|p1a: Ursaluna|atk|2
|
|-status|p1a: Ursaluna|brn|[from] item: Flame Orb
|upkeep
|turn|6
|
|t:|1779950753
|switch|p2a: Moltres|Moltres|100/100
|move|p1a: Ursaluna|Crunch|p2a: Moltres
|-damage|p2a: Moltres|39/100
|
|-damage|p1a: Ursaluna|94/100 brn|[from] brn
|upkeep
|turn|7
|
|t:|1779950762
|move|p1a: Ursaluna|Crunch|p2a: Moltres
|-damage|p2a: Moltres|0 fnt
|faint|p2a: Moltres
|
|-damage|p1a: Ursaluna|88/100 brn|[from] brn
|-fieldend|move: Trick Room
|upkeep
|
|t:|1779950766
|switch|p2a: Heatran|Heatran, M|100/100
|turn|8
|
|t:|1779950769
|move|p2a: Heatran|Magma Storm|p1a: Ursaluna
|-damage|p1a: Ursaluna|22/100 brn
|-activate|p1a: Ursaluna|move: Magma Storm|[of] p2a: Heatran
|move|p1a: Ursaluna|Headlong Rush|p2a: Heatran
|-supereffective|p2a: Heatran
|-damage|p2a: Heatran|0 fnt
|-unboost|p1a: Ursaluna|def|1
|-unboost|p1a: Ursaluna|spd|1
|faint|p2a: Heatran
|
|-damage|p1a: Ursaluna|16/100 brn|[from] brn
|-end|p1a: Ursaluna|Magma Storm|[partiallytrapped]|[silent]
|upkeep
|
|t:|1779950774
|switch|p2a: Ogerpon|Ogerpon-Wellspring, F|100/100
|turn|9
|
|t:|1779950778
|move|p2a: Ogerpon|Ivy Cudgel|p1a: Ursaluna|[anim] Ivy Cudgel Water
|-supereffective|p1a: Ursaluna
|-damage|p1a: Ursaluna|0 fnt
|faint|p1a: Ursaluna
|
|upkeep
|
|t:|1779950780
|switch|p1a: Slowking|Slowking-Galar, M|100/100
|turn|10
|
|t:|1779950790
|switch|p2a: Garganacl|Garganacl, M|100/100
|move|p1a: Slowking|Trick Room|p1a: Slowking
|-fieldstart|move: Trick Room|[of] p1a: Slowking
|
|upkeep
|turn|11
|
|t:|1779950792
|move|p2a: Garganacl|Curse|p2a: Garganacl
|-unboost|p2a: Garganacl|spe|1
|-boost|p2a: Garganacl|atk|1
|-boost|p2a: Garganacl|def|1
|-prepare|p1a: Slowking|Chilly Reception|[premajor]
|move|p1a: Slowking|Chilly Reception|p1a: Slowking
|-weather|Snowscape
|
|t:|1779950800
|switch|p1a: Torkoal|Torkoal, M|100/100|[from] Chilly Reception
|-weather|SunnyDay|[from] ability: Drought|[of] p1a: Torkoal
|
|-weather|SunnyDay|[upkeep]
|upkeep
|turn|12
|
|t:|1779950804
|move|p1a: Torkoal|Solar Beam||[still]
|-prepare|p1a: Torkoal|Solar Beam
|-anim|p1a: Torkoal|Solar Beam|p2a: Garganacl
|-supereffective|p2a: Garganacl
|-damage|p2a: Garganacl|33/100
|move|p2a: Garganacl|Salt Cure|p1a: Torkoal
|-supereffective|p1a: Torkoal
|-damage|p1a: Torkoal|70/100
|-start|p1a: Torkoal|Salt Cure
|
|-weather|SunnyDay|[upkeep]
|-heal|p2a: Garganacl|39/100|[from] item: Leftovers
|-damage|p1a: Torkoal|58/100|[from] Salt Cure
|upkeep
|turn|13
|
|t:|1779950808
|switch|p2a: Ogerpon|Ogerpon-Wellspring, F|100/100
|move|p1a: Torkoal|Solar Beam||[still]
|-prepare|p1a: Torkoal|Solar Beam
|-anim|p1a: Torkoal|Solar Beam|p2a: Ogerpon
|-damage|p2a: Ogerpon|48/100
|
|-weather|SunnyDay|[upkeep]
|-damage|p1a: Torkoal|46/100|[from] Salt Cure
|upkeep
|turn|14
|
|t:|1779950812
|move|p1a: Torkoal|Solar Beam||[still]
|-prepare|p1a: Torkoal|Solar Beam
|-anim|p1a: Torkoal|Solar Beam|p2a: Ogerpon
|-crit|p2a: Ogerpon
|-damage|p2a: Ogerpon|0 fnt
|faint|p2a: Ogerpon
|
|-weather|SunnyDay|[upkeep]
|-damage|p1a: Torkoal|33/100|[from] Salt Cure
|-fieldend|move: Trick Room
|upkeep
|
|t:|1779950819
|switch|p2a: Garganacl|Garganacl, M|39/100
|turn|15
|
|t:|1779950832
|switch|p1a: Slowking|Slowking-Galar, M|100/100
|move|p2a: Garganacl|Recover|p2a: Garganacl
|-heal|p2a: Garganacl|89/100
|
|-weather|none
|-heal|p2a: Garganacl|96/100|[from] item: Leftovers
|upkeep
|turn|16
|
|t:|1779950838
|move|p2a: Garganacl|Curse|p2a: Garganacl
|-unboost|p2a: Garganacl|spe|1
|-boost|p2a: Garganacl|atk|1
|-boost|p2a: Garganacl|def|1
|move|p1a: Slowking|Trick Room|p1a: Slowking
|-fieldstart|move: Trick Room|[of] p1a: Slowking
|
|-heal|p2a: Garganacl|100/100|[from] item: Leftovers
|upkeep
|turn|17
|
|t:|1779950840
|move|p2a: Garganacl|Curse|p2a: Garganacl
|-unboost|p2a: Garganacl|spe|1
|-boost|p2a: Garganacl|atk|1
|-boost|p2a: Garganacl|def|1
|move|p1a: Slowking|Future Sight|p2a: Garganacl
|-start|p1a: Slowking|move: Future Sight
|
|upkeep
|turn|18
|
|t:|1779950842
|move|p2a: Garganacl|Curse|p2a: Garganacl
|-unboost|p2a: Garganacl|spe|1
|-boost|p2a: Garganacl|atk|1
|-boost|p2a: Garganacl|def|1
|-prepare|p1a: Slowking|Chilly Reception|[premajor]
|move|p1a: Slowking|Chilly Reception|p1a: Slowking
|-weather|Snowscape
|
|t:|1779950845
|switch|p1a: Torkoal|Torkoal, M|33/100|[from] Chilly Reception
|-weather|SunnyDay|[from] ability: Drought|[of] p1a: Torkoal
|
|-weather|SunnyDay|[upkeep]
|upkeep
|turn|19
|
|t:|1779950847
|move|p1a: Torkoal|Solar Beam||[still]
|-prepare|p1a: Torkoal|Solar Beam
|-anim|p1a: Torkoal|Solar Beam|p2a: Garganacl
|-supereffective|p2a: Garganacl
|-damage|p2a: Garganacl|31/100
|move|p2a: Garganacl|Salt Cure|p1a: Torkoal
|-supereffective|p1a: Torkoal
|-crit|p1a: Torkoal
|-damage|p1a: Torkoal|0 fnt
|faint|p1a: Torkoal
|
|-weather|SunnyDay|[upkeep]
|-end|p2a: Garganacl|move: Future Sight
|-damage|p2a: Garganacl|0 fnt
|faint|p2a: Garganacl
|upkeep
|
|t:|1779950863
|switch|p1a: Iron Hands|Iron Hands|100/100
|switch|p2a: Hatterene|Hatterene, F|100/100
|-enditem|p1a: Iron Hands|Booster Energy
|-activate|p1a: Iron Hands|ability: Quark Drive|[fromitem]
|-start|p1a: Iron Hands|quarkdrivedef
|turn|20
|
|t:|1779950868
|-terastallize|p1a: Iron Hands|Bug
|move|p2a: Hatterene|Draining Kiss|p1a: Iron Hands
|-damage|p1a: Iron Hands|77/100
|move|p1a: Iron Hands|Thunder Punch|p2a: Hatterene
|-damage|p2a: Hatterene|70/100
|-damage|p1a: Iron Hands|61/100|[from] item: Rocky Helmet|[of] p2a: Hatterene
|
|-weather|SunnyDay|[upkeep]
|-fieldend|move: Trick Room
|upkeep
|turn|21
|
|t:|1779950877
|move|p2a: Hatterene|Nuzzle|p1a: Iron Hands
|-damage|p1a: Iron Hands|59/100
|-status|p1a: Iron Hands|par
|move|p1a: Iron Hands|Thunder Punch|p2a: Hatterene
|-damage|p2a: Hatterene|37/100
|-damage|p1a: Iron Hands|42/100 par|[from] item: Rocky Helmet|[of] p2a: Hatterene
|
|-weather|SunnyDay|[upkeep]
|upkeep
|turn|22
|
|t:|1779950880
|move|p2a: Hatterene|Psychic Noise|p1a: Iron Hands
|-damage|p1a: Iron Hands|10/100 par
|-start|p1a: Iron Hands|move: Heal Block
|cant|p1a: Iron Hands|par
|
|-weather|none
|upkeep
|turn|23
|-message|Im jesus christ forfeited.
|
|win|SlNGULARlTY
|raw|Im jesus christ's rating: 1303 &rarr; <strong>1292</strong><br />(-11 for losing)
|raw|SlNGULARlTY's rating: 1482 &rarr; <strong>1493</strong><br />(+11 for winning)
|l|☆Im jesus christ
|player|p1|
