|j|☆Lenewi
|j|☆RayquazaLover0
|t:|1779819830
|gametype|singles
|player|p1|Lenewi|cynthia-gen4|1183
|player|p2|RayquazaLover0|marlon|1177
|gen|9
|tier|[Gen 9] OU
|rated|
|rule|HP Percentage Mod: HP is shown in percentages
|rule|Endless Battle Clause: Forcing endless battles is banned
|rule|Species Clause: Limit one of each Pokémon
|rule|OHKO Clause: OHKO moves are banned
|rule|Evasion Items Clause: Evasion items are banned
|rule|Evasion Moves Clause: Evasion moves are banned
|rule|Evasion Abilities Clause: Evasion abilities are banned
|rule|Sleep Moves Clause: Sleep-inducing moves are banned
|clearpoke
|poke|p1|Zoroark, M|
|poke|p1|Clefable, M|
|poke|p1|Gengar, M|
|poke|p1|Gliscor, M|
|poke|p1|Scizor, F|
|poke|p1|Rotom-Wash|
|poke|p2|Kingambit, F|
|poke|p2|Cinderace, F|
|poke|p2|Landorus-Therian, M|
|poke|p2|Iron Valiant|
|poke|p2|Slowking-Galar, M|
|poke|p2|Kyurem|
|teampreview
|
|t:|1779819843
|teamsize|p1|6
|teamsize|p2|6
|start
|switch|p1a: Gliscor|Gliscor, M|100/100
|switch|p2a: Loki|Slowking-Galar, M, shiny|100/100
|turn|1
|
|t:|1779819853
|move|p1a: Gliscor|Dark Pulse|p2a: Loki
|-supereffective|p2a: Loki
|-damage|p2a: Loki|35/100
|-prepare|p2a: Loki|Chilly Reception|[premajor]
|move|p2a: Loki|Chilly Reception|p2a: Loki
|-weather|Snowscape
|
|t:|1779819858
|switch|p2a: Top Tao|Kyurem, shiny|100/100|[from] Chilly Reception
|-ability|p2a: Top Tao|Pressure
|
|-weather|Snowscape|[upkeep]
|upkeep
|turn|2
|
|t:|1779819881
|switch|p1a: Clefable|Clefable, M|100/100
|move|p2a: Top Tao|Blizzard|p1a: Clefable
|-damage|p1a: Clefable|47/100
|
|-weather|Snowscape|[upkeep]
|upkeep
|turn|3
|
|t:|1779819891
|move|p2a: Top Tao|Blizzard|p1a: Clefable
|-damage|p1a: Clefable|0 fnt
|faint|p1a: Clefable
|
|-weather|Snowscape|[upkeep]
|upkeep
|
|t:|1779819902
|switch|p1a: Gliscor|Gliscor, M|100/100
|turn|4
|
|t:|1779819907
|move|p1a: Gliscor|Focus Blast|p2a: Top Tao
|-supereffective|p2a: Top Tao
|-damage|p2a: Top Tao|23/100
|move|p2a: Top Tao|Blizzard|p1a: Gliscor
|-damage|p1a: Gliscor|0 fnt
|replace|p1a: Zoroark|Zoroark, M
|-end|p1a: Zoroark|Illusion
|faint|p1a: Zoroark
|
|-weather|Snowscape|[upkeep]
|upkeep
|
|t:|1779819926
|switch|p1a: Scizor|Scizor, F|100/100
|turn|5
|
|t:|1779819931
|move|p2a: Top Tao|Earth Power|p1a: Scizor
|-damage|p1a: Scizor|61/100
|-unboost|p1a: Scizor|spd|1
|move|p1a: Scizor|Swords Dance|p1a: Scizor
|-boost|p1a: Scizor|atk|2
|
|-weather|none
|upkeep
|turn|6
|
|t:|1779819941
|move|p1a: Scizor|Bullet Punch|p2a: Top Tao
|-supereffective|p2a: Top Tao
|-damage|p2a: Top Tao|0 fnt
|faint|p2a: Top Tao
|
|upkeep
|
|t:|1779819947
|switch|p2a: Sanji|Cinderace, F|100/100
|turn|7
|
|t:|1779819953
|move|p2a: Sanji|Pyro Ball|p1a: Scizor|[miss]
|-miss|p2a: Sanji|p1a: Scizor
|move|p1a: Scizor|Knock Off|p2a: Sanji
|-damage|p2a: Sanji|0 fnt
|-enditem|p2a: Sanji|Heavy-Duty Boots|[from] move: Knock Off|[of] p1a: Scizor
|faint|p2a: Sanji
|
|upkeep
|
|t:|1779819981
|switch|p2a: Chopper|Landorus-Therian, M, shiny|100/100
|-ability|p2a: Chopper|Intimidate|boost
|-unboost|p1a: Scizor|atk|1
|turn|8
|
|t:|1779819993
|move|p2a: Chopper|Earthquake|p1a: Scizor
|-damage|p1a: Scizor|3/100
|move|p1a: Scizor|Knock Off|p2a: Chopper
|-crit|p2a: Chopper
|-damage|p2a: Chopper|7/100
|-damage|p1a: Scizor|0 fnt|[from] item: Rocky Helmet|[of] p2a: Chopper
|faint|p1a: Scizor
|
|upkeep
|
|t:|1779820006
|switch|p1a: Rotom|Rotom-Wash|100/100
|turn|9
|
|t:|1779820011
|move|p2a: Chopper|Earthquake|p1a: Rotom
|-immune|p1a: Rotom|[from] ability: Levitate
|move|p1a: Rotom|Hydro Pump|p2a: Chopper|[miss]
|-miss|p1a: Rotom|p2a: Chopper
|
|upkeep
|turn|10
|
|t:|1779820018
|move|p2a: Chopper|U-turn|p1a: Rotom
|-damage|p1a: Rotom|76/100
|
|t:|1779820038
|switch|p2a: Loki|Slowking-Galar, M, shiny|68/100|[from] U-turn
|move|p1a: Rotom|Hydro Pump|p2a: Loki|[miss]
|-miss|p1a: Rotom|p2a: Loki
|
|-heal|p1a: Rotom|82/100|[from] item: Leftovers
|upkeep
|turn|11
|
|t:|1779820050
|move|p1a: Rotom|Hydro Pump|p2a: Loki|[miss]
|-miss|p1a: Rotom|p2a: Loki
|move|p2a: Loki|Sludge Bomb|p1a: Rotom
|-damage|p1a: Rotom|53/100
|
|-heal|p1a: Rotom|59/100|[from] item: Leftovers
|upkeep
|turn|12
|c|☆Lenewi|Wtf
|
|t:|1779820060
|move|p1a: Rotom|Hydro Pump|p2a: Loki
|-damage|p2a: Loki|44/100
|move|p2a: Loki|Psyshock|p1a: Rotom
|-damage|p1a: Rotom|28/100
|
|-heal|p1a: Rotom|35/100|[from] item: Leftovers
|upkeep
|turn|13
|
|t:|1779820071
|move|p1a: Rotom|Volt Switch|p2a: Loki
|-damage|p2a: Loki|28/100
|
|t:|1779820077
|switch|p1a: Gliscor|Gliscor, M|100/100|[from] Volt Switch
|move|p2a: Loki|Sludge Bomb|p1a: Gliscor
|-resisted|p1a: Gliscor
|-damage|p1a: Gliscor|87/100
|-status|p1a: Gliscor|psn
|
|-heal|p1a: Gliscor|99/100 psn|[from] ability: Poison Heal
|upkeep
|turn|14
|
|t:|1779820092
|move|p1a: Gliscor|Earthquake|p2a: Loki
|-supereffective|p2a: Loki
|-damage|p2a: Loki|0 fnt
|faint|p2a: Loki
|
|-heal|p1a: Gliscor|100/100 psn|[from] ability: Poison Heal
|upkeep
|
|t:|1779820097
|switch|p2a: Zoro|Iron Valiant|100/100
|-enditem|p2a: Zoro|Booster Energy
|-activate|p2a: Zoro|ability: Quark Drive|[fromitem]
|-start|p2a: Zoro|quarkdrivespe
|turn|15
|
|t:|1779820106
|move|p2a: Zoro|Spirit Break|p1a: Gliscor
|-damage|p1a: Gliscor|71/100 psn
|-unboost|p1a: Gliscor|spa|1
|move|p1a: Gliscor|Toxic|p2a: Zoro
|-status|p2a: Zoro|tox
|
|-damage|p2a: Zoro|94/100 tox|[from] psn
|-heal|p1a: Gliscor|83/100 psn|[from] ability: Poison Heal
|upkeep
|turn|16
|
|t:|1779820116
|move|p1a: Gliscor|Protect|p1a: Gliscor
|-singleturn|p1a: Gliscor|Protect
|move|p2a: Zoro|Knock Off|p1a: Gliscor
|-activate|p1a: Gliscor|move: Protect
|
|-damage|p2a: Zoro|82/100 tox|[from] psn
|-heal|p1a: Gliscor|96/100 psn|[from] ability: Poison Heal
|upkeep
|turn|17
|
|t:|1779820125
|move|p2a: Zoro|Spirit Break|p1a: Gliscor
|-damage|p1a: Gliscor|63/100 psn
|-unboost|p1a: Gliscor|spa|1
|move|p1a: Gliscor|Earthquake|p2a: Zoro
|-damage|p2a: Zoro|40/100 tox
|
|-damage|p2a: Zoro|22/100 tox|[from] psn
|-heal|p1a: Gliscor|76/100 psn|[from] ability: Poison Heal
|upkeep
|turn|18
|
|t:|1779820136
|move|p1a: Gliscor|Protect|p1a: Gliscor
|-singleturn|p1a: Gliscor|Protect
|move|p2a: Zoro|Encore|p1a: Gliscor
|-activate|p1a: Gliscor|move: Protect
|
|-damage|p2a: Zoro|0 fnt|[from] psn
|faint|p2a: Zoro
|-end|p2a: Zoro|Quark Drive|[silent]
|-heal|p1a: Gliscor|88/100 psn|[from] ability: Poison Heal
|upkeep
|
|t:|1779820144
|switch|p2a: Chopper|Landorus-Therian, M, shiny|7/100
|-ability|p2a: Chopper|Intimidate|boost
|-unboost|p1a: Gliscor|atk|1
|turn|19
|
|t:|1779820150
|switch|p1a: Rotom|Rotom-Wash|35/100
|move|p2a: Chopper|U-turn|p1a: Rotom
|-damage|p1a: Rotom|10/100
|
|t:|1779820155
|switch|p2a: My King|Kingambit, F, shiny|100/100|[from] U-turn
|-activate|p2a: My King|ability: Supreme Overlord
|-start|p2a: My King|fallen4|[silent]
|
|-heal|p1a: Rotom|16/100|[from] item: Leftovers
|upkeep
|turn|20
|
|t:|1779820163
|move|p2a: My King|Sucker Punch||[still]
|-fail|p2a: My King
|move|p1a: Rotom|Pain Split|p2a: My King
|-sethp|p2a: My King|56/100|[from] move: Pain Split|[silent]
|-sethp|p1a: Rotom|75/100|[from] move: Pain Split
|
|-heal|p1a: Rotom|81/100|[from] item: Leftovers
|upkeep
|turn|21
|
|t:|1779820175
|move|p2a: My King|Sucker Punch|p1a: Rotom
|-damage|p1a: Rotom|2/100
|-damage|p2a: My King|47/100|[from] item: Life Orb
|move|p1a: Rotom|Hydro Pump|p2a: My King
|-damage|p2a: My King|9/100
|
|-heal|p1a: Rotom|9/100|[from] item: Leftovers
|upkeep
|turn|22
|-message|RayquazaLover0 forfeited.
|
|win|Lenewi
|raw|Lenewi's rating: 1183 &rarr; <strong>1208</strong><br />(+25 for winning)
|raw|RayquazaLover0's rating: 1177 &rarr; <strong>1152</strong><br />(-25 for losing)
|l|☆RayquazaLover0
|player|p2|
|l|☆Lenewi
|player|p1|
