|j|☆senpako
|j|☆owlwaystired
|t:|1779856270
|gametype|singles
|player|p1|senpako|koga|1430
|player|p2|owlwaystired|1|1437
|gen|9
|tier|[Gen 9] OU
|rated|
|rule|HP Percentage Mod: HP is shown in percentages
|rule|Endless Battle Clause: Forcing endless battles is banned
|rule|Species Clause: Limit one of each Pokémon
|rule|OHKO Clause: OHKO moves are banned
|rule|Evasion Items Clause: Evasion items are banned
|rule|Evasion Moves Clause: Evasion moves are banned
|rule|Evasion Abilities Clause: Evasion abilities are banned
|rule|Sleep Moves Clause: Sleep-inducing moves are banned
|clearpoke
|poke|p1|Ceruledge, F|
|poke|p1|Garchomp, M|
|poke|p1|Moltres-Galar|
|poke|p1|Iron Valiant|
|poke|p1|Walking Wake|
|poke|p1|Gholdengo|
|poke|p2|Primarina, F|
|poke|p2|Grimmsnarl, M|
|poke|p2|Lokix, F|
|poke|p2|Walking Wake|
|poke|p2|Kingambit, F|
|poke|p2|Iron Moth|
|teampreview
|inactive|Battle timer is ON: inactive players will automatically lose when time's up. (requested by senpako)
|l|☆senpako
|inactive|senpako disconnected and has a minute to reconnect!
|player|p1|
|
|t:|1779856297
|teamsize|p1|6
|teamsize|p2|6
|start
|switch|p1a: Gholdengo|Gholdengo|100/100
|switch|p2a: Primarina|Primarina, F|100/100
|turn|1
|inactive|senpako has 30 seconds to reconnect!
|inactive|senpako has 20 seconds to reconnect!
|inactive|senpako has 15 seconds to reconnect!
|inactive|senpako has 10 seconds to reconnect!
|j|☆senpako
|inactive|senpako reconnected and has 100 seconds left.
|player|p1|senpako|koga|
|
|t:|1779856352
|move|p1a: Gholdengo|Trick|p2a: Primarina
|-activate|p1a: Gholdengo|move: Trick|[of] p2a: Primarina
|-item|p2a: Primarina|Choice Scarf|[from] move: Trick
|-item|p1a: Gholdengo|Mystic Water|[from] move: Trick
|move|p2a: Primarina|Sparkling Aria|p1a: Gholdengo
|-damage|p1a: Gholdengo|44/100
|
|upkeep
|turn|2
|
|t:|1779856359
|move|p1a: Gholdengo|Make It Rain|p2a: Primarina
|-damage|p2a: Primarina|40/100
|-unboost|p1a: Gholdengo|spa|1
|move|p2a: Primarina|Sparkling Aria|p1a: Gholdengo
|-damage|p1a: Gholdengo|0 fnt
|faint|p1a: Gholdengo
|
|upkeep
|inactive|senpako has 90 seconds left.
|
|t:|1779856386
|switch|p1a: Walking Wake|Walking Wake|100/100
|-enditem|p1a: Walking Wake|Booster Energy
|-activate|p1a: Walking Wake|ability: Protosynthesis|[fromitem]
|-start|p1a: Walking Wake|protosynthesisspa
|turn|3
|
|t:|1779856398
|switch|p2a: Grimmsnarl|Grimmsnarl, M|100/100
|move|p1a: Walking Wake|Agility|p1a: Walking Wake
|-boost|p1a: Walking Wake|spe|2
|
|upkeep
|turn|4
|
|t:|1779856404
|move|p1a: Walking Wake|Surf|p2a: Grimmsnarl
|-damage|p2a: Grimmsnarl|33/100
|move|p2a: Grimmsnarl|Spirit Break|p1a: Walking Wake
|-supereffective|p1a: Walking Wake
|-damage|p1a: Walking Wake|10/100
|-unboost|p1a: Walking Wake|spa|1
|
|-heal|p2a: Grimmsnarl|39/100|[from] item: Leftovers
|upkeep
|turn|5
|
|t:|1779856411
|move|p2a: Grimmsnarl|Sucker Punch|p1a: Walking Wake
|-damage|p1a: Walking Wake|0 fnt
|faint|p1a: Walking Wake
|-end|p1a: Walking Wake|Protosynthesis|[silent]
|
|-heal|p2a: Grimmsnarl|45/100|[from] item: Leftovers
|upkeep
|
|t:|1779856417
|switch|p1a: Moltres|Moltres-Galar, shiny|100/100
|turn|6
|
|t:|1779856421
|move|p2a: Grimmsnarl|Thunder Wave|p1a: Moltres
|-hint|Since gen 7, Dark is immune to Prankster moves.
|-immune|p1a: Moltres
|move|p1a: Moltres|Agility|p1a: Moltres
|-boost|p1a: Moltres|spe|2
|
|-heal|p2a: Grimmsnarl|51/100|[from] item: Leftovers
|upkeep
|turn|7
|
|t:|1779856431
|-terastallize|p1a: Moltres|Ground
|move|p1a: Moltres|Air Slash|p2a: Grimmsnarl
|-damage|p2a: Grimmsnarl|10/100
|move|p2a: Grimmsnarl|Spirit Break|p1a: Moltres
|-damage|p1a: Moltres|51/100
|-unboost|p1a: Moltres|spa|1
|
|-heal|p2a: Grimmsnarl|16/100|[from] item: Leftovers
|upkeep
|turn|8
|
|t:|1779856444
|move|p2a: Grimmsnarl|Sucker Punch|p1a: Moltres
|-damage|p1a: Moltres|8/100
|-ability|p1a: Moltres|Berserk|boost
|-boost|p1a: Moltres|spa|1
|-enditem|p1a: Moltres|Sitrus Berry|[eat]
|-heal|p1a: Moltres|33/100|[from] item: Sitrus Berry
|move|p1a: Moltres|Air Slash|p2a: Grimmsnarl
|-damage|p2a: Grimmsnarl|0 fnt
|faint|p2a: Grimmsnarl
|
|upkeep
|
|t:|1779856453
|switch|p2a: Primarina|Primarina, F|40/100
|turn|9
|
|t:|1779856468
|switch|p1a: Iron Valiant|Iron Valiant|100/100
|-enditem|p1a: Iron Valiant|Booster Energy
|-activate|p1a: Iron Valiant|ability: Quark Drive|[fromitem]
|-start|p1a: Iron Valiant|quarkdrivespe
|move|p2a: Primarina|Aqua Jet|p1a: Iron Valiant
|-damage|p1a: Iron Valiant|85/100
|
|upkeep
|turn|10
|
|t:|1779856481
|switch|p2a: Iron Moth|Iron Moth|100/100
|-enditem|p2a: Iron Moth|Booster Energy
|-activate|p2a: Iron Moth|ability: Quark Drive|[fromitem]
|-start|p2a: Iron Moth|quarkdrivespa
|move|p1a: Iron Valiant|Calm Mind|p1a: Iron Valiant
|-boost|p1a: Iron Valiant|spa|1
|-boost|p1a: Iron Valiant|spd|1
|
|upkeep
|turn|11
|
|t:|1779856491
|move|p1a: Iron Valiant|Moonblast|p2a: Iron Moth
|-resisted|p2a: Iron Moth
|-damage|p2a: Iron Moth|81/100
|move|p2a: Iron Moth|Fiery Dance|p1a: Iron Valiant
|-damage|p1a: Iron Valiant|19/100
|-boost|p2a: Iron Moth|spa|1
|
|upkeep
|turn|12
|
|t:|1779856499
|move|p1a: Iron Valiant|Aura Sphere|p2a: Iron Moth
|-resisted|p2a: Iron Moth
|-damage|p2a: Iron Moth|50/100
|move|p2a: Iron Moth|Fiery Dance|p1a: Iron Valiant
|-damage|p1a: Iron Valiant|0 fnt
|-boost|p2a: Iron Moth|spa|1
|faint|p1a: Iron Valiant
|-end|p1a: Iron Valiant|Quark Drive|[silent]
|
|upkeep
|
|t:|1779856504
|switch|p1a: Garchomp|Garchomp, M|100/100
|turn|13
|
|t:|1779856507
|-terastallize|p2a: Iron Moth|Bug
|move|p2a: Iron Moth|Bug Buzz|p1a: Garchomp
|-damage|p1a: Garchomp|0 fnt
|faint|p1a: Garchomp
|
|upkeep
|
|t:|1779856516
|switch|p1a: Moltres|Moltres-Galar, shiny, tera:Ground|33/100
|turn|14
|-message|senpako forfeited.
|
|win|owlwaystired
|raw|senpako's rating: 1430 &rarr; <strong>1410</strong><br />(-20 for losing)
|raw|owlwaystired's rating: 1437 &rarr; <strong>1457</strong><br />(+20 for winning)
|l|☆senpako
|player|p1|
|l|☆owlwaystired
|player|p2|
