|j|☆Gloryboykeef
|j|☆D4rkraiFan
|t:|1779917175
|gametype|singles
|player|p1|Gloryboykeef|policeman-gen4|1120
|player|p2|D4rkraiFan|1|1081
|gen|9
|tier|[Gen 9] OU
|rated|
|rule|HP Percentage Mod: HP is shown in percentages
|rule|Endless Battle Clause: Forcing endless battles is banned
|rule|Species Clause: Limit one of each Pokémon
|rule|OHKO Clause: OHKO moves are banned
|rule|Evasion Items Clause: Evasion items are banned
|rule|Evasion Moves Clause: Evasion moves are banned
|rule|Evasion Abilities Clause: Evasion abilities are banned
|rule|Sleep Moves Clause: Sleep-inducing moves are banned
|clearpoke
|poke|p1|Pelipper, M|
|poke|p1|Barraskewda, F|
|poke|p1|Thundurus-Therian, M|
|poke|p1|Kingdra, M|
|poke|p1|Tentacruel, F|
|poke|p1|Slaking, M|
|poke|p2|Weezing-Galar, M|
|poke|p2|Alomomola, M|
|poke|p2|Iron Treads|
|poke|p2|Tornadus-Therian, M|
|poke|p2|Zamazenta-*|
|poke|p2|Lokix, M|
|teampreview
|
|t:|1779917188
|teamsize|p1|6
|teamsize|p2|6
|start
|switch|p1a: Slaking|Slaking, M, shiny|100/100
|switch|p2a: Tornadus|Tornadus-Therian, M|100/100
|turn|1
|
|t:|1779917195
|move|p2a: Tornadus|U-turn|p1a: Slaking
|-damage|p1a: Slaking|90/100
|
|t:|1779917198
|switch|p2a: Iron Treads|Iron Treads|100/100|[from] U-turn
|move|p1a: Slaking|Knock Off|p2a: Iron Treads
|-damage|p2a: Iron Treads|49/100
|-enditem|p2a: Iron Treads|Leftovers|[from] move: Knock Off|[of] p1a: Slaking
|
|upkeep
|turn|2
|
|t:|1779917205
|switch|p1a: Pelipper|Pelipper, M|100/100
|-weather|RainDance|[from] ability: Drizzle|[of] p1a: Pelipper
|move|p2a: Iron Treads|Stealth Rock|p1a: Pelipper
|-sidestart|p1: Gloryboykeef|move: Stealth Rock
|
|-weather|RainDance|[upkeep]
|upkeep
|turn|3
|
|t:|1779917226
|-end|p2a: Iron Treads|Quark Drive|[silent]
|switch|p2a: Tornadus|Tornadus-Therian, M|100/100
|move|p1a: Pelipper|Hydro Pump|p2a: Tornadus
|-damage|p2a: Tornadus|64/100
|
|-weather|RainDance|[upkeep]
|upkeep
|turn|4
|
|t:|1779917231
|move|p2a: Tornadus|Bleakwind Storm|p1a: Pelipper
|-damage|p1a: Pelipper|43/100
|move|p1a: Pelipper|U-turn|p2a: Tornadus
|-resisted|p2a: Tornadus
|-damage|p2a: Tornadus|59/100
|inactive|Battle timer is ON: inactive players will automatically lose when time's up. (requested by D4rkraiFan)
|
|t:|1779917236
|switch|p1a: Thundurus|Thundurus-Therian, M|100/100|[from] U-turn
|-damage|p1a: Thundurus|76/100|[from] Stealth Rock
|
|-weather|RainDance|[upkeep]
|upkeep
|turn|5
|
|t:|1779917245
|switch|p2a: Iron Treads|Iron Treads|49/100
|move|p1a: Thundurus|Weather Ball|p2a: Iron Treads
|-supereffective|p2a: Iron Treads
|-damage|p2a: Iron Treads|0 fnt
|faint|p2a: Iron Treads
|-end|p2a: Iron Treads|Quark Drive|[silent]
|
|-weather|RainDance|[upkeep]
|upkeep
|
|t:|1779917254
|switch|p2a: Lokix|Lokix, M|100/100
|turn|6
|
|t:|1779917260
|-terastallize|p2a: Lokix|Bug
|move|p2a: Lokix|First Impression|p1a: Thundurus
|-resisted|p1a: Thundurus
|-damage|p1a: Thundurus|0 fnt
|faint|p1a: Thundurus
|
|-weather|RainDance|[upkeep]
|upkeep
|
|t:|1779917268
|switch|p1a: Kingdra|Kingdra, M|100/100
|-damage|p1a: Kingdra|88/100|[from] Stealth Rock
|turn|7
|
|t:|1779917275
|switch|p2a: Alomomola|Alomomola, M|100/100
|move|p1a: Kingdra|Hydro Pump|p2a: Alomomola
|-resisted|p2a: Alomomola
|-damage|p2a: Alomomola|46/100
|
|-weather|RainDance|[upkeep]
|upkeep
|turn|8
|
|t:|1779917289
|-terastallize|p1a: Kingdra|Water
|move|p2a: Alomomola|Protect|p2a: Alomomola
|-singleturn|p2a: Alomomola|Protect
|move|p1a: Kingdra|Hydro Pump|p2a: Alomomola
|-activate|p2a: Alomomola|move: Protect
|
|-weather|RainDance|[upkeep]
|upkeep
|turn|9
|
|t:|1779917297
|switch|p2a: Tornadus|Tornadus-Therian, M|92/100
|move|p1a: Kingdra|Hydro Pump|p2a: Tornadus
|-damage|p2a: Tornadus|0 fnt
|faint|p2a: Tornadus
|
|-weather|none
|upkeep
|
|t:|1779917299
|switch|p2a: Zamazenta|Zamazenta|100/100
|-ability|p2a: Zamazenta|Dauntless Shield|boost
|-boost|p2a: Zamazenta|def|1
|turn|10
|
|t:|1779917305
|switch|p1a: Pelipper|Pelipper, M|43/100
|-damage|p1a: Pelipper|18/100|[from] Stealth Rock
|-weather|RainDance|[from] ability: Drizzle|[of] p1a: Pelipper
|move|p2a: Zamazenta|Close Combat|p1a: Pelipper
|-resisted|p1a: Pelipper
|-damage|p1a: Pelipper|0 fnt
|-unboost|p2a: Zamazenta|def|1
|-unboost|p2a: Zamazenta|spd|1
|faint|p1a: Pelipper
|
|-weather|RainDance|[upkeep]
|upkeep
|
|t:|1779917308
|switch|p1a: Kingdra|Kingdra, M, tera:Water|88/100
|-damage|p1a: Kingdra|76/100|[from] Stealth Rock
|turn|11
|
|t:|1779917310
|move|p1a: Kingdra|Hydro Pump|p2a: Zamazenta
|-damage|p2a: Zamazenta|0 fnt
|faint|p2a: Zamazenta
|
|-weather|RainDance|[upkeep]
|upkeep
|
|t:|1779917334
|switch|p2a: Lokix|Lokix, M, tera:Bug|100/100
|turn|12
|
|t:|1779917341
|move|p2a: Lokix|First Impression|p1a: Kingdra
|-damage|p1a: Kingdra|0 fnt
|faint|p1a: Kingdra
|
|-weather|RainDance|[upkeep]
|upkeep
|
|t:|1779917346
|switch|p1a: Slaking|Slaking, M, shiny|90/100
|-damage|p1a: Slaking|77/100|[from] Stealth Rock
|turn|13
|
|t:|1779917349
|switch|p2a: Weezing|Weezing-Galar, M|100/100
|-ability|p2a: Weezing|Neutralizing Gas
|move|p1a: Slaking|Giga Impact|p2a: Weezing
|-damage|p2a: Weezing|7/100
|-mustrecharge|p1a: Slaking
|
|-weather|RainDance|[upkeep]
|-heal|p2a: Weezing|13/100|[from] item: Leftovers
|upkeep
|turn|14
|
|t:|1779917358
|cant|p1a: Slaking|recharge
|move|p2a: Weezing|Toxic|p1a: Slaking
|-status|p1a: Slaking|tox
|
|-weather|RainDance|[upkeep]
|-heal|p2a: Weezing|19/100|[from] item: Leftovers
|-damage|p1a: Slaking|71/100 tox|[from] psn
|upkeep
|turn|15
|
|t:|1779917363
|move|p2a: Weezing|Protect|p2a: Weezing
|-singleturn|p2a: Weezing|Protect
|move|p1a: Slaking|Giga Impact|p2a: Weezing
|-activate|p2a: Weezing|move: Protect
|
|-weather|RainDance|[upkeep]
|-heal|p2a: Weezing|25/100|[from] item: Leftovers
|-damage|p1a: Slaking|59/100 tox|[from] psn
|upkeep
|turn|16
|
|t:|1779917380
|-end|p2a: Weezing|ability: Neutralizing Gas
|switch|p2a: Lokix|Lokix, M, tera:Bug|100/100
|move|p1a: Slaking|Giga Impact|p2a: Lokix
|-damage|p2a: Lokix|0 fnt
|-mustrecharge|p1a: Slaking
|faint|p2a: Lokix
|
|-weather|RainDance|[upkeep]
|-damage|p1a: Slaking|41/100 tox|[from] psn
|upkeep
|-message|D4rkraiFan forfeited.
|
|win|Gloryboykeef
|raw|Gloryboykeef's rating: 1120 &rarr; <strong>1142</strong><br />(+22 for winning)
|raw|D4rkraiFan's rating: 1081 &rarr; <strong>1061</strong><br />(-20 for losing)
|l|☆D4rkraiFan
|player|p2|
|l|☆Gloryboykeef
|player|p1|
