|j|☆HNHR
|j|☆shauryagarchamp
|t:|1779805388
|gametype|singles
|player|p1|HNHR|170|1214
|player|p2|shauryagarchamp|elesa-masters3|1199
|gen|9
|tier|[Gen 9] OU
|rated|
|rule|HP Percentage Mod: HP is shown in percentages
|rule|Endless Battle Clause: Forcing endless battles is banned
|rule|Species Clause: Limit one of each Pokémon
|rule|OHKO Clause: OHKO moves are banned
|rule|Evasion Items Clause: Evasion items are banned
|rule|Evasion Moves Clause: Evasion moves are banned
|rule|Evasion Abilities Clause: Evasion abilities are banned
|rule|Sleep Moves Clause: Sleep-inducing moves are banned
|clearpoke
|poke|p1|Tornadus, M|
|poke|p1|Meowscarada, M|
|poke|p1|Garganacl, M|
|poke|p1|Ninetales-Alola, F|
|poke|p1|Donphan, M|
|poke|p1|Scizor, F|
|poke|p2|Weezing-Galar, F|
|poke|p2|Gholdengo|
|poke|p2|Ursaluna, F|
|poke|p2|Electrode-Hisui|
|poke|p2|Arcanine-Hisui, M|
|poke|p2|Weavile, F|
|teampreview
|inactive|Battle timer is ON: inactive players will automatically lose when time's up. (requested by shauryagarchamp)
|
|t:|1779805401
|teamsize|p1|6
|teamsize|p2|6
|start
|switch|p1a: Ninetales|Ninetales-Alola, F|100/100
|switch|p2a: Weavile|Weavile, F|100/100
|-weather|Snowscape|[from] ability: Snow Warning|[of] p1a: Ninetales
|turn|1
|
|t:|1779805407
|move|p2a: Weavile|Taunt|p1a: Ninetales
|-start|p1a: Ninetales|move: Taunt
|cant|p1a: Ninetales|move: Taunt|Nasty Plot
|
|-weather|Snowscape|[upkeep]
|upkeep
|turn|2
|
|t:|1779805419
|switch|p2a: Gholdengo|Gholdengo|100/100
|-item|p2a: Gholdengo|Air Balloon
|move|p1a: Ninetales|Moonblast|p2a: Gholdengo
|-resisted|p2a: Gholdengo
|-damage|p2a: Gholdengo|79/100
|-unboost|p2a: Gholdengo|spa|1
|-enditem|p2a: Gholdengo|Air Balloon
|
|-weather|Snowscape|[upkeep]
|upkeep
|turn|3
|
|t:|1779805427
|move|p1a: Ninetales|Moonblast|p2a: Gholdengo
|-resisted|p2a: Gholdengo
|-damage|p2a: Gholdengo|57/100
|move|p2a: Gholdengo|Nasty Plot|p2a: Gholdengo
|-boost|p2a: Gholdengo|spa|2
|
|-weather|Snowscape|[upkeep]
|-end|p1a: Ninetales|move: Taunt
|upkeep
|turn|4
|
|t:|1779805439
|move|p1a: Ninetales|Aurora Veil|p1a: Ninetales
|-sidestart|p1: HNHR|move: Aurora Veil
|move|p2a: Gholdengo|Nasty Plot|p2a: Gholdengo
|-boost|p2a: Gholdengo|spa|2
|
|-weather|Snowscape|[upkeep]
|upkeep
|turn|5
|
|t:|1779805448
|move|p1a: Ninetales|Blizzard|p2a: Gholdengo
|-resisted|p2a: Gholdengo
|-damage|p2a: Gholdengo|33/100
|move|p2a: Gholdengo|Nasty Plot|p2a: Gholdengo
|-boost|p2a: Gholdengo|spa|2
|
|-weather|none
|upkeep
|turn|6
|
|t:|1779805455
|move|p1a: Ninetales|Blizzard|p2a: Gholdengo
|-resisted|p2a: Gholdengo
|-damage|p2a: Gholdengo|10/100
|move|p2a: Gholdengo|Make It Rain|p1a: Ninetales
|-supereffective|p1a: Ninetales
|-enditem|p1a: Ninetales|Focus Sash
|-damage|p1a: Ninetales|1/100
|-unboost|p2a: Gholdengo|spa|1
|
|upkeep
|turn|7
|
|t:|1779805464
|move|p1a: Ninetales|Blizzard|p2a: Gholdengo|[miss]
|-miss|p1a: Ninetales|p2a: Gholdengo
|move|p2a: Gholdengo|Shadow Ball|p1a: Ninetales
|-damage|p1a: Ninetales|0 fnt
|faint|p1a: Ninetales
|
|upkeep
|
|t:|1779805467
|switch|p1a: Meowscarada|Meowscarada, M|100/100
|turn|8
|
|t:|1779805485
|move|p1a: Meowscarada|Dark Pulse|p2a: Gholdengo
|-start|p1a: Meowscarada|typechange|Dark|[from] ability: Protean
|-supereffective|p2a: Gholdengo
|-damage|p2a: Gholdengo|0 fnt
|faint|p2a: Gholdengo
|
|-sideend|p1: HNHR|move: Aurora Veil
|upkeep
|
|t:|1779805502
|switch|p2a: Weavile|Weavile, F|100/100
|turn|9
|
|t:|1779805514
|switch|p1a: Scizor|Scizor, F|100/100
|-terastallize|p2a: Weavile|Psychic
|move|p2a: Weavile|Low Sweep|p1a: Scizor
|-damage|p1a: Scizor|78/100
|-unboost|p1a: Scizor|spe|1
|
|upkeep
|turn|10
|
|t:|1779805526
|switch|p2a: Arcanine|Arcanine-Hisui, M, shiny|100/100
|move|p1a: Scizor|Lunge|p2a: Arcanine
|-resisted|p2a: Arcanine
|-damage|p2a: Arcanine|74/100
|-unboost|p2a: Arcanine|atk|1
|
|upkeep
|turn|11
|
|t:|1779805549
|move|p1a: Scizor|Bullet Punch|p2a: Arcanine
|-damage|p2a: Arcanine|31/100
|move|p2a: Arcanine|Stealth Rock|p1a: Scizor
|-sidestart|p1: HNHR|move: Stealth Rock
|
|upkeep
|turn|12
|
|t:|1779805556
|move|p2a: Arcanine|Extreme Speed|p1a: Scizor
|-resisted|p1a: Scizor
|-damage|p1a: Scizor|66/100
|-damage|p2a: Arcanine|21/100|[from] item: Life Orb
|move|p1a: Scizor|Bullet Punch|p2a: Arcanine
|-damage|p2a: Arcanine|0 fnt
|faint|p2a: Arcanine
|
|upkeep
|
|t:|1779805565
|switch|p2a: Ursaluna|Ursaluna, F|100/100
|turn|13
|
|t:|1779805570
|move|p2a: Ursaluna|Fire Punch|p1a: Scizor
|-supereffective|p1a: Scizor
|-damage|p1a: Scizor|0 fnt
|faint|p1a: Scizor
|
|-status|p2a: Ursaluna|brn|[from] item: Flame Orb
|upkeep
|
|t:|1779805578
|switch|p1a: Meowscarada|Meowscarada, M|100/100
|-damage|p1a: Meowscarada|88/100|[from] Stealth Rock
|turn|14
|
|t:|1779805583
|move|p2a: Ursaluna|Protect|p2a: Ursaluna
|-singleturn|p2a: Ursaluna|Protect
|move|p1a: Meowscarada|Leaf Storm|p2a: Ursaluna
|-start|p1a: Meowscarada|typechange|Grass|[from] ability: Protean
|-activate|p2a: Ursaluna|move: Protect
|
|-damage|p2a: Ursaluna|94/100 brn|[from] brn
|upkeep
|turn|15
|
|t:|1779805591
|move|p1a: Meowscarada|Leaf Storm|p2a: Ursaluna
|-supereffective|p2a: Ursaluna
|-damage|p2a: Ursaluna|0 fnt
|-unboost|p1a: Meowscarada|spa|2
|faint|p2a: Ursaluna
|
|upkeep
|
|t:|1779805600
|switch|p2a: Electrode|Electrode-Hisui|100/100
|turn|16
|
|t:|1779805606
|switch|p1a: Donphan|Donphan, M|100/100
|-damage|p1a: Donphan|94/100|[from] Stealth Rock
|move|p2a: Electrode|Leaf Storm|p1a: Donphan
|-supereffective|p1a: Donphan
|-damage|p1a: Donphan|0 fnt
|-unboost|p2a: Electrode|spa|2
|faint|p1a: Donphan
|
|upkeep
|
|t:|1779805616
|switch|p1a: Tornadus|Tornadus, M|100/100
|-damage|p1a: Tornadus|75/100|[from] Stealth Rock
|turn|17
|inactive|HNHR has 120 seconds left.
|
|t:|1779805654
|-terastallize|p1a: Tornadus|Flying
|move|p2a: Electrode|Thunder|p1a: Tornadus|[miss]
|-miss|p2a: Electrode|p1a: Tornadus
|move|p1a: Tornadus|Bleakwind Storm|p2a: Electrode
|-damage|p2a: Electrode|0 fnt
|faint|p2a: Electrode
|-damage|p1a: Tornadus|65/100|[from] item: Life Orb
|
|upkeep
|
|t:|1779805665
|switch|p2a: Weavile|Weavile, F, tera:Psychic|100/100
|turn|18
|
|t:|1779805673
|move|p2a: Weavile|Knock Off|p1a: Tornadus
|-damage|p1a: Tornadus|0 fnt
|-enditem|p1a: Tornadus|Life Orb|[from] move: Knock Off|[of] p2a: Weavile
|faint|p1a: Tornadus
|
|upkeep
|
|t:|1779805677
|switch|p1a: Meowscarada|Meowscarada, M|88/100
|-damage|p1a: Meowscarada|76/100|[from] Stealth Rock
|turn|19
|
|t:|1779805689
|move|p2a: Weavile|Low Sweep|p1a: Meowscarada
|-supereffective|p1a: Meowscarada
|-damage|p1a: Meowscarada|10/100
|-unboost|p1a: Meowscarada|spe|1
|move|p1a: Meowscarada|Dark Pulse|p2a: Weavile
|-start|p1a: Meowscarada|typechange|Dark|[from] ability: Protean
|-supereffective|p2a: Weavile
|-enditem|p2a: Weavile|Focus Sash
|-damage|p2a: Weavile|1/100
|
|upkeep
|turn|20
|
|t:|1779805702
|move|p2a: Weavile|Ice Shard|p1a: Meowscarada
|-damage|p1a: Meowscarada|0 fnt
|faint|p1a: Meowscarada
|
|upkeep
|
|t:|1779805705
|switch|p1a: Garganacl|Garganacl, M|100/100
|-damage|p1a: Garganacl|88/100|[from] Stealth Rock
|turn|21
|
|t:|1779805718
|move|p2a: Weavile|Low Sweep|p1a: Garganacl
|-supereffective|p1a: Garganacl
|-damage|p1a: Garganacl|55/100
|-unboost|p1a: Garganacl|spe|1
|move|p1a: Garganacl|Earthquake|p2a: Weavile
|-damage|p2a: Weavile|0 fnt
|faint|p2a: Weavile
|
|upkeep
|
|t:|1779805724
|switch|p2a: Weezing|Weezing-Galar, F|100/100
|-ability|p2a: Weezing|Neutralizing Gas
|-item|p2a: Weezing|Air Balloon
|turn|22
|-message|HNHR forfeited.
|
|win|shauryagarchamp
|raw|HNHR's rating: 1214 &rarr; <strong>1188</strong><br />(-26 for losing)
|raw|shauryagarchamp's rating: 1199 &rarr; <strong>1225</strong><br />(+26 for winning)
|l|☆HNHR
|player|p1|
|l|☆shauryagarchamp
|player|p2|
