|j|☆lockheed shartin
|j|☆Free P41estine
|t:|1779802096
|gametype|singles
|player|p1|lockheed shartin|preschooler|1510
|player|p2|Free P41estine|benga|1535
|gen|9
|tier|[Gen 9] OU
|rated|
|rule|HP Percentage Mod: HP is shown in percentages
|rule|Endless Battle Clause: Forcing endless battles is banned
|rule|Species Clause: Limit one of each Pokémon
|rule|OHKO Clause: OHKO moves are banned
|rule|Evasion Items Clause: Evasion items are banned
|rule|Evasion Moves Clause: Evasion moves are banned
|rule|Evasion Abilities Clause: Evasion abilities are banned
|rule|Sleep Moves Clause: Sleep-inducing moves are banned
|clearpoke
|poke|p1|Gliscor, F|
|poke|p1|Hatterene, F|
|poke|p1|Lokix, M|
|poke|p1|Volcanion|
|poke|p1|Zamazenta-*|
|poke|p1|Dragapult, M|
|poke|p2|Ogerpon, F|
|poke|p2|Rillaboom, F|
|poke|p2|Great Tusk|
|poke|p2|Gholdengo|
|poke|p2|Moltres|
|poke|p2|Muk-Alola, F|
|teampreview
|inactive|Battle timer is ON: inactive players will automatically lose when time's up. (requested by lockheed shartin)
|j| mawaruru
|
|t:|1779802125
|teamsize|p1|6
|teamsize|p2|6
|start
|switch|p1a: Gliscor|Gliscor, F|100/100
|switch|p2a: Tyrantr|Muk-Alola, F|100/100
|turn|1
|
|t:|1779802130
|move|p1a: Gliscor|Protect|p1a: Gliscor
|-singleturn|p1a: Gliscor|Protect
|move|p2a: Tyrantr|Knock Off|p1a: Gliscor
|-activate|p1a: Gliscor|move: Protect
|
|-status|p1a: Gliscor|tox|[from] item: Toxic Orb
|upkeep
|turn|2
|
|t:|1779802147
|move|p1a: Gliscor|Stealth Rock|p2a: Tyrantr
|-sidestart|p2: Free P41estine|move: Stealth Rock
|move|p2a: Tyrantr|Ice Punch|p1a: Gliscor
|-supereffective|p1a: Gliscor
|-crit|p1a: Gliscor
|-damage|p1a: Gliscor|10/100 tox
|
|-heal|p1a: Gliscor|22/100 tox|[from] ability: Poison Heal
|upkeep
|turn|3
|
|t:|1779802159
|switch|p2a: Rillaboom|Rillaboom, F|100/100
|-damage|p2a: Rillaboom|88/100|[from] Stealth Rock
|-fieldstart|move: Grassy Terrain|[from] ability: Grassy Surge|[of] p2a: Rillaboom
|move|p1a: Gliscor|Protect||[still]
|-fail|p1a: Gliscor
|
|-heal|p2a: Rillaboom|94/100|[from] Grassy Terrain
|-heal|p1a: Gliscor|35/100 tox|[from] ability: Poison Heal
|upkeep
|turn|4
|
|t:|1779802171
|move|p1a: Gliscor|Protect|p1a: Gliscor
|-singleturn|p1a: Gliscor|Protect
|move|p2a: Rillaboom|Wood Hammer|p1a: Gliscor
|-activate|p1a: Gliscor|move: Protect
|
|-heal|p2a: Rillaboom|99/100|[from] Grassy Terrain
|-heal|p1a: Gliscor|47/100 tox|[from] ability: Poison Heal
|upkeep
|turn|5
|inactive|lockheed shartin has 120 seconds left.
|
|t:|1779802208
|switch|p1a: Zamazenta|Zamazenta|100/100
|-ability|p1a: Zamazenta|Dauntless Shield|boost
|-boost|p1a: Zamazenta|def|1
|move|p2a: Rillaboom|Wood Hammer|p1a: Zamazenta
|-damage|p1a: Zamazenta|58/100
|-damage|p2a: Rillaboom|85/100|[from] Recoil
|
|-heal|p1a: Zamazenta|65/100|[from] Grassy Terrain
|-heal|p1a: Zamazenta|71/100|[from] item: Leftovers
|-heal|p2a: Rillaboom|91/100|[from] Grassy Terrain
|upkeep
|turn|6
|inactive|lockheed shartin has 120 seconds left.
|
|t:|1779802220
|switch|p1a: Gliscor|Gliscor, F|47/100 tox
|switch|p2a: Moltres|Moltres|100/100
|
|-heal|p1a: Gliscor|60/100 tox|[from] ability: Poison Heal
|upkeep
|turn|7
|inactive|lockheed shartin has 120 seconds left.
|
|t:|1779802230
|switch|p2a: Great Tusk|Great Tusk|100/100
|move|p1a: Gliscor|Protect||[still]
|-fail|p1a: Gliscor
|
|-heal|p1a: Gliscor|72/100 tox|[from] ability: Poison Heal
|upkeep
|turn|8
|inactive|lockheed shartin has 120 seconds left.
|
|t:|1779802241
|move|p2a: Great Tusk|Stealth Rock|p1a: Gliscor
|-sidestart|p1: lockheed shartin|move: Stealth Rock
|move|p1a: Gliscor|U-turn|p2a: Great Tusk
|-resisted|p2a: Great Tusk
|-damage|p2a: Great Tusk|95/100
|
|t:|1779802244
|switch|p1a: Dragapult|Dragapult, M|100/100|[from] U-turn
|-damage|p1a: Dragapult|88/100|[from] Stealth Rock
|
|-heal|p1a: Dragapult|94/100|[from] Grassy Terrain
|-heal|p2a: Great Tusk|100/100|[from] Grassy Terrain
|upkeep
|turn|9
|
|t:|1779802250
|-end|p2a: Great Tusk|Protosynthesis|[silent]
|switch|p2a: Tyrantr|Muk-Alola, F|100/100
|-damage|p2a: Tyrantr|88/100|[from] Stealth Rock
|move|p1a: Dragapult|U-turn|p2a: Tyrantr
|-damage|p2a: Tyrantr|71/100
|
|t:|1779802256
|switch|p1a: Lokix|Lokix, M|100/100|[from] U-turn
|
|-heal|p2a: Tyrantr|77/100|[from] Grassy Terrain
|upkeep
|turn|10
|j| nesnot
|
|t:|1779802265
|switch|p2a: Moltres|Moltres|100/100
|move|p1a: Lokix|Knock Off|p2a: Moltres
|-damage|p2a: Moltres|67/100
|-enditem|p2a: Moltres|Heavy-Duty Boots|[from] move: Knock Off|[of] p1a: Lokix
|
|-fieldend|move: Grassy Terrain
|upkeep
|turn|11
|
|t:|1779802277
|switch|p1a: Volcanion|Volcanion|100/100
|move|p2a: Moltres|U-turn|p1a: Volcanion
|-resisted|p1a: Volcanion
|-damage|p1a: Volcanion|96/100
|j| rentschler
|
|t:|1779802299
|switch|p2a: Rillaboom|Rillaboom, F|91/100|[from] U-turn
|-damage|p2a: Rillaboom|79/100|[from] Stealth Rock
|-fieldstart|move: Grassy Terrain|[from] ability: Grassy Surge|[of] p2a: Rillaboom
|
|-heal|p2a: Rillaboom|85/100|[from] Grassy Terrain
|-heal|p1a: Volcanion|100/100|[from] Grassy Terrain
|upkeep
|turn|12
|
|t:|1779802310
|move|p2a: Rillaboom|Wood Hammer|p1a: Volcanion
|-damage|p1a: Volcanion|50/100
|-damage|p2a: Rillaboom|68/100|[from] Recoil
|move|p1a: Volcanion|Flamethrower|p2a: Rillaboom
|-supereffective|p2a: Rillaboom
|-damage|p2a: Rillaboom|0 fnt
|faint|p2a: Rillaboom
|
|-heal|p1a: Volcanion|56/100|[from] Grassy Terrain
|upkeep
|inactive|Free P41estine has 120 seconds left.
|
|t:|1779802325
|switch|p2a: Ogerpon|Ogerpon, F|100/100
|-damage|p2a: Ogerpon|88/100|[from] Stealth Rock
|turn|13
|
|t:|1779802334
|move|p2a: Ogerpon|Ivy Cudgel|p1a: Volcanion
|-damage|p1a: Volcanion|0 fnt
|faint|p1a: Volcanion
|
|-heal|p2a: Ogerpon|94/100|[from] Grassy Terrain
|upkeep
|l| rentschler
|
|t:|1779802343
|switch|p1a: Lokix|Lokix, M|100/100
|turn|14
|
|t:|1779802350
|switch|p2a: Moltres|Moltres|67/100
|-damage|p2a: Moltres|17/100|[from] Stealth Rock
|move|p1a: Lokix|Swords Dance|p1a: Lokix
|-boost|p1a: Lokix|atk|2
|
|upkeep
|turn|15
|
|t:|1779802355
|move|p1a: Lokix|Knock Off|p2a: Moltres
|-damage|p2a: Moltres|0 fnt
|faint|p2a: Moltres
|
|upkeep
|
|t:|1779802365
|switch|p2a: Ogerpon|Ogerpon, F|94/100
|-damage|p2a: Ogerpon|82/100|[from] Stealth Rock
|turn|16
|
|t:|1779802379
|move|p1a: Lokix|Sucker Punch|p2a: Ogerpon
|-damage|p2a: Ogerpon|0 fnt
|faint|p2a: Ogerpon
|
|upkeep
|
|t:|1779802383
|switch|p2a: Great Tusk|Great Tusk|100/100
|turn|17
|-message|Free P41estine forfeited.
|
|win|lockheed shartin
|raw|lockheed shartin's rating: 1510 &rarr; <strong>1531</strong><br />(+21 for winning)
|raw|Free P41estine's rating: 1535 &rarr; <strong>1514</strong><br />(-21 for losing)
|l|☆Free P41estine
|player|p2|
|l| mawaruru
|l|☆lockheed shartin
|player|p1|
|l| nesnot
