|j|☆Planetary Fern
|j|☆pokeaurabuster$_&
|t:|1779942231
|gametype|singles
|player|p1|Planetary Fern|lanette|1208
|player|p2|pokeaurabuster$_&|1|1242
|gen|9
|tier|[Gen 9] OU
|rated|
|rule|HP Percentage Mod: HP is shown in percentages
|rule|Endless Battle Clause: Forcing endless battles is banned
|rule|Species Clause: Limit one of each Pokémon
|rule|OHKO Clause: OHKO moves are banned
|rule|Evasion Items Clause: Evasion items are banned
|rule|Evasion Moves Clause: Evasion moves are banned
|rule|Evasion Abilities Clause: Evasion abilities are banned
|rule|Sleep Moves Clause: Sleep-inducing moves are banned
|clearpoke
|poke|p1|Slowking-Galar, M|
|poke|p1|Great Tusk|
|poke|p1|Kyurem|
|poke|p1|Kingambit, F|
|poke|p1|Cinderace, F|
|poke|p1|Zapdos|
|poke|p2|Garchomp, F|
|poke|p2|Iron Valiant|
|poke|p2|Darkrai|
|poke|p2|Zapdos|
|poke|p2|Alomomola, F|
|poke|p2|Iron Treads|
|teampreview
|
|t:|1779942257
|teamsize|p1|6
|teamsize|p2|6
|start
|switch|p1a: Cinderace|Cinderace, F|100/100
|switch|p2a: King Piccolo|Darkrai|100/100
|turn|1
|c|☆pokeaurabuster$_&|Glhf
|c|☆Planetary Fern|u2
|
|t:|1779942284
|move|p2a: King Piccolo|Ice Beam|p1a: Cinderace
|-resisted|p1a: Cinderace
|-damage|p1a: Cinderace|73/100
|move|p1a: Cinderace|U-turn|p2a: King Piccolo
|-supereffective|p2a: King Piccolo
|-damage|p2a: King Piccolo|51/100
|
|t:|1779942302
|switch|p1a: Slowking|Slowking-Galar, M|100/100|[from] U-turn
|
|upkeep
|turn|2
|c|☆pokeaurabuster$_&|Oh is it choice band?
|c|☆Planetary Fern|yes
|
|t:|1779942319
|switch|p2a: perc 30|Iron Valiant|100/100
|-enditem|p2a: perc 30|Booster Energy
|-activate|p2a: perc 30|ability: Quark Drive|[fromitem]
|-start|p2a: perc 30|quarkdrivespe
|move|p1a: Slowking|Thunder Wave|p2a: perc 30
|-status|p2a: perc 30|par
|
|upkeep
|turn|3
|
|t:|1779942333
|-end|p2a: perc 30|Quark Drive|[silent]
|switch|p2a: Temu Tusk|Iron Treads|100/100
|move|p1a: Slowking|Sludge Bomb|p2a: Temu Tusk
|-immune|p2a: Temu Tusk
|
|upkeep
|turn|4
|
|t:|1779942342
|switch|p1a: Great Tusk|Great Tusk|100/100
|move|p2a: Temu Tusk|Volt Switch|p1a: Great Tusk
|-immune|p1a: Great Tusk
|
|upkeep
|turn|5
|
|t:|1779942348
|move|p2a: Temu Tusk|Ice Spinner|p1a: Great Tusk
|-supereffective|p1a: Great Tusk
|-damage|p1a: Great Tusk|67/100
|move|p1a: Great Tusk|Ice Spinner|p2a: Temu Tusk
|-damage|p2a: Temu Tusk|76/100
|
|-heal|p1a: Great Tusk|73/100|[from] item: Leftovers
|upkeep
|turn|6
|
|t:|1779942357
|-end|p2a: Temu Tusk|Quark Drive|[silent]
|switch|p2a: funny bird|Zapdos|100/100
|move|p1a: Great Tusk|Close Combat|p2a: funny bird
|-resisted|p2a: funny bird
|-damage|p2a: funny bird|79/100
|-unboost|p1a: Great Tusk|def|1
|-unboost|p1a: Great Tusk|spd|1
|
|-heal|p1a: Great Tusk|80/100|[from] item: Leftovers
|upkeep
|turn|7
|
|t:|1779942368
|-end|p1a: Great Tusk|Protosynthesis|[silent]
|switch|p1a: Kyurem|Kyurem|100/100
|-ability|p1a: Kyurem|Pressure
|move|p2a: funny bird|Heat Wave|p1a: Kyurem
|-damage|p1a: Kyurem|75/100
|
|upkeep
|turn|8
|
|t:|1779942379
|switch|p2a: fih|Alomomola, F|100/100
|move|p1a: Kyurem|Freeze-Dry|p2a: fih
|-supereffective|p2a: fih
|-damage|p2a: fih|45/100
|
|upkeep
|turn|9
|
|t:|1779942392
|switch|p2a: perc 30|Iron Valiant|100/100 par
|move|p1a: Kyurem|Freeze-Dry|p2a: perc 30
|-damage|p2a: perc 30|0 fnt
|faint|p2a: perc 30
|-end|p2a: perc 30|Quark Drive|[silent]
|
|upkeep
|
|t:|1779942416
|switch|p2a: fih|Alomomola, F|78/100
|turn|10
|
|t:|1779942424
|switch|p1a: Zapdos|Zapdos, shiny|100/100
|move|p2a: fih|Mirror Coat||[still]
|-fail|p2a: fih
|
|upkeep
|turn|11
|
|t:|1779942431
|switch|p2a: Temu Tusk|Iron Treads|76/100
|move|p1a: Zapdos|Thunder Wave|p2a: Temu Tusk
|-immune|p2a: Temu Tusk
|
|upkeep
|turn|12
|
|t:|1779942442
|move|p2a: Temu Tusk|Ice Spinner|p1a: Zapdos
|-supereffective|p1a: Zapdos
|-damage|p1a: Zapdos|68/100
|-status|p2a: Temu Tusk|par|[from] ability: Static|[of] p1a: Zapdos
|move|p1a: Zapdos|Roost|p1a: Zapdos
|-heal|p1a: Zapdos|100/100
|-singleturn|p1a: Zapdos|move: Roost
|
|upkeep
|turn|13
|
|t:|1779942457
|switch|p1a: Cinderace|Cinderace, F|73/100
|move|p2a: Temu Tusk|Ice Spinner|p1a: Cinderace
|-resisted|p1a: Cinderace
|-damage|p1a: Cinderace|58/100
|
|upkeep
|turn|14
|
|t:|1779942465
|-end|p2a: Temu Tusk|Quark Drive|[silent]
|switch|p2a: fih|Alomomola, F|100/100
|move|p1a: Cinderace|Pyro Ball|p2a: fih
|-resisted|p2a: fih
|-damage|p2a: fih|82/100
|
|upkeep
|turn|15
|
|t:|1779942475
|move|p1a: Cinderace|U-turn|p2a: fih
|-damage|p2a: fih|69/100
|c|☆pokeaurabuster$_&|Xd
|c|☆pokeaurabuster$_&|Lier
|
|t:|1779942488
|switch|p1a: Slowking|Slowking-Galar, M|100/100|[from] U-turn
|move|p2a: fih|Flip Turn|p1a: Slowking
|-damage|p1a: Slowking|86/100
|
|t:|1779942494
|switch|p2a: Temu Tusk|Iron Treads|76/100 par|[from] Flip Turn
|
|upkeep
|turn|16
|
|t:|1779942502
|move|p2a: Temu Tusk|Volt Switch|p1a: Slowking
|-damage|p1a: Slowking|79/100
|
|t:|1779942506
|-end|p2a: Temu Tusk|Quark Drive|[silent]
|switch|p2a: funny bird|Zapdos|79/100|[from] Volt Switch
|move|p1a: Slowking|Future Sight|p2a: funny bird
|-start|p1a: Slowking|move: Future Sight
|
|upkeep
|turn|17
|
|t:|1779942517
|move|p2a: funny bird|Hurricane|p1a: Slowking
|-damage|p1a: Slowking|49/100
|-prepare|p1a: Slowking|Chilly Reception|[premajor]
|move|p1a: Slowking|Chilly Reception|p1a: Slowking
|-weather|Snowscape
|
|t:|1779942521
|switch|p1a: Kyurem|Kyurem|75/100|[from] Chilly Reception
|-ability|p1a: Kyurem|Pressure
|
|-weather|Snowscape|[upkeep]
|upkeep
|turn|18
|
|t:|1779942531
|move|p1a: Kyurem|Freeze-Dry|p2a: funny bird
|-supereffective|p2a: funny bird
|-damage|p2a: funny bird|0 fnt
|faint|p2a: funny bird
|
|-weather|Snowscape|[upkeep]
|-hint|Future Sight did not hit because the target is fainted.
|upkeep
|
|t:|1779942535
|switch|p2a: fih|Alomomola, F|100/100
|turn|19
|
|t:|1779942543
|switch|p1a: Zapdos|Zapdos, shiny|100/100
|move|p2a: fih|Mirror Coat||[still]
|-fail|p2a: fih
|
|-weather|Snowscape|[upkeep]
|upkeep
|turn|20
|
|t:|1779942551
|switch|p2a: Temu Tusk|Iron Treads|76/100 par
|move|p1a: Zapdos|Hurricane|p2a: Temu Tusk
|-resisted|p2a: Temu Tusk
|-damage|p2a: Temu Tusk|56/100 par
|
|-weather|Snowscape|[upkeep]
|upkeep
|turn|21
|
|t:|1779942566
|switch|p1a: Great Tusk|Great Tusk|80/100
|move|p2a: Temu Tusk|Earthquake|p1a: Great Tusk
|-damage|p1a: Great Tusk|47/100
|
|-weather|none
|-heal|p1a: Great Tusk|53/100|[from] item: Leftovers
|upkeep
|turn|22
|
|t:|1779942578
|move|p1a: Great Tusk|Close Combat|p2a: Temu Tusk
|-supereffective|p2a: Temu Tusk
|-damage|p2a: Temu Tusk|0 fnt
|-unboost|p1a: Great Tusk|def|1
|-unboost|p1a: Great Tusk|spd|1
|faint|p2a: Temu Tusk
|-end|p2a: Temu Tusk|Quark Drive|[silent]
|
|-heal|p1a: Great Tusk|59/100|[from] item: Leftovers
|upkeep
|
|t:|1779942580
|switch|p2a: King Piccolo|Darkrai|51/100
|turn|23
|
|t:|1779942594
|-end|p1a: Great Tusk|Protosynthesis|[silent]
|switch|p1a: Kingambit|Kingambit, F|100/100
|move|p2a: King Piccolo|Focus Blast|p1a: Kingambit|[miss]
|-miss|p2a: King Piccolo|p1a: Kingambit
|
|upkeep
|turn|24
|
|t:|1779942603
|-end|p1a: Kingambit|fallenundefined|[silent]
|switch|p1a: Slowking|Slowking-Galar, M|82/100
|move|p2a: King Piccolo|Focus Blast|p1a: Slowking|[miss]
|-miss|p2a: King Piccolo|p1a: Slowking
|
|upkeep
|turn|25
|
|t:|1779942612
|switch|p2a: fih|Alomomola, F|100/100
|-prepare|p1a: Slowking|Chilly Reception|[premajor]
|move|p1a: Slowking|Chilly Reception|p1a: Slowking
|-weather|Snowscape
|
|t:|1779942627
|switch|p1a: Zapdos|Zapdos, shiny|100/100|[from] Chilly Reception
|
|-weather|Snowscape|[upkeep]
|upkeep
|turn|26
|
|t:|1779942635
|move|p1a: Zapdos|Thunder Wave|p2a: fih
|-status|p2a: fih|par
|move|p2a: fih|Mirror Coat||[still]
|-fail|p2a: fih
|
|-weather|Snowscape|[upkeep]
|upkeep
|turn|27
|
|t:|1779942640
|move|p1a: Zapdos|Volt Switch|p2a: fih
|-supereffective|p2a: fih
|-damage|p2a: fih|72/100 par
|
|t:|1779942643
|switch|p1a: Kingambit|Kingambit, F|100/100|[from] Volt Switch
|move|p2a: fih|Mirror Coat|p1a: Kingambit
|-immune|p1a: Kingambit
|
|-weather|Snowscape|[upkeep]
|upkeep
|turn|28
|
|t:|1779942657
|switch|p2a: King Piccolo|Darkrai|51/100
|move|p1a: Kingambit|Low Kick|p2a: King Piccolo
|-supereffective|p2a: King Piccolo
|-damage|p2a: King Piccolo|0 fnt
|faint|p2a: King Piccolo
|
|-weather|Snowscape|[upkeep]
|upkeep
|l|☆pokeaurabuster$_&
|player|p2|
|inactive|Battle timer is ON: inactive players will automatically lose when time's up. (requested by Planetary Fern)
|j|☆pokeaurabuster$_&
|inactive|pokeaurabuster$_& reconnected and has 130 seconds left.
|player|p2|pokeaurabuster$_&|1|
|
|t:|1779942711
|switch|p2a: my goat|Garchomp, F|100/100
|turn|29
|
|t:|1779942730
|-end|p1a: Kingambit|fallenundefined|[silent]
|switch|p1a: Great Tusk|Great Tusk|59/100
|move|p2a: my goat|Swords Dance|p2a: my goat
|-boost|p2a: my goat|atk|2
|
|-weather|none
|-heal|p1a: Great Tusk|66/100|[from] item: Leftovers
|upkeep
|turn|30
|
|t:|1779942742
|move|p2a: my goat|Earthquake|p1a: Great Tusk
|-damage|p1a: Great Tusk|0 fnt
|faint|p1a: Great Tusk
|-end|p1a: Great Tusk|Protosynthesis|[silent]
|
|upkeep
|
|t:|1779942761
|switch|p1a: Cinderace|Cinderace, F|58/100
|turn|31
|
|t:|1779942767
|-terastallize|p1a: Cinderace|Flying
|move|p1a: Cinderace|Will-O-Wisp|p2a: my goat
|-status|p2a: my goat|brn
|move|p2a: my goat|Scale Shot|p1a: Cinderace
|-damage|p1a: Cinderace|42/100
|-damage|p1a: Cinderace|27/100
|-damage|p1a: Cinderace|12/100
|-damage|p1a: Cinderace|0 fnt
|faint|p1a: Cinderace
|-hitcount|p1: Cinderace|4
|-unboost|p2a: my goat|def|1
|-boost|p2a: my goat|spe|1
|
|-damage|p2a: my goat|94/100 brn|[from] brn
|upkeep
|
|t:|1779942791
|switch|p1a: Zapdos|Zapdos, shiny|100/100
|turn|32
|
|t:|1779942798
|-terastallize|p2a: my goat|Steel
|move|p2a: my goat|Swords Dance|p2a: my goat
|-boost|p2a: my goat|atk|2
|move|p1a: Zapdos|Hurricane|p2a: my goat
|-resisted|p2a: my goat
|-damage|p2a: my goat|70/100 brn
|-start|p2a: my goat|confusion
|
|-damage|p2a: my goat|64/100 brn|[from] brn
|upkeep
|turn|33
|
|t:|1779942811
|-activate|p2a: my goat|confusion
|-damage|p2a: my goat|0 fnt|[from] confusion
|faint|p2a: my goat
|move|p1a: Zapdos|Volt Switch|p2: my goat|[notarget]
|-fail|p1a: Zapdos
|
|upkeep
|c|☆pokeaurabuster$_&|Lol
|c|☆pokeaurabuster$_&|Ggs
|c|☆Planetary Fern|lmfao
|c|☆Planetary Fern|gg
|-message|pokeaurabuster$_& forfeited.
|
|win|Planetary Fern
|raw|Planetary Fern's rating: 1208 &rarr; <strong>1235</strong><br />(+27 for winning)
|raw|pokeaurabuster$_&amp;'s rating: 1242 &rarr; <strong>1215</strong><br />(-27 for losing)
|l|☆pokeaurabuster$_&
|player|p2|
