|j|☆funnygames(1997)
|j|☆adil
|t:|1779819627
|gametype|singles
|player|p1|funnygames(1997)|169|1700
|player|p2|adil|169|1765
|gen|9
|tier|[Gen 9] OU
|rated|
|rule|HP Percentage Mod: HP is shown in percentages
|rule|Endless Battle Clause: Forcing endless battles is banned
|rule|Species Clause: Limit one of each Pokémon
|rule|OHKO Clause: OHKO moves are banned
|rule|Evasion Items Clause: Evasion items are banned
|rule|Evasion Moves Clause: Evasion moves are banned
|rule|Evasion Abilities Clause: Evasion abilities are banned
|rule|Sleep Moves Clause: Sleep-inducing moves are banned
|clearpoke
|poke|p1|Ting-Lu|
|poke|p1|Hatterene, F|
|poke|p1|Great Tusk|
|poke|p1|Ceruledge, F|
|poke|p1|Dragonite, M|
|poke|p1|Kyurem|
|poke|p2|Kyurem|
|poke|p2|Corviknight, M|
|poke|p2|Ting-Lu|
|poke|p2|Dondozo, M|
|poke|p2|Slowking-Galar, F|
|poke|p2|Cinderace, F|
|teampreview
|j| Kyurem
|inactive|Battle timer is ON: inactive players will automatically lose when time's up. (requested by funnygames(1997))
|
|t:|1779819653
|teamsize|p1|6
|teamsize|p2|6
|start
|switch|p1a: Kyurem|Kyurem|100/100
|switch|p2a: Kyurem|Kyurem|100/100
|-ability|p2a: Kyurem|Pressure
|-ability|p1a: Kyurem|Pressure
|turn|1
|
|t:|1779819671
|switch|p1a: Ceruledge|Ceruledge, F|100/100
|move|p2a: Kyurem|Protect||[still]
|-fail|p2a: Kyurem
|
|upkeep
|turn|2
|
|t:|1779819683
|move|p2a: Kyurem|Substitute|p2a: Kyurem
|-start|p2a: Kyurem|Substitute
|-damage|p2a: Kyurem|75/100
|move|p1a: Ceruledge|Bitter Blade|p2a: Kyurem
|-end|p2a: Kyurem|Substitute
|
|-heal|p2a: Kyurem|82/100|[from] item: Leftovers
|upkeep
|turn|3
|
|t:|1779819702
|move|p2a: Kyurem|Earth Power|p1a: Ceruledge
|-supereffective|p1a: Ceruledge
|-damage|p1a: Ceruledge|26/100
|move|p1a: Ceruledge|Bitter Blade|p2a: Kyurem
|-damage|p2a: Kyurem|34/100
|-heal|p1a: Ceruledge|59/100|[from] drain|[of] p2a: Kyurem
|
|-heal|p2a: Kyurem|40/100|[from] item: Leftovers
|upkeep
|turn|4
|inactive|funnygames(1997) has 120 seconds left.
|
|t:|1779819727
|-terastallize|p1a: Ceruledge|Fairy
|move|p2a: Kyurem|Earth Power|p1a: Ceruledge
|-damage|p1a: Ceruledge|21/100
|-unboost|p1a: Ceruledge|spd|1
|move|p1a: Ceruledge|Close Combat|p2a: Kyurem
|-supereffective|p2a: Kyurem
|-damage|p2a: Kyurem|0 fnt
|-unboost|p1a: Ceruledge|def|1
|-unboost|p1a: Ceruledge|spd|1
|faint|p2a: Kyurem
|
|upkeep
|
|t:|1779819741
|switch|p2a: Dondozo|Dondozo, M|100/100
|turn|5
|
|t:|1779819746
|switch|p1a: Kyurem|Kyurem|100/100
|-ability|p1a: Kyurem|Pressure
|move|p2a: Dondozo|Curse|p2a: Dondozo
|-unboost|p2a: Dondozo|spe|1
|-boost|p2a: Dondozo|atk|1
|-boost|p2a: Dondozo|def|1
|
|upkeep
|turn|6
|
|t:|1779819753
|-terastallize|p2a: Dondozo|Dark
|move|p1a: Kyurem|Freeze-Dry|p2a: Dondozo
|-damage|p2a: Dondozo|67/100
|move|p2a: Dondozo|Body Press|p1a: Kyurem
|-supereffective|p1a: Kyurem
|-damage|p1a: Kyurem|38/100
|
|-heal|p2a: Dondozo|74/100|[from] item: Leftovers
|upkeep
|turn|7
|
|t:|1779819763
|switch|p1a: Hatterene|Hatterene, F|100/100
|move|p2a: Dondozo|Body Press|p1a: Hatterene
|-resisted|p1a: Hatterene
|-damage|p1a: Hatterene|93/100
|
|-heal|p2a: Dondozo|80/100|[from] item: Leftovers
|upkeep
|turn|8
|
|t:|1779819771
|move|p1a: Hatterene|Nuzzle|p2a: Dondozo
|-damage|p2a: Dondozo|78/100
|-status|p2a: Dondozo|par
|cant|p2a: Dondozo|par
|
|-heal|p2a: Dondozo|84/100 par|[from] item: Leftovers
|upkeep
|turn|9
|
|t:|1779819774
|move|p1a: Hatterene|Draining Kiss|p2a: Dondozo
|-supereffective|p2a: Dondozo
|-damage|p2a: Dondozo|51/100 par
|-heal|p1a: Hatterene|100/100|[from] drain|[of] p2a: Dondozo
|move|p2a: Dondozo|Curse|p2a: Dondozo
|-unboost|p2a: Dondozo|spe|1
|-boost|p2a: Dondozo|atk|1
|-boost|p2a: Dondozo|def|1
|
|-heal|p2a: Dondozo|58/100 par|[from] item: Leftovers
|upkeep
|turn|10
|
|t:|1779819778
|move|p1a: Hatterene|Draining Kiss|p2a: Dondozo
|-supereffective|p2a: Dondozo
|-damage|p2a: Dondozo|23/100 par
|move|p2a: Dondozo|Rest|p2a: Dondozo
|-status|p2a: Dondozo|slp|[from] move: Rest
|-heal|p2a: Dondozo|100/100 slp|[silent]
|
|upkeep
|turn|11
|
|t:|1779819785
|move|p1a: Hatterene|Draining Kiss|p2a: Dondozo
|-supereffective|p2a: Dondozo
|-damage|p2a: Dondozo|68/100 slp
|cant|p2a: Dondozo|slp
|
|-heal|p2a: Dondozo|74/100 slp|[from] item: Leftovers
|upkeep
|turn|12
|
|t:|1779819789
|move|p1a: Hatterene|Draining Kiss|p2a: Dondozo
|-supereffective|p2a: Dondozo
|-damage|p2a: Dondozo|39/100 slp
|cant|p2a: Dondozo|slp
|
|-heal|p2a: Dondozo|45/100 slp|[from] item: Leftovers
|upkeep
|turn|13
|
|t:|1779819803
|switch|p1a: Ceruledge|Ceruledge, F, tera:Fairy|21/100
|-curestatus|p2a: Dondozo|slp|[msg]
|move|p2a: Dondozo|Rest|p2a: Dondozo
|-status|p2a: Dondozo|slp|[from] move: Rest
|-heal|p2a: Dondozo|100/100 slp|[silent]
|
|upkeep
|turn|14
|
|t:|1779819807
|move|p1a: Ceruledge|Close Combat|p2a: Dondozo
|-supereffective|p2a: Dondozo
|-damage|p2a: Dondozo|73/100 slp
|-unboost|p1a: Ceruledge|def|1
|-unboost|p1a: Ceruledge|spd|1
|cant|p2a: Dondozo|slp
|
|-heal|p2a: Dondozo|79/100 slp|[from] item: Leftovers
|upkeep
|turn|15
|
|t:|1779819812
|move|p1a: Ceruledge|Close Combat|p2a: Dondozo
|-supereffective|p2a: Dondozo
|-damage|p2a: Dondozo|51/100 slp
|-unboost|p1a: Ceruledge|def|1
|-unboost|p1a: Ceruledge|spd|1
|cant|p2a: Dondozo|slp
|
|-heal|p2a: Dondozo|57/100 slp|[from] item: Leftovers
|upkeep
|turn|16
|
|t:|1779819823
|switch|p1a: Hatterene|Hatterene, F|100/100
|-curestatus|p2a: Dondozo|slp|[msg]
|move|p2a: Dondozo|Curse|p2a: Dondozo
|-unboost|p2a: Dondozo|spe|1
|-boost|p2a: Dondozo|atk|1
|-boost|p2a: Dondozo|def|1
|
|-heal|p2a: Dondozo|63/100|[from] item: Leftovers
|upkeep
|turn|17
|
|t:|1779819831
|move|p1a: Hatterene|Nuzzle|p2a: Dondozo
|-damage|p2a: Dondozo|62/100
|-status|p2a: Dondozo|par
|cant|p2a: Dondozo|par
|
|-heal|p2a: Dondozo|68/100 par|[from] item: Leftovers
|upkeep
|turn|18
|
|t:|1779819834
|move|p1a: Hatterene|Draining Kiss|p2a: Dondozo
|-supereffective|p2a: Dondozo
|-damage|p2a: Dondozo|34/100 par
|move|p2a: Dondozo|Rest|p2a: Dondozo
|-status|p2a: Dondozo|slp|[from] move: Rest
|-heal|p2a: Dondozo|100/100 slp|[silent]
|
|upkeep
|turn|19
|
|t:|1779819839
|switch|p1a: Great Tusk|Great Tusk|100/100
|cant|p2a: Dondozo|slp
|
|upkeep
|turn|20
|
|t:|1779819841
|move|p1a: Great Tusk|Knock Off|p2a: Dondozo
|-resisted|p2a: Dondozo
|-damage|p2a: Dondozo|97/100 slp
|-enditem|p2a: Dondozo|Leftovers|[from] move: Knock Off|[of] p1a: Great Tusk
|cant|p2a: Dondozo|slp
|
|upkeep
|turn|21
|
|t:|1779819852
|-end|p1a: Great Tusk|Protosynthesis|[silent]
|switch|p1a: Ting-Lu|Ting-Lu|100/100
|-ability|p1a: Ting-Lu|Vessel of Ruin
|-curestatus|p2a: Dondozo|slp|[msg]
|move|p2a: Dondozo|Waterfall|p1a: Ting-Lu
|-supereffective|p1a: Ting-Lu
|-damage|p1a: Ting-Lu|35/100
|
|-heal|p1a: Ting-Lu|41/100|[from] item: Leftovers
|upkeep
|turn|22
|
|t:|1779819859
|move|p1a: Ting-Lu|Stealth Rock|p2a: Dondozo
|-sidestart|p2: adil|move: Stealth Rock
|move|p2a: Dondozo|Waterfall|p1a: Ting-Lu
|-supereffective|p1a: Ting-Lu
|-damage|p1a: Ting-Lu|0 fnt
|faint|p1a: Ting-Lu
|
|upkeep
|
|t:|1779819879
|switch|p1a: Hatterene|Hatterene, F|100/100
|turn|23
|
|t:|1779819906
|move|p1a: Hatterene|Draining Kiss|p2a: Dondozo
|-supereffective|p2a: Dondozo
|-damage|p2a: Dondozo|65/100
|move|p2a: Dondozo|Waterfall|p1a: Hatterene
|-damage|p1a: Hatterene|37/100
|
|upkeep
|turn|24
|
|t:|1779819912
|switch|p2a: Slowking|Slowking-Galar, F|100/100
|move|p1a: Hatterene|Draining Kiss|p2a: Slowking
|-resisted|p2a: Slowking
|-damage|p2a: Slowking|93/100
|-heal|p1a: Hatterene|44/100|[from] drain|[of] p2a: Slowking
|
|upkeep
|turn|25
|
|t:|1779819921
|move|p1a: Hatterene|Psyshock|p2a: Slowking
|-damage|p2a: Slowking|52/100
|move|p2a: Slowking|Sludge Bomb|p1a: Hatterene
|-supereffective|p1a: Hatterene
|-crit|p1a: Hatterene
|-damage|p1a: Hatterene|0 fnt
|faint|p1a: Hatterene
|
|upkeep
|
|t:|1779819944
|switch|p1a: Great Tusk|Great Tusk|100/100
|turn|26
|
|t:|1779819953
|switch|p2a: Corviknight|Corviknight, M|100/100
|-damage|p2a: Corviknight|88/100|[from] Stealth Rock
|-ability|p2a: Corviknight|Pressure
|move|p1a: Great Tusk|Knock Off|p2a: Corviknight
|-damage|p2a: Corviknight|72/100
|-enditem|p2a: Corviknight|Leftovers|[from] move: Knock Off|[of] p1a: Great Tusk
|
|upkeep
|turn|27
|
|t:|1779819968
|-end|p1a: Great Tusk|Protosynthesis|[silent]
|switch|p1a: Kyurem|Kyurem|38/100
|-ability|p1a: Kyurem|Pressure
|move|p2a: Corviknight|Defog|p1a: Kyurem
|-unboost|p1a: Kyurem|evasion|1
|-sideend|p2: adil|Stealth Rock|[from] move: Defog|[of] p2a: Corviknight
|
|upkeep
|turn|28
|
|t:|1779819975
|switch|p2a: Slowking|Slowking-Galar, F|86/100
|move|p1a: Kyurem|Ice Beam|p2a: Slowking
|-damage|p2a: Slowking|46/100
|
|upkeep
|turn|29
|
|t:|1779819996
|switch|p1a: Great Tusk|Great Tusk|100/100
|switch|p2a: Cinderace|Cinderace, F|100/100
|
|upkeep
|turn|30
|
|t:|1779820019
|move|p2a: Cinderace|Will-O-Wisp|p1a: Great Tusk
|-status|p1a: Great Tusk|brn
|move|p1a: Great Tusk|Headlong Rush|p2a: Cinderace
|-supereffective|p2a: Cinderace
|-damage|p2a: Cinderace|33/100
|-unboost|p1a: Great Tusk|def|1
|-unboost|p1a: Great Tusk|spd|1
|
|-damage|p1a: Great Tusk|94/100 brn|[from] brn
|upkeep
|turn|31
|
|t:|1779820034
|move|p2a: Cinderace|U-turn|p1a: Great Tusk
|-resisted|p1a: Great Tusk
|-damage|p1a: Great Tusk|87/100 brn
|-damage|p2a: Cinderace|17/100|[from] item: Rocky Helmet|[of] p1a: Great Tusk
|inactive|adil has 120 seconds left.
|
|t:|1779820050
|switch|p2a: Corviknight|Corviknight, M|72/100|[from] U-turn
|-ability|p2a: Corviknight|Pressure
|move|p1a: Great Tusk|Headlong Rush|p2a: Corviknight
|-immune|p2a: Corviknight
|
|-damage|p1a: Great Tusk|81/100 brn|[from] brn
|upkeep
|turn|32
|inactive|adil has 120 seconds left.
|
|t:|1779820057
|-end|p1a: Great Tusk|Protosynthesis|[silent]
|switch|p1a: Ceruledge|Ceruledge, F, tera:Fairy|21/100
|move|p2a: Corviknight|Brave Bird|p1a: Ceruledge
|-damage|p1a: Ceruledge|0 fnt
|faint|p1a: Ceruledge
|-damage|p2a: Corviknight|67/100|[from] Recoil
|
|upkeep
|
|t:|1779820063
|switch|p1a: Kyurem|Kyurem|38/100
|-ability|p1a: Kyurem|Pressure
|turn|33
|
|t:|1779820071
|switch|p2a: Slowking|Slowking-Galar, F|79/100
|move|p1a: Kyurem|Ice Beam|p2a: Slowking
|-damage|p2a: Slowking|40/100
|-status|p2a: Slowking|frz
|
|upkeep
|turn|34
|
|t:|1779820083
|move|p1a: Kyurem|Ice Beam|p2a: Slowking
|-damage|p2a: Slowking|0 fnt
|faint|p2a: Slowking
|
|upkeep
|
|t:|1779820086
|switch|p2a: Cinderace|Cinderace, F|17/100
|turn|35
|
|t:|1779820094
|switch|p1a: Great Tusk|Great Tusk|81/100 brn
|move|p2a: Cinderace|Pyro Ball|p1a: Great Tusk
|-damage|p1a: Great Tusk|43/100 brn
|
|-damage|p1a: Great Tusk|37/100 brn|[from] brn
|upkeep
|turn|36
|
|t:|1779820105
|switch|p2a: Corviknight|Corviknight, M|67/100
|-ability|p2a: Corviknight|Pressure
|move|p1a: Great Tusk|Headlong Rush|p2a: Corviknight
|-immune|p2a: Corviknight
|
|-damage|p1a: Great Tusk|31/100 brn|[from] brn
|upkeep
|turn|37
|j| rexa2
|l| rexa2
|
|t:|1779820118
|move|p1a: Great Tusk|Ice Spinner|p2a: Corviknight
|-damage|p2a: Corviknight|60/100
|move|p2a: Corviknight|Roost|p2a: Corviknight
|-heal|p2a: Corviknight|100/100
|-singleturn|p2a: Corviknight|move: Roost
|
|-damage|p1a: Great Tusk|24/100 brn|[from] brn
|upkeep
|turn|38
|
|t:|1779820129
|switch|p2a: Dondozo|Dondozo, M, tera:Dark|65/100
|move|p1a: Great Tusk|Ice Spinner|p2a: Dondozo
|-damage|p2a: Dondozo|58/100
|
|-damage|p1a: Great Tusk|18/100 brn|[from] brn
|upkeep
|turn|39
|
|t:|1779820137
|move|p1a: Great Tusk|Headlong Rush|p2a: Dondozo
|-damage|p2a: Dondozo|41/100
|-unboost|p1a: Great Tusk|def|1
|-unboost|p1a: Great Tusk|spd|1
|move|p2a: Dondozo|Rest|p2a: Dondozo
|-status|p2a: Dondozo|slp|[from] move: Rest
|-heal|p2a: Dondozo|100/100 slp|[silent]
|
|-damage|p1a: Great Tusk|12/100 brn|[from] brn
|upkeep
|turn|40
|
|t:|1779820148
|-end|p1a: Great Tusk|Protosynthesis|[silent]
|switch|p1a: Kyurem|Kyurem|38/100
|-ability|p1a: Kyurem|Pressure
|cant|p2a: Dondozo|slp
|
|upkeep
|turn|41
|inactive|adil has 120 seconds left.
|
|t:|1779820191
|move|p1a: Kyurem|Ice Beam|p2a: Dondozo
|-damage|p2a: Dondozo|53/100 slp
|cant|p2a: Dondozo|slp
|
|upkeep
|turn|42
|
|t:|1779820206
|switch|p1a: Dragonite|Dragonite, M|100/100
|-curestatus|p2a: Dondozo|slp|[msg]
|move|p2a: Dondozo|Body Press|p1a: Dragonite
|-resisted|p1a: Dragonite
|-damage|p1a: Dragonite|95/100
|
|upkeep
|turn|43
|inactive|adil has 120 seconds left.
|
|t:|1779820226
|move|p1a: Dragonite|Encore|p2a: Dondozo
|-start|p2a: Dondozo|Encore
|move|p2a: Dondozo|Body Press|p1a: Dragonite
|-resisted|p1a: Dragonite
|-damage|p1a: Dragonite|83/100
|
|upkeep
|turn|44
|
|t:|1779820237
|switch|p2a: Corviknight|Corviknight, M|100/100
|-ability|p2a: Corviknight|Pressure
|move|p1a: Dragonite|Fire Punch|p2a: Corviknight
|-supereffective|p2a: Corviknight
|-damage|p2a: Corviknight|67/100
|
|upkeep
|turn|45
|inactive|adil has 120 seconds left.
|
|t:|1779820261
|switch|p1a: Great Tusk|Great Tusk|12/100 brn
|move|p2a: Corviknight|Roost|p2a: Corviknight
|-heal|p2a: Corviknight|100/100
|-singleturn|p2a: Corviknight|move: Roost
|
|-damage|p1a: Great Tusk|6/100 brn|[from] brn
|upkeep
|turn|46
|inactive|adil has 120 seconds left.
|
|t:|1779820272
|switch|p2a: Ting-Lu|Ting-Lu|100/100
|-ability|p2a: Ting-Lu|Vessel of Ruin
|move|p1a: Great Tusk|Headlong Rush|p2a: Ting-Lu
|-damage|p2a: Ting-Lu|86/100
|-unboost|p1a: Great Tusk|def|1
|-unboost|p1a: Great Tusk|spd|1
|
|-heal|p2a: Ting-Lu|92/100|[from] item: Leftovers
|-damage|p1a: Great Tusk|0 fnt|[from] brn
|faint|p1a: Great Tusk
|-end|p1a: Great Tusk|Protosynthesis|[silent]
|upkeep
|
|t:|1779820278
|switch|p1a: Dragonite|Dragonite, M|83/100
|turn|47
|
|t:|1779820284
|move|p1a: Dragonite|Scale Shot|p2a: Ting-Lu
|-damage|p2a: Ting-Lu|84/100
|-damage|p2a: Ting-Lu|76/100
|-damage|p2a: Ting-Lu|67/100
|-crit|p2a: Ting-Lu
|-damage|p2a: Ting-Lu|55/100
|-crit|p2a: Ting-Lu
|-damage|p2a: Ting-Lu|43/100
|-hitcount|p2a: Ting-Lu|5
|-unboost|p1a: Dragonite|def|1
|-boost|p1a: Dragonite|spe|1
|move|p2a: Ting-Lu|Stealth Rock|p1a: Dragonite
|-sidestart|p1: funnygames(1997)|move: Stealth Rock
|
|-heal|p2a: Ting-Lu|49/100|[from] item: Leftovers
|upkeep
|turn|48
|
|t:|1779820306
|switch|p2a: Corviknight|Corviknight, M|100/100
|-ability|p2a: Corviknight|Pressure
|move|p1a: Dragonite|Scale Shot|p2a: Corviknight
|-resisted|p2a: Corviknight
|-damage|p2a: Corviknight|96/100
|-resisted|p2a: Corviknight
|-damage|p2a: Corviknight|92/100
|-resisted|p2a: Corviknight
|-damage|p2a: Corviknight|88/100
|-resisted|p2a: Corviknight
|-damage|p2a: Corviknight|84/100
|-resisted|p2a: Corviknight
|-damage|p2a: Corviknight|79/100
|-hitcount|p2a: Corviknight|5
|-unboost|p1a: Dragonite|def|1
|-boost|p1a: Dragonite|spe|1
|
|upkeep
|turn|49
|
|t:|1779820317
|move|p1a: Dragonite|Fire Punch|p2a: Corviknight
|-supereffective|p2a: Corviknight
|-damage|p2a: Corviknight|47/100
|move|p2a: Corviknight|Brave Bird|p1a: Dragonite
|-damage|p1a: Dragonite|6/100
|-damage|p2a: Corviknight|26/100|[from] Recoil
|
|upkeep
|turn|50
|
|t:|1779820322
|move|p1a: Dragonite|Fire Punch|p2a: Corviknight
|-supereffective|p2a: Corviknight
|-damage|p2a: Corviknight|0 fnt
|faint|p2a: Corviknight
|
|upkeep
|
|t:|1779820325
|switch|p2a: Dondozo|Dondozo, M, tera:Dark|53/100
|turn|51
|
|t:|1779820335
|move|p1a: Dragonite|Scale Shot|p2a: Dondozo
|-damage|p2a: Dondozo|45/100
|-damage|p2a: Dondozo|35/100
|-damage|p2a: Dondozo|26/100
|-damage|p2a: Dondozo|17/100
|-hitcount|p2a: Dondozo|4
|-unboost|p1a: Dragonite|def|1
|-boost|p1a: Dragonite|spe|1
|move|p2a: Dondozo|Body Press|p1a: Dragonite
|-resisted|p1a: Dragonite
|-damage|p1a: Dragonite|0 fnt
|faint|p1a: Dragonite
|
|upkeep
|
|t:|1779820343
|switch|p1a: Kyurem|Kyurem|38/100
|-damage|p1a: Kyurem|13/100|[from] Stealth Rock
|-ability|p1a: Kyurem|Pressure
|turn|52
|
|t:|1779820346
|move|p1a: Kyurem|Ice Beam|p2a: Dondozo
|-damage|p2a: Dondozo|0 fnt
|faint|p2a: Dondozo
|
|upkeep
|
|t:|1779820348
|switch|p2a: Cinderace|Cinderace, F|17/100
|turn|53
|
|t:|1779820351
|move|p2a: Cinderace|U-turn|p1a: Kyurem
|-damage|p1a: Kyurem|0 fnt
|faint|p1a: Kyurem
|
|win|adil
|raw|funnygames(1997)'s rating: 1700 &rarr; <strong>1684</strong><br />(-16 for losing)
|raw|adil's rating: 1765 &rarr; <strong>1781</strong><br />(+16 for winning)
|l|☆funnygames(1997)
|player|p1|
|l|☆adil
|player|p2|
