|j|☆Leader Alastor
|j|☆the800aleatori0
|t:|1779806008
|gametype|singles
|player|p1|Leader Alastor|blue|1447
|player|p2|the800aleatori0|cheren-gen5bw2|1444
|gen|9
|tier|[Gen 9] OU
|rated|
|rule|HP Percentage Mod: HP is shown in percentages
|rule|Endless Battle Clause: Forcing endless battles is banned
|rule|Species Clause: Limit one of each Pokémon
|rule|OHKO Clause: OHKO moves are banned
|rule|Evasion Items Clause: Evasion items are banned
|rule|Evasion Moves Clause: Evasion moves are banned
|rule|Evasion Abilities Clause: Evasion abilities are banned
|rule|Sleep Moves Clause: Sleep-inducing moves are banned
|clearpoke
|poke|p1|Ceruledge, M|
|poke|p1|Iron Valiant|
|poke|p1|Lilligant, F|
|poke|p1|Cloyster, F|
|poke|p1|Noivern, M|
|poke|p1|Malamar, M|
|poke|p2|Iron Valiant|
|poke|p2|Cinderace, M|
|poke|p2|Rotom-Wash|
|poke|p2|Landorus-Therian, M|
|poke|p2|Scizor, F|
|poke|p2|Dragapult, M|
|teampreview
|inactive|Battle timer is ON: inactive players will automatically lose when time's up. (requested by Leader Alastor)
|j| norwaytm
|
|t:|1779806029
|teamsize|p1|6
|teamsize|p2|6
|start
|switch|p1a: Trident|Cloyster, F|100/100
|switch|p2a: Landorus|Landorus-Therian, M|100/100
|-ability|p2a: Landorus|Intimidate|boost
|-unboost|p1a: Trident|atk|1
|turn|1
|
|t:|1779806054
|move|p1a: Trident|Icicle Spear|p2a: Landorus
|-supereffective|p2a: Landorus
|-damage|p2a: Landorus|79/100
|-supereffective|p2a: Landorus
|-damage|p2a: Landorus|57/100
|-supereffective|p2a: Landorus
|-damage|p2a: Landorus|37/100
|-supereffective|p2a: Landorus
|-damage|p2a: Landorus|15/100
|-supereffective|p2a: Landorus
|-damage|p2a: Landorus|0 fnt
|faint|p2a: Landorus
|-hitcount|p2: Landorus|5
|
|upkeep
|
|t:|1779806057
|switch|p2a: Scizor|Scizor, F|100/100
|turn|2
|
|t:|1779806066
|move|p2a: Scizor|Bullet Punch|p1a: Trident
|-damage|p1a: Trident|53/100
|move|p1a: Trident|Shell Smash|p1a: Trident
|-unboost|p1a: Trident|def|1
|-unboost|p1a: Trident|spd|1
|-boost|p1a: Trident|atk|2
|-boost|p1a: Trident|spa|2
|-boost|p1a: Trident|spe|2
|
|upkeep
|turn|3
|
|t:|1779806070
|move|p2a: Scizor|Bullet Punch|p1a: Trident
|-damage|p1a: Trident|0 fnt
|faint|p1a: Trident
|
|upkeep
|
|t:|1779806074
|switch|p1a: Scimitar|Noivern, M|100/100
|turn|4
|
|t:|1779806084
|switch|p2a: Rotom|Rotom-Wash|100/100
|move|p1a: Scimitar|Flamethrower|p2a: Rotom
|-resisted|p2a: Rotom
|-damage|p2a: Rotom|87/100
|
|-heal|p2a: Rotom|93/100|[from] item: Leftovers
|upkeep
|turn|5
|
|t:|1779806096
|move|p1a: Scimitar|Boomburst|p2a: Rotom
|-damage|p2a: Rotom|53/100
|-enditem|p1a: Scimitar|Throat Spray
|-boost|p1a: Scimitar|spa|1|[from] item: Throat Spray
|move|p2a: Rotom|Will-O-Wisp|p1a: Scimitar
|-status|p1a: Scimitar|brn
|
|-heal|p2a: Rotom|59/100|[from] item: Leftovers
|-damage|p1a: Scimitar|94/100 brn|[from] brn
|upkeep
|turn|6
|
|t:|1779806111
|switch|p2a: Scizor|Scizor, F|100/100
|move|p1a: Scimitar|Air Slash|p2a: Scizor|[miss]
|-miss|p1a: Scimitar|p2a: Scizor
|
|-damage|p1a: Scimitar|88/100 brn|[from] brn
|upkeep
|turn|7
|
|t:|1779806125
|-terastallize|p2a: Scizor|Steel
|move|p2a: Scizor|Bullet Punch|p1a: Scimitar
|-damage|p1a: Scimitar|1/100 brn
|move|p1a: Scimitar|Flamethrower|p2a: Scizor
|-supereffective|p2a: Scizor
|-damage|p2a: Scizor|16/100
|
|-damage|p1a: Scimitar|0 fnt|[from] brn
|faint|p1a: Scimitar
|upkeep
|
|t:|1779806131
|switch|p1a: Flamberge|Ceruledge, M|100/100
|turn|8
|
|t:|1779806139
|switch|p2a: Rotom|Rotom-Wash|59/100
|move|p1a: Flamberge|Swords Dance|p1a: Flamberge
|-boost|p1a: Flamberge|atk|2
|
|-heal|p2a: Rotom|65/100|[from] item: Leftovers
|upkeep
|turn|9
|
|t:|1779806145
|move|p1a: Flamberge|Swords Dance|p1a: Flamberge
|-boost|p1a: Flamberge|atk|2
|move|p2a: Rotom|Hydro Pump|p1a: Flamberge
|-supereffective|p1a: Flamberge
|-damage|p1a: Flamberge|11/100
|
|-heal|p2a: Rotom|70/100|[from] item: Leftovers
|upkeep
|turn|10
|
|t:|1779806151
|move|p1a: Flamberge|Brick Break|p2a: Rotom
|-damage|p2a: Rotom|8/100
|move|p2a: Rotom|Volt Switch|p1a: Flamberge
|-damage|p1a: Flamberge|0 fnt
|faint|p1a: Flamberge
|
|t:|1779806156
|switch|p2a: Cinderace|Cinderace, M|100/100|[from] Volt Switch
|
|upkeep
|inactive|Leader Alastor has 120 seconds left.
|
|t:|1779806187
|switch|p1a: Glaive|Iron Valiant|100/100
|-enditem|p1a: Glaive|Booster Energy
|-activate|p1a: Glaive|ability: Quark Drive|[fromitem]
|-start|p1a: Glaive|quarkdrivespe
|turn|11
|
|t:|1779806191
|move|p1a: Glaive|Swords Dance|p1a: Glaive
|-boost|p1a: Glaive|atk|2
|move|p2a: Cinderace|U-turn|p1a: Glaive
|-start|p2a: Cinderace|typechange|Bug|[from] ability: Libero
|-resisted|p1a: Glaive
|-damage|p1a: Glaive|89/100
|
|t:|1779806194
|switch|p2a: Rotom|Rotom-Wash|8/100|[from] U-turn
|
|-heal|p2a: Rotom|14/100|[from] item: Leftovers
|upkeep
|turn|12
|
|t:|1779806205
|move|p1a: Glaive|Drain Punch|p2a: Rotom
|-damage|p2a: Rotom|0 fnt
|-heal|p1a: Glaive|96/100|[from] drain|[of] p2a: Rotom
|faint|p2a: Rotom
|
|upkeep
|
|t:|1779806213
|switch|p2a: Scizor|Scizor, F, tera:Steel|16/100
|turn|13
|
|t:|1779806219
|-terastallize|p1a: Glaive|Steel
|move|p2a: Scizor|Bullet Punch|p1a: Glaive
|-resisted|p1a: Glaive
|-damage|p1a: Glaive|55/100
|move|p1a: Glaive|Drain Punch|p2a: Scizor
|-supereffective|p2a: Scizor
|-damage|p2a: Scizor|0 fnt
|-heal|p1a: Glaive|64/100|[from] drain|[of] p2a: Scizor
|faint|p2a: Scizor
|
|upkeep
|
|t:|1779806229
|switch|p2a: Cinderace|Cinderace, M|100/100
|turn|14
|
|t:|1779806243
|move|p1a: Glaive|Drain Punch|p2a: Cinderace
|-damage|p2a: Cinderace|0 fnt
|-heal|p1a: Glaive|100/100|[from] drain|[of] p2a: Cinderace
|faint|p2a: Cinderace
|
|upkeep
|
|t:|1779806247
|switch|p2a: Iron Valiant|Iron Valiant|100/100
|-enditem|p2a: Iron Valiant|Booster Energy
|-activate|p2a: Iron Valiant|ability: Quark Drive|[fromitem]
|-start|p2a: Iron Valiant|quarkdrivespe
|turn|15
|
|t:|1779806249
|move|p1a: Glaive|Spirit Break|p2a: Iron Valiant
|-supereffective|p2a: Iron Valiant
|-damage|p2a: Iron Valiant|0 fnt
|faint|p2a: Iron Valiant
|-end|p2a: Iron Valiant|Quark Drive|[silent]
|
|upkeep
|-message|the800aleatori0 forfeited.
|
|win|Leader Alastor
|raw|Leader Alastor's rating: 1447 &rarr; <strong>1467</strong><br />(+20 for winning)
|raw|the800aleatori0's rating: 1444 &rarr; <strong>1424</strong><br />(-20 for losing)
|l|☆the800aleatori0
|player|p2|
|l|☆Leader Alastor
|player|p1|
