|j|☆Xaide
|j|☆pis mann
|t:|1779895487
|gametype|singles
|player|p1|Xaide|hilbert-wonderlauncher|1194
|player|p2|pis mann|1|1236
|gen|9
|tier|[Gen 9] OU
|rated|
|rule|HP Percentage Mod: HP is shown in percentages
|rule|Endless Battle Clause: Forcing endless battles is banned
|rule|Species Clause: Limit one of each Pokémon
|rule|OHKO Clause: OHKO moves are banned
|rule|Evasion Items Clause: Evasion items are banned
|rule|Evasion Moves Clause: Evasion moves are banned
|rule|Evasion Abilities Clause: Evasion abilities are banned
|rule|Sleep Moves Clause: Sleep-inducing moves are banned
|clearpoke
|poke|p1|Dragonite, M|
|poke|p1|Greninja-*, M|
|poke|p1|Charizard, M|
|poke|p1|Decidueye, M|
|poke|p1|Toxtricity, M|
|poke|p1|Metagross|
|poke|p2|Dragapult, M|
|poke|p2|Gliscor, M|
|poke|p2|Ogerpon-Wellspring, F|
|poke|p2|Iron Crown|
|poke|p2|Ting-Lu|
|poke|p2|Kingambit, F|
|teampreview
|
|t:|1779895493
|teamsize|p1|6
|teamsize|p2|6
|start
|switch|p1a: Sapão|Greninja, M|100/100
|switch|p2a: Dragapult|Dragapult, M|100/100
|turn|1
|
|t:|1779895500
|move|p2a: Dragapult|U-turn|p1a: Sapão
|-supereffective|p1a: Sapão
|-damage|p1a: Sapão|34/100
|
|t:|1779895503
|switch|p2a: Ting-Lu|Ting-Lu|100/100|[from] U-turn
|-ability|p2a: Ting-Lu|Vessel of Ruin
|move|p1a: Sapão|Dark Pulse|p2a: Ting-Lu
|-resisted|p2a: Ting-Lu
|-damage|p2a: Ting-Lu|92/100
|
|upkeep
|turn|2
|
|t:|1779895512
|switch|p1a: Corujo|Decidueye, M|100/100
|move|p2a: Ting-Lu|Stealth Rock|p1a: Corujo
|-sidestart|p1: Xaide|move: Stealth Rock
|
|upkeep
|turn|3
|
|t:|1779895537
|switch|p2a: Kingambit|Kingambit, F|100/100
|-item|p2a: Kingambit|Air Balloon
|move|p1a: Corujo|Low Sweep|p2a: Kingambit
|-supereffective|p2a: Kingambit
|-damage|p2a: Kingambit|23/100
|-unboost|p2a: Kingambit|spe|1
|-enditem|p2a: Kingambit|Air Balloon
|
|upkeep
|turn|4
|
|t:|1779895546
|-end|p2a: Kingambit|fallenundefined|[silent]
|switch|p2a: Dragapult|Dragapult, M|100/100
|move|p1a: Corujo|Low Sweep|p2a: Dragapult
|-immune|p2a: Dragapult
|
|upkeep
|turn|5
|
|t:|1779895550
|move|p2a: Dragapult|Will-O-Wisp|p1a: Corujo
|-status|p1a: Corujo|brn
|move|p1a: Corujo|Spirit Shackle|p2a: Dragapult
|-supereffective|p2a: Dragapult
|-damage|p2a: Dragapult|50/100
|
|-damage|p1a: Corujo|94/100 brn|[from] brn
|upkeep
|turn|6
|
|t:|1779895554
|move|p2a: Dragapult|Hex|p1a: Corujo
|-supereffective|p1a: Corujo
|-damage|p1a: Corujo|0 fnt
|faint|p1a: Corujo
|
|upkeep
|inactive|Battle timer is ON: inactive players will automatically lose when time's up. (requested by pis mann)
|
|t:|1779895567
|switch|p1a: Metagrosso|Metagross|100/100
|-damage|p1a: Metagrosso|94/100|[from] Stealth Rock
|turn|7
|
|t:|1779895570
|move|p1a: Metagrosso|Bullet Punch|p2a: Dragapult
|-damage|p2a: Dragapult|19/100
|move|p2a: Dragapult|Will-O-Wisp|p1a: Metagrosso
|-status|p1a: Metagrosso|brn
|
|-damage|p1a: Metagrosso|88/100 brn|[from] brn
|upkeep
|turn|8
|
|t:|1779895578
|move|p2a: Dragapult|Hex|p1a: Metagrosso
|-supereffective|p1a: Metagrosso
|-damage|p1a: Metagrosso|17/100 brn
|move|p1a: Metagrosso|Meteor Mash|p2a: Dragapult
|-damage|p2a: Dragapult|0 fnt
|faint|p2a: Dragapult
|
|-damage|p1a: Metagrosso|11/100 brn|[from] brn
|upkeep
|
|t:|1779895585
|switch|p2a: Iron Crown|Iron Crown|100/100
|-enditem|p2a: Iron Crown|Booster Energy
|-activate|p2a: Iron Crown|ability: Quark Drive|[fromitem]
|-start|p2a: Iron Crown|quarkdrivespe
|turn|9
|
|t:|1779895589
|move|p2a: Iron Crown|Calm Mind|p2a: Iron Crown
|-boost|p2a: Iron Crown|spa|1
|-boost|p2a: Iron Crown|spd|1
|move|p1a: Metagrosso|Earthquake|p2a: Iron Crown
|-supereffective|p2a: Iron Crown
|-damage|p2a: Iron Crown|62/100
|
|-damage|p1a: Metagrosso|5/100 brn|[from] brn
|upkeep
|turn|10
|
|t:|1779895600
|move|p2a: Iron Crown|Tachyon Cutter|p1a: Metagrosso
|-resisted|p1a: Metagrosso
|-damage|p1a: Metagrosso|0 fnt
|faint|p1a: Metagrosso
|-hitcount|p1: Metagrosso|1
|
|upkeep
|
|t:|1779895603
|switch|p1a: Sapão|Greninja, M|34/100
|-damage|p1a: Sapão|22/100|[from] Stealth Rock
|turn|11
|
|t:|1779895607
|-terastallize|p1a: Sapão|Water
|move|p1a: Sapão|Water Shuriken|p2a: Iron Crown
|-damage|p2a: Iron Crown|56/100
|-damage|p2a: Iron Crown|49/100
|-damage|p2a: Iron Crown|44/100
|-damage|p2a: Iron Crown|38/100
|-damage|p2a: Iron Crown|32/100
|-hitcount|p2a: Iron Crown|5
|move|p2a: Iron Crown|Tachyon Cutter|p1a: Sapão
|-resisted|p1a: Sapão
|-damage|p1a: Sapão|0 fnt
|faint|p1a: Sapão
|-hitcount|p1: Sapão|1
|
|upkeep
|-message|Xaide forfeited.
|
|win|pis mann
|raw|Xaide's rating: 1194 &rarr; <strong>1172</strong><br />(-22 for losing)
|raw|pis mann's rating: 1236 &rarr; <strong>1258</strong><br />(+22 for winning)
|l|☆Xaide
|player|p1|
