|j|☆XtremeArsenal
|j|☆Bobcensor
|inactive|Battle timer is ON: inactive players will automatically lose when time's up.
|t:|1779801549
|gametype|singles
|player|p1|XtremeArsenal|miku-flying|
|player|p2|Bobcensor|ghetsis-gen5bw|
|gen|9
|tier|[Gen 9] OU
|rated|Tournament battle
|rule|HP Percentage Mod: HP is shown in percentages
|rule|Endless Battle Clause: Forcing endless battles is banned
|rule|Species Clause: Limit one of each Pokémon
|rule|OHKO Clause: OHKO moves are banned
|rule|Evasion Items Clause: Evasion items are banned
|rule|Evasion Moves Clause: Evasion moves are banned
|rule|Evasion Abilities Clause: Evasion abilities are banned
|rule|Sleep Moves Clause: Sleep-inducing moves are banned
|rule|Inverse Mod: Weaknesses become resistances, while resistances and immunities become weaknesses.
|raw|<div class="infobox"><details class="readmore" open><summary><strong>1 custom rule:</strong></summary> Inverse Mod</details></div>
|clearpoke
|poke|p1|Dragapult, M|
|poke|p1|Rillaboom, M|
|poke|p1|Kingambit, M|
|poke|p1|Iron Valiant|
|poke|p1|Cinderace, F|
|poke|p1|Quaquaval, F|
|poke|p2|Raging Bolt|
|poke|p2|Ogerpon, F|
|poke|p2|Samurott-Hisui, M|
|poke|p2|Ceruledge, M|
|poke|p2|Ting-Lu|
|poke|p2|Weezing-Galar, F|
|teampreview
|j|*Lady Monita 
|inactive|Bobcensor also wants the timer to be on.
|inactive|XtremeArsenal also wants the timer to be on.
|
|t:|1779801555
|teamsize|p1|6
|teamsize|p2|6
|start
|switch|p1a: Quaquaval|Quaquaval, F|100/100
|switch|p2a: Ting-Lu|Ting-Lu|100/100
|-ability|p2a: Ting-Lu|Vessel of Ruin
|turn|1
|
|t:|1779801569
|move|p1a: Quaquaval|Swords Dance|p1a: Quaquaval
|-boost|p1a: Quaquaval|atk|2
|move|p2a: Ting-Lu|Stealth Rock|p1a: Quaquaval
|-sidestart|p1: XtremeArsenal|move: Stealth Rock
|
|upkeep
|turn|2
|
|t:|1779801576
|move|p1a: Quaquaval|Knock Off|p2a: Ting-Lu
|-supereffective|p2a: Ting-Lu
|-damage|p2a: Ting-Lu|32/100
|-enditem|p2a: Ting-Lu|Leftovers|[from] move: Knock Off|[of] p1a: Quaquaval
|-damage|p1a: Quaquaval|91/100|[from] item: Life Orb
|move|p2a: Ting-Lu|Spikes|p1a: Quaquaval
|-sidestart|p1: XtremeArsenal|Spikes
|
|upkeep
|turn|3
|
|t:|1779801582
|move|p1a: Quaquaval|Swords Dance|p1a: Quaquaval
|-boost|p1a: Quaquaval|atk|2
|move|p2a: Ting-Lu|Spikes|p1a: Quaquaval
|-sidestart|p1: XtremeArsenal|Spikes
|
|upkeep
|turn|4
|
|t:|1779801584
|move|p1a: Quaquaval|Knock Off|p2a: Ting-Lu
|-supereffective|p2a: Ting-Lu
|-damage|p2a: Ting-Lu|0 fnt
|faint|p2a: Ting-Lu
|-ability|p1a: Quaquaval|Moxie|boost
|-boost|p1a: Quaquaval|atk|1
|-damage|p1a: Quaquaval|81/100|[from] item: Life Orb
|
|upkeep
|
|t:|1779801594
|switch|p2a: Ceruledge|Ceruledge, M|100/100
|turn|5
|
|t:|1779801599
|move|p2a: Ceruledge|Endure|p2a: Ceruledge
|-singleturn|p2a: Ceruledge|move: Endure
|move|p1a: Quaquaval|Close Combat|p2a: Ceruledge
|-supereffective|p2a: Ceruledge
|-activate|p2a: Ceruledge|move: Endure
|-damage|p2a: Ceruledge|1/100
|-unboost|p1a: Quaquaval|def|1
|-unboost|p1a: Quaquaval|spd|1
|-ability|p2a: Ceruledge|Weak Armor|boost
|-unboost|p2a: Ceruledge|def|1
|-boost|p2a: Ceruledge|spe|2
|-enditem|p2a: Ceruledge|Weakness Policy
|-boost|p2a: Ceruledge|atk|2|[from] item: Weakness Policy
|-boost|p2a: Ceruledge|spa|2|[from] item: Weakness Policy
|-damage|p1a: Quaquaval|71/100|[from] item: Life Orb
|
|upkeep
|turn|6
|
|t:|1779801610
|move|p2a: Ceruledge|Bitter Blade|p1a: Quaquaval
|-supereffective|p1a: Quaquaval
|-damage|p1a: Quaquaval|0 fnt
|-heal|p2a: Ceruledge|38/100|[from] drain|[of] p1a: Quaquaval
|faint|p1a: Quaquaval
|
|upkeep
|
|t:|1779801616
|switch|p1a: Rillaboom|Rillaboom, M|100/100
|-damage|p1a: Rillaboom|88/100|[from] Stealth Rock
|-damage|p1a: Rillaboom|72/100|[from] Spikes
|-fieldstart|move: Grassy Terrain|[from] ability: Grassy Surge|[of] p1a: Rillaboom
|turn|7
|
|t:|1779801624
|move|p1a: Rillaboom|Grassy Glide|p2a: Ceruledge
|-supereffective|p2a: Ceruledge
|-damage|p2a: Ceruledge|0 fnt
|faint|p2a: Ceruledge
|
|-heal|p1a: Rillaboom|78/100|[from] Grassy Terrain
|-heal|p1a: Rillaboom|84/100|[from] item: Leftovers
|upkeep
|
|t:|1779801632
|switch|p2a: Samurott|Samurott-Hisui, M|100/100
|turn|8
|
|t:|1779801650
|switch|p1a: Cinderace|Cinderace, F|100/100
|move|p2a: Samurott|Aqua Cutter|p1a: Cinderace
|-resisted|p1a: Cinderace
|-damage|p1a: Cinderace|45/100
|
|-heal|p1a: Cinderace|51/100|[from] Grassy Terrain
|upkeep
|turn|9
|
|t:|1779801662
|switch|p2a: Ogerpon|Ogerpon, F|100/100
|move|p1a: Cinderace|Pyro Ball|p2a: Ogerpon
|-resisted|p2a: Ogerpon
|-damage|p2a: Ogerpon|66/100
|
|-heal|p1a: Cinderace|57/100|[from] Grassy Terrain
|-heal|p2a: Ogerpon|72/100|[from] Grassy Terrain
|upkeep
|turn|10
|inactive|XtremeArsenal has 120 seconds left.
|
|t:|1779801705
|move|p1a: Cinderace|Court Change|p1a: Cinderace
|-start|p1a: Cinderace|typechange|Normal|[from] ability: Libero
|-swapsideconditions
|-activate|p1a: Cinderace|move: Court Change
|move|p2a: Ogerpon|Ivy Cudgel|p1a: Cinderace
|-damage|p1a: Cinderace|0 fnt
|faint|p1a: Cinderace
|
|-heal|p2a: Ogerpon|78/100|[from] Grassy Terrain
|upkeep
|
|t:|1779801716
|switch|p1a: Dragapult|Dragapult, M|100/100
|turn|11
|
|t:|1779801729
|move|p2a: Ogerpon|Superpower|p1a: Dragapult
|-supereffective|p1a: Dragapult
|-damage|p1a: Dragapult|13/100
|-unboost|p2a: Ogerpon|atk|1
|-unboost|p2a: Ogerpon|def|1
|-enditem|p1a: Dragapult|Weakness Policy
|-boost|p1a: Dragapult|atk|2|[from] item: Weakness Policy
|-boost|p1a: Dragapult|spa|2|[from] item: Weakness Policy
|move|p1a: Dragapult|Dragon Dance|p1a: Dragapult
|-boost|p1a: Dragapult|atk|1
|-boost|p1a: Dragapult|spe|1
|
|-heal|p1a: Dragapult|19/100|[from] Grassy Terrain
|-heal|p2a: Ogerpon|84/100|[from] Grassy Terrain
|-fieldend|move: Grassy Terrain
|upkeep
|turn|12
|
|t:|1779801747
|-terastallize|p1a: Dragapult|Dragon
|-terastallize|p2a: Ogerpon|Grass
|detailschange|p2a: Ogerpon|Ogerpon-Teal-Tera, F, tera:Grass
|-ability|p2a: Ogerpon|Embody Aspect (Teal)|boost
|-boost|p2a: Ogerpon|spe|1
|move|p2a: Ogerpon|Superpower|p1a: Dragapult
|-damage|p1a: Dragapult|0 fnt
|-unboost|p2a: Ogerpon|atk|1
|-unboost|p2a: Ogerpon|def|1
|faint|p1a: Dragapult
|
|upkeep
|
|t:|1779801756
|switch|p1a: Rillaboom|Rillaboom, M|84/100
|-fieldstart|move: Grassy Terrain|[from] ability: Grassy Surge|[of] p1a: Rillaboom
|turn|13
|
|t:|1779801761
|move|p1a: Rillaboom|Grassy Glide|p2a: Ogerpon
|-supereffective|p2a: Ogerpon
|-damage|p2a: Ogerpon|0 fnt
|faint|p2a: Ogerpon
|detailschange|p2: Ogerpon|Ogerpon, F|[silent]
|
|-heal|p1a: Rillaboom|90/100|[from] Grassy Terrain
|-heal|p1a: Rillaboom|96/100|[from] item: Leftovers
|upkeep
|
|t:|1779801773
|switch|p2a: Raging Bolt|Raging Bolt|100/100
|-damage|p2a: Raging Bolt|88/100|[from] Stealth Rock
|-damage|p2a: Raging Bolt|72/100|[from] Spikes
|-enditem|p2a: Raging Bolt|Booster Energy
|-activate|p2a: Raging Bolt|ability: Protosynthesis|[fromitem]
|-start|p2a: Raging Bolt|protosynthesisspa
|turn|14
|inactive|XtremeArsenal has 120 seconds left.
|
|t:|1779801797
|move|p1a: Rillaboom|Wood Hammer|p2a: Raging Bolt
|-supereffective|p2a: Raging Bolt
|-damage|p2a: Raging Bolt|0 fnt
|faint|p2a: Raging Bolt
|-end|p2a: Raging Bolt|Protosynthesis|[silent]
|-damage|p1a: Rillaboom|65/100|[from] Recoil
|
|-heal|p1a: Rillaboom|71/100|[from] Grassy Terrain
|-heal|p1a: Rillaboom|77/100|[from] item: Leftovers
|upkeep
|
|t:|1779801803
|switch|p2a: Samurott|Samurott-Hisui, M|100/100
|-damage|p2a: Samurott|88/100|[from] Stealth Rock
|-damage|p2a: Samurott|72/100|[from] Spikes
|turn|15
|inactive|XtremeArsenal has 120 seconds left.
|
|t:|1779801813
|switch|p1a: Iron Valiant|Iron Valiant|100/100
|-enditem|p1a: Iron Valiant|Booster Energy
|-activate|p1a: Iron Valiant|ability: Quark Drive|[fromitem]
|-start|p1a: Iron Valiant|quarkdrivespe
|move|p2a: Samurott|Aqua Cutter|p1a: Iron Valiant
|-damage|p1a: Iron Valiant|6/100
|
|-heal|p1a: Iron Valiant|12/100|[from] Grassy Terrain
|-heal|p2a: Samurott|78/100|[from] Grassy Terrain
|upkeep
|turn|16
|
|t:|1779801822
|move|p1a: Iron Valiant|Shadow Sneak|p2a: Samurott
|-supereffective|p2a: Samurott
|-damage|p2a: Samurott|42/100
|move|p2a: Samurott|Aqua Cutter|p1a: Iron Valiant
|-damage|p1a: Iron Valiant|0 fnt
|faint|p1a: Iron Valiant
|-end|p1a: Iron Valiant|Quark Drive|[silent]
|
|-heal|p2a: Samurott|49/100|[from] Grassy Terrain
|upkeep
|
|t:|1779801824
|switch|p1a: Kingambit|Kingambit, M|100/100
|-activate|p1a: Kingambit|ability: Supreme Overlord
|-start|p1a: Kingambit|fallen4|[silent]
|turn|17
|
|t:|1779801830
|move|p1a: Kingambit|Sucker Punch|p2a: Samurott
|-supereffective|p2a: Samurott
|-damage|p2a: Samurott|0 fnt
|faint|p2a: Samurott
|
|-fieldend|move: Grassy Terrain
|upkeep
|
|t:|1779801834
|switch|p2a: Weezing|Weezing-Galar, F|100/100
|-damage|p2a: Weezing|88/100|[from] Stealth Rock
|turn|18
|
|t:|1779801840
|move|p1a: Kingambit|Kowtow Cleave|p2a: Weezing
|-supereffective|p2a: Weezing
|-damage|p2a: Weezing|0 fnt
|faint|p2a: Weezing
|
|win|XtremeArsenal
|n|☆XtremeArsenal|xtremearsenal
|n|☆Bobcensor|bobcensor
|n|*Lady Monita |ladymonita
