|j|☆WEED4NOZE
|j|☆ElectivireGoat
|t:|1779881278
|gametype|singles
|player|p1|WEED4NOZE|theroyal|1358
|player|p2|ElectivireGoat|volkner|1413
|gen|9
|tier|[Gen 9] OU
|rated|
|rule|HP Percentage Mod: HP is shown in percentages
|rule|Endless Battle Clause: Forcing endless battles is banned
|rule|Species Clause: Limit one of each Pokémon
|rule|OHKO Clause: OHKO moves are banned
|rule|Evasion Items Clause: Evasion items are banned
|rule|Evasion Moves Clause: Evasion moves are banned
|rule|Evasion Abilities Clause: Evasion abilities are banned
|rule|Sleep Moves Clause: Sleep-inducing moves are banned
|clearpoke
|poke|p1|Rillaboom, F|
|poke|p1|Blaziken, M|
|poke|p1|Iron Treads|
|poke|p1|Kyurem|
|poke|p1|Gholdengo|
|poke|p1|Landorus-Therian, M|
|poke|p2|Araquanid, M|
|poke|p2|Electivire, F|
|poke|p2|Volcanion|
|poke|p2|Gholdengo|
|poke|p2|Latias, F|
|poke|p2|Great Tusk|
|teampreview
|
|t:|1779881289
|teamsize|p1|6
|teamsize|p2|6
|start
|switch|p1a: Landorus|Landorus-Therian, M|100/100
|switch|p2a: Araqnuanid|Araquanid, M, shiny|100/100
|-ability|p1a: Landorus|Intimidate|boost
|-unboost|p2a: Araqnuanid|atk|1
|turn|1
|
|t:|1779881297
|switch|p1a: Kyurem|Kyurem|100/100
|-ability|p1a: Kyurem|Pressure
|move|p2a: Araqnuanid|Liquidation|p1a: Kyurem
|-resisted|p1a: Kyurem
|-damage|p1a: Kyurem|82/100
|
|upkeep
|turn|2
|
|t:|1779881306
|move|p1a: Kyurem|Freeze-Dry|p2a: Araqnuanid
|-supereffective|p2a: Araqnuanid
|-damage|p2a: Araqnuanid|42/100
|move|p2a: Araqnuanid|Mirror Coat|p1a: Kyurem
|-damage|p1a: Kyurem|0 fnt
|faint|p1a: Kyurem
|
|upkeep
|
|t:|1779881322
|switch|p1a: Rillaboom|Rillaboom, F|100/100
|-fieldstart|move: Grassy Terrain|[from] ability: Grassy Surge|[of] p1a: Rillaboom
|turn|3
|
|t:|1779881326
|move|p1a: Rillaboom|Wood Hammer|p2a: Araqnuanid
|-damage|p2a: Araqnuanid|0 fnt
|faint|p2a: Araqnuanid
|-damage|p1a: Rillaboom|87/100|[from] Recoil
|
|-heal|p1a: Rillaboom|93/100|[from] Grassy Terrain
|upkeep
|
|t:|1779881333
|switch|p2a: Windblade|Latias, F|100/100
|turn|4
|
|t:|1779881339
|move|p2a: Windblade|Agility|p2a: Windblade
|-boost|p2a: Windblade|spe|2
|move|p1a: Rillaboom|Knock Off|p2a: Windblade
|-supereffective|p2a: Windblade
|-damage|p2a: Windblade|47/100
|-enditem|p2a: Windblade|Weakness Policy
|-boost|p2a: Windblade|atk|2|[from] item: Weakness Policy
|-boost|p2a: Windblade|spa|2|[from] item: Weakness Policy
|
|-heal|p1a: Rillaboom|99/100|[from] Grassy Terrain
|upkeep
|turn|5
|
|t:|1779881368
|switch|p1a: Iron Treads|Iron Treads|100/100
|-enditem|p1a: Iron Treads|Booster Energy
|-activate|p1a: Iron Treads|ability: Quark Drive|[fromitem]
|-start|p1a: Iron Treads|quarkdrivespe
|move|p2a: Windblade|Stored Power|p1a: Iron Treads
|-resisted|p1a: Iron Treads
|-damage|p1a: Iron Treads|40/100
|
|-heal|p1a: Iron Treads|46/100|[from] Grassy Terrain
|upkeep
|turn|6
|
|t:|1779881378
|move|p2a: Windblade|Aura Sphere|p1a: Iron Treads
|-supereffective|p1a: Iron Treads
|-damage|p1a: Iron Treads|0 fnt
|faint|p1a: Iron Treads
|-end|p1a: Iron Treads|Quark Drive|[silent]
|
|upkeep
|
|t:|1779881382
|switch|p1a: Gholdengo|Gholdengo|100/100
|turn|7
|
|t:|1779881390
|move|p2a: Windblade|Stored Power|p1a: Gholdengo
|-resisted|p1a: Gholdengo
|-damage|p1a: Gholdengo|38/100
|move|p1a: Gholdengo|Shadow Ball|p2a: Windblade
|-supereffective|p2a: Windblade
|-damage|p2a: Windblade|0 fnt
|faint|p2a: Windblade
|
|-heal|p1a: Gholdengo|44/100|[from] Grassy Terrain
|-fieldend|move: Grassy Terrain
|upkeep
|inactive|Battle timer is ON: inactive players will automatically lose when time's up. (requested by ElectivireGoat)
|
|t:|1779881401
|switch|p2a: Rapid Spinjitsu|Great Tusk|100/100
|turn|8
|
|t:|1779881413
|switch|p1a: Rillaboom|Rillaboom, F|99/100
|-fieldstart|move: Grassy Terrain|[from] ability: Grassy Surge|[of] p1a: Rillaboom
|move|p2a: Rapid Spinjitsu|Earthquake|p1a: Rillaboom
|-resisted|p1a: Rillaboom
|-damage|p1a: Rillaboom|85/100
|
|-heal|p1a: Rillaboom|91/100|[from] Grassy Terrain
|upkeep
|turn|9
|
|t:|1779881428
|-end|p2a: Rapid Spinjitsu|Protosynthesis|[silent]
|switch|p2a: Volcanion|Volcanion|100/100
|move|p1a: Rillaboom|Knock Off|p2a: Volcanion
|-crit|p2a: Volcanion
|-damage|p2a: Volcanion|61/100
|-enditem|p2a: Volcanion|Leftovers|[from] move: Knock Off|[of] p1a: Rillaboom
|
|-heal|p1a: Rillaboom|97/100|[from] Grassy Terrain
|-heal|p2a: Volcanion|67/100|[from] Grassy Terrain
|upkeep
|turn|10
|
|t:|1779881441
|move|p1a: Rillaboom|Wood Hammer|p2a: Volcanion
|-damage|p2a: Volcanion|9/100
|-damage|p1a: Rillaboom|81/100|[from] Recoil
|move|p2a: Volcanion|Will-O-Wisp|p1a: Rillaboom
|-status|p1a: Rillaboom|brn
|-enditem|p1a: Rillaboom|Lum Berry|[eat]
|-curestatus|p1a: Rillaboom|brn|[msg]
|
|-heal|p1a: Rillaboom|87/100|[from] Grassy Terrain
|-heal|p2a: Volcanion|15/100|[from] Grassy Terrain
|upkeep
|turn|11
|
|t:|1779881454
|move|p1a: Rillaboom|Grassy Glide|p2a: Volcanion
|-damage|p2a: Volcanion|0 fnt
|faint|p2a: Volcanion
|
|-heal|p1a: Rillaboom|93/100|[from] Grassy Terrain
|upkeep
|
|t:|1779881464
|switch|p2a: Alex Voltanovski|Electivire, F|100/100
|turn|12
|
|t:|1779881467
|switch|p1a: Landorus|Landorus-Therian, M|100/100
|-ability|p1a: Landorus|Intimidate|boost
|-unboost|p2a: Alex Voltanovski|atk|1
|move|p2a: Alex Voltanovski|Ice Punch|p1a: Landorus
|-supereffective|p1a: Landorus
|-damage|p1a: Landorus|14/100
|-damage|p2a: Alex Voltanovski|84/100|[from] item: Rocky Helmet|[of] p1a: Landorus
|-damage|p2a: Alex Voltanovski|74/100|[from] item: Life Orb
|
|-heal|p2a: Alex Voltanovski|80/100|[from] Grassy Terrain
|-fieldend|move: Grassy Terrain
|upkeep
|turn|13
|
|t:|1779881490
|move|p2a: Alex Voltanovski|Trailblaze|p1a: Landorus
|-damage|p1a: Landorus|1/100
|-boost|p2a: Alex Voltanovski|spe|1
|-damage|p2a: Alex Voltanovski|64/100|[from] item: Rocky Helmet|[of] p1a: Landorus
|-damage|p2a: Alex Voltanovski|54/100|[from] item: Life Orb
|move|p1a: Landorus|Earth Power|p2a: Alex Voltanovski
|-supereffective|p2a: Alex Voltanovski
|-damage|p2a: Alex Voltanovski|0 fnt
|faint|p2a: Alex Voltanovski
|
|upkeep
|c|☆ElectivireGoat|son
|
|t:|1779881505
|switch|p2a: Rapid Spinjitsu|Great Tusk|100/100
|turn|14
|c|☆WEED4NOZE|a roll is a roll
|c|☆WEED4NOZE|my bad dude
|c|☆ElectivireGoat|nah its all good
|inactive|WEED4NOZE has 120 seconds left.
|
|t:|1779881545
|move|p2a: Rapid Spinjitsu|Ice Spinner|p1a: Landorus
|-supereffective|p1a: Landorus
|-damage|p1a: Landorus|0 fnt
|-damage|p2a: Rapid Spinjitsu|84/100|[from] item: Rocky Helmet|[of] p1a: Landorus
|faint|p1a: Landorus
|
|upkeep
|
|t:|1779881550
|switch|p1a: Rillaboom|Rillaboom, F|93/100
|-fieldstart|move: Grassy Terrain|[from] ability: Grassy Surge|[of] p1a: Rillaboom
|turn|15
|
|t:|1779881555
|-terastallize|p2a: Rapid Spinjitsu|Ice
|move|p1a: Rillaboom|Grassy Glide|p2a: Rapid Spinjitsu
|-damage|p2a: Rapid Spinjitsu|56/100
|move|p2a: Rapid Spinjitsu|Ice Spinner|p1a: Rillaboom
|-supereffective|p1a: Rillaboom
|-damage|p1a: Rillaboom|1/100
|-fieldend|move: Grassy Terrain
|
|upkeep
|turn|16
|inactive|WEED4NOZE has 120 seconds left.
|c|☆WEED4NOZE|o shit
|
|t:|1779881578
|switch|p1a: Blaziken|Blaziken, M|100/100
|move|p2a: Rapid Spinjitsu|Ice Spinner|p1a: Blaziken
|-resisted|p1a: Blaziken
|-crit|p1a: Blaziken
|-damage|p1a: Blaziken|50/100
|
|upkeep
|turn|17
|
|t:|1779881589
|-end|p2a: Rapid Spinjitsu|Protosynthesis|[silent]
|switch|p2a: Booster Ghold|Gholdengo|100/100
|-item|p2a: Booster Ghold|Air Balloon
|move|p1a: Blaziken|Swords Dance|p1a: Blaziken
|-boost|p1a: Blaziken|atk|2
|
|-ability|p1a: Blaziken|Speed Boost|boost
|-boost|p1a: Blaziken|spe|1
|upkeep
|turn|18
|inactive|WEED4NOZE has 120 seconds left.
|
|t:|1779881597
|move|p1a: Blaziken|Blaze Kick|p2a: Booster Ghold
|-supereffective|p2a: Booster Ghold
|-damage|p2a: Booster Ghold|0 fnt
|-enditem|p2a: Booster Ghold|Air Balloon
|faint|p2a: Booster Ghold
|
|-ability|p1a: Blaziken|Speed Boost|boost
|-boost|p1a: Blaziken|spe|1
|upkeep
|
|t:|1779881600
|switch|p2a: Rapid Spinjitsu|Great Tusk, tera:Ice|56/100
|turn|19
|c|☆WEED4NOZE|gg
|c|☆ElectivireGoat|gg
|
|t:|1779881606
|move|p1a: Blaziken|Close Combat|p2a: Rapid Spinjitsu
|-supereffective|p2a: Rapid Spinjitsu
|-damage|p2a: Rapid Spinjitsu|0 fnt
|-unboost|p1a: Blaziken|def|1
|-unboost|p1a: Blaziken|spd|1
|faint|p2a: Rapid Spinjitsu
|-end|p2a: Rapid Spinjitsu|Protosynthesis|[silent]
|
|win|WEED4NOZE
|raw|WEED4NOZE's rating: 1358 &rarr; <strong>1381</strong><br />(+23 for winning)
|raw|ElectivireGoat's rating: 1413 &rarr; <strong>1390</strong><br />(-23 for losing)
|l|☆WEED4NOZE
|player|p1|
|l|☆ElectivireGoat
|player|p2|
