|j|☆deathprofessor21
|j|☆Noamm
|t:|1779917397
|gametype|singles
|player|p1|deathprofessor21|101|1560
|player|p2|Noamm|gambler|1779
|gen|9
|tier|[Gen 9] OU
|rated|
|rule|HP Percentage Mod: HP is shown in percentages
|rule|Endless Battle Clause: Forcing endless battles is banned
|rule|Species Clause: Limit one of each Pokémon
|rule|OHKO Clause: OHKO moves are banned
|rule|Evasion Items Clause: Evasion items are banned
|rule|Evasion Moves Clause: Evasion moves are banned
|rule|Evasion Abilities Clause: Evasion abilities are banned
|rule|Sleep Moves Clause: Sleep-inducing moves are banned
|clearpoke
|poke|p1|Ceruledge, M|
|poke|p1|Dragonite, M|
|poke|p1|Greninja-*, M|
|poke|p1|Polteageist-Antique|
|poke|p1|Maushold-Four|
|poke|p1|Zamazenta-*|
|poke|p2|Lokix, F|
|poke|p2|Iron Valiant|
|poke|p2|Alomomola, M|
|poke|p2|Mandibuzz, F|
|poke|p2|Great Tusk|
|poke|p2|Gholdengo|
|teampreview
|inactive|Battle timer is ON: inactive players will automatically lose when time's up. (requested by Noamm)
|
|t:|1779917421
|teamsize|p1|6
|teamsize|p2|6
|start
|switch|p1a: Ceruledge|Ceruledge, M|100/100
|switch|p2a: MACHINE TORNADER|Gholdengo|100/100
|turn|1
|
|t:|1779917428
|switch|p2a: Gills Exceed|Great Tusk|100/100
|move|p1a: Ceruledge|Bitter Blade|p2a: Gills Exceed
|-damage|p2a: Gills Exceed|65/100
|
|upkeep
|turn|2
|
|t:|1779917431
|move|p2a: Gills Exceed|Headlong Rush|p1a: Ceruledge
|-supereffective|p1a: Ceruledge
|-enditem|p1a: Ceruledge|Focus Sash
|-damage|p1a: Ceruledge|1/100
|-unboost|p2a: Gills Exceed|def|1
|-unboost|p2a: Gills Exceed|spd|1
|-ability|p1a: Ceruledge|Weak Armor|boost
|-unboost|p1a: Ceruledge|def|1
|-boost|p1a: Ceruledge|spe|2
|move|p1a: Ceruledge|Swords Dance|p1a: Ceruledge
|-boost|p1a: Ceruledge|atk|2
|
|upkeep
|turn|3
|
|t:|1779917436
|-end|p2a: Gills Exceed|Protosynthesis|[silent]
|switch|p2a: Tetsuya Sawaki|Alomomola, M|100/100
|move|p1a: Ceruledge|Bitter Blade|p2a: Tetsuya Sawaki
|-resisted|p2a: Tetsuya Sawaki
|-damage|p2a: Tetsuya Sawaki|69/100
|-heal|p1a: Ceruledge|27/100|[from] drain|[of] p2a: Tetsuya Sawaki
|
|upkeep
|turn|4
|
|t:|1779917439
|switch|p2a: Overlord|Mandibuzz, F|100/100
|move|p1a: Ceruledge|Poltergeist|p2a: Overlord
|-activate|p2a: Overlord|move: Poltergeist|Heavy-Duty Boots
|-resisted|p2a: Overlord
|-damage|p2a: Overlord|65/100
|
|upkeep
|turn|5
|
|t:|1779917443
|move|p1a: Ceruledge|Bitter Blade|p2a: Overlord
|-damage|p2a: Overlord|6/100
|-heal|p1a: Ceruledge|69/100|[from] drain|[of] p2a: Overlord
|move|p2a: Overlord|Foul Play|p1a: Ceruledge
|-supereffective|p1a: Ceruledge
|-damage|p1a: Ceruledge|0 fnt
|faint|p1a: Ceruledge
|
|upkeep
|
|t:|1779917460
|switch|p1a: Greninja|Greninja, M|100/100
|turn|6
|
|t:|1779917467
|switch|p2a: Tetsuya Sawaki|Alomomola, M|100/100
|move|p1a: Greninja|Dark Pulse|p2a: Tetsuya Sawaki
|-damage|p2a: Tetsuya Sawaki|72/100
|-damage|p1a: Greninja|91/100|[from] item: Life Orb
|
|upkeep
|turn|7
|
|t:|1779917473
|move|p1a: Greninja|Dark Pulse|p2a: Tetsuya Sawaki
|-damage|p2a: Tetsuya Sawaki|46/100
|-damage|p1a: Greninja|81/100|[from] item: Life Orb
|move|p2a: Tetsuya Sawaki|Flip Turn|p1a: Greninja
|-resisted|p1a: Greninja
|-damage|p1a: Greninja|67/100
|
|t:|1779917475
|switch|p2a: Shining Agito|Lokix, F, shiny|100/100|[from] Flip Turn
|
|upkeep
|turn|8
|
|t:|1779917481
|move|p2a: Shining Agito|First Impression|p1a: Greninja
|-supereffective|p1a: Greninja
|-damage|p1a: Greninja|0 fnt
|faint|p1a: Greninja
|
|upkeep
|
|t:|1779917488
|switch|p1a: Maushold|Maushold-Four|100/100
|turn|9
|
|t:|1779917495
|switch|p2a: Overlord|Mandibuzz, F|6/100
|move|p1a: Maushold|Tidy Up|p1a: Maushold
|-boost|p1a: Maushold|atk|1
|-boost|p1a: Maushold|spe|1
|
|upkeep
|turn|10
|
|t:|1779917499
|move|p1a: Maushold|Population Bomb|p2a: Overlord
|-damage|p2a: Overlord|0 fnt
|faint|p2a: Overlord
|-hitcount|p2: Overlord|1
|
|upkeep
|
|t:|1779917502
|switch|p2a: Shining Agito|Lokix, F, shiny|100/100
|turn|11
|
|t:|1779917508
|switch|p1a: Zamazenta|Zamazenta|100/100
|-ability|p1a: Zamazenta|Dauntless Shield|boost
|-boost|p1a: Zamazenta|def|1
|-terastallize|p2a: Shining Agito|Bug
|move|p2a: Shining Agito|First Impression|p1a: Zamazenta
|-resisted|p1a: Zamazenta
|-damage|p1a: Zamazenta|54/100
|
|upkeep
|turn|12
|
|t:|1779917521
|switch|p1a: Polteageist|Polteageist-Antique|100/100
|switch|p2a: Tetsuya Sawaki|Alomomola, M|79/100
|
|upkeep
|turn|13
|
|t:|1779917524
|move|p1a: Polteageist|Shell Smash|p1a: Polteageist
|-unboost|p1a: Polteageist|def|1
|-unboost|p1a: Polteageist|spd|1
|-boost|p1a: Polteageist|atk|2
|-boost|p1a: Polteageist|spa|2
|-boost|p1a: Polteageist|spe|2
|-enditem|p1a: Polteageist|White Herb
|-clearnegativeboost|p1a: Polteageist|[silent]
|move|p2a: Tetsuya Sawaki|Flip Turn|p1a: Polteageist
|-damage|p1a: Polteageist|76/100
|
|t:|1779917526
|switch|p2a: Shining Agito|Lokix, F, shiny, tera:Bug|100/100|[from] Flip Turn
|
|upkeep
|turn|14
|
|t:|1779917530
|move|p2a: Shining Agito|First Impression|p1a: Polteageist
|-resisted|p1a: Polteageist
|-damage|p1a: Polteageist|0 fnt
|-start|p2a: Shining Agito|Disable|First Impression|[from] ability: Cursed Body|[of] p1a: Polteageist
|faint|p1a: Polteageist
|
|upkeep
|
|t:|1779917533
|switch|p1a: Dragonite|Dragonite, M|100/100
|turn|15
|
|t:|1779917537
|switch|p2a: G3-X|Iron Valiant, shiny|100/100
|move|p1a: Dragonite|Dragon Dance|p1a: Dragonite
|-boost|p1a: Dragonite|atk|1
|-boost|p1a: Dragonite|spe|1
|
|upkeep
|turn|16
|
|t:|1779917541
|-terastallize|p1a: Dragonite|Normal
|move|p1a: Dragonite|Extreme Speed|p2a: G3-X
|-damage|p2a: G3-X|17/100
|move|p2a: G3-X|Moonblast|p1a: Dragonite
|-damage|p1a: Dragonite|70/100
|
|upkeep
|turn|17
|
|t:|1779917545
|move|p1a: Dragonite|Extreme Speed|p2a: G3-X
|-damage|p2a: G3-X|0 fnt
|faint|p2a: G3-X
|-end|p2a: G3-X|Quark Drive|[silent]
|
|upkeep
|
|t:|1779917547
|switch|p2a: MACHINE TORNADER|Gholdengo|100/100
|turn|18
|
|t:|1779917580
|switch|p1a: Zamazenta|Zamazenta|54/100
|move|p2a: MACHINE TORNADER|Trick|p1a: Zamazenta
|-activate|p2a: MACHINE TORNADER|move: Trick|[of] p1a: Zamazenta
|-item|p1a: Zamazenta|Choice Scarf|[from] move: Trick
|-item|p2a: MACHINE TORNADER|Heavy-Duty Boots|[from] move: Trick
|
|upkeep
|turn|19
|j| rizz of reko
|
|t:|1779917589
|switch|p1a: Maushold|Maushold-Four|100/100
|switch|p2a: Tetsuya Sawaki|Alomomola, M|100/100
|
|upkeep
|turn|20
|
|t:|1779917595
|move|p1a: Maushold|Population Bomb|p2a: Tetsuya Sawaki
|-damage|p2a: Tetsuya Sawaki|93/100
|-damage|p2a: Tetsuya Sawaki|85/100
|-damage|p2a: Tetsuya Sawaki|77/100
|-damage|p2a: Tetsuya Sawaki|69/100
|-damage|p2a: Tetsuya Sawaki|62/100
|-damage|p2a: Tetsuya Sawaki|54/100
|-damage|p2a: Tetsuya Sawaki|46/100
|-damage|p2a: Tetsuya Sawaki|39/100
|-damage|p2a: Tetsuya Sawaki|32/100
|-damage|p2a: Tetsuya Sawaki|25/100
|-hitcount|p2a: Tetsuya Sawaki|10
|move|p2a: Tetsuya Sawaki|Flip Turn|p1a: Maushold
|-crit|p1a: Maushold
|-damage|p1a: Maushold|58/100
|
|t:|1779917600
|switch|p2a: Shining Agito|Lokix, F, shiny, tera:Bug|100/100|[from] Flip Turn
|
|upkeep
|turn|21
|
|t:|1779917603
|switch|p1a: Zamazenta|Zamazenta|54/100
|move|p2a: Shining Agito|First Impression|p1a: Zamazenta
|-resisted|p1a: Zamazenta
|-damage|p1a: Zamazenta|0 fnt
|faint|p1a: Zamazenta
|
|upkeep
|
|t:|1779917605
|switch|p1a: Dragonite|Dragonite, M, tera:Normal|70/100
|turn|22
|
|t:|1779917607
|switch|p2a: MACHINE TORNADER|Gholdengo|100/100
|move|p1a: Dragonite|Dragon Dance|p1a: Dragonite
|-boost|p1a: Dragonite|atk|1
|-boost|p1a: Dragonite|spe|1
|
|upkeep
|turn|23
|
|t:|1779917613
|move|p1a: Dragonite|Roost|p1a: Dragonite
|-heal|p1a: Dragonite|100/100
|move|p2a: MACHINE TORNADER|Make It Rain|p1a: Dragonite
|-crit|p1a: Dragonite
|-damage|p1a: Dragonite|60/100
|-unboost|p2a: MACHINE TORNADER|spa|1
|
|upkeep
|turn|24
|
|t:|1779917625
|move|p1a: Dragonite|Roost|p1a: Dragonite
|-heal|p1a: Dragonite|100/100
|move|p2a: MACHINE TORNADER|Nasty Plot|p2a: MACHINE TORNADER
|-boost|p2a: MACHINE TORNADER|spa|2
|
|upkeep
|turn|25
|
|t:|1779917642
|move|p1a: Dragonite|Earthquake|p2a: MACHINE TORNADER
|-supereffective|p2a: MACHINE TORNADER
|-damage|p2a: MACHINE TORNADER|0 fnt
|faint|p2a: MACHINE TORNADER
|
|upkeep
|
|t:|1779917648
|switch|p2a: Tetsuya Sawaki|Alomomola, M|58/100
|turn|26
|
|t:|1779917656
|move|p1a: Dragonite|Extreme Speed|p2a: Tetsuya Sawaki
|-damage|p2a: Tetsuya Sawaki|9/100
|move|p2a: Tetsuya Sawaki|Scald|p1a: Dragonite
|-damage|p1a: Dragonite|95/100
|
|upkeep
|turn|27
|
|t:|1779917668
|move|p1a: Dragonite|Extreme Speed|p2a: Tetsuya Sawaki
|-damage|p2a: Tetsuya Sawaki|0 fnt
|faint|p2a: Tetsuya Sawaki
|
|upkeep
|
|t:|1779917675
|switch|p2a: Shining Agito|Lokix, F, shiny, tera:Bug|100/100
|turn|28
|
|t:|1779917677
|move|p2a: Shining Agito|First Impression|p1a: Dragonite
|-crit|p1a: Dragonite
|-damage|p1a: Dragonite|0 fnt
|faint|p1a: Dragonite
|
|upkeep
|
|t:|1779917680
|switch|p1a: Maushold|Maushold-Four|58/100
|turn|29
|
|t:|1779917685
|switch|p2a: Gills Exceed|Great Tusk|65/100
|move|p1a: Maushold|Tidy Up|p1a: Maushold
|-boost|p1a: Maushold|atk|1
|-boost|p1a: Maushold|spe|1
|
|upkeep
|turn|30
|
|t:|1779917688
|move|p1a: Maushold|Population Bomb|p2a: Gills Exceed
|-damage|p2a: Gills Exceed|54/100
|-damage|p2a: Gills Exceed|42/100
|-crit|p2a: Gills Exceed
|-damage|p2a: Gills Exceed|25/100
|-damage|p2a: Gills Exceed|14/100
|-crit|p2a: Gills Exceed
|-damage|p2a: Gills Exceed|0 fnt
|faint|p2a: Gills Exceed
|-end|p2a: Gills Exceed|Protosynthesis|[silent]
|-hitcount|p2: Gills Exceed|5
|
|upkeep
|
|t:|1779917689
|switch|p2a: Shining Agito|Lokix, F, shiny, tera:Bug|100/100
|turn|31
|
|t:|1779917693
|move|p2a: Shining Agito|First Impression|p1a: Maushold
|-damage|p1a: Maushold|0 fnt
|faint|p1a: Maushold
|
|win|Noamm
|raw|deathprofessor21's rating: 1560 &rarr; <strong>1551</strong><br />(-9 for losing)
|raw|Noamm's rating: 1779 &rarr; <strong>1788</strong><br />(+9 for winning)
|l|☆Noamm
|player|p2|
|l| rizz of reko
