|j|☆Lnyblgd
|j|☆wyldtype
|t:|1779967261
|gametype|singles
|player|p1|Lnyblgd|bugcatcher-gen4dp|1151
|player|p2|wyldtype|102|1133
|gen|9
|tier|[Gen 9] OU
|rated|
|rule|HP Percentage Mod: HP is shown in percentages
|rule|Endless Battle Clause: Forcing endless battles is banned
|rule|Species Clause: Limit one of each Pokémon
|rule|OHKO Clause: OHKO moves are banned
|rule|Evasion Items Clause: Evasion items are banned
|rule|Evasion Moves Clause: Evasion moves are banned
|rule|Evasion Abilities Clause: Evasion abilities are banned
|rule|Sleep Moves Clause: Sleep-inducing moves are banned
|clearpoke
|poke|p1|Torkoal, M|
|poke|p1|Venusaur, F|
|poke|p1|Walking Wake|
|poke|p1|Great Tusk|
|poke|p1|Charizard, M|
|poke|p1|Slither Wing|
|poke|p2|Meowscarada, F|
|poke|p2|Cinderace, F|
|poke|p2|Scizor, F|
|poke|p2|Coalossal, F|
|poke|p2|Enamorus, F|
|poke|p2|Clodsire, F|
|teampreview
|
|t:|1779967282
|teamsize|p1|6
|teamsize|p2|6
|start
|switch|p1a: Torkoal|Torkoal, M|100/100
|switch|p2a: Clodsire|Clodsire, F|100/100
|-weather|SunnyDay|[from] ability: Drought|[of] p1a: Torkoal
|turn|1
|
|t:|1779967297
|switch|p1a: Venusaur|Venusaur, F|100/100
|move|p2a: Clodsire|Toxic|p1a: Venusaur
|-immune|p1a: Venusaur
|
|-weather|SunnyDay|[upkeep]
|upkeep
|turn|2
|
|t:|1779967311
|switch|p2a: Cinderace|Cinderace, F|100/100
|move|p1a: Venusaur|Growth|p1a: Venusaur
|-boost|p1a: Venusaur|atk|2
|-boost|p1a: Venusaur|spa|2
|
|-weather|SunnyDay|[upkeep]
|upkeep
|turn|3
|
|t:|1779967320
|move|p1a: Venusaur|Sludge Bomb|p2a: Cinderace
|-crit|p2a: Cinderace
|-damage|p2a: Cinderace|0 fnt
|faint|p2a: Cinderace
|-damage|p1a: Venusaur|91/100|[from] item: Life Orb
|
|-weather|SunnyDay|[upkeep]
|upkeep
|
|t:|1779967328
|switch|p2a: Scizor|Scizor, F|100/100
|turn|4
|
|t:|1779967332
|switch|p2a: Coalossal|Coalossal, F|100/100
|move|p1a: Venusaur|Weather Ball|p2a: Coalossal
|-resisted|p2a: Coalossal
|-damage|p2a: Coalossal|73/100
|-ability|p2a: Coalossal|Steam Engine|boost
|-boost|p2a: Coalossal|spe|6
|-damage|p1a: Venusaur|81/100|[from] item: Life Orb
|
|-weather|SunnyDay|[upkeep]
|upkeep
|turn|5
|
|t:|1779967351
|move|p1a: Venusaur|Giga Drain|p2a: Coalossal
|-damage|p2a: Coalossal|0 fnt
|-heal|p1a: Venusaur|100/100|[from] drain|[of] p2a: Coalossal
|faint|p2a: Coalossal
|-damage|p1a: Venusaur|91/100|[from] item: Life Orb
|
|-weather|SunnyDay|[upkeep]
|upkeep
|
|t:|1779967361
|switch|p2a: Enamorus|Enamorus, F|100/100
|turn|6
|
|t:|1779967368
|-terastallize|p1a: Venusaur|Fire
|move|p1a: Venusaur|Weather Ball|p2a: Enamorus
|-damage|p2a: Enamorus|0 fnt
|faint|p2a: Enamorus
|-damage|p1a: Venusaur|81/100|[from] item: Life Orb
|
|-weather|SunnyDay|[upkeep]
|upkeep
|-message|wyldtype forfeited.
|
|win|Lnyblgd
|raw|Lnyblgd's rating: 1151 &rarr; <strong>1175</strong><br />(+24 for winning)
|raw|wyldtype's rating: 1133 &rarr; <strong>1109</strong><br />(-24 for losing)
|l|☆wyldtype
|player|p2|
|l|☆Lnyblgd
|player|p1|
