|j|☆overheat xyz
|j|☆Rexydoodlesss
|t:|1779898578
|gametype|singles
|player|p1|overheat xyz|101|1745
|player|p2|Rexydoodlesss|adaman|1798
|gen|9
|tier|[Gen 9] OU
|rated|
|rule|HP Percentage Mod: HP is shown in percentages
|rule|Endless Battle Clause: Forcing endless battles is banned
|rule|Species Clause: Limit one of each Pokémon
|rule|OHKO Clause: OHKO moves are banned
|rule|Evasion Items Clause: Evasion items are banned
|rule|Evasion Moves Clause: Evasion moves are banned
|rule|Evasion Abilities Clause: Evasion abilities are banned
|rule|Sleep Moves Clause: Sleep-inducing moves are banned
|clearpoke
|poke|p1|Dragapult, M|
|poke|p1|Clefable, M|
|poke|p1|Rillaboom, M|
|poke|p1|Slowking-Galar, F|
|poke|p1|Kingambit, F|
|poke|p1|Corviknight, F|
|poke|p2|Ribombee, M|
|poke|p2|Gholdengo|
|poke|p2|Ogerpon-Cornerstone, F|
|poke|p2|Ceruledge, M|
|poke|p2|Raging Bolt|
|poke|p2|Cinderace, M|
|teampreview
|
|t:|1779898596
|teamsize|p1|6
|teamsize|p2|6
|start
|switch|p1a: Slowking|Slowking-Galar, F|100/100
|switch|p2a: Ribombee|Ribombee, M, shiny|100/100
|turn|1
|
|t:|1779898603
|move|p2a: Ribombee|Sticky Web|p1a: Slowking
|-sidestart|p1: overheat xyz|move: Sticky Web
|move|p1a: Slowking|Sludge Bomb|p2a: Ribombee
|-supereffective|p2a: Ribombee
|-enditem|p2a: Ribombee|Focus Sash
|-damage|p2a: Ribombee|1/100
|
|upkeep
|turn|2
|
|t:|1779898611
|switch|p1a: Clefable|Clefable, M|100/100
|-activate|p1a: Clefable|move: Sticky Web
|-unboost|p1a: Clefable|spe|1
|move|p2a: Ribombee|Stun Spore|p1a: Clefable
|-status|p1a: Clefable|par
|
|upkeep
|turn|3
|
|t:|1779898615
|move|p2a: Ribombee|Moonblast|p1a: Clefable
|-damage|p1a: Clefable|62/100 par
|cant|p1a: Clefable|par
|
|-heal|p1a: Clefable|68/100 par|[from] item: Leftovers
|upkeep
|turn|4
|
|t:|1779898622
|move|p2a: Ribombee|Moonblast|p1a: Clefable
|-damage|p1a: Clefable|28/100 par
|move|p1a: Clefable|Calm Mind|p1a: Clefable
|-boost|p1a: Clefable|spa|1
|-boost|p1a: Clefable|spd|1
|
|-heal|p1a: Clefable|34/100 par|[from] item: Leftovers
|upkeep
|turn|5
|
|t:|1779898630
|switch|p2a: Cinderace|Cinderace, M, shiny|100/100
|move|p1a: Clefable|Moonlight|p1a: Clefable
|-heal|p1a: Clefable|84/100 par
|
|-heal|p1a: Clefable|90/100 par|[from] item: Leftovers
|upkeep
|turn|6
|
|t:|1779898634
|move|p2a: Cinderace|Swords Dance|p2a: Cinderace
|-boost|p2a: Cinderace|atk|2
|move|p1a: Clefable|Stealth Rock|p2a: Cinderace
|-sidestart|p2: Rexydoodlesss|move: Stealth Rock
|
|-heal|p1a: Clefable|96/100 par|[from] item: Leftovers
|upkeep
|turn|7
|
|t:|1779898638
|-terastallize|p1a: Clefable|Water
|move|p2a: Cinderace|Swords Dance|p2a: Cinderace
|-boost|p2a: Cinderace|atk|2
|cant|p1a: Clefable|par
|
|-heal|p1a: Clefable|100/100 par|[from] item: Leftovers
|upkeep
|turn|8
|
|t:|1779898646
|move|p2a: Cinderace|Pyro Ball|p1a: Clefable
|-resisted|p1a: Clefable
|-damage|p1a: Clefable|36/100 par
|move|p1a: Clefable|Moonblast|p2a: Cinderace
|-resisted|p2a: Cinderace
|-damage|p2a: Cinderace|65/100
|
|-heal|p1a: Clefable|42/100 par|[from] item: Leftovers
|upkeep
|turn|9
|
|t:|1779898655
|move|p2a: Cinderace|Pyro Ball|p1a: Clefable
|-resisted|p1a: Clefable
|-damage|p1a: Clefable|0 fnt
|faint|p1a: Clefable
|
|upkeep
|
|t:|1779898657
|switch|p1a: Kingambit|Kingambit, F|100/100
|-activate|p1a: Kingambit|move: Sticky Web
|-unboost|p1a: Kingambit|spe|1
|-activate|p1a: Kingambit|ability: Supreme Overlord
|-start|p1a: Kingambit|fallen1|[silent]
|turn|10
|
|t:|1779898662
|move|p1a: Kingambit|Sucker Punch|p2a: Cinderace
|-damage|p2a: Cinderace|2/100
|move|p2a: Cinderace|Pyro Ball|p1a: Kingambit|[miss]
|-miss|p2a: Cinderace|p1a: Kingambit
|
|upkeep
|turn|11
|
|t:|1779898672
|move|p2a: Cinderace|Sucker Punch|p1a: Kingambit
|-resisted|p1a: Kingambit
|-damage|p1a: Kingambit|77/100
|move|p1a: Kingambit|Kowtow Cleave|p2a: Cinderace
|-damage|p2a: Cinderace|0 fnt
|faint|p2a: Cinderace
|
|upkeep
|j| 54 Insane Rats
|inactive|Battle timer is ON: inactive players will automatically lose when time's up. (requested by overheat xyz)
|
|t:|1779898682
|switch|p2a: Raging Bolt|Raging Bolt|100/100
|-damage|p2a: Raging Bolt|88/100|[from] Stealth Rock
|-enditem|p2a: Raging Bolt|Booster Energy
|-activate|p2a: Raging Bolt|ability: Protosynthesis|[fromitem]
|-start|p2a: Raging Bolt|protosynthesisspa
|turn|12
|
|t:|1779898687
|move|p2a: Raging Bolt|Thunderbolt|p1a: Kingambit
|-damage|p1a: Kingambit|5/100
|move|p1a: Kingambit|Kowtow Cleave|p2a: Raging Bolt
|-damage|p2a: Raging Bolt|38/100
|
|upkeep
|turn|13
|
|t:|1779898694
|-end|p1a: Kingambit|fallen1|[silent]
|switch|p1a: Slowking|Slowking-Galar, F|100/100
|-activate|p1a: Slowking|move: Sticky Web
|-unboost|p1a: Slowking|spe|1
|move|p2a: Raging Bolt|Thunderclap||[still]
|-fail|p2a: Raging Bolt
|
|upkeep
|turn|14
|
|t:|1779898703
|move|p2a: Raging Bolt|Calm Mind|p2a: Raging Bolt
|-boost|p2a: Raging Bolt|spa|1
|-boost|p2a: Raging Bolt|spd|1
|move|p1a: Slowking|Sludge Bomb|p2a: Raging Bolt
|-damage|p2a: Raging Bolt|9/100
|
|upkeep
|turn|15
|
|t:|1779898710
|move|p2a: Raging Bolt|Thunderbolt|p1a: Slowking
|-damage|p1a: Slowking|45/100
|move|p1a: Slowking|Sludge Bomb|p2a: Raging Bolt
|-damage|p2a: Raging Bolt|0 fnt
|faint|p2a: Raging Bolt
|-end|p2a: Raging Bolt|Protosynthesis|[silent]
|
|upkeep
|
|t:|1779898713
|switch|p2a: Ogerpon|Ogerpon-Cornerstone, F|100/100
|-damage|p2a: Ogerpon|88/100|[from] Stealth Rock
|turn|16
|
|t:|1779898723
|-terastallize|p2a: Ogerpon|Rock
|detailschange|p2a: Ogerpon|Ogerpon-Cornerstone-Tera, F, tera:Rock
|-ability|p2a: Ogerpon|Embody Aspect (Cornerstone)|boost
|-boost|p2a: Ogerpon|def|1
|move|p2a: Ogerpon|Ivy Cudgel|p1a: Slowking|[anim] Ivy Cudgel Rock
|-damage|p1a: Slowking|0 fnt
|faint|p1a: Slowking
|
|upkeep
|j| Lowladderubersnoob
|
|t:|1779898734
|switch|p1a: Corviknight|Corviknight, F|100/100
|-ability|p1a: Corviknight|Pressure
|turn|17
|
|t:|1779898738
|switch|p1a: Rillaboom|Rillaboom, M|100/100
|-activate|p1a: Rillaboom|move: Sticky Web
|-unboost|p1a: Rillaboom|spe|1
|-fieldstart|move: Grassy Terrain|[from] ability: Grassy Surge|[of] p1a: Rillaboom
|move|p2a: Ogerpon|Ivy Cudgel|p1a: Rillaboom|[anim] Ivy Cudgel Rock
|-damage|p1a: Rillaboom|14/100
|
|-heal|p2a: Ogerpon|94/100|[from] Grassy Terrain
|-heal|p1a: Rillaboom|20/100|[from] Grassy Terrain
|upkeep
|turn|18
|
|t:|1779898744
|move|p2a: Ogerpon|Spiky Shield|p2a: Ogerpon
|-singleturn|p2a: Ogerpon|move: Protect
|move|p1a: Rillaboom|Grassy Glide|p2a: Ogerpon
|-activate|p2a: Ogerpon|move: Protect
|-damage|p1a: Rillaboom|8/100|[from] Spiky Shield|[of] p2a: Ogerpon
|
|-heal|p2a: Ogerpon|99/100|[from] Grassy Terrain
|-heal|p1a: Rillaboom|14/100|[from] Grassy Terrain
|upkeep
|turn|19
|
|t:|1779898751
|switch|p2a: Ribombee|Ribombee, M, shiny|1/100
|-damage|p2a: Ribombee|0 fnt|[from] Stealth Rock
|faint|p2a: Ribombee
|move|p1a: Rillaboom|Grassy Glide|p2: Ribombee|[notarget]
|-fail|p1a: Rillaboom
|
|-heal|p1a: Rillaboom|20/100|[from] Grassy Terrain
|upkeep
|
|t:|1779898758
|switch|p2a: Ceruledge|Ceruledge, M, shiny|100/100
|-damage|p2a: Ceruledge|76/100|[from] Stealth Rock
|turn|20
|
|t:|1779898765
|move|p1a: Rillaboom|Grassy Glide|p2a: Ceruledge
|-resisted|p2a: Ceruledge
|-damage|p2a: Ceruledge|31/100
|-ability|p2a: Ceruledge|Weak Armor|boost
|-unboost|p2a: Ceruledge|def|1
|-boost|p2a: Ceruledge|spe|2
|move|p2a: Ceruledge|Swords Dance|p2a: Ceruledge
|-boost|p2a: Ceruledge|atk|2
|
|-heal|p2a: Ceruledge|38/100|[from] Grassy Terrain
|-heal|p1a: Rillaboom|27/100|[from] Grassy Terrain
|upkeep
|turn|21
|
|t:|1779898773
|switch|p1a: Corviknight|Corviknight, F|100/100
|-ability|p1a: Corviknight|Pressure
|move|p2a: Ceruledge|Shadow Sneak|p1a: Corviknight
|-damage|p1a: Corviknight|73/100
|-damage|p2a: Ceruledge|21/100|[from] item: Rocky Helmet|[of] p1a: Corviknight
|
|-heal|p2a: Ceruledge|27/100|[from] Grassy Terrain
|-fieldend|move: Grassy Terrain
|upkeep
|turn|22
|
|t:|1779898779
|switch|p1a: Kingambit|Kingambit, F|5/100
|-activate|p1a: Kingambit|move: Sticky Web
|-unboost|p1a: Kingambit|spe|1
|-activate|p1a: Kingambit|ability: Supreme Overlord
|-start|p1a: Kingambit|fallen2|[silent]
|move|p2a: Ceruledge|Poltergeist|p1a: Kingambit
|-activate|p1a: Kingambit|move: Poltergeist|Grassy Seed
|-resisted|p1a: Kingambit
|-damage|p1a: Kingambit|0 fnt
|faint|p1a: Kingambit
|-end|p1a: Kingambit|fallen2|[silent]
|
|upkeep
|
|t:|1779898784
|switch|p1a: Rillaboom|Rillaboom, M|27/100
|-activate|p1a: Rillaboom|move: Sticky Web
|-unboost|p1a: Rillaboom|spe|1
|-fieldstart|move: Grassy Terrain|[from] ability: Grassy Surge|[of] p1a: Rillaboom
|turn|23
|
|t:|1779898789
|switch|p1a: Corviknight|Corviknight, F|73/100
|-ability|p1a: Corviknight|Pressure
|move|p2a: Ceruledge|Shadow Sneak|p1a: Corviknight
|-damage|p1a: Corviknight|46/100
|-damage|p2a: Ceruledge|11/100|[from] item: Rocky Helmet|[of] p1a: Corviknight
|
|-heal|p2a: Ceruledge|17/100|[from] Grassy Terrain
|upkeep
|turn|24
|
|t:|1779898793
|move|p2a: Ceruledge|Poltergeist|p1a: Corviknight
|-activate|p1a: Corviknight|move: Poltergeist|Rocky Helmet
|-damage|p1a: Corviknight|0 fnt
|faint|p1a: Corviknight
|
|-heal|p2a: Ceruledge|23/100|[from] Grassy Terrain
|upkeep
|
|t:|1779898795
|switch|p1a: Rillaboom|Rillaboom, M|27/100
|-activate|p1a: Rillaboom|move: Sticky Web
|-unboost|p1a: Rillaboom|spe|1
|turn|25
|
|t:|1779898798
|move|p2a: Ceruledge|Shadow Sneak|p1a: Rillaboom
|-damage|p1a: Rillaboom|0 fnt
|faint|p1a: Rillaboom
|
|-heal|p2a: Ceruledge|29/100|[from] Grassy Terrain
|upkeep
|-message|overheat xyz forfeited.
|
|win|Rexydoodlesss
|raw|overheat xyz's rating: 1745 &rarr; <strong>1728</strong><br />(-17 for losing)
|raw|Rexydoodlesss's rating: 1798 &rarr; <strong>1815</strong><br />(+17 for winning)
|l|☆overheat xyz
|player|p1|
|l| Lowladderubersnoob
|l|☆Rexydoodlesss
|player|p2|
