|j|☆lulu2026006
|j|☆PedroGatoso
|t:|1779802210
|gametype|singles
|player|p1|lulu2026006|fisherman-gen4|1139
|player|p2|PedroGatoso|worker|1112
|gen|9
|tier|[Gen 9] OU
|rated|
|rule|HP Percentage Mod: HP is shown in percentages
|rule|Endless Battle Clause: Forcing endless battles is banned
|rule|Species Clause: Limit one of each Pokémon
|rule|OHKO Clause: OHKO moves are banned
|rule|Evasion Items Clause: Evasion items are banned
|rule|Evasion Moves Clause: Evasion moves are banned
|rule|Evasion Abilities Clause: Evasion abilities are banned
|rule|Sleep Moves Clause: Sleep-inducing moves are banned
|clearpoke
|poke|p1|Hawlucha, M|
|poke|p1|Indeedee, M|
|poke|p1|Hatterene, F|
|poke|p1|Conkeldurr, F|
|poke|p1|Kyurem|
|poke|p1|Polteageist|
|poke|p2|Golem, M|
|poke|p2|Rhyperior, F|
|poke|p2|Azumarill, F|
|poke|p2|Venusaur, M|
|poke|p2|Kingambit, F|
|poke|p2|Dragonite, M|
|teampreview
|inactive|Battle timer is ON: inactive players will automatically lose when time's up. (requested by lulu2026006)
|
|t:|1779802216
|teamsize|p1|6
|teamsize|p2|6
|start
|switch|p1a: Indeedee|Indeedee, M|100/100
|switch|p2a: Golem|Golem, M|100/100
|-fieldstart|move: Psychic Terrain|[from] ability: Psychic Surge|[of] p1a: Indeedee
|turn|1
|
|t:|1779802225
|move|p1a: Indeedee|Expanding Force|p2a: Golem
|-damage|p2a: Golem|11/100
|move|p2a: Golem|Stealth Rock|p1a: Indeedee
|-sidestart|p1: lulu2026006|move: Stealth Rock
|
|upkeep
|turn|2
|-enditem|p2a: Golem|Custap Berry|[eat]
|-activate|p2a: Golem|item: Custap Berry|[consumed]
|
|t:|1779802231
|move|p2a: Golem|Explosion|p1a: Indeedee
|-damage|p1a: Indeedee|0 fnt
|faint|p2a: Golem
|faint|p1a: Indeedee
|
|upkeep
|
|t:|1779802239
|switch|p1a: Hawlucha|Hawlucha, M|100/100
|switch|p2a: Rhyperior|Rhyperior, F|100/100
|-damage|p1a: Hawlucha|88/100|[from] Stealth Rock
|-enditem|p1a: Hawlucha|Psychic Seed
|-boost|p1a: Hawlucha|spd|1|[from] item: Psychic Seed
|turn|3
|
|t:|1779802258
|switch|p2a: Azumarill|Azumarill, F|100/100
|-terastallize|p1a: Hawlucha|Steel
|move|p1a: Hawlucha|Bulk Up|p1a: Hawlucha
|-boost|p1a: Hawlucha|atk|1
|-boost|p1a: Hawlucha|def|1
|
|upkeep
|turn|4
|inactive|PedroGatoso has 120 seconds left.
|
|t:|1779802288
|switch|p2a: Dragonite|Dragonite, M|100/100
|move|p1a: Hawlucha|Bulk Up|p1a: Hawlucha
|-boost|p1a: Hawlucha|atk|1
|-boost|p1a: Hawlucha|def|1
|
|upkeep
|turn|5
|inactive|PedroGatoso has 120 seconds left.
|
|t:|1779802303
|move|p1a: Hawlucha|Bulk Up|p1a: Hawlucha
|-boost|p1a: Hawlucha|atk|1
|-boost|p1a: Hawlucha|def|1
|move|p2a: Dragonite|Earthquake|p1a: Hawlucha
|-supereffective|p1a: Hawlucha
|-damage|p1a: Hawlucha|39/100
|
|upkeep
|turn|6
|inactive|PedroGatoso has 120 seconds left.
|
|t:|1779802319
|move|p1a: Hawlucha|Acrobatics|p2a: Dragonite
|-damage|p2a: Dragonite|27/100
|move|p2a: Dragonite|Earthquake|p1a: Hawlucha
|-supereffective|p1a: Hawlucha
|-damage|p1a: Hawlucha|0 fnt
|faint|p1a: Hawlucha
|
|upkeep
|-message|lulu2026006 forfeited.
|
|win|PedroGatoso
|raw|lulu2026006's rating: 1139 &rarr; <strong>1112</strong><br />(-27 for losing)
|raw|PedroGatoso's rating: 1112 &rarr; <strong>1139</strong><br />(+27 for winning)
|l|☆lulu2026006
|player|p1|
|l|☆PedroGatoso
|player|p2|
