|j|☆maxcondones
|j|☆Danielesqueda17
|t:|1779945258
|gametype|singles
|player|p1|maxcondones|102|1517
|player|p2|Danielesqueda17|bellelba|1512
|gen|9
|tier|[Gen 9] OU
|rated|
|rule|HP Percentage Mod: HP is shown in percentages
|rule|Endless Battle Clause: Forcing endless battles is banned
|rule|Species Clause: Limit one of each Pokémon
|rule|OHKO Clause: OHKO moves are banned
|rule|Evasion Items Clause: Evasion items are banned
|rule|Evasion Moves Clause: Evasion moves are banned
|rule|Evasion Abilities Clause: Evasion abilities are banned
|rule|Sleep Moves Clause: Sleep-inducing moves are banned
|clearpoke
|poke|p1|Excadrill, F|
|poke|p1|Landorus-Therian, M|
|poke|p1|Deoxys-Speed|
|poke|p1|Tyranitar, F|
|poke|p1|Tornadus-Therian, M|
|poke|p1|Hippowdon, M|
|poke|p2|Araquanid, F|
|poke|p2|Mamoswine, F|
|poke|p2|Iron Valiant|
|poke|p2|Enamorus, F|
|poke|p2|Dragapult, M|
|poke|p2|Gholdengo|
|teampreview
|inactive|Battle timer is ON: inactive players will automatically lose when time's up. (requested by Danielesqueda17)
|
|t:|1779945273
|teamsize|p1|6
|teamsize|p2|6
|start
|switch|p1a: Tyranitar|Tyranitar, F|100/100
|switch|p2a: Araquanid|Araquanid, F|100/100
|-weather|Sandstorm|[from] ability: Sand Stream|[of] p1a: Tyranitar
|turn|1
|
|t:|1779945279
|move|p1a: Tyranitar|Stone Edge|p2a: Araquanid
|-supereffective|p2a: Araquanid
|-damage|p2a: Araquanid|24/100
|move|p2a: Araquanid|Sticky Web|p1a: Tyranitar
|-sidestart|p1: maxcondones|move: Sticky Web
|
|-weather|Sandstorm|[upkeep]
|-damage|p2a: Araquanid|18/100|[from] Sandstorm
|upkeep
|turn|2
|-enditem|p2a: Araquanid|Custap Berry|[eat]
|-activate|p2a: Araquanid|item: Custap Berry|[consumed]
|
|t:|1779945288
|move|p2a: Araquanid|Endeavor|p1a: Tyranitar
|-damage|p1a: Tyranitar|18/100
|-enditem|p1a: Tyranitar|Eject Button
|
|t:|1779945291
|switch|p1a: Tornadus|Tornadus-Therian, M|100/100
|
|-weather|Sandstorm|[upkeep]
|-damage|p1a: Tornadus|94/100|[from] Sandstorm
|-damage|p2a: Araquanid|12/100|[from] Sandstorm
|upkeep
|turn|3
|
|t:|1779945300
|move|p1a: Tornadus|Bleakwind Storm|p2a: Araquanid
|-supereffective|p2a: Araquanid
|-damage|p2a: Araquanid|0 fnt
|faint|p2a: Araquanid
|-damage|p1a: Tornadus|85/100|[from] item: Life Orb
|
|-weather|Sandstorm|[upkeep]
|-damage|p1a: Tornadus|79/100|[from] Sandstorm
|upkeep
|
|t:|1779945302
|switch|p2a: Mamoswine|Mamoswine, F|100/100
|turn|4
|
|t:|1779945323
|move|p1a: Tornadus|Focus Blast|p2a: Mamoswine|[miss]
|-miss|p1a: Tornadus|p2a: Mamoswine
|move|p2a: Mamoswine|Icicle Crash|p1a: Tornadus
|-supereffective|p1a: Tornadus
|-damage|p1a: Tornadus|0 fnt
|faint|p1a: Tornadus
|-damage|p2a: Mamoswine|91/100|[from] item: Life Orb
|
|-weather|Sandstorm|[upkeep]
|upkeep
|
|t:|1779945326
|switch|p1a: Excadrill|Excadrill, F|100/100
|-activate|p1a: Excadrill|move: Sticky Web
|-unboost|p1a: Excadrill|spe|1
|turn|5
|
|t:|1779945329
|move|p1a: Excadrill|Iron Head|p2a: Mamoswine
|-supereffective|p2a: Mamoswine
|-damage|p2a: Mamoswine|0 fnt
|faint|p2a: Mamoswine
|
|-weather|none
|upkeep
|
|t:|1779945332
|switch|p2a: Dragapult|Dragapult, M|100/100
|turn|6
|
|t:|1779945334
|switch|p1a: Tyranitar|Tyranitar, F|18/100
|-activate|p1a: Tyranitar|move: Sticky Web
|-unboost|p1a: Tyranitar|spe|1
|-weather|Sandstorm|[from] ability: Sand Stream|[of] p1a: Tyranitar
|-terastallize|p2a: Dragapult|Ghost
|move|p2a: Dragapult|Shadow Ball|p1a: Tyranitar
|-resisted|p1a: Tyranitar
|-damage|p1a: Tyranitar|0 fnt
|faint|p1a: Tyranitar
|
|-weather|Sandstorm|[upkeep]
|-damage|p2a: Dragapult|95/100|[from] Sandstorm
|upkeep
|
|t:|1779945353
|switch|p1a: Excadrill|Excadrill, F|100/100
|-activate|p1a: Excadrill|move: Sticky Web
|-unboost|p1a: Excadrill|spe|1
|turn|7
|
|t:|1779945355
|move|p2a: Dragapult|Shadow Ball|p1a: Excadrill
|-damage|p1a: Excadrill|2/100
|move|p1a: Excadrill|Earthquake|p2a: Dragapult
|-damage|p2a: Dragapult|0 fnt
|faint|p2a: Dragapult
|
|-weather|Sandstorm|[upkeep]
|upkeep
|
|t:|1779945358
|switch|p2a: Iron Valiant|Iron Valiant|100/100
|-enditem|p2a: Iron Valiant|Booster Energy
|-activate|p2a: Iron Valiant|ability: Quark Drive|[fromitem]
|-start|p2a: Iron Valiant|quarkdrivespa
|turn|8
|
|t:|1779945365
|move|p2a: Iron Valiant|Vacuum Wave|p1a: Excadrill
|-supereffective|p1a: Excadrill
|-damage|p1a: Excadrill|0 fnt
|faint|p1a: Excadrill
|
|-weather|Sandstorm|[upkeep]
|-damage|p2a: Iron Valiant|94/100|[from] Sandstorm
|upkeep
|
|t:|1779945367
|switch|p1a: Landorus|Landorus-Therian, M|100/100
|-ability|p1a: Landorus|Intimidate|boost
|-unboost|p2a: Iron Valiant|atk|1
|turn|9
|
|t:|1779945374
|move|p2a: Iron Valiant|Moonblast|p1a: Landorus
|-damage|p1a: Landorus|30/100
|move|p1a: Landorus|Earth Power|p2a: Iron Valiant
|-damage|p2a: Iron Valiant|35/100
|
|-weather|Sandstorm|[upkeep]
|-damage|p2a: Iron Valiant|29/100|[from] Sandstorm
|upkeep
|turn|10
|
|t:|1779945378
|move|p2a: Iron Valiant|Moonblast|p1a: Landorus
|-damage|p1a: Landorus|0 fnt
|faint|p1a: Landorus
|
|-weather|none
|upkeep
|
|t:|1779945380
|switch|p1a: Deoxys|Deoxys-Speed|100/100
|-activate|p1a: Deoxys|move: Sticky Web
|-unboost|p1a: Deoxys|spe|1
|-ability|p1a: Deoxys|Pressure
|-enditem|p1a: Deoxys|Eject Pack
|-message|maxcondones forfeited.
|
|win|Danielesqueda17
|raw|maxcondones's rating: 1517 &rarr; <strong>1497</strong><br />(-20 for losing)
|raw|Danielesqueda17's rating: 1512 &rarr; <strong>1532</strong><br />(+20 for winning)
|l|☆maxcondones
|player|p1|
|l|☆Danielesqueda17
|player|p2|
