|j|☆crepitansalt
|j|☆ArchStanton47
|t:|1779818674
|gametype|singles
|player|p1|crepitansalt|aetherfoundation2|1478
|player|p2|ArchStanton47|ethan-pokeathlon|1466
|gen|9
|tier|[Gen 9] OU
|rated|
|rule|HP Percentage Mod: HP is shown in percentages
|rule|Endless Battle Clause: Forcing endless battles is banned
|rule|Species Clause: Limit one of each Pokémon
|rule|OHKO Clause: OHKO moves are banned
|rule|Evasion Items Clause: Evasion items are banned
|rule|Evasion Moves Clause: Evasion moves are banned
|rule|Evasion Abilities Clause: Evasion abilities are banned
|rule|Sleep Moves Clause: Sleep-inducing moves are banned
|clearpoke
|poke|p1|Gliscor, M|
|poke|p1|Corviknight, F|
|poke|p1|Clefable, M|
|poke|p1|Dondozo, F|
|poke|p1|Iron Valiant|
|poke|p1|Heatran, F|
|poke|p2|Weezing-Galar, M|
|poke|p2|Hitmonlee, M|
|poke|p2|Hydrapple, F|
|poke|p2|Landorus-Therian, M|
|poke|p2|Primarina, F|
|poke|p2|Kyurem|
|teampreview
|inactive|Battle timer is ON: inactive players will automatically lose when time's up. (requested by crepitansalt)
|
|t:|1779818692
|teamsize|p1|6
|teamsize|p2|6
|start
|switch|p1a: Corviknight|Corviknight, F|100/100
|switch|p2a: Weezing|Weezing-Galar, M|100/100
|-ability|p1a: Corviknight|Pressure
|-fieldstart|move: Misty Terrain|[from] ability: Misty Surge|[of] p2a: Weezing
|turn|1
|
|t:|1779818698
|switch|p2a: Primarina|Primarina, F|100/100
|move|p1a: Corviknight|U-turn|p2a: Primarina
|-resisted|p2a: Primarina
|-damage|p2a: Primarina|92/100
|
|t:|1779818703
|switch|p1a: Iron Valiant|Iron Valiant|100/100|[from] U-turn
|
|upkeep
|turn|2
|
|t:|1779818711
|move|p1a: Iron Valiant|Thunderbolt|p2a: Primarina
|-supereffective|p2a: Primarina
|-damage|p2a: Primarina|36/100
|move|p2a: Primarina|Reflect|p2a: Primarina
|-sidestart|p2: ArchStanton47|Reflect
|
|upkeep
|turn|3
|
|t:|1779818718
|switch|p2a: Landorus|Landorus-Therian, M|100/100
|-ability|p2a: Landorus|Intimidate|boost
|-unboost|p1a: Iron Valiant|atk|1
|move|p1a: Iron Valiant|Thunderbolt|p2a: Landorus
|-immune|p2a: Landorus
|
|upkeep
|turn|4
|
|t:|1779818723
|-end|p1a: Iron Valiant|Quark Drive|[silent]
|switch|p1a: Corviknight|Corviknight, F|100/100
|-ability|p1a: Corviknight|Pressure
|move|p2a: Landorus|U-turn|p1a: Corviknight
|-resisted|p1a: Corviknight
|-damage|p1a: Corviknight|96/100
|-damage|p2a: Landorus|84/100|[from] item: Rocky Helmet|[of] p1a: Corviknight
|
|t:|1779818737
|switch|p2a: Hitmonlee|Hitmonlee, M|100/100|[from] U-turn
|-enditem|p2a: Hitmonlee|Misty Seed
|-boost|p2a: Hitmonlee|spd|1|[from] item: Misty Seed
|
|upkeep
|turn|5
|
|t:|1779818741
|move|p2a: Hitmonlee|Swords Dance|p2a: Hitmonlee
|-boost|p2a: Hitmonlee|atk|2
|move|p1a: Corviknight|Defog|p2a: Hitmonlee
|-unboost|p2a: Hitmonlee|evasion|1
|-sideend|p2: ArchStanton47|Reflect
|-fieldend|Misty Terrain
|
|upkeep
|turn|6
|
|t:|1779818751
|move|p2a: Hitmonlee|High Jump Kick|p1a: Corviknight
|-damage|p1a: Corviknight|10/100
|-damage|p2a: Hitmonlee|84/100|[from] item: Rocky Helmet|[of] p1a: Corviknight
|move|p1a: Corviknight|Brave Bird|p2a: Hitmonlee
|-supereffective|p2a: Hitmonlee
|-damage|p2a: Hitmonlee|0 fnt
|faint|p2a: Hitmonlee
|-damage|p1a: Corviknight|0 fnt|[from] Recoil
|faint|p1a: Corviknight
|
|upkeep
|
|t:|1779818759
|switch|p2a: Primarina|Primarina, F|36/100
|switch|p1a: Iron Valiant|Iron Valiant|100/100
|turn|7
|
|t:|1779818762
|switch|p2a: Landorus|Landorus-Therian, M|84/100
|-ability|p2a: Landorus|Intimidate|boost
|-unboost|p1a: Iron Valiant|atk|1
|-terastallize|p1a: Iron Valiant|Fairy
|move|p1a: Iron Valiant|Moonblast|p2a: Landorus
|-damage|p2a: Landorus|0 fnt
|faint|p2a: Landorus
|
|upkeep
|
|t:|1779818773
|switch|p2a: Weezing|Weezing-Galar, M|100/100
|-fieldstart|move: Misty Terrain|[from] ability: Misty Surge|[of] p2a: Weezing
|turn|8
|
|t:|1779818780
|move|p1a: Iron Valiant|Moonblast|p2a: Weezing
|-resisted|p2a: Weezing
|-damage|p2a: Weezing|39/100
|move|p2a: Weezing|Pain Split|p1a: Iron Valiant
|-sethp|p1a: Iron Valiant|73/100|[from] move: Pain Split|[silent]
|-sethp|p2a: Weezing|63/100|[from] move: Pain Split
|
|upkeep
|turn|9
|
|t:|1779818787
|-end|p1a: Iron Valiant|Quark Drive|[silent]
|switch|p1a: Gliscor|Gliscor, M|100/100
|move|p2a: Weezing|Destiny Bond|p2a: Weezing
|-singlemove|p2a: Weezing|Destiny Bond
|
|-status|p1a: Gliscor|tox|[from] item: Toxic Orb
|upkeep
|turn|10
|
|t:|1779818792
|move|p1a: Gliscor|Earthquake|p2a: Weezing
|-supereffective|p2a: Weezing
|-damage|p2a: Weezing|20/100
|move|p2a: Weezing|Pain Split|p1a: Gliscor
|-sethp|p1a: Gliscor|60/100 tox|[from] move: Pain Split|[silent]
|-sethp|p2a: Weezing|63/100|[from] move: Pain Split
|
|-heal|p1a: Gliscor|72/100 tox|[from] ability: Poison Heal
|upkeep
|turn|11
|
|t:|1779818800
|move|p1a: Gliscor|Earthquake|p2a: Weezing
|-supereffective|p2a: Weezing
|-damage|p2a: Weezing|20/100
|move|p2a: Weezing|Destiny Bond|p2a: Weezing
|-singlemove|p2a: Weezing|Destiny Bond
|
|-heal|p1a: Gliscor|84/100 tox|[from] ability: Poison Heal
|upkeep
|turn|12
|
|t:|1779818806
|move|p1a: Gliscor|Protect|p1a: Gliscor
|-singleturn|p1a: Gliscor|Protect
|move|p2a: Weezing|Pain Split|p1a: Gliscor
|-activate|p1a: Gliscor|move: Protect
|
|-heal|p1a: Gliscor|97/100 tox|[from] ability: Poison Heal
|upkeep
|turn|13
|
|t:|1779818810
|switch|p2a: Hydrapple|Hydrapple, F|100/100
|move|p1a: Gliscor|Earthquake|p2a: Hydrapple
|-resisted|p2a: Hydrapple
|-damage|p2a: Hydrapple|89/100
|
|-heal|p1a: Gliscor|100/100 tox|[from] ability: Poison Heal
|upkeep
|turn|14
|
|t:|1779818819
|switch|p1a: Clefable|Clefable, M|100/100
|move|p2a: Hydrapple|Leaf Storm|p1a: Clefable
|-damage|p1a: Clefable|29/100
|-unboost|p2a: Hydrapple|spa|2
|-enditem|p2a: Hydrapple|Eject Pack
|
|t:|1779818832
|switch|p2a: Primarina|Primarina, F|36/100
|
|upkeep
|turn|15
|
|t:|1779818836
|move|p1a: Clefable|Moonlight|p1a: Clefable
|-heal|p1a: Clefable|79/100
|move|p2a: Primarina|Light Screen|p2a: Primarina
|-sidestart|p2: ArchStanton47|move: Light Screen
|
|-fieldend|Misty Terrain
|upkeep
|turn|16
|
|t:|1779818841
|move|p1a: Clefable|Calm Mind|p1a: Clefable
|-boost|p1a: Clefable|spa|1
|-boost|p1a: Clefable|spd|1
|move|p2a: Primarina|Reflect|p2a: Primarina
|-sidestart|p2: ArchStanton47|Reflect
|
|upkeep
|turn|17
|
|t:|1779818845
|move|p1a: Clefable|Calm Mind|p1a: Clefable
|-boost|p1a: Clefable|spa|1
|-boost|p1a: Clefable|spd|1
|move|p2a: Primarina|Flip Turn|p1a: Clefable
|-damage|p1a: Clefable|67/100
|
|t:|1779818848
|switch|p2a: Kyurem|Kyurem|100/100|[from] Flip Turn
|-ability|p2a: Kyurem|Pressure
|
|upkeep
|turn|18
|
|t:|1779818857
|move|p2a: Kyurem|Iron Head|p1a: Clefable
|-supereffective|p1a: Clefable
|-damage|p1a: Clefable|22/100
|move|p1a: Clefable|Moonlight|p1a: Clefable
|-heal|p1a: Clefable|72/100
|
|upkeep
|turn|19
|
|t:|1779818863
|move|p2a: Kyurem|Dragon Dance|p2a: Kyurem
|-boost|p2a: Kyurem|atk|1
|-boost|p2a: Kyurem|spe|1
|move|p1a: Clefable|Moonblast|p2a: Kyurem
|-supereffective|p2a: Kyurem
|-damage|p2a: Kyurem|22/100
|-unboost|p2a: Kyurem|spa|1
|
|upkeep
|turn|20
|
|t:|1779818869
|switch|p1a: Dondozo|Dondozo, F|100/100
|-terastallize|p2a: Kyurem|Steel
|move|p2a: Kyurem|Iron Head|p1a: Dondozo
|-resisted|p1a: Dondozo
|-damage|p1a: Dondozo|91/100
|
|upkeep
|turn|21
|
|t:|1779818877
|switch|p2a: Hydrapple|Hydrapple, F|100/100
|move|p1a: Dondozo|Curse|p1a: Dondozo
|-unboost|p1a: Dondozo|spe|1
|-boost|p1a: Dondozo|atk|1
|-boost|p1a: Dondozo|def|1
|
|upkeep
|turn|22
|
|t:|1779818881
|switch|p1a: Gliscor|Gliscor, M|100/100 tox
|move|p2a: Hydrapple|Leaf Storm|p1a: Gliscor
|-damage|p1a: Gliscor|43/100 tox
|-unboost|p2a: Hydrapple|spa|2
|
|-heal|p1a: Gliscor|56/100 tox|[from] ability: Poison Heal
|-sideend|p2: ArchStanton47|move: Light Screen
|upkeep
|turn|23
|
|t:|1779818891
|move|p1a: Gliscor|Toxic|p2a: Hydrapple
|-status|p2a: Hydrapple|tox
|move|p2a: Hydrapple|Nasty Plot|p2a: Hydrapple
|-boost|p2a: Hydrapple|spa|2
|
|-heal|p1a: Gliscor|68/100 tox|[from] ability: Poison Heal
|-damage|p2a: Hydrapple|94/100 tox|[from] psn
|-sideend|p2: ArchStanton47|Reflect
|upkeep
|turn|24
|
|t:|1779818897
|switch|p2a: Weezing|Weezing-Galar, M|20/100
|-fieldstart|move: Misty Terrain|[from] ability: Misty Surge|[of] p2a: Weezing
|move|p1a: Gliscor|Protect||[still]
|-fail|p1a: Gliscor
|
|-heal|p1a: Gliscor|81/100 tox|[from] ability: Poison Heal
|upkeep
|turn|25
|
|t:|1779818907
|move|p1a: Gliscor|Earthquake|p2a: Weezing
|-supereffective|p2a: Weezing
|-damage|p2a: Weezing|0 fnt
|faint|p2a: Weezing
|
|-heal|p1a: Gliscor|93/100 tox|[from] ability: Poison Heal
|upkeep
|
|t:|1779818909
|switch|p2a: Hydrapple|Hydrapple, F|100/100 tox
|turn|26
|
|t:|1779818911
|move|p1a: Gliscor|Earthquake|p2a: Hydrapple
|-resisted|p2a: Hydrapple
|-damage|p2a: Hydrapple|89/100 tox
|move|p2a: Hydrapple|Nasty Plot|p2a: Hydrapple
|-boost|p2a: Hydrapple|spa|2
|
|-heal|p1a: Gliscor|100/100 tox|[from] ability: Poison Heal
|-damage|p2a: Hydrapple|83/100 tox|[from] psn
|upkeep
|turn|27
|
|t:|1779818915
|move|p1a: Gliscor|Protect|p1a: Gliscor
|-singleturn|p1a: Gliscor|Protect
|move|p2a: Hydrapple|Nasty Plot|p2a: Hydrapple
|-boost|p2a: Hydrapple|spa|2
|
|-damage|p2a: Hydrapple|71/100 tox|[from] psn
|upkeep
|turn|28
|
|t:|1779818923
|switch|p1a: Heatran|Heatran, F|100/100
|move|p2a: Hydrapple|Leaf Storm|p1a: Heatran
|-resisted|p1a: Heatran
|-damage|p1a: Heatran|68/100
|-unboost|p2a: Hydrapple|spa|2
|
|-heal|p1a: Heatran|74/100|[from] item: Leftovers
|-damage|p2a: Hydrapple|53/100 tox|[from] psn
|upkeep
|turn|29
|
|t:|1779818928
|move|p1a: Heatran|Protect|p1a: Heatran
|-singleturn|p1a: Heatran|Protect
|move|p2a: Hydrapple|Earth Power|p1a: Heatran
|-activate|p1a: Heatran|move: Protect
|
|-heal|p1a: Heatran|80/100|[from] item: Leftovers
|-damage|p2a: Hydrapple|29/100 tox|[from] psn
|upkeep
|turn|30
|
|t:|1779818937
|switch|p2a: Primarina|Primarina, F|36/100
|move|p1a: Heatran|Magma Storm|p2a: Primarina|[miss]
|-miss|p1a: Heatran|p2a: Primarina
|
|-heal|p1a: Heatran|87/100|[from] item: Leftovers
|upkeep
|turn|31
|
|t:|1779818942
|move|p1a: Heatran|Stealth Rock|p2a: Primarina
|-sidestart|p2: ArchStanton47|move: Stealth Rock
|move|p2a: Primarina|Flip Turn|p1a: Heatran
|-supereffective|p1a: Heatran
|-damage|p1a: Heatran|62/100
|
|t:|1779818948
|switch|p2a: Hydrapple|Hydrapple, F|62/100 tox|[from] Flip Turn
|-damage|p2a: Hydrapple|50/100 tox|[from] Stealth Rock
|
|-heal|p1a: Heatran|68/100|[from] item: Leftovers
|-damage|p2a: Hydrapple|44/100 tox|[from] psn
|-fieldend|Misty Terrain
|upkeep
|turn|32
|
|t:|1779818958
|move|p1a: Heatran|Magma Storm|p2a: Hydrapple
|-damage|p2a: Hydrapple|0 fnt
|faint|p2a: Hydrapple
|
|-heal|p1a: Heatran|74/100|[from] item: Leftovers
|upkeep
|-message|ArchStanton47 forfeited.
|
|win|crepitansalt
|raw|crepitansalt's rating: 1478 &rarr; <strong>1497</strong><br />(+19 for winning)
|raw|ArchStanton47's rating: 1466 &rarr; <strong>1447</strong><br />(-19 for losing)
|l|☆ArchStanton47
|player|p2|
|l|☆crepitansalt
|player|p1|
