|j|☆NotRedRaven
|j|☆haxmaxer
|inactive|Battle timer is ON: inactive players will automatically lose when time's up.
|t:|1779897982
|gametype|singles
|player|p1|NotRedRaven|wallace|
|player|p2|haxmaxer|richboy-gen6|
|gen|9
|tier|[Gen 9] OU
|rated|Tournament battle
|rule|HP Percentage Mod: HP is shown in percentages
|rule|Endless Battle Clause: Forcing endless battles is banned
|rule|Species Clause: Limit one of each Pokémon
|rule|OHKO Clause: OHKO moves are banned
|rule|Evasion Items Clause: Evasion items are banned
|rule|Evasion Moves Clause: Evasion moves are banned
|rule|Evasion Abilities Clause: Evasion abilities are banned
|rule|Sleep Moves Clause: Sleep-inducing moves are banned
|clearpoke
|poke|p1|Zamazenta-*|
|poke|p1|Kingambit, M|
|poke|p1|Slowking-Galar, F|
|poke|p1|Primarina, F|
|poke|p1|Great Tusk|
|poke|p1|Zapdos|
|poke|p2|Weavile, F|
|poke|p2|Volcanion|
|poke|p2|Great Tusk|
|poke|p2|Hatterene, F|
|poke|p2|Gholdengo|
|poke|p2|Dragonite, M|
|teampreview
|j|*Lady Monita 
|inactive|haxmaxer also wants the timer to be on.
|j| ihateclodsire
|c|☆NotRedRaven|glhf
|inactive|haxmaxer has 120 seconds left.
|inactive|haxmaxer has 90 seconds left.
|
|t:|1779898056
|teamsize|p1|6
|teamsize|p2|6
|start
|switch|p1a: Great Tusk|Great Tusk|100/100
|switch|p2a: Weavile|Weavile, F|100/100
|turn|1
|inactive|NotRedRaven has 120 seconds left.
|
|t:|1779898097
|switch|p2a: Great Tusk|Great Tusk|100/100
|move|p1a: Great Tusk|Ice Spinner|p2a: Great Tusk
|-supereffective|p2a: Great Tusk
|-damage|p2a: Great Tusk|57/100
|
|upkeep
|turn|2
|
|t:|1779898106
|move|p1a: Great Tusk|Stealth Rock|p2a: Great Tusk
|-sidestart|p2: haxmaxer|move: Stealth Rock
|move|p2a: Great Tusk|Ice Spinner|p1a: Great Tusk
|-supereffective|p1a: Great Tusk
|-damage|p1a: Great Tusk|62/100
|
|-heal|p1a: Great Tusk|68/100|[from] item: Leftovers
|upkeep
|turn|3
|inactive|NotRedRaven has 120 seconds left.
|
|t:|1779898144
|move|p1a: Great Tusk|Ice Spinner|p2a: Great Tusk
|-supereffective|p2a: Great Tusk
|-damage|p2a: Great Tusk|18/100
|move|p2a: Great Tusk|Rapid Spin|p1a: Great Tusk
|-damage|p1a: Great Tusk|56/100
|-boost|p2a: Great Tusk|spe|1
|-sideend|p2: haxmaxer|Stealth Rock|[from] move: Rapid Spin|[of] p2a: Great Tusk
|
|-heal|p1a: Great Tusk|62/100|[from] item: Leftovers
|upkeep
|turn|4
|j| kaminazalil
|c| kaminazalil|No psyshock great tusk :(
|inactive|haxmaxer has 120 seconds left.
|j| Oxyderkes
|
|t:|1779898179
|move|p2a: Great Tusk|Headlong Rush|p1a: Great Tusk
|-damage|p1a: Great Tusk|20/100
|-unboost|p2a: Great Tusk|def|1
|-unboost|p2a: Great Tusk|spd|1
|move|p1a: Great Tusk|Earthquake|p2a: Great Tusk
|-damage|p2a: Great Tusk|0 fnt
|faint|p2a: Great Tusk
|-end|p2a: Great Tusk|Protosynthesis|[silent]
|
|-heal|p1a: Great Tusk|26/100|[from] item: Leftovers
|upkeep
|inactive|haxmaxer has 120 seconds left.
|c|☆NotRedRaven|unfort
|
|t:|1779898203
|switch|p2a: Weavile|Weavile, F|100/100
|turn|5
|l| ihateclodsire
|
|t:|1779898214
|-end|p1a: Great Tusk|Protosynthesis|[silent]
|switch|p1a: Primarina|Primarina, F|100/100
|move|p2a: Weavile|Triple Axel|p1a: Primarina
|-resisted|p1a: Primarina
|-damage|p1a: Primarina|91/100
|-resisted|p1a: Primarina
|-damage|p1a: Primarina|71/100
|-resisted|p1a: Primarina
|-damage|p1a: Primarina|41/100
|-hitcount|p1a: Primarina|3
|
|-heal|p1a: Primarina|48/100|[from] item: Leftovers
|upkeep
|turn|6
|inactive|haxmaxer has 120 seconds left.
|
|t:|1779898229
|move|p2a: Weavile|Triple Axel|p1a: Primarina
|-resisted|p1a: Primarina
|-damage|p1a: Primarina|37/100
|-resisted|p1a: Primarina
|-damage|p1a: Primarina|16/100
|-resisted|p1a: Primarina
|-damage|p1a: Primarina|0 fnt
|faint|p1a: Primarina
|-hitcount|p1: Primarina|3
|
|upkeep
|
|t:|1779898235
|switch|p1a: Zamazenta|Zamazenta|100/100
|-ability|p1a: Zamazenta|Dauntless Shield|boost
|-boost|p1a: Zamazenta|def|1
|turn|7
|
|t:|1779898243
|switch|p2a: Hatterene|Hatterene, F|100/100
|move|p1a: Zamazenta|Close Combat|p2a: Hatterene
|-resisted|p2a: Hatterene
|-damage|p2a: Hatterene|89/100
|-unboost|p1a: Zamazenta|def|1
|-unboost|p1a: Zamazenta|spd|1
|-damage|p1a: Zamazenta|84/100|[from] item: Rocky Helmet|[of] p2a: Hatterene
|
|upkeep
|turn|8
|inactive|haxmaxer has 120 seconds left.
|inactive|haxmaxer has 90 seconds left.
|
|t:|1779898295
|move|p1a: Zamazenta|Heavy Slam|p2a: Hatterene
|-supereffective|p2a: Hatterene
|-damage|p2a: Hatterene|25/100
|-damage|p1a: Zamazenta|67/100|[from] item: Rocky Helmet|[of] p2a: Hatterene
|move|p2a: Hatterene|Psychic Noise|p1a: Zamazenta
|-supereffective|p1a: Zamazenta
|-damage|p1a: Zamazenta|0 fnt
|faint|p1a: Zamazenta
|
|upkeep
|
|t:|1779898305
|switch|p1a: Kingambit|Kingambit, M|100/100
|-activate|p1a: Kingambit|ability: Supreme Overlord
|-start|p1a: Kingambit|fallen2|[silent]
|turn|9
|inactive|haxmaxer has 90 seconds left.
|
|t:|1779898330
|switch|p2a: Volcanion|Volcanion|100/100
|move|p1a: Kingambit|Swords Dance|p1a: Kingambit
|-boost|p1a: Kingambit|atk|2
|
|upkeep
|turn|10
|
|t:|1779898336
|-terastallize|p1a: Kingambit|Ghost
|move|p2a: Volcanion|Flamethrower|p1a: Kingambit
|-damage|p1a: Kingambit|51/100
|move|p1a: Kingambit|Kowtow Cleave|p2a: Volcanion
|-damage|p2a: Volcanion|0 fnt
|faint|p2a: Volcanion
|
|-heal|p1a: Kingambit|57/100|[from] item: Leftovers
|upkeep
|
|t:|1779898341
|switch|p2a: Weavile|Weavile, F|100/100
|turn|11
|
|t:|1779898352
|move|p1a: Kingambit|Sucker Punch|p2a: Weavile
|-resisted|p2a: Weavile
|-damage|p2a: Weavile|15/100
|move|p2a: Weavile|Knock Off|p1a: Kingambit
|-supereffective|p1a: Kingambit
|-damage|p1a: Kingambit|0 fnt
|-enditem|p1a: Kingambit|Leftovers|[from] move: Knock Off|[of] p2a: Weavile
|faint|p1a: Kingambit
|-end|p1a: Kingambit|fallen2|[silent]
|
|upkeep
|
|t:|1779898361
|switch|p1a: Slowking|Slowking-Galar, F|100/100
|turn|12
|inactive|haxmaxer has 90 seconds left.
|
|t:|1779898388
|-terastallize|p2a: Weavile|Dark
|move|p2a: Weavile|Knock Off|p1a: Slowking
|-supereffective|p1a: Slowking
|-damage|p1a: Slowking|0 fnt
|-enditem|p1a: Slowking|Heavy-Duty Boots|[from] move: Knock Off|[of] p2a: Weavile
|faint|p1a: Slowking
|
|upkeep
|
|t:|1779898396
|switch|p1a: Zapdos|Zapdos|100/100
|turn|13
|inactive|haxmaxer has 90 seconds left.
|
|t:|1779898415
|move|p2a: Weavile|Knock Off|p1a: Zapdos
|-damage|p1a: Zapdos|34/100
|-enditem|p1a: Zapdos|Heavy-Duty Boots|[from] move: Knock Off|[of] p2a: Weavile
|move|p1a: Zapdos|Discharge|p2a: Weavile
|-damage|p2a: Weavile|0 fnt
|faint|p2a: Weavile
|
|upkeep
|j| ihateclodsire
|
|t:|1779898420
|switch|p2a: Dragonite|Dragonite, M|100/100
|turn|14
|
|t:|1779898429
|move|p2a: Dragonite|Dragon Dance|p2a: Dragonite
|-boost|p2a: Dragonite|atk|1
|-boost|p2a: Dragonite|spe|1
|move|p1a: Zapdos|Roost|p1a: Zapdos
|-heal|p1a: Zapdos|84/100
|-singleturn|p1a: Zapdos|move: Roost
|
|upkeep
|turn|15
|
|t:|1779898446
|move|p2a: Dragonite|Encore|p1a: Zapdos
|-start|p1a: Zapdos|Encore
|move|p1a: Zapdos|Roost|p1a: Zapdos
|-heal|p1a: Zapdos|100/100
|-singleturn|p1a: Zapdos|move: Roost
|
|upkeep
|turn|16
|
|t:|1779898449
|switch|p1a: Great Tusk|Great Tusk|26/100
|move|p2a: Dragonite|Dragon Dance|p2a: Dragonite
|-boost|p2a: Dragonite|atk|1
|-boost|p2a: Dragonite|spe|1
|
|-heal|p1a: Great Tusk|33/100|[from] item: Leftovers
|upkeep
|turn|17
|
|t:|1779898453
|move|p2a: Dragonite|Ice Spinner|p1a: Great Tusk
|-supereffective|p1a: Great Tusk
|-damage|p1a: Great Tusk|0 fnt
|faint|p1a: Great Tusk
|-end|p1a: Great Tusk|Protosynthesis|[silent]
|
|upkeep
|
|t:|1779898455
|switch|p1a: Zapdos|Zapdos|100/100
|turn|18
|
|t:|1779898458
|move|p2a: Dragonite|Ice Spinner|p1a: Zapdos
|-supereffective|p1a: Zapdos
|-damage|p1a: Zapdos|16/100
|-status|p2a: Dragonite|par|[from] ability: Static|[of] p1a: Zapdos
|move|p1a: Zapdos|Discharge|p2a: Dragonite
|-damage|p2a: Dragonite|83/100 par
|
|-heal|p2a: Dragonite|90/100 par|[from] item: Leftovers
|upkeep
|turn|19
|c|☆NotRedRaven|gg
|
|t:|1779898466
|move|p2a: Dragonite|Ice Spinner|p1a: Zapdos
|-supereffective|p1a: Zapdos
|-damage|p1a: Zapdos|0 fnt
|faint|p1a: Zapdos
|
|win|haxmaxer
|n|☆NotRedRaven|notredraven
|n|☆haxmaxer|haxmaxer
|n|*Lady Monita |ladymonita
|n| kaminazalil|kaminazalil
|n| Oxyderkes|oxyderkes
|n| ihateclodsire|ihateclodsire
