|j|☆roshisbeard
|j|☆jack sparo
|t:|1779963590
|gametype|singles
|player|p1|roshisbeard|bruno|1163
|player|p2|jack sparo|2|1180
|gen|9
|tier|[Gen 9] OU
|rated|
|rule|HP Percentage Mod: HP is shown in percentages
|rule|Endless Battle Clause: Forcing endless battles is banned
|rule|Species Clause: Limit one of each Pokémon
|rule|OHKO Clause: OHKO moves are banned
|rule|Evasion Items Clause: Evasion items are banned
|rule|Evasion Moves Clause: Evasion moves are banned
|rule|Evasion Abilities Clause: Evasion abilities are banned
|rule|Sleep Moves Clause: Sleep-inducing moves are banned
|clearpoke
|poke|p1|Garganacl, F|
|poke|p1|Gliscor, M|
|poke|p1|Dondozo, M|
|poke|p1|Great Tusk|
|poke|p1|Zamazenta-*|
|poke|p1|Hatterene, F|
|poke|p2|Noivern, F|
|poke|p2|Dragonite, M|
|poke|p2|Staraptor, M|
|poke|p2|Serperior, M|
|poke|p2|Cloyster, F|
|poke|p2|Cyclizar, F|
|teampreview
|inactive|Battle timer is ON: inactive players will automatically lose when time's up. (requested by jack sparo)
|
|t:|1779963611
|teamsize|p1|6
|teamsize|p2|6
|start
|switch|p1a: Gliscor|Gliscor, M|100/100
|switch|p2a: Cloyster|Cloyster, F|100/100
|turn|1
|
|t:|1779963619
|move|p2a: Cloyster|Shell Smash|p2a: Cloyster
|-unboost|p2a: Cloyster|def|1
|-unboost|p2a: Cloyster|spd|1
|-boost|p2a: Cloyster|atk|2
|-boost|p2a: Cloyster|spa|2
|-boost|p2a: Cloyster|spe|2
|move|p1a: Gliscor|Knock Off|p2a: Cloyster
|-damage|p2a: Cloyster|72/100
|-enditem|p2a: Cloyster|Focus Sash|[from] move: Knock Off|[of] p1a: Gliscor
|
|-status|p1a: Gliscor|tox|[from] item: Toxic Orb
|upkeep
|turn|2
|
|t:|1779963635
|move|p2a: Cloyster|Icicle Spear|p1a: Gliscor
|-supereffective|p1a: Gliscor
|-damage|p1a: Gliscor|32/100 tox
|-supereffective|p1a: Gliscor
|-damage|p1a: Gliscor|0 fnt
|faint|p1a: Gliscor
|-hitcount|p1: Gliscor|2
|
|upkeep
|
|t:|1779963641
|switch|p1a: Zamazenta|Zamazenta|100/100
|-ability|p1a: Zamazenta|Dauntless Shield|boost
|-boost|p1a: Zamazenta|def|1
|turn|3
|
|t:|1779963646
|move|p2a: Cloyster|Icicle Spear|p1a: Zamazenta
|-damage|p1a: Zamazenta|89/100
|-damage|p1a: Zamazenta|78/100
|-damage|p1a: Zamazenta|67/100
|-damage|p1a: Zamazenta|56/100
|-damage|p1a: Zamazenta|45/100
|-hitcount|p1a: Zamazenta|5
|move|p1a: Zamazenta|Body Press|p2a: Cloyster
|-supereffective|p2a: Cloyster
|-crit|p2a: Cloyster
|-damage|p2a: Cloyster|0 fnt
|faint|p2a: Cloyster
|
|-heal|p1a: Zamazenta|51/100|[from] item: Leftovers
|upkeep
|
|t:|1779963670
|switch|p2a: Dragonite|Dragonite, M, shiny|100/100
|turn|4
|
|t:|1779963682
|-terastallize|p2a: Dragonite|Normal
|move|p2a: Dragonite|Extreme Speed|p1a: Zamazenta
|-damage|p1a: Zamazenta|15/100
|move|p1a: Zamazenta|Iron Defense|p1a: Zamazenta
|-boost|p1a: Zamazenta|def|2
|
|-heal|p1a: Zamazenta|21/100|[from] item: Leftovers
|upkeep
|turn|5
|
|t:|1779963707
|move|p2a: Dragonite|Extreme Speed|p1a: Zamazenta
|-damage|p1a: Zamazenta|2/100
|move|p1a: Zamazenta|Body Press|p2a: Dragonite
|-supereffective|p2a: Dragonite
|-damage|p2a: Dragonite|30/100
|
|-heal|p1a: Zamazenta|8/100|[from] item: Leftovers
|upkeep
|turn|6
|inactive|roshisbeard has 120 seconds left.
|
|t:|1779963733
|switch|p1a: Garganacl|Garganacl, F, shiny|100/100
|move|p2a: Dragonite|Extreme Speed|p1a: Garganacl
|-resisted|p1a: Garganacl
|-damage|p1a: Garganacl|76/100
|
|-heal|p1a: Garganacl|82/100|[from] item: Leftovers
|upkeep
|turn|7
|inactive|jack sparo has 120 seconds left.
|
|t:|1779963779
|switch|p2a: Serperior|Serperior, M|100/100
|-terastallize|p1a: Garganacl|Ghost
|move|p1a: Garganacl|Salt Cure|p2a: Serperior
|-damage|p2a: Serperior|81/100
|-start|p2a: Serperior|Salt Cure
|
|-heal|p1a: Garganacl|89/100|[from] item: Leftovers
|-damage|p2a: Serperior|69/100|[from] Salt Cure
|upkeep
|turn|8
|inactive|jack sparo has 90 seconds left.
|
|t:|1779963822
|move|p2a: Serperior|Leaf Storm|p1a: Garganacl
|-damage|p1a: Garganacl|55/100
|-boost|p2a: Serperior|spa|2
|move|p1a: Garganacl|Salt Cure|p2a: Serperior
|-damage|p2a: Serperior|50/100
|
|-heal|p1a: Garganacl|61/100|[from] item: Leftovers
|-damage|p2a: Serperior|38/100|[from] Salt Cure
|upkeep
|turn|9
|
|t:|1779963834
|move|p2a: Serperior|Leaf Storm|p1a: Garganacl
|-damage|p1a: Garganacl|0 fnt
|-boost|p2a: Serperior|spa|2
|faint|p1a: Garganacl
|
|-damage|p2a: Serperior|25/100|[from] Salt Cure
|upkeep
|
|t:|1779963845
|switch|p1a: Hatterene|Hatterene, F|100/100
|turn|10
|inactive|jack sparo has 90 seconds left.
|
|t:|1779963860
|move|p2a: Serperior|Leaf Storm|p1a: Hatterene
|-damage|p1a: Hatterene|0 fnt
|-boost|p2a: Serperior|spa|2
|faint|p1a: Hatterene
|
|-damage|p2a: Serperior|13/100|[from] Salt Cure
|upkeep
|
|t:|1779963868
|switch|p1a: Great Tusk|Great Tusk|100/100
|-enditem|p1a: Great Tusk|Booster Energy
|-activate|p1a: Great Tusk|ability: Protosynthesis|[fromitem]
|-start|p1a: Great Tusk|protosynthesisatk
|turn|11
|
|t:|1779963873
|move|p2a: Serperior|Leaf Storm|p1a: Great Tusk
|-supereffective|p1a: Great Tusk
|-damage|p1a: Great Tusk|0 fnt
|faint|p1a: Great Tusk
|-end|p1a: Great Tusk|Protosynthesis|[silent]
|
|-damage|p2a: Serperior|0 fnt|[from] Salt Cure
|faint|p2a: Serperior
|upkeep
|
|t:|1779963882
|switch|p2a: Staraptor|Staraptor, M, shiny|100/100
|switch|p1a: Dondozo|Dondozo, M|100/100
|turn|12
|
|t:|1779963887
|switch|p2a: Cyclizar|Cyclizar, F, shiny|100/100
|move|p1a: Dondozo|Avalanche|p2a: Cyclizar
|-supereffective|p2a: Cyclizar
|-damage|p2a: Cyclizar|62/100
|
|upkeep
|turn|13
|
|t:|1779963893
|move|p2a: Cyclizar|Knock Off|p1a: Dondozo
|-damage|p1a: Dondozo|91/100
|-enditem|p1a: Dondozo|Leftovers|[from] move: Knock Off|[of] p2a: Cyclizar
|move|p1a: Dondozo|Avalanche|p2a: Cyclizar
|-supereffective|p2a: Cyclizar
|-damage|p2a: Cyclizar|0 fnt
|faint|p2a: Cyclizar
|
|upkeep
|
|t:|1779963910
|switch|p2a: Dragonite|Dragonite, M, shiny, tera:Normal|30/100
|turn|14
|
|t:|1779963915
|move|p2a: Dragonite|Extreme Speed|p1a: Dondozo
|-damage|p1a: Dondozo|61/100
|move|p1a: Dondozo|Avalanche|p2a: Dragonite
|-damage|p2a: Dragonite|2/100
|
|upkeep
|turn|15
|
|t:|1779963923
|move|p2a: Dragonite|Extreme Speed|p1a: Dondozo
|-crit|p1a: Dondozo
|-damage|p1a: Dondozo|15/100
|move|p1a: Dondozo|Avalanche|p2a: Dragonite
|-crit|p2a: Dragonite
|-damage|p2a: Dragonite|0 fnt
|faint|p2a: Dragonite
|
|upkeep
|
|t:|1779963941
|switch|p2a: Noivern|Noivern, F, shiny|100/100
|turn|16
|
|t:|1779963945
|move|p2a: Noivern|Air Slash|p1a: Dondozo
|-damage|p1a: Dondozo|0 fnt
|faint|p1a: Dondozo
|
|upkeep
|
|t:|1779963949
|switch|p1a: Zamazenta|Zamazenta|8/100
|turn|17
|
|t:|1779963955
|move|p1a: Zamazenta|Crunch|p2a: Noivern
|-damage|p2a: Noivern|75/100
|move|p2a: Noivern|Air Slash|p1a: Zamazenta
|-supereffective|p1a: Zamazenta
|-damage|p1a: Zamazenta|0 fnt
|faint|p1a: Zamazenta
|
|win|jack sparo
|raw|roshisbeard's rating: 1163 &rarr; <strong>1139</strong><br />(-24 for losing)
|raw|jack sparo's rating: 1180 &rarr; <strong>1204</strong><br />(+24 for winning)
|l|☆roshisbeard
|player|p1|
|l|☆jack sparo
|player|p2|
