|j|☆InfinityPokeRang3r
|j|☆coolrockplayz
|t:|1779971964
|gametype|singles
|player|p1|InfinityPokeRang3r|ingo|1429
|player|p2|coolrockplayz|266|1407
|gen|9
|tier|[Gen 9] OU
|rated|
|rule|HP Percentage Mod: HP is shown in percentages
|rule|Endless Battle Clause: Forcing endless battles is banned
|rule|Species Clause: Limit one of each Pokémon
|rule|OHKO Clause: OHKO moves are banned
|rule|Evasion Items Clause: Evasion items are banned
|rule|Evasion Moves Clause: Evasion moves are banned
|rule|Evasion Abilities Clause: Evasion abilities are banned
|rule|Sleep Moves Clause: Sleep-inducing moves are banned
|clearpoke
|poke|p1|Glimmora, F|
|poke|p1|Zapdos-Galar|
|poke|p1|Kyurem|
|poke|p1|Araquanid, F|
|poke|p1|Iron Treads|
|poke|p1|Sinistcha-Masterpiece|
|poke|p2|Infernape, M|
|poke|p2|Staraptor, F|
|poke|p2|Garchomp, F|
|poke|p2|Torterra, M|
|poke|p2|Floatzel, M|
|poke|p2|Luxray, F|
|teampreview
|
|t:|1779971979
|teamsize|p1|6
|teamsize|p2|6
|start
|switch|p1a: Araquanid|Araquanid, F|100/100
|switch|p2a: Torterra|Torterra, M|100/100
|turn|1
|
|t:|1779971985
|move|p2a: Torterra|Shell Smash|p2a: Torterra
|-unboost|p2a: Torterra|def|1
|-unboost|p2a: Torterra|spd|1
|-boost|p2a: Torterra|atk|2
|-boost|p2a: Torterra|spa|2
|-boost|p2a: Torterra|spe|2
|move|p1a: Araquanid|Lunge|p2a: Torterra
|-supereffective|p2a: Torterra
|-damage|p2a: Torterra|8/100
|-unboost|p2a: Torterra|atk|1
|
|upkeep
|turn|2
|
|t:|1779971999
|move|p2a: Torterra|Bullet Seed|p1a: Araquanid
|-damage|p1a: Araquanid|70/100
|-crit|p1a: Araquanid
|-damage|p1a: Araquanid|26/100
|-damage|p1a: Araquanid|0 fnt
|faint|p1a: Araquanid
|-hitcount|p1: Araquanid|3
|
|upkeep
|
|t:|1779972005
|switch|p1a: Glimmora|Glimmora, F|100/100
|turn|3
|
|t:|1779972009
|-terastallize|p2a: Torterra|Grass
|move|p2a: Torterra|Bullet Seed|p1a: Glimmora
|-damage|p1a: Glimmora|63/100
|-activate|p1a: Glimmora|ability: Toxic Debris
|-sidestart|p2: coolrockplayz|move: Toxic Spikes
|-damage|p1a: Glimmora|26/100
|-activate|p1a: Glimmora|ability: Toxic Debris
|-sidestart|p2: coolrockplayz|move: Toxic Spikes
|-damage|p1a: Glimmora|0 fnt
|faint|p1a: Glimmora
|-hitcount|p1: Glimmora|3
|
|upkeep
|
|t:|1779972019
|switch|p1a: Sinistcha|Sinistcha-Masterpiece|100/100
|turn|4
|
|t:|1779972026
|move|p2a: Torterra|Bullet Seed|p1a: Sinistcha
|-resisted|p1a: Sinistcha
|-damage|p1a: Sinistcha|85/100
|-resisted|p1a: Sinistcha
|-damage|p1a: Sinistcha|68/100
|-resisted|p1a: Sinistcha
|-damage|p1a: Sinistcha|50/100
|-resisted|p1a: Sinistcha
|-damage|p1a: Sinistcha|32/100
|-hitcount|p1a: Sinistcha|4
|move|p1a: Sinistcha|Strength Sap|p2a: Torterra
|-unboost|p2a: Torterra|atk|1
|-heal|p1a: Sinistcha|100/100
|
|upkeep
|turn|5
|
|t:|1779972036
|move|p2a: Torterra|Shell Smash|p2a: Torterra
|-unboost|p2a: Torterra|def|1
|-unboost|p2a: Torterra|spd|1
|-boost|p2a: Torterra|atk|2
|-boost|p2a: Torterra|spa|2
|-boost|p2a: Torterra|spe|2
|move|p1a: Sinistcha|Hex|p2a: Torterra
|-damage|p2a: Torterra|0 fnt
|faint|p2a: Torterra
|
|upkeep
|
|t:|1779972048
|switch|p2a: Infernape|Infernape, M|100/100
|-status|p2a: Infernape|tox
|turn|6
|
|t:|1779972052
|move|p2a: Infernape|Flare Blitz|p1a: Sinistcha
|-supereffective|p1a: Sinistcha
|-damage|p1a: Sinistcha|50/100
|-damage|p2a: Infernape|81/100 tox|[from] Recoil
|move|p1a: Sinistcha|Strength Sap|p2a: Infernape
|-unboost|p2a: Infernape|atk|1
|-heal|p1a: Sinistcha|100/100
|
|-damage|p2a: Infernape|75/100 tox|[from] psn
|upkeep
|turn|7
|
|t:|1779972057
|move|p2a: Infernape|U-turn|p1a: Sinistcha
|-damage|p1a: Sinistcha|89/100
|
|t:|1779972058
|switch|p2a: Staraptor|Staraptor, F|100/100|[from] U-turn
|move|p1a: Sinistcha|Calm Mind|p1a: Sinistcha
|-boost|p1a: Sinistcha|spa|1
|-boost|p1a: Sinistcha|spd|1
|
|upkeep
|turn|8
|
|t:|1779972063
|-terastallize|p1a: Sinistcha|Poison
|move|p2a: Staraptor|Brave Bird|p1a: Sinistcha
|-damage|p1a: Sinistcha|0 fnt
|faint|p1a: Sinistcha
|-damage|p2a: Staraptor|68/100|[from] Recoil
|
|upkeep
|
|t:|1779972069
|switch|p1a: Iron Treads|Iron Treads|100/100
|turn|9
|
|t:|1779972075
|move|p1a: Iron Treads|Rapid Spin|p2a: Staraptor
|-damage|p2a: Staraptor|45/100
|-boost|p1a: Iron Treads|spe|1
|move|p2a: Staraptor|Brave Bird|p1a: Iron Treads
|-resisted|p1a: Iron Treads
|-damage|p1a: Iron Treads|47/100
|-damage|p2a: Staraptor|26/100|[from] Recoil
|
|upkeep
|turn|10
|
|t:|1779972086
|switch|p2a: Garchomp|Garchomp, F|100/100
|-status|p2a: Garchomp|tox
|move|p1a: Iron Treads|Ice Spinner|p2a: Garchomp
|-supereffective|p2a: Garchomp
|-damage|p2a: Garchomp|5/100 tox
|-damage|p1a: Iron Treads|34/100|[from] ability: Rough Skin|[of] p2a: Garchomp
|-damage|p1a: Iron Treads|18/100|[from] item: Rocky Helmet|[of] p2a: Garchomp
|
|-damage|p2a: Garchomp|0 fnt|[from] psn
|faint|p2a: Garchomp
|upkeep
|
|t:|1779972089
|switch|p2a: Luxray|Luxray, F|100/100
|-status|p2a: Luxray|tox
|-ability|p2a: Luxray|Intimidate|boost
|-unboost|p1a: Iron Treads|atk|1
|turn|11
|
|t:|1779972096
|switch|p2a: Staraptor|Staraptor, F|26/100
|move|p1a: Iron Treads|Earthquake|p2a: Staraptor
|-immune|p2a: Staraptor
|
|upkeep
|turn|12
|
|t:|1779972100
|switch|p2a: Luxray|Luxray, F|100/100 tox
|-ability|p2a: Luxray|Intimidate|boost
|-unboost|p1a: Iron Treads|atk|1
|move|p1a: Iron Treads|Ice Spinner|p2a: Luxray
|-damage|p2a: Luxray|86/100 tox
|
|-heal|p2a: Luxray|92/100 tox|[from] item: Leftovers
|-damage|p2a: Luxray|86/100 tox|[from] psn
|upkeep
|turn|13
|
|t:|1779972106
|move|p1a: Iron Treads|Earthquake|p2a: Luxray
|-supereffective|p2a: Luxray
|-damage|p2a: Luxray|25/100 tox
|move|p2a: Luxray|Ice Fang|p1a: Iron Treads
|-damage|p1a: Iron Treads|0 fnt
|faint|p1a: Iron Treads
|-end|p1a: Iron Treads|Quark Drive|[silent]
|
|-heal|p2a: Luxray|31/100 tox|[from] item: Leftovers
|-damage|p2a: Luxray|19/100 tox|[from] psn
|upkeep
|
|t:|1779972115
|switch|p1a: Zapdos|Zapdos-Galar|100/100
|turn|14
|
|t:|1779972118
|switch|p2a: Floatzel|Floatzel, M|100/100
|-status|p2a: Floatzel|tox
|move|p1a: Zapdos|U-turn|p2a: Floatzel
|-damage|p2a: Floatzel|34/100 tox
|
|t:|1779972123
|switch|p1a: Kyurem|Kyurem|100/100|[from] U-turn
|-ability|p1a: Kyurem|Pressure
|
|-heal|p2a: Floatzel|40/100 tox|[from] item: Leftovers
|-damage|p2a: Floatzel|34/100 tox|[from] psn
|upkeep
|turn|15
|
|t:|1779972131
|move|p2a: Floatzel|Taunt|p1a: Kyurem
|-start|p1a: Kyurem|move: Taunt
|move|p1a: Kyurem|Freeze-Dry|p2a: Floatzel
|-supereffective|p2a: Floatzel
|-damage|p2a: Floatzel|0 fnt
|faint|p2a: Floatzel
|
|upkeep
|
|t:|1779972138
|switch|p2a: Infernape|Infernape, M|75/100 tox
|turn|16
|
|t:|1779972141
|move|p2a: Infernape|Close Combat|p1a: Kyurem
|-supereffective|p1a: Kyurem
|-damage|p1a: Kyurem|0 fnt
|-unboost|p2a: Infernape|def|1
|-unboost|p2a: Infernape|spd|1
|faint|p1a: Kyurem
|
|-damage|p2a: Infernape|69/100 tox|[from] psn
|upkeep
|
|t:|1779972144
|switch|p1a: Zapdos|Zapdos-Galar|100/100
|turn|17
|
|t:|1779972152
|move|p2a: Infernape|Flare Blitz|p1a: Zapdos
|-damage|p1a: Zapdos|43/100
|-damage|p2a: Infernape|48/100 tox|[from] Recoil
|move|p1a: Zapdos|Thunderous Kick|p2a: Infernape
|-damage|p2a: Infernape|0 fnt
|faint|p2a: Infernape
|
|upkeep
|
|t:|1779972158
|switch|p2a: Luxray|Luxray, F|19/100 tox
|-ability|p2a: Luxray|Intimidate|boost
|-unboost|p1a: Zapdos|atk|1
|-ability|p1a: Zapdos|Defiant|boost
|-boost|p1a: Zapdos|atk|2
|turn|18
|
|t:|1779972161
|move|p1a: Zapdos|Thunderous Kick|p2a: Luxray
|-damage|p2a: Luxray|0 fnt
|faint|p2a: Luxray
|
|upkeep
|
|t:|1779972163
|switch|p2a: Staraptor|Staraptor, F|26/100
|turn|19
|
|t:|1779972166
|move|p2a: Staraptor|Quick Attack|p1a: Zapdos
|-damage|p1a: Zapdos|6/100
|move|p1a: Zapdos|Thunderous Kick|p2a: Staraptor
|-damage|p2a: Staraptor|0 fnt
|faint|p2a: Staraptor
|
|win|InfinityPokeRang3r
|raw|InfinityPokeRang3r's rating: 1429 &rarr; <strong>1448</strong><br />(+19 for winning)
|raw|coolrockplayz's rating: 1407 &rarr; <strong>1388</strong><br />(-19 for losing)
|l|☆coolrockplayz
|player|p2|
|l|☆InfinityPokeRang3r
|player|p1|
