|j|☆Swolecandy
|j|☆mamcackms
|t:|1779820567
|gametype|singles
|player|p1|Swolecandy|265|1524
|player|p2|mamcackms|1|1483
|gen|9
|tier|[Gen 9] OU
|rated|
|rule|HP Percentage Mod: HP is shown in percentages
|rule|Endless Battle Clause: Forcing endless battles is banned
|rule|Species Clause: Limit one of each Pokémon
|rule|OHKO Clause: OHKO moves are banned
|rule|Evasion Items Clause: Evasion items are banned
|rule|Evasion Moves Clause: Evasion moves are banned
|rule|Evasion Abilities Clause: Evasion abilities are banned
|rule|Sleep Moves Clause: Sleep-inducing moves are banned
|clearpoke
|poke|p1|Iron Moth|
|poke|p1|Gliscor, M|
|poke|p1|Hatterene, F|
|poke|p1|Ogerpon-Wellspring, F|
|poke|p1|Raging Bolt|
|poke|p1|Zamazenta-*|
|poke|p2|Enamorus, F|
|poke|p2|Regieleki|
|poke|p2|Coalossal, F|
|poke|p2|Kyurem|
|poke|p2|Dudunsparce-*, F|
|poke|p2|Corviknight, M|
|teampreview
|inactive|Battle timer is ON: inactive players will automatically lose when time's up. (requested by mamcackms)
|
|t:|1779820575
|teamsize|p1|6
|teamsize|p2|6
|start
|switch|p1a: Zamazenta|Zamazenta|100/100
|switch|p2a: Dunsparce-Mega|Dudunsparce-Three-Segment, F|100/100
|-ability|p1a: Zamazenta|Dauntless Shield|boost
|-boost|p1a: Zamazenta|def|1
|turn|1
|
|t:|1779820585
|move|p1a: Zamazenta|Light Screen|p1a: Zamazenta
|-sidestart|p1: Swolecandy|move: Light Screen
|move|p2a: Dunsparce-Mega|Glare|p1a: Zamazenta
|-status|p1a: Zamazenta|par
|
|upkeep
|turn|2
|
|t:|1779820590
|move|p2a: Dunsparce-Mega|Stealth Rock|p1a: Zamazenta
|-sidestart|p1: Swolecandy|move: Stealth Rock
|move|p1a: Zamazenta|Reflect|p1a: Zamazenta
|-sidestart|p1: Swolecandy|Reflect
|
|upkeep
|turn|3
|
|t:|1779820598
|move|p2a: Dunsparce-Mega|Boomburst|p1a: Zamazenta
|-damage|p1a: Zamazenta|82/100 par
|move|p1a: Zamazenta|Close Combat|p2a: Dunsparce-Mega
|-supereffective|p2a: Dunsparce-Mega
|-damage|p2a: Dunsparce-Mega|25/100
|-unboost|p1a: Zamazenta|def|1
|-unboost|p1a: Zamazenta|spd|1
|
|-heal|p2a: Dunsparce-Mega|31/100|[from] item: Leftovers
|upkeep
|turn|4
|
|t:|1779820606
|move|p2a: Dunsparce-Mega|Roost|p2a: Dunsparce-Mega
|-heal|p2a: Dunsparce-Mega|81/100
|-singleturn|p2a: Dunsparce-Mega|move: Roost
|cant|p1a: Zamazenta|par
|
|-heal|p2a: Dunsparce-Mega|87/100|[from] item: Leftovers
|upkeep
|turn|5
|
|t:|1779820611
|switch|p1a: Ogerpon|Ogerpon-Wellspring, F|100/100
|-damage|p1a: Ogerpon|88/100|[from] Stealth Rock
|move|p2a: Dunsparce-Mega|Boomburst|p1a: Ogerpon
|-damage|p1a: Ogerpon|62/100
|
|-heal|p2a: Dunsparce-Mega|93/100|[from] item: Leftovers
|upkeep
|turn|6
|
|t:|1779820624
|switch|p1a: Zamazenta|Zamazenta|82/100 par
|-damage|p1a: Zamazenta|75/100 par|[from] Stealth Rock
|move|p2a: Dunsparce-Mega|Glare|p1a: Zamazenta
|-fail|p1a: Zamazenta|par
|
|-heal|p2a: Dunsparce-Mega|99/100|[from] item: Leftovers
|upkeep
|turn|7
|
|t:|1779820630
|move|p2a: Dunsparce-Mega|Boomburst|p1a: Zamazenta
|-damage|p1a: Zamazenta|56/100 par
|move|p1a: Zamazenta|Close Combat|p2a: Dunsparce-Mega
|-supereffective|p2a: Dunsparce-Mega
|-damage|p2a: Dunsparce-Mega|24/100
|-unboost|p1a: Zamazenta|def|1
|-unboost|p1a: Zamazenta|spd|1
|
|-heal|p2a: Dunsparce-Mega|30/100|[from] item: Leftovers
|upkeep
|turn|8
|
|t:|1779820638
|switch|p1a: Ogerpon|Ogerpon-Wellspring, F|62/100
|-damage|p1a: Ogerpon|49/100|[from] Stealth Rock
|move|p2a: Dunsparce-Mega|Roost|p2a: Dunsparce-Mega
|-heal|p2a: Dunsparce-Mega|81/100
|-singleturn|p2a: Dunsparce-Mega|move: Roost
|
|-heal|p2a: Dunsparce-Mega|87/100|[from] item: Leftovers
|-sideend|p1: Swolecandy|move: Light Screen
|upkeep
|turn|9
|
|t:|1779820644
|move|p1a: Ogerpon|Encore|p2a: Dunsparce-Mega
|-start|p2a: Dunsparce-Mega|Encore
|move|p2a: Dunsparce-Mega|Roost|p2a: Dunsparce-Mega
|-heal|p2a: Dunsparce-Mega|100/100
|-singleturn|p2a: Dunsparce-Mega|move: Roost
|
|-sideend|p1: Swolecandy|Reflect
|upkeep
|turn|10
|
|t:|1779820649
|switch|p2a: Regieleki|Regieleki|100/100
|move|p1a: Ogerpon|Trailblaze|p2a: Regieleki
|-damage|p2a: Regieleki|36/100
|-boost|p1a: Ogerpon|spe|1
|
|upkeep
|turn|11
|
|t:|1779820655
|switch|p1a: Gliscor|Gliscor, M|100/100
|-damage|p1a: Gliscor|88/100|[from] Stealth Rock
|move|p2a: Regieleki|Volt Switch|p1a: Gliscor
|-immune|p1a: Gliscor
|
|-status|p1a: Gliscor|tox|[from] item: Toxic Orb
|upkeep
|turn|12
|
|t:|1779820664
|switch|p2a: Corviknight|Corviknight, M|100/100
|-ability|p2a: Corviknight|Pressure
|move|p1a: Gliscor|Facade|p2a: Corviknight
|-resisted|p2a: Corviknight
|-damage|p2a: Corviknight|84/100
|
|-heal|p1a: Gliscor|100/100 tox|[from] ability: Poison Heal
|upkeep
|turn|13
|
|t:|1779820676
|move|p1a: Gliscor|Swords Dance|p1a: Gliscor
|-boost|p1a: Gliscor|atk|2
|move|p2a: Corviknight|Reflect|p2a: Corviknight
|-sidestart|p2: mamcackms|Reflect
|
|upkeep
|turn|14
|
|t:|1779820683
|switch|p1a: Ogerpon|Ogerpon-Wellspring, F|49/100
|-damage|p1a: Ogerpon|37/100|[from] Stealth Rock
|move|p2a: Corviknight|U-turn|p1a: Ogerpon
|-supereffective|p1a: Ogerpon
|-crit|p1a: Ogerpon
|-damage|p1a: Ogerpon|0 fnt
|faint|p1a: Ogerpon
|
|t:|1779820688
|switch|p2a: Dunsparce-Mega|Dudunsparce-Three-Segment, F|100/100|[from] U-turn
|
|upkeep
|
|t:|1779820697
|switch|p1a: Hatterene|Hatterene, F|100/100
|-damage|p1a: Hatterene|88/100|[from] Stealth Rock
|turn|15
|
|t:|1779820717
|move|p2a: Dunsparce-Mega|Boomburst|p1a: Hatterene
|-damage|p1a: Hatterene|41/100
|move|p1a: Hatterene|Calm Mind|p1a: Hatterene
|-boost|p1a: Hatterene|spa|1
|-boost|p1a: Hatterene|spd|1
|
|-heal|p1a: Hatterene|47/100|[from] item: Leftovers
|upkeep
|turn|16
|
|t:|1779820723
|switch|p2a: Corviknight|Corviknight, M|84/100
|-ability|p2a: Corviknight|Pressure
|move|p1a: Hatterene|Draining Kiss|p2a: Corviknight
|-resisted|p2a: Corviknight
|-damage|p2a: Corviknight|74/100
|-heal|p1a: Hatterene|57/100|[from] drain|[of] p2a: Corviknight
|
|-heal|p1a: Hatterene|63/100|[from] item: Leftovers
|upkeep
|turn|17
|
|t:|1779820728
|move|p2a: Corviknight|Light Screen|p2a: Corviknight
|-sidestart|p2: mamcackms|move: Light Screen
|move|p1a: Hatterene|Calm Mind|p1a: Hatterene
|-boost|p1a: Hatterene|spa|1
|-boost|p1a: Hatterene|spd|1
|
|-heal|p1a: Hatterene|69/100|[from] item: Leftovers
|upkeep
|turn|18
|
|t:|1779820733
|move|p2a: Corviknight|U-turn|p1a: Hatterene
|-damage|p1a: Hatterene|57/100
|
|t:|1779820735
|switch|p2a: Kyurem|Kyurem|100/100|[from] U-turn
|-ability|p2a: Kyurem|Pressure
|move|p1a: Hatterene|Calm Mind|p1a: Hatterene
|-boost|p1a: Hatterene|spa|1
|-boost|p1a: Hatterene|spd|1
|
|-heal|p1a: Hatterene|63/100|[from] item: Leftovers
|upkeep
|turn|19
|
|t:|1779820744
|move|p2a: Kyurem|Icicle Spear|p1a: Hatterene
|-damage|p1a: Hatterene|53/100
|-damage|p1a: Hatterene|42/100
|-damage|p1a: Hatterene|31/100
|-damage|p1a: Hatterene|21/100
|-damage|p1a: Hatterene|10/100
|-hitcount|p1a: Hatterene|5
|move|p1a: Hatterene|Draining Kiss|p2a: Kyurem
|-supereffective|p2a: Kyurem
|-damage|p2a: Kyurem|49/100
|-heal|p1a: Hatterene|59/100|[from] drain|[of] p2a: Kyurem
|
|-heal|p1a: Hatterene|65/100|[from] item: Leftovers
|upkeep
|turn|20
|
|t:|1779820749
|-terastallize|p2a: Kyurem|Ice
|move|p2a: Kyurem|Dragon Dance|p2a: Kyurem
|-boost|p2a: Kyurem|atk|1
|-boost|p2a: Kyurem|spe|1
|move|p1a: Hatterene|Draining Kiss|p2a: Kyurem
|-damage|p2a: Kyurem|25/100
|-heal|p1a: Hatterene|89/100|[from] drain|[of] p2a: Kyurem
|
|-heal|p1a: Hatterene|95/100|[from] item: Leftovers
|-sideend|p2: mamcackms|Reflect
|upkeep
|turn|21
|
|t:|1779820757
|move|p2a: Kyurem|Icicle Spear|p1a: Hatterene
|-damage|p1a: Hatterene|72/100
|-damage|p1a: Hatterene|52/100
|-damage|p1a: Hatterene|31/100
|-damage|p1a: Hatterene|9/100
|-hitcount|p1a: Hatterene|4
|move|p1a: Hatterene|Mystical Fire|p2a: Kyurem
|-supereffective|p2a: Kyurem
|-damage|p2a: Kyurem|0 fnt
|faint|p2a: Kyurem
|
|-heal|p1a: Hatterene|15/100|[from] item: Leftovers
|upkeep
|
|t:|1779820765
|switch|p2a: Dunsparce-Mega|Dudunsparce-Three-Segment, F|100/100
|turn|22
|
|t:|1779820770
|move|p2a: Dunsparce-Mega|Boomburst|p1a: Hatterene
|-damage|p1a: Hatterene|0 fnt
|faint|p1a: Hatterene
|
|upkeep
|
|t:|1779820775
|switch|p1a: Zamazenta|Zamazenta|56/100 par
|-damage|p1a: Zamazenta|50/100 par|[from] Stealth Rock
|turn|23
|
|t:|1779820779
|move|p2a: Dunsparce-Mega|Boomburst|p1a: Zamazenta
|-damage|p1a: Zamazenta|10/100 par
|cant|p1a: Zamazenta|par
|
|upkeep
|turn|24
|
|t:|1779820783
|move|p2a: Dunsparce-Mega|Boomburst|p1a: Zamazenta
|-damage|p1a: Zamazenta|0 fnt
|faint|p1a: Zamazenta
|
|-sideend|p2: mamcackms|move: Light Screen
|upkeep
|
|t:|1779820791
|switch|p1a: Gliscor|Gliscor, M|100/100 tox
|-damage|p1a: Gliscor|88/100 tox|[from] Stealth Rock
|turn|25
|
|t:|1779820795
|move|p1a: Gliscor|Swords Dance|p1a: Gliscor
|-boost|p1a: Gliscor|atk|2
|move|p2a: Dunsparce-Mega|Boomburst|p1a: Gliscor
|-damage|p1a: Gliscor|33/100 tox
|
|-heal|p1a: Gliscor|45/100 tox|[from] ability: Poison Heal
|upkeep
|turn|26
|
|t:|1779820804
|-terastallize|p1a: Gliscor|Normal
|move|p1a: Gliscor|Facade|p2a: Dunsparce-Mega
|-damage|p2a: Dunsparce-Mega|0 fnt
|faint|p2a: Dunsparce-Mega
|
|-heal|p1a: Gliscor|58/100 tox|[from] ability: Poison Heal
|upkeep
|
|t:|1779820806
|switch|p2a: Enamorus|Enamorus, F|100/100
|turn|27
|
|t:|1779820815
|switch|p1a: Iron Moth|Iron Moth|100/100
|-damage|p1a: Iron Moth|76/100|[from] Stealth Rock
|-enditem|p1a: Iron Moth|Booster Energy
|-activate|p1a: Iron Moth|ability: Quark Drive|[fromitem]
|-start|p1a: Iron Moth|quarkdrivespe
|move|p2a: Enamorus|Moonblast|p1a: Iron Moth
|-resisted|p1a: Iron Moth
|-crit|p1a: Iron Moth
|-damage|p1a: Iron Moth|58/100
|
|upkeep
|turn|28
|
|t:|1779820826
|switch|p2a: Corviknight|Corviknight, M|74/100
|-ability|p2a: Corviknight|Pressure
|move|p1a: Iron Moth|Fiery Dance|p2a: Corviknight
|-supereffective|p2a: Corviknight
|-damage|p2a: Corviknight|18/100
|-boost|p1a: Iron Moth|spa|1
|
|upkeep
|turn|29
|
|t:|1779820834
|move|p1a: Iron Moth|Fiery Dance|p2a: Corviknight
|-supereffective|p2a: Corviknight
|-damage|p2a: Corviknight|0 fnt
|faint|p2a: Corviknight
|
|upkeep
|
|t:|1779820836
|switch|p2a: Regieleki|Regieleki|36/100
|turn|30
|
|t:|1779820840
|move|p2a: Regieleki|Volt Switch|p1a: Iron Moth
|-damage|p1a: Iron Moth|5/100
|
|t:|1779820847
|switch|p2a: Coalossal|Coalossal, F, shiny|100/100|[from] Volt Switch
|-item|p2a: Coalossal|Air Balloon
|move|p1a: Iron Moth|Fiery Dance|p2a: Coalossal
|-resisted|p2a: Coalossal
|-damage|p2a: Coalossal|87/100
|-enditem|p2a: Coalossal|Air Balloon
|
|upkeep
|turn|31
|
|t:|1779820857
|move|p1a: Iron Moth|Sludge Wave|p2a: Coalossal
|-resisted|p2a: Coalossal
|-damage|p2a: Coalossal|54/100
|move|p2a: Coalossal|Scald|p1a: Iron Moth
|-supereffective|p1a: Iron Moth
|-damage|p1a: Iron Moth|0 fnt
|faint|p1a: Iron Moth
|-end|p1a: Iron Moth|Quark Drive|[silent]
|
|upkeep
|
|t:|1779820867
|switch|p1a: Gliscor|Gliscor, M, tera:Normal|58/100 tox
|-damage|p1a: Gliscor|45/100 tox|[from] Stealth Rock
|turn|32
|
|t:|1779820872
|switch|p2a: Enamorus|Enamorus, F|100/100
|move|p1a: Gliscor|Agility|p1a: Gliscor
|-boost|p1a: Gliscor|spe|2
|
|-heal|p1a: Gliscor|58/100 tox|[from] ability: Poison Heal
|upkeep
|turn|33
|
|t:|1779820880
|move|p2a: Enamorus|Moonblast|p1a: Gliscor
|-damage|p1a: Gliscor|0 fnt
|faint|p1a: Gliscor
|
|upkeep
|
|t:|1779820883
|switch|p1a: Raging Bolt|Raging Bolt|100/100
|-damage|p1a: Raging Bolt|88/100|[from] Stealth Rock
|-enditem|p1a: Raging Bolt|Booster Energy
|-activate|p1a: Raging Bolt|ability: Protosynthesis|[fromitem]
|-start|p1a: Raging Bolt|protosynthesisspa
|turn|34
|
|t:|1779820887
|switch|p2a: Regieleki|Regieleki|36/100
|move|p1a: Raging Bolt|Thunderclap||[still]
|-fail|p1a: Raging Bolt
|
|upkeep
|turn|35
|
|t:|1779820891
|move|p2a: Regieleki|Extreme Speed|p1a: Raging Bolt
|-damage|p1a: Raging Bolt|71/100
|move|p1a: Raging Bolt|Dragon Pulse|p2a: Regieleki
|-damage|p2a: Regieleki|0 fnt
|faint|p2a: Regieleki
|
|upkeep
|
|t:|1779820906
|switch|p2a: Enamorus|Enamorus, F|100/100
|turn|36
|
|t:|1779820908
|move|p1a: Raging Bolt|Thunderclap||[still]
|-fail|p1a: Raging Bolt
|move|p2a: Enamorus|Healing Wish|p2a: Enamorus
|faint|p2a: Enamorus
|
|upkeep
|
|t:|1779820910
|switch|p2a: Coalossal|Coalossal, F, shiny|54/100
|-heal|p2a: Coalossal|100/100|[from] move: Healing Wish
|turn|37
|
|t:|1779820921
|move|p1a: Raging Bolt|Thunderbolt|p2a: Coalossal
|-damage|p2a: Coalossal|41/100
|move|p2a: Coalossal|Overheat|p1a: Raging Bolt
|-resisted|p1a: Raging Bolt
|-damage|p1a: Raging Bolt|45/100
|-unboost|p2a: Coalossal|spa|2
|
|upkeep
|turn|38
|-message|mamcackms forfeited.
|
|win|Swolecandy
|raw|Swolecandy's rating: 1524 &rarr; <strong>1542</strong><br />(+18 for winning)
|raw|mamcackms's rating: 1483 &rarr; <strong>1465</strong><br />(-18 for losing)
|c|☆Swolecandy|Cool team
|c|☆Swolecandy|gg
|l|☆Swolecandy
|player|p1|
