|j|☆Rubicouss
|j|☆Itadori_san
|t:|1779945704
|gametype|singles
|player|p1|Rubicouss|gambler|1312
|player|p2|Itadori_san|169|1372
|gen|9
|tier|[Gen 9] OU
|rated|
|rule|HP Percentage Mod: HP is shown in percentages
|rule|Endless Battle Clause: Forcing endless battles is banned
|rule|Species Clause: Limit one of each Pokémon
|rule|OHKO Clause: OHKO moves are banned
|rule|Evasion Items Clause: Evasion items are banned
|rule|Evasion Moves Clause: Evasion moves are banned
|rule|Evasion Abilities Clause: Evasion abilities are banned
|rule|Sleep Moves Clause: Sleep-inducing moves are banned
|clearpoke
|poke|p1|Empoleon, M|
|poke|p1|Spidops, M|
|poke|p1|Sinistcha|
|poke|p1|Cinderace, M|
|poke|p1|Bisharp, M|
|poke|p1|Rotom-Wash|
|poke|p2|Regidrago|
|poke|p2|Ribombee, F|
|poke|p2|Gholdengo|
|poke|p2|Okidogi, M|
|poke|p2|Iron Moth|
|poke|p2|Great Tusk|
|teampreview
|inactive|Battle timer is ON: inactive players will automatically lose when time's up. (requested by Itadori_san)
|
|t:|1779945712
|teamsize|p1|6
|teamsize|p2|6
|start
|switch|p1a: Spidops|Spidops, M|100/100
|switch|p2a: Ribombee|Ribombee, F|100/100
|turn|1
|
|t:|1779945718
|move|p2a: Ribombee|Sticky Web|p1a: Spidops
|-sidestart|p1: Rubicouss|move: Sticky Web
|move|p1a: Spidops|Sticky Web|p2a: Ribombee
|-sidestart|p2: Itadori_san|move: Sticky Web
|
|upkeep
|turn|2
|
|t:|1779945733
|switch|p1a: Rotom|Rotom-Wash|100/100
|move|p2a: Ribombee|Quiver Dance|p2a: Ribombee
|-boost|p2a: Ribombee|spa|1
|-boost|p2a: Ribombee|spd|1
|-boost|p2a: Ribombee|spe|1
|
|upkeep
|turn|3
|
|t:|1779945738
|move|p2a: Ribombee|Quiver Dance|p2a: Ribombee
|-boost|p2a: Ribombee|spa|1
|-boost|p2a: Ribombee|spd|1
|-boost|p2a: Ribombee|spe|1
|move|p1a: Rotom|Trick|p2a: Ribombee
|-activate|p1a: Rotom|move: Trick|[of] p2a: Ribombee
|-item|p2a: Ribombee|Choice Scarf|[from] move: Trick
|-item|p1a: Rotom|Focus Sash|[from] move: Trick
|
|upkeep
|turn|4
|
|t:|1779945745
|move|p2a: Ribombee|Moonblast|p1a: Rotom
|-enditem|p1a: Rotom|Focus Sash
|-damage|p1a: Rotom|1/100
|move|p1a: Rotom|Hydro Pump|p2a: Ribombee
|-damage|p2a: Ribombee|54/100
|
|upkeep
|turn|5
|
|t:|1779945757
|move|p2a: Ribombee|Moonblast|p1a: Rotom
|-damage|p1a: Rotom|0 fnt
|faint|p1a: Rotom
|
|upkeep
|
|t:|1779945763
|switch|p1a: Empoleon|Empoleon, M|100/100
|-activate|p1a: Empoleon|move: Sticky Web
|-unboost|p1a: Empoleon|spe|1
|-ability|p1a: Empoleon|Competitive|boost
|-boost|p1a: Empoleon|spa|2
|-enditem|p1a: Empoleon|White Herb
|-clearnegativeboost|p1a: Empoleon|[silent]
|turn|6
|
|t:|1779945770
|move|p2a: Ribombee|Moonblast|p1a: Empoleon
|-resisted|p1a: Empoleon
|-damage|p1a: Empoleon|61/100
|-unboost|p1a: Empoleon|spa|1
|-ability|p1a: Empoleon|Competitive|boost
|-boost|p1a: Empoleon|spa|2
|move|p1a: Empoleon|Flash Cannon|p2a: Ribombee
|-supereffective|p2a: Ribombee
|-damage|p2a: Ribombee|0 fnt
|faint|p2a: Ribombee
|
|upkeep
|
|t:|1779945774
|switch|p2a: Great Tusk|Great Tusk|100/100
|-activate|p2a: Great Tusk|move: Sticky Web
|-unboost|p2a: Great Tusk|spe|1
|turn|7
|
|t:|1779945778
|-terastallize|p1a: Empoleon|Bug
|move|p1a: Empoleon|Agility|p1a: Empoleon
|-boost|p1a: Empoleon|spe|2
|move|p2a: Great Tusk|Headlong Rush|p1a: Empoleon
|-resisted|p1a: Empoleon
|-crit|p1a: Empoleon
|-damage|p1a: Empoleon|0 fnt
|-unboost|p2a: Great Tusk|def|1
|-unboost|p2a: Great Tusk|spd|1
|faint|p1a: Empoleon
|
|upkeep
|-message|Rubicouss forfeited.
|
|win|Itadori_san
|raw|Rubicouss's rating: 1312 &rarr; <strong>1295</strong><br />(-17 for losing)
|raw|Itadori_san's rating: 1372 &rarr; <strong>1389</strong><br />(+17 for winning)
|l|☆Rubicouss
|player|p1|
