|j|☆WiiShopMusic
|j|☆fregene97
|t:|1779904206
|gametype|singles
|player|p1|WiiShopMusic|102|1310
|player|p2|fregene97|169|1366
|gen|9
|tier|[Gen 9] OU
|rated|
|rule|HP Percentage Mod: HP is shown in percentages
|rule|Endless Battle Clause: Forcing endless battles is banned
|rule|Species Clause: Limit one of each Pokémon
|rule|OHKO Clause: OHKO moves are banned
|rule|Evasion Items Clause: Evasion items are banned
|rule|Evasion Moves Clause: Evasion moves are banned
|rule|Evasion Abilities Clause: Evasion abilities are banned
|rule|Sleep Moves Clause: Sleep-inducing moves are banned
|clearpoke
|poke|p1|Ninetales-Alola, F|
|poke|p1|Sandslash-Alola, M|
|poke|p1|Cetitan, F|
|poke|p1|Toxapex, F|
|poke|p1|Pawmot, M|
|poke|p1|Beartic, F|
|poke|p2|Dragonite, F|
|poke|p2|Kingambit, M|
|poke|p2|Great Tusk|
|poke|p2|Raging Bolt|
|poke|p2|Iron Valiant|
|poke|p2|Serperior, M|
|teampreview
|inactive|Battle timer is ON: inactive players will automatically lose when time's up. (requested by fregene97)
|
|t:|1779904218
|teamsize|p1|6
|teamsize|p2|6
|start
|switch|p1a: Ninetales|Ninetales-Alola, F|100/100
|switch|p2a: Kingambit|Kingambit, M|100/100
|-weather|Snowscape|[from] ability: Snow Warning|[of] p1a: Ninetales
|turn|1
|
|t:|1779904223
|switch|p1a: Sandslash|Sandslash-Alola, M|100/100
|move|p2a: Kingambit|Swords Dance|p2a: Kingambit
|-boost|p2a: Kingambit|atk|2
|
|-weather|Snowscape|[upkeep]
|upkeep
|turn|2
|
|t:|1779904230
|-terastallize|p2a: Kingambit|Dark
|move|p1a: Sandslash|Earthquake|p2a: Kingambit
|-damage|p2a: Kingambit|74/100
|-damage|p1a: Sandslash|91/100|[from] item: Life Orb
|move|p2a: Kingambit|Iron Head|p1a: Sandslash
|-damage|p1a: Sandslash|30/100
|
|-weather|Snowscape|[upkeep]
|upkeep
|turn|3
|
|t:|1779904237
|switch|p1a: Pawmot|Pawmot, M|100/100
|move|p2a: Kingambit|Sucker Punch||[still]
|-fail|p2a: Kingambit
|
|-weather|Snowscape|[upkeep]
|upkeep
|turn|4
|
|t:|1779904245
|move|p2a: Kingambit|Sucker Punch|p1a: Pawmot
|-resisted|p1a: Pawmot
|-damage|p1a: Pawmot|6/100
|move|p1a: Pawmot|Nuzzle|p2a: Kingambit
|-damage|p2a: Kingambit|68/100
|-status|p2a: Kingambit|par
|
|-weather|Snowscape|[upkeep]
|upkeep
|turn|5
|
|t:|1779904261
|move|p1a: Pawmot|Mach Punch|p2a: Kingambit
|-supereffective|p2a: Kingambit
|-damage|p2a: Kingambit|46/100 par
|move|p2a: Kingambit|Sucker Punch||[still]
|-fail|p2a: Kingambit
|
|-weather|Snowscape|[upkeep]
|upkeep
|turn|6
|
|t:|1779904266
|move|p1a: Pawmot|Mach Punch|p2a: Kingambit
|-supereffective|p2a: Kingambit
|-damage|p2a: Kingambit|22/100 par
|cant|p2a: Kingambit|par
|
|-weather|Snowscape|[upkeep]
|upkeep
|turn|7
|
|t:|1779904279
|move|p1a: Pawmot|Mach Punch|p2a: Kingambit
|-supereffective|p2a: Kingambit
|-damage|p2a: Kingambit|0 fnt
|faint|p2a: Kingambit
|-end|p2a: Kingambit|fallenundefined|[silent]
|
|-weather|Snowscape|[upkeep]
|upkeep
|
|t:|1779904281
|switch|p2a: Serperior|Serperior, M|100/100
|turn|8
|
|t:|1779904293
|switch|p1a: Toxapex|Toxapex, F|100/100
|move|p2a: Serperior|Leaf Storm|p1a: Toxapex
|-damage|p1a: Toxapex|60/100
|-boost|p2a: Serperior|spa|2
|-enditem|p1a: Toxapex|Eject Button
|inactive|WiiShopMusic has 120 seconds left.
|
|t:|1779904327
|switch|p1a: Sandslash|Sandslash-Alola, M|30/100
|
|-weather|none
|upkeep
|turn|9
|
|t:|1779904332
|move|p2a: Serperior|Leaf Storm|p1a: Sandslash|[miss]
|-miss|p2a: Serperior|p1a: Sandslash
|move|p1a: Sandslash|Ice Spinner|p2a: Serperior
|-supereffective|p2a: Serperior
|-damage|p2a: Serperior|0 fnt
|faint|p2a: Serperior
|-damage|p1a: Sandslash|20/100|[from] item: Life Orb
|
|upkeep
|
|t:|1779904335
|switch|p2a: Iron Valiant|Iron Valiant|100/100
|-enditem|p2a: Iron Valiant|Booster Energy
|-activate|p2a: Iron Valiant|ability: Quark Drive|[fromitem]
|-start|p2a: Iron Valiant|quarkdrivespe
|turn|10
|
|t:|1779904343
|move|p2a: Iron Valiant|Calm Mind|p2a: Iron Valiant
|-boost|p2a: Iron Valiant|spa|1
|-boost|p2a: Iron Valiant|spd|1
|move|p1a: Sandslash|Ice Spinner|p2a: Iron Valiant
|-damage|p2a: Iron Valiant|42/100
|-damage|p1a: Sandslash|10/100|[from] item: Life Orb
|
|upkeep
|turn|11
|
|t:|1779904349
|move|p2a: Iron Valiant|Moonblast|p1a: Sandslash
|-resisted|p1a: Sandslash
|-damage|p1a: Sandslash|0 fnt
|faint|p1a: Sandslash
|
|upkeep
|
|t:|1779904366
|switch|p1a: Ninetales|Ninetales-Alola, F|100/100
|-weather|Snowscape|[from] ability: Snow Warning|[of] p1a: Ninetales
|turn|12
|
|t:|1779904373
|move|p2a: Iron Valiant|Moonblast|p1a: Ninetales
|-damage|p1a: Ninetales|24/100
|move|p1a: Ninetales|Moonblast|p2a: Iron Valiant
|-supereffective|p2a: Iron Valiant
|-damage|p2a: Iron Valiant|0 fnt
|faint|p2a: Iron Valiant
|-end|p2a: Iron Valiant|Quark Drive|[silent]
|
|-weather|Snowscape|[upkeep]
|upkeep
|
|t:|1779904376
|switch|p2a: Dragonite|Dragonite, F|100/100
|turn|13
|
|t:|1779904389
|move|p2a: Dragonite|Extreme Speed|p1a: Ninetales
|-damage|p1a: Ninetales|0 fnt
|faint|p1a: Ninetales
|
|-weather|Snowscape|[upkeep]
|upkeep
|
|t:|1779904392
|switch|p1a: Beartic|Beartic, F|100/100
|turn|14
|inactive|fregene97 has 120 seconds left.
|
|t:|1779904423
|move|p1a: Beartic|Icicle Spear|p2a: Dragonite
|-supereffective|p2a: Dragonite
|-damage|p2a: Dragonite|67/100
|-supereffective|p2a: Dragonite
|-damage|p2a: Dragonite|6/100
|-supereffective|p2a: Dragonite
|-damage|p2a: Dragonite|0 fnt
|faint|p2a: Dragonite
|-hitcount|p2: Dragonite|3
|
|-weather|Snowscape|[upkeep]
|upkeep
|
|t:|1779904427
|switch|p2a: Raging Bolt|Raging Bolt|100/100
|-enditem|p2a: Raging Bolt|Booster Energy
|-activate|p2a: Raging Bolt|ability: Protosynthesis|[fromitem]
|-start|p2a: Raging Bolt|protosynthesisspa
|turn|15
|
|t:|1779904443
|move|p2a: Raging Bolt|Thunderclap|p1a: Beartic
|-damage|p1a: Beartic|32/100
|move|p1a: Beartic|Icicle Spear|p2a: Raging Bolt
|-supereffective|p2a: Raging Bolt
|-damage|p2a: Raging Bolt|78/100
|-supereffective|p2a: Raging Bolt
|-damage|p2a: Raging Bolt|53/100
|-supereffective|p2a: Raging Bolt
|-damage|p2a: Raging Bolt|31/100
|-supereffective|p2a: Raging Bolt
|-damage|p2a: Raging Bolt|7/100
|-supereffective|p2a: Raging Bolt
|-damage|p2a: Raging Bolt|0 fnt
|faint|p2a: Raging Bolt
|-end|p2a: Raging Bolt|Protosynthesis|[silent]
|-hitcount|p2: Raging Bolt|5
|
|-weather|Snowscape|[upkeep]
|upkeep
|
|t:|1779904448
|switch|p2a: Great Tusk|Great Tusk|100/100
|-enditem|p2a: Great Tusk|Booster Energy
|-activate|p2a: Great Tusk|ability: Protosynthesis|[fromitem]
|-start|p2a: Great Tusk|protosynthesisspe
|turn|16
|
|t:|1779904454
|move|p2a: Great Tusk|Rapid Spin|p1a: Beartic
|-damage|p1a: Beartic|19/100
|-boost|p2a: Great Tusk|spe|1
|move|p1a: Beartic|Icicle Spear|p2a: Great Tusk
|-supereffective|p2a: Great Tusk
|-damage|p2a: Great Tusk|83/100
|-supereffective|p2a: Great Tusk
|-damage|p2a: Great Tusk|65/100
|-supereffective|p2a: Great Tusk
|-damage|p2a: Great Tusk|45/100
|-supereffective|p2a: Great Tusk
|-damage|p2a: Great Tusk|27/100
|-hitcount|p2a: Great Tusk|4
|
|-weather|Snowscape|[upkeep]
|upkeep
|turn|17
|
|t:|1779904463
|move|p2a: Great Tusk|Rapid Spin|p1a: Beartic
|-damage|p1a: Beartic|6/100
|-boost|p2a: Great Tusk|spe|1
|move|p1a: Beartic|Icicle Spear|p2a: Great Tusk
|-supereffective|p2a: Great Tusk
|-damage|p2a: Great Tusk|10/100
|-supereffective|p2a: Great Tusk
|-damage|p2a: Great Tusk|0 fnt
|faint|p2a: Great Tusk
|-end|p2a: Great Tusk|Protosynthesis|[silent]
|-hitcount|p2: Great Tusk|2
|
|win|WiiShopMusic
|raw|WiiShopMusic's rating: 1310 &rarr; <strong>1333</strong><br />(+23 for winning)
|raw|fregene97's rating: 1366 &rarr; <strong>1343</strong><br />(-23 for losing)
|l|☆fregene97
|player|p2|
|l|☆WiiShopMusic
|player|p1|
