|j|☆IsntLegit
|j|☆capitolg
|t:|1779946780
|gametype|singles
|player|p1|IsntLegit|brock|1251
|player|p2|capitolg|bellelba|1258
|gen|9
|tier|[Gen 9] OU
|rated|
|rule|HP Percentage Mod: HP is shown in percentages
|rule|Endless Battle Clause: Forcing endless battles is banned
|rule|Species Clause: Limit one of each Pokémon
|rule|OHKO Clause: OHKO moves are banned
|rule|Evasion Items Clause: Evasion items are banned
|rule|Evasion Moves Clause: Evasion moves are banned
|rule|Evasion Abilities Clause: Evasion abilities are banned
|rule|Sleep Moves Clause: Sleep-inducing moves are banned
|clearpoke
|poke|p1|Hydreigon, F|
|poke|p1|Slowking-Galar, M|
|poke|p1|Clefable, F|
|poke|p1|Scizor, F|
|poke|p1|Umbreon, F|
|poke|p1|Rotom-Wash|
|poke|p2|Ribombee, M|
|poke|p2|Serperior, M|
|poke|p2|Kingambit, M|
|poke|p2|Skeledirge, F|
|poke|p2|Milotic, F|
|poke|p2|Cinderace, F|
|teampreview
|
|t:|1779946784
|teamsize|p1|6
|teamsize|p2|6
|start
|switch|p1a: Scizor|Scizor, F|100/100
|switch|p2a: Ribombee|Ribombee, M|100/100
|turn|1
|
|t:|1779946789
|switch|p2a: Skeledirge|Skeledirge, F|100/100
|-item|p2a: Skeledirge|Air Balloon
|move|p1a: Scizor|Dual Wingbeat|p2a: Skeledirge
|-damage|p2a: Skeledirge|67/100
|-enditem|p2a: Skeledirge|Air Balloon
|-damage|p2a: Skeledirge|34/100
|-hitcount|p2a: Skeledirge|2
|
|upkeep
|turn|2
|
|t:|1779946804
|switch|p1a: Rotom|Rotom-Wash|100/100
|move|p2a: Skeledirge|Torch Song|p1a: Rotom
|-resisted|p1a: Rotom
|-damage|p1a: Rotom|80/100
|-boost|p2a: Skeledirge|spa|1
|
|-heal|p1a: Rotom|87/100|[from] item: Leftovers
|upkeep
|turn|3
|
|t:|1779946812
|move|p1a: Rotom|Hydro Pump|p2a: Skeledirge
|-supereffective|p2a: Skeledirge
|-damage|p2a: Skeledirge|0 fnt
|faint|p2a: Skeledirge
|
|-heal|p1a: Rotom|93/100|[from] item: Leftovers
|upkeep
|
|t:|1779946815
|switch|p2a: Ribombee|Ribombee, M|100/100
|turn|4
|
|t:|1779946823
|move|p2a: Ribombee|Sticky Web|p1a: Rotom
|-sidestart|p1: IsntLegit|move: Sticky Web
|move|p1a: Rotom|Thunder Wave|p2a: Ribombee
|-status|p2a: Ribombee|par
|
|-heal|p1a: Rotom|99/100|[from] item: Leftovers
|upkeep
|turn|5
|
|t:|1779946831
|move|p1a: Rotom|Volt Switch|p2a: Ribombee
|-damage|p2a: Ribombee|59/100 par
|
|t:|1779946834
|switch|p1a: Clefable|Clefable, F|100/100|[from] Volt Switch
|-activate|p1a: Clefable|move: Sticky Web
|-unboost|p1a: Clefable|spe|1
|cant|p2a: Ribombee|par
|
|upkeep
|turn|6
|inactive|Battle timer is ON: inactive players will automatically lose when time's up. (requested by IsntLegit)
|
|t:|1779946873
|move|p2a: Ribombee|Skill Swap|p1a: Clefable
|-activate|p2a: Ribombee|Skill Swap|Magic Guard|Shield Dust|[of] p1a: Clefable
|move|p1a: Clefable|Moonblast|p2a: Ribombee
|-damage|p2a: Ribombee|0 fnt
|faint|p2a: Ribombee
|-damage|p1a: Clefable|91/100|[from] item: Life Orb
|
|upkeep
|
|t:|1779946878
|switch|p2a: Cinderace|Cinderace, F|100/100
|turn|7
|
|t:|1779946885
|switch|p1a: Rotom|Rotom-Wash|99/100
|move|p2a: Cinderace|Court Change|p2a: Cinderace
|-start|p2a: Cinderace|typechange|Normal|[from] ability: Libero
|-swapsideconditions
|-activate|p2a: Cinderace|move: Court Change
|
|-heal|p1a: Rotom|100/100|[from] item: Leftovers
|upkeep
|turn|8
|
|t:|1779946896
|move|p2a: Cinderace|Taunt|p1a: Rotom
|-start|p1a: Rotom|move: Taunt
|cant|p1a: Rotom|move: Taunt|Thunder Wave
|
|upkeep
|turn|9
|
|t:|1779946900
|switch|p2a: Serperior|Serperior, M|100/100
|-activate|p2a: Serperior|move: Sticky Web
|-boost|p2a: Serperior|spe|1
|move|p1a: Rotom|Volt Switch|p2a: Serperior
|-resisted|p2a: Serperior
|-damage|p2a: Serperior|85/100
|
|t:|1779946907
|switch|p1a: Scizor|Scizor, F|100/100|[from] Volt Switch
|
|-heal|p2a: Serperior|91/100|[from] item: Leftovers
|upkeep
|turn|10
|
|t:|1779946915
|-terastallize|p2a: Serperior|Fire
|move|p2a: Serperior|Glare|p1a: Scizor
|-status|p1a: Scizor|par
|move|p1a: Scizor|Dual Wingbeat|p2a: Serperior
|-damage|p2a: Serperior|46/100
|-damage|p2a: Serperior|2/100
|-hitcount|p2a: Serperior|2
|
|-heal|p2a: Serperior|8/100|[from] item: Leftovers
|upkeep
|turn|11
|
|t:|1779946925
|move|p2a: Serperior|Leaf Storm|p1a: Scizor
|-resisted|p1a: Scizor
|-damage|p1a: Scizor|87/100 par
|-boost|p2a: Serperior|spa|2
|cant|p1a: Scizor|par
|
|-heal|p2a: Serperior|14/100|[from] item: Leftovers
|upkeep
|turn|12
|
|t:|1779946932
|move|p2a: Serperior|Leaf Storm|p1a: Scizor
|-resisted|p1a: Scizor
|-damage|p1a: Scizor|61/100 par
|-boost|p2a: Serperior|spa|2
|move|p1a: Scizor|Dual Wingbeat|p2a: Serperior
|-damage|p2a: Serperior|0 fnt
|faint|p2a: Serperior
|-hitcount|p2: Serperior|1
|
|upkeep
|
|t:|1779946937
|switch|p2a: Milotic|Milotic, F|100/100
|-activate|p2a: Milotic|move: Sticky Web
|-unboost|p2a: Milotic|spe|1
|-ability|p2a: Milotic|Competitive|boost
|-boost|p2a: Milotic|spa|2
|turn|13
|
|t:|1779946946
|switch|p1a: Rotom|Rotom-Wash|100/100
|move|p2a: Milotic|Scald|p1a: Rotom
|-resisted|p1a: Rotom
|-damage|p1a: Rotom|64/100
|
|-heal|p1a: Rotom|70/100|[from] item: Leftovers
|upkeep
|turn|14
|
|t:|1779946956
|move|p1a: Rotom|Thunder Wave|p2a: Milotic
|-status|p2a: Milotic|par
|move|p2a: Milotic|Scald|p1a: Rotom
|-resisted|p1a: Rotom
|-damage|p1a: Rotom|33/100
|
|-heal|p1a: Rotom|40/100|[from] item: Leftovers
|upkeep
|turn|15
|
|t:|1779946964
|move|p1a: Rotom|Pain Split|p2a: Milotic
|-sethp|p2a: Milotic|67/100 par|[from] move: Pain Split|[silent]
|-sethp|p1a: Rotom|79/100|[from] move: Pain Split
|cant|p2a: Milotic|par
|
|-heal|p1a: Rotom|85/100|[from] item: Leftovers
|upkeep
|turn|16
|
|t:|1779946978
|move|p1a: Rotom|Volt Switch|p2a: Milotic
|-supereffective|p2a: Milotic
|-damage|p2a: Milotic|38/100 par
|
|t:|1779946986
|switch|p1a: Umbreon|Umbreon, F|100/100|[from] Volt Switch
|cant|p2a: Milotic|par
|
|upkeep
|turn|17
|
|t:|1779946993
|move|p1a: Umbreon|Toxic||[still]
|-fail|p1a: Umbreon
|move|p2a: Milotic|Draining Kiss|p1a: Umbreon
|-supereffective|p1a: Umbreon
|-damage|p1a: Umbreon|64/100
|-heal|p2a: Milotic|68/100 par|[from] drain|[of] p1a: Umbreon
|
|-heal|p1a: Umbreon|70/100|[from] item: Leftovers
|upkeep
|turn|18
|
|t:|1779947004
|switch|p1a: Scizor|Scizor, F|61/100 par
|cant|p2a: Milotic|par
|
|upkeep
|turn|19
|
|t:|1779947009
|move|p1a: Scizor|Knock Off|p2a: Milotic
|-damage|p2a: Milotic|14/100 par
|-enditem|p2a: Milotic|Assault Vest|[from] move: Knock Off|[of] p1a: Scizor
|move|p2a: Milotic|Scald|p1a: Scizor
|-damage|p1a: Scizor|0 fnt
|faint|p1a: Scizor
|
|upkeep
|
|t:|1779947016
|switch|p1a: Rotom|Rotom-Wash|85/100
|turn|20
|
|t:|1779947022
|move|p1a: Rotom|Volt Switch|p2a: Milotic
|-supereffective|p2a: Milotic
|-damage|p2a: Milotic|0 fnt
|faint|p2a: Milotic
|
|t:|1779947040
|switch|p1a: Clefable|Clefable, F|91/100|[from] Volt Switch
|
|upkeep
|
|t:|1779947042
|switch|p2a: Kingambit|Kingambit, M|100/100
|-activate|p2a: Kingambit|move: Sticky Web
|-unboost|p2a: Kingambit|spe|1
|-ability|p2a: Kingambit|Defiant|boost
|-boost|p2a: Kingambit|atk|2
|turn|21
|
|t:|1779947049
|move|p1a: Clefable|Moonblast|p2a: Kingambit
|-damage|p2a: Kingambit|70/100
|move|p2a: Kingambit|Iron Head|p1a: Clefable
|-supereffective|p1a: Clefable
|-damage|p1a: Clefable|0 fnt
|faint|p1a: Clefable
|
|upkeep
|
|t:|1779947061
|switch|p1a: Hydreigon|Hydreigon, F|100/100
|turn|22
|
|t:|1779947065
|move|p1a: Hydreigon|Fire Blast|p2a: Kingambit
|-supereffective|p2a: Kingambit
|-crit|p2a: Kingambit
|-damage|p2a: Kingambit|0 fnt
|faint|p2a: Kingambit
|
|upkeep
|
|t:|1779947067
|switch|p2a: Cinderace|Cinderace, F|100/100
|turn|23
|
|t:|1779947076
|switch|p1a: Slowking|Slowking-Galar, M|100/100
|move|p2a: Cinderace|High Jump Kick|p1a: Slowking
|-start|p2a: Cinderace|typechange|Fighting|[from] ability: Libero
|-resisted|p1a: Slowking
|-damage|p1a: Slowking|87/100
|
|upkeep
|turn|24
|
|t:|1779947085
|move|p2a: Cinderace|Taunt|p1a: Slowking
|-start|p1a: Slowking|move: Taunt
|move|p1a: Slowking|Sludge Bomb|p2a: Cinderace
|-crit|p2a: Cinderace
|-damage|p2a: Cinderace|28/100
|
|upkeep
|turn|25
|
|t:|1779947091
|move|p2a: Cinderace|Sucker Punch|p1a: Slowking
|-supereffective|p1a: Slowking
|-damage|p1a: Slowking|50/100
|move|p1a: Slowking|Sludge Bomb|p2a: Cinderace
|-damage|p2a: Cinderace|0 fnt
|faint|p2a: Cinderace
|
|win|IsntLegit
|raw|IsntLegit's rating: 1251 &rarr; <strong>1277</strong><br />(+26 for winning)
|raw|capitolg's rating: 1258 &rarr; <strong>1232</strong><br />(-26 for losing)
|l|☆capitolg
|player|p2|
