|j|☆NatsuNoYutsu
|j|☆CrikeyDasAuto
|t:|1779964642
|gametype|singles
|player|p1|NatsuNoYutsu|youngster-gen4dp|1206
|player|p2|CrikeyDasAuto|266|1120
|gen|9
|tier|[Gen 9] OU
|rated|
|rule|HP Percentage Mod: HP is shown in percentages
|rule|Endless Battle Clause: Forcing endless battles is banned
|rule|Species Clause: Limit one of each Pokémon
|rule|OHKO Clause: OHKO moves are banned
|rule|Evasion Items Clause: Evasion items are banned
|rule|Evasion Moves Clause: Evasion moves are banned
|rule|Evasion Abilities Clause: Evasion abilities are banned
|rule|Sleep Moves Clause: Sleep-inducing moves are banned
|clearpoke
|poke|p1|Slowking-Galar, F|
|poke|p1|Darkrai|
|poke|p1|Clefable, F|
|poke|p1|Dragapult, F|
|poke|p1|Cinderace, F|
|poke|p1|Gliscor, F|
|poke|p2|Dragonite, M|
|poke|p2|Blastoise, F|
|poke|p2|Weavile, M|
|poke|p2|Scizor, F|
|poke|p2|Rhydon, M|
|poke|p2|Gengar, F|
|teampreview
|inactive|Battle timer is ON: inactive players will automatically lose when time's up. (requested by NatsuNoYutsu)
|
|t:|1779964674
|teamsize|p1|6
|teamsize|p2|6
|start
|switch|p1a: Dragapult|Dragapult, F|100/100
|switch|p2a: Dragonite|Dragonite, M|100/100
|turn|1
|
|t:|1779964691
|move|p1a: Dragapult|U-turn|p2a: Dragonite
|-resisted|p2a: Dragonite
|-damage|p2a: Dragonite|96/100
|
|t:|1779964696
|switch|p1a: Gliscor|Gliscor, F|100/100|[from] U-turn
|move|p2a: Dragonite|Dragon Dance|p2a: Dragonite
|-boost|p2a: Dragonite|atk|1
|-boost|p2a: Dragonite|spe|1
|
|-status|p1a: Gliscor|tox|[from] item: Toxic Orb
|upkeep
|turn|2
|
|t:|1779964706
|move|p2a: Dragonite|Ice Spinner|p1a: Gliscor
|-supereffective|p1a: Gliscor
|-damage|p1a: Gliscor|0 fnt
|faint|p1a: Gliscor
|
|upkeep
|
|t:|1779964712
|switch|p1a: Clefable|Clefable, F|100/100
|turn|3
|
|t:|1779964718
|switch|p2a: Scizor|Scizor, F|100/100
|move|p1a: Clefable|Moonblast|p2a: Scizor
|-resisted|p2a: Scizor
|-damage|p2a: Scizor|82/100
|
|upkeep
|turn|4
|
|t:|1779964726
|move|p2a: Scizor|Bullet Punch|p1a: Clefable
|-supereffective|p1a: Clefable
|-damage|p1a: Clefable|56/100
|move|p1a: Clefable|Flamethrower|p2a: Scizor
|-supereffective|p2a: Scizor
|-damage|p2a: Scizor|0 fnt
|faint|p2a: Scizor
|
|-heal|p1a: Clefable|62/100|[from] item: Leftovers
|upkeep
|
|t:|1779964746
|switch|p2a: Rhydon|Rhydon, M|100/100
|turn|5
|
|t:|1779964757
|switch|p1a: Dragapult|Dragapult, F|100/100
|move|p2a: Rhydon|Swords Dance|p2a: Rhydon
|-boost|p2a: Rhydon|atk|2
|
|upkeep
|turn|6
|
|t:|1779964764
|move|p1a: Dragapult|Surf|p2a: Rhydon
|-supereffective|p2a: Rhydon
|-damage|p2a: Rhydon|0 fnt
|faint|p2a: Rhydon
|
|upkeep
|
|t:|1779964773
|switch|p2a: Weavile|Weavile, M|100/100
|turn|7
|
|t:|1779964777
|switch|p1a: Clefable|Clefable, F|62/100
|move|p2a: Weavile|Triple Axel|p1a: Clefable
|-damage|p1a: Clefable|54/100
|-damage|p1a: Clefable|40/100
|-damage|p1a: Clefable|18/100
|-hitcount|p1a: Clefable|3
|
|-heal|p1a: Clefable|24/100|[from] item: Leftovers
|upkeep
|turn|8
|
|t:|1779964793
|move|p2a: Weavile|Triple Axel|p1a: Clefable|[miss]
|-miss|p2a: Weavile|p1a: Clefable
|move|p1a: Clefable|Moonlight|p1a: Clefable
|-heal|p1a: Clefable|74/100
|
|-heal|p1a: Clefable|80/100|[from] item: Leftovers
|upkeep
|turn|9
|
|t:|1779964803
|move|p2a: Weavile|Swords Dance|p2a: Weavile
|-boost|p2a: Weavile|atk|2
|move|p1a: Clefable|Moonblast|p2a: Weavile
|-supereffective|p2a: Weavile
|-damage|p2a: Weavile|9/100
|-unboost|p2a: Weavile|spa|1
|
|-heal|p1a: Clefable|86/100|[from] item: Leftovers
|upkeep
|turn|10
|
|t:|1779964814
|move|p2a: Weavile|Triple Axel|p1a: Clefable
|-damage|p1a: Clefable|78/100
|-hitcount|p1a: Clefable|1
|move|p1a: Clefable|Moonblast|p2a: Weavile
|-supereffective|p2a: Weavile
|-damage|p2a: Weavile|0 fnt
|faint|p2a: Weavile
|
|-heal|p1a: Clefable|85/100|[from] item: Leftovers
|upkeep
|
|t:|1779964823
|switch|p2a: Gengar|Gengar, F|100/100
|-item|p2a: Gengar|Air Balloon
|turn|11
|
|t:|1779964830
|switch|p1a: Slowking|Slowking-Galar, F|100/100
|move|p2a: Gengar|Sludge Wave|p1a: Slowking
|-resisted|p1a: Slowking
|-damage|p1a: Slowking|85/100
|
|upkeep
|turn|12
|
|t:|1779964839
|move|p2a: Gengar|Shadow Ball|p1a: Slowking
|-supereffective|p1a: Slowking
|-damage|p1a: Slowking|32/100
|-unboost|p1a: Slowking|spd|1
|move|p1a: Slowking|Psychic|p2a: Gengar
|-supereffective|p2a: Gengar
|-damage|p2a: Gengar|0 fnt
|-enditem|p2a: Gengar|Air Balloon
|faint|p2a: Gengar
|
|upkeep
|
|t:|1779964849
|switch|p2a: Dragonite|Dragonite, M|96/100
|turn|13
|
|t:|1779964853
|move|p2a: Dragonite|Earthquake|p1a: Slowking
|-supereffective|p1a: Slowking
|-damage|p1a: Slowking|0 fnt
|faint|p1a: Slowking
|
|upkeep
|
|t:|1779964858
|switch|p1a: Darkrai|Darkrai, shiny|100/100
|turn|14
|
|t:|1779964872
|move|p1a: Darkrai|Ice Beam|p2a: Dragonite
|-supereffective|p2a: Dragonite
|-damage|p2a: Dragonite|0 fnt
|faint|p2a: Dragonite
|
|upkeep
|
|t:|1779964877
|switch|p2a: Blastoise|Blastoise, F|100/100
|turn|15
|
|t:|1779964885
|move|p1a: Darkrai|Thunder|p2a: Blastoise|[miss]
|-miss|p1a: Darkrai|p2a: Blastoise
|move|p2a: Blastoise|Surf|p1a: Darkrai
|-damage|p1a: Darkrai|63/100
|
|upkeep
|turn|16
|
|t:|1779964892
|move|p1a: Darkrai|Thunder|p2a: Blastoise|[miss]
|-miss|p1a: Darkrai|p2a: Blastoise
|move|p2a: Blastoise|Surf|p1a: Darkrai
|-damage|p1a: Darkrai|26/100
|
|upkeep
|turn|17
|
|t:|1779964900
|move|p1a: Darkrai|Thunder|p2a: Blastoise
|-supereffective|p2a: Blastoise
|-damage|p2a: Blastoise|14/100
|move|p2a: Blastoise|Surf|p1a: Darkrai
|-damage|p1a: Darkrai|0 fnt
|faint|p1a: Darkrai
|
|upkeep
|
|t:|1779964908
|switch|p1a: Dragapult|Dragapult, F|100/100
|turn|18
|
|t:|1779964912
|move|p1a: Dragapult|Draco Meteor|p2a: Blastoise
|-damage|p2a: Blastoise|0 fnt
|-unboost|p1a: Dragapult|spa|2
|faint|p2a: Blastoise
|
|win|NatsuNoYutsu
|raw|NatsuNoYutsu's rating: 1206 &rarr; <strong>1225</strong><br />(+19 for winning)
|raw|CrikeyDasAuto's rating: 1120 &rarr; <strong>1101</strong><br />(-19 for losing)
|c|☆CrikeyDasAuto|gg
|l|☆NatsuNoYutsu
|player|p1|
|l|☆CrikeyDasAuto
|player|p2|
