|j|☆Relative-Ease
|j|☆SgtBrick14
|t:|1779948602
|gametype|singles
|player|p1|Relative-Ease|169|1343
|player|p2|SgtBrick14|pokemonranger|1264
|gen|9
|tier|[Gen 9] OU
|rated|
|rule|HP Percentage Mod: HP is shown in percentages
|rule|Endless Battle Clause: Forcing endless battles is banned
|rule|Species Clause: Limit one of each Pokémon
|rule|OHKO Clause: OHKO moves are banned
|rule|Evasion Items Clause: Evasion items are banned
|rule|Evasion Moves Clause: Evasion moves are banned
|rule|Evasion Abilities Clause: Evasion abilities are banned
|rule|Sleep Moves Clause: Sleep-inducing moves are banned
|clearpoke
|poke|p1|Latios, M|
|poke|p1|Rillaboom, F|
|poke|p1|Pawmot, F|
|poke|p1|Swampert, F|
|poke|p1|Kingdra, F|
|poke|p1|Pelipper, F|
|poke|p2|Glimmora, F|
|poke|p2|Ceruledge, M|
|poke|p2|Comfey, M|
|poke|p2|Cloyster, F|
|poke|p2|Haxorus, M|
|poke|p2|Gengar, M|
|teampreview
|
|t:|1779948615
|teamsize|p1|6
|teamsize|p2|6
|start
|switch|p1a: Apollonian|Latios, M|100/100
|switch|p2a: Gengar|Gengar, M|100/100
|turn|1
|
|t:|1779948623
|move|p1a: Apollonian|Luster Purge|p2a: Gengar
|-supereffective|p2a: Gengar
|-enditem|p2a: Gengar|Focus Sash
|-damage|p2a: Gengar|1/100
|-start|p1a: Apollonian|Disable|Luster Purge|[from] ability: Cursed Body|[of] p2a: Gengar
|move|p2a: Gengar|Shadow Ball|p1a: Apollonian
|-supereffective|p1a: Apollonian
|-damage|p1a: Apollonian|16/100
|
|upkeep
|turn|2
|
|t:|1779948633
|-activate|p1a: Apollonian|move: Struggle
|move|p1a: Apollonian|Struggle|p2a: Gengar
|-damage|p2a: Gengar|0 fnt
|faint|p2a: Gengar
|-damage|p1a: Apollonian|0 fnt|[from] recoil
|faint|p1a: Apollonian
|
|upkeep
|
|t:|1779948643
|switch|p2a: Glimmora|Glimmora, F|100/100
|switch|p1a: Silver wolf|Pawmot, F|100/100
|turn|3
|
|t:|1779948648
|move|p1a: Silver wolf|Close Combat|p2a: Glimmora
|-damage|p2a: Glimmora|27/100
|-unboost|p1a: Silver wolf|def|1
|-unboost|p1a: Silver wolf|spd|1
|-activate|p2a: Glimmora|ability: Toxic Debris
|-sidestart|p1: Relative-Ease|move: Toxic Spikes
|move|p2a: Glimmora|Toxic|p1a: Silver wolf
|-status|p1a: Silver wolf|tox
|
|-damage|p1a: Silver wolf|94/100 tox|[from] psn
|upkeep
|turn|4
|
|t:|1779948659
|move|p1a: Silver wolf|Knock Off|p2a: Glimmora
|-damage|p2a: Glimmora|0 fnt
|-activate|p2a: Glimmora|ability: Toxic Debris
|-sidestart|p1: Relative-Ease|move: Toxic Spikes
|-enditem|p2a: Glimmora|Focus Sash|[from] move: Knock Off|[of] p1a: Silver wolf
|faint|p2a: Glimmora
|
|-damage|p1a: Silver wolf|82/100 tox|[from] psn
|upkeep
|
|t:|1779948674
|switch|p2a: Cloyster|Cloyster, F|100/100
|turn|5
|
|t:|1779948682
|move|p1a: Silver wolf|Close Combat|p2a: Cloyster
|-supereffective|p2a: Cloyster
|-damage|p2a: Cloyster|10/100
|-unboost|p1a: Silver wolf|def|1
|-unboost|p1a: Silver wolf|spd|1
|move|p2a: Cloyster|Shell Smash|p2a: Cloyster
|-unboost|p2a: Cloyster|def|1
|-unboost|p2a: Cloyster|spd|1
|-boost|p2a: Cloyster|atk|2
|-boost|p2a: Cloyster|spa|2
|-boost|p2a: Cloyster|spe|2
|
|-damage|p1a: Silver wolf|64/100 tox|[from] psn
|upkeep
|turn|6
|
|t:|1779948693
|move|p2a: Cloyster|Icicle Spear|p1a: Silver wolf
|-damage|p1a: Silver wolf|0 fnt
|faint|p1a: Silver wolf
|-hitcount|p1: Silver wolf|1
|
|upkeep
|
|t:|1779948706
|switch|p1a: Dinoysian|Rillaboom, F|100/100
|-status|p1a: Dinoysian|tox
|-fieldstart|move: Grassy Terrain|[from] ability: Grassy Surge|[of] p1a: Dinoysian
|turn|7
|
|t:|1779948711
|-terastallize|p2a: Cloyster|Ice
|move|p2a: Cloyster|Ice Shard|p1a: Dinoysian
|-supereffective|p1a: Dinoysian
|-damage|p1a: Dinoysian|7/100 tox
|move|p1a: Dinoysian|Grassy Glide|p2a: Cloyster
|-damage|p2a: Cloyster|0 fnt
|faint|p2a: Cloyster
|
|-heal|p1a: Dinoysian|13/100 tox|[from] Grassy Terrain
|-damage|p1a: Dinoysian|7/100 tox|[from] psn
|upkeep
|
|t:|1779948717
|switch|p2a: Ceruledge|Ceruledge, M|100/100
|turn|8
|
|t:|1779948723
|switch|p1a: Derrida|Swampert, F|100/100
|-status|p1a: Derrida|tox
|move|p2a: Ceruledge|Swords Dance|p2a: Ceruledge
|-boost|p2a: Ceruledge|atk|2
|
|-damage|p1a: Derrida|94/100 tox|[from] psn
|upkeep
|turn|9
|
|t:|1779948737
|-terastallize|p1a: Derrida|Dark
|move|p2a: Ceruledge|Swords Dance|p2a: Ceruledge
|-boost|p2a: Ceruledge|atk|2
|move|p1a: Derrida|Knock Off|p2a: Ceruledge
|-supereffective|p2a: Ceruledge
|-damage|p2a: Ceruledge|7/100
|-ability|p2a: Ceruledge|Weak Armor|boost
|-unboost|p2a: Ceruledge|def|1
|-boost|p2a: Ceruledge|spe|2
|-enditem|p2a: Ceruledge|Focus Sash|[from] move: Knock Off|[of] p1a: Derrida
|
|-heal|p2a: Ceruledge|14/100|[from] Grassy Terrain
|-heal|p1a: Derrida|100/100 tox|[from] Grassy Terrain
|-damage|p1a: Derrida|88/100 tox|[from] psn
|upkeep
|turn|10
|
|t:|1779948752
|switch|p1a: Kant|Pelipper, F|100/100
|-weather|RainDance|[from] ability: Drizzle|[of] p1a: Kant
|move|p2a: Ceruledge|Bitter Blade|p1a: Kant
|-resisted|p1a: Kant
|-damage|p1a: Kant|72/100
|-heal|p2a: Ceruledge|29/100|[from] drain|[of] p1a: Kant
|
|-weather|RainDance|[upkeep]
|-heal|p2a: Ceruledge|35/100|[from] Grassy Terrain
|upkeep
|turn|11
|inactive|Battle timer is ON: inactive players will automatically lose when time's up. (requested by SgtBrick14)
|
|t:|1779948767
|move|p2a: Ceruledge|Poltergeist|p1a: Kant
|-activate|p1a: Kant|move: Poltergeist|Damp Rock
|-damage|p1a: Kant|0 fnt
|faint|p1a: Kant
|
|-weather|RainDance|[upkeep]
|-heal|p2a: Ceruledge|42/100|[from] Grassy Terrain
|-fieldend|move: Grassy Terrain
|upkeep
|
|t:|1779948774
|switch|p1a: Fichte|Kingdra, F|100/100
|-status|p1a: Fichte|tox
|turn|12
|
|t:|1779948781
|move|p2a: Ceruledge|Shadow Sneak|p1a: Fichte
|-damage|p1a: Fichte|24/100 tox
|move|p1a: Fichte|Surf|p2a: Ceruledge
|-supereffective|p2a: Ceruledge
|-damage|p2a: Ceruledge|0 fnt
|faint|p2a: Ceruledge
|
|-weather|RainDance|[upkeep]
|-damage|p1a: Fichte|18/100 tox|[from] psn
|upkeep
|
|t:|1779948786
|switch|p2a: Comfey|Comfey, M|100/100
|turn|13
|
|t:|1779948790
|move|p2a: Comfey|Giga Drain|p1a: Fichte
|-damage|p1a: Fichte|0 fnt
|faint|p1a: Fichte
|
|-weather|RainDance|[upkeep]
|upkeep
|
|t:|1779948795
|switch|p1a: Derrida|Swampert, F, tera:Dark|88/100 tox
|turn|14
|
|t:|1779948800
|move|p2a: Comfey|Calm Mind|p2a: Comfey
|-boost|p2a: Comfey|spa|1
|-boost|p2a: Comfey|spd|1
|move|p1a: Derrida|Surf|p2a: Comfey
|-damage|p2a: Comfey|62/100
|
|-weather|RainDance|[upkeep]
|-damage|p1a: Derrida|82/100 tox|[from] psn
|upkeep
|turn|15
|
|t:|1779948807
|move|p2a: Comfey|Giga Drain|p1a: Derrida
|-damage|p1a: Derrida|56/100 tox
|-heal|p2a: Comfey|79/100|[from] drain|[of] p1a: Derrida
|move|p1a: Derrida|Earthquake|p2a: Comfey
|-damage|p2a: Comfey|31/100
|
|-weather|RainDance|[upkeep]
|-damage|p1a: Derrida|44/100 tox|[from] psn
|upkeep
|turn|16
|
|t:|1779948826
|move|p2a: Comfey|Synthesis|p2a: Comfey
|-heal|p2a: Comfey|56/100
|move|p1a: Derrida|Earthquake|p2a: Comfey
|-damage|p2a: Comfey|9/100
|
|-weather|RainDance|[upkeep]
|-damage|p1a: Derrida|25/100 tox|[from] psn
|upkeep
|turn|17
|
|t:|1779948834
|move|p2a: Comfey|Giga Drain|p1a: Derrida
|-damage|p1a: Derrida|1/100 tox
|-heal|p2a: Comfey|26/100|[from] drain|[of] p1a: Derrida
|move|p1a: Derrida|Earthquake|p2a: Comfey
|-damage|p2a: Comfey|0 fnt
|faint|p2a: Comfey
|
|-weather|none
|-damage|p1a: Derrida|0 fnt|[from] psn
|faint|p1a: Derrida
|upkeep
|
|t:|1779948844
|switch|p2a: Haxorus|Haxorus, M|100/100
|switch|p1a: Dinoysian|Rillaboom, F|7/100 tox
|-ability|p2a: Haxorus|Mold Breaker
|-fieldstart|move: Grassy Terrain|[from] ability: Grassy Surge|[of] p1a: Dinoysian
|turn|18
|
|t:|1779948848
|move|p2a: Haxorus|Outrage|p1a: Dinoysian
|-damage|p1a: Dinoysian|0 fnt
|faint|p1a: Dinoysian
|
|win|SgtBrick14
|raw|Relative-Ease's rating: 1343 &rarr; <strong>1319</strong><br />(-24 for losing)
|raw|SgtBrick14's rating: 1264 &rarr; <strong>1295</strong><br />(+31 for winning)
