|j|☆its tetover
|j|☆Misfit_Mischievous
|t:|1779943472
|gametype|singles
|player|p1|its tetover|gardenia|1615
|player|p2|Misfit_Mischievous|biker|1603
|gen|9
|tier|[Gen 9] OU
|rated|
|rule|HP Percentage Mod: HP is shown in percentages
|rule|Endless Battle Clause: Forcing endless battles is banned
|rule|Species Clause: Limit one of each Pokémon
|rule|OHKO Clause: OHKO moves are banned
|rule|Evasion Items Clause: Evasion items are banned
|rule|Evasion Moves Clause: Evasion moves are banned
|rule|Evasion Abilities Clause: Evasion abilities are banned
|rule|Sleep Moves Clause: Sleep-inducing moves are banned
|clearpoke
|poke|p1|Ribombee, F|
|poke|p1|Brambleghast, F|
|poke|p1|Pawmot, M|
|poke|p1|Gholdengo|
|poke|p1|Ursaluna, F|
|poke|p1|Tornadus, M|
|poke|p2|Ting-Lu|
|poke|p2|Zapdos|
|poke|p2|Dragapult, M|
|poke|p2|Ogerpon-Cornerstone, F|
|poke|p2|Gholdengo|
|poke|p2|Great Tusk|
|teampreview
|inactive|Battle timer is ON: inactive players will automatically lose when time's up. (requested by Misfit_Mischievous)
|
|t:|1779943479
|teamsize|p1|6
|teamsize|p2|6
|start
|switch|p1a: Ribombee|Ribombee, F|100/100
|switch|p2a: Ting-Lu|Ting-Lu|100/100
|-ability|p2a: Ting-Lu|Vessel of Ruin
|turn|1
|
|t:|1779943494
|move|p1a: Ribombee|Sticky Web|p2a: Ting-Lu
|-sidestart|p2: Misfit_Mischievous|move: Sticky Web
|move|p2a: Ting-Lu|Stealth Rock|p1a: Ribombee
|-sidestart|p1: its tetover|move: Stealth Rock
|
|upkeep
|turn|2
|
|t:|1779943502
|switch|p1a: Ursaluna|Ursaluna, F|100/100
|-damage|p1a: Ursaluna|94/100|[from] Stealth Rock
|move|p2a: Ting-Lu|Spikes|p1a: Ursaluna
|-sidestart|p1: its tetover|Spikes
|
|-status|p1a: Ursaluna|brn|[from] item: Flame Orb
|upkeep
|turn|3
|
|t:|1779943517
|move|p1a: Ursaluna|Facade|p2a: Ting-Lu
|-damage|p2a: Ting-Lu|29/100
|move|p2a: Ting-Lu|Ruination|p1a: Ursaluna
|-damage|p1a: Ursaluna|47/100 brn
|
|-heal|p2a: Ting-Lu|35/100|[from] item: Leftovers
|-damage|p1a: Ursaluna|41/100 brn|[from] brn
|upkeep
|turn|4
|
|t:|1779943526
|switch|p2a: Zapdos|Zapdos|100/100
|move|p1a: Ursaluna|Headlong Rush|p2a: Zapdos
|-immune|p2a: Zapdos
|
|-damage|p1a: Ursaluna|35/100 brn|[from] brn
|upkeep
|turn|5
|
|t:|1779943530
|move|p2a: Zapdos|Hurricane|p1a: Ursaluna
|-damage|p1a: Ursaluna|0 fnt
|faint|p1a: Ursaluna
|
|upkeep
|
|t:|1779943533
|switch|p1a: Brambleghast|Brambleghast, F|100/100
|-damage|p1a: Brambleghast|88/100|[from] Stealth Rock
|-damage|p1a: Brambleghast|76/100|[from] Spikes
|turn|6
|
|t:|1779943538
|switch|p2a: Gholdengo|Gholdengo|100/100
|-activate|p2a: Gholdengo|move: Sticky Web
|-unboost|p2a: Gholdengo|spe|1
|move|p1a: Brambleghast|Rapid Spin|p2a: Gholdengo
|-immune|p2a: Gholdengo
|
|upkeep
|turn|7
|
|t:|1779943546
|move|p1a: Brambleghast|Poltergeist|p2a: Gholdengo
|-activate|p2a: Gholdengo|move: Poltergeist|Choice Scarf
|-supereffective|p2a: Gholdengo
|-crit|p2a: Gholdengo
|-damage|p2a: Gholdengo|0 fnt
|faint|p2a: Gholdengo
|-damage|p1a: Brambleghast|66/100|[from] item: Life Orb
|
|upkeep
|
|t:|1779943552
|switch|p2a: Dragapult|Dragapult, M|100/100
|-activate|p2a: Dragapult|move: Sticky Web
|-fail|p2a: Dragapult|unboost|[from] ability: Clear Body|[of] p2a: Dragapult
|turn|8
|
|t:|1779943572
|-terastallize|p1a: Brambleghast|Ghost
|move|p1a: Brambleghast|Shadow Sneak|p2a: Dragapult
|-supereffective|p2a: Dragapult
|-damage|p2a: Dragapult|7/100
|-damage|p1a: Brambleghast|56/100|[from] item: Life Orb
|move|p2a: Dragapult|Shadow Ball|p1a: Brambleghast
|-supereffective|p1a: Brambleghast
|-damage|p1a: Brambleghast|0 fnt
|faint|p1a: Brambleghast
|
|upkeep
|
|t:|1779943578
|switch|p1a: Tornadus|Tornadus, M|100/100
|-damage|p1a: Tornadus|76/100|[from] Stealth Rock
|turn|9
|
|t:|1779943587
|switch|p2a: Ting-Lu|Ting-Lu|35/100
|-activate|p2a: Ting-Lu|move: Sticky Web
|-unboost|p2a: Ting-Lu|spe|1
|-ability|p2a: Ting-Lu|Vessel of Ruin
|move|p1a: Tornadus|Tailwind|p1a: Tornadus
|-sidestart|p1: its tetover|move: Tailwind
|
|-heal|p2a: Ting-Lu|41/100|[from] item: Leftovers
|upkeep
|turn|10
|
|t:|1779943598
|move|p1a: Tornadus|Taunt|p2a: Ting-Lu
|-hint|Since gen 7, Dark is immune to Prankster moves.
|-immune|p2a: Ting-Lu
|move|p2a: Ting-Lu|Spikes|p1a: Tornadus
|-sidestart|p1: its tetover|Spikes
|
|-heal|p2a: Ting-Lu|48/100|[from] item: Leftovers
|upkeep
|turn|11
|
|t:|1779943604
|switch|p1a: Pawmot|Pawmot, M|100/100
|-damage|p1a: Pawmot|94/100|[from] Stealth Rock
|-damage|p1a: Pawmot|78/100|[from] Spikes
|move|p2a: Ting-Lu|Ruination|p1a: Pawmot
|-damage|p1a: Pawmot|39/100
|
|-heal|p2a: Ting-Lu|54/100|[from] item: Leftovers
|upkeep
|turn|12
|
|t:|1779943616
|move|p1a: Pawmot|Close Combat|p2a: Ting-Lu
|-supereffective|p2a: Ting-Lu
|-damage|p2a: Ting-Lu|0 fnt
|-unboost|p1a: Pawmot|def|1
|-unboost|p1a: Pawmot|spd|1
|faint|p2a: Ting-Lu
|-damage|p1a: Pawmot|30/100|[from] item: Life Orb
|
|-sideend|p1: its tetover|move: Tailwind
|upkeep
|-message|its tetover forfeited.
|
|win|Misfit_Mischievous
|raw|its tetover's rating: 1596 &rarr; <strong>1576</strong><br />(-20 for losing)
|raw|Misfit_Mischievous's rating: 1603 &rarr; <strong>1623</strong><br />(+20 for winning)
|l|☆its tetover
|player|p1|
|l|☆Misfit_Mischievous
|player|p2|
