|j|☆baakrisht
|j|☆fuatchable
|t:|1779875929
|gametype|singles
|player|p1|baakrisht|102|1216
|player|p2|fuatchable|benga|1238
|gen|9
|tier|[Gen 9] OU
|rated|
|rule|HP Percentage Mod: HP is shown in percentages
|rule|Endless Battle Clause: Forcing endless battles is banned
|rule|Species Clause: Limit one of each Pokémon
|rule|OHKO Clause: OHKO moves are banned
|rule|Evasion Items Clause: Evasion items are banned
|rule|Evasion Moves Clause: Evasion moves are banned
|rule|Evasion Abilities Clause: Evasion abilities are banned
|rule|Sleep Moves Clause: Sleep-inducing moves are banned
|clearpoke
|poke|p1|Espeon, F|
|poke|p1|Goodra, F|
|poke|p1|Weezing-Galar, M|
|poke|p1|Orthworm, F|
|poke|p1|Suicune|
|poke|p1|Muk-Alola, M|
|poke|p2|Zoroark, M|
|poke|p2|Kommo-o, F|
|poke|p2|Kleavor, M|
|poke|p2|Cobalion|
|poke|p2|Thundurus, M|
|poke|p2|Pecharunt|
|teampreview
|
|t:|1779875947
|teamsize|p1|6
|teamsize|p2|6
|start
|switch|p1a: Suicune|Suicune|100/100
|switch|p2a: Pecharunt|Pecharunt|100/100
|-ability|p1a: Suicune|Pressure
|turn|1
|
|t:|1779875971
|switch|p2a: Thundurus|Thundurus, M|100/100
|move|p1a: Suicune|Scald|p2a: Thundurus
|-damage|p2a: Thundurus|65/100
|-status|p2a: Thundurus|brn
|
|-damage|p2a: Thundurus|59/100 brn|[from] brn
|upkeep
|turn|2
|
|t:|1779875980
|switch|p1a: लसलस|Goodra, F|100/100
|move|p2a: Thundurus|Thunder Wave|p1a: लसलस
|-status|p1a: लसलस|par
|
|-damage|p2a: Thundurus|53/100 brn|[from] brn
|upkeep
|turn|3
|
|t:|1779875991
|switch|p2a: Cobalion|Cobalion, shiny|100/100
|move|p1a: लसलस|Rain Dance|p1a: लसलस
|-weather|RainDance
|
|-weather|RainDance|[upkeep]
|-activate|p1a: लसलस|ability: Hydration
|-curestatus|p1a: लसलस|par|[msg]
|upkeep
|turn|4
|
|t:|1779875998
|switch|p1a: बिलाई मौसी|Espeon, F|100/100
|move|p2a: Cobalion|Swords Dance|p2a: Cobalion
|-boost|p2a: Cobalion|atk|2
|
|-weather|RainDance|[upkeep]
|upkeep
|turn|5
|
|t:|1779876003
|switch|p1a: लाठ साहब|Weezing-Galar, M, shiny|100/100
|move|p2a: Cobalion|Iron Head|p1a: लाठ साहब
|-supereffective|p1a: लाठ साहब
|-crit|p1a: लाठ साहब
|-damage|p1a: लाठ साहब|0 fnt
|-damage|p2a: Cobalion|84/100|[from] item: Rocky Helmet|[of] p1a: लाठ साहब
|faint|p1a: लाठ साहब
|
|-weather|RainDance|[upkeep]
|upkeep
|
|t:|1779876008
|switch|p1a: दील दो 💖|Orthworm, F|100/100
|turn|6
|
|t:|1779876010
|move|p2a: Cobalion|Sacred Sword|p1a: दील दो 💖
|-supereffective|p1a: दील दो 💖
|-damage|p1a: दील दो 💖|42/100
|move|p1a: दील दो 💖|Iron Defense|p1a: दील दो 💖
|-boost|p1a: दील दो 💖|def|2
|
|-weather|RainDance|[upkeep]
|-heal|p1a: दील दो 💖|48/100|[from] item: Leftovers
|upkeep
|turn|7
|
|t:|1779876016
|move|p2a: Cobalion|Sacred Sword|p1a: दील दो 💖
|-supereffective|p1a: दील दो 💖
|-damage|p1a: दील दो 💖|0 fnt
|faint|p1a: दील दो 💖
|
|-weather|RainDance|[upkeep]
|upkeep
|-message|baakrisht forfeited.
|
|win|fuatchable
|raw|baakrisht's rating: 1216 &rarr; <strong>1193</strong><br />(-23 for losing)
|raw|fuatchable's rating: 1238 &rarr; <strong>1261</strong><br />(+23 for winning)
|l|☆baakrisht
|player|p1|
|l|☆fuatchable
|player|p2|
