|j|☆chico wilson
|j|☆redsnow0
|t:|1779957467
|gametype|singles
|player|p1|chico wilson|101|1426
|player|p2|redsnow0|266|1493
|gen|9
|tier|[Gen 9] OU
|rated|
|rule|HP Percentage Mod: HP is shown in percentages
|rule|Endless Battle Clause: Forcing endless battles is banned
|rule|Species Clause: Limit one of each Pokémon
|rule|OHKO Clause: OHKO moves are banned
|rule|Evasion Items Clause: Evasion items are banned
|rule|Evasion Moves Clause: Evasion moves are banned
|rule|Evasion Abilities Clause: Evasion abilities are banned
|rule|Sleep Moves Clause: Sleep-inducing moves are banned
|clearpoke
|poke|p1|Dragapult, F|
|poke|p1|Heatran, F|
|poke|p1|Landorus-Therian, M|
|poke|p1|Alomomola, F|
|poke|p1|Hawlucha, F|
|poke|p1|Okidogi, M|
|poke|p2|Okidogi, M|
|poke|p2|Cinderace, F|
|poke|p2|Zapdos|
|poke|p2|Hydrapple, F|
|poke|p2|Ogerpon-Wellspring, F|
|poke|p2|Iron Valiant|
|teampreview
|
|t:|1779957509
|teamsize|p1|6
|teamsize|p2|6
|start
|switch|p1a: Okidogi|Okidogi, M|100/100
|switch|p2a: Cinderace|Cinderace, F|100/100
|turn|1
|
|t:|1779957516
|switch|p1a: Heatran|Heatran, F|100/100
|move|p2a: Cinderace|Pyro Ball|p1a: Heatran
|-start|p1a: Heatran|ability: Flash Fire
|
|upkeep
|turn|2
|
|t:|1779957523
|-end|p1a: Heatran|ability: Flash Fire|[silent]
|switch|p1a: Landorus|Landorus-Therian, M|100/100
|-ability|p1a: Landorus|Intimidate|boost
|-unboost|p2a: Cinderace|atk|1
|move|p2a: Cinderace|U-turn|p1a: Landorus
|-start|p2a: Cinderace|typechange|Bug|[from] ability: Libero
|-resisted|p1a: Landorus
|-damage|p1a: Landorus|90/100
|
|t:|1779957539
|switch|p2a: Ogerpon|Ogerpon-Wellspring, F|100/100|[from] U-turn
|
|upkeep
|turn|3
|
|t:|1779957549
|move|p1a: Landorus|U-turn|p2a: Ogerpon
|-supereffective|p2a: Ogerpon
|-damage|p2a: Ogerpon|30/100
|
|t:|1779957551
|switch|p1a: Hawlucha|Hawlucha, F|100/100|[from] U-turn
|-ability|p1a: Hawlucha|Mold Breaker
|move|p2a: Ogerpon|Ivy Cudgel|p1a: Hawlucha|[anim] Ivy Cudgel Water
|-damage|p1a: Hawlucha|55/100
|
|upkeep
|turn|4
|
|t:|1779957557
|switch|p2a: Zapdos|Zapdos|100/100
|move|p1a: Hawlucha|U-turn|p2a: Zapdos
|-resisted|p2a: Zapdos
|-damage|p2a: Zapdos|95/100
|
|t:|1779957564
|switch|p1a: Dragapult|Dragapult, F|100/100|[from] U-turn
|
|upkeep
|turn|5
|
|t:|1779957570
|move|p1a: Dragapult|Draco Meteor|p2a: Zapdos
|-damage|p2a: Zapdos|6/100
|-unboost|p1a: Dragapult|spa|2
|move|p2a: Zapdos|Roost|p2a: Zapdos
|-heal|p2a: Zapdos|56/100
|-singleturn|p2a: Zapdos|move: Roost
|
|upkeep
|turn|6
|
|t:|1779957578
|move|p1a: Dragapult|Draco Meteor|p2a: Zapdos
|-damage|p2a: Zapdos|16/100
|-unboost|p1a: Dragapult|spa|2
|move|p2a: Zapdos|Roost|p2a: Zapdos
|-heal|p2a: Zapdos|67/100
|-singleturn|p2a: Zapdos|move: Roost
|
|upkeep
|turn|7
|
|t:|1779957590
|switch|p1a: Okidogi|Okidogi, M|100/100
|move|p2a: Zapdos|Roost|p2a: Zapdos
|-heal|p2a: Zapdos|100/100
|-singleturn|p2a: Zapdos|move: Roost
|
|upkeep
|turn|8
|
|t:|1779957597
|move|p2a: Zapdos|Hurricane|p1a: Okidogi|[miss]
|-miss|p2a: Zapdos|p1a: Okidogi
|move|p1a: Okidogi|Knock Off|p2a: Zapdos
|-damage|p2a: Zapdos|76/100
|-status|p2a: Zapdos|tox|[from] ability: Toxic Chain|[of] p1a: Okidogi
|-enditem|p2a: Zapdos|Heavy-Duty Boots|[from] move: Knock Off|[of] p1a: Okidogi
|
|-damage|p2a: Zapdos|70/100 tox|[from] psn
|upkeep
|turn|9
|
|t:|1779957610
|switch|p1a: Heatran|Heatran, F|100/100
|move|p2a: Zapdos|Hurricane|p1a: Heatran
|-resisted|p1a: Heatran
|-damage|p1a: Heatran|87/100
|
|-heal|p1a: Heatran|93/100|[from] item: Leftovers
|-damage|p2a: Zapdos|58/100 tox|[from] psn
|upkeep
|turn|10
|
|t:|1779957618
|move|p2a: Zapdos|Volt Switch|p1a: Heatran
|-damage|p1a: Heatran|74/100
|
|t:|1779957629
|switch|p2a: Cinderace|Cinderace, F|100/100|[from] Volt Switch
|move|p1a: Heatran|Substitute|p1a: Heatran
|-start|p1a: Heatran|Substitute
|-damage|p1a: Heatran|49/100
|
|-heal|p1a: Heatran|55/100|[from] item: Leftovers
|upkeep
|turn|11
|
|t:|1779957646
|move|p2a: Cinderace|U-turn|p1a: Heatran
|-start|p2a: Cinderace|typechange|Bug|[from] ability: Libero
|-resisted|p1a: Heatran
|-activate|p1a: Heatran|move: Substitute|[damage]
|
|t:|1779957651
|switch|p2a: Hydrapple|Hydrapple, F|100/100|[from] U-turn
|move|p1a: Heatran|Lava Plume|p2a: Hydrapple
|-damage|p2a: Hydrapple|69/100
|
|-heal|p1a: Heatran|61/100|[from] item: Leftovers
|upkeep
|turn|12
|
|t:|1779957658
|move|p1a: Heatran|Lava Plume|p2a: Hydrapple
|-damage|p2a: Hydrapple|39/100
|move|p2a: Hydrapple|Earth Power|p1a: Heatran
|-supereffective|p1a: Heatran
|-end|p1a: Heatran|Substitute
|
|-heal|p1a: Heatran|67/100|[from] item: Leftovers
|upkeep
|turn|13
|
|t:|1779957670
|switch|p1a: Hawlucha|Hawlucha, F|55/100
|-ability|p1a: Hawlucha|Mold Breaker
|move|p2a: Hydrapple|Earth Power|p1a: Hawlucha
|-immune|p1a: Hawlucha
|
|upkeep
|turn|14
|
|t:|1779957673
|switch|p2a: Zapdos|Zapdos|58/100 tox
|move|p1a: Hawlucha|Encore||[still]
|-fail|p1a: Hawlucha
|
|-damage|p2a: Zapdos|52/100 tox|[from] psn
|upkeep
|turn|15
|
|t:|1779957684
|switch|p1a: Heatran|Heatran, F|67/100
|move|p2a: Zapdos|Roost|p2a: Zapdos
|-heal|p2a: Zapdos|100/100 tox
|-singleturn|p2a: Zapdos|move: Roost
|
|-heal|p1a: Heatran|74/100|[from] item: Leftovers
|-damage|p2a: Zapdos|88/100 tox|[from] psn
|upkeep
|turn|16
|
|t:|1779957690
|move|p2a: Zapdos|Volt Switch|p1a: Heatran
|-damage|p1a: Heatran|55/100
|
|t:|1779957704
|switch|p2a: Hydrapple|Hydrapple, F|72/100|[from] Volt Switch
|move|p1a: Heatran|Lava Plume|p2a: Hydrapple
|-damage|p2a: Hydrapple|40/100
|
|-heal|p1a: Heatran|61/100|[from] item: Leftovers
|upkeep
|turn|17
|
|t:|1779957716
|switch|p1a: Landorus|Landorus-Therian, M|90/100
|-ability|p1a: Landorus|Intimidate|boost
|-unboost|p2a: Hydrapple|atk|1
|switch|p2a: Okidogi|Okidogi, M|100/100
|
|upkeep
|turn|18
|
|t:|1779957727
|switch|p2a: Hydrapple|Hydrapple, F|74/100
|move|p1a: Landorus|U-turn|p2a: Hydrapple
|-supereffective|p2a: Hydrapple
|-damage|p2a: Hydrapple|37/100
|
|t:|1779957734
|switch|p1a: Hawlucha|Hawlucha, F|55/100|[from] U-turn
|-ability|p1a: Hawlucha|Mold Breaker
|
|upkeep
|turn|19
|
|t:|1779957740
|switch|p2a: Zapdos|Zapdos|88/100 tox
|move|p1a: Hawlucha|Roost|p1a: Hawlucha
|-heal|p1a: Hawlucha|100/100
|-singleturn|p1a: Hawlucha|move: Roost
|
|-damage|p2a: Zapdos|82/100 tox|[from] psn
|upkeep
|turn|20
|
|t:|1779957749
|switch|p1a: Landorus|Landorus-Therian, M|90/100
|-ability|p1a: Landorus|Intimidate|boost
|-unboost|p2a: Zapdos|atk|1
|move|p2a: Zapdos|Hurricane|p1a: Landorus
|-damage|p1a: Landorus|28/100
|
|-damage|p2a: Zapdos|70/100 tox|[from] psn
|upkeep
|turn|21
|
|t:|1779957767
|move|p1a: Landorus|Rock Slide|p2a: Zapdos|[miss]
|-miss|p1a: Landorus|p2a: Zapdos
|move|p2a: Zapdos|Hurricane|p1a: Landorus
|-damage|p1a: Landorus|0 fnt
|faint|p1a: Landorus
|
|-damage|p2a: Zapdos|52/100 tox|[from] psn
|upkeep
|
|t:|1779957774
|switch|p1a: Dragapult|Dragapult, F|100/100
|turn|22
|
|t:|1779957787
|switch|p2a: Okidogi|Okidogi, M|100/100
|move|p1a: Dragapult|Shadow Ball|p2a: Okidogi
|-damage|p2a: Okidogi|62/100
|
|upkeep
|turn|23
|
|t:|1779957859
|switch|p1a: Hawlucha|Hawlucha, F|100/100
|-ability|p1a: Hawlucha|Mold Breaker
|move|p2a: Okidogi|High Horsepower|p1a: Hawlucha
|-immune|p1a: Hawlucha
|
|upkeep
|turn|24
|
|t:|1779957868
|switch|p2a: Zapdos|Zapdos|52/100 tox
|move|p1a: Hawlucha|Encore||[still]
|-fail|p1a: Hawlucha
|
|-damage|p2a: Zapdos|46/100 tox|[from] psn
|upkeep
|turn|25
|
|t:|1779957872
|switch|p1a: Okidogi|Okidogi, M|100/100
|move|p2a: Zapdos|Roost|p2a: Zapdos
|-heal|p2a: Zapdos|97/100 tox
|-singleturn|p2a: Zapdos|move: Roost
|
|-damage|p2a: Zapdos|85/100 tox|[from] psn
|upkeep
|turn|26
|
|t:|1779957878
|move|p2a: Zapdos|Hurricane|p1a: Okidogi
|-supereffective|p1a: Okidogi
|-damage|p1a: Okidogi|38/100
|move|p1a: Okidogi|Poison Jab|p2a: Zapdos
|-damage|p2a: Zapdos|54/100 tox
|-status|p1a: Okidogi|par|[from] ability: Static|[of] p2a: Zapdos
|
|-damage|p2a: Zapdos|36/100 tox|[from] psn
|upkeep
|turn|27
|
|t:|1779957886
|move|p2a: Zapdos|Roost|p2a: Zapdos
|-heal|p2a: Zapdos|86/100 tox
|-singleturn|p2a: Zapdos|move: Roost
|move|p1a: Okidogi|Drain Punch|p2a: Zapdos
|-damage|p2a: Zapdos|54/100 tox
|-heal|p1a: Okidogi|55/100 par|[from] drain|[of] p2a: Zapdos
|
|-damage|p2a: Zapdos|30/100 tox|[from] psn
|upkeep
|turn|28
|
|t:|1779957892
|move|p2a: Zapdos|Hurricane|p1a: Okidogi|[miss]
|-miss|p2a: Zapdos|p1a: Okidogi
|move|p1a: Okidogi|Drain Punch|p2a: Zapdos
|-resisted|p2a: Zapdos
|-damage|p2a: Zapdos|13/100 tox
|-heal|p1a: Okidogi|63/100 par|[from] drain|[of] p2a: Zapdos
|
|-damage|p2a: Zapdos|0 fnt|[from] psn
|faint|p2a: Zapdos
|upkeep
|
|t:|1779957904
|switch|p2a: Okidogi|Okidogi, M|62/100
|turn|29
|
|t:|1779957908
|move|p2a: Okidogi|Knock Off|p1a: Okidogi
|-resisted|p1a: Okidogi
|-damage|p1a: Okidogi|48/100 par
|-enditem|p1a: Okidogi|Assault Vest|[from] move: Knock Off|[of] p2a: Okidogi
|move|p1a: Okidogi|Knock Off|p2a: Okidogi
|-resisted|p2a: Okidogi
|-damage|p2a: Okidogi|48/100
|-enditem|p2a: Okidogi|Assault Vest|[from] move: Knock Off|[of] p1a: Okidogi
|
|upkeep
|turn|30
|
|t:|1779957917
|switch|p1a: Hawlucha|Hawlucha, F|100/100
|-ability|p1a: Hawlucha|Mold Breaker
|move|p2a: Okidogi|High Horsepower|p1a: Hawlucha
|-immune|p1a: Hawlucha
|
|upkeep
|turn|31
|
|t:|1779957923
|move|p1a: Hawlucha|U-turn|p2a: Okidogi
|-resisted|p2a: Okidogi
|-damage|p2a: Okidogi|45/100
|
|t:|1779957926
|switch|p1a: Okidogi|Okidogi, M|48/100 par|[from] U-turn
|move|p2a: Okidogi|Gunk Shot|p1a: Okidogi
|-resisted|p1a: Okidogi
|-damage|p1a: Okidogi|22/100 par
|
|upkeep
|turn|32
|
|t:|1779957934
|move|p2a: Okidogi|Gunk Shot|p1a: Okidogi
|-resisted|p1a: Okidogi
|-damage|p1a: Okidogi|0 fnt
|faint|p1a: Okidogi
|
|upkeep
|
|t:|1779957937
|switch|p1a: Dragapult|Dragapult, F|100/100
|turn|33
|
|t:|1779957951
|-terastallize|p1a: Dragapult|Ghost
|move|p1a: Dragapult|Shadow Ball|p2a: Okidogi
|-damage|p2a: Okidogi|0 fnt
|faint|p2a: Okidogi
|
|upkeep
|
|t:|1779957976
|switch|p2a: Iron Valiant|Iron Valiant|100/100
|turn|34
|
|t:|1779958051
|switch|p1a: Heatran|Heatran, F|61/100
|move|p2a: Iron Valiant|Shadow Ball|p1a: Heatran
|-damage|p1a: Heatran|43/100
|-unboost|p1a: Heatran|spd|1
|
|-heal|p1a: Heatran|49/100|[from] item: Leftovers
|upkeep
|turn|35
|
|t:|1779958064
|move|p2a: Iron Valiant|Vacuum Wave|p1a: Heatran
|-supereffective|p1a: Heatran
|-damage|p1a: Heatran|12/100
|move|p1a: Heatran|Flash Cannon|p2a: Iron Valiant
|-supereffective|p2a: Iron Valiant
|-damage|p2a: Iron Valiant|24/100
|
|-heal|p1a: Heatran|18/100|[from] item: Leftovers
|upkeep
|turn|36
|
|t:|1779958074
|switch|p1a: Alomomola|Alomomola, F|100/100
|move|p2a: Iron Valiant|Shadow Ball|p1a: Alomomola
|-damage|p1a: Alomomola|88/100
|
|upkeep
|turn|37
|
|t:|1779958085
|-end|p2a: Iron Valiant|Quark Drive|[silent]
|switch|p2a: Ogerpon|Ogerpon-Wellspring, F|30/100
|move|p1a: Alomomola|Flip Turn|p2a: Ogerpon
|-heal|p2a: Ogerpon|55/100|[from] ability: Water Absorb|[of] p1a: Alomomola
|
|upkeep
|turn|38
|
|t:|1779958101
|switch|p1a: Hawlucha|Hawlucha, F|100/100
|-ability|p1a: Hawlucha|Mold Breaker
|move|p2a: Ogerpon|Knock Off|p1a: Hawlucha
|-resisted|p1a: Hawlucha
|-damage|p1a: Hawlucha|84/100
|-enditem|p1a: Hawlucha|Heavy-Duty Boots|[from] move: Knock Off|[of] p2a: Ogerpon
|
|upkeep
|turn|39
|
|t:|1779958124
|switch|p2a: Cinderace|Cinderace, F|100/100
|move|p1a: Hawlucha|U-turn|p2a: Cinderace
|-resisted|p2a: Cinderace
|-damage|p2a: Cinderace|91/100
|
|t:|1779958146
|switch|p1a: Dragapult|Dragapult, F, tera:Ghost|100/100|[from] U-turn
|
|upkeep
|turn|40
|
|t:|1779958156
|move|p2a: Cinderace|Sucker Punch|p1a: Dragapult
|-start|p2a: Cinderace|typechange|Dark|[from] ability: Libero
|-supereffective|p1a: Dragapult
|-damage|p1a: Dragapult|26/100
|move|p1a: Dragapult|Shadow Ball|p2a: Cinderace
|-resisted|p2a: Cinderace
|-damage|p2a: Cinderace|47/100
|
|upkeep
|turn|41
|
|t:|1779958168
|switch|p1a: Hawlucha|Hawlucha, F|84/100
|-ability|p1a: Hawlucha|Mold Breaker
|move|p2a: Cinderace|U-turn|p1a: Hawlucha
|-resisted|p1a: Hawlucha
|-damage|p1a: Hawlucha|79/100
|
|t:|1779958241
|switch|p2a: Ogerpon|Ogerpon-Wellspring, F|55/100|[from] U-turn
|
|upkeep
|turn|42
|
|t:|1779958264
|move|p2a: Ogerpon|Ivy Cudgel|p1a: Hawlucha|[anim] Ivy Cudgel Water
|-damage|p1a: Hawlucha|29/100
|move|p1a: Hawlucha|U-turn|p2a: Ogerpon
|-supereffective|p2a: Ogerpon
|-damage|p2a: Ogerpon|15/100
|
|t:|1779958269
|switch|p1a: Dragapult|Dragapult, F, tera:Ghost|26/100|[from] U-turn
|
|upkeep
|turn|43
|
|t:|1779958294
|move|p1a: Dragapult|Shadow Ball|p2a: Ogerpon
|-crit|p2a: Ogerpon
|-damage|p2a: Ogerpon|0 fnt
|faint|p2a: Ogerpon
|
|upkeep
|inactive|Battle timer is ON: inactive players will automatically lose when time's up. (requested by chico wilson)
|inactive|redsnow0 has 120 seconds left.
|
|t:|1779958378
|switch|p2a: Iron Valiant|Iron Valiant|24/100
|turn|44
|
|t:|1779958384
|move|p1a: Dragapult|Shadow Ball|p2a: Iron Valiant
|-damage|p2a: Iron Valiant|0 fnt
|faint|p2a: Iron Valiant
|-end|p2a: Iron Valiant|Quark Drive|[silent]
|
|upkeep
|inactive|redsnow0 has 120 seconds left.
|
|t:|1779958417
|switch|p2a: Hydrapple|Hydrapple, F|70/100
|turn|45
|inactive|redsnow0 has 120 seconds left.
|
|t:|1779958433
|move|p1a: Dragapult|Shadow Ball|p2a: Hydrapple
|-damage|p2a: Hydrapple|2/100
|move|p2a: Hydrapple|Giga Drain|p1a: Dragapult
|-damage|p1a: Dragapult|0 fnt
|-heal|p2a: Hydrapple|12/100|[from] drain|[of] p1a: Dragapult
|faint|p1a: Dragapult
|
|upkeep
|
|t:|1779958443
|switch|p1a: Hawlucha|Hawlucha, F|29/100
|-ability|p1a: Hawlucha|Mold Breaker
|turn|46
|
|t:|1779958450
|move|p1a: Hawlucha|U-turn|p2a: Hydrapple
|-supereffective|p2a: Hydrapple
|-damage|p2a: Hydrapple|0 fnt
|faint|p2a: Hydrapple
|
|t:|1779958457
|switch|p1a: Alomomola|Alomomola, F|100/100|[from] U-turn
|
|upkeep
|
|t:|1779958460
|switch|p2a: Cinderace|Cinderace, F|47/100
|turn|47
|
|t:|1779958467
|move|p1a: Alomomola|Aqua Jet|p2a: Cinderace
|-supereffective|p2a: Cinderace
|-damage|p2a: Cinderace|20/100
|move|p2a: Cinderace|Pyro Ball|p1a: Alomomola
|-resisted|p1a: Alomomola
|-damage|p1a: Alomomola|81/100
|
|upkeep
|turn|48
|
|t:|1779958474
|-terastallize|p2a: Cinderace|Fire
|move|p2a: Cinderace|Pyro Ball|p1a: Alomomola
|-resisted|p1a: Alomomola
|-damage|p1a: Alomomola|56/100
|move|p1a: Alomomola|Scald|p2a: Cinderace
|-supereffective|p2a: Cinderace
|-crit|p2a: Cinderace
|-damage|p2a: Cinderace|0 fnt
|faint|p2a: Cinderace
|
|win|chico wilson
|raw|chico wilson's rating: 1426 &rarr; <strong>1450</strong><br />(+24 for winning)
|raw|redsnow0's rating: 1493 &rarr; <strong>1469</strong><br />(-24 for losing)
|l|☆redsnow0
|player|p2|
|l|☆chico wilson
|player|p1|
