|j|‽Lano Del Rey2
|j|☆bluids
|t:|1779865575
|gametype|singles
|player|p1|Lano Del Rey2|swimmer-gen4dp|1385
|player|p2|bluids|harlequin|1360
|gen|9
|tier|[Gen 9] OU
|rated|
|rule|HP Percentage Mod: HP is shown in percentages
|rule|Endless Battle Clause: Forcing endless battles is banned
|rule|Species Clause: Limit one of each Pokémon
|rule|OHKO Clause: OHKO moves are banned
|rule|Evasion Items Clause: Evasion items are banned
|rule|Evasion Moves Clause: Evasion moves are banned
|rule|Evasion Abilities Clause: Evasion abilities are banned
|rule|Sleep Moves Clause: Sleep-inducing moves are banned
|clearpoke
|poke|p1|Clefable, F|
|poke|p1|Araquanid, F|
|poke|p1|Glimmora, F|
|poke|p1|Dragonite, M|
|poke|p1|Skarmory, M|
|poke|p1|Sinistcha-Masterpiece|
|poke|p2|Iron Moth|
|poke|p2|Slither Wing|
|poke|p2|Torkoal, M|
|poke|p2|Walking Wake|
|poke|p2|Great Tusk|
|poke|p2|Hatterene, F|
|teampreview
|inactive|Battle timer is ON: inactive players will automatically lose when time's up. (requested by Lano Del Rey2)
|
|t:|1779865594
|teamsize|p1|6
|teamsize|p2|6
|start
|switch|p1a: Araquanid|Araquanid, F|100/100
|switch|p2a: Tauros Demon|Great Tusk|100/100
|turn|1
|
|t:|1779865600
|-end|p2a: Tauros Demon|Protosynthesis|[silent]
|switch|p2a: Priscilla|Hatterene, F|100/100
|move|p1a: Araquanid|Liquidation|p2a: Priscilla
|-damage|p2a: Priscilla|66/100
|-enditem|p2a: Priscilla|Eject Button
|
|t:|1779865605
|switch|p2a: Solaire|Torkoal, M|100/100
|-weather|SunnyDay|[from] ability: Drought|[of] p2a: Solaire
|
|-weather|SunnyDay|[upkeep]
|upkeep
|turn|2
|
|t:|1779865610
|switch|p2a: Priscilla|Hatterene, F|66/100
|move|p1a: Araquanid|Liquidation|p2a: Priscilla
|-damage|p2a: Priscilla|46/100
|
|-weather|SunnyDay|[upkeep]
|upkeep
|turn|3
|
|t:|1779865618
|move|p1a: Araquanid|Lunge|p2a: Priscilla
|-damage|p2a: Priscilla|28/100
|-unboost|p2a: Priscilla|atk|1
|move|p2a: Priscilla|Nuzzle|p1a: Araquanid
|-supereffective|p1a: Araquanid
|-damage|p1a: Araquanid|95/100
|-status|p1a: Araquanid|par
|
|-weather|SunnyDay|[upkeep]
|-heal|p1a: Araquanid|100/100 par|[from] item: Leftovers
|upkeep
|turn|4
|
|t:|1779865628
|move|p2a: Priscilla|Psychic Noise|p1a: Araquanid
|-damage|p1a: Araquanid|78/100 par
|-start|p1a: Araquanid|move: Heal Block
|move|p1a: Araquanid|Liquidation|p2a: Priscilla
|-damage|p2a: Priscilla|11/100
|
|-weather|SunnyDay|[upkeep]
|upkeep
|turn|5
|
|t:|1779865636
|move|p2a: Priscilla|Healing Wish|p2a: Priscilla
|faint|p2a: Priscilla
|move|p1a: Araquanid|Liquidation|p2: Priscilla|[notarget]
|-fail|p1a: Araquanid
|
|-weather|SunnyDay|[upkeep]
|-end|p1a: Araquanid|move: Heal Block
|upkeep
|
|t:|1779865650
|switch|p2a: Bed of Chaos|Slither Wing|100/100
|-activate|p2a: Bed of Chaos|ability: Protosynthesis
|-start|p2a: Bed of Chaos|protosynthesisatk
|turn|6
|
|t:|1779865660
|move|p2a: Bed of Chaos|U-turn|p1a: Araquanid
|-damage|p1a: Araquanid|0 fnt
|faint|p1a: Araquanid
|
|t:|1779865663
|-end|p2a: Bed of Chaos|Protosynthesis|[silent]
|switch|p2a: Tauros Demon|Great Tusk|100/100|[from] U-turn
|-activate|p2a: Tauros Demon|ability: Protosynthesis
|-start|p2a: Tauros Demon|protosynthesisatk
|
|-weather|SunnyDay|[upkeep]
|upkeep
|
|t:|1779865672
|switch|p1a: Sinistcha|Sinistcha-Masterpiece, shiny|100/100
|turn|7
|inactive|bluids has 120 seconds left.
|
|t:|1779865708
|-end|p2a: Tauros Demon|Protosynthesis|[silent]
|switch|p2a: Quelaag|Iron Moth|100/100
|-enditem|p2a: Quelaag|Booster Energy
|-activate|p2a: Quelaag|ability: Quark Drive|[fromitem]
|-start|p2a: Quelaag|quarkdrivespe
|move|p1a: Sinistcha|Strength Sap|p2a: Quelaag
|-unboost|p2a: Quelaag|atk|1
|
|-weather|SunnyDay|[upkeep]
|upkeep
|turn|8
|
|t:|1779865727
|move|p2a: Quelaag|Fiery Dance|p1a: Sinistcha
|-supereffective|p1a: Sinistcha
|-damage|p1a: Sinistcha|25/100
|-boost|p2a: Quelaag|spa|1
|move|p1a: Sinistcha|Shadow Ball|p2a: Quelaag
|-damage|p2a: Quelaag|68/100
|
|-weather|none
|-heal|p1a: Sinistcha|31/100|[from] item: Leftovers
|upkeep
|turn|9
|
|t:|1779865738
|switch|p1a: Glimmora|Glimmora, F, shiny|100/100
|move|p2a: Quelaag|Fiery Dance|p1a: Glimmora
|-resisted|p1a: Glimmora
|-damage|p1a: Glimmora|68/100
|
|-heal|p1a: Glimmora|74/100|[from] item: Leftovers
|upkeep
|turn|10
|
|t:|1779865755
|-terastallize|p2a: Quelaag|Grass
|move|p2a: Quelaag|Solar Beam||[still]
|-prepare|p2a: Quelaag|Solar Beam
|move|p1a: Glimmora|Earth Power|p2a: Quelaag
|-resisted|p2a: Quelaag
|-damage|p2a: Quelaag|50/100
|
|-heal|p1a: Glimmora|80/100|[from] item: Leftovers
|upkeep
|turn|11
|
|t:|1779865764
|move|p2a: Quelaag|Solar Beam|p1a: Glimmora|[from] lockedmove
|-damage|p1a: Glimmora|0 fnt
|faint|p1a: Glimmora
|
|upkeep
|
|t:|1779865776
|switch|p1a: Dragonite|Dragonite, M|100/100
|turn|12
|
|t:|1779865782
|move|p2a: Quelaag|Fiery Dance|p1a: Dragonite
|-resisted|p1a: Dragonite
|-damage|p1a: Dragonite|87/100
|move|p1a: Dragonite|Ice Punch|p2a: Quelaag
|-supereffective|p2a: Quelaag
|-damage|p2a: Quelaag|0 fnt
|faint|p2a: Quelaag
|-end|p2a: Quelaag|Quark Drive|[silent]
|
|upkeep
|
|t:|1779865796
|switch|p2a: Seath|Walking Wake|100/100
|turn|13
|
|t:|1779865800
|switch|p1a: Clefable|Clefable, F, shiny|100/100
|move|p2a: Seath|Dragon Pulse|p1a: Clefable
|-immune|p1a: Clefable
|
|upkeep
|turn|14
|
|t:|1779865807
|-end|p2a: Seath|Protosynthesis|[silent]
|switch|p2a: Solaire|Torkoal, M|100/100
|-weather|SunnyDay|[from] ability: Drought|[of] p2a: Solaire
|move|p1a: Clefable|Calm Mind|p1a: Clefable
|-boost|p1a: Clefable|spa|1
|-boost|p1a: Clefable|spd|1
|
|-weather|SunnyDay|[upkeep]
|upkeep
|turn|15
|
|t:|1779865826
|move|p1a: Clefable|Moonblast|p2a: Solaire
|-resisted|p2a: Solaire
|-damage|p2a: Solaire|67/100
|-unboost|p2a: Solaire|spa|1
|move|p2a: Solaire|Lava Plume|p1a: Clefable
|-damage|p1a: Clefable|86/100
|
|-weather|SunnyDay|[upkeep]
|upkeep
|turn|16
|
|t:|1779865834
|move|p1a: Clefable|Calm Mind|p1a: Clefable
|-boost|p1a: Clefable|spa|1
|-boost|p1a: Clefable|spd|1
|move|p2a: Solaire|Stealth Rock|p1a: Clefable
|-sidestart|p1: Lano Del Rey2|move: Stealth Rock
|
|-weather|SunnyDay|[upkeep]
|upkeep
|turn|17
|
|t:|1779865842
|switch|p2a: Bed of Chaos|Slither Wing|100/100
|-activate|p2a: Bed of Chaos|ability: Protosynthesis
|-start|p2a: Bed of Chaos|protosynthesisatk
|move|p1a: Clefable|Moonblast|p2a: Bed of Chaos
|-supereffective|p2a: Bed of Chaos
|-damage|p2a: Bed of Chaos|0 fnt
|faint|p2a: Bed of Chaos
|-end|p2a: Bed of Chaos|Protosynthesis|[silent]
|
|-weather|SunnyDay|[upkeep]
|upkeep
|
|t:|1779865858
|switch|p2a: Tauros Demon|Great Tusk|100/100
|-activate|p2a: Tauros Demon|ability: Protosynthesis
|-start|p2a: Tauros Demon|protosynthesisatk
|turn|18
|
|t:|1779865869
|move|p2a: Tauros Demon|Headlong Rush|p1a: Clefable
|-damage|p1a: Clefable|18/100
|-unboost|p2a: Tauros Demon|def|1
|-unboost|p2a: Tauros Demon|spd|1
|move|p1a: Clefable|Moonlight|p1a: Clefable
|-heal|p1a: Clefable|85/100
|
|-weather|SunnyDay|[upkeep]
|upkeep
|turn|19
|
|t:|1779865881
|move|p2a: Tauros Demon|Headlong Rush|p1a: Clefable
|-damage|p1a: Clefable|17/100
|-unboost|p2a: Tauros Demon|def|1
|-unboost|p2a: Tauros Demon|spd|1
|move|p1a: Clefable|Moonlight|p1a: Clefable
|-heal|p1a: Clefable|83/100
|
|-weather|SunnyDay|[upkeep]
|upkeep
|turn|20
|
|t:|1779865890
|move|p2a: Tauros Demon|Headlong Rush|p1a: Clefable
|-damage|p1a: Clefable|3/100
|-unboost|p2a: Tauros Demon|def|1
|-unboost|p2a: Tauros Demon|spd|1
|move|p1a: Clefable|Moonlight|p1a: Clefable
|-heal|p1a: Clefable|70/100
|
|-weather|SunnyDay|[upkeep]
|upkeep
|turn|21
|
|t:|1779865898
|switch|p1a: Skarmory|Skarmory, M|100/100
|-damage|p1a: Skarmory|88/100|[from] Stealth Rock
|move|p2a: Tauros Demon|Headlong Rush|p1a: Skarmory
|-immune|p1a: Skarmory
|
|-weather|none
|-end|p2a: Tauros Demon|Protosynthesis
|upkeep
|turn|22
|
|t:|1779865907
|-end|p2a: Tauros Demon|Protosynthesis|[silent]
|switch|p2a: Solaire|Torkoal, M|67/100
|-heal|p2a: Solaire|100/100|[from] move: Healing Wish
|-weather|SunnyDay|[from] ability: Drought|[of] p2a: Solaire
|switch|p1a: Sinistcha|Sinistcha-Masterpiece, shiny|31/100
|-damage|p1a: Sinistcha|19/100|[from] Stealth Rock
|
|-weather|SunnyDay|[upkeep]
|-heal|p1a: Sinistcha|25/100|[from] item: Leftovers
|upkeep
|turn|23
|
|t:|1779865920
|move|p1a: Sinistcha|Strength Sap|p2a: Solaire
|-unboost|p2a: Solaire|atk|1
|-heal|p1a: Sinistcha|85/100
|move|p2a: Solaire|Lava Plume|p1a: Sinistcha
|-supereffective|p1a: Sinistcha
|-damage|p1a: Sinistcha|39/100
|
|-weather|SunnyDay|[upkeep]
|-heal|p1a: Sinistcha|45/100|[from] item: Leftovers
|upkeep
|turn|24
|
|t:|1779865938
|move|p1a: Sinistcha|Calm Mind|p1a: Sinistcha
|-boost|p1a: Sinistcha|spa|1
|-boost|p1a: Sinistcha|spd|1
|move|p2a: Solaire|Lava Plume|p1a: Sinistcha
|-supereffective|p1a: Sinistcha
|-damage|p1a: Sinistcha|13/100
|-status|p1a: Sinistcha|brn
|
|-weather|SunnyDay|[upkeep]
|-heal|p1a: Sinistcha|19/100 brn|[from] item: Leftovers
|-damage|p1a: Sinistcha|16/100 brn|[from] brn
|upkeep
|turn|25
|
|t:|1779865948
|switch|p2a: Seath|Walking Wake|100/100
|-activate|p2a: Seath|ability: Protosynthesis
|-start|p2a: Seath|protosynthesisspe
|move|p1a: Sinistcha|Strength Sap|p2a: Seath
|-unboost|p2a: Seath|atk|1
|-heal|p1a: Sinistcha|61/100 brn
|
|-weather|SunnyDay|[upkeep]
|-heal|p1a: Sinistcha|67/100 brn|[from] item: Leftovers
|-damage|p1a: Sinistcha|64/100 brn|[from] brn
|upkeep
|turn|26
|
|t:|1779865962
|move|p2a: Seath|Flamethrower|p1a: Sinistcha
|-supereffective|p1a: Sinistcha
|-damage|p1a: Sinistcha|8/100 brn
|move|p1a: Sinistcha|Giga Drain|p2a: Seath
|-damage|p2a: Seath|49/100
|-heal|p1a: Sinistcha|33/100 brn|[from] drain|[of] p2a: Seath
|
|-weather|SunnyDay|[upkeep]
|-heal|p1a: Sinistcha|40/100 brn|[from] item: Leftovers
|-damage|p1a: Sinistcha|37/100 brn|[from] brn
|upkeep
|turn|27
|
|t:|1779865973
|move|p2a: Seath|Flamethrower|p1a: Sinistcha
|-supereffective|p1a: Sinistcha
|-crit|p1a: Sinistcha
|-damage|p1a: Sinistcha|0 fnt
|faint|p1a: Sinistcha
|
|-weather|SunnyDay|[upkeep]
|upkeep
|
|t:|1779865979
|switch|p1a: Clefable|Clefable, F, shiny|70/100
|turn|28
|
|t:|1779865985
|-end|p2a: Seath|Protosynthesis|[silent]
|switch|p2a: Tauros Demon|Great Tusk|100/100
|-activate|p2a: Tauros Demon|ability: Protosynthesis
|-start|p2a: Tauros Demon|protosynthesisatk
|move|p1a: Clefable|Moonblast|p2a: Tauros Demon
|-supereffective|p2a: Tauros Demon
|-damage|p2a: Tauros Demon|1/100
|
|-weather|SunnyDay|[upkeep]
|upkeep
|turn|29
|
|t:|1779865994
|switch|p1a: Skarmory|Skarmory, M|88/100
|-damage|p1a: Skarmory|76/100|[from] Stealth Rock
|move|p2a: Tauros Demon|Headlong Rush|p1a: Skarmory
|-immune|p1a: Skarmory
|
|-weather|none
|-end|p2a: Tauros Demon|Protosynthesis
|upkeep
|turn|30
|
|t:|1779866003
|-end|p2a: Tauros Demon|Protosynthesis|[silent]
|switch|p2a: Solaire|Torkoal, M|100/100
|-weather|SunnyDay|[from] ability: Drought|[of] p2a: Solaire
|move|p1a: Skarmory|Stealth Rock|p2a: Solaire
|-sidestart|p2: bluids|move: Stealth Rock
|
|-weather|SunnyDay|[upkeep]
|upkeep
|turn|31
|
|t:|1779866012
|switch|p1a: Dragonite|Dragonite, M|87/100
|switch|p2a: Seath|Walking Wake|49/100
|-damage|p2a: Seath|37/100|[from] Stealth Rock
|-activate|p2a: Seath|ability: Protosynthesis
|-start|p2a: Seath|protosynthesisspe
|
|-weather|SunnyDay|[upkeep]
|upkeep
|turn|32
|
|t:|1779866024
|switch|p1a: Clefable|Clefable, F, shiny|70/100
|move|p2a: Seath|Hydro Steam|p1a: Clefable
|-damage|p1a: Clefable|0 fnt
|faint|p1a: Clefable
|
|-weather|SunnyDay|[upkeep]
|upkeep
|
|t:|1779866033
|switch|p1a: Dragonite|Dragonite, M|87/100
|turn|33
|
|t:|1779866036
|-end|p2a: Seath|Protosynthesis|[silent]
|switch|p2a: Tauros Demon|Great Tusk|1/100
|-damage|p2a: Tauros Demon|0 fnt|[from] Stealth Rock
|faint|p2a: Tauros Demon
|-end|p2a: Tauros Demon|Protosynthesis|[silent]
|move|p1a: Dragonite|Ice Punch|p2: Tauros Demon|[notarget]
|-fail|p1a: Dragonite
|
|-weather|SunnyDay|[upkeep]
|upkeep
|
|t:|1779866039
|switch|p2a: Seath|Walking Wake|37/100
|-damage|p2a: Seath|24/100|[from] Stealth Rock
|-activate|p2a: Seath|ability: Protosynthesis
|-start|p2a: Seath|protosynthesisspe
|turn|34
|
|t:|1779866055
|-terastallize|p1a: Dragonite|Fire
|move|p2a: Seath|Dragon Pulse|p1a: Dragonite
|-damage|p1a: Dragonite|25/100
|move|p1a: Dragonite|Roost|p1a: Dragonite
|-heal|p1a: Dragonite|75/100
|
|-weather|SunnyDay|[upkeep]
|upkeep
|turn|35
|
|t:|1779866063
|-end|p2a: Seath|Protosynthesis|[silent]
|switch|p2a: Solaire|Torkoal, M|100/100
|-damage|p2a: Solaire|75/100|[from] Stealth Rock
|move|p1a: Dragonite|Dragon Dance|p1a: Dragonite
|-boost|p1a: Dragonite|atk|1
|-boost|p1a: Dragonite|spe|1
|
|-weather|SunnyDay|[upkeep]
|upkeep
|turn|36
|
|t:|1779866073
|switch|p2a: Seath|Walking Wake|24/100
|-damage|p2a: Seath|12/100|[from] Stealth Rock
|-activate|p2a: Seath|ability: Protosynthesis
|-start|p2a: Seath|protosynthesisspe
|move|p1a: Dragonite|Dragon Dance|p1a: Dragonite
|-boost|p1a: Dragonite|atk|1
|-boost|p1a: Dragonite|spe|1
|
|-weather|SunnyDay|[upkeep]
|upkeep
|turn|37
|
|t:|1779866085
|move|p2a: Seath|Hydro Steam|p1a: Dragonite
|-supereffective|p1a: Dragonite
|-damage|p1a: Dragonite|0 fnt
|faint|p1a: Dragonite
|
|-weather|none
|-end|p2a: Seath|Protosynthesis
|upkeep
|
|t:|1779866090
|switch|p1a: Skarmory|Skarmory, M|76/100
|-damage|p1a: Skarmory|64/100|[from] Stealth Rock
|turn|38
|
|t:|1779866095
|move|p2a: Seath|Hydro Steam|p1a: Skarmory
|-damage|p1a: Skarmory|0 fnt
|faint|p1a: Skarmory
|
|win|bluids
|raw|Lano Del Rey2's rating: 1385 &rarr; <strong>1364</strong><br />(-21 for losing)
|raw|bluids's rating: 1360 &rarr; <strong>1381</strong><br />(+21 for winning)
|l|☆bluids
|player|p2|
|l|‽Lano Del Rey2
|player|p1|
