|j|☆Noah_bry
|j|☆dw junkie
|t:|1779805388
|gametype|singles
|player|p1|Noah_bry|1|1115
|player|p2|dw junkie|169|1108
|gen|9
|tier|[Gen 9] OU
|rated|
|rule|HP Percentage Mod: HP is shown in percentages
|rule|Endless Battle Clause: Forcing endless battles is banned
|rule|Species Clause: Limit one of each Pokémon
|rule|OHKO Clause: OHKO moves are banned
|rule|Evasion Items Clause: Evasion items are banned
|rule|Evasion Moves Clause: Evasion moves are banned
|rule|Evasion Abilities Clause: Evasion abilities are banned
|rule|Sleep Moves Clause: Sleep-inducing moves are banned
|clearpoke
|poke|p1|Iron Moth|
|poke|p1|Kingambit, M|
|poke|p1|Dragonite, M|
|poke|p1|Ogerpon-Cornerstone, F|
|poke|p1|Iron Valiant|
|poke|p1|Raging Bolt|
|poke|p2|Meowscarada, M|
|poke|p2|Samurott-Hisui, M|
|poke|p2|Blaziken, M|
|poke|p2|Rillaboom, F|
|poke|p2|Delphox, F|
|poke|p2|Chesnaught, F|
|teampreview
|inactive|Battle timer is ON: inactive players will automatically lose when time's up. (requested by dw junkie)
|
|t:|1779805391
|teamsize|p1|6
|teamsize|p2|6
|start
|switch|p1a: Raging Bolt|Raging Bolt|100/100
|switch|p2a: Delphox|Delphox, F|100/100
|-enditem|p1a: Raging Bolt|Booster Energy
|-activate|p1a: Raging Bolt|ability: Protosynthesis|[fromitem]
|-start|p1a: Raging Bolt|protosynthesisspa
|turn|1
|
|t:|1779805406
|move|p2a: Delphox|Dazzling Gleam|p1a: Raging Bolt
|-supereffective|p1a: Raging Bolt
|-damage|p1a: Raging Bolt|50/100
|move|p1a: Raging Bolt|Calm Mind|p1a: Raging Bolt
|-boost|p1a: Raging Bolt|spa|1
|-boost|p1a: Raging Bolt|spd|1
|
|upkeep
|turn|2
|
|t:|1779805417
|move|p1a: Raging Bolt|Thunderclap|p2a: Delphox
|-damage|p2a: Delphox|13/100
|-enditem|p2a: Delphox|Aguav Berry|[eat]
|-heal|p2a: Delphox|46/100|[from] item: Aguav Berry
|move|p2a: Delphox|Future Sight|p1a: Raging Bolt
|-start|p2a: Delphox|move: Future Sight
|
|upkeep
|turn|3
|
|t:|1779805429
|move|p1a: Raging Bolt|Thunderclap|p2a: Delphox
|-damage|p2a: Delphox|0 fnt
|faint|p2a: Delphox
|
|upkeep
|
|t:|1779805436
|switch|p2a: Meowscarada|Meowscarada, M|100/100
|turn|4
|
|t:|1779805447
|move|p1a: Raging Bolt|Thunderclap|p2a: Meowscarada
|-resisted|p2a: Meowscarada
|-damage|p2a: Meowscarada|41/100
|move|p2a: Meowscarada|Triple Axel|p1a: Raging Bolt
|-start|p2a: Meowscarada|typechange|Ice|[from] ability: Protean
|-supereffective|p1a: Raging Bolt
|-damage|p1a: Raging Bolt|23/100
|-supereffective|p1a: Raging Bolt
|-damage|p1a: Raging Bolt|0 fnt
|faint|p1a: Raging Bolt
|-end|p1a: Raging Bolt|Protosynthesis|[silent]
|-hitcount|p1: Raging Bolt|2
|
|-hint|Future Sight did not hit because the target is fainted.
|upkeep
|
|t:|1779805464
|switch|p1a: Iron Moth|Iron Moth|100/100
|-enditem|p1a: Iron Moth|Booster Energy
|-activate|p1a: Iron Moth|ability: Quark Drive|[fromitem]
|-start|p1a: Iron Moth|quarkdrivespe
|turn|5
|
|t:|1779805472
|switch|p2a: Samurott|Samurott-Hisui, M|100/100
|move|p1a: Iron Moth|Fiery Dance|p2a: Samurott
|-resisted|p2a: Samurott
|-damage|p2a: Samurott|81/100
|
|upkeep
|turn|6
|
|t:|1779805487
|move|p1a: Iron Moth|Energy Ball|p2a: Samurott
|-supereffective|p2a: Samurott
|-damage|p2a: Samurott|21/100
|move|p2a: Samurott|Ceaseless Edge|p1a: Iron Moth|[miss]
|-miss|p2a: Samurott|p1a: Iron Moth
|
|upkeep
|turn|7
|
|t:|1779805496
|move|p2a: Samurott|Aqua Jet|p1a: Iron Moth
|-supereffective|p1a: Iron Moth
|-damage|p1a: Iron Moth|47/100
|move|p1a: Iron Moth|Energy Ball|p2a: Samurott
|-supereffective|p2a: Samurott
|-damage|p2a: Samurott|0 fnt
|faint|p2a: Samurott
|
|upkeep
|
|t:|1779805504
|switch|p2a: Blaziken|Blaziken, M|100/100
|turn|8
|
|t:|1779805515
|move|p1a: Iron Moth|Sludge Wave|p2a: Blaziken
|-damage|p2a: Blaziken|33/100
|move|p2a: Blaziken|Swords Dance|p2a: Blaziken
|-boost|p2a: Blaziken|atk|2
|
|-ability|p2a: Blaziken|Speed Boost|boost
|-boost|p2a: Blaziken|spe|1
|upkeep
|turn|9
|
|t:|1779805523
|move|p1a: Iron Moth|Sludge Wave|p2a: Blaziken
|-damage|p2a: Blaziken|0 fnt
|faint|p2a: Blaziken
|
|upkeep
|
|t:|1779805529
|switch|p2a: Rillaboom|Rillaboom, F|100/100
|-fieldstart|move: Grassy Terrain|[from] ability: Grassy Surge|[of] p2a: Rillaboom
|turn|10
|
|t:|1779805554
|move|p1a: Iron Moth|Fiery Dance|p2a: Rillaboom
|-supereffective|p2a: Rillaboom
|-damage|p2a: Rillaboom|17/100
|-boost|p1a: Iron Moth|spa|1
|move|p2a: Rillaboom|High Horsepower|p1a: Iron Moth|[miss]
|-miss|p2a: Rillaboom|p1a: Iron Moth
|
|-heal|p1a: Iron Moth|53/100|[from] Grassy Terrain
|-heal|p2a: Rillaboom|23/100|[from] Grassy Terrain
|-heal|p2a: Rillaboom|29/100|[from] item: Leftovers
|upkeep
|turn|11
|c|☆dw junkie|Bro
|
|t:|1779805583
|move|p2a: Rillaboom|Grassy Glide|p1a: Iron Moth
|-resisted|p1a: Iron Moth
|-crit|p1a: Iron Moth
|-damage|p1a: Iron Moth|32/100
|move|p1a: Iron Moth|Fiery Dance|p2a: Rillaboom
|-supereffective|p2a: Rillaboom
|-damage|p2a: Rillaboom|0 fnt
|-boost|p1a: Iron Moth|spa|1
|faint|p2a: Rillaboom
|
|-heal|p1a: Iron Moth|38/100|[from] Grassy Terrain
|upkeep
|inactive|dw junkie has 120 seconds left.
|-message|dw junkie forfeited.
|
|win|Noah_bry
|raw|Noah_bry's rating: 1115 &rarr; <strong>1139</strong><br />(+24 for winning)
|raw|dw junkie's rating: 1108 &rarr; <strong>1084</strong><br />(-24 for losing)
|l|☆dw junkie
|player|p2|
|l|☆Noah_bry
|player|p1|
