|j|☆ajthegoblyn
|j|☆ZockerMichi
|t:|1779875094
|gametype|singles
|player|p1|ajthegoblyn|blackbelt-gen4dp|1070
|player|p2|ZockerMichi|scientist-gen4dp|1059
|gen|9
|tier|[Gen 9] OU
|rated|
|rule|HP Percentage Mod: HP is shown in percentages
|rule|Endless Battle Clause: Forcing endless battles is banned
|rule|Species Clause: Limit one of each Pokémon
|rule|OHKO Clause: OHKO moves are banned
|rule|Evasion Items Clause: Evasion items are banned
|rule|Evasion Moves Clause: Evasion moves are banned
|rule|Evasion Abilities Clause: Evasion abilities are banned
|rule|Sleep Moves Clause: Sleep-inducing moves are banned
|clearpoke
|poke|p1|Gastrodon-East, M|
|poke|p1|Azumarill, M|
|poke|p1|Umbreon, M|
|poke|p1|Pelipper, F|
|poke|p1|Great Tusk|
|poke|p1|Sinistcha|
|poke|p2|Ampharos, F|
|poke|p2|Metagross|
|poke|p2|Flygon, F|
|poke|p2|Feraligatr, M|
|poke|p2|Camerupt, F|
|poke|p2|Sceptile, M|
|teampreview
|
|t:|1779875127
|teamsize|p1|6
|teamsize|p2|6
|start
|switch|p1a: Bird|Pelipper, F|100/100
|switch|p2a: Metagross|Metagross|100/100
|-weather|RainDance|[from] ability: Drizzle|[of] p1a: Bird
|turn|1
|
|t:|1779875159
|switch|p2a: Ampharos|Ampharos, F|100/100
|move|p1a: Bird|Weather Ball|p2a: Ampharos
|-damage|p2a: Ampharos|27/100
|
|-weather|RainDance|[upkeep]
|upkeep
|turn|2
|
|t:|1779875171
|switch|p1a: Run|Great Tusk|100/100
|-enditem|p1a: Run|Booster Energy
|-activate|p1a: Run|ability: Protosynthesis|[fromitem]
|-start|p1a: Run|protosynthesisatk
|move|p2a: Ampharos|Thunder|p1a: Run
|-immune|p1a: Run
|
|-weather|RainDance|[upkeep]
|upkeep
|turn|3
|
|t:|1779875206
|switch|p2a: Feraligatr|Feraligatr, M|100/100
|move|p1a: Run|Ice Spinner|p2a: Feraligatr
|-resisted|p2a: Feraligatr
|-damage|p2a: Feraligatr|86/100
|
|-weather|RainDance|[upkeep]
|upkeep
|turn|4
|
|t:|1779875238
|-end|p1a: Run|Protosynthesis|[silent]
|switch|p1a: Eastside Don|Gastrodon-East, M|100/100
|move|p2a: Feraligatr|Liquidation|p1a: Eastside Don
|-ability|p1a: Eastside Don|Storm Drain|boost
|-boost|p1a: Eastside Don|spa|1
|
|-weather|RainDance|[upkeep]
|upkeep
|turn|5
|
|t:|1779875282
|switch|p2a: Sceptile|Sceptile, M|100/100
|move|p1a: Eastside Don|Ice Beam|p2a: Sceptile
|-supereffective|p2a: Sceptile
|-damage|p2a: Sceptile|6/100
|-damage|p1a: Eastside Don|91/100|[from] item: Life Orb
|
|-weather|RainDance|[upkeep]
|upkeep
|turn|6
|
|t:|1779875291
|switch|p1a: Azu|Azumarill, M, shiny|100/100
|move|p2a: Sceptile|Giga Drain|p1a: Azu
|-ability|p1a: Azu|Sap Sipper|boost
|-boost|p1a: Azu|atk|1
|
|-weather|RainDance|[upkeep]
|upkeep
|turn|7
|
|t:|1779875303
|switch|p2a: Ampharos|Ampharos, F|27/100
|move|p1a: Azu|Whirlpool|p2a: Ampharos
|-damage|p2a: Ampharos|13/100
|-activate|p2a: Ampharos|move: Whirlpool|[of] p1a: Azu
|
|-weather|RainDance|[upkeep]
|-damage|p2a: Ampharos|1/100|[from] move: Whirlpool|[partiallytrapped]
|upkeep
|turn|8
|
|t:|1779875313
|move|p1a: Azu|Protect|p1a: Azu
|-singleturn|p1a: Azu|Protect
|move|p2a: Ampharos|Thunder|p1a: Azu
|-activate|p1a: Azu|move: Protect
|
|-weather|none
|-damage|p2a: Ampharos|0 fnt|[from] move: Whirlpool|[partiallytrapped]
|faint|p2a: Ampharos
|upkeep
|
|t:|1779875327
|switch|p2a: Sceptile|Sceptile, M|6/100
|turn|9
|
|t:|1779875332
|move|p2a: Sceptile|Giga Drain|p1a: Azu
|-ability|p1a: Azu|Sap Sipper|boost
|-boost|p1a: Azu|atk|1
|move|p1a: Azu|Whirlpool|p2a: Sceptile
|-resisted|p2a: Sceptile
|-damage|p2a: Sceptile|0 fnt
|faint|p2a: Sceptile
|
|upkeep
|
|t:|1779875343
|switch|p2a: Feraligatr|Feraligatr, M|86/100
|turn|10
|
|t:|1779875360
|move|p1a: Azu|Protect|p1a: Azu
|-singleturn|p1a: Azu|Protect
|move|p2a: Feraligatr|Dig||[still]
|-prepare|p2a: Feraligatr|Dig
|
|upkeep
|turn|11
|
|t:|1779875369
|switch|p1a: Bird|Pelipper, F|100/100
|-weather|RainDance|[from] ability: Drizzle|[of] p1a: Bird
|move|p2a: Feraligatr|Dig|p1a: Bird|[from] lockedmove
|-immune|p1a: Bird
|
|-weather|RainDance|[upkeep]
|upkeep
|turn|12
|
|t:|1779875381
|move|p2a: Feraligatr|Blizzard|p1a: Bird
|-damage|p1a: Bird|61/100
|-damage|p2a: Feraligatr|76/100|[from] item: Life Orb
|move|p1a: Bird|Icy Wind|p2a: Feraligatr
|-resisted|p2a: Feraligatr
|-damage|p2a: Feraligatr|67/100
|-unboost|p2a: Feraligatr|spe|1
|
|-weather|RainDance|[upkeep]
|upkeep
|turn|13
|
|t:|1779875393
|move|p1a: Bird|Hurricane|p2a: Feraligatr
|-damage|p2a: Feraligatr|9/100
|move|p2a: Feraligatr|Blizzard|p1a: Bird|[miss]
|-miss|p2a: Feraligatr|p1a: Bird
|
|-weather|RainDance|[upkeep]
|upkeep
|turn|14
|
|t:|1779875401
|move|p1a: Bird|Hurricane|p2a: Feraligatr
|-damage|p2a: Feraligatr|0 fnt
|faint|p2a: Feraligatr
|
|-weather|RainDance|[upkeep]
|upkeep
|
|t:|1779875407
|switch|p2a: Metagross|Metagross|100/100
|turn|15
|
|t:|1779875420
|move|p2a: Metagross|Psychic|p1a: Bird
|-damage|p1a: Bird|16/100
|move|p1a: Bird|Weather Ball|p2a: Metagross
|-damage|p2a: Metagross|36/100
|
|-weather|RainDance|[upkeep]
|upkeep
|turn|16
|
|t:|1779875433
|move|p2a: Metagross|Psychic|p1a: Bird
|-damage|p1a: Bird|0 fnt
|faint|p1a: Bird
|
|-weather|RainDance|[upkeep]
|upkeep
|
|t:|1779875442
|switch|p1a: Azu|Azumarill, M, shiny|100/100
|turn|17
|
|t:|1779875448
|move|p2a: Metagross|Earthquake|p1a: Azu
|-damage|p1a: Azu|68/100
|move|p1a: Azu|Encore|p2a: Metagross
|-start|p2a: Metagross|Encore
|
|-weather|RainDance|[upkeep]
|-heal|p1a: Azu|74/100|[from] item: Leftovers
|upkeep
|turn|18
|
|t:|1779875458
|move|p2a: Metagross|Earthquake|p1a: Azu
|-damage|p1a: Azu|42/100
|move|p1a: Azu|Whirlpool|p2a: Metagross
|-damage|p2a: Metagross|23/100
|-activate|p2a: Metagross|move: Whirlpool|[of] p1a: Azu
|
|-weather|none
|-heal|p1a: Azu|48/100|[from] item: Leftovers
|-damage|p2a: Metagross|11/100|[from] move: Whirlpool|[partiallytrapped]
|upkeep
|turn|19
|
|t:|1779875473
|move|p1a: Azu|Protect|p1a: Azu
|-singleturn|p1a: Azu|Protect
|move|p2a: Metagross|Earthquake|p1a: Azu
|-activate|p1a: Azu|move: Protect
|
|-heal|p1a: Azu|54/100|[from] item: Leftovers
|-damage|p2a: Metagross|0 fnt|[from] move: Whirlpool|[partiallytrapped]
|faint|p2a: Metagross
|upkeep
|
|t:|1779875486
|switch|p2a: Flygon|Flygon, F|100/100
|turn|20
|
|t:|1779875501
|move|p2a: Flygon|Crunch|p1a: Azu
|-resisted|p1a: Azu
|-damage|p1a: Azu|45/100
|move|p1a: Azu|Whirlpool|p2a: Flygon
|-damage|p2a: Flygon|91/100
|-activate|p2a: Flygon|move: Whirlpool|[of] p1a: Azu
|
|-heal|p1a: Azu|51/100|[from] item: Leftovers
|-damage|p2a: Flygon|79/100|[from] move: Whirlpool|[partiallytrapped]
|upkeep
|turn|21
|
|t:|1779875512
|move|p2a: Flygon|Crunch|p1a: Azu
|-resisted|p1a: Azu
|-damage|p1a: Azu|41/100
|move|p1a: Azu|Perish Song|p1a: Azu
|-start|p1a: Azu|perish3|[silent]
|-start|p2a: Flygon|perish3|[silent]
|-fieldactivate|move: Perish Song
|
|-heal|p1a: Azu|47/100|[from] item: Leftovers
|-damage|p2a: Flygon|66/100|[from] move: Whirlpool|[partiallytrapped]
|-start|p2a: Flygon|perish3
|-start|p1a: Azu|perish3
|upkeep
|turn|22
|
|t:|1779875523
|move|p1a: Azu|Protect|p1a: Azu
|-singleturn|p1a: Azu|Protect
|move|p2a: Flygon|Crunch|p1a: Azu
|-activate|p1a: Azu|move: Protect
|
|-heal|p1a: Azu|53/100|[from] item: Leftovers
|-damage|p2a: Flygon|54/100|[from] move: Whirlpool|[partiallytrapped]
|-start|p2a: Flygon|perish2
|-start|p1a: Azu|perish2
|upkeep
|turn|23
|
|t:|1779875558
|move|p2a: Flygon|Crunch|p1a: Azu
|-resisted|p1a: Azu
|-damage|p1a: Azu|44/100
|-unboost|p1a: Azu|def|1
|move|p1a: Azu|Whirlpool|p2a: Flygon
|-damage|p2a: Flygon|44/100
|
|-heal|p1a: Azu|50/100|[from] item: Leftovers
|-damage|p2a: Flygon|31/100|[from] move: Whirlpool|[partiallytrapped]
|-start|p2a: Flygon|perish1
|-start|p1a: Azu|perish1
|upkeep
|turn|24
|
|t:|1779875575
|switch|p1a: Eastside Don|Gastrodon-East, M|91/100
|move|p2a: Flygon|Crunch|p1a: Eastside Don
|-damage|p1a: Eastside Don|72/100
|
|-end|p2a: Flygon|Whirlpool|[partiallytrapped]|[silent]
|-start|p2a: Flygon|perish0
|upkeep
|faint|p2a: Flygon
|
|t:|1779875582
|switch|p2a: Camerupt|Camerupt, F|100/100
|turn|25
|
|t:|1779875589
|move|p2a: Camerupt|Flash Cannon|p1a: Eastside Don
|-resisted|p1a: Eastside Don
|-damage|p1a: Eastside Don|65/100
|-unboost|p1a: Eastside Don|spd|1
|move|p1a: Eastside Don|Earth Power|p2a: Camerupt
|-supereffective|p2a: Camerupt
|-damage|p2a: Camerupt|0 fnt
|faint|p2a: Camerupt
|-damage|p1a: Eastside Don|55/100|[from] item: Life Orb
|
|win|ajthegoblyn
|raw|ajthegoblyn's rating: 1070 &rarr; <strong>1099</strong><br />(+29 for winning)
|raw|ZockerMichi's rating: 1059 &rarr; <strong>1041</strong><br />(-18 for losing)
|l|☆ZockerMichi
|player|p2|
|l|☆ajthegoblyn
|player|p1|
