|j|☆Geail
|j|☆peixedentrod'agua
|t:|1779823414
|gametype|singles
|player|p1|Geail|102|1206
|player|p2|peixedentrod'agua|lyra|1191
|gen|9
|tier|[Gen 9] OU
|rated|
|rule|HP Percentage Mod: HP is shown in percentages
|rule|Endless Battle Clause: Forcing endless battles is banned
|rule|Species Clause: Limit one of each Pokémon
|rule|OHKO Clause: OHKO moves are banned
|rule|Evasion Items Clause: Evasion items are banned
|rule|Evasion Moves Clause: Evasion moves are banned
|rule|Evasion Abilities Clause: Evasion abilities are banned
|rule|Sleep Moves Clause: Sleep-inducing moves are banned
|clearpoke
|poke|p1|Meowscarada, F|
|poke|p1|Bastiodon, F|
|poke|p1|Kingambit, M|
|poke|p1|Great Tusk|
|poke|p1|Iron Moth|
|poke|p1|Regieleki|
|poke|p2|Galvantula, F|
|poke|p2|Corviknight, F|
|poke|p2|Tornadus-Therian, M|
|poke|p2|Dragapult, F|
|poke|p2|Toxapex, F|
|poke|p2|Infernape, M|
|teampreview
|inactive|Battle timer is ON: inactive players will automatically lose when time's up. (requested by peixedentrod'agua)
|j| Drewisonline
|
|t:|1779823428
|teamsize|p1|6
|teamsize|p2|6
|start
|switch|p1a: Simon|Great Tusk|100/100
|switch|p2a: Tornadus|Tornadus-Therian, M|100/100
|turn|1
|
|t:|1779823435
|move|p2a: Tornadus|Tailwind|p2a: Tornadus
|-sidestart|p2: peixedentrod'agua|move: Tailwind
|move|p1a: Simon|Ice Spinner|p2a: Tornadus
|-supereffective|p2a: Tornadus
|-damage|p2a: Tornadus|0 fnt
|faint|p2a: Tornadus
|-damage|p1a: Simon|91/100|[from] item: Life Orb
|
|upkeep
|
|t:|1779823454
|switch|p2a: Infernape|Infernape, M|100/100
|turn|2
|
|t:|1779823459
|move|p2a: Infernape|Overheat|p1a: Simon
|-damage|p1a: Simon|0 fnt
|-unboost|p2a: Infernape|spa|2
|faint|p1a: Simon
|-end|p1a: Simon|Protosynthesis|[silent]
|
|upkeep
|
|t:|1779823465
|switch|p1a: Rossi|Regieleki|100/100
|-item|p1a: Rossi|Air Balloon
|turn|3
|
|t:|1779823472
|switch|p2a: Galvantula|Galvantula, F|100/100
|move|p1a: Rossi|Acrobatics|p2a: Galvantula
|-damage|p2a: Galvantula|70/100
|
|upkeep
|turn|4
|
|t:|1779823481
|switch|p1a: Chonk|Iron Moth|100/100
|move|p2a: Galvantula|Bug Buzz|p1a: Chonk
|-resisted|p1a: Chonk
|-damage|p1a: Chonk|90/100
|-unboost|p1a: Chonk|spd|1
|
|-sideend|p2: peixedentrod'agua|move: Tailwind
|upkeep
|turn|5
|
|t:|1779823494
|move|p1a: Chonk|Fiery Dance|p2a: Galvantula
|-supereffective|p2a: Galvantula
|-damage|p2a: Galvantula|0 fnt
|-boost|p1a: Chonk|spa|1
|faint|p2a: Galvantula
|
|upkeep
|
|t:|1779823498
|switch|p2a: Toxapex|Toxapex, F|100/100
|turn|6
|
|t:|1779823503
|move|p1a: Chonk|Energy Ball|p2a: Toxapex
|-damage|p2a: Toxapex|59/100
|move|p2a: Toxapex|Liquidation|p1a: Chonk
|-supereffective|p1a: Chonk
|-damage|p1a: Chonk|22/100
|-unboost|p1a: Chonk|def|1
|
|-heal|p2a: Toxapex|65/100|[from] item: Leftovers
|upkeep
|turn|7
|
|t:|1779823514
|-end|p1a: Chonk|Quark Drive|[silent]
|switch|p1a: Black Cat|Meowscarada, F|100/100
|move|p2a: Toxapex|Baneful Bunker||[still]
|-fail|p2a: Toxapex
|
|-heal|p2a: Toxapex|72/100|[from] item: Leftovers
|upkeep
|turn|8
|
|t:|1779823520
|move|p1a: Black Cat|Knock Off|p2a: Toxapex
|-start|p1a: Black Cat|typechange|Dark|[from] ability: Protean
|-damage|p2a: Toxapex|28/100
|-enditem|p2a: Toxapex|Leftovers|[from] move: Knock Off|[of] p1a: Black Cat
|move|p2a: Toxapex|Toxic Spikes|p1a: Black Cat
|-sidestart|p1: Geail|move: Toxic Spikes
|
|upkeep
|turn|9
|
|t:|1779823528
|move|p2a: Toxapex|Baneful Bunker|p2a: Toxapex
|-singleturn|p2a: Toxapex|move: Protect
|move|p1a: Black Cat|Knock Off|p2a: Toxapex
|-activate|p2a: Toxapex|move: Protect
|-status|p1a: Black Cat|psn
|
|-damage|p1a: Black Cat|88/100 psn|[from] psn
|upkeep
|turn|10
|
|t:|1779823537
|switch|p2a: Corviknight|Corviknight, F|100/100
|move|p1a: Black Cat|Knock Off|p2a: Corviknight
|-damage|p2a: Corviknight|43/100
|-damage|p1a: Black Cat|72/100 psn|[from] item: Rocky Helmet|[of] p2a: Corviknight
|-enditem|p2a: Corviknight|Rocky Helmet|[from] move: Knock Off|[of] p1a: Black Cat
|
|-damage|p1a: Black Cat|60/100 psn|[from] psn
|upkeep
|turn|11
|
|t:|1779823546
|switch|p1a: Chonk|Iron Moth|22/100
|-sideend|p1: Geail|move: Toxic Spikes|[of] p1a: Chonk
|move|p2a: Corviknight|Roost|p2a: Corviknight
|-heal|p2a: Corviknight|93/100
|-singleturn|p2a: Corviknight|move: Roost
|
|upkeep
|turn|12
|
|t:|1779823553
|switch|p2a: Toxapex|Toxapex, F|61/100
|move|p1a: Chonk|Fiery Dance|p2a: Toxapex
|-resisted|p2a: Toxapex
|-damage|p2a: Toxapex|44/100
|-boost|p1a: Chonk|spa|1
|
|upkeep
|turn|13
|
|t:|1779823559
|move|p1a: Chonk|Energy Ball|p2a: Toxapex
|-damage|p2a: Toxapex|5/100
|move|p2a: Toxapex|Liquidation|p1a: Chonk
|-supereffective|p1a: Chonk
|-damage|p1a: Chonk|0 fnt
|faint|p1a: Chonk
|-end|p1a: Chonk|Quark Drive|[silent]
|
|upkeep
|
|t:|1779823564
|switch|p1a: Black Cat|Meowscarada, F|60/100 psn
|turn|14
|
|t:|1779823569
|switch|p2a: Corviknight|Corviknight, F|93/100
|move|p1a: Black Cat|Knock Off|p2a: Corviknight
|-start|p1a: Black Cat|typechange|Dark|[from] ability: Protean
|-damage|p2a: Corviknight|55/100
|
|-damage|p1a: Black Cat|47/100 psn|[from] psn
|upkeep
|turn|15
|
|t:|1779823576
|move|p1a: Black Cat|Knock Off|p2a: Corviknight
|-damage|p2a: Corviknight|21/100
|move|p2a: Corviknight|Iron Defense|p2a: Corviknight
|-boost|p2a: Corviknight|def|2
|
|-damage|p1a: Black Cat|35/100 psn|[from] psn
|upkeep
|turn|16
|
|t:|1779823579
|move|p1a: Black Cat|Knock Off|p2a: Corviknight
|-damage|p2a: Corviknight|1/100
|move|p2a: Corviknight|Roost|p2a: Corviknight
|-heal|p2a: Corviknight|51/100
|-singleturn|p2a: Corviknight|move: Roost
|
|-damage|p1a: Black Cat|23/100 psn|[from] psn
|upkeep
|turn|17
|
|t:|1779823584
|move|p1a: Black Cat|Knock Off|p2a: Corviknight
|-damage|p2a: Corviknight|34/100
|move|p2a: Corviknight|Roost|p2a: Corviknight
|-heal|p2a: Corviknight|84/100
|-singleturn|p2a: Corviknight|move: Roost
|
|-damage|p1a: Black Cat|10/100 psn|[from] psn
|upkeep
|turn|18
|
|t:|1779823589
|move|p1a: Black Cat|Knock Off|p2a: Corviknight
|-damage|p2a: Corviknight|66/100
|move|p2a: Corviknight|Roost|p2a: Corviknight
|-heal|p2a: Corviknight|100/100
|-singleturn|p2a: Corviknight|move: Roost
|
|-damage|p1a: Black Cat|0 fnt|[from] psn
|faint|p1a: Black Cat
|upkeep
|
|t:|1779823592
|switch|p1a: Rossi|Regieleki|100/100
|-item|p1a: Rossi|Air Balloon
|turn|19
|
|t:|1779823599
|move|p1a: Rossi|Thunderbolt|p2a: Corviknight
|-supereffective|p2a: Corviknight
|-damage|p2a: Corviknight|30/100
|move|p2a: Corviknight|Body Press|p1a: Rossi
|-damage|p1a: Rossi|18/100
|-enditem|p1a: Rossi|Air Balloon
|
|upkeep
|turn|20
|
|t:|1779823610
|switch|p2a: Toxapex|Toxapex, F|39/100
|move|p1a: Rossi|Volt Switch|p2a: Toxapex
|-supereffective|p2a: Toxapex
|-damage|p2a: Toxapex|0 fnt
|faint|p2a: Toxapex
|
|t:|1779823614
|switch|p1a: M1|Bastiodon, F|100/100|[from] Volt Switch
|
|upkeep
|
|t:|1779823620
|switch|p2a: Corviknight|Corviknight, F|30/100
|turn|21
|
|t:|1779823629
|move|p2a: Corviknight|Roost|p2a: Corviknight
|-heal|p2a: Corviknight|80/100
|-singleturn|p2a: Corviknight|move: Roost
|move|p1a: M1|Metal Burst||[still]
|-fail|p1a: M1
|
|upkeep
|turn|22
|
|t:|1779823632
|move|p2a: Corviknight|Body Press|p1a: M1
|-supereffective|p1a: M1
|-crit|p1a: M1
|-damage|p1a: M1|28/100
|move|p1a: M1|Rest|p1a: M1
|-status|p1a: M1|slp|[from] move: Rest
|-heal|p1a: M1|100/100 slp|[silent]
|-enditem|p1a: M1|Chesto Berry|[eat]
|-curestatus|p1a: M1|slp|[msg]
|
|upkeep
|turn|23
|
|t:|1779823640
|move|p2a: Corviknight|Body Press|p1a: M1
|-supereffective|p1a: M1
|-damage|p1a: M1|47/100
|move|p1a: M1|Metal Burst|p2a: Corviknight
|-damage|p2a: Corviknight|15/100
|
|upkeep
|turn|24
|
|t:|1779823648
|move|p2a: Corviknight|Body Press|p1a: M1
|-supereffective|p1a: M1
|-damage|p1a: M1|0 fnt
|faint|p1a: M1
|
|upkeep
|
|t:|1779823650
|switch|p1a: Rossi|Regieleki|18/100
|turn|25
|
|t:|1779823655
|move|p1a: Rossi|Thunderbolt|p2a: Corviknight
|-supereffective|p2a: Corviknight
|-damage|p2a: Corviknight|0 fnt
|faint|p2a: Corviknight
|
|upkeep
|
|t:|1779823657
|switch|p2a: Dragapult|Dragapult, F|100/100
|turn|26
|
|t:|1779823661
|move|p2a: Dragapult|Sucker Punch|p1a: Rossi
|-damage|p1a: Rossi|0 fnt
|faint|p1a: Rossi
|
|upkeep
|
|t:|1779823663
|switch|p1a: Norachiyo|Kingambit, M|100/100
|-activate|p1a: Norachiyo|ability: Supreme Overlord
|-start|p1a: Norachiyo|fallen5|[silent]
|turn|27
|
|t:|1779823668
|switch|p2a: Infernape|Infernape, M|100/100
|-terastallize|p1a: Norachiyo|Fighting
|move|p1a: Norachiyo|Kowtow Cleave|p2a: Infernape
|-resisted|p2a: Infernape
|-damage|p2a: Infernape|43/100
|
|upkeep
|turn|28
|
|t:|1779823677
|move|p2a: Infernape|Vacuum Wave|p1a: Norachiyo
|-damage|p1a: Norachiyo|75/100
|move|p1a: Norachiyo|Low Kick|p2a: Infernape
|-damage|p2a: Infernape|0 fnt
|faint|p2a: Infernape
|
|-heal|p1a: Norachiyo|81/100|[from] item: Leftovers
|upkeep
|
|t:|1779823681
|switch|p2a: Dragapult|Dragapult, F|100/100
|turn|29
|
|t:|1779823686
|-terastallize|p2a: Dragapult|Dragon
|move|p2a: Dragapult|Phantom Force||[still]
|-prepare|p2a: Dragapult|Phantom Force
|move|p1a: Norachiyo|Kowtow Cleave|p2a: Dragapult|[miss]
|-miss|p1a: Norachiyo|p2a: Dragapult
|
|-heal|p1a: Norachiyo|87/100|[from] item: Leftovers
|upkeep
|turn|30
|l| Drewisonline
|
|t:|1779823691
|move|p1a: Norachiyo|Sucker Punch|p2a: Dragapult|[miss]
|-miss|p1a: Norachiyo|p2a: Dragapult
|move|p2a: Dragapult|Phantom Force|p1a: Norachiyo|[from] lockedmove
|-damage|p1a: Norachiyo|41/100
|
|-heal|p1a: Norachiyo|47/100|[from] item: Leftovers
|upkeep
|turn|31
|
|t:|1779823698
|move|p2a: Dragapult|Phantom Force||[still]
|-prepare|p2a: Dragapult|Phantom Force
|move|p1a: Norachiyo|Kowtow Cleave|p2a: Dragapult|[miss]
|-miss|p1a: Norachiyo|p2a: Dragapult
|
|-heal|p1a: Norachiyo|53/100|[from] item: Leftovers
|upkeep
|turn|32
|
|t:|1779823702
|move|p2a: Dragapult|Phantom Force|p1a: Norachiyo|[from] lockedmove
|-damage|p1a: Norachiyo|4/100
|move|p1a: Norachiyo|Kowtow Cleave|p2a: Dragapult
|-damage|p2a: Dragapult|0 fnt
|faint|p2a: Dragapult
|
|win|Geail
|raw|Geail's rating: 1206 &rarr; <strong>1230</strong><br />(+24 for winning)
|raw|peixedentrod&apos;agua's rating: 1191 &rarr; <strong>1167</strong><br />(-24 for losing)
|l|☆Geail
|player|p1|
|l|☆peixedentrod'agua
|player|p2|
