|j|☆Bipface
|j|☆RandumbRaccoon
|t:|1779942287
|gametype|singles
|player|p1|Bipface|marshal|1356
|player|p2|RandumbRaccoon|ingo|1402
|gen|9
|tier|[Gen 9] OU
|rated|
|rule|HP Percentage Mod: HP is shown in percentages
|rule|Endless Battle Clause: Forcing endless battles is banned
|rule|Species Clause: Limit one of each Pokémon
|rule|OHKO Clause: OHKO moves are banned
|rule|Evasion Items Clause: Evasion items are banned
|rule|Evasion Moves Clause: Evasion moves are banned
|rule|Evasion Abilities Clause: Evasion abilities are banned
|rule|Sleep Moves Clause: Sleep-inducing moves are banned
|clearpoke
|poke|p1|Blaziken, F|
|poke|p1|Venusaur, F|
|poke|p1|Cinderace, M|
|poke|p1|Walking Wake|
|poke|p1|Ninetales, M|
|poke|p1|Hatterene, F|
|poke|p2|Zamazenta-*|
|poke|p2|Iron Hands|
|poke|p2|Ceruledge, F|
|poke|p2|Iron Valiant|
|poke|p2|Deoxys-Speed|
|poke|p2|Glimmora, F|
|teampreview
|inactive|Battle timer is ON: inactive players will automatically lose when time's up. (requested by RandumbRaccoon)
|inactive|Bipface also wants the timer to be on.
|
|t:|1779942297
|teamsize|p1|6
|teamsize|p2|6
|start
|switch|p1a: Ninetales|Ninetales, M|100/100
|switch|p2a: Glimmora|Glimmora, F|100/100
|-weather|SunnyDay|[from] ability: Drought|[of] p1a: Ninetales
|turn|1
|inactive|Bipface has 120 seconds left.
|
|t:|1779942329
|switch|p1a: Walking Wake|Walking Wake|100/100
|-activate|p1a: Walking Wake|ability: Protosynthesis
|-start|p1a: Walking Wake|protosynthesisspe
|move|p2a: Glimmora|Mortal Spin|p1a: Walking Wake
|-damage|p1a: Walking Wake|93/100
|-status|p1a: Walking Wake|psn
|
|-weather|SunnyDay|[upkeep]
|-damage|p1a: Walking Wake|81/100 psn|[from] psn
|upkeep
|turn|2
|j| dlflf
|
|t:|1779942337
|move|p1a: Walking Wake|Hydro Steam|p2a: Glimmora
|-supereffective|p2a: Glimmora
|-damage|p2a: Glimmora|0 fnt
|faint|p2a: Glimmora
|-damage|p1a: Walking Wake|71/100 psn|[from] item: Life Orb
|
|-weather|SunnyDay|[upkeep]
|-damage|p1a: Walking Wake|59/100 psn|[from] psn
|upkeep
|
|t:|1779942346
|switch|p2a: Deoxys|Deoxys-Speed|100/100
|-ability|p2a: Deoxys|Pressure
|turn|3
|l| dlflf
|
|t:|1779942349
|move|p1a: Walking Wake|Hydro Steam|p2a: Deoxys
|-damage|p2a: Deoxys|0 fnt
|faint|p2a: Deoxys
|-damage|p1a: Walking Wake|49/100 psn|[from] item: Life Orb
|
|-weather|SunnyDay|[upkeep]
|-damage|p1a: Walking Wake|37/100 psn|[from] psn
|upkeep
|
|t:|1779942360
|switch|p2a: Iron Hands|Iron Hands|100/100
|-enditem|p2a: Iron Hands|Booster Energy
|-activate|p2a: Iron Hands|ability: Quark Drive|[fromitem]
|-start|p2a: Iron Hands|quarkdriveatk
|turn|4
|
|t:|1779942370
|move|p1a: Walking Wake|Hydro Steam|p2a: Iron Hands
|-damage|p2a: Iron Hands|14/100
|-damage|p1a: Walking Wake|27/100 psn|[from] item: Life Orb
|move|p2a: Iron Hands|Supercell Slam|p1a: Walking Wake
|-damage|p1a: Walking Wake|0 fnt
|faint|p1a: Walking Wake
|-end|p1a: Walking Wake|Protosynthesis|[silent]
|
|-weather|SunnyDay|[upkeep]
|upkeep
|
|t:|1779942387
|switch|p1a: Cinderace|Cinderace, M|100/100
|turn|5
|
|t:|1779942392
|move|p1a: Cinderace|Pyro Ball|p2a: Iron Hands
|-damage|p2a: Iron Hands|0 fnt
|faint|p2a: Iron Hands
|-end|p2a: Iron Hands|Quark Drive|[silent]
|
|-weather|SunnyDay|[upkeep]
|upkeep
|
|t:|1779942398
|switch|p2a: Ceruledge|Ceruledge, F|100/100
|turn|6
|
|t:|1779942406
|move|p1a: Cinderace|Sucker Punch|p2a: Ceruledge
|-start|p1a: Cinderace|typechange|Dark|[from] ability: Libero
|-supereffective|p2a: Ceruledge
|-damage|p2a: Ceruledge|2/100
|-ability|p2a: Ceruledge|Weak Armor|boost
|-unboost|p2a: Ceruledge|def|1
|-boost|p2a: Ceruledge|spe|2
|move|p2a: Ceruledge|Bitter Blade|p1a: Cinderace
|-damage|p1a: Cinderace|0 fnt
|-heal|p2a: Ceruledge|53/100|[from] drain|[of] p1a: Cinderace
|faint|p1a: Cinderace
|-damage|p2a: Ceruledge|43/100|[from] item: Life Orb
|
|-weather|SunnyDay|[upkeep]
|upkeep
|
|t:|1779942427
|switch|p1a: Hatterene|Hatterene, F|100/100
|turn|7
|
|t:|1779942435
|move|p2a: Ceruledge|Poltergeist|p1a: Hatterene
|-activate|p1a: Hatterene|move: Poltergeist|Eject Button
|-supereffective|p1a: Hatterene
|-damage|p1a: Hatterene|0 fnt
|faint|p1a: Hatterene
|-damage|p2a: Ceruledge|33/100|[from] item: Life Orb
|
|-weather|SunnyDay|[upkeep]
|upkeep
|
|t:|1779942451
|switch|p1a: Venusaur|Venusaur, F|100/100
|turn|8
|
|t:|1779942460
|-terastallize|p2a: Ceruledge|Ghost
|move|p2a: Ceruledge|Shadow Sneak|p1a: Venusaur
|-damage|p1a: Venusaur|50/100
|-damage|p2a: Ceruledge|24/100|[from] item: Life Orb
|move|p1a: Venusaur|Sludge Bomb|p2a: Ceruledge
|-resisted|p2a: Ceruledge
|-damage|p2a: Ceruledge|0 fnt
|faint|p2a: Ceruledge
|
|-weather|none
|-heal|p1a: Venusaur|56/100|[from] item: Leftovers
|upkeep
|
|t:|1779942468
|switch|p2a: Zamazenta|Zamazenta|100/100
|-ability|p2a: Zamazenta|Dauntless Shield|boost
|-boost|p2a: Zamazenta|def|1
|turn|9
|
|t:|1779942472
|switch|p1a: Ninetales|Ninetales, M|100/100
|-weather|SunnyDay|[from] ability: Drought|[of] p1a: Ninetales
|move|p2a: Zamazenta|Iron Defense|p2a: Zamazenta
|-boost|p2a: Zamazenta|def|2
|
|-weather|SunnyDay|[upkeep]
|upkeep
|turn|10
|
|t:|1779942479
|move|p2a: Zamazenta|Body Press|p1a: Ninetales
|-damage|p1a: Ninetales|0 fnt
|faint|p1a: Ninetales
|
|-weather|SunnyDay|[upkeep]
|upkeep
|
|t:|1779942485
|switch|p1a: Venusaur|Venusaur, F|56/100
|turn|11
|
|t:|1779942490
|-terastallize|p1a: Venusaur|Fire
|move|p1a: Venusaur|Weather Ball|p2a: Zamazenta
|-damage|p2a: Zamazenta|32/100
|move|p2a: Zamazenta|Body Press|p1a: Venusaur
|-damage|p1a: Venusaur|0 fnt
|faint|p1a: Venusaur
|
|-weather|SunnyDay|[upkeep]
|-heal|p2a: Zamazenta|38/100|[from] item: Leftovers
|upkeep
|
|t:|1779942498
|switch|p1a: Blaziken|Blaziken, F|100/100
|turn|12
|
|t:|1779942502
|move|p2a: Zamazenta|Body Press|p1a: Blaziken
|-damage|p1a: Blaziken|0 fnt
|faint|p1a: Blaziken
|
|win|RandumbRaccoon
|raw|Bipface's rating: 1356 &rarr; <strong>1339</strong><br />(-17 for losing)
|raw|RandumbRaccoon's rating: 1402 &rarr; <strong>1419</strong><br />(+17 for winning)
|l|☆Bipface
|player|p1|
|l|☆RandumbRaccoon
|player|p2|
