|j|☆unamedturd
|j|☆oblizzy
|t:|1779916336
|gametype|singles
|player|p1|unamedturd|102|1605
|player|p2|oblizzy|skierf|1589
|gen|9
|tier|[Gen 9] OU
|rated|
|rule|HP Percentage Mod: HP is shown in percentages
|rule|Endless Battle Clause: Forcing endless battles is banned
|rule|Species Clause: Limit one of each Pokémon
|rule|OHKO Clause: OHKO moves are banned
|rule|Evasion Items Clause: Evasion items are banned
|rule|Evasion Moves Clause: Evasion moves are banned
|rule|Evasion Abilities Clause: Evasion abilities are banned
|rule|Sleep Moves Clause: Sleep-inducing moves are banned
|clearpoke
|poke|p1|Zamazenta-*|
|poke|p1|Sinistcha-Masterpiece|
|poke|p1|Great Tusk|
|poke|p1|Kingambit, M|
|poke|p1|Gholdengo|
|poke|p1|Ting-Lu|
|poke|p2|Pelipper, F|
|poke|p2|Rillaboom, F|
|poke|p2|Iron Treads|
|poke|p2|Ogerpon-Wellspring, F|
|poke|p2|Manaphy|
|poke|p2|Raging Bolt|
|teampreview
|inactive|Battle timer is ON: inactive players will automatically lose when time's up. (requested by oblizzy)
|
|t:|1779916369
|teamsize|p1|6
|teamsize|p2|6
|start
|switch|p1a: Ting-Lu|Ting-Lu|100/100
|switch|p2a: Pelipper|Pelipper, F|100/100
|-weather|RainDance|[from] ability: Drizzle|[of] p2a: Pelipper
|-ability|p1a: Ting-Lu|Vessel of Ruin
|turn|1
|
|t:|1779916382
|move|p2a: Pelipper|Weather Ball|p1a: Ting-Lu
|-supereffective|p1a: Ting-Lu
|-damage|p1a: Ting-Lu|49/100
|move|p1a: Ting-Lu|Stealth Rock|p2a: Pelipper
|-sidestart|p2: oblizzy|move: Stealth Rock
|
|-weather|RainDance|[upkeep]
|-heal|p1a: Ting-Lu|55/100|[from] item: Leftovers
|upkeep
|turn|2
|
|t:|1779916395
|switch|p1a: Gholdengo|Gholdengo|100/100
|move|p2a: Pelipper|Weather Ball|p1a: Gholdengo
|-damage|p1a: Gholdengo|27/100
|
|-weather|RainDance|[upkeep]
|upkeep
|turn|3
|
|t:|1779916404
|move|p1a: Gholdengo|Thunderbolt|p2a: Pelipper
|-supereffective|p2a: Pelipper
|-damage|p2a: Pelipper|0 fnt
|faint|p2a: Pelipper
|
|-weather|RainDance|[upkeep]
|upkeep
|
|t:|1779916408
|switch|p2a: Iron Treads|Iron Treads|100/100
|-damage|p2a: Iron Treads|97/100|[from] Stealth Rock
|-enditem|p2a: Iron Treads|Booster Energy
|-activate|p2a: Iron Treads|ability: Quark Drive|[fromitem]
|-start|p2a: Iron Treads|quarkdrivespe
|turn|4
|
|t:|1779916415
|switch|p1a: Sinistcha|Sinistcha-Masterpiece|100/100
|move|p2a: Iron Treads|Stealth Rock|p1a: Sinistcha
|-sidestart|p1: unamedturd|move: Stealth Rock
|
|-weather|RainDance|[upkeep]
|upkeep
|turn|5
|
|t:|1779916424
|-end|p2a: Iron Treads|Quark Drive|[silent]
|switch|p2a: Rillaboom|Rillaboom, F|100/100
|-damage|p2a: Rillaboom|88/100|[from] Stealth Rock
|-fieldstart|move: Grassy Terrain|[from] ability: Grassy Surge|[of] p2a: Rillaboom
|move|p1a: Sinistcha|Calm Mind|p1a: Sinistcha
|-boost|p1a: Sinistcha|spa|1
|-boost|p1a: Sinistcha|spd|1
|
|-weather|RainDance|[upkeep]
|-heal|p2a: Rillaboom|94/100|[from] Grassy Terrain
|upkeep
|turn|6
|
|t:|1779916435
|move|p2a: Rillaboom|Knock Off|p1a: Sinistcha
|-supereffective|p1a: Sinistcha
|-damage|p1a: Sinistcha|48/100
|-enditem|p1a: Sinistcha|Leftovers|[from] move: Knock Off|[of] p2a: Rillaboom
|move|p1a: Sinistcha|Strength Sap|p2a: Rillaboom
|-unboost|p2a: Rillaboom|atk|1
|-heal|p1a: Sinistcha|100/100
|
|-weather|RainDance|[upkeep]
|-heal|p2a: Rillaboom|99/100|[from] Grassy Terrain
|upkeep
|turn|7
|
|t:|1779916446
|switch|p2a: Ogerpon|Ogerpon-Wellspring, F|100/100
|-damage|p2a: Ogerpon|88/100|[from] Stealth Rock
|move|p1a: Sinistcha|Shadow Ball|p2a: Ogerpon
|-damage|p2a: Ogerpon|35/100
|
|-weather|RainDance|[upkeep]
|-heal|p2a: Ogerpon|41/100|[from] Grassy Terrain
|upkeep
|turn|8
|
|t:|1779916458
|switch|p2a: Iron Treads|Iron Treads|97/100
|-damage|p2a: Iron Treads|94/100|[from] Stealth Rock
|move|p1a: Sinistcha|Strength Sap|p2a: Iron Treads
|-unboost|p2a: Iron Treads|atk|1
|
|-weather|none
|-heal|p2a: Iron Treads|100/100|[from] Grassy Terrain
|upkeep
|turn|9
|
|t:|1779916467
|move|p2a: Iron Treads|Iron Head|p1a: Sinistcha
|-damage|p1a: Sinistcha|82/100
|cant|p1a: Sinistcha|flinch
|
|-heal|p1a: Sinistcha|88/100|[from] Grassy Terrain
|upkeep
|turn|10
|
|t:|1779916474
|move|p2a: Iron Treads|Iron Head|p1a: Sinistcha
|-damage|p1a: Sinistcha|72/100
|move|p1a: Sinistcha|Calm Mind|p1a: Sinistcha
|-boost|p1a: Sinistcha|spa|1
|-boost|p1a: Sinistcha|spd|1
|
|-heal|p1a: Sinistcha|78/100|[from] Grassy Terrain
|upkeep
|turn|11
|
|t:|1779916483
|move|p2a: Iron Treads|Iron Head|p1a: Sinistcha
|-damage|p1a: Sinistcha|60/100
|cant|p1a: Sinistcha|flinch
|
|-heal|p1a: Sinistcha|66/100|[from] Grassy Terrain
|upkeep
|turn|12
|
|t:|1779916490
|-end|p2a: Iron Treads|Quark Drive|[silent]
|switch|p2a: Raging Bolt|Raging Bolt|100/100
|-damage|p2a: Raging Bolt|88/100|[from] Stealth Rock
|-enditem|p2a: Raging Bolt|Grassy Seed
|-boost|p2a: Raging Bolt|def|1|[from] item: Grassy Seed
|move|p1a: Sinistcha|Strength Sap|p2a: Raging Bolt
|-unboost|p2a: Raging Bolt|atk|1
|-heal|p1a: Sinistcha|100/100
|
|-heal|p2a: Raging Bolt|94/100|[from] Grassy Terrain
|-fieldend|move: Grassy Terrain
|upkeep
|turn|13
|
|t:|1779916502
|move|p2a: Raging Bolt|Calm Mind|p2a: Raging Bolt
|-boost|p2a: Raging Bolt|spa|1
|-boost|p2a: Raging Bolt|spd|1
|move|p1a: Sinistcha|Shadow Ball|p2a: Raging Bolt
|-damage|p2a: Raging Bolt|54/100
|-unboost|p2a: Raging Bolt|spd|1
|
|upkeep
|turn|14
|
|t:|1779916510
|move|p2a: Raging Bolt|Dragon Pulse|p1a: Sinistcha
|-damage|p1a: Sinistcha|52/100
|move|p1a: Sinistcha|Shadow Ball|p2a: Raging Bolt
|-damage|p2a: Raging Bolt|0 fnt
|faint|p2a: Raging Bolt
|-end|p2a: Raging Bolt|Protosynthesis|[silent]
|
|upkeep
|
|t:|1779916522
|switch|p2a: Manaphy|Manaphy|100/100
|-damage|p2a: Manaphy|88/100|[from] Stealth Rock
|turn|15
|
|t:|1779916526
|-terastallize|p2a: Manaphy|Grass
|move|p2a: Manaphy|Take Heart|p2a: Manaphy
|-boost|p2a: Manaphy|spa|1
|-boost|p2a: Manaphy|spd|1
|move|p1a: Sinistcha|Matcha Gotcha|p2a: Manaphy
|-resisted|p2a: Manaphy
|-damage|p2a: Manaphy|69/100
|-heal|p1a: Sinistcha|63/100|[from] drain|[of] p2a: Manaphy
|
|upkeep
|turn|16
|
|t:|1779916541
|switch|p1a: Gholdengo|Gholdengo|27/100
|-damage|p1a: Gholdengo|21/100|[from] Stealth Rock
|move|p2a: Manaphy|Take Heart|p2a: Manaphy
|-boost|p2a: Manaphy|spa|1
|-boost|p2a: Manaphy|spd|1
|
|upkeep
|turn|17
|
|t:|1779916548
|move|p1a: Gholdengo|Trick|p2a: Manaphy
|-activate|p1a: Gholdengo|move: Trick|[of] p2a: Manaphy
|-item|p2a: Manaphy|Choice Scarf|[from] move: Trick
|-item|p1a: Gholdengo|Grassy Seed|[from] move: Trick
|move|p2a: Manaphy|Scald|p1a: Gholdengo
|-damage|p1a: Gholdengo|0 fnt
|faint|p1a: Gholdengo
|
|upkeep
|
|t:|1779916562
|switch|p1a: Ting-Lu|Ting-Lu|55/100
|-damage|p1a: Ting-Lu|49/100|[from] Stealth Rock
|-ability|p1a: Ting-Lu|Vessel of Ruin
|turn|18
|
|t:|1779916569
|-terastallize|p1a: Ting-Lu|Water
|move|p2a: Manaphy|Scald|p1a: Ting-Lu
|-resisted|p1a: Ting-Lu
|-damage|p1a: Ting-Lu|37/100
|move|p1a: Ting-Lu|Whirlwind|p2a: Manaphy
|drag|p2a: Ogerpon|Ogerpon-Wellspring, F|41/100
|-damage|p2a: Ogerpon|29/100|[from] Stealth Rock
|
|-heal|p1a: Ting-Lu|43/100|[from] item: Leftovers
|upkeep
|turn|19
|
|t:|1779916587
|move|p2a: Ogerpon|Swords Dance|p2a: Ogerpon
|-boost|p2a: Ogerpon|atk|2
|move|p1a: Ting-Lu|Spikes|p2a: Ogerpon
|-sidestart|p2: oblizzy|Spikes
|
|-heal|p1a: Ting-Lu|50/100|[from] item: Leftovers
|upkeep
|turn|20
|
|t:|1779916591
|move|p2a: Ogerpon|Grassy Glide|p1a: Ting-Lu
|-supereffective|p1a: Ting-Lu
|-damage|p1a: Ting-Lu|0 fnt
|faint|p1a: Ting-Lu
|
|upkeep
|
|t:|1779916597
|switch|p1a: Zamazenta|Zamazenta|100/100
|-damage|p1a: Zamazenta|95/100|[from] Stealth Rock
|-ability|p1a: Zamazenta|Dauntless Shield|boost
|-boost|p1a: Zamazenta|def|1
|turn|21
|
|t:|1779916606
|switch|p2a: Rillaboom|Rillaboom, F|99/100
|-damage|p2a: Rillaboom|88/100|[from] Stealth Rock
|-damage|p2a: Rillaboom|75/100|[from] Spikes
|-fieldstart|move: Grassy Terrain|[from] ability: Grassy Surge|[of] p2a: Rillaboom
|move|p1a: Zamazenta|Body Press|p2a: Rillaboom
|-damage|p2a: Rillaboom|18/100
|
|-heal|p1a: Zamazenta|100/100|[from] Grassy Terrain
|-heal|p2a: Rillaboom|24/100|[from] Grassy Terrain
|upkeep
|turn|22
|
|t:|1779916609
|move|p2a: Rillaboom|Grassy Glide|p1a: Zamazenta
|-damage|p1a: Zamazenta|82/100
|move|p1a: Zamazenta|Body Press|p2a: Rillaboom
|-damage|p2a: Rillaboom|0 fnt
|faint|p2a: Rillaboom
|
|-heal|p1a: Zamazenta|88/100|[from] Grassy Terrain
|-heal|p1a: Zamazenta|94/100|[from] item: Leftovers
|upkeep
|
|t:|1779916616
|switch|p2a: Manaphy|Manaphy, tera:Grass|69/100
|-damage|p2a: Manaphy|56/100|[from] Stealth Rock
|-damage|p2a: Manaphy|44/100|[from] Spikes
|turn|23
|
|t:|1779916624
|move|p2a: Manaphy|Scald|p1a: Zamazenta
|-damage|p1a: Zamazenta|72/100
|-status|p1a: Zamazenta|brn
|move|p1a: Zamazenta|Iron Defense|p1a: Zamazenta
|-boost|p1a: Zamazenta|def|2
|
|-heal|p2a: Manaphy|50/100|[from] Grassy Terrain
|-heal|p1a: Zamazenta|78/100 brn|[from] Grassy Terrain
|-heal|p1a: Zamazenta|84/100 brn|[from] item: Leftovers
|-damage|p1a: Zamazenta|78/100 brn|[from] brn
|upkeep
|turn|24
|
|t:|1779916636
|switch|p2a: Iron Treads|Iron Treads|100/100
|-damage|p2a: Iron Treads|97/100|[from] Stealth Rock
|-damage|p2a: Iron Treads|85/100|[from] Spikes
|move|p1a: Zamazenta|Body Press|p2a: Iron Treads
|-supereffective|p2a: Iron Treads
|-damage|p2a: Iron Treads|2/100
|
|-heal|p1a: Zamazenta|84/100 brn|[from] Grassy Terrain
|-heal|p1a: Zamazenta|90/100 brn|[from] item: Leftovers
|-heal|p2a: Iron Treads|9/100|[from] Grassy Terrain
|-damage|p1a: Zamazenta|84/100 brn|[from] brn
|upkeep
|turn|25
|
|t:|1779916649
|move|p1a: Zamazenta|Iron Defense|p1a: Zamazenta
|-boost|p1a: Zamazenta|def|2
|move|p2a: Iron Treads|Rapid Spin|p1a: Zamazenta
|-damage|p1a: Zamazenta|80/100 brn
|-boost|p2a: Iron Treads|spe|1
|-sideend|p2: oblizzy|Spikes|[from] move: Rapid Spin|[of] p2a: Iron Treads
|-sideend|p2: oblizzy|Stealth Rock|[from] move: Rapid Spin|[of] p2a: Iron Treads
|
|-heal|p2a: Iron Treads|15/100|[from] Grassy Terrain
|-heal|p1a: Zamazenta|86/100 brn|[from] Grassy Terrain
|-heal|p1a: Zamazenta|92/100 brn|[from] item: Leftovers
|-damage|p1a: Zamazenta|86/100 brn|[from] brn
|upkeep
|turn|26
|
|t:|1779916661
|move|p2a: Iron Treads|Iron Head|p1a: Zamazenta
|-damage|p1a: Zamazenta|78/100 brn
|cant|p1a: Zamazenta|flinch
|
|-heal|p2a: Iron Treads|21/100|[from] Grassy Terrain
|-heal|p1a: Zamazenta|84/100 brn|[from] Grassy Terrain
|-heal|p1a: Zamazenta|90/100 brn|[from] item: Leftovers
|-damage|p1a: Zamazenta|84/100 brn|[from] brn
|upkeep
|turn|27
|
|t:|1779916670
|move|p2a: Iron Treads|Iron Head|p1a: Zamazenta
|-damage|p1a: Zamazenta|76/100 brn
|cant|p1a: Zamazenta|flinch
|
|-heal|p2a: Iron Treads|27/100|[from] Grassy Terrain
|-heal|p1a: Zamazenta|82/100 brn|[from] Grassy Terrain
|-heal|p1a: Zamazenta|88/100 brn|[from] item: Leftovers
|-damage|p1a: Zamazenta|82/100 brn|[from] brn
|upkeep
|turn|28
|
|t:|1779916680
|move|p2a: Iron Treads|Iron Head|p1a: Zamazenta
|-damage|p1a: Zamazenta|75/100 brn
|move|p1a: Zamazenta|Body Press|p2a: Iron Treads
|-supereffective|p2a: Iron Treads
|-damage|p2a: Iron Treads|0 fnt
|faint|p2a: Iron Treads
|-end|p2a: Iron Treads|Quark Drive|[silent]
|
|-heal|p1a: Zamazenta|81/100 brn|[from] Grassy Terrain
|-heal|p1a: Zamazenta|87/100 brn|[from] item: Leftovers
|-damage|p1a: Zamazenta|81/100 brn|[from] brn
|-fieldend|move: Grassy Terrain
|upkeep
|
|t:|1779916686
|switch|p2a: Manaphy|Manaphy, tera:Grass|50/100
|turn|29
|
|t:|1779916696
|move|p2a: Manaphy|Rest|p2a: Manaphy
|-status|p2a: Manaphy|slp|[from] move: Rest
|-heal|p2a: Manaphy|100/100 slp|[silent]
|move|p1a: Zamazenta|Body Press|p2a: Manaphy
|-damage|p2a: Manaphy|51/100 slp
|
|-heal|p1a: Zamazenta|87/100 brn|[from] item: Leftovers
|-damage|p1a: Zamazenta|81/100 brn|[from] brn
|upkeep
|turn|30
|-message|oblizzy forfeited.
|
|win|unamedturd
|raw|unamedturd's rating: 1605 &rarr; <strong>1624</strong><br />(+19 for winning)
|raw|oblizzy's rating: 1589 &rarr; <strong>1570</strong><br />(-19 for losing)
|l|☆oblizzy
|player|p2|
|l|☆unamedturd
|player|p1|
