|j|☆Ggmyboylol
|j|☆pokemaster3592
|t:|1779912099
|gametype|singles
|player|p1|Ggmyboylol|169|1099
|player|p2|pokemaster3592|volkner|1134
|gen|9
|tier|[Gen 9] OU
|rated|
|rule|HP Percentage Mod: HP is shown in percentages
|rule|Endless Battle Clause: Forcing endless battles is banned
|rule|Species Clause: Limit one of each Pokémon
|rule|OHKO Clause: OHKO moves are banned
|rule|Evasion Items Clause: Evasion items are banned
|rule|Evasion Moves Clause: Evasion moves are banned
|rule|Evasion Abilities Clause: Evasion abilities are banned
|rule|Sleep Moves Clause: Sleep-inducing moves are banned
|clearpoke
|poke|p1|Braviary-Hisui, M|
|poke|p1|Zamazenta-*|
|poke|p1|Raging Bolt|
|poke|p1|Hatterene, F|
|poke|p1|Gholdengo|
|poke|p1|Darkrai|
|poke|p2|Flareon, M|
|poke|p2|Umbreon, M|
|poke|p2|Sylveon, M|
|poke|p2|Vaporeon, M|
|poke|p2|Glaceon, M|
|poke|p2|Jolteon, F|
|teampreview
|inactive|Battle timer is ON: inactive players will automatically lose when time's up. (requested by Ggmyboylol)
|
|t:|1779912112
|teamsize|p1|6
|teamsize|p2|6
|start
|switch|p1a: Zamazenta|Zamazenta|100/100
|switch|p2a: Jolteon|Jolteon, F|100/100
|-ability|p1a: Zamazenta|Dauntless Shield|boost
|-boost|p1a: Zamazenta|def|1
|turn|1
|
|t:|1779912116
|move|p1a: Zamazenta|Light Screen|p1a: Zamazenta
|-sidestart|p1: Ggmyboylol|move: Light Screen
|move|p2a: Jolteon|Volt Switch|p1a: Zamazenta
|-damage|p1a: Zamazenta|81/100
|
|t:|1779912126
|switch|p2a: Vaporeon|Vaporeon, M|100/100|[from] Volt Switch
|
|upkeep
|turn|2
|
|t:|1779912131
|move|p1a: Zamazenta|Reflect|p1a: Zamazenta
|-sidestart|p1: Ggmyboylol|Reflect
|move|p2a: Vaporeon|Scald|p1a: Zamazenta
|-damage|p1a: Zamazenta|69/100
|-status|p1a: Zamazenta|brn
|
|-damage|p1a: Zamazenta|63/100 brn|[from] brn
|upkeep
|turn|3
|
|t:|1779912137
|switch|p1a: Darkrai|Darkrai|100/100
|move|p2a: Vaporeon|Wish|p2a: Vaporeon
|
|upkeep
|turn|4
|
|t:|1779912142
|switch|p2a: Umbreon|Umbreon, M, shiny|100/100
|move|p1a: Darkrai|Nasty Plot|p1a: Darkrai
|-boost|p1a: Darkrai|spa|2
|
|upkeep
|turn|5
|
|t:|1779912147
|-terastallize|p1a: Darkrai|Poison
|move|p1a: Darkrai|Nasty Plot|p1a: Darkrai
|-boost|p1a: Darkrai|spa|2
|move|p2a: Umbreon|Toxic|p1a: Darkrai
|-immune|p1a: Darkrai
|
|upkeep
|turn|6
|
|t:|1779912153
|move|p1a: Darkrai|Sludge Bomb|p2a: Umbreon
|-damage|p2a: Umbreon|10/100
|move|p2a: Umbreon|Wish|p2a: Umbreon
|
|-heal|p2a: Umbreon|16/100|[from] item: Leftovers
|upkeep
|turn|7
|
|t:|1779912158
|move|p1a: Darkrai|Nasty Plot|p1a: Darkrai
|-boost|p1a: Darkrai|spa|2
|move|p2a: Umbreon|Foul Play|p1a: Darkrai
|-damage|p1a: Darkrai|84/100
|
|-heal|p2a: Umbreon|66/100|[from] move: Wish|[wisher] Umbreon
|-heal|p1a: Darkrai|90/100|[from] item: Leftovers
|-heal|p2a: Umbreon|72/100|[from] item: Leftovers
|upkeep
|turn|8
|
|t:|1779912171
|move|p1a: Darkrai|Sludge Bomb|p2a: Umbreon
|-damage|p2a: Umbreon|0 fnt
|faint|p2a: Umbreon
|
|-heal|p1a: Darkrai|96/100|[from] item: Leftovers
|-sideend|p1: Ggmyboylol|move: Light Screen
|upkeep
|
|t:|1779912187
|switch|p2a: Jolteon|Jolteon, F|100/100
|turn|9
|
|t:|1779912191
|-terastallize|p2a: Jolteon|Electric
|move|p2a: Jolteon|Thunderbolt|p1a: Darkrai
|-damage|p1a: Darkrai|0 fnt
|faint|p1a: Darkrai
|
|-sideend|p1: Ggmyboylol|Reflect
|upkeep
|
|t:|1779912196
|switch|p1a: Raging Bolt|Raging Bolt|100/100
|-enditem|p1a: Raging Bolt|Booster Energy
|-activate|p1a: Raging Bolt|ability: Protosynthesis|[fromitem]
|-start|p1a: Raging Bolt|protosynthesisspa
|turn|10
|
|t:|1779912200
|switch|p2a: Sylveon|Sylveon, M, shiny|100/100
|move|p1a: Raging Bolt|Calm Mind|p1a: Raging Bolt
|-boost|p1a: Raging Bolt|spa|1
|-boost|p1a: Raging Bolt|spd|1
|
|upkeep
|turn|11
|
|t:|1779912206
|move|p1a: Raging Bolt|Thunderbolt|p2a: Sylveon
|-damage|p2a: Sylveon|16/100
|move|p2a: Sylveon|Hyper Voice|p1a: Raging Bolt
|-supereffective|p1a: Raging Bolt
|-damage|p1a: Raging Bolt|33/100
|-enditem|p2a: Sylveon|Throat Spray
|-boost|p2a: Sylveon|spa|1|[from] item: Throat Spray
|
|upkeep
|turn|12
|
|t:|1779912210
|move|p1a: Raging Bolt|Thunderbolt|p2a: Sylveon
|-damage|p2a: Sylveon|0 fnt
|faint|p2a: Sylveon
|
|upkeep
|
|t:|1779912221
|switch|p2a: Jolteon|Jolteon, F, tera:Electric|100/100
|turn|13
|
|t:|1779912222
|move|p2a: Jolteon|Alluring Voice|p1a: Raging Bolt
|-supereffective|p1a: Raging Bolt
|-damage|p1a: Raging Bolt|0 fnt
|faint|p1a: Raging Bolt
|-end|p1a: Raging Bolt|Protosynthesis|[silent]
|
|upkeep
|
|t:|1779912227
|switch|p1a: Hatterene|Hatterene, F|100/100
|turn|14
|
|t:|1779912232
|switch|p2a: Flareon|Flareon, M|100/100
|move|p1a: Hatterene|Calm Mind|p1a: Hatterene
|-boost|p1a: Hatterene|spa|1
|-boost|p1a: Hatterene|spd|1
|
|upkeep
|turn|15
|j| fdsls
|
|t:|1779912238
|move|p2a: Flareon|Flare Blitz|p1a: Hatterene
|-damage|p1a: Hatterene|42/100
|-damage|p2a: Flareon|78/100|[from] Recoil
|move|p1a: Hatterene|Calm Mind|p1a: Hatterene
|-boost|p1a: Hatterene|spa|1
|-boost|p1a: Hatterene|spd|1
|
|-heal|p1a: Hatterene|48/100|[from] item: Leftovers
|upkeep
|turn|16
|
|t:|1779912243
|move|p2a: Flareon|Flare Blitz|p1a: Hatterene
|-damage|p1a: Hatterene|0 fnt
|faint|p1a: Hatterene
|-damage|p2a: Flareon|60/100|[from] Recoil
|
|upkeep
|
|t:|1779912246
|switch|p1a: Zamazenta|Zamazenta|63/100 brn
|turn|17
|
|t:|1779912249
|move|p1a: Zamazenta|Reflect|p1a: Zamazenta
|-sidestart|p1: Ggmyboylol|Reflect
|move|p2a: Flareon|Flare Blitz|p1a: Zamazenta
|-damage|p1a: Zamazenta|39/100 brn
|-damage|p2a: Flareon|49/100|[from] Recoil
|
|-damage|p1a: Zamazenta|33/100 brn|[from] brn
|upkeep
|turn|18
|
|t:|1779912253
|move|p1a: Zamazenta|Light Screen|p1a: Zamazenta
|-sidestart|p1: Ggmyboylol|move: Light Screen
|move|p2a: Flareon|Flare Blitz|p1a: Zamazenta
|-crit|p1a: Zamazenta
|-damage|p1a: Zamazenta|0 fnt
|faint|p1a: Zamazenta
|-damage|p2a: Flareon|33/100|[from] Recoil
|
|upkeep
|
|t:|1779912255
|switch|p1a: Braviary|Braviary-Hisui, M, shiny|100/100
|turn|19
|
|t:|1779912257
|move|p2a: Flareon|Flare Blitz|p1a: Braviary
|-damage|p1a: Braviary|76/100
|-damage|p2a: Flareon|21/100|[from] Recoil
|move|p1a: Braviary|Calm Mind|p1a: Braviary
|-boost|p1a: Braviary|spa|1
|-boost|p1a: Braviary|spd|1
|
|upkeep
|turn|20
|
|t:|1779912262
|move|p2a: Flareon|Flare Blitz|p1a: Braviary
|-damage|p1a: Braviary|54/100
|-damage|p2a: Flareon|10/100|[from] Recoil
|move|p1a: Braviary|Calm Mind|p1a: Braviary
|-boost|p1a: Braviary|spa|1
|-boost|p1a: Braviary|spd|1
|
|upkeep
|turn|21
|
|t:|1779912266
|move|p2a: Flareon|Flare Blitz|p1a: Braviary
|-damage|p1a: Braviary|29/100
|-damage|p2a: Flareon|0 fnt|[from] Recoil
|faint|p2a: Flareon
|move|p1a: Braviary|Calm Mind|p1a: Braviary
|-boost|p1a: Braviary|spa|1
|-boost|p1a: Braviary|spd|1
|
|upkeep
|
|t:|1779912271
|switch|p2a: Jolteon|Jolteon, F, tera:Electric|100/100
|turn|22
|
|t:|1779912273
|move|p1a: Braviary|Vacuum Wave|p2a: Jolteon
|-damage|p2a: Jolteon|68/100
|move|p2a: Jolteon|Thunderbolt|p1a: Braviary
|-supereffective|p1a: Braviary
|-damage|p1a: Braviary|0 fnt
|faint|p1a: Braviary
|
|upkeep
|
|t:|1779912279
|switch|p1a: Gholdengo|Gholdengo|100/100
|turn|23
|
|t:|1779912282
|switch|p2a: Vaporeon|Vaporeon, M|100/100
|move|p1a: Gholdengo|Nasty Plot|p1a: Gholdengo
|-boost|p1a: Gholdengo|spa|2
|
|upkeep
|turn|24
|
|t:|1779912288
|move|p1a: Gholdengo|Thunderbolt|p2a: Vaporeon
|-supereffective|p2a: Vaporeon
|-damage|p2a: Vaporeon|4/100
|move|p2a: Vaporeon|Scald|p1a: Gholdengo
|-damage|p1a: Gholdengo|83/100
|
|-heal|p2a: Vaporeon|10/100|[from] item: Leftovers
|-sideend|p1: Ggmyboylol|Reflect
|upkeep
|turn|25
|
|t:|1779912294
|move|p1a: Gholdengo|Thunderbolt|p2a: Vaporeon
|-supereffective|p2a: Vaporeon
|-damage|p2a: Vaporeon|0 fnt
|faint|p2a: Vaporeon
|
|-sideend|p1: Ggmyboylol|move: Light Screen
|upkeep
|
|t:|1779912296
|switch|p2a: Glaceon|Glaceon, M|100/100
|turn|26
|
|t:|1779912298
|move|p1a: Gholdengo|Make It Rain|p2a: Glaceon
|-supereffective|p2a: Glaceon
|-damage|p2a: Glaceon|0 fnt
|-unboost|p1a: Gholdengo|spa|1
|faint|p2a: Glaceon
|
|upkeep
|
|t:|1779912301
|switch|p2a: Jolteon|Jolteon, F, tera:Electric|68/100
|turn|27
|
|t:|1779912303
|move|p2a: Jolteon|Thunderbolt|p1a: Gholdengo
|-damage|p1a: Gholdengo|0 fnt
|faint|p1a: Gholdengo
|
|win|pokemaster3592
|raw|Ggmyboylol's rating: 1099 &rarr; <strong>1077</strong><br />(-22 for losing)
|raw|pokemaster3592's rating: 1134 &rarr; <strong>1156</strong><br />(+22 for winning)
|l|☆Ggmyboylol
|player|p1|
|l|☆pokemaster3592
|player|p2|
|j|☆Ggmyboylol
|player|p1|Ggmyboylol|169|
|l|☆Ggmyboylol
|player|p1|
|l| fdsls
