|j|☆wassou21
|j|☆Leximuss
|t:|1779813234
|gametype|singles
|player|p1|wassou21|red|1442
|player|p2|Leximuss|colress|1405
|gen|9
|tier|[Gen 9] OU
|rated|
|rule|HP Percentage Mod: HP is shown in percentages
|rule|Endless Battle Clause: Forcing endless battles is banned
|rule|Species Clause: Limit one of each Pokémon
|rule|OHKO Clause: OHKO moves are banned
|rule|Evasion Items Clause: Evasion items are banned
|rule|Evasion Moves Clause: Evasion moves are banned
|rule|Evasion Abilities Clause: Evasion abilities are banned
|rule|Sleep Moves Clause: Sleep-inducing moves are banned
|clearpoke
|poke|p1|Araquanid, M|
|poke|p1|Cinderace, F|
|poke|p1|Serperior, F|
|poke|p1|Comfey, F|
|poke|p1|Dragapult, F|
|poke|p1|Bisharp, F|
|poke|p2|Rillaboom, M|
|poke|p2|Garganacl, M|
|poke|p2|Kingambit, M|
|poke|p2|Iron Valiant|
|poke|p2|Great Tusk|
|poke|p2|Slowking-Galar, F|
|teampreview
|inactive|Battle timer is ON: inactive players will automatically lose when time's up. (requested by Leximuss)
|c|☆Leximuss|glhf
|
|t:|1779813248
|teamsize|p1|6
|teamsize|p2|6
|start
|switch|p1a: Araquanid|Araquanid, M|100/100
|switch|p2a: Garganacl|Garganacl, M|100/100
|turn|1
|inactive|wassou21 has 120 seconds left.
|
|t:|1779813287
|move|p1a: Araquanid|Sticky Web|p2a: Garganacl
|-sidestart|p2: Leximuss|move: Sticky Web
|move|p2a: Garganacl|Salt Cure|p1a: Araquanid
|-supereffective|p1a: Araquanid
|-damage|p1a: Araquanid|70/100
|-start|p1a: Araquanid|Salt Cure
|
|-damage|p1a: Araquanid|45/100|[from] Salt Cure
|upkeep
|turn|2
|inactive|wassou21 has 120 seconds left.
|
|t:|1779813296
|move|p2a: Garganacl|Protect|p2a: Garganacl
|-singleturn|p2a: Garganacl|Protect
|move|p1a: Araquanid|Surf|p2a: Garganacl
|-activate|p2a: Garganacl|move: Protect
|
|-damage|p1a: Araquanid|20/100|[from] Salt Cure
|upkeep
|turn|3
|inactive|wassou21 has 120 seconds left.
|
|t:|1779813321
|switch|p1a: Bisharp|Bisharp, F|100/100
|switch|p2a: Rillaboom|Rillaboom, M|100/100
|-activate|p2a: Rillaboom|move: Sticky Web
|-unboost|p2a: Rillaboom|spe|1
|-fieldstart|move: Grassy Terrain|[from] ability: Grassy Surge|[of] p2a: Rillaboom
|
|upkeep
|turn|4
|inactive|wassou21 has 90 seconds left.
|
|t:|1779813349
|move|p1a: Bisharp|Iron Head|p2a: Rillaboom
|-damage|p2a: Rillaboom|51/100
|move|p2a: Rillaboom|U-turn|p1a: Bisharp
|-crit|p1a: Bisharp
|-damage|p1a: Bisharp|60/100
|
|t:|1779813358
|switch|p2a: Great Tusk|Great Tusk|100/100|[from] U-turn
|
|-heal|p1a: Bisharp|67/100|[from] Grassy Terrain
|upkeep
|turn|5
|inactive|wassou21 has 90 seconds left.
|
|t:|1779813377
|switch|p1a: Comfey|Comfey, F|100/100
|move|p2a: Great Tusk|Headlong Rush|p1a: Comfey
|-crit|p1a: Comfey
|-damage|p1a: Comfey|0 fnt
|-unboost|p2a: Great Tusk|def|1
|-unboost|p2a: Great Tusk|spd|1
|faint|p1a: Comfey
|
|upkeep
|inactive|wassou21 has 90 seconds left.
|
|t:|1779813392
|switch|p1a: Dragapult|Dragapult, F|100/100
|turn|6
|
|t:|1779813402
|-end|p2a: Great Tusk|Protosynthesis|[silent]
|switch|p2a: Garganacl|Garganacl, M|100/100
|-activate|p2a: Garganacl|move: Sticky Web
|-unboost|p2a: Garganacl|spe|1
|move|p1a: Dragapult|Surf|p2a: Garganacl
|-supereffective|p2a: Garganacl
|-damage|p2a: Garganacl|53/100
|-damage|p1a: Dragapult|91/100|[from] item: Life Orb
|
|-heal|p1a: Dragapult|97/100|[from] Grassy Terrain
|-heal|p2a: Garganacl|59/100|[from] Grassy Terrain
|-heal|p2a: Garganacl|65/100|[from] item: Leftovers
|upkeep
|turn|7
|inactive|wassou21 has 90 seconds left.
|inactive|wassou21 has 60 seconds left.
|
|t:|1779813453
|move|p1a: Dragapult|Surf|p2a: Garganacl
|-supereffective|p2a: Garganacl
|-damage|p2a: Garganacl|15/100
|-damage|p1a: Dragapult|87/100|[from] item: Life Orb
|move|p2a: Garganacl|Salt Cure|p1a: Dragapult
|-damage|p1a: Dragapult|70/100
|-start|p1a: Dragapult|Salt Cure
|
|-heal|p1a: Dragapult|76/100|[from] Grassy Terrain
|-heal|p2a: Garganacl|21/100|[from] Grassy Terrain
|-heal|p2a: Garganacl|27/100|[from] item: Leftovers
|-damage|p1a: Dragapult|63/100|[from] Salt Cure
|-fieldend|move: Grassy Terrain
|upkeep
|turn|8
|
|t:|1779813461
|switch|p1a: Serperior|Serperior, F|100/100
|move|p2a: Garganacl|Protect||[still]
|-fail|p2a: Garganacl
|
|-heal|p2a: Garganacl|33/100|[from] item: Leftovers
|upkeep
|turn|9
|inactive|wassou21 has 60 seconds left.
|
|t:|1779813471
|move|p2a: Garganacl|Protect|p2a: Garganacl
|-singleturn|p2a: Garganacl|Protect
|move|p1a: Serperior|Leaf Storm|p2a: Garganacl
|-activate|p2a: Garganacl|move: Protect
|
|-heal|p2a: Garganacl|39/100|[from] item: Leftovers
|upkeep
|turn|10
|
|t:|1779813478
|switch|p2a: Slowking|Slowking-Galar, F|100/100
|move|p1a: Serperior|Leaf Storm|p2a: Slowking
|-resisted|p2a: Slowking
|-damage|p2a: Slowking|86/100
|-boost|p1a: Serperior|spa|2
|
|upkeep
|turn|11
|
|t:|1779813487
|move|p1a: Serperior|Glare|p2a: Slowking
|-status|p2a: Slowking|par
|move|p2a: Slowking|Sludge Bomb|p1a: Serperior
|-supereffective|p1a: Serperior
|-crit|p1a: Serperior
|-damage|p1a: Serperior|0 fnt
|faint|p1a: Serperior
|
|upkeep
|
|t:|1779813498
|switch|p1a: Bisharp|Bisharp, F|67/100
|turn|12
|
|t:|1779813508
|move|p1a: Bisharp|Throat Chop|p2a: Slowking
|-supereffective|p2a: Slowking
|-damage|p2a: Slowking|0 fnt
|faint|p2a: Slowking
|
|upkeep
|
|t:|1779813523
|switch|p2a: Great Tusk|Great Tusk|100/100
|turn|13
|
|t:|1779813531
|switch|p1a: Dragapult|Dragapult, F|63/100
|move|p2a: Great Tusk|Headlong Rush|p1a: Dragapult
|-damage|p1a: Dragapult|0 fnt
|-unboost|p2a: Great Tusk|def|1
|-unboost|p2a: Great Tusk|spd|1
|faint|p1a: Dragapult
|
|upkeep
|
|t:|1779813540
|switch|p1a: Araquanid|Araquanid, M|20/100
|turn|14
|-enditem|p1a: Araquanid|Custap Berry|[eat]
|-activate|p1a: Araquanid|item: Custap Berry|[consumed]
|
|t:|1779813546
|-end|p2a: Great Tusk|Protosynthesis|[silent]
|switch|p2a: Garganacl|Garganacl, M|39/100
|-activate|p2a: Garganacl|move: Sticky Web
|-unboost|p2a: Garganacl|spe|1
|move|p1a: Araquanid|Surf|p2a: Garganacl
|-supereffective|p2a: Garganacl
|-damage|p2a: Garganacl|0 fnt
|faint|p2a: Garganacl
|
|upkeep
|
|t:|1779813570
|switch|p2a: Great Tusk|Great Tusk|100/100
|turn|15
|
|t:|1779813573
|move|p2a: Great Tusk|Headlong Rush|p1a: Araquanid
|-resisted|p1a: Araquanid
|-damage|p1a: Araquanid|0 fnt
|-unboost|p2a: Great Tusk|def|1
|-unboost|p2a: Great Tusk|spd|1
|faint|p1a: Araquanid
|
|upkeep
|j| hgghgbc
|
|t:|1779813581
|switch|p1a: Cinderace|Cinderace, F|100/100
|turn|16
|
|t:|1779813599
|-end|p2a: Great Tusk|Protosynthesis|[silent]
|switch|p2a: Kingambit|Kingambit, M, shiny|100/100
|-activate|p2a: Kingambit|move: Sticky Web
|-unboost|p2a: Kingambit|spe|1
|-activate|p2a: Kingambit|ability: Supreme Overlord
|-start|p2a: Kingambit|fallen2|[silent]
|move|p1a: Cinderace|Will-O-Wisp|p2a: Kingambit
|-status|p2a: Kingambit|brn
|
|-damage|p2a: Kingambit|94/100 brn|[from] brn
|upkeep
|turn|17
|inactive|wassou21 has 120 seconds left.
|
|t:|1779813623
|-terastallize|p2a: Kingambit|Flying
|move|p1a: Cinderace|Pyro Ball|p2a: Kingambit
|-damage|p2a: Kingambit|52/100 brn
|move|p2a: Kingambit|Swords Dance|p2a: Kingambit
|-boost|p2a: Kingambit|atk|2
|
|-heal|p2a: Kingambit|59/100 brn|[from] item: Leftovers
|-damage|p2a: Kingambit|52/100 brn|[from] brn
|upkeep
|turn|18
|inactive|wassou21 has 120 seconds left.
|
|t:|1779813629
|move|p2a: Kingambit|Sucker Punch|p1a: Cinderace
|-damage|p1a: Cinderace|35/100
|move|p1a: Cinderace|Pyro Ball|p2a: Kingambit
|-damage|p2a: Kingambit|13/100 brn
|
|-heal|p2a: Kingambit|19/100 brn|[from] item: Leftovers
|-damage|p2a: Kingambit|13/100 brn|[from] brn
|upkeep
|turn|19
|
|t:|1779813646
|move|p1a: Cinderace|Sucker Punch|p2a: Kingambit
|-start|p1a: Cinderace|typechange|Dark|[from] ability: Libero
|-damage|p2a: Kingambit|0 fnt
|faint|p2a: Kingambit
|-end|p2a: Kingambit|fallen2|[silent]
|
|upkeep
|-message|wassou21 forfeited.
|
|win|Leximuss
|raw|wassou21's rating: 1442 &rarr; <strong>1420</strong><br />(-22 for losing)
|raw|Leximuss's rating: 1405 &rarr; <strong>1427</strong><br />(+22 for winning)
|l|☆wassou21
|player|p1|
|l|☆Leximuss
|player|p2|
|l| hgghgbc
