|j|☆Sack o Rice
|j|☆Mouu'D
|t:|1779809538
|gametype|singles
|player|p1|Sack o Rice|giovanni|1329
|player|p2|Mouu'D|youngster-gen4dp|1402
|gen|9
|tier|[Gen 9] OU
|rated|
|rule|HP Percentage Mod: HP is shown in percentages
|rule|Endless Battle Clause: Forcing endless battles is banned
|rule|Species Clause: Limit one of each Pokémon
|rule|OHKO Clause: OHKO moves are banned
|rule|Evasion Items Clause: Evasion items are banned
|rule|Evasion Moves Clause: Evasion moves are banned
|rule|Evasion Abilities Clause: Evasion abilities are banned
|rule|Sleep Moves Clause: Sleep-inducing moves are banned
|clearpoke
|poke|p1|Weezing, M|
|poke|p1|Galvantula, M|
|poke|p1|Alomomola, F|
|poke|p1|Gastrodon, M|
|poke|p1|Kingambit, F|
|poke|p1|Kyurem|
|poke|p2|Deoxys-Defense|
|poke|p2|Diancie|
|poke|p2|Glastrier|
|poke|p2|Ursaluna, M|
|poke|p2|Exeggutor-Alola, M|
|poke|p2|Conkeldurr, M|
|teampreview
|inactive|Battle timer is ON: inactive players will automatically lose when time's up. (requested by Sack o Rice)
|
|t:|1779809552
|teamsize|p1|6
|teamsize|p2|6
|start
|switch|p1a: Alomomola|Alomomola, F|100/100
|switch|p2a: Vegapunk 03|Deoxys-Defense, shiny|100/100
|-ability|p2a: Vegapunk 03|Pressure
|turn|1
|
|t:|1779809558
|move|p1a: Alomomola|Flip Turn|p2a: Vegapunk 03
|-damage|p2a: Vegapunk 03|89/100
|
|t:|1779809562
|switch|p1a: Janitor|Kingambit, F|100/100|[from] Flip Turn
|move|p2a: Vegapunk 03|Trick Room|p2a: Vegapunk 03
|-fieldstart|move: Trick Room|[of] p2a: Vegapunk 03
|
|upkeep
|turn|2
|
|t:|1779809576
|switch|p2a: Luffy gear 4th|Conkeldurr, M|100/100
|move|p1a: Janitor|Iron Head|p2a: Luffy gear 4th
|-damage|p2a: Luffy gear 4th|60/100
|
|-status|p2a: Luffy gear 4th|brn|[from] item: Flame Orb
|upkeep
|turn|3
|
|t:|1779809594
|move|p2a: Luffy gear 4th|Drain Punch|p1a: Janitor
|-supereffective|p1a: Janitor
|-enditem|p1a: Janitor|Chople Berry|[eat]
|-enditem|p1a: Janitor|Chople Berry|[weaken]
|-damage|p1a: Janitor|0 fnt
|-heal|p2a: Luffy gear 4th|100/100 brn|[from] drain|[of] p1a: Janitor
|faint|p1a: Janitor
|-end|p1a: Janitor|fallenundefined|[silent]
|
|-damage|p2a: Luffy gear 4th|94/100 brn|[from] brn
|upkeep
|
|t:|1779809603
|switch|p1a: Gastrodon|Gastrodon, M|100/100
|turn|4
|j| KangkongNation
|
|t:|1779809609
|move|p2a: Luffy gear 4th|Drain Punch|p1a: Gastrodon
|-damage|p1a: Gastrodon|32/100
|-heal|p2a: Luffy gear 4th|100/100 brn|[from] drain|[of] p1a: Gastrodon
|move|p1a: Gastrodon|Counter|p2a: Luffy gear 4th
|-damage|p2a: Luffy gear 4th|0 fnt
|faint|p2a: Luffy gear 4th
|
|upkeep
|
|t:|1779809616
|switch|p2a: Stronger|Glastrier|100/100
|turn|5
|
|t:|1779809622
|move|p2a: Stronger|Crunch|p1a: Gastrodon
|-damage|p1a: Gastrodon|0 fnt
|faint|p1a: Gastrodon
|-ability|p2a: Stronger|Chilling Neigh|boost
|-boost|p2a: Stronger|atk|1
|
|-fieldend|move: Trick Room
|upkeep
|
|t:|1779809628
|switch|p1a: Galvantula|Galvantula, M|100/100
|turn|6
|l| KangkongNation
|inactive|Mouu'D has 120 seconds left.
|
|t:|1779809672
|move|p1a: Galvantula|Thunder|p2a: Stronger
|-damage|p2a: Stronger|67/100
|move|p2a: Stronger|Stomping Tantrum|p1a: Galvantula
|-damage|p1a: Galvantula|20/100
|
|upkeep
|turn|7
|
|t:|1779809685
|switch|p1a: Alomomola|Alomomola, F|100/100
|-terastallize|p2a: Stronger|Ground
|move|p2a: Stronger|Stomping Tantrum|p1a: Alomomola
|-damage|p1a: Alomomola|65/100
|
|upkeep
|turn|8
|
|t:|1779809695
|move|p1a: Alomomola|Scald|p2a: Stronger
|-supereffective|p2a: Stronger
|-damage|p2a: Stronger|52/100
|move|p2a: Stronger|Crunch|p1a: Alomomola
|-damage|p1a: Alomomola|38/100
|
|upkeep
|turn|9
|inactive|Mouu'D has 120 seconds left.
|
|t:|1779809709
|move|p1a: Alomomola|Protect|p1a: Alomomola
|-singleturn|p1a: Alomomola|Protect
|move|p2a: Stronger|Stomping Tantrum|p1a: Alomomola
|-activate|p1a: Alomomola|move: Protect
|
|upkeep
|turn|10
|
|t:|1779809720
|move|p1a: Alomomola|Flip Turn|p2a: Stronger
|-supereffective|p2a: Stronger
|-damage|p2a: Stronger|31/100
|
|t:|1779809723
|switch|p1a: Galvantula|Galvantula, M|20/100|[from] Flip Turn
|move|p2a: Stronger|Stomping Tantrum|p1a: Galvantula
|-damage|p1a: Galvantula|0 fnt
|faint|p1a: Galvantula
|-ability|p2a: Stronger|Chilling Neigh|boost
|-boost|p2a: Stronger|atk|1
|
|upkeep
|
|t:|1779809725
|switch|p1a: Kyurem|Kyurem|100/100
|-ability|p1a: Kyurem|Pressure
|turn|11
|
|t:|1779809742
|-terastallize|p1a: Kyurem|Ice
|move|p1a: Kyurem|Ice Beam|p2a: Stronger
|-supereffective|p2a: Stronger
|-damage|p2a: Stronger|0 fnt
|faint|p2a: Stronger
|
|upkeep
|
|t:|1779809748
|switch|p2a: Joz|Diancie|100/100
|turn|12
|
|t:|1779809752
|switch|p1a: Alomomola|Alomomola, F|71/100
|move|p2a: Joz|Trick Room|p2a: Joz
|-fieldstart|move: Trick Room|[of] p2a: Joz
|
|upkeep
|turn|13
|
|t:|1779809760
|switch|p2a: Kuma|Ursaluna, M|100/100
|move|p1a: Alomomola|Wish|p1a: Alomomola
|
|-status|p2a: Kuma|brn|[from] item: Flame Orb
|upkeep
|turn|14
|
|t:|1779809769
|move|p2a: Kuma|Facade|p1a: Alomomola
|-damage|p1a: Alomomola|0 fnt
|faint|p1a: Alomomola
|
|-damage|p2a: Kuma|94/100 brn|[from] brn
|upkeep
|
|t:|1779809772
|switch|p1a: Kyurem|Kyurem, tera:Ice|100/100
|-ability|p1a: Kyurem|Pressure
|turn|15
|
|t:|1779809778
|move|p2a: Kuma|Facade|p1a: Kyurem
|-damage|p1a: Kyurem|0 fnt
|faint|p1a: Kyurem
|
|-damage|p2a: Kuma|88/100 brn|[from] brn
|upkeep
|
|t:|1779809781
|switch|p1a: Weezing|Weezing, M|100/100
|-ability|p1a: Weezing|Neutralizing Gas
|turn|16
|
|t:|1779809785
|move|p1a: Weezing|Protect|p1a: Weezing
|-singleturn|p1a: Weezing|Protect
|move|p2a: Kuma|Earthquake|p1a: Weezing
|-activate|p1a: Weezing|move: Protect
|
|-damage|p2a: Kuma|82/100 brn|[from] brn
|-fieldend|move: Trick Room
|upkeep
|turn|17
|
|t:|1779809788
|move|p1a: Weezing|Sludge Bomb|p2a: Kuma
|-resisted|p2a: Kuma
|-damage|p2a: Kuma|69/100 brn
|move|p2a: Kuma|Earthquake|p1a: Weezing
|-supereffective|p1a: Weezing
|-damage|p1a: Weezing|47/100
|
|-heal|p1a: Weezing|53/100|[from] item: Leftovers
|-damage|p2a: Kuma|63/100 brn|[from] brn
|upkeep
|turn|18
|
|t:|1779809798
|move|p1a: Weezing|Sludge Bomb|p2a: Kuma
|-resisted|p2a: Kuma
|-crit|p2a: Kuma
|-damage|p2a: Kuma|46/100 brn
|move|p2a: Kuma|Facade|p1a: Weezing
|-damage|p1a: Weezing|0 fnt
|faint|p1a: Weezing
|-end|p1a: Weezing|ability: Neutralizing Gas
|
|win|Mouu'D
|raw|Sack o Rice's rating: 1329 &rarr; <strong>1313</strong><br />(-16 for losing)
|raw|Mouu&apos;D's rating: 1402 &rarr; <strong>1418</strong><br />(+16 for winning)
|l|☆Sack o Rice
|player|p1|
|l|☆Mouu'D
|player|p2|
