|j|☆LeviPT
|j|☆Juugffhjjjb
|t:|1779865565
|gametype|singles
|player|p1|LeviPT|265|1088
|player|p2|Juugffhjjjb|102|1099
|gen|9
|tier|[Gen 9] OU
|rated|
|rule|HP Percentage Mod: HP is shown in percentages
|rule|Endless Battle Clause: Forcing endless battles is banned
|rule|Species Clause: Limit one of each Pokémon
|rule|OHKO Clause: OHKO moves are banned
|rule|Evasion Items Clause: Evasion items are banned
|rule|Evasion Moves Clause: Evasion moves are banned
|rule|Evasion Abilities Clause: Evasion abilities are banned
|rule|Sleep Moves Clause: Sleep-inducing moves are banned
|clearpoke
|poke|p1|Pelipper, M|
|poke|p1|Rotom-Wash|
|poke|p1|Kingdra, M|
|poke|p1|Gholdengo|
|poke|p1|Iron Treads|
|poke|p1|Tornadus-Therian, M|
|poke|p2|Lokix, M|
|poke|p2|Cinderace, F|
|poke|p2|Great Tusk|
|poke|p2|Alomomola, F|
|poke|p2|Enamorus, F|
|poke|p2|Slowking-Galar, F|
|teampreview
|inactive|Battle timer is ON: inactive players will automatically lose when time's up. (requested by Juugffhjjjb)
|
|t:|1779865569
|teamsize|p1|6
|teamsize|p2|6
|start
|switch|p1a: Pelipper|Pelipper, M|100/100
|switch|p2a: Slowking|Slowking-Galar, F|100/100
|-weather|RainDance|[from] ability: Drizzle|[of] p1a: Pelipper
|turn|1
|
|t:|1779865575
|move|p1a: Pelipper|Tailwind|p1a: Pelipper
|-sidestart|p1: LeviPT|move: Tailwind
|-prepare|p2a: Slowking|Chilly Reception|[premajor]
|move|p2a: Slowking|Chilly Reception|p2a: Slowking
|-weather|Snowscape
|
|t:|1779865580
|switch|p2a: Alomomola|Alomomola, F|100/100|[from] Chilly Reception
|
|-weather|Snowscape|[upkeep]
|upkeep
|turn|2
|
|t:|1779865589
|move|p1a: Pelipper|U-turn|p2a: Alomomola
|-damage|p2a: Alomomola|94/100
|
|t:|1779865594
|switch|p1a: Tornadus|Tornadus-Therian, M|100/100|[from] U-turn
|move|p2a: Alomomola|Flip Turn|p1a: Tornadus
|-damage|p1a: Tornadus|75/100
|
|t:|1779865600
|switch|p2a: Lokix|Lokix, M|100/100|[from] Flip Turn
|
|-weather|Snowscape|[upkeep]
|upkeep
|turn|3
|
|t:|1779865609
|-terastallize|p2a: Lokix|Bug
|move|p2a: Lokix|First Impression|p1a: Tornadus
|-resisted|p1a: Tornadus
|-damage|p1a: Tornadus|0 fnt
|faint|p1a: Tornadus
|
|-weather|Snowscape|[upkeep]
|upkeep
|
|t:|1779865621
|switch|p1a: Iron Treads|Iron Treads|100/100
|turn|4
|
|t:|1779865627
|switch|p2a: Great Tusk|Great Tusk|100/100
|move|p1a: Iron Treads|Flash Cannon|p2a: Great Tusk
|-damage|p2a: Great Tusk|65/100
|
|-weather|Snowscape|[upkeep]
|-heal|p2a: Great Tusk|71/100|[from] item: Leftovers
|-sideend|p1: LeviPT|move: Tailwind
|upkeep
|turn|5
|
|t:|1779865637
|-end|p2a: Great Tusk|Protosynthesis|[silent]
|switch|p2a: Alomomola|Alomomola, F|100/100
|move|p1a: Iron Treads|Flash Cannon|p2a: Alomomola
|-resisted|p2a: Alomomola
|-damage|p2a: Alomomola|94/100
|
|-weather|none
|upkeep
|turn|6
|
|t:|1779865647
|-end|p1a: Iron Treads|Quark Drive|[silent]
|switch|p1a: Rotom|Rotom-Wash|100/100
|move|p2a: Alomomola|Flip Turn|p1a: Rotom
|-resisted|p1a: Rotom
|-damage|p1a: Rotom|88/100
|
|t:|1779865653
|switch|p2a: Lokix|Lokix, M, tera:Bug|100/100|[from] Flip Turn
|
|upkeep
|turn|7
|
|t:|1779865660
|switch|p1a: Gholdengo|Gholdengo|100/100
|-item|p1a: Gholdengo|Air Balloon
|move|p2a: Lokix|First Impression|p1a: Gholdengo
|-resisted|p1a: Gholdengo
|-damage|p1a: Gholdengo|62/100
|-enditem|p1a: Gholdengo|Air Balloon
|
|upkeep
|turn|8
|
|t:|1779865669
|switch|p2a: Cinderace|Cinderace, F|100/100
|move|p1a: Gholdengo|Make It Rain|p2a: Cinderace
|-resisted|p2a: Cinderace
|-damage|p2a: Cinderace|59/100
|-unboost|p1a: Gholdengo|spa|1
|
|upkeep
|turn|9
|
|t:|1779865682
|switch|p1a: Kingdra|Kingdra, M|100/100
|move|p2a: Cinderace|U-turn|p1a: Kingdra
|-damage|p1a: Kingdra|76/100
|
|t:|1779865687
|switch|p2a: Enamorus|Enamorus, F|100/100|[from] U-turn
|
|upkeep
|turn|10
|
|t:|1779865694
|move|p2a: Enamorus|Moonblast|p1a: Kingdra
|-supereffective|p1a: Kingdra
|-crit|p1a: Kingdra
|-damage|p1a: Kingdra|0 fnt
|faint|p1a: Kingdra
|
|upkeep
|
|t:|1779865699
|switch|p1a: Iron Treads|Iron Treads|100/100
|turn|11
|
|t:|1779865701
|switch|p2a: Alomomola|Alomomola, F|100/100
|move|p1a: Iron Treads|Flash Cannon|p2a: Alomomola
|-resisted|p2a: Alomomola
|-damage|p2a: Alomomola|94/100
|
|upkeep
|turn|12
|
|t:|1779865705
|move|p1a: Iron Treads|Volt Switch|p2a: Alomomola
|-supereffective|p2a: Alomomola
|-damage|p2a: Alomomola|78/100
|
|t:|1779865709
|-end|p1a: Iron Treads|Quark Drive|[silent]
|switch|p1a: Rotom|Rotom-Wash|88/100|[from] Volt Switch
|move|p2a: Alomomola|Flip Turn|p1a: Rotom
|-resisted|p1a: Rotom
|-damage|p1a: Rotom|78/100
|
|t:|1779865716
|switch|p2a: Lokix|Lokix, M, tera:Bug|100/100|[from] Flip Turn
|
|upkeep
|turn|13
|
|t:|1779865722
|switch|p1a: Iron Treads|Iron Treads|100/100
|move|p2a: Lokix|Knock Off|p1a: Iron Treads
|-damage|p1a: Iron Treads|36/100
|-enditem|p1a: Iron Treads|Heavy-Duty Boots|[from] move: Knock Off|[of] p2a: Lokix
|
|upkeep
|turn|14
|
|t:|1779865730
|switch|p2a: Alomomola|Alomomola, F|100/100
|move|p1a: Iron Treads|Earthquake|p2a: Alomomola
|-damage|p2a: Alomomola|72/100
|
|upkeep
|turn|15
|
|t:|1779865736
|move|p1a: Iron Treads|Volt Switch|p2a: Alomomola
|-supereffective|p2a: Alomomola
|-damage|p2a: Alomomola|56/100
|
|t:|1779865744
|-end|p1a: Iron Treads|Quark Drive|[silent]
|switch|p1a: Gholdengo|Gholdengo|62/100|[from] Volt Switch
|move|p2a: Alomomola|Flip Turn|p1a: Gholdengo
|-damage|p1a: Gholdengo|47/100
|
|t:|1779865750
|switch|p2a: Cinderace|Cinderace, F|59/100|[from] Flip Turn
|
|upkeep
|turn|16
|
|t:|1779865758
|switch|p1a: Pelipper|Pelipper, M|100/100
|-weather|RainDance|[from] ability: Drizzle|[of] p1a: Pelipper
|move|p2a: Cinderace|Pyro Ball|p1a: Pelipper
|-resisted|p1a: Pelipper
|-damage|p1a: Pelipper|92/100
|
|-weather|RainDance|[upkeep]
|upkeep
|turn|17
|
|t:|1779865766
|move|p2a: Cinderace|U-turn|p1a: Pelipper
|-resisted|p1a: Pelipper
|-damage|p1a: Pelipper|85/100
|
|t:|1779865769
|switch|p2a: Alomomola|Alomomola, F|90/100|[from] U-turn
|move|p1a: Pelipper|Tailwind|p1a: Pelipper
|-sidestart|p1: LeviPT|move: Tailwind
|
|-weather|RainDance|[upkeep]
|upkeep
|turn|18
|
|t:|1779865775
|move|p1a: Pelipper|U-turn|p2a: Alomomola
|-damage|p2a: Alomomola|83/100
|
|t:|1779865778
|switch|p1a: Rotom|Rotom-Wash|78/100|[from] U-turn
|move|p2a: Alomomola|Flip Turn|p1a: Rotom
|-resisted|p1a: Rotom
|-damage|p1a: Rotom|63/100
|
|t:|1779865784
|switch|p2a: Lokix|Lokix, M, tera:Bug|100/100|[from] Flip Turn
|
|-weather|RainDance|[upkeep]
|upkeep
|turn|19
|
|t:|1779865792
|-terastallize|p1a: Rotom|Electric
|move|p2a: Lokix|First Impression|p1a: Rotom
|-damage|p1a: Rotom|0 fnt
|faint|p1a: Rotom
|
|-weather|RainDance|[upkeep]
|upkeep
|
|t:|1779865797
|switch|p1a: Pelipper|Pelipper, M|85/100
|turn|20
|
|t:|1779865801
|switch|p2a: Alomomola|Alomomola, F|100/100
|move|p1a: Pelipper|Tailwind||[still]
|-fail|p1a: Pelipper
|
|-weather|RainDance|[upkeep]
|-sideend|p1: LeviPT|move: Tailwind
|upkeep
|turn|21
|
|t:|1779865809
|move|p1a: Pelipper|Tailwind|p1a: Pelipper
|-sidestart|p1: LeviPT|move: Tailwind
|move|p2a: Alomomola|Flip Turn|p1a: Pelipper
|-resisted|p1a: Pelipper
|-damage|p1a: Pelipper|75/100
|
|t:|1779865816
|switch|p2a: Slowking|Slowking-Galar, F|100/100|[from] Flip Turn
|
|-weather|RainDance|[upkeep]
|upkeep
|turn|22
|
|t:|1779865821
|switch|p1a: Gholdengo|Gholdengo|47/100
|switch|p2a: Alomomola|Alomomola, F|100/100
|
|-weather|RainDance|[upkeep]
|upkeep
|turn|23
|
|t:|1779865825
|move|p1a: Gholdengo|Recover|p1a: Gholdengo
|-heal|p1a: Gholdengo|97/100
|move|p2a: Alomomola|Flip Turn|p1a: Gholdengo
|-crit|p1a: Gholdengo
|-damage|p1a: Gholdengo|61/100
|
|t:|1779865830
|switch|p2a: Cinderace|Cinderace, F|59/100|[from] Flip Turn
|
|-weather|none
|upkeep
|turn|24
|
|t:|1779865838
|switch|p2a: Alomomola|Alomomola, F|100/100
|move|p1a: Gholdengo|Shadow Ball|p2a: Alomomola
|-damage|p2a: Alomomola|77/100
|
|-sideend|p1: LeviPT|move: Tailwind
|upkeep
|turn|25
|
|t:|1779865845
|move|p1a: Gholdengo|Recover|p1a: Gholdengo
|-heal|p1a: Gholdengo|100/100
|move|p2a: Alomomola|Flip Turn|p1a: Gholdengo
|-damage|p1a: Gholdengo|84/100
|
|t:|1779865847
|switch|p2a: Cinderace|Cinderace, F|59/100|[from] Flip Turn
|
|upkeep
|turn|26
|
|t:|1779865854
|move|p2a: Cinderace|U-turn|p1a: Gholdengo
|-resisted|p1a: Gholdengo
|-damage|p1a: Gholdengo|79/100
|
|t:|1779865856
|switch|p2a: Alomomola|Alomomola, F|100/100|[from] U-turn
|move|p1a: Gholdengo|Shadow Ball|p2a: Alomomola
|-damage|p2a: Alomomola|80/100
|-unboost|p2a: Alomomola|spd|1
|
|upkeep
|turn|27
|
|t:|1779865865
|move|p1a: Gholdengo|Nasty Plot|p1a: Gholdengo
|-boost|p1a: Gholdengo|spa|2
|move|p2a: Alomomola|Mirror Coat||[still]
|-fail|p2a: Alomomola
|
|upkeep
|turn|28
|
|t:|1779865875
|switch|p2a: Great Tusk|Great Tusk|71/100
|move|p1a: Gholdengo|Nasty Plot|p1a: Gholdengo
|-boost|p1a: Gholdengo|spa|2
|
|-heal|p2a: Great Tusk|78/100|[from] item: Leftovers
|upkeep
|turn|29
|
|t:|1779865885
|move|p2a: Great Tusk|Earthquake|p1a: Gholdengo
|-supereffective|p1a: Gholdengo
|-damage|p1a: Gholdengo|3/100
|move|p1a: Gholdengo|Make It Rain|p2a: Great Tusk
|-damage|p2a: Great Tusk|0 fnt
|-unboost|p1a: Gholdengo|spa|1
|faint|p2a: Great Tusk
|-end|p2a: Great Tusk|Protosynthesis|[silent]
|
|upkeep
|
|t:|1779865890
|switch|p2a: Lokix|Lokix, M, tera:Bug|100/100
|turn|30
|
|t:|1779865894
|switch|p1a: Iron Treads|Iron Treads|36/100
|move|p2a: Lokix|U-turn|p1a: Iron Treads
|-resisted|p1a: Iron Treads
|-damage|p1a: Iron Treads|0 fnt
|faint|p1a: Iron Treads
|-end|p1a: Iron Treads|Quark Drive|[silent]
|
|t:|1779865900
|switch|p2a: Alomomola|Alomomola, F|100/100|[from] U-turn
|
|upkeep
|
|t:|1779865903
|switch|p1a: Pelipper|Pelipper, M|75/100
|-weather|RainDance|[from] ability: Drizzle|[of] p1a: Pelipper
|turn|31
|
|t:|1779865905
|move|p1a: Pelipper|Tailwind|p1a: Pelipper
|-sidestart|p1: LeviPT|move: Tailwind
|move|p2a: Alomomola|Flip Turn|p1a: Pelipper
|-resisted|p1a: Pelipper
|-damage|p1a: Pelipper|65/100
|
|t:|1779865912
|switch|p2a: Slowking|Slowking-Galar, F|100/100|[from] Flip Turn
|
|-weather|RainDance|[upkeep]
|upkeep
|turn|32
|
|t:|1779865923
|switch|p2a: Alomomola|Alomomola, F|100/100
|move|p1a: Pelipper|U-turn|p2a: Alomomola
|-damage|p2a: Alomomola|94/100
|
|t:|1779865928
|switch|p1a: Gholdengo|Gholdengo|3/100|[from] U-turn
|
|-weather|RainDance|[upkeep]
|upkeep
|turn|33
|
|t:|1779865930
|move|p2a: Alomomola|Aqua Jet|p1a: Gholdengo
|-damage|p1a: Gholdengo|0 fnt
|faint|p1a: Gholdengo
|
|-weather|RainDance|[upkeep]
|upkeep
|
|t:|1779865933
|switch|p1a: Pelipper|Pelipper, M|65/100
|turn|34
|
|t:|1779865936
|move|p1a: Pelipper|Tailwind||[still]
|-fail|p1a: Pelipper
|move|p2a: Alomomola|Flip Turn|p1a: Pelipper
|-resisted|p1a: Pelipper
|-crit|p1a: Pelipper
|-damage|p1a: Pelipper|50/100
|
|t:|1779865939
|switch|p2a: Enamorus|Enamorus, F|100/100|[from] Flip Turn
|
|-weather|RainDance|[upkeep]
|-sideend|p1: LeviPT|move: Tailwind
|upkeep
|turn|35
|
|t:|1779865942
|move|p2a: Enamorus|Moonblast|p1a: Pelipper
|-crit|p1a: Pelipper
|-damage|p1a: Pelipper|0 fnt
|faint|p1a: Pelipper
|
|win|Juugffhjjjb
|raw|LeviPT's rating: 1088 &rarr; <strong>1066</strong><br />(-22 for losing)
|raw|Juugffhjjjb's rating: 1099 &rarr; <strong>1123</strong><br />(+24 for winning)
