|j|☆zj2725
|j|☆itstheboyjay
|t:|1779935869
|gametype|singles
|player|p1|zj2725|picnicker|1132
|player|p2|itstheboyjay|palmer|1121
|gen|9
|tier|[Gen 9] OU
|rated|
|rule|HP Percentage Mod: HP is shown in percentages
|rule|Endless Battle Clause: Forcing endless battles is banned
|rule|Species Clause: Limit one of each Pokémon
|rule|OHKO Clause: OHKO moves are banned
|rule|Evasion Items Clause: Evasion items are banned
|rule|Evasion Moves Clause: Evasion moves are banned
|rule|Evasion Abilities Clause: Evasion abilities are banned
|rule|Sleep Moves Clause: Sleep-inducing moves are banned
|clearpoke
|poke|p1|Alomomola, M|
|poke|p1|Tyranitar, F|
|poke|p1|Landorus-Therian, M|
|poke|p1|Scizor, M|
|poke|p1|Iron Moth|
|poke|p1|Iron Treads|
|poke|p2|Vaporeon, F|
|poke|p2|Flareon, F|
|poke|p2|Sylveon, M|
|poke|p2|Leafeon, F|
|poke|p2|Espeon, F|
|poke|p2|Umbreon, F|
|teampreview
|inactive|Battle timer is ON: inactive players will automatically lose when time's up. (requested by itstheboyjay)
|
|t:|1779935884
|teamsize|p1|6
|teamsize|p2|6
|start
|switch|p1a: Landorus|Landorus-Therian, M|100/100
|switch|p2a: Vaporeon|Vaporeon, F, shiny|100/100
|-ability|p1a: Landorus|Intimidate|boost
|-unboost|p2a: Vaporeon|atk|1
|turn|1
|
|t:|1779935896
|move|p2a: Vaporeon|Hydro Pump|p1a: Landorus
|-supereffective|p1a: Landorus
|-damage|p1a: Landorus|0 fnt
|faint|p1a: Landorus
|
|upkeep
|
|t:|1779935907
|switch|p1a: Iron Moth|Iron Moth|100/100
|-enditem|p1a: Iron Moth|Booster Energy
|-activate|p1a: Iron Moth|ability: Quark Drive|[fromitem]
|-start|p1a: Iron Moth|quarkdrivespa
|turn|2
|
|t:|1779935916
|switch|p2a: Flareon|Flareon, F, shiny|100/100
|move|p1a: Iron Moth|Energy Ball|p2a: Flareon
|-resisted|p2a: Flareon
|-damage|p2a: Flareon|82/100
|-unboost|p2a: Flareon|spd|1
|
|upkeep
|turn|3
|
|t:|1779935933
|move|p1a: Iron Moth|Sludge Wave|p2a: Flareon
|-damage|p2a: Flareon|0 fnt
|faint|p2a: Flareon
|
|upkeep
|
|t:|1779935941
|switch|p2a: Espeon|Espeon, F, shiny|100/100
|turn|4
|
|t:|1779935962
|move|p1a: Iron Moth|Sludge Wave|p2a: Espeon
|-damage|p2a: Espeon|55/100
|move|p2a: Espeon|Grass Knot|p1a: Iron Moth
|-resisted|p1a: Iron Moth
|-damage|p1a: Iron Moth|95/100
|
|upkeep
|turn|5
|
|t:|1779935971
|move|p1a: Iron Moth|Sludge Wave|p2a: Espeon
|-damage|p2a: Espeon|15/100
|move|p2a: Espeon|Psychic|p1a: Iron Moth
|-supereffective|p1a: Iron Moth
|-damage|p1a: Iron Moth|3/100
|
|upkeep
|turn|6
|
|t:|1779935980
|move|p1a: Iron Moth|Sludge Wave|p2a: Espeon
|-damage|p2a: Espeon|0 fnt
|faint|p2a: Espeon
|
|upkeep
|
|t:|1779935985
|switch|p2a: Sylveon|Sylveon, M|100/100
|turn|7
|
|t:|1779935989
|move|p2a: Sylveon|Quick Attack|p1a: Iron Moth
|-resisted|p1a: Iron Moth
|-damage|p1a: Iron Moth|0 fnt
|faint|p1a: Iron Moth
|-end|p1a: Iron Moth|Quark Drive|[silent]
|
|upkeep
|
|t:|1779935997
|switch|p1a: Scizor|Scizor, M|100/100
|turn|8
|
|t:|1779936007
|switch|p2a: Leafeon|Leafeon, F, shiny|100/100
|move|p1a: Scizor|Knock Off|p2a: Leafeon
|-damage|p2a: Leafeon|66/100
|-damage|p1a: Scizor|84/100|[from] item: Rocky Helmet|[of] p2a: Leafeon
|-enditem|p2a: Leafeon|Rocky Helmet|[from] move: Knock Off|[of] p1a: Scizor
|
|upkeep
|turn|9
|
|t:|1779936019
|switch|p1a: Tyranitar|Tyranitar, F, shiny|100/100
|-weather|Sandstorm|[from] ability: Sand Stream|[of] p1a: Tyranitar
|move|p2a: Leafeon|Knock Off|p1a: Tyranitar
|-resisted|p1a: Tyranitar
|-damage|p1a: Tyranitar|92/100
|-enditem|p1a: Tyranitar|Assault Vest|[from] move: Knock Off|[of] p2a: Leafeon
|
|-weather|Sandstorm|[upkeep]
|-damage|p2a: Leafeon|60/100|[from] Sandstorm
|upkeep
|turn|10
|
|t:|1779936035
|move|p2a: Leafeon|Leech Seed|p1a: Tyranitar|[miss]
|-miss|p2a: Leafeon|p1a: Tyranitar
|move|p1a: Tyranitar|Knock Off|p2a: Leafeon
|-damage|p2a: Leafeon|36/100
|
|-weather|Sandstorm|[upkeep]
|-damage|p2a: Leafeon|30/100|[from] Sandstorm
|upkeep
|turn|11
|
|t:|1779936054
|move|p2a: Leafeon|Leech Seed|p1a: Tyranitar
|-start|p1a: Tyranitar|move: Leech Seed
|move|p1a: Tyranitar|Stone Edge|p2a: Leafeon
|-damage|p2a: Leafeon|0 fnt
|faint|p2a: Leafeon
|
|-weather|Sandstorm|[upkeep]
|upkeep
|
|t:|1779936065
|switch|p2a: Umbreon|Umbreon, F, shiny|100/100
|turn|12
|
|t:|1779936078
|switch|p1a: Scizor|Scizor, M|84/100
|move|p2a: Umbreon|Curse|p2a: Umbreon
|-unboost|p2a: Umbreon|spe|1
|-boost|p2a: Umbreon|atk|1
|-boost|p2a: Umbreon|def|1
|
|-weather|Sandstorm|[upkeep]
|-damage|p2a: Umbreon|94/100|[from] Sandstorm
|upkeep
|turn|13
|
|t:|1779936090
|-terastallize|p2a: Umbreon|Fighting
|move|p1a: Scizor|Close Combat|p2a: Umbreon
|-damage|p2a: Umbreon|53/100
|-unboost|p1a: Scizor|def|1
|-unboost|p1a: Scizor|spd|1
|move|p2a: Umbreon|Curse|p2a: Umbreon
|-unboost|p2a: Umbreon|spe|1
|-boost|p2a: Umbreon|atk|1
|-boost|p2a: Umbreon|def|1
|
|-weather|none
|upkeep
|turn|14
|inactive|zj2725 has 120 seconds left.
|
|t:|1779936136
|switch|p1a: Alomomola|Alomomola, M|100/100
|move|p2a: Umbreon|Moonlight|p2a: Umbreon
|-heal|p2a: Umbreon|100/100
|
|upkeep
|turn|15
|
|t:|1779936144
|move|p1a: Alomomola|Scald|p2a: Umbreon
|-damage|p2a: Umbreon|92/100
|-status|p2a: Umbreon|brn
|-activate|p2a: Umbreon|ability: Synchronize
|-status|p1a: Alomomola|brn
|-enditem|p2a: Umbreon|Lum Berry|[eat]
|-curestatus|p2a: Umbreon|brn|[msg]
|move|p2a: Umbreon|Curse|p2a: Umbreon
|-unboost|p2a: Umbreon|spe|1
|-boost|p2a: Umbreon|atk|1
|-boost|p2a: Umbreon|def|1
|
|-damage|p1a: Alomomola|94/100 brn|[from] brn
|upkeep
|turn|16
|
|t:|1779936159
|move|p1a: Alomomola|Scald|p2a: Umbreon
|-crit|p2a: Umbreon
|-damage|p2a: Umbreon|77/100
|-status|p2a: Umbreon|brn
|-activate|p2a: Umbreon|ability: Synchronize
|-fail|p1a: Alomomola|brn
|move|p2a: Umbreon|Crunch|p1a: Alomomola
|-damage|p1a: Alomomola|71/100 brn
|-damage|p2a: Umbreon|60/100 brn|[from] item: Rocky Helmet|[of] p1a: Alomomola
|
|-damage|p1a: Alomomola|65/100 brn|[from] brn
|-damage|p2a: Umbreon|54/100 brn|[from] brn
|upkeep
|turn|17
|c|☆itstheboyjay|Vro
|c|☆itstheboyjay|Thats so stupid
|
|t:|1779936181
|move|p1a: Alomomola|Scald|p2a: Umbreon
|-damage|p2a: Umbreon|44/100 brn
|move|p2a: Umbreon|Curse|p2a: Umbreon
|-unboost|p2a: Umbreon|spe|1
|-boost|p2a: Umbreon|atk|1
|-boost|p2a: Umbreon|def|1
|
|-damage|p1a: Alomomola|59/100 brn|[from] brn
|-damage|p2a: Umbreon|38/100 brn|[from] brn
|upkeep
|turn|18
|
|t:|1779936198
|move|p1a: Alomomola|Flip Turn|p2a: Umbreon
|-damage|p2a: Umbreon|36/100 brn
|inactive|zj2725 has 90 seconds left.
|
|t:|1779936211
|switch|p1a: Iron Treads|Iron Treads|100/100|[from] Flip Turn
|-enditem|p1a: Iron Treads|Booster Energy
|-activate|p1a: Iron Treads|ability: Quark Drive|[fromitem]
|-start|p1a: Iron Treads|quarkdrivespe
|move|p2a: Umbreon|Moonlight|p2a: Umbreon
|-heal|p2a: Umbreon|86/100 brn
|
|-damage|p2a: Umbreon|80/100 brn|[from] brn
|upkeep
|turn|19
|inactive|zj2725 has 90 seconds left.
|
|t:|1779936235
|-end|p1a: Iron Treads|Quark Drive|[silent]
|switch|p1a: Alomomola|Alomomola, M|92/100 brn
|move|p2a: Umbreon|Double Kick|p1a: Alomomola
|-damage|p1a: Alomomola|81/100 brn
|-damage|p2a: Umbreon|63/100 brn|[from] item: Rocky Helmet|[of] p1a: Alomomola
|-damage|p1a: Alomomola|70/100 brn
|-damage|p2a: Umbreon|47/100 brn|[from] item: Rocky Helmet|[of] p1a: Alomomola
|-hitcount|p1a: Alomomola|2
|
|-damage|p1a: Alomomola|64/100 brn|[from] brn
|-damage|p2a: Umbreon|40/100 brn|[from] brn
|upkeep
|turn|20
|
|t:|1779936253
|move|p1a: Alomomola|Wish|p1a: Alomomola
|move|p2a: Umbreon|Moonlight|p2a: Umbreon
|-heal|p2a: Umbreon|90/100 brn
|
|-damage|p1a: Alomomola|58/100 brn|[from] brn
|-damage|p2a: Umbreon|84/100 brn|[from] brn
|upkeep
|turn|21
|
|t:|1779936262
|move|p1a: Alomomola|Scald|p2a: Umbreon
|-damage|p2a: Umbreon|74/100 brn
|move|p2a: Umbreon|Curse|p2a: Umbreon
|-unboost|p2a: Umbreon|spe|1
|-boost|p2a: Umbreon|atk|1
|-boost|p2a: Umbreon|def|1
|
|-heal|p1a: Alomomola|100/100 brn|[from] move: Wish|[wisher] Alomomola
|-damage|p1a: Alomomola|94/100 brn|[from] brn
|-damage|p2a: Umbreon|68/100 brn|[from] brn
|upkeep
|turn|22
|
|t:|1779936286
|move|p1a: Alomomola|Scald|p2a: Umbreon
|-damage|p2a: Umbreon|58/100 brn
|move|p2a: Umbreon|Curse|p2a: Umbreon
|-unboost|p2a: Umbreon|spe|1
|-boost|p2a: Umbreon|atk|1
|-boost|p2a: Umbreon|def|1
|
|-damage|p1a: Alomomola|88/100 brn|[from] brn
|-damage|p2a: Umbreon|52/100 brn|[from] brn
|upkeep
|turn|23
|
|t:|1779936298
|move|p1a: Alomomola|Protect|p1a: Alomomola
|-singleturn|p1a: Alomomola|Protect
|move|p2a: Umbreon|Crunch|p1a: Alomomola
|-activate|p1a: Alomomola|move: Protect
|
|-damage|p1a: Alomomola|82/100 brn|[from] brn
|-damage|p2a: Umbreon|46/100 brn|[from] brn
|upkeep
|turn|24
|
|t:|1779936310
|move|p1a: Alomomola|Scald|p2a: Umbreon
|-damage|p2a: Umbreon|37/100 brn
|move|p2a: Umbreon|Crunch|p1a: Alomomola
|-damage|p1a: Alomomola|44/100 brn
|-damage|p2a: Umbreon|20/100 brn|[from] item: Rocky Helmet|[of] p1a: Alomomola
|
|-damage|p1a: Alomomola|37/100 brn|[from] brn
|-damage|p2a: Umbreon|14/100 brn|[from] brn
|upkeep
|turn|25
|
|t:|1779936322
|move|p1a: Alomomola|Scald|p2a: Umbreon
|-damage|p2a: Umbreon|4/100 brn
|move|p2a: Umbreon|Moonlight|p2a: Umbreon
|-heal|p2a: Umbreon|54/100 brn
|
|-damage|p1a: Alomomola|31/100 brn|[from] brn
|-damage|p2a: Umbreon|48/100 brn|[from] brn
|upkeep
|turn|26
|
|t:|1779936338
|move|p1a: Alomomola|Wish|p1a: Alomomola
|move|p2a: Umbreon|Crunch|p1a: Alomomola
|-damage|p1a: Alomomola|0 fnt
|-damage|p2a: Umbreon|31/100 brn|[from] item: Rocky Helmet|[of] p1a: Alomomola
|faint|p1a: Alomomola
|
|-damage|p2a: Umbreon|25/100 brn|[from] brn
|upkeep
|inactive|zj2725 has 60 seconds left.
|
|t:|1779936369
|switch|p1a: Tyranitar|Tyranitar, F, shiny|92/100
|-weather|Sandstorm|[from] ability: Sand Stream|[of] p1a: Tyranitar
|turn|27
|
|t:|1779936381
|move|p1a: Tyranitar|Stone Edge|p2a: Umbreon|[miss]
|-miss|p1a: Tyranitar|p2a: Umbreon
|move|p2a: Umbreon|Moonlight|p2a: Umbreon
|-heal|p2a: Umbreon|50/100 brn
|
|-weather|Sandstorm|[upkeep]
|-damage|p2a: Umbreon|44/100 brn|[from] Sandstorm
|-heal|p1a: Tyranitar|100/100|[from] move: Wish|[wisher] Alomomola
|-damage|p2a: Umbreon|38/100 brn|[from] brn
|upkeep
|turn|28
|
|t:|1779936393
|move|p1a: Tyranitar|Stone Edge|p2a: Umbreon
|-resisted|p2a: Umbreon
|-damage|p2a: Umbreon|32/100 brn
|move|p2a: Umbreon|Moonlight|p2a: Umbreon
|-heal|p2a: Umbreon|57/100 brn
|
|-weather|Sandstorm|[upkeep]
|-damage|p2a: Umbreon|51/100 brn|[from] Sandstorm
|-damage|p2a: Umbreon|45/100 brn|[from] brn
|upkeep
|turn|29
|inactive|zj2725 has 30 seconds left.
|
|t:|1779936424
|move|p1a: Tyranitar|Thunder Punch|p2a: Umbreon
|-damage|p2a: Umbreon|38/100 brn
|move|p2a: Umbreon|Double Kick|p1a: Tyranitar
|-supereffective|p1a: Tyranitar
|-damage|p1a: Tyranitar|29/100
|-supereffective|p1a: Tyranitar
|-damage|p1a: Tyranitar|0 fnt
|faint|p1a: Tyranitar
|-hitcount|p1: Tyranitar|2
|
|-weather|Sandstorm|[upkeep]
|-damage|p2a: Umbreon|32/100 brn|[from] Sandstorm
|-damage|p2a: Umbreon|26/100 brn|[from] brn
|upkeep
|inactive|zj2725 has 30 seconds left this turn.
|inactive|zj2725 has 20 seconds left.
|inactive|zj2725 has 15 seconds left.
|
|t:|1779936443
|switch|p1a: Scizor|Scizor, M|84/100
|turn|30
|inactive|zj2725 has 25 seconds left this turn.
|inactive|zj2725 has 20 seconds left.
|
|t:|1779936448
|move|p1a: Scizor|Close Combat|p2a: Umbreon
|-damage|p2a: Umbreon|9/100 brn
|-unboost|p1a: Scizor|def|1
|-unboost|p1a: Scizor|spd|1
|move|p2a: Umbreon|Moonlight|p2a: Umbreon
|-heal|p2a: Umbreon|34/100 brn
|
|-weather|Sandstorm|[upkeep]
|-damage|p2a: Umbreon|28/100 brn|[from] Sandstorm
|-damage|p2a: Umbreon|22/100 brn|[from] brn
|upkeep
|turn|31
|inactive|zj2725 has 30 seconds left this turn.
|inactive|zj2725 has 20 seconds left.
|
|t:|1779936465
|move|p1a: Scizor|Close Combat|p2a: Umbreon
|-damage|p2a: Umbreon|8/100 brn
|-unboost|p1a: Scizor|def|1
|-unboost|p1a: Scizor|spd|1
|move|p2a: Umbreon|Crunch|p1a: Scizor
|-damage|p1a: Scizor|0 fnt
|faint|p1a: Scizor
|
|-weather|none
|-damage|p2a: Umbreon|2/100 brn|[from] brn
|upkeep
|inactive|zj2725 has 25 seconds left this turn.
|inactive|zj2725 has 20 seconds left.
|inactive|zj2725 has 15 seconds left.
|
|t:|1779936476
|switch|p1a: Iron Treads|Iron Treads|100/100
|turn|32
|inactive|zj2725 has 25 seconds left this turn.
|inactive|zj2725 has 20 seconds left.
|inactive|zj2725 has 15 seconds left.
|
|t:|1779936488
|move|p1a: Iron Treads|Iron Head|p2a: Umbreon
|-damage|p2a: Umbreon|0 fnt
|faint|p2a: Umbreon
|
|upkeep
|
|t:|1779936494
|switch|p2a: Vaporeon|Vaporeon, F, shiny|100/100
|turn|33
|inactive|zj2725 has 30 seconds left this turn.
|
|t:|1779936501
|move|p2a: Vaporeon|Flip Turn|p1a: Iron Treads
|-supereffective|p1a: Iron Treads
|-damage|p1a: Iron Treads|74/100
|
|t:|1779936506
|switch|p2a: Sylveon|Sylveon, M|100/100|[from] Flip Turn
|move|p1a: Iron Treads|Iron Head|p2a: Sylveon
|-supereffective|p2a: Sylveon
|-damage|p2a: Sylveon|9/100
|
|upkeep
|turn|34
|
|t:|1779936514
|move|p2a: Sylveon|Quick Attack|p1a: Iron Treads
|-resisted|p1a: Iron Treads
|-damage|p1a: Iron Treads|62/100
|move|p1a: Iron Treads|Iron Head|p2a: Sylveon
|-supereffective|p2a: Sylveon
|-damage|p2a: Sylveon|0 fnt
|faint|p2a: Sylveon
|
|upkeep
|
|t:|1779936522
|switch|p2a: Vaporeon|Vaporeon, F, shiny|100/100
|turn|35
|
|t:|1779936530
|move|p2a: Vaporeon|Hydro Pump|p1a: Iron Treads
|-supereffective|p1a: Iron Treads
|-damage|p1a: Iron Treads|0 fnt
|faint|p1a: Iron Treads
|-end|p1a: Iron Treads|Quark Drive|[silent]
|
|win|itstheboyjay
|raw|zj2725's rating: 1132 &rarr; <strong>1106</strong><br />(-26 for losing)
|raw|itstheboyjay's rating: 1121 &rarr; <strong>1147</strong><br />(+26 for winning)
|l|☆zj2725
|player|p1|
|l|☆itstheboyjay
|player|p2|
