|j|☆claudechamp
|j|☆Skorpion94
|t:|1779880195
|gametype|singles
|player|p1|claudechamp|169|1321
|player|p2|Skorpion94|gentleman|1330
|gen|9
|tier|[Gen 9] OU
|rated|
|rule|HP Percentage Mod: HP is shown in percentages
|rule|Endless Battle Clause: Forcing endless battles is banned
|rule|Species Clause: Limit one of each Pokémon
|rule|OHKO Clause: OHKO moves are banned
|rule|Evasion Items Clause: Evasion items are banned
|rule|Evasion Moves Clause: Evasion moves are banned
|rule|Evasion Abilities Clause: Evasion abilities are banned
|rule|Sleep Moves Clause: Sleep-inducing moves are banned
|clearpoke
|poke|p1|Corviknight, M|
|poke|p1|Ting-Lu|
|poke|p1|Kyurem|
|poke|p1|Dondozo, M|
|poke|p1|Slowking-Galar, F|
|poke|p1|Cinderace, M|
|poke|p2|Ursaluna, M|
|poke|p2|Corviknight, F|
|poke|p2|Iron Valiant|
|poke|p2|Skeledirge, F|
|poke|p2|Lokix, F|
|poke|p2|Slowking, M|
|teampreview
|c|☆claudechamp|hf
|inactive|Battle timer is ON: inactive players will automatically lose when time's up. (requested by claudechamp)
|
|t:|1779880220
|teamsize|p1|6
|teamsize|p2|6
|start
|switch|p1a: Cinderace|Cinderace, M|100/100
|switch|p2a: Slowking|Slowking, M|100/100
|turn|1
|
|t:|1779880232
|move|p1a: Cinderace|Pyro Ball|p2a: Slowking
|-resisted|p2a: Slowking
|-damage|p2a: Slowking|82/100
|-prepare|p2a: Slowking|Chilly Reception|[premajor]
|move|p2a: Slowking|Chilly Reception|p2a: Slowking
|-weather|Snowscape
|
|t:|1779880238
|switch|p2a: Ursaluna|Ursaluna, M|100/100|[from] Chilly Reception
|
|-weather|Snowscape|[upkeep]
|-status|p2a: Ursaluna|brn|[from] item: Flame Orb
|upkeep
|turn|2
|
|t:|1779880250
|switch|p1a: Kyurem|Kyurem|100/100
|-ability|p1a: Kyurem|Pressure
|move|p2a: Ursaluna|Facade|p1a: Kyurem
|-damage|p1a: Kyurem|21/100
|
|-weather|Snowscape|[upkeep]
|-heal|p1a: Kyurem|27/100|[from] item: Leftovers
|-damage|p2a: Ursaluna|94/100 brn|[from] brn
|upkeep
|turn|3
|
|t:|1779880261
|switch|p2a: Skeledirge|Skeledirge, F|100/100
|-item|p2a: Skeledirge|Air Balloon
|move|p1a: Kyurem|Freeze-Dry|p2a: Skeledirge
|-resisted|p2a: Skeledirge
|-damage|p2a: Skeledirge|88/100
|-enditem|p2a: Skeledirge|Air Balloon
|
|-weather|Snowscape|[upkeep]
|-heal|p1a: Kyurem|33/100|[from] item: Leftovers
|upkeep
|turn|4
|
|t:|1779880276
|move|p1a: Kyurem|Earth Power|p2a: Skeledirge
|-supereffective|p2a: Skeledirge
|-damage|p2a: Skeledirge|44/100
|-unboost|p2a: Skeledirge|spd|1
|move|p2a: Skeledirge|Torch Song|p1a: Kyurem
|-damage|p1a: Kyurem|4/100
|-boost|p2a: Skeledirge|spa|1
|
|-weather|Snowscape|[upkeep]
|-heal|p1a: Kyurem|10/100|[from] item: Leftovers
|upkeep
|turn|5
|inactive|Skorpion94 has 120 seconds left.
|
|t:|1779880307
|switch|p2a: Lokix|Lokix, F|100/100
|move|p1a: Kyurem|Earth Power|p2a: Lokix
|-resisted|p2a: Lokix
|-damage|p2a: Lokix|69/100
|
|-weather|none
|-heal|p1a: Kyurem|16/100|[from] item: Leftovers
|upkeep
|turn|6
|inactive|Skorpion94 has 120 seconds left.
|
|t:|1779880317
|move|p2a: Lokix|First Impression|p1a: Kyurem
|-damage|p1a: Kyurem|0 fnt
|faint|p1a: Kyurem
|
|upkeep
|
|t:|1779880328
|switch|p1a: Dondozo|Dondozo, M|100/100
|turn|7
|inactive|Skorpion94 has 120 seconds left.
|
|t:|1779880346
|move|p2a: Lokix|U-turn|p1a: Dondozo
|-damage|p1a: Dondozo|78/100
|inactive|Skorpion94 has 120 seconds left.
|
|t:|1779880358
|switch|p2a: Slowking|Slowking, M|100/100|[from] U-turn
|move|p1a: Dondozo|Waterfall|p2a: Slowking
|-resisted|p2a: Slowking
|-damage|p2a: Slowking|90/100
|
|-heal|p1a: Dondozo|85/100|[from] item: Leftovers
|upkeep
|turn|8
|inactive|Skorpion94 has 120 seconds left.
|
|t:|1779880376
|move|p1a: Dondozo|Waterfall|p2a: Slowking
|-resisted|p2a: Slowking
|-damage|p2a: Slowking|80/100
|move|p2a: Slowking|Future Sight|p1a: Dondozo
|-start|p2a: Slowking|move: Future Sight
|
|-heal|p1a: Dondozo|91/100|[from] item: Leftovers
|upkeep
|turn|9
|
|t:|1779880393
|move|p1a: Dondozo|Curse|p1a: Dondozo
|-unboost|p1a: Dondozo|spe|1
|-boost|p1a: Dondozo|atk|1
|-boost|p1a: Dondozo|def|1
|move|p2a: Slowking|Scald|p1a: Dondozo
|-resisted|p1a: Dondozo
|-damage|p1a: Dondozo|82/100
|
|-heal|p1a: Dondozo|88/100|[from] item: Leftovers
|upkeep
|turn|10
|inactive|Skorpion94 has 120 seconds left.
|
|t:|1779880407
|move|p1a: Dondozo|Curse|p1a: Dondozo
|-unboost|p1a: Dondozo|spe|1
|-boost|p1a: Dondozo|atk|1
|-boost|p1a: Dondozo|def|1
|-prepare|p2a: Slowking|Chilly Reception|[premajor]
|move|p2a: Slowking|Chilly Reception|p2a: Slowking
|-weather|Snowscape
|
|t:|1779880414
|switch|p2a: Iron Valiant|Iron Valiant|100/100|[from] Chilly Reception
|
|-weather|Snowscape|[upkeep]
|-end|p1a: Dondozo|move: Future Sight
|-damage|p1a: Dondozo|64/100
|-heal|p1a: Dondozo|70/100|[from] item: Leftovers
|upkeep
|turn|11
|inactive|Skorpion94 has 120 seconds left.
|
|t:|1779880434
|move|p2a: Iron Valiant|Shadow Ball|p1a: Dondozo
|-damage|p1a: Dondozo|44/100
|move|p1a: Dondozo|Waterfall|p2a: Iron Valiant
|-damage|p2a: Iron Valiant|36/100
|
|-weather|Snowscape|[upkeep]
|-heal|p1a: Dondozo|50/100|[from] item: Leftovers
|upkeep
|turn|12
|
|t:|1779880443
|-end|p2a: Iron Valiant|Quark Drive|[silent]
|switch|p2a: Corviknight|Corviknight, F|100/100
|-ability|p2a: Corviknight|Pressure
|-terastallize|p1a: Dondozo|Dark
|move|p1a: Dondozo|Waterfall|p2a: Corviknight
|-damage|p2a: Corviknight|70/100
|-damage|p1a: Dondozo|33/100|[from] item: Rocky Helmet|[of] p2a: Corviknight
|
|-weather|Snowscape|[upkeep]
|-heal|p1a: Dondozo|39/100|[from] item: Leftovers
|upkeep
|turn|13
|
|t:|1779880460
|move|p2a: Corviknight|Roost|p2a: Corviknight
|-heal|p2a: Corviknight|100/100
|-singleturn|p2a: Corviknight|move: Roost
|move|p1a: Dondozo|Rest|p1a: Dondozo
|-status|p1a: Dondozo|slp|[from] move: Rest
|-heal|p1a: Dondozo|100/100 slp|[silent]
|
|-weather|Snowscape|[upkeep]
|upkeep
|turn|14
|
|t:|1779880466
|move|p2a: Corviknight|U-turn|p1a: Dondozo
|-supereffective|p1a: Dondozo
|-damage|p1a: Dondozo|92/100 slp
|
|t:|1779880468
|switch|p2a: Iron Valiant|Iron Valiant|36/100|[from] U-turn
|cant|p1a: Dondozo|slp
|
|-weather|none
|-heal|p1a: Dondozo|98/100 slp|[from] item: Leftovers
|upkeep
|turn|15
|
|t:|1779880477
|move|p2a: Iron Valiant|Moonblast|p1a: Dondozo
|-supereffective|p1a: Dondozo
|-damage|p1a: Dondozo|2/100 slp
|cant|p1a: Dondozo|slp
|
|-heal|p1a: Dondozo|8/100 slp|[from] item: Leftovers
|upkeep
|turn|16
|
|t:|1779880485
|switch|p1a: Slowking|Slowking-Galar, F|100/100
|move|p2a: Iron Valiant|Moonblast|p1a: Slowking
|-resisted|p1a: Slowking
|-damage|p1a: Slowking|72/100
|
|upkeep
|turn|17
|
|t:|1779880490
|-end|p2a: Iron Valiant|Quark Drive|[silent]
|switch|p2a: Skeledirge|Skeledirge, F|44/100
|move|p1a: Slowking|Sludge Bomb|p2a: Skeledirge
|-resisted|p2a: Skeledirge
|-damage|p2a: Skeledirge|32/100
|
|upkeep
|turn|18
|
|t:|1779880497
|move|p2a: Skeledirge|Slack Off|p2a: Skeledirge
|-heal|p2a: Skeledirge|82/100
|move|p1a: Slowking|Future Sight|p2a: Skeledirge
|-start|p1a: Slowking|move: Future Sight
|
|upkeep
|turn|19
|
|t:|1779880508
|move|p2a: Skeledirge|Torch Song|p1a: Slowking
|-damage|p1a: Slowking|49/100
|-boost|p2a: Skeledirge|spa|1
|move|p1a: Slowking|Future Sight||[still]
|-fail|p1a: Slowking
|
|upkeep
|turn|20
|
|t:|1779880517
|switch|p1a: Ting-Lu|Ting-Lu|100/100
|-ability|p1a: Ting-Lu|Vessel of Ruin
|move|p2a: Skeledirge|Earth Power|p1a: Ting-Lu
|-damage|p1a: Ting-Lu|87/100
|
|-end|p2a: Skeledirge|move: Future Sight
|-damage|p2a: Skeledirge|59/100
|-heal|p1a: Ting-Lu|94/100|[from] item: Leftovers
|upkeep
|turn|21
|
|t:|1779880531
|switch|p2a: Slowking|Slowking, M|100/100
|move|p1a: Ting-Lu|Earthquake|p2a: Slowking
|-damage|p2a: Slowking|72/100
|
|-heal|p1a: Ting-Lu|99/100|[from] item: Leftovers
|upkeep
|turn|22
|
|t:|1779880539
|move|p1a: Ting-Lu|Earthquake|p2a: Slowking
|-damage|p2a: Slowking|47/100
|move|p2a: Slowking|Scald|p1a: Ting-Lu
|-supereffective|p1a: Ting-Lu
|-damage|p1a: Ting-Lu|77/100
|
|-heal|p1a: Ting-Lu|84/100|[from] item: Leftovers
|upkeep
|turn|23
|
|t:|1779880548
|move|p1a: Ting-Lu|Earthquake|p2a: Slowking
|-damage|p2a: Slowking|21/100
|move|p2a: Slowking|Scald|p1a: Ting-Lu
|-supereffective|p1a: Ting-Lu
|-damage|p1a: Ting-Lu|61/100
|
|-heal|p1a: Ting-Lu|67/100|[from] item: Leftovers
|upkeep
|turn|24
|
|t:|1779880558
|switch|p2a: Corviknight|Corviknight, F|100/100
|-ability|p2a: Corviknight|Pressure
|move|p1a: Ting-Lu|Earthquake|p2a: Corviknight
|-immune|p2a: Corviknight
|
|-heal|p1a: Ting-Lu|73/100|[from] item: Leftovers
|upkeep
|turn|25
|
|t:|1779880571
|switch|p1a: Slowking|Slowking-Galar, F|82/100
|move|p2a: Corviknight|U-turn|p1a: Slowking
|-damage|p1a: Slowking|72/100
|
|t:|1779880578
|switch|p2a: Ursaluna|Ursaluna, M|94/100 brn|[from] U-turn
|
|-damage|p2a: Ursaluna|88/100 brn|[from] brn
|upkeep
|turn|26
|
|t:|1779880584
|switch|p1a: Corviknight|Corviknight, M|100/100
|-ability|p1a: Corviknight|Pressure
|move|p2a: Ursaluna|Facade|p1a: Corviknight
|-resisted|p1a: Corviknight
|-damage|p1a: Corviknight|62/100
|-damage|p2a: Ursaluna|72/100 brn|[from] item: Rocky Helmet|[of] p1a: Corviknight
|
|-damage|p2a: Ursaluna|66/100 brn|[from] brn
|upkeep
|turn|27
|
|t:|1779880604
|switch|p2a: Slowking|Slowking, M|54/100
|move|p1a: Corviknight|Roost|p1a: Corviknight
|-heal|p1a: Corviknight|100/100
|-singleturn|p1a: Corviknight|move: Roost
|
|upkeep
|turn|28
|
|t:|1779880609
|move|p1a: Corviknight|U-turn|p2a: Slowking
|-supereffective|p2a: Slowking
|-damage|p2a: Slowking|34/100
|
|t:|1779880609
|switch|p1a: Slowking|Slowking-Galar, F|100/100|[from] U-turn
|move|p2a: Slowking|Scald|p1a: Slowking
|-damage|p1a: Slowking|80/100
|-status|p1a: Slowking|brn
|
|-damage|p1a: Slowking|74/100 brn|[from] brn
|upkeep
|turn|29
|
|t:|1779880616
|switch|p2a: Skeledirge|Skeledirge, F|59/100
|-prepare|p1a: Slowking|Chilly Reception|[premajor]
|move|p1a: Slowking|Chilly Reception|p1a: Slowking
|-weather|Snowscape
|
|t:|1779880627
|switch|p1a: Ting-Lu|Ting-Lu|73/100|[from] Chilly Reception
|-ability|p1a: Ting-Lu|Vessel of Ruin
|
|-weather|Snowscape|[upkeep]
|-heal|p1a: Ting-Lu|80/100|[from] item: Leftovers
|upkeep
|turn|30
|
|t:|1779880638
|switch|p2a: Corviknight|Corviknight, F|100/100
|-ability|p2a: Corviknight|Pressure
|move|p1a: Ting-Lu|Earthquake|p2a: Corviknight
|-immune|p2a: Corviknight
|
|-weather|Snowscape|[upkeep]
|-heal|p1a: Ting-Lu|86/100|[from] item: Leftovers
|upkeep
|turn|31
|
|t:|1779880651
|switch|p1a: Slowking|Slowking-Galar, F|100/100 brn
|move|p2a: Corviknight|U-turn|p1a: Slowking
|-damage|p1a: Slowking|91/100 brn
|
|t:|1779880656
|switch|p2a: Ursaluna|Ursaluna, M|66/100 brn|[from] U-turn
|
|-weather|Snowscape|[upkeep]
|-damage|p2a: Ursaluna|60/100 brn|[from] brn
|-damage|p1a: Slowking|85/100 brn|[from] brn
|upkeep
|turn|32
|
|t:|1779880663
|switch|p1a: Corviknight|Corviknight, M|100/100
|-ability|p1a: Corviknight|Pressure
|move|p2a: Ursaluna|Fire Punch|p1a: Corviknight
|-supereffective|p1a: Corviknight
|-damage|p1a: Corviknight|44/100
|-damage|p2a: Ursaluna|43/100 brn|[from] item: Rocky Helmet|[of] p1a: Corviknight
|
|-weather|Snowscape|[upkeep]
|-damage|p2a: Ursaluna|37/100 brn|[from] brn
|upkeep
|turn|33
|
|t:|1779880673
|move|p2a: Ursaluna|Fire Punch|p1a: Corviknight
|-supereffective|p1a: Corviknight
|-damage|p1a: Corviknight|0 fnt
|-damage|p2a: Ursaluna|21/100 brn|[from] item: Rocky Helmet|[of] p1a: Corviknight
|faint|p1a: Corviknight
|
|-weather|none
|-damage|p2a: Ursaluna|15/100 brn|[from] brn
|upkeep
|
|t:|1779880687
|switch|p1a: Cinderace|Cinderace, M|100/100
|turn|34
|
|t:|1779880692
|switch|p2a: Slowking|Slowking, M|68/100
|move|p1a: Cinderace|Pyro Ball|p2a: Slowking
|-resisted|p2a: Slowking
|-crit|p2a: Slowking
|-damage|p2a: Slowking|41/100
|
|upkeep
|turn|35
|
|t:|1779880701
|switch|p2a: Corviknight|Corviknight, F|100/100
|-ability|p2a: Corviknight|Pressure
|move|p1a: Cinderace|U-turn|p2a: Corviknight
|-resisted|p2a: Corviknight
|-damage|p2a: Corviknight|98/100
|-damage|p1a: Cinderace|84/100|[from] item: Rocky Helmet|[of] p2a: Corviknight
|
|t:|1779880713
|switch|p1a: Slowking|Slowking-Galar, F|100/100 brn|[from] U-turn
|
|-damage|p1a: Slowking|94/100 brn|[from] brn
|upkeep
|turn|36
|
|t:|1779880729
|move|p2a: Corviknight|U-turn|p1a: Slowking
|-damage|p1a: Slowking|85/100 brn
|
|t:|1779880733
|switch|p2a: Skeledirge|Skeledirge, F|59/100|[from] U-turn
|-prepare|p1a: Slowking|Chilly Reception|[premajor]
|move|p1a: Slowking|Chilly Reception|p1a: Slowking
|-weather|Snowscape
|
|t:|1779880743
|switch|p1a: Ting-Lu|Ting-Lu|86/100|[from] Chilly Reception
|-ability|p1a: Ting-Lu|Vessel of Ruin
|
|-weather|Snowscape|[upkeep]
|-heal|p1a: Ting-Lu|92/100|[from] item: Leftovers
|upkeep
|turn|37
|
|t:|1779880763
|switch|p2a: Corviknight|Corviknight, F|98/100
|-ability|p2a: Corviknight|Pressure
|move|p1a: Ting-Lu|Earthquake|p2a: Corviknight
|-immune|p2a: Corviknight
|
|-weather|Snowscape|[upkeep]
|-heal|p1a: Ting-Lu|98/100|[from] item: Leftovers
|upkeep
|turn|38
|
|t:|1779880775
|switch|p1a: Slowking|Slowking-Galar, F|100/100 brn
|move|p2a: Corviknight|U-turn|p1a: Slowking
|-damage|p1a: Slowking|90/100 brn
|
|t:|1779880781
|switch|p2a: Ursaluna|Ursaluna, M|15/100 brn|[from] U-turn
|
|-weather|Snowscape|[upkeep]
|-damage|p2a: Ursaluna|9/100 brn|[from] brn
|-damage|p1a: Slowking|84/100 brn|[from] brn
|upkeep
|turn|39
|
|t:|1779880789
|switch|p1a: Ting-Lu|Ting-Lu|98/100
|-ability|p1a: Ting-Lu|Vessel of Ruin
|move|p2a: Ursaluna|Facade|p1a: Ting-Lu
|-damage|p1a: Ting-Lu|34/100
|
|-weather|Snowscape|[upkeep]
|-heal|p1a: Ting-Lu|40/100|[from] item: Leftovers
|-damage|p2a: Ursaluna|3/100 brn|[from] brn
|upkeep
|turn|40
|
|t:|1779880799
|move|p2a: Ursaluna|Drain Punch|p1a: Ting-Lu
|-supereffective|p1a: Ting-Lu
|-crit|p1a: Ting-Lu
|-damage|p1a: Ting-Lu|0 fnt
|-heal|p2a: Ursaluna|26/100 brn|[from] drain|[of] p1a: Ting-Lu
|faint|p1a: Ting-Lu
|
|-weather|none
|-damage|p2a: Ursaluna|20/100 brn|[from] brn
|upkeep
|
|t:|1779880809
|switch|p1a: Slowking|Slowking-Galar, F|100/100 brn
|turn|41
|
|t:|1779880819
|move|p2a: Ursaluna|Headlong Rush|p1a: Slowking
|-supereffective|p1a: Slowking
|-enditem|p1a: Slowking|Shuca Berry|[eat]
|-enditem|p1a: Slowking|Shuca Berry|[weaken]
|-damage|p1a: Slowking|24/100 brn
|-unboost|p2a: Ursaluna|def|1
|-unboost|p2a: Ursaluna|spd|1
|-prepare|p1a: Slowking|Chilly Reception|[premajor]
|move|p1a: Slowking|Chilly Reception|p1a: Slowking
|-weather|Snowscape
|
|t:|1779880828
|switch|p1a: Cinderace|Cinderace, M|84/100|[from] Chilly Reception
|
|-weather|Snowscape|[upkeep]
|-damage|p2a: Ursaluna|14/100 brn|[from] brn
|upkeep
|turn|42
|
|t:|1779880836
|switch|p2a: Slowking|Slowking, M|74/100
|move|p1a: Cinderace|Pyro Ball|p2a: Slowking|[miss]
|-miss|p1a: Cinderace|p2a: Slowking
|
|-weather|Snowscape|[upkeep]
|upkeep
|turn|43
|j| samurajen
|
|t:|1779880849
|move|p1a: Cinderace|U-turn|p2a: Slowking
|-supereffective|p2a: Slowking
|-damage|p2a: Slowking|47/100
|
|t:|1779880855
|switch|p1a: Slowking|Slowking-Galar, F|57/100 brn|[from] U-turn
|move|p2a: Slowking|Future Sight|p1a: Slowking
|-start|p2a: Slowking|move: Future Sight
|
|-weather|Snowscape|[upkeep]
|-damage|p1a: Slowking|51/100 brn|[from] brn
|upkeep
|turn|44
|
|t:|1779880865
|-prepare|p2a: Slowking|Chilly Reception|[premajor]
|move|p2a: Slowking|Chilly Reception|p2a: Slowking
|
|t:|1779880879
|switch|p2a: Skeledirge|Skeledirge, F|59/100|[from] Chilly Reception
|-prepare|p1a: Slowking|Chilly Reception|[premajor]
|move|p1a: Slowking|Chilly Reception|p1a: Slowking
|
|t:|1779880887
|switch|p1a: Cinderace|Cinderace, M|84/100|[from] Chilly Reception
|
|-weather|Snowscape|[upkeep]
|upkeep
|turn|45
|
|t:|1779880897
|move|p1a: Cinderace|Pyro Ball|p2a: Skeledirge
|-resisted|p2a: Skeledirge
|-damage|p2a: Skeledirge|38/100
|move|p2a: Skeledirge|Earth Power|p1a: Cinderace
|-supereffective|p1a: Cinderace
|-damage|p1a: Cinderace|25/100
|
|-weather|none
|-end|p1a: Cinderace|move: Future Sight
|-damage|p1a: Cinderace|0 fnt
|faint|p1a: Cinderace
|upkeep
|
|t:|1779880906
|switch|p1a: Slowking|Slowking-Galar, F|84/100 brn
|turn|46
|
|t:|1779880916
|move|p2a: Skeledirge|Slack Off|p2a: Skeledirge
|-heal|p2a: Skeledirge|89/100
|move|p1a: Slowking|Ice Beam|p2a: Skeledirge
|-resisted|p2a: Skeledirge
|-damage|p2a: Skeledirge|80/100
|
|-damage|p1a: Slowking|78/100 brn|[from] brn
|upkeep
|turn|47
|
|t:|1779880925
|move|p2a: Skeledirge|Shadow Ball|p1a: Slowking
|-supereffective|p1a: Slowking
|-damage|p1a: Slowking|29/100 brn
|-unboost|p1a: Slowking|spd|1
|move|p1a: Slowking|Ice Beam|p2a: Skeledirge
|-resisted|p2a: Skeledirge
|-damage|p2a: Skeledirge|71/100
|
|-damage|p1a: Slowking|23/100 brn|[from] brn
|upkeep
|turn|48
|
|t:|1779880936
|move|p2a: Skeledirge|Shadow Ball|p1a: Slowking
|-supereffective|p1a: Slowking
|-damage|p1a: Slowking|0 fnt
|faint|p1a: Slowking
|
|upkeep
|
|t:|1779880942
|switch|p1a: Dondozo|Dondozo, M, tera:Dark|8/100 slp
|turn|49
|
|t:|1779880948
|switch|p2a: Iron Valiant|Iron Valiant|36/100
|-curestatus|p1a: Dondozo|slp|[msg]
|move|p1a: Dondozo|Rest|p1a: Dondozo
|-status|p1a: Dondozo|slp|[from] move: Rest
|-heal|p1a: Dondozo|100/100 slp|[silent]
|
|upkeep
|turn|50
|
|t:|1779880956
|move|p2a: Iron Valiant|Moonblast|p1a: Dondozo
|-supereffective|p1a: Dondozo
|-damage|p1a: Dondozo|12/100 slp
|cant|p1a: Dondozo|slp
|
|-heal|p1a: Dondozo|18/100 slp|[from] item: Leftovers
|upkeep
|turn|51
|
|t:|1779880961
|move|p2a: Iron Valiant|Moonblast|p1a: Dondozo
|-supereffective|p1a: Dondozo
|-damage|p1a: Dondozo|0 fnt
|faint|p1a: Dondozo
|
|win|Skorpion94
|raw|claudechamp's rating: 1258 &rarr; <strong>1238</strong><br />(-20 for losing)
|raw|Skorpion94's rating: 1330 &rarr; <strong>1346</strong><br />(+16 for winning)
|c|☆claudechamp|gg
