|j|☆0c3an m4n
|j|☆owl_with_scarf
|t:|1779927032
|gametype|singles
|player|p1|0c3an m4n|marlon|1635
|player|p2|owl_with_scarf|#owlwithscarf|1722
|gen|9
|tier|[Gen 9] OU
|rated|
|rule|HP Percentage Mod: HP is shown in percentages
|rule|Endless Battle Clause: Forcing endless battles is banned
|rule|Species Clause: Limit one of each Pokémon
|rule|OHKO Clause: OHKO moves are banned
|rule|Evasion Items Clause: Evasion items are banned
|rule|Evasion Moves Clause: Evasion moves are banned
|rule|Evasion Abilities Clause: Evasion abilities are banned
|rule|Sleep Moves Clause: Sleep-inducing moves are banned
|clearpoke
|poke|p1|Quaquaval, M|
|poke|p1|Barraskewda, F|
|poke|p1|Pelipper, M|
|poke|p1|Slither Wing|
|poke|p1|Hatterene, F|
|poke|p1|Crawdaunt, M|
|poke|p2|Diancie|
|poke|p2|Blaziken, F|
|poke|p2|Oricorio-Pom-Pom, M|
|poke|p2|Cinderace, F|
|poke|p2|Regidrago|
|poke|p2|Ursaluna, M|
|teampreview
|inactive|Battle timer is ON: inactive players will automatically lose when time's up. (requested by owl_with_scarf)
|
|t:|1779927048
|teamsize|p1|6
|teamsize|p2|6
|start
|switch|p1a: Sphyraena (Fih) 🐟|Barraskewda, F, shiny|100/100
|switch|p2a: Oricorio|Oricorio-Pom-Pom, M|100/100
|turn|1
|
|t:|1779927054
|move|p1a: Sphyraena (Fih) 🐟|Flip Turn|p2a: Oricorio
|-damage|p2a: Oricorio|56/100
|
|t:|1779927060
|switch|p1a: Si|Hatterene, F, shiny|100/100|[from] Flip Turn
|move|p2a: Oricorio|Hurricane|p1a: Si
|-damage|p1a: Si|77/100
|-start|p1a: Si|confusion
|
|-heal|p2a: Oricorio|62/100|[from] item: Leftovers
|upkeep
|turn|2
|
|t:|1779927068
|switch|p2a: Cinderace|Cinderace, F|100/100
|-activate|p1a: Si|confusion
|-damage|p1a: Si|68/100|[from] confusion
|
|upkeep
|turn|3
|
|t:|1779927073
|switch|p1a: Risk of what?|Pelipper, M, shiny|100/100
|-weather|RainDance|[from] ability: Drizzle|[of] p1a: Risk of what?
|move|p2a: Cinderace|Gunk Shot|p1a: Risk of what?
|-start|p2a: Cinderace|typechange|Poison|[from] ability: Libero
|-damage|p1a: Risk of what?|56/100
|
|-weather|RainDance|[upkeep]
|upkeep
|turn|4
|
|t:|1779927083
|move|p2a: Cinderace|Gunk Shot|p1a: Risk of what?
|-damage|p1a: Risk of what?|10/100
|move|p1a: Risk of what?|U-turn|p2a: Cinderace
|-resisted|p2a: Cinderace
|-damage|p2a: Cinderace|93/100
|
|t:|1779927086
|switch|p1a: Sphyraena (Fih) 🐟|Barraskewda, F, shiny|100/100|[from] U-turn
|
|-weather|RainDance|[upkeep]
|upkeep
|turn|5
|
|t:|1779927090
|-terastallize|p1a: Sphyraena (Fih) 🐟|Water
|move|p1a: Sphyraena (Fih) 🐟|Liquidation|p2a: Cinderace
|-damage|p2a: Cinderace|0 fnt
|faint|p2a: Cinderace
|
|-weather|RainDance|[upkeep]
|upkeep
|
|t:|1779927092
|switch|p2a: cartierGOD|Diancie|100/100
|turn|6
|
|t:|1779927094
|-terastallize|p2a: cartierGOD|Water
|move|p1a: Sphyraena (Fih) 🐟|Liquidation|p2a: cartierGOD
|-resisted|p2a: cartierGOD
|-crit|p2a: cartierGOD
|-damage|p2a: cartierGOD|22/100
|move|p2a: cartierGOD|Trick Room|p2a: cartierGOD
|-fieldstart|move: Trick Room|[of] p2a: cartierGOD
|
|-weather|RainDance|[upkeep]
|upkeep
|turn|7
|
|t:|1779927102
|switch|p1a: Si|Hatterene, F, shiny|68/100
|move|p2a: cartierGOD|Meteor Beam||[still]
|-prepare|p2a: cartierGOD|Meteor Beam
|-boost|p2a: cartierGOD|spa|1
|-enditem|p2a: cartierGOD|Power Herb
|-anim|p2a: cartierGOD|Meteor Beam|p1a: Si|[miss]
|-miss|p2a: cartierGOD|p1a: Si
|
|-weather|RainDance|[upkeep]
|upkeep
|turn|8
|
|t:|1779927107
|move|p1a: Si|Psychic|p2a: cartierGOD
|-damage|p2a: cartierGOD|0 fnt
|faint|p2a: cartierGOD
|
|-weather|RainDance|[upkeep]
|upkeep
|c|☆owl_with_scarf|Alr
|
|t:|1779927117
|switch|p2a: Ursaluna|Ursaluna, M|100/100
|turn|9
|
|t:|1779927122
|move|p1a: Si|Psychic|p2a: Ursaluna
|-damage|p2a: Ursaluna|47/100
|move|p2a: Ursaluna|Earthquake|p1a: Si
|-damage|p1a: Si|5/100
|
|-weather|RainDance|[upkeep]
|-status|p2a: Ursaluna|brn|[from] item: Flame Orb
|upkeep
|turn|10
|
|t:|1779927127
|move|p1a: Si|Psychic|p2a: Ursaluna
|-damage|p2a: Ursaluna|0 fnt
|faint|p2a: Ursaluna
|
|-weather|none
|-fieldend|move: Trick Room
|upkeep
|
|t:|1779927129
|switch|p2a: Blaziken|Blaziken, F|100/100
|turn|11
|
|t:|1779927131
|move|p2a: Blaziken|Knock Off|p1a: Si
|-damage|p1a: Si|0 fnt
|-enditem|p1a: Si|Assault Vest|[from] move: Knock Off|[of] p2a: Blaziken
|faint|p1a: Si
|
|-ability|p2a: Blaziken|Speed Boost|boost
|-boost|p2a: Blaziken|spe|1
|upkeep
|
|t:|1779927134
|switch|p1a: Risk of what?|Pelipper, M, shiny|10/100
|-weather|RainDance|[from] ability: Drizzle|[of] p1a: Risk of what?
|turn|12
|
|t:|1779927138
|move|p2a: Blaziken|Knock Off|p1a: Risk of what?
|-damage|p1a: Risk of what?|0 fnt
|-enditem|p1a: Risk of what?|Damp Rock|[from] move: Knock Off|[of] p2a: Blaziken
|faint|p1a: Risk of what?
|
|-weather|RainDance|[upkeep]
|-ability|p2a: Blaziken|Speed Boost|boost
|-boost|p2a: Blaziken|spe|1
|upkeep
|
|t:|1779927139
|switch|p1a: Sphyraena (Fih) 🐟|Barraskewda, F, shiny, tera:Water|100/100
|turn|13
|
|t:|1779927144
|move|p1a: Sphyraena (Fih) 🐟|Flip Turn|p2a: Blaziken
|-supereffective|p2a: Blaziken
|-damage|p2a: Blaziken|0 fnt
|faint|p2a: Blaziken
|
|t:|1779927147
|switch|p1a: Apernao 🔥|Crawdaunt, M, shiny|100/100|[from] Flip Turn
|
|-weather|RainDance|[upkeep]
|upkeep
|
|t:|1779927150
|switch|p2a: Oricorio|Oricorio-Pom-Pom, M|62/100
|turn|14
|
|t:|1779927154
|move|p2a: Oricorio|Revelation Dance|p1a: Apernao 🔥
|-supereffective|p1a: Apernao 🔥
|-enditem|p1a: Apernao 🔥|Focus Sash
|-damage|p1a: Apernao 🔥|1/100
|move|p1a: Apernao 🔥|Swords Dance|p1a: Apernao 🔥
|-boost|p1a: Apernao 🔥|atk|2
|-activate|p2a: Oricorio|ability: Dancer
|move|p2a: Oricorio|Swords Dance|p2a: Oricorio|[from] ability: Dancer
|-boost|p2a: Oricorio|atk|2
|
|-weather|RainDance|[upkeep]
|-heal|p2a: Oricorio|68/100|[from] item: Leftovers
|upkeep
|turn|15
|
|t:|1779927158
|move|p1a: Apernao 🔥|Aqua Jet|p2a: Oricorio
|-damage|p2a: Oricorio|0 fnt
|faint|p2a: Oricorio
|
|-weather|RainDance|[upkeep]
|upkeep
|
|t:|1779927160
|switch|p2a: Regidrago|Regidrago|100/100
|turn|16
|
|t:|1779927162
|move|p1a: Apernao 🔥|Aqua Jet|p2a: Regidrago
|-resisted|p2a: Regidrago
|-damage|p2a: Regidrago|50/100
|move|p2a: Regidrago|Scale Shot|p1a: Apernao 🔥
|-damage|p1a: Apernao 🔥|0 fnt
|faint|p1a: Apernao 🔥
|-hitcount|p1: Apernao 🔥|1
|-unboost|p2a: Regidrago|def|1
|-boost|p2a: Regidrago|spe|1
|
|-weather|RainDance|[upkeep]
|upkeep
|
|t:|1779927166
|switch|p1a: El papu|Slither Wing, shiny|100/100
|turn|17
|
|t:|1779927169
|move|p1a: El papu|First Impression|p2a: Regidrago
|-damage|p2a: Regidrago|0 fnt
|faint|p2a: Regidrago
|
|win|0c3an m4n
|raw|0c3an m4n's rating: 1635 &rarr; <strong>1660</strong><br />(+25 for winning)
|raw|owl_with_scarf's rating: 1722 &rarr; <strong>1697</strong><br />(-25 for losing)
|l|☆owl_with_scarf
|player|p2|
|l|☆0c3an m4n
|player|p1|
