|j|☆dirt09999
|j|☆bobbythehawk
|t:|1779803487
|gametype|singles
|player|p1|dirt09999|plasmagrunt-gen5bw|1105
|player|p2|bobbythehawk|aaron|1097
|gen|9
|tier|[Gen 9] OU
|rated|
|rule|HP Percentage Mod: HP is shown in percentages
|rule|Endless Battle Clause: Forcing endless battles is banned
|rule|Species Clause: Limit one of each Pokémon
|rule|OHKO Clause: OHKO moves are banned
|rule|Evasion Items Clause: Evasion items are banned
|rule|Evasion Moves Clause: Evasion moves are banned
|rule|Evasion Abilities Clause: Evasion abilities are banned
|rule|Sleep Moves Clause: Sleep-inducing moves are banned
|clearpoke
|poke|p1|Raging Bolt|
|poke|p1|Zoroark-Hisui, F|
|poke|p1|Gliscor, M|
|poke|p1|Scizor, M|
|poke|p1|Quagsire, F|
|poke|p1|Arcanine-Hisui, M|
|poke|p2|Sawsbuck, M|
|poke|p2|Torkoal, F|
|poke|p2|Toxapex, M|
|poke|p2|Gliscor, F|
|poke|p2|Tornadus-Therian, M|
|poke|p2|Iron Crown|
|teampreview
|inactive|Battle timer is ON: inactive players will automatically lose when time's up. (requested by bobbythehawk)
|
|t:|1779803511
|teamsize|p1|6
|teamsize|p2|6
|start
|switch|p1a: Tails|Gliscor, M, shiny|100/100
|switch|p2a: Toxapex|Toxapex, M|100/100
|turn|1
|
|t:|1779803518
|move|p1a: Tails|Stealth Rock|p2a: Toxapex
|-sidestart|p2: bobbythehawk|move: Stealth Rock
|move|p2a: Toxapex|Toxic Spikes|p1a: Tails
|-sidestart|p1: dirt09999|move: Toxic Spikes
|
|-status|p1a: Tails|tox|[from] item: Toxic Orb
|upkeep
|turn|2
|
|t:|1779803523
|move|p1a: Tails|Toxic Spikes|p2a: Toxapex
|-sidestart|p2: bobbythehawk|move: Toxic Spikes
|move|p2a: Toxapex|Toxic Spikes|p1a: Tails
|-sidestart|p1: dirt09999|move: Toxic Spikes
|
|upkeep
|turn|3
|
|t:|1779803532
|switch|p2a: Sawsbuck|Sawsbuck, M|100/100
|-damage|p2a: Sawsbuck|88/100|[from] Stealth Rock
|-status|p2a: Sawsbuck|psn
|move|p1a: Tails|Toxic Spikes|p2a: Sawsbuck
|-sidestart|p2: bobbythehawk|move: Toxic Spikes
|
|-damage|p2a: Sawsbuck|76/100 psn|[from] psn
|upkeep
|turn|4
|
|t:|1779803539
|move|p1a: Tails|Protect|p1a: Tails
|-singleturn|p1a: Tails|Protect
|move|p2a: Sawsbuck|Agility|p2a: Sawsbuck
|-boost|p2a: Sawsbuck|spe|2
|
|-damage|p2a: Sawsbuck|64/100 psn|[from] psn
|upkeep
|turn|5
|
|t:|1779803546
|move|p2a: Sawsbuck|Headbutt|p1a: Tails
|-damage|p1a: Tails|79/100 tox
|cant|p1a: Tails|flinch
|
|-damage|p2a: Sawsbuck|51/100 psn|[from] psn
|-heal|p1a: Tails|92/100 tox|[from] ability: Poison Heal
|upkeep
|turn|6
|
|t:|1779803551
|move|p2a: Sawsbuck|Headbutt|p1a: Tails
|-damage|p1a: Tails|70/100 tox
|cant|p1a: Tails|flinch
|
|-damage|p2a: Sawsbuck|39/100 psn|[from] psn
|-heal|p1a: Tails|83/100 tox|[from] ability: Poison Heal
|upkeep
|turn|7
|
|t:|1779803555
|move|p1a: Tails|Protect|p1a: Tails
|-singleturn|p1a: Tails|Protect
|move|p2a: Sawsbuck|Headbutt|p1a: Tails
|-activate|p1a: Tails|move: Protect
|
|-damage|p2a: Sawsbuck|27/100 psn|[from] psn
|-heal|p1a: Tails|95/100 tox|[from] ability: Poison Heal
|upkeep
|turn|8
|
|t:|1779803560
|switch|p2a: Toxapex|Toxapex, M|100/100
|-damage|p2a: Toxapex|88/100|[from] Stealth Rock
|-sideend|p2: bobbythehawk|move: Toxic Spikes|[of] p2a: Toxapex
|move|p1a: Tails|Toxic Spikes|p2a: Toxapex
|-sidestart|p2: bobbythehawk|move: Toxic Spikes
|
|-heal|p2a: Toxapex|94/100|[from] item: Leftovers
|-heal|p1a: Tails|100/100 tox|[from] ability: Poison Heal
|upkeep
|turn|9
|
|t:|1779803574
|move|p1a: Tails|Protect|p1a: Tails
|-singleturn|p1a: Tails|Protect
|move|p2a: Toxapex|Infestation|p1a: Tails
|-activate|p1a: Tails|move: Protect
|
|-heal|p2a: Toxapex|99/100|[from] item: Leftovers
|upkeep
|turn|10
|
|t:|1779803588
|switch|p1a: Scissor|Scizor, M|100/100
|switch|p2a: Tornadus|Tornadus-Therian, M|100/100
|-damage|p2a: Tornadus|76/100|[from] Stealth Rock
|
|upkeep
|turn|11
|
|t:|1779803596
|move|p1a: Scissor|Bullet Punch|p2a: Tornadus
|-damage|p2a: Tornadus|10/100
|move|p2a: Tornadus|Thief|p1a: Scissor
|-damage|p1a: Scissor|86/100
|-enditem|p1a: Scissor|Choice Band|[silent]|[from] move: Thief|[of] p2a: Tornadus
|-item|p2a: Tornadus|Choice Band|[from] move: Thief|[of] p1a: Scissor
|
|upkeep
|turn|12
|
|t:|1779803607
|move|p1a: Scissor|Bullet Punch|p2a: Tornadus
|-damage|p2a: Tornadus|0 fnt
|faint|p2a: Tornadus
|
|upkeep
|
|t:|1779803632
|switch|p2a: Toxapex|Toxapex, M|100/100
|-damage|p2a: Toxapex|88/100|[from] Stealth Rock
|-sideend|p2: bobbythehawk|move: Toxic Spikes|[of] p2a: Toxapex
|turn|13
|
|t:|1779803646
|switch|p2a: Gliscor|Gliscor, F|100/100
|-damage|p2a: Gliscor|88/100|[from] Stealth Rock
|move|p1a: Scissor|Knock Off|p2a: Gliscor
|-damage|p2a: Gliscor|51/100
|-enditem|p2a: Gliscor|Toxic Orb|[from] move: Knock Off|[of] p1a: Scissor
|
|upkeep
|turn|14
|
|t:|1779803660
|move|p1a: Scissor|Bullet Punch|p2a: Gliscor
|-damage|p2a: Gliscor|20/100
|move|p2a: Gliscor|Swords Dance|p2a: Gliscor
|-boost|p2a: Gliscor|atk|2
|
|upkeep
|turn|15
|
|t:|1779803664
|move|p2a: Gliscor|Protect|p2a: Gliscor
|-singleturn|p2a: Gliscor|Protect
|move|p1a: Scissor|Bullet Punch|p2a: Gliscor
|-activate|p2a: Gliscor|move: Protect
|
|upkeep
|turn|16
|
|t:|1779803668
|switch|p2a: Toxapex|Toxapex, M|100/100
|-damage|p2a: Toxapex|88/100|[from] Stealth Rock
|move|p1a: Scissor|Bullet Punch|p2a: Toxapex
|-resisted|p2a: Toxapex
|-damage|p2a: Toxapex|79/100
|
|-heal|p2a: Toxapex|85/100|[from] item: Leftovers
|upkeep
|turn|17
|
|t:|1779803674
|switch|p2a: Gliscor|Gliscor, F|20/100
|-damage|p2a: Gliscor|7/100|[from] Stealth Rock
|move|p1a: Scissor|Knock Off|p2a: Gliscor
|-damage|p2a: Gliscor|0 fnt
|faint|p2a: Gliscor
|
|upkeep
|
|t:|1779803683
|switch|p2a: Torkoal|Torkoal, F|100/100
|-damage|p2a: Torkoal|76/100|[from] Stealth Rock
|-weather|SunnyDay|[from] ability: Drought|[of] p2a: Torkoal
|-item|p2a: Torkoal|Air Balloon
|turn|18
|
|t:|1779803690
|move|p1a: Scissor|Close Combat|p2a: Torkoal
|-damage|p2a: Torkoal|42/100
|-unboost|p1a: Scissor|def|1
|-unboost|p1a: Scissor|spd|1
|-enditem|p2a: Torkoal|Air Balloon
|move|p2a: Torkoal|Rapid Spin|p1a: Scissor
|-resisted|p1a: Scissor
|-damage|p1a: Scissor|79/100
|-boost|p2a: Torkoal|spe|1
|-sideend|p2: bobbythehawk|Stealth Rock|[from] move: Rapid Spin|[of] p2a: Torkoal
|
|-weather|SunnyDay|[upkeep]
|upkeep
|turn|19
|
|t:|1779803707
|move|p1a: Scissor|U-turn|p2a: Torkoal
|-resisted|p2a: Torkoal
|-damage|p2a: Torkoal|27/100
|
|t:|1779803709
|switch|p1a: Whitney|Quagsire, F, shiny|100/100|[from] U-turn
|-status|p1a: Whitney|tox
|move|p2a: Torkoal|Eruption|p1a: Whitney
|-resisted|p1a: Whitney
|-damage|p1a: Whitney|82/100 tox
|
|-weather|SunnyDay|[upkeep]
|-heal|p1a: Whitney|88/100 tox|[from] item: Leftovers
|-damage|p1a: Whitney|82/100 tox|[from] psn
|upkeep
|turn|20
|
|t:|1779803719
|switch|p2a: Toxapex|Toxapex, M|100/100
|move|p1a: Whitney|Curse|p1a: Whitney
|-unboost|p1a: Whitney|spe|1
|-boost|p1a: Whitney|atk|1
|-boost|p1a: Whitney|def|1
|
|-weather|SunnyDay|[upkeep]
|-heal|p1a: Whitney|88/100 tox|[from] item: Leftovers
|-damage|p1a: Whitney|75/100 tox|[from] psn
|upkeep
|turn|21
|
|t:|1779803723
|move|p2a: Toxapex|Haze|p2a: Toxapex
|-clearallboost
|move|p1a: Whitney|Earthquake|p2a: Toxapex
|-supereffective|p2a: Toxapex
|-damage|p2a: Toxapex|56/100
|
|-weather|SunnyDay|[upkeep]
|-heal|p2a: Toxapex|62/100|[from] item: Leftovers
|-heal|p1a: Whitney|82/100 tox|[from] item: Leftovers
|-damage|p1a: Whitney|63/100 tox|[from] psn
|upkeep
|turn|22
|
|t:|1779803733
|move|p2a: Toxapex|Infestation|p1a: Whitney
|-damage|p1a: Whitney|59/100 tox
|-activate|p1a: Whitney|move: Infestation|[of] p2a: Toxapex
|move|p1a: Whitney|Encore|p2a: Toxapex
|-start|p2a: Toxapex|Encore
|
|-weather|none
|-heal|p2a: Toxapex|68/100|[from] item: Leftovers
|-heal|p1a: Whitney|65/100 tox|[from] item: Leftovers
|-damage|p1a: Whitney|40/100 tox|[from] psn
|-damage|p1a: Whitney|28/100 tox|[from] move: Infestation|[partiallytrapped]
|upkeep
|turn|23
|
|t:|1779803737
|move|p1a: Whitney|Earthquake|p2a: Toxapex
|-supereffective|p2a: Toxapex
|-damage|p2a: Toxapex|23/100
|move|p2a: Toxapex|Infestation|p1a: Whitney
|-damage|p1a: Whitney|24/100 tox
|
|-heal|p2a: Toxapex|29/100|[from] item: Leftovers
|-heal|p1a: Whitney|30/100 tox|[from] item: Leftovers
|-damage|p1a: Whitney|0 fnt|[from] psn
|faint|p1a: Whitney
|upkeep
|
|t:|1779803759
|switch|p1a: Tails|Gliscor, M, shiny|100/100 tox
|turn|24
|
|t:|1779803767
|switch|p2a: Sawsbuck|Sawsbuck, M|27/100 psn
|move|p1a: Tails|Stealth Rock|p2a: Sawsbuck
|-sidestart|p2: bobbythehawk|move: Stealth Rock
|
|-damage|p2a: Sawsbuck|14/100 psn|[from] psn
|upkeep
|turn|25
|
|t:|1779803776
|move|p1a: Tails|Protect|p1a: Tails
|-singleturn|p1a: Tails|Protect
|move|p2a: Sawsbuck|Agility|p2a: Sawsbuck
|-boost|p2a: Sawsbuck|spe|2
|
|-damage|p2a: Sawsbuck|2/100 psn|[from] psn
|upkeep
|turn|26
|
|t:|1779803783
|move|p2a: Sawsbuck|Body Slam|p1a: Tails
|-damage|p1a: Tails|73/100 tox
|move|p1a: Tails|Toxic Spikes|p2a: Sawsbuck
|-sidestart|p2: bobbythehawk|move: Toxic Spikes
|
|-damage|p2a: Sawsbuck|0 fnt|[from] psn
|faint|p2a: Sawsbuck
|-heal|p1a: Tails|85/100 tox|[from] ability: Poison Heal
|upkeep
|
|t:|1779803789
|switch|p2a: Iron Crown|Iron Crown|100/100
|-damage|p2a: Iron Crown|94/100|[from] Stealth Rock
|-enditem|p2a: Iron Crown|Booster Energy
|-activate|p2a: Iron Crown|ability: Quark Drive|[fromitem]
|-start|p2a: Iron Crown|quarkdrivespa
|turn|27
|
|t:|1779803800
|-terastallize|p2a: Iron Crown|Steel
|move|p1a: Tails|Protect|p1a: Tails
|-singleturn|p1a: Tails|Protect
|move|p2a: Iron Crown|Tachyon Cutter|p1a: Tails
|-activate|p1a: Tails|move: Protect
|
|-heal|p1a: Tails|97/100 tox|[from] ability: Poison Heal
|upkeep
|turn|28
|
|t:|1779803820
|switch|p1a: Scissor|Scizor, M|79/100
|move|p2a: Iron Crown|Focus Blast|p1a: Scissor|[miss]
|-miss|p2a: Iron Crown|p1a: Scissor
|
|upkeep
|turn|29
|
|t:|1779803831
|move|p2a: Iron Crown|Focus Blast|p1a: Scissor
|-damage|p1a: Scissor|16/100
|move|p1a: Scissor|Close Combat|p2a: Iron Crown
|-supereffective|p2a: Iron Crown
|-damage|p2a: Iron Crown|0 fnt
|-unboost|p1a: Scissor|def|1
|-unboost|p1a: Scissor|spd|1
|faint|p2a: Iron Crown
|-end|p2a: Iron Crown|Quark Drive|[silent]
|
|upkeep
|
|t:|1779803834
|switch|p2a: Toxapex|Toxapex, M|62/100
|-damage|p2a: Toxapex|50/100|[from] Stealth Rock
|-sideend|p2: bobbythehawk|move: Toxic Spikes|[of] p2a: Toxapex
|turn|30
|c|☆dirt09999|u can do more buddy
|
|t:|1779803845
|move|p1a: Scissor|Knock Off|p2a: Toxapex
|-damage|p2a: Toxapex|27/100
|-enditem|p2a: Toxapex|Leftovers|[from] move: Knock Off|[of] p1a: Scissor
|move|p2a: Toxapex|Infestation|p1a: Scissor
|-resisted|p1a: Scissor
|-damage|p1a: Scissor|13/100
|-activate|p1a: Scissor|move: Infestation|[of] p2a: Toxapex
|
|-damage|p1a: Scissor|0 fnt|[from] move: Infestation|[partiallytrapped]
|faint|p1a: Scissor
|upkeep
|
|t:|1779803867
|switch|p1a: Tails|Gliscor, M, shiny|100/100
|-status|p1a: Tails|tox
|turn|31
|
|t:|1779803880
|switch|p2a: Torkoal|Torkoal, F|27/100
|-damage|p2a: Torkoal|2/100|[from] Stealth Rock
|-weather|SunnyDay|[from] ability: Drought|[of] p2a: Torkoal
|move|p1a: Tails|Shadow Ball|p2a: Torkoal
|-damage|p2a: Torkoal|0 fnt
|faint|p2a: Torkoal
|
|-weather|SunnyDay|[upkeep]
|-damage|p1a: Tails|95/100 tox|[from] psn
|upkeep
|
|t:|1779803887
|switch|p2a: Toxapex|Toxapex, M|60/100
|-damage|p2a: Toxapex|48/100|[from] Stealth Rock
|turn|32
|
|t:|1779803898
|move|p1a: Tails|Shadow Ball|p2a: Toxapex
|-damage|p2a: Toxapex|0 fnt
|faint|p2a: Toxapex
|
|win|dirt09999
|raw|dirt09999's rating: 1105 &rarr; <strong>1129</strong><br />(+24 for winning)
|raw|bobbythehawk's rating: 1097 &rarr; <strong>1073</strong><br />(-24 for losing)
|l|☆bobbythehawk
|player|p2|
|c|☆dirt09999|g,
|l|☆dirt09999
|player|p1|
