|j|☆spreadcrosser
|j|☆Zephyri
|t:|1779902692
|gametype|singles
|player|p1|spreadcrosser|170|1387
|player|p2|Zephyri|#zephyri|1381
|gen|9
|tier|[Gen 9] OU
|rated|
|rule|HP Percentage Mod: HP is shown in percentages
|rule|Endless Battle Clause: Forcing endless battles is banned
|rule|Species Clause: Limit one of each Pokémon
|rule|OHKO Clause: OHKO moves are banned
|rule|Evasion Items Clause: Evasion items are banned
|rule|Evasion Moves Clause: Evasion moves are banned
|rule|Evasion Abilities Clause: Evasion abilities are banned
|rule|Sleep Moves Clause: Sleep-inducing moves are banned
|clearpoke
|poke|p1|Iron Hands|
|poke|p1|Greninja-*, M|
|poke|p1|Cinderace, F|
|poke|p1|Zapdos|
|poke|p1|Iron Moth|
|poke|p1|Excadrill, M|
|poke|p2|Hatterene, F|
|poke|p2|Great Tusk|
|poke|p2|Tornadus-Therian, M|
|poke|p2|Kyurem|
|poke|p2|Slowking-Galar, M|
|poke|p2|Kingambit, F|
|teampreview
|inactive|Battle timer is ON: inactive players will automatically lose when time's up. (requested by spreadcrosser)
|inactive|Zephyri has 120 seconds left.
|
|t:|1779902792
|teamsize|p1|6
|teamsize|p2|6
|start
|switch|p1a: Greninja|Greninja, M|100/100
|switch|p2a: Hatterene|Hatterene, F|100/100
|turn|1
|
|t:|1779902811
|-terastallize|p1a: Greninja|Ghost
|move|p1a: Greninja|Dark Pulse|p2a: Hatterene
|-crit|p2a: Hatterene
|-damage|p2a: Hatterene|29/100
|-damage|p1a: Greninja|91/100|[from] item: Life Orb
|move|p2a: Hatterene|Draining Kiss|p1a: Greninja
|-damage|p1a: Greninja|58/100
|-heal|p2a: Hatterene|52/100|[from] drain|[of] p1a: Greninja
|
|upkeep
|turn|2
|
|t:|1779902824
|switch|p2a: Tornadus|Tornadus-Therian, M|100/100
|move|p1a: Greninja|Dark Pulse|p2a: Tornadus
|-damage|p2a: Tornadus|70/100
|-damage|p1a: Greninja|48/100|[from] item: Life Orb
|
|upkeep
|turn|3
|
|t:|1779902833
|switch|p1a: Zapdos|Zapdos|100/100
|move|p2a: Tornadus|Knock Off|p1a: Zapdos
|-damage|p1a: Zapdos|75/100
|-enditem|p1a: Zapdos|Choice Scarf|[from] move: Knock Off|[of] p2a: Tornadus
|
|upkeep
|turn|4
|
|t:|1779902838
|switch|p2a: Slowking|Slowking-Galar, M|100/100
|move|p1a: Zapdos|Hurricane|p2a: Slowking
|-damage|p2a: Slowking|57/100
|
|-heal|p2a: Slowking|63/100|[from] item: Black Sludge
|upkeep
|turn|5
|inactive|Zephyri has 120 seconds left.
|inactive|Zephyri has 90 seconds left.
|
|t:|1779902913
|move|p1a: Zapdos|Thunderbolt|p2a: Slowking
|-damage|p2a: Slowking|28/100
|-status|p2a: Slowking|par
|move|p2a: Slowking|Future Sight|p1a: Zapdos
|-start|p2a: Slowking|move: Future Sight
|
|-heal|p2a: Slowking|34/100 par|[from] item: Black Sludge
|upkeep
|turn|6
|
|t:|1779902929
|switch|p2a: Kyurem|Kyurem|100/100
|-ability|p2a: Kyurem|Pressure
|move|p1a: Zapdos|Hurricane|p2a: Kyurem
|-damage|p2a: Kyurem|51/100
|-start|p2a: Kyurem|confusion
|
|upkeep
|turn|7
|inactive|Zephyri has 60 seconds left.
|inactive|Zephyri has 30 seconds left.
|inactive|Zephyri has 20 seconds left.
|inactive|Zephyri has 15 seconds left.
|inactive|Zephyri has 10 seconds left.
|inactive|Zephyri has 5 seconds left.
|
|t:|1779903010
|switch|p1a: Excadrill|Excadrill, M|100/100
|-ability|p1a: Excadrill|Mold Breaker
|-activate|p2a: Kyurem|confusion
|move|p2a: Kyurem|Ice Beam|p1a: Excadrill
|-damage|p1a: Excadrill|45/100
|
|-end|p1a: Excadrill|move: Future Sight
|-resisted|p1a: Excadrill
|-damage|p1a: Excadrill|28/100
|upkeep
|turn|8
|inactive|Zephyri has 15 seconds left this turn.
|inactive|spreadcrosser has 120 seconds left.
|
|t:|1779903046
|switch|p2a: Great Tusk|Great Tusk|100/100
|switch|p1a: Iron Moth|Iron Moth|100/100
|-enditem|p1a: Iron Moth|Booster Energy
|-activate|p1a: Iron Moth|ability: Quark Drive|[fromitem]
|-start|p1a: Iron Moth|quarkdrivespe
|
|upkeep
|turn|9
|inactive|Zephyri has 25 seconds left this turn.
|inactive|Zephyri has 20 seconds left.
|inactive|Zephyri has 15 seconds left.
|inactive|Zephyri has 10 seconds left.
|
|t:|1779903064
|-terastallize|p2a: Great Tusk|Steel
|move|p1a: Iron Moth|Energy Ball|p2a: Great Tusk
|-resisted|p2a: Great Tusk
|-damage|p2a: Great Tusk|79/100
|move|p2a: Great Tusk|Headlong Rush|p1a: Iron Moth
|-supereffective|p1a: Iron Moth
|-damage|p1a: Iron Moth|0 fnt
|-unboost|p2a: Great Tusk|def|1
|-unboost|p2a: Great Tusk|spd|1
|faint|p1a: Iron Moth
|-end|p1a: Iron Moth|Quark Drive|[silent]
|
|upkeep
|inactive|spreadcrosser has 120 seconds left.
|
|t:|1779903075
|switch|p1a: Cinderace|Cinderace, F|100/100
|turn|10
|inactive|Zephyri has 25 seconds left this turn.
|inactive|Zephyri has 20 seconds left.
|
|t:|1779903084
|-end|p2a: Great Tusk|Protosynthesis|[silent]
|switch|p2a: Hatterene|Hatterene, F|52/100
|move|p1a: Cinderace|Pyro Ball|p2a: Hatterene|[miss]
|-miss|p1a: Cinderace|p2a: Hatterene
|
|upkeep
|turn|11
|inactive|Zephyri has 30 seconds left this turn.
|
|t:|1779903088
|move|p1a: Cinderace|Pyro Ball|p2a: Hatterene
|-damage|p2a: Hatterene|0 fnt
|faint|p2a: Hatterene
|
|upkeep
|
|t:|1779903093
|switch|p2a: Tornadus|Tornadus-Therian, M|100/100
|turn|12
|
|t:|1779903099
|move|p2a: Tornadus|Bleakwind Storm|p1a: Cinderace
|-damage|p1a: Cinderace|44/100
|-unboost|p1a: Cinderace|spe|1
|move|p1a: Cinderace|Pyro Ball|p2a: Tornadus
|-damage|p2a: Tornadus|0 fnt
|faint|p2a: Tornadus
|
|upkeep
|
|t:|1779903104
|switch|p2a: Great Tusk|Great Tusk, tera:Steel|79/100
|turn|13
|
|t:|1779903115
|move|p2a: Great Tusk|Stealth Rock|p1a: Cinderace
|-sidestart|p1: spreadcrosser|move: Stealth Rock
|move|p1a: Cinderace|Pyro Ball|p2a: Great Tusk
|-supereffective|p2a: Great Tusk
|-damage|p2a: Great Tusk|0 fnt
|faint|p2a: Great Tusk
|-end|p2a: Great Tusk|Protosynthesis|[silent]
|
|upkeep
|
|t:|1779903118
|switch|p2a: Kyurem|Kyurem|51/100
|-ability|p2a: Kyurem|Pressure
|turn|14
|
|t:|1779903124
|switch|p1a: Excadrill|Excadrill, M|28/100
|-damage|p1a: Excadrill|25/100|[from] Stealth Rock
|-ability|p1a: Excadrill|Mold Breaker
|move|p2a: Kyurem|Earth Power|p1a: Excadrill
|-supereffective|p1a: Excadrill
|-damage|p1a: Excadrill|0 fnt
|faint|p1a: Excadrill
|
|upkeep
|
|t:|1779903142
|switch|p1a: Cinderace|Cinderace, F|44/100
|-damage|p1a: Cinderace|19/100|[from] Stealth Rock
|turn|15
|
|t:|1779903147
|move|p1a: Cinderace|Pyro Ball|p2a: Kyurem
|-damage|p2a: Kyurem|0 fnt
|faint|p2a: Kyurem
|
|upkeep
|
|t:|1779903149
|switch|p2a: Kingambit|Kingambit, F|100/100
|-activate|p2a: Kingambit|ability: Supreme Overlord
|-start|p2a: Kingambit|fallen4|[silent]
|turn|16
|
|t:|1779903155
|switch|p1a: Iron Hands|Iron Hands|100/100
|-damage|p1a: Iron Hands|94/100|[from] Stealth Rock
|-enditem|p1a: Iron Hands|Booster Energy
|-activate|p1a: Iron Hands|ability: Quark Drive|[fromitem]
|-start|p1a: Iron Hands|quarkdriveatk
|move|p2a: Kingambit|Sucker Punch||[still]
|-fail|p2a: Kingambit
|
|upkeep
|turn|17
|
|t:|1779903158
|-end|p2a: Kingambit|fallen4|[silent]
|switch|p2a: Slowking|Slowking-Galar, M|67/100 par
|move|p1a: Iron Hands|Earthquake|p2a: Slowking
|-supereffective|p2a: Slowking
|-damage|p2a: Slowking|0 fnt
|faint|p2a: Slowking
|
|upkeep
|-message|Zephyri forfeited.
|
|win|spreadcrosser
|raw|spreadcrosser's rating: 1387 &rarr; <strong>1407</strong><br />(+20 for winning)
|raw|Zephyri's rating: 1381 &rarr; <strong>1361</strong><br />(-20 for losing)
|l|☆Zephyri
|player|p2|
|j|☆Zephyri
|player|p2|Zephyri|#zephyri|
|l|☆Zephyri
|player|p2|
