|j|☆hgjgfjyg
|j|☆Uberthegoober
|t:|1779949080
|gametype|singles
|player|p1|hgjgfjyg|collector|1366
|player|p2|Uberthegoober|265|1407
|gen|9
|tier|[Gen 9] OU
|rated|
|rule|HP Percentage Mod: HP is shown in percentages
|rule|Endless Battle Clause: Forcing endless battles is banned
|rule|Species Clause: Limit one of each Pokémon
|rule|OHKO Clause: OHKO moves are banned
|rule|Evasion Items Clause: Evasion items are banned
|rule|Evasion Moves Clause: Evasion moves are banned
|rule|Evasion Abilities Clause: Evasion abilities are banned
|rule|Sleep Moves Clause: Sleep-inducing moves are banned
|clearpoke
|poke|p1|Pelipper, F|
|poke|p1|Samurott-Hisui, F|
|poke|p1|Iron Treads|
|poke|p1|Barraskewda, F|
|poke|p1|Porygon-Z|
|poke|p1|Toxicroak, F|
|poke|p2|Dragonite, F|
|poke|p2|Samurott-Hisui, F|
|poke|p2|Gholdengo|
|poke|p2|Pecharunt|
|poke|p2|Walking Wake|
|poke|p2|Ting-Lu|
|teampreview
|inactive|Battle timer is ON: inactive players will automatically lose when time's up. (requested by hgjgfjyg)
|
|t:|1779949093
|teamsize|p1|6
|teamsize|p2|6
|start
|switch|p1a: Spike factory|Samurott-Hisui, F|100/100
|switch|p2a: Samurott|Samurott-Hisui, F|100/100
|turn|1
|
|t:|1779949098
|move|p1a: Spike factory|Ceaseless Edge|p2a: Samurott
|-resisted|p2a: Samurott
|-damage|p2a: Samurott|75/100
|-sidestart|p2: Uberthegoober|Spikes
|move|p2a: Samurott|Ceaseless Edge|p1a: Spike factory
|-resisted|p1a: Spike factory
|-damage|p1a: Spike factory|76/100
|-sidestart|p1: hgjgfjyg|Spikes
|
|upkeep
|turn|2
|
|t:|1779949109
|move|p1a: Spike factory|Ceaseless Edge|p2a: Samurott|[miss]
|-miss|p1a: Spike factory|p2a: Samurott
|move|p2a: Samurott|Knock Off|p1a: Spike factory
|-resisted|p1a: Spike factory
|-damage|p1a: Spike factory|50/100
|-enditem|p1a: Spike factory|Choice Scarf|[from] move: Knock Off|[of] p2a: Samurott
|
|upkeep
|turn|3
|
|t:|1779949126
|move|p1a: Spike factory|Ceaseless Edge|p2a: Samurott
|-resisted|p2a: Samurott
|-damage|p2a: Samurott|51/100
|-sidestart|p2: Uberthegoober|Spikes
|move|p2a: Samurott|Ceaseless Edge|p1a: Spike factory
|-resisted|p1a: Spike factory
|-damage|p1a: Spike factory|26/100
|-sidestart|p1: hgjgfjyg|Spikes
|
|upkeep
|turn|4
|
|t:|1779949135
|move|p1a: Spike factory|Ceaseless Edge|p2a: Samurott
|-resisted|p2a: Samurott
|-damage|p2a: Samurott|25/100
|-sidestart|p2: Uberthegoober|Spikes
|move|p2a: Samurott|Ceaseless Edge|p1a: Spike factory
|-resisted|p1a: Spike factory
|-damage|p1a: Spike factory|2/100
|-sidestart|p1: hgjgfjyg|Spikes
|
|upkeep
|turn|5
|
|t:|1779949139
|move|p2a: Samurott|Sucker Punch|p1a: Spike factory
|-resisted|p1a: Spike factory
|-damage|p1a: Spike factory|0 fnt
|faint|p1a: Spike factory
|
|upkeep
|
|t:|1779949144
|switch|p1a: Pelipper|Pelipper, F|100/100
|-weather|RainDance|[from] ability: Drizzle|[of] p1a: Pelipper
|turn|6
|
|t:|1779949149
|move|p2a: Samurott|Knock Off|p1a: Pelipper
|-damage|p1a: Pelipper|68/100
|-enditem|p1a: Pelipper|Damp Rock|[from] move: Knock Off|[of] p2a: Samurott
|move|p1a: Pelipper|Hurricane|p2a: Samurott
|-damage|p2a: Samurott|0 fnt
|faint|p2a: Samurott
|
|-weather|RainDance|[upkeep]
|upkeep
|
|t:|1779949168
|switch|p2a: Walking Wake|Walking Wake|100/100
|turn|7
|
|t:|1779949175
|switch|p1a: Toxicroak|Toxicroak, F|100/100
|-damage|p1a: Toxicroak|76/100|[from] Spikes
|move|p2a: Walking Wake|Surf|p1a: Toxicroak
|-heal|p1a: Toxicroak|100/100|[from] ability: Dry Skin|[of] p2a: Walking Wake
|
|-weather|RainDance|[upkeep]
|upkeep
|turn|8
|
|t:|1779949196
|-end|p2a: Walking Wake|Protosynthesis|[silent]
|switch|p2a: Pecharunt|Pecharunt|100/100
|move|p1a: Toxicroak|Knock Off|p2a: Pecharunt
|-supereffective|p2a: Pecharunt
|-damage|p2a: Pecharunt|63/100
|-enditem|p2a: Pecharunt|Heavy-Duty Boots|[from] move: Knock Off|[of] p1a: Toxicroak
|
|-weather|RainDance|[upkeep]
|upkeep
|turn|9
|
|t:|1779949211
|switch|p1a: Bey blade|Iron Treads|100/100
|move|p2a: Pecharunt|Recover|p2a: Pecharunt
|-heal|p2a: Pecharunt|100/100
|
|-weather|RainDance|[upkeep]
|upkeep
|turn|10
|inactive|Uberthegoober has 120 seconds left.
|
|t:|1779949236
|move|p1a: Bey blade|Stealth Rock|p2a: Pecharunt
|-sidestart|p2: Uberthegoober|move: Stealth Rock
|move|p2a: Pecharunt|Shadow Ball|p1a: Bey blade
|-damage|p1a: Bey blade|67/100
|-unboost|p1a: Bey blade|spd|1
|
|-weather|RainDance|[upkeep]
|upkeep
|turn|11
|inactive|Uberthegoober has 120 seconds left.
|
|t:|1779949244
|move|p1a: Bey blade|Earth Power|p2a: Pecharunt
|-supereffective|p2a: Pecharunt
|-damage|p2a: Pecharunt|33/100
|move|p2a: Pecharunt|Shadow Ball|p1a: Bey blade
|-damage|p1a: Bey blade|11/100
|-unboost|p1a: Bey blade|spd|1
|
|-weather|RainDance|[upkeep]
|upkeep
|turn|12
|inactive|Uberthegoober has 120 seconds left.
|
|t:|1779949259
|-terastallize|p2a: Pecharunt|Water
|move|p1a: Bey blade|Volt Switch|p2a: Pecharunt
|-supereffective|p2a: Pecharunt
|-damage|p2a: Pecharunt|1/100
|
|t:|1779949267
|-end|p1a: Bey blade|Quark Drive|[silent]
|switch|p1a: Toxicroak|Toxicroak, F|100/100|[from] Volt Switch
|-damage|p1a: Toxicroak|76/100|[from] Spikes
|move|p2a: Pecharunt|Shadow Ball|p1a: Toxicroak
|-damage|p1a: Toxicroak|34/100
|
|-weather|RainDance|[upkeep]
|-heal|p1a: Toxicroak|46/100|[from] ability: Dry Skin
|-heal|p1a: Toxicroak|52/100|[from] item: Leftovers
|upkeep
|turn|13
|
|t:|1779949279
|move|p1a: Toxicroak|Protect|p1a: Toxicroak
|-singleturn|p1a: Toxicroak|Protect
|move|p2a: Pecharunt|Recover|p2a: Pecharunt
|-heal|p2a: Pecharunt|51/100
|
|-weather|none
|-heal|p1a: Toxicroak|58/100|[from] item: Leftovers
|upkeep
|turn|14
|
|t:|1779949288
|move|p2a: Pecharunt|Recover|p2a: Pecharunt
|-heal|p2a: Pecharunt|100/100
|move|p1a: Toxicroak|Gunk Shot|p2a: Pecharunt
|-damage|p2a: Pecharunt|67/100
|
|-heal|p1a: Toxicroak|65/100|[from] item: Leftovers
|upkeep
|turn|15
|
|t:|1779949299
|switch|p1a: Pelipper|Pelipper, F|68/100
|-weather|RainDance|[from] ability: Drizzle|[of] p1a: Pelipper
|move|p2a: Pecharunt|Nasty Plot|p2a: Pecharunt
|-boost|p2a: Pecharunt|spa|2
|
|-weather|RainDance|[upkeep]
|upkeep
|turn|16
|
|t:|1779949312
|move|p2a: Pecharunt|Malignant Chain|p1a: Pelipper
|-damage|p1a: Pelipper|0 fnt
|faint|p1a: Pelipper
|
|-weather|RainDance|[upkeep]
|upkeep
|
|t:|1779949316
|switch|p1a: Nuclear bomb|Porygon-Z|100/100
|-damage|p1a: Nuclear bomb|76/100|[from] Spikes
|-ability|p1a: Nuclear bomb|Download|boost
|-boost|p1a: Nuclear bomb|spa|1
|turn|17
|
|t:|1779949333
|switch|p2a: Ting-Lu|Ting-Lu|100/100
|-damage|p2a: Ting-Lu|76/100|[from] Spikes
|-damage|p2a: Ting-Lu|69/100|[from] Stealth Rock
|-ability|p2a: Ting-Lu|Vessel of Ruin
|move|p1a: Nuclear bomb|Thunder|p2a: Ting-Lu
|-immune|p2a: Ting-Lu
|
|-weather|RainDance|[upkeep]
|-heal|p2a: Ting-Lu|76/100|[from] item: Leftovers
|upkeep
|turn|18
|
|t:|1779949342
|move|p1a: Nuclear bomb|Ice Beam|p2a: Ting-Lu
|-supereffective|p2a: Ting-Lu
|-damage|p2a: Ting-Lu|27/100
|-damage|p1a: Nuclear bomb|66/100|[from] item: Life Orb
|move|p2a: Ting-Lu|Stealth Rock|p1a: Nuclear bomb
|-sidestart|p1: hgjgfjyg|move: Stealth Rock
|
|-weather|RainDance|[upkeep]
|-heal|p2a: Ting-Lu|34/100|[from] item: Leftovers
|upkeep
|turn|19
|
|t:|1779949354
|move|p1a: Nuclear bomb|Ice Beam|p2a: Ting-Lu
|-supereffective|p2a: Ting-Lu
|-damage|p2a: Ting-Lu|0 fnt
|faint|p2a: Ting-Lu
|-damage|p1a: Nuclear bomb|56/100|[from] item: Life Orb
|
|-weather|none
|upkeep
|inactive|Uberthegoober has 120 seconds left.
|
|t:|1779949383
|switch|p2a: Walking Wake|Walking Wake|100/100
|turn|20
|
|t:|1779949392
|move|p2a: Walking Wake|Draco Meteor|p1a: Nuclear bomb
|-damage|p1a: Nuclear bomb|0 fnt
|-unboost|p2a: Walking Wake|spa|2
|faint|p1a: Nuclear bomb
|
|upkeep
|-message|hgjgfjyg forfeited.
|
|win|Uberthegoober
|raw|hgjgfjyg's rating: 1366 &rarr; <strong>1348</strong><br />(-18 for losing)
|raw|Uberthegoober's rating: 1407 &rarr; <strong>1425</strong><br />(+18 for winning)
|l|☆hgjgfjyg
|player|p1|
|l|☆Uberthegoober
|player|p2|
