|j|☆Archerdadon
|j|☆Misfit_Mischievous
|t:|1779943662
|gametype|singles
|player|p1|Archerdadon|marshal|1574
|player|p2|Misfit_Mischievous|biker|1623
|gen|9
|tier|[Gen 9] OU
|rated|
|rule|HP Percentage Mod: HP is shown in percentages
|rule|Endless Battle Clause: Forcing endless battles is banned
|rule|Species Clause: Limit one of each Pokémon
|rule|OHKO Clause: OHKO moves are banned
|rule|Evasion Items Clause: Evasion items are banned
|rule|Evasion Moves Clause: Evasion moves are banned
|rule|Evasion Abilities Clause: Evasion abilities are banned
|rule|Sleep Moves Clause: Sleep-inducing moves are banned
|clearpoke
|poke|p1|Dondozo, F|
|poke|p1|Great Tusk|
|poke|p1|Ting-Lu|
|poke|p1|Glimmora, F|
|poke|p1|Scizor, F|
|poke|p1|Weezing-Galar, M|
|poke|p2|Ting-Lu|
|poke|p2|Zapdos|
|poke|p2|Dragapult, F|
|poke|p2|Ogerpon-Cornerstone, F|
|poke|p2|Gholdengo|
|poke|p2|Great Tusk|
|teampreview
|inactive|Battle timer is ON: inactive players will automatically lose when time's up. (requested by Misfit_Mischievous)
|
|t:|1779943684
|teamsize|p1|6
|teamsize|p2|6
|start
|switch|p1a: Scizor|Scizor, F|100/100
|switch|p2a: Gholdengo|Gholdengo|100/100
|turn|1
|
|t:|1779943690
|switch|p2a: Zapdos|Zapdos|100/100
|move|p1a: Scizor|Knock Off|p2a: Zapdos
|-damage|p2a: Zapdos|64/100
|-damage|p1a: Scizor|84/100|[from] item: Rocky Helmet|[of] p2a: Zapdos
|-enditem|p2a: Zapdos|Rocky Helmet|[from] move: Knock Off|[of] p1a: Scizor
|
|upkeep
|turn|2
|
|t:|1779943696
|switch|p1a: Ting-Lu|Ting-Lu|100/100
|-ability|p1a: Ting-Lu|Vessel of Ruin
|move|p2a: Zapdos|Discharge|p1a: Ting-Lu
|-immune|p1a: Ting-Lu
|
|upkeep
|turn|3
|
|t:|1779943704
|move|p2a: Zapdos|U-turn|p1a: Ting-Lu
|-supereffective|p1a: Ting-Lu
|-damage|p1a: Ting-Lu|87/100
|
|t:|1779943707
|switch|p2a: Ogerpon|Ogerpon-Cornerstone, F|100/100|[from] U-turn
|move|p1a: Ting-Lu|Stealth Rock|p2a: Ogerpon
|-sidestart|p2: Misfit_Mischievous|move: Stealth Rock
|
|-heal|p1a: Ting-Lu|93/100|[from] item: Leftovers
|upkeep
|turn|4
|
|t:|1779943712
|switch|p1a: Weezing|Weezing-Galar, M|100/100
|-ability|p1a: Weezing|Neutralizing Gas
|move|p2a: Ogerpon|Encore||[still]
|-fail|p2a: Ogerpon
|
|upkeep
|turn|5
|
|t:|1779943718
|switch|p2a: Ting-Lu|Ting-Lu|100/100
|-damage|p2a: Ting-Lu|94/100|[from] Stealth Rock
|move|p1a: Weezing|Will-O-Wisp|p2a: Ting-Lu
|-status|p2a: Ting-Lu|brn
|
|-heal|p2a: Ting-Lu|100/100 brn|[from] item: Leftovers
|-damage|p2a: Ting-Lu|94/100 brn|[from] brn
|upkeep
|turn|6
|
|t:|1779943727
|-end|p1a: Weezing|ability: Neutralizing Gas
|-ability|p2a: Ting-Lu|Vessel of Ruin
|switch|p1a: Scizor|Scizor, F|84/100
|move|p2a: Ting-Lu|Stealth Rock|p1a: Scizor
|-sidestart|p1: Archerdadon|move: Stealth Rock
|
|-heal|p2a: Ting-Lu|100/100 brn|[from] item: Leftovers
|-damage|p2a: Ting-Lu|94/100 brn|[from] brn
|upkeep
|turn|7
|
|t:|1779943736
|switch|p2a: Zapdos|Zapdos|64/100
|-damage|p2a: Zapdos|39/100|[from] Stealth Rock
|move|p1a: Scizor|Knock Off|p2a: Zapdos
|-damage|p2a: Zapdos|14/100
|
|upkeep
|turn|8
|
|t:|1779943742
|switch|p1a: Great Tusk|Great Tusk|100/100
|move|p2a: Zapdos|Roost|p2a: Zapdos
|-heal|p2a: Zapdos|64/100
|-singleturn|p2a: Zapdos|move: Roost
|
|upkeep
|turn|9
|
|t:|1779943747
|move|p2a: Zapdos|Hurricane|p1a: Great Tusk
|-supereffective|p1a: Great Tusk
|-damage|p1a: Great Tusk|0 fnt
|faint|p1a: Great Tusk
|-end|p1a: Great Tusk|Protosynthesis|[silent]
|
|upkeep
|
|t:|1779943751
|switch|p1a: Glimmora|Glimmora, F|100/100
|-damage|p1a: Glimmora|88/100|[from] Stealth Rock
|turn|10
|
|t:|1779943755
|switch|p2a: Ting-Lu|Ting-Lu|94/100 brn
|-damage|p2a: Ting-Lu|88/100 brn|[from] Stealth Rock
|-ability|p2a: Ting-Lu|Vessel of Ruin
|move|p1a: Glimmora|Power Gem|p2a: Ting-Lu
|-resisted|p2a: Ting-Lu
|-damage|p2a: Ting-Lu|80/100 brn
|
|-heal|p2a: Ting-Lu|86/100 brn|[from] item: Leftovers
|-damage|p2a: Ting-Lu|80/100 brn|[from] brn
|upkeep
|turn|11
|
|t:|1779943763
|move|p1a: Glimmora|Dazzling Gleam|p2a: Ting-Lu
|-supereffective|p2a: Ting-Lu
|-damage|p2a: Ting-Lu|56/100 brn
|move|p2a: Ting-Lu|Whirlwind|p1a: Glimmora
|drag|p1a: Weezing|Weezing-Galar, M|100/100
|-ability|p1a: Weezing|Neutralizing Gas
|-damage|p1a: Weezing|88/100|[from] Stealth Rock
|
|-heal|p1a: Weezing|94/100|[from] item: Leftovers
|-heal|p2a: Ting-Lu|62/100 brn|[from] item: Leftovers
|-damage|p2a: Ting-Lu|56/100 brn|[from] brn
|upkeep
|turn|12
|
|t:|1779943770
|-end|p1a: Weezing|ability: Neutralizing Gas
|-ability|p2a: Ting-Lu|Vessel of Ruin
|switch|p1a: Glimmora|Glimmora, F|88/100
|-damage|p1a: Glimmora|76/100|[from] Stealth Rock
|move|p2a: Ting-Lu|Ruination|p1a: Glimmora
|-damage|p1a: Glimmora|38/100
|
|-heal|p2a: Ting-Lu|62/100 brn|[from] item: Leftovers
|-damage|p2a: Ting-Lu|56/100 brn|[from] brn
|upkeep
|turn|13
|
|t:|1779943781
|switch|p2a: Gholdengo|Gholdengo|100/100
|-damage|p2a: Gholdengo|94/100|[from] Stealth Rock
|move|p1a: Glimmora|Dazzling Gleam|p2a: Gholdengo
|-resisted|p2a: Gholdengo
|-damage|p2a: Gholdengo|79/100
|
|upkeep
|turn|14
|
|t:|1779943787
|move|p2a: Gholdengo|Make It Rain|p1a: Glimmora
|-supereffective|p1a: Glimmora
|-damage|p1a: Glimmora|0 fnt
|-unboost|p2a: Gholdengo|spa|1
|faint|p1a: Glimmora
|
|upkeep
|
|t:|1779943792
|switch|p1a: Scizor|Scizor, F|84/100
|-damage|p1a: Scizor|72/100|[from] Stealth Rock
|turn|15
|
|t:|1779943799
|switch|p2a: Zapdos|Zapdos|64/100
|-damage|p2a: Zapdos|40/100|[from] Stealth Rock
|move|p1a: Scizor|Knock Off|p2a: Zapdos
|-damage|p2a: Zapdos|13/100
|-status|p1a: Scizor|par|[from] ability: Static|[of] p2a: Zapdos
|
|upkeep
|turn|16
|
|t:|1779943805
|move|p2a: Zapdos|Roost|p2a: Zapdos
|-heal|p2a: Zapdos|63/100
|-singleturn|p2a: Zapdos|move: Roost
|move|p1a: Scizor|Knock Off|p2a: Zapdos
|-damage|p2a: Zapdos|39/100
|
|upkeep
|turn|17
|-message|Archerdadon forfeited.
|
|win|Misfit_Mischievous
|raw|Archerdadon's rating: 1574 &rarr; <strong>1557</strong><br />(-17 for losing)
|raw|Misfit_Mischievous's rating: 1623 &rarr; <strong>1640</strong><br />(+17 for winning)
|l|☆Archerdadon
|player|p1|
|l|☆Misfit_Mischievous
|player|p2|
