|j|☆MimosaMan
|j|☆seadra_qst
|t:|1779862187
|gametype|singles
|player|p1|MimosaMan|169|1315
|player|p2|seadra_qst|170|1302
|gen|9
|tier|[Gen 9] OU
|rated|
|rule|HP Percentage Mod: HP is shown in percentages
|rule|Endless Battle Clause: Forcing endless battles is banned
|rule|Species Clause: Limit one of each Pokémon
|rule|OHKO Clause: OHKO moves are banned
|rule|Evasion Items Clause: Evasion items are banned
|rule|Evasion Moves Clause: Evasion moves are banned
|rule|Evasion Abilities Clause: Evasion abilities are banned
|rule|Sleep Moves Clause: Sleep-inducing moves are banned
|clearpoke
|poke|p1|Great Tusk|
|poke|p1|Ceruledge, F|
|poke|p1|Hatterene, F|
|poke|p1|Raging Bolt|
|poke|p1|Walking Wake|
|poke|p1|Torkoal, M|
|poke|p2|Charizard, F|
|poke|p2|Cinderace, M|
|poke|p2|Primarina, F|
|poke|p2|Quaquaval, M|
|poke|p2|Serperior, F|
|poke|p2|Chesnaught, F|
|teampreview
|inactive|Battle timer is ON: inactive players will automatically lose when time's up. (requested by seadra_qst)
|
|t:|1779862191
|teamsize|p1|6
|teamsize|p2|6
|start
|switch|p1a: Torkoal|Torkoal, M|100/100
|switch|p2a: Charizard|Charizard, F|100/100
|-weather|SunnyDay|[from] ability: Drought|[of] p1a: Torkoal
|turn|1
|
|t:|1779862199
|move|p2a: Charizard|Belly Drum|p2a: Charizard
|-damage|p2a: Charizard|50/100
|-setboost|p2a: Charizard|atk|6|[from] move: Belly Drum
|-enditem|p2a: Charizard|Sitrus Berry|[eat]
|-heal|p2a: Charizard|75/100|[from] item: Sitrus Berry
|move|p1a: Torkoal|Stealth Rock|p2a: Charizard
|-sidestart|p2: seadra_qst|move: Stealth Rock
|
|-weather|SunnyDay|[upkeep]
|upkeep
|turn|2
|
|t:|1779862210
|switch|p1a: Hatterene|Hatterene, F|100/100
|move|p2a: Charizard|Flame Charge|p1a: Hatterene
|-damage|p1a: Hatterene|0 fnt
|-boost|p2a: Charizard|spe|1
|faint|p1a: Hatterene
|
|-weather|SunnyDay|[upkeep]
|upkeep
|
|t:|1779862218
|switch|p1a: Walking Wake|Walking Wake|100/100
|-activate|p1a: Walking Wake|ability: Protosynthesis
|-start|p1a: Walking Wake|protosynthesisspe
|turn|3
|
|t:|1779862229
|switch|p2a: Primarina|Primarina, F|100/100
|-damage|p2a: Primarina|88/100|[from] Stealth Rock
|-terastallize|p1a: Walking Wake|Water
|move|p1a: Walking Wake|Hydro Steam|p2a: Primarina
|-resisted|p2a: Primarina
|-damage|p2a: Primarina|57/100
|
|-weather|SunnyDay|[upkeep]
|upkeep
|turn|4
|
|t:|1779862254
|-end|p1a: Walking Wake|Protosynthesis|[silent]
|switch|p1a: Torkoal|Torkoal, M|100/100
|move|p2a: Primarina|Psychic Noise|p1a: Torkoal
|-supereffective|p1a: Torkoal
|-damage|p1a: Torkoal|45/100
|-start|p1a: Torkoal|move: Heal Block
|
|-weather|SunnyDay|[upkeep]
|upkeep
|turn|5
|
|t:|1779862263
|switch|p1a: Raging Bolt|Raging Bolt|100/100
|-activate|p1a: Raging Bolt|ability: Protosynthesis
|-start|p1a: Raging Bolt|protosynthesisspa
|move|p2a: Primarina|Psychic Noise|p1a: Raging Bolt
|-resisted|p1a: Raging Bolt
|-damage|p1a: Raging Bolt|91/100
|-start|p1a: Raging Bolt|move: Heal Block
|
|-weather|SunnyDay|[upkeep]
|upkeep
|turn|6
|
|t:|1779862273
|move|p1a: Raging Bolt|Thunderclap|p2a: Primarina
|-supereffective|p2a: Primarina
|-damage|p2a: Primarina|0 fnt
|faint|p2a: Primarina
|
|-weather|SunnyDay|[upkeep]
|-end|p1a: Raging Bolt|move: Heal Block
|upkeep
|
|t:|1779862290
|switch|p2a: Chesnaught|Chesnaught, F|100/100
|-damage|p2a: Chesnaught|94/100|[from] Stealth Rock
|turn|7
|
|t:|1779862303
|move|p1a: Raging Bolt|Draco Meteor|p2a: Chesnaught
|-damage|p2a: Chesnaught|14/100
|-unboost|p1a: Raging Bolt|spa|2
|move|p2a: Chesnaught|Body Press|p1a: Raging Bolt
|-damage|p1a: Raging Bolt|62/100
|
|-weather|SunnyDay|[upkeep]
|-heal|p1a: Raging Bolt|69/100|[from] item: Leftovers
|-heal|p2a: Chesnaught|20/100|[from] item: Leftovers
|upkeep
|turn|8
|
|t:|1779862313
|move|p1a: Raging Bolt|Draco Meteor|p2a: Chesnaught
|-damage|p2a: Chesnaught|0 fnt
|-unboost|p1a: Raging Bolt|spa|2
|faint|p2a: Chesnaught
|
|-weather|none
|-end|p1a: Raging Bolt|Protosynthesis
|-heal|p1a: Raging Bolt|75/100|[from] item: Leftovers
|upkeep
|
|t:|1779862321
|switch|p2a: Serperior|Serperior, F|100/100
|-damage|p2a: Serperior|88/100|[from] Stealth Rock
|turn|9
|
|t:|1779862325
|-end|p1a: Raging Bolt|Protosynthesis|[silent]
|switch|p1a: Torkoal|Torkoal, M|45/100
|-weather|SunnyDay|[from] ability: Drought|[of] p1a: Torkoal
|move|p2a: Serperior|Substitute|p2a: Serperior
|-start|p2a: Serperior|Substitute
|-damage|p2a: Serperior|63/100
|
|-weather|SunnyDay|[upkeep]
|-heal|p2a: Serperior|70/100|[from] item: Leftovers
|upkeep
|turn|10
|
|t:|1779862335
|-terastallize|p2a: Serperior|Rock
|move|p2a: Serperior|Leaf Storm|p1a: Torkoal
|-resisted|p1a: Torkoal
|-crit|p1a: Torkoal
|-damage|p1a: Torkoal|0 fnt
|-boost|p2a: Serperior|spa|2
|faint|p1a: Torkoal
|
|-weather|SunnyDay|[upkeep]
|-heal|p2a: Serperior|76/100|[from] item: Leftovers
|upkeep
|
|t:|1779862349
|switch|p1a: Ceruledge|Ceruledge, F|100/100
|turn|11
|
|t:|1779862357
|move|p2a: Serperior|Glare|p1a: Ceruledge
|-status|p1a: Ceruledge|par
|move|p1a: Ceruledge|Poltergeist|p2a: Serperior
|-activate|p2a: Serperior|move: Poltergeist|Leftovers
|-end|p2a: Serperior|Substitute
|
|-weather|SunnyDay|[upkeep]
|-heal|p2a: Serperior|82/100|[from] item: Leftovers
|upkeep
|turn|12
|
|t:|1779862369
|move|p2a: Serperior|Substitute|p2a: Serperior
|-start|p2a: Serperior|Substitute
|-damage|p2a: Serperior|57/100
|move|p1a: Ceruledge|Poltergeist|p2a: Serperior
|-activate|p2a: Serperior|move: Poltergeist|Leftovers
|-end|p2a: Serperior|Substitute
|
|-weather|SunnyDay|[upkeep]
|-heal|p2a: Serperior|63/100|[from] item: Leftovers
|upkeep
|turn|13
|
|t:|1779862379
|switch|p2a: Charizard|Charizard, F|75/100
|-damage|p2a: Charizard|25/100|[from] Stealth Rock
|move|p1a: Ceruledge|Poltergeist||[still]
|-fail|p1a: Ceruledge
|
|-weather|SunnyDay|[upkeep]
|upkeep
|turn|14
|
|t:|1779862387
|switch|p1a: Walking Wake|Walking Wake, tera:Water|100/100
|-activate|p1a: Walking Wake|ability: Protosynthesis
|-start|p1a: Walking Wake|protosynthesisspe
|move|p2a: Charizard|Acrobatics|p1a: Walking Wake
|-damage|p1a: Walking Wake|47/100
|
|-weather|SunnyDay|[upkeep]
|upkeep
|turn|15
|
|t:|1779862395
|move|p1a: Walking Wake|Hydro Steam|p2a: Charizard
|-supereffective|p2a: Charizard
|-damage|p2a: Charizard|0 fnt
|faint|p2a: Charizard
|
|-weather|SunnyDay|[upkeep]
|upkeep
|
|t:|1779862407
|switch|p2a: Cinderace|Cinderace, M|100/100
|-damage|p2a: Cinderace|76/100|[from] Stealth Rock
|turn|16
|
|t:|1779862411
|move|p2a: Cinderace|Sucker Punch|p1a: Walking Wake
|-damage|p1a: Walking Wake|24/100
|move|p1a: Walking Wake|Hydro Steam|p2a: Cinderace
|-supereffective|p2a: Cinderace
|-damage|p2a: Cinderace|0 fnt
|faint|p2a: Cinderace
|
|-weather|none
|-end|p1a: Walking Wake|Protosynthesis
|upkeep
|-message|seadra_qst forfeited.
|
|win|MimosaMan
|raw|MimosaMan's rating: 1315 &rarr; <strong>1334</strong><br />(+19 for winning)
|raw|seadra_qst's rating: 1302 &rarr; <strong>1283</strong><br />(-19 for losing)
|l|☆seadra_qst
|player|p2|
|l|☆MimosaMan
|player|p1|
