|j|☆Volga123
|j|☆LFGM157
|t:|1779966467
|gametype|singles
|player|p1|Volga123|cynthia|1441
|player|p2|LFGM157|volkner|1430
|gen|9
|tier|[Gen 9] OU
|rated|
|rule|HP Percentage Mod: HP is shown in percentages
|rule|Endless Battle Clause: Forcing endless battles is banned
|rule|Species Clause: Limit one of each Pokémon
|rule|OHKO Clause: OHKO moves are banned
|rule|Evasion Items Clause: Evasion items are banned
|rule|Evasion Moves Clause: Evasion moves are banned
|rule|Evasion Abilities Clause: Evasion abilities are banned
|rule|Sleep Moves Clause: Sleep-inducing moves are banned
|clearpoke
|poke|p1|Clodsire, M|
|poke|p1|Cinccino, M|
|poke|p1|Milotic, F|
|poke|p1|Arcanine-Hisui, M|
|poke|p1|Houndstone, M|
|poke|p1|Lurantis, M|
|poke|p2|Gliscor, F|
|poke|p2|Gholdengo|
|poke|p2|Dragonite, F|
|poke|p2|Ting-Lu|
|poke|p2|Darkrai|
|poke|p2|Zamazenta-*|
|teampreview
|inactive|Battle timer is ON: inactive players will automatically lose when time's up. (requested by LFGM157)
|
|t:|1779966506
|teamsize|p1|6
|teamsize|p2|6
|start
|switch|p1a: Milotic|Milotic, F|100/100
|switch|p2a: Gliscor|Gliscor, F|100/100
|turn|1
|
|t:|1779966524
|move|p2a: Gliscor|Toxic|p1a: Milotic
|-status|p1a: Milotic|tox
|move|p1a: Milotic|Ice Beam|p2a: Gliscor
|-supereffective|p2a: Gliscor
|-damage|p2a: Gliscor|0 fnt
|faint|p2a: Gliscor
|
|-damage|p1a: Milotic|94/100 tox|[from] psn
|upkeep
|
|t:|1779966531
|switch|p2a: Darkrai|Darkrai|100/100
|turn|2
|
|t:|1779966535
|move|p2a: Darkrai|Dark Pulse|p1a: Milotic
|-damage|p1a: Milotic|76/100 tox
|cant|p1a: Milotic|flinch
|
|-damage|p1a: Milotic|64/100 tox|[from] psn
|upkeep
|turn|3
|
|t:|1779966540
|move|p2a: Darkrai|Dark Pulse|p1a: Milotic
|-damage|p1a: Milotic|46/100 tox
|move|p1a: Milotic|Alluring Voice|p2a: Darkrai
|-supereffective|p2a: Darkrai
|-damage|p2a: Darkrai|26/100
|
|-damage|p1a: Milotic|27/100 tox|[from] psn
|upkeep
|turn|4
|
|t:|1779966545
|move|p2a: Darkrai|Dark Pulse|p1a: Milotic
|-damage|p1a: Milotic|8/100 tox
|move|p1a: Milotic|Scald|p2a: Darkrai
|-damage|p2a: Darkrai|0 fnt
|faint|p2a: Darkrai
|
|-damage|p1a: Milotic|0 fnt|[from] psn
|faint|p1a: Milotic
|upkeep
|
|t:|1779966563
|switch|p2a: Gholdengo|Gholdengo|100/100
|switch|p1a: Cinccino|Cinccino, M|100/100
|turn|5
|
|t:|1779966567
|switch|p1a: Clodsire|Clodsire, M|100/100
|move|p2a: Gholdengo|Make It Rain|p1a: Clodsire
|-damage|p1a: Clodsire|51/100
|-unboost|p2a: Gholdengo|spa|1
|
|-heal|p1a: Clodsire|57/100|[from] item: Black Sludge
|upkeep
|turn|6
|
|t:|1779966572
|switch|p2a: Ting-Lu|Ting-Lu|100/100
|-ability|p2a: Ting-Lu|Vessel of Ruin
|move|p1a: Clodsire|Recover|p1a: Clodsire
|-heal|p1a: Clodsire|100/100
|
|upkeep
|turn|7
|
|t:|1779966596
|switch|p1a: Cinccino|Cinccino, M|100/100
|move|p2a: Ting-Lu|Stealth Rock|p1a: Cinccino
|-sidestart|p1: Volga123|move: Stealth Rock
|
|upkeep
|turn|8
|
|t:|1779966609
|switch|p2a: Gholdengo|Gholdengo|100/100
|move|p1a: Cinccino|Tidy Up|p1a: Cinccino
|-sideend|p1: Volga123|Stealth Rock
|-activate|p1a: Cinccino|move: Tidy Up
|-boost|p1a: Cinccino|atk|1
|-boost|p1a: Cinccino|spe|1
|
|upkeep
|turn|9
|
|t:|1779966618
|switch|p1a: Clodsire|Clodsire, M|100/100
|move|p2a: Gholdengo|Make It Rain|p1a: Clodsire
|-damage|p1a: Clodsire|58/100
|-unboost|p2a: Gholdengo|spa|1
|
|-heal|p1a: Clodsire|64/100|[from] item: Black Sludge
|upkeep
|turn|10
|
|t:|1779966634
|switch|p2a: Ting-Lu|Ting-Lu|100/100
|-ability|p2a: Ting-Lu|Vessel of Ruin
|move|p1a: Clodsire|Earthquake|p2a: Ting-Lu
|-damage|p2a: Ting-Lu|79/100
|
|-heal|p2a: Ting-Lu|85/100|[from] item: Leftovers
|-heal|p1a: Clodsire|70/100|[from] item: Black Sludge
|upkeep
|turn|11
|
|t:|1779966639
|switch|p1a: Lurantis|Lurantis, M, shiny|100/100
|move|p2a: Ting-Lu|Earthquake|p1a: Lurantis
|-resisted|p1a: Lurantis
|-damage|p1a: Lurantis|87/100
|
|-heal|p2a: Ting-Lu|91/100|[from] item: Leftovers
|-heal|p1a: Lurantis|93/100|[from] item: Leftovers
|upkeep
|turn|12
|
|t:|1779966654
|switch|p2a: Gholdengo|Gholdengo|100/100
|move|p1a: Lurantis|Leaf Storm|p2a: Gholdengo
|-resisted|p2a: Gholdengo
|-damage|p2a: Gholdengo|78/100
|-boost|p1a: Lurantis|spa|2
|
|-heal|p1a: Lurantis|99/100|[from] item: Leftovers
|upkeep
|turn|13
|
|t:|1779966665
|move|p2a: Gholdengo|Shadow Ball|p1a: Lurantis
|-damage|p1a: Lurantis|55/100
|-boost|p1a: Lurantis|spd|1
|move|p1a: Lurantis|Synthesis|p1a: Lurantis
|-heal|p1a: Lurantis|100/100
|
|upkeep
|turn|14
|
|t:|1779966673
|move|p2a: Gholdengo|Shadow Ball|p1a: Lurantis
|-damage|p1a: Lurantis|68/100
|move|p1a: Lurantis|Leaf Storm|p2a: Gholdengo
|-resisted|p2a: Gholdengo
|-damage|p2a: Gholdengo|32/100
|-boost|p1a: Lurantis|spa|2
|
|-heal|p1a: Lurantis|74/100|[from] item: Leftovers
|upkeep
|turn|15
|
|t:|1779966681
|switch|p2a: Zamazenta|Zamazenta|100/100
|-ability|p2a: Zamazenta|Dauntless Shield|boost
|-boost|p2a: Zamazenta|def|1
|move|p1a: Lurantis|Leaf Storm|p2a: Zamazenta
|-damage|p2a: Zamazenta|0 fnt
|-boost|p1a: Lurantis|spa|2
|faint|p2a: Zamazenta
|
|-heal|p1a: Lurantis|80/100|[from] item: Leftovers
|upkeep
|
|t:|1779966689
|switch|p2a: Gholdengo|Gholdengo|32/100
|turn|16
|
|t:|1779966703
|switch|p1a: Arcanine|Arcanine-Hisui, M|100/100
|move|p2a: Gholdengo|Make It Rain|p1a: Arcanine
|-damage|p1a: Arcanine|18/100
|-unboost|p2a: Gholdengo|spa|1
|
|upkeep
|turn|17
|
|t:|1779966711
|move|p2a: Gholdengo|Make It Rain|p1a: Arcanine
|-damage|p1a: Arcanine|0 fnt
|-unboost|p2a: Gholdengo|spa|1
|faint|p1a: Arcanine
|
|upkeep
|
|t:|1779966717
|switch|p1a: Lurantis|Lurantis, M, shiny|80/100
|turn|18
|
|t:|1779966721
|switch|p2a: Dragonite|Dragonite, F|100/100
|move|p1a: Lurantis|Superpower|p2a: Dragonite
|-resisted|p2a: Dragonite
|-damage|p2a: Dragonite|94/100
|-boost|p1a: Lurantis|atk|1
|-boost|p1a: Lurantis|def|1
|
|-heal|p1a: Lurantis|86/100|[from] item: Leftovers
|upkeep
|turn|19
|
|t:|1779966725
|move|p2a: Dragonite|Dragon Dance|p2a: Dragonite
|-boost|p2a: Dragonite|atk|1
|-boost|p2a: Dragonite|spe|1
|move|p1a: Lurantis|Superpower|p2a: Dragonite
|-resisted|p2a: Dragonite
|-damage|p2a: Dragonite|74/100
|-boost|p1a: Lurantis|atk|1
|-boost|p1a: Lurantis|def|1
|
|-heal|p1a: Lurantis|92/100|[from] item: Leftovers
|upkeep
|turn|20
|
|t:|1779966736
|move|p2a: Dragonite|Dragon Dance|p2a: Dragonite
|-boost|p2a: Dragonite|atk|1
|-boost|p2a: Dragonite|spe|1
|move|p1a: Lurantis|Superpower|p2a: Dragonite
|-resisted|p2a: Dragonite
|-damage|p2a: Dragonite|46/100
|-boost|p1a: Lurantis|atk|1
|-boost|p1a: Lurantis|def|1
|
|-heal|p1a: Lurantis|98/100|[from] item: Leftovers
|upkeep
|turn|21
|
|t:|1779966743
|-terastallize|p2a: Dragonite|Normal
|move|p2a: Dragonite|Extreme Speed|p1a: Lurantis
|-damage|p1a: Lurantis|71/100
|move|p1a: Lurantis|Superpower|p2a: Dragonite
|-supereffective|p2a: Dragonite
|-damage|p2a: Dragonite|0 fnt
|-boost|p1a: Lurantis|atk|1
|-boost|p1a: Lurantis|def|1
|faint|p2a: Dragonite
|
|-heal|p1a: Lurantis|78/100|[from] item: Leftovers
|upkeep
|
|t:|1779966748
|switch|p2a: Gholdengo|Gholdengo|32/100
|turn|22
|
|t:|1779966755
|-terastallize|p1a: Lurantis|Steel
|move|p2a: Gholdengo|Trick|p1a: Lurantis
|-activate|p2a: Gholdengo|move: Trick|[of] p1a: Lurantis
|-item|p1a: Lurantis|Choice Scarf|[from] move: Trick
|-item|p2a: Gholdengo|Leftovers|[from] move: Trick
|move|p1a: Lurantis|Synthesis|p1a: Lurantis
|-heal|p1a: Lurantis|100/100
|
|-heal|p2a: Gholdengo|38/100|[from] item: Leftovers
|upkeep
|turn|23
|
|t:|1779966766
|switch|p1a: Clodsire|Clodsire, M|70/100
|move|p2a: Gholdengo|Recover|p2a: Gholdengo
|-heal|p2a: Gholdengo|88/100
|
|-heal|p2a: Gholdengo|94/100|[from] item: Leftovers
|-heal|p1a: Clodsire|76/100|[from] item: Black Sludge
|upkeep
|turn|24
|
|t:|1779966771
|switch|p2a: Ting-Lu|Ting-Lu|91/100
|-ability|p2a: Ting-Lu|Vessel of Ruin
|move|p1a: Clodsire|Earthquake|p2a: Ting-Lu
|-damage|p2a: Ting-Lu|68/100
|
|-heal|p2a: Ting-Lu|74/100|[from] item: Leftovers
|-heal|p1a: Clodsire|83/100|[from] item: Black Sludge
|upkeep
|turn|25
|
|t:|1779966781
|switch|p1a: Lurantis|Lurantis, M, shiny, tera:Steel|100/100
|move|p2a: Ting-Lu|Earthquake|p1a: Lurantis
|-supereffective|p1a: Lurantis
|-damage|p1a: Lurantis|43/100
|
|-heal|p2a: Ting-Lu|80/100|[from] item: Leftovers
|upkeep
|turn|26
|
|t:|1779966801
|move|p1a: Lurantis|Leaf Storm|p2a: Ting-Lu
|-supereffective|p2a: Ting-Lu
|-damage|p2a: Ting-Lu|52/100
|-boost|p1a: Lurantis|spa|2
|move|p2a: Ting-Lu|Earthquake|p1a: Lurantis
|-supereffective|p1a: Lurantis
|-damage|p1a: Lurantis|0 fnt
|faint|p1a: Lurantis
|
|-heal|p2a: Ting-Lu|58/100|[from] item: Leftovers
|upkeep
|
|t:|1779966805
|switch|p1a: Cinccino|Cinccino, M|100/100
|turn|27
|
|t:|1779966810
|switch|p2a: Gholdengo|Gholdengo|94/100
|move|p1a: Cinccino|Tidy Up|p1a: Cinccino
|-boost|p1a: Cinccino|atk|1
|-boost|p1a: Cinccino|spe|1
|
|-heal|p2a: Gholdengo|99/100|[from] item: Leftovers
|upkeep
|turn|28
|
|t:|1779966815
|switch|p1a: Clodsire|Clodsire, M|83/100
|move|p2a: Gholdengo|Make It Rain|p1a: Clodsire
|-damage|p1a: Clodsire|38/100
|-unboost|p2a: Gholdengo|spa|1
|
|-heal|p2a: Gholdengo|100/100|[from] item: Leftovers
|-heal|p1a: Clodsire|44/100|[from] item: Black Sludge
|upkeep
|turn|29
|
|t:|1779966825
|switch|p2a: Ting-Lu|Ting-Lu|58/100
|-ability|p2a: Ting-Lu|Vessel of Ruin
|move|p1a: Clodsire|Low Kick|p2a: Ting-Lu
|-supereffective|p2a: Ting-Lu
|-damage|p2a: Ting-Lu|22/100
|
|-heal|p2a: Ting-Lu|28/100|[from] item: Leftovers
|-heal|p1a: Clodsire|50/100|[from] item: Black Sludge
|upkeep
|turn|30
|
|t:|1779966836
|switch|p1a: Houndstone|Houndstone, M|100/100
|move|p2a: Ting-Lu|Earthquake|p1a: Houndstone
|-crit|p1a: Houndstone
|-damage|p1a: Houndstone|60/100
|
|-heal|p2a: Ting-Lu|34/100|[from] item: Leftovers
|upkeep
|turn|31
|
|t:|1779966843
|move|p1a: Houndstone|Body Press|p2a: Ting-Lu
|-supereffective|p2a: Ting-Lu
|-damage|p2a: Ting-Lu|6/100
|move|p2a: Ting-Lu|Earthquake|p1a: Houndstone
|-damage|p1a: Houndstone|31/100
|
|-heal|p2a: Ting-Lu|12/100|[from] item: Leftovers
|upkeep
|turn|32
|
|t:|1779966847
|move|p1a: Houndstone|Poltergeist|p2a: Ting-Lu
|-activate|p2a: Ting-Lu|move: Poltergeist|Leftovers
|-resisted|p2a: Ting-Lu
|-damage|p2a: Ting-Lu|2/100
|move|p2a: Ting-Lu|Stealth Rock|p1a: Houndstone
|-sidestart|p1: Volga123|move: Stealth Rock
|
|-heal|p2a: Ting-Lu|8/100|[from] item: Leftovers
|upkeep
|turn|33
|
|t:|1779966853
|move|p1a: Houndstone|Body Press|p2a: Ting-Lu
|-supereffective|p2a: Ting-Lu
|-damage|p2a: Ting-Lu|0 fnt
|faint|p2a: Ting-Lu
|
|upkeep
|
|t:|1779966855
|switch|p2a: Gholdengo|Gholdengo|100/100
|turn|34
|
|t:|1779966866
|move|p1a: Houndstone|Shadow Sneak|p2a: Gholdengo
|-supereffective|p2a: Gholdengo
|-damage|p2a: Gholdengo|70/100
|move|p2a: Gholdengo|Shadow Ball|p1a: Houndstone
|-supereffective|p1a: Houndstone
|-damage|p1a: Houndstone|0 fnt
|faint|p1a: Houndstone
|
|-heal|p2a: Gholdengo|76/100|[from] item: Leftovers
|upkeep
|
|t:|1779966870
|switch|p1a: Cinccino|Cinccino, M|100/100
|-damage|p1a: Cinccino|88/100|[from] Stealth Rock
|turn|35
|
|t:|1779966878
|move|p1a: Cinccino|Tidy Up|p1a: Cinccino
|-sideend|p1: Volga123|Stealth Rock
|-activate|p1a: Cinccino|move: Tidy Up
|-boost|p1a: Cinccino|atk|1
|-boost|p1a: Cinccino|spe|1
|move|p2a: Gholdengo|Make It Rain|p1a: Cinccino
|-damage|p1a: Cinccino|0 fnt
|-unboost|p2a: Gholdengo|spa|1
|faint|p1a: Cinccino
|
|-heal|p2a: Gholdengo|82/100|[from] item: Leftovers
|upkeep
|
|t:|1779966881
|switch|p1a: Clodsire|Clodsire, M|50/100
|turn|36
|
|t:|1779966886
|move|p2a: Gholdengo|Make It Rain|p1a: Clodsire
|-damage|p1a: Clodsire|18/100
|-unboost|p2a: Gholdengo|spa|1
|move|p1a: Clodsire|Recover|p1a: Clodsire
|-heal|p1a: Clodsire|68/100
|
|-heal|p2a: Gholdengo|88/100|[from] item: Leftovers
|-heal|p1a: Clodsire|74/100|[from] item: Black Sludge
|upkeep
|turn|37
|
|t:|1779966890
|move|p2a: Gholdengo|Shadow Ball|p1a: Clodsire
|-damage|p1a: Clodsire|58/100
|move|p1a: Clodsire|Earthquake|p2a: Gholdengo
|-supereffective|p2a: Gholdengo
|-damage|p2a: Gholdengo|0 fnt
|faint|p2a: Gholdengo
|
|win|Volga123
|raw|Volga123's rating: 1441 &rarr; <strong>1462</strong><br />(+21 for winning)
|raw|LFGM157's rating: 1451 &rarr; <strong>1430</strong><br />(-21 for losing)
|l|☆LFGM157
|player|p2|
|l|☆Volga123
|player|p1|
