|j|☆smolent
|j|☆Josh2a
|t:|1779896939
|gametype|singles
|player|p1|smolent|266|1183
|player|p2|Josh2a|hilbert|1181
|gen|9
|tier|[Gen 9] OU
|rated|
|rule|HP Percentage Mod: HP is shown in percentages
|rule|Endless Battle Clause: Forcing endless battles is banned
|rule|Species Clause: Limit one of each Pokémon
|rule|OHKO Clause: OHKO moves are banned
|rule|Evasion Items Clause: Evasion items are banned
|rule|Evasion Moves Clause: Evasion moves are banned
|rule|Evasion Abilities Clause: Evasion abilities are banned
|rule|Sleep Moves Clause: Sleep-inducing moves are banned
|clearpoke
|poke|p1|Toxapex, F|
|poke|p1|Grimmsnarl, M|
|poke|p1|Serperior, F|
|poke|p1|Scizor, F|
|poke|p1|Landorus-Therian, M|
|poke|p1|Walking Wake|
|poke|p2|Iron Moth|
|poke|p2|Gliscor, M|
|poke|p2|Hatterene, F|
|poke|p2|Ogerpon-Wellspring, F|
|poke|p2|Raging Bolt|
|poke|p2|Zamazenta-*|
|teampreview
|inactive|Battle timer is ON: inactive players will automatically lose when time's up. (requested by Josh2a)
|
|t:|1779896954
|teamsize|p1|6
|teamsize|p2|6
|start
|switch|p1a: Jacob|Grimmsnarl, M, shiny|100/100
|switch|p2a: Ogerpon|Ogerpon-Wellspring, F|100/100
|turn|1
|
|t:|1779896963
|move|p1a: Jacob|Light Screen|p1a: Jacob
|-sidestart|p1: smolent|move: Light Screen
|move|p2a: Ogerpon|Swords Dance|p2a: Ogerpon
|-boost|p2a: Ogerpon|atk|2
|
|upkeep
|turn|2
|
|t:|1779896972
|move|p1a: Jacob|Reflect|p1a: Jacob
|-sidestart|p1: smolent|Reflect
|move|p2a: Ogerpon|Trailblaze|p1a: Jacob
|-damage|p1a: Jacob|57/100
|-boost|p2a: Ogerpon|spe|1
|
|upkeep
|turn|3
|
|t:|1779896979
|move|p1a: Jacob|Parting Shot|p2a: Ogerpon
|-unboost|p2a: Ogerpon|atk|1
|-unboost|p2a: Ogerpon|spa|1
|
|t:|1779896991
|switch|p1a: Lesbian|Scizor, F|100/100|[from] Parting Shot
|move|p2a: Ogerpon|Trailblaze|p1a: Lesbian
|-resisted|p1a: Lesbian
|-damage|p1a: Lesbian|94/100
|-boost|p2a: Ogerpon|spe|1
|-damage|p2a: Ogerpon|84/100|[from] item: Rocky Helmet|[of] p1a: Lesbian
|
|upkeep
|turn|4
|
|t:|1779897005
|move|p2a: Ogerpon|Ivy Cudgel|p1a: Lesbian|[anim] Ivy Cudgel Water
|-damage|p1a: Lesbian|49/100
|move|p1a: Lesbian|Swords Dance|p1a: Lesbian
|-boost|p1a: Lesbian|atk|2
|
|upkeep
|turn|5
|
|t:|1779897015
|-terastallize|p2a: Ogerpon|Water
|detailschange|p2a: Ogerpon|Ogerpon-Wellspring-Tera, F, tera:Water
|-ability|p2a: Ogerpon|Embody Aspect (Wellspring)|boost
|-boost|p2a: Ogerpon|spd|1
|move|p2a: Ogerpon|Ivy Cudgel|p1a: Lesbian|[anim] Ivy Cudgel Water
|-damage|p1a: Lesbian|0 fnt
|faint|p1a: Lesbian
|
|upkeep
|
|t:|1779897026
|switch|p1a: Mommy|Serperior, F, shiny|100/100
|turn|6
|
|t:|1779897040
|switch|p2a: Iron Moth|Iron Moth|100/100
|-enditem|p2a: Iron Moth|Booster Energy
|-activate|p2a: Iron Moth|ability: Quark Drive|[fromitem]
|-start|p2a: Iron Moth|quarkdrivespe
|move|p1a: Mommy|Leaf Storm|p2a: Iron Moth
|-resisted|p2a: Iron Moth
|-damage|p2a: Iron Moth|93/100
|-boost|p1a: Mommy|spa|2
|
|upkeep
|turn|7
|
|t:|1779897050
|move|p2a: Iron Moth|Sludge Wave|p1a: Mommy
|-supereffective|p1a: Mommy
|-damage|p1a: Mommy|50/100
|move|p1a: Mommy|Leech Seed|p2a: Iron Moth
|-start|p2a: Iron Moth|move: Leech Seed
|
|-heal|p1a: Mommy|57/100|[from] item: Leftovers
|-damage|p2a: Iron Moth|81/100|[from] Leech Seed|[of] p1a: Mommy
|-heal|p1a: Mommy|68/100|[silent]
|upkeep
|turn|8
|
|t:|1779897065
|-terastallize|p1a: Mommy|Water
|move|p1a: Mommy|Leaf Storm|p2a: Iron Moth
|-resisted|p2a: Iron Moth
|-damage|p2a: Iron Moth|63/100
|-boost|p1a: Mommy|spa|2
|move|p2a: Iron Moth|Whirlwind|p1a: Mommy
|drag|p1a: Navin Singh|Toxapex, F, shiny|100/100
|
|-damage|p2a: Iron Moth|51/100|[from] Leech Seed|[of] p1a: Navin Singh
|-sideend|p1: smolent|move: Light Screen
|upkeep
|turn|9
|
|t:|1779897079
|-end|p2a: Iron Moth|Quark Drive|[silent]
|switch|p2a: Hatterene|Hatterene, F|100/100
|move|p1a: Navin Singh|Toxic Spikes|p2a: Hatterene
|move|p2a: Hatterene|Toxic Spikes|p1a: Navin Singh|[from] ability: Magic Bounce
|-sidestart|p1: smolent|move: Toxic Spikes
|
|-sideend|p1: smolent|Reflect
|upkeep
|turn|10
|
|t:|1779897091
|switch|p1a: Angry Cat|Landorus-Therian, M|100/100
|-ability|p1a: Angry Cat|Intimidate|boost
|-unboost|p2a: Hatterene|atk|1
|move|p2a: Hatterene|Stored Power|p1a: Angry Cat
|-damage|p1a: Angry Cat|89/100
|
|upkeep
|turn|11
|
|t:|1779897107
|switch|p2a: Ogerpon|Ogerpon-Wellspring-Tera, F, tera:Water|84/100
|-ability|p2a: Ogerpon|Embody Aspect (Wellspring)|boost
|-boost|p2a: Ogerpon|spd|1
|move|p1a: Angry Cat|U-turn|p2a: Ogerpon
|-damage|p2a: Ogerpon|39/100
|-damage|p1a: Angry Cat|79/100|[from] item: Life Orb
|
|t:|1779897115
|switch|p1a: Navin Singh|Toxapex, F, shiny|100/100|[from] U-turn
|-sideend|p1: smolent|move: Toxic Spikes|[of] p1a: Navin Singh
|
|upkeep
|turn|12
|
|t:|1779897123
|move|p2a: Ogerpon|Trailblaze|p1a: Navin Singh
|-crit|p1a: Navin Singh
|-damage|p1a: Navin Singh|73/100
|-boost|p2a: Ogerpon|spe|1
|move|p1a: Navin Singh|Poison Jab|p2a: Ogerpon
|-damage|p2a: Ogerpon|12/100
|
|-heal|p1a: Navin Singh|79/100|[from] item: Black Sludge
|upkeep
|turn|13
|
|t:|1779897134
|move|p1a: Navin Singh|Baneful Bunker|p1a: Navin Singh
|-singleturn|p1a: Navin Singh|move: Protect
|move|p2a: Ogerpon|Ivy Cudgel|p1a: Navin Singh|[anim] Ivy Cudgel Water
|-activate|p1a: Navin Singh|move: Protect
|
|-heal|p1a: Navin Singh|85/100|[from] item: Black Sludge
|upkeep
|turn|14
|
|t:|1779897145
|move|p2a: Ogerpon|Encore|p1a: Navin Singh
|-start|p1a: Navin Singh|Encore
|move|p1a: Navin Singh|Baneful Bunker||[still]
|-fail|p1a: Navin Singh
|
|-heal|p1a: Navin Singh|92/100|[from] item: Black Sludge
|upkeep
|turn|15
|
|t:|1779897153
|move|p1a: Navin Singh|Baneful Bunker|p1a: Navin Singh
|-singleturn|p1a: Navin Singh|move: Protect
|move|p2a: Ogerpon|Swords Dance|p2a: Ogerpon
|-boost|p2a: Ogerpon|atk|2
|
|-heal|p1a: Navin Singh|98/100|[from] item: Black Sludge
|upkeep
|turn|16
|
|t:|1779897163
|switch|p1a: Sitting Sleep|Walking Wake|100/100
|-enditem|p1a: Sitting Sleep|Booster Energy
|-activate|p1a: Sitting Sleep|ability: Protosynthesis|[fromitem]
|-start|p1a: Sitting Sleep|protosynthesisspa
|move|p2a: Ogerpon|Swords Dance|p2a: Ogerpon
|-boost|p2a: Ogerpon|atk|2
|
|upkeep
|turn|17
|
|t:|1779897181
|move|p2a: Ogerpon|Trailblaze|p1a: Sitting Sleep
|-damage|p1a: Sitting Sleep|0 fnt
|-boost|p2a: Ogerpon|spe|1
|faint|p1a: Sitting Sleep
|-end|p1a: Sitting Sleep|Protosynthesis|[silent]
|
|upkeep
|-message|smolent forfeited.
|
|win|Josh2a
|raw|smolent's rating: 1183 &rarr; <strong>1158</strong><br />(-25 for losing)
|raw|Josh2a's rating: 1181 &rarr; <strong>1206</strong><br />(+25 for winning)
|l|☆smolent
|player|p1|
