|j|☆estradiol5mg
|j|☆rainy day 00
|t:|1779822189
|gametype|singles
|player|p1|estradiol5mg|266|1321
|player|p2|rainy day 00|clair|1283
|gen|9
|tier|[Gen 9] OU
|rated|
|rule|HP Percentage Mod: HP is shown in percentages
|rule|Endless Battle Clause: Forcing endless battles is banned
|rule|Species Clause: Limit one of each Pokémon
|rule|OHKO Clause: OHKO moves are banned
|rule|Evasion Items Clause: Evasion items are banned
|rule|Evasion Moves Clause: Evasion moves are banned
|rule|Evasion Abilities Clause: Evasion abilities are banned
|rule|Sleep Moves Clause: Sleep-inducing moves are banned
|clearpoke
|poke|p1|Dragonite, M|
|poke|p1|Ting-Lu|
|poke|p1|Clefable, F|
|poke|p1|Pecharunt|
|poke|p1|Heatran, F|
|poke|p1|Zamazenta-*|
|poke|p2|Lilligant-Hisui, F|
|poke|p2|Goodra, M|
|poke|p2|Arcanine, F|
|poke|p2|Ambipom, M|
|poke|p2|Hatterene, F|
|poke|p2|Frosmoth, M|
|teampreview
|c|☆estradiol5mg|hf
|c|☆rainy day 00|you too
|
|t:|1779822207
|teamsize|p1|6
|teamsize|p2|6
|start
|switch|p1a: Ting-Lu|Ting-Lu|100/100
|switch|p2a: Goodra|Goodra, M|100/100
|-ability|p1a: Ting-Lu|Vessel of Ruin
|turn|1
|
|t:|1779822224
|switch|p2a: Hatterene|Hatterene, F|100/100
|move|p1a: Ting-Lu|Spikes|p2a: Hatterene
|move|p2a: Hatterene|Spikes|p1a: Ting-Lu|[from] ability: Magic Bounce
|-sidestart|p1: estradiol5mg|Spikes
|
|upkeep
|turn|2
|
|t:|1779822234
|switch|p1a: Heatran|Heatran, F|100/100
|-damage|p1a: Heatran|88/100|[from] Spikes
|move|p2a: Hatterene|Draining Kiss|p1a: Heatran
|-resisted|p1a: Heatran
|-damage|p1a: Heatran|85/100
|
|-heal|p1a: Heatran|91/100|[from] item: Leftovers
|upkeep
|turn|3
|
|t:|1779822250
|move|p1a: Heatran|Magma Storm|p2a: Hatterene
|-damage|p2a: Hatterene|79/100
|-activate|p2a: Hatterene|move: Magma Storm|[of] p1a: Heatran
|move|p2a: Hatterene|Nuzzle|p1a: Heatran
|-damage|p1a: Heatran|87/100
|-status|p1a: Heatran|par
|
|-heal|p1a: Heatran|94/100 par|[from] item: Leftovers
|-damage|p2a: Hatterene|67/100|[from] move: Magma Storm|[partiallytrapped]
|upkeep
|turn|4
|
|t:|1779822264
|cant|p1a: Heatran|par
|move|p2a: Hatterene|Psychic Noise|p1a: Heatran
|-resisted|p1a: Heatran
|-damage|p1a: Heatran|82/100 par
|-start|p1a: Heatran|move: Heal Block
|
|-damage|p2a: Hatterene|54/100|[from] move: Magma Storm|[partiallytrapped]
|upkeep
|turn|5
|
|t:|1779822275
|move|p1a: Heatran|Magma Storm|p2a: Hatterene
|-damage|p2a: Hatterene|32/100
|move|p2a: Hatterene|Draining Kiss|p1a: Heatran
|-resisted|p1a: Heatran
|-damage|p1a: Heatran|79/100 par
|-heal|p2a: Hatterene|35/100|[from] drain|[of] p1a: Heatran
|
|-damage|p2a: Hatterene|23/100|[from] move: Magma Storm|[partiallytrapped]
|-end|p1a: Heatran|move: Heal Block
|upkeep
|turn|6
|
|t:|1779822288
|move|p1a: Heatran|Earth Power|p2a: Hatterene
|-damage|p2a: Hatterene|9/100
|move|p2a: Hatterene|Psychic Noise|p1a: Heatran
|-resisted|p1a: Heatran
|-damage|p1a: Heatran|68/100 par
|-start|p1a: Heatran|move: Heal Block
|
|-damage|p2a: Hatterene|0 fnt|[from] move: Magma Storm|[partiallytrapped]
|faint|p2a: Hatterene
|upkeep
|
|t:|1779822309
|switch|p2a: Arcanine|Arcanine, F|100/100
|-ability|p2a: Arcanine|Intimidate|boost
|-unboost|p1a: Heatran|atk|1
|turn|7
|
|t:|1779822332
|switch|p1a: Pecharunt|Pecharunt|100/100
|move|p2a: Arcanine|Close Combat|p1a: Pecharunt
|-immune|p1a: Pecharunt
|
|upkeep
|turn|8
|
|t:|1779822347
|move|p2a: Arcanine|Will-O-Wisp|p1a: Pecharunt
|-status|p1a: Pecharunt|brn
|move|p1a: Pecharunt|Toxic|p2a: Arcanine
|-status|p2a: Arcanine|tox
|-start|p2a: Arcanine|confusion|[from] ability: Poison Puppeteer|[of] p1a: Pecharunt
|
|-damage|p2a: Arcanine|94/100 tox|[from] psn
|-damage|p1a: Pecharunt|94/100 brn|[from] brn
|upkeep
|turn|9
|
|t:|1779822360
|-activate|p2a: Arcanine|confusion
|move|p2a: Arcanine|Flare Blitz|p1a: Pecharunt
|-damage|p1a: Pecharunt|74/100 brn
|-damage|p2a: Arcanine|88/100 tox|[from] Recoil
|move|p1a: Pecharunt|Shadow Ball|p2a: Arcanine
|-damage|p2a: Arcanine|62/100 tox
|
|-damage|p2a: Arcanine|49/100 tox|[from] psn
|-damage|p1a: Pecharunt|68/100 brn|[from] brn
|upkeep
|turn|10
|
|t:|1779822399
|-activate|p2a: Arcanine|confusion
|-damage|p2a: Arcanine|42/100 tox|[from] confusion
|move|p1a: Pecharunt|Recover|p1a: Pecharunt
|-heal|p1a: Pecharunt|100/100 brn
|
|-damage|p2a: Arcanine|24/100 tox|[from] psn
|-damage|p1a: Pecharunt|94/100 brn|[from] brn
|upkeep
|turn|11
|
|t:|1779822410
|-end|p2a: Arcanine|confusion
|move|p2a: Arcanine|Morning Sun|p2a: Arcanine
|-heal|p2a: Arcanine|74/100 tox
|move|p1a: Pecharunt|Parting Shot|p2a: Arcanine
|-unboost|p2a: Arcanine|atk|1
|-unboost|p2a: Arcanine|spa|1
|
|t:|1779822422
|switch|p1a: Dragonite|Dragonite, M|100/100|[from] Parting Shot
|
|-damage|p2a: Arcanine|49/100 tox|[from] psn
|upkeep
|turn|12
|
|t:|1779822436
|move|p2a: Arcanine|Will-O-Wisp|p1a: Dragonite|[miss]
|-miss|p2a: Arcanine|p1a: Dragonite
|move|p1a: Dragonite|Earthquake|p2a: Arcanine
|-supereffective|p2a: Arcanine
|-damage|p2a: Arcanine|0 fnt
|faint|p2a: Arcanine
|
|upkeep
|
|t:|1779822448
|switch|p2a: Ambipom|Ambipom, M, shiny|100/100
|turn|13
|
|t:|1779822452
|move|p2a: Ambipom|Fake Out|p1a: Dragonite
|-damage|p1a: Dragonite|85/100
|-damage|p2a: Ambipom|91/100|[from] item: Life Orb
|cant|p1a: Dragonite|flinch
|
|upkeep
|turn|14
|
|t:|1779822459
|move|p2a: Ambipom|Triple Axel|p1a: Dragonite
|-supereffective|p1a: Dragonite
|-damage|p1a: Dragonite|45/100
|-supereffective|p1a: Dragonite
|-damage|p1a: Dragonite|0 fnt
|faint|p1a: Dragonite
|-hitcount|p1: Dragonite|2
|-damage|p2a: Ambipom|81/100|[from] item: Life Orb
|
|upkeep
|
|t:|1779822462
|switch|p1a: Heatran|Heatran, F|68/100 par
|-damage|p1a: Heatran|56/100 par|[from] Spikes
|turn|15
|
|t:|1779822476
|switch|p2a: Goodra|Goodra, M|100/100
|switch|p1a: Pecharunt|Pecharunt|94/100 brn
|
|-damage|p1a: Pecharunt|88/100 brn|[from] brn
|upkeep
|turn|16
|
|t:|1779822491
|-terastallize|p2a: Goodra|Poison
|move|p1a: Pecharunt|Toxic|p2a: Goodra
|-immune|p2a: Goodra
|move|p2a: Goodra|Draco Meteor|p1a: Pecharunt
|-damage|p1a: Pecharunt|25/100 brn
|-unboost|p2a: Goodra|spa|2
|
|-damage|p1a: Pecharunt|19/100 brn|[from] brn
|upkeep
|turn|17
|
|t:|1779822506
|move|p1a: Pecharunt|Recover|p1a: Pecharunt
|-heal|p1a: Pecharunt|69/100 brn
|move|p2a: Goodra|Fire Blast|p1a: Pecharunt
|-damage|p1a: Pecharunt|51/100 brn
|
|-damage|p1a: Pecharunt|45/100 brn|[from] brn
|upkeep
|turn|18
|
|t:|1779822515
|switch|p2a: Ambipom|Ambipom, M, shiny|81/100
|move|p1a: Pecharunt|Recover|p1a: Pecharunt
|-heal|p1a: Pecharunt|95/100 brn
|
|-damage|p1a: Pecharunt|89/100 brn|[from] brn
|upkeep
|turn|19
|
|t:|1779822523
|move|p2a: Ambipom|Knock Off|p1a: Pecharunt
|-supereffective|p1a: Pecharunt
|-damage|p1a: Pecharunt|57/100 brn
|-enditem|p1a: Pecharunt|Heavy-Duty Boots|[from] move: Knock Off|[of] p2a: Ambipom
|-damage|p2a: Ambipom|71/100|[from] item: Life Orb
|move|p1a: Pecharunt|Toxic|p2a: Ambipom
|-status|p2a: Ambipom|tox
|-start|p2a: Ambipom|confusion|[from] ability: Poison Puppeteer|[of] p1a: Pecharunt
|
|-damage|p2a: Ambipom|65/100 tox|[from] psn
|-damage|p1a: Pecharunt|51/100 brn|[from] brn
|upkeep
|turn|20
|
|t:|1779822537
|switch|p2a: Lilligant|Lilligant-Hisui, F, shiny|100/100
|move|p1a: Pecharunt|Recover|p1a: Pecharunt
|-heal|p1a: Pecharunt|100/100 brn
|
|-damage|p1a: Pecharunt|94/100 brn|[from] brn
|upkeep
|turn|21
|
|t:|1779822550
|move|p2a: Lilligant|Leaf Blade|p1a: Pecharunt
|-resisted|p1a: Pecharunt
|-damage|p1a: Pecharunt|80/100 brn
|move|p1a: Pecharunt|Toxic|p2a: Lilligant
|-status|p2a: Lilligant|tox
|-start|p2a: Lilligant|confusion|[from] ability: Poison Puppeteer|[of] p1a: Pecharunt
|
|-damage|p2a: Lilligant|94/100 tox|[from] psn
|-damage|p1a: Pecharunt|74/100 brn|[from] brn
|upkeep
|turn|22
|
|t:|1779822566
|switch|p2a: Goodra|Goodra, M, tera:Poison|100/100
|move|p1a: Pecharunt|Parting Shot|p2a: Goodra
|-unboost|p2a: Goodra|atk|1
|-unboost|p2a: Goodra|spa|1
|
|t:|1779822570
|switch|p1a: Ting-Lu|Ting-Lu|100/100|[from] Parting Shot
|-damage|p1a: Ting-Lu|88/100|[from] Spikes
|-ability|p1a: Ting-Lu|Vessel of Ruin
|
|-heal|p1a: Ting-Lu|94/100|[from] item: Leftovers
|upkeep
|turn|23
|
|t:|1779822588
|switch|p2a: Ambipom|Ambipom, M, shiny|65/100 tox
|move|p1a: Ting-Lu|Earthquake|p2a: Ambipom
|-damage|p2a: Ambipom|0 fnt
|faint|p2a: Ambipom
|
|-heal|p1a: Ting-Lu|100/100|[from] item: Leftovers
|upkeep
|
|t:|1779822606
|switch|p2a: Lilligant|Lilligant-Hisui, F, shiny|94/100 tox
|turn|24
|
|t:|1779822611
|switch|p1a: Pecharunt|Pecharunt|74/100 brn
|-damage|p1a: Pecharunt|62/100 brn|[from] Spikes
|move|p2a: Lilligant|Victory Dance|p2a: Lilligant
|-boost|p2a: Lilligant|atk|1
|-boost|p2a: Lilligant|def|1
|-boost|p2a: Lilligant|spe|1
|
|-damage|p2a: Lilligant|88/100 tox|[from] psn
|-damage|p1a: Pecharunt|56/100 brn|[from] brn
|upkeep
|turn|25
|
|t:|1779822623
|move|p2a: Lilligant|Ice Spinner|p1a: Pecharunt
|-damage|p1a: Pecharunt|30/100 brn
|move|p1a: Pecharunt|Recover|p1a: Pecharunt
|-heal|p1a: Pecharunt|80/100 brn
|
|-damage|p2a: Lilligant|76/100 tox|[from] psn
|-damage|p1a: Pecharunt|74/100 brn|[from] brn
|upkeep
|turn|26
|
|t:|1779822632
|move|p2a: Lilligant|Victory Dance|p2a: Lilligant
|-boost|p2a: Lilligant|atk|1
|-boost|p2a: Lilligant|def|1
|-boost|p2a: Lilligant|spe|1
|move|p1a: Pecharunt|Shadow Ball|p2a: Lilligant
|-damage|p2a: Lilligant|35/100 tox
|
|-damage|p2a: Lilligant|17/100 tox|[from] psn
|-damage|p1a: Pecharunt|68/100 brn|[from] brn
|upkeep
|turn|27
|
|t:|1779822641
|move|p2a: Lilligant|Leaf Blade|p1a: Pecharunt
|-resisted|p1a: Pecharunt
|-damage|p1a: Pecharunt|41/100 brn
|move|p1a: Pecharunt|Recover|p1a: Pecharunt
|-heal|p1a: Pecharunt|91/100 brn
|
|-damage|p2a: Lilligant|0 fnt|[from] psn
|faint|p2a: Lilligant
|-damage|p1a: Pecharunt|85/100 brn|[from] brn
|upkeep
|
|t:|1779822651
|switch|p2a: Goodra|Goodra, M, tera:Poison|100/100
|turn|28
|
|t:|1779822664
|switch|p1a: Ting-Lu|Ting-Lu|100/100
|-damage|p1a: Ting-Lu|88/100|[from] Spikes
|-ability|p1a: Ting-Lu|Vessel of Ruin
|move|p2a: Goodra|Thunder|p1a: Ting-Lu
|-immune|p1a: Ting-Lu
|
|-heal|p1a: Ting-Lu|94/100|[from] item: Leftovers
|upkeep
|turn|29
|
|t:|1779822683
|switch|p1a: Heatran|Heatran, F|56/100 par
|-damage|p1a: Heatran|44/100 par|[from] Spikes
|move|p2a: Goodra|Draco Meteor|p1a: Heatran
|-resisted|p1a: Heatran
|-damage|p1a: Heatran|26/100 par
|-unboost|p2a: Goodra|spa|2
|
|-heal|p1a: Heatran|32/100 par|[from] item: Leftovers
|upkeep
|turn|30
|
|t:|1779822696
|move|p2a: Goodra|Thunder|p1a: Heatran
|-damage|p1a: Heatran|21/100 par
|cant|p1a: Heatran|par
|
|-heal|p1a: Heatran|28/100 par|[from] item: Leftovers
|upkeep
|turn|31
|
|t:|1779822706
|switch|p2a: Frosmoth|Frosmoth, M|100/100
|move|p1a: Heatran|Stealth Rock|p2a: Frosmoth
|-sidestart|p2: rainy day 00|move: Stealth Rock
|
|-heal|p1a: Heatran|34/100 par|[from] item: Leftovers
|upkeep
|turn|32
|
|t:|1779822713
|move|p2a: Frosmoth|Bug Buzz|p1a: Heatran
|-resisted|p1a: Heatran
|-damage|p1a: Heatran|26/100 par
|cant|p1a: Heatran|par
|
|-heal|p1a: Heatran|33/100 par|[from] item: Leftovers
|upkeep
|turn|33
|
|t:|1779822721
|move|p2a: Frosmoth|Quiver Dance|p2a: Frosmoth
|-boost|p2a: Frosmoth|spa|1
|-boost|p2a: Frosmoth|spd|1
|-boost|p2a: Frosmoth|spe|1
|cant|p1a: Heatran|par
|
|-heal|p1a: Heatran|39/100 par|[from] item: Leftovers
|upkeep
|turn|34
|
|t:|1779822736
|move|p2a: Frosmoth|Quiver Dance|p2a: Frosmoth
|-boost|p2a: Frosmoth|spa|1
|-boost|p2a: Frosmoth|spd|1
|-boost|p2a: Frosmoth|spe|1
|move|p1a: Heatran|Magma Storm|p2a: Frosmoth
|-supereffective|p2a: Frosmoth
|-damage|p2a: Frosmoth|44/100
|-activate|p2a: Frosmoth|move: Magma Storm|[of] p1a: Heatran
|
|-heal|p1a: Heatran|45/100 par|[from] item: Leftovers
|-damage|p2a: Frosmoth|32/100|[from] move: Magma Storm|[partiallytrapped]
|upkeep
|turn|35
|
|t:|1779822751
|move|p2a: Frosmoth|Ice Beam|p1a: Heatran
|-resisted|p1a: Heatran
|-damage|p1a: Heatran|31/100 par
|move|p1a: Heatran|Magma Storm|p2a: Frosmoth|[miss]
|-miss|p1a: Heatran|p2a: Frosmoth
|
|-heal|p1a: Heatran|37/100 par|[from] item: Leftovers
|-damage|p2a: Frosmoth|20/100|[from] move: Magma Storm|[partiallytrapped]
|upkeep
|turn|36
|
|t:|1779822759
|move|p2a: Frosmoth|Giga Drain|p1a: Heatran
|-resisted|p1a: Heatran
|-damage|p1a: Heatran|28/100 par
|-heal|p2a: Frosmoth|26/100|[from] drain|[of] p1a: Heatran
|move|p1a: Heatran|Magma Storm|p2a: Frosmoth
|-supereffective|p2a: Frosmoth
|-damage|p2a: Frosmoth|0 fnt
|faint|p2a: Frosmoth
|
|-heal|p1a: Heatran|34/100 par|[from] item: Leftovers
|upkeep
|
|t:|1779822769
|switch|p2a: Goodra|Goodra, M, tera:Poison|100/100
|-damage|p2a: Goodra|88/100|[from] Stealth Rock
|turn|37
|
|t:|1779822775
|move|p2a: Goodra|Thunder|p1a: Heatran
|-crit|p1a: Heatran
|-damage|p1a: Heatran|0 fnt
|faint|p1a: Heatran
|
|upkeep
|
|t:|1779822779
|switch|p1a: Ting-Lu|Ting-Lu|94/100
|-damage|p1a: Ting-Lu|82/100|[from] Spikes
|-ability|p1a: Ting-Lu|Vessel of Ruin
|turn|38
|
|t:|1779822786
|move|p2a: Goodra|Sludge Wave|p1a: Ting-Lu
|-resisted|p1a: Ting-Lu
|-damage|p1a: Ting-Lu|73/100
|-status|p1a: Ting-Lu|psn
|move|p1a: Ting-Lu|Earthquake|p2a: Goodra
|-supereffective|p2a: Goodra
|-damage|p2a: Goodra|5/100
|
|-heal|p1a: Ting-Lu|79/100 psn|[from] item: Leftovers
|-damage|p1a: Ting-Lu|66/100 psn|[from] psn
|upkeep
|turn|39
|
|t:|1779822797
|move|p2a: Goodra|Sludge Wave|p1a: Ting-Lu
|-resisted|p1a: Ting-Lu
|-damage|p1a: Ting-Lu|58/100 psn
|move|p1a: Ting-Lu|Earthquake|p2a: Goodra
|-supereffective|p2a: Goodra
|-damage|p2a: Goodra|0 fnt
|faint|p2a: Goodra
|
|win|estradiol5mg
|raw|estradiol5mg's rating: 1321 &rarr; <strong>1339</strong><br />(+18 for winning)
|raw|rainy day 00's rating: 1283 &rarr; <strong>1261</strong><br />(-22 for losing)
|l|☆estradiol5mg
|player|p1|
|l|☆rainy day 00
|player|p2|
