|j|☆veronyl
|j|☆Igoodnamename
|t:|1779821738
|gametype|singles
|player|p1|veronyl|palmer|1476
|player|p2|Igoodnamename|aaron|1610
|gen|9
|tier|[Gen 9] OU
|rated|
|rule|HP Percentage Mod: HP is shown in percentages
|rule|Endless Battle Clause: Forcing endless battles is banned
|rule|Species Clause: Limit one of each Pokémon
|rule|OHKO Clause: OHKO moves are banned
|rule|Evasion Items Clause: Evasion items are banned
|rule|Evasion Moves Clause: Evasion moves are banned
|rule|Evasion Abilities Clause: Evasion abilities are banned
|rule|Sleep Moves Clause: Sleep-inducing moves are banned
|clearpoke
|poke|p1|Glaceon, F|
|poke|p1|Ninetales-Alola, F|
|poke|p1|Ogerpon-Wellspring, F|
|poke|p1|Basculegion-F, F|
|poke|p1|Weavile, F|
|poke|p1|Iron Treads|
|poke|p2|Skarmory, M|
|poke|p2|Pecharunt|
|poke|p2|Garganacl, F|
|poke|p2|Sylveon, F|
|poke|p2|Gliscor, F|
|poke|p2|Darkrai|
|teampreview
|inactive|Battle timer is ON: inactive players will automatically lose when time's up. (requested by veronyl)
|
|t:|1779821745
|teamsize|p1|6
|teamsize|p2|6
|start
|switch|p1a: Basculegion|Basculegion-F, F|100/100
|switch|p2a: Garganacl|Garganacl, F|100/100
|turn|1
|
|t:|1779821751
|-terastallize|p2a: Garganacl|Water
|move|p1a: Basculegion|Surf|p2a: Garganacl
|-resisted|p2a: Garganacl
|-damage|p2a: Garganacl|81/100
|move|p2a: Garganacl|Salt Cure|p1a: Basculegion
|-damage|p1a: Basculegion|82/100
|-start|p1a: Basculegion|Salt Cure
|
|-heal|p2a: Garganacl|87/100|[from] item: Leftovers
|-damage|p1a: Basculegion|57/100|[from] Salt Cure
|upkeep
|turn|2
|
|t:|1779821756
|switch|p1a: Glaceon|Glaceon, F|100/100
|move|p2a: Garganacl|Salt Cure|p1a: Glaceon
|-supereffective|p1a: Glaceon
|-damage|p1a: Glaceon|77/100
|-start|p1a: Glaceon|Salt Cure
|
|-heal|p1a: Glaceon|83/100|[from] item: Leftovers
|-heal|p2a: Garganacl|94/100|[from] item: Leftovers
|-damage|p1a: Glaceon|70/100|[from] Salt Cure
|upkeep
|turn|3
|
|t:|1779821763
|switch|p2a: Sylveon|Sylveon, F|100/100
|move|p1a: Glaceon|Calm Mind|p1a: Glaceon
|-boost|p1a: Glaceon|spa|1
|-boost|p1a: Glaceon|spd|1
|
|-heal|p1a: Glaceon|76/100|[from] item: Leftovers
|-damage|p1a: Glaceon|64/100|[from] Salt Cure
|upkeep
|turn|4
|
|t:|1779821771
|move|p2a: Sylveon|Calm Mind|p2a: Sylveon
|-boost|p2a: Sylveon|spa|1
|-boost|p2a: Sylveon|spd|1
|move|p1a: Glaceon|Freeze-Dry|p2a: Sylveon
|-damage|p2a: Sylveon|74/100
|
|-heal|p1a: Glaceon|70/100|[from] item: Leftovers
|-damage|p1a: Glaceon|58/100|[from] Salt Cure
|upkeep
|turn|5
|
|t:|1779821776
|switch|p1a: Ninetales|Ninetales-Alola, F|100/100
|-weather|Snowscape|[from] ability: Snow Warning|[of] p1a: Ninetales
|move|p2a: Sylveon|Hyper Voice|p1a: Ninetales
|-damage|p1a: Ninetales|40/100
|
|-weather|Snowscape|[upkeep]
|upkeep
|turn|6
|
|t:|1779821779
|move|p1a: Ninetales|Aurora Veil|p1a: Ninetales
|-sidestart|p1: veronyl|move: Aurora Veil
|move|p2a: Sylveon|Hyper Voice|p1a: Ninetales
|-damage|p1a: Ninetales|11/100
|
|-weather|Snowscape|[upkeep]
|upkeep
|turn|7
|
|t:|1779821784
|switch|p1a: Iron Treads|Iron Treads|100/100
|-enditem|p1a: Iron Treads|Booster Energy
|-activate|p1a: Iron Treads|ability: Quark Drive|[fromitem]
|-start|p1a: Iron Treads|quarkdriveatk
|move|p2a: Sylveon|Hyper Voice|p1a: Iron Treads
|-resisted|p1a: Iron Treads
|-damage|p1a: Iron Treads|79/100
|
|-weather|Snowscape|[upkeep]
|upkeep
|turn|8
|
|t:|1779821789
|switch|p2a: Skarmory|Skarmory, M|100/100
|move|p1a: Iron Treads|Heavy Slam|p2a: Skarmory
|-resisted|p2a: Skarmory
|-crit|p2a: Skarmory
|-damage|p2a: Skarmory|72/100
|-damage|p1a: Iron Treads|62/100|[from] item: Rocky Helmet|[of] p2a: Skarmory
|
|-weather|Snowscape|[upkeep]
|upkeep
|turn|9
|
|t:|1779821813
|-end|p1a: Iron Treads|Quark Drive|[silent]
|switch|p1a: Glaceon|Glaceon, F|58/100
|move|p2a: Skarmory|Spikes|p1a: Glaceon
|-sidestart|p1: veronyl|Spikes
|
|-weather|none
|-heal|p1a: Glaceon|64/100|[from] item: Leftovers
|upkeep
|turn|10
|
|t:|1779821830
|switch|p2a: Darkrai|Darkrai|100/100
|move|p1a: Glaceon|Calm Mind|p1a: Glaceon
|-boost|p1a: Glaceon|spa|1
|-boost|p1a: Glaceon|spd|1
|
|-heal|p1a: Glaceon|70/100|[from] item: Leftovers
|upkeep
|turn|11
|
|t:|1779821835
|move|p2a: Darkrai|Trick|p1a: Glaceon
|-activate|p2a: Darkrai|move: Trick|[of] p1a: Glaceon
|-item|p1a: Glaceon|Choice Scarf|[from] move: Trick
|-item|p2a: Darkrai|Leftovers|[from] move: Trick
|move|p1a: Glaceon|Calm Mind|p1a: Glaceon
|-boost|p1a: Glaceon|spa|1
|-boost|p1a: Glaceon|spd|1
|
|upkeep
|turn|12
|
|t:|1779821846
|switch|p1a: Basculegion|Basculegion-F, F|57/100
|-damage|p1a: Basculegion|44/100|[from] Spikes
|move|p2a: Darkrai|Dark Pulse|p1a: Basculegion
|-supereffective|p1a: Basculegion
|-damage|p1a: Basculegion|0 fnt
|faint|p1a: Basculegion
|
|upkeep
|
|t:|1779821855
|switch|p1a: Ogerpon|Ogerpon-Wellspring, F|100/100
|-damage|p1a: Ogerpon|88/100|[from] Spikes
|turn|13
|
|t:|1779821861
|-terastallize|p1a: Ogerpon|Water
|detailschange|p1a: Ogerpon|Ogerpon-Wellspring-Tera, F, tera:Water
|-ability|p1a: Ogerpon|Embody Aspect (Wellspring)|boost
|-boost|p1a: Ogerpon|spd|1
|move|p2a: Darkrai|Sludge Bomb|p1a: Ogerpon
|-damage|p1a: Ogerpon|75/100
|move|p1a: Ogerpon|Swords Dance|p1a: Ogerpon
|-boost|p1a: Ogerpon|atk|2
|
|-sideend|p1: veronyl|move: Aurora Veil
|upkeep
|turn|14
|
|t:|1779821866
|move|p2a: Darkrai|Dark Pulse|p1a: Ogerpon
|-damage|p1a: Ogerpon|44/100
|move|p1a: Ogerpon|Horn Leech|p2a: Darkrai
|-crit|p2a: Darkrai
|-damage|p2a: Darkrai|0 fnt
|-heal|p1a: Ogerpon|91/100|[from] drain|[of] p2a: Darkrai
|faint|p2a: Darkrai
|
|upkeep
|
|t:|1779821874
|switch|p2a: Pecharunt|Pecharunt|100/100
|turn|15
|
|t:|1779821877
|move|p1a: Ogerpon|Ivy Cudgel|p2a: Pecharunt|[anim] Ivy Cudgel Water
|-damage|p2a: Pecharunt|31/100
|move|p2a: Pecharunt|Malignant Chain|p1a: Ogerpon
|-crit|p1a: Ogerpon
|-damage|p1a: Ogerpon|35/100
|-status|p1a: Ogerpon|tox
|-start|p1a: Ogerpon|confusion|[from] ability: Poison Puppeteer|[of] p2a: Pecharunt
|
|-damage|p1a: Ogerpon|29/100 tox|[from] psn
|upkeep
|turn|16
|
|t:|1779821882
|-activate|p1a: Ogerpon|confusion
|move|p1a: Ogerpon|Ivy Cudgel|p2a: Pecharunt|[anim] Ivy Cudgel Water
|-damage|p2a: Pecharunt|0 fnt
|faint|p2a: Pecharunt
|
|-damage|p1a: Ogerpon|17/100 tox|[from] psn
|upkeep
|
|t:|1779821887
|switch|p2a: Gliscor|Gliscor, F|100/100
|turn|17
|
|t:|1779821892
|move|p2a: Gliscor|Protect|p2a: Gliscor
|-singleturn|p2a: Gliscor|Protect
|-activate|p1a: Ogerpon|confusion
|-damage|p1a: Ogerpon|0 fnt|[from] confusion
|faint|p1a: Ogerpon
|detailschange|p1: Ogerpon|Ogerpon-Wellspring, F|[silent]
|
|-status|p2a: Gliscor|tox|[from] item: Toxic Orb
|upkeep
|
|t:|1779821896
|switch|p1a: Ninetales|Ninetales-Alola, F|11/100
|-damage|p1a: Ninetales|0 fnt|[from] Spikes
|faint|p1a: Ninetales
|
|t:|1779821900
|switch|p1a: Glaceon|Glaceon, F|70/100
|-damage|p1a: Glaceon|57/100|[from] Spikes
|turn|18
|
|t:|1779821905
|switch|p2a: Garganacl|Garganacl, F, tera:Water|94/100
|move|p1a: Glaceon|Freeze-Dry|p2a: Garganacl
|-supereffective|p2a: Garganacl
|-damage|p2a: Garganacl|42/100
|
|-heal|p2a: Garganacl|48/100|[from] item: Leftovers
|upkeep
|turn|19
|
|t:|1779821909
|switch|p2a: Sylveon|Sylveon, F|74/100
|move|p1a: Glaceon|Freeze-Dry|p2a: Sylveon
|-damage|p2a: Sylveon|48/100
|
|upkeep
|turn|20
|
|t:|1779821917
|move|p1a: Glaceon|Freeze-Dry|p2a: Sylveon
|-damage|p2a: Sylveon|18/100
|move|p2a: Sylveon|Wish|p2a: Sylveon
|
|upkeep
|turn|21
|
|t:|1779821920
|move|p2a: Sylveon|Protect|p2a: Sylveon
|-singleturn|p2a: Sylveon|Protect
|move|p1a: Glaceon|Freeze-Dry|p2a: Sylveon
|-activate|p2a: Sylveon|move: Protect
|
|-heal|p2a: Sylveon|68/100|[from] move: Wish|[wisher] Sylveon
|upkeep
|turn|22
|
|t:|1779821922
|switch|p1a: Iron Treads|Iron Treads|62/100
|-damage|p1a: Iron Treads|50/100|[from] Spikes
|move|p2a: Sylveon|Wish|p2a: Sylveon
|
|upkeep
|turn|23
|
|t:|1779821927
|switch|p2a: Garganacl|Garganacl, F, tera:Water|48/100
|move|p1a: Iron Treads|Ice Spinner|p2a: Garganacl
|-resisted|p2a: Garganacl
|-damage|p2a: Garganacl|39/100
|
|-heal|p2a: Garganacl|88/100|[from] move: Wish|[wisher] Sylveon
|-heal|p2a: Garganacl|94/100|[from] item: Leftovers
|upkeep
|turn|24
|
|t:|1779821935
|-end|p1a: Iron Treads|Quark Drive|[silent]
|switch|p1a: Glaceon|Glaceon, F|57/100
|-damage|p1a: Glaceon|45/100|[from] Spikes
|move|p2a: Garganacl|Salt Cure|p1a: Glaceon
|-supereffective|p1a: Glaceon
|-damage|p1a: Glaceon|18/100
|-start|p1a: Glaceon|Salt Cure
|
|-heal|p2a: Garganacl|100/100|[from] item: Leftovers
|-damage|p1a: Glaceon|5/100|[from] Salt Cure
|upkeep
|turn|25
|
|t:|1779821940
|move|p2a: Garganacl|Protect|p2a: Garganacl
|-singleturn|p2a: Garganacl|Protect
|move|p1a: Glaceon|Freeze-Dry|p2a: Garganacl
|-activate|p2a: Garganacl|move: Protect
|
|-damage|p1a: Glaceon|0 fnt|[from] Salt Cure
|faint|p1a: Glaceon
|upkeep
|
|t:|1779821943
|switch|p1a: Weavile|Weavile, F|100/100
|-ability|p1a: Weavile|Pressure
|turn|26
|
|t:|1779821946
|move|p1a: Weavile|Swords Dance|p1a: Weavile
|-boost|p1a: Weavile|atk|2
|move|p2a: Garganacl|Salt Cure|p1a: Weavile
|-supereffective|p1a: Weavile
|-damage|p1a: Weavile|51/100
|-start|p1a: Weavile|Salt Cure
|
|-damage|p1a: Weavile|39/100|[from] Salt Cure
|upkeep
|turn|27
|
|t:|1779821950
|move|p1a: Weavile|Knock Off|p2a: Garganacl
|-damage|p2a: Garganacl|37/100
|-enditem|p2a: Garganacl|Leftovers|[from] move: Knock Off|[of] p1a: Weavile
|move|p2a: Garganacl|Salt Cure|p1a: Weavile
|-supereffective|p1a: Weavile
|-damage|p1a: Weavile|0 fnt
|faint|p1a: Weavile
|
|upkeep
|
|t:|1779821952
|switch|p1a: Iron Treads|Iron Treads|50/100
|-damage|p1a: Iron Treads|38/100|[from] Spikes
|turn|28
|
|t:|1779821964
|move|p1a: Iron Treads|Earthquake|p2a: Garganacl
|-damage|p2a: Garganacl|5/100
|move|p2a: Garganacl|Salt Cure|p1a: Iron Treads
|-resisted|p1a: Iron Treads
|-damage|p1a: Iron Treads|35/100
|-start|p1a: Iron Treads|Salt Cure
|
|-damage|p1a: Iron Treads|10/100|[from] Salt Cure
|upkeep
|turn|29
|
|t:|1779821968
|move|p2a: Garganacl|Protect|p2a: Garganacl
|-singleturn|p2a: Garganacl|Protect
|move|p1a: Iron Treads|Earthquake|p2a: Garganacl
|-activate|p2a: Garganacl|move: Protect
|
|-damage|p1a: Iron Treads|0 fnt|[from] Salt Cure
|faint|p1a: Iron Treads
|-end|p1a: Iron Treads|Quark Drive|[silent]
|
|win|Igoodnamename
|raw|veronyl's rating: 1476 &rarr; <strong>1463</strong><br />(-13 for losing)
|raw|Igoodnamename's rating: 1610 &rarr; <strong>1623</strong><br />(+13 for winning)
|l|☆veronyl
|player|p1|
|l|☆Igoodnamename
|player|p2|
