|j|☆rollinshahaha
|j|☆diddlediddle
|t:|1779812904
|gametype|singles
|player|p1|rollinshahaha|170|1391
|player|p2|diddlediddle|swimmerf|1334
|gen|9
|tier|[Gen 9] OU
|rated|
|rule|HP Percentage Mod: HP is shown in percentages
|rule|Endless Battle Clause: Forcing endless battles is banned
|rule|Species Clause: Limit one of each Pokémon
|rule|OHKO Clause: OHKO moves are banned
|rule|Evasion Items Clause: Evasion items are banned
|rule|Evasion Moves Clause: Evasion moves are banned
|rule|Evasion Abilities Clause: Evasion abilities are banned
|rule|Sleep Moves Clause: Sleep-inducing moves are banned
|clearpoke
|poke|p1|Rillaboom, M|
|poke|p1|Hatterene, F|
|poke|p1|Raging Bolt|
|poke|p1|Landorus-Therian, M|
|poke|p1|Kingambit, F|
|poke|p1|Dragapult, M|
|poke|p2|Cacturne, F|
|poke|p2|Sandy Shocks|
|poke|p2|Jirachi|
|poke|p2|Zoroark-Hisui, M|
|poke|p2|Heatran, M|
|poke|p2|Maushold-Four|
|teampreview
|inactive|Battle timer is ON: inactive players will automatically lose when time's up. (requested by diddlediddle)
|inactive|rollinshahaha also wants the timer to be on.
|
|t:|1779812912
|teamsize|p1|6
|teamsize|p2|6
|start
|switch|p1a: Dragapult|Dragapult, M|100/100
|switch|p2a: Cacturne|Cacturne, F|100/100
|turn|1
|
|t:|1779812918
|move|p2a: Cacturne|Sucker Punch|p1a: Dragapult
|-supereffective|p1a: Dragapult
|-enditem|p1a: Dragapult|Focus Sash
|-damage|p1a: Dragapult|1/100
|move|p1a: Dragapult|U-turn|p2a: Cacturne
|-supereffective|p2a: Cacturne
|-enditem|p2a: Cacturne|Focus Sash
|-damage|p2a: Cacturne|1/100
|
|t:|1779812926
|switch|p1a: Rillaboom|Rillaboom, M|100/100|[from] U-turn
|-fieldstart|move: Grassy Terrain|[from] ability: Grassy Surge|[of] p1a: Rillaboom
|
|-heal|p2a: Cacturne|7/100|[from] Grassy Terrain
|upkeep
|turn|2
|
|t:|1779812935
|move|p1a: Rillaboom|Knock Off|p2a: Cacturne
|-resisted|p2a: Cacturne
|-damage|p2a: Cacturne|0 fnt
|faint|p2a: Cacturne
|
|upkeep
|
|t:|1779812943
|switch|p2a: Heatran|Heatran, M|100/100
|turn|3
|
|t:|1779812947
|move|p2a: Heatran|Flamethrower|p1a: Rillaboom
|-supereffective|p1a: Rillaboom
|-damage|p1a: Rillaboom|0 fnt
|faint|p1a: Rillaboom
|
|upkeep
|
|t:|1779812951
|switch|p1a: Landorus|Landorus-Therian, M|100/100
|-ability|p1a: Landorus|Intimidate|boost
|-unboost|p2a: Heatran|atk|1
|turn|4
|
|t:|1779812956
|-terastallize|p2a: Heatran|Flying
|move|p2a: Heatran|Flamethrower|p1a: Landorus
|-damage|p1a: Landorus|46/100
|move|p1a: Landorus|U-turn|p2a: Heatran
|-resisted|p2a: Heatran
|-damage|p2a: Heatran|91/100
|
|t:|1779812962
|switch|p1a: Raging Bolt|Raging Bolt|100/100|[from] U-turn
|
|upkeep
|turn|5
|
|t:|1779812968
|move|p2a: Heatran|Flamethrower|p1a: Raging Bolt
|-resisted|p1a: Raging Bolt
|-damage|p1a: Raging Bolt|80/100
|move|p1a: Raging Bolt|Draco Meteor|p2a: Heatran
|-damage|p2a: Heatran|0 fnt
|-unboost|p1a: Raging Bolt|spa|2
|faint|p2a: Heatran
|
|-heal|p1a: Raging Bolt|86/100|[from] Grassy Terrain
|upkeep
|
|t:|1779812971
|switch|p2a: Sandy Shocks|Sandy Shocks|100/100
|-enditem|p2a: Sandy Shocks|Booster Energy
|-activate|p2a: Sandy Shocks|ability: Protosynthesis|[fromitem]
|-start|p2a: Sandy Shocks|protosynthesisspe
|turn|6
|
|t:|1779812980
|-end|p1a: Raging Bolt|Protosynthesis|[silent]
|switch|p1a: Dragapult|Dragapult, M|1/100
|move|p2a: Sandy Shocks|Flash Cannon|p1a: Dragapult
|-damage|p1a: Dragapult|0 fnt
|faint|p1a: Dragapult
|
|upkeep
|
|t:|1779812986
|switch|p1a: Hatterene|Hatterene, F|100/100
|-enditem|p1a: Hatterene|Grassy Seed
|-boost|p1a: Hatterene|def|1|[from] item: Grassy Seed
|turn|7
|
|t:|1779812994
|-terastallize|p1a: Hatterene|Steel
|move|p2a: Sandy Shocks|Flash Cannon|p1a: Hatterene
|-resisted|p1a: Hatterene
|-damage|p1a: Hatterene|88/100
|move|p1a: Hatterene|Calm Mind|p1a: Hatterene
|-boost|p1a: Hatterene|spa|1
|-boost|p1a: Hatterene|spd|1
|
|-heal|p1a: Hatterene|94/100|[from] Grassy Terrain
|upkeep
|turn|8
|
|t:|1779812999
|move|p1a: Hatterene|Calm Mind|p1a: Hatterene
|-boost|p1a: Hatterene|spa|1
|-boost|p1a: Hatterene|spd|1
|move|p2a: Sandy Shocks|Mirror Coat||[still]
|-fail|p2a: Sandy Shocks
|
|-heal|p1a: Hatterene|99/100|[from] Grassy Terrain
|-fieldend|move: Grassy Terrain
|upkeep
|turn|9
|
|t:|1779813008
|move|p2a: Sandy Shocks|Earth Power|p1a: Hatterene
|-supereffective|p1a: Hatterene
|-damage|p1a: Hatterene|56/100
|move|p1a: Hatterene|Calm Mind|p1a: Hatterene
|-boost|p1a: Hatterene|spa|1
|-boost|p1a: Hatterene|spd|1
|
|upkeep
|turn|10
|
|t:|1779813013
|-end|p2a: Sandy Shocks|Protosynthesis|[silent]
|switch|p2a: Maushold|Maushold-Four|100/100
|move|p1a: Hatterene|Draining Kiss|p2a: Maushold
|-damage|p2a: Maushold|22/100
|-heal|p1a: Hatterene|100/100|[from] drain|[of] p2a: Maushold
|
|upkeep
|turn|11
|
|t:|1779813021
|move|p2a: Maushold|Encore|p1a: Hatterene
|move|p1a: Hatterene|Encore||[from] ability: Magic Bounce|[still]
|-fail|p1a: Hatterene
|move|p1a: Hatterene|Draining Kiss|p2a: Maushold
|-damage|p2a: Maushold|0 fnt
|faint|p2a: Maushold
|
|upkeep
|
|t:|1779813023
|switch|p2a: Live by the flinch|Jirachi|100/100
|turn|12
|
|t:|1779813031
|move|p2a: Live by the flinch|Body Slam|p1a: Hatterene
|-resisted|p1a: Hatterene
|-damage|p1a: Hatterene|95/100
|-status|p1a: Hatterene|par
|move|p1a: Hatterene|Mystical Fire|p2a: Live by the flinch
|-supereffective|p2a: Live by the flinch
|-damage|p2a: Live by the flinch|0 fnt
|faint|p2a: Live by the flinch
|
|upkeep
|
|t:|1779813036
|switch|p2a: Sandy Shocks|Sandy Shocks|100/100
|turn|13
|
|t:|1779813043
|move|p2a: Sandy Shocks|Flamethrower|p1a: Hatterene
|-supereffective|p1a: Hatterene
|-damage|p1a: Hatterene|54/100 par
|move|p1a: Hatterene|Draining Kiss|p2a: Sandy Shocks
|-damage|p2a: Sandy Shocks|0 fnt
|-heal|p1a: Hatterene|100/100 par|[from] drain|[of] p2a: Sandy Shocks
|replace|p2a: Zoroark|Zoroark-Hisui, M
|-end|p2a: Zoroark|Illusion
|faint|p2a: Zoroark
|
|upkeep
|c|☆diddlediddle|Jesus lmao
|c|☆diddlediddle|Well played
|
|t:|1779813054
|switch|p2a: Sandy Shocks|Sandy Shocks|100/100
|turn|14
|c|☆rollinshahaha|back to low ladder
|
|t:|1779813057
|move|p2a: Sandy Shocks|Earth Power|p1a: Hatterene
|-supereffective|p1a: Hatterene
|-damage|p1a: Hatterene|62/100 par
|move|p1a: Hatterene|Draining Kiss|p2a: Sandy Shocks
|-damage|p2a: Sandy Shocks|36/100
|-heal|p1a: Hatterene|100/100 par|[from] drain|[of] p2a: Sandy Shocks
|
|upkeep
|turn|15
|
|t:|1779813060
|move|p2a: Sandy Shocks|Earth Power|p1a: Hatterene
|-supereffective|p1a: Hatterene
|-damage|p1a: Hatterene|64/100 par
|move|p1a: Hatterene|Draining Kiss|p2a: Sandy Shocks
|-damage|p2a: Sandy Shocks|0 fnt
|-heal|p1a: Hatterene|91/100 par|[from] drain|[of] p2a: Sandy Shocks
|faint|p2a: Sandy Shocks
|-end|p2a: Sandy Shocks|Protosynthesis|[silent]
|
|win|rollinshahaha
|raw|rollinshahaha's rating: 1391 &rarr; <strong>1408</strong><br />(+17 for winning)
|raw|diddlediddle's rating: 1334 &rarr; <strong>1317</strong><br />(-17 for losing)
|l|☆rollinshahaha
|player|p1|
