|j|☆MsRaksoLord
|j|☆Omari P
|t:|1779916678
|gametype|singles
|player|p1|MsRaksoLord|hilbert-wonderlauncher|1491
|player|p2|Omari P|pokemonrangerf|1536
|gen|9
|tier|[Gen 9] OU
|rated|
|rule|HP Percentage Mod: HP is shown in percentages
|rule|Endless Battle Clause: Forcing endless battles is banned
|rule|Species Clause: Limit one of each Pokémon
|rule|OHKO Clause: OHKO moves are banned
|rule|Evasion Items Clause: Evasion items are banned
|rule|Evasion Moves Clause: Evasion moves are banned
|rule|Evasion Abilities Clause: Evasion abilities are banned
|rule|Sleep Moves Clause: Sleep-inducing moves are banned
|clearpoke
|poke|p1|Ogerpon-Wellspring, F|
|poke|p1|Chansey, F|
|poke|p1|Lokix, M|
|poke|p1|Corviknight, M|
|poke|p1|Gliscor, F|
|poke|p1|Garganacl, M|
|poke|p2|Volcanion|
|poke|p2|Torkoal, M|
|poke|p2|Slither Wing|
|poke|p2|Rillaboom, M|
|poke|p2|Great Tusk|
|poke|p2|Ogerpon-Cornerstone, F|
|teampreview
|inactive|Battle timer is ON: inactive players will automatically lose when time's up. (requested by MsRaksoLord)
|
|t:|1779916704
|teamsize|p1|6
|teamsize|p2|6
|start
|switch|p1a: Gliscor|Gliscor, F|100/100
|switch|p2a: Torkoal|Torkoal, M, shiny|100/100
|-weather|SunnyDay|[from] ability: Drought|[of] p2a: Torkoal
|turn|1
|
|t:|1779916710
|move|p1a: Gliscor|Knock Off|p2a: Torkoal
|-damage|p2a: Torkoal|82/100
|-enditem|p2a: Torkoal|Heat Rock|[from] move: Knock Off|[of] p1a: Gliscor
|move|p2a: Torkoal|Stealth Rock|p1a: Gliscor
|-sidestart|p1: MsRaksoLord|move: Stealth Rock
|
|-weather|SunnyDay|[upkeep]
|-status|p1a: Gliscor|tox|[from] item: Toxic Orb
|upkeep
|turn|2
|
|t:|1779916717
|switch|p2a: Ogerpon|Ogerpon-Cornerstone, F|100/100
|move|p1a: Gliscor|Earthquake|p2a: Ogerpon
|-damage|p2a: Ogerpon|41/100
|
|-weather|SunnyDay|[upkeep]
|upkeep
|turn|3
|
|t:|1779916723
|switch|p1a: Corviknight|Corviknight, M, shiny|100/100
|-damage|p1a: Corviknight|88/100|[from] Stealth Rock
|move|p2a: Ogerpon|Horn Leech|p1a: Corviknight
|-resisted|p1a: Corviknight
|-damage|p1a: Corviknight|81/100
|-heal|p2a: Ogerpon|46/100|[from] drain|[of] p1a: Corviknight
|-damage|p2a: Ogerpon|29/100|[from] item: Rocky Helmet|[of] p1a: Corviknight
|
|-weather|SunnyDay|[upkeep]
|upkeep
|turn|4
|
|t:|1779916726
|move|p2a: Ogerpon|Growth|p2a: Ogerpon
|-boost|p2a: Ogerpon|atk|2
|-boost|p2a: Ogerpon|spa|2
|move|p1a: Corviknight|Defog|p2a: Ogerpon
|-unboost|p2a: Ogerpon|evasion|1
|-sideend|p1: MsRaksoLord|Stealth Rock|[from] move: Defog|[of] p1a: Corviknight
|
|-weather|SunnyDay|[upkeep]
|upkeep
|turn|5
|
|t:|1779916731
|move|p2a: Ogerpon|Encore|p1a: Corviknight
|-start|p1a: Corviknight|Encore
|move|p1a: Corviknight|Defog|p2a: Ogerpon
|-unboost|p2a: Ogerpon|evasion|1
|
|-weather|SunnyDay|[upkeep]
|upkeep
|turn|6
|
|t:|1779916744
|switch|p1a: Garganacl|Garganacl, M, shiny|100/100
|move|p2a: Ogerpon|Ivy Cudgel|p1a: Garganacl|[anim] Ivy Cudgel Rock
|-damage|p1a: Garganacl|38/100
|
|-weather|SunnyDay|[upkeep]
|-heal|p1a: Garganacl|44/100|[from] item: Leftovers
|upkeep
|turn|7
|
|t:|1779916747
|switch|p1a: Corviknight|Corviknight, M, shiny|81/100
|move|p2a: Ogerpon|Horn Leech|p1a: Corviknight
|-resisted|p1a: Corviknight
|-damage|p1a: Corviknight|68/100
|-heal|p2a: Ogerpon|38/100|[from] drain|[of] p1a: Corviknight
|-damage|p2a: Ogerpon|22/100|[from] item: Rocky Helmet|[of] p1a: Corviknight
|
|-weather|SunnyDay|[upkeep]
|upkeep
|turn|8
|
|t:|1779916750
|move|p2a: Ogerpon|Ivy Cudgel|p1a: Corviknight|[anim] Ivy Cudgel Rock
|-damage|p1a: Corviknight|0 fnt
|faint|p1a: Corviknight
|
|-weather|none
|upkeep
|
|t:|1779916754
|switch|p1a: Lokix|Lokix, M, shiny|100/100
|turn|9
|
|t:|1779916757
|switch|p2a: Torkoal|Torkoal, M, shiny|82/100
|-weather|SunnyDay|[from] ability: Drought|[of] p2a: Torkoal
|move|p1a: Lokix|First Impression|p2a: Torkoal
|-resisted|p2a: Torkoal
|-damage|p2a: Torkoal|40/100
|
|-weather|SunnyDay|[upkeep]
|upkeep
|turn|10
|
|t:|1779916769
|switch|p1a: Chansey|Chansey, F, shiny|100/100
|move|p2a: Torkoal|Stealth Rock|p1a: Chansey
|-sidestart|p1: MsRaksoLord|move: Stealth Rock
|
|-weather|SunnyDay|[upkeep]
|upkeep
|turn|11
|
|t:|1779916777
|switch|p2a: Rillaboom|Rillaboom, M|100/100
|-fieldstart|move: Grassy Terrain|[from] ability: Grassy Surge|[of] p2a: Rillaboom
|move|p1a: Chansey|Stealth Rock|p2a: Rillaboom
|-sidestart|p2: Omari P|move: Stealth Rock
|
|-weather|SunnyDay|[upkeep]
|upkeep
|turn|12
|
|t:|1779916784
|switch|p1a: Garganacl|Garganacl, M, shiny|44/100
|-damage|p1a: Garganacl|32/100|[from] Stealth Rock
|move|p2a: Rillaboom|Swords Dance|p2a: Rillaboom
|-boost|p2a: Rillaboom|atk|2
|
|-weather|SunnyDay|[upkeep]
|-heal|p1a: Garganacl|38/100|[from] Grassy Terrain
|-heal|p1a: Garganacl|44/100|[from] item: Leftovers
|upkeep
|turn|13
|
|t:|1779916787
|-terastallize|p1a: Garganacl|Ghost
|move|p2a: Rillaboom|Solar Blade||[still]
|-prepare|p2a: Rillaboom|Solar Blade
|-anim|p2a: Rillaboom|Solar Blade|p1a: Garganacl
|-damage|p1a: Garganacl|0 fnt
|faint|p1a: Garganacl
|-damage|p2a: Rillaboom|91/100|[from] item: Life Orb
|
|-weather|none
|-heal|p2a: Rillaboom|97/100|[from] Grassy Terrain
|upkeep
|l|☆MsRaksoLord
|inactive|MsRaksoLord disconnected and has a minute to reconnect!
|player|p1|
|inactive|MsRaksoLord has 30 seconds to reconnect!
|inactive|MsRaksoLord has 20 seconds to reconnect!
|inactive|MsRaksoLord has 15 seconds to reconnect!
|inactive|MsRaksoLord has 10 seconds to reconnect!
|inactive|MsRaksoLord has 5 seconds to reconnect!
|-message|MsRaksoLord lost due to inactivity.
|
|win|Omari P
|raw|MsRaksoLord's rating: 1491 &rarr; <strong>1474</strong><br />(-17 for losing)
|raw|Omari P's rating: 1536 &rarr; <strong>1553</strong><br />(+17 for winning)
