|j|☆magicsalt
|j|☆huyuyang
|t:|1779870025
|gametype|singles
|player|p1|magicsalt|clair|1151
|player|p2|huyuyang|iris|1127
|gen|9
|tier|[Gen 9] OU
|rated|
|rule|HP Percentage Mod: HP is shown in percentages
|rule|Endless Battle Clause: Forcing endless battles is banned
|rule|Species Clause: Limit one of each Pokémon
|rule|OHKO Clause: OHKO moves are banned
|rule|Evasion Items Clause: Evasion items are banned
|rule|Evasion Moves Clause: Evasion moves are banned
|rule|Evasion Abilities Clause: Evasion abilities are banned
|rule|Sleep Moves Clause: Sleep-inducing moves are banned
|clearpoke
|poke|p1|Salazzle, F|
|poke|p1|Glimmora, F|
|poke|p1|Darkrai|
|poke|p1|Toxapex, F|
|poke|p1|Corviknight, F|
|poke|p1|Blissey, F|
|poke|p2|Hatterene, F|
|poke|p2|Zapdos|
|poke|p2|Skarmory, F|
|poke|p2|Politoed, M|
|poke|p2|Garchomp, M|
|poke|p2|Kingdra, M|
|teampreview
|inactive|Battle timer is ON: inactive players will automatically lose when time's up. (requested by huyuyang)
|
|t:|1779870033
|teamsize|p1|6
|teamsize|p2|6
|start
|switch|p1a: Edgey|Darkrai, shiny|100/100
|switch|p2a: Hatterene|Hatterene, F|100/100
|turn|1
|
|t:|1779870043
|move|p1a: Edgey|Shadow Ball|p2a: Hatterene
|-supereffective|p2a: Hatterene
|-damage|p2a: Hatterene|48/100
|-unboost|p2a: Hatterene|spd|1
|move|p2a: Hatterene|Trick|p1a: Edgey
|-activate|p2a: Hatterene|move: Trick|[of] p1a: Edgey
|-item|p1a: Edgey|Lagging Tail|[from] move: Trick
|-item|p2a: Hatterene|Focus Sash|[from] move: Trick
|
|upkeep
|turn|2
|
|t:|1779870057
|move|p2a: Hatterene|Light Screen|p2a: Hatterene
|-sidestart|p2: huyuyang|move: Light Screen
|move|p1a: Edgey|Shadow Ball|p2a: Hatterene
|-supereffective|p2a: Hatterene
|-damage|p2a: Hatterene|6/100
|-unboost|p2a: Hatterene|spd|1
|
|upkeep
|turn|3
|
|t:|1779870079
|move|p2a: Hatterene|Future Sight|p1a: Edgey
|-start|p2a: Hatterene|move: Future Sight
|move|p1a: Edgey|Shadow Ball|p2a: Hatterene
|-supereffective|p2a: Hatterene
|-damage|p2a: Hatterene|0 fnt
|faint|p2a: Hatterene
|
|upkeep
|
|t:|1779870081
|switch|p2a: Politoed|Politoed, M|100/100
|-weather|RainDance|[from] ability: Drizzle|[of] p2a: Politoed
|turn|4
|
|t:|1779870104
|switch|p1a: Fatty whopper|Blissey, F|100/100
|move|p2a: Politoed|Weather Ball|p1a: Fatty whopper
|-crit|p1a: Fatty whopper
|-damage|p1a: Fatty whopper|76/100
|
|-weather|RainDance|[upkeep]
|-heal|p1a: Fatty whopper|82/100|[from] item: Leftovers
|upkeep
|turn|5
|
|t:|1779870117
|switch|p2a: Garchomp|Garchomp, M|100/100
|move|p1a: Fatty whopper|Seismic Toss|p2a: Garchomp
|-damage|p2a: Garchomp|72/100
|-damage|p1a: Fatty whopper|70/100|[from] ability: Rough Skin|[of] p2a: Garchomp
|
|-weather|RainDance|[upkeep]
|-end|p1a: Fatty whopper|move: Future Sight
|-damage|p1a: Fatty whopper|50/100
|-heal|p1a: Fatty whopper|56/100|[from] item: Leftovers
|upkeep
|turn|6
|
|t:|1779870132
|switch|p1a: Edgey|Darkrai, shiny|100/100
|move|p2a: Garchomp|Scale Shot|p1a: Edgey
|-damage|p1a: Edgey|87/100
|-damage|p1a: Edgey|73/100
|-damage|p1a: Edgey|58/100
|-hitcount|p1a: Edgey|3
|-unboost|p2a: Garchomp|def|1
|-boost|p2a: Garchomp|spe|1
|
|-weather|RainDance|[upkeep]
|-sideend|p2: huyuyang|move: Light Screen
|upkeep
|turn|7
|
|t:|1779870151
|move|p2a: Garchomp|Surf|p1a: Edgey
|-damage|p1a: Edgey|6/100
|move|p1a: Edgey|Dark Pulse|p2a: Garchomp
|-damage|p2a: Garchomp|28/100
|
|-weather|RainDance|[upkeep]
|upkeep
|turn|8
|inactive|magicsalt has 120 seconds left.
|
|t:|1779870174
|switch|p1a: Spikey thingy|Toxapex, F|100/100
|move|p2a: Garchomp|Earthquake|p1a: Spikey thingy
|-supereffective|p1a: Spikey thingy
|-damage|p1a: Spikey thingy|49/100
|
|-weather|RainDance|[upkeep]
|-heal|p1a: Spikey thingy|55/100|[from] item: Leftovers
|upkeep
|turn|9
|inactive|magicsalt has 120 seconds left.
|
|t:|1779870187
|switch|p2a: Zapdos|Zapdos|100/100
|-terastallize|p1a: Spikey thingy|Fairy
|move|p1a: Spikey thingy|Recover|p1a: Spikey thingy
|-heal|p1a: Spikey thingy|100/100
|
|-weather|RainDance|[upkeep]
|upkeep
|turn|10
|inactive|magicsalt has 120 seconds left.
|
|t:|1779870198
|move|p2a: Zapdos|Volt Switch|p1a: Spikey thingy
|-damage|p1a: Spikey thingy|58/100
|-damage|p2a: Zapdos|91/100|[from] item: Life Orb
|
|t:|1779870203
|switch|p2a: Skarmory|Skarmory, F|100/100|[from] Volt Switch
|move|p1a: Spikey thingy|Infestation|p2a: Skarmory
|-resisted|p2a: Skarmory
|-damage|p2a: Skarmory|99/100
|-activate|p2a: Skarmory|move: Infestation|[of] p1a: Spikey thingy
|
|-weather|RainDance|[upkeep]
|-heal|p1a: Spikey thingy|64/100|[from] item: Leftovers
|-damage|p2a: Skarmory|87/100|[from] move: Infestation|[partiallytrapped]
|upkeep
|turn|11
|
|t:|1779870217
|move|p1a: Spikey thingy|Baneful Bunker|p1a: Spikey thingy
|-singleturn|p1a: Spikey thingy|move: Protect
|move|p2a: Skarmory|Stealth Rock|p1a: Spikey thingy
|-sidestart|p1: magicsalt|move: Stealth Rock
|
|-weather|none
|-heal|p1a: Spikey thingy|70/100|[from] item: Leftovers
|-damage|p2a: Skarmory|75/100|[from] move: Infestation|[partiallytrapped]
|upkeep
|turn|12
|
|t:|1779870227
|move|p2a: Skarmory|Spikes|p1a: Spikey thingy
|-sidestart|p1: magicsalt|Spikes
|move|p1a: Spikey thingy|Recover|p1a: Spikey thingy
|-heal|p1a: Spikey thingy|100/100
|
|-damage|p2a: Skarmory|62/100|[from] move: Infestation|[partiallytrapped]
|upkeep
|turn|13
|
|t:|1779870236
|move|p2a: Skarmory|Spikes|p1a: Spikey thingy
|-sidestart|p1: magicsalt|Spikes
|move|p1a: Spikey thingy|Infestation|p2a: Skarmory
|-resisted|p2a: Skarmory
|-damage|p2a: Skarmory|62/100
|
|-damage|p2a: Skarmory|49/100|[from] move: Infestation|[partiallytrapped]
|upkeep
|turn|14
|
|t:|1779870244
|move|p1a: Spikey thingy|Infestation|p2a: Skarmory
|-resisted|p2a: Skarmory
|-damage|p2a: Skarmory|48/100
|move|p2a: Skarmory|Roar|p1a: Spikey thingy
|drag|p1a: A roc|Glimmora, F, shiny|100/100
|-damage|p1a: A roc|88/100|[from] Stealth Rock
|-damage|p1a: A roc|72/100|[from] Spikes
|
|-end|p2a: Skarmory|Infestation|[partiallytrapped]|[silent]
|upkeep
|turn|15
|
|t:|1779870258
|move|p1a: A roc|Toxic|p2a: Skarmory
|-status|p2a: Skarmory|tox
|move|p2a: Skarmory|Roar|p1a: A roc
|drag|p1a: Fatty whopper|Blissey, F|56/100
|-damage|p1a: Fatty whopper|44/100|[from] Stealth Rock
|-damage|p1a: Fatty whopper|27/100|[from] Spikes
|
|-heal|p1a: Fatty whopper|33/100|[from] item: Leftovers
|-damage|p2a: Skarmory|42/100 tox|[from] psn
|upkeep
|turn|16
|
|t:|1779870272
|move|p1a: Fatty whopper|Soft-Boiled|p1a: Fatty whopper
|-heal|p1a: Fatty whopper|83/100
|move|p2a: Skarmory|Roar|p1a: Fatty whopper
|drag|p1a: A roc|Glimmora, F, shiny|72/100
|-damage|p1a: A roc|59/100|[from] Stealth Rock
|-damage|p1a: A roc|43/100|[from] Spikes
|
|-damage|p2a: Skarmory|30/100 tox|[from] psn
|upkeep
|turn|17
|
|t:|1779870286
|switch|p2a: Politoed|Politoed, M|100/100
|-weather|RainDance|[from] ability: Drizzle|[of] p2a: Politoed
|move|p1a: A roc|Stealth Rock|p2a: Politoed
|-sidestart|p2: huyuyang|move: Stealth Rock
|
|-weather|RainDance|[upkeep]
|upkeep
|turn|18
|
|t:|1779870295
|move|p1a: A roc|Toxic|p2a: Politoed
|-status|p2a: Politoed|tox
|move|p2a: Politoed|Weather Ball|p1a: A roc
|-supereffective|p1a: A roc
|-damage|p1a: A roc|0 fnt
|faint|p1a: A roc
|
|-weather|RainDance|[upkeep]
|-damage|p2a: Politoed|94/100 tox|[from] psn
|upkeep
|
|t:|1779870309
|switch|p1a: Spikey thingy|Toxapex, F, tera:Fairy|100/100
|-damage|p1a: Spikey thingy|88/100|[from] Stealth Rock
|-damage|p1a: Spikey thingy|72/100|[from] Spikes
|turn|19
|
|t:|1779870317
|switch|p2a: Skarmory|Skarmory, F|30/100 tox
|move|p1a: Spikey thingy|Infestation|p2a: Skarmory
|-resisted|p2a: Skarmory
|-damage|p2a: Skarmory|29/100 tox
|-activate|p2a: Skarmory|move: Infestation|[of] p1a: Spikey thingy
|
|-weather|RainDance|[upkeep]
|-heal|p1a: Spikey thingy|78/100|[from] item: Leftovers
|-damage|p2a: Skarmory|23/100 tox|[from] psn
|-damage|p2a: Skarmory|10/100 tox|[from] move: Infestation|[partiallytrapped]
|upkeep
|turn|20
|
|t:|1779870329
|move|p1a: Spikey thingy|Baneful Bunker|p1a: Spikey thingy
|-singleturn|p1a: Spikey thingy|move: Protect
|move|p2a: Skarmory|Roar|p1a: Spikey thingy
|drag|p1a: Fatty whopper|Blissey, F|83/100
|-damage|p1a: Fatty whopper|71/100|[from] Stealth Rock
|-damage|p1a: Fatty whopper|54/100|[from] Spikes
|
|-weather|RainDance|[upkeep]
|-heal|p1a: Fatty whopper|60/100|[from] item: Leftovers
|-damage|p2a: Skarmory|0 fnt|[from] psn
|faint|p2a: Skarmory
|upkeep
|
|t:|1779870334
|switch|p2a: Zapdos|Zapdos|91/100
|-damage|p2a: Zapdos|66/100|[from] Stealth Rock
|turn|21
|
|t:|1779870346
|move|p2a: Zapdos|Thunder|p1a: Fatty whopper
|-damage|p1a: Fatty whopper|29/100
|-damage|p2a: Zapdos|56/100|[from] item: Life Orb
|move|p1a: Fatty whopper|Soft-Boiled|p1a: Fatty whopper
|-heal|p1a: Fatty whopper|79/100
|
|-weather|RainDance|[upkeep]
|-heal|p1a: Fatty whopper|85/100|[from] item: Leftovers
|upkeep
|turn|22
|
|t:|1779870358
|move|p2a: Zapdos|Roost|p2a: Zapdos
|-heal|p2a: Zapdos|100/100
|-singleturn|p2a: Zapdos|move: Roost
|move|p1a: Fatty whopper|Seismic Toss|p2a: Zapdos
|-damage|p2a: Zapdos|69/100
|
|-weather|RainDance|[upkeep]
|-heal|p1a: Fatty whopper|92/100|[from] item: Leftovers
|upkeep
|turn|23
|
|t:|1779870368
|move|p2a: Zapdos|Volt Switch|p1a: Fatty whopper
|-damage|p1a: Fatty whopper|72/100
|-damage|p2a: Zapdos|59/100|[from] item: Life Orb
|
|t:|1779870374
|switch|p2a: Garchomp|Garchomp, M|28/100|[from] Volt Switch
|-damage|p2a: Garchomp|22/100|[from] Stealth Rock
|move|p1a: Fatty whopper|Seismic Toss|p2a: Garchomp
|-damage|p2a: Garchomp|0 fnt
|-damage|p1a: Fatty whopper|59/100|[from] ability: Rough Skin|[of] p2a: Garchomp
|faint|p2a: Garchomp
|
|-weather|RainDance|[upkeep]
|-heal|p1a: Fatty whopper|66/100|[from] item: Leftovers
|upkeep
|
|t:|1779870378
|switch|p2a: Kingdra|Kingdra, M, shiny|100/100
|-damage|p2a: Kingdra|88/100|[from] Stealth Rock
|turn|24
|
|t:|1779870391
|move|p2a: Kingdra|Hurricane|p1a: Fatty whopper
|-damage|p1a: Fatty whopper|47/100
|move|p1a: Fatty whopper|Soft-Boiled|p1a: Fatty whopper
|-heal|p1a: Fatty whopper|97/100
|
|-weather|none
|-heal|p1a: Fatty whopper|100/100|[from] item: Leftovers
|upkeep
|turn|25
|
|t:|1779870400
|switch|p2a: Politoed|Politoed, M|94/100 tox
|-damage|p2a: Politoed|82/100 tox|[from] Stealth Rock
|-weather|RainDance|[from] ability: Drizzle|[of] p2a: Politoed
|move|p1a: Fatty whopper|Seismic Toss|p2a: Politoed
|-damage|p2a: Politoed|56/100 tox
|
|-weather|RainDance|[upkeep]
|-damage|p2a: Politoed|49/100 tox|[from] psn
|upkeep
|turn|26
|
|t:|1779870413
|move|p2a: Politoed|Weather Ball|p1a: Fatty whopper
|-damage|p1a: Fatty whopper|82/100
|move|p1a: Fatty whopper|Seismic Toss|p2a: Politoed
|-damage|p2a: Politoed|23/100 tox
|
|-weather|RainDance|[upkeep]
|-heal|p1a: Fatty whopper|88/100|[from] item: Leftovers
|-damage|p2a: Politoed|11/100 tox|[from] psn
|upkeep
|turn|27
|
|t:|1779870424
|move|p2a: Politoed|Ice Beam|p1a: Fatty whopper
|-damage|p1a: Fatty whopper|81/100
|move|p1a: Fatty whopper|Seismic Toss|p2a: Politoed
|-damage|p2a: Politoed|0 fnt
|faint|p2a: Politoed
|
|-weather|RainDance|[upkeep]
|-heal|p1a: Fatty whopper|87/100|[from] item: Leftovers
|upkeep
|
|t:|1779870428
|switch|p2a: Zapdos|Zapdos|59/100
|-damage|p2a: Zapdos|34/100|[from] Stealth Rock
|turn|28
|
|t:|1779870437
|move|p2a: Zapdos|Roost|p2a: Zapdos
|-heal|p2a: Zapdos|85/100
|-singleturn|p2a: Zapdos|move: Roost
|move|p1a: Fatty whopper|Seismic Toss|p2a: Zapdos
|-damage|p2a: Zapdos|53/100
|
|-weather|RainDance|[upkeep]
|-heal|p1a: Fatty whopper|93/100|[from] item: Leftovers
|upkeep
|turn|29
|
|t:|1779870447
|move|p2a: Zapdos|Thunder|p1a: Fatty whopper
|-damage|p1a: Fatty whopper|64/100
|-status|p1a: Fatty whopper|par
|-damage|p2a: Zapdos|43/100|[from] item: Life Orb
|cant|p1a: Fatty whopper|par
|
|-weather|RainDance|[upkeep]
|-heal|p1a: Fatty whopper|70/100 par|[from] item: Leftovers
|upkeep
|turn|30
|
|t:|1779870457
|move|p2a: Zapdos|Roost|p2a: Zapdos
|-heal|p2a: Zapdos|94/100
|-singleturn|p2a: Zapdos|move: Roost
|cant|p1a: Fatty whopper|par
|
|-weather|RainDance|[upkeep]
|-heal|p1a: Fatty whopper|76/100 par|[from] item: Leftovers
|upkeep
|turn|31
|
|t:|1779870466
|move|p2a: Zapdos|Hurricane|p1a: Fatty whopper
|-damage|p1a: Fatty whopper|48/100 par
|-start|p1a: Fatty whopper|confusion
|-damage|p2a: Zapdos|84/100|[from] item: Life Orb
|-activate|p1a: Fatty whopper|confusion
|-damage|p1a: Fatty whopper|47/100 par|[from] confusion
|
|-weather|RainDance|[upkeep]
|-heal|p1a: Fatty whopper|53/100 par|[from] item: Leftovers
|upkeep
|turn|32
|
|t:|1779870477
|move|p2a: Zapdos|Thunder|p1a: Fatty whopper
|-damage|p1a: Fatty whopper|22/100 par
|-damage|p2a: Zapdos|74/100|[from] item: Life Orb
|-activate|p1a: Fatty whopper|confusion
|move|p1a: Fatty whopper|Heal Bell|p1a: Fatty whopper
|-activate|p1a: Fatty whopper|move: Heal Bell
|-curestatus|p1a: Fatty whopper|par|[msg]
|
|-weather|none
|-heal|p1a: Fatty whopper|28/100|[from] item: Leftovers
|upkeep
|turn|33
|
|t:|1779870488
|-end|p1a: Fatty whopper|confusion
|move|p1a: Fatty whopper|Protect|p1a: Fatty whopper
|-singleturn|p1a: Fatty whopper|Protect
|move|p2a: Zapdos|Thunder|p1a: Fatty whopper
|-activate|p1a: Fatty whopper|move: Protect
|
|-heal|p1a: Fatty whopper|34/100|[from] item: Leftovers
|upkeep
|turn|34
|
|t:|1779870499
|move|p2a: Zapdos|Thunder|p1a: Fatty whopper|[miss]
|-miss|p2a: Zapdos|p1a: Fatty whopper
|move|p1a: Fatty whopper|Soft-Boiled|p1a: Fatty whopper
|-heal|p1a: Fatty whopper|84/100
|
|-heal|p1a: Fatty whopper|90/100|[from] item: Leftovers
|upkeep
|turn|35
|
|t:|1779870509
|move|p2a: Zapdos|Thunder|p1a: Fatty whopper
|-damage|p1a: Fatty whopper|59/100
|-status|p1a: Fatty whopper|par
|-damage|p2a: Zapdos|64/100|[from] item: Life Orb
|cant|p1a: Fatty whopper|par
|
|-heal|p1a: Fatty whopper|65/100 par|[from] item: Leftovers
|upkeep
|turn|36
|
|t:|1779870519
|move|p1a: Fatty whopper|Protect|p1a: Fatty whopper
|-singleturn|p1a: Fatty whopper|Protect
|move|p2a: Zapdos|Hurricane|p1a: Fatty whopper
|-activate|p1a: Fatty whopper|move: Protect
|
|-heal|p1a: Fatty whopper|71/100 par|[from] item: Leftovers
|upkeep
|turn|37
|
|t:|1779870529
|move|p2a: Zapdos|Hurricane|p1a: Fatty whopper
|-damage|p1a: Fatty whopper|44/100 par
|-damage|p2a: Zapdos|54/100|[from] item: Life Orb
|move|p1a: Fatty whopper|Heal Bell|p1a: Fatty whopper
|-activate|p1a: Fatty whopper|move: Heal Bell
|-curestatus|p1a: Fatty whopper|par|[msg]
|
|-heal|p1a: Fatty whopper|50/100|[from] item: Leftovers
|upkeep
|turn|38
|
|t:|1779870539
|move|p2a: Zapdos|Thunder|p1a: Fatty whopper
|-damage|p1a: Fatty whopper|19/100
|-damage|p2a: Zapdos|44/100|[from] item: Life Orb
|move|p1a: Fatty whopper|Soft-Boiled|p1a: Fatty whopper
|-heal|p1a: Fatty whopper|69/100
|
|-heal|p1a: Fatty whopper|75/100|[from] item: Leftovers
|upkeep
|turn|39
|-message|huyuyang forfeited.
|
|win|magicsalt
|raw|magicsalt's rating: 1151 &rarr; <strong>1174</strong><br />(+23 for winning)
|raw|huyuyang's rating: 1127 &rarr; <strong>1104</strong><br />(-23 for losing)
|l|☆huyuyang
|player|p2|
|l|☆magicsalt
|player|p1|
