|j|☆Chinatownz
|j|☆CatsinND
|t:|1779831170
|gametype|singles
|player|p1|Chinatownz|fisherman-gen4|1325
|player|p2|CatsinND|scientistf|1320
|gen|9
|tier|[Gen 9] OU
|rated|
|rule|HP Percentage Mod: HP is shown in percentages
|rule|Endless Battle Clause: Forcing endless battles is banned
|rule|Species Clause: Limit one of each Pokémon
|rule|OHKO Clause: OHKO moves are banned
|rule|Evasion Items Clause: Evasion items are banned
|rule|Evasion Moves Clause: Evasion moves are banned
|rule|Evasion Abilities Clause: Evasion abilities are banned
|rule|Sleep Moves Clause: Sleep-inducing moves are banned
|clearpoke
|poke|p1|Honchkrow, F|
|poke|p1|Ribombee, F|
|poke|p1|Gholdengo|
|poke|p1|Okidogi, M|
|poke|p1|Kyurem|
|poke|p1|Great Tusk|
|poke|p2|Weavile, F|
|poke|p2|Volcanion|
|poke|p2|Great Tusk|
|poke|p2|Hatterene, F|
|poke|p2|Gholdengo|
|poke|p2|Dragonite, M|
|teampreview
|inactive|Battle timer is ON: inactive players will automatically lose when time's up. (requested by Chinatownz)
|
|t:|1779831177
|teamsize|p1|6
|teamsize|p2|6
|start
|switch|p1a: Honchkrow|Honchkrow, F|100/100
|switch|p2a: Volcanion|Volcanion|100/100
|turn|1
|
|t:|1779831185
|move|p1a: Honchkrow|U-turn|p2a: Volcanion
|-resisted|p2a: Volcanion
|-damage|p2a: Volcanion|89/100
|
|t:|1779831187
|switch|p1a: Okidogi|Okidogi, M|100/100|[from] U-turn
|move|p2a: Volcanion|Steam Eruption|p1a: Okidogi
|-damage|p1a: Okidogi|59/100
|
|upkeep
|turn|2
|
|t:|1779831194
|move|p2a: Volcanion|Earth Power|p1a: Okidogi
|-supereffective|p1a: Okidogi
|-damage|p1a: Okidogi|13/100
|move|p1a: Okidogi|Knock Off|p2a: Volcanion
|-damage|p2a: Volcanion|57/100
|-enditem|p2a: Volcanion|Shuca Berry|[from] move: Knock Off|[of] p1a: Okidogi
|
|upkeep
|turn|3
|
|t:|1779831202
|switch|p1a: Great Tusk|Great Tusk|100/100
|move|p2a: Volcanion|Steam Eruption|p1a: Great Tusk
|-supereffective|p1a: Great Tusk
|-damage|p1a: Great Tusk|0 fnt
|faint|p1a: Great Tusk
|-end|p1a: Great Tusk|Protosynthesis|[silent]
|
|upkeep
|
|t:|1779831212
|switch|p1a: Ribombee|Ribombee, F|100/100
|turn|4
|
|t:|1779831215
|switch|p2a: Hatterene|Hatterene, F|100/100
|move|p1a: Ribombee|Psychic Noise|p2a: Hatterene
|-resisted|p2a: Hatterene
|-damage|p2a: Hatterene|89/100
|-start|p2a: Hatterene|move: Heal Block
|
|upkeep
|turn|5
|
|t:|1779831219
|switch|p1a: Gholdengo|Gholdengo|100/100
|-item|p1a: Gholdengo|Air Balloon
|move|p2a: Hatterene|Nuzzle|p1a: Gholdengo
|-damage|p1a: Gholdengo|95/100
|-status|p1a: Gholdengo|par
|-enditem|p1a: Gholdengo|Air Balloon
|
|-end|p2a: Hatterene|move: Heal Block
|upkeep
|turn|6
|
|t:|1779831232
|switch|p2a: Gholdengo|Gholdengo|100/100
|move|p1a: Gholdengo|Make It Rain|p2a: Gholdengo
|-resisted|p2a: Gholdengo
|-damage|p2a: Gholdengo|63/100
|-unboost|p1a: Gholdengo|spa|1
|
|upkeep
|turn|7
|
|t:|1779831246
|switch|p1a: Okidogi|Okidogi, M|13/100
|move|p2a: Gholdengo|Shadow Ball|p1a: Okidogi
|-damage|p1a: Okidogi|0 fnt
|faint|p1a: Okidogi
|
|upkeep
|
|t:|1779831249
|switch|p1a: Honchkrow|Honchkrow, F|100/100
|turn|8
|
|t:|1779831263
|switch|p2a: Volcanion|Volcanion|57/100
|move|p1a: Honchkrow|Night Slash|p2a: Volcanion
|-damage|p2a: Volcanion|16/100
|
|upkeep
|turn|9
|
|t:|1779831272
|move|p1a: Honchkrow|Night Slash|p2a: Volcanion
|-damage|p2a: Volcanion|0 fnt
|faint|p2a: Volcanion
|-ability|p1a: Honchkrow|Moxie|boost
|-boost|p1a: Honchkrow|atk|1
|
|upkeep
|
|t:|1779831277
|switch|p2a: Weavile|Weavile, F|100/100
|turn|10
|
|t:|1779831289
|switch|p1a: Kyurem|Kyurem|100/100
|-ability|p1a: Kyurem|Pressure
|move|p2a: Weavile|Triple Axel|p1a: Kyurem
|-damage|p1a: Kyurem|85/100
|-damage|p1a: Kyurem|51/100
|-hitcount|p1a: Kyurem|2
|
|upkeep
|turn|11
|
|t:|1779831296
|move|p2a: Weavile|Triple Axel|p1a: Kyurem
|-damage|p1a: Kyurem|35/100
|-hitcount|p1a: Kyurem|1
|move|p1a: Kyurem|Earth Power|p2a: Weavile
|-damage|p2a: Weavile|60/100
|
|upkeep
|turn|12
|
|t:|1779831301
|move|p2a: Weavile|Triple Axel|p1a: Kyurem
|-damage|p1a: Kyurem|18/100
|-damage|p1a: Kyurem|0 fnt
|faint|p1a: Kyurem
|-hitcount|p1: Kyurem|2
|
|upkeep
|
|t:|1779831309
|switch|p1a: Ribombee|Ribombee, F|100/100
|turn|13
|
|t:|1779831315
|switch|p2a: Hatterene|Hatterene, F|89/100
|move|p1a: Ribombee|Moonblast|p2a: Hatterene
|-damage|p2a: Hatterene|46/100
|
|upkeep
|turn|14
|
|t:|1779831318
|move|p1a: Ribombee|Moonblast|p2a: Hatterene
|-damage|p2a: Hatterene|4/100
|move|p2a: Hatterene|Draining Kiss|p1a: Ribombee
|-damage|p1a: Ribombee|62/100
|-heal|p2a: Hatterene|28/100|[from] drain|[of] p1a: Ribombee
|
|upkeep
|turn|15
|
|t:|1779831339
|move|p1a: Ribombee|Moonblast|p2a: Hatterene
|-damage|p2a: Hatterene|0 fnt
|faint|p2a: Hatterene
|
|upkeep
|
|t:|1779831341
|switch|p2a: Gholdengo|Gholdengo|63/100
|turn|16
|
|t:|1779831346
|move|p2a: Gholdengo|Shadow Ball|p1a: Ribombee
|-damage|p1a: Ribombee|0 fnt
|faint|p1a: Ribombee
|
|upkeep
|
|t:|1779831349
|switch|p1a: Honchkrow|Honchkrow, F|100/100
|turn|17
|
|t:|1779831362
|switch|p2a: Great Tusk|Great Tusk|100/100
|-terastallize|p1a: Honchkrow|Dark
|move|p1a: Honchkrow|Night Slash|p2a: Great Tusk
|-resisted|p2a: Great Tusk
|-damage|p2a: Great Tusk|76/100
|
|upkeep
|turn|18
|
|t:|1779831366
|move|p2a: Great Tusk|Close Combat|p1a: Honchkrow
|-supereffective|p1a: Honchkrow
|-damage|p1a: Honchkrow|0 fnt
|-unboost|p2a: Great Tusk|def|1
|-unboost|p2a: Great Tusk|spd|1
|faint|p1a: Honchkrow
|
|upkeep
|-message|Chinatownz forfeited.
|
|win|CatsinND
|raw|Chinatownz's rating: 1325 &rarr; <strong>1305</strong><br />(-20 for losing)
|raw|CatsinND's rating: 1320 &rarr; <strong>1340</strong><br />(+20 for winning)
|l|☆Chinatownz
|player|p1|
