|j|☆claudechamp
|j|☆zermoon
|t:|1779850296
|gametype|singles
|player|p1|claudechamp|169|1215
|player|p2|zermoon|102|1187
|gen|9
|tier|[Gen 9] OU
|rated|
|rule|HP Percentage Mod: HP is shown in percentages
|rule|Endless Battle Clause: Forcing endless battles is banned
|rule|Species Clause: Limit one of each Pokémon
|rule|OHKO Clause: OHKO moves are banned
|rule|Evasion Items Clause: Evasion items are banned
|rule|Evasion Moves Clause: Evasion moves are banned
|rule|Evasion Abilities Clause: Evasion abilities are banned
|rule|Sleep Moves Clause: Sleep-inducing moves are banned
|clearpoke
|poke|p1|Corviknight, F|
|poke|p1|Ting-Lu|
|poke|p1|Kyurem|
|poke|p1|Dondozo, M|
|poke|p1|Slowking-Galar, F|
|poke|p1|Cinderace, F|
|poke|p2|Primarina, M|
|poke|p2|Ceruledge, F|
|poke|p2|Arboliva, M|
|poke|p2|Slowking-Galar, M|
|poke|p2|Frosmoth, M|
|poke|p2|Kingambit, M|
|teampreview
|c|☆claudechamp|hf
|inactive|Battle timer is ON: inactive players will automatically lose when time's up. (requested by claudechamp)
|
|t:|1779850309
|teamsize|p1|6
|teamsize|p2|6
|start
|switch|p1a: Cinderace|Cinderace, F|100/100
|switch|p2a: Primarina|Primarina, M|100/100
|turn|1
|
|t:|1779850321
|move|p1a: Cinderace|Pyro Ball|p2a: Primarina|[miss]
|-miss|p1a: Cinderace|p2a: Primarina
|move|p2a: Primarina|Surf|p1a: Cinderace
|-supereffective|p1a: Cinderace
|-damage|p1a: Cinderace|0 fnt
|faint|p1a: Cinderace
|
|upkeep
|
|t:|1779850325
|switch|p1a: Kyurem|Kyurem|100/100
|-ability|p1a: Kyurem|Pressure
|turn|2
|
|t:|1779850332
|move|p1a: Kyurem|Freeze-Dry|p2a: Primarina
|-supereffective|p2a: Primarina
|-damage|p2a: Primarina|60/100
|move|p2a: Primarina|Moonblast|p1a: Kyurem
|-supereffective|p1a: Kyurem
|-crit|p1a: Kyurem
|-damage|p1a: Kyurem|0 fnt
|faint|p1a: Kyurem
|
|upkeep
|
|t:|1779850338
|switch|p1a: Ting-Lu|Ting-Lu|100/100
|-ability|p1a: Ting-Lu|Vessel of Ruin
|turn|3
|
|t:|1779850345
|move|p2a: Primarina|Surf|p1a: Ting-Lu
|-supereffective|p1a: Ting-Lu
|-damage|p1a: Ting-Lu|60/100
|move|p1a: Ting-Lu|Earthquake|p2a: Primarina
|-damage|p2a: Primarina|17/100
|
|-heal|p1a: Ting-Lu|66/100|[from] item: Leftovers
|upkeep
|turn|4
|
|t:|1779850354
|move|p2a: Primarina|Surf|p1a: Ting-Lu
|-supereffective|p1a: Ting-Lu
|-damage|p1a: Ting-Lu|5/100
|move|p1a: Ting-Lu|Earthquake|p2a: Primarina
|-damage|p2a: Primarina|0 fnt
|faint|p2a: Primarina
|
|-heal|p1a: Ting-Lu|11/100|[from] item: Leftovers
|upkeep
|
|t:|1779850371
|switch|p2a: Arboliva|Arboliva, M|100/100
|turn|5
|
|t:|1779850376
|move|p1a: Ting-Lu|Rest|p1a: Ting-Lu
|-status|p1a: Ting-Lu|slp|[from] move: Rest
|-heal|p1a: Ting-Lu|100/100 slp|[silent]
|move|p2a: Arboliva|Leech Seed|p1a: Ting-Lu
|-start|p1a: Ting-Lu|move: Leech Seed
|
|-damage|p1a: Ting-Lu|88/100 slp|[from] Leech Seed|[of] p2a: Arboliva
|upkeep
|turn|6
|
|t:|1779850385
|switch|p1a: Slowking|Slowking-Galar, F|100/100
|move|p2a: Arboliva|Alluring Voice|p1a: Slowking
|-resisted|p1a: Slowking
|-damage|p1a: Slowking|91/100
|
|upkeep
|turn|7
|
|t:|1779850394
|switch|p2a: Slowking|Slowking-Galar, M|100/100
|move|p1a: Slowking|Sludge Bomb|p2a: Slowking
|-resisted|p2a: Slowking
|-damage|p2a: Slowking|87/100
|
|upkeep
|turn|8
|
|t:|1779850403
|-prepare|p2a: Slowking|Chilly Reception|[premajor]
|move|p2a: Slowking|Chilly Reception|p2a: Slowking
|-weather|Snowscape
|
|t:|1779850407
|switch|p2a: Frosmoth|Frosmoth, M|100/100|[from] Chilly Reception
|move|p1a: Slowking|Future Sight|p2a: Frosmoth
|-start|p1a: Slowking|move: Future Sight
|
|-weather|Snowscape|[upkeep]
|upkeep
|turn|9
|
|t:|1779850415
|move|p2a: Frosmoth|Aurora Veil|p2a: Frosmoth
|-sidestart|p2: zermoon|move: Aurora Veil
|-prepare|p1a: Slowking|Chilly Reception|[premajor]
|move|p1a: Slowking|Chilly Reception|p1a: Slowking
|
|t:|1779850417
|switch|p1a: Ting-Lu|Ting-Lu|88/100 slp|[from] Chilly Reception
|-ability|p1a: Ting-Lu|Vessel of Ruin
|
|-weather|Snowscape|[upkeep]
|-heal|p1a: Ting-Lu|94/100 slp|[from] item: Leftovers
|upkeep
|turn|10
|
|t:|1779850428
|move|p2a: Frosmoth|Blizzard|p1a: Ting-Lu
|-supereffective|p1a: Ting-Lu
|-damage|p1a: Ting-Lu|47/100 slp
|cant|p1a: Ting-Lu|slp
|
|-weather|Snowscape|[upkeep]
|-end|p2a: Frosmoth|move: Future Sight
|-damage|p2a: Frosmoth|91/100
|-heal|p1a: Ting-Lu|53/100 slp|[from] item: Leftovers
|upkeep
|turn|11
|
|t:|1779850439
|move|p2a: Frosmoth|Blizzard|p1a: Ting-Lu
|-supereffective|p1a: Ting-Lu
|-damage|p1a: Ting-Lu|0 fnt
|faint|p1a: Ting-Lu
|
|-weather|Snowscape|[upkeep]
|upkeep
|
|t:|1779850442
|switch|p1a: Slowking|Slowking-Galar, F|100/100
|turn|12
|
|t:|1779850452
|move|p2a: Frosmoth|Blizzard|p1a: Slowking
|-damage|p1a: Slowking|53/100
|move|p1a: Slowking|Future Sight|p2a: Frosmoth
|-start|p1a: Slowking|move: Future Sight
|
|-weather|none
|upkeep
|turn|13
|
|t:|1779850462
|switch|p1a: Dondozo|Dondozo, M|100/100
|move|p2a: Frosmoth|Blizzard|p1a: Dondozo
|-resisted|p1a: Dondozo
|-damage|p1a: Dondozo|79/100
|
|-heal|p1a: Dondozo|86/100|[from] item: Leftovers
|-sideend|p2: zermoon|move: Aurora Veil
|upkeep
|turn|14
|
|t:|1779850474
|move|p2a: Frosmoth|Bug Buzz|p1a: Dondozo
|-damage|p1a: Dondozo|53/100
|move|p1a: Dondozo|Curse|p1a: Dondozo
|-unboost|p1a: Dondozo|spe|1
|-boost|p1a: Dondozo|atk|1
|-boost|p1a: Dondozo|def|1
|
|-end|p2a: Frosmoth|move: Future Sight
|-damage|p2a: Frosmoth|68/100
|-heal|p1a: Dondozo|59/100|[from] item: Leftovers
|upkeep
|turn|15
|
|t:|1779850486
|switch|p2a: Arboliva|Arboliva, M|100/100
|move|p1a: Dondozo|Waterfall|p2a: Arboliva
|-resisted|p2a: Arboliva
|-damage|p2a: Arboliva|85/100
|
|-heal|p1a: Dondozo|66/100|[from] item: Leftovers
|upkeep
|turn|16
|
|t:|1779850496
|move|p2a: Arboliva|Leech Seed|p1a: Dondozo
|-start|p1a: Dondozo|move: Leech Seed
|move|p1a: Dondozo|Body Press|p2a: Arboliva
|-supereffective|p2a: Arboliva
|-damage|p2a: Arboliva|34/100
|-enditem|p2a: Arboliva|Sitrus Berry|[eat]
|-heal|p2a: Arboliva|59/100|[from] item: Sitrus Berry
|
|-heal|p1a: Dondozo|72/100|[from] item: Leftovers
|-damage|p1a: Dondozo|59/100|[from] Leech Seed|[of] p2a: Arboliva
|-heal|p2a: Arboliva|77/100|[silent]
|upkeep
|turn|17
|
|t:|1779850512
|switch|p1a: Slowking|Slowking-Galar, F|86/100
|-terastallize|p2a: Arboliva|Ghost
|move|p2a: Arboliva|Alluring Voice|p1a: Slowking
|-resisted|p1a: Slowking
|-damage|p1a: Slowking|77/100
|
|upkeep
|turn|18
|
|t:|1779850520
|move|p2a: Arboliva|Strength Sap|p1a: Slowking
|-unboost|p1a: Slowking|atk|1
|-heal|p2a: Arboliva|100/100
|move|p1a: Slowking|Sludge Bomb|p2a: Arboliva
|-resisted|p2a: Arboliva
|-damage|p2a: Arboliva|87/100
|
|upkeep
|turn|19
|
|t:|1779850529
|move|p2a: Arboliva|Leech Seed|p1a: Slowking
|-start|p1a: Slowking|move: Leech Seed
|move|p1a: Slowking|Sludge Bomb|p2a: Arboliva
|-resisted|p2a: Arboliva
|-damage|p2a: Arboliva|73/100
|
|-damage|p1a: Slowking|64/100|[from] Leech Seed|[of] p2a: Arboliva
|-heal|p2a: Arboliva|87/100|[silent]
|-item|p2a: Arboliva|Sitrus Berry|[from] ability: Harvest
|upkeep
|turn|20
|
|t:|1779850540
|move|p2a: Arboliva|Alluring Voice|p1a: Slowking
|-resisted|p1a: Slowking
|-damage|p1a: Slowking|56/100
|-prepare|p1a: Slowking|Chilly Reception|[premajor]
|move|p1a: Slowking|Chilly Reception|p1a: Slowking
|-weather|Snowscape
|
|t:|1779850545
|switch|p1a: Dondozo|Dondozo, M|59/100|[from] Chilly Reception
|
|-weather|Snowscape|[upkeep]
|-heal|p1a: Dondozo|66/100|[from] item: Leftovers
|upkeep
|turn|21
|
|t:|1779850554
|move|p2a: Arboliva|Leech Seed|p1a: Dondozo
|-start|p1a: Dondozo|move: Leech Seed
|move|p1a: Dondozo|Waterfall|p2a: Arboliva
|-damage|p2a: Arboliva|66/100
|
|-weather|Snowscape|[upkeep]
|-heal|p1a: Dondozo|72/100|[from] item: Leftovers
|-damage|p1a: Dondozo|59/100|[from] Leech Seed|[of] p2a: Arboliva
|-heal|p2a: Arboliva|83/100|[silent]
|upkeep
|turn|22
|
|t:|1779850564
|switch|p1a: Slowking|Slowking-Galar, F|89/100
|move|p2a: Arboliva|Alluring Voice|p1a: Slowking
|-resisted|p1a: Slowking
|-damage|p1a: Slowking|80/100
|
|-weather|Snowscape|[upkeep]
|upkeep
|turn|23
|
|t:|1779850572
|move|p2a: Arboliva|Leech Seed|p1a: Slowking
|-start|p1a: Slowking|move: Leech Seed
|move|p1a: Slowking|Sludge Bomb|p2a: Arboliva
|-resisted|p2a: Arboliva
|-damage|p2a: Arboliva|69/100
|
|-weather|Snowscape|[upkeep]
|-damage|p1a: Slowking|67/100|[from] Leech Seed|[of] p2a: Arboliva
|-heal|p2a: Arboliva|83/100|[silent]
|upkeep
|turn|24
|
|t:|1779850583
|move|p2a: Arboliva|Alluring Voice|p1a: Slowking
|-resisted|p1a: Slowking
|-damage|p1a: Slowking|58/100
|-prepare|p1a: Slowking|Chilly Reception|[premajor]
|move|p1a: Slowking|Chilly Reception|p1a: Slowking
|
|t:|1779850591
|switch|p1a: Dondozo|Dondozo, M|59/100|[from] Chilly Reception
|
|-weather|none
|-heal|p1a: Dondozo|66/100|[from] item: Leftovers
|upkeep
|turn|25
|
|t:|1779850603
|switch|p1a: Slowking|Slowking-Galar, F|92/100
|move|p2a: Arboliva|Leech Seed|p1a: Slowking
|-start|p1a: Slowking|move: Leech Seed
|
|-damage|p1a: Slowking|79/100|[from] Leech Seed|[of] p2a: Arboliva
|-heal|p2a: Arboliva|97/100|[silent]
|upkeep
|turn|26
|
|t:|1779850614
|move|p2a: Arboliva|Alluring Voice|p1a: Slowking
|-resisted|p1a: Slowking
|-damage|p1a: Slowking|70/100
|move|p1a: Slowking|Sludge Bomb|p2a: Arboliva
|-resisted|p2a: Arboliva
|-damage|p2a: Arboliva|84/100
|-status|p2a: Arboliva|psn
|
|-damage|p1a: Slowking|58/100|[from] Leech Seed|[of] p2a: Arboliva
|-heal|p2a: Arboliva|98/100 psn|[silent]
|-damage|p2a: Arboliva|85/100 psn|[from] psn
|upkeep
|turn|27
|
|t:|1779850626
|switch|p1a: Dondozo|Dondozo, M|66/100
|move|p2a: Arboliva|Alluring Voice|p1a: Dondozo
|-damage|p1a: Dondozo|51/100
|
|-heal|p1a: Dondozo|57/100|[from] item: Leftovers
|-damage|p2a: Arboliva|73/100 psn|[from] psn
|upkeep
|turn|28
|
|t:|1779850636
|move|p2a: Arboliva|Leech Seed|p1a: Dondozo|[miss]
|-miss|p2a: Arboliva|p1a: Dondozo
|move|p1a: Dondozo|Waterfall|p2a: Arboliva
|-damage|p2a: Arboliva|51/100 psn
|
|-heal|p1a: Dondozo|63/100|[from] item: Leftovers
|-damage|p2a: Arboliva|39/100 psn|[from] psn
|upkeep
|-enditem|p2a: Arboliva|Sitrus Berry|[eat]
|-heal|p2a: Arboliva|64/100 psn|[from] item: Sitrus Berry
|turn|29
|
|t:|1779850648
|switch|p1a: Slowking|Slowking-Galar, F|91/100
|move|p2a: Arboliva|Strength Sap|p1a: Slowking
|-unboost|p1a: Slowking|atk|1
|-heal|p2a: Arboliva|100/100 psn
|
|-damage|p2a: Arboliva|88/100 psn|[from] psn
|-item|p2a: Arboliva|Sitrus Berry|[from] ability: Harvest
|upkeep
|turn|30
|
|t:|1779850659
|move|p2a: Arboliva|Leech Seed|p1a: Slowking
|-start|p1a: Slowking|move: Leech Seed
|move|p1a: Slowking|Future Sight|p2a: Arboliva
|-start|p1a: Slowking|move: Future Sight
|
|-damage|p1a: Slowking|78/100|[from] Leech Seed|[of] p2a: Arboliva
|-heal|p2a: Arboliva|100/100 psn|[silent]
|-damage|p2a: Arboliva|88/100 psn|[from] psn
|upkeep
|turn|31
|
|t:|1779850668
|move|p2a: Arboliva|Leech Seed||[still]
|-fail|p2a: Arboliva
|-prepare|p1a: Slowking|Chilly Reception|[premajor]
|move|p1a: Slowking|Chilly Reception|p1a: Slowking
|-weather|Snowscape
|
|t:|1779850673
|switch|p1a: Dondozo|Dondozo, M|63/100|[from] Chilly Reception
|
|-weather|Snowscape|[upkeep]
|-heal|p1a: Dondozo|69/100|[from] item: Leftovers
|-damage|p2a: Arboliva|76/100 psn|[from] psn
|upkeep
|turn|32
|
|t:|1779850681
|switch|p1a: Slowking|Slowking-Galar, F|100/100
|move|p2a: Arboliva|Strength Sap|p1a: Slowking
|-unboost|p1a: Slowking|atk|1
|-heal|p2a: Arboliva|100/100 psn
|
|-weather|Snowscape|[upkeep]
|-end|p2a: Arboliva|move: Future Sight
|-damage|p2a: Arboliva|67/100 psn
|-damage|p2a: Arboliva|55/100 psn|[from] psn
|upkeep
|turn|33
|
|t:|1779850693
|move|p2a: Arboliva|Strength Sap|p1a: Slowking
|-unboost|p1a: Slowking|atk|1
|-heal|p2a: Arboliva|80/100 psn
|move|p1a: Slowking|Future Sight|p2a: Arboliva
|-start|p1a: Slowking|move: Future Sight
|
|-weather|Snowscape|[upkeep]
|-damage|p2a: Arboliva|67/100 psn|[from] psn
|upkeep
|turn|34
|
|t:|1779850703
|move|p2a: Arboliva|Leech Seed|p1a: Slowking
|-start|p1a: Slowking|move: Leech Seed
|move|p1a: Slowking|Ice Beam|p2a: Arboliva
|-damage|p2a: Arboliva|48/100 psn
|-enditem|p2a: Arboliva|Sitrus Berry|[eat]
|-heal|p2a: Arboliva|73/100 psn|[from] item: Sitrus Berry
|
|-weather|Snowscape|[upkeep]
|-damage|p1a: Slowking|88/100|[from] Leech Seed|[of] p2a: Arboliva
|-heal|p2a: Arboliva|87/100 psn|[silent]
|-damage|p2a: Arboliva|75/100 psn|[from] psn
|upkeep
|turn|35
|
|t:|1779850715
|move|p2a: Arboliva|Leech Seed||[still]
|-fail|p2a: Arboliva
|move|p1a: Slowking|Ice Beam|p2a: Arboliva
|-damage|p2a: Arboliva|56/100 psn
|
|-weather|none
|-end|p2a: Arboliva|move: Future Sight
|-damage|p2a: Arboliva|18/100 psn
|-damage|p1a: Slowking|76/100|[from] Leech Seed|[of] p2a: Arboliva
|-heal|p2a: Arboliva|32/100 psn|[silent]
|-damage|p2a: Arboliva|20/100 psn|[from] psn
|upkeep
|turn|36
|
|t:|1779850730
|move|p2a: Arboliva|Strength Sap|p1a: Slowking
|-unboost|p1a: Slowking|atk|1
|-heal|p2a: Arboliva|38/100 psn
|-prepare|p1a: Slowking|Chilly Reception|[premajor]
|move|p1a: Slowking|Chilly Reception|p1a: Slowking
|-weather|Snowscape
|
|t:|1779850742
|switch|p1a: Corviknight|Corviknight, F|100/100|[from] Chilly Reception
|-ability|p1a: Corviknight|Pressure
|
|-weather|Snowscape|[upkeep]
|-damage|p2a: Arboliva|26/100 psn|[from] psn
|-item|p2a: Arboliva|Sitrus Berry|[from] ability: Harvest
|upkeep
|-enditem|p2a: Arboliva|Sitrus Berry|[eat]
|-heal|p2a: Arboliva|51/100 psn|[from] item: Sitrus Berry
|turn|37
|
|t:|1779850754
|move|p1a: Corviknight|U-turn|p2a: Arboliva
|-resisted|p2a: Arboliva
|-damage|p2a: Arboliva|45/100 psn
|
|t:|1779850764
|switch|p1a: Slowking|Slowking-Galar, F|100/100|[from] U-turn
|move|p2a: Arboliva|Strength Sap|p1a: Slowking
|-unboost|p1a: Slowking|atk|1
|-heal|p2a: Arboliva|83/100 psn
|
|-weather|Snowscape|[upkeep]
|-damage|p2a: Arboliva|71/100 psn|[from] psn
|upkeep
|turn|38
|
|t:|1779850775
|move|p2a: Arboliva|Leech Seed|p1a: Slowking
|-start|p1a: Slowking|move: Leech Seed
|move|p1a: Slowking|Future Sight|p2a: Arboliva
|-start|p1a: Slowking|move: Future Sight
|
|-weather|Snowscape|[upkeep]
|-damage|p1a: Slowking|88/100|[from] Leech Seed|[of] p2a: Arboliva
|-heal|p2a: Arboliva|84/100 psn|[silent]
|-damage|p2a: Arboliva|72/100 psn|[from] psn
|-item|p2a: Arboliva|Sitrus Berry|[from] ability: Harvest
|upkeep
|turn|39
|
|t:|1779850785
|move|p2a: Arboliva|Alluring Voice|p1a: Slowking
|-resisted|p1a: Slowking
|-damage|p1a: Slowking|79/100
|-prepare|p1a: Slowking|Chilly Reception|[premajor]
|move|p1a: Slowking|Chilly Reception|p1a: Slowking
|
|t:|1779850791
|switch|p1a: Dondozo|Dondozo, M|69/100|[from] Chilly Reception
|
|-weather|Snowscape|[upkeep]
|-heal|p1a: Dondozo|75/100|[from] item: Leftovers
|-damage|p2a: Arboliva|60/100 psn|[from] psn
|upkeep
|turn|40
|
|t:|1779850799
|switch|p1a: Slowking|Slowking-Galar, F|100/100
|move|p2a: Arboliva|Leech Seed|p1a: Slowking
|-start|p1a: Slowking|move: Leech Seed
|
|-weather|none
|-end|p2a: Arboliva|move: Future Sight
|-damage|p2a: Arboliva|27/100 psn
|-enditem|p2a: Arboliva|Sitrus Berry|[eat]
|-heal|p2a: Arboliva|52/100 psn|[from] item: Sitrus Berry
|-damage|p1a: Slowking|88/100|[from] Leech Seed|[of] p2a: Arboliva
|-heal|p2a: Arboliva|65/100 psn|[silent]
|-damage|p2a: Arboliva|53/100 psn|[from] psn
|-item|p2a: Arboliva|Sitrus Berry|[from] ability: Harvest
|upkeep
|turn|41
|
|t:|1779850814
|move|p2a: Arboliva|Strength Sap|p1a: Slowking
|-unboost|p1a: Slowking|atk|1
|-heal|p2a: Arboliva|91/100 psn
|move|p1a: Slowking|Future Sight|p2a: Arboliva
|-start|p1a: Slowking|move: Future Sight
|
|-damage|p1a: Slowking|76/100|[from] Leech Seed|[of] p2a: Arboliva
|-heal|p2a: Arboliva|100/100 psn|[silent]
|-damage|p2a: Arboliva|88/100 psn|[from] psn
|upkeep
|turn|42
|
|t:|1779850829
|move|p2a: Arboliva|Light Screen|p2a: Arboliva
|-sidestart|p2: zermoon|move: Light Screen
|-prepare|p1a: Slowking|Chilly Reception|[premajor]
|move|p1a: Slowking|Chilly Reception|p1a: Slowking
|-weather|Snowscape
|
|t:|1779850838
|switch|p1a: Dondozo|Dondozo, M|75/100|[from] Chilly Reception
|
|-weather|Snowscape|[upkeep]
|-heal|p1a: Dondozo|82/100|[from] item: Leftovers
|-damage|p2a: Arboliva|76/100 psn|[from] psn
|upkeep
|turn|43
|
|t:|1779850854
|move|p2a: Arboliva|Strength Sap|p1a: Dondozo
|-unboost|p1a: Dondozo|atk|1
|-heal|p2a: Arboliva|100/100 psn
|move|p1a: Dondozo|Waterfall|p2a: Arboliva
|-damage|p2a: Arboliva|85/100 psn
|
|-weather|Snowscape|[upkeep]
|-end|p2a: Arboliva|move: Future Sight
|-damage|p2a: Arboliva|69/100 psn
|-heal|p1a: Dondozo|88/100|[from] item: Leftovers
|-damage|p2a: Arboliva|56/100 psn|[from] psn
|upkeep
|turn|44
|
|t:|1779850868
|switch|p1a: Slowking|Slowking-Galar, F|100/100
|move|p2a: Arboliva|Leech Seed|p1a: Slowking
|-start|p1a: Slowking|move: Leech Seed
|
|-weather|Snowscape|[upkeep]
|-damage|p1a: Slowking|88/100|[from] Leech Seed|[of] p2a: Arboliva
|-heal|p2a: Arboliva|70/100 psn|[silent]
|-damage|p2a: Arboliva|58/100 psn|[from] psn
|upkeep
|turn|45
|
|t:|1779850879
|move|p2a: Arboliva|Alluring Voice|p1a: Slowking
|-resisted|p1a: Slowking
|-damage|p1a: Slowking|79/100
|move|p1a: Slowking|Future Sight|p2a: Arboliva
|-start|p1a: Slowking|move: Future Sight
|
|-weather|Snowscape|[upkeep]
|-damage|p1a: Slowking|67/100|[from] Leech Seed|[of] p2a: Arboliva
|-heal|p2a: Arboliva|72/100 psn|[silent]
|-damage|p2a: Arboliva|59/100 psn|[from] psn
|upkeep
|turn|46
|
|t:|1779850893
|move|p2a: Arboliva|Alluring Voice|p1a: Slowking
|-resisted|p1a: Slowking
|-damage|p1a: Slowking|58/100
|-prepare|p1a: Slowking|Chilly Reception|[premajor]
|move|p1a: Slowking|Chilly Reception|p1a: Slowking
|
|t:|1779850907
|switch|p1a: Dondozo|Dondozo, M|88/100|[from] Chilly Reception
|
|-weather|none
|-heal|p1a: Dondozo|94/100|[from] item: Leftovers
|-damage|p2a: Arboliva|47/100 psn|[from] psn
|-sideend|p2: zermoon|move: Light Screen
|upkeep
|-enditem|p2a: Arboliva|Sitrus Berry|[eat]
|-heal|p2a: Arboliva|72/100 psn|[from] item: Sitrus Berry
|turn|47
|
|t:|1779850926
|switch|p1a: Slowking|Slowking-Galar, F|91/100
|move|p2a: Arboliva|Leech Seed|p1a: Slowking
|-start|p1a: Slowking|move: Leech Seed
|
|-end|p2a: Arboliva|move: Future Sight
|-damage|p2a: Arboliva|38/100 psn
|-damage|p1a: Slowking|79/100|[from] Leech Seed|[of] p2a: Arboliva
|-heal|p2a: Arboliva|52/100 psn|[silent]
|-damage|p2a: Arboliva|39/100 psn|[from] psn
|upkeep
|turn|48
|
|t:|1779850938
|move|p2a: Arboliva|Strength Sap|p1a: Slowking
|-unboost|p1a: Slowking|atk|1
|-heal|p2a: Arboliva|77/100 psn
|move|p1a: Slowking|Future Sight|p2a: Arboliva
|-start|p1a: Slowking|move: Future Sight
|
|-damage|p1a: Slowking|66/100|[from] Leech Seed|[of] p2a: Arboliva
|-heal|p2a: Arboliva|91/100 psn|[silent]
|-damage|p2a: Arboliva|78/100 psn|[from] psn
|-item|p2a: Arboliva|Sitrus Berry|[from] ability: Harvest
|upkeep
|turn|49
|
|t:|1779850950
|switch|p1a: Dondozo|Dondozo, M|94/100
|move|p2a: Arboliva|Alluring Voice|p1a: Dondozo
|-damage|p1a: Dondozo|79/100
|
|-heal|p1a: Dondozo|85/100|[from] item: Leftovers
|-damage|p2a: Arboliva|66/100 psn|[from] psn
|upkeep
|turn|50
|
|t:|1779850970
|switch|p1a: Slowking|Slowking-Galar, F|99/100
|move|p2a: Arboliva|Leech Seed|p1a: Slowking
|-start|p1a: Slowking|move: Leech Seed
|
|-end|p2a: Arboliva|move: Future Sight
|-crit|p2a: Arboliva
|-damage|p2a: Arboliva|17/100 psn
|-enditem|p2a: Arboliva|Sitrus Berry|[eat]
|-heal|p2a: Arboliva|41/100 psn|[from] item: Sitrus Berry
|-damage|p1a: Slowking|87/100|[from] Leech Seed|[of] p2a: Arboliva
|-heal|p2a: Arboliva|55/100 psn|[silent]
|-damage|p2a: Arboliva|43/100 psn|[from] psn
|upkeep
|turn|51
|
|t:|1779850984
|move|p2a: Arboliva|Strength Sap|p1a: Slowking
|-unboost|p1a: Slowking|atk|1
|-heal|p2a: Arboliva|80/100 psn
|move|p1a: Slowking|Future Sight|p2a: Arboliva
|-start|p1a: Slowking|move: Future Sight
|
|-damage|p1a: Slowking|75/100|[from] Leech Seed|[of] p2a: Arboliva
|-heal|p2a: Arboliva|94/100 psn|[silent]
|-damage|p2a: Arboliva|82/100 psn|[from] psn
|upkeep
|turn|52
|
|t:|1779850999
|switch|p2a: Slowking|Slowking-Galar, M|100/100
|-prepare|p1a: Slowking|Chilly Reception|[premajor]
|move|p1a: Slowking|Chilly Reception|p1a: Slowking
|-weather|Snowscape
|
|t:|1779851004
|switch|p1a: Dondozo|Dondozo, M|85/100|[from] Chilly Reception
|
|-weather|Snowscape|[upkeep]
|-heal|p1a: Dondozo|91/100|[from] item: Leftovers
|upkeep
|turn|53
|
|t:|1779851012
|move|p1a: Dondozo|Curse|p1a: Dondozo
|-unboost|p1a: Dondozo|spe|1
|-boost|p1a: Dondozo|atk|1
|-boost|p1a: Dondozo|def|1
|move|p2a: Slowking|Toxic|p1a: Dondozo
|-status|p1a: Dondozo|tox
|
|-weather|Snowscape|[upkeep]
|-end|p2a: Slowking|move: Future Sight
|-damage|p2a: Slowking|65/100
|-heal|p1a: Dondozo|98/100 tox|[from] item: Leftovers
|-damage|p1a: Dondozo|91/100 tox|[from] psn
|upkeep
|turn|54
|
|t:|1779851028
|move|p2a: Slowking|Future Sight|p1a: Dondozo
|-start|p2a: Slowking|move: Future Sight
|move|p1a: Dondozo|Rest|p1a: Dondozo
|-status|p1a: Dondozo|slp|[from] move: Rest
|-heal|p1a: Dondozo|100/100 slp|[silent]
|
|-weather|Snowscape|[upkeep]
|upkeep
|turn|55
|
|t:|1779851036
|-prepare|p2a: Slowking|Chilly Reception|[premajor]
|move|p2a: Slowking|Chilly Reception|p2a: Slowking
|
|t:|1779851039
|switch|p2a: Frosmoth|Frosmoth, M|68/100|[from] Chilly Reception
|cant|p1a: Dondozo|slp
|
|-weather|Snowscape|[upkeep]
|upkeep
|turn|56
|
|t:|1779851050
|move|p2a: Frosmoth|Aurora Veil|p2a: Frosmoth
|-sidestart|p2: zermoon|move: Aurora Veil
|cant|p1a: Dondozo|slp
|
|-weather|none
|-end|p1a: Dondozo|move: Future Sight
|-damage|p1a: Dondozo|69/100 slp
|-heal|p1a: Dondozo|75/100 slp|[from] item: Leftovers
|upkeep
|turn|57
|
|t:|1779851060
|move|p2a: Frosmoth|Bug Buzz|p1a: Dondozo
|-damage|p1a: Dondozo|43/100 slp
|-curestatus|p1a: Dondozo|slp|[msg]
|move|p1a: Dondozo|Waterfall|p2a: Frosmoth
|-damage|p2a: Frosmoth|40/100
|
|-heal|p1a: Dondozo|49/100|[from] item: Leftovers
|upkeep
|turn|58
|
|t:|1779851070
|move|p2a: Frosmoth|Bug Buzz|p1a: Dondozo
|-crit|p1a: Dondozo
|-damage|p1a: Dondozo|0 fnt
|faint|p1a: Dondozo
|
|upkeep
|
|t:|1779851076
|switch|p1a: Slowking|Slowking-Galar, F|100/100
|turn|59
|
|t:|1779851087
|move|p2a: Frosmoth|Bug Buzz|p1a: Slowking
|-damage|p1a: Slowking|58/100
|move|p1a: Slowking|Future Sight|p2a: Frosmoth
|-start|p1a: Slowking|move: Future Sight
|
|upkeep
|turn|60
|
|t:|1779851093
|switch|p1a: Corviknight|Corviknight, F|100/100
|-ability|p1a: Corviknight|Pressure
|move|p2a: Frosmoth|Bug Buzz|p1a: Corviknight
|-resisted|p1a: Corviknight
|-damage|p1a: Corviknight|89/100
|
|-sideend|p2: zermoon|move: Aurora Veil
|upkeep
|turn|61
|
|t:|1779851103
|move|p1a: Corviknight|U-turn|p2a: Frosmoth
|-crit|p2a: Frosmoth
|-damage|p2a: Frosmoth|6/100
|
|t:|1779851108
|switch|p1a: Slowking|Slowking-Galar, F|91/100|[from] U-turn
|move|p2a: Frosmoth|Blizzard|p1a: Slowking
|-damage|p1a: Slowking|42/100
|
|-end|p2a: Frosmoth|move: Future Sight
|-damage|p2a: Frosmoth|0 fnt
|faint|p2a: Frosmoth
|upkeep
|
|t:|1779851121
|switch|p2a: Ceruledge|Ceruledge, F|100/100
|turn|62
|
|t:|1779851129
|move|p2a: Ceruledge|Poltergeist|p1a: Slowking
|-activate|p1a: Slowking|move: Poltergeist|Shuca Berry
|-supereffective|p1a: Slowking
|-damage|p1a: Slowking|0 fnt
|faint|p1a: Slowking
|
|upkeep
|
|t:|1779851139
|switch|p1a: Corviknight|Corviknight, F|89/100
|-ability|p1a: Corviknight|Pressure
|turn|63
|
|t:|1779851149
|move|p2a: Ceruledge|Bitter Blade|p1a: Corviknight
|-supereffective|p1a: Corviknight
|-damage|p1a: Corviknight|32/100
|-damage|p2a: Ceruledge|84/100|[from] item: Rocky Helmet|[of] p1a: Corviknight
|move|p1a: Corviknight|Roost|p1a: Corviknight
|-heal|p1a: Corviknight|82/100
|-singleturn|p1a: Corviknight|move: Roost
|
|upkeep
|turn|64
|
|t:|1779851159
|move|p2a: Ceruledge|Shadow Sneak|p1a: Corviknight
|-damage|p1a: Corviknight|69/100
|-damage|p2a: Ceruledge|68/100|[from] item: Rocky Helmet|[of] p1a: Corviknight
|move|p1a: Corviknight|Brave Bird|p2a: Ceruledge
|-damage|p2a: Ceruledge|20/100
|-ability|p2a: Ceruledge|Weak Armor|boost
|-unboost|p2a: Ceruledge|def|1
|-boost|p2a: Ceruledge|spe|2
|-damage|p1a: Corviknight|58/100|[from] Recoil
|
|upkeep
|turn|65
|
|t:|1779851172
|-terastallize|p1a: Corviknight|Dragon
|move|p2a: Ceruledge|Swords Dance|p2a: Ceruledge
|-boost|p2a: Ceruledge|atk|2
|move|p1a: Corviknight|Roost|p1a: Corviknight
|-heal|p1a: Corviknight|100/100
|
|upkeep
|turn|66
|
|t:|1779851183
|move|p2a: Ceruledge|Poltergeist|p1a: Corviknight
|-activate|p1a: Corviknight|move: Poltergeist|Rocky Helmet
|-damage|p1a: Corviknight|33/100
|move|p1a: Corviknight|U-turn|p2a: Ceruledge
|-resisted|p2a: Ceruledge
|-damage|p2a: Ceruledge|13/100
|-ability|p2a: Ceruledge|Weak Armor|boost
|-unboost|p2a: Ceruledge|def|1
|-boost|p2a: Ceruledge|spe|2
|
|upkeep
|turn|67
|
|t:|1779851194
|move|p2a: Ceruledge|Poltergeist|p1a: Corviknight
|-activate|p1a: Corviknight|move: Poltergeist|Rocky Helmet
|-damage|p1a: Corviknight|0 fnt
|faint|p1a: Corviknight
|
|win|zermoon
|raw|claudechamp's rating: 1243 &rarr; <strong>1214</strong><br />(-29 for losing)
|raw|zermoon's rating: 1187 &rarr; <strong>1216</strong><br />(+29 for winning)
|c|☆claudechamp|gg
