|j|‽Agnish is
|j|☆hadkal2
|t:|1779803614
|gametype|singles
|player|p1|Agnish is|102|1093
|player|p2|hadkal2|102|1132
|gen|9
|tier|[Gen 9] OU
|rated|
|rule|HP Percentage Mod: HP is shown in percentages
|rule|Endless Battle Clause: Forcing endless battles is banned
|rule|Species Clause: Limit one of each Pokémon
|rule|OHKO Clause: OHKO moves are banned
|rule|Evasion Items Clause: Evasion items are banned
|rule|Evasion Moves Clause: Evasion moves are banned
|rule|Evasion Abilities Clause: Evasion abilities are banned
|rule|Sleep Moves Clause: Sleep-inducing moves are banned
|clearpoke
|poke|p1|Zamazenta-*|
|poke|p1|Dragonite, M|
|poke|p1|Gholdengo|
|poke|p1|Kyurem|
|poke|p1|Slowking-Galar, M|
|poke|p1|Garganacl, M|
|poke|p2|Dragonite, F|
|poke|p2|Cloyster, M|
|poke|p2|Clefable, F|
|poke|p2|Zapdos|
|poke|p2|Snorlax, M|
|poke|p2|Mew|
|teampreview
|
|t:|1779803622
|teamsize|p1|6
|teamsize|p2|6
|start
|switch|p1a: Kyurem|Kyurem|100/100
|switch|p2a: Mew|Mew|100/100
|-ability|p1a: Kyurem|Pressure
|turn|1
|
|t:|1779803630
|move|p2a: Mew|Stealth Rock|p1a: Kyurem
|-sidestart|p1: Agnish is|move: Stealth Rock
|move|p1a: Kyurem|Dragon Dance|p1a: Kyurem
|-boost|p1a: Kyurem|atk|1
|-boost|p1a: Kyurem|spe|1
|
|upkeep
|turn|2
|
|t:|1779803636
|move|p1a: Kyurem|Icicle Spear|p2a: Mew
|-damage|p2a: Mew|79/100
|-damage|p2a: Mew|55/100
|-damage|p2a: Mew|35/100
|-damage|p2a: Mew|13/100
|-hitcount|p2a: Mew|4
|-enditem|p2a: Mew|Red Card|[of] p1a: Kyurem
|drag|p1a: Zamazenta|Zamazenta|100/100
|-damage|p1a: Zamazenta|94/100|[from] Stealth Rock
|-ability|p1a: Zamazenta|Dauntless Shield|boost
|-boost|p1a: Zamazenta|def|1
|move|p2a: Mew|Psyshock|p1a: Zamazenta
|-supereffective|p1a: Zamazenta
|-damage|p1a: Zamazenta|66/100
|
|-heal|p1a: Zamazenta|73/100|[from] item: Leftovers
|upkeep
|turn|3
|
|t:|1779803650
|move|p2a: Mew|Psyshock|p1a: Zamazenta
|-supereffective|p1a: Zamazenta
|-damage|p1a: Zamazenta|43/100
|move|p1a: Zamazenta|Crunch|p2a: Mew
|-supereffective|p2a: Mew
|-damage|p2a: Mew|0 fnt
|faint|p2a: Mew
|
|-heal|p1a: Zamazenta|49/100|[from] item: Leftovers
|upkeep
|
|t:|1779803660
|switch|p2a: Clefable|Clefable, F|100/100
|turn|4
|
|t:|1779803665
|move|p1a: Zamazenta|Body Press|p2a: Clefable
|-resisted|p2a: Clefable
|-damage|p2a: Clefable|79/100
|move|p2a: Clefable|Moonblast|p1a: Zamazenta
|-supereffective|p1a: Zamazenta
|-crit|p1a: Zamazenta
|-damage|p1a: Zamazenta|0 fnt
|faint|p1a: Zamazenta
|
|-heal|p2a: Clefable|85/100|[from] item: Leftovers
|upkeep
|
|t:|1779803674
|switch|p1a: Slowking|Slowking-Galar, M|100/100
|-damage|p1a: Slowking|88/100|[from] Stealth Rock
|turn|5
|
|t:|1779803680
|switch|p2a: Zapdos|Zapdos|100/100
|move|p1a: Slowking|Sludge Bomb|p2a: Zapdos
|-damage|p2a: Zapdos|65/100
|
|upkeep
|turn|6
|
|t:|1779803686
|move|p2a: Zapdos|Thunder Wave|p1a: Slowking
|-status|p1a: Slowking|par
|move|p1a: Slowking|Sludge Bomb|p2a: Zapdos
|-damage|p2a: Zapdos|34/100
|
|upkeep
|turn|7
|
|t:|1779803692
|move|p2a: Zapdos|Volt Switch|p1a: Slowking
|-damage|p1a: Slowking|71/100 par
|
|t:|1779803695
|switch|p2a: Snorlax|Snorlax, M|100/100|[from] Volt Switch
|move|p1a: Slowking|Sludge Bomb|p2a: Snorlax
|-damage|p2a: Snorlax|79/100
|
|-heal|p2a: Snorlax|85/100|[from] item: Leftovers
|upkeep
|turn|8
|
|t:|1779803719
|move|p2a: Snorlax|Curse|p2a: Snorlax
|-unboost|p2a: Snorlax|spe|1
|-boost|p2a: Snorlax|atk|1
|-boost|p2a: Snorlax|def|1
|move|p1a: Slowking|Sludge Bomb|p2a: Snorlax
|-damage|p2a: Snorlax|63/100
|
|-heal|p2a: Snorlax|70/100|[from] item: Leftovers
|upkeep
|turn|9
|
|t:|1779803729
|move|p2a: Snorlax|Curse|p2a: Snorlax
|-unboost|p2a: Snorlax|spe|1
|-boost|p2a: Snorlax|atk|1
|-boost|p2a: Snorlax|def|1
|move|p1a: Slowking|Sludge Bomb|p2a: Snorlax
|-damage|p2a: Snorlax|48/100
|
|-heal|p2a: Snorlax|54/100|[from] item: Leftovers
|upkeep
|turn|10
|
|t:|1779803746
|move|p1a: Slowking|Sludge Bomb|p2a: Snorlax
|-damage|p2a: Snorlax|33/100
|move|p2a: Snorlax|Body Slam|p1a: Slowking
|-damage|p1a: Slowking|10/100 par
|
|-heal|p2a: Snorlax|39/100|[from] item: Leftovers
|upkeep
|turn|11
|
|t:|1779803754
|move|p2a: Snorlax|Rest|p2a: Snorlax
|-status|p2a: Snorlax|slp|[from] move: Rest
|-heal|p2a: Snorlax|100/100 slp|[silent]
|move|p1a: Slowking|Sludge Bomb|p2a: Snorlax
|-damage|p2a: Snorlax|81/100 slp
|
|-heal|p2a: Snorlax|88/100 slp|[from] item: Leftovers
|upkeep
|turn|12
|
|t:|1779803761
|cant|p2a: Snorlax|slp
|move|p1a: Slowking|Sludge Bomb|p2a: Snorlax
|-damage|p2a: Snorlax|65/100 slp
|
|-heal|p2a: Snorlax|71/100 slp|[from] item: Leftovers
|upkeep
|turn|13
|
|t:|1779803767
|cant|p1a: Slowking|par
|cant|p2a: Snorlax|slp
|
|-heal|p2a: Snorlax|77/100 slp|[from] item: Leftovers
|upkeep
|turn|14
|
|t:|1779803772
|move|p1a: Slowking|Future Sight|p2a: Snorlax
|-start|p1a: Slowking|move: Future Sight
|-curestatus|p2a: Snorlax|slp|[msg]
|move|p2a: Snorlax|Body Slam|p1a: Slowking
|-damage|p1a: Slowking|0 fnt
|faint|p1a: Slowking
|
|-heal|p2a: Snorlax|84/100|[from] item: Leftovers
|upkeep
|
|t:|1779803780
|switch|p1a: Garganacl|Garganacl, M|100/100
|-damage|p1a: Garganacl|88/100|[from] Stealth Rock
|turn|15
|
|t:|1779803783
|move|p1a: Garganacl|Salt Cure|p2a: Snorlax
|-damage|p2a: Snorlax|79/100
|-start|p2a: Snorlax|Salt Cure
|move|p2a: Snorlax|Body Slam|p1a: Garganacl
|-resisted|p1a: Garganacl
|-damage|p1a: Garganacl|72/100
|
|-heal|p1a: Garganacl|78/100|[from] item: Leftovers
|-heal|p2a: Snorlax|85/100|[from] item: Leftovers
|-damage|p2a: Snorlax|73/100|[from] Salt Cure
|upkeep
|turn|16
|
|t:|1779803794
|move|p1a: Garganacl|Curse|p1a: Garganacl
|-unboost|p1a: Garganacl|spe|1
|-boost|p1a: Garganacl|atk|1
|-boost|p1a: Garganacl|def|1
|move|p2a: Snorlax|Body Slam|p1a: Garganacl
|-resisted|p1a: Garganacl
|-damage|p1a: Garganacl|67/100
|
|-end|p2a: Snorlax|move: Future Sight
|-damage|p2a: Snorlax|45/100
|-heal|p1a: Garganacl|73/100|[from] item: Leftovers
|-heal|p2a: Snorlax|51/100|[from] item: Leftovers
|-damage|p2a: Snorlax|38/100|[from] Salt Cure
|upkeep
|turn|17
|
|t:|1779803805
|move|p1a: Garganacl|Curse|p1a: Garganacl
|-unboost|p1a: Garganacl|spe|1
|-boost|p1a: Garganacl|atk|1
|-boost|p1a: Garganacl|def|1
|move|p2a: Snorlax|Rest|p2a: Snorlax
|-status|p2a: Snorlax|slp|[from] move: Rest
|-heal|p2a: Snorlax|100/100 slp|[silent]
|
|-heal|p1a: Garganacl|79/100|[from] item: Leftovers
|-damage|p2a: Snorlax|88/100 slp|[from] Salt Cure
|upkeep
|turn|18
|
|t:|1779803815
|move|p1a: Garganacl|Earthquake|p2a: Snorlax
|-damage|p2a: Snorlax|75/100 slp
|cant|p2a: Snorlax|slp
|move|p2a: Snorlax|Sleep Talk|p2a: Snorlax
|move|p2a: Snorlax|Rest||[from] move: Sleep Talk|[still]
|-fail|p2a: Snorlax
|
|-heal|p1a: Garganacl|86/100|[from] item: Leftovers
|-heal|p2a: Snorlax|81/100 slp|[from] item: Leftovers
|-damage|p2a: Snorlax|68/100 slp|[from] Salt Cure
|upkeep
|turn|19
|
|t:|1779803837
|move|p1a: Garganacl|Earthquake|p2a: Snorlax
|-damage|p2a: Snorlax|55/100 slp
|cant|p2a: Snorlax|slp
|move|p2a: Snorlax|Sleep Talk|p2a: Snorlax
|move|p2a: Snorlax|Curse|p2a: Snorlax|[from] move: Sleep Talk
|-unboost|p2a: Snorlax|spe|1
|-boost|p2a: Snorlax|atk|1
|-boost|p2a: Snorlax|def|1
|
|-heal|p1a: Garganacl|92/100|[from] item: Leftovers
|-heal|p2a: Snorlax|61/100 slp|[from] item: Leftovers
|-damage|p2a: Snorlax|49/100 slp|[from] Salt Cure
|upkeep
|turn|20
|
|t:|1779803875
|move|p1a: Garganacl|Earthquake|p2a: Snorlax
|-damage|p2a: Snorlax|38/100 slp
|-curestatus|p2a: Snorlax|slp|[msg]
|move|p2a: Snorlax|Rest|p2a: Snorlax
|-status|p2a: Snorlax|slp|[from] move: Rest
|-heal|p2a: Snorlax|100/100 slp|[silent]
|
|-heal|p1a: Garganacl|98/100|[from] item: Leftovers
|-damage|p2a: Snorlax|88/100 slp|[from] Salt Cure
|upkeep
|turn|21
|
|t:|1779803891
|switch|p1a: Kyurem|Kyurem|100/100
|-damage|p1a: Kyurem|76/100|[from] Stealth Rock
|-ability|p1a: Kyurem|Pressure
|cant|p2a: Snorlax|slp
|move|p2a: Snorlax|Sleep Talk|p2a: Snorlax
|move|p2a: Snorlax|Rest||[from] move: Sleep Talk|[still]
|-fail|p2a: Snorlax
|
|-heal|p2a: Snorlax|94/100 slp|[from] item: Leftovers
|-damage|p2a: Snorlax|82/100 slp|[from] Salt Cure
|upkeep
|turn|22
|
|t:|1779803912
|move|p1a: Kyurem|Dragon Dance|p1a: Kyurem
|-boost|p1a: Kyurem|atk|1
|-boost|p1a: Kyurem|spe|1
|cant|p2a: Snorlax|slp
|
|-heal|p2a: Snorlax|88/100 slp|[from] item: Leftovers
|-damage|p2a: Snorlax|75/100 slp|[from] Salt Cure
|upkeep
|turn|23
|
|t:|1779803919
|move|p1a: Kyurem|Dragon Dance|p1a: Kyurem
|-boost|p1a: Kyurem|atk|1
|-boost|p1a: Kyurem|spe|1
|-curestatus|p2a: Snorlax|slp|[msg]
|move|p2a: Snorlax|Body Slam|p1a: Kyurem
|-damage|p1a: Kyurem|9/100
|
|-heal|p2a: Snorlax|82/100|[from] item: Leftovers
|-damage|p2a: Snorlax|69/100|[from] Salt Cure
|upkeep
|turn|24
|
|t:|1779803929
|move|p1a: Kyurem|Icicle Spear|p2a: Snorlax
|-damage|p2a: Snorlax|66/100
|-damage|p2a: Snorlax|62/100
|-crit|p2a: Snorlax
|-damage|p2a: Snorlax|48/100
|-damage|p2a: Snorlax|44/100
|-hitcount|p2a: Snorlax|4
|move|p2a: Snorlax|Body Slam|p1a: Kyurem
|-damage|p1a: Kyurem|0 fnt
|faint|p1a: Kyurem
|
|-heal|p2a: Snorlax|50/100|[from] item: Leftovers
|-damage|p2a: Snorlax|38/100|[from] Salt Cure
|upkeep
|
|t:|1779803942
|switch|p1a: Gholdengo|Gholdengo|100/100
|-damage|p1a: Gholdengo|94/100|[from] Stealth Rock
|turn|25
|
|t:|1779803950
|switch|p2a: Zapdos|Zapdos|34/100
|move|p1a: Gholdengo|Make It Rain|p2a: Zapdos
|-resisted|p2a: Zapdos
|-damage|p2a: Zapdos|0 fnt
|-unboost|p1a: Gholdengo|spa|1
|faint|p2a: Zapdos
|
|upkeep
|
|t:|1779803956
|switch|p2a: Dragonite|Dragonite, F|100/100
|turn|26
|
|t:|1779803960
|move|p2a: Dragonite|Fire Punch|p1a: Gholdengo
|-supereffective|p1a: Gholdengo
|-damage|p1a: Gholdengo|36/100
|move|p1a: Gholdengo|Make It Rain|p2a: Dragonite
|-damage|p2a: Dragonite|61/100
|-unboost|p1a: Gholdengo|spa|1
|
|upkeep
|turn|27
|
|t:|1779803969
|switch|p1a: Garganacl|Garganacl, M|98/100
|-damage|p1a: Garganacl|86/100|[from] Stealth Rock
|move|p2a: Dragonite|Fire Punch|p1a: Garganacl
|-resisted|p1a: Garganacl
|-crit|p1a: Garganacl
|-damage|p1a: Garganacl|75/100
|
|-heal|p1a: Garganacl|82/100|[from] item: Leftovers
|upkeep
|turn|28
|
|t:|1779803978
|switch|p2a: Clefable|Clefable, F|85/100
|move|p1a: Garganacl|Salt Cure|p2a: Clefable
|-damage|p2a: Clefable|69/100
|-start|p2a: Clefable|Salt Cure
|
|-heal|p2a: Clefable|75/100|[from] item: Leftovers
|-heal|p1a: Garganacl|88/100|[from] item: Leftovers
|-damage|p2a: Clefable|62/100|[from] Salt Cure
|upkeep
|turn|29
|
|t:|1779803986
|move|p2a: Clefable|Moonblast|p1a: Garganacl
|-damage|p1a: Garganacl|50/100
|move|p1a: Garganacl|Curse|p1a: Garganacl
|-unboost|p1a: Garganacl|spe|1
|-boost|p1a: Garganacl|atk|1
|-boost|p1a: Garganacl|def|1
|
|-heal|p2a: Clefable|69/100|[from] item: Leftovers
|-heal|p1a: Garganacl|56/100|[from] item: Leftovers
|-damage|p2a: Clefable|56/100|[from] Salt Cure
|upkeep
|turn|30
|
|t:|1779803995
|move|p2a: Clefable|Moonblast|p1a: Garganacl
|-damage|p1a: Garganacl|17/100
|move|p1a: Garganacl|Earthquake|p2a: Clefable
|-damage|p2a: Clefable|29/100
|
|-heal|p2a: Clefable|35/100|[from] item: Leftovers
|-heal|p1a: Garganacl|23/100|[from] item: Leftovers
|-damage|p2a: Clefable|22/100|[from] Salt Cure
|upkeep
|turn|31
|
|t:|1779804003
|move|p2a: Clefable|Moonblast|p1a: Garganacl
|-damage|p1a: Garganacl|0 fnt
|faint|p1a: Garganacl
|
|-heal|p2a: Clefable|28/100|[from] item: Leftovers
|-damage|p2a: Clefable|16/100|[from] Salt Cure
|upkeep
|
|t:|1779804012
|switch|p1a: Gholdengo|Gholdengo|36/100
|-damage|p1a: Gholdengo|30/100|[from] Stealth Rock
|turn|32
|
|t:|1779804019
|move|p1a: Gholdengo|Flash Cannon|p2a: Clefable
|-supereffective|p2a: Clefable
|-damage|p2a: Clefable|0 fnt
|faint|p2a: Clefable
|
|upkeep
|
|t:|1779804028
|switch|p2a: Dragonite|Dragonite, F|61/100
|turn|33
|
|t:|1779804033
|move|p2a: Dragonite|Fire Punch|p1a: Gholdengo
|-supereffective|p1a: Gholdengo
|-damage|p1a: Gholdengo|0 fnt
|faint|p1a: Gholdengo
|
|upkeep
|
|t:|1779804036
|switch|p1a: Dragonite|Dragonite, M|100/100
|-damage|p1a: Dragonite|76/100|[from] Stealth Rock
|turn|34
|
|t:|1779804043
|-terastallize|p1a: Dragonite|Normal
|move|p1a: Dragonite|Extreme Speed|p2a: Dragonite
|-damage|p2a: Dragonite|0 fnt
|faint|p2a: Dragonite
|
|upkeep
|
|t:|1779804059
|switch|p2a: Cloyster|Cloyster, M|100/100
|turn|35
|
|t:|1779804064
|move|p1a: Dragonite|Extreme Speed|p2a: Cloyster
|-damage|p2a: Cloyster|40/100
|move|p2a: Cloyster|Icicle Spear|p1a: Dragonite
|-damage|p1a: Dragonite|66/100
|-damage|p1a: Dragonite|55/100
|-crit|p1a: Dragonite
|-damage|p1a: Dragonite|39/100
|-damage|p1a: Dragonite|30/100
|-damage|p1a: Dragonite|20/100
|-hitcount|p1a: Dragonite|5
|
|upkeep
|turn|36
|
|t:|1779804074
|move|p1a: Dragonite|Extreme Speed|p2a: Cloyster
|-damage|p2a: Cloyster|0 fnt
|faint|p2a: Cloyster
|
|upkeep
|
|t:|1779804080
|switch|p2a: Snorlax|Snorlax, M|38/100
|turn|37
|
|t:|1779804082
|move|p1a: Dragonite|Extreme Speed|p2a: Snorlax
|-damage|p2a: Snorlax|0 fnt
|faint|p2a: Snorlax
|
|win|Agnish is
|raw|Agnish is's rating: 1093 &rarr; <strong>1122</strong><br />(+29 for winning)
|raw|hadkal2's rating: 1132 &rarr; <strong>1104</strong><br />(-28 for losing)
|l|☆hadkal2
|player|p2|
|l|‽Agnish is
|player|p1|
