|j|☆PieCubed^3
|j|☆Wealisify
|t:|1779944066
|gametype|singles
|player|p1|PieCubed^3|hilda-wonderlauncher|1409
|player|p2|Wealisify|silver-masters|1434
|gen|9
|tier|[Gen 9] OU
|rated|
|rule|HP Percentage Mod: HP is shown in percentages
|rule|Endless Battle Clause: Forcing endless battles is banned
|rule|Species Clause: Limit one of each Pokémon
|rule|OHKO Clause: OHKO moves are banned
|rule|Evasion Items Clause: Evasion items are banned
|rule|Evasion Moves Clause: Evasion moves are banned
|rule|Evasion Abilities Clause: Evasion abilities are banned
|rule|Sleep Moves Clause: Sleep-inducing moves are banned
|clearpoke
|poke|p1|Araquanid, F|
|poke|p1|Gholdengo|
|poke|p1|Kingambit, F|
|poke|p1|Raging Bolt|
|poke|p1|Keldeo-Resolute|
|poke|p1|Hoopa-Unbound|
|poke|p2|Scizor, M|
|poke|p2|Raging Bolt|
|poke|p2|Deoxys-Speed|
|poke|p2|Great Tusk|
|poke|p2|Pecharunt|
|poke|p2|Torterra, F|
|teampreview
|
|t:|1779944086
|teamsize|p1|6
|teamsize|p2|6
|start
|switch|p1a: QUIL|Araquanid, F|100/100
|switch|p2a: Picklez|Deoxys-Speed|100/100
|-ability|p2a: Picklez|Pressure
|turn|1
|inactive|Battle timer is ON: inactive players will automatically lose when time's up. (requested by Wealisify)
|
|t:|1779944089
|move|p2a: Picklez|Taunt|p1a: QUIL
|-start|p1a: QUIL|move: Taunt
|move|p1a: QUIL|Lunge|p2a: Picklez
|-supereffective|p2a: Picklez
|-damage|p2a: Picklez|47/100
|-unboost|p2a: Picklez|atk|1
|
|upkeep
|turn|2
|
|t:|1779944096
|move|p2a: Picklez|Reflect|p2a: Picklez
|-sidestart|p2: Wealisify|Reflect
|move|p1a: QUIL|Surf|p2a: Picklez
|-damage|p2a: Picklez|0 fnt
|faint|p2a: Picklez
|
|upkeep
|
|t:|1779944115
|switch|p2a: Absolutely Nothing|Pecharunt|100/100
|turn|3
|
|t:|1779944119
|move|p2a: Absolutely Nothing|Malignant Chain|p1a: QUIL
|-damage|p1a: QUIL|78/100
|move|p1a: QUIL|Surf|p2a: Absolutely Nothing
|-damage|p2a: Absolutely Nothing|66/100
|
|-end|p1a: QUIL|move: Taunt
|upkeep
|turn|4
|
|t:|1779944123
|move|p2a: Absolutely Nothing|Malignant Chain|p1a: QUIL
|-damage|p1a: QUIL|56/100
|move|p1a: QUIL|Sticky Web|p2a: Absolutely Nothing
|-sidestart|p2: Wealisify|move: Sticky Web
|
|upkeep
|turn|5
|
|t:|1779944130
|move|p2a: Absolutely Nothing|Nasty Plot|p2a: Absolutely Nothing
|-boost|p2a: Absolutely Nothing|spa|2
|move|p1a: QUIL|Surf|p2a: Absolutely Nothing
|-damage|p2a: Absolutely Nothing|33/100
|
|upkeep
|turn|6
|
|t:|1779944136
|move|p2a: Absolutely Nothing|Recover|p2a: Absolutely Nothing
|-heal|p2a: Absolutely Nothing|83/100
|move|p1a: QUIL|Surf|p2a: Absolutely Nothing
|-damage|p2a: Absolutely Nothing|47/100
|
|upkeep
|turn|7
|
|t:|1779944139
|move|p2a: Absolutely Nothing|Malignant Chain|p1a: QUIL
|-damage|p1a: QUIL|15/100
|-status|p1a: QUIL|tox
|-start|p1a: QUIL|confusion|[from] ability: Poison Puppeteer|[of] p2a: Absolutely Nothing
|-activate|p1a: QUIL|confusion
|move|p1a: QUIL|Surf|p2a: Absolutely Nothing
|-damage|p2a: Absolutely Nothing|14/100
|
|-damage|p1a: QUIL|9/100 tox|[from] psn
|upkeep
|turn|8
|-enditem|p1a: QUIL|Custap Berry|[eat]
|-activate|p1a: QUIL|item: Custap Berry|[consumed]
|
|t:|1779944143
|-activate|p1a: QUIL|confusion
|move|p1a: QUIL|Surf|p2a: Absolutely Nothing
|-damage|p2a: Absolutely Nothing|0 fnt
|faint|p2a: Absolutely Nothing
|
|-damage|p1a: QUIL|0 fnt|[from] psn
|faint|p1a: QUIL
|upkeep
|
|t:|1779944162
|switch|p2a: Agarthan Reaper|Raging Bolt|100/100
|switch|p1a: Keldeo|Keldeo-Resolute|100/100
|-activate|p2a: Agarthan Reaper|move: Sticky Web
|-unboost|p2a: Agarthan Reaper|spe|1
|-enditem|p2a: Agarthan Reaper|Booster Energy
|-activate|p2a: Agarthan Reaper|ability: Protosynthesis|[fromitem]
|-start|p2a: Agarthan Reaper|protosynthesisspa
|turn|9
|
|t:|1779944174
|move|p1a: Keldeo|Secret Sword|p2a: Agarthan Reaper
|-damage|p2a: Agarthan Reaper|46/100
|-damage|p1a: Keldeo|91/100|[from] item: Life Orb
|move|p2a: Agarthan Reaper|Calm Mind|p2a: Agarthan Reaper
|-boost|p2a: Agarthan Reaper|spa|1
|-boost|p2a: Agarthan Reaper|spd|1
|
|-sideend|p2: Wealisify|Reflect
|upkeep
|turn|10
|
|t:|1779944177
|move|p2a: Agarthan Reaper|Thunderclap||[still]
|-fail|p2a: Agarthan Reaper
|move|p1a: Keldeo|Substitute|p1a: Keldeo
|-start|p1a: Keldeo|Substitute
|-damage|p1a: Keldeo|66/100
|
|upkeep
|turn|11
|
|t:|1779944180
|move|p1a: Keldeo|Secret Sword|p2a: Agarthan Reaper
|-damage|p2a: Agarthan Reaper|0 fnt
|faint|p2a: Agarthan Reaper
|-end|p2a: Agarthan Reaper|Protosynthesis|[silent]
|-damage|p1a: Keldeo|56/100|[from] item: Life Orb
|
|upkeep
|-message|Wealisify forfeited.
|
|win|PieCubed^3
|raw|PieCubed^3's rating: 1409 &rarr; <strong>1430</strong><br />(+21 for winning)
|raw|Wealisify's rating: 1434 &rarr; <strong>1413</strong><br />(-21 for losing)
|l|☆Wealisify
|player|p2|
|l|☆PieCubed^3
|player|p1|
