|j|☆noobnpc_69
|j|☆SmurfVoutox
|t:|1779959792
|gametype|singles
|player|p1|noobnpc_69|unknown|1322
|player|p2|SmurfVoutox|169|1305
|gen|9
|tier|[Gen 9] OU
|rated|
|rule|HP Percentage Mod: HP is shown in percentages
|rule|Endless Battle Clause: Forcing endless battles is banned
|rule|Species Clause: Limit one of each Pokémon
|rule|OHKO Clause: OHKO moves are banned
|rule|Evasion Items Clause: Evasion items are banned
|rule|Evasion Moves Clause: Evasion moves are banned
|rule|Evasion Abilities Clause: Evasion abilities are banned
|rule|Sleep Moves Clause: Sleep-inducing moves are banned
|clearpoke
|poke|p1|Jirachi|
|poke|p1|Salazzle, F|
|poke|p1|Zoroark-Hisui, F|
|poke|p1|Slowbro, M|
|poke|p1|Dragapult, M|
|poke|p1|Latias, F|
|poke|p2|Darkrai|
|poke|p2|Great Tusk|
|poke|p2|Slowking-Galar, F|
|poke|p2|Dragonite, F|
|poke|p2|Iron Valiant|
|poke|p2|Corviknight, F|
|teampreview
|inactive|Battle timer is ON: inactive players will automatically lose when time's up. (requested by noobnpc_69)
|inactive|noobnpc_69 has 120 seconds left.
|
|t:|1779959826
|teamsize|p1|6
|teamsize|p2|6
|start
|switch|p1a: Salazzle|Salazzle, F|100/100
|switch|p2a: Great Tusk|Great Tusk|100/100
|turn|1
|
|t:|1779959833
|move|p1a: Salazzle|Substitute|p1a: Salazzle
|-start|p1a: Salazzle|Substitute
|-damage|p1a: Salazzle|76/100
|move|p2a: Great Tusk|Knock Off|p1a: Salazzle
|-crit|p1a: Salazzle
|-end|p1a: Salazzle|Substitute
|
|-heal|p1a: Salazzle|82/100|[from] item: Leftovers
|upkeep
|turn|2
|
|t:|1779959842
|switch|p1a: Latias|Latias, F|100/100
|move|p2a: Great Tusk|Knock Off|p1a: Latias
|-supereffective|p1a: Latias
|-damage|p1a: Latias|44/100
|-enditem|p1a: Latias|Weakness Policy
|-boost|p1a: Latias|atk|2|[from] item: Weakness Policy
|-boost|p1a: Latias|spa|2|[from] item: Weakness Policy
|
|upkeep
|turn|3
|
|t:|1779959855
|move|p1a: Latias|Agility|p1a: Latias
|-boost|p1a: Latias|spe|2
|move|p2a: Great Tusk|Knock Off|p1a: Latias
|-supereffective|p1a: Latias
|-damage|p1a: Latias|3/100
|
|upkeep
|turn|4
|
|t:|1779959864
|move|p1a: Latias|Stored Power|p2a: Great Tusk
|-supereffective|p2a: Great Tusk
|-damage|p2a: Great Tusk|0 fnt
|faint|p2a: Great Tusk
|-end|p2a: Great Tusk|Protosynthesis|[silent]
|
|upkeep
|
|t:|1779959872
|switch|p2a: Dragonite|Dragonite, F|100/100
|turn|5
|
|t:|1779959886
|move|p2a: Dragonite|Extreme Speed|p1a: Latias
|-damage|p1a: Latias|0 fnt
|faint|p1a: Latias
|
|upkeep
|
|t:|1779959897
|switch|p1a: Jirachi|Jirachi|100/100
|turn|6
|
|t:|1779959903
|move|p1a: Jirachi|U-turn|p2a: Dragonite
|-resisted|p2a: Dragonite
|-damage|p2a: Dragonite|95/100
|
|t:|1779959909
|switch|p1a: Dragapult|Dragapult, M|100/100|[from] U-turn
|move|p2a: Dragonite|Dragon Dance|p2a: Dragonite
|-boost|p2a: Dragonite|atk|1
|-boost|p2a: Dragonite|spe|1
|
|upkeep
|turn|7
|
|t:|1779959918
|-terastallize|p2a: Dragonite|Normal
|move|p1a: Dragapult|Will-O-Wisp|p2a: Dragonite
|-status|p2a: Dragonite|brn
|move|p2a: Dragonite|Dragon Dance|p2a: Dragonite
|-boost|p2a: Dragonite|atk|1
|-boost|p2a: Dragonite|spe|1
|
|-damage|p2a: Dragonite|89/100 brn|[from] brn
|upkeep
|turn|8
|
|t:|1779959929
|move|p2a: Dragonite|Dragon Dance|p2a: Dragonite
|-boost|p2a: Dragonite|atk|1
|-boost|p2a: Dragonite|spe|1
|move|p1a: Dragapult|Dragon Darts|p2a: Dragonite
|-damage|p2a: Dragonite|64/100 brn
|-anim|p1a: Dragapult|Dragon Darts|p2a: Dragonite
|-damage|p2a: Dragonite|43/100 brn
|
|-damage|p2a: Dragonite|37/100 brn|[from] brn
|upkeep
|turn|9
|
|t:|1779959939
|move|p2a: Dragonite|Ice Spinner|p1a: Dragapult
|-supereffective|p1a: Dragapult
|-damage|p1a: Dragapult|0 fnt
|faint|p1a: Dragapult
|
|-damage|p2a: Dragonite|31/100 brn|[from] brn
|upkeep
|
|t:|1779959943
|switch|p1a: Slowbro|Slowbro, M|100/100
|turn|10
|
|t:|1779959948
|move|p2a: Dragonite|Extreme Speed|p1a: Slowbro
|-damage|p1a: Slowbro|54/100
|move|p1a: Slowbro|Hydro Pump|p2a: Dragonite
|-damage|p2a: Dragonite|0 fnt
|faint|p2a: Dragonite
|
|upkeep
|
|t:|1779959956
|switch|p2a: Darkrai|Darkrai|100/100
|turn|11
|
|t:|1779959961
|switch|p1a: Salazzle|Salazzle, F|82/100
|move|p2a: Darkrai|Dark Pulse|p1a: Salazzle
|-damage|p1a: Salazzle|0 fnt
|faint|p1a: Salazzle
|
|upkeep
|
|t:|1779959962
|switch|p1a: Jirachi|Jirachi|100/100
|turn|12
|
|t:|1779959971
|switch|p2a: Corviknight|Corviknight, F|100/100
|-ability|p2a: Corviknight|Pressure
|-terastallize|p1a: Jirachi|Steel
|move|p1a: Jirachi|Iron Head|p2a: Corviknight
|-resisted|p2a: Corviknight
|-damage|p2a: Corviknight|87/100
|
|-heal|p2a: Corviknight|93/100|[from] item: Leftovers
|upkeep
|turn|13
|
|t:|1779959983
|switch|p1a: Jirachi|Jirachi|100/100
|move|p2a: Corviknight|Body Press|p1a: Jirachi
|-immune|p1a: Jirachi
|
|-heal|p2a: Corviknight|99/100|[from] item: Leftovers
|upkeep
|-start|p1a: Jirachi|typechange|Steel|[silent]
|turn|14
|
|t:|1779959994
|move|p1a: Jirachi|Flamethrower|p2a: Corviknight
|-supereffective|p2a: Corviknight
|-damage|p2a: Corviknight|17/100
|move|p2a: Corviknight|U-turn|p1a: Jirachi
|-resisted|p1a: Jirachi
|-damage|p1a: Jirachi|85/100
|replace|p1a: Zoroark|Zoroark-Hisui, F
|-end|p1a: Zoroark|Illusion
|
|t:|1779960006
|switch|p2a: Darkrai|Darkrai|100/100|[from] U-turn
|
|upkeep
|turn|15
|
|t:|1779960012
|move|p2a: Darkrai|Dark Pulse|p1a: Zoroark
|-supereffective|p1a: Zoroark
|-damage|p1a: Zoroark|0 fnt
|faint|p1a: Zoroark
|
|upkeep
|
|t:|1779960014
|switch|p1a: Jirachi|Jirachi, tera:Steel|100/100
|turn|16
|
|t:|1779960020
|switch|p2a: Corviknight|Corviknight, F|17/100
|-ability|p2a: Corviknight|Pressure
|move|p1a: Jirachi|Meteor Mash|p2a: Corviknight
|-resisted|p2a: Corviknight
|-damage|p2a: Corviknight|2/100
|-boost|p1a: Jirachi|atk|1
|
|-heal|p2a: Corviknight|8/100|[from] item: Leftovers
|upkeep
|turn|17
|
|t:|1779960031
|move|p1a: Jirachi|Meteor Mash|p2a: Corviknight
|-resisted|p2a: Corviknight
|-damage|p2a: Corviknight|0 fnt
|faint|p2a: Corviknight
|
|upkeep
|
|t:|1779960037
|switch|p2a: Slowking|Slowking-Galar, F|100/100
|turn|18
|
|t:|1779960041
|move|p1a: Jirachi|Meteor Mash|p2a: Slowking
|-damage|p2a: Slowking|26/100
|move|p2a: Slowking|Flamethrower|p1a: Jirachi
|-supereffective|p1a: Jirachi
|-damage|p1a: Jirachi|48/100
|
|upkeep
|turn|19
|
|t:|1779960048
|move|p1a: Jirachi|Meteor Mash|p2a: Slowking
|-damage|p2a: Slowking|0 fnt
|faint|p2a: Slowking
|
|upkeep
|
|t:|1779960053
|switch|p2a: Iron Valiant|Iron Valiant|100/100
|-enditem|p2a: Iron Valiant|Booster Energy
|-activate|p2a: Iron Valiant|ability: Quark Drive|[fromitem]
|-start|p2a: Iron Valiant|quarkdrivespe
|turn|20
|
|t:|1779960059
|move|p2a: Iron Valiant|Close Combat|p1a: Jirachi
|-supereffective|p1a: Jirachi
|-damage|p1a: Jirachi|0 fnt
|-unboost|p2a: Iron Valiant|def|1
|-unboost|p2a: Iron Valiant|spd|1
|faint|p1a: Jirachi
|
|upkeep
|
|t:|1779960061
|switch|p1a: Slowbro|Slowbro, M|87/100
|turn|21
|
|t:|1779960068
|move|p2a: Iron Valiant|Moonblast|p1a: Slowbro
|-damage|p1a: Slowbro|41/100
|move|p1a: Slowbro|Hydro Pump|p2a: Iron Valiant
|-damage|p2a: Iron Valiant|0 fnt
|faint|p2a: Iron Valiant
|-end|p2a: Iron Valiant|Quark Drive|[silent]
|
|upkeep
|
|t:|1779960078
|switch|p2a: Darkrai|Darkrai|100/100
|turn|22
|
|t:|1779960097
|move|p2a: Darkrai|Dark Pulse|p1a: Slowbro
|-supereffective|p1a: Slowbro
|-damage|p1a: Slowbro|0 fnt
|faint|p1a: Slowbro
|
|win|SmurfVoutox
|raw|noobnpc_69's rating: 1322 &rarr; <strong>1301</strong><br />(-21 for losing)
|raw|SmurfVoutox's rating: 1305 &rarr; <strong>1326</strong><br />(+21 for winning)
|l|☆noobnpc_69
|player|p1|
|l|☆SmurfVoutox
|player|p2|
