|j|☆kiitoburger
|j|☆MrRodeo
|t:|1779970955
|gametype|singles
|player|p1|kiitoburger|1|1179
|player|p2|MrRodeo|lance|1154
|gen|9
|tier|[Gen 9] OU
|rated|
|rule|HP Percentage Mod: HP is shown in percentages
|rule|Endless Battle Clause: Forcing endless battles is banned
|rule|Species Clause: Limit one of each Pokémon
|rule|OHKO Clause: OHKO moves are banned
|rule|Evasion Items Clause: Evasion items are banned
|rule|Evasion Moves Clause: Evasion moves are banned
|rule|Evasion Abilities Clause: Evasion abilities are banned
|rule|Sleep Moves Clause: Sleep-inducing moves are banned
|clearpoke
|poke|p1|Dragapult, F|
|poke|p1|Ribombee, M|
|poke|p1|Alomomola, F|
|poke|p1|Gholdengo|
|poke|p1|Gliscor, F|
|poke|p1|Glimmora, M|
|poke|p2|Hawlucha, M|
|poke|p2|Rillaboom, F|
|poke|p2|Gliscor, F|
|poke|p2|Volcanion|
|poke|p2|Gholdengo|
|poke|p2|Grimmsnarl, M|
|teampreview
|
|t:|1779970969
|teamsize|p1|6
|teamsize|p2|6
|start
|switch|p1a: Faury|Ribombee, M|100/100
|switch|p2a: Please just work|Gliscor, F|100/100
|turn|1
|
|t:|1779970988
|move|p1a: Faury|Sticky Web|p2a: Please just work
|-sidestart|p2: MrRodeo|move: Sticky Web
|move|p2a: Please just work|Toxic|p1a: Faury
|-status|p1a: Faury|tox
|
|-damage|p1a: Faury|94/100 tox|[from] psn
|-status|p2a: Please just work|tox|[from] item: Toxic Orb
|upkeep
|turn|2
|
|t:|1779970998
|move|p1a: Faury|Skill Swap|p2a: Please just work
|-activate|p1a: Faury|Skill Swap|Poison Heal|Shield Dust|[of] p2a: Please just work
|move|p2a: Please just work|Spikes|p1a: Faury
|-sidestart|p1: kiitoburger|Spikes
|
|-heal|p1a: Faury|100/100 tox|[from] ability: Poison Heal
|-damage|p2a: Please just work|94/100 tox|[from] psn
|upkeep
|turn|3
|
|t:|1779971027
|switch|p2a: Moneyyyyy|Gholdengo|100/100
|-item|p2a: Moneyyyyy|Air Balloon
|move|p1a: Faury|Moonblast|p2a: Moneyyyyy
|-resisted|p2a: Moneyyyyy
|-damage|p2a: Moneyyyyy|75/100
|-enditem|p2a: Moneyyyyy|Air Balloon
|
|upkeep
|turn|4
|
|t:|1779971082
|switch|p1a: goldealdo|Gholdengo|100/100
|-item|p1a: goldealdo|Air Balloon
|move|p2a: Moneyyyyy|Make It Rain|p1a: goldealdo
|-resisted|p1a: goldealdo
|-damage|p1a: goldealdo|69/100
|-unboost|p2a: Moneyyyyy|spa|1
|-enditem|p1a: goldealdo|Air Balloon
|
|upkeep
|turn|5
|
|t:|1779971095
|move|p2a: Moneyyyyy|Shadow Ball|p1a: goldealdo
|-supereffective|p1a: goldealdo
|-damage|p1a: goldealdo|9/100
|move|p1a: goldealdo|Hex|p2a: Moneyyyyy
|-supereffective|p2a: Moneyyyyy
|-damage|p2a: Moneyyyyy|9/100
|
|upkeep
|turn|6
|
|t:|1779971106
|move|p2a: Moneyyyyy|Shadow Ball|p1a: goldealdo
|-supereffective|p1a: goldealdo
|-damage|p1a: goldealdo|0 fnt
|faint|p1a: goldealdo
|
|upkeep
|
|t:|1779971125
|switch|p1a: Luvdisk|Alomomola, F|100/100
|turn|7
|
|t:|1779971140
|switch|p2a: WHY|Volcanion|100/100
|-activate|p2a: WHY|move: Sticky Web
|-unboost|p2a: WHY|spe|1
|move|p1a: Luvdisk|Scald|p2a: WHY
|-immune|p2a: WHY|[from] ability: Water Absorb
|
|upkeep
|turn|8
|
|t:|1779971158
|move|p1a: Luvdisk|Protect|p1a: Luvdisk
|-singleturn|p1a: Luvdisk|Protect
|move|p2a: WHY|Sludge Bomb|p1a: Luvdisk
|-activate|p1a: Luvdisk|move: Protect
|
|upkeep
|turn|9
|
|t:|1779971183
|switch|p1a: Mantycke|Dragapult, F|100/100
|move|p2a: WHY|Sludge Bomb|p1a: Mantycke
|-resisted|p1a: Mantycke
|-damage|p1a: Mantycke|60/100
|
|upkeep
|turn|10
|
|t:|1779971216
|switch|p2a: dnd rogue|Grimmsnarl, M|100/100
|-activate|p2a: dnd rogue|move: Sticky Web
|-unboost|p2a: dnd rogue|spe|1
|move|p1a: Mantycke|Dragon Darts|p2a: dnd rogue
|-immune|p2a: dnd rogue
|
|upkeep
|turn|11
|
|t:|1779971229
|move|p2a: dnd rogue|Thunder Wave|p1a: Mantycke
|-status|p1a: Mantycke|par
|move|p1a: Mantycke|Will-O-Wisp|p2a: dnd rogue
|-status|p2a: dnd rogue|brn
|
|-damage|p2a: dnd rogue|94/100 brn|[from] brn
|upkeep
|turn|12
|
|t:|1779971239
|move|p2a: dnd rogue|Sucker Punch|p1a: Mantycke
|-supereffective|p1a: Mantycke
|-damage|p1a: Mantycke|21/100 par
|move|p1a: Mantycke|U-turn|p2a: dnd rogue
|-damage|p2a: dnd rogue|70/100 brn
|
|t:|1779971247
|switch|p1a: flasher|Gliscor, F|100/100|[from] U-turn
|
|-heal|p2a: dnd rogue|76/100 brn|[from] item: Leftovers
|-damage|p2a: dnd rogue|70/100 brn|[from] brn
|-status|p1a: flasher|tox|[from] item: Toxic Orb
|upkeep
|turn|13
|
|t:|1779971292
|switch|p2a: Clyde|Rillaboom, F|100/100
|-activate|p2a: Clyde|move: Sticky Web
|-unboost|p2a: Clyde|spe|1
|-fieldstart|move: Grassy Terrain|[from] ability: Grassy Surge|[of] p2a: Clyde
|move|p1a: flasher|Spikes|p2a: Clyde
|-sidestart|p2: MrRodeo|Spikes
|
|upkeep
|turn|14
|
|t:|1779971301
|move|p2a: Clyde|Grassy Glide|p1a: flasher
|-damage|p1a: flasher|57/100 tox
|move|p1a: flasher|Toxic|p2a: Clyde
|-status|p2a: Clyde|tox
|
|-heal|p1a: flasher|70/100 tox|[from] ability: Poison Heal
|-damage|p2a: Clyde|94/100 tox|[from] psn
|upkeep
|turn|15
|
|t:|1779971314
|move|p1a: flasher|Protect|p1a: flasher
|-singleturn|p1a: flasher|Protect
|move|p2a: Clyde|Grassy Glide|p1a: flasher
|-activate|p1a: flasher|move: Protect
|
|-heal|p2a: Clyde|100/100 tox|[from] Grassy Terrain
|-heal|p1a: flasher|82/100 tox|[from] ability: Poison Heal
|-damage|p2a: Clyde|88/100 tox|[from] psn
|upkeep
|turn|16
|
|t:|1779971335
|switch|p1a: Faury|Ribombee, M|100/100 tox
|-damage|p1a: Faury|88/100 tox|[from] Spikes
|move|p2a: Clyde|Grassy Glide|p1a: Faury
|-resisted|p1a: Faury
|-damage|p1a: Faury|33/100 tox
|
|-heal|p1a: Faury|39/100 tox|[from] Grassy Terrain
|-heal|p2a: Clyde|94/100 tox|[from] Grassy Terrain
|-damage|p1a: Faury|33/100 tox|[from] psn
|-damage|p2a: Clyde|76/100 tox|[from] psn
|upkeep
|turn|17
|
|t:|1779971351
|move|p2a: Clyde|Grassy Glide|p1a: Faury
|-resisted|p1a: Faury
|-damage|p1a: Faury|0 fnt
|faint|p1a: Faury
|
|-heal|p2a: Clyde|82/100 tox|[from] Grassy Terrain
|-damage|p2a: Clyde|58/100 tox|[from] psn
|-fieldend|move: Grassy Terrain
|upkeep
|
|t:|1779971368
|switch|p1a: pointy butt plug|Glimmora, M|100/100
|-damage|p1a: pointy butt plug|88/100|[from] Spikes
|turn|18
|
|t:|1779971387
|switch|p2a: Please just work|Gliscor, F|94/100 tox
|move|p1a: pointy butt plug|Mortal Spin|p2a: Please just work
|-resisted|p2a: Please just work
|-damage|p2a: Please just work|93/100 tox
|-sideend|p1: kiitoburger|Spikes|[from] move: Mortal Spin|[of] p1a: pointy butt plug
|
|-heal|p2a: Please just work|100/100 tox|[from] ability: Poison Heal
|upkeep
|turn|19
|-message|kiitoburger forfeited.
|
|win|MrRodeo
|raw|kiitoburger's rating: 1179 &rarr; <strong>1152</strong><br />(-27 for losing)
|raw|MrRodeo's rating: 1154 &rarr; <strong>1181</strong><br />(+27 for winning)
