|j|‽pinkpriestess3
|j|☆bluntsmoker3000
|t:|1779854787
|gametype|singles
|player|p1|pinkpriestess3|265|1582
|player|p2|bluntsmoker3000|bugcatcher-gen4dp|1512
|gen|9
|tier|[Gen 9] OU
|rated|
|rule|HP Percentage Mod: HP is shown in percentages
|rule|Endless Battle Clause: Forcing endless battles is banned
|rule|Species Clause: Limit one of each Pokémon
|rule|OHKO Clause: OHKO moves are banned
|rule|Evasion Items Clause: Evasion items are banned
|rule|Evasion Moves Clause: Evasion moves are banned
|rule|Evasion Abilities Clause: Evasion abilities are banned
|rule|Sleep Moves Clause: Sleep-inducing moves are banned
|clearpoke
|poke|p1|Rabsca, F|
|poke|p1|Landorus-Therian, M|
|poke|p1|Excadrill, M|
|poke|p1|Darkrai|
|poke|p1|Tyranitar, M|
|poke|p1|Zapdos|
|poke|p2|Ting-Lu|
|poke|p2|Scizor, F|
|poke|p2|Tornadus-Therian, M|
|poke|p2|Raging Bolt|
|poke|p2|Alomomola, M|
|poke|p2|Hatterene, F|
|teampreview
|inactive|Battle timer is ON: inactive players will automatically lose when time's up. (requested by bluntsmoker3000)
|j| pontadebeck
|
|t:|1779854803
|teamsize|p1|6
|teamsize|p2|6
|start
|switch|p1a: Rabsca|Rabsca, F, shiny|100/100
|switch|p2a: Hatterene|Hatterene, F|100/100
|turn|1
|
|t:|1779854806
|move|p1a: Rabsca|Gravity|p1a: Rabsca
|-fieldstart|move: Gravity
|move|p2a: Hatterene|Nuzzle|p1a: Rabsca
|-damage|p1a: Rabsca|96/100
|-status|p1a: Rabsca|par
|-activate|p1a: Rabsca|ability: Synchronize
|-status|p2a: Hatterene|par
|
|upkeep
|turn|2
|
|t:|1779854810
|switch|p1a: Excadrill|Excadrill, M|100/100
|move|p2a: Hatterene|Psychic Noise|p1a: Excadrill
|-resisted|p1a: Excadrill
|-damage|p1a: Excadrill|77/100
|-start|p1a: Excadrill|move: Heal Block
|
|upkeep
|turn|3
|
|t:|1779854813
|switch|p2a: Alomomola|Alomomola, M|100/100
|move|p1a: Excadrill|Swords Dance|p1a: Excadrill
|-boost|p1a: Excadrill|atk|2
|
|-end|p1a: Excadrill|move: Heal Block
|upkeep
|turn|4
|
|t:|1779854816
|-terastallize|p1a: Excadrill|Ground
|move|p1a: Excadrill|Earthquake|p2a: Alomomola
|-damage|p2a: Alomomola|0 fnt
|faint|p2a: Alomomola
|
|upkeep
|
|t:|1779854822
|switch|p2a: Tornadus|Tornadus-Therian, M|100/100
|turn|5
|
|t:|1779854827
|move|p2a: Tornadus|Bleakwind Storm|p1a: Excadrill
|-damage|p1a: Excadrill|0 fnt
|faint|p1a: Excadrill
|-damage|p2a: Tornadus|91/100|[from] item: Life Orb
|
|-fieldend|move: Gravity
|upkeep
|
|t:|1779854833
|switch|p1a: Tyranitar|Tyranitar, M|100/100
|-weather|Sandstorm|[from] ability: Sand Stream|[of] p1a: Tyranitar
|turn|6
|
|t:|1779854837
|switch|p2a: Hatterene|Hatterene, F|100/100 par
|switch|p1a: Rabsca|Rabsca, F, shiny|96/100 par
|
|-weather|Sandstorm|[upkeep]
|-damage|p1a: Rabsca|90/100 par|[from] Sandstorm
|-damage|p2a: Hatterene|95/100 par|[from] Sandstorm
|upkeep
|turn|7
|
|t:|1779854843
|switch|p2a: Tornadus|Tornadus-Therian, M|100/100
|move|p1a: Rabsca|Revival Blessing|p1a: Rabsca
|
|t:|1779854845
|-heal|p1: Excadrill|50/100|[from] move: Revival Blessing
|
|-weather|Sandstorm|[upkeep]
|-damage|p2a: Tornadus|94/100|[from] Sandstorm
|-damage|p1a: Rabsca|84/100 par|[from] Sandstorm
|upkeep
|turn|8
|
|t:|1779854851
|move|p2a: Tornadus|Grass Knot|p1a: Rabsca
|-resisted|p1a: Rabsca
|-damage|p1a: Rabsca|81/100 par
|-damage|p2a: Tornadus|85/100|[from] item: Life Orb
|move|p1a: Rabsca|Gravity|p1a: Rabsca
|-fieldstart|move: Gravity
|
|-weather|Sandstorm|[upkeep]
|-damage|p2a: Tornadus|79/100|[from] Sandstorm
|-damage|p1a: Rabsca|75/100 par|[from] Sandstorm
|upkeep
|turn|9
|
|t:|1779854855
|move|p2a: Tornadus|Bleakwind Storm|p1a: Rabsca
|-supereffective|p1a: Rabsca
|-damage|p1a: Rabsca|0 fnt
|faint|p1a: Rabsca
|-damage|p2a: Tornadus|69/100|[from] item: Life Orb
|
|-weather|Sandstorm|[upkeep]
|-damage|p2a: Tornadus|63/100|[from] Sandstorm
|upkeep
|
|t:|1779854857
|switch|p1a: Excadrill|Excadrill, M|50/100
|turn|10
|
|t:|1779854868
|switch|p2a: Hatterene|Hatterene, F|95/100 par
|move|p1a: Excadrill|Earthquake|p2a: Hatterene
|-damage|p2a: Hatterene|38/100 par
|
|-weather|Sandstorm|[upkeep]
|-damage|p2a: Hatterene|32/100 par|[from] Sandstorm
|upkeep
|turn|11
|
|t:|1779854872
|move|p1a: Excadrill|Earthquake|p2a: Hatterene
|-damage|p2a: Hatterene|0 fnt
|faint|p2a: Hatterene
|
|-weather|Sandstorm|[upkeep]
|upkeep
|
|t:|1779854876
|switch|p2a: Scizor|Scizor, F|100/100
|turn|12
|
|t:|1779854882
|switch|p1a: Landorus|Landorus-Therian, M|100/100
|-ability|p1a: Landorus|Intimidate|boost
|-unboost|p2a: Scizor|atk|1
|move|p2a: Scizor|Knock Off|p1a: Landorus
|-damage|p1a: Landorus|74/100
|-damage|p2a: Scizor|84/100|[from] item: Rocky Helmet|[of] p1a: Landorus
|-enditem|p1a: Landorus|Rocky Helmet|[from] move: Knock Off|[of] p2a: Scizor
|
|-weather|Sandstorm|[upkeep]
|-fieldend|move: Gravity
|upkeep
|turn|13
|j| hgghgbc
|
|t:|1779854886
|switch|p2a: Tornadus|Tornadus-Therian, M|96/100
|move|p1a: Landorus|Gravity|p1a: Landorus
|-fieldstart|move: Gravity
|
|-weather|none
|upkeep
|turn|14
|
|t:|1779854892
|move|p2a: Tornadus|Nasty Plot|p2a: Tornadus
|-boost|p2a: Tornadus|spa|2
|move|p1a: Landorus|Stone Edge|p2a: Tornadus
|-supereffective|p2a: Tornadus
|-damage|p2a: Tornadus|17/100
|
|upkeep
|turn|15
|
|t:|1779854894
|move|p2a: Tornadus|Bleakwind Storm|p1a: Landorus
|-damage|p1a: Landorus|0 fnt
|faint|p1a: Landorus
|-damage|p2a: Tornadus|7/100|[from] item: Life Orb
|
|upkeep
|
|t:|1779854898
|switch|p1a: Darkrai|Darkrai|100/100
|turn|16
|
|t:|1779854901
|switch|p2a: Ting-Lu|Ting-Lu|100/100
|-ability|p2a: Ting-Lu|Vessel of Ruin
|move|p1a: Darkrai|Focus Blast|p2a: Ting-Lu
|-supereffective|p2a: Ting-Lu
|-damage|p2a: Ting-Lu|58/100
|
|-heal|p2a: Ting-Lu|65/100|[from] item: Leftovers
|upkeep
|turn|17
|
|t:|1779854904
|move|p1a: Darkrai|Focus Blast|p2a: Ting-Lu
|-supereffective|p2a: Ting-Lu
|-damage|p2a: Ting-Lu|18/100
|move|p2a: Ting-Lu|Earthquake|p1a: Darkrai
|-damage|p1a: Darkrai|50/100
|
|-heal|p2a: Ting-Lu|24/100|[from] item: Leftovers
|-fieldend|move: Gravity
|upkeep
|turn|18
|
|t:|1779854910
|move|p1a: Darkrai|Ice Beam|p2a: Ting-Lu
|-supereffective|p2a: Ting-Lu
|-damage|p2a: Ting-Lu|0 fnt
|faint|p2a: Ting-Lu
|
|upkeep
|
|t:|1779854912
|switch|p2a: Scizor|Scizor, F|84/100
|turn|19
|
|t:|1779854916
|switch|p1a: Zapdos|Zapdos|100/100
|move|p2a: Scizor|U-turn|p1a: Zapdos
|-resisted|p1a: Zapdos
|-damage|p1a: Zapdos|85/100
|-status|p2a: Scizor|par|[from] ability: Static|[of] p1a: Zapdos
|
|t:|1779854918
|switch|p2a: Raging Bolt|Raging Bolt|100/100|[from] U-turn
|-enditem|p2a: Raging Bolt|Booster Energy
|-activate|p2a: Raging Bolt|ability: Protosynthesis|[fromitem]
|-start|p2a: Raging Bolt|protosynthesisspa
|
|upkeep
|turn|20
|
|t:|1779854923
|switch|p1a: Tyranitar|Tyranitar, M|100/100
|-weather|Sandstorm|[from] ability: Sand Stream|[of] p1a: Tyranitar
|move|p2a: Raging Bolt|Calm Mind|p2a: Raging Bolt
|-boost|p2a: Raging Bolt|spa|1
|-boost|p2a: Raging Bolt|spd|1
|
|-weather|Sandstorm|[upkeep]
|-damage|p2a: Raging Bolt|94/100|[from] Sandstorm
|upkeep
|turn|21
|
|t:|1779854934
|-terastallize|p2a: Raging Bolt|Fairy
|move|p2a: Raging Bolt|Dragon Pulse|p1a: Tyranitar
|-damage|p1a: Tyranitar|57/100
|move|p1a: Tyranitar|Low Kick|p2a: Raging Bolt
|-resisted|p2a: Raging Bolt
|-damage|p2a: Raging Bolt|77/100
|
|-weather|Sandstorm|[upkeep]
|-damage|p2a: Raging Bolt|71/100|[from] Sandstorm
|upkeep
|turn|22
|
|t:|1779854944
|move|p2a: Raging Bolt|Dragon Pulse|p1a: Tyranitar
|-crit|p1a: Tyranitar
|-damage|p1a: Tyranitar|0 fnt
|faint|p1a: Tyranitar
|
|-weather|Sandstorm|[upkeep]
|-damage|p2a: Raging Bolt|64/100|[from] Sandstorm
|upkeep
|
|t:|1779854948
|switch|p1a: Excadrill|Excadrill, M|50/100
|turn|23
|
|t:|1779854955
|-end|p2a: Raging Bolt|Protosynthesis|[silent]
|switch|p2a: Tornadus|Tornadus-Therian, M|40/100
|move|p1a: Excadrill|Iron Head|p2a: Tornadus
|-damage|p2a: Tornadus|0 fnt
|faint|p2a: Tornadus
|
|-weather|Sandstorm|[upkeep]
|upkeep
|
|t:|1779854957
|switch|p2a: Scizor|Scizor, F|84/100 par
|turn|24
|inactive|pinkpriestess3 has 120 seconds left.
|
|t:|1779854995
|switch|p1a: Zapdos|Zapdos|85/100
|cant|p2a: Scizor|par
|
|-weather|Sandstorm|[upkeep]
|-damage|p1a: Zapdos|79/100|[from] Sandstorm
|upkeep
|turn|25
|inactive|pinkpriestess3 has 120 seconds left.
|
|t:|1779855003
|move|p1a: Zapdos|Hurricane|p2a: Scizor
|-damage|p2a: Scizor|26/100 par
|-start|p2a: Scizor|confusion
|-activate|p2a: Scizor|confusion
|-damage|p2a: Scizor|11/100 par|[from] confusion
|
|-weather|Sandstorm|[upkeep]
|-damage|p1a: Zapdos|72/100|[from] Sandstorm
|upkeep
|turn|26
|
|t:|1779855013
|-end|p2a: Scizor|confusion
|move|p2a: Scizor|Bullet Punch|p1a: Zapdos
|-resisted|p1a: Zapdos
|-damage|p1a: Zapdos|58/100
|move|p1a: Zapdos|Hurricane|p2a: Scizor
|-damage|p2a: Scizor|0 fnt
|faint|p2a: Scizor
|
|-weather|Sandstorm|[upkeep]
|-damage|p1a: Zapdos|52/100|[from] Sandstorm
|upkeep
|
|t:|1779855023
|switch|p2a: Raging Bolt|Raging Bolt, tera:Fairy|64/100
|turn|27
|
|t:|1779855026
|move|p2a: Raging Bolt|Dragon Pulse|p1a: Zapdos
|-damage|p1a: Zapdos|4/100
|move|p1a: Zapdos|Hurricane|p2a: Raging Bolt|[miss]
|-miss|p1a: Zapdos|p2a: Raging Bolt
|
|-weather|none
|upkeep
|turn|28
|
|t:|1779855034
|move|p2a: Raging Bolt|Calm Mind|p2a: Raging Bolt
|-boost|p2a: Raging Bolt|spa|1
|-boost|p2a: Raging Bolt|spd|1
|move|p1a: Zapdos|Hurricane|p2a: Raging Bolt
|-damage|p2a: Raging Bolt|33/100
|-start|p2a: Raging Bolt|confusion
|
|upkeep
|turn|29
|
|t:|1779855037
|-activate|p2a: Raging Bolt|confusion
|move|p2a: Raging Bolt|Dragon Pulse|p1a: Zapdos
|-damage|p1a: Zapdos|0 fnt
|faint|p1a: Zapdos
|
|upkeep
|
|t:|1779855039
|switch|p1a: Darkrai|Darkrai|50/100
|turn|30
|
|t:|1779855044
|-activate|p2a: Raging Bolt|confusion
|move|p2a: Raging Bolt|Thunderclap|p1a: Darkrai
|-damage|p1a: Darkrai|0 fnt
|faint|p1a: Darkrai
|
|upkeep
|
|t:|1779855046
|switch|p1a: Excadrill|Excadrill, M|50/100
|turn|31
|
|t:|1779855049
|move|p1a: Excadrill|Iron Head|p2a: Raging Bolt
|-supereffective|p2a: Raging Bolt
|-damage|p2a: Raging Bolt|0 fnt
|faint|p2a: Raging Bolt
|-end|p2a: Raging Bolt|Protosynthesis|[silent]
|
|win|pinkpriestess3
|raw|pinkpriestess3's rating: 1582 &rarr; <strong>1598</strong><br />(+16 for winning)
|raw|bluntsmoker3000's rating: 1512 &rarr; <strong>1496</strong><br />(-16 for losing)
|l|☆bluntsmoker3000
|player|p2|
|l|‽pinkpriestess3
|player|p1|
|l| hgghgbc
|l| pontadebeck
