|j|☆NatsuFirewalk
|j|☆banhquy
|t:|1779956405
|gametype|singles
|player|p1|NatsuFirewalk|pilot|1180
|player|p2|banhquy|roxie|1134
|gen|9
|tier|[Gen 9] OU
|rated|
|rule|HP Percentage Mod: HP is shown in percentages
|rule|Endless Battle Clause: Forcing endless battles is banned
|rule|Species Clause: Limit one of each Pokémon
|rule|OHKO Clause: OHKO moves are banned
|rule|Evasion Items Clause: Evasion items are banned
|rule|Evasion Moves Clause: Evasion moves are banned
|rule|Evasion Abilities Clause: Evasion abilities are banned
|rule|Sleep Moves Clause: Sleep-inducing moves are banned
|clearpoke
|poke|p1|Corviknight, M|
|poke|p1|Garchomp, F|
|poke|p1|Weezing-Galar, M|
|poke|p1|Cinderace, M|
|poke|p1|Keldeo-Resolute|
|poke|p1|Regieleki|
|poke|p2|Blaziken, F|
|poke|p2|Ninetales, F|
|poke|p2|Venusaur, F|
|poke|p2|Charizard, F|
|poke|p2|Walking Wake|
|poke|p2|Ogerpon, F|
|teampreview
|
|t:|1779956426
|teamsize|p1|6
|teamsize|p2|6
|start
|switch|p1a: Gobble|Regieleki|100/100
|switch|p2a: Fox|Ninetales, F|100/100
|-weather|SunnyDay|[from] ability: Drought|[of] p2a: Fox
|turn|1
|
|t:|1779956434
|move|p1a: Gobble|Light Screen|p1a: Gobble
|-sidestart|p1: NatsuFirewalk|move: Light Screen
|move|p2a: Fox|Will-O-Wisp|p1a: Gobble|[miss]
|-miss|p2a: Fox|p1a: Gobble
|
|-weather|SunnyDay|[upkeep]
|upkeep
|turn|2
|
|t:|1779956439
|move|p1a: Gobble|Reflect|p1a: Gobble
|-sidestart|p1: NatsuFirewalk|Reflect
|move|p2a: Fox|Will-O-Wisp|p1a: Gobble
|-status|p1a: Gobble|brn
|
|-weather|SunnyDay|[upkeep]
|-damage|p1a: Gobble|94/100 brn|[from] brn
|upkeep
|turn|3
|
|t:|1779956447
|move|p1a: Gobble|Volt Switch|p2a: Fox
|-damage|p2a: Fox|79/100
|
|t:|1779956450
|switch|p1a: Panzer|Garchomp, F|100/100|[from] Volt Switch
|move|p2a: Fox|Fire Blast|p1a: Panzer
|-resisted|p1a: Panzer
|-crit|p1a: Panzer
|-damage|p1a: Panzer|68/100
|
|-weather|SunnyDay|[upkeep]
|upkeep
|turn|4
|
|t:|1779956458
|move|p1a: Panzer|Stealth Rock|p2a: Fox
|-sidestart|p2: banhquy|move: Stealth Rock
|move|p2a: Fox|Will-O-Wisp|p1a: Panzer
|-status|p1a: Panzer|brn
|
|-weather|SunnyDay|[upkeep]
|-damage|p1a: Panzer|62/100 brn|[from] brn
|upkeep
|turn|5
|
|t:|1779956465
|move|p1a: Panzer|Earthquake|p2a: Fox
|-supereffective|p2a: Fox
|-damage|p2a: Fox|17/100
|move|p2a: Fox|Fire Blast|p1a: Panzer
|-resisted|p1a: Panzer
|-damage|p1a: Panzer|51/100 brn
|
|-weather|SunnyDay|[upkeep]
|-damage|p1a: Panzer|45/100 brn|[from] brn
|upkeep
|turn|6
|
|t:|1779956473
|move|p2a: Fox|Protect|p2a: Fox
|-singleturn|p2a: Fox|Protect
|move|p1a: Panzer|Earthquake|p2a: Fox
|-activate|p2a: Fox|move: Protect
|
|-weather|SunnyDay|[upkeep]
|-damage|p1a: Panzer|38/100 brn|[from] brn
|upkeep
|turn|7
|
|t:|1779956483
|switch|p2a: venu|Venusaur, F, shiny|100/100
|-damage|p2a: venu|88/100|[from] Stealth Rock
|move|p1a: Panzer|Earthquake|p2a: venu
|-damage|p2a: venu|57/100
|
|-weather|SunnyDay|[upkeep]
|-heal|p2a: venu|63/100|[from] item: Leftovers
|-damage|p1a: Panzer|32/100 brn|[from] brn
|upkeep
|turn|8
|
|t:|1779956492
|move|p2a: venu|Growth|p2a: venu
|-boost|p2a: venu|atk|2
|-boost|p2a: venu|spa|2
|move|p1a: Panzer|Dragon Tail|p2a: venu
|-damage|p2a: venu|43/100
|drag|p2a: cha|Charizard, F, shiny|100/100
|-damage|p2a: cha|51/100|[from] Stealth Rock
|
|-weather|none
|-damage|p1a: Panzer|26/100 brn|[from] brn
|-sideend|p1: NatsuFirewalk|move: Light Screen
|upkeep
|turn|9
|
|t:|1779956503
|switch|p1a: Apple Jack|Keldeo-Resolute|100/100
|move|p2a: cha|Air Slash|p1a: Apple Jack
|-supereffective|p1a: Apple Jack
|-damage|p1a: Apple Jack|18/100
|
|-sideend|p1: NatsuFirewalk|Reflect
|upkeep
|turn|10
|
|t:|1779956511
|move|p2a: cha|Air Slash|p1a: Apple Jack
|-supereffective|p1a: Apple Jack
|-damage|p1a: Apple Jack|0 fnt
|faint|p1a: Apple Jack
|
|upkeep
|
|t:|1779956515
|switch|p1a: Gobble|Regieleki|94/100 brn
|turn|11
|
|t:|1779956521
|switch|p2a: Fox|Ninetales, F|17/100
|-damage|p2a: Fox|0 fnt|[from] Stealth Rock
|faint|p2a: Fox
|move|p1a: Gobble|Light Screen|p1a: Gobble
|-sidestart|p1: NatsuFirewalk|move: Light Screen
|
|-damage|p1a: Gobble|88/100 brn|[from] brn
|upkeep
|
|t:|1779956526
|switch|p2a: chick|Blaziken, F, shiny|100/100
|-damage|p2a: chick|88/100|[from] Stealth Rock
|turn|12
|
|t:|1779956531
|move|p1a: Gobble|Reflect|p1a: Gobble
|-sidestart|p1: NatsuFirewalk|Reflect
|move|p2a: chick|Focus Energy|p2a: chick
|-start|p2a: chick|move: Focus Energy
|
|-damage|p1a: Gobble|82/100 brn|[from] brn
|-ability|p2a: chick|Speed Boost|boost
|-boost|p2a: chick|spe|1
|upkeep
|turn|13
|
|t:|1779956540
|move|p1a: Gobble|Thunder|p2a: chick
|-damage|p2a: chick|11/100
|move|p2a: chick|Overheat|p1a: Gobble
|-crit|p1a: Gobble
|-damage|p1a: Gobble|0 fnt
|-unboost|p2a: chick|spa|2
|faint|p1a: Gobble
|
|-ability|p2a: chick|Speed Boost|boost
|-boost|p2a: chick|spe|1
|upkeep
|
|t:|1779956558
|switch|p1a: Sir Konar|Weezing-Galar, M|100/100
|-ability|p1a: Sir Konar|Neutralizing Gas
|-item|p1a: Sir Konar|Air Balloon
|turn|14
|
|t:|1779956566
|-terastallize|p2a: chick|Fire
|move|p2a: chick|Overheat|p1a: Sir Konar
|-crit|p1a: Sir Konar
|-damage|p1a: Sir Konar|0 fnt
|-unboost|p2a: chick|spa|2
|-enditem|p1a: Sir Konar|Air Balloon
|faint|p1a: Sir Konar
|-end|p1a: Sir Konar|ability: Neutralizing Gas
|
|-ability|p2a: chick|Speed Boost|boost
|-boost|p2a: chick|spe|1
|upkeep
|
|t:|1779956576
|switch|p1a: Panzer|Garchomp, F|26/100 brn
|turn|15
|
|t:|1779956580
|move|p2a: chick|Overheat|p1a: Panzer
|-resisted|p1a: Panzer
|-crit|p1a: Panzer
|-damage|p1a: Panzer|0 fnt
|-unboost|p2a: chick|spa|2
|faint|p1a: Panzer
|
|-ability|p2a: chick|Speed Boost|boost
|-boost|p2a: chick|spe|1
|upkeep
|
|t:|1779956587
|switch|p1a: Harper Evans|Cinderace, M|100/100
|turn|16
|
|t:|1779956593
|move|p2a: chick|Upper Hand||[still]
|-fail|p2a: chick
|move|p1a: Harper Evans|Pyro Ball|p2a: chick
|-resisted|p2a: chick
|-damage|p2a: chick|0 fnt
|faint|p2a: chick
|
|upkeep
|
|t:|1779956601
|switch|p2a: Dragon|Walking Wake|100/100
|-damage|p2a: Dragon|88/100|[from] Stealth Rock
|turn|17
|
|t:|1779956605
|move|p2a: Dragon|Hydro Steam|p1a: Harper Evans
|-supereffective|p1a: Harper Evans
|-damage|p1a: Harper Evans|41/100
|move|p1a: Harper Evans|U-turn|p2a: Dragon
|-start|p1a: Harper Evans|typechange|Bug|[from] ability: Libero
|-damage|p2a: Dragon|50/100
|
|t:|1779956612
|switch|p1a: Stark|Corviknight, M, shiny|100/100|[from] U-turn
|-ability|p1a: Stark|Pressure
|
|upkeep
|turn|18
|
|t:|1779956618
|move|p2a: Dragon|Hydro Steam|p1a: Stark
|-damage|p1a: Stark|80/100
|move|p1a: Stark|Brave Bird|p2a: Dragon
|-damage|p2a: Dragon|11/100
|-damage|p1a: Stark|69/100|[from] Recoil
|
|-heal|p1a: Stark|75/100|[from] item: Leftovers
|-sideend|p1: NatsuFirewalk|move: Light Screen
|upkeep
|turn|19
|
|t:|1779956627
|move|p2a: Dragon|Hydro Steam|p1a: Stark
|-damage|p1a: Stark|38/100
|move|p1a: Stark|Brave Bird|p2a: Dragon
|-damage|p2a: Dragon|0 fnt
|faint|p2a: Dragon
|-end|p2a: Dragon|Protosynthesis|[silent]
|-damage|p1a: Stark|35/100|[from] Recoil
|
|-heal|p1a: Stark|41/100|[from] item: Leftovers
|-sideend|p1: NatsuFirewalk|Reflect
|upkeep
|
|t:|1779956631
|switch|p2a: cha|Charizard, F, shiny|51/100
|-damage|p2a: cha|1/100|[from] Stealth Rock
|turn|20
|
|t:|1779956640
|move|p2a: cha|Flamethrower|p1a: Stark
|-supereffective|p1a: Stark
|-damage|p1a: Stark|0 fnt
|faint|p1a: Stark
|
|upkeep
|
|t:|1779956645
|switch|p1a: Harper Evans|Cinderace, M|41/100
|turn|21
|
|t:|1779956650
|-terastallize|p1a: Harper Evans|Fire
|move|p2a: cha|Flamethrower|p1a: Harper Evans
|-resisted|p1a: Harper Evans
|-damage|p1a: Harper Evans|11/100
|move|p1a: Harper Evans|Pyro Ball|p2a: cha
|-resisted|p2a: cha
|-damage|p2a: cha|0 fnt
|faint|p2a: cha
|
|upkeep
|
|t:|1779956654
|switch|p2a: oger|Ogerpon, F|100/100
|-damage|p2a: oger|88/100|[from] Stealth Rock
|turn|22
|
|t:|1779956660
|move|p1a: Harper Evans|Pyro Ball|p2a: oger
|-supereffective|p2a: oger
|-damage|p2a: oger|0 fnt
|faint|p2a: oger
|
|upkeep
|
|t:|1779956662
|switch|p2a: venu|Venusaur, F, shiny|43/100
|-damage|p2a: venu|31/100|[from] Stealth Rock
|turn|23
|
|t:|1779956667
|move|p1a: Harper Evans|Pyro Ball|p2a: venu|[miss]
|-miss|p1a: Harper Evans|p2a: venu
|move|p2a: venu|Sludge Bomb|p1a: Harper Evans
|-damage|p1a: Harper Evans|0 fnt
|faint|p1a: Harper Evans
|
|win|banhquy
|raw|NatsuFirewalk's rating: 1180 &rarr; <strong>1152</strong><br />(-28 for losing)
|raw|banhquy's rating: 1134 &rarr; <strong>1162</strong><br />(+28 for winning)
|c|☆NatsuFirewalk|gg
