|j|☆Yullei
|j|☆nwalesu
|t:|1779877524
|gametype|singles
|player|p1|Yullei|zinnia|1541
|player|p2|nwalesu|pokemaniac|1518
|gen|9
|tier|[Gen 9] OU
|rated|
|rule|HP Percentage Mod: HP is shown in percentages
|rule|Endless Battle Clause: Forcing endless battles is banned
|rule|Species Clause: Limit one of each Pokémon
|rule|OHKO Clause: OHKO moves are banned
|rule|Evasion Items Clause: Evasion items are banned
|rule|Evasion Moves Clause: Evasion moves are banned
|rule|Evasion Abilities Clause: Evasion abilities are banned
|rule|Sleep Moves Clause: Sleep-inducing moves are banned
|clearpoke
|poke|p1|Pelipper, M|
|poke|p1|Raging Bolt|
|poke|p1|Overqwil, F|
|poke|p1|Barraskewda, M|
|poke|p1|Iron Treads|
|poke|p1|Kingambit, M|
|poke|p2|Dragapult, M|
|poke|p2|Rotom-Heat|
|poke|p2|Clodsire, M|
|poke|p2|Mandibuzz, F|
|poke|p2|Dragonite, F|
|poke|p2|Iron Valiant|
|teampreview
|inactive|Battle timer is ON: inactive players will automatically lose when time's up. (requested by nwalesu)
|
|t:|1779877550
|teamsize|p1|6
|teamsize|p2|6
|start
|switch|p1a: cat|Pelipper, M|100/100
|switch|p2a: Cookie maker|Rotom-Heat|100/100
|-weather|RainDance|[from] ability: Drizzle|[of] p1a: cat
|turn|1
|
|t:|1779877559
|switch|p1a: man|Iron Treads|100/100
|-enditem|p1a: man|Booster Energy
|-activate|p1a: man|ability: Quark Drive|[fromitem]
|-start|p1a: man|quarkdrivespe
|move|p2a: Cookie maker|Discharge|p1a: man
|-immune|p1a: man
|
|-weather|RainDance|[upkeep]
|upkeep
|turn|2
|
|t:|1779877564
|move|p1a: man|Stealth Rock|p2a: Cookie maker
|-sidestart|p2: nwalesu|move: Stealth Rock
|move|p2a: Cookie maker|Nasty Plot|p2a: Cookie maker
|-boost|p2a: Cookie maker|spa|2
|
|-weather|RainDance|[upkeep]
|upkeep
|turn|3
|
|t:|1779877574
|-end|p1a: man|Quark Drive|[silent]
|switch|p1a: rabbit|Raging Bolt|100/100
|-enditem|p1a: rabbit|Booster Energy
|-activate|p1a: rabbit|ability: Protosynthesis|[fromitem]
|-start|p1a: rabbit|protosynthesisspa
|move|p2a: Cookie maker|Overheat|p1a: rabbit
|-resisted|p1a: rabbit
|-damage|p1a: rabbit|78/100
|-unboost|p2a: Cookie maker|spa|2
|
|-weather|RainDance|[upkeep]
|upkeep
|turn|4
|
|t:|1779877577
|switch|p2a: Clodsire|Clodsire, M|100/100
|-damage|p2a: Clodsire|94/100|[from] Stealth Rock
|move|p1a: rabbit|Weather Ball|p2a: Clodsire
|-heal|p2a: Clodsire|100/100|[from] ability: Water Absorb|[of] p1a: rabbit
|
|-weather|RainDance|[upkeep]
|upkeep
|turn|5
|
|t:|1779877585
|-end|p1a: rabbit|Protosynthesis|[silent]
|switch|p1a: man|Iron Treads|100/100
|move|p2a: Clodsire|Earthquake|p1a: man
|-supereffective|p1a: man
|-damage|p1a: man|46/100
|
|-weather|RainDance|[upkeep]
|upkeep
|turn|6
|
|t:|1779877592
|switch|p2a: Cookie maker|Rotom-Heat|100/100
|move|p1a: man|Earth Power|p2a: Cookie maker
|-immune|p2a: Cookie maker|[from] ability: Levitate
|
|-weather|RainDance|[upkeep]
|upkeep
|turn|7
|
|t:|1779877598
|-end|p1a: man|Quark Drive|[silent]
|switch|p1a: woman|Kingambit, M, shiny|100/100
|move|p2a: Cookie maker|Overheat|p1a: woman
|-supereffective|p1a: woman
|-damage|p1a: woman|49/100
|-unboost|p2a: Cookie maker|spa|2
|
|-weather|RainDance|[upkeep]
|-heal|p1a: woman|55/100|[from] item: Leftovers
|upkeep
|turn|8
|
|t:|1779877605
|switch|p2a: Mandibuzz|Mandibuzz, F|100/100
|move|p1a: woman|Kowtow Cleave|p2a: Mandibuzz
|-resisted|p2a: Mandibuzz
|-crit|p2a: Mandibuzz
|-damage|p2a: Mandibuzz|79/100
|
|-weather|none
|-heal|p1a: woman|62/100|[from] item: Leftovers
|upkeep
|turn|9
|
|t:|1779877609
|-end|p1a: woman|fallenundefined|[silent]
|switch|p1a: cat|Pelipper, M|100/100
|-weather|RainDance|[from] ability: Drizzle|[of] p1a: cat
|move|p2a: Mandibuzz|U-turn|p1a: cat
|-resisted|p1a: cat
|-damage|p1a: cat|96/100
|
|t:|1779877624
|switch|p2a: Clodsire|Clodsire, M|100/100|[from] U-turn
|-damage|p2a: Clodsire|94/100|[from] Stealth Rock
|
|-weather|RainDance|[upkeep]
|-heal|p2a: Clodsire|100/100|[from] item: Leftovers
|upkeep
|turn|10
|
|t:|1779877628
|move|p1a: cat|Hurricane|p2a: Clodsire
|-damage|p2a: Clodsire|82/100
|-start|p2a: Clodsire|confusion
|-activate|p2a: Clodsire|confusion
|move|p2a: Clodsire|Stealth Rock|p1a: cat
|-sidestart|p1: Yullei|move: Stealth Rock
|
|-weather|RainDance|[upkeep]
|-heal|p2a: Clodsire|89/100|[from] item: Leftovers
|upkeep
|turn|11
|
|t:|1779877634
|switch|p1a: man|Iron Treads|46/100
|-damage|p1a: man|43/100|[from] Stealth Rock
|-activate|p2a: Clodsire|confusion
|move|p2a: Clodsire|Earthquake|p1a: man
|-supereffective|p1a: man
|-damage|p1a: man|0 fnt
|faint|p1a: man
|-end|p1a: man|Quark Drive|[silent]
|
|-weather|RainDance|[upkeep]
|-heal|p2a: Clodsire|95/100|[from] item: Leftovers
|upkeep
|
|t:|1779877650
|switch|p1a: dog|Overqwil, F|100/100
|-damage|p1a: dog|88/100|[from] Stealth Rock
|turn|12
|
|t:|1779877663
|switch|p2a: Mandibuzz|Mandibuzz, F|79/100
|move|p1a: dog|Crunch|p2a: Mandibuzz
|-resisted|p2a: Mandibuzz
|-damage|p2a: Mandibuzz|64/100
|-unboost|p2a: Mandibuzz|def|1
|-damage|p1a: dog|78/100|[from] item: Life Orb
|
|-weather|RainDance|[upkeep]
|upkeep
|turn|13
|inactive|Yullei has 120 seconds left.
|
|t:|1779877699
|switch|p2a: Clodsire|Clodsire, M|95/100
|-damage|p2a: Clodsire|89/100|[from] Stealth Rock
|move|p1a: dog|Gunk Shot|p2a: Clodsire|[miss]
|-miss|p1a: dog|p2a: Clodsire
|
|-weather|RainDance|[upkeep]
|-heal|p2a: Clodsire|95/100|[from] item: Leftovers
|upkeep
|turn|14
|
|t:|1779877709
|move|p1a: dog|Crunch|p2a: Clodsire
|-damage|p2a: Clodsire|34/100
|-damage|p1a: dog|69/100|[from] item: Life Orb
|move|p2a: Clodsire|Earthquake|p1a: dog
|-supereffective|p1a: dog
|-damage|p1a: dog|4/100
|
|-weather|RainDance|[upkeep]
|-heal|p2a: Clodsire|41/100|[from] item: Leftovers
|upkeep
|turn|15
|
|t:|1779877717
|switch|p2a: Mandibuzz|Mandibuzz, F|64/100
|move|p1a: dog|Gunk Shot|p2a: Mandibuzz
|-damage|p2a: Mandibuzz|20/100
|-damage|p1a: dog|0 fnt|[from] item: Life Orb
|faint|p1a: dog
|
|-weather|RainDance|[upkeep]
|upkeep
|
|t:|1779877722
|switch|p1a: e e|Barraskewda, M|100/100
|-damage|p1a: e e|88/100|[from] Stealth Rock
|turn|16
|
|t:|1779877726
|switch|p2a: Clodsire|Clodsire, M|41/100
|-damage|p2a: Clodsire|34/100|[from] Stealth Rock
|move|p1a: e e|Close Combat|p2a: Clodsire
|-resisted|p2a: Clodsire
|-damage|p2a: Clodsire|0 fnt
|-unboost|p1a: e e|def|1
|-unboost|p1a: e e|spd|1
|faint|p2a: Clodsire
|
|-weather|none
|upkeep
|
|t:|1779877737
|switch|p2a: Dragonite|Dragonite, F|100/100
|turn|17
|
|t:|1779877742
|switch|p1a: woman|Kingambit, M, shiny|62/100
|-damage|p1a: woman|55/100|[from] Stealth Rock
|-activate|p1a: woman|ability: Supreme Overlord
|-start|p1a: woman|fallen2|[silent]
|move|p2a: Dragonite|Dragon Dance|p2a: Dragonite
|-boost|p2a: Dragonite|atk|1
|-boost|p2a: Dragonite|spe|1
|
|-heal|p1a: woman|62/100|[from] item: Leftovers
|upkeep
|turn|18
|
|t:|1779877749
|move|p1a: woman|Sucker Punch|p2a: Dragonite
|-damage|p2a: Dragonite|74/100
|move|p2a: Dragonite|Fire Punch|p1a: woman
|-supereffective|p1a: woman
|-damage|p1a: woman|0 fnt
|faint|p1a: woman
|-end|p1a: woman|fallen2|[silent]
|
|upkeep
|
|t:|1779877755
|switch|p1a: cat|Pelipper, M|96/100
|-damage|p1a: cat|72/100|[from] Stealth Rock
|-weather|RainDance|[from] ability: Drizzle|[of] p1a: cat
|turn|19
|
|t:|1779877772
|switch|p2a: Mandibuzz|Mandibuzz, F|20/100
|move|p1a: cat|U-turn|p2a: Mandibuzz
|-damage|p2a: Mandibuzz|15/100
|
|t:|1779877775
|switch|p1a: e e|Barraskewda, M|88/100|[from] U-turn
|-damage|p1a: e e|75/100|[from] Stealth Rock
|
|-weather|RainDance|[upkeep]
|upkeep
|turn|20
|
|t:|1779877783
|move|p1a: e e|Liquidation|p2a: Mandibuzz
|-damage|p2a: Mandibuzz|0 fnt
|faint|p2a: Mandibuzz
|
|-weather|RainDance|[upkeep]
|upkeep
|
|t:|1779877787
|switch|p2a: Dragonite|Dragonite, F|74/100
|turn|21
|
|t:|1779877789
|-terastallize|p1a: e e|Water
|-terastallize|p2a: Dragonite|Normal
|move|p2a: Dragonite|Extreme Speed|p1a: e e
|-damage|p1a: e e|0 fnt
|faint|p1a: e e
|
|-weather|RainDance|[upkeep]
|upkeep
|
|t:|1779877797
|switch|p1a: rabbit|Raging Bolt|78/100
|-damage|p1a: rabbit|65/100|[from] Stealth Rock
|turn|22
|
|t:|1779877800
|move|p2a: Dragonite|Earthquake|p1a: rabbit
|-supereffective|p1a: rabbit
|-damage|p1a: rabbit|0 fnt
|faint|p1a: rabbit
|-end|p1a: rabbit|Protosynthesis|[silent]
|
|-weather|RainDance|[upkeep]
|upkeep
|-message|Yullei forfeited.
|
|win|nwalesu
|raw|Yullei's rating: 1541 &rarr; <strong>1520</strong><br />(-21 for losing)
|raw|nwalesu's rating: 1518 &rarr; <strong>1539</strong><br />(+21 for winning)
|l|☆Yullei
|player|p1|
|l|☆nwalesu
|player|p2|
