|j|☆Hevrt
|j|☆Bencarote
|t:|1779907853
|gametype|singles
|player|p1|Hevrt|bruno|1323
|player|p2|Bencarote|170|1348
|gen|9
|tier|[Gen 9] OU
|rated|
|rule|HP Percentage Mod: HP is shown in percentages
|rule|Endless Battle Clause: Forcing endless battles is banned
|rule|Species Clause: Limit one of each Pokémon
|rule|OHKO Clause: OHKO moves are banned
|rule|Evasion Items Clause: Evasion items are banned
|rule|Evasion Moves Clause: Evasion moves are banned
|rule|Evasion Abilities Clause: Evasion abilities are banned
|rule|Sleep Moves Clause: Sleep-inducing moves are banned
|clearpoke
|poke|p1|Ribombee, F|
|poke|p1|Lokix, F|
|poke|p1|Great Tusk|
|poke|p1|Raging Bolt|
|poke|p1|Gholdengo|
|poke|p1|Iron Moth|
|poke|p2|Tyranitar, M|
|poke|p2|Excadrill, M|
|poke|p2|Great Tusk|
|poke|p2|Lycanroc, M|
|poke|p2|Gliscor, M|
|poke|p2|Gholdengo|
|teampreview
|inactive|Battle timer is ON: inactive players will automatically lose when time's up. (requested by Hevrt)
|
|t:|1779907872
|teamsize|p1|6
|teamsize|p2|6
|start
|switch|p1a: Ribombee|Ribombee, F|100/100
|switch|p2a: I suck lol|Lycanroc, M|100/100
|turn|1
|
|t:|1779907888
|move|p1a: Ribombee|Stun Spore|p2a: I suck lol
|-status|p2a: I suck lol|par
|move|p2a: I suck lol|Stone Edge|p1a: Ribombee
|-supereffective|p1a: Ribombee
|-enditem|p1a: Ribombee|Focus Sash
|-damage|p1a: Ribombee|1/100
|
|upkeep
|turn|2
|
|t:|1779907895
|cant|p2a: I suck lol|par
|move|p1a: Ribombee|Sticky Web|p2a: I suck lol
|-sidestart|p2: Bencarote|move: Sticky Web
|
|upkeep
|turn|3
|
|t:|1779907900
|move|p2a: I suck lol|Accelerock|p1a: Ribombee
|-supereffective|p1a: Ribombee
|-damage|p1a: Ribombee|0 fnt
|faint|p1a: Ribombee
|
|upkeep
|inactive|Hevrt has 120 seconds left.
|
|t:|1779907932
|switch|p1a: Gholdengo|Gholdengo|100/100
|-item|p1a: Gholdengo|Air Balloon
|turn|4
|
|t:|1779907951
|move|p2a: I suck lol|Accelerock|p1a: Gholdengo
|-resisted|p1a: Gholdengo
|-crit|p1a: Gholdengo
|-damage|p1a: Gholdengo|84/100
|-enditem|p1a: Gholdengo|Air Balloon
|move|p1a: Gholdengo|Nasty Plot|p1a: Gholdengo
|-boost|p1a: Gholdengo|spa|2
|
|upkeep
|turn|5
|
|t:|1779907962
|switch|p2a: Big daddy|Tyranitar, M, shiny|100/100
|-activate|p2a: Big daddy|move: Sticky Web
|-unboost|p2a: Big daddy|spe|1
|-weather|Sandstorm|[from] ability: Sand Stream|[of] p2a: Big daddy
|move|p1a: Gholdengo|Shadow Ball|p2a: Big daddy
|-resisted|p2a: Big daddy
|-damage|p2a: Big daddy|80/100
|-unboost|p2a: Big daddy|spd|1
|
|-weather|Sandstorm|[upkeep]
|upkeep
|turn|6
|
|t:|1779907973
|switch|p2a: Gen 9|Gholdengo|100/100
|-activate|p2a: Gen 9|move: Sticky Web
|-unboost|p2a: Gen 9|spe|1
|move|p1a: Gholdengo|Dazzling Gleam|p2a: Gen 9
|-resisted|p2a: Gen 9
|-damage|p2a: Gen 9|69/100
|
|-weather|Sandstorm|[upkeep]
|upkeep
|turn|7
|
|t:|1779907982
|move|p1a: Gholdengo|Shadow Ball|p2a: Gen 9
|-supereffective|p2a: Gen 9
|-damage|p2a: Gen 9|0 fnt
|faint|p2a: Gen 9
|
|-weather|Sandstorm|[upkeep]
|upkeep
|
|t:|1779907986
|switch|p2a: Lowtier speedster|Excadrill, M|100/100
|-activate|p2a: Lowtier speedster|move: Sticky Web
|-unboost|p2a: Lowtier speedster|spe|1
|turn|8
|inactive|Hevrt has 120 seconds left.
|
|t:|1779908019
|-terastallize|p1a: Gholdengo|Fairy
|move|p2a: Lowtier speedster|Earthquake|p1a: Gholdengo
|-damage|p1a: Gholdengo|15/100
|move|p1a: Gholdengo|Shadow Ball|p2a: Lowtier speedster
|-enditem|p2a: Lowtier speedster|Focus Sash
|-damage|p2a: Lowtier speedster|1/100
|
|-weather|Sandstorm|[upkeep]
|-damage|p1a: Gholdengo|9/100|[from] Sandstorm
|upkeep
|turn|9
|inactive|Hevrt has 120 seconds left.
|
|t:|1779908033
|move|p2a: Lowtier speedster|Iron Head|p1a: Gholdengo
|-supereffective|p1a: Gholdengo
|-damage|p1a: Gholdengo|0 fnt
|faint|p1a: Gholdengo
|
|-weather|Sandstorm|[upkeep]
|upkeep
|inactive|Hevrt has 120 seconds left.
|
|t:|1779908055
|switch|p1a: Lokix|Lokix, F|100/100
|turn|10
|
|t:|1779908061
|switch|p2a: La casa|Great Tusk|100/100
|-activate|p2a: La casa|move: Sticky Web
|-unboost|p2a: La casa|spe|1
|move|p1a: Lokix|Sucker Punch||[still]
|-fail|p1a: Lokix
|
|-weather|Sandstorm|[upkeep]
|-damage|p1a: Lokix|94/100|[from] Sandstorm
|upkeep
|turn|11
|inactive|Hevrt has 120 seconds left.
|
|t:|1779908081
|move|p1a: Lokix|Knock Off|p2a: La casa
|-resisted|p2a: La casa
|-damage|p2a: La casa|56/100
|-damage|p1a: Lokix|78/100|[from] item: Rocky Helmet|[of] p2a: La casa
|-enditem|p2a: La casa|Rocky Helmet|[from] move: Knock Off|[of] p1a: Lokix
|-damage|p1a: Lokix|68/100|[from] item: Life Orb
|move|p2a: La casa|Rapid Spin|p1a: Lokix
|-damage|p1a: Lokix|43/100
|-boost|p2a: La casa|spe|1
|-sideend|p2: Bencarote|Sticky Web|[from] move: Rapid Spin|[of] p2a: La casa
|
|-weather|Sandstorm|[upkeep]
|-damage|p1a: Lokix|37/100|[from] Sandstorm
|upkeep
|turn|12
|
|t:|1779908100
|move|p2a: La casa|Rapid Spin|p1a: Lokix
|-damage|p1a: Lokix|13/100
|-boost|p2a: La casa|spe|1
|move|p1a: Lokix|Leech Life|p2a: La casa
|-resisted|p2a: La casa
|-crit|p2a: La casa
|-damage|p2a: La casa|0 fnt
|-heal|p1a: Lokix|49/100|[from] drain|[of] p2a: La casa
|faint|p2a: La casa
|-end|p2a: La casa|Protosynthesis|[silent]
|-damage|p1a: Lokix|39/100|[from] item: Life Orb
|
|-weather|none
|upkeep
|
|t:|1779908109
|switch|p2a: Big daddy|Tyranitar, M, shiny|80/100
|-weather|Sandstorm|[from] ability: Sand Stream|[of] p2a: Big daddy
|turn|13
|
|t:|1779908119
|move|p1a: Lokix|Leech Life|p2a: Big daddy
|-supereffective|p2a: Big daddy
|-damage|p2a: Big daddy|17/100
|-heal|p1a: Lokix|84/100|[from] drain|[of] p2a: Big daddy
|-damage|p1a: Lokix|74/100|[from] item: Life Orb
|move|p2a: Big daddy|Knock Off|p1a: Lokix
|-resisted|p1a: Lokix
|-damage|p1a: Lokix|41/100
|-enditem|p1a: Lokix|Life Orb|[from] move: Knock Off|[of] p2a: Big daddy
|
|-weather|Sandstorm|[upkeep]
|-damage|p1a: Lokix|35/100|[from] Sandstorm
|upkeep
|turn|14
|inactive|Hevrt has 120 seconds left.
|inactive|Hevrt has 90 seconds left.
|c|☆Bencarote|Joue
|c|☆Bencarote|mec
|
|t:|1779908178
|switch|p2a: Coucou|Gliscor, M|100/100
|move|p1a: Lokix|Leech Life|p2a: Coucou
|-resisted|p2a: Coucou
|-damage|p2a: Coucou|77/100
|-heal|p1a: Lokix|50/100|[from] drain|[of] p2a: Coucou
|
|-weather|Sandstorm|[upkeep]
|-damage|p1a: Lokix|44/100|[from] Sandstorm
|-status|p2a: Coucou|tox|[from] item: Toxic Orb
|upkeep
|turn|15
|
|t:|1779908193
|move|p1a: Lokix|Knock Off|p2a: Coucou
|-damage|p2a: Coucou|47/100 tox
|-enditem|p2a: Coucou|Toxic Orb|[from] move: Knock Off|[of] p1a: Lokix
|move|p2a: Coucou|Toxic|p1a: Lokix
|-status|p1a: Lokix|tox
|
|-weather|Sandstorm|[upkeep]
|-damage|p1a: Lokix|38/100 tox|[from] Sandstorm
|-damage|p1a: Lokix|32/100 tox|[from] psn
|-heal|p2a: Coucou|60/100 tox|[from] ability: Poison Heal
|upkeep
|turn|16
|
|t:|1779908205
|move|p1a: Lokix|Leech Life|p2a: Coucou
|-resisted|p2a: Coucou
|-damage|p2a: Coucou|36/100 tox
|-heal|p1a: Lokix|47/100 tox|[from] drain|[of] p2a: Coucou
|move|p2a: Coucou|U-turn|p1a: Lokix
|-supereffective|p1a: Lokix
|-damage|p1a: Lokix|1/100 tox
|
|t:|1779908212
|switch|p2a: Lowtier speedster|Excadrill, M|1/100|[from] U-turn
|
|-weather|Sandstorm|[upkeep]
|-damage|p1a: Lokix|0 fnt|[from] Sandstorm
|faint|p1a: Lokix
|upkeep
|inactive|Hevrt has 60 seconds left.
|
|t:|1779908234
|switch|p1a: Great Tusk|Great Tusk|100/100
|-enditem|p1a: Great Tusk|Booster Energy
|-activate|p1a: Great Tusk|ability: Protosynthesis|[fromitem]
|-start|p1a: Great Tusk|protosynthesisatk
|turn|17
|inactive|Hevrt has 60 seconds left.
|
|t:|1779908242
|move|p2a: Lowtier speedster|Iron Head|p1a: Great Tusk
|-damage|p1a: Great Tusk|68/100
|move|p1a: Great Tusk|Rapid Spin|p2a: Lowtier speedster
|-resisted|p2a: Lowtier speedster
|-damage|p2a: Lowtier speedster|0 fnt
|-boost|p1a: Great Tusk|spe|1
|faint|p2a: Lowtier speedster
|
|-weather|Sandstorm|[upkeep]
|upkeep
|
|t:|1779908247
|switch|p2a: Coucou|Gliscor, M|36/100 tox
|turn|18
|
|t:|1779908255
|move|p2a: Coucou|Protect|p2a: Coucou
|-singleturn|p2a: Coucou|Protect
|move|p1a: Great Tusk|Head Smash|p2a: Coucou
|-activate|p2a: Coucou|move: Protect
|
|-weather|Sandstorm|[upkeep]
|-heal|p2a: Coucou|48/100 tox|[from] ability: Poison Heal
|upkeep
|turn|19
|
|t:|1779908263
|move|p1a: Great Tusk|Head Smash|p2a: Coucou
|-damage|p2a: Coucou|9/100 tox
|-damage|p1a: Great Tusk|49/100|[from] Recoil
|move|p2a: Coucou|Toxic|p1a: Great Tusk
|-status|p1a: Great Tusk|tox
|
|-weather|Sandstorm|[upkeep]
|-damage|p1a: Great Tusk|43/100 tox|[from] psn
|-heal|p2a: Coucou|21/100 tox|[from] ability: Poison Heal
|upkeep
|turn|20
|
|t:|1779908282
|move|p2a: Coucou|Protect|p2a: Coucou
|-singleturn|p2a: Coucou|Protect
|move|p1a: Great Tusk|Close Combat|p2a: Coucou
|-activate|p2a: Coucou|move: Protect
|
|-weather|none
|-damage|p1a: Great Tusk|31/100 tox|[from] psn
|-heal|p2a: Coucou|34/100 tox|[from] ability: Poison Heal
|upkeep
|turn|21
|
|t:|1779908295
|move|p1a: Great Tusk|Head Smash|p2a: Coucou
|-damage|p2a: Coucou|0 fnt
|faint|p2a: Coucou
|-damage|p1a: Great Tusk|15/100 tox|[from] Recoil
|
|-damage|p1a: Great Tusk|0 fnt|[from] psn
|faint|p1a: Great Tusk
|-end|p1a: Great Tusk|Protosynthesis|[silent]
|upkeep
|inactive|Hevrt has 60 seconds left.
|c|☆Hevrt|c bon ?
|c|☆Hevrt|J'ai assez joué ?
|
|t:|1779908330
|switch|p1a: Raging Bolt|Raging Bolt|100/100
|switch|p2a: Big daddy|Tyranitar, M, shiny|17/100
|-weather|Sandstorm|[from] ability: Sand Stream|[of] p2a: Big daddy
|-enditem|p1a: Raging Bolt|Booster Energy
|-activate|p1a: Raging Bolt|ability: Protosynthesis|[fromitem]
|-start|p1a: Raging Bolt|protosynthesisspa
|turn|22
|
|t:|1779908340
|move|p1a: Raging Bolt|Thunderclap|p2a: Big daddy
|-damage|p2a: Big daddy|0 fnt
|faint|p2a: Big daddy
|
|-weather|Sandstorm|[upkeep]
|-damage|p1a: Raging Bolt|94/100|[from] Sandstorm
|upkeep
|
|t:|1779908343
|switch|p2a: I suck lol|Lycanroc, M|100/100 par
|turn|23
|inactive|Hevrt has 60 seconds left.
|
|t:|1779908358
|-terastallize|p2a: I suck lol|Stellar
|move|p2a: I suck lol|Stone Edge|p1a: Raging Bolt
|-damage|p1a: Raging Bolt|29/100
|move|p1a: Raging Bolt|Calm Mind|p1a: Raging Bolt
|-boost|p1a: Raging Bolt|spa|1
|-boost|p1a: Raging Bolt|spd|1
|
|-weather|Sandstorm|[upkeep]
|-damage|p1a: Raging Bolt|23/100|[from] Sandstorm
|upkeep
|turn|24
|inactive|Hevrt has 60 seconds left.
|
|t:|1779908377
|move|p2a: I suck lol|Accelerock|p1a: Raging Bolt
|-damage|p1a: Raging Bolt|3/100
|move|p1a: Raging Bolt|Thunderclap||[still]
|-fail|p1a: Raging Bolt
|
|-weather|Sandstorm|[upkeep]
|-damage|p1a: Raging Bolt|0 fnt|[from] Sandstorm
|faint|p1a: Raging Bolt
|-end|p1a: Raging Bolt|Protosynthesis|[silent]
|upkeep
|
|t:|1779908384
|switch|p1a: Iron Moth|Iron Moth|100/100
|-enditem|p1a: Iron Moth|Booster Energy
|-activate|p1a: Iron Moth|ability: Quark Drive|[fromitem]
|-start|p1a: Iron Moth|quarkdrivespa
|turn|25
|
|t:|1779908397
|move|p1a: Iron Moth|Energy Ball|p2a: I suck lol
|-supereffective|p2a: I suck lol
|-enditem|p2a: I suck lol|Focus Sash
|-damage|p2a: I suck lol|1/100 par
|move|p2a: I suck lol|Stone Edge|p1a: Iron Moth
|-supereffective|p1a: Iron Moth
|-damage|p1a: Iron Moth|0 fnt
|faint|p1a: Iron Moth
|-end|p1a: Iron Moth|Quark Drive|[silent]
|
|win|Bencarote
|raw|Hevrt's rating: 1323 &rarr; <strong>1304</strong><br />(-19 for losing)
|raw|Bencarote's rating: 1348 &rarr; <strong>1367</strong><br />(+19 for winning)
|l|☆Hevrt
|player|p1|
|c|☆Bencarote|Gg
|l|☆Bencarote
|player|p2|
