|j|☆serial 01216
|j|☆tauros3
|t:|1779895383
|gametype|singles
|player|p1|serial 01216|1|1560
|player|p2|tauros3|swimmer-gen4dp|1548
|gen|9
|tier|[Gen 9] OU
|rated|
|rule|HP Percentage Mod: HP is shown in percentages
|rule|Endless Battle Clause: Forcing endless battles is banned
|rule|Species Clause: Limit one of each Pokémon
|rule|OHKO Clause: OHKO moves are banned
|rule|Evasion Items Clause: Evasion items are banned
|rule|Evasion Moves Clause: Evasion moves are banned
|rule|Evasion Abilities Clause: Evasion abilities are banned
|rule|Sleep Moves Clause: Sleep-inducing moves are banned
|clearpoke
|poke|p1|Raging Bolt|
|poke|p1|Iron Treads|
|poke|p1|Manaphy|
|poke|p1|Ninetales-Alola, M|
|poke|p1|Dragonite, F|
|poke|p1|Scizor, F|
|poke|p2|Rillaboom, F|
|poke|p2|Ogerpon-Wellspring, F|
|poke|p2|Tauros-Paldea-Blaze, M|
|poke|p2|Muk-Alola, F|
|poke|p2|Raging Bolt|
|poke|p2|Iron Treads|
|teampreview
|inactive|Battle timer is ON: inactive players will automatically lose when time's up. (requested by tauros3)
|
|t:|1779895397
|teamsize|p1|6
|teamsize|p2|6
|start
|switch|p1a: Ninetales|Ninetales-Alola, M|100/100
|switch|p2a: Summer Shandy|Rillaboom, F|100/100
|-weather|Snowscape|[from] ability: Snow Warning|[of] p1a: Ninetales
|-fieldstart|move: Grassy Terrain|[from] ability: Grassy Surge|[of] p2a: Summer Shandy
|turn|1
|
|t:|1779895405
|move|p1a: Ninetales|Aurora Veil|p1a: Ninetales
|-sidestart|p1: serial 01216|move: Aurora Veil
|move|p2a: Summer Shandy|Knock Off|p1a: Ninetales
|-resisted|p1a: Ninetales
|-damage|p1a: Ninetales|93/100
|-enditem|p1a: Ninetales|Light Clay|[from] move: Knock Off|[of] p2a: Summer Shandy
|
|-weather|Snowscape|[upkeep]
|-heal|p1a: Ninetales|99/100|[from] Grassy Terrain
|upkeep
|turn|2
|
|t:|1779895410
|switch|p2a: Plastic Flowers|Iron Treads|100/100
|-enditem|p2a: Plastic Flowers|Booster Energy
|-activate|p2a: Plastic Flowers|ability: Quark Drive|[fromitem]
|-start|p2a: Plastic Flowers|quarkdrivespe
|move|p1a: Ninetales|Freeze-Dry|p2a: Plastic Flowers
|-damage|p2a: Plastic Flowers|67/100
|-status|p2a: Plastic Flowers|frz
|
|-weather|Snowscape|[upkeep]
|-heal|p2a: Plastic Flowers|73/100 frz|[from] Grassy Terrain
|-heal|p1a: Ninetales|100/100|[from] Grassy Terrain
|upkeep
|turn|3
|j| Kakimori
|
|t:|1779895423
|switch|p1a: Dragonite|Dragonite, F|100/100
|-curestatus|p2a: Plastic Flowers|frz|[msg]
|move|p2a: Plastic Flowers|Stealth Rock|p1a: Dragonite
|-sidestart|p1: serial 01216|move: Stealth Rock
|
|-weather|Snowscape|[upkeep]
|-heal|p2a: Plastic Flowers|79/100|[from] Grassy Terrain
|upkeep
|turn|4
|
|t:|1779895439
|-end|p2a: Plastic Flowers|Quark Drive|[silent]
|switch|p2a: The Plan|Tauros-Paldea-Blaze, M|100/100
|-ability|p2a: The Plan|Intimidate|boost
|-unboost|p1a: Dragonite|atk|1
|-terastallize|p1a: Dragonite|Fire
|move|p1a: Dragonite|Encore||[still]
|-fail|p1a: Dragonite
|
|-weather|Snowscape|[upkeep]
|upkeep
|turn|5
|
|t:|1779895447
|move|p1a: Dragonite|Dragon Dance|p1a: Dragonite
|-boost|p1a: Dragonite|atk|1
|-boost|p1a: Dragonite|spe|1
|move|p2a: The Plan|Raging Bull|p1a: Dragonite
|-sideend|p1: serial 01216|move: Aurora Veil
|-resisted|p1a: Dragonite
|-damage|p1a: Dragonite|91/100
|
|-weather|none
|-heal|p1a: Dragonite|97/100|[from] Grassy Terrain
|upkeep
|turn|6
|
|t:|1779895455
|move|p1a: Dragonite|Dragon Dance|p1a: Dragonite
|-boost|p1a: Dragonite|atk|1
|-boost|p1a: Dragonite|spe|1
|move|p2a: The Plan|Body Press|p1a: Dragonite
|-damage|p1a: Dragonite|57/100
|
|-heal|p1a: Dragonite|63/100|[from] Grassy Terrain
|upkeep
|turn|7
|
|t:|1779895462
|move|p1a: Dragonite|Dragon Dance|p1a: Dragonite
|-boost|p1a: Dragonite|atk|1
|-boost|p1a: Dragonite|spe|1
|move|p2a: The Plan|Body Press|p1a: Dragonite
|-damage|p1a: Dragonite|18/100
|
|-heal|p1a: Dragonite|24/100|[from] Grassy Terrain
|upkeep
|turn|8
|
|t:|1779895465
|move|p1a: Dragonite|Scale Shot|p2a: The Plan
|-damage|p2a: The Plan|80/100
|-damage|p2a: The Plan|62/100
|-damage|p2a: The Plan|42/100
|-damage|p2a: The Plan|22/100
|-hitcount|p2a: The Plan|4
|-unboost|p1a: Dragonite|def|1
|-boost|p1a: Dragonite|spe|1
|move|p2a: The Plan|Body Press|p1a: Dragonite
|-damage|p1a: Dragonite|0 fnt
|faint|p1a: Dragonite
|
|-heal|p2a: The Plan|28/100|[from] Grassy Terrain
|-heal|p2a: The Plan|34/100|[from] item: Leftovers
|-fieldend|move: Grassy Terrain
|upkeep
|
|t:|1779895472
|switch|p1a: Iron Treads|Iron Treads|100/100
|-damage|p1a: Iron Treads|97/100|[from] Stealth Rock
|-enditem|p1a: Iron Treads|Booster Energy
|-activate|p1a: Iron Treads|ability: Quark Drive|[fromitem]
|-start|p1a: Iron Treads|quarkdrivespe
|turn|9
|
|t:|1779895482
|switch|p2a: Plastic Flowers|Iron Treads|79/100
|move|p1a: Iron Treads|Earthquake|p2a: Plastic Flowers
|-supereffective|p2a: Plastic Flowers
|-damage|p2a: Plastic Flowers|0 fnt
|faint|p2a: Plastic Flowers
|-end|p2a: Plastic Flowers|Quark Drive|[silent]
|
|upkeep
|
|t:|1779895486
|switch|p2a: HELP|Ogerpon-Wellspring, F|100/100
|turn|10
|
|t:|1779895490
|move|p1a: Iron Treads|Rapid Spin|p2a: HELP
|-damage|p2a: HELP|80/100
|-boost|p1a: Iron Treads|spe|1
|-sideend|p1: serial 01216|Stealth Rock|[from] move: Rapid Spin|[of] p1a: Iron Treads
|move|p2a: HELP|Ivy Cudgel|p1a: Iron Treads|[anim] Ivy Cudgel Water
|-supereffective|p1a: Iron Treads
|-damage|p1a: Iron Treads|0 fnt
|faint|p1a: Iron Treads
|-end|p1a: Iron Treads|Quark Drive|[silent]
|
|upkeep
|
|t:|1779895493
|switch|p1a: Scizor|Scizor, F|100/100
|turn|11
|
|t:|1779895497
|switch|p2a: The Plan|Tauros-Paldea-Blaze, M|34/100
|-ability|p2a: The Plan|Intimidate|boost
|-unboost|p1a: Scizor|atk|1
|move|p1a: Scizor|U-turn|p2a: The Plan
|-resisted|p2a: The Plan
|-damage|p2a: The Plan|30/100
|
|t:|1779895501
|switch|p1a: Ninetales|Ninetales-Alola, M|100/100|[from] U-turn
|-weather|Snowscape|[from] ability: Snow Warning|[of] p1a: Ninetales
|
|-weather|Snowscape|[upkeep]
|-heal|p2a: The Plan|36/100|[from] item: Leftovers
|upkeep
|turn|12
|
|t:|1779895506
|switch|p2a: 2YL|Muk-Alola, F|100/100
|move|p1a: Ninetales|Aurora Veil|p1a: Ninetales
|-sidestart|p1: serial 01216|move: Aurora Veil
|
|-weather|Snowscape|[upkeep]
|upkeep
|turn|13
|
|t:|1779895512
|switch|p1a: Scizor|Scizor, F|100/100
|move|p2a: 2YL|Knock Off|p1a: Scizor
|-damage|p1a: Scizor|82/100
|-enditem|p1a: Scizor|Leftovers|[from] move: Knock Off|[of] p2a: 2YL
|
|-weather|Snowscape|[upkeep]
|upkeep
|turn|14
|
|t:|1779895516
|switch|p2a: The Plan|Tauros-Paldea-Blaze, M|36/100
|-ability|p2a: The Plan|Intimidate|boost
|-unboost|p1a: Scizor|atk|1
|move|p1a: Scizor|Swords Dance|p1a: Scizor
|-boost|p1a: Scizor|atk|2
|
|-weather|Snowscape|[upkeep]
|-heal|p2a: The Plan|42/100|[from] item: Leftovers
|upkeep
|turn|15
|
|t:|1779895523
|switch|p1a: Manaphy|Manaphy|100/100
|move|p2a: The Plan|Raging Bull|p1a: Manaphy
|-sideend|p1: serial 01216|move: Aurora Veil
|-resisted|p1a: Manaphy
|-damage|p1a: Manaphy|85/100
|
|-weather|none
|-heal|p1a: Manaphy|91/100|[from] item: Leftovers
|-heal|p2a: The Plan|49/100|[from] item: Leftovers
|upkeep
|turn|16
|
|t:|1779895530
|switch|p2a: 2YL|Muk-Alola, F|100/100
|move|p1a: Manaphy|Take Heart|p1a: Manaphy
|-boost|p1a: Manaphy|spa|1
|-boost|p1a: Manaphy|spd|1
|
|-heal|p1a: Manaphy|97/100|[from] item: Leftovers
|upkeep
|turn|17
|
|t:|1779895532
|move|p1a: Manaphy|Take Heart|p1a: Manaphy
|-boost|p1a: Manaphy|spa|1
|-boost|p1a: Manaphy|spd|1
|move|p2a: 2YL|Knock Off|p1a: Manaphy
|-crit|p1a: Manaphy
|-damage|p1a: Manaphy|51/100
|-enditem|p1a: Manaphy|Leftovers|[from] move: Knock Off|[of] p2a: 2YL
|
|upkeep
|turn|18
|
|t:|1779895538
|move|p1a: Manaphy|Take Heart|p1a: Manaphy
|-boost|p1a: Manaphy|spa|1
|-boost|p1a: Manaphy|spd|1
|move|p2a: 2YL|Poison Jab|p1a: Manaphy
|-damage|p1a: Manaphy|23/100
|-status|p1a: Manaphy|psn|[from] ability: Poison Touch|[of] p2a: 2YL
|
|-damage|p1a: Manaphy|11/100 psn|[from] psn
|upkeep
|turn|19
|
|t:|1779895541
|move|p2a: 2YL|Shadow Sneak|p1a: Manaphy
|-damage|p1a: Manaphy|1/100 psn
|move|p1a: Manaphy|Scald|p2a: 2YL
|-damage|p2a: 2YL|65/100
|
|-damage|p1a: Manaphy|0 fnt|[from] psn
|faint|p1a: Manaphy
|upkeep
|
|t:|1779895550
|switch|p1a: Scizor|Scizor, F|82/100
|turn|20
|
|t:|1779895553
|switch|p2a: The Plan|Tauros-Paldea-Blaze, M|49/100
|-ability|p2a: The Plan|Intimidate|boost
|-unboost|p1a: Scizor|atk|1
|move|p1a: Scizor|Swords Dance|p1a: Scizor
|-boost|p1a: Scizor|atk|2
|
|-heal|p2a: The Plan|55/100|[from] item: Leftovers
|upkeep
|turn|21
|
|t:|1779895556
|move|p1a: Scizor|Bullet Punch|p2a: The Plan
|-resisted|p2a: The Plan
|-damage|p2a: The Plan|38/100
|move|p2a: The Plan|Will-O-Wisp|p1a: Scizor
|-status|p1a: Scizor|brn
|
|-heal|p2a: The Plan|45/100|[from] item: Leftovers
|-damage|p1a: Scizor|75/100 brn|[from] brn
|upkeep
|turn|22
|
|t:|1779895567
|move|p2a: The Plan|Bulk Up|p2a: The Plan
|-boost|p2a: The Plan|atk|1
|-boost|p2a: The Plan|def|1
|move|p1a: Scizor|U-turn|p2a: The Plan
|-resisted|p2a: The Plan
|-damage|p2a: The Plan|41/100
|
|t:|1779895571
|switch|p1a: Ninetales|Ninetales-Alola, M|100/100|[from] U-turn
|-weather|Snowscape|[from] ability: Snow Warning|[of] p1a: Ninetales
|
|-weather|Snowscape|[upkeep]
|-heal|p2a: The Plan|48/100|[from] item: Leftovers
|upkeep
|turn|23
|
|t:|1779895574
|move|p1a: Ninetales|Encore|p2a: The Plan
|-start|p2a: The Plan|Encore
|move|p2a: The Plan|Bulk Up|p2a: The Plan
|-boost|p2a: The Plan|atk|1
|-boost|p2a: The Plan|def|1
|
|-weather|Snowscape|[upkeep]
|-heal|p2a: The Plan|54/100|[from] item: Leftovers
|upkeep
|turn|24
|
|t:|1779895578
|switch|p1a: Raging Bolt|Raging Bolt|100/100
|-enditem|p1a: Raging Bolt|Booster Energy
|-activate|p1a: Raging Bolt|ability: Protosynthesis|[fromitem]
|-start|p1a: Raging Bolt|protosynthesisspa
|switch|p2a: Summer Shandy|Rillaboom, F|100/100
|-fieldstart|move: Grassy Terrain|[from] ability: Grassy Surge|[of] p2a: Summer Shandy
|
|-weather|Snowscape|[upkeep]
|upkeep
|turn|25
|
|t:|1779895583
|move|p1a: Raging Bolt|Calm Mind|p1a: Raging Bolt
|-boost|p1a: Raging Bolt|spa|1
|-boost|p1a: Raging Bolt|spd|1
|move|p2a: Summer Shandy|U-turn|p1a: Raging Bolt
|-damage|p1a: Raging Bolt|76/100
|
|t:|1779895588
|switch|p2a: 2YL|Muk-Alola, F|65/100|[from] U-turn
|
|-weather|Snowscape|[upkeep]
|-heal|p1a: Raging Bolt|82/100|[from] Grassy Terrain
|-heal|p2a: 2YL|71/100|[from] Grassy Terrain
|upkeep
|turn|26
|
|t:|1779895593
|move|p1a: Raging Bolt|Calm Mind|p1a: Raging Bolt
|-boost|p1a: Raging Bolt|spa|1
|-boost|p1a: Raging Bolt|spd|1
|move|p2a: 2YL|Poison Jab|p1a: Raging Bolt
|-damage|p1a: Raging Bolt|58/100
|
|-weather|none
|-heal|p1a: Raging Bolt|64/100|[from] Grassy Terrain
|-heal|p2a: 2YL|77/100|[from] Grassy Terrain
|upkeep
|turn|27
|
|t:|1779895596
|move|p1a: Raging Bolt|Thunderbolt|p2a: 2YL
|-damage|p2a: 2YL|24/100
|move|p2a: 2YL|Poison Jab|p1a: Raging Bolt
|-damage|p1a: Raging Bolt|40/100
|
|-heal|p1a: Raging Bolt|46/100|[from] Grassy Terrain
|-heal|p2a: 2YL|31/100|[from] Grassy Terrain
|upkeep
|turn|28
|
|t:|1779895602
|move|p2a: 2YL|Shadow Sneak|p1a: Raging Bolt
|-damage|p1a: Raging Bolt|38/100
|move|p1a: Raging Bolt|Dragon Pulse|p2a: 2YL
|-crit|p2a: 2YL
|-damage|p2a: 2YL|0 fnt
|faint|p2a: 2YL
|
|-heal|p1a: Raging Bolt|44/100|[from] Grassy Terrain
|upkeep
|
|t:|1779895611
|switch|p2a: HELP|Ogerpon-Wellspring, F|80/100
|turn|29
|
|t:|1779895614
|move|p2a: HELP|Grassy Glide|p1a: Raging Bolt
|-resisted|p1a: Raging Bolt
|-damage|p1a: Raging Bolt|25/100
|move|p1a: Raging Bolt|Thunderclap||[still]
|-fail|p1a: Raging Bolt
|
|-heal|p2a: HELP|86/100|[from] Grassy Terrain
|-heal|p1a: Raging Bolt|31/100|[from] Grassy Terrain
|upkeep
|turn|30
|
|t:|1779895619
|move|p2a: HELP|Grassy Glide|p1a: Raging Bolt
|-resisted|p1a: Raging Bolt
|-damage|p1a: Raging Bolt|11/100
|move|p1a: Raging Bolt|Dragon Pulse|p2a: HELP
|-damage|p2a: HELP|0 fnt
|faint|p2a: HELP
|
|-heal|p1a: Raging Bolt|17/100|[from] Grassy Terrain
|upkeep
|
|t:|1779895623
|switch|p2a: Summer Shandy|Rillaboom, F|100/100
|turn|31
|
|t:|1779895632
|-terastallize|p2a: Summer Shandy|Grass
|move|p2a: Summer Shandy|Grassy Glide|p1a: Raging Bolt
|-resisted|p1a: Raging Bolt
|-damage|p1a: Raging Bolt|0 fnt
|faint|p1a: Raging Bolt
|-end|p1a: Raging Bolt|Protosynthesis|[silent]
|
|-fieldend|move: Grassy Terrain
|upkeep
|
|t:|1779895637
|switch|p1a: Scizor|Scizor, F|75/100 brn
|turn|32
|
|t:|1779895639
|switch|p2a: The Plan|Tauros-Paldea-Blaze, M|54/100
|-ability|p2a: The Plan|Intimidate|boost
|-unboost|p1a: Scizor|atk|1
|move|p1a: Scizor|U-turn|p2a: The Plan
|-resisted|p2a: The Plan
|-damage|p2a: The Plan|51/100
|-message|serial 01216 forfeited.
|
|win|tauros3
|raw|serial 01216's rating: 1560 &rarr; <strong>1539</strong><br />(-21 for losing)
|raw|tauros3's rating: 1548 &rarr; <strong>1569</strong><br />(+21 for winning)
|l|☆serial 01216
|player|p1|
|l|☆tauros3
|player|p2|
|l| Kakimori
