|j|☆tch_kyorax
|j|☆YB4260
|t:|1779847285
|gametype|singles
|player|p1|tch_kyorax|veteran|1110
|player|p2|YB4260|169|1103
|gen|9
|tier|[Gen 9] OU
|rated|
|rule|HP Percentage Mod: HP is shown in percentages
|rule|Endless Battle Clause: Forcing endless battles is banned
|rule|Species Clause: Limit one of each Pokémon
|rule|OHKO Clause: OHKO moves are banned
|rule|Evasion Items Clause: Evasion items are banned
|rule|Evasion Moves Clause: Evasion moves are banned
|rule|Evasion Abilities Clause: Evasion abilities are banned
|rule|Sleep Moves Clause: Sleep-inducing moves are banned
|clearpoke
|poke|p1|Great Tusk|
|poke|p1|Ting-Lu|
|poke|p1|Iron Moth|
|poke|p1|Ogerpon-Wellspring, F|
|poke|p1|Gholdengo|
|poke|p1|Dragonite, F|
|poke|p2|Gholdengo|
|poke|p2|Zoroark-Hisui, M|
|poke|p2|Mimikyu, F|
|poke|p2|Oricorio-Sensu, F|
|poke|p2|Palossand, M|
|poke|p2|Ceruledge, F|
|teampreview
|
|t:|1779847291
|teamsize|p1|6
|teamsize|p2|6
|start
|switch|p1a: Tnykplays|Ogerpon-Wellspring, F|100/100
|switch|p2a: Let’s Not Snuggle…|Mimikyu, F, shiny|100/100
|turn|1
|
|t:|1779847298
|move|p1a: Tnykplays|Knock Off|p2a: Let’s Not Snuggle…
|-activate|p2a: Let’s Not Snuggle…|ability: Disguise
|-damage|p2a: Let’s Not Snuggle…|100/100
|-enditem|p2a: Let’s Not Snuggle…|Red Card|[from] move: Knock Off|[of] p1a: Tnykplays
|detailschange|p2a: Let’s Not Snuggle…|Mimikyu-Busted, F, shiny
|-damage|p2a: Let’s Not Snuggle…|88/100|[from] pokemon: Mimikyu-Busted
|move|p2a: Let’s Not Snuggle…|Hone Claws|p2a: Let’s Not Snuggle…
|-boost|p2a: Let’s Not Snuggle…|atk|1
|-boost|p2a: Let’s Not Snuggle…|accuracy|1
|
|upkeep
|turn|2
|
|t:|1779847314
|move|p2a: Let’s Not Snuggle…|Shadow Sneak|p1a: Tnykplays
|-damage|p1a: Tnykplays|70/100
|move|p1a: Tnykplays|Knock Off|p2a: Let’s Not Snuggle…
|-damage|p2a: Let’s Not Snuggle…|46/100
|
|upkeep
|turn|3
|
|t:|1779847321
|move|p2a: Let’s Not Snuggle…|Shadow Sneak|p1a: Tnykplays
|-damage|p1a: Tnykplays|36/100
|move|p1a: Tnykplays|Knock Off|p2a: Let’s Not Snuggle…
|-damage|p2a: Let’s Not Snuggle…|9/100
|
|upkeep
|turn|4
|
|t:|1779847337
|move|p2a: Let’s Not Snuggle…|Shadow Sneak|p1a: Tnykplays
|-damage|p1a: Tnykplays|7/100
|move|p1a: Tnykplays|Horn Leech|p2a: Let’s Not Snuggle…
|-damage|p2a: Let’s Not Snuggle…|0 fnt
|-heal|p1a: Tnykplays|11/100|[from] drain|[of] p2a: Let’s Not Snuggle…
|faint|p2a: Let’s Not Snuggle…
|
|upkeep
|
|t:|1779847344
|switch|p2a: I Will Slice You|Ceruledge, F|100/100
|turn|5
|
|t:|1779847359
|move|p2a: I Will Slice You|Shadow Sneak|p1a: Tnykplays
|-damage|p1a: Tnykplays|0 fnt
|faint|p1a: Tnykplays
|
|upkeep
|
|t:|1779847364
|switch|p1a: Britt|Ting-Lu|100/100
|-ability|p1a: Britt|Vessel of Ruin
|turn|6
|
|t:|1779847372
|move|p2a: I Will Slice You|Close Combat|p1a: Britt
|-supereffective|p1a: Britt
|-damage|p1a: Britt|58/100
|-unboost|p2a: I Will Slice You|def|1
|-unboost|p2a: I Will Slice You|spd|1
|-enditem|p1a: Britt|Red Card|[of] p2a: I Will Slice You
|drag|p2a: Start Dancing|Oricorio-Sensu, F|100/100
|move|p1a: Britt|Earthquake|p2a: Start Dancing
|-immune|p2a: Start Dancing
|
|upkeep
|turn|7
|
|t:|1779847383
|move|p2a: Start Dancing|Rain Dance|p2a: Start Dancing
|-weather|RainDance
|move|p1a: Britt|Ruination|p2a: Start Dancing
|-damage|p2a: Start Dancing|51/100
|
|-weather|RainDance|[upkeep]
|upkeep
|turn|8
|
|t:|1779847391
|move|p2a: Start Dancing|Hurricane|p1a: Britt
|-damage|p1a: Britt|41/100
|move|p1a: Britt|Stealth Rock|p2a: Start Dancing
|-sidestart|p2: YB4260|move: Stealth Rock
|
|-weather|RainDance|[upkeep]
|upkeep
|turn|9
|
|t:|1779847397
|move|p2a: Start Dancing|Defog|p1a: Britt
|-unboost|p1a: Britt|evasion|1
|-sideend|p2: YB4260|Stealth Rock|[from] move: Defog|[of] p2a: Start Dancing
|move|p1a: Britt|Spikes|p2a: Start Dancing
|-sidestart|p2: YB4260|Spikes
|
|-weather|RainDance|[upkeep]
|upkeep
|turn|10
|
|t:|1779847401
|move|p2a: Start Dancing|Defog|p1a: Britt
|-unboost|p1a: Britt|evasion|1
|-sideend|p2: YB4260|Spikes|[from] move: Defog|[of] p2a: Start Dancing
|move|p1a: Britt|Spikes|p2a: Start Dancing
|-sidestart|p2: YB4260|Spikes
|
|-weather|RainDance|[upkeep]
|upkeep
|turn|11
|
|t:|1779847406
|move|p2a: Start Dancing|Defog|p1a: Britt
|-unboost|p1a: Britt|evasion|1
|-sideend|p2: YB4260|Spikes|[from] move: Defog|[of] p2a: Start Dancing
|move|p1a: Britt|Spikes|p2a: Start Dancing
|-sidestart|p2: YB4260|Spikes
|
|-weather|none
|upkeep
|turn|12
|
|t:|1779847410
|move|p2a: Start Dancing|Defog|p1a: Britt
|-unboost|p1a: Britt|evasion|1
|-sideend|p2: YB4260|Spikes|[from] move: Defog|[of] p2a: Start Dancing
|move|p1a: Britt|Spikes|p2a: Start Dancing
|-sidestart|p2: YB4260|Spikes
|
|upkeep
|turn|13
|
|t:|1779847416
|move|p2a: Start Dancing|Hurricane|p1a: Britt
|-crit|p1a: Britt
|-damage|p1a: Britt|15/100
|-start|p1a: Britt|confusion
|-activate|p1a: Britt|confusion
|move|p1a: Britt|Spikes|p2a: Start Dancing
|-sidestart|p2: YB4260|Spikes
|
|upkeep
|turn|14
|inactive|Battle timer is ON: inactive players will automatically lose when time's up. (requested by YB4260)
|
|t:|1779847461
|move|p2a: Start Dancing|Revelation Dance|p1a: Britt
|-resisted|p1a: Britt
|-damage|p1a: Britt|8/100
|-activate|p1a: Britt|confusion
|-damage|p1a: Britt|2/100|[from] confusion
|
|upkeep
|turn|15
|
|t:|1779847467
|move|p2a: Start Dancing|Defog|p1a: Britt
|-unboost|p1a: Britt|evasion|1
|-sideend|p2: YB4260|Spikes|[from] move: Defog|[of] p2a: Start Dancing
|-end|p1a: Britt|confusion
|move|p1a: Britt|Spikes|p2a: Start Dancing
|-sidestart|p2: YB4260|Spikes
|
|upkeep
|turn|16
|
|t:|1779847472
|move|p2a: Start Dancing|Defog|p1a: Britt
|-unboost|p1a: Britt|evasion|1
|-sideend|p2: YB4260|Spikes|[from] move: Defog|[of] p2a: Start Dancing
|move|p1a: Britt|Stealth Rock|p2a: Start Dancing
|-sidestart|p2: YB4260|move: Stealth Rock
|
|upkeep
|turn|17
|
|t:|1779847477
|move|p2a: Start Dancing|Defog|p1a: Britt
|-unboost|p1a: Britt|evasion|0
|-sideend|p2: YB4260|Stealth Rock|[from] move: Defog|[of] p2a: Start Dancing
|move|p1a: Britt|Spikes|p2a: Start Dancing
|-sidestart|p2: YB4260|Spikes
|
|upkeep
|turn|18
|
|t:|1779847483
|move|p2a: Start Dancing|Rain Dance|p2a: Start Dancing
|-weather|RainDance
|move|p1a: Britt|Spikes|p2a: Start Dancing
|-sidestart|p2: YB4260|Spikes
|
|-weather|RainDance|[upkeep]
|upkeep
|turn|19
|
|t:|1779847486
|move|p2a: Start Dancing|Defog|p1a: Britt
|-unboost|p1a: Britt|evasion|0
|-sideend|p2: YB4260|Spikes|[from] move: Defog|[of] p2a: Start Dancing
|move|p1a: Britt|Spikes|p2a: Start Dancing
|-sidestart|p2: YB4260|Spikes
|
|-weather|RainDance|[upkeep]
|upkeep
|turn|20
|
|t:|1779847493
|move|p2a: Start Dancing|Defog|p1a: Britt
|-unboost|p1a: Britt|evasion|0
|-sideend|p2: YB4260|Spikes|[from] move: Defog|[of] p2a: Start Dancing
|move|p1a: Britt|Spikes|p2a: Start Dancing
|-sidestart|p2: YB4260|Spikes
|
|-weather|RainDance|[upkeep]
|upkeep
|turn|21
|
|t:|1779847497
|switch|p1a: Stonks|Gholdengo|100/100
|move|p2a: Start Dancing|Defog|p1a: Stonks
|-immune|p1a: Stonks|[from] ability: Good as Gold
|
|-weather|RainDance|[upkeep]
|upkeep
|turn|22
|
|t:|1779847502
|-terastallize|p2a: Start Dancing|Ground
|move|p1a: Stonks|Shadow Ball|p2a: Start Dancing
|-damage|p2a: Start Dancing|0 fnt
|faint|p2a: Start Dancing
|
|-weather|none
|upkeep
|
|t:|1779847510
|switch|p2a: Bad as Bronze|Gholdengo, shiny|100/100
|-damage|p2a: Bad as Bronze|88/100|[from] Spikes
|turn|23
|
|t:|1779847517
|-terastallize|p1a: Stonks|Steel
|move|p1a: Stonks|Shadow Ball|p2a: Bad as Bronze
|-immune|p2a: Bad as Bronze
|move|p2a: Bad as Bronze|Knock Off|p1a: Stonks
|-damage|p1a: Stonks|71/100
|-enditem|p1a: Stonks|Choice Scarf|[from] move: Knock Off|[of] p2a: Bad as Bronze
|
|upkeep
|turn|24
|
|t:|1779847527
|move|p2a: Bad as Bronze|U-turn|p1a: Stonks
|-resisted|p1a: Stonks
|-damage|p1a: Stonks|59/100
|
|t:|1779847532
|switch|p2a: I Will Slice You|Ceruledge, F|100/100|[from] U-turn
|-damage|p2a: I Will Slice You|88/100|[from] Spikes
|move|p1a: Stonks|Shadow Ball|p2a: I Will Slice You
|-supereffective|p2a: I Will Slice You
|-damage|p2a: I Will Slice You|0 fnt
|faint|p2a: I Will Slice You
|
|upkeep
|
|t:|1779847542
|switch|p2a: Sand is Rock|Palossand, M, shiny|100/100
|-damage|p2a: Sand is Rock|88/100|[from] Spikes
|turn|25
|
|t:|1779847546
|switch|p2a: Bad as Bronze|Gholdengo, shiny|88/100
|-damage|p2a: Bad as Bronze|76/100|[from] Spikes
|move|p1a: Stonks|Shadow Ball|p2a: Bad as Bronze
|-immune|p2a: Bad as Bronze
|
|upkeep
|turn|26
|
|t:|1779847553
|move|p2a: Bad as Bronze|Body Slam|p1a: Stonks
|-resisted|p1a: Stonks
|-damage|p1a: Stonks|38/100
|-status|p1a: Stonks|par
|move|p1a: Stonks|Make It Rain|p2a: Bad as Bronze
|-damage|p2a: Bad as Bronze|0 fnt
|-unboost|p1a: Stonks|spa|1
|replace|p2a: RZrk Not Part Drk?|Zoroark-Hisui, M, shiny
|-end|p2a: RZrk Not Part Drk?|Illusion
|faint|p2a: RZrk Not Part Drk?
|
|upkeep
|
|t:|1779847563
|switch|p2a: Sand is Rock|Palossand, M, shiny|88/100
|-damage|p2a: Sand is Rock|75/100|[from] Spikes
|turn|27
|
|t:|1779847567
|move|p1a: Stonks|Shadow Ball|p2a: Sand is Rock
|-supereffective|p2a: Sand is Rock
|-damage|p2a: Sand is Rock|15/100
|-unboost|p2a: Sand is Rock|spd|1
|move|p2a: Sand is Rock|Earth Power|p1a: Stonks
|-supereffective|p1a: Stonks
|-damage|p1a: Stonks|0 fnt
|faint|p1a: Stonks
|
|-heal|p2a: Sand is Rock|21/100|[from] item: Leftovers
|upkeep
|
|t:|1779847570
|switch|p1a: Th|Iron Moth|100/100
|-enditem|p1a: Th|Booster Energy
|-activate|p1a: Th|ability: Quark Drive|[fromitem]
|-start|p1a: Th|quarkdrivespe
|turn|28
|
|t:|1779847575
|switch|p2a: Bad as Bronze|Gholdengo, shiny|100/100
|-damage|p2a: Bad as Bronze|88/100|[from] Spikes
|move|p1a: Th|Dazzling Gleam|p2a: Bad as Bronze
|-resisted|p2a: Bad as Bronze
|-damage|p2a: Bad as Bronze|73/100
|
|upkeep
|turn|29
|
|t:|1779847584
|move|p1a: Th|Fiery Dance|p2a: Bad as Bronze
|-supereffective|p2a: Bad as Bronze
|-damage|p2a: Bad as Bronze|0 fnt
|-boost|p1a: Th|spa|1
|faint|p2a: Bad as Bronze
|
|upkeep
|
|t:|1779847587
|switch|p2a: Sand is Rock|Palossand, M, shiny|21/100
|-damage|p2a: Sand is Rock|9/100|[from] Spikes
|turn|30
|
|t:|1779847589
|move|p1a: Th|Dazzling Gleam|p2a: Sand is Rock
|-damage|p2a: Sand is Rock|0 fnt
|faint|p2a: Sand is Rock
|
|win|tch_kyorax
|raw|tch_kyorax's rating: 1110 &rarr; <strong>1134</strong><br />(+24 for winning)
|raw|YB4260's rating: 1103 &rarr; <strong>1079</strong><br />(-24 for losing)
|l|☆tch_kyorax
|player|p1|
|l|☆YB4260
|player|p2|
