|j|☆Embid ❤️ mah
|j|☆rocky012
|t:|1779914988
|gametype|singles
|player|p1|Embid ❤️ mah|acetrainercouple|1486
|player|p2|rocky012|2|1497
|gen|9
|tier|[Gen 9] OU
|rated|
|rule|HP Percentage Mod: HP is shown in percentages
|rule|Endless Battle Clause: Forcing endless battles is banned
|rule|Species Clause: Limit one of each Pokémon
|rule|OHKO Clause: OHKO moves are banned
|rule|Evasion Items Clause: Evasion items are banned
|rule|Evasion Moves Clause: Evasion moves are banned
|rule|Evasion Abilities Clause: Evasion abilities are banned
|rule|Sleep Moves Clause: Sleep-inducing moves are banned
|clearpoke
|poke|p1|Dragonite, F|
|poke|p1|Gholdengo|
|poke|p1|Iron Crown|
|poke|p1|Glimmora, F|
|poke|p1|Ting-Lu|
|poke|p1|Ogerpon-Wellspring, F|
|poke|p2|Latios, M|
|poke|p2|Cinderace, M|
|poke|p2|Landorus-Therian, M|
|poke|p2|Darkrai|
|poke|p2|Ogerpon-Wellspring, F|
|poke|p2|Clefable, F|
|teampreview
|inactive|Battle timer is ON: inactive players will automatically lose when time's up. (requested by Embid ❤️ mah)
|
|t:|1779914999
|teamsize|p1|6
|teamsize|p2|6
|start
|switch|p1a: Ting-Lu|Ting-Lu|100/100
|switch|p2a: Latios|Latios, M|100/100
|-ability|p1a: Ting-Lu|Vessel of Ruin
|turn|1
|
|t:|1779915007
|move|p2a: Latios|Flip Turn|p1a: Ting-Lu
|-supereffective|p1a: Ting-Lu
|-damage|p1a: Ting-Lu|89/100
|-damage|p2a: Latios|84/100|[from] item: Rocky Helmet|[of] p1a: Ting-Lu
|
|t:|1779915012
|switch|p2a: Ogerpon|Ogerpon-Wellspring, F|100/100|[from] Flip Turn
|move|p1a: Ting-Lu|Spikes|p2a: Ogerpon
|-sidestart|p2: rocky012|Spikes
|
|upkeep
|turn|2
|
|t:|1779915016
|switch|p1a: Gholdengo|Gholdengo|100/100
|move|p2a: Ogerpon|Ivy Cudgel|p1a: Gholdengo|[anim] Ivy Cudgel Water
|-crit|p1a: Gholdengo
|-damage|p1a: Gholdengo|38/100
|
|upkeep
|turn|3
|j| Hatsunamiku
|
|t:|1779915030
|switch|p1a: Ogerpon|Ogerpon-Wellspring, F|100/100
|move|p2a: Ogerpon|Ivy Cudgel|p1a: Ogerpon|[anim] Ivy Cudgel Water
|-immune|p1a: Ogerpon|[from] ability: Water Absorb
|
|upkeep
|turn|4
|
|t:|1779915039
|move|p2a: Ogerpon|U-turn|p1a: Ogerpon
|-supereffective|p1a: Ogerpon
|-damage|p1a: Ogerpon|25/100
|
|t:|1779915043
|switch|p2a: Landorus|Landorus-Therian, M|100/100|[from] U-turn
|-ability|p2a: Landorus|Intimidate|boost
|-unboost|p1a: Ogerpon|atk|1
|move|p1a: Ogerpon|U-turn|p2a: Landorus
|-resisted|p2a: Landorus
|-damage|p2a: Landorus|94/100
|-damage|p1a: Ogerpon|8/100|[from] item: Rocky Helmet|[of] p2a: Landorus
|c|☆Embid ❤️ mah|Fucking brilliant ain’t it
|
|t:|1779915061
|switch|p1a: Glimmora|Glimmora, F|100/100|[from] U-turn
|
|upkeep
|turn|5
|
|t:|1779915071
|move|p1a: Glimmora|Meteor Beam||[still]
|-prepare|p1a: Glimmora|Meteor Beam
|-boost|p1a: Glimmora|spa|1
|-enditem|p1a: Glimmora|Power Herb
|-anim|p1a: Glimmora|Meteor Beam|p2a: Landorus
|-damage|p2a: Landorus|0 fnt
|faint|p2a: Landorus
|
|upkeep
|
|t:|1779915080
|switch|p2a: Latios|Latios, M|84/100
|turn|6
|
|t:|1779915085
|switch|p1a: Ogerpon|Ogerpon-Wellspring, F|8/100
|move|p2a: Latios|Surf|p1a: Ogerpon
|-heal|p1a: Ogerpon|33/100|[from] ability: Water Absorb|[of] p2a: Latios
|
|upkeep
|turn|7
|
|t:|1779915091
|switch|p2a: Cinderace|Cinderace, M|100/100
|move|p1a: Ogerpon|U-turn|p2a: Cinderace
|-resisted|p2a: Cinderace
|-damage|p2a: Cinderace|84/100
|-message|rocky012 forfeited.
|
|win|Embid ❤️ mah
|raw|Embid ❤️ mah's rating: 1486 &rarr; <strong>1507</strong><br />(+21 for winning)
|raw|rocky012's rating: 1497 &rarr; <strong>1476</strong><br />(-21 for losing)
|l|☆rocky012
|player|p2|
