|j|☆MadmanMax007
|j|☆Justdock
|t:|1779799716
|gametype|singles
|player|p1|MadmanMax007|marshal|1119
|player|p2|Justdock|265|1118
|gen|9
|tier|[Gen 9] OU
|rated|
|rule|HP Percentage Mod: HP is shown in percentages
|rule|Endless Battle Clause: Forcing endless battles is banned
|rule|Species Clause: Limit one of each Pokémon
|rule|OHKO Clause: OHKO moves are banned
|rule|Evasion Items Clause: Evasion items are banned
|rule|Evasion Moves Clause: Evasion moves are banned
|rule|Evasion Abilities Clause: Evasion abilities are banned
|rule|Sleep Moves Clause: Sleep-inducing moves are banned
|clearpoke
|poke|p1|Salamence, M|
|poke|p1|Dusknoir, M|
|poke|p1|Hitmonchan, M|
|poke|p1|Forretress, M|
|poke|p1|Luxray, M|
|poke|p1|Crawdaunt, M|
|poke|p2|Deoxys-Speed|
|poke|p2|Corviknight, F|
|poke|p2|Dusclops, M|
|poke|p2|Weavile, F|
|poke|p2|Kyurem|
|poke|p2|Bisharp, F|
|teampreview
|inactive|Battle timer is ON: inactive players will automatically lose when time's up. (requested by MadmanMax007)
|
|t:|1779799721
|teamsize|p1|6
|teamsize|p2|6
|start
|switch|p1a: Salamence|Salamence, M|100/100
|switch|p2a: Edge runner|Bisharp, F|100/100
|-ability|p2a: Edge runner|Pressure
|turn|1
|
|t:|1779799724
|-terastallize|p1a: Salamence|Normal
|move|p1a: Salamence|Earthquake|p2a: Edge runner
|-supereffective|p2a: Edge runner
|-damage|p2a: Edge runner|65/100
|move|p2a: Edge runner|Thunder Wave|p1a: Salamence|[miss]
|-miss|p2a: Edge runner|p1a: Salamence
|
|upkeep
|turn|2
|c|☆Justdock|Damn
|inactive|Justdock has 120 seconds left.
|c|☆MadmanMax007|how did that miss
|c|☆Justdock|bro this is the third time I’ve gone for a turn one twave and missed 😭😭
|
|t:|1779799764
|switch|p1a: Forretress|Forretress, M, shiny|100/100
|move|p2a: Edge runner|Stealth Rock|p1a: Forretress
|-sidestart|p1: MadmanMax007|move: Stealth Rock
|
|upkeep
|turn|3
|inactive|Justdock has 120 seconds left.
|c|☆MadmanMax007|Man i feel ya
|
|t:|1779799775
|switch|p2a: Evil eye|Dusclops, M|100/100
|-ability|p2a: Evil eye|Pressure
|move|p1a: Forretress|Thunder Wave|p2a: Evil eye
|-status|p2a: Evil eye|par
|
|upkeep
|turn|4
|c|☆Justdock|Usually hit after but still
|c|☆Justdock|it’s the surprise factor ya know
|inactive|Justdock has 120 seconds left.
|
|t:|1779799790
|move|p1a: Forretress|Stealth Rock|p2a: Evil eye
|-sidestart|p2: Justdock|move: Stealth Rock
|cant|p2a: Evil eye|par
|
|upkeep
|turn|5
|c|☆MadmanMax007|😂
|
|t:|1779799799
|switch|p1a: Crawdaunt|Crawdaunt, M|100/100
|-damage|p1a: Crawdaunt|88/100|[from] Stealth Rock
|cant|p2a: Evil eye|par
|
|upkeep
|turn|6
|c|☆Justdock|Fahhhh
|
|t:|1779799808
|move|p1a: Crawdaunt|Night Slash|p2a: Evil eye
|-supereffective|p2a: Evil eye
|-crit|p2a: Evil eye
|-damage|p2a: Evil eye|8/100 par
|move|p2a: Evil eye|Will-O-Wisp|p1a: Crawdaunt
|-status|p1a: Crawdaunt|brn
|
|-damage|p1a: Crawdaunt|82/100 brn|[from] brn
|upkeep
|turn|7
|
|t:|1779799816
|switch|p2a: Hard|Corviknight, F|100/100
|-damage|p2a: Hard|88/100|[from] Stealth Rock
|-ability|p2a: Hard|Pressure
|move|p1a: Crawdaunt|Night Slash|p2a: Hard
|-crit|p2a: Hard
|-damage|p2a: Hard|65/100
|
|-heal|p2a: Hard|71/100|[from] item: Leftovers
|-damage|p1a: Crawdaunt|76/100 brn|[from] brn
|upkeep
|turn|8
|
|t:|1779799825
|move|p1a: Crawdaunt|Crabhammer|p2a: Hard
|-crit|p2a: Hard
|-damage|p2a: Hard|36/100
|move|p2a: Hard|Roost|p2a: Hard
|-heal|p2a: Hard|86/100
|-singleturn|p2a: Hard|move: Roost
|
|-heal|p2a: Hard|93/100|[from] item: Leftovers
|-damage|p1a: Crawdaunt|70/100 brn|[from] brn
|upkeep
|turn|9
|
|t:|1779799839
|switch|p1a: Dusknoir|Dusknoir, M|100/100
|-damage|p1a: Dusknoir|88/100|[from] Stealth Rock
|-ability|p1a: Dusknoir|Pressure
|move|p2a: Hard|Defog|p1a: Dusknoir
|-unboost|p1a: Dusknoir|evasion|1
|-sideend|p1: MadmanMax007|Stealth Rock|[from] move: Defog|[of] p2a: Hard
|-sideend|p2: Justdock|Stealth Rock|[from] move: Defog|[of] p2a: Hard
|
|-heal|p2a: Hard|99/100|[from] item: Leftovers
|upkeep
|turn|10
|
|t:|1779799848
|move|p2a: Hard|U-turn|p1a: Dusknoir
|-resisted|p1a: Dusknoir
|-damage|p1a: Dusknoir|82/100
|-damage|p2a: Hard|82/100|[from] item: Rocky Helmet|[of] p1a: Dusknoir
|
|t:|1779799851
|switch|p2a: Edge runner|Bisharp, F|65/100|[from] U-turn
|-ability|p2a: Edge runner|Pressure
|move|p1a: Dusknoir|Will-O-Wisp|p2a: Edge runner
|-status|p2a: Edge runner|brn
|
|-damage|p2a: Edge runner|59/100 brn|[from] brn
|upkeep
|turn|11
|
|t:|1779799861
|move|p2a: Edge runner|Thunder Wave|p1a: Dusknoir
|-status|p1a: Dusknoir|par
|cant|p1a: Dusknoir|par
|
|-damage|p2a: Edge runner|53/100 brn|[from] brn
|upkeep
|turn|12
|
|t:|1779799867
|move|p2a: Edge runner|Stealth Rock|p1a: Dusknoir
|-sidestart|p1: MadmanMax007|move: Stealth Rock
|move|p1a: Dusknoir|Confuse Ray|p2a: Edge runner
|-start|p2a: Edge runner|confusion
|
|-damage|p2a: Edge runner|47/100 brn|[from] brn
|upkeep
|turn|13
|
|t:|1779799875
|switch|p2a: Evil eye|Dusclops, M|8/100 par
|-ability|p2a: Evil eye|Pressure
|move|p1a: Dusknoir|Bind|p2a: Evil eye
|-immune|p2a: Evil eye
|
|upkeep
|turn|14
|
|t:|1779799883
|cant|p1a: Dusknoir|par
|cant|p2a: Evil eye|par
|
|upkeep
|turn|15
|
|t:|1779799887
|move|p1a: Dusknoir|Ice Punch|p2a: Evil eye
|-damage|p2a: Evil eye|0 fnt
|faint|p2a: Evil eye
|
|upkeep
|
|t:|1779799898
|switch|p2a: noxious|Deoxys-Speed|100/100
|-ability|p2a: noxious|Pressure
|turn|16
|
|t:|1779799904
|move|p2a: noxious|Substitute|p2a: noxious
|-start|p2a: noxious|Substitute
|-damage|p2a: noxious|76/100
|cant|p1a: Dusknoir|par
|
|-heal|p2a: noxious|82/100|[from] item: Leftovers
|upkeep
|turn|17
|
|t:|1779799910
|switch|p1a: Crawdaunt|Crawdaunt, M|70/100 brn
|-damage|p1a: Crawdaunt|57/100 brn|[from] Stealth Rock
|move|p2a: noxious|Night Shade|p1a: Crawdaunt
|-damage|p1a: Crawdaunt|27/100 brn
|
|-heal|p2a: noxious|88/100|[from] item: Leftovers
|-damage|p1a: Crawdaunt|21/100 brn|[from] brn
|upkeep
|turn|18
|
|t:|1779799916
|move|p2a: noxious|Night Shade|p1a: Crawdaunt
|-damage|p1a: Crawdaunt|0 fnt
|faint|p1a: Crawdaunt
|
|-heal|p2a: noxious|94/100|[from] item: Leftovers
|upkeep
|
|t:|1779799920
|switch|p1a: Hitmonchan|Hitmonchan, M|100/100
|-damage|p1a: Hitmonchan|95/100|[from] Stealth Rock
|turn|19
|
|t:|1779799928
|move|p1a: Hitmonchan|Fake Out|p2a: noxious
|-activate|p2a: noxious|move: Substitute|[damage]
|move|p2a: noxious|Thunder Wave|p1a: Hitmonchan
|-status|p1a: Hitmonchan|par
|
|-heal|p2a: noxious|99/100|[from] item: Leftovers
|upkeep
|turn|20
|
|t:|1779799935
|move|p2a: noxious|Night Shade|p1a: Hitmonchan
|-damage|p1a: Hitmonchan|62/100 par
|cant|p1a: Hitmonchan|par
|
|-heal|p2a: noxious|100/100|[from] item: Leftovers
|upkeep
|turn|21
|
|t:|1779799941
|move|p2a: noxious|Night Shade|p1a: Hitmonchan
|-damage|p1a: Hitmonchan|29/100 par
|cant|p1a: Hitmonchan|par
|
|upkeep
|turn|22
|c|☆Justdock|Rip
|
|t:|1779799953
|move|p2a: noxious|Night Shade|p1a: Hitmonchan
|-damage|p1a: Hitmonchan|0 fnt
|faint|p1a: Hitmonchan
|
|upkeep
|
|t:|1779799960
|switch|p1a: Forretress|Forretress, M, shiny|100/100
|turn|23
|
|t:|1779799966
|move|p2a: noxious|Thunder Wave|p1a: Forretress|[miss]
|-miss|p2a: noxious|p1a: Forretress
|move|p1a: Forretress|Rapid Spin|p2a: noxious
|-end|p2a: noxious|Substitute
|-sideend|p1: MadmanMax007|Stealth Rock|[from] move: Rapid Spin|[of] p1a: Forretress
|-boost|p1a: Forretress|spe|1
|
|upkeep
|turn|24
|
|t:|1779799975
|move|p2a: noxious|Thunder Wave|p1a: Forretress
|-status|p1a: Forretress|par
|cant|p1a: Forretress|par
|
|upkeep
|turn|25
|
|t:|1779799981
|move|p2a: noxious|Substitute|p2a: noxious
|-start|p2a: noxious|Substitute
|-damage|p2a: noxious|76/100
|move|p1a: Forretress|Explosion|p2a: noxious
|-end|p2a: noxious|Substitute
|faint|p1a: Forretress
|
|-heal|p2a: noxious|82/100|[from] item: Leftovers
|upkeep
|
|t:|1779799989
|switch|p1a: Luxray|Luxray, M|100/100
|turn|26
|
|t:|1779799996
|move|p2a: noxious|Substitute|p2a: noxious
|-start|p2a: noxious|Substitute
|-damage|p2a: noxious|57/100
|move|p1a: Luxray|Agility|p1a: Luxray
|-boost|p1a: Luxray|spe|2
|
|-heal|p2a: noxious|63/100|[from] item: Leftovers
|-status|p1a: Luxray|brn|[from] item: Flame Orb
|upkeep
|turn|27
|
|t:|1779800002
|move|p2a: noxious|Protect|p2a: noxious
|-singleturn|p2a: noxious|Protect
|move|p1a: Luxray|Facade|p2a: noxious
|-activate|p2a: noxious|move: Protect
|
|-heal|p2a: noxious|69/100|[from] item: Leftovers
|-damage|p1a: Luxray|95/100 brn|[from] brn
|upkeep
|turn|28
|
|t:|1779800010
|move|p1a: Luxray|Facade|p2a: noxious
|-end|p2a: noxious|Substitute
|move|p2a: noxious|Night Shade|p1a: Luxray
|-damage|p1a: Luxray|61/100 brn
|
|-heal|p2a: noxious|75/100|[from] item: Leftovers
|-damage|p1a: Luxray|55/100 brn|[from] brn
|upkeep
|turn|29
|
|t:|1779800015
|move|p2a: noxious|Protect|p2a: noxious
|-singleturn|p2a: noxious|Protect
|move|p1a: Luxray|Supercell Slam|p2a: noxious
|-activate|p2a: noxious|move: Protect
|-damage|p1a: Luxray|5/100 brn|[from] supercellslam
|
|-heal|p2a: noxious|81/100|[from] item: Leftovers
|-damage|p1a: Luxray|0 fnt|[from] brn
|faint|p1a: Luxray
|upkeep
|
|t:|1779800019
|switch|p1a: Salamence|Salamence, M, tera:Normal|100/100
|turn|30
|
|t:|1779800026
|move|p1a: Salamence|Outrage|p2a: noxious
|-damage|p2a: noxious|11/100
|move|p2a: noxious|Thunder Wave|p1a: Salamence|[miss]
|-miss|p2a: noxious|p1a: Salamence
|
|-heal|p2a: noxious|17/100|[from] item: Leftovers
|upkeep
|turn|31
|
|t:|1779800035
|move|p1a: Salamence|Outrage|p2a: noxious|[from] lockedmove
|-damage|p2a: noxious|0 fnt
|faint|p2a: noxious
|-ability|p1a: Salamence|Moxie|boost
|-boost|p1a: Salamence|atk|1
|-start|p1a: Salamence|confusion|[fatigue]
|
|upkeep
|
|t:|1779800046
|switch|p2a: Tha Claw|Weavile, F|100/100
|-ability|p2a: Tha Claw|Pressure
|turn|32
|
|t:|1779800051
|switch|p1a: Dusknoir|Dusknoir, M|82/100 par
|-ability|p1a: Dusknoir|Pressure
|move|p2a: Tha Claw|Ice Spinner|p1a: Dusknoir
|-damage|p1a: Dusknoir|44/100 par
|-damage|p2a: Tha Claw|84/100|[from] item: Rocky Helmet|[of] p1a: Dusknoir
|
|upkeep
|turn|33
|
|t:|1779800060
|switch|p2a: Edge runner|Bisharp, F|47/100 brn
|-ability|p2a: Edge runner|Pressure
|move|p1a: Dusknoir|Will-O-Wisp|p2a: Edge runner|[miss]
|-miss|p1a: Dusknoir|p2a: Edge runner
|
|-damage|p2a: Edge runner|41/100 brn|[from] brn
|upkeep
|turn|34
|
|t:|1779800063
|move|p2a: Edge runner|Stealth Rock|p1a: Dusknoir
|-sidestart|p1: MadmanMax007|move: Stealth Rock
|move|p1a: Dusknoir|Confuse Ray|p2a: Edge runner
|-start|p2a: Edge runner|confusion
|
|-damage|p2a: Edge runner|35/100 brn|[from] brn
|upkeep
|turn|35
|
|t:|1779800073
|-activate|p2a: Edge runner|confusion
|-damage|p2a: Edge runner|27/100 brn|[from] confusion
|move|p1a: Dusknoir|Bind|p2a: Edge runner
|-resisted|p2a: Edge runner
|-damage|p2a: Edge runner|26/100 brn
|-activate|p2a: Edge runner|move: Bind|[of] p1a: Dusknoir
|
|-damage|p2a: Edge runner|20/100 brn|[from] brn
|-damage|p2a: Edge runner|8/100 brn|[from] move: Bind|[partiallytrapped]
|upkeep
|turn|36
|
|t:|1779800079
|-activate|p2a: Edge runner|confusion
|-damage|p2a: Edge runner|0 fnt|[from] confusion
|faint|p2a: Edge runner
|move|p1a: Dusknoir|Ice Punch|p2: Edge runner|[notarget]
|-fail|p1a: Dusknoir
|
|upkeep
|
|t:|1779800084
|switch|p2a: Tha Claw|Weavile, F|84/100
|-ability|p2a: Tha Claw|Pressure
|turn|37
|
|t:|1779800086
|move|p2a: Tha Claw|Knock Off|p1a: Dusknoir
|-supereffective|p1a: Dusknoir
|-damage|p1a: Dusknoir|0 fnt
|-damage|p2a: Tha Claw|67/100|[from] item: Rocky Helmet|[of] p1a: Dusknoir
|-enditem|p1a: Dusknoir|Rocky Helmet|[from] move: Knock Off|[of] p2a: Tha Claw
|faint|p1a: Dusknoir
|
|upkeep
|
|t:|1779800089
|switch|p1a: Salamence|Salamence, M, tera:Normal|100/100
|-damage|p1a: Salamence|88/100|[from] Stealth Rock
|turn|38
|
|t:|1779800099
|move|p1a: Salamence|Stone Edge|p2a: Tha Claw
|-supereffective|p2a: Tha Claw
|-damage|p2a: Tha Claw|0 fnt
|faint|p2a: Tha Claw
|-ability|p1a: Salamence|Moxie|boost
|-boost|p1a: Salamence|atk|1
|
|upkeep
|
|t:|1779800109
|switch|p2a: Hard|Corviknight, F|82/100
|-ability|p2a: Hard|Pressure
|turn|39
|
|t:|1779800114
|move|p1a: Salamence|Stone Edge|p2a: Hard|[miss]
|-miss|p1a: Salamence|p2a: Hard
|move|p2a: Hard|Body Press|p1a: Salamence
|-supereffective|p1a: Salamence
|-damage|p1a: Salamence|24/100
|
|-heal|p2a: Hard|89/100|[from] item: Leftovers
|upkeep
|turn|40
|
|t:|1779800120
|move|p1a: Salamence|Stone Edge|p2a: Hard|[miss]
|-miss|p1a: Salamence|p2a: Hard
|move|p2a: Hard|Body Press|p1a: Salamence
|-supereffective|p1a: Salamence
|-damage|p1a: Salamence|0 fnt
|faint|p1a: Salamence
|
|win|Justdock
|raw|MadmanMax007's rating: 1119 &rarr; <strong>1094</strong><br />(-25 for losing)
|raw|Justdock's rating: 1118 &rarr; <strong>1143</strong><br />(+25 for winning)
|l|☆Justdock
|player|p2|
|l|☆MadmanMax007
|player|p1|
