|j|‽Jirachi in Jordans
|j|☆Hairyrichard69er
|t:|1779805635
|gametype|singles
|player|p1|Jirachi in Jordans|unknown|1379
|player|p2|Hairyrichard69er|266|1350
|gen|9
|tier|[Gen 9] OU
|rated|
|rule|HP Percentage Mod: HP is shown in percentages
|rule|Endless Battle Clause: Forcing endless battles is banned
|rule|Species Clause: Limit one of each Pokémon
|rule|OHKO Clause: OHKO moves are banned
|rule|Evasion Items Clause: Evasion items are banned
|rule|Evasion Moves Clause: Evasion moves are banned
|rule|Evasion Abilities Clause: Evasion abilities are banned
|rule|Sleep Moves Clause: Sleep-inducing moves are banned
|clearpoke
|poke|p1|Crawdaunt, F|
|poke|p1|Alomomola, F|
|poke|p1|Zapdos|
|poke|p1|Great Tusk|
|poke|p1|Iron Valiant|
|poke|p1|Dragapult, M|
|poke|p2|Venusaur, M|
|poke|p2|Blaziken, M|
|poke|p2|Primarina, F|
|poke|p2|Greninja-*, M|
|poke|p2|Rillaboom, F|
|poke|p2|Swampert, M|
|teampreview
|inactive|Battle timer is ON: inactive players will automatically lose when time's up. (requested by Jirachi in Jordans)
|
|t:|1779805643
|teamsize|p1|6
|teamsize|p2|6
|start
|switch|p1a: Alomomola|Alomomola, F|100/100
|switch|p2a: Swampert|Swampert, M|100/100
|turn|1
|
|t:|1779805646
|move|p2a: Swampert|Stealth Rock|p1a: Alomomola
|-sidestart|p1: Jirachi in Jordans|move: Stealth Rock
|move|p1a: Alomomola|Scald|p2a: Swampert
|-damage|p2a: Swampert|88/100
|
|upkeep
|turn|2
|
|t:|1779805651
|move|p2a: Swampert|Flip Turn|p1a: Alomomola
|-resisted|p1a: Alomomola
|-damage|p1a: Alomomola|88/100
|
|t:|1779805654
|switch|p2a: Primarina|Primarina, F|100/100|[from] Flip Turn
|move|p1a: Alomomola|Flip Turn|p2a: Primarina
|-resisted|p2a: Primarina
|-damage|p2a: Primarina|91/100
|
|t:|1779805658
|switch|p1a: Zapdos|Zapdos|100/100|[from] Flip Turn
|
|-heal|p2a: Primarina|97/100|[from] item: Leftovers
|upkeep
|turn|3
|
|t:|1779805662
|move|p1a: Zapdos|Volt Switch|p2a: Primarina
|-supereffective|p2a: Primarina
|-damage|p2a: Primarina|48/100
|
|t:|1779805665
|switch|p1a: Alomomola|Alomomola, F|100/100|[from] Volt Switch
|move|p2a: Primarina|Calm Mind|p2a: Primarina
|-boost|p2a: Primarina|spa|1
|-boost|p2a: Primarina|spd|1
|
|-heal|p2a: Primarina|54/100|[from] item: Leftovers
|upkeep
|turn|4
|
|t:|1779805670
|move|p2a: Primarina|Moonblast|p1a: Alomomola
|-damage|p1a: Alomomola|47/100
|-unboost|p1a: Alomomola|spa|1
|move|p1a: Alomomola|Scald|p2a: Primarina
|-resisted|p2a: Primarina
|-damage|p2a: Primarina|52/100
|-status|p2a: Primarina|brn
|
|-heal|p2a: Primarina|58/100 brn|[from] item: Leftovers
|-damage|p2a: Primarina|52/100 brn|[from] brn
|upkeep
|turn|5
|
|t:|1779805677
|switch|p1a: Zapdos|Zapdos|100/100
|move|p2a: Primarina|Moonblast|p1a: Zapdos
|-damage|p1a: Zapdos|17/100
|-unboost|p1a: Zapdos|spa|1
|
|-heal|p2a: Primarina|58/100 brn|[from] item: Leftovers
|-damage|p2a: Primarina|52/100 brn|[from] brn
|upkeep
|turn|6
|
|t:|1779805681
|move|p1a: Zapdos|Volt Switch|p2a: Primarina
|-supereffective|p2a: Primarina
|-damage|p2a: Primarina|30/100 brn
|
|t:|1779805685
|switch|p1a: Alomomola|Alomomola, F|80/100|[from] Volt Switch
|move|p2a: Primarina|Moonblast|p1a: Alomomola
|-damage|p1a: Alomomola|19/100
|-unboost|p1a: Alomomola|spa|1
|
|-heal|p2a: Primarina|36/100 brn|[from] item: Leftovers
|-damage|p2a: Primarina|30/100 brn|[from] brn
|upkeep
|turn|7
|
|t:|1779805695
|move|p2a: Primarina|Moonblast|p1a: Alomomola
|-damage|p1a: Alomomola|0 fnt
|faint|p1a: Alomomola
|
|-heal|p2a: Primarina|36/100 brn|[from] item: Leftovers
|-damage|p2a: Primarina|30/100 brn|[from] brn
|upkeep
|
|t:|1779805700
|switch|p1a: Zapdos|Zapdos|17/100
|turn|8
|
|t:|1779805707
|move|p1a: Zapdos|Discharge|p2a: Primarina
|-supereffective|p2a: Primarina
|-damage|p2a: Primarina|0 fnt
|faint|p2a: Primarina
|
|upkeep
|
|t:|1779805712
|switch|p2a: Rillaboom|Rillaboom, F|100/100
|-fieldstart|move: Grassy Terrain|[from] ability: Grassy Surge|[of] p2a: Rillaboom
|turn|9
|
|t:|1779805717
|switch|p1a: Dragapult|Dragapult, M|100/100
|move|p2a: Rillaboom|Grassy Glide|p1a: Dragapult
|-resisted|p1a: Dragapult
|-damage|p1a: Dragapult|61/100
|
|-heal|p1a: Dragapult|68/100|[from] Grassy Terrain
|upkeep
|turn|10
|
|t:|1779805725
|switch|p2a: Greninja|Greninja, M|100/100
|move|p1a: Dragapult|Will-O-Wisp|p2a: Greninja
|-status|p2a: Greninja|brn
|
|-heal|p1a: Dragapult|74/100|[from] Grassy Terrain
|-damage|p2a: Greninja|95/100 brn|[from] brn
|upkeep
|turn|11
|
|t:|1779805740
|switch|p1a: Crawdaunt|Crawdaunt, F|100/100
|-damage|p1a: Crawdaunt|88/100|[from] Stealth Rock
|move|p2a: Greninja|Hydro Pump|p1a: Crawdaunt
|-start|p2a: Greninja|typechange|Water|[from] ability: Protean
|-resisted|p1a: Crawdaunt
|-damage|p1a: Crawdaunt|28/100
|-damage|p2a: Greninja|85/100 brn|[from] item: Life Orb
|
|-heal|p2a: Greninja|91/100 brn|[from] Grassy Terrain
|-heal|p1a: Crawdaunt|34/100|[from] Grassy Terrain
|-damage|p2a: Greninja|85/100 brn|[from] brn
|upkeep
|turn|12
|
|t:|1779805749
|move|p2a: Greninja|Hydro Pump|p1a: Crawdaunt
|-resisted|p1a: Crawdaunt
|-damage|p1a: Crawdaunt|0 fnt
|faint|p1a: Crawdaunt
|-damage|p2a: Greninja|75/100 brn|[from] item: Life Orb
|
|-heal|p2a: Greninja|81/100 brn|[from] Grassy Terrain
|-damage|p2a: Greninja|75/100 brn|[from] brn
|upkeep
|
|t:|1779805757
|switch|p1a: Dragapult|Dragapult, M|74/100
|turn|13
|
|t:|1779805760
|move|p1a: Dragapult|Hex|p2a: Greninja
|-damage|p2a: Greninja|0 fnt
|faint|p2a: Greninja
|
|-heal|p1a: Dragapult|80/100|[from] Grassy Terrain
|-fieldend|move: Grassy Terrain
|upkeep
|
|t:|1779805770
|switch|p2a: Blaziken|Blaziken, M|100/100
|turn|14
|
|t:|1779805772
|move|p1a: Dragapult|Dragon Darts|p2a: Blaziken
|-crit|p2a: Blaziken
|-damage|p2a: Blaziken|56/100
|-anim|p1a: Dragapult|Dragon Darts|p2a: Blaziken
|-damage|p2a: Blaziken|27/100
|move|p2a: Blaziken|Swords Dance|p2a: Blaziken
|-boost|p2a: Blaziken|atk|2
|
|-ability|p2a: Blaziken|Speed Boost|boost
|-boost|p2a: Blaziken|spe|1
|upkeep
|turn|15
|
|t:|1779805783
|move|p1a: Dragapult|Thunder Wave|p2a: Blaziken
|-status|p2a: Blaziken|par
|cant|p2a: Blaziken|par
|
|-ability|p2a: Blaziken|Speed Boost|boost
|-boost|p2a: Blaziken|spe|1
|upkeep
|turn|16
|
|t:|1779805787
|move|p2a: Blaziken|Protect|p2a: Blaziken
|-singleturn|p2a: Blaziken|Protect
|move|p1a: Dragapult|Hex|p2a: Blaziken
|-activate|p2a: Blaziken|move: Protect
|
|-ability|p2a: Blaziken|Speed Boost|boost
|-boost|p2a: Blaziken|spe|1
|upkeep
|turn|17
|
|t:|1779805793
|switch|p1a: Great Tusk|Great Tusk|100/100
|-damage|p1a: Great Tusk|98/100|[from] Stealth Rock
|move|p2a: Blaziken|Knock Off|p1a: Great Tusk
|-resisted|p1a: Great Tusk
|-damage|p1a: Great Tusk|82/100
|-damage|p2a: Blaziken|10/100 par|[from] item: Rocky Helmet|[of] p1a: Great Tusk
|-enditem|p1a: Great Tusk|Rocky Helmet|[from] move: Knock Off|[of] p2a: Blaziken
|
|-ability|p2a: Blaziken|Speed Boost|boost
|-boost|p2a: Blaziken|spe|1
|upkeep
|turn|18
|
|t:|1779805797
|move|p2a: Blaziken|Close Combat|p1a: Great Tusk
|-damage|p1a: Great Tusk|16/100
|-unboost|p2a: Blaziken|def|1
|-unboost|p2a: Blaziken|spd|1
|move|p1a: Great Tusk|Rapid Spin|p2a: Blaziken
|-damage|p2a: Blaziken|0 fnt
|-boost|p1a: Great Tusk|spe|1
|-sideend|p1: Jirachi in Jordans|Stealth Rock|[from] move: Rapid Spin|[of] p1a: Great Tusk
|faint|p2a: Blaziken
|
|upkeep
|
|t:|1779805800
|switch|p2a: Rillaboom|Rillaboom, F|100/100
|-fieldstart|move: Grassy Terrain|[from] ability: Grassy Surge|[of] p2a: Rillaboom
|turn|19
|
|t:|1779805804
|-end|p1a: Great Tusk|Protosynthesis|[silent]
|switch|p1a: Zapdos|Zapdos|17/100
|move|p2a: Rillaboom|Grassy Glide|p1a: Zapdos
|-resisted|p1a: Zapdos
|-damage|p1a: Zapdos|0 fnt
|faint|p1a: Zapdos
|
|upkeep
|
|t:|1779805808
|switch|p1a: Dragapult|Dragapult, M|80/100
|turn|20
|
|t:|1779805811
|switch|p2a: Swampert|Swampert, M|88/100
|move|p1a: Dragapult|Will-O-Wisp|p2a: Swampert
|-status|p2a: Swampert|brn
|
|-heal|p1a: Dragapult|86/100|[from] Grassy Terrain
|-heal|p2a: Swampert|94/100 brn|[from] Grassy Terrain
|-damage|p2a: Swampert|88/100 brn|[from] brn
|upkeep
|turn|21
|
|t:|1779805813
|move|p1a: Dragapult|Hex|p2a: Swampert
|-damage|p2a: Swampert|36/100 brn
|move|p2a: Swampert|Stealth Rock|p1a: Dragapult
|-sidestart|p1: Jirachi in Jordans|move: Stealth Rock
|
|-heal|p1a: Dragapult|92/100|[from] Grassy Terrain
|-heal|p2a: Swampert|42/100 brn|[from] Grassy Terrain
|-damage|p2a: Swampert|36/100 brn|[from] brn
|upkeep
|turn|22
|
|t:|1779805819
|move|p1a: Dragapult|Hex|p2a: Swampert
|-damage|p2a: Swampert|0 fnt
|faint|p2a: Swampert
|
|-heal|p1a: Dragapult|99/100|[from] Grassy Terrain
|upkeep
|
|t:|1779805822
|switch|p2a: Venusaur|Venusaur, M|100/100
|turn|23
|
|t:|1779805826
|move|p1a: Dragapult|Thunder Wave|p2a: Venusaur
|-status|p2a: Venusaur|par
|move|p2a: Venusaur|Leech Seed|p1a: Dragapult
|-start|p1a: Dragapult|move: Leech Seed
|
|-heal|p1a: Dragapult|100/100|[from] Grassy Terrain
|-damage|p1a: Dragapult|88/100|[from] Leech Seed|[of] p2a: Venusaur
|-fieldend|move: Grassy Terrain
|upkeep
|turn|24
|
|t:|1779805832
|move|p1a: Dragapult|Hex|p2a: Venusaur
|-damage|p2a: Venusaur|51/100 par
|move|p2a: Venusaur|Sludge Bomb|p1a: Dragapult
|-resisted|p1a: Dragapult
|-damage|p1a: Dragapult|57/100
|
|-heal|p2a: Venusaur|57/100 par|[from] item: Black Sludge
|-damage|p1a: Dragapult|45/100|[from] Leech Seed|[of] p2a: Venusaur
|-heal|p2a: Venusaur|68/100 par|[silent]
|upkeep
|turn|25
|
|t:|1779805839
|switch|p1a: Great Tusk|Great Tusk|16/100
|-damage|p1a: Great Tusk|13/100|[from] Stealth Rock
|cant|p2a: Venusaur|par
|
|-heal|p2a: Venusaur|74/100 par|[from] item: Black Sludge
|upkeep
|turn|26
|
|t:|1779805844
|move|p1a: Great Tusk|Rapid Spin|p2a: Venusaur
|-damage|p2a: Venusaur|57/100 par
|-boost|p1a: Great Tusk|spe|1
|-sideend|p1: Jirachi in Jordans|Stealth Rock|[from] move: Rapid Spin|[of] p1a: Great Tusk
|cant|p2a: Venusaur|par
|
|-heal|p2a: Venusaur|63/100 par|[from] item: Black Sludge
|upkeep
|turn|27
|
|t:|1779805849
|move|p1a: Great Tusk|Earthquake|p2a: Venusaur
|-damage|p2a: Venusaur|16/100 par
|cant|p2a: Venusaur|par
|
|-heal|p2a: Venusaur|22/100 par|[from] item: Black Sludge
|upkeep
|turn|28
|
|t:|1779805853
|move|p1a: Great Tusk|Earthquake|p2a: Venusaur
|-damage|p2a: Venusaur|0 fnt
|faint|p2a: Venusaur
|
|upkeep
|
|t:|1779805855
|switch|p2a: Rillaboom|Rillaboom, F|100/100
|-fieldstart|move: Grassy Terrain|[from] ability: Grassy Surge|[of] p2a: Rillaboom
|turn|29
|
|t:|1779805858
|-terastallize|p2a: Rillaboom|Grass
|move|p2a: Rillaboom|Grassy Glide|p1a: Great Tusk
|-supereffective|p1a: Great Tusk
|-damage|p1a: Great Tusk|0 fnt
|faint|p1a: Great Tusk
|-end|p1a: Great Tusk|Protosynthesis|[silent]
|
|upkeep
|
|t:|1779805861
|switch|p1a: Dragapult|Dragapult, M|45/100
|turn|30
|
|t:|1779805863
|move|p2a: Rillaboom|Grassy Glide|p1a: Dragapult
|-resisted|p1a: Dragapult
|-damage|p1a: Dragapult|0 fnt
|faint|p1a: Dragapult
|
|upkeep
|
|t:|1779805865
|switch|p1a: Iron Valiant|Iron Valiant|100/100
|-enditem|p1a: Iron Valiant|Booster Energy
|-activate|p1a: Iron Valiant|ability: Quark Drive|[fromitem]
|-start|p1a: Iron Valiant|quarkdrivespe
|turn|31
|
|t:|1779805867
|move|p2a: Rillaboom|Grassy Glide|p1a: Iron Valiant
|-damage|p1a: Iron Valiant|0 fnt
|faint|p1a: Iron Valiant
|-end|p1a: Iron Valiant|Quark Drive|[silent]
|
|win|Hairyrichard69er
|raw|Jirachi in Jordans's rating: 1379 &rarr; <strong>1357</strong><br />(-22 for losing)
|raw|Hairyrichard69er's rating: 1350 &rarr; <strong>1372</strong><br />(+22 for winning)
|c|☆Hairyrichard69er|Gg
|l|‽Jirachi in Jordans
|player|p1|
|l|☆Hairyrichard69er
|player|p2|
