|j|☆Goolagola
|j|☆draconotmeteor
|t:|1779877694
|gametype|singles
|player|p1|Goolagola|colress|1296
|player|p2|draconotmeteor|shauntal|1369
|gen|9
|tier|[Gen 9] OU
|rated|
|rule|HP Percentage Mod: HP is shown in percentages
|rule|Endless Battle Clause: Forcing endless battles is banned
|rule|Species Clause: Limit one of each Pokémon
|rule|OHKO Clause: OHKO moves are banned
|rule|Evasion Items Clause: Evasion items are banned
|rule|Evasion Moves Clause: Evasion moves are banned
|rule|Evasion Abilities Clause: Evasion abilities are banned
|rule|Sleep Moves Clause: Sleep-inducing moves are banned
|clearpoke
|poke|p1|Delphox, M|
|poke|p1|Indeedee, M|
|poke|p1|Araquanid, M|
|poke|p1|Forretress, F|
|poke|p1|Ogerpon, F|
|poke|p1|Hawlucha, F|
|poke|p2|Gliscor, F|
|poke|p2|Pecharunt|
|poke|p2|Ting-Lu|
|poke|p2|Ogerpon, F|
|poke|p2|Tinkaton, F|
|poke|p2|Kyurem|
|teampreview
|inactive|Battle timer is ON: inactive players will automatically lose when time's up. (requested by Goolagola)
|
|t:|1779877718
|teamsize|p1|6
|teamsize|p2|6
|start
|switch|p1a: Araquanid|Araquanid, M|100/100
|switch|p2a: Kyurem|Kyurem|100/100
|-ability|p2a: Kyurem|Pressure
|turn|1
|
|t:|1779877724
|move|p2a: Kyurem|Substitute|p2a: Kyurem
|-start|p2a: Kyurem|Substitute
|-damage|p2a: Kyurem|75/100
|move|p1a: Araquanid|Surf|p2a: Kyurem
|-resisted|p2a: Kyurem
|-end|p2a: Kyurem|Substitute
|
|-heal|p2a: Kyurem|82/100|[from] item: Leftovers
|upkeep
|turn|2
|
|t:|1779877727
|move|p2a: Kyurem|Protect|p2a: Kyurem
|-singleturn|p2a: Kyurem|Protect
|move|p1a: Araquanid|Surf|p2a: Kyurem
|-activate|p2a: Kyurem|move: Protect
|
|-heal|p2a: Kyurem|88/100|[from] item: Leftovers
|upkeep
|turn|3
|
|t:|1779877730
|move|p2a: Kyurem|Substitute|p2a: Kyurem
|-start|p2a: Kyurem|Substitute
|-damage|p2a: Kyurem|63/100
|move|p1a: Araquanid|Surf|p2a: Kyurem
|-resisted|p2a: Kyurem
|-end|p2a: Kyurem|Substitute
|
|-heal|p2a: Kyurem|69/100|[from] item: Leftovers
|upkeep
|turn|4
|
|t:|1779877732
|move|p2a: Kyurem|Substitute|p2a: Kyurem
|-start|p2a: Kyurem|Substitute
|-damage|p2a: Kyurem|44/100
|move|p1a: Araquanid|Surf|p2a: Kyurem
|-resisted|p2a: Kyurem
|-end|p2a: Kyurem|Substitute
|
|-heal|p2a: Kyurem|50/100|[from] item: Leftovers
|upkeep
|turn|5
|
|t:|1779877735
|move|p2a: Kyurem|Freeze-Dry|p1a: Araquanid
|-supereffective|p1a: Araquanid
|-damage|p1a: Araquanid|45/100
|-status|p1a: Araquanid|frz
|cant|p1a: Araquanid|frz
|
|-heal|p2a: Kyurem|56/100|[from] item: Leftovers
|upkeep
|turn|6
|
|t:|1779877742
|switch|p1a: Forretress|Forretress, F|100/100
|move|p2a: Kyurem|Substitute|p2a: Kyurem
|-start|p2a: Kyurem|Substitute
|-damage|p2a: Kyurem|31/100
|
|-heal|p2a: Kyurem|38/100|[from] item: Leftovers
|upkeep
|turn|7
|
|t:|1779877744
|move|p2a: Kyurem|Earth Power|p1a: Forretress
|-damage|p1a: Forretress|58/100
|-enditem|p1a: Forretress|Red Card|[of] p2a: Kyurem
|drag|p2a: Tinkaton|Tinkaton, F|100/100
|-ability|p2a: Tinkaton|Mold Breaker
|move|p1a: Forretress|Stealth Rock|p2a: Tinkaton
|-sidestart|p2: draconotmeteor|move: Stealth Rock
|
|upkeep
|turn|8
|
|t:|1779877751
|switch|p1a: Araquanid|Araquanid, M|45/100 frz
|move|p2a: Tinkaton|Stealth Rock|p1a: Araquanid
|-sidestart|p1: Goolagola|move: Stealth Rock
|
|upkeep
|turn|9
|
|t:|1779877754
|switch|p2a: Kyurem|Kyurem|38/100
|-damage|p2a: Kyurem|13/100|[from] Stealth Rock
|-ability|p2a: Kyurem|Pressure
|-curestatus|p1a: Araquanid|frz|[msg]
|move|p1a: Araquanid|Sticky Web|p2a: Kyurem
|-sidestart|p2: draconotmeteor|move: Sticky Web
|
|-heal|p2a: Kyurem|19/100|[from] item: Leftovers
|upkeep
|turn|10
|
|t:|1779877757
|move|p2a: Kyurem|Freeze-Dry|p1a: Araquanid
|-supereffective|p1a: Araquanid
|-damage|p1a: Araquanid|0 fnt
|faint|p1a: Araquanid
|
|-heal|p2a: Kyurem|25/100|[from] item: Leftovers
|upkeep
|
|t:|1779877766
|switch|p1a: Ogerpon|Ogerpon, F|100/100
|-damage|p1a: Ogerpon|88/100|[from] Stealth Rock
|turn|11
|
|t:|1779877769
|move|p2a: Kyurem|Protect|p2a: Kyurem
|-singleturn|p2a: Kyurem|Protect
|move|p1a: Ogerpon|U-turn|p2a: Kyurem
|-activate|p2a: Kyurem|move: Protect
|
|-heal|p2a: Kyurem|31/100|[from] item: Leftovers
|upkeep
|turn|12
|
|t:|1779877772
|move|p1a: Ogerpon|U-turn|p2a: Kyurem
|-damage|p2a: Kyurem|0 fnt
|faint|p2a: Kyurem
|
|t:|1779877777
|switch|p1a: Forretress|Forretress, F|58/100|[from] U-turn
|-damage|p1a: Forretress|46/100|[from] Stealth Rock
|
|upkeep
|
|t:|1779877780
|switch|p2a: Ting-Lu|Ting-Lu|100/100
|-damage|p2a: Ting-Lu|94/100|[from] Stealth Rock
|-activate|p2a: Ting-Lu|move: Sticky Web
|-unboost|p2a: Ting-Lu|spe|1
|-ability|p2a: Ting-Lu|Vessel of Ruin
|turn|13
|
|t:|1779877783
|move|p1a: Forretress|Rapid Spin|p2a: Ting-Lu
|-damage|p2a: Ting-Lu|89/100
|-boost|p1a: Forretress|spe|1
|-sideend|p1: Goolagola|Stealth Rock|[from] move: Rapid Spin|[of] p1a: Forretress
|move|p2a: Ting-Lu|Spikes|p1a: Forretress
|-sidestart|p1: Goolagola|Spikes
|
|-heal|p2a: Ting-Lu|95/100|[from] item: Leftovers
|upkeep
|turn|14
|
|t:|1779877787
|move|p1a: Forretress|Rapid Spin|p2a: Ting-Lu
|-damage|p2a: Ting-Lu|90/100
|-boost|p1a: Forretress|spe|1
|-sideend|p1: Goolagola|Spikes|[from] move: Rapid Spin|[of] p1a: Forretress
|move|p2a: Ting-Lu|Spikes|p1a: Forretress
|-sidestart|p1: Goolagola|Spikes
|
|-heal|p2a: Ting-Lu|97/100|[from] item: Leftovers
|upkeep
|turn|15
|
|t:|1779877790
|move|p1a: Forretress|Rapid Spin|p2a: Ting-Lu
|-damage|p2a: Ting-Lu|91/100
|-boost|p1a: Forretress|spe|1
|-sideend|p1: Goolagola|Spikes|[from] move: Rapid Spin|[of] p1a: Forretress
|move|p2a: Ting-Lu|Spikes|p1a: Forretress
|-sidestart|p1: Goolagola|Spikes
|
|-heal|p2a: Ting-Lu|98/100|[from] item: Leftovers
|upkeep
|turn|16
|
|t:|1779877793
|move|p1a: Forretress|Rapid Spin|p2a: Ting-Lu
|-damage|p2a: Ting-Lu|92/100
|-boost|p1a: Forretress|spe|1
|-sideend|p1: Goolagola|Spikes|[from] move: Rapid Spin|[of] p1a: Forretress
|move|p2a: Ting-Lu|Spikes|p1a: Forretress
|-sidestart|p1: Goolagola|Spikes
|
|-heal|p2a: Ting-Lu|98/100|[from] item: Leftovers
|upkeep
|turn|17
|
|t:|1779877795
|move|p1a: Forretress|Rapid Spin|p2a: Ting-Lu
|-damage|p2a: Ting-Lu|93/100
|-boost|p1a: Forretress|spe|1
|-sideend|p1: Goolagola|Spikes|[from] move: Rapid Spin|[of] p1a: Forretress
|move|p2a: Ting-Lu|Earthquake|p1a: Forretress
|-damage|p1a: Forretress|26/100
|
|-heal|p2a: Ting-Lu|99/100|[from] item: Leftovers
|upkeep
|turn|18
|
|t:|1779877798
|move|p1a: Forretress|Rapid Spin|p2a: Ting-Lu
|-damage|p2a: Ting-Lu|94/100
|-boost|p1a: Forretress|spe|1
|move|p2a: Ting-Lu|Earthquake|p1a: Forretress
|-damage|p1a: Forretress|4/100
|
|-heal|p2a: Ting-Lu|99/100|[from] item: Leftovers
|upkeep
|turn|19
|
|t:|1779877806
|switch|p1a: Indeedee|Indeedee, M|100/100
|-fieldstart|move: Psychic Terrain|[from] ability: Psychic Surge|[of] p1a: Indeedee
|move|p2a: Ting-Lu|Spikes|p1a: Indeedee
|-sidestart|p1: Goolagola|Spikes
|
|-heal|p2a: Ting-Lu|100/100|[from] item: Leftovers
|upkeep
|turn|20
|
|t:|1779877816
|move|p1a: Indeedee|Encore|p2a: Ting-Lu
|-start|p2a: Ting-Lu|Encore
|move|p2a: Ting-Lu|Spikes|p1a: Indeedee
|-sidestart|p1: Goolagola|Spikes
|
|upkeep
|turn|21
|
|t:|1779877820
|switch|p1a: Hawlucha|Hawlucha, F|100/100
|-enditem|p1a: Hawlucha|Psychic Seed
|-boost|p1a: Hawlucha|spd|1|[from] item: Psychic Seed
|switch|p2a: Tinkaton|Tinkaton, F|100/100
|-ability|p2a: Tinkaton|Mold Breaker
|
|upkeep
|turn|22
|
|t:|1779877828
|move|p1a: Hawlucha|Swords Dance|p1a: Hawlucha
|-boost|p1a: Hawlucha|atk|2
|move|p2a: Tinkaton|Encore|p1a: Hawlucha
|-start|p1a: Hawlucha|Encore
|
|upkeep
|turn|23
|
|t:|1779877834
|switch|p1a: Forretress|Forretress, F|4/100
|-damage|p1a: Forretress|0 fnt|[from] Spikes
|faint|p1a: Forretress
|move|p2a: Tinkaton|Thunder Wave|p1: Forretress|[notarget]
|-fail|p2a: Tinkaton
|
|upkeep
|
|t:|1779877837
|switch|p1a: Delphox|Delphox, M, shiny|100/100
|-damage|p1a: Delphox|84/100|[from] Spikes
|turn|24
|
|t:|1779877840
|switch|p2a: Ting-Lu|Ting-Lu|100/100
|-damage|p2a: Ting-Lu|94/100|[from] Stealth Rock
|-activate|p2a: Ting-Lu|move: Sticky Web
|-unboost|p2a: Ting-Lu|spe|1
|-ability|p2a: Ting-Lu|Vessel of Ruin
|move|p1a: Delphox|Nasty Plot|p1a: Delphox
|-boost|p1a: Delphox|spa|2
|
|-heal|p2a: Ting-Lu|100/100|[from] item: Leftovers
|upkeep
|turn|25
|
|t:|1779877850
|move|p1a: Delphox|Nasty Plot|p1a: Delphox
|-boost|p1a: Delphox|spa|2
|move|p2a: Ting-Lu|Whirlwind|p1a: Delphox
|drag|p1a: Hawlucha|Hawlucha, F|100/100
|
|upkeep
|turn|26
|
|t:|1779877858
|switch|p2a: Pecharunt|Pecharunt|100/100
|move|p1a: Hawlucha|Swords Dance|p1a: Hawlucha
|-boost|p1a: Hawlucha|atk|2
|
|-fieldend|move: Psychic Terrain
|upkeep
|turn|27
|
|t:|1779877866
|-terastallize|p1a: Hawlucha|Steel
|move|p1a: Hawlucha|Swords Dance|p1a: Hawlucha
|-boost|p1a: Hawlucha|atk|2
|move|p2a: Pecharunt|Malignant Chain|p1a: Hawlucha
|-immune|p1a: Hawlucha
|
|upkeep
|turn|28
|
|t:|1779877871
|move|p1a: Hawlucha|Encore|p2a: Pecharunt
|-start|p2a: Pecharunt|Encore
|move|p2a: Pecharunt|Malignant Chain|p1a: Hawlucha
|-immune|p1a: Hawlucha
|
|upkeep
|turn|29
|
|t:|1779877880
|switch|p2a: Ogerpon|Ogerpon, F|100/100
|move|p1a: Hawlucha|Swords Dance|p1a: Hawlucha
|-boost|p1a: Hawlucha|atk|2
|
|upkeep
|turn|30
|
|t:|1779877886
|-terastallize|p2a: Ogerpon|Grass
|detailschange|p2a: Ogerpon|Ogerpon-Teal-Tera, F, tera:Grass
|-ability|p2a: Ogerpon|Embody Aspect (Teal)|boost
|-boost|p2a: Ogerpon|spe|1
|move|p2a: Ogerpon|Encore|p1a: Hawlucha
|-start|p1a: Hawlucha|Encore
|move|p1a: Hawlucha|Swords Dance|p1a: Hawlucha
|-boost|p1a: Hawlucha|atk|0
|
|upkeep
|turn|31
|
|t:|1779877894
|switch|p1a: Indeedee|Indeedee, M|100/100
|-damage|p1a: Indeedee|84/100|[from] Spikes
|-fieldstart|move: Psychic Terrain|[from] ability: Psychic Surge|[of] p1a: Indeedee
|move|p2a: Ogerpon|Knock Off|p1a: Indeedee
|-supereffective|p1a: Indeedee
|-damage|p1a: Indeedee|15/100
|-enditem|p1a: Indeedee|Terrain Extender|[from] move: Knock Off|[of] p2a: Ogerpon
|
|upkeep
|turn|32
|-message|Goolagola forfeited.
|
|win|draconotmeteor
|raw|Goolagola's rating: 1296 &rarr; <strong>1276</strong><br />(-20 for losing)
|raw|draconotmeteor's rating: 1369 &rarr; <strong>1385</strong><br />(+16 for winning)
|l|☆Goolagola
|player|p1|
|l|☆draconotmeteor
|player|p2|
