|j|☆jonaozean
|j|☆Embid❤️mah
|t:|1779883335
|gametype|singles
|player|p1|jonaozean|marlon|1569
|player|p2|Embid❤️mah|swimmer|1507
|gen|9
|tier|[Gen 9] OU
|rated|
|rule|HP Percentage Mod: HP is shown in percentages
|rule|Endless Battle Clause: Forcing endless battles is banned
|rule|Species Clause: Limit one of each Pokémon
|rule|OHKO Clause: OHKO moves are banned
|rule|Evasion Items Clause: Evasion items are banned
|rule|Evasion Moves Clause: Evasion moves are banned
|rule|Evasion Abilities Clause: Evasion abilities are banned
|rule|Sleep Moves Clause: Sleep-inducing moves are banned
|clearpoke
|poke|p1|Gliscor, F|
|poke|p1|Blissey, F|
|poke|p1|Sableye, M|
|poke|p1|Chesnaught, F|
|poke|p1|Corviknight, M|
|poke|p1|Clefable, F|
|poke|p2|Dragonite, F|
|poke|p2|Gholdengo|
|poke|p2|Iron Crown|
|poke|p2|Glimmora, F|
|poke|p2|Ting-Lu|
|poke|p2|Ogerpon-Wellspring, F|
|teampreview
|inactive|Battle timer is ON: inactive players will automatically lose when time's up. (requested by Embid❤️mah)
|
|t:|1779883355
|teamsize|p1|6
|teamsize|p2|6
|start
|switch|p1a: Blissey|Blissey, F|100/100
|switch|p2a: Ogerpon|Ogerpon-Wellspring, F|100/100
|turn|1
|j| TinyDragon000
|
|t:|1779883360
|switch|p1a: Chesnaught|Chesnaught, F|100/100
|move|p2a: Ogerpon|Swords Dance|p2a: Ogerpon
|-boost|p2a: Ogerpon|atk|2
|
|upkeep
|turn|2
|
|t:|1779883366
|switch|p1a: Corviknight|Corviknight, M|100/100
|-ability|p1a: Corviknight|Pressure
|move|p2a: Ogerpon|U-turn|p1a: Corviknight
|-resisted|p1a: Corviknight
|-damage|p1a: Corviknight|93/100
|-damage|p2a: Ogerpon|84/100|[from] item: Rocky Helmet|[of] p1a: Corviknight
|
|t:|1779883380
|switch|p2a: Ting-Lu|Ting-Lu|100/100|[from] U-turn
|-ability|p2a: Ting-Lu|Vessel of Ruin
|
|upkeep
|turn|3
|
|t:|1779883385
|move|p1a: Corviknight|U-turn|p2a: Ting-Lu
|-supereffective|p2a: Ting-Lu
|-damage|p2a: Ting-Lu|84/100
|-damage|p1a: Corviknight|76/100|[from] item: Rocky Helmet|[of] p2a: Ting-Lu
|
|t:|1779883391
|switch|p1a: Chesnaught|Chesnaught, F|100/100|[from] U-turn
|move|p2a: Ting-Lu|Spikes|p1a: Chesnaught
|-sidestart|p1: jonaozean|Spikes
|
|upkeep
|turn|4
|
|t:|1779883397
|switch|p2a: Gholdengo|Gholdengo|100/100
|move|p1a: Chesnaught|Spikes|p2a: Gholdengo
|-sidestart|p2: Embid❤️mah|Spikes
|
|upkeep
|turn|5
|
|t:|1779883401
|switch|p1a: Corviknight|Corviknight, M|76/100
|-ability|p1a: Corviknight|Pressure
|move|p2a: Gholdengo|Thunder Wave|p1a: Corviknight
|-status|p1a: Corviknight|par
|
|upkeep
|turn|6
|
|t:|1779883409
|switch|p2a: Ting-Lu|Ting-Lu|84/100
|-damage|p2a: Ting-Lu|72/100|[from] Spikes
|-ability|p2a: Ting-Lu|Vessel of Ruin
|switch|p1a: newhigh|Gliscor, F|100/100
|
|-status|p1a: newhigh|tox|[from] item: Toxic Orb
|upkeep
|turn|7
|
|t:|1779883415
|switch|p1a: Chesnaught|Chesnaught, F|100/100
|move|p2a: Ting-Lu|Spikes|p1a: Chesnaught
|-sidestart|p1: jonaozean|Spikes
|
|upkeep
|turn|8
|j| Zero Faction
|
|t:|1779883420
|switch|p2a: Glimmora|Glimmora, F|100/100
|-damage|p2a: Glimmora|88/100|[from] Spikes
|move|p1a: Chesnaught|Spikes|p2a: Glimmora
|-sidestart|p2: Embid❤️mah|Spikes
|
|upkeep
|turn|9
|
|t:|1779883429
|switch|p1a: Blissey|Blissey, F|100/100
|move|p2a: Glimmora|Mortal Spin|p1a: Blissey
|-damage|p1a: Blissey|89/100
|-status|p1a: Blissey|psn
|-sideend|p2: Embid❤️mah|Spikes|[from] move: Mortal Spin|[of] p2a: Glimmora
|
|-damage|p1a: Blissey|77/100 psn|[from] psn
|upkeep
|turn|10
|
|t:|1779883442
|move|p2a: Glimmora|Stealth Rock|p1a: Blissey
|-sidestart|p1: jonaozean|move: Stealth Rock
|move|p1a: Blissey|Seismic Toss|p2a: Glimmora
|-damage|p2a: Glimmora|56/100
|-activate|p2a: Glimmora|ability: Toxic Debris
|-sidestart|p1: jonaozean|move: Toxic Spikes
|
|-damage|p1a: Blissey|65/100 psn|[from] psn
|upkeep
|turn|11
|
|t:|1779883448
|move|p2a: Glimmora|Meteor Beam||[still]
|-prepare|p2a: Glimmora|Meteor Beam
|-boost|p2a: Glimmora|spa|1
|-enditem|p2a: Glimmora|Power Herb
|-anim|p2a: Glimmora|Meteor Beam|p1a: Blissey
|-damage|p1a: Blissey|35/100 psn
|move|p1a: Blissey|Soft-Boiled|p1a: Blissey
|-heal|p1a: Blissey|85/100 psn
|
|-damage|p1a: Blissey|73/100 psn|[from] psn
|upkeep
|turn|12
|inactive|jonaozean has 120 seconds left.
|inactive|jonaozean has 90 seconds left.
|
|t:|1779883509
|move|p2a: Glimmora|Meteor Beam||[still]
|-prepare|p2a: Glimmora|Meteor Beam
|-boost|p2a: Glimmora|spa|1
|move|p1a: Blissey|Soft-Boiled|p1a: Blissey
|-heal|p1a: Blissey|100/100 psn
|
|-damage|p1a: Blissey|88/100 psn|[from] psn
|upkeep
|turn|13
|l| Zero Faction
|
|t:|1779883526
|move|p2a: Glimmora|Meteor Beam|p1a: Blissey|[from] lockedmove
|-damage|p1a: Blissey|54/100 psn
|move|p1a: Blissey|Calm Mind|p1a: Blissey
|-boost|p1a: Blissey|spa|1
|-boost|p1a: Blissey|spd|1
|
|-damage|p1a: Blissey|42/100 psn|[from] psn
|upkeep
|turn|14
|j| jsnsddk
|
|t:|1779883542
|move|p2a: Glimmora|Meteor Beam||[still]
|-prepare|p2a: Glimmora|Meteor Beam
|-boost|p2a: Glimmora|spa|1
|move|p1a: Blissey|Soft-Boiled|p1a: Blissey
|-heal|p1a: Blissey|92/100 psn
|
|-damage|p1a: Blissey|79/100 psn|[from] psn
|upkeep
|turn|15
|
|t:|1779883546
|move|p2a: Glimmora|Meteor Beam|p1a: Blissey|[from] lockedmove
|-damage|p1a: Blissey|46/100 psn
|move|p1a: Blissey|Calm Mind|p1a: Blissey
|-boost|p1a: Blissey|spa|1
|-boost|p1a: Blissey|spd|1
|
|-damage|p1a: Blissey|34/100 psn|[from] psn
|upkeep
|turn|16
|
|t:|1779883552
|move|p2a: Glimmora|Earth Power|p1a: Blissey
|-damage|p1a: Blissey|22/100 psn
|move|p1a: Blissey|Soft-Boiled|p1a: Blissey
|-heal|p1a: Blissey|72/100 psn
|
|-damage|p1a: Blissey|59/100 psn|[from] psn
|upkeep
|turn|17
|
|t:|1779883561
|move|p2a: Glimmora|Meteor Beam||[still]
|-prepare|p2a: Glimmora|Meteor Beam
|-boost|p2a: Glimmora|spa|1
|move|p1a: Blissey|Soft-Boiled|p1a: Blissey
|-heal|p1a: Blissey|100/100 psn
|
|-damage|p1a: Blissey|88/100 psn|[from] psn
|upkeep
|turn|18
|
|t:|1779883567
|move|p2a: Glimmora|Meteor Beam|p1a: Blissey|[from] lockedmove|[miss]
|-miss|p2a: Glimmora|p1a: Blissey
|move|p1a: Blissey|Shadow Ball|p2a: Glimmora
|-damage|p2a: Glimmora|17/100
|
|-damage|p1a: Blissey|76/100 psn|[from] psn
|upkeep
|turn|19
|
|t:|1779883576
|move|p2a: Glimmora|Earth Power|p1a: Blissey
|-damage|p1a: Blissey|62/100 psn
|move|p1a: Blissey|Seismic Toss|p2a: Glimmora
|-damage|p2a: Glimmora|0 fnt
|-activate|p2a: Glimmora|ability: Toxic Debris
|-sidestart|p1: jonaozean|move: Toxic Spikes
|faint|p2a: Glimmora
|
|-damage|p1a: Blissey|50/100 psn|[from] psn
|upkeep
|
|t:|1779883593
|switch|p2a: Iron Crown|Iron Crown|100/100
|-enditem|p2a: Iron Crown|Booster Energy
|-activate|p2a: Iron Crown|ability: Quark Drive|[fromitem]
|-start|p2a: Iron Crown|quarkdrivespe
|turn|20
|
|t:|1779883601
|-curestatus|p1a: Blissey|psn|[from] ability: Natural Cure|[silent]
|switch|p1a: Sableye|Sableye, M|100/100
|-terastallize|p2a: Iron Crown|Fighting
|move|p2a: Iron Crown|Calm Mind|p2a: Iron Crown
|-boost|p2a: Iron Crown|spa|1
|-boost|p2a: Iron Crown|spd|1
|
|upkeep
|turn|21
|
|t:|1779883609
|move|p1a: Sableye|Encore|p2a: Iron Crown
|-start|p2a: Iron Crown|Encore
|move|p2a: Iron Crown|Calm Mind|p2a: Iron Crown
|-boost|p2a: Iron Crown|spa|1
|-boost|p2a: Iron Crown|spd|1
|
|upkeep
|turn|22
|
|t:|1779883629
|move|p2a: Iron Crown|Calm Mind|p2a: Iron Crown
|-boost|p2a: Iron Crown|spa|1
|-boost|p2a: Iron Crown|spd|1
|move|p1a: Sableye|Knock Off|p2a: Iron Crown
|-resisted|p2a: Iron Crown
|-damage|p2a: Iron Crown|92/100
|
|upkeep
|turn|23
|
|t:|1779883635
|move|p1a: Sableye|Will-O-Wisp|p2a: Iron Crown|[miss]
|-miss|p1a: Sableye|p2a: Iron Crown
|move|p2a: Iron Crown|Calm Mind|p2a: Iron Crown
|-boost|p2a: Iron Crown|spa|1
|-boost|p2a: Iron Crown|spd|1
|
|-end|p2a: Iron Crown|Encore
|upkeep
|turn|24
|
|t:|1779883638
|move|p1a: Sableye|Encore|p2a: Iron Crown
|-start|p2a: Iron Crown|Encore
|move|p2a: Iron Crown|Calm Mind|p2a: Iron Crown
|-boost|p2a: Iron Crown|spa|1
|-boost|p2a: Iron Crown|spd|1
|
|upkeep
|turn|25
|
|t:|1779883642
|move|p1a: Sableye|Will-O-Wisp|p2a: Iron Crown
|-status|p2a: Iron Crown|brn
|move|p2a: Iron Crown|Calm Mind|p2a: Iron Crown
|-boost|p2a: Iron Crown|spa|1
|-boost|p2a: Iron Crown|spd|1
|
|-damage|p2a: Iron Crown|86/100 brn|[from] brn
|upkeep
|turn|26
|
|t:|1779883644
|move|p2a: Iron Crown|Calm Mind|p2a: Iron Crown
|-boost|p2a: Iron Crown|spa|0
|-boost|p2a: Iron Crown|spd|0
|move|p1a: Sableye|Knock Off|p2a: Iron Crown
|-resisted|p2a: Iron Crown
|-damage|p2a: Iron Crown|78/100 brn
|
|-damage|p2a: Iron Crown|72/100 brn|[from] brn
|-end|p2a: Iron Crown|Encore
|upkeep
|turn|27
|
|t:|1779883647
|move|p1a: Sableye|Encore|p2a: Iron Crown
|-start|p2a: Iron Crown|Encore
|move|p2a: Iron Crown|Calm Mind|p2a: Iron Crown
|-boost|p2a: Iron Crown|spa|0
|-boost|p2a: Iron Crown|spd|0
|
|-damage|p2a: Iron Crown|65/100 brn|[from] brn
|upkeep
|turn|28
|
|t:|1779883649
|move|p2a: Iron Crown|Calm Mind|p2a: Iron Crown
|-boost|p2a: Iron Crown|spa|0
|-boost|p2a: Iron Crown|spd|0
|move|p1a: Sableye|Knock Off|p2a: Iron Crown
|-resisted|p2a: Iron Crown
|-damage|p2a: Iron Crown|57/100 brn
|
|-damage|p2a: Iron Crown|50/100 brn|[from] brn
|upkeep
|turn|29
|
|t:|1779883654
|-end|p2a: Iron Crown|Quark Drive|[silent]
|switch|p2a: Gholdengo|Gholdengo|100/100
|move|p1a: Sableye|Knock Off|p2a: Gholdengo
|-supereffective|p2a: Gholdengo
|-enditem|p2a: Gholdengo|Colbur Berry|[eat]
|-enditem|p2a: Gholdengo|Colbur Berry|[weaken]
|-damage|p2a: Gholdengo|83/100
|
|upkeep
|turn|30
|
|t:|1779883665
|switch|p1a: Blissey|Blissey, F|50/100
|move|p2a: Gholdengo|Thunder Wave|p1a: Blissey
|-status|p1a: Blissey|par
|
|upkeep
|turn|31
|
|t:|1779883675
|move|p2a: Gholdengo|Focus Blast|p1a: Blissey|[miss]
|-miss|p2a: Gholdengo|p1a: Blissey
|move|p1a: Blissey|Soft-Boiled|p1a: Blissey
|-heal|p1a: Blissey|99/100 par
|
|upkeep
|turn|32
|
|t:|1779883677
|switch|p2a: Ogerpon|Ogerpon-Wellspring, F|84/100
|move|p1a: Blissey|Shadow Ball|p2a: Ogerpon
|-damage|p2a: Ogerpon|66/100
|
|upkeep
|turn|33
|
|t:|1779883683
|-curestatus|p1a: Blissey|par|[from] ability: Natural Cure|[silent]
|switch|p1a: Chesnaught|Chesnaught, F|100/100
|move|p2a: Ogerpon|Ivy Cudgel|p1a: Chesnaught|[anim] Ivy Cudgel Water
|-resisted|p1a: Chesnaught
|-crit|p1a: Chesnaught
|-damage|p1a: Chesnaught|76/100
|
|upkeep
|turn|34
|
|t:|1779883689
|move|p2a: Ogerpon|U-turn|p1a: Chesnaught
|-damage|p1a: Chesnaught|61/100
|
|t:|1779883694
|switch|p2a: Gholdengo|Gholdengo|83/100|[from] U-turn
|move|p1a: Chesnaught|Spikes|p2a: Gholdengo
|-sidestart|p2: Embid❤️mah|Spikes
|
|upkeep
|turn|35
|
|t:|1779883702
|switch|p2a: Ogerpon|Ogerpon-Wellspring, F|66/100
|-damage|p2a: Ogerpon|54/100|[from] Spikes
|switch|p1a: Blissey|Blissey, F|99/100
|
|upkeep
|turn|36
|l| jsnsddk
|
|t:|1779883713
|switch|p1a: Sableye|Sableye, M|100/100
|move|p2a: Ogerpon|Swords Dance|p2a: Ogerpon
|-boost|p2a: Ogerpon|atk|2
|
|upkeep
|turn|37
|
|t:|1779883719
|switch|p2a: Dragonite|Dragonite, F|100/100
|move|p1a: Sableye|Will-O-Wisp|p2a: Dragonite
|-status|p2a: Dragonite|brn
|
|-damage|p2a: Dragonite|94/100 brn|[from] brn
|upkeep
|turn|38
|
|t:|1779883726
|move|p1a: Sableye|Knock Off|p2a: Dragonite
|-damage|p2a: Dragonite|72/100 brn
|-enditem|p2a: Dragonite|Heavy-Duty Boots|[from] move: Knock Off|[of] p1a: Sableye
|move|p2a: Dragonite|Dragon Tail|p1a: Sableye
|-damage|p1a: Sableye|83/100
|drag|p1a: Chesnaught|Chesnaught, F|61/100
|
|-damage|p2a: Dragonite|66/100 brn|[from] brn
|upkeep
|turn|39
|
|t:|1779883733
|move|p1a: Chesnaught|Spikes|p2a: Dragonite
|-sidestart|p2: Embid❤️mah|Spikes
|move|p2a: Dragonite|Dragon Tail|p1a: Chesnaught
|-damage|p1a: Chesnaught|52/100
|drag|p1a: Clefable|Clefable, F|100/100
|
|-damage|p2a: Dragonite|60/100 brn|[from] brn
|upkeep
|turn|40
|
|t:|1779883738
|switch|p2a: Iron Crown|Iron Crown, tera:Fighting|50/100 brn
|-damage|p2a: Iron Crown|34/100 brn|[from] Spikes
|move|p1a: Clefable|Stealth Rock|p2a: Iron Crown
|-sidestart|p2: Embid❤️mah|move: Stealth Rock
|
|-damage|p2a: Iron Crown|28/100 brn|[from] brn
|upkeep
|turn|41
|
|t:|1779883745
|switch|p1a: Blissey|Blissey, F|99/100
|move|p2a: Iron Crown|Tachyon Cutter|p1a: Blissey
|-damage|p1a: Blissey|93/100
|-damage|p1a: Blissey|86/100
|-hitcount|p1a: Blissey|2
|
|-damage|p2a: Iron Crown|22/100 brn|[from] brn
|upkeep
|turn|42
|
|t:|1779883748
|switch|p1a: Sableye|Sableye, M|83/100
|move|p2a: Iron Crown|Psyshock|p1a: Sableye
|-immune|p1a: Sableye
|
|-damage|p2a: Iron Crown|15/100 brn|[from] brn
|upkeep
|turn|43
|
|t:|1779883752
|move|p1a: Sableye|Encore|p2a: Iron Crown
|-start|p2a: Iron Crown|Encore
|move|p2a: Iron Crown|Psyshock|p1a: Sableye
|-immune|p1a: Sableye
|
|-damage|p2a: Iron Crown|9/100 brn|[from] brn
|upkeep
|turn|44
|
|t:|1779883755
|move|p2a: Iron Crown|Psyshock|p1a: Sableye
|-immune|p1a: Sableye
|move|p1a: Sableye|Knock Off|p2a: Iron Crown
|-resisted|p2a: Iron Crown
|-damage|p2a: Iron Crown|0 fnt
|faint|p2a: Iron Crown
|-end|p2a: Iron Crown|Quark Drive|[silent]
|
|upkeep
|
|t:|1779883765
|switch|p2a: Ogerpon|Ogerpon-Wellspring, F|54/100
|-damage|p2a: Ogerpon|37/100|[from] Spikes
|-damage|p2a: Ogerpon|25/100|[from] Stealth Rock
|turn|45
|
|t:|1779883770
|move|p1a: Sableye|Will-O-Wisp|p2a: Ogerpon
|-status|p2a: Ogerpon|brn
|move|p2a: Ogerpon|Ivy Cudgel|p1a: Sableye|[anim] Ivy Cudgel Water
|-damage|p1a: Sableye|52/100
|
|-damage|p2a: Ogerpon|19/100 brn|[from] brn
|upkeep
|turn|46
|
|t:|1779883773
|move|p1a: Sableye|Recover|p1a: Sableye
|-heal|p1a: Sableye|100/100
|move|p2a: Ogerpon|Ivy Cudgel|p1a: Sableye|[anim] Ivy Cudgel Water
|-crit|p1a: Sableye
|-damage|p1a: Sableye|54/100
|
|-damage|p2a: Ogerpon|13/100 brn|[from] brn
|upkeep
|turn|47
|
|t:|1779883775
|move|p1a: Sableye|Recover|p1a: Sableye
|-heal|p1a: Sableye|100/100
|move|p2a: Ogerpon|Ivy Cudgel|p1a: Sableye|[anim] Ivy Cudgel Water
|-damage|p1a: Sableye|73/100
|
|-damage|p2a: Ogerpon|7/100 brn|[from] brn
|upkeep
|turn|48
|
|t:|1779883782
|move|p1a: Sableye|Recover|p1a: Sableye
|-heal|p1a: Sableye|100/100
|move|p2a: Ogerpon|Ivy Cudgel|p1a: Sableye|[anim] Ivy Cudgel Water
|-damage|p1a: Sableye|73/100
|
|-damage|p2a: Ogerpon|1/100 brn|[from] brn
|upkeep
|turn|49
|
|t:|1779883785
|move|p1a: Sableye|Recover|p1a: Sableye
|-heal|p1a: Sableye|100/100
|move|p2a: Ogerpon|Horn Leech|p1a: Sableye
|-damage|p1a: Sableye|81/100
|-heal|p2a: Ogerpon|11/100 brn|[from] drain|[of] p1a: Sableye
|
|-damage|p2a: Ogerpon|5/100 brn|[from] brn
|upkeep
|turn|50
|
|t:|1779883789
|move|p1a: Sableye|Encore|p2a: Ogerpon
|-start|p2a: Ogerpon|Encore
|move|p2a: Ogerpon|Horn Leech|p1a: Sableye
|-damage|p1a: Sableye|60/100
|-heal|p2a: Ogerpon|15/100 brn|[from] drain|[of] p1a: Sableye
|
|-damage|p2a: Ogerpon|9/100 brn|[from] brn
|upkeep
|turn|51
|
|t:|1779883791
|switch|p1a: Chesnaught|Chesnaught, F|52/100
|move|p2a: Ogerpon|Horn Leech|p1a: Chesnaught
|-resisted|p1a: Chesnaught
|-damage|p1a: Chesnaught|46/100
|-heal|p2a: Ogerpon|13/100 brn|[from] drain|[of] p1a: Chesnaught
|
|-damage|p2a: Ogerpon|7/100 brn|[from] brn
|upkeep
|turn|52
|
|t:|1779883798
|move|p2a: Ogerpon|Horn Leech|p1a: Chesnaught
|-resisted|p1a: Chesnaught
|-damage|p1a: Chesnaught|39/100
|-heal|p2a: Ogerpon|11/100 brn|[from] drain|[of] p1a: Chesnaught
|move|p1a: Chesnaught|Synthesis|p1a: Chesnaught
|-heal|p1a: Chesnaught|89/100
|
|-damage|p2a: Ogerpon|5/100 brn|[from] brn
|-end|p2a: Ogerpon|Encore
|upkeep
|turn|53
|
|t:|1779883805
|move|p2a: Ogerpon|Ivy Cudgel|p1a: Chesnaught|[anim] Ivy Cudgel Water
|-resisted|p1a: Chesnaught
|-damage|p1a: Chesnaught|81/100
|move|p1a: Chesnaught|Body Press|p2a: Ogerpon
|-damage|p2a: Ogerpon|0 fnt
|faint|p2a: Ogerpon
|
|upkeep
|-message|Embid❤️mah forfeited.
|
|win|jonaozean
|raw|jonaozean's rating: 1569 &rarr; <strong>1585</strong><br />(+16 for winning)
|raw|Embid❤️mah's rating: 1507 &rarr; <strong>1491</strong><br />(-16 for losing)
|l|☆jonaozean
|player|p1|
|l| TinyDragon000
