|j|☆Spirit Guardian
|j|☆KC177
|t:|1779807364
|gametype|singles
|player|p1|Spirit Guardian|265|1443
|player|p2|KC177|unknown|1501
|gen|9
|tier|[Gen 9] OU
|rated|
|rule|HP Percentage Mod: HP is shown in percentages
|rule|Endless Battle Clause: Forcing endless battles is banned
|rule|Species Clause: Limit one of each Pokémon
|rule|OHKO Clause: OHKO moves are banned
|rule|Evasion Items Clause: Evasion items are banned
|rule|Evasion Moves Clause: Evasion moves are banned
|rule|Evasion Abilities Clause: Evasion abilities are banned
|rule|Sleep Moves Clause: Sleep-inducing moves are banned
|clearpoke
|poke|p1|Glimmora, F|
|poke|p1|Mimikyu, M|
|poke|p1|Quaquaval, F|
|poke|p1|Iron Moth|
|poke|p1|Galvantula, M|
|poke|p1|Dragonite, M|
|poke|p2|Mew|
|poke|p2|Zapdos|
|poke|p2|Moltres|
|poke|p2|Iron Treads|
|poke|p2|Dragapult, M|
|poke|p2|Ogerpon-Wellspring, F|
|teampreview
|
|t:|1779807381
|teamsize|p1|6
|teamsize|p2|6
|start
|switch|p1a: Iron Moth|Iron Moth, shiny|100/100
|switch|p2a: Dragapult|Dragapult, M|100/100
|-enditem|p1a: Iron Moth|Booster Energy
|-activate|p1a: Iron Moth|ability: Quark Drive|[fromitem]
|-start|p1a: Iron Moth|quarkdrivespa
|turn|1
|inactive|Battle timer is ON: inactive players will automatically lose when time's up. (requested by Spirit Guardian)
|
|t:|1779807411
|move|p2a: Dragapult|Thunder Wave|p1a: Iron Moth
|-status|p1a: Iron Moth|par
|cant|p1a: Iron Moth|par
|
|upkeep
|turn|2
|
|t:|1779807417
|move|p2a: Dragapult|Hex|p1a: Iron Moth
|-damage|p1a: Iron Moth|40/100 par
|cant|p1a: Iron Moth|par
|
|upkeep
|turn|3
|
|t:|1779807422
|move|p2a: Dragapult|Hex|p1a: Iron Moth
|-damage|p1a: Iron Moth|0 fnt
|faint|p1a: Iron Moth
|-end|p1a: Iron Moth|Quark Drive|[silent]
|
|upkeep
|
|t:|1779807424
|switch|p1a: Galvantula|Galvantula, M, shiny|100/100
|turn|4
|
|t:|1779807433
|move|p2a: Dragapult|Will-O-Wisp|p1a: Galvantula
|-status|p1a: Galvantula|brn
|move|p1a: Galvantula|Sticky Web|p2a: Dragapult
|-sidestart|p2: KC177|move: Sticky Web
|
|-damage|p1a: Galvantula|94/100 brn|[from] brn
|upkeep
|turn|5
|
|t:|1779807441
|move|p2a: Dragapult|Hex|p1a: Galvantula
|-damage|p1a: Galvantula|0 fnt
|faint|p1a: Galvantula
|
|upkeep
|
|t:|1779807451
|switch|p1a: Glimmora|Glimmora, F|100/100
|-item|p1a: Glimmora|Air Balloon
|turn|6
|
|t:|1779807455
|move|p2a: Dragapult|Thunder Wave|p1a: Glimmora
|-status|p1a: Glimmora|par
|move|p1a: Glimmora|Stealth Rock|p2a: Dragapult
|-sidestart|p2: KC177|move: Stealth Rock
|
|upkeep
|turn|7
|
|t:|1779807461
|move|p2a: Dragapult|Hex|p1a: Glimmora
|-damage|p1a: Glimmora|21/100 par
|-enditem|p1a: Glimmora|Air Balloon
|move|p1a: Glimmora|Mortal Spin|p2a: Dragapult
|-resisted|p2a: Dragapult
|-damage|p2a: Dragapult|96/100
|-status|p2a: Dragapult|psn
|
|-damage|p2a: Dragapult|84/100 psn|[from] psn
|upkeep
|turn|8
|
|t:|1779807467
|move|p2a: Dragapult|Hex|p1a: Glimmora
|-damage|p1a: Glimmora|0 fnt
|faint|p1a: Glimmora
|
|-damage|p2a: Dragapult|72/100 psn|[from] psn
|upkeep
|
|t:|1779807473
|switch|p1a: Mimikyu|Mimikyu, M|100/100
|turn|9
|
|t:|1779807481
|-terastallize|p1a: Mimikyu|Fire
|move|p2a: Dragapult|Will-O-Wisp|p1a: Mimikyu
|-immune|p1a: Mimikyu
|move|p1a: Mimikyu|Swords Dance|p1a: Mimikyu
|-boost|p1a: Mimikyu|atk|2
|
|-damage|p2a: Dragapult|59/100 psn|[from] psn
|upkeep
|turn|10
|
|t:|1779807488
|move|p1a: Mimikyu|Shadow Sneak|p2a: Dragapult
|-supereffective|p2a: Dragapult
|-damage|p2a: Dragapult|0 fnt
|faint|p2a: Dragapult
|
|upkeep
|
|t:|1779807493
|switch|p2a: Zapdos|Zapdos|100/100
|turn|11
|
|t:|1779807498
|move|p1a: Mimikyu|Shadow Claw|p2a: Zapdos
|-damage|p2a: Zapdos|63/100
|move|p2a: Zapdos|Thunder Wave|p1a: Mimikyu
|-status|p1a: Mimikyu|par
|
|upkeep
|turn|12
|
|t:|1779807506
|move|p2a: Zapdos|Roost|p2a: Zapdos
|-heal|p2a: Zapdos|100/100
|-singleturn|p2a: Zapdos|move: Roost
|move|p1a: Mimikyu|Shadow Claw|p2a: Zapdos
|-damage|p2a: Zapdos|58/100
|
|upkeep
|turn|13
|
|t:|1779807511
|move|p2a: Zapdos|Roost|p2a: Zapdos
|-heal|p2a: Zapdos|100/100
|-singleturn|p2a: Zapdos|move: Roost
|cant|p1a: Mimikyu|par
|
|upkeep
|turn|14
|
|t:|1779807516
|move|p2a: Zapdos|Hurricane|p1a: Mimikyu|[miss]
|-miss|p2a: Zapdos|p1a: Mimikyu
|cant|p1a: Mimikyu|par
|
|upkeep
|turn|15
|
|t:|1779807520
|move|p2a: Zapdos|Hurricane|p1a: Mimikyu
|-activate|p1a: Mimikyu|ability: Disguise
|-damage|p1a: Mimikyu|100/100 par
|-start|p1a: Mimikyu|confusion
|detailschange|p1a: Mimikyu|Mimikyu-Busted, M, tera:Fire
|-damage|p1a: Mimikyu|88/100 par|[from] pokemon: Mimikyu-Busted
|-enditem|p1a: Mimikyu|Red Card|[of] p2a: Zapdos
|drag|p2a: Ogerpon|Ogerpon-Wellspring, F|100/100
|-activate|p2a: Ogerpon|move: Sticky Web
|-unboost|p2a: Ogerpon|spe|1
|-damage|p2a: Ogerpon|88/100|[from] Stealth Rock
|-activate|p1a: Mimikyu|confusion
|move|p1a: Mimikyu|Swords Dance|p1a: Mimikyu
|-boost|p1a: Mimikyu|atk|2
|
|upkeep
|turn|16
|
|t:|1779807525
|-activate|p1a: Mimikyu|confusion
|cant|p1a: Mimikyu|par
|move|p2a: Ogerpon|Ivy Cudgel|p1a: Mimikyu|[anim] Ivy Cudgel Water
|-supereffective|p1a: Mimikyu
|-crit|p1a: Mimikyu
|-damage|p1a: Mimikyu|0 fnt
|faint|p1a: Mimikyu
|
|upkeep
|
|t:|1779807529
|switch|p1a: Quaquaval|Quaquaval, F|100/100
|turn|17
|
|t:|1779807539
|move|p1a: Quaquaval|Close Combat|p2a: Ogerpon
|-damage|p2a: Ogerpon|10/100
|-unboost|p1a: Quaquaval|def|1
|-unboost|p1a: Quaquaval|spd|1
|-enditem|p1a: Quaquaval|White Herb
|-clearnegativeboost|p1a: Quaquaval|[silent]
|move|p2a: Ogerpon|Play Rough|p1a: Quaquaval
|-supereffective|p1a: Quaquaval
|-damage|p1a: Quaquaval|14/100
|
|upkeep
|turn|18
|
|t:|1779807550
|move|p1a: Quaquaval|Ice Spinner|p2a: Ogerpon
|-damage|p2a: Ogerpon|0 fnt
|faint|p2a: Ogerpon
|-ability|p1a: Quaquaval|Moxie|boost
|-boost|p1a: Quaquaval|atk|1
|
|upkeep
|
|t:|1779807553
|switch|p2a: Zapdos|Zapdos|100/100
|turn|19
|
|t:|1779807556
|move|p1a: Quaquaval|Ice Spinner|p2a: Zapdos
|-supereffective|p2a: Zapdos
|-damage|p2a: Zapdos|41/100
|move|p2a: Zapdos|Volt Switch|p1a: Quaquaval
|-supereffective|p1a: Quaquaval
|-damage|p1a: Quaquaval|0 fnt
|faint|p1a: Quaquaval
|
|t:|1779807562
|switch|p2a: Moltres|Moltres|100/100|[from] Volt Switch
|
|upkeep
|
|t:|1779807564
|switch|p1a: Dragonite|Dragonite, M|100/100
|turn|20
|
|t:|1779807568
|move|p1a: Dragonite|Dragon Dance|p1a: Dragonite
|-boost|p1a: Dragonite|atk|1
|-boost|p1a: Dragonite|spe|1
|move|p2a: Moltres|Will-O-Wisp|p1a: Dragonite
|-status|p1a: Dragonite|brn
|
|-damage|p1a: Dragonite|94/100 brn|[from] brn
|upkeep
|turn|21
|
|t:|1779807572
|switch|p2a: Mew|Mew|100/100
|-activate|p2a: Mew|move: Sticky Web
|-unboost|p2a: Mew|spe|1
|-damage|p2a: Mew|88/100|[from] Stealth Rock
|move|p1a: Dragonite|Dragon Dance|p1a: Dragonite
|-boost|p1a: Dragonite|atk|1
|-boost|p1a: Dragonite|spe|1
|
|-heal|p2a: Mew|94/100|[from] item: Leftovers
|-damage|p1a: Dragonite|88/100 brn|[from] brn
|upkeep
|turn|22
|
|t:|1779807578
|-terastallize|p2a: Mew|Fairy
|move|p1a: Dragonite|Dragon Claw|p2a: Mew
|-immune|p2a: Mew
|move|p2a: Mew|Nasty Plot|p2a: Mew
|-boost|p2a: Mew|spa|2
|
|-heal|p2a: Mew|99/100|[from] item: Leftovers
|-damage|p1a: Dragonite|82/100 brn|[from] brn
|upkeep
|turn|23
|
|t:|1779807582
|move|p1a: Dragonite|Earthquake|p2a: Mew
|-damage|p2a: Mew|64/100
|move|p2a: Mew|Draining Kiss|p1a: Dragonite
|-supereffective|p1a: Dragonite
|-damage|p1a: Dragonite|0 fnt
|-heal|p2a: Mew|100/100|[from] drain|[of] p1a: Dragonite
|faint|p1a: Dragonite
|
|win|KC177
|raw|Spirit Guardian's rating: 1443 &rarr; <strong>1426</strong><br />(-17 for losing)
|raw|KC177's rating: 1501 &rarr; <strong>1518</strong><br />(+17 for winning)
|l|☆Spirit Guardian
|player|p1|
|l|☆KC177
|player|p2|
