|j|☆kabutopzboy
|j|☆Moltov91
|t:|1779855762
|gametype|singles
|player|p1|kabutopzboy|cyrus|1336
|player|p2|Moltov91|101|1325
|gen|9
|tier|[Gen 9] OU
|rated|
|rule|HP Percentage Mod: HP is shown in percentages
|rule|Endless Battle Clause: Forcing endless battles is banned
|rule|Species Clause: Limit one of each Pokémon
|rule|OHKO Clause: OHKO moves are banned
|rule|Evasion Items Clause: Evasion items are banned
|rule|Evasion Moves Clause: Evasion moves are banned
|rule|Evasion Abilities Clause: Evasion abilities are banned
|rule|Sleep Moves Clause: Sleep-inducing moves are banned
|clearpoke
|poke|p1|Great Tusk|
|poke|p1|Iron Valiant|
|poke|p1|Pelipper, M|
|poke|p1|Blastoise, F|
|poke|p1|Excadrill, F|
|poke|p1|Dragapult, F|
|poke|p2|Dragapult, F|
|poke|p2|Zamazenta-*|
|poke|p2|Darkrai|
|poke|p2|Kyurem|
|poke|p2|Scizor, M|
|poke|p2|Azumarill, F|
|teampreview
|inactive|Battle timer is ON: inactive players will automatically lose when time's up. (requested by Moltov91)
|
|t:|1779855785
|teamsize|p1|6
|teamsize|p2|6
|start
|switch|p1a: Pelipper|Pelipper, M|100/100
|switch|p2a: Kyurem|Kyurem|100/100
|-ability|p2a: Kyurem|Pressure
|-weather|RainDance|[from] ability: Drizzle|[of] p1a: Pelipper
|turn|1
|
|t:|1779855796
|switch|p1a: Steelheart|Iron Valiant, shiny|100/100
|-enditem|p1a: Steelheart|Booster Energy
|-activate|p1a: Steelheart|ability: Quark Drive|[fromitem]
|-start|p1a: Steelheart|quarkdrivespe
|move|p2a: Kyurem|Freeze-Dry|p1a: Steelheart
|-damage|p1a: Steelheart|34/100
|
|-weather|RainDance|[upkeep]
|upkeep
|turn|2
|
|t:|1779855813
|-terastallize|p2a: Kyurem|Ground
|move|p1a: Steelheart|Thunderbolt|p2a: Kyurem
|-immune|p2a: Kyurem
|move|p2a: Kyurem|Freeze-Dry|p1a: Steelheart
|-damage|p1a: Steelheart|0 fnt
|faint|p1a: Steelheart
|-end|p1a: Steelheart|Quark Drive|[silent]
|
|-weather|RainDance|[upkeep]
|upkeep
|
|t:|1779855822
|switch|p1a: Great Tusk|Great Tusk|100/100
|-enditem|p1a: Great Tusk|Booster Energy
|-activate|p1a: Great Tusk|ability: Protosynthesis|[fromitem]
|-start|p1a: Great Tusk|protosynthesisspe
|turn|3
|
|t:|1779855831
|-terastallize|p1a: Great Tusk|Ice
|move|p1a: Great Tusk|Ice Spinner|p2a: Kyurem
|-supereffective|p2a: Kyurem
|-damage|p2a: Kyurem|36/100
|move|p2a: Kyurem|Freeze-Dry|p1a: Great Tusk
|-resisted|p1a: Great Tusk
|-damage|p1a: Great Tusk|76/100
|
|-weather|RainDance|[upkeep]
|upkeep
|turn|4
|
|t:|1779855844
|switch|p2a: Scizor|Scizor, M|100/100
|move|p1a: Great Tusk|Headlong Rush|p2a: Scizor
|-damage|p2a: Scizor|54/100
|-unboost|p1a: Great Tusk|def|1
|-unboost|p1a: Great Tusk|spd|1
|
|-weather|RainDance|[upkeep]
|upkeep
|turn|5
|
|t:|1779855858
|-end|p1a: Great Tusk|Protosynthesis|[silent]
|switch|p1a: Excadrill|Excadrill, F|100/100
|-item|p1a: Excadrill|Air Balloon
|move|p2a: Scizor|Bullet Punch|p1a: Excadrill
|-resisted|p1a: Excadrill
|-damage|p1a: Excadrill|77/100
|-enditem|p1a: Excadrill|Air Balloon
|
|-weather|none
|upkeep
|turn|6
|
|t:|1779855870
|move|p2a: Scizor|Bullet Punch|p1a: Excadrill
|-resisted|p1a: Excadrill
|-damage|p1a: Excadrill|55/100
|move|p1a: Excadrill|Earthquake|p2a: Scizor
|-damage|p2a: Scizor|15/100
|
|upkeep
|turn|7
|
|t:|1779855898
|switch|p2a: Zamazenta|Zamazenta|100/100
|-ability|p2a: Zamazenta|Dauntless Shield|boost
|-boost|p2a: Zamazenta|def|1
|move|p1a: Excadrill|Earthquake|p2a: Zamazenta
|-damage|p2a: Zamazenta|74/100
|
|upkeep
|turn|8
|
|t:|1779855908
|switch|p1a: Pelipper|Pelipper, M|100/100
|-weather|RainDance|[from] ability: Drizzle|[of] p1a: Pelipper
|move|p2a: Zamazenta|Crunch|p1a: Pelipper
|-damage|p1a: Pelipper|50/100
|-unboost|p1a: Pelipper|def|1
|-damage|p2a: Zamazenta|64/100|[from] item: Life Orb
|
|-weather|RainDance|[upkeep]
|upkeep
|turn|9
|
|t:|1779855920
|switch|p1a: Excadrill|Excadrill, F|55/100
|move|p2a: Zamazenta|Stone Edge|p1a: Excadrill
|-resisted|p1a: Excadrill
|-damage|p1a: Excadrill|44/100
|-damage|p2a: Zamazenta|55/100|[from] item: Life Orb
|
|-weather|RainDance|[upkeep]
|upkeep
|turn|10
|
|t:|1779855928
|move|p2a: Zamazenta|Close Combat|p1a: Excadrill
|-supereffective|p1a: Excadrill
|-damage|p1a: Excadrill|0 fnt
|-unboost|p2a: Zamazenta|def|1
|-unboost|p2a: Zamazenta|spd|1
|faint|p1a: Excadrill
|-damage|p2a: Zamazenta|45/100|[from] item: Life Orb
|
|-weather|RainDance|[upkeep]
|upkeep
|
|t:|1779855939
|switch|p1a: Dragapult|Dragapult, F|100/100
|turn|11
|
|t:|1779855944
|move|p1a: Dragapult|Shadow Ball|p2a: Zamazenta
|-damage|p2a: Zamazenta|0 fnt
|faint|p2a: Zamazenta
|
|-weather|RainDance|[upkeep]
|upkeep
|
|t:|1779855953
|switch|p2a: Kyurem|Kyurem, tera:Ground|36/100
|-ability|p2a: Kyurem|Pressure
|turn|12
|
|t:|1779855964
|switch|p1a: Pelipper|Pelipper, M|50/100
|move|p2a: Kyurem|Draco Meteor|p1a: Pelipper|[miss]
|-miss|p2a: Kyurem|p1a: Pelipper
|
|-weather|none
|upkeep
|turn|13
|
|t:|1779855975
|move|p2a: Kyurem|Draco Meteor|p1a: Pelipper
|-crit|p1a: Pelipper
|-damage|p1a: Pelipper|0 fnt
|-unboost|p2a: Kyurem|spa|2
|faint|p1a: Pelipper
|
|upkeep
|
|t:|1779855980
|switch|p1a: Bla$t|Blastoise, F|100/100
|turn|14
|
|t:|1779855985
|switch|p2a: Azumarill|Azumarill, F|100/100
|move|p1a: Bla$t|Shell Smash|p1a: Bla$t
|-unboost|p1a: Bla$t|def|1
|-unboost|p1a: Bla$t|spd|1
|-boost|p1a: Bla$t|atk|2
|-boost|p1a: Bla$t|spa|2
|-boost|p1a: Bla$t|spe|2
|-enditem|p1a: Bla$t|White Herb
|-clearnegativeboost|p1a: Bla$t|[silent]
|
|upkeep
|turn|15
|
|t:|1779855994
|move|p1a: Bla$t|Earthquake|p2a: Azumarill
|-crit|p2a: Azumarill
|-damage|p2a: Azumarill|17/100
|move|p2a: Azumarill|Play Rough|p1a: Bla$t
|-crit|p1a: Bla$t
|-damage|p1a: Bla$t|0 fnt
|faint|p1a: Bla$t
|-damage|p2a: Azumarill|7/100|[from] item: Life Orb
|
|upkeep
|
|t:|1779856003
|switch|p1a: Great Tusk|Great Tusk, tera:Ice|76/100
|turn|16
|
|t:|1779856014
|move|p2a: Azumarill|Aqua Jet|p1a: Great Tusk
|-damage|p1a: Great Tusk|54/100
|-damage|p2a: Azumarill|0 fnt|[from] item: Life Orb
|faint|p2a: Azumarill
|move|p1a: Great Tusk|Rapid Spin|p2: Azumarill|[notarget]
|-fail|p1a: Great Tusk
|
|upkeep
|
|t:|1779856017
|switch|p2a: Scizor|Scizor, M|15/100
|turn|17
|
|t:|1779856025
|move|p2a: Scizor|Bullet Punch|p1a: Great Tusk
|-supereffective|p1a: Great Tusk
|-damage|p1a: Great Tusk|0 fnt
|faint|p1a: Great Tusk
|-end|p1a: Great Tusk|Protosynthesis|[silent]
|
|upkeep
|
|t:|1779856029
|switch|p1a: Dragapult|Dragapult, F|100/100
|turn|18
|
|t:|1779856038
|move|p2a: Scizor|Bullet Punch|p1a: Dragapult
|-damage|p1a: Dragapult|34/100
|move|p1a: Dragapult|Shadow Ball|p2a: Scizor
|-crit|p2a: Scizor
|-damage|p2a: Scizor|0 fnt
|faint|p2a: Scizor
|
|upkeep
|
|t:|1779856045
|switch|p2a: Kyurem|Kyurem, tera:Ground|36/100
|-ability|p2a: Kyurem|Pressure
|turn|19
|
|t:|1779856048
|move|p2a: Kyurem|Freeze-Dry|p1a: Dragapult
|-supereffective|p1a: Dragapult
|-damage|p1a: Dragapult|0 fnt
|faint|p1a: Dragapult
|
|win|Moltov91
|raw|kabutopzboy's rating: 1336 &rarr; <strong>1315</strong><br />(-21 for losing)
|raw|Moltov91's rating: 1325 &rarr; <strong>1346</strong><br />(+21 for winning)
|l|☆kabutopzboy
|player|p1|
|l|☆Moltov91
|player|p2|
