|j|☆oficial matute
|j|☆fgidfid
|t:|1779844748
|gametype|singles
|player|p1|oficial matute|policeman|1315
|player|p2|fgidfid|pokemonranger-gen4|1306
|gen|9
|tier|[Gen 9] OU
|rated|
|rule|HP Percentage Mod: HP is shown in percentages
|rule|Endless Battle Clause: Forcing endless battles is banned
|rule|Species Clause: Limit one of each Pokémon
|rule|OHKO Clause: OHKO moves are banned
|rule|Evasion Items Clause: Evasion items are banned
|rule|Evasion Moves Clause: Evasion moves are banned
|rule|Evasion Abilities Clause: Evasion abilities are banned
|rule|Sleep Moves Clause: Sleep-inducing moves are banned
|clearpoke
|poke|p1|Noivern, F|
|poke|p1|Tropius, M|
|poke|p1|Landorus-Therian, M|
|poke|p1|Garchomp, F|
|poke|p1|Hydrapple, F|
|poke|p1|Torterra, M|
|poke|p2|Iron Jugulis|
|poke|p2|Ogerpon-Wellspring, F|
|poke|p2|Iron Treads|
|poke|p2|Samurott-Hisui, F|
|poke|p2|Gholdengo|
|poke|p2|Zamazenta-*|
|teampreview
|inactive|Battle timer is ON: inactive players will automatically lose when time's up. (requested by fgidfid)
|inactive|fgidfid has 120 seconds left.
|c|☆fgidfid|the one time I don't have an ice type :(
|
|t:|1779844802
|teamsize|p1|6
|teamsize|p2|6
|start
|switch|p1a: 👁👅👁|Noivern, F|100/100
|switch|p2a: Iron Treadmil|Iron Treads|100/100
|-item|p2a: Iron Treadmil|Leftovers|[from] ability: Frisk|[of] p1a: 👁👅👁
|turn|1
|
|t:|1779844810
|move|p1a: 👁👅👁|Switcheroo|p2a: Iron Treadmil
|-activate|p1a: 👁👅👁|move: Trick|[of] p2a: Iron Treadmil
|-item|p2a: Iron Treadmil|Choice Scarf|[from] move: Switcheroo
|-item|p1a: 👁👅👁|Leftovers|[from] move: Switcheroo
|move|p2a: Iron Treadmil|Stealth Rock|p1a: 👁👅👁
|-sidestart|p1: oficial matute|move: Stealth Rock
|
|upkeep
|turn|2
|inactive|fgidfid has 120 seconds left.
|
|t:|1779844841
|-end|p2a: Iron Treadmil|Quark Drive|[silent]
|switch|p2a: Ghold|Gholdengo|100/100
|move|p1a: 👁👅👁|Defog|p2a: Ghold
|-immune|p2a: Ghold|[from] ability: Good as Gold
|
|upkeep
|turn|3
|
|t:|1779844849
|move|p2a: Ghold|Make It Rain|p1a: 👁👅👁
|-damage|p1a: 👁👅👁|15/100
|-unboost|p2a: Ghold|spa|1
|move|p1a: 👁👅👁|Flamethrower|p2a: Ghold
|-supereffective|p2a: Ghold
|-damage|p2a: Ghold|40/100
|
|-heal|p1a: 👁👅👁|21/100|[from] item: Leftovers
|upkeep
|turn|4
|
|t:|1779844861
|switch|p1a: 👁👄👁|Hydrapple, F|100/100
|-damage|p1a: 👁👄👁|88/100|[from] Stealth Rock
|move|p2a: Ghold|Make It Rain|p1a: 👁👄👁
|-damage|p1a: 👁👄👁|65/100
|-unboost|p2a: Ghold|spa|1
|
|upkeep
|turn|5
|
|t:|1779844872
|switch|p2a: ChugJug|Iron Jugulis|100/100
|move|p1a: 👁👄👁|Dragon Breath|p2a: ChugJug
|-damage|p2a: ChugJug|63/100
|
|upkeep
|turn|6
|
|t:|1779844881
|switch|p1a: 👁👅👁|Noivern, F|21/100
|-damage|p1a: 👁👅👁|0 fnt|[from] Stealth Rock
|faint|p1a: 👁👅👁
|move|p2a: ChugJug|Hurricane|p1: 👁👅👁|[notarget]
|-fail|p2a: ChugJug
|
|upkeep
|
|t:|1779844888
|switch|p1a: 👁🐽👁|Tropius, M, shiny|100/100
|-damage|p1a: 👁🐽👁|76/100|[from] Stealth Rock
|turn|7
|
|t:|1779844894
|-terastallize|p1a: 👁🐽👁|Ghost
|move|p2a: ChugJug|Hurricane|p1a: 👁🐽👁
|-damage|p1a: 👁🐽👁|22/100
|-start|p1a: 👁🐽👁|confusion
|-enditem|p1a: 👁🐽👁|Sitrus Berry|[eat]
|-heal|p1a: 👁🐽👁|47/100|[from] item: Sitrus Berry
|-activate|p1a: 👁🐽👁|confusion
|move|p1a: 👁🐽👁|Leech Seed|p2a: ChugJug
|-start|p2a: ChugJug|move: Leech Seed
|
|-damage|p2a: ChugJug|51/100|[from] Leech Seed|[of] p1a: 👁🐽👁
|-heal|p1a: 👁🐽👁|57/100|[silent]
|-item|p1a: 👁🐽👁|Sitrus Berry|[from] ability: Harvest
|upkeep
|turn|8
|
|t:|1779844908
|-end|p2a: ChugJug|Quark Drive|[silent]
|switch|p2a: Ghold|Gholdengo|40/100
|-activate|p1a: 👁🐽👁|confusion
|move|p1a: 👁🐽👁|Protect||[still]
|-fail|p1a: 👁🐽👁
|
|upkeep
|turn|9
|
|t:|1779844914
|switch|p1a: 👁👄👁|Hydrapple, F|99/100
|-damage|p1a: 👁👄👁|86/100|[from] Stealth Rock
|move|p2a: Ghold|Shadow Ball|p1a: 👁👄👁
|-damage|p1a: 👁👄👁|63/100
|
|upkeep
|turn|10
|
|t:|1779844926
|switch|p2a: Samurai|Samurott-Hisui, F|100/100
|move|p1a: 👁👄👁|Dragon Breath|p2a: Samurai
|-crit|p2a: Samurai
|-damage|p2a: Samurai|58/100
|
|upkeep
|turn|11
|
|t:|1779844933
|move|p2a: Samurai|Ceaseless Edge|p1a: 👁👄👁|[miss]
|-miss|p2a: Samurai|p1a: 👁👄👁
|move|p1a: 👁👄👁|Giga Drain|p2a: Samurai
|-supereffective|p2a: Samurai
|-damage|p2a: Samurai|0 fnt
|-heal|p1a: 👁👄👁|91/100|[from] drain|[of] p2a: Samurai
|faint|p2a: Samurai
|
|upkeep
|
|t:|1779844938
|switch|p2a: Ogerpond|Ogerpon-Wellspring, F|100/100
|turn|12
|
|t:|1779844944
|move|p2a: Ogerpond|Swords Dance|p2a: Ogerpond
|-boost|p2a: Ogerpond|atk|2
|move|p1a: 👁👄👁|Giga Drain|p2a: Ogerpond
|-damage|p2a: Ogerpond|58/100
|-heal|p1a: 👁👄👁|100/100|[from] drain|[of] p2a: Ogerpond
|
|upkeep
|turn|13
|
|t:|1779844952
|move|p2a: Ogerpond|Play Rough|p1a: 👁👄👁
|-supereffective|p1a: 👁👄👁
|-damage|p1a: 👁👄👁|0 fnt
|faint|p1a: 👁👄👁
|
|upkeep
|
|t:|1779844958
|switch|p1a: 👁🫦👁|Garchomp, F|100/100
|-damage|p1a: 👁🫦👁|94/100|[from] Stealth Rock
|turn|14
|
|t:|1779844962
|-terastallize|p2a: Ogerpond|Water
|detailschange|p2a: Ogerpond|Ogerpon-Wellspring-Tera, F, tera:Water
|-ability|p2a: Ogerpond|Embody Aspect (Wellspring)|boost
|-boost|p2a: Ogerpond|spd|1
|move|p2a: Ogerpond|Ivy Cudgel|p1a: 👁🫦👁|[anim] Ivy Cudgel Water
|-damage|p1a: 👁🫦👁|0 fnt
|faint|p1a: 👁🫦👁
|
|upkeep
|-message|oficial matute forfeited.
|
|win|fgidfid
|raw|oficial matute's rating: 1315 &rarr; <strong>1294</strong><br />(-21 for losing)
|raw|fgidfid's rating: 1306 &rarr; <strong>1327</strong><br />(+21 for winning)
|l|☆oficial matute
|player|p1|
|l|☆fgidfid
|player|p2|
