|j|☆newgaem
|j|☆hallowman33
|t:|1779871016
|gametype|singles
|player|p1|newgaem|blue|1345
|player|p2|hallowman33|bugcatcher-gen4dp|1327
|gen|9
|tier|[Gen 9] OU
|rated|
|rule|HP Percentage Mod: HP is shown in percentages
|rule|Endless Battle Clause: Forcing endless battles is banned
|rule|Species Clause: Limit one of each Pokémon
|rule|OHKO Clause: OHKO moves are banned
|rule|Evasion Items Clause: Evasion items are banned
|rule|Evasion Moves Clause: Evasion moves are banned
|rule|Evasion Abilities Clause: Evasion abilities are banned
|rule|Sleep Moves Clause: Sleep-inducing moves are banned
|clearpoke
|poke|p1|Armarouge, M|
|poke|p1|Kingambit, F|
|poke|p1|Iron Valiant|
|poke|p1|Ceruledge, M|
|poke|p1|Mimikyu, F|
|poke|p1|Cyclizar, M|
|poke|p2|Cyclizar, M|
|poke|p2|Deoxys-Defense|
|poke|p2|Iron Valiant|
|poke|p2|Kyurem|
|poke|p2|Polteageist-Antique|
|poke|p2|Haxorus, F|
|teampreview
|inactive|Battle timer is ON: inactive players will automatically lose when time's up. (requested by newgaem)
|
|t:|1779871047
|teamsize|p1|6
|teamsize|p2|6
|start
|switch|p1a: Leviathan|Mimikyu, F|100/100
|switch|p2a: Haxorus|Haxorus, F|100/100
|-ability|p2a: Haxorus|Mold Breaker
|turn|1
|inactive|hallowman33 has 120 seconds left.
|
|t:|1779871084
|move|p1a: Leviathan|Curse|p2a: Haxorus
|-start|p2a: Haxorus|Curse|[of] p1a: Leviathan
|-damage|p1a: Leviathan|50/100
|move|p2a: Haxorus|Poison Jab|p1a: Leviathan
|-damage|p1a: Leviathan|0 fnt
|faint|p1a: Leviathan
|-damage|p2a: Haxorus|91/100|[from] item: Life Orb
|
|-damage|p2a: Haxorus|66/100|[from] Curse
|upkeep
|c|☆newgaem|I dodnt even see he breaks the mold
|c|☆newgaem|Crazy
|inactive|newgaem has 120 seconds left.
|
|t:|1779871115
|switch|p1a: Fefnir|Armarouge, M, shiny|100/100
|turn|2
|
|t:|1779871124
|move|p2a: Haxorus|Earthquake|p1a: Fefnir
|-supereffective|p1a: Fefnir
|-enditem|p1a: Fefnir|Focus Sash
|-damage|p1a: Fefnir|1/100
|-ability|p1a: Fefnir|Weak Armor|boost
|-unboost|p1a: Fefnir|def|1
|-boost|p1a: Fefnir|spe|2
|-damage|p2a: Haxorus|56/100|[from] item: Life Orb
|move|p1a: Fefnir|Armor Cannon|p2a: Haxorus
|-resisted|p2a: Haxorus
|-damage|p2a: Haxorus|5/100
|-unboost|p1a: Fefnir|def|1
|-unboost|p1a: Fefnir|spd|1
|
|-damage|p2a: Haxorus|0 fnt|[from] Curse
|faint|p2a: Haxorus
|upkeep
|inactive|hallowman33 has 120 seconds left.
|
|t:|1779871147
|switch|p2a: Cyclizar|Cyclizar, M|100/100
|turn|3
|
|t:|1779871154
|move|p2a: Cyclizar|Quick Attack|p1a: Fefnir
|-damage|p1a: Fefnir|0 fnt
|faint|p1a: Fefnir
|
|upkeep
|
|t:|1779871168
|switch|p1a: Zero|Ceruledge, M, shiny|100/100
|turn|4
|inactive|hallowman33 has 120 seconds left.
|
|t:|1779871185
|switch|p2a: Iron Valiant|Iron Valiant|100/100
|move|p1a: Zero|Swords Dance|p1a: Zero
|-boost|p1a: Zero|atk|2
|
|upkeep
|turn|5
|
|t:|1779871192
|move|p2a: Iron Valiant|Knock Off|p1a: Zero
|-supereffective|p1a: Zero
|-damage|p1a: Zero|0 fnt
|-enditem|p1a: Zero|Life Orb|[from] move: Knock Off|[of] p2a: Iron Valiant
|faint|p1a: Zero
|
|upkeep
|
|t:|1779871201
|switch|p1a: Omega|Iron Valiant|100/100
|-enditem|p1a: Omega|Booster Energy
|-activate|p1a: Omega|ability: Quark Drive|[fromitem]
|-start|p1a: Omega|quarkdrivespe
|turn|6
|inactive|hallowman33 has 120 seconds left.
|
|t:|1779871229
|-end|p2a: Iron Valiant|Quark Drive|[silent]
|switch|p2a: Deoxys|Deoxys-Defense|100/100
|-ability|p2a: Deoxys|Pressure
|move|p1a: Omega|Spirit Break|p2a: Deoxys
|-damage|p2a: Deoxys|73/100
|-unboost|p2a: Deoxys|spa|1
|
|upkeep
|turn|7
|inactive|hallowman33 has 120 seconds left.
|
|t:|1779871252
|move|p1a: Omega|Swords Dance|p1a: Omega
|-boost|p1a: Omega|atk|2
|move|p2a: Deoxys|Reflect|p2a: Deoxys
|-sidestart|p2: hallowman33|Reflect
|
|upkeep
|turn|8
|inactive|hallowman33 has 120 seconds left.
|
|t:|1779871265
|move|p1a: Omega|Spirit Break|p2a: Deoxys
|-damage|p2a: Deoxys|46/100
|-unboost|p2a: Deoxys|spa|1
|move|p2a: Deoxys|Psychic Noise|p1a: Omega
|-supereffective|p1a: Omega
|-damage|p1a: Omega|65/100
|-start|p1a: Omega|move: Heal Block
|
|upkeep
|turn|9
|inactive|hallowman33 has 120 seconds left.
|
|t:|1779871278
|move|p1a: Omega|Swords Dance|p1a: Omega
|-boost|p1a: Omega|atk|2
|move|p2a: Deoxys|Psychic Noise|p1a: Omega
|-supereffective|p1a: Omega
|-damage|p1a: Omega|25/100
|
|-end|p1a: Omega|move: Heal Block
|upkeep
|turn|10
|
|t:|1779871289
|move|p1a: Omega|Destiny Bond|p1a: Omega
|-singlemove|p1a: Omega|Destiny Bond
|move|p2a: Deoxys|Psychic Noise|p1a: Omega
|-supereffective|p1a: Omega
|-damage|p1a: Omega|0 fnt
|faint|p1a: Omega
|-activate|p1a: Omega|move: Destiny Bond
|-end|p1a: Omega|Quark Drive|[silent]
|faint|p2a: Deoxys
|
|upkeep
|inactive|hallowman33 has 120 seconds left.
|
|t:|1779871311
|switch|p1a: Harpuia|Cyclizar, M|100/100
|switch|p2a: Iron Valiant|Iron Valiant|100/100
|turn|11
|
|t:|1779871320
|move|p1a: Harpuia|Overheat|p2a: Iron Valiant
|-damage|p2a: Iron Valiant|44/100
|-unboost|p1a: Harpuia|spa|2
|move|p2a: Iron Valiant|Close Combat|p1a: Harpuia
|-supereffective|p1a: Harpuia
|-damage|p1a: Harpuia|0 fnt
|-unboost|p2a: Iron Valiant|def|1
|-unboost|p2a: Iron Valiant|spd|1
|faint|p1a: Harpuia
|
|upkeep
|
|t:|1779871332
|switch|p1a: Bishamonten|Kingambit, F|100/100
|-activate|p1a: Bishamonten|ability: Supreme Overlord
|-start|p1a: Bishamonten|fallen5|[silent]
|turn|12
|
|t:|1779871345
|-end|p2a: Iron Valiant|Quark Drive|[silent]
|switch|p2a: Kyurem|Kyurem|100/100
|-ability|p2a: Kyurem|Pressure
|-terastallize|p1a: Bishamonten|Flying
|move|p1a: Bishamonten|Swords Dance|p1a: Bishamonten
|-boost|p1a: Bishamonten|atk|2
|
|upkeep
|turn|13
|
|t:|1779871355
|move|p1a: Bishamonten|Sucker Punch|p2a: Kyurem
|-damage|p2a: Kyurem|43/100
|move|p2a: Kyurem|Freeze-Dry|p1a: Bishamonten
|-supereffective|p1a: Bishamonten
|-damage|p1a: Bishamonten|32/100
|
|-heal|p1a: Bishamonten|38/100|[from] item: Leftovers
|upkeep
|turn|14
|
|t:|1779871365
|move|p2a: Kyurem|Freeze-Dry|p1a: Bishamonten
|-supereffective|p1a: Bishamonten
|-damage|p1a: Bishamonten|0 fnt
|faint|p1a: Bishamonten
|-end|p1a: Bishamonten|fallen5|[silent]
|
|win|hallowman33
|raw|newgaem's rating: 1345 &rarr; <strong>1324</strong><br />(-21 for losing)
|raw|hallowman33's rating: 1327 &rarr; <strong>1348</strong><br />(+21 for winning)
|l|☆newgaem
|player|p1|
|l|☆hallowman33
|player|p2|
