|j|☆PropheticBBX
|j|‽belacquaaa
|t:|1779889059
|gametype|singles
|player|p1|PropheticBBX|ethan|1173
|player|p2|belacquaaa|bruno|1181
|gen|9
|tier|[Gen 9] OU
|rated|
|rule|HP Percentage Mod: HP is shown in percentages
|rule|Endless Battle Clause: Forcing endless battles is banned
|rule|Species Clause: Limit one of each Pokémon
|rule|OHKO Clause: OHKO moves are banned
|rule|Evasion Items Clause: Evasion items are banned
|rule|Evasion Moves Clause: Evasion moves are banned
|rule|Evasion Abilities Clause: Evasion abilities are banned
|rule|Sleep Moves Clause: Sleep-inducing moves are banned
|clearpoke
|poke|p1|Venusaur, F|
|poke|p1|Ninetales, F|
|poke|p1|Thwackey, M|
|poke|p1|Torkoal, F|
|poke|p1|Zarude|
|poke|p1|Magnezone|
|poke|p2|Zamazenta-*|
|poke|p2|Slowking-Galar, M|
|poke|p2|Iron Valiant|
|poke|p2|Ogerpon-Wellspring, F|
|poke|p2|Alomomola, F|
|poke|p2|Kyurem|
|teampreview
|inactive|Battle timer is ON: inactive players will automatically lose when time's up. (requested by belacquaaa)
|inactive|PropheticBBX also wants the timer to be on.
|
|t:|1779889066
|teamsize|p1|6
|teamsize|p2|6
|start
|switch|p1a: Venusaur|Venusaur, F, shiny|100/100
|switch|p2a: Kyurem|Kyurem|100/100
|-ability|p2a: Kyurem|Pressure
|turn|1
|
|t:|1779889075
|switch|p1a: Magnezone|Magnezone, shiny|100/100
|move|p2a: Kyurem|Ice Beam|p1a: Magnezone
|-resisted|p1a: Magnezone
|-damage|p1a: Magnezone|54/100
|
|upkeep
|turn|2
|
|t:|1779889082
|-terastallize|p2a: Kyurem|Ice
|move|p1a: Magnezone|Flash Cannon|p2a: Kyurem
|-supereffective|p2a: Kyurem
|-damage|p2a: Kyurem|25/100
|move|p2a: Kyurem|Ice Beam|p1a: Magnezone
|-resisted|p1a: Magnezone
|-damage|p1a: Magnezone|0 fnt
|faint|p1a: Magnezone
|
|upkeep
|
|t:|1779889087
|switch|p1a: Torkoal|Torkoal, F|100/100
|-weather|SunnyDay|[from] ability: Drought|[of] p1a: Torkoal
|turn|3
|
|t:|1779889105
|switch|p2a: Slowking|Slowking-Galar, M|100/100
|move|p1a: Torkoal|Lava Plume|p2a: Slowking
|-damage|p2a: Slowking|68/100
|
|-weather|SunnyDay|[upkeep]
|upkeep
|turn|4
|
|t:|1779889115
|move|p1a: Torkoal|Earth Power|p2a: Slowking
|-supereffective|p2a: Slowking
|-damage|p2a: Slowking|37/100
|-prepare|p2a: Slowking|Chilly Reception|[premajor]
|move|p2a: Slowking|Chilly Reception|p2a: Slowking
|-weather|Snowscape
|
|t:|1779889124
|switch|p2a: Ogerpon|Ogerpon-Wellspring, F|100/100|[from] Chilly Reception
|
|-weather|Snowscape|[upkeep]
|upkeep
|turn|5
|
|t:|1779889138
|switch|p1a: Ninetales|Ninetales, F|100/100
|-weather|SunnyDay|[from] ability: Drought|[of] p1a: Ninetales
|move|p2a: Ogerpon|Swords Dance|p2a: Ogerpon
|-boost|p2a: Ogerpon|atk|2
|
|-weather|SunnyDay|[upkeep]
|upkeep
|turn|6
|
|t:|1779889146
|move|p2a: Ogerpon|Ivy Cudgel|p1a: Ninetales|[anim] Ivy Cudgel Water
|-supereffective|p1a: Ninetales
|-damage|p1a: Ninetales|0 fnt
|faint|p1a: Ninetales
|
|-weather|SunnyDay|[upkeep]
|upkeep
|
|t:|1779889150
|switch|p1a: Thwackey|Thwackey, M, shiny|100/100
|-fieldstart|move: Grassy Terrain|[from] ability: Grassy Surge|[of] p1a: Thwackey
|turn|7
|
|t:|1779889157
|move|p2a: Ogerpon|Knock Off|p1a: Thwackey
|-damage|p1a: Thwackey|17/100
|-enditem|p1a: Thwackey|Eviolite|[from] move: Knock Off|[of] p2a: Ogerpon
|move|p1a: Thwackey|Trailblaze|p2a: Ogerpon
|-crit|p2a: Ogerpon
|-damage|p2a: Ogerpon|47/100
|-boost|p1a: Thwackey|spe|1
|
|-weather|SunnyDay|[upkeep]
|-heal|p1a: Thwackey|23/100|[from] Grassy Terrain
|-heal|p2a: Ogerpon|53/100|[from] Grassy Terrain
|upkeep
|turn|8
|
|t:|1779889170
|move|p1a: Thwackey|Seed Bomb|p2a: Ogerpon
|-damage|p2a: Ogerpon|0 fnt
|faint|p2a: Ogerpon
|
|-weather|SunnyDay|[upkeep]
|-heal|p1a: Thwackey|29/100|[from] Grassy Terrain
|upkeep
|
|t:|1779889180
|switch|p2a: Iron Valiant|Iron Valiant|100/100
|-enditem|p2a: Iron Valiant|Booster Energy
|-activate|p2a: Iron Valiant|ability: Quark Drive|[fromitem]
|-start|p2a: Iron Valiant|quarkdrivespe
|turn|9
|
|t:|1779889188
|move|p2a: Iron Valiant|Moonblast|p1a: Thwackey
|-damage|p1a: Thwackey|0 fnt
|faint|p1a: Thwackey
|
|-weather|none
|upkeep
|
|t:|1779889190
|switch|p1a: Venusaur|Venusaur, F, shiny|100/100
|turn|10
|
|t:|1779889199
|-end|p2a: Iron Valiant|Quark Drive|[silent]
|switch|p2a: Slowking|Slowking-Galar, M|70/100
|move|p1a: Venusaur|Poison Jab|p2a: Slowking
|-resisted|p2a: Slowking
|-damage|p2a: Slowking|56/100
|
|-heal|p2a: Slowking|62/100|[from] Grassy Terrain
|upkeep
|turn|11
|
|t:|1779889207
|switch|p1a: Torkoal|Torkoal, F|100/100
|-weather|SunnyDay|[from] ability: Drought|[of] p1a: Torkoal
|move|p2a: Slowking|Thunder Wave|p1a: Torkoal
|-status|p1a: Torkoal|par
|
|-weather|SunnyDay|[upkeep]
|-heal|p2a: Slowking|69/100|[from] Grassy Terrain
|-fieldend|move: Grassy Terrain
|upkeep
|turn|12
|
|t:|1779889218
|move|p2a: Slowking|Future Sight|p1a: Torkoal
|-start|p2a: Slowking|move: Future Sight
|cant|p1a: Torkoal|par
|
|-weather|SunnyDay|[upkeep]
|upkeep
|turn|13
|
|t:|1779889222
|switch|p1a: Zarude|Zarude|100/100
|-prepare|p2a: Slowking|Chilly Reception|[premajor]
|move|p2a: Slowking|Chilly Reception|p2a: Slowking
|-weather|Snowscape
|-message|PropheticBBX forfeited.
|
|win|belacquaaa
|raw|PropheticBBX's rating: 1173 &rarr; <strong>1149</strong><br />(-24 for losing)
|raw|belacquaaa's rating: 1181 &rarr; <strong>1205</strong><br />(+24 for winning)
|l|☆PropheticBBX
|player|p1|
|l|‽belacquaaa
|player|p2|
