|j|☆Blaxophone
|j|‽DuckyBro
|t:|1779803077
|gametype|singles
|player|p1|Blaxophone|266|1513
|player|p2|DuckyBro|dragontamer|1574
|gen|9
|tier|[Gen 9] OU
|rated|
|rule|HP Percentage Mod: HP is shown in percentages
|rule|Endless Battle Clause: Forcing endless battles is banned
|rule|Species Clause: Limit one of each Pokémon
|rule|OHKO Clause: OHKO moves are banned
|rule|Evasion Items Clause: Evasion items are banned
|rule|Evasion Moves Clause: Evasion moves are banned
|rule|Evasion Abilities Clause: Evasion abilities are banned
|rule|Sleep Moves Clause: Sleep-inducing moves are banned
|clearpoke
|poke|p1|Ogerpon-Wellspring, F|
|poke|p1|Dragapult, F|
|poke|p1|Cinderace, M|
|poke|p1|Hatterene, F|
|poke|p1|Magnezone|
|poke|p1|Great Tusk|
|poke|p2|Cinderace, F|
|poke|p2|Dondozo, M|
|poke|p2|Zapdos|
|poke|p2|Garchomp, F|
|poke|p2|Kyurem|
|poke|p2|Volcanion|
|teampreview
|
|t:|1779803084
|teamsize|p1|6
|teamsize|p2|6
|start
|switch|p1a: Dragapult|Dragapult, F|100/100
|switch|p2a: Zapdos|Zapdos|100/100
|turn|1
|
|t:|1779803091
|-terastallize|p1a: Dragapult|Dragon
|move|p1a: Dragapult|Dragon Darts|p2a: Zapdos
|-damage|p2a: Zapdos|40/100
|-anim|p1a: Dragapult|Dragon Darts|p2a: Zapdos
|-damage|p2a: Zapdos|0 fnt
|faint|p2a: Zapdos
|
|upkeep
|
|t:|1779803098
|switch|p2a: Kyurem|Kyurem|100/100
|-ability|p2a: Kyurem|Pressure
|turn|2
|
|t:|1779803104
|switch|p1a: Cinderace|Cinderace, M|100/100
|-terastallize|p2a: Kyurem|Fairy
|move|p2a: Kyurem|Freeze-Dry|p1a: Cinderace
|-resisted|p1a: Cinderace
|-damage|p1a: Cinderace|61/100
|
|upkeep
|turn|3
|
|t:|1779803114
|switch|p2a: Volcanion|Volcanion|100/100
|move|p1a: Cinderace|U-turn|p2a: Volcanion
|-start|p1a: Cinderace|typechange|Bug|[from] ability: Libero
|-resisted|p2a: Volcanion
|-damage|p2a: Volcanion|86/100
|
|t:|1779803125
|switch|p1a: Great Tusk|Great Tusk|100/100|[from] U-turn
|-enditem|p1a: Great Tusk|Booster Energy
|-activate|p1a: Great Tusk|ability: Protosynthesis|[fromitem]
|-start|p1a: Great Tusk|protosynthesisatk
|
|upkeep
|turn|4
|j| ARMAAN3660
|
|t:|1779803135
|switch|p2a: Dondozo|Dondozo, M|100/100
|move|p1a: Great Tusk|Headlong Rush|p2a: Dondozo
|-damage|p2a: Dondozo|61/100
|-unboost|p1a: Great Tusk|def|1
|-unboost|p1a: Great Tusk|spd|1
|
|upkeep
|turn|5
|
|t:|1779803149
|-end|p1a: Great Tusk|Protosynthesis|[silent]
|switch|p1a: Magnezone|Magnezone|100/100
|move|p2a: Dondozo|Rest|p2a: Dondozo
|-status|p2a: Dondozo|slp|[from] move: Rest
|-heal|p2a: Dondozo|100/100 slp|[silent]
|
|upkeep
|turn|6
|
|t:|1779803156
|switch|p2a: Garchomp|Garchomp, F|100/100
|move|p1a: Magnezone|Flash Cannon|p2a: Garchomp
|-damage|p2a: Garchomp|0 fnt
|faint|p2a: Garchomp
|
|upkeep
|
|t:|1779803162
|switch|p2a: Cinderace|Cinderace, F|100/100
|turn|7
|
|t:|1779803168
|switch|p1a: Cinderace|Cinderace, M|61/100
|move|p2a: Cinderace|Pyro Ball|p1a: Cinderace
|-resisted|p1a: Cinderace
|-damage|p1a: Cinderace|21/100
|
|upkeep
|turn|8
|
|t:|1779803174
|move|p2a: Cinderace|Sucker Punch|p1a: Cinderace
|-start|p2a: Cinderace|typechange|Dark|[from] ability: Libero
|-damage|p1a: Cinderace|0 fnt
|faint|p1a: Cinderace
|
|upkeep
|
|t:|1779803188
|switch|p1a: Great Tusk|Great Tusk|100/100
|turn|9
|
|t:|1779803191
|-end|p1a: Great Tusk|Protosynthesis|[silent]
|switch|p1a: Magnezone|Magnezone|100/100
|move|p2a: Cinderace|U-turn|p1a: Magnezone
|-resisted|p1a: Magnezone
|-damage|p1a: Magnezone|91/100
|
|t:|1779803198
|switch|p2a: Kyurem|Kyurem, tera:Fairy|100/100|[from] U-turn
|-ability|p2a: Kyurem|Pressure
|
|upkeep
|turn|10
|
|t:|1779803206
|switch|p1a: Ogerpon|Ogerpon-Wellspring, F|100/100
|move|p2a: Kyurem|Earth Power|p1a: Ogerpon
|-resisted|p1a: Ogerpon
|-damage|p1a: Ogerpon|74/100
|
|upkeep
|turn|11
|
|t:|1779803216
|switch|p2a: Volcanion|Volcanion|86/100
|move|p1a: Ogerpon|U-turn|p2a: Volcanion
|-resisted|p2a: Volcanion
|-damage|p2a: Volcanion|74/100
|
|t:|1779803221
|switch|p1a: Hatterene|Hatterene, F|100/100|[from] U-turn
|
|upkeep
|turn|12
|
|t:|1779803226
|move|p2a: Volcanion|Sludge Bomb|p1a: Hatterene
|-supereffective|p1a: Hatterene
|-damage|p1a: Hatterene|29/100
|-status|p1a: Hatterene|psn
|move|p1a: Hatterene|Trick Room|p1a: Hatterene
|-fieldstart|move: Trick Room|[of] p1a: Hatterene
|
|-heal|p1a: Hatterene|35/100 psn|[from] item: Leftovers
|-damage|p1a: Hatterene|23/100 psn|[from] psn
|upkeep
|turn|13
|
|t:|1779803237
|move|p1a: Hatterene|Psychic|p2a: Volcanion
|-damage|p2a: Volcanion|43/100
|move|p2a: Volcanion|Sludge Bomb|p1a: Hatterene
|-supereffective|p1a: Hatterene
|-damage|p1a: Hatterene|0 fnt
|faint|p1a: Hatterene
|
|upkeep
|
|t:|1779803246
|switch|p1a: Magnezone|Magnezone|91/100
|turn|14
|c| ARMAAN3660|Trick Room?!
|
|t:|1779803251
|move|p1a: Magnezone|Thunderbolt|p2a: Volcanion
|-supereffective|p2a: Volcanion
|-damage|p2a: Volcanion|0 fnt
|faint|p2a: Volcanion
|
|upkeep
|
|t:|1779803254
|switch|p2a: Kyurem|Kyurem, tera:Fairy|100/100
|-ability|p2a: Kyurem|Pressure
|turn|15
|
|t:|1779803262
|switch|p1a: Great Tusk|Great Tusk|100/100
|move|p2a: Kyurem|Earth Power|p1a: Great Tusk
|-damage|p1a: Great Tusk|29/100
|
|upkeep
|turn|16
|
|t:|1779803270
|move|p1a: Great Tusk|Headlong Rush|p2a: Kyurem
|-damage|p2a: Kyurem|39/100
|-unboost|p1a: Great Tusk|def|1
|-unboost|p1a: Great Tusk|spd|1
|move|p2a: Kyurem|Earth Power|p1a: Great Tusk
|-damage|p1a: Great Tusk|0 fnt
|faint|p1a: Great Tusk
|-end|p1a: Great Tusk|Protosynthesis|[silent]
|
|-fieldend|move: Trick Room
|upkeep
|
|t:|1779803281
|switch|p1a: Ogerpon|Ogerpon-Wellspring, F|74/100
|turn|17
|
|t:|1779803334
|switch|p2a: Dondozo|Dondozo, M|100/100 slp
|move|p1a: Ogerpon|Ivy Cudgel|p2a: Dondozo|[anim] Ivy Cudgel Water
|-resisted|p2a: Dondozo
|-crit|p2a: Dondozo
|-damage|p2a: Dondozo|80/100 slp
|
|upkeep
|turn|18
|
|t:|1779803352
|move|p1a: Ogerpon|U-turn|p2a: Dondozo
|-damage|p2a: Dondozo|67/100 slp
|
|t:|1779803355
|switch|p1a: Magnezone|Magnezone|91/100|[from] U-turn
|cant|p2a: Dondozo|slp
|move|p2a: Dondozo|Sleep Talk|p2a: Dondozo
|move|p2a: Dondozo|Rest||[from] move: Sleep Talk|[still]
|-fail|p2a: Dondozo
|
|upkeep
|turn|19
|
|t:|1779803365
|switch|p2a: Kyurem|Kyurem, tera:Fairy|39/100
|-ability|p2a: Kyurem|Pressure
|move|p1a: Magnezone|Thunderbolt|p2a: Kyurem
|-damage|p2a: Kyurem|0 fnt
|faint|p2a: Kyurem
|
|upkeep
|
|t:|1779803367
|switch|p2a: Cinderace|Cinderace, F|100/100
|turn|20
|
|t:|1779803377
|switch|p1a: Ogerpon|Ogerpon-Wellspring, F|74/100
|move|p2a: Cinderace|Pyro Ball|p1a: Ogerpon
|-damage|p1a: Ogerpon|0 fnt
|faint|p1a: Ogerpon
|
|upkeep
|
|t:|1779803384
|switch|p1a: Dragapult|Dragapult, F, tera:Dragon|100/100
|turn|21
|
|t:|1779803390
|switch|p2a: Dondozo|Dondozo, M|67/100 slp
|move|p1a: Dragapult|Dragon Darts|p2a: Dondozo
|-damage|p2a: Dondozo|43/100 slp
|-anim|p1a: Dragapult|Dragon Darts|p2a: Dondozo
|-damage|p2a: Dondozo|20/100 slp
|
|upkeep
|turn|22
|
|t:|1779803398
|move|p1a: Dragapult|Dragon Darts|p2a: Dondozo
|-damage|p2a: Dondozo|0 fnt
|faint|p2a: Dondozo
|
|upkeep
|
|t:|1779803400
|switch|p2a: Cinderace|Cinderace, F|100/100
|turn|23
|
|t:|1779803405
|move|p2a: Cinderace|Sucker Punch|p1a: Dragapult
|-start|p2a: Cinderace|typechange|Dark|[from] ability: Libero
|-damage|p1a: Dragapult|54/100
|move|p1a: Dragapult|Dragon Darts|p2a: Cinderace
|-damage|p2a: Cinderace|31/100
|-anim|p1a: Dragapult|Dragon Darts|p2a: Cinderace
|-damage|p2a: Cinderace|0 fnt
|faint|p2a: Cinderace
|
|win|Blaxophone
|raw|Blaxophone's rating: 1513 &rarr; <strong>1536</strong><br />(+23 for winning)
|raw|DuckyBro's rating: 1574 &rarr; <strong>1551</strong><br />(-23 for losing)
|l|‽DuckyBro
|player|p2|
|l|☆Blaxophone
|player|p1|
