|j|☆xdft7yuhgfvghu
|j|☆Nooderu
|t:|1779819330
|gametype|singles
|player|p1|xdft7yuhgfvghu|2|1082
|player|p2|Nooderu|guitarist|1069
|gen|9
|tier|[Gen 9] OU
|rated|
|rule|HP Percentage Mod: HP is shown in percentages
|rule|Endless Battle Clause: Forcing endless battles is banned
|rule|Species Clause: Limit one of each Pokémon
|rule|OHKO Clause: OHKO moves are banned
|rule|Evasion Items Clause: Evasion items are banned
|rule|Evasion Moves Clause: Evasion moves are banned
|rule|Evasion Abilities Clause: Evasion abilities are banned
|rule|Sleep Moves Clause: Sleep-inducing moves are banned
|clearpoke
|poke|p1|Exeggutor-Alola, F|
|poke|p1|Iron Moth|
|poke|p1|Clefable, M|
|poke|p1|Corviknight, M|
|poke|p1|Great Tusk|
|poke|p1|Samurott-Hisui, F|
|poke|p2|Azumarill, F|
|poke|p2|Metagross|
|poke|p2|Cloyster, F|
|poke|p2|Cresselia, F|
|poke|p2|Landorus-Therian, M|
|poke|p2|Iron Moth|
|teampreview
|inactive|Battle timer is ON: inactive players will automatically lose when time's up. (requested by xdft7yuhgfvghu)
|
|t:|1779819339
|teamsize|p1|6
|teamsize|p2|6
|start
|switch|p1a: Samurott|Samurott-Hisui, F|100/100
|switch|p2a: Cresselia|Cresselia, F|100/100
|turn|1
|inactive|Nooderu has 120 seconds left.
|
|t:|1779819379
|move|p1a: Samurott|Ceaseless Edge|p2a: Cresselia
|-supereffective|p2a: Cresselia
|-damage|p2a: Cresselia|38/100
|-sidestart|p2: Nooderu|Spikes
|move|p2a: Cresselia|Trick Room|p2a: Cresselia
|-fieldstart|move: Trick Room|[of] p2a: Cresselia
|
|upkeep
|turn|2
|inactive|Nooderu has 120 seconds left.
|
|t:|1779819395
|move|p2a: Cresselia|Reflect|p2a: Cresselia
|-sidestart|p2: Nooderu|Reflect
|move|p1a: Samurott|Ceaseless Edge|p2a: Cresselia
|-supereffective|p2a: Cresselia
|-damage|p2a: Cresselia|5/100
|-sidestart|p2: Nooderu|Spikes
|
|upkeep
|turn|3
|
|t:|1779819412
|switch|p2a: Azumarill|Azumarill, F|100/100
|-damage|p2a: Azumarill|84/100|[from] Spikes
|move|p1a: Samurott|Ceaseless Edge|p2a: Azumarill
|-resisted|p2a: Azumarill
|-damage|p2a: Azumarill|73/100
|-sidestart|p2: Nooderu|Spikes
|
|upkeep
|turn|4
|
|t:|1779819423
|switch|p1a: Exeggutor|Exeggutor-Alola, F|100/100
|move|p2a: Azumarill|Play Rough|p1a: Exeggutor
|-supereffective|p1a: Exeggutor
|-damage|p1a: Exeggutor|0 fnt
|faint|p1a: Exeggutor
|
|upkeep
|
|t:|1779819438
|switch|p1a: Clefable|Clefable, M|100/100
|turn|5
|
|t:|1779819445
|move|p2a: Azumarill|Play Rough|p1a: Clefable
|-damage|p1a: Clefable|0 fnt
|faint|p1a: Clefable
|
|-fieldend|move: Trick Room
|upkeep
|
|t:|1779819453
|switch|p1a: Corviknight|Corviknight, M|100/100
|turn|6
|inactive|Nooderu has 120 seconds left.
|
|t:|1779819464
|switch|p2a: Landorus|Landorus-Therian, M|100/100
|-ability|p2a: Landorus|Intimidate|boost
|-ability|p1a: Corviknight|Mirror Armor
|-unboost|p2a: Landorus|atk|1
|move|p1a: Corviknight|Bulk Up|p1a: Corviknight
|-boost|p1a: Corviknight|atk|1
|-boost|p1a: Corviknight|def|1
|
|upkeep
|turn|7
|inactive|Nooderu has 120 seconds left.
|
|t:|1779819475
|move|p2a: Landorus|Stealth Rock|p1a: Corviknight
|-sidestart|p1: xdft7yuhgfvghu|move: Stealth Rock
|move|p1a: Corviknight|Agility|p1a: Corviknight
|-boost|p1a: Corviknight|spe|2
|
|upkeep
|turn|8
|inactive|Nooderu has 120 seconds left.
|
|t:|1779819494
|switch|p2a: Metagross|Metagross|100/100
|-damage|p2a: Metagross|75/100|[from] Spikes
|move|p1a: Corviknight|Bulk Up|p1a: Corviknight
|-boost|p1a: Corviknight|atk|1
|-boost|p1a: Corviknight|def|1
|
|upkeep
|turn|9
|inactive|Nooderu has 120 seconds left.
|
|t:|1779819505
|move|p1a: Corviknight|Bulk Up|p1a: Corviknight
|-boost|p1a: Corviknight|atk|1
|-boost|p1a: Corviknight|def|1
|move|p2a: Metagross|Knock Off|p1a: Corviknight
|-damage|p1a: Corviknight|91/100
|-enditem|p1a: Corviknight|Leftovers|[from] move: Knock Off|[of] p2a: Metagross
|
|-sideend|p2: Nooderu|Reflect
|upkeep
|turn|10
|inactive|Nooderu has 120 seconds left.
|
|t:|1779819523
|move|p1a: Corviknight|Bulk Up|p1a: Corviknight
|-boost|p1a: Corviknight|atk|1
|-boost|p1a: Corviknight|def|1
|move|p2a: Metagross|Iron Head|p1a: Corviknight
|-resisted|p1a: Corviknight
|-damage|p1a: Corviknight|87/100
|
|upkeep
|turn|11
|
|t:|1779819535
|move|p1a: Corviknight|Bulk Up|p1a: Corviknight
|-boost|p1a: Corviknight|atk|1
|-boost|p1a: Corviknight|def|1
|move|p2a: Metagross|Iron Head|p1a: Corviknight
|-resisted|p1a: Corviknight
|-damage|p1a: Corviknight|83/100
|
|upkeep
|turn|12
|
|t:|1779819544
|move|p1a: Corviknight|Agility|p1a: Corviknight
|-boost|p1a: Corviknight|spe|2
|move|p2a: Metagross|Iron Head|p1a: Corviknight
|-resisted|p1a: Corviknight
|-damage|p1a: Corviknight|79/100
|
|upkeep
|turn|13
|inactive|Nooderu has 120 seconds left.
|
|t:|1779819552
|move|p1a: Corviknight|Bulk Up|p1a: Corviknight
|-boost|p1a: Corviknight|atk|1
|-boost|p1a: Corviknight|def|1
|move|p2a: Metagross|Iron Head|p1a: Corviknight
|-resisted|p1a: Corviknight
|-damage|p1a: Corviknight|75/100
|
|upkeep
|turn|14
|
|t:|1779819561
|move|p1a: Corviknight|Agility|p1a: Corviknight
|-boost|p1a: Corviknight|spe|2
|move|p2a: Metagross|Iron Head|p1a: Corviknight
|-resisted|p1a: Corviknight
|-damage|p1a: Corviknight|71/100
|
|upkeep
|turn|15
|
|t:|1779819569
|move|p1a: Corviknight|Roost|p1a: Corviknight
|-heal|p1a: Corviknight|100/100
|-singleturn|p1a: Corviknight|move: Roost
|move|p2a: Metagross|Iron Head|p1a: Corviknight
|-resisted|p1a: Corviknight
|-damage|p1a: Corviknight|97/100
|
|upkeep
|turn|16
|
|t:|1779819578
|move|p1a: Corviknight|Power Trip|p2a: Metagross
|-supereffective|p2a: Metagross
|-damage|p2a: Metagross|0 fnt
|faint|p2a: Metagross
|
|upkeep
|
|t:|1779819592
|switch|p2a: Iron Moth|Iron Moth|100/100
|-damage|p2a: Iron Moth|76/100|[from] Spikes
|-enditem|p2a: Iron Moth|Booster Energy
|-activate|p2a: Iron Moth|ability: Quark Drive|[fromitem]
|-start|p2a: Iron Moth|quarkdrivespa
|turn|17
|
|t:|1779819604
|move|p1a: Corviknight|Power Trip|p2a: Iron Moth
|-damage|p2a: Iron Moth|0 fnt
|faint|p2a: Iron Moth
|-end|p2a: Iron Moth|Quark Drive|[silent]
|
|upkeep
|
|t:|1779819613
|switch|p2a: Landorus|Landorus-Therian, M|100/100
|-ability|p2a: Landorus|Intimidate|boost
|-ability|p1a: Corviknight|Mirror Armor
|-unboost|p2a: Landorus|atk|1
|turn|18
|
|t:|1779819621
|move|p1a: Corviknight|Power Trip|p2a: Landorus
|-damage|p2a: Landorus|0 fnt
|-damage|p1a: Corviknight|80/100|[from] item: Rocky Helmet|[of] p2a: Landorus
|faint|p2a: Landorus
|
|upkeep
|
|t:|1779819628
|switch|p2a: Azumarill|Azumarill, F|73/100
|-damage|p2a: Azumarill|48/100|[from] Spikes
|turn|19
|
|t:|1779819633
|move|p1a: Corviknight|Power Trip|p2a: Azumarill
|-resisted|p2a: Azumarill
|-damage|p2a: Azumarill|0 fnt
|faint|p2a: Azumarill
|
|upkeep
|-message|Nooderu forfeited.
|
|win|xdft7yuhgfvghu
|raw|xdft7yuhgfvghu's rating: 1082 &rarr; <strong>1109</strong><br />(+27 for winning)
|raw|Nooderu's rating: 1069 &rarr; <strong>1049</strong><br />(-20 for losing)
|l|☆Nooderu
|player|p2|
|l|☆xdft7yuhgfvghu
|player|p1|
