|j|☆I am a guineapig
|j|☆gooseyj
|t:|1779956283
|gametype|singles
|player|p1|I am a guineapig|fisherman-gen4|1407
|player|p2|gooseyj|iris-gen5bw2|1316
|gen|9
|tier|[Gen 9] OU
|rated|
|rule|HP Percentage Mod: HP is shown in percentages
|rule|Endless Battle Clause: Forcing endless battles is banned
|rule|Species Clause: Limit one of each Pokémon
|rule|OHKO Clause: OHKO moves are banned
|rule|Evasion Items Clause: Evasion items are banned
|rule|Evasion Moves Clause: Evasion moves are banned
|rule|Evasion Abilities Clause: Evasion abilities are banned
|rule|Sleep Moves Clause: Sleep-inducing moves are banned
|clearpoke
|poke|p1|Carbink|
|poke|p1|Hatterene, F|
|poke|p1|Dusclops, F|
|poke|p1|Iron Hands|
|poke|p1|Araquanid, M|
|poke|p1|Kingambit, F|
|poke|p2|Ribombee, F|
|poke|p2|Cinderace, F|
|poke|p2|Gholdengo|
|poke|p2|Kilowattrel, F|
|poke|p2|Ogerpon-Wellspring, F|
|poke|p2|Kyurem|
|teampreview
|inactive|Battle timer is ON: inactive players will automatically lose when time's up. (requested by gooseyj)
|inactive|I am a guineapig also wants the timer to be on.
|l|☆gooseyj
|inactive|gooseyj disconnected and has a minute to reconnect!
|player|p2|
|j|☆gooseyj
|inactive|gooseyj reconnected and has 140 seconds left.
|player|p2|gooseyj|iris-gen5bw2|
|
|t:|1779956311
|teamsize|p1|6
|teamsize|p2|6
|start
|switch|p1a: Carbink|Carbink|100/100
|switch|p2a: Ribombee|Ribombee, F|100/100
|turn|1
|
|t:|1779956317
|move|p2a: Ribombee|Skill Swap|p1a: Carbink
|-activate|p2a: Ribombee|Skill Swap|Sturdy|Shield Dust|[of] p1a: Carbink
|move|p1a: Carbink|Trick Room|p1a: Carbink
|-fieldstart|move: Trick Room|[of] p1a: Carbink
|
|upkeep
|turn|2
|
|t:|1779956334
|switch|p2a: Gholdengo|Gholdengo|100/100
|move|p1a: Carbink|Misty Explosion|p2a: Gholdengo
|-resisted|p2a: Gholdengo
|-damage|p2a: Gholdengo|88/100
|faint|p1a: Carbink
|
|upkeep
|
|t:|1779956347
|switch|p1a: Kingambit|Kingambit, F|100/100
|-activate|p1a: Kingambit|ability: Supreme Overlord
|-start|p1a: Kingambit|fallen1|[silent]
|turn|3
|
|t:|1779956357
|-terastallize|p2a: Gholdengo|Fighting
|move|p1a: Kingambit|Kowtow Cleave|p2a: Gholdengo
|-resisted|p2a: Gholdengo
|-damage|p2a: Gholdengo|48/100
|-damage|p1a: Kingambit|91/100|[from] item: Life Orb
|move|p2a: Gholdengo|Focus Blast|p1a: Kingambit
|-supereffective|p1a: Kingambit
|-damage|p1a: Kingambit|0 fnt
|faint|p1a: Kingambit
|-end|p1a: Kingambit|fallen1|[silent]
|
|upkeep
|
|t:|1779956364
|switch|p1a: Araquanid|Araquanid, M|100/100
|turn|4
|
|t:|1779956378
|switch|p2a: Ribombee|Ribombee, F|100/100
|move|p1a: Araquanid|Liquidation|p2a: Ribombee
|-crit|p2a: Ribombee
|-enditem|p2a: Ribombee|Focus Sash
|-damage|p2a: Ribombee|1/100
|-damage|p1a: Araquanid|90/100|[from] item: Life Orb
|
|upkeep
|turn|5
|
|t:|1779956384
|move|p1a: Araquanid|Leech Life|p2a: Ribombee
|-resisted|p2a: Ribombee
|-damage|p2a: Ribombee|0 fnt
|-heal|p1a: Araquanid|91/100|[from] drain|[of] p2a: Ribombee
|faint|p2a: Ribombee
|-damage|p1a: Araquanid|81/100|[from] item: Life Orb
|
|-fieldend|move: Trick Room
|upkeep
|
|t:|1779956402
|switch|p2a: Kilowattrel|Kilowattrel, F|100/100
|turn|6
|
|t:|1779956406
|move|p2a: Kilowattrel|Thunderbolt|p1a: Araquanid
|-supereffective|p1a: Araquanid
|-damage|p1a: Araquanid|18/100
|move|p1a: Araquanid|Liquidation|p2a: Kilowattrel
|-damage|p2a: Kilowattrel|0 fnt
|faint|p2a: Kilowattrel
|-damage|p1a: Araquanid|8/100|[from] item: Life Orb
|
|upkeep
|
|t:|1779956425
|switch|p2a: Ogerpon|Ogerpon-Wellspring, F|100/100
|turn|7
|
|t:|1779956428
|move|p2a: Ogerpon|Horn Leech|p1a: Araquanid
|-damage|p1a: Araquanid|0 fnt
|faint|p1a: Araquanid
|
|upkeep
|
|t:|1779956435
|switch|p1a: Hatterene|Hatterene, F|100/100
|turn|8
|
|t:|1779956458
|move|p2a: Ogerpon|Power Whip|p1a: Hatterene
|-damage|p1a: Hatterene|25/100
|move|p1a: Hatterene|Trick Room|p1a: Hatterene
|-fieldstart|move: Trick Room|[of] p1a: Hatterene
|
|upkeep
|turn|9
|inactive|gooseyj has 120 seconds left.
|
|t:|1779956489
|switch|p2a: Kyurem|Kyurem|100/100
|-ability|p2a: Kyurem|Pressure
|move|p1a: Hatterene|Misty Explosion|p2a: Kyurem
|-supereffective|p2a: Kyurem
|-damage|p2a: Kyurem|0 fnt
|faint|p1a: Hatterene
|faint|p2a: Kyurem
|
|upkeep
|-message|gooseyj forfeited.
|
|win|I am a guineapig
|raw|I am a guineapig's rating: 1407 &rarr; <strong>1422</strong><br />(+15 for winning)
|raw|gooseyj's rating: 1316 &rarr; <strong>1301</strong><br />(-15 for losing)
|l|☆gooseyj
|player|p2|
|l|☆I am a guineapig
|player|p1|
