|j|☆Valiant07
|j|☆KOSEKlBIJOU
|t:|1779805852
|gametype|singles
|player|p1|Valiant07|ingo|1314
|player|p2|KOSEKlBIJOU|red|1329
|gen|9
|tier|[Gen 9] OU
|rated|
|rule|HP Percentage Mod: HP is shown in percentages
|rule|Endless Battle Clause: Forcing endless battles is banned
|rule|Species Clause: Limit one of each Pokémon
|rule|OHKO Clause: OHKO moves are banned
|rule|Evasion Items Clause: Evasion items are banned
|rule|Evasion Moves Clause: Evasion moves are banned
|rule|Evasion Abilities Clause: Evasion abilities are banned
|rule|Sleep Moves Clause: Sleep-inducing moves are banned
|clearpoke
|poke|p1|Dragonite, M|
|poke|p1|Darkrai|
|poke|p1|Zamazenta-*|
|poke|p1|Iron Treads|
|poke|p1|Hatterene, F|
|poke|p1|Alomomola, M|
|poke|p2|Ribombee, M|
|poke|p2|Meloetta|
|poke|p2|Gholdengo|
|poke|p2|Great Tusk|
|poke|p2|Kingambit, F|
|poke|p2|Raging Bolt|
|teampreview
|
|t:|1779805862
|teamsize|p1|6
|teamsize|p2|6
|start
|switch|p1a: Alomomola|Alomomola, M|100/100
|switch|p2a: Ribombee|Ribombee, M|100/100
|turn|1
|
|t:|1779805866
|move|p2a: Ribombee|Moonblast|p1a: Alomomola
|-damage|p1a: Alomomola|78/100
|move|p1a: Alomomola|Flip Turn|p2a: Ribombee
|-damage|p2a: Ribombee|66/100
|
|t:|1779805885
|switch|p1a: Iron Treads|Iron Treads|100/100|[from] Flip Turn
|-enditem|p1a: Iron Treads|Booster Energy
|-activate|p1a: Iron Treads|ability: Quark Drive|[fromitem]
|-start|p1a: Iron Treads|quarkdrivespe
|
|upkeep
|turn|2
|
|t:|1779805889
|switch|p2a: Great Tusk|Great Tusk|100/100
|move|p1a: Iron Treads|Ice Spinner|p2a: Great Tusk
|-supereffective|p2a: Great Tusk
|-damage|p2a: Great Tusk|71/100
|
|-heal|p2a: Great Tusk|78/100|[from] item: Leftovers
|upkeep
|turn|3
|
|t:|1779805900
|-terastallize|p1a: Iron Treads|Ghost
|move|p1a: Iron Treads|Stealth Rock|p2a: Great Tusk
|-sidestart|p2: KOSEKlBIJOU|move: Stealth Rock
|move|p2a: Great Tusk|Knock Off|p1a: Iron Treads
|-supereffective|p1a: Iron Treads
|-damage|p1a: Iron Treads|64/100
|
|-heal|p2a: Great Tusk|84/100|[from] item: Leftovers
|upkeep
|turn|4
|
|t:|1779805909
|move|p1a: Iron Treads|Ice Spinner|p2a: Great Tusk
|-supereffective|p2a: Great Tusk
|-damage|p2a: Great Tusk|56/100
|move|p2a: Great Tusk|Earthquake|p1a: Iron Treads
|-damage|p1a: Iron Treads|25/100
|
|-heal|p2a: Great Tusk|62/100|[from] item: Leftovers
|upkeep
|turn|5
|
|t:|1779805915
|-end|p1a: Iron Treads|Quark Drive|[silent]
|switch|p1a: Dragonite|Dragonite, M|100/100
|move|p2a: Great Tusk|Knock Off|p1a: Dragonite
|-damage|p1a: Dragonite|82/100
|-enditem|p1a: Dragonite|Heavy-Duty Boots|[from] move: Knock Off|[of] p2a: Great Tusk
|
|-heal|p2a: Great Tusk|68/100|[from] item: Leftovers
|upkeep
|turn|6
|
|t:|1779805921
|move|p2a: Great Tusk|Stealth Rock|p1a: Dragonite
|-sidestart|p1: Valiant07|move: Stealth Rock
|move|p1a: Dragonite|Dragon Dance|p1a: Dragonite
|-boost|p1a: Dragonite|atk|1
|-boost|p1a: Dragonite|spe|1
|
|-heal|p2a: Great Tusk|74/100|[from] item: Leftovers
|upkeep
|turn|7
|
|t:|1779805927
|move|p1a: Dragonite|Dragon Dance|p1a: Dragonite
|-boost|p1a: Dragonite|atk|1
|-boost|p1a: Dragonite|spe|1
|move|p2a: Great Tusk|Rapid Spin|p1a: Dragonite
|-damage|p1a: Dragonite|64/100
|-boost|p2a: Great Tusk|spe|1
|-sideend|p2: KOSEKlBIJOU|Stealth Rock|[from] move: Rapid Spin|[of] p2a: Great Tusk
|
|-heal|p2a: Great Tusk|81/100|[from] item: Leftovers
|upkeep
|turn|8
|
|t:|1779805941
|move|p1a: Dragonite|Extreme Speed|p2a: Great Tusk
|-damage|p2a: Great Tusk|39/100
|move|p2a: Great Tusk|Rapid Spin|p1a: Dragonite
|-damage|p1a: Dragonite|47/100
|-boost|p2a: Great Tusk|spe|1
|
|-heal|p2a: Great Tusk|45/100|[from] item: Leftovers
|upkeep
|turn|9
|
|t:|1779805946
|move|p1a: Dragonite|Extreme Speed|p2a: Great Tusk
|-damage|p2a: Great Tusk|7/100
|move|p2a: Great Tusk|Knock Off|p1a: Dragonite
|-damage|p1a: Dragonite|24/100
|
|-heal|p2a: Great Tusk|13/100|[from] item: Leftovers
|upkeep
|turn|10
|
|t:|1779805950
|move|p1a: Dragonite|Extreme Speed|p2a: Great Tusk
|-damage|p2a: Great Tusk|0 fnt
|faint|p2a: Great Tusk
|-end|p2a: Great Tusk|Protosynthesis|[silent]
|
|upkeep
|
|t:|1779805953
|switch|p2a: Ribombee|Ribombee, M|66/100
|turn|11
|
|t:|1779805970
|-terastallize|p2a: Ribombee|Ghost
|move|p1a: Dragonite|Extreme Speed|p2a: Ribombee
|-immune|p2a: Ribombee
|move|p2a: Ribombee|Moonblast|p1a: Dragonite
|-supereffective|p1a: Dragonite
|-damage|p1a: Dragonite|0 fnt
|faint|p1a: Dragonite
|
|upkeep
|
|t:|1779805989
|switch|p1a: Darkrai|Darkrai|100/100
|-damage|p1a: Darkrai|88/100|[from] Stealth Rock
|turn|12
|
|t:|1779806002
|switch|p2a: Raging Bolt|Raging Bolt|100/100
|move|p1a: Darkrai|Dark Pulse|p2a: Raging Bolt
|-damage|p2a: Raging Bolt|63/100
|
|-heal|p1a: Darkrai|94/100|[from] item: Leftovers
|-heal|p2a: Raging Bolt|69/100|[from] item: Leftovers
|upkeep
|turn|13
|
|t:|1779806014
|move|p1a: Darkrai|Will-O-Wisp|p2a: Raging Bolt
|-status|p2a: Raging Bolt|brn
|move|p2a: Raging Bolt|Calm Mind|p2a: Raging Bolt
|-boost|p2a: Raging Bolt|spa|1
|-boost|p2a: Raging Bolt|spd|1
|
|-heal|p1a: Darkrai|99/100|[from] item: Leftovers
|-heal|p2a: Raging Bolt|75/100 brn|[from] item: Leftovers
|-damage|p2a: Raging Bolt|69/100 brn|[from] brn
|upkeep
|turn|14
|
|t:|1779806019
|move|p1a: Darkrai|Dark Pulse|p2a: Raging Bolt
|-damage|p2a: Raging Bolt|45/100 brn
|cant|p2a: Raging Bolt|flinch
|
|-heal|p1a: Darkrai|100/100|[from] item: Leftovers
|-heal|p2a: Raging Bolt|51/100 brn|[from] item: Leftovers
|-damage|p2a: Raging Bolt|45/100 brn|[from] brn
|upkeep
|turn|15
|
|t:|1779806028
|move|p1a: Darkrai|Dark Pulse|p2a: Raging Bolt
|-damage|p2a: Raging Bolt|22/100 brn
|move|p2a: Raging Bolt|Thunderbolt|p1a: Darkrai
|-damage|p1a: Darkrai|0 fnt
|faint|p1a: Darkrai
|
|-heal|p2a: Raging Bolt|28/100 brn|[from] item: Leftovers
|-damage|p2a: Raging Bolt|22/100 brn|[from] brn
|upkeep
|
|t:|1779806035
|switch|p1a: Zamazenta|Zamazenta|100/100
|-damage|p1a: Zamazenta|94/100|[from] Stealth Rock
|-ability|p1a: Zamazenta|Dauntless Shield|boost
|-boost|p1a: Zamazenta|def|1
|turn|16
|
|t:|1779806041
|move|p2a: Raging Bolt|Thunderclap|p1a: Zamazenta
|-damage|p1a: Zamazenta|45/100
|move|p1a: Zamazenta|Body Press|p2a: Raging Bolt
|-damage|p2a: Raging Bolt|0 fnt
|faint|p2a: Raging Bolt
|-end|p2a: Raging Bolt|Protosynthesis|[silent]
|
|-heal|p1a: Zamazenta|51/100|[from] item: Leftovers
|upkeep
|
|t:|1779806045
|switch|p2a: Ribombee|Ribombee, M, tera:Ghost|66/100
|turn|17
|
|t:|1779806056
|move|p1a: Zamazenta|Crunch|p2a: Ribombee
|-supereffective|p2a: Ribombee
|-damage|p2a: Ribombee|0 fnt
|faint|p2a: Ribombee
|
|-heal|p1a: Zamazenta|57/100|[from] item: Leftovers
|upkeep
|
|t:|1779806066
|switch|p2a: Gholdengo|Gholdengo|100/100
|-item|p2a: Gholdengo|Air Balloon
|turn|18
|
|t:|1779806071
|switch|p1a: Alomomola|Alomomola, M|100/100
|-damage|p1a: Alomomola|88/100|[from] Stealth Rock
|move|p2a: Gholdengo|Make It Rain|p1a: Alomomola
|-resisted|p1a: Alomomola
|-damage|p1a: Alomomola|69/100
|-unboost|p2a: Gholdengo|spa|1
|
|upkeep
|turn|19
|
|t:|1779806079
|switch|p2a: Kingambit|Kingambit, F|100/100
|-activate|p2a: Kingambit|ability: Supreme Overlord
|-start|p2a: Kingambit|fallen3|[silent]
|move|p1a: Alomomola|Flip Turn|p2a: Kingambit
|-damage|p2a: Kingambit|86/100
|inactive|Battle timer is ON: inactive players will automatically lose when time's up. (requested by Valiant07)
|
|t:|1779806083
|switch|p1a: Zamazenta|Zamazenta|57/100|[from] Flip Turn
|-damage|p1a: Zamazenta|51/100|[from] Stealth Rock
|
|-heal|p1a: Zamazenta|57/100|[from] item: Leftovers
|upkeep
|turn|20
|
|t:|1779806095
|-end|p2a: Kingambit|fallen3|[silent]
|switch|p2a: Gholdengo|Gholdengo|100/100
|-item|p2a: Gholdengo|Air Balloon
|move|p1a: Zamazenta|Body Press|p2a: Gholdengo
|-immune|p2a: Gholdengo
|
|-heal|p1a: Zamazenta|63/100|[from] item: Leftovers
|upkeep
|turn|21
|
|t:|1779806104
|switch|p1a: Alomomola|Alomomola, M|100/100
|-damage|p1a: Alomomola|88/100|[from] Stealth Rock
|move|p2a: Gholdengo|Make It Rain|p1a: Alomomola
|-resisted|p1a: Alomomola
|-crit|p1a: Alomomola
|-damage|p1a: Alomomola|62/100
|-unboost|p2a: Gholdengo|spa|1
|
|upkeep
|turn|22
|
|t:|1779806115
|switch|p2a: Kingambit|Kingambit, F|86/100
|-activate|p2a: Kingambit|ability: Supreme Overlord
|-start|p2a: Kingambit|fallen3|[silent]
|move|p1a: Alomomola|Flip Turn|p2a: Kingambit
|-damage|p2a: Kingambit|72/100
|
|t:|1779806125
|switch|p1a: Zamazenta|Zamazenta|63/100|[from] Flip Turn
|-damage|p1a: Zamazenta|57/100|[from] Stealth Rock
|
|-heal|p1a: Zamazenta|63/100|[from] item: Leftovers
|upkeep
|turn|23
|
|t:|1779806133
|move|p1a: Zamazenta|Body Press|p2a: Kingambit
|-supereffective|p2a: Kingambit
|-damage|p2a: Kingambit|0 fnt
|faint|p2a: Kingambit
|-end|p2a: Kingambit|fallen3|[silent]
|
|-heal|p1a: Zamazenta|70/100|[from] item: Leftovers
|upkeep
|
|t:|1779806136
|switch|p2a: Meloetta|Meloetta|100/100
|turn|24
|
|t:|1779806142
|move|p1a: Zamazenta|Crunch|p2a: Meloetta
|-supereffective|p2a: Meloetta
|-damage|p2a: Meloetta|44/100
|move|p2a: Meloetta|Psychic|p1a: Zamazenta
|-supereffective|p1a: Zamazenta
|-damage|p1a: Zamazenta|0 fnt
|faint|p1a: Zamazenta
|
|upkeep
|
|t:|1779806146
|switch|p1a: Alomomola|Alomomola, M|95/100
|-damage|p1a: Alomomola|83/100|[from] Stealth Rock
|turn|25
|
|t:|1779806149
|move|p2a: Meloetta|Psychic|p1a: Alomomola
|-damage|p1a: Alomomola|44/100
|move|p1a: Alomomola|Flip Turn|p2a: Meloetta
|-damage|p2a: Meloetta|24/100
|
|t:|1779806156
|switch|p1a: Iron Treads|Iron Treads, tera:Ghost|25/100|[from] Flip Turn
|-damage|p1a: Iron Treads|12/100|[from] Stealth Rock
|
|upkeep
|turn|26
|
|t:|1779806159
|move|p2a: Meloetta|Psychic|p1a: Iron Treads
|-damage|p1a: Iron Treads|0 fnt
|faint|p1a: Iron Treads
|-end|p1a: Iron Treads|Quark Drive|[silent]
|
|upkeep
|
|t:|1779806162
|switch|p1a: Hatterene|Hatterene, F|100/100
|-damage|p1a: Hatterene|88/100|[from] Stealth Rock
|turn|27
|
|t:|1779806168
|switch|p2a: Gholdengo|Gholdengo|100/100
|-item|p2a: Gholdengo|Air Balloon
|move|p1a: Hatterene|Draining Kiss|p2a: Gholdengo
|-resisted|p2a: Gholdengo
|-damage|p2a: Gholdengo|88/100
|-heal|p1a: Hatterene|97/100|[from] drain|[of] p2a: Gholdengo
|-enditem|p2a: Gholdengo|Air Balloon
|
|upkeep
|turn|28
|
|t:|1779806174
|switch|p1a: Alomomola|Alomomola, M|77/100
|-damage|p1a: Alomomola|64/100|[from] Stealth Rock
|move|p2a: Gholdengo|Make It Rain|p1a: Alomomola
|-resisted|p1a: Alomomola
|-damage|p1a: Alomomola|47/100
|-unboost|p2a: Gholdengo|spa|1
|
|upkeep
|turn|29
|
|t:|1779806178
|move|p2a: Gholdengo|Nasty Plot|p2a: Gholdengo
|-boost|p2a: Gholdengo|spa|2
|move|p1a: Alomomola|Flip Turn|p2a: Gholdengo
|-damage|p2a: Gholdengo|69/100
|
|t:|1779806182
|switch|p1a: Hatterene|Hatterene, F|97/100|[from] Flip Turn
|-damage|p1a: Hatterene|85/100|[from] Stealth Rock
|
|upkeep
|turn|30
|
|t:|1779806188
|move|p2a: Gholdengo|Shadow Ball|p1a: Hatterene
|-supereffective|p1a: Hatterene
|-damage|p1a: Hatterene|0 fnt
|faint|p1a: Hatterene
|
|upkeep
|
|t:|1779806190
|switch|p1a: Alomomola|Alomomola, M|80/100
|-damage|p1a: Alomomola|68/100|[from] Stealth Rock
|turn|31
|
|t:|1779806193
|move|p2a: Gholdengo|Shadow Ball|p1a: Alomomola
|-damage|p1a: Alomomola|33/100
|move|p1a: Alomomola|Scald|p2a: Gholdengo
|-damage|p2a: Gholdengo|54/100
|-status|p2a: Gholdengo|brn
|
|-damage|p2a: Gholdengo|47/100 brn|[from] brn
|upkeep
|turn|32
|-message|Valiant07 forfeited.
|
|win|KOSEKlBIJOU
|raw|Valiant07's rating: 1314 &rarr; <strong>1295</strong><br />(-19 for losing)
|raw|KOSEKlBIJOU's rating: 1329 &rarr; <strong>1348</strong><br />(+19 for winning)
|l|☆Valiant07
|player|p1|
|l|☆KOSEKlBIJOU
|player|p2|
