|j|☆JustMatMan
|j|☆CAP ahaha
|t:|1779811366
|gametype|singles
|player|p1|JustMatMan|cheren|1165
|player|p2|CAP ahaha|2|1180
|gen|9
|tier|[Gen 9] OU
|rated|
|rule|HP Percentage Mod: HP is shown in percentages
|rule|Endless Battle Clause: Forcing endless battles is banned
|rule|Species Clause: Limit one of each Pokémon
|rule|OHKO Clause: OHKO moves are banned
|rule|Evasion Items Clause: Evasion items are banned
|rule|Evasion Moves Clause: Evasion moves are banned
|rule|Evasion Abilities Clause: Evasion abilities are banned
|rule|Sleep Moves Clause: Sleep-inducing moves are banned
|clearpoke
|poke|p1|Pelipper, M|
|poke|p1|Manaphy|
|poke|p1|Kingdra, M|
|poke|p1|Barraskewda, F|
|poke|p1|Gastrodon-East, M|
|poke|p1|Azumarill, F|
|poke|p2|Gholdengo|
|poke|p2|Blaziken, M|
|poke|p2|Dondozo, F|
|poke|p2|Ursaluna, F|
|poke|p2|Rillaboom, F|
|poke|p2|Moltres-Galar|
|teampreview
|inactive|Battle timer is ON: inactive players will automatically lose when time's up. (requested by CAP ahaha)
|
|t:|1779811384
|teamsize|p1|6
|teamsize|p2|6
|start
|switch|p1a: Pelipper|Pelipper, M|100/100
|switch|p2a: Blaziken|Blaziken, M|100/100
|-weather|RainDance|[from] ability: Drizzle|[of] p1a: Pelipper
|turn|1
|
|t:|1779811395
|move|p2a: Blaziken|Knock Off|p1a: Pelipper
|-damage|p1a: Pelipper|60/100
|-enditem|p1a: Pelipper|Damp Rock|[from] move: Knock Off|[of] p2a: Blaziken
|-damage|p2a: Blaziken|91/100|[from] item: Life Orb
|move|p1a: Pelipper|U-turn|p2a: Blaziken
|-resisted|p2a: Blaziken
|-damage|p2a: Blaziken|87/100
|
|t:|1779811403
|switch|p1a: Barraskewda|Barraskewda, F|100/100|[from] U-turn
|
|-weather|RainDance|[upkeep]
|-ability|p2a: Blaziken|Speed Boost|boost
|-boost|p2a: Blaziken|spe|1
|upkeep
|turn|2
|
|t:|1779811410
|move|p1a: Barraskewda|Flip Turn|p2a: Blaziken
|-supereffective|p2a: Blaziken
|-damage|p2a: Blaziken|0 fnt
|faint|p2a: Blaziken
|
|t:|1779811415
|switch|p1a: Kingdra|Kingdra, M|100/100|[from] Flip Turn
|
|-weather|RainDance|[upkeep]
|upkeep
|
|t:|1779811421
|switch|p2a: Moltres|Moltres-Galar|100/100
|turn|3
|
|t:|1779811430
|move|p1a: Kingdra|Surf|p2a: Moltres
|-damage|p2a: Moltres|37/100
|-ability|p2a: Moltres|Berserk|boost
|-boost|p2a: Moltres|spa|1
|move|p2a: Moltres|Hurricane|p1a: Kingdra
|-damage|p1a: Kingdra|5/100
|-start|p1a: Kingdra|confusion
|
|-weather|RainDance|[upkeep]
|-heal|p2a: Moltres|43/100|[from] item: Leftovers
|upkeep
|turn|4
|
|t:|1779811443
|move|p2a: Moltres|Protect|p2a: Moltres
|-singleturn|p2a: Moltres|Protect
|-activate|p1a: Kingdra|confusion
|move|p1a: Kingdra|Surf|p2a: Moltres
|-activate|p2a: Moltres|move: Protect
|
|-weather|RainDance|[upkeep]
|-heal|p2a: Moltres|49/100|[from] item: Leftovers
|upkeep
|turn|5
|
|t:|1779811453
|switch|p2a: Dondozo|Dondozo, F|100/100
|-activate|p1a: Kingdra|confusion
|-damage|p1a: Kingdra|0 fnt|[from] confusion
|faint|p1a: Kingdra
|
|-weather|RainDance|[upkeep]
|upkeep
|
|t:|1779811474
|switch|p1a: Azumarill|Azumarill, F|100/100
|turn|6
|
|t:|1779811481
|switch|p2a: Rillaboom|Rillaboom, F|100/100
|-fieldstart|move: Grassy Terrain|[from] ability: Grassy Surge|[of] p2a: Rillaboom
|move|p1a: Azumarill|Belly Drum|p1a: Azumarill
|-damage|p1a: Azumarill|50/100
|-setboost|p1a: Azumarill|atk|6|[from] move: Belly Drum
|-enditem|p1a: Azumarill|Sitrus Berry|[eat]
|-heal|p1a: Azumarill|75/100|[from] item: Sitrus Berry
|
|-weather|RainDance|[upkeep]
|-heal|p1a: Azumarill|81/100|[from] Grassy Terrain
|upkeep
|turn|7
|
|t:|1779811494
|-terastallize|p1a: Azumarill|Fire
|move|p2a: Rillaboom|Grassy Glide|p1a: Azumarill
|-resisted|p1a: Azumarill
|-damage|p1a: Azumarill|59/100
|move|p1a: Azumarill|Liquidation|p2a: Rillaboom
|-resisted|p2a: Rillaboom
|-damage|p2a: Rillaboom|0 fnt
|faint|p2a: Rillaboom
|
|-weather|RainDance|[upkeep]
|-heal|p1a: Azumarill|65/100|[from] Grassy Terrain
|upkeep
|
|t:|1779811510
|switch|p2a: Dondozo|Dondozo, F|100/100
|turn|8
|
|t:|1779811521
|-terastallize|p2a: Dondozo|Dragon
|move|p1a: Azumarill|Play Rough|p2a: Dondozo
|-supereffective|p2a: Dondozo
|-damage|p2a: Dondozo|50/100
|move|p2a: Dondozo|Wave Crash|p1a: Azumarill
|-supereffective|p1a: Azumarill
|-crit|p1a: Azumarill
|-damage|p1a: Azumarill|0 fnt
|faint|p1a: Azumarill
|-damage|p2a: Dondozo|36/100|[from] Recoil
|
|-weather|none
|-heal|p2a: Dondozo|42/100|[from] Grassy Terrain
|upkeep
|
|t:|1779811539
|switch|p1a: Gastrodon|Gastrodon-East, M|100/100
|turn|9
|
|t:|1779811544
|move|p2a: Dondozo|Rest|p2a: Dondozo
|-status|p2a: Dondozo|slp|[from] move: Rest
|-heal|p2a: Dondozo|100/100 slp|[silent]
|move|p1a: Gastrodon|Ice Beam|p2a: Dondozo
|-supereffective|p2a: Dondozo
|-damage|p2a: Dondozo|65/100 slp
|
|-heal|p2a: Dondozo|71/100 slp|[from] Grassy Terrain
|upkeep
|turn|10
|
|t:|1779811552
|switch|p2a: Gholdengo|Gholdengo|100/100
|move|p1a: Gastrodon|Ice Beam|p2a: Gholdengo
|-resisted|p2a: Gholdengo
|-damage|p2a: Gholdengo|89/100
|-status|p2a: Gholdengo|frz
|
|-heal|p2a: Gholdengo|95/100 frz|[from] Grassy Terrain
|-fieldend|move: Grassy Terrain
|upkeep
|turn|11
|
|t:|1779811560
|cant|p2a: Gholdengo|frz
|move|p1a: Gastrodon|Earthquake|p2a: Gholdengo
|-supereffective|p2a: Gholdengo
|-damage|p2a: Gholdengo|33/100 frz
|
|upkeep
|turn|12
|
|t:|1779811567
|-curestatus|p2a: Gholdengo|frz|[msg]
|move|p2a: Gholdengo|Shadow Ball|p1a: Gastrodon
|-damage|p1a: Gastrodon|70/100
|move|p1a: Gastrodon|Earthquake|p2a: Gholdengo
|-supereffective|p2a: Gholdengo
|-damage|p2a: Gholdengo|0 fnt
|faint|p2a: Gholdengo
|
|upkeep
|
|t:|1779811578
|switch|p2a: Ursaluna|Ursaluna, F|100/100
|turn|13
|
|t:|1779811586
|move|p2a: Ursaluna|Bulk Up|p2a: Ursaluna
|-boost|p2a: Ursaluna|atk|1
|-boost|p2a: Ursaluna|def|1
|move|p1a: Gastrodon|Ice Beam|p2a: Ursaluna
|-supereffective|p2a: Ursaluna
|-damage|p2a: Ursaluna|65/100
|
|-status|p2a: Ursaluna|brn|[from] item: Flame Orb
|upkeep
|turn|14
|
|t:|1779811594
|move|p2a: Ursaluna|Facade|p1a: Gastrodon
|-damage|p1a: Gastrodon|0 fnt
|-damage|p2a: Ursaluna|49/100 brn|[from] item: Rocky Helmet|[of] p1a: Gastrodon
|faint|p1a: Gastrodon
|
|-damage|p2a: Ursaluna|42/100 brn|[from] brn
|upkeep
|
|t:|1779811602
|switch|p1a: Pelipper|Pelipper, M|60/100
|-weather|RainDance|[from] ability: Drizzle|[of] p1a: Pelipper
|turn|15
|
|t:|1779811607
|move|p2a: Ursaluna|Facade|p1a: Pelipper
|-damage|p1a: Pelipper|0 fnt
|faint|p1a: Pelipper
|
|-weather|RainDance|[upkeep]
|-damage|p2a: Ursaluna|36/100 brn|[from] brn
|upkeep
|
|t:|1779811615
|switch|p1a: Barraskewda|Barraskewda, F|100/100
|turn|16
|inactive|CAP ahaha has 120 seconds left.
|inactive|CAP ahaha has 90 seconds left.
|
|t:|1779811683
|move|p1a: Barraskewda|Flip Turn|p2a: Ursaluna
|-supereffective|p2a: Ursaluna
|-damage|p2a: Ursaluna|0 fnt
|faint|p2a: Ursaluna
|
|t:|1779811688
|switch|p1a: Manaphy|Manaphy|100/100|[from] Flip Turn
|
|-weather|RainDance|[upkeep]
|upkeep
|
|t:|1779811690
|switch|p2a: Dondozo|Dondozo, F, tera:Dragon|71/100 slp
|turn|17
|
|t:|1779811696
|move|p1a: Manaphy|Substitute|p1a: Manaphy
|-start|p1a: Manaphy|Substitute
|-damage|p1a: Manaphy|75/100
|cant|p2a: Dondozo|slp
|move|p2a: Dondozo|Sleep Talk|p2a: Dondozo
|move|p2a: Dondozo|Wave Crash|p1a: Manaphy|[from] move: Sleep Talk
|-resisted|p1a: Manaphy
|-activate|p1a: Manaphy|move: Substitute|[damage]
|-damage|p2a: Dondozo|65/100 slp|[from] Recoil|[of] p1a: Manaphy
|
|-weather|RainDance|[upkeep]
|-heal|p1a: Manaphy|82/100|[from] item: Leftovers
|upkeep
|turn|18
|
|t:|1779811707
|move|p1a: Manaphy|Tail Glow|p1a: Manaphy
|-boost|p1a: Manaphy|spa|3
|cant|p2a: Dondozo|slp
|move|p2a: Dondozo|Sleep Talk|p2a: Dondozo
|move|p2a: Dondozo|Wave Crash|p1a: Manaphy|[from] move: Sleep Talk
|-resisted|p1a: Manaphy
|-end|p1a: Manaphy|Substitute
|-damage|p2a: Dondozo|64/100 slp|[from] Recoil|[of] p1a: Manaphy
|
|-weather|RainDance|[upkeep]
|-heal|p1a: Manaphy|88/100|[from] item: Leftovers
|upkeep
|turn|19
|inactive|CAP ahaha has 120 seconds left.
|
|t:|1779811735
|move|p1a: Manaphy|Tail Glow|p1a: Manaphy
|-boost|p1a: Manaphy|spa|3
|-curestatus|p2a: Dondozo|slp|[msg]
|move|p2a: Dondozo|Curse|p2a: Dondozo
|-unboost|p2a: Dondozo|spe|1
|-boost|p2a: Dondozo|atk|1
|-boost|p2a: Dondozo|def|1
|
|-weather|none
|-heal|p1a: Manaphy|94/100|[from] item: Leftovers
|upkeep
|turn|20
|
|t:|1779811752
|move|p1a: Manaphy|Scald|p2a: Dondozo
|-resisted|p2a: Dondozo
|-damage|p2a: Dondozo|52/100
|-status|p2a: Dondozo|brn
|move|p2a: Dondozo|Rest|p2a: Dondozo
|-status|p2a: Dondozo|slp|[from] move: Rest
|-heal|p2a: Dondozo|100/100 slp|[silent]
|
|-heal|p1a: Manaphy|99/100|[from] item: Leftovers
|upkeep
|turn|21
|
|t:|1779811766
|move|p1a: Manaphy|Substitute|p1a: Manaphy
|-start|p1a: Manaphy|Substitute
|-damage|p1a: Manaphy|75/100
|cant|p2a: Dondozo|slp
|move|p2a: Dondozo|Sleep Talk|p2a: Dondozo
|move|p2a: Dondozo|Rest||[from] move: Sleep Talk|[still]
|-fail|p2a: Dondozo
|
|-heal|p1a: Manaphy|81/100|[from] item: Leftovers
|upkeep
|turn|22
|
|t:|1779811774
|move|p1a: Manaphy|Scald|p2a: Dondozo
|-resisted|p2a: Dondozo
|-damage|p2a: Dondozo|87/100 slp
|cant|p2a: Dondozo|slp
|move|p2a: Dondozo|Sleep Talk|p2a: Dondozo
|move|p2a: Dondozo|Rest||[from] move: Sleep Talk|[still]
|-fail|p2a: Dondozo
|
|-heal|p1a: Manaphy|88/100|[from] item: Leftovers
|upkeep
|turn|23
|
|t:|1779811786
|move|p1a: Manaphy|Scald|p2a: Dondozo
|-resisted|p2a: Dondozo
|-damage|p2a: Dondozo|75/100 slp
|-curestatus|p2a: Dondozo|slp|[msg]
|move|p2a: Dondozo|Curse|p2a: Dondozo
|-unboost|p2a: Dondozo|spe|1
|-boost|p2a: Dondozo|atk|1
|-boost|p2a: Dondozo|def|1
|
|-heal|p1a: Manaphy|94/100|[from] item: Leftovers
|upkeep
|turn|24
|inactive|CAP ahaha has 120 seconds left.
|
|t:|1779811797
|move|p1a: Manaphy|Scald|p2a: Dondozo
|-resisted|p2a: Dondozo
|-damage|p2a: Dondozo|61/100
|move|p2a: Dondozo|Wave Crash|p1a: Manaphy
|-resisted|p1a: Manaphy
|-end|p1a: Manaphy|Substitute
|-damage|p2a: Dondozo|54/100|[from] Recoil|[of] p1a: Manaphy
|
|-heal|p1a: Manaphy|99/100|[from] item: Leftovers
|upkeep
|turn|25
|inactive|CAP ahaha has 120 seconds left.
|
|t:|1779811808
|move|p1a: Manaphy|Substitute|p1a: Manaphy
|-start|p1a: Manaphy|Substitute
|-damage|p1a: Manaphy|75/100
|move|p2a: Dondozo|Wave Crash|p1a: Manaphy
|-resisted|p1a: Manaphy
|-end|p1a: Manaphy|Substitute
|-damage|p2a: Dondozo|48/100|[from] Recoil|[of] p1a: Manaphy
|
|-heal|p1a: Manaphy|81/100|[from] item: Leftovers
|upkeep
|turn|26
|
|t:|1779811818
|move|p1a: Manaphy|Substitute|p1a: Manaphy
|-start|p1a: Manaphy|Substitute
|-damage|p1a: Manaphy|56/100
|move|p2a: Dondozo|Wave Crash|p1a: Manaphy
|-resisted|p1a: Manaphy
|-end|p1a: Manaphy|Substitute
|-damage|p2a: Dondozo|41/100|[from] Recoil|[of] p1a: Manaphy
|
|-heal|p1a: Manaphy|62/100|[from] item: Leftovers
|upkeep
|turn|27
|
|t:|1779811834
|move|p1a: Manaphy|Substitute|p1a: Manaphy
|-start|p1a: Manaphy|Substitute
|-damage|p1a: Manaphy|37/100
|move|p2a: Dondozo|Wave Crash|p1a: Manaphy
|-resisted|p1a: Manaphy
|-end|p1a: Manaphy|Substitute
|-damage|p2a: Dondozo|34/100|[from] Recoil|[of] p1a: Manaphy
|
|-heal|p1a: Manaphy|44/100|[from] item: Leftovers
|upkeep
|turn|28
|
|t:|1779811851
|move|p1a: Manaphy|Substitute|p1a: Manaphy
|-start|p1a: Manaphy|Substitute
|-damage|p1a: Manaphy|19/100
|move|p2a: Dondozo|Wave Crash|p1a: Manaphy
|-resisted|p1a: Manaphy
|-end|p1a: Manaphy|Substitute
|-damage|p2a: Dondozo|28/100|[from] Recoil|[of] p1a: Manaphy
|
|-heal|p1a: Manaphy|25/100|[from] item: Leftovers
|upkeep
|turn|29
|
|t:|1779811859
|move|p1a: Manaphy|Rest|p1a: Manaphy
|-status|p1a: Manaphy|slp|[from] move: Rest
|-heal|p1a: Manaphy|100/100 slp|[silent]
|move|p2a: Dondozo|Wave Crash|p1a: Manaphy
|-resisted|p1a: Manaphy
|-damage|p1a: Manaphy|71/100 slp
|-damage|p2a: Dondozo|20/100|[from] Recoil
|
|-heal|p1a: Manaphy|77/100 slp|[from] item: Leftovers
|upkeep
|turn|30
|
|t:|1779811879
|cant|p1a: Manaphy|slp
|move|p2a: Dondozo|Rest|p2a: Dondozo
|-status|p2a: Dondozo|slp|[from] move: Rest
|-heal|p2a: Dondozo|100/100 slp|[silent]
|
|-heal|p1a: Manaphy|83/100 slp|[from] item: Leftovers
|upkeep
|turn|31
|
|t:|1779811886
|cant|p1a: Manaphy|slp
|cant|p2a: Dondozo|slp
|move|p2a: Dondozo|Sleep Talk|p2a: Dondozo
|move|p2a: Dondozo|Wave Crash|p1a: Manaphy|[from] move: Sleep Talk
|-resisted|p1a: Manaphy
|-damage|p1a: Manaphy|55/100 slp
|-damage|p2a: Dondozo|93/100 slp|[from] Recoil
|
|-heal|p1a: Manaphy|61/100 slp|[from] item: Leftovers
|upkeep
|turn|32
|
|t:|1779811901
|-curestatus|p1a: Manaphy|slp|[msg]
|move|p1a: Manaphy|Substitute|p1a: Manaphy
|-start|p1a: Manaphy|Substitute
|-damage|p1a: Manaphy|36/100
|cant|p2a: Dondozo|slp
|move|p2a: Dondozo|Sleep Talk|p2a: Dondozo
|move|p2a: Dondozo|Wave Crash|p1a: Manaphy|[from] move: Sleep Talk
|-resisted|p1a: Manaphy
|-end|p1a: Manaphy|Substitute
|-damage|p2a: Dondozo|86/100 slp|[from] Recoil|[of] p1a: Manaphy
|
|-heal|p1a: Manaphy|43/100|[from] item: Leftovers
|upkeep
|turn|33
|
|t:|1779811917
|move|p1a: Manaphy|Substitute|p1a: Manaphy
|-start|p1a: Manaphy|Substitute
|-damage|p1a: Manaphy|18/100
|-curestatus|p2a: Dondozo|slp|[msg]
|move|p2a: Dondozo|Curse|p2a: Dondozo
|-unboost|p2a: Dondozo|spe|1
|-boost|p2a: Dondozo|atk|1
|-boost|p2a: Dondozo|def|1
|
|-heal|p1a: Manaphy|24/100|[from] item: Leftovers
|upkeep
|turn|34
|
|t:|1779811938
|move|p1a: Manaphy|Rest|p1a: Manaphy
|-status|p1a: Manaphy|slp|[from] move: Rest
|-heal|p1a: Manaphy|100/100 slp|[silent]
|move|p2a: Dondozo|Curse|p2a: Dondozo
|-unboost|p2a: Dondozo|spe|1
|-boost|p2a: Dondozo|atk|1
|-boost|p2a: Dondozo|def|1
|
|upkeep
|turn|35
|
|t:|1779811948
|cant|p1a: Manaphy|slp
|move|p2a: Dondozo|Curse|p2a: Dondozo
|-unboost|p2a: Dondozo|spe|1
|-boost|p2a: Dondozo|atk|1
|-boost|p2a: Dondozo|def|1
|
|upkeep
|turn|36
|inactive|CAP ahaha has 120 seconds left.
|inactive|CAP ahaha has 90 seconds left.
|
|t:|1779812010
|cant|p1a: Manaphy|slp
|move|p2a: Dondozo|Curse|p2a: Dondozo
|-unboost|p2a: Dondozo|spe|1
|-boost|p2a: Dondozo|atk|1
|-boost|p2a: Dondozo|def|1
|
|upkeep
|turn|37
|
|t:|1779812016
|-curestatus|p1a: Manaphy|slp|[msg]
|move|p1a: Manaphy|Scald|p2a: Dondozo
|-resisted|p2a: Dondozo
|-damage|p2a: Dondozo|74/100
|-status|p2a: Dondozo|brn
|move|p2a: Dondozo|Wave Crash|p1a: Manaphy
|-resisted|p1a: Manaphy
|-end|p1a: Manaphy|Substitute
|-damage|p2a: Dondozo|67/100 brn|[from] Recoil|[of] p1a: Manaphy
|
|-damage|p2a: Dondozo|61/100 brn|[from] brn
|upkeep
|turn|38
|
|t:|1779812029
|move|p1a: Manaphy|Substitute|p1a: Manaphy
|-start|p1a: Manaphy|Substitute
|-damage|p1a: Manaphy|75/100
|move|p2a: Dondozo|Rest|p2a: Dondozo
|-status|p2a: Dondozo|slp|[from] move: Rest
|-heal|p2a: Dondozo|100/100 slp|[silent]
|
|-heal|p1a: Manaphy|82/100|[from] item: Leftovers
|upkeep
|turn|39
|
|t:|1779812038
|move|p1a: Manaphy|Tail Glow|p1a: Manaphy
|-boost|p1a: Manaphy|spa|0
|cant|p2a: Dondozo|slp
|move|p2a: Dondozo|Sleep Talk|p2a: Dondozo
|move|p2a: Dondozo|Wave Crash|p1a: Manaphy|[from] move: Sleep Talk
|-resisted|p1a: Manaphy
|-end|p1a: Manaphy|Substitute
|-damage|p2a: Dondozo|94/100 slp|[from] Recoil|[of] p1a: Manaphy
|
|-heal|p1a: Manaphy|88/100|[from] item: Leftovers
|upkeep
|turn|40
|
|t:|1779812058
|move|p1a: Manaphy|Substitute|p1a: Manaphy
|-start|p1a: Manaphy|Substitute
|-damage|p1a: Manaphy|63/100
|cant|p2a: Dondozo|slp
|move|p2a: Dondozo|Sleep Talk|p2a: Dondozo
|move|p2a: Dondozo|Wave Crash|p1a: Manaphy|[from] move: Sleep Talk
|-resisted|p1a: Manaphy
|-end|p1a: Manaphy|Substitute
|-damage|p2a: Dondozo|87/100 slp|[from] Recoil|[of] p1a: Manaphy
|
|-heal|p1a: Manaphy|69/100|[from] item: Leftovers
|upkeep
|turn|41
|
|t:|1779812069
|move|p1a: Manaphy|Substitute|p1a: Manaphy
|-start|p1a: Manaphy|Substitute
|-damage|p1a: Manaphy|44/100
|-curestatus|p2a: Dondozo|slp|[msg]
|move|p2a: Dondozo|Wave Crash|p1a: Manaphy
|-resisted|p1a: Manaphy
|-end|p1a: Manaphy|Substitute
|-damage|p2a: Dondozo|81/100|[from] Recoil|[of] p1a: Manaphy
|
|-heal|p1a: Manaphy|50/100|[from] item: Leftovers
|upkeep
|turn|42
|
|t:|1779812080
|move|p1a: Manaphy|Scald|p2a: Dondozo
|-resisted|p2a: Dondozo
|-damage|p2a: Dondozo|68/100
|move|p2a: Dondozo|Wave Crash|p1a: Manaphy
|-resisted|p1a: Manaphy
|-damage|p1a: Manaphy|0 fnt
|faint|p1a: Manaphy
|-damage|p2a: Dondozo|54/100|[from] Recoil
|
|upkeep
|
|t:|1779812088
|switch|p1a: Barraskewda|Barraskewda, F|100/100
|turn|43
|c|☆JustMatMan|gg
|inactive|CAP ahaha has 120 seconds left.
|
|t:|1779812118
|move|p1a: Barraskewda|Close Combat|p2a: Dondozo
|-damage|p2a: Dondozo|47/100
|-unboost|p1a: Barraskewda|def|1
|-unboost|p1a: Barraskewda|spd|1
|move|p2a: Dondozo|Wave Crash|p1a: Barraskewda
|-resisted|p1a: Barraskewda
|-damage|p1a: Barraskewda|0 fnt
|faint|p1a: Barraskewda
|-damage|p2a: Dondozo|30/100|[from] Recoil
|
|win|CAP ahaha
|raw|JustMatMan's rating: 1165 &rarr; <strong>1141</strong><br />(-24 for losing)
|raw|CAP ahaha's rating: 1180 &rarr; <strong>1204</strong><br />(+24 for winning)
|c|☆CAP ahaha|Gg
|l|☆JustMatMan
|player|p1|
