|j|☆snandorthegreat
|j|☆DishanMax
|t:|1779829695
|gametype|singles
|player|p1|snandorthegreat|pokekid|1307
|player|p2|DishanMax|102|1338
|gen|9
|tier|[Gen 9] OU
|rated|
|rule|HP Percentage Mod: HP is shown in percentages
|rule|Endless Battle Clause: Forcing endless battles is banned
|rule|Species Clause: Limit one of each Pokémon
|rule|OHKO Clause: OHKO moves are banned
|rule|Evasion Items Clause: Evasion items are banned
|rule|Evasion Moves Clause: Evasion moves are banned
|rule|Evasion Abilities Clause: Evasion abilities are banned
|rule|Sleep Moves Clause: Sleep-inducing moves are banned
|clearpoke
|poke|p1|Landorus-Therian, M|
|poke|p1|Zamazenta-*|
|poke|p1|Garganacl, F|
|poke|p1|Alomomola, F|
|poke|p1|Scizor, F|
|poke|p1|Kyurem|
|poke|p2|Sinistcha|
|poke|p2|Dondozo, F|
|poke|p2|Iron Valiant|
|poke|p2|Excadrill, F|
|poke|p2|Moltres|
|poke|p2|Kyurem|
|teampreview
|inactive|Battle timer is ON: inactive players will automatically lose when time's up. (requested by DishanMax)
|inactive|snandorthegreat has 120 seconds left.
|
|t:|1779829728
|teamsize|p1|6
|teamsize|p2|6
|start
|switch|p1a: Garganacl|Garganacl, F|100/100
|switch|p2a: Sinistcha|Sinistcha|100/100
|turn|1
|
|t:|1779829746
|move|p2a: Sinistcha|Calm Mind|p2a: Sinistcha
|-boost|p2a: Sinistcha|spa|1
|-boost|p2a: Sinistcha|spd|1
|move|p1a: Garganacl|Salt Cure|p2a: Sinistcha
|-damage|p2a: Sinistcha|91/100
|-start|p2a: Sinistcha|Salt Cure
|
|-damage|p2a: Sinistcha|78/100|[from] Salt Cure
|upkeep
|turn|2
|inactive|snandorthegreat has 120 seconds left.
|
|t:|1779829777
|switch|p1a: Kyurem|Kyurem|100/100
|-ability|p1a: Kyurem|Pressure
|move|p2a: Sinistcha|Matcha Gotcha|p1a: Kyurem
|-resisted|p1a: Kyurem
|-damage|p1a: Kyurem|76/100
|-heal|p2a: Sinistcha|92/100|[from] drain|[of] p1a: Kyurem
|
|-damage|p2a: Sinistcha|80/100|[from] Salt Cure
|upkeep
|turn|3
|inactive|snandorthegreat has 120 seconds left.
|
|t:|1779829796
|move|p1a: Kyurem|Freeze-Dry|p2a: Sinistcha
|-supereffective|p2a: Sinistcha
|-damage|p2a: Sinistcha|0 fnt
|faint|p2a: Sinistcha
|
|upkeep
|
|t:|1779829815
|switch|p2a: Moltres|Moltres|100/100
|turn|4
|inactive|snandorthegreat has 120 seconds left.
|
|t:|1779829821
|move|p1a: Kyurem|Freeze-Dry|p2a: Moltres
|-damage|p2a: Moltres|43/100
|move|p2a: Moltres|Flamethrower|p1a: Kyurem
|-damage|p1a: Kyurem|37/100
|
|upkeep
|turn|5
|
|t:|1779829829
|move|p1a: Kyurem|Freeze-Dry|p2a: Moltres
|-damage|p2a: Moltres|0 fnt
|faint|p2a: Moltres
|
|upkeep
|
|t:|1779829841
|switch|p2a: Iron Valiant|Iron Valiant|100/100
|-enditem|p2a: Iron Valiant|Booster Energy
|-activate|p2a: Iron Valiant|ability: Quark Drive|[fromitem]
|-start|p2a: Iron Valiant|quarkdrivespe
|turn|6
|inactive|snandorthegreat has 120 seconds left.
|
|t:|1779829878
|switch|p1a: Alomomola|Alomomola, F|100/100
|move|p2a: Iron Valiant|Calm Mind|p2a: Iron Valiant
|-boost|p2a: Iron Valiant|spa|1
|-boost|p2a: Iron Valiant|spd|1
|
|upkeep
|turn|7
|inactive|snandorthegreat has 90 seconds left.
|
|t:|1779829905
|switch|p1a: Landorus|Landorus-Therian, M|100/100
|-ability|p1a: Landorus|Intimidate|boost
|-unboost|p2a: Iron Valiant|atk|1
|move|p2a: Iron Valiant|Thunderbolt|p1a: Landorus
|-immune|p1a: Landorus
|
|upkeep
|turn|8
|
|t:|1779829914
|move|p2a: Iron Valiant|Moonblast|p1a: Landorus
|-damage|p1a: Landorus|18/100
|-unboost|p1a: Landorus|spa|1
|move|p1a: Landorus|U-turn|p2a: Iron Valiant
|-resisted|p2a: Iron Valiant
|-damage|p2a: Iron Valiant|94/100
|
|t:|1779829921
|switch|p1a: Scizor|Scizor, F|100/100|[from] U-turn
|
|upkeep
|turn|9
|inactive|snandorthegreat has 90 seconds left.
|
|t:|1779829946
|-terastallize|p2a: Iron Valiant|Water
|-terastallize|p1a: Scizor|Steel
|move|p1a: Scizor|Bullet Punch|p2a: Iron Valiant
|-resisted|p2a: Iron Valiant
|-damage|p2a: Iron Valiant|67/100
|move|p2a: Iron Valiant|Aura Sphere|p1a: Scizor
|-supereffective|p1a: Scizor
|-damage|p1a: Scizor|0 fnt
|faint|p1a: Scizor
|
|upkeep
|inactive|snandorthegreat has 60 seconds left.
|
|t:|1779829978
|switch|p1a: Garganacl|Garganacl, F|100/100
|turn|10
|
|t:|1779829986
|move|p2a: Iron Valiant|Aura Sphere|p1a: Garganacl
|-supereffective|p1a: Garganacl
|-damage|p1a: Garganacl|26/100
|move|p1a: Garganacl|Salt Cure|p2a: Iron Valiant
|-damage|p2a: Iron Valiant|50/100
|-start|p2a: Iron Valiant|Salt Cure
|
|-heal|p1a: Garganacl|32/100|[from] item: Leftovers
|-damage|p2a: Iron Valiant|25/100|[from] Salt Cure
|upkeep
|turn|11
|inactive|snandorthegreat has 60 seconds left.
|
|t:|1779830007
|-end|p2a: Iron Valiant|Quark Drive|[silent]
|switch|p2a: Kyurem|Kyurem|100/100
|-ability|p2a: Kyurem|Pressure
|switch|p1a: Landorus|Landorus-Therian, M|18/100
|-ability|p1a: Landorus|Intimidate|boost
|-unboost|p2a: Kyurem|atk|1
|
|-heal|p1a: Landorus|24/100|[from] item: Leftovers
|upkeep
|turn|12
|inactive|snandorthegreat has 60 seconds left.
|
|t:|1779830023
|move|p2a: Kyurem|Dragon Dance|p2a: Kyurem
|-boost|p2a: Kyurem|atk|1
|-boost|p2a: Kyurem|spe|1
|move|p1a: Landorus|Earth Power|p2a: Kyurem
|-damage|p2a: Kyurem|57/100
|
|-heal|p1a: Landorus|30/100|[from] item: Leftovers
|upkeep
|turn|13
|inactive|snandorthegreat has 60 seconds left.
|
|t:|1779830033
|move|p2a: Kyurem|Dragon Dance|p2a: Kyurem
|-boost|p2a: Kyurem|atk|1
|-boost|p2a: Kyurem|spe|1
|move|p1a: Landorus|Earth Power|p2a: Kyurem
|-damage|p2a: Kyurem|11/100
|
|-heal|p1a: Landorus|37/100|[from] item: Leftovers
|upkeep
|turn|14
|inactive|snandorthegreat has 60 seconds left.
|
|t:|1779830043
|move|p2a: Kyurem|Icicle Spear|p1a: Landorus
|-supereffective|p1a: Landorus
|-damage|p1a: Landorus|0 fnt
|faint|p1a: Landorus
|-hitcount|p1: Landorus|1
|
|upkeep
|inactive|snandorthegreat has 60 seconds left.
|
|t:|1779830060
|switch|p1a: Zamazenta|Zamazenta|100/100
|-ability|p1a: Zamazenta|Dauntless Shield|boost
|-boost|p1a: Zamazenta|def|1
|turn|15
|
|t:|1779830072
|move|p2a: Kyurem|Scale Shot|p1a: Zamazenta
|-damage|p1a: Zamazenta|88/100
|-damage|p1a: Zamazenta|74/100
|-damage|p1a: Zamazenta|61/100
|-crit|p1a: Zamazenta
|-damage|p1a: Zamazenta|33/100
|-damage|p1a: Zamazenta|21/100
|-hitcount|p1a: Zamazenta|5
|-unboost|p2a: Kyurem|def|1
|-boost|p2a: Kyurem|spe|1
|move|p1a: Zamazenta|Heavy Slam|p2a: Kyurem
|-supereffective|p2a: Kyurem
|-damage|p2a: Kyurem|0 fnt
|faint|p2a: Kyurem
|
|upkeep
|
|t:|1779830088
|switch|p2a: Iron Valiant|Iron Valiant, tera:Water|25/100
|turn|16
|
|t:|1779830098
|-end|p2a: Iron Valiant|Quark Drive|[silent]
|switch|p2a: Dondozo|Dondozo, F|100/100
|move|p1a: Zamazenta|Heavy Slam|p2a: Dondozo
|-resisted|p2a: Dondozo
|-damage|p2a: Dondozo|94/100
|
|-heal|p2a: Dondozo|100/100|[from] item: Leftovers
|upkeep
|turn|17
|
|t:|1779830108
|switch|p1a: Alomomola|Alomomola, F|100/100
|move|p2a: Dondozo|Liquidation|p1a: Alomomola
|-resisted|p1a: Alomomola
|-damage|p1a: Alomomola|93/100
|-unboost|p1a: Alomomola|def|1
|-damage|p2a: Dondozo|84/100|[from] item: Rocky Helmet|[of] p1a: Alomomola
|
|-heal|p2a: Dondozo|90/100|[from] item: Leftovers
|upkeep
|turn|18
|
|t:|1779830124
|move|p1a: Alomomola|Wish|p1a: Alomomola
|move|p2a: Dondozo|Curse|p2a: Dondozo
|-unboost|p2a: Dondozo|spe|1
|-boost|p2a: Dondozo|atk|1
|-boost|p2a: Dondozo|def|1
|
|-heal|p2a: Dondozo|96/100|[from] item: Leftovers
|upkeep
|turn|19
|
|t:|1779830134
|move|p1a: Alomomola|Flip Turn|p2a: Dondozo
|-resisted|p2a: Dondozo
|-damage|p2a: Dondozo|93/100
|inactive|snandorthegreat has 60 seconds left.
|
|t:|1779830151
|switch|p1a: Garganacl|Garganacl, F|32/100|[from] Flip Turn
|move|p2a: Dondozo|Curse|p2a: Dondozo
|-unboost|p2a: Dondozo|spe|1
|-boost|p2a: Dondozo|atk|1
|-boost|p2a: Dondozo|def|1
|
|-heal|p1a: Garganacl|99/100|[from] move: Wish|[wisher] Alomomola
|-heal|p1a: Garganacl|100/100|[from] item: Leftovers
|-heal|p2a: Dondozo|99/100|[from] item: Leftovers
|upkeep
|turn|20
|inactive|snandorthegreat has 60 seconds left.
|
|t:|1779830164
|move|p1a: Garganacl|Salt Cure|p2a: Dondozo
|-damage|p2a: Dondozo|94/100
|-start|p2a: Dondozo|Salt Cure
|move|p2a: Dondozo|Liquidation|p1a: Garganacl
|-supereffective|p1a: Garganacl
|-damage|p1a: Garganacl|18/100
|
|-heal|p1a: Garganacl|25/100|[from] item: Leftovers
|-heal|p2a: Dondozo|100/100|[from] item: Leftovers
|-damage|p2a: Dondozo|75/100|[from] Salt Cure
|upkeep
|turn|21
|inactive|snandorthegreat has 60 seconds left.
|
|t:|1779830176
|move|p1a: Garganacl|Stealth Rock|p2a: Dondozo
|-sidestart|p2: DishanMax|move: Stealth Rock
|move|p2a: Dondozo|Liquidation|p1a: Garganacl
|-supereffective|p1a: Garganacl
|-damage|p1a: Garganacl|0 fnt
|faint|p1a: Garganacl
|
|-heal|p2a: Dondozo|82/100|[from] item: Leftovers
|-damage|p2a: Dondozo|57/100|[from] Salt Cure
|upkeep
|inactive|snandorthegreat has 60 seconds left.
|
|t:|1779830187
|switch|p1a: Kyurem|Kyurem|37/100
|-ability|p1a: Kyurem|Pressure
|turn|22
|inactive|snandorthegreat has 60 seconds left.
|
|t:|1779830217
|move|p1a: Kyurem|Freeze-Dry|p2a: Dondozo
|-supereffective|p2a: Dondozo
|-damage|p2a: Dondozo|0 fnt
|faint|p2a: Dondozo
|
|upkeep
|
|t:|1779830223
|switch|p2a: Excadrill|Excadrill, F|100/100
|-ability|p2a: Excadrill|Mold Breaker
|turn|23
|inactive|snandorthegreat has 60 seconds left.
|
|t:|1779830256
|move|p1a: Kyurem|Freeze-Dry|p2a: Excadrill
|-damage|p2a: Excadrill|31/100
|move|p2a: Excadrill|Rapid Spin|p1a: Kyurem
|-damage|p1a: Kyurem|19/100
|-boost|p2a: Excadrill|spe|1
|-sideend|p2: DishanMax|Stealth Rock|[from] move: Rapid Spin|[of] p2a: Excadrill
|
|upkeep
|turn|24
|
|t:|1779830263
|move|p2a: Excadrill|Iron Head|p1a: Kyurem
|-supereffective|p1a: Kyurem
|-damage|p1a: Kyurem|0 fnt
|faint|p1a: Kyurem
|
|upkeep
|
|t:|1779830269
|switch|p1a: Alomomola|Alomomola, F|100/100
|turn|25
|
|t:|1779830275
|move|p2a: Excadrill|Swords Dance|p2a: Excadrill
|-boost|p2a: Excadrill|atk|2
|move|p1a: Alomomola|Wish|p1a: Alomomola
|
|upkeep
|turn|26
|inactive|snandorthegreat has 60 seconds left.
|
|t:|1779830281
|move|p2a: Excadrill|Earthquake|p1a: Alomomola
|-damage|p1a: Alomomola|47/100
|move|p1a: Alomomola|Flip Turn|p2a: Excadrill
|-supereffective|p2a: Excadrill
|-damage|p2a: Excadrill|0 fnt
|faint|p2a: Excadrill
|inactive|snandorthegreat has 60 seconds left.
|
|t:|1779830288
|switch|p1a: Zamazenta|Zamazenta|21/100|[from] Flip Turn
|
|-heal|p1a: Zamazenta|100/100|[from] move: Wish|[wisher] Alomomola
|upkeep
|-message|DishanMax forfeited.
|
|win|snandorthegreat
|raw|snandorthegreat's rating: 1307 &rarr; <strong>1329</strong><br />(+22 for winning)
|raw|DishanMax's rating: 1338 &rarr; <strong>1316</strong><br />(-22 for losing)
|l|☆DishanMax
|player|p2|
|c|☆snandorthegreat|ggs
