|j|☆Its shrooin time
|j|☆Racceth
|t:|1779963806
|gametype|singles
|player|p1|Its shrooin time|1|1062
|player|p2|Racceth|harlequin|1073
|gen|9
|tier|[Gen 9] OU
|rated|
|rule|HP Percentage Mod: HP is shown in percentages
|rule|Endless Battle Clause: Forcing endless battles is banned
|rule|Species Clause: Limit one of each Pokémon
|rule|OHKO Clause: OHKO moves are banned
|rule|Evasion Items Clause: Evasion items are banned
|rule|Evasion Moves Clause: Evasion moves are banned
|rule|Evasion Abilities Clause: Evasion abilities are banned
|rule|Sleep Moves Clause: Sleep-inducing moves are banned
|clearpoke
|poke|p1|Brute Bonnet|
|poke|p1|Amoonguss, F|
|poke|p1|Breloom, M|
|poke|p1|Goodra, F|
|poke|p1|Orthworm, M|
|poke|p1|Brambleghast, F|
|poke|p2|Garganacl, F|
|poke|p2|Clefable, F|
|poke|p2|Conkeldurr, F|
|poke|p2|Meowscarada, F|
|poke|p2|Iron Moth|
|poke|p2|Metagross|
|teampreview
|
|t:|1779963814
|teamsize|p1|6
|teamsize|p2|6
|start
|switch|p1a: Punchy mushroom|Breloom, M|100/100
|switch|p2a: Let there be light|Iron Moth, shiny|100/100
|-enditem|p2a: Let there be light|Booster Energy
|-activate|p2a: Let there be light|ability: Quark Drive|[fromitem]
|-start|p2a: Let there be light|quarkdrivespe
|turn|1
|
|t:|1779963831
|move|p1a: Punchy mushroom|Protect|p1a: Punchy mushroom
|-singleturn|p1a: Punchy mushroom|Protect
|move|p2a: Let there be light|Fiery Dance|p1a: Punchy mushroom
|-activate|p1a: Punchy mushroom|move: Protect
|
|-status|p1a: Punchy mushroom|tox|[from] item: Toxic Orb
|upkeep
|turn|2
|
|t:|1779963842
|switch|p1a: Not a mushroom|Goodra, F|100/100
|move|p2a: Let there be light|Fiery Dance|p1a: Not a mushroom
|-resisted|p1a: Not a mushroom
|-damage|p1a: Not a mushroom|88/100
|-boost|p2a: Let there be light|spa|1
|
|upkeep
|turn|3
|
|t:|1779963852
|move|p2a: Let there be light|Dazzling Gleam|p1a: Not a mushroom
|-supereffective|p1a: Not a mushroom
|-damage|p1a: Not a mushroom|37/100
|move|p1a: Not a mushroom|Dragon Pulse|p2a: Let there be light
|-damage|p2a: Let there be light|59/100
|
|upkeep
|turn|4
|
|t:|1779963869
|switch|p1a: Mushroom|Amoonguss, F|100/100
|move|p2a: Let there be light|Dazzling Gleam|p1a: Mushroom
|-resisted|p1a: Mushroom
|-crit|p1a: Mushroom
|-damage|p1a: Mushroom|79/100
|
|upkeep
|turn|5
|
|t:|1779963885
|switch|p1a: Not a mushroom|Goodra, F|37/100
|-terastallize|p2a: Let there be light|Psychic
|move|p2a: Let there be light|Fiery Dance|p1a: Not a mushroom
|-resisted|p1a: Not a mushroom
|-damage|p1a: Not a mushroom|19/100
|-boost|p2a: Let there be light|spa|1
|
|upkeep
|turn|6
|
|t:|1779963893
|move|p2a: Let there be light|Dazzling Gleam|p1a: Not a mushroom
|-supereffective|p1a: Not a mushroom
|-damage|p1a: Not a mushroom|0 fnt
|faint|p1a: Not a mushroom
|
|upkeep
|
|t:|1779963898
|switch|p1a: Angry mushroom|Brute Bonnet|100/100
|turn|7
|
|t:|1779963901
|move|p1a: Angry mushroom|Sucker Punch|p2a: Let there be light
|-supereffective|p2a: Let there be light
|-damage|p2a: Let there be light|0 fnt
|faint|p2a: Let there be light
|-end|p2a: Let there be light|Quark Drive|[silent]
|
|upkeep
|
|t:|1779963909
|switch|p2a: Weed Cat|Meowscarada, F, shiny|100/100
|turn|8
|
|t:|1779963922
|-end|p1a: Angry mushroom|Protosynthesis|[silent]
|switch|p1a: Also not a shroom|Orthworm, M|100/100
|move|p2a: Weed Cat|Triple Axel|p1a: Also not a shroom
|-resisted|p1a: Also not a shroom
|-damage|p1a: Also not a shroom|98/100
|-resisted|p1a: Also not a shroom
|-damage|p1a: Also not a shroom|93/100
|-resisted|p1a: Also not a shroom
|-damage|p1a: Also not a shroom|86/100
|-hitcount|p1a: Also not a shroom|3
|
|-heal|p1a: Also not a shroom|92/100|[from] item: Leftovers
|upkeep
|turn|9
|
|t:|1779963937
|move|p2a: Weed Cat|U-turn|p1a: Also not a shroom
|-resisted|p1a: Also not a shroom
|-damage|p1a: Also not a shroom|85/100
|
|t:|1779963944
|switch|p2a: Is a Turtle|Metagross, shiny|100/100|[from] U-turn
|move|p1a: Also not a shroom|Stealth Rock|p2a: Is a Turtle
|-sidestart|p2: Racceth|move: Stealth Rock
|
|-heal|p1a: Also not a shroom|91/100|[from] item: Leftovers
|upkeep
|turn|10
|
|t:|1779963957
|switch|p1a: Punchy mushroom|Breloom, M|100/100 tox
|move|p2a: Is a Turtle|Knock Off|p1a: Punchy mushroom
|-resisted|p1a: Punchy mushroom
|-damage|p1a: Punchy mushroom|85/100 tox
|-enditem|p1a: Punchy mushroom|Toxic Orb|[from] move: Knock Off|[of] p2a: Is a Turtle
|
|-heal|p1a: Punchy mushroom|97/100 tox|[from] ability: Poison Heal
|upkeep
|turn|11
|
|t:|1779963967
|move|p2a: Is a Turtle|Psychic Fangs|p1a: Punchy mushroom
|-supereffective|p1a: Punchy mushroom
|-damage|p1a: Punchy mushroom|12/100 tox
|move|p1a: Punchy mushroom|Leech Seed|p2a: Is a Turtle
|-start|p2a: Is a Turtle|move: Leech Seed
|
|-damage|p2a: Is a Turtle|88/100|[from] Leech Seed|[of] p1a: Punchy mushroom
|-heal|p1a: Punchy mushroom|25/100 tox|[silent]
|-heal|p1a: Punchy mushroom|38/100 tox|[from] ability: Poison Heal
|upkeep
|turn|12
|
|t:|1779963975
|move|p1a: Punchy mushroom|Protect|p1a: Punchy mushroom
|-singleturn|p1a: Punchy mushroom|Protect
|move|p2a: Is a Turtle|Psychic Fangs|p1a: Punchy mushroom
|-activate|p1a: Punchy mushroom|move: Protect
|
|-heal|p2a: Is a Turtle|94/100|[from] item: Leftovers
|-damage|p2a: Is a Turtle|82/100|[from] Leech Seed|[of] p1a: Punchy mushroom
|-heal|p1a: Punchy mushroom|52/100 tox|[silent]
|-heal|p1a: Punchy mushroom|64/100 tox|[from] ability: Poison Heal
|upkeep
|turn|13
|
|t:|1779963987
|switch|p1a: Angry mushroom|Brute Bonnet|100/100
|move|p2a: Is a Turtle|Psychic Fangs|p1a: Angry mushroom
|-immune|p1a: Angry mushroom
|
|-heal|p2a: Is a Turtle|88/100|[from] item: Leftovers
|-damage|p2a: Is a Turtle|75/100|[from] Leech Seed|[of] p1a: Angry mushroom
|upkeep
|turn|14
|
|t:|1779963999
|move|p1a: Angry mushroom|Growth|p1a: Angry mushroom
|-boost|p1a: Angry mushroom|atk|1
|-boost|p1a: Angry mushroom|spa|1
|move|p2a: Is a Turtle|Heavy Slam|p1a: Angry mushroom
|-damage|p1a: Angry mushroom|42/100
|
|-heal|p2a: Is a Turtle|82/100|[from] item: Leftovers
|-damage|p2a: Is a Turtle|69/100|[from] Leech Seed|[of] p1a: Angry mushroom
|-heal|p1a: Angry mushroom|54/100|[silent]
|upkeep
|turn|15
|
|t:|1779964007
|move|p1a: Angry mushroom|Sucker Punch|p2a: Is a Turtle
|-supereffective|p2a: Is a Turtle
|-damage|p2a: Is a Turtle|0 fnt
|faint|p2a: Is a Turtle
|
|upkeep
|
|t:|1779964014
|switch|p2a: MC Desert pyramid|Garganacl, F, shiny|100/100
|-damage|p2a: MC Desert pyramid|88/100|[from] Stealth Rock
|turn|16
|
|t:|1779964019
|move|p1a: Angry mushroom|Seed Bomb|p2a: MC Desert pyramid
|-supereffective|p2a: MC Desert pyramid
|-damage|p2a: MC Desert pyramid|24/100
|move|p2a: MC Desert pyramid|Salt Cure|p1a: Angry mushroom
|-damage|p1a: Angry mushroom|41/100
|-start|p1a: Angry mushroom|Salt Cure
|
|-heal|p2a: MC Desert pyramid|30/100|[from] item: Leftovers
|-damage|p1a: Angry mushroom|28/100|[from] Salt Cure
|upkeep
|turn|17
|
|t:|1779964028
|move|p2a: MC Desert pyramid|Protect|p2a: MC Desert pyramid
|-singleturn|p2a: MC Desert pyramid|Protect
|move|p1a: Angry mushroom|Seed Bomb|p2a: MC Desert pyramid
|-activate|p2a: MC Desert pyramid|move: Protect
|
|-heal|p2a: MC Desert pyramid|37/100|[from] item: Leftovers
|-damage|p1a: Angry mushroom|16/100|[from] Salt Cure
|upkeep
|turn|18
|
|t:|1779964049
|switch|p2a: This mf|Clefable, F, shiny|100/100
|-damage|p2a: This mf|88/100|[from] Stealth Rock
|move|p1a: Angry mushroom|Seed Bomb|p2a: This mf
|-damage|p2a: This mf|55/100
|
|-heal|p2a: This mf|61/100|[from] item: Leftovers
|-damage|p1a: Angry mushroom|4/100|[from] Salt Cure
|upkeep
|turn|19
|
|t:|1779964061
|move|p1a: Angry mushroom|Seed Bomb|p2a: This mf
|-damage|p2a: This mf|23/100
|move|p2a: This mf|Calm Mind|p2a: This mf
|-boost|p2a: This mf|spa|1
|-boost|p2a: This mf|spd|1
|
|-heal|p2a: This mf|29/100|[from] item: Leftovers
|-damage|p1a: Angry mushroom|0 fnt|[from] Salt Cure
|faint|p1a: Angry mushroom
|-end|p1a: Angry mushroom|Protosynthesis|[silent]
|upkeep
|
|t:|1779964068
|switch|p1a: Mushroom|Amoonguss, F|100/100
|turn|20
|
|t:|1779964081
|switch|p2a: Home Depot-mon|Conkeldurr, F, shiny|100/100
|-damage|p2a: Home Depot-mon|94/100|[from] Stealth Rock
|move|p1a: Mushroom|Clear Smog|p2a: Home Depot-mon
|-damage|p2a: Home Depot-mon|76/100
|-clearboost|p2a: Home Depot-mon
|
|-status|p2a: Home Depot-mon|brn|[from] item: Flame Orb
|upkeep
|turn|21
|
|t:|1779964095
|move|p1a: Mushroom|Foul Play|p2a: Home Depot-mon
|-resisted|p2a: Home Depot-mon
|-damage|p2a: Home Depot-mon|59/100 brn
|move|p2a: Home Depot-mon|Facade|p1a: Mushroom
|-damage|p1a: Mushroom|16/100
|
|-damage|p2a: Home Depot-mon|53/100 brn|[from] brn
|upkeep
|turn|22
|
|t:|1779964104
|switch|p1a: Bush=mushroom?|Brambleghast, F|100/100
|move|p2a: Home Depot-mon|Facade|p1a: Bush=mushroom?
|-immune|p1a: Bush=mushroom?
|
|-damage|p2a: Home Depot-mon|47/100 brn|[from] brn
|upkeep
|turn|23
|
|t:|1779964120
|move|p1a: Bush=mushroom?|Poltergeist|p2a: Home Depot-mon
|-activate|p2a: Home Depot-mon|move: Poltergeist|Flame Orb
|-damage|p2a: Home Depot-mon|5/100 brn
|move|p2a: Home Depot-mon|Knock Off|p1a: Bush=mushroom?
|-supereffective|p1a: Bush=mushroom?
|-damage|p1a: Bush=mushroom?|0 fnt
|-enditem|p1a: Bush=mushroom?|Occa Berry|[from] move: Knock Off|[of] p2a: Home Depot-mon
|faint|p1a: Bush=mushroom?
|
|-damage|p2a: Home Depot-mon|0 fnt|[from] brn
|faint|p2a: Home Depot-mon
|upkeep
|
|t:|1779964141
|switch|p1a: Also not a shroom|Orthworm, M|91/100
|switch|p2a: Weed Cat|Meowscarada, F, shiny|100/100
|-damage|p2a: Weed Cat|88/100|[from] Stealth Rock
|turn|24
|
|t:|1779964157
|switch|p1a: Punchy mushroom|Breloom, M|64/100 tox
|move|p2a: Weed Cat|U-turn|p1a: Punchy mushroom
|-damage|p1a: Punchy mushroom|45/100 tox
|
|t:|1779964169
|switch|p2a: MC Desert pyramid|Garganacl, F, shiny|37/100|[from] U-turn
|-damage|p2a: MC Desert pyramid|24/100|[from] Stealth Rock
|
|-heal|p2a: MC Desert pyramid|30/100|[from] item: Leftovers
|-heal|p1a: Punchy mushroom|57/100 tox|[from] ability: Poison Heal
|upkeep
|turn|25
|
|t:|1779964177
|move|p1a: Punchy mushroom|Leech Seed|p2a: MC Desert pyramid
|-start|p2a: MC Desert pyramid|move: Leech Seed
|move|p2a: MC Desert pyramid|Heavy Slam|p1a: Punchy mushroom
|-damage|p1a: Punchy mushroom|34/100 tox
|
|-heal|p2a: MC Desert pyramid|37/100|[from] item: Leftovers
|-damage|p2a: MC Desert pyramid|24/100|[from] Leech Seed|[of] p1a: Punchy mushroom
|-heal|p1a: Punchy mushroom|49/100 tox|[silent]
|-heal|p1a: Punchy mushroom|62/100 tox|[from] ability: Poison Heal
|upkeep
|turn|26
|
|t:|1779964194
|move|p1a: Punchy mushroom|Protect|p1a: Punchy mushroom
|-singleturn|p1a: Punchy mushroom|Protect
|move|p2a: MC Desert pyramid|Heavy Slam|p1a: Punchy mushroom
|-activate|p1a: Punchy mushroom|move: Protect
|
|-heal|p2a: MC Desert pyramid|30/100|[from] item: Leftovers
|-damage|p2a: MC Desert pyramid|18/100|[from] Leech Seed|[of] p1a: Punchy mushroom
|-heal|p1a: Punchy mushroom|77/100 tox|[silent]
|-heal|p1a: Punchy mushroom|89/100 tox|[from] ability: Poison Heal
|upkeep
|turn|27
|
|t:|1779964204
|move|p1a: Punchy mushroom|Worry Seed|p2a: MC Desert pyramid
|-ability|p2a: MC Desert pyramid|Insomnia|Purifying Salt|[from] move: Worry Seed
|move|p2a: MC Desert pyramid|Heavy Slam|p1a: Punchy mushroom
|-damage|p1a: Punchy mushroom|66/100 tox
|
|-heal|p2a: MC Desert pyramid|24/100|[from] item: Leftovers
|-damage|p2a: MC Desert pyramid|12/100|[from] Leech Seed|[of] p1a: Punchy mushroom
|-heal|p1a: Punchy mushroom|81/100 tox|[silent]
|-heal|p1a: Punchy mushroom|94/100 tox|[from] ability: Poison Heal
|upkeep
|turn|28
|
|t:|1779964215
|move|p1a: Punchy mushroom|Toxic|p2a: MC Desert pyramid|[miss]
|-miss|p1a: Punchy mushroom|p2a: MC Desert pyramid
|move|p2a: MC Desert pyramid|Salt Cure|p1a: Punchy mushroom
|-resisted|p1a: Punchy mushroom
|-damage|p1a: Punchy mushroom|87/100 tox
|-start|p1a: Punchy mushroom|Salt Cure
|
|-heal|p2a: MC Desert pyramid|18/100|[from] item: Leftovers
|-damage|p2a: MC Desert pyramid|6/100|[from] Leech Seed|[of] p1a: Punchy mushroom
|-heal|p1a: Punchy mushroom|100/100 tox|[silent]
|-damage|p1a: Punchy mushroom|88/100 tox|[from] Salt Cure
|upkeep
|turn|29
|
|t:|1779964226
|switch|p1a: Mushroom|Amoonguss, F|49/100
|move|p2a: MC Desert pyramid|Heavy Slam|p1a: Mushroom
|-damage|p1a: Mushroom|18/100
|
|-heal|p2a: MC Desert pyramid|12/100|[from] item: Leftovers
|-damage|p2a: MC Desert pyramid|0 fnt|[from] Leech Seed|[of] p1a: Mushroom
|-heal|p1a: Mushroom|29/100|[silent]
|faint|p2a: MC Desert pyramid
|upkeep
|
|t:|1779964240
|switch|p2a: Weed Cat|Meowscarada, F, shiny|88/100
|-damage|p2a: Weed Cat|76/100|[from] Stealth Rock
|turn|30
|
|t:|1779964247
|switch|p2a: This mf|Clefable, F, shiny|29/100
|-damage|p2a: This mf|17/100|[from] Stealth Rock
|switch|p1a: Also not a shroom|Orthworm, M|91/100
|
|-heal|p1a: Also not a shroom|97/100|[from] item: Leftovers
|-heal|p2a: This mf|23/100|[from] item: Leftovers
|upkeep
|turn|31
|
|t:|1779964256
|move|p1a: Also not a shroom|Heavy Slam|p2a: This mf
|-supereffective|p2a: This mf
|-damage|p2a: This mf|0 fnt
|faint|p2a: This mf
|
|-heal|p1a: Also not a shroom|100/100|[from] item: Leftovers
|upkeep
|
|t:|1779964263
|switch|p2a: Weed Cat|Meowscarada, F, shiny|76/100
|-damage|p2a: Weed Cat|64/100|[from] Stealth Rock
|turn|32
|
|t:|1779964273
|move|p2a: Weed Cat|Flower Trick|p1a: Also not a shroom
|-resisted|p1a: Also not a shroom
|-crit|p1a: Also not a shroom
|-damage|p1a: Also not a shroom|81/100
|move|p1a: Also not a shroom|Body Press|p2a: Weed Cat
|-supereffective|p2a: Weed Cat
|-damage|p2a: Weed Cat|0 fnt
|faint|p2a: Weed Cat
|
|win|Its shrooin time
|raw|Its shrooin time's rating: 1062 &rarr; <strong>1094</strong><br />(+32 for winning)
|raw|Racceth's rating: 1073 &rarr; <strong>1051</strong><br />(-22 for losing)
|l|☆Racceth
|player|p2|
|l|☆Its shrooin time
|player|p1|
