|j|☆tiftif
|j|☆Dat boii fam
|t:|1779898650
|gametype|singles
|player|p1|tiftif|266|1578
|player|p2|Dat boii fam|li|1507
|gen|9
|tier|[Gen 9] OU
|rated|
|rule|HP Percentage Mod: HP is shown in percentages
|rule|Endless Battle Clause: Forcing endless battles is banned
|rule|Species Clause: Limit one of each Pokémon
|rule|OHKO Clause: OHKO moves are banned
|rule|Evasion Items Clause: Evasion items are banned
|rule|Evasion Moves Clause: Evasion moves are banned
|rule|Evasion Abilities Clause: Evasion abilities are banned
|rule|Sleep Moves Clause: Sleep-inducing moves are banned
|clearpoke
|poke|p1|Pelipper, F|
|poke|p1|Iron Treads|
|poke|p1|Barraskewda, F|
|poke|p1|Raging Bolt|
|poke|p1|Talonflame, F|
|poke|p1|Keldeo-Resolute|
|poke|p2|Alomomola, F|
|poke|p2|Landorus-Therian, M|
|poke|p2|Zapdos|
|poke|p2|Tornadus-Therian, M|
|poke|p2|Scizor, M|
|poke|p2|Amoonguss, F|
|teampreview
|j| BiscoitoXDBr
|inactive|Battle timer is ON: inactive players will automatically lose when time's up. (requested by tiftif)
|
|t:|1779898683
|teamsize|p1|6
|teamsize|p2|6
|start
|switch|p1a: Iron Treads|Iron Treads|100/100
|switch|p2a: Zapdos|Zapdos|100/100
|-enditem|p1a: Iron Treads|Booster Energy
|-activate|p1a: Iron Treads|ability: Quark Drive|[fromitem]
|-start|p1a: Iron Treads|quarkdrivespe
|turn|1
|
|t:|1779898689
|move|p1a: Iron Treads|Stealth Rock|p2a: Zapdos
|-sidestart|p2: Dat boii fam|move: Stealth Rock
|move|p2a: Zapdos|Heat Wave|p1a: Iron Treads
|-supereffective|p1a: Iron Treads
|-damage|p1a: Iron Treads|7/100
|-status|p1a: Iron Treads|brn
|
|-damage|p1a: Iron Treads|1/100 brn|[from] brn
|upkeep
|turn|2
|
|t:|1779898698
|switch|p2a: Alomomola|Alomomola, F|100/100
|move|p1a: Iron Treads|Ice Spinner|p2a: Alomomola
|-resisted|p2a: Alomomola
|-crit|p2a: Alomomola
|-damage|p2a: Alomomola|95/100
|
|-damage|p1a: Iron Treads|0 fnt|[from] brn
|faint|p1a: Iron Treads
|-end|p1a: Iron Treads|Quark Drive|[silent]
|upkeep
|
|t:|1779898702
|switch|p1a: Keldeo|Keldeo-Resolute|100/100
|turn|3
|
|t:|1779898707
|move|p1a: Keldeo|Substitute|p1a: Keldeo
|-start|p1a: Keldeo|Substitute
|-damage|p1a: Keldeo|76/100
|move|p2a: Alomomola|Alluring Voice|p1a: Keldeo
|-supereffective|p1a: Keldeo
|-damage|p1a: Keldeo|53/100
|
|-heal|p1a: Keldeo|59/100|[from] item: Leftovers
|upkeep
|turn|4
|j| Lowladderubersnoob
|
|t:|1779898722
|move|p1a: Keldeo|Calm Mind|p1a: Keldeo
|-boost|p1a: Keldeo|spa|1
|-boost|p1a: Keldeo|spd|1
|move|p2a: Alomomola|Alluring Voice|p1a: Keldeo
|-supereffective|p1a: Keldeo
|-damage|p1a: Keldeo|44/100
|-start|p1a: Keldeo|confusion
|
|-heal|p1a: Keldeo|50/100|[from] item: Leftovers
|upkeep
|turn|5
|
|t:|1779898730
|-activate|p1a: Keldeo|confusion
|move|p1a: Keldeo|Surf|p2a: Alomomola
|-resisted|p2a: Alomomola
|-damage|p2a: Alomomola|59/100
|move|p2a: Alomomola|Alluring Voice|p1a: Keldeo
|-supereffective|p1a: Keldeo
|-damage|p1a: Keldeo|37/100
|
|-heal|p1a: Keldeo|44/100|[from] item: Leftovers
|upkeep
|turn|6
|
|t:|1779898744
|-end|p1a: Keldeo|confusion
|move|p1a: Keldeo|Calm Mind|p1a: Keldeo
|-boost|p1a: Keldeo|spa|1
|-boost|p1a: Keldeo|spd|1
|move|p2a: Alomomola|Alluring Voice|p1a: Keldeo
|-supereffective|p1a: Keldeo
|-damage|p1a: Keldeo|33/100
|-start|p1a: Keldeo|confusion
|
|-heal|p1a: Keldeo|39/100|[from] item: Leftovers
|upkeep
|turn|7
|
|t:|1779898754
|-activate|p1a: Keldeo|confusion
|move|p1a: Keldeo|Secret Sword|p2a: Alomomola
|-damage|p2a: Alomomola|8/100
|move|p2a: Alomomola|Alluring Voice|p1a: Keldeo
|-supereffective|p1a: Keldeo
|-damage|p1a: Keldeo|28/100
|
|-heal|p1a: Keldeo|34/100|[from] item: Leftovers
|upkeep
|turn|8
|
|t:|1779898764
|switch|p2a: Amoonguss|Amoonguss, F|100/100
|-damage|p2a: Amoonguss|88/100|[from] Stealth Rock
|-activate|p1a: Keldeo|confusion
|move|p1a: Keldeo|Calm Mind|p1a: Keldeo
|-boost|p1a: Keldeo|spa|1
|-boost|p1a: Keldeo|spd|1
|
|-heal|p1a: Keldeo|40/100|[from] item: Leftovers
|upkeep
|turn|9
|
|t:|1779898773
|-end|p1a: Keldeo|confusion
|move|p1a: Keldeo|Calm Mind|p1a: Keldeo
|-boost|p1a: Keldeo|spa|1
|-boost|p1a: Keldeo|spd|1
|move|p2a: Amoonguss|Giga Drain|p1a: Keldeo
|-supereffective|p1a: Keldeo
|-activate|p1a: Keldeo|move: Substitute|[damage]
|-heal|p2a: Amoonguss|95/100|[from] drain|[of] p1a: Keldeo
|
|-heal|p1a: Keldeo|47/100|[from] item: Leftovers
|upkeep
|turn|10
|
|t:|1779898784
|move|p1a: Keldeo|Calm Mind|p1a: Keldeo
|-boost|p1a: Keldeo|spa|1
|-boost|p1a: Keldeo|spd|1
|move|p2a: Amoonguss|Giga Drain|p1a: Keldeo
|-supereffective|p1a: Keldeo
|-end|p1a: Keldeo|Substitute
|-heal|p2a: Amoonguss|97/100|[from] drain|[of] p1a: Keldeo
|
|-heal|p1a: Keldeo|53/100|[from] item: Leftovers
|upkeep
|turn|11
|
|t:|1779898801
|switch|p2a: Landorus|Landorus-Therian, M|100/100
|-damage|p2a: Landorus|88/100|[from] Stealth Rock
|-ability|p2a: Landorus|Intimidate|boost
|-unboost|p1a: Keldeo|atk|1
|move|p1a: Keldeo|Substitute|p1a: Keldeo
|-start|p1a: Keldeo|Substitute
|-damage|p1a: Keldeo|28/100
|
|-heal|p1a: Keldeo|34/100|[from] item: Leftovers
|upkeep
|turn|12
|
|t:|1779898810
|move|p2a: Landorus|U-turn|p1a: Keldeo
|-resisted|p1a: Keldeo
|-activate|p1a: Keldeo|move: Substitute|[damage]
|
|t:|1779898813
|switch|p2a: Scizor|Scizor, M|100/100|[from] U-turn
|move|p1a: Keldeo|Surf|p2a: Scizor
|-damage|p2a: Scizor|0 fnt
|faint|p2a: Scizor
|
|-heal|p1a: Keldeo|40/100|[from] item: Leftovers
|upkeep
|
|t:|1779898823
|switch|p2a: Tornadus|Tornadus-Therian, M|100/100
|turn|13
|
|t:|1779898835
|move|p2a: Tornadus|Bleakwind Storm|p1a: Keldeo
|-supereffective|p1a: Keldeo
|-end|p1a: Keldeo|Substitute
|move|p1a: Keldeo|Substitute|p1a: Keldeo
|-start|p1a: Keldeo|Substitute
|-damage|p1a: Keldeo|16/100
|
|-heal|p1a: Keldeo|22/100|[from] item: Leftovers
|upkeep
|turn|14
|
|t:|1779898846
|move|p2a: Tornadus|Bleakwind Storm|p1a: Keldeo
|-supereffective|p1a: Keldeo
|-end|p1a: Keldeo|Substitute
|move|p1a: Keldeo|Surf|p2a: Tornadus
|-damage|p2a: Tornadus|0 fnt
|faint|p2a: Tornadus
|
|-heal|p1a: Keldeo|28/100|[from] item: Leftovers
|upkeep
|
|t:|1779898854
|switch|p2a: Landorus|Landorus-Therian, M|88/100
|-damage|p2a: Landorus|75/100|[from] Stealth Rock
|-ability|p2a: Landorus|Intimidate|boost
|-unboost|p1a: Keldeo|atk|1
|turn|15
|
|t:|1779898859
|move|p2a: Landorus|Earthquake|p1a: Keldeo
|-damage|p1a: Keldeo|0 fnt
|faint|p1a: Keldeo
|
|upkeep
|
|t:|1779898864
|switch|p1a: Pelipper|Pelipper, F|100/100
|-weather|RainDance|[from] ability: Drizzle|[of] p1a: Pelipper
|turn|16
|l| BiscoitoXDBr
|
|t:|1779898871
|switch|p2a: Amoonguss|Amoonguss, F|100/100
|-damage|p2a: Amoonguss|88/100|[from] Stealth Rock
|move|p1a: Pelipper|U-turn|p2a: Amoonguss
|-damage|p2a: Amoonguss|81/100
|-damage|p1a: Pelipper|84/100|[from] item: Rocky Helmet|[of] p2a: Amoonguss
|
|t:|1779898876
|switch|p1a: Talonflame|Talonflame, F|100/100|[from] U-turn
|
|-weather|RainDance|[upkeep]
|upkeep
|turn|17
|
|t:|1779898881
|move|p1a: Talonflame|U-turn|p2a: Amoonguss
|-damage|p2a: Amoonguss|73/100
|-damage|p1a: Talonflame|84/100|[from] item: Rocky Helmet|[of] p2a: Amoonguss
|
|t:|1779898890
|switch|p1a: Raging Bolt|Raging Bolt|100/100|[from] U-turn
|-enditem|p1a: Raging Bolt|Booster Energy
|-activate|p1a: Raging Bolt|ability: Protosynthesis|[fromitem]
|-start|p1a: Raging Bolt|protosynthesisspa
|move|p2a: Amoonguss|Stun Spore|p1a: Raging Bolt|[miss]
|-miss|p2a: Amoonguss|p1a: Raging Bolt
|
|-weather|RainDance|[upkeep]
|upkeep
|turn|18
|
|t:|1779898898
|move|p1a: Raging Bolt|Dragon Pulse|p2a: Amoonguss
|-damage|p2a: Amoonguss|13/100
|move|p2a: Amoonguss|Sludge Bomb|p1a: Raging Bolt
|-damage|p1a: Raging Bolt|73/100
|
|-weather|RainDance|[upkeep]
|upkeep
|turn|19
|
|t:|1779898905
|move|p1a: Raging Bolt|Dragon Pulse|p2a: Amoonguss
|-damage|p2a: Amoonguss|0 fnt
|faint|p2a: Amoonguss
|
|-weather|RainDance|[upkeep]
|upkeep
|
|t:|1779898910
|switch|p2a: Landorus|Landorus-Therian, M|75/100
|-damage|p2a: Landorus|63/100|[from] Stealth Rock
|-ability|p2a: Landorus|Intimidate|boost
|-unboost|p1a: Raging Bolt|atk|1
|turn|20
|
|t:|1779898923
|-end|p1a: Raging Bolt|Protosynthesis|[silent]
|switch|p1a: Talonflame|Talonflame, F|84/100
|move|p2a: Landorus|Rock Slide|p1a: Talonflame
|-supereffective|p1a: Talonflame
|-damage|p1a: Talonflame|0 fnt
|faint|p1a: Talonflame
|
|-weather|RainDance|[upkeep]
|upkeep
|
|t:|1779898928
|switch|p1a: Barraskewda|Barraskewda, F|100/100
|turn|21
|
|t:|1779898935
|switch|p2a: Zapdos|Zapdos|100/100
|move|p1a: Barraskewda|Flip Turn|p2a: Zapdos
|-damage|p2a: Zapdos|18/100
|-status|p1a: Barraskewda|par|[from] ability: Static|[of] p2a: Zapdos
|
|t:|1779898939
|switch|p1a: Raging Bolt|Raging Bolt|73/100|[from] Flip Turn
|
|-weather|RainDance|[upkeep]
|upkeep
|turn|22
|
|t:|1779898944
|move|p1a: Raging Bolt|Weather Ball|p2a: Zapdos
|-damage|p2a: Zapdos|0 fnt
|faint|p2a: Zapdos
|
|-weather|RainDance|[upkeep]
|upkeep
|
|t:|1779898950
|switch|p2a: Landorus|Landorus-Therian, M|63/100
|-damage|p2a: Landorus|50/100|[from] Stealth Rock
|-ability|p2a: Landorus|Intimidate|boost
|-unboost|p1a: Raging Bolt|atk|1
|turn|23
|
|t:|1779898957
|-terastallize|p1a: Raging Bolt|Fairy
|move|p2a: Landorus|Earthquake|p1a: Raging Bolt
|-damage|p1a: Raging Bolt|15/100
|move|p1a: Raging Bolt|Weather Ball|p2a: Landorus
|-supereffective|p2a: Landorus
|-damage|p2a: Landorus|0 fnt
|faint|p2a: Landorus
|
|-weather|none
|upkeep
|
|t:|1779898965
|switch|p2a: Alomomola|Alomomola, F|42/100
|turn|24
|
|t:|1779898971
|move|p1a: Raging Bolt|Dragon Pulse|p2a: Alomomola
|-damage|p2a: Alomomola|0 fnt
|faint|p2a: Alomomola
|
|win|tiftif
|raw|tiftif's rating: 1578 &rarr; <strong>1594</strong><br />(+16 for winning)
|raw|Dat boii fam's rating: 1507 &rarr; <strong>1491</strong><br />(-16 for losing)
|l|☆Dat boii fam
|player|p2|
|l|☆tiftif
|player|p1|
|l| Lowladderubersnoob
