|j|☆Swolepertt31
|j|☆MouseMont
|t:|1779885766
|gametype|singles
|player|p1|Swolepertt31|fisherman|1052
|player|p2|MouseMont|smasher|1070
|gen|9
|tier|[Gen 9] OU
|rated|
|rule|HP Percentage Mod: HP is shown in percentages
|rule|Endless Battle Clause: Forcing endless battles is banned
|rule|Species Clause: Limit one of each Pokémon
|rule|OHKO Clause: OHKO moves are banned
|rule|Evasion Items Clause: Evasion items are banned
|rule|Evasion Moves Clause: Evasion moves are banned
|rule|Evasion Abilities Clause: Evasion abilities are banned
|rule|Sleep Moves Clause: Sleep-inducing moves are banned
|clearpoke
|poke|p1|Samurott-Hisui, M|
|poke|p1|Dragapult, M|
|poke|p1|Great Tusk|
|poke|p1|Corviknight, M|
|poke|p1|Darkrai|
|poke|p1|Dragonite, M|
|poke|p2|Rotom-Mow|
|poke|p2|Overqwil, M|
|poke|p2|Scream Tail|
|poke|p2|Tauros-Paldea-Blaze, M|
|poke|p2|Wugtrio, M|
|poke|p2|Golem-Alola, M|
|teampreview
|inactive|Battle timer is ON: inactive players will automatically lose when time's up. (requested by Swolepertt31)
|
|t:|1779885798
|teamsize|p1|6
|teamsize|p2|6
|start
|switch|p1a: Darkrai|Darkrai|100/100
|switch|p2a: Rotom|Rotom-Mow, shiny|100/100
|turn|1
|
|t:|1779885810
|switch|p2a: Scream Tail|Scream Tail|100/100
|-enditem|p2a: Scream Tail|Booster Energy
|-activate|p2a: Scream Tail|ability: Protosynthesis|[fromitem]
|-start|p2a: Scream Tail|protosynthesisspe
|move|p1a: Darkrai|Trick|p2a: Scream Tail
|-activate|p1a: Darkrai|move: Trick|[of] p2a: Scream Tail
|-item|p2a: Scream Tail|Flame Orb|[from] move: Trick
|-enditem|p1a: Darkrai|Flame Orb|[silent]|[from] move: Trick
|
|-status|p2a: Scream Tail|brn|[from] item: Flame Orb
|upkeep
|turn|2
|l|☆Swolepertt31
|inactive|Swolepertt31 disconnected and has a minute to reconnect!
|player|p1|
|j|☆Swolepertt31
|inactive|Swolepertt31 reconnected and has 115 seconds left.
|player|p1|Swolepertt31|fisherman|
|
|t:|1779885855
|move|p2a: Scream Tail|Dazzling Gleam|p1a: Darkrai
|-supereffective|p1a: Darkrai
|-damage|p1a: Darkrai|47/100
|move|p1a: Darkrai|Sludge Bomb|p2a: Scream Tail
|-supereffective|p2a: Scream Tail
|-damage|p2a: Scream Tail|59/100 brn
|
|-damage|p2a: Scream Tail|52/100 brn|[from] brn
|upkeep
|turn|3
|
|t:|1779885864
|switch|p1a: Corviknight|Corviknight, M|100/100
|move|p2a: Scream Tail|Dazzling Gleam|p1a: Corviknight
|-resisted|p1a: Corviknight
|-damage|p1a: Corviknight|90/100
|
|-damage|p2a: Scream Tail|46/100 brn|[from] brn
|upkeep
|turn|4
|
|t:|1779885871
|move|p2a: Scream Tail|Fire Blast|p1a: Corviknight
|-supereffective|p1a: Corviknight
|-damage|p1a: Corviknight|44/100
|move|p1a: Corviknight|Iron Defense|p1a: Corviknight
|-boost|p1a: Corviknight|def|2
|
|-damage|p2a: Scream Tail|40/100 brn|[from] brn
|upkeep
|turn|5
|inactive|Swolepertt31 has 120 seconds left.
|
|t:|1779885879
|move|p2a: Scream Tail|Fire Blast|p1a: Corviknight
|-supereffective|p1a: Corviknight
|-damage|p1a: Corviknight|3/100
|move|p1a: Corviknight|Roost|p1a: Corviknight
|-heal|p1a: Corviknight|53/100
|-singleturn|p1a: Corviknight|move: Roost
|
|-damage|p2a: Scream Tail|34/100 brn|[from] brn
|upkeep
|turn|6
|inactive|Swolepertt31 has 120 seconds left.
|
|t:|1779885906
|move|p2a: Scream Tail|Fire Blast|p1a: Corviknight
|-supereffective|p1a: Corviknight
|-damage|p1a: Corviknight|9/100
|move|p1a: Corviknight|Iron Head|p2a: Scream Tail
|-supereffective|p2a: Scream Tail
|-damage|p2a: Scream Tail|0 fnt
|faint|p2a: Scream Tail
|-end|p2a: Scream Tail|Protosynthesis|[silent]
|
|upkeep
|
|t:|1779885921
|switch|p2a: Wugtrio|Wugtrio, M, shiny|100/100
|turn|7
|
|t:|1779885937
|move|p2a: Wugtrio|Triple Dive|p1a: Corviknight
|-damage|p1a: Corviknight|3/100
|-damage|p2a: Wugtrio|84/100|[from] item: Rocky Helmet|[of] p1a: Corviknight
|-damage|p1a: Corviknight|0 fnt
|-damage|p2a: Wugtrio|67/100|[from] item: Rocky Helmet|[of] p1a: Corviknight
|faint|p1a: Corviknight
|-hitcount|p1: Corviknight|2
|
|upkeep
|
|t:|1779885941
|switch|p1a: Darkrai|Darkrai|47/100
|turn|8
|
|t:|1779885964
|move|p2a: Wugtrio|Triple Dive|p1a: Darkrai|[miss]
|-miss|p2a: Wugtrio|p1a: Darkrai
|move|p1a: Darkrai|Taunt|p2a: Wugtrio
|-start|p2a: Wugtrio|move: Taunt
|
|upkeep
|turn|9
|inactive|Swolepertt31 has 120 seconds left.
|
|t:|1779885982
|move|p2a: Wugtrio|Triple Dive|p1a: Darkrai
|-damage|p1a: Darkrai|31/100
|-damage|p1a: Darkrai|16/100
|-damage|p1a: Darkrai|3/100
|-hitcount|p1a: Darkrai|3
|move|p1a: Darkrai|Foul Play|p2a: Wugtrio
|-damage|p2a: Wugtrio|0 fnt
|-damage|p1a: Darkrai|0 fnt|[from] item: Rocky Helmet|[of] p2a: Wugtrio
|-ability|p2a: Wugtrio|Gooey
|faint|p2a: Wugtrio
|faint|p1a: Darkrai
|
|upkeep
|inactive|MouseMont has 120 seconds left.
|
|t:|1779885997
|switch|p2a: Golem|Golem-Alola, M|100/100
|switch|p1a: Samurott|Samurott-Hisui, M|100/100
|-item|p2a: Golem|Air Balloon
|turn|10
|
|t:|1779886011
|move|p1a: Samurott|Ceaseless Edge|p2a: Golem
|-damage|p2a: Golem|55/100
|-enditem|p2a: Golem|Air Balloon
|-sidestart|p2: MouseMont|Spikes
|move|p2a: Golem|Double-Edge|p1a: Samurott
|-supereffective|p1a: Samurott
|-damage|p1a: Samurott|0 fnt
|faint|p1a: Samurott
|-damage|p2a: Golem|20/100|[from] Recoil
|
|upkeep
|inactive|Swolepertt31 has 90 seconds left.
|l|☆Swolepertt31
|inactive|Swolepertt31 disconnected and has a minute to reconnect!
|player|p1|
|j|☆Swolepertt31
|inactive|Swolepertt31 reconnected and has 70 seconds left.
|player|p1|Swolepertt31|fisherman|
|
|t:|1779886060
|switch|p1a: Great Tusk|Great Tusk|100/100
|turn|11
|inactive|MouseMont has 120 seconds left.
|
|t:|1779886087
|switch|p2a: Rotom|Rotom-Mow, shiny|100/100
|move|p1a: Great Tusk|Rapid Spin|p2a: Rotom
|-damage|p2a: Rotom|76/100
|-boost|p1a: Great Tusk|spe|1
|
|upkeep
|turn|12
|
|t:|1779886097
|move|p2a: Rotom|Leaf Storm|p1a: Great Tusk
|-supereffective|p1a: Great Tusk
|-damage|p1a: Great Tusk|0 fnt
|-unboost|p2a: Rotom|spa|2
|faint|p1a: Great Tusk
|-end|p1a: Great Tusk|Protosynthesis|[silent]
|
|upkeep
|
|t:|1779886105
|switch|p1a: Dragapult|Dragapult, M|100/100
|turn|13
|
|t:|1779886115
|move|p2a: Rotom|Leaf Storm|p1a: Dragapult
|-resisted|p1a: Dragapult
|-damage|p1a: Dragapult|80/100
|-unboost|p2a: Rotom|spa|2
|move|p1a: Dragapult|Fire Blast|p2a: Rotom
|-supereffective|p2a: Rotom
|-damage|p2a: Rotom|0 fnt
|faint|p2a: Rotom
|
|upkeep
|
|t:|1779886118
|switch|p2a: Golem|Golem-Alola, M|20/100
|-damage|p2a: Golem|8/100|[from] Spikes
|turn|14
|
|t:|1779886125
|move|p1a: Dragapult|Hydro Pump|p2a: Golem
|-supereffective|p2a: Golem
|-damage|p2a: Golem|0 fnt
|faint|p2a: Golem
|
|upkeep
|
|t:|1779886135
|switch|p2a: Overqwil|Overqwil, M|100/100
|-damage|p2a: Overqwil|88/100|[from] Spikes
|-ability|p2a: Overqwil|Intimidate|boost
|-unboost|p1a: Dragapult|atk|1
|turn|15
|
|t:|1779886146
|move|p1a: Dragapult|Draco Meteor|p2a: Overqwil
|-damage|p2a: Overqwil|0 fnt
|-unboost|p1a: Dragapult|spa|2
|faint|p2a: Overqwil
|
|upkeep
|
|t:|1779886149
|switch|p2a: Tauros|Tauros-Paldea-Blaze, M|100/100
|-damage|p2a: Tauros|88/100|[from] Spikes
|-ability|p2a: Tauros|Intimidate|boost
|-unboost|p1a: Dragapult|atk|1
|turn|16
|
|t:|1779886158
|move|p1a: Dragapult|Hydro Pump|p2a: Tauros
|-supereffective|p2a: Tauros
|-damage|p2a: Tauros|32/100
|move|p2a: Tauros|Flare Blitz|p1a: Dragapult
|-resisted|p1a: Dragapult
|-damage|p1a: Dragapult|20/100
|-status|p1a: Dragapult|brn
|-damage|p2a: Tauros|11/100|[from] Recoil
|
|-damage|p1a: Dragapult|14/100 brn|[from] brn
|upkeep
|turn|17
|inactive|Swolepertt31 has 120 seconds left.
|
|t:|1779886169
|-terastallize|p2a: Tauros|Fire
|move|p1a: Dragapult|Hydro Pump|p2a: Tauros
|-supereffective|p2a: Tauros
|-damage|p2a: Tauros|0 fnt
|faint|p2a: Tauros
|
|win|Swolepertt31
|raw|Swolepertt31's rating: 1052 &rarr; <strong>1086</strong><br />(+34 for winning)
|raw|MouseMont's rating: 1070 &rarr; <strong>1048</strong><br />(-22 for losing)
|l|☆MouseMont
|player|p2|
|l|☆Swolepertt31
|player|p1|
