|j|☆Slopslop no Midren
|j|☆tuanquewang
|t:|1779966815
|gametype|singles
|player|p1|Slopslop no Midren|2|1615
|player|p2|tuanquewang|backersf|1691
|gen|9
|tier|[Gen 9] OU
|rated|
|rule|HP Percentage Mod: HP is shown in percentages
|rule|Endless Battle Clause: Forcing endless battles is banned
|rule|Species Clause: Limit one of each Pokémon
|rule|OHKO Clause: OHKO moves are banned
|rule|Evasion Items Clause: Evasion items are banned
|rule|Evasion Moves Clause: Evasion moves are banned
|rule|Evasion Abilities Clause: Evasion abilities are banned
|rule|Sleep Moves Clause: Sleep-inducing moves are banned
|clearpoke
|poke|p1|Magnezone|
|poke|p1|Dragonite, M|
|poke|p1|Great Tusk|
|poke|p1|Iron Valiant|
|poke|p1|Samurott-Hisui, M|
|poke|p1|Slowking-Galar, F|
|poke|p2|Slowking-Galar, M|
|poke|p2|Hydrapple, F|
|poke|p2|Cinderace, M|
|poke|p2|Iron Crown|
|poke|p2|Alomomola, F|
|poke|p2|Mamoswine, M|
|teampreview
|inactive|Battle timer is ON: inactive players will automatically lose when time's up. (requested by Slopslop no Midren)
|inactive|tuanquewang also wants the timer to be on.
|
|t:|1779966829
|teamsize|p1|6
|teamsize|p2|6
|start
|switch|p1a: Samurott|Samurott-Hisui, M|100/100
|switch|p2a: Hydrapple|Hydrapple, F, shiny|100/100
|turn|1
|
|t:|1779966841
|switch|p1a: Slowking|Slowking-Galar, F|100/100
|move|p2a: Hydrapple|Earth Power|p1a: Slowking
|-supereffective|p1a: Slowking
|-damage|p1a: Slowking|46/100
|
|upkeep
|turn|2
|
|t:|1779966849
|switch|p2a: Mamoswine|Mamoswine, M|100/100
|move|p1a: Slowking|Sludge Bomb|p2a: Mamoswine
|-resisted|p2a: Mamoswine
|-damage|p2a: Mamoswine|77/100
|-status|p2a: Mamoswine|psn
|
|-damage|p2a: Mamoswine|65/100 psn|[from] psn
|upkeep
|turn|3
|inactive|Slopslop no Midren has 120 seconds left.
|
|t:|1779966883
|switch|p1a: Samurott|Samurott-Hisui, M|100/100
|move|p2a: Mamoswine|Earthquake|p1a: Samurott
|-damage|p1a: Samurott|0 fnt
|faint|p1a: Samurott
|
|-damage|p2a: Mamoswine|52/100 psn|[from] psn
|upkeep
|inactive|Slopslop no Midren has 120 seconds left.
|
|t:|1779966889
|switch|p1a: Dragonite|Dragonite, M|100/100
|turn|4
|
|t:|1779966892
|switch|p2a: Hydrapple|Hydrapple, F, shiny|100/100
|move|p1a: Dragonite|Dragon Dance|p1a: Dragonite
|-boost|p1a: Dragonite|atk|1
|-boost|p1a: Dragonite|spe|1
|
|upkeep
|turn|5
|
|t:|1779966896
|-terastallize|p2a: Hydrapple|Water
|move|p1a: Dragonite|Ice Spinner|p2a: Hydrapple
|-resisted|p2a: Hydrapple
|-damage|p2a: Hydrapple|82/100
|move|p2a: Hydrapple|Draco Meteor|p1a: Dragonite
|-supereffective|p1a: Dragonite
|-damage|p1a: Dragonite|0 fnt
|-unboost|p2a: Hydrapple|spa|2
|faint|p1a: Dragonite
|
|upkeep
|
|t:|1779966900
|switch|p1a: Magnezone|Magnezone|100/100
|turn|6
|
|t:|1779966905
|switch|p2a: Slowking|Slowking-Galar, M|100/100
|move|p1a: Magnezone|Flash Cannon|p2a: Slowking
|-damage|p2a: Slowking|75/100
|
|-heal|p2a: Slowking|81/100|[from] item: Black Sludge
|upkeep
|turn|7
|
|t:|1779966911
|move|p1a: Magnezone|Volt Switch|p2a: Slowking
|-damage|p2a: Slowking|54/100
|
|t:|1779966920
|switch|p1a: Great Tusk|Great Tusk|100/100|[from] Volt Switch
|-prepare|p2a: Slowking|Chilly Reception|[premajor]
|move|p2a: Slowking|Chilly Reception|p2a: Slowking
|-weather|Snowscape
|
|t:|1779966924
|switch|p2a: Hydrapple|Hydrapple, F, shiny, tera:Water|100/100|[from] Chilly Reception
|
|-weather|Snowscape|[upkeep]
|upkeep
|turn|8
|
|t:|1779966936
|move|p1a: Great Tusk|Headlong Rush|p2a: Hydrapple
|-damage|p2a: Hydrapple|64/100
|-unboost|p1a: Great Tusk|def|1
|-unboost|p1a: Great Tusk|spd|1
|move|p2a: Hydrapple|Earth Power|p1a: Great Tusk
|-damage|p1a: Great Tusk|11/100
|-unboost|p1a: Great Tusk|spd|1
|
|-weather|Snowscape|[upkeep]
|upkeep
|turn|9
|
|t:|1779966947
|switch|p2a: Alomomola|Alomomola, F|100/100
|move|p1a: Great Tusk|Stealth Rock|p2a: Alomomola
|-sidestart|p2: tuanquewang|move: Stealth Rock
|
|-weather|Snowscape|[upkeep]
|upkeep
|turn|10
|
|t:|1779966951
|move|p1a: Great Tusk|Headlong Rush|p2a: Alomomola
|-damage|p2a: Alomomola|72/100
|-unboost|p1a: Great Tusk|def|1
|-unboost|p1a: Great Tusk|spd|1
|move|p2a: Alomomola|Flip Turn|p1a: Great Tusk
|-supereffective|p1a: Great Tusk
|-damage|p1a: Great Tusk|0 fnt
|-damage|p2a: Alomomola|56/100|[from] item: Rocky Helmet|[of] p1a: Great Tusk
|faint|p1a: Great Tusk
|-end|p1a: Great Tusk|Protosynthesis|[silent]
|j| dimikoutsos
|
|t:|1779966957
|switch|p2a: Cinderace|Cinderace, M|100/100|[from] Flip Turn
|
|-weather|Snowscape|[upkeep]
|upkeep
|
|t:|1779966962
|switch|p1a: Iron Valiant|Iron Valiant|100/100
|-enditem|p1a: Iron Valiant|Booster Energy
|-activate|p1a: Iron Valiant|ability: Quark Drive|[fromitem]
|-start|p1a: Iron Valiant|quarkdrivespe
|turn|11
|
|t:|1779966965
|move|p1a: Iron Valiant|Knock Off|p2a: Cinderace
|-damage|p2a: Cinderace|60/100
|-enditem|p2a: Cinderace|Heavy-Duty Boots|[from] move: Knock Off|[of] p1a: Iron Valiant
|move|p2a: Cinderace|Pyro Ball|p1a: Iron Valiant
|-damage|p1a: Iron Valiant|31/100
|
|-weather|none
|upkeep
|turn|12
|
|t:|1779966972
|move|p1a: Iron Valiant|Close Combat|p2a: Cinderace
|-damage|p2a: Cinderace|0 fnt
|-unboost|p1a: Iron Valiant|def|1
|-unboost|p1a: Iron Valiant|spd|1
|faint|p2a: Cinderace
|
|upkeep
|
|t:|1779966980
|switch|p2a: Hydrapple|Hydrapple, F, shiny, tera:Water|97/100
|-damage|p2a: Hydrapple|85/100|[from] Stealth Rock
|turn|13
|
|t:|1779966984
|move|p1a: Iron Valiant|Close Combat|p2a: Hydrapple
|-damage|p2a: Hydrapple|45/100
|-unboost|p1a: Iron Valiant|def|1
|-unboost|p1a: Iron Valiant|spd|1
|move|p2a: Hydrapple|Earth Power|p1a: Iron Valiant
|-damage|p1a: Iron Valiant|0 fnt
|faint|p1a: Iron Valiant
|-end|p1a: Iron Valiant|Quark Drive|[silent]
|
|upkeep
|
|t:|1779966988
|switch|p1a: Magnezone|Magnezone|100/100
|turn|14
|
|t:|1779966994
|switch|p2a: Slowking|Slowking-Galar, M|87/100
|-damage|p2a: Slowking|75/100|[from] Stealth Rock
|move|p1a: Magnezone|Thunderbolt|p2a: Slowking
|-damage|p2a: Slowking|40/100
|
|-heal|p2a: Slowking|46/100|[from] item: Black Sludge
|upkeep
|turn|15
|
|t:|1779967000
|move|p1a: Magnezone|Thunderbolt|p2a: Slowking
|-damage|p2a: Slowking|12/100
|move|p2a: Slowking|Trick|p1a: Magnezone
|-activate|p2a: Slowking|move: Trick|[of] p1a: Magnezone
|-item|p1a: Magnezone|Black Sludge|[from] move: Trick
|-item|p2a: Slowking|Magnet|[from] move: Trick
|
|-damage|p1a: Magnezone|88/100|[from] item: Black Sludge
|upkeep
|turn|16
|
|t:|1779967007
|move|p1a: Magnezone|Thunderbolt|p2a: Slowking
|-damage|p2a: Slowking|0 fnt
|faint|p2a: Slowking
|
|-damage|p1a: Magnezone|76/100|[from] item: Black Sludge
|upkeep
|
|t:|1779967009
|switch|p2a: Mamoswine|Mamoswine, M|52/100 psn
|-damage|p2a: Mamoswine|40/100 psn|[from] Stealth Rock
|turn|17
|
|t:|1779967011
|-terastallize|p1a: Magnezone|Flying
|move|p1a: Magnezone|Flash Cannon|p2a: Mamoswine
|-supereffective|p2a: Mamoswine
|-damage|p2a: Mamoswine|0 fnt
|faint|p2a: Mamoswine
|
|-damage|p1a: Magnezone|63/100|[from] item: Black Sludge
|upkeep
|
|t:|1779967014
|switch|p2a: Iron Crown|Iron Crown|100/100
|-damage|p2a: Iron Crown|94/100|[from] Stealth Rock
|turn|18
|
|t:|1779967020
|switch|p1a: Slowking|Slowking-Galar, F|79/100
|move|p2a: Iron Crown|Volt Switch|p1a: Slowking
|-damage|p1a: Slowking|64/100
|
|t:|1779967026
|-end|p2a: Iron Crown|Quark Drive|[silent]
|switch|p2a: Alomomola|Alomomola, F|89/100|[from] Volt Switch
|-damage|p2a: Alomomola|77/100|[from] Stealth Rock
|
|-heal|p2a: Alomomola|83/100|[from] item: Leftovers
|upkeep
|turn|19
|
|t:|1779967034
|move|p2a: Alomomola|Wish|p2a: Alomomola
|-prepare|p1a: Slowking|Chilly Reception|[premajor]
|move|p1a: Slowking|Chilly Reception|p1a: Slowking
|-weather|Snowscape
|
|t:|1779967036
|switch|p1a: Magnezone|Magnezone, tera:Flying|63/100|[from] Chilly Reception
|
|-weather|Snowscape|[upkeep]
|-damage|p1a: Magnezone|51/100|[from] item: Black Sludge
|-heal|p2a: Alomomola|89/100|[from] item: Leftovers
|upkeep
|turn|20
|
|t:|1779967040
|switch|p2a: Iron Crown|Iron Crown|94/100
|-damage|p2a: Iron Crown|88/100|[from] Stealth Rock
|move|p1a: Magnezone|Thunderbolt|p2a: Iron Crown
|-damage|p2a: Iron Crown|40/100
|
|-weather|Snowscape|[upkeep]
|-heal|p2a: Iron Crown|100/100|[from] move: Wish|[wisher] Alomomola
|-damage|p1a: Magnezone|38/100|[from] item: Black Sludge
|upkeep
|turn|21
|
|t:|1779967048
|switch|p1a: Slowking|Slowking-Galar, F|97/100
|move|p2a: Iron Crown|Volt Switch|p1a: Slowking
|-damage|p1a: Slowking|83/100
|
|t:|1779967053
|-end|p2a: Iron Crown|Quark Drive|[silent]
|switch|p2a: Alomomola|Alomomola, F|100/100|[from] Volt Switch
|-damage|p2a: Alomomola|88/100|[from] Stealth Rock
|
|-weather|Snowscape|[upkeep]
|-heal|p2a: Alomomola|94/100|[from] item: Leftovers
|upkeep
|turn|22
|
|t:|1779967057
|move|p2a: Alomomola|Wish|p2a: Alomomola
|move|p1a: Slowking|Thunder Wave|p2a: Alomomola
|-status|p2a: Alomomola|par
|
|-weather|Snowscape|[upkeep]
|-heal|p2a: Alomomola|100/100 par|[from] item: Leftovers
|upkeep
|turn|23
|
|t:|1779967062
|move|p1a: Slowking|Future Sight|p2a: Alomomola
|-start|p1a: Slowking|move: Future Sight
|move|p2a: Alomomola|Mirror Coat||[still]
|-fail|p2a: Alomomola
|
|-weather|none
|upkeep
|turn|24
|
|t:|1779967068
|move|p2a: Alomomola|Flip Turn|p1a: Slowking
|-damage|p1a: Slowking|65/100
|
|t:|1779967074
|switch|p2a: Iron Crown|Iron Crown|100/100|[from] Flip Turn
|-damage|p2a: Iron Crown|94/100|[from] Stealth Rock
|move|p1a: Slowking|Thunder Wave|p2a: Iron Crown|[miss]
|-miss|p1a: Slowking|p2a: Iron Crown
|
|upkeep
|turn|25
|
|t:|1779967082
|move|p2a: Iron Crown|Tachyon Cutter|p1a: Slowking
|-damage|p1a: Slowking|49/100
|-damage|p1a: Slowking|33/100
|-hitcount|p1a: Slowking|2
|move|p1a: Slowking|Thunder Wave|p2a: Iron Crown
|-status|p2a: Iron Crown|par
|
|-end|p2a: Iron Crown|move: Future Sight
|-resisted|p2a: Iron Crown
|-damage|p2a: Iron Crown|83/100 par
|upkeep
|turn|26
|
|t:|1779967087
|move|p2a: Iron Crown|Tachyon Cutter|p1a: Slowking
|-damage|p1a: Slowking|16/100
|-damage|p1a: Slowking|0 fnt
|faint|p1a: Slowking
|-hitcount|p1: Slowking|2
|
|upkeep
|
|t:|1779967089
|switch|p1a: Magnezone|Magnezone, tera:Flying|38/100
|turn|27
|
|t:|1779967091
|move|p2a: Iron Crown|Tachyon Cutter|p1a: Magnezone
|-damage|p1a: Magnezone|5/100
|-damage|p1a: Magnezone|0 fnt
|faint|p1a: Magnezone
|-hitcount|p1: Magnezone|2
|
|win|tuanquewang
|raw|Slopslop no Midren's rating: 1615 &rarr; <strong>1599</strong><br />(-16 for losing)
|raw|tuanquewang's rating: 1691 &rarr; <strong>1707</strong><br />(+16 for winning)
|l|☆Slopslop no Midren
|player|p1|
|l|☆tuanquewang
|player|p2|
