|j|☆The Boy Saviour
|j|☆delacroixxx
|t:|1779949047
|gametype|singles
|player|p1|The Boy Saviour|roxie|1345
|player|p2|delacroixxx|az|1409
|gen|9
|tier|[Gen 9] OU
|rated|
|rule|HP Percentage Mod: HP is shown in percentages
|rule|Endless Battle Clause: Forcing endless battles is banned
|rule|Species Clause: Limit one of each Pokémon
|rule|OHKO Clause: OHKO moves are banned
|rule|Evasion Items Clause: Evasion items are banned
|rule|Evasion Moves Clause: Evasion moves are banned
|rule|Evasion Abilities Clause: Evasion abilities are banned
|rule|Sleep Moves Clause: Sleep-inducing moves are banned
|clearpoke
|poke|p1|Iron Crown|
|poke|p1|Deoxys-Speed|
|poke|p1|Armarouge, M|
|poke|p1|Ogerpon, F|
|poke|p1|Samurott-Hisui, M|
|poke|p1|Iron Valiant|
|poke|p2|Maushold|
|poke|p2|Azumarill, F|
|poke|p2|Kingambit, F|
|poke|p2|Dragapult, M|
|poke|p2|Great Tusk|
|poke|p2|Eiscue, M|
|teampreview
|inactive|Battle timer is ON: inactive players will automatically lose when time's up. (requested by The Boy Saviour)
|
|t:|1779949055
|teamsize|p1|6
|teamsize|p2|6
|start
|switch|p1a: D.N.A|Deoxys-Speed|100/100
|switch|p2a: Dragapult|Dragapult, M|100/100
|-ability|p1a: D.N.A|Pressure
|turn|1
|
|t:|1779949059
|move|p1a: D.N.A|Psychic Terrain|p1a: D.N.A
|-fieldstart|move: Psychic Terrain
|move|p2a: Dragapult|Hex|p1a: D.N.A
|-supereffective|p1a: D.N.A
|-damage|p1a: D.N.A|13/100
|
|upkeep
|turn|2
|
|t:|1779949067
|move|p1a: D.N.A|Expanding Force|p2a: Dragapult
|-enditem|p2a: Dragapult|Focus Sash
|-damage|p2a: Dragapult|1/100
|move|p2a: Dragapult|Hex|p1a: D.N.A
|-supereffective|p1a: D.N.A
|-damage|p1a: D.N.A|0 fnt
|faint|p1a: D.N.A
|
|upkeep
|
|t:|1779949072
|switch|p1a: Blaz Rouge|Armarouge, M, shiny|100/100
|turn|3
|
|t:|1779949079
|move|p2a: Dragapult|Thunder Wave|p1a: Blaz Rouge
|-status|p1a: Blaz Rouge|par
|move|p1a: Blaz Rouge|Expanding Force|p2a: Dragapult
|-damage|p2a: Dragapult|0 fnt
|faint|p2a: Dragapult
|
|upkeep
|
|t:|1779949087
|switch|p2a: Tandemauss|Maushold, shiny|100/100
|turn|4
|
|t:|1779949094
|switch|p1a: Hyes|Samurott-Hisui, M, shiny|100/100
|move|p2a: Tandemauss|Population Bomb|p1a: Hyes
|-damage|p1a: Hyes|87/100
|-damage|p2a: Tandemauss|84/100|[from] item: Rocky Helmet|[of] p1a: Hyes
|-damage|p1a: Hyes|74/100
|-damage|p2a: Tandemauss|67/100|[from] item: Rocky Helmet|[of] p1a: Hyes
|-hitcount|p1a: Hyes|2
|
|upkeep
|turn|5
|
|t:|1779949108
|switch|p2a: Kingambit|Kingambit, F|100/100
|-activate|p2a: Kingambit|ability: Supreme Overlord
|-start|p2a: Kingambit|fallen1|[silent]
|switch|p1a: Valor and Glory|Iron Crown|100/100
|-enditem|p1a: Valor and Glory|Booster Energy
|-activate|p1a: Valor and Glory|ability: Quark Drive|[fromitem]
|-start|p1a: Valor and Glory|quarkdrivespa
|
|upkeep
|turn|6
|
|t:|1779949114
|move|p1a: Valor and Glory|Focus Blast|p2a: Kingambit
|-supereffective|p2a: Kingambit
|-damage|p2a: Kingambit|0 fnt
|faint|p2a: Kingambit
|-end|p2a: Kingambit|fallen1|[silent]
|
|upkeep
|
|t:|1779949121
|switch|p2a: Great Tusk|Great Tusk|100/100
|turn|7
|
|t:|1779949132
|-terastallize|p2a: Great Tusk|Fire
|move|p2a: Great Tusk|Headlong Rush|p1a: Valor and Glory
|-supereffective|p1a: Valor and Glory
|-damage|p1a: Valor and Glory|0 fnt
|-unboost|p2a: Great Tusk|def|1
|-unboost|p2a: Great Tusk|spd|1
|faint|p1a: Valor and Glory
|-end|p1a: Valor and Glory|Quark Drive|[silent]
|-enditem|p2a: Great Tusk|Eject Pack
|
|t:|1779949140
|-end|p2a: Great Tusk|Protosynthesis|[silent]
|switch|p2a: Tandemauss|Maushold, shiny|67/100
|
|upkeep
|
|t:|1779949147
|switch|p1a: Valiance|Iron Valiant, shiny|100/100
|-enditem|p1a: Valiance|Booster Energy
|-activate|p1a: Valiance|ability: Quark Drive|[fromitem]
|-start|p1a: Valiance|quarkdrivespe
|turn|8
|
|t:|1779949153
|move|p1a: Valiance|Expanding Force|p2a: Tandemauss
|-damage|p2a: Tandemauss|0 fnt
|faint|p2a: Tandemauss
|
|-fieldend|move: Psychic Terrain
|upkeep
|
|t:|1779949162
|switch|p2a: Azumarill|Azumarill, F, shiny|100/100
|turn|9
|
|t:|1779949172
|-end|p1a: Valiance|Quark Drive|[silent]
|switch|p1a: Ozzy Osbourne|Ogerpon, F|100/100
|move|p2a: Azumarill|Belly Drum|p2a: Azumarill
|-damage|p2a: Azumarill|50/100
|-setboost|p2a: Azumarill|atk|6|[from] move: Belly Drum
|-enditem|p2a: Azumarill|Sitrus Berry|[eat]
|-heal|p2a: Azumarill|75/100|[from] item: Sitrus Berry
|
|upkeep
|turn|10
|
|t:|1779949179
|-terastallize|p1a: Ozzy Osbourne|Grass
|detailschange|p1a: Ozzy Osbourne|Ogerpon-Teal-Tera, F, tera:Grass
|-ability|p1a: Ozzy Osbourne|Embody Aspect (Teal)|boost
|-boost|p1a: Ozzy Osbourne|spe|1
|move|p2a: Azumarill|Aqua Jet|p1a: Ozzy Osbourne
|-resisted|p1a: Ozzy Osbourne
|-damage|p1a: Ozzy Osbourne|33/100
|move|p1a: Ozzy Osbourne|Ivy Cudgel|p2a: Azumarill
|-supereffective|p2a: Azumarill
|-damage|p2a: Azumarill|0 fnt
|faint|p2a: Azumarill
|
|upkeep
|
|t:|1779949184
|switch|p2a: Eiscue|Eiscue, M, shiny|100/100
|turn|11
|
|t:|1779949190
|switch|p1a: Hyes|Samurott-Hisui, M, shiny|74/100
|move|p2a: Eiscue|Belly Drum|p2a: Eiscue
|-damage|p2a: Eiscue|51/100
|-setboost|p2a: Eiscue|atk|6|[from] move: Belly Drum
|
|upkeep
|turn|12
|
|t:|1779949193
|move|p1a: Hyes|Ceaseless Edge|p2a: Eiscue
|-activate|p2a: Eiscue|ability: Ice Face
|-damage|p2a: Eiscue|51/100
|-sidestart|p2: delacroixxx|Spikes
|detailschange|p2a: Eiscue|Eiscue-Noice, M, shiny
|move|p2a: Eiscue|Ice Spinner|p1a: Hyes
|-resisted|p1a: Hyes
|-damage|p1a: Hyes|0 fnt
|-damage|p2a: Eiscue|34/100|[from] item: Rocky Helmet|[of] p1a: Hyes
|-enditem|p2a: Eiscue|Sitrus Berry|[eat]
|-heal|p2a: Eiscue|59/100|[from] item: Sitrus Berry
|faint|p1a: Hyes
|
|upkeep
|
|t:|1779949197
|switch|p1a: Ozzy Osbourne|Ogerpon-Teal-Tera, F, tera:Grass|33/100
|-ability|p1a: Ozzy Osbourne|Embody Aspect (Teal)|boost
|-boost|p1a: Ozzy Osbourne|spe|1
|turn|13
|
|t:|1779949203
|move|p1a: Ozzy Osbourne|Ivy Cudgel|p2a: Eiscue
|-damage|p2a: Eiscue|0 fnt
|faint|p2a: Eiscue
|
|upkeep
|
|t:|1779949207
|switch|p2a: Great Tusk|Great Tusk, tera:Fire|100/100
|-damage|p2a: Great Tusk|88/100|[from] Spikes
|turn|14
|
|t:|1779949212
|switch|p1a: Blaz Rouge|Armarouge, M, shiny|100/100 par
|move|p2a: Great Tusk|Rapid Spin|p1a: Blaz Rouge
|-crit|p1a: Blaz Rouge
|-damage|p1a: Blaz Rouge|72/100 par
|-boost|p2a: Great Tusk|spe|1
|-ability|p1a: Blaz Rouge|Weak Armor|boost
|-unboost|p1a: Blaz Rouge|def|1
|-boost|p1a: Blaz Rouge|spe|2
|-sideend|p2: delacroixxx|Spikes|[from] move: Rapid Spin|[of] p2a: Great Tusk
|
|upkeep
|turn|15
|
|t:|1779949218
|move|p1a: Blaz Rouge|Endure|p1a: Blaz Rouge
|-singleturn|p1a: Blaz Rouge|move: Endure
|move|p2a: Great Tusk|Headlong Rush|p1a: Blaz Rouge
|-supereffective|p1a: Blaz Rouge
|-activate|p1a: Blaz Rouge|move: Endure
|-damage|p1a: Blaz Rouge|1/100 par
|-unboost|p2a: Great Tusk|def|1
|-unboost|p2a: Great Tusk|spd|1
|-ability|p1a: Blaz Rouge|Weak Armor|boost
|-unboost|p1a: Blaz Rouge|def|1
|-boost|p1a: Blaz Rouge|spe|2
|-enditem|p1a: Blaz Rouge|Weakness Policy
|-boost|p1a: Blaz Rouge|atk|2|[from] item: Weakness Policy
|-boost|p1a: Blaz Rouge|spa|2|[from] item: Weakness Policy
|
|upkeep
|turn|16
|
|t:|1779949222
|move|p2a: Great Tusk|Headlong Rush|p1a: Blaz Rouge
|-supereffective|p1a: Blaz Rouge
|-damage|p1a: Blaz Rouge|0 fnt
|-unboost|p2a: Great Tusk|def|1
|-unboost|p2a: Great Tusk|spd|1
|faint|p1a: Blaz Rouge
|
|upkeep
|
|t:|1779949228
|switch|p1a: Valiance|Iron Valiant, shiny|100/100
|turn|17
|
|t:|1779949235
|move|p2a: Great Tusk|Headlong Rush|p1a: Valiance
|-damage|p1a: Valiance|26/100
|-unboost|p2a: Great Tusk|def|1
|-unboost|p2a: Great Tusk|spd|1
|move|p1a: Valiance|Shadow Ball|p2a: Great Tusk
|-damage|p2a: Great Tusk|0 fnt
|faint|p2a: Great Tusk
|-end|p2a: Great Tusk|Protosynthesis|[silent]
|
|win|The Boy Saviour
|raw|The Boy Saviour's rating: 1345 &rarr; <strong>1369</strong><br />(+24 for winning)
|raw|delacroixxx's rating: 1409 &rarr; <strong>1385</strong><br />(-24 for losing)
|l|☆delacroixxx
|player|p2|
|l|☆The Boy Saviour
|player|p1|
