|j|☆hongyi233
|j|☆Ares_1997
|t:|1779961551
|gametype|singles
|player|p1|hongyi233|dawn|1635
|player|p2|Ares_1997|101|1561
|gen|9
|tier|[Gen 9] OU
|rated|
|rule|HP Percentage Mod: HP is shown in percentages
|rule|Endless Battle Clause: Forcing endless battles is banned
|rule|Species Clause: Limit one of each Pokémon
|rule|OHKO Clause: OHKO moves are banned
|rule|Evasion Items Clause: Evasion items are banned
|rule|Evasion Moves Clause: Evasion moves are banned
|rule|Evasion Abilities Clause: Evasion abilities are banned
|rule|Sleep Moves Clause: Sleep-inducing moves are banned
|clearpoke
|poke|p1|Primarina, F|
|poke|p1|Ogerpon-Wellspring, F|
|poke|p1|Pelipper, M|
|poke|p1|Dondozo, F|
|poke|p1|Azumarill, M|
|poke|p1|Samurott-Hisui, F|
|poke|p2|Iron Crown|
|poke|p2|Enamorus, F|
|poke|p2|Great Tusk|
|poke|p2|Probopass, M|
|poke|p2|Deoxys-Speed|
|poke|p2|Dragapult, F|
|teampreview
|
|t:|1779961557
|teamsize|p1|6
|teamsize|p2|6
|start
|switch|p1a: Samurott|Samurott-Hisui, F|100/100
|switch|p2a: Deoxys|Deoxys-Speed|100/100
|-ability|p2a: Deoxys|Pressure
|turn|1
|inactive|Battle timer is ON: inactive players will automatically lose when time's up. (requested by hongyi233)
|
|t:|1779961560
|move|p2a: Deoxys|Superpower|p1a: Samurott
|-supereffective|p1a: Samurott
|-damage|p1a: Samurott|23/100
|-unboost|p2a: Deoxys|atk|1
|-unboost|p2a: Deoxys|def|1
|-enditem|p2a: Deoxys|Eject Pack
|
|t:|1779961564
|switch|p2a: Probopass|Probopass, M|100/100
|move|p1a: Samurott|Ceaseless Edge|p2a: Probopass
|-damage|p2a: Probopass|73/100
|-damage|p1a: Samurott|7/100|[from] item: Rocky Helmet|[of] p2a: Probopass
|-sidestart|p2: Ares_1997|Spikes
|
|upkeep
|turn|2
|
|t:|1779961567
|move|p1a: Samurott|Aqua Cutter|p2a: Probopass
|-supereffective|p2a: Probopass
|-damage|p2a: Probopass|6/100
|move|p2a: Probopass|Stealth Rock|p1a: Samurott
|-sidestart|p1: hongyi233|move: Stealth Rock
|
|upkeep
|turn|3
|
|t:|1779961572
|move|p1a: Samurott|Aqua Cutter|p2a: Probopass
|-supereffective|p2a: Probopass
|-damage|p2a: Probopass|0 fnt
|faint|p2a: Probopass
|
|upkeep
|
|t:|1779961575
|switch|p2a: Enamorus|Enamorus, F|100/100
|turn|4
|
|t:|1779961577
|move|p1a: Samurott|Aqua Jet|p2a: Enamorus
|-damage|p2a: Enamorus|71/100
|move|p2a: Enamorus|Moonblast|p1a: Samurott
|-supereffective|p1a: Samurott
|-damage|p1a: Samurott|0 fnt
|faint|p1a: Samurott
|
|upkeep
|
|t:|1779961580
|switch|p1a: Primarina|Primarina, F|100/100
|-damage|p1a: Primarina|88/100|[from] Stealth Rock
|turn|5
|
|t:|1779961582
|move|p2a: Enamorus|Moonblast|p1a: Primarina
|-damage|p1a: Primarina|24/100
|-unboost|p1a: Primarina|spa|1
|move|p1a: Primarina|Moonblast|p2a: Enamorus
|-damage|p2a: Enamorus|23/100
|
|-heal|p1a: Primarina|30/100|[from] item: Leftovers
|upkeep
|turn|6
|
|t:|1779961589
|move|p2a: Enamorus|Moonblast|p1a: Primarina
|-damage|p1a: Primarina|0 fnt
|faint|p1a: Primarina
|
|upkeep
|
|t:|1779961596
|switch|p1a: Pelipper|Pelipper, M|100/100
|-damage|p1a: Pelipper|76/100|[from] Stealth Rock
|-weather|RainDance|[from] ability: Drizzle|[of] p1a: Pelipper
|turn|7
|
|t:|1779961598
|move|p1a: Pelipper|Weather Ball|p2a: Enamorus
|-damage|p2a: Enamorus|0 fnt
|faint|p2a: Enamorus
|
|-weather|RainDance|[upkeep]
|upkeep
|
|t:|1779961603
|switch|p2a: Dragapult|Dragapult, F|100/100
|-damage|p2a: Dragapult|88/100|[from] Spikes
|turn|8
|
|t:|1779961615
|switch|p2a: Deoxys|Deoxys-Speed|100/100
|-damage|p2a: Deoxys|88/100|[from] Spikes
|-ability|p2a: Deoxys|Pressure
|move|p1a: Pelipper|Weather Ball|p2a: Deoxys
|-damage|p2a: Deoxys|0 fnt
|faint|p2a: Deoxys
|
|-weather|RainDance|[upkeep]
|upkeep
|
|t:|1779961618
|switch|p2a: Dragapult|Dragapult, F|88/100
|-damage|p2a: Dragapult|76/100|[from] Spikes
|turn|9
|
|t:|1779961621
|move|p2a: Dragapult|Dragon Dance|p2a: Dragapult
|-boost|p2a: Dragapult|atk|1
|-boost|p2a: Dragapult|spe|1
|move|p1a: Pelipper|Weather Ball|p2a: Dragapult
|-resisted|p2a: Dragapult
|-damage|p2a: Dragapult|34/100
|
|-weather|RainDance|[upkeep]
|-heal|p2a: Dragapult|40/100|[from] item: Leftovers
|upkeep
|turn|10
|
|t:|1779961625
|switch|p1a: Dondozo|Dondozo, F|100/100
|-damage|p1a: Dondozo|88/100|[from] Stealth Rock
|move|p2a: Dragapult|Dragon Darts|p1a: Dondozo
|-damage|p1a: Dondozo|77/100
|-anim|p2a: Dragapult|Dragon Darts|p1a: Dondozo
|-damage|p1a: Dondozo|65/100
|
|-weather|RainDance|[upkeep]
|-heal|p2a: Dragapult|46/100|[from] item: Leftovers
|-heal|p1a: Dondozo|71/100|[from] item: Leftovers
|upkeep
|turn|11
|
|t:|1779961645
|move|p2a: Dragapult|Dragon Darts|p1a: Dondozo
|-crit|p1a: Dondozo
|-damage|p1a: Dondozo|52/100
|-anim|p2a: Dragapult|Dragon Darts|p1a: Dondozo
|-damage|p1a: Dondozo|39/100
|move|p1a: Dondozo|Avalanche|p2a: Dragapult
|-supereffective|p2a: Dragapult
|-damage|p2a: Dragapult|0 fnt
|faint|p2a: Dragapult
|
|-weather|none
|-heal|p1a: Dondozo|45/100|[from] item: Leftovers
|upkeep
|
|t:|1779961647
|switch|p2a: Iron Crown|Iron Crown|100/100
|-damage|p2a: Iron Crown|88/100|[from] Spikes
|-enditem|p2a: Iron Crown|Booster Energy
|-activate|p2a: Iron Crown|ability: Quark Drive|[fromitem]
|-start|p2a: Iron Crown|quarkdrivespe
|turn|12
|
|t:|1779961652
|switch|p1a: Ogerpon|Ogerpon-Wellspring, F|100/100
|-damage|p1a: Ogerpon|88/100|[from] Stealth Rock
|move|p2a: Iron Crown|Calm Mind|p2a: Iron Crown
|-boost|p2a: Iron Crown|spa|1
|-boost|p2a: Iron Crown|spd|1
|
|upkeep
|turn|13
|
|t:|1779961661
|-terastallize|p2a: Iron Crown|Fighting
|-terastallize|p1a: Ogerpon|Water
|detailschange|p1a: Ogerpon|Ogerpon-Wellspring-Tera, F, tera:Water
|-ability|p1a: Ogerpon|Embody Aspect (Wellspring)|boost
|-boost|p1a: Ogerpon|spd|1
|move|p2a: Iron Crown|Focus Blast|p1a: Ogerpon
|-damage|p1a: Ogerpon|24/100
|move|p1a: Ogerpon|Ivy Cudgel|p2a: Iron Crown|[anim] Ivy Cudgel Water
|-damage|p2a: Iron Crown|0 fnt
|faint|p2a: Iron Crown
|-end|p2a: Iron Crown|Quark Drive|[silent]
|
|upkeep
|-message|Ares_1997 forfeited.
|
|win|hongyi233
|raw|hongyi233's rating: 1635 &rarr; <strong>1651</strong><br />(+16 for winning)
|raw|Ares_1997's rating: 1561 &rarr; <strong>1545</strong><br />(-16 for losing)
|l|☆Ares_1997
|player|p2|
|l|☆hongyi233
|player|p1|
