|j|☆justicerestore
|j|☆dylanhmp
|t:|1779968196
|gametype|singles
|player|p1|justicerestore|caitlin|1510
|player|p2|dylanhmp|101|1463
|gen|9
|tier|[Gen 9] OU
|rated|
|rule|HP Percentage Mod: HP is shown in percentages
|rule|Endless Battle Clause: Forcing endless battles is banned
|rule|Species Clause: Limit one of each Pokémon
|rule|OHKO Clause: OHKO moves are banned
|rule|Evasion Items Clause: Evasion items are banned
|rule|Evasion Moves Clause: Evasion moves are banned
|rule|Evasion Abilities Clause: Evasion abilities are banned
|rule|Sleep Moves Clause: Sleep-inducing moves are banned
|clearpoke
|poke|p1|Kommo-o, M|
|poke|p1|Zamazenta-*|
|poke|p1|Gliscor, F|
|poke|p1|Cinderace, F|
|poke|p1|Deoxys-Speed|
|poke|p1|Meowscarada, F|
|poke|p2|Zamazenta-*|
|poke|p2|Ninetales-Alola, M|
|poke|p2|Darkrai|
|poke|p2|Ceruledge, M|
|poke|p2|Gliscor, M|
|poke|p2|Hatterene, F|
|teampreview
|inactive|Battle timer is ON: inactive players will automatically lose when time's up. (requested by dylanhmp)
|
|t:|1779968208
|teamsize|p1|6
|teamsize|p2|6
|start
|switch|p1a: Deoxys|Deoxys-Speed|100/100
|switch|p2a: Ninetales|Ninetales-Alola, M|100/100
|-ability|p1a: Deoxys|Pressure
|-weather|Snowscape|[from] ability: Snow Warning|[of] p2a: Ninetales
|turn|1
|
|t:|1779968212
|switch|p2a: Hatterene|Hatterene, F|100/100
|move|p1a: Deoxys|Taunt|p2a: Hatterene
|move|p2a: Hatterene|Taunt|p1a: Deoxys|[from] ability: Magic Bounce
|-start|p1a: Deoxys|move: Taunt
|
|-weather|Snowscape|[upkeep]
|upkeep
|turn|2
|
|t:|1779968217
|switch|p1a: Cinderace|Cinderace, F|100/100
|move|p2a: Hatterene|Calm Mind|p2a: Hatterene
|-boost|p2a: Hatterene|spa|1
|-boost|p2a: Hatterene|spd|1
|
|-weather|Snowscape|[upkeep]
|upkeep
|turn|3
|
|t:|1779968221
|move|p1a: Cinderace|Gunk Shot|p2a: Hatterene
|-supereffective|p2a: Hatterene
|-damage|p2a: Hatterene|37/100
|move|p2a: Hatterene|Psyshock|p1a: Cinderace
|-damage|p1a: Cinderace|30/100
|
|-weather|Snowscape|[upkeep]
|-heal|p2a: Hatterene|43/100|[from] item: Leftovers
|upkeep
|turn|4
|
|t:|1779968234
|switch|p2a: Zamazenta|Zamazenta|100/100
|-ability|p2a: Zamazenta|Dauntless Shield|boost
|-boost|p2a: Zamazenta|def|1
|move|p1a: Cinderace|Pyro Ball|p2a: Zamazenta
|-damage|p2a: Zamazenta|49/100
|
|-weather|Snowscape|[upkeep]
|upkeep
|turn|5
|
|t:|1779968244
|switch|p1a: Deoxys|Deoxys-Speed|100/100
|-ability|p1a: Deoxys|Pressure
|move|p2a: Zamazenta|Body Press|p1a: Deoxys
|-resisted|p1a: Deoxys
|-damage|p1a: Deoxys|77/100
|
|-weather|none
|upkeep
|turn|6
|
|t:|1779968254
|switch|p2a: Hatterene|Hatterene, F|43/100
|move|p1a: Deoxys|Cosmic Power|p1a: Deoxys
|-boost|p1a: Deoxys|def|1
|-boost|p1a: Deoxys|spd|1
|
|-heal|p2a: Hatterene|49/100|[from] item: Leftovers
|upkeep
|turn|7
|
|t:|1779968257
|move|p1a: Deoxys|Cosmic Power|p1a: Deoxys
|-boost|p1a: Deoxys|def|1
|-boost|p1a: Deoxys|spd|1
|move|p2a: Hatterene|Mystical Fire|p1a: Deoxys
|-damage|p1a: Deoxys|64/100
|-unboost|p1a: Deoxys|spa|1
|
|-heal|p2a: Hatterene|55/100|[from] item: Leftovers
|upkeep
|turn|8
|
|t:|1779968263
|move|p1a: Deoxys|Cosmic Power|p1a: Deoxys
|-boost|p1a: Deoxys|def|1
|-boost|p1a: Deoxys|spd|1
|move|p2a: Hatterene|Calm Mind|p2a: Hatterene
|-boost|p2a: Hatterene|spa|1
|-boost|p2a: Hatterene|spd|1
|
|-heal|p2a: Hatterene|61/100|[from] item: Leftovers
|upkeep
|turn|9
|
|t:|1779968266
|move|p1a: Deoxys|Cosmic Power|p1a: Deoxys
|-boost|p1a: Deoxys|def|1
|-boost|p1a: Deoxys|spd|1
|move|p2a: Hatterene|Calm Mind|p2a: Hatterene
|-boost|p2a: Hatterene|spa|1
|-boost|p2a: Hatterene|spd|1
|
|-heal|p2a: Hatterene|67/100|[from] item: Leftovers
|upkeep
|turn|10
|
|t:|1779968271
|move|p1a: Deoxys|Cosmic Power|p1a: Deoxys
|-boost|p1a: Deoxys|def|1
|-boost|p1a: Deoxys|spd|1
|move|p2a: Hatterene|Mystical Fire|p1a: Deoxys
|-damage|p1a: Deoxys|49/100
|-unboost|p1a: Deoxys|spa|1
|
|-heal|p2a: Hatterene|73/100|[from] item: Leftovers
|upkeep
|turn|11
|
|t:|1779968279
|move|p1a: Deoxys|Stored Power|p2a: Hatterene
|-resisted|p2a: Hatterene
|-damage|p2a: Hatterene|63/100
|move|p2a: Hatterene|Psyshock|p1a: Deoxys
|-resisted|p1a: Deoxys
|-damage|p1a: Deoxys|41/100
|
|-heal|p2a: Hatterene|69/100|[from] item: Leftovers
|upkeep
|turn|12
|
|t:|1779968283
|switch|p1a: Meowscarada|Meowscarada, F|100/100
|move|p2a: Hatterene|Calm Mind|p2a: Hatterene
|-boost|p2a: Hatterene|spa|1
|-boost|p2a: Hatterene|spd|1
|
|-heal|p2a: Hatterene|75/100|[from] item: Leftovers
|upkeep
|turn|13
|j| Agent xdj
|
|t:|1779968293
|move|p1a: Meowscarada|Knock Off|p2a: Hatterene
|-start|p1a: Meowscarada|typechange|Dark|[from] ability: Protean
|-damage|p2a: Hatterene|38/100
|-enditem|p2a: Hatterene|Leftovers|[from] move: Knock Off|[of] p1a: Meowscarada
|move|p2a: Hatterene|Draining Kiss|p1a: Meowscarada
|-supereffective|p1a: Meowscarada
|-damage|p1a: Meowscarada|0 fnt
|-heal|p2a: Hatterene|100/100|[from] drain|[of] p1a: Meowscarada
|faint|p1a: Meowscarada
|
|upkeep
|
|t:|1779968308
|switch|p1a: Cinderace|Cinderace, F|30/100
|turn|14
|
|t:|1779968314
|move|p1a: Cinderace|Pyro Ball|p2a: Hatterene
|-damage|p2a: Hatterene|19/100
|move|p2a: Hatterene|Psyshock|p1a: Cinderace
|-damage|p1a: Cinderace|0 fnt
|faint|p1a: Cinderace
|
|upkeep
|
|t:|1779968326
|switch|p1a: Gliscor|Gliscor, F|100/100
|turn|15
|
|t:|1779968328
|move|p1a: Gliscor|Earthquake|p2a: Hatterene
|-damage|p2a: Hatterene|0 fnt
|faint|p2a: Hatterene
|
|-status|p1a: Gliscor|tox|[from] item: Toxic Orb
|upkeep
|
|t:|1779968331
|switch|p2a: Ninetales|Ninetales-Alola, M|100/100
|-weather|Snowscape|[from] ability: Snow Warning|[of] p2a: Ninetales
|turn|16
|
|t:|1779968336
|switch|p1a: Zamazenta|Zamazenta|100/100
|-ability|p1a: Zamazenta|Dauntless Shield|boost
|-boost|p1a: Zamazenta|def|1
|move|p2a: Ninetales|Aurora Veil|p2a: Ninetales
|-sidestart|p2: dylanhmp|move: Aurora Veil
|
|-weather|Snowscape|[upkeep]
|upkeep
|turn|17
|
|t:|1779968341
|switch|p2a: Ceruledge|Ceruledge, M|100/100
|move|p1a: Zamazenta|Light Screen|p1a: Zamazenta
|-sidestart|p1: justicerestore|move: Light Screen
|
|-weather|Snowscape|[upkeep]
|upkeep
|turn|18
|
|t:|1779968344
|move|p1a: Zamazenta|Reflect|p1a: Zamazenta
|-sidestart|p1: justicerestore|Reflect
|move|p2a: Ceruledge|Bulk Up|p2a: Ceruledge
|-boost|p2a: Ceruledge|atk|1
|-boost|p2a: Ceruledge|def|1
|
|-weather|Snowscape|[upkeep]
|upkeep
|turn|19
|
|t:|1779968359
|switch|p1a: Gliscor|Gliscor, F|100/100 tox
|move|p2a: Ceruledge|Bulk Up|p2a: Ceruledge
|-boost|p2a: Ceruledge|atk|1
|-boost|p2a: Ceruledge|def|1
|
|-weather|Snowscape|[upkeep]
|upkeep
|turn|20
|
|t:|1779968365
|-terastallize|p2a: Ceruledge|Bug
|move|p1a: Gliscor|Swords Dance|p1a: Gliscor
|-boost|p1a: Gliscor|atk|2
|move|p2a: Ceruledge|Taunt|p1a: Gliscor
|-start|p1a: Gliscor|move: Taunt
|
|-weather|none
|upkeep
|turn|21
|
|t:|1779968375
|-terastallize|p1a: Gliscor|Normal
|move|p1a: Gliscor|Facade|p2a: Ceruledge
|-damage|p2a: Ceruledge|65/100
|move|p2a: Ceruledge|Bulk Up|p2a: Ceruledge
|-boost|p2a: Ceruledge|atk|1
|-boost|p2a: Ceruledge|def|1
|
|upkeep
|turn|22
|
|t:|1779968382
|move|p1a: Gliscor|Facade|p2a: Ceruledge
|-crit|p2a: Ceruledge
|-damage|p2a: Ceruledge|0 fnt
|faint|p2a: Ceruledge
|
|upkeep
|
|t:|1779968386
|switch|p2a: Ninetales|Ninetales-Alola, M|100/100
|-weather|Snowscape|[from] ability: Snow Warning|[of] p2a: Ninetales
|turn|23
|
|t:|1779968393
|move|p1a: Gliscor|Facade|p2a: Ninetales
|-damage|p2a: Ninetales|46/100
|move|p2a: Ninetales|Roar|p1a: Gliscor
|drag|p1a: Deoxys|Deoxys-Speed|41/100
|-ability|p1a: Deoxys|Pressure
|
|-weather|Snowscape|[upkeep]
|-sideend|p2: dylanhmp|move: Aurora Veil
|upkeep
|turn|24
|
|t:|1779968404
|move|p1a: Deoxys|Taunt|p2a: Ninetales
|-start|p2a: Ninetales|move: Taunt
|cant|p2a: Ninetales|move: Taunt|Aurora Veil
|
|-weather|Snowscape|[upkeep]
|-sideend|p1: justicerestore|move: Light Screen
|upkeep
|turn|25
|
|t:|1779968412
|switch|p2a: Gliscor|Gliscor, M|100/100
|move|p1a: Deoxys|Recover|p1a: Deoxys
|-heal|p1a: Deoxys|91/100
|
|-weather|Snowscape|[upkeep]
|-sideend|p1: justicerestore|Reflect
|-status|p2a: Gliscor|tox|[from] item: Toxic Orb
|upkeep
|turn|26
|
|t:|1779968418
|move|p1a: Deoxys|Taunt|p2a: Gliscor
|-start|p2a: Gliscor|move: Taunt
|cant|p2a: Gliscor|move: Taunt|Swords Dance
|
|-weather|Snowscape|[upkeep]
|upkeep
|turn|27
|
|t:|1779968422
|switch|p1a: Zamazenta|Zamazenta|100/100
|move|p2a: Gliscor|Earthquake|p1a: Zamazenta
|-crit|p1a: Zamazenta
|-damage|p1a: Zamazenta|64/100
|
|-weather|none
|upkeep
|turn|28
|
|t:|1779968437
|switch|p2a: Ninetales|Ninetales-Alola, M|46/100
|-weather|Snowscape|[from] ability: Snow Warning|[of] p2a: Ninetales
|move|p1a: Zamazenta|Reflect|p1a: Zamazenta
|-sidestart|p1: justicerestore|Reflect
|
|-weather|Snowscape|[upkeep]
|upkeep
|turn|29
|
|t:|1779968442
|move|p1a: Zamazenta|Close Combat|p2a: Ninetales
|-crit|p2a: Ninetales
|-damage|p2a: Ninetales|0 fnt
|-unboost|p1a: Zamazenta|def|1
|-unboost|p1a: Zamazenta|spd|1
|faint|p2a: Ninetales
|
|-weather|Snowscape|[upkeep]
|upkeep
|
|t:|1779968448
|switch|p2a: Gliscor|Gliscor, M|100/100 tox
|turn|30
|
|t:|1779968454
|move|p1a: Zamazenta|Ice Fang|p2a: Gliscor
|-supereffective|p2a: Gliscor
|-damage|p2a: Gliscor|49/100 tox
|move|p2a: Gliscor|Agility|p2a: Gliscor
|-boost|p2a: Gliscor|spe|2
|
|-weather|Snowscape|[upkeep]
|-heal|p2a: Gliscor|62/100 tox|[from] ability: Poison Heal
|upkeep
|turn|31
|
|t:|1779968461
|move|p2a: Gliscor|Earthquake|p1a: Zamazenta
|-damage|p1a: Zamazenta|45/100
|move|p1a: Zamazenta|Ice Fang|p2a: Gliscor
|-supereffective|p2a: Gliscor
|-damage|p2a: Gliscor|6/100 tox
|
|-weather|Snowscape|[upkeep]
|-heal|p2a: Gliscor|19/100 tox|[from] ability: Poison Heal
|upkeep
|turn|32
|
|t:|1779968469
|move|p2a: Gliscor|Earthquake|p1a: Zamazenta
|-damage|p1a: Zamazenta|25/100
|move|p1a: Zamazenta|Ice Fang|p2a: Gliscor
|-supereffective|p2a: Gliscor
|-damage|p2a: Gliscor|0 fnt
|faint|p2a: Gliscor
|
|-weather|none
|upkeep
|
|t:|1779968475
|switch|p2a: Zamazenta|Zamazenta|49/100
|turn|33
|
|t:|1779968481
|switch|p1a: Deoxys|Deoxys-Speed|91/100
|-ability|p1a: Deoxys|Pressure
|move|p2a: Zamazenta|Iron Defense|p2a: Zamazenta
|-boost|p2a: Zamazenta|def|2
|
|upkeep
|turn|34
|
|t:|1779968485
|move|p2a: Zamazenta|Crunch|p1a: Deoxys
|-supereffective|p1a: Deoxys
|-damage|p1a: Deoxys|70/100
|-enditem|p1a: Deoxys|Weakness Policy
|-boost|p1a: Deoxys|atk|2|[from] item: Weakness Policy
|-boost|p1a: Deoxys|spa|2|[from] item: Weakness Policy
|move|p1a: Deoxys|Taunt|p2a: Zamazenta
|-start|p2a: Zamazenta|move: Taunt
|
|upkeep
|turn|35
|
|t:|1779968494
|move|p2a: Zamazenta|Body Press|p1a: Deoxys
|-resisted|p1a: Deoxys
|-damage|p1a: Deoxys|55/100
|move|p1a: Deoxys|Stored Power|p2a: Zamazenta
|-supereffective|p2a: Zamazenta
|-damage|p2a: Zamazenta|0 fnt
|faint|p2a: Zamazenta
|
|-sideend|p1: justicerestore|Reflect
|upkeep
|
|t:|1779968495
|switch|p2a: Darkrai|Darkrai|100/100
|turn|36
|
|t:|1779968504
|switch|p1a: Kommo-o|Kommo-o, M|100/100
|move|p2a: Darkrai|Nasty Plot|p2a: Darkrai
|-boost|p2a: Darkrai|spa|2
|
|upkeep
|turn|37
|
|t:|1779968514
|move|p2a: Darkrai|Psyshock|p1a: Kommo-o
|-supereffective|p1a: Kommo-o
|-damage|p1a: Kommo-o|0 fnt
|faint|p1a: Kommo-o
|
|upkeep
|
|t:|1779968521
|switch|p1a: Zamazenta|Zamazenta|25/100
|turn|38
|
|t:|1779968525
|move|p1a: Zamazenta|Close Combat|p2a: Darkrai
|-supereffective|p2a: Darkrai
|-damage|p2a: Darkrai|0 fnt
|-unboost|p1a: Zamazenta|def|1
|-unboost|p1a: Zamazenta|spd|1
|faint|p2a: Darkrai
|
|win|justicerestore
|raw|justicerestore's rating: 1510 &rarr; <strong>1527</strong><br />(+17 for winning)
|raw|dylanhmp's rating: 1463 &rarr; <strong>1446</strong><br />(-17 for losing)
