|j|☆ghostoftheranch
|j|☆firewall1234
|t:|1779808385
|gametype|singles
|player|p1|ghostoftheranch|medium|1619
|player|p2|firewall1234|hugh|1690
|gen|9
|tier|[Gen 9] OU
|rated|
|rule|HP Percentage Mod: HP is shown in percentages
|rule|Endless Battle Clause: Forcing endless battles is banned
|rule|Species Clause: Limit one of each Pokémon
|rule|OHKO Clause: OHKO moves are banned
|rule|Evasion Items Clause: Evasion items are banned
|rule|Evasion Moves Clause: Evasion moves are banned
|rule|Evasion Abilities Clause: Evasion abilities are banned
|rule|Sleep Moves Clause: Sleep-inducing moves are banned
|clearpoke
|poke|p1|Torkoal, F|
|poke|p1|Fezandipiti, M|
|poke|p1|Great Tusk|
|poke|p1|Cinderace, M|
|poke|p1|Mandibuzz, F|
|poke|p1|Volcanion|
|poke|p2|Hatterene, F|
|poke|p2|Great Tusk|
|poke|p2|Tornadus-Therian, M|
|poke|p2|Kyurem|
|poke|p2|Slowking-Galar, M|
|poke|p2|Kingambit, F|
|teampreview
|inactive|Battle timer is ON: inactive players will automatically lose when time's up. (requested by firewall1234)
|
|t:|1779808401
|teamsize|p1|6
|teamsize|p2|6
|start
|switch|p1a: Torkoal|Torkoal, F|100/100
|switch|p2a: Great Tusk|Great Tusk|100/100
|-weather|SunnyDay|[from] ability: Drought|[of] p1a: Torkoal
|-activate|p2a: Great Tusk|ability: Protosynthesis
|-start|p2a: Great Tusk|protosynthesisatk
|turn|1
|
|t:|1779808408
|switch|p1a: Mandibuzz|Mandibuzz, F|100/100
|move|p2a: Great Tusk|Stealth Rock|p1a: Mandibuzz
|-sidestart|p1: ghostoftheranch|move: Stealth Rock
|
|-weather|SunnyDay|[upkeep]
|upkeep
|turn|2
|
|t:|1779808416
|move|p2a: Great Tusk|Ice Spinner|p1a: Mandibuzz
|-supereffective|p1a: Mandibuzz
|-damage|p1a: Mandibuzz|58/100
|-damage|p2a: Great Tusk|84/100|[from] item: Rocky Helmet|[of] p1a: Mandibuzz
|move|p1a: Mandibuzz|Foul Play|p2a: Great Tusk
|-resisted|p2a: Great Tusk
|-damage|p2a: Great Tusk|67/100
|-damage|p1a: Mandibuzz|41/100|[from] item: Rocky Helmet|[of] p2a: Great Tusk
|
|-weather|SunnyDay|[upkeep]
|upkeep
|turn|3
|
|t:|1779808441
|switch|p1a: Cinderace|Cinderace, M|100/100
|-damage|p1a: Cinderace|76/100|[from] Stealth Rock
|move|p2a: Great Tusk|Ice Spinner|p1a: Cinderace
|-resisted|p1a: Cinderace
|-damage|p1a: Cinderace|50/100
|
|-weather|SunnyDay|[upkeep]
|upkeep
|turn|4
|
|t:|1779808451
|move|p1a: Cinderace|Pyro Ball|p2a: Great Tusk
|-damage|p2a: Great Tusk|0 fnt
|faint|p2a: Great Tusk
|-end|p2a: Great Tusk|Protosynthesis|[silent]
|
|-weather|SunnyDay|[upkeep]
|upkeep
|
|t:|1779808467
|switch|p2a: Tornadus|Tornadus-Therian, M|100/100
|turn|5
|
|t:|1779808479
|move|p2a: Tornadus|Bleakwind Storm|p1a: Cinderace
|-damage|p1a: Cinderace|1/100
|-unboost|p1a: Cinderace|spe|1
|move|p1a: Cinderace|Pyro Ball|p2a: Tornadus
|-damage|p2a: Tornadus|0 fnt
|faint|p2a: Tornadus
|
|-weather|SunnyDay|[upkeep]
|upkeep
|
|t:|1779808485
|switch|p2a: Kyurem|Kyurem|100/100
|-ability|p2a: Kyurem|Pressure
|turn|6
|
|t:|1779808501
|move|p2a: Kyurem|Freeze-Dry|p1a: Cinderace
|-resisted|p1a: Cinderace
|-damage|p1a: Cinderace|0 fnt
|faint|p1a: Cinderace
|
|-weather|SunnyDay|[upkeep]
|upkeep
|
|t:|1779808515
|switch|p1a: Fezandipiti|Fezandipiti, M|100/100
|-damage|p1a: Fezandipiti|88/100|[from] Stealth Rock
|turn|7
|
|t:|1779808523
|switch|p2a: Slowking|Slowking-Galar, M|100/100
|move|p1a: Fezandipiti|Moonblast|p2a: Slowking
|-resisted|p2a: Slowking
|-damage|p2a: Slowking|85/100
|
|-weather|SunnyDay|[upkeep]
|-heal|p1a: Fezandipiti|94/100|[from] item: Leftovers
|-heal|p2a: Slowking|91/100|[from] item: Black Sludge
|upkeep
|turn|8
|
|t:|1779808543
|switch|p1a: Great Tusk|Great Tusk|100/100
|-damage|p1a: Great Tusk|98/100|[from] Stealth Rock
|-activate|p1a: Great Tusk|ability: Protosynthesis
|-start|p1a: Great Tusk|protosynthesisatk
|-prepare|p2a: Slowking|Chilly Reception|[premajor]
|move|p2a: Slowking|Chilly Reception|p2a: Slowking
|-weather|Snowscape
|-end|p1a: Great Tusk|Protosynthesis
|
|t:|1779808547
|switch|p2a: Kyurem|Kyurem|100/100|[from] Chilly Reception
|-ability|p2a: Kyurem|Pressure
|
|-weather|Snowscape|[upkeep]
|upkeep
|turn|9
|
|t:|1779808553
|move|p1a: Great Tusk|Close Combat|p2a: Kyurem
|-supereffective|p2a: Kyurem
|-damage|p2a: Kyurem|14/100
|-unboost|p1a: Great Tusk|def|1
|-unboost|p1a: Great Tusk|spd|1
|move|p2a: Kyurem|Earth Power|p1a: Great Tusk
|-damage|p1a: Great Tusk|0 fnt
|faint|p1a: Great Tusk
|-end|p1a: Great Tusk|Protosynthesis|[silent]
|
|-weather|Snowscape|[upkeep]
|upkeep
|
|t:|1779808570
|switch|p1a: Mandibuzz|Mandibuzz, F|41/100
|-damage|p1a: Mandibuzz|16/100|[from] Stealth Rock
|turn|10
|
|t:|1779808575
|switch|p2a: Hatterene|Hatterene, F, shiny|100/100
|move|p1a: Mandibuzz|Roost|p1a: Mandibuzz
|-heal|p1a: Mandibuzz|66/100
|-singleturn|p1a: Mandibuzz|move: Roost
|
|-weather|Snowscape|[upkeep]
|upkeep
|turn|11
|
|t:|1779808585
|switch|p1a: Torkoal|Torkoal, F|100/100
|-damage|p1a: Torkoal|76/100|[from] Stealth Rock
|-weather|SunnyDay|[from] ability: Drought|[of] p1a: Torkoal
|move|p2a: Hatterene|Nuzzle|p1a: Torkoal
|-damage|p1a: Torkoal|73/100
|-status|p1a: Torkoal|par
|
|-weather|SunnyDay|[upkeep]
|upkeep
|turn|12
|
|t:|1779808595
|switch|p2a: Slowking|Slowking-Galar, M|100/100
|cant|p1a: Torkoal|par
|
|-weather|SunnyDay|[upkeep]
|upkeep
|turn|13
|
|t:|1779808602
|-prepare|p2a: Slowking|Chilly Reception|[premajor]
|move|p2a: Slowking|Chilly Reception|p2a: Slowking
|-weather|Snowscape
|
|t:|1779808605
|switch|p2a: Hatterene|Hatterene, F, shiny|100/100|[from] Chilly Reception
|move|p1a: Torkoal|Rapid Spin|p2a: Hatterene
|-damage|p2a: Hatterene|93/100
|-boost|p1a: Torkoal|spe|1
|-damage|p1a: Torkoal|57/100 par|[from] item: Rocky Helmet|[of] p2a: Hatterene
|-sideend|p1: ghostoftheranch|Stealth Rock|[from] move: Rapid Spin|[of] p1a: Torkoal
|
|-weather|Snowscape|[upkeep]
|upkeep
|turn|14
|
|t:|1779808619
|move|p2a: Hatterene|Psychic Noise|p1a: Torkoal
|-damage|p1a: Torkoal|5/100 par
|-start|p1a: Torkoal|move: Heal Block
|move|p1a: Torkoal|Fire Blast|p2a: Hatterene
|-damage|p2a: Hatterene|47/100
|
|-weather|Snowscape|[upkeep]
|upkeep
|turn|15
|
|t:|1779808635
|switch|p1a: Mandibuzz|Mandibuzz, F|66/100
|move|p2a: Hatterene|Draining Kiss|p1a: Mandibuzz
|-supereffective|p1a: Mandibuzz
|-damage|p1a: Mandibuzz|28/100
|-heal|p2a: Hatterene|85/100|[from] drain|[of] p1a: Mandibuzz
|-damage|p2a: Hatterene|68/100|[from] item: Rocky Helmet|[of] p1a: Mandibuzz
|
|-weather|Snowscape|[upkeep]
|upkeep
|turn|16
|j| ueyr76
|
|t:|1779808643
|move|p1a: Mandibuzz|Roost|p1a: Mandibuzz
|-heal|p1a: Mandibuzz|78/100
|-singleturn|p1a: Mandibuzz|move: Roost
|move|p2a: Hatterene|Draining Kiss|p1a: Mandibuzz
|-supereffective|p1a: Mandibuzz
|-damage|p1a: Mandibuzz|43/100
|-heal|p2a: Hatterene|100/100|[from] drain|[of] p1a: Mandibuzz
|-damage|p2a: Hatterene|84/100|[from] item: Rocky Helmet|[of] p1a: Mandibuzz
|
|-weather|Snowscape|[upkeep]
|upkeep
|turn|17
|
|t:|1779808656
|switch|p1a: Torkoal|Torkoal, F|5/100 par
|-weather|SunnyDay|[from] ability: Drought|[of] p1a: Torkoal
|move|p2a: Hatterene|Nuzzle|p1a: Torkoal
|-damage|p1a: Torkoal|2/100 par
|
|-weather|SunnyDay|[upkeep]
|upkeep
|turn|18
|
|t:|1779808661
|switch|p2a: Slowking|Slowking-Galar, M|100/100
|move|p1a: Torkoal|Fire Blast|p2a: Slowking
|-damage|p2a: Slowking|49/100
|
|-weather|SunnyDay|[upkeep]
|-heal|p2a: Slowking|55/100|[from] item: Black Sludge
|upkeep
|turn|19
|
|t:|1779808678
|-prepare|p2a: Slowking|Chilly Reception|[premajor]
|move|p2a: Slowking|Chilly Reception|p2a: Slowking
|-weather|Snowscape
|
|t:|1779808682
|switch|p2a: Hatterene|Hatterene, F, shiny|84/100|[from] Chilly Reception
|cant|p1a: Torkoal|par
|
|-weather|Snowscape|[upkeep]
|upkeep
|turn|20
|
|t:|1779808694
|move|p2a: Hatterene|Nuzzle|p1a: Torkoal
|-damage|p1a: Torkoal|0 fnt
|faint|p1a: Torkoal
|
|-weather|Snowscape|[upkeep]
|upkeep
|
|t:|1779808699
|switch|p1a: Fezandipiti|Fezandipiti, M|94/100
|turn|21
|
|t:|1779808703
|switch|p2a: Slowking|Slowking-Galar, M|89/100
|move|p1a: Fezandipiti|Nasty Plot|p1a: Fezandipiti
|-boost|p1a: Fezandipiti|spa|2
|
|-weather|Snowscape|[upkeep]
|-heal|p1a: Fezandipiti|99/100|[from] item: Leftovers
|-heal|p2a: Slowking|95/100|[from] item: Black Sludge
|upkeep
|turn|22
|
|t:|1779808706
|move|p1a: Fezandipiti|Nasty Plot|p1a: Fezandipiti
|-boost|p1a: Fezandipiti|spa|2
|move|p2a: Slowking|Future Sight|p1a: Fezandipiti
|-start|p2a: Slowking|move: Future Sight
|
|-weather|Snowscape|[upkeep]
|-heal|p1a: Fezandipiti|100/100|[from] item: Leftovers
|-heal|p2a: Slowking|100/100|[from] item: Black Sludge
|upkeep
|turn|23
|
|t:|1779808720
|move|p1a: Fezandipiti|Heat Wave|p2a: Slowking
|-damage|p2a: Slowking|41/100
|-status|p2a: Slowking|brn
|-prepare|p2a: Slowking|Chilly Reception|[premajor]
|move|p2a: Slowking|Chilly Reception|p2a: Slowking
|
|t:|1779808726
|switch|p2a: Kingambit|Kingambit, F, shiny|100/100|[from] Chilly Reception
|-activate|p2a: Kingambit|ability: Supreme Overlord
|-start|p2a: Kingambit|fallen2|[silent]
|
|-weather|none
|upkeep
|turn|24
|
|t:|1779808748
|-terastallize|p2a: Kingambit|Ghost
|move|p1a: Fezandipiti|Heat Wave|p2a: Kingambit
|-damage|p2a: Kingambit|31/100
|-status|p2a: Kingambit|tox|[from] ability: Toxic Chain|[of] p1a: Fezandipiti
|move|p2a: Kingambit|Iron Head|p1a: Fezandipiti
|-supereffective|p1a: Fezandipiti
|-damage|p1a: Fezandipiti|0 fnt
|faint|p1a: Fezandipiti
|
|-hint|Future Sight did not hit because the target is fainted.
|-heal|p2a: Kingambit|37/100 tox|[from] item: Leftovers
|-damage|p2a: Kingambit|31/100 tox|[from] psn
|upkeep
|
|t:|1779808760
|switch|p1a: Mandibuzz|Mandibuzz, F|43/100
|turn|25
|
|t:|1779808766
|-end|p2a: Kingambit|fallen2|[silent]
|switch|p2a: Hatterene|Hatterene, F, shiny|84/100
|move|p1a: Mandibuzz|Roost|p1a: Mandibuzz
|-heal|p1a: Mandibuzz|93/100
|-singleturn|p1a: Mandibuzz|move: Roost
|
|upkeep
|turn|26
|
|t:|1779808782
|switch|p1a: Volcanion|Volcanion|100/100
|move|p2a: Hatterene|Nuzzle|p1a: Volcanion
|-supereffective|p1a: Volcanion
|-damage|p1a: Volcanion|93/100
|-status|p1a: Volcanion|par
|
|upkeep
|turn|27
|
|t:|1779808795
|move|p2a: Hatterene|Psychic Noise|p1a: Volcanion
|-damage|p1a: Volcanion|56/100 par
|-start|p1a: Volcanion|move: Heal Block
|move|p1a: Volcanion|Steam Eruption|p2a: Hatterene|[miss]
|-miss|p1a: Volcanion|p2a: Hatterene
|
|upkeep
|turn|28
|
|t:|1779808802
|move|p2a: Hatterene|Psychic Noise|p1a: Volcanion
|-damage|p1a: Volcanion|21/100 par
|move|p1a: Volcanion|Steam Eruption|p2a: Hatterene
|-damage|p2a: Hatterene|0 fnt
|faint|p2a: Hatterene
|
|-end|p1a: Volcanion|move: Heal Block
|upkeep
|
|t:|1779808811
|switch|p2a: Kyurem|Kyurem|14/100
|-ability|p2a: Kyurem|Pressure
|turn|29
|
|t:|1779808816
|move|p2a: Kyurem|Freeze-Dry|p1a: Volcanion
|-damage|p1a: Volcanion|0 fnt
|faint|p1a: Volcanion
|
|upkeep
|l| ueyr76
|
|t:|1779808818
|switch|p1a: Mandibuzz|Mandibuzz, F|93/100
|turn|30
|
|t:|1779808828
|switch|p2a: Slowking|Slowking-Galar, M|74/100 brn
|-terastallize|p1a: Mandibuzz|Fairy
|move|p1a: Mandibuzz|Foul Play|p2a: Slowking
|-supereffective|p2a: Slowking
|-damage|p2a: Slowking|48/100 brn
|
|-heal|p2a: Slowking|54/100 brn|[from] item: Black Sludge
|-damage|p2a: Slowking|48/100 brn|[from] brn
|upkeep
|turn|31
|
|t:|1779808836
|move|p1a: Mandibuzz|Foul Play|p2a: Slowking
|-supereffective|p2a: Slowking
|-damage|p2a: Slowking|20/100 brn
|move|p2a: Slowking|Trick|p1a: Mandibuzz
|-activate|p2a: Slowking|move: Trick|[of] p1a: Mandibuzz
|-item|p1a: Mandibuzz|Black Sludge|[from] move: Trick
|-item|p2a: Slowking|Rocky Helmet|[from] move: Trick
|
|-damage|p1a: Mandibuzz|80/100|[from] item: Black Sludge
|-damage|p2a: Slowking|13/100 brn|[from] brn
|upkeep
|turn|32
|
|t:|1779808848
|switch|p2a: Kingambit|Kingambit, F, shiny, tera:Ghost|31/100 tox
|-activate|p2a: Kingambit|ability: Supreme Overlord
|-start|p2a: Kingambit|fallen3|[silent]
|move|p1a: Mandibuzz|Foul Play|p2a: Kingambit
|-supereffective|p2a: Kingambit
|-damage|p2a: Kingambit|0 fnt
|faint|p2a: Kingambit
|-end|p2a: Kingambit|fallen3|[silent]
|
|-damage|p1a: Mandibuzz|68/100|[from] item: Black Sludge
|upkeep
|
|t:|1779808850
|switch|p2a: Slowking|Slowking-Galar, M|47/100 brn
|turn|33
|
|t:|1779808858
|move|p1a: Mandibuzz|Foul Play|p2a: Slowking
|-supereffective|p2a: Slowking
|-damage|p2a: Slowking|22/100 brn
|-damage|p1a: Mandibuzz|51/100|[from] item: Rocky Helmet|[of] p2a: Slowking
|move|p2a: Slowking|Sludge Bomb|p1a: Mandibuzz
|-supereffective|p1a: Mandibuzz
|-damage|p1a: Mandibuzz|0 fnt
|faint|p1a: Mandibuzz
|
|win|firewall1234
|raw|ghostoftheranch's rating: 1619 &rarr; <strong>1603</strong><br />(-16 for losing)
|raw|firewall1234's rating: 1690 &rarr; <strong>1706</strong><br />(+16 for winning)
|l|☆ghostoftheranch
|player|p1|
|c|☆firewall1234|gg
|l|☆firewall1234
|player|p2|
