|j|☆tommytt22
|j|☆hat_fm
|t:|1779930102
|gametype|singles
|player|p1|tommytt22|drayden|1402
|player|p2|hat_fm|pilot|1355
|gen|9
|tier|[Gen 9] OU
|rated|
|rule|HP Percentage Mod: HP is shown in percentages
|rule|Endless Battle Clause: Forcing endless battles is banned
|rule|Species Clause: Limit one of each Pokémon
|rule|OHKO Clause: OHKO moves are banned
|rule|Evasion Items Clause: Evasion items are banned
|rule|Evasion Moves Clause: Evasion moves are banned
|rule|Evasion Abilities Clause: Evasion abilities are banned
|rule|Sleep Moves Clause: Sleep-inducing moves are banned
|clearpoke
|poke|p1|Iron Treads|
|poke|p1|Iron Leaves|
|poke|p1|Iron Hands|
|poke|p1|Iron Valiant|
|poke|p1|Goodra-Hisui, M|
|poke|p1|Cinderace, M|
|poke|p2|Zamazenta-*|
|poke|p2|Ceruledge, M|
|poke|p2|Scizor, F|
|poke|p2|Donphan, M|
|poke|p2|Lycanroc-Dusk, M|
|poke|p2|Florges, F|
|teampreview
|
|t:|1779930146
|teamsize|p1|6
|teamsize|p2|6
|start
|switch|p1a: Iron Treads|Iron Treads|100/100
|switch|p2a: Donphan|Donphan, M|100/100
|turn|1
|
|t:|1779930158
|move|p1a: Iron Treads|Electric Terrain|p1a: Iron Treads
|-fieldstart|move: Electric Terrain
|-activate|p1a: Iron Treads|ability: Quark Drive
|-start|p1a: Iron Treads|quarkdrivespe
|move|p2a: Donphan|Stealth Rock|p1a: Iron Treads
|-sidestart|p1: tommytt22|move: Stealth Rock
|
|upkeep
|turn|2
|
|t:|1779930174
|-end|p1a: Iron Treads|Quark Drive|[silent]
|switch|p1a: Cinderace|Cinderace, M|100/100
|move|p2a: Donphan|Earthquake|p1a: Cinderace
|-supereffective|p1a: Cinderace
|-damage|p1a: Cinderace|2/100
|
|upkeep
|turn|3
|
|t:|1779930184
|move|p1a: Cinderace|Pyro Ball|p2a: Donphan
|-damage|p2a: Donphan|64/100
|move|p2a: Donphan|Rapid Spin|p1a: Cinderace
|-crit|p1a: Cinderace
|-damage|p1a: Cinderace|0 fnt
|-boost|p2a: Donphan|spe|1
|faint|p1a: Cinderace
|
|upkeep
|
|t:|1779930193
|switch|p1a: Iron Valiant|Iron Valiant|100/100
|-damage|p1a: Iron Valiant|94/100|[from] Stealth Rock
|-activate|p1a: Iron Valiant|ability: Quark Drive
|-start|p1a: Iron Valiant|quarkdrivespe
|turn|4
|
|t:|1779930205
|move|p1a: Iron Valiant|Moonblast|p2a: Donphan
|-damage|p2a: Donphan|0 fnt
|faint|p2a: Donphan
|-damage|p1a: Iron Valiant|85/100|[from] item: Life Orb
|
|upkeep
|
|t:|1779930207
|switch|p2a: Scizor|Scizor, F|100/100
|turn|5
|
|t:|1779930217
|-terastallize|p1a: Iron Valiant|Electric
|move|p2a: Scizor|Bullet Punch|p1a: Iron Valiant
|-resisted|p1a: Iron Valiant
|-crit|p1a: Iron Valiant
|-damage|p1a: Iron Valiant|39/100
|-damage|p2a: Scizor|91/100|[from] item: Life Orb
|move|p1a: Iron Valiant|Thunderbolt|p2a: Scizor
|-damage|p2a: Scizor|0 fnt
|faint|p2a: Scizor
|-damage|p1a: Iron Valiant|29/100|[from] item: Life Orb
|
|upkeep
|
|t:|1779930227
|switch|p2a: Lycanroc|Lycanroc-Dusk, M|100/100
|turn|6
|
|t:|1779930236
|-end|p1a: Iron Valiant|Quark Drive|[silent]
|switch|p1a: Iron Hands|Iron Hands|100/100
|-damage|p1a: Iron Hands|94/100|[from] Stealth Rock
|-activate|p1a: Iron Hands|ability: Quark Drive
|-start|p1a: Iron Hands|quarkdriveatk
|move|p2a: Lycanroc|Accelerock|p1a: Iron Hands
|-resisted|p1a: Iron Hands
|-crit|p1a: Iron Hands
|-damage|p1a: Iron Hands|76/100
|-damage|p2a: Lycanroc|91/100|[from] item: Life Orb
|
|-heal|p1a: Iron Hands|83/100|[from] item: Leftovers
|upkeep
|turn|7
|
|t:|1779930250
|switch|p2a: Ceruledge|Ceruledge, M|100/100
|move|p1a: Iron Hands|Swords Dance|p1a: Iron Hands
|-boost|p1a: Iron Hands|atk|2
|
|-heal|p1a: Iron Hands|89/100|[from] item: Leftovers
|upkeep
|turn|8
|
|t:|1779930255
|move|p2a: Ceruledge|Bitter Blade|p1a: Iron Hands
|-damage|p1a: Iron Hands|60/100
|move|p1a: Iron Hands|Thunder Punch|p2a: Ceruledge
|-enditem|p2a: Ceruledge|Focus Sash
|-damage|p2a: Ceruledge|1/100
|-ability|p2a: Ceruledge|Weak Armor|boost
|-unboost|p2a: Ceruledge|def|1
|-boost|p2a: Ceruledge|spe|2
|
|-heal|p1a: Iron Hands|66/100|[from] item: Leftovers
|-fieldend|move: Electric Terrain
|-end|p1a: Iron Hands|Quark Drive
|upkeep
|turn|9
|
|t:|1779930273
|move|p2a: Ceruledge|Poltergeist|p1a: Iron Hands
|-activate|p1a: Iron Hands|move: Poltergeist|Leftovers
|-crit|p1a: Iron Hands
|-damage|p1a: Iron Hands|11/100
|move|p1a: Iron Hands|Thunder Punch|p2a: Ceruledge
|-damage|p2a: Ceruledge|0 fnt
|faint|p2a: Ceruledge
|
|-heal|p1a: Iron Hands|17/100|[from] item: Leftovers
|upkeep
|
|t:|1779930279
|switch|p2a: Zamazenta|Zamazenta|100/100
|-ability|p2a: Zamazenta|Dauntless Shield|boost
|-boost|p2a: Zamazenta|def|1
|turn|10
|
|t:|1779930287
|move|p2a: Zamazenta|Iron Defense|p2a: Zamazenta
|-boost|p2a: Zamazenta|def|2
|move|p1a: Iron Hands|Drain Punch|p2a: Zamazenta
|-damage|p2a: Zamazenta|75/100
|-heal|p1a: Iron Hands|27/100|[from] drain|[of] p2a: Zamazenta
|
|-heal|p2a: Zamazenta|81/100|[from] item: Leftovers
|-heal|p1a: Iron Hands|33/100|[from] item: Leftovers
|upkeep
|turn|11
|
|t:|1779930291
|move|p2a: Zamazenta|Body Press|p1a: Iron Hands
|-damage|p1a: Iron Hands|0 fnt
|faint|p1a: Iron Hands
|-end|p1a: Iron Hands|Quark Drive|[silent]
|
|-heal|p2a: Zamazenta|87/100|[from] item: Leftovers
|upkeep
|
|t:|1779930299
|switch|p1a: Goodra|Goodra-Hisui, M|100/100
|-damage|p1a: Goodra|94/100|[from] Stealth Rock
|turn|12
|
|t:|1779930303
|move|p2a: Zamazenta|Body Press|p1a: Goodra
|-supereffective|p1a: Goodra
|-damage|p1a: Goodra|0 fnt
|-ability|p1a: Goodra|Gooey
|-unboost|p2a: Zamazenta|spe|1
|faint|p1a: Goodra
|
|-heal|p2a: Zamazenta|93/100|[from] item: Leftovers
|upkeep
|
|t:|1779930309
|switch|p1a: Iron Treads|Iron Treads|100/100
|-damage|p1a: Iron Treads|97/100|[from] Stealth Rock
|turn|13
|
|t:|1779930318
|move|p1a: Iron Treads|Electric Terrain|p1a: Iron Treads
|-fieldstart|move: Electric Terrain
|-activate|p1a: Iron Treads|ability: Quark Drive
|-start|p1a: Iron Treads|quarkdrivespe
|move|p2a: Zamazenta|Body Press|p1a: Iron Treads
|-supereffective|p1a: Iron Treads
|-damage|p1a: Iron Treads|0 fnt
|faint|p1a: Iron Treads
|-end|p1a: Iron Treads|Quark Drive|[silent]
|
|-heal|p2a: Zamazenta|99/100|[from] item: Leftovers
|upkeep
|
|t:|1779930327
|switch|p1a: Iron Valiant|Iron Valiant, tera:Electric|29/100
|-damage|p1a: Iron Valiant|16/100|[from] Stealth Rock
|-activate|p1a: Iron Valiant|ability: Quark Drive
|-start|p1a: Iron Valiant|quarkdrivespe
|turn|14
|
|t:|1779930341
|switch|p2a: Lycanroc|Lycanroc-Dusk, M|91/100
|move|p1a: Iron Valiant|Thunderbolt|p2a: Lycanroc
|-damage|p2a: Lycanroc|0 fnt
|faint|p2a: Lycanroc
|-damage|p1a: Iron Valiant|7/100|[from] item: Life Orb
|
|upkeep
|
|t:|1779930346
|switch|p2a: Florges|Florges, F|100/100
|turn|15
|
|t:|1779930356
|-terastallize|p2a: Florges|Grass
|move|p1a: Iron Valiant|Calm Mind|p1a: Iron Valiant
|-boost|p1a: Iron Valiant|spa|1
|-boost|p1a: Iron Valiant|spd|1
|move|p2a: Florges|Calm Mind|p2a: Florges
|-boost|p2a: Florges|spa|1
|-boost|p2a: Florges|spd|1
|
|upkeep
|turn|16
|
|t:|1779930367
|move|p1a: Iron Valiant|Moonblast|p2a: Florges
|-damage|p2a: Florges|57/100
|-damage|p1a: Iron Valiant|0 fnt|[from] item: Life Orb
|faint|p1a: Iron Valiant
|-end|p1a: Iron Valiant|Quark Drive|[silent]
|move|p2a: Florges|Calm Mind|p2a: Florges
|-boost|p2a: Florges|spa|1
|-boost|p2a: Florges|spd|1
|
|-heal|p2a: Florges|63/100|[from] item: Leftovers
|upkeep
|
|t:|1779930374
|switch|p1a: Iron Leaves|Iron Leaves|100/100
|-damage|p1a: Iron Leaves|88/100|[from] Stealth Rock
|-activate|p1a: Iron Leaves|ability: Quark Drive
|-start|p1a: Iron Leaves|quarkdrivespe
|turn|17
|
|t:|1779930380
|move|p1a: Iron Leaves|Psyblade|p2a: Florges
|-damage|p2a: Florges|0 fnt
|faint|p2a: Florges
|
|upkeep
|
|t:|1779930383
|switch|p2a: Zamazenta|Zamazenta|99/100
|turn|18
|
|t:|1779930387
|move|p1a: Iron Leaves|Psyblade|p2a: Zamazenta
|-supereffective|p2a: Zamazenta
|-damage|p2a: Zamazenta|12/100
|move|p2a: Zamazenta|Crunch|p1a: Iron Leaves
|-supereffective|p1a: Iron Leaves
|-damage|p1a: Iron Leaves|42/100
|
|-heal|p2a: Zamazenta|18/100|[from] item: Leftovers
|upkeep
|turn|19
|
|t:|1779930393
|move|p1a: Iron Leaves|Psyblade|p2a: Zamazenta
|-supereffective|p2a: Zamazenta
|-damage|p2a: Zamazenta|0 fnt
|faint|p2a: Zamazenta
|
|win|tommytt22
|raw|tommytt22's rating: 1402 &rarr; <strong>1419</strong><br />(+17 for winning)
|raw|hat_fm's rating: 1355 &rarr; <strong>1338</strong><br />(-17 for losing)
|l|☆hat_fm
|player|p2|
|l|☆tommytt22
|player|p1|
