|j|☆teamskullenoxa
|j|☆vulpix bot
|t:|1779969863
|gametype|singles
|player|p1|teamskullenoxa|101|1564
|player|p2|vulpix bot|parasollady|1540
|gen|9
|tier|[Gen 9] OU
|rated|
|rule|HP Percentage Mod: HP is shown in percentages
|rule|Endless Battle Clause: Forcing endless battles is banned
|rule|Species Clause: Limit one of each Pokémon
|rule|OHKO Clause: OHKO moves are banned
|rule|Evasion Items Clause: Evasion items are banned
|rule|Evasion Moves Clause: Evasion moves are banned
|rule|Evasion Abilities Clause: Evasion abilities are banned
|rule|Sleep Moves Clause: Sleep-inducing moves are banned
|clearpoke
|poke|p1|Pelipper, F|
|poke|p1|Hatterene, F|
|poke|p1|Iron Treads|
|poke|p1|Toxicroak, F|
|poke|p1|Barraskewda, F|
|poke|p1|Zapdos|
|poke|p2|Munkidori, M|
|poke|p2|Rillaboom, M|
|poke|p2|Great Tusk|
|poke|p2|Heatran, F|
|poke|p2|Darkrai|
|poke|p2|Hydrapple, M|
|teampreview
|inactive|Battle timer is ON: inactive players will automatically lose when time's up. (requested by vulpix bot)
|
|t:|1779969875
|teamsize|p1|6
|teamsize|p2|6
|start
|switch|p1a: Pelipper|Pelipper, F|100/100
|switch|p2a: Munkidori|Munkidori, M|100/100
|-weather|RainDance|[from] ability: Drizzle|[of] p1a: Pelipper
|turn|1
|
|t:|1779969878
|switch|p1a: Iron Treads|Iron Treads|100/100
|move|p2a: Munkidori|Psychic|p1a: Iron Treads
|-resisted|p1a: Iron Treads
|-damage|p1a: Iron Treads|80/100
|
|-weather|RainDance|[upkeep]
|-heal|p1a: Iron Treads|86/100|[from] item: Leftovers
|upkeep
|turn|2
|
|t:|1779969888
|switch|p2a: Hydrapple|Hydrapple, M|100/100
|move|p1a: Iron Treads|Stealth Rock|p2a: Hydrapple
|-sidestart|p2: vulpix bot|move: Stealth Rock
|
|-weather|RainDance|[upkeep]
|-heal|p1a: Iron Treads|92/100|[from] item: Leftovers
|upkeep
|turn|3
|
|t:|1779969899
|move|p1a: Iron Treads|Volt Switch|p2a: Hydrapple
|-resisted|p2a: Hydrapple
|-damage|p2a: Hydrapple|98/100
|
|t:|1779969907
|-end|p1a: Iron Treads|Quark Drive|[silent]
|switch|p1a: Hatterene|Hatterene, F|100/100|[from] Volt Switch
|move|p2a: Hydrapple|Leaf Storm|p1a: Hatterene
|-damage|p1a: Hatterene|25/100
|-unboost|p2a: Hydrapple|spa|2
|-enditem|p1a: Hatterene|Eject Button
|-damage|p2a: Hydrapple|88/100|[from] item: Life Orb
|
|t:|1779969913
|switch|p1a: Zapdos|Zapdos|100/100
|
|-weather|RainDance|[upkeep]
|upkeep
|turn|4
|
|t:|1779969923
|switch|p2a: Heatran|Heatran, F|100/100
|-damage|p2a: Heatran|88/100|[from] Stealth Rock
|move|p1a: Zapdos|Weather Ball|p2a: Heatran
|-supereffective|p2a: Heatran
|-damage|p2a: Heatran|0 fnt
|faint|p2a: Heatran
|
|-weather|RainDance|[upkeep]
|upkeep
|
|t:|1779969928
|switch|p2a: Hydrapple|Hydrapple, M|100/100
|-damage|p2a: Hydrapple|88/100|[from] Stealth Rock
|turn|5
|
|t:|1779969935
|switch|p1a: Hatterene|Hatterene, F|25/100
|move|p2a: Hydrapple|Nasty Plot|p2a: Hydrapple
|-boost|p2a: Hydrapple|spa|2
|
|-weather|RainDance|[upkeep]
|upkeep
|turn|6
|
|t:|1779969940
|move|p1a: Hatterene|Draining Kiss|p2a: Hydrapple
|-supereffective|p2a: Hydrapple
|-damage|p2a: Hydrapple|44/100
|-heal|p1a: Hatterene|68/100|[from] drain|[of] p2a: Hydrapple
|move|p2a: Hydrapple|Earth Power|p1a: Hatterene
|-damage|p1a: Hatterene|0 fnt
|faint|p1a: Hatterene
|-damage|p2a: Hydrapple|34/100|[from] item: Life Orb
|
|-weather|RainDance|[upkeep]
|upkeep
|
|t:|1779969950
|switch|p1a: Zapdos|Zapdos|100/100
|turn|7
|
|t:|1779969954
|-terastallize|p1a: Zapdos|Flying
|move|p1a: Zapdos|Hurricane|p2a: Hydrapple
|-supereffective|p2a: Hydrapple
|-damage|p2a: Hydrapple|0 fnt
|faint|p2a: Hydrapple
|
|-weather|RainDance|[upkeep]
|upkeep
|
|t:|1779969959
|switch|p2a: Darkrai|Darkrai|100/100
|-damage|p2a: Darkrai|88/100|[from] Stealth Rock
|turn|8
|
|t:|1779969968
|switch|p1a: Toxicroak|Toxicroak, F|100/100
|move|p2a: Darkrai|Substitute|p2a: Darkrai
|-start|p2a: Darkrai|Substitute
|-damage|p2a: Darkrai|63/100
|
|-weather|none
|-heal|p2a: Darkrai|69/100|[from] item: Leftovers
|upkeep
|turn|9
|
|t:|1779969973
|move|p2a: Darkrai|Will-O-Wisp|p1a: Toxicroak|[miss]
|-miss|p2a: Darkrai|p1a: Toxicroak
|move|p1a: Toxicroak|Drain Punch|p2a: Darkrai
|-supereffective|p2a: Darkrai
|-end|p2a: Darkrai|Substitute
|
|-heal|p2a: Darkrai|75/100|[from] item: Leftovers
|upkeep
|turn|10
|
|t:|1779969978
|switch|p1a: Pelipper|Pelipper, F|100/100
|-weather|RainDance|[from] ability: Drizzle|[of] p1a: Pelipper
|move|p2a: Darkrai|Will-O-Wisp|p1a: Pelipper
|-status|p1a: Pelipper|brn
|
|-weather|RainDance|[upkeep]
|-heal|p2a: Darkrai|81/100|[from] item: Leftovers
|-damage|p1a: Pelipper|94/100 brn|[from] brn
|upkeep
|turn|11
|
|t:|1779969981
|move|p2a: Darkrai|Substitute|p2a: Darkrai
|-start|p2a: Darkrai|Substitute
|-damage|p2a: Darkrai|56/100
|move|p1a: Pelipper|U-turn|p2a: Darkrai
|-supereffective|p2a: Darkrai
|-activate|p2a: Darkrai|move: Substitute|[damage]
|
|t:|1779969984
|switch|p1a: Barraskewda|Barraskewda, F|100/100|[from] U-turn
|
|-weather|RainDance|[upkeep]
|-heal|p2a: Darkrai|62/100|[from] item: Leftovers
|upkeep
|turn|12
|
|t:|1779969992
|move|p1a: Barraskewda|Flip Turn|p2a: Darkrai
|-end|p2a: Darkrai|Substitute
|
|t:|1779969996
|switch|p1a: Pelipper|Pelipper, F|94/100 brn|[from] Flip Turn
|move|p2a: Darkrai|Dark Pulse|p1a: Pelipper
|-crit|p1a: Pelipper
|-damage|p1a: Pelipper|36/100 brn
|
|-weather|RainDance|[upkeep]
|-heal|p2a: Darkrai|68/100|[from] item: Leftovers
|-damage|p1a: Pelipper|30/100 brn|[from] brn
|upkeep
|turn|13
|
|t:|1779970000
|move|p2a: Darkrai|Dark Pulse|p1a: Pelipper
|-damage|p1a: Pelipper|0 fnt
|faint|p1a: Pelipper
|
|-weather|RainDance|[upkeep]
|-heal|p2a: Darkrai|75/100|[from] item: Leftovers
|upkeep
|
|t:|1779970004
|switch|p1a: Barraskewda|Barraskewda, F|100/100
|turn|14
|
|t:|1779970011
|switch|p2a: Great Tusk|Great Tusk|100/100
|-damage|p2a: Great Tusk|98/100|[from] Stealth Rock
|-enditem|p2a: Great Tusk|Booster Energy
|-activate|p2a: Great Tusk|ability: Protosynthesis|[fromitem]
|-start|p2a: Great Tusk|protosynthesisspe
|move|p1a: Barraskewda|Flip Turn|p2a: Great Tusk
|-supereffective|p2a: Great Tusk
|-damage|p2a: Great Tusk|4/100
|
|t:|1779970019
|switch|p1a: Zapdos|Zapdos, tera:Flying|100/100|[from] Flip Turn
|
|-weather|RainDance|[upkeep]
|upkeep
|turn|15
|
|t:|1779970025
|switch|p1a: Toxicroak|Toxicroak, F|100/100
|move|p2a: Great Tusk|Head Smash|p1a: Toxicroak
|-resisted|p1a: Toxicroak
|-damage|p1a: Toxicroak|82/100
|-damage|p2a: Great Tusk|0 fnt|[from] item: Rocky Helmet|[of] p1a: Toxicroak
|faint|p2a: Great Tusk
|-end|p2a: Great Tusk|Protosynthesis|[silent]
|
|-weather|RainDance|[upkeep]
|-heal|p1a: Toxicroak|94/100|[from] ability: Dry Skin
|upkeep
|
|t:|1779970031
|switch|p2a: Darkrai|Darkrai|75/100
|-damage|p2a: Darkrai|62/100|[from] Stealth Rock
|turn|16
|
|t:|1779970038
|move|p2a: Darkrai|Will-O-Wisp|p1a: Toxicroak
|-status|p1a: Toxicroak|brn
|move|p1a: Toxicroak|Toxic|p2a: Darkrai
|-status|p2a: Darkrai|tox
|
|-weather|RainDance|[upkeep]
|-heal|p1a: Toxicroak|100/100 brn|[from] ability: Dry Skin
|-heal|p2a: Darkrai|68/100 tox|[from] item: Leftovers
|-damage|p2a: Darkrai|62/100 tox|[from] psn
|-damage|p1a: Toxicroak|94/100 brn|[from] brn
|upkeep
|turn|17
|
|t:|1779970045
|switch|p2a: Munkidori|Munkidori, M|100/100
|move|p1a: Toxicroak|Drain Punch|p2a: Munkidori
|-resisted|p2a: Munkidori
|-crit|p2a: Munkidori
|-damage|p2a: Munkidori|93/100
|-heal|p1a: Toxicroak|98/100 brn|[from] drain|[of] p2a: Munkidori
|
|-weather|none
|-damage|p1a: Toxicroak|92/100 brn|[from] brn
|upkeep
|turn|18
|
|t:|1779970053
|move|p2a: Munkidori|U-turn|p1a: Toxicroak
|-resisted|p1a: Toxicroak
|-damage|p1a: Toxicroak|89/100 brn
|-damage|p2a: Munkidori|76/100|[from] item: Rocky Helmet|[of] p1a: Toxicroak
|
|t:|1779970057
|switch|p2a: Rillaboom|Rillaboom, M|100/100|[from] U-turn
|-damage|p2a: Rillaboom|88/100|[from] Stealth Rock
|-fieldstart|move: Grassy Terrain|[from] ability: Grassy Surge|[of] p2a: Rillaboom
|move|p1a: Toxicroak|Knock Off|p2a: Rillaboom
|-damage|p2a: Rillaboom|76/100
|-enditem|p2a: Rillaboom|Choice Band|[from] move: Knock Off|[of] p1a: Toxicroak
|
|-heal|p2a: Rillaboom|82/100|[from] Grassy Terrain
|-heal|p1a: Toxicroak|95/100 brn|[from] Grassy Terrain
|-damage|p1a: Toxicroak|89/100 brn|[from] brn
|upkeep
|turn|19
|-message|vulpix bot forfeited.
|
|win|teamskullenoxa
|raw|teamskullenoxa's rating: 1564 &rarr; <strong>1583</strong><br />(+19 for winning)
|raw|vulpix bot's rating: 1540 &rarr; <strong>1521</strong><br />(-19 for losing)
|l|☆vulpix bot
|player|p2|
|l|☆teamskullenoxa
|player|p1|
