|j|☆AteefIsThug
|j|☆SaiyanSage
|t:|1779820814
|gametype|singles
|player|p1|AteefIsThug|ingo|1213
|player|p2|SaiyanSage|hoopster|1185
|gen|9
|tier|[Gen 9] OU
|rated|
|rule|HP Percentage Mod: HP is shown in percentages
|rule|Endless Battle Clause: Forcing endless battles is banned
|rule|Species Clause: Limit one of each Pokémon
|rule|OHKO Clause: OHKO moves are banned
|rule|Evasion Items Clause: Evasion items are banned
|rule|Evasion Moves Clause: Evasion moves are banned
|rule|Evasion Abilities Clause: Evasion abilities are banned
|rule|Sleep Moves Clause: Sleep-inducing moves are banned
|clearpoke
|poke|p1|Cloyster, M|
|poke|p1|Garganacl, F|
|poke|p1|Dondozo, M|
|poke|p1|Dragonite, M|
|poke|p1|Pecharunt|
|poke|p1|Iron Moth|
|poke|p2|Raging Bolt|
|poke|p2|Brute Bonnet|
|poke|p2|Walking Wake|
|poke|p2|Ogerpon-Wellspring, F|
|poke|p2|Latias, F|
|poke|p2|Gliscor, M|
|teampreview
|inactive|Battle timer is ON: inactive players will automatically lose when time's up. (requested by AteefIsThug)
|
|t:|1779820821
|teamsize|p1|6
|teamsize|p2|6
|start
|switch|p1a: Garganacl|Garganacl, F|100/100
|switch|p2a: Zeus|Raging Bolt|100/100
|turn|1
|
|t:|1779820825
|-end|p2a: Zeus|Protosynthesis|[silent]
|switch|p2a: Gliscor|Gliscor, M|100/100
|move|p1a: Garganacl|Salt Cure|p2a: Gliscor
|-damage|p2a: Gliscor|90/100
|-start|p2a: Gliscor|Salt Cure
|
|-damage|p2a: Gliscor|78/100|[from] Salt Cure
|-status|p2a: Gliscor|tox|[from] item: Toxic Orb
|upkeep
|turn|2
|
|t:|1779820830
|move|p2a: Gliscor|Toxic Spikes|p1a: Garganacl
|-sidestart|p1: AteefIsThug|move: Toxic Spikes
|move|p1a: Garganacl|Stealth Rock|p2a: Gliscor
|-sidestart|p2: SaiyanSage|move: Stealth Rock
|
|-heal|p2a: Gliscor|90/100 tox|[from] ability: Poison Heal
|-damage|p2a: Gliscor|78/100 tox|[from] Salt Cure
|upkeep
|turn|3
|
|t:|1779820835
|move|p2a: Gliscor|Swords Dance|p2a: Gliscor
|-boost|p2a: Gliscor|atk|2
|move|p1a: Garganacl|Salt Cure|p2a: Gliscor
|-damage|p2a: Gliscor|68/100 tox
|
|-heal|p2a: Gliscor|81/100 tox|[from] ability: Poison Heal
|-damage|p2a: Gliscor|68/100 tox|[from] Salt Cure
|upkeep
|turn|4
|
|t:|1779820842
|switch|p1a: Pecharunt|Pecharunt|100/100
|-sideend|p1: AteefIsThug|move: Toxic Spikes|[of] p1a: Pecharunt
|move|p2a: Gliscor|Swords Dance|p2a: Gliscor
|-boost|p2a: Gliscor|atk|2
|
|-heal|p2a: Gliscor|81/100 tox|[from] ability: Poison Heal
|-damage|p2a: Gliscor|68/100 tox|[from] Salt Cure
|upkeep
|turn|5
|
|t:|1779820847
|-terastallize|p1a: Pecharunt|Dark
|move|p2a: Gliscor|Earthquake|p1a: Pecharunt
|-damage|p1a: Pecharunt|37/100
|move|p1a: Pecharunt|Shadow Ball|p2a: Gliscor
|-damage|p2a: Gliscor|23/100 tox
|
|-heal|p2a: Gliscor|36/100 tox|[from] ability: Poison Heal
|-damage|p2a: Gliscor|23/100 tox|[from] Salt Cure
|upkeep
|turn|6
|
|t:|1779820857
|move|p2a: Gliscor|Earthquake|p1a: Pecharunt
|-crit|p1a: Pecharunt
|-damage|p1a: Pecharunt|0 fnt
|faint|p1a: Pecharunt
|
|-heal|p2a: Gliscor|36/100 tox|[from] ability: Poison Heal
|-damage|p2a: Gliscor|23/100 tox|[from] Salt Cure
|upkeep
|
|t:|1779820860
|switch|p1a: Cloyster|Cloyster, M|100/100
|turn|7
|
|t:|1779820862
|move|p1a: Cloyster|Icicle Spear|p2a: Gliscor
|-supereffective|p2a: Gliscor
|-damage|p2a: Gliscor|0 fnt
|faint|p2a: Gliscor
|-hitcount|p2: Gliscor|1
|
|upkeep
|
|t:|1779820869
|switch|p2a: Draco|Walking Wake|100/100
|-damage|p2a: Draco|88/100|[from] Stealth Rock
|turn|8
|
|t:|1779820873
|move|p2a: Draco|Sunny Day|p2a: Draco
|-weather|SunnyDay
|-activate|p2a: Draco|ability: Protosynthesis
|-start|p2a: Draco|protosynthesisspa
|move|p1a: Cloyster|Icicle Spear|p2a: Draco
|-damage|p2a: Draco|75/100
|-damage|p2a: Draco|62/100
|-damage|p2a: Draco|49/100
|-damage|p2a: Draco|36/100
|-damage|p2a: Draco|24/100
|-hitcount|p2a: Draco|5
|
|-weather|SunnyDay|[upkeep]
|upkeep
|turn|9
|
|t:|1779820877
|move|p2a: Draco|Flamethrower|p1a: Cloyster
|-damage|p1a: Cloyster|0 fnt
|faint|p1a: Cloyster
|-damage|p2a: Draco|14/100|[from] item: Life Orb
|
|-weather|SunnyDay|[upkeep]
|upkeep
|
|t:|1779820881
|switch|p1a: Dragonite|Dragonite, M|100/100
|turn|10
|
|t:|1779820886
|move|p2a: Draco|Dragon Pulse|p1a: Dragonite
|-supereffective|p1a: Dragonite
|-damage|p1a: Dragonite|28/100
|-damage|p2a: Draco|4/100|[from] item: Life Orb
|move|p1a: Dragonite|Dragon Dance|p1a: Dragonite
|-boost|p1a: Dragonite|atk|1
|-boost|p1a: Dragonite|spe|1
|
|-weather|SunnyDay|[upkeep]
|upkeep
|turn|11
|
|t:|1779820889
|move|p1a: Dragonite|Extreme Speed|p2a: Draco
|-damage|p2a: Draco|0 fnt
|faint|p2a: Draco
|-end|p2a: Draco|Protosynthesis|[silent]
|-damage|p1a: Dragonite|18/100|[from] item: Life Orb
|
|-weather|SunnyDay|[upkeep]
|upkeep
|
|t:|1779820891
|switch|p2a: Emo stoner|Brute Bonnet|100/100
|-damage|p2a: Emo stoner|88/100|[from] Stealth Rock
|-activate|p2a: Emo stoner|ability: Protosynthesis
|-start|p2a: Emo stoner|protosynthesisatk
|turn|12
|
|t:|1779820895
|move|p2a: Emo stoner|Sucker Punch|p1a: Dragonite
|-damage|p1a: Dragonite|0 fnt
|faint|p1a: Dragonite
|
|-weather|none
|-end|p2a: Emo stoner|Protosynthesis
|upkeep
|
|t:|1779820898
|switch|p1a: Iron Moth|Iron Moth, shiny|100/100
|-enditem|p1a: Iron Moth|Booster Energy
|-activate|p1a: Iron Moth|ability: Quark Drive|[fromitem]
|-start|p1a: Iron Moth|quarkdrivespa
|turn|13
|
|t:|1779820901
|-end|p2a: Emo stoner|Protosynthesis|[silent]
|switch|p2a: Zeus|Raging Bolt|100/100
|-damage|p2a: Zeus|88/100|[from] Stealth Rock
|move|p1a: Iron Moth|Fiery Dance|p2a: Zeus
|-resisted|p2a: Zeus
|-damage|p2a: Zeus|61/100
|
|upkeep
|turn|14
|
|t:|1779820905
|move|p1a: Iron Moth|Dazzling Gleam|p2a: Zeus
|-supereffective|p2a: Zeus
|-damage|p2a: Zeus|0 fnt
|faint|p2a: Zeus
|-end|p2a: Zeus|Protosynthesis|[silent]
|
|upkeep
|
|t:|1779820907
|switch|p2a: Majora|Ogerpon-Wellspring, F|100/100
|-damage|p2a: Majora|88/100|[from] Stealth Rock
|turn|15
|
|t:|1779820911
|-terastallize|p2a: Majora|Water
|detailschange|p2a: Majora|Ogerpon-Wellspring-Tera, F, tera:Water
|-ability|p2a: Majora|Embody Aspect (Wellspring)|boost
|-boost|p2a: Majora|spd|1
|move|p1a: Iron Moth|Sludge Wave|p2a: Majora
|-damage|p2a: Majora|39/100
|move|p2a: Majora|Ivy Cudgel|p1a: Iron Moth|[anim] Ivy Cudgel Water
|-supereffective|p1a: Iron Moth
|-damage|p1a: Iron Moth|0 fnt
|faint|p1a: Iron Moth
|-end|p1a: Iron Moth|Quark Drive|[silent]
|
|upkeep
|
|t:|1779820920
|switch|p1a: Dondozo|Dondozo, M, shiny|100/100
|turn|16
|
|t:|1779820922
|move|p2a: Majora|Horn Leech|p1a: Dondozo
|-supereffective|p1a: Dondozo
|-damage|p1a: Dondozo|64/100
|-heal|p2a: Majora|69/100|[from] drain|[of] p1a: Dondozo
|move|p1a: Dondozo|Curse|p1a: Dondozo
|-unboost|p1a: Dondozo|spe|1
|-boost|p1a: Dondozo|atk|1
|-boost|p1a: Dondozo|def|1
|
|-heal|p1a: Dondozo|71/100|[from] item: Leftovers
|upkeep
|turn|17
|
|t:|1779820924
|move|p2a: Majora|Horn Leech|p1a: Dondozo
|-supereffective|p1a: Dondozo
|-damage|p1a: Dondozo|46/100
|-heal|p2a: Majora|90/100|[from] drain|[of] p1a: Dondozo
|move|p1a: Dondozo|Curse|p1a: Dondozo
|-unboost|p1a: Dondozo|spe|1
|-boost|p1a: Dondozo|atk|1
|-boost|p1a: Dondozo|def|1
|
|-heal|p1a: Dondozo|52/100|[from] item: Leftovers
|upkeep
|turn|18
|
|t:|1779820927
|move|p2a: Majora|Encore|p1a: Dondozo
|-start|p1a: Dondozo|Encore
|move|p1a: Dondozo|Curse|p1a: Dondozo
|-unboost|p1a: Dondozo|spe|1
|-boost|p1a: Dondozo|atk|1
|-boost|p1a: Dondozo|def|1
|
|-heal|p1a: Dondozo|58/100|[from] item: Leftovers
|upkeep
|turn|19
|
|t:|1779820930
|move|p2a: Majora|Horn Leech|p1a: Dondozo
|-supereffective|p1a: Dondozo
|-damage|p1a: Dondozo|41/100
|-heal|p2a: Majora|100/100|[from] drain|[of] p1a: Dondozo
|move|p1a: Dondozo|Curse|p1a: Dondozo
|-unboost|p1a: Dondozo|spe|1
|-boost|p1a: Dondozo|atk|1
|-boost|p1a: Dondozo|def|1
|
|-heal|p1a: Dondozo|47/100|[from] item: Leftovers
|upkeep
|turn|20
|
|t:|1779820933
|move|p2a: Majora|Horn Leech|p1a: Dondozo
|-supereffective|p1a: Dondozo
|-damage|p1a: Dondozo|33/100
|move|p1a: Dondozo|Curse|p1a: Dondozo
|-unboost|p1a: Dondozo|spe|1
|-boost|p1a: Dondozo|atk|1
|-boost|p1a: Dondozo|def|1
|
|-heal|p1a: Dondozo|39/100|[from] item: Leftovers
|-end|p1a: Dondozo|Encore
|upkeep
|turn|21
|
|t:|1779820936
|move|p2a: Majora|Encore|p1a: Dondozo
|-start|p1a: Dondozo|Encore
|move|p1a: Dondozo|Curse|p1a: Dondozo
|-unboost|p1a: Dondozo|spe|1
|-boost|p1a: Dondozo|atk|1
|-boost|p1a: Dondozo|def|1
|
|-heal|p1a: Dondozo|45/100|[from] item: Leftovers
|upkeep
|turn|22
|
|t:|1779820938
|move|p2a: Majora|Horn Leech|p1a: Dondozo
|-supereffective|p1a: Dondozo
|-damage|p1a: Dondozo|34/100
|move|p1a: Dondozo|Curse|p1a: Dondozo
|
|-heal|p1a: Dondozo|40/100|[from] item: Leftovers
|upkeep
|turn|23
|
|t:|1779820941
|move|p2a: Majora|Horn Leech|p1a: Dondozo
|-supereffective|p1a: Dondozo
|-damage|p1a: Dondozo|31/100
|move|p1a: Dondozo|Curse|p1a: Dondozo
|
|-heal|p1a: Dondozo|37/100|[from] item: Leftovers
|-end|p1a: Dondozo|Encore
|upkeep
|turn|24
|
|t:|1779820944
|move|p2a: Majora|Encore|p1a: Dondozo
|-start|p1a: Dondozo|Encore
|move|p1a: Dondozo|Curse|p1a: Dondozo
|
|-heal|p1a: Dondozo|43/100|[from] item: Leftovers
|upkeep
|turn|25
|
|t:|1779820946
|move|p2a: Majora|Horn Leech|p1a: Dondozo
|-supereffective|p1a: Dondozo
|-damage|p1a: Dondozo|32/100
|move|p1a: Dondozo|Curse|p1a: Dondozo
|
|-heal|p1a: Dondozo|39/100|[from] item: Leftovers
|upkeep
|turn|26
|
|t:|1779820948
|move|p2a: Majora|Horn Leech|p1a: Dondozo
|-supereffective|p1a: Dondozo
|-damage|p1a: Dondozo|29/100
|move|p1a: Dondozo|Curse|p1a: Dondozo
|
|-heal|p1a: Dondozo|35/100|[from] item: Leftovers
|-end|p1a: Dondozo|Encore
|upkeep
|turn|27
|
|t:|1779820953
|move|p2a: Majora|Encore|p1a: Dondozo
|-start|p1a: Dondozo|Encore
|move|p1a: Dondozo|Curse|p1a: Dondozo
|
|-heal|p1a: Dondozo|41/100|[from] item: Leftovers
|upkeep
|turn|28
|
|t:|1779820956
|move|p2a: Majora|Horn Leech|p1a: Dondozo
|-supereffective|p1a: Dondozo
|-damage|p1a: Dondozo|32/100
|move|p1a: Dondozo|Curse|p1a: Dondozo
|
|-heal|p1a: Dondozo|38/100|[from] item: Leftovers
|upkeep
|turn|29
|
|t:|1779820959
|move|p2a: Majora|Horn Leech|p1a: Dondozo
|-supereffective|p1a: Dondozo
|-damage|p1a: Dondozo|27/100
|move|p1a: Dondozo|Curse|p1a: Dondozo
|
|-heal|p1a: Dondozo|33/100|[from] item: Leftovers
|-end|p1a: Dondozo|Encore
|upkeep
|turn|30
|
|t:|1779820961
|move|p2a: Majora|Encore|p1a: Dondozo
|-start|p1a: Dondozo|Encore
|move|p1a: Dondozo|Curse|p1a: Dondozo
|
|-heal|p1a: Dondozo|40/100|[from] item: Leftovers
|upkeep
|turn|31
|
|t:|1779820965
|move|p2a: Majora|Horn Leech|p1a: Dondozo
|-supereffective|p1a: Dondozo
|-damage|p1a: Dondozo|29/100
|move|p1a: Dondozo|Curse|p1a: Dondozo
|
|-heal|p1a: Dondozo|35/100|[from] item: Leftovers
|-end|p1a: Dondozo|Encore
|upkeep
|turn|32
|
|t:|1779820967
|move|p2a: Majora|Encore||[still]
|-fail|p2a: Majora
|move|p1a: Dondozo|Rest|p1a: Dondozo
|-status|p1a: Dondozo|slp|[from] move: Rest
|-heal|p1a: Dondozo|100/100 slp|[silent]
|
|upkeep
|turn|33
|
|t:|1779820975
|switch|p2a: GG|Latias, F, shiny|100/100
|-damage|p2a: GG|88/100|[from] Stealth Rock
|cant|p1a: Dondozo|slp
|
|upkeep
|turn|34
|
|t:|1779820978
|move|p2a: GG|Calm Mind|p2a: GG
|-boost|p2a: GG|spa|1
|-boost|p2a: GG|spd|1
|cant|p1a: Dondozo|slp
|
|upkeep
|turn|35
|
|t:|1779820980
|move|p2a: GG|Calm Mind|p2a: GG
|-boost|p2a: GG|spa|1
|-boost|p2a: GG|spd|1
|-curestatus|p1a: Dondozo|slp|[msg]
|move|p1a: Dondozo|Avalanche|p2a: GG
|-supereffective|p2a: GG
|-damage|p2a: GG|6/100
|-enditem|p2a: GG|Weakness Policy
|-boost|p2a: GG|atk|2|[from] item: Weakness Policy
|-boost|p2a: GG|spa|2|[from] item: Weakness Policy
|
|upkeep
|turn|36
|
|t:|1779820989
|move|p2a: GG|Stored Power|p1a: Dondozo
|-damage|p1a: Dondozo|40/100
|move|p1a: Dondozo|Avalanche|p2a: GG
|-supereffective|p2a: GG
|-damage|p2a: GG|0 fnt
|faint|p2a: GG
|
|-heal|p1a: Dondozo|46/100|[from] item: Leftovers
|upkeep
|
|t:|1779820992
|switch|p2a: Majora|Ogerpon-Wellspring-Tera, F, tera:Water|100/100
|-damage|p2a: Majora|88/100|[from] Stealth Rock
|-ability|p2a: Majora|Embody Aspect (Wellspring)|boost
|-boost|p2a: Majora|spd|1
|turn|37
|-message|SaiyanSage forfeited.
|
|win|AteefIsThug
|raw|AteefIsThug's rating: 1213 &rarr; <strong>1236</strong><br />(+23 for winning)
|raw|SaiyanSage's rating: 1185 &rarr; <strong>1162</strong><br />(-23 for losing)
|l|☆SaiyanSage
|player|p2|
|l|☆AteefIsThug
|player|p1|
