|j|☆Night230906
|j|☆hashga123
|t:|1779897894
|gametype|singles
|player|p1|Night230906|hilbert|1283
|player|p2|hashga123|265|1324
|gen|9
|tier|[Gen 9] OU
|rated|
|rule|HP Percentage Mod: HP is shown in percentages
|rule|Endless Battle Clause: Forcing endless battles is banned
|rule|Species Clause: Limit one of each Pokémon
|rule|OHKO Clause: OHKO moves are banned
|rule|Evasion Items Clause: Evasion items are banned
|rule|Evasion Moves Clause: Evasion moves are banned
|rule|Evasion Abilities Clause: Evasion abilities are banned
|rule|Sleep Moves Clause: Sleep-inducing moves are banned
|clearpoke
|poke|p1|Ting-Lu|
|poke|p1|Ursaluna, M|
|poke|p1|Garganacl, F|
|poke|p1|Vespiquen, F|
|poke|p1|Hydreigon, M|
|poke|p1|Okidogi, M|
|poke|p2|Ogerpon-Wellspring, F|
|poke|p2|Iron Moth|
|poke|p2|Raging Bolt|
|poke|p2|Kingambit, F|
|poke|p2|Hatterene, F|
|poke|p2|Zamazenta-*|
|teampreview
|inactive|Battle timer is ON: inactive players will automatically lose when time's up. (requested by Night230906)
|
|t:|1779897902
|teamsize|p1|6
|teamsize|p2|6
|start
|switch|p1a: Vespiquen|Vespiquen, F|100/100
|switch|p2a: Hatterene|Hatterene, F|100/100
|-ability|p1a: Vespiquen|Pressure
|turn|1
|
|t:|1779897914
|move|p2a: Hatterene|Nuzzle|p1a: Vespiquen
|-supereffective|p1a: Vespiquen
|-damage|p1a: Vespiquen|91/100
|-status|p1a: Vespiquen|par
|move|p1a: Vespiquen|Air Slash|p2a: Hatterene
|-damage|p2a: Hatterene|80/100
|-enditem|p2a: Hatterene|Eject Button
|
|t:|1779897938
|switch|p2a: Iron Moth|Iron Moth|100/100
|-enditem|p2a: Iron Moth|Booster Energy
|-activate|p2a: Iron Moth|ability: Quark Drive|[fromitem]
|-start|p2a: Iron Moth|quarkdrivespe
|
|upkeep
|turn|2
|
|t:|1779897944
|move|p2a: Iron Moth|Fiery Dance|p1a: Vespiquen
|-supereffective|p1a: Vespiquen
|-crit|p1a: Vespiquen
|-damage|p1a: Vespiquen|0 fnt
|faint|p1a: Vespiquen
|
|upkeep
|
|t:|1779897949
|switch|p1a: Ting-Lu|Ting-Lu|100/100
|-ability|p1a: Ting-Lu|Vessel of Ruin
|turn|3
|
|t:|1779897956
|move|p2a: Iron Moth|Fiery Dance|p1a: Ting-Lu
|-damage|p1a: Ting-Lu|84/100
|move|p1a: Ting-Lu|Stealth Rock|p2a: Iron Moth
|-sidestart|p2: hashga123|move: Stealth Rock
|
|-heal|p1a: Ting-Lu|90/100|[from] item: Leftovers
|upkeep
|turn|4
|
|t:|1779897962
|move|p2a: Iron Moth|Fiery Dance|p1a: Ting-Lu
|-damage|p1a: Ting-Lu|72/100
|-boost|p2a: Iron Moth|spa|1
|move|p1a: Ting-Lu|Earthquake|p2a: Iron Moth
|-supereffective|p2a: Iron Moth
|-damage|p2a: Iron Moth|0 fnt
|faint|p2a: Iron Moth
|-end|p2a: Iron Moth|Quark Drive|[silent]
|
|-heal|p1a: Ting-Lu|78/100|[from] item: Leftovers
|upkeep
|
|t:|1779897971
|switch|p2a: Ogerpon|Ogerpon-Wellspring, F|100/100
|-damage|p2a: Ogerpon|88/100|[from] Stealth Rock
|turn|5
|
|t:|1779897977
|move|p2a: Ogerpon|Ivy Cudgel|p1a: Ting-Lu|[anim] Ivy Cudgel Water
|-supereffective|p1a: Ting-Lu
|-crit|p1a: Ting-Lu
|-damage|p1a: Ting-Lu|0 fnt
|faint|p1a: Ting-Lu
|
|upkeep
|
|t:|1779897983
|switch|p1a: Okidogi|Okidogi, M|100/100
|turn|6
|
|t:|1779897992
|move|p2a: Ogerpon|Ivy Cudgel|p1a: Okidogi|[anim] Ivy Cudgel Water
|-damage|p1a: Okidogi|56/100
|move|p1a: Okidogi|Gunk Shot|p2a: Ogerpon
|-supereffective|p2a: Ogerpon
|-damage|p2a: Ogerpon|0 fnt
|faint|p2a: Ogerpon
|
|upkeep
|
|t:|1779898000
|switch|p2a: Hatterene|Hatterene, F|80/100
|-damage|p2a: Hatterene|67/100|[from] Stealth Rock
|turn|7
|
|t:|1779898005
|move|p1a: Okidogi|Gunk Shot|p2a: Hatterene
|-supereffective|p2a: Hatterene
|-damage|p2a: Hatterene|0 fnt
|faint|p2a: Hatterene
|
|upkeep
|
|t:|1779898010
|switch|p2a: Kingambit|Kingambit, F|100/100
|-damage|p2a: Kingambit|94/100|[from] Stealth Rock
|-activate|p2a: Kingambit|ability: Supreme Overlord
|-start|p2a: Kingambit|fallen3|[silent]
|turn|8
|
|t:|1779898020
|-terastallize|p2a: Kingambit|Fire
|move|p2a: Kingambit|Iron Head|p1a: Okidogi
|-damage|p1a: Okidogi|9/100
|move|p1a: Okidogi|Drain Punch|p2a: Kingambit
|-damage|p2a: Kingambit|57/100
|-heal|p1a: Okidogi|26/100|[from] drain|[of] p2a: Kingambit
|
|upkeep
|turn|9
|
|t:|1779898029
|move|p2a: Kingambit|Iron Head|p1a: Okidogi
|-damage|p1a: Okidogi|0 fnt
|faint|p1a: Okidogi
|
|upkeep
|
|t:|1779898034
|switch|p1a: Ursaluna|Ursaluna, M|100/100
|turn|10
|
|t:|1779898040
|move|p2a: Kingambit|Swords Dance|p2a: Kingambit
|-boost|p2a: Kingambit|atk|2
|move|p1a: Ursaluna|Headlong Rush|p2a: Kingambit
|-supereffective|p2a: Kingambit
|-enditem|p2a: Kingambit|Shuca Berry|[eat]
|-enditem|p2a: Kingambit|Shuca Berry|[weaken]
|-damage|p2a: Kingambit|0 fnt
|-unboost|p1a: Ursaluna|def|1
|-unboost|p1a: Ursaluna|spd|1
|faint|p2a: Kingambit
|-end|p2a: Kingambit|fallen3|[silent]
|
|-status|p1a: Ursaluna|brn|[from] item: Flame Orb
|upkeep
|
|t:|1779898051
|switch|p2a: Zamazenta|Zamazenta|100/100
|-damage|p2a: Zamazenta|94/100|[from] Stealth Rock
|-ability|p2a: Zamazenta|Dauntless Shield|boost
|-boost|p2a: Zamazenta|def|1
|turn|11
|
|t:|1779898057
|move|p2a: Zamazenta|Body Press|p1a: Ursaluna
|-supereffective|p1a: Ursaluna
|-damage|p1a: Ursaluna|7/100 brn
|move|p1a: Ursaluna|Facade|p2a: Zamazenta
|-damage|p2a: Zamazenta|18/100
|
|-heal|p2a: Zamazenta|24/100|[from] item: Leftovers
|-damage|p1a: Ursaluna|1/100 brn|[from] brn
|upkeep
|turn|12
|
|t:|1779898065
|move|p2a: Zamazenta|Body Press|p1a: Ursaluna
|-supereffective|p1a: Ursaluna
|-damage|p1a: Ursaluna|0 fnt
|faint|p1a: Ursaluna
|
|-heal|p2a: Zamazenta|30/100|[from] item: Leftovers
|upkeep
|
|t:|1779898071
|switch|p1a: Garganacl|Garganacl, F|100/100
|turn|13
|
|t:|1779898077
|move|p2a: Zamazenta|Body Press|p1a: Garganacl
|-supereffective|p1a: Garganacl
|-damage|p1a: Garganacl|41/100
|move|p1a: Garganacl|Salt Cure|p2a: Zamazenta
|-resisted|p2a: Zamazenta
|-damage|p2a: Zamazenta|26/100
|-start|p2a: Zamazenta|Salt Cure
|
|-heal|p2a: Zamazenta|32/100|[from] item: Leftovers
|-heal|p1a: Garganacl|47/100|[from] item: Leftovers
|-damage|p2a: Zamazenta|20/100|[from] Salt Cure
|upkeep
|turn|14
|
|t:|1779898086
|move|p1a: Garganacl|Protect|p1a: Garganacl
|-singleturn|p1a: Garganacl|Protect
|move|p2a: Zamazenta|Iron Defense|p2a: Zamazenta
|-boost|p2a: Zamazenta|def|2
|
|-heal|p2a: Zamazenta|26/100|[from] item: Leftovers
|-heal|p1a: Garganacl|53/100|[from] item: Leftovers
|-damage|p2a: Zamazenta|14/100|[from] Salt Cure
|upkeep
|turn|15
|
|t:|1779898095
|move|p2a: Zamazenta|Body Press|p1a: Garganacl
|-supereffective|p1a: Garganacl
|-damage|p1a: Garganacl|0 fnt
|faint|p1a: Garganacl
|
|-heal|p2a: Zamazenta|20/100|[from] item: Leftovers
|-damage|p2a: Zamazenta|8/100|[from] Salt Cure
|upkeep
|
|t:|1779898097
|switch|p1a: Hydreigon|Hydreigon, M|100/100
|turn|16
|
|t:|1779898105
|-terastallize|p1a: Hydreigon|Steel
|move|p2a: Zamazenta|Body Press|p1a: Hydreigon
|-supereffective|p1a: Hydreigon
|-damage|p1a: Hydreigon|0 fnt
|faint|p1a: Hydreigon
|
|win|hashga123
|raw|Night230906's rating: 1283 &rarr; <strong>1261</strong><br />(-22 for losing)
|raw|hashga123's rating: 1324 &rarr; <strong>1342</strong><br />(+18 for winning)
|l|☆Night230906
|player|p1|
|l|☆hashga123
|player|p2|
