|j|☆i pad kid 67
|j|☆kuraiyagare
|t:|1779889852
|gametype|singles
|player|p1|i pad kid 67|1|1358
|player|p2|kuraiyagare|pokemonranger-gen4|1407
|gen|9
|tier|[Gen 9] OU
|rated|
|rule|HP Percentage Mod: HP is shown in percentages
|rule|Endless Battle Clause: Forcing endless battles is banned
|rule|Species Clause: Limit one of each Pokémon
|rule|OHKO Clause: OHKO moves are banned
|rule|Evasion Items Clause: Evasion items are banned
|rule|Evasion Moves Clause: Evasion moves are banned
|rule|Evasion Abilities Clause: Evasion abilities are banned
|rule|Sleep Moves Clause: Sleep-inducing moves are banned
|clearpoke
|poke|p1|Ninetales, M|
|poke|p1|Dragonite, F|
|poke|p1|Cinderace, M|
|poke|p1|Walking Wake|
|poke|p1|Cresselia, F|
|poke|p1|Great Tusk|
|poke|p2|Breloom, F|
|poke|p2|Gardevoir, F|
|poke|p2|Talonflame, M|
|poke|p2|Magnezone|
|poke|p2|Drifblim, F|
|poke|p2|Zangoose, F|
|teampreview
|
|t:|1779889862
|teamsize|p1|6
|teamsize|p2|6
|start
|switch|p1a: Ninetales|Ninetales, M, shiny|100/100
|switch|p2a: hax = skill|Magnezone|100/100
|-weather|SunnyDay|[from] ability: Drought|[of] p1a: Ninetales
|turn|1
|inactive|Battle timer is ON: inactive players will automatically lose when time's up. (requested by kuraiyagare)
|
|t:|1779889869
|move|p1a: Ninetales|Overheat|p2a: hax = skill
|-supereffective|p2a: hax = skill
|-ability|p2a: hax = skill|Sturdy
|-damage|p2a: hax = skill|1/100
|-unboost|p1a: Ninetales|spa|2
|move|p2a: hax = skill|Mirror Coat|p1a: Ninetales
|-damage|p1a: Ninetales|0 fnt
|faint|p1a: Ninetales
|
|-weather|SunnyDay|[upkeep]
|upkeep
|
|t:|1779889880
|switch|p1a: Walking Wake|Walking Wake|100/100
|-activate|p1a: Walking Wake|ability: Protosynthesis
|-start|p1a: Walking Wake|protosynthesisspa
|turn|2
|-enditem|p2a: hax = skill|Custap Berry|[eat]
|-activate|p2a: hax = skill|item: Custap Berry|[consumed]
|
|t:|1779889884
|move|p2a: hax = skill|Thunderbolt|p1a: Walking Wake
|-damage|p1a: Walking Wake|45/100
|move|p1a: Walking Wake|Hydro Steam|p2a: hax = skill
|-damage|p2a: hax = skill|0 fnt
|faint|p2a: hax = skill
|
|-weather|SunnyDay|[upkeep]
|upkeep
|
|t:|1779889904
|switch|p2a: Drastenie|Breloom, F|100/100
|turn|3
|
|t:|1779889914
|move|p1a: Walking Wake|Hydro Steam|p2a: Drastenie
|-resisted|p2a: Drastenie
|-enditem|p2a: Drastenie|Focus Sash
|-damage|p2a: Drastenie|1/100
|move|p2a: Drastenie|Bullet Seed|p1a: Walking Wake
|-damage|p1a: Walking Wake|23/100
|-damage|p1a: Walking Wake|0 fnt
|faint|p1a: Walking Wake
|-end|p1a: Walking Wake|Protosynthesis|[silent]
|-hitcount|p1: Walking Wake|2
|
|-weather|SunnyDay|[upkeep]
|upkeep
|
|t:|1779889922
|switch|p1a: Cinderace|Cinderace, M|100/100
|turn|4
|
|t:|1779889925
|move|p2a: Drastenie|Mach Punch|p1a: Cinderace
|-damage|p1a: Cinderace|53/100
|move|p1a: Cinderace|U-turn|p2a: Drastenie
|-start|p1a: Cinderace|typechange|Bug|[from] ability: Libero
|-damage|p2a: Drastenie|0 fnt
|faint|p2a: Drastenie
|c|☆i pad kid 67|you are so annoying
|
|t:|1779889932
|switch|p1a: Cresselia|Cresselia, F|100/100|[from] U-turn
|
|-weather|SunnyDay|[upkeep]
|upkeep
|
|t:|1779889949
|switch|p2a: Gardenia|Gardevoir, F|100/100
|-ability|p2a: Gardenia|Levitate|Trace|[from] ability: Trace|[of] p1a: Cresselia
|turn|5
|
|t:|1779889956
|move|p2a: Gardenia|Moonblast|p1a: Cresselia
|-damage|p1a: Cresselia|69/100
|-unboost|p1a: Cresselia|spa|1
|-enditem|p1a: Cresselia|Eject Button
|
|t:|1779889961
|switch|p1a: Cinderace|Cinderace, M|53/100
|
|-weather|SunnyDay|[upkeep]
|upkeep
|turn|6
|
|t:|1779889965
|move|p1a: Cinderace|Pyro Ball|p2a: Gardenia
|-crit|p2a: Gardenia
|-enditem|p2a: Gardenia|Focus Sash
|-damage|p2a: Gardenia|1/100
|move|p2a: Gardenia|Moonblast|p1a: Cinderace
|-resisted|p1a: Cinderace
|-damage|p1a: Cinderace|16/100
|
|-weather|SunnyDay|[upkeep]
|upkeep
|turn|7
|
|t:|1779889971
|move|p2a: Gardenia|Vacuum Wave|p1a: Cinderace
|-damage|p1a: Cinderace|0 fnt
|faint|p1a: Cinderace
|
|-weather|SunnyDay|[upkeep]
|upkeep
|c|☆i pad kid 67|you rae so annoying
|
|t:|1779889984
|switch|p1a: Cresselia|Cresselia, F|69/100
|turn|8
|
|t:|1779889987
|move|p2a: Gardenia|Destiny Bond|p2a: Gardenia
|-singlemove|p2a: Gardenia|Destiny Bond
|move|p1a: Cresselia|Ice Beam|p2a: Gardenia
|-damage|p2a: Gardenia|0 fnt
|faint|p2a: Gardenia
|-activate|p2a: Gardenia|move: Destiny Bond
|faint|p1a: Cresselia
|
|-weather|none
|upkeep
|
|t:|1779889998
|switch|p2a: Vatra|Talonflame, M|100/100
|switch|p1a: Dragonite|Dragonite, F|100/100
|turn|9
|
|t:|1779890004
|move|p2a: Vatra|Will-O-Wisp|p1a: Dragonite
|-status|p1a: Dragonite|brn
|move|p1a: Dragonite|Rock Slide|p2a: Vatra
|-supereffective|p2a: Vatra
|-damage|p2a: Vatra|18/100
|
|-damage|p1a: Dragonite|94/100 brn|[from] brn
|upkeep
|turn|10
|
|t:|1779890010
|switch|p2a: drifflim|Drifblim, F|100/100
|move|p1a: Dragonite|Dragon Dance|p1a: Dragonite
|-boost|p1a: Dragonite|atk|1
|-boost|p1a: Dragonite|spe|1
|
|-damage|p1a: Dragonite|88/100 brn|[from] brn
|upkeep
|turn|11
|
|t:|1779890018
|move|p1a: Dragonite|Rock Slide|p2a: drifflim
|-supereffective|p2a: drifflim
|-damage|p2a: drifflim|48/100
|-enditem|p2a: drifflim|Weakness Policy
|-boost|p2a: drifflim|atk|2|[from] item: Weakness Policy
|-boost|p2a: drifflim|spa|2|[from] item: Weakness Policy
|cant|p2a: drifflim|flinch
|
|-damage|p1a: Dragonite|82/100 brn|[from] brn
|upkeep
|turn|12
|
|t:|1779890025
|-terastallize|p2a: drifflim|Fighting
|move|p2a: drifflim|Strength Sap|p1a: Dragonite
|-unboost|p1a: Dragonite|atk|1
|-heal|p2a: drifflim|100/100
|move|p1a: Dragonite|Rock Slide|p2a: drifflim
|-resisted|p2a: drifflim
|-damage|p2a: drifflim|91/100
|
|-damage|p1a: Dragonite|76/100 brn|[from] brn
|upkeep
|turn|13
|-message|i pad kid 67 forfeited.
|
|win|kuraiyagare
|raw|i pad kid 67's rating: 1358 &rarr; <strong>1341</strong><br />(-17 for losing)
|raw|kuraiyagare's rating: 1407 &rarr; <strong>1424</strong><br />(+17 for winning)
|l|☆i pad kid 67
|player|p1|
|l|☆kuraiyagare
|player|p2|
