|j|☆lolcano46
|j|☆tokiwakano
|t:|1779930696
|gametype|singles
|player|p1|lolcano46|fisherman-gen4|1658
|player|p2|tokiwakano|acetrainerf|1705
|gen|9
|tier|[Gen 9] OU
|rated|
|rule|HP Percentage Mod: HP is shown in percentages
|rule|Endless Battle Clause: Forcing endless battles is banned
|rule|Species Clause: Limit one of each Pokémon
|rule|OHKO Clause: OHKO moves are banned
|rule|Evasion Items Clause: Evasion items are banned
|rule|Evasion Moves Clause: Evasion moves are banned
|rule|Evasion Abilities Clause: Evasion abilities are banned
|rule|Sleep Moves Clause: Sleep-inducing moves are banned
|clearpoke
|poke|p1|Azelf|
|poke|p1|Ogerpon-Wellspring, F|
|poke|p1|Scizor, M|
|poke|p1|Gengar, M|
|poke|p1|Raging Bolt|
|poke|p1|Cinderace, F|
|poke|p2|Clefable, M|
|poke|p2|Meowscarada, M|
|poke|p2|Ting-Lu|
|poke|p2|Dragonite, F|
|poke|p2|Gholdengo|
|poke|p2|Zamazenta-*|
|teampreview
|inactive|Battle timer is ON: inactive players will automatically lose when time's up. (requested by lolcano46)
|
|t:|1779930703
|teamsize|p1|6
|teamsize|p2|6
|start
|switch|p1a: Gengar|Gengar, M|100/100
|switch|p2a: Meowscarada|Meowscarada, M|100/100
|turn|1
|
|t:|1779930709
|move|p1a: Gengar|Sludge Bomb|p2a: Meowscarada
|-supereffective|p2a: Meowscarada
|-damage|p2a: Meowscarada|0 fnt
|faint|p2a: Meowscarada
|
|upkeep
|
|t:|1779930713
|switch|p2a: Ting-Lu|Ting-Lu|100/100
|-ability|p2a: Ting-Lu|Vessel of Ruin
|turn|2
|
|t:|1779930716
|move|p1a: Gengar|Sludge Bomb|p2a: Ting-Lu
|-resisted|p2a: Ting-Lu
|-damage|p2a: Ting-Lu|90/100
|-status|p2a: Ting-Lu|psn
|move|p2a: Ting-Lu|Stealth Rock|p1a: Gengar
|-sidestart|p1: lolcano46|move: Stealth Rock
|
|-heal|p2a: Ting-Lu|96/100 psn|[from] item: Leftovers
|-damage|p2a: Ting-Lu|84/100 psn|[from] psn
|upkeep
|turn|3
|
|t:|1779930721
|move|p1a: Gengar|Sludge Bomb|p2a: Ting-Lu
|-resisted|p2a: Ting-Lu
|-damage|p2a: Ting-Lu|75/100 psn
|move|p2a: Ting-Lu|Ruination|p1a: Gengar
|-damage|p1a: Gengar|50/100
|
|-heal|p2a: Ting-Lu|81/100 psn|[from] item: Leftovers
|-damage|p2a: Ting-Lu|69/100 psn|[from] psn
|upkeep
|turn|4
|
|t:|1779930725
|move|p1a: Gengar|Sludge Bomb|p2a: Ting-Lu
|-resisted|p2a: Ting-Lu
|-damage|p2a: Ting-Lu|58/100 psn
|move|p2a: Ting-Lu|Earthquake|p1a: Gengar
|-supereffective|p1a: Gengar
|-damage|p1a: Gengar|0 fnt
|faint|p1a: Gengar
|
|-heal|p2a: Ting-Lu|65/100 psn|[from] item: Leftovers
|-damage|p2a: Ting-Lu|52/100 psn|[from] psn
|upkeep
|
|t:|1779930733
|switch|p1a: Azelf|Azelf|100/100
|-damage|p1a: Azelf|88/100|[from] Stealth Rock
|turn|5
|
|t:|1779930736
|move|p1a: Azelf|Dazzling Gleam|p2a: Ting-Lu
|-supereffective|p2a: Ting-Lu
|-damage|p2a: Ting-Lu|28/100 psn
|move|p2a: Ting-Lu|Ruination|p1a: Azelf
|-damage|p1a: Azelf|44/100
|
|-heal|p2a: Ting-Lu|34/100 psn|[from] item: Leftovers
|-damage|p2a: Ting-Lu|21/100 psn|[from] psn
|upkeep
|turn|6
|
|t:|1779930741
|switch|p2a: Gholdengo|Gholdengo|100/100
|move|p1a: Azelf|Dazzling Gleam|p2a: Gholdengo
|-resisted|p2a: Gholdengo
|-damage|p2a: Gholdengo|84/100
|
|upkeep
|turn|7
|
|t:|1779930745
|move|p2a: Gholdengo|Shadow Ball|p1a: Azelf
|-supereffective|p1a: Azelf
|-damage|p1a: Azelf|0 fnt
|faint|p1a: Azelf
|
|upkeep
|
|t:|1779930746
|switch|p1a: Cinderace|Cinderace, F|100/100
|turn|8
|
|t:|1779930748
|move|p1a: Cinderace|Sucker Punch|p2a: Gholdengo
|-start|p1a: Cinderace|typechange|Dark|[from] ability: Libero
|-supereffective|p2a: Gholdengo
|-damage|p2a: Gholdengo|13/100
|move|p2a: Gholdengo|Shadow Ball|p1a: Cinderace
|-resisted|p1a: Cinderace
|-damage|p1a: Cinderace|69/100
|
|upkeep
|turn|9
|
|t:|1779930752
|switch|p2a: Ting-Lu|Ting-Lu|21/100 psn
|-ability|p2a: Ting-Lu|Vessel of Ruin
|move|p1a: Cinderace|Will-O-Wisp|p2a: Ting-Lu|[miss]
|-miss|p1a: Cinderace|p2a: Ting-Lu
|
|-heal|p2a: Ting-Lu|28/100 psn|[from] item: Leftovers
|-damage|p2a: Ting-Lu|15/100 psn|[from] psn
|upkeep
|turn|10
|
|t:|1779930758
|move|p1a: Cinderace|Pyro Ball|p2a: Ting-Lu
|-damage|p2a: Ting-Lu|0 fnt
|faint|p2a: Ting-Lu
|
|upkeep
|
|t:|1779930760
|switch|p2a: Zamazenta|Zamazenta|100/100
|-ability|p2a: Zamazenta|Dauntless Shield|boost
|-boost|p2a: Zamazenta|def|1
|turn|11
|
|t:|1779930765
|-terastallize|p1a: Cinderace|Ghost
|move|p2a: Zamazenta|Close Combat|p1a: Cinderace
|-immune|p1a: Cinderace
|move|p1a: Cinderace|Will-O-Wisp|p2a: Zamazenta|[miss]
|-miss|p1a: Cinderace|p2a: Zamazenta
|
|upkeep
|turn|12
|
|t:|1779930774
|switch|p2a: Clefable|Clefable, M|100/100
|move|p1a: Cinderace|Will-O-Wisp|p2a: Clefable
|-status|p2a: Clefable|brn
|
|upkeep
|turn|13
|
|t:|1779930777
|move|p1a: Cinderace|Court Change|p1a: Cinderace
|-swapsideconditions
|-activate|p1a: Cinderace|move: Court Change
|move|p2a: Clefable|Knock Off|p1a: Cinderace
|-supereffective|p1a: Cinderace
|-damage|p1a: Cinderace|47/100
|-enditem|p1a: Cinderace|Heavy-Duty Boots|[from] move: Knock Off|[of] p2a: Clefable
|
|upkeep
|turn|14
|
|t:|1779930782
|move|p1a: Cinderace|Pyro Ball|p2a: Clefable
|-damage|p2a: Clefable|70/100 brn
|move|p2a: Clefable|Moonblast|p1a: Cinderace
|-damage|p1a: Cinderace|4/100
|
|-heal|p2a: Clefable|76/100 brn|[from] item: Leftovers
|upkeep
|turn|15
|
|t:|1779930786
|move|p1a: Cinderace|Pyro Ball|p2a: Clefable
|-damage|p2a: Clefable|45/100 brn
|move|p2a: Clefable|Knock Off|p1a: Cinderace
|-supereffective|p1a: Cinderace
|-damage|p1a: Cinderace|0 fnt
|faint|p1a: Cinderace
|
|-heal|p2a: Clefable|51/100 brn|[from] item: Leftovers
|upkeep
|
|t:|1779930789
|switch|p1a: Ogerpon|Ogerpon-Wellspring, F|100/100
|turn|16
|
|t:|1779930792
|move|p1a: Ogerpon|Swords Dance|p1a: Ogerpon
|-boost|p1a: Ogerpon|atk|2
|move|p2a: Clefable|Moonblast|p1a: Ogerpon
|-damage|p1a: Ogerpon|64/100
|
|-heal|p2a: Clefable|57/100 brn|[from] item: Leftovers
|upkeep
|turn|17
|
|t:|1779930794
|move|p1a: Ogerpon|Horn Leech|p2a: Clefable
|-damage|p2a: Clefable|0 fnt
|-heal|p1a: Ogerpon|100/100|[from] drain|[of] p2a: Clefable
|faint|p2a: Clefable
|
|upkeep
|
|t:|1779930797
|switch|p2a: Dragonite|Dragonite, F|100/100
|turn|18
|
|t:|1779930800
|move|p1a: Ogerpon|Play Rough|p2a: Dragonite
|-supereffective|p2a: Dragonite
|-damage|p2a: Dragonite|22/100
|move|p2a: Dragonite|Dragon Dance|p2a: Dragonite
|-boost|p2a: Dragonite|atk|1
|-boost|p2a: Dragonite|spe|1
|
|upkeep
|turn|19
|
|t:|1779930805
|move|p2a: Dragonite|Extreme Speed|p1a: Ogerpon
|-damage|p1a: Ogerpon|39/100
|move|p1a: Ogerpon|Ivy Cudgel|p2a: Dragonite|[anim] Ivy Cudgel Water
|-resisted|p2a: Dragonite
|-crit|p2a: Dragonite
|-damage|p2a: Dragonite|0 fnt
|faint|p2a: Dragonite
|
|upkeep
|
|t:|1779930808
|switch|p2a: Zamazenta|Zamazenta|100/100
|turn|20
|
|t:|1779930810
|move|p2a: Zamazenta|Close Combat|p1a: Ogerpon
|-damage|p1a: Ogerpon|0 fnt
|-unboost|p2a: Zamazenta|def|1
|-unboost|p2a: Zamazenta|spd|1
|faint|p1a: Ogerpon
|
|upkeep
|
|t:|1779930812
|switch|p1a: Raging Bolt|Raging Bolt|100/100
|-enditem|p1a: Raging Bolt|Booster Energy
|-activate|p1a: Raging Bolt|ability: Protosynthesis|[fromitem]
|-start|p1a: Raging Bolt|protosynthesisspa
|turn|21
|
|t:|1779930815
|switch|p2a: Gholdengo|Gholdengo|13/100
|-damage|p2a: Gholdengo|7/100|[from] Stealth Rock
|move|p1a: Raging Bolt|Thunderbolt|p2a: Gholdengo
|-damage|p2a: Gholdengo|0 fnt
|faint|p2a: Gholdengo
|
|upkeep
|
|t:|1779930817
|switch|p2a: Zamazenta|Zamazenta|100/100
|turn|22
|
|t:|1779930820
|move|p2a: Zamazenta|Close Combat|p1a: Raging Bolt
|-damage|p1a: Raging Bolt|45/100
|-unboost|p2a: Zamazenta|def|1
|-unboost|p2a: Zamazenta|spd|1
|move|p1a: Raging Bolt|Thunderbolt|p2a: Zamazenta
|-damage|p2a: Zamazenta|8/100
|
|upkeep
|turn|23
|
|t:|1779930826
|move|p1a: Raging Bolt|Thunderclap||[still]
|-fail|p1a: Raging Bolt
|move|p2a: Zamazenta|Roar|p1a: Raging Bolt
|-end|p1a: Raging Bolt|Protosynthesis|[silent]
|drag|p1a: Scizor|Scizor, M|100/100
|
|upkeep
|turn|24
|
|t:|1779930828
|move|p1a: Scizor|Bullet Punch|p2a: Zamazenta
|-damage|p2a: Zamazenta|0 fnt
|faint|p2a: Zamazenta
|
|win|lolcano46
|raw|lolcano46's rating: 1658 &rarr; <strong>1681</strong><br />(+23 for winning)
|raw|tokiwakano's rating: 1705 &rarr; <strong>1682</strong><br />(-23 for losing)
|l|☆tokiwakano
|player|p2|
