|j|☆askkw
|j|☆Rella.kidd
|t:|1779890994
|gametype|singles
|player|p1|askkw|101|1340
|player|p2|Rella.kidd|1|1319
|gen|9
|tier|[Gen 9] OU
|rated|
|rule|HP Percentage Mod: HP is shown in percentages
|rule|Endless Battle Clause: Forcing endless battles is banned
|rule|Species Clause: Limit one of each Pokémon
|rule|OHKO Clause: OHKO moves are banned
|rule|Evasion Items Clause: Evasion items are banned
|rule|Evasion Moves Clause: Evasion moves are banned
|rule|Evasion Abilities Clause: Evasion abilities are banned
|rule|Sleep Moves Clause: Sleep-inducing moves are banned
|clearpoke
|poke|p1|Lilligant, F|
|poke|p1|Ninetales, F|
|poke|p1|Great Tusk|
|poke|p1|Walking Wake|
|poke|p1|Kingambit, M|
|poke|p1|Hatterene, F|
|poke|p2|Samurott-Hisui, M|
|poke|p2|Fezandipiti, M|
|poke|p2|Orthworm, F|
|poke|p2|Ceruledge, F|
|poke|p2|Glimmora, F|
|poke|p2|Kommo-o, M|
|teampreview
|
|t:|1779890997
|teamsize|p1|6
|teamsize|p2|6
|start
|switch|p1a: Lilligant|Lilligant, F|100/100
|switch|p2a: Glimmora|Glimmora, F|100/100
|turn|1
|
|t:|1779891006
|switch|p1a: Hatterene|Hatterene, F|100/100
|move|p2a: Glimmora|Stealth Rock|p1a: Hatterene
|move|p1a: Hatterene|Stealth Rock|p2a: Glimmora|[from] ability: Magic Bounce
|-sidestart|p2: Rella.kidd|move: Stealth Rock
|
|upkeep
|turn|2
|
|t:|1779891015
|move|p2a: Glimmora|Mortal Spin|p1a: Hatterene
|-supereffective|p1a: Hatterene
|-damage|p1a: Hatterene|90/100
|-status|p1a: Hatterene|psn
|-sideend|p2: Rella.kidd|Stealth Rock|[from] move: Mortal Spin|[of] p2a: Glimmora
|-enditem|p1a: Hatterene|Eject Button
|
|t:|1779891023
|switch|p1a: Great Tusk|Great Tusk|100/100
|
|upkeep
|turn|3
|
|t:|1779891029
|move|p1a: Great Tusk|Headlong Rush|p2a: Glimmora
|-supereffective|p2a: Glimmora
|-damage|p2a: Glimmora|0 fnt
|-unboost|p1a: Great Tusk|def|1
|-unboost|p1a: Great Tusk|spd|1
|-activate|p2a: Glimmora|ability: Toxic Debris
|-sidestart|p1: askkw|move: Toxic Spikes
|faint|p2a: Glimmora
|
|upkeep
|
|t:|1779891044
|switch|p2a: Orthworm|Orthworm, F|100/100
|turn|4
|
|t:|1779891049
|move|p1a: Great Tusk|Rapid Spin|p2a: Orthworm
|-resisted|p2a: Orthworm
|-damage|p2a: Orthworm|96/100
|-boost|p1a: Great Tusk|spe|1
|-damage|p1a: Great Tusk|84/100|[from] item: Rocky Helmet|[of] p2a: Orthworm
|-sideend|p1: askkw|Toxic Spikes|[from] move: Rapid Spin|[of] p1a: Great Tusk
|move|p2a: Orthworm|Body Press|p1a: Great Tusk
|-damage|p1a: Great Tusk|55/100
|
|upkeep
|turn|5
|
|t:|1779891059
|-end|p1a: Great Tusk|Protosynthesis|[silent]
|switch|p1a: Ninetales|Ninetales, F, shiny|100/100
|-weather|SunnyDay|[from] ability: Drought|[of] p1a: Ninetales
|move|p2a: Orthworm|Body Press|p1a: Ninetales
|-damage|p1a: Ninetales|61/100
|
|-weather|SunnyDay|[upkeep]
|upkeep
|turn|6
|
|t:|1779891071
|switch|p2a: Fezandipiti|Fezandipiti, M|100/100
|move|p1a: Ninetales|Will-O-Wisp|p2a: Fezandipiti
|-status|p2a: Fezandipiti|brn
|
|-weather|SunnyDay|[upkeep]
|-damage|p2a: Fezandipiti|94/100 brn|[from] brn
|upkeep
|turn|7
|
|t:|1779891080
|switch|p1a: Hatterene|Hatterene, F|90/100 psn
|move|p2a: Fezandipiti|Beat Up|p1a: Hatterene
|-damage|p1a: Hatterene|89/100 psn
|-damage|p1a: Hatterene|89/100 psn
|-damage|p1a: Hatterene|87/100 psn
|-damage|p1a: Hatterene|86/100 psn
|-damage|p1a: Hatterene|85/100 psn
|-hitcount|p1a: Hatterene|5
|
|-weather|SunnyDay|[upkeep]
|-heal|p2a: Fezandipiti|100/100 brn|[from] item: Leftovers
|-damage|p1a: Hatterene|73/100 psn|[from] psn
|-damage|p2a: Fezandipiti|94/100 brn|[from] brn
|upkeep
|turn|8
|
|t:|1779891096
|move|p2a: Fezandipiti|Alluring Voice|p1a: Hatterene
|-crit|p1a: Hatterene
|-damage|p1a: Hatterene|39/100 psn
|move|p1a: Hatterene|Nuzzle|p2a: Fezandipiti
|-damage|p2a: Fezandipiti|89/100 brn
|
|-weather|SunnyDay|[upkeep]
|-heal|p2a: Fezandipiti|95/100 brn|[from] item: Leftovers
|-damage|p1a: Hatterene|27/100 psn|[from] psn
|-damage|p2a: Fezandipiti|89/100 brn|[from] brn
|upkeep
|turn|9
|
|t:|1779891107
|move|p2a: Fezandipiti|Calm Mind|p2a: Fezandipiti
|-boost|p2a: Fezandipiti|spa|1
|-boost|p2a: Fezandipiti|spd|1
|move|p1a: Hatterene|Psychic Noise|p2a: Fezandipiti
|-supereffective|p2a: Fezandipiti
|-damage|p2a: Fezandipiti|64/100 brn
|-start|p2a: Fezandipiti|move: Heal Block
|
|-weather|SunnyDay|[upkeep]
|-damage|p1a: Hatterene|15/100 psn|[from] psn
|-damage|p2a: Fezandipiti|58/100 brn|[from] brn
|upkeep
|turn|10
|
|t:|1779891119
|move|p2a: Fezandipiti|Calm Mind|p2a: Fezandipiti
|-boost|p2a: Fezandipiti|spa|1
|-boost|p2a: Fezandipiti|spd|1
|move|p1a: Hatterene|Psychic Noise|p2a: Fezandipiti
|-supereffective|p2a: Fezandipiti
|-damage|p2a: Fezandipiti|39/100 brn
|
|-weather|SunnyDay|[upkeep]
|-damage|p1a: Hatterene|3/100 psn|[from] psn
|-damage|p2a: Fezandipiti|33/100 brn|[from] brn
|-end|p2a: Fezandipiti|move: Heal Block
|upkeep
|turn|11
|
|t:|1779891131
|move|p2a: Fezandipiti|Roost|p2a: Fezandipiti
|-heal|p2a: Fezandipiti|83/100 brn
|-singleturn|p2a: Fezandipiti|move: Roost
|move|p1a: Hatterene|Future Sight|p2a: Fezandipiti
|-start|p1a: Hatterene|move: Future Sight
|
|-weather|SunnyDay|[upkeep]
|-heal|p2a: Fezandipiti|89/100 brn|[from] item: Leftovers
|-damage|p1a: Hatterene|0 fnt|[from] psn
|faint|p1a: Hatterene
|-damage|p2a: Fezandipiti|83/100 brn|[from] brn
|upkeep
|
|t:|1779891138
|switch|p1a: Great Tusk|Great Tusk|55/100
|-activate|p1a: Great Tusk|ability: Protosynthesis
|-start|p1a: Great Tusk|protosynthesisspe
|turn|12
|
|t:|1779891148
|-terastallize|p2a: Fezandipiti|Flying
|move|p1a: Great Tusk|Headlong Rush|p2a: Fezandipiti
|-immune|p2a: Fezandipiti
|move|p2a: Fezandipiti|Alluring Voice|p1a: Great Tusk
|-supereffective|p1a: Great Tusk
|-damage|p1a: Great Tusk|0 fnt
|faint|p1a: Great Tusk
|-end|p1a: Great Tusk|Protosynthesis|[silent]
|
|-weather|none
|-heal|p2a: Fezandipiti|89/100 brn|[from] item: Leftovers
|-damage|p2a: Fezandipiti|83/100 brn|[from] brn
|upkeep
|
|t:|1779891160
|switch|p1a: Kingambit|Kingambit, M|100/100
|-activate|p1a: Kingambit|ability: Supreme Overlord
|-start|p1a: Kingambit|fallen2|[silent]
|turn|13
|
|t:|1779891174
|move|p2a: Fezandipiti|Alluring Voice|p1a: Kingambit
|-damage|p1a: Kingambit|56/100
|move|p1a: Kingambit|Iron Head|p2a: Fezandipiti
|-damage|p2a: Fezandipiti|25/100 brn
|
|-end|p2a: Fezandipiti|move: Future Sight
|-damage|p2a: Fezandipiti|11/100 brn
|-heal|p2a: Fezandipiti|17/100 brn|[from] item: Leftovers
|-damage|p2a: Fezandipiti|11/100 brn|[from] brn
|upkeep
|turn|14
|
|t:|1779891202
|move|p2a: Fezandipiti|Roost|p2a: Fezandipiti
|-heal|p2a: Fezandipiti|61/100 brn
|-hint|If a Terastallized Pokemon uses Roost, it remains Flying-type.
|move|p1a: Kingambit|Swords Dance|p1a: Kingambit
|-boost|p1a: Kingambit|atk|2
|
|-heal|p2a: Fezandipiti|67/100 brn|[from] item: Leftovers
|-damage|p2a: Fezandipiti|61/100 brn|[from] brn
|upkeep
|turn|15
|
|t:|1779891212
|switch|p2a: Orthworm|Orthworm, F|96/100
|move|p1a: Kingambit|Iron Head|p2a: Orthworm
|-resisted|p2a: Orthworm
|-damage|p2a: Orthworm|66/100
|-damage|p1a: Kingambit|39/100|[from] item: Rocky Helmet|[of] p2a: Orthworm
|
|upkeep
|turn|16
|
|t:|1779891220
|-terastallize|p1a: Kingambit|Fairy
|move|p1a: Kingambit|Low Kick|p2a: Orthworm
|-supereffective|p2a: Orthworm
|-damage|p2a: Orthworm|0 fnt
|-damage|p1a: Kingambit|22/100|[from] item: Rocky Helmet|[of] p2a: Orthworm
|faint|p2a: Orthworm
|
|upkeep
|
|t:|1779891231
|switch|p2a: Samurott|Samurott-Hisui, M, shiny|100/100
|turn|17
|
|t:|1779891238
|move|p2a: Samurott|Aqua Jet|p1a: Kingambit
|-damage|p1a: Kingambit|7/100
|move|p1a: Kingambit|Sucker Punch||[still]
|-fail|p1a: Kingambit
|
|upkeep
|turn|18
|
|t:|1779891248
|-end|p1a: Kingambit|fallen2|[silent]
|switch|p1a: Ninetales|Ninetales, F, shiny|61/100
|-weather|SunnyDay|[from] ability: Drought|[of] p1a: Ninetales
|move|p2a: Samurott|Aqua Jet|p1a: Ninetales
|-supereffective|p1a: Ninetales
|-damage|p1a: Ninetales|40/100
|
|-weather|SunnyDay|[upkeep]
|upkeep
|turn|19
|
|t:|1779891258
|switch|p2a: Fezandipiti|Fezandipiti, M, tera:Flying|61/100 brn
|move|p1a: Ninetales|Encore||[still]
|-fail|p1a: Ninetales
|
|-weather|SunnyDay|[upkeep]
|-heal|p2a: Fezandipiti|67/100 brn|[from] item: Leftovers
|-damage|p2a: Fezandipiti|61/100 brn|[from] brn
|upkeep
|turn|20
|
|t:|1779891268
|move|p1a: Ninetales|Healing Wish|p1a: Ninetales
|faint|p1a: Ninetales
|move|p2a: Fezandipiti|Alluring Voice|p1: Ninetales|[notarget]
|-fail|p2a: Fezandipiti
|
|-weather|SunnyDay|[upkeep]
|-heal|p2a: Fezandipiti|67/100 brn|[from] item: Leftovers
|-damage|p2a: Fezandipiti|61/100 brn|[from] brn
|upkeep
|
|t:|1779891277
|switch|p1a: Lilligant|Lilligant, F|100/100
|turn|21
|
|t:|1779891282
|move|p1a: Lilligant|Quiver Dance|p1a: Lilligant
|-boost|p1a: Lilligant|spa|1
|-boost|p1a: Lilligant|spd|1
|-boost|p1a: Lilligant|spe|1
|move|p2a: Fezandipiti|Calm Mind|p2a: Fezandipiti
|-boost|p2a: Fezandipiti|spa|1
|-boost|p2a: Fezandipiti|spd|1
|
|-weather|SunnyDay|[upkeep]
|-heal|p2a: Fezandipiti|67/100 brn|[from] item: Leftovers
|-damage|p2a: Fezandipiti|61/100 brn|[from] brn
|upkeep
|turn|22
|
|t:|1779891293
|move|p1a: Lilligant|Weather Ball|p2a: Fezandipiti
|-damage|p2a: Fezandipiti|27/100 brn
|-damage|p1a: Lilligant|91/100|[from] item: Life Orb
|move|p2a: Fezandipiti|Calm Mind|p2a: Fezandipiti
|-boost|p2a: Fezandipiti|spa|1
|-boost|p2a: Fezandipiti|spd|1
|
|-weather|SunnyDay|[upkeep]
|-heal|p2a: Fezandipiti|33/100 brn|[from] item: Leftovers
|-damage|p2a: Fezandipiti|27/100 brn|[from] brn
|upkeep
|turn|23
|
|t:|1779891304
|move|p1a: Lilligant|Alluring Voice|p2a: Fezandipiti
|-damage|p2a: Fezandipiti|13/100 brn
|-damage|p1a: Lilligant|81/100|[from] item: Life Orb
|move|p2a: Fezandipiti|Roost|p2a: Fezandipiti
|-heal|p2a: Fezandipiti|63/100 brn
|-hint|If a Terastallized Pokemon uses Roost, it remains Flying-type.
|
|-weather|SunnyDay|[upkeep]
|-heal|p2a: Fezandipiti|69/100 brn|[from] item: Leftovers
|-damage|p2a: Fezandipiti|63/100 brn|[from] brn
|upkeep
|turn|24
|
|t:|1779891316
|move|p1a: Lilligant|Quiver Dance|p1a: Lilligant
|-boost|p1a: Lilligant|spa|1
|-boost|p1a: Lilligant|spd|1
|-boost|p1a: Lilligant|spe|1
|move|p2a: Fezandipiti|Beat Up|p1a: Lilligant
|-damage|p1a: Lilligant|79/100
|-damage|p1a: Lilligant|76/100
|-status|p1a: Lilligant|tox|[from] ability: Toxic Chain|[of] p2a: Fezandipiti
|-crit|p1a: Lilligant
|-damage|p1a: Lilligant|72/100 tox
|-damage|p1a: Lilligant|70/100 tox
|-hitcount|p1a: Lilligant|4
|
|-weather|SunnyDay|[upkeep]
|-heal|p2a: Fezandipiti|69/100 brn|[from] item: Leftovers
|-damage|p1a: Lilligant|64/100 tox|[from] psn
|-damage|p2a: Fezandipiti|63/100 brn|[from] brn
|upkeep
|turn|25
|
|t:|1779891332
|move|p1a: Lilligant|Alluring Voice|p2a: Fezandipiti
|-damage|p2a: Fezandipiti|44/100 brn
|-damage|p1a: Lilligant|54/100 tox|[from] item: Life Orb
|move|p2a: Fezandipiti|Alluring Voice|p1a: Lilligant
|-damage|p1a: Lilligant|20/100 tox
|
|-weather|none
|-heal|p2a: Fezandipiti|50/100 brn|[from] item: Leftovers
|-damage|p1a: Lilligant|8/100 tox|[from] psn
|-damage|p2a: Fezandipiti|44/100 brn|[from] brn
|upkeep
|turn|26
|
|t:|1779891343
|move|p1a: Lilligant|Alluring Voice|p2a: Fezandipiti
|-damage|p2a: Fezandipiti|26/100 brn
|-damage|p1a: Lilligant|0 fnt|[from] item: Life Orb
|faint|p1a: Lilligant
|move|p2a: Fezandipiti|Roost|p2a: Fezandipiti
|-heal|p2a: Fezandipiti|76/100 brn
|-hint|If a Terastallized Pokemon uses Roost, it remains Flying-type.
|
|-heal|p2a: Fezandipiti|82/100 brn|[from] item: Leftovers
|-damage|p2a: Fezandipiti|76/100 brn|[from] brn
|upkeep
|
|t:|1779891352
|switch|p1a: Kingambit|Kingambit, M, tera:Fairy|7/100
|-heal|p1a: Kingambit|100/100|[from] move: Healing Wish
|-activate|p1a: Kingambit|ability: Supreme Overlord
|-start|p1a: Kingambit|fallen4|[silent]
|turn|27
|
|t:|1779891363
|move|p2a: Fezandipiti|Alluring Voice|p1a: Kingambit
|-damage|p1a: Kingambit|57/100
|-status|p1a: Kingambit|tox|[from] ability: Toxic Chain|[of] p2a: Fezandipiti
|move|p1a: Kingambit|Iron Head|p2a: Fezandipiti
|-damage|p2a: Fezandipiti|10/100 brn
|
|-heal|p2a: Fezandipiti|16/100 brn|[from] item: Leftovers
|-damage|p1a: Kingambit|50/100 tox|[from] psn
|-damage|p2a: Fezandipiti|10/100 brn|[from] brn
|upkeep
|turn|28
|-message|askkw forfeited.
|
|win|Rella.kidd
|raw|askkw's rating: 1340 &rarr; <strong>1319</strong><br />(-21 for losing)
|raw|Rella.kidd's rating: 1319 &rarr; <strong>1340</strong><br />(+21 for winning)
|l|☆askkw
|player|p1|
|l|☆Rella.kidd
|player|p2|
