|j|‽IDKwht
|j|☆gatorskk
|t:|1779962326
|gametype|singles
|player|p1|IDKwht|caitlin|1513
|player|p2|gatorskk|1|1542
|gen|9
|tier|[Gen 9] OU
|rated|
|rule|HP Percentage Mod: HP is shown in percentages
|rule|Endless Battle Clause: Forcing endless battles is banned
|rule|Species Clause: Limit one of each Pokémon
|rule|OHKO Clause: OHKO moves are banned
|rule|Evasion Items Clause: Evasion items are banned
|rule|Evasion Moves Clause: Evasion moves are banned
|rule|Evasion Abilities Clause: Evasion abilities are banned
|rule|Sleep Moves Clause: Sleep-inducing moves are banned
|clearpoke
|poke|p1|Ogerpon-Wellspring, F|
|poke|p1|Iron Moth|
|poke|p1|Gholdengo|
|poke|p1|Great Tusk|
|poke|p1|Ting-Lu|
|poke|p1|Raging Bolt|
|poke|p2|Hawlucha, F|
|poke|p2|Samurott-Hisui, M|
|poke|p2|Rillaboom, M|
|poke|p2|Gholdengo|
|poke|p2|Kyurem|
|poke|p2|Landorus-Therian, M|
|teampreview
|inactive|Battle timer is ON: inactive players will automatically lose when time's up. (requested by gatorskk)
|inactive|IDKwht also wants the timer to be on.
|inactive|gatorskk has 120 seconds left.
|
|t:|1779962376
|teamsize|p1|6
|teamsize|p2|6
|start
|switch|p1a: Raging Bolt|Raging Bolt|100/100
|switch|p2a: Landorus|Landorus-Therian, M|100/100
|-ability|p2a: Landorus|Intimidate|boost
|-unboost|p1a: Raging Bolt|atk|1
|turn|1
|
|t:|1779962394
|move|p2a: Landorus|Stealth Rock|p1a: Raging Bolt
|-sidestart|p1: IDKwht|move: Stealth Rock
|move|p1a: Raging Bolt|Dragon Pulse|p2a: Landorus
|-damage|p2a: Landorus|44/100
|
|upkeep
|turn|2
|
|t:|1779962405
|-end|p1a: Raging Bolt|Protosynthesis|[silent]
|switch|p1a: Ogerpon|Ogerpon-Wellspring, F|100/100
|-damage|p1a: Ogerpon|88/100|[from] Stealth Rock
|move|p2a: Landorus|Earth Power|p1a: Ogerpon
|-resisted|p1a: Ogerpon
|-damage|p1a: Ogerpon|68/100
|
|upkeep
|turn|3
|
|t:|1779962417
|switch|p2a: Rillaboom|Rillaboom, M|100/100
|-fieldstart|move: Grassy Terrain|[from] ability: Grassy Surge|[of] p2a: Rillaboom
|move|p1a: Ogerpon|U-turn|p2a: Rillaboom
|-supereffective|p2a: Rillaboom
|-damage|p2a: Rillaboom|46/100
|
|t:|1779962424
|switch|p1a: Gholdengo|Gholdengo|100/100|[from] U-turn
|-damage|p1a: Gholdengo|94/100|[from] Stealth Rock
|
|-heal|p1a: Gholdengo|100/100|[from] Grassy Terrain
|-heal|p2a: Rillaboom|53/100|[from] Grassy Terrain
|upkeep
|turn|4
|
|t:|1779962430
|switch|p2a: Samurott|Samurott-Hisui, M|100/100
|move|p1a: Gholdengo|Make It Rain|p2a: Samurott
|-resisted|p2a: Samurott
|-damage|p2a: Samurott|78/100
|-unboost|p1a: Gholdengo|spa|1
|
|-heal|p2a: Samurott|84/100|[from] Grassy Terrain
|upkeep
|turn|5
|
|t:|1779962440
|switch|p1a: Ting-Lu|Ting-Lu|100/100
|-damage|p1a: Ting-Lu|94/100|[from] Stealth Rock
|-ability|p1a: Ting-Lu|Vessel of Ruin
|move|p2a: Samurott|Flip Turn|p1a: Ting-Lu
|-supereffective|p1a: Ting-Lu
|-crit|p1a: Ting-Lu
|-damage|p1a: Ting-Lu|55/100
|inactive|gatorskk has 120 seconds left.
|
|t:|1779962471
|switch|p2a: Kyurem|Kyurem|100/100|[from] Flip Turn
|-ability|p2a: Kyurem|Pressure
|
|-heal|p1a: Ting-Lu|62/100|[from] Grassy Terrain
|-heal|p1a: Ting-Lu|68/100|[from] item: Leftovers
|upkeep
|turn|6
|
|t:|1779962478
|switch|p1a: Gholdengo|Gholdengo|100/100
|-damage|p1a: Gholdengo|94/100|[from] Stealth Rock
|move|p2a: Kyurem|Ice Beam|p1a: Gholdengo
|-resisted|p1a: Gholdengo
|-damage|p1a: Gholdengo|67/100
|
|-heal|p1a: Gholdengo|73/100|[from] Grassy Terrain
|upkeep
|turn|7
|
|t:|1779962485
|switch|p2a: Samurott|Samurott-Hisui, M|84/100
|move|p1a: Gholdengo|Dazzling Gleam|p2a: Samurott
|-supereffective|p2a: Samurott
|-damage|p2a: Samurott|46/100
|
|-heal|p1a: Gholdengo|79/100|[from] Grassy Terrain
|-heal|p2a: Samurott|52/100|[from] Grassy Terrain
|-fieldend|move: Grassy Terrain
|upkeep
|turn|8
|
|t:|1779962497
|switch|p1a: Ogerpon|Ogerpon-Wellspring, F|68/100
|-damage|p1a: Ogerpon|55/100|[from] Stealth Rock
|move|p2a: Samurott|Knock Off|p1a: Ogerpon
|-damage|p1a: Ogerpon|19/100
|
|upkeep
|turn|9
|
|t:|1779962503
|move|p2a: Samurott|Sucker Punch|p1a: Ogerpon
|-damage|p1a: Ogerpon|0 fnt
|faint|p1a: Ogerpon
|
|upkeep
|
|t:|1779962506
|switch|p1a: Raging Bolt|Raging Bolt|100/100
|-damage|p1a: Raging Bolt|88/100|[from] Stealth Rock
|turn|10
|inactive|gatorskk has 120 seconds left.
|
|t:|1779962560
|move|p2a: Samurott|Ceaseless Edge|p1a: Raging Bolt
|-crit|p1a: Raging Bolt
|-damage|p1a: Raging Bolt|36/100
|-sidestart|p1: IDKwht|Spikes
|move|p1a: Raging Bolt|Dragon Pulse|p2a: Samurott
|-damage|p2a: Samurott|19/100
|
|-heal|p1a: Raging Bolt|42/100|[from] item: Leftovers
|upkeep
|turn|11
|
|t:|1779962570
|move|p2a: Samurott|Sucker Punch|p1a: Raging Bolt
|-damage|p1a: Raging Bolt|20/100
|move|p1a: Raging Bolt|Volt Switch|p2a: Samurott
|-supereffective|p2a: Samurott
|-damage|p2a: Samurott|0 fnt
|faint|p2a: Samurott
|
|t:|1779962574
|-end|p1a: Raging Bolt|Protosynthesis|[silent]
|switch|p1a: Great Tusk|Great Tusk|100/100|[from] Volt Switch
|
|upkeep
|
|t:|1779962588
|switch|p2a: Kyurem|Kyurem|100/100
|-ability|p2a: Kyurem|Pressure
|turn|12
|
|t:|1779962594
|-end|p1a: Great Tusk|Protosynthesis|[silent]
|switch|p1a: Raging Bolt|Raging Bolt|20/100
|-damage|p1a: Raging Bolt|7/100|[from] Stealth Rock
|-damage|p1a: Raging Bolt|0 fnt|[from] Spikes
|faint|p1a: Raging Bolt
|-end|p1a: Raging Bolt|Protosynthesis|[silent]
|move|p2a: Kyurem|Ice Beam|p1: Raging Bolt|[notarget]
|-fail|p2a: Kyurem
|
|upkeep
|
|t:|1779962595
|switch|p1a: Gholdengo|Gholdengo|79/100
|-damage|p1a: Gholdengo|73/100|[from] Stealth Rock
|-damage|p1a: Gholdengo|60/100|[from] Spikes
|turn|13
|inactive|gatorskk has 120 seconds left.
|
|t:|1779962609
|move|p1a: Gholdengo|Make It Rain|p2a: Kyurem
|-supereffective|p2a: Kyurem
|-damage|p2a: Kyurem|15/100
|-unboost|p1a: Gholdengo|spa|1
|move|p2a: Kyurem|Earth Power|p1a: Gholdengo
|-supereffective|p1a: Gholdengo
|-damage|p1a: Gholdengo|0 fnt
|faint|p1a: Gholdengo
|
|upkeep
|
|t:|1779962613
|switch|p1a: Great Tusk|Great Tusk|100/100
|turn|14
|
|t:|1779962633
|-terastallize|p1a: Great Tusk|Steel
|move|p2a: Kyurem|Ice Beam|p1a: Great Tusk
|-resisted|p1a: Great Tusk
|-damage|p1a: Great Tusk|64/100
|move|p1a: Great Tusk|Ice Spinner|p2a: Kyurem
|-damage|p2a: Kyurem|0 fnt
|faint|p2a: Kyurem
|
|upkeep
|inactive|gatorskk has 120 seconds left.
|
|t:|1779962651
|switch|p2a: Landorus|Landorus-Therian, M|44/100
|-ability|p2a: Landorus|Intimidate|boost
|-unboost|p1a: Great Tusk|atk|1
|turn|15
|
|t:|1779962655
|move|p2a: Landorus|Earth Power|p1a: Great Tusk
|-supereffective|p1a: Great Tusk
|-damage|p1a: Great Tusk|0 fnt
|faint|p1a: Great Tusk
|-end|p1a: Great Tusk|Protosynthesis|[silent]
|
|upkeep
|
|t:|1779962656
|switch|p1a: Iron Moth|Iron Moth|100/100
|-damage|p1a: Iron Moth|76/100|[from] Stealth Rock
|-damage|p1a: Iron Moth|63/100|[from] Spikes
|-enditem|p1a: Iron Moth|Booster Energy
|-activate|p1a: Iron Moth|ability: Quark Drive|[fromitem]
|-start|p1a: Iron Moth|quarkdrivespa
|turn|16
|
|t:|1779962667
|move|p1a: Iron Moth|Fiery Dance|p2a: Landorus
|-crit|p2a: Landorus
|-damage|p2a: Landorus|0 fnt
|faint|p2a: Landorus
|
|upkeep
|inactive|gatorskk has 120 seconds left.
|
|t:|1779962699
|switch|p2a: Gholdengo|Gholdengo|100/100
|turn|17
|
|t:|1779962713
|-terastallize|p2a: Gholdengo|Steel
|move|p2a: Gholdengo|Make It Rain|p1a: Iron Moth
|-resisted|p1a: Iron Moth
|-damage|p1a: Iron Moth|18/100
|-unboost|p2a: Gholdengo|spa|1
|move|p1a: Iron Moth|Fiery Dance|p2a: Gholdengo
|-supereffective|p2a: Gholdengo
|-damage|p2a: Gholdengo|0 fnt
|-boost|p1a: Iron Moth|spa|1
|faint|p2a: Gholdengo
|
|upkeep
|
|t:|1779962721
|switch|p2a: Rillaboom|Rillaboom, M|53/100
|-fieldstart|move: Grassy Terrain|[from] ability: Grassy Surge|[of] p2a: Rillaboom
|turn|18
|
|t:|1779962725
|move|p2a: Rillaboom|Grassy Glide|p1a: Iron Moth
|-resisted|p1a: Iron Moth
|-damage|p1a: Iron Moth|2/100
|move|p1a: Iron Moth|Fiery Dance|p2a: Rillaboom
|-supereffective|p2a: Rillaboom
|-damage|p2a: Rillaboom|0 fnt
|faint|p2a: Rillaboom
|
|-heal|p1a: Iron Moth|8/100|[from] Grassy Terrain
|upkeep
|
|t:|1779962728
|switch|p2a: Hawlucha|Hawlucha, F|100/100
|-enditem|p2a: Hawlucha|Grassy Seed
|-boost|p2a: Hawlucha|def|1|[from] item: Grassy Seed
|turn|19
|
|t:|1779962732
|move|p2a: Hawlucha|Acrobatics|p1a: Iron Moth
|-damage|p1a: Iron Moth|0 fnt
|faint|p1a: Iron Moth
|-end|p1a: Iron Moth|Quark Drive|[silent]
|
|upkeep
|
|t:|1779962733
|switch|p1a: Ting-Lu|Ting-Lu|68/100
|-damage|p1a: Ting-Lu|62/100|[from] Stealth Rock
|-damage|p1a: Ting-Lu|49/100|[from] Spikes
|-ability|p1a: Ting-Lu|Vessel of Ruin
|turn|20
|
|t:|1779962741
|move|p2a: Hawlucha|Low Kick|p1a: Ting-Lu
|-supereffective|p1a: Ting-Lu
|-damage|p1a: Ting-Lu|0 fnt
|faint|p1a: Ting-Lu
|
|win|gatorskk
|raw|IDKwht's rating: 1513 &rarr; <strong>1495</strong><br />(-18 for losing)
|raw|gatorskk's rating: 1542 &rarr; <strong>1560</strong><br />(+18 for winning)
|l|‽IDKwht
|player|p1|
|l|☆gatorskk
|player|p2|
