|j|☆diddlediddle
|j|☆Realrap55
|t:|1779820102
|gametype|singles
|player|p1|diddlediddle|swimmerf|1299
|player|p2|Realrap55|rocketgrunt|1318
|gen|9
|tier|[Gen 9] OU
|rated|
|rule|HP Percentage Mod: HP is shown in percentages
|rule|Endless Battle Clause: Forcing endless battles is banned
|rule|Species Clause: Limit one of each Pokémon
|rule|OHKO Clause: OHKO moves are banned
|rule|Evasion Items Clause: Evasion items are banned
|rule|Evasion Moves Clause: Evasion moves are banned
|rule|Evasion Abilities Clause: Evasion abilities are banned
|rule|Sleep Moves Clause: Sleep-inducing moves are banned
|clearpoke
|poke|p1|Cacturne, M|
|poke|p1|Sandy Shocks|
|poke|p1|Jirachi|
|poke|p1|Zoroark-Hisui, F|
|poke|p1|Heatran, F|
|poke|p1|Maushold-Four|
|poke|p2|Ogerpon-Wellspring, F|
|poke|p2|Rillaboom, M|
|poke|p2|Hawlucha, M|
|poke|p2|Iron Treads|
|poke|p2|Meowscarada, F|
|poke|p2|Raging Bolt|
|teampreview
|inactive|Battle timer is ON: inactive players will automatically lose when time's up. (requested by diddlediddle)
|
|t:|1779820115
|teamsize|p1|6
|teamsize|p2|6
|start
|switch|p1a: Cacturne|Cacturne, M|100/100
|switch|p2a: Rillaboom|Rillaboom, M|100/100
|-fieldstart|move: Grassy Terrain|[from] ability: Grassy Surge|[of] p2a: Rillaboom
|turn|1
|
|t:|1779820126
|move|p2a: Rillaboom|U-turn|p1a: Cacturne
|-supereffective|p1a: Cacturne
|-enditem|p1a: Cacturne|Focus Sash
|-damage|p1a: Cacturne|1/100
|
|t:|1779820131
|switch|p2a: Hawlucha|Hawlucha, M, shiny|100/100|[from] U-turn
|-enditem|p2a: Hawlucha|Grassy Seed
|-boost|p2a: Hawlucha|def|1|[from] item: Grassy Seed
|move|p1a: Cacturne|Counter|p2a: Hawlucha
|-damage|p2a: Hawlucha|0 fnt
|faint|p2a: Hawlucha
|
|-heal|p1a: Cacturne|7/100|[from] Grassy Terrain
|upkeep
|
|t:|1779820147
|switch|p2a: Rillaboom|Rillaboom, M|100/100
|turn|2
|
|t:|1779820150
|move|p1a: Cacturne|Sucker Punch|p2a: Rillaboom
|-damage|p2a: Rillaboom|62/100
|move|p2a: Rillaboom|U-turn|p1a: Cacturne
|-supereffective|p1a: Cacturne
|-damage|p1a: Cacturne|0 fnt
|faint|p1a: Cacturne
|
|t:|1779820156
|switch|p2a: Meowscarada|Meowscarada, F|100/100|[from] U-turn
|
|upkeep
|
|t:|1779820165
|switch|p1a: Heatran|Heatran, F|100/100
|turn|3
|
|t:|1779820175
|move|p2a: Meowscarada|Sucker Punch||[still]
|-fail|p2a: Meowscarada
|move|p1a: Heatran|Will-O-Wisp|p2a: Meowscarada
|-status|p2a: Meowscarada|brn
|
|-damage|p2a: Meowscarada|94/100 brn|[from] brn
|upkeep
|turn|4
|
|t:|1779820183
|switch|p2a: Ogerpon|Ogerpon-Wellspring, F|100/100
|move|p1a: Heatran|Will-O-Wisp|p2a: Ogerpon
|-status|p2a: Ogerpon|brn
|
|-damage|p2a: Ogerpon|95/100 brn|[from] brn
|upkeep
|turn|5
|
|t:|1779820195
|switch|p1a: Live by the flinch|Jirachi|100/100
|move|p2a: Ogerpon|Ivy Cudgel|p1a: Live by the flinch|[anim] Ivy Cudgel Water
|-damage|p1a: Live by the flinch|69/100
|
|-heal|p1a: Live by the flinch|75/100|[from] Grassy Terrain
|-heal|p2a: Ogerpon|100/100 brn|[from] Grassy Terrain
|-damage|p2a: Ogerpon|95/100 brn|[from] brn
|-fieldend|move: Grassy Terrain
|upkeep
|turn|6
|
|t:|1779820206
|move|p1a: Live by the flinch|Iron Head|p2a: Ogerpon
|-resisted|p2a: Ogerpon
|-damage|p2a: Ogerpon|71/100 brn
|cant|p2a: Ogerpon|flinch
|
|-damage|p2a: Ogerpon|65/100 brn|[from] brn
|upkeep
|turn|7
|
|t:|1779820211
|move|p1a: Live by the flinch|Iron Head|p2a: Ogerpon
|-resisted|p2a: Ogerpon
|-damage|p2a: Ogerpon|43/100 brn
|cant|p2a: Ogerpon|flinch
|
|-damage|p2a: Ogerpon|37/100 brn|[from] brn
|upkeep
|turn|8
|
|t:|1779820224
|move|p1a: Live by the flinch|Iron Head|p2a: Ogerpon
|-resisted|p2a: Ogerpon
|-damage|p2a: Ogerpon|14/100 brn
|cant|p2a: Ogerpon|flinch
|
|-damage|p2a: Ogerpon|8/100 brn|[from] brn
|upkeep
|turn|9
|
|t:|1779820228
|move|p1a: Live by the flinch|Iron Head|p2a: Ogerpon
|-resisted|p2a: Ogerpon
|-damage|p2a: Ogerpon|0 fnt
|faint|p2a: Ogerpon
|
|upkeep
|
|t:|1779820231
|switch|p2a: Meowscarada|Meowscarada, F|94/100 brn
|turn|10
|
|t:|1779820241
|move|p2a: Meowscarada|Sucker Punch|p1a: Live by the flinch
|-start|p2a: Meowscarada|typechange|Dark|[from] ability: Protean
|-supereffective|p1a: Live by the flinch
|-damage|p1a: Live by the flinch|20/100
|move|p1a: Live by the flinch|Iron Head|p2a: Meowscarada
|-damage|p2a: Meowscarada|38/100 brn
|
|-damage|p2a: Meowscarada|32/100 brn|[from] brn
|upkeep
|turn|11
|
|t:|1779820254
|switch|p1a: Heatran|Heatran, F|100/100
|switch|p2a: Iron Treads|Iron Treads|100/100
|-enditem|p2a: Iron Treads|Booster Energy
|-activate|p2a: Iron Treads|ability: Quark Drive|[fromitem]
|-start|p2a: Iron Treads|quarkdrivespe
|
|upkeep
|turn|12
|
|t:|1779820263
|-terastallize|p1a: Heatran|Flying
|move|p2a: Iron Treads|Earth Power|p1a: Heatran
|-immune|p1a: Heatran
|move|p1a: Heatran|Flamethrower|p2a: Iron Treads
|-supereffective|p2a: Iron Treads
|-damage|p2a: Iron Treads|0 fnt
|faint|p2a: Iron Treads
|-end|p2a: Iron Treads|Quark Drive|[silent]
|
|upkeep
|
|t:|1779820268
|switch|p2a: Raging Bolt|Raging Bolt|100/100
|-enditem|p2a: Raging Bolt|Booster Energy
|-activate|p2a: Raging Bolt|ability: Protosynthesis|[fromitem]
|-start|p2a: Raging Bolt|protosynthesisspa
|turn|13
|c|☆diddlediddle|Bro got shaboopied
|
|t:|1779820278
|switch|p1a: Live by the flinch|Jirachi|20/100
|move|p2a: Raging Bolt|Draco Meteor|p1a: Live by the flinch
|-resisted|p1a: Live by the flinch
|-damage|p1a: Live by the flinch|0 fnt
|-unboost|p2a: Raging Bolt|spa|2
|faint|p1a: Live by the flinch
|
|upkeep
|
|t:|1779820287
|switch|p1a: Maushold|Maushold-Four|100/100
|turn|14
|
|t:|1779820292
|-end|p2a: Raging Bolt|Protosynthesis|[silent]
|switch|p2a: Meowscarada|Meowscarada, F|32/100 brn
|move|p1a: Maushold|Population Bomb|p2a: Meowscarada
|-damage|p2a: Meowscarada|15/100 brn
|-damage|p2a: Meowscarada|0 fnt
|faint|p2a: Meowscarada
|-hitcount|p2: Meowscarada|2
|
|upkeep
|
|t:|1779820297
|switch|p2a: Rillaboom|Rillaboom, M|62/100
|-fieldstart|move: Grassy Terrain|[from] ability: Grassy Surge|[of] p2a: Rillaboom
|turn|15
|
|t:|1779820303
|-terastallize|p2a: Rillaboom|Grass
|move|p1a: Maushold|Population Bomb|p2a: Rillaboom
|-damage|p2a: Rillaboom|49/100
|-damage|p2a: Rillaboom|36/100
|-damage|p2a: Rillaboom|23/100
|-damage|p2a: Rillaboom|10/100
|-damage|p2a: Rillaboom|0 fnt
|faint|p2a: Rillaboom
|-hitcount|p2: Rillaboom|5
|
|upkeep
|
|t:|1779820307
|switch|p2a: Raging Bolt|Raging Bolt|100/100
|turn|16
|
|t:|1779820311
|switch|p1a: Heatran|Heatran, F, tera:Flying|100/100
|move|p2a: Raging Bolt|Thunderclap||[still]
|-fail|p2a: Raging Bolt
|
|upkeep
|turn|17
|
|t:|1779820317
|move|p1a: Heatran|Will-O-Wisp|p2a: Raging Bolt
|-status|p2a: Raging Bolt|brn
|move|p2a: Raging Bolt|Thunderbolt|p1a: Heatran
|-supereffective|p1a: Heatran
|-damage|p1a: Heatran|0 fnt
|faint|p1a: Heatran
|
|-damage|p2a: Raging Bolt|94/100 brn|[from] brn
|upkeep
|
|t:|1779820323
|switch|p1a: Sandy Shocks|Sandy Shocks|100/100
|-enditem|p1a: Sandy Shocks|Booster Energy
|-activate|p1a: Sandy Shocks|ability: Protosynthesis|[fromitem]
|-start|p1a: Sandy Shocks|protosynthesisspe
|turn|18
|
|t:|1779820328
|move|p1a: Sandy Shocks|Earth Power|p2a: Raging Bolt
|-supereffective|p2a: Raging Bolt
|-damage|p2a: Raging Bolt|8/100 brn
|-unboost|p2a: Raging Bolt|spd|1
|move|p2a: Raging Bolt|Draco Meteor|p1a: Sandy Shocks
|-damage|p1a: Sandy Shocks|5/100
|-unboost|p2a: Raging Bolt|spa|2
|
|-heal|p1a: Sandy Shocks|12/100|[from] Grassy Terrain
|-heal|p2a: Raging Bolt|15/100 brn|[from] Grassy Terrain
|-damage|p2a: Raging Bolt|8/100 brn|[from] brn
|upkeep
|turn|19
|-message|Realrap55 forfeited.
|
|win|diddlediddle
|raw|diddlediddle's rating: 1299 &rarr; <strong>1325</strong><br />(+26 for winning)
|raw|Realrap55's rating: 1318 &rarr; <strong>1297</strong><br />(-21 for losing)
|l|☆Realrap55
|player|p2|
|c|☆diddlediddle|Truly shaboopied
|l|☆diddlediddle
|player|p1|
