|j|☆sturdy gengar
|j|☆SnowmanWithAnAK
|t:|1779914406
|gametype|singles
|player|p1|sturdy gengar|101|1259
|player|p2|SnowmanWithAnAK|plasmagrunt|1316
|gen|9
|tier|[Gen 9] OU
|rated|
|rule|HP Percentage Mod: HP is shown in percentages
|rule|Endless Battle Clause: Forcing endless battles is banned
|rule|Species Clause: Limit one of each Pokémon
|rule|OHKO Clause: OHKO moves are banned
|rule|Evasion Items Clause: Evasion items are banned
|rule|Evasion Moves Clause: Evasion moves are banned
|rule|Evasion Abilities Clause: Evasion abilities are banned
|rule|Sleep Moves Clause: Sleep-inducing moves are banned
|clearpoke
|poke|p1|Azumarill, F|
|poke|p1|Dragonite, F|
|poke|p1|Rotom-Wash|
|poke|p1|Gloom, M|
|poke|p1|Alomomola, M|
|poke|p1|Heatran, M|
|poke|p2|Ribombee, F|
|poke|p2|Ninetales-Alola, F|
|poke|p2|Darkrai|
|poke|p2|Glimmora, F|
|poke|p2|Ogerpon-Wellspring, F|
|poke|p2|Gholdengo|
|teampreview
|
|t:|1779914416
|teamsize|p1|6
|teamsize|p2|6
|start
|switch|p1a: Heatran|Heatran, M|100/100
|switch|p2a: Ogerpon|Ogerpon-Wellspring, F|100/100
|turn|1
|
|t:|1779914422
|switch|p1a: Azumarill|Azumarill, F|100/100
|move|p2a: Ogerpon|Ivy Cudgel|p1a: Azumarill|[anim] Ivy Cudgel Water
|-resisted|p1a: Azumarill
|-damage|p1a: Azumarill|70/100
|
|-heal|p1a: Azumarill|76/100|[from] item: Leftovers
|upkeep
|turn|2
|
|t:|1779914430
|move|p2a: Ogerpon|U-turn|p1a: Azumarill
|-resisted|p1a: Azumarill
|-damage|p1a: Azumarill|61/100
|
|t:|1779914432
|switch|p2a: Gholdengo|Gholdengo|100/100|[from] U-turn
|move|p1a: Azumarill|Knock Off|p2a: Gholdengo
|-supereffective|p2a: Gholdengo
|-damage|p2a: Gholdengo|74/100
|-enditem|p2a: Gholdengo|Choice Specs|[from] move: Knock Off|[of] p1a: Azumarill
|
|-heal|p1a: Azumarill|67/100|[from] item: Leftovers
|upkeep
|turn|3
|
|t:|1779914447
|move|p1a: Azumarill|Protect|p1a: Azumarill
|-singleturn|p1a: Azumarill|Protect
|move|p2a: Gholdengo|Shadow Ball|p1a: Azumarill
|-activate|p1a: Azumarill|move: Protect
|
|-heal|p1a: Azumarill|74/100|[from] item: Leftovers
|upkeep
|turn|4
|
|t:|1779914455
|switch|p1a: Heatran|Heatran, M|100/100
|move|p2a: Gholdengo|Shadow Ball|p1a: Heatran
|-damage|p1a: Heatran|77/100
|-unboost|p1a: Heatran|spd|1
|
|upkeep
|turn|5
|
|t:|1779914465
|switch|p2a: Ogerpon|Ogerpon-Wellspring, F|100/100
|move|p1a: Heatran|Magma Storm|p2a: Ogerpon
|-damage|p2a: Ogerpon|41/100
|-activate|p2a: Ogerpon|move: Magma Storm|[of] p1a: Heatran
|
|-damage|p2a: Ogerpon|29/100|[from] move: Magma Storm|[partiallytrapped]
|upkeep
|turn|6
|
|t:|1779914473
|switch|p1a: Azumarill|Azumarill, F|74/100
|move|p2a: Ogerpon|Knock Off|p1a: Azumarill
|-resisted|p1a: Azumarill
|-damage|p1a: Azumarill|51/100
|-enditem|p1a: Azumarill|Leftovers|[from] move: Knock Off|[of] p2a: Ogerpon
|
|-end|p2a: Ogerpon|Magma Storm|[partiallytrapped]|[silent]
|upkeep
|turn|7
|
|t:|1779914483
|switch|p1a: Alomomola|Alomomola, M|100/100
|move|p2a: Ogerpon|U-turn|p1a: Alomomola
|-damage|p1a: Alomomola|83/100
|-damage|p2a: Ogerpon|12/100|[from] item: Rocky Helmet|[of] p1a: Alomomola
|
|t:|1779914486
|switch|p2a: Darkrai|Darkrai|100/100|[from] U-turn
|
|upkeep
|turn|8
|
|t:|1779914492
|switch|p1a: Heatran|Heatran, M|77/100
|move|p2a: Darkrai|Substitute|p2a: Darkrai
|-start|p2a: Darkrai|Substitute
|-damage|p2a: Darkrai|76/100
|
|-heal|p2a: Darkrai|82/100|[from] item: Leftovers
|upkeep
|turn|9
|
|t:|1779914501
|move|p2a: Darkrai|Nasty Plot|p2a: Darkrai
|-boost|p2a: Darkrai|spa|2
|move|p1a: Heatran|Flash Cannon|p2a: Darkrai
|-end|p2a: Darkrai|Substitute
|
|-heal|p2a: Darkrai|88/100|[from] item: Leftovers
|upkeep
|turn|10
|
|t:|1779914508
|move|p2a: Darkrai|Dark Pulse|p1a: Heatran
|-damage|p1a: Heatran|23/100
|move|p1a: Heatran|Magma Storm|p2a: Darkrai
|-damage|p2a: Darkrai|13/100
|-activate|p2a: Darkrai|move: Magma Storm|[of] p1a: Heatran
|
|-heal|p2a: Darkrai|19/100|[from] item: Leftovers
|-damage|p2a: Darkrai|6/100|[from] move: Magma Storm|[partiallytrapped]
|upkeep
|turn|11
|
|t:|1779914538
|switch|p1a: Dragonite|Dragonite, F|100/100
|move|p2a: Darkrai|Dark Pulse|p1a: Dragonite
|-damage|p1a: Dragonite|56/100
|
|-heal|p2a: Darkrai|12/100|[from] item: Leftovers
|-heal|p1a: Dragonite|63/100|[from] item: Leftovers
|-end|p2a: Darkrai|Magma Storm|[partiallytrapped]|[silent]
|upkeep
|turn|12
|
|t:|1779914545
|switch|p2a: Gholdengo|Gholdengo|74/100
|move|p1a: Dragonite|Extreme Speed|p2a: Gholdengo
|-immune|p2a: Gholdengo
|
|-heal|p1a: Dragonite|69/100|[from] item: Leftovers
|upkeep
|turn|13
|
|t:|1779914559
|move|p2a: Gholdengo|Shadow Ball|p1a: Dragonite
|-damage|p1a: Dragonite|31/100
|-unboost|p1a: Dragonite|spd|1
|move|p1a: Dragonite|Earthquake|p2a: Gholdengo
|-supereffective|p2a: Gholdengo
|-crit|p2a: Gholdengo
|-damage|p2a: Gholdengo|0 fnt
|faint|p2a: Gholdengo
|
|-heal|p1a: Dragonite|38/100|[from] item: Leftovers
|upkeep
|
|t:|1779914569
|switch|p2a: Ninetales|Ninetales-Alola, F|100/100
|-weather|Snowscape|[from] ability: Snow Warning|[of] p2a: Ninetales
|turn|14
|
|t:|1779914573
|switch|p1a: Alomomola|Alomomola, M|100/100
|move|p2a: Ninetales|Aurora Veil|p2a: Ninetales
|-sidestart|p2: SnowmanWithAnAK|move: Aurora Veil
|
|-weather|Snowscape|[upkeep]
|upkeep
|turn|15
|
|t:|1779914578
|move|p2a: Ninetales|Nasty Plot|p2a: Ninetales
|-boost|p2a: Ninetales|spa|2
|move|p1a: Alomomola|Wish|p1a: Alomomola
|
|-weather|Snowscape|[upkeep]
|upkeep
|turn|16
|
|t:|1779914583
|move|p2a: Ninetales|Encore|p1a: Alomomola
|-start|p1a: Alomomola|Encore
|move|p1a: Alomomola|Wish||[still]
|-fail|p1a: Alomomola
|
|-weather|Snowscape|[upkeep]
|upkeep
|turn|17
|
|t:|1779914590
|switch|p1a: Heatran|Heatran, M|23/100
|move|p2a: Ninetales|Blizzard|p1a: Heatran
|-resisted|p1a: Heatran
|-damage|p1a: Heatran|14/100
|
|-weather|Snowscape|[upkeep]
|upkeep
|turn|18
|
|t:|1779914607
|switch|p2a: Glimmora|Glimmora, F|100/100
|move|p1a: Heatran|Magma Storm|p2a: Glimmora
|-resisted|p2a: Glimmora
|-damage|p2a: Glimmora|86/100
|-activate|p2a: Glimmora|move: Magma Storm|[of] p1a: Heatran
|
|-weather|none
|-heal|p2a: Glimmora|93/100|[from] item: Leftovers
|-damage|p2a: Glimmora|80/100|[from] move: Magma Storm|[partiallytrapped]
|upkeep
|turn|19
|
|t:|1779914619
|switch|p1a: Gloom|Gloom, M|100/100
|move|p2a: Glimmora|Stealth Rock|p1a: Gloom
|-sidestart|p1: sturdy gengar|move: Stealth Rock
|
|-heal|p2a: Glimmora|86/100|[from] item: Leftovers
|-end|p2a: Glimmora|Magma Storm|[partiallytrapped]|[silent]
|upkeep
|turn|20
|
|t:|1779914627
|move|p2a: Glimmora|Spikes|p1a: Gloom
|-sidestart|p1: sturdy gengar|Spikes
|move|p1a: Gloom|Leech Seed|p2a: Glimmora
|-start|p2a: Glimmora|move: Leech Seed
|
|-heal|p2a: Glimmora|93/100|[from] item: Leftovers
|-damage|p2a: Glimmora|80/100|[from] Leech Seed|[of] p1a: Gloom
|upkeep
|turn|21
|
|t:|1779914635
|switch|p1a: Alomomola|Alomomola, M|100/100
|-damage|p1a: Alomomola|88/100|[from] Stealth Rock
|-damage|p1a: Alomomola|76/100|[from] Spikes
|move|p2a: Glimmora|Mortal Spin|p1a: Alomomola
|-damage|p1a: Alomomola|72/100
|-status|p1a: Alomomola|psn
|-damage|p2a: Glimmora|64/100|[from] item: Rocky Helmet|[of] p1a: Alomomola
|-end|p2a: Glimmora|Leech Seed|[from] move: Mortal Spin|[of] p2a: Glimmora
|
|-heal|p2a: Glimmora|70/100|[from] item: Leftovers
|-damage|p1a: Alomomola|59/100 psn|[from] psn
|-sideend|p2: SnowmanWithAnAK|move: Aurora Veil
|upkeep
|turn|22
|
|t:|1779914648
|switch|p2a: Ninetales|Ninetales-Alola, F|100/100
|-weather|Snowscape|[from] ability: Snow Warning|[of] p2a: Ninetales
|move|p1a: Alomomola|Wish|p1a: Alomomola
|
|-weather|Snowscape|[upkeep]
|-damage|p1a: Alomomola|47/100 psn|[from] psn
|upkeep
|turn|23
|
|t:|1779914655
|move|p2a: Ninetales|Aurora Veil|p2a: Ninetales
|-sidestart|p2: SnowmanWithAnAK|move: Aurora Veil
|move|p1a: Alomomola|Flip Turn|p2a: Ninetales
|-damage|p2a: Ninetales|94/100
|
|t:|1779914662
|switch|p1a: Dragonite|Dragonite, F|38/100|[from] Flip Turn
|-damage|p1a: Dragonite|13/100|[from] Stealth Rock
|
|-weather|Snowscape|[upkeep]
|-heal|p1a: Dragonite|82/100|[from] move: Wish|[wisher] Alomomola
|-heal|p1a: Dragonite|88/100|[from] item: Leftovers
|upkeep
|turn|24
|
|t:|1779914671
|move|p2a: Ninetales|Blizzard|p1a: Dragonite
|-supereffective|p1a: Dragonite
|-damage|p1a: Dragonite|0 fnt
|faint|p1a: Dragonite
|
|-weather|Snowscape|[upkeep]
|upkeep
|
|t:|1779914678
|switch|p1a: Rotom|Rotom-Wash|100/100
|-damage|p1a: Rotom|88/100|[from] Stealth Rock
|turn|25
|
|t:|1779914684
|move|p2a: Ninetales|Nasty Plot|p2a: Ninetales
|-boost|p2a: Ninetales|spa|2
|move|p1a: Rotom|Trick|p2a: Ninetales
|-activate|p1a: Rotom|move: Trick|[of] p2a: Ninetales
|-item|p2a: Ninetales|Choice Scarf|[from] move: Trick
|-item|p1a: Rotom|Light Clay|[from] move: Trick
|
|-weather|Snowscape|[upkeep]
|upkeep
|turn|26
|
|t:|1779914693
|move|p2a: Ninetales|Encore|p1a: Rotom
|-start|p1a: Rotom|Encore
|move|p1a: Rotom|Trick|p2a: Ninetales
|-activate|p1a: Rotom|move: Trick|[of] p2a: Ninetales
|-item|p2a: Ninetales|Light Clay|[from] move: Trick
|-item|p1a: Rotom|Choice Scarf|[from] move: Trick
|
|-weather|none
|upkeep
|turn|27
|
|t:|1779914699
|switch|p2a: Ogerpon|Ogerpon-Wellspring, F|12/100
|move|p1a: Rotom|Trick||[still]
|-fail|p1a: Rotom
|
|upkeep
|turn|28
|
|t:|1779914708
|switch|p1a: Alomomola|Alomomola, M|80/100 psn
|-damage|p1a: Alomomola|68/100 psn|[from] Stealth Rock
|-damage|p1a: Alomomola|56/100 psn|[from] Spikes
|move|p2a: Ogerpon|Swords Dance|p2a: Ogerpon
|-boost|p2a: Ogerpon|atk|2
|
|-damage|p1a: Alomomola|43/100 psn|[from] psn
|upkeep
|turn|29
|
|t:|1779914717
|move|p2a: Ogerpon|Knock Off|p1a: Alomomola
|-damage|p1a: Alomomola|0 fnt
|-damage|p2a: Ogerpon|0 fnt|[from] item: Rocky Helmet|[of] p1a: Alomomola
|faint|p1a: Alomomola
|faint|p2a: Ogerpon
|
|upkeep
|
|t:|1779914732
|switch|p2a: Ninetales|Ninetales-Alola, F|94/100
|switch|p1a: Gloom|Gloom, M|100/100
|-weather|Snowscape|[from] ability: Snow Warning|[of] p2a: Ninetales
|-damage|p1a: Gloom|88/100|[from] Stealth Rock
|-damage|p1a: Gloom|76/100|[from] Spikes
|turn|30
|
|t:|1779914740
|move|p2a: Ninetales|Blizzard|p1a: Gloom
|-supereffective|p1a: Gloom
|-damage|p1a: Gloom|30/100
|-status|p1a: Gloom|frz
|cant|p1a: Gloom|frz
|
|-weather|Snowscape|[upkeep]
|-sideend|p2: SnowmanWithAnAK|move: Aurora Veil
|upkeep
|turn|31
|c|☆sturdy gengar|gg
|c|☆SnowmanWithAnAK|Ggd
|-message|sturdy gengar forfeited.
|
|win|SnowmanWithAnAK
|raw|sturdy gengar's rating: 1259 &rarr; <strong>1238</strong><br />(-21 for losing)
|raw|SnowmanWithAnAK's rating: 1316 &rarr; <strong>1333</strong><br />(+17 for winning)
|l|☆sturdy gengar
|player|p1|
|l|☆SnowmanWithAnAK
|player|p2|
