|j|☆lolkingston
|j|☆G-recike
|t:|1779849872
|gametype|singles
|player|p1|lolkingston|102|1441
|player|p2|G-recike|colress|1360
|gen|9
|tier|[Gen 9] OU
|rated|
|rule|HP Percentage Mod: HP is shown in percentages
|rule|Endless Battle Clause: Forcing endless battles is banned
|rule|Species Clause: Limit one of each Pokémon
|rule|OHKO Clause: OHKO moves are banned
|rule|Evasion Items Clause: Evasion items are banned
|rule|Evasion Moves Clause: Evasion moves are banned
|rule|Evasion Abilities Clause: Evasion abilities are banned
|rule|Sleep Moves Clause: Sleep-inducing moves are banned
|clearpoke
|poke|p1|Smeargle, F|
|poke|p1|Moltres-Galar|
|poke|p1|Gholdengo|
|poke|p1|Samurott-Hisui, M|
|poke|p1|Zamazenta-*|
|poke|p1|Deoxys-Speed|
|poke|p2|Leavanny, M|
|poke|p2|Hawlucha, F|
|poke|p2|Indeedee, M|
|poke|p2|Torkoal, M|
|poke|p2|Walking Wake|
|poke|p2|Raging Bolt|
|teampreview
|
|t:|1779849892
|teamsize|p1|6
|teamsize|p2|6
|start
|switch|p1a: Gholdengo|Gholdengo|100/100
|switch|p2a: Leavanny|Leavanny, M|100/100
|turn|1
|
|t:|1779849900
|move|p1a: Gholdengo|Make It Rain|p2a: Leavanny
|-damage|p2a: Leavanny|13/100
|-unboost|p1a: Gholdengo|spa|1
|move|p2a: Leavanny|Sticky Web|p1a: Gholdengo
|-sidestart|p1: lolkingston|move: Sticky Web
|
|upkeep
|turn|2
|
|t:|1779849904
|switch|p2a: Fornalha|Torkoal, M|100/100
|-weather|SunnyDay|[from] ability: Drought|[of] p2a: Fornalha
|move|p1a: Gholdengo|Make It Rain|p2a: Fornalha
|-resisted|p2a: Fornalha
|-damage|p2a: Fornalha|73/100
|-unboost|p1a: Gholdengo|spa|1
|
|-weather|SunnyDay|[upkeep]
|upkeep
|turn|3
|
|t:|1779849932
|switch|p1a: Moltres|Moltres-Galar|100/100
|switch|p2a: Walking Wake|Walking Wake|100/100
|-activate|p2a: Walking Wake|ability: Protosynthesis
|-start|p2a: Walking Wake|protosynthesisspe
|
|-weather|SunnyDay|[upkeep]
|upkeep
|turn|4
|
|t:|1779849945
|move|p2a: Walking Wake|Hydro Steam|p1a: Moltres
|-damage|p1a: Moltres|45/100
|-ability|p1a: Moltres|Berserk|boost
|-boost|p1a: Moltres|spa|1
|-enditem|p1a: Moltres|Sitrus Berry|[eat]
|-heal|p1a: Moltres|70/100|[from] item: Sitrus Berry
|move|p1a: Moltres|Agility|p1a: Moltres
|-boost|p1a: Moltres|spe|2
|
|-weather|SunnyDay|[upkeep]
|upkeep
|turn|5
|
|t:|1779849950
|move|p1a: Moltres|Fiery Wrath|p2a: Walking Wake
|-damage|p2a: Walking Wake|30/100
|move|p2a: Walking Wake|Draco Meteor|p1a: Moltres
|-damage|p1a: Moltres|10/100
|-unboost|p2a: Walking Wake|spa|2
|-ability|p1a: Moltres|Berserk|boost
|-boost|p1a: Moltres|spa|1
|-enditem|p2a: Walking Wake|Eject Pack
|inactive|Battle timer is ON: inactive players will automatically lose when time's up. (requested by lolkingston)
|
|t:|1779849978
|-end|p2a: Walking Wake|Protosynthesis|[silent]
|switch|p2a: Raging Bolt|Raging Bolt|100/100
|-activate|p2a: Raging Bolt|ability: Protosynthesis
|-start|p2a: Raging Bolt|protosynthesisspa
|
|-weather|SunnyDay|[upkeep]
|upkeep
|turn|6
|
|t:|1779849994
|move|p2a: Raging Bolt|Thunderclap|p1a: Moltres
|-supereffective|p1a: Moltres
|-damage|p1a: Moltres|0 fnt
|faint|p1a: Moltres
|
|-weather|SunnyDay|[upkeep]
|upkeep
|inactive|lolkingston has 120 seconds left.
|inactive|lolkingston has 90 seconds left.
|
|t:|1779850056
|switch|p1a: Gholdengo|Gholdengo|100/100
|-activate|p1a: Gholdengo|move: Sticky Web
|-unboost|p1a: Gholdengo|spe|1
|turn|7
|
|t:|1779850061
|switch|p1a: Samurott|Samurott-Hisui, M|100/100
|-activate|p1a: Samurott|move: Sticky Web
|-unboost|p1a: Samurott|spe|1
|move|p2a: Raging Bolt|Thunderbolt|p1a: Samurott
|-supereffective|p1a: Samurott
|-enditem|p1a: Samurott|Focus Sash
|-damage|p1a: Samurott|1/100
|
|-weather|SunnyDay|[upkeep]
|upkeep
|turn|8
|-message|lolkingston forfeited.
|
|win|G-recike
|raw|lolkingston's rating: 1441 &rarr; <strong>1416</strong><br />(-25 for losing)
|raw|G-recike's rating: 1360 &rarr; <strong>1385</strong><br />(+25 for winning)
|l|☆lolkingston
|player|p1|
|l|☆G-recike
|player|p2|
