|j|☆kaiserkahl
|j|☆scrimbongulusprime
|t:|1779818647
|gametype|singles
|player|p1|kaiserkahl|1|1120
|player|p2|scrimbongulusprime|swimmer|1150
|gen|9
|tier|[Gen 9] OU
|rated|
|rule|HP Percentage Mod: HP is shown in percentages
|rule|Endless Battle Clause: Forcing endless battles is banned
|rule|Species Clause: Limit one of each Pokémon
|rule|OHKO Clause: OHKO moves are banned
|rule|Evasion Items Clause: Evasion items are banned
|rule|Evasion Moves Clause: Evasion moves are banned
|rule|Evasion Abilities Clause: Evasion abilities are banned
|rule|Sleep Moves Clause: Sleep-inducing moves are banned
|clearpoke
|poke|p1|Drednaw, F|
|poke|p1|Pelipper, F|
|poke|p1|Indeedee, M|
|poke|p1|Hatterene, F|
|poke|p1|Barraskewda, M|
|poke|p1|Samurott-Hisui, M|
|poke|p2|Slowking-Galar, F|
|poke|p2|Ursaluna, F|
|poke|p2|Glastrier|
|poke|p2|Great Tusk|
|poke|p2|Sinistcha|
|poke|p2|Skeledirge, F|
|teampreview
|
|t:|1779818670
|teamsize|p1|6
|teamsize|p2|6
|start
|switch|p1a: Samurott|Samurott-Hisui, M|100/100
|switch|p2a: Sinischud|Sinistcha|100/100
|turn|1
|
|t:|1779818678
|move|p1a: Samurott|Ceaseless Edge|p2a: Sinischud
|-supereffective|p2a: Sinischud
|-crit|p2a: Sinischud
|-damage|p2a: Sinischud|14/100
|-sidestart|p2: scrimbongulusprime|Spikes
|move|p2a: Sinischud|Strength Sap|p1a: Samurott
|-unboost|p1a: Samurott|atk|1
|-heal|p2a: Sinischud|100/100
|
|upkeep
|turn|2
|
|t:|1779818696
|move|p1a: Samurott|Ceaseless Edge|p2a: Sinischud
|-supereffective|p2a: Sinischud
|-damage|p2a: Sinischud|57/100
|-sidestart|p2: scrimbongulusprime|Spikes
|move|p2a: Sinischud|Trick Room|p2a: Sinischud
|-fieldstart|move: Trick Room|[of] p2a: Sinischud
|
|-heal|p2a: Sinischud|63/100|[from] item: Leftovers
|upkeep
|turn|3
|
|t:|1779818705
|move|p2a: Sinischud|Matcha Gotcha|p1a: Samurott
|-supereffective|p1a: Samurott
|-enditem|p1a: Samurott|Focus Sash
|-damage|p1a: Samurott|1/100
|-heal|p2a: Sinischud|100/100|[from] drain|[of] p1a: Samurott
|move|p1a: Samurott|Knock Off|p2a: Sinischud
|-supereffective|p2a: Sinischud
|-damage|p2a: Sinischud|59/100
|-enditem|p2a: Sinischud|Leftovers|[from] move: Knock Off|[of] p1a: Samurott
|
|upkeep
|turn|4
|
|t:|1779818717
|move|p1a: Samurott|Aqua Jet|p2a: Sinischud
|-resisted|p2a: Sinischud
|-damage|p2a: Sinischud|55/100
|move|p2a: Sinischud|Matcha Gotcha|p1a: Samurott
|-supereffective|p1a: Samurott
|-damage|p1a: Samurott|0 fnt
|-heal|p2a: Sinischud|55/100|[from] drain|[of] p1a: Samurott
|faint|p1a: Samurott
|
|upkeep
|
|t:|1779818731
|switch|p1a: Hatterene|Hatterene, F|100/100
|turn|5
|
|t:|1779818745
|move|p1a: Hatterene|Nuzzle|p2a: Sinischud
|-resisted|p2a: Sinischud
|-damage|p2a: Sinischud|54/100
|-status|p2a: Sinischud|par
|move|p2a: Sinischud|Matcha Gotcha|p1a: Hatterene
|-damage|p1a: Hatterene|63/100
|-heal|p2a: Sinischud|71/100 par|[from] drain|[of] p1a: Hatterene
|
|-heal|p1a: Hatterene|69/100|[from] item: Leftovers
|upkeep
|turn|6
|
|t:|1779818763
|switch|p2a: Get a room|Slowking-Galar, F, shiny|100/100
|-damage|p2a: Get a room|84/100|[from] Spikes
|move|p1a: Hatterene|Calm Mind|p1a: Hatterene
|-boost|p1a: Hatterene|spa|1
|-boost|p1a: Hatterene|spd|1
|
|-heal|p2a: Get a room|90/100|[from] item: Leftovers
|-heal|p1a: Hatterene|75/100|[from] item: Leftovers
|-fieldend|move: Trick Room
|upkeep
|turn|7
|
|t:|1779818781
|move|p1a: Hatterene|Nuzzle|p2a: Get a room
|-damage|p2a: Get a room|86/100
|-status|p2a: Get a room|par
|move|p2a: Get a room|Flamethrower|p1a: Hatterene
|-damage|p1a: Hatterene|61/100
|
|-heal|p1a: Hatterene|67/100|[from] item: Leftovers
|-heal|p2a: Get a room|92/100 par|[from] item: Leftovers
|upkeep
|turn|8
|
|t:|1779818792
|move|p1a: Hatterene|Calm Mind|p1a: Hatterene
|-boost|p1a: Hatterene|spa|1
|-boost|p1a: Hatterene|spd|1
|-prepare|p2a: Get a room|Chilly Reception|[premajor]
|move|p2a: Get a room|Chilly Reception|p2a: Get a room
|-weather|Snowscape
|
|t:|1779818799
|switch|p2a: Tusk|Great Tusk, shiny|100/100|[from] Chilly Reception
|-damage|p2a: Tusk|84/100|[from] Spikes
|-enditem|p2a: Tusk|Booster Energy
|-activate|p2a: Tusk|ability: Protosynthesis|[fromitem]
|-start|p2a: Tusk|protosynthesisatk
|
|-weather|Snowscape|[upkeep]
|-heal|p1a: Hatterene|73/100|[from] item: Leftovers
|upkeep
|turn|9
|
|t:|1779818809
|move|p2a: Tusk|Rapid Spin|p1a: Hatterene
|-damage|p1a: Hatterene|53/100
|-boost|p2a: Tusk|spe|1
|-sideend|p2: scrimbongulusprime|Spikes|[from] move: Rapid Spin|[of] p2a: Tusk
|move|p1a: Hatterene|Draining Kiss|p2a: Tusk
|-supereffective|p2a: Tusk
|-damage|p2a: Tusk|0 fnt
|-heal|p1a: Hatterene|100/100|[from] drain|[of] p2a: Tusk
|faint|p2a: Tusk
|-end|p2a: Tusk|Protosynthesis|[silent]
|
|-weather|Snowscape|[upkeep]
|upkeep
|
|t:|1779818820
|switch|p2a: Skeledirge|Skeledirge, F, shiny|100/100
|turn|10
|
|t:|1779818824
|move|p2a: Skeledirge|Will-O-Wisp|p1a: Hatterene
|move|p1a: Hatterene|Will-O-Wisp|p2a: Skeledirge|[from] ability: Magic Bounce
|-immune|p2a: Skeledirge
|move|p1a: Hatterene|Nuzzle|p2a: Skeledirge
|-damage|p2a: Skeledirge|97/100
|-status|p2a: Skeledirge|par
|
|-weather|Snowscape|[upkeep]
|-heal|p2a: Skeledirge|100/100 par|[from] item: Leftovers
|upkeep
|turn|11
|
|t:|1779818839
|move|p1a: Hatterene|Psyshock|p2a: Skeledirge
|-damage|p2a: Skeledirge|72/100 par
|move|p2a: Skeledirge|Torch Song|p1a: Hatterene
|-damage|p1a: Hatterene|55/100
|-boost|p2a: Skeledirge|spa|1
|
|-weather|Snowscape|[upkeep]
|-heal|p1a: Hatterene|61/100|[from] item: Leftovers
|-heal|p2a: Skeledirge|78/100 par|[from] item: Leftovers
|upkeep
|turn|12
|
|t:|1779818850
|move|p1a: Hatterene|Draining Kiss|p2a: Skeledirge
|-resisted|p2a: Skeledirge
|-damage|p2a: Skeledirge|67/100 par
|-heal|p1a: Hatterene|72/100|[from] drain|[of] p2a: Skeledirge
|cant|p2a: Skeledirge|par
|
|-weather|none
|-heal|p1a: Hatterene|78/100|[from] item: Leftovers
|-heal|p2a: Skeledirge|73/100 par|[from] item: Leftovers
|upkeep
|turn|13
|
|t:|1779818859
|move|p1a: Hatterene|Calm Mind|p1a: Hatterene
|-boost|p1a: Hatterene|spa|1
|-boost|p1a: Hatterene|spd|1
|move|p2a: Skeledirge|Torch Song|p1a: Hatterene
|-damage|p1a: Hatterene|14/100
|-boost|p2a: Skeledirge|spa|1
|
|-heal|p1a: Hatterene|20/100|[from] item: Leftovers
|-heal|p2a: Skeledirge|79/100 par|[from] item: Leftovers
|upkeep
|turn|14
|
|t:|1779818870
|move|p1a: Hatterene|Psyshock|p2a: Skeledirge
|-damage|p2a: Skeledirge|51/100 par
|move|p2a: Skeledirge|Alluring Voice|p1a: Hatterene
|-damage|p1a: Hatterene|0 fnt
|faint|p1a: Hatterene
|
|-heal|p2a: Skeledirge|57/100 par|[from] item: Leftovers
|upkeep
|
|t:|1779818877
|switch|p1a: Pelipper|Pelipper, F|100/100
|-weather|RainDance|[from] ability: Drizzle|[of] p1a: Pelipper
|turn|15
|
|t:|1779818885
|switch|p2a: Get a room|Slowking-Galar, F, shiny|100/100 par
|move|p1a: Pelipper|Hurricane|p2a: Get a room
|-damage|p2a: Get a room|80/100 par
|
|-weather|RainDance|[upkeep]
|-heal|p2a: Get a room|87/100 par|[from] item: Leftovers
|upkeep
|turn|16
|
|t:|1779818894
|move|p1a: Pelipper|Weather Ball|p2a: Get a room
|-damage|p2a: Get a room|57/100 par
|move|p2a: Get a room|Trick Room|p2a: Get a room
|-fieldstart|move: Trick Room|[of] p2a: Get a room
|
|-weather|RainDance|[upkeep]
|-heal|p2a: Get a room|63/100 par|[from] item: Leftovers
|upkeep
|turn|17
|
|t:|1779818908
|-prepare|p2a: Get a room|Chilly Reception|[premajor]
|cant|p2a: Get a room|par
|move|p1a: Pelipper|Weather Ball|p2a: Get a room
|-damage|p2a: Get a room|34/100 par
|
|-weather|RainDance|[upkeep]
|-heal|p2a: Get a room|40/100 par|[from] item: Leftovers
|upkeep
|turn|18
|
|t:|1779818918
|-prepare|p2a: Get a room|Chilly Reception|[premajor]
|move|p2a: Get a room|Chilly Reception|p2a: Get a room
|-weather|Snowscape
|
|t:|1779818921
|switch|p2a: Juan|Glastrier|100/100|[from] Chilly Reception
|move|p1a: Pelipper|Weather Ball|p2a: Juan
|-resisted|p2a: Juan
|-damage|p2a: Juan|94/100
|
|-weather|Snowscape|[upkeep]
|upkeep
|turn|19
|
|t:|1779818937
|switch|p1a: Indeedee|Indeedee, M|100/100
|-fieldstart|move: Psychic Terrain|[from] ability: Psychic Surge|[of] p1a: Indeedee
|move|p2a: Juan|Icicle Crash|p1a: Indeedee|[miss]
|-miss|p2a: Juan|p1a: Indeedee
|
|-weather|Snowscape|[upkeep]
|upkeep
|turn|20
|
|t:|1779818948
|move|p2a: Juan|Throat Chop|p1a: Indeedee
|-supereffective|p1a: Indeedee
|-damage|p1a: Indeedee|0 fnt
|faint|p1a: Indeedee
|-ability|p2a: Juan|Chilling Neigh|boost
|-boost|p2a: Juan|atk|1
|
|-weather|Snowscape|[upkeep]
|-fieldend|move: Trick Room
|upkeep
|
|t:|1779818954
|switch|p1a: Drednaw|Drednaw, F|100/100
|turn|21
|
|t:|1779818963
|move|p1a: Drednaw|Shell Smash|p1a: Drednaw
|-unboost|p1a: Drednaw|def|1
|-unboost|p1a: Drednaw|spd|1
|-boost|p1a: Drednaw|atk|2
|-boost|p1a: Drednaw|spa|2
|-boost|p1a: Drednaw|spe|2
|-enditem|p1a: Drednaw|White Herb
|-clearnegativeboost|p1a: Drednaw|[silent]
|move|p2a: Juan|High Horsepower|p1a: Drednaw
|-supereffective|p1a: Drednaw
|-damage|p1a: Drednaw|0 fnt
|faint|p1a: Drednaw
|-ability|p2a: Juan|Chilling Neigh|boost
|-boost|p2a: Juan|atk|1
|
|-weather|Snowscape|[upkeep]
|upkeep
|
|t:|1779818975
|switch|p1a: Pelipper|Pelipper, F|100/100
|-weather|RainDance|[from] ability: Drizzle|[of] p1a: Pelipper
|turn|22
|
|t:|1779818980
|move|p1a: Pelipper|Weather Ball|p2a: Juan
|-damage|p2a: Juan|66/100
|move|p2a: Juan|Icicle Crash|p1a: Pelipper
|-damage|p1a: Pelipper|23/100
|
|-weather|RainDance|[upkeep]
|upkeep
|turn|23
|
|t:|1779818994
|move|p1a: Pelipper|Roost|p1a: Pelipper
|-heal|p1a: Pelipper|74/100
|-singleturn|p1a: Pelipper|move: Roost
|move|p2a: Juan|Throat Chop|p1a: Pelipper
|-damage|p1a: Pelipper|22/100
|-start|p1a: Pelipper|Throat Chop|[silent]
|
|-weather|RainDance|[upkeep]
|upkeep
|turn|24
|
|t:|1779819004
|move|p1a: Pelipper|Weather Ball|p2a: Juan
|-damage|p2a: Juan|42/100
|move|p2a: Juan|Icicle Crash|p1a: Pelipper
|-damage|p1a: Pelipper|0 fnt
|faint|p1a: Pelipper
|-ability|p2a: Juan|Chilling Neigh|boost
|-boost|p2a: Juan|atk|1
|
|-weather|RainDance|[upkeep]
|upkeep
|
|t:|1779819013
|switch|p1a: Barraskewda|Barraskewda, M|100/100
|turn|25
|
|t:|1779819020
|move|p1a: Barraskewda|Liquidation|p2a: Juan
|-damage|p2a: Juan|0 fnt
|faint|p2a: Juan
|
|-weather|RainDance|[upkeep]
|upkeep
|
|t:|1779819028
|switch|p2a: Get a room|Slowking-Galar, F, shiny|74/100 par
|turn|26
|
|t:|1779819034
|move|p1a: Barraskewda|Liquidation|p2a: Get a room
|-damage|p2a: Get a room|0 fnt
|faint|p2a: Get a room
|
|-weather|RainDance|[upkeep]
|-fieldend|move: Psychic Terrain
|upkeep
|
|t:|1779819042
|switch|p2a: Sinischud|Sinistcha|71/100 par
|turn|27
|
|t:|1779819045
|move|p1a: Barraskewda|Liquidation|p2a: Sinischud
|-resisted|p2a: Sinischud
|-damage|p2a: Sinischud|39/100 par
|move|p2a: Sinischud|Strength Sap|p1a: Barraskewda
|-unboost|p1a: Barraskewda|atk|1
|-heal|p2a: Sinischud|100/100 par
|
|-weather|RainDance|[upkeep]
|upkeep
|turn|28
|
|t:|1779819056
|move|p1a: Barraskewda|Liquidation|p2a: Sinischud
|-resisted|p2a: Sinischud
|-damage|p2a: Sinischud|78/100 par
|cant|p2a: Sinischud|par
|
|-weather|RainDance|[upkeep]
|upkeep
|turn|29
|
|t:|1779819063
|move|p1a: Barraskewda|Liquidation|p2a: Sinischud
|-resisted|p2a: Sinischud
|-damage|p2a: Sinischud|54/100 par
|move|p2a: Sinischud|Matcha Gotcha|p1a: Barraskewda|[miss]
|-miss|p2a: Sinischud|p1a: Barraskewda
|
|-weather|none
|upkeep
|turn|30
|
|t:|1779819073
|move|p1a: Barraskewda|Liquidation|p2a: Sinischud
|-resisted|p2a: Sinischud
|-crit|p2a: Sinischud
|-damage|p2a: Sinischud|20/100 par
|move|p2a: Sinischud|Matcha Gotcha|p1a: Barraskewda
|-supereffective|p1a: Barraskewda
|-damage|p1a: Barraskewda|0 fnt
|-heal|p2a: Sinischud|58/100 par|[from] drain|[of] p1a: Barraskewda
|faint|p1a: Barraskewda
|
|win|scrimbongulusprime
|raw|kaiserkahl's rating: 1120 &rarr; <strong>1097</strong><br />(-23 for losing)
|raw|scrimbongulusprime's rating: 1150 &rarr; <strong>1173</strong><br />(+23 for winning)
|l|☆scrimbongulusprime
|player|p2|
|l|☆kaiserkahl
|player|p1|
