|j|☆fongxgopi
|j|☆scarletaurora
|t:|1779865712
|gametype|singles
|player|p1|fongxgopi|266|1403
|player|p2|scarletaurora|170|1469
|gen|9
|tier|[Gen 9] OU
|rated|
|rule|HP Percentage Mod: HP is shown in percentages
|rule|Endless Battle Clause: Forcing endless battles is banned
|rule|Species Clause: Limit one of each Pokémon
|rule|OHKO Clause: OHKO moves are banned
|rule|Evasion Items Clause: Evasion items are banned
|rule|Evasion Moves Clause: Evasion moves are banned
|rule|Evasion Abilities Clause: Evasion abilities are banned
|rule|Sleep Moves Clause: Sleep-inducing moves are banned
|clearpoke
|poke|p1|Landorus-Therian, M|
|poke|p1|Regieleki|
|poke|p1|Gholdengo|
|poke|p1|Dragonite, M|
|poke|p1|Quaquaval, M|
|poke|p1|Hoopa-Unbound|
|poke|p2|Cinderace, F|
|poke|p2|Slowking-Galar, M|
|poke|p2|Iron Valiant|
|poke|p2|Kyurem|
|poke|p2|Landorus-Therian, M|
|poke|p2|Kingambit, F|
|teampreview
|inactive|Battle timer is ON: inactive players will automatically lose when time's up. (requested by scarletaurora)
|
|t:|1779865744
|teamsize|p1|6
|teamsize|p2|6
|start
|switch|p1a: Regieleki|Regieleki|100/100
|switch|p2a: BigChills|Kyurem|100/100
|-ability|p2a: BigChills|Pressure
|turn|1
|
|t:|1779865751
|move|p1a: Regieleki|Light Screen|p1a: Regieleki
|-sidestart|p1: fongxgopi|move: Light Screen
|move|p2a: BigChills|Earth Power|p1a: Regieleki
|-supereffective|p1a: Regieleki
|-damage|p1a: Regieleki|19/100
|
|upkeep
|turn|2
|
|t:|1779865754
|move|p1a: Regieleki|Volt Switch|p2a: BigChills
|-resisted|p2a: BigChills
|-damage|p2a: BigChills|85/100
|
|t:|1779865762
|switch|p1a: Gholdengo|Gholdengo|100/100|[from] Volt Switch
|move|p2a: BigChills|Earth Power|p1a: Gholdengo
|-supereffective|p1a: Gholdengo
|-damage|p1a: Gholdengo|42/100
|
|upkeep
|turn|3
|
|t:|1779865768
|move|p2a: BigChills|Earth Power|p1a: Gholdengo
|-supereffective|p1a: Gholdengo
|-damage|p1a: Gholdengo|0 fnt
|faint|p1a: Gholdengo
|
|upkeep
|
|t:|1779865782
|switch|p1a: Dragonite|Dragonite, M|100/100
|turn|4
|
|t:|1779865787
|switch|p2a: XLR8|Iron Valiant|100/100
|-enditem|p2a: XLR8|Booster Energy
|-activate|p2a: XLR8|ability: Quark Drive|[fromitem]
|-start|p2a: XLR8|quarkdrivespe
|-terastallize|p1a: Dragonite|Steel
|move|p1a: Dragonite|Dragon Dance|p1a: Dragonite
|-boost|p1a: Dragonite|atk|1
|-boost|p1a: Dragonite|spe|1
|
|upkeep
|turn|5
|
|t:|1779865794
|-terastallize|p2a: XLR8|Ghost
|move|p2a: XLR8|Encore|p1a: Dragonite
|-start|p1a: Dragonite|Encore
|move|p1a: Dragonite|Dragon Dance|p1a: Dragonite
|-boost|p1a: Dragonite|atk|1
|-boost|p1a: Dragonite|spe|1
|
|upkeep
|turn|6
|
|t:|1779865804
|-end|p2a: XLR8|Quark Drive|[silent]
|switch|p2a: JetRay|Landorus-Therian, M|100/100
|-ability|p2a: JetRay|Intimidate|boost
|-unboost|p1a: Dragonite|atk|1
|move|p1a: Dragonite|Dragon Dance|p1a: Dragonite
|-boost|p1a: Dragonite|atk|1
|-boost|p1a: Dragonite|spe|1
|
|upkeep
|turn|7
|
|t:|1779865807
|move|p1a: Dragonite|Dragon Dance|p1a: Dragonite
|-boost|p1a: Dragonite|atk|1
|-boost|p1a: Dragonite|spe|1
|move|p2a: JetRay|Earthquake|p1a: Dragonite
|-supereffective|p1a: Dragonite
|-damage|p1a: Dragonite|41/100
|
|-end|p1a: Dragonite|Encore
|upkeep
|turn|8
|
|t:|1779865818
|move|p1a: Dragonite|Iron Head|p2a: JetRay
|-crit|p2a: JetRay
|-damage|p2a: JetRay|0 fnt
|faint|p2a: JetRay
|
|-sideend|p1: fongxgopi|move: Light Screen
|upkeep
|
|t:|1779865822
|switch|p2a: WaayBig|Kingambit, F|100/100
|-activate|p2a: WaayBig|ability: Supreme Overlord
|-start|p2a: WaayBig|fallen1|[silent]
|turn|9
|
|t:|1779865828
|move|p2a: WaayBig|Sucker Punch|p1a: Dragonite
|-damage|p1a: Dragonite|0 fnt
|faint|p1a: Dragonite
|
|upkeep
|
|t:|1779865837
|switch|p1a: Quaquaval|Quaquaval, M, shiny|100/100
|turn|10
|
|t:|1779865844
|-end|p2a: WaayBig|fallen1|[silent]
|switch|p2a: XLR8|Iron Valiant, tera:Ghost|100/100
|move|p1a: Quaquaval|Aqua Step|p2a: XLR8
|-damage|p2a: XLR8|46/100
|-boost|p1a: Quaquaval|spe|1
|
|upkeep
|turn|11
|
|t:|1779865854
|-end|p2a: XLR8|Quark Drive|[silent]
|switch|p2a: BigChills|Kyurem|85/100
|-ability|p2a: BigChills|Pressure
|move|p1a: Quaquaval|Aqua Step|p2a: BigChills
|-resisted|p2a: BigChills
|-damage|p2a: BigChills|66/100
|-boost|p1a: Quaquaval|spe|1
|
|upkeep
|turn|12
|
|t:|1779865859
|switch|p2a: Ubchucks|Slowking-Galar, M|100/100
|move|p1a: Quaquaval|Close Combat|p2a: Ubchucks
|-resisted|p2a: Ubchucks
|-damage|p2a: Ubchucks|85/100
|-unboost|p1a: Quaquaval|def|1
|-unboost|p1a: Quaquaval|spd|1
|
|upkeep
|turn|13
|
|t:|1779865868
|switch|p1a: Regieleki|Regieleki|19/100
|move|p2a: Ubchucks|Psychic Noise|p1a: Regieleki
|-damage|p1a: Regieleki|0 fnt
|faint|p1a: Regieleki
|
|upkeep
|
|t:|1779865870
|switch|p1a: Landorus|Landorus-Therian, M|100/100
|-ability|p1a: Landorus|Intimidate|boost
|-unboost|p2a: Ubchucks|atk|1
|turn|14
|
|t:|1779865879
|move|p1a: Landorus|Stealth Rock|p2a: Ubchucks
|-sidestart|p2: scarletaurora|move: Stealth Rock
|-prepare|p2a: Ubchucks|Chilly Reception|[premajor]
|move|p2a: Ubchucks|Chilly Reception|p2a: Ubchucks
|-weather|Snowscape
|
|t:|1779865881
|switch|p2a: BigChills|Kyurem|66/100|[from] Chilly Reception
|-damage|p2a: BigChills|41/100|[from] Stealth Rock
|-ability|p2a: BigChills|Pressure
|
|-weather|Snowscape|[upkeep]
|upkeep
|turn|15
|
|t:|1779865889
|switch|p1a: Hoopa|Hoopa-Unbound|100/100
|move|p2a: BigChills|Blizzard|p1a: Hoopa
|-damage|p1a: Hoopa|17/100
|
|-weather|Snowscape|[upkeep]
|upkeep
|turn|16
|
|t:|1779865900
|switch|p2a: XLR8|Iron Valiant, tera:Ghost|46/100
|-damage|p2a: XLR8|34/100|[from] Stealth Rock
|move|p1a: Hoopa|Drain Punch|p2a: XLR8
|-immune|p2a: XLR8
|
|-weather|Snowscape|[upkeep]
|upkeep
|turn|17
|
|t:|1779865906
|switch|p1a: Landorus|Landorus-Therian, M|100/100
|-ability|p1a: Landorus|Intimidate|boost
|-unboost|p2a: XLR8|atk|1
|move|p2a: XLR8|Moonblast|p1a: Landorus
|-damage|p1a: Landorus|49/100
|
|-weather|Snowscape|[upkeep]
|upkeep
|turn|18
|
|t:|1779865910
|move|p2a: XLR8|Moonblast|p1a: Landorus
|-damage|p1a: Landorus|0 fnt
|faint|p1a: Landorus
|
|-weather|none
|upkeep
|
|t:|1779865917
|switch|p1a: Hoopa|Hoopa-Unbound|17/100
|turn|19
|
|t:|1779865930
|move|p1a: Hoopa|Hyperspace Fury|p2a: XLR8
|-supereffective|p2a: XLR8
|-damage|p2a: XLR8|0 fnt
|-unboost|p1a: Hoopa|def|1
|faint|p2a: XLR8
|-end|p2a: XLR8|Quark Drive|[silent]
|
|upkeep
|
|t:|1779865938
|switch|p2a: WaayBig|Kingambit, F|100/100
|-damage|p2a: WaayBig|94/100|[from] Stealth Rock
|-activate|p2a: WaayBig|ability: Supreme Overlord
|-start|p2a: WaayBig|fallen2|[silent]
|turn|20
|
|t:|1779865945
|move|p1a: Hoopa|Hyperspace Fury|p2a: WaayBig
|-resisted|p2a: WaayBig
|-damage|p2a: WaayBig|70/100
|-unboost|p1a: Hoopa|def|1
|move|p2a: WaayBig|Iron Head|p1a: Hoopa
|-damage|p1a: Hoopa|0 fnt
|faint|p1a: Hoopa
|
|-heal|p2a: WaayBig|76/100|[from] item: Leftovers
|upkeep
|
|t:|1779865947
|switch|p1a: Quaquaval|Quaquaval, M, shiny|100/100
|turn|21
|
|t:|1779865952
|move|p1a: Quaquaval|Aqua Step|p2a: WaayBig
|-damage|p2a: WaayBig|42/100
|-boost|p1a: Quaquaval|spe|1
|move|p2a: WaayBig|Iron Head|p1a: Quaquaval
|-resisted|p1a: Quaquaval
|-damage|p1a: Quaquaval|62/100
|
|-heal|p2a: WaayBig|48/100|[from] item: Leftovers
|upkeep
|turn|22
|
|t:|1779865967
|-end|p2a: WaayBig|fallen2|[silent]
|switch|p2a: Ubchucks|Slowking-Galar, M|100/100
|move|p1a: Quaquaval|Aqua Step|p2a: Ubchucks
|-damage|p2a: Ubchucks|58/100
|-boost|p1a: Quaquaval|spe|1
|
|upkeep
|turn|23
|
|t:|1779865970
|move|p1a: Quaquaval|Aqua Step|p2a: Ubchucks
|-damage|p2a: Ubchucks|16/100
|-boost|p1a: Quaquaval|spe|1
|move|p2a: Ubchucks|Thunder Wave|p1a: Quaquaval
|-status|p1a: Quaquaval|par
|
|upkeep
|turn|24
|
|t:|1779865982
|move|p1a: Quaquaval|Aqua Step|p2a: Ubchucks
|-damage|p2a: Ubchucks|0 fnt
|-boost|p1a: Quaquaval|spe|1
|faint|p2a: Ubchucks
|-ability|p1a: Quaquaval|Moxie|boost
|-boost|p1a: Quaquaval|atk|1
|
|upkeep
|
|t:|1779865993
|switch|p2a: HeatBlast|Cinderace, F|100/100
|turn|25
|
|t:|1779866000
|move|p1a: Quaquaval|Aqua Step|p2a: HeatBlast
|-supereffective|p2a: HeatBlast
|-damage|p2a: HeatBlast|0 fnt
|-boost|p1a: Quaquaval|spe|1
|faint|p2a: HeatBlast
|-ability|p1a: Quaquaval|Moxie|boost
|-boost|p1a: Quaquaval|atk|1
|
|upkeep
|
|t:|1779866003
|switch|p2a: BigChills|Kyurem|41/100
|-damage|p2a: BigChills|16/100|[from] Stealth Rock
|-ability|p2a: BigChills|Pressure
|turn|26
|
|t:|1779866007
|move|p1a: Quaquaval|Aqua Step|p2a: BigChills
|-resisted|p2a: BigChills
|-damage|p2a: BigChills|0 fnt
|-boost|p1a: Quaquaval|spe|1
|faint|p2a: BigChills
|-ability|p1a: Quaquaval|Moxie|boost
|-boost|p1a: Quaquaval|atk|1
|
|upkeep
|
|t:|1779866010
|switch|p2a: WaayBig|Kingambit, F|48/100
|-damage|p2a: WaayBig|42/100|[from] Stealth Rock
|-activate|p2a: WaayBig|ability: Supreme Overlord
|-start|p2a: WaayBig|fallen5|[silent]
|turn|27
|
|t:|1779866013
|move|p2a: WaayBig|Sucker Punch|p1a: Quaquaval
|-resisted|p1a: Quaquaval
|-damage|p1a: Quaquaval|18/100 par
|cant|p1a: Quaquaval|par
|
|-heal|p2a: WaayBig|48/100|[from] item: Leftovers
|upkeep
|turn|28
|
|t:|1779866016
|move|p2a: WaayBig|Sucker Punch|p1a: Quaquaval
|-resisted|p1a: Quaquaval
|-damage|p1a: Quaquaval|0 fnt
|faint|p1a: Quaquaval
|
|win|scarletaurora
|raw|fongxgopi's rating: 1403 &rarr; <strong>1387</strong><br />(-16 for losing)
|raw|scarletaurora's rating: 1469 &rarr; <strong>1485</strong><br />(+16 for winning)
|l|☆scarletaurora
|player|p2|
|c|☆fongxgopi|almost
|c|☆fongxgopi|gg
|l|☆fongxgopi
|player|p1|
