|j|☆romander60
|j|☆Embid ❤️ mah
|t:|1779915322
|gametype|singles
|player|p1|romander60|102|1531
|player|p2|Embid ❤️ mah|camper|1507
|gen|9
|tier|[Gen 9] OU
|rated|
|rule|HP Percentage Mod: HP is shown in percentages
|rule|Endless Battle Clause: Forcing endless battles is banned
|rule|Species Clause: Limit one of each Pokémon
|rule|OHKO Clause: OHKO moves are banned
|rule|Evasion Items Clause: Evasion items are banned
|rule|Evasion Moves Clause: Evasion moves are banned
|rule|Evasion Abilities Clause: Evasion abilities are banned
|rule|Sleep Moves Clause: Sleep-inducing moves are banned
|clearpoke
|poke|p1|Braviary-Hisui, M|
|poke|p1|Moltres|
|poke|p1|Ogerpon-Wellspring, F|
|poke|p1|Ting-Lu|
|poke|p1|Glimmora, F|
|poke|p1|Latios, M|
|poke|p2|Dragonite, F|
|poke|p2|Gholdengo|
|poke|p2|Iron Crown|
|poke|p2|Glimmora, M|
|poke|p2|Ting-Lu|
|poke|p2|Ogerpon-Wellspring, F|
|teampreview
|inactive|Battle timer is ON: inactive players will automatically lose when time's up. (requested by Embid ❤️ mah)
|
|t:|1779915342
|teamsize|p1|6
|teamsize|p2|6
|start
|switch|p1a: Ogerpon|Ogerpon-Wellspring, F|100/100
|switch|p2a: Iron Crown|Iron Crown|100/100
|-enditem|p2a: Iron Crown|Booster Energy
|-activate|p2a: Iron Crown|ability: Quark Drive|[fromitem]
|-start|p2a: Iron Crown|quarkdrivespe
|turn|1
|
|t:|1779915352
|-end|p2a: Iron Crown|Quark Drive|[silent]
|switch|p2a: Ogerpon|Ogerpon-Wellspring, F|100/100
|move|p1a: Ogerpon|Ivy Cudgel|p2a: Ogerpon|[anim] Ivy Cudgel Water
|-immune|p2a: Ogerpon|[from] ability: Water Absorb
|
|upkeep
|turn|2
|
|t:|1779915358
|move|p1a: Ogerpon|Horn Leech|p2a: Ogerpon
|-damage|p2a: Ogerpon|46/100
|move|p2a: Ogerpon|U-turn|p1a: Ogerpon
|-supereffective|p1a: Ogerpon
|-damage|p1a: Ogerpon|31/100
|
|t:|1779915364
|switch|p2a: Dragonite|Dragonite, F|100/100|[from] U-turn
|
|upkeep
|turn|3
|
|t:|1779915369
|switch|p1a: Ting-Lu|Ting-Lu|100/100
|-ability|p1a: Ting-Lu|Vessel of Ruin
|move|p2a: Dragonite|Extreme Speed|p1a: Ting-Lu
|-damage|p1a: Ting-Lu|83/100
|
|-heal|p1a: Ting-Lu|90/100|[from] item: Leftovers
|upkeep
|turn|4
|
|t:|1779915376
|move|p2a: Dragonite|Low Kick|p1a: Ting-Lu
|-supereffective|p1a: Ting-Lu
|-damage|p1a: Ting-Lu|44/100
|move|p1a: Ting-Lu|Spikes|p2a: Dragonite
|-sidestart|p2: Embid ❤️ mah|Spikes
|
|-heal|p1a: Ting-Lu|51/100|[from] item: Leftovers
|upkeep
|turn|5
|
|t:|1779915384
|switch|p2a: Glimmora|Glimmora, M|100/100
|-damage|p2a: Glimmora|88/100|[from] Spikes
|switch|p1a: Moltres|Moltres|100/100
|
|upkeep
|turn|6
|
|t:|1779915393
|switch|p1a: Latios|Latios, M|100/100
|move|p2a: Glimmora|Stealth Rock|p1a: Latios
|-sidestart|p1: romander60|move: Stealth Rock
|
|upkeep
|turn|7
|
|t:|1779915397
|switch|p2a: Ting-Lu|Ting-Lu|100/100
|-damage|p2a: Ting-Lu|88/100|[from] Spikes
|-ability|p2a: Ting-Lu|Vessel of Ruin
|move|p1a: Latios|Draco Meteor|p2a: Ting-Lu
|-damage|p2a: Ting-Lu|46/100
|-unboost|p1a: Latios|spa|2
|
|upkeep
|turn|8
|
|t:|1779915411
|switch|p1a: Moltres|Moltres|100/100
|move|p2a: Ting-Lu|Ruination|p1a: Moltres
|-damage|p1a: Moltres|51/100
|
|upkeep
|turn|9
|
|t:|1779915417
|move|p1a: Moltres|Roost|p1a: Moltres
|-heal|p1a: Moltres|100/100
|-singleturn|p1a: Moltres|move: Roost
|move|p2a: Ting-Lu|Spikes|p1a: Moltres
|-sidestart|p1: romander60|Spikes
|
|upkeep
|turn|10
|
|t:|1779915423
|move|p1a: Moltres|Flamethrower|p2a: Ting-Lu
|-damage|p2a: Ting-Lu|32/100
|move|p2a: Ting-Lu|Whirlwind|p1a: Moltres
|drag|p1a: Ting-Lu|Ting-Lu|51/100
|-damage|p1a: Ting-Lu|44/100|[from] Stealth Rock
|-damage|p1a: Ting-Lu|32/100|[from] Spikes
|-ability|p1a: Ting-Lu|Vessel of Ruin
|
|-heal|p1a: Ting-Lu|38/100|[from] item: Leftovers
|upkeep
|turn|11
|
|t:|1779915437
|move|p1a: Ting-Lu|Spikes|p2a: Ting-Lu
|-sidestart|p2: Embid ❤️ mah|Spikes
|move|p2a: Ting-Lu|Spikes|p1a: Ting-Lu
|-sidestart|p1: romander60|Spikes
|
|-heal|p1a: Ting-Lu|44/100|[from] item: Leftovers
|upkeep
|turn|12
|
|t:|1779915444
|move|p1a: Ting-Lu|Spikes|p2a: Ting-Lu
|-sidestart|p2: Embid ❤️ mah|Spikes
|move|p2a: Ting-Lu|Ruination|p1a: Ting-Lu
|-damage|p1a: Ting-Lu|22/100
|
|-heal|p1a: Ting-Lu|29/100|[from] item: Leftovers
|upkeep
|turn|13
|
|t:|1779915447
|move|p2a: Ting-Lu|Spikes|p1a: Ting-Lu
|-sidestart|p1: romander60|Spikes
|move|p1a: Ting-Lu|Earthquake|p2a: Ting-Lu
|-damage|p2a: Ting-Lu|13/100
|
|-heal|p1a: Ting-Lu|35/100|[from] item: Leftovers
|upkeep
|turn|14
|
|t:|1779915454
|move|p2a: Ting-Lu|Ruination|p1a: Ting-Lu
|-damage|p1a: Ting-Lu|18/100
|move|p1a: Ting-Lu|Whirlwind|p2a: Ting-Lu
|drag|p2a: Dragonite|Dragonite, F|100/100
|
|-heal|p1a: Ting-Lu|24/100|[from] item: Leftovers
|upkeep
|turn|15
|
|t:|1779915464
|switch|p2a: Ting-Lu|Ting-Lu|13/100
|-damage|p2a: Ting-Lu|0 fnt|[from] Spikes
|faint|p2a: Ting-Lu
|switch|p1a: Moltres|Moltres|100/100
|
|upkeep
|
|t:|1779915471
|switch|p2a: Glimmora|Glimmora, M|88/100
|-damage|p2a: Glimmora|63/100|[from] Spikes
|turn|16
|
|t:|1779915475
|switch|p1a: Ting-Lu|Ting-Lu|24/100
|-damage|p1a: Ting-Lu|18/100|[from] Stealth Rock
|-damage|p1a: Ting-Lu|0 fnt|[from] Spikes
|faint|p1a: Ting-Lu
|move|p2a: Glimmora|Mortal Spin|p1: Ting-Lu|[notarget]
|-fail|p2a: Glimmora
|
|upkeep
|
|t:|1779915479
|switch|p1a: Latios|Latios, M|100/100
|-damage|p1a: Latios|88/100|[from] Stealth Rock
|turn|17
|
|t:|1779915491
|switch|p2a: Iron Crown|Iron Crown|100/100
|-damage|p2a: Iron Crown|76/100|[from] Spikes
|move|p1a: Latios|Flip Turn|p2a: Iron Crown
|-damage|p2a: Iron Crown|63/100
|l|☆Embid ❤️ mah
|inactive|Embid ❤️ mah disconnected and has a minute to reconnect!
|player|p2|
|
|t:|1779915511
|switch|p1a: Moltres|Moltres|100/100|[from] Flip Turn
|
|upkeep
|turn|18
|j|☆Embid ❤️ mah
|inactive|Embid ❤️ mah reconnected and has 145 seconds left.
|player|p2|Embid ❤️ mah|camper|
|
|t:|1779915526
|switch|p1a: Latios|Latios, M|88/100
|-damage|p1a: Latios|76/100|[from] Stealth Rock
|move|p2a: Iron Crown|Calm Mind|p2a: Iron Crown
|-boost|p2a: Iron Crown|spa|1
|-boost|p2a: Iron Crown|spd|1
|
|upkeep
|turn|19
|
|t:|1779915534
|move|p1a: Latios|Flip Turn|p2a: Iron Crown
|-damage|p2a: Iron Crown|52/100
|
|t:|1779915541
|switch|p1a: Ogerpon|Ogerpon-Wellspring, F|31/100|[from] Flip Turn
|-damage|p1a: Ogerpon|18/100|[from] Stealth Rock
|-damage|p1a: Ogerpon|0 fnt|[from] Spikes
|faint|p1a: Ogerpon
|move|p2a: Iron Crown|Tachyon Cutter|p1: Ogerpon|[notarget]
|-fail|p2a: Iron Crown
|
|upkeep
|
|t:|1779915547
|switch|p1a: Braviary|Braviary-Hisui, M|100/100
|-damage|p1a: Braviary|76/100|[from] Stealth Rock
|turn|20
|
|t:|1779915553
|move|p2a: Iron Crown|Tachyon Cutter|p1a: Braviary
|-damage|p1a: Braviary|28/100
|-damage|p1a: Braviary|0 fnt
|faint|p1a: Braviary
|-hitcount|p1: Braviary|2
|
|upkeep
|-message|romander60 forfeited.
|
|win|Embid ❤️ mah
|raw|romander60's rating: 1531 &rarr; <strong>1510</strong><br />(-21 for losing)
|raw|Embid ❤️ mah's rating: 1507 &rarr; <strong>1528</strong><br />(+21 for winning)
|l|☆romander60
|player|p1|
|j| homersimpson272
