|j|☆breakway
|j|☆Melonman13
|t:|1779866336
|gametype|singles
|player|p1|breakway|red|1224
|player|p2|Melonman13|bruno|1202
|gen|9
|tier|[Gen 9] OU
|rated|
|rule|HP Percentage Mod: HP is shown in percentages
|rule|Endless Battle Clause: Forcing endless battles is banned
|rule|Species Clause: Limit one of each Pokémon
|rule|OHKO Clause: OHKO moves are banned
|rule|Evasion Items Clause: Evasion items are banned
|rule|Evasion Moves Clause: Evasion moves are banned
|rule|Evasion Abilities Clause: Evasion abilities are banned
|rule|Sleep Moves Clause: Sleep-inducing moves are banned
|clearpoke
|poke|p1|Infernape, M|
|poke|p1|Greninja-*, F|
|poke|p1|Hydreigon, F|
|poke|p1|Zapdos|
|poke|p1|Regieleki|
|poke|p1|Meowscarada, M|
|poke|p2|Dragapult, F|
|poke|p2|Moltres-Galar|
|poke|p2|Weezing-Galar, M|
|poke|p2|Gastrodon-East, M|
|poke|p2|Iron Hands|
|poke|p2|Heatran, M|
|teampreview
|inactive|Battle timer is ON: inactive players will automatically lose when time's up. (requested by Melonman13)
|
|t:|1779866341
|teamsize|p1|6
|teamsize|p2|6
|start
|switch|p1a: Infernape|Infernape, M|100/100
|switch|p2a: Moltres|Moltres-Galar|100/100
|turn|1
|
|t:|1779866352
|switch|p2a: Dragapult|Dragapult, F|100/100
|move|p1a: Infernape|Bulk Up|p1a: Infernape
|-boost|p1a: Infernape|atk|1
|-boost|p1a: Infernape|def|1
|
|upkeep
|turn|2
|
|t:|1779866366
|move|p2a: Dragapult|Draco Meteor|p1a: Infernape
|-damage|p1a: Infernape|0 fnt
|-unboost|p2a: Dragapult|spa|2
|faint|p1a: Infernape
|
|upkeep
|
|t:|1779866377
|switch|p1a: Regieleki|Regieleki|100/100
|turn|3
|
|t:|1779866381
|switch|p2a: Gastrodon|Gastrodon-East, M, shiny|100/100
|move|p1a: Regieleki|Light Screen|p1a: Regieleki
|-sidestart|p1: breakway|move: Light Screen
|
|upkeep
|turn|4
|
|t:|1779866388
|move|p1a: Regieleki|Reflect|p1a: Regieleki
|-sidestart|p1: breakway|Reflect
|move|p2a: Gastrodon|Earth Power|p1a: Regieleki
|-supereffective|p1a: Regieleki
|-damage|p1a: Regieleki|44/100
|
|upkeep
|turn|5
|
|t:|1779866393
|switch|p1a: Zapdos|Zapdos|100/100
|move|p2a: Gastrodon|Earth Power|p1a: Zapdos
|-immune|p1a: Zapdos
|
|upkeep
|turn|6
|
|t:|1779866400
|move|p1a: Zapdos|Hurricane|p2a: Gastrodon
|-damage|p2a: Gastrodon|65/100
|-start|p2a: Gastrodon|confusion
|-activate|p2a: Gastrodon|confusion
|-damage|p2a: Gastrodon|58/100|[from] confusion
|
|upkeep
|turn|7
|
|t:|1779866406
|move|p1a: Zapdos|Hurricane|p2a: Gastrodon|[miss]
|-miss|p1a: Zapdos|p2a: Gastrodon
|-activate|p2a: Gastrodon|confusion
|move|p2a: Gastrodon|Ice Beam|p1a: Zapdos
|-supereffective|p1a: Zapdos
|-damage|p1a: Zapdos|72/100
|
|upkeep
|turn|8
|
|t:|1779866413
|move|p1a: Zapdos|Hurricane|p2a: Gastrodon
|-damage|p2a: Gastrodon|23/100
|-activate|p2a: Gastrodon|confusion
|-damage|p2a: Gastrodon|17/100|[from] confusion
|
|upkeep
|turn|9
|
|t:|1779866423
|move|p1a: Zapdos|Hurricane|p2a: Gastrodon|[miss]
|-miss|p1a: Zapdos|p2a: Gastrodon
|-end|p2a: Gastrodon|confusion
|move|p2a: Gastrodon|Ice Beam|p1a: Zapdos
|-supereffective|p1a: Zapdos
|-damage|p1a: Zapdos|45/100
|
|upkeep
|turn|10
|
|t:|1779866430
|move|p1a: Zapdos|Hurricane|p2a: Gastrodon
|-damage|p2a: Gastrodon|0 fnt
|faint|p2a: Gastrodon
|
|-sideend|p1: breakway|move: Light Screen
|upkeep
|
|t:|1779866435
|switch|p2a: Dragapult|Dragapult, F|100/100
|turn|11
|
|t:|1779866443
|move|p2a: Dragapult|Shadow Ball|p1a: Zapdos
|-damage|p1a: Zapdos|0 fnt
|faint|p1a: Zapdos
|
|-sideend|p1: breakway|Reflect
|upkeep
|
|t:|1779866447
|switch|p1a: Regieleki|Regieleki|44/100
|turn|12
|
|t:|1779866451
|move|p1a: Regieleki|Light Screen|p1a: Regieleki
|-sidestart|p1: breakway|move: Light Screen
|move|p2a: Dragapult|Shadow Ball|p1a: Regieleki
|-damage|p1a: Regieleki|0 fnt
|faint|p1a: Regieleki
|
|upkeep
|
|t:|1779866456
|switch|p1a: Meowscarada|Meowscarada, M|100/100
|turn|13
|
|t:|1779866461
|switch|p2a: Moltres|Moltres-Galar|100/100
|move|p1a: Meowscarada|Knock Off|p2a: Moltres
|-start|p1a: Meowscarada|typechange|Dark|[from] ability: Protean
|-resisted|p2a: Moltres
|-damage|p2a: Moltres|61/100
|-enditem|p2a: Moltres|Heavy-Duty Boots|[from] move: Knock Off|[of] p1a: Meowscarada
|
|upkeep
|turn|14
|
|t:|1779866473
|switch|p1a: Greninja|Greninja, F, shiny|100/100
|move|p2a: Moltres|Nasty Plot|p2a: Moltres
|-boost|p2a: Moltres|spa|2
|
|upkeep
|turn|15
|
|t:|1779866481
|move|p1a: Greninja|Blizzard|p2a: Moltres
|-start|p1a: Greninja|typechange|Ice|[from] ability: Protean
|-supereffective|p2a: Moltres
|-damage|p2a: Moltres|0 fnt
|faint|p2a: Moltres
|-damage|p1a: Greninja|91/100|[from] item: Life Orb
|
|upkeep
|
|t:|1779866489
|switch|p2a: Heatran|Heatran, M, shiny|100/100
|turn|16
|
|t:|1779866492
|switch|p1a: Hydreigon|Hydreigon, F|100/100
|move|p2a: Heatran|Iron Defense|p2a: Heatran
|-boost|p2a: Heatran|def|2
|
|upkeep
|turn|17
|
|t:|1779866504
|-terastallize|p2a: Heatran|Flying
|move|p1a: Hydreigon|Dark Pulse|p2a: Heatran
|-damage|p2a: Heatran|52/100
|move|p2a: Heatran|Flash Cannon|p1a: Hydreigon
|-damage|p1a: Hydreigon|74/100
|
|-heal|p2a: Heatran|58/100|[from] item: Leftovers
|upkeep
|turn|18
|
|t:|1779866517
|move|p1a: Hydreigon|Dark Pulse|p2a: Heatran
|-damage|p2a: Heatran|13/100
|move|p2a: Heatran|Flash Cannon|p1a: Hydreigon
|-damage|p1a: Hydreigon|46/100
|
|-heal|p2a: Heatran|19/100|[from] item: Leftovers
|upkeep
|turn|19
|
|t:|1779866524
|move|p1a: Hydreigon|Dark Pulse|p2a: Heatran
|-damage|p2a: Heatran|0 fnt
|faint|p2a: Heatran
|
|-sideend|p1: breakway|move: Light Screen
|upkeep
|
|t:|1779866529
|switch|p2a: Dragapult|Dragapult, F|100/100
|turn|20
|
|t:|1779866534
|move|p1a: Hydreigon|Dark Pulse|p2a: Dragapult
|-supereffective|p2a: Dragapult
|-damage|p2a: Dragapult|0 fnt
|faint|p2a: Dragapult
|
|upkeep
|
|t:|1779866538
|switch|p2a: Iron Hands|Iron Hands|100/100
|-enditem|p2a: Iron Hands|Booster Energy
|-activate|p2a: Iron Hands|ability: Quark Drive|[fromitem]
|-start|p2a: Iron Hands|quarkdriveatk
|turn|21
|
|t:|1779866546
|move|p1a: Hydreigon|Dark Pulse|p2a: Iron Hands
|-resisted|p2a: Iron Hands
|-crit|p2a: Iron Hands
|-damage|p2a: Iron Hands|67/100
|move|p2a: Iron Hands|Body Press|p1a: Hydreigon
|-supereffective|p1a: Hydreigon
|-damage|p1a: Hydreigon|0 fnt
|faint|p1a: Hydreigon
|
|upkeep
|
|t:|1779866560
|switch|p1a: Greninja|Greninja, F, shiny|91/100
|turn|22
|
|t:|1779866564
|-end|p2a: Iron Hands|Quark Drive|[silent]
|switch|p2a: Weezing|Weezing-Galar, M|100/100
|-ability|p2a: Weezing|Neutralizing Gas
|move|p1a: Greninja|Surf|p2a: Weezing
|-damage|p2a: Weezing|41/100
|-damage|p1a: Greninja|81/100|[from] item: Life Orb
|
|-heal|p2a: Weezing|47/100|[from] item: Black Sludge
|upkeep
|turn|23
|
|t:|1779866576
|move|p1a: Greninja|Surf|p2a: Weezing
|-damage|p2a: Weezing|0 fnt
|faint|p2a: Weezing
|-end|p2a: Weezing|ability: Neutralizing Gas
|-damage|p1a: Greninja|71/100|[from] item: Life Orb
|
|upkeep
|
|t:|1779866581
|switch|p2a: Iron Hands|Iron Hands|67/100
|turn|24
|
|t:|1779866585
|move|p1a: Greninja|Surf|p2a: Iron Hands
|-start|p1a: Greninja|typechange|Water|[from] ability: Protean
|-damage|p2a: Iron Hands|14/100
|-damage|p1a: Greninja|61/100|[from] item: Life Orb
|move|p2a: Iron Hands|Rest|p2a: Iron Hands
|-status|p2a: Iron Hands|slp|[from] move: Rest
|-heal|p2a: Iron Hands|100/100 slp|[silent]
|
|upkeep
|turn|25
|
|t:|1779866597
|move|p1a: Greninja|Surf|p2a: Iron Hands
|-damage|p2a: Iron Hands|46/100 slp
|-damage|p1a: Greninja|52/100|[from] item: Life Orb
|cant|p2a: Iron Hands|slp
|move|p2a: Iron Hands|Sleep Talk|p2a: Iron Hands
|move|p2a: Iron Hands|Supercell Slam|p1a: Greninja|[from] move: Sleep Talk|[miss]
|-miss|p2a: Iron Hands|p1a: Greninja
|-damage|p2a: Iron Hands|0 fnt|[from] supercellslam
|faint|p2a: Iron Hands
|-end|p2a: Iron Hands|Quark Drive|[silent]
|
|win|breakway
|raw|breakway's rating: 1224 &rarr; <strong>1247</strong><br />(+23 for winning)
|raw|Melonman13's rating: 1202 &rarr; <strong>1179</strong><br />(-23 for losing)
|l|☆Melonman13
|player|p2|
