|j|☆Kemet Prince
|j|☆stevstacks
|t:|1779843540
|gametype|singles
|player|p1|Kemet Prince|shadowtriad|1648
|player|p2|stevstacks|1|1679
|gen|9
|tier|[Gen 9] OU
|rated|
|rule|HP Percentage Mod: HP is shown in percentages
|rule|Endless Battle Clause: Forcing endless battles is banned
|rule|Species Clause: Limit one of each Pokémon
|rule|OHKO Clause: OHKO moves are banned
|rule|Evasion Items Clause: Evasion items are banned
|rule|Evasion Moves Clause: Evasion moves are banned
|rule|Evasion Abilities Clause: Evasion abilities are banned
|rule|Sleep Moves Clause: Sleep-inducing moves are banned
|clearpoke
|poke|p1|Clodsire, F|
|poke|p1|Iron Valiant|
|poke|p1|Moltres|
|poke|p1|Espeon, F|
|poke|p1|Kingambit, M|
|poke|p1|Quaquaval, F|
|poke|p2|Torkoal, M|
|poke|p2|Corviknight, F|
|poke|p2|Walking Wake|
|poke|p2|Dragonite, M|
|poke|p2|Great Tusk|
|poke|p2|Zamazenta-*|
|teampreview
|
|t:|1779843552
|teamsize|p1|6
|teamsize|p2|6
|start
|switch|p1a: Espeon|Espeon, F|100/100
|switch|p2a: Walking Wake|Walking Wake|100/100
|turn|1
|
|t:|1779843555
|-end|p2a: Walking Wake|Protosynthesis|[silent]
|switch|p2a: Corviknight|Corviknight, F, shiny|100/100
|-ability|p2a: Corviknight|Pressure
|move|p1a: Espeon|Dazzling Gleam|p2a: Corviknight
|-resisted|p2a: Corviknight
|-damage|p2a: Corviknight|87/100
|
|-heal|p2a: Corviknight|94/100|[from] item: Leftovers
|upkeep
|turn|2
|
|t:|1779843558
|switch|p1a: Moltres|Moltres|100/100
|move|p2a: Corviknight|U-turn|p1a: Moltres
|-resisted|p1a: Moltres
|-damage|p1a: Moltres|96/100
|-status|p2a: Corviknight|brn|[from] ability: Flame Body|[of] p1a: Moltres
|inactive|Battle timer is ON: inactive players will automatically lose when time's up. (requested by Kemet Prince)
|
|t:|1779843574
|switch|p2a: Great Tusk|Great Tusk, shiny|100/100|[from] U-turn
|
|upkeep
|turn|3
|
|t:|1779843576
|move|p1a: Moltres|Air Slash|p2a: Great Tusk
|-supereffective|p2a: Great Tusk
|-damage|p2a: Great Tusk|0 fnt
|faint|p2a: Great Tusk
|-end|p2a: Great Tusk|Protosynthesis|[silent]
|
|upkeep
|
|t:|1779843581
|switch|p2a: Walking Wake|Walking Wake|100/100
|turn|4
|
|t:|1779843593
|switch|p1a: Kingambit|Kingambit, M|100/100
|move|p2a: Walking Wake|Draco Meteor|p1a: Kingambit
|-resisted|p1a: Kingambit
|-damage|p1a: Kingambit|70/100
|-unboost|p2a: Walking Wake|spa|2
|
|upkeep
|turn|5
|
|t:|1779843601
|move|p2a: Walking Wake|Flip Turn|p1a: Kingambit
|-damage|p1a: Kingambit|56/100
|
|t:|1779843604
|-end|p2a: Walking Wake|Protosynthesis|[silent]
|switch|p2a: Torkoal|Torkoal, M, shiny|100/100|[from] Flip Turn
|-weather|SunnyDay|[from] ability: Drought|[of] p2a: Torkoal
|move|p1a: Kingambit|Kowtow Cleave|p2a: Torkoal
|-damage|p2a: Torkoal|59/100
|
|-weather|SunnyDay|[upkeep]
|upkeep
|turn|6
|
|t:|1779843612
|-end|p1a: Kingambit|fallenundefined|[silent]
|switch|p1a: Espeon|Espeon, F|100/100
|move|p2a: Torkoal|Stealth Rock|p1a: Espeon
|move|p1a: Espeon|Stealth Rock|p2a: Torkoal|[from] ability: Magic Bounce
|-sidestart|p2: stevstacks|move: Stealth Rock
|
|-weather|SunnyDay|[upkeep]
|upkeep
|turn|7
|
|t:|1779843619
|move|p1a: Espeon|Psychic|p2a: Torkoal
|-damage|p2a: Torkoal|0 fnt
|faint|p2a: Torkoal
|
|-weather|SunnyDay|[upkeep]
|upkeep
|
|t:|1779843624
|switch|p2a: Corviknight|Corviknight, F, shiny|94/100 brn
|-damage|p2a: Corviknight|81/100 brn|[from] Stealth Rock
|-ability|p2a: Corviknight|Pressure
|turn|8
|
|t:|1779843628
|switch|p1a: Moltres|Moltres|96/100
|move|p2a: Corviknight|Defog|p1a: Moltres
|-unboost|p1a: Moltres|evasion|1
|-sideend|p2: stevstacks|Stealth Rock|[from] move: Defog|[of] p2a: Corviknight
|
|-weather|SunnyDay|[upkeep]
|-heal|p2a: Corviknight|87/100 brn|[from] item: Leftovers
|-damage|p2a: Corviknight|81/100 brn|[from] brn
|upkeep
|turn|9
|
|t:|1779843631
|move|p1a: Moltres|Flamethrower|p2a: Corviknight
|-supereffective|p2a: Corviknight
|-damage|p2a: Corviknight|0 fnt
|faint|p2a: Corviknight
|
|-weather|SunnyDay|[upkeep]
|upkeep
|
|t:|1779843635
|switch|p2a: Dragonite|Dragonite, M, shiny|100/100
|turn|10
|
|t:|1779843641
|switch|p1a: Iron Valiant|Iron Valiant|100/100
|move|p2a: Dragonite|Dragon Dance|p2a: Dragonite
|-boost|p2a: Dragonite|atk|1
|-boost|p2a: Dragonite|spe|1
|
|-weather|SunnyDay|[upkeep]
|upkeep
|turn|11
|
|t:|1779843644
|move|p1a: Iron Valiant|Moonblast|p2a: Dragonite
|-supereffective|p2a: Dragonite
|-damage|p2a: Dragonite|47/100
|-unboost|p2a: Dragonite|spa|1
|-damage|p1a: Iron Valiant|91/100|[from] item: Life Orb
|move|p2a: Dragonite|Dragon Dance|p2a: Dragonite
|-boost|p2a: Dragonite|atk|1
|-boost|p2a: Dragonite|spe|1
|
|-weather|SunnyDay|[upkeep]
|-heal|p2a: Dragonite|53/100|[from] item: Leftovers
|upkeep
|turn|12
|
|t:|1779843651
|move|p2a: Dragonite|Earthquake|p1a: Iron Valiant
|-damage|p1a: Iron Valiant|0 fnt
|faint|p1a: Iron Valiant
|-end|p1a: Iron Valiant|Quark Drive|[silent]
|
|-weather|none
|-heal|p2a: Dragonite|59/100|[from] item: Leftovers
|upkeep
|
|t:|1779843658
|switch|p1a: Moltres|Moltres|96/100
|turn|13
|
|t:|1779843663
|move|p1a: Moltres|Air Slash|p2a: Dragonite
|-damage|p2a: Dragonite|25/100
|cant|p2a: Dragonite|flinch
|
|-heal|p2a: Dragonite|32/100|[from] item: Leftovers
|upkeep
|turn|14
|
|t:|1779843667
|move|p1a: Moltres|Air Slash|p2a: Dragonite
|-damage|p2a: Dragonite|0 fnt
|faint|p2a: Dragonite
|
|upkeep
|j| samurajen
|
|t:|1779843671
|switch|p2a: Walking Wake|Walking Wake|100/100
|turn|15
|
|t:|1779843674
|switch|p1a: Kingambit|Kingambit, M|56/100
|-activate|p1a: Kingambit|ability: Supreme Overlord
|-start|p1a: Kingambit|fallen1|[silent]
|move|p2a: Walking Wake|Hydro Steam|p1a: Kingambit
|-damage|p1a: Kingambit|10/100
|
|upkeep
|turn|16
|
|t:|1779843678
|move|p2a: Walking Wake|Hydro Steam|p1a: Kingambit
|-crit|p1a: Kingambit
|-damage|p1a: Kingambit|0 fnt
|faint|p1a: Kingambit
|-end|p1a: Kingambit|fallen1|[silent]
|
|upkeep
|
|t:|1779843685
|switch|p1a: Espeon|Espeon, F|100/100
|turn|17
|inactive|stevstacks has 120 seconds left.
|inactive|stevstacks has 90 seconds left.
|inactive|stevstacks has 60 seconds left.
|
|t:|1779843795
|move|p1a: Espeon|Psychic|p2a: Walking Wake
|-damage|p2a: Walking Wake|17/100
|move|p2a: Walking Wake|Hydro Steam|p1a: Espeon
|-damage|p1a: Espeon|39/100
|
|upkeep
|turn|18
|
|t:|1779843799
|move|p1a: Espeon|Psychic|p2a: Walking Wake
|-damage|p2a: Walking Wake|0 fnt
|faint|p2a: Walking Wake
|-end|p2a: Walking Wake|Protosynthesis|[silent]
|
|upkeep
|
|t:|1779843800
|switch|p2a: Zamazenta|Zamazenta, shiny|100/100
|-ability|p2a: Zamazenta|Dauntless Shield|boost
|-boost|p2a: Zamazenta|def|1
|turn|19
|
|t:|1779843803
|-terastallize|p2a: Zamazenta|Fire
|move|p2a: Zamazenta|Crunch|p1a: Espeon
|-supereffective|p1a: Espeon
|-damage|p1a: Espeon|0 fnt
|faint|p1a: Espeon
|
|upkeep
|
|t:|1779843813
|switch|p1a: Clodsire|Clodsire, F|100/100
|turn|20
|
|t:|1779843816
|move|p2a: Zamazenta|Substitute|p2a: Zamazenta
|-start|p2a: Zamazenta|Substitute
|-damage|p2a: Zamazenta|75/100
|move|p1a: Clodsire|Toxic||[still]
|-fail|p1a: Clodsire
|
|-heal|p2a: Zamazenta|82/100|[from] item: Leftovers
|upkeep
|turn|21
|
|t:|1779843818
|move|p2a: Zamazenta|Iron Defense|p2a: Zamazenta
|-boost|p2a: Zamazenta|def|2
|move|p1a: Clodsire|Earthquake|p2a: Zamazenta
|-supereffective|p2a: Zamazenta
|-activate|p2a: Zamazenta|move: Substitute|[damage]
|
|-heal|p2a: Zamazenta|88/100|[from] item: Leftovers
|upkeep
|turn|22
|
|t:|1779843822
|switch|p1a: Moltres|Moltres|96/100
|move|p2a: Zamazenta|Iron Defense|p2a: Zamazenta
|-boost|p2a: Zamazenta|def|2
|
|-heal|p2a: Zamazenta|94/100|[from] item: Leftovers
|upkeep
|turn|23
|
|t:|1779843827
|move|p1a: Moltres|Air Slash|p2a: Zamazenta
|-end|p2a: Zamazenta|Substitute
|move|p2a: Zamazenta|Body Press|p1a: Moltres
|-resisted|p1a: Moltres
|-damage|p1a: Moltres|31/100
|
|-heal|p2a: Zamazenta|99/100|[from] item: Leftovers
|upkeep
|turn|24
|inactive|stevstacks has 120 seconds left.
|
|t:|1779843832
|move|p1a: Moltres|Air Slash|p2a: Zamazenta
|-damage|p2a: Zamazenta|72/100
|move|p2a: Zamazenta|Body Press|p1a: Moltres
|-resisted|p1a: Moltres
|-damage|p1a: Moltres|0 fnt
|faint|p1a: Moltres
|
|-heal|p2a: Zamazenta|78/100|[from] item: Leftovers
|upkeep
|
|t:|1779843841
|switch|p1a: Quaquaval|Quaquaval, F|100/100
|turn|25
|
|t:|1779843843
|move|p2a: Zamazenta|Body Press|p1a: Quaquaval
|-damage|p1a: Quaquaval|0 fnt
|faint|p1a: Quaquaval
|
|-heal|p2a: Zamazenta|84/100|[from] item: Leftovers
|upkeep
|
|t:|1779843846
|switch|p1a: Clodsire|Clodsire, F|100/100
|turn|26
|
|t:|1779843849
|move|p2a: Zamazenta|Substitute|p2a: Zamazenta
|-start|p2a: Zamazenta|Substitute
|-damage|p2a: Zamazenta|59/100
|move|p1a: Clodsire|Earthquake|p2a: Zamazenta
|-supereffective|p2a: Zamazenta
|-activate|p2a: Zamazenta|move: Substitute|[damage]
|
|-heal|p2a: Zamazenta|65/100|[from] item: Leftovers
|upkeep
|turn|27
|
|t:|1779843851
|move|p2a: Zamazenta|Iron Defense|p2a: Zamazenta
|-boost|p2a: Zamazenta|def|1
|move|p1a: Clodsire|Earthquake|p2a: Zamazenta
|-supereffective|p2a: Zamazenta
|-activate|p2a: Zamazenta|move: Substitute|[damage]
|
|-heal|p2a: Zamazenta|71/100|[from] item: Leftovers
|upkeep
|turn|28
|
|t:|1779843853
|move|p2a: Zamazenta|Crunch|p1a: Clodsire
|-damage|p1a: Clodsire|75/100
|-unboost|p1a: Clodsire|def|1
|move|p1a: Clodsire|Earthquake|p2a: Zamazenta
|-supereffective|p2a: Zamazenta
|-end|p2a: Zamazenta|Substitute
|
|-heal|p2a: Zamazenta|78/100|[from] item: Leftovers
|-heal|p1a: Clodsire|81/100|[from] item: Leftovers
|upkeep
|turn|29
|
|t:|1779843858
|move|p2a: Zamazenta|Substitute|p2a: Zamazenta
|-start|p2a: Zamazenta|Substitute
|-damage|p2a: Zamazenta|53/100
|move|p1a: Clodsire|Earthquake|p2a: Zamazenta
|-supereffective|p2a: Zamazenta
|-activate|p2a: Zamazenta|move: Substitute|[damage]
|
|-heal|p2a: Zamazenta|59/100|[from] item: Leftovers
|-heal|p1a: Clodsire|88/100|[from] item: Leftovers
|upkeep
|turn|30
|
|t:|1779843861
|move|p2a: Zamazenta|Body Press|p1a: Clodsire
|-resisted|p1a: Clodsire
|-damage|p1a: Clodsire|0 fnt
|faint|p1a: Clodsire
|
|win|stevstacks
|raw|Kemet Prince's rating: 1648 &rarr; <strong>1630</strong><br />(-18 for losing)
|raw|stevstacks's rating: 1679 &rarr; <strong>1697</strong><br />(+18 for winning)
|l|☆stevstacks
|player|p2|
|c|☆Kemet Prince|That thing is so broken lmao
|c|☆Kemet Prince|You just got outplayed to hell
|l|☆Kemet Prince
|player|p1|
|l| samurajen
