|j|☆amasawaichikamommy
|j|☆slowlyfadingaway
|t:|1779963872
|gametype|singles
|player|p1|amasawaichikamommy|winona|1649
|player|p2|slowlyfadingaway|veteran|1526
|gen|9
|tier|[Gen 9] OU
|rated|
|rule|HP Percentage Mod: HP is shown in percentages
|rule|Endless Battle Clause: Forcing endless battles is banned
|rule|Species Clause: Limit one of each Pokémon
|rule|OHKO Clause: OHKO moves are banned
|rule|Evasion Items Clause: Evasion items are banned
|rule|Evasion Moves Clause: Evasion moves are banned
|rule|Evasion Abilities Clause: Evasion abilities are banned
|rule|Sleep Moves Clause: Sleep-inducing moves are banned
|clearpoke
|poke|p1|Gliscor, M|
|poke|p1|Iron Moth|
|poke|p1|Hatterene, F|
|poke|p1|Ogerpon-Wellspring, F|
|poke|p1|Raging Bolt|
|poke|p1|Zamazenta-*|
|poke|p2|Greninja-*, M|
|poke|p2|Forretress, M|
|poke|p2|Samurott-Hisui, M|
|poke|p2|Garchomp, F|
|poke|p2|Scizor, F|
|poke|p2|Diancie|
|teampreview
|inactive|Battle timer is ON: inactive players will automatically lose when time's up. (requested by slowlyfadingaway)
|c|☆slowlyfadingaway|let us battle
|c|☆slowlyfadingaway|just this once..
|
|t:|1779963894
|teamsize|p1|6
|teamsize|p2|6
|start
|switch|p1a: Ogerpon|Ogerpon-Wellspring, F|100/100
|switch|p2a: Samurott|Samurott-Hisui, M|100/100
|turn|1
|
|t:|1779963905
|move|p1a: Ogerpon|Trailblaze|p2a: Samurott
|-supereffective|p2a: Samurott
|-damage|p2a: Samurott|15/100
|-boost|p1a: Ogerpon|spe|1
|move|p2a: Samurott|Ceaseless Edge|p1a: Ogerpon
|-damage|p1a: Ogerpon|43/100
|-sidestart|p1: amasawaichikamommy|Spikes
|
|upkeep
|turn|2
|
|t:|1779963915
|switch|p2a: Forretress|Forretress, M|100/100
|move|p1a: Ogerpon|Trailblaze|p2a: Forretress
|-resisted|p2a: Forretress
|-damage|p2a: Forretress|96/100
|-boost|p1a: Ogerpon|spe|1
|
|upkeep
|turn|3
|
|t:|1779963925
|switch|p1a: Hatterene|Hatterene, F|100/100
|-damage|p1a: Hatterene|88/100|[from] Spikes
|move|p2a: Forretress|Stealth Rock|p1a: Hatterene
|move|p1a: Hatterene|Stealth Rock|p2a: Forretress|[from] ability: Magic Bounce
|-sidestart|p2: slowlyfadingaway|move: Stealth Rock
|
|-heal|p1a: Hatterene|94/100|[from] item: Leftovers
|upkeep
|turn|4
|
|t:|1779963936
|switch|p2a: Greninja|Greninja, M|100/100
|-damage|p2a: Greninja|88/100|[from] Stealth Rock
|move|p1a: Hatterene|Mystical Fire|p2a: Greninja
|-resisted|p2a: Greninja
|-damage|p2a: Greninja|69/100
|-unboost|p2a: Greninja|spa|1
|
|-heal|p1a: Hatterene|99/100|[from] item: Leftovers
|upkeep
|turn|5
|
|t:|1779963953
|switch|p1a: Zamazenta|Zamazenta|100/100
|-damage|p1a: Zamazenta|88/100|[from] Spikes
|-ability|p1a: Zamazenta|Dauntless Shield|boost
|-boost|p1a: Zamazenta|def|1
|move|p2a: Greninja|U-turn|p1a: Zamazenta
|-resisted|p1a: Zamazenta
|-damage|p1a: Zamazenta|84/100
|
|t:|1779963959
|switch|p2a: Diancie|Diancie|100/100|[from] U-turn
|-damage|p2a: Diancie|88/100|[from] Stealth Rock
|
|upkeep
|turn|6
|
|t:|1779963965
|-terastallize|p2a: Diancie|Dragon
|move|p1a: Zamazenta|Light Screen|p1a: Zamazenta
|-sidestart|p1: amasawaichikamommy|move: Light Screen
|move|p2a: Diancie|Moonblast|p1a: Zamazenta
|-supereffective|p1a: Zamazenta
|-damage|p1a: Zamazenta|50/100
|
|upkeep
|turn|7
|
|t:|1779963987
|switch|p1a: Gliscor|Gliscor, M|100/100
|move|p2a: Diancie|Rock Polish|p2a: Diancie
|-boost|p2a: Diancie|spe|2
|
|-status|p1a: Gliscor|tox|[from] item: Toxic Orb
|upkeep
|turn|8
|
|t:|1779964001
|switch|p2a: Forretress|Forretress, M|96/100
|-damage|p2a: Forretress|84/100|[from] Stealth Rock
|move|p1a: Gliscor|Earthquake|p2a: Forretress
|-damage|p2a: Forretress|57/100
|
|upkeep
|turn|9
|
|t:|1779964011
|switch|p1a: Hatterene|Hatterene, F|99/100
|-damage|p1a: Hatterene|88/100|[from] Spikes
|move|p2a: Forretress|Rapid Spin|p1a: Hatterene
|-damage|p1a: Hatterene|79/100
|-boost|p2a: Forretress|spe|1
|-sideend|p2: slowlyfadingaway|Stealth Rock|[from] move: Rapid Spin|[of] p2a: Forretress
|
|-heal|p1a: Hatterene|85/100|[from] item: Leftovers
|upkeep
|turn|10
|
|t:|1779964026
|switch|p2a: Samurott|Samurott-Hisui, M|15/100
|move|p1a: Hatterene|Calm Mind|p1a: Hatterene
|-boost|p1a: Hatterene|spa|1
|-boost|p1a: Hatterene|spd|1
|
|-heal|p1a: Hatterene|91/100|[from] item: Leftovers
|upkeep
|turn|11
|
|t:|1779964033
|move|p2a: Samurott|Ceaseless Edge|p1a: Hatterene
|-damage|p1a: Hatterene|51/100
|-sidestart|p1: amasawaichikamommy|Spikes
|move|p1a: Hatterene|Draining Kiss|p2a: Samurott
|-supereffective|p2a: Samurott
|-damage|p2a: Samurott|0 fnt
|-heal|p1a: Hatterene|62/100|[from] drain|[of] p2a: Samurott
|faint|p2a: Samurott
|
|-heal|p1a: Hatterene|68/100|[from] item: Leftovers
|upkeep
|
|t:|1779964037
|switch|p2a: Scizor|Scizor, F|100/100
|turn|12
|
|t:|1779964040
|-terastallize|p1a: Hatterene|Water
|move|p2a: Scizor|Bullet Punch|p1a: Hatterene
|-resisted|p1a: Hatterene
|-damage|p1a: Hatterene|50/100
|-damage|p2a: Scizor|91/100|[from] item: Life Orb
|move|p1a: Hatterene|Mystical Fire|p2a: Scizor
|-supereffective|p2a: Scizor
|-damage|p2a: Scizor|0 fnt
|faint|p2a: Scizor
|
|-heal|p1a: Hatterene|56/100|[from] item: Leftovers
|upkeep
|
|t:|1779964044
|switch|p2a: Garchomp|Garchomp, F|100/100
|turn|13
|
|t:|1779964052
|move|p2a: Garchomp|Scale Shot|p1a: Hatterene
|-damage|p1a: Hatterene|46/100
|-damage|p1a: Hatterene|34/100
|-damage|p1a: Hatterene|23/100
|-damage|p1a: Hatterene|13/100
|-hitcount|p1a: Hatterene|4
|-unboost|p2a: Garchomp|def|1
|-boost|p2a: Garchomp|spe|1
|move|p1a: Hatterene|Draining Kiss|p2a: Garchomp
|-supereffective|p2a: Garchomp
|-damage|p2a: Garchomp|13/100
|-heal|p1a: Hatterene|87/100|[from] drain|[of] p2a: Garchomp
|-damage|p1a: Hatterene|74/100|[from] ability: Rough Skin|[of] p2a: Garchomp
|
|-heal|p1a: Hatterene|80/100|[from] item: Leftovers
|-sideend|p1: amasawaichikamommy|move: Light Screen
|upkeep
|turn|14
|
|t:|1779964075
|move|p2a: Garchomp|Scale Shot|p1a: Hatterene
|-damage|p1a: Hatterene|69/100
|-damage|p1a: Hatterene|58/100
|-damage|p1a: Hatterene|48/100
|-damage|p1a: Hatterene|37/100
|-damage|p1a: Hatterene|26/100
|-hitcount|p1a: Hatterene|5
|-unboost|p2a: Garchomp|def|1
|-boost|p2a: Garchomp|spe|1
|move|p1a: Hatterene|Stored Power|p2a: Garchomp
|-damage|p2a: Garchomp|0 fnt
|faint|p2a: Garchomp
|
|-heal|p1a: Hatterene|32/100|[from] item: Leftovers
|upkeep
|
|t:|1779964078
|switch|p2a: Greninja|Greninja, M|69/100
|turn|15
|
|t:|1779964095
|move|p2a: Greninja|Dark Pulse|p1a: Hatterene
|-damage|p1a: Hatterene|8/100
|move|p1a: Hatterene|Draining Kiss|p2a: Greninja
|-supereffective|p2a: Greninja
|-damage|p2a: Greninja|0 fnt
|-heal|p1a: Hatterene|54/100|[from] drain|[of] p2a: Greninja
|faint|p2a: Greninja
|
|-heal|p1a: Hatterene|60/100|[from] item: Leftovers
|upkeep
|
|t:|1779964099
|switch|p2a: Forretress|Forretress, M|57/100
|turn|16
|
|t:|1779964107
|move|p2a: Forretress|Body Press|p1a: Hatterene
|-damage|p1a: Hatterene|31/100
|move|p1a: Hatterene|Mystical Fire|p2a: Forretress
|-supereffective|p2a: Forretress
|-damage|p2a: Forretress|0 fnt
|faint|p2a: Forretress
|
|-heal|p1a: Hatterene|37/100|[from] item: Leftovers
|upkeep
|
|t:|1779964109
|switch|p2a: Diancie|Diancie, tera:Dragon|88/100
|turn|17
|
|t:|1779964118
|move|p2a: Diancie|Meteor Beam||[still]
|-prepare|p2a: Diancie|Meteor Beam
|-boost|p2a: Diancie|spa|1
|-enditem|p2a: Diancie|Power Herb
|-anim|p2a: Diancie|Meteor Beam|p1a: Hatterene
|-damage|p1a: Hatterene|0 fnt
|faint|p1a: Hatterene
|
|upkeep
|
|t:|1779964128
|switch|p1a: Raging Bolt|Raging Bolt|100/100
|-damage|p1a: Raging Bolt|84/100|[from] Spikes
|-enditem|p1a: Raging Bolt|Booster Energy
|-activate|p1a: Raging Bolt|ability: Protosynthesis|[fromitem]
|-start|p1a: Raging Bolt|protosynthesisspa
|turn|18
|
|t:|1779964134
|move|p1a: Raging Bolt|Dragon Pulse|p2a: Diancie
|-supereffective|p2a: Diancie
|-damage|p2a: Diancie|0 fnt
|faint|p2a: Diancie
|
|win|amasawaichikamommy
|raw|amasawaichikamommy's rating: 1649 &rarr; <strong>1662</strong><br />(+13 for winning)
|raw|slowlyfadingaway's rating: 1526 &rarr; <strong>1513</strong><br />(-13 for losing)
|l|☆slowlyfadingaway
|player|p2|
|l|☆amasawaichikamommy
|player|p1|
