|j|☆nose jeje salu2
|j|☆UltraAero
|t:|1779914958
|gametype|singles
|player|p1|nose jeje salu2|clair|1341
|player|p2|UltraAero|dawn-gen4pt|1342
|gen|9
|tier|[Gen 9] OU
|rated|
|rule|HP Percentage Mod: HP is shown in percentages
|rule|Endless Battle Clause: Forcing endless battles is banned
|rule|Species Clause: Limit one of each Pokémon
|rule|OHKO Clause: OHKO moves are banned
|rule|Evasion Items Clause: Evasion items are banned
|rule|Evasion Moves Clause: Evasion moves are banned
|rule|Evasion Abilities Clause: Evasion abilities are banned
|rule|Sleep Moves Clause: Sleep-inducing moves are banned
|clearpoke
|poke|p1|Scizor, F|
|poke|p1|Raging Bolt|
|poke|p1|Iron Moth|
|poke|p1|Ting-Lu|
|poke|p1|Meowscarada, F|
|poke|p1|Fezandipiti, M|
|poke|p2|Cinderace, F|
|poke|p2|Vaporeon, F|
|poke|p2|Gliscor, M|
|poke|p2|Iron Valiant|
|poke|p2|Corviknight, F|
|poke|p2|Slowking-Galar, M|
|teampreview
|inactive|Battle timer is ON: inactive players will automatically lose when time's up. (requested by UltraAero)
|
|t:|1779914969
|teamsize|p1|6
|teamsize|p2|6
|start
|switch|p1a: Meowscarada|Meowscarada, F, shiny|100/100
|switch|p2a: Cinderace|Cinderace, F|100/100
|turn|1
|inactive|nose jeje salu2 has 120 seconds left.
|
|t:|1779915000
|switch|p2a: Corviknight|Corviknight, F|100/100
|-ability|p2a: Corviknight|Pressure
|move|p1a: Meowscarada|U-turn|p2a: Corviknight
|-start|p1a: Meowscarada|typechange|Bug|[from] ability: Protean
|-resisted|p2a: Corviknight
|-damage|p2a: Corviknight|96/100
|-damage|p1a: Meowscarada|84/100|[from] item: Rocky Helmet|[of] p2a: Corviknight
|inactive|nose jeje salu2 has 120 seconds left.
|
|t:|1779915023
|switch|p1a: Raging Bolt|Raging Bolt|100/100|[from] U-turn
|
|upkeep
|turn|2
|
|t:|1779915042
|switch|p2a: Iron Valiant|Iron Valiant|100/100
|-enditem|p2a: Iron Valiant|Booster Energy
|-activate|p2a: Iron Valiant|ability: Quark Drive|[fromitem]
|-start|p2a: Iron Valiant|quarkdrivespe
|move|p1a: Raging Bolt|Dragon Pulse|p2a: Iron Valiant
|-immune|p2a: Iron Valiant
|
|upkeep
|turn|3
|inactive|nose jeje salu2 has 90 seconds left.
|
|t:|1779915091
|-end|p1a: Raging Bolt|Protosynthesis|[silent]
|switch|p1a: Meowscarada|Meowscarada, F, shiny|84/100
|move|p2a: Iron Valiant|Calm Mind|p2a: Iron Valiant
|-boost|p2a: Iron Valiant|spa|1
|-boost|p2a: Iron Valiant|spd|1
|
|upkeep
|turn|4
|
|t:|1779915097
|move|p1a: Meowscarada|Triple Axel|p2a: Iron Valiant
|-start|p1a: Meowscarada|typechange|Ice|[from] ability: Protean
|-damage|p2a: Iron Valiant|87/100
|-damage|p2a: Iron Valiant|64/100
|-damage|p2a: Iron Valiant|29/100
|-hitcount|p2a: Iron Valiant|3
|move|p2a: Iron Valiant|Moonblast|p1a: Meowscarada
|-damage|p1a: Meowscarada|0 fnt
|faint|p1a: Meowscarada
|
|upkeep
|
|t:|1779915108
|switch|p1a: Scizor|Scizor, F, shiny|100/100
|turn|5
|
|t:|1779915111
|-end|p2a: Iron Valiant|Quark Drive|[silent]
|switch|p2a: Corviknight|Corviknight, F|96/100
|-ability|p2a: Corviknight|Pressure
|move|p1a: Scizor|Bullet Punch|p2a: Corviknight
|-resisted|p2a: Corviknight
|-damage|p2a: Corviknight|86/100
|-damage|p1a: Scizor|84/100|[from] item: Rocky Helmet|[of] p2a: Corviknight
|
|upkeep
|turn|6
|-message|nose jeje salu2 forfeited.
|
|win|UltraAero
|raw|nose jeje salu2's rating: 1341 &rarr; <strong>1321</strong><br />(-20 for losing)
|raw|UltraAero's rating: 1342 &rarr; <strong>1362</strong><br />(+20 for winning)
|l|☆nose jeje salu2
|player|p1|
