|j|☆feety shrimp
|j|☆LT02
|t:|1779966748
|gametype|singles
|player|p1|feety shrimp|266|1371
|player|p2|LT02|266|1357
|gen|9
|tier|[Gen 9] OU
|rated|
|rule|HP Percentage Mod: HP is shown in percentages
|rule|Endless Battle Clause: Forcing endless battles is banned
|rule|Species Clause: Limit one of each Pokémon
|rule|OHKO Clause: OHKO moves are banned
|rule|Evasion Items Clause: Evasion items are banned
|rule|Evasion Moves Clause: Evasion moves are banned
|rule|Evasion Abilities Clause: Evasion abilities are banned
|rule|Sleep Moves Clause: Sleep-inducing moves are banned
|clearpoke
|poke|p1|Pawmot, M|
|poke|p1|Cresselia, F|
|poke|p1|Kingambit, M|
|poke|p1|Dondozo, F|
|poke|p1|Talonflame, M|
|poke|p1|Clodsire, M|
|poke|p2|Porygon-Z|
|poke|p2|Zapdos|
|poke|p2|Slowking-Galar, F|
|poke|p2|Ting-Lu|
|poke|p2|Great Tusk|
|poke|p2|Corviknight, F|
|teampreview
|inactive|Battle timer is ON: inactive players will automatically lose when time's up. (requested by LT02)
|
|t:|1779966756
|teamsize|p1|6
|teamsize|p2|6
|start
|switch|p1a: Pawmot|Pawmot, M|100/100
|switch|p2a: Porygon-Z|Porygon-Z|100/100
|-ability|p2a: Porygon-Z|Download|boost
|-boost|p2a: Porygon-Z|spa|1
|turn|1
|
|t:|1779966761
|switch|p2a: Zapdos|Zapdos|100/100
|move|p1a: Pawmot|Knock Off|p2a: Zapdos
|-damage|p2a: Zapdos|84/100
|-enditem|p2a: Zapdos|Leftovers|[from] move: Knock Off|[of] p1a: Pawmot
|
|upkeep
|turn|2
|
|t:|1779966778
|switch|p1a: Clodsire|Clodsire, M|100/100
|move|p2a: Zapdos|Hurricane|p1a: Clodsire|[miss]
|-miss|p2a: Zapdos|p1a: Clodsire
|
|upkeep
|turn|3
|
|t:|1779966785
|switch|p2a: Corviknight|Corviknight, F|100/100
|-ability|p2a: Corviknight|Pressure
|move|p1a: Clodsire|Toxic|p2a: Corviknight
|-immune|p2a: Corviknight
|
|upkeep
|turn|4
|inactive|feety shrimp has 120 seconds left.
|
|t:|1779966824
|move|p2a: Corviknight|U-turn|p1a: Clodsire
|-resisted|p1a: Clodsire
|-damage|p1a: Clodsire|93/100
|
|t:|1779966830
|switch|p2a: Great Tusk|Great Tusk|100/100|[from] U-turn
|move|p1a: Clodsire|Spikes|p2a: Great Tusk
|-sidestart|p2: LT02|Spikes
|
|-heal|p1a: Clodsire|99/100|[from] item: Leftovers
|upkeep
|turn|5
|
|t:|1779966834
|switch|p1a: Talonflame|Talonflame, M|100/100
|move|p2a: Great Tusk|Knock Off|p1a: Talonflame
|-damage|p1a: Talonflame|61/100
|-status|p2a: Great Tusk|brn|[from] ability: Flame Body|[of] p1a: Talonflame
|-enditem|p1a: Talonflame|Heavy-Duty Boots|[from] move: Knock Off|[of] p2a: Great Tusk
|
|-damage|p2a: Great Tusk|94/100 brn|[from] brn
|upkeep
|turn|6
|inactive|feety shrimp has 120 seconds left.
|
|t:|1779966863
|-end|p2a: Great Tusk|Protosynthesis|[silent]
|switch|p2a: Zapdos|Zapdos|84/100
|move|p1a: Talonflame|Flamethrower|p2a: Zapdos
|-damage|p2a: Zapdos|62/100
|
|upkeep
|turn|7
|
|t:|1779966869
|switch|p1a: Clodsire|Clodsire, M|99/100
|move|p2a: Zapdos|Roost|p2a: Zapdos
|-heal|p2a: Zapdos|100/100
|-singleturn|p2a: Zapdos|move: Roost
|
|-heal|p1a: Clodsire|100/100|[from] item: Leftovers
|upkeep
|turn|8
|
|t:|1779966881
|switch|p2a: Slowking|Slowking-Galar, F|100/100
|-damage|p2a: Slowking|88/100|[from] Spikes
|move|p1a: Clodsire|Toxic|p2a: Slowking
|-immune|p2a: Slowking
|
|upkeep
|turn|9
|
|t:|1779966884
|move|p1a: Clodsire|Earthquake|p2a: Slowking
|-supereffective|p2a: Slowking
|-crit|p2a: Slowking
|-damage|p2a: Slowking|7/100
|move|p2a: Slowking|Future Sight|p1a: Clodsire
|-start|p2a: Slowking|move: Future Sight
|
|upkeep
|turn|10
|
|t:|1779966893
|switch|p2a: Corviknight|Corviknight, F|100/100
|-ability|p2a: Corviknight|Pressure
|move|p1a: Clodsire|Toxic|p2a: Corviknight
|-immune|p2a: Corviknight
|
|upkeep
|turn|11
|
|t:|1779966900
|switch|p1a: Cresselia|Cresselia, F|100/100
|move|p2a: Corviknight|Defog|p1a: Cresselia
|-unboost|p1a: Cresselia|evasion|1
|-sideend|p2: LT02|Spikes|[from] move: Defog|[of] p2a: Corviknight
|
|-end|p1a: Cresselia|move: Future Sight
|-resisted|p1a: Cresselia
|-damage|p1a: Cresselia|89/100
|upkeep
|turn|12
|
|t:|1779966910
|move|p1a: Cresselia|Thunder Wave|p2a: Corviknight
|-status|p2a: Corviknight|par
|move|p2a: Corviknight|U-turn|p1a: Cresselia
|-supereffective|p1a: Cresselia
|-damage|p1a: Cresselia|69/100
|
|t:|1779966916
|switch|p2a: Slowking|Slowking-Galar, F|40/100|[from] U-turn
|
|upkeep
|turn|13
|
|t:|1779966926
|move|p1a: Cresselia|Thunder Wave|p2a: Slowking
|-status|p2a: Slowking|par
|move|p2a: Slowking|Thunder Wave|p1a: Cresselia
|-status|p1a: Cresselia|par
|
|upkeep
|turn|14
|
|t:|1779966931
|switch|p1a: Pawmot|Pawmot, M|100/100
|-prepare|p2a: Slowking|Chilly Reception|[premajor]
|move|p2a: Slowking|Chilly Reception|p2a: Slowking
|-weather|Snowscape
|
|t:|1779966940
|switch|p2a: Great Tusk|Great Tusk|94/100 brn|[from] Chilly Reception
|
|-weather|Snowscape|[upkeep]
|-damage|p2a: Great Tusk|88/100 brn|[from] brn
|upkeep
|turn|15
|
|t:|1779966944
|switch|p1a: Dondozo|Dondozo, F|100/100
|move|p2a: Great Tusk|Headlong Rush|p1a: Dondozo
|-damage|p1a: Dondozo|87/100
|-unboost|p2a: Great Tusk|def|1
|-unboost|p2a: Great Tusk|spd|1
|
|-weather|Snowscape|[upkeep]
|-heal|p1a: Dondozo|93/100|[from] item: Leftovers
|-damage|p2a: Great Tusk|82/100 brn|[from] brn
|upkeep
|turn|16
|
|t:|1779966949
|-end|p2a: Great Tusk|Protosynthesis|[silent]
|switch|p2a: Porygon-Z|Porygon-Z|100/100
|-ability|p2a: Porygon-Z|Download|boost
|-boost|p2a: Porygon-Z|spa|1
|move|p1a: Dondozo|Curse|p1a: Dondozo
|-unboost|p1a: Dondozo|spe|1
|-boost|p1a: Dondozo|atk|1
|-boost|p1a: Dondozo|def|1
|
|-weather|Snowscape|[upkeep]
|-heal|p1a: Dondozo|99/100|[from] item: Leftovers
|upkeep
|turn|17
|
|t:|1779966955
|move|p1a: Dondozo|Protect|p1a: Dondozo
|-singleturn|p1a: Dondozo|Protect
|move|p2a: Porygon-Z|Tri Attack|p1a: Dondozo
|-activate|p1a: Dondozo|move: Protect
|
|-weather|Snowscape|[upkeep]
|-heal|p1a: Dondozo|100/100|[from] item: Leftovers
|upkeep
|turn|18
|
|t:|1779966960
|switch|p1a: Clodsire|Clodsire, M|100/100
|move|p2a: Porygon-Z|Tri Attack|p1a: Clodsire
|-damage|p1a: Clodsire|65/100
|
|-weather|none
|-heal|p1a: Clodsire|71/100|[from] item: Leftovers
|upkeep
|turn|19
|
|t:|1779966968
|switch|p2a: Corviknight|Corviknight, F|100/100 par
|-ability|p2a: Corviknight|Pressure
|move|p1a: Clodsire|Toxic||[still]
|-fail|p1a: Clodsire
|
|-heal|p1a: Clodsire|77/100|[from] item: Leftovers
|upkeep
|turn|20
|
|t:|1779966973
|move|p2a: Corviknight|U-turn|p1a: Clodsire
|-resisted|p1a: Clodsire
|-damage|p1a: Clodsire|69/100
|
|t:|1779966978
|switch|p2a: Ting-Lu|Ting-Lu|100/100|[from] U-turn
|-ability|p2a: Ting-Lu|Vessel of Ruin
|move|p1a: Clodsire|Spikes|p2a: Ting-Lu
|-sidestart|p2: LT02|Spikes
|
|-heal|p1a: Clodsire|75/100|[from] item: Leftovers
|upkeep
|turn|21
|
|t:|1779966995
|move|p2a: Ting-Lu|Ruination|p1a: Clodsire
|-damage|p1a: Clodsire|38/100
|move|p1a: Clodsire|Toxic|p2a: Ting-Lu
|-status|p2a: Ting-Lu|tox
|
|-heal|p1a: Clodsire|44/100|[from] item: Leftovers
|-damage|p2a: Ting-Lu|94/100 tox|[from] psn
|upkeep
|turn|22
|
|t:|1779967000
|move|p2a: Ting-Lu|Earthquake|p1a: Clodsire
|-supereffective|p1a: Clodsire
|-damage|p1a: Clodsire|0 fnt
|faint|p1a: Clodsire
|
|-heal|p2a: Ting-Lu|100/100 tox|[from] item: Leftovers
|-damage|p2a: Ting-Lu|88/100 tox|[from] psn
|upkeep
|
|t:|1779967015
|switch|p1a: Dondozo|Dondozo, F|100/100
|turn|23
|
|t:|1779967022
|switch|p2a: Corviknight|Corviknight, F|100/100 par
|-ability|p2a: Corviknight|Pressure
|move|p1a: Dondozo|Curse|p1a: Dondozo
|-unboost|p1a: Dondozo|spe|1
|-boost|p1a: Dondozo|atk|1
|-boost|p1a: Dondozo|def|1
|
|upkeep
|turn|24
|
|t:|1779967027
|move|p2a: Corviknight|Defog|p1a: Dondozo
|-unboost|p1a: Dondozo|evasion|1
|-sideend|p2: LT02|Spikes|[from] move: Defog|[of] p2a: Corviknight
|move|p1a: Dondozo|Wave Crash|p2a: Corviknight
|-damage|p2a: Corviknight|63/100 par
|-damage|p1a: Dondozo|84/100|[from] item: Rocky Helmet|[of] p2a: Corviknight
|-damage|p1a: Dondozo|74/100|[from] Recoil
|
|-heal|p1a: Dondozo|80/100|[from] item: Leftovers
|upkeep
|turn|25
|
|t:|1779967031
|move|p2a: Corviknight|U-turn|p1a: Dondozo
|-damage|p1a: Dondozo|76/100
|
|t:|1779967037
|switch|p2a: Great Tusk|Great Tusk|82/100 brn|[from] U-turn
|move|p1a: Dondozo|Wave Crash|p2a: Great Tusk
|-supereffective|p2a: Great Tusk
|-damage|p2a: Great Tusk|0 fnt
|faint|p2a: Great Tusk
|-end|p2a: Great Tusk|Protosynthesis|[silent]
|-damage|p1a: Dondozo|54/100|[from] Recoil
|
|-heal|p1a: Dondozo|61/100|[from] item: Leftovers
|upkeep
|
|t:|1779967042
|switch|p2a: Zapdos|Zapdos|100/100
|turn|26
|
|t:|1779967045
|move|p1a: Dondozo|Protect|p1a: Dondozo
|-singleturn|p1a: Dondozo|Protect
|move|p2a: Zapdos|Volt Switch|p1a: Dondozo
|-activate|p1a: Dondozo|move: Protect
|
|-heal|p1a: Dondozo|67/100|[from] item: Leftovers
|upkeep
|turn|27
|
|t:|1779967049
|switch|p1a: Pawmot|Pawmot, M|100/100
|move|p2a: Zapdos|Hurricane|p1a: Pawmot
|-damage|p1a: Pawmot|32/100
|
|upkeep
|turn|28
|
|t:|1779967059
|move|p1a: Pawmot|Revival Blessing|p1a: Pawmot
|-enditem|p1a: Pawmot|Leppa Berry|[eat]
|-activate|p1a: Pawmot|item: Leppa Berry|Revival Blessing|[consumed]
|
|t:|1779967062
|-heal|p1: Clodsire|50/100|[from] move: Revival Blessing
|move|p2a: Zapdos|Hurricane|p1a: Pawmot
|-damage|p1a: Pawmot|0 fnt
|faint|p1a: Pawmot
|
|upkeep
|
|t:|1779967066
|switch|p1a: Clodsire|Clodsire, M|50/100
|turn|29
|
|t:|1779967072
|switch|p2a: Corviknight|Corviknight, F|63/100 par
|-ability|p2a: Corviknight|Pressure
|move|p1a: Clodsire|Recover|p1a: Clodsire
|-heal|p1a: Clodsire|100/100
|
|upkeep
|turn|30
|
|t:|1779967077
|move|p2a: Corviknight|Brave Bird|p1a: Clodsire
|-damage|p1a: Clodsire|62/100
|-damage|p2a: Corviknight|48/100 par|[from] Recoil
|move|p1a: Clodsire|Spikes|p2a: Corviknight
|-sidestart|p2: LT02|Spikes
|
|-heal|p1a: Clodsire|68/100|[from] item: Leftovers
|upkeep
|turn|31
|
|t:|1779967085
|move|p2a: Corviknight|Roost|p2a: Corviknight
|-heal|p2a: Corviknight|98/100 par
|-singleturn|p2a: Corviknight|move: Roost
|move|p1a: Clodsire|Recover|p1a: Clodsire
|-heal|p1a: Clodsire|100/100
|
|upkeep
|turn|32
|
|t:|1779967092
|move|p2a: Corviknight|Brave Bird|p1a: Clodsire
|-damage|p1a: Clodsire|62/100
|-damage|p2a: Corviknight|83/100 par|[from] Recoil
|move|p1a: Clodsire|Spikes|p2a: Corviknight
|-sidestart|p2: LT02|Spikes
|
|-heal|p1a: Clodsire|68/100|[from] item: Leftovers
|upkeep
|turn|33
|
|t:|1779967096
|move|p2a: Corviknight|Brave Bird|p1a: Clodsire
|-damage|p1a: Clodsire|30/100
|-damage|p2a: Corviknight|69/100 par|[from] Recoil
|move|p1a: Clodsire|Spikes|p2a: Corviknight
|-sidestart|p2: LT02|Spikes
|
|-heal|p1a: Clodsire|36/100|[from] item: Leftovers
|upkeep
|turn|34
|
|t:|1779967099
|switch|p1a: Talonflame|Talonflame, M|61/100
|move|p2a: Corviknight|Defog|p1a: Talonflame
|-unboost|p1a: Talonflame|evasion|1
|-sideend|p2: LT02|Spikes|[from] move: Defog|[of] p2a: Corviknight
|
|upkeep
|turn|35
|
|t:|1779967104
|switch|p2a: Zapdos|Zapdos|100/100
|move|p1a: Talonflame|Flamethrower|p2a: Zapdos
|-damage|p2a: Zapdos|74/100
|
|upkeep
|turn|36
|
|t:|1779967109
|move|p1a: Talonflame|Will-O-Wisp|p2a: Zapdos|[miss]
|-miss|p1a: Talonflame|p2a: Zapdos
|move|p2a: Zapdos|Hurricane|p1a: Talonflame
|-damage|p1a: Talonflame|2/100
|-start|p1a: Talonflame|confusion
|
|upkeep
|turn|37
|
|t:|1779967115
|switch|p2a: Slowking|Slowking-Galar, F|73/100 par
|-activate|p1a: Talonflame|confusion
|move|p1a: Talonflame|Will-O-Wisp||[still]
|-fail|p1a: Talonflame
|
|upkeep
|turn|38
|
|t:|1779967120
|switch|p1a: Clodsire|Clodsire, M|36/100
|-prepare|p2a: Slowking|Chilly Reception|[premajor]
|cant|p2a: Slowking|par
|
|-heal|p1a: Clodsire|42/100|[from] item: Leftovers
|upkeep
|turn|39
|
|t:|1779967126
|move|p1a: Clodsire|Recover|p1a: Clodsire
|-heal|p1a: Clodsire|92/100
|-prepare|p2a: Slowking|Chilly Reception|[premajor]
|move|p2a: Slowking|Chilly Reception|p2a: Slowking
|-weather|Snowscape
|
|t:|1779967130
|switch|p2a: Ting-Lu|Ting-Lu|88/100 tox|[from] Chilly Reception
|-ability|p2a: Ting-Lu|Vessel of Ruin
|
|-weather|Snowscape|[upkeep]
|-heal|p2a: Ting-Lu|94/100 tox|[from] item: Leftovers
|-heal|p1a: Clodsire|98/100|[from] item: Leftovers
|-damage|p2a: Ting-Lu|88/100 tox|[from] psn
|upkeep
|turn|40
|
|t:|1779967137
|move|p2a: Ting-Lu|Stealth Rock|p1a: Clodsire
|-sidestart|p1: feety shrimp|move: Stealth Rock
|move|p1a: Clodsire|Spikes|p2a: Ting-Lu
|-sidestart|p2: LT02|Spikes
|
|-weather|Snowscape|[upkeep]
|-heal|p2a: Ting-Lu|94/100 tox|[from] item: Leftovers
|-heal|p1a: Clodsire|100/100|[from] item: Leftovers
|-damage|p2a: Ting-Lu|82/100 tox|[from] psn
|upkeep
|turn|41
|
|t:|1779967141
|move|p2a: Ting-Lu|Earthquake|p1a: Clodsire
|-supereffective|p1a: Clodsire
|-damage|p1a: Clodsire|13/100
|move|p1a: Clodsire|Spikes|p2a: Ting-Lu
|-sidestart|p2: LT02|Spikes
|
|-weather|Snowscape|[upkeep]
|-heal|p2a: Ting-Lu|88/100 tox|[from] item: Leftovers
|-heal|p1a: Clodsire|19/100|[from] item: Leftovers
|-damage|p2a: Ting-Lu|69/100 tox|[from] psn
|upkeep
|turn|42
|
|t:|1779967149
|switch|p1a: Cresselia|Cresselia, F|69/100 par
|-damage|p1a: Cresselia|57/100 par|[from] Stealth Rock
|move|p2a: Ting-Lu|Earthquake|p1a: Cresselia
|-immune|p1a: Cresselia|[from] ability: Levitate
|
|-weather|Snowscape|[upkeep]
|-heal|p2a: Ting-Lu|76/100 tox|[from] item: Leftovers
|-damage|p2a: Ting-Lu|51/100 tox|[from] psn
|upkeep
|turn|43
|
|t:|1779967154
|switch|p2a: Corviknight|Corviknight, F|69/100 par
|-ability|p2a: Corviknight|Pressure
|cant|p1a: Cresselia|par
|
|-weather|none
|upkeep
|turn|44
|
|t:|1779967164
|move|p1a: Cresselia|Lunar Dance|p1a: Cresselia
|faint|p1a: Cresselia
|move|p2a: Corviknight|Defog|p1: Cresselia|[notarget]
|-fail|p2a: Corviknight
|
|upkeep
|
|t:|1779967169
|switch|p1a: Clodsire|Clodsire, M|19/100
|-heal|p1a: Clodsire|100/100|[from] move: Lunar Dance
|-damage|p1a: Clodsire|94/100|[from] Stealth Rock
|turn|45
|
|t:|1779967176
|move|p2a: Corviknight|Defog|p1a: Clodsire
|-unboost|p1a: Clodsire|evasion|1
|-sideend|p1: feety shrimp|Stealth Rock|[from] move: Defog|[of] p2a: Corviknight
|-sideend|p2: LT02|Spikes|[from] move: Defog|[of] p2a: Corviknight
|move|p1a: Clodsire|Spikes|p2a: Corviknight
|-sidestart|p2: LT02|Spikes
|
|-heal|p1a: Clodsire|100/100|[from] item: Leftovers
|upkeep
|turn|46
|
|t:|1779967181
|move|p2a: Corviknight|Roost|p2a: Corviknight
|-heal|p2a: Corviknight|100/100 par
|-singleturn|p2a: Corviknight|move: Roost
|move|p1a: Clodsire|Spikes|p2a: Corviknight
|-sidestart|p2: LT02|Spikes
|
|upkeep
|turn|47
|
|t:|1779967185
|switch|p1a: Talonflame|Talonflame, M|2/100
|move|p2a: Corviknight|Brave Bird|p1a: Talonflame
|-damage|p1a: Talonflame|0 fnt
|faint|p1a: Talonflame
|-damage|p2a: Corviknight|99/100 par|[from] Recoil
|
|upkeep
|
|t:|1779967194
|switch|p1a: Kingambit|Kingambit, M|100/100
|-activate|p1a: Kingambit|ability: Supreme Overlord
|-start|p1a: Kingambit|fallen4|[silent]
|turn|48
|
|t:|1779967200
|move|p1a: Kingambit|Swords Dance|p1a: Kingambit
|-boost|p1a: Kingambit|atk|2
|move|p2a: Corviknight|Defog|p1a: Kingambit
|-unboost|p1a: Kingambit|evasion|1
|-sideend|p2: LT02|Spikes|[from] move: Defog|[of] p2a: Corviknight
|
|upkeep
|turn|49
|
|t:|1779967207
|move|p1a: Kingambit|Kowtow Cleave|p2a: Corviknight
|-crit|p2a: Corviknight
|-damage|p2a: Corviknight|0 fnt
|-damage|p1a: Kingambit|84/100|[from] item: Rocky Helmet|[of] p2a: Corviknight
|faint|p2a: Corviknight
|
|-heal|p1a: Kingambit|90/100|[from] item: Leftovers
|upkeep
|
|t:|1779967210
|switch|p2a: Porygon-Z|Porygon-Z|100/100
|-ability|p2a: Porygon-Z|Download|boost
|-boost|p2a: Porygon-Z|spa|1
|turn|50
|
|t:|1779967215
|move|p1a: Kingambit|Sucker Punch||[still]
|-fail|p1a: Kingambit
|move|p2a: Porygon-Z|Trick|p1a: Kingambit
|-activate|p2a: Porygon-Z|move: Trick|[of] p1a: Kingambit
|-item|p1a: Kingambit|Choice Specs|[from] move: Trick
|-item|p2a: Porygon-Z|Leftovers|[from] move: Trick
|
|upkeep
|turn|51
|
|t:|1779967222
|move|p2a: Porygon-Z|Tri Attack|p1a: Kingambit
|-resisted|p1a: Kingambit
|-damage|p1a: Kingambit|51/100
|move|p1a: Kingambit|Kowtow Cleave|p2a: Porygon-Z
|-crit|p2a: Porygon-Z
|-damage|p2a: Porygon-Z|0 fnt
|faint|p2a: Porygon-Z
|
|upkeep
|
|t:|1779967228
|switch|p2a: Zapdos|Zapdos|74/100
|turn|52
|
|t:|1779967230
|-end|p1a: Kingambit|fallen4|[silent]
|switch|p1a: Clodsire|Clodsire, M|100/100
|move|p2a: Zapdos|Volt Switch|p1a: Clodsire
|-immune|p1a: Clodsire
|
|upkeep
|turn|53
|
|t:|1779967237
|switch|p2a: Ting-Lu|Ting-Lu|51/100 tox
|-ability|p2a: Ting-Lu|Vessel of Ruin
|move|p1a: Clodsire|Earthquake|p2a: Ting-Lu
|-damage|p2a: Ting-Lu|36/100 tox
|
|-heal|p2a: Ting-Lu|42/100 tox|[from] item: Leftovers
|-damage|p2a: Ting-Lu|36/100 tox|[from] psn
|upkeep
|turn|54
|
|t:|1779967241
|move|p2a: Ting-Lu|Earthquake|p1a: Clodsire
|-supereffective|p1a: Clodsire
|-damage|p1a: Clodsire|21/100
|move|p1a: Clodsire|Spikes|p2a: Ting-Lu
|-sidestart|p2: LT02|Spikes
|
|-heal|p2a: Ting-Lu|42/100 tox|[from] item: Leftovers
|-heal|p1a: Clodsire|27/100|[from] item: Leftovers
|-damage|p2a: Ting-Lu|30/100 tox|[from] psn
|upkeep
|turn|55
|
|t:|1779967247
|switch|p1a: Dondozo|Dondozo, F|67/100
|move|p2a: Ting-Lu|Earthquake|p1a: Dondozo
|-damage|p1a: Dondozo|51/100
|
|-heal|p2a: Ting-Lu|36/100 tox|[from] item: Leftovers
|-heal|p1a: Dondozo|57/100|[from] item: Leftovers
|-damage|p2a: Ting-Lu|17/100 tox|[from] psn
|upkeep
|turn|56
|
|t:|1779967251
|switch|p2a: Slowking|Slowking-Galar, F|100/100 par
|-damage|p2a: Slowking|88/100 par|[from] Spikes
|move|p1a: Dondozo|Wave Crash|p2a: Slowking
|-damage|p2a: Slowking|48/100 par
|-damage|p1a: Dondozo|47/100|[from] Recoil
|
|-heal|p1a: Dondozo|53/100|[from] item: Leftovers
|upkeep
|turn|57
|
|t:|1779967258
|move|p1a: Dondozo|Wave Crash|p2a: Slowking
|-damage|p2a: Slowking|8/100 par
|-damage|p1a: Dondozo|43/100|[from] Recoil
|cant|p2a: Slowking|par
|
|-heal|p1a: Dondozo|49/100|[from] item: Leftovers
|upkeep
|turn|58
|
|t:|1779967264
|switch|p2a: Ting-Lu|Ting-Lu|17/100 tox
|-damage|p2a: Ting-Lu|5/100 tox|[from] Spikes
|-ability|p2a: Ting-Lu|Vessel of Ruin
|move|p1a: Dondozo|Wave Crash|p2a: Ting-Lu
|-supereffective|p2a: Ting-Lu
|-damage|p2a: Ting-Lu|0 fnt
|faint|p2a: Ting-Lu
|-damage|p1a: Dondozo|48/100|[from] Recoil
|
|-heal|p1a: Dondozo|54/100|[from] item: Leftovers
|upkeep
|
|t:|1779967267
|switch|p2a: Zapdos|Zapdos|74/100
|turn|59
|
|t:|1779967270
|switch|p1a: Clodsire|Clodsire, M|27/100
|move|p2a: Zapdos|Hurricane|p1a: Clodsire
|-damage|p1a: Clodsire|2/100
|
|-heal|p1a: Clodsire|8/100|[from] item: Leftovers
|upkeep
|turn|60
|
|t:|1779967275
|move|p2a: Zapdos|Hurricane|p1a: Clodsire
|-damage|p1a: Clodsire|0 fnt
|faint|p1a: Clodsire
|
|upkeep
|
|t:|1779967279
|switch|p1a: Kingambit|Kingambit, M|51/100
|-activate|p1a: Kingambit|ability: Supreme Overlord
|-start|p1a: Kingambit|fallen5|[silent]
|turn|61
|
|t:|1779967283
|move|p2a: Zapdos|Roost|p2a: Zapdos
|-heal|p2a: Zapdos|100/100
|-singleturn|p2a: Zapdos|move: Roost
|move|p1a: Kingambit|Kowtow Cleave|p2a: Zapdos
|-damage|p2a: Zapdos|47/100
|
|upkeep
|turn|62
|
|t:|1779967291
|move|p2a: Zapdos|Roost|p2a: Zapdos
|-heal|p2a: Zapdos|97/100
|-singleturn|p2a: Zapdos|move: Roost
|move|p1a: Kingambit|Kowtow Cleave|p2a: Zapdos
|-damage|p2a: Zapdos|49/100
|-status|p1a: Kingambit|par|[from] ability: Static|[of] p2a: Zapdos
|
|upkeep
|turn|63
|
|t:|1779967299
|move|p2a: Zapdos|Volt Switch|p1a: Kingambit
|-damage|p1a: Kingambit|19/100 par
|
|t:|1779967302
|switch|p2a: Slowking|Slowking-Galar, F|41/100 par|[from] Volt Switch
|-damage|p2a: Slowking|29/100 par|[from] Spikes
|move|p1a: Kingambit|Kowtow Cleave|p2a: Slowking
|-supereffective|p2a: Slowking
|-damage|p2a: Slowking|0 fnt
|faint|p2a: Slowking
|
|upkeep
|
|t:|1779967303
|switch|p2a: Zapdos|Zapdos|49/100
|turn|64
|
|t:|1779967308
|move|p2a: Zapdos|Volt Switch|p1a: Kingambit
|-damage|p1a: Kingambit|0 fnt
|faint|p1a: Kingambit
|-end|p1a: Kingambit|fallen5|[silent]
|
|upkeep
|
|t:|1779967312
|switch|p1a: Dondozo|Dondozo, F|54/100
|turn|65
|
|t:|1779967314
|move|p1a: Dondozo|Protect|p1a: Dondozo
|-singleturn|p1a: Dondozo|Protect
|move|p2a: Zapdos|Volt Switch|p1a: Dondozo
|-activate|p1a: Dondozo|move: Protect
|
|-heal|p1a: Dondozo|60/100|[from] item: Leftovers
|upkeep
|turn|66
|
|t:|1779967319
|-terastallize|p1a: Dondozo|Fairy
|move|p2a: Zapdos|Volt Switch|p1a: Dondozo
|-damage|p1a: Dondozo|31/100
|move|p1a: Dondozo|Wave Crash|p2a: Zapdos
|-damage|p2a: Zapdos|20/100
|-damage|p1a: Dondozo|23/100|[from] Recoil
|
|-heal|p1a: Dondozo|29/100|[from] item: Leftovers
|upkeep
|turn|67
|
|t:|1779967325
|move|p1a: Dondozo|Protect|p1a: Dondozo
|-singleturn|p1a: Dondozo|Protect
|move|p2a: Zapdos|Roost|p2a: Zapdos
|-heal|p2a: Zapdos|70/100
|-singleturn|p2a: Zapdos|move: Roost
|
|-heal|p1a: Dondozo|36/100|[from] item: Leftovers
|upkeep
|turn|68
|
|t:|1779967329
|move|p2a: Zapdos|Hurricane|p1a: Dondozo
|-damage|p1a: Dondozo|0 fnt
|faint|p1a: Dondozo
|
|win|LT02
|raw|feety shrimp's rating: 1371 &rarr; <strong>1350</strong><br />(-21 for losing)
|raw|LT02's rating: 1357 &rarr; <strong>1378</strong><br />(+21 for winning)
|l|☆feety shrimp
|player|p1|
|l|☆LT02
|player|p2|
