|j|☆baakrisht
|j|☆anavarrete97
|t:|1779809228
|gametype|singles
|player|p1|baakrisht|102|1070
|player|p2|anavarrete97|pokemonbreederf-gen4|1081
|gen|9
|tier|[Gen 9] OU
|rated|
|rule|HP Percentage Mod: HP is shown in percentages
|rule|Endless Battle Clause: Forcing endless battles is banned
|rule|Species Clause: Limit one of each Pokémon
|rule|OHKO Clause: OHKO moves are banned
|rule|Evasion Items Clause: Evasion items are banned
|rule|Evasion Moves Clause: Evasion moves are banned
|rule|Evasion Abilities Clause: Evasion abilities are banned
|rule|Sleep Moves Clause: Sleep-inducing moves are banned
|clearpoke
|poke|p1|Espeon, F|
|poke|p1|Goodra, F|
|poke|p1|Weezing-Galar, M|
|poke|p1|Orthworm, F|
|poke|p1|Suicune|
|poke|p1|Muk-Alola, M|
|poke|p2|Azelf|
|poke|p2|Golem-Alola, M|
|poke|p2|Gardevoir, M|
|poke|p2|Regieleki|
|poke|p2|Metagross|
|poke|p2|Volcanion|
|teampreview
|
|t:|1779809233
|teamsize|p1|6
|teamsize|p2|6
|start
|switch|p1a: कादो राज|Muk-Alola, M|100/100
|switch|p2a: Papá José|Golem-Alola, M|100/100
|turn|1
|
|t:|1779809238
|switch|p1a: बिलाई मौसी|Espeon, F|100/100
|move|p2a: Papá José|Stealth Rock|p1a: बिलाई मौसी
|move|p1a: बिलाई मौसी|Stealth Rock|p2a: Papá José|[from] ability: Magic Bounce
|-sidestart|p2: anavarrete97|move: Stealth Rock
|
|upkeep
|turn|2
|
|t:|1779809253
|move|p1a: बिलाई मौसी|Future Sight|p2a: Papá José
|-start|p1a: बिलाई मौसी|move: Future Sight
|move|p2a: Papá José|Earthquake|p1a: बिलाई मौसी
|-damage|p1a: बिलाई मौसी|43/100
|
|upkeep
|turn|3
|
|t:|1779809257
|switch|p1a: दील दो 💖|Orthworm, F|100/100
|move|p2a: Papá José|Earthquake|p1a: दील दो 💖
|-immune|p1a: दील दो 💖|[from] ability: Earth Eater
|
|upkeep
|turn|4
|
|t:|1779809263
|move|p1a: दील दो 💖|Earthquake|p2a: Papá José
|-supereffective|p2a: Papá José
|-damage|p2a: Papá José|41/100
|move|p2a: Papá José|Stealth Rock|p1a: दील दो 💖
|-sidestart|p1: baakrisht|move: Stealth Rock
|
|-end|p2a: Papá José|move: Future Sight
|-damage|p2a: Papá José|0 fnt
|faint|p2a: Papá José
|upkeep
|
|t:|1779809273
|switch|p2a: Jomeini|Azelf|100/100
|-damage|p2a: Jomeini|88/100|[from] Stealth Rock
|turn|5
|
|t:|1779809277
|switch|p1a: बिलाई मौसी|Espeon, F|43/100
|-damage|p1a: बिलाई मौसी|31/100|[from] Stealth Rock
|move|p2a: Jomeini|Drain Punch|p1a: बिलाई मौसी
|-resisted|p1a: बिलाई मौसी
|-damage|p1a: बिलाई मौसी|13/100
|-heal|p2a: Jomeini|98/100|[from] drain|[of] p1a: बिलाई मौसी
|
|upkeep
|turn|6
|
|t:|1779809286
|move|p1a: बिलाई मौसी|Trick|p2a: Jomeini
|-activate|p1a: बिलाई मौसी|move: Trick|[of] p2a: Jomeini
|-item|p2a: Jomeini|Choice Scarf|[from] move: Trick
|-item|p1a: बिलाई मौसी|Normal Gem|[from] move: Trick
|move|p2a: Jomeini|Ice Punch|p1a: बिलाई मौसी
|-damage|p1a: बिलाई मौसी|0 fnt
|faint|p1a: बिलाई मौसी
|
|upkeep
|
|t:|1779809296
|switch|p1a: लाठ साहब|Weezing-Galar, M, shiny|100/100
|-damage|p1a: लाठ साहब|88/100|[from] Stealth Rock
|turn|7
|
|t:|1779809304
|switch|p2a: Haniya|Metagross|100/100
|-damage|p2a: Haniya|94/100|[from] Stealth Rock
|move|p1a: लाठ साहब|Toxic Spikes|p2a: Haniya
|-sidestart|p2: anavarrete97|move: Toxic Spikes
|
|-heal|p2a: Haniya|100/100|[from] item: Leftovers
|upkeep
|turn|8
|
|t:|1779809312
|switch|p1a: दील दो 💖|Orthworm, F|100/100
|-damage|p1a: दील दो 💖|94/100|[from] Stealth Rock
|move|p2a: Haniya|Earthquake|p1a: दील दो 💖
|-heal|p1a: दील दो 💖|100/100|[from] ability: Earth Eater|[of] p2a: Haniya
|
|upkeep
|turn|9
|
|t:|1779809319
|move|p2a: Haniya|Brick Break|p1a: दील दो 💖
|-supereffective|p1a: दील दो 💖
|-damage|p1a: दील दो 💖|70/100
|move|p1a: दील दो 💖|Iron Defense|p1a: दील दो 💖
|-boost|p1a: दील दो 💖|def|2
|
|-heal|p1a: दील दो 💖|76/100|[from] item: Leftovers
|upkeep
|turn|10
|
|t:|1779809327
|switch|p2a: Deif|Volcanion|100/100
|move|p1a: दील दो 💖|Iron Defense|p1a: दील दो 💖
|-boost|p1a: दील दो 💖|def|2
|
|-heal|p1a: दील दो 💖|82/100|[from] item: Leftovers
|upkeep
|turn|11
|
|t:|1779809336
|switch|p1a: लसलस|Goodra, F|100/100
|-damage|p1a: लसलस|88/100|[from] Stealth Rock
|move|p2a: Deif|Flamethrower|p1a: लसलस
|-resisted|p1a: लसलस
|-damage|p1a: लसलस|72/100
|-status|p1a: लसलस|brn
|
|-damage|p1a: लसलस|66/100 brn|[from] brn
|upkeep
|turn|12
|
|t:|1779809351
|switch|p2a: Jomeini|Azelf|98/100
|-damage|p2a: Jomeini|86/100|[from] Stealth Rock
|move|p1a: लसलस|Rain Dance|p1a: लसलस
|-weather|RainDance
|
|-weather|RainDance|[upkeep]
|-activate|p1a: लसलस|ability: Hydration
|-curestatus|p1a: लसलस|brn|[msg]
|upkeep
|turn|13
|
|t:|1779809362
|switch|p1a: Suicune|Suicune|100/100
|-damage|p1a: Suicune|88/100|[from] Stealth Rock
|-ability|p1a: Suicune|Pressure
|move|p2a: Jomeini|Ice Punch|p1a: Suicune
|-resisted|p1a: Suicune
|-damage|p1a: Suicune|81/100
|
|-weather|RainDance|[upkeep]
|-heal|p1a: Suicune|88/100|[from] item: Leftovers
|upkeep
|turn|14
|
|t:|1779809377
|switch|p2a: Qassem|Regieleki|100/100
|-damage|p2a: Qassem|88/100|[from] Stealth Rock
|-status|p2a: Qassem|psn
|move|p1a: Suicune|Substitute|p1a: Suicune
|-start|p1a: Suicune|Substitute
|-damage|p1a: Suicune|63/100
|
|-weather|RainDance|[upkeep]
|-heal|p1a: Suicune|69/100|[from] item: Leftovers
|-damage|p2a: Qassem|76/100 psn|[from] psn
|upkeep
|turn|15
|
|t:|1779809389
|move|p2a: Qassem|Supercell Slam|p1a: Suicune
|-supereffective|p1a: Suicune
|-end|p1a: Suicune|Substitute
|move|p1a: Suicune|Scald|p2a: Qassem
|-crit|p2a: Qassem
|-damage|p2a: Qassem|0 fnt
|faint|p2a: Qassem
|
|-weather|RainDance|[upkeep]
|-heal|p1a: Suicune|75/100|[from] item: Leftovers
|upkeep
|
|t:|1779809412
|switch|p2a: Jomeini|Azelf|86/100
|-damage|p2a: Jomeini|74/100|[from] Stealth Rock
|turn|16
|
|t:|1779809416
|move|p2a: Jomeini|Psycho Cut|p1a: Suicune
|-damage|p1a: Suicune|55/100
|move|p1a: Suicune|Substitute|p1a: Suicune
|-start|p1a: Suicune|Substitute
|-damage|p1a: Suicune|30/100
|
|-weather|RainDance|[upkeep]
|-heal|p1a: Suicune|37/100|[from] item: Leftovers
|upkeep
|turn|17
|
|t:|1779809423
|move|p2a: Jomeini|Psycho Cut|p1a: Suicune
|-activate|p1a: Suicune|move: Substitute|[damage]
|move|p1a: Suicune|Scald|p2a: Jomeini
|-damage|p2a: Jomeini|16/100
|
|-weather|RainDance|[upkeep]
|-heal|p1a: Suicune|43/100|[from] item: Leftovers
|upkeep
|turn|18
|
|t:|1779809430
|move|p2a: Jomeini|Psycho Cut|p1a: Suicune
|-crit|p1a: Suicune
|-end|p1a: Suicune|Substitute
|move|p1a: Suicune|Scald|p2a: Jomeini
|-damage|p2a: Jomeini|0 fnt
|faint|p2a: Jomeini
|
|-weather|RainDance|[upkeep]
|-heal|p1a: Suicune|49/100|[from] item: Leftovers
|upkeep
|
|t:|1779809441
|switch|p2a: Haniya|Metagross|100/100
|-damage|p2a: Haniya|94/100|[from] Stealth Rock
|turn|19
|
|t:|1779809449
|move|p1a: Suicune|Scald|p2a: Haniya
|-damage|p2a: Haniya|57/100
|move|p2a: Haniya|Earthquake|p1a: Suicune
|-damage|p1a: Suicune|28/100
|
|-weather|none
|-heal|p1a: Suicune|34/100|[from] item: Leftovers
|-heal|p2a: Haniya|63/100|[from] item: Leftovers
|upkeep
|turn|20
|
|t:|1779809457
|switch|p1a: दील दो 💖|Orthworm, F|82/100
|-damage|p1a: दील दो 💖|76/100|[from] Stealth Rock
|move|p2a: Haniya|Explosion|p1a: दील दो 💖
|-resisted|p1a: दील दो 💖
|-damage|p1a: दील दो 💖|51/100
|faint|p2a: Haniya
|
|-heal|p1a: दील दो 💖|57/100|[from] item: Leftovers
|upkeep
|-message|anavarrete97 forfeited.
|
|win|baakrisht
|raw|baakrisht's rating: 1070 &rarr; <strong>1100</strong><br />(+30 for winning)
|raw|anavarrete97's rating: 1081 &rarr; <strong>1058</strong><br />(-23 for losing)
|l|☆anavarrete97
|player|p2|
|l|☆baakrisht
|player|p1|
