|j|☆Pavarotti_fininho
|j|☆decwdcv
|t:|1779806760
|gametype|singles
|player|p1|Pavarotti_fininho|skier|1048
|player|p2|decwdcv|170|1086
|gen|9
|tier|[Gen 9] OU
|rated|
|rule|HP Percentage Mod: HP is shown in percentages
|rule|Endless Battle Clause: Forcing endless battles is banned
|rule|Species Clause: Limit one of each Pokémon
|rule|OHKO Clause: OHKO moves are banned
|rule|Evasion Items Clause: Evasion items are banned
|rule|Evasion Moves Clause: Evasion moves are banned
|rule|Evasion Abilities Clause: Evasion abilities are banned
|rule|Sleep Moves Clause: Sleep-inducing moves are banned
|clearpoke
|poke|p1|Feraligatr, M|
|poke|p1|Shiftry, F|
|poke|p1|Kilowattrel, F|
|poke|p1|Venusaur, M|
|poke|p1|Ninetales, F|
|poke|p1|Hitmontop, M|
|poke|p2|Inteleon, M|
|poke|p2|Latios, M|
|poke|p2|Zapdos|
|poke|p2|Dragonite, F|
|poke|p2|Blaziken, F|
|poke|p2|Haxorus, M|
|teampreview
|inactive|Battle timer is ON: inactive players will automatically lose when time's up. (requested by Pavarotti_fininho)
|c|☆decwdcv|pavaroti
|c|☆decwdcv|te voy a meter la flauta por el culo
|n|‽decwdcv|decwdcv
|c|~|/log decwdcv was locked from talking by Artemis. (☆decwdcv: te voy a meter la flauta por el culo)
|c|~|/raw <small>This action was done automatically. Want to learn more about the AI? <a href="https://www.smogon.com/forums/threads/3570628/#post-9056769">Visit the information thread</a>.</small>
|inactive|decwdcv has 120 seconds left.
|
|t:|1779806794
|teamsize|p1|6
|teamsize|p2|6
|start
|switch|p1a: Ninetales|Ninetales, F, shiny|100/100
|switch|p2a: Dragonite|Dragonite, F, shiny|100/100
|-weather|SunnyDay|[from] ability: Drought|[of] p1a: Ninetales
|turn|1
|
|t:|1779806802
|switch|p1a: Venusaur|Venusaur, M, shiny|100/100
|move|p2a: Dragonite|Dragon Dance|p2a: Dragonite
|-boost|p2a: Dragonite|atk|1
|-boost|p2a: Dragonite|spe|1
|
|-weather|SunnyDay|[upkeep]
|upkeep
|turn|2
|
|t:|1779806812
|move|p1a: Venusaur|Growth|p1a: Venusaur
|-boost|p1a: Venusaur|atk|2
|-boost|p1a: Venusaur|spa|2
|move|p2a: Dragonite|Dragon Dance|p2a: Dragonite
|-boost|p2a: Dragonite|atk|1
|-boost|p2a: Dragonite|spe|1
|
|-weather|SunnyDay|[upkeep]
|upkeep
|turn|3
|
|t:|1779806820
|move|p1a: Venusaur|Sludge Bomb|p2a: Dragonite
|-damage|p2a: Dragonite|63/100
|-status|p2a: Dragonite|psn
|move|p2a: Dragonite|Earthquake|p1a: Venusaur
|-damage|p1a: Venusaur|1/100
|
|-weather|SunnyDay|[upkeep]
|-heal|p2a: Dragonite|69/100 psn|[from] item: Leftovers
|-damage|p2a: Dragonite|57/100 psn|[from] psn
|upkeep
|turn|4
|
|t:|1779806832
|move|p2a: Dragonite|Extreme Speed|p1a: Venusaur
|-damage|p1a: Venusaur|0 fnt
|faint|p1a: Venusaur
|
|-weather|SunnyDay|[upkeep]
|-heal|p2a: Dragonite|63/100 psn|[from] item: Leftovers
|-damage|p2a: Dragonite|51/100 psn|[from] psn
|upkeep
|
|t:|1779806845
|switch|p1a: Kilowattrel|Kilowattrel, F, shiny|100/100
|turn|5
|
|t:|1779806854
|move|p2a: Dragonite|Extreme Speed|p1a: Kilowattrel
|-damage|p1a: Kilowattrel|1/100
|move|p1a: Kilowattrel|Tailwind|p1a: Kilowattrel
|-sidestart|p1: Pavarotti_fininho|move: Tailwind
|
|-weather|none
|-heal|p2a: Dragonite|57/100 psn|[from] item: Leftovers
|-damage|p2a: Dragonite|45/100 psn|[from] psn
|upkeep
|turn|6
|
|t:|1779806865
|move|p2a: Dragonite|Extreme Speed|p1a: Kilowattrel
|-damage|p1a: Kilowattrel|0 fnt
|faint|p1a: Kilowattrel
|
|-heal|p2a: Dragonite|51/100 psn|[from] item: Leftovers
|-damage|p2a: Dragonite|38/100 psn|[from] psn
|upkeep
|
|t:|1779806874
|switch|p1a: Shiftry|Shiftry, F, shiny|100/100
|-ability|p1a: Shiftry|Wind Rider|boost
|-boost|p1a: Shiftry|atk|1
|turn|7
|inactive|decwdcv has 120 seconds left.
|
|t:|1779806911
|move|p2a: Dragonite|Extreme Speed|p1a: Shiftry
|-damage|p1a: Shiftry|1/100
|-damage|p2a: Dragonite|22/100 psn|[from] item: Rocky Helmet|[of] p1a: Shiftry
|move|p1a: Shiftry|Knock Off|p2a: Dragonite
|-damage|p2a: Dragonite|0 fnt
|-enditem|p2a: Dragonite|Leftovers|[from] move: Knock Off|[of] p1a: Shiftry
|faint|p2a: Dragonite
|
|upkeep
|inactive|decwdcv has 90 seconds left.
|
|t:|1779806952
|switch|p2a: Blaziken|Blaziken, F|100/100
|-item|p2a: Blaziken|Air Balloon
|turn|8
|
|t:|1779806962
|move|p2a: Blaziken|Protect|p2a: Blaziken
|-singleturn|p2a: Blaziken|Protect
|move|p1a: Shiftry|Knock Off|p2a: Blaziken
|-activate|p2a: Blaziken|move: Protect
|
|-sideend|p1: Pavarotti_fininho|move: Tailwind
|-ability|p2a: Blaziken|Speed Boost|boost
|-boost|p2a: Blaziken|spe|1
|upkeep
|turn|9
|
|t:|1779806971
|move|p2a: Blaziken|Fire Punch|p1a: Shiftry
|-supereffective|p1a: Shiftry
|-damage|p1a: Shiftry|0 fnt
|-damage|p2a: Blaziken|84/100|[from] item: Rocky Helmet|[of] p1a: Shiftry
|faint|p1a: Shiftry
|
|-ability|p2a: Blaziken|Speed Boost|boost
|-boost|p2a: Blaziken|spe|1
|upkeep
|
|t:|1779806980
|switch|p1a: Hitmontop|Hitmontop, M, shiny|100/100
|turn|10
|
|t:|1779806987
|move|p2a: Blaziken|Swords Dance|p2a: Blaziken
|-boost|p2a: Blaziken|atk|2
|move|p1a: Hitmontop|Bulldoze|p2a: Blaziken
|-immune|p2a: Blaziken
|
|-ability|p2a: Blaziken|Speed Boost|boost
|-boost|p2a: Blaziken|spe|1
|upkeep
|turn|11
|
|t:|1779806997
|move|p1a: Hitmontop|Mach Punch|p2a: Blaziken
|-damage|p2a: Blaziken|41/100
|-enditem|p2a: Blaziken|Air Balloon
|move|p2a: Blaziken|Close Combat|p1a: Hitmontop
|-damage|p1a: Hitmontop|0 fnt
|-unboost|p2a: Blaziken|def|1
|-unboost|p2a: Blaziken|spd|1
|faint|p1a: Hitmontop
|
|-ability|p2a: Blaziken|Speed Boost|boost
|-boost|p2a: Blaziken|spe|1
|upkeep
|
|t:|1779807010
|switch|p1a: Feraligatr|Feraligatr, M, shiny|100/100
|turn|12
|
|t:|1779807014
|move|p2a: Blaziken|Close Combat|p1a: Feraligatr
|-damage|p1a: Feraligatr|0 fnt
|-unboost|p2a: Blaziken|def|1
|-unboost|p2a: Blaziken|spd|1
|faint|p1a: Feraligatr
|
|-ability|p2a: Blaziken|Speed Boost|boost
|-boost|p2a: Blaziken|spe|1
|upkeep
|
|t:|1779807023
|switch|p1a: Ninetales|Ninetales, F, shiny|100/100
|-weather|SunnyDay|[from] ability: Drought|[of] p1a: Ninetales
|turn|13
|
|t:|1779807029
|move|p2a: Blaziken|Close Combat|p1a: Ninetales
|-damage|p1a: Ninetales|0 fnt
|-unboost|p2a: Blaziken|def|1
|-unboost|p2a: Blaziken|spd|1
|faint|p1a: Ninetales
|
|win|decwdcv
