|j|☆TheGamingPolitoed
|j|☆Kzn12
|t:|1779884025
|gametype|singles
|player|p1|TheGamingPolitoed|cress|1327
|player|p2|Kzn12|1|1320
|gen|9
|tier|[Gen 9] OU
|rated|
|rule|HP Percentage Mod: HP is shown in percentages
|rule|Endless Battle Clause: Forcing endless battles is banned
|rule|Species Clause: Limit one of each Pokémon
|rule|OHKO Clause: OHKO moves are banned
|rule|Evasion Items Clause: Evasion items are banned
|rule|Evasion Moves Clause: Evasion moves are banned
|rule|Evasion Abilities Clause: Evasion abilities are banned
|rule|Sleep Moves Clause: Sleep-inducing moves are banned
|clearpoke
|poke|p1|Primarina, F|
|poke|p1|Ludicolo, M|
|poke|p1|Samurott-Hisui, M|
|poke|p1|Toxapex, F|
|poke|p1|Politoed, M|
|poke|p1|Walking Wake|
|poke|p2|Lokix, F|
|poke|p2|Pecharunt|
|poke|p2|Alomomola, F|
|poke|p2|Iron Crown|
|poke|p2|Great Tusk|
|poke|p2|Enamorus, F|
|teampreview
|
|t:|1779884028
|teamsize|p1|6
|teamsize|p2|6
|start
|switch|p1a: Donny Ronny|Samurott-Hisui, M|100/100
|switch|p2a: Lokix|Lokix, F|100/100
|turn|1
|
|t:|1779884033
|switch|p1a: Toxatax|Toxapex, F|100/100
|move|p2a: Lokix|U-turn|p1a: Toxatax
|-resisted|p1a: Toxatax
|-damage|p1a: Toxatax|72/100
|-damage|p2a: Lokix|84/100|[from] item: Rocky Helmet|[of] p1a: Toxatax
|
|t:|1779884041
|switch|p2a: Iron Crown|Iron Crown|100/100|[from] U-turn
|
|upkeep
|turn|2
|
|t:|1779884047
|move|p2a: Iron Crown|Future Sight|p1a: Toxatax
|-start|p2a: Iron Crown|move: Future Sight
|move|p1a: Toxatax|Toxic Spikes|p2a: Iron Crown
|-sidestart|p2: Kzn12|move: Toxic Spikes
|
|upkeep
|turn|3
|
|t:|1779884051
|move|p2a: Iron Crown|Volt Switch|p1a: Toxatax
|-supereffective|p1a: Toxatax
|-damage|p1a: Toxatax|30/100
|
|t:|1779884061
|-end|p2a: Iron Crown|Quark Drive|[silent]
|switch|p2a: Great Tusk|Great Tusk|100/100|[from] Volt Switch
|-status|p2a: Great Tusk|psn
|move|p1a: Toxatax|Recover|p1a: Toxatax
|-heal|p1a: Toxatax|80/100
|
|-damage|p2a: Great Tusk|88/100 psn|[from] psn
|upkeep
|turn|4
|
|t:|1779884069
|switch|p1a: The King|Politoed, M|100/100
|-weather|RainDance|[from] ability: Drizzle|[of] p1a: The King
|move|p2a: Great Tusk|Rapid Spin|p1a: The King
|-damage|p1a: The King|88/100
|-boost|p2a: Great Tusk|spe|1
|-sideend|p2: Kzn12|Toxic Spikes|[from] move: Rapid Spin|[of] p2a: Great Tusk
|
|-weather|RainDance|[upkeep]
|-end|p1a: The King|move: Future Sight
|-damage|p1a: The King|39/100
|-damage|p2a: Great Tusk|76/100 psn|[from] psn
|upkeep
|turn|5
|
|t:|1779884084
|switch|p1a: Juan|Ludicolo, M|100/100
|move|p2a: Great Tusk|Stealth Rock|p1a: Juan
|-sidestart|p1: TheGamingPolitoed|move: Stealth Rock
|
|-weather|RainDance|[upkeep]
|-damage|p2a: Great Tusk|63/100 psn|[from] psn
|upkeep
|turn|6
|
|t:|1779884098
|-end|p2a: Great Tusk|Protosynthesis|[silent]
|switch|p2a: Alomomola|Alomomola, F|100/100
|move|p1a: Juan|Giga Drain|p2a: Alomomola
|-supereffective|p2a: Alomomola
|-damage|p2a: Alomomola|61/100
|-damage|p1a: Juan|91/100|[from] item: Life Orb
|
|-weather|RainDance|[upkeep]
|upkeep
|turn|7
|
|t:|1779884105
|move|p1a: Juan|Giga Drain|p2a: Alomomola
|-supereffective|p2a: Alomomola
|-damage|p2a: Alomomola|21/100
|-heal|p1a: Juan|100/100|[from] drain|[of] p2a: Alomomola
|-damage|p1a: Juan|91/100|[from] item: Life Orb
|move|p2a: Alomomola|Flip Turn|p1a: Juan
|-resisted|p1a: Juan
|-damage|p1a: Juan|82/100
|
|t:|1779884114
|switch|p2a: Lokix|Lokix, F|84/100|[from] Flip Turn
|
|-weather|RainDance|[upkeep]
|upkeep
|turn|8
|
|t:|1779884119
|-terastallize|p2a: Lokix|Bug
|move|p1a: Juan|Protect|p1a: Juan
|-singleturn|p1a: Juan|Protect
|move|p2a: Lokix|First Impression|p1a: Juan
|-activate|p1a: Juan|move: Protect
|
|-weather|RainDance|[upkeep]
|upkeep
|turn|9
|
|t:|1779884126
|switch|p2a: Alomomola|Alomomola, F|54/100
|move|p1a: Juan|Hydro Pump|p2a: Alomomola
|-resisted|p2a: Alomomola
|-damage|p2a: Alomomola|34/100
|-damage|p1a: Juan|72/100|[from] item: Life Orb
|
|-weather|RainDance|[upkeep]
|upkeep
|turn|10
|
|t:|1779884133
|move|p1a: Juan|Giga Drain|p2a: Alomomola
|-supereffective|p2a: Alomomola
|-damage|p2a: Alomomola|0 fnt
|-heal|p1a: Juan|100/100|[from] drain|[of] p2a: Alomomola
|faint|p2a: Alomomola
|-damage|p1a: Juan|91/100|[from] item: Life Orb
|
|-weather|RainDance|[upkeep]
|upkeep
|
|t:|1779884139
|switch|p2a: Iron Crown|Iron Crown|100/100
|turn|11
|
|t:|1779884143
|move|p1a: Juan|Hydro Pump|p2a: Iron Crown
|-damage|p2a: Iron Crown|40/100
|-damage|p1a: Juan|81/100|[from] item: Life Orb
|move|p2a: Iron Crown|Volt Switch|p1a: Juan
|-damage|p1a: Juan|55/100
|
|t:|1779884146
|-end|p2a: Iron Crown|Quark Drive|[silent]
|switch|p2a: Lokix|Lokix, F, tera:Bug|84/100|[from] Volt Switch
|
|-weather|none
|upkeep
|turn|12
|
|t:|1779884152
|switch|p1a: Toxatax|Toxapex, F|100/100
|-damage|p1a: Toxatax|88/100|[from] Stealth Rock
|move|p2a: Lokix|U-turn|p1a: Toxatax
|-resisted|p1a: Toxatax
|-damage|p1a: Toxatax|46/100
|-damage|p2a: Lokix|67/100|[from] item: Rocky Helmet|[of] p1a: Toxatax
|
|t:|1779884157
|switch|p2a: Great Tusk|Great Tusk|63/100 psn|[from] U-turn
|
|-damage|p2a: Great Tusk|51/100 psn|[from] psn
|upkeep
|turn|13
|
|t:|1779884163
|switch|p1a: Walk the Dinosaur|Walking Wake|100/100
|-damage|p1a: Walk the Dinosaur|88/100|[from] Stealth Rock
|move|p2a: Great Tusk|Headlong Rush|p1a: Walk the Dinosaur
|-damage|p1a: Walk the Dinosaur|32/100
|-unboost|p2a: Great Tusk|def|1
|-unboost|p2a: Great Tusk|spd|1
|
|-damage|p2a: Great Tusk|38/100 psn|[from] psn
|upkeep
|turn|14
|
|t:|1779884174
|move|p1a: Walk the Dinosaur|Hydro Steam|p2a: Great Tusk
|-supereffective|p2a: Great Tusk
|-damage|p2a: Great Tusk|0 fnt
|faint|p2a: Great Tusk
|-end|p2a: Great Tusk|Protosynthesis|[silent]
|
|upkeep
|
|t:|1779884176
|switch|p2a: Lokix|Lokix, F, tera:Bug|67/100
|turn|15
|
|t:|1779884180
|-end|p1a: Walk the Dinosaur|Protosynthesis|[silent]
|switch|p1a: Toxatax|Toxapex, F|79/100
|-damage|p1a: Toxatax|67/100|[from] Stealth Rock
|move|p2a: Lokix|Knock Off|p1a: Toxatax
|-damage|p1a: Toxatax|23/100
|-damage|p2a: Lokix|51/100|[from] item: Rocky Helmet|[of] p1a: Toxatax
|-enditem|p1a: Toxatax|Rocky Helmet|[from] move: Knock Off|[of] p2a: Lokix
|
|upkeep
|turn|16
|
|t:|1779884189
|move|p2a: Lokix|Knock Off|p1a: Toxatax
|-damage|p1a: Toxatax|0 fnt
|faint|p1a: Toxatax
|
|upkeep
|
|t:|1779884193
|switch|p1a: The King|Politoed, M|39/100
|-damage|p1a: The King|26/100|[from] Stealth Rock
|-weather|RainDance|[from] ability: Drizzle|[of] p1a: The King
|turn|17
|
|t:|1779884198
|move|p2a: Lokix|Knock Off|p1a: The King
|-damage|p1a: The King|0 fnt
|-enditem|p1a: The King|Damp Rock|[from] move: Knock Off|[of] p2a: Lokix
|faint|p1a: The King
|
|-weather|RainDance|[upkeep]
|upkeep
|
|t:|1779884203
|switch|p1a: Juan|Ludicolo, M|55/100
|-damage|p1a: Juan|42/100|[from] Stealth Rock
|turn|18
|
|t:|1779884209
|switch|p2a: Iron Crown|Iron Crown|40/100
|move|p1a: Juan|Hydro Pump|p2a: Iron Crown
|-damage|p2a: Iron Crown|0 fnt
|faint|p2a: Iron Crown
|-end|p2a: Iron Crown|Quark Drive|[silent]
|-damage|p1a: Juan|32/100|[from] item: Life Orb
|
|-weather|RainDance|[upkeep]
|upkeep
|
|t:|1779884221
|switch|p2a: Lokix|Lokix, F, tera:Bug|51/100
|turn|19
|
|t:|1779884224
|move|p1a: Juan|Protect|p1a: Juan
|-singleturn|p1a: Juan|Protect
|move|p2a: Lokix|First Impression|p1a: Juan
|-activate|p1a: Juan|move: Protect
|
|-weather|RainDance|[upkeep]
|upkeep
|turn|20
|
|t:|1779884230
|switch|p2a: Pecharunt|Pecharunt|100/100
|move|p1a: Juan|Hydro Pump|p2a: Pecharunt|[miss]
|-miss|p1a: Juan|p2a: Pecharunt
|
|-weather|RainDance|[upkeep]
|upkeep
|turn|21
|
|t:|1779884246
|move|p1a: Juan|Hydro Pump|p2a: Pecharunt
|-damage|p2a: Pecharunt|6/100
|-damage|p1a: Juan|22/100|[from] item: Life Orb
|move|p2a: Pecharunt|Malignant Chain|p1a: Juan
|-supereffective|p1a: Juan
|-damage|p1a: Juan|0 fnt
|faint|p1a: Juan
|
|-weather|RainDance|[upkeep]
|upkeep
|
|t:|1779884254
|switch|p1a: Donny Ronny|Samurott-Hisui, M|100/100
|-damage|p1a: Donny Ronny|88/100|[from] Stealth Rock
|turn|22
|
|t:|1779884259
|move|p1a: Donny Ronny|Aqua Jet|p2a: Pecharunt
|-damage|p2a: Pecharunt|0 fnt
|faint|p2a: Pecharunt
|
|-weather|RainDance|[upkeep]
|upkeep
|
|t:|1779884263
|switch|p2a: Lokix|Lokix, F, tera:Bug|51/100
|turn|23
|
|t:|1779884268
|switch|p1a: Walk the Dinosaur|Walking Wake|32/100
|-damage|p1a: Walk the Dinosaur|20/100|[from] Stealth Rock
|move|p2a: Lokix|First Impression|p1a: Walk the Dinosaur
|-damage|p1a: Walk the Dinosaur|0 fnt
|faint|p1a: Walk the Dinosaur
|-end|p1a: Walk the Dinosaur|Protosynthesis|[silent]
|
|-weather|RainDance|[upkeep]
|upkeep
|
|t:|1779884276
|switch|p1a: Donny Ronny|Samurott-Hisui, M|88/100
|-damage|p1a: Donny Ronny|76/100|[from] Stealth Rock
|turn|24
|
|t:|1779884279
|switch|p2a: Enamorus|Enamorus, F|100/100
|move|p1a: Donny Ronny|Aqua Jet|p2a: Enamorus
|-crit|p2a: Enamorus
|-damage|p2a: Enamorus|31/100
|
|-weather|none
|upkeep
|turn|25
|
|t:|1779884286
|move|p1a: Donny Ronny|Aqua Jet|p2a: Enamorus
|-damage|p2a: Enamorus|0 fnt
|faint|p2a: Enamorus
|
|upkeep
|
|t:|1779884288
|switch|p2a: Lokix|Lokix, F, tera:Bug|51/100
|turn|26
|
|t:|1779884291
|move|p1a: Donny Ronny|Aqua Jet|p2a: Lokix
|-damage|p2a: Lokix|21/100
|move|p2a: Lokix|Leech Life|p1a: Donny Ronny
|-supereffective|p1a: Donny Ronny
|-damage|p1a: Donny Ronny|0 fnt
|-heal|p2a: Lokix|69/100|[from] drain|[of] p1a: Donny Ronny
|faint|p1a: Donny Ronny
|
|upkeep
|
|t:|1779884299
|switch|p1a: Ecomare|Primarina, F|100/100
|-damage|p1a: Ecomare|88/100|[from] Stealth Rock
|turn|27
|
|t:|1779884304
|move|p2a: Lokix|Leech Life|p1a: Ecomare
|-resisted|p1a: Ecomare
|-damage|p1a: Ecomare|0 fnt
|-heal|p2a: Lokix|100/100|[from] drain|[of] p1a: Ecomare
|faint|p1a: Ecomare
|
|win|Kzn12
|raw|TheGamingPolitoed's rating: 1327 &rarr; <strong>1307</strong><br />(-20 for losing)
|raw|Kzn12's rating: 1320 &rarr; <strong>1340</strong><br />(+20 for winning)
|l|☆Kzn12
|player|p2|
|l|☆TheGamingPolitoed
|player|p1|
