|j|☆5penny
|j|☆AllHailDudunsparce
|inactive|Battle timer is ON: inactive players will automatically lose when time's up.
|t:|1779908072
|gametype|singles
|player|p1|5penny|shadowtriad|
|player|p2|AllHailDudunsparce|elesa-masters|
|gen|9
|tier|[Gen 9] OU
|rated|Tournament battle
|rule|HP Percentage Mod: HP is shown in percentages
|rule|Endless Battle Clause: Forcing endless battles is banned
|rule|Species Clause: Limit one of each Pokémon
|rule|OHKO Clause: OHKO moves are banned
|rule|Evasion Items Clause: Evasion items are banned
|rule|Evasion Moves Clause: Evasion moves are banned
|rule|Evasion Abilities Clause: Evasion abilities are banned
|rule|Sleep Moves Clause: Sleep-inducing moves are banned
|raw|<div class="infobox"><details class="readmore"><summary><strong>16 custom rules:</strong></summary> -burmy, -caterpie, -combee, -kricketot, -magikarp, -scatterbug, -sunkern, -tynamo, -typenull, -weedle, -wurmple, -cosmog, -blipbug, -snom, -wynaut, + Tera Blast</details></div>
|clearpoke
|poke|p1|Grafaiai, M|
|poke|p1|Gulpin, M|
|poke|p1|Wyrdeer, M|
|poke|p2|Fuecoco, F|
|poke|p2|Scrafty, M|
|poke|p2|Gabite, M|
|teampreview
|j|*Lady Monita 
|inactive|AllHailDudunsparce also wants the timer to be on.
|c|☆5penny|hf
|
|t:|1779908081
|teamsize|p1|3
|teamsize|p2|3
|start
|switch|p1a: Grafaiai|Grafaiai, M|100/100
|switch|p2a: Fuecoco|Fuecoco, F|100/100
|turn|1
|
|t:|1779908083
|move|p1a: Grafaiai|Substitute|p1a: Grafaiai
|-start|p1a: Grafaiai|Substitute
|-damage|p1a: Grafaiai|76/100
|move|p2a: Fuecoco|Fire Blast|p1a: Grafaiai
|-crit|p1a: Grafaiai
|-end|p1a: Grafaiai|Substitute
|
|-heal|p1a: Grafaiai|82/100|[from] item: Leftovers
|upkeep
|turn|2
|
|t:|1779908091
|move|p1a: Grafaiai|Parting Shot|p2a: Fuecoco
|-unboost|p2a: Fuecoco|atk|1
|-unboost|p2a: Fuecoco|spa|1
|
|t:|1779908092
|switch|p1a: Gulpin|Gulpin, M|100/100|[from] Parting Shot
|move|p2a: Fuecoco|Fire Blast|p1a: Gulpin
|-damage|p1a: Gulpin|82/100
|
|upkeep
|turn|3
|
|t:|1779908096
|switch|p2a: Gabite|Gabite, M|100/100
|move|p1a: Gulpin|Poison Jab|p2a: Gabite
|-resisted|p2a: Gabite
|-damage|p2a: Gabite|92/100
|-damage|p1a: Gulpin|69/100|[from] ability: Rough Skin|[of] p2a: Gabite
|
|upkeep
|turn|4
|
|t:|1779908103
|switch|p1a: Grafaiai|Grafaiai, M|82/100
|move|p2a: Gabite|Earthquake|p1a: Grafaiai
|-supereffective|p1a: Grafaiai
|-damage|p1a: Grafaiai|4/100
|
|-heal|p1a: Grafaiai|10/100|[from] item: Leftovers
|upkeep
|turn|5
|
|t:|1779908108
|-terastallize|p1a: Grafaiai|Flying
|move|p1a: Grafaiai|Toxic|p2a: Gabite
|-status|p2a: Gabite|tox
|move|p2a: Gabite|Earthquake|p1a: Grafaiai
|-immune|p1a: Grafaiai
|
|-heal|p1a: Grafaiai|16/100|[from] item: Leftovers
|-damage|p2a: Gabite|86/100 tox|[from] psn
|upkeep
|turn|6
|
|t:|1779908111
|move|p1a: Grafaiai|Encore|p2a: Gabite
|-start|p2a: Gabite|Encore
|move|p2a: Gabite|Earthquake|p1a: Grafaiai
|-immune|p1a: Grafaiai
|
|-heal|p1a: Grafaiai|22/100|[from] item: Leftovers
|-damage|p2a: Gabite|73/100 tox|[from] psn
|upkeep
|turn|7
|
|t:|1779908116
|switch|p2a: Fuecoco|Fuecoco, F|100/100
|move|p1a: Grafaiai|Toxic|p2a: Fuecoco
|-status|p2a: Fuecoco|tox
|
|-heal|p1a: Grafaiai|28/100|[from] item: Leftovers
|-damage|p2a: Fuecoco|94/100 tox|[from] psn
|upkeep
|turn|8
|
|t:|1779908120
|move|p1a: Grafaiai|Substitute|p1a: Grafaiai
|-start|p1a: Grafaiai|Substitute
|-damage|p1a: Grafaiai|3/100
|move|p2a: Fuecoco|Fire Blast|p1a: Grafaiai|[miss]
|-miss|p2a: Fuecoco|p1a: Grafaiai
|
|-heal|p1a: Grafaiai|9/100|[from] item: Leftovers
|-damage|p2a: Fuecoco|82/100 tox|[from] psn
|upkeep
|turn|9
|
|t:|1779908126
|move|p1a: Grafaiai|Encore|p2a: Fuecoco
|-start|p2a: Fuecoco|Encore
|move|p2a: Fuecoco|Fire Blast|p1a: Grafaiai|[miss]
|-miss|p2a: Fuecoco|p1a: Grafaiai
|
|-heal|p1a: Grafaiai|15/100|[from] item: Leftovers
|-damage|p2a: Fuecoco|63/100 tox|[from] psn
|upkeep
|turn|10
|
|t:|1779908129
|move|p1a: Grafaiai|Substitute|p1a: Grafaiai
|-fail|p1a: Grafaiai|move: Substitute
|move|p2a: Fuecoco|Fire Blast|p1a: Grafaiai
|-end|p1a: Grafaiai|Substitute
|
|-heal|p1a: Grafaiai|21/100|[from] item: Leftovers
|-damage|p2a: Fuecoco|38/100 tox|[from] psn
|upkeep
|turn|11
|
|t:|1779908134
|move|p1a: Grafaiai|Parting Shot|p2a: Fuecoco
|-unboost|p2a: Fuecoco|atk|1
|-unboost|p2a: Fuecoco|spa|1
|
|t:|1779908135
|switch|p1a: Gulpin|Gulpin, M|69/100|[from] Parting Shot
|move|p2a: Fuecoco|Fire Blast|p1a: Gulpin
|-damage|p1a: Gulpin|51/100
|-status|p1a: Gulpin|brn
|
|-damage|p2a: Fuecoco|7/100 tox|[from] psn
|-damage|p1a: Gulpin|45/100 brn|[from] brn
|-end|p2a: Fuecoco|Encore
|upkeep
|turn|12
|
|t:|1779908142
|move|p1a: Gulpin|Rest|p1a: Gulpin
|-status|p1a: Gulpin|slp|[from] move: Rest
|-heal|p1a: Gulpin|100/100 slp|[silent]
|move|p2a: Fuecoco|Fire Blast|p1a: Gulpin
|-damage|p1a: Gulpin|82/100 slp
|
|-damage|p2a: Fuecoco|0 fnt|[from] psn
|faint|p2a: Fuecoco
|upkeep
|
|t:|1779908146
|switch|p2a: Scrafty|Scrafty, M|100/100
|turn|13
|
|t:|1779908150
|move|p2a: Scrafty|Dragon Dance|p2a: Scrafty
|-boost|p2a: Scrafty|atk|1
|-boost|p2a: Scrafty|spe|1
|cant|p1a: Gulpin|slp
|
|upkeep
|turn|14
|
|t:|1779908153
|move|p2a: Scrafty|Dragon Dance|p2a: Scrafty
|-boost|p2a: Scrafty|atk|1
|-boost|p2a: Scrafty|spe|1
|cant|p1a: Gulpin|slp
|
|upkeep
|turn|15
|
|t:|1779908159
|-terastallize|p2a: Scrafty|Steel
|move|p2a: Scrafty|Iron Head|p1a: Gulpin
|-damage|p1a: Gulpin|0 fnt
|faint|p1a: Gulpin
|-damage|p2a: Scrafty|91/100|[from] item: Life Orb
|
|upkeep
|
|t:|1779908168
|switch|p1a: Grafaiai|Grafaiai, M, tera:Flying|21/100
|turn|16
|
|t:|1779908173
|move|p1a: Grafaiai|Encore|p2a: Scrafty
|-start|p2a: Scrafty|Encore
|move|p2a: Scrafty|Iron Head|p1a: Grafaiai
|-damage|p1a: Grafaiai|0 fnt
|faint|p1a: Grafaiai
|-damage|p2a: Scrafty|81/100|[from] item: Life Orb
|
|upkeep
|
|t:|1779908174
|switch|p1a: Wyrdeer|Wyrdeer, M|100/100
|-ability|p1a: Wyrdeer|Intimidate|boost
|-unboost|p2a: Scrafty|atk|1
|turn|17
|
|t:|1779908180
|move|p2a: Scrafty|Iron Head|p1a: Wyrdeer
|-damage|p1a: Wyrdeer|46/100
|-damage|p2a: Scrafty|71/100|[from] item: Life Orb
|cant|p1a: Wyrdeer|flinch
|
|-heal|p1a: Wyrdeer|52/100|[from] item: Leftovers
|upkeep
|turn|18
|
|t:|1779908182
|move|p2a: Scrafty|Iron Head|p1a: Wyrdeer
|-damage|p1a: Wyrdeer|3/100
|-damage|p2a: Scrafty|61/100|[from] item: Life Orb
|cant|p1a: Wyrdeer|flinch
|
|-heal|p1a: Wyrdeer|10/100|[from] item: Leftovers
|-end|p2a: Scrafty|Encore
|upkeep
|turn|19
|c|☆5penny|gg
|c|☆AllHailDudunsparce|damn, sorry about that
|
|t:|1779908189
|move|p2a: Scrafty|Iron Head|p1a: Wyrdeer
|-damage|p1a: Wyrdeer|0 fnt
|faint|p1a: Wyrdeer
|-damage|p2a: Scrafty|51/100|[from] item: Life Orb
|
|win|AllHailDudunsparce
|n|☆5penny|5penny
|n|☆AllHailDudunsparce|allhaildudunsparce
|n|*Lady Monita |ladymonita
|l|*Lady Monita 
|c|☆5penny|all good
