|j|☆Miclo214
|j|☆sturdy gengar
|t:|1779905454
|gametype|singles
|player|p1|Miclo214|lance|1113
|player|p2|sturdy gengar|101|1108
|gen|9
|tier|[Gen 9] OU
|rated|
|rule|HP Percentage Mod: HP is shown in percentages
|rule|Endless Battle Clause: Forcing endless battles is banned
|rule|Species Clause: Limit one of each Pokémon
|rule|OHKO Clause: OHKO moves are banned
|rule|Evasion Items Clause: Evasion items are banned
|rule|Evasion Moves Clause: Evasion moves are banned
|rule|Evasion Abilities Clause: Evasion abilities are banned
|rule|Sleep Moves Clause: Sleep-inducing moves are banned
|clearpoke
|poke|p1|Glimmora, M|
|poke|p1|Gholdengo|
|poke|p1|Dragapult, M|
|poke|p1|Ceruledge, F|
|poke|p1|Breloom, F|
|poke|p1|Azumarill, M|
|poke|p2|Azumarill, F|
|poke|p2|Dragonite, M|
|poke|p2|Rotom-Wash|
|poke|p2|Gloom, M|
|poke|p2|Alomomola, M|
|poke|p2|Heatran, M|
|teampreview
|inactive|Battle timer is ON: inactive players will automatically lose when time's up. (requested by Miclo214)
|
|t:|1779905475
|teamsize|p1|6
|teamsize|p2|6
|start
|switch|p1a: Glimmora|Glimmora, M|100/100
|switch|p2a: Alomomola|Alomomola, M|100/100
|-item|p1a: Glimmora|Air Balloon
|turn|1
|
|t:|1779905482
|move|p1a: Glimmora|Toxic Spikes|p2a: Alomomola
|-sidestart|p2: sturdy gengar|move: Toxic Spikes
|move|p2a: Alomomola|Flip Turn|p1a: Glimmora
|-supereffective|p1a: Glimmora
|-damage|p1a: Glimmora|68/100
|-activate|p1a: Glimmora|ability: Toxic Debris
|-sidestart|p2: sturdy gengar|move: Toxic Spikes
|-enditem|p1a: Glimmora|Air Balloon
|
|t:|1779905491
|switch|p2a: Heatran|Heatran, M|100/100|[from] Flip Turn
|
|upkeep
|turn|2
|
|t:|1779905499
|move|p1a: Glimmora|Stealth Rock|p2a: Heatran
|-sidestart|p2: sturdy gengar|move: Stealth Rock
|move|p2a: Heatran|Flash Cannon|p1a: Glimmora
|-supereffective|p1a: Glimmora
|-damage|p1a: Glimmora|0 fnt
|faint|p1a: Glimmora
|
|upkeep
|
|t:|1779905505
|switch|p1a: Azumarill|Azumarill, M|100/100
|turn|3
|
|t:|1779905507
|move|p1a: Azumarill|Aqua Jet|p2a: Heatran
|-supereffective|p2a: Heatran
|-damage|p2a: Heatran|25/100
|move|p2a: Heatran|Flash Cannon|p1a: Azumarill
|-damage|p1a: Azumarill|53/100
|-unboost|p1a: Azumarill|spd|1
|
|upkeep
|turn|4
|
|t:|1779905520
|switch|p2a: Gloom|Gloom, M|100/100
|-sideend|p2: sturdy gengar|move: Toxic Spikes|[of] p2a: Gloom
|-damage|p2a: Gloom|88/100|[from] Stealth Rock
|move|p1a: Azumarill|Aqua Jet|p2a: Gloom
|-resisted|p2a: Gloom
|-damage|p2a: Gloom|73/100
|
|upkeep
|turn|5
|
|t:|1779905528
|switch|p1a: Ceruledge|Ceruledge, F|100/100
|move|p2a: Gloom|Leech Seed|p1a: Ceruledge
|-start|p1a: Ceruledge|move: Leech Seed
|
|-damage|p1a: Ceruledge|88/100|[from] Leech Seed|[of] p2a: Gloom
|-heal|p2a: Gloom|89/100|[silent]
|upkeep
|turn|6
|
|t:|1779905539
|switch|p2a: Heatran|Heatran, M|25/100
|-damage|p2a: Heatran|12/100|[from] Stealth Rock
|move|p1a: Ceruledge|Bitter Blade|p2a: Heatran
|-start|p2a: Heatran|ability: Flash Fire
|
|-damage|p1a: Ceruledge|75/100|[from] Leech Seed|[of] p2a: Heatran
|-heal|p2a: Heatran|25/100|[silent]
|upkeep
|turn|7
|
|t:|1779905548
|move|p1a: Ceruledge|Brick Break|p2a: Heatran
|-supereffective|p2a: Heatran
|-damage|p2a: Heatran|0 fnt
|faint|p2a: Heatran
|
|upkeep
|
|t:|1779905553
|switch|p2a: Alomomola|Alomomola, M|100/100
|-damage|p2a: Alomomola|88/100|[from] Stealth Rock
|turn|8
|
|t:|1779905562
|switch|p1a: PVZ|Breloom, F|100/100
|move|p2a: Alomomola|Scald|p1a: PVZ
|-resisted|p1a: PVZ
|-damage|p1a: PVZ|87/100
|-status|p1a: PVZ|brn
|
|-damage|p1a: PVZ|81/100 brn|[from] brn
|upkeep
|turn|9
|
|t:|1779905573
|switch|p2a: Azumarill|Azumarill, F|100/100
|-damage|p2a: Azumarill|88/100|[from] Stealth Rock
|move|p1a: PVZ|Bullet Seed|p2a: Azumarill
|-ability|p2a: Azumarill|Sap Sipper|boost
|-boost|p2a: Azumarill|atk|1
|
|-heal|p2a: Azumarill|94/100|[from] item: Leftovers
|-damage|p1a: PVZ|75/100 brn|[from] brn
|upkeep
|turn|10
|
|t:|1779905585
|move|p1a: PVZ|Gunk Shot|p2a: Azumarill
|-supereffective|p2a: Azumarill
|-damage|p2a: Azumarill|48/100
|move|p2a: Azumarill|Whirlpool|p1a: PVZ
|-resisted|p1a: PVZ
|-damage|p1a: PVZ|68/100 brn
|-activate|p1a: PVZ|move: Whirlpool|[of] p2a: Azumarill
|
|-heal|p2a: Azumarill|54/100|[from] item: Leftovers
|-damage|p1a: PVZ|62/100 brn|[from] brn
|-damage|p1a: PVZ|50/100 brn|[from] move: Whirlpool|[partiallytrapped]
|upkeep
|turn|11
|
|t:|1779905595
|switch|p2a: Gloom|Gloom, M|89/100
|-damage|p2a: Gloom|76/100|[from] Stealth Rock
|move|p1a: PVZ|Gunk Shot|p2a: Gloom|[miss]
|-miss|p1a: PVZ|p2a: Gloom
|
|-damage|p1a: PVZ|43/100 brn|[from] brn
|-end|p1a: PVZ|Whirlpool|[partiallytrapped]|[silent]
|upkeep
|turn|12
|
|t:|1779905606
|move|p1a: PVZ|Bulldoze|p2a: Gloom
|-damage|p2a: Gloom|62/100
|-unboost|p2a: Gloom|spe|1
|move|p2a: Gloom|Leech Seed|p1a: PVZ
|-immune|p1a: PVZ
|
|-damage|p1a: PVZ|37/100 brn|[from] brn
|upkeep
|turn|13
|
|t:|1779905616
|switch|p1a: Ceruledge|Ceruledge, F|75/100
|move|p2a: Gloom|Toxic|p1a: Ceruledge
|-status|p1a: Ceruledge|tox
|
|-damage|p1a: Ceruledge|69/100 tox|[from] psn
|upkeep
|turn|14
|
|t:|1779905624
|switch|p2a: Alomomola|Alomomola, M|100/100
|-damage|p2a: Alomomola|88/100|[from] Stealth Rock
|move|p1a: Ceruledge|Flare Blitz|p2a: Alomomola
|-resisted|p2a: Alomomola
|-damage|p2a: Alomomola|71/100
|-damage|p1a: Ceruledge|53/100 tox|[from] item: Rocky Helmet|[of] p2a: Alomomola
|-damage|p1a: Ceruledge|43/100 tox|[from] Recoil
|
|-damage|p1a: Ceruledge|31/100 tox|[from] psn
|upkeep
|turn|15
|
|t:|1779905639
|switch|p1a: Gholden Experience|Gholdengo|100/100
|move|p2a: Alomomola|Wish|p2a: Alomomola
|
|upkeep
|turn|16
|
|t:|1779905651
|switch|p2a: Dragonite|Dragonite, M|100/100
|-damage|p2a: Dragonite|76/100|[from] Stealth Rock
|move|p1a: Gholden Experience|Nasty Plot|p1a: Gholden Experience
|-boost|p1a: Gholden Experience|spa|2
|
|-heal|p2a: Dragonite|100/100|[from] move: Wish|[wisher] Alomomola
|upkeep
|turn|17
|
|t:|1779905661
|move|p1a: Gholden Experience|Make It Rain|p2a: Dragonite
|-damage|p2a: Dragonite|49/100
|-unboost|p1a: Gholden Experience|spa|1
|move|p2a: Dragonite|Earthquake|p1a: Gholden Experience
|-supereffective|p1a: Gholden Experience
|-damage|p1a: Gholden Experience|15/100
|
|-heal|p2a: Dragonite|55/100|[from] item: Leftovers
|upkeep
|turn|18
|inactive|Miclo214 has 120 seconds left.
|
|t:|1779905694
|switch|p2a: Gloom|Gloom, M|62/100
|-damage|p2a: Gloom|49/100|[from] Stealth Rock
|move|p1a: Gholden Experience|Shadow Ball|p2a: Gloom
|-damage|p2a: Gloom|0 fnt
|faint|p2a: Gloom
|
|upkeep
|
|t:|1779905702
|switch|p2a: Rotom|Rotom-Wash|100/100
|-damage|p2a: Rotom|88/100|[from] Stealth Rock
|turn|19
|
|t:|1779905709
|switch|p1a: Azumarill|Azumarill, M|53/100
|move|p2a: Rotom|Volt Switch|p1a: Azumarill
|-supereffective|p1a: Azumarill
|-damage|p1a: Azumarill|0 fnt
|faint|p1a: Azumarill
|
|t:|1779905716
|switch|p2a: Alomomola|Alomomola, M|100/100|[from] Volt Switch
|-damage|p2a: Alomomola|88/100|[from] Stealth Rock
|
|upkeep
|-message|Miclo214 forfeited.
|
|win|sturdy gengar
|raw|Miclo214's rating: 1113 &rarr; <strong>1088</strong><br />(-25 for losing)
|raw|sturdy gengar's rating: 1108 &rarr; <strong>1133</strong><br />(+25 for winning)
|l|☆Miclo214
|player|p1|
|l|☆sturdy gengar
|player|p2|
