|j|☆yanghong
|j|☆titou248
|t:|1779885746
|gametype|singles
|player|p1|yanghong|102|1153
|player|p2|titou248|170|1129
|gen|9
|tier|[Gen 9] OU
|rated|
|rule|HP Percentage Mod: HP is shown in percentages
|rule|Endless Battle Clause: Forcing endless battles is banned
|rule|Species Clause: Limit one of each Pokémon
|rule|OHKO Clause: OHKO moves are banned
|rule|Evasion Items Clause: Evasion items are banned
|rule|Evasion Moves Clause: Evasion moves are banned
|rule|Evasion Abilities Clause: Evasion abilities are banned
|rule|Sleep Moves Clause: Sleep-inducing moves are banned
|clearpoke
|poke|p1|Darkrai|
|poke|p1|Garchomp, F|
|poke|p1|Alomomola, F|
|poke|p1|Corviknight, M|
|poke|p1|Weezing-Galar, F|
|poke|p1|Ogerpon, F|
|poke|p2|Dragonite, F|
|poke|p2|Hatterene, F|
|poke|p2|Weavile, M|
|poke|p2|Ogerpon-Wellspring, F|
|poke|p2|Kingambit, M|
|poke|p2|Rampardos, F|
|teampreview
|inactive|Battle timer is ON: inactive players will automatically lose when time's up. (requested by titou248)
|
|t:|1779885757
|teamsize|p1|6
|teamsize|p2|6
|start
|switch|p1a: Ogerpon|Ogerpon, F|100/100
|switch|p2a: Rampardos|Rampardos, F, shiny|100/100
|turn|1
|
|t:|1779885767
|move|p2a: Rampardos|Head Smash|p1a: Ogerpon
|-damage|p1a: Ogerpon|0 fnt
|faint|p1a: Ogerpon
|-damage|p2a: Rampardos|55/100|[from] Recoil
|
|upkeep
|
|t:|1779885779
|switch|p1a: Alomomola|Alomomola, F|100/100
|turn|2
|
|t:|1779885786
|move|p2a: Rampardos|Head Smash|p1a: Alomomola
|-damage|p1a: Alomomola|24/100
|-damage|p2a: Rampardos|0 fnt|[from] Recoil
|faint|p2a: Rampardos
|move|p1a: Alomomola|Body Slam|p2: Rampardos|[notarget]
|-fail|p1a: Alomomola
|
|upkeep
|
|t:|1779885793
|switch|p2a: Ogerpon|Ogerpon-Wellspring, F|100/100
|turn|3
|
|t:|1779885802
|move|p2a: Ogerpon|Swords Dance|p2a: Ogerpon
|-boost|p2a: Ogerpon|atk|2
|move|p1a: Alomomola|Body Slam|p2a: Ogerpon
|-damage|p2a: Ogerpon|79/100
|
|upkeep
|turn|4
|
|t:|1779885810
|move|p2a: Ogerpon|Ivy Cudgel|p1a: Alomomola|[anim] Ivy Cudgel Water
|-resisted|p1a: Alomomola
|-damage|p1a: Alomomola|0 fnt
|faint|p1a: Alomomola
|
|upkeep
|
|t:|1779885818
|switch|p1a: Darkrai|Darkrai|100/100
|turn|5
|
|t:|1779885822
|-terastallize|p1a: Darkrai|Dark
|move|p1a: Darkrai|Dark Pulse|p2a: Ogerpon
|-damage|p2a: Ogerpon|0 fnt
|faint|p2a: Ogerpon
|
|upkeep
|
|t:|1779885827
|switch|p2a: Hatterene|Hatterene, F|100/100
|turn|6
|
|t:|1779885831
|move|p1a: Darkrai|Dark Pulse|p2a: Hatterene
|-damage|p2a: Hatterene|17/100
|move|p2a: Hatterene|Nuzzle|p1a: Darkrai
|-damage|p1a: Darkrai|95/100
|-status|p1a: Darkrai|par
|
|upkeep
|turn|7
|
|t:|1779885839
|cant|p1a: Darkrai|par
|move|p2a: Hatterene|Draining Kiss|p1a: Darkrai
|-supereffective|p1a: Darkrai
|-damage|p1a: Darkrai|37/100 par
|-heal|p2a: Hatterene|55/100|[from] drain|[of] p1a: Darkrai
|
|upkeep
|turn|8
|
|t:|1779885846
|move|p1a: Darkrai|Dark Pulse|p2a: Hatterene
|-damage|p2a: Hatterene|0 fnt
|faint|p2a: Hatterene
|
|upkeep
|
|t:|1779885850
|switch|p2a: Weavile|Weavile, M|100/100
|turn|9
|
|t:|1779885855
|move|p2a: Weavile|Low Kick|p1a: Darkrai
|-supereffective|p1a: Darkrai
|-damage|p1a: Darkrai|0 fnt
|faint|p1a: Darkrai
|
|upkeep
|
|t:|1779885880
|switch|p1a: Weezing|Weezing-Galar, F|100/100
|-ability|p1a: Weezing|Neutralizing Gas
|turn|10
|
|t:|1779885888
|move|p2a: Weavile|Swords Dance|p2a: Weavile
|-boost|p2a: Weavile|atk|2
|move|p1a: Weezing|Will-O-Wisp|p2a: Weavile
|-status|p2a: Weavile|brn
|
|-damage|p2a: Weavile|94/100 brn|[from] brn
|upkeep
|turn|11
|
|t:|1779885897
|move|p2a: Weavile|Icicle Crash|p1a: Weezing|[miss]
|-miss|p2a: Weavile|p1a: Weezing
|move|p1a: Weezing|Sludge Bomb|p2a: Weavile
|-damage|p2a: Weavile|56/100 brn
|
|-damage|p2a: Weavile|50/100 brn|[from] brn
|upkeep
|turn|12
|
|t:|1779885906
|move|p2a: Weavile|Icicle Crash|p1a: Weezing
|-damage|p1a: Weezing|75/100
|move|p1a: Weezing|Sludge Bomb|p2a: Weavile
|-damage|p2a: Weavile|11/100 brn
|
|-heal|p1a: Weezing|81/100|[from] item: Leftovers
|-damage|p2a: Weavile|5/100 brn|[from] brn
|upkeep
|turn|13
|
|t:|1779885920
|move|p2a: Weavile|Icicle Crash|p1a: Weezing
|-damage|p1a: Weezing|56/100
|cant|p1a: Weezing|flinch
|
|-heal|p1a: Weezing|62/100|[from] item: Leftovers
|-damage|p2a: Weavile|0 fnt|[from] brn
|faint|p2a: Weavile
|upkeep
|
|t:|1779885931
|switch|p2a: Dragonite|Dragonite, F|100/100
|turn|14
|
|t:|1779885936
|move|p2a: Dragonite|Earthquake|p1a: Weezing
|-supereffective|p1a: Weezing
|-damage|p1a: Weezing|15/100
|move|p1a: Weezing|Will-O-Wisp|p2a: Dragonite
|-status|p2a: Dragonite|brn
|
|-heal|p1a: Weezing|21/100|[from] item: Leftovers
|-damage|p2a: Dragonite|94/100 brn|[from] brn
|upkeep
|turn|15
|
|t:|1779885955
|move|p2a: Dragonite|Earthquake|p1a: Weezing
|-supereffective|p1a: Weezing
|-damage|p1a: Weezing|0 fnt
|faint|p1a: Weezing
|-end|p1a: Weezing|ability: Neutralizing Gas
|
|-damage|p2a: Dragonite|88/100 brn|[from] brn
|upkeep
|
|t:|1779885962
|switch|p1a: Corviknight|Corviknight, M|100/100
|-ability|p1a: Corviknight|Pressure
|turn|16
|
|t:|1779885969
|move|p2a: Dragonite|Ice Spinner|p1a: Corviknight
|-damage|p1a: Corviknight|89/100
|move|p1a: Corviknight|Brave Bird|p2a: Dragonite
|-damage|p2a: Dragonite|50/100 brn
|-damage|p1a: Corviknight|79/100|[from] Recoil
|
|-heal|p1a: Corviknight|85/100|[from] item: Leftovers
|-damage|p2a: Dragonite|44/100 brn|[from] brn
|upkeep
|turn|17
|
|t:|1779885980
|move|p2a: Dragonite|Ice Spinner|p1a: Corviknight
|-damage|p1a: Corviknight|74/100
|move|p1a: Corviknight|Brave Bird|p2a: Dragonite
|-damage|p2a: Dragonite|3/100 brn
|-damage|p1a: Corviknight|63/100|[from] Recoil
|
|-heal|p1a: Corviknight|69/100|[from] item: Leftovers
|-damage|p2a: Dragonite|0 fnt|[from] brn
|faint|p2a: Dragonite
|upkeep
|
|t:|1779885989
|switch|p2a: Kingambit|Kingambit, M|100/100
|-activate|p2a: Kingambit|ability: Supreme Overlord
|-start|p2a: Kingambit|fallen5|[silent]
|turn|18
|
|t:|1779885998
|move|p2a: Kingambit|Kowtow Cleave|p1a: Corviknight
|-damage|p1a: Corviknight|5/100
|move|p1a: Corviknight|Brave Bird|p2a: Kingambit
|-resisted|p2a: Kingambit
|-damage|p2a: Kingambit|85/100
|-damage|p1a: Corviknight|1/100|[from] Recoil
|
|-heal|p1a: Corviknight|7/100|[from] item: Leftovers
|upkeep
|turn|19
|
|t:|1779886010
|move|p2a: Kingambit|Swords Dance|p2a: Kingambit
|-boost|p2a: Kingambit|atk|2
|move|p1a: Corviknight|Brave Bird|p2a: Kingambit
|-resisted|p2a: Kingambit
|-damage|p2a: Kingambit|69/100
|-damage|p1a: Corviknight|3/100|[from] Recoil
|
|-heal|p1a: Corviknight|9/100|[from] item: Leftovers
|upkeep
|turn|20
|
|t:|1779886020
|move|p2a: Kingambit|Sucker Punch|p1a: Corviknight
|-damage|p1a: Corviknight|0 fnt
|faint|p1a: Corviknight
|
|upkeep
|
|t:|1779886027
|switch|p1a: Garchomp|Garchomp, F|100/100
|turn|21
|
|t:|1779886032
|-terastallize|p2a: Kingambit|Flying
|move|p1a: Garchomp|Earthquake|p2a: Kingambit
|-immune|p2a: Kingambit
|move|p2a: Kingambit|Kowtow Cleave|p1a: Garchomp
|-damage|p1a: Garchomp|5/100
|-damage|p2a: Kingambit|57/100|[from] ability: Rough Skin|[of] p1a: Garchomp
|-damage|p2a: Kingambit|40/100|[from] item: Rocky Helmet|[of] p1a: Garchomp
|
|upkeep
|turn|22
|
|t:|1779886046
|move|p2a: Kingambit|Sucker Punch|p1a: Garchomp
|-damage|p1a: Garchomp|0 fnt
|-damage|p2a: Kingambit|28/100|[from] ability: Rough Skin|[of] p1a: Garchomp
|-damage|p2a: Kingambit|12/100|[from] item: Rocky Helmet|[of] p1a: Garchomp
|faint|p1a: Garchomp
|
|win|titou248
|raw|yanghong's rating: 1153 &rarr; <strong>1126</strong><br />(-27 for losing)
|raw|titou248's rating: 1129 &rarr; <strong>1156</strong><br />(+27 for winning)
|l|☆titou248
|player|p2|
|l|☆yanghong
|player|p1|
