|j|☆vulpix bot
|j|☆lovemybaby
|t:|1779970336
|gametype|singles
|player|p1|vulpix bot|parasollady|1501
|player|p2|lovemybaby|102|1511
|gen|9
|tier|[Gen 9] OU
|rated|
|rule|HP Percentage Mod: HP is shown in percentages
|rule|Endless Battle Clause: Forcing endless battles is banned
|rule|Species Clause: Limit one of each Pokémon
|rule|OHKO Clause: OHKO moves are banned
|rule|Evasion Items Clause: Evasion items are banned
|rule|Evasion Moves Clause: Evasion moves are banned
|rule|Evasion Abilities Clause: Evasion abilities are banned
|rule|Sleep Moves Clause: Sleep-inducing moves are banned
|clearpoke
|poke|p1|Rillaboom, M|
|poke|p1|Great Tusk|
|poke|p1|Heatran, M|
|poke|p1|Darkrai|
|poke|p1|Hydrapple, F|
|poke|p1|Garganacl, F|
|poke|p2|Samurott-Hisui, M|
|poke|p2|Iron Valiant|
|poke|p2|Great Tusk|
|poke|p2|Gholdengo|
|poke|p2|Azelf|
|poke|p2|Ursaluna, M|
|teampreview
|inactive|Battle timer is ON: inactive players will automatically lose when time's up. (requested by vulpix bot)
|
|t:|1779970351
|teamsize|p1|6
|teamsize|p2|6
|start
|switch|p1a: Hydrapple|Hydrapple, F|100/100
|switch|p2a: Iron Valiant|Iron Valiant|100/100
|-enditem|p2a: Iron Valiant|Booster Energy
|-activate|p2a: Iron Valiant|ability: Quark Drive|[fromitem]
|-start|p2a: Iron Valiant|quarkdrivespe
|turn|1
|
|t:|1779970357
|move|p2a: Iron Valiant|Moonblast|p1a: Hydrapple
|-supereffective|p1a: Hydrapple
|-damage|p1a: Hydrapple|6/100
|move|p1a: Hydrapple|Earth Power|p2a: Iron Valiant
|-damage|p2a: Iron Valiant|36/100
|-damage|p1a: Hydrapple|0 fnt|[from] item: Life Orb
|faint|p1a: Hydrapple
|
|upkeep
|
|t:|1779970368
|switch|p1a: Rillaboom|Rillaboom, M|100/100
|-fieldstart|move: Grassy Terrain|[from] ability: Grassy Surge|[of] p1a: Rillaboom
|turn|2
|
|t:|1779970382
|-end|p2a: Iron Valiant|Quark Drive|[silent]
|switch|p2a: Great Tusk|Great Tusk|100/100
|-enditem|p2a: Great Tusk|Booster Energy
|-activate|p2a: Great Tusk|ability: Protosynthesis|[fromitem]
|-start|p2a: Great Tusk|protosynthesisatk
|-terastallize|p1a: Rillaboom|Grass
|move|p1a: Rillaboom|Grassy Glide|p2a: Great Tusk
|-supereffective|p2a: Great Tusk
|-damage|p2a: Great Tusk|0 fnt
|faint|p2a: Great Tusk
|-end|p2a: Great Tusk|Protosynthesis|[silent]
|
|upkeep
|
|t:|1779970397
|switch|p2a: Gholdengo|Gholdengo|100/100
|turn|3
|
|t:|1779970412
|switch|p1a: Heatran|Heatran, M|100/100
|move|p2a: Gholdengo|Shadow Ball|p1a: Heatran
|-damage|p1a: Heatran|75/100
|-unboost|p1a: Heatran|spd|1
|
|-heal|p1a: Heatran|81/100|[from] Grassy Terrain
|-heal|p1a: Heatran|87/100|[from] item: Leftovers
|upkeep
|turn|4
|
|t:|1779970425
|switch|p2a: Samurott|Samurott-Hisui, M|100/100
|move|p1a: Heatran|Stealth Rock|p2a: Samurott
|-sidestart|p2: lovemybaby|move: Stealth Rock
|
|-heal|p1a: Heatran|94/100|[from] Grassy Terrain
|-heal|p1a: Heatran|99/100|[from] item: Leftovers
|upkeep
|turn|5
|
|t:|1779970446
|switch|p1a: Rillaboom|Rillaboom, M, tera:Grass|100/100
|move|p2a: Samurott|Ceaseless Edge|p1a: Rillaboom|[miss]
|-miss|p2a: Samurott|p1a: Rillaboom
|
|upkeep
|turn|6
|
|t:|1779970457
|-terastallize|p2a: Samurott|Poison
|move|p1a: Rillaboom|Wood Hammer|p2a: Samurott
|-resisted|p2a: Samurott
|-damage|p2a: Samurott|8/100
|-damage|p1a: Rillaboom|66/100|[from] Recoil
|move|p2a: Samurott|Ceaseless Edge|p1a: Rillaboom
|-damage|p1a: Rillaboom|22/100
|-sidestart|p1: vulpix bot|Spikes
|
|-heal|p1a: Rillaboom|28/100|[from] Grassy Terrain
|-heal|p2a: Samurott|14/100|[from] Grassy Terrain
|-fieldend|move: Grassy Terrain
|upkeep
|turn|7
|
|t:|1779970464
|move|p2a: Samurott|Sucker Punch|p1a: Rillaboom
|-damage|p1a: Rillaboom|0 fnt
|faint|p1a: Rillaboom
|
|upkeep
|
|t:|1779970467
|switch|p1a: Great Tusk|Great Tusk|100/100
|-damage|p1a: Great Tusk|88/100|[from] Spikes
|-enditem|p1a: Great Tusk|Booster Energy
|-activate|p1a: Great Tusk|ability: Protosynthesis|[fromitem]
|-start|p1a: Great Tusk|protosynthesisspe
|turn|8
|
|t:|1779970471
|move|p1a: Great Tusk|Headlong Rush|p2a: Samurott
|-supereffective|p2a: Samurott
|-damage|p2a: Samurott|0 fnt
|-unboost|p1a: Great Tusk|def|1
|-unboost|p1a: Great Tusk|spd|1
|faint|p2a: Samurott
|
|upkeep
|
|t:|1779970477
|switch|p2a: Azelf|Azelf|100/100
|-damage|p2a: Azelf|88/100|[from] Stealth Rock
|turn|9
|
|t:|1779970482
|-end|p1a: Great Tusk|Protosynthesis|[silent]
|switch|p1a: Garganacl|Garganacl, F|100/100
|-damage|p1a: Garganacl|88/100|[from] Spikes
|move|p2a: Azelf|Stealth Rock|p1a: Garganacl
|-sidestart|p1: vulpix bot|move: Stealth Rock
|
|-heal|p1a: Garganacl|94/100|[from] item: Leftovers
|upkeep
|turn|10
|
|t:|1779970488
|switch|p2a: Ursaluna|Ursaluna, M|100/100
|-damage|p2a: Ursaluna|94/100|[from] Stealth Rock
|move|p1a: Garganacl|Salt Cure|p2a: Ursaluna
|-resisted|p2a: Ursaluna
|-damage|p2a: Ursaluna|88/100
|-start|p2a: Ursaluna|Salt Cure
|
|-heal|p1a: Garganacl|100/100|[from] item: Leftovers
|-damage|p2a: Ursaluna|76/100|[from] Salt Cure
|-status|p2a: Ursaluna|brn|[from] item: Flame Orb
|upkeep
|turn|11
|
|t:|1779970494
|switch|p1a: Great Tusk|Great Tusk|88/100
|-damage|p1a: Great Tusk|76/100|[from] Spikes
|-damage|p1a: Great Tusk|73/100|[from] Stealth Rock
|move|p2a: Ursaluna|Headlong Rush|p1a: Great Tusk
|-damage|p1a: Great Tusk|5/100
|-unboost|p2a: Ursaluna|def|1
|-unboost|p2a: Ursaluna|spd|1
|
|-damage|p2a: Ursaluna|69/100 brn|[from] brn
|-damage|p2a: Ursaluna|57/100 brn|[from] Salt Cure
|upkeep
|turn|12
|
|t:|1779970508
|switch|p2a: Gholdengo|Gholdengo|100/100
|-damage|p2a: Gholdengo|94/100|[from] Stealth Rock
|move|p1a: Great Tusk|Rapid Spin|p2a: Gholdengo
|-immune|p2a: Gholdengo
|
|upkeep
|turn|13
|
|t:|1779970515
|move|p2a: Gholdengo|Shadow Ball|p1a: Great Tusk
|-damage|p1a: Great Tusk|0 fnt
|faint|p1a: Great Tusk
|-end|p1a: Great Tusk|Protosynthesis|[silent]
|
|upkeep
|
|t:|1779970520
|switch|p1a: Darkrai|Darkrai|100/100
|-damage|p1a: Darkrai|88/100|[from] Spikes
|-damage|p1a: Darkrai|76/100|[from] Stealth Rock
|turn|14
|
|t:|1779970524
|switch|p2a: Azelf|Azelf|88/100
|-damage|p2a: Azelf|76/100|[from] Stealth Rock
|move|p1a: Darkrai|Substitute|p1a: Darkrai
|-start|p1a: Darkrai|Substitute
|-damage|p1a: Darkrai|51/100
|
|-heal|p1a: Darkrai|57/100|[from] item: Leftovers
|upkeep
|turn|15
|
|t:|1779970529
|move|p1a: Darkrai|Dark Pulse|p2a: Azelf
|-supereffective|p2a: Azelf
|-damage|p2a: Azelf|0 fnt
|faint|p2a: Azelf
|
|-heal|p1a: Darkrai|63/100|[from] item: Leftovers
|upkeep
|
|t:|1779970540
|switch|p2a: Gholdengo|Gholdengo|94/100
|-damage|p2a: Gholdengo|88/100|[from] Stealth Rock
|turn|16
|
|t:|1779970544
|move|p2a: Gholdengo|Dazzling Gleam|p1a: Darkrai
|-supereffective|p1a: Darkrai
|-end|p1a: Darkrai|Substitute
|move|p1a: Darkrai|Dark Pulse|p2a: Gholdengo
|-supereffective|p2a: Gholdengo
|-damage|p2a: Gholdengo|0 fnt
|faint|p2a: Gholdengo
|
|-heal|p1a: Darkrai|69/100|[from] item: Leftovers
|upkeep
|
|t:|1779970550
|switch|p2a: Iron Valiant|Iron Valiant|36/100
|-damage|p2a: Iron Valiant|30/100|[from] Stealth Rock
|turn|17
|
|t:|1779970557
|move|p1a: Darkrai|Ice Beam|p2a: Iron Valiant
|-damage|p2a: Iron Valiant|0 fnt
|faint|p2a: Iron Valiant
|-end|p2a: Iron Valiant|Quark Drive|[silent]
|
|-heal|p1a: Darkrai|75/100|[from] item: Leftovers
|upkeep
|-message|lovemybaby forfeited.
|
|win|vulpix bot
|raw|vulpix bot's rating: 1501 &rarr; <strong>1522</strong><br />(+21 for winning)
|raw|lovemybaby's rating: 1511 &rarr; <strong>1490</strong><br />(-21 for losing)
|l|☆lovemybaby
|player|p2|
