|j|☆Chadmcpoon
|j|☆smithwick1
|t:|1779950565
|gametype|singles
|player|p1|Chadmcpoon|ghetsis-gen5bw|1546
|player|p2|smithwick1|102|1614
|gen|9
|tier|[Gen 9] OU
|rated|
|rule|HP Percentage Mod: HP is shown in percentages
|rule|Endless Battle Clause: Forcing endless battles is banned
|rule|Species Clause: Limit one of each Pokémon
|rule|OHKO Clause: OHKO moves are banned
|rule|Evasion Items Clause: Evasion items are banned
|rule|Evasion Moves Clause: Evasion moves are banned
|rule|Evasion Abilities Clause: Evasion abilities are banned
|rule|Sleep Moves Clause: Sleep-inducing moves are banned
|clearpoke
|poke|p1|Zamazenta-*|
|poke|p1|Meowscarada, M|
|poke|p1|Azumarill, F|
|poke|p1|Pecharunt|
|poke|p1|Iron Treads|
|poke|p1|Hoopa-Unbound|
|poke|p2|Zamazenta-*|
|poke|p2|Dragapult, M|
|poke|p2|Pecharunt|
|poke|p2|Ogerpon-Wellspring, F|
|poke|p2|Iron Treads|
|poke|p2|Kingambit, M|
|teampreview
|inactive|Battle timer is ON: inactive players will automatically lose when time's up. (requested by smithwick1)
|
|t:|1779950603
|teamsize|p1|6
|teamsize|p2|6
|start
|switch|p1a: Iron Treads|Iron Treads, shiny|100/100
|switch|p2a: Iron Treads|Iron Treads|100/100
|-item|p1a: Iron Treads|Air Balloon
|-enditem|p2a: Iron Treads|Booster Energy
|-activate|p2a: Iron Treads|ability: Quark Drive|[fromitem]
|-start|p2a: Iron Treads|quarkdrivespe
|turn|1
|
|t:|1779950608
|move|p2a: Iron Treads|Knock Off|p1a: Iron Treads
|-damage|p1a: Iron Treads|76/100
|-enditem|p1a: Iron Treads|Air Balloon
|move|p1a: Iron Treads|Earthquake|p2a: Iron Treads
|-supereffective|p2a: Iron Treads
|-damage|p2a: Iron Treads|25/100
|
|upkeep
|turn|2
|
|t:|1779950616
|-end|p1a: Iron Treads|Quark Drive|[silent]
|switch|p1a: Meowscarada|Meowscarada, M|100/100
|move|p2a: Iron Treads|Earthquake|p1a: Meowscarada
|-resisted|p1a: Meowscarada
|-damage|p1a: Meowscarada|66/100
|
|upkeep
|turn|3
|
|t:|1779950621
|-end|p2a: Iron Treads|Quark Drive|[silent]
|switch|p2a: Pecharunt|Pecharunt|100/100
|move|p1a: Meowscarada|Knock Off|p2a: Pecharunt
|-start|p1a: Meowscarada|typechange|Dark|[from] ability: Protean
|-supereffective|p2a: Pecharunt
|-damage|p2a: Pecharunt|44/100
|-enditem|p2a: Pecharunt|Leftovers|[from] move: Knock Off|[of] p1a: Meowscarada
|
|upkeep
|turn|4
|
|t:|1779950626
|switch|p1a: Hoopa|Hoopa-Unbound|100/100
|move|p2a: Pecharunt|Recover|p2a: Pecharunt
|-heal|p2a: Pecharunt|94/100
|
|upkeep
|turn|5
|
|t:|1779950631
|switch|p2a: Zamazenta|Zamazenta|100/100
|-ability|p2a: Zamazenta|Dauntless Shield|boost
|-boost|p2a: Zamazenta|def|1
|move|p1a: Hoopa|Psychic|p2a: Zamazenta
|-supereffective|p2a: Zamazenta
|-damage|p2a: Zamazenta|18/100
|
|upkeep
|turn|6
|
|t:|1779950635
|switch|p1a: Pecharunt|Pecharunt|100/100
|move|p2a: Zamazenta|Light Screen|p2a: Zamazenta
|-sidestart|p2: smithwick1|move: Light Screen
|
|upkeep
|turn|7
|
|t:|1779950637
|move|p2a: Zamazenta|Reflect|p2a: Zamazenta
|-sidestart|p2: smithwick1|Reflect
|move|p1a: Pecharunt|Malignant Chain|p2a: Zamazenta
|-damage|p2a: Zamazenta|6/100
|-status|p2a: Zamazenta|tox
|-start|p2a: Zamazenta|confusion|[from] ability: Poison Puppeteer|[of] p1a: Pecharunt
|
|-damage|p2a: Zamazenta|0 fnt|[from] psn
|faint|p2a: Zamazenta
|upkeep
|
|t:|1779950641
|switch|p2a: Iron Treads|Iron Treads|25/100
|turn|8
|
|t:|1779950652
|switch|p1a: Zamazenta|Zamazenta|100/100
|-ability|p1a: Zamazenta|Dauntless Shield|boost
|-boost|p1a: Zamazenta|def|1
|move|p2a: Iron Treads|Knock Off|p1a: Zamazenta
|-resisted|p1a: Zamazenta
|-damage|p1a: Zamazenta|92/100
|-enditem|p1a: Zamazenta|Leftovers|[from] move: Knock Off|[of] p2a: Iron Treads
|
|upkeep
|turn|9
|inactive|smithwick1 has 120 seconds left.
|inactive|smithwick1 has 90 seconds left.
|
|t:|1779950717
|-end|p2a: Iron Treads|Quark Drive|[silent]
|switch|p2a: Pecharunt|Pecharunt|94/100
|move|p1a: Zamazenta|Body Press|p2a: Pecharunt
|-immune|p2a: Pecharunt
|
|upkeep
|turn|10
|
|t:|1779950731
|switch|p1a: Hoopa|Hoopa-Unbound|100/100
|switch|p2a: Iron Treads|Iron Treads|25/100
|
|upkeep
|turn|11
|
|t:|1779950744
|switch|p1a: Meowscarada|Meowscarada, M|66/100
|move|p2a: Iron Treads|Earthquake|p1a: Meowscarada
|-resisted|p1a: Meowscarada
|-damage|p1a: Meowscarada|27/100
|
|upkeep
|turn|12
|
|t:|1779950752
|move|p1a: Meowscarada|Flower Trick|p2a: Iron Treads
|-start|p1a: Meowscarada|typechange|Grass|[from] ability: Protean
|-crit|p2a: Iron Treads
|-damage|p2a: Iron Treads|0 fnt
|faint|p2a: Iron Treads
|-end|p2a: Iron Treads|Quark Drive|[silent]
|
|upkeep
|
|t:|1779950760
|switch|p2a: Dragapult|Dragapult, M|100/100
|turn|13
|
|t:|1779950770
|switch|p1a: Azumarill|Azumarill, F, shiny|100/100
|move|p2a: Dragapult|Dragon Dance|p2a: Dragapult
|-boost|p2a: Dragapult|atk|1
|-boost|p2a: Dragapult|spe|1
|
|-sideend|p2: smithwick1|move: Light Screen
|upkeep
|turn|14
|inactive|smithwick1 has 120 seconds left.
|
|t:|1779950810
|move|p2a: Dragapult|Dragon Dance|p2a: Dragapult
|-boost|p2a: Dragapult|atk|1
|-boost|p2a: Dragapult|spe|1
|move|p1a: Azumarill|Play Rough|p2a: Dragapult
|-supereffective|p2a: Dragapult
|-damage|p2a: Dragapult|1/100
|
|-heal|p2a: Dragapult|7/100|[from] item: Leftovers
|-sideend|p2: smithwick1|Reflect
|upkeep
|turn|15
|
|t:|1779950817
|switch|p1a: Meowscarada|Meowscarada, M|27/100
|move|p2a: Dragapult|Phantom Force||[still]
|-prepare|p2a: Dragapult|Phantom Force
|
|-heal|p2a: Dragapult|13/100|[from] item: Leftovers
|upkeep
|turn|16
|
|t:|1779950821
|move|p2a: Dragapult|Phantom Force|p1a: Meowscarada|[from] lockedmove
|-resisted|p1a: Meowscarada
|-damage|p1a: Meowscarada|0 fnt
|faint|p1a: Meowscarada
|
|-heal|p2a: Dragapult|19/100|[from] item: Leftovers
|upkeep
|
|t:|1779950822
|switch|p1a: Azumarill|Azumarill, F, shiny|100/100
|turn|17
|
|t:|1779950824
|switch|p2a: Ogerpon|Ogerpon-Wellspring, F|100/100
|move|p1a: Azumarill|Aqua Jet|p2a: Ogerpon
|-immune|p2a: Ogerpon|[from] ability: Water Absorb
|
|upkeep
|turn|18
|
|t:|1779950828
|switch|p1a: Pecharunt|Pecharunt|100/100
|move|p2a: Ogerpon|Substitute|p2a: Ogerpon
|-start|p2a: Ogerpon|Substitute
|-damage|p2a: Ogerpon|76/100
|
|upkeep
|turn|19
|
|t:|1779950832
|move|p2a: Ogerpon|Ivy Cudgel|p1a: Pecharunt|[anim] Ivy Cudgel Water
|-damage|p1a: Pecharunt|73/100
|move|p1a: Pecharunt|Malignant Chain|p2a: Ogerpon
|-supereffective|p2a: Ogerpon
|-end|p2a: Ogerpon|Substitute
|
|upkeep
|turn|20
|
|t:|1779950837
|switch|p2a: Pecharunt|Pecharunt|94/100
|move|p1a: Pecharunt|Parting Shot|p2a: Pecharunt
|-unboost|p2a: Pecharunt|atk|1
|-unboost|p2a: Pecharunt|spa|1
|
|t:|1779950841
|switch|p1a: Hoopa|Hoopa-Unbound|100/100|[from] Parting Shot
|
|upkeep
|turn|21
|
|t:|1779950849
|move|p2a: Pecharunt|Malignant Chain|p1a: Hoopa
|-damage|p1a: Hoopa|89/100
|move|p1a: Hoopa|Future Sight|p2a: Pecharunt
|-start|p1a: Hoopa|move: Future Sight
|
|upkeep
|turn|22
|
|t:|1779950852
|move|p2a: Pecharunt|Malignant Chain|p1a: Hoopa
|-damage|p1a: Hoopa|78/100
|move|p1a: Hoopa|Psychic|p2a: Pecharunt
|-supereffective|p2a: Pecharunt
|-damage|p2a: Pecharunt|0 fnt
|faint|p2a: Pecharunt
|
|upkeep
|
|t:|1779950859
|switch|p2a: Dragapult|Dragapult, M|19/100
|turn|23
|
|t:|1779950869
|switch|p1a: Iron Treads|Iron Treads, shiny|76/100
|move|p2a: Dragapult|Phantom Force||[still]|[miss]
|-prepare|p2a: Dragapult|Phantom Force
|
|-end|p2a: Dragapult|move: Future Sight
|-miss|p1: Hoopa|p2a: Dragapult
|-heal|p2a: Dragapult|25/100|[from] item: Leftovers
|upkeep
|turn|24
|
|t:|1779950874
|move|p2a: Dragapult|Phantom Force|p1a: Iron Treads|[from] lockedmove
|-damage|p1a: Iron Treads|41/100
|move|p1a: Iron Treads|Earthquake|p2a: Dragapult
|-damage|p2a: Dragapult|0 fnt
|faint|p2a: Dragapult
|
|upkeep
|
|t:|1779950877
|switch|p2a: Ogerpon|Ogerpon-Wellspring, F|76/100
|turn|25
|
|t:|1779950882
|-end|p1a: Iron Treads|Quark Drive|[silent]
|switch|p1a: Pecharunt|Pecharunt|73/100
|move|p2a: Ogerpon|Swords Dance|p2a: Ogerpon
|-boost|p2a: Ogerpon|atk|2
|
|upkeep
|turn|26
|
|t:|1779950884
|-terastallize|p2a: Ogerpon|Water
|detailschange|p2a: Ogerpon|Ogerpon-Wellspring-Tera, F, tera:Water
|-ability|p2a: Ogerpon|Embody Aspect (Wellspring)|boost
|-boost|p2a: Ogerpon|spd|1
|move|p2a: Ogerpon|Ivy Cudgel|p1a: Pecharunt|[anim] Ivy Cudgel Water
|-damage|p1a: Pecharunt|0 fnt
|faint|p1a: Pecharunt
|
|upkeep
|
|t:|1779950902
|switch|p1a: Zamazenta|Zamazenta|92/100
|turn|27
|
|t:|1779950906
|move|p1a: Zamazenta|Body Press|p2a: Ogerpon
|-damage|p2a: Ogerpon|35/100
|move|p2a: Ogerpon|Ivy Cudgel|p1a: Zamazenta|[anim] Ivy Cudgel Water
|-damage|p1a: Zamazenta|0 fnt
|faint|p1a: Zamazenta
|
|upkeep
|
|t:|1779950912
|switch|p1a: Azumarill|Azumarill, F, shiny|100/100
|turn|28
|
|t:|1779950914
|-terastallize|p1a: Azumarill|Water
|move|p1a: Azumarill|Aqua Jet|p2a: Ogerpon
|-resisted|p2a: Ogerpon
|-damage|p2a: Ogerpon|0 fnt
|faint|p2a: Ogerpon
|detailschange|p2: Ogerpon|Ogerpon-Wellspring, F|[silent]
|
|upkeep
|
|t:|1779950916
|switch|p2a: Kingambit|Kingambit, M|100/100
|-activate|p2a: Kingambit|ability: Supreme Overlord
|-start|p2a: Kingambit|fallen5|[silent]
|turn|29
|
|t:|1779950927
|move|p1a: Azumarill|Aqua Jet|p2a: Kingambit
|-damage|p2a: Kingambit|58/100
|move|p2a: Kingambit|Kowtow Cleave|p1a: Azumarill
|-damage|p1a: Azumarill|8/100
|
|-heal|p2a: Kingambit|64/100|[from] item: Leftovers
|upkeep
|turn|30
|
|t:|1779950940
|move|p2a: Kingambit|Sucker Punch|p1a: Azumarill
|-damage|p1a: Azumarill|0 fnt
|faint|p1a: Azumarill
|
|-heal|p2a: Kingambit|70/100|[from] item: Leftovers
|upkeep
|
|t:|1779950944
|switch|p1a: Iron Treads|Iron Treads, shiny|41/100
|turn|31
|
|t:|1779950950
|move|p2a: Kingambit|Sucker Punch|p1a: Iron Treads
|-damage|p1a: Iron Treads|0 fnt
|faint|p1a: Iron Treads
|-end|p1a: Iron Treads|Quark Drive|[silent]
|
|-heal|p2a: Kingambit|76/100|[from] item: Leftovers
|upkeep
|
|t:|1779950951
|switch|p1a: Hoopa|Hoopa-Unbound|78/100
|turn|32
|
|t:|1779950954
|move|p1a: Hoopa|Drain Punch|p2a: Kingambit
|-supereffective|p2a: Kingambit
|-damage|p2a: Kingambit|0 fnt
|-heal|p1a: Hoopa|100/100|[from] drain|[of] p2a: Kingambit
|faint|p2a: Kingambit
|-end|p2a: Kingambit|fallen5|[silent]
|
|win|Chadmcpoon
|raw|Chadmcpoon's rating: 1546 &rarr; <strong>1570</strong><br />(+24 for winning)
|raw|smithwick1's rating: 1614 &rarr; <strong>1590</strong><br />(-24 for losing)
|l|☆smithwick1
|player|p2|
|l|☆Chadmcpoon
|player|p1|
