|j|☆nonotheslap
|j|☆RealismisReal
|t:|1779937181
|gametype|singles
|player|p1|nonotheslap|n|1044
|player|p2|RealismisReal|cyrus|1066
|gen|9
|tier|[Gen 9] OU
|rated|
|rule|HP Percentage Mod: HP is shown in percentages
|rule|Endless Battle Clause: Forcing endless battles is banned
|rule|Species Clause: Limit one of each Pokémon
|rule|OHKO Clause: OHKO moves are banned
|rule|Evasion Items Clause: Evasion items are banned
|rule|Evasion Moves Clause: Evasion moves are banned
|rule|Evasion Abilities Clause: Evasion abilities are banned
|rule|Sleep Moves Clause: Sleep-inducing moves are banned
|clearpoke
|poke|p1|Incineroar, M|
|poke|p1|Rillaboom, M|
|poke|p1|Garchomp, F|
|poke|p1|Rotom-Wash|
|poke|p1|Tornadus, M|
|poke|p1|Kingambit, F|
|poke|p2|Weezing-Galar, F|
|poke|p2|Ogerpon-Wellspring, F|
|poke|p2|Gallade, M|
|poke|p2|Darkrai|
|poke|p2|Sylveon, M|
|poke|p2|Magnezone|
|teampreview
|inactive|Battle timer is ON: inactive players will automatically lose when time's up. (requested by RealismisReal)
|inactiveoff|Battle timer is now OFF.
|inactive|Battle timer is ON: inactive players will automatically lose when time's up. (requested by RealismisReal)
|
|t:|1779937310
|teamsize|p1|6
|teamsize|p2|6
|start
|switch|p1a: Rotom|Rotom-Wash, shiny|100/100
|switch|p2a: fart bomb|Weezing-Galar, F|100/100
|turn|1
|inactive|nonotheslap has 120 seconds left.
|
|t:|1779937347
|move|p1a: Rotom|Protect|p1a: Rotom
|-singleturn|p1a: Rotom|Protect
|move|p2a: fart bomb|Misty Terrain|p2a: fart bomb
|-fieldstart|move: Misty Terrain
|
|upkeep
|turn|2
|inactive|nonotheslap has 120 seconds left.
|
|t:|1779937363
|move|p1a: Rotom|Hydro Pump|p2a: fart bomb
|-damage|p2a: fart bomb|43/100
|move|p2a: fart bomb|Dark Pulse|p1a: Rotom
|-damage|p1a: Rotom|85/100
|
|-heal|p1a: Rotom|91/100|[from] item: Leftovers
|upkeep
|turn|3
|inactive|nonotheslap has 120 seconds left.
|
|t:|1779937372
|move|p1a: Rotom|Thunderbolt|p2a: fart bomb
|-damage|p2a: fart bomb|0 fnt
|faint|p2a: fart bomb
|
|-heal|p1a: Rotom|97/100|[from] item: Leftovers
|upkeep
|
|t:|1779937384
|switch|p2a: deadweight nero|Ogerpon-Wellspring, F|100/100
|turn|4
|inactive|nonotheslap has 120 seconds left.
|inactive|nonotheslap has 90 seconds left.
|inactive|nonotheslap has 60 seconds left.
|
|t:|1779937464
|switch|p1a: Tornadus|Tornadus, M|100/100
|move|p2a: deadweight nero|Substitute|p2a: deadweight nero
|-start|p2a: deadweight nero|Substitute
|-damage|p2a: deadweight nero|76/100
|
|upkeep
|turn|5
|inactive|nonotheslap has 60 seconds left.
|
|t:|1779937476
|move|p1a: Tornadus|Tailwind|p1a: Tornadus
|-sidestart|p1: nonotheslap|move: Tailwind
|move|p2a: deadweight nero|Swords Dance|p2a: deadweight nero
|-boost|p2a: deadweight nero|atk|2
|
|-fieldend|Misty Terrain
|upkeep
|turn|6
|inactive|nonotheslap has 60 seconds left.
|
|t:|1779937489
|move|p1a: Tornadus|Taunt|p2a: deadweight nero
|-start|p2a: deadweight nero|move: Taunt
|cant|p2a: deadweight nero|move: Taunt|Swords Dance
|
|upkeep
|turn|7
|inactive|nonotheslap has 60 seconds left.
|
|t:|1779937504
|move|p1a: Tornadus|Rain Dance|p1a: Tornadus
|-weather|RainDance
|move|p2a: deadweight nero|Ivy Cudgel|p1a: Tornadus|[anim] Ivy Cudgel Water
|-damage|p1a: Tornadus|0 fnt
|faint|p1a: Tornadus
|
|-weather|RainDance|[upkeep]
|upkeep
|inactive|nonotheslap has 60 seconds left.
|
|t:|1779937512
|switch|p1a: Rotom|Rotom-Wash, shiny|97/100
|turn|8
|
|t:|1779937521
|move|p1a: Rotom|Protect|p1a: Rotom
|-singleturn|p1a: Rotom|Protect
|move|p2a: deadweight nero|Horn Leech|p1a: Rotom
|-activate|p1a: Rotom|move: Protect
|
|-weather|RainDance|[upkeep]
|-heal|p1a: Rotom|100/100|[from] item: Leftovers
|-end|p2a: deadweight nero|move: Taunt
|-sideend|p1: nonotheslap|move: Tailwind
|upkeep
|turn|9
|
|t:|1779937532
|move|p2a: deadweight nero|Swords Dance|p2a: deadweight nero
|-boost|p2a: deadweight nero|atk|2
|move|p1a: Rotom|Hydro Pump|p2a: deadweight nero
|-heal|p2a: deadweight nero|100/100|[from] ability: Water Absorb|[of] p1a: Rotom
|
|-weather|RainDance|[upkeep]
|upkeep
|turn|10
|inactive|nonotheslap has 60 seconds left.
|c|☆nonotheslap|Vergil give me the yamato
|
|t:|1779937558
|move|p2a: deadweight nero|Swords Dance|p2a: deadweight nero
|-boost|p2a: deadweight nero|atk|2
|move|p1a: Rotom|Thunderbolt|p2a: deadweight nero
|-end|p2a: deadweight nero|Substitute
|
|-weather|RainDance|[upkeep]
|upkeep
|turn|11
|
|t:|1779937568
|-terastallize|p2a: deadweight nero|Water
|detailschange|p2a: deadweight nero|Ogerpon-Wellspring-Tera, F, tera:Water
|-ability|p2a: deadweight nero|Embody Aspect (Wellspring)|boost
|-boost|p2a: deadweight nero|spd|1
|move|p2a: deadweight nero|Horn Leech|p1a: Rotom
|-supereffective|p1a: Rotom
|-damage|p1a: Rotom|0 fnt
|faint|p1a: Rotom
|
|-weather|none
|upkeep
|
|t:|1779937584
|switch|p1a: Incineroar|Incineroar, M|100/100
|-ability|p1a: Incineroar|Intimidate|boost
|-unboost|p2a: deadweight nero|atk|1
|turn|12
|
|t:|1779937590
|move|p2a: deadweight nero|Ivy Cudgel|p1a: Incineroar|[anim] Ivy Cudgel Water
|-supereffective|p1a: Incineroar
|-damage|p1a: Incineroar|0 fnt
|faint|p1a: Incineroar
|
|upkeep
|
|t:|1779937597
|switch|p1a: Kingambit|Kingambit, F, shiny|100/100
|turn|13
|
|t:|1779937604
|move|p1a: Kingambit|Sucker Punch|p2a: deadweight nero
|-damage|p2a: deadweight nero|35/100
|move|p2a: deadweight nero|Ivy Cudgel|p1a: Kingambit|[anim] Ivy Cudgel Water
|-damage|p1a: Kingambit|0 fnt
|faint|p1a: Kingambit
|
|upkeep
|
|t:|1779937612
|switch|p1a: Rillaboom|Rillaboom, M, shiny|100/100
|-fieldstart|move: Grassy Terrain|[from] ability: Grassy Surge|[of] p1a: Rillaboom
|turn|14
|inactive|nonotheslap has 60 seconds left.
|
|t:|1779937637
|move|p1a: Rillaboom|Fake Out|p2a: deadweight nero
|-damage|p2a: deadweight nero|14/100
|cant|p2a: deadweight nero|flinch
|
|-heal|p2a: deadweight nero|20/100|[from] Grassy Terrain
|upkeep
|turn|15
|inactive|nonotheslap has 60 seconds left.
|
|t:|1779937648
|switch|p2a: trans dog|Sylveon, M, shiny|100/100
|move|p1a: Rillaboom|Grassy Glide|p2a: trans dog
|-damage|p2a: trans dog|71/100
|
|-heal|p2a: trans dog|77/100|[from] Grassy Terrain
|-heal|p2a: trans dog|83/100|[from] item: Leftovers
|upkeep
|turn|16
|inactive|nonotheslap has 60 seconds left.
|
|t:|1779937664
|move|p1a: Rillaboom|Wood Hammer|p2a: trans dog
|-damage|p2a: trans dog|9/100
|-damage|p1a: Rillaboom|77/100|[from] Recoil
|move|p2a: trans dog|Hyper Voice|p1a: Rillaboom
|-damage|p1a: Rillaboom|48/100
|
|-heal|p1a: Rillaboom|54/100|[from] Grassy Terrain
|-heal|p2a: trans dog|15/100|[from] Grassy Terrain
|-heal|p2a: trans dog|21/100|[from] item: Leftovers
|upkeep
|turn|17
|inactive|nonotheslap has 60 seconds left.
|
|t:|1779937676
|move|p2a: trans dog|Protect|p2a: trans dog
|-singleturn|p2a: trans dog|Protect
|move|p1a: Rillaboom|Grassy Glide|p2a: trans dog
|-activate|p2a: trans dog|move: Protect
|
|-heal|p1a: Rillaboom|61/100|[from] Grassy Terrain
|-heal|p2a: trans dog|27/100|[from] Grassy Terrain
|-heal|p2a: trans dog|33/100|[from] item: Leftovers
|upkeep
|turn|18
|inactive|nonotheslap has 60 seconds left.
|
|t:|1779937687
|move|p1a: Rillaboom|Grassy Glide|p2a: trans dog
|-damage|p2a: trans dog|0 fnt
|faint|p2a: trans dog
|
|-heal|p1a: Rillaboom|67/100|[from] Grassy Terrain
|-fieldend|move: Grassy Terrain
|upkeep
|inactive|RealismisReal has 120 seconds left.
|
|t:|1779937699
|switch|p2a: Vergil|Gallade, M, shiny|100/100
|turn|19
|inactive|nonotheslap has 60 seconds left.
|inactive|RealismisReal has 120 seconds left.
|l|☆RealismisReal
|inactive|RealismisReal disconnected and has a minute to reconnect!
|player|p2|
|
|t:|1779937723
|move|p2a: Vergil|Substitute|p2a: Vergil
|-start|p2a: Vergil|Substitute
|-damage|p2a: Vergil|76/100
|move|p1a: Rillaboom|Grassy Glide|p2a: Vergil
|-end|p2a: Vergil|Substitute
|
|upkeep
|turn|20
|j|☆RealismisReal
|inactive|RealismisReal reconnected and has 130 seconds left.
|player|p2|RealismisReal|cyrus|
|inactive|RealismisReal has 120 seconds left.
|
|t:|1779937743
|move|p2a: Vergil|Substitute|p2a: Vergil
|-start|p2a: Vergil|Substitute
|-damage|p2a: Vergil|51/100
|move|p1a: Rillaboom|U-turn|p2a: Vergil
|-end|p2a: Vergil|Substitute
|
|t:|1779937749
|switch|p1a: Garchomp|Garchomp, F, shiny|100/100|[from] U-turn
|
|upkeep
|turn|21
|
|t:|1779937757
|move|p1a: Garchomp|Earthquake|p2a: Vergil
|-damage|p2a: Vergil|0 fnt
|faint|p2a: Vergil
|
|upkeep
|
|t:|1779937763
|switch|p2a: sonion|Darkrai|100/100
|turn|22
|c|☆nonotheslap|Dante is better
|inactive|nonotheslap has 60 seconds left.
|
|t:|1779937789
|move|p1a: Garchomp|Protect|p1a: Garchomp
|-singleturn|p1a: Garchomp|Protect
|move|p2a: sonion|Dark Pulse|p1a: Garchomp
|-activate|p1a: Garchomp|move: Protect
|
|upkeep
|turn|23
|
|t:|1779937800
|-terastallize|p1a: Garchomp|Dragon
|move|p2a: sonion|Dark Pulse|p1a: Garchomp
|-damage|p1a: Garchomp|34/100
|-damage|p2a: sonion|91/100|[from] item: Life Orb
|move|p1a: Garchomp|Dragon Claw|p2a: sonion
|-damage|p2a: sonion|20/100
|
|upkeep
|turn|24
|
|t:|1779937814
|move|p1a: Garchomp|Protect|p1a: Garchomp
|-singleturn|p1a: Garchomp|Protect
|move|p2a: sonion|Dark Pulse|p1a: Garchomp
|-activate|p1a: Garchomp|move: Protect
|
|upkeep
|turn|25
|
|t:|1779937829
|switch|p2a: i am a robot|Magnezone, shiny|100/100
|switch|p1a: Rillaboom|Rillaboom, M, shiny|67/100
|-fieldstart|move: Grassy Terrain|[from] ability: Grassy Surge|[of] p1a: Rillaboom
|
|-heal|p1a: Rillaboom|73/100|[from] Grassy Terrain
|upkeep
|turn|26
|inactive|RealismisReal has 120 seconds left.
|
|t:|1779937858
|move|p1a: Rillaboom|Fake Out|p2a: i am a robot
|-resisted|p2a: i am a robot
|-damage|p2a: i am a robot|92/100
|-damage|p1a: Rillaboom|56/100|[from] item: Rocky Helmet|[of] p2a: i am a robot
|cant|p2a: i am a robot|flinch
|
|-heal|p2a: i am a robot|98/100|[from] Grassy Terrain
|-heal|p1a: Rillaboom|63/100|[from] Grassy Terrain
|upkeep
|turn|27
|c|☆nonotheslap|Son imcrine
|
|t:|1779937872
|move|p1a: Rillaboom|Grassy Glide|p2a: i am a robot
|-resisted|p2a: i am a robot
|-damage|p2a: i am a robot|76/100
|-damage|p1a: Rillaboom|46/100|[from] item: Rocky Helmet|[of] p2a: i am a robot
|move|p2a: i am a robot|Flash Cannon|p1a: Rillaboom
|-damage|p1a: Rillaboom|14/100
|
|-heal|p2a: i am a robot|82/100|[from] Grassy Terrain
|-heal|p1a: Rillaboom|20/100|[from] Grassy Terrain
|upkeep
|turn|28
|
|t:|1779937892
|move|p2a: i am a robot|Body Press|p1a: Rillaboom
|-damage|p1a: Rillaboom|0 fnt
|faint|p1a: Rillaboom
|
|-heal|p2a: i am a robot|88/100|[from] Grassy Terrain
|upkeep
|
|t:|1779937898
|switch|p1a: Garchomp|Garchomp, F, shiny, tera:Dragon|34/100
|turn|29
|
|t:|1779937918
|move|p1a: Garchomp|Protect|p1a: Garchomp
|-singleturn|p1a: Garchomp|Protect
|move|p2a: i am a robot|Flash Cannon|p1a: Garchomp
|-activate|p1a: Garchomp|move: Protect
|
|-heal|p1a: Garchomp|40/100|[from] Grassy Terrain
|-heal|p2a: i am a robot|94/100|[from] Grassy Terrain
|-fieldend|move: Grassy Terrain
|upkeep
|turn|30
|
|t:|1779937929
|move|p1a: Garchomp|Earthquake|p2a: i am a robot
|-supereffective|p2a: i am a robot
|-damage|p2a: i am a robot|0 fnt
|faint|p2a: i am a robot
|
|upkeep
|
|t:|1779937935
|switch|p2a: sonion|Darkrai|20/100
|turn|31
|
|t:|1779937943
|move|p2a: sonion|Sludge Bomb|p1a: Garchomp
|-damage|p1a: Garchomp|0 fnt
|faint|p1a: Garchomp
|-damage|p2a: sonion|10/100|[from] item: Life Orb
|
|win|RealismisReal
|raw|nonotheslap's rating: 1044 &rarr; <strong>1028</strong><br />(-16 for losing)
|raw|RealismisReal's rating: 1066 &rarr; <strong>1094</strong><br />(+28 for winning)
