|j|☆tinyp
|j|☆wassou21
|t:|1779820175
|gametype|singles
|player|p1|tinyp|265|1354
|player|p2|wassou21|red|1384
|gen|9
|tier|[Gen 9] OU
|rated|
|rule|HP Percentage Mod: HP is shown in percentages
|rule|Endless Battle Clause: Forcing endless battles is banned
|rule|Species Clause: Limit one of each Pokémon
|rule|OHKO Clause: OHKO moves are banned
|rule|Evasion Items Clause: Evasion items are banned
|rule|Evasion Moves Clause: Evasion moves are banned
|rule|Evasion Abilities Clause: Evasion abilities are banned
|rule|Sleep Moves Clause: Sleep-inducing moves are banned
|clearpoke
|poke|p1|Great Tusk|
|poke|p1|Pecharunt|
|poke|p1|Iron Valiant|
|poke|p1|Iron Crown|
|poke|p1|Samurott-Hisui, M|
|poke|p1|Dragonite, M|
|poke|p2|Araquanid, M|
|poke|p2|Cinderace, M|
|poke|p2|Serperior, M|
|poke|p2|Comfey, F|
|poke|p2|Dragapult, F|
|poke|p2|Bisharp, F|
|teampreview
|
|t:|1779820186
|teamsize|p1|6
|teamsize|p2|6
|start
|switch|p1a: Great Tusk|Great Tusk, shiny|100/100
|switch|p2a: Araquanid|Araquanid, M|100/100
|turn|1
|
|t:|1779820193
|-terastallize|p1a: Great Tusk|Ice
|move|p1a: Great Tusk|Stealth Rock|p2a: Araquanid
|-sidestart|p2: wassou21|move: Stealth Rock
|move|p2a: Araquanid|Surf|p1a: Great Tusk
|-damage|p1a: Great Tusk|22/100
|
|upkeep
|turn|2
|
|t:|1779820203
|-end|p1a: Great Tusk|Protosynthesis|[silent]
|switch|p1a: Iron Crown|Iron Crown|100/100
|move|p2a: Araquanid|Surf|p1a: Iron Crown
|-damage|p1a: Iron Crown|67/100
|
|upkeep
|turn|3
|
|t:|1779820210
|move|p1a: Iron Crown|Future Sight|p2a: Araquanid
|-start|p1a: Iron Crown|move: Future Sight
|move|p2a: Araquanid|Surf|p1a: Iron Crown
|-damage|p1a: Iron Crown|33/100
|
|upkeep
|turn|4
|
|t:|1779820216
|move|p1a: Iron Crown|Volt Switch|p2a: Araquanid
|-supereffective|p2a: Araquanid
|-damage|p2a: Araquanid|63/100
|
|t:|1779820221
|-end|p1a: Iron Crown|Quark Drive|[silent]
|switch|p1a: Iron Valiant|Iron Valiant, shiny|100/100|[from] Volt Switch
|move|p2a: Araquanid|Mirror Coat|p1a: Iron Valiant
|-damage|p1a: Iron Valiant|12/100
|
|upkeep
|turn|5
|
|t:|1779820229
|move|p1a: Iron Valiant|Thunderbolt|p2a: Araquanid
|-supereffective|p2a: Araquanid
|-damage|p2a: Araquanid|0 fnt
|faint|p2a: Araquanid
|
|-hint|Future Sight did not hit because the target is fainted.
|upkeep
|
|t:|1779820237
|switch|p2a: Comfey|Comfey, F|100/100
|-damage|p2a: Comfey|88/100|[from] Stealth Rock
|turn|6
|
|t:|1779820242
|-end|p1a: Iron Valiant|Quark Drive|[silent]
|switch|p1a: Pecharunt|Pecharunt|100/100
|move|p2a: Comfey|Draining Kiss|p1a: Pecharunt
|-resisted|p1a: Pecharunt
|-damage|p1a: Pecharunt|91/100
|-heal|p2a: Comfey|97/100|[from] drain|[of] p1a: Pecharunt
|-damage|p2a: Comfey|81/100|[from] item: Rocky Helmet|[of] p1a: Pecharunt
|
|-heal|p2a: Comfey|87/100|[from] item: Leftovers
|upkeep
|turn|7
|
|t:|1779820253
|switch|p2a: Bisharp|Bisharp, F|100/100
|-damage|p2a: Bisharp|94/100|[from] Stealth Rock
|move|p1a: Pecharunt|Parting Shot|p2a: Bisharp
|-unboost|p2a: Bisharp|atk|1
|-ability|p2a: Bisharp|Defiant|boost
|-boost|p2a: Bisharp|atk|2
|-unboost|p2a: Bisharp|spa|1
|-ability|p2a: Bisharp|Defiant|boost
|-boost|p2a: Bisharp|atk|2
|
|t:|1779820263
|switch|p1a: Iron Valiant|Iron Valiant, shiny|12/100|[from] Parting Shot
|
|upkeep
|turn|8
|
|t:|1779820272
|move|p1a: Iron Valiant|Vacuum Wave|p2a: Bisharp
|-supereffective|p2a: Bisharp
|-damage|p2a: Bisharp|0 fnt
|faint|p2a: Bisharp
|
|upkeep
|
|t:|1779820279
|switch|p2a: Comfey|Comfey, F|87/100
|-damage|p2a: Comfey|74/100|[from] Stealth Rock
|turn|9
|
|t:|1779820285
|-end|p1a: Iron Valiant|Quark Drive|[silent]
|switch|p1a: Pecharunt|Pecharunt|91/100
|switch|p2a: Cinderace|Cinderace, M|100/100
|
|upkeep
|turn|10
|
|t:|1779820292
|move|p2a: Cinderace|Court Change|p2a: Cinderace
|-start|p2a: Cinderace|typechange|Normal|[from] ability: Libero
|-swapsideconditions
|-activate|p2a: Cinderace|move: Court Change
|move|p1a: Pecharunt|Malignant Chain|p2a: Cinderace
|-damage|p2a: Cinderace|53/100
|
|upkeep
|turn|11
|
|t:|1779820304
|move|p2a: Cinderace|Pyro Ball|p1a: Pecharunt
|-damage|p1a: Pecharunt|72/100
|move|p1a: Pecharunt|Malignant Chain|p2a: Cinderace
|-damage|p2a: Cinderace|11/100
|-status|p2a: Cinderace|tox
|-start|p2a: Cinderace|confusion|[from] ability: Poison Puppeteer|[of] p1a: Pecharunt
|
|-damage|p2a: Cinderace|5/100 tox|[from] psn
|upkeep
|turn|12
|
|t:|1779820315
|-activate|p2a: Cinderace|confusion
|move|p2a: Cinderace|Will-O-Wisp|p1a: Pecharunt
|-status|p1a: Pecharunt|brn
|move|p1a: Pecharunt|Recover|p1a: Pecharunt
|-heal|p1a: Pecharunt|100/100 brn
|
|-damage|p2a: Cinderace|0 fnt|[from] psn
|faint|p2a: Cinderace
|-damage|p1a: Pecharunt|94/100 brn|[from] brn
|upkeep
|
|t:|1779820323
|switch|p2a: Dragapult|Dragapult, F|100/100
|turn|13
|
|t:|1779820334
|switch|p1a: Samurott|Samurott-Hisui, M, shiny|100/100
|-damage|p1a: Samurott|88/100|[from] Stealth Rock
|move|p2a: Dragapult|Flamethrower|p1a: Samurott
|-resisted|p1a: Samurott
|-damage|p1a: Samurott|64/100
|-damage|p2a: Dragapult|91/100|[from] item: Life Orb
|
|upkeep
|turn|14
|
|t:|1779820343
|move|p2a: Dragapult|Thunderbolt|p1a: Samurott
|-supereffective|p1a: Samurott
|-damage|p1a: Samurott|0 fnt
|faint|p1a: Samurott
|-damage|p2a: Dragapult|81/100|[from] item: Life Orb
|
|upkeep
|
|t:|1779820354
|switch|p1a: Dragonite|Dragonite, M, shiny|100/100
|turn|15
|
|t:|1779820383
|move|p2a: Dragapult|Dragon Darts|p1a: Dragonite
|-supereffective|p1a: Dragonite
|-damage|p1a: Dragonite|72/100
|-anim|p2a: Dragapult|Dragon Darts|p1a: Dragonite
|-supereffective|p1a: Dragonite
|-damage|p1a: Dragonite|14/100
|-damage|p2a: Dragapult|71/100|[from] item: Life Orb
|move|p1a: Dragonite|Ice Spinner|p2a: Dragapult
|-supereffective|p2a: Dragapult
|-damage|p2a: Dragapult|0 fnt
|faint|p2a: Dragapult
|
|upkeep
|
|t:|1779820391
|switch|p2a: Comfey|Comfey, F|74/100
|turn|16
|
|t:|1779820404
|switch|p1a: Iron Crown|Iron Crown|33/100
|-damage|p1a: Iron Crown|27/100|[from] Stealth Rock
|move|p2a: Comfey|Draining Kiss|p1a: Iron Crown
|-resisted|p1a: Iron Crown
|-damage|p1a: Iron Crown|19/100
|-heal|p2a: Comfey|80/100|[from] drain|[of] p1a: Iron Crown
|
|-heal|p2a: Comfey|86/100|[from] item: Leftovers
|upkeep
|turn|17
|
|t:|1779820421
|-terastallize|p2a: Comfey|Water
|move|p1a: Iron Crown|Future Sight|p2a: Comfey
|-start|p1a: Iron Crown|move: Future Sight
|move|p2a: Comfey|Leech Seed|p1a: Iron Crown
|-start|p1a: Iron Crown|move: Leech Seed
|
|-heal|p2a: Comfey|92/100|[from] item: Leftovers
|-damage|p1a: Iron Crown|7/100|[from] Leech Seed|[of] p2a: Comfey
|-heal|p2a: Comfey|100/100|[silent]
|upkeep
|turn|18
|
|t:|1779820431
|move|p2a: Comfey|Draining Kiss|p1a: Iron Crown
|-resisted|p1a: Iron Crown
|-damage|p1a: Iron Crown|0 fnt
|faint|p1a: Iron Crown
|-end|p1a: Iron Crown|Quark Drive|[silent]
|
|upkeep
|
|t:|1779820438
|switch|p1a: Pecharunt|Pecharunt|94/100 brn
|-damage|p1a: Pecharunt|82/100 brn|[from] Stealth Rock
|turn|19
|
|t:|1779820444
|move|p2a: Comfey|Leech Seed|p1a: Pecharunt
|-start|p1a: Pecharunt|move: Leech Seed
|move|p1a: Pecharunt|Malignant Chain|p2a: Comfey
|-damage|p2a: Comfey|70/100
|-status|p2a: Comfey|tox
|-start|p2a: Comfey|confusion|[from] ability: Poison Puppeteer|[of] p1a: Pecharunt
|
|-end|p2a: Comfey|move: Future Sight
|-damage|p2a: Comfey|7/100 tox
|-heal|p2a: Comfey|13/100 tox|[from] item: Leftovers
|-damage|p1a: Pecharunt|70/100 brn|[from] Leech Seed|[of] p2a: Comfey
|-heal|p2a: Comfey|29/100 tox|[silent]
|-damage|p2a: Comfey|23/100 tox|[from] psn
|-damage|p1a: Pecharunt|64/100 brn|[from] brn
|upkeep
|turn|20
|
|t:|1779820461
|-activate|p2a: Comfey|confusion
|move|p2a: Comfey|Draining Kiss|p1a: Pecharunt
|-resisted|p1a: Pecharunt
|-damage|p1a: Pecharunt|54/100 brn
|-heal|p2a: Comfey|32/100 tox|[from] drain|[of] p1a: Pecharunt
|-damage|p2a: Comfey|16/100 tox|[from] item: Rocky Helmet|[of] p1a: Pecharunt
|move|p1a: Pecharunt|Recover|p1a: Pecharunt
|-heal|p1a: Pecharunt|100/100 brn
|
|-heal|p2a: Comfey|22/100 tox|[from] item: Leftovers
|-damage|p1a: Pecharunt|88/100 brn|[from] Leech Seed|[of] p2a: Comfey
|-heal|p2a: Comfey|37/100 tox|[silent]
|-damage|p2a: Comfey|25/100 tox|[from] psn
|-damage|p1a: Pecharunt|82/100 brn|[from] brn
|upkeep
|turn|21
|
|t:|1779820476
|-activate|p2a: Comfey|confusion
|-damage|p2a: Comfey|21/100 tox|[from] confusion
|move|p1a: Pecharunt|Parting Shot|p2a: Comfey
|-unboost|p2a: Comfey|atk|1
|-unboost|p2a: Comfey|spa|1
|
|t:|1779820483
|switch|p1a: Dragonite|Dragonite, M, shiny|14/100|[from] Parting Shot
|
|-heal|p2a: Comfey|27/100 tox|[from] item: Leftovers
|-damage|p2a: Comfey|9/100 tox|[from] psn
|upkeep
|turn|22
|
|t:|1779820492
|-activate|p2a: Comfey|confusion
|move|p2a: Comfey|Draining Kiss|p1a: Dragonite
|-supereffective|p1a: Dragonite
|-damage|p1a: Dragonite|0 fnt
|-heal|p2a: Comfey|20/100 tox|[from] drain|[of] p1a: Dragonite
|faint|p1a: Dragonite
|
|-heal|p2a: Comfey|26/100 tox|[from] item: Leftovers
|-damage|p2a: Comfey|2/100 tox|[from] psn
|upkeep
|
|t:|1779820504
|switch|p1a: Pecharunt|Pecharunt|82/100 brn
|-damage|p1a: Pecharunt|70/100 brn|[from] Stealth Rock
|turn|23
|
|t:|1779820509
|-end|p2a: Comfey|confusion
|move|p2a: Comfey|Leech Seed|p1a: Pecharunt
|-start|p1a: Pecharunt|move: Leech Seed
|move|p1a: Pecharunt|Malignant Chain|p2a: Comfey
|-damage|p2a: Comfey|0 fnt
|faint|p2a: Comfey
|
|-damage|p1a: Pecharunt|64/100 brn|[from] brn
|upkeep
|
|t:|1779820516
|switch|p2a: Serperior|Serperior, M|100/100
|turn|24
|
|t:|1779820522
|move|p2a: Serperior|Substitute|p2a: Serperior
|-start|p2a: Serperior|Substitute
|-damage|p2a: Serperior|76/100
|move|p1a: Pecharunt|Malignant Chain|p2a: Serperior
|-supereffective|p2a: Serperior
|-end|p2a: Serperior|Substitute
|
|-heal|p2a: Serperior|82/100|[from] item: Leftovers
|-damage|p1a: Pecharunt|51/100 brn|[from] Leech Seed|[of] p2a: Serperior
|-heal|p2a: Serperior|98/100|[silent]
|-damage|p1a: Pecharunt|45/100 brn|[from] brn
|upkeep
|turn|25
|
|t:|1779820551
|move|p2a: Serperior|Substitute|p2a: Serperior
|-start|p2a: Serperior|Substitute
|-damage|p2a: Serperior|73/100
|move|p1a: Pecharunt|Malignant Chain|p2a: Serperior
|-supereffective|p2a: Serperior
|-end|p2a: Serperior|Substitute
|
|-heal|p2a: Serperior|80/100|[from] item: Leftovers
|-damage|p1a: Pecharunt|33/100 brn|[from] Leech Seed|[of] p2a: Serperior
|-heal|p2a: Serperior|96/100|[silent]
|-damage|p1a: Pecharunt|27/100 brn|[from] brn
|upkeep
|turn|26
|
|t:|1779820563
|move|p2a: Serperior|Substitute|p2a: Serperior
|-start|p2a: Serperior|Substitute
|-damage|p2a: Serperior|71/100
|move|p1a: Pecharunt|Malignant Chain|p2a: Serperior
|-supereffective|p2a: Serperior
|-end|p2a: Serperior|Substitute
|
|-heal|p2a: Serperior|77/100|[from] item: Leftovers
|-damage|p1a: Pecharunt|14/100 brn|[from] Leech Seed|[of] p2a: Serperior
|-heal|p2a: Serperior|93/100|[silent]
|-damage|p1a: Pecharunt|8/100 brn|[from] brn
|upkeep
|turn|27
|
|t:|1779820576
|move|p2a: Serperior|Substitute|p2a: Serperior
|-start|p2a: Serperior|Substitute
|-damage|p2a: Serperior|69/100
|move|p1a: Pecharunt|Recover|p1a: Pecharunt
|-heal|p1a: Pecharunt|58/100 brn
|
|-heal|p2a: Serperior|75/100|[from] item: Leftovers
|-damage|p1a: Pecharunt|46/100 brn|[from] Leech Seed|[of] p2a: Serperior
|-heal|p2a: Serperior|91/100|[silent]
|-damage|p1a: Pecharunt|40/100 brn|[from] brn
|upkeep
|turn|28
|
|t:|1779820586
|move|p2a: Serperior|Leaf Storm|p1a: Pecharunt
|-resisted|p1a: Pecharunt
|-damage|p1a: Pecharunt|16/100 brn
|-boost|p2a: Serperior|spa|2
|move|p1a: Pecharunt|Recover|p1a: Pecharunt
|-heal|p1a: Pecharunt|66/100 brn
|
|-heal|p2a: Serperior|97/100|[from] item: Leftovers
|-damage|p1a: Pecharunt|53/100 brn|[from] Leech Seed|[of] p2a: Serperior
|-heal|p2a: Serperior|100/100|[silent]
|-damage|p1a: Pecharunt|47/100 brn|[from] brn
|upkeep
|turn|29
|
|t:|1779820599
|move|p2a: Serperior|Leaf Storm|p1a: Pecharunt
|-resisted|p1a: Pecharunt
|-damage|p1a: Pecharunt|3/100 brn
|-boost|p2a: Serperior|spa|2
|move|p1a: Pecharunt|Parting Shot|p2a: Serperior
|-boost|p2a: Serperior|atk|1
|-boost|p2a: Serperior|spa|1
|-message|tinyp forfeited.
|
|win|wassou21
|raw|tinyp's rating: 1354 &rarr; <strong>1336</strong><br />(-18 for losing)
|raw|wassou21's rating: 1384 &rarr; <strong>1402</strong><br />(+18 for winning)
|l|☆tinyp
|player|p1|
|l|☆wassou21
|player|p2|
