|j|☆imnotfat100000kg
|j|☆Pelogrulla72
|t:|1779803831
|gametype|singles
|player|p1|imnotfat100000kg|pokekid|1143
|player|p2|Pelogrulla72|erika|1152
|gen|9
|tier|[Gen 9] OU
|rated|
|rule|HP Percentage Mod: HP is shown in percentages
|rule|Endless Battle Clause: Forcing endless battles is banned
|rule|Species Clause: Limit one of each Pokémon
|rule|OHKO Clause: OHKO moves are banned
|rule|Evasion Items Clause: Evasion items are banned
|rule|Evasion Moves Clause: Evasion moves are banned
|rule|Evasion Abilities Clause: Evasion abilities are banned
|rule|Sleep Moves Clause: Sleep-inducing moves are banned
|clearpoke
|poke|p1|Regieleki|
|poke|p1|Ting-Lu|
|poke|p1|Slowbro-Galar, F|
|poke|p1|Iron Hands|
|poke|p1|Goodra-Hisui, M|
|poke|p1|Hatterene, F|
|poke|p2|Ursaluna, F|
|poke|p2|Ambipom, M|
|poke|p2|Arbok, M|
|poke|p2|Lokix, F|
|poke|p2|Polteageist-Antique|
|poke|p2|Cinderace, M|
|teampreview
|inactive|Battle timer is ON: inactive players will automatically lose when time's up. (requested by Pelogrulla72)
|
|t:|1779803849
|teamsize|p1|6
|teamsize|p2|6
|start
|switch|p1a: Hatterene|Hatterene, F, shiny|100/100
|switch|p2a: Lil Netanyahu|Polteageist-Antique|100/100
|turn|1
|
|t:|1779803858
|move|p2a: Lil Netanyahu|Shell Smash|p2a: Lil Netanyahu
|-unboost|p2a: Lil Netanyahu|def|1
|-unboost|p2a: Lil Netanyahu|spd|1
|-boost|p2a: Lil Netanyahu|atk|2
|-boost|p2a: Lil Netanyahu|spa|2
|-boost|p2a: Lil Netanyahu|spe|2
|move|p1a: Hatterene|Trick Room|p1a: Hatterene
|-fieldstart|move: Trick Room|[of] p1a: Hatterene
|
|upkeep
|turn|2
|inactive|Pelogrulla72 has 120 seconds left.
|
|t:|1779803889
|move|p1a: Hatterene|Psychic|p2a: Lil Netanyahu
|-damage|p2a: Lil Netanyahu|20/100
|move|p2a: Lil Netanyahu|Shadow Ball|p1a: Hatterene
|-supereffective|p1a: Hatterene
|-enditem|p1a: Hatterene|Focus Sash
|-damage|p1a: Hatterene|1/100
|
|upkeep
|turn|3
|
|t:|1779803899
|move|p1a: Hatterene|Psychic|p2a: Lil Netanyahu
|-damage|p2a: Lil Netanyahu|0 fnt
|faint|p2a: Lil Netanyahu
|
|upkeep
|
|t:|1779803902
|switch|p2a: Ursaking|Ursaluna, F, shiny|100/100
|turn|4
|
|t:|1779803913
|move|p1a: Hatterene|Psychic|p2a: Ursaking
|-damage|p2a: Ursaking|59/100
|move|p2a: Ursaking|Swords Dance|p2a: Ursaking
|-boost|p2a: Ursaking|atk|2
|
|-status|p2a: Ursaking|brn|[from] item: Flame Orb
|upkeep
|turn|5
|
|t:|1779803922
|move|p1a: Hatterene|Psychic|p2a: Ursaking
|-damage|p2a: Ursaking|15/100 brn
|move|p2a: Ursaking|Trailblaze|p1a: Hatterene
|-damage|p1a: Hatterene|0 fnt
|-boost|p2a: Ursaking|spe|1
|faint|p1a: Hatterene
|
|-damage|p2a: Ursaking|9/100 brn|[from] brn
|-fieldend|move: Trick Room
|upkeep
|
|t:|1779803934
|switch|p1a: Ting-Lu|Ting-Lu, shiny|100/100
|-ability|p1a: Ting-Lu|Vessel of Ruin
|turn|6
|
|t:|1779803940
|move|p2a: Ursaking|Facade|p1a: Ting-Lu
|-damage|p1a: Ting-Lu|0 fnt
|faint|p1a: Ting-Lu
|
|-damage|p2a: Ursaking|3/100 brn|[from] brn
|upkeep
|
|t:|1779803947
|switch|p1a: Iron Hands|Iron Hands, shiny|100/100
|-enditem|p1a: Iron Hands|Booster Energy
|-activate|p1a: Iron Hands|ability: Quark Drive|[fromitem]
|-start|p1a: Iron Hands|quarkdriveatk
|turn|7
|
|t:|1779803953
|move|p2a: Ursaking|High Horsepower|p1a: Iron Hands
|-supereffective|p1a: Iron Hands
|-damage|p1a: Iron Hands|0 fnt
|faint|p1a: Iron Hands
|-end|p1a: Iron Hands|Quark Drive|[silent]
|
|-damage|p2a: Ursaking|0 fnt|[from] brn
|faint|p2a: Ursaking
|upkeep
|
|t:|1779803964
|switch|p1a: Slowbro|Slowbro-Galar, F, shiny|100/100
|switch|p2a: Teto pear 31|Arbok, M, shiny|100/100
|-ability|p2a: Teto pear 31|Intimidate|boost
|-unboost|p1a: Slowbro|atk|1
|turn|8
|-activate|p1a: Slowbro|ability: Quick Draw
|
|t:|1779803973
|-terastallize|p2a: Teto pear 31|Ground
|move|p1a: Slowbro|Psychic|p2a: Teto pear 31
|-damage|p2a: Teto pear 31|52/100
|move|p2a: Teto pear 31|Coil|p2a: Teto pear 31
|-boost|p2a: Teto pear 31|atk|1
|-boost|p2a: Teto pear 31|def|1
|-boost|p2a: Teto pear 31|accuracy|1
|
|-heal|p2a: Teto pear 31|58/100|[from] item: Leftovers
|upkeep
|turn|9
|-activate|p1a: Slowbro|ability: Quick Draw
|
|t:|1779803987
|move|p1a: Slowbro|Psychic|p2a: Teto pear 31
|-damage|p2a: Teto pear 31|11/100
|move|p2a: Teto pear 31|Earthquake|p1a: Slowbro
|-supereffective|p1a: Slowbro
|-damage|p1a: Slowbro|0 fnt
|faint|p1a: Slowbro
|
|-heal|p2a: Teto pear 31|18/100|[from] item: Leftovers
|upkeep
|
|t:|1779803996
|switch|p1a: Goodra|Goodra-Hisui, M, shiny|100/100
|turn|10
|
|t:|1779804003
|move|p2a: Teto pear 31|Earthquake|p1a: Goodra
|-supereffective|p1a: Goodra
|-damage|p1a: Goodra|0 fnt
|faint|p1a: Goodra
|
|-heal|p2a: Teto pear 31|24/100|[from] item: Leftovers
|upkeep
|
|t:|1779804009
|switch|p1a: Regieleki|Regieleki|100/100
|turn|11
|
|t:|1779804013
|move|p1a: Regieleki|Extreme Speed|p2a: Teto pear 31
|-damage|p2a: Teto pear 31|0 fnt
|faint|p2a: Teto pear 31
|-damage|p1a: Regieleki|91/100|[from] item: Life Orb
|
|upkeep
|
|t:|1779804015
|switch|p2a: Mr blue sky|Ambipom, M|100/100
|turn|12
|
|t:|1779804023
|move|p2a: Mr blue sky|Fake Out|p1a: Regieleki
|-damage|p1a: Regieleki|39/100
|cant|p1a: Regieleki|flinch
|
|upkeep
|turn|13
|
|t:|1779804028
|switch|p2a: Pau Palacín|Cinderace, M, shiny|100/100
|move|p1a: Regieleki|Thunderbolt|p2a: Pau Palacín
|-damage|p2a: Pau Palacín|0 fnt
|faint|p2a: Pau Palacín
|-damage|p1a: Regieleki|29/100|[from] item: Life Orb
|
|upkeep
|
|t:|1779804033
|switch|p2a: Mr blue sky|Ambipom, M|100/100
|turn|14
|
|t:|1779804037
|move|p2a: Mr blue sky|Fake Out|p1a: Regieleki
|-damage|p1a: Regieleki|0 fnt
|faint|p1a: Regieleki
|
|win|Pelogrulla72
|raw|imnotfat100000kg's rating: 1143 &rarr; <strong>1119</strong><br />(-24 for losing)
|raw|Pelogrulla72's rating: 1152 &rarr; <strong>1176</strong><br />(+24 for winning)
|l|☆Pelogrulla72
|player|p2|
|l|☆imnotfat100000kg
|player|p1|
