|j|☆onlyvoss
|j|☆The Great Swede
|t:|1779904413
|gametype|singles
|player|p1|onlyvoss|266|1188
|player|p2|The Great Swede|1|1216
|gen|9
|tier|[Gen 9] OU
|rated|
|rule|HP Percentage Mod: HP is shown in percentages
|rule|Endless Battle Clause: Forcing endless battles is banned
|rule|Species Clause: Limit one of each Pokémon
|rule|OHKO Clause: OHKO moves are banned
|rule|Evasion Items Clause: Evasion items are banned
|rule|Evasion Moves Clause: Evasion moves are banned
|rule|Evasion Abilities Clause: Evasion abilities are banned
|rule|Sleep Moves Clause: Sleep-inducing moves are banned
|clearpoke
|poke|p1|Tyranitar, M|
|poke|p1|Alomomola, F|
|poke|p1|Skeledirge, M|
|poke|p1|Rotom-Wash|
|poke|p1|Cryogonal|
|poke|p1|Garganacl, F|
|poke|p2|Chansey, F|
|poke|p2|Toxapex, M|
|poke|p2|Azumarill, M|
|poke|p2|Hawlucha, F|
|poke|p2|Landorus-Therian, M|
|poke|p2|Regieleki|
|teampreview
|inactive|Battle timer is ON: inactive players will automatically lose when time's up. (requested by The Great Swede)
|
|t:|1779904424
|teamsize|p1|6
|teamsize|p2|6
|start
|switch|p1a: Rotom|Rotom-Wash, shiny|100/100
|switch|p2a: Chansey|Chansey, F|100/100
|turn|1
|
|t:|1779904439
|switch|p1a: Alomomola|Alomomola, F|100/100
|move|p2a: Chansey|Stealth Rock|p1a: Alomomola
|-sidestart|p1: onlyvoss|move: Stealth Rock
|
|upkeep
|turn|2
|
|t:|1779904461
|switch|p1a: Cryogonal|Cryogonal|100/100
|switch|p2a: Azumarill|Azumarill, M|100/100
|
|upkeep
|turn|3
|
|t:|1779904470
|move|p1a: Cryogonal|Haze|p1a: Cryogonal
|-clearallboost
|move|p2a: Azumarill|Belly Drum|p2a: Azumarill
|-damage|p2a: Azumarill|50/100
|-setboost|p2a: Azumarill|atk|6|[from] move: Belly Drum
|-enditem|p2a: Azumarill|Sitrus Berry|[eat]
|-heal|p2a: Azumarill|75/100|[from] item: Sitrus Berry
|
|upkeep
|turn|4
|
|t:|1779904479
|move|p2a: Azumarill|Aqua Jet|p1a: Cryogonal
|-damage|p1a: Cryogonal|0 fnt
|faint|p1a: Cryogonal
|
|upkeep
|
|t:|1779904488
|switch|p1a: Skeledirge|Skeledirge, M|100/100
|-damage|p1a: Skeledirge|75/100|[from] Stealth Rock
|turn|5
|
|t:|1779904491
|-terastallize|p1a: Skeledirge|Flying
|move|p2a: Azumarill|Aqua Jet|p1a: Skeledirge
|-damage|p1a: Skeledirge|59/100
|move|p1a: Skeledirge|Will-O-Wisp|p2a: Azumarill
|-status|p2a: Azumarill|brn
|
|-heal|p1a: Skeledirge|65/100|[from] item: Leftovers
|-damage|p2a: Azumarill|69/100 brn|[from] brn
|upkeep
|turn|6
|
|t:|1779904502
|move|p2a: Azumarill|Knock Off|p1a: Skeledirge
|-damage|p1a: Skeledirge|52/100
|-enditem|p1a: Skeledirge|Leftovers|[from] move: Knock Off|[of] p2a: Azumarill
|move|p1a: Skeledirge|Slack Off|p1a: Skeledirge
|-heal|p1a: Skeledirge|100/100
|
|-damage|p2a: Azumarill|63/100 brn|[from] brn
|upkeep
|turn|7
|
|t:|1779904520
|-terastallize|p2a: Azumarill|Water
|move|p2a: Azumarill|Aqua Jet|p1a: Skeledirge
|-damage|p1a: Skeledirge|90/100
|move|p1a: Skeledirge|Hex|p2a: Azumarill
|-damage|p2a: Azumarill|10/100 brn
|
|-damage|p2a: Azumarill|4/100 brn|[from] brn
|upkeep
|turn|8
|
|t:|1779904530
|move|p2a: Azumarill|Play Rough|p1a: Skeledirge
|-damage|p1a: Skeledirge|73/100
|move|p1a: Skeledirge|Torch Song|p2a: Azumarill
|-resisted|p2a: Azumarill
|-damage|p2a: Azumarill|0 fnt
|-boost|p1a: Skeledirge|spa|1
|faint|p2a: Azumarill
|
|upkeep
|
|t:|1779904538
|switch|p2a: Regieleki|Regieleki|100/100
|turn|9
|
|t:|1779904544
|switch|p1a: Tyranitar|Tyranitar, M|100/100
|-damage|p1a: Tyranitar|88/100|[from] Stealth Rock
|-weather|Sandstorm|[from] ability: Sand Stream|[of] p1a: Tyranitar
|move|p2a: Regieleki|Thunderbolt|p1a: Tyranitar
|-damage|p1a: Tyranitar|69/100
|
|-weather|Sandstorm|[upkeep]
|-damage|p2a: Regieleki|95/100|[from] Sandstorm
|upkeep
|turn|10
|
|t:|1779904561
|switch|p2a: Landorus|Landorus-Therian, M|100/100
|-ability|p2a: Landorus|Intimidate|boost
|-unboost|p1a: Tyranitar|atk|1
|move|p1a: Tyranitar|Knock Off|p2a: Landorus
|-damage|p2a: Landorus|69/100
|-enditem|p2a: Landorus|Choice Band|[from] move: Knock Off|[of] p1a: Tyranitar
|
|-weather|Sandstorm|[upkeep]
|upkeep
|turn|11
|
|t:|1779904572
|switch|p1a: Rotom|Rotom-Wash, shiny|100/100
|-damage|p1a: Rotom|88/100|[from] Stealth Rock
|move|p2a: Landorus|U-turn|p1a: Rotom
|-damage|p1a: Rotom|66/100
|
|t:|1779904582
|switch|p2a: Regieleki|Regieleki|95/100|[from] U-turn
|
|-weather|Sandstorm|[upkeep]
|-damage|p2a: Regieleki|89/100|[from] Sandstorm
|-damage|p1a: Rotom|59/100|[from] Sandstorm
|upkeep
|turn|12
|
|t:|1779904589
|move|p2a: Regieleki|Thunderbolt|p1a: Rotom
|-damage|p1a: Rotom|0 fnt
|faint|p1a: Rotom
|
|-weather|Sandstorm|[upkeep]
|-damage|p2a: Regieleki|83/100|[from] Sandstorm
|upkeep
|
|t:|1779904595
|switch|p1a: Garganacl|Garganacl, F, shiny|100/100
|-damage|p1a: Garganacl|88/100|[from] Stealth Rock
|turn|13
|
|t:|1779904601
|switch|p2a: Landorus|Landorus-Therian, M|69/100
|-ability|p2a: Landorus|Intimidate|boost
|-unboost|p1a: Garganacl|atk|1
|move|p1a: Garganacl|Salt Cure|p2a: Landorus
|-damage|p2a: Landorus|58/100
|-start|p2a: Landorus|Salt Cure
|
|-weather|none
|-heal|p1a: Garganacl|94/100|[from] item: Leftovers
|-damage|p2a: Landorus|46/100|[from] Salt Cure
|upkeep
|turn|14
|
|t:|1779904610
|move|p1a: Garganacl|Protect|p1a: Garganacl
|-singleturn|p1a: Garganacl|Protect
|move|p2a: Landorus|Earthquake|p1a: Garganacl
|-activate|p1a: Garganacl|move: Protect
|
|-heal|p1a: Garganacl|100/100|[from] item: Leftovers
|-damage|p2a: Landorus|34/100|[from] Salt Cure
|upkeep
|turn|15
|
|t:|1779904618
|move|p2a: Landorus|Earthquake|p1a: Garganacl
|-supereffective|p1a: Garganacl
|-damage|p1a: Garganacl|41/100
|move|p1a: Garganacl|Recover|p1a: Garganacl
|-heal|p1a: Garganacl|91/100
|
|-heal|p1a: Garganacl|97/100|[from] item: Leftovers
|-damage|p2a: Landorus|22/100|[from] Salt Cure
|upkeep
|turn|16
|
|t:|1779904631
|switch|p2a: Hawlucha|Hawlucha, F|100/100
|move|p1a: Garganacl|Protect||[still]
|-fail|p1a: Garganacl
|
|-heal|p1a: Garganacl|100/100|[from] item: Leftovers
|upkeep
|turn|17
|
|t:|1779904642
|move|p2a: Hawlucha|Swords Dance|p2a: Hawlucha
|-boost|p2a: Hawlucha|atk|2
|move|p1a: Garganacl|Salt Cure|p2a: Hawlucha
|-damage|p2a: Hawlucha|88/100
|-start|p2a: Hawlucha|Salt Cure
|
|-damage|p2a: Hawlucha|75/100|[from] Salt Cure
|upkeep
|turn|18
|
|t:|1779904652
|move|p1a: Garganacl|Protect|p1a: Garganacl
|-singleturn|p1a: Garganacl|Protect
|move|p2a: Hawlucha|Close Combat|p1a: Garganacl
|-activate|p1a: Garganacl|move: Protect
|
|-damage|p2a: Hawlucha|63/100|[from] Salt Cure
|upkeep
|turn|19
|
|t:|1779904664
|switch|p1a: Skeledirge|Skeledirge, M, tera:Flying|73/100
|-damage|p1a: Skeledirge|48/100|[from] Stealth Rock
|move|p2a: Hawlucha|Close Combat|p1a: Skeledirge
|-resisted|p1a: Skeledirge
|-damage|p1a: Skeledirge|30/100
|-unboost|p2a: Hawlucha|def|1
|-unboost|p2a: Hawlucha|spd|1
|
|-damage|p2a: Hawlucha|51/100|[from] Salt Cure
|upkeep
|turn|20
|
|t:|1779904674
|move|p2a: Hawlucha|Acrobatics|p1a: Skeledirge
|-damage|p1a: Skeledirge|16/100
|move|p1a: Skeledirge|Slack Off|p1a: Skeledirge
|-heal|p1a: Skeledirge|66/100
|
|-damage|p2a: Hawlucha|38/100|[from] Salt Cure
|upkeep
|turn|21
|inactive|The Great Swede has 120 seconds left.
|
|t:|1779904707
|move|p2a: Hawlucha|Sky Attack||[still]
|-prepare|p2a: Hawlucha|Sky Attack
|-enditem|p2a: Hawlucha|Power Herb
|-anim|p2a: Hawlucha|Sky Attack|p1a: Skeledirge
|-damage|p1a: Skeledirge|29/100
|move|p1a: Skeledirge|Will-O-Wisp|p2a: Hawlucha
|-status|p2a: Hawlucha|brn
|
|-damage|p2a: Hawlucha|32/100 brn|[from] brn
|-damage|p2a: Hawlucha|20/100 brn|[from] Salt Cure
|upkeep
|turn|22
|
|t:|1779904718
|move|p2a: Hawlucha|Acrobatics|p1a: Skeledirge
|-damage|p1a: Skeledirge|14/100
|move|p1a: Skeledirge|Slack Off|p1a: Skeledirge
|-heal|p1a: Skeledirge|64/100
|
|-damage|p2a: Hawlucha|14/100 brn|[from] brn
|-damage|p2a: Hawlucha|1/100 brn|[from] Salt Cure
|upkeep
|turn|23
|
|t:|1779904728
|move|p2a: Hawlucha|Acrobatics|p1a: Skeledirge
|-damage|p1a: Skeledirge|49/100
|move|p1a: Skeledirge|Slack Off|p1a: Skeledirge
|-heal|p1a: Skeledirge|99/100
|
|-damage|p2a: Hawlucha|0 fnt|[from] brn
|faint|p2a: Hawlucha
|upkeep
|inactive|The Great Swede has 120 seconds left.
|
|t:|1779904739
|switch|p2a: Regieleki|Regieleki|83/100
|turn|24
|
|t:|1779904744
|switch|p1a: Tyranitar|Tyranitar, M|69/100
|-damage|p1a: Tyranitar|57/100|[from] Stealth Rock
|-weather|Sandstorm|[from] ability: Sand Stream|[of] p1a: Tyranitar
|move|p2a: Regieleki|Thunderbolt|p1a: Tyranitar
|-damage|p1a: Tyranitar|37/100
|
|-weather|Sandstorm|[upkeep]
|-damage|p2a: Regieleki|77/100|[from] Sandstorm
|upkeep
|turn|25
|
|t:|1779904759
|switch|p2a: Landorus|Landorus-Therian, M|22/100
|-ability|p2a: Landorus|Intimidate|boost
|-unboost|p1a: Tyranitar|atk|1
|move|p1a: Tyranitar|Avalanche|p2a: Landorus
|-supereffective|p2a: Landorus
|-damage|p2a: Landorus|0 fnt
|faint|p2a: Landorus
|
|-weather|Sandstorm|[upkeep]
|upkeep
|
|t:|1779904769
|switch|p2a: Regieleki|Regieleki|77/100
|turn|26
|
|t:|1779904773
|move|p2a: Regieleki|Thunderbolt|p1a: Tyranitar
|-damage|p1a: Tyranitar|15/100
|move|p1a: Tyranitar|Knock Off|p2a: Regieleki
|-damage|p2a: Regieleki|17/100
|-enditem|p2a: Regieleki|Choice Specs|[from] move: Knock Off|[of] p1a: Tyranitar
|
|-weather|Sandstorm|[upkeep]
|-damage|p2a: Regieleki|11/100|[from] Sandstorm
|upkeep
|turn|27
|
|t:|1779904780
|move|p2a: Regieleki|Thunderbolt|p1a: Tyranitar
|-damage|p1a: Tyranitar|1/100
|-status|p1a: Tyranitar|par
|move|p1a: Tyranitar|Knock Off|p2a: Regieleki
|-damage|p2a: Regieleki|0 fnt
|faint|p2a: Regieleki
|
|-weather|Sandstorm|[upkeep]
|upkeep
|
|t:|1779904801
|switch|p2a: Toxapex|Toxapex, M|100/100
|turn|28
|
|t:|1779904810
|move|p2a: Toxapex|Chilling Water|p1a: Tyranitar
|-supereffective|p1a: Tyranitar
|-damage|p1a: Tyranitar|0 fnt
|faint|p1a: Tyranitar
|
|-weather|none
|upkeep
|
|t:|1779904816
|switch|p1a: Garganacl|Garganacl, F, shiny|100/100
|-damage|p1a: Garganacl|88/100|[from] Stealth Rock
|turn|29
|
|t:|1779904820
|move|p2a: Toxapex|Toxic|p1a: Garganacl
|-immune|p1a: Garganacl|[from] ability: Purifying Salt
|move|p1a: Garganacl|Salt Cure|p2a: Toxapex
|-damage|p2a: Toxapex|90/100
|-start|p2a: Toxapex|Salt Cure
|
|-heal|p1a: Garganacl|94/100|[from] item: Leftovers
|-damage|p2a: Toxapex|65/100|[from] Salt Cure
|upkeep
|turn|30
|
|t:|1779904830
|switch|p2a: Chansey|Chansey, F|100/100
|move|p1a: Garganacl|Body Press|p2a: Chansey
|-supereffective|p2a: Chansey
|-damage|p2a: Chansey|60/100
|
|-heal|p1a: Garganacl|100/100|[from] item: Leftovers
|upkeep
|turn|31
|
|t:|1779904840
|move|p2a: Chansey|Seismic Toss|p1a: Garganacl
|-damage|p1a: Garganacl|76/100
|move|p1a: Garganacl|Salt Cure|p2a: Chansey
|-damage|p2a: Chansey|50/100
|-start|p2a: Chansey|Salt Cure
|
|-heal|p1a: Garganacl|82/100|[from] item: Leftovers
|-damage|p2a: Chansey|37/100|[from] Salt Cure
|upkeep
|turn|32
|-message|The Great Swede forfeited.
|
|win|onlyvoss
|raw|onlyvoss's rating: 1188 &rarr; <strong>1215</strong><br />(+27 for winning)
|raw|The Great Swede's rating: 1216 &rarr; <strong>1189</strong><br />(-27 for losing)
|l|☆The Great Swede
|player|p2|
|l|☆onlyvoss
|player|p1|
