|j|☆KING丶3266926956今余
|j|☆Khiva II
|t:|1779855217
|gametype|singles
|player|p1|KING丶3266926956今余|dawn|1297
|player|p2|Khiva II|dancer|1380
|gen|9
|tier|[Gen 9] OU
|rated|
|rule|HP Percentage Mod: HP is shown in percentages
|rule|Endless Battle Clause: Forcing endless battles is banned
|rule|Species Clause: Limit one of each Pokémon
|rule|OHKO Clause: OHKO moves are banned
|rule|Evasion Items Clause: Evasion items are banned
|rule|Evasion Moves Clause: Evasion moves are banned
|rule|Evasion Abilities Clause: Evasion abilities are banned
|rule|Sleep Moves Clause: Sleep-inducing moves are banned
|clearpoke
|poke|p1|Luxray, F|
|poke|p1|Noctowl, M|
|poke|p1|Alomomola, M|
|poke|p1|Meowstic, M|
|poke|p1|Incineroar, M|
|poke|p1|Meowscarada, F|
|poke|p2|Dragonite, F|
|poke|p2|Iron Crown|
|poke|p2|Samurott-Hisui, M|
|poke|p2|Enamorus, F|
|poke|p2|Great Tusk|
|poke|p2|Heatran, F|
|teampreview
|inactive|Battle timer is ON: inactive players will automatically lose when time's up. (requested by KING丶3266926956今余)
|
|t:|1779855221
|teamsize|p1|6
|teamsize|p2|6
|start
|switch|p1a: Meowscarada|Meowscarada, F|100/100
|switch|p2a: Samurott|Samurott-Hisui, M|100/100
|turn|1
|
|t:|1779855231
|move|p1a: Meowscarada|U-turn|p2a: Samurott
|-start|p1a: Meowscarada|typechange|Bug|[from] ability: Protean
|-supereffective|p2a: Samurott
|-enditem|p2a: Samurott|Focus Sash
|-damage|p2a: Samurott|1/100
|
|t:|1779855242
|switch|p1a: Alomomola|Alomomola, M|100/100|[from] U-turn
|move|p2a: Samurott|Ceaseless Edge|p1a: Alomomola|[miss]
|-miss|p2a: Samurott|p1a: Alomomola
|
|upkeep
|turn|2
|
|t:|1779855249
|move|p2a: Samurott|Ceaseless Edge|p1a: Alomomola
|-damage|p1a: Alomomola|65/100
|-sidestart|p1: KING丶3266926956今余|Spikes
|move|p1a: Alomomola|Flip Turn|p2a: Samurott
|-resisted|p2a: Samurott
|-damage|p2a: Samurott|0 fnt
|faint|p2a: Samurott
|
|t:|1779855269
|switch|p1a: Meowscarada|Meowscarada, F|100/100|[from] Flip Turn
|-damage|p1a: Meowscarada|88/100|[from] Spikes
|
|upkeep
|
|t:|1779855274
|switch|p2a: Heatran|Heatran, F|100/100
|turn|3
|
|t:|1779855287
|switch|p1a: Alomomola|Alomomola, M|98/100
|-damage|p1a: Alomomola|86/100|[from] Spikes
|move|p2a: Heatran|Stealth Rock|p1a: Alomomola
|-sidestart|p1: KING丶3266926956今余|move: Stealth Rock
|
|upkeep
|turn|4
|
|t:|1779855294
|move|p2a: Heatran|Will-O-Wisp|p1a: Alomomola
|-status|p1a: Alomomola|brn
|move|p1a: Alomomola|Flip Turn|p2a: Heatran
|-supereffective|p2a: Heatran
|-damage|p2a: Heatran|87/100
|
|t:|1779855301
|switch|p1a: Noctowl|Noctowl, M|100/100|[from] Flip Turn
|
|-heal|p2a: Heatran|93/100|[from] item: Leftovers
|upkeep
|turn|5
|
|t:|1779855308
|move|p1a: Noctowl|Defog|p2a: Heatran
|-unboost|p2a: Heatran|evasion|1
|-sideend|p1: KING丶3266926956今余|Spikes|[from] move: Defog|[of] p1a: Noctowl
|-sideend|p1: KING丶3266926956今余|Stealth Rock|[from] move: Defog|[of] p1a: Noctowl
|move|p2a: Heatran|Lava Plume|p1a: Noctowl
|-damage|p1a: Noctowl|66/100
|
|-heal|p2a: Heatran|99/100|[from] item: Leftovers
|upkeep
|turn|6
|
|t:|1779855319
|switch|p1a: Alomomola|Alomomola, M|100/100 brn
|move|p2a: Heatran|Stealth Rock|p1a: Alomomola
|-sidestart|p1: KING丶3266926956今余|move: Stealth Rock
|
|-heal|p2a: Heatran|100/100|[from] item: Leftovers
|-damage|p1a: Alomomola|94/100 brn|[from] brn
|upkeep
|turn|7
|
|t:|1779855330
|move|p2a: Heatran|Earth Power|p1a: Alomomola
|-damage|p1a: Alomomola|77/100 brn
|move|p1a: Alomomola|Flip Turn|p2a: Heatran
|-supereffective|p2a: Heatran
|-damage|p2a: Heatran|87/100
|
|t:|1779855337
|switch|p1a: Incineroar|Incineroar, M|100/100|[from] Flip Turn
|-ability|p1a: Incineroar|Intimidate|boost
|-unboost|p2a: Heatran|atk|1
|
|-heal|p2a: Heatran|93/100|[from] item: Leftovers
|upkeep
|turn|8
|
|t:|1779855346
|switch|p2a: Great Tusk|Great Tusk|100/100
|switch|p1a: Alomomola|Alomomola, M|100/100 brn
|-damage|p1a: Alomomola|88/100 brn|[from] Stealth Rock
|
|-damage|p1a: Alomomola|82/100 brn|[from] brn
|upkeep
|turn|9
|
|t:|1779855356
|move|p2a: Great Tusk|Knock Off|p1a: Alomomola
|-damage|p1a: Alomomola|61/100 brn
|-enditem|p1a: Alomomola|Lagging Tail|[from] move: Knock Off|[of] p2a: Great Tusk
|move|p1a: Alomomola|Flip Turn|p2a: Great Tusk
|-supereffective|p2a: Great Tusk
|-damage|p2a: Great Tusk|91/100
|
|t:|1779855362
|switch|p1a: Incineroar|Incineroar, M|100/100|[from] Flip Turn
|-ability|p1a: Incineroar|Intimidate|boost
|-unboost|p2a: Great Tusk|atk|1
|
|upkeep
|turn|10
|
|t:|1779855373
|-end|p2a: Great Tusk|Protosynthesis|[silent]
|switch|p2a: Heatran|Heatran, F|93/100
|move|p1a: Incineroar|Will-O-Wisp|p2a: Heatran
|-start|p2a: Heatran|ability: Flash Fire
|
|-heal|p2a: Heatran|99/100|[from] item: Leftovers
|upkeep
|turn|11
|
|t:|1779855382
|switch|p1a: Alomomola|Alomomola, M|94/100 brn
|-damage|p1a: Alomomola|82/100 brn|[from] Stealth Rock
|move|p2a: Heatran|Earth Power|p1a: Alomomola
|-damage|p1a: Alomomola|61/100 brn
|
|-heal|p2a: Heatran|100/100|[from] item: Leftovers
|-damage|p1a: Alomomola|55/100 brn|[from] brn
|upkeep
|turn|12
|
|t:|1779855393
|move|p2a: Heatran|Lava Plume|p1a: Alomomola
|-resisted|p1a: Alomomola
|-damage|p1a: Alomomola|36/100 brn
|move|p1a: Alomomola|Wish|p1a: Alomomola
|
|-damage|p1a: Alomomola|30/100 brn|[from] brn
|upkeep
|turn|13
|
|t:|1779855410
|-end|p2a: Heatran|ability: Flash Fire|[silent]
|switch|p2a: Iron Crown|Iron Crown|100/100
|move|p1a: Alomomola|Protect||[still]
|-fail|p1a: Alomomola
|
|-heal|p1a: Alomomola|80/100 brn|[from] move: Wish|[wisher] Alomomola
|-damage|p1a: Alomomola|74/100 brn|[from] brn
|upkeep
|turn|14
|
|t:|1779855423
|move|p2a: Iron Crown|Volt Switch|p1a: Alomomola
|-supereffective|p1a: Alomomola
|-damage|p1a: Alomomola|38/100 brn
|
|t:|1779855429
|-end|p2a: Iron Crown|Quark Drive|[silent]
|switch|p2a: Great Tusk|Great Tusk|91/100|[from] Volt Switch
|move|p1a: Alomomola|Wish|p1a: Alomomola
|
|-damage|p1a: Alomomola|31/100 brn|[from] brn
|upkeep
|turn|15
|
|t:|1779855440
|switch|p1a: Incineroar|Incineroar, M|100/100
|-ability|p1a: Incineroar|Intimidate|boost
|-unboost|p2a: Great Tusk|atk|1
|move|p2a: Great Tusk|Headlong Rush|p1a: Incineroar
|-supereffective|p1a: Incineroar
|-damage|p1a: Incineroar|53/100
|-unboost|p2a: Great Tusk|def|1
|-unboost|p2a: Great Tusk|spd|1
|
|-heal|p1a: Incineroar|100/100|[from] move: Wish|[wisher] Alomomola
|upkeep
|turn|16
|
|t:|1779855453
|-end|p2a: Great Tusk|Protosynthesis|[silent]
|switch|p2a: Heatran|Heatran, F|100/100
|move|p1a: Incineroar|Knock Off|p2a: Heatran
|-damage|p2a: Heatran|71/100
|-enditem|p2a: Heatran|Leftovers|[from] move: Knock Off|[of] p1a: Incineroar
|
|upkeep
|turn|17
|
|t:|1779855461
|switch|p1a: Alomomola|Alomomola, M|65/100 brn
|-damage|p1a: Alomomola|52/100 brn|[from] Stealth Rock
|move|p2a: Heatran|Earth Power|p1a: Alomomola
|-damage|p1a: Alomomola|33/100 brn
|
|-damage|p1a: Alomomola|27/100 brn|[from] brn
|upkeep
|turn|18
|
|t:|1779855472
|switch|p1a: Noctowl|Noctowl, M|66/100
|move|p2a: Heatran|Earth Power|p1a: Noctowl
|-immune|p1a: Noctowl
|
|upkeep
|turn|19
|
|t:|1779855486
|move|p1a: Noctowl|Defog|p2a: Heatran
|-unboost|p2a: Heatran|evasion|1
|-sideend|p1: KING丶3266926956今余|Stealth Rock|[from] move: Defog|[of] p1a: Noctowl
|move|p2a: Heatran|Lava Plume|p1a: Noctowl
|-damage|p1a: Noctowl|34/100
|
|upkeep
|turn|20
|
|t:|1779855494
|switch|p1a: Alomomola|Alomomola, M|60/100 brn
|move|p2a: Heatran|Lava Plume|p1a: Alomomola
|-resisted|p1a: Alomomola
|-damage|p1a: Alomomola|46/100 brn
|
|-damage|p1a: Alomomola|40/100 brn|[from] brn
|upkeep
|turn|21
|
|t:|1779855502
|move|p2a: Heatran|Stealth Rock|p1a: Alomomola
|-sidestart|p1: KING丶3266926956今余|move: Stealth Rock
|move|p1a: Alomomola|Wish|p1a: Alomomola
|
|-damage|p1a: Alomomola|34/100 brn|[from] brn
|upkeep
|turn|22
|
|t:|1779855512
|move|p1a: Alomomola|Protect|p1a: Alomomola
|-singleturn|p1a: Alomomola|Protect
|move|p2a: Heatran|Earth Power|p1a: Alomomola
|-activate|p1a: Alomomola|move: Protect
|
|-heal|p1a: Alomomola|84/100 brn|[from] move: Wish|[wisher] Alomomola
|-damage|p1a: Alomomola|78/100 brn|[from] brn
|upkeep
|turn|23
|
|t:|1779855524
|switch|p2a: Iron Crown|Iron Crown|100/100
|move|p1a: Alomomola|Wish|p1a: Alomomola
|
|-damage|p1a: Alomomola|72/100 brn|[from] brn
|upkeep
|turn|24
|
|t:|1779855533
|move|p2a: Iron Crown|Psychic Noise|p1a: Alomomola
|-damage|p1a: Alomomola|45/100 brn
|-start|p1a: Alomomola|move: Heal Block
|move|p1a: Alomomola|Mirror Coat|p2a: Iron Crown
|-damage|p2a: Iron Crown|12/100
|
|-damage|p1a: Alomomola|39/100 brn|[from] brn
|upkeep
|turn|25
|
|t:|1779855544
|switch|p1a: Incineroar|Incineroar, M|100/100
|-ability|p1a: Incineroar|Intimidate|boost
|-unboost|p2a: Iron Crown|atk|1
|move|p2a: Iron Crown|Focus Blast|p1a: Incineroar|[miss]
|-miss|p2a: Iron Crown|p1a: Incineroar
|
|upkeep
|turn|26
|
|t:|1779855565
|switch|p1a: Alomomola|Alomomola, M|72/100 brn
|-damage|p1a: Alomomola|60/100 brn|[from] Stealth Rock
|move|p2a: Iron Crown|Focus Blast|p1a: Alomomola
|-damage|p1a: Alomomola|30/100 brn
|
|-damage|p1a: Alomomola|24/100 brn|[from] brn
|upkeep
|turn|27
|
|t:|1779855574
|-end|p2a: Iron Crown|Quark Drive|[silent]
|switch|p2a: Heatran|Heatran, F|71/100
|switch|p1a: Meowstic|Meowstic, M|100/100
|-damage|p1a: Meowstic|88/100|[from] Stealth Rock
|
|upkeep
|turn|28
|
|t:|1779855586
|switch|p2a: Iron Crown|Iron Crown|12/100
|move|p1a: Meowstic|Light Screen|p1a: Meowstic
|-sidestart|p1: KING丶3266926956今余|move: Light Screen
|
|upkeep
|turn|29
|l|☆Khiva II
|inactive|Khiva II disconnected and has a minute to reconnect!
|player|p2|
|inactive|Khiva II has 30 seconds to reconnect!
|j|☆Khiva II
|inactive|Khiva II reconnected and has 110 seconds left.
|player|p2|Khiva II|dancer|
|
|t:|1779855634
|switch|p1a: Alomomola|Alomomola, M|58/100 brn
|-damage|p1a: Alomomola|45/100 brn|[from] Stealth Rock
|move|p2a: Iron Crown|Psychic Noise|p1a: Alomomola
|-damage|p1a: Alomomola|33/100 brn
|-start|p1a: Alomomola|move: Heal Block
|
|-damage|p1a: Alomomola|26/100 brn|[from] brn
|upkeep
|turn|30
|
|t:|1779855647
|switch|p1a: Meowstic|Meowstic, M|88/100
|-damage|p1a: Meowstic|75/100|[from] Stealth Rock
|move|p2a: Iron Crown|Volt Switch|p1a: Meowstic
|-damage|p1a: Meowstic|63/100
|
|t:|1779855657
|-end|p2a: Iron Crown|Quark Drive|[silent]
|switch|p2a: Great Tusk|Great Tusk|91/100|[from] Volt Switch
|
|upkeep
|turn|31
|
|t:|1779855662
|switch|p1a: Incineroar|Incineroar, M|100/100
|-ability|p1a: Incineroar|Intimidate|boost
|-unboost|p2a: Great Tusk|atk|1
|move|p2a: Great Tusk|Knock Off|p1a: Incineroar
|-resisted|p1a: Incineroar
|-damage|p1a: Incineroar|94/100
|-enditem|p1a: Incineroar|Heavy-Duty Boots|[from] move: Knock Off|[of] p2a: Great Tusk
|
|upkeep
|turn|32
|inactive|Khiva II has 120 seconds left.
|
|t:|1779855673
|-end|p2a: Great Tusk|Protosynthesis|[silent]
|switch|p2a: Heatran|Heatran, F|71/100
|-terastallize|p1a: Incineroar|Ghost
|move|p1a: Incineroar|Will-O-Wisp|p2a: Heatran
|-start|p2a: Heatran|ability: Flash Fire
|
|-sideend|p1: KING丶3266926956今余|move: Light Screen
|upkeep
|turn|33
|inactive|Khiva II has 120 seconds left.
|
|t:|1779855684
|move|p2a: Heatran|Earth Power|p1a: Incineroar
|-damage|p1a: Incineroar|72/100
|move|p1a: Incineroar|Parting Shot|p2a: Heatran
|-unboost|p2a: Heatran|atk|1
|-unboost|p2a: Heatran|spa|1
|
|t:|1779855696
|switch|p1a: Alomomola|Alomomola, M|60/100 brn|[from] Parting Shot
|-damage|p1a: Alomomola|47/100 brn|[from] Stealth Rock
|
|-damage|p1a: Alomomola|41/100 brn|[from] brn
|upkeep
|turn|34
|
|t:|1779855704
|-end|p2a: Heatran|ability: Flash Fire|[silent]
|switch|p2a: Iron Crown|Iron Crown|12/100
|move|p1a: Alomomola|Wish|p1a: Alomomola
|
|-damage|p1a: Alomomola|35/100 brn|[from] brn
|upkeep
|turn|35
|
|t:|1779855711
|move|p1a: Alomomola|Protect|p1a: Alomomola
|-singleturn|p1a: Alomomola|Protect
|move|p2a: Iron Crown|Psychic Noise|p1a: Alomomola
|-activate|p1a: Alomomola|move: Protect
|
|-heal|p1a: Alomomola|85/100 brn|[from] move: Wish|[wisher] Alomomola
|-damage|p1a: Alomomola|79/100 brn|[from] brn
|upkeep
|turn|36
|
|t:|1779855722
|move|p2a: Iron Crown|Psychic Noise|p1a: Alomomola
|-damage|p1a: Alomomola|52/100 brn
|-start|p1a: Alomomola|move: Heal Block
|move|p1a: Alomomola|Flip Turn|p2a: Iron Crown
|-damage|p2a: Iron Crown|3/100
|
|t:|1779855730
|switch|p1a: Meowscarada|Meowscarada, F|88/100|[from] Flip Turn
|-damage|p1a: Meowscarada|76/100|[from] Stealth Rock
|
|upkeep
|turn|37
|
|t:|1779855736
|-end|p2a: Iron Crown|Quark Drive|[silent]
|switch|p2a: Heatran|Heatran, F|71/100
|move|p1a: Meowscarada|U-turn|p2a: Heatran
|-start|p1a: Meowscarada|typechange|Bug|[from] ability: Protean
|-resisted|p2a: Heatran
|-damage|p2a: Heatran|62/100
|
|t:|1779855745
|switch|p1a: Alomomola|Alomomola, M|85/100 brn|[from] U-turn
|-damage|p1a: Alomomola|73/100 brn|[from] Stealth Rock
|
|-damage|p1a: Alomomola|67/100 brn|[from] brn
|upkeep
|turn|38
|
|t:|1779855752
|move|p2a: Heatran|Earth Power|p1a: Alomomola
|-damage|p1a: Alomomola|47/100 brn
|-unboost|p1a: Alomomola|spd|1
|move|p1a: Alomomola|Wish|p1a: Alomomola
|
|-damage|p1a: Alomomola|41/100 brn|[from] brn
|upkeep
|turn|39
|
|t:|1779855761
|switch|p1a: Noctowl|Noctowl, M|34/100
|move|p2a: Heatran|Lava Plume|p1a: Noctowl
|-damage|p1a: Noctowl|0 fnt
|faint|p1a: Noctowl
|
|upkeep
|
|t:|1779855769
|switch|p1a: Alomomola|Alomomola, M|74/100 brn
|-damage|p1a: Alomomola|62/100 brn|[from] Stealth Rock
|turn|40
|
|t:|1779855776
|move|p2a: Heatran|Earth Power|p1a: Alomomola
|-damage|p1a: Alomomola|42/100 brn
|move|p1a: Alomomola|Flip Turn|p2a: Heatran
|-supereffective|p2a: Heatran
|-damage|p2a: Heatran|48/100
|
|t:|1779855785
|switch|p1a: Meowscarada|Meowscarada, F|76/100|[from] Flip Turn
|-damage|p1a: Meowscarada|64/100|[from] Stealth Rock
|
|upkeep
|turn|41
|
|t:|1779855791
|move|p1a: Meowscarada|U-turn|p2a: Heatran
|-start|p1a: Meowscarada|typechange|Bug|[from] ability: Protean
|-resisted|p2a: Heatran
|-damage|p2a: Heatran|38/100
|
|t:|1779855797
|switch|p1a: Alomomola|Alomomola, M|76/100 brn|[from] U-turn
|-damage|p1a: Alomomola|63/100 brn|[from] Stealth Rock
|move|p2a: Heatran|Lava Plume|p1a: Alomomola
|-resisted|p1a: Alomomola
|-damage|p1a: Alomomola|51/100 brn
|
|-damage|p1a: Alomomola|45/100 brn|[from] brn
|upkeep
|turn|42
|
|t:|1779855807
|move|p2a: Heatran|Earth Power|p1a: Alomomola
|-damage|p1a: Alomomola|26/100 brn
|move|p1a: Alomomola|Wish|p1a: Alomomola
|
|-damage|p1a: Alomomola|20/100 brn|[from] brn
|upkeep
|turn|43
|
|t:|1779855819
|move|p1a: Alomomola|Protect|p1a: Alomomola
|-singleturn|p1a: Alomomola|Protect
|move|p2a: Heatran|Lava Plume|p1a: Alomomola
|-activate|p1a: Alomomola|move: Protect
|
|-heal|p1a: Alomomola|70/100 brn|[from] move: Wish|[wisher] Alomomola
|-damage|p1a: Alomomola|64/100 brn|[from] brn
|upkeep
|turn|44
|
|t:|1779855830
|move|p2a: Heatran|Earth Power|p1a: Alomomola
|-damage|p1a: Alomomola|45/100 brn
|move|p1a: Alomomola|Wish|p1a: Alomomola
|
|-damage|p1a: Alomomola|39/100 brn|[from] brn
|upkeep
|turn|45
|
|t:|1779855839
|switch|p2a: Iron Crown|Iron Crown|3/100
|move|p1a: Alomomola|Protect||[still]
|-fail|p1a: Alomomola
|
|-heal|p1a: Alomomola|89/100 brn|[from] move: Wish|[wisher] Alomomola
|-damage|p1a: Alomomola|83/100 brn|[from] brn
|upkeep
|turn|46
|
|t:|1779855849
|move|p2a: Iron Crown|Psychic Noise|p1a: Alomomola
|-damage|p1a: Alomomola|57/100 brn
|-start|p1a: Alomomola|move: Heal Block
|move|p1a: Alomomola|Flip Turn|p2a: Iron Crown
|-damage|p2a: Iron Crown|0 fnt
|faint|p2a: Iron Crown
|-end|p2a: Iron Crown|Quark Drive|[silent]
|
|t:|1779855859
|switch|p1a: Meowscarada|Meowscarada, F|64/100|[from] Flip Turn
|-damage|p1a: Meowscarada|52/100|[from] Stealth Rock
|
|upkeep
|
|t:|1779855866
|switch|p2a: Heatran|Heatran, F|38/100
|turn|47
|
|t:|1779855872
|move|p1a: Meowscarada|U-turn|p2a: Heatran
|-start|p1a: Meowscarada|typechange|Bug|[from] ability: Protean
|-resisted|p2a: Heatran
|-damage|p2a: Heatran|28/100
|
|t:|1779855878
|switch|p1a: Alomomola|Alomomola, M|90/100 brn|[from] U-turn
|-damage|p1a: Alomomola|78/100 brn|[from] Stealth Rock
|move|p2a: Heatran|Earth Power|p1a: Alomomola
|-damage|p1a: Alomomola|57/100 brn
|
|-damage|p1a: Alomomola|51/100 brn|[from] brn
|upkeep
|turn|48
|
|t:|1779855899
|switch|p2a: Enamorus|Enamorus, F|100/100
|move|p1a: Alomomola|Flip Turn|p2a: Enamorus
|-damage|p2a: Enamorus|87/100
|
|t:|1779855907
|switch|p1a: Luxray|Luxray, F|100/100|[from] Flip Turn
|-damage|p1a: Luxray|88/100|[from] Stealth Rock
|
|-status|p1a: Luxray|brn|[from] item: Flame Orb
|upkeep
|turn|49
|
|t:|1779855918
|move|p2a: Enamorus|Earth Power|p1a: Luxray
|-supereffective|p1a: Luxray
|-damage|p1a: Luxray|2/100 brn
|move|p1a: Luxray|Facade|p2a: Enamorus
|-damage|p2a: Enamorus|0 fnt
|faint|p2a: Enamorus
|
|-damage|p1a: Luxray|0 fnt|[from] brn
|faint|p1a: Luxray
|upkeep
|
|t:|1779855940
|switch|p2a: Dragonite|Dragonite, F|100/100
|switch|p1a: Alomomola|Alomomola, M|84/100 brn
|-damage|p1a: Alomomola|72/100 brn|[from] Stealth Rock
|turn|50
|
|t:|1779855947
|move|p2a: Dragonite|Dragon Dance|p2a: Dragonite
|-boost|p2a: Dragonite|atk|1
|-boost|p2a: Dragonite|spe|1
|move|p1a: Alomomola|Flip Turn|p2a: Dragonite
|-resisted|p2a: Dragonite
|-damage|p2a: Dragonite|99/100
|
|t:|1779855950
|switch|p1a: Meowstic|Meowstic, M|63/100|[from] Flip Turn
|-damage|p1a: Meowstic|51/100|[from] Stealth Rock
|
|upkeep
|turn|51
|
|t:|1779855958
|move|p2a: Dragonite|Extreme Speed|p1a: Meowstic
|-damage|p1a: Meowstic|0 fnt
|faint|p1a: Meowstic
|
|upkeep
|
|t:|1779855967
|switch|p1a: Incineroar|Incineroar, M, tera:Ghost|72/100
|-damage|p1a: Incineroar|59/100|[from] Stealth Rock
|-ability|p1a: Incineroar|Intimidate|boost
|-unboost|p2a: Dragonite|atk|1
|turn|52
|
|t:|1779855973
|switch|p2a: Heatran|Heatran, F|28/100
|move|p1a: Incineroar|Parting Shot|p2a: Heatran
|-unboost|p2a: Heatran|atk|1
|-unboost|p2a: Heatran|spa|1
|
|t:|1779855979
|switch|p1a: Alomomola|Alomomola, M|100/100 brn|[from] Parting Shot
|-damage|p1a: Alomomola|88/100 brn|[from] Stealth Rock
|
|-damage|p1a: Alomomola|82/100 brn|[from] brn
|upkeep
|turn|53
|
|t:|1779855987
|switch|p2a: Dragonite|Dragonite, F|99/100
|move|p1a: Alomomola|Wish|p1a: Alomomola
|
|-damage|p1a: Alomomola|76/100 brn|[from] brn
|upkeep
|turn|54
|
|t:|1779855995
|move|p2a: Dragonite|Dragon Dance|p2a: Dragonite
|-boost|p2a: Dragonite|atk|1
|-boost|p2a: Dragonite|spe|1
|move|p1a: Alomomola|Flip Turn|p2a: Dragonite
|-resisted|p2a: Dragonite
|-damage|p2a: Dragonite|95/100
|
|t:|1779855997
|switch|p1a: Incineroar|Incineroar, M, tera:Ghost|59/100|[from] Flip Turn
|-damage|p1a: Incineroar|47/100|[from] Stealth Rock
|-ability|p1a: Incineroar|Intimidate|boost
|-unboost|p2a: Dragonite|atk|1
|
|-heal|p1a: Incineroar|100/100|[from] move: Wish|[wisher] Alomomola
|upkeep
|turn|55
|
|t:|1779856010
|move|p2a: Dragonite|Dragon Dance|p2a: Dragonite
|-boost|p2a: Dragonite|atk|1
|-boost|p2a: Dragonite|spe|1
|move|p1a: Incineroar|Will-O-Wisp|p2a: Dragonite
|-status|p2a: Dragonite|brn
|
|-damage|p2a: Dragonite|89/100 brn|[from] brn
|upkeep
|turn|56
|-message|Khiva II forfeited.
|
|win|KING丶3266926956今余
|raw|KING丶3266926956今余's rating: 1297 &rarr; <strong>1328</strong><br />(+31 for winning)
|raw|Khiva II's rating: 1380 &rarr; <strong>1355</strong><br />(-25 for losing)
|l|☆Khiva II
|player|p2|
|l|☆KING丶3266926956今余
|player|p1|
