|j|☆blighttownresident
|j|☆NikolaDaKing
|t:|1779942820
|gametype|singles
|player|p1|blighttownresident|pokemonbreederf-gen4|1043
|player|p2|NikolaDaKing|170|1027
|gen|9
|tier|[Gen 9] OU
|rated|
|rule|HP Percentage Mod: HP is shown in percentages
|rule|Endless Battle Clause: Forcing endless battles is banned
|rule|Species Clause: Limit one of each Pokémon
|rule|OHKO Clause: OHKO moves are banned
|rule|Evasion Items Clause: Evasion items are banned
|rule|Evasion Moves Clause: Evasion moves are banned
|rule|Evasion Abilities Clause: Evasion abilities are banned
|rule|Sleep Moves Clause: Sleep-inducing moves are banned
|clearpoke
|poke|p1|Weavile, M|
|poke|p1|Dragonite, M|
|poke|p1|Garganacl, F|
|poke|p1|Corviknight, M|
|poke|p1|Ursaluna, M|
|poke|p1|Serperior, F|
|poke|p2|Gliscor, M|
|poke|p2|Grafaiai, F|
|poke|p2|Toxapex, F|
|poke|p2|Zoroark-Hisui, F|
|poke|p2|Tinkaton, F|
|poke|p2|Sinistcha|
|teampreview
|inactive|Battle timer is ON: inactive players will automatically lose when time's up. (requested by blighttownresident)
|
|t:|1779942828
|teamsize|p1|6
|teamsize|p2|6
|start
|switch|p1a: Serperior|Serperior, F|100/100
|switch|p2a: CALEB ANNIHILATOR|Grafaiai, F|100/100
|turn|1
|
|t:|1779942837
|move|p2a: CALEB ANNIHILATOR|Switcheroo|p1a: Serperior
|-activate|p2a: CALEB ANNIHILATOR|move: Trick|[of] p1a: Serperior
|-item|p1a: Serperior|Black Sludge|[from] move: Switcheroo
|-item|p2a: CALEB ANNIHILATOR|Leftovers|[from] move: Switcheroo
|move|p1a: Serperior|Leech Seed|p2a: CALEB ANNIHILATOR
|-start|p2a: CALEB ANNIHILATOR|move: Leech Seed
|
|-damage|p1a: Serperior|88/100|[from] item: Black Sludge
|-damage|p2a: CALEB ANNIHILATOR|88/100|[from] Leech Seed|[of] p1a: Serperior
|-heal|p1a: Serperior|100/100|[silent]
|upkeep
|turn|2
|
|t:|1779942852
|move|p2a: CALEB ANNIHILATOR|Toxic|p1a: Serperior
|-status|p1a: Serperior|tox
|move|p1a: Serperior|Calm Mind|p1a: Serperior
|-boost|p1a: Serperior|spa|1
|-boost|p1a: Serperior|spd|1
|
|-damage|p1a: Serperior|88/100 tox|[from] item: Black Sludge
|-heal|p2a: CALEB ANNIHILATOR|94/100|[from] item: Leftovers
|-damage|p2a: CALEB ANNIHILATOR|82/100|[from] Leech Seed|[of] p1a: Serperior
|-heal|p1a: Serperior|100/100 tox|[silent]
|-damage|p1a: Serperior|94/100 tox|[from] psn
|upkeep
|turn|3
|
|t:|1779942865
|switch|p2a: Classi|Tinkaton, F|100/100
|move|p1a: Serperior|Giga Drain|p2a: Classi
|-damage|p2a: Classi|4/100
|-heal|p1a: Serperior|100/100 tox|[from] drain|[of] p2a: Classi
|replace|p2a: ShiShaoShuTao|Zoroark-Hisui, F
|-end|p2a: ShiShaoShuTao|Illusion
|-enditem|p2a: ShiShaoShuTao|Red Card|[of] p1a: Serperior
|drag|p1a: Corviknight|Corviknight, M|100/100
|-ability|p1a: Corviknight|Pressure
|
|upkeep
|turn|4
|
|t:|1779942878
|move|p2a: ShiShaoShuTao|Flamethrower|p1a: Corviknight
|-supereffective|p1a: Corviknight
|-damage|p1a: Corviknight|39/100
|move|p1a: Corviknight|U-turn|p2a: ShiShaoShuTao
|-resisted|p2a: ShiShaoShuTao
|-damage|p2a: ShiShaoShuTao|0 fnt
|faint|p2a: ShiShaoShuTao
|
|t:|1779942886
|switch|p1a: Garganacl|Garganacl, F|100/100|[from] U-turn
|
|upkeep
|
|t:|1779942899
|switch|p2a: Chepool|Toxapex, F|100/100
|turn|5
|
|t:|1779942904
|move|p1a: Garganacl|Salt Cure|p2a: Chepool
|-damage|p2a: Chepool|89/100
|-start|p2a: Chepool|Salt Cure
|move|p2a: Chepool|Chilling Water|p1a: Garganacl
|-supereffective|p1a: Garganacl
|-damage|p1a: Garganacl|76/100
|-unboost|p1a: Garganacl|atk|1
|
|-heal|p1a: Garganacl|82/100|[from] item: Leftovers
|-damage|p2a: Chepool|64/100|[from] Salt Cure
|upkeep
|turn|6
|
|t:|1779942912
|move|p1a: Garganacl|Earthquake|p2a: Chepool
|-supereffective|p2a: Chepool
|-damage|p2a: Chepool|37/100
|move|p2a: Chepool|Recover|p2a: Chepool
|-heal|p2a: Chepool|88/100
|
|-heal|p1a: Garganacl|88/100|[from] item: Leftovers
|-damage|p2a: Chepool|63/100|[from] Salt Cure
|upkeep
|turn|7
|
|t:|1779942921
|move|p2a: Chepool|Baneful Bunker|p2a: Chepool
|-singleturn|p2a: Chepool|move: Protect
|move|p1a: Garganacl|Earthquake|p2a: Chepool
|-activate|p2a: Chepool|move: Protect
|
|-heal|p1a: Garganacl|94/100|[from] item: Leftovers
|-damage|p2a: Chepool|38/100|[from] Salt Cure
|upkeep
|turn|8
|
|t:|1779942929
|move|p1a: Garganacl|Salt Cure|p2a: Chepool
|-damage|p2a: Chepool|31/100
|move|p2a: Chepool|Chilling Water|p1a: Garganacl
|-supereffective|p1a: Garganacl
|-damage|p1a: Garganacl|71/100
|-unboost|p1a: Garganacl|atk|1
|
|-heal|p1a: Garganacl|78/100|[from] item: Leftovers
|-damage|p2a: Chepool|6/100|[from] Salt Cure
|upkeep
|turn|9
|
|t:|1779942940
|move|p2a: Chepool|Recover|p2a: Chepool
|-heal|p2a: Chepool|56/100
|move|p1a: Garganacl|Earthquake|p2a: Chepool
|-supereffective|p2a: Chepool
|-damage|p2a: Chepool|36/100
|
|-heal|p1a: Garganacl|84/100|[from] item: Leftovers
|-damage|p2a: Chepool|12/100|[from] Salt Cure
|upkeep
|turn|10
|
|t:|1779942945
|move|p1a: Garganacl|Earthquake|p2a: Chepool
|-supereffective|p2a: Chepool
|-damage|p2a: Chepool|0 fnt
|faint|p2a: Chepool
|
|-heal|p1a: Garganacl|90/100|[from] item: Leftovers
|upkeep
|
|t:|1779942950
|switch|p2a: Dirk|Gliscor, M|100/100
|turn|11
|
|t:|1779942954
|move|p2a: Dirk|Earthquake|p1a: Garganacl
|-supereffective|p1a: Garganacl
|-damage|p1a: Garganacl|30/100
|move|p1a: Garganacl|Ice Punch|p2a: Dirk
|-supereffective|p2a: Dirk
|-damage|p2a: Dirk|55/100
|
|-heal|p1a: Garganacl|36/100|[from] item: Leftovers
|-status|p2a: Dirk|tox|[from] item: Toxic Orb
|upkeep
|turn|12
|
|t:|1779942963
|switch|p1a: Serperior|Serperior, F|100/100 tox
|move|p2a: Dirk|Earthquake|p1a: Serperior
|-resisted|p1a: Serperior
|-damage|p1a: Serperior|78/100 tox
|
|-damage|p1a: Serperior|65/100 tox|[from] item: Black Sludge
|-heal|p2a: Dirk|68/100 tox|[from] ability: Poison Heal
|-damage|p1a: Serperior|59/100 tox|[from] psn
|upkeep
|turn|13
|
|t:|1779942968
|move|p2a: Dirk|Dual Wingbeat|p1a: Serperior
|-supereffective|p1a: Serperior
|-damage|p1a: Serperior|25/100 tox
|-supereffective|p1a: Serperior
|-damage|p1a: Serperior|0 fnt
|faint|p1a: Serperior
|-hitcount|p1: Serperior|2
|
|-heal|p2a: Dirk|80/100 tox|[from] ability: Poison Heal
|upkeep
|
|t:|1779942973
|switch|p1a: Ursaluna|Ursaluna, M|100/100
|turn|14
|
|t:|1779942979
|move|p2a: Dirk|Protect|p2a: Dirk
|-singleturn|p2a: Dirk|Protect
|move|p1a: Ursaluna|Play Rough|p2a: Dirk
|-activate|p2a: Dirk|move: Protect
|
|-heal|p2a: Dirk|92/100 tox|[from] ability: Poison Heal
|-status|p1a: Ursaluna|brn|[from] item: Flame Orb
|upkeep
|turn|15
|
|t:|1779942989
|move|p2a: Dirk|Knock Off|p1a: Ursaluna
|-damage|p1a: Ursaluna|83/100 brn
|-enditem|p1a: Ursaluna|Flame Orb|[from] move: Knock Off|[of] p2a: Dirk
|move|p1a: Ursaluna|Play Rough|p2a: Dirk
|-damage|p2a: Dirk|43/100 tox
|
|-heal|p2a: Dirk|55/100 tox|[from] ability: Poison Heal
|-damage|p1a: Ursaluna|77/100 brn|[from] brn
|upkeep
|turn|16
|
|t:|1779943003
|move|p2a: Dirk|Dual Wingbeat|p1a: Ursaluna
|-damage|p1a: Ursaluna|64/100 brn
|-damage|p1a: Ursaluna|52/100 brn
|-hitcount|p1a: Ursaluna|2
|move|p1a: Ursaluna|Stone Edge|p2a: Dirk
|-crit|p2a: Dirk
|-damage|p2a: Dirk|0 fnt
|faint|p2a: Dirk
|
|-damage|p1a: Ursaluna|46/100 brn|[from] brn
|upkeep
|
|t:|1779943010
|switch|p2a: Classi|Tinkaton, F|100/100
|-ability|p2a: Classi|Mold Breaker
|turn|17
|
|t:|1779943016
|move|p2a: Classi|Fake Out|p1a: Ursaluna
|-damage|p1a: Ursaluna|39/100 brn
|cant|p1a: Ursaluna|flinch
|
|-damage|p1a: Ursaluna|33/100 brn|[from] brn
|upkeep
|turn|18
|
|t:|1779943022
|move|p2a: Classi|Gigaton Hammer|p1a: Ursaluna
|-damage|p1a: Ursaluna|0 fnt
|faint|p1a: Ursaluna
|
|upkeep
|
|t:|1779943032
|switch|p1a: Garganacl|Garganacl, F|36/100
|turn|19
|
|t:|1779943037
|move|p2a: Classi|Play Rough|p1a: Garganacl|[miss]
|-miss|p2a: Classi|p1a: Garganacl
|move|p1a: Garganacl|Earthquake|p2a: Classi
|-supereffective|p2a: Classi
|-damage|p2a: Classi|13/100
|
|-heal|p1a: Garganacl|42/100|[from] item: Leftovers
|upkeep
|turn|20
|
|t:|1779943045
|move|p2a: Classi|Gigaton Hammer|p1a: Garganacl
|-supereffective|p1a: Garganacl
|-damage|p1a: Garganacl|0 fnt
|faint|p1a: Garganacl
|
|upkeep
|
|t:|1779943050
|switch|p1a: Weavile|Weavile, M|100/100
|-ability|p1a: Weavile|Pressure
|turn|21
|
|t:|1779943054
|move|p1a: Weavile|Shadow Claw|p2a: Classi
|-damage|p2a: Classi|0 fnt
|faint|p2a: Classi
|
|upkeep
|
|t:|1779943058
|switch|p2a: Pinto Da Goat|Sinistcha|100/100
|turn|22
|
|t:|1779943063
|switch|p1a: Corviknight|Corviknight, M|39/100
|-ability|p1a: Corviknight|Pressure
|move|p2a: Pinto Da Goat|Reflect|p2a: Pinto Da Goat
|-sidestart|p2: NikolaDaKing|Reflect
|
|upkeep
|turn|23
|
|t:|1779943072
|move|p2a: Pinto Da Goat|Hex|p1a: Corviknight
|-damage|p1a: Corviknight|10/100
|move|p1a: Corviknight|Bulk Up|p1a: Corviknight
|-boost|p1a: Corviknight|atk|1
|-boost|p1a: Corviknight|def|1
|
|upkeep
|turn|24
|
|t:|1779943082
|move|p2a: Pinto Da Goat|Hex|p1a: Corviknight
|-damage|p1a: Corviknight|0 fnt
|faint|p1a: Corviknight
|
|upkeep
|
|t:|1779943087
|switch|p1a: Weavile|Weavile, M|100/100
|-ability|p1a: Weavile|Pressure
|turn|25
|
|t:|1779943093
|move|p1a: Weavile|Triple Axel|p2a: Pinto Da Goat|[miss]
|-miss|p1a: Weavile|p2a: Pinto Da Goat
|move|p2a: Pinto Da Goat|Matcha Gotcha|p1a: Weavile
|-damage|p1a: Weavile|51/100
|
|upkeep
|turn|26
|
|t:|1779943104
|move|p1a: Weavile|Triple Axel|p2a: Pinto Da Goat
|-supereffective|p2a: Pinto Da Goat
|-damage|p2a: Pinto Da Goat|91/100
|-supereffective|p2a: Pinto Da Goat
|-damage|p2a: Pinto Da Goat|73/100
|-hitcount|p2a: Pinto Da Goat|2
|move|p2a: Pinto Da Goat|Matcha Gotcha|p1a: Weavile
|-damage|p1a: Weavile|8/100
|-heal|p2a: Pinto Da Goat|96/100|[from] drain|[of] p1a: Weavile
|
|-sideend|p2: NikolaDaKing|Reflect
|upkeep
|turn|27
|
|t:|1779943116
|switch|p1a: Dragonite|Dragonite, M, shiny|100/100
|move|p2a: Pinto Da Goat|Reflect|p2a: Pinto Da Goat
|-sidestart|p2: NikolaDaKing|Reflect
|
|upkeep
|turn|28
|
|t:|1779943125
|move|p1a: Dragonite|Dragon Dance|p1a: Dragonite
|-boost|p1a: Dragonite|atk|1
|-boost|p1a: Dragonite|spe|1
|move|p2a: Pinto Da Goat|Hex|p1a: Dragonite
|-damage|p1a: Dragonite|87/100
|
|upkeep
|turn|29
|
|t:|1779943131
|switch|p2a: CALEB ANNIHILATOR|Grafaiai, F|82/100
|move|p1a: Dragonite|Dragon Dance|p1a: Dragonite
|-boost|p1a: Dragonite|atk|1
|-boost|p1a: Dragonite|spe|1
|
|-heal|p2a: CALEB ANNIHILATOR|88/100|[from] item: Leftovers
|upkeep
|turn|30
|
|t:|1779943142
|move|p2a: CALEB ANNIHILATOR|Toxic|p1a: Dragonite
|-status|p1a: Dragonite|tox
|move|p1a: Dragonite|Earthquake|p2a: CALEB ANNIHILATOR
|-supereffective|p2a: CALEB ANNIHILATOR
|-damage|p2a: CALEB ANNIHILATOR|0 fnt
|faint|p2a: CALEB ANNIHILATOR
|-damage|p1a: Dragonite|77/100 tox|[from] item: Life Orb
|
|-damage|p1a: Dragonite|71/100 tox|[from] psn
|upkeep
|
|t:|1779943144
|switch|p2a: Pinto Da Goat|Sinistcha|96/100
|turn|31
|
|t:|1779943152
|move|p1a: Dragonite|Iron Head|p2a: Pinto Da Goat
|-damage|p2a: Pinto Da Goat|59/100
|-damage|p1a: Dragonite|61/100 tox|[from] item: Life Orb
|move|p2a: Pinto Da Goat|Strength Sap|p1a: Dragonite
|-unboost|p1a: Dragonite|atk|1
|-heal|p2a: Pinto Da Goat|100/100
|
|-damage|p1a: Dragonite|48/100 tox|[from] psn
|-sideend|p2: NikolaDaKing|Reflect
|upkeep
|turn|32
|
|t:|1779943165
|move|p1a: Dragonite|Iron Head|p2a: Pinto Da Goat
|-damage|p2a: Pinto Da Goat|46/100
|-damage|p1a: Dragonite|39/100 tox|[from] item: Life Orb
|move|p2a: Pinto Da Goat|Strength Sap|p1a: Dragonite
|-unboost|p1a: Dragonite|atk|1
|-heal|p2a: Pinto Da Goat|100/100
|
|-damage|p1a: Dragonite|20/100 tox|[from] psn
|upkeep
|turn|33
|
|t:|1779943169
|move|p1a: Dragonite|Iron Head|p2a: Pinto Da Goat
|-damage|p2a: Pinto Da Goat|64/100
|-damage|p1a: Dragonite|10/100 tox|[from] item: Life Orb
|move|p2a: Pinto Da Goat|Strength Sap|p1a: Dragonite
|-unboost|p1a: Dragonite|atk|1
|-heal|p2a: Pinto Da Goat|100/100
|
|-damage|p1a: Dragonite|0 fnt|[from] psn
|faint|p1a: Dragonite
|upkeep
|
|t:|1779943172
|switch|p1a: Weavile|Weavile, M|8/100
|-ability|p1a: Weavile|Pressure
|turn|34
|
|t:|1779943177
|move|p1a: Weavile|Shadow Claw|p2a: Pinto Da Goat
|-supereffective|p2a: Pinto Da Goat
|-damage|p2a: Pinto Da Goat|57/100
|move|p2a: Pinto Da Goat|Matcha Gotcha|p1a: Weavile
|-damage|p1a: Weavile|0 fnt
|-heal|p2a: Pinto Da Goat|60/100|[from] drain|[of] p1a: Weavile
|faint|p1a: Weavile
|
|win|NikolaDaKing
|raw|blighttownresident's rating: 1043 &rarr; <strong>1026</strong><br />(-17 for losing)
|raw|NikolaDaKing's rating: 1027 &rarr; <strong>1065</strong><br />(+38 for winning)
|l|☆blighttownresident
|player|p1|
