|j|☆GruesomeLovelies
|j|☆mjdj
|t:|1779835708
|gametype|singles
|player|p1|GruesomeLovelies|will|
|player|p2|mjdj|heroine2-conquest|
|gen|9
|tier|[Gen 9] OU
|rule|HP Percentage Mod: HP is shown in percentages
|rule|Endless Battle Clause: Forcing endless battles is banned
|rule|Species Clause: Limit one of each Pokémon
|rule|OHKO Clause: OHKO moves are banned
|rule|Evasion Items Clause: Evasion items are banned
|rule|Evasion Moves Clause: Evasion moves are banned
|rule|Evasion Abilities Clause: Evasion abilities are banned
|rule|Sleep Moves Clause: Sleep-inducing moves are banned
|clearpoke
|poke|p1|Skarmory, M|
|poke|p1|Arcanine-Hisui, M|
|poke|p1|Iron Boulder|
|poke|p1|Latios, M|
|poke|p1|Sylveon, M|
|poke|p1|Hydreigon, M|
|poke|p2|Umbreon, F|
|poke|p2|Vaporeon, M|
|poke|p2|Jolteon, F|
|poke|p2|Sylveon, F|
|poke|p2|Espeon, M|
|poke|p2|Leafeon, M|
|teampreview
|
|t:|1779836003
|teamsize|p1|6
|teamsize|p2|6
|start
|switch|p1a: Sylveon|Sylveon, M, shiny|100/100
|switch|p2a: Umbreon|Umbreon, F|100/100
|turn|1
|
|t:|1779836057
|move|p2a: Umbreon|Toxic|p1a: Sylveon|[miss]
|-miss|p2a: Umbreon|p1a: Sylveon
|move|p1a: Sylveon|Hyper Voice|p2a: Umbreon
|-supereffective|p2a: Umbreon
|-damage|p2a: Umbreon|9/100
|
|-heal|p2a: Umbreon|15/100|[from] item: Leftovers
|upkeep
|turn|2
|
|t:|1779836075
|switch|p1a: Skarmory|Skarmory, M|100/100
|move|p2a: Umbreon|Protect||[still]
|-fail|p2a: Umbreon
|
|-heal|p2a: Umbreon|21/100|[from] item: Leftovers
|upkeep
|turn|3
|
|t:|1779836082
|switch|p2a: Sylveon|Sylveon, F|100/100
|move|p1a: Skarmory|Stealth Rock|p2a: Sylveon
|-sidestart|p2: mjdj|move: Stealth Rock
|
|upkeep
|turn|4
|
|t:|1779836089
|switch|p2a: Espeon|Espeon, M|100/100
|-damage|p2a: Espeon|88/100|[from] Stealth Rock
|move|p1a: Skarmory|Spikes|p2a: Espeon
|move|p2a: Espeon|Spikes|p1a: Skarmory|[from] ability: Magic Bounce
|-sidestart|p1: GruesomeLovelies|Spikes
|
|upkeep
|turn|5
|
|t:|1779836110
|switch|p1a: Sylveon|Sylveon, M, shiny|100/100
|-damage|p1a: Sylveon|88/100|[from] Spikes
|move|p2a: Espeon|Reflect|p2a: Espeon
|-sidestart|p2: mjdj|Reflect
|
|upkeep
|turn|6
|
|t:|1779836118
|move|p2a: Espeon|Light Screen|p2a: Espeon
|-sidestart|p2: mjdj|move: Light Screen
|move|p1a: Sylveon|Shadow Ball|p2a: Espeon
|-supereffective|p2a: Espeon
|-damage|p2a: Espeon|47/100
|
|upkeep
|turn|7
|
|t:|1779836149
|switch|p2a: Vaporeon|Vaporeon, M|100/100
|move|p1a: Sylveon|Shadow Ball|p2a: Vaporeon
|-damage|p2a: Vaporeon|86/100
|
|upkeep
|turn|8
|
|t:|1779836183
|move|p2a: Vaporeon|Ice Beam|p1a: Sylveon
|-damage|p1a: Sylveon|72/100
|move|p1a: Sylveon|Shadow Ball|p2a: Vaporeon
|-damage|p2a: Vaporeon|72/100
|
|upkeep
|turn|9
|
|t:|1779836193
|move|p2a: Vaporeon|Wish|p2a: Vaporeon
|move|p1a: Sylveon|Shadow Ball|p2a: Vaporeon
|-damage|p2a: Vaporeon|55/100
|
|upkeep
|turn|10
|
|t:|1779836199
|move|p2a: Vaporeon|Ice Beam|p1a: Sylveon
|-damage|p1a: Sylveon|58/100
|move|p1a: Sylveon|Shadow Ball|p2a: Vaporeon
|-damage|p2a: Vaporeon|41/100
|
|-heal|p2a: Vaporeon|91/100|[from] move: Wish|[wisher] Vaporeon
|upkeep
|turn|11
|
|t:|1779836217
|switch|p1a: Iron Boulder|Iron Boulder|100/100
|-damage|p1a: Iron Boulder|88/100|[from] Spikes
|-enditem|p1a: Iron Boulder|Booster Energy
|-activate|p1a: Iron Boulder|ability: Quark Drive|[fromitem]
|-start|p1a: Iron Boulder|quarkdriveatk
|move|p2a: Vaporeon|Wish|p2a: Vaporeon
|
|upkeep
|turn|12
|
|t:|1779836234
|move|p1a: Iron Boulder|Earthquake|p2a: Vaporeon
|-damage|p2a: Vaporeon|73/100
|move|p2a: Vaporeon|Scald|p1a: Iron Boulder
|-supereffective|p1a: Iron Boulder
|-damage|p1a: Iron Boulder|29/100
|
|-heal|p2a: Vaporeon|100/100|[from] move: Wish|[wisher] Vaporeon
|-sideend|p2: mjdj|Reflect
|upkeep
|turn|13
|
|t:|1779836244
|-terastallize|p1a: Iron Boulder|Ground
|move|p1a: Iron Boulder|Earthquake|p2a: Vaporeon
|-damage|p2a: Vaporeon|49/100
|move|p2a: Vaporeon|Wish|p2a: Vaporeon
|
|-sideend|p2: mjdj|move: Light Screen
|upkeep
|turn|14
|
|t:|1779836255
|move|p2a: Vaporeon|Protect|p2a: Vaporeon
|-singleturn|p2a: Vaporeon|Protect
|move|p1a: Iron Boulder|Earthquake|p2a: Vaporeon
|-activate|p2a: Vaporeon|move: Protect
|
|-heal|p2a: Vaporeon|99/100|[from] move: Wish|[wisher] Vaporeon
|upkeep
|turn|15
|
|t:|1779836285
|-end|p1a: Iron Boulder|Quark Drive|[silent]
|switch|p1a: Sylveon|Sylveon, M, shiny|58/100
|-damage|p1a: Sylveon|45/100|[from] Spikes
|move|p2a: Vaporeon|Scald|p1a: Sylveon
|-damage|p1a: Sylveon|25/100
|
|upkeep
|turn|16
|
|t:|1779836293
|move|p2a: Vaporeon|Scald|p1a: Sylveon
|-damage|p1a: Sylveon|6/100
|move|p1a: Sylveon|Calm Mind|p1a: Sylveon
|-boost|p1a: Sylveon|spa|1
|-boost|p1a: Sylveon|spd|1
|
|upkeep
|turn|17
|
|t:|1779836299
|move|p2a: Vaporeon|Scald|p1a: Sylveon
|-damage|p1a: Sylveon|0 fnt
|faint|p1a: Sylveon
|
|upkeep
|
|t:|1779836306
|switch|p1a: Hydreigon|Hydreigon, M|100/100
|turn|18
|
|t:|1779836319
|move|p1a: Hydreigon|Nasty Plot|p1a: Hydreigon
|-boost|p1a: Hydreigon|spa|2
|move|p2a: Vaporeon|Ice Beam|p1a: Hydreigon
|-supereffective|p1a: Hydreigon
|-damage|p1a: Hydreigon|45/100
|
|upkeep
|turn|19
|
|t:|1779836329
|-terastallize|p2a: Vaporeon|Fairy
|move|p1a: Hydreigon|Dark Pulse|p2a: Vaporeon
|-resisted|p2a: Vaporeon
|-damage|p2a: Vaporeon|64/100
|cant|p2a: Vaporeon|flinch
|
|upkeep
|turn|20
|
|t:|1779836348
|switch|p1a: Arcanine|Arcanine-Hisui, M|100/100
|-damage|p1a: Arcanine|88/100|[from] Spikes
|move|p2a: Vaporeon|Ice Beam|p1a: Arcanine
|-resisted|p1a: Arcanine
|-damage|p1a: Arcanine|74/100
|
|upkeep
|turn|21
|
|t:|1779836359
|move|p1a: Arcanine|Head Smash|p2a: Vaporeon
|-damage|p2a: Vaporeon|0 fnt
|faint|p2a: Vaporeon
|
|upkeep
|
|t:|1779836364
|switch|p2a: Espeon|Espeon, M|47/100
|-damage|p2a: Espeon|34/100|[from] Stealth Rock
|turn|22
|
|t:|1779836371
|move|p2a: Espeon|Reflect|p2a: Espeon
|-sidestart|p2: mjdj|Reflect
|move|p1a: Arcanine|Head Smash|p2a: Espeon
|-damage|p2a: Espeon|0 fnt
|faint|p2a: Espeon
|
|upkeep
|
|t:|1779836421
|switch|p2a: Leafeon|Leafeon, M|100/100
|-damage|p2a: Leafeon|88/100|[from] Stealth Rock
|turn|23
|
|t:|1779836453
|move|p2a: Leafeon|Knock Off|p1a: Arcanine
|-damage|p1a: Arcanine|35/100
|-enditem|p1a: Arcanine|Choice Band|[from] move: Knock Off|[of] p2a: Leafeon
|move|p1a: Arcanine|Head Smash|p2a: Leafeon|[miss]
|-miss|p1a: Arcanine|p2a: Leafeon
|
|-heal|p2a: Leafeon|94/100|[from] item: Leftovers
|upkeep
|turn|24
|
|t:|1779836464
|move|p1a: Arcanine|Extreme Speed|p2a: Leafeon
|-damage|p2a: Leafeon|79/100
|move|p2a: Leafeon|Leaf Blade|p1a: Arcanine
|-damage|p1a: Arcanine|0 fnt
|faint|p1a: Arcanine
|
|-heal|p2a: Leafeon|85/100|[from] item: Leftovers
|upkeep
|
|t:|1779836477
|switch|p1a: Latios|Latios, M|100/100
|turn|25
|
|t:|1779836496
|move|p1a: Latios|Ice Beam|p2a: Leafeon
|-supereffective|p2a: Leafeon
|-damage|p2a: Leafeon|0 fnt
|faint|p2a: Leafeon
|
|upkeep
|
|t:|1779836502
|switch|p2a: Sylveon|Sylveon, F|100/100
|-damage|p2a: Sylveon|88/100|[from] Stealth Rock
|turn|26
|
|t:|1779836531
|switch|p1a: Skarmory|Skarmory, M|100/100
|move|p2a: Sylveon|Hyper Voice|p1a: Skarmory
|-resisted|p1a: Skarmory
|-damage|p1a: Skarmory|66/100
|
|-heal|p2a: Sylveon|94/100|[from] item: Leftovers
|upkeep
|turn|27
|
|t:|1779836546
|move|p1a: Skarmory|Spikes|p2a: Sylveon
|-sidestart|p2: mjdj|Spikes
|move|p2a: Sylveon|Calm Mind|p2a: Sylveon
|-boost|p2a: Sylveon|spa|1
|-boost|p2a: Sylveon|spd|1
|
|-heal|p2a: Sylveon|99/100|[from] item: Leftovers
|upkeep
|turn|28
|
|t:|1779836553
|move|p2a: Sylveon|Hyper Voice|p1a: Skarmory
|-resisted|p1a: Skarmory
|-damage|p1a: Skarmory|11/100
|move|p1a: Skarmory|Whirlwind|p2a: Sylveon
|drag|p2a: Umbreon|Umbreon, F|21/100
|-damage|p2a: Umbreon|9/100|[from] Stealth Rock
|-damage|p2a: Umbreon|0 fnt|[from] Spikes
|faint|p2a: Umbreon
|
|upkeep
|
|t:|1779836561
|switch|p2a: Sylveon|Sylveon, F|99/100
|-damage|p2a: Sylveon|88/100|[from] Stealth Rock
|-damage|p2a: Sylveon|75/100|[from] Spikes
|turn|29
|-enditem|p1a: Skarmory|Custap Berry|[eat]
|-activate|p1a: Skarmory|item: Custap Berry|[consumed]
|
|t:|1779836569
|move|p2a: Sylveon|Hyper Voice|p1a: Skarmory
|-resisted|p1a: Skarmory
|-damage|p1a: Skarmory|0 fnt
|faint|p1a: Skarmory
|
|-heal|p2a: Sylveon|81/100|[from] item: Leftovers
|-sideend|p2: mjdj|Reflect
|upkeep
|
|t:|1779836586
|switch|p1a: Hydreigon|Hydreigon, M|45/100
|turn|30
|
|t:|1779836590
|move|p1a: Hydreigon|Flash Cannon|p2a: Sylveon
|-supereffective|p2a: Sylveon
|-damage|p2a: Sylveon|42/100
|move|p2a: Sylveon|Hyper Voice|p1a: Hydreigon
|-supereffective|p1a: Hydreigon
|-damage|p1a: Hydreigon|0 fnt
|faint|p1a: Hydreigon
|
|-heal|p2a: Sylveon|48/100|[from] item: Leftovers
|upkeep
|
|t:|1779836594
|switch|p1a: Iron Boulder|Iron Boulder, tera:Ground|29/100
|-damage|p1a: Iron Boulder|17/100|[from] Spikes
|turn|31
|
|t:|1779836601
|move|p1a: Iron Boulder|Earthquake|p2a: Sylveon
|-damage|p2a: Sylveon|0 fnt
|faint|p2a: Sylveon
|
|upkeep
|
|t:|1779836605
|switch|p2a: Jolteon|Jolteon, F|100/100
|-damage|p2a: Jolteon|88/100|[from] Stealth Rock
|-damage|p2a: Jolteon|76/100|[from] Spikes
|turn|32
|
|t:|1779836616
|move|p2a: Jolteon|Shadow Ball|p1a: Iron Boulder
|-damage|p1a: Iron Boulder|0 fnt
|faint|p1a: Iron Boulder
|-end|p1a: Iron Boulder|Quark Drive|[silent]
|
|upkeep
|
|t:|1779836618
|switch|p1a: Latios|Latios, M|100/100
|turn|33
|
|t:|1779836622
|move|p2a: Jolteon|Shadow Ball|p1a: Latios
|-supereffective|p1a: Latios
|-damage|p1a: Latios|32/100
|move|p1a: Latios|Draco Meteor|p2a: Jolteon
|-damage|p2a: Jolteon|0 fnt
|-unboost|p1a: Latios|spa|2
|faint|p2a: Jolteon
|
|win|GruesomeLovelies
|l|☆mjdj
|player|p2|
