|j|☆Z4W6
|j|☆apexmello
|t:|1779870587
|gametype|singles
|player|p1|Z4W6|ghetsis|1299
|player|p2|apexmello|101|1271
|gen|9
|tier|[Gen 9] OU
|rated|
|rule|HP Percentage Mod: HP is shown in percentages
|rule|Endless Battle Clause: Forcing endless battles is banned
|rule|Species Clause: Limit one of each Pokémon
|rule|OHKO Clause: OHKO moves are banned
|rule|Evasion Items Clause: Evasion items are banned
|rule|Evasion Moves Clause: Evasion moves are banned
|rule|Evasion Abilities Clause: Evasion abilities are banned
|rule|Sleep Moves Clause: Sleep-inducing moves are banned
|clearpoke
|poke|p1|Cloyster, F|
|poke|p1|Gallade, M|
|poke|p1|Kingambit, M|
|poke|p1|Iron Moth|
|poke|p1|Enamorus, F|
|poke|p1|Ogerpon-Cornerstone, F|
|poke|p2|Corviknight, M|
|poke|p2|Kingambit, F|
|poke|p2|Dragapult, F|
|poke|p2|Iron Valiant|
|poke|p2|Slowking-Galar, M|
|poke|p2|Meowscarada, F|
|teampreview
|
|t:|1779870597
|teamsize|p1|6
|teamsize|p2|6
|start
|switch|p1a: Cloyster|Cloyster, F|100/100
|switch|p2a: Iron Valiant|Iron Valiant|100/100
|-enditem|p2a: Iron Valiant|Booster Energy
|-activate|p2a: Iron Valiant|ability: Quark Drive|[fromitem]
|-start|p2a: Iron Valiant|quarkdrivespe
|turn|1
|
|t:|1779870607
|move|p2a: Iron Valiant|Aura Sphere|p1a: Cloyster
|-supereffective|p1a: Cloyster
|-enditem|p1a: Cloyster|Focus Sash
|-damage|p1a: Cloyster|1/100
|move|p1a: Cloyster|Shell Smash|p1a: Cloyster
|-unboost|p1a: Cloyster|def|1
|-unboost|p1a: Cloyster|spd|1
|-boost|p1a: Cloyster|atk|2
|-boost|p1a: Cloyster|spa|2
|-boost|p1a: Cloyster|spe|2
|
|upkeep
|turn|2
|
|t:|1779870621
|-end|p2a: Iron Valiant|Quark Drive|[silent]
|switch|p2a: Kingambit|Kingambit, F|100/100
|move|p1a: Cloyster|Icicle Spear|p2a: Kingambit
|-resisted|p2a: Kingambit
|-damage|p2a: Kingambit|92/100
|-resisted|p2a: Kingambit
|-damage|p2a: Kingambit|83/100
|-resisted|p2a: Kingambit
|-crit|p2a: Kingambit
|-damage|p2a: Kingambit|70/100
|-resisted|p2a: Kingambit
|-damage|p2a: Kingambit|62/100
|-resisted|p2a: Kingambit
|-damage|p2a: Kingambit|53/100
|-hitcount|p2a: Kingambit|5
|
|upkeep
|turn|3
|
|t:|1779870634
|switch|p1a: Gallade|Gallade, M|100/100
|move|p2a: Kingambit|Iron Head|p1a: Gallade
|-damage|p1a: Gallade|23/100
|
|upkeep
|turn|4
|
|t:|1779870641
|move|p2a: Kingambit|Sucker Punch||[still]
|-fail|p2a: Kingambit
|move|p1a: Gallade|Swords Dance|p1a: Gallade
|-boost|p1a: Gallade|atk|2
|
|upkeep
|turn|5
|
|t:|1779870648
|-end|p2a: Kingambit|fallenundefined|[silent]
|switch|p2a: Corviknight|Corviknight, M, shiny|100/100
|move|p1a: Gallade|Sacred Sword|p2a: Corviknight
|-damage|p2a: Corviknight|0 fnt
|-damage|p1a: Gallade|7/100|[from] item: Rocky Helmet|[of] p2a: Corviknight
|faint|p2a: Corviknight
|
|upkeep
|
|t:|1779870661
|switch|p2a: Meowscarada|Meowscarada, F|100/100
|turn|6
|
|t:|1779870673
|move|p2a: Meowscarada|Flower Trick|p1a: Gallade
|-start|p2a: Meowscarada|typechange|Grass|[from] ability: Protean
|-crit|p1a: Gallade
|-damage|p1a: Gallade|0 fnt
|faint|p1a: Gallade
|
|upkeep
|
|t:|1779870679
|switch|p1a: Iron Moth|Iron Moth|100/100
|-enditem|p1a: Iron Moth|Booster Energy
|-activate|p1a: Iron Moth|ability: Quark Drive|[fromitem]
|-start|p1a: Iron Moth|quarkdrivespe
|turn|7
|
|t:|1779870689
|move|p1a: Iron Moth|Sludge Wave|p2a: Meowscarada
|-supereffective|p2a: Meowscarada
|-damage|p2a: Meowscarada|0 fnt
|faint|p2a: Meowscarada
|
|upkeep
|
|t:|1779870697
|switch|p2a: Slowking|Slowking-Galar, M|100/100
|turn|8
|
|t:|1779870701
|move|p1a: Iron Moth|Fiery Dance|p2a: Slowking
|-damage|p2a: Slowking|80/100
|move|p2a: Slowking|Future Sight|p1a: Iron Moth
|-start|p2a: Slowking|move: Future Sight
|
|upkeep
|turn|9
|
|t:|1779870713
|-end|p1a: Iron Moth|Quark Drive|[silent]
|switch|p1a: Ogerpon|Ogerpon-Cornerstone, F|100/100
|move|p2a: Slowking|Chilling Water|p1a: Ogerpon
|-damage|p1a: Ogerpon|86/100
|-unboost|p1a: Ogerpon|atk|1
|
|upkeep
|turn|10
|
|t:|1779870721
|-terastallize|p1a: Ogerpon|Rock
|detailschange|p1a: Ogerpon|Ogerpon-Cornerstone-Tera, F, tera:Rock
|-ability|p1a: Ogerpon|Embody Aspect (Cornerstone)|boost
|-boost|p1a: Ogerpon|def|1
|move|p1a: Ogerpon|Ivy Cudgel|p2a: Slowking|[anim] Ivy Cudgel Rock
|-damage|p2a: Slowking|39/100
|move|p2a: Slowking|Sludge Bomb|p1a: Ogerpon
|-resisted|p1a: Ogerpon
|-damage|p1a: Ogerpon|66/100
|-status|p1a: Ogerpon|psn
|
|-end|p1a: Ogerpon|move: Future Sight
|-damage|p1a: Ogerpon|11/100 psn
|-damage|p1a: Ogerpon|0 fnt|[from] psn
|faint|p1a: Ogerpon
|detailschange|p1: Ogerpon|Ogerpon-Cornerstone, F|[silent]
|upkeep
|
|t:|1779870736
|switch|p1a: Enamorus|Enamorus, F|100/100
|turn|11
|
|t:|1779870743
|switch|p2a: Iron Valiant|Iron Valiant|100/100
|move|p1a: Enamorus|Earth Power|p2a: Iron Valiant
|-damage|p2a: Iron Valiant|34/100
|
|upkeep
|turn|12
|
|t:|1779870753
|move|p2a: Iron Valiant|Aura Sphere|p1a: Enamorus
|-resisted|p1a: Enamorus
|-damage|p1a: Enamorus|85/100
|move|p1a: Enamorus|Moonblast|p2a: Iron Valiant
|-supereffective|p2a: Iron Valiant
|-damage|p2a: Iron Valiant|0 fnt
|faint|p2a: Iron Valiant
|-end|p2a: Iron Valiant|Quark Drive|[silent]
|
|upkeep
|
|t:|1779870775
|switch|p2a: Slowking|Slowking-Galar, M|72/100
|turn|13
|
|t:|1779870784
|move|p1a: Enamorus|Earth Power|p2a: Slowking
|-supereffective|p2a: Slowking
|-damage|p2a: Slowking|39/100
|move|p2a: Slowking|Sludge Bomb|p1a: Enamorus
|-supereffective|p1a: Enamorus
|-damage|p1a: Enamorus|0 fnt
|faint|p1a: Enamorus
|
|upkeep
|
|t:|1779870788
|switch|p1a: Iron Moth|Iron Moth|100/100
|turn|14
|
|t:|1779870795
|move|p1a: Iron Moth|Fiery Dance|p2a: Slowking
|-damage|p2a: Slowking|19/100
|move|p2a: Slowking|Future Sight|p1a: Iron Moth
|-start|p2a: Slowking|move: Future Sight
|
|upkeep
|turn|15
|
|t:|1779870807
|switch|p2a: Kingambit|Kingambit, F|53/100
|-activate|p2a: Kingambit|ability: Supreme Overlord
|-start|p2a: Kingambit|fallen3|[silent]
|move|p1a: Iron Moth|Fiery Dance|p2a: Kingambit
|-supereffective|p2a: Kingambit
|-damage|p2a: Kingambit|0 fnt
|faint|p2a: Kingambit
|-end|p2a: Kingambit|fallen3|[silent]
|
|upkeep
|
|t:|1779870825
|switch|p2a: Slowking|Slowking-Galar, M|52/100
|turn|16
|
|t:|1779870832
|-end|p1a: Iron Moth|Quark Drive|[silent]
|switch|p1a: Cloyster|Cloyster, F|1/100
|switch|p2a: Dragapult|Dragapult, F|100/100
|
|-end|p1a: Cloyster|move: Future Sight
|-damage|p1a: Cloyster|0 fnt
|faint|p1a: Cloyster
|upkeep
|
|t:|1779870842
|switch|p1a: Iron Moth|Iron Moth|100/100
|turn|17
|
|t:|1779870850
|switch|p2a: Slowking|Slowking-Galar, M|85/100
|move|p1a: Iron Moth|Dazzling Gleam|p2a: Slowking
|-resisted|p2a: Slowking
|-damage|p2a: Slowking|78/100
|
|upkeep
|turn|18
|
|t:|1779870857
|-end|p1a: Iron Moth|Quark Drive|[silent]
|switch|p1a: Kingambit|Kingambit, M|100/100
|-activate|p1a: Kingambit|ability: Supreme Overlord
|-start|p1a: Kingambit|fallen4|[silent]
|move|p2a: Slowking|Chilling Water|p1a: Kingambit
|-damage|p1a: Kingambit|87/100
|-unboost|p1a: Kingambit|atk|1
|
|upkeep
|turn|19
|
|t:|1779870866
|move|p1a: Kingambit|Kowtow Cleave|p2a: Slowking
|-supereffective|p2a: Slowking
|-damage|p2a: Slowking|0 fnt
|faint|p2a: Slowking
|-damage|p1a: Kingambit|77/100|[from] item: Life Orb
|
|upkeep
|
|t:|1779870873
|switch|p2a: Dragapult|Dragapult, F|100/100
|turn|20
|
|t:|1779870877
|move|p1a: Kingambit|Sucker Punch||[still]
|-fail|p1a: Kingambit
|move|p2a: Dragapult|Will-O-Wisp|p1a: Kingambit
|-status|p1a: Kingambit|brn
|
|-damage|p1a: Kingambit|71/100 brn|[from] brn
|upkeep
|turn|21
|
|t:|1779870892
|-terastallize|p2a: Dragapult|Dragon
|move|p2a: Dragapult|Thunderbolt|p1a: Kingambit
|-damage|p1a: Kingambit|44/100 brn
|move|p1a: Kingambit|Kowtow Cleave|p2a: Dragapult
|-damage|p2a: Dragapult|58/100
|-damage|p1a: Kingambit|34/100 brn|[from] item: Life Orb
|
|-heal|p2a: Dragapult|64/100|[from] item: Leftovers
|-damage|p1a: Kingambit|28/100 brn|[from] brn
|upkeep
|turn|22
|
|t:|1779870909
|move|p1a: Kingambit|Sucker Punch||[still]
|-fail|p1a: Kingambit
|move|p2a: Dragapult|Will-O-Wisp|p1a: Kingambit
|-fail|p1a: Kingambit|brn
|
|-heal|p2a: Dragapult|70/100|[from] item: Leftovers
|-damage|p1a: Kingambit|22/100 brn|[from] brn
|upkeep
|turn|23
|
|t:|1779870920
|move|p1a: Kingambit|Sucker Punch|p2a: Dragapult
|-damage|p2a: Dragapult|34/100
|-damage|p1a: Kingambit|12/100 brn|[from] item: Life Orb
|move|p2a: Dragapult|Thunderbolt|p1a: Kingambit
|-damage|p1a: Kingambit|0 fnt
|faint|p1a: Kingambit
|-end|p1a: Kingambit|fallen4|[silent]
|
|-heal|p2a: Dragapult|40/100|[from] item: Leftovers
|upkeep
|
|t:|1779870923
|switch|p1a: Iron Moth|Iron Moth|100/100
|turn|24
|
|t:|1779870933
|move|p2a: Dragapult|Dragon Darts|p1a: Iron Moth
|-damage|p1a: Iron Moth|59/100
|-anim|p2a: Dragapult|Dragon Darts|p1a: Iron Moth
|-damage|p1a: Iron Moth|17/100
|move|p1a: Iron Moth|Dazzling Gleam|p2a: Dragapult
|-supereffective|p2a: Dragapult
|-damage|p2a: Dragapult|0 fnt
|faint|p2a: Dragapult
|
|win|Z4W6
|raw|Z4W6's rating: 1299 &rarr; <strong>1322</strong><br />(+23 for winning)
|raw|apexmello's rating: 1271 &rarr; <strong>1248</strong><br />(-23 for losing)
|l|☆apexmello
|player|p2|
|l|☆Z4W6
|player|p1|
