|j|☆QuincyPKM
|j|☆Kakimori
|t:|1779853974
|gametype|singles
|player|p1|QuincyPKM|giovanni|1350
|player|p2|Kakimori|266|1319
|gen|9
|tier|[Gen 9] OU
|rated|
|rule|HP Percentage Mod: HP is shown in percentages
|rule|Endless Battle Clause: Forcing endless battles is banned
|rule|Species Clause: Limit one of each Pokémon
|rule|OHKO Clause: OHKO moves are banned
|rule|Evasion Items Clause: Evasion items are banned
|rule|Evasion Moves Clause: Evasion moves are banned
|rule|Evasion Abilities Clause: Evasion abilities are banned
|rule|Sleep Moves Clause: Sleep-inducing moves are banned
|clearpoke
|poke|p1|Volcanion|
|poke|p1|Rillaboom, F|
|poke|p1|Slowking-Galar, F|
|poke|p1|Scizor, F|
|poke|p1|Raging Bolt|
|poke|p1|Great Tusk|
|poke|p2|Skeledirge, F|
|poke|p2|Mandibuzz, F|
|poke|p2|Gliscor, M|
|poke|p2|Milotic, F|
|poke|p2|Conkeldurr, F|
|poke|p2|Sylveon, F|
|teampreview
|inactive|Battle timer is ON: inactive players will automatically lose when time's up. (requested by QuincyPKM)
|
|t:|1779853984
|teamsize|p1|6
|teamsize|p2|6
|start
|switch|p1a: Rillaboom|Rillaboom, F|100/100
|switch|p2a: Mandibuzz|Mandibuzz, F|100/100
|-fieldstart|move: Grassy Terrain|[from] ability: Grassy Surge|[of] p1a: Rillaboom
|turn|1
|
|t:|1779853991
|move|p1a: Rillaboom|U-turn|p2a: Mandibuzz
|-damage|p2a: Mandibuzz|88/100
|-damage|p1a: Rillaboom|84/100|[from] item: Rocky Helmet|[of] p2a: Mandibuzz
|
|t:|1779853999
|switch|p1a: Raging Bolt|Raging Bolt|100/100|[from] U-turn
|move|p2a: Mandibuzz|Foul Play|p1a: Raging Bolt
|-damage|p1a: Raging Bolt|84/100
|
|-heal|p1a: Raging Bolt|90/100|[from] Grassy Terrain
|upkeep
|turn|2
|
|t:|1779854014
|switch|p2a: Gliscor|Gliscor, M|100/100
|move|p1a: Raging Bolt|Draco Meteor|p2a: Gliscor
|-damage|p2a: Gliscor|0 fnt
|-unboost|p1a: Raging Bolt|spa|2
|faint|p2a: Gliscor
|
|-heal|p1a: Raging Bolt|96/100|[from] Grassy Terrain
|upkeep
|
|t:|1779854037
|switch|p2a: Skeledirge|Skeledirge, F|100/100
|turn|3
|
|t:|1779854043
|-end|p1a: Raging Bolt|Protosynthesis|[silent]
|switch|p1a: Volcanion|Volcanion|100/100
|move|p2a: Skeledirge|Torch Song|p1a: Volcanion
|-resisted|p1a: Volcanion
|-damage|p1a: Volcanion|92/100
|-boost|p2a: Skeledirge|spa|1
|
|-heal|p1a: Volcanion|98/100|[from] Grassy Terrain
|upkeep
|turn|4
|
|t:|1779854061
|-terastallize|p2a: Skeledirge|Fairy
|move|p1a: Volcanion|Steam Eruption|p2a: Skeledirge
|-damage|p2a: Skeledirge|33/100
|move|p2a: Skeledirge|Torch Song|p1a: Volcanion
|-resisted|p1a: Volcanion
|-damage|p1a: Volcanion|85/100
|-boost|p2a: Skeledirge|spa|1
|
|-heal|p1a: Volcanion|91/100|[from] Grassy Terrain
|-heal|p2a: Skeledirge|39/100|[from] Grassy Terrain
|-heal|p2a: Skeledirge|45/100|[from] item: Leftovers
|upkeep
|turn|5
|
|t:|1779854075
|switch|p2a: Milotic|Milotic, F|100/100
|move|p1a: Volcanion|Steam Eruption|p2a: Milotic
|-resisted|p2a: Milotic
|-damage|p2a: Milotic|70/100
|-status|p2a: Milotic|brn
|
|-heal|p1a: Volcanion|97/100|[from] Grassy Terrain
|-heal|p2a: Milotic|76/100 brn|[from] Grassy Terrain
|-heal|p2a: Milotic|82/100 brn|[from] item: Leftovers
|-damage|p2a: Milotic|76/100 brn|[from] brn
|-fieldend|move: Grassy Terrain
|upkeep
|turn|6
|
|t:|1779854090
|switch|p1a: Rillaboom|Rillaboom, F|84/100
|-fieldstart|move: Grassy Terrain|[from] ability: Grassy Surge|[of] p1a: Rillaboom
|move|p2a: Milotic|Ice Beam|p1a: Rillaboom
|-supereffective|p1a: Rillaboom
|-damage|p1a: Rillaboom|50/100
|
|-heal|p1a: Rillaboom|56/100|[from] Grassy Terrain
|-heal|p2a: Milotic|82/100 brn|[from] Grassy Terrain
|-heal|p2a: Milotic|88/100 brn|[from] item: Leftovers
|-damage|p2a: Milotic|82/100 brn|[from] brn
|upkeep
|turn|7
|
|t:|1779854103
|switch|p2a: Mandibuzz|Mandibuzz, F|88/100
|move|p1a: Rillaboom|U-turn|p2a: Mandibuzz
|-damage|p2a: Mandibuzz|76/100
|-damage|p1a: Rillaboom|39/100|[from] item: Rocky Helmet|[of] p2a: Mandibuzz
|
|t:|1779854108
|switch|p1a: Volcanion|Volcanion|97/100|[from] U-turn
|
|-heal|p1a: Volcanion|100/100|[from] Grassy Terrain
|upkeep
|turn|8
|
|t:|1779854115
|switch|p2a: Milotic|Milotic, F|82/100 brn
|move|p1a: Volcanion|Steam Eruption|p2a: Milotic
|-resisted|p2a: Milotic
|-damage|p2a: Milotic|55/100 brn
|
|-heal|p2a: Milotic|61/100 brn|[from] Grassy Terrain
|-heal|p2a: Milotic|68/100 brn|[from] item: Leftovers
|-damage|p2a: Milotic|61/100 brn|[from] brn
|upkeep
|turn|9
|
|t:|1779854126
|move|p1a: Volcanion|Steam Eruption|p2a: Milotic
|-resisted|p2a: Milotic
|-damage|p2a: Milotic|34/100 brn
|move|p2a: Milotic|Rest|p2a: Milotic
|-status|p2a: Milotic|slp|[from] move: Rest
|-heal|p2a: Milotic|100/100 slp|[silent]
|
|upkeep
|turn|10
|
|t:|1779854134
|switch|p1a: Raging Bolt|Raging Bolt|96/100
|cant|p2a: Milotic|slp
|move|p2a: Milotic|Sleep Talk|p2a: Milotic
|move|p2a: Milotic|Scald|p1a: Raging Bolt|[from] move: Sleep Talk
|-resisted|p1a: Raging Bolt
|-damage|p1a: Raging Bolt|84/100
|-status|p1a: Raging Bolt|brn
|
|-heal|p1a: Raging Bolt|90/100 brn|[from] Grassy Terrain
|-damage|p1a: Raging Bolt|84/100 brn|[from] brn
|-fieldend|move: Grassy Terrain
|upkeep
|turn|11
|
|t:|1779854148
|switch|p2a: Sylveon|Sylveon, F, shiny|100/100
|move|p1a: Raging Bolt|Volt Switch|p2a: Sylveon
|-damage|p2a: Sylveon|63/100
|
|t:|1779854153
|-end|p1a: Raging Bolt|Protosynthesis|[silent]
|switch|p1a: Scizor|Scizor, F|100/100|[from] Volt Switch
|
|-heal|p2a: Sylveon|69/100|[from] item: Leftovers
|upkeep
|turn|12
|
|t:|1779854158
|move|p2a: Sylveon|Protect|p2a: Sylveon
|-singleturn|p2a: Sylveon|Protect
|move|p1a: Scizor|Bullet Punch|p2a: Sylveon
|-activate|p2a: Sylveon|move: Protect
|
|-heal|p2a: Sylveon|75/100|[from] item: Leftovers
|upkeep
|turn|13
|
|t:|1779854170
|switch|p2a: Mandibuzz|Mandibuzz, F|76/100
|move|p1a: Scizor|U-turn|p2a: Mandibuzz
|-damage|p2a: Mandibuzz|47/100
|-damage|p1a: Scizor|84/100|[from] item: Rocky Helmet|[of] p2a: Mandibuzz
|-damage|p1a: Scizor|74/100|[from] item: Life Orb
|
|t:|1779854177
|switch|p1a: Raging Bolt|Raging Bolt|84/100 brn|[from] U-turn
|
|-damage|p1a: Raging Bolt|78/100 brn|[from] brn
|upkeep
|turn|14
|
|t:|1779854195
|move|p2a: Mandibuzz|Roost|p2a: Mandibuzz
|-heal|p2a: Mandibuzz|97/100
|-singleturn|p2a: Mandibuzz|move: Roost
|move|p1a: Raging Bolt|Volt Switch|p2a: Mandibuzz
|-damage|p2a: Mandibuzz|43/100
|
|t:|1779854205
|-end|p1a: Raging Bolt|Protosynthesis|[silent]
|switch|p1a: Rillaboom|Rillaboom, F|39/100|[from] Volt Switch
|-fieldstart|move: Grassy Terrain|[from] ability: Grassy Surge|[of] p1a: Rillaboom
|
|-heal|p1a: Rillaboom|46/100|[from] Grassy Terrain
|-heal|p2a: Mandibuzz|49/100|[from] Grassy Terrain
|upkeep
|turn|15
|
|t:|1779854213
|move|p1a: Rillaboom|Knock Off|p2a: Mandibuzz
|-resisted|p2a: Mandibuzz
|-damage|p2a: Mandibuzz|41/100
|-damage|p1a: Rillaboom|29/100|[from] item: Rocky Helmet|[of] p2a: Mandibuzz
|-enditem|p2a: Mandibuzz|Rocky Helmet|[from] move: Knock Off|[of] p1a: Rillaboom
|move|p2a: Mandibuzz|Foul Play|p1a: Rillaboom
|-damage|p1a: Rillaboom|0 fnt
|faint|p1a: Rillaboom
|
|upkeep
|
|t:|1779854223
|switch|p1a: Raging Bolt|Raging Bolt|78/100 brn
|turn|16
|
|t:|1779854236
|move|p2a: Mandibuzz|Roost|p2a: Mandibuzz
|-heal|p2a: Mandibuzz|91/100
|-singleturn|p2a: Mandibuzz|move: Roost
|move|p1a: Raging Bolt|Volt Switch|p2a: Mandibuzz
|-damage|p2a: Mandibuzz|33/100
|
|t:|1779854243
|-end|p1a: Raging Bolt|Protosynthesis|[silent]
|switch|p1a: Volcanion|Volcanion|100/100|[from] Volt Switch
|
|-heal|p2a: Mandibuzz|39/100|[from] Grassy Terrain
|upkeep
|turn|17
|
|t:|1779854250
|switch|p2a: Milotic|Milotic, F|100/100 slp
|move|p1a: Volcanion|Sludge Bomb|p2a: Milotic
|-damage|p2a: Milotic|71/100 slp
|
|-heal|p2a: Milotic|77/100 slp|[from] Grassy Terrain
|-heal|p2a: Milotic|84/100 slp|[from] item: Leftovers
|upkeep
|turn|18
|
|t:|1779854259
|move|p1a: Volcanion|Sludge Bomb|p2a: Milotic
|-damage|p2a: Milotic|54/100 slp
|cant|p2a: Milotic|slp
|move|p2a: Milotic|Sleep Talk|p2a: Milotic
|move|p2a: Milotic|Rest||[from] move: Sleep Talk|[still]
|-fail|p2a: Milotic
|
|-heal|p2a: Milotic|61/100 slp|[from] Grassy Terrain
|-heal|p2a: Milotic|67/100 slp|[from] item: Leftovers
|-fieldend|move: Grassy Terrain
|upkeep
|turn|19
|
|t:|1779854281
|switch|p2a: Conkeldurr|Conkeldurr, F|100/100
|move|p1a: Volcanion|Sludge Bomb|p2a: Conkeldurr
|-damage|p2a: Conkeldurr|50/100
|
|-heal|p2a: Conkeldurr|56/100|[from] item: Leftovers
|upkeep
|turn|20
|
|t:|1779854296
|-terastallize|p1a: Volcanion|Fire
|move|p1a: Volcanion|Sludge Bomb|p2a: Conkeldurr
|-damage|p2a: Conkeldurr|5/100
|move|p2a: Conkeldurr|Drain Punch|p1a: Volcanion
|-damage|p1a: Volcanion|57/100
|-heal|p2a: Conkeldurr|23/100|[from] drain|[of] p1a: Volcanion
|
|-heal|p2a: Conkeldurr|29/100|[from] item: Leftovers
|upkeep
|turn|21
|
|t:|1779854306
|move|p2a: Conkeldurr|Mach Punch|p1a: Volcanion
|-damage|p1a: Volcanion|34/100
|move|p1a: Volcanion|Sludge Bomb|p2a: Conkeldurr
|-damage|p2a: Conkeldurr|0 fnt
|faint|p2a: Conkeldurr
|
|upkeep
|inactive|Kakimori has 120 seconds left.
|
|t:|1779854323
|switch|p2a: Mandibuzz|Mandibuzz, F|39/100
|turn|22
|c|☆QuincyPKM|guts conk would have gotten that ko btw
|c|☆Kakimori|it is guts
|inactive|QuincyPKM has 120 seconds left.
|
|t:|1779854354
|switch|p1a: Scizor|Scizor, F|74/100
|move|p2a: Mandibuzz|Foul Play|p1a: Scizor
|-damage|p1a: Scizor|19/100
|
|upkeep
|turn|23
|
|t:|1779854363
|move|p1a: Scizor|Bullet Punch|p2a: Mandibuzz
|-damage|p2a: Mandibuzz|13/100
|-damage|p1a: Scizor|9/100|[from] item: Life Orb
|move|p2a: Mandibuzz|Foul Play|p1a: Scizor
|-damage|p1a: Scizor|0 fnt
|faint|p1a: Scizor
|
|upkeep
|
|t:|1779854369
|switch|p1a: Great Tusk|Great Tusk|100/100
|turn|24
|
|t:|1779854380
|move|p1a: Great Tusk|Close Combat|p2a: Mandibuzz
|-damage|p2a: Mandibuzz|0 fnt
|-unboost|p1a: Great Tusk|def|1
|-unboost|p1a: Great Tusk|spd|1
|faint|p2a: Mandibuzz
|
|upkeep
|c|☆QuincyPKM|no flame orb??
|
|t:|1779854390
|switch|p2a: Skeledirge|Skeledirge, F, tera:Fairy|45/100
|turn|25
|
|t:|1779854404
|-end|p1a: Great Tusk|Protosynthesis|[silent]
|switch|p1a: Raging Bolt|Raging Bolt|78/100 brn
|move|p2a: Skeledirge|Slack Off|p2a: Skeledirge
|-heal|p2a: Skeledirge|95/100
|
|-heal|p2a: Skeledirge|100/100|[from] item: Leftovers
|-damage|p1a: Raging Bolt|72/100 brn|[from] brn
|upkeep
|turn|26
|c|☆Kakimori|bulk up set
|c|☆QuincyPKM|aha
|
|t:|1779854422
|move|p1a: Raging Bolt|Volt Switch|p2a: Skeledirge
|-damage|p2a: Skeledirge|52/100
|
|t:|1779854427
|-end|p1a: Raging Bolt|Protosynthesis|[silent]
|switch|p1a: Slowking|Slowking-Galar, F|100/100|[from] Volt Switch
|move|p2a: Skeledirge|Torch Song|p1a: Slowking
|-damage|p1a: Slowking|83/100
|-boost|p2a: Skeledirge|spa|1
|
|-heal|p2a: Skeledirge|58/100|[from] item: Leftovers
|upkeep
|turn|27
|
|t:|1779854447
|move|p2a: Skeledirge|Hex|p1a: Slowking
|-supereffective|p1a: Slowking
|-crit|p1a: Slowking
|-damage|p1a: Slowking|16/100
|move|p1a: Slowking|Sludge Bomb|p2a: Skeledirge
|-supereffective|p2a: Skeledirge
|-damage|p2a: Skeledirge|5/100
|-status|p2a: Skeledirge|psn
|
|-heal|p2a: Skeledirge|11/100 psn|[from] item: Leftovers
|-damage|p2a: Skeledirge|0 fnt|[from] psn
|faint|p2a: Skeledirge
|upkeep
|inactive|Kakimori has 120 seconds left.
|
|t:|1779854470
|switch|p2a: Sylveon|Sylveon, F, shiny|75/100
|turn|28
|
|t:|1779854481
|switch|p1a: Great Tusk|Great Tusk|100/100
|move|p2a: Sylveon|Calm Mind|p2a: Sylveon
|-boost|p2a: Sylveon|spa|1
|-boost|p2a: Sylveon|spd|1
|
|-heal|p2a: Sylveon|81/100|[from] item: Leftovers
|upkeep
|turn|29
|
|t:|1779854494
|move|p2a: Sylveon|Protect|p2a: Sylveon
|-singleturn|p2a: Sylveon|Protect
|move|p1a: Great Tusk|Headlong Rush|p2a: Sylveon
|-activate|p2a: Sylveon|move: Protect
|
|-heal|p2a: Sylveon|88/100|[from] item: Leftovers
|upkeep
|turn|30
|
|t:|1779854502
|move|p1a: Great Tusk|Headlong Rush|p2a: Sylveon
|-damage|p2a: Sylveon|38/100
|-unboost|p1a: Great Tusk|def|1
|-unboost|p1a: Great Tusk|spd|1
|move|p2a: Sylveon|Wish|p2a: Sylveon
|
|-heal|p2a: Sylveon|44/100|[from] item: Leftovers
|upkeep
|turn|31
|
|t:|1779854514
|move|p1a: Great Tusk|Stealth Rock|p2a: Sylveon
|-sidestart|p2: Kakimori|move: Stealth Rock
|move|p2a: Sylveon|Calm Mind|p2a: Sylveon
|-boost|p2a: Sylveon|spa|1
|-boost|p2a: Sylveon|spd|1
|
|-heal|p2a: Sylveon|94/100|[from] move: Wish|[wisher] Sylveon
|-heal|p2a: Sylveon|99/100|[from] item: Leftovers
|upkeep
|turn|32
|
|t:|1779854525
|-end|p1a: Great Tusk|Protosynthesis|[silent]
|switch|p1a: Slowking|Slowking-Galar, F|49/100
|move|p2a: Sylveon|Hyper Voice|p1a: Slowking
|-resisted|p1a: Slowking
|-damage|p1a: Slowking|25/100
|
|-heal|p2a: Sylveon|100/100|[from] item: Leftovers
|upkeep
|turn|33
|
|t:|1779854537
|move|p2a: Sylveon|Hyper Voice|p1a: Slowking
|-resisted|p1a: Slowking
|-damage|p1a: Slowking|2/100
|move|p1a: Slowking|Sludge Bomb|p2a: Sylveon
|-supereffective|p2a: Sylveon
|-damage|p2a: Sylveon|80/100
|
|-heal|p2a: Sylveon|86/100|[from] item: Leftovers
|upkeep
|turn|34
|
|t:|1779854549
|switch|p1a: Volcanion|Volcanion, tera:Fire|34/100
|move|p2a: Sylveon|Hyper Voice|p1a: Volcanion
|-resisted|p1a: Volcanion
|-damage|p1a: Volcanion|0 fnt
|faint|p1a: Volcanion
|
|-heal|p2a: Sylveon|92/100|[from] item: Leftovers
|upkeep
|
|t:|1779854557
|switch|p1a: Raging Bolt|Raging Bolt|72/100 brn
|turn|35
|
|t:|1779854565
|move|p1a: Raging Bolt|Volt Switch|p2a: Sylveon
|-damage|p2a: Sylveon|72/100
|
|t:|1779854574
|-end|p1a: Raging Bolt|Protosynthesis|[silent]
|switch|p1a: Slowking|Slowking-Galar, F|35/100|[from] Volt Switch
|move|p2a: Sylveon|Calm Mind|p2a: Sylveon
|-boost|p2a: Sylveon|spa|1
|-boost|p2a: Sylveon|spd|1
|
|-heal|p2a: Sylveon|78/100|[from] item: Leftovers
|upkeep
|turn|36
|
|t:|1779854583
|move|p2a: Sylveon|Protect|p2a: Sylveon
|-singleturn|p2a: Sylveon|Protect
|move|p1a: Slowking|Sludge Bomb|p2a: Sylveon
|-activate|p2a: Sylveon|move: Protect
|
|-heal|p2a: Sylveon|85/100|[from] item: Leftovers
|upkeep
|turn|37
|
|t:|1779854594
|switch|p1a: Great Tusk|Great Tusk|100/100
|move|p2a: Sylveon|Hyper Voice|p1a: Great Tusk
|-supereffective|p1a: Great Tusk
|-damage|p1a: Great Tusk|0 fnt
|faint|p1a: Great Tusk
|-end|p1a: Great Tusk|Protosynthesis|[silent]
|
|-heal|p2a: Sylveon|91/100|[from] item: Leftovers
|upkeep
|
|t:|1779854599
|switch|p1a: Slowking|Slowking-Galar, F|69/100
|turn|38
|
|t:|1779854610
|move|p2a: Sylveon|Protect|p2a: Sylveon
|-singleturn|p2a: Sylveon|Protect
|move|p1a: Slowking|Sludge Bomb|p2a: Sylveon
|-activate|p2a: Sylveon|move: Protect
|
|-heal|p2a: Sylveon|97/100|[from] item: Leftovers
|upkeep
|turn|39
|
|t:|1779854620
|move|p2a: Sylveon|Calm Mind|p2a: Sylveon
|-boost|p2a: Sylveon|spa|1
|-boost|p2a: Sylveon|spd|1
|move|p1a: Slowking|Sludge Bomb|p2a: Sylveon
|-supereffective|p2a: Sylveon
|-damage|p2a: Sylveon|83/100
|-status|p2a: Sylveon|psn
|
|-heal|p2a: Sylveon|89/100 psn|[from] item: Leftovers
|-damage|p2a: Sylveon|77/100 psn|[from] psn
|upkeep
|turn|40
|
|t:|1779854631
|move|p2a: Sylveon|Calm Mind|p2a: Sylveon
|-boost|p2a: Sylveon|spa|1
|-boost|p2a: Sylveon|spd|1
|move|p1a: Slowking|Sludge Bomb|p2a: Sylveon
|-supereffective|p2a: Sylveon
|-damage|p2a: Sylveon|64/100 psn
|
|-heal|p2a: Sylveon|71/100 psn|[from] item: Leftovers
|-damage|p2a: Sylveon|58/100 psn|[from] psn
|upkeep
|turn|41
|
|t:|1779854639
|move|p2a: Sylveon|Wish|p2a: Sylveon
|move|p1a: Slowking|Sludge Bomb|p2a: Sylveon
|-supereffective|p2a: Sylveon
|-damage|p2a: Sylveon|47/100 psn
|
|-heal|p2a: Sylveon|53/100 psn|[from] item: Leftovers
|-damage|p2a: Sylveon|41/100 psn|[from] psn
|upkeep
|turn|42
|
|t:|1779854646
|move|p2a: Sylveon|Hyper Voice|p1a: Slowking
|-resisted|p1a: Slowking
|-damage|p1a: Slowking|30/100
|move|p1a: Slowking|Sludge Bomb|p2a: Sylveon
|-supereffective|p2a: Sylveon
|-damage|p2a: Sylveon|28/100 psn
|
|-heal|p2a: Sylveon|78/100 psn|[from] move: Wish|[wisher] Sylveon
|-heal|p2a: Sylveon|84/100 psn|[from] item: Leftovers
|-damage|p2a: Sylveon|72/100 psn|[from] psn
|upkeep
|turn|43
|
|t:|1779854658
|move|p2a: Sylveon|Wish|p2a: Sylveon
|move|p1a: Slowking|Sludge Bomb|p2a: Sylveon
|-supereffective|p2a: Sylveon
|-damage|p2a: Sylveon|60/100 psn
|
|-heal|p2a: Sylveon|66/100 psn|[from] item: Leftovers
|-damage|p2a: Sylveon|54/100 psn|[from] psn
|upkeep
|turn|44
|-message|QuincyPKM forfeited.
|
|win|Kakimori
|raw|QuincyPKM's rating: 1350 &rarr; <strong>1328</strong><br />(-22 for losing)
|raw|Kakimori's rating: 1319 &rarr; <strong>1341</strong><br />(+22 for winning)
|l|☆QuincyPKM
|player|p1|
