|j|☆claudechamp
|j|☆UbersNab69
|t:|1779893473
|gametype|singles
|player|p1|claudechamp|169|1303
|player|p2|UbersNab69|1|1325
|gen|9
|tier|[Gen 9] OU
|rated|
|rule|HP Percentage Mod: HP is shown in percentages
|rule|Endless Battle Clause: Forcing endless battles is banned
|rule|Species Clause: Limit one of each Pokémon
|rule|OHKO Clause: OHKO moves are banned
|rule|Evasion Items Clause: Evasion items are banned
|rule|Evasion Moves Clause: Evasion moves are banned
|rule|Evasion Abilities Clause: Evasion abilities are banned
|rule|Sleep Moves Clause: Sleep-inducing moves are banned
|clearpoke
|poke|p1|Gliscor, F|
|poke|p1|Ogerpon, F|
|poke|p1|Walking Wake|
|poke|p1|Blissey, F|
|poke|p1|Corviknight, M|
|poke|p1|Pecharunt|
|poke|p2|Blaziken, M|
|poke|p2|Ninetales, M|
|poke|p2|Venusaur, M|
|poke|p2|Hatterene, F|
|poke|p2|Great Tusk|
|poke|p2|Walking Wake|
|teampreview
|c|☆claudechamp|hf
|inactive|Battle timer is ON: inactive players will automatically lose when time's up. (requested by UbersNab69)
|
|t:|1779893488
|teamsize|p1|6
|teamsize|p2|6
|start
|switch|p1a: Gliscor|Gliscor, F|100/100
|switch|p2a: Ninetales|Ninetales, M|100/100
|-weather|SunnyDay|[from] ability: Drought|[of] p2a: Ninetales
|turn|1
|inactive|claudechamp also wants the timer to be on.
|c|☆UbersNab69|u2!
|inactive|claudechamp has 120 seconds left.
|
|t:|1779893522
|switch|p2a: Walking Wake|Walking Wake|100/100
|-activate|p2a: Walking Wake|ability: Protosynthesis
|-start|p2a: Walking Wake|protosynthesisspe
|switch|p1a: Pecharunt|Pecharunt|100/100
|
|-weather|SunnyDay|[upkeep]
|upkeep
|turn|2
|
|t:|1779893543
|-terastallize|p2a: Walking Wake|Water
|move|p2a: Walking Wake|Hydro Steam|p1a: Pecharunt
|-damage|p1a: Pecharunt|0 fnt
|faint|p1a: Pecharunt
|
|-weather|SunnyDay|[upkeep]
|upkeep
|
|t:|1779893551
|switch|p1a: Ogerpon|Ogerpon, F|100/100
|turn|3
|
|t:|1779893575
|-end|p2a: Walking Wake|Protosynthesis|[silent]
|switch|p2a: Hatterene|Hatterene, F|100/100
|move|p1a: Ogerpon|Ivy Cudgel|p2a: Hatterene
|-damage|p2a: Hatterene|57/100
|-enditem|p2a: Hatterene|Eject Button
|
|t:|1779893578
|switch|p2a: Blaziken|Blaziken, M|100/100
|
|-weather|SunnyDay|[upkeep]
|upkeep
|turn|4
|
|t:|1779893580
|move|p1a: Ogerpon|Knock Off|p2a: Blaziken
|-resisted|p2a: Blaziken
|-damage|p2a: Blaziken|74/100
|-enditem|p2a: Blaziken|Scope Lens|[from] move: Knock Off|[of] p1a: Ogerpon
|move|p2a: Blaziken|Focus Energy|p2a: Blaziken
|-start|p2a: Blaziken|move: Focus Energy
|
|-weather|SunnyDay|[upkeep]
|-ability|p2a: Blaziken|Speed Boost|boost
|-boost|p2a: Blaziken|spe|1
|upkeep
|turn|5
|
|t:|1779893585
|move|p2a: Blaziken|Overheat|p1a: Ogerpon
|-supereffective|p1a: Ogerpon
|-damage|p1a: Ogerpon|0 fnt
|-unboost|p2a: Blaziken|spa|2
|faint|p1a: Ogerpon
|
|-weather|SunnyDay|[upkeep]
|-ability|p2a: Blaziken|Speed Boost|boost
|-boost|p2a: Blaziken|spe|1
|upkeep
|
|t:|1779893591
|switch|p1a: Blissey|Blissey, F|100/100
|turn|6
|
|t:|1779893596
|move|p2a: Blaziken|Close Combat|p1a: Blissey
|-supereffective|p1a: Blissey
|-crit|p1a: Blissey
|-damage|p1a: Blissey|0 fnt
|-unboost|p2a: Blaziken|def|1
|-unboost|p2a: Blaziken|spd|1
|faint|p1a: Blissey
|
|-weather|SunnyDay|[upkeep]
|-ability|p2a: Blaziken|Speed Boost|boost
|-boost|p2a: Blaziken|spe|1
|upkeep
|
|t:|1779893604
|switch|p1a: Gliscor|Gliscor, F|100/100
|turn|7
|c|☆UbersNab69|blaziken my goat
|
|t:|1779893611
|move|p2a: Blaziken|Overheat|p1a: Gliscor
|-damage|p1a: Gliscor|56/100
|-unboost|p2a: Blaziken|spa|2
|move|p1a: Gliscor|Earthquake|p2a: Blaziken
|-supereffective|p2a: Blaziken
|-damage|p2a: Blaziken|0 fnt
|faint|p2a: Blaziken
|
|-weather|SunnyDay|[upkeep]
|-status|p1a: Gliscor|tox|[from] item: Toxic Orb
|upkeep
|c|☆UbersNab69|rip
|
|t:|1779893635
|switch|p2a: Hatterene|Hatterene, F|57/100
|turn|8
|
|t:|1779893640
|move|p1a: Gliscor|Earthquake|p2a: Hatterene
|-damage|p2a: Hatterene|24/100
|move|p2a: Hatterene|Psychic Noise|p1a: Gliscor
|-damage|p1a: Gliscor|28/100 tox
|-start|p1a: Gliscor|move: Heal Block
|
|-weather|none
|upkeep
|turn|9
|
|t:|1779893648
|move|p1a: Gliscor|Earthquake|p2a: Hatterene
|-damage|p2a: Hatterene|0 fnt
|faint|p2a: Hatterene
|
|-end|p1a: Gliscor|move: Heal Block
|upkeep
|
|t:|1779893650
|switch|p2a: Ninetales|Ninetales, M|100/100
|-weather|SunnyDay|[from] ability: Drought|[of] p2a: Ninetales
|turn|10
|
|t:|1779893662
|switch|p1a: Walking Wake|Walking Wake|100/100
|-activate|p1a: Walking Wake|ability: Protosynthesis
|-start|p1a: Walking Wake|protosynthesisspe
|move|p2a: Ninetales|Flamethrower|p1a: Walking Wake
|-resisted|p1a: Walking Wake
|-damage|p1a: Walking Wake|88/100
|
|-weather|SunnyDay|[upkeep]
|upkeep
|turn|11
|
|t:|1779893672
|switch|p2a: Venusaur|Venusaur, M|100/100
|move|p1a: Walking Wake|Surf|p2a: Venusaur
|-resisted|p2a: Venusaur
|-damage|p2a: Venusaur|89/100
|
|-weather|SunnyDay|[upkeep]
|upkeep
|turn|12
|
|t:|1779893678
|move|p2a: Venusaur|Growth|p2a: Venusaur
|-boost|p2a: Venusaur|atk|2
|-boost|p2a: Venusaur|spa|2
|move|p1a: Walking Wake|Knock Off|p2a: Venusaur
|-damage|p2a: Venusaur|67/100
|-enditem|p2a: Venusaur|Life Orb|[from] move: Knock Off|[of] p1a: Walking Wake
|
|-weather|SunnyDay|[upkeep]
|upkeep
|turn|13
|
|t:|1779893687
|move|p2a: Venusaur|Sludge Bomb|p1a: Walking Wake
|-damage|p1a: Walking Wake|0 fnt
|faint|p1a: Walking Wake
|-end|p1a: Walking Wake|Protosynthesis|[silent]
|
|-weather|SunnyDay|[upkeep]
|upkeep
|
|t:|1779893691
|switch|p1a: Corviknight|Corviknight, M|100/100
|-ability|p1a: Corviknight|Pressure
|turn|14
|
|t:|1779893701
|-terastallize|p1a: Corviknight|Ghost
|move|p2a: Venusaur|Weather Ball|p1a: Corviknight
|-damage|p1a: Corviknight|9/100
|move|p1a: Corviknight|U-turn|p2a: Venusaur
|-damage|p2a: Venusaur|49/100
|c|☆UbersNab69|ggs wp
|
|t:|1779893710
|switch|p1a: Gliscor|Gliscor, F|28/100 tox|[from] U-turn
|
|-weather|SunnyDay|[upkeep]
|-heal|p1a: Gliscor|41/100 tox|[from] ability: Poison Heal
|upkeep
|turn|15
|
|t:|1779893720
|move|p2a: Venusaur|Giga Drain|p1a: Gliscor
|-damage|p1a: Gliscor|0 fnt
|-heal|p2a: Venusaur|73/100|[from] drain|[of] p1a: Gliscor
|faint|p1a: Gliscor
|
|-weather|SunnyDay|[upkeep]
|upkeep
|
|t:|1779893726
|switch|p1a: Corviknight|Corviknight, M, tera:Ghost|9/100
|-ability|p1a: Corviknight|Pressure
|turn|16
|
|t:|1779893741
|move|p2a: Venusaur|Sludge Bomb|p1a: Corviknight
|-resisted|p1a: Corviknight
|-damage|p1a: Corviknight|0 fnt
|faint|p1a: Corviknight
|
|win|UbersNab69
|raw|claudechamp's rating: 1321 &rarr; <strong>1301</strong><br />(-20 for losing)
|raw|UbersNab69's rating: 1325 &rarr; <strong>1345</strong><br />(+20 for winning)
|c|☆claudechamp|gg
|l|☆UbersNab69
|player|p2|
