|j|☆thewoldr
|j|☆Pulkatz
|t:|1779945599
|gametype|singles
|player|p1|thewoldr|2|1080
|player|p2|Pulkatz|2|1094
|gen|9
|tier|[Gen 9] OU
|rated|
|rule|HP Percentage Mod: HP is shown in percentages
|rule|Endless Battle Clause: Forcing endless battles is banned
|rule|Species Clause: Limit one of each Pokémon
|rule|OHKO Clause: OHKO moves are banned
|rule|Evasion Items Clause: Evasion items are banned
|rule|Evasion Moves Clause: Evasion moves are banned
|rule|Evasion Abilities Clause: Evasion abilities are banned
|rule|Sleep Moves Clause: Sleep-inducing moves are banned
|clearpoke
|poke|p1|Pelipper, F|
|poke|p1|Tornadus-Therian, M|
|poke|p1|Gholdengo|
|poke|p1|Ludicolo, F|
|poke|p1|Barraskewda, F|
|poke|p1|Cinderace, M|
|poke|p2|Indeedee, M|
|poke|p2|Hawlucha, M|
|poke|p2|Terrakion|
|poke|p2|Delphox, M|
|teampreview
|inactive|Battle timer is ON: inactive players will automatically lose when time's up. (requested by thewoldr)
|
|t:|1779945610
|teamsize|p1|6
|teamsize|p2|4
|start
|switch|p1a: Pelipper|Pelipper, F|100/100
|switch|p2a: Unpaid Intern|Indeedee, M|100/100
|-fieldstart|move: Psychic Terrain|[from] ability: Psychic Surge|[of] p2a: Unpaid Intern
|-weather|RainDance|[from] ability: Drizzle|[of] p1a: Pelipper
|turn|1
|
|t:|1779945618
|move|p2a: Unpaid Intern|Expanding Force|p1a: Pelipper
|-damage|p1a: Pelipper|0 fnt
|faint|p1a: Pelipper
|
|-weather|RainDance|[upkeep]
|upkeep
|
|t:|1779945632
|switch|p1a: Barraskewda|Barraskewda, F|100/100
|turn|2
|
|t:|1779945639
|-terastallize|p1a: Barraskewda|Water
|move|p1a: Barraskewda|Liquidation|p2a: Unpaid Intern
|-damage|p2a: Unpaid Intern|0 fnt
|faint|p2a: Unpaid Intern
|-damage|p1a: Barraskewda|91/100|[from] item: Life Orb
|
|-weather|RainDance|[upkeep]
|upkeep
|
|t:|1779945645
|switch|p2a: Delphox|Delphox, M|100/100
|turn|3
|
|t:|1779945649
|-terastallize|p2a: Delphox|Dragon
|move|p1a: Barraskewda|Flip Turn|p2a: Delphox
|-resisted|p2a: Delphox
|-damage|p2a: Delphox|37/100
|-damage|p1a: Barraskewda|81/100|[from] item: Life Orb
|
|t:|1779945655
|switch|p1a: Gholdengo|Gholdengo|100/100|[from] Flip Turn
|move|p2a: Delphox|Expanding Force|p1a: Gholdengo
|-resisted|p1a: Gholdengo
|-damage|p1a: Gholdengo|60/100
|
|-weather|RainDance|[upkeep]
|upkeep
|turn|4
|
|t:|1779945668
|move|p1a: Gholdengo|Make It Rain|p2a: Delphox
|-damage|p2a: Delphox|0 fnt
|-unboost|p1a: Gholdengo|spa|1
|faint|p2a: Delphox
|
|-weather|RainDance|[upkeep]
|upkeep
|
|t:|1779945670
|switch|p2a: Hawlucha|Hawlucha, M|100/100
|-enditem|p2a: Hawlucha|Psychic Seed
|-boost|p2a: Hawlucha|spd|1|[from] item: Psychic Seed
|turn|5
|
|t:|1779945676
|switch|p1a: Ludicolo|Ludicolo, F|100/100
|move|p2a: Hawlucha|Swords Dance|p2a: Hawlucha
|-boost|p2a: Hawlucha|atk|2
|
|-weather|RainDance|[upkeep]
|upkeep
|turn|6
|
|t:|1779945683
|move|p2a: Hawlucha|Acrobatics|p1a: Ludicolo
|-supereffective|p1a: Ludicolo
|-damage|p1a: Ludicolo|0 fnt
|faint|p1a: Ludicolo
|
|-weather|RainDance|[upkeep]
|upkeep
|
|t:|1779945688
|switch|p1a: Barraskewda|Barraskewda, F, tera:Water|81/100
|turn|7
|
|t:|1779945691
|move|p1a: Barraskewda|Psychic Fangs|p2a: Hawlucha
|-supereffective|p2a: Hawlucha
|-damage|p2a: Hawlucha|0 fnt
|faint|p2a: Hawlucha
|-damage|p1a: Barraskewda|71/100|[from] item: Life Orb
|
|-weather|RainDance|[upkeep]
|upkeep
|
|t:|1779945692
|switch|p2a: Terrakion|Terrakion|100/100
|turn|8
|-message|Pulkatz forfeited.
|
|win|thewoldr
|raw|thewoldr's rating: 1080 &rarr; <strong>1109</strong><br />(+29 for winning)
|raw|Pulkatz's rating: 1094 &rarr; <strong>1069</strong><br />(-25 for losing)
|l|☆Pulkatz
|player|p2|
|l|☆thewoldr
|player|p1|
