|j|☆Papiobag
|j|☆uneball
|t:|1779891489
|gametype|singles
|player|p1|Papiobag|lucas|1106
|player|p2|uneball|170|1116
|gen|9
|tier|[Gen 9] OU
|rated|
|rule|HP Percentage Mod: HP is shown in percentages
|rule|Endless Battle Clause: Forcing endless battles is banned
|rule|Species Clause: Limit one of each Pokémon
|rule|OHKO Clause: OHKO moves are banned
|rule|Evasion Items Clause: Evasion items are banned
|rule|Evasion Moves Clause: Evasion moves are banned
|rule|Evasion Abilities Clause: Evasion abilities are banned
|rule|Sleep Moves Clause: Sleep-inducing moves are banned
|clearpoke
|poke|p1|Drifblim, M|
|poke|p1|Crawdaunt, M|
|poke|p1|Gumshoos, M|
|poke|p1|Porygon2|
|poke|p1|Mimikyu, M|
|poke|p1|Vikavolt, M|
|poke|p2|Samurott-Hisui, F|
|poke|p2|Heatran, F|
|poke|p2|Enamorus, F|
|poke|p2|Ursaluna, M|
|poke|p2|Dragapult, F|
|poke|p2|Magnezone|
|teampreview
|
|t:|1779891503
|teamsize|p1|6
|teamsize|p2|6
|start
|switch|p1a: Pinocchio|Porygon2, shiny|100/100
|switch|p2a: Samurott|Samurott-Hisui, F|100/100
|-ability|p1a: Pinocchio|Download|boost
|-boost|p1a: Pinocchio|spa|1
|turn|1
|
|t:|1779891513
|move|p2a: Samurott|Ceaseless Edge|p1a: Pinocchio
|-damage|p1a: Pinocchio|72/100
|-sidestart|p1: Papiobag|Spikes
|move|p1a: Pinocchio|Trick Room|p1a: Pinocchio
|-fieldstart|move: Trick Room|[of] p1a: Pinocchio
|
|upkeep
|turn|2
|inactive|Battle timer is ON: inactive players will automatically lose when time's up. (requested by uneball)
|
|t:|1779891520
|move|p1a: Pinocchio|Thunderbolt|p2a: Samurott
|-supereffective|p2a: Samurott
|-damage|p2a: Samurott|0 fnt
|faint|p2a: Samurott
|
|upkeep
|inactive|uneball has 120 seconds left.
|
|t:|1779891555
|switch|p2a: Ursaluna|Ursaluna, M|100/100
|turn|3
|
|t:|1779891565
|move|p1a: Pinocchio|Ice Beam|p2a: Ursaluna
|-supereffective|p2a: Ursaluna
|-damage|p2a: Ursaluna|23/100
|move|p2a: Ursaluna|Facade|p1a: Pinocchio
|-damage|p1a: Pinocchio|42/100
|
|-status|p2a: Ursaluna|brn|[from] item: Flame Orb
|upkeep
|turn|4
|
|t:|1779891578
|move|p1a: Pinocchio|Ice Beam|p2a: Ursaluna
|-supereffective|p2a: Ursaluna
|-damage|p2a: Ursaluna|0 fnt
|faint|p2a: Ursaluna
|
|upkeep
|
|t:|1779891585
|switch|p2a: Magnezone|Magnezone|100/100
|turn|5
|
|t:|1779891589
|move|p1a: Pinocchio|Thunderbolt|p2a: Magnezone
|-resisted|p2a: Magnezone
|-crit|p2a: Magnezone
|-damage|p2a: Magnezone|64/100
|move|p2a: Magnezone|Substitute|p2a: Magnezone
|-start|p2a: Magnezone|Substitute
|-damage|p2a: Magnezone|39/100
|
|-heal|p2a: Magnezone|45/100|[from] item: Leftovers
|-fieldend|move: Trick Room
|upkeep
|turn|6
|
|t:|1779891597
|move|p2a: Magnezone|Discharge|p1a: Pinocchio
|-damage|p1a: Pinocchio|18/100
|move|p1a: Pinocchio|Trick Room|p1a: Pinocchio
|-fieldstart|move: Trick Room|[of] p1a: Pinocchio
|
|-heal|p2a: Magnezone|52/100|[from] item: Leftovers
|upkeep
|turn|7
|
|t:|1779891605
|move|p1a: Pinocchio|Thunderbolt|p2a: Magnezone
|-resisted|p2a: Magnezone
|-activate|p2a: Magnezone|move: Substitute|[damage]
|move|p2a: Magnezone|Discharge|p1a: Pinocchio
|-damage|p1a: Pinocchio|0 fnt
|faint|p1a: Pinocchio
|
|-heal|p2a: Magnezone|58/100|[from] item: Leftovers
|upkeep
|
|t:|1779891630
|switch|p1a: Toothpaste|Gumshoos, M, shiny|100/100
|-damage|p1a: Toothpaste|88/100|[from] Spikes
|turn|8
|
|t:|1779891642
|move|p1a: Toothpaste|Crunch|p2a: Magnezone
|-end|p2a: Magnezone|Substitute
|move|p2a: Magnezone|Flash Cannon|p1a: Toothpaste
|-damage|p1a: Toothpaste|38/100
|
|-heal|p2a: Magnezone|64/100|[from] item: Leftovers
|upkeep
|turn|9
|
|t:|1779891649
|move|p1a: Toothpaste|Crunch|p2a: Magnezone
|-damage|p2a: Magnezone|27/100
|move|p2a: Magnezone|Flash Cannon|p1a: Toothpaste
|-damage|p1a: Toothpaste|0 fnt
|faint|p1a: Toothpaste
|
|-heal|p2a: Magnezone|33/100|[from] item: Leftovers
|upkeep
|
|t:|1779891660
|switch|p1a: Mr.Crabs|Crawdaunt, M|100/100
|-damage|p1a: Mr.Crabs|88/100|[from] Spikes
|turn|10
|
|t:|1779891667
|move|p1a: Mr.Crabs|Knock Off|p2a: Magnezone
|-damage|p2a: Magnezone|0 fnt
|-enditem|p2a: Magnezone|Leftovers|[from] move: Knock Off|[of] p1a: Mr.Crabs
|faint|p2a: Magnezone
|-damage|p1a: Mr.Crabs|78/100|[from] item: Life Orb
|
|-fieldend|move: Trick Room
|upkeep
|
|t:|1779891679
|switch|p2a: Enamorus|Enamorus, F|100/100
|turn|11
|
|t:|1779891689
|switch|p1a: Fake Pikachu|Mimikyu, M|100/100
|-damage|p1a: Fake Pikachu|88/100|[from] Spikes
|move|p2a: Enamorus|Superpower|p1a: Fake Pikachu
|-immune|p1a: Fake Pikachu
|
|upkeep
|turn|12
|
|t:|1779891698
|move|p2a: Enamorus|Play Rough|p1a: Fake Pikachu
|-activate|p1a: Fake Pikachu|ability: Disguise
|-damage|p1a: Fake Pikachu|88/100
|detailschange|p1a: Fake Pikachu|Mimikyu-Busted, M
|-damage|p1a: Fake Pikachu|76/100|[from] pokemon: Mimikyu-Busted
|move|p1a: Fake Pikachu|Trick Room|p1a: Fake Pikachu
|-fieldstart|move: Trick Room|[of] p1a: Fake Pikachu
|
|upkeep
|turn|13
|
|t:|1779891711
|move|p1a: Fake Pikachu|Shadow Claw|p2a: Enamorus
|-damage|p2a: Enamorus|55/100
|move|p2a: Enamorus|Play Rough|p1a: Fake Pikachu
|-damage|p1a: Fake Pikachu|19/100
|
|upkeep
|turn|14
|
|t:|1779891723
|move|p1a: Fake Pikachu|Shadow Claw|p2a: Enamorus
|-damage|p2a: Enamorus|3/100
|move|p2a: Enamorus|Play Rough|p1a: Fake Pikachu
|-damage|p1a: Fake Pikachu|0 fnt
|faint|p1a: Fake Pikachu
|
|upkeep
|
|t:|1779891730
|switch|p1a: Mr.Crabs|Crawdaunt, M|78/100
|-damage|p1a: Mr.Crabs|66/100|[from] Spikes
|turn|15
|
|t:|1779891735
|move|p1a: Mr.Crabs|Aqua Jet|p2a: Enamorus
|-damage|p2a: Enamorus|0 fnt
|faint|p2a: Enamorus
|-damage|p1a: Mr.Crabs|56/100|[from] item: Life Orb
|
|upkeep
|
|t:|1779891740
|switch|p2a: Dragapult|Dragapult, F|100/100
|turn|16
|
|t:|1779891748
|switch|p2a: Heatran|Heatran, F|100/100
|-item|p2a: Heatran|Air Balloon
|move|p1a: Mr.Crabs|Knock Off|p2a: Heatran
|-damage|p2a: Heatran|26/100
|-enditem|p2a: Heatran|Air Balloon
|-damage|p1a: Mr.Crabs|46/100|[from] item: Life Orb
|
|-fieldend|move: Trick Room
|upkeep
|turn|17
|
|t:|1779891760
|switch|p1a: Bubble|Drifblim, M|100/100
|move|p2a: Heatran|Earth Power|p1a: Bubble
|-immune|p1a: Bubble
|
|-status|p1a: Bubble|brn|[from] item: Flame Orb
|upkeep
|turn|18
|
|t:|1779891769
|move|p2a: Heatran|Lava Plume|p1a: Bubble
|-damage|p1a: Bubble|60/100 brn
|move|p1a: Bubble|Trick Room|p1a: Bubble
|-fieldstart|move: Trick Room|[of] p1a: Bubble
|
|-damage|p1a: Bubble|54/100 brn|[from] brn
|upkeep
|turn|19
|
|t:|1779891776
|move|p1a: Bubble|Shadow Ball|p2a: Heatran
|-damage|p2a: Heatran|0 fnt
|faint|p2a: Heatran
|
|-damage|p1a: Bubble|48/100 brn|[from] brn
|upkeep
|
|t:|1779891779
|switch|p2a: Dragapult|Dragapult, F|100/100
|turn|20
|
|t:|1779891786
|-terastallize|p2a: Dragapult|Normal
|move|p1a: Bubble|Shadow Ball|p2a: Dragapult
|-immune|p2a: Dragapult
|move|p2a: Dragapult|Dragon Darts|p1a: Bubble
|-damage|p1a: Bubble|12/100 brn
|-anim|p2a: Dragapult|Dragon Darts|p1a: Bubble
|-damage|p1a: Bubble|0 fnt
|faint|p1a: Bubble
|
|upkeep
|
|t:|1779891802
|switch|p1a: Mr.Crabs|Crawdaunt, M|46/100
|-damage|p1a: Mr.Crabs|33/100|[from] Spikes
|turn|21
|
|t:|1779891823
|move|p1a: Mr.Crabs|Close Combat|p2a: Dragapult
|-supereffective|p2a: Dragapult
|-damage|p2a: Dragapult|0 fnt
|-unboost|p1a: Mr.Crabs|def|1
|-unboost|p1a: Mr.Crabs|spd|1
|faint|p2a: Dragapult
|-damage|p1a: Mr.Crabs|23/100|[from] item: Life Orb
|
|win|Papiobag
|raw|Papiobag's rating: 1106 &rarr; <strong>1132</strong><br />(+26 for winning)
|raw|uneball's rating: 1116 &rarr; <strong>1090</strong><br />(-26 for losing)
|l|☆uneball
|player|p2|
