|j|☆AMothersGrief
|j|☆randomefre
|t:|1779928987
|gametype|singles
|player|p1|AMothersGrief|101|1164
|player|p2|randomefre|dawn|1187
|gen|9
|tier|[Gen 9] OU
|rated|
|rule|HP Percentage Mod: HP is shown in percentages
|rule|Endless Battle Clause: Forcing endless battles is banned
|rule|Species Clause: Limit one of each Pokémon
|rule|OHKO Clause: OHKO moves are banned
|rule|Evasion Items Clause: Evasion items are banned
|rule|Evasion Moves Clause: Evasion moves are banned
|rule|Evasion Abilities Clause: Evasion abilities are banned
|rule|Sleep Moves Clause: Sleep-inducing moves are banned
|clearpoke
|poke|p1|Whimsicott, M|
|poke|p1|Honchkrow, F|
|poke|p1|Dragapult, M|
|poke|p1|Houndoom, M|
|poke|p1|Mamoswine, M|
|poke|p1|Galvantula, M|
|poke|p2|Polteageist-Antique|
|poke|p2|Corviknight, M|
|poke|p2|Sinistcha-Masterpiece|
|poke|p2|Skeledirge, F|
|poke|p2|Meowscarada, F|
|poke|p2|Cinderace, F|
|teampreview
|inactive|Battle timer is ON: inactive players will automatically lose when time's up. (requested by randomefre)
|
|t:|1779929000
|teamsize|p1|6
|teamsize|p2|6
|start
|switch|p1a: Kinzo|Galvantula, M|100/100
|switch|p2a: Meowscarada|Meowscarada, F|100/100
|turn|1
|
|t:|1779929013
|move|p2a: Meowscarada|U-turn|p1a: Kinzo
|-start|p2a: Meowscarada|typechange|Bug|[from] ability: Protean
|-damage|p1a: Kinzo|18/100
|
|t:|1779929021
|switch|p2a: Polteageist|Polteageist-Antique|100/100|[from] U-turn
|move|p1a: Kinzo|Bug Buzz|p2a: Polteageist
|-resisted|p2a: Polteageist
|-damage|p2a: Polteageist|78/100
|-unboost|p2a: Polteageist|spd|1
|-start|p1a: Kinzo|Disable|Bug Buzz|[from] ability: Cursed Body|[of] p2a: Polteageist
|-enditem|p2a: Polteageist|White Herb
|-clearnegativeboost|p2a: Polteageist|[silent]
|
|upkeep
|turn|2
|
|t:|1779929033
|move|p1a: Kinzo|Thunder|p2a: Polteageist
|-damage|p2a: Polteageist|27/100
|move|p2a: Polteageist|Shell Smash|p2a: Polteageist
|-unboost|p2a: Polteageist|def|1
|-unboost|p2a: Polteageist|spd|1
|-boost|p2a: Polteageist|atk|2
|-boost|p2a: Polteageist|spa|2
|-boost|p2a: Polteageist|spe|2
|
|upkeep
|turn|3
|
|t:|1779929041
|move|p2a: Polteageist|Shadow Ball|p1a: Kinzo
|-damage|p1a: Kinzo|0 fnt
|faint|p1a: Kinzo
|
|upkeep
|
|t:|1779929048
|switch|p1a: Beatrice|Honchkrow, F|100/100
|turn|4
|
|t:|1779929052
|move|p1a: Beatrice|Sucker Punch|p2a: Polteageist
|-supereffective|p2a: Polteageist
|-damage|p2a: Polteageist|0 fnt
|faint|p2a: Polteageist
|
|upkeep
|
|t:|1779929062
|switch|p2a: Meowscarada|Meowscarada, F|100/100
|turn|5
|
|t:|1779929067
|move|p2a: Meowscarada|Triple Axel|p1a: Beatrice
|-start|p2a: Meowscarada|typechange|Ice|[from] ability: Protean
|-supereffective|p1a: Beatrice
|-damage|p1a: Beatrice|63/100
|-supereffective|p1a: Beatrice
|-damage|p1a: Beatrice|0 fnt
|faint|p1a: Beatrice
|-hitcount|p1: Beatrice|2
|
|upkeep
|
|t:|1779929079
|switch|p1a: Lambdadelta|Dragapult, M|100/100
|turn|6
|
|t:|1779929083
|-terastallize|p1a: Lambdadelta|Fairy
|move|p1a: Lambdadelta|Dragon Dance|p1a: Lambdadelta
|-boost|p1a: Lambdadelta|atk|1
|-boost|p1a: Lambdadelta|spe|1
|move|p2a: Meowscarada|Triple Axel|p1a: Lambdadelta
|-damage|p1a: Lambdadelta|81/100
|-damage|p1a: Lambdadelta|43/100
|-damage|p1a: Lambdadelta|0 fnt
|faint|p1a: Lambdadelta
|-hitcount|p1: Lambdadelta|3
|
|upkeep
|
|t:|1779929092
|switch|p1a: Maria|Whimsicott, M|100/100
|turn|7
|
|t:|1779929098
|move|p1a: Maria|Tailwind|p1a: Maria
|-sidestart|p1: AMothersGrief|move: Tailwind
|move|p2a: Meowscarada|Triple Axel|p1a: Maria
|-supereffective|p1a: Maria
|-damage|p1a: Maria|76/100
|-supereffective|p1a: Maria
|-damage|p1a: Maria|31/100
|-hitcount|p1a: Maria|2
|-enditem|p1a: Maria|Eject Button
|
|t:|1779929106
|switch|p1a: EVA|Houndoom, M|100/100
|
|upkeep
|turn|8
|
|t:|1779929113
|move|p1a: EVA|Nasty Plot|p1a: EVA
|-boost|p1a: EVA|spa|2
|move|p2a: Meowscarada|Triple Axel|p1a: EVA
|-resisted|p1a: EVA
|-damage|p1a: EVA|85/100
|-resisted|p1a: EVA
|-damage|p1a: EVA|57/100
|-resisted|p1a: EVA
|-damage|p1a: EVA|14/100
|-hitcount|p1a: EVA|3
|
|upkeep
|turn|9
|
|t:|1779929124
|move|p1a: EVA|Overheat|p2a: Meowscarada
|-supereffective|p2a: Meowscarada
|-damage|p2a: Meowscarada|0 fnt
|-unboost|p1a: EVA|spa|2
|faint|p2a: Meowscarada
|
|upkeep
|
|t:|1779929133
|switch|p2a: Cinderace|Cinderace, F|100/100
|turn|10
|
|t:|1779929140
|move|p1a: EVA|Dark Pulse|p2a: Cinderace
|-damage|p2a: Cinderace|51/100
|move|p2a: Cinderace|Gunk Shot|p1a: EVA
|-start|p2a: Cinderace|typechange|Poison|[from] ability: Libero
|-damage|p1a: EVA|0 fnt
|faint|p1a: EVA
|
|-sideend|p1: AMothersGrief|move: Tailwind
|upkeep
|
|t:|1779929144
|switch|p1a: Rokkenjima|Mamoswine, M|100/100
|turn|11
|-message|AMothersGrief forfeited.
|
|win|randomefre
|raw|AMothersGrief's rating: 1164 &rarr; <strong>1141</strong><br />(-23 for losing)
|raw|randomefre's rating: 1187 &rarr; <strong>1210</strong><br />(+23 for winning)
|l|☆AMothersGrief
|player|p1|
|l|☆randomefre
|player|p2|
