|j|☆Sammy Draws
|j|☆cexfyj36
|t:|1779889073
|gametype|singles
|player|p1|Sammy Draws|lass|1000
|player|p2|cexfyj36|266|1000
|gen|9
|tier|[Gen 9] OU
|rated|
|rule|HP Percentage Mod: HP is shown in percentages
|rule|Endless Battle Clause: Forcing endless battles is banned
|rule|Species Clause: Limit one of each Pokémon
|rule|OHKO Clause: OHKO moves are banned
|rule|Evasion Items Clause: Evasion items are banned
|rule|Evasion Moves Clause: Evasion moves are banned
|rule|Evasion Abilities Clause: Evasion abilities are banned
|rule|Sleep Moves Clause: Sleep-inducing moves are banned
|clearpoke
|poke|p1|Skeledirge, M|
|poke|p1|Dondozo, M|
|poke|p1|Dragapult, M|
|poke|p1|Glimmora, F|
|poke|p1|Kingambit, M|
|poke|p1|Hatterene, F|
|poke|p2|Magcargo, M|
|poke|p2|Primarina, F|
|poke|p2|Falinks|
|poke|p2|Walking Wake|
|poke|p2|Snorlax, M|
|poke|p2|Basculin-White-Striped, F|
|teampreview
|
|t:|1779889079
|teamsize|p1|6
|teamsize|p2|6
|start
|switch|p1a: Bismuth|Glimmora, F|100/100
|switch|p2a: Basculin|Basculin-White-Striped, F|100/100
|turn|1
|
|t:|1779889091
|move|p2a: Basculin|Head Smash|p1a: Bismuth
|-damage|p1a: Bismuth|48/100
|-activate|p1a: Bismuth|ability: Toxic Debris
|-sidestart|p2: cexfyj36|move: Toxic Spikes
|-damage|p2a: Basculin|72/100|[from] Recoil
|move|p1a: Bismuth|Mortal Spin|p2a: Basculin
|-damage|p2a: Basculin|61/100
|-status|p2a: Basculin|psn
|
|-damage|p2a: Basculin|49/100 psn|[from] psn
|upkeep
|turn|2
|
|t:|1779889104
|move|p2a: Basculin|Facade|p1a: Bismuth
|-resisted|p1a: Bismuth
|-damage|p1a: Bismuth|24/100
|-activate|p1a: Bismuth|ability: Toxic Debris
|-sidestart|p2: cexfyj36|move: Toxic Spikes
|move|p1a: Bismuth|Power Gem|p2a: Basculin
|-crit|p2a: Basculin
|-damage|p2a: Basculin|0 fnt
|faint|p2a: Basculin
|
|upkeep
|
|t:|1779889115
|switch|p2a: Walking Wake|Walking Wake|100/100
|-status|p2a: Walking Wake|tox
|turn|3
|
|t:|1779889125
|move|p2a: Walking Wake|Outrage|p1a: Bismuth
|-damage|p1a: Bismuth|0 fnt
|faint|p1a: Bismuth
|
|-damage|p2a: Walking Wake|94/100 tox|[from] psn
|upkeep
|
|t:|1779889134
|switch|p1a: Migraine|Hatterene, F|100/100
|turn|4
|
|t:|1779889138
|move|p2a: Walking Wake|Outrage|p1a: Migraine|[from] lockedmove
|-immune|p1a: Migraine
|-start|p2a: Walking Wake|confusion|[fatigue]
|move|p1a: Migraine|Trick Room|p1a: Migraine
|-fieldstart|move: Trick Room|[of] p1a: Migraine
|
|-damage|p2a: Walking Wake|82/100 tox|[from] psn
|upkeep
|turn|5
|
|t:|1779889147
|-end|p2a: Walking Wake|Protosynthesis|[silent]
|switch|p2a: Falinks|Falinks|100/100
|-status|p2a: Falinks|tox
|move|p1a: Migraine|Dazzling Gleam|p2a: Falinks
|-supereffective|p2a: Falinks
|-enditem|p2a: Falinks|Focus Sash
|-damage|p2a: Falinks|1/100 tox
|-damage|p1a: Migraine|91/100|[from] item: Life Orb
|
|-damage|p2a: Falinks|0 fnt|[from] psn
|faint|p2a: Falinks
|upkeep
|
|t:|1779889160
|switch|p2a: Magcargo|Magcargo, M|100/100
|-status|p2a: Magcargo|tox
|turn|6
|
|t:|1779889167
|move|p1a: Migraine|Psychic|p2a: Magcargo
|-damage|p2a: Magcargo|19/100 tox
|-damage|p1a: Migraine|81/100|[from] item: Life Orb
|move|p2a: Magcargo|Memento|p1a: Migraine
|-unboost|p1a: Migraine|atk|2
|-unboost|p1a: Migraine|spa|2
|faint|p2a: Magcargo
|
|upkeep
|
|t:|1779889176
|switch|p2a: Walking Wake|Walking Wake|82/100 tox
|turn|7
|
|t:|1779889182
|move|p1a: Migraine|Dazzling Gleam|p2a: Walking Wake
|-supereffective|p2a: Walking Wake
|-damage|p2a: Walking Wake|6/100 tox
|-damage|p1a: Migraine|71/100|[from] item: Life Orb
|move|p2a: Walking Wake|Liquidation|p1a: Migraine
|-damage|p1a: Migraine|32/100
|
|-damage|p2a: Walking Wake|0 fnt|[from] psn
|faint|p2a: Walking Wake
|-end|p2a: Walking Wake|Protosynthesis|[silent]
|upkeep
|
|t:|1779889193
|switch|p2a: Snorlax|Snorlax, M|100/100
|turn|8
|
|t:|1779889203
|switch|p1a: Meiko|Skeledirge, M|100/100
|move|p2a: Snorlax|Curse|p2a: Snorlax
|-unboost|p2a: Snorlax|spe|1
|-boost|p2a: Snorlax|atk|1
|-boost|p2a: Snorlax|def|1
|
|-fieldend|move: Trick Room
|upkeep
|turn|9
|
|t:|1779889214
|switch|p2a: Primarina|Primarina, F|100/100
|move|p1a: Meiko|Torch Song|p2a: Primarina
|-resisted|p2a: Primarina
|-damage|p2a: Primarina|88/100
|-boost|p1a: Meiko|spa|1
|
|upkeep
|turn|10
|
|t:|1779889227
|switch|p1a: Souschef|Dondozo, M|100/100
|move|p2a: Primarina|Amnesia|p2a: Primarina
|-boost|p2a: Primarina|spd|2
|
|upkeep
|turn|11
|
|t:|1779889236
|move|p2a: Primarina|Body Slam|p1a: Souschef
|-damage|p1a: Souschef|90/100
|move|p1a: Souschef|Rest|p1a: Souschef
|-status|p1a: Souschef|slp|[from] move: Rest
|-heal|p1a: Souschef|100/100 slp|[silent]
|
|upkeep
|turn|12
|
|t:|1779889244
|move|p2a: Primarina|Body Slam|p1a: Souschef
|-damage|p1a: Souschef|91/100 slp
|cant|p1a: Souschef|slp
|move|p1a: Souschef|Sleep Talk|p1a: Souschef
|move|p1a: Souschef|Wave Crash|p2a: Primarina|[from] move: Sleep Talk
|-resisted|p2a: Primarina
|-damage|p2a: Primarina|64/100
|-damage|p1a: Souschef|85/100 slp|[from] Recoil
|
|-heal|p1a: Souschef|92/100 slp|[from] item: Leftovers
|upkeep
|turn|13
|
|t:|1779889257
|move|p2a: Primarina|Hydro Cannon|p1a: Souschef
|-resisted|p1a: Souschef
|-damage|p1a: Souschef|64/100 slp
|-mustrecharge|p2a: Primarina
|cant|p1a: Souschef|slp
|move|p1a: Souschef|Sleep Talk|p1a: Souschef
|move|p1a: Souschef|Body Press|p2a: Primarina|[from] move: Sleep Talk
|-resisted|p2a: Primarina
|-damage|p2a: Primarina|47/100
|
|-heal|p1a: Souschef|70/100 slp|[from] item: Leftovers
|upkeep
|turn|14
|
|t:|1779889270
|cant|p2a: Primarina|recharge
|-curestatus|p1a: Souschef|slp|[msg]
|move|p1a: Souschef|Sleep Talk||[still]
|-fail|p1a: Souschef
|
|-heal|p1a: Souschef|76/100|[from] item: Leftovers
|upkeep
|turn|15
|
|t:|1779889279
|move|p2a: Primarina|Body Slam|p1a: Souschef
|-damage|p1a: Souschef|66/100
|move|p1a: Souschef|Body Press|p2a: Primarina
|-resisted|p2a: Primarina
|-damage|p2a: Primarina|30/100
|
|-heal|p1a: Souschef|72/100|[from] item: Leftovers
|upkeep
|turn|16
|
|t:|1779889289
|move|p2a: Primarina|Hydro Cannon|p1a: Souschef
|-resisted|p1a: Souschef
|-damage|p1a: Souschef|27/100
|-mustrecharge|p2a: Primarina
|move|p1a: Souschef|Body Press|p2a: Primarina
|-resisted|p2a: Primarina
|-damage|p2a: Primarina|12/100
|
|-heal|p1a: Souschef|33/100|[from] item: Leftovers
|upkeep
|turn|17
|
|t:|1779889300
|cant|p2a: Primarina|recharge
|move|p1a: Souschef|Body Press|p2a: Primarina
|-resisted|p2a: Primarina
|-damage|p2a: Primarina|0 fnt
|faint|p2a: Primarina
|
|-heal|p1a: Souschef|40/100|[from] item: Leftovers
|upkeep
|
|t:|1779889309
|switch|p2a: Snorlax|Snorlax, M|100/100
|turn|18
|
|t:|1779889318
|switch|p1a: Executioner|Kingambit, M|100/100
|-activate|p1a: Executioner|ability: Supreme Overlord
|-start|p1a: Executioner|fallen1|[silent]
|-terastallize|p2a: Snorlax|Normal
|move|p2a: Snorlax|Hyper Beam|p1a: Executioner
|-resisted|p1a: Executioner
|-damage|p1a: Executioner|71/100
|-mustrecharge|p2a: Snorlax
|
|upkeep
|turn|19
|
|t:|1779889331
|-terastallize|p1a: Executioner|Fighting
|move|p1a: Executioner|Low Kick|p2a: Snorlax
|-supereffective|p2a: Snorlax
|-damage|p2a: Snorlax|0 fnt
|faint|p2a: Snorlax
|
|win|Sammy Draws
|raw|Sammy Draws's rating: 1000 &rarr; <strong>1040</strong><br />(+40 for winning)
|raw|cexfyj36's rating: 1000 &rarr; <strong>1000</strong><br />(+0 for losing)
|l|☆cexfyj36
|player|p2|
