|j|☆Scepticskep
|j|☆somsleep
|t:|1779819331
|gametype|singles
|player|p1|Scepticskep|pokemaniac|1493
|player|p2|somsleep|102|1471
|gen|9
|tier|[Gen 9] OU
|rated|
|rule|HP Percentage Mod: HP is shown in percentages
|rule|Endless Battle Clause: Forcing endless battles is banned
|rule|Species Clause: Limit one of each Pokémon
|rule|OHKO Clause: OHKO moves are banned
|rule|Evasion Items Clause: Evasion items are banned
|rule|Evasion Moves Clause: Evasion moves are banned
|rule|Evasion Abilities Clause: Evasion abilities are banned
|rule|Sleep Moves Clause: Sleep-inducing moves are banned
|clearpoke
|poke|p1|Cramorant, F|
|poke|p1|Kingambit, M|
|poke|p1|Iron Moth|
|poke|p1|Enamorus, F|
|poke|p1|Gallade, M|
|poke|p1|Great Tusk|
|poke|p2|Abomasnow, M|
|poke|p2|Cetitan, M|
|poke|p2|Rotom|
|poke|p2|Illumise, F|
|poke|p2|Keldeo-Resolute|
|poke|p2|Iron Treads|
|teampreview
|inactive|Battle timer is ON: inactive players will automatically lose when time's up. (requested by Scepticskep)
|
|t:|1779819345
|teamsize|p1|6
|teamsize|p2|6
|start
|switch|p1a: Enamorus|Enamorus, F|100/100
|switch|p2a: Rotom|Rotom|100/100
|turn|1
|
|t:|1779819354
|move|p2a: Rotom|Trick|p1a: Enamorus
|-activate|p2a: Rotom|move: Trick|[of] p1a: Enamorus
|-item|p1a: Enamorus|Choice Scarf|[from] move: Trick
|-item|p2a: Rotom|Focus Sash|[from] move: Trick
|move|p1a: Enamorus|Moonblast|p2a: Rotom
|-damage|p2a: Rotom|25/100
|
|upkeep
|turn|2
|
|t:|1779819358
|switch|p2a: Iron Treads|Iron Treads|100/100
|-enditem|p2a: Iron Treads|Booster Energy
|-activate|p2a: Iron Treads|ability: Quark Drive|[fromitem]
|-start|p2a: Iron Treads|quarkdrivespe
|move|p1a: Enamorus|Moonblast|p2a: Iron Treads
|-resisted|p2a: Iron Treads
|-damage|p2a: Iron Treads|62/100
|-unboost|p2a: Iron Treads|spa|1
|
|upkeep
|turn|3
|
|t:|1779819365
|switch|p1a: Great Tusk|Great Tusk|100/100
|-enditem|p1a: Great Tusk|Booster Energy
|-activate|p1a: Great Tusk|ability: Protosynthesis|[fromitem]
|-start|p1a: Great Tusk|protosynthesisatk
|move|p2a: Iron Treads|Stealth Rock|p1a: Great Tusk
|-sidestart|p1: Scepticskep|move: Stealth Rock
|
|upkeep
|turn|4
|
|t:|1779819372
|-end|p2a: Iron Treads|Quark Drive|[silent]
|switch|p2a: Rotom|Rotom|25/100
|move|p1a: Great Tusk|Ice Spinner|p2a: Rotom
|-damage|p2a: Rotom|0 fnt
|faint|p2a: Rotom
|
|upkeep
|
|t:|1779819377
|switch|p2a: Illumise|Illumise, F|100/100
|turn|5
|
|t:|1779819379
|move|p2a: Illumise|Encore|p1a: Great Tusk
|-start|p1a: Great Tusk|Encore
|move|p1a: Great Tusk|Ice Spinner|p2a: Illumise
|-damage|p2a: Illumise|67/100
|-enditem|p2a: Illumise|Eject Button
|
|t:|1779819384
|switch|p2a: Abomasnow|Abomasnow, M, shiny|100/100
|-weather|Snowscape|[from] ability: Snow Warning|[of] p2a: Abomasnow
|
|-weather|Snowscape|[upkeep]
|upkeep
|turn|6
|
|t:|1779819388
|-end|p1a: Great Tusk|Protosynthesis|[silent]
|switch|p1a: Iron Moth|Iron Moth|100/100
|-damage|p1a: Iron Moth|76/100|[from] Stealth Rock
|-enditem|p1a: Iron Moth|Booster Energy
|-activate|p1a: Iron Moth|ability: Quark Drive|[fromitem]
|-start|p1a: Iron Moth|quarkdrivespe
|move|p2a: Abomasnow|Leaf Storm|p1a: Iron Moth
|-resisted|p1a: Iron Moth
|-damage|p1a: Iron Moth|61/100
|-unboost|p2a: Abomasnow|spa|2
|-enditem|p2a: Abomasnow|Eject Pack
|
|t:|1779819399
|switch|p2a: Illumise|Illumise, F|67/100
|
|-weather|Snowscape|[upkeep]
|upkeep
|turn|7
|
|t:|1779819402
|move|p2a: Illumise|Tailwind|p2a: Illumise
|-sidestart|p2: somsleep|move: Tailwind
|move|p1a: Iron Moth|Fiery Dance|p2a: Illumise
|-supereffective|p2a: Illumise
|-damage|p2a: Illumise|0 fnt
|faint|p2a: Illumise
|
|-weather|Snowscape|[upkeep]
|upkeep
|
|t:|1779819414
|switch|p2a: Keldeo|Keldeo-Resolute|100/100
|turn|8
|
|t:|1779819427
|-end|p1a: Iron Moth|Quark Drive|[silent]
|switch|p1a: Kingambit|Kingambit, M|100/100
|-damage|p1a: Kingambit|94/100|[from] Stealth Rock
|move|p2a: Keldeo|Surf|p1a: Kingambit
|-damage|p1a: Kingambit|38/100
|
|-weather|Snowscape|[upkeep]
|upkeep
|turn|9
|
|t:|1779819436
|-end|p1a: Kingambit|fallenundefined|[silent]
|switch|p1a: Iron Moth|Iron Moth|61/100
|-damage|p1a: Iron Moth|36/100|[from] Stealth Rock
|move|p2a: Keldeo|Surf|p1a: Iron Moth
|-supereffective|p1a: Iron Moth
|-damage|p1a: Iron Moth|0 fnt
|faint|p1a: Iron Moth
|-end|p1a: Iron Moth|Quark Drive|[silent]
|
|-weather|none
|upkeep
|
|t:|1779819441
|switch|p1a: Enamorus|Enamorus, F|100/100
|-damage|p1a: Enamorus|76/100|[from] Stealth Rock
|turn|10
|
|t:|1779819444
|move|p2a: Keldeo|Substitute|p2a: Keldeo
|-start|p2a: Keldeo|Substitute
|-damage|p2a: Keldeo|76/100
|move|p1a: Enamorus|Moonblast|p2a: Keldeo
|-supereffective|p2a: Keldeo
|-end|p2a: Keldeo|Substitute
|
|-heal|p2a: Keldeo|82/100|[from] item: Leftovers
|-sideend|p2: somsleep|move: Tailwind
|upkeep
|turn|11
|
|t:|1779819450
|-terastallize|p2a: Keldeo|Steel
|move|p1a: Enamorus|Moonblast|p2a: Keldeo
|-resisted|p2a: Keldeo
|-damage|p2a: Keldeo|50/100
|move|p2a: Keldeo|Calm Mind|p2a: Keldeo
|-boost|p2a: Keldeo|spa|1
|-boost|p2a: Keldeo|spd|1
|
|-heal|p2a: Keldeo|57/100|[from] item: Leftovers
|upkeep
|turn|12
|
|t:|1779819459
|switch|p1a: Kingambit|Kingambit, M|38/100
|-damage|p1a: Kingambit|32/100|[from] Stealth Rock
|-activate|p1a: Kingambit|ability: Supreme Overlord
|-start|p1a: Kingambit|fallen1|[silent]
|move|p2a: Keldeo|Substitute|p2a: Keldeo
|-start|p2a: Keldeo|Substitute
|-damage|p2a: Keldeo|32/100
|
|-heal|p2a: Keldeo|38/100|[from] item: Leftovers
|upkeep
|turn|13
|
|t:|1779819464
|move|p1a: Kingambit|Sucker Punch||[still]
|-fail|p1a: Kingambit
|move|p2a: Keldeo|Calm Mind|p2a: Keldeo
|-boost|p2a: Keldeo|spa|1
|-boost|p2a: Keldeo|spd|1
|
|-heal|p2a: Keldeo|44/100|[from] item: Leftovers
|upkeep
|turn|14
|
|t:|1779819466
|move|p2a: Keldeo|Surf|p1a: Kingambit
|-damage|p1a: Kingambit|0 fnt
|faint|p1a: Kingambit
|-end|p1a: Kingambit|fallen1|[silent]
|
|-heal|p2a: Keldeo|50/100|[from] item: Leftovers
|upkeep
|
|t:|1779819473
|switch|p1a: Cramorant|Cramorant, F, shiny|100/100
|-damage|p1a: Cramorant|76/100|[from] Stealth Rock
|turn|15
|
|t:|1779819478
|move|p2a: Keldeo|Surf|p1a: Cramorant
|-resisted|p1a: Cramorant
|-damage|p1a: Cramorant|18/100
|move|p1a: Cramorant|Tailwind|p1a: Cramorant
|-sidestart|p1: Scepticskep|move: Tailwind
|
|-heal|p2a: Keldeo|57/100|[from] item: Leftovers
|upkeep
|turn|16
|
|t:|1779819483
|move|p1a: Cramorant|Surf|p2a: Keldeo
|-formechange|p1a: Cramorant|Cramorant-Gorging|
|-activate|p2a: Keldeo|move: Substitute|[damage]
|move|p2a: Keldeo|Substitute|p2a: Keldeo
|-fail|p2a: Keldeo|move: Substitute
|
|-heal|p2a: Keldeo|63/100|[from] item: Leftovers
|upkeep
|turn|17
|
|t:|1779819491
|move|p1a: Cramorant|Surf|p2a: Keldeo
|-end|p2a: Keldeo|Substitute
|move|p2a: Keldeo|Substitute|p2a: Keldeo
|-start|p2a: Keldeo|Substitute
|-damage|p2a: Keldeo|38/100
|
|-heal|p2a: Keldeo|44/100|[from] item: Leftovers
|upkeep
|turn|18
|
|t:|1779819497
|move|p1a: Cramorant|Surf|p2a: Keldeo
|-activate|p2a: Keldeo|move: Substitute|[damage]
|move|p2a: Keldeo|Substitute|p2a: Keldeo
|-fail|p2a: Keldeo|move: Substitute
|
|-heal|p2a: Keldeo|50/100|[from] item: Leftovers
|-sideend|p1: Scepticskep|move: Tailwind
|upkeep
|turn|19
|
|t:|1779819504
|move|p2a: Keldeo|Surf|p1a: Cramorant
|-resisted|p1a: Cramorant
|-damage|p1a: Cramorant|0 fnt
|-damage|p2a: Keldeo|26/100|[from] ability: Gulp Missile|[of] p1a: Cramorant
|-status|p2a: Keldeo|par
|-formechange|p1a: Cramorant|Cramorant|
|faint|p1a: Cramorant
|
|-heal|p2a: Keldeo|32/100 par|[from] item: Leftovers
|upkeep
|
|t:|1779819507
|switch|p1a: Great Tusk|Great Tusk|100/100
|-damage|p1a: Great Tusk|98/100|[from] Stealth Rock
|turn|20
|
|t:|1779819516
|-terastallize|p1a: Great Tusk|Electric
|move|p1a: Great Tusk|Rapid Spin|p2a: Keldeo
|-resisted|p2a: Keldeo
|-end|p2a: Keldeo|Substitute
|-sideend|p1: Scepticskep|Stealth Rock|[from] move: Rapid Spin|[of] p1a: Great Tusk
|-boost|p1a: Great Tusk|spe|1
|move|p2a: Keldeo|Surf|p1a: Great Tusk
|-damage|p1a: Great Tusk|0 fnt
|faint|p1a: Great Tusk
|-end|p1a: Great Tusk|Protosynthesis|[silent]
|
|-heal|p2a: Keldeo|38/100 par|[from] item: Leftovers
|upkeep
|
|t:|1779819524
|switch|p1a: Enamorus|Enamorus, F|76/100
|turn|21
|
|t:|1779819529
|move|p1a: Enamorus|Superpower|p2a: Keldeo
|-supereffective|p2a: Keldeo
|-damage|p2a: Keldeo|0 fnt
|-boost|p1a: Enamorus|atk|1
|-boost|p1a: Enamorus|def|1
|faint|p2a: Keldeo
|
|upkeep
|
|t:|1779819534
|switch|p2a: Abomasnow|Abomasnow, M, shiny|100/100
|-weather|Snowscape|[from] ability: Snow Warning|[of] p2a: Abomasnow
|turn|22
|
|t:|1779819540
|move|p1a: Enamorus|Superpower|p2a: Abomasnow
|-supereffective|p2a: Abomasnow
|-damage|p2a: Abomasnow|19/100
|-boost|p1a: Enamorus|atk|1
|-boost|p1a: Enamorus|def|1
|move|p2a: Abomasnow|Blizzard|p1a: Enamorus
|-supereffective|p1a: Enamorus
|-damage|p1a: Enamorus|0 fnt
|faint|p1a: Enamorus
|
|-weather|Snowscape|[upkeep]
|upkeep
|
|t:|1779819542
|switch|p1a: Gallade|Gallade, M|100/100
|turn|23
|
|t:|1779819546
|move|p1a: Gallade|Sacred Sword|p2a: Abomasnow
|-supereffective|p2a: Abomasnow
|-damage|p2a: Abomasnow|0 fnt
|faint|p2a: Abomasnow
|
|-weather|Snowscape|[upkeep]
|upkeep
|
|t:|1779819548
|switch|p2a: Cetitan|Cetitan, M|100/100
|turn|24
|
|t:|1779819551
|move|p2a: Cetitan|Earthquake|p1a: Gallade
|-damage|p1a: Gallade|42/100
|move|p1a: Gallade|Sacred Sword|p2a: Cetitan
|-supereffective|p2a: Cetitan
|-damage|p2a: Cetitan|16/100
|-enditem|p2a: Cetitan|Sitrus Berry|[eat]
|-heal|p2a: Cetitan|41/100|[from] item: Sitrus Berry
|
|-weather|Snowscape|[upkeep]
|upkeep
|turn|25
|
|t:|1779819556
|move|p1a: Gallade|Shadow Sneak|p2a: Cetitan
|-damage|p2a: Cetitan|32/100
|move|p2a: Cetitan|Earthquake|p1a: Gallade
|-damage|p1a: Gallade|0 fnt
|faint|p1a: Gallade
|
|win|somsleep
|raw|Scepticskep's rating: 1493 &rarr; <strong>1472</strong><br />(-21 for losing)
|raw|somsleep's rating: 1471 &rarr; <strong>1492</strong><br />(+21 for winning)
|l|☆Scepticskep
|player|p1|
