|j|☆jhfsjdhfksjdhf
|j|☆assoumoulorenzo
|t:|1779871036
|gametype|singles
|player|p1|jhfsjdhfksjdhf|102|1363
|player|p2|assoumoulorenzo|unknown|1329
|gen|9
|tier|[Gen 9] OU
|rated|
|rule|HP Percentage Mod: HP is shown in percentages
|rule|Endless Battle Clause: Forcing endless battles is banned
|rule|Species Clause: Limit one of each Pokémon
|rule|OHKO Clause: OHKO moves are banned
|rule|Evasion Items Clause: Evasion items are banned
|rule|Evasion Moves Clause: Evasion moves are banned
|rule|Evasion Abilities Clause: Evasion abilities are banned
|rule|Sleep Moves Clause: Sleep-inducing moves are banned
|clearpoke
|poke|p1|Ribombee, F|
|poke|p1|Gholdengo|
|poke|p1|Dragonite, M|
|poke|p1|Darkrai|
|poke|p1|Landorus-Therian, M|
|poke|p1|Raikou|
|poke|p2|Zamazenta-*|
|poke|p2|Slowking-Galar, F|
|poke|p2|Great Tusk|
|poke|p2|Dragapult, F|
|poke|p2|Zapdos|
|poke|p2|Kingambit, F|
|teampreview
|
|t:|1779871052
|teamsize|p1|6
|teamsize|p2|6
|start
|switch|p1a: Ribombee|Ribombee, F|100/100
|switch|p2a: Great Tusk|Great Tusk|100/100
|turn|1
|
|t:|1779871060
|-end|p2a: Great Tusk|Protosynthesis|[silent]
|switch|p2a: Zapdos|Zapdos|100/100
|move|p1a: Ribombee|Stun Spore|p2a: Zapdos|[miss]
|-miss|p1a: Ribombee|p2a: Zapdos
|
|upkeep
|turn|2
|
|t:|1779871070
|move|p1a: Ribombee|Sticky Web|p2a: Zapdos
|-sidestart|p2: assoumoulorenzo|move: Sticky Web
|move|p2a: Zapdos|Hurricane|p1a: Ribombee|[miss]
|-miss|p2a: Zapdos|p1a: Ribombee
|
|upkeep
|turn|3
|
|t:|1779871077
|move|p1a: Ribombee|Skill Swap|p2a: Zapdos
|-activate|p1a: Ribombee|Skill Swap|Static|Shield Dust|[of] p2a: Zapdos
|move|p2a: Zapdos|Hurricane|p1a: Ribombee|[miss]
|-miss|p2a: Zapdos|p1a: Ribombee
|
|upkeep
|turn|4
|c|☆assoumoulorenzo|Vent violent a 50% de précisont ou quoi
|
|t:|1779871130
|move|p1a: Ribombee|Stun Spore|p2a: Zapdos
|-immune|p2a: Zapdos
|move|p2a: Zapdos|Hurricane|p1a: Ribombee
|-supereffective|p1a: Ribombee
|-enditem|p1a: Ribombee|Focus Sash
|-damage|p1a: Ribombee|1/100
|
|upkeep
|turn|5
|inactive|Battle timer is ON: inactive players will automatically lose when time's up. (requested by assoumoulorenzo)
|inactive|jhfsjdhfksjdhf has 120 seconds left.
|inactive|jhfsjdhfksjdhf has 90 seconds left.
|inactive|jhfsjdhfksjdhf has 60 seconds left.
|inactive|jhfsjdhfksjdhf has 30 seconds left.
|inactive|jhfsjdhfksjdhf has 20 seconds left.
|
|t:|1779871312
|move|p1a: Ribombee|Stun Spore|p2a: Zapdos|[miss]
|-miss|p1a: Ribombee|p2a: Zapdos
|move|p2a: Zapdos|Discharge|p1a: Ribombee
|-damage|p1a: Ribombee|0 fnt
|faint|p1a: Ribombee
|
|upkeep
|
|t:|1779871315
|switch|p1a: Raikou|Raikou|100/100
|-ability|p1a: Raikou|Pressure
|turn|6
|
|t:|1779871342
|move|p1a: Raikou|Calm Mind|p1a: Raikou
|-boost|p1a: Raikou|spa|1
|-boost|p1a: Raikou|spd|1
|move|p2a: Zapdos|U-turn|p1a: Raikou
|-damage|p1a: Raikou|81/100
|
|t:|1779871348
|switch|p2a: Great Tusk|Great Tusk|100/100|[from] U-turn
|-activate|p2a: Great Tusk|move: Sticky Web
|-unboost|p2a: Great Tusk|spe|1
|
|upkeep
|turn|7
|
|t:|1779871356
|move|p1a: Raikou|Scald|p2a: Great Tusk
|-supereffective|p2a: Great Tusk
|-damage|p2a: Great Tusk|0 fnt
|faint|p2a: Great Tusk
|-end|p2a: Great Tusk|Protosynthesis|[silent]
|
|upkeep
|
|t:|1779871365
|switch|p2a: Slowking|Slowking-Galar, F|100/100
|-activate|p2a: Slowking|move: Sticky Web
|-unboost|p2a: Slowking|spe|1
|turn|8
|inactive|jhfsjdhfksjdhf has 120 seconds left.
|
|t:|1779871380
|switch|p1a: Landorus|Landorus-Therian, M|100/100
|-ability|p1a: Landorus|Intimidate|boost
|-unboost|p2a: Slowking|atk|1
|move|p2a: Slowking|Future Sight|p1a: Landorus
|-start|p2a: Slowking|move: Future Sight
|
|upkeep
|turn|9
|inactive|jhfsjdhfksjdhf has 120 seconds left.
|-message|assoumoulorenzo forfeited.
|
|win|jhfsjdhfksjdhf
|raw|jhfsjdhfksjdhf's rating: 1363 &rarr; <strong>1381</strong><br />(+18 for winning)
|raw|assoumoulorenzo's rating: 1329 &rarr; <strong>1311</strong><br />(-18 for losing)
|l|☆assoumoulorenzo
|player|p2|
|l|☆jhfsjdhfksjdhf
|player|p1|
