|j|☆triceratopssss
|j|☆brigahtoni
|t:|1779945481
|gametype|singles
|player|p1|triceratopssss|blue|1064
|player|p2|brigahtoni|102|1084
|gen|9
|tier|[Gen 9] OU
|rated|
|rule|HP Percentage Mod: HP is shown in percentages
|rule|Endless Battle Clause: Forcing endless battles is banned
|rule|Species Clause: Limit one of each Pokémon
|rule|OHKO Clause: OHKO moves are banned
|rule|Evasion Items Clause: Evasion items are banned
|rule|Evasion Moves Clause: Evasion moves are banned
|rule|Evasion Abilities Clause: Evasion abilities are banned
|rule|Sleep Moves Clause: Sleep-inducing moves are banned
|clearpoke
|poke|p1|Salamence, M|
|poke|p1|Kingambit, M|
|poke|p1|Mew|
|poke|p1|Venusaur, M|
|poke|p1|Ursaluna, F|
|poke|p1|Dragonite, F|
|poke|p2|Leafeon, F|
|poke|p2|Metagross|
|poke|p2|Clodsire, M|
|poke|p2|Toucannon, F|
|poke|p2|Conkeldurr, M|
|poke|p2|Gengar, F|
|teampreview
|inactive|Battle timer is ON: inactive players will automatically lose when time's up. (requested by triceratopssss)
|
|t:|1779945497
|teamsize|p1|6
|teamsize|p2|6
|start
|switch|p1a: Dragonite|Dragonite, F|100/100
|switch|p2a: Toucannon|Toucannon, F, shiny|100/100
|turn|1
|
|t:|1779945505
|-terastallize|p2a: Toucannon|Rock
|move|p1a: Dragonite|Thunder Wave|p2a: Toucannon
|-status|p2a: Toucannon|par
|move|p2a: Toucannon|Rock Blast|p1a: Dragonite
|-supereffective|p1a: Dragonite
|-damage|p1a: Dragonite|83/100
|-enditem|p1a: Dragonite|Weakness Policy
|-boost|p1a: Dragonite|atk|2|[from] item: Weakness Policy
|-boost|p1a: Dragonite|spa|2|[from] item: Weakness Policy
|-supereffective|p1a: Dragonite
|-damage|p1a: Dragonite|51/100
|-supereffective|p1a: Dragonite
|-damage|p1a: Dragonite|19/100
|-supereffective|p1a: Dragonite
|-damage|p1a: Dragonite|0 fnt
|faint|p1a: Dragonite
|-hitcount|p1: Dragonite|4
|-damage|p2a: Toucannon|91/100 par|[from] item: Life Orb
|
|upkeep
|
|t:|1779945524
|switch|p1a: Bholu|Ursaluna, F|100/100
|turn|2
|
|t:|1779945529
|move|p1a: Bholu|Earthquake|p2a: Toucannon
|-supereffective|p2a: Toucannon
|-damage|p2a: Toucannon|0 fnt
|faint|p2a: Toucannon
|
|-status|p1a: Bholu|brn|[from] item: Flame Orb
|upkeep
|
|t:|1779945539
|switch|p2a: Leafeon|Leafeon, F, shiny|100/100
|turn|3
|
|t:|1779945544
|move|p2a: Leafeon|Leaf Blade|p1a: Bholu
|-supereffective|p1a: Bholu
|-damage|p1a: Bholu|23/100 brn
|-damage|p2a: Leafeon|91/100|[from] item: Life Orb
|move|p1a: Bholu|Facade|p2a: Leafeon
|-damage|p2a: Leafeon|0 fnt
|faint|p2a: Leafeon
|
|-damage|p1a: Bholu|17/100 brn|[from] brn
|upkeep
|
|t:|1779945566
|switch|p2a: Clodsire|Clodsire, M, shiny|100/100
|turn|4
|
|t:|1779945572
|move|p2a: Clodsire|Protect|p2a: Clodsire
|-singleturn|p2a: Clodsire|Protect
|move|p1a: Bholu|Earthquake|p2a: Clodsire
|-activate|p2a: Clodsire|move: Protect
|
|-damage|p1a: Bholu|11/100 brn|[from] brn
|upkeep
|turn|5
|
|t:|1779945585
|move|p1a: Bholu|Earthquake|p2a: Clodsire
|-supereffective|p2a: Clodsire
|-damage|p2a: Clodsire|0 fnt
|faint|p2a: Clodsire
|
|-damage|p1a: Bholu|5/100 brn|[from] brn
|upkeep
|
|t:|1779945588
|switch|p2a: Metagross|Metagross, shiny|100/100
|turn|6
|
|t:|1779945597
|move|p2a: Metagross|Bullet Punch|p1a: Bholu
|-damage|p1a: Bholu|0 fnt
|faint|p1a: Bholu
|
|upkeep
|
|t:|1779945603
|switch|p1a: Jesus|Mew, shiny|100/100
|turn|7
|
|t:|1779945614
|switch|p2a: Conkeldurr|Conkeldurr, M, shiny|100/100
|move|p1a: Jesus|Dark Pulse|p2a: Conkeldurr
|-resisted|p2a: Conkeldurr
|-damage|p2a: Conkeldurr|85/100
|
|-status|p2a: Conkeldurr|brn|[from] item: Flame Orb
|upkeep
|turn|8
|
|t:|1779945625
|switch|p2a: Metagross|Metagross, shiny|100/100
|move|p1a: Jesus|Psychic|p2a: Metagross
|-resisted|p2a: Metagross
|-damage|p2a: Metagross|94/100
|
|upkeep
|turn|9
|
|t:|1779945634
|-terastallize|p1a: Jesus|Dark
|move|p1a: Jesus|Dark Pulse|p2a: Metagross
|-supereffective|p2a: Metagross
|-damage|p2a: Metagross|44/100
|move|p2a: Metagross|Earthquake|p1a: Jesus
|-crit|p1a: Jesus
|-damage|p1a: Jesus|59/100
|
|-heal|p1a: Jesus|65/100|[from] item: Leftovers
|upkeep
|turn|10
|
|t:|1779945653
|move|p2a: Metagross|Bullet Punch|p1a: Jesus
|-damage|p1a: Jesus|49/100
|move|p1a: Jesus|Dark Pulse|p2a: Metagross
|-supereffective|p2a: Metagross
|-damage|p2a: Metagross|0 fnt
|faint|p2a: Metagross
|
|-heal|p1a: Jesus|55/100|[from] item: Leftovers
|upkeep
|
|t:|1779945658
|switch|p2a: Gengar|Gengar, F, shiny|100/100
|turn|11
|
|t:|1779945665
|move|p2a: Gengar|Dazzling Gleam|p1a: Jesus
|-supereffective|p1a: Jesus
|-damage|p1a: Jesus|0 fnt
|faint|p1a: Jesus
|
|upkeep
|
|t:|1779945671
|switch|p1a: Samurai|Kingambit, M|100/100
|-activate|p1a: Samurai|ability: Supreme Overlord
|-start|p1a: Samurai|fallen3|[silent]
|turn|12
|
|t:|1779945679
|move|p2a: Gengar|Dazzling Gleam|p1a: Samurai
|-damage|p1a: Samurai|75/100
|move|p1a: Samurai|Kowtow Cleave|p2a: Gengar
|-supereffective|p2a: Gengar
|-damage|p2a: Gengar|0 fnt
|-start|p1a: Samurai|Disable|Kowtow Cleave|[from] ability: Cursed Body|[of] p2a: Gengar
|faint|p2a: Gengar
|
|upkeep
|
|t:|1779945687
|switch|p2a: Conkeldurr|Conkeldurr, M, shiny|85/100 brn
|turn|13
|
|t:|1779945696
|move|p1a: Samurai|Sucker Punch||[still]
|-fail|p1a: Samurai
|move|p2a: Conkeldurr|Bulk Up|p2a: Conkeldurr
|-boost|p2a: Conkeldurr|atk|1
|-boost|p2a: Conkeldurr|def|1
|
|-damage|p2a: Conkeldurr|79/100 brn|[from] brn
|upkeep
|turn|14
|
|t:|1779945711
|move|p1a: Samurai|Iron Head|p2a: Conkeldurr
|-damage|p2a: Conkeldurr|51/100 brn
|move|p2a: Conkeldurr|Bulk Up|p2a: Conkeldurr
|-boost|p2a: Conkeldurr|atk|1
|-boost|p2a: Conkeldurr|def|1
|
|-damage|p2a: Conkeldurr|45/100 brn|[from] brn
|upkeep
|turn|15
|
|t:|1779945720
|-end|p1a: Samurai|fallen3|[silent]
|switch|p1a: Podha|Venusaur, M, shiny|100/100
|move|p2a: Conkeldurr|Drain Punch|p1a: Podha
|-resisted|p1a: Podha
|-damage|p1a: Podha|18/100
|-heal|p2a: Conkeldurr|75/100 brn|[from] drain|[of] p1a: Podha
|
|-damage|p2a: Conkeldurr|69/100 brn|[from] brn
|upkeep
|turn|16
|
|t:|1779945730
|move|p1a: Podha|Sludge Bomb|p2a: Conkeldurr
|-damage|p2a: Conkeldurr|21/100 brn
|move|p2a: Conkeldurr|Drain Punch|p1a: Podha
|-resisted|p1a: Podha
|-damage|p1a: Podha|0 fnt
|-heal|p2a: Conkeldurr|28/100 brn|[from] drain|[of] p1a: Podha
|faint|p1a: Podha
|
|-damage|p2a: Conkeldurr|22/100 brn|[from] brn
|upkeep
|
|t:|1779945736
|switch|p1a: Gojira|Salamence, M|100/100
|turn|17
|
|t:|1779945742
|move|p1a: Gojira|Dual Wingbeat|p2a: Conkeldurr
|-supereffective|p2a: Conkeldurr
|-damage|p2a: Conkeldurr|4/100 brn
|-supereffective|p2a: Conkeldurr
|-damage|p2a: Conkeldurr|0 fnt
|faint|p2a: Conkeldurr
|-hitcount|p2: Conkeldurr|2
|
|win|triceratopssss
|raw|triceratopssss's rating: 1064 &rarr; <strong>1096</strong><br />(+32 for winning)
|raw|brigahtoni's rating: 1084 &rarr; <strong>1060</strong><br />(-24 for losing)
|l|☆brigahtoni
|player|p2|
|l|☆triceratopssss
|player|p1|
