|j|☆LessionTTV
|j|☆claudechamp
|t:|1779835520
|gametype|singles
|player|p1|LessionTTV|steven|1246
|player|p2|claudechamp|265|1306
|gen|9
|tier|[Gen 9] OU
|rated|
|rule|HP Percentage Mod: HP is shown in percentages
|rule|Endless Battle Clause: Forcing endless battles is banned
|rule|Species Clause: Limit one of each Pokémon
|rule|OHKO Clause: OHKO moves are banned
|rule|Evasion Items Clause: Evasion items are banned
|rule|Evasion Moves Clause: Evasion moves are banned
|rule|Evasion Abilities Clause: Evasion abilities are banned
|rule|Sleep Moves Clause: Sleep-inducing moves are banned
|clearpoke
|poke|p1|Arcanine-Hisui, M|
|poke|p1|Ogerpon-Wellspring, F|
|poke|p1|Gholdengo|
|poke|p1|Weavile, F|
|poke|p1|Tornadus-Therian, M|
|poke|p1|Great Tusk|
|poke|p2|Corviknight, M|
|poke|p2|Ting-Lu|
|poke|p2|Kyurem|
|poke|p2|Dondozo, F|
|poke|p2|Slowking-Galar, M|
|poke|p2|Cinderace, F|
|teampreview
|c|☆claudechamp|hf
|inactive|Battle timer is ON: inactive players will automatically lose when time's up. (requested by LessionTTV)
|inactive|claudechamp also wants the timer to be on.
|
|t:|1779835527
|teamsize|p1|6
|teamsize|p2|6
|start
|switch|p1a: Bublegum|Weavile, F, shiny|100/100
|switch|p2a: Cinderace|Cinderace, F|100/100
|-ability|p1a: Bublegum|Pressure
|turn|1
|
|t:|1779835539
|switch|p1a: She.|Ogerpon-Wellspring, F|100/100
|move|p2a: Cinderace|Pyro Ball|p1a: She.
|-damage|p1a: She.|39/100
|
|upkeep
|turn|2
|
|t:|1779835545
|move|p2a: Cinderace|U-turn|p1a: She.
|-supereffective|p1a: She.
|-damage|p1a: She.|0 fnt
|faint|p1a: She.
|
|t:|1779835547
|switch|p2a: Kyurem|Kyurem|100/100|[from] U-turn
|-ability|p2a: Kyurem|Pressure
|
|upkeep
|
|t:|1779835554
|switch|p1a: Bublegum|Weavile, F, shiny|100/100
|-ability|p1a: Bublegum|Pressure
|turn|3
|
|t:|1779835561
|move|p1a: Bublegum|Knock Off|p2a: Kyurem
|-damage|p2a: Kyurem|53/100
|-enditem|p2a: Kyurem|Leftovers|[from] move: Knock Off|[of] p1a: Bublegum
|move|p2a: Kyurem|Earth Power|p1a: Bublegum
|-damage|p1a: Bublegum|60/100
|-unboost|p1a: Bublegum|spd|1
|
|upkeep
|turn|4
|
|t:|1779835568
|move|p1a: Bublegum|Triple Axel|p2a: Kyurem
|-damage|p2a: Kyurem|44/100
|-damage|p2a: Kyurem|25/100
|-damage|p2a: Kyurem|0 fnt
|faint|p2a: Kyurem
|-hitcount|p2: Kyurem|3
|
|upkeep
|
|t:|1779835570
|switch|p2a: Ting-Lu|Ting-Lu|100/100
|-ability|p2a: Ting-Lu|Vessel of Ruin
|turn|5
|
|t:|1779835574
|move|p1a: Bublegum|Triple Axel|p2a: Ting-Lu
|-supereffective|p2a: Ting-Lu
|-damage|p2a: Ting-Lu|90/100
|-hitcount|p2a: Ting-Lu|1
|move|p2a: Ting-Lu|Earthquake|p1a: Bublegum
|-damage|p1a: Bublegum|0 fnt
|faint|p1a: Bublegum
|
|-heal|p2a: Ting-Lu|96/100|[from] item: Leftovers
|upkeep
|
|t:|1779835584
|switch|p1a: BigBoiiii|Great Tusk, shiny|100/100
|turn|6
|
|t:|1779835587
|move|p1a: BigBoiiii|Ice Spinner|p2a: Ting-Lu
|-supereffective|p2a: Ting-Lu
|-damage|p2a: Ting-Lu|67/100
|move|p2a: Ting-Lu|Earthquake|p1a: BigBoiiii
|-damage|p1a: BigBoiiii|75/100
|
|-heal|p2a: Ting-Lu|74/100|[from] item: Leftovers
|upkeep
|turn|7
|
|t:|1779835593
|move|p1a: BigBoiiii|Stealth Rock|p2a: Ting-Lu
|-sidestart|p2: claudechamp|move: Stealth Rock
|move|p2a: Ting-Lu|Earthquake|p1a: BigBoiiii
|-damage|p1a: BigBoiiii|48/100
|
|-heal|p2a: Ting-Lu|80/100|[from] item: Leftovers
|upkeep
|turn|8
|
|t:|1779835597
|switch|p2a: Cinderace|Cinderace, F|100/100
|move|p1a: BigBoiiii|Ice Spinner|p2a: Cinderace
|-resisted|p2a: Cinderace
|-damage|p2a: Cinderace|84/100
|
|upkeep
|turn|9
|
|t:|1779835602
|move|p2a: Cinderace|Court Change|p2a: Cinderace
|-swapsideconditions
|-activate|p2a: Cinderace|move: Court Change
|move|p1a: BigBoiiii|Headlong Rush|p2a: Cinderace
|-supereffective|p2a: Cinderace
|-damage|p2a: Cinderace|0 fnt
|-unboost|p1a: BigBoiiii|def|1
|-unboost|p1a: BigBoiiii|spd|1
|faint|p2a: Cinderace
|
|upkeep
|
|t:|1779835604
|switch|p2a: Ting-Lu|Ting-Lu|80/100
|-ability|p2a: Ting-Lu|Vessel of Ruin
|turn|10
|
|t:|1779835608
|move|p1a: BigBoiiii|Rapid Spin|p2a: Ting-Lu
|-damage|p2a: Ting-Lu|71/100
|-boost|p1a: BigBoiiii|spe|1
|-sideend|p1: LessionTTV|Stealth Rock|[from] move: Rapid Spin|[of] p1a: BigBoiiii
|move|p2a: Ting-Lu|Earthquake|p1a: BigBoiiii
|-damage|p1a: BigBoiiii|9/100
|
|-heal|p2a: Ting-Lu|77/100|[from] item: Leftovers
|upkeep
|turn|11
|
|t:|1779835611
|move|p1a: BigBoiiii|Ice Spinner|p2a: Ting-Lu
|-supereffective|p2a: Ting-Lu
|-damage|p2a: Ting-Lu|49/100
|move|p2a: Ting-Lu|Earthquake|p1a: BigBoiiii
|-damage|p1a: BigBoiiii|0 fnt
|faint|p1a: BigBoiiii
|-end|p1a: BigBoiiii|Protosynthesis|[silent]
|
|-heal|p2a: Ting-Lu|55/100|[from] item: Leftovers
|upkeep
|
|t:|1779835617
|switch|p1a: WHOOOO|Tornadus-Therian, M, shiny|100/100
|turn|12
|
|t:|1779835624
|move|p1a: WHOOOO|Bleakwind Storm|p2a: Ting-Lu|[miss]
|-miss|p1a: WHOOOO|p2a: Ting-Lu
|move|p2a: Ting-Lu|Payback|p1a: WHOOOO
|-damage|p1a: WHOOOO|61/100
|
|-heal|p2a: Ting-Lu|61/100|[from] item: Leftovers
|upkeep
|turn|13
|
|t:|1779835629
|move|p1a: WHOOOO|Bleakwind Storm|p2a: Ting-Lu
|-damage|p2a: Ting-Lu|46/100
|move|p2a: Ting-Lu|Payback|p1a: WHOOOO
|-damage|p1a: WHOOOO|19/100
|
|-heal|p2a: Ting-Lu|52/100|[from] item: Leftovers
|upkeep
|turn|14
|
|t:|1779835632
|move|p1a: WHOOOO|U-turn|p2a: Ting-Lu
|-supereffective|p2a: Ting-Lu
|-damage|p2a: Ting-Lu|36/100
|
|t:|1779835635
|switch|p1a: GoldenGod|Gholdengo, shiny|100/100|[from] U-turn
|move|p2a: Ting-Lu|Payback|p1a: GoldenGod
|-supereffective|p1a: GoldenGod
|-damage|p1a: GoldenGod|55/100
|
|-heal|p2a: Ting-Lu|42/100|[from] item: Leftovers
|upkeep
|turn|15
|
|t:|1779835641
|move|p1a: GoldenGod|Focus Blast|p2a: Ting-Lu
|-supereffective|p2a: Ting-Lu
|-damage|p2a: Ting-Lu|8/100
|move|p2a: Ting-Lu|Payback|p1a: GoldenGod
|-supereffective|p1a: GoldenGod
|-damage|p1a: GoldenGod|0 fnt
|faint|p1a: GoldenGod
|
|-heal|p2a: Ting-Lu|15/100|[from] item: Leftovers
|upkeep
|
|t:|1779835647
|switch|p1a: WHOOOO|Tornadus-Therian, M, shiny|52/100
|turn|16
|
|t:|1779835651
|-terastallize|p2a: Ting-Lu|Water
|move|p1a: WHOOOO|U-turn|p2a: Ting-Lu
|-damage|p2a: Ting-Lu|6/100
|
|t:|1779835655
|switch|p1a: Doggy|Arcanine-Hisui, M, shiny|100/100|[from] U-turn
|move|p2a: Ting-Lu|Earthquake|p1a: Doggy
|-supereffective|p1a: Doggy
|-damage|p1a: Doggy|0 fnt
|faint|p1a: Doggy
|
|-heal|p2a: Ting-Lu|13/100|[from] item: Leftovers
|upkeep
|
|t:|1779835657
|switch|p1a: WHOOOO|Tornadus-Therian, M, shiny|85/100
|turn|17
|
|t:|1779835661
|switch|p2a: Corviknight|Corviknight, M|100/100
|-ability|p2a: Corviknight|Pressure
|move|p1a: WHOOOO|Knock Off|p2a: Corviknight
|-damage|p2a: Corviknight|88/100
|-damage|p1a: WHOOOO|69/100|[from] item: Rocky Helmet|[of] p2a: Corviknight
|-enditem|p2a: Corviknight|Rocky Helmet|[from] move: Knock Off|[of] p1a: WHOOOO
|
|upkeep
|turn|18
|
|t:|1779835668
|move|p1a: WHOOOO|Heat Wave|p2a: Corviknight
|-supereffective|p2a: Corviknight
|-damage|p2a: Corviknight|45/100
|move|p2a: Corviknight|Brave Bird|p1a: WHOOOO
|-damage|p1a: WHOOOO|25/100
|-damage|p2a: Corviknight|32/100|[from] Recoil
|
|upkeep
|turn|19
|
|t:|1779835677
|move|p1a: WHOOOO|Heat Wave|p2a: Corviknight
|-supereffective|p2a: Corviknight
|-damage|p2a: Corviknight|0 fnt
|faint|p2a: Corviknight
|
|upkeep
|
|t:|1779835680
|switch|p2a: Dondozo|Dondozo, F|100/100
|turn|20
|
|t:|1779835686
|-terastallize|p1a: WHOOOO|Steel
|move|p1a: WHOOOO|Knock Off|p2a: Dondozo
|-damage|p2a: Dondozo|89/100
|-enditem|p2a: Dondozo|Leftovers|[from] move: Knock Off|[of] p1a: WHOOOO
|move|p2a: Dondozo|Waterfall|p1a: WHOOOO
|-damage|p1a: WHOOOO|0 fnt
|faint|p1a: WHOOOO
|
|win|claudechamp
|raw|LessionTTV's rating: 1246 &rarr; <strong>1226</strong><br />(-20 for losing)
|raw|claudechamp's rating: 1323 &rarr; <strong>1339</strong><br />(+16 for winning)
|c|☆claudechamp|gg
|l|☆LessionTTV
|player|p1|
