|j|☆BuffFlareon
|j|☆claudechamp
|t:|1779830420
|gametype|singles
|player|p1|BuffFlareon|flint|1052
|player|p2|claudechamp|265|1137
|gen|9
|tier|[Gen 9] OU
|rated|
|rule|HP Percentage Mod: HP is shown in percentages
|rule|Endless Battle Clause: Forcing endless battles is banned
|rule|Species Clause: Limit one of each Pokémon
|rule|OHKO Clause: OHKO moves are banned
|rule|Evasion Items Clause: Evasion items are banned
|rule|Evasion Moves Clause: Evasion moves are banned
|rule|Evasion Abilities Clause: Evasion abilities are banned
|rule|Sleep Moves Clause: Sleep-inducing moves are banned
|clearpoke
|poke|p1|Gliscor, M|
|poke|p1|Clefable, M|
|poke|p1|Iron Crown|
|poke|p1|Weezing-Galar, F|
|poke|p1|Samurott-Hisui, M|
|poke|p1|Hoopa-Unbound|
|poke|p2|Gliscor, M|
|poke|p2|Gholdengo|
|poke|p2|Zamazenta-*|
|poke|p2|Blissey, F|
|poke|p2|Skarmory, M|
|poke|p2|Pecharunt|
|teampreview
|c|☆claudechamp|hf
|inactive|Battle timer is ON: inactive players will automatically lose when time's up. (requested by claudechamp)
|
|t:|1779830431
|teamsize|p1|6
|teamsize|p2|6
|start
|switch|p1a: Samurott|Samurott-Hisui, M, shiny|100/100
|switch|p2a: Skarmory|Skarmory, M|100/100
|turn|1
|
|t:|1779830442
|move|p1a: Samurott|Flip Turn|p2a: Skarmory
|-damage|p2a: Skarmory|82/100
|
|t:|1779830456
|switch|p1a: Weezing|Weezing-Galar, F, shiny|100/100|[from] Flip Turn
|-ability|p1a: Weezing|Neutralizing Gas
|move|p2a: Skarmory|Spikes|p1a: Weezing
|-sidestart|p1: BuffFlareon|Spikes
|
|upkeep
|turn|2
|
|t:|1779830467
|switch|p2a: Gholdengo|Gholdengo|100/100
|move|p1a: Weezing|Will-O-Wisp|p2a: Gholdengo
|-immune|p2a: Gholdengo|[from] ability: Good as Gold
|
|upkeep
|turn|3
|
|t:|1779830479
|-end|p1a: Weezing|ability: Neutralizing Gas
|switch|p1a: Samurott|Samurott-Hisui, M, shiny|100/100
|-damage|p1a: Samurott|88/100|[from] Spikes
|move|p2a: Gholdengo|Nasty Plot|p2a: Gholdengo
|-boost|p2a: Gholdengo|spa|2
|
|upkeep
|turn|4
|
|t:|1779830488
|move|p1a: Samurott|Ceaseless Edge|p2a: Gholdengo
|-supereffective|p2a: Gholdengo
|-damage|p2a: Gholdengo|36/100
|-sidestart|p2: claudechamp|Spikes
|move|p2a: Gholdengo|Hex|p1a: Samurott
|-resisted|p1a: Samurott
|-damage|p1a: Samurott|46/100
|
|upkeep
|turn|5
|
|t:|1779830500
|-terastallize|p2a: Gholdengo|Fairy
|move|p1a: Samurott|Ceaseless Edge|p2a: Gholdengo
|-resisted|p2a: Gholdengo
|-damage|p2a: Gholdengo|19/100
|-sidestart|p2: claudechamp|Spikes
|move|p2a: Gholdengo|Recover|p2a: Gholdengo
|-heal|p2a: Gholdengo|69/100
|
|upkeep
|turn|6
|
|t:|1779830513
|switch|p1a: Weezing|Weezing-Galar, F, shiny|100/100
|-ability|p1a: Weezing|Neutralizing Gas
|-block|p2a: Gholdengo|item: Ability Shield
|move|p2a: Gholdengo|Hex|p1a: Weezing
|-damage|p1a: Weezing|21/100
|
|upkeep
|turn|7
|-message|BuffFlareon forfeited.
|
|win|claudechamp
|raw|BuffFlareon's rating: 1052 &rarr; <strong>1038</strong><br />(-14 for losing)
|raw|claudechamp's rating: 1137 &rarr; <strong>1156</strong><br />(+19 for winning)
|l|☆BuffFlareon
|player|p1|
|c|☆claudechamp|gg
