|j|‽BaxleyTheBomb
|j|☆legendaryx8
|t:|1779907360
|gametype|singles
|player|p1|BaxleyTheBomb|janitor|1138
|player|p2|legendaryx8|preschooler|1218
|gen|9
|tier|[Gen 9] OU
|rated|
|rule|HP Percentage Mod: HP is shown in percentages
|rule|Endless Battle Clause: Forcing endless battles is banned
|rule|Species Clause: Limit one of each Pokémon
|rule|OHKO Clause: OHKO moves are banned
|rule|Evasion Items Clause: Evasion items are banned
|rule|Evasion Moves Clause: Evasion moves are banned
|rule|Evasion Abilities Clause: Evasion abilities are banned
|rule|Sleep Moves Clause: Sleep-inducing moves are banned
|clearpoke
|poke|p1|Milotic, M|
|poke|p1|Sceptile, F|
|poke|p1|Dusclops, M|
|poke|p1|Seviper, F|
|poke|p1|Deoxys-Speed|
|poke|p1|Salamence, F|
|poke|p2|Dragonite, M|
|poke|p2|Lucario, M|
|poke|p2|Iron Valiant|
|poke|p2|Moltres|
|poke|p2|Darkrai|
|poke|p2|Great Tusk|
|teampreview
|inactive|Battle timer is ON: inactive players will automatically lose when time's up. (requested by legendaryx8)
|
|t:|1779907372
|teamsize|p1|6
|teamsize|p2|6
|start
|switch|p1a: Sceptile|Sceptile, F, shiny|100/100
|switch|p2a: Great Tusk|Great Tusk|100/100
|turn|1
|
|t:|1779907380
|-terastallize|p2a: Great Tusk|Ghost
|move|p2a: Great Tusk|Stealth Rock|p1a: Sceptile
|-sidestart|p1: BaxleyTheBomb|move: Stealth Rock
|move|p1a: Sceptile|Roar|p2a: Great Tusk
|-enditem|p1a: Sceptile|Throat Spray
|-boost|p1a: Sceptile|spa|1|[from] item: Throat Spray
|-end|p2a: Great Tusk|Protosynthesis|[silent]
|drag|p2a: Darkrai|Darkrai|100/100
|
|upkeep
|turn|2
|
|t:|1779907389
|move|p1a: Sceptile|Focus Blast|p2a: Darkrai
|-supereffective|p2a: Darkrai
|-damage|p2a: Darkrai|0 fnt
|faint|p2a: Darkrai
|
|upkeep
|
|t:|1779907406
|switch|p2a: Dragonite|Dragonite, M|100/100
|turn|3
|
|t:|1779907412
|move|p2a: Dragonite|Extreme Speed|p1a: Sceptile
|-damage|p1a: Sceptile|51/100
|move|p1a: Sceptile|Dragon Pulse|p2a: Dragonite
|-supereffective|p2a: Dragonite
|-damage|p2a: Dragonite|54/100
|
|upkeep
|turn|4
|
|t:|1779907422
|move|p2a: Dragonite|Extreme Speed|p1a: Sceptile
|-damage|p1a: Sceptile|2/100
|move|p1a: Sceptile|Dragon Pulse|p2a: Dragonite
|-supereffective|p2a: Dragonite
|-damage|p2a: Dragonite|0 fnt
|faint|p2a: Dragonite
|
|upkeep
|
|t:|1779907430
|switch|p2a: Lucario|Lucario, M|100/100
|turn|5
|
|t:|1779907433
|move|p2a: Lucario|Extreme Speed|p1a: Sceptile
|-damage|p1a: Sceptile|0 fnt
|faint|p1a: Sceptile
|-damage|p2a: Lucario|91/100|[from] item: Life Orb
|
|upkeep
|
|t:|1779907445
|switch|p1a: Milotic|Milotic, M, shiny|100/100
|-damage|p1a: Milotic|88/100|[from] Stealth Rock
|turn|6
|
|t:|1779907458
|move|p2a: Lucario|Swords Dance|p2a: Lucario
|-boost|p2a: Lucario|atk|2
|move|p1a: Milotic|Scald|p2a: Lucario
|-damage|p2a: Lucario|30/100
|
|-heal|p1a: Milotic|94/100|[from] item: Leftovers
|upkeep
|turn|7
|
|t:|1779907470
|-terastallize|p1a: Milotic|Fairy
|move|p2a: Lucario|Close Combat|p1a: Milotic
|-resisted|p1a: Milotic
|-damage|p1a: Milotic|25/100
|-unboost|p2a: Lucario|def|1
|-unboost|p2a: Lucario|spd|1
|-damage|p2a: Lucario|20/100|[from] item: Life Orb
|move|p1a: Milotic|Draining Kiss|p2a: Lucario
|-damage|p2a: Lucario|0 fnt
|-heal|p1a: Milotic|36/100|[from] drain|[of] p2a: Lucario
|faint|p2a: Lucario
|
|-heal|p1a: Milotic|42/100|[from] item: Leftovers
|upkeep
|
|t:|1779907487
|switch|p2a: Iron Valiant|Iron Valiant|100/100
|-enditem|p2a: Iron Valiant|Booster Energy
|-activate|p2a: Iron Valiant|ability: Quark Drive|[fromitem]
|-start|p2a: Iron Valiant|quarkdrivespe
|turn|8
|
|t:|1779907494
|move|p2a: Iron Valiant|Spirit Break|p1a: Milotic
|-damage|p1a: Milotic|0 fnt
|faint|p1a: Milotic
|
|upkeep
|
|t:|1779907501
|switch|p1a: Seviper|Seviper, F, shiny|100/100
|-damage|p1a: Seviper|88/100|[from] Stealth Rock
|turn|9
|
|t:|1779907520
|-end|p2a: Iron Valiant|Quark Drive|[silent]
|switch|p2a: Great Tusk|Great Tusk, tera:Ghost|100/100
|move|p1a: Seviper|Gunk Shot|p2a: Great Tusk
|-resisted|p2a: Great Tusk
|-damage|p2a: Great Tusk|78/100
|-status|p2a: Great Tusk|psn
|
|-damage|p2a: Great Tusk|66/100 psn|[from] psn
|upkeep
|turn|10
|
|t:|1779907533
|switch|p1a: Salamence|Salamence, F, shiny|100/100
|-damage|p1a: Salamence|76/100|[from] Stealth Rock
|move|p2a: Great Tusk|Mud-Slap|p1a: Salamence
|-immune|p1a: Salamence
|
|-damage|p2a: Great Tusk|53/100 psn|[from] psn
|upkeep
|turn|11
|
|t:|1779907545
|-end|p2a: Great Tusk|Protosynthesis|[silent]
|switch|p2a: Moltres|Moltres|100/100
|move|p1a: Salamence|Dragon Dance|p1a: Salamence
|-boost|p1a: Salamence|atk|1
|-boost|p1a: Salamence|spe|1
|
|upkeep
|turn|12
|
|t:|1779907556
|move|p1a: Salamence|Dragon Dance|p1a: Salamence
|-boost|p1a: Salamence|atk|1
|-boost|p1a: Salamence|spe|1
|move|p2a: Moltres|Will-O-Wisp|p1a: Salamence
|-status|p1a: Salamence|brn
|-enditem|p1a: Salamence|Lum Berry|[eat]
|-curestatus|p1a: Salamence|brn|[msg]
|
|upkeep
|turn|13
|
|t:|1779907566
|move|p1a: Salamence|Outrage|p2a: Moltres
|-damage|p2a: Moltres|0 fnt
|faint|p2a: Moltres
|-ability|p1a: Salamence|Moxie|boost
|-boost|p1a: Salamence|atk|1
|
|upkeep
|
|t:|1779907573
|switch|p2a: Iron Valiant|Iron Valiant|100/100
|turn|14
|
|t:|1779907577
|move|p1a: Salamence|Outrage|p2a: Iron Valiant|[from] lockedmove
|-immune|p2a: Iron Valiant
|move|p2a: Iron Valiant|Spirit Break|p1a: Salamence
|-supereffective|p1a: Salamence
|-crit|p1a: Salamence
|-damage|p1a: Salamence|0 fnt
|faint|p1a: Salamence
|
|upkeep
|
|t:|1779907587
|switch|p1a: Seviper|Seviper, F, shiny|88/100
|-damage|p1a: Seviper|76/100|[from] Stealth Rock
|turn|15
|
|t:|1779907597
|-end|p2a: Iron Valiant|Quark Drive|[silent]
|switch|p2a: Great Tusk|Great Tusk, tera:Ghost|53/100 psn
|move|p1a: Seviper|Gunk Shot|p2a: Great Tusk
|-resisted|p2a: Great Tusk
|-damage|p2a: Great Tusk|32/100 psn
|
|-damage|p2a: Great Tusk|20/100 psn|[from] psn
|upkeep
|turn|16
|
|t:|1779907607
|switch|p1a: Dusclops|Dusclops, M, shiny|100/100
|-damage|p1a: Dusclops|88/100|[from] Stealth Rock
|-ability|p1a: Dusclops|Pressure
|move|p2a: Great Tusk|Mud-Slap|p1a: Dusclops
|-damage|p1a: Dusclops|85/100
|-unboost|p1a: Dusclops|accuracy|1
|
|-damage|p2a: Great Tusk|7/100 psn|[from] psn
|upkeep
|turn|17
|
|t:|1779907620
|move|p1a: Dusclops|Protect|p1a: Dusclops
|-singleturn|p1a: Dusclops|Protect
|move|p2a: Great Tusk|Mud-Slap|p1a: Dusclops
|-activate|p1a: Dusclops|move: Protect
|
|-damage|p2a: Great Tusk|0 fnt|[from] psn
|faint|p2a: Great Tusk
|-end|p2a: Great Tusk|Protosynthesis|[silent]
|upkeep
|
|t:|1779907640
|switch|p2a: Iron Valiant|Iron Valiant|100/100
|turn|18
|
|t:|1779907647
|move|p2a: Iron Valiant|Spirit Break|p1a: Dusclops
|-damage|p1a: Dusclops|61/100
|-unboost|p1a: Dusclops|spa|1
|move|p1a: Dusclops|Will-O-Wisp|p2a: Iron Valiant
|-status|p2a: Iron Valiant|brn
|
|-damage|p2a: Iron Valiant|94/100 brn|[from] brn
|upkeep
|turn|19
|-message|legendaryx8 forfeited.
|
|win|BaxleyTheBomb
|raw|BaxleyTheBomb's rating: 1138 &rarr; <strong>1169</strong><br />(+31 for winning)
|raw|legendaryx8's rating: 1218 &rarr; <strong>1187</strong><br />(-31 for losing)
|l|☆legendaryx8
|player|p2|
|l|‽BaxleyTheBomb
|player|p1|
