|j|☆kkiarakku
|j|☆Ivan_2oo8
|t:|1779804515
|gametype|singles
|player|p1|kkiarakku|pokekid|1131
|player|p2|Ivan_2oo8|ethan|1098
|gen|9
|tier|[Gen 9] OU
|rated|
|rule|HP Percentage Mod: HP is shown in percentages
|rule|Endless Battle Clause: Forcing endless battles is banned
|rule|Species Clause: Limit one of each Pokémon
|rule|OHKO Clause: OHKO moves are banned
|rule|Evasion Items Clause: Evasion items are banned
|rule|Evasion Moves Clause: Evasion moves are banned
|rule|Evasion Abilities Clause: Evasion abilities are banned
|rule|Sleep Moves Clause: Sleep-inducing moves are banned
|clearpoke
|poke|p1|Torkoal, M|
|poke|p1|Whimsicott, M|
|poke|p1|Cinderace, F|
|poke|p1|Arcanine-Hisui, F|
|poke|p1|Venusaur, M|
|poke|p1|Ninetales, F|
|poke|p2|Gyarados, M|
|poke|p2|Ceruledge, M|
|poke|p2|Ampharos, F|
|poke|p2|Lucario, M|
|poke|p2|Garchomp, M|
|poke|p2|Corviknight, M|
|teampreview
|
|t:|1779804525
|teamsize|p1|6
|teamsize|p2|6
|start
|switch|p1a: Torkoal|Torkoal, M|100/100
|switch|p2a: Garchomp|Garchomp, M|100/100
|-weather|SunnyDay|[from] ability: Drought|[of] p1a: Torkoal
|turn|1
|
|t:|1779804533
|move|p2a: Garchomp|Stealth Rock|p1a: Torkoal
|-sidestart|p1: kkiarakku|move: Stealth Rock
|move|p1a: Torkoal|Stealth Rock|p2a: Garchomp
|-sidestart|p2: Ivan_2oo8|move: Stealth Rock
|
|-weather|SunnyDay|[upkeep]
|upkeep
|turn|2
|
|t:|1779804542
|move|p2a: Garchomp|Earthquake|p1a: Torkoal
|-supereffective|p1a: Torkoal
|-damage|p1a: Torkoal|48/100
|move|p1a: Torkoal|Rapid Spin|p2a: Garchomp
|-damage|p2a: Garchomp|94/100
|-boost|p1a: Torkoal|spe|1
|-damage|p1a: Torkoal|35/100|[from] ability: Rough Skin|[of] p2a: Garchomp
|-damage|p1a: Torkoal|19/100|[from] item: Rocky Helmet|[of] p2a: Garchomp
|-sideend|p1: kkiarakku|Stealth Rock|[from] move: Rapid Spin|[of] p1a: Torkoal
|
|-weather|SunnyDay|[upkeep]
|upkeep
|turn|3
|
|t:|1779804553
|move|p2a: Garchomp|Earthquake|p1a: Torkoal
|-supereffective|p1a: Torkoal
|-damage|p1a: Torkoal|0 fnt
|faint|p1a: Torkoal
|
|-weather|SunnyDay|[upkeep]
|upkeep
|
|t:|1779804559
|switch|p1a: Whimsicott|Whimsicott, M|100/100
|turn|4
|
|t:|1779804565
|move|p1a: Whimsicott|Moonblast|p2a: Garchomp
|-supereffective|p2a: Garchomp
|-damage|p2a: Garchomp|0 fnt
|faint|p2a: Garchomp
|
|-weather|SunnyDay|[upkeep]
|upkeep
|
|t:|1779804573
|switch|p2a: Ceruledge|Ceruledge, M|100/100
|-damage|p2a: Ceruledge|75/100|[from] Stealth Rock
|turn|5
|inactive|Battle timer is ON: inactive players will automatically lose when time's up. (requested by Ivan_2oo8)
|
|t:|1779804588
|switch|p1a: Arcanine|Arcanine-Hisui, F|100/100
|move|p2a: Ceruledge|Swords Dance|p2a: Ceruledge
|-boost|p2a: Ceruledge|atk|2
|
|-weather|SunnyDay|[upkeep]
|upkeep
|turn|6
|
|t:|1779804598
|move|p1a: Arcanine|Head Smash|p2a: Ceruledge|[miss]
|-miss|p1a: Arcanine|p2a: Ceruledge
|move|p2a: Ceruledge|Close Combat|p1a: Arcanine
|-supereffective|p1a: Arcanine
|-damage|p1a: Arcanine|0 fnt
|-unboost|p2a: Ceruledge|def|1
|-unboost|p2a: Ceruledge|spd|1
|faint|p1a: Arcanine
|
|-weather|SunnyDay|[upkeep]
|upkeep
|
|t:|1779804616
|switch|p1a: Cinderace|Cinderace, F|100/100
|turn|7
|
|t:|1779804621
|move|p1a: Cinderace|Sucker Punch|p2a: Ceruledge
|-start|p1a: Cinderace|typechange|Dark|[from] ability: Libero
|-supereffective|p2a: Ceruledge
|-damage|p2a: Ceruledge|0 fnt
|faint|p2a: Ceruledge
|
|-weather|SunnyDay|[upkeep]
|upkeep
|
|t:|1779804633
|switch|p2a: Lucario|Lucario, M|100/100
|-damage|p2a: Lucario|98/100|[from] Stealth Rock
|turn|8
|
|t:|1779804640
|move|p1a: Cinderace|Pyro Ball|p2a: Lucario
|-supereffective|p2a: Lucario
|-damage|p2a: Lucario|0 fnt
|faint|p2a: Lucario
|
|-weather|none
|upkeep
|
|t:|1779804649
|switch|p2a: Corviknight|Corviknight, M|100/100
|-damage|p2a: Corviknight|88/100|[from] Stealth Rock
|-ability|p2a: Corviknight|Pressure
|turn|9
|
|t:|1779804657
|switch|p1a: Ninetales|Ninetales, F|100/100
|-weather|SunnyDay|[from] ability: Drought|[of] p1a: Ninetales
|move|p2a: Corviknight|Defog|p1a: Ninetales
|-unboost|p1a: Ninetales|evasion|1
|-sideend|p2: Ivan_2oo8|Stealth Rock|[from] move: Defog|[of] p2a: Corviknight
|
|-weather|SunnyDay|[upkeep]
|-heal|p2a: Corviknight|94/100|[from] item: Leftovers
|upkeep
|turn|10
|
|t:|1779804669
|move|p1a: Ninetales|Weather Ball|p2a: Corviknight
|-supereffective|p2a: Corviknight
|-damage|p2a: Corviknight|4/100
|move|p2a: Corviknight|Body Press|p1a: Ninetales
|-damage|p1a: Ninetales|67/100
|
|-weather|SunnyDay|[upkeep]
|-heal|p2a: Corviknight|10/100|[from] item: Leftovers
|upkeep
|turn|11
|
|t:|1779804680
|move|p1a: Ninetales|Weather Ball|p2a: Corviknight
|-supereffective|p2a: Corviknight
|-damage|p2a: Corviknight|0 fnt
|faint|p2a: Corviknight
|
|-weather|SunnyDay|[upkeep]
|upkeep
|
|t:|1779804686
|switch|p2a: Gyarados|Gyarados, M, shiny|100/100
|-ability|p2a: Gyarados|Intimidate|boost
|-unboost|p1a: Ninetales|atk|1
|turn|12
|
|t:|1779804696
|move|p1a: Ninetales|Encore||[still]
|-fail|p1a: Ninetales
|move|p2a: Gyarados|Waterfall|p1a: Ninetales
|-supereffective|p1a: Ninetales
|-damage|p1a: Ninetales|17/100
|
|-weather|SunnyDay|[upkeep]
|upkeep
|turn|13
|
|t:|1779804705
|switch|p1a: Venusaur|Venusaur, M|100/100
|move|p2a: Gyarados|Waterfall|p1a: Venusaur
|-resisted|p1a: Venusaur
|-damage|p1a: Venusaur|86/100
|
|-weather|SunnyDay|[upkeep]
|upkeep
|turn|14
|
|t:|1779804714
|move|p1a: Venusaur|Giga Drain|p2a: Gyarados
|-damage|p2a: Gyarados|60/100
|-heal|p1a: Venusaur|100/100|[from] drain|[of] p2a: Gyarados
|-damage|p1a: Venusaur|91/100|[from] item: Life Orb
|move|p2a: Gyarados|Ice Fang|p1a: Venusaur
|-supereffective|p1a: Venusaur
|-damage|p1a: Venusaur|33/100
|
|-weather|SunnyDay|[upkeep]
|upkeep
|turn|15
|
|t:|1779804723
|move|p1a: Venusaur|Giga Drain|p2a: Gyarados
|-damage|p2a: Gyarados|17/100
|-heal|p1a: Venusaur|56/100|[from] drain|[of] p2a: Gyarados
|-damage|p1a: Venusaur|46/100|[from] item: Life Orb
|move|p2a: Gyarados|Ice Fang|p1a: Venusaur
|-supereffective|p1a: Venusaur
|-damage|p1a: Venusaur|0 fnt
|faint|p1a: Venusaur
|
|-weather|SunnyDay|[upkeep]
|upkeep
|
|t:|1779804733
|switch|p1a: Ninetales|Ninetales, F|17/100
|turn|16
|
|t:|1779804738
|move|p1a: Ninetales|Will-O-Wisp|p2a: Gyarados
|-status|p2a: Gyarados|brn
|move|p2a: Gyarados|Waterfall|p1a: Ninetales
|-supereffective|p1a: Ninetales
|-damage|p1a: Ninetales|0 fnt
|faint|p1a: Ninetales
|
|-weather|none
|-damage|p2a: Gyarados|11/100 brn|[from] brn
|upkeep
|
|t:|1779804750
|switch|p1a: Whimsicott|Whimsicott, M|100/100
|turn|17
|
|t:|1779804757
|move|p1a: Whimsicott|Moonblast|p2a: Gyarados
|-damage|p2a: Gyarados|0 fnt
|faint|p2a: Gyarados
|
|upkeep
|
|t:|1779804762
|switch|p2a: Ampharos|Ampharos, F|100/100
|turn|18
|
|t:|1779804770
|move|p1a: Whimsicott|Moonblast|p2a: Ampharos
|-damage|p2a: Ampharos|37/100
|move|p2a: Ampharos|Thunderbolt|p1a: Whimsicott
|-resisted|p1a: Whimsicott
|-damage|p1a: Whimsicott|61/100
|
|-heal|p2a: Ampharos|43/100|[from] item: Leftovers
|upkeep
|turn|19
|
|t:|1779804779
|move|p1a: Whimsicott|Moonblast|p2a: Ampharos
|-damage|p2a: Ampharos|0 fnt
|faint|p2a: Ampharos
|
|win|kkiarakku
|raw|kkiarakku's rating: 1131 &rarr; <strong>1154</strong><br />(+23 for winning)
|raw|Ivan_2oo8's rating: 1098 &rarr; <strong>1076</strong><br />(-22 for losing)
|l|☆Ivan_2oo8
|player|p2|
|l|☆kkiarakku
|player|p1|
