|j|☆BurlyNut
|j|☆Muy bc kill
|t:|1779946422
|gametype|singles
|player|p1|BurlyNut|blue|1113
|player|p2|Muy bc kill|lass-gen4dp|1152
|gen|9
|tier|[Gen 9] OU
|rated|
|rule|HP Percentage Mod: HP is shown in percentages
|rule|Endless Battle Clause: Forcing endless battles is banned
|rule|Species Clause: Limit one of each Pokémon
|rule|OHKO Clause: OHKO moves are banned
|rule|Evasion Items Clause: Evasion items are banned
|rule|Evasion Moves Clause: Evasion moves are banned
|rule|Evasion Abilities Clause: Evasion abilities are banned
|rule|Sleep Moves Clause: Sleep-inducing moves are banned
|clearpoke
|poke|p1|Scyther, M|
|poke|p1|Thundurus-Therian, M|
|poke|p1|Greninja-*, M|
|poke|p1|Deoxys-Speed|
|poke|p1|Iron Valiant|
|poke|p1|Garchomp, F|
|poke|p2|Araquanid, F|
|poke|p2|Honchkrow, M|
|poke|p2|Great Tusk|
|poke|p2|Dragonite, M|
|poke|p2|Glimmora, M|
|poke|p2|Gholdengo|
|teampreview
|inactive|Battle timer is ON: inactive players will automatically lose when time's up. (requested by Muy bc kill)
|inactive|BurlyNut also wants the timer to be on.
|inactive|Muy bc kill has 120 seconds left.
|
|t:|1779946453
|teamsize|p1|6
|teamsize|p2|6
|start
|switch|p1a: Scyther|Scyther, M, shiny|100/100
|switch|p2a: Quanidriana|Araquanid, F|100/100
|turn|1
|
|t:|1779946472
|switch|p2a: Furio Glimunta|Glimmora, M|100/100
|move|p1a: Scyther|Swords Dance|p1a: Scyther
|-boost|p1a: Scyther|atk|2
|
|upkeep
|turn|2
|
|t:|1779946488
|-terastallize|p2a: Furio Glimunta|Ghost
|move|p1a: Scyther|Close Combat|p2a: Furio Glimunta
|-immune|p2a: Furio Glimunta
|move|p2a: Furio Glimunta|Meteor Beam||[still]
|-prepare|p2a: Furio Glimunta|Meteor Beam
|-boost|p2a: Furio Glimunta|spa|1
|-enditem|p2a: Furio Glimunta|Power Herb
|-anim|p2a: Furio Glimunta|Meteor Beam|p1a: Scyther
|-supereffective|p1a: Scyther
|-damage|p1a: Scyther|0 fnt
|faint|p1a: Scyther
|
|upkeep
|inactive|BurlyNut has 120 seconds left.
|
|t:|1779946515
|switch|p1a: Greninja|Greninja, M|100/100
|turn|3
|
|t:|1779946520
|switch|p2a: Quanidriana|Araquanid, F|100/100
|move|p1a: Greninja|Dark Pulse|p2a: Quanidriana
|-damage|p2a: Quanidriana|67/100
|
|upkeep
|turn|4
|inactive|BurlyNut has 120 seconds left.
|
|t:|1779946539
|move|p1a: Greninja|Dark Pulse|p2a: Quanidriana
|-damage|p2a: Quanidriana|37/100
|move|p2a: Quanidriana|Sticky Web|p1a: Greninja
|-sidestart|p1: BurlyNut|move: Sticky Web
|
|upkeep
|turn|5
|
|t:|1779946548
|move|p1a: Greninja|Dark Pulse|p2a: Quanidriana
|-crit|p2a: Quanidriana
|-damage|p2a: Quanidriana|0 fnt
|faint|p2a: Quanidriana
|-ability|p1a: Greninja|Battle Bond|boost
|-boost|p1a: Greninja|atk|1
|-boost|p1a: Greninja|spa|1
|-boost|p1a: Greninja|spe|1
|-activate|p1a: Greninja|ability: Battle Bond
|
|upkeep
|
|t:|1779946556
|switch|p2a: Gabbaghold|Gholdengo|100/100
|-item|p2a: Gabbaghold|Air Balloon
|turn|6
|
|t:|1779946562
|move|p1a: Greninja|Dark Pulse|p2a: Gabbaghold
|-supereffective|p2a: Gabbaghold
|-damage|p2a: Gabbaghold|0 fnt
|-enditem|p2a: Gabbaghold|Air Balloon
|faint|p2a: Gabbaghold
|
|upkeep
|
|t:|1779946564
|switch|p2a: Tony Soprankrow|Honchkrow, M|100/100
|turn|7
|
|t:|1779946570
|move|p1a: Greninja|Ice Beam|p2a: Tony Soprankrow
|-supereffective|p2a: Tony Soprankrow
|-damage|p2a: Tony Soprankrow|0 fnt
|faint|p2a: Tony Soprankrow
|
|upkeep
|
|t:|1779946573
|switch|p2a: Uncle Junite|Dragonite, M|100/100
|turn|8
|
|t:|1779946578
|move|p1a: Greninja|Ice Beam|p2a: Uncle Junite
|-supereffective|p2a: Uncle Junite
|-damage|p2a: Uncle Junite|16/100
|-status|p2a: Uncle Junite|frz
|cant|p2a: Uncle Junite|frz
|
|upkeep
|turn|9
|-message|Muy bc kill forfeited.
|
|win|BurlyNut
|raw|BurlyNut's rating: 1113 &rarr; <strong>1141</strong><br />(+28 for winning)
|raw|Muy bc kill's rating: 1152 &rarr; <strong>1124</strong><br />(-28 for losing)
|l|☆Muy bc kill
|player|p2|
|l|☆BurlyNut
|player|p1|
