|j|☆Sz_dS
|j|☆samohi0
|t:|1779933687
|gametype|singles
|player|p1|Sz_dS|1|1669
|player|p2|samohi0|hoopster|1730
|gen|9
|tier|[Gen 9] OU
|rated|
|rule|HP Percentage Mod: HP is shown in percentages
|rule|Endless Battle Clause: Forcing endless battles is banned
|rule|Species Clause: Limit one of each Pokémon
|rule|OHKO Clause: OHKO moves are banned
|rule|Evasion Items Clause: Evasion items are banned
|rule|Evasion Moves Clause: Evasion moves are banned
|rule|Evasion Abilities Clause: Evasion abilities are banned
|rule|Sleep Moves Clause: Sleep-inducing moves are banned
|clearpoke
|poke|p1|Rillaboom, M|
|poke|p1|Serperior, F|
|poke|p1|Heatran, M|
|poke|p1|Gholdengo|
|poke|p1|Zamazenta-*|
|poke|p1|Great Tusk|
|poke|p2|Dragapult, M|
|poke|p2|Lokix, F|
|poke|p2|Alomomola, F|
|poke|p2|Great Tusk|
|poke|p2|Enamorus, F|
|poke|p2|Iron Crown|
|teampreview
|inactive|Battle timer is ON: inactive players will automatically lose when time's up. (requested by Sz_dS)
|inactive|samohi0 has 120 seconds left.
|
|t:|1779933759
|teamsize|p1|6
|teamsize|p2|6
|start
|switch|p1a: Heatran|Heatran, M|100/100
|switch|p2a: Lokix|Lokix, F|100/100
|-item|p1a: Heatran|Air Balloon
|turn|1
|
|t:|1779933768
|move|p2a: Lokix|U-turn|p1a: Heatran
|-resisted|p1a: Heatran
|-damage|p1a: Heatran|78/100
|-enditem|p1a: Heatran|Air Balloon
|
|t:|1779933771
|switch|p2a: Great Tusk|Great Tusk|100/100|[from] U-turn
|move|p1a: Heatran|Stealth Rock|p2a: Great Tusk
|-sidestart|p2: samohi0|move: Stealth Rock
|
|upkeep
|turn|2
|
|t:|1779933781
|-terastallize|p1a: Heatran|Ghost
|move|p2a: Great Tusk|Headlong Rush|p1a: Heatran
|-damage|p1a: Heatran|26/100
|-unboost|p2a: Great Tusk|def|1
|-unboost|p2a: Great Tusk|spd|1
|move|p1a: Heatran|Magma Storm|p2a: Great Tusk|[miss]
|-miss|p1a: Heatran|p2a: Great Tusk
|
|upkeep
|turn|3
|
|t:|1779933787
|move|p2a: Great Tusk|Ice Spinner|p1a: Heatran
|-damage|p1a: Heatran|2/100
|move|p1a: Heatran|Magma Storm|p2a: Great Tusk|[miss]
|-miss|p1a: Heatran|p2a: Great Tusk
|
|upkeep
|turn|4
|
|t:|1779933792
|move|p2a: Great Tusk|Ice Spinner|p1a: Heatran
|-damage|p1a: Heatran|0 fnt
|faint|p1a: Heatran
|
|upkeep
|
|t:|1779933795
|switch|p1a: Serperior|Serperior, F|100/100
|turn|5
|
|t:|1779933799
|-end|p2a: Great Tusk|Protosynthesis|[silent]
|switch|p2a: Dragapult|Dragapult, M|100/100
|-damage|p2a: Dragapult|88/100|[from] Stealth Rock
|move|p1a: Serperior|Knock Off|p2a: Dragapult
|-supereffective|p2a: Dragapult
|-damage|p2a: Dragapult|43/100
|-enditem|p2a: Dragapult|Choice Band|[from] move: Knock Off|[of] p1a: Serperior
|
|upkeep
|turn|6
|
|t:|1779933808
|switch|p1a: Gholdengo|Gholdengo|100/100
|move|p2a: Dragapult|U-turn|p1a: Gholdengo
|-resisted|p1a: Gholdengo
|-damage|p1a: Gholdengo|95/100
|
|t:|1779933812
|switch|p2a: Lokix|Lokix, F|100/100|[from] U-turn
|-damage|p2a: Lokix|76/100|[from] Stealth Rock
|
|upkeep
|turn|7
|
|t:|1779933819
|switch|p1a: Great Tusk|Great Tusk|100/100
|-enditem|p1a: Great Tusk|Booster Energy
|-activate|p1a: Great Tusk|ability: Protosynthesis|[fromitem]
|-start|p1a: Great Tusk|protosynthesisspe
|move|p2a: Lokix|Knock Off|p1a: Great Tusk
|-resisted|p1a: Great Tusk
|-damage|p1a: Great Tusk|70/100
|
|upkeep
|turn|8
|
|t:|1779933828
|switch|p2a: Alomomola|Alomomola, F|100/100
|-damage|p2a: Alomomola|88/100|[from] Stealth Rock
|move|p1a: Great Tusk|Bulk Up|p1a: Great Tusk
|-boost|p1a: Great Tusk|atk|1
|-boost|p1a: Great Tusk|def|1
|
|upkeep
|turn|9
|
|t:|1779933832
|move|p1a: Great Tusk|Headlong Rush|p2a: Alomomola
|-damage|p2a: Alomomola|32/100
|-unboost|p1a: Great Tusk|def|1
|-unboost|p1a: Great Tusk|spd|1
|move|p2a: Alomomola|Flip Turn|p1a: Great Tusk
|-supereffective|p1a: Great Tusk
|-damage|p1a: Great Tusk|50/100
|
|t:|1779933835
|switch|p2a: Enamorus|Enamorus, F|100/100|[from] Flip Turn
|-damage|p2a: Enamorus|76/100|[from] Stealth Rock
|
|upkeep
|turn|10
|
|t:|1779933839
|move|p2a: Enamorus|Mystical Fire|p1a: Great Tusk
|-damage|p1a: Great Tusk|0 fnt
|faint|p1a: Great Tusk
|-end|p1a: Great Tusk|Protosynthesis|[silent]
|
|upkeep
|
|t:|1779933844
|switch|p1a: Zamazenta|Zamazenta|100/100
|-ability|p1a: Zamazenta|Dauntless Shield|boost
|-boost|p1a: Zamazenta|def|1
|turn|11
|
|t:|1779933850
|switch|p2a: Great Tusk|Great Tusk|100/100
|move|p1a: Zamazenta|Psychic Fangs|p2a: Great Tusk
|-supereffective|p2a: Great Tusk
|-crit|p2a: Great Tusk
|-damage|p2a: Great Tusk|12/100
|-damage|p1a: Zamazenta|91/100|[from] item: Life Orb
|
|upkeep
|turn|12
|
|t:|1779933859
|move|p1a: Zamazenta|Crunch|p2a: Great Tusk
|-resisted|p2a: Great Tusk
|-damage|p2a: Great Tusk|0 fnt
|faint|p2a: Great Tusk
|-end|p2a: Great Tusk|Protosynthesis|[silent]
|-damage|p1a: Zamazenta|81/100|[from] item: Life Orb
|
|upkeep
|
|t:|1779933861
|switch|p2a: Enamorus|Enamorus, F|76/100
|-damage|p2a: Enamorus|51/100|[from] Stealth Rock
|turn|13
|
|t:|1779933872
|switch|p1a: Serperior|Serperior, F|100/100
|move|p2a: Enamorus|Moonblast|p1a: Serperior
|-damage|p1a: Serperior|43/100
|-boost|p1a: Serperior|spa|1
|
|upkeep
|turn|14
|
|t:|1779933879
|switch|p1a: Gholdengo|Gholdengo|95/100
|move|p2a: Enamorus|Moonblast|p1a: Gholdengo
|-resisted|p1a: Gholdengo
|-damage|p1a: Gholdengo|76/100
|
|upkeep
|turn|15
|
|t:|1779933883
|switch|p2a: Alomomola|Alomomola, F|65/100
|-damage|p2a: Alomomola|53/100|[from] Stealth Rock
|move|p1a: Gholdengo|Shadow Ball|p2a: Alomomola
|-damage|p2a: Alomomola|30/100
|
|upkeep
|turn|16
|
|t:|1779933886
|switch|p1a: Serperior|Serperior, F|43/100
|move|p2a: Alomomola|Flip Turn|p1a: Serperior
|-resisted|p1a: Serperior
|-damage|p1a: Serperior|34/100
|
|t:|1779933888
|switch|p2a: Dragapult|Dragapult, M|43/100|[from] Flip Turn
|-damage|p2a: Dragapult|31/100|[from] Stealth Rock
|
|upkeep
|turn|17
|
|t:|1779933892
|move|p1a: Serperior|Leaf Storm|p2a: Dragapult
|-resisted|p2a: Dragapult
|-damage|p2a: Dragapult|0 fnt
|-boost|p1a: Serperior|spa|2
|faint|p2a: Dragapult
|
|upkeep
|
|t:|1779933895
|switch|p2a: Lokix|Lokix, F|76/100
|-damage|p2a: Lokix|51/100|[from] Stealth Rock
|turn|18
|
|t:|1779933898
|move|p2a: Lokix|First Impression|p1a: Serperior
|-supereffective|p1a: Serperior
|-crit|p1a: Serperior
|-damage|p1a: Serperior|0 fnt
|faint|p1a: Serperior
|
|upkeep
|
|t:|1779933902
|switch|p1a: Zamazenta|Zamazenta|81/100
|turn|19
|
|t:|1779933910
|switch|p2a: Alomomola|Alomomola, F|63/100
|-damage|p2a: Alomomola|51/100|[from] Stealth Rock
|move|p1a: Zamazenta|Close Combat|p2a: Alomomola
|-damage|p2a: Alomomola|0 fnt
|-unboost|p1a: Zamazenta|def|1
|-unboost|p1a: Zamazenta|spd|1
|faint|p2a: Alomomola
|-damage|p1a: Zamazenta|71/100|[from] item: Life Orb
|
|upkeep
|
|t:|1779933912
|switch|p2a: Enamorus|Enamorus, F|51/100
|-damage|p2a: Enamorus|26/100|[from] Stealth Rock
|turn|20
|
|t:|1779933919
|move|p2a: Enamorus|Healing Wish|p2a: Enamorus
|faint|p2a: Enamorus
|move|p1a: Zamazenta|Close Combat|p2: Enamorus|[notarget]
|-fail|p1a: Zamazenta
|
|upkeep
|
|t:|1779933921
|switch|p2a: Lokix|Lokix, F|51/100
|-heal|p2a: Lokix|100/100|[from] move: Healing Wish
|-damage|p2a: Lokix|76/100|[from] Stealth Rock
|turn|21
|
|t:|1779933924
|move|p2a: Lokix|First Impression|p1a: Zamazenta
|-resisted|p1a: Zamazenta
|-damage|p1a: Zamazenta|0 fnt
|faint|p1a: Zamazenta
|
|upkeep
|
|t:|1779933925
|switch|p1a: Rillaboom|Rillaboom, M|100/100
|-fieldstart|move: Grassy Terrain|[from] ability: Grassy Surge|[of] p1a: Rillaboom
|turn|22
|
|t:|1779933931
|switch|p2a: Iron Crown|Iron Crown|100/100
|-damage|p2a: Iron Crown|94/100|[from] Stealth Rock
|move|p1a: Rillaboom|Swords Dance|p1a: Rillaboom
|-boost|p1a: Rillaboom|atk|2
|
|-heal|p2a: Iron Crown|100/100|[from] Grassy Terrain
|upkeep
|turn|23
|
|t:|1779933936
|move|p2a: Iron Crown|Tachyon Cutter|p1a: Rillaboom
|-damage|p1a: Rillaboom|52/100
|-damage|p1a: Rillaboom|5/100
|-hitcount|p1a: Rillaboom|2
|move|p1a: Rillaboom|Knock Off|p2a: Iron Crown
|-supereffective|p2a: Iron Crown
|-damage|p2a: Iron Crown|0 fnt
|-enditem|p2a: Iron Crown|Choice Specs|[from] move: Knock Off|[of] p1a: Rillaboom
|faint|p2a: Iron Crown
|-end|p2a: Iron Crown|Quark Drive|[silent]
|-damage|p1a: Rillaboom|0 fnt|[from] item: Life Orb
|faint|p1a: Rillaboom
|
|upkeep
|
|t:|1779933939
|switch|p2a: Lokix|Lokix, F|76/100
|switch|p1a: Gholdengo|Gholdengo|76/100
|-damage|p2a: Lokix|51/100|[from] Stealth Rock
|-enditem|p1a: Gholdengo|Grassy Seed
|-boost|p1a: Gholdengo|def|1|[from] item: Grassy Seed
|turn|24
|
|t:|1779933953
|move|p2a: Lokix|Knock Off|p1a: Gholdengo
|-supereffective|p1a: Gholdengo
|-damage|p1a: Gholdengo|16/100
|move|p1a: Gholdengo|Focus Blast|p2a: Lokix|[miss]
|-miss|p1a: Gholdengo|p2a: Lokix
|
|-heal|p2a: Lokix|57/100|[from] Grassy Terrain
|-heal|p1a: Gholdengo|22/100|[from] Grassy Terrain
|upkeep
|turn|25
|
|t:|1779933956
|move|p2a: Lokix|Knock Off|p1a: Gholdengo
|-supereffective|p1a: Gholdengo
|-damage|p1a: Gholdengo|0 fnt
|faint|p1a: Gholdengo
|
|win|samohi0
|raw|Sz_dS's rating: 1669 &rarr; <strong>1652</strong><br />(-17 for losing)
|raw|samohi0's rating: 1730 &rarr; <strong>1747</strong><br />(+17 for winning)
|l|☆samohi0
|player|p2|
|l|☆Sz_dS
|player|p1|
