|j|☆potatobeano
|j|☆jack sparo
|t:|1779875170
|gametype|singles
|player|p1|potatobeano|alder|1206
|player|p2|jack sparo|266|1209
|gen|9
|tier|[Gen 9] OU
|rated|
|rule|HP Percentage Mod: HP is shown in percentages
|rule|Endless Battle Clause: Forcing endless battles is banned
|rule|Species Clause: Limit one of each Pokémon
|rule|OHKO Clause: OHKO moves are banned
|rule|Evasion Items Clause: Evasion items are banned
|rule|Evasion Moves Clause: Evasion moves are banned
|rule|Evasion Abilities Clause: Evasion abilities are banned
|rule|Sleep Moves Clause: Sleep-inducing moves are banned
|clearpoke
|poke|p1|Torkoal, M|
|poke|p1|Pelipper, F|
|poke|p1|Lilligant-Hisui, F|
|poke|p1|Floatzel, M|
|poke|p1|Kingdra, M|
|poke|p1|Duraludon, M|
|poke|p2|Noivern, F|
|poke|p2|Kingambit, M|
|poke|p2|Staraptor, F|
|poke|p2|Serperior, F|
|poke|p2|Cloyster, M|
|poke|p2|Cyclizar, F|
|teampreview
|inactive|Battle timer is ON: inactive players will automatically lose when time's up. (requested by potatobeano)
|inactive|potatobeano has 120 seconds left.
|inactive|potatobeano has 90 seconds left.
|inactive|potatobeano has 60 seconds left.
|inactive|potatobeano has 30 seconds left.
|
|t:|1779875292
|teamsize|p1|6
|teamsize|p2|6
|start
|switch|p1a: Pelipper|Pelipper, F|100/100
|switch|p2a: Cloyster|Cloyster, M|100/100
|-weather|RainDance|[from] ability: Drizzle|[of] p1a: Pelipper
|turn|1
|
|t:|1779875320
|move|p2a: Cloyster|Shell Smash|p2a: Cloyster
|-unboost|p2a: Cloyster|def|1
|-unboost|p2a: Cloyster|spd|1
|-boost|p2a: Cloyster|atk|2
|-boost|p2a: Cloyster|spa|2
|-boost|p2a: Cloyster|spe|2
|move|p1a: Pelipper|Tailwind|p1a: Pelipper
|-sidestart|p1: potatobeano|move: Tailwind
|
|-weather|RainDance|[upkeep]
|upkeep
|turn|2
|
|t:|1779875338
|switch|p1a: Duraludon|Duraludon, M|100/100
|move|p2a: Cloyster|Shell Smash|p2a: Cloyster
|-unboost|p2a: Cloyster|def|1
|-unboost|p2a: Cloyster|spd|1
|-boost|p2a: Cloyster|atk|2
|-boost|p2a: Cloyster|spa|2
|-boost|p2a: Cloyster|spe|2
|
|-weather|RainDance|[upkeep]
|upkeep
|turn|3
|
|t:|1779875349
|move|p2a: Cloyster|Razor Shell|p1a: Duraludon
|-resisted|p1a: Duraludon
|-damage|p1a: Duraludon|52/100
|-unboost|p1a: Duraludon|def|1
|move|p1a: Duraludon|Thunderbolt|p2a: Cloyster
|-supereffective|p2a: Cloyster
|-enditem|p2a: Cloyster|Focus Sash
|-damage|p2a: Cloyster|1/100
|
|-weather|RainDance|[upkeep]
|upkeep
|turn|4
|
|t:|1779875360
|move|p2a: Cloyster|Icicle Spear|p1a: Duraludon
|-crit|p1a: Duraludon
|-damage|p1a: Duraludon|3/100
|-damage|p1a: Duraludon|0 fnt
|faint|p1a: Duraludon
|-hitcount|p1: Duraludon|2
|
|-weather|RainDance|[upkeep]
|-sideend|p1: potatobeano|move: Tailwind
|upkeep
|
|t:|1779875371
|switch|p1a: Floatzel|Floatzel, M, shiny|100/100
|turn|5
|
|t:|1779875376
|move|p1a: Floatzel|Aqua Jet|p2a: Cloyster
|-resisted|p2a: Cloyster
|-damage|p2a: Cloyster|0 fnt
|faint|p2a: Cloyster
|
|-weather|none
|upkeep
|
|t:|1779875380
|switch|p2a: Noivern|Noivern, F, shiny|100/100
|turn|6
|
|t:|1779875384
|switch|p1a: Pelipper|Pelipper, F|100/100
|-weather|RainDance|[from] ability: Drizzle|[of] p1a: Pelipper
|-terastallize|p2a: Noivern|Normal
|move|p2a: Noivern|Boomburst|p1a: Pelipper
|-enditem|p1a: Pelipper|Focus Sash
|-damage|p1a: Pelipper|1/100
|
|-weather|RainDance|[upkeep]
|upkeep
|turn|7
|
|t:|1779875391
|move|p2a: Noivern|Boomburst|p1a: Pelipper
|-damage|p1a: Pelipper|0 fnt
|faint|p1a: Pelipper
|
|-weather|RainDance|[upkeep]
|upkeep
|
|t:|1779875398
|switch|p1a: Floatzel|Floatzel, M, shiny|100/100
|turn|8
|
|t:|1779875418
|move|p1a: Floatzel|Wave Crash|p2a: Noivern
|-damage|p2a: Noivern|0 fnt
|faint|p2a: Noivern
|-damage|p1a: Floatzel|67/100|[from] Recoil
|
|-weather|RainDance|[upkeep]
|upkeep
|
|t:|1779875428
|switch|p2a: Serperior|Serperior, F|100/100
|turn|9
|
|t:|1779875433
|move|p1a: Floatzel|Wave Crash|p2a: Serperior
|-resisted|p2a: Serperior
|-damage|p2a: Serperior|10/100
|-damage|p1a: Floatzel|40/100|[from] Recoil
|move|p2a: Serperior|Leaf Storm|p1a: Floatzel
|-supereffective|p1a: Floatzel
|-damage|p1a: Floatzel|0 fnt
|-boost|p2a: Serperior|spa|2
|faint|p1a: Floatzel
|
|-weather|RainDance|[upkeep]
|upkeep
|
|t:|1779875439
|switch|p1a: Kingdra|Kingdra, M|100/100
|turn|10
|
|t:|1779875442
|move|p2a: Serperior|Leaf Storm|p1a: Kingdra
|-damage|p1a: Kingdra|0 fnt
|-boost|p2a: Serperior|spa|2
|faint|p1a: Kingdra
|
|-weather|none
|upkeep
|
|t:|1779875446
|switch|p1a: Torkoal|Torkoal, M|100/100
|-weather|SunnyDay|[from] ability: Drought|[of] p1a: Torkoal
|turn|11
|
|t:|1779875449
|move|p2a: Serperior|Leaf Storm|p1a: Torkoal
|-resisted|p1a: Torkoal
|-damage|p1a: Torkoal|15/100
|-boost|p2a: Serperior|spa|2
|move|p1a: Torkoal|Weather Ball|p2a: Serperior
|-supereffective|p2a: Serperior
|-damage|p2a: Serperior|0 fnt
|faint|p2a: Serperior
|
|-weather|SunnyDay|[upkeep]
|upkeep
|
|t:|1779875463
|switch|p2a: Staraptor|Staraptor, F, shiny|100/100
|turn|12
|
|t:|1779875469
|move|p2a: Staraptor|Brave Bird|p1a: Torkoal
|-damage|p1a: Torkoal|0 fnt
|faint|p1a: Torkoal
|-damage|p2a: Staraptor|95/100|[from] Recoil
|
|-weather|SunnyDay|[upkeep]
|upkeep
|
|t:|1779875471
|switch|p1a: Lilligant|Lilligant-Hisui, F, shiny|100/100
|turn|13
|
|t:|1779875475
|move|p1a: Lilligant|Triple Axel|p2a: Staraptor
|-supereffective|p2a: Staraptor
|-damage|p2a: Staraptor|70/100
|-supereffective|p2a: Staraptor
|-damage|p2a: Staraptor|17/100
|-supereffective|p2a: Staraptor
|-damage|p2a: Staraptor|0 fnt
|faint|p2a: Staraptor
|-hitcount|p2: Staraptor|3
|-damage|p1a: Lilligant|91/100|[from] item: Life Orb
|
|-weather|SunnyDay|[upkeep]
|upkeep
|inactive|jack sparo has 120 seconds left.
|inactive|jack sparo has 90 seconds left.
|
|t:|1779875541
|switch|p2a: Kingambit|Kingambit, M, shiny|100/100
|-activate|p2a: Kingambit|ability: Supreme Overlord
|-start|p2a: Kingambit|fallen4|[silent]
|turn|14
|
|t:|1779875549
|move|p1a: Lilligant|Close Combat|p2a: Kingambit
|-supereffective|p2a: Kingambit
|-damage|p2a: Kingambit|0 fnt
|-unboost|p1a: Lilligant|def|1
|-unboost|p1a: Lilligant|spd|1
|faint|p2a: Kingambit
|-end|p2a: Kingambit|fallen4|[silent]
|-damage|p1a: Lilligant|81/100|[from] item: Life Orb
|
|-weather|SunnyDay|[upkeep]
|upkeep
|
|t:|1779875553
|switch|p2a: Cyclizar|Cyclizar, F, shiny|100/100
|turn|15
|
|t:|1779875563
|move|p1a: Lilligant|Triple Axel|p2a: Cyclizar
|-supereffective|p2a: Cyclizar
|-damage|p2a: Cyclizar|74/100
|-supereffective|p2a: Cyclizar
|-damage|p2a: Cyclizar|26/100
|-supereffective|p2a: Cyclizar
|-damage|p2a: Cyclizar|0 fnt
|faint|p2a: Cyclizar
|-hitcount|p2: Cyclizar|3
|-damage|p1a: Lilligant|71/100|[from] item: Life Orb
|
|win|potatobeano
|raw|potatobeano's rating: 1206 &rarr; <strong>1231</strong><br />(+25 for winning)
|raw|jack sparo's rating: 1209 &rarr; <strong>1184</strong><br />(-25 for losing)
|l|☆potatobeano
|player|p1|
