|j|☆pinegoddess
|j|☆newacount2
|t:|1779949033
|gametype|singles
|player|p1|pinegoddess|sabrina|1620
|player|p2|newacount2|dragontamer|1570
|gen|9
|tier|[Gen 9] OU
|rated|
|rule|HP Percentage Mod: HP is shown in percentages
|rule|Endless Battle Clause: Forcing endless battles is banned
|rule|Species Clause: Limit one of each Pokémon
|rule|OHKO Clause: OHKO moves are banned
|rule|Evasion Items Clause: Evasion items are banned
|rule|Evasion Moves Clause: Evasion moves are banned
|rule|Evasion Abilities Clause: Evasion abilities are banned
|rule|Sleep Moves Clause: Sleep-inducing moves are banned
|clearpoke
|poke|p1|Garganacl, F|
|poke|p1|Sinistcha|
|poke|p1|Lokix, F|
|poke|p1|Clodsire, F|
|poke|p1|Skarmory, F|
|poke|p1|Great Tusk|
|poke|p2|Dragapult, F|
|poke|p2|Pecharunt|
|poke|p2|Ogerpon-Wellspring, F|
|poke|p2|Iron Treads|
|poke|p2|Zamazenta-*|
|poke|p2|Kingambit, F|
|teampreview
|inactive|Battle timer is ON: inactive players will automatically lose when time's up. (requested by newacount2)
|inactive|pinegoddess has 120 seconds left.
|inactive|newacount2 has 120 seconds left.
|
|t:|1779949077
|teamsize|p1|6
|teamsize|p2|6
|start
|switch|p1a: Skarmory|Skarmory, F|100/100
|switch|p2a: Ogerpon|Ogerpon-Wellspring, F|100/100
|turn|1
|j| andalusiae
|
|t:|1779949089
|switch|p2a: Iron Treads|Iron Treads|100/100
|-item|p2a: Iron Treads|Air Balloon
|move|p1a: Skarmory|Brave Bird|p2a: Iron Treads
|-resisted|p2a: Iron Treads
|-damage|p2a: Iron Treads|84/100
|-enditem|p2a: Iron Treads|Air Balloon
|-damage|p1a: Skarmory|95/100|[from] Recoil
|
|upkeep
|turn|2
|
|t:|1779949105
|-end|p2a: Iron Treads|Quark Drive|[silent]
|switch|p2a: Pecharunt|Pecharunt|100/100
|move|p1a: Skarmory|Spikes|p2a: Pecharunt
|-sidestart|p2: newacount2|Spikes
|
|upkeep
|turn|3
|
|t:|1779949118
|switch|p1a: Clodsire|Clodsire, F, shiny|100/100
|move|p2a: Pecharunt|Nasty Plot|p2a: Pecharunt
|-boost|p2a: Pecharunt|spa|2
|
|upkeep
|turn|4
|
|t:|1779949142
|move|p2a: Pecharunt|Shadow Ball|p1a: Clodsire
|-damage|p1a: Clodsire|88/100
|move|p1a: Clodsire|Earthquake|p2a: Pecharunt
|-supereffective|p2a: Pecharunt
|-damage|p2a: Pecharunt|70/100
|
|-heal|p2a: Pecharunt|77/100|[from] item: Leftovers
|upkeep
|turn|5
|
|t:|1779949151
|switch|p2a: Ogerpon|Ogerpon-Wellspring, F|100/100
|-damage|p2a: Ogerpon|88/100|[from] Spikes
|move|p1a: Clodsire|Toxic|p2a: Ogerpon
|-status|p2a: Ogerpon|tox
|
|-damage|p2a: Ogerpon|82/100 tox|[from] psn
|upkeep
|turn|6
|
|t:|1779949165
|switch|p2a: Kingambit|Kingambit, F|100/100
|-damage|p2a: Kingambit|88/100|[from] Spikes
|switch|p1a: Skarmory|Skarmory, F|95/100
|
|-heal|p2a: Kingambit|94/100|[from] item: Leftovers
|upkeep
|turn|7
|
|t:|1779949177
|-end|p2a: Kingambit|fallenundefined|[silent]
|switch|p2a: Pecharunt|Pecharunt|77/100
|-damage|p2a: Pecharunt|64/100|[from] Spikes
|move|p1a: Skarmory|Spikes|p2a: Pecharunt
|-sidestart|p2: newacount2|Spikes
|
|-heal|p2a: Pecharunt|70/100|[from] item: Leftovers
|upkeep
|turn|8
|
|t:|1779949187
|switch|p2a: Iron Treads|Iron Treads|84/100
|-damage|p2a: Iron Treads|67/100|[from] Spikes
|switch|p1a: Clodsire|Clodsire, F, shiny|88/100
|
|upkeep
|turn|9
|
|t:|1779949195
|switch|p1a: Sinistcha|Sinistcha|100/100
|move|p2a: Iron Treads|Knock Off|p1a: Sinistcha
|-supereffective|p1a: Sinistcha
|-damage|p1a: Sinistcha|57/100
|-enditem|p1a: Sinistcha|Heavy-Duty Boots|[from] move: Knock Off|[of] p2a: Iron Treads
|
|upkeep
|turn|10
|
|t:|1779949203
|move|p2a: Iron Treads|Stealth Rock|p1a: Sinistcha
|-sidestart|p1: pinegoddess|move: Stealth Rock
|move|p1a: Sinistcha|Strength Sap|p2a: Iron Treads
|-unboost|p2a: Iron Treads|atk|1
|-heal|p1a: Sinistcha|100/100
|
|upkeep
|turn|11
|
|t:|1779949213
|-end|p2a: Iron Treads|Quark Drive|[silent]
|switch|p2a: Kingambit|Kingambit, F|94/100
|-damage|p2a: Kingambit|78/100|[from] Spikes
|move|p1a: Sinistcha|Shadow Ball|p2a: Kingambit
|-resisted|p2a: Kingambit
|-damage|p2a: Kingambit|62/100
|
|-heal|p2a: Kingambit|69/100|[from] item: Leftovers
|upkeep
|turn|12
|
|t:|1779949223
|switch|p1a: Skarmory|Skarmory, F|95/100
|-damage|p1a: Skarmory|83/100|[from] Stealth Rock
|move|p2a: Kingambit|Swords Dance|p2a: Kingambit
|-boost|p2a: Kingambit|atk|2
|
|-heal|p2a: Kingambit|75/100|[from] item: Leftovers
|upkeep
|turn|13
|
|t:|1779949233
|move|p2a: Kingambit|Kowtow Cleave|p1a: Skarmory
|-damage|p1a: Skarmory|27/100
|-damage|p2a: Kingambit|58/100|[from] item: Rocky Helmet|[of] p1a: Skarmory
|move|p1a: Skarmory|Whirlwind|p2a: Kingambit
|-end|p2a: Kingambit|fallenundefined|[silent]
|drag|p2a: Zamazenta|Zamazenta|100/100
|-damage|p2a: Zamazenta|84/100|[from] Spikes
|-ability|p2a: Zamazenta|Dauntless Shield|boost
|-boost|p2a: Zamazenta|def|1
|
|upkeep
|turn|14
|
|t:|1779949248
|switch|p1a: Sinistcha|Sinistcha|100/100
|-damage|p1a: Sinistcha|88/100|[from] Stealth Rock
|move|p2a: Zamazenta|Reflect|p2a: Zamazenta
|-sidestart|p2: newacount2|Reflect
|
|upkeep
|turn|15
|
|t:|1779949256
|move|p2a: Zamazenta|Light Screen|p2a: Zamazenta
|-sidestart|p2: newacount2|move: Light Screen
|move|p1a: Sinistcha|Calm Mind|p1a: Sinistcha
|-boost|p1a: Sinistcha|spa|1
|-boost|p1a: Sinistcha|spd|1
|
|upkeep
|turn|16
|
|t:|1779949262
|switch|p2a: Dragapult|Dragapult, F|100/100
|-damage|p2a: Dragapult|84/100|[from] Spikes
|move|p1a: Sinistcha|Matcha Gotcha|p2a: Dragapult|[miss]
|-miss|p1a: Sinistcha|p2a: Dragapult
|
|-heal|p2a: Dragapult|90/100|[from] item: Leftovers
|upkeep
|turn|17
|
|t:|1779949276
|move|p2a: Dragapult|Dragon Dance|p2a: Dragapult
|-boost|p2a: Dragapult|atk|1
|-boost|p2a: Dragapult|spe|1
|move|p1a: Sinistcha|Shadow Ball|p2a: Dragapult
|-supereffective|p2a: Dragapult
|-damage|p2a: Dragapult|33/100
|-unboost|p2a: Dragapult|spd|1
|
|-heal|p2a: Dragapult|39/100|[from] item: Leftovers
|upkeep
|turn|18
|l| andalusiae
|inactive|pinegoddess has 120 seconds left.
|
|t:|1779949308
|move|p2a: Dragapult|Phantom Force||[still]
|-prepare|p2a: Dragapult|Phantom Force
|move|p1a: Sinistcha|Strength Sap|p2a: Dragapult|[miss]
|-miss|p1a: Sinistcha|p2a: Dragapult
|
|-heal|p2a: Dragapult|45/100|[from] item: Leftovers
|upkeep
|turn|19
|inactive|pinegoddess has 120 seconds left.
|inactive|pinegoddess has 90 seconds left.
|
|t:|1779949366
|switch|p1a: Garganacl|Garganacl, F|100/100
|-damage|p1a: Garganacl|88/100|[from] Stealth Rock
|move|p2a: Dragapult|Phantom Force|p1a: Garganacl|[from] lockedmove
|-damage|p1a: Garganacl|66/100
|
|-heal|p2a: Dragapult|51/100|[from] item: Leftovers
|-heal|p1a: Garganacl|72/100|[from] item: Leftovers
|upkeep
|turn|20
|
|t:|1779949376
|move|p2a: Dragapult|Substitute|p2a: Dragapult
|-start|p2a: Dragapult|Substitute
|-damage|p2a: Dragapult|26/100
|move|p1a: Garganacl|Salt Cure|p2a: Dragapult
|-activate|p2a: Dragapult|move: Substitute|[damage]
|
|-heal|p2a: Dragapult|32/100|[from] item: Leftovers
|-heal|p1a: Garganacl|78/100|[from] item: Leftovers
|upkeep
|turn|21
|
|t:|1779949388
|move|p2a: Dragapult|Dragon Darts|p1a: Garganacl
|-damage|p1a: Garganacl|50/100
|-anim|p2a: Dragapult|Dragon Darts|p1a: Garganacl
|-damage|p1a: Garganacl|26/100
|move|p1a: Garganacl|Salt Cure|p2a: Dragapult
|-activate|p2a: Dragapult|move: Substitute|[damage]
|
|-heal|p2a: Dragapult|38/100|[from] item: Leftovers
|-heal|p1a: Garganacl|32/100|[from] item: Leftovers
|-sideend|p2: newacount2|Reflect
|upkeep
|turn|22
|
|t:|1779949405
|move|p2a: Dragapult|Dragon Darts|p1a: Garganacl
|-damage|p1a: Garganacl|4/100
|-anim|p2a: Dragapult|Dragon Darts|p1a: Garganacl
|-damage|p1a: Garganacl|0 fnt
|faint|p1a: Garganacl
|
|-heal|p2a: Dragapult|44/100|[from] item: Leftovers
|-sideend|p2: newacount2|move: Light Screen
|upkeep
|
|t:|1779949406
|switch|p1a: Skarmory|Skarmory, F|27/100
|-damage|p1a: Skarmory|15/100|[from] Stealth Rock
|turn|23
|
|t:|1779949417
|move|p2a: Dragapult|Dragon Darts|p1a: Skarmory
|-resisted|p1a: Skarmory
|-damage|p1a: Skarmory|3/100
|-anim|p2a: Dragapult|Dragon Darts|p1a: Skarmory
|-resisted|p1a: Skarmory
|-damage|p1a: Skarmory|0 fnt
|faint|p1a: Skarmory
|
|-heal|p2a: Dragapult|50/100|[from] item: Leftovers
|upkeep
|
|t:|1779949419
|switch|p1a: Great Tusk|Great Tusk|100/100
|turn|24
|
|t:|1779949430
|move|p2a: Dragapult|Dragon Darts|p1a: Great Tusk
|-damage|p1a: Great Tusk|75/100
|-anim|p2a: Dragapult|Dragon Darts|p1a: Great Tusk
|-damage|p1a: Great Tusk|50/100
|move|p1a: Great Tusk|Ice Spinner|p2a: Dragapult
|-supereffective|p2a: Dragapult
|-end|p2a: Dragapult|Substitute
|
|-heal|p2a: Dragapult|56/100|[from] item: Leftovers
|upkeep
|turn|25
|
|t:|1779949443
|move|p2a: Dragapult|Dragon Darts|p1a: Great Tusk
|-damage|p1a: Great Tusk|25/100
|-anim|p2a: Dragapult|Dragon Darts|p1a: Great Tusk
|-damage|p1a: Great Tusk|2/100
|move|p1a: Great Tusk|Knock Off|p2a: Dragapult
|-supereffective|p2a: Dragapult
|-damage|p2a: Dragapult|0 fnt
|-enditem|p2a: Dragapult|Leftovers|[from] move: Knock Off|[of] p1a: Great Tusk
|faint|p2a: Dragapult
|
|upkeep
|inactive|newacount2 has 120 seconds left.
|
|t:|1779949481
|switch|p2a: Pecharunt|Pecharunt|70/100
|-damage|p2a: Pecharunt|54/100|[from] Spikes
|turn|26
|
|t:|1779949498
|-end|p1a: Great Tusk|Protosynthesis|[silent]
|switch|p1a: Clodsire|Clodsire, F, shiny|88/100
|move|p2a: Pecharunt|Recover|p2a: Pecharunt
|-heal|p2a: Pecharunt|100/100
|
|upkeep
|turn|27
|
|t:|1779949507
|switch|p2a: Ogerpon|Ogerpon-Wellspring, F|82/100 tox
|-damage|p2a: Ogerpon|66/100 tox|[from] Spikes
|move|p1a: Clodsire|Curse|p1a: Clodsire
|-unboost|p1a: Clodsire|spe|1
|-boost|p1a: Clodsire|atk|1
|-boost|p1a: Clodsire|def|1
|
|-damage|p2a: Ogerpon|60/100 tox|[from] psn
|upkeep
|turn|28
|inactive|newacount2 has 120 seconds left.
|
|t:|1779949518
|switch|p1a: Sinistcha|Sinistcha|88/100
|-damage|p1a: Sinistcha|76/100|[from] Stealth Rock
|move|p2a: Ogerpon|Ivy Cudgel|p1a: Sinistcha|[anim] Ivy Cudgel Water
|-resisted|p1a: Sinistcha
|-damage|p1a: Sinistcha|57/100
|
|-damage|p2a: Ogerpon|48/100 tox|[from] psn
|upkeep
|turn|29
|inactive|newacount2 has 120 seconds left.
|
|t:|1779949528
|move|p2a: Ogerpon|Swords Dance|p2a: Ogerpon
|-boost|p2a: Ogerpon|atk|2
|move|p1a: Sinistcha|Strength Sap|p2a: Ogerpon
|-unboost|p2a: Ogerpon|atk|1
|-heal|p1a: Sinistcha|100/100
|
|-damage|p2a: Ogerpon|30/100 tox|[from] psn
|upkeep
|turn|30
|inactive|newacount2 has 120 seconds left.
|inactive|pinegoddess has 120 seconds left.
|
|t:|1779949548
|move|p2a: Ogerpon|Ivy Cudgel|p1a: Sinistcha|[anim] Ivy Cudgel Water
|-resisted|p1a: Sinistcha
|-damage|p1a: Sinistcha|71/100
|move|p1a: Sinistcha|Strength Sap|p2a: Ogerpon
|-unboost|p2a: Ogerpon|atk|1
|-heal|p1a: Sinistcha|100/100
|
|-damage|p2a: Ogerpon|6/100 tox|[from] psn
|upkeep
|turn|31
|inactive|pinegoddess has 120 seconds left.
|inactive|newacount2 has 120 seconds left.
|
|t:|1779949574
|move|p2a: Ogerpon|Ivy Cudgel|p1a: Sinistcha|[anim] Ivy Cudgel Water
|-resisted|p1a: Sinistcha
|-damage|p1a: Sinistcha|81/100
|move|p1a: Sinistcha|Strength Sap|p2a: Ogerpon
|-unboost|p2a: Ogerpon|atk|1
|-heal|p1a: Sinistcha|100/100
|
|-damage|p2a: Ogerpon|0 fnt|[from] psn
|faint|p2a: Ogerpon
|upkeep
|inactive|newacount2 has 120 seconds left.
|
|t:|1779949585
|switch|p2a: Kingambit|Kingambit, F|58/100
|-damage|p2a: Kingambit|42/100|[from] Spikes
|-activate|p2a: Kingambit|ability: Supreme Overlord
|-start|p2a: Kingambit|fallen2|[silent]
|turn|32
|inactive|newacount2 has 120 seconds left.
|
|t:|1779949595
|switch|p1a: Lokix|Lokix, F|100/100
|-damage|p1a: Lokix|76/100|[from] Stealth Rock
|move|p2a: Kingambit|Iron Head|p1a: Lokix
|-damage|p1a: Lokix|0 fnt
|faint|p1a: Lokix
|
|-heal|p2a: Kingambit|48/100|[from] item: Leftovers
|upkeep
|
|t:|1779949605
|switch|p1a: Clodsire|Clodsire, F, shiny|88/100
|turn|33
|inactive|pinegoddess has 120 seconds left.
|
|t:|1779949621
|-end|p2a: Kingambit|fallen2|[silent]
|switch|p2a: Zamazenta|Zamazenta|84/100
|-damage|p2a: Zamazenta|68/100|[from] Spikes
|-terastallize|p1a: Clodsire|Steel
|move|p1a: Clodsire|Curse|p1a: Clodsire
|-unboost|p1a: Clodsire|spe|1
|-boost|p1a: Clodsire|atk|1
|-boost|p1a: Clodsire|def|1
|
|upkeep
|turn|34
|inactive|pinegoddess has 90 seconds left.
|
|t:|1779949656
|move|p2a: Zamazenta|Light Screen|p2a: Zamazenta
|-sidestart|p2: newacount2|move: Light Screen
|move|p1a: Clodsire|Curse|p1a: Clodsire
|-unboost|p1a: Clodsire|spe|1
|-boost|p1a: Clodsire|atk|1
|-boost|p1a: Clodsire|def|1
|
|upkeep
|turn|35
|
|t:|1779949663
|move|p1a: Clodsire|Curse|p1a: Clodsire
|-unboost|p1a: Clodsire|spe|1
|-boost|p1a: Clodsire|atk|1
|-boost|p1a: Clodsire|def|1
|move|p2a: Zamazenta|Roar|p1a: Clodsire
|drag|p1a: Sinistcha|Sinistcha|100/100
|-damage|p1a: Sinistcha|88/100|[from] Stealth Rock
|
|upkeep
|turn|36
|j| jsnsddk
|inactive|pinegoddess has 90 seconds left.
|j| tasktmr
|
|t:|1779949690
|switch|p2a: Pecharunt|Pecharunt|100/100
|-damage|p2a: Pecharunt|84/100|[from] Spikes
|switch|p1a: Clodsire|Clodsire, F, shiny, tera:Steel|88/100
|
|-heal|p2a: Pecharunt|90/100|[from] item: Leftovers
|upkeep
|turn|37
|
|t:|1779949712
|switch|p2a: Kingambit|Kingambit, F|48/100
|-damage|p2a: Kingambit|31/100|[from] Spikes
|-activate|p2a: Kingambit|ability: Supreme Overlord
|-start|p2a: Kingambit|fallen2|[silent]
|move|p1a: Clodsire|Curse|p1a: Clodsire
|-unboost|p1a: Clodsire|spe|1
|-boost|p1a: Clodsire|atk|1
|-boost|p1a: Clodsire|def|1
|
|-heal|p2a: Kingambit|37/100|[from] item: Leftovers
|upkeep
|turn|38
|inactive|pinegoddess has 90 seconds left.
|
|t:|1779949730
|move|p2a: Kingambit|Kowtow Cleave|p1a: Clodsire
|-crit|p1a: Clodsire
|-damage|p1a: Clodsire|0 fnt
|faint|p1a: Clodsire
|
|-heal|p2a: Kingambit|44/100|[from] item: Leftovers
|upkeep
|j| rexa2
|l|☆pinegoddess
|inactive|pinegoddess disconnected and has a minute to reconnect!
|player|p1|
|l| rexa2
|inactive|pinegoddess has 30 seconds to reconnect!
|c|☆newacount2|Sry
|inactive|pinegoddess has 20 seconds to reconnect!
|inactive|pinegoddess has 15 seconds to reconnect!
|inactive|pinegoddess has 10 seconds to reconnect!
|inactive|pinegoddess has 5 seconds to reconnect!
|-message|pinegoddess lost due to inactivity.
|
|win|newacount2
|raw|pinegoddess's rating: 1620 &rarr; <strong>1597</strong><br />(-23 for losing)
|raw|newacount2's rating: 1570 &rarr; <strong>1593</strong><br />(+23 for winning)
|j| rextestear
|l|☆newacount2
|player|p2|
|l| rextestear
|l| jsnsddk
