|j|☆FrostyWingz
|j|☆gfdsa418023
|t:|1779904706
|gametype|singles
|player|p1|FrostyWingz|265|1311
|player|p2|gfdsa418023|veteranf|1312
|gen|9
|tier|[Gen 9] OU
|rated|
|rule|HP Percentage Mod: HP is shown in percentages
|rule|Endless Battle Clause: Forcing endless battles is banned
|rule|Species Clause: Limit one of each Pokémon
|rule|OHKO Clause: OHKO moves are banned
|rule|Evasion Items Clause: Evasion items are banned
|rule|Evasion Moves Clause: Evasion moves are banned
|rule|Evasion Abilities Clause: Evasion abilities are banned
|rule|Sleep Moves Clause: Sleep-inducing moves are banned
|clearpoke
|poke|p1|Ogerpon-Wellspring, F|
|poke|p1|Garganacl, F|
|poke|p1|Regice|
|poke|p1|Haxorus, M|
|poke|p1|Moltres|
|poke|p1|Zamazenta-*|
|poke|p2|Dondozo, M|
|poke|p2|Blissey, F|
|poke|p2|Corviknight, M|
|poke|p2|Gliscor, F|
|poke|p2|Toxapex, F|
|poke|p2|Clodsire, F|
|teampreview
|inactive|Battle timer is ON: inactive players will automatically lose when time's up. (requested by gfdsa418023)
|
|t:|1779904715
|teamsize|p1|6
|teamsize|p2|6
|start
|switch|p1a: Moltres|Moltres|100/100
|switch|p2a: Gliscor|Gliscor, F|100/100
|turn|1
|
|t:|1779904725
|move|p2a: Gliscor|Protect|p2a: Gliscor
|-singleturn|p2a: Gliscor|Protect
|move|p1a: Moltres|Will-O-Wisp|p2a: Gliscor
|-activate|p2a: Gliscor|move: Protect
|
|-status|p2a: Gliscor|tox|[from] item: Toxic Orb
|upkeep
|turn|2
|
|t:|1779904733
|move|p2a: Gliscor|Spikes|p1a: Moltres
|-sidestart|p1: FrostyWingz|Spikes
|move|p1a: Moltres|Hurricane|p2a: Gliscor
|-damage|p2a: Gliscor|60/100 tox
|
|-heal|p2a: Gliscor|72/100 tox|[from] ability: Poison Heal
|upkeep
|turn|3
|
|t:|1779904740
|switch|p1a: Regice|Regice|100/100
|-damage|p1a: Regice|88/100|[from] Spikes
|move|p2a: Gliscor|Protect||[still]
|-fail|p2a: Gliscor
|
|-heal|p2a: Gliscor|85/100 tox|[from] ability: Poison Heal
|upkeep
|turn|4
|
|t:|1779904748
|switch|p2a: Toxapex|Toxapex, F|100/100
|move|p1a: Regice|Ice Beam|p2a: Toxapex
|-resisted|p2a: Toxapex
|-damage|p2a: Toxapex|88/100
|
|upkeep
|turn|5
|
|t:|1779904757
|switch|p1a: Garganacl|Garganacl, F|100/100
|-damage|p1a: Garganacl|88/100|[from] Spikes
|move|p2a: Toxapex|Toxic|p1a: Garganacl
|-immune|p1a: Garganacl|[from] ability: Purifying Salt
|
|-heal|p1a: Garganacl|94/100|[from] item: Leftovers
|upkeep
|turn|6
|
|t:|1779904766
|move|p1a: Garganacl|Stealth Rock|p2a: Toxapex
|-sidestart|p2: gfdsa418023|move: Stealth Rock
|move|p2a: Toxapex|Surf|p1a: Garganacl
|-supereffective|p1a: Garganacl
|-damage|p1a: Garganacl|57/100
|
|-heal|p1a: Garganacl|63/100|[from] item: Leftovers
|upkeep
|turn|7
|
|t:|1779904772
|move|p2a: Toxapex|Surf|p1a: Garganacl
|-supereffective|p1a: Garganacl
|-damage|p1a: Garganacl|25/100
|move|p1a: Garganacl|Salt Cure|p2a: Toxapex
|-damage|p2a: Toxapex|79/100
|-start|p2a: Toxapex|Salt Cure
|
|-heal|p1a: Garganacl|31/100|[from] item: Leftovers
|-damage|p2a: Toxapex|55/100|[from] Salt Cure
|upkeep
|turn|8
|
|t:|1779904784
|switch|p1a: Ogerpon|Ogerpon-Wellspring, F|100/100
|-damage|p1a: Ogerpon|88/100|[from] Spikes
|move|p2a: Toxapex|Surf|p1a: Ogerpon
|-heal|p1a: Ogerpon|100/100|[from] ability: Water Absorb|[of] p2a: Toxapex
|
|-damage|p2a: Toxapex|30/100|[from] Salt Cure
|upkeep
|turn|9
|
|t:|1779904797
|switch|p2a: Corviknight|Corviknight, M|100/100
|-damage|p2a: Corviknight|88/100|[from] Stealth Rock
|-ability|p2a: Corviknight|Pressure
|move|p1a: Ogerpon|Swords Dance|p1a: Ogerpon
|-boost|p1a: Ogerpon|atk|2
|
|upkeep
|turn|10
|
|t:|1779904805
|-terastallize|p1a: Ogerpon|Water
|detailschange|p1a: Ogerpon|Ogerpon-Wellspring-Tera, F, tera:Water
|-ability|p1a: Ogerpon|Embody Aspect (Wellspring)|boost
|-boost|p1a: Ogerpon|spd|1
|move|p1a: Ogerpon|Ivy Cudgel|p2a: Corviknight|[anim] Ivy Cudgel Water
|-damage|p2a: Corviknight|0 fnt
|faint|p2a: Corviknight
|
|upkeep
|
|t:|1779904813
|switch|p2a: Dondozo|Dondozo, M|100/100
|-damage|p2a: Dondozo|88/100|[from] Stealth Rock
|turn|11
|
|t:|1779904819
|-terastallize|p2a: Dondozo|Dragon
|move|p1a: Ogerpon|Wood Hammer|p2a: Dondozo
|-resisted|p2a: Dondozo
|-damage|p2a: Dondozo|74/100
|-damage|p1a: Ogerpon|93/100|[from] Recoil
|move|p2a: Dondozo|Avalanche|p1a: Ogerpon
|-resisted|p1a: Ogerpon
|-damage|p1a: Ogerpon|74/100
|
|-heal|p2a: Dondozo|80/100|[from] item: Leftovers
|upkeep
|turn|12
|
|t:|1779904829
|move|p1a: Ogerpon|Ivy Cudgel|p2a: Dondozo|[anim] Ivy Cudgel Water
|-resisted|p2a: Dondozo
|-damage|p2a: Dondozo|63/100
|move|p2a: Dondozo|Body Press|p1a: Ogerpon
|-damage|p1a: Ogerpon|35/100
|
|-heal|p2a: Dondozo|69/100|[from] item: Leftovers
|upkeep
|turn|13
|
|t:|1779904839
|switch|p1a: Moltres|Moltres|100/100
|move|p2a: Dondozo|Body Press|p1a: Moltres
|-resisted|p1a: Moltres
|-damage|p1a: Moltres|90/100
|-damage|p2a: Dondozo|53/100|[from] item: Rocky Helmet|[of] p1a: Moltres
|
|-heal|p2a: Dondozo|59/100|[from] item: Leftovers
|upkeep
|turn|14
|
|t:|1779904847
|switch|p2a: Blissey|Blissey, F|100/100
|-damage|p2a: Blissey|88/100|[from] Stealth Rock
|move|p1a: Moltres|Will-O-Wisp|p2a: Blissey
|-status|p2a: Blissey|brn
|
|-heal|p2a: Blissey|94/100 brn|[from] item: Leftovers
|-damage|p2a: Blissey|88/100 brn|[from] brn
|upkeep
|turn|15
|
|t:|1779904857
|switch|p1a: Garganacl|Garganacl, F|31/100
|-damage|p1a: Garganacl|19/100|[from] Spikes
|move|p2a: Blissey|Stealth Rock|p1a: Garganacl
|-sidestart|p1: FrostyWingz|move: Stealth Rock
|
|-heal|p2a: Blissey|94/100 brn|[from] item: Leftovers
|-heal|p1a: Garganacl|25/100|[from] item: Leftovers
|-damage|p2a: Blissey|88/100 brn|[from] brn
|upkeep
|turn|16
|
|t:|1779904865
|move|p2a: Blissey|Seismic Toss|p1a: Garganacl
|-damage|p1a: Garganacl|0 fnt
|faint|p1a: Garganacl
|
|-heal|p2a: Blissey|94/100 brn|[from] item: Leftovers
|-damage|p2a: Blissey|88/100 brn|[from] brn
|upkeep
|
|t:|1779904869
|switch|p1a: Haxorus|Haxorus, M|100/100
|-damage|p1a: Haxorus|88/100|[from] Spikes
|-damage|p1a: Haxorus|76/100|[from] Stealth Rock
|-ability|p1a: Haxorus|Mold Breaker
|turn|17
|
|t:|1779904887
|-curestatus|p2a: Blissey|brn|[from] ability: Natural Cure|[silent]
|switch|p2a: Gliscor|Gliscor, F|85/100 tox
|-damage|p2a: Gliscor|72/100 tox|[from] Stealth Rock
|move|p1a: Haxorus|Swords Dance|p1a: Haxorus
|-boost|p1a: Haxorus|atk|2
|
|-heal|p2a: Gliscor|85/100 tox|[from] ability: Poison Heal
|upkeep
|turn|18
|
|t:|1779904897
|move|p1a: Haxorus|Swords Dance|p1a: Haxorus
|-boost|p1a: Haxorus|atk|2
|move|p2a: Gliscor|Earthquake|p1a: Haxorus
|-damage|p1a: Haxorus|34/100
|
|-heal|p2a: Gliscor|97/100 tox|[from] ability: Poison Heal
|upkeep
|turn|19
|
|t:|1779904910
|move|p1a: Haxorus|Scale Shot|p2a: Gliscor
|-damage|p2a: Gliscor|63/100 tox
|-damage|p2a: Gliscor|31/100 tox
|-damage|p2a: Gliscor|0 fnt
|faint|p2a: Gliscor
|-hitcount|p2: Gliscor|3
|-unboost|p1a: Haxorus|def|1
|-boost|p1a: Haxorus|spe|1
|
|upkeep
|
|t:|1779904919
|switch|p2a: Dondozo|Dondozo, M, tera:Dragon|59/100
|-damage|p2a: Dondozo|46/100|[from] Stealth Rock
|turn|20
|
|t:|1779904923
|move|p1a: Haxorus|Scale Shot|p2a: Dondozo
|-supereffective|p2a: Dondozo
|-damage|p2a: Dondozo|9/100
|-supereffective|p2a: Dondozo
|-damage|p2a: Dondozo|0 fnt
|faint|p2a: Dondozo
|-hitcount|p2: Dondozo|2
|-unboost|p1a: Haxorus|def|1
|-boost|p1a: Haxorus|spe|1
|
|upkeep
|-message|gfdsa418023 forfeited.
|
|win|FrostyWingz
|raw|FrostyWingz's rating: 1311 &rarr; <strong>1331</strong><br />(+20 for winning)
|raw|gfdsa418023's rating: 1312 &rarr; <strong>1292</strong><br />(-20 for losing)
|l|☆gfdsa418023
|player|p2|
|l|☆FrostyWingz
|player|p1|
