|j|☆ricardodavinchi
|j|☆Quagsires gf
|t:|1779971597
|gametype|singles
|player|p1|ricardodavinchi|102|1130
|player|p2|Quagsires gf|101|1112
|gen|9
|tier|[Gen 9] OU
|rated|
|rule|HP Percentage Mod: HP is shown in percentages
|rule|Endless Battle Clause: Forcing endless battles is banned
|rule|Species Clause: Limit one of each Pokémon
|rule|OHKO Clause: OHKO moves are banned
|rule|Evasion Items Clause: Evasion items are banned
|rule|Evasion Moves Clause: Evasion moves are banned
|rule|Evasion Abilities Clause: Evasion abilities are banned
|rule|Sleep Moves Clause: Sleep-inducing moves are banned
|clearpoke
|poke|p1|Torkoal, M|
|poke|p1|Charizard, M|
|poke|p1|Golurk|
|poke|p1|Greninja-*, M|
|poke|p1|Great Tusk|
|poke|p1|Walking Wake|
|poke|p2|Scream Tail|
|poke|p2|Infernape, F|
|poke|p2|Lilligant-Hisui, F|
|poke|p2|Pawmot, M|
|poke|p2|Rabsca, M|
|poke|p2|Banette, F|
|teampreview
|inactive|Battle timer is ON: inactive players will automatically lose when time's up. (requested by Quagsires gf)
|
|t:|1779971605
|teamsize|p1|6
|teamsize|p2|6
|start
|switch|p1a: Torkoal|Torkoal, M|100/100
|switch|p2a: Infernape|Infernape, F|100/100
|-weather|SunnyDay|[from] ability: Drought|[of] p1a: Torkoal
|turn|1
|
|t:|1779971613
|move|p2a: Infernape|Substitute|p2a: Infernape
|-start|p2a: Infernape|Substitute
|-damage|p2a: Infernape|76/100
|move|p1a: Torkoal|Stealth Rock|p2a: Infernape
|-sidestart|p2: Quagsires gf|move: Stealth Rock
|
|-weather|SunnyDay|[upkeep]
|upkeep
|turn|2
|
|t:|1779971622
|switch|p1a: Walking Wake|Walking Wake|100/100
|-activate|p1a: Walking Wake|ability: Protosynthesis
|-start|p1a: Walking Wake|protosynthesisspe
|move|p2a: Infernape|Focus Energy|p2a: Infernape
|-start|p2a: Infernape|move: Focus Energy
|
|-weather|SunnyDay|[upkeep]
|upkeep
|turn|3
|
|t:|1779971631
|-singleturn|p2a: Infernape|move: Focus Punch
|move|p1a: Walking Wake|Hydro Steam|p2a: Infernape
|-supereffective|p2a: Infernape
|-end|p2a: Infernape|Substitute
|move|p2a: Infernape|Focus Punch|p1a: Walking Wake
|-damage|p1a: Walking Wake|17/100
|
|-weather|SunnyDay|[upkeep]
|upkeep
|turn|4
|
|t:|1779971642
|move|p1a: Walking Wake|Hydro Steam|p2a: Infernape
|-supereffective|p2a: Infernape
|-damage|p2a: Infernape|0 fnt
|faint|p2a: Infernape
|
|-weather|SunnyDay|[upkeep]
|upkeep
|
|t:|1779971649
|switch|p2a: Banette|Banette, F, shiny|100/100
|-damage|p2a: Banette|88/100|[from] Stealth Rock
|turn|5
|
|t:|1779971653
|move|p2a: Banette|Sucker Punch|p1a: Walking Wake
|-damage|p1a: Walking Wake|0 fnt
|faint|p1a: Walking Wake
|-end|p1a: Walking Wake|Protosynthesis|[silent]
|
|-weather|SunnyDay|[upkeep]
|upkeep
|
|t:|1779971659
|switch|p1a: Greninja|Greninja, M|100/100
|turn|6
|
|t:|1779971662
|move|p1a: Greninja|Dark Pulse|p2a: Banette
|-supereffective|p2a: Banette
|-crit|p2a: Banette
|-damage|p2a: Banette|0 fnt
|faint|p2a: Banette
|-ability|p1a: Greninja|Battle Bond|boost
|-boost|p1a: Greninja|atk|1
|-boost|p1a: Greninja|spa|1
|-boost|p1a: Greninja|spe|1
|-activate|p1a: Greninja|ability: Battle Bond
|
|-weather|SunnyDay|[upkeep]
|upkeep
|
|t:|1779971665
|switch|p2a: Lilligant|Lilligant-Hisui, F|100/100
|-damage|p2a: Lilligant|94/100|[from] Stealth Rock
|turn|7
|
|t:|1779971677
|move|p1a: Greninja|Dark Pulse|p2a: Lilligant
|-resisted|p2a: Lilligant
|-damage|p2a: Lilligant|30/100
|move|p2a: Lilligant|Axe Kick|p1a: Greninja
|-supereffective|p1a: Greninja
|-damage|p1a: Greninja|0 fnt
|faint|p1a: Greninja
|
|-weather|SunnyDay|[upkeep]
|upkeep
|
|t:|1779971691
|switch|p1a: Charizard|Charizard, M, shiny|100/100
|turn|8
|
|t:|1779971695
|move|p2a: Lilligant|Defog|p1a: Charizard
|-unboost|p1a: Charizard|evasion|1
|-sideend|p2: Quagsires gf|Stealth Rock|[from] move: Defog|[of] p2a: Lilligant
|move|p1a: Charizard|Weather Ball|p2a: Lilligant
|-supereffective|p2a: Lilligant
|-damage|p2a: Lilligant|0 fnt
|faint|p2a: Lilligant
|
|-weather|none
|upkeep
|
|t:|1779971703
|switch|p2a: Pawmot|Pawmot, M, shiny|100/100
|turn|9
|
|t:|1779971709
|-terastallize|p1a: Charizard|Fire
|move|p2a: Pawmot|Nuzzle|p1a: Charizard
|-damage|p1a: Charizard|87/100
|-status|p1a: Charizard|par
|move|p1a: Charizard|Weather Ball|p2a: Pawmot
|-damage|p2a: Pawmot|56/100
|
|upkeep
|turn|10
|
|t:|1779971718
|move|p2a: Pawmot|Revival Blessing|p2a: Pawmot
|-enditem|p2a: Pawmot|Leppa Berry|[eat]
|-activate|p2a: Pawmot|item: Leppa Berry|Revival Blessing|[consumed]
|
|t:|1779971723
|-heal|p2: Banette|50/100|[from] move: Revival Blessing
|move|p1a: Charizard|Weather Ball|p2a: Pawmot
|-damage|p2a: Pawmot|13/100
|
|upkeep
|turn|11
|
|t:|1779971730
|move|p2a: Pawmot|Revival Blessing|p2a: Pawmot
|
|t:|1779971733
|-heal|p2: Infernape|50/100|[from] move: Revival Blessing
|move|p1a: Charizard|Weather Ball|p2a: Pawmot
|-damage|p2a: Pawmot|0 fnt
|faint|p2a: Pawmot
|
|upkeep
|
|t:|1779971734
|switch|p2a: Rabsca|Rabsca, M, shiny|100/100
|turn|12
|
|t:|1779971744
|move|p1a: Charizard|Weather Ball|p2a: Rabsca
|-damage|p2a: Rabsca|85/100
|move|p2a: Rabsca|Revival Blessing|p2a: Rabsca
|-enditem|p2a: Rabsca|Leppa Berry|[eat]
|-activate|p2a: Rabsca|item: Leppa Berry|Revival Blessing|[consumed]
|
|t:|1779971749
|-heal|p2: Lilligant|50/100|[from] move: Revival Blessing
|
|upkeep
|turn|13
|
|t:|1779971755
|switch|p1a: Torkoal|Torkoal, M|100/100
|-weather|SunnyDay|[from] ability: Drought|[of] p1a: Torkoal
|move|p2a: Rabsca|Rest|p2a: Rabsca
|-status|p2a: Rabsca|slp|[from] move: Rest
|-heal|p2a: Rabsca|100/100 slp|[silent]
|
|-weather|SunnyDay|[upkeep]
|upkeep
|turn|14
|
|t:|1779971767
|-terastallize|p2a: Rabsca|Water
|cant|p2a: Rabsca|slp
|move|p2a: Rabsca|Sleep Talk|p2a: Rabsca
|move|p2a: Rabsca|Future Sight|p1a: Torkoal|[from] move: Sleep Talk
|-start|p2a: Rabsca|move: Future Sight
|move|p1a: Torkoal|Lava Plume|p2a: Rabsca
|-resisted|p2a: Rabsca
|-damage|p2a: Rabsca|89/100 slp
|
|-weather|SunnyDay|[upkeep]
|upkeep
|turn|15
|-message|ricardodavinchi forfeited.
|
|win|Quagsires gf
|raw|ricardodavinchi's rating: 1130 &rarr; <strong>1104</strong><br />(-26 for losing)
|raw|Quagsires gf's rating: 1112 &rarr; <strong>1138</strong><br />(+26 for winning)
|l|☆ricardodavinchi
|player|p1|
