|j|☆zoro.d.wolf
|j|☆Scuhbee Fluff
|t:|1779946691
|gametype|singles
|player|p1|zoro.d.wolf|170|1264
|player|p2|Scuhbee Fluff|swimmerf-gen4dp|1249
|gen|9
|tier|[Gen 9] OU
|rated|
|rule|HP Percentage Mod: HP is shown in percentages
|rule|Endless Battle Clause: Forcing endless battles is banned
|rule|Species Clause: Limit one of each Pokémon
|rule|OHKO Clause: OHKO moves are banned
|rule|Evasion Items Clause: Evasion items are banned
|rule|Evasion Moves Clause: Evasion moves are banned
|rule|Evasion Abilities Clause: Evasion abilities are banned
|rule|Sleep Moves Clause: Sleep-inducing moves are banned
|clearpoke
|poke|p1|Porygon2|
|poke|p1|Garganacl, F|
|poke|p1|Cinderace, F|
|poke|p1|Dragapult, F|
|poke|p1|Meowscarada, F|
|poke|p1|Gholdengo|
|poke|p2|Pelipper, M|
|poke|p2|Vaporeon, F|
|poke|p2|Volcanion|
|poke|p2|Quaquaval, M|
|poke|p2|Zapdos|
|poke|p2|Ogerpon-Wellspring, F|
|teampreview
|inactive|Battle timer is ON: inactive players will automatically lose when time's up. (requested by zoro.d.wolf)
|
|t:|1779946704
|teamsize|p1|6
|teamsize|p2|6
|start
|switch|p1a: Garganacl|Garganacl, F|100/100
|switch|p2a: Toilet|Pelipper, M|100/100
|-weather|RainDance|[from] ability: Drizzle|[of] p2a: Toilet
|turn|1
|
|t:|1779946712
|switch|p2a: Bubbles|Vaporeon, F|100/100
|switch|p1a: Porygon2|Porygon2|100/100
|-ability|p1a: Porygon2|Hydration|Trace|[from] ability: Trace|[of] p2a: Bubbles
|
|-weather|RainDance|[upkeep]
|upkeep
|turn|2
|l|☆zoro.d.wolf
|inactive|zoro.d.wolf disconnected and has a minute to reconnect!
|player|p1|
|j|☆zoro.d.wolf
|inactive|zoro.d.wolf reconnected and has 120 seconds left.
|player|p1|zoro.d.wolf|170|
|
|t:|1779946750
|switch|p2a: Onion|Volcanion|100/100
|move|p1a: Porygon2|Thunderbolt|p2a: Onion
|-supereffective|p2a: Onion
|-damage|p2a: Onion|49/100
|
|-weather|RainDance|[upkeep]
|upkeep
|turn|3
|inactive|zoro.d.wolf has 120 seconds left.
|
|t:|1779946769
|switch|p2a: Bubbles|Vaporeon, F|100/100
|move|p1a: Porygon2|Thunderbolt|p2a: Bubbles
|-supereffective|p2a: Bubbles
|-damage|p2a: Bubbles|76/100
|
|-weather|RainDance|[upkeep]
|upkeep
|turn|4
|
|t:|1779946777
|move|p2a: Bubbles|Calm Mind|p2a: Bubbles
|-boost|p2a: Bubbles|spa|1
|-boost|p2a: Bubbles|spd|1
|move|p1a: Porygon2|Thunderbolt|p2a: Bubbles
|-supereffective|p2a: Bubbles
|-damage|p2a: Bubbles|59/100
|
|-weather|RainDance|[upkeep]
|upkeep
|turn|5
|inactive|zoro.d.wolf has 120 seconds left.
|
|t:|1779946785
|move|p2a: Bubbles|Calm Mind|p2a: Bubbles
|-boost|p2a: Bubbles|spa|1
|-boost|p2a: Bubbles|spd|1
|move|p1a: Porygon2|Thunderbolt|p2a: Bubbles
|-supereffective|p2a: Bubbles
|-damage|p2a: Bubbles|47/100
|
|-weather|RainDance|[upkeep]
|upkeep
|turn|6
|
|t:|1779946793
|move|p2a: Bubbles|Rest|p2a: Bubbles
|-status|p2a: Bubbles|slp|[from] move: Rest
|-heal|p2a: Bubbles|100/100 slp|[silent]
|move|p1a: Porygon2|Icy Wind|p2a: Bubbles
|-resisted|p2a: Bubbles
|-damage|p2a: Bubbles|99/100 slp
|
|-weather|RainDance|[upkeep]
|-activate|p2a: Bubbles|ability: Hydration
|-curestatus|p2a: Bubbles|slp|[msg]
|upkeep
|turn|7
|
|t:|1779946804
|move|p2a: Bubbles|Ice Beam|p1a: Porygon2
|-damage|p1a: Porygon2|78/100
|move|p1a: Porygon2|Thunderbolt|p2a: Bubbles
|-supereffective|p2a: Bubbles
|-damage|p2a: Bubbles|87/100
|
|-weather|RainDance|[upkeep]
|upkeep
|turn|8
|inactive|zoro.d.wolf has 120 seconds left.
|
|t:|1779946819
|move|p2a: Bubbles|Ice Beam|p1a: Porygon2
|-damage|p1a: Porygon2|56/100
|move|p1a: Porygon2|Thunderbolt|p2a: Bubbles
|-supereffective|p2a: Bubbles
|-damage|p2a: Bubbles|76/100
|
|-weather|none
|upkeep
|turn|9
|inactive|zoro.d.wolf has 120 seconds left.
|
|t:|1779946830
|move|p2a: Bubbles|Calm Mind|p2a: Bubbles
|-boost|p2a: Bubbles|spa|1
|-boost|p2a: Bubbles|spd|1
|move|p1a: Porygon2|Icy Wind|p2a: Bubbles|[miss]
|-miss|p1a: Porygon2|p2a: Bubbles
|
|upkeep
|turn|10
|
|t:|1779946838
|switch|p1a: Gholdengo|Gholdengo|100/100
|move|p2a: Bubbles|Ice Beam|p1a: Gholdengo
|-resisted|p1a: Gholdengo
|-damage|p1a: Gholdengo|68/100
|-status|p1a: Gholdengo|frz
|
|upkeep
|turn|11
|
|t:|1779946845
|cant|p1a: Gholdengo|frz
|move|p2a: Bubbles|Rest|p2a: Bubbles
|-status|p2a: Bubbles|slp|[from] move: Rest
|-heal|p2a: Bubbles|100/100 slp|[silent]
|
|upkeep
|turn|12
|
|t:|1779946850
|cant|p1a: Gholdengo|frz
|cant|p2a: Bubbles|slp
|
|upkeep
|turn|13
|
|t:|1779946854
|cant|p1a: Gholdengo|frz
|cant|p2a: Bubbles|slp
|
|upkeep
|turn|14
|
|t:|1779946858
|-curestatus|p1a: Gholdengo|frz|[msg]
|move|p1a: Gholdengo|Trick|p2a: Bubbles
|-activate|p1a: Gholdengo|move: Trick|[of] p2a: Bubbles
|-item|p2a: Bubbles|Choice Scarf|[from] move: Trick
|-item|p1a: Gholdengo|Covert Cloak|[from] move: Trick
|-curestatus|p2a: Bubbles|slp|[msg]
|move|p2a: Bubbles|Scald|p1a: Gholdengo
|-damage|p1a: Gholdengo|0 fnt
|faint|p1a: Gholdengo
|
|upkeep
|
|t:|1779946867
|switch|p1a: Meowscarada|Meowscarada, F|100/100
|turn|15
|
|t:|1779946872
|move|p1a: Meowscarada|Flower Trick|p2a: Bubbles
|-supereffective|p2a: Bubbles
|-crit|p2a: Bubbles
|-damage|p2a: Bubbles|0 fnt
|faint|p2a: Bubbles
|
|upkeep
|
|t:|1779946878
|switch|p2a: Big Bird|Zapdos|100/100
|turn|16
|
|t:|1779946882
|switch|p1a: Porygon2|Porygon2|56/100
|-ability|p1a: Porygon2|Static|Trace|[from] ability: Trace|[of] p2a: Big Bird
|move|p2a: Big Bird|Rain Dance|p2a: Big Bird
|-weather|RainDance
|
|-weather|RainDance|[upkeep]
|upkeep
|turn|17
|
|t:|1779946890
|-terastallize|p2a: Big Bird|Steel
|move|p2a: Big Bird|Hurricane|p1a: Porygon2
|-damage|p1a: Porygon2|34/100
|move|p1a: Porygon2|Icy Wind|p2a: Big Bird
|-resisted|p2a: Big Bird
|-damage|p2a: Big Bird|94/100
|-unboost|p2a: Big Bird|spe|1
|
|-weather|RainDance|[upkeep]
|upkeep
|turn|18
|
|t:|1779946899
|move|p1a: Porygon2|Recover|p1a: Porygon2
|-heal|p1a: Porygon2|84/100
|move|p2a: Big Bird|Discharge|p1a: Porygon2
|-damage|p1a: Porygon2|70/100
|-status|p1a: Porygon2|par
|
|-weather|RainDance|[upkeep]
|upkeep
|turn|19
|
|t:|1779946908
|move|p2a: Big Bird|Discharge|p1a: Porygon2
|-damage|p1a: Porygon2|53/100 par
|cant|p1a: Porygon2|par
|
|-weather|RainDance|[upkeep]
|upkeep
|turn|20
|
|t:|1779946915
|switch|p2a: Queerquaval|Quaquaval, M|100/100
|move|p1a: Porygon2|Recover|p1a: Porygon2
|-heal|p1a: Porygon2|100/100 par
|
|-weather|none
|upkeep
|turn|21
|
|t:|1779946921
|move|p2a: Queerquaval|Aqua Step|p1a: Porygon2
|-damage|p1a: Porygon2|73/100 par
|-boost|p2a: Queerquaval|spe|1
|move|p1a: Porygon2|Thunderbolt|p2a: Queerquaval
|-supereffective|p2a: Queerquaval
|-damage|p2a: Queerquaval|37/100
|
|upkeep
|turn|22
|inactive|zoro.d.wolf has 120 seconds left.
|
|t:|1779946952
|move|p2a: Queerquaval|Close Combat|p1a: Porygon2
|-supereffective|p1a: Porygon2
|-damage|p1a: Porygon2|0 fnt
|-unboost|p2a: Queerquaval|def|1
|-unboost|p2a: Queerquaval|spd|1
|-status|p2a: Queerquaval|par|[from] ability: Static|[of] p1a: Porygon2
|faint|p1a: Porygon2
|-ability|p2a: Queerquaval|Moxie|boost
|-boost|p2a: Queerquaval|atk|1
|
|upkeep
|inactive|zoro.d.wolf has 120 seconds left.
|
|t:|1779946974
|switch|p1a: Garganacl|Garganacl, F|100/100
|turn|23
|
|t:|1779946977
|-terastallize|p1a: Garganacl|Ghost
|move|p2a: Queerquaval|Close Combat|p1a: Garganacl
|-immune|p1a: Garganacl
|move|p1a: Garganacl|Iron Defense|p1a: Garganacl
|-boost|p1a: Garganacl|def|2
|
|upkeep
|turn|24
|inactive|zoro.d.wolf has 120 seconds left.
|
|t:|1779946984
|switch|p2a: Onion|Volcanion|49/100
|move|p1a: Garganacl|Salt Cure|p2a: Onion
|-supereffective|p2a: Onion
|-damage|p2a: Onion|21/100
|-start|p2a: Onion|Salt Cure
|
|-damage|p2a: Onion|0 fnt|[from] Salt Cure
|faint|p2a: Onion
|upkeep
|
|t:|1779946993
|switch|p2a: Toilet|Pelipper, M|100/100
|-weather|RainDance|[from] ability: Drizzle|[of] p2a: Toilet
|turn|25
|inactive|zoro.d.wolf has 120 seconds left.
|
|t:|1779947025
|move|p2a: Toilet|Weather Ball|p1a: Garganacl
|-damage|p1a: Garganacl|45/100
|move|p1a: Garganacl|Salt Cure|p2a: Toilet
|-supereffective|p2a: Toilet
|-damage|p2a: Toilet|68/100
|-start|p2a: Toilet|Salt Cure
|
|-weather|RainDance|[upkeep]
|-heal|p1a: Garganacl|51/100|[from] item: Leftovers
|-damage|p2a: Toilet|43/100|[from] Salt Cure
|upkeep
|turn|26
|-message|Scuhbee Fluff forfeited.
|
|win|zoro.d.wolf
|raw|zoro.d.wolf's rating: 1264 &rarr; <strong>1288</strong><br />(+24 for winning)
|raw|Scuhbee Fluff's rating: 1249 &rarr; <strong>1225</strong><br />(-24 for losing)
|l|☆Scuhbee Fluff
|player|p2|
|l|☆zoro.d.wolf
|player|p1|
