|j|☆Spongenoodles
|j|☆claudechamp
|t:|1779850472
|gametype|singles
|player|p1|Spongenoodles|red|1304
|player|p2|claudechamp|169|1285
|gen|9
|tier|[Gen 9] OU
|rated|
|rule|HP Percentage Mod: HP is shown in percentages
|rule|Endless Battle Clause: Forcing endless battles is banned
|rule|Species Clause: Limit one of each Pokémon
|rule|OHKO Clause: OHKO moves are banned
|rule|Evasion Items Clause: Evasion items are banned
|rule|Evasion Moves Clause: Evasion moves are banned
|rule|Evasion Abilities Clause: Evasion abilities are banned
|rule|Sleep Moves Clause: Sleep-inducing moves are banned
|clearpoke
|poke|p1|Lokix, F|
|poke|p1|Dondozo, M|
|poke|p1|Sinistcha|
|poke|p1|Ogerpon-Wellspring, F|
|poke|p1|Weezing-Galar, F|
|poke|p1|Slowking-Galar, M|
|poke|p2|Gliscor, F|
|poke|p2|Gholdengo|
|poke|p2|Zamazenta-*|
|poke|p2|Blissey, F|
|poke|p2|Skarmory, M|
|poke|p2|Pecharunt|
|teampreview
|c|☆claudechamp|hf
|inactive|Battle timer is ON: inactive players will automatically lose when time's up. (requested by claudechamp)
|
|t:|1779850479
|teamsize|p1|6
|teamsize|p2|6
|start
|switch|p1a: Weezing|Weezing-Galar, F|100/100
|switch|p2a: Skarmory|Skarmory, M|100/100
|-ability|p1a: Weezing|Neutralizing Gas
|turn|1
|
|t:|1779850484
|move|p2a: Skarmory|Spikes|p1a: Weezing
|-sidestart|p1: Spongenoodles|Spikes
|move|p1a: Weezing|Will-O-Wisp|p2a: Skarmory
|-status|p2a: Skarmory|brn
|
|-damage|p2a: Skarmory|95/100 brn|[from] brn
|upkeep
|turn|2
|
|t:|1779850490
|move|p2a: Skarmory|Spikes|p1a: Weezing
|-sidestart|p1: Spongenoodles|Spikes
|move|p1a: Weezing|Defog|p2a: Skarmory
|-unboost|p2a: Skarmory|evasion|1
|-sideend|p1: Spongenoodles|Spikes|[from] move: Defog|[of] p1a: Weezing
|
|-damage|p2a: Skarmory|89/100 brn|[from] brn
|upkeep
|turn|3
|
|t:|1779850503
|switch|p2a: Gholdengo|Gholdengo|100/100
|-end|p1a: Weezing|ability: Neutralizing Gas
|switch|p1a: Sinistcha|Sinistcha|100/100
|
|upkeep
|turn|4
|
|t:|1779850515
|move|p2a: Gholdengo|Nasty Plot|p2a: Gholdengo
|-boost|p2a: Gholdengo|spa|2
|move|p1a: Sinistcha|Shadow Ball|p2a: Gholdengo
|-supereffective|p2a: Gholdengo
|-damage|p2a: Gholdengo|40/100
|
|upkeep
|turn|5
|
|t:|1779850523
|switch|p1a: Dondozo|Dondozo, M|100/100
|move|p2a: Gholdengo|Hex|p1a: Dondozo
|-damage|p1a: Dondozo|81/100
|
|upkeep
|turn|6
|
|t:|1779850528
|move|p2a: Gholdengo|Hex|p1a: Dondozo
|-damage|p1a: Dondozo|62/100
|move|p1a: Dondozo|Curse|p1a: Dondozo
|-unboost|p1a: Dondozo|spe|1
|-boost|p1a: Dondozo|atk|1
|-boost|p1a: Dondozo|def|1
|
|upkeep
|turn|7
|
|t:|1779850530
|move|p2a: Gholdengo|Hex|p1a: Dondozo
|-damage|p1a: Dondozo|43/100
|move|p1a: Dondozo|Liquidation|p2a: Gholdengo
|-crit|p2a: Gholdengo
|-damage|p2a: Gholdengo|0 fnt
|faint|p2a: Gholdengo
|
|upkeep
|
|t:|1779850534
|switch|p2a: Pecharunt|Pecharunt|100/100
|turn|8
|
|t:|1779850542
|move|p2a: Pecharunt|Shadow Ball|p1a: Dondozo
|-damage|p1a: Dondozo|28/100
|move|p1a: Dondozo|Liquidation|p2a: Pecharunt
|-damage|p2a: Pecharunt|80/100
|
|upkeep
|turn|9
|
|t:|1779850548
|move|p2a: Pecharunt|Shadow Ball|p1a: Dondozo
|-damage|p1a: Dondozo|11/100
|move|p1a: Dondozo|Rest|p1a: Dondozo
|-status|p1a: Dondozo|slp|[from] move: Rest
|-heal|p1a: Dondozo|100/100 slp|[silent]
|-enditem|p1a: Dondozo|Chesto Berry|[eat]
|-curestatus|p1a: Dondozo|slp|[msg]
|
|upkeep
|turn|10
|
|t:|1779850556
|move|p2a: Pecharunt|Shadow Ball|p1a: Dondozo
|-damage|p1a: Dondozo|85/100
|move|p1a: Dondozo|Curse|p1a: Dondozo
|-unboost|p1a: Dondozo|spe|1
|-boost|p1a: Dondozo|atk|1
|-boost|p1a: Dondozo|def|1
|
|upkeep
|turn|11
|
|t:|1779850562
|switch|p2a: Zamazenta|Zamazenta|100/100
|-ability|p2a: Zamazenta|Dauntless Shield|boost
|-boost|p2a: Zamazenta|def|1
|move|p1a: Dondozo|Liquidation|p2a: Zamazenta
|-damage|p2a: Zamazenta|44/100
|-unboost|p2a: Zamazenta|def|1
|
|upkeep
|turn|12
|
|t:|1779850568
|switch|p2a: Pecharunt|Pecharunt|80/100
|move|p1a: Dondozo|Liquidation|p2a: Pecharunt
|-damage|p2a: Pecharunt|54/100
|
|upkeep
|turn|13
|
|t:|1779850575
|move|p2a: Pecharunt|Shadow Ball|p1a: Dondozo
|-damage|p1a: Dondozo|68/100
|move|p1a: Dondozo|Liquidation|p2a: Pecharunt
|-damage|p2a: Pecharunt|26/100
|
|upkeep
|turn|14
|
|t:|1779850582
|switch|p2a: Skarmory|Skarmory, M|89/100 brn
|move|p1a: Dondozo|Liquidation|p2a: Skarmory
|-damage|p2a: Skarmory|50/100 brn
|-unboost|p2a: Skarmory|def|1
|
|-damage|p2a: Skarmory|44/100 brn|[from] brn
|upkeep
|turn|15
|
|t:|1779850586
|move|p1a: Dondozo|Liquidation|p2a: Skarmory
|-damage|p2a: Skarmory|4/100 brn
|move|p2a: Skarmory|Whirlwind|p1a: Dondozo
|drag|p1a: Slowking|Slowking-Galar, M|100/100
|
|-damage|p2a: Skarmory|0 fnt|[from] brn
|faint|p2a: Skarmory
|upkeep
|
|t:|1779850593
|switch|p2a: Pecharunt|Pecharunt|26/100
|turn|16
|
|t:|1779850602
|move|p2a: Pecharunt|Recover|p2a: Pecharunt
|-heal|p2a: Pecharunt|76/100
|move|p1a: Slowking|Future Sight|p2a: Pecharunt
|-start|p1a: Slowking|move: Future Sight
|
|upkeep
|turn|17
|
|t:|1779850614
|switch|p2a: Gliscor|Gliscor, F|100/100
|-prepare|p1a: Slowking|Chilly Reception|[premajor]
|move|p1a: Slowking|Chilly Reception|p1a: Slowking
|-weather|Snowscape
|inactive|Spongenoodles has 120 seconds left.
|
|t:|1779850646
|switch|p1a: Sinistcha|Sinistcha|100/100|[from] Chilly Reception
|
|-weather|Snowscape|[upkeep]
|-status|p2a: Gliscor|tox|[from] item: Toxic Orb
|upkeep
|turn|18
|
|t:|1779850649
|move|p2a: Gliscor|Swords Dance|p2a: Gliscor
|-boost|p2a: Gliscor|atk|2
|move|p1a: Sinistcha|Calm Mind|p1a: Sinistcha
|-boost|p1a: Sinistcha|spa|1
|-boost|p1a: Sinistcha|spd|1
|
|-weather|Snowscape|[upkeep]
|-end|p2a: Gliscor|move: Future Sight
|-damage|p2a: Gliscor|60/100 tox
|-heal|p2a: Gliscor|72/100 tox|[from] ability: Poison Heal
|upkeep
|turn|19
|inactive|Spongenoodles has 120 seconds left.
|
|t:|1779850692
|move|p2a: Gliscor|Earthquake|p1a: Sinistcha
|-resisted|p1a: Sinistcha
|-damage|p1a: Sinistcha|80/100
|move|p1a: Sinistcha|Matcha Gotcha|p2a: Gliscor
|-damage|p2a: Gliscor|30/100 tox
|-heal|p1a: Sinistcha|100/100|[from] drain|[of] p2a: Gliscor
|
|-weather|Snowscape|[upkeep]
|-heal|p2a: Gliscor|43/100 tox|[from] ability: Poison Heal
|upkeep
|turn|20
|inactive|Spongenoodles has 90 seconds left.
|
|t:|1779850711
|switch|p2a: Blissey|Blissey, F|100/100
|move|p1a: Sinistcha|Shadow Ball|p2a: Blissey
|-immune|p2a: Blissey
|
|-weather|Snowscape|[upkeep]
|upkeep
|turn|21
|
|t:|1779850715
|move|p1a: Sinistcha|Calm Mind|p1a: Sinistcha
|-boost|p1a: Sinistcha|spa|1
|-boost|p1a: Sinistcha|spd|1
|move|p2a: Blissey|Shadow Ball|p1a: Sinistcha
|-supereffective|p1a: Sinistcha
|-damage|p1a: Sinistcha|82/100
|-unboost|p1a: Sinistcha|spd|1
|
|-weather|none
|-heal|p1a: Sinistcha|88/100|[from] item: Leftovers
|upkeep
|turn|22
|
|t:|1779850721
|move|p1a: Sinistcha|Calm Mind|p1a: Sinistcha
|-boost|p1a: Sinistcha|spa|1
|-boost|p1a: Sinistcha|spd|1
|move|p2a: Blissey|Shadow Ball|p1a: Sinistcha
|-supereffective|p1a: Sinistcha
|-damage|p1a: Sinistcha|72/100
|
|-heal|p1a: Sinistcha|78/100|[from] item: Leftovers
|upkeep
|turn|23
|inactive|Spongenoodles has 90 seconds left.
|
|t:|1779850758
|move|p1a: Sinistcha|Calm Mind|p1a: Sinistcha
|-boost|p1a: Sinistcha|spa|1
|-boost|p1a: Sinistcha|spd|1
|move|p2a: Blissey|Shadow Ball|p1a: Sinistcha
|-supereffective|p1a: Sinistcha
|-damage|p1a: Sinistcha|65/100
|
|-heal|p1a: Sinistcha|71/100|[from] item: Leftovers
|upkeep
|turn|24
|inactive|Spongenoodles has 60 seconds left.
|
|t:|1779850805
|-terastallize|p2a: Blissey|Dark
|move|p1a: Sinistcha|Matcha Gotcha|p2a: Blissey
|-damage|p2a: Blissey|69/100
|-heal|p1a: Sinistcha|100/100|[from] drain|[of] p2a: Blissey
|move|p2a: Blissey|Stealth Rock|p1a: Sinistcha
|-sidestart|p1: Spongenoodles|move: Stealth Rock
|
|upkeep
|turn|25
|
|t:|1779850816
|switch|p2a: Zamazenta|Zamazenta|44/100
|move|p1a: Sinistcha|Calm Mind|p1a: Sinistcha
|-boost|p1a: Sinistcha|spa|1
|-boost|p1a: Sinistcha|spd|1
|
|upkeep
|turn|26
|
|t:|1779850832
|move|p2a: Zamazenta|Crunch|p1a: Sinistcha
|-supereffective|p1a: Sinistcha
|-damage|p1a: Sinistcha|68/100
|move|p1a: Sinistcha|Strength Sap|p2a: Zamazenta
|-unboost|p2a: Zamazenta|atk|1
|-heal|p1a: Sinistcha|100/100
|
|upkeep
|turn|27
|inactive|Spongenoodles has 60 seconds left.
|
|t:|1779850849
|switch|p2a: Gliscor|Gliscor, F|43/100 tox
|move|p1a: Sinistcha|Matcha Gotcha|p2a: Gliscor
|-damage|p2a: Gliscor|0 fnt
|faint|p2a: Gliscor
|
|upkeep
|
|t:|1779850864
|switch|p2a: Blissey|Blissey, F, tera:Dark|69/100
|turn|28
|inactive|Spongenoodles has 60 seconds left.
|
|t:|1779850878
|move|p1a: Sinistcha|Shadow Ball|p2a: Blissey
|-resisted|p2a: Blissey
|-damage|p2a: Blissey|52/100
|move|p2a: Blissey|Shadow Ball|p1a: Sinistcha
|-supereffective|p1a: Sinistcha
|-damage|p1a: Sinistcha|88/100
|-unboost|p1a: Sinistcha|spd|1
|
|-heal|p1a: Sinistcha|94/100|[from] item: Leftovers
|upkeep
|turn|29
|inactive|Spongenoodles has 60 seconds left.
|
|t:|1779850889
|move|p1a: Sinistcha|Calm Mind|p1a: Sinistcha
|-boost|p1a: Sinistcha|spa|1
|-boost|p1a: Sinistcha|spd|1
|move|p2a: Blissey|Shadow Ball|p1a: Sinistcha
|-supereffective|p1a: Sinistcha
|-damage|p1a: Sinistcha|82/100
|
|-heal|p1a: Sinistcha|88/100|[from] item: Leftovers
|upkeep
|turn|30
|
|t:|1779850895
|switch|p2a: Zamazenta|Zamazenta|44/100
|move|p1a: Sinistcha|Calm Mind|p1a: Sinistcha
|-boost|p1a: Sinistcha|spa|0
|-boost|p1a: Sinistcha|spd|1
|
|-heal|p1a: Sinistcha|94/100|[from] item: Leftovers
|upkeep
|turn|31
|
|t:|1779850907
|move|p2a: Zamazenta|Crunch|p1a: Sinistcha
|-supereffective|p1a: Sinistcha
|-crit|p1a: Sinistcha
|-damage|p1a: Sinistcha|37/100
|move|p1a: Sinistcha|Shadow Ball|p2a: Zamazenta
|-damage|p2a: Zamazenta|0 fnt
|faint|p2a: Zamazenta
|
|-heal|p1a: Sinistcha|43/100|[from] item: Leftovers
|upkeep
|
|t:|1779850913
|switch|p2a: Blissey|Blissey, F, tera:Dark|52/100
|turn|32
|inactive|Spongenoodles has 60 seconds left.
|
|t:|1779850949
|move|p1a: Sinistcha|Shadow Ball|p2a: Blissey
|-resisted|p2a: Blissey
|-damage|p2a: Blissey|34/100
|move|p2a: Blissey|Shadow Ball|p1a: Sinistcha
|-supereffective|p1a: Sinistcha
|-damage|p1a: Sinistcha|32/100
|-unboost|p1a: Sinistcha|spd|1
|
|-heal|p1a: Sinistcha|38/100|[from] item: Leftovers
|upkeep
|turn|33
|
|t:|1779850956
|switch|p2a: Pecharunt|Pecharunt|76/100
|move|p1a: Sinistcha|Matcha Gotcha|p2a: Pecharunt
|-resisted|p2a: Pecharunt
|-damage|p2a: Pecharunt|9/100
|-heal|p1a: Sinistcha|75/100|[from] drain|[of] p2a: Pecharunt
|
|-heal|p1a: Sinistcha|81/100|[from] item: Leftovers
|upkeep
|turn|34
|
|t:|1779850971
|move|p2a: Pecharunt|Shadow Ball|p1a: Sinistcha
|-supereffective|p1a: Sinistcha
|-damage|p1a: Sinistcha|61/100
|move|p1a: Sinistcha|Shadow Ball|p2a: Pecharunt
|-supereffective|p2a: Pecharunt
|-damage|p2a: Pecharunt|0 fnt
|faint|p2a: Pecharunt
|
|-heal|p1a: Sinistcha|68/100|[from] item: Leftovers
|upkeep
|
|t:|1779850985
|switch|p2a: Blissey|Blissey, F, tera:Dark|34/100
|turn|35
|
|t:|1779850997
|move|p1a: Sinistcha|Matcha Gotcha|p2a: Blissey
|-damage|p2a: Blissey|0 fnt
|-heal|p1a: Sinistcha|99/100|[from] drain|[of] p2a: Blissey
|faint|p2a: Blissey
|
|win|Spongenoodles
|raw|Spongenoodles's rating: 1304 &rarr; <strong>1322</strong><br />(+18 for winning)
|raw|claudechamp's rating: 1265 &rarr; <strong>1243</strong><br />(-22 for losing)
|c|☆claudechamp|gg
|l|☆Spongenoodles
|player|p1|
