|j|☆freshswordfighter1
|j|☆claudechamp
|t:|1779849203
|gametype|singles
|player|p1|freshswordfighter1|ash-sinnoh|1185
|player|p2|claudechamp|169|1150
|gen|9
|tier|[Gen 9] OU
|rated|
|rule|HP Percentage Mod: HP is shown in percentages
|rule|Endless Battle Clause: Forcing endless battles is banned
|rule|Species Clause: Limit one of each Pokémon
|rule|OHKO Clause: OHKO moves are banned
|rule|Evasion Items Clause: Evasion items are banned
|rule|Evasion Moves Clause: Evasion moves are banned
|rule|Evasion Abilities Clause: Evasion abilities are banned
|rule|Sleep Moves Clause: Sleep-inducing moves are banned
|clearpoke
|poke|p1|Donphan, F|
|poke|p1|Keldeo-Resolute|
|poke|p1|Thundurus, M|
|poke|p1|Hydrapple, F|
|poke|p1|Metagross|
|poke|p1|Conkeldurr, F|
|poke|p2|Corviknight, F|
|poke|p2|Ting-Lu|
|poke|p2|Kyurem|
|poke|p2|Dondozo, F|
|poke|p2|Slowking-Galar, M|
|poke|p2|Cinderace, F|
|teampreview
|c|☆claudechamp|hf
|inactive|Battle timer is ON: inactive players will automatically lose when time's up. (requested by claudechamp)
|c|☆freshswordfighter1|glhf
|
|t:|1779849214
|teamsize|p1|6
|teamsize|p2|6
|start
|switch|p1a: Metagross|Metagross|100/100
|switch|p2a: Cinderace|Cinderace, F|100/100
|turn|1
|
|t:|1779849223
|switch|p2a: Kyurem|Kyurem|100/100
|-ability|p2a: Kyurem|Pressure
|move|p1a: Metagross|Earthquake|p2a: Kyurem
|-damage|p2a: Kyurem|65/100
|
|-heal|p2a: Kyurem|71/100|[from] item: Leftovers
|upkeep
|turn|2
|
|t:|1779849227
|switch|p1a: Thundurus|Thundurus, M|100/100
|move|p2a: Kyurem|Freeze-Dry|p1a: Thundurus
|-supereffective|p1a: Thundurus
|-damage|p1a: Thundurus|0 fnt
|faint|p1a: Thundurus
|
|-heal|p2a: Kyurem|77/100|[from] item: Leftovers
|upkeep
|
|t:|1779849237
|switch|p1a: Conkeldurr|Conkeldurr, F|100/100
|turn|3
|
|t:|1779849242
|move|p2a: Kyurem|Freeze-Dry|p1a: Conkeldurr
|-damage|p1a: Conkeldurr|74/100
|-status|p1a: Conkeldurr|frz
|cant|p1a: Conkeldurr|frz
|
|-heal|p2a: Kyurem|83/100|[from] item: Leftovers
|upkeep
|turn|4
|
|t:|1779849245
|move|p2a: Kyurem|Freeze-Dry|p1a: Conkeldurr
|-damage|p1a: Conkeldurr|50/100 frz
|-curestatus|p1a: Conkeldurr|frz|[msg]
|move|p1a: Conkeldurr|Drain Punch|p2a: Kyurem
|-supereffective|p2a: Kyurem
|-damage|p2a: Kyurem|0 fnt
|-heal|p1a: Conkeldurr|97/100|[from] drain|[of] p2a: Kyurem
|faint|p2a: Kyurem
|
|upkeep
|
|t:|1779849247
|switch|p2a: Slowking|Slowking-Galar, M|100/100
|turn|5
|
|t:|1779849251
|switch|p1a: Metagross|Metagross|100/100
|move|p2a: Slowking|Future Sight|p1a: Metagross
|-start|p2a: Slowking|move: Future Sight
|
|upkeep
|turn|6
|
|t:|1779849256
|switch|p2a: Ting-Lu|Ting-Lu|100/100
|-ability|p2a: Ting-Lu|Vessel of Ruin
|move|p1a: Metagross|Knock Off|p2a: Ting-Lu
|-resisted|p2a: Ting-Lu
|-damage|p2a: Ting-Lu|91/100
|-enditem|p2a: Ting-Lu|Leftovers|[from] move: Knock Off|[of] p1a: Metagross
|
|upkeep
|turn|7
|
|t:|1779849267
|switch|p1a: James|Donphan, F|100/100
|move|p2a: Ting-Lu|Earthquake|p1a: James
|-damage|p1a: James|77/100
|
|-end|p1a: James|move: Future Sight
|-damage|p1a: James|31/100
|-heal|p1a: James|38/100|[from] item: Leftovers
|upkeep
|turn|8
|
|t:|1779849272
|move|p1a: James|Ice Spinner|p2a: Ting-Lu
|-supereffective|p2a: Ting-Lu
|-damage|p2a: Ting-Lu|69/100
|move|p2a: Ting-Lu|Earthquake|p1a: James
|-damage|p1a: James|17/100
|
|-heal|p1a: James|23/100|[from] item: Leftovers
|upkeep
|turn|9
|
|t:|1779849275
|switch|p2a: Corviknight|Corviknight, F|100/100
|-ability|p2a: Corviknight|Pressure
|move|p1a: James|Stealth Rock|p2a: Corviknight
|-sidestart|p2: claudechamp|move: Stealth Rock
|
|-heal|p1a: James|29/100|[from] item: Leftovers
|upkeep
|turn|10
|
|t:|1779849282
|switch|p1a: Conkeldurr|Conkeldurr, F|97/100
|move|p2a: Corviknight|Brave Bird|p1a: Conkeldurr
|-supereffective|p1a: Conkeldurr
|-damage|p1a: Conkeldurr|20/100
|-damage|p2a: Corviknight|78/100|[from] Recoil
|
|upkeep
|turn|11
|
|t:|1779849287
|move|p2a: Corviknight|Defog|p1a: Conkeldurr
|-unboost|p1a: Conkeldurr|evasion|1
|-sideend|p2: claudechamp|Stealth Rock|[from] move: Defog|[of] p2a: Corviknight
|move|p1a: Conkeldurr|Thunder Punch|p2a: Corviknight
|-supereffective|p2a: Corviknight
|-damage|p2a: Corviknight|37/100
|-damage|p1a: Conkeldurr|4/100|[from] item: Rocky Helmet|[of] p2a: Corviknight
|
|upkeep
|turn|12
|
|t:|1779849291
|move|p2a: Corviknight|Roost|p2a: Corviknight
|-heal|p2a: Corviknight|87/100
|-singleturn|p2a: Corviknight|move: Roost
|move|p1a: Conkeldurr|Thunder Punch|p2a: Corviknight
|-damage|p2a: Corviknight|64/100
|-damage|p1a: Conkeldurr|0 fnt|[from] item: Rocky Helmet|[of] p2a: Corviknight
|faint|p1a: Conkeldurr
|
|upkeep
|
|t:|1779849302
|switch|p1a: Hydrapple|Hydrapple, F|100/100
|turn|13
|
|t:|1779849307
|move|p2a: Corviknight|Brave Bird|p1a: Hydrapple
|-supereffective|p1a: Hydrapple
|-damage|p1a: Hydrapple|54/100
|-damage|p2a: Corviknight|48/100|[from] Recoil
|move|p1a: Hydrapple|Nasty Plot|p1a: Hydrapple
|-boost|p1a: Hydrapple|spa|2
|
|upkeep
|turn|14
|
|t:|1779849313
|-terastallize|p1a: Hydrapple|Fairy
|move|p2a: Corviknight|Roost|p2a: Corviknight
|-heal|p2a: Corviknight|98/100
|-singleturn|p2a: Corviknight|move: Roost
|move|p1a: Hydrapple|Recover|p1a: Hydrapple
|-heal|p1a: Hydrapple|100/100
|
|upkeep
|turn|15
|
|t:|1779849320
|switch|p2a: Slowking|Slowking-Galar, M|100/100
|move|p1a: Hydrapple|Nasty Plot|p1a: Hydrapple
|-boost|p1a: Hydrapple|spa|2
|
|upkeep
|turn|16
|
|t:|1779849328
|move|p1a: Hydrapple|Earth Power|p2a: Slowking
|-supereffective|p2a: Slowking
|-enditem|p2a: Slowking|Shuca Berry|[eat]
|-enditem|p2a: Slowking|Shuca Berry|[weaken]
|-damage|p2a: Slowking|33/100
|move|p2a: Slowking|Future Sight|p1a: Hydrapple
|-start|p2a: Slowking|move: Future Sight
|
|upkeep
|turn|17
|
|t:|1779849332
|move|p1a: Hydrapple|Earth Power|p2a: Slowking
|-supereffective|p2a: Slowking
|-damage|p2a: Slowking|0 fnt
|faint|p2a: Slowking
|
|upkeep
|
|t:|1779849335
|switch|p2a: Dondozo|Dondozo, F|100/100
|turn|18
|
|t:|1779849340
|move|p1a: Hydrapple|Fickle Beam|p2a: Dondozo
|-damage|p2a: Dondozo|77/100
|move|p2a: Dondozo|Waterfall|p1a: Hydrapple
|-damage|p1a: Hydrapple|84/100
|
|-end|p1a: Hydrapple|move: Future Sight
|-damage|p1a: Hydrapple|40/100
|-heal|p2a: Dondozo|83/100|[from] item: Leftovers
|upkeep
|turn|19
|
|t:|1779849344
|move|p1a: Hydrapple|Earth Power|p2a: Dondozo
|-damage|p2a: Dondozo|66/100
|move|p2a: Dondozo|Waterfall|p1a: Hydrapple
|-damage|p1a: Hydrapple|23/100
|
|-heal|p2a: Dondozo|72/100|[from] item: Leftovers
|upkeep
|turn|20
|
|t:|1779849349
|move|p1a: Hydrapple|Fickle Beam|p2a: Dondozo
|-damage|p2a: Dondozo|49/100
|move|p2a: Dondozo|Body Press|p1a: Hydrapple
|-resisted|p1a: Hydrapple
|-damage|p1a: Hydrapple|16/100
|
|-heal|p2a: Dondozo|55/100|[from] item: Leftovers
|upkeep
|turn|21
|
|t:|1779849354
|move|p1a: Hydrapple|Fickle Beam|p2a: Dondozo
|-damage|p2a: Dondozo|33/100
|move|p2a: Dondozo|Waterfall|p1a: Hydrapple
|-damage|p1a: Hydrapple|0 fnt
|faint|p1a: Hydrapple
|
|-heal|p2a: Dondozo|39/100|[from] item: Leftovers
|upkeep
|
|t:|1779849363
|switch|p1a: Metagross|Metagross|100/100
|turn|22
|
|t:|1779849367
|move|p1a: Metagross|Knock Off|p2a: Dondozo
|-damage|p2a: Dondozo|18/100
|-enditem|p2a: Dondozo|Leftovers|[from] move: Knock Off|[of] p1a: Metagross
|move|p2a: Dondozo|Rest|p2a: Dondozo
|-status|p2a: Dondozo|slp|[from] move: Rest
|-heal|p2a: Dondozo|100/100 slp|[silent]
|
|upkeep
|turn|23
|-message|freshswordfighter1 forfeited.
|
|win|claudechamp
|raw|freshswordfighter1's rating: 1185 &rarr; <strong>1159</strong><br />(-26 for losing)
|raw|claudechamp's rating: 1172 &rarr; <strong>1198</strong><br />(+26 for winning)
|c|☆claudechamp|gg
|l|☆freshswordfighter1
|player|p1|
