|j|☆dddzdddq2
|j|☆Itadori_san
|t:|1779946372
|gametype|singles
|player|p1|dddzdddq2|1|1332
|player|p2|Itadori_san|169|1346
|gen|9
|tier|[Gen 9] OU
|rated|
|rule|HP Percentage Mod: HP is shown in percentages
|rule|Endless Battle Clause: Forcing endless battles is banned
|rule|Species Clause: Limit one of each Pokémon
|rule|OHKO Clause: OHKO moves are banned
|rule|Evasion Items Clause: Evasion items are banned
|rule|Evasion Moves Clause: Evasion moves are banned
|rule|Evasion Abilities Clause: Evasion abilities are banned
|rule|Sleep Moves Clause: Sleep-inducing moves are banned
|clearpoke
|poke|p1|Hatterene, F|
|poke|p1|Farigiraf, F|
|poke|p1|Mimikyu, F|
|poke|p1|Slither Wing|
|poke|p1|Ursaluna, F|
|poke|p1|Torkoal, M|
|poke|p2|Regidrago|
|poke|p2|Ribombee, F|
|poke|p2|Gholdengo|
|poke|p2|Okidogi, M|
|poke|p2|Enamorus, F|
|poke|p2|Great Tusk|
|teampreview
|inactive|Battle timer is ON: inactive players will automatically lose when time's up. (requested by Itadori_san)
|
|t:|1779946386
|teamsize|p1|6
|teamsize|p2|6
|start
|switch|p1a: Farigiraf|Farigiraf, F|100/100
|switch|p2a: Gholdengo|Gholdengo|100/100
|-item|p2a: Gholdengo|Air Balloon
|turn|1
|
|t:|1779946397
|move|p2a: Gholdengo|Thunder Wave|p1a: Farigiraf
|-status|p1a: Farigiraf|par
|cant|p1a: Farigiraf|par
|
|upkeep
|turn|2
|
|t:|1779946400
|move|p2a: Gholdengo|Make It Rain|p1a: Farigiraf
|-damage|p1a: Farigiraf|45/100 par
|-unboost|p2a: Gholdengo|spa|1
|move|p1a: Farigiraf|Shadow Ball|p2a: Gholdengo
|-supereffective|p2a: Gholdengo
|-damage|p2a: Gholdengo|50/100
|-enditem|p2a: Gholdengo|Air Balloon
|
|upkeep
|turn|3
|
|t:|1779946407
|switch|p2a: Ribombee|Ribombee, F|100/100
|move|p1a: Farigiraf|Trick Room|p1a: Farigiraf
|-fieldstart|move: Trick Room|[of] p1a: Farigiraf
|
|upkeep
|turn|4
|
|t:|1779946414
|move|p1a: Farigiraf|Hyper Voice|p2a: Ribombee
|-damage|p2a: Ribombee|27/100
|-enditem|p1a: Farigiraf|Throat Spray
|-boost|p1a: Farigiraf|spa|1|[from] item: Throat Spray
|move|p2a: Ribombee|Quiver Dance|p2a: Ribombee
|-boost|p2a: Ribombee|spa|1
|-boost|p2a: Ribombee|spd|1
|-boost|p2a: Ribombee|spe|1
|
|upkeep
|turn|5
|
|t:|1779946418
|move|p1a: Farigiraf|Hyper Voice|p2a: Ribombee
|-damage|p2a: Ribombee|0 fnt
|faint|p2a: Ribombee
|
|upkeep
|
|t:|1779946424
|switch|p2a: Enamorus|Enamorus, F|100/100
|turn|6
|
|t:|1779946429
|move|p1a: Farigiraf|Hyper Voice|p2a: Enamorus
|-damage|p2a: Enamorus|9/100
|move|p2a: Enamorus|Superpower|p1a: Farigiraf
|-damage|p1a: Farigiraf|6/100 par
|-boost|p2a: Enamorus|atk|1
|-boost|p2a: Enamorus|def|1
|
|-heal|p2a: Enamorus|15/100|[from] item: Leftovers
|upkeep
|turn|7
|
|t:|1779946434
|cant|p1a: Farigiraf|par
|move|p2a: Enamorus|Play Rough|p1a: Farigiraf|[miss]
|-miss|p2a: Enamorus|p1a: Farigiraf
|
|-heal|p2a: Enamorus|22/100|[from] item: Leftovers
|-fieldend|move: Trick Room
|upkeep
|turn|8
|
|t:|1779946441
|move|p2a: Enamorus|Superpower|p1a: Farigiraf
|-damage|p1a: Farigiraf|0 fnt
|-boost|p2a: Enamorus|atk|1
|-boost|p2a: Enamorus|def|1
|faint|p1a: Farigiraf
|
|-heal|p2a: Enamorus|28/100|[from] item: Leftovers
|upkeep
|
|t:|1779946445
|switch|p1a: Hatterene|Hatterene, F|100/100
|turn|9
|
|t:|1779946449
|switch|p1a: Slither Wing|Slither Wing|100/100
|move|p2a: Enamorus|Iron Head|p1a: Slither Wing
|-crit|p1a: Slither Wing
|-damage|p1a: Slither Wing|18/100
|
|-heal|p2a: Enamorus|34/100|[from] item: Leftovers
|upkeep
|turn|10
|
|t:|1779946455
|move|p1a: Slither Wing|First Impression|p2a: Enamorus
|-resisted|p2a: Enamorus
|-damage|p2a: Enamorus|19/100
|move|p2a: Enamorus|Superpower|p1a: Slither Wing
|-resisted|p1a: Slither Wing
|-damage|p1a: Slither Wing|0 fnt
|-boost|p2a: Enamorus|atk|1
|-boost|p2a: Enamorus|def|1
|faint|p1a: Slither Wing
|-end|p1a: Slither Wing|Protosynthesis|[silent]
|
|-heal|p2a: Enamorus|25/100|[from] item: Leftovers
|upkeep
|
|t:|1779946458
|switch|p1a: Hatterene|Hatterene, F|100/100
|turn|11
|
|t:|1779946461
|move|p2a: Enamorus|Iron Head|p1a: Hatterene
|-supereffective|p1a: Hatterene
|-enditem|p1a: Hatterene|Focus Sash
|-damage|p1a: Hatterene|1/100
|move|p1a: Hatterene|Trick Room|p1a: Hatterene
|-fieldstart|move: Trick Room|[of] p1a: Hatterene
|
|-heal|p2a: Enamorus|32/100|[from] item: Leftovers
|upkeep
|turn|12
|
|t:|1779946466
|move|p1a: Hatterene|Misty Explosion|p2a: Enamorus
|-damage|p2a: Enamorus|0 fnt
|faint|p1a: Hatterene
|faint|p2a: Enamorus
|
|upkeep
|
|t:|1779946473
|switch|p1a: Torkoal|Torkoal, M|100/100
|switch|p2a: Okidogi|Okidogi, M|100/100
|-weather|SunnyDay|[from] ability: Drought|[of] p1a: Torkoal
|turn|13
|
|t:|1779946477
|-terastallize|p1a: Torkoal|Fire
|-terastallize|p2a: Okidogi|Water
|move|p1a: Torkoal|Eruption|p2a: Okidogi
|-resisted|p2a: Okidogi
|-damage|p2a: Okidogi|34/100
|move|p2a: Okidogi|Knock Off|p1a: Torkoal
|-damage|p1a: Torkoal|71/100
|-status|p1a: Torkoal|tox|[from] ability: Toxic Chain|[of] p2a: Okidogi
|-enditem|p1a: Torkoal|Choice Specs|[from] move: Knock Off|[of] p2a: Okidogi
|
|-weather|SunnyDay|[upkeep]
|-damage|p1a: Torkoal|65/100 tox|[from] psn
|upkeep
|turn|14
|
|t:|1779946484
|move|p1a: Torkoal|Solar Beam||[still]
|-prepare|p1a: Torkoal|Solar Beam
|-anim|p1a: Torkoal|Solar Beam|p2a: Okidogi
|-supereffective|p2a: Okidogi
|-damage|p2a: Okidogi|0 fnt
|faint|p2a: Okidogi
|
|-weather|SunnyDay|[upkeep]
|-damage|p1a: Torkoal|53/100 tox|[from] psn
|upkeep
|
|t:|1779946487
|switch|p2a: Gholdengo|Gholdengo|50/100
|turn|15
|
|t:|1779946489
|move|p1a: Torkoal|Flamethrower|p2a: Gholdengo
|-supereffective|p2a: Gholdengo
|-damage|p2a: Gholdengo|0 fnt
|faint|p2a: Gholdengo
|
|-weather|SunnyDay|[upkeep]
|-damage|p1a: Torkoal|34/100 tox|[from] psn
|-fieldend|move: Trick Room
|upkeep
|
|t:|1779946491
|switch|p2a: Regidrago|Regidrago|100/100
|turn|16
|
|t:|1779946495
|switch|p1a: Mimikyu|Mimikyu, F|100/100
|move|p2a: Regidrago|Earth Power|p1a: Mimikyu
|-activate|p1a: Mimikyu|ability: Disguise
|-damage|p1a: Mimikyu|100/100
|detailschange|p1a: Mimikyu|Mimikyu-Busted, F
|-damage|p1a: Mimikyu|88/100|[from] pokemon: Mimikyu-Busted
|
|-weather|SunnyDay|[upkeep]
|upkeep
|turn|17
|
|t:|1779946502
|switch|p2a: Great Tusk|Great Tusk|100/100
|-activate|p2a: Great Tusk|ability: Protosynthesis
|-start|p2a: Great Tusk|protosynthesisspe
|move|p1a: Mimikyu|Trick Room|p1a: Mimikyu
|-fieldstart|move: Trick Room|[of] p1a: Mimikyu
|
|-weather|none
|-end|p2a: Great Tusk|Protosynthesis
|upkeep
|turn|18
|
|t:|1779946513
|move|p1a: Mimikyu|Play Rough|p2a: Great Tusk
|-supereffective|p2a: Great Tusk
|-damage|p2a: Great Tusk|32/100
|-damage|p1a: Mimikyu|72/100|[from] item: Rocky Helmet|[of] p2a: Great Tusk
|-damage|p1a: Mimikyu|62/100|[from] item: Life Orb
|move|p2a: Great Tusk|Ice Spinner|p1a: Mimikyu
|-crit|p1a: Mimikyu
|-damage|p1a: Mimikyu|15/100
|
|upkeep
|turn|19
|
|t:|1779946519
|move|p1a: Mimikyu|Play Rough|p2a: Great Tusk
|-supereffective|p2a: Great Tusk
|-damage|p2a: Great Tusk|0 fnt
|-damage|p1a: Mimikyu|0 fnt|[from] item: Rocky Helmet|[of] p2a: Great Tusk
|faint|p2a: Great Tusk
|-end|p2a: Great Tusk|Protosynthesis|[silent]
|faint|p1a: Mimikyu
|
|upkeep
|
|t:|1779946527
|switch|p1a: Ursaluna|Ursaluna, F|100/100
|switch|p2a: Regidrago|Regidrago|100/100
|turn|20
|
|t:|1779946533
|move|p1a: Ursaluna|Earthquake|p2a: Regidrago
|-crit|p2a: Regidrago
|-damage|p2a: Regidrago|7/100
|move|p2a: Regidrago|Draco Meteor|p1a: Ursaluna
|-damage|p1a: Ursaluna|0 fnt
|-unboost|p2a: Regidrago|spa|2
|faint|p1a: Ursaluna
|
|upkeep
|
|t:|1779946536
|switch|p1a: Torkoal|Torkoal, M, tera:Fire|34/100 tox
|-weather|SunnyDay|[from] ability: Drought|[of] p1a: Torkoal
|turn|21
|
|t:|1779946538
|move|p1a: Torkoal|Eruption|p2a: Regidrago
|-resisted|p2a: Regidrago
|-damage|p2a: Regidrago|0 fnt
|faint|p2a: Regidrago
|
|win|dddzdddq2
|raw|dddzdddq2's rating: 1332 &rarr; <strong>1353</strong><br />(+21 for winning)
|raw|Itadori_san's rating: 1346 &rarr; <strong>1325</strong><br />(-21 for losing)
|l|☆Itadori_san
|player|p2|
|l|☆dddzdddq2
|player|p1|
