|j|☆Dom225
|j|☆Underquill
|t:|1779918123
|gametype|singles
|player|p1|Dom225|1|1285
|player|p2|Underquill|170|1231
|gen|9
|tier|[Gen 9] OU
|rated|
|rule|HP Percentage Mod: HP is shown in percentages
|rule|Endless Battle Clause: Forcing endless battles is banned
|rule|Species Clause: Limit one of each Pokémon
|rule|OHKO Clause: OHKO moves are banned
|rule|Evasion Items Clause: Evasion items are banned
|rule|Evasion Moves Clause: Evasion moves are banned
|rule|Evasion Abilities Clause: Evasion abilities are banned
|rule|Sleep Moves Clause: Sleep-inducing moves are banned
|clearpoke
|poke|p1|Suicune|
|poke|p1|Latios, M|
|poke|p1|Umbreon, F|
|poke|p1|Snorlax, F|
|poke|p1|Chesnaught, M|
|poke|p1|Primarina, F|
|poke|p2|Drednaw, M|
|poke|p2|Tyranitar, M|
|poke|p2|Torterra, M|
|poke|p2|Excadrill, F|
|poke|p2|Alomomola, M|
|poke|p2|Corviknight, F|
|teampreview
|inactive|Battle timer is ON: inactive players will automatically lose when time's up. (requested by Underquill)
|
|t:|1779918135
|teamsize|p1|6
|teamsize|p2|6
|start
|switch|p1a: Chien dressé|Suicune|100/100
|switch|p2a: Tyranitar|Tyranitar, M|100/100
|-ability|p1a: Chien dressé|Pressure
|-weather|Sandstorm|[from] ability: Sand Stream|[of] p2a: Tyranitar
|turn|1
|
|t:|1779918145
|move|p1a: Chien dressé|Scald|p2a: Tyranitar
|-supereffective|p2a: Tyranitar
|-damage|p2a: Tyranitar|67/100
|-status|p2a: Tyranitar|brn
|move|p2a: Tyranitar|Knock Off|p1a: Chien dressé
|-damage|p1a: Chien dressé|89/100
|-enditem|p1a: Chien dressé|Leftovers|[from] move: Knock Off|[of] p2a: Tyranitar
|
|-weather|Sandstorm|[upkeep]
|-damage|p1a: Chien dressé|83/100|[from] Sandstorm
|-damage|p2a: Tyranitar|61/100 brn|[from] brn
|upkeep
|turn|2
|
|t:|1779918158
|switch|p2a: Torterra|Torterra, M|100/100
|move|p1a: Chien dressé|Calm Mind|p1a: Chien dressé
|-boost|p1a: Chien dressé|spa|1
|-boost|p1a: Chien dressé|spd|1
|
|-weather|Sandstorm|[upkeep]
|-damage|p1a: Chien dressé|76/100|[from] Sandstorm
|upkeep
|turn|3
|
|t:|1779918167
|move|p1a: Chien dressé|Ice Beam|p2a: Torterra
|-supereffective|p2a: Torterra
|-damage|p2a: Torterra|0 fnt
|faint|p2a: Torterra
|
|-weather|Sandstorm|[upkeep]
|-damage|p1a: Chien dressé|70/100|[from] Sandstorm
|upkeep
|
|t:|1779918174
|switch|p2a: Drednaw|Drednaw, M|100/100
|turn|4
|inactive|Dom225 has 120 seconds left.
|
|t:|1779918211
|switch|p1a: PointeXL|Chesnaught, M|100/100
|move|p2a: Drednaw|Shell Smash|p2a: Drednaw
|-unboost|p2a: Drednaw|def|1
|-unboost|p2a: Drednaw|spd|1
|-boost|p2a: Drednaw|atk|2
|-boost|p2a: Drednaw|spa|2
|-boost|p2a: Drednaw|spe|2
|-enditem|p2a: Drednaw|White Herb
|-clearnegativeboost|p2a: Drednaw|[silent]
|
|-weather|Sandstorm|[upkeep]
|-damage|p1a: PointeXL|94/100|[from] Sandstorm
|-heal|p1a: PointeXL|100/100|[from] item: Leftovers
|upkeep
|turn|5
|inactive|Dom225 has 120 seconds left.
|inactive|Underquill has 120 seconds left.
|
|t:|1779918261
|-terastallize|p2a: Drednaw|Grass
|move|p2a: Drednaw|Ice Fang|p1a: PointeXL
|-supereffective|p1a: PointeXL
|-damage|p1a: PointeXL|20/100
|move|p1a: PointeXL|Body Press|p2a: Drednaw
|-damage|p2a: Drednaw|47/100
|
|-weather|Sandstorm|[upkeep]
|-damage|p2a: Drednaw|41/100|[from] Sandstorm
|-damage|p1a: PointeXL|14/100|[from] Sandstorm
|-heal|p1a: PointeXL|20/100|[from] item: Leftovers
|upkeep
|turn|6
|
|t:|1779918279
|move|p2a: Drednaw|Ice Fang|p1a: PointeXL
|-supereffective|p1a: PointeXL
|-damage|p1a: PointeXL|0 fnt
|faint|p1a: PointeXL
|
|-weather|Sandstorm|[upkeep]
|-damage|p2a: Drednaw|35/100|[from] Sandstorm
|upkeep
|
|t:|1779918282
|switch|p1a: Gros Chat|Umbreon, F, shiny|100/100
|turn|7
|inactive|Underquill has 120 seconds left.
|
|t:|1779918288
|move|p2a: Drednaw|Earthquake|p1a: Gros Chat
|-damage|p1a: Gros Chat|59/100
|move|p1a: Gros Chat|Foul Play|p2a: Drednaw
|-damage|p2a: Drednaw|0 fnt
|faint|p2a: Drednaw
|
|-weather|Sandstorm|[upkeep]
|-damage|p1a: Gros Chat|53/100|[from] Sandstorm
|-heal|p1a: Gros Chat|59/100|[from] item: Leftovers
|upkeep
|
|t:|1779918292
|switch|p2a: Excadrill|Excadrill, F|100/100
|-item|p2a: Excadrill|Air Balloon
|turn|8
|
|t:|1779918301
|move|p2a: Excadrill|Rapid Spin|p1a: Gros Chat
|-damage|p1a: Gros Chat|48/100
|-boost|p2a: Excadrill|spe|1
|move|p1a: Gros Chat|Foul Play|p2a: Excadrill
|-damage|p2a: Excadrill|26/100
|-enditem|p2a: Excadrill|Air Balloon
|
|-weather|none
|-heal|p1a: Gros Chat|54/100|[from] item: Leftovers
|upkeep
|turn|9
|
|t:|1779918320
|move|p2a: Excadrill|Earthquake|p1a: Gros Chat
|-damage|p1a: Gros Chat|21/100
|move|p1a: Gros Chat|Foul Play|p2a: Excadrill
|-damage|p2a: Excadrill|0 fnt
|faint|p2a: Excadrill
|
|-heal|p1a: Gros Chat|27/100|[from] item: Leftovers
|upkeep
|-message|Underquill forfeited.
|
|win|Dom225
|raw|Dom225's rating: 1285 &rarr; <strong>1306</strong><br />(+21 for winning)
|raw|Underquill's rating: 1231 &rarr; <strong>1210</strong><br />(-21 for losing)
|l|☆Underquill
|player|p2|
|l|☆Dom225
|player|p1|
