|j|☆LeviPT
|j|☆VaschGengar
|t:|1779972838
|gametype|singles
|player|p1|LeviPT|hiker-gen4|1046
|player|p2|VaschGengar|artist-gen4|1000
|gen|9
|tier|[Gen 9] OU
|rated|
|rule|HP Percentage Mod: HP is shown in percentages
|rule|Endless Battle Clause: Forcing endless battles is banned
|rule|Species Clause: Limit one of each Pokémon
|rule|OHKO Clause: OHKO moves are banned
|rule|Evasion Items Clause: Evasion items are banned
|rule|Evasion Moves Clause: Evasion moves are banned
|rule|Evasion Abilities Clause: Evasion abilities are banned
|rule|Sleep Moves Clause: Sleep-inducing moves are banned
|clearpoke
|poke|p1|Pelipper, F|
|poke|p1|Rotom-Wash|
|poke|p1|Kingdra, M|
|poke|p1|Gholdengo|
|poke|p1|Iron Treads|
|poke|p1|Tornadus-Therian, M|
|poke|p2|Glimmora, L50, F|
|poke|p2|Galvantula, M|
|poke|p2|Cottonee, F|
|poke|p2|Haxorus, F|
|poke|p2|Larvitar, M|
|poke|p2|Numel, M|
|teampreview
|inactive|Battle timer is ON: inactive players will automatically lose when time's up. (requested by LeviPT)
|
|t:|1779972865
|teamsize|p1|6
|teamsize|p2|6
|start
|switch|p1a: Pelipper|Pelipper, F|100/100
|switch|p2a: Glimmora|Glimmora, L50, F|100/100
|-weather|RainDance|[from] ability: Drizzle|[of] p1a: Pelipper
|turn|1
|
|t:|1779972880
|move|p1a: Pelipper|Tailwind|p1a: Pelipper
|-sidestart|p1: LeviPT|move: Tailwind
|-activate|p2a: Glimmora|move: Struggle
|move|p2a: Glimmora|Struggle|p1a: Pelipper
|-damage|p1a: Pelipper|99/100
|-damage|p2a: Glimmora|75/100|[from] recoil
|
|-weather|RainDance|[upkeep]
|upkeep
|turn|2
|
|t:|1779972895
|move|p1a: Pelipper|Weather Ball|p2a: Glimmora
|-supereffective|p2a: Glimmora
|-damage|p2a: Glimmora|0 fnt
|faint|p2a: Glimmora
|
|-weather|RainDance|[upkeep]
|upkeep
|
|t:|1779972903
|switch|p2a: Galvantula|Galvantula, M|100/100
|turn|3
|
|t:|1779972909
|move|p1a: Pelipper|U-turn|p2a: Galvantula
|-damage|p2a: Galvantula|89/100
|
|t:|1779972914
|switch|p1a: Iron Treads|Iron Treads|100/100|[from] U-turn
|move|p2a: Galvantula|Sticky Web|p1a: Iron Treads
|-sidestart|p1: LeviPT|move: Sticky Web
|
|-weather|RainDance|[upkeep]
|-heal|p2a: Galvantula|95/100|[from] item: Leftovers
|upkeep
|turn|4
|
|t:|1779972924
|move|p1a: Iron Treads|Earthquake|p2a: Galvantula
|-damage|p2a: Galvantula|27/100
|move|p2a: Galvantula|Light Screen|p2a: Galvantula
|-sidestart|p2: VaschGengar|move: Light Screen
|
|-weather|RainDance|[upkeep]
|-heal|p2a: Galvantula|33/100|[from] item: Leftovers
|-sideend|p1: LeviPT|move: Tailwind
|upkeep
|turn|5
|
|t:|1779972933
|move|p1a: Iron Treads|Earthquake|p2a: Galvantula
|-damage|p2a: Galvantula|0 fnt
|faint|p2a: Galvantula
|
|-weather|RainDance|[upkeep]
|upkeep
|
|t:|1779972939
|switch|p2a: Cottonee|Cottonee, F|100/100
|turn|6
|
|t:|1779972949
|move|p2a: Cottonee|Leech Seed|p1a: Iron Treads
|-start|p1a: Iron Treads|move: Leech Seed
|move|p1a: Iron Treads|Ice Spinner|p2a: Cottonee
|-supereffective|p2a: Cottonee
|-damage|p2a: Cottonee|14/100
|
|-weather|RainDance|[upkeep]
|-damage|p1a: Iron Treads|88/100|[from] Leech Seed|[of] p2a: Cottonee
|-heal|p2a: Cottonee|30/100|[silent]
|upkeep
|turn|7
|
|t:|1779972959
|move|p1a: Iron Treads|Ice Spinner|p2a: Cottonee
|-supereffective|p2a: Cottonee
|-damage|p2a: Cottonee|0 fnt
|faint|p2a: Cottonee
|
|-weather|RainDance|[upkeep]
|upkeep
|
|t:|1779972966
|switch|p2a: Haxorus|Haxorus, F|100/100
|-ability|p2a: Haxorus|Mold Breaker
|turn|8
|
|t:|1779972976
|move|p1a: Iron Treads|Ice Spinner|p2a: Haxorus
|-supereffective|p2a: Haxorus
|-damage|p2a: Haxorus|41/100
|move|p2a: Haxorus|Scale Shot|p1a: Iron Treads
|-resisted|p1a: Iron Treads
|-damage|p1a: Iron Treads|81/100
|-resisted|p1a: Iron Treads
|-damage|p1a: Iron Treads|75/100
|-hitcount|p1a: Iron Treads|2
|-unboost|p2a: Haxorus|def|1
|-boost|p2a: Haxorus|spe|1
|
|-weather|none
|-damage|p1a: Iron Treads|62/100|[from] Leech Seed|[of] p2a: Haxorus
|-heal|p2a: Haxorus|54/100|[silent]
|-sideend|p2: VaschGengar|move: Light Screen
|upkeep
|turn|9
|
|t:|1779972992
|move|p2a: Haxorus|Brick Break|p1a: Iron Treads
|-supereffective|p1a: Iron Treads
|-crit|p1a: Iron Treads
|-damage|p1a: Iron Treads|0 fnt
|faint|p1a: Iron Treads
|-end|p1a: Iron Treads|Quark Drive|[silent]
|
|upkeep
|
|t:|1779972997
|switch|p1a: Kingdra|Kingdra, M|100/100
|-activate|p1a: Kingdra|move: Sticky Web
|-unboost|p1a: Kingdra|spe|1
|turn|10
|
|t:|1779973009
|move|p2a: Haxorus|Brick Break|p1a: Kingdra
|-damage|p1a: Kingdra|66/100
|move|p1a: Kingdra|Draco Meteor|p2a: Haxorus
|-supereffective|p2a: Haxorus
|-crit|p2a: Haxorus
|-damage|p2a: Haxorus|0 fnt
|-unboost|p1a: Kingdra|spa|2
|faint|p2a: Haxorus
|
|upkeep
|
|t:|1779973018
|switch|p2a: Larvitar|Larvitar, M|100/100
|turn|11
|
|t:|1779973024
|move|p1a: Kingdra|Draco Meteor|p2a: Larvitar
|-damage|p2a: Larvitar|17/100
|-unboost|p1a: Kingdra|spa|2
|move|p2a: Larvitar|Dark Pulse|p1a: Kingdra
|-damage|p1a: Kingdra|53/100
|
|upkeep
|turn|12
|
|t:|1779973035
|-terastallize|p2a: Larvitar|Rock
|move|p1a: Kingdra|Draco Meteor|p2a: Larvitar
|-damage|p2a: Larvitar|0 fnt
|-unboost|p1a: Kingdra|spa|2
|faint|p2a: Larvitar
|
|upkeep
|
|t:|1779973043
|switch|p2a: Numel|Numel, M, shiny|100/100
|turn|13
|
|t:|1779973052
|move|p1a: Kingdra|Draco Meteor|p2a: Numel
|-damage|p2a: Numel|53/100
|move|p2a: Numel|Body Press|p1a: Kingdra
|-damage|p1a: Kingdra|35/100
|-damage|p2a: Numel|43/100|[from] item: Life Orb
|
|upkeep
|turn|14
|
|t:|1779973061
|move|p1a: Kingdra|Draco Meteor|p2a: Numel
|-damage|p2a: Numel|0 fnt
|faint|p2a: Numel
|
|win|LeviPT
|raw|LeviPT's rating: 1046 &rarr; <strong>1075</strong><br />(+29 for winning)
|raw|VaschGengar's rating: 1000 &rarr; <strong>1000</strong><br />(+0 for losing)
