|j|☆TeamPlasmaGrunt704
|j|☆fattyboy1809
|t:|1779831615
|gametype|singles
|player|p1|TeamPlasmaGrunt704|plasmagrunt|1140
|player|p2|fattyboy1809|supernerd|1099
|gen|9
|tier|[Gen 9] OU
|rated|
|rule|HP Percentage Mod: HP is shown in percentages
|rule|Endless Battle Clause: Forcing endless battles is banned
|rule|Species Clause: Limit one of each Pokémon
|rule|OHKO Clause: OHKO moves are banned
|rule|Evasion Items Clause: Evasion items are banned
|rule|Evasion Moves Clause: Evasion moves are banned
|rule|Evasion Abilities Clause: Evasion abilities are banned
|rule|Sleep Moves Clause: Sleep-inducing moves are banned
|clearpoke
|poke|p1|Haxorus, M|
|poke|p1|Golurk|
|poke|p1|Kingambit, M|
|poke|p1|Landorus-Therian, M|
|poke|p1|Iron Moth|
|poke|p1|Scrafty, M|
|poke|p2|Greninja-*, M|
|poke|p2|Lokix, F|
|poke|p2|Clefable, F|
|poke|p2|Mabosstiff, M|
|poke|p2|Clodsire, F|
|poke|p2|Ambipom, F|
|teampreview
|
|t:|1779831634
|teamsize|p1|6
|teamsize|p2|6
|start
|switch|p1a: The Scrafty|Scrafty, M|100/100
|switch|p2a: Clodsire|Clodsire, F|100/100
|turn|1
|
|t:|1779831640
|move|p1a: The Scrafty|Bulk Up|p1a: The Scrafty
|-boost|p1a: The Scrafty|atk|1
|-boost|p1a: The Scrafty|def|1
|move|p2a: Clodsire|Toxic|p1a: The Scrafty
|-status|p1a: The Scrafty|tox
|
|-activate|p1a: The Scrafty|ability: Shed Skin
|-curestatus|p1a: The Scrafty|tox|[msg]
|upkeep
|turn|2
|
|t:|1779831646
|move|p1a: The Scrafty|Knock Off|p2a: Clodsire
|-damage|p2a: Clodsire|46/100
|-enditem|p2a: Clodsire|Leftovers|[from] move: Knock Off|[of] p1a: The Scrafty
|move|p2a: Clodsire|Toxic|p1a: The Scrafty
|-status|p1a: The Scrafty|tox
|
|-damage|p1a: The Scrafty|94/100 tox|[from] psn
|upkeep
|turn|3
|
|t:|1779831652
|move|p1a: The Scrafty|Bulk Up|p1a: The Scrafty
|-boost|p1a: The Scrafty|atk|1
|-boost|p1a: The Scrafty|def|1
|move|p2a: Clodsire|Recover|p2a: Clodsire
|-heal|p2a: Clodsire|96/100
|
|-heal|p1a: The Scrafty|100/100 tox|[from] item: Leftovers
|-damage|p1a: The Scrafty|88/100 tox|[from] psn
|upkeep
|turn|4
|
|t:|1779831658
|switch|p2a: Clefable|Clefable, F|100/100
|move|p1a: The Scrafty|Ice Punch|p2a: Clefable
|-damage|p2a: Clefable|48/100
|
|-heal|p1a: The Scrafty|94/100 tox|[from] item: Leftovers
|-damage|p1a: The Scrafty|76/100 tox|[from] psn
|upkeep
|turn|5
|
|t:|1779831666
|-terastallize|p1a: The Scrafty|Poison
|move|p2a: Clefable|Moonblast|p1a: The Scrafty
|-resisted|p1a: The Scrafty
|-damage|p1a: The Scrafty|56/100 tox
|move|p1a: The Scrafty|Knock Off|p2a: Clefable
|-resisted|p2a: Clefable
|-damage|p2a: Clefable|0 fnt
|-enditem|p2a: Clefable|Life Orb|[from] move: Knock Off|[of] p1a: The Scrafty
|faint|p2a: Clefable
|
|-activate|p1a: The Scrafty|ability: Shed Skin
|-curestatus|p1a: The Scrafty|tox|[msg]
|-heal|p1a: The Scrafty|62/100|[from] item: Leftovers
|upkeep
|
|t:|1779831670
|switch|p2a: Mabosstiff|Mabosstiff, M|100/100
|turn|6
|
|t:|1779831679
|move|p2a: Mabosstiff|Psychic Fangs|p1a: The Scrafty
|-supereffective|p1a: The Scrafty
|-damage|p1a: The Scrafty|34/100
|move|p1a: The Scrafty|Drain Punch|p2a: Mabosstiff
|-supereffective|p2a: Mabosstiff
|-damage|p2a: Mabosstiff|0 fnt
|-heal|p1a: The Scrafty|81/100|[from] drain|[of] p2a: Mabosstiff
|faint|p2a: Mabosstiff
|
|-heal|p1a: The Scrafty|87/100|[from] item: Leftovers
|upkeep
|-message|fattyboy1809 forfeited.
|
|win|TeamPlasmaGrunt704
|raw|TeamPlasmaGrunt704's rating: 1140 &rarr; <strong>1162</strong><br />(+22 for winning)
|raw|fattyboy1809's rating: 1099 &rarr; <strong>1077</strong><br />(-22 for losing)
|l|☆fattyboy1809
|player|p2|
