|j|☆dooozdzdz
|j|☆JacquesDeAlderberg
|t:|1779813123
|gametype|singles
|player|p1|dooozdzdz|tate|1670
|player|p2|JacquesDeAlderberg|170|1660
|gen|9
|tier|[Gen 9] OU
|rated|
|rule|HP Percentage Mod: HP is shown in percentages
|rule|Endless Battle Clause: Forcing endless battles is banned
|rule|Species Clause: Limit one of each Pokémon
|rule|OHKO Clause: OHKO moves are banned
|rule|Evasion Items Clause: Evasion items are banned
|rule|Evasion Moves Clause: Evasion moves are banned
|rule|Evasion Abilities Clause: Evasion abilities are banned
|rule|Sleep Moves Clause: Sleep-inducing moves are banned
|clearpoke
|poke|p1|Grimmsnarl, M|
|poke|p1|Veluza, F|
|poke|p1|Great Tusk|
|poke|p1|Dragonite, F|
|poke|p1|Iron Moth|
|poke|p1|Maushold|
|poke|p2|Iron Crown|
|poke|p2|Enamorus, F|
|poke|p2|Great Tusk|
|poke|p2|Probopass, M|
|poke|p2|Deoxys-Speed|
|poke|p2|Dragapult, M|
|teampreview
|
|t:|1779813138
|teamsize|p1|6
|teamsize|p2|6
|start
|switch|p1a: Grimmsnarl|Grimmsnarl, M|100/100
|switch|p2a: Deoxys|Deoxys-Speed|100/100
|-ability|p2a: Deoxys|Pressure
|turn|1
|
|t:|1779813143
|move|p1a: Grimmsnarl|Light Screen|p1a: Grimmsnarl
|-sidestart|p1: dooozdzdz|move: Light Screen
|move|p2a: Deoxys|Knock Off|p1a: Grimmsnarl
|-resisted|p1a: Grimmsnarl
|-damage|p1a: Grimmsnarl|92/100
|-enditem|p1a: Grimmsnarl|Light Clay|[from] move: Knock Off|[of] p2a: Deoxys
|
|upkeep
|turn|2
|
|t:|1779813151
|switch|p2a: Probopass|Probopass, M|100/100
|move|p1a: Grimmsnarl|Reflect|p1a: Grimmsnarl
|-sidestart|p1: dooozdzdz|Reflect
|
|upkeep
|turn|3
|
|t:|1779813154
|move|p1a: Grimmsnarl|Parting Shot|p2a: Probopass
|-unboost|p2a: Probopass|atk|1
|-unboost|p2a: Probopass|spa|1
|
|t:|1779813157
|switch|p1a: Great Tusk|Great Tusk|100/100|[from] Parting Shot
|-enditem|p1a: Great Tusk|Booster Energy
|-activate|p1a: Great Tusk|ability: Protosynthesis|[fromitem]
|-start|p1a: Great Tusk|protosynthesisspe
|move|p2a: Probopass|Volt Switch|p1a: Great Tusk
|-immune|p1a: Great Tusk
|
|upkeep
|turn|4
|
|t:|1779813166
|move|p1a: Great Tusk|Bulk Up|p1a: Great Tusk
|-boost|p1a: Great Tusk|atk|1
|-boost|p1a: Great Tusk|def|1
|move|p2a: Probopass|Stealth Rock|p1a: Great Tusk
|-sidestart|p1: dooozdzdz|move: Stealth Rock
|
|upkeep
|turn|5
|
|t:|1779813174
|switch|p2a: Enamorus|Enamorus, F|100/100
|move|p1a: Great Tusk|Earthquake|p2a: Enamorus
|-immune|p2a: Enamorus
|
|upkeep
|turn|6
|
|t:|1779813181
|switch|p2a: Probopass|Probopass, M|100/100
|move|p1a: Great Tusk|Stone Edge|p2a: Probopass
|-resisted|p2a: Probopass
|-damage|p2a: Probopass|87/100
|
|-sideend|p1: dooozdzdz|Reflect
|upkeep
|turn|7
|
|t:|1779813189
|move|p1a: Great Tusk|Stone Edge|p2a: Probopass
|-resisted|p2a: Probopass
|-damage|p2a: Probopass|74/100
|move|p2a: Probopass|Body Press|p1a: Great Tusk
|-damage|p1a: Great Tusk|86/100
|
|upkeep
|turn|8
|j| SUBMACHINEGOTH
|
|t:|1779813193
|switch|p2a: Enamorus|Enamorus, F|100/100
|move|p1a: Great Tusk|Bulk Up|p1a: Great Tusk
|-boost|p1a: Great Tusk|atk|1
|-boost|p1a: Great Tusk|def|1
|
|-sideend|p1: dooozdzdz|move: Light Screen
|upkeep
|turn|9
|
|t:|1779813199
|-terastallize|p1a: Great Tusk|Steel
|-terastallize|p2a: Enamorus|Ground
|move|p1a: Great Tusk|Stone Edge|p2a: Enamorus
|-resisted|p2a: Enamorus
|-crit|p2a: Enamorus
|-damage|p2a: Enamorus|33/100
|move|p2a: Enamorus|Moonblast|p1a: Great Tusk
|-resisted|p1a: Great Tusk
|-damage|p1a: Great Tusk|45/100
|
|upkeep
|turn|10
|
|t:|1779813219
|switch|p2a: Probopass|Probopass, M|74/100
|move|p1a: Great Tusk|Earthquake|p2a: Probopass
|-supereffective|p2a: Probopass
|-damage|p2a: Probopass|0 fnt
|faint|p2a: Probopass
|
|upkeep
|
|t:|1779813222
|switch|p2a: Deoxys|Deoxys-Speed|100/100
|-ability|p2a: Deoxys|Pressure
|turn|11
|
|t:|1779813227
|move|p2a: Deoxys|Psycho Boost|p1a: Great Tusk
|-resisted|p1a: Great Tusk
|-damage|p1a: Great Tusk|9/100
|-unboost|p2a: Deoxys|spa|2
|-enditem|p2a: Deoxys|Eject Pack
|
|t:|1779813231
|switch|p2a: Enamorus|Enamorus, F, tera:Ground|33/100
|move|p1a: Great Tusk|Earthquake|p2a: Enamorus
|-damage|p2a: Enamorus|0 fnt
|faint|p2a: Enamorus
|
|upkeep
|
|t:|1779813233
|switch|p2a: Deoxys|Deoxys-Speed|100/100
|-ability|p2a: Deoxys|Pressure
|turn|12
|
|t:|1779813235
|move|p2a: Deoxys|Ice Beam|p1a: Great Tusk
|-resisted|p1a: Great Tusk
|-damage|p1a: Great Tusk|0 fnt
|faint|p1a: Great Tusk
|-end|p1a: Great Tusk|Protosynthesis|[silent]
|
|upkeep
|
|t:|1779813242
|switch|p1a: Iron Moth|Iron Moth|100/100
|-damage|p1a: Iron Moth|76/100|[from] Stealth Rock
|-enditem|p1a: Iron Moth|Booster Energy
|-activate|p1a: Iron Moth|ability: Quark Drive|[fromitem]
|-start|p1a: Iron Moth|quarkdrivespe
|turn|13
|
|t:|1779813245
|move|p1a: Iron Moth|Substitute|p1a: Iron Moth
|-start|p1a: Iron Moth|Substitute
|-damage|p1a: Iron Moth|51/100
|move|p2a: Deoxys|Psycho Boost|p1a: Iron Moth
|-supereffective|p1a: Iron Moth
|-end|p1a: Iron Moth|Substitute
|-unboost|p2a: Deoxys|spa|2
|
|upkeep
|turn|14
|
|t:|1779813249
|move|p1a: Iron Moth|Substitute|p1a: Iron Moth
|-start|p1a: Iron Moth|Substitute
|-damage|p1a: Iron Moth|26/100
|move|p2a: Deoxys|Psycho Boost|p1a: Iron Moth
|-supereffective|p1a: Iron Moth
|-end|p1a: Iron Moth|Substitute
|-unboost|p2a: Deoxys|spa|2
|
|upkeep
|turn|15
|
|t:|1779813251
|move|p1a: Iron Moth|Fiery Dance|p2a: Deoxys
|-damage|p2a: Deoxys|30/100
|move|p2a: Deoxys|Psycho Boost|p1a: Iron Moth|[miss]
|-miss|p2a: Deoxys|p1a: Iron Moth
|
|upkeep
|turn|16
|
|t:|1779813255
|move|p1a: Iron Moth|Fiery Dance|p2a: Deoxys
|-damage|p2a: Deoxys|0 fnt
|faint|p2a: Deoxys
|
|upkeep
|
|t:|1779813258
|switch|p2a: Dragapult|Dragapult, M|100/100
|turn|17
|
|t:|1779813260
|move|p1a: Iron Moth|Dazzling Gleam|p2a: Dragapult
|-supereffective|p2a: Dragapult
|-damage|p2a: Dragapult|27/100
|move|p2a: Dragapult|Dragon Dance|p2a: Dragapult
|-boost|p2a: Dragapult|atk|1
|-boost|p2a: Dragapult|spe|1
|
|-heal|p2a: Dragapult|33/100|[from] item: Leftovers
|upkeep
|turn|18
|
|t:|1779813266
|move|p2a: Dragapult|Dragon Darts|p1a: Iron Moth
|-damage|p1a: Iron Moth|0 fnt
|faint|p1a: Iron Moth
|-end|p1a: Iron Moth|Quark Drive|[silent]
|
|-heal|p2a: Dragapult|39/100|[from] item: Leftovers
|upkeep
|
|t:|1779813269
|switch|p1a: Grimmsnarl|Grimmsnarl, M|92/100
|-damage|p1a: Grimmsnarl|80/100|[from] Stealth Rock
|turn|19
|
|t:|1779813274
|move|p1a: Grimmsnarl|Reflect|p1a: Grimmsnarl
|-sidestart|p1: dooozdzdz|Reflect
|move|p2a: Dragapult|Dragon Dance|p2a: Dragapult
|-boost|p2a: Dragapult|atk|1
|-boost|p2a: Dragapult|spe|1
|
|-heal|p2a: Dragapult|45/100|[from] item: Leftovers
|upkeep
|turn|20
|
|t:|1779813276
|move|p2a: Dragapult|Substitute|p2a: Dragapult
|-start|p2a: Dragapult|Substitute
|-damage|p2a: Dragapult|20/100
|move|p1a: Grimmsnarl|Spirit Break|p2a: Dragapult
|-supereffective|p2a: Dragapult
|-end|p2a: Dragapult|Substitute
|
|-heal|p2a: Dragapult|26/100|[from] item: Leftovers
|upkeep
|turn|21
|
|t:|1779813282
|move|p2a: Dragapult|Phantom Force||[still]
|-prepare|p2a: Dragapult|Phantom Force
|move|p1a: Grimmsnarl|Spirit Break|p2a: Dragapult|[miss]
|-miss|p1a: Grimmsnarl|p2a: Dragapult
|
|-heal|p2a: Dragapult|32/100|[from] item: Leftovers
|upkeep
|turn|22
|
|t:|1779813285
|move|p2a: Dragapult|Phantom Force|p1a: Grimmsnarl|[from] lockedmove
|-resisted|p1a: Grimmsnarl
|-damage|p1a: Grimmsnarl|18/100
|move|p1a: Grimmsnarl|Spirit Break|p2a: Dragapult
|-supereffective|p2a: Dragapult
|-damage|p2a: Dragapult|0 fnt
|faint|p2a: Dragapult
|
|upkeep
|
|t:|1779813291
|switch|p2a: Iron Crown|Iron Crown|100/100
|-enditem|p2a: Iron Crown|Booster Energy
|-activate|p2a: Iron Crown|ability: Quark Drive|[fromitem]
|-start|p2a: Iron Crown|quarkdrivespe
|turn|23
|
|t:|1779813297
|move|p1a: Grimmsnarl|Parting Shot|p2a: Iron Crown
|-unboost|p2a: Iron Crown|atk|1
|-unboost|p2a: Iron Crown|spa|1
|
|t:|1779813301
|switch|p1a: Dragonite|Dragonite, F|100/100|[from] Parting Shot
|move|p2a: Iron Crown|Calm Mind|p2a: Iron Crown
|-boost|p2a: Iron Crown|spa|1
|-boost|p2a: Iron Crown|spd|1
|
|-sideend|p1: dooozdzdz|Reflect
|upkeep
|turn|24
|
|t:|1779813310
|move|p2a: Iron Crown|Tachyon Cutter|p1a: Dragonite
|-damage|p1a: Dragonite|87/100
|-damage|p1a: Dragonite|64/100
|-hitcount|p1a: Dragonite|2
|move|p1a: Dragonite|Earthquake|p2a: Iron Crown
|-supereffective|p2a: Iron Crown
|-damage|p2a: Iron Crown|24/100
|
|upkeep
|turn|25
|
|t:|1779813317
|move|p2a: Iron Crown|Tachyon Cutter|p1a: Dragonite
|-damage|p1a: Dragonite|38/100
|-damage|p1a: Dragonite|15/100
|-hitcount|p1a: Dragonite|2
|move|p1a: Dragonite|Earthquake|p2a: Iron Crown
|-supereffective|p2a: Iron Crown
|-damage|p2a: Iron Crown|0 fnt
|faint|p2a: Iron Crown
|-end|p2a: Iron Crown|Quark Drive|[silent]
|
|upkeep
|
|t:|1779813321
|switch|p2a: Great Tusk|Great Tusk|100/100
|-enditem|p2a: Great Tusk|Booster Energy
|-activate|p2a: Great Tusk|ability: Protosynthesis|[fromitem]
|-start|p2a: Great Tusk|protosynthesisspe
|turn|26
|
|t:|1779813326
|move|p2a: Great Tusk|Bulk Up|p2a: Great Tusk
|-boost|p2a: Great Tusk|atk|1
|-boost|p2a: Great Tusk|def|1
|move|p1a: Dragonite|Ice Spinner|p2a: Great Tusk
|-supereffective|p2a: Great Tusk
|-damage|p2a: Great Tusk|73/100
|
|upkeep
|turn|27
|
|t:|1779813329
|move|p2a: Great Tusk|Bulk Up|p2a: Great Tusk
|-boost|p2a: Great Tusk|atk|1
|-boost|p2a: Great Tusk|def|1
|move|p1a: Dragonite|Ice Spinner|p2a: Great Tusk
|-supereffective|p2a: Great Tusk
|-damage|p2a: Great Tusk|53/100
|
|upkeep
|turn|28
|
|t:|1779813335
|switch|p1a: Grimmsnarl|Grimmsnarl, M|18/100
|-damage|p1a: Grimmsnarl|6/100|[from] Stealth Rock
|move|p2a: Great Tusk|Rapid Spin|p1a: Grimmsnarl
|-damage|p1a: Grimmsnarl|0 fnt
|-boost|p2a: Great Tusk|spe|1
|faint|p1a: Grimmsnarl
|
|upkeep
|
|t:|1779813342
|switch|p1a: Veluza|Veluza, F|100/100
|-damage|p1a: Veluza|88/100|[from] Stealth Rock
|-ability|p1a: Veluza|Mold Breaker
|turn|29
|-message|dooozdzdz forfeited.
|
|win|JacquesDeAlderberg
|raw|dooozdzdz's rating: 1670 &rarr; <strong>1649</strong><br />(-21 for losing)
|raw|JacquesDeAlderberg's rating: 1660 &rarr; <strong>1681</strong><br />(+21 for winning)
|l|☆dooozdzdz
|player|p1|
|l|☆JacquesDeAlderberg
|player|p2|
