|j|☆Kaltaris83
|j|☆Flinchouille
|t:|1779889241
|gametype|singles
|player|p1|Kaltaris83|psychic|1580
|player|p2|Flinchouille|pokemaniac|1565
|gen|9
|tier|[Gen 9] OU
|rated|
|rule|HP Percentage Mod: HP is shown in percentages
|rule|Endless Battle Clause: Forcing endless battles is banned
|rule|Species Clause: Limit one of each Pokémon
|rule|OHKO Clause: OHKO moves are banned
|rule|Evasion Items Clause: Evasion items are banned
|rule|Evasion Moves Clause: Evasion moves are banned
|rule|Evasion Abilities Clause: Evasion abilities are banned
|rule|Sleep Moves Clause: Sleep-inducing moves are banned
|clearpoke
|poke|p1|Garchomp, M|
|poke|p1|Tyranitar, M|
|poke|p1|Skarmory, M|
|poke|p1|Moltres-Galar|
|poke|p1|Talonflame, F|
|poke|p1|Deoxys-Speed|
|poke|p2|Samurott-Hisui, F|
|poke|p2|Landorus-Therian, M|
|poke|p2|Zamazenta-*|
|poke|p2|Gholdengo|
|poke|p2|Slowking-Galar, M|
|poke|p2|Kyurem|
|teampreview
|inactive|Battle timer is ON: inactive players will automatically lose when time's up. (requested by Kaltaris83)
|
|t:|1779889265
|teamsize|p1|6
|teamsize|p2|6
|start
|switch|p1a: Garchomp|Garchomp, M|100/100
|switch|p2a: Kyurem|Kyurem|100/100
|-ability|p2a: Kyurem|Pressure
|turn|1
|
|t:|1779889269
|move|p1a: Garchomp|Scale Shot|p2a: Kyurem
|-supereffective|p2a: Kyurem
|-damage|p2a: Kyurem|77/100
|-supereffective|p2a: Kyurem
|-damage|p2a: Kyurem|54/100
|-supereffective|p2a: Kyurem
|-damage|p2a: Kyurem|29/100
|-supereffective|p2a: Kyurem
|-damage|p2a: Kyurem|5/100
|-supereffective|p2a: Kyurem
|-damage|p2a: Kyurem|0 fnt
|faint|p2a: Kyurem
|-hitcount|p2: Kyurem|5
|-unboost|p1a: Garchomp|def|1
|-boost|p1a: Garchomp|spe|1
|
|upkeep
|
|t:|1779889287
|switch|p2a: Landorus|Landorus-Therian, M|100/100
|-ability|p2a: Landorus|Intimidate|boost
|-unboost|p1a: Garchomp|atk|1
|turn|2
|
|t:|1779889296
|switch|p1a: Talonflame|Talonflame, F|100/100
|move|p2a: Landorus|Stealth Rock|p1a: Talonflame
|-sidestart|p1: Kaltaris83|move: Stealth Rock
|
|upkeep
|turn|3
|
|t:|1779889307
|switch|p2a: Slowking|Slowking-Galar, M, shiny|100/100
|move|p1a: Talonflame|Defog|p2a: Slowking
|-unboost|p2a: Slowking|evasion|1
|-sideend|p1: Kaltaris83|Stealth Rock|[from] move: Defog|[of] p1a: Talonflame
|
|upkeep
|turn|4
|
|t:|1779889313
|move|p1a: Talonflame|U-turn|p2a: Slowking
|-damage|p2a: Slowking|83/100
|
|t:|1779889315
|switch|p1a: Tyranitar|Tyranitar, M, shiny|100/100|[from] U-turn
|-weather|Sandstorm|[from] ability: Sand Stream|[of] p1a: Tyranitar
|move|p2a: Slowking|Toxic|p1a: Tyranitar
|-status|p1a: Tyranitar|tox
|
|-weather|Sandstorm|[upkeep]
|-damage|p2a: Slowking|77/100|[from] Sandstorm
|-heal|p2a: Slowking|83/100|[from] item: Leftovers
|-damage|p1a: Tyranitar|94/100 tox|[from] psn
|upkeep
|turn|5
|
|t:|1779889319
|switch|p2a: Landorus|Landorus-Therian, M|100/100
|-ability|p2a: Landorus|Intimidate|boost
|-unboost|p1a: Tyranitar|atk|1
|move|p1a: Tyranitar|Knock Off|p2a: Landorus
|-damage|p2a: Landorus|51/100
|-damage|p1a: Tyranitar|78/100 tox|[from] item: Rocky Helmet|[of] p2a: Landorus
|-enditem|p2a: Landorus|Rocky Helmet|[from] move: Knock Off|[of] p1a: Tyranitar
|-damage|p1a: Tyranitar|68/100 tox|[from] item: Life Orb
|
|-weather|Sandstorm|[upkeep]
|-damage|p1a: Tyranitar|56/100 tox|[from] psn
|upkeep
|turn|6
|
|t:|1779889327
|switch|p1a: Talonflame|Talonflame, F|100/100
|move|p2a: Landorus|Earth Power|p1a: Talonflame
|-immune|p1a: Talonflame
|
|-weather|Sandstorm|[upkeep]
|-damage|p1a: Talonflame|94/100|[from] Sandstorm
|upkeep
|turn|7
|
|t:|1779889333
|move|p1a: Talonflame|Flare Blitz|p2a: Landorus
|-damage|p2a: Landorus|8/100
|-damage|p1a: Talonflame|77/100|[from] Recoil
|move|p2a: Landorus|Stealth Rock|p1a: Talonflame
|-sidestart|p1: Kaltaris83|move: Stealth Rock
|
|-weather|Sandstorm|[upkeep]
|-damage|p1a: Talonflame|71/100|[from] Sandstorm
|upkeep
|turn|8
|
|t:|1779889346
|move|p1a: Talonflame|Flare Blitz|p2a: Landorus
|-damage|p2a: Landorus|0 fnt
|faint|p2a: Landorus
|-damage|p1a: Talonflame|67/100|[from] Recoil
|
|-weather|none
|upkeep
|
|t:|1779889348
|switch|p2a: Samurott|Samurott-Hisui, F|100/100
|turn|9
|
|t:|1779889352
|move|p1a: Talonflame|U-turn|p2a: Samurott
|-supereffective|p2a: Samurott
|-damage|p2a: Samurott|56/100
|
|t:|1779889353
|switch|p1a: Skarmory|Skarmory, M, shiny|100/100|[from] U-turn
|-damage|p1a: Skarmory|88/100|[from] Stealth Rock
|move|p2a: Samurott|Ceaseless Edge|p1a: Skarmory
|-damage|p1a: Skarmory|63/100
|-sidestart|p1: Kaltaris83|Spikes
|
|-heal|p1a: Skarmory|69/100|[from] item: Leftovers
|upkeep
|turn|10
|
|t:|1779889361
|move|p2a: Samurott|Ceaseless Edge|p1a: Skarmory|[miss]
|-miss|p2a: Samurott|p1a: Skarmory
|move|p1a: Skarmory|Body Press|p2a: Samurott
|-supereffective|p2a: Samurott
|-damage|p2a: Samurott|0 fnt
|faint|p2a: Samurott
|
|-heal|p1a: Skarmory|75/100|[from] item: Leftovers
|upkeep
|
|t:|1779889365
|switch|p2a: Gholdengo|Gholdengo|100/100
|turn|11
|
|t:|1779889385
|switch|p1a: Garchomp|Garchomp, M|100/100
|-damage|p1a: Garchomp|94/100|[from] Stealth Rock
|-damage|p1a: Garchomp|82/100|[from] Spikes
|move|p2a: Gholdengo|Trick|p1a: Garchomp
|-activate|p2a: Gholdengo|move: Trick|[of] p1a: Garchomp
|-item|p1a: Garchomp|Choice Scarf|[from] move: Trick
|-item|p2a: Gholdengo|Loaded Dice|[from] move: Trick
|
|upkeep
|turn|12
|
|t:|1779889392
|switch|p2a: Zamazenta|Zamazenta|100/100
|-ability|p2a: Zamazenta|Dauntless Shield|boost
|-boost|p2a: Zamazenta|def|1
|move|p1a: Garchomp|Earthquake|p2a: Zamazenta
|-damage|p2a: Zamazenta|68/100
|
|upkeep
|turn|13
|
|t:|1779889406
|switch|p1a: Talonflame|Talonflame, F|67/100
|move|p2a: Zamazenta|Stone Edge|p1a: Talonflame
|-supereffective|p1a: Talonflame
|-damage|p1a: Talonflame|0 fnt
|faint|p1a: Talonflame
|-damage|p2a: Zamazenta|58/100|[from] item: Life Orb
|
|upkeep
|
|t:|1779889414
|switch|p1a: Deoxys|Deoxys-Speed|100/100
|-damage|p1a: Deoxys|88/100|[from] Stealth Rock
|-damage|p1a: Deoxys|76/100|[from] Spikes
|-ability|p1a: Deoxys|Pressure
|turn|14
|
|t:|1779889418
|-terastallize|p2a: Zamazenta|Dark
|move|p1a: Deoxys|Thunder Wave|p2a: Zamazenta
|-status|p2a: Zamazenta|par
|cant|p2a: Zamazenta|par
|
|upkeep
|turn|15
|
|t:|1779889422
|move|p1a: Deoxys|Meteor Beam||[still]
|-prepare|p1a: Deoxys|Meteor Beam
|-boost|p1a: Deoxys|spa|1
|-enditem|p1a: Deoxys|Power Herb
|-anim|p1a: Deoxys|Meteor Beam|p2a: Zamazenta
|-damage|p2a: Zamazenta|8/100 par
|cant|p2a: Zamazenta|par
|
|upkeep
|turn|16
|
|t:|1779889427
|move|p1a: Deoxys|Ice Beam|p2a: Zamazenta
|-damage|p2a: Zamazenta|0 fnt
|faint|p2a: Zamazenta
|
|upkeep
|
|t:|1779889429
|switch|p2a: Gholdengo|Gholdengo|100/100
|turn|17
|
|t:|1779889432
|move|p1a: Deoxys|Psycho Boost|p2a: Gholdengo
|-resisted|p2a: Gholdengo
|-damage|p2a: Gholdengo|42/100
|-unboost|p1a: Deoxys|spa|2
|move|p2a: Gholdengo|Shadow Ball|p1a: Deoxys
|-supereffective|p1a: Deoxys
|-damage|p1a: Deoxys|0 fnt
|faint|p1a: Deoxys
|
|upkeep
|
|t:|1779889434
|switch|p1a: Garchomp|Garchomp, M|82/100
|-damage|p1a: Garchomp|76/100|[from] Stealth Rock
|-damage|p1a: Garchomp|64/100|[from] Spikes
|turn|18
|
|t:|1779889439
|move|p1a: Garchomp|Earthquake|p2a: Gholdengo
|-supereffective|p2a: Gholdengo
|-damage|p2a: Gholdengo|0 fnt
|faint|p2a: Gholdengo
|
|upkeep
|
|t:|1779889441
|switch|p2a: Slowking|Slowking-Galar, M, shiny|100/100
|turn|19
|
|t:|1779889444
|move|p1a: Garchomp|Earthquake|p2a: Slowking
|-supereffective|p2a: Slowking
|-damage|p2a: Slowking|0 fnt
|faint|p2a: Slowking
|
|win|Kaltaris83
|raw|Kaltaris83's rating: 1561 &rarr; <strong>1581</strong><br />(+20 for winning)
|raw|Flinchouille's rating: 1565 &rarr; <strong>1545</strong><br />(-20 for losing)
|l|☆Kaltaris83
|player|p1|
