|j|☆firered27
|j|‽BaxleyTheBomb
|t:|1779805452
|gametype|singles
|player|p1|firered27|170|1221
|player|p2|BaxleyTheBomb|janitor|1172
|gen|9
|tier|[Gen 9] OU
|rated|
|rule|HP Percentage Mod: HP is shown in percentages
|rule|Endless Battle Clause: Forcing endless battles is banned
|rule|Species Clause: Limit one of each Pokémon
|rule|OHKO Clause: OHKO moves are banned
|rule|Evasion Items Clause: Evasion items are banned
|rule|Evasion Moves Clause: Evasion moves are banned
|rule|Evasion Abilities Clause: Evasion abilities are banned
|rule|Sleep Moves Clause: Sleep-inducing moves are banned
|clearpoke
|poke|p1|Vivillon-Pokeball, M|
|poke|p1|Ogerpon-Wellspring, F|
|poke|p1|Ninetales-Alola, F|
|poke|p1|Dragonite, F|
|poke|p1|Great Tusk|
|poke|p1|Hatterene, F|
|poke|p2|Milotic, M|
|poke|p2|Sceptile, M|
|poke|p2|Dusclops, M|
|poke|p2|Seviper, F|
|poke|p2|Deoxys-Speed|
|poke|p2|Salamence, F|
|teampreview
|inactive|Battle timer is ON: inactive players will automatically lose when time's up. (requested by firered27)
|
|t:|1779805459
|teamsize|p1|6
|teamsize|p2|6
|start
|switch|p1a: Ninetales|Ninetales-Alola, F|100/100
|switch|p2a: Sceptile|Sceptile, M|100/100
|-weather|Snowscape|[from] ability: Snow Warning|[of] p1a: Ninetales
|turn|1
|
|t:|1779805466
|move|p1a: Ninetales|Aurora Veil|p1a: Ninetales
|-sidestart|p1: firered27|move: Aurora Veil
|move|p2a: Sceptile|Roar|p1a: Ninetales
|-enditem|p2a: Sceptile|Throat Spray
|-boost|p2a: Sceptile|spa|1|[from] item: Throat Spray
|drag|p1a: Ogerpon|Ogerpon-Wellspring, F|100/100
|
|-weather|Snowscape|[upkeep]
|upkeep
|turn|2
|
|t:|1779805488
|switch|p1a: Dragonite|Dragonite, F|100/100
|move|p2a: Sceptile|Giga Drain|p1a: Dragonite
|-resisted|p1a: Dragonite
|-damage|p1a: Dragonite|97/100
|
|-weather|Snowscape|[upkeep]
|upkeep
|turn|3
|
|t:|1779805496
|move|p2a: Sceptile|Dragon Pulse|p1a: Dragonite
|-supereffective|p1a: Dragonite
|-damage|p1a: Dragonite|53/100
|move|p1a: Dragonite|Dragon Dance|p1a: Dragonite
|-boost|p1a: Dragonite|atk|1
|-boost|p1a: Dragonite|spe|1
|
|-weather|Snowscape|[upkeep]
|upkeep
|turn|4
|
|t:|1779805508
|-terastallize|p1a: Dragonite|Normal
|move|p1a: Dragonite|Extreme Speed|p2a: Sceptile
|-damage|p2a: Sceptile|0 fnt
|faint|p2a: Sceptile
|
|-weather|Snowscape|[upkeep]
|upkeep
|
|t:|1779805517
|switch|p2a: Dusclops|Dusclops, M|100/100
|-ability|p2a: Dusclops|Pressure
|turn|5
|
|t:|1779805522
|move|p1a: Dragonite|Dragon Dance|p1a: Dragonite
|-boost|p1a: Dragonite|atk|1
|-boost|p1a: Dragonite|spe|1
|move|p2a: Dusclops|Will-O-Wisp|p1a: Dragonite
|-status|p1a: Dragonite|brn
|
|-weather|none
|-damage|p1a: Dragonite|47/100 brn|[from] brn
|upkeep
|turn|6
|
|t:|1779805534
|move|p2a: Dusclops|Protect|p2a: Dusclops
|-singleturn|p2a: Dusclops|Protect
|move|p1a: Dragonite|Dragon Dance|p1a: Dragonite
|-boost|p1a: Dragonite|atk|1
|-boost|p1a: Dragonite|spe|1
|
|-damage|p1a: Dragonite|41/100 brn|[from] brn
|upkeep
|turn|7
|
|t:|1779805553
|move|p2a: Dusclops|Protect|p2a: Dusclops
|-singleturn|p2a: Dusclops|Protect
|move|p1a: Dragonite|Dragon Dance|p1a: Dragonite
|-boost|p1a: Dragonite|atk|1
|-boost|p1a: Dragonite|spe|1
|
|-damage|p1a: Dragonite|35/100 brn|[from] brn
|upkeep
|turn|8
|
|t:|1779805563
|move|p1a: Dragonite|Ice Spinner|p2a: Dusclops
|-damage|p2a: Dusclops|73/100
|move|p2a: Dusclops|Night Shade|p1a: Dragonite
|-immune|p1a: Dragonite
|
|-damage|p1a: Dragonite|28/100 brn|[from] brn
|-sideend|p1: firered27|move: Aurora Veil
|upkeep
|turn|9
|
|t:|1779805575
|move|p2a: Dusclops|Protect|p2a: Dusclops
|-singleturn|p2a: Dusclops|Protect
|move|p1a: Dragonite|Dragon Dance|p1a: Dragonite
|-boost|p1a: Dragonite|atk|1
|-boost|p1a: Dragonite|spe|1
|
|-damage|p1a: Dragonite|22/100 brn|[from] brn
|upkeep
|turn|10
|
|t:|1779805589
|move|p1a: Dragonite|Earthquake|p2a: Dusclops
|-damage|p2a: Dusclops|31/100
|move|p2a: Dusclops|Will-O-Wisp|p1a: Dragonite|[miss]
|-miss|p2a: Dusclops|p1a: Dragonite
|
|-damage|p1a: Dragonite|16/100 brn|[from] brn
|upkeep
|turn|11
|
|t:|1779805598
|move|p2a: Dusclops|Protect|p2a: Dusclops
|-singleturn|p2a: Dusclops|Protect
|move|p1a: Dragonite|Dragon Dance|p1a: Dragonite
|-boost|p1a: Dragonite|atk|1
|-boost|p1a: Dragonite|spe|1
|
|-damage|p1a: Dragonite|10/100 brn|[from] brn
|upkeep
|turn|12
|
|t:|1779805607
|switch|p2a: Salamence|Salamence, F|100/100
|move|p1a: Dragonite|Earthquake|p2a: Salamence
|-immune|p2a: Salamence
|
|-damage|p1a: Dragonite|4/100 brn|[from] brn
|upkeep
|turn|13
|
|t:|1779805615
|switch|p2a: Dusclops|Dusclops, M|31/100
|-ability|p2a: Dusclops|Pressure
|move|p1a: Dragonite|Ice Spinner|p2a: Dusclops
|-damage|p2a: Dusclops|0 fnt
|faint|p2a: Dusclops
|
|-damage|p1a: Dragonite|0 fnt|[from] brn
|faint|p1a: Dragonite
|upkeep
|
|t:|1779805627
|switch|p1a: Ninetales|Ninetales-Alola, F|100/100
|switch|p2a: Seviper|Seviper, F|100/100
|-weather|Snowscape|[from] ability: Snow Warning|[of] p1a: Ninetales
|turn|14
|
|t:|1779805637
|switch|p1a: Great Tusk|Great Tusk|100/100
|-enditem|p1a: Great Tusk|Booster Energy
|-activate|p1a: Great Tusk|ability: Protosynthesis|[fromitem]
|-start|p1a: Great Tusk|protosynthesisspe
|move|p2a: Seviper|Trailblaze|p1a: Great Tusk
|-supereffective|p1a: Great Tusk
|-damage|p1a: Great Tusk|79/100
|-boost|p2a: Seviper|spe|1
|
|-weather|Snowscape|[upkeep]
|upkeep
|turn|15
|
|t:|1779805659
|switch|p2a: Salamence|Salamence, F|100/100
|move|p1a: Great Tusk|Headlong Rush|p2a: Salamence
|-immune|p2a: Salamence
|
|-weather|Snowscape|[upkeep]
|upkeep
|turn|16
|
|t:|1779805674
|-terastallize|p2a: Salamence|Fire
|move|p1a: Great Tusk|Ice Spinner|p2a: Salamence
|-resisted|p2a: Salamence
|-damage|p2a: Salamence|87/100
|move|p2a: Salamence|Outrage|p1a: Great Tusk
|-damage|p1a: Great Tusk|39/100
|
|-weather|Snowscape|[upkeep]
|upkeep
|turn|17
|
|t:|1779805684
|move|p1a: Great Tusk|Headlong Rush|p2a: Salamence
|-supereffective|p2a: Salamence
|-damage|p2a: Salamence|0 fnt
|-unboost|p1a: Great Tusk|def|1
|-unboost|p1a: Great Tusk|spd|1
|faint|p2a: Salamence
|
|-weather|Snowscape|[upkeep]
|upkeep
|inactive|BaxleyTheBomb has 120 seconds left.
|
|t:|1779805696
|switch|p2a: Deoxys|Deoxys-Speed|100/100
|-ability|p2a: Deoxys|Pressure
|turn|18
|
|t:|1779805705
|move|p2a: Deoxys|Ice Punch|p1a: Great Tusk
|-supereffective|p1a: Great Tusk
|-damage|p1a: Great Tusk|0 fnt
|faint|p1a: Great Tusk
|-end|p1a: Great Tusk|Protosynthesis|[silent]
|
|-weather|none
|upkeep
|
|t:|1779805713
|switch|p1a: Ninetales|Ninetales-Alola, F|100/100
|-weather|Snowscape|[from] ability: Snow Warning|[of] p1a: Ninetales
|turn|19
|
|t:|1779805718
|switch|p2a: Seviper|Seviper, F|100/100
|move|p1a: Ninetales|Aurora Veil|p1a: Ninetales
|-sidestart|p1: firered27|move: Aurora Veil
|
|-weather|Snowscape|[upkeep]
|upkeep
|turn|20
|
|t:|1779805735
|switch|p1a: Vivillon|Vivillon-Pokeball, M|100/100
|move|p2a: Seviper|Gunk Shot|p1a: Vivillon
|-damage|p1a: Vivillon|0 fnt
|faint|p1a: Vivillon
|
|-weather|Snowscape|[upkeep]
|upkeep
|
|t:|1779805744
|switch|p1a: Hatterene|Hatterene, F|100/100
|turn|21
|
|t:|1779805748
|move|p2a: Seviper|Gunk Shot|p1a: Hatterene
|-supereffective|p1a: Hatterene
|-damage|p1a: Hatterene|0 fnt
|faint|p1a: Hatterene
|
|-weather|Snowscape|[upkeep]
|upkeep
|
|t:|1779805757
|switch|p1a: Ogerpon|Ogerpon-Wellspring, F|100/100
|turn|22
|
|t:|1779805760
|move|p1a: Ogerpon|Substitute|p1a: Ogerpon
|-start|p1a: Ogerpon|Substitute
|-damage|p1a: Ogerpon|76/100
|move|p2a: Seviper|Gunk Shot|p1a: Ogerpon
|-supereffective|p1a: Ogerpon
|-damage|p1a: Ogerpon|0 fnt
|faint|p1a: Ogerpon
|
|-weather|Snowscape|[upkeep]
|upkeep
|
|t:|1779805766
|switch|p1a: Ninetales|Ninetales-Alola, F|100/100
|turn|23
|
|t:|1779805772
|move|p1a: Ninetales|Freeze-Dry|p2a: Seviper
|-crit|p2a: Seviper
|-damage|p2a: Seviper|72/100
|move|p2a: Seviper|Gunk Shot|p1a: Ninetales
|-supereffective|p1a: Ninetales
|-damage|p1a: Ninetales|4/100
|-status|p1a: Ninetales|psn
|
|-weather|none
|-damage|p1a: Ninetales|0 fnt|[from] psn
|faint|p1a: Ninetales
|
|win|BaxleyTheBomb
|raw|firered27's rating: 1221 &rarr; <strong>1192</strong><br />(-29 for losing)
|raw|BaxleyTheBomb's rating: 1172 &rarr; <strong>1201</strong><br />(+29 for winning)
|l|☆firered27
|player|p1|
|l|‽BaxleyTheBomb
|player|p2|
