|j|☆santa liga
|j|☆Chinatownz
|t:|1779894465
|gametype|singles
|player|p1|santa liga|n|1372
|player|p2|Chinatownz|fisherman-gen4|1330
|gen|9
|tier|[Gen 9] OU
|rated|
|rule|HP Percentage Mod: HP is shown in percentages
|rule|Endless Battle Clause: Forcing endless battles is banned
|rule|Species Clause: Limit one of each Pokémon
|rule|OHKO Clause: OHKO moves are banned
|rule|Evasion Items Clause: Evasion items are banned
|rule|Evasion Moves Clause: Evasion moves are banned
|rule|Evasion Abilities Clause: Evasion abilities are banned
|rule|Sleep Moves Clause: Sleep-inducing moves are banned
|clearpoke
|poke|p1|Ursaluna, F|
|poke|p1|Dragonite, M|
|poke|p1|Skeledirge, F|
|poke|p1|Kingambit, M|
|poke|p1|Rillaboom, F|
|poke|p1|Deoxys-Speed|
|poke|p2|Pelipper, M|
|poke|p2|Landorus-Therian, M|
|poke|p2|Barraskewda, F|
|poke|p2|Iron Treads|
|poke|p2|Regieleki|
|poke|p2|Shaymin|
|teampreview
|inactive|Battle timer is ON: inactive players will automatically lose when time's up. (requested by Chinatownz)
|
|t:|1779894479
|teamsize|p1|6
|teamsize|p2|6
|start
|switch|p1a: Deoxys|Deoxys-Speed|100/100
|switch|p2a: Landorus|Landorus-Therian, M|100/100
|-ability|p1a: Deoxys|Pressure
|-ability|p2a: Landorus|Intimidate|boost
|-unboost|p1a: Deoxys|atk|1
|turn|1
|
|t:|1779894483
|move|p1a: Deoxys|Reflect|p1a: Deoxys
|-sidestart|p1: santa liga|Reflect
|move|p2a: Landorus|U-turn|p1a: Deoxys
|-supereffective|p1a: Deoxys
|-damage|p1a: Deoxys|76/100
|
|t:|1779894492
|switch|p2a: Regieleki|Regieleki, shiny|100/100|[from] U-turn
|
|upkeep
|turn|2
|
|t:|1779894506
|move|p2a: Regieleki|Thunder|p1a: Deoxys|[miss]
|-miss|p2a: Regieleki|p1a: Deoxys
|move|p1a: Deoxys|Light Screen|p1a: Deoxys
|-sidestart|p1: santa liga|move: Light Screen
|
|upkeep
|turn|3
|
|t:|1779894509
|switch|p2a: Pelipper|Pelipper, M|100/100
|-weather|RainDance|[from] ability: Drizzle|[of] p2a: Pelipper
|move|p1a: Deoxys|Psycho Boost|p2a: Pelipper|[miss]
|-miss|p1a: Deoxys|p2a: Pelipper
|
|-weather|RainDance|[upkeep]
|upkeep
|turn|4
|
|t:|1779894517
|move|p1a: Deoxys|Taunt|p2a: Pelipper
|-start|p2a: Pelipper|move: Taunt
|cant|p2a: Pelipper|move: Taunt|Roost
|
|-weather|RainDance|[upkeep]
|upkeep
|turn|5
|
|t:|1779894524
|move|p1a: Deoxys|Psycho Boost|p2a: Pelipper
|-damage|p2a: Pelipper|31/100
|-unboost|p1a: Deoxys|spa|2
|move|p2a: Pelipper|U-turn|p1a: Deoxys
|-supereffective|p1a: Deoxys
|-damage|p1a: Deoxys|66/100
|
|t:|1779894528
|switch|p2a: Barraskewda|Barraskewda, F|100/100|[from] U-turn
|
|-weather|RainDance|[upkeep]
|upkeep
|turn|6
|
|t:|1779894533
|switch|p1a: Chango|Rillaboom, F, shiny|100/100
|-fieldstart|move: Grassy Terrain|[from] ability: Grassy Surge|[of] p1a: Chango
|-terastallize|p2a: Barraskewda|Water
|move|p2a: Barraskewda|Liquidation|p1a: Chango
|-resisted|p1a: Chango
|-damage|p1a: Chango|70/100
|
|-weather|RainDance|[upkeep]
|-heal|p1a: Chango|76/100|[from] Grassy Terrain
|upkeep
|turn|7
|
|t:|1779894538
|switch|p2a: Shaymin|Shaymin|100/100
|move|p1a: Chango|Grassy Glide|p2a: Shaymin
|-resisted|p2a: Shaymin
|-damage|p2a: Shaymin|83/100
|
|-weather|RainDance|[upkeep]
|-heal|p2a: Shaymin|89/100|[from] Grassy Terrain
|-heal|p2a: Shaymin|95/100|[from] item: Leftovers
|-heal|p1a: Chango|82/100|[from] Grassy Terrain
|upkeep
|turn|8
|
|t:|1779894542
|move|p2a: Shaymin|Protect|p2a: Shaymin
|-singleturn|p2a: Shaymin|Protect
|move|p1a: Chango|U-turn|p2a: Shaymin
|-activate|p2a: Shaymin|move: Protect
|
|-weather|RainDance|[upkeep]
|-heal|p2a: Shaymin|100/100|[from] Grassy Terrain
|-heal|p1a: Chango|88/100|[from] Grassy Terrain
|-sideend|p1: santa liga|Reflect
|upkeep
|turn|9
|
|t:|1779894548
|switch|p2a: Landorus|Landorus-Therian, M|100/100
|-ability|p2a: Landorus|Intimidate|boost
|-unboost|p1a: Chango|atk|1
|move|p1a: Chango|U-turn|p2a: Landorus
|-resisted|p2a: Landorus
|-damage|p2a: Landorus|90/100
|
|t:|1779894553
|switch|p1a: Gordito|Dragonite, M|100/100|[from] U-turn
|
|-weather|RainDance|[upkeep]
|-sideend|p1: santa liga|move: Light Screen
|upkeep
|turn|10
|
|t:|1779894558
|move|p2a: Landorus|U-turn|p1a: Gordito
|-resisted|p1a: Gordito
|-crit|p1a: Gordito
|-damage|p1a: Gordito|92/100
|
|t:|1779894562
|switch|p2a: Barraskewda|Barraskewda, F, tera:Water|100/100|[from] U-turn
|move|p1a: Gordito|Dragon Dance|p1a: Gordito
|-boost|p1a: Gordito|atk|1
|-boost|p1a: Gordito|spe|1
|
|-weather|none
|-fieldend|move: Grassy Terrain
|upkeep
|turn|11
|
|t:|1779894573
|switch|p2a: Landorus|Landorus-Therian, M|90/100
|-ability|p2a: Landorus|Intimidate|boost
|-unboost|p1a: Gordito|atk|1
|-terastallize|p1a: Gordito|Normal
|move|p1a: Gordito|Extreme Speed|p2a: Landorus
|-damage|p2a: Landorus|35/100
|
|upkeep
|turn|12
|
|t:|1779894580
|move|p1a: Gordito|Extreme Speed|p2a: Landorus
|-crit|p2a: Landorus
|-damage|p2a: Landorus|0 fnt
|faint|p2a: Landorus
|
|upkeep
|
|t:|1779894587
|switch|p2a: Barraskewda|Barraskewda, F, tera:Water|100/100
|turn|13
|
|t:|1779894591
|move|p1a: Gordito|Extreme Speed|p2a: Barraskewda
|-damage|p2a: Barraskewda|16/100
|move|p2a: Barraskewda|Close Combat|p1a: Gordito
|-supereffective|p1a: Gordito
|-damage|p1a: Gordito|0 fnt
|-unboost|p2a: Barraskewda|def|1
|-unboost|p2a: Barraskewda|spd|1
|faint|p1a: Gordito
|
|upkeep
|
|t:|1779894598
|switch|p1a: Chango|Rillaboom, F, shiny|88/100
|-fieldstart|move: Grassy Terrain|[from] ability: Grassy Surge|[of] p1a: Chango
|turn|14
|
|t:|1779894602
|switch|p2a: Regieleki|Regieleki, shiny|100/100
|move|p1a: Chango|Grassy Glide|p2a: Regieleki
|-damage|p2a: Regieleki|17/100
|
|-heal|p2a: Regieleki|23/100|[from] Grassy Terrain
|-heal|p1a: Chango|94/100|[from] Grassy Terrain
|upkeep
|turn|15
|
|t:|1779894605
|move|p1a: Chango|Grassy Glide|p2a: Regieleki
|-damage|p2a: Regieleki|0 fnt
|faint|p2a: Regieleki
|
|-heal|p1a: Chango|100/100|[from] Grassy Terrain
|upkeep
|
|t:|1779894609
|switch|p2a: Iron Treads|Iron Treads|100/100
|-enditem|p2a: Iron Treads|Booster Energy
|-activate|p2a: Iron Treads|ability: Quark Drive|[fromitem]
|-start|p2a: Iron Treads|quarkdrivespe
|turn|16
|
|t:|1779894617
|move|p2a: Iron Treads|Steel Beam|p1a: Chango
|-damage|p1a: Chango|72/100
|-damage|p2a: Iron Treads|50/100|[from] steelbeam
|move|p1a: Chango|Low Kick|p2a: Iron Treads
|-supereffective|p2a: Iron Treads
|-damage|p2a: Iron Treads|0 fnt
|faint|p2a: Iron Treads
|-end|p2a: Iron Treads|Quark Drive|[silent]
|
|-heal|p1a: Chango|78/100|[from] Grassy Terrain
|upkeep
|
|t:|1779894621
|switch|p2a: Pelipper|Pelipper, M|31/100
|-weather|RainDance|[from] ability: Drizzle|[of] p2a: Pelipper
|turn|17
|
|t:|1779894631
|switch|p2a: Shaymin|Shaymin|100/100
|move|p1a: Chango|Grassy Glide|p2a: Shaymin
|-resisted|p2a: Shaymin
|-damage|p2a: Shaymin|83/100
|
|-weather|RainDance|[upkeep]
|-heal|p2a: Shaymin|90/100|[from] Grassy Terrain
|-heal|p2a: Shaymin|96/100|[from] item: Leftovers
|-heal|p1a: Chango|84/100|[from] Grassy Terrain
|upkeep
|turn|18
|
|t:|1779894637
|move|p2a: Shaymin|Healing Wish|p2a: Shaymin
|faint|p2a: Shaymin
|move|p1a: Chango|Knock Off|p2: Shaymin|[notarget]
|-fail|p1a: Chango
|
|-weather|RainDance|[upkeep]
|-heal|p1a: Chango|90/100|[from] Grassy Terrain
|-fieldend|move: Grassy Terrain
|upkeep
|
|t:|1779894641
|switch|p2a: Barraskewda|Barraskewda, F, tera:Water|16/100
|-heal|p2a: Barraskewda|100/100|[from] move: Healing Wish
|turn|19
|
|t:|1779894645
|switch|p1a: Deoxys|Deoxys-Speed|66/100
|-ability|p1a: Deoxys|Pressure
|move|p2a: Barraskewda|Liquidation|p1a: Deoxys
|-damage|p1a: Deoxys|0 fnt
|faint|p1a: Deoxys
|
|-weather|RainDance|[upkeep]
|upkeep
|
|t:|1779894647
|switch|p1a: Chango|Rillaboom, F, shiny|90/100
|-fieldstart|move: Grassy Terrain|[from] ability: Grassy Surge|[of] p1a: Chango
|turn|20
|
|t:|1779894650
|move|p1a: Chango|Grassy Glide|p2a: Barraskewda
|-supereffective|p2a: Barraskewda
|-damage|p2a: Barraskewda|0 fnt
|faint|p2a: Barraskewda
|
|-weather|RainDance|[upkeep]
|-heal|p1a: Chango|96/100|[from] Grassy Terrain
|upkeep
|-message|Chinatownz forfeited.
|
|win|santa liga
|raw|santa liga's rating: 1372 &rarr; <strong>1390</strong><br />(+18 for winning)
|raw|Chinatownz's rating: 1330 &rarr; <strong>1312</strong><br />(-18 for losing)
|l|☆Chinatownz
|player|p2|
