|j|☆swaggulisus
|j|☆JesusFollonDorado
|t:|1779811683
|gametype|singles
|player|p1|swaggulisus|silver|1172
|player|p2|JesusFollonDorado|ghetsis|1165
|gen|9
|tier|[Gen 9] OU
|rated|
|rule|HP Percentage Mod: HP is shown in percentages
|rule|Endless Battle Clause: Forcing endless battles is banned
|rule|Species Clause: Limit one of each Pokémon
|rule|OHKO Clause: OHKO moves are banned
|rule|Evasion Items Clause: Evasion items are banned
|rule|Evasion Moves Clause: Evasion moves are banned
|rule|Evasion Abilities Clause: Evasion abilities are banned
|rule|Sleep Moves Clause: Sleep-inducing moves are banned
|clearpoke
|poke|p1|Darkrai|
|poke|p1|Gliscor, F|
|poke|p1|Zamazenta-*|
|poke|p1|Ogerpon-Wellspring, F|
|poke|p1|Gholdengo|
|poke|p1|Rillaboom, M|
|poke|p2|Tyranitar, F|
|poke|p2|Quaquaval, M|
|poke|p2|Corviknight, M|
|poke|p2|Kingambit, M|
|poke|p2|Clodsire, F|
|poke|p2|Gengar, M|
|teampreview
|
|t:|1779811704
|teamsize|p1|6
|teamsize|p2|6
|start
|switch|p1a: Rillaboom|Rillaboom, M|100/100
|switch|p2a: Tyranitar|Tyranitar, F|100/100
|-fieldstart|move: Grassy Terrain|[from] ability: Grassy Surge|[of] p1a: Rillaboom
|-weather|Sandstorm|[from] ability: Sand Stream|[of] p2a: Tyranitar
|turn|1
|inactive|Battle timer is ON: inactive players will automatically lose when time's up. (requested by JesusFollonDorado)
|
|t:|1779811716
|move|p1a: Rillaboom|Grassy Glide|p2a: Tyranitar
|-supereffective|p2a: Tyranitar
|-damage|p2a: Tyranitar|40/100
|move|p2a: Tyranitar|Knock Off|p1a: Rillaboom
|-damage|p1a: Rillaboom|43/100
|-enditem|p1a: Rillaboom|Terrain Extender|[from] move: Knock Off|[of] p2a: Tyranitar
|
|-weather|Sandstorm|[upkeep]
|-damage|p1a: Rillaboom|37/100|[from] Sandstorm
|-heal|p1a: Rillaboom|43/100|[from] Grassy Terrain
|-heal|p2a: Tyranitar|46/100|[from] Grassy Terrain
|-heal|p2a: Tyranitar|52/100|[from] item: Leftovers
|upkeep
|turn|2
|
|t:|1779811728
|switch|p2a: Corviknight|Corviknight, M, shiny|100/100
|move|p1a: Rillaboom|U-turn|p2a: Corviknight
|-resisted|p2a: Corviknight
|-damage|p2a: Corviknight|96/100
|-damage|p1a: Rillaboom|27/100|[from] item: Rocky Helmet|[of] p2a: Corviknight
|
|t:|1779811734
|switch|p1a: Zamazenta|Zamazenta|100/100|[from] U-turn
|-ability|p1a: Zamazenta|Dauntless Shield|boost
|-boost|p1a: Zamazenta|def|1
|
|-weather|Sandstorm|[upkeep]
|-damage|p1a: Zamazenta|94/100|[from] Sandstorm
|-heal|p1a: Zamazenta|100/100|[from] Grassy Terrain
|upkeep
|turn|3
|
|t:|1779811742
|move|p1a: Zamazenta|Iron Defense|p1a: Zamazenta
|-boost|p1a: Zamazenta|def|2
|move|p2a: Corviknight|Iron Defense|p2a: Corviknight
|-boost|p2a: Corviknight|def|2
|
|-weather|Sandstorm|[upkeep]
|-damage|p1a: Zamazenta|94/100|[from] Sandstorm
|-heal|p1a: Zamazenta|100/100|[from] Grassy Terrain
|upkeep
|turn|4
|
|t:|1779811750
|move|p1a: Zamazenta|Iron Defense|p1a: Zamazenta
|-boost|p1a: Zamazenta|def|2
|move|p2a: Corviknight|Iron Defense|p2a: Corviknight
|-boost|p2a: Corviknight|def|2
|
|-weather|Sandstorm|[upkeep]
|-damage|p1a: Zamazenta|94/100|[from] Sandstorm
|-heal|p1a: Zamazenta|100/100|[from] Grassy Terrain
|upkeep
|turn|5
|inactive|JesusFollonDorado has 120 seconds left.
|
|t:|1779811783
|-terastallize|p1a: Zamazenta|Fire
|move|p1a: Zamazenta|Fire Fang|p2a: Corviknight
|-supereffective|p2a: Corviknight
|-damage|p2a: Corviknight|83/100
|-damage|p1a: Zamazenta|84/100|[from] item: Rocky Helmet|[of] p2a: Corviknight
|move|p2a: Corviknight|Iron Defense|p2a: Corviknight
|-boost|p2a: Corviknight|def|2
|
|-weather|none
|-heal|p1a: Zamazenta|90/100|[from] Grassy Terrain
|-heal|p1a: Zamazenta|96/100|[from] item: Leftovers
|upkeep
|turn|6
|inactive|JesusFollonDorado has 120 seconds left.
|
|t:|1779811794
|move|p1a: Zamazenta|Iron Defense|p1a: Zamazenta
|-boost|p1a: Zamazenta|def|1
|move|p2a: Corviknight|Body Press|p1a: Zamazenta
|-damage|p1a: Zamazenta|77/100
|
|-heal|p1a: Zamazenta|83/100|[from] Grassy Terrain
|-heal|p1a: Zamazenta|90/100|[from] item: Leftovers
|upkeep
|turn|7
|
|t:|1779811802
|move|p1a: Zamazenta|Body Press|p2a: Corviknight
|-damage|p2a: Corviknight|59/100
|-damage|p1a: Zamazenta|73/100|[from] item: Rocky Helmet|[of] p2a: Corviknight
|move|p2a: Corviknight|Body Press|p1a: Zamazenta
|-damage|p1a: Zamazenta|56/100
|
|-heal|p1a: Zamazenta|62/100|[from] Grassy Terrain
|-heal|p1a: Zamazenta|69/100|[from] item: Leftovers
|upkeep
|turn|8
|
|t:|1779811812
|move|p1a: Zamazenta|Body Press|p2a: Corviknight
|-damage|p2a: Corviknight|39/100
|-damage|p1a: Zamazenta|52/100|[from] item: Rocky Helmet|[of] p2a: Corviknight
|move|p2a: Corviknight|Body Press|p1a: Zamazenta
|-damage|p1a: Zamazenta|35/100
|
|-heal|p1a: Zamazenta|41/100|[from] Grassy Terrain
|-heal|p1a: Zamazenta|47/100|[from] item: Leftovers
|-fieldend|move: Grassy Terrain
|upkeep
|turn|9
|
|t:|1779811821
|move|p2a: Corviknight|Roost|p2a: Corviknight
|-heal|p2a: Corviknight|89/100
|-singleturn|p2a: Corviknight|move: Roost
|move|p1a: Zamazenta|Roar|p2a: Corviknight
|drag|p2a: Quaquaval|Quaquaval, M|100/100
|
|-heal|p1a: Zamazenta|54/100|[from] item: Leftovers
|upkeep
|turn|10
|
|t:|1779811829
|move|p1a: Zamazenta|Body Press|p2a: Quaquaval
|-enditem|p2a: Quaquaval|Focus Sash
|-damage|p2a: Quaquaval|1/100
|move|p2a: Quaquaval|Aqua Step|p1a: Zamazenta
|-supereffective|p1a: Zamazenta
|-damage|p1a: Zamazenta|37/100
|-boost|p2a: Quaquaval|spe|1
|
|-heal|p1a: Zamazenta|43/100|[from] item: Leftovers
|upkeep
|turn|11
|-message|JesusFollonDorado forfeited.
|
|win|swaggulisus
|raw|swaggulisus's rating: 1172 &rarr; <strong>1196</strong><br />(+24 for winning)
|raw|JesusFollonDorado's rating: 1165 &rarr; <strong>1141</strong><br />(-24 for losing)
|l|☆JesusFollonDorado
|player|p2|
