|j|☆ihymyly
|j|☆bluntsmoker3000
|t:|1779856016
|gametype|singles
|player|p1|ihymyly|101|1437
|player|p2|bluntsmoker3000|bugcatcher-gen4dp|1558
|gen|9
|tier|[Gen 9] OU
|rated|
|rule|HP Percentage Mod: HP is shown in percentages
|rule|Endless Battle Clause: Forcing endless battles is banned
|rule|Species Clause: Limit one of each Pokémon
|rule|OHKO Clause: OHKO moves are banned
|rule|Evasion Items Clause: Evasion items are banned
|rule|Evasion Moves Clause: Evasion moves are banned
|rule|Evasion Abilities Clause: Evasion abilities are banned
|rule|Sleep Moves Clause: Sleep-inducing moves are banned
|clearpoke
|poke|p1|Darkrai|
|poke|p1|Great Tusk|
|poke|p1|Dragapult, F|
|poke|p1|Slowking-Galar, M|
|poke|p1|Skarmory, M|
|poke|p1|Ogerpon-Wellspring, F|
|poke|p2|Ting-Lu|
|poke|p2|Scizor, F|
|poke|p2|Tornadus-Therian, M|
|poke|p2|Raging Bolt|
|poke|p2|Alomomola, M|
|poke|p2|Hatterene, F|
|teampreview
|inactive|Battle timer is ON: inactive players will automatically lose when time's up. (requested by bluntsmoker3000)
|
|t:|1779856029
|teamsize|p1|6
|teamsize|p2|6
|start
|switch|p1a: Skarmory|Skarmory, M|100/100
|switch|p2a: Hatterene|Hatterene, F|100/100
|turn|1
|
|t:|1779856042
|move|p2a: Hatterene|Nuzzle|p1a: Skarmory
|-supereffective|p1a: Skarmory
|-damage|p1a: Skarmory|96/100
|-status|p1a: Skarmory|par
|-damage|p2a: Hatterene|84/100|[from] item: Rocky Helmet|[of] p1a: Skarmory
|move|p1a: Skarmory|Whirlwind|p2a: Hatterene
|move|p2a: Hatterene|Whirlwind|p1a: Skarmory|[from] ability: Magic Bounce
|drag|p1a: Darkrai|Darkrai, shiny|100/100
|
|upkeep
|turn|2
|
|t:|1779856053
|switch|p1a: Skarmory|Skarmory, M|96/100 par
|move|p2a: Hatterene|Nuzzle|p1a: Skarmory
|-supereffective|p1a: Skarmory
|-damage|p1a: Skarmory|90/100 par
|-damage|p2a: Hatterene|67/100|[from] item: Rocky Helmet|[of] p1a: Skarmory
|
|upkeep
|turn|3
|j| testingrainteam1
|
|t:|1779856061
|move|p2a: Hatterene|Psychic Noise|p1a: Skarmory
|-resisted|p1a: Skarmory
|-damage|p1a: Skarmory|67/100 par
|-start|p1a: Skarmory|move: Heal Block
|move|p1a: Skarmory|Whirlwind|p2a: Hatterene
|move|p2a: Hatterene|Whirlwind|p1a: Skarmory|[from] ability: Magic Bounce
|drag|p1a: Dragapult|Dragapult, F|100/100
|
|upkeep
|turn|4
|
|t:|1779856074
|switch|p2a: Ting-Lu|Ting-Lu|100/100
|-ability|p2a: Ting-Lu|Vessel of Ruin
|move|p1a: Dragapult|U-turn|p2a: Ting-Lu
|-supereffective|p2a: Ting-Lu
|-damage|p2a: Ting-Lu|80/100
|
|t:|1779856078
|switch|p1a: Ogerpon|Ogerpon-Wellspring, F|100/100|[from] U-turn
|
|-heal|p2a: Ting-Lu|86/100|[from] item: Leftovers
|upkeep
|turn|5
|
|t:|1779856085
|switch|p2a: Raging Bolt|Raging Bolt|100/100
|-enditem|p2a: Raging Bolt|Booster Energy
|-activate|p2a: Raging Bolt|ability: Protosynthesis|[fromitem]
|-start|p2a: Raging Bolt|protosynthesisspa
|move|p1a: Ogerpon|Knock Off|p2a: Raging Bolt
|-damage|p2a: Raging Bolt|76/100
|
|upkeep
|turn|6
|
|t:|1779856093
|switch|p1a: Slowking|Slowking-Galar, M|100/100
|move|p2a: Raging Bolt|Dragon Pulse|p1a: Slowking
|-damage|p1a: Slowking|64/100
|
|upkeep
|turn|7
|l| testingrainteam1
|
|t:|1779856099
|move|p2a: Raging Bolt|Dragon Pulse|p1a: Slowking
|-damage|p1a: Slowking|28/100
|-prepare|p1a: Slowking|Chilly Reception|[premajor]
|move|p1a: Slowking|Chilly Reception|p1a: Slowking
|-weather|Snowscape
|j| testingrainteam1
|
|t:|1779856102
|switch|p1a: Goy Destroy|Great Tusk|100/100|[from] Chilly Reception
|
|-weather|Snowscape|[upkeep]
|upkeep
|turn|8
|
|t:|1779856110
|-end|p2a: Raging Bolt|Protosynthesis|[silent]
|switch|p2a: Tornadus|Tornadus-Therian, M|100/100
|move|p1a: Goy Destroy|Stealth Rock|p2a: Tornadus
|-sidestart|p2: bluntsmoker3000|move: Stealth Rock
|
|-weather|Snowscape|[upkeep]
|upkeep
|turn|9
|
|t:|1779856121
|-end|p1a: Goy Destroy|Protosynthesis|[silent]
|switch|p1a: Slowking|Slowking-Galar, M|62/100
|move|p2a: Tornadus|Bleakwind Storm|p1a: Slowking|[miss]
|-miss|p2a: Tornadus|p1a: Slowking
|
|-weather|Snowscape|[upkeep]
|upkeep
|turn|10
|
|t:|1779856135
|switch|p2a: Scizor|Scizor, F|100/100
|-prepare|p1a: Slowking|Chilly Reception|[premajor]
|move|p1a: Slowking|Chilly Reception|p1a: Slowking
|
|t:|1779856146
|switch|p1a: Dragapult|Dragapult, F|100/100|[from] Chilly Reception
|
|-weather|Snowscape|[upkeep]
|upkeep
|turn|11
|
|t:|1779856153
|move|p1a: Dragapult|U-turn|p2a: Scizor
|-resisted|p2a: Scizor
|-damage|p2a: Scizor|90/100
|
|t:|1779856157
|switch|p1a: Skarmory|Skarmory, M|67/100 par|[from] U-turn
|move|p2a: Scizor|Knock Off|p1a: Skarmory
|-damage|p1a: Skarmory|43/100 par
|-damage|p2a: Scizor|74/100|[from] item: Rocky Helmet|[of] p1a: Skarmory
|-enditem|p1a: Skarmory|Rocky Helmet|[from] move: Knock Off|[of] p2a: Scizor
|
|-weather|none
|upkeep
|turn|12
|
|t:|1779856165
|move|p2a: Scizor|Defog|p1a: Skarmory
|-unboost|p1a: Skarmory|evasion|1
|-sideend|p2: bluntsmoker3000|Stealth Rock|[from] move: Defog|[of] p2a: Scizor
|move|p1a: Skarmory|Roost|p1a: Skarmory
|-heal|p1a: Skarmory|93/100 par
|-singleturn|p1a: Skarmory|move: Roost
|
|upkeep
|turn|13
|
|t:|1779856174
|switch|p2a: Hatterene|Hatterene, F|67/100
|cant|p1a: Skarmory|par
|
|upkeep
|turn|14
|
|t:|1779856180
|move|p2a: Hatterene|Psychic Noise|p1a: Skarmory
|-resisted|p1a: Skarmory
|-damage|p1a: Skarmory|68/100 par
|-start|p1a: Skarmory|move: Heal Block
|cant|p1a: Skarmory|par
|
|upkeep
|turn|15
|
|t:|1779856183
|move|p2a: Hatterene|Psychic Noise|p1a: Skarmory
|-resisted|p1a: Skarmory
|-damage|p1a: Skarmory|46/100 par
|move|p1a: Skarmory|Brave Bird|p2a: Hatterene
|-damage|p2a: Hatterene|38/100
|-damage|p1a: Skarmory|30/100 par|[from] item: Rocky Helmet|[of] p2a: Hatterene
|-damage|p1a: Skarmory|20/100 par|[from] Recoil
|
|-end|p1a: Skarmory|move: Heal Block
|upkeep
|turn|16
|
|t:|1779856190
|move|p2a: Hatterene|Psychic Noise|p1a: Skarmory
|-resisted|p1a: Skarmory
|-damage|p1a: Skarmory|0 fnt
|faint|p1a: Skarmory
|
|upkeep
|
|t:|1779856195
|switch|p1a: Ogerpon|Ogerpon-Wellspring, F|100/100
|turn|17
|
|t:|1779856200
|move|p1a: Ogerpon|Ivy Cudgel|p2a: Hatterene|[anim] Ivy Cudgel Water
|-damage|p2a: Hatterene|0 fnt
|faint|p2a: Hatterene
|
|upkeep
|
|t:|1779856208
|switch|p2a: Raging Bolt|Raging Bolt|76/100
|turn|18
|
|t:|1779856213
|switch|p1a: Slowking|Slowking-Galar, M|95/100
|move|p2a: Raging Bolt|Calm Mind|p2a: Raging Bolt
|-boost|p2a: Raging Bolt|spa|1
|-boost|p2a: Raging Bolt|spd|1
|
|upkeep
|turn|19
|
|t:|1779856220
|move|p2a: Raging Bolt|Thunderbolt|p1a: Slowking
|-damage|p1a: Slowking|49/100
|-prepare|p1a: Slowking|Chilly Reception|[premajor]
|move|p1a: Slowking|Chilly Reception|p1a: Slowking
|-weather|Snowscape
|
|t:|1779856224
|switch|p1a: Goy Destroy|Great Tusk|100/100|[from] Chilly Reception
|
|-weather|Snowscape|[upkeep]
|upkeep
|turn|20
|
|t:|1779856231
|-terastallize|p2a: Raging Bolt|Fairy
|move|p1a: Goy Destroy|Headlong Rush|p2a: Raging Bolt
|-damage|p2a: Raging Bolt|20/100
|-unboost|p1a: Goy Destroy|def|1
|-unboost|p1a: Goy Destroy|spd|1
|move|p2a: Raging Bolt|Dragon Pulse|p1a: Goy Destroy
|-damage|p1a: Goy Destroy|0 fnt
|faint|p1a: Goy Destroy
|-end|p1a: Goy Destroy|Protosynthesis|[silent]
|
|-weather|Snowscape|[upkeep]
|upkeep
|
|t:|1779856246
|switch|p1a: Ogerpon|Ogerpon-Wellspring, F|100/100
|turn|21
|
|t:|1779856250
|move|p2a: Raging Bolt|Thunderclap|p1a: Ogerpon
|-damage|p1a: Ogerpon|33/100
|move|p1a: Ogerpon|Horn Leech|p2a: Raging Bolt
|-damage|p2a: Raging Bolt|0 fnt
|-heal|p1a: Ogerpon|45/100|[from] drain|[of] p2a: Raging Bolt
|faint|p2a: Raging Bolt
|-end|p2a: Raging Bolt|Protosynthesis|[silent]
|
|-weather|Snowscape|[upkeep]
|upkeep
|
|t:|1779856252
|switch|p2a: Tornadus|Tornadus-Therian, M|100/100
|turn|22
|
|t:|1779856256
|switch|p1a: Slowking|Slowking-Galar, M|82/100
|move|p2a: Tornadus|Bleakwind Storm|p1a: Slowking
|-damage|p1a: Slowking|49/100
|-damage|p2a: Tornadus|91/100|[from] item: Life Orb
|
|-weather|Snowscape|[upkeep]
|upkeep
|turn|23
|
|t:|1779856265
|move|p2a: Tornadus|Bleakwind Storm|p1a: Slowking|[miss]
|-miss|p2a: Tornadus|p1a: Slowking
|-prepare|p1a: Slowking|Chilly Reception|[premajor]
|move|p1a: Slowking|Chilly Reception|p1a: Slowking
|
|t:|1779856271
|switch|p1a: Darkrai|Darkrai, shiny|100/100|[from] Chilly Reception
|
|-weather|none
|upkeep
|turn|24
|l| testingrainteam1
|
|t:|1779856282
|switch|p2a: Ting-Lu|Ting-Lu|86/100
|-ability|p2a: Ting-Lu|Vessel of Ruin
|move|p1a: Darkrai|Nasty Plot|p1a: Darkrai
|-boost|p1a: Darkrai|spa|2
|
|-heal|p2a: Ting-Lu|92/100|[from] item: Leftovers
|upkeep
|turn|25
|
|t:|1779856289
|move|p1a: Darkrai|Ice Beam|p2a: Ting-Lu
|-supereffective|p2a: Ting-Lu
|-damage|p2a: Ting-Lu|47/100
|move|p2a: Ting-Lu|Whirlwind|p1a: Darkrai
|drag|p1a: Ogerpon|Ogerpon-Wellspring, F|45/100
|
|-heal|p2a: Ting-Lu|53/100|[from] item: Leftovers
|upkeep
|turn|26
|
|t:|1779856298
|switch|p2a: Tornadus|Tornadus-Therian, M|100/100
|move|p1a: Ogerpon|Ivy Cudgel|p2a: Tornadus|[anim] Ivy Cudgel Water
|-damage|p2a: Tornadus|14/100
|
|upkeep
|turn|27
|
|t:|1779856305
|switch|p2a: Scizor|Scizor, F|74/100
|switch|p1a: Dragapult|Dragapult, F|100/100
|
|upkeep
|turn|28
|
|t:|1779856309
|move|p1a: Dragapult|Will-O-Wisp|p2a: Scizor
|-status|p2a: Scizor|brn
|move|p2a: Scizor|Knock Off|p1a: Dragapult
|-supereffective|p1a: Dragapult
|-damage|p1a: Dragapult|46/100
|-enditem|p1a: Dragapult|Heavy-Duty Boots|[from] move: Knock Off|[of] p2a: Scizor
|
|-damage|p2a: Scizor|68/100 brn|[from] brn
|upkeep
|turn|29
|
|t:|1779856320
|switch|p2a: Ting-Lu|Ting-Lu|53/100
|-ability|p2a: Ting-Lu|Vessel of Ruin
|move|p1a: Dragapult|Hex|p2a: Ting-Lu
|-resisted|p2a: Ting-Lu
|-damage|p2a: Ting-Lu|47/100
|
|-heal|p2a: Ting-Lu|53/100|[from] item: Leftovers
|upkeep
|turn|30
|
|t:|1779856324
|move|p1a: Dragapult|Will-O-Wisp|p2a: Ting-Lu
|-status|p2a: Ting-Lu|brn
|move|p2a: Ting-Lu|Stealth Rock|p1a: Dragapult
|-sidestart|p1: ihymyly|move: Stealth Rock
|
|-heal|p2a: Ting-Lu|60/100 brn|[from] item: Leftovers
|-damage|p2a: Ting-Lu|53/100 brn|[from] brn
|upkeep
|turn|31
|
|t:|1779856329
|move|p1a: Dragapult|U-turn|p2a: Ting-Lu
|-supereffective|p2a: Ting-Lu
|-damage|p2a: Ting-Lu|32/100 brn
|
|t:|1779856332
|switch|p1a: Ogerpon|Ogerpon-Wellspring, F|45/100|[from] U-turn
|-damage|p1a: Ogerpon|33/100|[from] Stealth Rock
|move|p2a: Ting-Lu|Earthquake|p1a: Ogerpon
|-resisted|p1a: Ogerpon
|-damage|p1a: Ogerpon|21/100
|
|-heal|p2a: Ting-Lu|38/100 brn|[from] item: Leftovers
|-damage|p2a: Ting-Lu|32/100 brn|[from] brn
|upkeep
|turn|32
|
|t:|1779856351
|move|p1a: Ogerpon|Ivy Cudgel|p2a: Ting-Lu|[anim] Ivy Cudgel Water
|-supereffective|p2a: Ting-Lu
|-damage|p2a: Ting-Lu|0 fnt
|faint|p2a: Ting-Lu
|
|upkeep
|
|t:|1779856353
|switch|p2a: Tornadus|Tornadus-Therian, M|47/100
|turn|33
|
|t:|1779856357
|switch|p1a: Slowking|Slowking-Galar, M|83/100
|move|p2a: Tornadus|Nasty Plot|p2a: Tornadus
|-boost|p2a: Tornadus|spa|2
|
|upkeep
|turn|34
|
|t:|1779856368
|move|p2a: Tornadus|Bleakwind Storm|p1a: Slowking
|-damage|p1a: Slowking|6/100
|-unboost|p1a: Slowking|spe|1
|-damage|p2a: Tornadus|38/100|[from] item: Life Orb
|move|p1a: Slowking|Thunder Wave|p2a: Tornadus
|-status|p2a: Tornadus|par
|
|upkeep
|turn|35
|
|t:|1779856381
|move|p2a: Tornadus|Grass Knot|p1a: Slowking
|-resisted|p1a: Slowking
|-damage|p1a: Slowking|0 fnt
|faint|p1a: Slowking
|-damage|p2a: Tornadus|28/100 par|[from] item: Life Orb
|
|upkeep
|
|t:|1779856384
|switch|p1a: Darkrai|Darkrai, shiny|100/100
|-damage|p1a: Darkrai|88/100|[from] Stealth Rock
|turn|36
|
|t:|1779856389
|move|p1a: Darkrai|Dark Pulse|p2a: Tornadus
|-damage|p2a: Tornadus|0 fnt
|faint|p2a: Tornadus
|
|-heal|p1a: Darkrai|94/100|[from] item: Leftovers
|upkeep
|
|t:|1779856391
|switch|p2a: Scizor|Scizor, F|68/100 brn
|turn|37
|
|t:|1779856399
|move|p1a: Darkrai|Dark Pulse|p2a: Scizor
|-damage|p2a: Scizor|22/100 brn
|move|p2a: Scizor|U-turn|p1a: Darkrai
|-supereffective|p1a: Darkrai
|-damage|p1a: Darkrai|48/100
|
|t:|1779856402
|switch|p2a: Alomomola|Alomomola, M|100/100|[from] U-turn
|
|-heal|p1a: Darkrai|54/100|[from] item: Leftovers
|upkeep
|turn|38
|
|t:|1779856407
|switch|p2a: Scizor|Scizor, F|22/100 brn
|move|p1a: Darkrai|Nasty Plot|p1a: Darkrai
|-boost|p1a: Darkrai|spa|2
|
|-heal|p1a: Darkrai|60/100|[from] item: Leftovers
|-damage|p2a: Scizor|16/100 brn|[from] brn
|upkeep
|turn|39
|-message|bluntsmoker3000 forfeited.
|
|win|ihymyly
|raw|ihymyly's rating: 1437 &rarr; <strong>1464</strong><br />(+27 for winning)
|raw|bluntsmoker3000's rating: 1558 &rarr; <strong>1531</strong><br />(-27 for losing)
|l|☆bluntsmoker3000
|player|p2|
|l|☆ihymyly
|player|p1|
