|j|☆Mortifi
|j|☆mastersannin
|t:|1779885693
|gametype|singles
|player|p1|Mortifi|pokemaniac|1723
|player|p2|mastersannin|266|1597
|gen|9
|tier|[Gen 9] OU
|rated|
|rule|HP Percentage Mod: HP is shown in percentages
|rule|Endless Battle Clause: Forcing endless battles is banned
|rule|Species Clause: Limit one of each Pokémon
|rule|OHKO Clause: OHKO moves are banned
|rule|Evasion Items Clause: Evasion items are banned
|rule|Evasion Moves Clause: Evasion moves are banned
|rule|Evasion Abilities Clause: Evasion abilities are banned
|rule|Sleep Moves Clause: Sleep-inducing moves are banned
|clearpoke
|poke|p1|Zapdos-Galar|
|poke|p1|Slowking-Galar, F|
|poke|p1|Alomomola, F|
|poke|p1|Great Tusk|
|poke|p1|Weavile, F|
|poke|p1|Skarmory, M|
|poke|p2|Samurott-Hisui, F|
|poke|p2|Zapdos|
|poke|p2|Iron Treads|
|poke|p2|Ceruledge, M|
|poke|p2|Gholdengo|
|poke|p2|Kingambit, M|
|teampreview
|inactive|Battle timer is ON: inactive players will automatically lose when time's up. (requested by mastersannin)
|
|t:|1779885720
|teamsize|p1|6
|teamsize|p2|6
|start
|switch|p1a: Zapdos|Zapdos-Galar|100/100
|switch|p2a: Zapdos|Zapdos|100/100
|turn|1
|
|t:|1779885729
|switch|p1a: Slowking|Slowking-Galar, F|100/100
|move|p2a: Zapdos|Hurricane|p1a: Slowking|[miss]
|-miss|p2a: Zapdos|p1a: Slowking
|
|upkeep
|turn|2
|
|t:|1779885737
|move|p2a: Zapdos|Thunder Wave|p1a: Slowking
|-status|p1a: Slowking|par
|-prepare|p1a: Slowking|Chilly Reception|[premajor]
|cant|p1a: Slowking|par
|
|upkeep
|turn|3
|
|t:|1779885742
|move|p2a: Zapdos|Volt Switch|p1a: Slowking
|-damage|p1a: Slowking|82/100 par
|
|t:|1779885745
|switch|p2a: Samurott|Samurott-Hisui, F|100/100|[from] Volt Switch
|-prepare|p1a: Slowking|Chilly Reception|[premajor]
|move|p1a: Slowking|Chilly Reception|p1a: Slowking
|-weather|Snowscape
|
|t:|1779885753
|switch|p1a: Zapdos|Zapdos-Galar|100/100|[from] Chilly Reception
|
|-weather|Snowscape|[upkeep]
|upkeep
|turn|4
|
|t:|1779885757
|switch|p2a: Zapdos|Zapdos|100/100
|move|p1a: Zapdos|Thunderous Kick|p2a: Zapdos
|-resisted|p2a: Zapdos
|-damage|p2a: Zapdos|85/100
|-unboost|p2a: Zapdos|def|1
|
|-weather|Snowscape|[upkeep]
|upkeep
|turn|5
|
|t:|1779885766
|move|p1a: Zapdos|U-turn|p2a: Zapdos
|-resisted|p2a: Zapdos
|-damage|p2a: Zapdos|73/100
|
|t:|1779885769
|switch|p1a: Slowking|Slowking-Galar, F|100/100 par|[from] U-turn
|move|p2a: Zapdos|Volt Switch|p1a: Slowking
|-damage|p1a: Slowking|83/100 par
|
|t:|1779885771
|switch|p2a: Samurott|Samurott-Hisui, F|100/100|[from] Volt Switch
|
|-weather|Snowscape|[upkeep]
|upkeep
|turn|6
|
|t:|1779885783
|switch|p1a: Skarmory|Skarmory, M|100/100
|move|p2a: Samurott|Ceaseless Edge|p1a: Skarmory
|-damage|p1a: Skarmory|75/100
|-damage|p2a: Samurott|84/100|[from] item: Rocky Helmet|[of] p1a: Skarmory
|-sidestart|p1: Mortifi|Spikes
|
|-weather|Snowscape|[upkeep]
|upkeep
|turn|7
|
|t:|1779885807
|move|p2a: Samurott|Knock Off|p1a: Skarmory
|-crit|p1a: Skarmory
|-damage|p1a: Skarmory|40/100
|-damage|p2a: Samurott|68/100|[from] item: Rocky Helmet|[of] p1a: Skarmory
|-enditem|p1a: Skarmory|Rocky Helmet|[from] move: Knock Off|[of] p2a: Samurott
|move|p1a: Skarmory|Spikes|p2a: Samurott
|-sidestart|p2: mastersannin|Spikes
|
|-weather|none
|upkeep
|turn|8
|
|t:|1779885817
|move|p2a: Samurott|Razor Shell|p1a: Skarmory
|-damage|p1a: Skarmory|10/100
|-unboost|p1a: Skarmory|def|1
|move|p1a: Skarmory|Roost|p1a: Skarmory
|-heal|p1a: Skarmory|60/100
|-singleturn|p1a: Skarmory|move: Roost
|
|upkeep
|turn|9
|
|t:|1779885825
|switch|p1a: Alomomola|Alomomola, F|100/100
|-damage|p1a: Alomomola|88/100|[from] Spikes
|move|p2a: Samurott|Ceaseless Edge|p1a: Alomomola
|-damage|p1a: Alomomola|62/100
|-sidestart|p1: Mortifi|Spikes
|
|upkeep
|turn|10
|
|t:|1779885836
|move|p2a: Samurott|Ceaseless Edge|p1a: Alomomola|[miss]
|-miss|p2a: Samurott|p1a: Alomomola
|move|p1a: Alomomola|Wish|p1a: Alomomola
|
|upkeep
|turn|11
|
|t:|1779885842
|switch|p1a: Skarmory|Skarmory, M|60/100
|move|p2a: Samurott|Ceaseless Edge|p1a: Skarmory
|-damage|p1a: Skarmory|37/100
|-sidestart|p1: Mortifi|Spikes
|
|-heal|p1a: Skarmory|100/100|[from] move: Wish|[wisher] Alomomola
|upkeep
|turn|12
|
|t:|1779885850
|switch|p2a: Ceruledge|Ceruledge, M|100/100
|move|p1a: Skarmory|Spikes|p2a: Ceruledge
|-sidestart|p2: mastersannin|Spikes
|
|upkeep
|turn|13
|
|t:|1779885858
|move|p2a: Ceruledge|Swords Dance|p2a: Ceruledge
|-boost|p2a: Ceruledge|atk|2
|move|p1a: Skarmory|Whirlwind|p2a: Ceruledge
|drag|p2a: Zapdos|Zapdos|73/100
|
|upkeep
|turn|14
|
|t:|1779885866
|switch|p1a: Slowking|Slowking-Galar, F|100/100 par
|move|p2a: Zapdos|Volt Switch|p1a: Slowking
|-damage|p1a: Slowking|84/100 par
|
|t:|1779885871
|switch|p2a: Ceruledge|Ceruledge, M|100/100|[from] Volt Switch
|
|upkeep
|turn|15
|
|t:|1779885875
|switch|p1a: Alomomola|Alomomola, F|95/100
|-damage|p1a: Alomomola|70/100|[from] Spikes
|move|p2a: Ceruledge|Swords Dance|p2a: Ceruledge
|-boost|p2a: Ceruledge|atk|2
|
|upkeep
|turn|16
|
|t:|1779885882
|move|p2a: Ceruledge|Poltergeist||[still]
|-fail|p2a: Ceruledge
|move|p1a: Alomomola|Flip Turn|p2a: Ceruledge
|-supereffective|p2a: Ceruledge
|-damage|p2a: Ceruledge|62/100
|-ability|p2a: Ceruledge|Weak Armor|boost
|-unboost|p2a: Ceruledge|def|1
|-boost|p2a: Ceruledge|spe|2
|
|t:|1779885893
|switch|p1a: Zapdos|Zapdos-Galar|100/100|[from] Flip Turn
|
|upkeep
|turn|17
|
|t:|1779885898
|switch|p1a: Alomomola|Alomomola, F|100/100
|-damage|p1a: Alomomola|75/100|[from] Spikes
|move|p2a: Ceruledge|Bitter Blade|p1a: Alomomola
|-resisted|p1a: Alomomola
|-crit|p1a: Alomomola
|-damage|p1a: Alomomola|31/100
|-heal|p2a: Ceruledge|92/100|[from] drain|[of] p1a: Alomomola
|
|upkeep
|turn|18
|
|t:|1779885910
|move|p2a: Ceruledge|Shadow Sneak|p1a: Alomomola
|-damage|p1a: Alomomola|2/100
|move|p1a: Alomomola|Flip Turn|p2a: Ceruledge
|-supereffective|p2a: Ceruledge
|-damage|p2a: Ceruledge|34/100
|-ability|p2a: Ceruledge|Weak Armor|boost
|-unboost|p2a: Ceruledge|def|1
|-boost|p2a: Ceruledge|spe|2
|
|t:|1779885921
|switch|p1a: Weavile|Weavile, F|100/100|[from] Flip Turn
|-damage|p1a: Weavile|76/100|[from] Spikes
|-ability|p1a: Weavile|Pressure
|
|upkeep
|turn|19
|
|t:|1779885926
|move|p1a: Weavile|Ice Shard|p2a: Ceruledge
|-resisted|p2a: Ceruledge
|-damage|p2a: Ceruledge|1/100
|-ability|p2a: Ceruledge|Weak Armor|boost
|-unboost|p2a: Ceruledge|def|1
|-boost|p2a: Ceruledge|spe|2
|move|p2a: Ceruledge|Bitter Blade|p1a: Weavile
|-supereffective|p1a: Weavile
|-damage|p1a: Weavile|0 fnt
|-heal|p2a: Ceruledge|31/100|[from] drain|[of] p1a: Weavile
|faint|p1a: Weavile
|
|upkeep
|-message|Mortifi forfeited.
|
|win|mastersannin
|raw|Mortifi's rating: 1723 &rarr; <strong>1696</strong><br />(-27 for losing)
|raw|mastersannin's rating: 1597 &rarr; <strong>1624</strong><br />(+27 for winning)
|l|☆Mortifi
|player|p1|
|l|☆mastersannin
|player|p2|
