|j|☆nugberto
|j|☆oreki350
|t:|1779847330
|gametype|singles
|player|p1|nugberto|burgh|1091
|player|p2|oreki350|169|1090
|gen|9
|tier|[Gen 9] OU
|rated|
|rule|HP Percentage Mod: HP is shown in percentages
|rule|Endless Battle Clause: Forcing endless battles is banned
|rule|Species Clause: Limit one of each Pokémon
|rule|OHKO Clause: OHKO moves are banned
|rule|Evasion Items Clause: Evasion items are banned
|rule|Evasion Moves Clause: Evasion moves are banned
|rule|Evasion Abilities Clause: Evasion abilities are banned
|rule|Sleep Moves Clause: Sleep-inducing moves are banned
|clearpoke
|poke|p1|Ceruledge, M|
|poke|p1|Primarina, F|
|poke|p1|Pyroar, F|
|poke|p1|Alomomola, F|
|poke|p1|Gliscor, F|
|poke|p1|Tauros-Paldea-Combat, M|
|poke|p2|Bellibolt, M|
|poke|p2|Minior|
|poke|p2|Braviary-Hisui, M|
|poke|p2|Ambipom, M|
|poke|p2|Greninja-*, M|
|poke|p2|Bisharp, M|
|teampreview
|
|t:|1779847342
|teamsize|p1|6
|teamsize|p2|6
|start
|switch|p1a: Scorpio|Gliscor, F|100/100
|switch|p2a: Bellibolt|Bellibolt, M|100/100
|turn|1
|
|t:|1779847362
|move|p1a: Scorpio|Earthquake|p2a: Bellibolt
|-supereffective|p2a: Bellibolt
|-crit|p2a: Bellibolt
|-damage|p2a: Bellibolt|0 fnt
|faint|p2a: Bellibolt
|
|-status|p1a: Scorpio|tox|[from] item: Toxic Orb
|upkeep
|inactive|Battle timer is ON: inactive players will automatically lose when time's up. (requested by nugberto)
|
|t:|1779847376
|switch|p2a: Greninja|Greninja, M|100/100
|turn|2
|
|t:|1779847386
|move|p2a: Greninja|Surf|p1a: Scorpio
|-supereffective|p1a: Scorpio
|-damage|p1a: Scorpio|0 fnt
|faint|p1a: Scorpio
|-ability|p2a: Greninja|Battle Bond|boost
|-boost|p2a: Greninja|atk|1
|-boost|p2a: Greninja|spa|1
|-boost|p2a: Greninja|spe|1
|-activate|p2a: Greninja|ability: Battle Bond
|
|upkeep
|
|t:|1779847400
|switch|p1a: Taurus|Tauros-Paldea-Combat, M|100/100
|-ability|p1a: Taurus|Intimidate|boost
|-unboost|p2a: Greninja|atk|1
|turn|3
|
|t:|1779847405
|move|p2a: Greninja|Surf|p1a: Taurus
|-crit|p1a: Taurus
|-damage|p1a: Taurus|0 fnt
|faint|p1a: Taurus
|
|upkeep
|
|t:|1779847417
|switch|p1a: Capricorn|Primarina, F|100/100
|turn|4
|
|t:|1779847421
|move|p2a: Greninja|Surf|p1a: Capricorn
|-resisted|p1a: Capricorn
|-damage|p1a: Capricorn|57/100
|move|p1a: Capricorn|Moonblast|p2a: Greninja
|-supereffective|p2a: Greninja
|-damage|p2a: Greninja|0 fnt
|faint|p2a: Greninja
|
|upkeep
|
|t:|1779847430
|switch|p2a: Ambipom|Ambipom, M|100/100
|turn|5
|
|t:|1779847446
|move|p2a: Ambipom|Fake Out|p1a: Capricorn
|-damage|p1a: Capricorn|25/100
|cant|p1a: Capricorn|flinch
|
|upkeep
|turn|6
|
|t:|1779847455
|move|p2a: Ambipom|Covet|p1a: Capricorn
|-damage|p1a: Capricorn|0 fnt
|faint|p1a: Capricorn
|
|upkeep
|
|t:|1779847469
|switch|p1a: Cancer|Ceruledge, M, shiny|100/100
|turn|7
|
|t:|1779847475
|move|p2a: Ambipom|U-turn|p1a: Cancer
|-resisted|p1a: Cancer
|-damage|p1a: Cancer|94/100
|-ability|p1a: Cancer|Weak Armor|boost
|-unboost|p1a: Cancer|def|1
|-boost|p1a: Cancer|spe|2
|
|t:|1779847497
|switch|p2a: Minior|Minior, shiny|100/100|[from] U-turn
|-formechange|p2a: Minior|Minior-Meteor||[from] ability: Shields Down
|move|p1a: Cancer|Close Combat|p2a: Minior
|-damage|p2a: Minior|45/100
|-unboost|p1a: Cancer|def|1
|-unboost|p1a: Cancer|spd|1
|
|-formechange|p2a: Minior|Minior||[from] ability: Shields Down
|upkeep
|turn|8
|
|t:|1779847514
|switch|p1a: Pisces|Alomomola, F|100/100
|move|p2a: Minior|Acrobatics|p1a: Pisces
|-damage|p1a: Pisces|85/100
|
|-heal|p1a: Pisces|92/100|[from] item: Leftovers
|upkeep
|turn|9
|
|t:|1779847522
|switch|p2a: Ambipom|Ambipom, M|100/100
|move|p1a: Pisces|Flip Turn|p2a: Ambipom
|-damage|p2a: Ambipom|73/100
|
|t:|1779847527
|switch|p1a: Cancer|Ceruledge, M, shiny|94/100|[from] Flip Turn
|
|upkeep
|turn|10
|
|t:|1779847545
|move|p2a: Ambipom|U-turn|p1a: Cancer
|-resisted|p1a: Cancer
|-damage|p1a: Cancer|87/100
|-ability|p1a: Cancer|Weak Armor|boost
|-unboost|p1a: Cancer|def|1
|-boost|p1a: Cancer|spe|2
|
|t:|1779847550
|switch|p2a: Bisharp|Bisharp, M|100/100|[from] U-turn
|move|p1a: Cancer|Swords Dance|p1a: Cancer
|-boost|p1a: Cancer|atk|2
|
|upkeep
|turn|11
|
|t:|1779847555
|move|p2a: Bisharp|Sucker Punch|p1a: Cancer
|-supereffective|p1a: Cancer
|-damage|p1a: Cancer|0 fnt
|faint|p1a: Cancer
|
|upkeep
|
|t:|1779847562
|switch|p1a: Leo|Pyroar, F, shiny|100/100
|turn|12
|
|t:|1779847573
|-terastallize|p2a: Bisharp|Ghost
|move|p1a: Leo|Flare Blitz|p2a: Bisharp
|-damage|p2a: Bisharp|62/100
|-damage|p1a: Leo|87/100|[from] Recoil
|move|p2a: Bisharp|Swords Dance|p2a: Bisharp
|-boost|p2a: Bisharp|atk|2
|
|upkeep
|turn|13
|
|t:|1779847584
|switch|p1a: Pisces|Alomomola, F|100/100
|move|p2a: Bisharp|Sucker Punch||[still]
|-fail|p2a: Bisharp
|
|upkeep
|turn|14
|
|t:|1779847593
|move|p2a: Bisharp|Shadow Claw|p1a: Pisces
|-damage|p1a: Pisces|62/100
|move|p1a: Pisces|Wish|p1a: Pisces
|
|-heal|p1a: Pisces|68/100|[from] item: Leftovers
|upkeep
|turn|15
|
|t:|1779847605
|move|p2a: Bisharp|Swords Dance|p2a: Bisharp
|-boost|p2a: Bisharp|atk|2
|move|p1a: Pisces|Wish||[still]
|-fail|p1a: Pisces
|
|-heal|p1a: Pisces|100/100|[from] move: Wish|[wisher] Pisces
|upkeep
|turn|16
|
|t:|1779847611
|move|p2a: Bisharp|Iron Head|p1a: Pisces
|-resisted|p1a: Pisces
|-damage|p1a: Pisces|64/100
|move|p1a: Pisces|Wish|p1a: Pisces
|
|-heal|p1a: Pisces|70/100|[from] item: Leftovers
|upkeep
|turn|17
|
|t:|1779847622
|move|p2a: Bisharp|Sucker Punch||[still]
|-fail|p2a: Bisharp
|move|p1a: Pisces|Pain Split|p2a: Bisharp
|-sethp|p2a: Bisharp|86/100|[from] move: Pain Split|[silent]
|-sethp|p1a: Pisces|54/100|[from] move: Pain Split
|
|-heal|p1a: Pisces|100/100|[from] move: Wish|[wisher] Pisces
|upkeep
|turn|18
|
|t:|1779847636
|move|p2a: Bisharp|Swords Dance|p2a: Bisharp
|-boost|p2a: Bisharp|atk|2
|move|p1a: Pisces|Wish|p1a: Pisces
|
|upkeep
|turn|19
|inactive|oreki350 has 120 seconds left.
|
|t:|1779847666
|move|p1a: Pisces|Protect|p1a: Pisces
|-singleturn|p1a: Pisces|Protect
|move|p2a: Bisharp|Shadow Claw|p1a: Pisces
|-activate|p1a: Pisces|move: Protect
|
|upkeep
|turn|20
|
|t:|1779847675
|move|p2a: Bisharp|Sucker Punch||[still]
|-fail|p2a: Bisharp
|move|p1a: Pisces|Wish|p1a: Pisces
|
|upkeep
|turn|21
|inactive|oreki350 has 120 seconds left.
|
|t:|1779847711
|move|p2a: Bisharp|Swords Dance|p2a: Bisharp
|-boost|p2a: Bisharp|atk|0
|move|p1a: Pisces|Flip Turn|p2a: Bisharp
|-damage|p2a: Bisharp|75/100
|
|t:|1779847714
|switch|p1a: Leo|Pyroar, F, shiny|87/100|[from] Flip Turn
|
|-heal|p1a: Leo|100/100|[from] move: Wish|[wisher] Pisces
|upkeep
|turn|22
|
|t:|1779847735
|move|p2a: Bisharp|Sucker Punch|p1a: Leo
|-damage|p1a: Leo|0 fnt
|faint|p1a: Leo
|
|upkeep
|
|t:|1779847737
|switch|p1a: Pisces|Alomomola, F|100/100
|turn|23
|-message|nugberto forfeited.
|
|win|oreki350
|raw|nugberto's rating: 1091 &rarr; <strong>1067</strong><br />(-24 for losing)
|raw|oreki350's rating: 1090 &rarr; <strong>1117</strong><br />(+27 for winning)
|l|☆nugberto
|player|p1|
|l|☆oreki350
|player|p2|
