|j|☆mamcackms
|j|☆Jomiel
|t:|1779933599
|gametype|singles
|player|p1|mamcackms|2|1401
|player|p2|Jomiel|clown|1389
|gen|9
|tier|[Gen 9] OU
|rated|
|rule|HP Percentage Mod: HP is shown in percentages
|rule|Endless Battle Clause: Forcing endless battles is banned
|rule|Species Clause: Limit one of each Pokémon
|rule|OHKO Clause: OHKO moves are banned
|rule|Evasion Items Clause: Evasion items are banned
|rule|Evasion Moves Clause: Evasion moves are banned
|rule|Evasion Abilities Clause: Evasion abilities are banned
|rule|Sleep Moves Clause: Sleep-inducing moves are banned
|clearpoke
|poke|p1|Enamorus-Therian, F|
|poke|p1|Regieleki|
|poke|p1|Altaria, F|
|poke|p1|Kyurem|
|poke|p1|Dudunsparce-*, M|
|poke|p1|Great Tusk|
|poke|p2|Ceruledge, F|
|poke|p2|Deoxys-Speed|
|poke|p2|Glimmora, F|
|poke|p2|Zamazenta-*|
|poke|p2|Kingambit, F|
|poke|p2|Raging Bolt|
|teampreview
|inactive|Battle timer is ON: inactive players will automatically lose when time's up. (requested by mamcackms)
|
|t:|1779933614
|teamsize|p1|6
|teamsize|p2|6
|start
|switch|p1a: Dunsparce-Mega|Dudunsparce-Three-Segment, M|100/100
|switch|p2a: Deoxys|Deoxys-Speed|100/100
|-ability|p2a: Deoxys|Pressure
|turn|1
|
|t:|1779933621
|move|p2a: Deoxys|Taunt|p1a: Dunsparce-Mega
|-start|p1a: Dunsparce-Mega|move: Taunt
|cant|p1a: Dunsparce-Mega|move: Taunt|Glare
|
|upkeep
|turn|2
|
|t:|1779933629
|move|p2a: Deoxys|Stealth Rock|p1a: Dunsparce-Mega
|-sidestart|p1: mamcackms|move: Stealth Rock
|move|p1a: Dunsparce-Mega|Boomburst|p2a: Deoxys
|-damage|p2a: Deoxys|34/100
|
|upkeep
|turn|3
|
|t:|1779933634
|switch|p1a: Great Tusk|Great Tusk|100/100
|-damage|p1a: Great Tusk|98/100|[from] Stealth Rock
|-enditem|p1a: Great Tusk|Booster Energy
|-activate|p1a: Great Tusk|ability: Protosynthesis|[fromitem]
|-start|p1a: Great Tusk|protosynthesisatk
|move|p2a: Deoxys|Psycho Boost|p1a: Great Tusk
|-supereffective|p1a: Great Tusk
|-damage|p1a: Great Tusk|0 fnt
|-unboost|p2a: Deoxys|spa|2
|faint|p1a: Great Tusk
|-end|p1a: Great Tusk|Protosynthesis|[silent]
|
|upkeep
|
|t:|1779933640
|switch|p1a: Regieleki|Regieleki|100/100
|-damage|p1a: Regieleki|88/100|[from] Stealth Rock
|turn|4
|
|t:|1779933653
|move|p1a: Regieleki|Volt Switch|p2a: Deoxys
|-damage|p2a: Deoxys|0 fnt
|faint|p2a: Deoxys
|
|t:|1779933655
|switch|p1a: Altaria|Altaria, F|100/100|[from] Volt Switch
|
|upkeep
|
|t:|1779933662
|switch|p2a: Glimmora|Glimmora, F|100/100
|turn|5
|
|t:|1779933665
|move|p2a: Glimmora|Meteor Beam||[still]
|-prepare|p2a: Glimmora|Meteor Beam
|-boost|p2a: Glimmora|spa|1
|-enditem|p2a: Glimmora|Power Herb
|-anim|p2a: Glimmora|Meteor Beam|p1a: Altaria|[miss]
|-miss|p2a: Glimmora|p1a: Altaria
|move|p1a: Altaria|Defog|p2a: Glimmora
|-unboost|p2a: Glimmora|evasion|1
|-sideend|p1: mamcackms|Stealth Rock|[from] move: Defog|[of] p1a: Altaria
|
|upkeep
|turn|6
|
|t:|1779933694
|switch|p1a: Regieleki|Regieleki|88/100
|move|p2a: Glimmora|Dazzling Gleam|p1a: Regieleki
|-damage|p1a: Regieleki|0 fnt
|faint|p1a: Regieleki
|
|upkeep
|
|t:|1779933703
|switch|p1a: Dunsparce-Mega|Dudunsparce-Three-Segment, M|100/100
|turn|7
|
|t:|1779933708
|move|p2a: Glimmora|Meteor Beam||[still]
|-prepare|p2a: Glimmora|Meteor Beam
|-boost|p2a: Glimmora|spa|1
|move|p1a: Dunsparce-Mega|Glare|p2a: Glimmora
|-status|p2a: Glimmora|par
|
|upkeep
|turn|8
|
|t:|1779933715
|move|p1a: Dunsparce-Mega|Stealth Rock|p2a: Glimmora
|-sidestart|p2: Jomiel|move: Stealth Rock
|move|p2a: Glimmora|Meteor Beam|p1a: Dunsparce-Mega|[from] lockedmove
|-damage|p1a: Dunsparce-Mega|0 fnt
|faint|p1a: Dunsparce-Mega
|
|upkeep
|
|t:|1779933719
|switch|p1a: Kyurem|Kyurem|100/100
|-ability|p1a: Kyurem|Pressure
|turn|9
|
|t:|1779933726
|move|p1a: Kyurem|Substitute|p1a: Kyurem
|-start|p1a: Kyurem|Substitute
|-damage|p1a: Kyurem|76/100
|move|p2a: Glimmora|Dazzling Gleam|p1a: Kyurem
|-supereffective|p1a: Kyurem
|-end|p1a: Kyurem|Substitute
|
|upkeep
|turn|10
|
|t:|1779933732
|move|p1a: Kyurem|Substitute|p1a: Kyurem
|-start|p1a: Kyurem|Substitute
|-damage|p1a: Kyurem|51/100
|move|p2a: Glimmora|Dazzling Gleam|p1a: Kyurem
|-supereffective|p1a: Kyurem
|-end|p1a: Kyurem|Substitute
|
|upkeep
|turn|11
|
|t:|1779933738
|move|p1a: Kyurem|Substitute|p1a: Kyurem
|-start|p1a: Kyurem|Substitute
|-damage|p1a: Kyurem|26/100
|cant|p2a: Glimmora|par
|
|upkeep
|turn|12
|
|t:|1779933743
|move|p1a: Kyurem|Icicle Spear|p2a: Glimmora
|-damage|p2a: Glimmora|85/100 par
|-activate|p2a: Glimmora|ability: Toxic Debris
|-sidestart|p1: mamcackms|move: Toxic Spikes
|-damage|p2a: Glimmora|70/100 par
|-activate|p2a: Glimmora|ability: Toxic Debris
|-sidestart|p1: mamcackms|move: Toxic Spikes
|-damage|p2a: Glimmora|54/100 par
|-damage|p2a: Glimmora|39/100 par
|-damage|p2a: Glimmora|23/100 par
|-hitcount|p2a: Glimmora|5
|cant|p2a: Glimmora|par
|
|upkeep
|turn|13
|
|t:|1779933757
|move|p1a: Kyurem|Scale Shot|p2a: Glimmora
|-damage|p2a: Glimmora|7/100 par
|-damage|p2a: Glimmora|0 fnt
|faint|p2a: Glimmora
|-hitcount|p2: Glimmora|2
|-unboost|p1a: Kyurem|def|1
|-boost|p1a: Kyurem|spe|1
|
|upkeep
|
|t:|1779933767
|switch|p2a: Zamazenta|Zamazenta|100/100
|-damage|p2a: Zamazenta|94/100|[from] Stealth Rock
|-ability|p2a: Zamazenta|Dauntless Shield|boost
|-boost|p2a: Zamazenta|def|1
|turn|14
|
|t:|1779933795
|move|p1a: Kyurem|Dragon Dance|p1a: Kyurem
|-boost|p1a: Kyurem|atk|1
|-boost|p1a: Kyurem|spe|1
|move|p2a: Zamazenta|Body Press|p1a: Kyurem
|-supereffective|p1a: Kyurem
|-end|p1a: Kyurem|Substitute
|
|-heal|p2a: Zamazenta|100/100|[from] item: Leftovers
|upkeep
|turn|15
|
|t:|1779933809
|move|p1a: Kyurem|Icicle Spear|p2a: Zamazenta
|-damage|p2a: Zamazenta|90/100
|-damage|p2a: Zamazenta|80/100
|-damage|p2a: Zamazenta|70/100
|-damage|p2a: Zamazenta|59/100
|-hitcount|p2a: Zamazenta|4
|move|p2a: Zamazenta|Body Press|p1a: Kyurem
|-supereffective|p1a: Kyurem
|-crit|p1a: Kyurem
|-damage|p1a: Kyurem|0 fnt
|faint|p1a: Kyurem
|
|-heal|p2a: Zamazenta|65/100|[from] item: Leftovers
|upkeep
|-message|mamcackms forfeited.
|
|win|Jomiel
|raw|mamcackms's rating: 1401 &rarr; <strong>1380</strong><br />(-21 for losing)
|raw|Jomiel's rating: 1389 &rarr; <strong>1410</strong><br />(+21 for winning)
|l|☆mamcackms
|player|p1|
|l|☆Jomiel
|player|p2|
