|j|☆FrogSong44
|j|☆randomplayer20130
|t:|1779818645
|gametype|singles
|player|p1|FrogSong44|265|1053
|player|p2|randomplayer20130|cynthia-gen4|1000
|gen|9
|tier|[Gen 9] OU
|rated|
|rule|HP Percentage Mod: HP is shown in percentages
|rule|Endless Battle Clause: Forcing endless battles is banned
|rule|Species Clause: Limit one of each Pokémon
|rule|OHKO Clause: OHKO moves are banned
|rule|Evasion Items Clause: Evasion items are banned
|rule|Evasion Moves Clause: Evasion moves are banned
|rule|Evasion Abilities Clause: Evasion abilities are banned
|rule|Sleep Moves Clause: Sleep-inducing moves are banned
|clearpoke
|poke|p1|Pelipper, M|
|poke|p1|Barraskewda, F|
|poke|p1|Raging Bolt|
|poke|p1|Overqwil, M|
|poke|p1|Iron Treads|
|poke|p1|Amoonguss, F|
|poke|p2|Pecharunt|
|poke|p2|Samurott-Hisui, M|
|poke|p2|Enamorus, F|
|poke|p2|Zapdos|
|poke|p2|Iron Hands|
|poke|p2|Glimmora, M|
|teampreview
|inactive|Battle timer is ON: inactive players will automatically lose when time's up. (requested by FrogSong44)
|inactive|FrogSong44 has 120 seconds left.
|
|t:|1779818682
|teamsize|p1|6
|teamsize|p2|6
|start
|switch|p1a: Iron Treads|Iron Treads|100/100
|switch|p2a: Samurott|Samurott-Hisui, M, shiny|100/100
|-enditem|p1a: Iron Treads|Booster Energy
|-activate|p1a: Iron Treads|ability: Quark Drive|[fromitem]
|-start|p1a: Iron Treads|quarkdrivespe
|turn|1
|
|t:|1779818692
|move|p1a: Iron Treads|Stealth Rock|p2a: Samurott
|-sidestart|p2: randomplayer20130|move: Stealth Rock
|move|p2a: Samurott|Liquidation|p1a: Iron Treads
|-supereffective|p1a: Iron Treads
|-damage|p1a: Iron Treads|29/100
|
|upkeep
|turn|2
|
|t:|1779818712
|move|p1a: Iron Treads|Volt Switch|p2a: Samurott
|-supereffective|p2a: Samurott
|-damage|p2a: Samurott|80/100
|
|t:|1779818723
|-end|p1a: Iron Treads|Quark Drive|[silent]
|switch|p1a: Amoonguss|Amoonguss, F|100/100|[from] Volt Switch
|move|p2a: Samurott|Ceaseless Edge|p1a: Amoonguss
|-damage|p1a: Amoonguss|63/100
|-damage|p2a: Samurott|63/100|[from] item: Rocky Helmet|[of] p1a: Amoonguss
|-sidestart|p1: FrogSong44|Spikes
|
|upkeep
|turn|3
|
|t:|1779818734
|move|p2a: Samurott|Ceaseless Edge|p1a: Amoonguss
|-damage|p1a: Amoonguss|28/100
|-damage|p2a: Samurott|47/100|[from] item: Rocky Helmet|[of] p1a: Amoonguss
|-sidestart|p1: FrogSong44|Spikes
|move|p1a: Amoonguss|Toxic|p2a: Samurott
|-status|p2a: Samurott|tox
|
|-damage|p2a: Samurott|41/100 tox|[from] psn
|upkeep
|turn|4
|
|t:|1779818750
|move|p2a: Samurott|Sacred Sword|p1a: Amoonguss
|-resisted|p1a: Amoonguss
|-damage|p1a: Amoonguss|13/100
|-damage|p2a: Samurott|24/100 tox|[from] item: Rocky Helmet|[of] p1a: Amoonguss
|move|p1a: Amoonguss|Giga Drain|p2a: Samurott
|-supereffective|p2a: Samurott
|-damage|p2a: Samurott|0 fnt
|-heal|p1a: Amoonguss|22/100|[from] drain|[of] p2a: Samurott
|faint|p2a: Samurott
|
|upkeep
|
|t:|1779818759
|switch|p2a: Glimmora|Glimmora, M|100/100
|-damage|p2a: Glimmora|88/100|[from] Stealth Rock
|turn|5
|
|t:|1779818773
|switch|p1a: Pelipper|Pelipper, M|100/100
|-weather|RainDance|[from] ability: Drizzle|[of] p1a: Pelipper
|move|p2a: Glimmora|Mortal Spin|p1a: Pelipper
|-damage|p1a: Pelipper|95/100
|-status|p1a: Pelipper|psn
|-sideend|p2: randomplayer20130|Stealth Rock|[from] move: Mortal Spin|[of] p2a: Glimmora
|
|-weather|RainDance|[upkeep]
|-damage|p1a: Pelipper|83/100 psn|[from] psn
|upkeep
|turn|6
|
|t:|1779818783
|move|p2a: Glimmora|Stealth Rock|p1a: Pelipper
|-sidestart|p1: FrogSong44|move: Stealth Rock
|move|p1a: Pelipper|Surf|p2a: Glimmora
|-supereffective|p2a: Glimmora
|-damage|p2a: Glimmora|0 fnt
|faint|p2a: Glimmora
|
|-weather|RainDance|[upkeep]
|-damage|p1a: Pelipper|70/100 psn|[from] psn
|upkeep
|
|t:|1779818794
|switch|p2a: Pecharunt|Pecharunt|100/100
|turn|7
|
|t:|1779818800
|move|p2a: Pecharunt|Malignant Chain|p1a: Pelipper
|-damage|p1a: Pelipper|0 fnt
|faint|p1a: Pelipper
|
|-weather|RainDance|[upkeep]
|upkeep
|
|t:|1779818807
|switch|p1a: Iron Treads|Iron Treads|29/100
|-damage|p1a: Iron Treads|12/100|[from] Spikes
|-damage|p1a: Iron Treads|9/100|[from] Stealth Rock
|turn|8
|
|t:|1779818819
|switch|p2a: Zapdos|Zapdos|100/100
|move|p1a: Iron Treads|Earthquake|p2a: Zapdos
|-immune|p2a: Zapdos
|
|-weather|RainDance|[upkeep]
|upkeep
|turn|9
|
|t:|1779818828
|move|p1a: Iron Treads|Volt Switch|p2a: Zapdos
|-damage|p2a: Zapdos|89/100
|
|t:|1779818836
|-end|p1a: Iron Treads|Quark Drive|[silent]
|switch|p1a: Amoonguss|Amoonguss, F|55/100|[from] Volt Switch
|-damage|p1a: Amoonguss|39/100|[from] Spikes
|-damage|p1a: Amoonguss|27/100|[from] Stealth Rock
|move|p2a: Zapdos|Air Cutter|p1a: Amoonguss
|-supereffective|p1a: Amoonguss
|-damage|p1a: Amoonguss|0 fnt
|faint|p1a: Amoonguss
|
|-weather|RainDance|[upkeep]
|upkeep
|
|t:|1779818840
|switch|p1a: Raging Bolt|Raging Bolt|100/100
|-damage|p1a: Raging Bolt|84/100|[from] Spikes
|-damage|p1a: Raging Bolt|72/100|[from] Stealth Rock
|-enditem|p1a: Raging Bolt|Booster Energy
|-activate|p1a: Raging Bolt|ability: Protosynthesis|[fromitem]
|-start|p1a: Raging Bolt|protosynthesisspa
|turn|10
|
|t:|1779818855
|move|p2a: Zapdos|Air Cutter|p1a: Raging Bolt
|-resisted|p1a: Raging Bolt
|-damage|p1a: Raging Bolt|57/100
|move|p1a: Raging Bolt|Calm Mind|p1a: Raging Bolt
|-boost|p1a: Raging Bolt|spa|1
|-boost|p1a: Raging Bolt|spd|1
|
|-weather|RainDance|[upkeep]
|upkeep
|turn|11
|
|t:|1779818863
|move|p2a: Zapdos|Ancient Power|p1a: Raging Bolt
|-damage|p1a: Raging Bolt|44/100
|move|p1a: Raging Bolt|Thunder|p2a: Zapdos
|-damage|p2a: Zapdos|0 fnt
|faint|p2a: Zapdos
|
|-weather|RainDance|[upkeep]
|upkeep
|
|t:|1779818872
|switch|p2a: Pecharunt|Pecharunt|100/100
|turn|12
|
|t:|1779818878
|move|p1a: Raging Bolt|Thunder|p2a: Pecharunt
|-damage|p2a: Pecharunt|0 fnt
|faint|p2a: Pecharunt
|
|-weather|none
|upkeep
|
|t:|1779818882
|switch|p2a: Enamorus|Enamorus, F|100/100
|turn|13
|
|t:|1779818904
|move|p2a: Enamorus|Draining Kiss|p1a: Raging Bolt
|-supereffective|p1a: Raging Bolt
|-damage|p1a: Raging Bolt|17/100
|move|p1a: Raging Bolt|Thunder|p2a: Enamorus|[miss]
|-miss|p1a: Raging Bolt|p2a: Enamorus
|
|upkeep
|turn|14
|
|t:|1779818913
|move|p1a: Raging Bolt|Thunderclap|p2a: Enamorus
|-supereffective|p2a: Enamorus
|-damage|p2a: Enamorus|0 fnt
|faint|p2a: Enamorus
|
|upkeep
|
|t:|1779818917
|switch|p2a: Iron Hands|Iron Hands|100/100
|-enditem|p2a: Iron Hands|Booster Energy
|-activate|p2a: Iron Hands|ability: Quark Drive|[fromitem]
|-start|p2a: Iron Hands|quarkdriveatk
|turn|15
|
|t:|1779818924
|move|p1a: Raging Bolt|Thunderclap|p2a: Iron Hands
|-resisted|p2a: Iron Hands
|-damage|p2a: Iron Hands|69/100
|move|p2a: Iron Hands|Earthquake|p1a: Raging Bolt
|-supereffective|p1a: Raging Bolt
|-damage|p1a: Raging Bolt|0 fnt
|faint|p1a: Raging Bolt
|-end|p1a: Raging Bolt|Protosynthesis|[silent]
|
|upkeep
|
|t:|1779818927
|switch|p1a: Iron Treads|Iron Treads|9/100
|-damage|p1a: Iron Treads|0 fnt|[from] Spikes
|faint|p1a: Iron Treads
|-end|p1a: Iron Treads|Quark Drive|[silent]
|
|t:|1779818930
|switch|p1a: Overqwil|Overqwil, M|100/100
|-damage|p1a: Overqwil|84/100|[from] Spikes
|-damage|p1a: Overqwil|72/100|[from] Stealth Rock
|turn|16
|
|t:|1779818942
|move|p1a: Overqwil|Barb Barrage|p2a: Iron Hands
|-damage|p2a: Iron Hands|49/100
|move|p2a: Iron Hands|Earthquake|p1a: Overqwil
|-supereffective|p1a: Overqwil
|-enditem|p1a: Overqwil|Shuca Berry|[eat]
|-enditem|p1a: Overqwil|Shuca Berry|[weaken]
|-damage|p1a: Overqwil|17/100
|
|upkeep
|turn|17
|
|t:|1779818954
|move|p1a: Overqwil|Barb Barrage|p2a: Iron Hands
|-damage|p2a: Iron Hands|28/100
|-status|p2a: Iron Hands|psn
|move|p2a: Iron Hands|Earthquake|p1a: Overqwil
|-supereffective|p1a: Overqwil
|-damage|p1a: Overqwil|0 fnt
|faint|p1a: Overqwil
|
|-damage|p2a: Iron Hands|16/100 psn|[from] psn
|upkeep
|
|t:|1779818958
|switch|p1a: Barraskewda|Barraskewda, F|100/100
|-damage|p1a: Barraskewda|84/100|[from] Spikes
|-damage|p1a: Barraskewda|72/100|[from] Stealth Rock
|turn|18
|
|t:|1779818970
|-terastallize|p1a: Barraskewda|Water
|move|p1a: Barraskewda|Liquidation|p2a: Iron Hands
|-damage|p2a: Iron Hands|0 fnt
|faint|p2a: Iron Hands
|-end|p2a: Iron Hands|Quark Drive|[silent]
|
|win|FrogSong44
|raw|FrogSong44's rating: 1053 &rarr; <strong>1080</strong><br />(+27 for winning)
|raw|randomplayer20130's rating: 1000 &rarr; <strong>1000</strong><br />(+0 for losing)
|l|☆randomplayer20130
|player|p2|
