|j|‽BlabberSaur
|j|☆Diluer le Sal
|t:|1779854878
|gametype|singles
|player|p1|BlabberSaur|wallace|1334
|player|p2|Diluer le Sal|waitress-gen4|1345
|gen|9
|tier|[Gen 9] OU
|rated|
|rule|HP Percentage Mod: HP is shown in percentages
|rule|Endless Battle Clause: Forcing endless battles is banned
|rule|Species Clause: Limit one of each Pokémon
|rule|OHKO Clause: OHKO moves are banned
|rule|Evasion Items Clause: Evasion items are banned
|rule|Evasion Moves Clause: Evasion moves are banned
|rule|Evasion Abilities Clause: Evasion abilities are banned
|rule|Sleep Moves Clause: Sleep-inducing moves are banned
|clearpoke
|poke|p1|Blaziken, M|
|poke|p1|Dragonite, M|
|poke|p1|Darkrai|
|poke|p1|Garganacl, M|
|poke|p1|Primarina, M|
|poke|p1|Great Tusk|
|poke|p2|Vikavolt, M|
|poke|p2|Cinderace, M|
|poke|p2|Cresselia, F|
|poke|p2|Ribombee, M|
|poke|p2|Empoleon, F|
|poke|p2|Kingambit, M|
|teampreview
|inactive|Battle timer is ON: inactive players will automatically lose when time's up. (requested by Diluer le Sal)
|inactive|BlabberSaur also wants the timer to be on.
|
|t:|1779854890
|teamsize|p1|6
|teamsize|p2|6
|start
|switch|p1a: Blaziken|Blaziken, M, shiny|100/100
|switch|p2a: Vikavolt|Vikavolt, M|100/100
|turn|1
|
|t:|1779854897
|move|p1a: Blaziken|Flare Blitz|p2a: Vikavolt
|-supereffective|p2a: Vikavolt
|-damage|p2a: Vikavolt|0 fnt
|faint|p2a: Vikavolt
|-damage|p1a: Blaziken|61/100|[from] Recoil
|-damage|p1a: Blaziken|51/100|[from] item: Life Orb
|
|-ability|p1a: Blaziken|Speed Boost|boost
|-boost|p1a: Blaziken|spe|1
|upkeep
|
|t:|1779854901
|switch|p2a: Cresselia|Cresselia, F|100/100
|turn|2
|
|t:|1779854907
|move|p1a: Blaziken|Protect|p1a: Blaziken
|-singleturn|p1a: Blaziken|Protect
|move|p2a: Cresselia|Trick Room|p2a: Cresselia
|-fieldstart|move: Trick Room|[of] p2a: Cresselia
|
|-ability|p1a: Blaziken|Speed Boost|boost
|-boost|p1a: Blaziken|spe|1
|upkeep
|turn|3
|
|t:|1779854914
|switch|p2a: Ribombee|Ribombee, M|100/100
|move|p1a: Blaziken|Flare Blitz|p2a: Ribombee
|-supereffective|p2a: Ribombee
|-enditem|p2a: Ribombee|Focus Sash
|-damage|p2a: Ribombee|1/100
|-damage|p1a: Blaziken|23/100|[from] Recoil
|-damage|p1a: Blaziken|13/100|[from] item: Life Orb
|
|-ability|p1a: Blaziken|Speed Boost|boost
|-boost|p1a: Blaziken|spe|1
|upkeep
|turn|4
|
|t:|1779854920
|move|p1a: Blaziken|Protect|p1a: Blaziken
|-singleturn|p1a: Blaziken|Protect
|move|p2a: Ribombee|Sticky Web|p1a: Blaziken
|-sidestart|p1: BlabberSaur|move: Sticky Web
|
|-ability|p1a: Blaziken|Speed Boost|boost
|-boost|p1a: Blaziken|spe|1
|upkeep
|turn|5
|
|t:|1779854926
|move|p1a: Blaziken|Protect|p1a: Blaziken
|-singleturn|p1a: Blaziken|Protect
|move|p2a: Ribombee|Moonblast|p1a: Blaziken
|-activate|p1a: Blaziken|move: Protect
|
|-ability|p1a: Blaziken|Speed Boost|boost
|-boost|p1a: Blaziken|spe|1
|upkeep
|turn|6
|
|t:|1779854932
|move|p2a: Ribombee|Moonblast|p1a: Blaziken
|-damage|p1a: Blaziken|0 fnt
|faint|p1a: Blaziken
|
|-fieldend|move: Trick Room
|upkeep
|
|t:|1779854940
|switch|p1a: Dragonite|Dragonite, M|100/100
|turn|7
|
|t:|1779854951
|-terastallize|p2a: Ribombee|Ghost
|move|p2a: Ribombee|Moonblast|p1a: Dragonite
|-supereffective|p1a: Dragonite
|-damage|p1a: Dragonite|60/100
|move|p1a: Dragonite|Dragon Dance|p1a: Dragonite
|-boost|p1a: Dragonite|atk|1
|-boost|p1a: Dragonite|spe|1
|
|upkeep
|turn|8
|
|t:|1779854960
|switch|p2a: Cresselia|Cresselia, F|100/100
|move|p1a: Dragonite|Fire Punch|p2a: Cresselia
|-damage|p2a: Cresselia|79/100
|
|upkeep
|turn|9
|
|t:|1779854965
|move|p1a: Dragonite|Dragon Claw|p2a: Cresselia
|-damage|p2a: Cresselia|46/100
|move|p2a: Cresselia|Trick Room|p2a: Cresselia
|-fieldstart|move: Trick Room|[of] p2a: Cresselia
|
|upkeep
|turn|10
|
|t:|1779854971
|move|p1a: Dragonite|Extreme Speed|p2a: Cresselia
|-damage|p2a: Cresselia|21/100
|move|p2a: Cresselia|Ice Beam|p1a: Dragonite
|-supereffective|p1a: Dragonite
|-damage|p1a: Dragonite|0 fnt
|faint|p1a: Dragonite
|
|upkeep
|
|t:|1779854978
|switch|p1a: Primarina|Primarina, M|100/100
|-activate|p1a: Primarina|move: Sticky Web
|-unboost|p1a: Primarina|spe|1
|turn|11
|
|t:|1779854982
|move|p1a: Primarina|Psychic Noise|p2a: Cresselia
|-crit|p2a: Cresselia
|-damage|p2a: Cresselia|0 fnt
|faint|p2a: Cresselia
|
|upkeep
|
|t:|1779854988
|switch|p2a: Empoleon|Empoleon, F|100/100
|turn|12
|
|t:|1779854994
|move|p1a: Primarina|Psychic Noise|p2a: Empoleon
|-resisted|p2a: Empoleon
|-damage|p2a: Empoleon|87/100
|-start|p2a: Empoleon|move: Heal Block
|move|p2a: Empoleon|Grass Knot|p1a: Primarina
|-supereffective|p1a: Primarina
|-damage|p1a: Primarina|78/100
|
|upkeep
|turn|13
|
|t:|1779855018
|switch|p1a: Great Tusk|Great Tusk|100/100
|switch|p2a: Ribombee|Ribombee, M, tera:Ghost|1/100
|
|-fieldend|move: Trick Room
|upkeep
|turn|14
|
|t:|1779855024
|move|p2a: Ribombee|Moonblast|p1a: Great Tusk
|-supereffective|p1a: Great Tusk
|-damage|p1a: Great Tusk|0 fnt
|faint|p1a: Great Tusk
|-end|p1a: Great Tusk|Protosynthesis|[silent]
|
|upkeep
|
|t:|1779855029
|switch|p1a: Garganacl|Garganacl, M|100/100
|-activate|p1a: Garganacl|move: Sticky Web
|-unboost|p1a: Garganacl|spe|1
|turn|15
|
|t:|1779855032
|move|p2a: Ribombee|Skill Swap|p1a: Garganacl
|-activate|p2a: Ribombee|Skill Swap|Purifying Salt|Shield Dust|[of] p1a: Garganacl
|move|p1a: Garganacl|Salt Cure|p2a: Ribombee
|-damage|p2a: Ribombee|0 fnt
|faint|p2a: Ribombee
|
|upkeep
|
|t:|1779855035
|switch|p2a: Cinderace|Cinderace, M|100/100
|turn|16
|
|t:|1779855040
|move|p2a: Cinderace|Will-O-Wisp|p1a: Garganacl
|-status|p1a: Garganacl|brn
|move|p1a: Garganacl|Iron Defense|p1a: Garganacl
|-boost|p1a: Garganacl|def|2
|
|-damage|p1a: Garganacl|94/100 brn|[from] brn
|upkeep
|turn|17
|
|t:|1779855046
|move|p2a: Cinderace|Court Change|p2a: Cinderace
|-swapsideconditions
|-activate|p2a: Cinderace|move: Court Change
|move|p1a: Garganacl|Salt Cure|p2a: Cinderace
|-supereffective|p2a: Cinderace
|-damage|p2a: Cinderace|83/100
|-start|p2a: Cinderace|Salt Cure
|
|-heal|p1a: Garganacl|100/100 brn|[from] item: Leftovers
|-damage|p1a: Garganacl|94/100 brn|[from] brn
|-damage|p2a: Cinderace|71/100|[from] Salt Cure
|upkeep
|turn|18
|
|t:|1779855060
|move|p2a: Cinderace|U-turn|p1a: Garganacl
|-damage|p1a: Garganacl|89/100 brn
|
|t:|1779855062
|switch|p2a: Empoleon|Empoleon, F|87/100|[from] U-turn
|-activate|p2a: Empoleon|move: Sticky Web
|-unboost|p2a: Empoleon|spe|1
|-ability|p2a: Empoleon|Competitive|boost
|-boost|p2a: Empoleon|spa|2
|move|p1a: Garganacl|Iron Defense|p1a: Garganacl
|-boost|p1a: Garganacl|def|2
|
|-heal|p1a: Garganacl|95/100 brn|[from] item: Leftovers
|-damage|p1a: Garganacl|89/100 brn|[from] brn
|upkeep
|turn|19
|
|t:|1779855071
|-terastallize|p1a: Garganacl|Flying
|move|p2a: Empoleon|Grass Knot|p1a: Garganacl
|-resisted|p1a: Garganacl
|-damage|p1a: Garganacl|48/100 brn
|move|p1a: Garganacl|Body Press|p2a: Empoleon
|-supereffective|p2a: Empoleon
|-damage|p2a: Empoleon|0 fnt
|faint|p2a: Empoleon
|
|-heal|p1a: Garganacl|54/100 brn|[from] item: Leftovers
|-damage|p1a: Garganacl|48/100 brn|[from] brn
|upkeep
|
|t:|1779855077
|switch|p2a: Kingambit|Kingambit, M|100/100
|-activate|p2a: Kingambit|move: Sticky Web
|-unboost|p2a: Kingambit|spe|1
|-ability|p2a: Kingambit|Defiant|boost
|-boost|p2a: Kingambit|atk|2
|turn|20
|
|t:|1779855082
|move|p2a: Kingambit|Kowtow Cleave|p1a: Garganacl
|-damage|p1a: Garganacl|32/100 brn
|move|p1a: Garganacl|Body Press|p2a: Kingambit
|-supereffective|p2a: Kingambit
|-damage|p2a: Kingambit|0 fnt
|faint|p2a: Kingambit
|
|-heal|p1a: Garganacl|39/100 brn|[from] item: Leftovers
|-damage|p1a: Garganacl|32/100 brn|[from] brn
|upkeep
|
|t:|1779855086
|switch|p2a: Cinderace|Cinderace, M|71/100
|turn|21
|c|☆Diluer le Sal|Gg
|-message|Diluer le Sal forfeited.
|
|win|BlabberSaur
|raw|BlabberSaur's rating: 1334 &rarr; <strong>1355</strong><br />(+21 for winning)
|raw|Diluer le Sal's rating: 1345 &rarr; <strong>1324</strong><br />(-21 for losing)
|l|☆Diluer le Sal
|player|p2|
|l|‽BlabberSaur
|player|p1|
