|j|☆qiuqiuni带带
|j|☆Racceth
|t:|1779969790
|gametype|singles
|player|p1|qiuqiuni带带|265|1108
|player|p2|Racceth|harlequin|1187
|gen|9
|tier|[Gen 9] OU
|rated|
|rule|HP Percentage Mod: HP is shown in percentages
|rule|Endless Battle Clause: Forcing endless battles is banned
|rule|Species Clause: Limit one of each Pokémon
|rule|OHKO Clause: OHKO moves are banned
|rule|Evasion Items Clause: Evasion items are banned
|rule|Evasion Moves Clause: Evasion moves are banned
|rule|Evasion Abilities Clause: Evasion abilities are banned
|rule|Sleep Moves Clause: Sleep-inducing moves are banned
|clearpoke
|poke|p1|Corviknight, M|
|poke|p1|Dragonite, M|
|poke|p1|Glimmora, M|
|poke|p1|Ceruledge, F|
|poke|p1|Iron Valiant|
|poke|p1|Walking Wake|
|poke|p2|Iron Valiant|
|poke|p2|Latios, M|
|poke|p2|Gligar, M|
|poke|p2|Haunter, M|
|poke|p2|Cloyster, F|
|poke|p2|Charizard, M|
|teampreview
|
|t:|1779969805
|teamsize|p1|6
|teamsize|p2|6
|start
|switch|p1a: Glimmora|Glimmora, M|100/100
|switch|p2a: Latios|Latios, M|100/100
|turn|1
|
|t:|1779969825
|move|p2a: Latios|Psyshock|p1a: Glimmora
|-supereffective|p1a: Glimmora
|-enditem|p1a: Glimmora|Focus Sash
|-damage|p1a: Glimmora|1/100
|move|p1a: Glimmora|Stealth Rock|p2a: Latios
|-sidestart|p2: Racceth|move: Stealth Rock
|
|upkeep
|turn|2
|
|t:|1779969839
|switch|p1a: Corviknight|Corviknight, M|100/100
|move|p2a: Latios|Psyshock|p1a: Corviknight
|-resisted|p1a: Corviknight
|-crit|p1a: Corviknight
|-damage|p1a: Corviknight|74/100
|
|upkeep
|turn|3
|
|t:|1779969861
|switch|p2a: Charizard|Charizard, M|100/100
|move|p1a: Corviknight|U-turn|p2a: Charizard
|-resisted|p2a: Charizard
|-damage|p2a: Charizard|96/100
|
|t:|1779969867
|switch|p1a: Walking Wake|Walking Wake|100/100|[from] U-turn
|
|upkeep
|turn|4
|
|t:|1779969876
|switch|p2a: Iron Valiant|Iron Valiant|100/100
|-damage|p2a: Iron Valiant|94/100|[from] Stealth Rock
|-enditem|p2a: Iron Valiant|Booster Energy
|-activate|p2a: Iron Valiant|ability: Quark Drive|[fromitem]
|-start|p2a: Iron Valiant|quarkdrivespe
|move|p1a: Walking Wake|Hydro Pump|p2a: Iron Valiant|[miss]
|-miss|p1a: Walking Wake|p2a: Iron Valiant
|
|upkeep
|turn|5
|
|t:|1779969893
|-end|p1a: Walking Wake|Protosynthesis|[silent]
|switch|p1a: Glimmora|Glimmora, M|1/100
|move|p2a: Iron Valiant|Moonblast|p1a: Glimmora
|-resisted|p1a: Glimmora
|-damage|p1a: Glimmora|0 fnt
|faint|p1a: Glimmora
|
|upkeep
|
|t:|1779969914
|switch|p1a: Iron Valiant|Iron Valiant|100/100
|-enditem|p1a: Iron Valiant|Booster Energy
|-activate|p1a: Iron Valiant|ability: Quark Drive|[fromitem]
|-start|p1a: Iron Valiant|quarkdrivespe
|turn|6
|
|t:|1779969932
|-terastallize|p1a: Iron Valiant|Ghost
|move|p2a: Iron Valiant|Moonblast|p1a: Iron Valiant
|-damage|p1a: Iron Valiant|19/100
|move|p1a: Iron Valiant|Moonblast|p2a: Iron Valiant
|-supereffective|p2a: Iron Valiant
|-damage|p2a: Iron Valiant|0 fnt
|faint|p2a: Iron Valiant
|-end|p2a: Iron Valiant|Quark Drive|[silent]
|
|upkeep
|
|t:|1779969953
|switch|p2a: Gligar|Gligar, M|100/100
|-damage|p2a: Gligar|88/100|[from] Stealth Rock
|turn|7
|
|t:|1779969964
|move|p1a: Iron Valiant|Shadow Ball|p2a: Gligar
|-damage|p2a: Gligar|53/100
|-unboost|p2a: Gligar|spd|1
|move|p2a: Gligar|Earthquake|p1a: Iron Valiant
|-damage|p1a: Iron Valiant|0 fnt
|faint|p1a: Iron Valiant
|-end|p1a: Iron Valiant|Quark Drive|[silent]
|
|upkeep
|
|t:|1779969974
|switch|p1a: Walking Wake|Walking Wake|100/100
|turn|8
|
|t:|1779969995
|move|p1a: Walking Wake|Surf|p2a: Gligar
|-supereffective|p2a: Gligar
|-crit|p2a: Gligar
|-damage|p2a: Gligar|0 fnt
|faint|p2a: Gligar
|
|upkeep
|
|t:|1779970003
|switch|p2a: Latios|Latios, M|100/100
|-damage|p2a: Latios|88/100|[from] Stealth Rock
|turn|9
|
|t:|1779970010
|-end|p1a: Walking Wake|Protosynthesis|[silent]
|switch|p1a: Corviknight|Corviknight, M|74/100
|move|p2a: Latios|Draco Meteor|p1a: Corviknight|[miss]
|-miss|p2a: Latios|p1a: Corviknight
|
|upkeep
|turn|10
|
|t:|1779970024
|switch|p2a: Charizard|Charizard, M|96/100
|move|p1a: Corviknight|U-turn|p2a: Charizard
|-resisted|p2a: Charizard
|-damage|p2a: Charizard|91/100
|
|t:|1779970031
|switch|p1a: Walking Wake|Walking Wake|100/100|[from] U-turn
|
|upkeep
|turn|11
|
|t:|1779970043
|switch|p2a: Latios|Latios, M|88/100
|-damage|p2a: Latios|76/100|[from] Stealth Rock
|move|p1a: Walking Wake|Draco Meteor|p2a: Latios
|-supereffective|p2a: Latios
|-damage|p2a: Latios|0 fnt
|-unboost|p1a: Walking Wake|spa|2
|faint|p2a: Latios
|
|upkeep
|
|t:|1779970062
|switch|p2a: Haunter|Haunter, M|100/100
|-damage|p2a: Haunter|88/100|[from] Stealth Rock
|turn|12
|
|t:|1779970079
|-end|p1a: Walking Wake|Protosynthesis|[silent]
|switch|p1a: Corviknight|Corviknight, M|74/100
|move|p2a: Haunter|Destiny Bond|p2a: Haunter
|-singlemove|p2a: Haunter|Destiny Bond
|
|upkeep
|turn|13
|
|t:|1779970096
|switch|p2a: Charizard|Charizard, M|91/100
|switch|p1a: Walking Wake|Walking Wake|100/100
|
|upkeep
|turn|14
|
|t:|1779970107
|switch|p2a: Haunter|Haunter, M|88/100
|-damage|p2a: Haunter|76/100|[from] Stealth Rock
|move|p1a: Walking Wake|Surf|p2a: Haunter
|-damage|p2a: Haunter|0 fnt
|faint|p2a: Haunter
|
|upkeep
|
|t:|1779970115
|switch|p2a: Cloyster|Cloyster, F|100/100
|-damage|p2a: Cloyster|76/100|[from] Stealth Rock
|turn|15
|
|t:|1779970123
|move|p1a: Walking Wake|Surf|p2a: Cloyster
|-resisted|p2a: Cloyster
|-damage|p2a: Cloyster|10/100
|move|p2a: Cloyster|Shell Smash|p2a: Cloyster
|-unboost|p2a: Cloyster|def|1
|-unboost|p2a: Cloyster|spd|1
|-boost|p2a: Cloyster|atk|2
|-boost|p2a: Cloyster|spa|2
|-boost|p2a: Cloyster|spe|2
|-enditem|p2a: Cloyster|White Herb
|-clearnegativeboost|p2a: Cloyster|[silent]
|
|upkeep
|turn|16
|
|t:|1779970135
|-end|p1a: Walking Wake|Protosynthesis|[silent]
|switch|p1a: Corviknight|Corviknight, M|74/100
|move|p2a: Cloyster|Icicle Spear|p1a: Corviknight
|-damage|p1a: Corviknight|60/100
|-damage|p1a: Corviknight|47/100
|-damage|p1a: Corviknight|35/100
|-damage|p1a: Corviknight|23/100
|-damage|p1a: Corviknight|10/100
|-hitcount|p1a: Corviknight|5
|
|upkeep
|turn|17
|
|t:|1779970149
|move|p2a: Cloyster|Icicle Spear|p1a: Corviknight
|-damage|p1a: Corviknight|0 fnt
|faint|p1a: Corviknight
|-hitcount|p1: Corviknight|1
|
|upkeep
|
|t:|1779970155
|switch|p1a: Dragonite|Dragonite, M|100/100
|turn|18
|
|t:|1779970165
|move|p1a: Dragonite|Extreme Speed|p2a: Cloyster
|-damage|p2a: Cloyster|0 fnt
|faint|p2a: Cloyster
|
|upkeep
|
|t:|1779970170
|switch|p2a: Charizard|Charizard, M|91/100
|turn|19
|
|t:|1779970178
|switch|p1a: Walking Wake|Walking Wake|100/100
|move|p2a: Charizard|Dragon Pulse|p1a: Walking Wake
|-supereffective|p1a: Walking Wake
|-damage|p1a: Walking Wake|39/100
|
|upkeep
|turn|20
|
|t:|1779970194
|move|p1a: Walking Wake|Surf|p2a: Charizard
|-supereffective|p2a: Charizard
|-damage|p2a: Charizard|0 fnt
|faint|p2a: Charizard
|
|win|qiuqiuni带带
|raw|qiuqiuni带带's rating: 1108 &rarr; <strong>1139</strong><br />(+31 for winning)
|raw|Racceth's rating: 1187 &rarr; <strong>1156</strong><br />(-31 for losing)
|l|☆Racceth
|player|p2|
|l|☆qiuqiuni带带
|player|p1|
