|j|☆Issocapi
|j|☆YaPasDeRalentir
|t:|1779898246
|gametype|singles
|player|p1|Issocapi|roughneck|1274
|player|p2|YaPasDeRalentir|unknown|1255
|gen|9
|tier|[Gen 9] OU
|rated|
|rule|HP Percentage Mod: HP is shown in percentages
|rule|Endless Battle Clause: Forcing endless battles is banned
|rule|Species Clause: Limit one of each Pokémon
|rule|OHKO Clause: OHKO moves are banned
|rule|Evasion Items Clause: Evasion items are banned
|rule|Evasion Moves Clause: Evasion moves are banned
|rule|Evasion Abilities Clause: Evasion abilities are banned
|rule|Sleep Moves Clause: Sleep-inducing moves are banned
|clearpoke
|poke|p1|Ribombee, F|
|poke|p1|Cinderace, M|
|poke|p1|Serperior, F|
|poke|p1|Mimikyu, M|
|poke|p1|Dragapult, F|
|poke|p1|Bisharp, F|
|poke|p2|Torkoal, F|
|poke|p2|Walking Wake|
|poke|p2|Great Tusk|
|poke|p2|Raging Bolt|
|poke|p2|Enamorus, F|
|poke|p2|Lilligant-Hisui, F|
|teampreview
|
|t:|1779898266
|teamsize|p1|6
|teamsize|p2|6
|start
|switch|p1a: Cinderace|Cinderace, M|100/100
|switch|p2a: Torkoal|Torkoal, F, shiny|100/100
|-weather|SunnyDay|[from] ability: Drought|[of] p2a: Torkoal
|turn|1
|
|t:|1779898282
|switch|p2a: Walking Wake|Walking Wake|100/100
|-activate|p2a: Walking Wake|ability: Protosynthesis
|-start|p2a: Walking Wake|protosynthesisspe
|move|p1a: Cinderace|Pyro Ball|p2a: Walking Wake
|-resisted|p2a: Walking Wake
|-damage|p2a: Walking Wake|79/100
|
|-weather|SunnyDay|[upkeep]
|upkeep
|turn|2
|
|t:|1779898296
|switch|p1a: Mimikyu|Mimikyu, M|100/100
|move|p2a: Walking Wake|Hydro Steam|p1a: Mimikyu
|-activate|p1a: Mimikyu|ability: Disguise
|-damage|p1a: Mimikyu|100/100
|detailschange|p1a: Mimikyu|Mimikyu-Busted, M
|-damage|p1a: Mimikyu|88/100|[from] pokemon: Mimikyu-Busted
|-enditem|p1a: Mimikyu|Red Card|[of] p2a: Walking Wake
|-end|p2a: Walking Wake|Protosynthesis|[silent]
|drag|p2a: Enamorus|Enamorus, F, shiny|100/100
|
|-weather|SunnyDay|[upkeep]
|upkeep
|turn|3
|
|t:|1779898338
|move|p2a: Enamorus|Iron Head|p1a: Mimikyu
|-supereffective|p1a: Mimikyu
|-damage|p1a: Mimikyu|0 fnt
|faint|p1a: Mimikyu
|
|-weather|SunnyDay|[upkeep]
|upkeep
|
|t:|1779898353
|switch|p1a: Ribombee|Ribombee, F|100/100
|turn|4
|
|t:|1779898363
|move|p1a: Ribombee|Sticky Web|p2a: Enamorus
|-sidestart|p2: YaPasDeRalentir|move: Sticky Web
|move|p2a: Enamorus|Iron Head|p1a: Ribombee
|-supereffective|p1a: Ribombee
|-enditem|p1a: Ribombee|Focus Sash
|-damage|p1a: Ribombee|1/100
|
|-weather|SunnyDay|[upkeep]
|upkeep
|turn|5
|
|t:|1779898370
|move|p1a: Ribombee|Moonblast|p2a: Enamorus
|-damage|p2a: Enamorus|47/100
|-boost|p2a: Enamorus|spa|1
|move|p2a: Enamorus|Iron Head|p1a: Ribombee
|-supereffective|p1a: Ribombee
|-damage|p1a: Ribombee|0 fnt
|faint|p1a: Ribombee
|
|-weather|SunnyDay|[upkeep]
|upkeep
|
|t:|1779898379
|switch|p1a: Dragapult|Dragapult, F|100/100
|turn|6
|
|t:|1779898432
|move|p1a: Dragapult|Thunderbolt|p2a: Enamorus
|-supereffective|p2a: Enamorus
|-damage|p2a: Enamorus|0 fnt
|faint|p2a: Enamorus
|-damage|p1a: Dragapult|91/100|[from] item: Life Orb
|
|-weather|SunnyDay|[upkeep]
|upkeep
|
|t:|1779898438
|switch|p2a: Torkoal|Torkoal, F, shiny|100/100
|-activate|p2a: Torkoal|move: Sticky Web
|-unboost|p2a: Torkoal|spe|1
|turn|7
|inactive|Battle timer is ON: inactive players will automatically lose when time's up. (requested by Issocapi)
|
|t:|1779898447
|move|p1a: Dragapult|Hydro Pump|p2a: Torkoal
|-supereffective|p2a: Torkoal
|-damage|p2a: Torkoal|55/100
|-damage|p1a: Dragapult|81/100|[from] item: Life Orb
|move|p2a: Torkoal|Stealth Rock|p1a: Dragapult
|-sidestart|p1: Issocapi|move: Stealth Rock
|
|-weather|SunnyDay|[upkeep]
|upkeep
|turn|8
|
|t:|1779898468
|switch|p2a: Lilligant|Lilligant-Hisui, F, shiny|100/100
|-activate|p2a: Lilligant|move: Sticky Web
|-unboost|p2a: Lilligant|spe|1
|move|p1a: Dragapult|Dragon Darts|p2a: Lilligant
|-damage|p2a: Lilligant|60/100
|-anim|p1a: Dragapult|Dragon Darts|p2a: Lilligant
|-damage|p2a: Lilligant|21/100
|-damage|p1a: Dragapult|71/100|[from] item: Life Orb
|
|-weather|none
|upkeep
|turn|9
|
|t:|1779898481
|switch|p2a: Torkoal|Torkoal, F, shiny|55/100
|-activate|p2a: Torkoal|move: Sticky Web
|-unboost|p2a: Torkoal|spe|1
|-weather|SunnyDay|[from] ability: Drought|[of] p2a: Torkoal
|move|p1a: Dragapult|Dragon Darts|p2a: Torkoal
|-damage|p2a: Torkoal|38/100
|-anim|p1a: Dragapult|Dragon Darts|p2a: Torkoal
|-damage|p2a: Torkoal|21/100
|-damage|p1a: Dragapult|61/100|[from] item: Life Orb
|
|-weather|SunnyDay|[upkeep]
|upkeep
|turn|10
|
|t:|1779898502
|move|p1a: Dragapult|Dragon Darts|p2a: Torkoal
|-damage|p2a: Torkoal|4/100
|-anim|p1a: Dragapult|Dragon Darts|p2a: Torkoal
|-damage|p2a: Torkoal|0 fnt
|faint|p2a: Torkoal
|-damage|p1a: Dragapult|52/100|[from] item: Life Orb
|
|-weather|SunnyDay|[upkeep]
|upkeep
|
|t:|1779898517
|switch|p2a: Lilligant|Lilligant-Hisui, F, shiny|21/100
|-activate|p2a: Lilligant|move: Sticky Web
|-unboost|p2a: Lilligant|spe|1
|turn|11
|
|t:|1779898535
|move|p1a: Dragapult|Dragon Darts|p2a: Lilligant
|-damage|p2a: Lilligant|0 fnt
|faint|p2a: Lilligant
|-damage|p1a: Dragapult|42/100|[from] item: Life Orb
|
|-weather|SunnyDay|[upkeep]
|upkeep
|
|t:|1779898544
|switch|p2a: Walking Wake|Walking Wake|79/100
|-activate|p2a: Walking Wake|move: Sticky Web
|-unboost|p2a: Walking Wake|spe|1
|-activate|p2a: Walking Wake|ability: Protosynthesis
|-start|p2a: Walking Wake|protosynthesisspa
|turn|12
|
|t:|1779898552
|move|p1a: Dragapult|Dragon Darts|p2a: Walking Wake
|-supereffective|p2a: Walking Wake
|-damage|p2a: Walking Wake|20/100
|-anim|p1a: Dragapult|Dragon Darts|p2a: Walking Wake
|-supereffective|p2a: Walking Wake
|-damage|p2a: Walking Wake|0 fnt
|faint|p2a: Walking Wake
|-end|p2a: Walking Wake|Protosynthesis|[silent]
|-damage|p1a: Dragapult|32/100|[from] item: Life Orb
|
|-weather|SunnyDay|[upkeep]
|upkeep
|
|t:|1779898560
|switch|p2a: Raging Bolt|Raging Bolt|100/100
|-activate|p2a: Raging Bolt|move: Sticky Web
|-unboost|p2a: Raging Bolt|spe|1
|-activate|p2a: Raging Bolt|ability: Protosynthesis
|-start|p2a: Raging Bolt|protosynthesisspa
|turn|13
|
|t:|1779898566
|move|p2a: Raging Bolt|Thunderclap|p1a: Dragapult
|-resisted|p1a: Dragapult
|-damage|p1a: Dragapult|0 fnt
|faint|p1a: Dragapult
|
|-weather|SunnyDay|[upkeep]
|upkeep
|
|t:|1779898582
|switch|p1a: Bisharp|Bisharp, F|100/100
|-damage|p1a: Bisharp|94/100|[from] Stealth Rock
|turn|14
|
|t:|1779898602
|move|p1a: Bisharp|Throat Chop|p2a: Raging Bolt
|-damage|p2a: Raging Bolt|63/100
|-start|p2a: Raging Bolt|Throat Chop|[silent]
|move|p2a: Raging Bolt|Weather Ball|p1a: Bisharp
|-supereffective|p1a: Bisharp
|-damage|p1a: Bisharp|0 fnt
|faint|p1a: Bisharp
|
|-weather|SunnyDay|[upkeep]
|upkeep
|
|t:|1779898610
|switch|p1a: Cinderace|Cinderace, M|100/100
|turn|15
|
|t:|1779898623
|-terastallize|p1a: Cinderace|Fire
|move|p2a: Raging Bolt|Thunderclap|p1a: Cinderace
|-damage|p1a: Cinderace|18/100
|move|p1a: Cinderace|Pyro Ball|p2a: Raging Bolt
|-resisted|p2a: Raging Bolt
|-damage|p2a: Raging Bolt|0 fnt
|faint|p2a: Raging Bolt
|-end|p2a: Raging Bolt|Protosynthesis|[silent]
|
|-weather|SunnyDay|[upkeep]
|upkeep
|
|t:|1779898635
|switch|p2a: Great Tusk|Great Tusk, shiny|100/100
|-activate|p2a: Great Tusk|move: Sticky Web
|-unboost|p2a: Great Tusk|spe|1
|-activate|p2a: Great Tusk|ability: Protosynthesis
|-start|p2a: Great Tusk|protosynthesisatk
|turn|16
|
|t:|1779898641
|move|p1a: Cinderace|Pyro Ball|p2a: Great Tusk
|-damage|p2a: Great Tusk|0 fnt
|faint|p2a: Great Tusk
|-end|p2a: Great Tusk|Protosynthesis|[silent]
|
|win|Issocapi
|raw|Issocapi's rating: 1274 &rarr; <strong>1298</strong><br />(+24 for winning)
|raw|YaPasDeRalentir's rating: 1255 &rarr; <strong>1231</strong><br />(-24 for losing)
|l|☆Issocapi
|player|p1|
|l|☆YaPasDeRalentir
|player|p2|
