|j|☆lord_brains
|j|☆Spit144
|t:|1779964384
|gametype|singles
|player|p1|lord_brains|nate|1340
|player|p2|Spit144|102|1319
|gen|9
|tier|[Gen 9] OU
|rated|
|rule|HP Percentage Mod: HP is shown in percentages
|rule|Endless Battle Clause: Forcing endless battles is banned
|rule|Species Clause: Limit one of each Pokémon
|rule|OHKO Clause: OHKO moves are banned
|rule|Evasion Items Clause: Evasion items are banned
|rule|Evasion Moves Clause: Evasion moves are banned
|rule|Evasion Abilities Clause: Evasion abilities are banned
|rule|Sleep Moves Clause: Sleep-inducing moves are banned
|clearpoke
|poke|p1|Scizor, F|
|poke|p1|Great Tusk|
|poke|p1|Kyurem|
|poke|p1|Glimmora, M|
|poke|p1|Chandelure, M|
|poke|p1|Samurott-Hisui, F|
|poke|p2|Raging Bolt|
|poke|p2|Pelipper, M|
|poke|p2|Iron Treads|
|poke|p2|Kingdra, M|
|poke|p2|Poliwrath, F|
|poke|p2|Toxicroak, M|
|teampreview
|inactive|Battle timer is ON: inactive players will automatically lose when time's up. (requested by Spit144)
|c|☆lord_brains|glhf :]
|
|t:|1779964403
|teamsize|p1|6
|teamsize|p2|6
|start
|switch|p1a: Glimmora|Glimmora, M|100/100
|switch|p2a: Pelipper|Pelipper, M|100/100
|-weather|RainDance|[from] ability: Drizzle|[of] p2a: Pelipper
|turn|1
|
|t:|1779964412
|move|p1a: Glimmora|Stealth Rock|p2a: Pelipper
|-sidestart|p2: Spit144|move: Stealth Rock
|move|p2a: Pelipper|Surf|p1a: Glimmora
|-supereffective|p1a: Glimmora
|-enditem|p1a: Glimmora|Focus Sash
|-damage|p1a: Glimmora|1/100
|
|-weather|RainDance|[upkeep]
|upkeep
|turn|2
|
|t:|1779964435
|switch|p2a: Iron Treads|Iron Treads|100/100
|-damage|p2a: Iron Treads|97/100|[from] Stealth Rock
|-enditem|p2a: Iron Treads|Booster Energy
|-activate|p2a: Iron Treads|ability: Quark Drive|[fromitem]
|-start|p2a: Iron Treads|quarkdrivespe
|move|p1a: Glimmora|Power Gem|p2a: Iron Treads
|-resisted|p2a: Iron Treads
|-damage|p2a: Iron Treads|86/100
|
|-weather|RainDance|[upkeep]
|upkeep
|turn|3
|
|t:|1779964447
|switch|p1a: Chandelure|Chandelure, M, shiny|100/100
|move|p2a: Iron Treads|Stealth Rock|p1a: Chandelure
|-sidestart|p1: lord_brains|move: Stealth Rock
|
|-weather|RainDance|[upkeep]
|upkeep
|turn|4
|
|t:|1779964462
|-end|p2a: Iron Treads|Quark Drive|[silent]
|switch|p2a: Poliwrath|Poliwrath, F|100/100
|-damage|p2a: Poliwrath|94/100|[from] Stealth Rock
|move|p1a: Chandelure|Will-O-Wisp|p2a: Poliwrath
|-status|p2a: Poliwrath|brn
|
|-weather|RainDance|[upkeep]
|-damage|p2a: Poliwrath|88/100 brn|[from] brn
|upkeep
|turn|5
|
|t:|1779964478
|move|p2a: Poliwrath|Liquidation|p1a: Chandelure
|-supereffective|p1a: Chandelure
|-damage|p1a: Chandelure|0 fnt
|faint|p1a: Chandelure
|
|-weather|RainDance|[upkeep]
|-damage|p2a: Poliwrath|82/100 brn|[from] brn
|upkeep
|
|t:|1779964485
|switch|p1a: Great Tusk|Great Tusk|100/100
|-damage|p1a: Great Tusk|97/100|[from] Stealth Rock
|turn|6
|
|t:|1779964491
|move|p2a: Poliwrath|Liquidation|p1a: Great Tusk
|-supereffective|p1a: Great Tusk
|-damage|p1a: Great Tusk|40/100
|-unboost|p1a: Great Tusk|def|1
|move|p1a: Great Tusk|Rapid Spin|p2a: Poliwrath
|-damage|p2a: Poliwrath|62/100 brn
|-boost|p1a: Great Tusk|spe|1
|-sideend|p1: lord_brains|Stealth Rock|[from] move: Rapid Spin|[of] p1a: Great Tusk
|
|-weather|RainDance|[upkeep]
|-heal|p1a: Great Tusk|46/100|[from] item: Leftovers
|-damage|p2a: Poliwrath|56/100 brn|[from] brn
|upkeep
|turn|7
|
|t:|1779964502
|move|p2a: Poliwrath|Liquidation|p1a: Great Tusk
|-supereffective|p1a: Great Tusk
|-damage|p1a: Great Tusk|0 fnt
|faint|p1a: Great Tusk
|-end|p1a: Great Tusk|Protosynthesis|[silent]
|
|-weather|RainDance|[upkeep]
|-damage|p2a: Poliwrath|50/100 brn|[from] brn
|upkeep
|
|t:|1779964512
|switch|p1a: Samurott|Samurott-Hisui, F|100/100
|turn|8
|
|t:|1779964523
|switch|p2a: Toxicroak|Toxicroak, M|100/100
|-damage|p2a: Toxicroak|94/100|[from] Stealth Rock
|move|p1a: Samurott|Ceaseless Edge|p2a: Toxicroak
|-resisted|p2a: Toxicroak
|-damage|p2a: Toxicroak|73/100
|-damage|p1a: Samurott|84/100|[from] item: Rocky Helmet|[of] p2a: Toxicroak
|-sidestart|p2: Spit144|Spikes
|
|-weather|none
|upkeep
|turn|9
|
|t:|1779964532
|switch|p1a: Glimmora|Glimmora, M|1/100
|move|p2a: Toxicroak|Drain Punch|p1a: Glimmora
|-damage|p1a: Glimmora|0 fnt
|-heal|p2a: Toxicroak|73/100|[from] drain|[of] p1a: Glimmora
|-activate|p1a: Glimmora|ability: Toxic Debris
|-sidestart|p2: Spit144|move: Toxic Spikes
|faint|p1a: Glimmora
|
|upkeep
|
|t:|1779964541
|switch|p1a: Kyurem|Kyurem|100/100
|-ability|p1a: Kyurem|Pressure
|turn|10
|
|t:|1779964548
|move|p1a: Kyurem|Freeze-Dry|p2a: Toxicroak
|-damage|p2a: Toxicroak|5/100
|move|p2a: Toxicroak|Encore|p1a: Kyurem
|-start|p1a: Kyurem|Encore
|
|upkeep
|turn|11
|
|t:|1779964554
|move|p1a: Kyurem|Freeze-Dry|p2a: Toxicroak
|-damage|p2a: Toxicroak|0 fnt
|faint|p2a: Toxicroak
|
|upkeep
|
|t:|1779964560
|switch|p2a: Iron Treads|Iron Treads|86/100
|-damage|p2a: Iron Treads|83/100|[from] Stealth Rock
|-damage|p2a: Iron Treads|70/100|[from] Spikes
|turn|12
|
|t:|1779964568
|switch|p1a: Scizor|Scizor, F|100/100
|move|p2a: Iron Treads|Rapid Spin|p1a: Scizor
|-resisted|p1a: Scizor
|-damage|p1a: Scizor|95/100
|-boost|p2a: Iron Treads|spe|1
|-sideend|p2: Spit144|Spikes|[from] move: Rapid Spin|[of] p2a: Iron Treads
|-sideend|p2: Spit144|Toxic Spikes|[from] move: Rapid Spin|[of] p2a: Iron Treads
|-sideend|p2: Spit144|Stealth Rock|[from] move: Rapid Spin|[of] p2a: Iron Treads
|
|upkeep
|turn|13
|
|t:|1779964583
|-end|p2a: Iron Treads|Quark Drive|[silent]
|switch|p2a: Pelipper|Pelipper, M|100/100
|-weather|RainDance|[from] ability: Drizzle|[of] p2a: Pelipper
|move|p1a: Scizor|U-turn|p2a: Pelipper
|-resisted|p2a: Pelipper
|-damage|p2a: Pelipper|81/100
|-damage|p1a: Scizor|85/100|[from] item: Life Orb
|
|t:|1779964591
|switch|p1a: Kyurem|Kyurem|100/100|[from] U-turn
|-ability|p1a: Kyurem|Pressure
|
|-weather|RainDance|[upkeep]
|upkeep
|turn|14
|
|t:|1779964597
|switch|p2a: Poliwrath|Poliwrath, F|50/100 brn
|move|p1a: Kyurem|Freeze-Dry|p2a: Poliwrath
|-supereffective|p2a: Poliwrath
|-damage|p2a: Poliwrath|0 fnt
|faint|p2a: Poliwrath
|
|-weather|RainDance|[upkeep]
|upkeep
|
|t:|1779964610
|switch|p2a: Kingdra|Kingdra, M|100/100
|turn|15
|
|t:|1779964618
|-terastallize|p1a: Kyurem|Ground
|move|p2a: Kingdra|Flip Turn|p1a: Kyurem
|-supereffective|p1a: Kyurem
|-damage|p1a: Kyurem|48/100
|
|t:|1779964623
|switch|p2a: Iron Treads|Iron Treads|70/100|[from] Flip Turn
|move|p1a: Kyurem|Freeze-Dry|p2a: Iron Treads
|-damage|p2a: Iron Treads|6/100
|
|-weather|RainDance|[upkeep]
|upkeep
|turn|16
|
|t:|1779964634
|switch|p1a: Scizor|Scizor, F|85/100
|move|p2a: Iron Treads|Stealth Rock|p1a: Scizor
|-sidestart|p1: lord_brains|move: Stealth Rock
|
|-weather|RainDance|[upkeep]
|upkeep
|turn|17
|
|t:|1779964640
|move|p1a: Scizor|Bullet Punch|p2a: Iron Treads
|-resisted|p2a: Iron Treads
|-damage|p2a: Iron Treads|0 fnt
|faint|p2a: Iron Treads
|-end|p2a: Iron Treads|Quark Drive|[silent]
|-damage|p1a: Scizor|75/100|[from] item: Life Orb
|
|-weather|RainDance|[upkeep]
|upkeep
|
|t:|1779964650
|switch|p2a: Kingdra|Kingdra, M|100/100
|turn|18
|
|t:|1779964653
|move|p2a: Kingdra|Weather Ball|p1a: Scizor
|-damage|p1a: Scizor|0 fnt
|faint|p1a: Scizor
|
|-weather|RainDance|[upkeep]
|upkeep
|
|t:|1779964657
|switch|p1a: Samurott|Samurott-Hisui, F|84/100
|-damage|p1a: Samurott|72/100|[from] Stealth Rock
|turn|19
|
|t:|1779964672
|switch|p2a: Pelipper|Pelipper, M|81/100
|move|p1a: Samurott|Ceaseless Edge|p2a: Pelipper
|-damage|p2a: Pelipper|47/100
|-sidestart|p2: Spit144|Spikes
|
|-weather|RainDance|[upkeep]
|upkeep
|turn|20
|
|t:|1779964679
|move|p1a: Samurott|Ceaseless Edge|p2a: Pelipper
|-damage|p2a: Pelipper|12/100
|-sidestart|p2: Spit144|Spikes
|move|p2a: Pelipper|Roost|p2a: Pelipper
|-heal|p2a: Pelipper|62/100
|-singleturn|p2a: Pelipper|move: Roost
|
|-weather|none
|upkeep
|turn|21
|
|t:|1779964685
|move|p1a: Samurott|Ceaseless Edge|p2a: Pelipper
|-damage|p2a: Pelipper|30/100
|-sidestart|p2: Spit144|Spikes
|move|p2a: Pelipper|Roost|p2a: Pelipper
|-heal|p2a: Pelipper|80/100
|-singleturn|p2a: Pelipper|move: Roost
|
|upkeep
|turn|22
|
|t:|1779964691
|move|p1a: Samurott|Ceaseless Edge|p2a: Pelipper
|-damage|p2a: Pelipper|47/100
|move|p2a: Pelipper|U-turn|p1a: Samurott
|-supereffective|p1a: Samurott
|-damage|p1a: Samurott|49/100
|
|t:|1779964711
|switch|p2a: Raging Bolt|Raging Bolt|100/100|[from] U-turn
|-damage|p2a: Raging Bolt|76/100|[from] Spikes
|-enditem|p2a: Raging Bolt|Booster Energy
|-activate|p2a: Raging Bolt|ability: Protosynthesis|[fromitem]
|-start|p2a: Raging Bolt|protosynthesisspa
|
|upkeep
|turn|23
|
|t:|1779964722
|switch|p1a: Kyurem|Kyurem, tera:Ground|48/100
|-damage|p1a: Kyurem|42/100|[from] Stealth Rock
|-ability|p1a: Kyurem|Pressure
|move|p2a: Raging Bolt|Dragon Pulse|p1a: Kyurem
|-damage|p1a: Kyurem|0 fnt
|faint|p1a: Kyurem
|
|upkeep
|
|t:|1779964729
|switch|p1a: Samurott|Samurott-Hisui, F|49/100
|-damage|p1a: Samurott|37/100|[from] Stealth Rock
|turn|24
|c|☆lord_brains|gg
|
|t:|1779964739
|move|p1a: Samurott|Ceaseless Edge|p2a: Raging Bolt
|-damage|p2a: Raging Bolt|34/100
|move|p2a: Raging Bolt|Dragon Pulse|p1a: Samurott
|-damage|p1a: Samurott|0 fnt
|faint|p1a: Samurott
|
|win|Spit144
|raw|lord_brains's rating: 1340 &rarr; <strong>1319</strong><br />(-21 for losing)
|raw|Spit144's rating: 1319 &rarr; <strong>1340</strong><br />(+21 for winning)
|c|☆Spit144|gg
|l|☆lord_brains
|player|p1|
|l|☆Spit144
|player|p2|
