|j|☆Chrisnwobu
|j|☆thelarpinglarper
|t:|1779928090
|gametype|singles
|player|p1|Chrisnwobu|skier|1548
|player|p2|thelarpinglarper|sordward|1645
|gen|9
|tier|[Gen 9] OU
|rated|
|rule|HP Percentage Mod: HP is shown in percentages
|rule|Endless Battle Clause: Forcing endless battles is banned
|rule|Species Clause: Limit one of each Pokémon
|rule|OHKO Clause: OHKO moves are banned
|rule|Evasion Items Clause: Evasion items are banned
|rule|Evasion Moves Clause: Evasion moves are banned
|rule|Evasion Abilities Clause: Evasion abilities are banned
|rule|Sleep Moves Clause: Sleep-inducing moves are banned
|clearpoke
|poke|p1|Pelipper, L99, M|
|poke|p1|Walking Wake|
|poke|p1|Barraskewda, F|
|poke|p1|Corviknight, L97, F|
|poke|p1|Clodsire, F|
|poke|p1|Regieleki|
|poke|p2|Samurott-Hisui, F|
|poke|p2|Iron Treads|
|poke|p2|Iron Valiant|
|poke|p2|Rotom-Wash|
|poke|p2|Iron Moth|
|poke|p2|Pecharunt|
|teampreview
|inactive|Battle timer is ON: inactive players will automatically lose when time's up. (requested by thelarpinglarper)
|j| Drewisonline
|l| Drewisonline
|j| Drewisonline
|c| Drewisonline|whats with the off levels
|c|☆thelarpinglarper|aura
|
|t:|1779928118
|teamsize|p1|6
|teamsize|p2|6
|start
|switch|p1a: Regieleki|Regieleki|100/100
|switch|p2a: Iron Moth|Iron Moth|100/100
|-item|p1a: Regieleki|Air Balloon
|turn|1
|
|t:|1779928140
|move|p1a: Regieleki|Supercell Slam|p2a: Iron Moth
|-damage|p2a: Iron Moth|0 fnt
|faint|p2a: Iron Moth
|-end|p2a: Iron Moth|Quark Drive|[silent]
|
|upkeep
|
|t:|1779928145
|switch|p2a: Iron Treads|Iron Treads|100/100
|turn|2
|c|☆Chrisnwobu|^
|
|t:|1779928166
|switch|p1a: Pelipper|Pelipper, L99, M|100/100
|-weather|RainDance|[from] ability: Drizzle|[of] p1a: Pelipper
|move|p2a: Iron Treads|Stealth Rock|p1a: Pelipper
|-sidestart|p1: Chrisnwobu|move: Stealth Rock
|
|-weather|RainDance|[upkeep]
|upkeep
|turn|3
|
|t:|1779928174
|-end|p2a: Iron Treads|Quark Drive|[silent]
|switch|p2a: Rotom|Rotom-Wash|100/100
|move|p1a: Pelipper|U-turn|p2a: Rotom
|-damage|p2a: Rotom|93/100
|l| Drewisonline
|
|t:|1779928179
|switch|p1a: Regieleki|Regieleki|100/100|[from] U-turn
|-damage|p1a: Regieleki|88/100|[from] Stealth Rock
|-item|p1a: Regieleki|Air Balloon
|
|-weather|RainDance|[upkeep]
|upkeep
|turn|4
|j| FaronAan
|j| Old Man Prof
|inactive|thelarpinglarper has 120 seconds left.
|
|t:|1779928215
|switch|p2a: Iron Treads|Iron Treads|100/100
|move|p1a: Regieleki|Volt Switch|p2a: Iron Treads
|-immune|p2a: Iron Treads
|
|-weather|RainDance|[upkeep]
|upkeep
|turn|5
|inactive|thelarpinglarper has 120 seconds left.
|
|t:|1779928222
|-end|p2a: Iron Treads|Quark Drive|[silent]
|switch|p2a: Rotom|Rotom-Wash|93/100
|move|p1a: Regieleki|Rapid Spin|p2a: Rotom
|-damage|p2a: Rotom|80/100
|-boost|p1a: Regieleki|spe|1
|-sideend|p1: Chrisnwobu|Stealth Rock|[from] move: Rapid Spin|[of] p1a: Regieleki
|
|-weather|RainDance|[upkeep]
|upkeep
|turn|6
|
|t:|1779928232
|move|p1a: Regieleki|Volt Switch|p2a: Rotom
|-damage|p2a: Rotom|50/100
|
|t:|1779928237
|switch|p1a: Clodsire|Clodsire, F|100/100|[from] Volt Switch
|move|p2a: Rotom|Hydro Pump|p1a: Clodsire
|-immune|p1a: Clodsire|[from] ability: Water Absorb
|
|-weather|RainDance|[upkeep]
|upkeep
|turn|7
|
|t:|1779928245
|move|p2a: Rotom|Pain Split|p1a: Clodsire
|-sethp|p1a: Clodsire|67/100|[from] move: Pain Split|[silent]
|-sethp|p2a: Rotom|100/100|[from] move: Pain Split
|move|p1a: Clodsire|Stealth Rock|p2a: Rotom
|-sidestart|p2: thelarpinglarper|move: Stealth Rock
|
|-weather|RainDance|[upkeep]
|-heal|p1a: Clodsire|73/100|[from] item: Leftovers
|upkeep
|turn|8
|
|t:|1779928260
|switch|p2a: Samurott|Samurott-Hisui, F|100/100
|-damage|p2a: Samurott|88/100|[from] Stealth Rock
|move|p1a: Clodsire|High Horsepower|p2a: Samurott
|-damage|p2a: Samurott|54/100
|
|-weather|RainDance|[upkeep]
|-heal|p1a: Clodsire|79/100|[from] item: Leftovers
|upkeep
|turn|9
|
|t:|1779928282
|switch|p1a: Corviknight|Corviknight, L97, F|100/100
|-ability|p1a: Corviknight|Pressure
|move|p2a: Samurott|Ceaseless Edge|p1a: Corviknight
|-damage|p1a: Corviknight|61/100
|-damage|p2a: Samurott|37/100|[from] item: Rocky Helmet|[of] p1a: Corviknight
|-sidestart|p1: Chrisnwobu|Spikes
|
|-weather|none
|upkeep
|turn|10
|
|t:|1779928292
|switch|p2a: Rotom|Rotom-Wash|100/100
|-damage|p2a: Rotom|88/100|[from] Stealth Rock
|move|p1a: Corviknight|Roost|p1a: Corviknight
|-heal|p1a: Corviknight|100/100
|-singleturn|p1a: Corviknight|move: Roost
|
|upkeep
|turn|11
|
|t:|1779928305
|switch|p2a: Iron Treads|Iron Treads|100/100
|move|p1a: Corviknight|Defog|p2a: Iron Treads
|-unboost|p2a: Iron Treads|evasion|1
|-sideend|p2: thelarpinglarper|Stealth Rock|[from] move: Defog|[of] p1a: Corviknight
|-sideend|p1: Chrisnwobu|Spikes|[from] move: Defog|[of] p1a: Corviknight
|
|upkeep
|turn|12
|
|t:|1779928309
|switch|p1a: Pelipper|Pelipper, L99, M|100/100
|-weather|RainDance|[from] ability: Drizzle|[of] p1a: Pelipper
|move|p2a: Iron Treads|Knock Off|p1a: Pelipper
|-damage|p1a: Pelipper|81/100
|-enditem|p1a: Pelipper|Damp Rock|[from] move: Knock Off|[of] p2a: Iron Treads
|
|-weather|RainDance|[upkeep]
|upkeep
|turn|13
|
|t:|1779928316
|move|p2a: Iron Treads|Stealth Rock|p1a: Pelipper
|-sidestart|p1: Chrisnwobu|move: Stealth Rock
|move|p1a: Pelipper|Surf|p2a: Iron Treads
|-supereffective|p2a: Iron Treads
|-damage|p2a: Iron Treads|0 fnt
|faint|p2a: Iron Treads
|-end|p2a: Iron Treads|Quark Drive|[silent]
|
|-weather|RainDance|[upkeep]
|upkeep
|
|t:|1779928321
|switch|p2a: Rotom|Rotom-Wash|88/100
|turn|14
|
|t:|1779928326
|switch|p2a: Samurott|Samurott-Hisui, F|37/100
|switch|p1a: Clodsire|Clodsire, F|79/100
|-damage|p1a: Clodsire|73/100|[from] Stealth Rock
|
|-weather|RainDance|[upkeep]
|-heal|p1a: Clodsire|79/100|[from] item: Leftovers
|upkeep
|turn|15
|
|t:|1779928331
|switch|p1a: Corviknight|Corviknight, L97, F|100/100
|-damage|p1a: Corviknight|88/100|[from] Stealth Rock
|-ability|p1a: Corviknight|Pressure
|-terastallize|p2a: Samurott|Dark
|move|p2a: Samurott|Ceaseless Edge|p1a: Corviknight
|-damage|p1a: Corviknight|27/100
|-damage|p2a: Samurott|21/100|[from] item: Rocky Helmet|[of] p1a: Corviknight
|-sidestart|p1: Chrisnwobu|Spikes
|
|-weather|RainDance|[upkeep]
|upkeep
|turn|16
|
|t:|1779928335
|move|p2a: Samurott|Ceaseless Edge|p1a: Corviknight
|-damage|p1a: Corviknight|0 fnt
|-damage|p2a: Samurott|4/100|[from] item: Rocky Helmet|[of] p1a: Corviknight
|-sidestart|p1: Chrisnwobu|Spikes
|faint|p1a: Corviknight
|
|-weather|RainDance|[upkeep]
|upkeep
|
|t:|1779928345
|switch|p1a: Barraskewda|Barraskewda, F|100/100
|-damage|p1a: Barraskewda|88/100|[from] Stealth Rock
|-damage|p1a: Barraskewda|72/100|[from] Spikes
|turn|17
|
|t:|1779928354
|switch|p2a: Iron Valiant|Iron Valiant|100/100
|move|p1a: Barraskewda|Aqua Jet|p2a: Iron Valiant
|-damage|p2a: Iron Valiant|36/100
|
|-weather|RainDance|[upkeep]
|upkeep
|turn|18
|
|t:|1779928361
|-end|p2a: Iron Valiant|Quark Drive|[silent]
|switch|p2a: Rotom|Rotom-Wash|88/100
|move|p1a: Barraskewda|Aqua Jet|p2a: Rotom
|-resisted|p2a: Rotom
|-damage|p2a: Rotom|67/100
|
|-weather|RainDance|[upkeep]
|upkeep
|turn|19
|
|t:|1779928375
|switch|p2a: Samurott|Samurott-Hisui, F, tera:Dark|4/100
|move|p1a: Barraskewda|Aqua Jet|p2a: Samurott
|-damage|p2a: Samurott|0 fnt
|faint|p2a: Samurott
|
|-weather|none
|upkeep
|c|☆thelarpinglarper|gg
|-message|thelarpinglarper forfeited.
|
|win|Chrisnwobu
|raw|Chrisnwobu's rating: 1548 &rarr; <strong>1573</strong><br />(+25 for winning)
|raw|thelarpinglarper's rating: 1645 &rarr; <strong>1620</strong><br />(-25 for losing)
|l|☆thelarpinglarper
|player|p2|
|l| FaronAan
|l| Old Man Prof
