|j|☆I'm evil and spicy
|j|☆Dariokemontraining
|t:|1779970569
|gametype|singles
|player|p1|I'm evil and spicy|clair|1570
|player|p2|Dariokemontraining|265|1630
|gen|9
|tier|[Gen 9] OU
|rated|
|rule|HP Percentage Mod: HP is shown in percentages
|rule|Endless Battle Clause: Forcing endless battles is banned
|rule|Species Clause: Limit one of each Pokémon
|rule|OHKO Clause: OHKO moves are banned
|rule|Evasion Items Clause: Evasion items are banned
|rule|Evasion Moves Clause: Evasion moves are banned
|rule|Evasion Abilities Clause: Evasion abilities are banned
|rule|Sleep Moves Clause: Sleep-inducing moves are banned
|clearpoke
|poke|p1|Regieleki|
|poke|p1|Walking Wake|
|poke|p1|Whimsicott, M|
|poke|p1|Ninetales, F|
|poke|p1|Great Tusk|
|poke|p1|Iron Moth|
|poke|p2|Darkrai|
|poke|p2|Iron Treads|
|poke|p2|Latias, F|
|poke|p2|Kyurem|
|poke|p2|Dragapult, M|
|poke|p2|Kingambit, M|
|teampreview
|
|t:|1779970591
|teamsize|p1|6
|teamsize|p2|6
|start
|switch|p1a: Ninetales|Ninetales, F|100/100
|switch|p2a: Iron Treads|Iron Treads, shiny|100/100
|-weather|SunnyDay|[from] ability: Drought|[of] p1a: Ninetales
|-enditem|p2a: Iron Treads|Booster Energy
|-activate|p2a: Iron Treads|ability: Quark Drive|[fromitem]
|-start|p2a: Iron Treads|quarkdrivespe
|turn|1
|
|t:|1779970611
|switch|p1a: Whimsicott|Whimsicott, M|100/100
|move|p2a: Iron Treads|Earthquake|p1a: Whimsicott
|-resisted|p1a: Whimsicott
|-damage|p1a: Whimsicott|68/100
|
|-weather|SunnyDay|[upkeep]
|upkeep
|turn|2
|
|t:|1779970619
|move|p1a: Whimsicott|Giga Drain|p2a: Iron Treads
|-damage|p2a: Iron Treads|48/100
|-heal|p1a: Whimsicott|96/100|[from] drain|[of] p2a: Iron Treads
|-damage|p1a: Whimsicott|86/100|[from] item: Life Orb
|move|p2a: Iron Treads|Ice Spinner|p1a: Whimsicott
|-supereffective|p1a: Whimsicott
|-damage|p1a: Whimsicott|26/100
|
|-weather|SunnyDay|[upkeep]
|upkeep
|turn|3
|
|t:|1779970629
|move|p1a: Whimsicott|Giga Drain|p2a: Iron Treads
|-damage|p2a: Iron Treads|0 fnt
|-heal|p1a: Whimsicott|51/100|[from] drain|[of] p2a: Iron Treads
|faint|p2a: Iron Treads
|-end|p2a: Iron Treads|Quark Drive|[silent]
|-damage|p1a: Whimsicott|41/100|[from] item: Life Orb
|
|-weather|SunnyDay|[upkeep]
|upkeep
|
|t:|1779970639
|switch|p2a: Darkrai|Darkrai|100/100
|turn|4
|
|t:|1779970651
|move|p1a: Whimsicott|Shadow Ball|p2a: Darkrai
|-resisted|p2a: Darkrai
|-damage|p2a: Darkrai|83/100
|-damage|p1a: Whimsicott|31/100|[from] item: Life Orb
|move|p2a: Darkrai|Ice Beam|p1a: Whimsicott
|-supereffective|p1a: Whimsicott
|-damage|p1a: Whimsicott|0 fnt
|faint|p1a: Whimsicott
|
|-weather|SunnyDay|[upkeep]
|upkeep
|
|t:|1779970658
|switch|p1a: Regieleki|Regieleki|100/100
|turn|5
|
|t:|1779970665
|-terastallize|p1a: Regieleki|Electric
|move|p1a: Regieleki|Volt Switch|p2a: Darkrai
|-damage|p2a: Darkrai|0 fnt
|faint|p2a: Darkrai
|
|t:|1779970680
|switch|p1a: Iron Moth|Iron Moth|100/100|[from] Volt Switch
|
|-weather|SunnyDay|[upkeep]
|upkeep
|
|t:|1779970691
|switch|p2a: Freeza|Kyurem|100/100
|-ability|p2a: Freeza|Pressure
|turn|6
|
|t:|1779970696
|move|p1a: Iron Moth|Overheat|p2a: Freeza
|-damage|p2a: Freeza|0 fnt
|-unboost|p1a: Iron Moth|spa|2
|faint|p2a: Freeza
|-damage|p1a: Iron Moth|91/100|[from] item: Life Orb
|
|-weather|SunnyDay|[upkeep]
|upkeep
|
|t:|1779970704
|switch|p2a: Clutch|Latias, F, shiny|100/100
|turn|7
|
|t:|1779970731
|-end|p1a: Iron Moth|Quark Drive|[silent]
|switch|p1a: Walking Wake|Walking Wake|100/100
|-activate|p1a: Walking Wake|ability: Protosynthesis
|-start|p1a: Walking Wake|protosynthesisspa
|move|p2a: Clutch|Agility|p2a: Clutch
|-boost|p2a: Clutch|spe|2
|
|-weather|SunnyDay|[upkeep]
|upkeep
|turn|8
|
|t:|1779970741
|-terastallize|p2a: Clutch|Poison
|move|p2a: Clutch|Calm Mind|p2a: Clutch
|-boost|p2a: Clutch|spa|1
|-boost|p2a: Clutch|spd|1
|move|p1a: Walking Wake|Hydro Steam|p2a: Clutch
|-damage|p2a: Clutch|40/100
|
|-weather|none
|-end|p1a: Walking Wake|Protosynthesis
|upkeep
|turn|9
|
|t:|1779970754
|move|p2a: Clutch|Calm Mind|p2a: Clutch
|-boost|p2a: Clutch|spa|1
|-boost|p2a: Clutch|spd|1
|move|p1a: Walking Wake|Hydro Steam|p2a: Clutch
|-damage|p2a: Clutch|17/100
|
|upkeep
|turn|10
|-message|I'm evil and spicy forfeited.
|
|win|Dariokemontraining
|raw|I&apos;m evil and spicy's rating: 1570 &rarr; <strong>1553</strong><br />(-17 for losing)
|raw|Dariokemontraining's rating: 1630 &rarr; <strong>1647</strong><br />(+17 for winning)
|l|☆I'm evil and spicy
|player|p1|
|c|☆Dariokemontraining|Gg
|l|☆Dariokemontraining
|player|p2|
