|j|☆Aleph501!
|j|☆cachowcapow
|t:|1779895378
|gametype|singles
|player|p1|Aleph501!|1|1440
|player|p2|cachowcapow|101|1490
|gen|9
|tier|[Gen 9] OU
|rated|
|rule|HP Percentage Mod: HP is shown in percentages
|rule|Endless Battle Clause: Forcing endless battles is banned
|rule|Species Clause: Limit one of each Pokémon
|rule|OHKO Clause: OHKO moves are banned
|rule|Evasion Items Clause: Evasion items are banned
|rule|Evasion Moves Clause: Evasion moves are banned
|rule|Evasion Abilities Clause: Evasion abilities are banned
|rule|Sleep Moves Clause: Sleep-inducing moves are banned
|clearpoke
|poke|p1|Garchomp, F|
|poke|p1|Tyranitar, F|
|poke|p1|Corviknight, F|
|poke|p1|Clefable, M|
|poke|p1|Scizor, M|
|poke|p1|Volcanion|
|poke|p2|Slowking-Galar, M|
|poke|p2|Alomomola, M|
|poke|p2|Dragapult, F|
|poke|p2|Heatran, F|
|poke|p2|Hatterene, F|
|poke|p2|Mabosstiff, M|
|teampreview
|inactive|Battle timer is ON: inactive players will automatically lose when time's up. (requested by Aleph501!)
|
|t:|1779895400
|teamsize|p1|6
|teamsize|p2|6
|start
|switch|p1a: Tyranitar|Tyranitar, F|100/100
|switch|p2a: Dragapult|Dragapult, F|100/100
|-weather|Sandstorm|[from] ability: Sand Stream|[of] p1a: Tyranitar
|turn|1
|
|t:|1779895409
|move|p2a: Dragapult|U-turn|p1a: Tyranitar
|-supereffective|p1a: Tyranitar
|-damage|p1a: Tyranitar|54/100
|
|t:|1779895421
|switch|p2a: Alomomola|Alomomola, M|100/100|[from] U-turn
|move|p1a: Tyranitar|Knock Off|p2a: Alomomola
|-damage|p2a: Alomomola|67/100
|-enditem|p2a: Alomomola|Heavy-Duty Boots|[from] move: Knock Off|[of] p1a: Tyranitar
|
|-weather|Sandstorm|[upkeep]
|-damage|p2a: Alomomola|61/100|[from] Sandstorm
|upkeep
|turn|2
|
|t:|1779895432
|switch|p1a: Volcanion|Volcanion|100/100
|move|p2a: Alomomola|Flip Turn|p1a: Volcanion
|-immune|p1a: Volcanion|[from] ability: Water Absorb
|
|-weather|Sandstorm|[upkeep]
|-damage|p1a: Volcanion|95/100|[from] Sandstorm
|-damage|p2a: Alomomola|55/100|[from] Sandstorm
|upkeep
|turn|3
|
|t:|1779895442
|switch|p2a: Slowking|Slowking-Galar, M|100/100
|move|p1a: Volcanion|Steam Eruption|p2a: Slowking
|-damage|p2a: Slowking|70/100
|
|-weather|Sandstorm|[upkeep]
|-damage|p1a: Volcanion|89/100|[from] Sandstorm
|-damage|p2a: Slowking|64/100|[from] Sandstorm
|upkeep
|turn|4
|
|t:|1779895451
|move|p1a: Volcanion|Earth Power|p2a: Slowking
|-supereffective|p2a: Slowking
|-damage|p2a: Slowking|29/100
|move|p2a: Slowking|Flamethrower|p1a: Volcanion
|-resisted|p1a: Volcanion
|-damage|p1a: Volcanion|85/100
|
|-weather|Sandstorm|[upkeep]
|-damage|p1a: Volcanion|79/100|[from] Sandstorm
|-damage|p2a: Slowking|23/100|[from] Sandstorm
|upkeep
|turn|5
|
|t:|1779895462
|switch|p2a: Alomomola|Alomomola, M|88/100
|move|p1a: Volcanion|Earth Power|p2a: Alomomola
|-damage|p2a: Alomomola|60/100
|-unboost|p2a: Alomomola|spd|1
|
|-weather|none
|upkeep
|turn|6
|
|t:|1779895479
|switch|p2a: Slowking|Slowking-Galar, M|56/100
|move|p1a: Volcanion|Sludge Bomb|p2a: Slowking
|-resisted|p2a: Slowking
|-damage|p2a: Slowking|48/100
|
|upkeep
|turn|7
|
|t:|1779895487
|move|p1a: Volcanion|Earth Power|p2a: Slowking
|-supereffective|p2a: Slowking
|-damage|p2a: Slowking|13/100
|move|p2a: Slowking|Future Sight|p1a: Volcanion
|-start|p2a: Slowking|move: Future Sight
|
|upkeep
|turn|8
|
|t:|1779895496
|switch|p2a: Alomomola|Alomomola, M|94/100
|move|p1a: Volcanion|Steam Eruption|p2a: Alomomola
|-resisted|p2a: Alomomola
|-damage|p2a: Alomomola|66/100
|
|upkeep
|turn|9
|
|t:|1779895503
|move|p1a: Volcanion|Sludge Bomb|p2a: Alomomola
|-damage|p2a: Alomomola|41/100
|-status|p2a: Alomomola|psn
|move|p2a: Alomomola|Wish|p2a: Alomomola
|
|-end|p1a: Volcanion|move: Future Sight
|-damage|p1a: Volcanion|43/100
|-damage|p2a: Alomomola|28/100 psn|[from] psn
|upkeep
|turn|10
|
|t:|1779895513
|switch|p2a: Slowking|Slowking-Galar, M|46/100
|move|p1a: Volcanion|Earth Power|p2a: Slowking
|-supereffective|p2a: Slowking
|-damage|p2a: Slowking|10/100
|
|-heal|p2a: Slowking|72/100|[from] move: Wish|[wisher] Alomomola
|upkeep
|turn|11
|
|t:|1779895522
|switch|p2a: Alomomola|Alomomola, M|62/100 psn
|move|p1a: Volcanion|Earth Power|p2a: Alomomola
|-damage|p2a: Alomomola|35/100 psn
|
|-damage|p2a: Alomomola|22/100 psn|[from] psn
|upkeep
|turn|12
|
|t:|1779895531
|switch|p2a: Slowking|Slowking-Galar, M|100/100
|move|p1a: Volcanion|Earth Power|p2a: Slowking
|-supereffective|p2a: Slowking
|-damage|p2a: Slowking|67/100
|
|upkeep
|turn|13
|
|t:|1779895538
|move|p1a: Volcanion|Earth Power|p2a: Slowking
|-supereffective|p2a: Slowking
|-damage|p2a: Slowking|30/100
|move|p2a: Slowking|Sludge Bomb|p1a: Volcanion
|-damage|p1a: Volcanion|14/100
|-status|p1a: Volcanion|psn
|
|-damage|p1a: Volcanion|2/100 psn|[from] psn
|upkeep
|turn|14
|
|t:|1779895548
|switch|p2a: Hatterene|Hatterene, F|100/100
|move|p1a: Volcanion|Earth Power|p2a: Hatterene
|-damage|p2a: Hatterene|65/100
|
|-damage|p1a: Volcanion|0 fnt|[from] psn
|faint|p1a: Volcanion
|upkeep
|
|t:|1779895559
|switch|p1a: Scizor|Scizor, M|100/100
|turn|15
|
|t:|1779895572
|switch|p2a: Alomomola|Alomomola, M|56/100 psn
|-terastallize|p1a: Scizor|Ground
|move|p1a: Scizor|Swords Dance|p1a: Scizor
|-boost|p1a: Scizor|atk|2
|
|-damage|p2a: Alomomola|43/100 psn|[from] psn
|upkeep
|turn|16
|
|t:|1779895585
|move|p1a: Scizor|U-turn|p2a: Alomomola
|-damage|p2a: Alomomola|0 fnt
|faint|p2a: Alomomola
|
|t:|1779895590
|switch|p1a: Tyranitar|Tyranitar, F|54/100|[from] U-turn
|-weather|Sandstorm|[from] ability: Sand Stream|[of] p1a: Tyranitar
|
|-weather|Sandstorm|[upkeep]
|upkeep
|
|t:|1779895616
|switch|p2a: Dragapult|Dragapult, F|100/100
|turn|17
|
|t:|1779895623
|move|p2a: Dragapult|U-turn|p1a: Tyranitar
|-supereffective|p1a: Tyranitar
|-damage|p1a: Tyranitar|8/100
|
|t:|1779895627
|switch|p2a: Hatterene|Hatterene, F|65/100|[from] U-turn
|move|p1a: Tyranitar|Knock Off|p2a: Hatterene
|-damage|p2a: Hatterene|15/100
|-enditem|p2a: Hatterene|Covert Cloak|[from] move: Knock Off|[of] p1a: Tyranitar
|
|-weather|Sandstorm|[upkeep]
|-damage|p2a: Hatterene|9/100|[from] Sandstorm
|upkeep
|turn|18
|
|t:|1779895639
|switch|p1a: Corviknight|Corviknight, F|100/100
|-ability|p1a: Corviknight|Pressure
|move|p2a: Hatterene|Draining Kiss|p1a: Corviknight
|-resisted|p1a: Corviknight
|-damage|p1a: Corviknight|90/100
|-heal|p2a: Hatterene|19/100|[from] drain|[of] p1a: Corviknight
|-damage|p2a: Hatterene|2/100|[from] item: Rocky Helmet|[of] p1a: Corviknight
|
|-weather|Sandstorm|[upkeep]
|-damage|p2a: Hatterene|0 fnt|[from] Sandstorm
|faint|p2a: Hatterene
|upkeep
|
|t:|1779895655
|switch|p2a: Heatran|Heatran, F|100/100
|turn|19
|
|t:|1779895665
|switch|p1a: Garchomp|Garchomp, F|100/100
|move|p2a: Heatran|Magma Storm|p1a: Garchomp
|-resisted|p1a: Garchomp
|-damage|p1a: Garchomp|76/100
|-activate|p1a: Garchomp|move: Magma Storm|[of] p2a: Heatran
|
|-weather|Sandstorm|[upkeep]
|-damage|p1a: Garchomp|64/100|[from] move: Magma Storm|[partiallytrapped]
|upkeep
|turn|20
|
|t:|1779895675
|switch|p2a: Mabosstiff|Mabosstiff, M|100/100
|-ability|p2a: Mabosstiff|Intimidate|boost
|-unboost|p1a: Garchomp|atk|1
|move|p1a: Garchomp|Earthquake|p2a: Mabosstiff
|-damage|p2a: Mabosstiff|80/100
|-enditem|p2a: Mabosstiff|Kee Berry|[eat]
|-boost|p2a: Mabosstiff|def|1|[from] item: Kee Berry
|
|-weather|none
|-end|p1a: Garchomp|Magma Storm|[partiallytrapped]|[silent]
|upkeep
|turn|21
|
|t:|1779895686
|move|p2a: Mabosstiff|Jaw Lock|p1a: Garchomp
|-damage|p1a: Garchomp|45/100
|-activate|p2a: Mabosstiff|trapped
|-activate|p1a: Garchomp|trapped
|-damage|p2a: Mabosstiff|68/100|[from] ability: Rough Skin|[of] p1a: Garchomp
|-damage|p2a: Mabosstiff|52/100|[from] item: Rocky Helmet|[of] p1a: Garchomp
|move|p1a: Garchomp|Dragon Tail|p2a: Mabosstiff
|-damage|p2a: Mabosstiff|43/100
|drag|p2a: Slowking|Slowking-Galar, M|64/100
|
|upkeep
|turn|22
|
|t:|1779895697
|switch|p2a: Mabosstiff|Mabosstiff, M|43/100
|-ability|p2a: Mabosstiff|Intimidate|boost
|-unboost|p1a: Garchomp|atk|1
|move|p1a: Garchomp|Stealth Rock|p2a: Mabosstiff
|-sidestart|p2: cachowcapow|move: Stealth Rock
|
|upkeep
|turn|23
|
|t:|1779895704
|switch|p1a: Clefable|Clefable, M|100/100
|move|p2a: Mabosstiff|Jaw Lock|p1a: Clefable
|-resisted|p1a: Clefable
|-damage|p1a: Clefable|83/100
|-activate|p2a: Mabosstiff|trapped
|-activate|p1a: Clefable|trapped
|
|upkeep
|turn|24
|
|t:|1779895712
|move|p2a: Mabosstiff|Hone Claws|p2a: Mabosstiff
|-boost|p2a: Mabosstiff|atk|1
|-boost|p2a: Mabosstiff|accuracy|1
|move|p1a: Clefable|Moonblast|p2a: Mabosstiff
|-supereffective|p2a: Mabosstiff
|-damage|p2a: Mabosstiff|0 fnt
|faint|p2a: Mabosstiff
|
|upkeep
|
|t:|1779895719
|switch|p2a: Heatran|Heatran, F|100/100
|-damage|p2a: Heatran|88/100|[from] Stealth Rock
|turn|25
|
|t:|1779895725
|switch|p1a: Tyranitar|Tyranitar, F|8/100
|-weather|Sandstorm|[from] ability: Sand Stream|[of] p1a: Tyranitar
|move|p2a: Heatran|Magma Storm|p1a: Tyranitar
|-resisted|p1a: Tyranitar
|-damage|p1a: Tyranitar|0 fnt
|faint|p1a: Tyranitar
|
|-weather|Sandstorm|[upkeep]
|upkeep
|
|t:|1779895736
|switch|p1a: Garchomp|Garchomp, F|45/100
|turn|26
|
|t:|1779895755
|move|p2a: Heatran|Solar Beam||[still]
|-prepare|p2a: Heatran|Solar Beam
|-enditem|p2a: Heatran|Power Herb
|-anim|p2a: Heatran|Solar Beam|p1a: Garchomp
|-damage|p1a: Garchomp|26/100
|move|p1a: Garchomp|Earthquake|p2a: Heatran
|-supereffective|p2a: Heatran
|-damage|p2a: Heatran|0 fnt
|faint|p2a: Heatran
|
|-weather|Sandstorm|[upkeep]
|upkeep
|-message|cachowcapow forfeited.
|
|win|Aleph501!
|raw|Aleph501!'s rating: 1440 &rarr; <strong>1464</strong><br />(+24 for winning)
|raw|cachowcapow's rating: 1515 &rarr; <strong>1491</strong><br />(-24 for losing)
|l|☆cachowcapow
|player|p2|
|l|☆Aleph501!
|player|p1|
