|j|☆supercami
|j|‽ekekdkdmdmwksl
|t:|1779921797
|gametype|singles
|player|p1|supercami|102|1386
|player|p2|ekekdkdmdmwksl|2|1360
|gen|9
|tier|[Gen 9] OU
|rated|
|rule|HP Percentage Mod: HP is shown in percentages
|rule|Endless Battle Clause: Forcing endless battles is banned
|rule|Species Clause: Limit one of each Pokémon
|rule|OHKO Clause: OHKO moves are banned
|rule|Evasion Items Clause: Evasion items are banned
|rule|Evasion Moves Clause: Evasion moves are banned
|rule|Evasion Abilities Clause: Evasion abilities are banned
|rule|Sleep Moves Clause: Sleep-inducing moves are banned
|clearpoke
|poke|p1|Porygon-Z|
|poke|p1|Alomomola, M|
|poke|p1|Cinderace, F|
|poke|p1|Deoxys-Speed|
|poke|p1|Kyurem|
|poke|p1|Ogerpon-Wellspring, F|
|poke|p2|Scrafty, M|
|poke|p2|Volbeat, M|
|poke|p2|Hoopa-Unbound|
|poke|p2|Hatterene, F|
|poke|p2|Registeel|
|poke|p2|Iron Moth|
|teampreview
|inactive|Battle timer is ON: inactive players will automatically lose when time's up. (requested by ekekdkdmdmwksl)
|
|t:|1779921864
|teamsize|p1|6
|teamsize|p2|6
|start
|switch|p1a: Porygon-Z|Porygon-Z|100/100
|switch|p2a: Volbeat|Volbeat, M, shiny|100/100
|turn|1
|
|t:|1779921878
|move|p2a: Volbeat|Thunder Wave|p1a: Porygon-Z
|-status|p1a: Porygon-Z|par
|cant|p1a: Porygon-Z|par
|
|upkeep
|turn|2
|
|t:|1779921887
|switch|p2a: Scrafty|Scrafty, M|100/100
|move|p1a: Porygon-Z|Tri Attack|p2a: Scrafty
|-damage|p2a: Scrafty|25/100
|
|-heal|p2a: Scrafty|31/100|[from] item: Leftovers
|upkeep
|turn|3
|
|t:|1779921905
|switch|p1a: Alomomola|Alomomola, M|100/100
|move|p2a: Scrafty|Drain Punch|p1a: Alomomola
|-damage|p1a: Alomomola|85/100
|-heal|p2a: Scrafty|47/100|[from] drain|[of] p1a: Alomomola
|-damage|p2a: Scrafty|30/100|[from] item: Rocky Helmet|[of] p1a: Alomomola
|
|-heal|p2a: Scrafty|36/100|[from] item: Leftovers
|upkeep
|turn|4
|
|t:|1779921920
|switch|p2a: Volbeat|Volbeat, M, shiny|100/100
|move|p1a: Alomomola|Flip Turn|p2a: Volbeat
|-damage|p2a: Volbeat|85/100
|
|t:|1779921923
|switch|p1a: Porygon-Z|Porygon-Z|100/100 par|[from] Flip Turn
|
|upkeep
|turn|5
|
|t:|1779921930
|switch|p2a: Scrafty|Scrafty, M|36/100
|move|p1a: Porygon-Z|Tri Attack|p2a: Scrafty
|-damage|p2a: Scrafty|0 fnt
|faint|p2a: Scrafty
|
|upkeep
|
|t:|1779921934
|switch|p2a: Iron Moth|Iron Moth|100/100
|-enditem|p2a: Iron Moth|Booster Energy
|-activate|p2a: Iron Moth|ability: Quark Drive|[fromitem]
|-start|p2a: Iron Moth|quarkdrivespa
|turn|6
|
|t:|1779921941
|move|p2a: Iron Moth|Fiery Dance|p1a: Porygon-Z
|-damage|p1a: Porygon-Z|17/100 par
|-boost|p2a: Iron Moth|spa|1
|cant|p1a: Porygon-Z|par
|
|upkeep
|turn|7
|
|t:|1779921944
|move|p2a: Iron Moth|Fiery Dance|p1a: Porygon-Z
|-damage|p1a: Porygon-Z|0 fnt
|-boost|p2a: Iron Moth|spa|1
|faint|p1a: Porygon-Z
|
|upkeep
|
|t:|1779921950
|switch|p1a: Deoxys|Deoxys-Speed|100/100
|-ability|p1a: Deoxys|Pressure
|turn|8
|
|t:|1779921957
|-terastallize|p2a: Iron Moth|Grass
|move|p1a: Deoxys|Zen Headbutt|p2a: Iron Moth
|-damage|p2a: Iron Moth|0 fnt
|faint|p2a: Iron Moth
|-end|p2a: Iron Moth|Quark Drive|[silent]
|
|upkeep
|
|t:|1779921967
|switch|p2a: Volbeat|Volbeat, M, shiny|85/100
|turn|9
|
|t:|1779921971
|-terastallize|p1a: Deoxys|Dark
|move|p2a: Volbeat|Thunder Wave|p1a: Deoxys
|-hint|Since gen 7, Dark is immune to Prankster moves.
|-immune|p1a: Deoxys
|move|p1a: Deoxys|Zen Headbutt|p2a: Volbeat
|-damage|p2a: Volbeat|23/100
|
|upkeep
|turn|10
|
|t:|1779921975
|move|p2a: Volbeat|Roost|p2a: Volbeat
|-heal|p2a: Volbeat|73/100
|-singleturn|p2a: Volbeat|move: Roost
|move|p1a: Deoxys|Zen Headbutt|p2a: Volbeat
|-damage|p2a: Volbeat|15/100
|
|upkeep
|turn|11
|
|t:|1779921992
|switch|p2a: Registeel|Registeel|100/100
|move|p1a: Deoxys|Zen Headbutt|p2a: Registeel
|-resisted|p2a: Registeel
|-damage|p2a: Registeel|81/100
|
|upkeep
|turn|12
|
|t:|1779922001
|switch|p1a: Cinderace|Cinderace, F|100/100
|move|p2a: Registeel|Iron Defense|p2a: Registeel
|-boost|p2a: Registeel|def|2
|
|upkeep
|turn|13
|
|t:|1779922011
|move|p1a: Cinderace|U-turn|p2a: Registeel
|-start|p1a: Cinderace|typechange|Bug|[from] ability: Libero
|-resisted|p2a: Registeel
|-damage|p2a: Registeel|75/100
|
|t:|1779922012
|switch|p1a: Kyurem|Kyurem|100/100|[from] U-turn
|-ability|p1a: Kyurem|Pressure
|move|p2a: Registeel|Rest|p2a: Registeel
|-status|p2a: Registeel|slp|[from] move: Rest
|-heal|p2a: Registeel|100/100 slp|[silent]
|-enditem|p2a: Registeel|Chesto Berry|[eat]
|-curestatus|p2a: Registeel|slp|[msg]
|
|upkeep
|turn|14
|
|t:|1779922016
|move|p1a: Kyurem|Earth Power|p2a: Registeel
|-supereffective|p2a: Registeel
|-damage|p2a: Registeel|39/100
|move|p2a: Registeel|Body Press|p1a: Kyurem
|-supereffective|p1a: Kyurem
|-damage|p1a: Kyurem|0 fnt
|faint|p1a: Kyurem
|
|upkeep
|
|t:|1779922023
|switch|p1a: Alomomola|Alomomola, M|100/100
|turn|15
|
|t:|1779922028
|move|p1a: Alomomola|Scald|p2a: Registeel
|-damage|p2a: Registeel|29/100
|move|p2a: Registeel|Rest|p2a: Registeel
|-status|p2a: Registeel|slp|[from] move: Rest
|-heal|p2a: Registeel|100/100 slp|[silent]
|
|upkeep
|turn|16
|
|t:|1779922039
|move|p1a: Alomomola|Scald|p2a: Registeel
|-damage|p2a: Registeel|91/100 slp
|cant|p2a: Registeel|slp
|
|upkeep
|turn|17
|
|t:|1779922042
|move|p1a: Alomomola|Scald|p2a: Registeel
|-damage|p2a: Registeel|81/100 slp
|cant|p2a: Registeel|slp
|
|upkeep
|turn|18
|
|t:|1779922046
|move|p1a: Alomomola|Scald|p2a: Registeel
|-damage|p2a: Registeel|71/100 slp
|-curestatus|p2a: Registeel|slp|[msg]
|move|p2a: Registeel|Iron Defense|p2a: Registeel
|-boost|p2a: Registeel|def|2
|
|upkeep
|turn|19
|
|t:|1779922050
|move|p1a: Alomomola|Scald|p2a: Registeel
|-damage|p2a: Registeel|62/100
|move|p2a: Registeel|Iron Defense|p2a: Registeel
|-boost|p2a: Registeel|def|2
|
|upkeep
|turn|20
|
|t:|1779922052
|move|p1a: Alomomola|Scald|p2a: Registeel
|-damage|p2a: Registeel|52/100
|move|p2a: Registeel|Body Press|p1a: Alomomola
|-damage|p1a: Alomomola|33/100
|-damage|p2a: Registeel|36/100|[from] item: Rocky Helmet|[of] p1a: Alomomola
|
|upkeep
|turn|21
|
|t:|1779922057
|move|p1a: Alomomola|Scald|p2a: Registeel
|-damage|p2a: Registeel|26/100
|-status|p2a: Registeel|brn
|move|p2a: Registeel|Rest|p2a: Registeel
|-status|p2a: Registeel|slp|[from] move: Rest
|-heal|p2a: Registeel|100/100 slp|[silent]
|
|upkeep
|turn|22
|
|t:|1779922060
|move|p1a: Alomomola|Wish|p1a: Alomomola
|cant|p2a: Registeel|slp
|
|upkeep
|turn|23
|
|t:|1779922063
|move|p1a: Alomomola|Scald|p2a: Registeel
|-damage|p2a: Registeel|92/100 slp
|cant|p2a: Registeel|slp
|
|-heal|p1a: Alomomola|83/100|[from] move: Wish|[wisher] Alomomola
|upkeep
|turn|24
|
|t:|1779922065
|move|p1a: Alomomola|Wish|p1a: Alomomola
|-curestatus|p2a: Registeel|slp|[msg]
|move|p2a: Registeel|Body Press|p1a: Alomomola
|-damage|p1a: Alomomola|21/100
|-damage|p2a: Registeel|75/100|[from] item: Rocky Helmet|[of] p1a: Alomomola
|
|upkeep
|turn|25
|
|t:|1779922072
|move|p1a: Alomomola|Scald|p2a: Registeel
|-damage|p2a: Registeel|66/100
|move|p2a: Registeel|Body Press|p1a: Alomomola
|-damage|p1a: Alomomola|0 fnt
|-damage|p2a: Registeel|49/100|[from] item: Rocky Helmet|[of] p1a: Alomomola
|faint|p1a: Alomomola
|
|upkeep
|
|t:|1779922076
|switch|p1a: Cinderace|Cinderace, F|100/100
|turn|26
|
|t:|1779922078
|move|p1a: Cinderace|Pyro Ball|p2a: Registeel
|-supereffective|p2a: Registeel
|-damage|p2a: Registeel|30/100
|move|p2a: Registeel|Body Press|p1a: Cinderace
|-damage|p1a: Cinderace|0 fnt
|faint|p1a: Cinderace
|
|upkeep
|
|t:|1779922082
|switch|p1a: Deoxys|Deoxys-Speed, tera:Dark|100/100
|-ability|p1a: Deoxys|Pressure
|turn|27
|
|t:|1779922084
|move|p1a: Deoxys|Superpower|p2a: Registeel
|-supereffective|p2a: Registeel
|-damage|p2a: Registeel|10/100
|-unboost|p1a: Deoxys|atk|1
|-unboost|p1a: Deoxys|def|1
|move|p2a: Registeel|Body Press|p1a: Deoxys
|-supereffective|p1a: Deoxys
|-damage|p1a: Deoxys|0 fnt
|faint|p1a: Deoxys
|
|upkeep
|
|t:|1779922088
|switch|p1a: Ogerpon|Ogerpon-Wellspring, F|100/100
|turn|28
|
|t:|1779922091
|move|p1a: Ogerpon|Ivy Cudgel|p2a: Registeel|[anim] Ivy Cudgel Water
|-damage|p2a: Registeel|0 fnt
|faint|p2a: Registeel
|
|upkeep
|
|t:|1779922095
|switch|p2a: Volbeat|Volbeat, M, shiny|15/100
|turn|29
|
|t:|1779922101
|move|p2a: Volbeat|Thunder Wave|p1a: Ogerpon
|-status|p1a: Ogerpon|par
|move|p1a: Ogerpon|Trailblaze|p2a: Volbeat
|-resisted|p2a: Volbeat
|-damage|p2a: Volbeat|0 fnt
|-boost|p1a: Ogerpon|spe|1
|faint|p2a: Volbeat
|
|upkeep
|
|t:|1779922108
|switch|p2a: Hoopa|Hoopa-Unbound|100/100
|turn|30
|
|t:|1779922114
|move|p2a: Hoopa|Dark Pulse|p1a: Ogerpon
|-damage|p1a: Ogerpon|6/100 par
|move|p1a: Ogerpon|Trailblaze|p2a: Hoopa
|-damage|p2a: Hoopa|47/100
|-boost|p1a: Ogerpon|spe|1
|
|upkeep
|turn|31
|
|t:|1779922122
|move|p1a: Ogerpon|Ivy Cudgel|p2a: Hoopa|[anim] Ivy Cudgel Water
|-damage|p2a: Hoopa|0 fnt
|faint|p2a: Hoopa
|
|upkeep
|
|t:|1779922124
|switch|p2a: Hatterene|Hatterene, F|100/100
|turn|32
|
|t:|1779922128
|cant|p1a: Ogerpon|par
|move|p2a: Hatterene|Psychic|p1a: Ogerpon
|-damage|p1a: Ogerpon|0 fnt
|faint|p1a: Ogerpon
|
|win|ekekdkdmdmwksl
|raw|supercami's rating: 1386 &rarr; <strong>1365</strong><br />(-21 for losing)
|raw|ekekdkdmdmwksl's rating: 1360 &rarr; <strong>1381</strong><br />(+21 for winning)
|l|☆supercami
|player|p1|
|l|‽ekekdkdmdmwksl
|player|p2|
