|j|☆vidiva
|j|☆Gunkip
|t:|1779950638
|gametype|singles
|player|p1|vidiva|elesa-masters|1754
|player|p2|Gunkip|misty|1697
|gen|9
|tier|[Gen 9] OU
|rated|
|rule|HP Percentage Mod: HP is shown in percentages
|rule|Endless Battle Clause: Forcing endless battles is banned
|rule|Species Clause: Limit one of each Pokémon
|rule|OHKO Clause: OHKO moves are banned
|rule|Evasion Items Clause: Evasion items are banned
|rule|Evasion Moves Clause: Evasion moves are banned
|rule|Evasion Abilities Clause: Evasion abilities are banned
|rule|Sleep Moves Clause: Sleep-inducing moves are banned
|clearpoke
|poke|p1|Dragonite, F|
|poke|p1|Samurott-Hisui, M|
|poke|p1|Clefable, M|
|poke|p1|Gliscor, M|
|poke|p1|Gholdengo|
|poke|p1|Zamazenta-*|
|poke|p2|Samurott-Hisui, M|
|poke|p2|Dragonite, F|
|poke|p2|Kingambit, M|
|poke|p2|Iron Moth|
|poke|p2|Iron Valiant|
|poke|p2|Moltres-Galar|
|teampreview
|inactive|Battle timer is ON: inactive players will automatically lose when time's up. (requested by vidiva)
|
|t:|1779950645
|teamsize|p1|6
|teamsize|p2|6
|start
|switch|p1a: Samurott|Samurott-Hisui, M|100/100
|switch|p2a: 90% accurate|Samurott-Hisui, M|100/100
|turn|1
|
|t:|1779950652
|move|p2a: 90% accurate|Knock Off|p1a: Samurott
|-resisted|p1a: Samurott
|-damage|p1a: Samurott|76/100
|-enditem|p1a: Samurott|Assault Vest|[from] move: Knock Off|[of] p2a: 90% accurate
|move|p1a: Samurott|Ceaseless Edge|p2a: 90% accurate
|-resisted|p2a: 90% accurate
|-damage|p2a: 90% accurate|70/100
|-sidestart|p2: Gunkip|Spikes
|
|upkeep
|turn|2
|
|t:|1779950655
|move|p2a: 90% accurate|Ceaseless Edge|p1a: Samurott
|-resisted|p1a: Samurott
|-damage|p1a: Samurott|49/100
|-sidestart|p1: vidiva|Spikes
|move|p1a: Samurott|Ceaseless Edge|p2a: 90% accurate
|-resisted|p2a: 90% accurate
|-damage|p2a: 90% accurate|41/100
|-sidestart|p2: Gunkip|Spikes
|
|upkeep
|turn|3
|
|t:|1779950658
|move|p2a: 90% accurate|Ceaseless Edge|p1a: Samurott
|-resisted|p1a: Samurott
|-damage|p1a: Samurott|24/100
|-sidestart|p1: vidiva|Spikes
|move|p1a: Samurott|Ceaseless Edge|p2a: 90% accurate
|-resisted|p2a: 90% accurate
|-damage|p2a: 90% accurate|14/100
|-sidestart|p2: Gunkip|Spikes
|
|upkeep
|turn|4
|
|t:|1779950661
|move|p1a: Samurott|Sucker Punch|p2a: 90% accurate
|-resisted|p2a: 90% accurate
|-damage|p2a: 90% accurate|0 fnt
|faint|p2a: 90% accurate
|
|upkeep
|
|t:|1779950666
|switch|p2a: bird is the word|Moltres-Galar|100/100
|turn|5
|
|t:|1779950670
|move|p2a: bird is the word|Agility|p2a: bird is the word
|-boost|p2a: bird is the word|spe|2
|move|p1a: Samurott|Aqua Cutter|p2a: bird is the word
|-damage|p2a: bird is the word|44/100
|-ability|p2a: bird is the word|Berserk|boost
|-boost|p2a: bird is the word|spa|1
|-enditem|p2a: bird is the word|Sitrus Berry|[eat]
|-heal|p2a: bird is the word|69/100|[from] item: Sitrus Berry
|
|upkeep
|turn|6
|
|t:|1779950676
|move|p2a: bird is the word|Fiery Wrath|p1a: Samurott
|-resisted|p1a: Samurott
|-damage|p1a: Samurott|0 fnt
|faint|p1a: Samurott
|
|upkeep
|inactive|vidiva has 120 seconds left.
|j| jsnsddk
|
|t:|1779950733
|switch|p1a: Dragonite|Dragonite, F|100/100
|turn|7
|
|t:|1779950742
|move|p1a: Dragonite|Extreme Speed|p2a: bird is the word
|-damage|p2a: bird is the word|30/100
|-ability|p2a: bird is the word|Berserk|boost
|-boost|p2a: bird is the word|spa|1
|move|p2a: bird is the word|Fiery Wrath|p1a: Dragonite
|-damage|p1a: Dragonite|58/100
|
|upkeep
|turn|8
|
|t:|1779950747
|-terastallize|p2a: bird is the word|Ghost
|move|p1a: Dragonite|Extreme Speed|p2a: bird is the word
|-immune|p2a: bird is the word
|move|p2a: bird is the word|Fiery Wrath|p1a: Dragonite
|-damage|p1a: Dragonite|0 fnt
|faint|p1a: Dragonite
|
|upkeep
|
|t:|1779950756
|switch|p1a: Gliscor|Gliscor, M|100/100
|turn|9
|inactive|vidiva has 120 seconds left.
|
|t:|1779950762
|move|p2a: bird is the word|Fiery Wrath|p1a: Gliscor
|-damage|p1a: Gliscor|22/100
|move|p1a: Gliscor|Knock Off|p2a: bird is the word
|-supereffective|p2a: bird is the word
|-damage|p2a: bird is the word|0 fnt
|faint|p2a: bird is the word
|
|-status|p1a: Gliscor|tox|[from] item: Toxic Orb
|upkeep
|
|t:|1779950783
|switch|p2a: feels the aura|Dragonite, F|100/100
|turn|10
|
|t:|1779950794
|switch|p1a: Clefable|Clefable, M|100/100
|move|p2a: feels the aura|Dragon Dance|p2a: feels the aura
|-boost|p2a: feels the aura|atk|1
|-boost|p2a: feels the aura|spe|1
|
|upkeep
|turn|11
|l| jsnsddk
|
|t:|1779950797
|move|p2a: feels the aura|Earthquake|p1a: Clefable
|-damage|p1a: Clefable|55/100
|move|p1a: Clefable|Moonblast|p2a: feels the aura
|-supereffective|p2a: feels the aura
|-damage|p2a: feels the aura|67/100
|
|upkeep
|turn|12
|
|t:|1779950800
|move|p2a: feels the aura|Earthquake|p1a: Clefable
|-damage|p1a: Clefable|12/100
|move|p1a: Clefable|Moonblast|p2a: feels the aura
|-supereffective|p2a: feels the aura
|-crit|p2a: feels the aura
|-damage|p2a: feels the aura|0 fnt
|faint|p2a: feels the aura
|
|upkeep
|
|t:|1779950808
|switch|p2a: fight the power|Iron Valiant|100/100
|-damage|p2a: fight the power|76/100|[from] Spikes
|-enditem|p2a: fight the power|Booster Energy
|-activate|p2a: fight the power|ability: Quark Drive|[fromitem]
|-start|p2a: fight the power|quarkdrivespe
|turn|13
|
|t:|1779950812
|move|p2a: fight the power|Moonblast|p1a: Clefable
|-damage|p1a: Clefable|0 fnt
|faint|p1a: Clefable
|
|upkeep
|
|t:|1779950815
|switch|p1a: Gholdengo|Gholdengo|100/100
|-damage|p1a: Gholdengo|84/100|[from] Spikes
|turn|14
|
|t:|1779950821
|move|p2a: fight the power|Knock Off|p1a: Gholdengo
|-supereffective|p1a: Gholdengo
|-damage|p1a: Gholdengo|14/100
|-enditem|p1a: Gholdengo|Choice Scarf|[from] move: Knock Off|[of] p2a: fight the power
|move|p1a: Gholdengo|Shadow Ball|p2a: fight the power
|-damage|p2a: fight the power|0 fnt
|faint|p2a: fight the power
|-end|p2a: fight the power|Quark Drive|[silent]
|
|upkeep
|
|t:|1779950831
|switch|p2a: definitely|Iron Moth|100/100
|-damage|p2a: definitely|76/100|[from] Spikes
|-enditem|p2a: definitely|Booster Energy
|-activate|p2a: definitely|ability: Quark Drive|[fromitem]
|-start|p2a: definitely|quarkdrivespe
|turn|15
|
|t:|1779950835
|move|p2a: definitely|Fiery Dance|p1a: Gholdengo
|-supereffective|p1a: Gholdengo
|-damage|p1a: Gholdengo|0 fnt
|-boost|p2a: definitely|spa|1
|faint|p1a: Gholdengo
|
|upkeep
|
|t:|1779950839
|switch|p1a: Zamazenta|Zamazenta|100/100
|-damage|p1a: Zamazenta|84/100|[from] Spikes
|-ability|p1a: Zamazenta|Dauntless Shield|boost
|-boost|p1a: Zamazenta|def|1
|turn|16
|
|t:|1779950847
|-terastallize|p1a: Zamazenta|Fire
|move|p2a: definitely|Psychic|p1a: Zamazenta
|-damage|p1a: Zamazenta|38/100
|move|p1a: Zamazenta|Roar|p2a: definitely
|-end|p2a: definitely|Quark Drive|[silent]
|drag|p2a: tony soprano|Kingambit, M|100/100
|-activate|p2a: tony soprano|ability: Supreme Overlord
|-start|p2a: tony soprano|fallen4|[silent]
|-item|p2a: tony soprano|Air Balloon
|
|-heal|p1a: Zamazenta|44/100|[from] item: Leftovers
|upkeep
|turn|17
|l|☆vidiva
|inactive|vidiva disconnected and has a minute to reconnect!
|player|p1|
|j|☆vidiva
|inactive|vidiva reconnected and has 125 seconds left.
|player|p1|vidiva|elesa-masters|
|inactive|vidiva has 120 seconds left.
|
|t:|1779950886
|move|p2a: tony soprano|Sucker Punch||[still]
|-fail|p2a: tony soprano
|move|p1a: Zamazenta|Iron Defense|p1a: Zamazenta
|-boost|p1a: Zamazenta|def|2
|
|-heal|p1a: Zamazenta|51/100|[from] item: Leftovers
|upkeep
|turn|18
|
|t:|1779950897
|move|p1a: Zamazenta|Body Press|p2a: tony soprano
|-supereffective|p2a: tony soprano
|-damage|p2a: tony soprano|0 fnt
|-enditem|p2a: tony soprano|Air Balloon
|faint|p2a: tony soprano
|-end|p2a: tony soprano|fallen4|[silent]
|
|-heal|p1a: Zamazenta|57/100|[from] item: Leftovers
|upkeep
|
|t:|1779950898
|switch|p2a: definitely|Iron Moth|76/100
|-damage|p2a: definitely|51/100|[from] Spikes
|turn|19
|
|t:|1779950902
|move|p1a: Zamazenta|Body Press|p2a: definitely
|-resisted|p2a: definitely
|-damage|p2a: definitely|0 fnt
|faint|p2a: definitely
|-end|p2a: definitely|Quark Drive|[silent]
|
|win|vidiva
|raw|vidiva's rating: 1754 &rarr; <strong>1771</strong><br />(+17 for winning)
|raw|Gunkip's rating: 1697 &rarr; <strong>1680</strong><br />(-17 for losing)
|l|☆Gunkip
|player|p2|
|l|☆vidiva
|player|p1|
|j| jsnsddk
|l| jsnsddk
