|j|☆oreki350
|j|☆Bld.dp
|t:|1779902617
|gametype|singles
|player|p1|oreki350|1|1176
|player|p2|Bld.dp|170|1142
|gen|9
|tier|[Gen 9] OU
|rated|
|rule|HP Percentage Mod: HP is shown in percentages
|rule|Endless Battle Clause: Forcing endless battles is banned
|rule|Species Clause: Limit one of each Pokémon
|rule|OHKO Clause: OHKO moves are banned
|rule|Evasion Items Clause: Evasion items are banned
|rule|Evasion Moves Clause: Evasion moves are banned
|rule|Evasion Abilities Clause: Evasion abilities are banned
|rule|Sleep Moves Clause: Sleep-inducing moves are banned
|clearpoke
|poke|p1|Arcanine-Hisui, F|
|poke|p1|Basculin-White-Striped, M|
|poke|p1|Minior|
|poke|p1|Bellibolt, F|
|poke|p1|Scyther, M|
|poke|p1|Cinccino, M|
|poke|p2|Beartic, M|
|poke|p2|Pelipper, M|
|poke|p2|Azumarill, M|
|poke|p2|Raichu, M|
|poke|p2|Clodsire, F|
|poke|p2|Barraskewda, F|
|teampreview
|inactive|Battle timer is ON: inactive players will automatically lose when time's up. (requested by Bld.dp)
|
|t:|1779902638
|teamsize|p1|6
|teamsize|p2|6
|start
|switch|p1a: Arcanine|Arcanine-Hisui, F|100/100
|switch|p2a: Barraskewda|Barraskewda, F|100/100
|turn|1
|
|t:|1779902643
|move|p2a: Barraskewda|Flip Turn|p1a: Arcanine
|-supereffective|p1a: Arcanine
|-enditem|p1a: Arcanine|Focus Sash
|-damage|p1a: Arcanine|1/100
|
|t:|1779902652
|switch|p2a: Azumarill|Azumarill, M|100/100|[from] Flip Turn
|move|p1a: Arcanine|Head Smash|p2a: Azumarill|[miss]
|-miss|p1a: Arcanine|p2a: Azumarill
|
|upkeep
|turn|2
|
|t:|1779902656
|move|p2a: Azumarill|Aqua Jet|p1a: Arcanine
|-supereffective|p1a: Arcanine
|-damage|p1a: Arcanine|0 fnt
|faint|p1a: Arcanine
|
|upkeep
|
|t:|1779902671
|switch|p1a: Scyther|Scyther, M|100/100
|turn|3
|
|t:|1779902676
|move|p1a: Scyther|Swords Dance|p1a: Scyther
|-boost|p1a: Scyther|atk|2
|move|p2a: Azumarill|Knock Off|p1a: Scyther
|-damage|p1a: Scyther|60/100
|-enditem|p1a: Scyther|Eviolite|[from] move: Knock Off|[of] p2a: Azumarill
|
|upkeep
|turn|4
|
|t:|1779902681
|move|p1a: Scyther|Dual Wingbeat|p2a: Azumarill
|-damage|p2a: Azumarill|43/100
|-enditem|p2a: Azumarill|Sitrus Berry|[eat]
|-heal|p2a: Azumarill|68/100|[from] item: Sitrus Berry
|-damage|p2a: Azumarill|6/100
|-hitcount|p2a: Azumarill|2
|move|p2a: Azumarill|Belly Drum||[still]
|-fail|p2a: Azumarill
|
|upkeep
|turn|5
|
|t:|1779902688
|move|p1a: Scyther|Quick Attack|p2a: Azumarill
|-damage|p2a: Azumarill|0 fnt
|faint|p2a: Azumarill
|
|upkeep
|
|t:|1779902696
|switch|p2a: Barraskewda|Barraskewda, F|100/100
|turn|6
|
|t:|1779902703
|move|p1a: Scyther|Quick Attack|p2a: Barraskewda
|-damage|p2a: Barraskewda|27/100
|move|p2a: Barraskewda|Liquidation|p1a: Scyther
|-damage|p1a: Scyther|0 fnt
|faint|p1a: Scyther
|
|upkeep
|
|t:|1779902709
|switch|p1a: Basculin|Basculin-White-Striped, M|100/100
|turn|7
|
|t:|1779902717
|switch|p2a: Pelipper|Pelipper, M|100/100
|-weather|RainDance|[from] ability: Drizzle|[of] p2a: Pelipper
|move|p1a: Basculin|Liquidation|p2a: Pelipper
|-resisted|p2a: Pelipper
|-damage|p2a: Pelipper|62/100
|
|-weather|RainDance|[upkeep]
|upkeep
|turn|8
|
|t:|1779902726
|move|p1a: Basculin|Liquidation|p2a: Pelipper
|-resisted|p2a: Pelipper
|-damage|p2a: Pelipper|28/100
|move|p2a: Pelipper|Hurricane|p1a: Basculin
|-damage|p1a: Basculin|32/100
|-start|p1a: Basculin|confusion
|
|-weather|RainDance|[upkeep]
|upkeep
|turn|9
|
|t:|1779902733
|-activate|p1a: Basculin|confusion
|move|p1a: Basculin|Liquidation|p2a: Pelipper
|-resisted|p2a: Pelipper
|-damage|p2a: Pelipper|0 fnt
|faint|p2a: Pelipper
|
|-weather|RainDance|[upkeep]
|upkeep
|
|t:|1779902742
|switch|p2a: Beartic|Beartic, M|100/100
|turn|10
|
|t:|1779902747
|move|p2a: Beartic|Play Rough|p1a: Basculin
|-damage|p1a: Basculin|0 fnt
|faint|p1a: Basculin
|-damage|p2a: Beartic|91/100|[from] item: Life Orb
|
|-weather|RainDance|[upkeep]
|upkeep
|
|t:|1779902753
|switch|p1a: Minior|Minior, shiny|100/100
|-formechange|p1a: Minior|Minior-Meteor||[from] ability: Shields Down
|turn|11
|
|t:|1779902759
|move|p2a: Beartic|Icicle Crash|p1a: Minior
|-supereffective|p1a: Minior
|-damage|p1a: Minior|0 fnt
|faint|p1a: Minior
|-damage|p2a: Beartic|81/100|[from] item: Life Orb
|
|-weather|RainDance|[upkeep]
|upkeep
|
|t:|1779902768
|switch|p1a: Bellibolt|Bellibolt, F|100/100
|turn|12
|
|t:|1779902773
|move|p2a: Beartic|Swords Dance|p2a: Beartic
|-boost|p2a: Beartic|atk|2
|move|p1a: Bellibolt|Chilling Water|p2a: Beartic
|-damage|p2a: Beartic|49/100
|-unboost|p2a: Beartic|atk|1
|
|-weather|RainDance|[upkeep]
|upkeep
|turn|13
|
|t:|1779902776
|-terastallize|p2a: Beartic|Ice
|move|p2a: Beartic|Icicle Crash|p1a: Bellibolt
|-damage|p1a: Bellibolt|0 fnt
|faint|p1a: Bellibolt
|-damage|p2a: Beartic|39/100|[from] item: Life Orb
|
|-weather|RainDance|[upkeep]
|upkeep
|
|t:|1779902780
|switch|p1a: Cinccino|Cinccino, M|100/100
|turn|14
|
|t:|1779902786
|move|p2a: Beartic|Brick Break|p1a: Cinccino
|-supereffective|p1a: Cinccino
|-damage|p1a: Cinccino|0 fnt
|faint|p1a: Cinccino
|-damage|p2a: Beartic|30/100|[from] item: Life Orb
|
|win|Bld.dp
|raw|oreki350's rating: 1176 &rarr; <strong>1149</strong><br />(-27 for losing)
|raw|Bld.dp's rating: 1142 &rarr; <strong>1169</strong><br />(+27 for winning)
|l|☆oreki350
|player|p1|
|l|☆Bld.dp
|player|p2|
