|j|☆deathprofessor21
|j|☆Chrisnwobu
|t:|1779918023
|gametype|singles
|player|p1|deathprofessor21|101|1577
|player|p2|Chrisnwobu|skier|1551
|gen|9
|tier|[Gen 9] OU
|rated|
|rule|HP Percentage Mod: HP is shown in percentages
|rule|Endless Battle Clause: Forcing endless battles is banned
|rule|Species Clause: Limit one of each Pokémon
|rule|OHKO Clause: OHKO moves are banned
|rule|Evasion Items Clause: Evasion items are banned
|rule|Evasion Moves Clause: Evasion moves are banned
|rule|Evasion Abilities Clause: Evasion abilities are banned
|rule|Sleep Moves Clause: Sleep-inducing moves are banned
|clearpoke
|poke|p1|Ceruledge, F|
|poke|p1|Dragonite, F|
|poke|p1|Greninja-*, M|
|poke|p1|Polteageist-Antique|
|poke|p1|Maushold-Four|
|poke|p1|Zamazenta-*|
|poke|p2|Pelipper, L99, M|
|poke|p2|Walking Wake|
|poke|p2|Barraskewda, F|
|poke|p2|Corviknight, M|
|poke|p2|Clodsire, F|
|poke|p2|Regieleki|
|teampreview
|inactive|Battle timer is ON: inactive players will automatically lose when time's up. (requested by deathprofessor21)
|inactive|Chrisnwobu has 120 seconds left.
|
|t:|1779918061
|teamsize|p1|6
|teamsize|p2|6
|start
|switch|p1a: Ceruledge|Ceruledge, F|100/100
|switch|p2a: Pelipper|Pelipper, L99, M|100/100
|-weather|RainDance|[from] ability: Drizzle|[of] p2a: Pelipper
|turn|1
|
|t:|1779918065
|move|p1a: Ceruledge|Poltergeist|p2a: Pelipper|[miss]
|-miss|p1a: Ceruledge|p2a: Pelipper
|move|p2a: Pelipper|Surf|p1a: Ceruledge
|-supereffective|p1a: Ceruledge
|-crit|p1a: Ceruledge
|-enditem|p1a: Ceruledge|Focus Sash
|-damage|p1a: Ceruledge|1/100
|
|-weather|RainDance|[upkeep]
|upkeep
|turn|2
|
|t:|1779918073
|move|p1a: Ceruledge|Poltergeist|p2a: Pelipper
|-activate|p2a: Pelipper|move: Poltergeist|Damp Rock
|-damage|p2a: Pelipper|48/100
|move|p2a: Pelipper|Hurricane|p1a: Ceruledge
|-damage|p1a: Ceruledge|0 fnt
|faint|p1a: Ceruledge
|
|-weather|RainDance|[upkeep]
|upkeep
|j| LukaCocan
|l| LukaCocan
|
|t:|1779918085
|switch|p1a: Greninja|Greninja, M|100/100
|turn|3
|
|t:|1779918092
|move|p1a: Greninja|Dark Pulse|p2a: Pelipper
|-damage|p2a: Pelipper|0 fnt
|faint|p2a: Pelipper
|-ability|p1a: Greninja|Battle Bond|boost
|-boost|p1a: Greninja|atk|1
|-boost|p1a: Greninja|spa|1
|-boost|p1a: Greninja|spe|1
|-activate|p1a: Greninja|ability: Battle Bond
|-damage|p1a: Greninja|91/100|[from] item: Life Orb
|
|-weather|RainDance|[upkeep]
|upkeep
|
|t:|1779918100
|switch|p2a: Barraskewda|Barraskewda, F|100/100
|turn|4
|
|t:|1779918104
|switch|p1a: Polteageist|Polteageist-Antique|100/100
|-terastallize|p2a: Barraskewda|Water
|move|p2a: Barraskewda|Flip Turn|p1a: Polteageist
|-damage|p1a: Polteageist|0 fnt
|faint|p1a: Polteageist
|
|t:|1779918115
|switch|p2a: Regieleki|Regieleki|100/100|[from] Flip Turn
|
|-weather|RainDance|[upkeep]
|upkeep
|
|t:|1779918133
|switch|p1a: Greninja|Greninja, M|91/100
|turn|5
|
|t:|1779918139
|switch|p2a: Clodsire|Clodsire, F|100/100
|move|p1a: Greninja|Water Shuriken|p2a: Clodsire
|-immune|p2a: Clodsire|[from] ability: Water Absorb
|
|-weather|RainDance|[upkeep]
|upkeep
|turn|6
|
|t:|1779918146
|move|p1a: Greninja|Ice Beam|p2a: Clodsire
|-supereffective|p2a: Clodsire
|-damage|p2a: Clodsire|56/100
|-damage|p1a: Greninja|81/100|[from] item: Life Orb
|move|p2a: Clodsire|Toxic|p1a: Greninja
|-status|p1a: Greninja|tox
|
|-weather|RainDance|[upkeep]
|-heal|p2a: Clodsire|62/100|[from] item: Leftovers
|-damage|p1a: Greninja|75/100 tox|[from] psn
|upkeep
|turn|7
|
|t:|1779918156
|move|p1a: Greninja|Dark Pulse|p2a: Clodsire
|-damage|p2a: Clodsire|35/100
|-damage|p1a: Greninja|65/100 tox|[from] item: Life Orb
|move|p2a: Clodsire|Recover|p2a: Clodsire
|-heal|p2a: Clodsire|85/100
|
|-weather|RainDance|[upkeep]
|-heal|p2a: Clodsire|91/100|[from] item: Leftovers
|-damage|p1a: Greninja|53/100 tox|[from] psn
|upkeep
|turn|8
|
|t:|1779918162
|switch|p1a: Maushold|Maushold-Four|100/100
|move|p2a: Clodsire|Stealth Rock|p1a: Maushold
|-sidestart|p1: deathprofessor21|move: Stealth Rock
|
|-weather|none
|-heal|p2a: Clodsire|97/100|[from] item: Leftovers
|upkeep
|turn|9
|
|t:|1779918169
|switch|p2a: Corviknight|Corviknight, M|100/100
|-ability|p2a: Corviknight|Pressure
|move|p1a: Maushold|Encore||[still]
|-fail|p1a: Maushold
|
|upkeep
|turn|10
|
|t:|1779918176
|move|p1a: Maushold|Tidy Up|p1a: Maushold
|-sideend|p1: deathprofessor21|Stealth Rock
|-activate|p1a: Maushold|move: Tidy Up
|-boost|p1a: Maushold|atk|1
|-boost|p1a: Maushold|spe|1
|move|p2a: Corviknight|Brave Bird|p1a: Maushold
|-damage|p1a: Maushold|44/100
|-damage|p2a: Corviknight|87/100|[from] Recoil
|
|upkeep
|turn|11
|
|t:|1779918181
|move|p1a: Maushold|Population Bomb|p2a: Corviknight
|-resisted|p2a: Corviknight
|-damage|p2a: Corviknight|82/100
|-damage|p1a: Maushold|27/100|[from] item: Rocky Helmet|[of] p2a: Corviknight
|-resisted|p2a: Corviknight
|-damage|p2a: Corviknight|77/100
|-damage|p1a: Maushold|11/100|[from] item: Rocky Helmet|[of] p2a: Corviknight
|-resisted|p2a: Corviknight
|-damage|p2a: Corviknight|72/100
|-damage|p1a: Maushold|0 fnt|[from] item: Rocky Helmet|[of] p2a: Corviknight
|faint|p1a: Maushold
|-hitcount|p2a: Corviknight|3
|move|p2a: Corviknight|Brave Bird|p1: Maushold|[notarget]
|-fail|p2a: Corviknight
|
|upkeep
|
|t:|1779918190
|switch|p1a: Greninja|Greninja, M|53/100 tox
|turn|12
|
|t:|1779918210
|switch|p2a: Clodsire|Clodsire, F|97/100
|move|p1a: Greninja|Ice Beam|p2a: Clodsire
|-supereffective|p2a: Clodsire
|-damage|p2a: Clodsire|55/100
|-damage|p1a: Greninja|43/100 tox|[from] item: Life Orb
|
|-heal|p2a: Clodsire|61/100|[from] item: Leftovers
|-damage|p1a: Greninja|37/100 tox|[from] psn
|upkeep
|turn|13
|
|t:|1779918220
|move|p1a: Greninja|Ice Beam|p2a: Clodsire
|-supereffective|p2a: Clodsire
|-damage|p2a: Clodsire|24/100
|-damage|p1a: Greninja|28/100 tox|[from] item: Life Orb
|move|p2a: Clodsire|Stealth Rock|p1a: Greninja
|-sidestart|p1: deathprofessor21|move: Stealth Rock
|
|-heal|p2a: Clodsire|30/100|[from] item: Leftovers
|-damage|p1a: Greninja|16/100 tox|[from] psn
|upkeep
|turn|14
|
|t:|1779918226
|move|p1a: Greninja|Ice Beam|p2a: Clodsire
|-supereffective|p2a: Clodsire
|-damage|p2a: Clodsire|0 fnt
|faint|p2a: Clodsire
|-damage|p1a: Greninja|6/100 tox|[from] item: Life Orb
|
|-damage|p1a: Greninja|0 fnt|[from] psn
|faint|p1a: Greninja
|upkeep
|
|t:|1779918232
|switch|p1a: Dragonite|Dragonite, F|100/100
|switch|p2a: Regieleki|Regieleki|100/100
|turn|15
|
|t:|1779918239
|move|p2a: Regieleki|Volt Switch|p1a: Dragonite
|-damage|p1a: Dragonite|82/100
|-damage|p2a: Regieleki|91/100|[from] item: Life Orb
|
|t:|1779918247
|switch|p2a: Corviknight|Corviknight, M|72/100|[from] Volt Switch
|-ability|p2a: Corviknight|Pressure
|move|p1a: Dragonite|Dragon Dance|p1a: Dragonite
|-boost|p1a: Dragonite|atk|1
|-boost|p1a: Dragonite|spe|1
|
|upkeep
|turn|16
|
|t:|1779918251
|move|p1a: Dragonite|Dragon Dance|p1a: Dragonite
|-boost|p1a: Dragonite|atk|1
|-boost|p1a: Dragonite|spe|1
|move|p2a: Corviknight|Brave Bird|p1a: Dragonite
|-damage|p1a: Dragonite|47/100
|-damage|p2a: Corviknight|61/100|[from] Recoil
|
|upkeep
|turn|17
|
|t:|1779918253
|move|p1a: Dragonite|Roost|p1a: Dragonite
|-heal|p1a: Dragonite|97/100
|-singleturn|p1a: Dragonite|move: Roost
|move|p2a: Corviknight|Brave Bird|p1a: Dragonite
|-damage|p1a: Dragonite|66/100
|-damage|p2a: Corviknight|51/100|[from] Recoil
|
|upkeep
|turn|18
|
|t:|1779918257
|move|p1a: Dragonite|Dragon Dance|p1a: Dragonite
|-boost|p1a: Dragonite|atk|1
|-boost|p1a: Dragonite|spe|1
|move|p2a: Corviknight|U-turn|p1a: Dragonite
|-resisted|p1a: Dragonite
|-damage|p1a: Dragonite|60/100
|
|t:|1779918268
|switch|p2a: Regieleki|Regieleki|91/100|[from] U-turn
|
|upkeep
|turn|19
|
|t:|1779918275
|move|p1a: Dragonite|Extreme Speed|p2a: Regieleki
|-damage|p2a: Regieleki|0 fnt
|faint|p2a: Regieleki
|
|upkeep
|
|t:|1779918277
|switch|p2a: Corviknight|Corviknight, M|51/100
|-ability|p2a: Corviknight|Pressure
|turn|20
|
|t:|1779918280
|move|p1a: Dragonite|Roost|p1a: Dragonite
|-heal|p1a: Dragonite|100/100
|-singleturn|p1a: Dragonite|move: Roost
|move|p2a: Corviknight|Roost|p2a: Corviknight
|-heal|p2a: Corviknight|100/100
|-singleturn|p2a: Corviknight|move: Roost
|
|upkeep
|turn|21
|
|t:|1779918283
|move|p1a: Dragonite|Dragon Dance|p1a: Dragonite
|-boost|p1a: Dragonite|atk|1
|-boost|p1a: Dragonite|spe|1
|move|p2a: Corviknight|Brave Bird|p1a: Dragonite
|-damage|p1a: Dragonite|83/100
|-damage|p2a: Corviknight|95/100|[from] Recoil
|
|upkeep
|turn|22
|
|t:|1779918286
|move|p1a: Dragonite|Dragon Dance|p1a: Dragonite
|-boost|p1a: Dragonite|atk|1
|-boost|p1a: Dragonite|spe|1
|move|p2a: Corviknight|Brave Bird|p1a: Dragonite
|-damage|p1a: Dragonite|50/100
|-damage|p2a: Corviknight|84/100|[from] Recoil
|
|upkeep
|turn|23
|
|t:|1779918289
|move|p1a: Dragonite|Roost|p1a: Dragonite
|-heal|p1a: Dragonite|99/100
|-singleturn|p1a: Dragonite|move: Roost
|move|p2a: Corviknight|Brave Bird|p1a: Dragonite
|-damage|p1a: Dragonite|64/100
|-damage|p2a: Corviknight|73/100|[from] Recoil
|
|upkeep
|turn|24
|
|t:|1779918295
|move|p1a: Dragonite|Dragon Dance|p1a: Dragonite
|-boost|p1a: Dragonite|atk|1
|-boost|p1a: Dragonite|spe|1
|move|p2a: Corviknight|Roost|p2a: Corviknight
|-heal|p2a: Corviknight|100/100
|-singleturn|p2a: Corviknight|move: Roost
|
|upkeep
|turn|25
|
|t:|1779918298
|move|p1a: Dragonite|Roost|p1a: Dragonite
|-heal|p1a: Dragonite|100/100
|-singleturn|p1a: Dragonite|move: Roost
|move|p2a: Corviknight|Brave Bird|p1a: Dragonite
|-damage|p1a: Dragonite|83/100
|-damage|p2a: Corviknight|95/100|[from] Recoil
|
|upkeep
|turn|26
|
|t:|1779918301
|move|p1a: Dragonite|Extreme Speed|p2a: Corviknight
|-resisted|p2a: Corviknight
|-damage|p2a: Corviknight|56/100
|-damage|p1a: Dragonite|67/100|[from] item: Rocky Helmet|[of] p2a: Corviknight
|move|p2a: Corviknight|Brave Bird|p1a: Dragonite
|-damage|p1a: Dragonite|35/100
|-damage|p2a: Corviknight|46/100|[from] Recoil
|
|upkeep
|turn|27
|
|t:|1779918305
|move|p1a: Dragonite|Roost|p1a: Dragonite
|-heal|p1a: Dragonite|85/100
|-singleturn|p1a: Dragonite|move: Roost
|move|p2a: Corviknight|Roost|p2a: Corviknight
|-heal|p2a: Corviknight|96/100
|-singleturn|p2a: Corviknight|move: Roost
|
|upkeep
|turn|28
|
|t:|1779918310
|move|p1a: Dragonite|Extreme Speed|p2a: Corviknight
|-resisted|p2a: Corviknight
|-damage|p2a: Corviknight|57/100
|-damage|p1a: Dragonite|69/100|[from] item: Rocky Helmet|[of] p2a: Corviknight
|move|p2a: Corviknight|Brave Bird|p1a: Dragonite
|-damage|p1a: Dragonite|35/100
|-damage|p2a: Corviknight|46/100|[from] Recoil
|
|upkeep
|turn|29
|
|t:|1779918319
|-terastallize|p1a: Dragonite|Normal
|move|p1a: Dragonite|Extreme Speed|p2a: Corviknight
|-resisted|p2a: Corviknight
|-damage|p2a: Corviknight|0 fnt
|-damage|p1a: Dragonite|19/100|[from] item: Rocky Helmet|[of] p2a: Corviknight
|faint|p2a: Corviknight
|
|upkeep
|
|t:|1779918327
|switch|p2a: Barraskewda|Barraskewda, F, tera:Water|100/100
|turn|30
|
|t:|1779918330
|move|p1a: Dragonite|Extreme Speed|p2a: Barraskewda
|-damage|p2a: Barraskewda|0 fnt
|faint|p2a: Barraskewda
|
|upkeep
|
|t:|1779918331
|switch|p2a: Walking Wake|Walking Wake|100/100
|-enditem|p2a: Walking Wake|Booster Energy
|-activate|p2a: Walking Wake|ability: Protosynthesis|[fromitem]
|-start|p2a: Walking Wake|protosynthesisspe
|turn|31
|
|t:|1779918337
|move|p1a: Dragonite|Earthquake|p2a: Walking Wake
|-damage|p2a: Walking Wake|0 fnt
|faint|p2a: Walking Wake
|-end|p2a: Walking Wake|Protosynthesis|[silent]
|
|win|deathprofessor21
|raw|deathprofessor21's rating: 1577 &rarr; <strong>1596</strong><br />(+19 for winning)
|raw|Chrisnwobu's rating: 1551 &rarr; <strong>1532</strong><br />(-19 for losing)
|c|☆Chrisnwobu|I hate dnite bro
