|j|☆mingo127
|j|☆6767aurajacket
|t:|1779971146
|gametype|singles
|player|p1|mingo127|169|1111
|player|p2|6767aurajacket|fisherman-gen4|1120
|gen|9
|tier|[Gen 9] OU
|rated|
|rule|HP Percentage Mod: HP is shown in percentages
|rule|Endless Battle Clause: Forcing endless battles is banned
|rule|Species Clause: Limit one of each Pokémon
|rule|OHKO Clause: OHKO moves are banned
|rule|Evasion Items Clause: Evasion items are banned
|rule|Evasion Moves Clause: Evasion moves are banned
|rule|Evasion Abilities Clause: Evasion abilities are banned
|rule|Sleep Moves Clause: Sleep-inducing moves are banned
|clearpoke
|poke|p1|Gliscor, F|
|poke|p1|Iron Valiant|
|poke|p1|Dragapult, M|
|poke|p1|Ogerpon-Wellspring, F|
|poke|p1|Iron Crown|
|poke|p1|Zamazenta-*|
|poke|p2|Blaziken, M|
|poke|p2|Iron Treads|
|poke|p2|Zamazenta-*|
|poke|p2|Venomoth, M|
|poke|p2|Polteageist|
|poke|p2|Primarina, F|
|teampreview
|inactive|Battle timer is ON: inactive players will automatically lose when time's up. (requested by 6767aurajacket)
|
|t:|1779971162
|teamsize|p1|6
|teamsize|p2|6
|start
|switch|p1a: Gliscor|Gliscor, F|100/100
|switch|p2a: Blaziken|Blaziken, M, shiny|100/100
|turn|1
|
|t:|1779971174
|move|p1a: Gliscor|Stealth Rock|p2a: Blaziken
|-sidestart|p2: 6767aurajacket|move: Stealth Rock
|move|p2a: Blaziken|Bulk Up|p2a: Blaziken
|-boost|p2a: Blaziken|atk|1
|-boost|p2a: Blaziken|def|1
|
|-status|p1a: Gliscor|tox|[from] item: Toxic Orb
|-ability|p2a: Blaziken|Speed Boost|boost
|-boost|p2a: Blaziken|spe|1
|upkeep
|turn|2
|
|t:|1779971186
|move|p2a: Blaziken|Bulk Up|p2a: Blaziken
|-boost|p2a: Blaziken|atk|1
|-boost|p2a: Blaziken|def|1
|move|p1a: Gliscor|U-turn|p2a: Blaziken
|-resisted|p2a: Blaziken
|-damage|p2a: Blaziken|97/100
|
|t:|1779971193
|switch|p1a: Ogerpon|Ogerpon-Wellspring, F|100/100|[from] U-turn
|
|-heal|p2a: Blaziken|100/100|[from] item: Leftovers
|-ability|p2a: Blaziken|Speed Boost|boost
|-boost|p2a: Blaziken|spe|1
|upkeep
|turn|3
|
|t:|1779971199
|move|p2a: Blaziken|Blaze Kick|p1a: Ogerpon
|-damage|p1a: Ogerpon|0 fnt
|faint|p1a: Ogerpon
|
|-ability|p2a: Blaziken|Speed Boost|boost
|-boost|p2a: Blaziken|spe|1
|upkeep
|
|t:|1779971213
|switch|p1a: Zamazenta|Zamazenta|100/100
|-ability|p1a: Zamazenta|Dauntless Shield|boost
|-boost|p1a: Zamazenta|def|1
|turn|4
|
|t:|1779971222
|move|p2a: Blaziken|Bulk Up|p2a: Blaziken
|-boost|p2a: Blaziken|atk|1
|-boost|p2a: Blaziken|def|1
|move|p1a: Zamazenta|Roar|p2a: Blaziken
|drag|p2a: Venomoth|Venomoth, M, shiny|100/100
|-damage|p2a: Venomoth|75/100|[from] Stealth Rock
|
|-heal|p2a: Venomoth|82/100|[from] item: Leftovers
|upkeep
|turn|5
|
|t:|1779971238
|move|p1a: Zamazenta|Wild Charge|p2a: Venomoth
|-damage|p2a: Venomoth|41/100
|-damage|p1a: Zamazenta|90/100|[from] Recoil
|move|p2a: Venomoth|Quiver Dance|p2a: Venomoth
|-boost|p2a: Venomoth|spa|1
|-boost|p2a: Venomoth|spd|1
|-boost|p2a: Venomoth|spe|1
|
|-heal|p2a: Venomoth|47/100|[from] item: Leftovers
|-heal|p1a: Zamazenta|96/100|[from] item: Leftovers
|upkeep
|turn|6
|
|t:|1779971245
|move|p2a: Venomoth|Giga Drain|p1a: Zamazenta
|-damage|p1a: Zamazenta|73/100
|-heal|p2a: Venomoth|58/100|[from] drain|[of] p1a: Zamazenta
|move|p1a: Zamazenta|Wild Charge|p2a: Venomoth
|-damage|p2a: Venomoth|13/100
|-damage|p1a: Zamazenta|61/100|[from] Recoil
|
|-heal|p2a: Venomoth|19/100|[from] item: Leftovers
|-heal|p1a: Zamazenta|67/100|[from] item: Leftovers
|upkeep
|turn|7
|
|t:|1779971249
|move|p2a: Venomoth|Sludge Wave|p1a: Zamazenta
|-damage|p1a: Zamazenta|27/100
|move|p1a: Zamazenta|Wild Charge|p2a: Venomoth
|-damage|p2a: Venomoth|0 fnt
|faint|p2a: Venomoth
|-damage|p1a: Zamazenta|22/100|[from] Recoil
|
|-heal|p1a: Zamazenta|28/100|[from] item: Leftovers
|upkeep
|
|t:|1779971254
|switch|p2a: Iron Treads|Iron Treads|100/100
|-damage|p2a: Iron Treads|97/100|[from] Stealth Rock
|-enditem|p2a: Iron Treads|Booster Energy
|-activate|p2a: Iron Treads|ability: Quark Drive|[fromitem]
|-start|p2a: Iron Treads|quarkdrivespe
|turn|8
|
|t:|1779971259
|move|p2a: Iron Treads|Earthquake|p1a: Zamazenta
|-damage|p1a: Zamazenta|0 fnt
|faint|p1a: Zamazenta
|
|upkeep
|
|t:|1779971271
|switch|p1a: Gliscor|Gliscor, F|100/100 tox
|turn|9
|
|t:|1779971280
|move|p2a: Iron Treads|Iron Defense|p2a: Iron Treads
|-boost|p2a: Iron Treads|def|2
|move|p1a: Gliscor|Earthquake|p2a: Iron Treads
|-supereffective|p2a: Iron Treads
|-crit|p2a: Iron Treads
|-damage|p2a: Iron Treads|0 fnt
|faint|p2a: Iron Treads
|-end|p2a: Iron Treads|Quark Drive|[silent]
|
|upkeep
|
|t:|1779971294
|switch|p2a: Blaziken|Blaziken, M, shiny|100/100
|-damage|p2a: Blaziken|88/100|[from] Stealth Rock
|turn|10
|
|t:|1779971300
|move|p1a: Gliscor|Earthquake|p2a: Blaziken
|-supereffective|p2a: Blaziken
|-damage|p2a: Blaziken|0 fnt
|faint|p2a: Blaziken
|
|upkeep
|
|t:|1779971309
|switch|p2a: Primarina|Primarina, F|100/100
|-damage|p2a: Primarina|88/100|[from] Stealth Rock
|turn|11
|
|t:|1779971314
|move|p1a: Gliscor|U-turn|p2a: Primarina
|-resisted|p2a: Primarina
|-damage|p2a: Primarina|78/100
|
|t:|1779971318
|switch|p1a: Iron Crown|Iron Crown|100/100|[from] U-turn
|move|p2a: Primarina|Calm Mind|p2a: Primarina
|-boost|p2a: Primarina|spa|1
|-boost|p2a: Primarina|spd|1
|
|-heal|p2a: Primarina|84/100|[from] item: Leftovers
|upkeep
|turn|12
|
|t:|1779971326
|move|p2a: Primarina|Calm Mind|p2a: Primarina
|-boost|p2a: Primarina|spa|1
|-boost|p2a: Primarina|spd|1
|move|p1a: Iron Crown|Tachyon Cutter|p2a: Primarina
|-damage|p2a: Primarina|69/100
|-damage|p2a: Primarina|54/100
|-hitcount|p2a: Primarina|2
|
|-heal|p2a: Primarina|60/100|[from] item: Leftovers
|upkeep
|turn|13
|
|t:|1779971338
|move|p2a: Primarina|Calm Mind|p2a: Primarina
|-boost|p2a: Primarina|spa|1
|-boost|p2a: Primarina|spd|1
|move|p1a: Iron Crown|Tachyon Cutter|p2a: Primarina
|-damage|p2a: Primarina|49/100
|-damage|p2a: Primarina|37/100
|-hitcount|p2a: Primarina|2
|
|-heal|p2a: Primarina|43/100|[from] item: Leftovers
|upkeep
|turn|14
|
|t:|1779971343
|move|p2a: Primarina|Draining Kiss|p1a: Iron Crown
|-resisted|p1a: Iron Crown
|-damage|p1a: Iron Crown|86/100
|-heal|p2a: Primarina|57/100|[from] drain|[of] p1a: Iron Crown
|move|p1a: Iron Crown|Tachyon Cutter|p2a: Primarina
|-damage|p2a: Primarina|45/100
|-damage|p2a: Primarina|33/100
|-hitcount|p2a: Primarina|2
|
|-heal|p2a: Primarina|39/100|[from] item: Leftovers
|upkeep
|turn|15
|
|t:|1779971348
|move|p2a: Primarina|Moonblast|p1a: Iron Crown
|-resisted|p1a: Iron Crown
|-damage|p1a: Iron Crown|60/100
|move|p1a: Iron Crown|Tachyon Cutter|p2a: Primarina
|-damage|p2a: Primarina|28/100
|-damage|p2a: Primarina|18/100
|-hitcount|p2a: Primarina|2
|
|-heal|p2a: Primarina|24/100|[from] item: Leftovers
|upkeep
|turn|16
|
|t:|1779971351
|move|p2a: Primarina|Moonblast|p1a: Iron Crown
|-resisted|p1a: Iron Crown
|-damage|p1a: Iron Crown|34/100
|move|p1a: Iron Crown|Tachyon Cutter|p2a: Primarina
|-damage|p2a: Primarina|14/100
|-damage|p2a: Primarina|3/100
|-hitcount|p2a: Primarina|2
|
|-heal|p2a: Primarina|9/100|[from] item: Leftovers
|upkeep
|turn|17
|
|t:|1779971355
|move|p2a: Primarina|Moonblast|p1a: Iron Crown
|-resisted|p1a: Iron Crown
|-damage|p1a: Iron Crown|6/100
|move|p1a: Iron Crown|Tachyon Cutter|p2a: Primarina
|-damage|p2a: Primarina|0 fnt
|faint|p2a: Primarina
|-hitcount|p2: Primarina|1
|
|upkeep
|
|t:|1779971359
|switch|p2a: larpazenta|Zamazenta|100/100
|-damage|p2a: larpazenta|94/100|[from] Stealth Rock
|-ability|p2a: larpazenta|Dauntless Shield|boost
|-boost|p2a: larpazenta|def|1
|turn|18
|
|t:|1779971363
|move|p2a: larpazenta|Crunch|p1a: Iron Crown
|-supereffective|p1a: Iron Crown
|-damage|p1a: Iron Crown|0 fnt
|faint|p1a: Iron Crown
|-end|p1a: Iron Crown|Quark Drive|[silent]
|
|-heal|p2a: larpazenta|100/100|[from] item: Leftovers
|upkeep
|
|t:|1779971366
|switch|p1a: Dragapult|Dragapult, M|100/100
|turn|19
|
|t:|1779971377
|-terastallize|p1a: Dragapult|Flying
|move|p1a: Dragapult|Acrobatics|p2a: larpazenta
|-supereffective|p2a: larpazenta
|-damage|p2a: larpazenta|56/100
|move|p2a: larpazenta|Crunch|p1a: Dragapult
|-damage|p1a: Dragapult|73/100
|
|-heal|p2a: larpazenta|62/100|[from] item: Leftovers
|upkeep
|turn|20
|
|t:|1779971384
|move|p1a: Dragapult|Acrobatics|p2a: larpazenta
|-supereffective|p2a: larpazenta
|-damage|p2a: larpazenta|15/100
|move|p2a: larpazenta|Iron Defense|p2a: larpazenta
|-boost|p2a: larpazenta|def|2
|
|-heal|p2a: larpazenta|21/100|[from] item: Leftovers
|upkeep
|turn|21
|
|t:|1779971388
|move|p1a: Dragapult|Acrobatics|p2a: larpazenta
|-supereffective|p2a: larpazenta
|-damage|p2a: larpazenta|0 fnt
|faint|p2a: larpazenta
|
|upkeep
|
|t:|1779971391
|switch|p2a: Polteageist|Polteageist, shiny|100/100
|-damage|p2a: Polteageist|88/100|[from] Stealth Rock
|turn|22
|
|t:|1779971396
|-terastallize|p2a: Polteageist|Normal
|move|p1a: Dragapult|Acrobatics|p2a: Polteageist
|-damage|p2a: Polteageist|27/100
|move|p2a: Polteageist|Shell Smash|p2a: Polteageist
|-unboost|p2a: Polteageist|def|1
|-unboost|p2a: Polteageist|spd|1
|-boost|p2a: Polteageist|atk|2
|-boost|p2a: Polteageist|spa|2
|-boost|p2a: Polteageist|spe|2
|-enditem|p2a: Polteageist|White Herb
|-clearnegativeboost|p2a: Polteageist|[silent]
|
|upkeep
|turn|23
|
|t:|1779971408
|move|p2a: Polteageist|Strength Sap|p1a: Dragapult
|-unboost|p1a: Dragapult|atk|1
|-heal|p2a: Polteageist|100/100
|move|p1a: Dragapult|Acrobatics|p2a: Polteageist
|-damage|p2a: Polteageist|59/100
|
|upkeep
|turn|24
|
|t:|1779971414
|switch|p1a: Gliscor|Gliscor, F|100/100 tox
|move|p2a: Polteageist|Stored Power|p1a: Gliscor
|-damage|p1a: Gliscor|0 fnt
|faint|p1a: Gliscor
|
|upkeep
|
|t:|1779971416
|switch|p1a: Iron Valiant|Iron Valiant|100/100
|turn|25
|
|t:|1779971422
|move|p2a: Polteageist|Stored Power|p1a: Iron Valiant
|-supereffective|p1a: Iron Valiant
|-damage|p1a: Iron Valiant|0 fnt
|faint|p1a: Iron Valiant
|-end|p1a: Iron Valiant|Quark Drive|[silent]
|
|upkeep
|
|t:|1779971424
|switch|p1a: Dragapult|Dragapult, M, tera:Flying|73/100
|turn|26
|
|t:|1779971430
|move|p2a: Polteageist|Stored Power|p1a: Dragapult
|-damage|p1a: Dragapult|0 fnt
|faint|p1a: Dragapult
|
|win|6767aurajacket
|raw|mingo127's rating: 1111 &rarr; <strong>1087</strong><br />(-24 for losing)
|raw|6767aurajacket's rating: 1120 &rarr; <strong>1144</strong><br />(+24 for winning)
|l|☆mingo127
|player|p1|
|l|☆6767aurajacket
|player|p2|
