|j|☆prakshep
|j|☆Kallopala
|t:|1779956581
|gametype|singles
|player|p1|prakshep|nate|1494
|player|p2|Kallopala|gentleman|1451
|gen|9
|tier|[Gen 9] OU
|rated|
|rule|HP Percentage Mod: HP is shown in percentages
|rule|Endless Battle Clause: Forcing endless battles is banned
|rule|Species Clause: Limit one of each Pokémon
|rule|OHKO Clause: OHKO moves are banned
|rule|Evasion Items Clause: Evasion items are banned
|rule|Evasion Moves Clause: Evasion moves are banned
|rule|Evasion Abilities Clause: Evasion abilities are banned
|rule|Sleep Moves Clause: Sleep-inducing moves are banned
|clearpoke
|poke|p1|Cinderace, F|
|poke|p1|Polteageist-Antique|
|poke|p1|Walking Wake|
|poke|p1|Zamazenta-*|
|poke|p1|Maushold-Four|
|poke|p1|Glimmora, F|
|poke|p2|Dondozo, F|
|poke|p2|Blissey, F|
|poke|p2|Corviknight, M|
|poke|p2|Weezing-Galar, M|
|poke|p2|Gliscor, F|
|poke|p2|Toxapex, F|
|teampreview
|inactive|Battle timer is ON: inactive players will automatically lose when time's up. (requested by Kallopala)
|
|t:|1779956594
|teamsize|p1|6
|teamsize|p2|6
|start
|switch|p1a: Cinderace|Cinderace, F, shiny|100/100
|switch|p2a: Gliscor|Gliscor, F|100/100
|turn|1
|
|t:|1779956599
|switch|p1a: Walking Wake|Walking Wake|100/100
|-enditem|p1a: Walking Wake|Booster Energy
|-activate|p1a: Walking Wake|ability: Protosynthesis|[fromitem]
|-start|p1a: Walking Wake|protosynthesisspa
|move|p2a: Gliscor|Protect||[still]
|-fail|p2a: Gliscor
|
|-status|p2a: Gliscor|tox|[from] item: Toxic Orb
|upkeep
|turn|2
|
|t:|1779956609
|switch|p2a: Blissey|Blissey, F|100/100
|move|p1a: Walking Wake|Hydro Steam|p2a: Blissey
|-damage|p2a: Blissey|84/100
|
|-heal|p2a: Blissey|91/100|[from] item: Leftovers
|upkeep
|turn|3
|
|t:|1779956615
|move|p1a: Walking Wake|Hurricane|p2a: Blissey
|-damage|p2a: Blissey|75/100
|move|p2a: Blissey|Seismic Toss|p1a: Walking Wake
|-damage|p1a: Walking Wake|71/100
|
|-heal|p2a: Blissey|82/100|[from] item: Leftovers
|upkeep
|turn|4
|
|t:|1779956619
|-end|p1a: Walking Wake|Protosynthesis|[silent]
|switch|p1a: Polteageist|Polteageist-Antique|100/100
|move|p2a: Blissey|Stealth Rock|p1a: Polteageist
|-sidestart|p1: prakshep|move: Stealth Rock
|
|-heal|p2a: Blissey|88/100|[from] item: Leftovers
|upkeep
|turn|5
|
|t:|1779956643
|switch|p2a: Toxapex|Toxapex, F|100/100
|move|p1a: Polteageist|Shell Smash|p1a: Polteageist
|-unboost|p1a: Polteageist|def|1
|-unboost|p1a: Polteageist|spd|1
|-boost|p1a: Polteageist|atk|2
|-boost|p1a: Polteageist|spa|2
|-boost|p1a: Polteageist|spe|2
|
|upkeep
|turn|6
|
|t:|1779956646
|move|p1a: Polteageist|Stored Power|p2a: Toxapex
|-supereffective|p2a: Toxapex
|-damage|p2a: Toxapex|0 fnt
|faint|p2a: Toxapex
|
|upkeep
|
|t:|1779956649
|switch|p2a: Blissey|Blissey, F|88/100
|turn|7
|
|t:|1779956652
|move|p1a: Polteageist|Shell Smash|p1a: Polteageist
|-unboost|p1a: Polteageist|def|1
|-unboost|p1a: Polteageist|spd|1
|-boost|p1a: Polteageist|atk|2
|-boost|p1a: Polteageist|spa|2
|-boost|p1a: Polteageist|spe|2
|move|p2a: Blissey|Calm Mind|p2a: Blissey
|-boost|p2a: Blissey|spa|1
|-boost|p2a: Blissey|spd|1
|
|-heal|p2a: Blissey|94/100|[from] item: Leftovers
|upkeep
|turn|8
|
|t:|1779956655
|move|p1a: Polteageist|Shell Smash|p1a: Polteageist
|-unboost|p1a: Polteageist|def|1
|-unboost|p1a: Polteageist|spd|1
|-boost|p1a: Polteageist|atk|2
|-boost|p1a: Polteageist|spa|2
|-boost|p1a: Polteageist|spe|2
|move|p2a: Blissey|Calm Mind|p2a: Blissey
|-boost|p2a: Blissey|spa|1
|-boost|p2a: Blissey|spd|1
|
|-heal|p2a: Blissey|100/100|[from] item: Leftovers
|upkeep
|turn|9
|
|t:|1779956669
|move|p1a: Polteageist|Stored Power|p2a: Blissey
|-damage|p2a: Blissey|8/100
|move|p2a: Blissey|Calm Mind|p2a: Blissey
|-boost|p2a: Blissey|spa|1
|-boost|p2a: Blissey|spd|1
|
|-heal|p2a: Blissey|14/100|[from] item: Leftovers
|upkeep
|turn|10
|
|t:|1779956682
|-terastallize|p2a: Blissey|Dark
|move|p1a: Polteageist|Stored Power|p2a: Blissey
|-immune|p2a: Blissey
|move|p2a: Blissey|Soft-Boiled|p2a: Blissey
|-heal|p2a: Blissey|64/100
|
|-heal|p2a: Blissey|70/100|[from] item: Leftovers
|upkeep
|turn|11
|
|t:|1779956698
|switch|p1a: Cinderace|Cinderace, F, shiny|100/100
|-damage|p1a: Cinderace|76/100|[from] Stealth Rock
|move|p2a: Blissey|Soft-Boiled|p2a: Blissey
|-heal|p2a: Blissey|100/100
|
|upkeep
|turn|12
|inactive|prakshep has 120 seconds left.
|inactive|prakshep has 90 seconds left.
|
|t:|1779956778
|switch|p2a: Weezing|Weezing-Galar, M|100/100
|-ability|p2a: Weezing|Neutralizing Gas
|move|p1a: Cinderace|Court Change|p1a: Cinderace
|-swapsideconditions
|-activate|p1a: Cinderace|move: Court Change
|
|upkeep
|turn|13
|
|t:|1779956793
|move|p1a: Cinderace|Pyro Ball|p2a: Weezing
|-damage|p2a: Weezing|65/100
|move|p2a: Weezing|Will-O-Wisp|p1a: Cinderace
|-immune|p1a: Cinderace
|
|upkeep
|turn|14
|inactive|prakshep has 60 seconds left.
|
|t:|1779956815
|move|p1a: Cinderace|Pyro Ball|p2a: Weezing
|-damage|p2a: Weezing|27/100
|move|p2a: Weezing|Pain Split|p1a: Cinderace
|-sethp|p1a: Cinderace|53/100|[from] move: Pain Split|[silent]
|-sethp|p2a: Weezing|48/100|[from] move: Pain Split
|
|upkeep
|turn|15
|
|t:|1779956825
|move|p1a: Cinderace|Pyro Ball|p2a: Weezing
|-damage|p2a: Weezing|9/100
|move|p2a: Weezing|Defog|p1a: Cinderace
|-unboost|p1a: Cinderace|evasion|1
|-sideend|p2: Kallopala|Stealth Rock|[from] move: Defog|[of] p2a: Weezing
|
|upkeep
|turn|16
|l|☆prakshep
|inactive|prakshep disconnected and has a minute to reconnect!
|player|p1|
|inactive|prakshep has 30 seconds to reconnect!
|inactive|prakshep has 20 seconds to reconnect!
|inactive|prakshep has 15 seconds to reconnect!
|inactive|prakshep has 10 seconds to reconnect!
|inactive|prakshep has 5 seconds to reconnect!
|-message|prakshep lost due to inactivity.
|
|win|Kallopala
|raw|prakshep's rating: 1494 &rarr; <strong>1472</strong><br />(-22 for losing)
|raw|Kallopala's rating: 1451 &rarr; <strong>1473</strong><br />(+22 for winning)
|l|☆Kallopala
|player|p2|
|j|☆Kallopala
|player|p2|Kallopala|gentleman|
|j|☆prakshep
|player|p1|prakshep|nate|
|l|☆prakshep
|player|p1|
