|j|☆Srgtcobra
|j|☆surprised head
|t:|1779892308
|gametype|singles
|player|p1|Srgtcobra|102|1589
|player|p2|surprised head|169|1553
|gen|9
|tier|[Gen 9] OU
|rated|
|rule|HP Percentage Mod: HP is shown in percentages
|rule|Endless Battle Clause: Forcing endless battles is banned
|rule|Species Clause: Limit one of each Pokémon
|rule|OHKO Clause: OHKO moves are banned
|rule|Evasion Items Clause: Evasion items are banned
|rule|Evasion Moves Clause: Evasion moves are banned
|rule|Evasion Abilities Clause: Evasion abilities are banned
|rule|Sleep Moves Clause: Sleep-inducing moves are banned
|clearpoke
|poke|p1|Araquanid, M|
|poke|p1|Enamorus, F|
|poke|p1|Honchkrow, F|
|poke|p1|Iron Hands|
|poke|p1|Breloom, F|
|poke|p1|Gholdengo|
|poke|p2|Hoopa-Unbound|
|poke|p2|Zapdos|
|poke|p2|Great Tusk|
|poke|p2|Dragonite, F|
|poke|p2|Kingambit, M|
|poke|p2|Serperior, M|
|teampreview
|inactive|Battle timer is ON: inactive players will automatically lose when time's up. (requested by Srgtcobra)
|
|t:|1779892318
|teamsize|p1|6
|teamsize|p2|6
|start
|switch|p1a: Araquanid|Araquanid, M|100/100
|switch|p2a: Zapdos|Zapdos|100/100
|turn|1
|
|t:|1779892324
|move|p2a: Zapdos|Roost||[still]
|-fail|p2a: Zapdos|heal
|move|p1a: Araquanid|Surf|p2a: Zapdos
|-damage|p2a: Zapdos|53/100
|
|upkeep
|turn|2
|
|t:|1779892328
|move|p2a: Zapdos|Hurricane|p1a: Araquanid|[miss]
|-miss|p2a: Zapdos|p1a: Araquanid
|move|p1a: Araquanid|Surf|p2a: Zapdos
|-damage|p2a: Zapdos|10/100
|
|upkeep
|turn|3
|
|t:|1779892330
|move|p2a: Zapdos|Roost|p2a: Zapdos
|-heal|p2a: Zapdos|60/100
|-singleturn|p2a: Zapdos|move: Roost
|move|p1a: Araquanid|Surf|p2a: Zapdos
|-damage|p2a: Zapdos|16/100
|
|upkeep
|turn|4
|
|t:|1779892333
|move|p2a: Zapdos|Roost|p2a: Zapdos
|-heal|p2a: Zapdos|66/100
|-singleturn|p2a: Zapdos|move: Roost
|move|p1a: Araquanid|Surf|p2a: Zapdos
|-damage|p2a: Zapdos|21/100
|
|upkeep
|turn|5
|
|t:|1779892335
|move|p2a: Zapdos|Roost|p2a: Zapdos
|-heal|p2a: Zapdos|71/100
|-singleturn|p2a: Zapdos|move: Roost
|move|p1a: Araquanid|Surf|p2a: Zapdos
|-damage|p2a: Zapdos|27/100
|
|upkeep
|turn|6
|
|t:|1779892338
|move|p2a: Zapdos|Roost|p2a: Zapdos
|-heal|p2a: Zapdos|77/100
|-singleturn|p2a: Zapdos|move: Roost
|move|p1a: Araquanid|Surf|p2a: Zapdos
|-damage|p2a: Zapdos|34/100
|
|upkeep
|turn|7
|
|t:|1779892340
|move|p2a: Zapdos|Roost|p2a: Zapdos
|-heal|p2a: Zapdos|84/100
|-singleturn|p2a: Zapdos|move: Roost
|move|p1a: Araquanid|Surf|p2a: Zapdos
|-damage|p2a: Zapdos|35/100
|
|upkeep
|turn|8
|
|t:|1779892343
|move|p2a: Zapdos|Volt Switch|p1a: Araquanid
|-supereffective|p1a: Araquanid
|-damage|p1a: Araquanid|59/100
|
|t:|1779892345
|switch|p2a: Serperior|Serperior, M|100/100|[from] Volt Switch
|move|p1a: Araquanid|Surf|p2a: Serperior
|-resisted|p2a: Serperior
|-damage|p2a: Serperior|71/100
|
|-heal|p2a: Serperior|78/100|[from] item: Leftovers
|upkeep
|turn|9
|
|t:|1779892352
|switch|p1a: Iron Hands|Iron Hands|100/100
|move|p2a: Serperior|Leaf Storm|p1a: Iron Hands
|-damage|p1a: Iron Hands|82/100
|-boost|p2a: Serperior|spa|2
|
|-heal|p2a: Serperior|84/100|[from] item: Leftovers
|upkeep
|turn|10
|
|t:|1779892366
|switch|p2a: Zapdos|Zapdos|35/100
|move|p1a: Iron Hands|Ice Punch|p2a: Zapdos
|-supereffective|p2a: Zapdos
|-damage|p2a: Zapdos|0 fnt
|faint|p2a: Zapdos
|
|upkeep
|
|t:|1779892368
|switch|p2a: Great Tusk|Great Tusk|100/100
|turn|11
|
|t:|1779892386
|-end|p1a: Iron Hands|Quark Drive|[silent]
|switch|p1a: Enamorus|Enamorus, F|100/100
|move|p2a: Great Tusk|Stealth Rock|p1a: Enamorus
|-sidestart|p1: Srgtcobra|move: Stealth Rock
|
|upkeep
|turn|12
|
|t:|1779892403
|-end|p2a: Great Tusk|Protosynthesis|[silent]
|switch|p2a: Serperior|Serperior, M|84/100
|move|p1a: Enamorus|Moonblast|p2a: Serperior
|-damage|p2a: Serperior|0 fnt
|faint|p2a: Serperior
|
|upkeep
|inactive|surprised head has 120 seconds left.
|
|t:|1779892442
|switch|p2a: Hoopa|Hoopa-Unbound|100/100
|turn|13
|
|t:|1779892444
|switch|p1a: Gholdengo|Gholdengo|100/100
|-damage|p1a: Gholdengo|94/100|[from] Stealth Rock
|move|p2a: Hoopa|Thunderbolt|p1a: Gholdengo
|-damage|p1a: Gholdengo|58/100
|
|upkeep
|turn|14
|inactive|surprised head has 120 seconds left.
|
|t:|1779892451
|move|p1a: Gholdengo|Make It Rain|p2a: Hoopa
|-damage|p2a: Hoopa|74/100
|-unboost|p1a: Gholdengo|spa|1
|move|p2a: Hoopa|Knock Off|p1a: Gholdengo
|-supereffective|p1a: Gholdengo
|-damage|p1a: Gholdengo|0 fnt
|-damage|p2a: Hoopa|58/100|[from] item: Rocky Helmet|[of] p1a: Gholdengo
|-enditem|p1a: Gholdengo|Rocky Helmet|[from] move: Knock Off|[of] p2a: Hoopa
|faint|p1a: Gholdengo
|
|upkeep
|
|t:|1779892453
|switch|p1a: Enamorus|Enamorus, F|100/100
|-damage|p1a: Enamorus|76/100|[from] Stealth Rock
|turn|15
|j| Kyurem
|inactive|surprised head has 120 seconds left.
|
|t:|1779892470
|move|p1a: Enamorus|Moonblast|p2a: Hoopa
|-supereffective|p2a: Hoopa
|-damage|p2a: Hoopa|0 fnt
|faint|p2a: Hoopa
|
|upkeep
|
|t:|1779892472
|switch|p2a: Dragonite|Dragonite, F|100/100
|turn|16
|
|t:|1779892475
|-terastallize|p1a: Enamorus|Fairy
|-terastallize|p2a: Dragonite|Fire
|move|p1a: Enamorus|Moonblast|p2a: Dragonite
|-resisted|p2a: Dragonite
|-damage|p2a: Dragonite|72/100
|-unboost|p2a: Dragonite|spa|1
|move|p2a: Dragonite|Dragon Dance|p2a: Dragonite
|-boost|p2a: Dragonite|atk|1
|-boost|p2a: Dragonite|spe|1
|
|upkeep
|turn|17
|inactive|surprised head has 120 seconds left.
|
|t:|1779892510
|move|p2a: Dragonite|Fire Punch|p1a: Enamorus
|-damage|p1a: Enamorus|0 fnt
|faint|p1a: Enamorus
|
|upkeep
|
|t:|1779892519
|switch|p1a: Iron Hands|Iron Hands|82/100
|-damage|p1a: Iron Hands|75/100|[from] Stealth Rock
|turn|18
|
|t:|1779892523
|move|p2a: Dragonite|Fire Punch|p1a: Iron Hands
|-damage|p1a: Iron Hands|36/100
|move|p1a: Iron Hands|Supercell Slam|p2a: Dragonite
|-damage|p2a: Dragonite|24/100
|
|upkeep
|turn|19
|
|t:|1779892527
|move|p2a: Dragonite|Fire Punch|p1a: Iron Hands
|-damage|p1a: Iron Hands|0 fnt
|faint|p1a: Iron Hands
|-end|p1a: Iron Hands|Quark Drive|[silent]
|
|upkeep
|
|t:|1779892530
|switch|p1a: Breloom|Breloom, F|100/100
|-damage|p1a: Breloom|94/100|[from] Stealth Rock
|turn|20
|
|t:|1779892539
|move|p1a: Breloom|Mach Punch|p2a: Dragonite
|-damage|p2a: Dragonite|0 fnt
|faint|p2a: Dragonite
|
|upkeep
|
|t:|1779892541
|switch|p2a: Great Tusk|Great Tusk|100/100
|turn|21
|
|t:|1779892544
|move|p2a: Great Tusk|Ice Spinner|p1a: Breloom
|-supereffective|p1a: Breloom
|-damage|p1a: Breloom|13/100
|move|p1a: Breloom|Bullet Seed|p2a: Great Tusk
|-supereffective|p2a: Great Tusk
|-damage|p2a: Great Tusk|72/100
|-supereffective|p2a: Great Tusk
|-damage|p2a: Great Tusk|46/100
|-supereffective|p2a: Great Tusk
|-damage|p2a: Great Tusk|18/100
|-supereffective|p2a: Great Tusk
|-damage|p2a: Great Tusk|0 fnt
|faint|p2a: Great Tusk
|-end|p2a: Great Tusk|Protosynthesis|[silent]
|-hitcount|p2: Great Tusk|4
|
|upkeep
|
|t:|1779892548
|switch|p2a: Kingambit|Kingambit, M|100/100
|-activate|p2a: Kingambit|ability: Supreme Overlord
|-start|p2a: Kingambit|fallen5|[silent]
|turn|22
|
|t:|1779892551
|move|p1a: Breloom|Mach Punch|p2a: Kingambit
|-supereffective|p2a: Kingambit
|-damage|p2a: Kingambit|0 fnt
|faint|p2a: Kingambit
|-end|p2a: Kingambit|fallen5|[silent]
|
|win|Srgtcobra
|raw|Srgtcobra's rating: 1589 &rarr; <strong>1607</strong><br />(+18 for winning)
|raw|surprised head's rating: 1553 &rarr; <strong>1535</strong><br />(-18 for losing)
|l|☆surprised head
|player|p2|
|l|☆Srgtcobra
|player|p1|
