|j|☆hueehuuekkkk
|j|☆chefivan
|t:|1779865591
|gametype|singles
|player|p1|hueehuuekkkk|steven|1339
|player|p2|chefivan|1|1369
|gen|9
|tier|[Gen 9] OU
|rated|
|rule|HP Percentage Mod: HP is shown in percentages
|rule|Endless Battle Clause: Forcing endless battles is banned
|rule|Species Clause: Limit one of each Pokémon
|rule|OHKO Clause: OHKO moves are banned
|rule|Evasion Items Clause: Evasion items are banned
|rule|Evasion Moves Clause: Evasion moves are banned
|rule|Evasion Abilities Clause: Evasion abilities are banned
|rule|Sleep Moves Clause: Sleep-inducing moves are banned
|clearpoke
|poke|p1|Suicune|
|poke|p1|Dragonite, M|
|poke|p1|Cinderace, M|
|poke|p1|Zamazenta-*|
|poke|p1|Blaziken, F|
|poke|p1|Sinistcha|
|poke|p2|Darkrai|
|poke|p2|Garchomp, M|
|poke|p2|Alomomola, M|
|poke|p2|Corviknight, F|
|poke|p2|Weezing-Galar, M|
|poke|p2|Ogerpon, F|
|teampreview
|inactive|Battle timer is ON: inactive players will automatically lose when time's up. (requested by hueehuuekkkk)
|
|t:|1779865603
|teamsize|p1|6
|teamsize|p2|6
|start
|switch|p1a: Blaziken|Blaziken, F|100/100
|switch|p2a: Darkrai|Darkrai|100/100
|turn|1
|
|t:|1779865612
|switch|p2a: Alomomola|Alomomola, M|100/100
|move|p1a: Blaziken|Swords Dance|p1a: Blaziken
|-boost|p1a: Blaziken|atk|2
|
|-ability|p1a: Blaziken|Speed Boost|boost
|-boost|p1a: Blaziken|spe|1
|upkeep
|turn|2
|
|t:|1779865620
|move|p1a: Blaziken|Swords Dance|p1a: Blaziken
|-boost|p1a: Blaziken|atk|2
|move|p2a: Alomomola|Flip Turn|p1a: Blaziken
|-supereffective|p1a: Blaziken
|-damage|p1a: Blaziken|51/100
|
|t:|1779865630
|switch|p2a: Garchomp|Garchomp, M|100/100|[from] Flip Turn
|
|-ability|p1a: Blaziken|Speed Boost|boost
|-boost|p1a: Blaziken|spe|1
|upkeep
|turn|3
|
|t:|1779865635
|move|p1a: Blaziken|Close Combat|p2a: Garchomp
|-damage|p2a: Garchomp|0 fnt
|-unboost|p1a: Blaziken|def|1
|-unboost|p1a: Blaziken|spd|1
|-damage|p1a: Blaziken|38/100|[from] ability: Rough Skin|[of] p2a: Garchomp
|-damage|p1a: Blaziken|22/100|[from] item: Rocky Helmet|[of] p2a: Garchomp
|faint|p2a: Garchomp
|
|-ability|p1a: Blaziken|Speed Boost|boost
|-boost|p1a: Blaziken|spe|1
|upkeep
|
|t:|1779865640
|switch|p2a: Alomomola|Alomomola, M|100/100
|turn|4
|
|t:|1779865643
|move|p2a: Alomomola|Aqua Jet|p1a: Blaziken
|-supereffective|p1a: Blaziken
|-damage|p1a: Blaziken|0 fnt
|faint|p1a: Blaziken
|
|upkeep
|
|t:|1779865654
|switch|p1a: Sinistcha|Sinistcha|100/100
|turn|5
|
|t:|1779865659
|switch|p2a: Corviknight|Corviknight, F|100/100
|-ability|p2a: Corviknight|Pressure
|move|p1a: Sinistcha|Nasty Plot|p1a: Sinistcha
|-boost|p1a: Sinistcha|spa|2
|
|upkeep
|turn|6
|
|t:|1779865662
|move|p1a: Sinistcha|Shadow Ball|p2a: Corviknight
|-damage|p2a: Corviknight|57/100
|move|p2a: Corviknight|Brave Bird|p1a: Sinistcha
|-supereffective|p1a: Sinistcha
|-damage|p1a: Sinistcha|47/100
|-damage|p2a: Corviknight|41/100|[from] Recoil
|
|-heal|p1a: Sinistcha|53/100|[from] item: Leftovers
|-heal|p2a: Corviknight|48/100|[from] item: Leftovers
|upkeep
|turn|7
|
|t:|1779865684
|move|p1a: Sinistcha|Strength Sap|p2a: Corviknight
|-unboost|p2a: Corviknight|atk|1
|-heal|p1a: Sinistcha|100/100
|move|p2a: Corviknight|Brave Bird|p1a: Sinistcha
|-supereffective|p1a: Sinistcha
|-damage|p1a: Sinistcha|65/100
|-damage|p2a: Corviknight|38/100|[from] Recoil
|
|-heal|p1a: Sinistcha|71/100|[from] item: Leftovers
|-heal|p2a: Corviknight|44/100|[from] item: Leftovers
|upkeep
|turn|8
|
|t:|1779865692
|move|p1a: Sinistcha|Shadow Ball|p2a: Corviknight
|-damage|p2a: Corviknight|0 fnt
|faint|p2a: Corviknight
|
|-heal|p1a: Sinistcha|77/100|[from] item: Leftovers
|upkeep
|
|t:|1779865695
|switch|p2a: Darkrai|Darkrai|100/100
|turn|9
|
|t:|1779865698
|-terastallize|p1a: Sinistcha|Poison
|move|p2a: Darkrai|Trick|p1a: Sinistcha
|-activate|p2a: Darkrai|move: Trick|[of] p1a: Sinistcha
|-item|p1a: Sinistcha|Choice Specs|[from] move: Trick
|-item|p2a: Darkrai|Leftovers|[from] move: Trick
|move|p1a: Sinistcha|Matcha Gotcha|p2a: Darkrai
|-crit|p2a: Darkrai
|-damage|p2a: Darkrai|0 fnt
|-heal|p1a: Sinistcha|100/100|[from] drain|[of] p2a: Darkrai
|faint|p2a: Darkrai
|
|upkeep
|
|t:|1779865707
|switch|p2a: Ogerpon|Ogerpon, F|100/100
|turn|10
|
|t:|1779865710
|move|p2a: Ogerpon|Swords Dance|p2a: Ogerpon
|-boost|p2a: Ogerpon|atk|2
|move|p1a: Sinistcha|Matcha Gotcha|p2a: Ogerpon
|-resisted|p2a: Ogerpon
|-crit|p2a: Ogerpon
|-damage|p2a: Ogerpon|20/100
|
|upkeep
|turn|11
|
|t:|1779865720
|switch|p2a: Weezing|Weezing-Galar, M|100/100
|-ability|p2a: Weezing|Neutralizing Gas
|move|p1a: Sinistcha|Matcha Gotcha|p2a: Weezing
|-resisted|p2a: Weezing
|-damage|p2a: Weezing|36/100
|
|-heal|p2a: Weezing|42/100|[from] item: Leftovers
|upkeep
|turn|12
|-message|chefivan forfeited.
|
|win|hueehuuekkkk
|raw|hueehuuekkkk's rating: 1339 &rarr; <strong>1361</strong><br />(+22 for winning)
|raw|chefivan's rating: 1369 &rarr; <strong>1347</strong><br />(-22 for losing)
|l|☆chefivan
|player|p2|
|l|☆hueehuuekkkk
|player|p1|
