|j|☆Itadori_san
|j|☆mastermar22
|t:|1779842360
|gametype|singles
|player|p1|Itadori_san|266|1419
|player|p2|mastermar22|volkner|1422
|gen|9
|tier|[Gen 9] OU
|rated|
|rule|HP Percentage Mod: HP is shown in percentages
|rule|Endless Battle Clause: Forcing endless battles is banned
|rule|Species Clause: Limit one of each Pokémon
|rule|OHKO Clause: OHKO moves are banned
|rule|Evasion Items Clause: Evasion items are banned
|rule|Evasion Moves Clause: Evasion moves are banned
|rule|Evasion Abilities Clause: Evasion abilities are banned
|rule|Sleep Moves Clause: Sleep-inducing moves are banned
|clearpoke
|poke|p1|Cresselia, F|
|poke|p1|Azumarill, M|
|poke|p1|Enamorus-Therian, F|
|poke|p1|Ursaluna, F|
|poke|p1|Hatterene, F|
|poke|p1|Hoopa-Unbound|
|poke|p2|Kyurem|
|poke|p2|Cinderace, M|
|poke|p2|Tornadus-Therian, M|
|poke|p2|Hatterene, F|
|poke|p2|Great Tusk|
|poke|p2|Kingambit, F|
|teampreview
|inactive|Battle timer is ON: inactive players will automatically lose when time's up. (requested by mastermar22)
|inactive|Itadori_san also wants the timer to be on.
|inactive|Itadori_san has 120 seconds left.
|
|t:|1779842411
|teamsize|p1|6
|teamsize|p2|6
|start
|switch|p1a: Hatterene|Hatterene, F|100/100
|switch|p2a: Cinderace|Cinderace, M|100/100
|turn|1
|
|t:|1779842415
|move|p2a: Cinderace|Gunk Shot|p1a: Hatterene|[miss]
|-start|p2a: Cinderace|typechange|Poison|[from] ability: Libero
|-miss|p2a: Cinderace|p1a: Hatterene
|move|p1a: Hatterene|Trick Room|p1a: Hatterene
|-fieldstart|move: Trick Room|[of] p1a: Hatterene
|
|upkeep
|turn|2
|
|t:|1779842422
|switch|p2a: Kingambit|Kingambit, F|100/100
|move|p1a: Hatterene|Psychic Noise|p2a: Kingambit
|-immune|p2a: Kingambit
|
|upkeep
|turn|3
|
|t:|1779842430
|switch|p1a: Ursaluna|Ursaluna, F|100/100
|move|p2a: Kingambit|Iron Head|p1a: Ursaluna
|-damage|p1a: Ursaluna|69/100
|
|-status|p1a: Ursaluna|brn|[from] item: Flame Orb
|upkeep
|turn|4
|
|t:|1779842435
|-end|p2a: Kingambit|fallenundefined|[silent]
|switch|p2a: Tornadus|Tornadus-Therian, M|100/100
|move|p1a: Ursaluna|Swords Dance|p1a: Ursaluna
|-boost|p1a: Ursaluna|atk|2
|
|-damage|p1a: Ursaluna|62/100 brn|[from] brn
|upkeep
|turn|5
|
|t:|1779842445
|switch|p2a: Great Tusk|Great Tusk|100/100
|move|p1a: Ursaluna|Facade|p2a: Great Tusk
|-damage|p2a: Great Tusk|0 fnt
|-damage|p1a: Ursaluna|46/100 brn|[from] item: Rocky Helmet|[of] p2a: Great Tusk
|faint|p2a: Great Tusk
|-end|p2a: Great Tusk|Protosynthesis|[silent]
|
|-damage|p1a: Ursaluna|40/100 brn|[from] brn
|-fieldend|move: Trick Room
|upkeep
|
|t:|1779842455
|switch|p2a: Kyurem|Kyurem|100/100
|-ability|p2a: Kyurem|Pressure
|turn|6
|
|t:|1779842459
|move|p2a: Kyurem|Ice Beam|p1a: Ursaluna
|-supereffective|p1a: Ursaluna
|-damage|p1a: Ursaluna|0 fnt
|faint|p1a: Ursaluna
|
|upkeep
|
|t:|1779842462
|switch|p1a: Hatterene|Hatterene, F|100/100
|turn|7
|
|t:|1779842467
|move|p2a: Kyurem|Ice Beam|p1a: Hatterene
|-damage|p1a: Hatterene|26/100
|move|p1a: Hatterene|Trick Room|p1a: Hatterene
|-fieldstart|move: Trick Room|[of] p1a: Hatterene
|
|upkeep
|turn|8
|
|t:|1779842475
|switch|p2a: Kingambit|Kingambit, F|100/100
|-activate|p2a: Kingambit|ability: Supreme Overlord
|-start|p2a: Kingambit|fallen1|[silent]
|move|p1a: Hatterene|Dazzling Gleam|p2a: Kingambit
|-damage|p2a: Kingambit|52/100
|
|-heal|p2a: Kingambit|59/100|[from] item: Leftovers
|upkeep
|turn|9
|
|t:|1779842480
|move|p1a: Hatterene|Healing Wish|p1a: Hatterene
|faint|p1a: Hatterene
|move|p2a: Kingambit|Iron Head|p1: Hatterene|[notarget]
|-fail|p2a: Kingambit
|
|-heal|p2a: Kingambit|65/100|[from] item: Leftovers
|upkeep
|
|t:|1779842485
|switch|p1a: Azumarill|Azumarill, M|100/100
|turn|10
|
|t:|1779842489
|move|p1a: Azumarill|Liquidation|p2a: Kingambit
|-damage|p2a: Kingambit|24/100
|move|p2a: Kingambit|Iron Head|p1a: Azumarill
|-damage|p1a: Azumarill|51/100
|
|-heal|p2a: Kingambit|31/100|[from] item: Leftovers
|upkeep
|turn|11
|
|t:|1779842498
|-end|p2a: Kingambit|fallen1|[silent]
|switch|p2a: Kyurem|Kyurem|100/100
|-ability|p2a: Kyurem|Pressure
|move|p1a: Azumarill|Liquidation|p2a: Kyurem
|-resisted|p2a: Kyurem
|-damage|p2a: Kyurem|73/100
|-unboost|p2a: Kyurem|def|1
|
|-fieldend|move: Trick Room
|upkeep
|turn|12
|
|t:|1779842502
|switch|p1a: Cresselia|Cresselia, F|100/100
|move|p2a: Kyurem|Freeze-Dry|p1a: Cresselia
|-damage|p1a: Cresselia|66/100
|
|upkeep
|turn|13
|
|t:|1779842509
|move|p2a: Kyurem|Freeze-Dry|p1a: Cresselia
|-damage|p1a: Cresselia|31/100
|move|p1a: Cresselia|Trick Room|p1a: Cresselia
|-fieldstart|move: Trick Room|[of] p1a: Cresselia
|
|upkeep
|turn|14
|
|t:|1779842512
|move|p1a: Cresselia|Lunar Dance|p1a: Cresselia
|faint|p1a: Cresselia
|move|p2a: Kyurem|Freeze-Dry|p1: Cresselia|[notarget]
|-fail|p2a: Kyurem
|
|upkeep
|
|t:|1779842513
|switch|p1a: Azumarill|Azumarill, M|51/100
|-heal|p1a: Azumarill|100/100|[from] move: Healing Wish
|-heal|p1a: Azumarill|100/100|[from] move: Lunar Dance
|turn|15
|
|t:|1779842519
|switch|p2a: Kingambit|Kingambit, F|31/100
|-activate|p2a: Kingambit|ability: Supreme Overlord
|-start|p2a: Kingambit|fallen1|[silent]
|-terastallize|p1a: Azumarill|Steel
|move|p1a: Azumarill|Belly Drum|p1a: Azumarill
|-damage|p1a: Azumarill|50/100
|-setboost|p1a: Azumarill|atk|6|[from] move: Belly Drum
|-enditem|p1a: Azumarill|Sitrus Berry|[eat]
|-heal|p1a: Azumarill|75/100|[from] item: Sitrus Berry
|
|-heal|p2a: Kingambit|37/100|[from] item: Leftovers
|upkeep
|turn|16
|
|t:|1779842525
|move|p2a: Kingambit|Sucker Punch|p1a: Azumarill
|-damage|p1a: Azumarill|26/100
|move|p1a: Azumarill|Liquidation|p2a: Kingambit
|-damage|p2a: Kingambit|0 fnt
|faint|p2a: Kingambit
|-end|p2a: Kingambit|fallen1|[silent]
|
|upkeep
|
|t:|1779842540
|switch|p2a: Kyurem|Kyurem|73/100
|-ability|p2a: Kyurem|Pressure
|turn|17
|
|t:|1779842543
|move|p1a: Azumarill|Play Rough|p2a: Kyurem
|-supereffective|p2a: Kyurem
|-damage|p2a: Kyurem|0 fnt
|faint|p2a: Kyurem
|
|-fieldend|move: Trick Room
|upkeep
|
|t:|1779842564
|switch|p2a: Hatterene|Hatterene, F|100/100
|turn|18
|inactive|Itadori_san has 120 seconds left.
|
|t:|1779842605
|move|p2a: Hatterene|Psychic Noise|p1a: Azumarill
|-resisted|p1a: Azumarill
|-damage|p1a: Azumarill|10/100
|-start|p1a: Azumarill|move: Heal Block
|move|p1a: Azumarill|Liquidation|p2a: Hatterene
|-damage|p2a: Hatterene|0 fnt
|faint|p2a: Hatterene
|
|upkeep
|
|t:|1779842613
|switch|p2a: Tornadus|Tornadus-Therian, M|100/100
|turn|19
|
|t:|1779842618
|move|p1a: Azumarill|Aqua Jet|p2a: Tornadus
|-damage|p2a: Tornadus|0 fnt
|faint|p2a: Tornadus
|
|-end|p1a: Azumarill|move: Heal Block
|upkeep
|-message|mastermar22 forfeited.
|
|win|Itadori_san
|raw|Itadori_san's rating: 1419 &rarr; <strong>1439</strong><br />(+20 for winning)
|raw|mastermar22's rating: 1422 &rarr; <strong>1402</strong><br />(-20 for losing)
|l|☆mastermar22
|player|p2|
