|j|☆quichenuts
|j|☆YuhNinja
|t:|1779821203
|gametype|singles
|player|p1|quichenuts|266|1400
|player|p2|YuhNinja|169|1386
|gen|9
|tier|[Gen 9] OU
|rated|
|rule|HP Percentage Mod: HP is shown in percentages
|rule|Endless Battle Clause: Forcing endless battles is banned
|rule|Species Clause: Limit one of each Pokémon
|rule|OHKO Clause: OHKO moves are banned
|rule|Evasion Items Clause: Evasion items are banned
|rule|Evasion Moves Clause: Evasion moves are banned
|rule|Evasion Abilities Clause: Evasion abilities are banned
|rule|Sleep Moves Clause: Sleep-inducing moves are banned
|clearpoke
|poke|p1|Dragonite, F|
|poke|p1|Great Tusk|
|poke|p1|Deoxys-Speed|
|poke|p1|Gholdengo|
|poke|p1|Zamazenta-*|
|poke|p1|Iron Valiant|
|poke|p2|Raichu-Alola, F|
|poke|p2|Mienshao, M|
|poke|p2|Iron Jugulis|
|poke|p2|Fezandipiti, M|
|poke|p2|Iron Treads|
|poke|p2|Ogerpon-Wellspring, F|
|teampreview
|inactive|Battle timer is ON: inactive players will automatically lose when time's up. (requested by quichenuts)
|
|t:|1779821214
|teamsize|p1|6
|teamsize|p2|6
|start
|switch|p1a: Deoxys|Deoxys-Speed|100/100
|switch|p2a: Raichu|Raichu-Alola, F|100/100
|-ability|p1a: Deoxys|Pressure
|turn|1
|
|t:|1779821223
|move|p2a: Raichu|Fake Out|p1a: Deoxys
|-damage|p1a: Deoxys|92/100
|cant|p1a: Deoxys|flinch
|
|upkeep
|turn|2
|
|t:|1779821228
|move|p1a: Deoxys|Taunt|p2a: Raichu
|-start|p2a: Raichu|move: Taunt
|move|p2a: Raichu|Volt Switch|p1a: Deoxys
|-damage|p1a: Deoxys|56/100
|
|t:|1779821239
|switch|p2a: Iron Jugulis|Iron Jugulis|100/100|[from] Volt Switch
|
|upkeep
|turn|3
|
|t:|1779821252
|move|p1a: Deoxys|Stealth Rock|p2a: Iron Jugulis
|-sidestart|p2: YuhNinja|move: Stealth Rock
|move|p2a: Iron Jugulis|Dark Pulse|p1a: Deoxys
|-supereffective|p1a: Deoxys
|-crit|p1a: Deoxys
|-damage|p1a: Deoxys|0 fnt
|faint|p1a: Deoxys
|
|upkeep
|
|t:|1779821266
|switch|p1a: Iron Valiant|Iron Valiant|100/100
|-enditem|p1a: Iron Valiant|Booster Energy
|-activate|p1a: Iron Valiant|ability: Quark Drive|[fromitem]
|-start|p1a: Iron Valiant|quarkdrivespe
|turn|4
|
|t:|1779821271
|-end|p2a: Iron Jugulis|Quark Drive|[silent]
|switch|p2a: Fezandipiti|Fezandipiti, M|100/100
|-damage|p2a: Fezandipiti|88/100|[from] Stealth Rock
|move|p1a: Iron Valiant|Moonblast|p2a: Fezandipiti
|-resisted|p2a: Fezandipiti
|-damage|p2a: Fezandipiti|78/100
|
|upkeep
|turn|5
|
|t:|1779821282
|move|p1a: Iron Valiant|Destiny Bond|p1a: Iron Valiant
|-singlemove|p1a: Iron Valiant|Destiny Bond
|move|p2a: Fezandipiti|Beat Up|p1a: Iron Valiant
|-resisted|p1a: Iron Valiant
|-damage|p1a: Iron Valiant|99/100
|-status|p1a: Iron Valiant|tox|[from] ability: Toxic Chain|[of] p2a: Fezandipiti
|-resisted|p1a: Iron Valiant
|-damage|p1a: Iron Valiant|98/100 tox
|-resisted|p1a: Iron Valiant
|-damage|p1a: Iron Valiant|97/100 tox
|-resisted|p1a: Iron Valiant
|-damage|p1a: Iron Valiant|96/100 tox
|-resisted|p1a: Iron Valiant
|-damage|p1a: Iron Valiant|94/100 tox
|-resisted|p1a: Iron Valiant
|-damage|p1a: Iron Valiant|93/100 tox
|-hitcount|p1a: Iron Valiant|6
|
|-damage|p1a: Iron Valiant|86/100 tox|[from] psn
|upkeep
|turn|6
|
|t:|1779821301
|move|p1a: Iron Valiant|Knock Off|p2a: Fezandipiti
|-resisted|p2a: Fezandipiti
|-damage|p2a: Fezandipiti|60/100
|-enditem|p2a: Fezandipiti|Assault Vest|[from] move: Knock Off|[of] p1a: Iron Valiant
|move|p2a: Fezandipiti|Play Rough|p1a: Iron Valiant
|-supereffective|p1a: Iron Valiant
|-damage|p1a: Iron Valiant|0 fnt
|faint|p1a: Iron Valiant
|-end|p1a: Iron Valiant|Quark Drive|[silent]
|
|upkeep
|
|t:|1779821321
|switch|p1a: Great Tusk|Great Tusk|100/100
|-enditem|p1a: Great Tusk|Booster Energy
|-activate|p1a: Great Tusk|ability: Protosynthesis|[fromitem]
|-start|p1a: Great Tusk|protosynthesisspe
|turn|7
|
|t:|1779821337
|move|p1a: Great Tusk|Bulk Up|p1a: Great Tusk
|-boost|p1a: Great Tusk|atk|1
|-boost|p1a: Great Tusk|def|1
|move|p2a: Fezandipiti|Play Rough|p1a: Great Tusk
|-supereffective|p1a: Great Tusk
|-damage|p1a: Great Tusk|66/100
|-status|p1a: Great Tusk|tox|[from] ability: Toxic Chain|[of] p2a: Fezandipiti
|
|-damage|p1a: Great Tusk|60/100 tox|[from] psn
|upkeep
|turn|8
|
|t:|1779821349
|move|p1a: Great Tusk|Headlong Rush|p2a: Fezandipiti
|-supereffective|p2a: Fezandipiti
|-damage|p2a: Fezandipiti|0 fnt
|-unboost|p1a: Great Tusk|def|1
|-unboost|p1a: Great Tusk|spd|1
|faint|p2a: Fezandipiti
|
|-damage|p1a: Great Tusk|47/100 tox|[from] psn
|upkeep
|
|t:|1779821352
|switch|p2a: Raichu|Raichu-Alola, F|100/100
|-damage|p2a: Raichu|88/100|[from] Stealth Rock
|turn|9
|
|t:|1779821359
|move|p2a: Raichu|Fake Out|p1a: Great Tusk
|-damage|p1a: Great Tusk|42/100 tox
|cant|p1a: Great Tusk|flinch
|
|-damage|p1a: Great Tusk|23/100 tox|[from] psn
|upkeep
|turn|10
|
|t:|1779821364
|switch|p2a: Iron Jugulis|Iron Jugulis|100/100
|-damage|p2a: Iron Jugulis|76/100|[from] Stealth Rock
|move|p1a: Great Tusk|Headlong Rush|p2a: Iron Jugulis
|-immune|p2a: Iron Jugulis
|
|-damage|p1a: Great Tusk|0 fnt|[from] psn
|faint|p1a: Great Tusk
|-end|p1a: Great Tusk|Protosynthesis|[silent]
|upkeep
|
|t:|1779821375
|switch|p1a: Dragonite|Dragonite, F|100/100
|turn|11
|
|t:|1779821388
|move|p2a: Iron Jugulis|Electric Terrain|p2a: Iron Jugulis
|-fieldstart|move: Electric Terrain
|-activate|p2a: Iron Jugulis|ability: Quark Drive
|-start|p2a: Iron Jugulis|quarkdrivespe
|move|p1a: Dragonite|Dragon Dance|p1a: Dragonite
|-boost|p1a: Dragonite|atk|1
|-boost|p1a: Dragonite|spe|1
|
|upkeep
|turn|12
|
|t:|1779821396
|move|p1a: Dragonite|Extreme Speed|p2a: Iron Jugulis
|-damage|p2a: Iron Jugulis|1/100
|-damage|p1a: Dragonite|91/100|[from] item: Life Orb
|move|p2a: Iron Jugulis|Dark Pulse|p1a: Dragonite
|-damage|p1a: Dragonite|47/100
|
|upkeep
|turn|13
|
|t:|1779821402
|move|p1a: Dragonite|Extreme Speed|p2a: Iron Jugulis
|-damage|p2a: Iron Jugulis|0 fnt
|faint|p2a: Iron Jugulis
|-end|p2a: Iron Jugulis|Quark Drive|[silent]
|-damage|p1a: Dragonite|37/100|[from] item: Life Orb
|
|upkeep
|
|t:|1779821413
|switch|p2a: Iron Treads|Iron Treads|100/100
|-damage|p2a: Iron Treads|97/100|[from] Stealth Rock
|-activate|p2a: Iron Treads|ability: Quark Drive
|-start|p2a: Iron Treads|quarkdrivespe
|turn|14
|
|t:|1779821427
|-terastallize|p2a: Iron Treads|Ground
|move|p2a: Iron Treads|Ice Spinner|p1a: Dragonite
|-supereffective|p1a: Dragonite
|-damage|p1a: Dragonite|0 fnt
|-fieldend|move: Electric Terrain
|-end|p2a: Iron Treads|Quark Drive
|faint|p1a: Dragonite
|
|upkeep
|
|t:|1779821435
|switch|p1a: Gholdengo|Gholdengo|100/100
|turn|15
|
|t:|1779821449
|switch|p1a: Zamazenta|Zamazenta|100/100
|-ability|p1a: Zamazenta|Dauntless Shield|boost
|-boost|p1a: Zamazenta|def|1
|move|p2a: Iron Treads|Earthquake|p1a: Zamazenta
|-damage|p1a: Zamazenta|63/100
|
|upkeep
|turn|16
|
|t:|1779821457
|move|p1a: Zamazenta|Close Combat|p2a: Iron Treads
|-damage|p2a: Iron Treads|20/100
|-unboost|p1a: Zamazenta|def|1
|-unboost|p1a: Zamazenta|spd|1
|-damage|p1a: Zamazenta|53/100|[from] item: Life Orb
|move|p2a: Iron Treads|Volt Switch|p1a: Zamazenta
|-damage|p1a: Zamazenta|38/100
|
|t:|1779821474
|-end|p2a: Iron Treads|Quark Drive|[silent]
|switch|p2a: Raichu|Raichu-Alola, F|88/100|[from] Volt Switch
|-damage|p2a: Raichu|76/100|[from] Stealth Rock
|
|upkeep
|turn|17
|
|t:|1779821478
|move|p1a: Zamazenta|Crunch|p2a: Raichu
|-supereffective|p2a: Raichu
|-damage|p2a: Raichu|0 fnt
|faint|p2a: Raichu
|-damage|p1a: Zamazenta|28/100|[from] item: Life Orb
|
|upkeep
|
|t:|1779821496
|switch|p2a: Mienshao|Mienshao, M|100/100
|-damage|p2a: Mienshao|95/100|[from] Stealth Rock
|turn|18
|
|t:|1779821518
|move|p2a: Mienshao|U-turn|p1a: Zamazenta
|-resisted|p1a: Zamazenta
|-damage|p1a: Zamazenta|17/100
|
|t:|1779821529
|switch|p2a: Iron Treads|Iron Treads, tera:Ground|20/100|[from] U-turn
|-damage|p2a: Iron Treads|14/100|[from] Stealth Rock
|move|p1a: Zamazenta|Close Combat|p2a: Iron Treads
|-damage|p2a: Iron Treads|0 fnt
|-unboost|p1a: Zamazenta|def|1
|-unboost|p1a: Zamazenta|spd|1
|faint|p2a: Iron Treads
|-end|p2a: Iron Treads|Quark Drive|[silent]
|-damage|p1a: Zamazenta|7/100|[from] item: Life Orb
|
|upkeep
|
|t:|1779821530
|switch|p2a: Mienshao|Mienshao, M|100/100
|-damage|p2a: Mienshao|95/100|[from] Stealth Rock
|turn|19
|
|t:|1779821537
|move|p2a: Mienshao|Knock Off|p1a: Zamazenta
|-resisted|p1a: Zamazenta
|-damage|p1a: Zamazenta|0 fnt
|-enditem|p1a: Zamazenta|Life Orb|[from] move: Knock Off|[of] p2a: Mienshao
|faint|p1a: Zamazenta
|
|upkeep
|
|t:|1779821538
|switch|p1a: Gholdengo|Gholdengo|100/100
|turn|20
|
|t:|1779821547
|-terastallize|p1a: Gholdengo|Fairy
|move|p2a: Mienshao|Knock Off|p1a: Gholdengo
|-resisted|p1a: Gholdengo
|-damage|p1a: Gholdengo|85/100
|-enditem|p1a: Gholdengo|Custap Berry|[from] move: Knock Off|[of] p2a: Mienshao
|move|p1a: Gholdengo|Nasty Plot|p1a: Gholdengo
|-boost|p1a: Gholdengo|spa|2
|
|upkeep
|turn|21
|
|t:|1779821554
|move|p2a: Mienshao|Knock Off|p1a: Gholdengo
|-resisted|p1a: Gholdengo
|-damage|p1a: Gholdengo|77/100
|move|p1a: Gholdengo|Shadow Ball|p2a: Mienshao
|-damage|p2a: Mienshao|0 fnt
|faint|p2a: Mienshao
|
|upkeep
|
|t:|1779821556
|switch|p2a: Ogerpon|Ogerpon-Wellspring, F|100/100
|-damage|p2a: Ogerpon|88/100|[from] Stealth Rock
|turn|22
|
|t:|1779821562
|move|p2a: Ogerpon|Ivy Cudgel|p1a: Gholdengo|[anim] Ivy Cudgel Water
|-damage|p1a: Gholdengo|29/100
|move|p1a: Gholdengo|Shadow Ball|p2a: Ogerpon
|-damage|p2a: Ogerpon|0 fnt
|faint|p2a: Ogerpon
|
|win|quichenuts
|raw|quichenuts's rating: 1400 &rarr; <strong>1419</strong><br />(+19 for winning)
|raw|YuhNinja's rating: 1386 &rarr; <strong>1367</strong><br />(-19 for losing)
|l|☆YuhNinja
|player|p2|
|l|☆quichenuts
|player|p1|
