|j|☆npctypebeat
|j|☆Cakdink
|t:|1779934707
|gametype|singles
|player|p1|npctypebeat|102|1125
|player|p2|Cakdink|acetrainer-gen4|1111
|gen|9
|tier|[Gen 9] OU
|rated|
|rule|HP Percentage Mod: HP is shown in percentages
|rule|Endless Battle Clause: Forcing endless battles is banned
|rule|Species Clause: Limit one of each Pokémon
|rule|OHKO Clause: OHKO moves are banned
|rule|Evasion Items Clause: Evasion items are banned
|rule|Evasion Moves Clause: Evasion moves are banned
|rule|Evasion Abilities Clause: Evasion abilities are banned
|rule|Sleep Moves Clause: Sleep-inducing moves are banned
|clearpoke
|poke|p1|Gliscor, F|
|poke|p1|Gholdengo|
|poke|p1|Zamazenta-*|
|poke|p1|Blissey, F|
|poke|p1|Skarmory, F|
|poke|p1|Pecharunt|
|poke|p2|Amoonguss, F|
|poke|p2|Gastrodon-East, M|
|poke|p2|Goodra-Hisui, M|
|poke|p2|Ceruledge, F|
|poke|p2|Thundurus-Therian, M|
|poke|p2|Mandibuzz, F|
|teampreview
|inactive|Battle timer is ON: inactive players will automatically lose when time's up. (requested by Cakdink)
|c|☆npctypebeat|hf
|inactive|npctypebeat also wants the timer to be on.
|
|t:|1779934716
|teamsize|p1|6
|teamsize|p2|6
|start
|switch|p1a: Skarmory|Skarmory, F|100/100
|switch|p2a: Goodra|Goodra-Hisui, M|100/100
|turn|1
|
|t:|1779934731
|move|p1a: Skarmory|Spikes|p2a: Goodra
|-sidestart|p2: Cakdink|Spikes
|move|p2a: Goodra|Fire Blast|p1a: Skarmory
|-supereffective|p1a: Skarmory
|-ability|p1a: Skarmory|Sturdy
|-damage|p1a: Skarmory|1/100
|
|upkeep
|turn|2
|
|t:|1779934737
|move|p1a: Skarmory|Body Press|p2a: Goodra
|-supereffective|p2a: Goodra
|-damage|p2a: Goodra|26/100
|move|p2a: Goodra|Draco Meteor|p1a: Skarmory|[miss]
|-miss|p2a: Goodra|p1a: Skarmory
|
|upkeep
|turn|3
|
|t:|1779934748
|switch|p2a: Amoonguss|Amoonguss, F|100/100
|-damage|p2a: Amoonguss|88/100|[from] Spikes
|move|p1a: Skarmory|Body Press|p2a: Amoonguss
|-resisted|p2a: Amoonguss
|-damage|p2a: Amoonguss|77/100
|-status|p1a: Skarmory|par|[from] ability: Effect Spore|[of] p2a: Amoonguss
|
|-heal|p2a: Amoonguss|83/100|[from] item: Black Sludge
|upkeep
|turn|4
|
|t:|1779934758
|switch|p1a: Blissey|Blissey, F|100/100
|move|p2a: Amoonguss|Giga Drain|p1a: Blissey
|-damage|p1a: Blissey|93/100
|-heal|p2a: Amoonguss|89/100|[from] drain|[of] p1a: Blissey
|
|-heal|p2a: Amoonguss|96/100|[from] item: Black Sludge
|upkeep
|turn|5
|
|t:|1779934769
|move|p1a: Blissey|Stealth Rock|p2a: Amoonguss
|-sidestart|p2: Cakdink|move: Stealth Rock
|move|p2a: Amoonguss|Toxic|p1a: Blissey
|-status|p1a: Blissey|tox
|
|-heal|p2a: Amoonguss|100/100|[from] item: Black Sludge
|-damage|p1a: Blissey|87/100 tox|[from] psn
|upkeep
|turn|6
|
|t:|1779934776
|-curestatus|p1a: Blissey|tox|[from] ability: Natural Cure|[silent]
|switch|p1a: Gliscor|Gliscor, F|100/100
|switch|p2a: Mandibuzz|Mandibuzz, F|100/100
|
|-status|p1a: Gliscor|tox|[from] item: Toxic Orb
|upkeep
|turn|7
|
|t:|1779934781
|move|p1a: Gliscor|Swords Dance|p1a: Gliscor
|-boost|p1a: Gliscor|atk|2
|move|p2a: Mandibuzz|Knock Off|p1a: Gliscor
|-damage|p1a: Gliscor|81/100 tox
|-enditem|p1a: Gliscor|Toxic Orb|[from] move: Knock Off|[of] p2a: Mandibuzz
|
|-heal|p1a: Gliscor|93/100 tox|[from] ability: Poison Heal
|upkeep
|turn|8
|
|t:|1779934792
|move|p1a: Gliscor|Knock Off|p2a: Mandibuzz
|-resisted|p2a: Mandibuzz
|-damage|p2a: Mandibuzz|89/100
|-enditem|p2a: Mandibuzz|Heavy-Duty Boots|[from] move: Knock Off|[of] p1a: Gliscor
|move|p2a: Mandibuzz|Defog|p1a: Gliscor
|-unboost|p1a: Gliscor|evasion|1
|-sideend|p2: Cakdink|Spikes|[from] move: Defog|[of] p2a: Mandibuzz
|-sideend|p2: Cakdink|Stealth Rock|[from] move: Defog|[of] p2a: Mandibuzz
|
|-heal|p1a: Gliscor|100/100 tox|[from] ability: Poison Heal
|upkeep
|turn|9
|
|t:|1779934801
|move|p1a: Gliscor|Swords Dance|p1a: Gliscor
|-boost|p1a: Gliscor|atk|2
|move|p2a: Mandibuzz|Brave Bird|p1a: Gliscor
|-damage|p1a: Gliscor|75/100 tox
|-damage|p2a: Mandibuzz|82/100|[from] Recoil
|
|-heal|p1a: Gliscor|87/100 tox|[from] ability: Poison Heal
|upkeep
|turn|10
|
|t:|1779934812
|move|p1a: Gliscor|Knock Off|p2a: Mandibuzz
|-resisted|p2a: Mandibuzz
|-damage|p2a: Mandibuzz|70/100
|move|p2a: Mandibuzz|Knock Off|p1a: Gliscor
|-damage|p1a: Gliscor|74/100 tox
|
|-heal|p1a: Gliscor|87/100 tox|[from] ability: Poison Heal
|upkeep
|turn|11
|
|t:|1779934822
|switch|p2a: Gastrodon|Gastrodon-East, M|100/100
|move|p1a: Gliscor|Swords Dance|p1a: Gliscor
|-boost|p1a: Gliscor|atk|2
|
|-heal|p1a: Gliscor|99/100 tox|[from] ability: Poison Heal
|upkeep
|turn|12
|
|t:|1779934826
|move|p1a: Gliscor|Knock Off|p2a: Gastrodon
|-damage|p2a: Gastrodon|37/100
|-damage|p1a: Gliscor|83/100 tox|[from] item: Rocky Helmet|[of] p2a: Gastrodon
|-enditem|p2a: Gastrodon|Rocky Helmet|[from] move: Knock Off|[of] p1a: Gliscor
|move|p2a: Gastrodon|Chilling Water|p1a: Gliscor
|-supereffective|p1a: Gliscor
|-crit|p1a: Gliscor
|-damage|p1a: Gliscor|35/100 tox
|-unboost|p1a: Gliscor|atk|1
|
|-heal|p1a: Gliscor|48/100 tox|[from] ability: Poison Heal
|upkeep
|turn|13
|
|t:|1779934841
|move|p1a: Gliscor|Earthquake|p2a: Gastrodon
|-damage|p2a: Gastrodon|0 fnt
|faint|p2a: Gastrodon
|
|-heal|p1a: Gliscor|60/100 tox|[from] ability: Poison Heal
|upkeep
|
|t:|1779934844
|switch|p2a: Ceruledge|Ceruledge, F|100/100
|turn|14
|
|t:|1779934851
|move|p2a: Ceruledge|Destiny Bond|p2a: Ceruledge
|-singlemove|p2a: Ceruledge|Destiny Bond
|move|p1a: Gliscor|Knock Off|p2a: Ceruledge
|-supereffective|p2a: Ceruledge
|-damage|p2a: Ceruledge|0 fnt
|-enditem|p2a: Ceruledge|Choice Scarf|[from] move: Knock Off|[of] p1a: Gliscor
|faint|p2a: Ceruledge
|-activate|p2a: Ceruledge|move: Destiny Bond
|faint|p1a: Gliscor
|
|upkeep
|
|t:|1779934868
|switch|p2a: Amoonguss|Amoonguss, F|100/100
|switch|p1a: Blissey|Blissey, F|87/100
|turn|15
|
|t:|1779934877
|move|p1a: Blissey|Stealth Rock|p2a: Amoonguss
|-sidestart|p2: Cakdink|move: Stealth Rock
|move|p2a: Amoonguss|Toxic|p1a: Blissey
|-status|p1a: Blissey|tox
|
|-damage|p1a: Blissey|80/100 tox|[from] psn
|upkeep
|turn|16
|
|t:|1779934883
|-curestatus|p1a: Blissey|tox|[from] ability: Natural Cure|[silent]
|switch|p1a: Gholdengo|Gholdengo|100/100
|switch|p2a: Mandibuzz|Mandibuzz, F|70/100
|-damage|p2a: Mandibuzz|45/100|[from] Stealth Rock
|
|upkeep
|turn|17
|
|t:|1779934890
|move|p1a: Gholdengo|Thunder Wave|p2a: Mandibuzz
|-status|p2a: Mandibuzz|par
|move|p2a: Mandibuzz|Knock Off|p1a: Gholdengo
|-supereffective|p1a: Gholdengo
|-damage|p1a: Gholdengo|67/100
|-enditem|p1a: Gholdengo|Ability Shield|[from] move: Knock Off|[of] p2a: Mandibuzz
|
|upkeep
|turn|18
|
|t:|1779934904
|move|p1a: Gholdengo|Recover|p1a: Gholdengo
|-heal|p1a: Gholdengo|100/100
|cant|p2a: Mandibuzz|par
|
|upkeep
|turn|19
|
|t:|1779934912
|move|p1a: Gholdengo|Hex|p2a: Mandibuzz
|-resisted|p2a: Mandibuzz
|-damage|p2a: Mandibuzz|19/100 par
|cant|p2a: Mandibuzz|par
|
|upkeep
|turn|20
|
|t:|1779934923
|switch|p2a: Thundurus|Thundurus-Therian, M|100/100
|move|p1a: Gholdengo|Hex|p2a: Thundurus
|-damage|p2a: Thundurus|58/100
|
|upkeep
|turn|21
|
|t:|1779934931
|move|p2a: Thundurus|Dark Pulse|p1a: Gholdengo
|-supereffective|p1a: Gholdengo
|-damage|p1a: Gholdengo|44/100
|cant|p1a: Gholdengo|flinch
|
|upkeep
|turn|22
|
|t:|1779934942
|switch|p1a: Blissey|Blissey, F|80/100
|move|p2a: Thundurus|Thunder Wave|p1a: Blissey
|-status|p1a: Blissey|par
|
|upkeep
|turn|23
|
|t:|1779934956
|move|p2a: Thundurus|Volt Switch|p1a: Blissey
|-damage|p1a: Blissey|68/100 par
|-message|Cakdink forfeited.
|
|win|npctypebeat
|raw|npctypebeat's rating: 1125 &rarr; <strong>1149</strong><br />(+24 for winning)
|raw|Cakdink's rating: 1111 &rarr; <strong>1087</strong><br />(-24 for losing)
|l|☆Cakdink
|player|p2|
|c|☆npctypebeat|gg
