|j|☆Erik_Games88
|j|☆uniandes5
|t:|1779960424
|gametype|singles
|player|p1|Erik_Games88|veteran|1420
|player|p2|uniandes5|2|1533
|gen|9
|tier|[Gen 9] OU
|rated|
|rule|HP Percentage Mod: HP is shown in percentages
|rule|Endless Battle Clause: Forcing endless battles is banned
|rule|Species Clause: Limit one of each Pokémon
|rule|OHKO Clause: OHKO moves are banned
|rule|Evasion Items Clause: Evasion items are banned
|rule|Evasion Moves Clause: Evasion moves are banned
|rule|Evasion Abilities Clause: Evasion abilities are banned
|rule|Sleep Moves Clause: Sleep-inducing moves are banned
|clearpoke
|poke|p1|Ceruledge, M|
|poke|p1|Meowscarada, F|
|poke|p1|Walking Wake|
|poke|p1|Corviknight, M|
|poke|p1|Clodsire, F|
|poke|p1|Hatterene, F|
|poke|p2|Grimmsnarl, M|
|poke|p2|Latias, F|
|poke|p2|Tinkaton, F|
|poke|p2|Volcanion|
|poke|p2|Mew|
|poke|p2|Dragapult, F|
|teampreview
|inactive|Battle timer is ON: inactive players will automatically lose when time's up. (requested by Erik_Games88)
|
|t:|1779960455
|teamsize|p1|6
|teamsize|p2|6
|start
|switch|p1a: Walking Wake|Walking Wake|100/100
|switch|p2a: Mew|Mew|100/100
|turn|1
|
|t:|1779960472
|switch|p2a: Grimmsnarl|Grimmsnarl, M|100/100
|move|p1a: Walking Wake|Draco Meteor|p2a: Grimmsnarl
|-immune|p2a: Grimmsnarl
|
|upkeep
|turn|2
|
|t:|1779960481
|-end|p1a: Walking Wake|Protosynthesis|[silent]
|switch|p1a: Hatterene|Hatterene, F|100/100
|move|p2a: Grimmsnarl|Reflect|p2a: Grimmsnarl
|-sidestart|p2: uniandes5|Reflect
|
|upkeep
|turn|3
|
|t:|1779960485
|move|p2a: Grimmsnarl|Light Screen|p2a: Grimmsnarl
|-sidestart|p2: uniandes5|move: Light Screen
|move|p1a: Hatterene|Nuzzle|p2a: Grimmsnarl
|-damage|p2a: Grimmsnarl|98/100
|-status|p2a: Grimmsnarl|par
|
|upkeep
|turn|4
|
|t:|1779960491
|switch|p2a: Mew|Mew|100/100
|move|p1a: Hatterene|Draining Kiss|p2a: Mew
|-damage|p2a: Mew|85/100
|
|upkeep
|turn|5
|
|t:|1779960498
|move|p2a: Mew|Dragon Dance|p2a: Mew
|-boost|p2a: Mew|atk|1
|-boost|p2a: Mew|spe|1
|move|p1a: Hatterene|Mystical Fire|p2a: Mew
|-damage|p2a: Mew|71/100
|-unboost|p2a: Mew|spa|1
|
|upkeep
|turn|6
|
|t:|1779960505
|switch|p1a: Corviknight|Corviknight, M, shiny|100/100
|move|p2a: Mew|Dragon Dance|p2a: Mew
|-boost|p2a: Mew|atk|1
|-boost|p2a: Mew|spe|1
|
|upkeep
|turn|7
|
|t:|1779960513
|move|p2a: Mew|Dragon Dance|p2a: Mew
|-boost|p2a: Mew|atk|1
|-boost|p2a: Mew|spe|1
|move|p1a: Corviknight|Defog|p2a: Mew
|-unboost|p2a: Mew|evasion|1
|-sideend|p2: uniandes5|Reflect
|-sideend|p2: uniandes5|move: Light Screen
|
|upkeep
|turn|8
|
|t:|1779960525
|move|p2a: Mew|Drain Punch|p1a: Corviknight
|-damage|p1a: Corviknight|71/100
|-heal|p2a: Mew|86/100|[from] drain|[of] p1a: Corviknight
|-damage|p2a: Mew|69/100|[from] item: Rocky Helmet|[of] p1a: Corviknight
|move|p1a: Corviknight|Brave Bird|p2a: Mew
|-damage|p2a: Mew|45/100
|-damage|p1a: Corviknight|63/100|[from] Recoil
|
|upkeep
|turn|9
|
|t:|1779960544
|move|p2a: Mew|Dragon Dance|p2a: Mew
|-boost|p2a: Mew|atk|1
|-boost|p2a: Mew|spe|1
|move|p1a: Corviknight|Roost|p1a: Corviknight
|-heal|p1a: Corviknight|100/100
|-singleturn|p1a: Corviknight|move: Roost
|
|upkeep
|turn|10
|
|t:|1779960551
|move|p2a: Mew|Stored Power|p1a: Corviknight
|-resisted|p1a: Corviknight
|-damage|p1a: Corviknight|80/100
|move|p1a: Corviknight|Brave Bird|p2a: Mew
|-crit|p2a: Mew
|-damage|p2a: Mew|6/100
|-damage|p1a: Corviknight|67/100|[from] Recoil
|
|upkeep
|turn|11
|
|t:|1779960558
|move|p2a: Mew|Stored Power|p1a: Corviknight
|-resisted|p1a: Corviknight
|-damage|p1a: Corviknight|48/100
|move|p1a: Corviknight|Roost|p1a: Corviknight
|-heal|p1a: Corviknight|98/100
|-singleturn|p1a: Corviknight|move: Roost
|
|upkeep
|turn|12
|
|t:|1779960566
|move|p2a: Mew|Stored Power|p1a: Corviknight
|-resisted|p1a: Corviknight
|-damage|p1a: Corviknight|76/100
|move|p1a: Corviknight|U-turn|p2a: Mew
|-supereffective|p2a: Mew
|-damage|p2a: Mew|0 fnt
|faint|p2a: Mew
|
|t:|1779960575
|switch|p1a: Walking Wake|Walking Wake|100/100|[from] U-turn
|
|upkeep
|
|t:|1779960581
|switch|p2a: Tinkaton|Tinkaton, F|100/100
|-ability|p2a: Tinkaton|Mold Breaker
|turn|13
|
|t:|1779960588
|move|p1a: Walking Wake|Flip Turn|p2a: Tinkaton
|-damage|p2a: Tinkaton|84/100
|-enditem|p2a: Tinkaton|Red Card|[of] p1a: Walking Wake
|-end|p1a: Walking Wake|Protosynthesis|[silent]
|drag|p1a: Meowscarada|Meowscarada, F|100/100
|move|p2a: Tinkaton|Thunder Wave|p1a: Meowscarada
|-status|p1a: Meowscarada|par
|
|upkeep
|turn|14
|
|t:|1779960597
|move|p1a: Meowscarada|U-turn|p2a: Tinkaton
|-start|p1a: Meowscarada|typechange|Bug|[from] ability: Protean
|-resisted|p2a: Tinkaton
|-damage|p2a: Tinkaton|75/100
|
|t:|1779960603
|switch|p1a: Clodsire|Clodsire, F|100/100|[from] U-turn
|move|p2a: Tinkaton|Knock Off|p1a: Clodsire
|-damage|p1a: Clodsire|76/100
|-enditem|p1a: Clodsire|Leftovers|[from] move: Knock Off|[of] p2a: Tinkaton
|
|upkeep
|turn|15
|
|t:|1779960612
|move|p2a: Tinkaton|Ice Hammer|p1a: Clodsire
|-supereffective|p1a: Clodsire
|-damage|p1a: Clodsire|22/100
|-unboost|p2a: Tinkaton|spe|1
|move|p1a: Clodsire|Stealth Rock|p2a: Tinkaton
|-sidestart|p2: uniandes5|move: Stealth Rock
|
|upkeep
|turn|16
|
|t:|1779960628
|switch|p1a: Corviknight|Corviknight, M, shiny|76/100
|move|p2a: Tinkaton|Ice Hammer|p1a: Corviknight
|-damage|p1a: Corviknight|63/100
|-unboost|p2a: Tinkaton|spe|1
|-damage|p2a: Tinkaton|59/100|[from] item: Rocky Helmet|[of] p1a: Corviknight
|
|upkeep
|turn|17
|
|t:|1779960636
|move|p1a: Corviknight|Roost|p1a: Corviknight
|-heal|p1a: Corviknight|100/100
|-singleturn|p1a: Corviknight|move: Roost
|move|p2a: Tinkaton|Thunder Wave|p1a: Corviknight
|-status|p1a: Corviknight|par
|
|upkeep
|turn|18
|
|t:|1779960643
|switch|p2a: Volcanion|Volcanion|100/100
|move|p1a: Corviknight|U-turn|p2a: Volcanion
|-resisted|p2a: Volcanion
|-damage|p2a: Volcanion|96/100
|
|t:|1779960649
|switch|p1a: Clodsire|Clodsire, F|22/100|[from] U-turn
|
|upkeep
|turn|19
|
|t:|1779960656
|move|p2a: Volcanion|Earth Power|p1a: Clodsire
|-supereffective|p1a: Clodsire
|-damage|p1a: Clodsire|0 fnt
|faint|p1a: Clodsire
|
|upkeep
|
|t:|1779960668
|switch|p1a: Meowscarada|Meowscarada, F|100/100 par
|turn|20
|
|t:|1779960672
|cant|p1a: Meowscarada|par
|move|p2a: Volcanion|Flamethrower|p1a: Meowscarada
|-supereffective|p1a: Meowscarada
|-damage|p1a: Meowscarada|0 fnt
|faint|p1a: Meowscarada
|
|upkeep
|
|t:|1779960678
|switch|p1a: Hatterene|Hatterene, F|100/100
|turn|21
|
|t:|1779960683
|move|p2a: Volcanion|Steam Eruption|p1a: Hatterene|[miss]
|-miss|p2a: Volcanion|p1a: Hatterene
|move|p1a: Hatterene|Psyshock|p2a: Volcanion
|-damage|p2a: Volcanion|62/100
|
|upkeep
|turn|22
|
|t:|1779960689
|move|p2a: Volcanion|Steam Eruption|p1a: Hatterene
|-damage|p1a: Hatterene|57/100
|-status|p1a: Hatterene|brn
|move|p1a: Hatterene|Psyshock|p2a: Volcanion
|-damage|p2a: Volcanion|28/100
|
|-damage|p1a: Hatterene|51/100 brn|[from] brn
|upkeep
|turn|23
|
|t:|1779960706
|switch|p1a: Walking Wake|Walking Wake|100/100
|move|p2a: Volcanion|Steam Eruption|p1a: Walking Wake
|-resisted|p1a: Walking Wake
|-damage|p1a: Walking Wake|83/100
|
|upkeep
|turn|24
|
|t:|1779960716
|switch|p2a: Tinkaton|Tinkaton, F|59/100
|-damage|p2a: Tinkaton|53/100|[from] Stealth Rock
|-ability|p2a: Tinkaton|Mold Breaker
|move|p1a: Walking Wake|Draco Meteor|p2a: Tinkaton
|-immune|p2a: Tinkaton
|
|upkeep
|turn|25
|
|t:|1779960724
|-end|p1a: Walking Wake|Protosynthesis|[silent]
|switch|p1a: Corviknight|Corviknight, M, shiny|100/100 par
|move|p2a: Tinkaton|Knock Off|p1a: Corviknight
|-damage|p1a: Corviknight|87/100 par
|-damage|p2a: Tinkaton|36/100|[from] item: Rocky Helmet|[of] p1a: Corviknight
|-enditem|p1a: Corviknight|Rocky Helmet|[from] move: Knock Off|[of] p2a: Tinkaton
|
|upkeep
|turn|26
|
|t:|1779960732
|switch|p2a: Dragapult|Dragapult, F|100/100
|cant|p1a: Corviknight|par
|
|upkeep
|turn|27
|
|t:|1779960737
|move|p2a: Dragapult|Hex|p1a: Corviknight
|-damage|p1a: Corviknight|24/100 par
|move|p1a: Corviknight|U-turn|p2a: Dragapult
|-resisted|p2a: Dragapult
|-damage|p2a: Dragapult|91/100
|
|t:|1779960745
|switch|p1a: Walking Wake|Walking Wake|83/100|[from] U-turn
|
|upkeep
|turn|28
|
|t:|1779960754
|-end|p1a: Walking Wake|Protosynthesis|[silent]
|switch|p1a: Ceruledge|Ceruledge, M|100/100
|switch|p2a: Tinkaton|Tinkaton, F|36/100
|-damage|p2a: Tinkaton|30/100|[from] Stealth Rock
|-ability|p2a: Tinkaton|Mold Breaker
|
|upkeep
|turn|29
|
|t:|1779960769
|move|p1a: Ceruledge|Swords Dance|p1a: Ceruledge
|-boost|p1a: Ceruledge|atk|2
|move|p2a: Tinkaton|Thunder Wave|p1a: Ceruledge
|-status|p1a: Ceruledge|par
|
|upkeep
|turn|30
|
|t:|1779960777
|move|p2a: Tinkaton|Foul Play|p1a: Ceruledge
|-supereffective|p1a: Ceruledge
|-enditem|p1a: Ceruledge|Focus Sash
|-damage|p1a: Ceruledge|1/100 par
|-ability|p1a: Ceruledge|Weak Armor|boost
|-unboost|p1a: Ceruledge|def|1
|-boost|p1a: Ceruledge|spe|2
|move|p1a: Ceruledge|Swords Dance|p1a: Ceruledge
|-boost|p1a: Ceruledge|atk|2
|
|upkeep
|turn|31
|
|t:|1779960789
|switch|p2a: Grimmsnarl|Grimmsnarl, M|98/100 par
|-damage|p2a: Grimmsnarl|86/100 par|[from] Stealth Rock
|move|p1a: Ceruledge|Shadow Sneak|p2a: Grimmsnarl
|-resisted|p2a: Grimmsnarl
|-damage|p2a: Grimmsnarl|55/100 par
|
|upkeep
|turn|32
|
|t:|1779960796
|move|p2a: Grimmsnarl|Reflect|p2a: Grimmsnarl
|-sidestart|p2: uniandes5|Reflect
|cant|p1a: Ceruledge|par
|
|upkeep
|turn|33
|
|t:|1779960802
|switch|p2a: Tinkaton|Tinkaton, F|30/100
|-damage|p2a: Tinkaton|24/100|[from] Stealth Rock
|-ability|p2a: Tinkaton|Mold Breaker
|cant|p1a: Ceruledge|par
|
|upkeep
|turn|34
|
|t:|1779960811
|cant|p1a: Ceruledge|par
|move|p2a: Tinkaton|Foul Play|p1a: Ceruledge
|-supereffective|p1a: Ceruledge
|-damage|p1a: Ceruledge|0 fnt
|faint|p1a: Ceruledge
|
|upkeep
|-message|Erik_Games88 forfeited.
|
|win|uniandes5
|raw|Erik_Games88's rating: 1420 &rarr; <strong>1406</strong><br />(-14 for losing)
|raw|uniandes5's rating: 1533 &rarr; <strong>1547</strong><br />(+14 for winning)
|l|☆Erik_Games88
|player|p1|
|l|☆uniandes5
|player|p2|
