|j|☆monstar246
|j|☆SparkyBoomBoomBoiY
|t:|1779928957
|gametype|singles
|player|p1|monstar246|170|1108
|player|p2|SparkyBoomBoomBoiY|marlon|1081
|gen|9
|tier|[Gen 9] OU
|rated|
|rule|HP Percentage Mod: HP is shown in percentages
|rule|Endless Battle Clause: Forcing endless battles is banned
|rule|Species Clause: Limit one of each Pokémon
|rule|OHKO Clause: OHKO moves are banned
|rule|Evasion Items Clause: Evasion items are banned
|rule|Evasion Moves Clause: Evasion moves are banned
|rule|Evasion Abilities Clause: Evasion abilities are banned
|rule|Sleep Moves Clause: Sleep-inducing moves are banned
|clearpoke
|poke|p1|Blaziken, M|
|poke|p1|Greninja-*, M|
|poke|p1|Metagross|
|poke|p1|Diancie|
|poke|p1|Dragonite, F|
|poke|p1|Gengar, M|
|poke|p2|Tornadus-Therian, M|
|poke|p2|Tsareena, F|
|poke|p2|Cramorant, M|
|poke|p2|Glimmora, M|
|poke|p2|Grafaiai, M|
|poke|p2|Dragapult, F|
|teampreview
|
|t:|1779928967
|teamsize|p1|6
|teamsize|p2|6
|start
|switch|p1a: Gengar|Gengar, M|100/100
|switch|p2a: Nuisance|Grafaiai, M|100/100
|turn|1
|
|t:|1779928982
|move|p2a: Nuisance|Taunt|p1a: Gengar
|-start|p1a: Gengar|move: Taunt
|move|p1a: Gengar|Sludge Wave|p2a: Nuisance
|-resisted|p2a: Nuisance
|-damage|p2a: Nuisance|71/100
|
|-heal|p2a: Nuisance|77/100|[from] item: Black Sludge
|upkeep
|turn|2
|
|t:|1779928999
|switch|p1a: Metagross|Metagross|100/100
|move|p2a: Nuisance|Protect||[still]
|-fail|p2a: Nuisance
|
|-heal|p2a: Nuisance|83/100|[from] item: Black Sludge
|upkeep
|turn|3
|
|t:|1779929008
|move|p2a: Nuisance|Taunt|p1a: Metagross
|-start|p1a: Metagross|move: Taunt
|move|p1a: Metagross|Earthquake|p2a: Nuisance
|-supereffective|p2a: Nuisance
|-damage|p2a: Nuisance|5/100
|
|-heal|p2a: Nuisance|11/100|[from] item: Black Sludge
|upkeep
|turn|4
|inactive|Battle timer is ON: inactive players will automatically lose when time's up. (requested by monstar246)
|
|t:|1779929017
|move|p2a: Nuisance|Switcheroo|p1a: Metagross
|-activate|p2a: Nuisance|move: Trick|[of] p1a: Metagross
|-item|p1a: Metagross|Black Sludge|[from] move: Switcheroo
|-item|p2a: Nuisance|Assault Vest|[from] move: Switcheroo
|move|p1a: Metagross|Ice Punch|p2a: Nuisance
|-damage|p2a: Nuisance|0 fnt
|faint|p2a: Nuisance
|
|-damage|p1a: Metagross|88/100|[from] item: Black Sludge
|upkeep
|
|t:|1779929042
|switch|p2a: Referee|Glimmora, M|100/100
|turn|5
|
|t:|1779929048
|move|p2a: Referee|Spiky Shield|p2a: Referee
|-singleturn|p2a: Referee|move: Protect
|move|p1a: Metagross|Meteor Mash|p2a: Referee
|-activate|p2a: Referee|move: Protect
|-damage|p1a: Metagross|76/100|[from] Spiky Shield|[of] p2a: Referee
|
|-damage|p1a: Metagross|63/100|[from] item: Black Sludge
|-end|p1a: Metagross|move: Taunt
|upkeep
|turn|6
|
|t:|1779929060
|move|p2a: Referee|Stealth Rock|p1a: Metagross
|-sidestart|p1: monstar246|move: Stealth Rock
|move|p1a: Metagross|Meteor Mash|p2a: Referee|[miss]
|-miss|p1a: Metagross|p2a: Referee
|
|-damage|p1a: Metagross|51/100|[from] item: Black Sludge
|upkeep
|turn|7
|
|t:|1779929068
|move|p2a: Referee|Spiky Shield|p2a: Referee
|-singleturn|p2a: Referee|move: Protect
|move|p1a: Metagross|Meteor Mash|p2a: Referee
|-activate|p2a: Referee|move: Protect
|-damage|p1a: Metagross|39/100|[from] Spiky Shield|[of] p2a: Referee
|
|-damage|p1a: Metagross|26/100|[from] item: Black Sludge
|upkeep
|turn|8
|
|t:|1779929091
|move|p2a: Referee|Spiky Shield|p2a: Referee
|-singleturn|p2a: Referee|move: Protect
|move|p1a: Metagross|Meteor Mash|p2a: Referee
|-activate|p2a: Referee|move: Protect
|-damage|p1a: Metagross|14/100|[from] Spiky Shield|[of] p2a: Referee
|
|-damage|p1a: Metagross|2/100|[from] item: Black Sludge
|upkeep
|turn|9
|c|☆SparkyBoomBoomBoiY|I have the biggest grin on my face right now
|inactive|monstar246 has 120 seconds left.
|inactive|SparkyBoomBoomBoiY has 120 seconds left.
|
|t:|1779929120
|move|p2a: Referee|Power Gem|p1a: Metagross
|-resisted|p1a: Metagross
|-damage|p1a: Metagross|0 fnt
|faint|p1a: Metagross
|
|upkeep
|
|t:|1779929127
|switch|p1a: Greninja|Greninja, M|100/100
|-damage|p1a: Greninja|88/100|[from] Stealth Rock
|turn|10
|inactive|monstar246 has 120 seconds left.
|
|t:|1779929137
|move|p1a: Greninja|Surf|p2a: Referee
|-supereffective|p2a: Referee
|-damage|p2a: Referee|0 fnt
|faint|p2a: Referee
|-ability|p1a: Greninja|Battle Bond|boost
|-boost|p1a: Greninja|atk|1
|-boost|p1a: Greninja|spa|1
|-boost|p1a: Greninja|spe|1
|-activate|p1a: Greninja|ability: Battle Bond
|
|upkeep
|inactive|SparkyBoomBoomBoiY has 120 seconds left.
|
|t:|1779929156
|switch|p2a: Guzzler|Cramorant, M, shiny|100/100
|turn|11
|
|t:|1779929164
|move|p1a: Greninja|Dark Pulse|p2a: Guzzler
|-damage|p2a: Guzzler|31/100
|cant|p2a: Guzzler|flinch
|
|-heal|p2a: Guzzler|37/100|[from] item: Leftovers
|upkeep
|turn|12
|inactive|SparkyBoomBoomBoiY has 120 seconds left.
|c|☆SparkyBoomBoomBoiY|Even if I lose ill be happy
|
|t:|1779929195
|move|p1a: Greninja|Dark Pulse|p2a: Guzzler
|-damage|p2a: Guzzler|0 fnt
|faint|p2a: Guzzler
|
|upkeep
|
|t:|1779929205
|switch|p2a: Yoruichi|Tsareena, F|100/100
|turn|13
|
|t:|1779929211
|-terastallize|p2a: Yoruichi|Fighting
|move|p1a: Greninja|Ice Beam|p2a: Yoruichi
|-damage|p2a: Yoruichi|55/100
|move|p2a: Yoruichi|High Jump Kick|p1a: Greninja
|-supereffective|p1a: Greninja
|-damage|p1a: Greninja|0 fnt
|faint|p1a: Greninja
|
|upkeep
|
|t:|1779929226
|switch|p1a: Gengar|Gengar, M|100/100
|-damage|p1a: Gengar|88/100|[from] Stealth Rock
|turn|14
|inactive|SparkyBoomBoomBoiY has 120 seconds left.
|
|t:|1779929233
|switch|p2a: In-the-back|Tornadus-Therian, M|100/100
|move|p1a: Gengar|Sludge Wave|p2a: In-the-back
|-damage|p2a: In-the-back|37/100
|
|-heal|p1a: Gengar|94/100|[from] item: Leftovers
|upkeep
|turn|15
|
|t:|1779929241
|move|p2a: In-the-back|Dark Pulse|p1a: Gengar
|-supereffective|p1a: Gengar
|-damage|p1a: Gengar|0 fnt
|faint|p1a: Gengar
|-damage|p2a: In-the-back|27/100|[from] item: Life Orb
|
|upkeep
|
|t:|1779929249
|switch|p1a: Dragonite|Dragonite, F|100/100
|-damage|p1a: Dragonite|76/100|[from] Stealth Rock
|turn|16
|
|t:|1779929257
|move|p2a: In-the-back|Bleakwind Storm|p1a: Dragonite
|-damage|p1a: Dragonite|13/100
|-damage|p2a: In-the-back|17/100|[from] item: Life Orb
|move|p1a: Dragonite|Dragon Dance|p1a: Dragonite
|-boost|p1a: Dragonite|atk|1
|-boost|p1a: Dragonite|spe|1
|
|upkeep
|turn|17
|
|t:|1779929266
|move|p1a: Dragonite|Thunder Punch|p2a: In-the-back
|-supereffective|p2a: In-the-back
|-damage|p2a: In-the-back|0 fnt
|faint|p2a: In-the-back
|
|upkeep
|
|t:|1779929278
|switch|p2a: Uh-Get-Hurt-Pls|Dragapult, F, shiny|100/100
|turn|18
|
|t:|1779929292
|move|p2a: Uh-Get-Hurt-Pls|Sucker Punch|p1a: Dragonite
|-damage|p1a: Dragonite|0 fnt
|faint|p1a: Dragonite
|
|upkeep
|
|t:|1779929301
|switch|p1a: Diancie|Diancie|100/100
|-damage|p1a: Diancie|88/100|[from] Stealth Rock
|turn|19
|
|t:|1779929313
|move|p2a: Uh-Get-Hurt-Pls|Phantom Force||[still]
|-prepare|p2a: Uh-Get-Hurt-Pls|Phantom Force
|move|p1a: Diancie|Moonblast|p2a: Uh-Get-Hurt-Pls|[miss]
|-miss|p1a: Diancie|p2a: Uh-Get-Hurt-Pls
|
|upkeep
|turn|20
|
|t:|1779929318
|move|p2a: Uh-Get-Hurt-Pls|Phantom Force|p1a: Diancie|[from] lockedmove
|-damage|p1a: Diancie|52/100
|-damage|p2a: Uh-Get-Hurt-Pls|84/100|[from] item: Rocky Helmet|[of] p1a: Diancie
|move|p1a: Diancie|Moonblast|p2a: Uh-Get-Hurt-Pls
|-supereffective|p2a: Uh-Get-Hurt-Pls
|-damage|p2a: Uh-Get-Hurt-Pls|0 fnt
|-start|p1a: Diancie|Disable|Moonblast|[from] ability: Cursed Body|[of] p2a: Uh-Get-Hurt-Pls
|faint|p2a: Uh-Get-Hurt-Pls
|
|upkeep
|
|t:|1779929329
|switch|p2a: Yoruichi|Tsareena, F, tera:Fighting|55/100
|turn|21
|
|t:|1779929344
|move|p2a: Yoruichi|High Jump Kick|p1a: Diancie|[miss]
|-miss|p2a: Yoruichi|p1a: Diancie
|-damage|p2a: Yoruichi|5/100|[from] highjumpkick
|move|p1a: Diancie|Flash Cannon|p2a: Yoruichi
|-damage|p2a: Yoruichi|0 fnt
|faint|p2a: Yoruichi
|
|win|monstar246
|raw|monstar246's rating: 1108 &rarr; <strong>1131</strong><br />(+23 for winning)
|raw|SparkyBoomBoomBoiY's rating: 1081 &rarr; <strong>1061</strong><br />(-20 for losing)
|c|☆monstar246|gg
|l|☆monstar246
|player|p1|
|c|☆SparkyBoomBoomBoiY|Gg
