|j|☆themusiqking
|j|☆leafeon eat me
|t:|1779941709
|gametype|singles
|player|p1|themusiqking|2|1325
|player|p2|leafeon eat me|sabrina|1328
|gen|9
|tier|[Gen 9] OU
|rated|
|rule|HP Percentage Mod: HP is shown in percentages
|rule|Endless Battle Clause: Forcing endless battles is banned
|rule|Species Clause: Limit one of each Pokémon
|rule|OHKO Clause: OHKO moves are banned
|rule|Evasion Items Clause: Evasion items are banned
|rule|Evasion Moves Clause: Evasion moves are banned
|rule|Evasion Abilities Clause: Evasion abilities are banned
|rule|Sleep Moves Clause: Sleep-inducing moves are banned
|clearpoke
|poke|p1|Scizor, M|
|poke|p1|Dondozo, M|
|poke|p1|Garganacl, F|
|poke|p1|Cresselia, F|
|poke|p1|Walking Wake|
|poke|p1|Zamazenta-*|
|poke|p2|Weezing-Galar, M|
|poke|p2|Ogerpon, F|
|poke|p2|Skarmory, M|
|poke|p2|Alomomola, M|
|poke|p2|Clodsire, M|
|poke|p2|Hydreigon, M|
|teampreview
|inactive|Battle timer is ON: inactive players will automatically lose when time's up. (requested by leafeon eat me)
|
|t:|1779941733
|teamsize|p1|6
|teamsize|p2|6
|start
|switch|p1a: Scizor|Scizor, M|100/100
|switch|p2a: Pisces|Alomomola, M, shiny|100/100
|turn|1
|
|t:|1779941745
|move|p1a: Scizor|Lunge|p2a: Pisces
|-damage|p2a: Pisces|64/100
|-unboost|p2a: Pisces|atk|1
|move|p2a: Pisces|Flip Turn|p1a: Scizor
|-damage|p1a: Scizor|90/100
|
|t:|1779941761
|switch|p2a: Sentinel|Weezing-Galar, M, shiny|100/100|[from] Flip Turn
|-ability|p2a: Sentinel|Neutralizing Gas
|
|-heal|p1a: Scizor|96/100|[from] item: Leftovers
|upkeep
|turn|2
|
|t:|1779941775
|move|p1a: Scizor|Bullet Punch|p2a: Sentinel
|-supereffective|p2a: Sentinel
|-damage|p2a: Sentinel|70/100
|move|p2a: Sentinel|Will-O-Wisp|p1a: Scizor
|-status|p1a: Scizor|brn
|
|-heal|p1a: Scizor|100/100 brn|[from] item: Leftovers
|-damage|p1a: Scizor|94/100 brn|[from] brn
|upkeep
|turn|3
|
|t:|1779941789
|move|p1a: Scizor|Knock Off|p2a: Sentinel
|-resisted|p2a: Sentinel
|-damage|p2a: Sentinel|64/100
|-enditem|p2a: Sentinel|Heavy-Duty Boots|[from] move: Knock Off|[of] p1a: Scizor
|move|p2a: Sentinel|Pain Split|p1a: Scizor
|-sethp|p1a: Scizor|78/100 brn|[from] move: Pain Split|[silent]
|-sethp|p2a: Sentinel|81/100|[from] move: Pain Split
|
|-heal|p1a: Scizor|84/100 brn|[from] item: Leftovers
|-damage|p1a: Scizor|78/100 brn|[from] brn
|upkeep
|turn|4
|
|t:|1779941800
|-end|p2a: Sentinel|ability: Neutralizing Gas
|switch|p2a: Raptor|Skarmory, M, shiny|100/100
|move|p1a: Scizor|Lunge|p2a: Raptor
|-resisted|p2a: Raptor
|-damage|p2a: Raptor|97/100
|-unboost|p2a: Raptor|atk|1
|-damage|p1a: Scizor|62/100 brn|[from] item: Rocky Helmet|[of] p2a: Raptor
|
|-heal|p1a: Scizor|68/100 brn|[from] item: Leftovers
|-damage|p1a: Scizor|62/100 brn|[from] brn
|upkeep
|turn|5
|
|t:|1779941809
|switch|p1a: Walking Wake|Walking Wake|100/100
|move|p2a: Raptor|Spikes|p1a: Walking Wake
|-sidestart|p1: themusiqking|Spikes
|
|upkeep
|turn|6
|
|t:|1779941814
|switch|p2a: Pisces|Alomomola, M, shiny|97/100
|move|p1a: Walking Wake|Flamethrower|p2a: Pisces
|-resisted|p2a: Pisces
|-damage|p2a: Pisces|88/100
|
|upkeep
|turn|7
|
|t:|1779941820
|-end|p1a: Walking Wake|Protosynthesis|[silent]
|switch|p1a: Garganacl|Garganacl, F|100/100
|-damage|p1a: Garganacl|88/100|[from] Spikes
|move|p2a: Pisces|Flip Turn|p1a: Garganacl
|-supereffective|p1a: Garganacl
|-damage|p1a: Garganacl|69/100
|
|t:|1779941829
|switch|p2a: Anonymous|Ogerpon, F|100/100|[from] Flip Turn
|
|-heal|p1a: Garganacl|75/100|[from] item: Leftovers
|upkeep
|turn|8
|
|t:|1779941846
|move|p1a: Garganacl|Protect|p1a: Garganacl
|-singleturn|p1a: Garganacl|Protect
|move|p2a: Anonymous|Knock Off|p1a: Garganacl
|-activate|p1a: Garganacl|move: Protect
|
|-heal|p1a: Garganacl|81/100|[from] item: Leftovers
|upkeep
|turn|9
|
|t:|1779941854
|move|p2a: Anonymous|Knock Off|p1a: Garganacl
|-damage|p1a: Garganacl|53/100
|-enditem|p1a: Garganacl|Leftovers|[from] move: Knock Off|[of] p2a: Anonymous
|move|p1a: Garganacl|Salt Cure|p2a: Anonymous
|-damage|p2a: Anonymous|82/100
|-start|p2a: Anonymous|Salt Cure
|
|-damage|p2a: Anonymous|69/100|[from] Salt Cure
|upkeep
|turn|10
|
|t:|1779941864
|switch|p2a: Endless Nameless|Clodsire, M, shiny|100/100
|move|p1a: Garganacl|Protect||[still]
|-fail|p1a: Garganacl
|
|upkeep
|turn|11
|
|t:|1779941870
|move|p1a: Garganacl|Recover|p1a: Garganacl
|-heal|p1a: Garganacl|100/100
|move|p2a: Endless Nameless|Stealth Rock|p1a: Garganacl
|-sidestart|p1: themusiqking|move: Stealth Rock
|
|upkeep
|turn|12
|
|t:|1779941885
|switch|p2a: Pisces|Alomomola, M, shiny|100/100
|move|p1a: Garganacl|Salt Cure|p2a: Pisces
|-damage|p2a: Pisces|89/100
|-start|p2a: Pisces|Salt Cure
|
|-damage|p2a: Pisces|64/100|[from] Salt Cure
|upkeep
|turn|13
|
|t:|1779941891
|switch|p2a: Hybrid|Hydreigon, M, shiny|100/100
|move|p1a: Garganacl|Stealth Rock|p2a: Hybrid
|-sidestart|p2: leafeon eat me|move: Stealth Rock
|
|upkeep
|turn|14
|
|t:|1779941914
|move|p2a: Hybrid|Dark Pulse|p1a: Garganacl
|-damage|p1a: Garganacl|57/100
|move|p1a: Garganacl|Salt Cure|p2a: Hybrid
|-damage|p2a: Hybrid|84/100
|-start|p2a: Hybrid|Salt Cure
|
|-damage|p2a: Hybrid|72/100|[from] Salt Cure
|upkeep
|turn|15
|inactive|themusiqking has 120 seconds left.
|
|t:|1779941964
|switch|p2a: Anonymous|Ogerpon, F|69/100
|-damage|p2a: Anonymous|57/100|[from] Stealth Rock
|move|p1a: Garganacl|Protect||[still]
|-fail|p1a: Garganacl
|
|upkeep
|turn|16
|
|t:|1779941971
|switch|p1a: Zamazenta|Zamazenta|100/100
|-damage|p1a: Zamazenta|88/100|[from] Spikes
|-damage|p1a: Zamazenta|82/100|[from] Stealth Rock
|-ability|p1a: Zamazenta|Dauntless Shield|boost
|-boost|p1a: Zamazenta|def|1
|move|p2a: Anonymous|Ivy Cudgel|p1a: Zamazenta
|-damage|p1a: Zamazenta|51/100
|
|-heal|p1a: Zamazenta|57/100|[from] item: Leftovers
|upkeep
|turn|17
|
|t:|1779941981
|switch|p2a: Raptor|Skarmory, M, shiny|97/100
|-damage|p2a: Raptor|85/100|[from] Stealth Rock
|move|p1a: Zamazenta|Trailblaze|p2a: Raptor
|-resisted|p2a: Raptor
|-damage|p2a: Raptor|83/100
|-boost|p1a: Zamazenta|spe|1
|-damage|p1a: Zamazenta|40/100|[from] item: Rocky Helmet|[of] p2a: Raptor
|
|-heal|p1a: Zamazenta|47/100|[from] item: Leftovers
|upkeep
|turn|18
|inactive|themusiqking has 90 seconds left.
|inactive|themusiqking has 60 seconds left.
|inactive|themusiqking has 30 seconds left.
|inactive|themusiqking has 20 seconds left.
|inactive|themusiqking has 15 seconds left.
|
|t:|1779942086
|switch|p1a: Dondozo|Dondozo, M|100/100
|-damage|p1a: Dondozo|88/100|[from] Spikes
|-damage|p1a: Dondozo|75/100|[from] Stealth Rock
|move|p2a: Raptor|Spikes|p1a: Dondozo
|-sidestart|p1: themusiqking|Spikes
|
|-heal|p1a: Dondozo|82/100|[from] item: Leftovers
|upkeep
|turn|19
|inactive|themusiqking has 25 seconds left this turn.
|inactive|themusiqking has 20 seconds left.
|
|t:|1779942094
|move|p2a: Raptor|Taunt|p1a: Dondozo
|-start|p1a: Dondozo|move: Taunt
|cant|p1a: Dondozo|move: Taunt|Curse
|
|-heal|p1a: Dondozo|88/100|[from] item: Leftovers
|upkeep
|turn|20
|inactive|themusiqking has 30 seconds left this turn.
|inactive|themusiqking has 20 seconds left.
|inactive|themusiqking has 15 seconds left.
|inactive|themusiqking has 10 seconds left.
|inactive|themusiqking has 5 seconds left.
|-message|themusiqking lost due to inactivity.
|
|win|leafeon eat me
|raw|themusiqking's rating: 1325 &rarr; <strong>1305</strong><br />(-20 for losing)
|raw|leafeon eat me's rating: 1328 &rarr; <strong>1348</strong><br />(+20 for winning)
|l|☆themusiqking
|player|p1|
|l|☆leafeon eat me
|player|p2|
