|j|☆noomvoom
|j|☆remmyymmer
|t:|1779842005
|gametype|singles
|player|p1|noomvoom|bugcatcher-gen4dp|1405
|player|p2|remmyymmer|1|1404
|gen|9
|tier|[Gen 9] OU
|rated|
|rule|HP Percentage Mod: HP is shown in percentages
|rule|Endless Battle Clause: Forcing endless battles is banned
|rule|Species Clause: Limit one of each Pokémon
|rule|OHKO Clause: OHKO moves are banned
|rule|Evasion Items Clause: Evasion items are banned
|rule|Evasion Moves Clause: Evasion moves are banned
|rule|Evasion Abilities Clause: Evasion abilities are banned
|rule|Sleep Moves Clause: Sleep-inducing moves are banned
|clearpoke
|poke|p1|Zamazenta-*|
|poke|p1|Gliscor, M|
|poke|p1|Clefable, F|
|poke|p1|Forretress, M|
|poke|p1|Ogerpon-Wellspring, F|
|poke|p1|Iron Moth|
|poke|p2|Glimmora, F|
|poke|p2|Gholdengo|
|poke|p2|Dragonite, M|
|poke|p2|Raging Bolt|
|poke|p2|Zamazenta-*|
|poke|p2|Clefable, F|
|teampreview
|inactive|Battle timer is ON: inactive players will automatically lose when time's up. (requested by remmyymmer)
|inactive|noomvoom also wants the timer to be on.
|
|t:|1779842029
|teamsize|p1|6
|teamsize|p2|6
|start
|switch|p1a: Forretress|Forretress, M|100/100
|switch|p2a: Gholdengo|Gholdengo|100/100
|turn|1
|
|t:|1779842041
|move|p2a: Gholdengo|Shadow Ball|p1a: Forretress
|-damage|p1a: Forretress|40/100
|move|p1a: Forretress|Stealth Rock|p2a: Gholdengo
|-sidestart|p2: remmyymmer|move: Stealth Rock
|
|upkeep
|turn|2
|
|t:|1779842051
|switch|p1a: Ogerpon|Ogerpon-Wellspring, F|100/100
|move|p2a: Gholdengo|Shadow Ball|p1a: Ogerpon
|-damage|p1a: Ogerpon|51/100
|
|upkeep
|turn|3
|
|t:|1779842057
|move|p2a: Gholdengo|Shadow Ball|p1a: Ogerpon
|-damage|p1a: Ogerpon|4/100
|-unboost|p1a: Ogerpon|spd|1
|move|p1a: Ogerpon|Knock Off|p2a: Gholdengo
|-supereffective|p2a: Gholdengo
|-crit|p2a: Gholdengo
|-damage|p2a: Gholdengo|0 fnt
|-enditem|p2a: Gholdengo|Choice Scarf|[from] move: Knock Off|[of] p1a: Ogerpon
|faint|p2a: Gholdengo
|
|upkeep
|
|t:|1779842059
|switch|p2a: Glimmora|Glimmora, F|100/100
|-damage|p2a: Glimmora|88/100|[from] Stealth Rock
|turn|4
|
|t:|1779842069
|switch|p2a: Dragonite|Dragonite, M|100/100
|move|p1a: Ogerpon|Ivy Cudgel|p2a: Dragonite|[anim] Ivy Cudgel Water
|-resisted|p2a: Dragonite
|-damage|p2a: Dragonite|84/100
|
|upkeep
|turn|5
|
|t:|1779842078
|switch|p1a: Gliscor|Gliscor, M|100/100
|move|p2a: Dragonite|Extreme Speed|p1a: Gliscor
|-damage|p1a: Gliscor|77/100
|
|-status|p1a: Gliscor|tox|[from] item: Toxic Orb
|upkeep
|turn|6
|
|t:|1779842095
|move|p2a: Dragonite|Dragon Dance|p2a: Dragonite
|-boost|p2a: Dragonite|atk|1
|-boost|p2a: Dragonite|spe|1
|move|p1a: Gliscor|Knock Off|p2a: Dragonite
|-damage|p2a: Dragonite|60/100
|-enditem|p2a: Dragonite|Heavy-Duty Boots|[from] move: Knock Off|[of] p1a: Gliscor
|
|-heal|p1a: Gliscor|89/100 tox|[from] ability: Poison Heal
|upkeep
|turn|7
|
|t:|1779842099
|move|p2a: Dragonite|Ice Spinner|p1a: Gliscor
|-supereffective|p1a: Gliscor
|-damage|p1a: Gliscor|0 fnt
|faint|p1a: Gliscor
|
|upkeep
|
|t:|1779842121
|switch|p1a: Forretress|Forretress, M|40/100
|turn|8
|
|t:|1779842133
|move|p2a: Dragonite|Dragon Dance|p2a: Dragonite
|-boost|p2a: Dragonite|atk|1
|-boost|p2a: Dragonite|spe|1
|move|p1a: Forretress|Spikes|p2a: Dragonite
|-sidestart|p2: remmyymmer|Spikes
|
|upkeep
|turn|9
|
|t:|1779842160
|move|p2a: Dragonite|Earthquake|p1a: Forretress
|-damage|p1a: Forretress|0 fnt
|faint|p1a: Forretress
|
|upkeep
|
|t:|1779842163
|switch|p1a: Zamazenta|Zamazenta|100/100
|-ability|p1a: Zamazenta|Dauntless Shield|boost
|-boost|p1a: Zamazenta|def|1
|turn|10
|
|t:|1779842167
|move|p2a: Dragonite|Earthquake|p1a: Zamazenta
|-damage|p1a: Zamazenta|60/100
|move|p1a: Zamazenta|Roar|p2a: Dragonite
|drag|p2a: Zamazenta|Zamazenta|100/100
|-ability|p2a: Zamazenta|Dauntless Shield|boost
|-boost|p2a: Zamazenta|def|1
|
|-heal|p1a: Zamazenta|66/100|[from] item: Leftovers
|upkeep
|turn|11
|inactive|remmyymmer has 120 seconds left.
|inactive|remmyymmer has 90 seconds left.
|inactive|remmyymmer has 60 seconds left.
|inactive|remmyymmer has 30 seconds left.
|inactive|remmyymmer has 20 seconds left.
|inactive|remmyymmer has 15 seconds left.
|inactive|remmyymmer has 10 seconds left.
|inactive|remmyymmer has 5 seconds left.
|-message|remmyymmer lost due to inactivity.
|
|win|noomvoom
|raw|noomvoom's rating: 1405 &rarr; <strong>1425</strong><br />(+20 for winning)
|raw|remmyymmer's rating: 1404 &rarr; <strong>1384</strong><br />(-20 for losing)
|l|☆noomvoom
|player|p1|
|l|☆remmyymmer
|player|p2|
