|j|☆el metrallas
|j|☆Senpai_4884
|t:|1779893350
|gametype|singles
|player|p1|el metrallas|swimmerf-gen4|1332
|player|p2|Senpai_4884|266|1313
|gen|9
|tier|[Gen 9] OU
|rated|
|rule|HP Percentage Mod: HP is shown in percentages
|rule|Endless Battle Clause: Forcing endless battles is banned
|rule|Species Clause: Limit one of each Pokémon
|rule|OHKO Clause: OHKO moves are banned
|rule|Evasion Items Clause: Evasion items are banned
|rule|Evasion Moves Clause: Evasion moves are banned
|rule|Evasion Abilities Clause: Evasion abilities are banned
|rule|Sleep Moves Clause: Sleep-inducing moves are banned
|clearpoke
|poke|p1|Hydreigon, M|
|poke|p1|Ribombee, M|
|poke|p1|Tauros-Paldea-Blaze, M|
|poke|p1|Clodsire, M|
|poke|p1|Mamoswine, M|
|poke|p1|Gholdengo|
|poke|p2|Walking Wake|
|poke|p2|Salamence, M|
|poke|p2|Cinderace, F|
|poke|p2|Ninetales, M|
|poke|p2|Conkeldurr, F|
|poke|p2|Comfey, F|
|teampreview
|inactive|Battle timer is ON: inactive players will automatically lose when time's up. (requested by el metrallas)
|
|t:|1779893356
|teamsize|p1|6
|teamsize|p2|6
|start
|switch|p1a: Mamuten|Mamoswine, M|100/100
|switch|p2a: Ninetales|Ninetales, M|100/100
|-weather|SunnyDay|[from] ability: Drought|[of] p2a: Ninetales
|turn|1
|
|t:|1779893363
|move|p1a: Mamuten|Earthquake|p2a: Ninetales
|-supereffective|p2a: Ninetales
|-damage|p2a: Ninetales|0 fnt
|faint|p2a: Ninetales
|
|-weather|SunnyDay|[upkeep]
|upkeep
|
|t:|1779893369
|switch|p2a: Walking Wake|Walking Wake|100/100
|-activate|p2a: Walking Wake|ability: Protosynthesis
|-start|p2a: Walking Wake|protosynthesisspa
|turn|2
|
|t:|1779893375
|switch|p1a: Tuerta|Ribombee, M, shiny|100/100
|move|p2a: Walking Wake|Hydro Steam|p1a: Tuerta
|-enditem|p1a: Tuerta|Focus Sash
|-damage|p1a: Tuerta|1/100
|
|-weather|SunnyDay|[upkeep]
|upkeep
|turn|3
|
|t:|1779893383
|move|p1a: Tuerta|Moonblast|p2a: Walking Wake
|-supereffective|p2a: Walking Wake
|-crit|p2a: Walking Wake
|-damage|p2a: Walking Wake|12/100
|move|p2a: Walking Wake|Hydro Steam|p1a: Tuerta
|-damage|p1a: Tuerta|0 fnt
|faint|p1a: Tuerta
|
|-weather|SunnyDay|[upkeep]
|upkeep
|
|t:|1779893389
|switch|p1a: Director|Clodsire, M, shiny|100/100
|turn|4
|
|t:|1779893393
|move|p2a: Walking Wake|Hydro Steam|p1a: Director
|-immune|p1a: Director|[from] ability: Water Absorb
|move|p1a: Director|Stealth Rock|p2a: Walking Wake
|-sidestart|p2: Senpai_4884|move: Stealth Rock
|
|-weather|SunnyDay|[upkeep]
|upkeep
|turn|5
|
|t:|1779893400
|move|p2a: Walking Wake|Flamethrower|p1a: Director
|-crit|p1a: Director
|-damage|p1a: Director|44/100
|move|p1a: Director|Earthquake|p2a: Walking Wake
|-damage|p2a: Walking Wake|0 fnt
|faint|p2a: Walking Wake
|-end|p2a: Walking Wake|Protosynthesis|[silent]
|
|-weather|SunnyDay|[upkeep]
|-heal|p1a: Director|50/100|[from] item: Leftovers
|upkeep
|
|t:|1779893412
|switch|p2a: Cinderace|Cinderace, F|100/100
|turn|6
|
|t:|1779893420
|move|p2a: Cinderace|Court Change|p2a: Cinderace
|-start|p2a: Cinderace|typechange|Normal|[from] ability: Libero
|-swapsideconditions
|-activate|p2a: Cinderace|move: Court Change
|move|p1a: Director|Earthquake|p2a: Cinderace
|-damage|p2a: Cinderace|60/100
|
|-weather|SunnyDay|[upkeep]
|-heal|p1a: Director|56/100|[from] item: Leftovers
|upkeep
|turn|7
|
|t:|1779893428
|move|p1a: Director|Protect|p1a: Director
|-singleturn|p1a: Director|Protect
|move|p2a: Cinderace|High Jump Kick|p1a: Director
|-activate|p1a: Director|move: Protect
|-damage|p2a: Cinderace|10/100|[from] highjumpkick
|
|-weather|SunnyDay|[upkeep]
|-heal|p1a: Director|62/100|[from] item: Leftovers
|upkeep
|turn|8
|
|t:|1779893435
|move|p2a: Cinderace|High Jump Kick|p1a: Director
|-resisted|p1a: Director
|-damage|p1a: Director|43/100
|move|p1a: Director|Stealth Rock|p2a: Cinderace
|-sidestart|p2: Senpai_4884|move: Stealth Rock
|
|-weather|none
|-heal|p1a: Director|49/100|[from] item: Leftovers
|upkeep
|turn|9
|
|t:|1779893440
|move|p2a: Cinderace|Iron Head|p1a: Director
|-damage|p1a: Director|24/100
|move|p1a: Director|Earthquake|p2a: Cinderace
|-damage|p2a: Cinderace|0 fnt
|faint|p2a: Cinderace
|
|-heal|p1a: Director|31/100|[from] item: Leftovers
|upkeep
|
|t:|1779893460
|switch|p2a: Salamence|Salamence, M|100/100
|-damage|p2a: Salamence|76/100|[from] Stealth Rock
|turn|10
|
|t:|1779893463
|move|p2a: Salamence|Dragon Dance|p2a: Salamence
|-boost|p2a: Salamence|atk|1
|-boost|p2a: Salamence|spe|1
|move|p1a: Director|Toxic|p2a: Salamence
|-status|p2a: Salamence|tox
|
|-heal|p1a: Director|37/100|[from] item: Leftovers
|-damage|p2a: Salamence|70/100 tox|[from] psn
|upkeep
|turn|11
|
|t:|1779893471
|switch|p1a: Torete|Tauros-Paldea-Blaze, M, shiny|100/100
|-damage|p1a: Torete|88/100|[from] Stealth Rock
|-ability|p1a: Torete|Intimidate|boost
|-unboost|p2a: Salamence|atk|1
|move|p2a: Salamence|Dragon Dance|p2a: Salamence
|-boost|p2a: Salamence|atk|1
|-boost|p2a: Salamence|spe|1
|
|-damage|p2a: Salamence|58/100 tox|[from] psn
|upkeep
|turn|12
|
|t:|1779893486
|switch|p1a: Bombas|Gholdengo|100/100
|-damage|p1a: Bombas|94/100|[from] Stealth Rock
|-item|p1a: Bombas|Air Balloon
|move|p2a: Salamence|Earthquake|p1a: Bombas
|-immune|p1a: Bombas
|
|-damage|p2a: Salamence|39/100 tox|[from] psn
|upkeep
|turn|13
|
|t:|1779893500
|move|p2a: Salamence|Dragon Claw|p1a: Bombas
|-resisted|p1a: Bombas
|-crit|p1a: Bombas
|-damage|p1a: Bombas|44/100
|-enditem|p1a: Bombas|Air Balloon
|move|p1a: Bombas|Shadow Ball|p2a: Salamence
|-damage|p2a: Salamence|0 fnt
|faint|p2a: Salamence
|
|upkeep
|
|t:|1779893505
|switch|p2a: Conkeldurr|Conkeldurr, F|100/100
|-damage|p2a: Conkeldurr|95/100|[from] Stealth Rock
|turn|14
|
|t:|1779893512
|move|p1a: Bombas|Dazzling Gleam|p2a: Conkeldurr
|-supereffective|p2a: Conkeldurr
|-crit|p2a: Conkeldurr
|-damage|p2a: Conkeldurr|39/100
|move|p2a: Conkeldurr|Knock Off|p1a: Bombas
|-supereffective|p1a: Bombas
|-damage|p1a: Bombas|0 fnt
|faint|p1a: Bombas
|
|upkeep
|
|t:|1779893527
|switch|p1a: Mamuten|Mamoswine, M|100/100
|-damage|p1a: Mamuten|88/100|[from] Stealth Rock
|turn|15
|
|t:|1779893531
|move|p1a: Mamuten|Earthquake|p2a: Conkeldurr
|-damage|p2a: Conkeldurr|0 fnt
|faint|p2a: Conkeldurr
|
|upkeep
|
|t:|1779893533
|switch|p2a: Comfey|Comfey, F|100/100
|-damage|p2a: Comfey|88/100|[from] Stealth Rock
|turn|16
|
|t:|1779893538
|move|p1a: Mamuten|Earthquake|p2a: Comfey
|-damage|p2a: Comfey|23/100
|move|p2a: Comfey|Calm Mind|p2a: Comfey
|-boost|p2a: Comfey|spa|1
|-boost|p2a: Comfey|spd|1
|
|-heal|p2a: Comfey|29/100|[from] item: Leftovers
|upkeep
|turn|17
|
|t:|1779893543
|move|p2a: Comfey|Giga Drain|p1a: Mamuten
|-supereffective|p1a: Mamuten
|-damage|p1a: Mamuten|6/100
|-heal|p2a: Comfey|90/100|[from] drain|[of] p1a: Mamuten
|move|p1a: Mamuten|Earthquake|p2a: Comfey
|-damage|p2a: Comfey|27/100
|
|-heal|p2a: Comfey|33/100|[from] item: Leftovers
|upkeep
|turn|18
|
|t:|1779893554
|move|p2a: Comfey|Giga Drain|p1a: Mamuten
|-supereffective|p1a: Mamuten
|-damage|p1a: Mamuten|0 fnt
|-heal|p2a: Comfey|38/100|[from] drain|[of] p1a: Mamuten
|faint|p1a: Mamuten
|
|-heal|p2a: Comfey|44/100|[from] item: Leftovers
|upkeep
|
|t:|1779893560
|switch|p1a: Torete|Tauros-Paldea-Blaze, M, shiny|88/100
|-damage|p1a: Torete|76/100|[from] Stealth Rock
|-ability|p1a: Torete|Intimidate|boost
|-unboost|p2a: Comfey|atk|1
|turn|19
|
|t:|1779893565
|move|p2a: Comfey|Draining Kiss|p1a: Torete
|-damage|p1a: Torete|27/100
|-heal|p2a: Comfey|88/100|[from] drain|[of] p1a: Torete
|move|p1a: Torete|Flare Blitz|p2a: Comfey
|-damage|p2a: Comfey|0 fnt
|faint|p2a: Comfey
|-damage|p1a: Torete|3/100|[from] Recoil
|-damage|p1a: Torete|0 fnt|[from] item: Life Orb
|faint|p1a: Torete
|
|win|el metrallas
|raw|el metrallas's rating: 1332 &rarr; <strong>1351</strong><br />(+19 for winning)
|raw|Senpai_4884's rating: 1313 &rarr; <strong>1294</strong><br />(-19 for losing)
|l|☆Senpai_4884
|player|p2|
|l|☆el metrallas
|player|p1|
