|j|☆xxxduqi
|j|☆kitakami kitchen
|t:|1779942831
|gametype|singles
|player|p1|xxxduqi|miku-flying|1452
|player|p2|kitakami kitchen|roxie|1478
|gen|9
|tier|[Gen 9] OU
|rated|
|rule|HP Percentage Mod: HP is shown in percentages
|rule|Endless Battle Clause: Forcing endless battles is banned
|rule|Species Clause: Limit one of each Pokémon
|rule|OHKO Clause: OHKO moves are banned
|rule|Evasion Items Clause: Evasion items are banned
|rule|Evasion Moves Clause: Evasion moves are banned
|rule|Evasion Abilities Clause: Evasion abilities are banned
|rule|Sleep Moves Clause: Sleep-inducing moves are banned
|clearpoke
|poke|p1|Latias, F|
|poke|p1|Darkrai|
|poke|p1|Slowking-Galar, F|
|poke|p1|Corviknight, F|
|poke|p1|Hatterene, F|
|poke|p1|Kingambit, M|
|poke|p2|Rillaboom, M|
|poke|p2|Hawlucha, F|
|poke|p2|Hatterene, F|
|poke|p2|Samurott-Hisui, F|
|poke|p2|Glimmora, M|
|poke|p2|Ogerpon-Wellspring, F|
|teampreview
|inactive|Battle timer is ON: inactive players will automatically lose when time's up. (requested by xxxduqi)
|
|t:|1779942836
|teamsize|p1|6
|teamsize|p2|6
|start
|switch|p1a: Hatterene|Hatterene, F|100/100
|switch|p2a: Glimmora|Glimmora, M|100/100
|turn|1
|
|t:|1779942840
|move|p2a: Glimmora|Meteor Beam||[still]
|-prepare|p2a: Glimmora|Meteor Beam
|-boost|p2a: Glimmora|spa|1
|-enditem|p2a: Glimmora|Power Herb
|-anim|p2a: Glimmora|Meteor Beam|p1a: Hatterene
|-damage|p1a: Hatterene|34/100
|move|p1a: Hatterene|Psychic Noise|p2a: Glimmora
|-supereffective|p2a: Glimmora
|-damage|p2a: Glimmora|4/100
|-start|p2a: Glimmora|move: Heal Block
|
|upkeep
|turn|2
|
|t:|1779942853
|switch|p1a: Slowking|Slowking-Galar, F|100/100
|move|p2a: Glimmora|Earth Power|p1a: Slowking
|-supereffective|p1a: Slowking
|-crit|p1a: Slowking
|-damage|p1a: Slowking|16/100
|
|-end|p2a: Glimmora|move: Heal Block
|upkeep
|turn|3
|
|t:|1779942856
|switch|p1a: Latias|Latias, F|100/100
|move|p2a: Glimmora|Stealth Rock|p1a: Latias
|-sidestart|p1: xxxduqi|move: Stealth Rock
|
|upkeep
|turn|4
|
|t:|1779942860
|move|p2a: Glimmora|Mortal Spin|p1a: Latias
|-damage|p1a: Latias|96/100
|-status|p1a: Latias|psn
|move|p1a: Latias|Psyshock|p2a: Glimmora
|-supereffective|p2a: Glimmora
|-damage|p2a: Glimmora|0 fnt
|faint|p2a: Glimmora
|
|-heal|p1a: Latias|100/100 psn|[from] item: Leftovers
|-damage|p1a: Latias|88/100 psn|[from] psn
|upkeep
|
|t:|1779942865
|switch|p2a: Samurott|Samurott-Hisui, F|100/100
|turn|5
|
|t:|1779942879
|switch|p1a: Corviknight|Corviknight, F|100/100
|-damage|p1a: Corviknight|88/100|[from] Stealth Rock
|-ability|p1a: Corviknight|Pressure
|-terastallize|p2a: Samurott|Dark
|move|p2a: Samurott|Ceaseless Edge|p1a: Corviknight
|-damage|p1a: Corviknight|41/100
|-damage|p2a: Samurott|84/100|[from] item: Rocky Helmet|[of] p1a: Corviknight
|-sidestart|p1: xxxduqi|Spikes
|
|upkeep
|turn|6
|
|t:|1779942890
|switch|p1a: Hatterene|Hatterene, F|34/100
|-damage|p1a: Hatterene|22/100|[from] Stealth Rock
|-damage|p1a: Hatterene|10/100|[from] Spikes
|move|p2a: Samurott|Knock Off|p1a: Hatterene
|-damage|p1a: Hatterene|0 fnt
|-enditem|p1a: Hatterene|Assault Vest|[from] move: Knock Off|[of] p2a: Samurott
|faint|p1a: Hatterene
|
|upkeep
|
|t:|1779942895
|switch|p1a: Darkrai|Darkrai|100/100
|turn|7
|
|t:|1779942900
|switch|p2a: Rillaboom|Rillaboom, M|100/100
|-fieldstart|move: Grassy Terrain|[from] ability: Grassy Surge|[of] p2a: Rillaboom
|move|p1a: Darkrai|Will-O-Wisp|p2a: Rillaboom
|-status|p2a: Rillaboom|brn
|
|-damage|p2a: Rillaboom|94/100 brn|[from] brn
|upkeep
|turn|8
|
|t:|1779942903
|move|p1a: Darkrai|Ice Beam|p2a: Rillaboom
|-supereffective|p2a: Rillaboom
|-damage|p2a: Rillaboom|24/100 brn
|move|p2a: Rillaboom|U-turn|p1a: Darkrai
|-supereffective|p1a: Darkrai
|-damage|p1a: Darkrai|68/100
|
|t:|1779942911
|switch|p2a: Hawlucha|Hawlucha, F|100/100|[from] U-turn
|-enditem|p2a: Hawlucha|Grassy Seed
|-boost|p2a: Hawlucha|def|1|[from] item: Grassy Seed
|
|-heal|p1a: Darkrai|74/100|[from] Grassy Terrain
|upkeep
|turn|9
|
|t:|1779942921
|-terastallize|p1a: Darkrai|Poison
|move|p2a: Hawlucha|Acrobatics|p1a: Darkrai
|-damage|p1a: Darkrai|11/100
|move|p1a: Darkrai|Will-O-Wisp|p2a: Hawlucha
|-status|p2a: Hawlucha|brn
|
|-heal|p1a: Darkrai|17/100|[from] Grassy Terrain
|-damage|p2a: Hawlucha|94/100 brn|[from] brn
|upkeep
|turn|10
|
|t:|1779942928
|switch|p1a: Corviknight|Corviknight, F|41/100
|-damage|p1a: Corviknight|28/100|[from] Stealth Rock
|-ability|p1a: Corviknight|Pressure
|move|p2a: Hawlucha|Acrobatics|p1a: Corviknight
|-resisted|p1a: Corviknight
|-damage|p1a: Corviknight|20/100
|-damage|p2a: Hawlucha|78/100 brn|[from] item: Rocky Helmet|[of] p1a: Corviknight
|
|-damage|p2a: Hawlucha|72/100 brn|[from] brn
|upkeep
|turn|11
|
|t:|1779942931
|move|p2a: Hawlucha|Close Combat|p1a: Corviknight
|-damage|p1a: Corviknight|3/100
|-unboost|p2a: Hawlucha|def|1
|-unboost|p2a: Hawlucha|spd|1
|-damage|p2a: Hawlucha|55/100 brn|[from] item: Rocky Helmet|[of] p1a: Corviknight
|move|p1a: Corviknight|Roost|p1a: Corviknight
|-heal|p1a: Corviknight|53/100
|-singleturn|p1a: Corviknight|move: Roost
|
|-heal|p1a: Corviknight|59/100|[from] Grassy Terrain
|-damage|p2a: Hawlucha|49/100 brn|[from] brn
|upkeep
|turn|12
|
|t:|1779942935
|move|p2a: Hawlucha|Encore|p1a: Corviknight
|-start|p1a: Corviknight|Encore
|move|p1a: Corviknight|Roost|p1a: Corviknight
|-heal|p1a: Corviknight|100/100
|-singleturn|p1a: Corviknight|move: Roost
|
|-damage|p2a: Hawlucha|43/100 brn|[from] brn
|upkeep
|turn|13
|
|t:|1779942941
|switch|p1a: Slowking|Slowking-Galar, F|49/100
|move|p2a: Hawlucha|Swords Dance|p2a: Hawlucha
|-boost|p2a: Hawlucha|atk|2
|
|-heal|p1a: Slowking|56/100|[from] Grassy Terrain
|-damage|p2a: Hawlucha|37/100 brn|[from] brn
|upkeep
|turn|14
|
|t:|1779942944
|switch|p1a: Corviknight|Corviknight, F|100/100
|-damage|p1a: Corviknight|88/100|[from] Stealth Rock
|-ability|p1a: Corviknight|Pressure
|move|p2a: Hawlucha|Acrobatics|p1a: Corviknight
|-resisted|p1a: Corviknight
|-damage|p1a: Corviknight|72/100
|-damage|p2a: Hawlucha|21/100 brn|[from] item: Rocky Helmet|[of] p1a: Corviknight
|
|-damage|p2a: Hawlucha|15/100 brn|[from] brn
|-fieldend|move: Grassy Terrain
|upkeep
|turn|15
|
|t:|1779942948
|move|p2a: Hawlucha|Close Combat|p1a: Corviknight
|-damage|p1a: Corviknight|36/100
|-unboost|p2a: Hawlucha|def|1
|-unboost|p2a: Hawlucha|spd|1
|-damage|p2a: Hawlucha|0 fnt|[from] item: Rocky Helmet|[of] p1a: Corviknight
|faint|p2a: Hawlucha
|move|p1a: Corviknight|Roost|p1a: Corviknight
|-heal|p1a: Corviknight|86/100
|-singleturn|p1a: Corviknight|move: Roost
|
|upkeep
|
|t:|1779942954
|switch|p2a: Samurott|Samurott-Hisui, F, tera:Dark|84/100
|turn|16
|
|t:|1779942956
|move|p2a: Samurott|Ceaseless Edge|p1a: Corviknight
|-damage|p1a: Corviknight|32/100
|-damage|p2a: Samurott|67/100|[from] item: Rocky Helmet|[of] p1a: Corviknight
|-sidestart|p1: xxxduqi|Spikes
|move|p1a: Corviknight|U-turn|p2a: Samurott
|-supereffective|p2a: Samurott
|-damage|p2a: Samurott|28/100
|
|t:|1779942964
|switch|p1a: Darkrai|Darkrai, tera:Poison|17/100|[from] U-turn
|
|upkeep
|turn|17
|
|t:|1779942981
|switch|p1a: Kingambit|Kingambit, M|100/100
|-damage|p1a: Kingambit|94/100|[from] Stealth Rock
|-damage|p1a: Kingambit|78/100|[from] Spikes
|-activate|p1a: Kingambit|ability: Supreme Overlord
|-start|p1a: Kingambit|fallen1|[silent]
|switch|p2a: Rillaboom|Rillaboom, M|24/100 brn
|-fieldstart|move: Grassy Terrain|[from] ability: Grassy Surge|[of] p2a: Rillaboom
|
|-heal|p2a: Rillaboom|31/100 brn|[from] Grassy Terrain
|-heal|p1a: Kingambit|84/100|[from] Grassy Terrain
|-heal|p1a: Kingambit|90/100|[from] item: Leftovers
|-damage|p2a: Rillaboom|24/100 brn|[from] brn
|upkeep
|turn|18
|
|t:|1779942984
|move|p2a: Rillaboom|Low Kick|p1a: Kingambit
|-supereffective|p1a: Kingambit
|-damage|p1a: Kingambit|34/100
|move|p1a: Kingambit|Swords Dance|p1a: Kingambit
|-boost|p1a: Kingambit|atk|2
|
|-heal|p2a: Rillaboom|31/100 brn|[from] Grassy Terrain
|-heal|p1a: Kingambit|40/100|[from] Grassy Terrain
|-heal|p1a: Kingambit|47/100|[from] item: Leftovers
|-damage|p2a: Rillaboom|24/100 brn|[from] brn
|upkeep
|turn|19
|
|t:|1779942987
|move|p1a: Kingambit|Sucker Punch|p2a: Rillaboom
|-damage|p2a: Rillaboom|0 fnt
|faint|p2a: Rillaboom
|
|-heal|p1a: Kingambit|53/100|[from] Grassy Terrain
|-heal|p1a: Kingambit|59/100|[from] item: Leftovers
|upkeep
|
|t:|1779942998
|switch|p2a: Hatterene|Hatterene, F|100/100
|-enditem|p2a: Hatterene|Grassy Seed
|-boost|p2a: Hatterene|def|1|[from] item: Grassy Seed
|turn|20
|
|t:|1779943000
|move|p1a: Kingambit|Iron Head|p2a: Hatterene
|-supereffective|p2a: Hatterene
|-damage|p2a: Hatterene|7/100
|move|p2a: Hatterene|Mystical Fire|p1a: Kingambit
|-supereffective|p1a: Kingambit
|-damage|p1a: Kingambit|25/100
|-unboost|p1a: Kingambit|spa|1
|
|-heal|p1a: Kingambit|31/100|[from] Grassy Terrain
|-heal|p1a: Kingambit|37/100|[from] item: Leftovers
|-heal|p2a: Hatterene|13/100|[from] Grassy Terrain
|upkeep
|turn|21
|
|t:|1779943005
|move|p1a: Kingambit|Iron Head|p2a: Hatterene
|-supereffective|p2a: Hatterene
|-damage|p2a: Hatterene|0 fnt
|faint|p2a: Hatterene
|
|-heal|p1a: Kingambit|43/100|[from] Grassy Terrain
|-heal|p1a: Kingambit|50/100|[from] item: Leftovers
|upkeep
|
|t:|1779943008
|switch|p2a: Ogerpon|Ogerpon-Wellspring, F|100/100
|turn|22
|
|t:|1779943011
|move|p2a: Ogerpon|Swords Dance|p2a: Ogerpon
|-boost|p2a: Ogerpon|atk|2
|move|p1a: Kingambit|Kowtow Cleave|p2a: Ogerpon
|-damage|p2a: Ogerpon|0 fnt
|faint|p2a: Ogerpon
|
|-heal|p1a: Kingambit|56/100|[from] Grassy Terrain
|-heal|p1a: Kingambit|62/100|[from] item: Leftovers
|upkeep
|
|t:|1779943015
|switch|p2a: Samurott|Samurott-Hisui, F, tera:Dark|28/100
|turn|23
|
|t:|1779943017
|move|p2a: Samurott|Sucker Punch|p1a: Kingambit
|-resisted|p1a: Kingambit
|-damage|p1a: Kingambit|43/100
|move|p1a: Kingambit|Kowtow Cleave|p2a: Samurott
|-resisted|p2a: Samurott
|-damage|p2a: Samurott|0 fnt
|faint|p2a: Samurott
|
|win|xxxduqi
|raw|xxxduqi's rating: 1452 &rarr; <strong>1473</strong><br />(+21 for winning)
|raw|kitakami kitchen's rating: 1478 &rarr; <strong>1457</strong><br />(-21 for losing)
|l|☆kitakami kitchen
|player|p2|
|l|☆xxxduqi
|player|p1|
