|j|☆billythekid95
|j|☆quolius
|t:|1779801688
|gametype|singles
|player|p1|billythekid95|2|1498
|player|p2|quolius|266|1527
|gen|9
|tier|[Gen 9] OU
|rated|
|rule|HP Percentage Mod: HP is shown in percentages
|rule|Endless Battle Clause: Forcing endless battles is banned
|rule|Species Clause: Limit one of each Pokémon
|rule|OHKO Clause: OHKO moves are banned
|rule|Evasion Items Clause: Evasion items are banned
|rule|Evasion Moves Clause: Evasion moves are banned
|rule|Evasion Abilities Clause: Evasion abilities are banned
|rule|Sleep Moves Clause: Sleep-inducing moves are banned
|clearpoke
|poke|p1|Glimmora, M|
|poke|p1|Gholdengo|
|poke|p1|Great Tusk|
|poke|p1|Ogerpon-Wellspring, F|
|poke|p1|Zamazenta-*|
|poke|p1|Garchomp, F|
|poke|p2|Wo-Chien|
|poke|p2|Torkoal, F|
|poke|p2|Walking Wake|
|poke|p2|Cinderace, M|
|poke|p2|Clefable, F|
|poke|p2|Great Tusk|
|teampreview
|inactive|Battle timer is ON: inactive players will automatically lose when time's up. (requested by quolius)
|
|t:|1779801696
|teamsize|p1|6
|teamsize|p2|6
|start
|switch|p1a: Ogerpon|Ogerpon-Wellspring, F|100/100
|switch|p2a: Walking Wake|Walking Wake|100/100
|turn|1
|
|t:|1779801705
|move|p1a: Ogerpon|Horn Leech|p2a: Walking Wake
|-damage|p2a: Walking Wake|52/100
|move|p2a: Walking Wake|Draco Meteor|p1a: Ogerpon
|-damage|p1a: Ogerpon|0 fnt
|-unboost|p2a: Walking Wake|spa|2
|faint|p1a: Ogerpon
|
|upkeep
|
|t:|1779801713
|switch|p1a: Glimmora|Glimmora, M|100/100
|turn|2
|
|t:|1779801724
|-end|p2a: Walking Wake|Protosynthesis|[silent]
|switch|p2a: Great Tusk|Great Tusk|100/100
|move|p1a: Glimmora|Stealth Rock|p2a: Great Tusk
|-sidestart|p2: quolius|move: Stealth Rock
|
|upkeep
|turn|3
|
|t:|1779801733
|move|p2a: Great Tusk|Headlong Rush|p1a: Glimmora
|-supereffective|p1a: Glimmora
|-enditem|p1a: Glimmora|Focus Sash
|-damage|p1a: Glimmora|1/100
|-unboost|p2a: Great Tusk|def|1
|-unboost|p2a: Great Tusk|spd|1
|-activate|p1a: Glimmora|ability: Toxic Debris
|-sidestart|p2: quolius|move: Toxic Spikes
|move|p1a: Glimmora|Mortal Spin|p2a: Great Tusk
|-resisted|p2a: Great Tusk
|-damage|p2a: Great Tusk|98/100
|-status|p2a: Great Tusk|psn
|-damage|p1a: Glimmora|0 fnt|[from] item: Rocky Helmet|[of] p2a: Great Tusk
|faint|p1a: Glimmora
|
|-damage|p2a: Great Tusk|86/100 psn|[from] psn
|upkeep
|
|t:|1779801748
|switch|p1a: Gholdengo|Gholdengo|100/100
|turn|4
|
|t:|1779801757
|-end|p2a: Great Tusk|Protosynthesis|[silent]
|switch|p2a: Torkoal|Torkoal, F|100/100
|-damage|p2a: Torkoal|76/100|[from] Stealth Rock
|-status|p2a: Torkoal|psn
|-weather|SunnyDay|[from] ability: Drought|[of] p2a: Torkoal
|move|p1a: Gholdengo|Shadow Ball|p2a: Torkoal
|-damage|p2a: Torkoal|35/100 psn
|
|-weather|SunnyDay|[upkeep]
|-damage|p2a: Torkoal|22/100 psn|[from] psn
|upkeep
|turn|5
|
|t:|1779801767
|switch|p2a: Wo-Chien|Wo-Chien|100/100
|-damage|p2a: Wo-Chien|88/100|[from] Stealth Rock
|-status|p2a: Wo-Chien|psn
|-ability|p2a: Wo-Chien|Tablets of Ruin
|move|p1a: Gholdengo|Shadow Ball|p2a: Wo-Chien
|-resisted|p2a: Wo-Chien
|-damage|p2a: Wo-Chien|68/100 psn
|-unboost|p2a: Wo-Chien|spd|1
|
|-weather|SunnyDay|[upkeep]
|-damage|p2a: Wo-Chien|56/100 psn|[from] psn
|upkeep
|turn|6
|
|t:|1779801780
|switch|p1a: Garchomp|Garchomp, F|100/100
|move|p2a: Wo-Chien|Trailblaze|p1a: Garchomp
|-damage|p1a: Garchomp|86/100
|-boost|p2a: Wo-Chien|spe|1
|-damage|p2a: Wo-Chien|44/100 psn|[from] ability: Rough Skin|[of] p1a: Garchomp
|-damage|p2a: Wo-Chien|28/100 psn|[from] item: Rocky Helmet|[of] p1a: Garchomp
|-damage|p2a: Wo-Chien|18/100 psn|[from] item: Life Orb
|
|-weather|SunnyDay|[upkeep]
|-damage|p2a: Wo-Chien|5/100 psn|[from] psn
|upkeep
|turn|7
|
|t:|1779801791
|switch|p1a: Gholdengo|Gholdengo|100/100
|move|p2a: Wo-Chien|Giga Drain|p1a: Gholdengo
|-resisted|p1a: Gholdengo
|-damage|p1a: Gholdengo|81/100
|-heal|p2a: Wo-Chien|15/100 psn|[from] drain|[of] p1a: Gholdengo
|-damage|p2a: Wo-Chien|5/100 psn|[from] item: Life Orb
|
|-weather|SunnyDay|[upkeep]
|-damage|p2a: Wo-Chien|0 fnt|[from] psn
|faint|p2a: Wo-Chien
|upkeep
|
|t:|1779801801
|switch|p2a: Walking Wake|Walking Wake|52/100
|-damage|p2a: Walking Wake|39/100|[from] Stealth Rock
|-status|p2a: Walking Wake|psn
|-activate|p2a: Walking Wake|ability: Protosynthesis
|-start|p2a: Walking Wake|protosynthesisspe
|turn|8
|
|t:|1779801807
|switch|p1a: Garchomp|Garchomp, F|86/100
|move|p2a: Walking Wake|Hydro Steam|p1a: Garchomp
|-crit|p1a: Garchomp
|-damage|p1a: Garchomp|0 fnt
|faint|p1a: Garchomp
|
|-weather|SunnyDay|[upkeep]
|-damage|p2a: Walking Wake|27/100 psn|[from] psn
|upkeep
|
|t:|1779801815
|switch|p1a: Zamazenta|Zamazenta|100/100
|-ability|p1a: Zamazenta|Dauntless Shield|boost
|-boost|p1a: Zamazenta|def|1
|turn|9
|
|t:|1779801828
|move|p2a: Walking Wake|Hydro Steam|p1a: Zamazenta
|-damage|p1a: Zamazenta|34/100
|move|p1a: Zamazenta|Body Press|p2a: Walking Wake
|-damage|p2a: Walking Wake|0 fnt
|faint|p2a: Walking Wake
|-end|p2a: Walking Wake|Protosynthesis|[silent]
|
|-weather|SunnyDay|[upkeep]
|upkeep
|
|t:|1779801831
|switch|p2a: Great Tusk|Great Tusk|86/100 psn
|-damage|p2a: Great Tusk|83/100 psn|[from] Stealth Rock
|-activate|p2a: Great Tusk|ability: Protosynthesis
|-start|p2a: Great Tusk|protosynthesisspe
|turn|10
|
|t:|1779801845
|-terastallize|p1a: Zamazenta|Ghost
|move|p2a: Great Tusk|Headlong Rush|p1a: Zamazenta
|-damage|p1a: Zamazenta|9/100
|-unboost|p2a: Great Tusk|def|1
|-unboost|p2a: Great Tusk|spd|1
|move|p1a: Zamazenta|Roar|p2a: Great Tusk
|-end|p2a: Great Tusk|Protosynthesis|[silent]
|drag|p2a: Cinderace|Cinderace, M|100/100
|-damage|p2a: Cinderace|76/100|[from] Stealth Rock
|-item|p2a: Cinderace|Air Balloon
|
|-weather|SunnyDay|[upkeep]
|upkeep
|turn|11
|
|t:|1779801856
|move|p2a: Cinderace|Flame Charge|p1a: Zamazenta
|-damage|p1a: Zamazenta|0 fnt
|-boost|p2a: Cinderace|spe|1
|faint|p1a: Zamazenta
|
|-weather|none
|upkeep
|
|t:|1779801862
|switch|p1a: Great Tusk|Great Tusk|100/100
|turn|12
|l|☆quolius
|inactive|quolius disconnected and has a minute to reconnect!
|player|p2|
|j|☆quolius
|inactive|quolius reconnected and has 130 seconds left.
|player|p2|quolius|266|
|
|t:|1779801885
|move|p2a: Cinderace|Swords Dance|p2a: Cinderace
|-boost|p2a: Cinderace|atk|2
|move|p1a: Great Tusk|Knock Off|p2a: Cinderace
|-damage|p2a: Cinderace|35/100
|-enditem|p2a: Cinderace|Air Balloon
|
|upkeep
|turn|13
|
|t:|1779801896
|-terastallize|p2a: Cinderace|Fire
|move|p2a: Cinderace|Pyro Ball|p1a: Great Tusk
|-damage|p1a: Great Tusk|12/100
|move|p1a: Great Tusk|Earthquake|p2a: Cinderace
|-supereffective|p2a: Cinderace
|-damage|p2a: Cinderace|0 fnt
|faint|p2a: Cinderace
|
|upkeep
|
|t:|1779801902
|switch|p2a: Great Tusk|Great Tusk|83/100 psn
|-damage|p2a: Great Tusk|80/100 psn|[from] Stealth Rock
|turn|14
|
|t:|1779801907
|move|p2a: Great Tusk|Ice Spinner|p1a: Great Tusk
|-supereffective|p1a: Great Tusk
|-damage|p1a: Great Tusk|0 fnt
|faint|p1a: Great Tusk
|-end|p1a: Great Tusk|Protosynthesis|[silent]
|
|-damage|p2a: Great Tusk|67/100 psn|[from] psn
|upkeep
|
|t:|1779801914
|switch|p1a: Gholdengo|Gholdengo|81/100
|turn|15
|
|t:|1779801920
|move|p1a: Gholdengo|Shadow Ball|p2a: Great Tusk
|-damage|p2a: Great Tusk|15/100 psn
|-unboost|p2a: Great Tusk|spd|1
|move|p2a: Great Tusk|Headlong Rush|p1a: Gholdengo
|-supereffective|p1a: Gholdengo
|-damage|p1a: Gholdengo|0 fnt
|-unboost|p2a: Great Tusk|def|1
|-unboost|p2a: Great Tusk|spd|1
|faint|p1a: Gholdengo
|
|win|quolius
|raw|billythekid95's rating: 1498 &rarr; <strong>1480</strong><br />(-18 for losing)
|raw|quolius's rating: 1527 &rarr; <strong>1545</strong><br />(+18 for winning)
|l|☆billythekid95
|player|p1|
|l|☆quolius
|player|p2|
