|j|☆juancbas1234
|j|☆DirtyDoorknob
|t:|1779899216
|gametype|singles
|player|p1|juancbas1234|265|1431
|player|p2|DirtyDoorknob|chase|1416
|gen|9
|tier|[Gen 9] OU
|rated|
|rule|HP Percentage Mod: HP is shown in percentages
|rule|Endless Battle Clause: Forcing endless battles is banned
|rule|Species Clause: Limit one of each Pokémon
|rule|OHKO Clause: OHKO moves are banned
|rule|Evasion Items Clause: Evasion items are banned
|rule|Evasion Moves Clause: Evasion moves are banned
|rule|Evasion Abilities Clause: Evasion abilities are banned
|rule|Sleep Moves Clause: Sleep-inducing moves are banned
|clearpoke
|poke|p1|Darkrai|
|poke|p1|Dragapult, F|
|poke|p1|Garganacl, F|
|poke|p1|Gholdengo|
|poke|p1|Great Tusk|
|poke|p1|Ogerpon-Wellspring, F|
|poke|p2|Tinkaton, F|
|poke|p2|Ogerpon, F|
|poke|p2|Great Tusk|
|poke|p2|Pecharunt|
|poke|p2|Alomomola, M|
|poke|p2|Hydreigon, M|
|teampreview
|inactive|Battle timer is ON: inactive players will automatically lose when time's up. (requested by DirtyDoorknob)
|inactive|juancbas1234 has 120 seconds left.
|inactive|juancbas1234 has 90 seconds left.
|inactive|juancbas1234 has 60 seconds left.
|
|t:|1779899332
|teamsize|p1|6
|teamsize|p2|6
|start
|switch|p1a: Dragapult|Dragapult, F|100/100
|switch|p2a: Tinkaton|Tinkaton, F, shiny|100/100
|-item|p2a: Tinkaton|Air Balloon
|turn|1
|
|t:|1779899341
|move|p1a: Dragapult|Fire Blast|p2a: Tinkaton
|-supereffective|p2a: Tinkaton
|-damage|p2a: Tinkaton|0 fnt
|-enditem|p2a: Tinkaton|Air Balloon
|faint|p2a: Tinkaton
|
|upkeep
|
|t:|1779899351
|switch|p2a: Hydreigon|Hydreigon, M, shiny|100/100
|turn|2
|inactive|juancbas1234 has 90 seconds left.
|
|t:|1779899401
|switch|p1a: Garganacl|Garganacl, F|100/100
|move|p2a: Hydreigon|Earth Power|p1a: Garganacl
|-supereffective|p1a: Garganacl
|-damage|p1a: Garganacl|43/100
|
|-heal|p1a: Garganacl|49/100|[from] item: Leftovers
|upkeep
|turn|3
|
|t:|1779899411
|-terastallize|p1a: Garganacl|Water
|move|p2a: Hydreigon|Earth Power|p1a: Garganacl
|-damage|p1a: Garganacl|19/100
|move|p1a: Garganacl|Recover|p1a: Garganacl
|-heal|p1a: Garganacl|69/100
|
|-heal|p1a: Garganacl|75/100|[from] item: Leftovers
|upkeep
|turn|4
|
|t:|1779899422
|move|p2a: Hydreigon|Earth Power|p1a: Garganacl
|-damage|p1a: Garganacl|47/100
|move|p1a: Garganacl|Iron Defense|p1a: Garganacl
|-boost|p1a: Garganacl|def|2
|
|-heal|p1a: Garganacl|53/100|[from] item: Leftovers
|upkeep
|turn|5
|
|t:|1779899431
|switch|p2a: Ogerpon|Ogerpon, F|100/100
|move|p1a: Garganacl|Recover|p1a: Garganacl
|-heal|p1a: Garganacl|100/100
|
|upkeep
|turn|6
|
|t:|1779899438
|-terastallize|p2a: Ogerpon|Grass
|detailschange|p2a: Ogerpon|Ogerpon-Teal-Tera, F, tera:Grass
|-ability|p2a: Ogerpon|Embody Aspect (Teal)|boost
|-boost|p2a: Ogerpon|spe|1
|move|p2a: Ogerpon|Ivy Cudgel|p1a: Garganacl
|-supereffective|p1a: Garganacl
|-damage|p1a: Garganacl|36/100
|move|p1a: Garganacl|Salt Cure|p2a: Ogerpon
|-damage|p2a: Ogerpon|83/100
|-start|p2a: Ogerpon|Salt Cure
|
|-heal|p1a: Garganacl|42/100|[from] item: Leftovers
|-damage|p2a: Ogerpon|70/100|[from] Salt Cure
|upkeep
|turn|7
|
|t:|1779899452
|move|p2a: Ogerpon|Ivy Cudgel|p1a: Garganacl
|-supereffective|p1a: Garganacl
|-damage|p1a: Garganacl|0 fnt
|faint|p1a: Garganacl
|
|-damage|p2a: Ogerpon|58/100|[from] Salt Cure
|upkeep
|
|t:|1779899459
|switch|p1a: Gholdengo|Gholdengo|100/100
|turn|8
|
|t:|1779899463
|switch|p2a: Alomomola|Alomomola, M, shiny|100/100
|move|p1a: Gholdengo|Shadow Ball|p2a: Alomomola
|-damage|p2a: Alomomola|79/100
|-unboost|p2a: Alomomola|spd|1
|
|upkeep
|turn|9
|
|t:|1779899472
|switch|p1a: Ogerpon|Ogerpon-Wellspring, F|100/100
|switch|p2a: Hydreigon|Hydreigon, M, shiny|100/100
|
|upkeep
|turn|10
|
|t:|1779899479
|move|p1a: Ogerpon|Play Rough|p2a: Hydreigon
|-supereffective|p2a: Hydreigon
|-damage|p2a: Hydreigon|0 fnt
|faint|p2a: Hydreigon
|
|upkeep
|
|t:|1779899485
|switch|p2a: Ogerpon|Ogerpon-Teal-Tera, F, tera:Grass|58/100
|-ability|p2a: Ogerpon|Embody Aspect (Teal)|boost
|-boost|p2a: Ogerpon|spe|1
|turn|11
|
|t:|1779899497
|move|p2a: Ogerpon|Ivy Cudgel|p1a: Ogerpon
|-damage|p1a: Ogerpon|0 fnt
|faint|p1a: Ogerpon
|
|upkeep
|
|t:|1779899503
|switch|p1a: Gholdengo|Gholdengo|100/100
|turn|12
|
|t:|1779899506
|switch|p2a: Alomomola|Alomomola, M, shiny|100/100
|move|p1a: Gholdengo|Trick|p2a: Alomomola
|-activate|p1a: Gholdengo|move: Trick|[of] p2a: Alomomola
|-item|p2a: Alomomola|Choice Scarf|[from] move: Trick
|-item|p1a: Gholdengo|Assault Vest|[from] move: Trick
|
|upkeep
|turn|13
|inactive|juancbas1234 has 120 seconds left.
|
|t:|1779899513
|switch|p1a: Dragapult|Dragapult, F|100/100
|move|p2a: Alomomola|Flip Turn|p1a: Dragapult
|-resisted|p1a: Dragapult
|-damage|p1a: Dragapult|89/100
|
|t:|1779899520
|switch|p2a: Ogerpon|Ogerpon-Teal-Tera, F, tera:Grass|58/100|[from] Flip Turn
|-ability|p2a: Ogerpon|Embody Aspect (Teal)|boost
|-boost|p2a: Ogerpon|spe|1
|
|upkeep
|turn|14
|
|t:|1779899526
|move|p2a: Ogerpon|Knock Off|p1a: Dragapult
|-supereffective|p1a: Dragapult
|-damage|p1a: Dragapult|0 fnt
|-enditem|p1a: Dragapult|Choice Specs|[from] move: Knock Off|[of] p2a: Ogerpon
|faint|p1a: Dragapult
|
|upkeep
|
|t:|1779899534
|switch|p1a: Gholdengo|Gholdengo|100/100
|turn|15
|
|t:|1779899537
|switch|p2a: Alomomola|Alomomola, M, shiny|100/100
|move|p1a: Gholdengo|Shadow Ball|p2a: Alomomola
|-damage|p2a: Alomomola|70/100
|
|upkeep
|turn|16
|
|t:|1779899545
|move|p1a: Gholdengo|Shadow Ball|p2a: Alomomola
|-damage|p2a: Alomomola|37/100
|move|p2a: Alomomola|Flip Turn|p1a: Gholdengo
|-damage|p1a: Gholdengo|83/100
|
|t:|1779899552
|switch|p2a: Great Tusk|Great Tusk, shiny|100/100|[from] Flip Turn
|
|upkeep
|turn|17
|
|t:|1779899562
|move|p2a: Great Tusk|Headlong Rush|p1a: Gholdengo
|-supereffective|p1a: Gholdengo
|-damage|p1a: Gholdengo|0 fnt
|-unboost|p2a: Great Tusk|def|1
|-unboost|p2a: Great Tusk|spd|1
|faint|p1a: Gholdengo
|
|upkeep
|
|t:|1779899571
|switch|p1a: Darkrai|Darkrai|100/100
|turn|18
|
|t:|1779899579
|move|p1a: Darkrai|Nasty Plot|p1a: Darkrai
|-boost|p1a: Darkrai|spa|2
|move|p2a: Great Tusk|Close Combat|p1a: Darkrai
|-supereffective|p1a: Darkrai
|-damage|p1a: Darkrai|0 fnt
|-unboost|p2a: Great Tusk|def|1
|-unboost|p2a: Great Tusk|spd|1
|faint|p1a: Darkrai
|
|upkeep
|
|t:|1779899594
|switch|p1a: Great Tusk|Great Tusk|100/100
|-enditem|p1a: Great Tusk|Booster Energy
|-activate|p1a: Great Tusk|ability: Protosynthesis|[fromitem]
|-start|p1a: Great Tusk|protosynthesisatk
|turn|19
|
|t:|1779899599
|-end|p2a: Great Tusk|Protosynthesis|[silent]
|switch|p2a: Pecharunt|Pecharunt|100/100
|move|p1a: Great Tusk|Rapid Spin|p2a: Pecharunt
|-immune|p2a: Pecharunt
|
|upkeep
|turn|20
|-message|juancbas1234 forfeited.
|
|win|DirtyDoorknob
|raw|juancbas1234's rating: 1431 &rarr; <strong>1410</strong><br />(-21 for losing)
|raw|DirtyDoorknob's rating: 1416 &rarr; <strong>1437</strong><br />(+21 for winning)
|c|☆DirtyDoorknob|Gg
