|j|☆eusoubrasileirouuu
|j|☆gabigolx
|t:|1779815026
|gametype|singles
|player|p1|eusoubrasileirouuu|170|1152
|player|p2|gabigolx|169|1198
|gen|9
|tier|[Gen 9] OU
|rated|
|rule|HP Percentage Mod: HP is shown in percentages
|rule|Endless Battle Clause: Forcing endless battles is banned
|rule|Species Clause: Limit one of each Pokémon
|rule|OHKO Clause: OHKO moves are banned
|rule|Evasion Items Clause: Evasion items are banned
|rule|Evasion Moves Clause: Evasion moves are banned
|rule|Evasion Abilities Clause: Evasion abilities are banned
|rule|Sleep Moves Clause: Sleep-inducing moves are banned
|clearpoke
|poke|p1|Iron Valiant|
|poke|p1|Iron Hands|
|poke|p1|Avalugg, M|
|poke|p1|Toxapex, M|
|poke|p1|Vikavolt, F|
|poke|p1|Iron Moth|
|poke|p2|Corviknight, F|
|poke|p2|Meowscarada, M|
|poke|p2|Glimmora, M|
|poke|p2|Cresselia, F|
|poke|p2|Great Tusk|
|poke|p2|Walking Wake|
|teampreview
|
|t:|1779815037
|teamsize|p1|6
|teamsize|p2|6
|start
|switch|p1a: Toxapex|Toxapex, M|100/100
|switch|p2a: Glimmora|Glimmora, M|100/100
|turn|1
|
|t:|1779815044
|move|p2a: Glimmora|Stealth Rock|p1a: Toxapex
|-sidestart|p1: eusoubrasileirouuu|move: Stealth Rock
|move|p1a: Toxapex|Surf|p2a: Glimmora
|-supereffective|p2a: Glimmora
|-damage|p2a: Glimmora|56/100
|
|upkeep
|turn|2
|
|t:|1779815051
|switch|p2a: Cresselia|Cresselia, F|100/100
|move|p1a: Toxapex|Surf|p2a: Cresselia
|-damage|p2a: Cresselia|92/100
|
|-heal|p2a: Cresselia|98/100|[from] item: Leftovers
|upkeep
|turn|3
|
|t:|1779815058
|move|p2a: Cresselia|Psyshock|p1a: Toxapex
|-supereffective|p1a: Toxapex
|-damage|p1a: Toxapex|73/100
|move|p1a: Toxapex|Toxic|p2a: Cresselia
|-status|p2a: Cresselia|tox
|
|-heal|p2a: Cresselia|100/100 tox|[from] item: Leftovers
|-damage|p2a: Cresselia|94/100 tox|[from] psn
|upkeep
|turn|4
|
|t:|1779815071
|move|p2a: Cresselia|Psyshock|p1a: Toxapex
|-supereffective|p1a: Toxapex
|-damage|p1a: Toxapex|45/100
|move|p1a: Toxapex|Recover|p1a: Toxapex
|-heal|p1a: Toxapex|95/100
|
|-heal|p2a: Cresselia|100/100 tox|[from] item: Leftovers
|-damage|p2a: Cresselia|88/100 tox|[from] psn
|upkeep
|turn|5
|
|t:|1779815100
|switch|p2a: Corviknight|Corviknight, F|100/100
|move|p1a: Toxapex|Surf|p2a: Corviknight
|-damage|p2a: Corviknight|83/100
|
|upkeep
|turn|6
|
|t:|1779815109
|switch|p1a: Iron Valiant|Iron Valiant|100/100
|-damage|p1a: Iron Valiant|94/100|[from] Stealth Rock
|-enditem|p1a: Iron Valiant|Booster Energy
|-activate|p1a: Iron Valiant|ability: Quark Drive|[fromitem]
|-start|p1a: Iron Valiant|quarkdrivespe
|move|p2a: Corviknight|Brave Bird|p1a: Iron Valiant
|-supereffective|p1a: Iron Valiant
|-damage|p1a: Iron Valiant|0 fnt
|faint|p1a: Iron Valiant
|-end|p1a: Iron Valiant|Quark Drive|[silent]
|-damage|p2a: Corviknight|61/100|[from] Recoil
|
|upkeep
|
|t:|1779815120
|switch|p1a: Toxapex|Toxapex, M|100/100
|turn|7
|
|t:|1779815147
|switch|p1a: Avalugg|Avalugg, M|100/100
|move|p2a: Corviknight|Brave Bird|p1a: Avalugg
|-damage|p1a: Avalugg|87/100
|-damage|p2a: Corviknight|56/100|[from] Recoil
|
|upkeep
|turn|8
|
|t:|1779815156
|move|p2a: Corviknight|U-turn|p1a: Avalugg
|-damage|p1a: Avalugg|80/100
|
|t:|1779815161
|switch|p2a: Walking Wake|Walking Wake|100/100|[from] U-turn
|-enditem|p2a: Walking Wake|Booster Energy
|-activate|p2a: Walking Wake|ability: Protosynthesis|[fromitem]
|-start|p2a: Walking Wake|protosynthesisspa
|move|p1a: Avalugg|Avalanche|p2a: Walking Wake
|-damage|p2a: Walking Wake|74/100
|
|upkeep
|turn|9
|
|t:|1779815178
|move|p2a: Walking Wake|Flamethrower|p1a: Avalugg
|-supereffective|p1a: Avalugg
|-damage|p1a: Avalugg|0 fnt
|faint|p1a: Avalugg
|
|upkeep
|
|t:|1779815191
|switch|p1a: Toxapex|Toxapex, M|100/100
|turn|10
|
|t:|1779815205
|move|p2a: Walking Wake|Flip Turn|p1a: Toxapex
|-resisted|p1a: Toxapex
|-damage|p1a: Toxapex|96/100
|
|t:|1779815211
|-end|p2a: Walking Wake|Protosynthesis|[silent]
|switch|p2a: Corviknight|Corviknight, F|56/100|[from] Flip Turn
|move|p1a: Toxapex|Toxic|p2a: Corviknight
|-immune|p2a: Corviknight
|
|upkeep
|turn|11
|
|t:|1779815230
|switch|p1a: Vikavolt|Vikavolt, F|100/100
|-damage|p1a: Vikavolt|76/100|[from] Stealth Rock
|move|p2a: Corviknight|Brave Bird|p1a: Vikavolt
|-damage|p1a: Vikavolt|30/100
|-damage|p2a: Corviknight|45/100|[from] Recoil
|
|upkeep
|turn|12
|
|t:|1779815242
|switch|p1a: Iron Hands|Iron Hands|100/100
|-damage|p1a: Iron Hands|94/100|[from] Stealth Rock
|-enditem|p1a: Iron Hands|Booster Energy
|-activate|p1a: Iron Hands|ability: Quark Drive|[fromitem]
|-start|p1a: Iron Hands|quarkdriveatk
|move|p2a: Corviknight|Roost|p2a: Corviknight
|-heal|p2a: Corviknight|95/100
|-singleturn|p2a: Corviknight|move: Roost
|
|upkeep
|turn|13
|
|t:|1779815253
|move|p2a: Corviknight|U-turn|p1a: Iron Hands
|-resisted|p1a: Iron Hands
|-damage|p1a: Iron Hands|89/100
|
|t:|1779815259
|switch|p2a: Glimmora|Glimmora, M|56/100|[from] U-turn
|move|p1a: Iron Hands|Thunder Punch|p2a: Glimmora
|-damage|p2a: Glimmora|0 fnt
|-activate|p2a: Glimmora|ability: Toxic Debris
|-sidestart|p1: eusoubrasileirouuu|move: Toxic Spikes
|faint|p2a: Glimmora
|
|upkeep
|
|t:|1779815263
|switch|p2a: Great Tusk|Great Tusk|100/100
|-enditem|p2a: Great Tusk|Booster Energy
|-activate|p2a: Great Tusk|ability: Protosynthesis|[fromitem]
|-start|p2a: Great Tusk|protosynthesisatk
|turn|14
|
|t:|1779815276
|-terastallize|p1a: Iron Hands|Flying
|move|p2a: Great Tusk|Headlong Rush|p1a: Iron Hands
|-immune|p1a: Iron Hands
|move|p1a: Iron Hands|Ice Punch|p2a: Great Tusk
|-supereffective|p2a: Great Tusk
|-damage|p2a: Great Tusk|39/100
|
|upkeep
|turn|15
|
|t:|1779815287
|move|p2a: Great Tusk|Knock Off|p1a: Iron Hands
|-damage|p1a: Iron Hands|69/100
|move|p1a: Iron Hands|Ice Punch|p2a: Great Tusk
|-supereffective|p2a: Great Tusk
|-damage|p2a: Great Tusk|0 fnt
|faint|p2a: Great Tusk
|-end|p2a: Great Tusk|Protosynthesis|[silent]
|
|upkeep
|
|t:|1779815294
|switch|p2a: Walking Wake|Walking Wake|74/100
|turn|16
|
|t:|1779815301
|move|p2a: Walking Wake|Draco Meteor|p1a: Iron Hands
|-damage|p1a: Iron Hands|13/100
|-unboost|p2a: Walking Wake|spa|2
|move|p1a: Iron Hands|Thunder Punch|p2a: Walking Wake
|-damage|p2a: Walking Wake|13/100
|
|upkeep
|turn|17
|
|t:|1779815310
|move|p2a: Walking Wake|Hydro Steam|p1a: Iron Hands
|-damage|p1a: Iron Hands|0 fnt
|faint|p1a: Iron Hands
|-end|p1a: Iron Hands|Quark Drive|[silent]
|
|upkeep
|
|t:|1779815326
|switch|p1a: Iron Moth|Iron Moth|100/100
|-damage|p1a: Iron Moth|76/100|[from] Stealth Rock
|-sideend|p1: eusoubrasileirouuu|move: Toxic Spikes|[of] p1a: Iron Moth
|-enditem|p1a: Iron Moth|Booster Energy
|-activate|p1a: Iron Moth|ability: Quark Drive|[fromitem]
|-start|p1a: Iron Moth|quarkdrivespe
|turn|18
|
|t:|1779815336
|move|p1a: Iron Moth|Dazzling Gleam|p2a: Walking Wake
|-supereffective|p2a: Walking Wake
|-damage|p2a: Walking Wake|0 fnt
|faint|p2a: Walking Wake
|-end|p2a: Walking Wake|Protosynthesis|[silent]
|
|upkeep
|
|t:|1779815340
|switch|p2a: Meowscarada|Meowscarada, M|100/100
|turn|19
|
|t:|1779815345
|move|p1a: Iron Moth|Fiery Dance|p2a: Meowscarada
|-supereffective|p2a: Meowscarada
|-damage|p2a: Meowscarada|0 fnt
|-boost|p1a: Iron Moth|spa|1
|faint|p2a: Meowscarada
|
|upkeep
|
|t:|1779815349
|switch|p2a: Cresselia|Cresselia, F|88/100 tox
|turn|20
|
|t:|1779815371
|-end|p1a: Iron Moth|Quark Drive|[silent]
|switch|p1a: Vikavolt|Vikavolt, F|30/100
|-damage|p1a: Vikavolt|5/100|[from] Stealth Rock
|move|p2a: Cresselia|Psyshock|p1a: Vikavolt
|-damage|p1a: Vikavolt|0 fnt
|faint|p1a: Vikavolt
|
|-heal|p2a: Cresselia|94/100 tox|[from] item: Leftovers
|-damage|p2a: Cresselia|88/100 tox|[from] psn
|upkeep
|
|t:|1779815415
|switch|p1a: Iron Moth|Iron Moth|76/100
|-damage|p1a: Iron Moth|51/100|[from] Stealth Rock
|turn|21
|
|t:|1779815424
|move|p1a: Iron Moth|Fiery Dance|p2a: Cresselia
|-damage|p2a: Cresselia|68/100 tox
|-boost|p1a: Iron Moth|spa|1
|move|p2a: Cresselia|Psyshock|p1a: Iron Moth
|-supereffective|p1a: Iron Moth
|-damage|p1a: Iron Moth|0 fnt
|faint|p1a: Iron Moth
|-end|p1a: Iron Moth|Quark Drive|[silent]
|
|-heal|p2a: Cresselia|74/100 tox|[from] item: Leftovers
|-damage|p2a: Cresselia|62/100 tox|[from] psn
|upkeep
|
|t:|1779815435
|switch|p1a: Toxapex|Toxapex, M|100/100
|turn|22
|
|t:|1779815441
|move|p2a: Cresselia|Psyshock|p1a: Toxapex
|-supereffective|p1a: Toxapex
|-damage|p1a: Toxapex|73/100
|move|p1a: Toxapex|Surf|p2a: Cresselia
|-damage|p2a: Cresselia|53/100 tox
|
|-heal|p2a: Cresselia|59/100 tox|[from] item: Leftovers
|-damage|p2a: Cresselia|41/100 tox|[from] psn
|upkeep
|turn|23
|
|t:|1779815450
|move|p2a: Cresselia|Psyshock|p1a: Toxapex
|-supereffective|p1a: Toxapex
|-damage|p1a: Toxapex|42/100
|move|p1a: Toxapex|Recover|p1a: Toxapex
|-heal|p1a: Toxapex|93/100
|
|-heal|p2a: Cresselia|47/100 tox|[from] item: Leftovers
|-damage|p2a: Cresselia|23/100 tox|[from] psn
|upkeep
|turn|24
|
|t:|1779815470
|move|p2a: Cresselia|Moonlight|p2a: Cresselia
|-heal|p2a: Cresselia|73/100 tox
|move|p1a: Toxapex|Surf|p2a: Cresselia
|-damage|p2a: Cresselia|64/100 tox
|
|-heal|p2a: Cresselia|70/100 tox|[from] item: Leftovers
|-damage|p2a: Cresselia|39/100 tox|[from] psn
|upkeep
|turn|25
|
|t:|1779815479
|move|p2a: Cresselia|Psyshock|p1a: Toxapex
|-supereffective|p1a: Toxapex
|-damage|p1a: Toxapex|66/100
|move|p1a: Toxapex|Surf|p2a: Cresselia
|-damage|p2a: Cresselia|30/100 tox
|
|-heal|p2a: Cresselia|36/100 tox|[from] item: Leftovers
|-damage|p2a: Cresselia|0 fnt|[from] psn
|faint|p2a: Cresselia
|upkeep
|
|t:|1779815482
|switch|p2a: Corviknight|Corviknight, F|95/100
|turn|26
|
|t:|1779815491
|move|p2a: Corviknight|Brave Bird|p1a: Toxapex
|-damage|p1a: Toxapex|41/100
|-damage|p2a: Corviknight|89/100|[from] Recoil
|move|p1a: Toxapex|Recover|p1a: Toxapex
|-heal|p1a: Toxapex|92/100
|
|upkeep
|turn|27
|
|t:|1779815502
|move|p2a: Corviknight|Brave Bird|p1a: Toxapex
|-damage|p1a: Toxapex|66/100
|-damage|p2a: Corviknight|82/100|[from] Recoil
|move|p1a: Toxapex|Surf|p2a: Corviknight
|-damage|p2a: Corviknight|62/100
|
|upkeep
|turn|28
|
|t:|1779815509
|move|p2a: Corviknight|Brave Bird|p1a: Toxapex
|-damage|p1a: Toxapex|40/100
|-damage|p2a: Corviknight|56/100|[from] Recoil
|move|p1a: Toxapex|Recover|p1a: Toxapex
|-heal|p1a: Toxapex|91/100
|
|upkeep
|turn|29
|
|t:|1779815516
|move|p2a: Corviknight|Roost|p2a: Corviknight
|-heal|p2a: Corviknight|100/100
|-singleturn|p2a: Corviknight|move: Roost
|move|p1a: Toxapex|Surf|p2a: Corviknight
|-damage|p2a: Corviknight|81/100
|
|upkeep
|turn|30
|
|t:|1779815527
|move|p2a: Corviknight|Brave Bird|p1a: Toxapex
|-damage|p1a: Toxapex|67/100
|-damage|p2a: Corviknight|75/100|[from] Recoil
|move|p1a: Toxapex|Surf|p2a: Corviknight
|-damage|p2a: Corviknight|55/100
|
|upkeep
|turn|31
|
|t:|1779815541
|move|p2a: Corviknight|Brave Bird|p1a: Toxapex
|-damage|p1a: Toxapex|43/100
|-damage|p2a: Corviknight|49/100|[from] Recoil
|move|p1a: Toxapex|Surf|p2a: Corviknight
|-damage|p2a: Corviknight|30/100
|
|upkeep
|turn|32
|
|t:|1779815549
|move|p2a: Corviknight|Roost|p2a: Corviknight
|-heal|p2a: Corviknight|80/100
|-singleturn|p2a: Corviknight|move: Roost
|move|p1a: Toxapex|Recover|p1a: Toxapex
|-heal|p1a: Toxapex|94/100
|
|upkeep
|turn|33
|
|t:|1779815561
|move|p2a: Corviknight|Brave Bird|p1a: Toxapex
|-damage|p1a: Toxapex|68/100
|-damage|p2a: Corviknight|73/100|[from] Recoil
|move|p1a: Toxapex|Surf|p2a: Corviknight
|-damage|p2a: Corviknight|54/100
|
|upkeep
|turn|34
|
|t:|1779815568
|move|p2a: Corviknight|Brave Bird|p1a: Toxapex
|-damage|p1a: Toxapex|44/100
|-damage|p2a: Corviknight|48/100|[from] Recoil
|move|p1a: Toxapex|Surf|p2a: Corviknight
|-damage|p2a: Corviknight|30/100
|
|upkeep
|turn|35
|
|t:|1779815577
|move|p2a: Corviknight|Roost|p2a: Corviknight
|-heal|p2a: Corviknight|80/100
|-singleturn|p2a: Corviknight|move: Roost
|move|p1a: Toxapex|Surf|p2a: Corviknight
|-damage|p2a: Corviknight|61/100
|
|upkeep
|turn|36
|
|t:|1779815584
|move|p2a: Corviknight|Brave Bird|p1a: Toxapex
|-damage|p1a: Toxapex|18/100
|-damage|p2a: Corviknight|54/100|[from] Recoil
|move|p1a: Toxapex|Recover|p1a: Toxapex
|-heal|p1a: Toxapex|68/100
|
|upkeep
|turn|37
|
|t:|1779815591
|move|p2a: Corviknight|Brave Bird|p1a: Toxapex
|-damage|p1a: Toxapex|43/100
|-damage|p2a: Corviknight|48/100|[from] Recoil
|move|p1a: Toxapex|Surf|p2a: Corviknight
|-damage|p2a: Corviknight|30/100
|
|upkeep
|turn|38
|
|t:|1779815598
|move|p2a: Corviknight|Roost|p2a: Corviknight
|-heal|p2a: Corviknight|80/100
|-singleturn|p2a: Corviknight|move: Roost
|move|p1a: Toxapex|Surf|p2a: Corviknight
|-damage|p2a: Corviknight|61/100
|
|upkeep
|turn|39
|
|t:|1779815608
|move|p2a: Corviknight|Brave Bird|p1a: Toxapex
|-damage|p1a: Toxapex|20/100
|-damage|p2a: Corviknight|55/100|[from] Recoil
|move|p1a: Toxapex|Recover|p1a: Toxapex
|-heal|p1a: Toxapex|70/100
|
|upkeep
|turn|40
|
|t:|1779815615
|move|p2a: Corviknight|Brave Bird|p1a: Toxapex
|-damage|p1a: Toxapex|45/100
|-damage|p2a: Corviknight|49/100|[from] Recoil
|move|p1a: Toxapex|Surf|p2a: Corviknight
|-damage|p2a: Corviknight|30/100
|
|upkeep
|turn|41
|
|t:|1779815624
|move|p2a: Corviknight|Roost|p2a: Corviknight
|-heal|p2a: Corviknight|80/100
|-singleturn|p2a: Corviknight|move: Roost
|move|p1a: Toxapex|Surf|p2a: Corviknight
|-damage|p2a: Corviknight|60/100
|
|upkeep
|turn|42
|
|t:|1779815642
|move|p2a: Corviknight|Brave Bird|p1a: Toxapex
|-crit|p1a: Toxapex
|-damage|p1a: Toxapex|8/100
|-damage|p2a: Corviknight|51/100|[from] Recoil
|move|p1a: Toxapex|Recover|p1a: Toxapex
|-heal|p1a: Toxapex|58/100
|
|upkeep
|turn|43
|
|t:|1779815650
|move|p2a: Corviknight|Brave Bird|p1a: Toxapex
|-damage|p1a: Toxapex|36/100
|-damage|p2a: Corviknight|45/100|[from] Recoil
|move|p1a: Toxapex|Surf|p2a: Corviknight
|-damage|p2a: Corviknight|26/100
|
|upkeep
|turn|44
|
|t:|1779815659
|move|p2a: Corviknight|Roost|p2a: Corviknight
|-heal|p2a: Corviknight|76/100
|-singleturn|p2a: Corviknight|move: Roost
|move|p1a: Toxapex|Surf|p2a: Corviknight
|-damage|p2a: Corviknight|58/100
|
|upkeep
|turn|45
|
|t:|1779815665
|move|p2a: Corviknight|Brave Bird|p1a: Toxapex
|-damage|p1a: Toxapex|14/100
|-damage|p2a: Corviknight|53/100|[from] Recoil
|move|p1a: Toxapex|Surf|p2a: Corviknight
|-damage|p2a: Corviknight|33/100
|
|upkeep
|turn|46
|
|t:|1779815672
|move|p2a: Corviknight|Brave Bird|p1a: Toxapex
|-damage|p1a: Toxapex|0 fnt
|faint|p1a: Toxapex
|-damage|p2a: Corviknight|29/100|[from] Recoil
|
|win|gabigolx
|raw|eusoubrasileirouuu's rating: 1152 &rarr; <strong>1130</strong><br />(-22 for losing)
|raw|gabigolx's rating: 1198 &rarr; <strong>1220</strong><br />(+22 for winning)
|l|☆eusoubrasileirouuu
|player|p1|
|l|☆gabigolx
|player|p2|
