|j|☆Taco Steve
|j|☆JGLoryOG
|t:|1779911940
|gametype|singles
|player|p1|Taco Steve|janitor|1294
|player|p2|JGLoryOG|102|1245
|gen|9
|tier|[Gen 9] OU
|rated|
|rule|HP Percentage Mod: HP is shown in percentages
|rule|Endless Battle Clause: Forcing endless battles is banned
|rule|Species Clause: Limit one of each Pokémon
|rule|OHKO Clause: OHKO moves are banned
|rule|Evasion Items Clause: Evasion items are banned
|rule|Evasion Moves Clause: Evasion moves are banned
|rule|Evasion Abilities Clause: Evasion abilities are banned
|rule|Sleep Moves Clause: Sleep-inducing moves are banned
|clearpoke
|poke|p1|Slowking-Galar, M|
|poke|p1|Dondozo, F|
|poke|p1|Raging Bolt|
|poke|p1|Great Tusk|
|poke|p1|Gholdengo|
|poke|p1|Blissey, F|
|poke|p2|Cinderace, M|
|poke|p2|Garganacl, M|
|poke|p2|Primarina, F|
|poke|p2|Gliscor, M|
|poke|p2|Espeon, M|
|poke|p2|Serperior, F|
|teampreview
|
|t:|1779911967
|teamsize|p1|6
|teamsize|p2|6
|start
|switch|p1a: Slowking|Slowking-Galar, M|100/100
|switch|p2a: Jae|Espeon, M|100/100
|turn|1
|j| pokemaster3592
|
|t:|1779911989
|move|p2a: Jae|Calm Mind|p2a: Jae
|-boost|p2a: Jae|spa|1
|-boost|p2a: Jae|spd|1
|-prepare|p1a: Slowking|Chilly Reception|[premajor]
|move|p1a: Slowking|Chilly Reception|p1a: Slowking
|-weather|Snowscape
|
|t:|1779911992
|switch|p1a: Blissey|Blissey, F|100/100|[from] Chilly Reception
|
|-weather|Snowscape|[upkeep]
|upkeep
|turn|2
|
|t:|1779912001
|move|p2a: Jae|Psyshock|p1a: Blissey
|-damage|p1a: Blissey|40/100
|move|p1a: Blissey|Seismic Toss|p2a: Jae
|-damage|p2a: Jae|64/100
|
|-weather|Snowscape|[upkeep]
|upkeep
|turn|3
|
|t:|1779912022
|switch|p1a: Slowking|Slowking-Galar, M|100/100
|move|p2a: Jae|Psyshock|p1a: Slowking
|-damage|p1a: Slowking|39/100
|
|-weather|Snowscape|[upkeep]
|upkeep
|turn|4
|
|t:|1779912036
|switch|p1a: Donbozo|Dondozo, F|100/100
|move|p2a: Jae|Psychic|p1a: Donbozo
|-damage|p1a: Donbozo|57/100
|
|-weather|Snowscape|[upkeep]
|-heal|p1a: Donbozo|64/100|[from] item: Leftovers
|upkeep
|turn|5
|
|t:|1779912045
|move|p2a: Jae|Psychic|p1a: Donbozo
|-damage|p1a: Donbozo|15/100
|move|p1a: Donbozo|Waterfall|p2a: Jae
|-damage|p2a: Jae|12/100
|
|-weather|none
|-heal|p1a: Donbozo|21/100|[from] item: Leftovers
|upkeep
|turn|6
|
|t:|1779912054
|move|p2a: Jae|Psychic|p1a: Donbozo
|-damage|p1a: Donbozo|0 fnt
|faint|p1a: Donbozo
|
|upkeep
|
|t:|1779912057
|switch|p1a: Raging Bolt|Raging Bolt|100/100
|turn|7
|
|t:|1779912064
|move|p2a: Jae|Dazzling Gleam|p1a: Raging Bolt
|-supereffective|p1a: Raging Bolt
|-damage|p1a: Raging Bolt|17/100
|move|p1a: Raging Bolt|Thunderbolt|p2a: Jae
|-damage|p2a: Jae|0 fnt
|faint|p2a: Jae
|
|upkeep
|
|t:|1779912074
|switch|p2a: Rosé|Serperior, F|100/100
|turn|8
|
|t:|1779912081
|-end|p1a: Raging Bolt|Protosynthesis|[silent]
|switch|p1a: Blissey|Blissey, F|40/100
|move|p2a: Rosé|Leaf Storm|p1a: Blissey|[miss]
|-miss|p2a: Rosé|p1a: Blissey
|
|upkeep
|turn|9
|
|t:|1779912088
|move|p2a: Rosé|Leaf Storm|p1a: Blissey|[miss]
|-miss|p2a: Rosé|p1a: Blissey
|move|p1a: Blissey|Thunder Wave|p2a: Rosé
|-status|p2a: Rosé|par
|
|upkeep
|turn|10
|
|t:|1779912096
|move|p2a: Rosé|Leaf Storm|p1a: Blissey
|-damage|p1a: Blissey|23/100
|-boost|p2a: Rosé|spa|2
|move|p1a: Blissey|Soft-Boiled|p1a: Blissey
|-heal|p1a: Blissey|73/100
|
|upkeep
|turn|11
|
|t:|1779912114
|switch|p2a: Mikido|Gliscor, M, shiny|100/100
|move|p1a: Blissey|Seismic Toss|p2a: Mikido
|-damage|p2a: Mikido|72/100
|
|-status|p2a: Mikido|tox|[from] item: Toxic Orb
|upkeep
|turn|12
|
|t:|1779912123
|switch|p1a: Gholdengo|Gholdengo|100/100
|-item|p1a: Gholdengo|Air Balloon
|move|p2a: Mikido|Toxic|p1a: Gholdengo
|-immune|p1a: Gholdengo|[from] ability: Good as Gold
|
|-heal|p2a: Mikido|85/100 tox|[from] ability: Poison Heal
|upkeep
|turn|13
|
|t:|1779912132
|move|p2a: Mikido|Protect|p2a: Mikido
|-singleturn|p2a: Mikido|Protect
|move|p1a: Gholdengo|Hex|p2a: Mikido
|-activate|p2a: Mikido|move: Protect
|
|-heal|p2a: Mikido|97/100 tox|[from] ability: Poison Heal
|upkeep
|turn|14
|
|t:|1779912149
|switch|p2a: Rosé|Serperior, F|100/100 par
|switch|p1a: Raging Bolt|Raging Bolt|17/100
|
|upkeep
|turn|15
|
|t:|1779912158
|move|p1a: Raging Bolt|Volt Switch|p2a: Rosé
|-resisted|p2a: Rosé
|-damage|p2a: Rosé|75/100 par
|
|t:|1779912162
|-end|p1a: Raging Bolt|Protosynthesis|[silent]
|switch|p1a: Blissey|Blissey, F|73/100|[from] Volt Switch
|move|p2a: Rosé|Leaf Storm|p1a: Blissey
|-damage|p1a: Blissey|58/100
|-boost|p2a: Rosé|spa|2
|
|upkeep
|turn|16
|
|t:|1779912172
|switch|p2a: Megumi|Garganacl, M|100/100
|move|p1a: Blissey|Seismic Toss|p2a: Megumi
|-damage|p2a: Megumi|76/100
|
|-heal|p2a: Megumi|82/100|[from] item: Leftovers
|upkeep
|turn|17
|
|t:|1779912183
|switch|p1a: Raging Bolt|Raging Bolt|17/100
|move|p2a: Megumi|Salt Cure|p1a: Raging Bolt
|-crit|p1a: Raging Bolt
|-damage|p1a: Raging Bolt|0 fnt
|faint|p1a: Raging Bolt
|-end|p1a: Raging Bolt|Protosynthesis|[silent]
|
|-heal|p2a: Megumi|88/100|[from] item: Leftovers
|upkeep
|inactive|Battle timer is ON: inactive players will automatically lose when time's up. (requested by JGLoryOG)
|
|t:|1779912215
|switch|p1a: Blissey|Blissey, F|58/100
|turn|18
|
|t:|1779912221
|move|p1a: Blissey|Seismic Toss|p2a: Megumi
|-damage|p2a: Megumi|63/100
|move|p2a: Megumi|Salt Cure|p1a: Blissey
|-damage|p1a: Blissey|43/100
|-start|p1a: Blissey|Salt Cure
|
|-heal|p2a: Megumi|70/100|[from] item: Leftovers
|-damage|p1a: Blissey|30/100|[from] Salt Cure
|upkeep
|turn|19
|
|t:|1779912232
|move|p1a: Blissey|Soft-Boiled|p1a: Blissey
|-heal|p1a: Blissey|80/100
|move|p2a: Megumi|Recover|p2a: Megumi
|-heal|p2a: Megumi|100/100
|
|-damage|p1a: Blissey|68/100|[from] Salt Cure
|upkeep
|turn|20
|
|t:|1779912248
|switch|p1a: Slowking|Slowking-Galar, M|73/100
|switch|p2a: Rosé|Serperior, F|75/100 par
|
|upkeep
|turn|21
|
|t:|1779912255
|cant|p2a: Rosé|par
|move|p1a: Slowking|Future Sight|p2a: Rosé
|-start|p1a: Slowking|move: Future Sight
|
|upkeep
|turn|22
|
|t:|1779912260
|move|p2a: Rosé|Leech Seed|p1a: Slowking
|-start|p1a: Slowking|move: Leech Seed
|move|p1a: Slowking|Sludge Bomb|p2a: Rosé
|-supereffective|p2a: Rosé
|-damage|p2a: Rosé|0 fnt
|faint|p2a: Rosé
|
|upkeep
|
|t:|1779912281
|switch|p2a: Mikido|Gliscor, M, shiny|97/100 tox
|turn|23
|
|t:|1779912287
|move|p2a: Mikido|Protect|p2a: Mikido
|-singleturn|p2a: Mikido|Protect
|-prepare|p1a: Slowking|Chilly Reception|[premajor]
|move|p1a: Slowking|Chilly Reception|p1a: Slowking
|-weather|Snowscape
|
|t:|1779912292
|switch|p1a: Great Tusk|Great Tusk|100/100|[from] Chilly Reception
|
|-weather|Snowscape|[upkeep]
|-end|p2a: Mikido|move: Future Sight
|-damage|p2a: Mikido|46/100 tox
|-heal|p2a: Mikido|59/100 tox|[from] ability: Poison Heal
|upkeep
|turn|24
|
|t:|1779912305
|switch|p2a: Leon|Cinderace, M, shiny|100/100
|move|p1a: Great Tusk|Ice Spinner|p2a: Leon
|-resisted|p2a: Leon
|-damage|p2a: Leon|80/100
|
|-weather|Snowscape|[upkeep]
|upkeep
|turn|25
|
|t:|1779912314
|move|p2a: Leon|Pyro Ball|p1a: Great Tusk
|-damage|p1a: Great Tusk|58/100
|move|p1a: Great Tusk|Headlong Rush|p2a: Leon
|-supereffective|p2a: Leon
|-damage|p2a: Leon|0 fnt
|-unboost|p1a: Great Tusk|def|1
|-unboost|p1a: Great Tusk|spd|1
|faint|p2a: Leon
|
|-weather|Snowscape|[upkeep]
|upkeep
|
|t:|1779912327
|switch|p2a: Melody|Primarina, F, shiny|100/100
|turn|26
|
|t:|1779912331
|-end|p1a: Great Tusk|Protosynthesis|[silent]
|switch|p1a: Blissey|Blissey, F|68/100
|move|p2a: Melody|Sparkling Aria|p1a: Blissey
|-damage|p1a: Blissey|52/100
|
|-weather|Snowscape|[upkeep]
|upkeep
|turn|27
|
|t:|1779912340
|switch|p2a: Megumi|Garganacl, M|100/100
|move|p1a: Blissey|Soft-Boiled|p1a: Blissey
|-heal|p1a: Blissey|100/100
|
|-weather|none
|upkeep
|turn|28
|
|t:|1779912349
|move|p1a: Blissey|Seismic Toss|p2a: Megumi
|-damage|p2a: Megumi|76/100
|move|p2a: Megumi|Salt Cure|p1a: Blissey
|-damage|p1a: Blissey|87/100
|-start|p1a: Blissey|Salt Cure
|
|-heal|p2a: Megumi|82/100|[from] item: Leftovers
|-damage|p1a: Blissey|74/100|[from] Salt Cure
|upkeep
|turn|29
|
|t:|1779912360
|switch|p1a: Slowking|Slowking-Galar, M|100/100
|switch|p2a: Mikido|Gliscor, M, shiny|59/100 tox
|
|-heal|p2a: Mikido|71/100 tox|[from] ability: Poison Heal
|upkeep
|turn|30
|
|t:|1779912370
|move|p2a: Mikido|Earthquake|p1a: Slowking
|-supereffective|p1a: Slowking
|-damage|p1a: Slowking|26/100
|move|p1a: Slowking|Future Sight|p2a: Mikido
|-start|p1a: Slowking|move: Future Sight
|
|-heal|p2a: Mikido|84/100 tox|[from] ability: Poison Heal
|upkeep
|turn|31
|
|t:|1779912387
|switch|p1a: Gholdengo|Gholdengo|100/100
|-item|p1a: Gholdengo|Air Balloon
|move|p2a: Mikido|U-turn|p1a: Gholdengo
|-resisted|p1a: Gholdengo
|-damage|p1a: Gholdengo|98/100
|-enditem|p1a: Gholdengo|Air Balloon
|
|t:|1779912397
|switch|p2a: Melody|Primarina, F, shiny|100/100|[from] U-turn
|
|upkeep
|turn|32
|
|t:|1779912407
|move|p1a: Gholdengo|Thunder Wave|p2a: Melody
|-status|p2a: Melody|par
|cant|p2a: Melody|par
|
|-end|p2a: Melody|move: Future Sight
|-damage|p2a: Melody|77/100 par
|upkeep
|turn|33
|
|t:|1779912416
|switch|p1a: Blissey|Blissey, F|74/100
|move|p2a: Melody|Sparkling Aria|p1a: Blissey
|-damage|p1a: Blissey|58/100
|
|upkeep
|turn|34
|
|t:|1779912424
|switch|p2a: Mikido|Gliscor, M, shiny|84/100 tox
|move|p1a: Blissey|Soft-Boiled|p1a: Blissey
|-heal|p1a: Blissey|100/100
|
|-heal|p2a: Mikido|96/100 tox|[from] ability: Poison Heal
|upkeep
|turn|35
|
|t:|1779912442
|move|p2a: Mikido|Toxic|p1a: Blissey
|-status|p1a: Blissey|tox
|move|p1a: Blissey|Stealth Rock|p2a: Mikido
|-sidestart|p2: JGLoryOG|move: Stealth Rock
|
|-heal|p2a: Mikido|100/100 tox|[from] ability: Poison Heal
|-damage|p1a: Blissey|94/100 tox|[from] psn
|upkeep
|turn|36
|
|t:|1779912452
|-curestatus|p1a: Blissey|tox|[from] ability: Natural Cure|[silent]
|switch|p1a: Great Tusk|Great Tusk|58/100
|move|p2a: Mikido|Earthquake|p1a: Great Tusk
|-crit|p1a: Great Tusk
|-damage|p1a: Great Tusk|20/100
|
|upkeep
|turn|37
|
|t:|1779912467
|move|p1a: Great Tusk|Ice Spinner|p2a: Mikido
|-supereffective|p2a: Mikido
|-damage|p2a: Mikido|32/100 tox
|move|p2a: Mikido|Earthquake|p1a: Great Tusk
|-damage|p1a: Great Tusk|0 fnt
|faint|p1a: Great Tusk
|-end|p1a: Great Tusk|Protosynthesis|[silent]
|
|-heal|p2a: Mikido|44/100 tox|[from] ability: Poison Heal
|upkeep
|
|t:|1779912475
|switch|p1a: Gholdengo|Gholdengo|98/100
|turn|38
|
|t:|1779912483
|-terastallize|p1a: Gholdengo|Fairy
|move|p2a: Mikido|Protect|p2a: Mikido
|-singleturn|p2a: Mikido|Protect
|move|p1a: Gholdengo|Hex|p2a: Mikido
|-activate|p2a: Mikido|move: Protect
|
|-heal|p2a: Mikido|56/100 tox|[from] ability: Poison Heal
|upkeep
|turn|39
|
|t:|1779912501
|switch|p2a: Melody|Primarina, F, shiny|77/100 par
|-damage|p2a: Melody|65/100 par|[from] Stealth Rock
|move|p1a: Gholdengo|Hex|p2a: Melody
|-damage|p2a: Melody|32/100 par
|
|upkeep
|turn|40
|
|t:|1779912512
|move|p1a: Gholdengo|Hex|p2a: Melody
|-damage|p2a: Melody|0 fnt
|faint|p2a: Melody
|
|upkeep
|
|t:|1779912526
|switch|p2a: Megumi|Garganacl, M|82/100
|-damage|p2a: Megumi|70/100|[from] Stealth Rock
|turn|41
|
|t:|1779912544
|move|p2a: Megumi|Protect|p2a: Megumi
|-singleturn|p2a: Megumi|Protect
|move|p1a: Gholdengo|Make It Rain|p2a: Megumi
|-activate|p2a: Megumi|move: Protect
|
|-heal|p2a: Megumi|76/100|[from] item: Leftovers
|upkeep
|turn|42
|
|t:|1779912559
|switch|p1a: Slowking|Slowking-Galar, M|59/100
|-terastallize|p2a: Megumi|Ghost
|move|p2a: Megumi|Salt Cure|p1a: Slowking
|-damage|p1a: Slowking|46/100
|-start|p1a: Slowking|Salt Cure
|
|-heal|p2a: Megumi|82/100|[from] item: Leftovers
|-damage|p1a: Slowking|33/100|[from] Salt Cure
|upkeep
|turn|43
|
|t:|1779912582
|move|p2a: Megumi|Recover|p2a: Megumi
|-heal|p2a: Megumi|100/100
|move|p1a: Slowking|Future Sight|p2a: Megumi
|-start|p1a: Slowking|move: Future Sight
|
|-damage|p1a: Slowking|21/100|[from] Salt Cure
|upkeep
|turn|44
|
|t:|1779912591
|switch|p1a: Blissey|Blissey, F|94/100
|move|p2a: Megumi|Substitute|p2a: Megumi
|-start|p2a: Megumi|Substitute
|-damage|p2a: Megumi|75/100
|
|-heal|p2a: Megumi|82/100|[from] item: Leftovers
|upkeep
|turn|45
|
|t:|1779912605
|switch|p1a: Slowking|Slowking-Galar, M|54/100
|move|p2a: Megumi|Salt Cure|p1a: Slowking
|-damage|p1a: Slowking|41/100
|-start|p1a: Slowking|Salt Cure
|
|-end|p2a: Megumi|move: Future Sight
|-end|p2a: Megumi|Substitute
|-heal|p2a: Megumi|88/100|[from] item: Leftovers
|-damage|p1a: Slowking|28/100|[from] Salt Cure
|upkeep
|turn|46
|
|t:|1779912617
|switch|p1a: Gholdengo|Gholdengo, tera:Fairy|98/100
|move|p2a: Megumi|Substitute|p2a: Megumi
|-start|p2a: Megumi|Substitute
|-damage|p2a: Megumi|63/100
|
|-heal|p2a: Megumi|69/100|[from] item: Leftovers
|upkeep
|turn|47
|
|t:|1779912626
|move|p1a: Gholdengo|Hex|p2a: Megumi
|-supereffective|p2a: Megumi
|-end|p2a: Megumi|Substitute
|move|p2a: Megumi|Salt Cure|p1a: Gholdengo
|-damage|p1a: Gholdengo|87/100
|-start|p1a: Gholdengo|Salt Cure
|
|-heal|p2a: Megumi|75/100|[from] item: Leftovers
|-damage|p1a: Gholdengo|75/100|[from] Salt Cure
|upkeep
|turn|48
|
|t:|1779912637
|switch|p1a: Slowking|Slowking-Galar, M|61/100
|move|p2a: Megumi|Protect||[still]
|-fail|p2a: Megumi
|
|-heal|p2a: Megumi|81/100|[from] item: Leftovers
|upkeep
|turn|49
|
|t:|1779912654
|move|p2a: Megumi|Salt Cure|p1a: Slowking
|-damage|p1a: Slowking|46/100
|-start|p1a: Slowking|Salt Cure
|move|p1a: Slowking|Future Sight|p2a: Megumi
|-start|p1a: Slowking|move: Future Sight
|
|-heal|p2a: Megumi|88/100|[from] item: Leftovers
|-damage|p1a: Slowking|33/100|[from] Salt Cure
|upkeep
|turn|50
|
|t:|1779912668
|move|p2a: Megumi|Substitute|p2a: Megumi
|-start|p2a: Megumi|Substitute
|-damage|p2a: Megumi|63/100
|-prepare|p1a: Slowking|Chilly Reception|[premajor]
|move|p1a: Slowking|Chilly Reception|p1a: Slowking
|-weather|Snowscape
|
|t:|1779912672
|switch|p1a: Gholdengo|Gholdengo, tera:Fairy|75/100|[from] Chilly Reception
|
|-weather|Snowscape|[upkeep]
|-heal|p2a: Megumi|69/100|[from] item: Leftovers
|upkeep
|turn|51
|
|t:|1779912680
|move|p1a: Gholdengo|Hex|p2a: Megumi
|-supereffective|p2a: Megumi
|-end|p2a: Megumi|Substitute
|move|p2a: Megumi|Salt Cure|p1a: Gholdengo
|-damage|p1a: Gholdengo|64/100
|-start|p1a: Gholdengo|Salt Cure
|
|-weather|Snowscape|[upkeep]
|-end|p2a: Megumi|move: Future Sight
|-damage|p2a: Megumi|31/100
|-heal|p2a: Megumi|37/100|[from] item: Leftovers
|-damage|p1a: Gholdengo|51/100|[from] Salt Cure
|upkeep
|turn|52
|
|t:|1779912694
|move|p1a: Gholdengo|Recover|p1a: Gholdengo
|-heal|p1a: Gholdengo|100/100
|move|p2a: Megumi|Recover|p2a: Megumi
|-heal|p2a: Megumi|87/100
|
|-weather|Snowscape|[upkeep]
|-heal|p2a: Megumi|93/100|[from] item: Leftovers
|-damage|p1a: Gholdengo|88/100|[from] Salt Cure
|upkeep
|turn|53
|
|t:|1779912713
|switch|p1a: Slowking|Slowking-Galar, M|67/100
|move|p2a: Megumi|Protect||[still]
|-fail|p2a: Megumi
|
|-weather|Snowscape|[upkeep]
|-heal|p2a: Megumi|99/100|[from] item: Leftovers
|upkeep
|turn|54
|
|t:|1779912720
|move|p2a: Megumi|Salt Cure|p1a: Slowking
|-damage|p1a: Slowking|52/100
|-start|p1a: Slowking|Salt Cure
|move|p1a: Slowking|Future Sight|p2a: Megumi
|-start|p1a: Slowking|move: Future Sight
|
|-weather|none
|-heal|p2a: Megumi|100/100|[from] item: Leftovers
|-damage|p1a: Slowking|40/100|[from] Salt Cure
|upkeep
|turn|55
|
|t:|1779912730
|move|p2a: Megumi|Substitute|p2a: Megumi
|-start|p2a: Megumi|Substitute
|-damage|p2a: Megumi|75/100
|-prepare|p1a: Slowking|Chilly Reception|[premajor]
|move|p1a: Slowking|Chilly Reception|p1a: Slowking
|-weather|Snowscape
|
|t:|1779912740
|switch|p1a: Gholdengo|Gholdengo, tera:Fairy|88/100|[from] Chilly Reception
|
|-weather|Snowscape|[upkeep]
|-heal|p2a: Megumi|82/100|[from] item: Leftovers
|upkeep
|turn|56
|
|t:|1779912749
|move|p2a: Megumi|Protect|p2a: Megumi
|-singleturn|p2a: Megumi|Protect
|move|p1a: Gholdengo|Hex|p2a: Megumi
|-activate|p2a: Megumi|move: Protect
|
|-weather|Snowscape|[upkeep]
|-end|p2a: Megumi|move: Future Sight
|-end|p2a: Megumi|Substitute
|-heal|p2a: Megumi|88/100|[from] item: Leftovers
|upkeep
|turn|57
|
|t:|1779912762
|move|p1a: Gholdengo|Make It Rain|p2a: Megumi
|-damage|p2a: Megumi|42/100
|-unboost|p1a: Gholdengo|spa|1
|move|p2a: Megumi|Salt Cure|p1a: Gholdengo
|-damage|p1a: Gholdengo|78/100
|-start|p1a: Gholdengo|Salt Cure
|
|-weather|Snowscape|[upkeep]
|-heal|p2a: Megumi|49/100|[from] item: Leftovers
|-damage|p1a: Gholdengo|65/100|[from] Salt Cure
|upkeep
|turn|58
|
|t:|1779912775
|move|p1a: Gholdengo|Recover|p1a: Gholdengo
|-heal|p1a: Gholdengo|100/100
|move|p2a: Megumi|Recover|p2a: Megumi
|-heal|p2a: Megumi|99/100
|
|-weather|Snowscape|[upkeep]
|-heal|p2a: Megumi|100/100|[from] item: Leftovers
|-damage|p1a: Gholdengo|88/100|[from] Salt Cure
|upkeep
|turn|59
|
|t:|1779912787
|switch|p1a: Blissey|Blissey, F|94/100
|move|p2a: Megumi|Substitute|p2a: Megumi
|-start|p2a: Megumi|Substitute
|-damage|p2a: Megumi|75/100
|
|-weather|none
|-heal|p2a: Megumi|82/100|[from] item: Leftovers
|upkeep
|turn|60
|
|t:|1779912797
|switch|p1a: Gholdengo|Gholdengo, tera:Fairy|88/100
|move|p2a: Megumi|Salt Cure|p1a: Gholdengo
|-damage|p1a: Gholdengo|78/100
|-start|p1a: Gholdengo|Salt Cure
|
|-heal|p2a: Megumi|88/100|[from] item: Leftovers
|-damage|p1a: Gholdengo|65/100|[from] Salt Cure
|upkeep
|turn|61
|
|t:|1779912815
|switch|p1a: Slowking|Slowking-Galar, M|73/100
|move|p2a: Megumi|Salt Cure|p1a: Slowking
|-damage|p1a: Slowking|60/100
|-start|p1a: Slowking|Salt Cure
|
|-heal|p2a: Megumi|94/100|[from] item: Leftovers
|-damage|p1a: Slowking|47/100|[from] Salt Cure
|upkeep
|turn|62
|
|t:|1779912828
|move|p2a: Megumi|Salt Cure|p1a: Slowking
|-damage|p1a: Slowking|32/100
|move|p1a: Slowking|Future Sight|p2a: Megumi
|-start|p1a: Slowking|move: Future Sight
|
|-heal|p2a: Megumi|99/100|[from] item: Leftovers
|-damage|p1a: Slowking|20/100|[from] Salt Cure
|upkeep
|turn|63
|
|t:|1779912838
|switch|p1a: Blissey|Blissey, F|94/100
|move|p2a: Megumi|Salt Cure|p1a: Blissey
|-damage|p1a: Blissey|81/100
|-start|p1a: Blissey|Salt Cure
|
|-heal|p2a: Megumi|100/100|[from] item: Leftovers
|-damage|p1a: Blissey|69/100|[from] Salt Cure
|upkeep
|turn|64
|
|t:|1779912849
|move|p2a: Megumi|Protect|p2a: Megumi
|-singleturn|p2a: Megumi|Protect
|move|p1a: Blissey|Soft-Boiled|p1a: Blissey
|-heal|p1a: Blissey|100/100
|
|-end|p2a: Megumi|move: Future Sight
|-end|p2a: Megumi|Substitute
|-damage|p1a: Blissey|88/100|[from] Salt Cure
|upkeep
|turn|65
|
|t:|1779912861
|switch|p1a: Slowking|Slowking-Galar, M|53/100
|switch|p2a: Mikido|Gliscor, M, shiny|56/100 tox
|-damage|p2a: Mikido|44/100 tox|[from] Stealth Rock
|
|-heal|p2a: Mikido|56/100 tox|[from] ability: Poison Heal
|upkeep
|turn|66
|
|t:|1779912871
|switch|p1a: Blissey|Blissey, F|88/100
|move|p2a: Mikido|Earthquake|p1a: Blissey
|-damage|p1a: Blissey|55/100
|
|-heal|p2a: Mikido|69/100 tox|[from] ability: Poison Heal
|upkeep
|turn|67
|
|t:|1779912881
|move|p2a: Mikido|Toxic|p1a: Blissey
|-status|p1a: Blissey|tox
|move|p1a: Blissey|Soft-Boiled|p1a: Blissey
|-heal|p1a: Blissey|100/100 tox
|
|-heal|p2a: Mikido|81/100 tox|[from] ability: Poison Heal
|-damage|p1a: Blissey|94/100 tox|[from] psn
|upkeep
|turn|68
|
|t:|1779912891
|move|p2a: Mikido|Earthquake|p1a: Blissey
|-damage|p1a: Blissey|60/100 tox
|move|p1a: Blissey|Seismic Toss|p2a: Mikido
|-damage|p2a: Mikido|53/100 tox
|
|-heal|p2a: Mikido|65/100 tox|[from] ability: Poison Heal
|-damage|p1a: Blissey|48/100 tox|[from] psn
|upkeep
|turn|69
|
|t:|1779912901
|-curestatus|p1a: Blissey|tox|[from] ability: Natural Cure|[silent]
|switch|p1a: Gholdengo|Gholdengo, tera:Fairy|65/100
|move|p2a: Mikido|Earthquake|p1a: Gholdengo
|-damage|p1a: Gholdengo|41/100
|
|-heal|p2a: Mikido|78/100 tox|[from] ability: Poison Heal
|upkeep
|turn|70
|
|t:|1779912912
|move|p2a: Mikido|Toxic|p1a: Gholdengo
|-immune|p1a: Gholdengo|[from] ability: Good as Gold
|move|p1a: Gholdengo|Recover|p1a: Gholdengo
|-heal|p1a: Gholdengo|91/100
|
|-heal|p2a: Mikido|90/100 tox|[from] ability: Poison Heal
|upkeep
|turn|71
|
|t:|1779912921
|move|p2a: Mikido|U-turn|p1a: Gholdengo
|-resisted|p1a: Gholdengo
|-damage|p1a: Gholdengo|86/100
|
|t:|1779912925
|switch|p2a: Megumi|Garganacl, M, tera:Ghost|100/100|[from] U-turn
|-damage|p2a: Megumi|88/100|[from] Stealth Rock
|move|p1a: Gholdengo|Hex|p2a: Megumi
|-supereffective|p2a: Megumi
|-damage|p2a: Megumi|59/100
|
|-heal|p2a: Megumi|66/100|[from] item: Leftovers
|upkeep
|turn|72
|
|t:|1779912936
|move|p2a: Megumi|Protect|p2a: Megumi
|-singleturn|p2a: Megumi|Protect
|move|p1a: Gholdengo|Make It Rain|p2a: Megumi
|-activate|p2a: Megumi|move: Protect
|
|-heal|p2a: Megumi|72/100|[from] item: Leftovers
|upkeep
|turn|73
|
|t:|1779912947
|move|p1a: Gholdengo|Hex|p2a: Megumi
|-supereffective|p2a: Megumi
|-damage|p2a: Megumi|42/100
|move|p2a: Megumi|Salt Cure|p1a: Gholdengo
|-damage|p1a: Gholdengo|77/100
|-start|p1a: Gholdengo|Salt Cure
|
|-heal|p2a: Megumi|48/100|[from] item: Leftovers
|-damage|p1a: Gholdengo|64/100|[from] Salt Cure
|upkeep
|turn|74
|
|t:|1779912958
|switch|p1a: Slowking|Slowking-Galar, M|86/100
|move|p2a: Megumi|Protect||[still]
|-fail|p2a: Megumi
|
|-heal|p2a: Megumi|54/100|[from] item: Leftovers
|upkeep
|turn|75
|
|t:|1779912969
|move|p2a: Megumi|Substitute|p2a: Megumi
|-start|p2a: Megumi|Substitute
|-damage|p2a: Megumi|29/100
|move|p1a: Slowking|Future Sight|p2a: Megumi
|-start|p1a: Slowking|move: Future Sight
|
|-heal|p2a: Megumi|36/100|[from] item: Leftovers
|upkeep
|turn|76
|
|t:|1779912977
|move|p2a: Megumi|Recover|p2a: Megumi
|-heal|p2a: Megumi|86/100
|-prepare|p1a: Slowking|Chilly Reception|[premajor]
|move|p1a: Slowking|Chilly Reception|p1a: Slowking
|-weather|Snowscape
|
|t:|1779912982
|switch|p1a: Blissey|Blissey, F|48/100|[from] Chilly Reception
|
|-weather|Snowscape|[upkeep]
|-heal|p2a: Megumi|92/100|[from] item: Leftovers
|upkeep
|turn|77
|
|t:|1779912990
|move|p1a: Blissey|Soft-Boiled|p1a: Blissey
|-heal|p1a: Blissey|98/100
|move|p2a: Megumi|Salt Cure|p1a: Blissey
|-damage|p1a: Blissey|85/100
|-start|p1a: Blissey|Salt Cure
|
|-weather|Snowscape|[upkeep]
|-end|p2a: Megumi|move: Future Sight
|-end|p2a: Megumi|Substitute
|-heal|p2a: Megumi|98/100|[from] item: Leftovers
|-damage|p1a: Blissey|72/100|[from] Salt Cure
|upkeep
|turn|78
|
|t:|1779913003
|switch|p1a: Slowking|Slowking-Galar, M|100/100
|switch|p2a: Mikido|Gliscor, M, shiny|90/100 tox
|-damage|p2a: Mikido|78/100 tox|[from] Stealth Rock
|
|-weather|Snowscape|[upkeep]
|-heal|p2a: Mikido|90/100 tox|[from] ability: Poison Heal
|upkeep
|turn|79
|
|t:|1779913017
|move|p2a: Mikido|Earthquake|p1a: Slowking
|-supereffective|p1a: Slowking
|-damage|p1a: Slowking|30/100
|-prepare|p1a: Slowking|Chilly Reception|[premajor]
|move|p1a: Slowking|Chilly Reception|p1a: Slowking
|
|t:|1779913020
|switch|p1a: Gholdengo|Gholdengo, tera:Fairy|64/100|[from] Chilly Reception
|
|-weather|Snowscape|[upkeep]
|-heal|p2a: Mikido|100/100 tox|[from] ability: Poison Heal
|upkeep
|turn|80
|
|t:|1779913029
|move|p2a: Mikido|Earthquake|p1a: Gholdengo
|-damage|p1a: Gholdengo|43/100
|move|p1a: Gholdengo|Recover|p1a: Gholdengo
|-heal|p1a: Gholdengo|93/100
|
|-weather|none
|upkeep
|turn|81
|
|t:|1779913038
|move|p2a: Mikido|Earthquake|p1a: Gholdengo
|-damage|p1a: Gholdengo|68/100
|move|p1a: Gholdengo|Hex|p2a: Mikido
|-damage|p2a: Mikido|28/100 tox
|
|-heal|p2a: Mikido|41/100 tox|[from] ability: Poison Heal
|upkeep
|turn|82
|
|t:|1779913047
|switch|p1a: Blissey|Blissey, F|72/100
|move|p2a: Mikido|Protect||[still]
|-fail|p2a: Mikido
|
|-heal|p2a: Mikido|53/100 tox|[from] ability: Poison Heal
|upkeep
|turn|83
|
|t:|1779913055
|move|p2a: Mikido|Toxic|p1a: Blissey
|-status|p1a: Blissey|tox
|move|p1a: Blissey|Soft-Boiled|p1a: Blissey
|-heal|p1a: Blissey|100/100 tox
|
|-heal|p2a: Mikido|66/100 tox|[from] ability: Poison Heal
|-damage|p1a: Blissey|94/100 tox|[from] psn
|upkeep
|turn|84
|
|t:|1779913065
|-curestatus|p1a: Blissey|tox|[from] ability: Natural Cure|[silent]
|switch|p1a: Gholdengo|Gholdengo, tera:Fairy|68/100
|move|p2a: Mikido|U-turn|p1a: Gholdengo
|-resisted|p1a: Gholdengo
|-damage|p1a: Gholdengo|63/100
|
|t:|1779913073
|switch|p2a: Megumi|Garganacl, M, tera:Ghost|98/100|[from] U-turn
|-damage|p2a: Megumi|86/100|[from] Stealth Rock
|
|-heal|p2a: Megumi|92/100|[from] item: Leftovers
|upkeep
|turn|85
|
|t:|1779913081
|move|p1a: Gholdengo|Hex|p2a: Megumi
|-supereffective|p2a: Megumi
|-damage|p2a: Megumi|66/100
|move|p2a: Megumi|Salt Cure|p1a: Gholdengo
|-crit|p1a: Gholdengo
|-damage|p1a: Gholdengo|48/100
|-start|p1a: Gholdengo|Salt Cure
|
|-heal|p2a: Megumi|72/100|[from] item: Leftovers
|-damage|p1a: Gholdengo|36/100|[from] Salt Cure
|upkeep
|turn|86
|
|t:|1779913094
|move|p1a: Gholdengo|Recover|p1a: Gholdengo
|-heal|p1a: Gholdengo|86/100
|move|p2a: Megumi|Salt Cure|p1a: Gholdengo
|-damage|p1a: Gholdengo|75/100
|
|-heal|p2a: Megumi|78/100|[from] item: Leftovers
|-damage|p1a: Gholdengo|63/100|[from] Salt Cure
|upkeep
|turn|87
|
|t:|1779913104
|switch|p1a: Slowking|Slowking-Galar, M|63/100
|move|p2a: Megumi|Substitute|p2a: Megumi
|-start|p2a: Megumi|Substitute
|-damage|p2a: Megumi|53/100
|
|-heal|p2a: Megumi|60/100|[from] item: Leftovers
|upkeep
|turn|88
|
|t:|1779913116
|move|p2a: Megumi|Salt Cure|p1a: Slowking
|-damage|p1a: Slowking|48/100
|-start|p1a: Slowking|Salt Cure
|move|p1a: Slowking|Future Sight|p2a: Megumi
|-start|p1a: Slowking|move: Future Sight
|
|-heal|p2a: Megumi|66/100|[from] item: Leftovers
|-damage|p1a: Slowking|36/100|[from] Salt Cure
|upkeep
|turn|89
|
|t:|1779913129
|move|p2a: Megumi|Salt Cure|p1a: Slowking
|-damage|p1a: Slowking|22/100
|-prepare|p1a: Slowking|Chilly Reception|[premajor]
|move|p1a: Slowking|Chilly Reception|p1a: Slowking
|-weather|Snowscape
|
|t:|1779913132
|switch|p1a: Blissey|Blissey, F|94/100|[from] Chilly Reception
|
|-weather|Snowscape|[upkeep]
|-heal|p2a: Megumi|72/100|[from] item: Leftovers
|upkeep
|turn|90
|
|t:|1779913142
|switch|p1a: Slowking|Slowking-Galar, M|55/100
|move|p2a: Megumi|Salt Cure|p1a: Slowking
|-damage|p1a: Slowking|41/100
|-start|p1a: Slowking|Salt Cure
|
|-weather|Snowscape|[upkeep]
|-end|p2a: Megumi|move: Future Sight
|-end|p2a: Megumi|Substitute
|-heal|p2a: Megumi|78/100|[from] item: Leftovers
|-damage|p1a: Slowking|28/100|[from] Salt Cure
|upkeep
|turn|91
|
|t:|1779913157
|switch|p2a: Mikido|Gliscor, M, shiny|66/100 tox
|-damage|p2a: Mikido|53/100 tox|[from] Stealth Rock
|-prepare|p1a: Slowking|Chilly Reception|[premajor]
|move|p1a: Slowking|Chilly Reception|p1a: Slowking
|
|t:|1779913164
|switch|p1a: Gholdengo|Gholdengo, tera:Fairy|63/100|[from] Chilly Reception
|
|-weather|Snowscape|[upkeep]
|-heal|p2a: Mikido|66/100 tox|[from] ability: Poison Heal
|upkeep
|turn|92
|
|t:|1779913172
|move|p2a: Mikido|Protect|p2a: Mikido
|-singleturn|p2a: Mikido|Protect
|move|p1a: Gholdengo|Recover|p1a: Gholdengo
|-heal|p1a: Gholdengo|100/100
|
|-weather|Snowscape|[upkeep]
|-heal|p2a: Mikido|78/100 tox|[from] ability: Poison Heal
|upkeep
|turn|93
|
|t:|1779913181
|switch|p2a: Megumi|Garganacl, M, tera:Ghost|78/100
|-damage|p2a: Megumi|66/100|[from] Stealth Rock
|move|p1a: Gholdengo|Hex|p2a: Megumi
|-supereffective|p2a: Megumi
|-damage|p2a: Megumi|39/100
|
|-weather|none
|-heal|p2a: Megumi|45/100|[from] item: Leftovers
|upkeep
|turn|94
|
|t:|1779913192
|move|p2a: Megumi|Protect|p2a: Megumi
|-singleturn|p2a: Megumi|Protect
|move|p1a: Gholdengo|Make It Rain|p2a: Megumi
|-activate|p2a: Megumi|move: Protect
|
|-heal|p2a: Megumi|51/100|[from] item: Leftovers
|upkeep
|turn|95
|
|t:|1779913207
|move|p1a: Gholdengo|Make It Rain|p2a: Megumi
|-damage|p2a: Megumi|1/100
|-unboost|p1a: Gholdengo|spa|1
|move|p2a: Megumi|Recover|p2a: Megumi
|-heal|p2a: Megumi|51/100
|
|-heal|p2a: Megumi|57/100|[from] item: Leftovers
|upkeep
|turn|96
|
|t:|1779913223
|switch|p1a: Slowking|Slowking-Galar, M|61/100
|move|p2a: Megumi|Protect||[still]
|-fail|p2a: Megumi
|
|-heal|p2a: Megumi|64/100|[from] item: Leftovers
|upkeep
|turn|97
|
|t:|1779913229
|move|p2a: Megumi|Salt Cure|p1a: Slowking
|-crit|p1a: Slowking
|-damage|p1a: Slowking|41/100
|-start|p1a: Slowking|Salt Cure
|move|p1a: Slowking|Future Sight|p2a: Megumi
|-start|p1a: Slowking|move: Future Sight
|
|-heal|p2a: Megumi|70/100|[from] item: Leftovers
|-damage|p1a: Slowking|28/100|[from] Salt Cure
|upkeep
|turn|98
|
|t:|1779913238
|move|p2a: Megumi|Substitute|p2a: Megumi
|-start|p2a: Megumi|Substitute
|-damage|p2a: Megumi|45/100
|-prepare|p1a: Slowking|Chilly Reception|[premajor]
|move|p1a: Slowking|Chilly Reception|p1a: Slowking
|-weather|Snowscape
|
|t:|1779913245
|switch|p1a: Gholdengo|Gholdengo, tera:Fairy|100/100|[from] Chilly Reception
|
|-weather|Snowscape|[upkeep]
|-heal|p2a: Megumi|51/100|[from] item: Leftovers
|upkeep
|turn|99
|
|t:|1779913259
|move|p2a: Megumi|Protect|p2a: Megumi
|-singleturn|p2a: Megumi|Protect
|move|p1a: Gholdengo|Thunder Wave|p2a: Megumi
|-activate|p2a: Megumi|move: Protect
|
|-weather|Snowscape|[upkeep]
|-end|p2a: Megumi|move: Future Sight
|-end|p2a: Megumi|Substitute
|-heal|p2a: Megumi|57/100|[from] item: Leftovers
|upkeep
|turn|100
|
|t:|1779913281
|move|p1a: Gholdengo|Hex|p2a: Megumi
|-supereffective|p2a: Megumi
|-damage|p2a: Megumi|32/100
|move|p2a: Megumi|Recover|p2a: Megumi
|-heal|p2a: Megumi|82/100
|
|-weather|Snowscape|[upkeep]
|-heal|p2a: Megumi|88/100|[from] item: Leftovers
|upkeep
|turn|101
|
|t:|1779913292
|switch|p1a: Slowking|Slowking-Galar, M|62/100
|move|p2a: Megumi|Substitute|p2a: Megumi
|-start|p2a: Megumi|Substitute
|-damage|p2a: Megumi|63/100
|
|-weather|Snowscape|[upkeep]
|-heal|p2a: Megumi|69/100|[from] item: Leftovers
|upkeep
|turn|102
|inactive|JGLoryOG has 120 seconds left.
|
|t:|1779913303
|move|p2a: Megumi|Salt Cure|p1a: Slowking
|-damage|p1a: Slowking|46/100
|-start|p1a: Slowking|Salt Cure
|move|p1a: Slowking|Future Sight|p2a: Megumi
|-start|p1a: Slowking|move: Future Sight
|
|-weather|none
|-heal|p2a: Megumi|75/100|[from] item: Leftovers
|-damage|p1a: Slowking|34/100|[from] Salt Cure
|upkeep
|turn|103
|inactive|JGLoryOG has 120 seconds left.
|
|t:|1779913314
|move|p2a: Megumi|Salt Cure|p1a: Slowking
|-damage|p1a: Slowking|20/100
|-prepare|p1a: Slowking|Chilly Reception|[premajor]
|move|p1a: Slowking|Chilly Reception|p1a: Slowking
|-weather|Snowscape
|
|t:|1779913317
|switch|p1a: Blissey|Blissey, F|94/100|[from] Chilly Reception
|
|-weather|Snowscape|[upkeep]
|-heal|p2a: Megumi|82/100|[from] item: Leftovers
|upkeep
|turn|104
|inactive|JGLoryOG has 120 seconds left.
|
|t:|1779913329
|move|p1a: Blissey|Thunder Wave||[still]
|-fail|p1a: Blissey
|move|p2a: Megumi|Recover|p2a: Megumi
|-heal|p2a: Megumi|100/100
|
|-weather|Snowscape|[upkeep]
|-end|p2a: Megumi|move: Future Sight
|-end|p2a: Megumi|Substitute
|upkeep
|turn|105
|
|t:|1779913339
|switch|p2a: Mikido|Gliscor, M, shiny|78/100 tox
|-damage|p2a: Mikido|66/100 tox|[from] Stealth Rock
|move|p1a: Blissey|Thunder Wave|p2a: Mikido
|-immune|p2a: Mikido
|
|-weather|Snowscape|[upkeep]
|-heal|p2a: Mikido|78/100 tox|[from] ability: Poison Heal
|upkeep
|turn|106
|
|t:|1779913352
|move|p2a: Mikido|Earthquake|p1a: Blissey
|-damage|p1a: Blissey|58/100
|move|p1a: Blissey|Seismic Toss|p2a: Mikido
|-damage|p2a: Mikido|50/100 tox
|
|-weather|Snowscape|[upkeep]
|-heal|p2a: Mikido|62/100 tox|[from] ability: Poison Heal
|upkeep
|turn|107
|
|t:|1779913364
|switch|p1a: Gholdengo|Gholdengo, tera:Fairy|100/100
|move|p2a: Mikido|Toxic|p1a: Gholdengo
|-immune|p1a: Gholdengo|[from] ability: Good as Gold
|
|-weather|none
|-heal|p2a: Mikido|75/100 tox|[from] ability: Poison Heal
|upkeep
|turn|108
|
|t:|1779913370
|move|p2a: Mikido|Earthquake|p1a: Gholdengo
|-damage|p1a: Gholdengo|79/100
|move|p1a: Gholdengo|Thunder Wave|p2a: Mikido
|-immune|p2a: Mikido
|
|-heal|p2a: Mikido|87/100 tox|[from] ability: Poison Heal
|upkeep
|turn|109
|
|t:|1779913380
|move|p2a: Mikido|Earthquake|p1a: Gholdengo
|-crit|p1a: Gholdengo
|-damage|p1a: Gholdengo|44/100
|move|p1a: Gholdengo|Thunder Wave|p2a: Mikido
|-immune|p2a: Mikido
|
|-heal|p2a: Mikido|99/100 tox|[from] ability: Poison Heal
|upkeep
|turn|110
|
|t:|1779913389
|move|p2a: Mikido|Earthquake|p1a: Gholdengo
|-damage|p1a: Gholdengo|21/100
|move|p1a: Gholdengo|Recover|p1a: Gholdengo
|-heal|p1a: Gholdengo|71/100
|
|-heal|p2a: Mikido|100/100 tox|[from] ability: Poison Heal
|upkeep
|turn|111
|
|t:|1779913405
|move|p2a: Mikido|U-turn|p1a: Gholdengo
|-resisted|p1a: Gholdengo
|-damage|p1a: Gholdengo|65/100
|
|t:|1779913410
|switch|p2a: Megumi|Garganacl, M, tera:Ghost|100/100|[from] U-turn
|-damage|p2a: Megumi|88/100|[from] Stealth Rock
|move|p1a: Gholdengo|Hex|p2a: Megumi
|-supereffective|p2a: Megumi
|-damage|p2a: Megumi|60/100
|
|-heal|p2a: Megumi|66/100|[from] item: Leftovers
|upkeep
|turn|112
|inactive|JGLoryOG has 90 seconds left.
|
|t:|1779913423
|switch|p1a: Blissey|Blissey, F|58/100
|move|p2a: Megumi|Substitute|p2a: Megumi
|-start|p2a: Megumi|Substitute
|-damage|p2a: Megumi|41/100
|
|-heal|p2a: Megumi|47/100|[from] item: Leftovers
|upkeep
|turn|113
|inactive|JGLoryOG has 90 seconds left.
|
|t:|1779913433
|move|p2a: Megumi|Protect|p2a: Megumi
|-singleturn|p2a: Megumi|Protect
|move|p1a: Blissey|Thunder Wave|p2a: Megumi
|-activate|p2a: Megumi|move: Protect
|
|-heal|p2a: Megumi|53/100|[from] item: Leftovers
|upkeep
|turn|114
|
|t:|1779913443
|move|p2a: Megumi|Protect||[still]
|-fail|p2a: Megumi
|move|p1a: Blissey|Thunder Wave||[still]
|-fail|p1a: Blissey
|
|-heal|p2a: Megumi|60/100|[from] item: Leftovers
|upkeep
|turn|115
|
|t:|1779913456
|switch|p1a: Slowking|Slowking-Galar, M|53/100
|move|p2a: Megumi|Protect||[still]
|-fail|p2a: Megumi
|
|-heal|p2a: Megumi|66/100|[from] item: Leftovers
|upkeep
|turn|116
|
|t:|1779913469
|move|p2a: Megumi|Protect|p2a: Megumi
|-singleturn|p2a: Megumi|Protect
|move|p1a: Slowking|Future Sight|p2a: Megumi
|-start|p1a: Slowking|move: Future Sight
|
|-heal|p2a: Megumi|72/100|[from] item: Leftovers
|upkeep
|turn|117
|
|t:|1779913478
|move|p2a: Megumi|Substitute|p2a: Megumi
|-fail|p2a: Megumi|move: Substitute
|move|p1a: Slowking|Sludge Bomb|p2a: Megumi
|-resisted|p2a: Megumi
|-activate|p2a: Megumi|move: Substitute|[damage]
|
|-heal|p2a: Megumi|78/100|[from] item: Leftovers
|upkeep
|turn|118
|
|t:|1779913488
|move|p2a: Megumi|Protect|p2a: Megumi
|-singleturn|p2a: Megumi|Protect
|-prepare|p1a: Slowking|Chilly Reception|[premajor]
|move|p1a: Slowking|Chilly Reception|p1a: Slowking
|-weather|Snowscape
|
|t:|1779913494
|switch|p1a: Gholdengo|Gholdengo, tera:Fairy|65/100|[from] Chilly Reception
|
|-weather|Snowscape|[upkeep]
|-end|p2a: Megumi|move: Future Sight
|-end|p2a: Megumi|Substitute
|-heal|p2a: Megumi|84/100|[from] item: Leftovers
|upkeep
|turn|119
|
|t:|1779913503
|move|p1a: Gholdengo|Make It Rain|p2a: Megumi
|-damage|p2a: Megumi|35/100
|-unboost|p1a: Gholdengo|spa|1
|move|p2a: Megumi|Substitute|p2a: Megumi
|-start|p2a: Megumi|Substitute
|-damage|p2a: Megumi|10/100
|
|-weather|Snowscape|[upkeep]
|-heal|p2a: Megumi|16/100|[from] item: Leftovers
|upkeep
|turn|120
|
|t:|1779913516
|switch|p1a: Blissey|Blissey, F|58/100
|move|p2a: Megumi|Protect||[still]
|-fail|p2a: Megumi
|
|-weather|Snowscape|[upkeep]
|-heal|p2a: Megumi|22/100|[from] item: Leftovers
|upkeep
|turn|121
|
|t:|1779913527
|switch|p1a: Slowking|Slowking-Galar, M|87/100
|move|p2a: Megumi|Substitute|p2a: Megumi
|-fail|p2a: Megumi|move: Substitute
|
|-weather|Snowscape|[upkeep]
|-heal|p2a: Megumi|28/100|[from] item: Leftovers
|upkeep
|turn|122
|
|t:|1779913536
|move|p2a: Megumi|Substitute|p2a: Megumi
|-fail|p2a: Megumi|move: Substitute
|move|p1a: Slowking|Sludge Bomb|p2a: Megumi
|-resisted|p2a: Megumi
|-activate|p2a: Megumi|move: Substitute|[damage]
|
|-weather|none
|-heal|p2a: Megumi|34/100|[from] item: Leftovers
|upkeep
|turn|123
|
|t:|1779913545
|move|p2a: Megumi|Substitute|p2a: Megumi
|-fail|p2a: Megumi|move: Substitute
|move|p1a: Slowking|Future Sight|p2a: Megumi
|-start|p1a: Slowking|move: Future Sight
|
|-heal|p2a: Megumi|41/100|[from] item: Leftovers
|upkeep
|turn|124
|
|t:|1779913553
|move|p2a: Megumi|Substitute|p2a: Megumi
|-fail|p2a: Megumi|move: Substitute
|move|p1a: Slowking|Sludge Bomb|p2a: Megumi
|-resisted|p2a: Megumi
|-end|p2a: Megumi|Substitute
|
|-heal|p2a: Megumi|47/100|[from] item: Leftovers
|upkeep
|turn|125
|
|t:|1779913566
|-activate|p2a: Megumi|move: Struggle
|move|p2a: Megumi|Struggle|p1a: Slowking
|-damage|p1a: Slowking|75/100
|-damage|p2a: Megumi|22/100|[from] recoil
|move|p1a: Slowking|Sludge Bomb|p2a: Megumi
|-resisted|p2a: Megumi
|-damage|p2a: Megumi|6/100
|
|-end|p2a: Megumi|move: Future Sight
|-damage|p2a: Megumi|0 fnt
|faint|p2a: Megumi
|upkeep
|inactive|JGLoryOG has 60 seconds left.
|
|t:|1779913578
|switch|p2a: Mikido|Gliscor, M, shiny|100/100 tox
|-damage|p2a: Mikido|88/100 tox|[from] Stealth Rock
|turn|126
|inactive|JGLoryOG has 60 seconds left.
|
|t:|1779913584
|move|p2a: Mikido|Earthquake|p1a: Slowking
|-supereffective|p1a: Slowking
|-damage|p1a: Slowking|5/100
|move|p1a: Slowking|Future Sight|p2a: Mikido
|-start|p1a: Slowking|move: Future Sight
|
|-heal|p2a: Mikido|100/100 tox|[from] ability: Poison Heal
|upkeep
|turn|127
|inactive|JGLoryOG has 60 seconds left.
|
|t:|1779913597
|switch|p1a: Blissey|Blissey, F|58/100
|move|p2a: Mikido|U-turn|p1a: Blissey
|-damage|p1a: Blissey|42/100
|
|upkeep
|turn|128
|
|t:|1779913604
|move|p2a: Mikido|Toxic|p1a: Blissey
|-status|p1a: Blissey|tox
|move|p1a: Blissey|Seismic Toss|p2a: Mikido
|-damage|p2a: Mikido|72/100 tox
|
|-end|p2a: Mikido|move: Future Sight
|-damage|p2a: Mikido|16/100 tox
|-heal|p2a: Mikido|28/100 tox|[from] ability: Poison Heal
|-damage|p1a: Blissey|35/100 tox|[from] psn
|upkeep
|turn|129
|
|t:|1779913618
|-curestatus|p1a: Blissey|tox|[from] ability: Natural Cure|[silent]
|switch|p1a: Slowking|Slowking-Galar, M|38/100
|move|p2a: Mikido|U-turn|p1a: Slowking
|-damage|p1a: Slowking|22/100
|
|-heal|p2a: Mikido|41/100 tox|[from] ability: Poison Heal
|upkeep
|turn|130
|
|t:|1779913630
|switch|p1a: Blissey|Blissey, F|35/100
|move|p2a: Mikido|Earthquake|p1a: Blissey
|-damage|p1a: Blissey|2/100
|
|-heal|p2a: Mikido|53/100 tox|[from] ability: Poison Heal
|upkeep
|turn|131
|
|t:|1779913640
|move|p2a: Mikido|U-turn|p1a: Blissey
|-damage|p1a: Blissey|0 fnt
|faint|p1a: Blissey
|
|-heal|p2a: Mikido|66/100 tox|[from] ability: Poison Heal
|upkeep
|
|t:|1779913644
|switch|p1a: Gholdengo|Gholdengo, tera:Fairy|65/100
|turn|132
|
|t:|1779913653
|move|p2a: Mikido|Protect|p2a: Mikido
|-singleturn|p2a: Mikido|Protect
|move|p1a: Gholdengo|Make It Rain|p2a: Mikido
|-activate|p2a: Mikido|move: Protect
|
|-heal|p2a: Mikido|78/100 tox|[from] ability: Poison Heal
|upkeep
|turn|133
|
|t:|1779913675
|move|p2a: Mikido|Protect||[still]
|-fail|p2a: Mikido
|move|p1a: Gholdengo|Hex|p2a: Mikido
|-damage|p2a: Mikido|13/100 tox
|
|-heal|p2a: Mikido|25/100 tox|[from] ability: Poison Heal
|upkeep
|turn|134
|inactive|JGLoryOG has 30 seconds left.
|
|t:|1779913690
|move|p2a: Mikido|Protect|p2a: Mikido
|-singleturn|p2a: Mikido|Protect
|move|p1a: Gholdengo|Thunder Wave|p2a: Mikido
|-activate|p2a: Mikido|move: Protect
|
|-heal|p2a: Mikido|38/100 tox|[from] ability: Poison Heal
|upkeep
|turn|135
|inactive|JGLoryOG has 30 seconds left this turn.
|inactive|JGLoryOG has 20 seconds left.
|
|t:|1779913704
|move|p2a: Mikido|Protect||[still]
|-fail|p2a: Mikido
|move|p1a: Gholdengo|Thunder Wave|p2a: Mikido
|-immune|p2a: Mikido
|
|-heal|p2a: Mikido|50/100 tox|[from] ability: Poison Heal
|upkeep
|turn|136
|inactive|JGLoryOG has 25 seconds left this turn.
|inactive|JGLoryOG has 20 seconds left.
|inactive|JGLoryOG has 15 seconds left.
|
|t:|1779913714
|move|p2a: Mikido|Protect|p2a: Mikido
|-singleturn|p2a: Mikido|Protect
|move|p1a: Gholdengo|Thunder Wave|p2a: Mikido
|-activate|p2a: Mikido|move: Protect
|
|-heal|p2a: Mikido|62/100 tox|[from] ability: Poison Heal
|upkeep
|turn|137
|inactive|JGLoryOG has 20 seconds left this turn.
|inactive|JGLoryOG has 15 seconds left.
|inactive|JGLoryOG has 10 seconds left.
|
|t:|1779913725
|move|p2a: Mikido|Protect||[still]
|-fail|p2a: Mikido
|move|p1a: Gholdengo|Thunder Wave|p2a: Mikido
|-immune|p2a: Mikido
|
|-heal|p2a: Mikido|75/100 tox|[from] ability: Poison Heal
|upkeep
|turn|138
|inactive|JGLoryOG has 15 seconds left this turn.
|inactive|JGLoryOG has 10 seconds left.
|inactive|JGLoryOG has 5 seconds left.
|
|t:|1779913739
|switch|p1a: Slowking|Slowking-Galar, M|55/100
|move|p2a: Mikido|Earthquake|p1a: Slowking
|-supereffective|p1a: Slowking
|-damage|p1a: Slowking|0 fnt
|faint|p1a: Slowking
|
|-heal|p2a: Mikido|87/100 tox|[from] ability: Poison Heal
|upkeep
|
|t:|1779913742
|switch|p1a: Gholdengo|Gholdengo, tera:Fairy|65/100
|turn|139
|inactive|JGLoryOG has 15 seconds left this turn.
|inactive|JGLoryOG has 10 seconds left.
|inactive|JGLoryOG has 5 seconds left.
|
|t:|1779913753
|move|p2a: Mikido|Protect|p2a: Mikido
|-singleturn|p2a: Mikido|Protect
|move|p1a: Gholdengo|Thunder Wave|p2a: Mikido
|-activate|p2a: Mikido|move: Protect
|
|-heal|p2a: Mikido|99/100 tox|[from] ability: Poison Heal
|upkeep
|turn|140
|inactive|JGLoryOG has 10 seconds left this turn.
|inactive|JGLoryOG has 5 seconds left.
|-message|JGLoryOG lost due to inactivity.
|
|win|Taco Steve
|raw|Taco Steve's rating: 1294 &rarr; <strong>1315</strong><br />(+21 for winning)
|raw|JGLoryOG's rating: 1245 &rarr; <strong>1224</strong><br />(-21 for losing)
