|j|☆Andher
|j|☆Jaida Essence Hall
|t:|1779879484
|gametype|singles
|player|p1|Andher|shadowtriad|1470
|player|p2|Jaida Essence Hall|jacinthe|1389
|gen|9
|tier|[Gen 9] OU
|rated|
|rule|HP Percentage Mod: HP is shown in percentages
|rule|Endless Battle Clause: Forcing endless battles is banned
|rule|Species Clause: Limit one of each Pokémon
|rule|OHKO Clause: OHKO moves are banned
|rule|Evasion Items Clause: Evasion items are banned
|rule|Evasion Moves Clause: Evasion moves are banned
|rule|Evasion Abilities Clause: Evasion abilities are banned
|rule|Sleep Moves Clause: Sleep-inducing moves are banned
|clearpoke
|poke|p1|Samurott-Hisui, F|
|poke|p1|Corviknight, F|
|poke|p1|Kingambit, M|
|poke|p1|Skeledirge, M|
|poke|p1|Gengar, F|
|poke|p1|Dragapult, M|
|poke|p2|Okidogi, M|
|poke|p2|Glimmora, F|
|poke|p2|Primarina, F|
|poke|p2|Meowscarada, F|
|poke|p2|Mamoswine, F|
|poke|p2|Iron Moth|
|teampreview
|inactive|Battle timer is ON: inactive players will automatically lose when time's up. (requested by Jaida Essence Hall)
|
|t:|1779879501
|teamsize|p1|6
|teamsize|p2|6
|start
|switch|p1a: Ronin|Samurott-Hisui, F|100/100
|switch|p2a: Glimmora|Glimmora, F, shiny|100/100
|turn|1
|
|t:|1779879511
|move|p1a: Ronin|Flip Turn|p2a: Glimmora
|-supereffective|p2a: Glimmora
|-damage|p2a: Glimmora|32/100
|-activate|p2a: Glimmora|ability: Toxic Debris
|-sidestart|p1: Andher|move: Toxic Spikes
|
|t:|1779879518
|switch|p1a: Malson|Gengar, F, shiny|100/100|[from] Flip Turn
|-sideend|p1: Andher|move: Toxic Spikes|[of] p1a: Malson
|move|p2a: Glimmora|Sludge Wave|p1a: Malson
|-resisted|p1a: Malson
|-damage|p1a: Malson|83/100
|
|upkeep
|turn|2
|
|t:|1779879530
|move|p1a: Malson|Shadow Ball|p2a: Glimmora
|-damage|p2a: Glimmora|0 fnt
|faint|p2a: Glimmora
|
|upkeep
|
|t:|1779879537
|switch|p2a: Meowscarada|Meowscarada, F, shiny|100/100
|turn|3
|
|t:|1779879545
|switch|p1a: Corax|Corviknight, F|100/100
|-ability|p1a: Corax|Pressure
|move|p2a: Meowscarada|Knock Off|p1a: Corax
|-start|p2a: Meowscarada|typechange|Dark|[from] ability: Protean
|-damage|p1a: Corax|47/100
|-damage|p2a: Meowscarada|84/100|[from] item: Rocky Helmet|[of] p1a: Corax
|-enditem|p1a: Corax|Rocky Helmet|[from] move: Knock Off|[of] p2a: Meowscarada
|
|upkeep
|turn|4
|
|t:|1779879561
|switch|p2a: Okidogi|Okidogi, M|100/100
|move|p1a: Corax|Roost|p1a: Corax
|-heal|p1a: Corax|97/100
|-singleturn|p1a: Corax|move: Roost
|
|upkeep
|turn|5
|
|t:|1779879570
|move|p2a: Okidogi|Drain Punch|p1a: Corax
|-damage|p1a: Corax|64/100
|move|p1a: Corax|Brave Bird|p2a: Okidogi
|-supereffective|p2a: Okidogi
|-damage|p2a: Okidogi|36/100
|-damage|p1a: Corax|48/100|[from] Recoil
|
|-heal|p2a: Okidogi|42/100|[from] item: Black Sludge
|upkeep
|turn|6
|
|t:|1779879583
|move|p2a: Okidogi|Drain Punch|p1a: Corax
|-damage|p1a: Corax|16/100
|-heal|p2a: Okidogi|62/100|[from] drain|[of] p1a: Corax
|move|p1a: Corax|Roost|p1a: Corax
|-heal|p1a: Corax|66/100
|-singleturn|p1a: Corax|move: Roost
|
|-heal|p2a: Okidogi|68/100|[from] item: Black Sludge
|upkeep
|turn|7
|
|t:|1779879592
|move|p2a: Okidogi|Bulk Up|p2a: Okidogi
|-boost|p2a: Okidogi|atk|1
|-boost|p2a: Okidogi|def|1
|move|p1a: Corax|Brave Bird|p2a: Okidogi
|-supereffective|p2a: Okidogi
|-damage|p2a: Okidogi|23/100
|-damage|p1a: Corax|54/100|[from] Recoil
|
|-heal|p2a: Okidogi|29/100|[from] item: Black Sludge
|upkeep
|turn|8
|
|t:|1779879602
|switch|p1a: Ombra|Dragapult, M|100/100
|move|p2a: Okidogi|Drain Punch|p1a: Ombra
|-immune|p1a: Ombra
|
|-heal|p2a: Okidogi|35/100|[from] item: Black Sludge
|upkeep
|turn|9
|
|t:|1779879609
|move|p1a: Ombra|Draco Meteor|p2a: Okidogi
|-damage|p2a: Okidogi|0 fnt
|-unboost|p1a: Ombra|spa|2
|faint|p2a: Okidogi
|
|upkeep
|
|t:|1779879613
|switch|p2a: Primarina|Primarina, F, shiny|100/100
|turn|10
|
|t:|1779879618
|switch|p1a: Shogun|Kingambit, M|100/100
|move|p2a: Primarina|Hyper Voice|p1a: Shogun
|-damage|p1a: Shogun|65/100
|-enditem|p2a: Primarina|Throat Spray
|-boost|p2a: Primarina|spa|1|[from] item: Throat Spray
|
|-heal|p1a: Shogun|71/100|[from] item: Leftovers
|upkeep
|turn|11
|
|t:|1779879628
|move|p2a: Primarina|Moonblast|p1a: Shogun
|-damage|p1a: Shogun|17/100
|-unboost|p1a: Shogun|spa|1
|move|p1a: Shogun|Iron Head|p2a: Primarina
|-damage|p2a: Primarina|36/100
|
|-heal|p1a: Shogun|23/100|[from] item: Leftovers
|upkeep
|turn|12
|
|t:|1779879641
|move|p1a: Shogun|Sucker Punch|p2a: Primarina
|-resisted|p2a: Primarina
|-crit|p2a: Primarina
|-damage|p2a: Primarina|0 fnt
|faint|p2a: Primarina
|
|-heal|p1a: Shogun|29/100|[from] item: Leftovers
|upkeep
|
|t:|1779879646
|switch|p2a: Iron Moth|Iron Moth, shiny|100/100
|-enditem|p2a: Iron Moth|Booster Energy
|-activate|p2a: Iron Moth|ability: Quark Drive|[fromitem]
|-start|p2a: Iron Moth|quarkdrivespe
|turn|13
|
|t:|1779879651
|-end|p1a: Shogun|fallenundefined|[silent]
|switch|p1a: Mort|Skeledirge, M|100/100
|move|p2a: Iron Moth|Fiery Dance|p1a: Mort
|-resisted|p1a: Mort
|-damage|p1a: Mort|84/100
|
|upkeep
|turn|14
|
|t:|1779879657
|move|p2a: Iron Moth|Air Slash|p1a: Mort
|-damage|p1a: Mort|64/100
|cant|p1a: Mort|flinch
|
|upkeep
|turn|15
|
|t:|1779879663
|move|p2a: Iron Moth|Air Slash|p1a: Mort
|-damage|p1a: Mort|42/100
|move|p1a: Mort|Slack Off|p1a: Mort
|-heal|p1a: Mort|92/100
|
|upkeep
|turn|16
|
|t:|1779879672
|move|p2a: Iron Moth|Sludge Wave|p1a: Mort
|-resisted|p1a: Mort
|-damage|p1a: Mort|72/100
|move|p1a: Mort|Torch Song|p2a: Iron Moth
|-resisted|p2a: Iron Moth
|-damage|p2a: Iron Moth|86/100
|-boost|p1a: Mort|spa|1
|
|upkeep
|turn|17
|
|t:|1779879700
|move|p2a: Iron Moth|Air Slash|p1a: Mort
|-damage|p1a: Mort|51/100
|cant|p1a: Mort|flinch
|
|upkeep
|turn|18
|
|t:|1779879705
|move|p2a: Iron Moth|Air Slash|p1a: Mort
|-damage|p1a: Mort|28/100
|cant|p1a: Mort|flinch
|
|upkeep
|turn|19
|
|t:|1779879713
|-terastallize|p2a: Iron Moth|Flying
|move|p2a: Iron Moth|Air Slash|p1a: Mort
|-damage|p1a: Mort|0 fnt
|faint|p1a: Mort
|
|upkeep
|
|t:|1779879728
|switch|p1a: Ombra|Dragapult, M|100/100
|turn|20
|
|t:|1779879732
|move|p2a: Iron Moth|Air Slash|p1a: Ombra
|-damage|p1a: Ombra|48/100
|cant|p1a: Ombra|flinch
|
|upkeep
|turn|21
|
|t:|1779879740
|move|p2a: Iron Moth|Air Slash|p1a: Ombra
|-damage|p1a: Ombra|0 fnt
|faint|p1a: Ombra
|
|upkeep
|
|t:|1779879745
|switch|p1a: Ronin|Samurott-Hisui, F|100/100
|turn|22
|
|t:|1779879748
|move|p2a: Iron Moth|Energy Ball|p1a: Ronin
|-supereffective|p1a: Ronin
|-damage|p1a: Ronin|9/100
|-unboost|p1a: Ronin|spd|1
|move|p1a: Ronin|Ceaseless Edge|p2a: Iron Moth
|-damage|p2a: Iron Moth|14/100
|-sidestart|p2: Jaida Essence Hall|Spikes
|
|upkeep
|turn|23
|
|t:|1779879759
|switch|p1a: Shogun|Kingambit, M|29/100
|-activate|p1a: Shogun|ability: Supreme Overlord
|-start|p1a: Shogun|fallen2|[silent]
|move|p2a: Iron Moth|Fiery Dance|p1a: Shogun
|-supereffective|p1a: Shogun
|-damage|p1a: Shogun|0 fnt
|faint|p1a: Shogun
|-end|p1a: Shogun|fallen2|[silent]
|
|upkeep
|
|t:|1779879767
|switch|p1a: Ronin|Samurott-Hisui, F|9/100
|turn|24
|
|t:|1779879771
|move|p1a: Ronin|Aqua Jet|p2a: Iron Moth
|-damage|p2a: Iron Moth|0 fnt
|faint|p2a: Iron Moth
|-end|p2a: Iron Moth|Quark Drive|[silent]
|
|upkeep
|
|t:|1779879774
|switch|p2a: Meowscarada|Meowscarada, F, shiny|84/100
|-damage|p2a: Meowscarada|72/100|[from] Spikes
|turn|25
|
|t:|1779879781
|switch|p1a: Corax|Corviknight, F|54/100
|-ability|p1a: Corax|Pressure
|move|p2a: Meowscarada|Knock Off|p1a: Corax
|-start|p2a: Meowscarada|typechange|Dark|[from] ability: Protean
|-damage|p1a: Corax|21/100
|
|upkeep
|turn|26
|
|t:|1779879791
|move|p2a: Meowscarada|Knock Off|p1a: Corax
|-damage|p1a: Corax|0 fnt
|faint|p1a: Corax
|
|upkeep
|
|t:|1779879795
|switch|p1a: Ronin|Samurott-Hisui, F|9/100
|turn|27
|
|t:|1779879798
|move|p1a: Ronin|Sacred Sword|p2a: Meowscarada
|-supereffective|p2a: Meowscarada
|-damage|p2a: Meowscarada|0 fnt
|faint|p2a: Meowscarada
|
|upkeep
|
|t:|1779879803
|switch|p2a: Mamoswine|Mamoswine, F|100/100
|-damage|p2a: Mamoswine|88/100|[from] Spikes
|turn|28
|
|t:|1779879807
|move|p1a: Ronin|Sacred Sword|p2a: Mamoswine
|-supereffective|p2a: Mamoswine
|-damage|p2a: Mamoswine|0 fnt
|faint|p2a: Mamoswine
|
|win|Andher
|raw|Andher's rating: 1470 &rarr; <strong>1485</strong><br />(+15 for winning)
|raw|Jaida Essence Hall's rating: 1389 &rarr; <strong>1374</strong><br />(-15 for losing)
|l|☆Jaida Essence Hall
|player|p2|
|l|☆Andher
|player|p1|
