|j|☆yogiras8
|j|☆rdxis
|t:|1779838917
|gametype|singles
|player|p1|yogiras8|266|1456
|player|p2|rdxis|benga|1447
|gen|9
|tier|[Gen 9] OU
|rated|
|rule|HP Percentage Mod: HP is shown in percentages
|rule|Endless Battle Clause: Forcing endless battles is banned
|rule|Species Clause: Limit one of each Pokémon
|rule|OHKO Clause: OHKO moves are banned
|rule|Evasion Items Clause: Evasion items are banned
|rule|Evasion Moves Clause: Evasion moves are banned
|rule|Evasion Abilities Clause: Evasion abilities are banned
|rule|Sleep Moves Clause: Sleep-inducing moves are banned
|clearpoke
|poke|p1|Kingambit, F|
|poke|p1|Kyurem|
|poke|p1|Slowking-Galar, F|
|poke|p1|Great Tusk|
|poke|p1|Dragonite, F|
|poke|p1|Gholdengo|
|poke|p2|Walking Wake|
|poke|p2|Raging Bolt|
|poke|p2|Torkoal, M|
|poke|p2|Hatterene, F|
|poke|p2|Slither Wing|
|poke|p2|Venusaur, F|
|teampreview
|inactive|Battle timer is ON: inactive players will automatically lose when time's up. (requested by yogiras8)
|
|t:|1779838927
|teamsize|p1|6
|teamsize|p2|6
|start
|switch|p1a: Slowking|Slowking-Galar, F|100/100
|switch|p2a: Hatterene|Hatterene, F|100/100
|-item|p2a: Hatterene|Air Balloon
|turn|1
|
|t:|1779838932
|switch|p2a: Venusaur|Venusaur, F|100/100
|move|p1a: Slowking|Sludge Bomb|p2a: Venusaur
|-damage|p2a: Venusaur|60/100
|
|-heal|p2a: Venusaur|66/100|[from] item: Leftovers
|upkeep
|turn|2
|
|t:|1779838942
|switch|p2a: Slither Wing|Slither Wing|100/100
|move|p1a: Slowking|Thunder Wave|p2a: Slither Wing
|-status|p2a: Slither Wing|par
|
|upkeep
|turn|3
|
|t:|1779838947
|move|p2a: Slither Wing|U-turn|p1a: Slowking
|-damage|p1a: Slowking|61/100
|
|t:|1779838949
|-end|p2a: Slither Wing|Protosynthesis|[silent]
|switch|p2a: Torkoal|Torkoal, M|100/100|[from] U-turn
|-weather|SunnyDay|[from] ability: Drought|[of] p2a: Torkoal
|move|p1a: Slowking|Future Sight|p2a: Torkoal
|-start|p1a: Slowking|move: Future Sight
|
|-weather|SunnyDay|[upkeep]
|upkeep
|turn|4
|
|t:|1779838951
|move|p2a: Torkoal|Stealth Rock|p1a: Slowking
|-sidestart|p1: yogiras8|move: Stealth Rock
|-prepare|p1a: Slowking|Chilly Reception|[premajor]
|move|p1a: Slowking|Chilly Reception|p1a: Slowking
|-weather|Snowscape
|
|t:|1779838956
|switch|p1a: Great Tusk|Great Tusk|100/100|[from] Chilly Reception
|-damage|p1a: Great Tusk|98/100|[from] Stealth Rock
|
|-weather|Snowscape|[upkeep]
|upkeep
|turn|5
|
|t:|1779838960
|switch|p2a: Hatterene|Hatterene, F|100/100
|-item|p2a: Hatterene|Air Balloon
|move|p1a: Great Tusk|Rapid Spin|p2a: Hatterene
|-damage|p2a: Hatterene|89/100
|-boost|p1a: Great Tusk|spe|1
|-enditem|p2a: Hatterene|Air Balloon
|-sideend|p1: yogiras8|Stealth Rock|[from] move: Rapid Spin|[of] p1a: Great Tusk
|
|-weather|Snowscape|[upkeep]
|-end|p2a: Hatterene|move: Future Sight
|-resisted|p2a: Hatterene
|-damage|p2a: Hatterene|64/100
|upkeep
|turn|6
|
|t:|1779838976
|-end|p1a: Great Tusk|Protosynthesis|[silent]
|switch|p1a: Slowking|Slowking-Galar, F|95/100
|move|p2a: Hatterene|Healing Wish|p2a: Hatterene
|faint|p2a: Hatterene
|
|-weather|Snowscape|[upkeep]
|upkeep
|
|t:|1779838980
|switch|p2a: Slither Wing|Slither Wing|100/100 par
|-heal|p2a: Slither Wing|100/100|[from] move: Healing Wish
|turn|7
|
|t:|1779838985
|move|p2a: Slither Wing|First Impression|p1a: Slowking
|-damage|p1a: Slowking|43/100
|move|p1a: Slowking|Thunder Wave|p2a: Slither Wing
|-status|p2a: Slither Wing|par
|
|-weather|Snowscape|[upkeep]
|upkeep
|turn|8
|
|t:|1779838990
|cant|p2a: Slither Wing|par
|move|p1a: Slowking|Future Sight|p2a: Slither Wing
|-start|p1a: Slowking|move: Future Sight
|
|-weather|none
|upkeep
|turn|9
|
|t:|1779838995
|move|p2a: Slither Wing|U-turn|p1a: Slowking
|-damage|p1a: Slowking|4/100
|
|t:|1779838998
|-end|p2a: Slither Wing|Protosynthesis|[silent]
|switch|p2a: Torkoal|Torkoal, M|100/100|[from] U-turn
|-weather|SunnyDay|[from] ability: Drought|[of] p2a: Torkoal
|-prepare|p1a: Slowking|Chilly Reception|[premajor]
|move|p1a: Slowking|Chilly Reception|p1a: Slowking
|-weather|Snowscape
|
|t:|1779839009
|switch|p1a: Great Tusk|Great Tusk|98/100|[from] Chilly Reception
|
|-weather|Snowscape|[upkeep]
|upkeep
|turn|10
|
|t:|1779839037
|switch|p2a: Slither Wing|Slither Wing|100/100 par
|move|p1a: Great Tusk|Headlong Rush|p2a: Slither Wing
|-resisted|p2a: Slither Wing
|-damage|p2a: Slither Wing|68/100 par
|-unboost|p1a: Great Tusk|def|1
|-unboost|p1a: Great Tusk|spd|1
|
|-weather|Snowscape|[upkeep]
|-end|p2a: Slither Wing|move: Future Sight
|-supereffective|p2a: Slither Wing
|-damage|p2a: Slither Wing|12/100 par
|upkeep
|turn|11
|
|t:|1779839048
|move|p2a: Slither Wing|First Impression|p1a: Great Tusk
|-resisted|p1a: Great Tusk
|-damage|p1a: Great Tusk|75/100
|-damage|p2a: Slither Wing|0 fnt|[from] item: Rocky Helmet|[of] p1a: Great Tusk
|faint|p2a: Slither Wing
|-end|p2a: Slither Wing|Protosynthesis|[silent]
|move|p1a: Great Tusk|Rapid Spin|p2: Slither Wing|[notarget]
|-fail|p1a: Great Tusk
|
|-weather|Snowscape|[upkeep]
|upkeep
|
|t:|1779839052
|switch|p2a: Torkoal|Torkoal, M|100/100
|-weather|SunnyDay|[from] ability: Drought|[of] p2a: Torkoal
|-activate|p1a: Great Tusk|ability: Protosynthesis
|-start|p1a: Great Tusk|protosynthesisspe
|turn|12
|
|t:|1779839058
|-end|p1a: Great Tusk|Protosynthesis|[silent]
|switch|p1a: Slowking|Slowking-Galar, F|37/100
|-terastallize|p2a: Torkoal|Ground
|move|p2a: Torkoal|Overheat|p1a: Slowking
|-crit|p1a: Slowking
|-damage|p1a: Slowking|0 fnt
|-unboost|p2a: Torkoal|spa|2
|faint|p1a: Slowking
|
|-weather|SunnyDay|[upkeep]
|upkeep
|
|t:|1779839069
|switch|p1a: Kyurem|Kyurem|100/100
|-ability|p1a: Kyurem|Pressure
|turn|13
|
|t:|1779839082
|switch|p2a: Venusaur|Venusaur, F|66/100
|move|p1a: Kyurem|Freeze-Dry|p2a: Venusaur
|-supereffective|p2a: Venusaur
|-damage|p2a: Venusaur|0 fnt
|faint|p2a: Venusaur
|
|-weather|SunnyDay|[upkeep]
|upkeep
|
|t:|1779839085
|switch|p2a: Walking Wake|Walking Wake|100/100
|-activate|p2a: Walking Wake|ability: Protosynthesis
|-start|p2a: Walking Wake|protosynthesisspe
|turn|14
|
|t:|1779839090
|switch|p1a: Gholdengo|Gholdengo|100/100
|-item|p1a: Gholdengo|Air Balloon
|move|p2a: Walking Wake|Draco Meteor|p1a: Gholdengo
|-resisted|p1a: Gholdengo
|-damage|p1a: Gholdengo|67/100
|-unboost|p2a: Walking Wake|spa|2
|-enditem|p1a: Gholdengo|Air Balloon
|
|-weather|SunnyDay|[upkeep]
|upkeep
|turn|15
|
|t:|1779839120
|move|p2a: Walking Wake|Flip Turn|p1a: Gholdengo
|-damage|p1a: Gholdengo|62/100
|
|t:|1779839124
|-end|p2a: Walking Wake|Protosynthesis|[silent]
|switch|p2a: Raging Bolt|Raging Bolt|100/100|[from] Flip Turn
|-activate|p2a: Raging Bolt|ability: Protosynthesis
|-start|p2a: Raging Bolt|protosynthesisspa
|move|p1a: Gholdengo|Recover|p1a: Gholdengo
|-heal|p1a: Gholdengo|100/100
|
|-weather|SunnyDay|[upkeep]
|upkeep
|turn|16
|
|t:|1779839138
|switch|p1a: Kyurem|Kyurem|100/100
|-ability|p1a: Kyurem|Pressure
|move|p2a: Raging Bolt|Weather Ball|p1a: Kyurem
|-damage|p1a: Kyurem|0 fnt
|faint|p1a: Kyurem
|-damage|p2a: Raging Bolt|91/100|[from] item: Life Orb
|
|-weather|SunnyDay|[upkeep]
|upkeep
|
|t:|1779839151
|switch|p1a: Great Tusk|Great Tusk|75/100
|-activate|p1a: Great Tusk|ability: Protosynthesis
|-start|p1a: Great Tusk|protosynthesisspe
|turn|17
|
|t:|1779839171
|-end|p2a: Raging Bolt|Protosynthesis|[silent]
|switch|p2a: Walking Wake|Walking Wake|100/100
|-activate|p2a: Walking Wake|ability: Protosynthesis
|-start|p2a: Walking Wake|protosynthesisspe
|move|p1a: Great Tusk|Headlong Rush|p2a: Walking Wake
|-damage|p2a: Walking Wake|42/100
|-unboost|p1a: Great Tusk|def|1
|-unboost|p1a: Great Tusk|spd|1
|
|-weather|SunnyDay|[upkeep]
|upkeep
|turn|18
|
|t:|1779839181
|-end|p1a: Great Tusk|Protosynthesis|[silent]
|switch|p1a: Gholdengo|Gholdengo|100/100
|move|p2a: Walking Wake|Hydro Steam|p1a: Gholdengo
|-damage|p1a: Gholdengo|33/100
|
|-weather|SunnyDay|[upkeep]
|upkeep
|turn|19
|
|t:|1779839186
|move|p2a: Walking Wake|Flamethrower|p1a: Gholdengo
|-supereffective|p1a: Gholdengo
|-damage|p1a: Gholdengo|0 fnt
|faint|p1a: Gholdengo
|
|-weather|none
|-end|p2a: Walking Wake|Protosynthesis
|upkeep
|inactive|yogiras8 has 120 seconds left.
|inactive|yogiras8 has 90 seconds left.
|
|t:|1779839247
|switch|p1a: Dragonite|Dragonite, F|100/100
|turn|20
|inactive|yogiras8 has 90 seconds left.
|
|t:|1779839262
|move|p2a: Walking Wake|Flip Turn|p1a: Dragonite
|-resisted|p1a: Dragonite
|-damage|p1a: Dragonite|96/100
|
|t:|1779839266
|-end|p2a: Walking Wake|Protosynthesis|[silent]
|switch|p2a: Torkoal|Torkoal, M, tera:Ground|100/100|[from] Flip Turn
|-weather|SunnyDay|[from] ability: Drought|[of] p2a: Torkoal
|move|p1a: Dragonite|Dragon Dance|p1a: Dragonite
|-boost|p1a: Dragonite|atk|1
|-boost|p1a: Dragonite|spe|1
|
|-weather|SunnyDay|[upkeep]
|upkeep
|turn|21
|
|t:|1779839274
|move|p1a: Dragonite|Scale Shot|p2a: Torkoal
|-damage|p2a: Torkoal|82/100
|-damage|p2a: Torkoal|63/100
|-damage|p2a: Torkoal|45/100
|-damage|p2a: Torkoal|27/100
|-damage|p2a: Torkoal|10/100
|-hitcount|p2a: Torkoal|5
|-unboost|p1a: Dragonite|def|1
|-boost|p1a: Dragonite|spe|1
|move|p2a: Torkoal|Overheat|p1a: Dragonite
|-resisted|p1a: Dragonite
|-damage|p1a: Dragonite|53/100
|-unboost|p2a: Torkoal|spa|2
|
|-weather|SunnyDay|[upkeep]
|upkeep
|turn|22
|
|t:|1779839280
|move|p1a: Dragonite|Scale Shot|p2a: Torkoal
|-crit|p2a: Torkoal
|-damage|p2a: Torkoal|0 fnt
|faint|p2a: Torkoal
|-hitcount|p2: Torkoal|1
|-unboost|p1a: Dragonite|def|1
|-boost|p1a: Dragonite|spe|1
|
|-weather|SunnyDay|[upkeep]
|upkeep
|
|t:|1779839294
|switch|p2a: Raging Bolt|Raging Bolt|91/100
|-activate|p2a: Raging Bolt|ability: Protosynthesis
|-start|p2a: Raging Bolt|protosynthesisspa
|turn|23
|
|t:|1779839298
|move|p2a: Raging Bolt|Thunderclap||[still]
|-fail|p2a: Raging Bolt
|move|p1a: Dragonite|Dragon Dance|p1a: Dragonite
|-boost|p1a: Dragonite|atk|1
|-boost|p1a: Dragonite|spe|1
|
|-weather|SunnyDay|[upkeep]
|upkeep
|turn|24
|
|t:|1779839303
|move|p2a: Raging Bolt|Thunderclap||[still]
|-fail|p2a: Raging Bolt
|move|p1a: Dragonite|Encore|p2a: Raging Bolt
|-start|p2a: Raging Bolt|Encore
|
|-weather|SunnyDay|[upkeep]
|upkeep
|turn|25
|
|t:|1779839307
|move|p2a: Raging Bolt|Thunderclap||[still]
|-fail|p2a: Raging Bolt
|move|p1a: Dragonite|Dragon Dance|p1a: Dragonite
|-boost|p1a: Dragonite|atk|1
|-boost|p1a: Dragonite|spe|1
|
|-weather|SunnyDay|[upkeep]
|upkeep
|turn|26
|
|t:|1779839310
|-end|p2a: Raging Bolt|Protosynthesis|[silent]
|switch|p2a: Walking Wake|Walking Wake|42/100
|-activate|p2a: Walking Wake|ability: Protosynthesis
|-start|p2a: Walking Wake|protosynthesisspe
|move|p1a: Dragonite|Dragon Dance|p1a: Dragonite
|-boost|p1a: Dragonite|atk|1
|-boost|p1a: Dragonite|spe|1
|
|-weather|SunnyDay|[upkeep]
|upkeep
|turn|27
|
|t:|1779839317
|move|p1a: Dragonite|Scale Shot|p2a: Walking Wake
|-supereffective|p2a: Walking Wake
|-damage|p2a: Walking Wake|0 fnt
|faint|p2a: Walking Wake
|-end|p2a: Walking Wake|Protosynthesis|[silent]
|-hitcount|p2: Walking Wake|1
|-unboost|p1a: Dragonite|def|1
|
|-weather|none
|upkeep
|
|t:|1779839319
|switch|p2a: Raging Bolt|Raging Bolt|91/100
|turn|28
|
|t:|1779839322
|move|p1a: Dragonite|Scale Shot|p2a: Raging Bolt
|-supereffective|p2a: Raging Bolt
|-damage|p2a: Raging Bolt|11/100
|-supereffective|p2a: Raging Bolt
|-damage|p2a: Raging Bolt|0 fnt
|faint|p2a: Raging Bolt
|-end|p2a: Raging Bolt|Protosynthesis|[silent]
|-hitcount|p2: Raging Bolt|2
|
|win|yogiras8
|raw|yogiras8's rating: 1456 &rarr; <strong>1475</strong><br />(+19 for winning)
|raw|rdxis's rating: 1447 &rarr; <strong>1428</strong><br />(-19 for losing)
|l|☆rdxis
|player|p2|
