|j|☆00000ooo.
|j|☆future94
|t:|1779857025
|gametype|singles
|player|p1|00000ooo.|2|1378
|player|p2|future94|102|1379
|gen|9
|tier|[Gen 9] OU
|rated|
|rule|HP Percentage Mod: HP is shown in percentages
|rule|Endless Battle Clause: Forcing endless battles is banned
|rule|Species Clause: Limit one of each Pokémon
|rule|OHKO Clause: OHKO moves are banned
|rule|Evasion Items Clause: Evasion items are banned
|rule|Evasion Moves Clause: Evasion moves are banned
|rule|Evasion Abilities Clause: Evasion abilities are banned
|rule|Sleep Moves Clause: Sleep-inducing moves are banned
|clearpoke
|poke|p1|Clodsire, M|
|poke|p1|Toxapex, F|
|poke|p1|Corviknight, M|
|poke|p1|Dondozo, M|
|poke|p1|Clefable, M|
|poke|p1|Gliscor, M|
|poke|p2|Ninetales, M|
|poke|p2|Walking Wake|
|poke|p2|Cinderace, F|
|poke|p2|Great Tusk|
|poke|p2|Cresselia, F|
|poke|p2|Blaziken, F|
|teampreview
|inactive|Battle timer is ON: inactive players will automatically lose when time's up. (requested by 00000ooo.)
|c|☆future94|bruhhhh
|
|t:|1779857048
|teamsize|p1|6
|teamsize|p2|6
|start
|switch|p1a: Toxapex|Toxapex, F|100/100
|switch|p2a: Ninetales|Ninetales, M|100/100
|-weather|SunnyDay|[from] ability: Drought|[of] p2a: Ninetales
|turn|1
|
|t:|1779857056
|move|p2a: Ninetales|Will-O-Wisp|p1a: Toxapex
|-status|p1a: Toxapex|brn
|move|p1a: Toxapex|Infestation|p2a: Ninetales
|-resisted|p2a: Ninetales
|-damage|p2a: Ninetales|99/100
|-activate|p2a: Ninetales|move: Infestation|[of] p1a: Toxapex
|
|-weather|SunnyDay|[upkeep]
|-damage|p1a: Toxapex|94/100 brn|[from] brn
|-damage|p2a: Ninetales|87/100|[from] move: Infestation|[partiallytrapped]
|upkeep
|turn|2
|
|t:|1779857076
|move|p2a: Ninetales|Flamethrower|p1a: Toxapex
|-resisted|p1a: Toxapex
|-damage|p1a: Toxapex|78/100 brn
|move|p1a: Toxapex|Poison Jab|p2a: Ninetales
|-damage|p2a: Ninetales|76/100
|
|-weather|SunnyDay|[upkeep]
|-heal|p1a: Toxapex|85/100 brn|[from] item: Leftovers
|-damage|p1a: Toxapex|78/100 brn|[from] brn
|-damage|p2a: Ninetales|63/100|[from] move: Infestation|[partiallytrapped]
|upkeep
|turn|3
|
|t:|1779857088
|move|p2a: Ninetales|Flamethrower|p1a: Toxapex
|-resisted|p1a: Toxapex
|-damage|p1a: Toxapex|61/100 brn
|move|p1a: Toxapex|Poison Jab|p2a: Ninetales
|-damage|p2a: Ninetales|52/100
|-status|p2a: Ninetales|psn
|
|-weather|SunnyDay|[upkeep]
|-heal|p1a: Toxapex|68/100 brn|[from] item: Leftovers
|-damage|p2a: Ninetales|39/100 psn|[from] psn
|-damage|p1a: Toxapex|61/100 brn|[from] brn
|-damage|p2a: Ninetales|27/100 psn|[from] move: Infestation|[partiallytrapped]
|upkeep
|turn|4
|
|t:|1779857100
|move|p2a: Ninetales|Encore|p1a: Toxapex
|-start|p1a: Toxapex|Encore
|move|p1a: Toxapex|Poison Jab|p2a: Ninetales
|-damage|p2a: Ninetales|16/100 psn
|
|-weather|SunnyDay|[upkeep]
|-heal|p1a: Toxapex|68/100 brn|[from] item: Leftovers
|-damage|p2a: Ninetales|3/100 psn|[from] psn
|-damage|p1a: Toxapex|61/100 brn|[from] brn
|-damage|p2a: Ninetales|0 fnt|[from] move: Infestation|[partiallytrapped]
|faint|p2a: Ninetales
|upkeep
|
|t:|1779857111
|switch|p2a: Walking Wake|Walking Wake|100/100
|-activate|p2a: Walking Wake|ability: Protosynthesis
|-start|p2a: Walking Wake|protosynthesisspa
|turn|5
|
|t:|1779857123
|switch|p1a: Clefable|Clefable, M|100/100
|-terastallize|p2a: Walking Wake|Water
|move|p2a: Walking Wake|Hydro Steam|p1a: Clefable
|-damage|p1a: Clefable|0 fnt
|faint|p1a: Clefable
|
|-weather|SunnyDay|[upkeep]
|upkeep
|
|t:|1779857130
|switch|p1a: Toxapex|Toxapex, F|95/100 brn
|turn|6
|
|t:|1779857134
|move|p1a: Toxapex|Baneful Bunker|p1a: Toxapex
|-singleturn|p1a: Toxapex|move: Protect
|move|p2a: Walking Wake|Hydro Steam|p1a: Toxapex
|-activate|p1a: Toxapex|move: Protect
|
|-weather|SunnyDay|[upkeep]
|-heal|p1a: Toxapex|100/100 brn|[from] item: Leftovers
|-damage|p1a: Toxapex|94/100 brn|[from] brn
|upkeep
|turn|7
|
|t:|1779857143
|move|p2a: Walking Wake|Hydro Steam|p1a: Toxapex
|-resisted|p1a: Toxapex
|-damage|p1a: Toxapex|26/100 brn
|move|p1a: Toxapex|Infestation|p2a: Walking Wake
|-damage|p2a: Walking Wake|97/100
|-activate|p2a: Walking Wake|move: Infestation|[of] p1a: Toxapex
|
|-weather|SunnyDay|[upkeep]
|-heal|p1a: Toxapex|33/100 brn|[from] item: Leftovers
|-damage|p1a: Toxapex|26/100 brn|[from] brn
|-damage|p2a: Walking Wake|85/100|[from] move: Infestation|[partiallytrapped]
|upkeep
|turn|8
|
|t:|1779857153
|switch|p1a: Dondozo|Dondozo, M|100/100
|move|p2a: Walking Wake|Hydro Steam|p1a: Dondozo
|-resisted|p1a: Dondozo
|-damage|p1a: Dondozo|23/100
|
|-weather|none
|-end|p2a: Walking Wake|Protosynthesis
|-heal|p1a: Dondozo|29/100|[from] item: Leftovers
|-end|p2a: Walking Wake|Infestation|[partiallytrapped]|[silent]
|upkeep
|turn|9
|
|t:|1779857161
|switch|p1a: Toxapex|Toxapex, F|60/100 brn
|move|p2a: Walking Wake|Hydro Steam|p1a: Toxapex
|-resisted|p1a: Toxapex
|-damage|p1a: Toxapex|22/100 brn
|
|-heal|p1a: Toxapex|28/100 brn|[from] item: Leftovers
|-damage|p1a: Toxapex|22/100 brn|[from] brn
|upkeep
|turn|10
|
|t:|1779857170
|switch|p1a: Dondozo|Dondozo, M|29/100
|move|p2a: Walking Wake|Hydro Steam|p1a: Dondozo
|-resisted|p1a: Dondozo
|-damage|p1a: Dondozo|0 fnt
|faint|p1a: Dondozo
|
|upkeep
|-message|00000ooo. forfeited.
|
|win|future94
|raw|00000ooo.'s rating: 1378 &rarr; <strong>1358</strong><br />(-20 for losing)
|raw|future94's rating: 1379 &rarr; <strong>1399</strong><br />(+20 for winning)
|l|☆00000ooo.
|player|p1|
|l|☆future94
|player|p2|
