|j|☆lflintc
|j|☆Morsone
|t:|1779803207
|gametype|singles
|player|p1|lflintc|benga|1108
|player|p2|Morsone|riley|1103
|gen|9
|tier|[Gen 9] OU
|rated|
|rule|HP Percentage Mod: HP is shown in percentages
|rule|Endless Battle Clause: Forcing endless battles is banned
|rule|Species Clause: Limit one of each Pokémon
|rule|OHKO Clause: OHKO moves are banned
|rule|Evasion Items Clause: Evasion items are banned
|rule|Evasion Moves Clause: Evasion moves are banned
|rule|Evasion Abilities Clause: Evasion abilities are banned
|rule|Sleep Moves Clause: Sleep-inducing moves are banned
|clearpoke
|poke|p1|Tyranitar, F|
|poke|p1|Landorus-Therian, M|
|poke|p1|Terrakion|
|poke|p1|Heatran, M|
|poke|p1|Latios, M|
|poke|p1|Gliscor, M|
|poke|p2|Umbreon, M|
|poke|p2|Ursaluna, M|
|poke|p2|Garganacl, M|
|poke|p2|Iron Crown|
|poke|p2|Blastoise, M|
|poke|p2|Enamorus, F|
|teampreview
|
|t:|1779803211
|teamsize|p1|6
|teamsize|p2|6
|start
|switch|p1a: Tyranitar|Tyranitar, F|100/100
|switch|p2a: Big Boi Stand|Enamorus, F, shiny|100/100
|-weather|Sandstorm|[from] ability: Sand Stream|[of] p1a: Tyranitar
|turn|1
|
|t:|1779803224
|-terastallize|p1a: Tyranitar|Dark
|move|p2a: Big Boi Stand|Superpower|p1a: Tyranitar
|-supereffective|p1a: Tyranitar
|-damage|p1a: Tyranitar|42/100
|-boost|p2a: Big Boi Stand|atk|1
|-boost|p2a: Big Boi Stand|def|1
|move|p1a: Tyranitar|Crunch|p2a: Big Boi Stand
|-resisted|p2a: Big Boi Stand
|-damage|p2a: Big Boi Stand|68/100
|
|-weather|Sandstorm|[upkeep]
|-damage|p2a: Big Boi Stand|61/100|[from] Sandstorm
|-damage|p1a: Tyranitar|35/100|[from] Sandstorm
|-heal|p1a: Tyranitar|42/100|[from] item: Leftovers
|upkeep
|turn|2
|
|t:|1779803257
|switch|p1a: Latios|Latios, M|100/100
|move|p2a: Big Boi Stand|Superpower|p1a: Latios
|-resisted|p1a: Latios
|-damage|p1a: Latios|63/100
|-boost|p2a: Big Boi Stand|atk|1
|-boost|p2a: Big Boi Stand|def|1
|
|-weather|Sandstorm|[upkeep]
|-damage|p2a: Big Boi Stand|55/100|[from] Sandstorm
|-damage|p1a: Latios|57/100|[from] Sandstorm
|upkeep
|turn|3
|
|t:|1779803270
|move|p2a: Big Boi Stand|Play Rough|p1a: Latios
|-supereffective|p1a: Latios
|-damage|p1a: Latios|0 fnt
|faint|p1a: Latios
|
|-weather|Sandstorm|[upkeep]
|-damage|p2a: Big Boi Stand|49/100|[from] Sandstorm
|upkeep
|
|t:|1779803278
|switch|p1a: Heatran|Heatran, M|100/100
|turn|4
|
|t:|1779803306
|move|p2a: Big Boi Stand|Superpower|p1a: Heatran
|-supereffective|p1a: Heatran
|-damage|p1a: Heatran|0 fnt
|-boost|p2a: Big Boi Stand|atk|1
|-boost|p2a: Big Boi Stand|def|1
|faint|p1a: Heatran
|
|-weather|Sandstorm|[upkeep]
|-damage|p2a: Big Boi Stand|43/100|[from] Sandstorm
|upkeep
|
|t:|1779803315
|switch|p1a: Terrakion|Terrakion|100/100
|turn|5
|
|t:|1779803332
|move|p2a: Big Boi Stand|Superpower|p1a: Terrakion
|-supereffective|p1a: Terrakion
|-damage|p1a: Terrakion|0 fnt
|-boost|p2a: Big Boi Stand|atk|1
|-boost|p2a: Big Boi Stand|def|1
|faint|p1a: Terrakion
|
|-weather|none
|upkeep
|
|t:|1779803342
|switch|p1a: Landorus|Landorus-Therian, M|100/100
|-ability|p1a: Landorus|Intimidate|boost
|-boost|p2a: Big Boi Stand|atk|1
|turn|6
|
|t:|1779803349
|move|p2a: Big Boi Stand|Play Rough|p1a: Landorus
|-crit|p1a: Landorus
|-damage|p1a: Landorus|0 fnt
|faint|p1a: Landorus
|
|upkeep
|
|t:|1779803354
|switch|p1a: Gliscor|Gliscor, M|100/100
|turn|7
|
|t:|1779803364
|move|p2a: Big Boi Stand|Play Rough|p1a: Gliscor
|-damage|p1a: Gliscor|0 fnt
|faint|p1a: Gliscor
|
|upkeep
|
|t:|1779803370
|switch|p1a: Tyranitar|Tyranitar, F, tera:Dark|42/100
|-weather|Sandstorm|[from] ability: Sand Stream|[of] p1a: Tyranitar
|turn|8
|
|t:|1779803375
|move|p2a: Big Boi Stand|Superpower|p1a: Tyranitar
|-supereffective|p1a: Tyranitar
|-damage|p1a: Tyranitar|0 fnt
|-boost|p2a: Big Boi Stand|atk|1
|-boost|p2a: Big Boi Stand|def|1
|faint|p1a: Tyranitar
|
|win|Morsone
|raw|lflintc's rating: 1108 &rarr; <strong>1083</strong><br />(-25 for losing)
|raw|Morsone's rating: 1103 &rarr; <strong>1128</strong><br />(+25 for winning)
|l|☆Morsone
|player|p2|
