|j|☆ItzPoptarts
|j|☆sunshinepromise
|t:|1779800426
|gametype|singles
|player|p1|ItzPoptarts|102|1456
|player|p2|sunshinepromise|265|1394
|gen|9
|tier|[Gen 9] OU
|rated|
|rule|HP Percentage Mod: HP is shown in percentages
|rule|Endless Battle Clause: Forcing endless battles is banned
|rule|Species Clause: Limit one of each Pokémon
|rule|OHKO Clause: OHKO moves are banned
|rule|Evasion Items Clause: Evasion items are banned
|rule|Evasion Moves Clause: Evasion moves are banned
|rule|Evasion Abilities Clause: Evasion abilities are banned
|rule|Sleep Moves Clause: Sleep-inducing moves are banned
|clearpoke
|poke|p1|Zamazenta-*|
|poke|p1|Rillaboom, F|
|poke|p1|Gholdengo|
|poke|p1|Slowking-Galar, F|
|poke|p1|Great Tusk|
|poke|p1|Ogerpon, F|
|poke|p2|Pincurchin, M|
|poke|p2|Iron Treads|
|poke|p2|Iron Hands|
|poke|p2|Iron Valiant|
|poke|p2|Raging Bolt|
|poke|p2|Iron Moth|
|teampreview
|
|t:|1779800440
|teamsize|p1|6
|teamsize|p2|6
|start
|switch|p1a: Rilla llama|Rillaboom, F|100/100
|switch|p2a: Raging Bolt|Raging Bolt|100/100
|-fieldstart|move: Grassy Terrain|[from] ability: Grassy Surge|[of] p1a: Rilla llama
|-enditem|p2a: Raging Bolt|Booster Energy
|-activate|p2a: Raging Bolt|ability: Protosynthesis|[fromitem]
|-start|p2a: Raging Bolt|protosynthesisspa
|turn|1
|
|t:|1779800452
|move|p1a: Rilla llama|U-turn|p2a: Raging Bolt
|-damage|p2a: Raging Bolt|80/100
|
|t:|1779800457
|switch|p1a: Ghold llama|Gholdengo|100/100|[from] U-turn
|-item|p1a: Ghold llama|Air Balloon
|move|p2a: Raging Bolt|Calm Mind|p2a: Raging Bolt
|-boost|p2a: Raging Bolt|spa|1
|-boost|p2a: Raging Bolt|spd|1
|
|-heal|p2a: Raging Bolt|86/100|[from] Grassy Terrain
|upkeep
|turn|2
|
|t:|1779800464
|move|p1a: Ghold llama|Dazzling Gleam|p2a: Raging Bolt
|-supereffective|p2a: Raging Bolt
|-damage|p2a: Raging Bolt|51/100
|move|p2a: Raging Bolt|Thunderbolt|p1a: Ghold llama
|-damage|p1a: Ghold llama|0 fnt
|-enditem|p1a: Ghold llama|Air Balloon
|faint|p1a: Ghold llama
|
|-heal|p2a: Raging Bolt|57/100|[from] Grassy Terrain
|upkeep
|
|t:|1779800477
|switch|p1a: Oger llama|Ogerpon, F|100/100
|turn|3
|inactive|Battle timer is ON: inactive players will automatically lose when time's up. (requested by sunshinepromise)
|
|t:|1779800491
|-terastallize|p1a: Oger llama|Grass
|detailschange|p1a: Oger llama|Ogerpon-Teal-Tera, F, tera:Grass
|-ability|p1a: Oger llama|Embody Aspect (Teal)|boost
|-boost|p1a: Oger llama|spe|1
|move|p1a: Oger llama|Ivy Cudgel|p2a: Raging Bolt
|-resisted|p2a: Raging Bolt
|-crit|p2a: Raging Bolt
|-damage|p2a: Raging Bolt|8/100
|move|p2a: Raging Bolt|Dragon Pulse|p1a: Oger llama
|-damage|p1a: Oger llama|0 fnt
|faint|p1a: Oger llama
|detailschange|p1: Oger llama|Ogerpon, F|[silent]
|
|-heal|p2a: Raging Bolt|14/100|[from] Grassy Terrain
|upkeep
|
|t:|1779800501
|switch|p1a: Zama llama|Zamazenta|100/100
|-ability|p1a: Zama llama|Dauntless Shield|boost
|-boost|p1a: Zama llama|def|1
|-enditem|p1a: Zama llama|Grassy Seed
|-boost|p1a: Zama llama|def|1|[from] item: Grassy Seed
|turn|4
|
|t:|1779800505
|move|p2a: Raging Bolt|Thunderclap|p1a: Zama llama
|-damage|p1a: Zama llama|29/100
|move|p1a: Zama llama|Body Press|p2a: Raging Bolt
|-damage|p2a: Raging Bolt|0 fnt
|faint|p2a: Raging Bolt
|-end|p2a: Raging Bolt|Protosynthesis|[silent]
|
|-heal|p1a: Zama llama|36/100|[from] Grassy Terrain
|upkeep
|
|t:|1779800526
|switch|p2a: Iron Moth|Iron Moth|100/100
|turn|5
|
|t:|1779800534
|move|p1a: Zama llama|Crunch|p2a: Iron Moth
|-damage|p2a: Iron Moth|49/100
|move|p2a: Iron Moth|Fiery Dance|p1a: Zama llama
|-damage|p1a: Zama llama|0 fnt
|-boost|p2a: Iron Moth|spa|1
|faint|p1a: Zama llama
|
|-heal|p2a: Iron Moth|55/100|[from] Grassy Terrain
|-fieldend|move: Grassy Terrain
|upkeep
|
|t:|1779800544
|switch|p1a: Slow llama|Slowking-Galar, F|100/100
|turn|6
|
|t:|1779800549
|-terastallize|p2a: Iron Moth|Electric
|move|p2a: Iron Moth|Meteor Beam||[still]
|-prepare|p2a: Iron Moth|Meteor Beam
|-boost|p2a: Iron Moth|spa|1
|-enditem|p2a: Iron Moth|Power Herb
|-anim|p2a: Iron Moth|Meteor Beam|p1a: Slow llama|[miss]
|-miss|p2a: Iron Moth|p1a: Slow llama
|move|p1a: Slow llama|Eerie Spell|p2a: Iron Moth
|-damage|p2a: Iron Moth|23/100
|-activate|p2a: Iron Moth|move: Eerie Spell|Meteor Beam|3
|
|upkeep
|turn|7
|
|t:|1779800563
|move|p2a: Iron Moth|Fiery Dance|p1a: Slow llama
|-damage|p1a: Slow llama|22/100
|-boost|p2a: Iron Moth|spa|1
|move|p1a: Slow llama|Sludge Wave|p2a: Iron Moth
|-damage|p2a: Iron Moth|0 fnt
|faint|p2a: Iron Moth
|-end|p2a: Iron Moth|Quark Drive|[silent]
|
|-heal|p1a: Slow llama|29/100|[from] item: Black Sludge
|upkeep
|c|☆sunshinepromise|awould of been nice to land thant
|
|t:|1779800590
|switch|p2a: Iron Treads|Iron Treads|100/100
|turn|8
|
|t:|1779800594
|switch|p1a: Rilla llama|Rillaboom, F|100/100
|-fieldstart|move: Grassy Terrain|[from] ability: Grassy Surge|[of] p1a: Rilla llama
|move|p2a: Iron Treads|Earthquake|p1a: Rilla llama
|-resisted|p1a: Rilla llama
|-damage|p1a: Rilla llama|87/100
|
|-heal|p1a: Rilla llama|93/100|[from] Grassy Terrain
|upkeep
|turn|9
|
|t:|1779800603
|move|p2a: Iron Treads|Iron Head|p1a: Rilla llama
|-damage|p1a: Rilla llama|46/100
|cant|p1a: Rilla llama|flinch
|
|-heal|p1a: Rilla llama|52/100|[from] Grassy Terrain
|upkeep
|turn|10
|
|t:|1779800612
|move|p1a: Rilla llama|Grassy Glide|p2a: Iron Treads
|-damage|p2a: Iron Treads|67/100
|move|p2a: Iron Treads|Iron Head|p1a: Rilla llama
|-damage|p1a: Rilla llama|4/100
|
|-heal|p2a: Iron Treads|73/100|[from] Grassy Terrain
|-heal|p1a: Rilla llama|10/100|[from] Grassy Terrain
|upkeep
|turn|11
|
|t:|1779800620
|move|p2a: Iron Treads|Iron Head|p1a: Rilla llama
|-damage|p1a: Rilla llama|0 fnt
|faint|p1a: Rilla llama
|
|-heal|p2a: Iron Treads|79/100|[from] Grassy Terrain
|upkeep
|
|t:|1779800625
|switch|p1a: Great llama|Great Tusk|100/100
|turn|12
|
|t:|1779800630
|move|p2a: Iron Treads|Iron Head|p1a: Great llama
|-damage|p1a: Great llama|67/100
|cant|p1a: Great llama|flinch
|
|-heal|p2a: Iron Treads|86/100|[from] Grassy Terrain
|-heal|p1a: Great llama|74/100|[from] Grassy Terrain
|-heal|p1a: Great llama|80/100|[from] item: Leftovers
|-fieldend|move: Grassy Terrain
|upkeep
|turn|13
|
|t:|1779800634
|move|p2a: Iron Treads|Iron Head|p1a: Great llama
|-damage|p1a: Great llama|51/100
|move|p1a: Great llama|Rapid Spin|p2a: Iron Treads
|-resisted|p2a: Iron Treads
|-damage|p2a: Iron Treads|78/100
|-boost|p1a: Great llama|spe|1
|
|-heal|p1a: Great llama|57/100|[from] item: Leftovers
|upkeep
|turn|14
|
|t:|1779800641
|move|p1a: Great llama|Headlong Rush|p2a: Iron Treads
|-supereffective|p2a: Iron Treads
|-damage|p2a: Iron Treads|0 fnt
|-unboost|p1a: Great llama|def|1
|-unboost|p1a: Great llama|spd|1
|faint|p2a: Iron Treads
|-end|p2a: Iron Treads|Quark Drive|[silent]
|
|-heal|p1a: Great llama|63/100|[from] item: Leftovers
|upkeep
|
|t:|1779800644
|switch|p2a: Pincurchin|Pincurchin, M|100/100
|-fieldstart|move: Electric Terrain|[from] ability: Electric Surge|[of] p2a: Pincurchin
|turn|15
|
|t:|1779800656
|move|p1a: Great llama|Rapid Spin|p2a: Pincurchin
|-crit|p2a: Pincurchin
|-damage|p2a: Pincurchin|67/100
|-boost|p1a: Great llama|spe|1
|move|p2a: Pincurchin|Scald|p1a: Great llama
|-supereffective|p1a: Great llama
|-damage|p1a: Great llama|0 fnt
|faint|p1a: Great llama
|-end|p1a: Great llama|Protosynthesis|[silent]
|
|upkeep
|
|t:|1779800662
|switch|p1a: Slow llama|Slowking-Galar, F|62/100
|turn|16
|
|t:|1779800666
|move|p1a: Slow llama|Eerie Spell|p2a: Pincurchin
|-damage|p2a: Pincurchin|14/100
|-activate|p2a: Pincurchin|move: Eerie Spell|Scald|3
|move|p2a: Pincurchin|Memento|p1a: Slow llama
|-unboost|p1a: Slow llama|atk|2
|-unboost|p1a: Slow llama|spa|2
|faint|p2a: Pincurchin
|
|-heal|p1a: Slow llama|68/100|[from] item: Black Sludge
|upkeep
|
|t:|1779800669
|switch|p2a: Iron Hands|Iron Hands|100/100
|-item|p2a: Iron Hands|Air Balloon
|-activate|p2a: Iron Hands|ability: Quark Drive
|-start|p2a: Iron Hands|quarkdriveatk
|turn|17
|
|t:|1779800672
|move|p2a: Iron Hands|Thunder Punch|p1a: Slow llama
|-damage|p1a: Slow llama|17/100
|-status|p1a: Slow llama|par
|move|p1a: Slow llama|Eerie Spell|p2a: Iron Hands
|-supereffective|p2a: Iron Hands
|-damage|p2a: Iron Hands|75/100
|-activate|p2a: Iron Hands|move: Eerie Spell|Thunder Punch|3
|-enditem|p2a: Iron Hands|Air Balloon
|
|-heal|p1a: Slow llama|23/100 par|[from] item: Black Sludge
|upkeep
|turn|18
|
|t:|1779800679
|move|p2a: Iron Hands|Thunder Punch|p1a: Slow llama
|-damage|p1a: Slow llama|0 fnt
|faint|p1a: Slow llama
|
|win|sunshinepromise
|raw|ItzPoptarts's rating: 1456 &rarr; <strong>1432</strong><br />(-24 for losing)
|raw|sunshinepromise's rating: 1394 &rarr; <strong>1418</strong><br />(+24 for winning)
|l|☆sunshinepromise
|player|p2|
|l|☆ItzPoptarts
|player|p1|
