|j|☆deanithinkk-?????
|j|☆Zephi-P
|t:|1779873321
|gametype|singles
|player|p1|deanithinkk-?????|n|
|player|p2|Zephi-P|miku-ghost|
|gen|9
|tier|[Gen 9] OU
|rule|HP Percentage Mod: HP is shown in percentages
|rule|Endless Battle Clause: Forcing endless battles is banned
|rule|Species Clause: Limit one of each Pokémon
|rule|OHKO Clause: OHKO moves are banned
|rule|Evasion Items Clause: Evasion items are banned
|rule|Evasion Moves Clause: Evasion moves are banned
|rule|Evasion Abilities Clause: Evasion abilities are banned
|rule|Sleep Moves Clause: Sleep-inducing moves are banned
|clearpoke
|poke|p1|Lokix, M|
|poke|p1|Galvantula, M|
|poke|p1|Rabsca, F|
|poke|p1|Scizor, M|
|poke|p1|Kleavor, F|
|poke|p1|Forretress, F|
|poke|p2|Slowking-Galar, F|
|poke|p2|Landorus-Therian, M|
|poke|p2|Kyurem|
|poke|p2|Iron Valiant|
|poke|p2|Cinderace, M|
|poke|p2|Kingambit, M|
|teampreview
|inactive|Battle timer is ON: inactive players will automatically lose when time's up. (requested by deanithinkk-?????)
|c|☆deanithinkk-?????|hey so
|c|☆Zephi-P|Folk
|c|☆Zephi-P|REAL big fish to fry
|c|☆deanithinkk-?????|i have a 100% winrate with rhis
|c|☆deanithinkk-?????|don't ruin it
|
|t:|1779873352
|teamsize|p1|6
|teamsize|p2|6
|start
|switch|p1a: Galvantula|Galvantula, M|100/100
|switch|p2a: Great Flocci|Landorus-Therian, M|100/100
|-ability|p2a: Great Flocci|Intimidate|boost
|-unboost|p1a: Galvantula|atk|1
|turn|1
|
|t:|1779873364
|move|p1a: Galvantula|Sticky Web|p2a: Great Flocci
|-sidestart|p2: Zephi-P|move: Sticky Web
|move|p2a: Great Flocci|Earthquake|p1a: Galvantula
|-damage|p1a: Galvantula|32/100
|
|upkeep
|turn|2
|
|t:|1779873371
|move|p1a: Galvantula|Infestation|p2a: Great Flocci
|-resisted|p2a: Great Flocci
|-damage|p2a: Great Flocci|97/100
|-activate|p2a: Great Flocci|move: Infestation|[of] p1a: Galvantula
|-damage|p1a: Galvantula|15/100|[from] item: Rocky Helmet|[of] p2a: Great Flocci
|move|p2a: Great Flocci|Earthquake|p1a: Galvantula
|-damage|p1a: Galvantula|0 fnt
|faint|p1a: Galvantula
|
|-end|p2a: Great Flocci|Infestation|[partiallytrapped]|[silent]
|upkeep
|c|☆Zephi-P|dude you do know there's a reason you don't run sticky web on a team with cinderace
|c|☆Zephi-P|😭😭
|
|t:|1779873394
|switch|p1a: Kleavor|Kleavor, F|100/100
|turn|3
|c|☆Zephi-P|You're le ✨cooked✨
|c|☆deanithinkk-?????|don't use cinderace
|c|☆deanithinkk-?????|or I'm
|c|☆deanithinkk-?????|doing
|
|t:|1779873414
|move|p1a: Kleavor|Stone Axe|p2a: Great Flocci
|-damage|p2a: Great Flocci|51/100
|-damage|p1a: Kleavor|84/100|[from] item: Rocky Helmet|[of] p2a: Great Flocci
|-sidestart|p2: Zephi-P|move: Stealth Rock
|move|p2a: Great Flocci|Earthquake|p1a: Kleavor
|-damage|p1a: Kleavor|37/100
|
|upkeep
|turn|4
|
|t:|1779873423
|move|p1a: Kleavor|Stone Axe|p2a: Great Flocci|[miss]
|-miss|p1a: Kleavor|p2a: Great Flocci
|move|p2a: Great Flocci|Earthquake|p1a: Kleavor
|-damage|p1a: Kleavor|0 fnt
|faint|p1a: Kleavor
|
|upkeep
|c|☆Zephi-P|this is like finding a gold scar bro
|c|☆deanithinkk-?????|bro
|
|t:|1779873433
|switch|p1a: Lokix|Lokix, M|100/100
|turn|5
|c|☆Zephi-P|Payback for the will o wisp
|c|☆Zephi-P|Son
|c|☆Zephi-P|If ts is
|c|☆Zephi-P|Life orb
|c|☆Zephi-P|I'm going to cry
|inactive|deanithinkk-????? has 270 seconds left.
|
|t:|1779873458
|move|p1a: Lokix|Leech Life|p2a: Great Flocci
|-resisted|p2a: Great Flocci
|-damage|p2a: Great Flocci|14/100
|-damage|p1a: Lokix|84/100|[from] item: Rocky Helmet|[of] p2a: Great Flocci
|move|p2a: Great Flocci|U-turn|p1a: Lokix
|-supereffective|p1a: Lokix
|-damage|p1a: Lokix|34/100
|
|t:|1779873468
|switch|p2a: Heavy|Slowking-Galar, F, shiny|100/100|[from] U-turn
|
|upkeep
|turn|6
|
|t:|1779873474
|switch|p2a: Great Flocci|Landorus-Therian, M|14/100
|-damage|p2a: Great Flocci|1/100|[from] Stealth Rock
|-ability|p2a: Great Flocci|Intimidate|boost
|-unboost|p1a: Lokix|atk|1
|move|p1a: Lokix|Leech Life|p2a: Great Flocci
|-resisted|p2a: Great Flocci
|-damage|p2a: Great Flocci|0 fnt
|-heal|p1a: Lokix|35/100|[from] drain|[of] p2a: Great Flocci
|-damage|p1a: Lokix|18/100|[from] item: Rocky Helmet|[of] p2a: Great Flocci
|faint|p2a: Great Flocci
|
|upkeep
|c|☆Zephi-P|IT WAS SUPPOSED TO DIE
|
|t:|1779873482
|switch|p2a: Neymar|Cinderace, M, shiny|100/100
|turn|7
|c|☆deanithinkk-?????|yess 1 hp
|c|☆Zephi-P|lokix hero clutch
|
|t:|1779873492
|move|p2a: Neymar|Court Change|p2a: Neymar
|-start|p2a: Neymar|typechange|Normal|[from] ability: Libero
|-swapsideconditions
|-activate|p2a: Neymar|move: Court Change
|move|p1a: Lokix|Leech Life|p2a: Neymar
|-damage|p2a: Neymar|66/100
|-heal|p1a: Lokix|34/100|[from] drain|[of] p2a: Neymar
|
|upkeep
|turn|8
|c|☆Zephi-P|Lore drop but like
|c|☆deanithinkk-?????|use pyro ball and u like guys
|c|☆Zephi-P|Bug type mons are based on kamen rider right
|c|☆Zephi-P|Right
|c|☆Zephi-P|Dark types in japan are called evil types
|inactive|Zephi-P has 270 seconds left.
|c|☆Zephi-P|Dark types are weak to bug because of the kamen rider inspo
|c|☆deanithinkk-?????|evil kamen rider
|
|t:|1779873532
|move|p2a: Neymar|Will-O-Wisp|p1a: Lokix
|-status|p1a: Lokix|brn
|move|p1a: Lokix|Leech Life|p2a: Neymar
|-damage|p2a: Neymar|47/100
|-heal|p1a: Lokix|42/100 brn|[from] drain|[of] p2a: Neymar
|
|-damage|p1a: Lokix|36/100 brn|[from] brn
|upkeep
|turn|9
|inactive|Zephi-P has 270 seconds left.
|c|☆deanithinkk-?????|correction
|c|☆Zephi-P|That wasn't pyro ball
|c|☆Zephi-P|🥹🥹
|inactive|deanithinkk-????? has 270 seconds left.
|c|☆deanithinkk-?????|you threw a fire ball at me
|c|☆Zephi-P|No cuz
|c|☆Zephi-P|It was a flame not a ball
|c|☆Zephi-P|Aura
|c|☆deanithinkk-?????|pyro is another thing to call fire
|c|☆Zephi-P|Now..
|inactive|Zephi-P has 240 seconds left.
|c|☆deanithinkk-?????|so u used pyro ball
|c|☆Zephi-P|You get hard walled by
|c|☆Zephi-P|landorous.
|c|☆deanithinkk-?????|I'm hard.
|c|☆Zephi-P|wait if j already used pyro ball then that means i can use it again yess
|
|t:|1779873584
|move|p2a: Neymar|Pyro Ball|p1a: Lokix|[miss]
|-miss|p2a: Neymar|p1a: Lokix
|move|p1a: Lokix|Leech Life|p2a: Neymar
|-damage|p2a: Neymar|27/100
|-heal|p1a: Lokix|44/100 brn|[from] drain|[of] p2a: Neymar
|
|-damage|p1a: Lokix|38/100 brn|[from] brn
|upkeep
|turn|10
|c|☆Zephi-P|Oh my
|c|☆deanithinkk-?????|no.
|c|☆Zephi-P|Gosh
|c|☆deanithinkk-?????|i said no pyro ball
|
|t:|1779873595
|move|p2a: Neymar|Pyro Ball|p1a: Lokix|[miss]
|-miss|p2a: Neymar|p1a: Lokix
|move|p1a: Lokix|Leech Life|p2a: Neymar
|-damage|p2a: Neymar|9/100
|-heal|p1a: Lokix|46/100 brn|[from] drain|[of] p2a: Neymar
|
|-damage|p1a: Lokix|40/100 brn|[from] brn
|upkeep
|turn|11
|c|☆Zephi-P|no cuz
|c|☆Zephi-P|Will o wisp
|c|☆Zephi-P|WAS
|c|☆Zephi-P|..
|c|☆deanithinkk-?????|I SAID NO PYRO BALL
|c|☆Zephi-P|SAY WALLAHI
|c|☆Zephi-P|SAY WALLAHI
|
|t:|1779873607
|move|p2a: Neymar|Pyro Ball|p1a: Lokix|[miss]
|-miss|p2a: Neymar|p1a: Lokix
|move|p1a: Lokix|Leech Life|p2a: Neymar
|-damage|p2a: Neymar|0 fnt
|-heal|p1a: Lokix|44/100 brn|[from] drain|[of] p2a: Neymar
|faint|p2a: Neymar
|
|-damage|p1a: Lokix|38/100 brn|[from] brn
|upkeep
|c|☆deanithinkk-?????|NO
|c|☆Zephi-P|SAY WALLAHI
|c|☆deanithinkk-?????|I SAID NO PYRO BALL
|
|t:|1779873620
|switch|p2a: Subaru|Iron Valiant|100/100
|-enditem|p2a: Subaru|Booster Energy
|-activate|p2a: Subaru|ability: Quark Drive|[fromitem]
|-start|p2a: Subaru|quarkdrivespe
|turn|12
|c|☆Zephi-P|Yo tra la lero tra la my bad
|c|☆Zephi-P|I didn't know your game like that
|c|☆Zephi-P|😥😨
|inactive|deanithinkk-????? has 240 seconds left.
|
|t:|1779873656
|move|p2a: Subaru|Moonblast|p1a: Lokix
|-supereffective|p1a: Lokix
|-damage|p1a: Lokix|0 fnt
|faint|p1a: Lokix
|
|upkeep
|
|t:|1779873665
|switch|p1a: Forretress|Forretress, F|100/100
|turn|13
|inactive|Zephi-P has 240 seconds left.
|
|t:|1779873673
|-terastallize|p2a: Subaru|Ghost
|move|p2a: Subaru|Knock Off|p1a: Forretress
|-damage|p1a: Forretress|80/100
|-enditem|p1a: Forretress|Heavy-Duty Boots|[from] move: Knock Off|[of] p2a: Subaru
|move|p1a: Forretress|Rapid Spin|p2a: Subaru
|-immune|p2a: Subaru
|
|upkeep
|turn|14
|c|☆Zephi-P|Oh
|inactive|deanithinkk-????? has 240 seconds left.
|c|☆deanithinkk-?????|I'm gonna
|
|t:|1779873690
|move|p2a: Subaru|Close Combat|p1a: Forretress
|-crit|p1a: Forretress
|-damage|p1a: Forretress|21/100
|-unboost|p2a: Subaru|def|1
|-unboost|p2a: Subaru|spd|1
|move|p1a: Forretress|Gyro Ball|p2a: Subaru
|-damage|p2a: Subaru|9/100
|
|upkeep
|turn|15
|c|☆Zephi-P|I genuinely thought it would use explosion
|inactive|deanithinkk-????? has 240 seconds left.
|inactive|Zephi-P has 240 seconds left.
|c|☆deanithinkk-?????|watch this miss.
|
|t:|1779873715
|switch|p1a: Rabsca|Rabsca, F|100/100
|-activate|p1a: Rabsca|move: Sticky Web
|-unboost|p1a: Rabsca|spe|1
|-damage|p1a: Rabsca|76/100|[from] Stealth Rock
|move|p2a: Subaru|Close Combat|p1a: Rabsca
|-resisted|p1a: Rabsca
|-damage|p1a: Rabsca|63/100
|-unboost|p2a: Subaru|def|1
|-unboost|p2a: Subaru|spd|1
|
|-status|p1a: Rabsca|brn|[from] item: Flame Orb
|upkeep
|turn|16
|
|t:|1779873730
|move|p2a: Subaru|Knock Off|p1a: Rabsca
|-supereffective|p1a: Rabsca
|-damage|p1a: Rabsca|13/100 brn
|-enditem|p1a: Rabsca|Flame Orb|[from] move: Knock Off|[of] p2a: Subaru
|move|p1a: Rabsca|Revival Blessing|p1a: Rabsca
|
|t:|1779873738
|-heal|p1: Lokix|50/100|[from] move: Revival Blessing
|
|-damage|p1a: Rabsca|6/100 brn|[from] brn
|upkeep
|turn|17
|c|☆Zephi-P|Why'd bro use facade
|
|t:|1779873747
|move|p2a: Subaru|Moonblast|p1a: Rabsca
|-damage|p1a: Rabsca|0 fnt
|faint|p1a: Rabsca
|
|upkeep
|
|t:|1779873754
|switch|p1a: Scizor|Scizor, M|100/100
|-activate|p1a: Scizor|move: Sticky Web
|-unboost|p1a: Scizor|spe|1
|-damage|p1a: Scizor|88/100|[from] Stealth Rock
|turn|18
|
|t:|1779873767
|move|p1a: Scizor|Bullet Punch|p2a: Subaru
|-damage|p2a: Subaru|0 fnt
|faint|p2a: Subaru
|-end|p2a: Subaru|Quark Drive|[silent]
|
|upkeep
|
|t:|1779873777
|switch|p2a: Magnus|Kingambit, M, shiny|100/100
|-activate|p2a: Magnus|ability: Supreme Overlord
|-start|p2a: Magnus|fallen3|[silent]
|turn|19
|
|t:|1779873782
|move|p1a: Scizor|Bullet Punch|p2a: Magnus
|-resisted|p2a: Magnus
|-damage|p2a: Magnus|82/100
|move|p2a: Magnus|Swords Dance|p2a: Magnus
|-boost|p2a: Magnus|atk|2
|
|-heal|p2a: Magnus|88/100|[from] item: Leftovers
|upkeep
|turn|20
|inactive|deanithinkk-????? has 240 seconds left.
|c|☆deanithinkk-?????|ay* I'm odin din DONE😂
|
|t:|1779873803
|move|p1a: Scizor|Bullet Punch|p2a: Magnus
|-resisted|p2a: Magnus
|-damage|p2a: Magnus|71/100
|move|p2a: Magnus|Kowtow Cleave|p1a: Scizor
|-damage|p1a: Scizor|0 fnt
|faint|p1a: Scizor
|
|-heal|p2a: Magnus|77/100|[from] item: Leftovers
|upkeep
|c|☆Zephi-P|Nah cuz
|c|☆Zephi-P|magnus is
|
|t:|1779873816
|switch|p1a: Lokix|Lokix, M|50/100
|-activate|p1a: Lokix|move: Sticky Web
|-unboost|p1a: Lokix|spe|1
|-damage|p1a: Lokix|26/100|[from] Stealth Rock
|turn|21
|c|☆Zephi-P|wait.. still goated!?
|c|☆Zephi-P|Magnus is still goated after all this time..? Even after new players!?
|
|t:|1779873834
|-terastallize|p1a: Lokix|Bug
|move|p1a: Lokix|First Impression|p2a: Magnus
|-damage|p2a: Magnus|36/100
|move|p2a: Magnus|Iron Head|p1a: Lokix
|-damage|p1a: Lokix|0 fnt
|faint|p1a: Lokix
|
|-heal|p2a: Magnus|42/100|[from] item: Leftovers
|upkeep
|
|t:|1779873842
|switch|p1a: Forretress|Forretress, F|21/100
|-activate|p1a: Forretress|move: Sticky Web
|-unboost|p1a: Forretress|spe|1
|-damage|p1a: Forretress|9/100|[from] Stealth Rock
|turn|22
|c|☆Zephi-P|I genuinely just wanted to glaze magnus
|c|☆deanithinkk-?????|no
|c|☆deanithinkk-?????|don't ruin my 100% winrate
|inactive|deanithinkk-????? has 210 seconds left.
|c|☆Zephi-P|geh
|c|☆deanithinkk-?????|r u seriously gonna ruin loood
|c|☆deanithinkk-?????|FUCK
|c|☆deanithinkk-?????|r u seriously gonna ruin lokix's reputation?
|inactive|deanithinkk-????? has 180 seconds left.
|
|t:|1779873889
|move|p2a: Magnus|Sucker Punch|p1a: Forretress
|-damage|p1a: Forretress|0 fnt
|faint|p1a: Forretress
|
|win|Zephi-P
|c|☆Zephi-P|No because I'm the player Lokix needs.
|c|☆Zephi-P|PURE AURA
|c|☆deanithinkk-?????|No
