|j|☆newgaem
|j|☆OJ sippy
|t:|1779965475
|gametype|singles
|player|p1|newgaem|blue|1416
|player|p2|OJ sippy|beauty|1408
|gen|9
|tier|[Gen 9] OU
|rated|
|rule|HP Percentage Mod: HP is shown in percentages
|rule|Endless Battle Clause: Forcing endless battles is banned
|rule|Species Clause: Limit one of each Pokémon
|rule|OHKO Clause: OHKO moves are banned
|rule|Evasion Items Clause: Evasion items are banned
|rule|Evasion Moves Clause: Evasion moves are banned
|rule|Evasion Abilities Clause: Evasion abilities are banned
|rule|Sleep Moves Clause: Sleep-inducing moves are banned
|clearpoke
|poke|p1|Armarouge, F|
|poke|p1|Kingambit, M|
|poke|p1|Iron Valiant|
|poke|p1|Ceruledge, M|
|poke|p1|Mimikyu, F|
|poke|p1|Cyclizar, M|
|poke|p2|Pelipper, M|
|poke|p2|Manaphy|
|poke|p2|Bruxish, M|
|poke|p2|Overqwil, F|
|poke|p2|Iron Treads|
|poke|p2|Raging Bolt|
|teampreview
|inactive|Battle timer is ON: inactive players will automatically lose when time's up. (requested by OJ sippy)
|
|t:|1779965496
|teamsize|p1|6
|teamsize|p2|6
|start
|switch|p1a: Omega|Iron Valiant|100/100
|switch|p2a: Pelipper|Pelipper, M|100/100
|-weather|RainDance|[from] ability: Drizzle|[of] p2a: Pelipper
|-enditem|p1a: Omega|Booster Energy
|-activate|p1a: Omega|ability: Quark Drive|[fromitem]
|-start|p1a: Omega|quarkdrivespe
|turn|1
|
|t:|1779965506
|switch|p2a: Iron Treads|Iron Treads|100/100
|-enditem|p2a: Iron Treads|Booster Energy
|-activate|p2a: Iron Treads|ability: Quark Drive|[fromitem]
|-start|p2a: Iron Treads|quarkdrivespe
|move|p1a: Omega|Spirit Break|p2a: Iron Treads
|-resisted|p2a: Iron Treads
|-damage|p2a: Iron Treads|85/100
|-unboost|p2a: Iron Treads|spa|1
|
|-weather|RainDance|[upkeep]
|upkeep
|turn|2
|
|t:|1779965522
|-terastallize|p2a: Iron Treads|Ghost
|move|p1a: Omega|Destiny Bond|p1a: Omega
|-singlemove|p1a: Omega|Destiny Bond
|move|p2a: Iron Treads|Earthquake|p1a: Omega
|-damage|p1a: Omega|54/100
|
|-weather|RainDance|[upkeep]
|upkeep
|turn|3
|
|t:|1779965534
|move|p1a: Omega|Spirit Break|p2a: Iron Treads
|-damage|p2a: Iron Treads|55/100
|-unboost|p2a: Iron Treads|spa|1
|move|p2a: Iron Treads|Stealth Rock|p1a: Omega
|-sidestart|p1: newgaem|move: Stealth Rock
|
|-weather|RainDance|[upkeep]
|upkeep
|turn|4
|
|t:|1779965548
|move|p1a: Omega|Spirit Break|p2a: Iron Treads
|-damage|p2a: Iron Treads|24/100
|-unboost|p2a: Iron Treads|spa|1
|move|p2a: Iron Treads|Earthquake|p1a: Omega
|-damage|p1a: Omega|8/100
|
|-weather|RainDance|[upkeep]
|upkeep
|turn|5
|
|t:|1779965557
|move|p1a: Omega|Spirit Break|p2a: Iron Treads
|-damage|p2a: Iron Treads|0 fnt
|faint|p2a: Iron Treads
|-end|p2a: Iron Treads|Quark Drive|[silent]
|
|-weather|RainDance|[upkeep]
|upkeep
|
|t:|1779965559
|switch|p2a: Bruxish|Bruxish, M|100/100
|turn|6
|
|t:|1779965570
|move|p2a: Bruxish|Aqua Jet|p1a: Omega
|-crit|p1a: Omega
|-damage|p1a: Omega|0 fnt
|faint|p1a: Omega
|-end|p1a: Omega|Quark Drive|[silent]
|
|-weather|RainDance|[upkeep]
|upkeep
|
|t:|1779965577
|switch|p1a: Harpuia|Cyclizar, M|100/100
|turn|7
|
|t:|1779965588
|switch|p2a: Raging Bolt|Raging Bolt|100/100
|-enditem|p2a: Raging Bolt|Booster Energy
|-activate|p2a: Raging Bolt|ability: Protosynthesis|[fromitem]
|-start|p2a: Raging Bolt|protosynthesisspa
|move|p1a: Harpuia|Rapid Spin|p2a: Raging Bolt
|-crit|p2a: Raging Bolt
|-damage|p2a: Raging Bolt|81/100
|-boost|p1a: Harpuia|spe|1
|-sideend|p1: newgaem|Stealth Rock|[from] move: Rapid Spin|[of] p1a: Harpuia
|
|-weather|RainDance|[upkeep]
|upkeep
|turn|8
|
|t:|1779965600
|move|p1a: Harpuia|Draco Meteor|p2a: Raging Bolt|[miss]
|-miss|p1a: Harpuia|p2a: Raging Bolt
|move|p2a: Raging Bolt|Dragon Pulse|p1a: Harpuia
|-supereffective|p1a: Harpuia
|-damage|p1a: Harpuia|0 fnt
|faint|p1a: Harpuia
|
|-weather|none
|upkeep
|
|t:|1779965621
|switch|p1a: Leviathan|Mimikyu, F|100/100
|turn|9
|
|t:|1779965626
|move|p1a: Leviathan|Curse|p2a: Raging Bolt
|-start|p2a: Raging Bolt|Curse|[of] p1a: Leviathan
|-damage|p1a: Leviathan|50/100
|move|p2a: Raging Bolt|Thunderbolt|p1a: Leviathan
|-activate|p1a: Leviathan|ability: Disguise
|-damage|p1a: Leviathan|50/100
|detailschange|p1a: Leviathan|Mimikyu-Busted, F
|-damage|p1a: Leviathan|38/100|[from] pokemon: Mimikyu-Busted
|
|-heal|p1a: Leviathan|44/100|[from] item: Leftovers
|-damage|p2a: Raging Bolt|56/100|[from] Curse
|upkeep
|turn|10
|
|t:|1779965643
|-end|p2a: Raging Bolt|Protosynthesis|[silent]
|switch|p2a: Pelipper|Pelipper, M|100/100
|-weather|RainDance|[from] ability: Drizzle|[of] p2a: Pelipper
|move|p1a: Leviathan|Destiny Bond|p1a: Leviathan
|-singlemove|p1a: Leviathan|Destiny Bond
|
|-weather|RainDance|[upkeep]
|-heal|p1a: Leviathan|50/100|[from] item: Leftovers
|upkeep
|turn|11
|
|t:|1779965652
|move|p1a: Leviathan|Pain Split|p2a: Pelipper
|-sethp|p2a: Pelipper|74/100|[from] move: Pain Split|[silent]
|-sethp|p1a: Leviathan|77/100|[from] move: Pain Split
|move|p2a: Pelipper|U-turn|p1a: Leviathan
|-resisted|p1a: Leviathan
|-damage|p1a: Leviathan|74/100
|
|t:|1779965674
|switch|p2a: Bruxish|Bruxish, M|100/100|[from] U-turn
|
|-weather|RainDance|[upkeep]
|-heal|p1a: Leviathan|80/100|[from] item: Leftovers
|upkeep
|turn|12
|
|t:|1779965687
|move|p2a: Bruxish|Wave Crash|p1a: Leviathan
|-damage|p1a: Leviathan|0 fnt
|faint|p1a: Leviathan
|-damage|p2a: Bruxish|71/100|[from] Recoil
|
|-weather|RainDance|[upkeep]
|upkeep
|
|t:|1779965694
|switch|p1a: Fefnir|Armarouge, F, shiny|100/100
|turn|13
|
|t:|1779965698
|move|p2a: Bruxish|Wave Crash|p1a: Fefnir
|-supereffective|p1a: Fefnir
|-enditem|p1a: Fefnir|Focus Sash
|-damage|p1a: Fefnir|1/100
|-ability|p1a: Fefnir|Weak Armor|boost
|-unboost|p1a: Fefnir|def|1
|-boost|p1a: Fefnir|spe|2
|-damage|p2a: Bruxish|34/100|[from] Recoil
|move|p1a: Fefnir|Energy Ball|p2a: Bruxish
|-supereffective|p2a: Bruxish
|-damage|p2a: Bruxish|0 fnt
|faint|p2a: Bruxish
|
|-weather|RainDance|[upkeep]
|upkeep
|
|t:|1779965702
|switch|p2a: Raging Bolt|Raging Bolt|56/100
|turn|14
|
|t:|1779965715
|move|p2a: Raging Bolt|Thunderclap||[still]
|-fail|p2a: Raging Bolt
|move|p1a: Fefnir|Destiny Bond|p1a: Fefnir
|-singlemove|p1a: Fefnir|Destiny Bond
|
|-weather|RainDance|[upkeep]
|upkeep
|turn|15
|
|t:|1779965725
|move|p1a: Fefnir|Endure|p1a: Fefnir
|-singleturn|p1a: Fefnir|move: Endure
|move|p2a: Raging Bolt|Thunderclap||[still]
|-fail|p2a: Raging Bolt
|
|-weather|RainDance|[upkeep]
|upkeep
|turn|16
|
|t:|1779965732
|move|p2a: Raging Bolt|Thunderclap||[still]
|-fail|p2a: Raging Bolt
|move|p1a: Fefnir|Destiny Bond|p1a: Fefnir
|-singlemove|p1a: Fefnir|Destiny Bond
|
|-weather|RainDance|[upkeep]
|upkeep
|turn|17
|
|t:|1779965739
|move|p1a: Fefnir|Armor Cannon|p2a: Raging Bolt
|-resisted|p2a: Raging Bolt
|-damage|p2a: Raging Bolt|41/100
|-unboost|p1a: Fefnir|def|1
|-unboost|p1a: Fefnir|spd|1
|move|p2a: Raging Bolt|Weather Ball|p1a: Fefnir
|-supereffective|p1a: Fefnir
|-damage|p1a: Fefnir|0 fnt
|faint|p1a: Fefnir
|
|-weather|none
|upkeep
|
|t:|1779965751
|switch|p1a: Zero|Ceruledge, M, shiny|100/100
|turn|18
|
|t:|1779965755
|move|p1a: Zero|Swords Dance|p1a: Zero
|-boost|p1a: Zero|atk|2
|move|p2a: Raging Bolt|Thunderbolt|p1a: Zero
|-damage|p1a: Zero|41/100
|
|upkeep
|turn|19
|
|t:|1779965762
|move|p1a: Zero|Shadow Sneak|p2a: Raging Bolt
|-damage|p2a: Raging Bolt|0 fnt
|faint|p2a: Raging Bolt
|-end|p2a: Raging Bolt|Protosynthesis|[silent]
|-damage|p1a: Zero|31/100|[from] item: Life Orb
|
|upkeep
|
|t:|1779965764
|switch|p2a: Pelipper|Pelipper, M|74/100
|-weather|RainDance|[from] ability: Drizzle|[of] p2a: Pelipper
|turn|20
|
|t:|1779965771
|move|p1a: Zero|Shadow Sneak|p2a: Pelipper
|-damage|p2a: Pelipper|29/100
|-damage|p1a: Zero|21/100|[from] item: Life Orb
|move|p2a: Pelipper|Weather Ball|p1a: Zero
|-supereffective|p1a: Zero
|-crit|p1a: Zero
|-damage|p1a: Zero|0 fnt
|faint|p1a: Zero
|
|-weather|RainDance|[upkeep]
|upkeep
|
|t:|1779965781
|switch|p1a: Bishamonten|Kingambit, M|100/100
|-activate|p1a: Bishamonten|ability: Supreme Overlord
|-start|p1a: Bishamonten|fallen5|[silent]
|turn|21
|
|t:|1779965785
|move|p1a: Bishamonten|Sucker Punch|p2a: Pelipper
|-damage|p2a: Pelipper|0 fnt
|faint|p2a: Pelipper
|
|-weather|RainDance|[upkeep]
|upkeep
|
|t:|1779965788
|switch|p2a: Overqwil|Overqwil, F|100/100
|turn|22
|
|t:|1779965797
|move|p2a: Overqwil|Liquidation|p1a: Bishamonten
|-damage|p1a: Bishamonten|59/100
|-damage|p2a: Overqwil|91/100|[from] item: Life Orb
|move|p1a: Bishamonten|Iron Head|p2a: Overqwil
|-damage|p2a: Overqwil|11/100
|
|-weather|RainDance|[upkeep]
|-heal|p1a: Bishamonten|65/100|[from] item: Leftovers
|upkeep
|turn|23
|
|t:|1779965806
|move|p1a: Bishamonten|Sucker Punch|p2a: Overqwil
|-resisted|p2a: Overqwil
|-damage|p2a: Overqwil|0 fnt
|faint|p2a: Overqwil
|
|-weather|RainDance|[upkeep]
|-heal|p1a: Bishamonten|71/100|[from] item: Leftovers
|upkeep
|
|t:|1779965808
|switch|p2a: Manaphy|Manaphy|100/100
|turn|24
|
|t:|1779965816
|move|p2a: Manaphy|Surf|p1a: Bishamonten
|-damage|p1a: Bishamonten|1/100
|move|p1a: Bishamonten|Kowtow Cleave|p2a: Manaphy
|-damage|p2a: Manaphy|23/100
|
|-weather|RainDance|[upkeep]
|-heal|p1a: Bishamonten|7/100|[from] item: Leftovers
|upkeep
|turn|25
|
|t:|1779965825
|move|p1a: Bishamonten|Sucker Punch||[still]
|-fail|p1a: Bishamonten
|move|p2a: Manaphy|Tail Glow|p2a: Manaphy
|-boost|p2a: Manaphy|spa|3
|
|-weather|RainDance|[upkeep]
|-heal|p1a: Bishamonten|13/100|[from] item: Leftovers
|upkeep
|turn|26
|
|t:|1779965833
|move|p1a: Bishamonten|Sucker Punch|p2a: Manaphy
|-damage|p2a: Manaphy|0 fnt
|faint|p2a: Manaphy
|
|win|newgaem
|raw|newgaem's rating: 1416 &rarr; <strong>1436</strong><br />(+20 for winning)
|raw|OJ sippy's rating: 1408 &rarr; <strong>1388</strong><br />(-20 for losing)
|l|☆OJ sippy
|player|p2|
|l|☆newgaem
|player|p1|
