|j|☆Igoodnamename
|j|☆p$ychopath
|t:|1779806246
|gametype|singles
|player|p1|Igoodnamename|aaron|1673
|player|p2|p$ychopath|psychic-lgpe|1685
|gen|9
|tier|[Gen 9] OU
|rated|
|rule|HP Percentage Mod: HP is shown in percentages
|rule|Endless Battle Clause: Forcing endless battles is banned
|rule|Species Clause: Limit one of each Pokémon
|rule|OHKO Clause: OHKO moves are banned
|rule|Evasion Items Clause: Evasion items are banned
|rule|Evasion Moves Clause: Evasion moves are banned
|rule|Evasion Abilities Clause: Evasion abilities are banned
|rule|Sleep Moves Clause: Sleep-inducing moves are banned
|clearpoke
|poke|p1|Pecharunt|
|poke|p1|Slowking, M|
|poke|p1|Iron Treads|
|poke|p1|Zamazenta-*|
|poke|p1|Umbreon, M|
|poke|p1|Ogerpon, F|
|poke|p2|Zamazenta-*|
|poke|p2|Iron Crown|
|poke|p2|Iron Jugulis|
|poke|p2|Iron Valiant|
|poke|p2|Iron Moth|
|poke|p2|Great Tusk|
|teampreview
|inactive|Battle timer is ON: inactive players will automatically lose when time's up. (requested by p$ychopath)
|
|t:|1779806264
|teamsize|p1|6
|teamsize|p2|6
|start
|switch|p1a: Ogerpon|Ogerpon, F|100/100
|switch|p2a: Iron Jugulis|Iron Jugulis|100/100
|-enditem|p2a: Iron Jugulis|Booster Energy
|-activate|p2a: Iron Jugulis|ability: Quark Drive|[fromitem]
|-start|p2a: Iron Jugulis|quarkdrivespe
|turn|1
|j| Disscratch
|
|t:|1779806271
|switch|p1a: Iron Treads|Iron Treads|100/100
|move|p2a: Iron Jugulis|Hurricane|p1a: Iron Treads
|-resisted|p1a: Iron Treads
|-damage|p1a: Iron Treads|73/100
|
|-heal|p1a: Iron Treads|79/100|[from] item: Leftovers
|upkeep
|turn|2
|
|t:|1779806279
|move|p2a: Iron Jugulis|Taunt|p1a: Iron Treads
|-start|p1a: Iron Treads|move: Taunt
|move|p1a: Iron Treads|Ice Spinner|p2a: Iron Jugulis
|-supereffective|p2a: Iron Jugulis
|-damage|p2a: Iron Jugulis|43/100
|
|-heal|p1a: Iron Treads|86/100|[from] item: Leftovers
|upkeep
|turn|3
|
|t:|1779806284
|move|p2a: Iron Jugulis|Hydro Pump|p1a: Iron Treads
|-supereffective|p1a: Iron Treads
|-damage|p1a: Iron Treads|21/100
|move|p1a: Iron Treads|Ice Spinner|p2a: Iron Jugulis
|-supereffective|p2a: Iron Jugulis
|-damage|p2a: Iron Jugulis|0 fnt
|faint|p2a: Iron Jugulis
|-end|p2a: Iron Jugulis|Quark Drive|[silent]
|
|-heal|p1a: Iron Treads|27/100|[from] item: Leftovers
|upkeep
|
|t:|1779806297
|switch|p2a: Zamazenta|Zamazenta|100/100
|-ability|p2a: Zamazenta|Dauntless Shield|boost
|-boost|p2a: Zamazenta|def|1
|turn|4
|
|t:|1779806313
|-end|p1a: Iron Treads|Quark Drive|[silent]
|switch|p1a: Slowking|Slowking, M|100/100
|move|p2a: Zamazenta|Howl|p2a: Zamazenta
|-boost|p2a: Zamazenta|atk|1
|
|upkeep
|turn|5
|
|t:|1779806323
|-terastallize|p1a: Slowking|Fairy
|move|p2a: Zamazenta|Crunch|p1a: Slowking
|-resisted|p1a: Slowking
|-damage|p1a: Slowking|81/100
|move|p1a: Slowking|Future Sight|p2a: Zamazenta
|-start|p1a: Slowking|move: Future Sight
|
|upkeep
|turn|6
|
|t:|1779806330
|move|p2a: Zamazenta|Howl|p2a: Zamazenta
|-boost|p2a: Zamazenta|atk|1
|move|p1a: Slowking|Scald|p2a: Zamazenta
|-damage|p2a: Zamazenta|73/100
|
|upkeep
|turn|7
|
|t:|1779806344
|move|p2a: Zamazenta|Heavy Slam|p1a: Slowking
|-supereffective|p1a: Slowking
|-damage|p1a: Slowking|14/100
|move|p1a: Slowking|Scald|p2a: Zamazenta
|-damage|p2a: Zamazenta|42/100
|
|-end|p2a: Zamazenta|move: Future Sight
|-supereffective|p2a: Zamazenta
|-damage|p2a: Zamazenta|0 fnt
|faint|p2a: Zamazenta
|upkeep
|
|t:|1779806367
|switch|p2a: Iron Moth|Iron Moth|100/100
|-enditem|p2a: Iron Moth|Booster Energy
|-activate|p2a: Iron Moth|ability: Quark Drive|[fromitem]
|-start|p2a: Iron Moth|quarkdrivespe
|turn|8
|
|t:|1779806387
|switch|p1a: Iron Treads|Iron Treads|27/100
|move|p2a: Iron Moth|Fiery Dance|p1a: Iron Treads
|-supereffective|p1a: Iron Treads
|-damage|p1a: Iron Treads|0 fnt
|-boost|p2a: Iron Moth|spa|1
|faint|p1a: Iron Treads
|-end|p1a: Iron Treads|Quark Drive|[silent]
|
|upkeep
|
|t:|1779806397
|switch|p1a: Umbreon|Umbreon, M|100/100
|turn|9
|
|t:|1779806403
|-terastallize|p2a: Iron Moth|Fairy
|move|p2a: Iron Moth|Substitute|p2a: Iron Moth
|-start|p2a: Iron Moth|Substitute
|-damage|p2a: Iron Moth|76/100
|move|p1a: Umbreon|Foul Play|p2a: Iron Moth
|-resisted|p2a: Iron Moth
|-activate|p2a: Iron Moth|move: Substitute|[damage]
|
|upkeep
|turn|10
|
|t:|1779806410
|move|p2a: Iron Moth|Dazzling Gleam|p1a: Umbreon
|-supereffective|p1a: Umbreon
|-damage|p1a: Umbreon|21/100
|move|p1a: Umbreon|Foul Play|p2a: Iron Moth
|-resisted|p2a: Iron Moth
|-end|p2a: Iron Moth|Substitute
|
|-heal|p1a: Umbreon|27/100|[from] item: Leftovers
|upkeep
|turn|11
|
|t:|1779806416
|move|p2a: Iron Moth|Substitute|p2a: Iron Moth
|-start|p2a: Iron Moth|Substitute
|-damage|p2a: Iron Moth|51/100
|move|p1a: Umbreon|Foul Play|p2a: Iron Moth
|-resisted|p2a: Iron Moth
|-activate|p2a: Iron Moth|move: Substitute|[damage]
|
|-heal|p1a: Umbreon|33/100|[from] item: Leftovers
|upkeep
|turn|12
|
|t:|1779806425
|move|p2a: Iron Moth|Fiery Dance|p1a: Umbreon
|-damage|p1a: Umbreon|0 fnt
|faint|p1a: Umbreon
|
|upkeep
|
|t:|1779806428
|switch|p1a: Pecharunt|Pecharunt|100/100
|-item|p1a: Pecharunt|Air Balloon
|turn|13
|
|t:|1779806431
|move|p2a: Iron Moth|Fiery Dance|p1a: Pecharunt
|-damage|p1a: Pecharunt|25/100
|-boost|p2a: Iron Moth|spa|1
|-enditem|p1a: Pecharunt|Air Balloon
|move|p1a: Pecharunt|Shadow Ball|p2a: Iron Moth
|-end|p2a: Iron Moth|Substitute
|
|upkeep
|turn|14
|
|t:|1779806438
|move|p2a: Iron Moth|Substitute|p2a: Iron Moth
|-start|p2a: Iron Moth|Substitute
|-damage|p2a: Iron Moth|26/100
|move|p1a: Pecharunt|Malignant Chain|p2a: Iron Moth
|-supereffective|p2a: Iron Moth
|-end|p2a: Iron Moth|Substitute
|
|upkeep
|turn|15
|
|t:|1779806447
|move|p2a: Iron Moth|Substitute|p2a: Iron Moth
|-start|p2a: Iron Moth|Substitute
|-damage|p2a: Iron Moth|1/100
|move|p1a: Pecharunt|Malignant Chain|p2a: Iron Moth
|-supereffective|p2a: Iron Moth
|-end|p2a: Iron Moth|Substitute
|
|upkeep
|turn|16
|
|t:|1779806450
|move|p2a: Iron Moth|Fiery Dance|p1a: Pecharunt
|-damage|p1a: Pecharunt|0 fnt
|faint|p1a: Pecharunt
|
|upkeep
|
|t:|1779806453
|switch|p1a: Zamazenta|Zamazenta|100/100
|-ability|p1a: Zamazenta|Dauntless Shield|boost
|-boost|p1a: Zamazenta|def|1
|turn|17
|
|t:|1779806461
|move|p2a: Iron Moth|Dazzling Gleam|p1a: Zamazenta
|-supereffective|p1a: Zamazenta
|-damage|p1a: Zamazenta|0 fnt
|faint|p1a: Zamazenta
|
|upkeep
|-message|Igoodnamename forfeited.
|
|win|p$ychopath
|raw|Igoodnamename's rating: 1673 &rarr; <strong>1654</strong><br />(-19 for losing)
|raw|p$ychopath's rating: 1685 &rarr; <strong>1704</strong><br />(+19 for winning)
|l|☆Igoodnamename
|player|p1|
|l| Disscratch
|l|☆p$ychopath
|player|p2|
