|j|☆HelloThere72
|j|☆nwalesu
|t:|1779956779
|gametype|singles
|player|p1|HelloThere72|rood|1494
|player|p2|nwalesu|pokemaniac|1530
|gen|9
|tier|[Gen 9] OU
|rated|
|rule|HP Percentage Mod: HP is shown in percentages
|rule|Endless Battle Clause: Forcing endless battles is banned
|rule|Species Clause: Limit one of each Pokémon
|rule|OHKO Clause: OHKO moves are banned
|rule|Evasion Items Clause: Evasion items are banned
|rule|Evasion Moves Clause: Evasion moves are banned
|rule|Evasion Abilities Clause: Evasion abilities are banned
|rule|Sleep Moves Clause: Sleep-inducing moves are banned
|clearpoke
|poke|p1|Kingambit, F|
|poke|p1|Cinderace, F|
|poke|p1|Landorus-Therian, M|
|poke|p1|Iron Valiant|
|poke|p1|Kyurem|
|poke|p1|Slowking-Galar, M|
|poke|p2|Dragapult, M|
|poke|p2|Rotom-Heat|
|poke|p2|Clodsire, M|
|poke|p2|Mandibuzz, F|
|poke|p2|Dragonite, F|
|poke|p2|Iron Valiant|
|teampreview
|inactive|Battle timer is ON: inactive players will automatically lose when time's up. (requested by nwalesu)
|inactive|HelloThere72 also wants the timer to be on.
|
|t:|1779956793
|teamsize|p1|6
|teamsize|p2|6
|start
|switch|p1a: Landorus|Landorus-Therian, M, shiny|100/100
|switch|p2a: Drippy|Dragapult, M|100/100
|-ability|p1a: Landorus|Intimidate|boost
|-unboost|p2a: Drippy|atk|1
|turn|1
|
|t:|1779956803
|move|p2a: Drippy|Will-O-Wisp|p1a: Landorus
|-status|p1a: Landorus|brn
|move|p1a: Landorus|Earthquake|p2a: Drippy
|-damage|p2a: Drippy|68/100
|
|-damage|p1a: Landorus|94/100 brn|[from] brn
|upkeep
|turn|2
|
|t:|1779956808
|move|p2a: Drippy|U-turn|p1a: Landorus
|-resisted|p1a: Landorus
|-damage|p1a: Landorus|87/100 brn
|-damage|p2a: Drippy|51/100|[from] item: Rocky Helmet|[of] p1a: Landorus
|
|t:|1779956823
|switch|p2a: Cookie maker|Rotom-Heat|100/100|[from] U-turn
|move|p1a: Landorus|U-turn|p2a: Cookie maker
|-resisted|p2a: Cookie maker
|-damage|p2a: Cookie maker|94/100
|
|t:|1779956830
|switch|p1a: Slowking|Slowking-Galar, M, shiny|100/100|[from] U-turn
|
|upkeep
|turn|3
|
|t:|1779956836
|switch|p2a: Clodsire|Clodsire, M|100/100
|move|p1a: Slowking|Psychic Noise|p2a: Clodsire
|-supereffective|p2a: Clodsire
|-damage|p2a: Clodsire|68/100
|-start|p2a: Clodsire|move: Heal Block
|
|upkeep
|turn|4
|
|t:|1779956845
|switch|p1a: Landorus|Landorus-Therian, M, shiny|87/100 brn
|-ability|p1a: Landorus|Intimidate|boost
|-unboost|p2a: Clodsire|atk|1
|move|p2a: Clodsire|Earthquake|p1a: Landorus
|-immune|p1a: Landorus
|
|-damage|p1a: Landorus|81/100 brn|[from] brn
|-end|p2a: Clodsire|move: Heal Block
|upkeep
|turn|5
|
|t:|1779956850
|switch|p2a: Mandibuzz|Mandibuzz, F|100/100
|move|p1a: Landorus|U-turn|p2a: Mandibuzz
|-damage|p2a: Mandibuzz|94/100
|
|t:|1779956859
|switch|p1a: Kyurem|Kyurem, shiny|100/100|[from] U-turn
|-ability|p1a: Kyurem|Pressure
|
|upkeep
|turn|6
|
|t:|1779956862
|switch|p2a: Cookie maker|Rotom-Heat|94/100
|move|p1a: Kyurem|Substitute|p1a: Kyurem
|-start|p1a: Kyurem|Substitute
|-damage|p1a: Kyurem|76/100
|
|-heal|p1a: Kyurem|82/100|[from] item: Leftovers
|upkeep
|turn|7
|
|t:|1779956869
|move|p1a: Kyurem|Protect|p1a: Kyurem
|-singleturn|p1a: Kyurem|Protect
|move|p2a: Cookie maker|Overheat|p1a: Kyurem
|-activate|p1a: Kyurem|move: Protect
|
|-heal|p1a: Kyurem|88/100|[from] item: Leftovers
|upkeep
|turn|8
|
|t:|1779956872
|move|p1a: Kyurem|Freeze-Dry|p2a: Cookie maker
|-resisted|p2a: Cookie maker
|-damage|p2a: Cookie maker|75/100
|move|p2a: Cookie maker|Overheat|p1a: Kyurem|[miss]
|-miss|p2a: Cookie maker|p1a: Kyurem
|
|-heal|p1a: Kyurem|94/100|[from] item: Leftovers
|upkeep
|turn|9
|
|t:|1779956878
|switch|p2a: Drippy|Dragapult, M|51/100
|move|p1a: Kyurem|Freeze-Dry|p2a: Drippy
|-supereffective|p2a: Drippy
|-damage|p2a: Drippy|0 fnt
|faint|p2a: Drippy
|
|-heal|p1a: Kyurem|99/100|[from] item: Leftovers
|upkeep
|
|t:|1779956888
|switch|p2a: Iron Valiant|Iron Valiant|100/100
|-enditem|p2a: Iron Valiant|Booster Energy
|-activate|p2a: Iron Valiant|ability: Quark Drive|[fromitem]
|-start|p2a: Iron Valiant|quarkdrivespe
|turn|10
|
|t:|1779956894
|move|p2a: Iron Valiant|Calm Mind|p2a: Iron Valiant
|-boost|p2a: Iron Valiant|spa|1
|-boost|p2a: Iron Valiant|spd|1
|move|p1a: Kyurem|Freeze-Dry|p2a: Iron Valiant
|-damage|p2a: Iron Valiant|62/100
|
|-heal|p1a: Kyurem|100/100|[from] item: Leftovers
|upkeep
|turn|11
|
|t:|1779956903
|switch|p1a: Cinderace|Cinderace, F, shiny|100/100
|move|p2a: Iron Valiant|Moonblast|p1a: Cinderace
|-resisted|p1a: Cinderace
|-crit|p1a: Cinderace
|-damage|p1a: Cinderace|42/100
|-unboost|p1a: Cinderace|spa|1
|
|upkeep
|turn|12
|
|t:|1779956906
|move|p2a: Iron Valiant|Shadow Ball|p1a: Cinderace
|-damage|p1a: Cinderace|0 fnt
|faint|p1a: Cinderace
|
|upkeep
|
|t:|1779956916
|switch|p1a: Slowking|Slowking-Galar, M, shiny|100/100
|turn|13
|
|t:|1779956926
|-end|p2a: Iron Valiant|Quark Drive|[silent]
|switch|p2a: Clodsire|Clodsire, M|68/100
|move|p1a: Slowking|Sludge Bomb|p2a: Clodsire
|-resisted|p2a: Clodsire
|-damage|p2a: Clodsire|63/100
|
|-heal|p2a: Clodsire|69/100|[from] item: Black Sludge
|upkeep
|turn|14
|
|t:|1779956932
|switch|p1a: Landorus|Landorus-Therian, M, shiny|81/100 brn
|-ability|p1a: Landorus|Intimidate|boost
|-unboost|p2a: Clodsire|atk|1
|move|p2a: Clodsire|Stealth Rock|p1a: Landorus
|-sidestart|p1: HelloThere72|move: Stealth Rock
|
|-heal|p2a: Clodsire|75/100|[from] item: Black Sludge
|-damage|p1a: Landorus|74/100 brn|[from] brn
|upkeep
|turn|15
|
|t:|1779956940
|switch|p2a: Cookie maker|Rotom-Heat|75/100
|move|p1a: Landorus|Rock Tomb|p2a: Cookie maker
|-supereffective|p2a: Cookie maker
|-damage|p2a: Cookie maker|53/100
|-unboost|p2a: Cookie maker|spe|1
|
|-damage|p1a: Landorus|68/100 brn|[from] brn
|upkeep
|turn|16
|
|t:|1779956950
|switch|p2a: Mandibuzz|Mandibuzz, F|94/100
|move|p1a: Landorus|Rock Tomb|p2a: Mandibuzz|[miss]
|-miss|p1a: Landorus|p2a: Mandibuzz
|
|-damage|p1a: Landorus|62/100 brn|[from] brn
|upkeep
|turn|17
|
|t:|1779956955
|move|p1a: Landorus|U-turn|p2a: Mandibuzz
|-damage|p2a: Mandibuzz|87/100
|
|t:|1779956960
|switch|p1a: Kingambit|Kingambit, F|100/100|[from] U-turn
|-damage|p1a: Kingambit|94/100|[from] Stealth Rock
|-activate|p1a: Kingambit|ability: Supreme Overlord
|-start|p1a: Kingambit|fallen1|[silent]
|move|p2a: Mandibuzz|Foul Play|p1a: Kingambit
|-resisted|p1a: Kingambit
|-damage|p1a: Kingambit|74/100
|
|-heal|p1a: Kingambit|80/100|[from] item: Leftovers
|upkeep
|turn|18
|
|t:|1779956972
|move|p2a: Mandibuzz|Foul Play|p1a: Kingambit
|-resisted|p1a: Kingambit
|-damage|p1a: Kingambit|57/100
|move|p1a: Kingambit|Iron Head|p2a: Mandibuzz
|-damage|p2a: Mandibuzz|60/100
|
|-heal|p1a: Kingambit|63/100|[from] item: Leftovers
|upkeep
|turn|19
|
|t:|1779956976
|-end|p1a: Kingambit|fallen1|[silent]
|switch|p1a: Landorus|Landorus-Therian, M, shiny|62/100 brn
|-damage|p1a: Landorus|49/100 brn|[from] Stealth Rock
|-ability|p1a: Landorus|Intimidate|boost
|-unboost|p2a: Mandibuzz|atk|1
|move|p2a: Mandibuzz|Foul Play|p1a: Landorus
|-damage|p1a: Landorus|12/100 brn
|-damage|p2a: Mandibuzz|44/100|[from] item: Rocky Helmet|[of] p1a: Landorus
|
|-damage|p1a: Landorus|6/100 brn|[from] brn
|upkeep
|turn|20
|
|t:|1779956980
|move|p1a: Landorus|Rock Tomb|p2a: Mandibuzz
|-supereffective|p2a: Mandibuzz
|-damage|p2a: Mandibuzz|33/100
|-unboost|p2a: Mandibuzz|spe|1
|move|p2a: Mandibuzz|Roost|p2a: Mandibuzz
|-heal|p2a: Mandibuzz|83/100
|-singleturn|p2a: Mandibuzz|move: Roost
|
|-damage|p1a: Landorus|0 fnt|[from] brn
|faint|p1a: Landorus
|upkeep
|
|t:|1779956985
|switch|p1a: Kyurem|Kyurem, shiny|100/100
|-damage|p1a: Kyurem|76/100|[from] Stealth Rock
|-ability|p1a: Kyurem|Pressure
|turn|21
|
|t:|1779956990
|move|p1a: Kyurem|Freeze-Dry|p2a: Mandibuzz
|-supereffective|p2a: Mandibuzz
|-damage|p2a: Mandibuzz|20/100
|move|p2a: Mandibuzz|U-turn|p1a: Kyurem
|-damage|p1a: Kyurem|69/100
|
|t:|1779956993
|switch|p2a: Iron Valiant|Iron Valiant|62/100|[from] U-turn
|
|-heal|p1a: Kyurem|75/100|[from] item: Leftovers
|upkeep
|turn|22
|
|t:|1779957000
|switch|p1a: Slowking|Slowking-Galar, M, shiny|100/100
|move|p2a: Iron Valiant|Calm Mind|p2a: Iron Valiant
|-boost|p2a: Iron Valiant|spa|1
|-boost|p2a: Iron Valiant|spd|1
|
|upkeep
|turn|23
|
|t:|1779957011
|-terastallize|p2a: Iron Valiant|Ghost
|move|p2a: Iron Valiant|Shadow Ball|p1a: Slowking
|-supereffective|p1a: Slowking
|-damage|p1a: Slowking|33/100
|move|p1a: Slowking|Thunder Wave|p2a: Iron Valiant
|-status|p2a: Iron Valiant|par
|
|upkeep
|turn|24
|
|t:|1779957019
|switch|p1a: Kingambit|Kingambit, F|63/100
|-damage|p1a: Kingambit|57/100|[from] Stealth Rock
|-activate|p1a: Kingambit|ability: Supreme Overlord
|-start|p1a: Kingambit|fallen2|[silent]
|move|p2a: Iron Valiant|Shadow Ball|p1a: Kingambit
|-resisted|p1a: Kingambit
|-damage|p1a: Kingambit|23/100
|
|-heal|p1a: Kingambit|29/100|[from] item: Leftovers
|upkeep
|turn|25
|
|t:|1779957029
|-end|p1a: Kingambit|fallen2|[silent]
|switch|p1a: Kyurem|Kyurem, shiny|75/100
|-damage|p1a: Kyurem|50/100|[from] Stealth Rock
|-ability|p1a: Kyurem|Pressure
|cant|p2a: Iron Valiant|par
|
|-heal|p1a: Kyurem|56/100|[from] item: Leftovers
|upkeep
|turn|26
|
|t:|1779957038
|move|p1a: Kyurem|Substitute|p1a: Kyurem
|-start|p1a: Kyurem|Substitute
|-damage|p1a: Kyurem|31/100
|move|p2a: Iron Valiant|Moonblast|p1a: Kyurem
|-supereffective|p1a: Kyurem
|-end|p1a: Kyurem|Substitute
|
|-heal|p1a: Kyurem|37/100|[from] item: Leftovers
|upkeep
|turn|27
|
|t:|1779957043
|move|p1a: Kyurem|Protect|p1a: Kyurem
|-singleturn|p1a: Kyurem|Protect
|move|p2a: Iron Valiant|Shadow Ball|p1a: Kyurem
|-activate|p1a: Kyurem|move: Protect
|
|-heal|p1a: Kyurem|43/100|[from] item: Leftovers
|upkeep
|turn|28
|
|t:|1779957050
|switch|p1a: Kingambit|Kingambit, F|29/100
|-damage|p1a: Kingambit|23/100|[from] Stealth Rock
|-activate|p1a: Kingambit|ability: Supreme Overlord
|-start|p1a: Kingambit|fallen2|[silent]
|move|p2a: Iron Valiant|Shadow Ball|p1a: Kingambit
|-resisted|p1a: Kingambit
|-damage|p1a: Kingambit|0 fnt
|faint|p1a: Kingambit
|-end|p1a: Kingambit|fallen2|[silent]
|
|upkeep
|
|t:|1779957053
|switch|p1a: Iron Valiant|Iron Valiant|100/100
|-damage|p1a: Iron Valiant|94/100|[from] Stealth Rock
|-enditem|p1a: Iron Valiant|Booster Energy
|-activate|p1a: Iron Valiant|ability: Quark Drive|[fromitem]
|-start|p1a: Iron Valiant|quarkdrivespe
|turn|29
|
|t:|1779957059
|move|p1a: Iron Valiant|Shadow Ball|p2a: Iron Valiant
|-supereffective|p2a: Iron Valiant
|-damage|p2a: Iron Valiant|0 fnt
|faint|p2a: Iron Valiant
|-end|p2a: Iron Valiant|Quark Drive|[silent]
|
|upkeep
|
|t:|1779957068
|switch|p2a: Cookie maker|Rotom-Heat|53/100
|turn|30
|
|t:|1779957078
|move|p1a: Iron Valiant|Shadow Ball|p2a: Cookie maker
|-damage|p2a: Cookie maker|27/100
|move|p2a: Cookie maker|Pain Split|p1a: Iron Valiant
|-sethp|p1a: Iron Valiant|59/100|[from] move: Pain Split|[silent]
|-sethp|p2a: Cookie maker|65/100|[from] move: Pain Split
|
|upkeep
|turn|31
|
|t:|1779957082
|move|p1a: Iron Valiant|Calm Mind|p1a: Iron Valiant
|-boost|p1a: Iron Valiant|spa|1
|-boost|p1a: Iron Valiant|spd|1
|move|p2a: Cookie maker|Overheat|p1a: Iron Valiant
|-damage|p1a: Iron Valiant|0 fnt
|-unboost|p2a: Cookie maker|spa|2
|faint|p1a: Iron Valiant
|-end|p1a: Iron Valiant|Quark Drive|[silent]
|
|upkeep
|-message|HelloThere72 forfeited.
|
|win|nwalesu
|raw|HelloThere72's rating: 1494 &rarr; <strong>1476</strong><br />(-18 for losing)
|raw|nwalesu's rating: 1530 &rarr; <strong>1548</strong><br />(+18 for winning)
|l|☆HelloThere72
|player|p1|
|l|☆nwalesu
|player|p2|
