|j|☆p$ychopath
|j|☆habixia
|t:|1779952716
|gametype|singles
|player|p1|p$ychopath|psychic-lgpe|1670
|player|p2|habixia|101|1639
|gen|9
|tier|[Gen 9] OU
|rated|
|rule|HP Percentage Mod: HP is shown in percentages
|rule|Endless Battle Clause: Forcing endless battles is banned
|rule|Species Clause: Limit one of each Pokémon
|rule|OHKO Clause: OHKO moves are banned
|rule|Evasion Items Clause: Evasion items are banned
|rule|Evasion Moves Clause: Evasion moves are banned
|rule|Evasion Abilities Clause: Evasion abilities are banned
|rule|Sleep Moves Clause: Sleep-inducing moves are banned
|clearpoke
|poke|p1|Iron Jugulis|
|poke|p1|Iron Valiant|
|poke|p1|Iron Moth|
|poke|p1|Great Tusk|
|poke|p1|Samurott-Hisui, F|
|poke|p1|Sandy Shocks|
|poke|p2|Pelipper, F|
|poke|p2|Ogerpon-Wellspring, F|
|poke|p2|Barraskewda, F|
|poke|p2|Revavroom, M|
|poke|p2|Iron Treads|
|poke|p2|Zapdos|
|teampreview
|inactive|Battle timer is ON: inactive players will automatically lose when time's up. (requested by p$ychopath)
|
|t:|1779952720
|teamsize|p1|6
|teamsize|p2|6
|start
|switch|p1a: Sandy Shocks|Sandy Shocks|100/100
|switch|p2a: Pelipper|Pelipper, F|100/100
|-weather|RainDance|[from] ability: Drizzle|[of] p2a: Pelipper
|-enditem|p1a: Sandy Shocks|Booster Energy
|-activate|p1a: Sandy Shocks|ability: Protosynthesis|[fromitem]
|-start|p1a: Sandy Shocks|protosynthesisspe
|turn|1
|
|t:|1779952725
|switch|p2a: Iron Treads|Iron Treads|100/100
|move|p1a: Sandy Shocks|Stealth Rock|p2a: Iron Treads
|-sidestart|p2: habixia|move: Stealth Rock
|
|-weather|RainDance|[upkeep]
|upkeep
|turn|2
|
|t:|1779952732
|-terastallize|p1a: Sandy Shocks|Ghost
|move|p1a: Sandy Shocks|Earth Power|p2a: Iron Treads
|-supereffective|p2a: Iron Treads
|-damage|p2a: Iron Treads|25/100
|move|p2a: Iron Treads|Earthquake|p1a: Sandy Shocks
|-damage|p1a: Sandy Shocks|59/100
|
|-weather|RainDance|[upkeep]
|-heal|p2a: Iron Treads|31/100|[from] item: Leftovers
|upkeep
|turn|3
|
|t:|1779952743
|-terastallize|p2a: Iron Treads|Flying
|move|p1a: Sandy Shocks|Spikes|p2a: Iron Treads
|-sidestart|p2: habixia|Spikes
|move|p2a: Iron Treads|Volt Switch|p1a: Sandy Shocks
|-damage|p1a: Sandy Shocks|45/100
|
|t:|1779952747
|-end|p2a: Iron Treads|Quark Drive|[silent]
|switch|p2a: Barraskewda|Barraskewda, F|100/100|[from] Volt Switch
|-damage|p2a: Barraskewda|88/100|[from] Stealth Rock
|-damage|p2a: Barraskewda|76/100|[from] Spikes
|
|-weather|RainDance|[upkeep]
|upkeep
|turn|4
|
|t:|1779952756
|-end|p1a: Sandy Shocks|Protosynthesis|[silent]
|switch|p1a: Samurott|Samurott-Hisui, F, shiny|100/100
|move|p2a: Barraskewda|Liquidation|p1a: Samurott
|-resisted|p1a: Samurott
|-damage|p1a: Samurott|51/100
|
|-weather|RainDance|[upkeep]
|upkeep
|turn|5
|
|t:|1779952763
|move|p2a: Barraskewda|Close Combat|p1a: Samurott
|-supereffective|p1a: Samurott
|-damage|p1a: Samurott|0 fnt
|-unboost|p2a: Barraskewda|def|1
|-unboost|p2a: Barraskewda|spd|1
|faint|p1a: Samurott
|
|-weather|RainDance|[upkeep]
|upkeep
|
|t:|1779952770
|switch|p1a: Iron Mugulis|Iron Jugulis|100/100
|-enditem|p1a: Iron Mugulis|Booster Energy
|-activate|p1a: Iron Mugulis|ability: Quark Drive|[fromitem]
|-start|p1a: Iron Mugulis|quarkdrivespe
|turn|6
|
|t:|1779952783
|move|p2a: Barraskewda|Flip Turn|p1a: Iron Mugulis
|-damage|p1a: Iron Mugulis|30/100
|
|t:|1779952787
|switch|p2a: Zapdos|Zapdos|100/100|[from] Flip Turn
|move|p1a: Iron Mugulis|Hydro Pump|p2a: Zapdos
|-damage|p2a: Zapdos|36/100
|
|-weather|RainDance|[upkeep]
|upkeep
|turn|7
|
|t:|1779952795
|move|p1a: Iron Mugulis|Dark Pulse|p2a: Zapdos
|-damage|p2a: Zapdos|0 fnt
|faint|p2a: Zapdos
|
|-weather|RainDance|[upkeep]
|upkeep
|
|t:|1779952797
|switch|p2a: Barraskewda|Barraskewda, F|76/100
|-damage|p2a: Barraskewda|64/100|[from] Stealth Rock
|-damage|p2a: Barraskewda|52/100|[from] Spikes
|turn|8
|
|t:|1779952802
|move|p2a: Barraskewda|Flip Turn|p1a: Iron Mugulis
|-crit|p1a: Iron Mugulis
|-damage|p1a: Iron Mugulis|0 fnt
|faint|p1a: Iron Mugulis
|-end|p1a: Iron Mugulis|Quark Drive|[silent]
|
|t:|1779952805
|switch|p2a: Iron Treads|Iron Treads, tera:Flying|31/100|[from] Flip Turn
|-damage|p2a: Iron Treads|6/100|[from] Stealth Rock
|
|-weather|none
|-heal|p2a: Iron Treads|12/100|[from] item: Leftovers
|upkeep
|
|t:|1779952812
|switch|p1a: Iron Moth|Iron Moth|100/100
|-enditem|p1a: Iron Moth|Booster Energy
|-activate|p1a: Iron Moth|ability: Quark Drive|[fromitem]
|-start|p1a: Iron Moth|quarkdrivespe
|turn|9
|
|t:|1779952816
|move|p1a: Iron Moth|Fiery Dance|p2a: Iron Treads
|-damage|p2a: Iron Treads|0 fnt
|faint|p2a: Iron Treads
|-end|p2a: Iron Treads|Quark Drive|[silent]
|
|upkeep
|
|t:|1779952818
|switch|p2a: Pelipper|Pelipper, F|100/100
|-damage|p2a: Pelipper|76/100|[from] Stealth Rock
|-weather|RainDance|[from] ability: Drizzle|[of] p2a: Pelipper
|turn|10
|
|t:|1779952821
|move|p1a: Iron Moth|Substitute|p1a: Iron Moth
|-start|p1a: Iron Moth|Substitute
|-damage|p1a: Iron Moth|76/100
|move|p2a: Pelipper|U-turn|p1a: Iron Moth
|-resisted|p1a: Iron Moth
|-activate|p1a: Iron Moth|move: Substitute|[damage]
|
|t:|1779952825
|switch|p2a: Barraskewda|Barraskewda, F|52/100|[from] U-turn
|-damage|p2a: Barraskewda|40/100|[from] Stealth Rock
|-damage|p2a: Barraskewda|27/100|[from] Spikes
|
|-weather|RainDance|[upkeep]
|upkeep
|turn|11
|
|t:|1779952831
|move|p2a: Barraskewda|Flip Turn|p1a: Iron Moth
|-supereffective|p1a: Iron Moth
|-end|p1a: Iron Moth|Substitute
|
|t:|1779952835
|switch|p2a: Ogerpon|Ogerpon-Wellspring, F|100/100|[from] Flip Turn
|-damage|p2a: Ogerpon|88/100|[from] Stealth Rock
|-damage|p2a: Ogerpon|76/100|[from] Spikes
|move|p1a: Iron Moth|Substitute|p1a: Iron Moth
|-start|p1a: Iron Moth|Substitute
|-damage|p1a: Iron Moth|51/100
|
|-weather|RainDance|[upkeep]
|upkeep
|turn|12
|
|t:|1779952838
|move|p1a: Iron Moth|Sludge Wave|p2a: Ogerpon
|-supereffective|p2a: Ogerpon
|-damage|p2a: Ogerpon|0 fnt
|faint|p2a: Ogerpon
|
|-weather|RainDance|[upkeep]
|upkeep
|
|t:|1779952844
|switch|p2a: Pelipper|Pelipper, F|76/100
|-damage|p2a: Pelipper|51/100|[from] Stealth Rock
|turn|13
|
|t:|1779952847
|move|p1a: Iron Moth|Sludge Wave|p2a: Pelipper
|-damage|p2a: Pelipper|0 fnt
|faint|p2a: Pelipper
|
|-weather|RainDance|[upkeep]
|upkeep
|
|t:|1779952849
|switch|p2a: Barraskewda|Barraskewda, F|27/100
|-damage|p2a: Barraskewda|15/100|[from] Stealth Rock
|-damage|p2a: Barraskewda|3/100|[from] Spikes
|turn|14
|
|t:|1779952852
|move|p2a: Barraskewda|Liquidation|p1a: Iron Moth
|-supereffective|p1a: Iron Moth
|-end|p1a: Iron Moth|Substitute
|move|p1a: Iron Moth|Substitute|p1a: Iron Moth
|-start|p1a: Iron Moth|Substitute
|-damage|p1a: Iron Moth|26/100
|
|-weather|RainDance|[upkeep]
|upkeep
|turn|15
|
|t:|1779952858
|move|p2a: Barraskewda|Liquidation|p1a: Iron Moth
|-supereffective|p1a: Iron Moth
|-end|p1a: Iron Moth|Substitute
|move|p1a: Iron Moth|Substitute|p1a: Iron Moth
|-start|p1a: Iron Moth|Substitute
|-damage|p1a: Iron Moth|1/100
|
|-weather|RainDance|[upkeep]
|upkeep
|turn|16
|
|t:|1779952861
|move|p2a: Barraskewda|Liquidation|p1a: Iron Moth
|-supereffective|p1a: Iron Moth
|-end|p1a: Iron Moth|Substitute
|move|p1a: Iron Moth|Fiery Dance|p2a: Barraskewda
|-resisted|p2a: Barraskewda
|-damage|p2a: Barraskewda|0 fnt
|faint|p2a: Barraskewda
|
|-weather|RainDance|[upkeep]
|upkeep
|
|t:|1779952863
|switch|p2a: Revavroom|Revavroom, M|100/100
|-damage|p2a: Revavroom|95/100|[from] Stealth Rock
|-item|p2a: Revavroom|Air Balloon
|turn|17
|
|t:|1779952865
|move|p1a: Iron Moth|Fiery Dance|p2a: Revavroom
|-supereffective|p2a: Revavroom
|-damage|p2a: Revavroom|49/100
|-enditem|p2a: Revavroom|Air Balloon
|move|p2a: Revavroom|Shift Gear|p2a: Revavroom
|-boost|p2a: Revavroom|spe|2
|-boost|p2a: Revavroom|atk|1
|
|-weather|none
|upkeep
|turn|18
|
|t:|1779952872
|move|p2a: Revavroom|Iron Head|p1a: Iron Moth
|-resisted|p1a: Iron Moth
|-damage|p1a: Iron Moth|0 fnt
|faint|p1a: Iron Moth
|-end|p1a: Iron Moth|Quark Drive|[silent]
|
|upkeep
|
|t:|1779952874
|switch|p1a: Great Tusk|Great Tusk|100/100
|-enditem|p1a: Great Tusk|Booster Energy
|-activate|p1a: Great Tusk|ability: Protosynthesis|[fromitem]
|-start|p1a: Great Tusk|protosynthesisspe
|turn|19
|
|t:|1779952876
|move|p2a: Revavroom|Iron Head|p1a: Great Tusk
|-damage|p1a: Great Tusk|57/100
|cant|p1a: Great Tusk|flinch
|
|upkeep
|turn|20
|
|t:|1779952880
|move|p2a: Revavroom|Iron Head|p1a: Great Tusk
|-damage|p1a: Great Tusk|15/100
|cant|p1a: Great Tusk|flinch
|
|upkeep
|turn|21
|
|t:|1779952882
|move|p2a: Revavroom|Iron Head|p1a: Great Tusk
|-damage|p1a: Great Tusk|0 fnt
|faint|p1a: Great Tusk
|-end|p1a: Great Tusk|Protosynthesis|[silent]
|
|upkeep
|
|t:|1779952885
|switch|p1a: Iron Valiant|Iron Valiant|100/100
|-enditem|p1a: Iron Valiant|Booster Energy
|-activate|p1a: Iron Valiant|ability: Quark Drive|[fromitem]
|-start|p1a: Iron Valiant|quarkdrivespe
|turn|22
|
|t:|1779952888
|move|p2a: Revavroom|Iron Head|p1a: Iron Valiant
|-supereffective|p1a: Iron Valiant
|-damage|p1a: Iron Valiant|0 fnt
|faint|p1a: Iron Valiant
|-end|p1a: Iron Valiant|Quark Drive|[silent]
|
|upkeep
|
|t:|1779952892
|switch|p1a: Sandy Shocks|Sandy Shocks, tera:Ghost|45/100
|turn|23
|
|t:|1779952896
|move|p2a: Revavroom|Iron Head|p1a: Sandy Shocks
|-damage|p1a: Sandy Shocks|0 fnt
|faint|p1a: Sandy Shocks
|-end|p1a: Sandy Shocks|Protosynthesis|[silent]
|
|win|habixia
|raw|p$ychopath's rating: 1670 &rarr; <strong>1648</strong><br />(-22 for losing)
|raw|habixia's rating: 1639 &rarr; <strong>1661</strong><br />(+22 for winning)
|c|☆p$ychopath|alright
|l|☆p$ychopath
|player|p1|
|l|☆habixia
|player|p2|
