|j|☆T1muring
|j|☆kitakami kitchen
|t:|1779947098
|gametype|singles
|player|p1|T1muring|lady|1458
|player|p2|kitakami kitchen|roxie|1494
|gen|9
|tier|[Gen 9] OU
|rated|
|rule|HP Percentage Mod: HP is shown in percentages
|rule|Endless Battle Clause: Forcing endless battles is banned
|rule|Species Clause: Limit one of each Pokémon
|rule|OHKO Clause: OHKO moves are banned
|rule|Evasion Items Clause: Evasion items are banned
|rule|Evasion Moves Clause: Evasion moves are banned
|rule|Evasion Abilities Clause: Evasion abilities are banned
|rule|Sleep Moves Clause: Sleep-inducing moves are banned
|clearpoke
|poke|p1|Klefki, M|
|poke|p1|Mew|
|poke|p1|Manaphy|
|poke|p1|Maushold|
|poke|p1|Latias, F|
|poke|p1|Jirachi|
|poke|p2|Rillaboom, F|
|poke|p2|Hawlucha, M|
|poke|p2|Comfey, F|
|poke|p2|Iron Crown|
|poke|p2|Glimmora, F|
|poke|p2|Ogerpon-Wellspring, F|
|teampreview
|inactive|Battle timer is ON: inactive players will automatically lose when time's up. (requested by T1muring)
|
|t:|1779947117
|teamsize|p1|6
|teamsize|p2|6
|start
|switch|p1a: Klefki|Klefki, M|100/100
|switch|p2a: Glimmora|Glimmora, F|100/100
|turn|1
|c|☆T1muring|Comfey user :0
|
|t:|1779947122
|switch|p1a: Jirachi|Jirachi|100/100
|move|p2a: Glimmora|Earth Power|p1a: Jirachi
|-supereffective|p1a: Jirachi
|-damage|p1a: Jirachi|38/100
|
|upkeep
|turn|2
|c|☆T1muring|OSHIT I DIDNT MEAN TO SWITCH
|
|t:|1779947138
|switch|p1a: Klefki|Klefki, M|100/100
|move|p2a: Glimmora|Earth Power|p1a: Klefki
|-supereffective|p1a: Klefki
|-damage|p1a: Klefki|3/100
|-unboost|p1a: Klefki|spd|1
|
|upkeep
|turn|3
|
|t:|1779947145
|move|p2a: Glimmora|Earth Power|p1a: Klefki
|-supereffective|p1a: Klefki
|-damage|p1a: Klefki|0 fnt
|faint|p1a: Klefki
|
|upkeep
|
|t:|1779947151
|switch|p1a: Manaphy|Manaphy|100/100
|turn|4
|
|t:|1779947167
|switch|p2a: Rillaboom|Rillaboom, F|100/100
|-fieldstart|move: Grassy Terrain|[from] ability: Grassy Surge|[of] p2a: Rillaboom
|move|p1a: Manaphy|Take Heart|p1a: Manaphy
|-boost|p1a: Manaphy|spa|1
|-boost|p1a: Manaphy|spd|1
|
|upkeep
|turn|5
|
|t:|1779947174
|move|p1a: Manaphy|Ice Beam|p2a: Rillaboom
|-supereffective|p2a: Rillaboom
|-damage|p2a: Rillaboom|3/100
|move|p2a: Rillaboom|U-turn|p1a: Manaphy
|-damage|p1a: Manaphy|76/100
|
|t:|1779947178
|switch|p2a: Ogerpon|Ogerpon-Wellspring, F|100/100|[from] U-turn
|
|-heal|p1a: Manaphy|82/100|[from] Grassy Terrain
|-heal|p1a: Manaphy|88/100|[from] item: Leftovers
|upkeep
|turn|6
|
|t:|1779947184
|move|p2a: Ogerpon|Grassy Glide|p1a: Manaphy
|-supereffective|p1a: Manaphy
|-damage|p1a: Manaphy|8/100
|move|p1a: Manaphy|Ice Beam|p2a: Ogerpon
|-damage|p2a: Ogerpon|56/100
|
|-heal|p2a: Ogerpon|62/100|[from] Grassy Terrain
|-heal|p1a: Manaphy|15/100|[from] Grassy Terrain
|-heal|p1a: Manaphy|21/100|[from] item: Leftovers
|upkeep
|turn|7
|
|t:|1779947197
|move|p2a: Ogerpon|Grassy Glide|p1a: Manaphy
|-supereffective|p1a: Manaphy
|-damage|p1a: Manaphy|0 fnt
|faint|p1a: Manaphy
|
|-heal|p2a: Ogerpon|68/100|[from] Grassy Terrain
|upkeep
|
|t:|1779947203
|switch|p1a: Jirachi|Jirachi|38/100
|turn|8
|
|t:|1779947211
|move|p1a: Jirachi|Ice Punch|p2a: Ogerpon
|-damage|p2a: Ogerpon|35/100
|move|p2a: Ogerpon|Ivy Cudgel|p1a: Jirachi|[anim] Ivy Cudgel Water
|-damage|p1a: Jirachi|0 fnt
|faint|p1a: Jirachi
|
|-heal|p2a: Ogerpon|41/100|[from] Grassy Terrain
|upkeep
|
|t:|1779947219
|switch|p1a: Mew|Mew|100/100
|turn|9
|
|t:|1779947225
|switch|p2a: Glimmora|Glimmora, F|100/100
|move|p1a: Mew|Iron Defense|p1a: Mew
|-boost|p1a: Mew|def|2
|
|upkeep
|turn|10
|
|t:|1779947231
|move|p2a: Glimmora|Mortal Spin|p1a: Mew
|-crit|p1a: Mew
|-damage|p1a: Mew|95/100
|-status|p1a: Mew|psn
|-activate|p1a: Mew|ability: Synchronize
|-immune|p2a: Glimmora
|move|p1a: Mew|Agility|p1a: Mew
|-boost|p1a: Mew|spe|2
|
|-heal|p1a: Mew|100/100 psn|[from] Grassy Terrain
|-damage|p1a: Mew|88/100 psn|[from] psn
|upkeep
|turn|11
|
|t:|1779947245
|move|p1a: Mew|Stored Power|p2a: Glimmora
|-supereffective|p2a: Glimmora
|-damage|p2a: Glimmora|5/100
|move|p2a: Glimmora|Meteor Beam||[still]
|-prepare|p2a: Glimmora|Meteor Beam
|-boost|p2a: Glimmora|spa|1
|-enditem|p2a: Glimmora|Power Herb
|-anim|p2a: Glimmora|Meteor Beam|p1a: Mew
|-damage|p1a: Mew|3/100 psn
|
|-heal|p1a: Mew|10/100 psn|[from] Grassy Terrain
|-heal|p2a: Glimmora|11/100|[from] Grassy Terrain
|-damage|p1a: Mew|0 fnt|[from] psn
|faint|p1a: Mew
|-fieldend|move: Grassy Terrain
|upkeep
|
|t:|1779947257
|switch|p1a: Latias|Latias, F, shiny|100/100
|turn|12
|
|t:|1779947263
|-terastallize|p1a: Latias|Electric
|move|p1a: Latias|Thunderbolt|p2a: Glimmora
|-damage|p2a: Glimmora|0 fnt
|faint|p2a: Glimmora
|
|upkeep
|
|t:|1779947285
|switch|p2a: Iron Crown|Iron Crown|100/100
|-enditem|p2a: Iron Crown|Booster Energy
|-activate|p2a: Iron Crown|ability: Quark Drive|[fromitem]
|-start|p2a: Iron Crown|quarkdrivespe
|turn|13
|
|t:|1779947290
|move|p2a: Iron Crown|Calm Mind|p2a: Iron Crown
|-boost|p2a: Iron Crown|spa|1
|-boost|p2a: Iron Crown|spd|1
|move|p1a: Latias|Thunderbolt|p2a: Iron Crown
|-damage|p2a: Iron Crown|77/100
|
|upkeep
|turn|14
|
|t:|1779947293
|move|p2a: Iron Crown|Psyshock|p1a: Latias
|-damage|p1a: Latias|47/100
|move|p1a: Latias|Calm Mind|p1a: Latias
|-boost|p1a: Latias|spa|1
|-boost|p1a: Latias|spd|1
|
|upkeep
|turn|15
|
|t:|1779947300
|move|p2a: Iron Crown|Psyshock|p1a: Latias
|-damage|p1a: Latias|0 fnt
|faint|p1a: Latias
|
|upkeep
|
|t:|1779947304
|switch|p1a: Maushold|Maushold|100/100
|turn|16
|
|t:|1779947306
|move|p2a: Iron Crown|Tachyon Cutter|p1a: Maushold
|-damage|p1a: Maushold|45/100
|-damage|p1a: Maushold|0 fnt
|faint|p1a: Maushold
|-hitcount|p1: Maushold|2
|
|win|kitakami kitchen
|raw|T1muring's rating: 1458 &rarr; <strong>1440</strong><br />(-18 for losing)
|raw|kitakami kitchen's rating: 1494 &rarr; <strong>1512</strong><br />(+18 for winning)
|l|☆T1muring
|player|p1|
|c|☆kitakami kitchen|gg
|l|☆kitakami kitchen
|player|p2|
