|j|☆PlasmaProphet
|j|☆gekichumai
|t:|1779863868
|gametype|singles
|player|p1|PlasmaProphet|erika|1212
|player|p2|gekichumai|miku-psychic|1292
|gen|9
|tier|[Gen 9] OU
|rated|
|rule|HP Percentage Mod: HP is shown in percentages
|rule|Endless Battle Clause: Forcing endless battles is banned
|rule|Species Clause: Limit one of each Pokémon
|rule|OHKO Clause: OHKO moves are banned
|rule|Evasion Items Clause: Evasion items are banned
|rule|Evasion Moves Clause: Evasion moves are banned
|rule|Evasion Abilities Clause: Evasion abilities are banned
|rule|Sleep Moves Clause: Sleep-inducing moves are banned
|clearpoke
|poke|p1|Iron Leaves|
|poke|p1|Iron Valiant|
|poke|p1|Moltres|
|poke|p1|Pincurchin, F|
|poke|p1|Raging Bolt|
|poke|p1|Iron Crown|
|poke|p2|Blaziken, M|
|poke|p2|Pecharunt|
|poke|p2|Deoxys-Speed|
|poke|p2|Iron Valiant|
|poke|p2|Armarouge, F|
|poke|p2|Ogerpon-Wellspring, F|
|teampreview
|inactive|Battle timer is ON: inactive players will automatically lose when time's up. (requested by gekichumai)
|j| thecamdoge1
|l| thecamdoge1
|inactive|gekichumai has 120 seconds left.
|
|t:|1779863909
|teamsize|p1|6
|teamsize|p2|6
|start
|switch|p1a: Iron Crown|Iron Crown|100/100
|switch|p2a: Deoxys|Deoxys-Speed|100/100
|-ability|p2a: Deoxys|Pressure
|turn|1
|
|t:|1779863921
|move|p2a: Deoxys|Knock Off|p1a: Iron Crown
|-supereffective|p1a: Iron Crown
|-damage|p1a: Iron Crown|44/100
|-enditem|p1a: Iron Crown|Choice Specs|[from] move: Knock Off|[of] p2a: Deoxys
|move|p1a: Iron Crown|Volt Switch|p2a: Deoxys
|-damage|p2a: Deoxys|62/100
|
|t:|1779863926
|-end|p1a: Iron Crown|Quark Drive|[silent]
|switch|p1a: Pincurchin|Pincurchin, F|100/100|[from] Volt Switch
|-fieldstart|move: Electric Terrain|[from] ability: Electric Surge|[of] p1a: Pincurchin
|
|upkeep
|turn|2
|
|t:|1779863940
|move|p2a: Deoxys|Stealth Rock|p1a: Pincurchin
|-sidestart|p1: PlasmaProphet|move: Stealth Rock
|move|p1a: Pincurchin|Thunder Wave|p2a: Deoxys
|-status|p2a: Deoxys|par
|
|upkeep
|turn|3
|
|t:|1779863945
|cant|p2a: Deoxys|par
|move|p1a: Pincurchin|Memento|p2a: Deoxys
|-unboost|p2a: Deoxys|atk|2
|-unboost|p2a: Deoxys|spa|2
|faint|p1a: Pincurchin
|-enditem|p2a: Deoxys|Eject Pack
|
|t:|1779863953
|switch|p2a: Blaziken|Blaziken, M|100/100
|
|upkeep
|
|t:|1779863959
|switch|p1a: Iron Leaves|Iron Leaves|100/100
|-damage|p1a: Iron Leaves|88/100|[from] Stealth Rock
|-activate|p1a: Iron Leaves|ability: Quark Drive
|-start|p1a: Iron Leaves|quarkdriveatk
|turn|4
|
|t:|1779863965
|move|p1a: Iron Leaves|Psyblade|p2a: Blaziken
|-supereffective|p2a: Blaziken
|-enditem|p2a: Blaziken|Focus Sash
|-damage|p2a: Blaziken|1/100
|move|p2a: Blaziken|Swords Dance|p2a: Blaziken
|-boost|p2a: Blaziken|atk|2
|
|-ability|p2a: Blaziken|Speed Boost|boost
|-boost|p2a: Blaziken|spe|1
|upkeep
|turn|5
|
|t:|1779863972
|move|p1a: Iron Leaves|Psyblade|p2a: Blaziken
|-supereffective|p2a: Blaziken
|-damage|p2a: Blaziken|0 fnt
|faint|p2a: Blaziken
|
|upkeep
|
|t:|1779863984
|switch|p2a: Deoxys|Deoxys-Speed|62/100 par
|-ability|p2a: Deoxys|Pressure
|turn|6
|
|t:|1779863989
|move|p1a: Iron Leaves|Psyblade|p2a: Deoxys
|-resisted|p2a: Deoxys
|-damage|p2a: Deoxys|3/100 par
|move|p2a: Deoxys|Knock Off|p1a: Iron Leaves
|-supereffective|p1a: Iron Leaves
|-damage|p1a: Iron Leaves|29/100
|-enditem|p1a: Iron Leaves|Choice Scarf|[from] move: Knock Off|[of] p2a: Deoxys
|
|upkeep
|turn|7
|
|t:|1779863994
|move|p1a: Iron Leaves|Psyblade|p2a: Deoxys
|-resisted|p2a: Deoxys
|-damage|p2a: Deoxys|0 fnt
|faint|p2a: Deoxys
|
|upkeep
|
|t:|1779864000
|switch|p2a: Ogerpon|Ogerpon-Wellspring, F|100/100
|turn|8
|
|t:|1779864002
|move|p2a: Ogerpon|U-turn|p1a: Iron Leaves
|-supereffective|p1a: Iron Leaves
|-damage|p1a: Iron Leaves|0 fnt
|faint|p1a: Iron Leaves
|-end|p1a: Iron Leaves|Quark Drive|[silent]
|
|t:|1779864009
|switch|p2a: Pecharunt|Pecharunt|100/100|[from] U-turn
|
|-fieldend|move: Electric Terrain
|upkeep
|
|t:|1779864012
|switch|p1a: Iron Valiant|Iron Valiant|100/100
|-damage|p1a: Iron Valiant|94/100|[from] Stealth Rock
|turn|9
|
|t:|1779864017
|move|p1a: Iron Valiant|Knock Off|p2a: Pecharunt
|-supereffective|p2a: Pecharunt
|-damage|p2a: Pecharunt|59/100
|-enditem|p2a: Pecharunt|Heavy-Duty Boots|[from] move: Knock Off|[of] p1a: Iron Valiant
|-damage|p1a: Iron Valiant|85/100|[from] item: Life Orb
|move|p2a: Pecharunt|Parting Shot|p1a: Iron Valiant
|-unboost|p1a: Iron Valiant|atk|1
|-unboost|p1a: Iron Valiant|spa|1
|
|t:|1779864026
|switch|p2a: Iron Valiant|Iron Valiant|100/100|[from] Parting Shot
|-enditem|p2a: Iron Valiant|Booster Energy
|-activate|p2a: Iron Valiant|ability: Quark Drive|[fromitem]
|-start|p2a: Iron Valiant|quarkdrivespe
|
|upkeep
|turn|10
|
|t:|1779864032
|-end|p1a: Iron Valiant|Quark Drive|[silent]
|switch|p1a: Moltres|Moltres|100/100
|move|p2a: Iron Valiant|Moonblast|p1a: Moltres
|-resisted|p1a: Moltres
|-damage|p1a: Moltres|75/100
|-unboost|p1a: Moltres|spa|1
|
|upkeep
|turn|11
|
|t:|1779864040
|move|p2a: Iron Valiant|Moonblast|p1a: Moltres
|-resisted|p1a: Moltres
|-damage|p1a: Moltres|54/100
|move|p1a: Moltres|Air Slash|p2a: Iron Valiant
|-supereffective|p2a: Iron Valiant
|-damage|p2a: Iron Valiant|0 fnt
|faint|p2a: Iron Valiant
|-end|p2a: Iron Valiant|Quark Drive|[silent]
|
|upkeep
|
|t:|1779864046
|switch|p2a: Ogerpon|Ogerpon-Wellspring, F|100/100
|turn|12
|
|t:|1779864053
|-terastallize|p1a: Moltres|Grass
|move|p2a: Ogerpon|Ivy Cudgel|p1a: Moltres|[anim] Ivy Cudgel Water
|-resisted|p1a: Moltres
|-damage|p1a: Moltres|25/100
|move|p1a: Moltres|Air Slash|p2a: Ogerpon
|-supereffective|p2a: Ogerpon
|-damage|p2a: Ogerpon|40/100
|
|upkeep
|turn|13
|
|t:|1779864057
|move|p2a: Ogerpon|U-turn|p1a: Moltres
|-supereffective|p1a: Moltres
|-damage|p1a: Moltres|0 fnt
|faint|p1a: Moltres
|
|t:|1779864059
|switch|p2a: Pecharunt|Pecharunt|59/100|[from] U-turn
|
|upkeep
|
|t:|1779864061
|switch|p1a: Iron Crown|Iron Crown|44/100
|-damage|p1a: Iron Crown|38/100|[from] Stealth Rock
|turn|14
|
|t:|1779864066
|move|p1a: Iron Crown|Volt Switch|p2a: Pecharunt
|-damage|p2a: Pecharunt|36/100
|
|t:|1779864068
|-end|p1a: Iron Crown|Quark Drive|[silent]
|switch|p1a: Iron Valiant|Iron Valiant|85/100|[from] Volt Switch
|-damage|p1a: Iron Valiant|78/100|[from] Stealth Rock
|move|p2a: Pecharunt|Recover|p2a: Pecharunt
|-heal|p2a: Pecharunt|86/100
|
|upkeep
|turn|15
|
|t:|1779864073
|move|p1a: Iron Valiant|Swords Dance|p1a: Iron Valiant
|-boost|p1a: Iron Valiant|atk|2
|move|p2a: Pecharunt|Parting Shot|p1a: Iron Valiant
|-unboost|p1a: Iron Valiant|atk|1
|-unboost|p1a: Iron Valiant|spa|1
|
|t:|1779864083
|switch|p2a: Armarouge|Armarouge, F|100/100|[from] Parting Shot
|
|upkeep
|turn|16
|
|t:|1779864088
|move|p2a: Armarouge|Endure|p2a: Armarouge
|-singleturn|p2a: Armarouge|move: Endure
|move|p1a: Iron Valiant|Knock Off|p2a: Armarouge
|-supereffective|p2a: Armarouge
|-activate|p2a: Armarouge|move: Endure
|-damage|p2a: Armarouge|1/100
|-ability|p2a: Armarouge|Weak Armor|boost
|-unboost|p2a: Armarouge|def|1
|-boost|p2a: Armarouge|spe|2
|-enditem|p2a: Armarouge|Weakness Policy
|-boost|p2a: Armarouge|atk|2|[from] item: Weakness Policy
|-boost|p2a: Armarouge|spa|2|[from] item: Weakness Policy
|-damage|p1a: Iron Valiant|69/100|[from] item: Life Orb
|
|upkeep
|turn|17
|
|t:|1779864093
|move|p2a: Armarouge|Stored Power|p1a: Iron Valiant
|-supereffective|p1a: Iron Valiant
|-damage|p1a: Iron Valiant|0 fnt
|faint|p1a: Iron Valiant
|-end|p1a: Iron Valiant|Quark Drive|[silent]
|
|upkeep
|
|t:|1779864094
|switch|p1a: Raging Bolt|Raging Bolt|100/100
|-damage|p1a: Raging Bolt|88/100|[from] Stealth Rock
|-item|p1a: Raging Bolt|Air Balloon
|turn|18
|
|t:|1779864095
|move|p1a: Raging Bolt|Thunderclap||[still]
|-fail|p1a: Raging Bolt
|move|p2a: Armarouge|Psychic Terrain|p2a: Armarouge
|-fieldstart|move: Psychic Terrain
|
|upkeep
|turn|19
|
|t:|1779864097
|move|p1a: Raging Bolt|Thunderclap|p2a: Armarouge
|-activate|p2a: Armarouge|move: Psychic Terrain
|move|p2a: Armarouge|Stored Power|p1a: Raging Bolt
|-damage|p1a: Raging Bolt|0 fnt
|-enditem|p1a: Raging Bolt|Air Balloon
|faint|p1a: Raging Bolt
|-end|p1a: Raging Bolt|Protosynthesis|[silent]
|
|upkeep
|
|t:|1779864100
|switch|p1a: Iron Crown|Iron Crown|38/100
|-damage|p1a: Iron Crown|31/100|[from] Stealth Rock
|turn|20
|
|t:|1779864101
|move|p2a: Armarouge|Stored Power|p1a: Iron Crown
|-resisted|p1a: Iron Crown
|-damage|p1a: Iron Crown|0 fnt
|faint|p1a: Iron Crown
|-end|p1a: Iron Crown|Quark Drive|[silent]
|
|win|gekichumai
|raw|PlasmaProphet's rating: 1212 &rarr; <strong>1193</strong><br />(-19 for losing)
|raw|gekichumai's rating: 1292 &rarr; <strong>1311</strong><br />(+19 for winning)
|l|☆PlasmaProphet
|player|p1|
|l|☆gekichumai
|player|p2|
