|j|☆foot111111
|j|☆mikhailnik
|t:|1779819686
|gametype|singles
|player|p1|foot111111|richboy|1055
|player|p2|mikhailnik|265|1094
|gen|9
|tier|[Gen 9] OU
|rated|
|rule|HP Percentage Mod: HP is shown in percentages
|rule|Endless Battle Clause: Forcing endless battles is banned
|rule|Species Clause: Limit one of each Pokémon
|rule|OHKO Clause: OHKO moves are banned
|rule|Evasion Items Clause: Evasion items are banned
|rule|Evasion Moves Clause: Evasion moves are banned
|rule|Evasion Abilities Clause: Evasion abilities are banned
|rule|Sleep Moves Clause: Sleep-inducing moves are banned
|clearpoke
|poke|p1|Greninja-*, M|
|poke|p1|Regieleki|
|poke|p1|Snorlax, M|
|poke|p1|Incineroar, F|
|poke|p1|Mew|
|poke|p1|Bulbasaur, F|
|poke|p2|Exeggutor, F|
|poke|p2|Cloyster, F|
|poke|p2|Galvantula, F|
|poke|p2|Glimmora, F|
|poke|p2|Sableye, M|
|poke|p2|Ceruledge, F|
|teampreview
|
|t:|1779819694
|teamsize|p1|6
|teamsize|p2|6
|start
|switch|p1a: Bulbasaur|Bulbasaur, F|100/100
|switch|p2a: Galvantula|Galvantula, F|100/100
|turn|1
|
|t:|1779819719
|move|p2a: Galvantula|Thunder Wave|p1a: Bulbasaur
|-status|p1a: Bulbasaur|par
|move|p1a: Bulbasaur|Toxic|p2a: Galvantula
|-status|p2a: Galvantula|tox
|
|-damage|p2a: Galvantula|94/100 tox|[from] psn
|upkeep
|turn|2
|
|t:|1779819729
|switch|p1a: Incineroar|Incineroar, F|100/100
|-ability|p1a: Incineroar|Intimidate|boost
|-unboost|p2a: Galvantula|atk|1
|move|p2a: Galvantula|Sticky Web|p1a: Incineroar
|-sidestart|p1: foot111111|move: Sticky Web
|
|-damage|p2a: Galvantula|82/100 tox|[from] psn
|upkeep
|turn|3
|
|t:|1779819734
|switch|p2a: Ceruledge|Ceruledge, F|100/100
|move|p1a: Incineroar|Flare Blitz|p2a: Ceruledge
|-resisted|p2a: Ceruledge
|-damage|p2a: Ceruledge|63/100
|-ability|p2a: Ceruledge|Weak Armor|boost
|-unboost|p2a: Ceruledge|def|1
|-boost|p2a: Ceruledge|spe|2
|-damage|p1a: Incineroar|91/100|[from] Recoil
|
|upkeep
|turn|4
|
|t:|1779819740
|-terastallize|p2a: Ceruledge|Fire
|move|p2a: Ceruledge|Bulk Up|p2a: Ceruledge
|-boost|p2a: Ceruledge|atk|1
|-boost|p2a: Ceruledge|def|1
|move|p1a: Incineroar|Knock Off|p2a: Ceruledge
|-damage|p2a: Ceruledge|0 fnt
|-enditem|p2a: Ceruledge|Heavy-Duty Boots|[from] move: Knock Off|[of] p1a: Incineroar
|faint|p2a: Ceruledge
|
|upkeep
|
|t:|1779819747
|switch|p2a: Cloyster|Cloyster, F|100/100
|turn|5
|
|t:|1779819756
|move|p2a: Cloyster|Shell Smash|p2a: Cloyster
|-unboost|p2a: Cloyster|def|1
|-unboost|p2a: Cloyster|spd|1
|-boost|p2a: Cloyster|atk|2
|-boost|p2a: Cloyster|spa|2
|-boost|p2a: Cloyster|spe|2
|move|p1a: Incineroar|Knock Off|p2a: Cloyster
|-damage|p2a: Cloyster|40/100
|-enditem|p2a: Cloyster|Focus Sash|[from] move: Knock Off|[of] p1a: Incineroar
|
|upkeep
|turn|6
|
|t:|1779819771
|switch|p1a: Bulbasaur|Bulbasaur, F|100/100 par
|-activate|p1a: Bulbasaur|move: Sticky Web
|-unboost|p1a: Bulbasaur|spe|1
|move|p2a: Cloyster|Rock Blast|p1a: Bulbasaur
|-damage|p1a: Bulbasaur|78/100 par
|-damage|p1a: Bulbasaur|56/100 par
|-damage|p1a: Bulbasaur|34/100 par
|-damage|p1a: Bulbasaur|15/100 par
|-damage|p1a: Bulbasaur|0 fnt
|faint|p1a: Bulbasaur
|-hitcount|p1: Bulbasaur|5
|
|upkeep
|
|t:|1779819785
|switch|p1a: Regieleki|Regieleki|100/100
|turn|7
|
|t:|1779819791
|move|p1a: Regieleki|Volt Switch|p2a: Cloyster
|-supereffective|p2a: Cloyster
|-damage|p2a: Cloyster|0 fnt
|faint|p2a: Cloyster
|
|t:|1779819799
|switch|p1a: Incineroar|Incineroar, F|91/100|[from] Volt Switch
|-activate|p1a: Incineroar|move: Sticky Web
|-unboost|p1a: Incineroar|spe|1
|
|upkeep
|
|t:|1779819802
|switch|p2a: Galvantula|Galvantula, F|82/100 tox
|turn|8
|
|t:|1779819806
|move|p2a: Galvantula|Bug Buzz|p1a: Incineroar
|-damage|p1a: Incineroar|58/100
|move|p1a: Incineroar|Flare Blitz|p2a: Galvantula
|-supereffective|p2a: Galvantula
|-damage|p2a: Galvantula|0 fnt
|faint|p2a: Galvantula
|-damage|p1a: Incineroar|38/100|[from] Recoil
|
|upkeep
|
|t:|1779819811
|switch|p2a: Sableye|Sableye, M|100/100
|turn|9
|
|t:|1779819818
|switch|p2a: Glimmora|Glimmora, F|100/100
|-item|p2a: Glimmora|Air Balloon
|move|p1a: Incineroar|Parting Shot|p2a: Glimmora
|-unboost|p2a: Glimmora|atk|1
|-unboost|p2a: Glimmora|spa|1
|
|t:|1779819830
|switch|p1a: Greninja|Greninja, M|100/100|[from] Parting Shot
|-activate|p1a: Greninja|move: Sticky Web
|-unboost|p1a: Greninja|spe|1
|
|upkeep
|turn|10
|
|t:|1779819839
|move|p1a: Greninja|Water Shuriken|p2a: Glimmora
|-supereffective|p2a: Glimmora
|-damage|p2a: Glimmora|81/100
|-enditem|p2a: Glimmora|Air Balloon
|-supereffective|p2a: Glimmora
|-damage|p2a: Glimmora|60/100
|-hitcount|p2a: Glimmora|2
|-damage|p1a: Greninja|91/100|[from] item: Life Orb
|move|p2a: Glimmora|Toxic Spikes|p1a: Greninja
|-sidestart|p1: foot111111|move: Toxic Spikes
|
|upkeep
|turn|11
|
|t:|1779819849
|move|p2a: Glimmora|Toxic Spikes|p1a: Greninja
|-sidestart|p1: foot111111|move: Toxic Spikes
|move|p1a: Greninja|Hydro Pump|p2a: Glimmora
|-supereffective|p2a: Glimmora
|-damage|p2a: Glimmora|0 fnt
|faint|p2a: Glimmora
|-ability|p1a: Greninja|Battle Bond|boost
|-boost|p1a: Greninja|atk|1
|-boost|p1a: Greninja|spa|1
|-boost|p1a: Greninja|spe|1
|-activate|p1a: Greninja|ability: Battle Bond
|-damage|p1a: Greninja|81/100|[from] item: Life Orb
|
|upkeep
|
|t:|1779819856
|switch|p2a: Sableye|Sableye, M|100/100
|turn|12
|
|t:|1779819865
|move|p1a: Greninja|Water Shuriken|p2a: Sableye
|-damage|p2a: Sableye|80/100
|-damage|p2a: Sableye|60/100
|-hitcount|p2a: Sableye|2
|-damage|p1a: Greninja|71/100|[from] item: Life Orb
|move|p2a: Sableye|Sunny Day|p2a: Sableye
|-weather|SunnyDay
|
|-weather|SunnyDay|[upkeep]
|-damage|p2a: Sableye|48/100|[from] item: Black Sludge
|upkeep
|turn|13
|
|t:|1779819880
|switch|p2a: Exeggutor|Exeggutor, F|100/100
|move|p1a: Greninja|Water Shuriken|p2a: Exeggutor
|-resisted|p2a: Exeggutor
|-damage|p2a: Exeggutor|96/100
|-resisted|p2a: Exeggutor
|-damage|p2a: Exeggutor|91/100
|-resisted|p2a: Exeggutor
|-damage|p2a: Exeggutor|87/100
|-hitcount|p2a: Exeggutor|3
|-damage|p1a: Greninja|61/100|[from] item: Life Orb
|
|-weather|SunnyDay|[upkeep]
|upkeep
|turn|14
|
|t:|1779819892
|move|p1a: Greninja|Dark Pulse|p2a: Exeggutor
|-supereffective|p2a: Exeggutor
|-damage|p2a: Exeggutor|0 fnt
|faint|p2a: Exeggutor
|-damage|p1a: Greninja|51/100|[from] item: Life Orb
|
|-weather|SunnyDay|[upkeep]
|upkeep
|-message|mikhailnik forfeited.
|
|win|foot111111
|raw|foot111111's rating: 1055 &rarr; <strong>1090</strong><br />(+35 for winning)
|raw|mikhailnik's rating: 1094 &rarr; <strong>1067</strong><br />(-27 for losing)
|l|☆mikhailnik
|player|p2|
|l|☆foot111111
|player|p1|
