|j|☆oficial matute
|j|☆Potatofromsinnoh
|t:|1779929919
|gametype|singles
|player|p1|oficial matute|policeman|1287
|player|p2|Potatofromsinnoh|clair|1327
|gen|9
|tier|[Gen 9] OU
|rated|
|rule|HP Percentage Mod: HP is shown in percentages
|rule|Endless Battle Clause: Forcing endless battles is banned
|rule|Species Clause: Limit one of each Pokémon
|rule|OHKO Clause: OHKO moves are banned
|rule|Evasion Items Clause: Evasion items are banned
|rule|Evasion Moves Clause: Evasion moves are banned
|rule|Evasion Abilities Clause: Evasion abilities are banned
|rule|Sleep Moves Clause: Sleep-inducing moves are banned
|clearpoke
|poke|p1|Noivern, M|
|poke|p1|Tropius, M|
|poke|p1|Landorus-Therian, M|
|poke|p1|Garchomp, F|
|poke|p1|Hydrapple, M|
|poke|p1|Torterra, F|
|poke|p2|Cramorant, F|
|poke|p2|Iron Treads|
|poke|p2|Slowking-Galar, F|
|poke|p2|Ogerpon, F|
|poke|p2|Skeledirge, F|
|poke|p2|Iron Valiant|
|teampreview
|inactive|Battle timer is ON: inactive players will automatically lose when time's up. (requested by oficial matute)
|
|t:|1779929925
|teamsize|p1|6
|teamsize|p2|6
|start
|switch|p1a: 👁👅👁|Noivern, M|100/100
|switch|p2a: Cramorant|Cramorant, F|100/100
|-item|p2a: Cramorant|Heavy-Duty Boots|[from] ability: Frisk|[of] p1a: 👁👅👁
|turn|1
|
|t:|1779929932
|move|p1a: 👁👅👁|Switcheroo|p2a: Cramorant
|-activate|p1a: 👁👅👁|move: Trick|[of] p2a: Cramorant
|-item|p2a: Cramorant|Choice Scarf|[from] move: Switcheroo
|-item|p1a: 👁👅👁|Heavy-Duty Boots|[from] move: Switcheroo
|move|p2a: Cramorant|Ice Beam|p1a: 👁👅👁
|-supereffective|p1a: 👁👅👁
|-damage|p1a: 👁👅👁|12/100
|
|upkeep
|turn|2
|
|t:|1779929941
|switch|p1a: 👁🐽👁|Tropius, M, shiny|100/100
|move|p2a: Cramorant|Ice Beam|p1a: 👁🐽👁
|-supereffective|p1a: 👁🐽👁
|-damage|p1a: 👁🐽👁|53/100
|
|upkeep
|turn|3
|
|t:|1779929949
|-terastallize|p1a: 👁🐽👁|Ghost
|move|p2a: Cramorant|Ice Beam|p1a: 👁🐽👁
|-damage|p1a: 👁🐽👁|39/100
|-status|p1a: 👁🐽👁|frz
|-enditem|p1a: 👁🐽👁|Sitrus Berry|[eat]
|-heal|p1a: 👁🐽👁|64/100 frz|[from] item: Sitrus Berry
|cant|p1a: 👁🐽👁|frz
|
|upkeep
|turn|4
|
|t:|1779929962
|switch|p2a: Skeledirge|Skeledirge, F|100/100
|cant|p1a: 👁🐽👁|frz
|
|upkeep
|turn|5
|
|t:|1779929969
|switch|p1a: 👁👅👁|Noivern, M|12/100
|-item|p2a: Skeledirge|Heavy-Duty Boots|[from] ability: Frisk|[of] p1a: 👁👅👁
|move|p2a: Skeledirge|Hex|p1a: 👁👅👁
|-damage|p1a: 👁👅👁|0 fnt
|faint|p1a: 👁👅👁
|
|upkeep
|
|t:|1779929983
|switch|p1a: 👁👄👁|Hydrapple, M|100/100
|turn|6
|
|t:|1779929995
|-terastallize|p2a: Skeledirge|Fairy
|move|p2a: Skeledirge|Will-O-Wisp|p1a: 👁👄👁
|-status|p1a: 👁👄👁|brn
|move|p1a: 👁👄👁|Hydro Pump|p2a: Skeledirge
|-damage|p2a: Skeledirge|59/100
|
|-damage|p1a: 👁👄👁|94/100 brn|[from] brn
|upkeep
|turn|7
|
|t:|1779930005
|move|p2a: Skeledirge|Slack Off|p2a: Skeledirge
|-heal|p2a: Skeledirge|100/100
|move|p1a: 👁👄👁|Giga Drain|p2a: Skeledirge
|-damage|p2a: Skeledirge|60/100
|-heal|p1a: 👁👄👁|100/100 brn|[from] drain|[of] p2a: Skeledirge
|
|-damage|p1a: 👁👄👁|94/100 brn|[from] brn
|upkeep
|turn|8
|
|t:|1779930015
|move|p2a: Skeledirge|Torch Song|p1a: 👁👄👁
|-damage|p1a: 👁👄👁|75/100 brn
|-boost|p2a: Skeledirge|spa|1
|move|p1a: 👁👄👁|Giga Drain|p2a: Skeledirge
|-damage|p2a: Skeledirge|19/100
|-heal|p1a: 👁👄👁|96/100 brn|[from] drain|[of] p2a: Skeledirge
|
|-damage|p1a: 👁👄👁|90/100 brn|[from] brn
|upkeep
|turn|9
|
|t:|1779930025
|move|p2a: Skeledirge|Slack Off|p2a: Skeledirge
|-heal|p2a: Skeledirge|70/100
|move|p1a: 👁👄👁|Giga Drain|p2a: Skeledirge
|-damage|p2a: Skeledirge|30/100
|-heal|p1a: 👁👄👁|100/100 brn|[from] drain|[of] p2a: Skeledirge
|
|-damage|p1a: 👁👄👁|94/100 brn|[from] brn
|upkeep
|turn|10
|
|t:|1779930034
|move|p2a: Skeledirge|Slack Off|p2a: Skeledirge
|-heal|p2a: Skeledirge|81/100
|move|p1a: 👁👄👁|Giga Drain|p2a: Skeledirge
|-damage|p2a: Skeledirge|42/100
|-heal|p1a: 👁👄👁|100/100 brn|[from] drain|[of] p2a: Skeledirge
|
|-damage|p1a: 👁👄👁|94/100 brn|[from] brn
|upkeep
|turn|11
|
|t:|1779930044
|switch|p2a: Cramorant|Cramorant, F|100/100
|move|p1a: 👁👄👁|Giga Drain|p2a: Cramorant
|-damage|p2a: Cramorant|59/100
|-heal|p1a: 👁👄👁|100/100 brn|[from] drain|[of] p2a: Cramorant
|
|-damage|p1a: 👁👄👁|94/100 brn|[from] brn
|upkeep
|turn|12
|
|t:|1779930053
|switch|p1a: 👁🐽👁|Tropius, M, shiny, tera:Ghost|64/100 frz
|move|p2a: Cramorant|Ice Beam|p1a: 👁🐽👁
|-damage|p1a: 👁🐽👁|51/100 frz
|
|upkeep
|turn|13
|
|t:|1779930060
|switch|p2a: Skeledirge|Skeledirge, F, tera:Fairy|42/100
|cant|p1a: 👁🐽👁|frz
|
|upkeep
|turn|14
|
|t:|1779930065
|switch|p1a: 👁👄👁|Hydrapple, M|100/100 brn
|move|p2a: Skeledirge|Hex|p1a: 👁👄👁
|-damage|p1a: 👁👄👁|69/100 brn
|
|-damage|p1a: 👁👄👁|63/100 brn|[from] brn
|upkeep
|turn|15
|
|t:|1779930073
|switch|p2a: Ogerpon|Ogerpon, F|100/100
|move|p1a: 👁👄👁|Giga Drain|p2a: Ogerpon
|-resisted|p2a: Ogerpon
|-damage|p2a: Ogerpon|78/100
|-heal|p1a: 👁👄👁|72/100 brn|[from] drain|[of] p2a: Ogerpon
|
|-damage|p1a: 👁👄👁|66/100 brn|[from] brn
|upkeep
|turn|16
|
|t:|1779930083
|move|p2a: Ogerpon|U-turn|p1a: 👁👄👁
|-supereffective|p1a: 👁👄👁
|-damage|p1a: 👁👄👁|12/100 brn
|
|t:|1779930086
|switch|p2a: Slowking|Slowking-Galar, F|100/100|[from] U-turn
|move|p1a: 👁👄👁|Dragon Breath|p2a: Slowking
|-damage|p2a: Slowking|82/100
|-status|p2a: Slowking|par
|
|-damage|p1a: 👁👄👁|5/100 brn|[from] brn
|upkeep
|turn|17
|
|t:|1779930096
|switch|p1a: 👁🐽👁|Tropius, M, shiny, tera:Ghost|51/100 frz
|move|p2a: Slowking|Future Sight|p1a: 👁🐽👁
|-start|p2a: Slowking|move: Future Sight
|
|-item|p1a: 👁🐽👁|Sitrus Berry|[from] ability: Harvest
|upkeep
|turn|18
|c|☆Potatofromsinnoh|what is that set bro what are you cooking
|
|t:|1779930103
|cant|p1a: 👁🐽👁|frz
|-prepare|p2a: Slowking|Chilly Reception|[premajor]
|move|p2a: Slowking|Chilly Reception|p2a: Slowking
|-weather|Snowscape
|
|t:|1779930108
|switch|p2a: Skeledirge|Skeledirge, F, tera:Fairy|42/100|[from] Chilly Reception
|
|-weather|Snowscape|[upkeep]
|upkeep
|turn|19
|
|t:|1779930115
|switch|p1a: 👁👄👁|Hydrapple, M|39/100 brn
|move|p2a: Skeledirge|Slack Off|p2a: Skeledirge
|-heal|p2a: Skeledirge|93/100
|
|-weather|Snowscape|[upkeep]
|-end|p1a: 👁👄👁|move: Future Sight
|-damage|p1a: 👁👄👁|15/100 brn
|-damage|p1a: 👁👄👁|9/100 brn|[from] brn
|upkeep
|turn|20
|
|t:|1779930127
|move|p2a: Skeledirge|Hex|p1a: 👁👄👁
|-damage|p1a: 👁👄👁|0 fnt
|faint|p1a: 👁👄👁
|
|-weather|Snowscape|[upkeep]
|upkeep
|
|t:|1779930133
|switch|p1a: 👁👃👁|Landorus-Therian, M|100/100
|-ability|p1a: 👁👃👁|Intimidate|boost
|-unboost|p2a: Skeledirge|atk|1
|turn|21
|
|t:|1779930139
|move|p1a: 👁👃👁|Scorching Sands|p2a: Skeledirge
|-damage|p2a: Skeledirge|68/100
|move|p2a: Skeledirge|Will-O-Wisp|p1a: 👁👃👁|[miss]
|-miss|p2a: Skeledirge|p1a: 👁👃👁
|
|-weather|Snowscape|[upkeep]
|upkeep
|turn|22
|
|t:|1779930146
|switch|p2a: Cramorant|Cramorant, F|59/100
|move|p1a: 👁👃👁|Scorching Sands|p2a: Cramorant
|-immune|p2a: Cramorant
|
|-weather|none
|upkeep
|turn|23
|
|t:|1779930154
|switch|p1a: 👁🐽👁|Tropius, M, shiny, tera:Ghost|51/100 frz
|move|p2a: Cramorant|Surf|p1a: 👁🐽👁
|-formechange|p2a: Cramorant|Cramorant-Gulping|
|-damage|p1a: 👁🐽👁|32/100 frz
|-enditem|p1a: 👁🐽👁|Sitrus Berry|[eat]
|-heal|p1a: 👁🐽👁|57/100 frz|[from] item: Sitrus Berry
|
|upkeep
|turn|24
|
|t:|1779930163
|switch|p2a: Skeledirge|Skeledirge, F, tera:Fairy|68/100
|cant|p1a: 👁🐽👁|frz
|
|-item|p1a: 👁🐽👁|Sitrus Berry|[from] ability: Harvest
|upkeep
|turn|25
|-message|oficial matute forfeited.
|
|win|Potatofromsinnoh
|raw|oficial matute's rating: 1287 &rarr; <strong>1265</strong><br />(-22 for losing)
|raw|Potatofromsinnoh's rating: 1327 &rarr; <strong>1345</strong><br />(+18 for winning)
|l|☆oficial matute
|player|p1|
