|j|☆SmithingLucki
|j|☆yupdoinghomework
|t:|1779942034
|gametype|singles
|player|p1|SmithingLucki|byron|1329
|player|p2|yupdoinghomework|gardenia|1359
|gen|9
|tier|[Gen 9] OU
|rated|
|rule|HP Percentage Mod: HP is shown in percentages
|rule|Endless Battle Clause: Forcing endless battles is banned
|rule|Species Clause: Limit one of each Pokémon
|rule|OHKO Clause: OHKO moves are banned
|rule|Evasion Items Clause: Evasion items are banned
|rule|Evasion Moves Clause: Evasion moves are banned
|rule|Evasion Abilities Clause: Evasion abilities are banned
|rule|Sleep Moves Clause: Sleep-inducing moves are banned
|clearpoke
|poke|p1|Clodsire, F|
|poke|p1|Mandibuzz, F|
|poke|p1|Clefable, F|
|poke|p1|Garganacl, M|
|poke|p1|Cinderace, M|
|poke|p1|Kyurem|
|poke|p2|Pecharunt|
|poke|p2|Iron Valiant|
|poke|p2|Great Tusk|
|poke|p2|Raging Bolt|
|poke|p2|Weavile, F|
|poke|p2|Ogerpon-Wellspring, F|
|teampreview
|inactive|Battle timer is ON: inactive players will automatically lose when time's up. (requested by yupdoinghomework)
|
|t:|1779942041
|teamsize|p1|6
|teamsize|p2|6
|start
|switch|p1a: Garganacl|Garganacl, M|100/100
|switch|p2a: Iron Valiant|Iron Valiant|100/100
|-enditem|p2a: Iron Valiant|Booster Energy
|-activate|p2a: Iron Valiant|ability: Quark Drive|[fromitem]
|-start|p2a: Iron Valiant|quarkdrivespe
|turn|1
|
|t:|1779942049
|move|p2a: Iron Valiant|Calm Mind|p2a: Iron Valiant
|-boost|p2a: Iron Valiant|spa|1
|-boost|p2a: Iron Valiant|spd|1
|move|p1a: Garganacl|Salt Cure|p2a: Iron Valiant
|-resisted|p2a: Iron Valiant
|-damage|p2a: Iron Valiant|92/100
|-start|p2a: Iron Valiant|Salt Cure
|
|-damage|p2a: Iron Valiant|79/100|[from] Salt Cure
|upkeep
|turn|2
|
|t:|1779942066
|switch|p1a: Clefable|Clefable, F|100/100
|move|p2a: Iron Valiant|Calm Mind|p2a: Iron Valiant
|-boost|p2a: Iron Valiant|spa|1
|-boost|p2a: Iron Valiant|spd|1
|
|-damage|p2a: Iron Valiant|67/100|[from] Salt Cure
|upkeep
|turn|3
|
|t:|1779942076
|move|p2a: Iron Valiant|Moonblast|p1a: Clefable
|-damage|p1a: Clefable|54/100
|move|p1a: Clefable|Calm Mind|p1a: Clefable
|-boost|p1a: Clefable|spa|1
|-boost|p1a: Clefable|spd|1
|
|-heal|p1a: Clefable|60/100|[from] item: Leftovers
|-damage|p2a: Iron Valiant|54/100|[from] Salt Cure
|upkeep
|turn|4
|
|t:|1779942085
|move|p2a: Iron Valiant|Encore|p1a: Clefable
|-start|p1a: Clefable|Encore
|move|p1a: Clefable|Calm Mind|p1a: Clefable
|-boost|p1a: Clefable|spa|1
|-boost|p1a: Clefable|spd|1
|
|-heal|p1a: Clefable|66/100|[from] item: Leftovers
|-damage|p2a: Iron Valiant|42/100|[from] Salt Cure
|upkeep
|turn|5
|
|t:|1779942095
|move|p2a: Iron Valiant|Moonblast|p1a: Clefable
|-damage|p1a: Clefable|44/100
|move|p1a: Clefable|Calm Mind|p1a: Clefable
|-boost|p1a: Clefable|spa|1
|-boost|p1a: Clefable|spd|1
|
|-heal|p1a: Clefable|50/100|[from] item: Leftovers
|-damage|p2a: Iron Valiant|30/100|[from] Salt Cure
|upkeep
|turn|6
|
|t:|1779942111
|-end|p2a: Iron Valiant|Quark Drive|[silent]
|switch|p2a: Ogerpon|Ogerpon-Wellspring, F|100/100
|move|p1a: Clefable|Calm Mind|p1a: Clefable
|-boost|p1a: Clefable|spa|1
|-boost|p1a: Clefable|spd|1
|
|-heal|p1a: Clefable|57/100|[from] item: Leftovers
|-end|p1a: Clefable|Encore
|upkeep
|turn|7
|
|t:|1779942122
|-terastallize|p1a: Clefable|Poison
|move|p2a: Ogerpon|Power Whip|p1a: Clefable
|-resisted|p1a: Clefable
|-damage|p1a: Clefable|31/100
|move|p1a: Clefable|Moonlight|p1a: Clefable
|-heal|p1a: Clefable|81/100
|
|-heal|p1a: Clefable|87/100|[from] item: Leftovers
|upkeep
|turn|8
|
|t:|1779942134
|switch|p2a: Pecharunt|Pecharunt|100/100
|move|p1a: Clefable|Moonblast|p2a: Pecharunt
|-resisted|p2a: Pecharunt
|-damage|p2a: Pecharunt|52/100
|-unboost|p2a: Pecharunt|spa|1
|
|-heal|p1a: Clefable|93/100|[from] item: Leftovers
|upkeep
|turn|9
|
|t:|1779942145
|move|p2a: Pecharunt|Parting Shot|p1a: Clefable
|-unboost|p1a: Clefable|atk|1
|-unboost|p1a: Clefable|spa|1
|
|t:|1779942148
|switch|p2a: Iron Valiant|Iron Valiant|30/100|[from] Parting Shot
|move|p1a: Clefable|Calm Mind|p1a: Clefable
|-boost|p1a: Clefable|spa|1
|-boost|p1a: Clefable|spd|1
|
|-heal|p1a: Clefable|99/100|[from] item: Leftovers
|upkeep
|turn|10
|
|t:|1779942158
|move|p2a: Iron Valiant|Encore|p1a: Clefable
|-start|p1a: Clefable|Encore
|move|p1a: Clefable|Calm Mind|p1a: Clefable
|-boost|p1a: Clefable|spa|1
|-boost|p1a: Clefable|spd|1
|
|-heal|p1a: Clefable|100/100|[from] item: Leftovers
|upkeep
|turn|11
|
|t:|1779942164
|-end|p2a: Iron Valiant|Quark Drive|[silent]
|switch|p2a: Great Tusk|Great Tusk|100/100
|-enditem|p2a: Great Tusk|Booster Energy
|-activate|p2a: Great Tusk|ability: Protosynthesis|[fromitem]
|-start|p2a: Great Tusk|protosynthesisatk
|move|p1a: Clefable|Calm Mind|p1a: Clefable
|-boost|p1a: Clefable|spa|1
|-boost|p1a: Clefable|spd|0
|
|upkeep
|turn|12
|
|t:|1779942173
|switch|p1a: Mandibuzz|Mandibuzz, F|100/100
|move|p2a: Great Tusk|Headlong Rush|p1a: Mandibuzz
|-immune|p1a: Mandibuzz
|
|upkeep
|turn|13
|
|t:|1779942184
|move|p2a: Great Tusk|Bulk Up|p2a: Great Tusk
|-boost|p2a: Great Tusk|atk|1
|-boost|p2a: Great Tusk|def|1
|move|p1a: Mandibuzz|Foul Play|p2a: Great Tusk
|-resisted|p2a: Great Tusk
|-damage|p2a: Great Tusk|84/100
|
|upkeep
|turn|14
|
|t:|1779942193
|move|p2a: Great Tusk|Bulk Up|p2a: Great Tusk
|-boost|p2a: Great Tusk|atk|1
|-boost|p2a: Great Tusk|def|1
|move|p1a: Mandibuzz|Toxic|p2a: Great Tusk
|-status|p2a: Great Tusk|tox
|
|-damage|p2a: Great Tusk|77/100 tox|[from] psn
|upkeep
|turn|15
|
|t:|1779942202
|move|p2a: Great Tusk|Bulk Up|p2a: Great Tusk
|-boost|p2a: Great Tusk|atk|1
|-boost|p2a: Great Tusk|def|1
|move|p1a: Mandibuzz|Knock Off|p2a: Great Tusk
|-resisted|p2a: Great Tusk
|-crit|p2a: Great Tusk
|-damage|p2a: Great Tusk|68/100 tox
|
|-damage|p2a: Great Tusk|55/100 tox|[from] psn
|upkeep
|turn|16
|
|t:|1779942212
|move|p2a: Great Tusk|Ice Spinner|p1a: Mandibuzz
|-supereffective|p1a: Mandibuzz
|-damage|p1a: Mandibuzz|0 fnt
|faint|p1a: Mandibuzz
|
|-damage|p2a: Great Tusk|37/100 tox|[from] psn
|upkeep
|
|t:|1779942220
|switch|p1a: Clodsire|Clodsire, F|100/100
|turn|17
|
|t:|1779942224
|move|p1a: Clodsire|Protect|p1a: Clodsire
|-singleturn|p1a: Clodsire|Protect
|move|p2a: Great Tusk|Headlong Rush|p1a: Clodsire
|-activate|p1a: Clodsire|move: Protect
|
|-damage|p2a: Great Tusk|12/100 tox|[from] psn
|upkeep
|turn|18
|
|t:|1779942247
|switch|p1a: Cinderace|Cinderace, M|100/100
|move|p2a: Great Tusk|Headlong Rush|p1a: Cinderace
|-supereffective|p1a: Cinderace
|-damage|p1a: Cinderace|0 fnt
|-unboost|p2a: Great Tusk|def|1
|-unboost|p2a: Great Tusk|spd|1
|faint|p1a: Cinderace
|
|-damage|p2a: Great Tusk|0 fnt|[from] psn
|faint|p2a: Great Tusk
|-end|p2a: Great Tusk|Protosynthesis|[silent]
|upkeep
|
|t:|1779942260
|switch|p1a: Garganacl|Garganacl, M|100/100
|switch|p2a: Iron Valiant|Iron Valiant|30/100
|turn|19
|
|t:|1779942265
|move|p2a: Iron Valiant|Moonblast|p1a: Garganacl
|-crit|p1a: Garganacl
|-damage|p1a: Garganacl|50/100
|move|p1a: Garganacl|Salt Cure|p2a: Iron Valiant
|-resisted|p2a: Iron Valiant
|-damage|p2a: Iron Valiant|20/100
|-start|p2a: Iron Valiant|Salt Cure
|
|-heal|p1a: Garganacl|57/100|[from] item: Leftovers
|-damage|p2a: Iron Valiant|8/100|[from] Salt Cure
|upkeep
|turn|20
|
|t:|1779942279
|move|p2a: Iron Valiant|Encore|p1a: Garganacl
|-start|p1a: Garganacl|Encore
|move|p1a: Garganacl|Salt Cure|p2a: Iron Valiant
|-resisted|p2a: Iron Valiant
|-damage|p2a: Iron Valiant|0 fnt
|faint|p2a: Iron Valiant
|-end|p2a: Iron Valiant|Quark Drive|[silent]
|
|-heal|p1a: Garganacl|63/100|[from] item: Leftovers
|upkeep
|
|t:|1779942282
|switch|p2a: Ogerpon|Ogerpon-Wellspring, F|100/100
|turn|21
|
|t:|1779942293
|switch|p1a: Clodsire|Clodsire, F|100/100
|move|p2a: Ogerpon|Ivy Cudgel|p1a: Clodsire|[anim] Ivy Cudgel Water
|-immune|p1a: Clodsire|[from] ability: Water Absorb
|
|upkeep
|turn|22
|
|t:|1779942306
|move|p2a: Ogerpon|Swords Dance|p2a: Ogerpon
|-boost|p2a: Ogerpon|atk|2
|move|p1a: Clodsire|Toxic|p2a: Ogerpon
|-status|p2a: Ogerpon|tox
|
|-damage|p2a: Ogerpon|95/100 tox|[from] psn
|upkeep
|turn|23
|
|t:|1779942316
|switch|p1a: Clefable|Clefable, F, tera:Poison|100/100
|move|p2a: Ogerpon|Power Whip|p1a: Clefable
|-resisted|p1a: Clefable
|-damage|p1a: Clefable|73/100
|
|-heal|p1a: Clefable|79/100|[from] item: Leftovers
|-damage|p2a: Ogerpon|83/100 tox|[from] psn
|upkeep
|turn|24
|
|t:|1779942333
|switch|p2a: Pecharunt|Pecharunt|52/100
|move|p1a: Clefable|Calm Mind|p1a: Clefable
|-boost|p1a: Clefable|spa|1
|-boost|p1a: Clefable|spd|1
|
|-heal|p1a: Clefable|86/100|[from] item: Leftovers
|upkeep
|turn|25
|
|t:|1779942341
|move|p2a: Pecharunt|Recover|p2a: Pecharunt
|-heal|p2a: Pecharunt|100/100
|move|p1a: Clefable|Calm Mind|p1a: Clefable
|-boost|p1a: Clefable|spa|1
|-boost|p1a: Clefable|spd|1
|
|-heal|p1a: Clefable|92/100|[from] item: Leftovers
|upkeep
|turn|26
|
|t:|1779942354
|move|p2a: Pecharunt|Parting Shot|p1a: Clefable
|-unboost|p1a: Clefable|atk|1
|-unboost|p1a: Clefable|spa|1
|
|t:|1779942356
|switch|p2a: Ogerpon|Ogerpon-Wellspring, F|83/100 tox|[from] Parting Shot
|move|p1a: Clefable|Thunder Wave||[still]
|-fail|p1a: Clefable
|
|-heal|p1a: Clefable|98/100|[from] item: Leftovers
|-damage|p2a: Ogerpon|77/100 tox|[from] psn
|upkeep
|turn|27
|
|t:|1779942365
|move|p2a: Ogerpon|Ivy Cudgel|p1a: Clefable|[anim] Ivy Cudgel Water
|-crit|p1a: Clefable
|-damage|p1a: Clefable|30/100
|move|p1a: Clefable|Calm Mind|p1a: Clefable
|-boost|p1a: Clefable|spa|1
|-boost|p1a: Clefable|spd|1
|
|-heal|p1a: Clefable|36/100|[from] item: Leftovers
|-damage|p2a: Ogerpon|65/100 tox|[from] psn
|upkeep
|turn|28
|
|t:|1779942378
|switch|p1a: Clodsire|Clodsire, F|100/100
|move|p2a: Ogerpon|Ivy Cudgel|p1a: Clodsire|[anim] Ivy Cudgel Water
|-immune|p1a: Clodsire|[from] ability: Water Absorb
|
|-damage|p2a: Ogerpon|47/100 tox|[from] psn
|upkeep
|turn|29
|
|t:|1779942387
|switch|p1a: Clefable|Clefable, F, tera:Poison|36/100
|move|p2a: Ogerpon|Swords Dance|p2a: Ogerpon
|-boost|p2a: Ogerpon|atk|2
|
|-heal|p1a: Clefable|42/100|[from] item: Leftovers
|-damage|p2a: Ogerpon|23/100 tox|[from] psn
|upkeep
|turn|30
|
|t:|1779942396
|switch|p1a: Clodsire|Clodsire, F|100/100
|move|p2a: Ogerpon|Power Whip|p1a: Clodsire
|-damage|p1a: Clodsire|0 fnt
|faint|p1a: Clodsire
|
|-damage|p2a: Ogerpon|0 fnt|[from] psn
|faint|p2a: Ogerpon
|upkeep
|
|t:|1779942415
|switch|p2a: Weavile|Weavile, F|100/100
|switch|p1a: Garganacl|Garganacl, M|63/100
|-ability|p2a: Weavile|Pressure
|turn|31
|
|t:|1779942423
|move|p2a: Weavile|Swords Dance|p2a: Weavile
|-boost|p2a: Weavile|atk|2
|move|p1a: Garganacl|Body Press|p2a: Weavile
|-supereffective|p2a: Weavile
|-damage|p2a: Weavile|0 fnt
|faint|p2a: Weavile
|
|-heal|p1a: Garganacl|69/100|[from] item: Leftovers
|upkeep
|
|t:|1779942430
|switch|p2a: Raging Bolt|Raging Bolt|100/100
|turn|32
|
|t:|1779942436
|move|p2a: Raging Bolt|Calm Mind|p2a: Raging Bolt
|-boost|p2a: Raging Bolt|spa|1
|-boost|p2a: Raging Bolt|spd|1
|move|p1a: Garganacl|Salt Cure|p2a: Raging Bolt
|-damage|p2a: Raging Bolt|86/100
|-start|p2a: Raging Bolt|Salt Cure
|
|-heal|p2a: Raging Bolt|93/100|[from] item: Leftovers
|-heal|p1a: Garganacl|75/100|[from] item: Leftovers
|-damage|p2a: Raging Bolt|80/100|[from] Salt Cure
|upkeep
|turn|33
|
|t:|1779942448
|move|p2a: Raging Bolt|Calm Mind|p2a: Raging Bolt
|-boost|p2a: Raging Bolt|spa|1
|-boost|p2a: Raging Bolt|spd|1
|move|p1a: Garganacl|Recover|p1a: Garganacl
|-heal|p1a: Garganacl|100/100
|
|-heal|p2a: Raging Bolt|86/100|[from] item: Leftovers
|-damage|p2a: Raging Bolt|74/100|[from] Salt Cure
|upkeep
|turn|34
|
|t:|1779942461
|switch|p1a: Clefable|Clefable, F, tera:Poison|42/100
|move|p2a: Raging Bolt|Thunderbolt|p1a: Clefable
|-damage|p1a: Clefable|0 fnt
|faint|p1a: Clefable
|
|-heal|p2a: Raging Bolt|80/100|[from] item: Leftovers
|-damage|p2a: Raging Bolt|68/100|[from] Salt Cure
|upkeep
|
|t:|1779942472
|switch|p1a: Kyurem|Kyurem|100/100
|-ability|p1a: Kyurem|Pressure
|turn|35
|
|t:|1779942477
|-terastallize|p2a: Raging Bolt|Fairy
|move|p1a: Kyurem|Substitute|p1a: Kyurem
|-start|p1a: Kyurem|Substitute
|-damage|p1a: Kyurem|75/100
|move|p2a: Raging Bolt|Dragon Pulse|p1a: Kyurem
|-supereffective|p1a: Kyurem
|-end|p1a: Kyurem|Substitute
|
|-heal|p1a: Kyurem|82/100|[from] item: Leftovers
|-heal|p2a: Raging Bolt|74/100|[from] item: Leftovers
|-damage|p2a: Raging Bolt|62/100|[from] Salt Cure
|upkeep
|turn|36
|
|t:|1779942492
|move|p1a: Kyurem|Protect|p1a: Kyurem
|-singleturn|p1a: Kyurem|Protect
|move|p2a: Raging Bolt|Dragon Pulse|p1a: Kyurem
|-activate|p1a: Kyurem|move: Protect
|
|-heal|p1a: Kyurem|88/100|[from] item: Leftovers
|-heal|p2a: Raging Bolt|68/100|[from] item: Leftovers
|-damage|p2a: Raging Bolt|56/100|[from] Salt Cure
|upkeep
|turn|37
|
|t:|1779942502
|-end|p2a: Raging Bolt|Protosynthesis|[silent]
|switch|p2a: Pecharunt|Pecharunt|100/100
|move|p1a: Kyurem|Substitute|p1a: Kyurem
|-start|p1a: Kyurem|Substitute
|-damage|p1a: Kyurem|63/100
|
|-heal|p1a: Kyurem|69/100|[from] item: Leftovers
|upkeep
|turn|38
|
|t:|1779942511
|move|p1a: Kyurem|Protect|p1a: Kyurem
|-singleturn|p1a: Kyurem|Protect
|move|p2a: Pecharunt|Malignant Chain|p1a: Kyurem
|-activate|p1a: Kyurem|move: Protect
|
|-heal|p1a: Kyurem|75/100|[from] item: Leftovers
|upkeep
|turn|39
|
|t:|1779942522
|move|p1a: Kyurem|Earth Power|p2a: Pecharunt
|-supereffective|p2a: Pecharunt
|-damage|p2a: Pecharunt|36/100
|move|p2a: Pecharunt|Malignant Chain|p1a: Kyurem
|-end|p1a: Kyurem|Substitute
|
|-heal|p1a: Kyurem|81/100|[from] item: Leftovers
|upkeep
|turn|40
|
|t:|1779942533
|move|p1a: Kyurem|Substitute|p1a: Kyurem
|-start|p1a: Kyurem|Substitute
|-damage|p1a: Kyurem|56/100
|move|p2a: Pecharunt|Malignant Chain|p1a: Kyurem
|-end|p1a: Kyurem|Substitute
|
|-heal|p1a: Kyurem|63/100|[from] item: Leftovers
|upkeep
|turn|41
|
|t:|1779942543
|move|p1a: Kyurem|Protect|p1a: Kyurem
|-singleturn|p1a: Kyurem|Protect
|move|p2a: Pecharunt|Malignant Chain|p1a: Kyurem
|-activate|p1a: Kyurem|move: Protect
|
|-heal|p1a: Kyurem|69/100|[from] item: Leftovers
|upkeep
|turn|42
|
|t:|1779942552
|move|p1a: Kyurem|Earth Power|p2a: Pecharunt
|-supereffective|p2a: Pecharunt
|-damage|p2a: Pecharunt|0 fnt
|faint|p2a: Pecharunt
|
|-heal|p1a: Kyurem|75/100|[from] item: Leftovers
|upkeep
|
|t:|1779942555
|switch|p2a: Raging Bolt|Raging Bolt, tera:Fairy|56/100
|turn|43
|
|t:|1779942562
|move|p1a: Kyurem|Protect|p1a: Kyurem
|-singleturn|p1a: Kyurem|Protect
|move|p2a: Raging Bolt|Dragon Pulse|p1a: Kyurem
|-activate|p1a: Kyurem|move: Protect
|
|-heal|p1a: Kyurem|81/100|[from] item: Leftovers
|-heal|p2a: Raging Bolt|62/100|[from] item: Leftovers
|upkeep
|turn|44
|
|t:|1779942571
|move|p1a: Kyurem|Substitute|p1a: Kyurem
|-start|p1a: Kyurem|Substitute
|-damage|p1a: Kyurem|56/100
|move|p2a: Raging Bolt|Dragon Pulse|p1a: Kyurem
|-supereffective|p1a: Kyurem
|-end|p1a: Kyurem|Substitute
|
|-heal|p1a: Kyurem|62/100|[from] item: Leftovers
|-heal|p2a: Raging Bolt|68/100|[from] item: Leftovers
|upkeep
|turn|45
|
|t:|1779942581
|move|p1a: Kyurem|Substitute|p1a: Kyurem
|-start|p1a: Kyurem|Substitute
|-damage|p1a: Kyurem|37/100
|move|p2a: Raging Bolt|Calm Mind|p2a: Raging Bolt
|-boost|p2a: Raging Bolt|spa|1
|-boost|p2a: Raging Bolt|spd|1
|
|-heal|p1a: Kyurem|44/100|[from] item: Leftovers
|-heal|p2a: Raging Bolt|74/100|[from] item: Leftovers
|upkeep
|turn|46
|
|t:|1779942595
|move|p1a: Kyurem|Protect|p1a: Kyurem
|-singleturn|p1a: Kyurem|Protect
|move|p2a: Raging Bolt|Dragon Pulse|p1a: Kyurem
|-activate|p1a: Kyurem|move: Protect
|
|-heal|p1a: Kyurem|50/100|[from] item: Leftovers
|-heal|p2a: Raging Bolt|80/100|[from] item: Leftovers
|upkeep
|turn|47
|
|t:|1779942603
|move|p1a: Kyurem|Freeze-Dry|p2a: Raging Bolt
|-damage|p2a: Raging Bolt|59/100
|move|p2a: Raging Bolt|Thunderbolt|p1a: Kyurem
|-resisted|p1a: Kyurem
|-end|p1a: Kyurem|Substitute
|
|-heal|p1a: Kyurem|56/100|[from] item: Leftovers
|-heal|p2a: Raging Bolt|65/100|[from] item: Leftovers
|upkeep
|turn|48
|
|t:|1779942613
|move|p1a: Kyurem|Protect|p1a: Kyurem
|-singleturn|p1a: Kyurem|Protect
|move|p2a: Raging Bolt|Dragon Pulse|p1a: Kyurem
|-activate|p1a: Kyurem|move: Protect
|
|-heal|p1a: Kyurem|62/100|[from] item: Leftovers
|-heal|p2a: Raging Bolt|71/100|[from] item: Leftovers
|upkeep
|turn|49
|
|t:|1779942622
|move|p1a: Kyurem|Substitute|p1a: Kyurem
|-start|p1a: Kyurem|Substitute
|-damage|p1a: Kyurem|37/100
|move|p2a: Raging Bolt|Thunderbolt|p1a: Kyurem
|-resisted|p1a: Kyurem
|-end|p1a: Kyurem|Substitute
|
|-heal|p1a: Kyurem|43/100|[from] item: Leftovers
|-heal|p2a: Raging Bolt|77/100|[from] item: Leftovers
|upkeep
|turn|50
|
|t:|1779942631
|move|p1a: Kyurem|Protect|p1a: Kyurem
|-singleturn|p1a: Kyurem|Protect
|move|p2a: Raging Bolt|Calm Mind|p2a: Raging Bolt
|-boost|p2a: Raging Bolt|spa|1
|-boost|p2a: Raging Bolt|spd|1
|
|-heal|p1a: Kyurem|50/100|[from] item: Leftovers
|-heal|p2a: Raging Bolt|83/100|[from] item: Leftovers
|upkeep
|turn|51
|
|t:|1779942641
|switch|p1a: Garganacl|Garganacl, M|100/100
|move|p2a: Raging Bolt|Thunderbolt|p1a: Garganacl
|-crit|p1a: Garganacl
|-damage|p1a: Garganacl|4/100
|
|-heal|p2a: Raging Bolt|89/100|[from] item: Leftovers
|-heal|p1a: Garganacl|10/100|[from] item: Leftovers
|upkeep
|turn|52
|
|t:|1779942649
|move|p2a: Raging Bolt|Thunderbolt|p1a: Garganacl
|-damage|p1a: Garganacl|0 fnt
|faint|p1a: Garganacl
|
|-heal|p2a: Raging Bolt|95/100|[from] item: Leftovers
|upkeep
|
|t:|1779942651
|switch|p1a: Kyurem|Kyurem|50/100
|-ability|p1a: Kyurem|Pressure
|turn|53
|
|t:|1779942660
|move|p1a: Kyurem|Freeze-Dry|p2a: Raging Bolt
|-damage|p2a: Raging Bolt|78/100
|move|p2a: Raging Bolt|Calm Mind|p2a: Raging Bolt
|-boost|p2a: Raging Bolt|spa|1
|-boost|p2a: Raging Bolt|spd|1
|
|-heal|p1a: Kyurem|56/100|[from] item: Leftovers
|-heal|p2a: Raging Bolt|84/100|[from] item: Leftovers
|upkeep
|turn|54
|
|t:|1779942670
|move|p1a: Kyurem|Freeze-Dry|p2a: Raging Bolt
|-damage|p2a: Raging Bolt|71/100
|move|p2a: Raging Bolt|Thunderbolt|p1a: Kyurem
|-resisted|p1a: Kyurem
|-damage|p1a: Kyurem|0 fnt
|faint|p1a: Kyurem
|
|win|yupdoinghomework
|raw|SmithingLucki's rating: 1347 &rarr; <strong>1328</strong><br />(-19 for losing)
|raw|yupdoinghomework's rating: 1359 &rarr; <strong>1378</strong><br />(+19 for winning)
