|j|☆Monkegoyumyum
|j|☆slowlyfadingaway
|t:|1779905738
|gametype|singles
|player|p1|Monkegoyumyum|2|1450
|player|p2|slowlyfadingaway|veteran|1442
|gen|9
|tier|[Gen 9] OU
|rated|
|rule|HP Percentage Mod: HP is shown in percentages
|rule|Endless Battle Clause: Forcing endless battles is banned
|rule|Species Clause: Limit one of each Pokémon
|rule|OHKO Clause: OHKO moves are banned
|rule|Evasion Items Clause: Evasion items are banned
|rule|Evasion Moves Clause: Evasion moves are banned
|rule|Evasion Abilities Clause: Evasion abilities are banned
|rule|Sleep Moves Clause: Sleep-inducing moves are banned
|clearpoke
|poke|p1|Ting-Lu|
|poke|p1|Gholdengo|
|poke|p1|Alomomola, M|
|poke|p1|Enamorus, F|
|poke|p1|Great Tusk|
|poke|p1|Zamazenta-*|
|poke|p2|Greninja-*, M|
|poke|p2|Forretress, F|
|poke|p2|Samurott-Hisui, F|
|poke|p2|Garchomp, F|
|poke|p2|Scizor, F|
|poke|p2|Diancie|
|teampreview
|inactive|Battle timer is ON: inactive players will automatically lose when time's up. (requested by slowlyfadingaway)
|inactive|Monkegoyumyum also wants the timer to be on.
|
|t:|1779905759
|teamsize|p1|6
|teamsize|p2|6
|start
|switch|p1a: Alomomomo|Alomomola, M|100/100
|switch|p2a: Scizor|Scizor, F|100/100
|turn|1
|
|t:|1779905765
|move|p2a: Scizor|U-turn|p1a: Alomomomo
|-damage|p1a: Alomomomo|80/100
|
|t:|1779905769
|switch|p2a: Forretress|Forretress, F|100/100|[from] U-turn
|move|p1a: Alomomomo|Flip Turn|p2a: Forretress
|-damage|p2a: Forretress|92/100
|inactive|Monkegoyumyum has 120 seconds left.
|
|t:|1779905799
|switch|p1a: SomTingWong|Ting-Lu|100/100|[from] Flip Turn
|-ability|p1a: SomTingWong|Vessel of Ruin
|
|upkeep
|turn|2
|inactive|Monkegoyumyum has 120 seconds left.
|
|t:|1779905840
|move|p2a: Forretress|Body Press|p1a: SomTingWong
|-supereffective|p1a: SomTingWong
|-damage|p1a: SomTingWong|67/100
|move|p1a: SomTingWong|Whirlwind|p2a: Forretress
|drag|p2a: Diancie|Diancie|100/100
|
|-heal|p1a: SomTingWong|73/100|[from] item: Leftovers
|upkeep
|turn|3
|l|☆slowlyfadingaway
|inactive|slowlyfadingaway disconnected and has a minute to reconnect!
|player|p2|
|j|☆slowlyfadingaway
|inactive|slowlyfadingaway reconnected and has 105 seconds left.
|player|p2|slowlyfadingaway|veteran|
|
|t:|1779905890
|switch|p2a: Scizor|Scizor, F|100/100
|move|p1a: SomTingWong|Earthquake|p2a: Scizor
|-damage|p2a: Scizor|58/100
|
|-heal|p1a: SomTingWong|79/100|[from] item: Leftovers
|upkeep
|turn|4
|
|t:|1779905898
|switch|p1a: Alomomomo|Alomomola, M|100/100
|move|p2a: Scizor|Counter||[still]
|-fail|p2a: Scizor
|
|upkeep
|turn|5
|
|t:|1779905902
|move|p2a: Scizor|U-turn|p1a: Alomomomo
|-damage|p1a: Alomomomo|79/100
|
|t:|1779905906
|switch|p2a: Forretress|Forretress, F|92/100|[from] U-turn
|move|p1a: Alomomomo|Flip Turn|p2a: Forretress
|-damage|p2a: Forretress|83/100
|inactive|Monkegoyumyum has 120 seconds left.
|
|t:|1779905932
|switch|p1a: DasMyGoldenBro|Gholdengo|100/100|[from] Flip Turn
|-item|p1a: DasMyGoldenBro|Air Balloon
|
|upkeep
|turn|6
|
|t:|1779905937
|move|p1a: DasMyGoldenBro|Shadow Ball|p2a: Forretress
|-damage|p2a: Forretress|31/100
|move|p2a: Forretress|Volt Switch|p1a: DasMyGoldenBro
|-crit|p1a: DasMyGoldenBro
|-damage|p1a: DasMyGoldenBro|85/100
|-enditem|p1a: DasMyGoldenBro|Air Balloon
|
|t:|1779905943
|switch|p2a: Samurott|Samurott-Hisui, F|100/100|[from] Volt Switch
|
|upkeep
|turn|7
|
|t:|1779905950
|switch|p1a: Alomomomo|Alomomola, M|100/100
|move|p2a: Samurott|Ceaseless Edge|p1a: Alomomomo
|-crit|p1a: Alomomomo
|-damage|p1a: Alomomomo|62/100
|-sidestart|p1: Monkegoyumyum|Spikes
|
|upkeep
|turn|8
|
|t:|1779905961
|move|p2a: Samurott|Ceaseless Edge|p1a: Alomomomo
|-damage|p1a: Alomomomo|38/100
|-sidestart|p1: Monkegoyumyum|Spikes
|move|p1a: Alomomomo|Flip Turn|p2a: Samurott
|-resisted|p2a: Samurott
|-damage|p2a: Samurott|90/100
|
|t:|1779905968
|switch|p1a: Zamazentanyl|Zamazenta|100/100|[from] Flip Turn
|-damage|p1a: Zamazentanyl|84/100|[from] Spikes
|-ability|p1a: Zamazentanyl|Dauntless Shield|boost
|-boost|p1a: Zamazentanyl|def|1
|
|upkeep
|turn|9
|
|t:|1779905986
|switch|p2a: Forretress|Forretress, F|31/100
|move|p1a: Zamazentanyl|Close Combat|p2a: Forretress
|-damage|p2a: Forretress|0 fnt
|-unboost|p1a: Zamazentanyl|def|1
|-unboost|p1a: Zamazentanyl|spd|1
|faint|p2a: Forretress
|
|upkeep
|
|t:|1779905994
|switch|p2a: Diancie|Diancie|100/100
|turn|10
|
|t:|1779906012
|switch|p1a: Alomomomo|Alomomola, M|71/100
|-terastallize|p2a: Diancie|Dragon
|move|p2a: Diancie|Moonblast|p1a: Alomomomo
|-damage|p1a: Alomomomo|21/100
|
|upkeep
|turn|11
|inactive|Monkegoyumyum has 120 seconds left.
|
|t:|1779906038
|switch|p1a: DasMyGoldenBro|Gholdengo|85/100
|-damage|p1a: DasMyGoldenBro|68/100|[from] Spikes
|move|p2a: Diancie|Rock Polish|p2a: Diancie
|-boost|p2a: Diancie|spe|2
|
|upkeep
|turn|12
|inactive|Monkegoyumyum has 120 seconds left.
|
|t:|1779906049
|move|p2a: Diancie|Earth Power|p1a: DasMyGoldenBro
|-supereffective|p1a: DasMyGoldenBro
|-damage|p1a: DasMyGoldenBro|11/100
|move|p1a: DasMyGoldenBro|Shadow Ball|p2a: Diancie
|-damage|p2a: Diancie|69/100
|
|upkeep
|turn|13
|
|t:|1779906055
|move|p2a: Diancie|Rock Polish|p2a: Diancie
|-boost|p2a: Diancie|spe|2
|move|p1a: DasMyGoldenBro|Shadow Ball|p2a: Diancie
|-damage|p2a: Diancie|35/100
|
|upkeep
|turn|14
|
|t:|1779906059
|move|p2a: Diancie|Earth Power|p1a: DasMyGoldenBro
|-supereffective|p1a: DasMyGoldenBro
|-damage|p1a: DasMyGoldenBro|0 fnt
|faint|p1a: DasMyGoldenBro
|
|upkeep
|
|t:|1779906078
|switch|p1a: Estoy Enamorado|Enamorus, F|100/100
|turn|15
|
|t:|1779906085
|-terastallize|p1a: Estoy Enamorado|Ground
|move|p2a: Diancie|Meteor Beam||[still]
|-prepare|p2a: Diancie|Meteor Beam
|-boost|p2a: Diancie|spa|1
|-enditem|p2a: Diancie|Power Herb
|-anim|p2a: Diancie|Meteor Beam|p1a: Estoy Enamorado
|-resisted|p1a: Estoy Enamorado
|-damage|p1a: Estoy Enamorado|40/100
|move|p1a: Estoy Enamorado|Moonblast|p2a: Diancie
|-supereffective|p2a: Diancie
|-damage|p2a: Diancie|0 fnt
|faint|p2a: Diancie
|
|upkeep
|
|t:|1779906092
|switch|p2a: Greninja|Greninja, M|100/100
|turn|16
|inactive|Monkegoyumyum has 120 seconds left.
|
|t:|1779906132
|switch|p1a: Alomomomo|Alomomola, M|55/100
|move|p2a: Greninja|Dark Pulse|p1a: Alomomomo
|-damage|p1a: Alomomomo|9/100
|
|upkeep
|turn|17
|inactive|Monkegoyumyum has 120 seconds left.
|inactive|Monkegoyumyum has 90 seconds left.
|
|t:|1779906177
|move|p1a: Alomomomo|Protect|p1a: Alomomomo
|-singleturn|p1a: Alomomomo|Protect
|move|p2a: Greninja|Water Shuriken|p1a: Alomomomo
|-activate|p1a: Alomomomo|move: Protect
|
|upkeep
|turn|18
|inactive|Monkegoyumyum has 90 seconds left.
|inactive|Monkegoyumyum has 60 seconds left.
|
|t:|1779906227
|switch|p1a: Zamazentanyl|Zamazenta|84/100
|-damage|p1a: Zamazentanyl|67/100|[from] Spikes
|move|p2a: Greninja|Water Shuriken|p1a: Zamazentanyl
|-damage|p1a: Zamazentanyl|60/100
|-damage|p1a: Zamazentanyl|54/100
|-damage|p1a: Zamazentanyl|47/100
|-crit|p1a: Zamazentanyl
|-damage|p1a: Zamazentanyl|38/100
|-hitcount|p1a: Zamazentanyl|4
|
|upkeep
|turn|19
|
|t:|1779906241
|switch|p2a: Samurott|Samurott-Hisui, F|90/100
|move|p1a: Zamazentanyl|Close Combat|p2a: Samurott
|-supereffective|p2a: Samurott
|-damage|p2a: Samurott|0 fnt
|-unboost|p1a: Zamazentanyl|def|1
|-unboost|p1a: Zamazentanyl|spd|1
|faint|p2a: Samurott
|
|upkeep
|
|t:|1779906244
|switch|p2a: Greninja|Greninja, M|100/100
|turn|20
|inactive|Monkegoyumyum has 60 seconds left.
|
|t:|1779906262
|move|p2a: Greninja|Water Shuriken|p1a: Zamazentanyl
|-damage|p1a: Zamazentanyl|28/100
|-damage|p1a: Zamazentanyl|18/100
|-crit|p1a: Zamazentanyl
|-damage|p1a: Zamazentanyl|4/100
|-damage|p1a: Zamazentanyl|0 fnt
|faint|p1a: Zamazentanyl
|-ability|p2a: Greninja|Battle Bond|boost
|-boost|p2a: Greninja|atk|1
|-boost|p2a: Greninja|spa|1
|-boost|p2a: Greninja|spe|1
|-activate|p2a: Greninja|ability: Battle Bond
|-hitcount|p1: Zamazentanyl|4
|
|upkeep
|
|t:|1779906281
|switch|p1a: SomTingWong|Ting-Lu|79/100
|-damage|p1a: SomTingWong|63/100|[from] Spikes
|-ability|p1a: SomTingWong|Vessel of Ruin
|turn|21
|
|t:|1779906285
|move|p2a: Greninja|Water Shuriken|p1a: SomTingWong
|-supereffective|p1a: SomTingWong
|-damage|p1a: SomTingWong|54/100
|-supereffective|p1a: SomTingWong
|-damage|p1a: SomTingWong|45/100
|-supereffective|p1a: SomTingWong
|-damage|p1a: SomTingWong|36/100
|-supereffective|p1a: SomTingWong
|-damage|p1a: SomTingWong|27/100
|-hitcount|p1a: SomTingWong|4
|move|p1a: SomTingWong|Whirlwind|p2a: Greninja
|drag|p2a: Scizor|Scizor, F|58/100
|
|-heal|p1a: SomTingWong|34/100|[from] item: Leftovers
|upkeep
|turn|22
|inactive|Monkegoyumyum has 60 seconds left.
|inactive|Monkegoyumyum has 30 seconds left.
|
|t:|1779906321
|switch|p1a: Alomomomo|Alomomola, M|42/100
|move|p2a: Scizor|U-turn|p1a: Alomomomo
|-damage|p1a: Alomomomo|19/100
|
|t:|1779906326
|switch|p2a: Garchomp|Garchomp, F|100/100|[from] U-turn
|
|upkeep
|turn|23
|inactive|Monkegoyumyum has 30 seconds left.
|
|t:|1779906349
|move|p2a: Garchomp|Scale Shot|p1a: Alomomomo
|-damage|p1a: Alomomomo|12/100
|-damage|p1a: Alomomomo|5/100
|-crit|p1a: Alomomomo
|-damage|p1a: Alomomomo|0 fnt
|faint|p1a: Alomomomo
|-hitcount|p1: Alomomomo|3
|-unboost|p2a: Garchomp|def|1
|-boost|p2a: Garchomp|spe|1
|
|upkeep
|inactive|Monkegoyumyum has 30 seconds left this turn.
|
|t:|1779906358
|switch|p1a: Act4|Great Tusk|100/100
|turn|24
|inactive|Monkegoyumyum has 30 seconds left.
|
|t:|1779906370
|move|p2a: Garchomp|Scale Shot|p1a: Act4
|-damage|p1a: Act4|92/100
|-damage|p1a: Act4|84/100
|-damage|p1a: Act4|76/100
|-damage|p1a: Act4|67/100
|-hitcount|p1a: Act4|4
|-unboost|p2a: Garchomp|def|1
|-boost|p2a: Garchomp|spe|1
|move|p1a: Act4|Rapid Spin|p2a: Garchomp
|-damage|p2a: Garchomp|70/100
|-boost|p1a: Act4|spe|1
|-damage|p1a: Act4|54/100|[from] ability: Rough Skin|[of] p2a: Garchomp
|-sideend|p1: Monkegoyumyum|Spikes|[from] move: Rapid Spin|[of] p1a: Act4
|
|upkeep
|turn|25
|
|t:|1779906379
|move|p2a: Garchomp|Scale Shot|p1a: Act4
|-damage|p1a: Act4|45/100
|-damage|p1a: Act4|37/100
|-damage|p1a: Act4|28/100
|-damage|p1a: Act4|20/100
|-hitcount|p1a: Act4|4
|-unboost|p2a: Garchomp|def|1
|-boost|p2a: Garchomp|spe|1
|move|p1a: Act4|Ice Spinner|p2a: Garchomp
|-supereffective|p2a: Garchomp
|-damage|p2a: Garchomp|0 fnt
|-damage|p1a: Act4|8/100|[from] ability: Rough Skin|[of] p2a: Garchomp
|faint|p2a: Garchomp
|
|upkeep
|
|t:|1779906388
|switch|p2a: Greninja|Greninja, M|100/100
|turn|26
|
|t:|1779906400
|move|p2a: Greninja|Water Shuriken|p1a: Act4
|-supereffective|p1a: Act4
|-damage|p1a: Act4|0 fnt
|faint|p1a: Act4
|-end|p1a: Act4|Protosynthesis|[silent]
|-hitcount|p1: Act4|1
|
|upkeep
|
|t:|1779906405
|switch|p1a: Estoy Enamorado|Enamorus, F, tera:Ground|40/100
|turn|27
|
|t:|1779906409
|move|p2a: Greninja|Water Shuriken|p1a: Estoy Enamorado
|-supereffective|p1a: Estoy Enamorado
|-damage|p1a: Estoy Enamorado|19/100
|-supereffective|p1a: Estoy Enamorado
|-damage|p1a: Estoy Enamorado|0 fnt
|faint|p1a: Estoy Enamorado
|-hitcount|p1: Estoy Enamorado|2
|
|upkeep
|
|t:|1779906416
|switch|p1a: SomTingWong|Ting-Lu|34/100
|-ability|p1a: SomTingWong|Vessel of Ruin
|turn|28
|
|t:|1779906419
|move|p2a: Greninja|Water Shuriken|p1a: SomTingWong
|-supereffective|p1a: SomTingWong
|-damage|p1a: SomTingWong|27/100
|-supereffective|p1a: SomTingWong
|-damage|p1a: SomTingWong|21/100
|-supereffective|p1a: SomTingWong
|-damage|p1a: SomTingWong|15/100
|-supereffective|p1a: SomTingWong
|-damage|p1a: SomTingWong|9/100
|-hitcount|p1a: SomTingWong|4
|move|p1a: SomTingWong|Earthquake|p2a: Greninja
|-damage|p2a: Greninja|36/100
|
|-heal|p1a: SomTingWong|15/100|[from] item: Leftovers
|upkeep
|turn|29
|
|t:|1779906428
|move|p2a: Greninja|Water Shuriken|p1a: SomTingWong
|-supereffective|p1a: SomTingWong
|-damage|p1a: SomTingWong|9/100
|-supereffective|p1a: SomTingWong
|-damage|p1a: SomTingWong|3/100
|-supereffective|p1a: SomTingWong
|-damage|p1a: SomTingWong|0 fnt
|faint|p1a: SomTingWong
|-hitcount|p1: SomTingWong|3
|
|win|slowlyfadingaway
|raw|Monkegoyumyum's rating: 1450 &rarr; <strong>1430</strong><br />(-20 for losing)
|raw|slowlyfadingaway's rating: 1442 &rarr; <strong>1462</strong><br />(+20 for winning)
|c|☆Monkegoyumyum|damn ur loaded die
|c|☆Monkegoyumyum|ggs
|c|☆slowlyfadingaway|yup
|c|☆slowlyfadingaway|evil sets
|c|☆slowlyfadingaway|ggs
|l|☆slowlyfadingaway
|player|p2|
|l|☆Monkegoyumyum
|player|p1|
