|j|☆xueshang
|j|☆jessies boyfriend
|t:|1779848297
|gametype|singles
|player|p1|xueshang|skierf|1368
|player|p2|jessies boyfriend|brock|1367
|gen|9
|tier|[Gen 9] OU
|rated|
|rule|HP Percentage Mod: HP is shown in percentages
|rule|Endless Battle Clause: Forcing endless battles is banned
|rule|Species Clause: Limit one of each Pokémon
|rule|OHKO Clause: OHKO moves are banned
|rule|Evasion Items Clause: Evasion items are banned
|rule|Evasion Moves Clause: Evasion moves are banned
|rule|Evasion Abilities Clause: Evasion abilities are banned
|rule|Sleep Moves Clause: Sleep-inducing moves are banned
|clearpoke
|poke|p1|Dragonite, M|
|poke|p1|Deoxys-Speed|
|poke|p1|Scizor, F|
|poke|p1|Regieleki|
|poke|p1|Lokix, F|
|poke|p1|Darkrai|
|poke|p2|Houndstone, F|
|poke|p2|Glimmora, M|
|poke|p2|Scrafty, F|
|poke|p2|Samurott-Hisui, M|
|poke|p2|Great Tusk|
|poke|p2|Milotic, F|
|teampreview
|inactive|Battle timer is ON: inactive players will automatically lose when time's up. (requested by jessies boyfriend)
|
|t:|1779848309
|teamsize|p1|6
|teamsize|p2|6
|start
|switch|p1a: Deoxys|Deoxys-Speed|100/100
|switch|p2a: Glimmora|Glimmora, M|100/100
|-ability|p1a: Deoxys|Pressure
|-item|p2a: Glimmora|Air Balloon
|turn|1
|
|t:|1779848325
|-terastallize|p2a: Glimmora|Grass
|move|p1a: Deoxys|Superpower|p2a: Glimmora
|-damage|p2a: Glimmora|74/100
|-unboost|p1a: Deoxys|atk|1
|-unboost|p1a: Deoxys|def|1
|-activate|p2a: Glimmora|ability: Toxic Debris
|-sidestart|p1: xueshang|move: Toxic Spikes
|-enditem|p2a: Glimmora|Air Balloon
|move|p2a: Glimmora|Mortal Spin|p1a: Deoxys
|-damage|p1a: Deoxys|88/100
|-status|p1a: Deoxys|psn
|
|-damage|p1a: Deoxys|75/100 psn|[from] psn
|upkeep
|turn|2
|
|t:|1779848340
|move|p1a: Deoxys|Psycho Boost|p2a: Glimmora|[miss]
|-miss|p1a: Deoxys|p2a: Glimmora
|move|p2a: Glimmora|Power Gem|p1a: Deoxys
|-damage|p1a: Deoxys|31/100 psn
|
|-damage|p1a: Deoxys|18/100 psn|[from] psn
|upkeep
|turn|3
|
|t:|1779848346
|move|p1a: Deoxys|Psycho Boost|p2a: Glimmora|[miss]
|-miss|p1a: Deoxys|p2a: Glimmora
|move|p2a: Glimmora|Toxic Spikes|p1a: Deoxys
|-sidestart|p1: xueshang|move: Toxic Spikes
|
|-damage|p1a: Deoxys|6/100 psn|[from] psn
|upkeep
|turn|4
|
|t:|1779848350
|switch|p2a: Samurott|Samurott-Hisui, M, shiny|100/100
|move|p1a: Deoxys|Psycho Boost|p2a: Samurott
|-immune|p2a: Samurott
|
|-damage|p1a: Deoxys|0 fnt|[from] psn
|faint|p1a: Deoxys
|upkeep
|
|t:|1779848360
|switch|p1a: Regieleki|Regieleki|100/100
|-status|p1a: Regieleki|tox
|turn|5
|
|t:|1779848372
|switch|p2a: Houndstone|Houndstone, F|100/100
|move|p1a: Regieleki|Thunderbolt|p2a: Houndstone
|-damage|p2a: Houndstone|59/100
|-status|p2a: Houndstone|par
|
|-heal|p2a: Houndstone|65/100 par|[from] item: Leftovers
|-damage|p1a: Regieleki|95/100 tox|[from] psn
|upkeep
|turn|6
|
|t:|1779848377
|move|p2a: Houndstone|Protect|p2a: Houndstone
|-singleturn|p2a: Houndstone|Protect
|move|p1a: Regieleki|Volt Switch|p2a: Houndstone
|-activate|p2a: Houndstone|move: Protect
|
|-heal|p2a: Houndstone|71/100 par|[from] item: Leftovers
|-damage|p1a: Regieleki|83/100 tox|[from] psn
|upkeep
|turn|7
|
|t:|1779848385
|move|p1a: Regieleki|Volt Switch|p2a: Houndstone
|-damage|p2a: Houndstone|39/100 par
|
|t:|1779848392
|switch|p1a: Darkrai|Darkrai|100/100|[from] Volt Switch
|-status|p1a: Darkrai|tox
|move|p2a: Houndstone|Roar|p1a: Darkrai
|drag|p1a: Dragonite|Dragonite, M|100/100
|
|-heal|p2a: Houndstone|45/100 par|[from] item: Leftovers
|upkeep
|turn|8
|
|t:|1779848401
|move|p1a: Dragonite|Encore|p2a: Houndstone
|-start|p2a: Houndstone|Encore
|cant|p2a: Houndstone|par
|
|-heal|p2a: Houndstone|51/100 par|[from] item: Leftovers
|upkeep
|turn|9
|
|t:|1779848410
|move|p1a: Dragonite|Dragon Dance|p1a: Dragonite
|-boost|p1a: Dragonite|atk|1
|-boost|p1a: Dragonite|spe|1
|move|p2a: Houndstone|Roar|p1a: Dragonite
|drag|p1a: Regieleki|Regieleki|83/100 tox
|
|-heal|p2a: Houndstone|57/100 par|[from] item: Leftovers
|-damage|p1a: Regieleki|77/100 tox|[from] psn
|upkeep
|turn|10
|
|t:|1779848426
|switch|p2a: Great Tusk|Great Tusk|100/100
|move|p1a: Regieleki|Thunderbolt|p2a: Great Tusk
|-immune|p2a: Great Tusk
|
|-damage|p1a: Regieleki|65/100 tox|[from] psn
|upkeep
|turn|11
|
|t:|1779848431
|-end|p2a: Great Tusk|Protosynthesis|[silent]
|switch|p2a: Houndstone|Houndstone, F|57/100 par
|move|p1a: Regieleki|Rapid Spin|p2a: Houndstone
|-immune|p2a: Houndstone
|
|-heal|p2a: Houndstone|63/100 par|[from] item: Leftovers
|-damage|p1a: Regieleki|47/100 tox|[from] psn
|upkeep
|turn|12
|
|t:|1779848436
|move|p2a: Houndstone|Protect|p2a: Houndstone
|-singleturn|p2a: Houndstone|Protect
|move|p1a: Regieleki|Thunderbolt|p2a: Houndstone
|-activate|p2a: Houndstone|move: Protect
|
|-heal|p2a: Houndstone|69/100 par|[from] item: Leftovers
|-damage|p1a: Regieleki|23/100 tox|[from] psn
|upkeep
|turn|13
|
|t:|1779848439
|move|p1a: Regieleki|Thunderbolt|p2a: Houndstone
|-damage|p2a: Houndstone|26/100 par
|cant|p2a: Houndstone|par
|
|-heal|p2a: Houndstone|32/100 par|[from] item: Leftovers
|-damage|p1a: Regieleki|0 fnt|[from] psn
|faint|p1a: Regieleki
|upkeep
|
|t:|1779848443
|switch|p1a: Darkrai|Darkrai|100/100 tox
|turn|14
|
|t:|1779848447
|move|p2a: Houndstone|Protect|p2a: Houndstone
|-singleturn|p2a: Houndstone|Protect
|move|p1a: Darkrai|Dark Pulse|p2a: Houndstone
|-activate|p2a: Houndstone|move: Protect
|
|-heal|p2a: Houndstone|39/100 par|[from] item: Leftovers
|-damage|p1a: Darkrai|94/100 tox|[from] psn
|upkeep
|turn|15
|
|t:|1779848452
|switch|p2a: Scrafty|Scrafty, F, shiny|100/100
|-ability|p2a: Scrafty|Intimidate|boost
|-unboost|p1a: Darkrai|atk|1
|move|p1a: Darkrai|Dark Pulse|p2a: Scrafty
|-resisted|p2a: Scrafty
|-damage|p2a: Scrafty|91/100
|-damage|p1a: Darkrai|84/100 tox|[from] item: Life Orb
|
|-damage|p1a: Darkrai|72/100 tox|[from] psn
|upkeep
|turn|16
|
|t:|1779848457
|move|p1a: Darkrai|Thunder|p2a: Scrafty
|-damage|p2a: Scrafty|57/100
|-damage|p1a: Darkrai|62/100 tox|[from] item: Life Orb
|move|p2a: Scrafty|Dragon Tail|p1a: Darkrai
|-damage|p1a: Darkrai|43/100 tox
|drag|p1a: Lokix|Lokix, F|100/100
|-status|p1a: Lokix|tox
|
|-damage|p1a: Lokix|94/100 tox|[from] psn
|upkeep
|turn|17
|
|t:|1779848466
|switch|p2a: Glimmora|Glimmora, M, tera:Grass|74/100
|move|p1a: Lokix|First Impression|p2a: Glimmora
|-supereffective|p2a: Glimmora
|-damage|p2a: Glimmora|0 fnt
|faint|p2a: Glimmora
|-damage|p1a: Lokix|85/100 tox|[from] item: Life Orb
|
|-damage|p1a: Lokix|73/100 tox|[from] psn
|upkeep
|
|t:|1779848476
|switch|p2a: Great Tusk|Great Tusk|100/100
|turn|18
|
|t:|1779848481
|move|p1a: Lokix|U-turn|p2a: Great Tusk
|-resisted|p2a: Great Tusk
|-damage|p2a: Great Tusk|82/100
|-damage|p1a: Lokix|63/100 tox|[from] item: Life Orb
|
|t:|1779848484
|switch|p1a: Dragonite|Dragonite, M|100/100|[from] U-turn
|move|p2a: Great Tusk|Stealth Rock|p1a: Dragonite
|-sidestart|p1: xueshang|move: Stealth Rock
|
|-heal|p2a: Great Tusk|88/100|[from] item: Leftovers
|upkeep
|turn|19
|
|t:|1779848491
|move|p1a: Dragonite|Encore|p2a: Great Tusk
|-start|p2a: Great Tusk|Encore
|move|p2a: Great Tusk|Stealth Rock||[still]
|-fail|p2a: Great Tusk
|
|-heal|p2a: Great Tusk|94/100|[from] item: Leftovers
|upkeep
|turn|20
|
|t:|1779848497
|-end|p2a: Great Tusk|Protosynthesis|[silent]
|switch|p2a: Scrafty|Scrafty, F, shiny|57/100
|-ability|p2a: Scrafty|Intimidate|boost
|-unboost|p1a: Dragonite|atk|1
|move|p1a: Dragonite|Dragon Dance|p1a: Dragonite
|-boost|p1a: Dragonite|atk|1
|-boost|p1a: Dragonite|spe|1
|
|upkeep
|turn|21
|
|t:|1779848502
|move|p1a: Dragonite|Low Kick|p2a: Scrafty
|-supereffective|p2a: Scrafty
|-damage|p2a: Scrafty|21/100
|move|p2a: Scrafty|Dragon Tail|p1a: Dragonite
|-supereffective|p1a: Dragonite
|-damage|p1a: Dragonite|88/100
|drag|p1a: Darkrai|Darkrai|43/100 tox
|-damage|p1a: Darkrai|31/100 tox|[from] Stealth Rock
|
|-damage|p1a: Darkrai|25/100 tox|[from] psn
|upkeep
|turn|22
|
|t:|1779848512
|move|p1a: Darkrai|Ice Beam|p2a: Scrafty
|-damage|p2a: Scrafty|0 fnt
|faint|p2a: Scrafty
|-damage|p1a: Darkrai|15/100 tox|[from] item: Life Orb
|
|-damage|p1a: Darkrai|3/100 tox|[from] psn
|upkeep
|
|t:|1779848517
|switch|p2a: Houndstone|Houndstone, F|39/100 par
|turn|23
|
|t:|1779848521
|switch|p1a: Lokix|Lokix, F|63/100 tox
|-damage|p1a: Lokix|38/100 tox|[from] Stealth Rock
|move|p2a: Houndstone|Protect||[still]
|-fail|p2a: Houndstone
|
|-heal|p2a: Houndstone|45/100 par|[from] item: Leftovers
|-damage|p1a: Lokix|32/100 tox|[from] psn
|upkeep
|turn|24
|
|t:|1779848526
|move|p2a: Houndstone|Protect|p2a: Houndstone
|-singleturn|p2a: Houndstone|Protect
|move|p1a: Lokix|First Impression|p2a: Houndstone
|-activate|p2a: Houndstone|move: Protect
|
|-heal|p2a: Houndstone|51/100 par|[from] item: Leftovers
|-damage|p1a: Lokix|20/100 tox|[from] psn
|upkeep
|turn|25
|
|t:|1779848534
|move|p1a: Lokix|Knock Off|p2a: Houndstone
|-supereffective|p2a: Houndstone
|-damage|p2a: Houndstone|0 fnt
|-enditem|p2a: Houndstone|Leftovers|[from] move: Knock Off|[of] p1a: Lokix
|faint|p2a: Houndstone
|-damage|p1a: Lokix|10/100 tox|[from] item: Life Orb
|
|-damage|p1a: Lokix|0 fnt|[from] psn
|faint|p1a: Lokix
|upkeep
|
|t:|1779848538
|switch|p1a: Darkrai|Darkrai|3/100 tox
|switch|p2a: Great Tusk|Great Tusk|94/100
|-damage|p1a: Darkrai|0 fnt|[from] Stealth Rock
|faint|p1a: Darkrai
|
|t:|1779848541
|switch|p1a: Dragonite|Dragonite, M|88/100
|turn|26
|
|t:|1779848546
|move|p1a: Dragonite|Dragon Dance|p1a: Dragonite
|-boost|p1a: Dragonite|atk|1
|-boost|p1a: Dragonite|spe|1
|move|p2a: Great Tusk|Roar|p1a: Dragonite
|drag|p1a: Scizor|Scizor, F|100/100
|-damage|p1a: Scizor|88/100|[from] Stealth Rock
|
|-heal|p2a: Great Tusk|100/100|[from] item: Leftovers
|upkeep
|turn|27
|
|t:|1779848553
|move|p2a: Great Tusk|Body Press|p1a: Scizor
|-damage|p1a: Scizor|41/100
|move|p1a: Scizor|Knock Off|p2a: Great Tusk
|-resisted|p2a: Great Tusk
|-damage|p2a: Great Tusk|88/100
|-enditem|p2a: Great Tusk|Leftovers|[from] move: Knock Off|[of] p1a: Scizor
|
|upkeep
|turn|28
|
|t:|1779848562
|-end|p2a: Great Tusk|Protosynthesis|[silent]
|switch|p2a: Samurott|Samurott-Hisui, M, shiny|100/100
|switch|p1a: Dragonite|Dragonite, M|88/100
|
|upkeep
|turn|29
|
|t:|1779848568
|move|p2a: Samurott|Knock Off|p1a: Dragonite
|-damage|p1a: Dragonite|57/100
|-enditem|p1a: Dragonite|Heavy-Duty Boots|[from] move: Knock Off|[of] p2a: Samurott
|move|p1a: Dragonite|Dragon Dance|p1a: Dragonite
|-boost|p1a: Dragonite|atk|1
|-boost|p1a: Dragonite|spe|1
|
|upkeep
|turn|30
|
|t:|1779848577
|switch|p2a: Great Tusk|Great Tusk|88/100
|move|p1a: Dragonite|Dragon Dance|p1a: Dragonite
|-boost|p1a: Dragonite|atk|1
|-boost|p1a: Dragonite|spe|1
|
|upkeep
|turn|31
|
|t:|1779848583
|move|p1a: Dragonite|Low Kick|p2a: Great Tusk
|-damage|p2a: Great Tusk|43/100
|move|p2a: Great Tusk|Roar|p1a: Dragonite
|drag|p1a: Scizor|Scizor, F|41/100
|-damage|p1a: Scizor|28/100|[from] Stealth Rock
|
|upkeep
|turn|32
|
|t:|1779848588
|move|p1a: Scizor|Close Combat|p2a: Great Tusk
|-damage|p2a: Great Tusk|12/100
|-unboost|p1a: Scizor|def|1
|-unboost|p1a: Scizor|spd|1
|move|p2a: Great Tusk|Roar|p1a: Scizor
|drag|p1a: Dragonite|Dragonite, M|57/100
|-damage|p1a: Dragonite|33/100|[from] Stealth Rock
|
|upkeep
|turn|33
|
|t:|1779848594
|move|p1a: Dragonite|Encore|p2a: Great Tusk
|-start|p2a: Great Tusk|Encore
|move|p2a: Great Tusk|Roar|p1a: Dragonite
|drag|p1a: Scizor|Scizor, F|28/100
|-damage|p1a: Scizor|16/100|[from] Stealth Rock
|
|upkeep
|turn|34
|
|t:|1779848599
|move|p1a: Scizor|U-turn|p2a: Great Tusk
|-resisted|p2a: Great Tusk
|-damage|p2a: Great Tusk|0 fnt
|faint|p2a: Great Tusk
|-end|p2a: Great Tusk|Protosynthesis|[silent]
|
|t:|1779848601
|switch|p1a: Dragonite|Dragonite, M|33/100|[from] U-turn
|-damage|p1a: Dragonite|8/100|[from] Stealth Rock
|
|upkeep
|
|t:|1779848606
|switch|p2a: Samurott|Samurott-Hisui, M, shiny|100/100
|turn|35
|
|t:|1779848611
|move|p1a: Dragonite|Extreme Speed|p2a: Samurott
|-damage|p2a: Samurott|71/100
|move|p2a: Samurott|Ceaseless Edge|p1a: Dragonite
|-damage|p1a: Dragonite|0 fnt
|-sidestart|p1: xueshang|Spikes
|faint|p1a: Dragonite
|
|upkeep
|
|t:|1779848613
|switch|p1a: Scizor|Scizor, F|16/100
|-damage|p1a: Scizor|4/100|[from] Stealth Rock
|-damage|p1a: Scizor|0 fnt|[from] Spikes
|faint|p1a: Scizor
|
|win|jessies boyfriend
|raw|xueshang's rating: 1368 &rarr; <strong>1348</strong><br />(-20 for losing)
|raw|jessies boyfriend's rating: 1367 &rarr; <strong>1387</strong><br />(+20 for winning)
|l|☆xueshang
|player|p1|
|l|☆jessies boyfriend
|player|p2|
|j|☆jessies boyfriend
|player|p2|jessies boyfriend|brock|
|l|☆jessies boyfriend
|player|p2|
