|j|☆teamskullenoxa
|j|☆leader alastor
|t:|1779971118
|gametype|singles
|player|p1|teamskullenoxa|101|1553
|player|p2|leader alastor|blue|1503
|gen|9
|tier|[Gen 9] OU
|rated|
|rule|HP Percentage Mod: HP is shown in percentages
|rule|Endless Battle Clause: Forcing endless battles is banned
|rule|Species Clause: Limit one of each Pokémon
|rule|OHKO Clause: OHKO moves are banned
|rule|Evasion Items Clause: Evasion items are banned
|rule|Evasion Moves Clause: Evasion moves are banned
|rule|Evasion Abilities Clause: Evasion abilities are banned
|rule|Sleep Moves Clause: Sleep-inducing moves are banned
|clearpoke
|poke|p1|Pelipper, F|
|poke|p1|Hatterene, F|
|poke|p1|Iron Treads|
|poke|p1|Toxicroak, F|
|poke|p1|Barraskewda, F|
|poke|p1|Zapdos|
|poke|p2|Iron Valiant|
|poke|p2|Ceruledge, M|
|poke|p2|Cloyster, M|
|poke|p2|Lilligant, F|
|poke|p2|Malamar, M|
|poke|p2|Noivern, M|
|teampreview
|inactive|Battle timer is ON: inactive players will automatically lose when time's up. (requested by leader alastor)
|
|t:|1779971134
|teamsize|p1|6
|teamsize|p2|6
|start
|switch|p1a: Pelipper|Pelipper, F|100/100
|switch|p2a: Trident|Cloyster, M|100/100
|-weather|RainDance|[from] ability: Drizzle|[of] p1a: Pelipper
|turn|1
|
|t:|1779971141
|switch|p1a: Toxicroak|Toxicroak, F|100/100
|move|p2a: Trident|Shell Smash|p2a: Trident
|-unboost|p2a: Trident|def|1
|-unboost|p2a: Trident|spd|1
|-boost|p2a: Trident|atk|2
|-boost|p2a: Trident|spa|2
|-boost|p2a: Trident|spe|2
|
|-weather|RainDance|[upkeep]
|upkeep
|turn|2
|
|t:|1779971148
|move|p2a: Trident|Icicle Spear|p1a: Toxicroak
|-damage|p1a: Toxicroak|79/100
|-damage|p1a: Toxicroak|60/100
|-damage|p1a: Toxicroak|39/100
|-damage|p1a: Toxicroak|18/100
|-damage|p1a: Toxicroak|0 fnt
|faint|p1a: Toxicroak
|-hitcount|p1: Toxicroak|5
|
|-weather|RainDance|[upkeep]
|upkeep
|
|t:|1779971156
|switch|p1a: Barraskewda|Barraskewda, F|100/100
|turn|3
|
|t:|1779971163
|-terastallize|p1a: Barraskewda|Water
|move|p1a: Barraskewda|Flip Turn|p2a: Trident
|-resisted|p2a: Trident
|-damage|p2a: Trident|42/100
|
|t:|1779971165
|switch|p1a: Hatterene|Hatterene, F|100/100|[from] Flip Turn
|move|p2a: Trident|Rock Blast|p1a: Hatterene
|-damage|p1a: Hatterene|86/100
|-damage|p1a: Hatterene|72/100
|-damage|p1a: Hatterene|58/100
|-damage|p1a: Hatterene|44/100
|-damage|p1a: Hatterene|31/100
|-hitcount|p1a: Hatterene|5
|-enditem|p1a: Hatterene|Eject Button
|
|t:|1779971176
|switch|p1a: Barraskewda|Barraskewda, F, tera:Water|100/100
|
|-weather|RainDance|[upkeep]
|upkeep
|turn|4
|
|t:|1779971183
|move|p1a: Barraskewda|Liquidation|p2a: Trident
|-resisted|p2a: Trident
|-damage|p2a: Trident|0 fnt
|faint|p2a: Trident
|
|-weather|RainDance|[upkeep]
|upkeep
|
|t:|1779971192
|switch|p2a: Flamberge|Ceruledge, M|100/100
|turn|5
|
|t:|1779971205
|switch|p1a: Hatterene|Hatterene, F|31/100
|move|p2a: Flamberge|Swords Dance|p2a: Flamberge
|-boost|p2a: Flamberge|atk|2
|
|-weather|RainDance|[upkeep]
|upkeep
|turn|6
|
|t:|1779971211
|move|p2a: Flamberge|Shadow Sneak|p1a: Hatterene
|-supereffective|p1a: Hatterene
|-damage|p1a: Hatterene|0 fnt
|faint|p1a: Hatterene
|
|-weather|RainDance|[upkeep]
|upkeep
|
|t:|1779971215
|switch|p1a: Zapdos|Zapdos|100/100
|turn|7
|
|t:|1779971227
|move|p1a: Zapdos|Hurricane|p2a: Flamberge
|-damage|p2a: Flamberge|4/100
|move|p2a: Flamberge|Bitter Blade|p1a: Zapdos
|-damage|p1a: Zapdos|44/100
|-heal|p2a: Flamberge|35/100|[from] drain|[of] p1a: Zapdos
|-status|p2a: Flamberge|par|[from] ability: Static|[of] p1a: Zapdos
|
|-weather|RainDance|[upkeep]
|upkeep
|turn|8
|
|t:|1779971235
|move|p2a: Flamberge|Shadow Sneak|p1a: Zapdos
|-damage|p1a: Zapdos|0 fnt
|faint|p1a: Zapdos
|
|-weather|none
|upkeep
|
|t:|1779971249
|switch|p1a: Barraskewda|Barraskewda, F, tera:Water|100/100
|turn|9
|
|t:|1779971254
|move|p1a: Barraskewda|Aqua Jet|p2a: Flamberge
|-supereffective|p2a: Flamberge
|-damage|p2a: Flamberge|0 fnt
|faint|p2a: Flamberge
|
|upkeep
|
|t:|1779971261
|switch|p2a: Glaive|Iron Valiant|100/100
|-enditem|p2a: Glaive|Booster Energy
|-activate|p2a: Glaive|ability: Quark Drive|[fromitem]
|-start|p2a: Glaive|quarkdrivespe
|turn|10
|
|t:|1779971269
|switch|p1a: Iron Treads|Iron Treads|100/100
|move|p2a: Glaive|Drain Punch|p1a: Iron Treads
|-supereffective|p1a: Iron Treads
|-damage|p1a: Iron Treads|42/100
|
|-heal|p1a: Iron Treads|48/100|[from] item: Leftovers
|upkeep
|turn|11
|
|t:|1779971276
|-end|p1a: Iron Treads|Quark Drive|[silent]
|switch|p1a: Pelipper|Pelipper, F|100/100
|-weather|RainDance|[from] ability: Drizzle|[of] p1a: Pelipper
|move|p2a: Glaive|Drain Punch|p1a: Pelipper
|-resisted|p1a: Pelipper
|-damage|p1a: Pelipper|80/100
|
|-weather|RainDance|[upkeep]
|upkeep
|turn|12
|
|t:|1779971300
|move|p2a: Glaive|Spirit Break|p1a: Pelipper
|-damage|p1a: Pelipper|38/100
|-unboost|p1a: Pelipper|spa|1
|move|p1a: Pelipper|Hurricane|p2a: Glaive
|-supereffective|p2a: Glaive
|-damage|p2a: Glaive|13/100
|
|-weather|RainDance|[upkeep]
|upkeep
|turn|13
|
|t:|1779971308
|move|p2a: Glaive|Spirit Break|p1a: Pelipper
|-damage|p1a: Pelipper|0 fnt
|faint|p1a: Pelipper
|
|-weather|RainDance|[upkeep]
|upkeep
|
|t:|1779971311
|switch|p1a: Barraskewda|Barraskewda, F, tera:Water|100/100
|turn|14
|
|t:|1779971316
|move|p1a: Barraskewda|Liquidation|p2a: Glaive
|-damage|p2a: Glaive|0 fnt
|faint|p2a: Glaive
|-end|p2a: Glaive|Quark Drive|[silent]
|
|-weather|RainDance|[upkeep]
|upkeep
|
|t:|1779971319
|switch|p2a: Shamshir|Noivern, M|100/100
|turn|15
|
|t:|1779971324
|move|p1a: Barraskewda|Liquidation|p2a: Shamshir
|-resisted|p2a: Shamshir
|-damage|p2a: Shamshir|10/100
|-unboost|p2a: Shamshir|def|1
|move|p2a: Shamshir|Boomburst|p1a: Barraskewda
|-damage|p1a: Barraskewda|13/100
|-enditem|p2a: Shamshir|Throat Spray
|-boost|p2a: Shamshir|spa|1|[from] item: Throat Spray
|
|-weather|RainDance|[upkeep]
|upkeep
|turn|16
|
|t:|1779971332
|move|p1a: Barraskewda|Liquidation|p2a: Shamshir
|-resisted|p2a: Shamshir
|-damage|p2a: Shamshir|0 fnt
|faint|p2a: Shamshir
|
|-weather|RainDance|[upkeep]
|upkeep
|
|t:|1779971333
|switch|p2a: Gladius|Lilligant, F|100/100
|turn|17
|
|t:|1779971338
|move|p1a: Barraskewda|Liquidation|p2a: Gladius
|-resisted|p2a: Gladius
|-damage|p2a: Gladius|0 fnt
|faint|p2a: Gladius
|
|-weather|RainDance|[upkeep]
|upkeep
|
|t:|1779971341
|switch|p2a: Halberd|Malamar, M|100/100
|turn|18
|
|t:|1779971344
|move|p1a: Barraskewda|Liquidation|p2a: Halberd
|-damage|p2a: Halberd|0 fnt
|faint|p2a: Halberd
|
|win|teamskullenoxa
|raw|teamskullenoxa's rating: 1553 &rarr; <strong>1570</strong><br />(+17 for winning)
|raw|leader alastor's rating: 1503 &rarr; <strong>1486</strong><br />(-17 for losing)
|c|☆leader alastor|You should be ashemd
|l|☆teamskullenoxa
|player|p1|
|c|☆leader alastor|Ashamed
|l|☆leader alastor
|player|p2|
