|j|☆xdrax7w7
|j|☆Harshweather
|t:|1779877139
|gametype|singles
|player|p1|xdrax7w7|steven|1152
|player|p2|Harshweather|102|1177
|gen|9
|tier|[Gen 9] OU
|rated|
|rule|HP Percentage Mod: HP is shown in percentages
|rule|Endless Battle Clause: Forcing endless battles is banned
|rule|Species Clause: Limit one of each Pokémon
|rule|OHKO Clause: OHKO moves are banned
|rule|Evasion Items Clause: Evasion items are banned
|rule|Evasion Moves Clause: Evasion moves are banned
|rule|Evasion Abilities Clause: Evasion abilities are banned
|rule|Sleep Moves Clause: Sleep-inducing moves are banned
|clearpoke
|poke|p1|Weezing-Galar, F|
|poke|p1|Umbreon, M|
|poke|p1|Blaziken, M|
|poke|p1|Glimmora, F|
|poke|p1|Deoxys-Speed|
|poke|p1|Serperior, F|
|poke|p2|Zangoose, F|
|poke|p2|Iron Moth|
|poke|p2|Grimmsnarl, M|
|poke|p2|Dragapult, F|
|poke|p2|Vikavolt, M|
|poke|p2|Salamence, M|
|teampreview
|inactive|Battle timer is ON: inactive players will automatically lose when time's up. (requested by Harshweather)
|
|t:|1779877145
|teamsize|p1|6
|teamsize|p2|6
|start
|switch|p1a: chimenea|Weezing-Galar, F|100/100
|switch|p2a: Grimmsnarl|Grimmsnarl, M|100/100
|-ability|p1a: chimenea|Neutralizing Gas
|turn|1
|
|t:|1779877155
|move|p1a: chimenea|Toxic|p2a: Grimmsnarl
|-status|p2a: Grimmsnarl|tox
|move|p2a: Grimmsnarl|Taunt|p1a: chimenea
|-start|p1a: chimenea|move: Taunt
|
|-damage|p2a: Grimmsnarl|94/100 tox|[from] psn
|upkeep
|turn|2
|
|t:|1779877179
|move|p1a: chimenea|Gunk Shot|p2a: Grimmsnarl
|-supereffective|p2a: Grimmsnarl
|-damage|p2a: Grimmsnarl|33/100 tox
|move|p2a: Grimmsnarl|Light Screen|p2a: Grimmsnarl
|-sidestart|p2: Harshweather|move: Light Screen
|
|-damage|p2a: Grimmsnarl|21/100 tox|[from] psn
|upkeep
|turn|3
|
|t:|1779877188
|move|p2a: Grimmsnarl|Reflect|p2a: Grimmsnarl
|-sidestart|p2: Harshweather|Reflect
|move|p1a: chimenea|Gunk Shot|p2a: Grimmsnarl
|-supereffective|p2a: Grimmsnarl
|-damage|p2a: Grimmsnarl|0 fnt
|faint|p2a: Grimmsnarl
|
|upkeep
|
|t:|1779877193
|switch|p2a: Victim 2|Vikavolt, M|100/100
|turn|4
|
|t:|1779877202
|move|p2a: Victim 2|Sticky Web|p1a: chimenea
|-sidestart|p1: xdrax7w7|move: Sticky Web
|move|p1a: chimenea|Gunk Shot|p2a: Victim 2
|-damage|p2a: Victim 2|77/100
|-status|p2a: Victim 2|psn
|
|-damage|p2a: Victim 2|65/100 psn|[from] psn
|-end|p1a: chimenea|move: Taunt
|upkeep
|turn|5
|
|t:|1779877215
|move|p2a: Victim 2|Volt Switch|p1a: chimenea
|-damage|p1a: chimenea|54/100
|
|t:|1779877218
|switch|p2a: 2nd molester|Iron Moth|100/100|[from] Volt Switch
|move|p1a: chimenea|Toxic Spikes|p2a: 2nd molester
|-sidestart|p2: Harshweather|move: Toxic Spikes
|
|-heal|p1a: chimenea|60/100|[from] item: Black Sludge
|upkeep
|turn|6
|
|t:|1779877240
|-end|p1a: chimenea|ability: Neutralizing Gas
|switch|p1a: piesdeplomo|Blaziken, M, shiny|100/100
|-enditem|p2a: 2nd molester|Booster Energy
|-activate|p2a: 2nd molester|ability: Quark Drive|[fromitem]
|-start|p2a: 2nd molester|quarkdrivespa
|-activate|p1a: piesdeplomo|move: Sticky Web
|-unboost|p1a: piesdeplomo|spe|1
|move|p2a: 2nd molester|Fiery Dance|p1a: piesdeplomo
|-resisted|p1a: piesdeplomo
|-damage|p1a: piesdeplomo|61/100
|-boost|p2a: 2nd molester|spa|1
|
|-heal|p1a: piesdeplomo|67/100|[from] item: Leftovers
|upkeep
|turn|7
|
|t:|1779877256
|move|p2a: 2nd molester|Dazzling Gleam|p1a: piesdeplomo
|-damage|p1a: piesdeplomo|0 fnt
|faint|p1a: piesdeplomo
|
|upkeep
|
|t:|1779877264
|switch|p1a: I'm still standing|Umbreon, M, shiny|100/100
|-activate|p1a: I'm still standing|move: Sticky Web
|-unboost|p1a: I'm still standing|spe|1
|turn|8
|
|t:|1779877275
|switch|p1a: qlevra|Serperior, F|100/100
|-activate|p1a: qlevra|move: Sticky Web
|-boost|p1a: qlevra|spe|1
|move|p2a: 2nd molester|Dazzling Gleam|p1a: qlevra
|-damage|p1a: qlevra|31/100
|
|-heal|p1a: qlevra|37/100|[from] item: Leftovers
|upkeep
|turn|9
|
|t:|1779877288
|move|p1a: qlevra|Leaf Storm|p2a: 2nd molester
|-resisted|p2a: 2nd molester
|-damage|p2a: 2nd molester|94/100
|-boost|p1a: qlevra|spa|2
|move|p2a: 2nd molester|Fiery Dance|p1a: qlevra
|-supereffective|p1a: qlevra
|-damage|p1a: qlevra|0 fnt
|-boost|p2a: 2nd molester|spa|1
|faint|p1a: qlevra
|
|-sideend|p2: Harshweather|move: Light Screen
|upkeep
|c|☆Harshweather|lmfaooooo
|
|t:|1779877300
|switch|p1a: mama de carlos|Glimmora, F|100/100
|-activate|p1a: mama de carlos|move: Sticky Web
|-unboost|p1a: mama de carlos|spe|1
|turn|10
|
|t:|1779877306
|move|p2a: 2nd molester|Energy Ball|p1a: mama de carlos
|-damage|p1a: mama de carlos|1/100
|move|p1a: mama de carlos|Meteor Beam||[still]
|-prepare|p1a: mama de carlos|Meteor Beam
|-boost|p1a: mama de carlos|spa|1
|-enditem|p1a: mama de carlos|Power Herb
|-anim|p1a: mama de carlos|Meteor Beam|p2a: 2nd molester
|-supereffective|p2a: 2nd molester
|-damage|p2a: 2nd molester|0 fnt
|faint|p2a: 2nd molester
|-end|p2a: 2nd molester|Quark Drive|[silent]
|
|-sideend|p2: Harshweather|Reflect
|upkeep
|
|t:|1779877316
|switch|p2a: molester|Zangoose, F|100/100
|-status|p2a: molester|psn
|turn|11
|
|t:|1779877324
|move|p1a: mama de carlos|Spiky Shield|p1a: mama de carlos
|-singleturn|p1a: mama de carlos|move: Protect
|move|p2a: molester|Quick Attack|p1a: mama de carlos
|-activate|p1a: mama de carlos|move: Protect
|-damage|p2a: molester|88/100 psn|[from] Spiky Shield|[of] p1a: mama de carlos
|
|-damage|p2a: molester|76/100 psn|[from] psn
|upkeep
|turn|12
|
|t:|1779877333
|move|p2a: molester|Quick Attack|p1a: mama de carlos
|-resisted|p1a: mama de carlos
|-crit|p1a: mama de carlos
|-damage|p1a: mama de carlos|0 fnt
|-activate|p1a: mama de carlos|ability: Toxic Debris
|-sidestart|p2: Harshweather|move: Toxic Spikes
|faint|p1a: mama de carlos
|
|-damage|p2a: molester|64/100 psn|[from] psn
|upkeep
|
|t:|1779877342
|switch|p1a: chimenea|Weezing-Galar, F|60/100
|-ability|p1a: chimenea|Neutralizing Gas
|-activate|p1a: chimenea|move: Sticky Web
|-unboost|p1a: chimenea|spe|1
|turn|13
|
|t:|1779877354
|move|p2a: molester|Swords Dance|p2a: molester
|-boost|p2a: molester|atk|2
|move|p1a: chimenea|Gunk Shot|p2a: molester
|-damage|p2a: molester|0 fnt
|faint|p2a: molester
|
|-heal|p1a: chimenea|66/100|[from] item: Black Sludge
|upkeep
|
|t:|1779877357
|switch|p2a: Victim 2|Vikavolt, M|65/100 psn
|turn|14
|
|t:|1779877369
|move|p2a: Victim 2|Volt Switch|p1a: chimenea
|-damage|p1a: chimenea|13/100
|
|t:|1779877374
|switch|p2a: Salamence|Salamence, M|100/100|[from] Volt Switch
|move|p1a: chimenea|Gunk Shot|p2a: Salamence|[miss]
|-miss|p1a: chimenea|p2a: Salamence
|
|-heal|p1a: chimenea|20/100|[from] item: Black Sludge
|upkeep
|turn|15
|
|t:|1779877385
|move|p2a: Salamence|Earthquake|p1a: chimenea
|-supereffective|p1a: chimenea
|-damage|p1a: chimenea|0 fnt
|faint|p1a: chimenea
|-end|p1a: chimenea|ability: Neutralizing Gas
|-ability|p2a: Salamence|Moxie|boost
|-boost|p2a: Salamence|atk|1
|
|upkeep
|
|t:|1779877392
|switch|p1a: lepra|Deoxys-Speed|100/100
|-activate|p1a: lepra|move: Sticky Web
|-unboost|p1a: lepra|spe|1
|-ability|p1a: lepra|Pressure
|turn|16
|
|t:|1779877398
|-terastallize|p1a: lepra|Ice
|move|p1a: lepra|Ice Beam|p2a: Salamence
|-supereffective|p2a: Salamence
|-damage|p2a: Salamence|0 fnt
|faint|p2a: Salamence
|
|upkeep
|
|t:|1779877407
|switch|p2a: Victim 2|Vikavolt, M|65/100 psn
|turn|17
|
|t:|1779877412
|move|p1a: lepra|Ice Beam|p2a: Victim 2
|-damage|p2a: Victim 2|0 fnt
|faint|p2a: Victim 2
|
|upkeep
|
|t:|1779877415
|switch|p2a: 4th molester|Dragapult, F|100/100
|-status|p2a: 4th molester|tox
|turn|18
|
|t:|1779877424
|move|p2a: 4th molester|Draco Meteor|p1a: lepra
|-damage|p1a: lepra|0 fnt
|-unboost|p2a: 4th molester|spa|2
|faint|p1a: lepra
|
|-damage|p2a: 4th molester|95/100 tox|[from] psn
|upkeep
|
|t:|1779877432
|switch|p1a: I'm still standing|Umbreon, M, shiny|100/100
|-activate|p1a: I'm still standing|move: Sticky Web
|-unboost|p1a: I'm still standing|spe|1
|turn|19
|
|t:|1779877439
|move|p2a: 4th molester|Draco Meteor|p1a: I'm still standing
|-damage|p1a: I'm still standing|71/100
|-unboost|p2a: 4th molester|spa|2
|move|p1a: I'm still standing|Wish|p1a: I'm still standing
|
|-heal|p1a: I'm still standing|77/100|[from] item: Leftovers
|-damage|p2a: 4th molester|83/100 tox|[from] psn
|upkeep
|turn|20
|-message|Harshweather forfeited.
|
|win|xdrax7w7
|raw|xdrax7w7's rating: 1152 &rarr; <strong>1179</strong><br />(+27 for winning)
|raw|Harshweather's rating: 1177 &rarr; <strong>1150</strong><br />(-27 for losing)
|l|☆Harshweather
|player|p2|
|l|☆xdrax7w7
|player|p1|
