|j|☆team anime
|j|‽Moxieproelite222
|t:|1779949267
|gametype|singles
|player|p1|team anime|101|1065
|player|p2|Moxieproelite222|266|1093
|gen|9
|tier|[Gen 9] OU
|rated|
|rule|HP Percentage Mod: HP is shown in percentages
|rule|Endless Battle Clause: Forcing endless battles is banned
|rule|Species Clause: Limit one of each Pokémon
|rule|OHKO Clause: OHKO moves are banned
|rule|Evasion Items Clause: Evasion items are banned
|rule|Evasion Moves Clause: Evasion moves are banned
|rule|Evasion Abilities Clause: Evasion abilities are banned
|rule|Sleep Moves Clause: Sleep-inducing moves are banned
|clearpoke
|poke|p1|Dragonite, F|
|poke|p1|Blastoise, M|
|poke|p1|Blaziken, F|
|poke|p1|Serperior, M|
|poke|p1|Gyarados, M|
|poke|p1|Ditto|
|poke|p2|Hawlucha, M|
|poke|p2|Ceruledge, F|
|poke|p2|Armarouge, M|
|poke|p2|Glimmora, M|
|poke|p2|Enamorus, F|
|poke|p2|Clodsire, M|
|teampreview
|
|t:|1779949284
|teamsize|p1|6
|teamsize|p2|6
|start
|switch|p1a: Serperior|Serperior, M|100/100
|switch|p2a: Glimmora|Glimmora, M|100/100
|turn|1
|
|t:|1779949293
|move|p1a: Serperior|Leaf Storm|p2a: Glimmora
|-damage|p2a: Glimmora|43/100
|-boost|p1a: Serperior|spa|2
|move|p2a: Glimmora|Mortal Spin|p1a: Serperior
|-supereffective|p1a: Serperior
|-damage|p1a: Serperior|83/100
|-status|p1a: Serperior|psn
|
|-heal|p1a: Serperior|90/100 psn|[from] item: Leftovers
|-heal|p2a: Glimmora|50/100|[from] item: Black Sludge
|-damage|p1a: Serperior|77/100 psn|[from] psn
|upkeep
|turn|2
|
|t:|1779949307
|move|p2a: Glimmora|Spiky Shield|p2a: Glimmora
|-singleturn|p2a: Glimmora|move: Protect
|move|p1a: Serperior|Leaf Storm|p2a: Glimmora
|-activate|p2a: Glimmora|move: Protect
|
|-heal|p1a: Serperior|83/100 psn|[from] item: Leftovers
|-heal|p2a: Glimmora|56/100|[from] item: Black Sludge
|-damage|p1a: Serperior|71/100 psn|[from] psn
|upkeep
|turn|3
|
|t:|1779949318
|move|p1a: Serperior|Leaf Storm|p2a: Glimmora
|-damage|p2a: Glimmora|0 fnt
|-boost|p1a: Serperior|spa|2
|faint|p2a: Glimmora
|
|-heal|p1a: Serperior|77/100 psn|[from] item: Leftovers
|-damage|p1a: Serperior|65/100 psn|[from] psn
|upkeep
|
|t:|1779949333
|switch|p2a: Armarouge|Armarouge, M|100/100
|turn|4
|
|t:|1779949344
|move|p1a: Serperior|Glare|p2a: Armarouge
|-status|p2a: Armarouge|par
|move|p2a: Armarouge|Flame Charge|p1a: Serperior
|-supereffective|p1a: Serperior
|-damage|p1a: Serperior|38/100 psn
|-boost|p2a: Armarouge|spe|1
|
|-heal|p1a: Serperior|44/100 psn|[from] item: Leftovers
|-damage|p1a: Serperior|32/100 psn|[from] psn
|upkeep
|turn|5
|
|t:|1779949356
|move|p1a: Serperior|Giga Drain|p2a: Armarouge
|-resisted|p2a: Armarouge
|-crit|p2a: Armarouge
|-damage|p2a: Armarouge|12/100 par
|-heal|p1a: Serperior|79/100 psn|[from] drain|[of] p2a: Armarouge
|move|p2a: Armarouge|Calm Mind|p2a: Armarouge
|-boost|p2a: Armarouge|spa|1
|-boost|p2a: Armarouge|spd|1
|
|-heal|p1a: Serperior|85/100 psn|[from] item: Leftovers
|-heal|p2a: Armarouge|19/100 par|[from] item: Leftovers
|-damage|p1a: Serperior|73/100 psn|[from] psn
|upkeep
|turn|6
|
|t:|1779949369
|move|p1a: Serperior|Giga Drain|p2a: Armarouge
|-resisted|p2a: Armarouge
|-damage|p2a: Armarouge|0 fnt
|-heal|p1a: Serperior|82/100 psn|[from] drain|[of] p2a: Armarouge
|faint|p2a: Armarouge
|
|-heal|p1a: Serperior|88/100 psn|[from] item: Leftovers
|-damage|p1a: Serperior|76/100 psn|[from] psn
|upkeep
|
|t:|1779949382
|switch|p2a: Ceruledge|Ceruledge, F|100/100
|turn|7
|
|t:|1779949389
|-terastallize|p2a: Ceruledge|Fire
|move|p1a: Serperior|Glare|p2a: Ceruledge
|-status|p2a: Ceruledge|par
|cant|p2a: Ceruledge|par
|
|-heal|p1a: Serperior|82/100 psn|[from] item: Leftovers
|-damage|p1a: Serperior|70/100 psn|[from] psn
|upkeep
|turn|8
|
|t:|1779949401
|move|p1a: Serperior|Leaf Storm|p2a: Ceruledge
|-resisted|p2a: Ceruledge
|-damage|p2a: Ceruledge|13/100 par
|-boost|p1a: Serperior|spa|2
|move|p2a: Ceruledge|Bitter Blade|p1a: Serperior
|-supereffective|p1a: Serperior
|-damage|p1a: Serperior|0 fnt
|-heal|p2a: Ceruledge|47/100 par|[from] drain|[of] p1a: Serperior
|faint|p1a: Serperior
|
|upkeep
|
|t:|1779949414
|switch|p1a: Gyarados|Gyarados, M|100/100
|turn|9
|
|t:|1779949418
|move|p1a: Gyarados|Dragon Dance|p1a: Gyarados
|-boost|p1a: Gyarados|atk|1
|-boost|p1a: Gyarados|spe|1
|move|p2a: Ceruledge|Bitter Blade|p1a: Gyarados
|-resisted|p1a: Gyarados
|-damage|p1a: Gyarados|62/100
|-heal|p2a: Ceruledge|69/100 par|[from] drain|[of] p1a: Gyarados
|
|upkeep
|turn|10
|
|t:|1779949426
|move|p2a: Ceruledge|Endure|p2a: Ceruledge
|-singleturn|p2a: Ceruledge|move: Endure
|move|p1a: Gyarados|Waterfall|p2a: Ceruledge
|-supereffective|p2a: Ceruledge
|-activate|p2a: Ceruledge|move: Endure
|-damage|p2a: Ceruledge|1/100 par
|-ability|p2a: Ceruledge|Weak Armor|boost
|-unboost|p2a: Ceruledge|def|1
|-boost|p2a: Ceruledge|spe|2
|-enditem|p2a: Ceruledge|Weakness Policy
|-boost|p2a: Ceruledge|atk|2|[from] item: Weakness Policy
|-boost|p2a: Ceruledge|spa|2|[from] item: Weakness Policy
|
|upkeep
|turn|11
|
|t:|1779949439
|move|p1a: Gyarados|Waterfall|p2a: Ceruledge
|-supereffective|p2a: Ceruledge
|-damage|p2a: Ceruledge|0 fnt
|faint|p2a: Ceruledge
|-ability|p1a: Gyarados|Moxie|boost
|-boost|p1a: Gyarados|atk|1
|
|upkeep
|
|t:|1779949448
|switch|p2a: Clodsire|Clodsire, M|100/100
|turn|12
|
|t:|1779949455
|move|p1a: Gyarados|Waterfall|p2a: Clodsire
|-immune|p2a: Clodsire|[from] ability: Water Absorb
|move|p2a: Clodsire|Curse|p2a: Clodsire
|-unboost|p2a: Clodsire|spe|1
|-boost|p2a: Clodsire|atk|1
|-boost|p2a: Clodsire|def|1
|
|upkeep
|turn|13
|
|t:|1779949464
|move|p1a: Gyarados|Earthquake|p2a: Clodsire
|-supereffective|p2a: Clodsire
|-damage|p2a: Clodsire|0 fnt
|faint|p2a: Clodsire
|-ability|p1a: Gyarados|Moxie|boost
|-boost|p1a: Gyarados|atk|1
|
|upkeep
|
|t:|1779949471
|switch|p2a: Hawlucha|Hawlucha, M, shiny|100/100
|turn|14
|
|t:|1779949475
|move|p1a: Gyarados|Waterfall|p2a: Hawlucha
|-damage|p2a: Hawlucha|0 fnt
|faint|p2a: Hawlucha
|-ability|p1a: Gyarados|Moxie|boost
|-boost|p1a: Gyarados|atk|1
|
|upkeep
|-message|Moxieproelite222 forfeited.
|
|win|team anime
|raw|team anime's rating: 1065 &rarr; <strong>1098</strong><br />(+33 for winning)
|raw|Moxieproelite222's rating: 1093 &rarr; <strong>1067</strong><br />(-26 for losing)
|l|‽Moxieproelite222
|player|p2|
|l|☆team anime
|player|p1|
