|j|☆billythekid95
|j|☆lzw00
|t:|1779959925
|gametype|singles
|player|p1|billythekid95|265|1428
|player|p2|lzw00|rosa|1373
|gen|9
|tier|[Gen 9] OU
|rated|
|rule|HP Percentage Mod: HP is shown in percentages
|rule|Endless Battle Clause: Forcing endless battles is banned
|rule|Species Clause: Limit one of each Pokémon
|rule|OHKO Clause: OHKO moves are banned
|rule|Evasion Items Clause: Evasion items are banned
|rule|Evasion Moves Clause: Evasion moves are banned
|rule|Evasion Abilities Clause: Evasion abilities are banned
|rule|Sleep Moves Clause: Sleep-inducing moves are banned
|clearpoke
|poke|p1|Quaquaval, F|
|poke|p1|Ninetales-Alola, M|
|poke|p1|Iron Treads|
|poke|p1|Latias, F|
|poke|p1|Ogerpon, F|
|poke|p1|Gholdengo|
|poke|p2|Raging Bolt|
|poke|p2|Great Tusk|
|poke|p2|Garganacl, M|
|poke|p2|Rillaboom, F|
|poke|p2|Heatran, F|
|poke|p2|Basculegion, M|
|teampreview
|inactive|Battle timer is ON: inactive players will automatically lose when time's up. (requested by lzw00)
|inactive|billythekid95 has 120 seconds left.
|inactive|billythekid95 has 90 seconds left.
|
|t:|1779960002
|teamsize|p1|6
|teamsize|p2|6
|start
|switch|p1a: Iron Treads|Iron Treads|100/100
|switch|p2a: Heatran|Heatran, F|100/100
|-item|p2a: Heatran|Air Balloon
|-enditem|p1a: Iron Treads|Booster Energy
|-activate|p1a: Iron Treads|ability: Quark Drive|[fromitem]
|-start|p1a: Iron Treads|quarkdrivespe
|turn|1
|
|t:|1779960010
|move|p1a: Iron Treads|Stealth Rock|p2a: Heatran
|-sidestart|p2: lzw00|move: Stealth Rock
|move|p2a: Heatran|Magma Storm|p1a: Iron Treads
|-supereffective|p1a: Iron Treads
|-damage|p1a: Iron Treads|0 fnt
|faint|p1a: Iron Treads
|-end|p1a: Iron Treads|Quark Drive|[silent]
|
|upkeep
|
|t:|1779960017
|switch|p1a: Quaquaval|Quaquaval, F|100/100
|turn|2
|
|t:|1779960026
|switch|p2a: Rillaboom|Rillaboom, F|100/100
|-damage|p2a: Rillaboom|88/100|[from] Stealth Rock
|-fieldstart|move: Grassy Terrain|[from] ability: Grassy Surge|[of] p2a: Rillaboom
|move|p1a: Quaquaval|Swords Dance|p1a: Quaquaval
|-boost|p1a: Quaquaval|atk|2
|
|-heal|p2a: Rillaboom|94/100|[from] Grassy Terrain
|upkeep
|turn|3
|
|t:|1779960037
|switch|p1a: Ninetales|Ninetales-Alola, M|100/100
|-weather|Snowscape|[from] ability: Snow Warning|[of] p1a: Ninetales
|move|p2a: Rillaboom|Grassy Glide|p1a: Ninetales
|-damage|p1a: Ninetales|53/100
|-damage|p2a: Rillaboom|84/100|[from] item: Life Orb
|
|-weather|Snowscape|[upkeep]
|-heal|p1a: Ninetales|59/100|[from] Grassy Terrain
|-heal|p2a: Rillaboom|91/100|[from] Grassy Terrain
|upkeep
|turn|4
|
|t:|1779960047
|switch|p2a: Heatran|Heatran, F|100/100
|-damage|p2a: Heatran|88/100|[from] Stealth Rock
|-item|p2a: Heatran|Air Balloon
|move|p1a: Ninetales|Aurora Veil|p1a: Ninetales
|-sidestart|p1: billythekid95|move: Aurora Veil
|
|-weather|Snowscape|[upkeep]
|-heal|p1a: Ninetales|65/100|[from] Grassy Terrain
|upkeep
|turn|5
|
|t:|1779960056
|switch|p1a: Quaquaval|Quaquaval, F|100/100
|move|p2a: Heatran|Stealth Rock|p1a: Quaquaval
|-sidestart|p1: billythekid95|move: Stealth Rock
|
|-weather|Snowscape|[upkeep]
|upkeep
|turn|6
|
|t:|1779960065
|switch|p2a: Rillaboom|Rillaboom, F|91/100
|-damage|p2a: Rillaboom|78/100|[from] Stealth Rock
|move|p1a: Quaquaval|Swords Dance|p1a: Quaquaval
|-boost|p1a: Quaquaval|atk|2
|
|-weather|Snowscape|[upkeep]
|-heal|p2a: Rillaboom|84/100|[from] Grassy Terrain
|-fieldend|move: Grassy Terrain
|upkeep
|turn|7
|
|t:|1779960084
|move|p1a: Quaquaval|Triple Axel|p2a: Rillaboom
|-supereffective|p2a: Rillaboom
|-damage|p2a: Rillaboom|53/100
|-supereffective|p2a: Rillaboom
|-damage|p2a: Rillaboom|0 fnt
|faint|p2a: Rillaboom
|-ability|p1a: Quaquaval|Moxie|boost
|-boost|p1a: Quaquaval|atk|1
|-hitcount|p2: Rillaboom|2
|
|-weather|none
|upkeep
|
|t:|1779960088
|switch|p2a: Garganacl|Garganacl, M|100/100
|-damage|p2a: Garganacl|88/100|[from] Stealth Rock
|turn|8
|
|t:|1779960098
|-terastallize|p2a: Garganacl|Ghost
|move|p1a: Quaquaval|Aqua Step|p2a: Garganacl
|-damage|p2a: Garganacl|35/100
|-boost|p1a: Quaquaval|spe|1
|move|p2a: Garganacl|Iron Defense|p2a: Garganacl
|-boost|p2a: Garganacl|def|2
|
|-heal|p2a: Garganacl|41/100|[from] item: Leftovers
|upkeep
|turn|9
|
|t:|1779960109
|move|p1a: Quaquaval|Swords Dance|p1a: Quaquaval
|-boost|p1a: Quaquaval|atk|2
|move|p2a: Garganacl|Recover|p2a: Garganacl
|-heal|p2a: Garganacl|91/100
|
|-heal|p2a: Garganacl|98/100|[from] item: Leftovers
|upkeep
|turn|10
|
|t:|1779960116
|move|p1a: Quaquaval|Aqua Step|p2a: Garganacl
|-damage|p2a: Garganacl|63/100
|-boost|p1a: Quaquaval|spe|1
|move|p2a: Garganacl|Iron Defense|p2a: Garganacl
|-boost|p2a: Garganacl|def|2
|
|-heal|p2a: Garganacl|69/100|[from] item: Leftovers
|upkeep
|turn|11
|
|t:|1779960129
|switch|p1a: Ninetales|Ninetales-Alola, M|65/100
|-damage|p1a: Ninetales|40/100|[from] Stealth Rock
|-weather|Snowscape|[from] ability: Snow Warning|[of] p1a: Ninetales
|move|p2a: Garganacl|Iron Defense|p2a: Garganacl
|-boost|p2a: Garganacl|def|2
|
|-weather|Snowscape|[upkeep]
|-heal|p2a: Garganacl|75/100|[from] item: Leftovers
|-sideend|p1: billythekid95|move: Aurora Veil
|upkeep
|turn|12
|
|t:|1779960138
|move|p1a: Ninetales|Encore|p2a: Garganacl
|-start|p2a: Garganacl|Encore
|move|p2a: Garganacl|Iron Defense|p2a: Garganacl
|-boost|p2a: Garganacl|def|0
|
|-weather|Snowscape|[upkeep]
|-heal|p2a: Garganacl|82/100|[from] item: Leftovers
|upkeep
|turn|13
|
|t:|1779960147
|switch|p2a: Basculegion|Basculegion, M|100/100
|-damage|p2a: Basculegion|88/100|[from] Stealth Rock
|move|p1a: Ninetales|Aurora Veil|p1a: Ninetales
|-sidestart|p1: billythekid95|move: Aurora Veil
|
|-weather|Snowscape|[upkeep]
|upkeep
|turn|14
|
|t:|1779960153
|move|p2a: Basculegion|Flip Turn|p1a: Ninetales
|-damage|p1a: Ninetales|24/100
|
|t:|1779960160
|switch|p2a: Heatran|Heatran, F|88/100|[from] Flip Turn
|-damage|p2a: Heatran|76/100|[from] Stealth Rock
|-item|p2a: Heatran|Air Balloon
|move|p1a: Ninetales|Freeze-Dry|p2a: Heatran
|-resisted|p2a: Heatran
|-damage|p2a: Heatran|73/100
|-enditem|p2a: Heatran|Air Balloon
|
|-weather|Snowscape|[upkeep]
|upkeep
|turn|15
|
|t:|1779960170
|move|p1a: Ninetales|Freeze-Dry|p2a: Heatran
|-resisted|p2a: Heatran
|-damage|p2a: Heatran|70/100
|move|p2a: Heatran|Taunt|p1a: Ninetales
|-start|p1a: Ninetales|move: Taunt
|
|-weather|none
|upkeep
|turn|16
|
|t:|1779960177
|move|p1a: Ninetales|Freeze-Dry|p2a: Heatran
|-resisted|p2a: Heatran
|-damage|p2a: Heatran|67/100
|move|p2a: Heatran|Magma Storm|p1a: Ninetales
|-supereffective|p1a: Ninetales
|-damage|p1a: Ninetales|0 fnt
|faint|p1a: Ninetales
|
|upkeep
|
|t:|1779960187
|switch|p1a: Latias|Latias, F|100/100
|-damage|p1a: Latias|88/100|[from] Stealth Rock
|turn|17
|
|t:|1779960191
|move|p1a: Latias|Agility|p1a: Latias
|-boost|p1a: Latias|spe|2
|move|p2a: Heatran|Taunt|p1a: Latias
|-start|p1a: Latias|move: Taunt
|
|-heal|p1a: Latias|94/100|[from] item: Leftovers
|upkeep
|turn|18
|
|t:|1779960199
|move|p1a: Latias|Stored Power|p2a: Heatran
|-resisted|p2a: Heatran
|-damage|p2a: Heatran|60/100
|move|p2a: Heatran|Magma Storm|p1a: Latias
|-resisted|p1a: Latias
|-damage|p1a: Latias|86/100
|-activate|p1a: Latias|move: Magma Storm|[of] p2a: Heatran
|
|-heal|p1a: Latias|92/100|[from] item: Leftovers
|-damage|p1a: Latias|80/100|[from] move: Magma Storm|[partiallytrapped]
|upkeep
|turn|19
|
|t:|1779960209
|move|p1a: Latias|Draining Kiss|p2a: Heatran
|-resisted|p2a: Heatran
|-damage|p2a: Heatran|58/100
|-heal|p1a: Latias|81/100|[from] drain|[of] p2a: Heatran
|move|p2a: Heatran|Magma Storm|p1a: Latias
|-resisted|p1a: Latias
|-damage|p1a: Latias|73/100
|
|-heal|p1a: Latias|79/100|[from] item: Leftovers
|-damage|p1a: Latias|66/100|[from] move: Magma Storm|[partiallytrapped]
|upkeep
|turn|20
|
|t:|1779960230
|switch|p2a: Raging Bolt|Raging Bolt|100/100
|-damage|p2a: Raging Bolt|88/100|[from] Stealth Rock
|-enditem|p2a: Raging Bolt|Booster Energy
|-activate|p2a: Raging Bolt|ability: Protosynthesis|[fromitem]
|-start|p2a: Raging Bolt|protosynthesisspa
|move|p1a: Latias|Draining Kiss|p2a: Raging Bolt
|-supereffective|p2a: Raging Bolt
|-damage|p2a: Raging Bolt|65/100
|-heal|p1a: Latias|86/100|[from] drain|[of] p2a: Raging Bolt
|
|-heal|p1a: Latias|92/100|[from] item: Leftovers
|-end|p1a: Latias|Magma Storm|[partiallytrapped]|[silent]
|-end|p1a: Latias|move: Taunt
|-sideend|p1: billythekid95|move: Aurora Veil
|upkeep
|turn|21
|
|t:|1779960243
|-terastallize|p1a: Latias|Fairy
|move|p1a: Latias|Calm Mind|p1a: Latias
|-boost|p1a: Latias|spa|1
|-boost|p1a: Latias|spd|1
|move|p2a: Raging Bolt|Draco Meteor|p1a: Latias
|-immune|p1a: Latias
|
|-heal|p1a: Latias|98/100|[from] item: Leftovers
|upkeep
|turn|22
|
|t:|1779960252
|move|p1a: Latias|Calm Mind|p1a: Latias
|-boost|p1a: Latias|spa|1
|-boost|p1a: Latias|spd|1
|move|p2a: Raging Bolt|Thunderbolt|p1a: Latias
|-damage|p1a: Latias|73/100
|
|-heal|p1a: Latias|79/100|[from] item: Leftovers
|upkeep
|turn|23
|
|t:|1779960261
|-end|p2a: Raging Bolt|Protosynthesis|[silent]
|switch|p2a: Heatran|Heatran, F|58/100
|-damage|p2a: Heatran|45/100|[from] Stealth Rock
|move|p1a: Latias|Calm Mind|p1a: Latias
|-boost|p1a: Latias|spa|1
|-boost|p1a: Latias|spd|1
|
|-heal|p1a: Latias|85/100|[from] item: Leftovers
|upkeep
|turn|24
|
|t:|1779960268
|move|p1a: Latias|Stored Power|p2a: Heatran
|-resisted|p2a: Heatran
|-damage|p2a: Heatran|0 fnt
|faint|p2a: Heatran
|
|-heal|p1a: Latias|91/100|[from] item: Leftovers
|upkeep
|
|t:|1779960276
|switch|p2a: Basculegion|Basculegion, M|88/100
|-damage|p2a: Basculegion|76/100|[from] Stealth Rock
|turn|25
|
|t:|1779960279
|move|p1a: Latias|Stored Power|p2a: Basculegion
|-damage|p2a: Basculegion|0 fnt
|faint|p2a: Basculegion
|
|-heal|p1a: Latias|97/100|[from] item: Leftovers
|upkeep
|-message|lzw00 forfeited.
|
|win|billythekid95
|raw|billythekid95's rating: 1428 &rarr; <strong>1445</strong><br />(+17 for winning)
|raw|lzw00's rating: 1373 &rarr; <strong>1356</strong><br />(-17 for losing)
|l|☆lzw00
|player|p2|
|l|☆billythekid95
|player|p1|
