|j|☆sword over shield
|j|‽aaagislash
|t:|1779858706
|gametype|singles
|player|p1|sword over shield|101|1550
|player|p2|aaagislash|266|1644
|gen|9
|tier|[Gen 9] OU
|rated|
|rule|HP Percentage Mod: HP is shown in percentages
|rule|Endless Battle Clause: Forcing endless battles is banned
|rule|Species Clause: Limit one of each Pokémon
|rule|OHKO Clause: OHKO moves are banned
|rule|Evasion Items Clause: Evasion items are banned
|rule|Evasion Moves Clause: Evasion moves are banned
|rule|Evasion Abilities Clause: Evasion abilities are banned
|rule|Sleep Moves Clause: Sleep-inducing moves are banned
|clearpoke
|poke|p1|Garchomp, M|
|poke|p1|Darkrai|
|poke|p1|Gholdengo|
|poke|p1|Ogerpon-Wellspring, F|
|poke|p1|Iron Valiant|
|poke|p1|Iron Treads|
|poke|p2|Blaziken, M|
|poke|p2|Rotom-Wash|
|poke|p2|Slowking-Galar, M|
|poke|p2|Great Tusk|
|poke|p2|Weavile, F|
|poke|p2|Tinkaton, F|
|teampreview
|
|t:|1779858718
|teamsize|p1|6
|teamsize|p2|6
|start
|switch|p1a: Ogerpon|Ogerpon-Wellspring, F|100/100
|switch|p2a: Weavile|Weavile, F|100/100
|-ability|p2a: Weavile|Pressure
|turn|1
|
|t:|1779858735
|move|p2a: Weavile|Triple Axel|p1a: Ogerpon
|-damage|p1a: Ogerpon|84/100
|-hitcount|p1a: Ogerpon|1
|move|p1a: Ogerpon|Trailblaze|p2a: Weavile
|-damage|p2a: Weavile|53/100
|-boost|p1a: Ogerpon|spe|1
|
|upkeep
|turn|2
|
|t:|1779858744
|switch|p2a: Rotom|Rotom-Wash|100/100
|move|p1a: Ogerpon|Ivy Cudgel|p2a: Rotom|[anim] Ivy Cudgel Water
|-resisted|p2a: Rotom
|-damage|p2a: Rotom|75/100
|
|upkeep
|turn|3
|
|t:|1779858765
|switch|p1a: Darkrai|Darkrai|100/100
|move|p2a: Rotom|Thunder Wave|p1a: Darkrai
|-status|p1a: Darkrai|par
|
|upkeep
|turn|4
|
|t:|1779858772
|switch|p2a: Weavile|Weavile, F|53/100
|-ability|p2a: Weavile|Pressure
|cant|p1a: Darkrai|par
|
|upkeep
|turn|5
|
|t:|1779858783
|move|p2a: Weavile|Triple Axel|p1a: Darkrai
|-damage|p1a: Darkrai|81/100 par
|-damage|p1a: Darkrai|38/100 par
|-damage|p1a: Darkrai|0 fnt
|faint|p1a: Darkrai
|-hitcount|p1: Darkrai|3
|
|upkeep
|
|t:|1779858792
|switch|p1a: Iron Valiant|Iron Valiant|100/100
|-enditem|p1a: Iron Valiant|Booster Energy
|-activate|p1a: Iron Valiant|ability: Quark Drive|[fromitem]
|-start|p1a: Iron Valiant|quarkdrivespe
|turn|6
|
|t:|1779858796
|move|p1a: Iron Valiant|Moonblast|p2a: Weavile
|-supereffective|p2a: Weavile
|-damage|p2a: Weavile|0 fnt
|faint|p2a: Weavile
|
|upkeep
|
|t:|1779858799
|switch|p2a: Slowking|Slowking-Galar, M|100/100
|turn|7
|
|t:|1779858822
|-end|p1a: Iron Valiant|Quark Drive|[silent]
|switch|p1a: Iron Treads|Iron Treads|100/100
|move|p2a: Slowking|Flamethrower|p1a: Iron Treads
|-supereffective|p1a: Iron Treads
|-damage|p1a: Iron Treads|53/100
|
|-heal|p1a: Iron Treads|59/100|[from] item: Leftovers
|upkeep
|turn|8
|j| ccfcccgfgfgffgf
|
|t:|1779858871
|move|p1a: Iron Treads|Knock Off|p2a: Slowking
|-supereffective|p2a: Slowking
|-damage|p2a: Slowking|63/100
|-damage|p1a: Iron Treads|43/100|[from] item: Rocky Helmet|[of] p2a: Slowking
|-enditem|p2a: Slowking|Rocky Helmet|[from] move: Knock Off|[of] p1a: Iron Treads
|-prepare|p2a: Slowking|Chilly Reception|[premajor]
|move|p2a: Slowking|Chilly Reception|p2a: Slowking
|-weather|Snowscape
|
|t:|1779858874
|switch|p2a: Blaziken|Blaziken, M|100/100|[from] Chilly Reception
|
|-weather|Snowscape|[upkeep]
|-heal|p1a: Iron Treads|49/100|[from] item: Leftovers
|upkeep
|turn|9
|
|t:|1779858888
|move|p2a: Blaziken|Protect|p2a: Blaziken
|-singleturn|p2a: Blaziken|Protect
|move|p1a: Iron Treads|Earthquake|p2a: Blaziken
|-activate|p2a: Blaziken|move: Protect
|
|-weather|Snowscape|[upkeep]
|-heal|p1a: Iron Treads|55/100|[from] item: Leftovers
|-ability|p2a: Blaziken|Speed Boost|boost
|-boost|p2a: Blaziken|spe|1
|upkeep
|turn|10
|
|t:|1779858894
|move|p2a: Blaziken|Overheat|p1a: Iron Treads
|-supereffective|p1a: Iron Treads
|-damage|p1a: Iron Treads|0 fnt
|-unboost|p2a: Blaziken|spa|2
|faint|p1a: Iron Treads
|-end|p1a: Iron Treads|Quark Drive|[silent]
|
|-weather|Snowscape|[upkeep]
|-ability|p2a: Blaziken|Speed Boost|boost
|-boost|p2a: Blaziken|spe|1
|upkeep
|
|t:|1779858898
|switch|p1a: Garchomp|Garchomp, M|100/100
|turn|11
|
|t:|1779858902
|move|p2a: Blaziken|U-turn|p1a: Garchomp
|-damage|p1a: Garchomp|88/100
|-damage|p2a: Blaziken|88/100|[from] ability: Rough Skin|[of] p1a: Garchomp
|-damage|p2a: Blaziken|72/100|[from] item: Rocky Helmet|[of] p1a: Garchomp
|
|t:|1779858904
|switch|p2a: Tinkaton|Tinkaton, F|100/100|[from] U-turn
|-item|p2a: Tinkaton|Air Balloon
|move|p1a: Garchomp|Spikes|p2a: Tinkaton
|-sidestart|p2: aaagislash|Spikes
|
|-weather|Snowscape|[upkeep]
|upkeep
|turn|12
|
|t:|1779858923
|move|p2a: Tinkaton|Stealth Rock|p1a: Garchomp
|-sidestart|p1: sword over shield|move: Stealth Rock
|move|p1a: Garchomp|Spikes|p2a: Tinkaton
|-sidestart|p2: aaagislash|Spikes
|
|-weather|none
|upkeep
|turn|13
|
|t:|1779858927
|move|p2a: Tinkaton|Swords Dance|p2a: Tinkaton
|-boost|p2a: Tinkaton|atk|2
|move|p1a: Garchomp|Spikes|p2a: Tinkaton
|-sidestart|p2: aaagislash|Spikes
|
|upkeep
|turn|14
|
|t:|1779858933
|switch|p1a: Gholdengo|Gholdengo|100/100
|-damage|p1a: Gholdengo|94/100|[from] Stealth Rock
|-item|p1a: Gholdengo|Air Balloon
|move|p2a: Tinkaton|Play Rough|p1a: Gholdengo
|-resisted|p1a: Gholdengo
|-damage|p1a: Gholdengo|68/100
|-unboost|p1a: Gholdengo|atk|1
|-enditem|p1a: Gholdengo|Air Balloon
|
|upkeep
|turn|15
|
|t:|1779858990
|-terastallize|p2a: Tinkaton|Steel
|move|p2a: Tinkaton|Gigaton Hammer|p1a: Gholdengo
|-resisted|p1a: Gholdengo
|-damage|p1a: Gholdengo|11/100
|move|p1a: Gholdengo|Thunder Wave|p2a: Tinkaton
|-status|p2a: Tinkaton|par
|
|upkeep
|turn|16
|
|t:|1779859000
|switch|p2a: Blaziken|Blaziken, M|72/100
|move|p1a: Gholdengo|Hex|p2a: Blaziken
|-damage|p2a: Blaziken|26/100
|
|upkeep
|turn|17
|
|t:|1779859018
|switch|p1a: Garchomp|Garchomp, M|88/100
|-damage|p1a: Garchomp|82/100|[from] Stealth Rock
|move|p2a: Blaziken|Earthquake|p1a: Garchomp
|-damage|p1a: Garchomp|65/100
|
|-ability|p2a: Blaziken|Speed Boost|boost
|-boost|p2a: Blaziken|spe|1
|upkeep
|turn|18
|
|t:|1779859039
|switch|p2a: Rotom|Rotom-Wash|75/100
|move|p1a: Garchomp|Dragon Tail|p2a: Rotom
|-damage|p2a: Rotom|53/100
|-damage|p1a: Garchomp|48/100|[from] item: Rocky Helmet|[of] p2a: Rotom
|drag|p2a: Tinkaton|Tinkaton, F, tera:Steel|100/100 par
|-item|p2a: Tinkaton|Air Balloon
|
|upkeep
|turn|19
|
|t:|1779859056
|switch|p2a: Rotom|Rotom-Wash|53/100
|move|p1a: Garchomp|Dragon Tail|p2a: Rotom
|-damage|p2a: Rotom|29/100
|-damage|p1a: Garchomp|32/100|[from] item: Rocky Helmet|[of] p2a: Rotom
|drag|p2a: Great Tusk|Great Tusk|100/100
|-damage|p2a: Great Tusk|76/100|[from] Spikes
|
|upkeep
|turn|20
|l| ccfcccgfgfgffgf
|
|t:|1779859080
|-terastallize|p1a: Garchomp|Ghost
|move|p2a: Great Tusk|Rapid Spin|p1a: Garchomp
|-immune|p1a: Garchomp
|move|p1a: Garchomp|Earthquake|p2a: Great Tusk
|-damage|p2a: Great Tusk|47/100
|
|upkeep
|turn|21
|
|t:|1779859091
|move|p2a: Great Tusk|Headlong Rush|p1a: Garchomp
|-damage|p1a: Garchomp|0 fnt
|-unboost|p2a: Great Tusk|def|1
|-unboost|p2a: Great Tusk|spd|1
|-damage|p2a: Great Tusk|35/100|[from] ability: Rough Skin|[of] p1a: Garchomp
|-damage|p2a: Great Tusk|18/100|[from] item: Rocky Helmet|[of] p1a: Garchomp
|faint|p1a: Garchomp
|
|upkeep
|
|t:|1779859106
|switch|p1a: Ogerpon|Ogerpon-Wellspring, F|84/100
|-damage|p1a: Ogerpon|72/100|[from] Stealth Rock
|turn|22
|
|t:|1779859112
|move|p1a: Ogerpon|Trailblaze|p2a: Great Tusk
|-supereffective|p2a: Great Tusk
|-damage|p2a: Great Tusk|0 fnt
|-boost|p1a: Ogerpon|spe|1
|faint|p2a: Great Tusk
|-end|p2a: Great Tusk|Protosynthesis|[silent]
|
|upkeep
|
|t:|1779859116
|switch|p2a: Slowking|Slowking-Galar, M|97/100
|-damage|p2a: Slowking|72/100|[from] Spikes
|turn|23
|
|t:|1779859129
|move|p1a: Ogerpon|Ivy Cudgel|p2a: Slowking|[anim] Ivy Cudgel Water
|-damage|p2a: Slowking|31/100
|move|p2a: Slowking|Sludge Bomb|p1a: Ogerpon
|-supereffective|p1a: Ogerpon
|-damage|p1a: Ogerpon|0 fnt
|faint|p1a: Ogerpon
|
|upkeep
|
|t:|1779859138
|switch|p1a: Gholdengo|Gholdengo|11/100
|-damage|p1a: Gholdengo|5/100|[from] Stealth Rock
|turn|24
|
|t:|1779859143
|move|p1a: Gholdengo|Hex|p2a: Slowking
|-supereffective|p2a: Slowking
|-damage|p2a: Slowking|0 fnt
|faint|p2a: Slowking
|
|upkeep
|
|t:|1779859146
|switch|p2a: Blaziken|Blaziken, M|26/100
|turn|25
|
|t:|1779859151
|move|p2a: Blaziken|Earthquake|p1a: Gholdengo
|-supereffective|p1a: Gholdengo
|-damage|p1a: Gholdengo|0 fnt
|faint|p1a: Gholdengo
|
|-ability|p2a: Blaziken|Speed Boost|boost
|-boost|p2a: Blaziken|spe|1
|upkeep
|
|t:|1779859155
|switch|p1a: Iron Valiant|Iron Valiant|100/100
|-damage|p1a: Iron Valiant|94/100|[from] Stealth Rock
|turn|26
|
|t:|1779859158
|move|p2a: Blaziken|Protect|p2a: Blaziken
|-singleturn|p2a: Blaziken|Protect
|move|p1a: Iron Valiant|Moonblast|p2a: Blaziken
|-activate|p2a: Blaziken|move: Protect
|
|-ability|p2a: Blaziken|Speed Boost|boost
|-boost|p2a: Blaziken|spe|1
|upkeep
|turn|27
|
|t:|1779859167
|move|p2a: Blaziken|Overheat|p1a: Iron Valiant|[miss]
|-miss|p2a: Blaziken|p1a: Iron Valiant
|move|p1a: Iron Valiant|Moonblast|p2a: Blaziken
|-damage|p2a: Blaziken|0 fnt
|faint|p2a: Blaziken
|
|upkeep
|
|t:|1779859173
|switch|p2a: Tinkaton|Tinkaton, F, tera:Steel|100/100 par
|-item|p2a: Tinkaton|Air Balloon
|turn|28
|
|t:|1779859199
|move|p1a: Iron Valiant|Thunderbolt|p2a: Tinkaton
|-damage|p2a: Tinkaton|73/100 par
|-enditem|p2a: Tinkaton|Air Balloon
|move|p2a: Tinkaton|Gigaton Hammer|p1a: Iron Valiant
|-supereffective|p1a: Iron Valiant
|-damage|p1a: Iron Valiant|0 fnt
|faint|p1a: Iron Valiant
|-end|p1a: Iron Valiant|Quark Drive|[silent]
|
|win|aaagislash
|raw|sword over shield's rating: 1550 &rarr; <strong>1535</strong><br />(-15 for losing)
|raw|aaagislash's rating: 1644 &rarr; <strong>1659</strong><br />(+15 for winning)
|l|☆sword over shield
|player|p1|
