|j|☆RidingInThat6-0
|j|☆UltraBallzz
|t:|1779935847
|gametype|singles
|player|p1|RidingInThat6-0|galacticgrunt|1542
|player|p2|UltraBallzz|#splxbigs|1626
|gen|9
|tier|[Gen 9] OU
|rated|
|rule|HP Percentage Mod: HP is shown in percentages
|rule|Endless Battle Clause: Forcing endless battles is banned
|rule|Species Clause: Limit one of each Pokémon
|rule|OHKO Clause: OHKO moves are banned
|rule|Evasion Items Clause: Evasion items are banned
|rule|Evasion Moves Clause: Evasion moves are banned
|rule|Evasion Abilities Clause: Evasion abilities are banned
|rule|Sleep Moves Clause: Sleep-inducing moves are banned
|clearpoke
|poke|p1|Hoopa-Unbound|
|poke|p1|Cinderace, F|
|poke|p1|Ninetales-Alola, M|
|poke|p1|Kyurem|
|poke|p1|Great Tusk|
|poke|p1|Dragonite, F|
|poke|p2|Iron Treads|
|poke|p2|Moltres|
|poke|p2|Dragapult, M|
|poke|p2|Ogerpon-Wellspring, F|
|poke|p2|Slowking-Galar, F|
|poke|p2|Kingambit, M|
|teampreview
|
|t:|1779935871
|teamsize|p1|6
|teamsize|p2|6
|start
|switch|p1a: Kyurem|Kyurem|100/100
|switch|p2a: Ogerpon|Ogerpon-Wellspring, F|100/100
|-ability|p1a: Kyurem|Pressure
|turn|1
|
|t:|1779935906
|move|p2a: Ogerpon|U-turn|p1a: Kyurem
|-damage|p1a: Kyurem|77/100
|
|t:|1779935908
|switch|p2a: Slowking|Slowking-Galar, F|100/100|[from] U-turn
|move|p1a: Kyurem|Freeze-Dry|p2a: Slowking
|-damage|p2a: Slowking|80/100
|
|-heal|p1a: Kyurem|83/100|[from] item: Leftovers
|upkeep
|turn|2
|
|t:|1779935922
|switch|p1a: Cinderace|Cinderace, F|100/100
|move|p2a: Slowking|Sludge Bomb|p1a: Cinderace
|-damage|p1a: Cinderace|57/100
|-status|p1a: Cinderace|psn
|
|-damage|p1a: Cinderace|44/100 psn|[from] psn
|upkeep
|turn|3
|
|t:|1779935949
|switch|p2a: Moltres|Moltres|100/100
|move|p1a: Cinderace|U-turn|p2a: Moltres
|-resisted|p2a: Moltres
|-damage|p2a: Moltres|98/100
|
|t:|1779935961
|switch|p1a: Dragonite|Dragonite, F|100/100|[from] U-turn
|
|upkeep
|turn|4
|
|t:|1779936018
|move|p1a: Dragonite|Dragon Dance|p1a: Dragonite
|-boost|p1a: Dragonite|atk|1
|-boost|p1a: Dragonite|spe|1
|move|p2a: Moltres|Will-O-Wisp|p1a: Dragonite
|-status|p1a: Dragonite|brn
|-enditem|p1a: Dragonite|Lum Berry|[eat]
|-curestatus|p1a: Dragonite|brn|[msg]
|
|upkeep
|turn|5
|
|t:|1779936025
|move|p1a: Dragonite|Rock Slide|p2a: Moltres
|-supereffective|p2a: Moltres
|-damage|p2a: Moltres|0 fnt
|faint|p2a: Moltres
|
|upkeep
|inactive|Battle timer is ON: inactive players will automatically lose when time's up. (requested by UltraBallzz)
|
|t:|1779936030
|switch|p2a: Dragapult|Dragapult, M|100/100
|turn|6
|
|t:|1779936034
|switch|p1a: Ninetales|Ninetales-Alola, M|100/100
|-weather|Snowscape|[from] ability: Snow Warning|[of] p1a: Ninetales
|move|p2a: Dragapult|Will-O-Wisp|p1a: Ninetales|[miss]
|-miss|p2a: Dragapult|p1a: Ninetales
|
|-weather|Snowscape|[upkeep]
|upkeep
|turn|7
|
|t:|1779936038
|move|p1a: Ninetales|Blizzard|p2a: Dragapult
|-supereffective|p2a: Dragapult
|-damage|p2a: Dragapult|0 fnt
|faint|p2a: Dragapult
|
|-weather|Snowscape|[upkeep]
|upkeep
|
|t:|1779936041
|switch|p2a: Iron Treads|Iron Treads|100/100
|turn|8
|
|t:|1779936046
|move|p1a: Ninetales|Blizzard|p2a: Iron Treads
|-damage|p2a: Iron Treads|56/100
|move|p2a: Iron Treads|Stealth Rock|p1a: Ninetales
|-sidestart|p1: RidingInThat6-0|move: Stealth Rock
|
|-weather|Snowscape|[upkeep]
|-heal|p2a: Iron Treads|62/100|[from] item: Leftovers
|upkeep
|turn|9
|
|t:|1779936052
|switch|p1a: Great Tusk|Great Tusk|100/100
|-damage|p1a: Great Tusk|98/100|[from] Stealth Rock
|-end|p2a: Iron Treads|Quark Drive|[silent]
|switch|p2a: Slowking|Slowking-Galar, F|100/100
|
|-weather|Snowscape|[upkeep]
|upkeep
|turn|10
|
|t:|1779936056
|-end|p1a: Great Tusk|Protosynthesis|[silent]
|switch|p1a: Cinderace|Cinderace, F|44/100 psn
|switch|p2a: Ogerpon|Ogerpon-Wellspring, F|100/100
|
|-weather|none
|-damage|p1a: Cinderace|32/100 psn|[from] psn
|upkeep
|turn|11
|
|t:|1779936061
|move|p1a: Cinderace|Will-O-Wisp|p2a: Ogerpon
|-status|p2a: Ogerpon|brn
|move|p2a: Ogerpon|Ivy Cudgel|p1a: Cinderace|[anim] Ivy Cudgel Water
|-supereffective|p1a: Cinderace
|-crit|p1a: Cinderace
|-damage|p1a: Cinderace|0 fnt
|faint|p1a: Cinderace
|
|-damage|p2a: Ogerpon|95/100 brn|[from] brn
|upkeep
|
|t:|1779936067
|switch|p1a: Hoopa-Tiji|Hoopa-Unbound|100/100
|-damage|p1a: Hoopa-Tiji|88/100|[from] Stealth Rock
|turn|12
|
|t:|1779936071
|move|p2a: Ogerpon|U-turn|p1a: Hoopa-Tiji
|-supereffective|p1a: Hoopa-Tiji
|-enditem|p1a: Hoopa-Tiji|Tanga Berry|[eat]
|-enditem|p1a: Hoopa-Tiji|Tanga Berry|[weaken]
|-damage|p1a: Hoopa-Tiji|51/100
|
|t:|1779936075
|switch|p2a: Kingambit|Kingambit, M|100/100|[from] U-turn
|-activate|p2a: Kingambit|ability: Supreme Overlord
|-start|p2a: Kingambit|fallen2|[silent]
|move|p1a: Hoopa-Tiji|Trick Room|p1a: Hoopa-Tiji
|-fieldstart|move: Trick Room|[of] p1a: Hoopa-Tiji
|
|upkeep
|turn|13
|
|t:|1779936080
|move|p2a: Kingambit|Sucker Punch|p1a: Hoopa-Tiji
|-damage|p1a: Hoopa-Tiji|0 fnt
|faint|p1a: Hoopa-Tiji
|
|upkeep
|
|t:|1779936085
|switch|p1a: Great Tusk|Great Tusk|98/100
|-damage|p1a: Great Tusk|95/100|[from] Stealth Rock
|turn|14
|
|t:|1779936091
|-terastallize|p2a: Kingambit|Flying
|move|p2a: Kingambit|Swords Dance|p2a: Kingambit
|-boost|p2a: Kingambit|atk|2
|move|p1a: Great Tusk|Earthquake|p2a: Kingambit
|-immune|p2a: Kingambit
|
|upkeep
|turn|15
|
|t:|1779936096
|move|p2a: Kingambit|Iron Head|p1a: Great Tusk
|-damage|p1a: Great Tusk|45/100
|-damage|p2a: Kingambit|84/100|[from] item: Rocky Helmet|[of] p1a: Great Tusk
|move|p1a: Great Tusk|Rapid Spin|p2a: Kingambit
|-damage|p2a: Kingambit|72/100
|-boost|p1a: Great Tusk|spe|1
|-sideend|p1: RidingInThat6-0|Stealth Rock|[from] move: Rapid Spin|[of] p1a: Great Tusk
|
|-heal|p2a: Kingambit|78/100|[from] item: Leftovers
|upkeep
|turn|16
|
|t:|1779936109
|move|p2a: Kingambit|Iron Head|p1a: Great Tusk
|-damage|p1a: Great Tusk|0 fnt
|-damage|p2a: Kingambit|61/100|[from] item: Rocky Helmet|[of] p1a: Great Tusk
|faint|p1a: Great Tusk
|-end|p1a: Great Tusk|Protosynthesis|[silent]
|
|-heal|p2a: Kingambit|68/100|[from] item: Leftovers
|-fieldend|move: Trick Room
|upkeep
|
|t:|1779936114
|switch|p1a: Ninetales|Ninetales-Alola, M|100/100
|-weather|Snowscape|[from] ability: Snow Warning|[of] p1a: Ninetales
|turn|17
|
|t:|1779936126
|switch|p1a: Dragonite|Dragonite, F|100/100
|-end|p2a: Kingambit|fallen2|[silent]
|switch|p2a: Ogerpon|Ogerpon-Wellspring, F|95/100 brn
|
|-weather|Snowscape|[upkeep]
|-damage|p2a: Ogerpon|89/100 brn|[from] brn
|upkeep
|turn|18
|
|t:|1779936129
|move|p2a: Ogerpon|U-turn|p1a: Dragonite
|-resisted|p1a: Dragonite
|-crit|p1a: Dragonite
|-damage|p1a: Dragonite|95/100
|
|t:|1779936133
|switch|p2a: Slowking|Slowking-Galar, F|100/100|[from] U-turn
|move|p1a: Dragonite|Dragon Dance|p1a: Dragonite
|-boost|p1a: Dragonite|atk|1
|-boost|p1a: Dragonite|spe|1
|
|-weather|Snowscape|[upkeep]
|upkeep
|turn|19
|
|t:|1779936136
|move|p1a: Dragonite|Earthquake|p2a: Slowking
|-supereffective|p2a: Slowking
|-damage|p2a: Slowking|0 fnt
|faint|p2a: Slowking
|
|-weather|Snowscape|[upkeep]
|upkeep
|
|t:|1779936139
|switch|p2a: Kingambit|Kingambit, M, tera:Flying|68/100
|-activate|p2a: Kingambit|ability: Supreme Overlord
|-start|p2a: Kingambit|fallen3|[silent]
|turn|20
|
|t:|1779936142
|move|p1a: Dragonite|Rock Slide|p2a: Kingambit
|-supereffective|p2a: Kingambit
|-damage|p2a: Kingambit|0 fnt
|faint|p2a: Kingambit
|-end|p2a: Kingambit|fallen3|[silent]
|
|-weather|Snowscape|[upkeep]
|upkeep
|
|t:|1779936145
|switch|p2a: Iron Treads|Iron Treads|62/100
|turn|21
|
|t:|1779936146
|move|p1a: Dragonite|Earthquake|p2a: Iron Treads
|-supereffective|p2a: Iron Treads
|-damage|p2a: Iron Treads|0 fnt
|faint|p2a: Iron Treads
|-end|p2a: Iron Treads|Quark Drive|[silent]
|
|-weather|none
|upkeep
|-message|UltraBallzz forfeited.
|
|win|RidingInThat6-0
|raw|RidingInThat6-0's rating: 1542 &rarr; <strong>1566</strong><br />(+24 for winning)
|raw|UltraBallzz's rating: 1612 &rarr; <strong>1588</strong><br />(-24 for losing)
|l|☆UltraBallzz
|player|p2|
