|j|☆maddie_from_arcane
|j|☆choispecs ironmoth
|t:|1779950451
|gametype|singles
|player|p1|maddie_from_arcane|battlegirl-gen4|1592
|player|p2|choispecs ironmoth|lucas|1568
|gen|9
|tier|[Gen 9] OU
|rated|
|rule|HP Percentage Mod: HP is shown in percentages
|rule|Endless Battle Clause: Forcing endless battles is banned
|rule|Species Clause: Limit one of each Pokémon
|rule|OHKO Clause: OHKO moves are banned
|rule|Evasion Items Clause: Evasion items are banned
|rule|Evasion Moves Clause: Evasion moves are banned
|rule|Evasion Abilities Clause: Evasion abilities are banned
|rule|Sleep Moves Clause: Sleep-inducing moves are banned
|clearpoke
|poke|p1|Crawdaunt, M|
|poke|p1|Gliscor, F|
|poke|p1|Garganacl, F|
|poke|p1|Slither Wing|
|poke|p1|Darkrai|
|poke|p1|Iron Valiant|
|poke|p2|Kyurem|
|poke|p2|Cinderace, M|
|poke|p2|Kingambit, M|
|poke|p2|Landorus-Therian, M|
|poke|p2|Iron Valiant|
|poke|p2|Slowking-Galar, M|
|teampreview
|
|t:|1779950458
|teamsize|p1|6
|teamsize|p2|6
|start
|switch|p1a: setup sleeper|Garganacl, F|100/100
|switch|p2a: Slowking|Slowking-Galar, M|100/100
|turn|1
|
|t:|1779950462
|move|p1a: setup sleeper|Salt Cure|p2a: Slowking
|-damage|p2a: Slowking|87/100
|-start|p2a: Slowking|Salt Cure
|move|p2a: Slowking|Psychic Noise|p1a: setup sleeper
|-damage|p1a: setup sleeper|83/100
|-start|p1a: setup sleeper|move: Heal Block
|
|-damage|p2a: Slowking|74/100|[from] Salt Cure
|upkeep
|turn|2
|
|t:|1779950473
|move|p1a: setup sleeper|Earthquake|p2a: Slowking
|-supereffective|p2a: Slowking
|-damage|p2a: Slowking|26/100
|-prepare|p2a: Slowking|Chilly Reception|[premajor]
|move|p2a: Slowking|Chilly Reception|p2a: Slowking
|-weather|Snowscape
|
|t:|1779950476
|switch|p2a: Kyurem|Kyurem|100/100|[from] Chilly Reception
|-ability|p2a: Kyurem|Pressure
|
|-weather|Snowscape|[upkeep]
|-end|p1a: setup sleeper|move: Heal Block
|upkeep
|turn|3
|
|t:|1779950481
|move|p2a: Kyurem|Blizzard|p1a: setup sleeper
|-damage|p1a: setup sleeper|40/100
|move|p1a: setup sleeper|Recover|p1a: setup sleeper
|-heal|p1a: setup sleeper|90/100
|
|-weather|Snowscape|[upkeep]
|-heal|p1a: setup sleeper|96/100|[from] item: Leftovers
|upkeep
|turn|4
|
|t:|1779950484
|move|p2a: Kyurem|Earth Power|p1a: setup sleeper
|-supereffective|p1a: setup sleeper
|-damage|p1a: setup sleeper|55/100
|move|p1a: setup sleeper|Salt Cure|p2a: Kyurem
|-supereffective|p2a: Kyurem
|-damage|p2a: Kyurem|87/100
|-start|p2a: Kyurem|Salt Cure
|
|-weather|Snowscape|[upkeep]
|-heal|p1a: setup sleeper|61/100|[from] item: Leftovers
|-damage|p2a: Kyurem|74/100|[from] Salt Cure
|upkeep
|turn|5
|
|t:|1779950488
|move|p2a: Kyurem|Earth Power|p1a: setup sleeper
|-supereffective|p1a: setup sleeper
|-damage|p1a: setup sleeper|14/100
|move|p1a: setup sleeper|Recover|p1a: setup sleeper
|-heal|p1a: setup sleeper|64/100
|
|-weather|Snowscape|[upkeep]
|-heal|p1a: setup sleeper|71/100|[from] item: Leftovers
|-damage|p2a: Kyurem|62/100|[from] Salt Cure
|upkeep
|turn|6
|
|t:|1779950502
|switch|p2a: Landorus|Landorus-Therian, M|100/100
|-ability|p2a: Landorus|Intimidate|boost
|-unboost|p1a: setup sleeper|atk|1
|move|p1a: setup sleeper|Salt Cure|p2a: Landorus
|-damage|p2a: Landorus|92/100
|-start|p2a: Landorus|Salt Cure
|
|-weather|none
|-heal|p1a: setup sleeper|77/100|[from] item: Leftovers
|-damage|p2a: Landorus|80/100|[from] Salt Cure
|upkeep
|turn|7
|
|t:|1779950506
|switch|p1a: knocked by james|Gliscor, F|100/100
|move|p2a: Landorus|Earthquake|p1a: knocked by james
|-immune|p1a: knocked by james
|
|-damage|p2a: Landorus|67/100|[from] Salt Cure
|-status|p1a: knocked by james|tox|[from] item: Toxic Orb
|upkeep
|turn|8
|
|t:|1779950510
|move|p2a: Landorus|Taunt|p1a: knocked by james
|-start|p1a: knocked by james|move: Taunt
|cant|p1a: knocked by james|move: Taunt|Stealth Rock
|
|-damage|p2a: Landorus|55/100|[from] Salt Cure
|upkeep
|turn|9
|
|t:|1779950512
|move|p2a: Landorus|U-turn|p1a: knocked by james
|-resisted|p1a: knocked by james
|-damage|p1a: knocked by james|93/100 tox
|
|t:|1779950516
|switch|p2a: Iron Valiant|Iron Valiant|100/100|[from] U-turn
|-enditem|p2a: Iron Valiant|Booster Energy
|-activate|p2a: Iron Valiant|ability: Quark Drive|[fromitem]
|-start|p2a: Iron Valiant|quarkdrivespe
|move|p1a: knocked by james|U-turn|p2a: Iron Valiant
|-resisted|p2a: Iron Valiant
|-damage|p2a: Iron Valiant|95/100
|inactive|Battle timer is ON: inactive players will automatically lose when time's up. (requested by choispecs ironmoth)
|
|t:|1779950558
|switch|p1a: krampus|Darkrai|100/100|[from] U-turn
|
|upkeep
|turn|10
|
|t:|1779950562
|-terastallize|p1a: krampus|Poison
|move|p2a: Iron Valiant|Moonblast|p1a: krampus
|-resisted|p1a: krampus
|-damage|p1a: krampus|67/100
|-unboost|p1a: krampus|spa|1
|move|p1a: krampus|Sludge Bomb|p2a: Iron Valiant
|-supereffective|p2a: Iron Valiant
|-damage|p2a: Iron Valiant|0 fnt
|faint|p2a: Iron Valiant
|-end|p2a: Iron Valiant|Quark Drive|[silent]
|
|upkeep
|
|t:|1779950575
|switch|p2a: Cinderace|Cinderace, M|100/100
|turn|11
|
|t:|1779950579
|switch|p1a: knocked by james|Gliscor, F|93/100 tox
|move|p2a: Cinderace|Pyro Ball|p1a: knocked by james
|-damage|p1a: knocked by james|51/100 tox
|
|-heal|p1a: knocked by james|63/100 tox|[from] ability: Poison Heal
|upkeep
|turn|12
|
|t:|1779950585
|move|p2a: Cinderace|U-turn|p1a: knocked by james
|-start|p2a: Cinderace|typechange|Bug|[from] ability: Libero
|-resisted|p1a: knocked by james
|-damage|p1a: knocked by james|50/100 tox
|
|t:|1779950588
|switch|p2a: Kyurem|Kyurem|62/100|[from] U-turn
|-ability|p2a: Kyurem|Pressure
|move|p1a: knocked by james|U-turn|p2a: Kyurem
|-damage|p2a: Kyurem|51/100
|
|t:|1779950594
|switch|p1a: forever a png|Iron Valiant|100/100|[from] U-turn
|
|upkeep
|turn|13
|
|t:|1779950598
|switch|p2a: Slowking|Slowking-Galar, M|59/100
|move|p1a: forever a png|Moonblast|p2a: Slowking
|-resisted|p2a: Slowking
|-damage|p2a: Slowking|48/100
|
|upkeep
|turn|14
|
|t:|1779950603
|move|p1a: forever a png|Knock Off|p2a: Slowking
|-supereffective|p2a: Slowking
|-damage|p2a: Slowking|0 fnt
|-enditem|p2a: Slowking|Heavy-Duty Boots|[from] move: Knock Off|[of] p1a: forever a png
|faint|p2a: Slowking
|
|upkeep
|
|t:|1779950608
|switch|p2a: Cinderace|Cinderace, M|100/100
|turn|15
|
|t:|1779950611
|-end|p1a: forever a png|Quark Drive|[silent]
|switch|p1a: knocked by james|Gliscor, F|50/100 tox
|move|p2a: Cinderace|Pyro Ball|p1a: knocked by james
|-damage|p1a: knocked by james|2/100 tox
|
|-heal|p1a: knocked by james|15/100 tox|[from] ability: Poison Heal
|upkeep
|turn|16
|
|t:|1779950617
|move|p1a: knocked by james|Protect|p1a: knocked by james
|-singleturn|p1a: knocked by james|Protect
|move|p2a: Cinderace|Pyro Ball|p1a: knocked by james
|-activate|p1a: knocked by james|move: Protect
|
|-heal|p1a: knocked by james|27/100 tox|[from] ability: Poison Heal
|upkeep
|turn|17
|
|t:|1779950621
|switch|p1a: setup sleeper|Garganacl, F|77/100
|move|p2a: Cinderace|Pyro Ball|p1a: setup sleeper|[miss]
|-miss|p2a: Cinderace|p1a: setup sleeper
|
|-heal|p1a: setup sleeper|83/100|[from] item: Leftovers
|upkeep
|turn|18
|
|t:|1779950627
|move|p2a: Cinderace|High Jump Kick|p1a: setup sleeper
|-start|p2a: Cinderace|typechange|Fighting|[from] ability: Libero
|-supereffective|p1a: setup sleeper
|-damage|p1a: setup sleeper|2/100
|move|p1a: setup sleeper|Curse|p1a: setup sleeper
|-unboost|p1a: setup sleeper|spe|1
|-boost|p1a: setup sleeper|atk|1
|-boost|p1a: setup sleeper|def|1
|
|-heal|p1a: setup sleeper|8/100|[from] item: Leftovers
|upkeep
|turn|19
|
|t:|1779950634
|move|p2a: Cinderace|U-turn|p1a: setup sleeper
|-damage|p1a: setup sleeper|0 fnt
|faint|p1a: setup sleeper
|
|t:|1779950641
|switch|p2a: Kingambit|Kingambit, M|100/100|[from] U-turn
|-activate|p2a: Kingambit|ability: Supreme Overlord
|-start|p2a: Kingambit|fallen2|[silent]
|
|upkeep
|
|t:|1779950648
|switch|p1a: PICKUPDAPHONE|Crawdaunt, M|100/100
|turn|20
|
|t:|1779950653
|move|p1a: PICKUPDAPHONE|Crabhammer|p2a: Kingambit
|-damage|p2a: Kingambit|3/100
|move|p2a: Kingambit|Low Kick|p1a: PICKUPDAPHONE
|-supereffective|p1a: PICKUPDAPHONE
|-damage|p1a: PICKUPDAPHONE|20/100
|
|-heal|p2a: Kingambit|9/100|[from] item: Leftovers
|upkeep
|turn|21
|
|t:|1779950660
|switch|p1a: moth mami|Slither Wing|100/100
|-end|p2a: Kingambit|fallen2|[silent]
|switch|p2a: Landorus|Landorus-Therian, M|55/100
|-ability|p2a: Landorus|Intimidate|boost
|-unboost|p1a: moth mami|atk|1
|
|upkeep
|turn|22
|
|t:|1779950664
|move|p2a: Landorus|Rock Tomb|p1a: moth mami
|-damage|p1a: moth mami|86/100
|-unboost|p1a: moth mami|spe|1
|move|p1a: moth mami|Will-O-Wisp|p2a: Landorus|[miss]
|-miss|p1a: moth mami|p2a: Landorus
|
|upkeep
|turn|23
|
|t:|1779950670
|move|p2a: Landorus|Taunt|p1a: moth mami
|-start|p1a: moth mami|move: Taunt
|move|p1a: moth mami|U-turn|p2a: Landorus
|-resisted|p2a: Landorus
|-damage|p2a: Landorus|45/100
|-damage|p1a: moth mami|69/100|[from] item: Rocky Helmet|[of] p2a: Landorus
|
|t:|1779950673
|-end|p1a: moth mami|Protosynthesis|[silent]
|switch|p1a: PICKUPDAPHONE|Crawdaunt, M|20/100|[from] U-turn
|
|upkeep
|turn|24
|
|t:|1779950676
|move|p1a: PICKUPDAPHONE|Aqua Jet|p2a: Landorus
|-supereffective|p2a: Landorus
|-damage|p2a: Landorus|0 fnt
|-damage|p1a: PICKUPDAPHONE|3/100|[from] item: Rocky Helmet|[of] p2a: Landorus
|faint|p2a: Landorus
|
|upkeep
|
|t:|1779950681
|switch|p2a: Kyurem|Kyurem|51/100
|-ability|p2a: Kyurem|Pressure
|turn|25
|
|t:|1779950685
|move|p1a: PICKUPDAPHONE|Aqua Jet|p2a: Kyurem
|-resisted|p2a: Kyurem
|-damage|p2a: Kyurem|35/100
|move|p2a: Kyurem|Blizzard|p1a: PICKUPDAPHONE|[miss]
|-miss|p2a: Kyurem|p1a: PICKUPDAPHONE
|
|upkeep
|turn|26
|
|t:|1779950689
|move|p1a: PICKUPDAPHONE|Aqua Jet|p2a: Kyurem
|-resisted|p2a: Kyurem
|-damage|p2a: Kyurem|19/100
|move|p2a: Kyurem|Freeze-Dry|p1a: PICKUPDAPHONE
|-supereffective|p1a: PICKUPDAPHONE
|-damage|p1a: PICKUPDAPHONE|0 fnt
|faint|p1a: PICKUPDAPHONE
|
|upkeep
|
|t:|1779950709
|switch|p1a: krampus|Darkrai, tera:Poison|67/100
|turn|27
|
|t:|1779950711
|move|p1a: krampus|Dark Pulse|p2a: Kyurem
|-damage|p2a: Kyurem|0 fnt
|faint|p2a: Kyurem
|
|upkeep
|
|t:|1779950715
|switch|p2a: Cinderace|Cinderace, M|100/100
|turn|28
|
|t:|1779950720
|move|p1a: krampus|Sludge Bomb|p2a: Cinderace
|-damage|p2a: Cinderace|36/100
|move|p2a: Cinderace|Pyro Ball|p1a: krampus
|-damage|p1a: krampus|0 fnt
|faint|p1a: krampus
|
|upkeep
|
|t:|1779950730
|switch|p1a: moth mami|Slither Wing|69/100
|turn|29
|
|t:|1779950732
|move|p1a: moth mami|First Impression|p2a: Cinderace
|-resisted|p2a: Cinderace
|-damage|p2a: Cinderace|9/100
|move|p2a: Cinderace|Pyro Ball|p1a: moth mami
|-supereffective|p1a: moth mami
|-damage|p1a: moth mami|0 fnt
|faint|p1a: moth mami
|-end|p1a: moth mami|Protosynthesis|[silent]
|
|upkeep
|
|t:|1779950736
|switch|p1a: forever a png|Iron Valiant|100/100
|turn|30
|
|t:|1779950745
|move|p2a: Cinderace|Pyro Ball|p1a: forever a png|[miss]
|-miss|p2a: Cinderace|p1a: forever a png
|move|p1a: forever a png|Knock Off|p2a: Cinderace
|-damage|p2a: Cinderace|0 fnt
|-enditem|p2a: Cinderace|Heavy-Duty Boots|[from] move: Knock Off|[of] p1a: forever a png
|faint|p2a: Cinderace
|
|upkeep
|-message|choispecs ironmoth forfeited.
|
|win|maddie_from_arcane
|raw|maddie_from_arcane's rating: 1592 &rarr; <strong>1611</strong><br />(+19 for winning)
|raw|choispecs ironmoth's rating: 1568 &rarr; <strong>1549</strong><br />(-19 for losing)
|l|☆choispecs ironmoth
|player|p2|
|l|☆maddie_from_arcane
|player|p1|
