|j|☆ilovevoltturn
|j|☆Jinx Havoc
|t:|1779888455
|gametype|singles
|player|p1|ilovevoltturn|170|1228
|player|p2|Jinx Havoc|rocketgruntf|1208
|gen|9
|tier|[Gen 9] OU
|rated|
|rule|HP Percentage Mod: HP is shown in percentages
|rule|Endless Battle Clause: Forcing endless battles is banned
|rule|Species Clause: Limit one of each Pokémon
|rule|OHKO Clause: OHKO moves are banned
|rule|Evasion Items Clause: Evasion items are banned
|rule|Evasion Moves Clause: Evasion moves are banned
|rule|Evasion Abilities Clause: Evasion abilities are banned
|rule|Sleep Moves Clause: Sleep-inducing moves are banned
|clearpoke
|poke|p1|Pelipper, F|
|poke|p1|Crawdaunt, M|
|poke|p1|Deoxys-Speed|
|poke|p1|Alomomola, M|
|poke|p1|Iron Treads|
|poke|p1|Zapdos|
|poke|p2|Darkrai|
|poke|p2|Gardevoir, F|
|poke|p2|Lucario, F|
|poke|p2|Iron Treads|
|poke|p2|Weezing, F|
|poke|p2|Scream Tail|
|teampreview
|inactive|Battle timer is ON: inactive players will automatically lose when time's up. (requested by ilovevoltturn)
|
|t:|1779888461
|teamsize|p1|6
|teamsize|p2|6
|start
|switch|p1a: Pelipper|Pelipper, F|100/100
|switch|p2a: Iron Treads|Iron Treads|100/100
|-weather|RainDance|[from] ability: Drizzle|[of] p1a: Pelipper
|turn|1
|
|t:|1779888465
|move|p2a: Iron Treads|Volt Switch|p1a: Pelipper
|-supereffective|p1a: Pelipper
|-damage|p1a: Pelipper|42/100
|
|t:|1779888469
|-end|p2a: Iron Treads|Quark Drive|[silent]
|switch|p2a: Scream Tail|Scream Tail|100/100|[from] Volt Switch
|move|p1a: Pelipper|Weather Ball|p2a: Scream Tail
|-damage|p2a: Scream Tail|64/100
|
|-weather|RainDance|[upkeep]
|-heal|p2a: Scream Tail|71/100|[from] item: Leftovers
|upkeep
|turn|2
|
|t:|1779888476
|move|p2a: Scream Tail|Perish Song|p2a: Scream Tail
|-start|p1a: Pelipper|perish3|[silent]
|-start|p2a: Scream Tail|perish3|[silent]
|-fieldactivate|move: Perish Song
|move|p1a: Pelipper|U-turn|p2a: Scream Tail
|-damage|p2a: Scream Tail|65/100
|
|t:|1779888481
|switch|p1a: Crawdaunt|Crawdaunt, M|100/100|[from] U-turn
|
|-weather|RainDance|[upkeep]
|-heal|p2a: Scream Tail|72/100|[from] item: Leftovers
|-start|p2a: Scream Tail|perish3
|upkeep
|turn|3
|
|t:|1779888484
|-terastallize|p1a: Crawdaunt|Water
|move|p2a: Scream Tail|Protect|p2a: Scream Tail
|-singleturn|p2a: Scream Tail|Protect
|move|p1a: Crawdaunt|Crabhammer|p2a: Scream Tail
|-activate|p2a: Scream Tail|move: Protect
|
|-weather|RainDance|[upkeep]
|-heal|p2a: Scream Tail|78/100|[from] item: Leftovers
|-start|p2a: Scream Tail|perish2
|upkeep
|turn|4
|
|t:|1779888491
|-end|p2a: Scream Tail|Protosynthesis|[silent]
|switch|p2a: Iron Treads|Iron Treads|100/100
|move|p1a: Crawdaunt|Crabhammer|p2a: Iron Treads
|-supereffective|p2a: Iron Treads
|-damage|p2a: Iron Treads|0 fnt
|faint|p2a: Iron Treads
|-end|p2a: Iron Treads|Quark Drive|[silent]
|
|-weather|RainDance|[upkeep]
|upkeep
|
|t:|1779888513
|switch|p2a: Weezing|Weezing, F|100/100
|turn|5
|
|t:|1779888515
|move|p1a: Crawdaunt|Crabhammer|p2a: Weezing|[miss]
|-miss|p1a: Crawdaunt|p2a: Weezing
|move|p2a: Weezing|Will-O-Wisp|p1a: Crawdaunt
|-status|p1a: Crawdaunt|brn
|
|-weather|none
|-damage|p1a: Crawdaunt|95/100 brn|[from] brn
|upkeep
|turn|6
|
|t:|1779888520
|switch|p1a: Pelipper|Pelipper, F|42/100
|-weather|RainDance|[from] ability: Drizzle|[of] p1a: Pelipper
|move|p2a: Weezing|Sludge Bomb|p1a: Pelipper
|-damage|p1a: Pelipper|1/100
|-status|p1a: Pelipper|psn
|
|-weather|RainDance|[upkeep]
|-damage|p1a: Pelipper|0 fnt|[from] psn
|faint|p1a: Pelipper
|upkeep
|
|t:|1779888529
|switch|p1a: Crawdaunt|Crawdaunt, M, tera:Water|95/100 brn
|turn|7
|
|t:|1779888532
|move|p1a: Crawdaunt|Crabhammer|p2a: Weezing
|-damage|p2a: Weezing|48/100
|move|p2a: Weezing|Pain Split|p1a: Crawdaunt
|-sethp|p1a: Crawdaunt|76/100 brn|[from] move: Pain Split|[silent]
|-sethp|p2a: Weezing|64/100|[from] move: Pain Split
|
|-weather|RainDance|[upkeep]
|-heal|p2a: Weezing|70/100|[from] item: Black Sludge
|-damage|p1a: Crawdaunt|70/100 brn|[from] brn
|upkeep
|turn|8
|
|t:|1779888537
|move|p1a: Crawdaunt|Crabhammer|p2a: Weezing
|-damage|p2a: Weezing|16/100
|move|p2a: Weezing|Sludge Bomb|p1a: Crawdaunt
|-damage|p1a: Crawdaunt|14/100 brn
|
|-weather|RainDance|[upkeep]
|-heal|p2a: Weezing|22/100|[from] item: Black Sludge
|-damage|p1a: Crawdaunt|8/100 brn|[from] brn
|upkeep
|turn|9
|
|t:|1779888540
|move|p1a: Crawdaunt|Crabhammer|p2a: Weezing
|-damage|p2a: Weezing|0 fnt
|faint|p2a: Weezing
|
|-weather|RainDance|[upkeep]
|-damage|p1a: Crawdaunt|2/100 brn|[from] brn
|upkeep
|
|t:|1779888543
|switch|p2a: Lucario|Lucario, F|100/100
|turn|10
|
|t:|1779888544
|move|p2a: Lucario|Extreme Speed|p1a: Crawdaunt
|-damage|p1a: Crawdaunt|0 fnt
|faint|p1a: Crawdaunt
|-damage|p2a: Lucario|91/100|[from] item: Life Orb
|
|-weather|none
|upkeep
|
|t:|1779888549
|switch|p1a: Alomomola|Alomomola, M|100/100
|turn|11
|
|t:|1779888552
|move|p2a: Lucario|Trailblaze|p1a: Alomomola
|-supereffective|p1a: Alomomola
|-damage|p1a: Alomomola|77/100
|-boost|p2a: Lucario|spe|1
|-damage|p2a: Lucario|81/100|[from] item: Life Orb
|move|p1a: Alomomola|Scald|p2a: Lucario
|-damage|p2a: Lucario|58/100
|
|upkeep
|turn|12
|
|t:|1779888562
|move|p2a: Lucario|Close Combat|p1a: Alomomola
|-damage|p1a: Alomomola|38/100
|-unboost|p2a: Lucario|def|1
|-unboost|p2a: Lucario|spd|1
|-damage|p2a: Lucario|48/100|[from] item: Life Orb
|move|p1a: Alomomola|Wish|p1a: Alomomola
|
|upkeep
|turn|13
|
|t:|1779888567
|switch|p2a: Darkrai|Darkrai|100/100
|move|p1a: Alomomola|Protect||[still]
|-fail|p1a: Alomomola
|
|-heal|p1a: Alomomola|88/100|[from] move: Wish|[wisher] Alomomola
|upkeep
|turn|14
|
|t:|1779888570
|-terastallize|p2a: Darkrai|Dark
|move|p2a: Darkrai|Dark Pulse|p1a: Alomomola
|-damage|p1a: Alomomola|0 fnt
|faint|p1a: Alomomola
|
|upkeep
|
|t:|1779888577
|switch|p1a: Iron Treads|Iron Treads|100/100
|turn|15
|
|t:|1779888580
|move|p2a: Darkrai|Dark Pulse|p1a: Iron Treads
|-damage|p1a: Iron Treads|52/100
|move|p1a: Iron Treads|Rapid Spin|p2a: Darkrai
|-damage|p2a: Darkrai|82/100
|-boost|p1a: Iron Treads|spe|1
|
|upkeep
|turn|16
|
|t:|1779888590
|switch|p2a: Lucario|Lucario, F|48/100
|move|p1a: Iron Treads|Earthquake|p2a: Lucario
|-supereffective|p2a: Lucario
|-damage|p2a: Lucario|0 fnt
|faint|p2a: Lucario
|
|upkeep
|
|t:|1779888592
|switch|p2a: Scream Tail|Scream Tail|78/100
|turn|17
|
|t:|1779888595
|move|p2a: Scream Tail|Protect|p2a: Scream Tail
|-singleturn|p2a: Scream Tail|Protect
|move|p1a: Iron Treads|Iron Head|p2a: Scream Tail
|-activate|p2a: Scream Tail|move: Protect
|
|-heal|p2a: Scream Tail|84/100|[from] item: Leftovers
|upkeep
|turn|18
|
|t:|1779888598
|move|p1a: Iron Treads|Iron Head|p2a: Scream Tail
|-supereffective|p2a: Scream Tail
|-damage|p2a: Scream Tail|48/100
|move|p2a: Scream Tail|Wish|p2a: Scream Tail
|
|-heal|p2a: Scream Tail|54/100|[from] item: Leftovers
|upkeep
|turn|19
|
|t:|1779888606
|move|p1a: Iron Treads|Iron Head|p2a: Scream Tail
|-supereffective|p2a: Scream Tail
|-damage|p2a: Scream Tail|19/100
|move|p2a: Scream Tail|Perish Song|p2a: Scream Tail
|-start|p1a: Iron Treads|perish3|[silent]
|-start|p2a: Scream Tail|perish3|[silent]
|-fieldactivate|move: Perish Song
|
|-heal|p2a: Scream Tail|69/100|[from] move: Wish|[wisher] Scream Tail
|-heal|p2a: Scream Tail|76/100|[from] item: Leftovers
|-start|p1a: Iron Treads|perish3
|-start|p2a: Scream Tail|perish3
|upkeep
|turn|20
|
|t:|1779888611
|move|p2a: Scream Tail|Protect|p2a: Scream Tail
|-singleturn|p2a: Scream Tail|Protect
|move|p1a: Iron Treads|Iron Head|p2a: Scream Tail
|-activate|p2a: Scream Tail|move: Protect
|
|-heal|p2a: Scream Tail|82/100|[from] item: Leftovers
|-start|p1a: Iron Treads|perish2
|-start|p2a: Scream Tail|perish2
|upkeep
|turn|21
|
|t:|1779888613
|move|p1a: Iron Treads|Iron Head|p2a: Scream Tail
|-supereffective|p2a: Scream Tail
|-damage|p2a: Scream Tail|44/100
|move|p2a: Scream Tail|Wish|p2a: Scream Tail
|
|-heal|p2a: Scream Tail|50/100|[from] item: Leftovers
|-start|p1a: Iron Treads|perish1
|-start|p2a: Scream Tail|perish1
|upkeep
|turn|22
|
|t:|1779888619
|-end|p1a: Iron Treads|Quark Drive|[silent]
|switch|p1a: Zapdos|Zapdos|100/100
|-end|p2a: Scream Tail|Protosynthesis|[silent]
|switch|p2a: Darkrai|Darkrai, tera:Dark|82/100
|
|-heal|p2a: Darkrai|100/100|[from] move: Wish|[wisher] Scream Tail
|upkeep
|turn|23
|
|t:|1779888631
|move|p2a: Darkrai|Dark Pulse|p1a: Zapdos
|-crit|p1a: Zapdos
|-damage|p1a: Zapdos|0 fnt
|faint|p1a: Zapdos
|
|upkeep
|
|t:|1779888634
|switch|p1a: Deoxys|Deoxys-Speed|100/100
|-ability|p1a: Deoxys|Pressure
|turn|24
|
|t:|1779888637
|switch|p2a: Gardevoir|Gardevoir, F|100/100
|-ability|p2a: Gardevoir|Pressure|Trace|[from] ability: Trace|[of] p1a: Deoxys
|-ability|p2a: Gardevoir|Pressure
|move|p1a: Deoxys|Focus Blast|p2a: Gardevoir
|-resisted|p2a: Gardevoir
|-damage|p2a: Gardevoir|88/100
|-damage|p1a: Deoxys|91/100|[from] item: Life Orb
|
|upkeep
|turn|25
|
|t:|1779888641
|switch|p1a: Iron Treads|Iron Treads|52/100
|move|p2a: Gardevoir|Moonblast|p1a: Iron Treads
|-resisted|p1a: Iron Treads
|-damage|p1a: Iron Treads|39/100
|
|upkeep
|turn|26
|
|t:|1779888647
|switch|p2a: Scream Tail|Scream Tail|50/100
|move|p1a: Iron Treads|Iron Head|p2a: Scream Tail
|-supereffective|p2a: Scream Tail
|-damage|p2a: Scream Tail|17/100
|
|-heal|p2a: Scream Tail|23/100|[from] item: Leftovers
|upkeep
|turn|27
|
|t:|1779888665
|move|p2a: Scream Tail|Wish|p2a: Scream Tail
|move|p1a: Iron Treads|Iron Head|p2a: Scream Tail
|-supereffective|p2a: Scream Tail
|-damage|p2a: Scream Tail|0 fnt
|faint|p2a: Scream Tail
|-end|p2a: Scream Tail|Protosynthesis|[silent]
|
|upkeep
|
|t:|1779888669
|switch|p2a: Gardevoir|Gardevoir, F|88/100
|turn|28
|
|t:|1779888672
|move|p2a: Gardevoir|Mystical Fire|p1a: Iron Treads
|-supereffective|p1a: Iron Treads
|-damage|p1a: Iron Treads|14/100
|-unboost|p1a: Iron Treads|spa|1
|move|p1a: Iron Treads|Iron Head|p2a: Gardevoir
|-supereffective|p2a: Gardevoir
|-damage|p2a: Gardevoir|0 fnt
|faint|p2a: Gardevoir
|
|upkeep
|
|t:|1779888675
|switch|p2a: Darkrai|Darkrai, tera:Dark|100/100
|turn|29
|
|t:|1779888679
|move|p2a: Darkrai|Dark Pulse|p1a: Iron Treads
|-damage|p1a: Iron Treads|0 fnt
|faint|p1a: Iron Treads
|-end|p1a: Iron Treads|Quark Drive|[silent]
|
|upkeep
|
|t:|1779888681
|switch|p1a: Deoxys|Deoxys-Speed|91/100
|-ability|p1a: Deoxys|Pressure
|turn|30
|
|t:|1779888688
|move|p1a: Deoxys|Focus Blast|p2a: Darkrai|[miss]
|-miss|p1a: Deoxys|p2a: Darkrai
|move|p2a: Darkrai|Dark Pulse|p1a: Deoxys
|-supereffective|p1a: Deoxys
|-damage|p1a: Deoxys|0 fnt
|faint|p1a: Deoxys
|
|win|Jinx Havoc
|raw|ilovevoltturn's rating: 1228 &rarr; <strong>1202</strong><br />(-26 for losing)
|raw|Jinx Havoc's rating: 1208 &rarr; <strong>1234</strong><br />(+26 for winning)
|l|☆ilovevoltturn
|player|p1|
