|j|☆Aarons fish
|j|☆Animal Stylez
|t:|1779949560
|gametype|singles
|player|p1|Aarons fish|1|1450
|player|p2|Animal Stylez|leaf-masters|1424
|gen|9
|tier|[Gen 9] OU
|rated|
|rule|HP Percentage Mod: HP is shown in percentages
|rule|Endless Battle Clause: Forcing endless battles is banned
|rule|Species Clause: Limit one of each Pokémon
|rule|OHKO Clause: OHKO moves are banned
|rule|Evasion Items Clause: Evasion items are banned
|rule|Evasion Moves Clause: Evasion moves are banned
|rule|Evasion Abilities Clause: Evasion abilities are banned
|rule|Sleep Moves Clause: Sleep-inducing moves are banned
|clearpoke
|poke|p1|Landorus-Therian, M|
|poke|p1|Hatterene, F|
|poke|p1|Torkoal, F|
|poke|p1|Iron Moth|
|poke|p1|Slither Wing|
|poke|p1|Walking Wake|
|poke|p2|Magnezone|
|poke|p2|Hatterene, F|
|poke|p2|Ogerpon-Wellspring, F|
|poke|p2|Great Tusk|
|poke|p2|Dragonite, F|
|poke|p2|Gholdengo|
|teampreview
|inactive|Battle timer is ON: inactive players will automatically lose when time's up. (requested by Aarons fish)
|
|t:|1779949589
|teamsize|p1|6
|teamsize|p2|6
|start
|switch|p1a: Slither Wing|Slither Wing|100/100
|switch|p2a: Magnezone|Magnezone|100/100
|turn|1
|
|t:|1779949602
|switch|p2a: Great Tusk|Great Tusk|100/100
|move|p1a: Slither Wing|Temper Flare|p2a: Great Tusk
|-damage|p2a: Great Tusk|89/100
|
|-heal|p2a: Great Tusk|95/100|[from] item: Leftovers
|upkeep
|turn|2
|
|t:|1779949615
|-end|p2a: Great Tusk|Protosynthesis|[silent]
|switch|p2a: Magnezone|Magnezone|100/100
|-end|p1a: Slither Wing|Protosynthesis|[silent]
|switch|p1a: Hatterene|Hatterene, F|100/100
|
|upkeep
|turn|3
|
|t:|1779949620
|switch|p1a: Landorus|Landorus-Therian, M|100/100
|-ability|p1a: Landorus|Intimidate|boost
|-unboost|p2a: Magnezone|atk|1
|move|p2a: Magnezone|Flash Cannon|p1a: Landorus
|-damage|p1a: Landorus|9/100
|
|upkeep
|turn|4
|
|t:|1779949636
|switch|p2a: Great Tusk|Great Tusk|95/100
|move|p1a: Landorus|Stealth Rock|p2a: Great Tusk
|-sidestart|p2: Animal Stylez|move: Stealth Rock
|
|-heal|p2a: Great Tusk|100/100|[from] item: Leftovers
|upkeep
|turn|5
|
|t:|1779949647
|switch|p1a: Torkoal|Torkoal, F|100/100
|-weather|SunnyDay|[from] ability: Drought|[of] p1a: Torkoal
|-activate|p2a: Great Tusk|ability: Protosynthesis
|-start|p2a: Great Tusk|protosynthesisdef
|move|p2a: Great Tusk|Rapid Spin|p1a: Torkoal
|-damage|p1a: Torkoal|93/100
|-boost|p2a: Great Tusk|spe|1
|-sideend|p2: Animal Stylez|Stealth Rock|[from] move: Rapid Spin|[of] p2a: Great Tusk
|
|-weather|SunnyDay|[upkeep]
|upkeep
|turn|6
|
|t:|1779949661
|-end|p2a: Great Tusk|Protosynthesis|[silent]
|switch|p2a: Hatterene|Hatterene, F|100/100
|move|p1a: Torkoal|Lava Plume|p2a: Hatterene
|-damage|p2a: Hatterene|62/100
|
|-weather|SunnyDay|[upkeep]
|upkeep
|turn|7
|
|t:|1779949676
|switch|p1a: Landorus|Landorus-Therian, M|9/100
|-ability|p1a: Landorus|Intimidate|boost
|-unboost|p2a: Hatterene|atk|1
|move|p2a: Hatterene|Nuzzle|p1a: Landorus
|-immune|p1a: Landorus
|
|-weather|SunnyDay|[upkeep]
|upkeep
|turn|8
|
|t:|1779949682
|move|p1a: Landorus|U-turn|p2a: Hatterene
|-damage|p2a: Hatterene|45/100
|-damage|p1a: Landorus|0 fnt|[from] item: Rocky Helmet|[of] p2a: Hatterene
|faint|p1a: Landorus
|move|p2a: Hatterene|Draining Kiss|p1: Landorus|[notarget]
|-fail|p2a: Hatterene
|
|-weather|SunnyDay|[upkeep]
|upkeep
|
|t:|1779949685
|switch|p1a: Iron Moth|Iron Moth|100/100
|turn|9
|
|t:|1779949711
|move|p1a: Iron Moth|Fiery Dance|p2a: Hatterene
|-damage|p2a: Hatterene|0 fnt
|-boost|p1a: Iron Moth|spa|1
|faint|p2a: Hatterene
|
|-weather|SunnyDay|[upkeep]
|upkeep
|
|t:|1779949716
|switch|p2a: Ogerpon|Ogerpon-Wellspring, F|100/100
|turn|10
|
|t:|1779949724
|-terastallize|p1a: Iron Moth|Fire
|-terastallize|p2a: Ogerpon|Water
|detailschange|p2a: Ogerpon|Ogerpon-Wellspring-Tera, F, tera:Water
|-ability|p2a: Ogerpon|Embody Aspect (Wellspring)|boost
|-boost|p2a: Ogerpon|spd|1
|move|p2a: Ogerpon|Ivy Cudgel|p1a: Iron Moth|[anim] Ivy Cudgel Water
|-supereffective|p1a: Iron Moth
|-damage|p1a: Iron Moth|0 fnt
|faint|p1a: Iron Moth
|-end|p1a: Iron Moth|Quark Drive|[silent]
|
|-weather|SunnyDay|[upkeep]
|upkeep
|-message|Aarons fish forfeited.
|
|win|Animal Stylez
|raw|Aarons fish's rating: 1450 &rarr; <strong>1429</strong><br />(-21 for losing)
|raw|Animal Stylez's rating: 1424 &rarr; <strong>1445</strong><br />(+21 for winning)
|l|☆Aarons fish
|player|p1|
|l|☆Animal Stylez
|player|p2|
