|j|☆fa_e_ij_oe_a
|j|☆Cut my the
|t:|1779874721
|gametype|singles
|player|p1|fa_e_ij_oe_a|ethan|1085
|player|p2|Cut my the|lass-gen4dp|1107
|gen|9
|tier|[Gen 9] OU
|rated|
|rule|HP Percentage Mod: HP is shown in percentages
|rule|Endless Battle Clause: Forcing endless battles is banned
|rule|Species Clause: Limit one of each Pokémon
|rule|OHKO Clause: OHKO moves are banned
|rule|Evasion Items Clause: Evasion items are banned
|rule|Evasion Moves Clause: Evasion moves are banned
|rule|Evasion Abilities Clause: Evasion abilities are banned
|rule|Sleep Moves Clause: Sleep-inducing moves are banned
|clearpoke
|poke|p1|Meowscarada, F|
|poke|p1|Pecharunt|
|poke|p1|Enamorus, F|
|poke|p1|Iron Treads|
|poke|p1|Skarmory, F|
|poke|p1|Slowking, M|
|poke|p2|Araquanid, F|
|poke|p2|Honchkrow, M|
|poke|p2|Great Tusk|
|poke|p2|Dragonite, M|
|poke|p2|Glimmora, M|
|poke|p2|Gholdengo|
|teampreview
|inactive|Battle timer is ON: inactive players will automatically lose when time's up. (requested by Cut my the)
|
|t:|1779874744
|teamsize|p1|6
|teamsize|p2|6
|start
|switch|p1a: Meowscarada|Meowscarada, F|100/100
|switch|p2a: Quanidriana|Araquanid, F|100/100
|turn|1
|
|t:|1779874764
|move|p1a: Meowscarada|U-turn|p2a: Quanidriana
|-start|p1a: Meowscarada|typechange|Bug|[from] ability: Protean
|-damage|p2a: Quanidriana|47/100
|
|t:|1779874783
|switch|p1a: Skarmory|Skarmory, F|100/100|[from] U-turn
|move|p2a: Quanidriana|Sticky Web|p1a: Skarmory
|-sidestart|p1: fa_e_ij_oe_a|move: Sticky Web
|
|upkeep
|turn|2
|
|t:|1779874792
|move|p1a: Skarmory|Spikes|p2a: Quanidriana
|-sidestart|p2: Cut my the|Spikes
|move|p2a: Quanidriana|Surf|p1a: Skarmory
|-crit|p1a: Skarmory
|-ability|p1a: Skarmory|Sturdy
|-damage|p1a: Skarmory|1/100
|
|upkeep
|turn|3
|inactive|fa_e_ij_oe_a has 120 seconds left.
|
|t:|1779874818
|move|p1a: Skarmory|Roost|p1a: Skarmory
|-heal|p1a: Skarmory|51/100
|-singleturn|p1a: Skarmory|move: Roost
|move|p2a: Quanidriana|Surf|p1a: Skarmory
|-damage|p1a: Skarmory|0 fnt
|faint|p1a: Skarmory
|
|upkeep
|
|t:|1779874828
|switch|p1a: Meowscarada|Meowscarada, F|100/100
|-activate|p1a: Meowscarada|move: Sticky Web
|-unboost|p1a: Meowscarada|spe|1
|turn|4
|
|t:|1779874850
|move|p1a: Meowscarada|Knock Off|p2a: Quanidriana
|-start|p1a: Meowscarada|typechange|Dark|[from] ability: Protean
|-damage|p2a: Quanidriana|0 fnt
|-enditem|p2a: Quanidriana|Custap Berry|[from] move: Knock Off|[of] p1a: Meowscarada
|faint|p2a: Quanidriana
|
|upkeep
|
|t:|1779874855
|switch|p2a: Tony Soprankrow|Honchkrow, M|100/100
|turn|5
|
|t:|1779874865
|move|p1a: Meowscarada|Knock Off|p2a: Tony Soprankrow
|-resisted|p2a: Tony Soprankrow
|-damage|p2a: Tony Soprankrow|43/100
|-enditem|p2a: Tony Soprankrow|Life Orb|[from] move: Knock Off|[of] p1a: Meowscarada
|move|p2a: Tony Soprankrow|Heat Wave|p1a: Meowscarada
|-damage|p1a: Meowscarada|64/100
|-status|p1a: Meowscarada|brn
|
|-damage|p1a: Meowscarada|58/100 brn|[from] brn
|upkeep
|turn|6
|inactive|fa_e_ij_oe_a has 120 seconds left.
|
|t:|1779874875
|move|p1a: Meowscarada|Knock Off|p2a: Tony Soprankrow
|-resisted|p2a: Tony Soprankrow
|-damage|p2a: Tony Soprankrow|24/100
|move|p2a: Tony Soprankrow|Brave Bird|p1a: Meowscarada
|-damage|p1a: Meowscarada|0 fnt
|faint|p1a: Meowscarada
|-ability|p2a: Tony Soprankrow|Moxie|boost
|-boost|p2a: Tony Soprankrow|atk|1
|-damage|p2a: Tony Soprankrow|8/100|[from] Recoil
|
|upkeep
|inactive|fa_e_ij_oe_a has 120 seconds left.
|
|t:|1779874892
|switch|p1a: Iron Treads|Iron Treads|100/100
|-activate|p1a: Iron Treads|move: Sticky Web
|-unboost|p1a: Iron Treads|spe|1
|turn|7
|
|t:|1779874904
|move|p2a: Tony Soprankrow|Brave Bird|p1a: Iron Treads
|-resisted|p1a: Iron Treads
|-damage|p1a: Iron Treads|64/100
|-damage|p2a: Tony Soprankrow|0 fnt|[from] Recoil
|faint|p2a: Tony Soprankrow
|move|p1a: Iron Treads|Rapid Spin|p2: Tony Soprankrow|[notarget]
|-fail|p1a: Iron Treads
|
|-heal|p1a: Iron Treads|70/100|[from] item: Leftovers
|upkeep
|
|t:|1779874912
|switch|p2a: Hesh Rocksspin|Great Tusk|100/100
|-damage|p2a: Hesh Rocksspin|88/100|[from] Spikes
|-enditem|p2a: Hesh Rocksspin|Booster Energy
|-activate|p2a: Hesh Rocksspin|ability: Protosynthesis|[fromitem]
|-start|p2a: Hesh Rocksspin|protosynthesisatk
|turn|8
|inactive|fa_e_ij_oe_a has 120 seconds left.
|
|t:|1779874943
|-end|p1a: Iron Treads|Quark Drive|[silent]
|switch|p1a: Enamorus|Enamorus, F|100/100
|move|p2a: Hesh Rocksspin|Headlong Rush|p1a: Enamorus
|-immune|p1a: Enamorus
|
|upkeep
|turn|9
|
|t:|1779874955
|-terastallize|p2a: Hesh Rocksspin|Ground
|move|p1a: Enamorus|Moonblast|p2a: Hesh Rocksspin
|-damage|p2a: Hesh Rocksspin|10/100
|move|p2a: Hesh Rocksspin|Ice Spinner|p1a: Enamorus
|-supereffective|p1a: Enamorus
|-damage|p1a: Enamorus|0 fnt
|faint|p1a: Enamorus
|
|upkeep
|
|t:|1779874968
|switch|p1a: Slowking|Slowking, M|100/100
|-activate|p1a: Slowking|move: Sticky Web
|-unboost|p1a: Slowking|spe|1
|turn|10
|
|t:|1779874976
|move|p2a: Hesh Rocksspin|Headlong Rush|p1a: Slowking
|-damage|p1a: Slowking|0 fnt
|-unboost|p2a: Hesh Rocksspin|def|1
|-unboost|p2a: Hesh Rocksspin|spd|1
|faint|p1a: Slowking
|
|upkeep
|
|t:|1779874986
|switch|p1a: Pecharunt|Pecharunt|100/100
|-activate|p1a: Pecharunt|move: Sticky Web
|-unboost|p1a: Pecharunt|spe|1
|turn|11
|
|t:|1779874996
|move|p2a: Hesh Rocksspin|Headlong Rush|p1a: Pecharunt
|-supereffective|p1a: Pecharunt
|-damage|p1a: Pecharunt|6/100
|-unboost|p2a: Hesh Rocksspin|def|1
|-unboost|p2a: Hesh Rocksspin|spd|1
|-damage|p2a: Hesh Rocksspin|0 fnt|[from] item: Rocky Helmet|[of] p1a: Pecharunt
|faint|p2a: Hesh Rocksspin
|-end|p2a: Hesh Rocksspin|Protosynthesis|[silent]
|move|p1a: Pecharunt|Foul Play|p2: Hesh Rocksspin|[notarget]
|-fail|p1a: Pecharunt
|
|upkeep
|
|t:|1779875008
|switch|p2a: Gabbaghold|Gholdengo|100/100
|-item|p2a: Gabbaghold|Air Balloon
|turn|12
|
|t:|1779875016
|-terastallize|p1a: Pecharunt|Dark
|move|p2a: Gabbaghold|Shadow Ball|p1a: Pecharunt
|-resisted|p1a: Pecharunt
|-damage|p1a: Pecharunt|0 fnt
|faint|p1a: Pecharunt
|
|upkeep
|
|t:|1779875022
|switch|p1a: Iron Treads|Iron Treads|70/100
|-activate|p1a: Iron Treads|move: Sticky Web
|-unboost|p1a: Iron Treads|spe|1
|turn|13
|inactive|fa_e_ij_oe_a has 120 seconds left.
|
|t:|1779875028
|move|p2a: Gabbaghold|Shadow Ball|p1a: Iron Treads
|-damage|p1a: Iron Treads|34/100
|move|p1a: Iron Treads|Knock Off|p2a: Gabbaghold
|-supereffective|p2a: Gabbaghold
|-crit|p2a: Gabbaghold
|-damage|p2a: Gabbaghold|16/100
|-enditem|p2a: Gabbaghold|Air Balloon
|
|-heal|p1a: Iron Treads|40/100|[from] item: Leftovers
|upkeep
|turn|14
|inactive|fa_e_ij_oe_a has 120 seconds left.
|
|t:|1779875040
|move|p2a: Gabbaghold|Shadow Ball|p1a: Iron Treads
|-damage|p1a: Iron Treads|3/100
|move|p1a: Iron Treads|Earthquake|p2a: Gabbaghold
|-supereffective|p2a: Gabbaghold
|-damage|p2a: Gabbaghold|0 fnt
|faint|p2a: Gabbaghold
|
|-heal|p1a: Iron Treads|9/100|[from] item: Leftovers
|upkeep
|
|t:|1779875044
|switch|p2a: Uncle Junite|Dragonite, M|100/100
|turn|15
|
|t:|1779875052
|move|p2a: Uncle Junite|Fire Punch|p1a: Iron Treads
|-supereffective|p1a: Iron Treads
|-damage|p1a: Iron Treads|0 fnt
|faint|p1a: Iron Treads
|-end|p1a: Iron Treads|Quark Drive|[silent]
|
|win|Cut my the
|raw|fa_e_ij_oe_a's rating: 1085 &rarr; <strong>1064</strong><br />(-21 for losing)
|raw|Cut my the's rating: 1107 &rarr; <strong>1130</strong><br />(+23 for winning)
|c|☆fa_e_ij_oe_a|gg
|l|☆fa_e_ij_oe_a
|player|p1|
|l|☆Cut my the
|player|p2|
