|j|☆hat_fm
|j|☆106abd
|t:|1779931740
|gametype|singles
|player|p1|hat_fm|pilot|1415
|player|p2|106abd|hilbert-wonderlauncher|1449
|gen|9
|tier|[Gen 9] OU
|rated|
|rule|HP Percentage Mod: HP is shown in percentages
|rule|Endless Battle Clause: Forcing endless battles is banned
|rule|Species Clause: Limit one of each Pokémon
|rule|OHKO Clause: OHKO moves are banned
|rule|Evasion Items Clause: Evasion items are banned
|rule|Evasion Moves Clause: Evasion moves are banned
|rule|Evasion Abilities Clause: Evasion abilities are banned
|rule|Sleep Moves Clause: Sleep-inducing moves are banned
|clearpoke
|poke|p1|Zamazenta-*|
|poke|p1|Ceruledge, M|
|poke|p1|Scizor, F|
|poke|p1|Donphan, F|
|poke|p1|Lycanroc-Dusk, M|
|poke|p1|Florges, F|
|poke|p2|Whimsicott, M|
|poke|p2|Garganacl, M|
|poke|p2|Dragapult, M|
|poke|p2|Talonflame, M|
|poke|p2|Kingambit, M|
|poke|p2|Greninja-*, M|
|teampreview
|
|t:|1779931757
|teamsize|p1|6
|teamsize|p2|6
|start
|switch|p1a: Donphan|Donphan, F|100/100
|switch|p2a: Whimsicott|Whimsicott, M|100/100
|turn|1
|
|t:|1779931763
|move|p2a: Whimsicott|Giga Drain|p1a: Donphan
|-supereffective|p1a: Donphan
|-damage|p1a: Donphan|4/100
|move|p1a: Donphan|Stealth Rock|p2a: Whimsicott
|-sidestart|p2: 106abd|move: Stealth Rock
|
|upkeep
|turn|2
|
|t:|1779931769
|move|p2a: Whimsicott|Giga Drain|p1a: Donphan
|-supereffective|p1a: Donphan
|-damage|p1a: Donphan|0 fnt
|faint|p1a: Donphan
|
|upkeep
|
|t:|1779931773
|switch|p1a: Ceruledge|Ceruledge, M|100/100
|turn|3
|
|t:|1779931776
|switch|p2a: Garganacl|Garganacl, M|100/100
|-damage|p2a: Garganacl|88/100|[from] Stealth Rock
|move|p1a: Ceruledge|Bitter Blade|p2a: Garganacl
|-resisted|p2a: Garganacl
|-crit|p2a: Garganacl
|-damage|p2a: Garganacl|67/100
|
|-heal|p2a: Garganacl|73/100|[from] item: Leftovers
|upkeep
|turn|4
|
|t:|1779931802
|switch|p1a: Florges|Florges, F|100/100
|move|p2a: Garganacl|Protect||[still]
|-fail|p2a: Garganacl
|
|-heal|p2a: Garganacl|79/100|[from] item: Leftovers
|upkeep
|turn|5
|
|t:|1779931807
|move|p1a: Florges|Giga Drain|p2a: Garganacl
|-supereffective|p2a: Garganacl
|-damage|p2a: Garganacl|45/100
|move|p2a: Garganacl|Salt Cure|p1a: Florges
|-damage|p1a: Florges|82/100
|-start|p1a: Florges|Salt Cure
|
|-heal|p1a: Florges|88/100|[from] item: Leftovers
|-heal|p2a: Garganacl|51/100|[from] item: Leftovers
|-damage|p1a: Florges|76/100|[from] Salt Cure
|upkeep
|turn|6
|
|t:|1779931813
|move|p1a: Florges|Calm Mind|p1a: Florges
|-boost|p1a: Florges|spa|1
|-boost|p1a: Florges|spd|1
|move|p2a: Garganacl|Recover|p2a: Garganacl
|-heal|p2a: Garganacl|100/100
|
|-heal|p1a: Florges|82/100|[from] item: Leftovers
|-damage|p1a: Florges|69/100|[from] Salt Cure
|upkeep
|turn|7
|
|t:|1779931816
|move|p2a: Garganacl|Protect|p2a: Garganacl
|-singleturn|p2a: Garganacl|Protect
|move|p1a: Florges|Giga Drain|p2a: Garganacl
|-activate|p2a: Garganacl|move: Protect
|
|-heal|p1a: Florges|76/100|[from] item: Leftovers
|-damage|p1a: Florges|63/100|[from] Salt Cure
|upkeep
|turn|8
|
|t:|1779931821
|switch|p2a: Kingambit|Kingambit, M|100/100
|-damage|p2a: Kingambit|94/100|[from] Stealth Rock
|move|p1a: Florges|Giga Drain|p2a: Kingambit
|-resisted|p2a: Kingambit
|-damage|p2a: Kingambit|76/100
|-heal|p1a: Florges|74/100|[from] drain|[of] p2a: Kingambit
|
|-heal|p1a: Florges|80/100|[from] item: Leftovers
|-heal|p2a: Kingambit|83/100|[from] item: Leftovers
|-damage|p1a: Florges|67/100|[from] Salt Cure
|upkeep
|turn|9
|
|t:|1779931829
|switch|p1a: Zamazenta|Zamazenta|100/100
|-ability|p1a: Zamazenta|Dauntless Shield|boost
|-boost|p1a: Zamazenta|def|1
|move|p2a: Kingambit|Iron Head|p1a: Zamazenta
|-damage|p1a: Zamazenta|77/100
|
|-heal|p1a: Zamazenta|83/100|[from] item: Leftovers
|-heal|p2a: Kingambit|89/100|[from] item: Leftovers
|upkeep
|turn|10
|
|t:|1779931839
|-end|p2a: Kingambit|fallenundefined|[silent]
|switch|p2a: Talonflame|Talonflame, M|100/100
|move|p1a: Zamazenta|Crunch|p2a: Talonflame
|-damage|p2a: Talonflame|80/100
|
|-heal|p1a: Zamazenta|89/100|[from] item: Leftovers
|upkeep
|turn|11
|
|t:|1779931859
|switch|p1a: Lycanroc|Lycanroc-Dusk, M|100/100
|move|p2a: Talonflame|Defog|p1a: Lycanroc
|-unboost|p1a: Lycanroc|evasion|1
|-sideend|p2: 106abd|Stealth Rock|[from] move: Defog|[of] p2a: Talonflame
|
|upkeep
|turn|12
|
|t:|1779931875
|switch|p2a: Kingambit|Kingambit, M|89/100
|move|p1a: Lycanroc|Stone Edge|p2a: Kingambit
|-resisted|p2a: Kingambit
|-damage|p2a: Kingambit|60/100
|-damage|p1a: Lycanroc|91/100|[from] item: Life Orb
|
|-heal|p2a: Kingambit|67/100|[from] item: Leftovers
|upkeep
|turn|13
|
|t:|1779931880
|switch|p1a: Zamazenta|Zamazenta|89/100
|-end|p2a: Kingambit|fallenundefined|[silent]
|switch|p2a: Dragapult|Dragapult, M|100/100
|
|-heal|p1a: Zamazenta|95/100|[from] item: Leftovers
|upkeep
|turn|14
|
|t:|1779931887
|switch|p1a: Florges|Florges, F|67/100
|move|p2a: Dragapult|Thunder Wave|p1a: Florges
|-status|p1a: Florges|par
|
|-heal|p1a: Florges|73/100 par|[from] item: Leftovers
|upkeep
|turn|15
|
|t:|1779931892
|switch|p2a: Kingambit|Kingambit, M|67/100
|cant|p1a: Florges|par
|
|-heal|p2a: Kingambit|73/100|[from] item: Leftovers
|-heal|p1a: Florges|80/100 par|[from] item: Leftovers
|upkeep
|turn|16
|
|t:|1779931895
|switch|p1a: Zamazenta|Zamazenta|95/100
|move|p2a: Kingambit|Iron Head|p1a: Zamazenta
|-damage|p1a: Zamazenta|58/100
|
|-heal|p1a: Zamazenta|64/100|[from] item: Leftovers
|-heal|p2a: Kingambit|79/100|[from] item: Leftovers
|upkeep
|turn|17
|
|t:|1779931898
|move|p1a: Zamazenta|Crunch|p2a: Kingambit
|-resisted|p2a: Kingambit
|-damage|p2a: Kingambit|70/100
|-unboost|p2a: Kingambit|def|1
|move|p2a: Kingambit|Iron Head|p1a: Zamazenta
|-damage|p1a: Zamazenta|30/100
|
|-heal|p1a: Zamazenta|36/100|[from] item: Leftovers
|-heal|p2a: Kingambit|77/100|[from] item: Leftovers
|upkeep
|turn|18
|
|t:|1779931903
|move|p1a: Zamazenta|Body Press|p2a: Kingambit
|-supereffective|p2a: Kingambit
|-damage|p2a: Kingambit|0 fnt
|faint|p2a: Kingambit
|-end|p2a: Kingambit|fallenundefined|[silent]
|
|-heal|p1a: Zamazenta|42/100|[from] item: Leftovers
|upkeep
|
|t:|1779931906
|switch|p2a: Dragapult|Dragapult, M|100/100
|turn|19
|
|t:|1779931912
|switch|p1a: Florges|Florges, F|80/100 par
|move|p2a: Dragapult|U-turn|p1a: Florges
|-resisted|p1a: Florges
|-damage|p1a: Florges|62/100 par
|
|t:|1779931917
|switch|p2a: Greninja|Greninja, M, shiny|100/100|[from] U-turn
|
|-heal|p1a: Florges|68/100 par|[from] item: Leftovers
|upkeep
|turn|20
|
|t:|1779931928
|-terastallize|p1a: Florges|Grass
|move|p2a: Greninja|Sludge Wave|p1a: Florges
|-start|p2a: Greninja|typechange|Poison|[from] ability: Protean
|-supereffective|p1a: Florges
|-damage|p1a: Florges|0 fnt
|faint|p1a: Florges
|-damage|p2a: Greninja|91/100|[from] item: Life Orb
|
|upkeep
|
|t:|1779931934
|switch|p1a: Lycanroc|Lycanroc-Dusk, M|91/100
|turn|21
|
|t:|1779931941
|switch|p2a: Garganacl|Garganacl, M|100/100
|move|p1a: Lycanroc|Zen Headbutt|p2a: Garganacl|[miss]
|-miss|p1a: Lycanroc|p2a: Garganacl
|
|upkeep
|turn|22
|
|t:|1779931960
|switch|p2a: Dragapult|Dragapult, M|100/100
|move|p1a: Lycanroc|Swords Dance|p1a: Lycanroc
|-boost|p1a: Lycanroc|atk|2
|
|upkeep
|turn|23
|
|t:|1779931974
|move|p1a: Lycanroc|Accelerock|p2a: Dragapult
|-damage|p2a: Dragapult|0 fnt
|faint|p2a: Dragapult
|-damage|p1a: Lycanroc|81/100|[from] item: Life Orb
|
|upkeep
|
|t:|1779931978
|switch|p2a: Garganacl|Garganacl, M|100/100
|turn|24
|
|t:|1779931985
|-terastallize|p2a: Garganacl|Ghost
|move|p1a: Lycanroc|Stone Edge|p2a: Garganacl
|-crit|p2a: Garganacl
|-damage|p2a: Garganacl|0 fnt
|faint|p2a: Garganacl
|-damage|p1a: Lycanroc|71/100|[from] item: Life Orb
|
|upkeep
|-message|106abd forfeited.
|
|win|hat_fm
|raw|hat_fm's rating: 1415 &rarr; <strong>1437</strong><br />(+22 for winning)
|raw|106abd's rating: 1449 &rarr; <strong>1427</strong><br />(-22 for losing)
|l|☆106abd
|player|p2|
|l|☆hat_fm
|player|p1|
