|j|☆okavi
|j|☆Young $lug
|t:|1779953674
|gametype|singles
|player|p1|okavi|doubleteam|1104
|player|p2|Young $lug|riley|1129
|gen|9
|tier|[Gen 9] OU
|rated|
|rule|HP Percentage Mod: HP is shown in percentages
|rule|Endless Battle Clause: Forcing endless battles is banned
|rule|Species Clause: Limit one of each Pokémon
|rule|OHKO Clause: OHKO moves are banned
|rule|Evasion Items Clause: Evasion items are banned
|rule|Evasion Moves Clause: Evasion moves are banned
|rule|Evasion Abilities Clause: Evasion abilities are banned
|rule|Sleep Moves Clause: Sleep-inducing moves are banned
|clearpoke
|poke|p1|Mandibuzz, F|
|poke|p1|Goodra-Hisui, M|
|poke|p1|Registeel|
|poke|p1|Jumpluff, F|
|poke|p1|Vaporeon, M|
|poke|p1|Mudsdale, M|
|poke|p2|Manaphy|
|poke|p2|Veluza, F|
|poke|p2|Pelipper, F|
|poke|p2|Grimmsnarl, M|
|poke|p2|Walking Wake|
|poke|p2|Kingambit, F|
|teampreview
|
|t:|1779953682
|teamsize|p1|6
|teamsize|p2|6
|start
|switch|p1a: Jumpluff|Jumpluff, F, shiny|100/100
|switch|p2a: Grimmsnarl|Grimmsnarl, M|100/100
|turn|1
|c|☆Young $lug|Gl hf
|
|t:|1779953694
|move|p2a: Grimmsnarl|Light Screen|p2a: Grimmsnarl
|-sidestart|p2: Young $lug|move: Light Screen
|move|p1a: Jumpluff|Switcheroo|p2a: Grimmsnarl
|-activate|p1a: Jumpluff|move: Trick|[of] p2a: Grimmsnarl
|-item|p2a: Grimmsnarl|Toxic Orb|[from] move: Switcheroo
|-item|p1a: Jumpluff|Light Clay|[from] move: Switcheroo
|
|-status|p2a: Grimmsnarl|tox|[from] item: Toxic Orb
|upkeep
|turn|2
|
|t:|1779953707
|move|p2a: Grimmsnarl|Reflect|p2a: Grimmsnarl
|-sidestart|p2: Young $lug|Reflect
|move|p1a: Jumpluff|Encore|p2a: Grimmsnarl
|-start|p2a: Grimmsnarl|Encore
|
|-damage|p2a: Grimmsnarl|94/100 tox|[from] psn
|upkeep
|turn|3
|
|t:|1779953720
|switch|p2a: Pelipper|Pelipper, F|100/100
|-weather|RainDance|[from] ability: Drizzle|[of] p2a: Pelipper
|move|p1a: Jumpluff|Leech Seed|p2a: Pelipper|[miss]
|-miss|p1a: Jumpluff|p2a: Pelipper
|
|-weather|RainDance|[upkeep]
|upkeep
|turn|4
|
|t:|1779953731
|-terastallize|p1a: Jumpluff|Fairy
|move|p1a: Jumpluff|Leech Seed|p2a: Pelipper
|-start|p2a: Pelipper|move: Leech Seed
|move|p2a: Pelipper|Hurricane|p1a: Jumpluff
|-damage|p1a: Jumpluff|68/100
|
|-weather|RainDance|[upkeep]
|-damage|p2a: Pelipper|88/100|[from] Leech Seed|[of] p1a: Jumpluff
|-heal|p1a: Jumpluff|81/100|[silent]
|upkeep
|turn|5
|
|t:|1779953755
|switch|p2a: Manaphy|Manaphy|100/100
|move|p1a: Jumpluff|Switcheroo|p2a: Manaphy
|-activate|p1a: Jumpluff|move: Trick|[of] p2a: Manaphy
|-item|p2a: Manaphy|Light Clay|[from] move: Switcheroo
|-item|p1a: Jumpluff|Leftovers|[from] move: Switcheroo
|
|-weather|RainDance|[upkeep]
|-heal|p1a: Jumpluff|87/100|[from] item: Leftovers
|upkeep
|turn|6
|
|t:|1779953764
|move|p1a: Jumpluff|Leech Seed|p2a: Manaphy
|-start|p2a: Manaphy|move: Leech Seed
|move|p2a: Manaphy|Tail Glow|p2a: Manaphy
|-boost|p2a: Manaphy|spa|3
|
|-weather|RainDance|[upkeep]
|-heal|p1a: Jumpluff|93/100|[from] item: Leftovers
|-damage|p2a: Manaphy|88/100|[from] Leech Seed|[of] p1a: Jumpluff
|-heal|p1a: Jumpluff|100/100|[silent]
|-sideend|p2: Young $lug|Reflect
|upkeep
|turn|7
|
|t:|1779953774
|move|p1a: Jumpluff|Encore|p2a: Manaphy
|-start|p2a: Manaphy|Encore
|move|p2a: Manaphy|Tail Glow|p2a: Manaphy
|-boost|p2a: Manaphy|spa|3
|
|-weather|RainDance|[upkeep]
|-damage|p2a: Manaphy|76/100|[from] Leech Seed|[of] p1a: Jumpluff
|upkeep
|turn|8
|
|t:|1779953787
|move|p1a: Jumpluff|Substitute|p1a: Jumpluff
|-start|p1a: Jumpluff|Substitute
|-damage|p1a: Jumpluff|76/100
|move|p2a: Manaphy|Tail Glow|p2a: Manaphy
|-boost|p2a: Manaphy|spa|0
|
|-weather|RainDance|[upkeep]
|-heal|p1a: Jumpluff|82/100|[from] item: Leftovers
|-damage|p2a: Manaphy|63/100|[from] Leech Seed|[of] p1a: Jumpluff
|-heal|p1a: Jumpluff|97/100|[silent]
|-sideend|p2: Young $lug|move: Light Screen
|upkeep
|turn|9
|
|t:|1779953800
|move|p1a: Jumpluff|Substitute|p1a: Jumpluff
|-fail|p1a: Jumpluff|move: Substitute
|move|p2a: Manaphy|Tail Glow|p2a: Manaphy
|-boost|p2a: Manaphy|spa|0
|
|-weather|RainDance|[upkeep]
|-heal|p1a: Jumpluff|100/100|[from] item: Leftovers
|-damage|p2a: Manaphy|51/100|[from] Leech Seed|[of] p1a: Jumpluff
|-end|p2a: Manaphy|Encore
|upkeep
|turn|10
|
|t:|1779953811
|move|p1a: Jumpluff|Encore|p2a: Manaphy
|-start|p2a: Manaphy|Encore
|move|p2a: Manaphy|Tail Glow|p2a: Manaphy
|-boost|p2a: Manaphy|spa|0
|
|-weather|none
|-damage|p2a: Manaphy|39/100|[from] Leech Seed|[of] p1a: Jumpluff
|upkeep
|turn|11
|
|t:|1779953836
|switch|p2a: Kingambit|Kingambit, F|100/100
|move|p1a: Jumpluff|Leech Seed|p2a: Kingambit
|-start|p2a: Kingambit|move: Leech Seed
|
|-damage|p2a: Kingambit|88/100|[from] Leech Seed|[of] p1a: Jumpluff
|upkeep
|turn|12
|
|t:|1779953861
|move|p1a: Jumpluff|Substitute|p1a: Jumpluff
|-fail|p1a: Jumpluff|move: Substitute
|move|p2a: Kingambit|Iron Head|p1a: Jumpluff
|-supereffective|p1a: Jumpluff
|-end|p1a: Jumpluff|Substitute
|
|-damage|p2a: Kingambit|76/100|[from] Leech Seed|[of] p1a: Jumpluff
|upkeep
|turn|13
|
|t:|1779953869
|move|p1a: Jumpluff|Substitute|p1a: Jumpluff
|-start|p1a: Jumpluff|Substitute
|-damage|p1a: Jumpluff|76/100
|move|p2a: Kingambit|Iron Head|p1a: Jumpluff
|-supereffective|p1a: Jumpluff
|-end|p1a: Jumpluff|Substitute
|
|-heal|p1a: Jumpluff|82/100|[from] item: Leftovers
|-damage|p2a: Kingambit|63/100|[from] Leech Seed|[of] p1a: Jumpluff
|-heal|p1a: Jumpluff|97/100|[silent]
|upkeep
|turn|14
|
|t:|1779953882
|move|p1a: Jumpluff|Substitute|p1a: Jumpluff
|-start|p1a: Jumpluff|Substitute
|-damage|p1a: Jumpluff|72/100
|move|p2a: Kingambit|Iron Head|p1a: Jumpluff
|-supereffective|p1a: Jumpluff
|-end|p1a: Jumpluff|Substitute
|
|-heal|p1a: Jumpluff|78/100|[from] item: Leftovers
|-damage|p2a: Kingambit|51/100|[from] Leech Seed|[of] p1a: Jumpluff
|-heal|p1a: Jumpluff|94/100|[silent]
|upkeep
|turn|15
|
|t:|1779953893
|move|p1a: Jumpluff|Substitute|p1a: Jumpluff
|-start|p1a: Jumpluff|Substitute
|-damage|p1a: Jumpluff|69/100
|move|p2a: Kingambit|Kowtow Cleave|p1a: Jumpluff
|-resisted|p1a: Jumpluff
|-end|p1a: Jumpluff|Substitute
|
|-heal|p1a: Jumpluff|75/100|[from] item: Leftovers
|-damage|p2a: Kingambit|39/100|[from] Leech Seed|[of] p1a: Jumpluff
|-heal|p1a: Jumpluff|90/100|[silent]
|upkeep
|turn|16
|
|t:|1779953905
|move|p1a: Jumpluff|Substitute|p1a: Jumpluff
|-start|p1a: Jumpluff|Substitute
|-damage|p1a: Jumpluff|66/100
|move|p2a: Kingambit|Iron Head|p1a: Jumpluff
|-supereffective|p1a: Jumpluff
|-end|p1a: Jumpluff|Substitute
|
|-heal|p1a: Jumpluff|72/100|[from] item: Leftovers
|-damage|p2a: Kingambit|26/100|[from] Leech Seed|[of] p1a: Jumpluff
|-heal|p1a: Jumpluff|87/100|[silent]
|upkeep
|turn|17
|c|☆Young $lug|You're so cancerous
|
|t:|1779953929
|move|p1a: Jumpluff|Substitute|p1a: Jumpluff
|-start|p1a: Jumpluff|Substitute
|-damage|p1a: Jumpluff|62/100
|move|p2a: Kingambit|Iron Head|p1a: Jumpluff
|-supereffective|p1a: Jumpluff
|-end|p1a: Jumpluff|Substitute
|
|-heal|p1a: Jumpluff|68/100|[from] item: Leftovers
|-damage|p2a: Kingambit|14/100|[from] Leech Seed|[of] p1a: Jumpluff
|-heal|p1a: Jumpluff|84/100|[silent]
|upkeep
|turn|18
|l|☆Young $lug
|player|p2|
|j|☆Young $lug
|player|p2|Young $lug|riley|
|l|☆Young $lug
|player|p2|
|j|☆Young $lug
|player|p2|Young $lug|riley|
|c|☆okavi|lmao
|-message|Young $lug forfeited.
|
|win|okavi
|raw|okavi's rating: 1104 &rarr; <strong>1131</strong><br />(+27 for winning)
|raw|Young $lug's rating: 1129 &rarr; <strong>1102</strong><br />(-27 for losing)
|l|☆Young $lug
|player|p2|
|j|☆Young $lug
|player|p2|Young $lug|riley|
