|j|☆kosm waves
|j|☆Senatorlokix
|t:|1779865532
|gametype|singles
|player|p1|kosm waves|clown|1340
|player|p2|Senatorlokix|170|1351
|gen|9
|tier|[Gen 9] OU
|rated|
|rule|HP Percentage Mod: HP is shown in percentages
|rule|Endless Battle Clause: Forcing endless battles is banned
|rule|Species Clause: Limit one of each Pokémon
|rule|OHKO Clause: OHKO moves are banned
|rule|Evasion Items Clause: Evasion items are banned
|rule|Evasion Moves Clause: Evasion moves are banned
|rule|Evasion Abilities Clause: Evasion abilities are banned
|rule|Sleep Moves Clause: Sleep-inducing moves are banned
|clearpoke
|poke|p1|Donphan, M|
|poke|p1|Ogerpon, F|
|poke|p1|Ting-Lu|
|poke|p1|Dragonite, F|
|poke|p1|Gholdengo|
|poke|p1|Zamazenta-*|
|poke|p2|Inteleon, M|
|poke|p2|Pelipper, M|
|poke|p2|Toxicroak, M|
|poke|p2|Barraskewda, M|
|poke|p2|Clefable, F|
|poke|p2|Iron Treads|
|teampreview
|j| GY1013
|l| GY1013
|inactive|Battle timer is ON: inactive players will automatically lose when time's up. (requested by kosm waves)
|
|t:|1779865571
|teamsize|p1|6
|teamsize|p2|6
|start
|switch|p1a: August 12th 2036|Gholdengo|100/100
|switch|p2a: Pelipper|Pelipper, M|100/100
|-weather|RainDance|[from] ability: Drizzle|[of] p2a: Pelipper
|turn|1
|
|t:|1779865579
|switch|p2a: Iron Treads|Iron Treads|100/100
|move|p1a: August 12th 2036|Shadow Ball|p2a: Iron Treads
|-damage|p2a: Iron Treads|16/100
|
|-weather|RainDance|[upkeep]
|upkeep
|turn|2
|inactive|kosm waves has 120 seconds left.
|
|t:|1779865614
|switch|p1a: 🍃|Ogerpon, F|100/100
|move|p2a: Iron Treads|Earthquake|p1a: 🍃
|-resisted|p1a: 🍃
|-damage|p1a: 🍃|68/100
|
|-weather|RainDance|[upkeep]
|upkeep
|turn|3
|inactive|kosm waves has 120 seconds left.
|
|t:|1779865629
|move|p1a: 🍃|Spikes|p2a: Iron Treads
|-sidestart|p2: Senatorlokix|Spikes
|move|p2a: Iron Treads|Iron Head|p1a: 🍃
|-damage|p1a: 🍃|15/100
|
|-weather|RainDance|[upkeep]
|upkeep
|turn|4
|
|t:|1779865636
|-end|p2a: Iron Treads|Quark Drive|[silent]
|switch|p2a: Toxicroak|Toxicroak, M|100/100
|-damage|p2a: Toxicroak|88/100|[from] Spikes
|move|p1a: 🍃|Ivy Cudgel|p2a: Toxicroak
|-resisted|p2a: Toxicroak
|-damage|p2a: Toxicroak|68/100
|
|-weather|RainDance|[upkeep]
|-heal|p2a: Toxicroak|80/100|[from] ability: Dry Skin
|upkeep
|turn|5
|
|t:|1779865646
|move|p1a: 🍃|Stomping Tantrum|p2a: Toxicroak
|-supereffective|p2a: Toxicroak
|-damage|p2a: Toxicroak|36/100
|-damage|p1a: 🍃|0 fnt|[from] item: Rocky Helmet|[of] p2a: Toxicroak
|faint|p1a: 🍃
|move|p2a: Toxicroak|Knock Off|p1: 🍃|[notarget]
|-fail|p2a: Toxicroak
|
|-weather|RainDance|[upkeep]
|-heal|p2a: Toxicroak|49/100|[from] ability: Dry Skin
|upkeep
|
|t:|1779865659
|switch|p1a: August 12th 2036|Gholdengo|100/100
|turn|6
|
|t:|1779865679
|move|p1a: August 12th 2036|Shadow Ball|p2a: Toxicroak
|-damage|p2a: Toxicroak|0 fnt
|faint|p2a: Toxicroak
|
|-weather|RainDance|[upkeep]
|upkeep
|
|t:|1779865685
|switch|p2a: Barraskewda|Barraskewda, M|100/100
|-damage|p2a: Barraskewda|88/100|[from] Spikes
|turn|7
|inactive|kosm waves has 120 seconds left.
|inactive|kosm waves has 90 seconds left.
|
|t:|1779865764
|switch|p1a: Shlawg|Zamazenta|100/100
|-ability|p1a: Shlawg|Dauntless Shield|boost
|-boost|p1a: Shlawg|def|1
|move|p2a: Barraskewda|Flip Turn|p1a: Shlawg
|-damage|p1a: Shlawg|58/100
|inactive|Senatorlokix has 120 seconds left.
|
|t:|1779865788
|switch|p2a: Iron Treads|Iron Treads|16/100|[from] Flip Turn
|
|-weather|RainDance|[upkeep]
|upkeep
|turn|8
|inactive|kosm waves has 90 seconds left.
|
|t:|1779865799
|-terastallize|p2a: Iron Treads|Ghost
|move|p1a: Shlawg|Crunch|p2a: Iron Treads
|-supereffective|p2a: Iron Treads
|-damage|p2a: Iron Treads|0 fnt
|faint|p2a: Iron Treads
|-end|p2a: Iron Treads|Quark Drive|[silent]
|
|-weather|none
|upkeep
|
|t:|1779865803
|switch|p2a: Pelipper|Pelipper, M|100/100
|-weather|RainDance|[from] ability: Drizzle|[of] p2a: Pelipper
|turn|9
|inactive|kosm waves has 90 seconds left.
|
|t:|1779865815
|move|p1a: Shlawg|Crunch|p2a: Pelipper
|-damage|p2a: Pelipper|71/100
|-unboost|p2a: Pelipper|def|1
|move|p2a: Pelipper|Weather Ball|p1a: Shlawg
|-damage|p1a: Shlawg|15/100
|
|-weather|RainDance|[upkeep]
|upkeep
|turn|10
|
|t:|1779865822
|move|p1a: Shlawg|Crunch|p2a: Pelipper
|-damage|p2a: Pelipper|30/100
|move|p2a: Pelipper|Roost|p2a: Pelipper
|-heal|p2a: Pelipper|80/100
|-singleturn|p2a: Pelipper|move: Roost
|
|-weather|RainDance|[upkeep]
|upkeep
|turn|11
|
|t:|1779865833
|switch|p2a: Clefable|Clefable, F|100/100
|move|p1a: Shlawg|Crunch|p2a: Clefable
|-resisted|p2a: Clefable
|-damage|p2a: Clefable|89/100
|-unboost|p2a: Clefable|def|1
|
|-weather|RainDance|[upkeep]
|upkeep
|turn|12
|c|☆Senatorlokix|Lol
|inactive|kosm waves has 90 seconds left.
|c|☆kosm waves|yeah
|
|t:|1779865876
|move|p1a: Shlawg|Heavy Slam|p2a: Clefable
|-supereffective|p2a: Clefable
|-damage|p2a: Clefable|0 fnt
|faint|p2a: Clefable
|
|-weather|RainDance|[upkeep]
|upkeep
|c|☆Senatorlokix|Smh
|
|t:|1779865888
|switch|p2a: Barraskewda|Barraskewda, M|88/100
|-damage|p2a: Barraskewda|76/100|[from] Spikes
|turn|13
|inactive|kosm waves has 90 seconds left.
|
|t:|1779865899
|move|p2a: Barraskewda|Flip Turn|p1a: Shlawg
|-damage|p1a: Shlawg|0 fnt
|faint|p1a: Shlawg
|
|t:|1779865906
|switch|p2a: Inteleon|Inteleon, M|100/100|[from] Flip Turn
|-damage|p2a: Inteleon|88/100|[from] Spikes
|
|-weather|RainDance|[upkeep]
|upkeep
|inactive|kosm waves has 90 seconds left.
|
|t:|1779865918
|switch|p1a: A greater evil|Ting-Lu|100/100
|-ability|p1a: A greater evil|Vessel of Ruin
|turn|14
|
|t:|1779865922
|move|p2a: Inteleon|Snipe Shot|p1a: A greater evil
|-supereffective|p1a: A greater evil
|-crit|p1a: A greater evil
|-damage|p1a: A greater evil|0 fnt
|faint|p1a: A greater evil
|
|-weather|RainDance|[upkeep]
|upkeep
|c|☆Senatorlokix|???
|inactive|kosm waves has 90 seconds left.
|c|☆Senatorlokix|Evs
|inactive|kosm waves has 60 seconds left.
|c|☆kosm waves|is snipe shot always a crit?
|c|☆kosm waves|!dt snipe shot
|c|☆kosm waves|/raw <ul class="utilichart"><li class="result"><span class="col movenamecol"><a href="https://dex.pokemonshowdown.com/moves/snipeshot">Snipe Shot</a></span> <span class="col typecol"><img src="//play.pokemonshowdown.com/sprites/types/Water.png" alt="Water" width="32" height="14"><img src="//play.pokemonshowdown.com/sprites/categories/Special.png" alt="Special" width="32" height="14"></span> <span class="col labelcol"><em>Power</em><br>80</span> <span class="col widelabelcol"><em>Accuracy</em><br>100%</span> <span class="col pplabelcol"><em>PP</em><br>24</span> <span class="col movedesccol">High critical hit ratio. Cannot be redirected.</span> </li><li style="clear:both"></li></ul>
|c|☆kosm waves|/raw <font size="1"><font color="#686868">Priority:</font> 0&nbsp;|&ThickSpace;<font color="#686868">Gen:</font> 8&nbsp;|&ThickSpace;<font color="#686868">Z-Power:</font> 160&nbsp;|&ThickSpace;<font color="#686868">Target:</font> One Adjacent Pokémon</font>

|inactive|kosm waves has 30 seconds left.
|c|☆Senatorlokix|Increased crit rate plus scope lens
|inactive|kosm waves has 20 seconds left.
|c|☆kosm waves|I see
|
|t:|1779866009
|switch|p1a: F4U-4 Corsair|Dragonite, F|100/100
|turn|15
|inactive|kosm waves has 30 seconds left this turn.
|
|t:|1779866014
|-terastallize|p1a: F4U-4 Corsair|Normal
|move|p2a: Inteleon|Snipe Shot|p1a: F4U-4 Corsair
|-crit|p1a: F4U-4 Corsair
|-damage|p1a: F4U-4 Corsair|23/100
|move|p1a: F4U-4 Corsair|Dragon Dance|p1a: F4U-4 Corsair
|-boost|p1a: F4U-4 Corsair|atk|1
|-boost|p1a: F4U-4 Corsair|spe|1
|
|-weather|RainDance|[upkeep]
|upkeep
|turn|16
|
|t:|1779866024
|move|p1a: F4U-4 Corsair|Extreme Speed|p2a: Inteleon
|-damage|p2a: Inteleon|0 fnt
|faint|p2a: Inteleon
|
|-weather|none
|upkeep
|
|t:|1779866027
|switch|p2a: Pelipper|Pelipper, M|80/100
|-weather|RainDance|[from] ability: Drizzle|[of] p2a: Pelipper
|turn|17
|
|t:|1779866032
|move|p1a: F4U-4 Corsair|Roost|p1a: F4U-4 Corsair
|-heal|p1a: F4U-4 Corsair|73/100
|move|p2a: Pelipper|Weather Ball|p1a: F4U-4 Corsair
|-damage|p1a: F4U-4 Corsair|22/100
|
|-weather|RainDance|[upkeep]
|upkeep
|turn|18
|
|t:|1779866043
|move|p1a: F4U-4 Corsair|Roost|p1a: F4U-4 Corsair
|-heal|p1a: F4U-4 Corsair|72/100
|move|p2a: Pelipper|Weather Ball|p1a: F4U-4 Corsair
|-damage|p1a: F4U-4 Corsair|19/100
|
|-weather|RainDance|[upkeep]
|upkeep
|turn|19
|
|t:|1779866053
|switch|p1a: Lesser tusk|Donphan, M|100/100
|move|p2a: Pelipper|Weather Ball|p1a: Lesser tusk
|-supereffective|p1a: Lesser tusk
|-ability|p1a: Lesser tusk|Sturdy
|-damage|p1a: Lesser tusk|1/100
|
|-weather|RainDance|[upkeep]
|upkeep
|turn|20
|c|☆Senatorlokix|Custap berry shenanigans?
|
|t:|1779866081
|move|p1a: Lesser tusk|Ice Shard|p2a: Pelipper
|-damage|p2a: Pelipper|66/100
|move|p2a: Pelipper|Roost|p2a: Pelipper
|-heal|p2a: Pelipper|100/100
|-singleturn|p2a: Pelipper|move: Roost
|
|-weather|RainDance|[upkeep]
|upkeep
|turn|21
|c|☆kosm waves|soft sand
|inactive|Senatorlokix has 120 seconds left.
|
|t:|1779866098
|move|p1a: Lesser tusk|Ice Spinner|p2a: Pelipper
|-damage|p2a: Pelipper|75/100
|move|p2a: Pelipper|U-turn|p1a: Lesser tusk
|-damage|p1a: Lesser tusk|0 fnt
|faint|p1a: Lesser tusk
|
|t:|1779866100
|switch|p2a: Barraskewda|Barraskewda, M|76/100|[from] U-turn
|-damage|p2a: Barraskewda|64/100|[from] Spikes
|
|-weather|RainDance|[upkeep]
|upkeep
|inactive|kosm waves has 60 seconds left.
|
|t:|1779866125
|switch|p1a: F4U-4 Corsair|Dragonite, F, tera:Normal|19/100
|turn|22
|
|t:|1779866131
|switch|p2a: Pelipper|Pelipper, M|75/100
|move|p1a: F4U-4 Corsair|Extreme Speed|p2a: Pelipper
|-damage|p2a: Pelipper|27/100
|
|-weather|RainDance|[upkeep]
|upkeep
|turn|23
|-message|Senatorlokix forfeited.
|
|win|kosm waves
|raw|kosm waves's rating: 1340 &rarr; <strong>1361</strong><br />(+21 for winning)
|raw|Senatorlokix's rating: 1351 &rarr; <strong>1330</strong><br />(-21 for losing)
|l|☆Senatorlokix
|player|p2|
|c|☆kosm waves|gg
|l|☆kosm waves
|player|p1|
