|j|‽rocketproton24
|j|☆charasganja119
|t:|1779967421
|gametype|singles
|player|p1|rocketproton24|proton|1157
|player|p2|charasganja119|266|1136
|gen|9
|tier|[Gen 9] OU
|rated|
|rule|HP Percentage Mod: HP is shown in percentages
|rule|Endless Battle Clause: Forcing endless battles is banned
|rule|Species Clause: Limit one of each Pokémon
|rule|OHKO Clause: OHKO moves are banned
|rule|Evasion Items Clause: Evasion items are banned
|rule|Evasion Moves Clause: Evasion moves are banned
|rule|Evasion Abilities Clause: Evasion abilities are banned
|rule|Sleep Moves Clause: Sleep-inducing moves are banned
|clearpoke
|poke|p1|Garchomp, M|
|poke|p1|Dipplin, F|
|poke|p1|Salazzle, F|
|poke|p1|Alomomola, M|
|poke|p1|Ambipom, F|
|poke|p1|Kingambit, F|
|poke|p2|Scrafty, F|
|poke|p2|Smeargle, F|
|poke|p2|Gardevoir, M|
|poke|p2|Gholdengo|
|poke|p2|Ogerpon-Wellspring, F|
|poke|p2|Moltres|
|teampreview
|inactive|Battle timer is ON: inactive players will automatically lose when time's up. (requested by charasganja119)
|
|t:|1779967435
|teamsize|p1|6
|teamsize|p2|6
|start
|switch|p1a: Ambipom|Ambipom, F|100/100
|switch|p2a: Smeargle|Smeargle, F, shiny|100/100
|turn|1
|
|t:|1779967444
|-terastallize|p1a: Ambipom|Normal
|move|p1a: Ambipom|Fake Out|p2a: Smeargle
|-enditem|p1a: Ambipom|Normal Gem|[from] gem
|-enditem|p2a: Smeargle|Focus Sash
|-damage|p2a: Smeargle|1/100
|cant|p2a: Smeargle|flinch
|
|upkeep
|turn|2
|
|t:|1779967453
|move|p2a: Smeargle|Burning Bulwark|p2a: Smeargle
|-singleturn|p2a: Smeargle|move: Protect
|move|p1a: Ambipom|U-turn|p2a: Smeargle
|-activate|p2a: Smeargle|move: Protect
|-status|p1a: Ambipom|brn
|
|-damage|p1a: Ambipom|94/100 brn|[from] brn
|upkeep
|turn|3
|
|t:|1779967466
|switch|p2a: Moltres|Moltres, shiny|100/100
|move|p1a: Ambipom|U-turn|p2a: Moltres
|-resisted|p2a: Moltres
|-damage|p2a: Moltres|97/100
|
|t:|1779967472
|switch|p1a: Alomomola|Alomomola, M|100/100|[from] U-turn
|
|upkeep
|turn|4
|
|t:|1779967481
|move|p2a: Moltres|U-turn|p1a: Alomomola
|-damage|p1a: Alomomola|93/100
|
|t:|1779967484
|switch|p2a: Ogerpon|Ogerpon-Wellspring, F|100/100|[from] U-turn
|move|p1a: Alomomola|Flip Turn|p2a: Ogerpon
|-immune|p2a: Ogerpon|[from] ability: Water Absorb
|
|-heal|p1a: Alomomola|99/100|[from] item: Leftovers
|upkeep
|turn|5
|
|t:|1779967496
|switch|p1a: Dipplin|Dipplin, F|100/100
|-ability|p1a: Dipplin|Supersweet Syrup
|-unboost|p2a: Ogerpon|evasion|1
|move|p2a: Ogerpon|Horn Leech|p1a: Dipplin
|-resisted|p1a: Dipplin
|-damage|p1a: Dipplin|95/100
|
|upkeep
|turn|6
|
|t:|1779967507
|move|p2a: Ogerpon|U-turn|p1a: Dipplin
|-supereffective|p1a: Dipplin
|-damage|p1a: Dipplin|68/100
|
|t:|1779967511
|switch|p2a: Gardevoir|Gardevoir, M, shiny|100/100|[from] U-turn
|-ability|p2a: Gardevoir|Supersweet Syrup|Trace|[from] ability: Trace|[of] p1a: Dipplin
|-ability|p2a: Gardevoir|Supersweet Syrup
|-unboost|p1a: Dipplin|evasion|1
|move|p1a: Dipplin|Syrup Bomb|p2a: Gardevoir
|-damage|p2a: Gardevoir|85/100
|-start|p2a: Gardevoir|Syrup Bomb
|
|-unboost|p2a: Gardevoir|spe|1
|upkeep
|turn|7
|
|t:|1779967532
|move|p2a: Gardevoir|Moonblast|p1a: Dipplin
|-supereffective|p1a: Dipplin
|-damage|p1a: Dipplin|1/100
|move|p1a: Dipplin|Recover|p1a: Dipplin
|-heal|p1a: Dipplin|51/100
|
|-unboost|p2a: Gardevoir|spe|1
|upkeep
|turn|8
|
|t:|1779967543
|move|p1a: Dipplin|Giga Drain|p2a: Gardevoir
|-damage|p2a: Gardevoir|64/100
|-heal|p1a: Dipplin|60/100|[from] drain|[of] p2a: Gardevoir
|move|p2a: Gardevoir|Moonblast|p1a: Dipplin
|-supereffective|p1a: Dipplin
|-damage|p1a: Dipplin|0 fnt
|faint|p1a: Dipplin
|-end|p2a: Gardevoir|Syrup Bomb|[silent]
|
|upkeep
|
|t:|1779967554
|switch|p1a: Ambipom|Ambipom, F, tera:Normal|94/100 brn
|turn|9
|
|t:|1779967561
|switch|p2a: Moltres|Moltres, shiny|97/100
|move|p1a: Ambipom|Fake Out|p2a: Moltres
|-damage|p2a: Moltres|77/100
|
|-damage|p1a: Ambipom|88/100 brn|[from] brn
|upkeep
|turn|10
|
|t:|1779967571
|move|p1a: Ambipom|Protect|p1a: Ambipom
|-singleturn|p1a: Ambipom|Protect
|move|p2a: Moltres|Flamethrower|p1a: Ambipom
|-activate|p1a: Ambipom|move: Protect
|
|-damage|p1a: Ambipom|82/100 brn|[from] brn
|upkeep
|turn|11
|
|t:|1779967581
|switch|p1a: Alomomola|Alomomola, M|100/100
|move|p2a: Moltres|Flamethrower|p1a: Alomomola
|-resisted|p1a: Alomomola
|-damage|p1a: Alomomola|72/100
|
|-heal|p1a: Alomomola|78/100|[from] item: Leftovers
|upkeep
|turn|12
|
|t:|1779967590
|move|p2a: Moltres|U-turn|p1a: Alomomola
|-damage|p1a: Alomomola|71/100
|
|t:|1779967593
|switch|p2a: Ogerpon|Ogerpon-Wellspring, F|100/100|[from] U-turn
|move|p1a: Alomomola|Flip Turn|p2a: Ogerpon
|-immune|p2a: Ogerpon|[from] ability: Water Absorb
|
|-heal|p1a: Alomomola|77/100|[from] item: Leftovers
|upkeep
|turn|13
|
|t:|1779967610
|switch|p1a: Salazzle|Salazzle, F|100/100
|-item|p1a: Salazzle|Air Balloon
|move|p2a: Ogerpon|Horn Leech|p1a: Salazzle
|-resisted|p1a: Salazzle
|-damage|p1a: Salazzle|83/100
|-enditem|p1a: Salazzle|Air Balloon
|
|upkeep
|turn|14
|
|t:|1779967623
|switch|p2a: Gholdengo|Gholdengo|100/100
|-item|p2a: Gholdengo|Air Balloon
|move|p1a: Salazzle|Fake Out|p2a: Gholdengo
|-immune|p2a: Gholdengo
|
|upkeep
|turn|15
|
|t:|1779967636
|switch|p1a: Alomomola|Alomomola, M|100/100
|switch|p2a: Moltres|Moltres, shiny|77/100
|
|upkeep
|turn|16
|
|t:|1779967642
|switch|p1a: Kingambit|Kingambit, F|100/100
|-activate|p1a: Kingambit|ability: Supreme Overlord
|-start|p1a: Kingambit|fallen1|[silent]
|move|p2a: Moltres|U-turn|p1a: Kingambit
|-damage|p1a: Kingambit|90/100
|
|t:|1779967649
|switch|p2a: Smeargle|Smeargle, F, shiny|1/100|[from] U-turn
|
|upkeep
|turn|17
|
|t:|1779967658
|move|p2a: Smeargle|Glare|p1a: Kingambit
|-status|p1a: Kingambit|par
|move|p1a: Kingambit|X-Scissor|p2a: Smeargle
|-damage|p2a: Smeargle|0 fnt
|faint|p2a: Smeargle
|-damage|p1a: Kingambit|80/100 par|[from] item: Life Orb
|
|upkeep
|
|t:|1779967665
|switch|p2a: Moltres|Moltres, shiny|77/100
|turn|18
|
|t:|1779967671
|move|p1a: Kingambit|Sucker Punch|p2a: Moltres
|-crit|p2a: Moltres
|-damage|p2a: Moltres|0 fnt
|faint|p2a: Moltres
|-damage|p1a: Kingambit|71/100 par|[from] item: Life Orb
|
|upkeep
|
|t:|1779967677
|switch|p2a: Scrafty|Scrafty, F, shiny|100/100
|-ability|p2a: Scrafty|Intimidate|boost
|-unboost|p1a: Kingambit|atk|1
|turn|19
|
|t:|1779967684
|-end|p1a: Kingambit|fallen1|[silent]
|switch|p1a: Alomomola|Alomomola, M|100/100
|move|p2a: Scrafty|Fake Out|p1a: Alomomola
|-damage|p1a: Alomomola|93/100
|-damage|p2a: Scrafty|91/100|[from] item: Life Orb
|
|-heal|p1a: Alomomola|99/100|[from] item: Leftovers
|upkeep
|turn|20
|
|t:|1779967713
|switch|p2a: Ogerpon|Ogerpon-Wellspring, F|100/100
|move|p1a: Alomomola|Flip Turn|p2a: Ogerpon
|-immune|p2a: Ogerpon|[from] ability: Water Absorb
|
|-heal|p1a: Alomomola|100/100|[from] item: Leftovers
|upkeep
|turn|21
|
|t:|1779967732
|switch|p1a: Salazzle|Salazzle, F|83/100
|move|p2a: Ogerpon|Horn Leech|p1a: Salazzle
|-resisted|p1a: Salazzle
|-damage|p1a: Salazzle|63/100
|
|upkeep
|turn|22
|
|t:|1779967740
|move|p1a: Salazzle|Sludge Wave|p2a: Ogerpon
|-supereffective|p2a: Ogerpon
|-damage|p2a: Ogerpon|15/100
|move|p2a: Ogerpon|Ivy Cudgel|p1a: Salazzle|[anim] Ivy Cudgel Water
|-supereffective|p1a: Salazzle
|-damage|p1a: Salazzle|0 fnt
|faint|p1a: Salazzle
|
|upkeep
|
|t:|1779967749
|switch|p1a: Ambipom|Ambipom, F, tera:Normal|82/100 brn
|turn|23
|
|t:|1779967753
|switch|p2a: Gholdengo|Gholdengo|100/100
|-item|p2a: Gholdengo|Air Balloon
|move|p1a: Ambipom|Fake Out|p2a: Gholdengo
|-immune|p2a: Gholdengo
|
|-damage|p1a: Ambipom|76/100 brn|[from] brn
|upkeep
|turn|24
|
|t:|1779967763
|move|p1a: Ambipom|U-turn|p2a: Gholdengo
|-resisted|p2a: Gholdengo
|-damage|p2a: Gholdengo|98/100
|-enditem|p2a: Gholdengo|Air Balloon
|
|t:|1779967768
|switch|p1a: Alomomola|Alomomola, M|100/100|[from] U-turn
|move|p2a: Gholdengo|Nasty Plot|p2a: Gholdengo
|-boost|p2a: Gholdengo|spa|2
|
|upkeep
|turn|25
|
|t:|1779967779
|move|p2a: Gholdengo|Shadow Ball|p1a: Alomomola
|-damage|p1a: Alomomola|0 fnt
|faint|p1a: Alomomola
|
|upkeep
|
|t:|1779967785
|switch|p1a: Kingambit|Kingambit, F|71/100 par
|-activate|p1a: Kingambit|ability: Supreme Overlord
|-start|p1a: Kingambit|fallen3|[silent]
|turn|26
|
|t:|1779967798
|-terastallize|p2a: Gholdengo|Steel
|move|p1a: Kingambit|Sucker Punch|p2a: Gholdengo
|-damage|p2a: Gholdengo|25/100
|-damage|p1a: Kingambit|61/100 par|[from] item: Life Orb
|move|p2a: Gholdengo|Dazzling Gleam|p1a: Kingambit
|-damage|p1a: Kingambit|7/100 par
|
|upkeep
|turn|27
|
|t:|1779967807
|move|p1a: Kingambit|Sucker Punch|p2a: Gholdengo
|-damage|p2a: Gholdengo|0 fnt
|faint|p2a: Gholdengo
|-damage|p1a: Kingambit|0 fnt|[from] item: Life Orb
|faint|p1a: Kingambit
|-end|p1a: Kingambit|fallen3|[silent]
|
|upkeep
|
|t:|1779967818
|switch|p2a: Gardevoir|Gardevoir, M, shiny|64/100
|switch|p1a: Ambipom|Ambipom, F, tera:Normal|76/100 brn
|-ability|p2a: Gardevoir|Technician|Trace|[from] ability: Trace|[of] p1a: Ambipom
|turn|28
|
|t:|1779967826
|move|p1a: Ambipom|Fake Out|p2a: Gardevoir
|-damage|p2a: Gardevoir|41/100
|cant|p2a: Gardevoir|flinch
|
|-damage|p1a: Ambipom|70/100 brn|[from] brn
|upkeep
|turn|29
|
|t:|1779967834
|move|p1a: Ambipom|Knock Off|p2a: Gardevoir
|-damage|p2a: Gardevoir|24/100
|-enditem|p2a: Gardevoir|Assault Vest|[from] move: Knock Off|[of] p1a: Ambipom
|move|p2a: Gardevoir|Aura Sphere|p1a: Ambipom
|-supereffective|p1a: Ambipom
|-damage|p1a: Ambipom|0 fnt
|faint|p1a: Ambipom
|
|upkeep
|
|t:|1779967844
|switch|p1a: Garchomp|Garchomp, M|100/100
|turn|30
|
|t:|1779967849
|move|p1a: Garchomp|Earthquake|p2a: Gardevoir
|-damage|p2a: Gardevoir|0 fnt
|faint|p2a: Gardevoir
|
|upkeep
|
|t:|1779967853
|switch|p2a: Ogerpon|Ogerpon-Wellspring, F|15/100
|turn|31
|
|t:|1779967857
|move|p2a: Ogerpon|Ivy Cudgel|p1a: Garchomp|[anim] Ivy Cudgel Water
|-crit|p1a: Garchomp
|-damage|p1a: Garchomp|7/100
|move|p1a: Garchomp|Dragon Claw|p2a: Ogerpon
|-damage|p2a: Ogerpon|0 fnt
|faint|p2a: Ogerpon
|
|upkeep
|
|t:|1779967862
|switch|p2a: Scrafty|Scrafty, F, shiny|91/100
|-ability|p2a: Scrafty|Intimidate|boost
|-unboost|p1a: Garchomp|atk|1
|turn|32
|
|t:|1779967873
|move|p2a: Scrafty|Fake Out|p1a: Garchomp
|-damage|p1a: Garchomp|0 fnt
|-damage|p2a: Scrafty|78/100|[from] ability: Rough Skin|[of] p1a: Garchomp
|-damage|p2a: Scrafty|62/100|[from] item: Rocky Helmet|[of] p1a: Garchomp
|faint|p1a: Garchomp
|-damage|p2a: Scrafty|52/100|[from] item: Life Orb
|
|win|charasganja119
|raw|rocketproton24's rating: 1157 &rarr; <strong>1130</strong><br />(-27 for losing)
|raw|charasganja119's rating: 1136 &rarr; <strong>1163</strong><br />(+27 for winning)
|l|‽rocketproton24
|player|p1|
