|j|☆claudechamp
|j|☆BYouuu
|t:|1779819139
|gametype|singles
|player|p1|claudechamp|265|1186
|player|p2|BYouuu|2|1193
|gen|9
|tier|[Gen 9] OU
|rated|
|rule|HP Percentage Mod: HP is shown in percentages
|rule|Endless Battle Clause: Forcing endless battles is banned
|rule|Species Clause: Limit one of each Pokémon
|rule|OHKO Clause: OHKO moves are banned
|rule|Evasion Items Clause: Evasion items are banned
|rule|Evasion Moves Clause: Evasion moves are banned
|rule|Evasion Abilities Clause: Evasion abilities are banned
|rule|Sleep Moves Clause: Sleep-inducing moves are banned
|clearpoke
|poke|p1|Gliscor, F|
|poke|p1|Gholdengo|
|poke|p1|Zamazenta-*|
|poke|p1|Blissey, F|
|poke|p1|Skarmory, M|
|poke|p1|Pecharunt|
|poke|p2|Ting-Lu|
|poke|p2|Regidrago|
|poke|p2|Slowking-Galar, F|
|poke|p2|Great Tusk|
|poke|p2|Moltres|
|poke|p2|Darkrai|
|teampreview
|c|☆claudechamp|hf
|inactive|Battle timer is ON: inactive players will automatically lose when time's up. (requested by claudechamp)
|
|t:|1779819163
|teamsize|p1|6
|teamsize|p2|6
|start
|switch|p1a: Skarmory|Skarmory, M|100/100
|switch|p2a: Great Tusk|Great Tusk|100/100
|turn|1
|
|t:|1779819167
|-end|p2a: Great Tusk|Protosynthesis|[silent]
|switch|p2a: Moltres|Moltres|100/100
|move|p1a: Skarmory|Spikes|p2a: Moltres
|-sidestart|p2: BYouuu|Spikes
|
|upkeep
|turn|2
|
|t:|1779819173
|move|p2a: Moltres|Will-O-Wisp|p1a: Skarmory|[miss]
|-miss|p2a: Moltres|p1a: Skarmory
|move|p1a: Skarmory|Spikes|p2a: Moltres
|-sidestart|p2: BYouuu|Spikes
|
|upkeep
|turn|3
|
|t:|1779819176
|move|p2a: Moltres|Flamethrower|p1a: Skarmory
|-supereffective|p1a: Skarmory
|-damage|p1a: Skarmory|2/100
|move|p1a: Skarmory|Spikes|p2a: Moltres
|-sidestart|p2: BYouuu|Spikes
|
|upkeep
|turn|4
|
|t:|1779819184
|switch|p1a: Blissey|Blissey, F|100/100
|move|p2a: Moltres|Flamethrower|p1a: Blissey
|-damage|p1a: Blissey|90/100
|
|upkeep
|turn|5
|
|t:|1779819191
|switch|p2a: Slowking|Slowking-Galar, F|100/100
|move|p1a: Blissey|Stealth Rock|p2a: Slowking
|-sidestart|p2: BYouuu|move: Stealth Rock
|
|upkeep
|turn|6
|
|t:|1779819195
|switch|p1a: Gliscor|Gliscor, F|100/100
|-prepare|p2a: Slowking|Chilly Reception|[premajor]
|move|p2a: Slowking|Chilly Reception|p2a: Slowking
|-weather|Snowscape
|
|t:|1779819200
|switch|p2a: Great Tusk|Great Tusk|100/100|[from] Chilly Reception
|-damage|p2a: Great Tusk|76/100|[from] Spikes
|-damage|p2a: Great Tusk|73/100|[from] Stealth Rock
|
|-weather|Snowscape|[upkeep]
|-status|p1a: Gliscor|tox|[from] item: Toxic Orb
|upkeep
|turn|7
|
|t:|1779819210
|move|p2a: Great Tusk|Ice Spinner|p1a: Gliscor
|-supereffective|p1a: Gliscor
|-damage|p1a: Gliscor|10/100 tox
|move|p1a: Gliscor|Swords Dance|p1a: Gliscor
|-boost|p1a: Gliscor|atk|2
|
|-weather|Snowscape|[upkeep]
|-heal|p1a: Gliscor|22/100 tox|[from] ability: Poison Heal
|upkeep
|turn|8
|
|t:|1779819219
|-terastallize|p1a: Gliscor|Dark
|move|p1a: Gliscor|Protect|p1a: Gliscor
|-singleturn|p1a: Gliscor|Protect
|move|p2a: Great Tusk|Ice Spinner|p1a: Gliscor
|-activate|p1a: Gliscor|move: Protect
|
|-weather|Snowscape|[upkeep]
|-heal|p1a: Gliscor|35/100 tox|[from] ability: Poison Heal
|upkeep
|turn|9
|
|t:|1779819224
|move|p2a: Great Tusk|Headlong Rush|p1a: Gliscor
|-damage|p1a: Gliscor|0 fnt
|-unboost|p2a: Great Tusk|def|1
|-unboost|p2a: Great Tusk|spd|1
|faint|p1a: Gliscor
|
|-weather|Snowscape|[upkeep]
|upkeep
|
|t:|1779819231
|switch|p1a: Pecharunt|Pecharunt|100/100
|turn|10
|
|t:|1779819255
|move|p2a: Great Tusk|Stealth Rock|p1a: Pecharunt
|-sidestart|p1: claudechamp|move: Stealth Rock
|move|p1a: Pecharunt|Shadow Ball|p2a: Great Tusk
|-damage|p2a: Great Tusk|12/100
|
|-weather|none
|upkeep
|turn|11
|
|t:|1779819262
|move|p2a: Great Tusk|Headlong Rush|p1a: Pecharunt
|-supereffective|p1a: Pecharunt
|-damage|p1a: Pecharunt|36/100
|-unboost|p2a: Great Tusk|def|1
|-unboost|p2a: Great Tusk|spd|1
|move|p1a: Pecharunt|Shadow Ball|p2a: Great Tusk
|-damage|p2a: Great Tusk|0 fnt
|faint|p2a: Great Tusk
|-end|p2a: Great Tusk|Protosynthesis|[silent]
|
|upkeep
|
|t:|1779819274
|switch|p2a: Darkrai|Darkrai|100/100
|-damage|p2a: Darkrai|76/100|[from] Spikes
|-damage|p2a: Darkrai|63/100|[from] Stealth Rock
|turn|12
|
|t:|1779819280
|move|p2a: Darkrai|Knock Off|p1a: Pecharunt
|-supereffective|p1a: Pecharunt
|-damage|p1a: Pecharunt|4/100
|-enditem|p1a: Pecharunt|Heavy-Duty Boots|[from] move: Knock Off|[of] p2a: Darkrai
|move|p1a: Pecharunt|Recover|p1a: Pecharunt
|-heal|p1a: Pecharunt|54/100
|
|upkeep
|turn|13
|
|t:|1779819294
|move|p2a: Darkrai|Dark Pulse|p1a: Pecharunt
|-supereffective|p1a: Pecharunt
|-damage|p1a: Pecharunt|0 fnt
|faint|p1a: Pecharunt
|
|upkeep
|
|t:|1779819299
|switch|p1a: Zamazenta|Zamazenta|100/100
|-ability|p1a: Zamazenta|Dauntless Shield|boost
|-boost|p1a: Zamazenta|def|1
|turn|14
|
|t:|1779819307
|switch|p2a: Moltres|Moltres|100/100
|move|p1a: Zamazenta|Close Combat|p2a: Moltres
|-resisted|p2a: Moltres
|-damage|p2a: Moltres|74/100
|-unboost|p1a: Zamazenta|def|1
|-unboost|p1a: Zamazenta|spd|1
|
|upkeep
|turn|15
|
|t:|1779819322
|switch|p1a: Blissey|Blissey, F|90/100
|move|p2a: Moltres|Will-O-Wisp|p1a: Blissey
|-status|p1a: Blissey|brn
|
|-damage|p1a: Blissey|84/100 brn|[from] brn
|upkeep
|turn|16
|
|t:|1779819332
|move|p2a: Moltres|Flamethrower|p1a: Blissey
|-damage|p1a: Blissey|73/100 brn
|move|p1a: Blissey|Calm Mind|p1a: Blissey
|-boost|p1a: Blissey|spa|1
|-boost|p1a: Blissey|spd|1
|
|-damage|p1a: Blissey|67/100 brn|[from] brn
|upkeep
|turn|17
|
|t:|1779819345
|switch|p2a: Ting-Lu|Ting-Lu|100/100
|-damage|p2a: Ting-Lu|76/100|[from] Spikes
|-damage|p2a: Ting-Lu|69/100|[from] Stealth Rock
|-ability|p2a: Ting-Lu|Vessel of Ruin
|move|p1a: Blissey|Calm Mind|p1a: Blissey
|-boost|p1a: Blissey|spa|1
|-boost|p1a: Blissey|spd|1
|
|-heal|p2a: Ting-Lu|76/100|[from] item: Leftovers
|-damage|p1a: Blissey|60/100 brn|[from] brn
|upkeep
|turn|18
|
|t:|1779819356
|move|p1a: Blissey|Soft-Boiled|p1a: Blissey
|-heal|p1a: Blissey|100/100 brn
|move|p2a: Ting-Lu|Spikes|p1a: Blissey
|-sidestart|p1: claudechamp|Spikes
|
|-heal|p2a: Ting-Lu|82/100|[from] item: Leftovers
|-damage|p1a: Blissey|94/100 brn|[from] brn
|upkeep
|turn|19
|
|t:|1779819363
|move|p1a: Blissey|Calm Mind|p1a: Blissey
|-boost|p1a: Blissey|spa|1
|-boost|p1a: Blissey|spd|1
|move|p2a: Ting-Lu|Ruination|p1a: Blissey|[miss]
|-miss|p2a: Ting-Lu|p1a: Blissey
|
|-heal|p2a: Ting-Lu|88/100|[from] item: Leftovers
|-damage|p1a: Blissey|88/100 brn|[from] brn
|upkeep
|turn|20
|
|t:|1779819369
|move|p1a: Blissey|Soft-Boiled|p1a: Blissey
|-heal|p1a: Blissey|100/100 brn
|move|p2a: Ting-Lu|Whirlwind|p1a: Blissey
|-curestatus|p1a: Blissey|brn|[from] ability: Natural Cure|[silent]
|drag|p1a: Skarmory|Skarmory, M|2/100
|
|-heal|p2a: Ting-Lu|94/100|[from] item: Leftovers
|upkeep
|turn|21
|
|t:|1779819380
|move|p1a: Skarmory|Roost|p1a: Skarmory
|-heal|p1a: Skarmory|52/100
|-singleturn|p1a: Skarmory|move: Roost
|move|p2a: Ting-Lu|Earthquake|p1a: Skarmory
|-supereffective|p1a: Skarmory
|-crit|p1a: Skarmory
|-damage|p1a: Skarmory|0 fnt
|faint|p1a: Skarmory
|
|-heal|p2a: Ting-Lu|100/100|[from] item: Leftovers
|upkeep
|
|t:|1779819384
|switch|p1a: Blissey|Blissey, F|100/100
|turn|22
|
|t:|1779819392
|move|p1a: Blissey|Calm Mind|p1a: Blissey
|-boost|p1a: Blissey|spa|1
|-boost|p1a: Blissey|spd|1
|move|p2a: Ting-Lu|Ruination|p1a: Blissey
|-damage|p1a: Blissey|50/100
|
|upkeep
|turn|23
|
|t:|1779819402
|move|p1a: Blissey|Soft-Boiled|p1a: Blissey
|-heal|p1a: Blissey|100/100
|move|p2a: Ting-Lu|Earthquake|p1a: Blissey
|-damage|p1a: Blissey|60/100
|
|upkeep
|turn|24
|
|t:|1779819413
|move|p1a: Blissey|Soft-Boiled|p1a: Blissey
|-heal|p1a: Blissey|100/100
|move|p2a: Ting-Lu|Ruination|p1a: Blissey|[miss]
|-miss|p2a: Ting-Lu|p1a: Blissey
|
|upkeep
|turn|25
|
|t:|1779819426
|move|p1a: Blissey|Shadow Ball|p2a: Ting-Lu
|-resisted|p2a: Ting-Lu
|-crit|p2a: Ting-Lu
|-damage|p2a: Ting-Lu|94/100
|move|p2a: Ting-Lu|Ruination|p1a: Blissey
|-damage|p1a: Blissey|50/100
|
|-heal|p2a: Ting-Lu|99/100|[from] item: Leftovers
|upkeep
|turn|26
|
|t:|1779819436
|move|p1a: Blissey|Soft-Boiled|p1a: Blissey
|-heal|p1a: Blissey|100/100
|move|p2a: Ting-Lu|Spikes|p1a: Blissey
|-sidestart|p1: claudechamp|Spikes
|
|-heal|p2a: Ting-Lu|100/100|[from] item: Leftovers
|upkeep
|turn|27
|
|t:|1779819450
|move|p1a: Blissey|Shadow Ball|p2a: Ting-Lu
|-resisted|p2a: Ting-Lu
|-damage|p2a: Ting-Lu|96/100
|move|p2a: Ting-Lu|Ruination|p1a: Blissey
|-damage|p1a: Blissey|50/100
|
|-heal|p2a: Ting-Lu|100/100|[from] item: Leftovers
|upkeep
|turn|28
|
|t:|1779819463
|move|p1a: Blissey|Soft-Boiled|p1a: Blissey
|-heal|p1a: Blissey|100/100
|move|p2a: Ting-Lu|Spikes|p1a: Blissey
|-sidestart|p1: claudechamp|Spikes
|
|upkeep
|turn|29
|
|t:|1779819475
|move|p1a: Blissey|Shadow Ball|p2a: Ting-Lu
|-resisted|p2a: Ting-Lu
|-damage|p2a: Ting-Lu|96/100
|move|p2a: Ting-Lu|Ruination|p1a: Blissey
|-damage|p1a: Blissey|50/100
|
|-heal|p2a: Ting-Lu|100/100|[from] item: Leftovers
|upkeep
|turn|30
|
|t:|1779819487
|move|p1a: Blissey|Soft-Boiled|p1a: Blissey
|-heal|p1a: Blissey|100/100
|move|p2a: Ting-Lu|Ruination|p1a: Blissey
|-damage|p1a: Blissey|50/100
|
|upkeep
|turn|31
|
|t:|1779819498
|switch|p1a: Zamazenta|Zamazenta|100/100
|move|p2a: Ting-Lu|Ruination|p1a: Zamazenta
|-damage|p1a: Zamazenta|51/100
|
|upkeep
|turn|32
|
|t:|1779819514
|switch|p2a: Moltres|Moltres|74/100
|move|p1a: Zamazenta|Ice Fang|p2a: Moltres
|-damage|p2a: Moltres|52/100
|-status|p2a: Moltres|frz
|-status|p1a: Zamazenta|brn|[from] ability: Flame Body|[of] p2a: Moltres
|
|-damage|p1a: Zamazenta|44/100 brn|[from] brn
|upkeep
|turn|33
|
|t:|1779819525
|move|p1a: Zamazenta|Close Combat|p2a: Moltres
|-resisted|p2a: Moltres
|-damage|p2a: Moltres|39/100 frz
|-unboost|p1a: Zamazenta|def|1
|-unboost|p1a: Zamazenta|spd|1
|cant|p2a: Moltres|frz
|
|-damage|p1a: Zamazenta|38/100 brn|[from] brn
|upkeep
|turn|34
|
|t:|1779819535
|switch|p1a: Blissey|Blissey, F|50/100
|cant|p2a: Moltres|frz
|
|upkeep
|turn|35
|
|t:|1779819547
|cant|p2a: Moltres|frz
|move|p1a: Blissey|Soft-Boiled|p1a: Blissey
|-heal|p1a: Blissey|100/100
|
|upkeep
|turn|36
|
|t:|1779819555
|switch|p1a: Zamazenta|Zamazenta|38/100 brn
|cant|p2a: Moltres|frz
|
|-damage|p1a: Zamazenta|32/100 brn|[from] brn
|upkeep
|turn|37
|
|t:|1779819561
|switch|p1a: Blissey|Blissey, F|100/100
|-curestatus|p2a: Moltres|frz|[msg]
|move|p2a: Moltres|Roost|p2a: Moltres
|-heal|p2a: Moltres|89/100
|-singleturn|p2a: Moltres|move: Roost
|
|upkeep
|turn|38
|
|t:|1779819568
|move|p1a: Blissey|Shadow Ball|p2a: Moltres
|-damage|p2a: Moltres|78/100
|move|p2a: Moltres|Roar|p1a: Blissey
|drag|p1a: Zamazenta|Zamazenta|32/100 brn
|
|-damage|p1a: Zamazenta|26/100 brn|[from] brn
|upkeep
|turn|39
|
|t:|1779819578
|move|p1a: Zamazenta|Ice Fang|p2a: Moltres
|-damage|p2a: Moltres|68/100
|move|p2a: Moltres|Flamethrower|p1a: Zamazenta
|-damage|p1a: Zamazenta|0 fnt
|faint|p1a: Zamazenta
|
|upkeep
|
|t:|1779819586
|switch|p1a: Blissey|Blissey, F|100/100
|turn|40
|
|t:|1779819593
|move|p1a: Blissey|Shadow Ball|p2a: Moltres
|-crit|p2a: Moltres
|-damage|p2a: Moltres|53/100
|move|p2a: Moltres|Roar|p1a: Blissey
|drag|p1a: Gholdengo|Gholdengo|100/100
|-damage|p1a: Gholdengo|94/100|[from] Stealth Rock
|-damage|p1a: Gholdengo|70/100|[from] Spikes
|
|upkeep
|turn|41
|
|t:|1779819599
|move|p1a: Gholdengo|Recover|p1a: Gholdengo
|-heal|p1a: Gholdengo|100/100
|move|p2a: Moltres|Flamethrower|p1a: Gholdengo
|-supereffective|p1a: Gholdengo
|-damage|p1a: Gholdengo|29/100
|
|upkeep
|turn|42
|
|t:|1779819610
|move|p1a: Gholdengo|Thunder Wave|p2a: Moltres
|-status|p2a: Moltres|par
|move|p2a: Moltres|Flamethrower|p1a: Gholdengo
|-supereffective|p1a: Gholdengo
|-damage|p1a: Gholdengo|0 fnt
|faint|p1a: Gholdengo
|
|upkeep
|
|t:|1779819620
|switch|p1a: Blissey|Blissey, F|100/100
|turn|43
|
|t:|1779819631
|move|p1a: Blissey|Shadow Ball|p2a: Moltres
|-damage|p2a: Moltres|44/100 par
|cant|p2a: Moltres|par
|
|upkeep
|turn|44
|
|t:|1779819639
|move|p1a: Blissey|Shadow Ball|p2a: Moltres
|-damage|p2a: Moltres|32/100 par
|move|p2a: Moltres|Will-O-Wisp|p1a: Blissey
|-status|p1a: Blissey|brn
|
|-damage|p1a: Blissey|94/100 brn|[from] brn
|upkeep
|turn|45
|
|t:|1779819646
|switch|p2a: Ting-Lu|Ting-Lu|100/100
|-damage|p2a: Ting-Lu|76/100|[from] Spikes
|-damage|p2a: Ting-Lu|69/100|[from] Stealth Rock
|-ability|p2a: Ting-Lu|Vessel of Ruin
|move|p1a: Blissey|Shadow Ball|p2a: Ting-Lu
|-resisted|p2a: Ting-Lu
|-damage|p2a: Ting-Lu|66/100
|
|-heal|p2a: Ting-Lu|72/100|[from] item: Leftovers
|-damage|p1a: Blissey|88/100 brn|[from] brn
|upkeep
|turn|46
|
|t:|1779819653
|move|p1a: Blissey|Shadow Ball|p2a: Ting-Lu
|-resisted|p2a: Ting-Lu
|-damage|p2a: Ting-Lu|69/100
|move|p2a: Ting-Lu|Ruination|p1a: Blissey|[miss]
|-miss|p2a: Ting-Lu|p1a: Blissey
|
|-heal|p2a: Ting-Lu|75/100|[from] item: Leftovers
|-damage|p1a: Blissey|82/100 brn|[from] brn
|upkeep
|turn|47
|
|t:|1779819664
|move|p1a: Blissey|Calm Mind|p1a: Blissey
|-boost|p1a: Blissey|spa|1
|-boost|p1a: Blissey|spd|1
|move|p2a: Ting-Lu|Ruination|p1a: Blissey|[miss]
|-miss|p2a: Ting-Lu|p1a: Blissey
|
|-heal|p2a: Ting-Lu|82/100|[from] item: Leftovers
|-damage|p1a: Blissey|76/100 brn|[from] brn
|upkeep
|turn|48
|
|t:|1779819671
|move|p1a: Blissey|Shadow Ball|p2a: Ting-Lu
|-resisted|p2a: Ting-Lu
|-damage|p2a: Ting-Lu|77/100
|move|p2a: Ting-Lu|Ruination|p1a: Blissey
|-damage|p1a: Blissey|38/100 brn
|
|-heal|p2a: Ting-Lu|83/100|[from] item: Leftovers
|-damage|p1a: Blissey|32/100 brn|[from] brn
|upkeep
|turn|49
|
|t:|1779819683
|move|p1a: Blissey|Calm Mind|p1a: Blissey
|-boost|p1a: Blissey|spa|1
|-boost|p1a: Blissey|spd|1
|move|p2a: Ting-Lu|Earthquake|p1a: Blissey
|-damage|p1a: Blissey|0 fnt
|faint|p1a: Blissey
|
|win|BYouuu
|raw|claudechamp's rating: 1257 &rarr; <strong>1227</strong><br />(-30 for losing)
|raw|BYouuu's rating: 1193 &rarr; <strong>1223</strong><br />(+30 for winning)
|c|☆claudechamp|gg
|l|☆BYouuu
|player|p2|
