|j|☆huyuyang
|j|☆Sontomil
|t:|1779871388
|gametype|singles
|player|p1|huyuyang|iris|1110
|player|p2|Sontomil|hugh|1070
|gen|9
|tier|[Gen 9] OU
|rated|
|rule|HP Percentage Mod: HP is shown in percentages
|rule|Endless Battle Clause: Forcing endless battles is banned
|rule|Species Clause: Limit one of each Pokémon
|rule|OHKO Clause: OHKO moves are banned
|rule|Evasion Items Clause: Evasion items are banned
|rule|Evasion Moves Clause: Evasion moves are banned
|rule|Evasion Abilities Clause: Evasion abilities are banned
|rule|Sleep Moves Clause: Sleep-inducing moves are banned
|clearpoke
|poke|p1|Gholdengo|
|poke|p1|Zapdos|
|poke|p1|Skarmory, M|
|poke|p1|Politoed, F|
|poke|p1|Maushold-Four|
|poke|p1|Kingdra, M|
|poke|p2|Snorlax, M|
|poke|p2|Lapras, M|
|poke|p2|Gengar, F|
|poke|p2|Charizard, M|
|poke|p2|Dragonite, F|
|poke|p2|Rhydon, F|
|teampreview
|inactive|Battle timer is ON: inactive players will automatically lose when time's up. (requested by huyuyang)
|
|t:|1779871402
|teamsize|p1|6
|teamsize|p2|6
|start
|switch|p1a: Maushold|Maushold-Four|100/100
|switch|p2a: Snorlax|Snorlax, M|100/100
|turn|1
|
|t:|1779871415
|move|p1a: Maushold|Tidy Up|p1a: Maushold
|-boost|p1a: Maushold|atk|1
|-boost|p1a: Maushold|spe|1
|move|p2a: Snorlax|Body Slam|p1a: Maushold
|-damage|p1a: Maushold|49/100
|-status|p1a: Maushold|par
|
|upkeep
|turn|2
|
|t:|1779871425
|move|p1a: Maushold|Population Bomb|p2a: Snorlax
|-damage|p2a: Snorlax|86/100
|-damage|p2a: Snorlax|72/100
|-damage|p2a: Snorlax|59/100
|-damage|p2a: Snorlax|44/100
|-damage|p2a: Snorlax|30/100
|-hitcount|p2a: Snorlax|5
|move|p2a: Snorlax|Body Slam|p1a: Maushold
|-damage|p1a: Maushold|0 fnt
|faint|p1a: Maushold
|
|-heal|p2a: Snorlax|36/100|[from] item: Leftovers
|upkeep
|
|t:|1779871438
|switch|p1a: Politoed|Politoed, F|100/100
|-weather|RainDance|[from] ability: Drizzle|[of] p1a: Politoed
|turn|3
|
|t:|1779871449
|move|p1a: Politoed|Weather Ball|p2a: Snorlax
|-damage|p2a: Snorlax|11/100
|move|p2a: Snorlax|Rest|p2a: Snorlax
|-status|p2a: Snorlax|slp|[from] move: Rest
|-heal|p2a: Snorlax|100/100 slp|[silent]
|
|-weather|RainDance|[upkeep]
|upkeep
|turn|4
|
|t:|1779871462
|switch|p1a: Zapdos|Zapdos|100/100
|cant|p2a: Snorlax|slp
|move|p2a: Snorlax|Snore|p1a: Zapdos
|-damage|p1a: Zapdos|86/100
|
|-weather|RainDance|[upkeep]
|upkeep
|turn|5
|
|t:|1779871474
|switch|p2a: Rhydon|Rhydon, F|100/100
|move|p1a: Zapdos|Hurricane|p2a: Rhydon
|-resisted|p2a: Rhydon
|-damage|p2a: Rhydon|34/100
|-start|p2a: Rhydon|confusion
|-damage|p1a: Zapdos|77/100|[from] item: Life Orb
|
|-weather|RainDance|[upkeep]
|-heal|p2a: Rhydon|40/100|[from] item: Leftovers
|upkeep
|turn|6
|
|t:|1779871493
|move|p1a: Zapdos|Hurricane|p2a: Rhydon
|-resisted|p2a: Rhydon
|-damage|p2a: Rhydon|0 fnt
|faint|p2a: Rhydon
|-damage|p1a: Zapdos|67/100|[from] item: Life Orb
|
|-weather|RainDance|[upkeep]
|upkeep
|
|t:|1779871506
|switch|p2a: Charizard|Charizard, M|100/100
|turn|7
|
|t:|1779871514
|move|p2a: Charizard|Flamethrower|p1a: Zapdos
|-damage|p1a: Zapdos|43/100
|-status|p1a: Zapdos|brn
|move|p1a: Zapdos|Thunder|p2a: Charizard
|-supereffective|p2a: Charizard
|-damage|p2a: Charizard|0 fnt
|faint|p2a: Charizard
|-damage|p1a: Zapdos|33/100 brn|[from] item: Life Orb
|
|-weather|RainDance|[upkeep]
|-damage|p1a: Zapdos|27/100 brn|[from] brn
|upkeep
|
|t:|1779871530
|switch|p2a: Dragonite|Dragonite, F|100/100
|turn|8
|
|t:|1779871536
|switch|p1a: Gholdengo|Gholdengo|100/100
|-item|p1a: Gholdengo|Air Balloon
|move|p2a: Dragonite|Dragon Dance|p2a: Dragonite
|-boost|p2a: Dragonite|atk|1
|-boost|p2a: Dragonite|spe|1
|
|-weather|RainDance|[upkeep]
|upkeep
|turn|9
|
|t:|1779871558
|move|p2a: Dragonite|Extreme Speed|p1a: Gholdengo
|-immune|p1a: Gholdengo
|move|p1a: Gholdengo|Shadow Ball|p2a: Dragonite
|-damage|p2a: Dragonite|63/100
|
|-weather|RainDance|[upkeep]
|-heal|p2a: Dragonite|69/100|[from] item: Leftovers
|upkeep
|turn|10
|
|t:|1779871572
|switch|p2a: Gengar|Gengar, F|100/100
|move|p1a: Gholdengo|Make It Rain|p2a: Gengar
|-damage|p2a: Gengar|0 fnt
|-unboost|p1a: Gholdengo|spa|1
|faint|p2a: Gengar
|
|-weather|none
|upkeep
|inactive|Sontomil has 120 seconds left.
|
|t:|1779871588
|switch|p2a: Lapras|Lapras, M|100/100
|turn|11
|inactive|Sontomil has 120 seconds left.
|
|t:|1779871596
|switch|p1a: Politoed|Politoed, F|100/100
|-weather|RainDance|[from] ability: Drizzle|[of] p1a: Politoed
|move|p2a: Lapras|Thunderbolt|p1a: Politoed
|-supereffective|p1a: Politoed
|-damage|p1a: Politoed|69/100
|-status|p1a: Politoed|par
|
|-weather|RainDance|[upkeep]
|upkeep
|turn|12
|inactive|Sontomil has 120 seconds left.
|
|t:|1779871611
|move|p2a: Lapras|Thunderbolt|p1a: Politoed
|-supereffective|p1a: Politoed
|-damage|p1a: Politoed|37/100 par
|move|p1a: Politoed|Weather Ball|p2a: Lapras
|-immune|p2a: Lapras|[from] ability: Water Absorb
|
|-weather|RainDance|[upkeep]
|upkeep
|turn|13
|inactive|Sontomil has 120 seconds left.
|
|t:|1779871622
|move|p2a: Lapras|Thunderbolt|p1a: Politoed
|-supereffective|p1a: Politoed
|-damage|p1a: Politoed|6/100 par
|cant|p1a: Politoed|par
|
|-weather|RainDance|[upkeep]
|upkeep
|turn|14
|
|t:|1779871631
|move|p2a: Lapras|Thunderbolt|p1a: Politoed
|-supereffective|p1a: Politoed
|-damage|p1a: Politoed|0 fnt
|faint|p1a: Politoed
|
|-weather|RainDance|[upkeep]
|upkeep
|
|t:|1779871634
|switch|p1a: Zapdos|Zapdos|27/100 brn
|turn|15
|
|t:|1779871642
|move|p1a: Zapdos|Thunder|p2a: Lapras
|-supereffective|p2a: Lapras
|-damage|p2a: Lapras|0 fnt
|faint|p2a: Lapras
|-damage|p1a: Zapdos|17/100 brn|[from] item: Life Orb
|
|-weather|RainDance|[upkeep]
|-damage|p1a: Zapdos|11/100 brn|[from] brn
|upkeep
|
|t:|1779871658
|switch|p2a: Snorlax|Snorlax, M|100/100 slp
|turn|16
|
|t:|1779871664
|move|p1a: Zapdos|Thunder|p2a: Snorlax
|-damage|p2a: Snorlax|63/100 slp
|-damage|p1a: Zapdos|1/100 brn|[from] item: Life Orb
|cant|p2a: Snorlax|slp
|move|p2a: Snorlax|Snore|p1a: Zapdos
|-damage|p1a: Zapdos|0 fnt
|faint|p1a: Zapdos
|
|-weather|RainDance|[upkeep]
|-heal|p2a: Snorlax|69/100 slp|[from] item: Leftovers
|upkeep
|
|t:|1779871670
|switch|p1a: Gholdengo|Gholdengo|100/100
|-item|p1a: Gholdengo|Air Balloon
|turn|17
|
|t:|1779871686
|move|p1a: Gholdengo|Psychic|p2a: Snorlax
|-damage|p2a: Snorlax|52/100 slp
|-curestatus|p2a: Snorlax|slp|[msg]
|move|p2a: Snorlax|Thunder Punch|p1a: Gholdengo
|-damage|p1a: Gholdengo|82/100
|-enditem|p1a: Gholdengo|Air Balloon
|
|-weather|RainDance|[upkeep]
|-heal|p2a: Snorlax|58/100|[from] item: Leftovers
|upkeep
|turn|18
|
|t:|1779871701
|move|p1a: Gholdengo|Psychic|p2a: Snorlax
|-damage|p2a: Snorlax|42/100
|move|p2a: Snorlax|Rest|p2a: Snorlax
|-status|p2a: Snorlax|slp|[from] move: Rest
|-heal|p2a: Snorlax|100/100 slp|[silent]
|
|-weather|none
|upkeep
|turn|19
|
|t:|1779871712
|switch|p1a: Skarmory|Skarmory, M|100/100
|cant|p2a: Snorlax|slp
|move|p2a: Snorlax|Snore|p1a: Skarmory
|-resisted|p1a: Skarmory
|-damage|p1a: Skarmory|94/100
|
|upkeep
|turn|20
|
|t:|1779871723
|move|p1a: Skarmory|Stealth Rock|p2a: Snorlax
|-sidestart|p2: Sontomil|move: Stealth Rock
|cant|p2a: Snorlax|slp
|
|upkeep
|turn|21
|
|t:|1779871731
|move|p1a: Skarmory|Body Press|p2a: Snorlax
|-supereffective|p2a: Snorlax
|-damage|p2a: Snorlax|65/100 slp
|-curestatus|p2a: Snorlax|slp|[msg]
|move|p2a: Snorlax|Thunder Punch|p1a: Skarmory
|-supereffective|p1a: Skarmory
|-damage|p1a: Skarmory|56/100
|
|-heal|p2a: Snorlax|71/100|[from] item: Leftovers
|upkeep
|turn|22
|
|t:|1779871745
|move|p2a: Snorlax|Thunder Punch|p1a: Skarmory
|-supereffective|p1a: Skarmory
|-damage|p1a: Skarmory|23/100
|-status|p1a: Skarmory|par
|move|p1a: Skarmory|Roar|p2a: Snorlax
|drag|p2a: Dragonite|Dragonite, F|69/100
|-damage|p2a: Dragonite|44/100|[from] Stealth Rock
|
|-heal|p2a: Dragonite|50/100|[from] item: Leftovers
|upkeep
|turn|23
|
|t:|1779871760
|move|p2a: Dragonite|Extreme Speed|p1a: Skarmory
|-resisted|p1a: Skarmory
|-damage|p1a: Skarmory|11/100 par
|cant|p1a: Skarmory|par
|
|-heal|p2a: Dragonite|56/100|[from] item: Leftovers
|upkeep
|turn|24
|
|t:|1779871770
|move|p2a: Dragonite|Extreme Speed|p1a: Skarmory
|-resisted|p1a: Skarmory
|-damage|p1a: Skarmory|0 fnt
|faint|p1a: Skarmory
|
|-heal|p2a: Dragonite|63/100|[from] item: Leftovers
|upkeep
|
|t:|1779871773
|switch|p1a: Kingdra|Kingdra, M, shiny|100/100
|turn|25
|
|t:|1779871783
|move|p1a: Kingdra|Draco Meteor|p2a: Dragonite|[miss]
|-miss|p1a: Kingdra|p2a: Dragonite
|move|p2a: Dragonite|Roost|p2a: Dragonite
|-heal|p2a: Dragonite|100/100
|-singleturn|p2a: Dragonite|move: Roost
|
|upkeep
|turn|26
|
|t:|1779871793
|-terastallize|p1a: Kingdra|Dragon
|move|p1a: Kingdra|Draco Meteor|p2a: Dragonite
|-supereffective|p2a: Dragonite
|-damage|p2a: Dragonite|0 fnt
|-unboost|p1a: Kingdra|spa|2
|faint|p2a: Dragonite
|
|upkeep
|
|t:|1779871803
|switch|p2a: Snorlax|Snorlax, M|71/100
|-damage|p2a: Snorlax|59/100|[from] Stealth Rock
|turn|27
|
|t:|1779871809
|switch|p1a: Gholdengo|Gholdengo|82/100
|move|p2a: Snorlax|Rest|p2a: Snorlax
|-status|p2a: Snorlax|slp|[from] move: Rest
|-heal|p2a: Snorlax|100/100 slp|[silent]
|
|upkeep
|turn|28
|
|t:|1779871822
|move|p1a: Gholdengo|Psychic|p2a: Snorlax
|-damage|p2a: Snorlax|84/100 slp
|cant|p2a: Snorlax|slp
|move|p2a: Snorlax|Snore|p1a: Gholdengo
|-immune|p1a: Gholdengo
|
|-heal|p2a: Snorlax|90/100 slp|[from] item: Leftovers
|upkeep
|turn|29
|
|t:|1779871835
|move|p1a: Gholdengo|Psychic|p2a: Snorlax
|-damage|p2a: Snorlax|72/100 slp
|cant|p2a: Snorlax|slp
|move|p2a: Snorlax|Snore|p1a: Gholdengo
|-immune|p1a: Gholdengo
|
|-heal|p2a: Snorlax|78/100 slp|[from] item: Leftovers
|upkeep
|turn|30
|
|t:|1779871848
|move|p1a: Gholdengo|Psychic|p2a: Snorlax
|-damage|p2a: Snorlax|61/100 slp
|-curestatus|p2a: Snorlax|slp|[msg]
|move|p2a: Snorlax|Thunder Punch|p1a: Gholdengo
|-damage|p1a: Gholdengo|62/100
|
|-heal|p2a: Snorlax|67/100|[from] item: Leftovers
|upkeep
|turn|31
|
|t:|1779871860
|move|p1a: Gholdengo|Psychic|p2a: Snorlax
|-damage|p2a: Snorlax|50/100
|move|p2a: Snorlax|Thunder Punch|p1a: Gholdengo
|-damage|p1a: Gholdengo|43/100
|
|-heal|p2a: Snorlax|56/100|[from] item: Leftovers
|upkeep
|turn|32
|
|t:|1779871870
|move|p1a: Gholdengo|Recover|p1a: Gholdengo
|-heal|p1a: Gholdengo|94/100
|move|p2a: Snorlax|Rest|p2a: Snorlax
|-status|p2a: Snorlax|slp|[from] move: Rest
|-heal|p2a: Snorlax|100/100 slp|[silent]
|
|upkeep
|turn|33
|
|t:|1779871879
|move|p1a: Gholdengo|Psychic|p2a: Snorlax
|-damage|p2a: Snorlax|82/100 slp
|cant|p2a: Snorlax|slp
|move|p2a: Snorlax|Snore|p1a: Gholdengo
|-immune|p1a: Gholdengo
|
|-heal|p2a: Snorlax|88/100 slp|[from] item: Leftovers
|upkeep
|turn|34
|
|t:|1779871896
|move|p1a: Gholdengo|Psychic|p2a: Snorlax
|-damage|p2a: Snorlax|70/100 slp
|cant|p2a: Snorlax|slp
|move|p2a: Snorlax|Snore|p1a: Gholdengo
|-immune|p1a: Gholdengo
|
|-heal|p2a: Snorlax|76/100 slp|[from] item: Leftovers
|upkeep
|turn|35
|
|t:|1779871909
|move|p1a: Gholdengo|Psychic|p2a: Snorlax
|-damage|p2a: Snorlax|59/100 slp
|-curestatus|p2a: Snorlax|slp|[msg]
|move|p2a: Snorlax|Thunder Punch|p1a: Gholdengo
|-damage|p1a: Gholdengo|73/100
|
|-heal|p2a: Snorlax|65/100|[from] item: Leftovers
|upkeep
|turn|36
|
|t:|1779871920
|move|p1a: Gholdengo|Psychic|p2a: Snorlax
|-damage|p2a: Snorlax|48/100
|move|p2a: Snorlax|Thunder Punch|p1a: Gholdengo
|-damage|p1a: Gholdengo|56/100
|
|-heal|p2a: Snorlax|54/100|[from] item: Leftovers
|upkeep
|turn|37
|c|☆huyuyang|投了吧哥们
|
|t:|1779871931
|move|p1a: Gholdengo|Psychic|p2a: Snorlax
|-damage|p2a: Snorlax|37/100
|move|p2a: Snorlax|Thunder Punch|p1a: Gholdengo
|-damage|p1a: Gholdengo|38/100
|-status|p1a: Gholdengo|par
|
|-heal|p2a: Snorlax|43/100|[from] item: Leftovers
|upkeep
|turn|38
|
|t:|1779871942
|move|p1a: Gholdengo|Recover|p1a: Gholdengo
|-heal|p1a: Gholdengo|88/100 par
|move|p2a: Snorlax|Thunder Punch|p1a: Gholdengo
|-damage|p1a: Gholdengo|69/100 par
|
|-heal|p2a: Snorlax|49/100|[from] item: Leftovers
|upkeep
|turn|39
|
|t:|1779871952
|move|p1a: Gholdengo|Psychic|p2a: Snorlax
|-damage|p2a: Snorlax|30/100
|move|p2a: Snorlax|Thunder Punch|p1a: Gholdengo
|-damage|p1a: Gholdengo|52/100 par
|
|-heal|p2a: Snorlax|36/100|[from] item: Leftovers
|upkeep
|turn|40
|
|t:|1779871962
|move|p1a: Gholdengo|Make It Rain|p2a: Snorlax
|-damage|p2a: Snorlax|1/100
|-unboost|p1a: Gholdengo|spa|1
|move|p2a: Snorlax|Rest|p2a: Snorlax
|-status|p2a: Snorlax|slp|[from] move: Rest
|-heal|p2a: Snorlax|100/100 slp|[silent]
|
|upkeep
|turn|41
|
|t:|1779871978
|move|p1a: Gholdengo|Recover|p1a: Gholdengo
|-heal|p1a: Gholdengo|100/100 par
|cant|p2a: Snorlax|slp
|move|p2a: Snorlax|Snore|p1a: Gholdengo
|-immune|p1a: Gholdengo
|
|upkeep
|turn|42
|
|t:|1779871989
|move|p1a: Gholdengo|Psychic|p2a: Snorlax
|-damage|p2a: Snorlax|89/100 slp
|cant|p2a: Snorlax|slp
|move|p2a: Snorlax|Snore|p1a: Gholdengo
|-immune|p1a: Gholdengo
|
|-heal|p2a: Snorlax|95/100 slp|[from] item: Leftovers
|upkeep
|turn|43
|
|t:|1779872003
|-terastallize|p2a: Snorlax|Normal
|move|p1a: Gholdengo|Psychic|p2a: Snorlax
|-damage|p2a: Snorlax|83/100 slp
|-curestatus|p2a: Snorlax|slp|[msg]
|move|p2a: Snorlax|Thunder Punch|p1a: Gholdengo
|-damage|p1a: Gholdengo|83/100 par
|
|-heal|p2a: Snorlax|89/100|[from] item: Leftovers
|upkeep
|turn|44
|
|t:|1779872017
|move|p1a: Gholdengo|Psychic|p2a: Snorlax
|-damage|p2a: Snorlax|78/100
|move|p2a: Snorlax|Thunder Punch|p1a: Gholdengo
|-damage|p1a: Gholdengo|66/100 par
|
|-heal|p2a: Snorlax|84/100|[from] item: Leftovers
|upkeep
|turn|45
|
|t:|1779872027
|cant|p1a: Gholdengo|par
|move|p2a: Snorlax|Thunder Punch|p1a: Gholdengo
|-damage|p1a: Gholdengo|48/100 par
|
|-heal|p2a: Snorlax|90/100|[from] item: Leftovers
|upkeep
|turn|46
|
|t:|1779872037
|move|p1a: Gholdengo|Recover|p1a: Gholdengo
|-heal|p1a: Gholdengo|98/100 par
|move|p2a: Snorlax|Thunder Punch|p1a: Gholdengo
|-damage|p1a: Gholdengo|78/100 par
|
|-heal|p2a: Snorlax|96/100|[from] item: Leftovers
|upkeep
|turn|47
|
|t:|1779872048
|move|p1a: Gholdengo|Psychic|p2a: Snorlax
|-damage|p2a: Snorlax|84/100
|move|p2a: Snorlax|Thunder Punch|p1a: Gholdengo
|-damage|p1a: Gholdengo|58/100 par
|
|-heal|p2a: Snorlax|90/100|[from] item: Leftovers
|upkeep
|turn|48
|
|t:|1779872058
|move|p1a: Gholdengo|Make It Rain|p2a: Snorlax
|-damage|p2a: Snorlax|66/100
|-unboost|p1a: Gholdengo|spa|1
|move|p2a: Snorlax|Thunder Punch|p1a: Gholdengo
|-damage|p1a: Gholdengo|39/100 par
|
|-heal|p2a: Snorlax|72/100|[from] item: Leftovers
|upkeep
|turn|49
|
|t:|1779872071
|cant|p1a: Gholdengo|par
|move|p2a: Snorlax|Thunder Punch|p1a: Gholdengo
|-damage|p1a: Gholdengo|19/100 par
|
|-heal|p2a: Snorlax|79/100|[from] item: Leftovers
|upkeep
|turn|50
|
|t:|1779872081
|move|p1a: Gholdengo|Recover|p1a: Gholdengo
|-heal|p1a: Gholdengo|69/100 par
|move|p2a: Snorlax|Thunder Punch|p1a: Gholdengo
|-damage|p1a: Gholdengo|49/100 par
|
|-heal|p2a: Snorlax|85/100|[from] item: Leftovers
|upkeep
|turn|51
|
|t:|1779872092
|move|p1a: Gholdengo|Recover|p1a: Gholdengo
|-heal|p1a: Gholdengo|99/100 par
|move|p2a: Snorlax|Thunder Punch|p1a: Gholdengo
|-damage|p1a: Gholdengo|80/100 par
|
|-heal|p2a: Snorlax|91/100|[from] item: Leftovers
|upkeep
|turn|52
|
|t:|1779872103
|move|p1a: Gholdengo|Make It Rain|p2a: Snorlax
|-damage|p2a: Snorlax|72/100
|-unboost|p1a: Gholdengo|spa|1
|move|p2a: Snorlax|Thunder Punch|p1a: Gholdengo
|-damage|p1a: Gholdengo|61/100 par
|
|-heal|p2a: Snorlax|78/100|[from] item: Leftovers
|upkeep
|turn|53
|
|t:|1779872115
|move|p1a: Gholdengo|Recover|p1a: Gholdengo
|-heal|p1a: Gholdengo|100/100 par
|move|p2a: Snorlax|Thunder Punch|p1a: Gholdengo
|-damage|p1a: Gholdengo|81/100 par
|
|-heal|p2a: Snorlax|84/100|[from] item: Leftovers
|upkeep
|turn|54
|
|t:|1779872126
|move|p1a: Gholdengo|Make It Rain|p2a: Snorlax
|-damage|p2a: Snorlax|69/100
|-unboost|p1a: Gholdengo|spa|1
|move|p2a: Snorlax|Thunder Punch|p1a: Gholdengo
|-damage|p1a: Gholdengo|63/100 par
|
|-heal|p2a: Snorlax|75/100|[from] item: Leftovers
|upkeep
|turn|55
|
|t:|1779872136
|cant|p1a: Gholdengo|par
|move|p2a: Snorlax|Thunder Punch|p1a: Gholdengo
|-damage|p1a: Gholdengo|44/100 par
|
|-heal|p2a: Snorlax|81/100|[from] item: Leftovers
|upkeep
|turn|56
|
|t:|1779872139
|move|p1a: Gholdengo|Recover|p1a: Gholdengo
|-heal|p1a: Gholdengo|94/100 par
|move|p2a: Snorlax|Thunder Punch|p1a: Gholdengo
|-damage|p1a: Gholdengo|75/100 par
|
|-heal|p2a: Snorlax|88/100|[from] item: Leftovers
|upkeep
|turn|57
|
|t:|1779872147
|move|p1a: Gholdengo|Make It Rain|p2a: Snorlax
|-damage|p2a: Snorlax|76/100
|-unboost|p1a: Gholdengo|spa|1
|move|p2a: Snorlax|Body Slam|p1a: Gholdengo
|-immune|p1a: Gholdengo
|
|-heal|p2a: Snorlax|82/100|[from] item: Leftovers
|upkeep
|turn|58
|
|t:|1779872158
|switch|p1a: Kingdra|Kingdra, M, shiny, tera:Dragon|100/100
|move|p2a: Snorlax|Body Slam|p1a: Kingdra
|-crit|p1a: Kingdra
|-damage|p1a: Kingdra|27/100
|-status|p1a: Kingdra|par
|
|-heal|p2a: Snorlax|88/100|[from] item: Leftovers
|upkeep
|turn|59
|
|t:|1779872168
|move|p1a: Kingdra|Hurricane|p2a: Snorlax
|-damage|p2a: Snorlax|61/100
|move|p2a: Snorlax|Body Slam|p1a: Kingdra
|-damage|p1a: Kingdra|0 fnt
|faint|p1a: Kingdra
|
|-heal|p2a: Snorlax|67/100|[from] item: Leftovers
|upkeep
|
|t:|1779872173
|switch|p1a: Gholdengo|Gholdengo|75/100 par
|turn|60
|
|t:|1779872183
|move|p1a: Gholdengo|Shadow Ball|p2a: Snorlax
|-immune|p2a: Snorlax
|move|p2a: Snorlax|Body Slam|p1a: Gholdengo
|-immune|p1a: Gholdengo
|
|-heal|p2a: Snorlax|73/100|[from] item: Leftovers
|upkeep
|turn|61
|
|t:|1779872200
|cant|p1a: Gholdengo|par
|move|p2a: Snorlax|Body Slam|p1a: Gholdengo
|-immune|p1a: Gholdengo
|
|-heal|p2a: Snorlax|79/100|[from] item: Leftovers
|upkeep
|turn|62
|
|t:|1779872205
|move|p1a: Gholdengo|Shadow Ball|p2a: Snorlax
|-immune|p2a: Snorlax
|move|p2a: Snorlax|Body Slam|p1a: Gholdengo
|-immune|p1a: Gholdengo
|
|-heal|p2a: Snorlax|85/100|[from] item: Leftovers
|upkeep
|turn|63
|
|t:|1779872214
|move|p1a: Gholdengo|Shadow Ball|p2a: Snorlax
|-immune|p2a: Snorlax
|move|p2a: Snorlax|Body Slam|p1a: Gholdengo
|-immune|p1a: Gholdengo
|
|-heal|p2a: Snorlax|91/100|[from] item: Leftovers
|upkeep
|turn|64
|c|☆huyuyang|有意思嘛兄弟
|
|t:|1779872226
|move|p1a: Gholdengo|Shadow Ball|p2a: Snorlax
|-immune|p2a: Snorlax
|move|p2a: Snorlax|Body Slam|p1a: Gholdengo
|-immune|p1a: Gholdengo
|
|-heal|p2a: Snorlax|97/100|[from] item: Leftovers
|upkeep
|turn|65
|
|t:|1779872235
|move|p1a: Gholdengo|Shadow Ball|p2a: Snorlax
|-immune|p2a: Snorlax
|move|p2a: Snorlax|Body Slam|p1a: Gholdengo
|-immune|p1a: Gholdengo
|
|-heal|p2a: Snorlax|100/100|[from] item: Leftovers
|upkeep
|turn|66
|
|t:|1779872244
|move|p1a: Gholdengo|Shadow Ball|p2a: Snorlax
|-immune|p2a: Snorlax
|move|p2a: Snorlax|Body Slam|p1a: Gholdengo
|-immune|p1a: Gholdengo
|
|upkeep
|turn|67
|
|t:|1779872251
|move|p1a: Gholdengo|Shadow Ball|p2a: Snorlax
|-immune|p2a: Snorlax
|move|p2a: Snorlax|Body Slam|p1a: Gholdengo
|-immune|p1a: Gholdengo
|
|upkeep
|turn|68
|
|t:|1779872258
|move|p1a: Gholdengo|Shadow Ball|p2a: Snorlax
|-immune|p2a: Snorlax
|move|p2a: Snorlax|Body Slam|p1a: Gholdengo
|-immune|p1a: Gholdengo
|
|upkeep
|turn|69
|
|t:|1779872265
|move|p1a: Gholdengo|Shadow Ball|p2a: Snorlax
|-immune|p2a: Snorlax
|move|p2a: Snorlax|Body Slam|p1a: Gholdengo
|-immune|p1a: Gholdengo
|
|upkeep
|turn|70
|
|t:|1779872273
|move|p1a: Gholdengo|Shadow Ball|p2a: Snorlax
|-immune|p2a: Snorlax
|move|p2a: Snorlax|Body Slam|p1a: Gholdengo
|-immune|p1a: Gholdengo
|
|upkeep
|turn|71
|
|t:|1779872280
|cant|p1a: Gholdengo|par
|move|p2a: Snorlax|Body Slam|p1a: Gholdengo
|-immune|p1a: Gholdengo
|
|upkeep
|turn|72
|
|t:|1779872286
|move|p1a: Gholdengo|Shadow Ball|p2a: Snorlax
|-immune|p2a: Snorlax
|move|p2a: Snorlax|Body Slam|p1a: Gholdengo
|-immune|p1a: Gholdengo
|
|upkeep
|turn|73
|
|t:|1779872293
|cant|p1a: Gholdengo|par
|move|p2a: Snorlax|Body Slam|p1a: Gholdengo
|-immune|p1a: Gholdengo
|
|upkeep
|turn|74
|
|t:|1779872299
|move|p1a: Gholdengo|Shadow Ball|p2a: Snorlax
|-immune|p2a: Snorlax
|move|p2a: Snorlax|Body Slam|p1a: Gholdengo
|-immune|p1a: Gholdengo
|
|upkeep
|turn|75
|
|t:|1779872306
|move|p1a: Gholdengo|Shadow Ball|p2a: Snorlax
|-immune|p2a: Snorlax
|move|p2a: Snorlax|Body Slam|p1a: Gholdengo
|-immune|p1a: Gholdengo
|
|upkeep
|turn|76
|
|t:|1779872313
|move|p1a: Gholdengo|Shadow Ball|p2a: Snorlax
|-immune|p2a: Snorlax
|move|p2a: Snorlax|Body Slam|p1a: Gholdengo
|-immune|p1a: Gholdengo
|
|upkeep
|turn|77
|
|t:|1779872320
|cant|p1a: Gholdengo|par
|move|p2a: Snorlax|Body Slam|p1a: Gholdengo
|-immune|p1a: Gholdengo
|
|upkeep
|turn|78
|c|☆huyuyang|打一辈子
|
|t:|1779872327
|move|p1a: Gholdengo|Shadow Ball|p2a: Snorlax
|-immune|p2a: Snorlax
|move|p2a: Snorlax|Body Slam|p1a: Gholdengo
|-immune|p1a: Gholdengo
|
|upkeep
|turn|79
|
|t:|1779872335
|move|p1a: Gholdengo|Shadow Ball|p2a: Snorlax
|-immune|p2a: Snorlax
|move|p2a: Snorlax|Snore||[still]
|-fail|p2a: Snorlax
|
|upkeep
|turn|80
|
|t:|1779872345
|move|p1a: Gholdengo|Shadow Ball|p2a: Snorlax
|-immune|p2a: Snorlax
|move|p2a: Snorlax|Rest|p2a: Snorlax
|-fail|p2a: Snorlax|heal
|
|upkeep
|turn|81
|
|t:|1779872353
|cant|p1a: Gholdengo|par
|move|p2a: Snorlax|Snore||[still]
|-fail|p2a: Snorlax
|
|upkeep
|turn|82
|
|t:|1779872360
|move|p1a: Gholdengo|Shadow Ball|p2a: Snorlax
|-immune|p2a: Snorlax
|move|p2a: Snorlax|Snore||[still]
|-fail|p2a: Snorlax
|
|upkeep
|turn|83
|
|t:|1779872369
|move|p1a: Gholdengo|Shadow Ball|p2a: Snorlax
|-immune|p2a: Snorlax
|move|p2a: Snorlax|Snore||[still]
|-fail|p2a: Snorlax
|
|upkeep
|turn|84
|
|t:|1779872377
|move|p1a: Gholdengo|Shadow Ball|p2a: Snorlax
|-immune|p2a: Snorlax
|move|p2a: Snorlax|Rest|p2a: Snorlax
|-fail|p2a: Snorlax|heal
|
|upkeep
|turn|85
|
|t:|1779872384
|cant|p1a: Gholdengo|par
|move|p2a: Snorlax|Snore||[still]
|-fail|p2a: Snorlax
|
|upkeep
|turn|86
|
|t:|1779872390
|move|p1a: Gholdengo|Shadow Ball|p2a: Snorlax
|-immune|p2a: Snorlax
|move|p2a: Snorlax|Snore||[still]
|-fail|p2a: Snorlax
|
|upkeep
|turn|87
|
|t:|1779872397
|move|p1a: Gholdengo|Shadow Ball|p2a: Snorlax
|-immune|p2a: Snorlax
|move|p2a: Snorlax|Snore||[still]
|-fail|p2a: Snorlax
|
|upkeep
|turn|88
|
|t:|1779872403
|cant|p1a: Gholdengo|par
|move|p2a: Snorlax|Snore||[still]
|-fail|p2a: Snorlax
|
|upkeep
|turn|89
|
|t:|1779872409
|cant|p1a: Gholdengo|par
|move|p2a: Snorlax|Snore||[still]
|-fail|p2a: Snorlax
|
|upkeep
|turn|90
|
|t:|1779872415
|move|p1a: Gholdengo|Shadow Ball|p2a: Snorlax
|-immune|p2a: Snorlax
|move|p2a: Snorlax|Rest|p2a: Snorlax
|-fail|p2a: Snorlax|heal
|
|upkeep
|turn|91
|
|t:|1779872422
|move|p1a: Gholdengo|Make It Rain|p2a: Snorlax
|-damage|p2a: Snorlax|67/100
|-unboost|p1a: Gholdengo|spa|1
|move|p2a: Snorlax|Snore||[still]
|-fail|p2a: Snorlax
|
|-heal|p2a: Snorlax|73/100|[from] item: Leftovers
|upkeep
|turn|92
|
|t:|1779872432
|cant|p1a: Gholdengo|par
|move|p2a: Snorlax|Snore||[still]
|-fail|p2a: Snorlax
|
|-heal|p2a: Snorlax|79/100|[from] item: Leftovers
|upkeep
|turn|93
|
|t:|1779872441
|move|p1a: Gholdengo|Make It Rain|p2a: Snorlax
|-damage|p2a: Snorlax|56/100
|-unboost|p1a: Gholdengo|spa|1
|move|p2a: Snorlax|Snore||[still]
|-fail|p2a: Snorlax
|
|-heal|p2a: Snorlax|62/100|[from] item: Leftovers
|upkeep
|turn|94
|
|t:|1779872452
|-activate|p1a: Gholdengo|move: Struggle
|move|p1a: Gholdengo|Struggle|p2a: Snorlax
|-damage|p2a: Snorlax|58/100
|-damage|p1a: Gholdengo|50/100 par|[from] recoil
|move|p2a: Snorlax|Snore||[still]
|-fail|p2a: Snorlax
|
|-heal|p2a: Snorlax|64/100|[from] item: Leftovers
|upkeep
|turn|95
|
|t:|1779872461
|-activate|p1a: Gholdengo|move: Struggle
|move|p1a: Gholdengo|Struggle|p2a: Snorlax
|-damage|p2a: Snorlax|60/100
|-damage|p1a: Gholdengo|25/100 par|[from] recoil
|move|p2a: Snorlax|Snore||[still]
|-fail|p2a: Snorlax
|
|-heal|p2a: Snorlax|66/100|[from] item: Leftovers
|upkeep
|turn|96
|
|t:|1779872471
|-activate|p1a: Gholdengo|move: Struggle
|move|p1a: Gholdengo|Struggle|p2a: Snorlax
|-damage|p2a: Snorlax|62/100
|-damage|p1a: Gholdengo|0 fnt|[from] recoil
|faint|p1a: Gholdengo
|
|win|Sontomil
|raw|huyuyang's rating: 1110 &rarr; <strong>1082</strong><br />(-28 for losing)
|raw|Sontomil's rating: 1070 &rarr; <strong>1103</strong><br />(+33 for winning)
|l|☆Sontomil
|player|p2|
