|j|☆ycaiox10
|j|☆Molestei o Junin
|t:|1779922845
|gametype|singles
|player|p1|ycaiox10|265|
|player|p2|Molestei o Junin|marshal|
|gen|9
|tier|[Gen 9] OU
|rule|HP Percentage Mod: HP is shown in percentages
|rule|Endless Battle Clause: Forcing endless battles is banned
|rule|Species Clause: Limit one of each Pokémon
|rule|OHKO Clause: OHKO moves are banned
|rule|Evasion Items Clause: Evasion items are banned
|rule|Evasion Moves Clause: Evasion moves are banned
|rule|Evasion Abilities Clause: Evasion abilities are banned
|rule|Sleep Moves Clause: Sleep-inducing moves are banned
|clearpoke
|poke|p1|Kingambit, F|
|poke|p1|Raging Bolt|
|poke|p1|Landorus-Therian, M|
|poke|p1|Cinderace, F|
|poke|p1|Primarina, F|
|poke|p1|Zamazenta-*|
|poke|p2|Kleavor, F|
|poke|p2|Torterra, F|
|poke|p2|Mimikyu, M|
|poke|p2|Entei|
|poke|p2|Crawdaunt, M|
|poke|p2|Maushold|
|teampreview
|inactive|Battle timer is ON: inactive players will automatically lose when time's up. (requested by Molestei o Junin)
|inactive|ycaiox10 has 270 seconds left.
|inactive|ycaiox10 has 240 seconds left.
|
|t:|1779922910
|teamsize|p1|6
|teamsize|p2|6
|start
|switch|p1a: Landorus|Landorus-Therian, M|100/100
|switch|p2a: Kleavor|Kleavor, F|100/100
|-ability|p1a: Landorus|Intimidate|boost
|-unboost|p2a: Kleavor|atk|1
|turn|1
|inactive|Molestei o Junin has 270 seconds left.
|inactive|Molestei o Junin has 240 seconds left.
|
|t:|1779922982
|move|p1a: Landorus|Stealth Rock|p2a: Kleavor
|-sidestart|p2: Molestei o Junin|move: Stealth Rock
|move|p2a: Kleavor|Trailblaze|p1a: Landorus
|-damage|p1a: Landorus|89/100
|-boost|p2a: Kleavor|spe|1
|-damage|p2a: Kleavor|84/100|[from] item: Rocky Helmet|[of] p1a: Landorus
|
|upkeep
|turn|2
|inactive|ycaiox10 has 270 seconds left.
|
|t:|1779923041
|move|p2a: Kleavor|Stone Axe|p1a: Landorus
|-damage|p1a: Landorus|57/100
|-damage|p2a: Kleavor|68/100|[from] item: Rocky Helmet|[of] p1a: Landorus
|-sidestart|p1: ycaiox10|move: Stealth Rock
|move|p1a: Landorus|Earth Power|p2a: Kleavor
|-damage|p2a: Kleavor|18/100
|
|upkeep
|turn|3
|
|t:|1779923056
|move|p2a: Kleavor|Stone Axe|p1a: Landorus
|-damage|p1a: Landorus|22/100
|-damage|p2a: Kleavor|2/100|[from] item: Rocky Helmet|[of] p1a: Landorus
|move|p1a: Landorus|Earth Power|p2a: Kleavor
|-damage|p2a: Kleavor|0 fnt
|faint|p2a: Kleavor
|
|upkeep
|
|t:|1779923064
|switch|p2a: Crawdaunt|Crawdaunt, M|100/100
|-damage|p2a: Crawdaunt|88/100|[from] Stealth Rock
|turn|4
|inactive|ycaiox10 has 240 seconds left.
|
|t:|1779923087
|move|p2a: Crawdaunt|Aqua Jet|p1a: Landorus
|-supereffective|p1a: Landorus
|-damage|p1a: Landorus|0 fnt
|-damage|p2a: Crawdaunt|72/100|[from] item: Rocky Helmet|[of] p1a: Landorus
|faint|p1a: Landorus
|
|upkeep
|
|t:|1779923090
|switch|p1a: Raging Bolt|Raging Bolt|100/100
|-damage|p1a: Raging Bolt|88/100|[from] Stealth Rock
|-enditem|p1a: Raging Bolt|Booster Energy
|-activate|p1a: Raging Bolt|ability: Protosynthesis|[fromitem]
|-start|p1a: Raging Bolt|protosynthesisspa
|turn|5
|inactive|Molestei o Junin has 270 seconds left.
|
|t:|1779923103
|move|p1a: Raging Bolt|Calm Mind|p1a: Raging Bolt
|-boost|p1a: Raging Bolt|spa|1
|-boost|p1a: Raging Bolt|spd|1
|move|p2a: Crawdaunt|Knock Off|p1a: Raging Bolt
|-damage|p1a: Raging Bolt|49/100
|
|upkeep
|turn|6
|
|t:|1779923115
|move|p1a: Raging Bolt|Thunderclap|p2a: Crawdaunt
|-supereffective|p2a: Crawdaunt
|-damage|p2a: Crawdaunt|0 fnt
|faint|p2a: Crawdaunt
|
|upkeep
|inactive|Molestei o Junin has 270 seconds left.
|
|t:|1779923132
|switch|p2a: Maushold|Maushold|100/100
|-damage|p2a: Maushold|88/100|[from] Stealth Rock
|turn|7
|
|t:|1779923141
|move|p1a: Raging Bolt|Thunderclap||[still]
|-fail|p1a: Raging Bolt
|move|p2a: Maushold|Encore|p1a: Raging Bolt
|-start|p1a: Raging Bolt|Encore
|
|upkeep
|turn|8
|
|t:|1779923144
|move|p1a: Raging Bolt|Thunderclap||[still]
|-fail|p1a: Raging Bolt
|move|p2a: Maushold|Tidy Up|p2a: Maushold
|-sideend|p2: Molestei o Junin|Stealth Rock
|-sideend|p1: ycaiox10|Stealth Rock
|-activate|p2a: Maushold|move: Tidy Up
|-boost|p2a: Maushold|atk|1
|-boost|p2a: Maushold|spe|1
|
|upkeep
|turn|9
|
|t:|1779923158
|move|p1a: Raging Bolt|Thunderclap||[still]
|-fail|p1a: Raging Bolt
|move|p2a: Maushold|Tidy Up|p2a: Maushold
|-boost|p2a: Maushold|atk|1
|-boost|p2a: Maushold|spe|1
|
|upkeep
|turn|10
|
|t:|1779923161
|move|p1a: Raging Bolt|Thunderclap||[still]
|-fail|p1a: Raging Bolt
|move|p2a: Maushold|Tidy Up|p2a: Maushold
|-boost|p2a: Maushold|atk|1
|-boost|p2a: Maushold|spe|1
|
|-end|p1a: Raging Bolt|Encore
|upkeep
|turn|11
|
|t:|1779923165
|move|p2a: Maushold|Encore|p1a: Raging Bolt
|-start|p1a: Raging Bolt|Encore
|move|p1a: Raging Bolt|Thunderclap||[still]
|-fail|p1a: Raging Bolt
|
|upkeep
|turn|12
|
|t:|1779923168
|move|p1a: Raging Bolt|Thunderclap||[still]
|-fail|p1a: Raging Bolt
|move|p2a: Maushold|Tidy Up|p2a: Maushold
|-boost|p2a: Maushold|atk|1
|-boost|p2a: Maushold|spe|1
|
|upkeep
|turn|13
|
|t:|1779923171
|move|p1a: Raging Bolt|Thunderclap||[still]
|-fail|p1a: Raging Bolt
|move|p2a: Maushold|Tidy Up|p2a: Maushold
|-boost|p2a: Maushold|atk|1
|-boost|p2a: Maushold|spe|1
|
|-end|p1a: Raging Bolt|Encore
|upkeep
|turn|14
|
|t:|1779923179
|-terastallize|p1a: Raging Bolt|Bug
|move|p2a: Maushold|Population Bomb|p1a: Raging Bolt
|-damage|p1a: Raging Bolt|16/100
|-damage|p1a: Raging Bolt|0 fnt
|faint|p1a: Raging Bolt
|-end|p1a: Raging Bolt|Protosynthesis|[silent]
|-hitcount|p1: Raging Bolt|2
|
|upkeep
|
|t:|1779923184
|switch|p1a: Kingambit|Kingambit, F|100/100
|-activate|p1a: Kingambit|ability: Supreme Overlord
|-start|p1a: Kingambit|fallen2|[silent]
|-item|p1a: Kingambit|Air Balloon
|turn|15
|
|t:|1779923190
|move|p1a: Kingambit|Sucker Punch|p2a: Maushold
|-damage|p2a: Maushold|15/100
|move|p2a: Maushold|Population Bomb|p1a: Kingambit
|-resisted|p1a: Kingambit
|-damage|p1a: Kingambit|86/100
|-enditem|p1a: Kingambit|Air Balloon
|-resisted|p1a: Kingambit
|-damage|p1a: Kingambit|74/100
|-resisted|p1a: Kingambit
|-damage|p1a: Kingambit|59/100
|-resisted|p1a: Kingambit
|-damage|p1a: Kingambit|44/100
|-resisted|p1a: Kingambit
|-damage|p1a: Kingambit|31/100
|-resisted|p1a: Kingambit
|-damage|p1a: Kingambit|17/100
|-resisted|p1a: Kingambit
|-damage|p1a: Kingambit|3/100
|-resisted|p1a: Kingambit
|-damage|p1a: Kingambit|0 fnt
|faint|p1a: Kingambit
|-end|p1a: Kingambit|fallen2|[silent]
|-hitcount|p1: Kingambit|8
|
|upkeep
|
|t:|1779923196
|switch|p1a: Cinderace|Cinderace, F|100/100
|turn|16
|
|t:|1779923200
|move|p2a: Maushold|Bite|p1a: Cinderace
|-damage|p1a: Cinderace|0 fnt
|faint|p1a: Cinderace
|
|upkeep
|
|t:|1779923204
|switch|p1a: Zamazenta|Zamazenta|100/100
|-ability|p1a: Zamazenta|Dauntless Shield|boost
|-boost|p1a: Zamazenta|def|1
|turn|17
|
|t:|1779923214
|move|p2a: Maushold|Population Bomb|p1a: Zamazenta
|-damage|p1a: Zamazenta|76/100
|-damage|p1a: Zamazenta|54/100
|-damage|p1a: Zamazenta|29/100
|-damage|p1a: Zamazenta|5/100
|-crit|p1a: Zamazenta
|-damage|p1a: Zamazenta|0 fnt
|faint|p1a: Zamazenta
|-hitcount|p1: Zamazenta|5
|
|upkeep
|
|t:|1779923217
|switch|p1a: Primarina|Primarina, F|100/100
|turn|18
|
|t:|1779923222
|move|p2a: Maushold|Population Bomb|p1a: Primarina
|-damage|p1a: Primarina|68/100
|-damage|p1a: Primarina|35/100
|-damage|p1a: Primarina|1/100
|-damage|p1a: Primarina|0 fnt
|faint|p1a: Primarina
|-hitcount|p1: Primarina|4
|
|win|Molestei o Junin
|l|☆ycaiox10
|player|p1|
