|j|☆PikachuRTM
|j|☆RandumbRaccoon
|t:|1779941800
|gametype|singles
|player|p1|PikachuRTM|ltsurge|1364
|player|p2|RandumbRaccoon|ingo|1449
|gen|9
|tier|[Gen 9] OU
|rated|
|rule|HP Percentage Mod: HP is shown in percentages
|rule|Endless Battle Clause: Forcing endless battles is banned
|rule|Species Clause: Limit one of each Pokémon
|rule|OHKO Clause: OHKO moves are banned
|rule|Evasion Items Clause: Evasion items are banned
|rule|Evasion Moves Clause: Evasion moves are banned
|rule|Evasion Abilities Clause: Evasion abilities are banned
|rule|Sleep Moves Clause: Sleep-inducing moves are banned
|clearpoke
|poke|p1|Pikachu, M|
|poke|p1|Dragapult, M|
|poke|p1|Samurott-Hisui, M|
|poke|p1|Great Tusk|
|poke|p1|Gholdengo|
|poke|p1|Iron Valiant|
|poke|p2|Zamazenta-*|
|poke|p2|Iron Hands|
|poke|p2|Ceruledge, F|
|poke|p2|Iron Valiant|
|poke|p2|Deoxys-Speed|
|poke|p2|Glimmora, F|
|teampreview
|inactive|Battle timer is ON: inactive players will automatically lose when time's up. (requested by RandumbRaccoon)
|
|t:|1779941824
|teamsize|p1|6
|teamsize|p2|6
|start
|switch|p1a: Gałlade|Iron Valiant|100/100
|switch|p2a: Glimmora|Glimmora, F|100/100
|turn|1
|
|t:|1779941828
|move|p1a: Gałlade|Moonblast|p2a: Glimmora
|-resisted|p2a: Glimmora
|-damage|p2a: Glimmora|65/100
|-unboost|p2a: Glimmora|spa|1
|-enditem|p2a: Glimmora|Red Card|[of] p1a: Gałlade
|-end|p1a: Gałlade|Quark Drive|[silent]
|drag|p1a: Dönphan|Great Tusk|100/100
|move|p2a: Glimmora|Stealth Rock|p1a: Dönphan
|-sidestart|p1: PikachuRTM|move: Stealth Rock
|
|upkeep
|turn|2
|
|t:|1779941848
|-terastallize|p2a: Glimmora|Ghost
|move|p1a: Dönphan|Stealth Rock|p2a: Glimmora
|-sidestart|p2: RandumbRaccoon|move: Stealth Rock
|move|p2a: Glimmora|Mortal Spin|p1a: Dönphan
|-resisted|p1a: Dönphan
|-damage|p1a: Dönphan|98/100
|-status|p1a: Dönphan|psn
|-sideend|p2: RandumbRaccoon|Stealth Rock|[from] move: Mortal Spin|[of] p2a: Glimmora
|
|-damage|p1a: Dönphan|86/100 psn|[from] psn
|upkeep
|turn|3
|
|t:|1779941857
|move|p1a: Dönphan|Headlong Rush|p2a: Glimmora
|-damage|p2a: Glimmora|24/100
|-unboost|p1a: Dönphan|def|1
|-unboost|p1a: Dönphan|spd|1
|-activate|p2a: Glimmora|ability: Toxic Debris
|-sidestart|p1: PikachuRTM|move: Toxic Spikes
|move|p2a: Glimmora|Spikes|p1a: Dönphan
|-sidestart|p1: PikachuRTM|Spikes
|
|-damage|p1a: Dönphan|73/100 psn|[from] psn
|upkeep
|turn|4
|
|t:|1779941870
|switch|p2a: Zamazenta|Zamazenta|100/100
|-ability|p2a: Zamazenta|Dauntless Shield|boost
|-boost|p2a: Zamazenta|def|1
|move|p1a: Dönphan|Stealth Rock|p2a: Zamazenta
|-sidestart|p2: RandumbRaccoon|move: Stealth Rock
|
|-damage|p1a: Dönphan|61/100 psn|[from] psn
|upkeep
|turn|5
|
|t:|1779941874
|move|p2a: Zamazenta|Body Press|p1a: Dönphan
|-damage|p1a: Dönphan|2/100 psn
|move|p1a: Dönphan|Rapid Spin|p2a: Zamazenta
|-damage|p2a: Zamazenta|92/100
|-boost|p1a: Dönphan|spe|1
|-sideend|p1: PikachuRTM|Spikes|[from] move: Rapid Spin|[of] p1a: Dönphan
|-sideend|p1: PikachuRTM|Toxic Spikes|[from] move: Rapid Spin|[of] p1a: Dönphan
|-sideend|p1: PikachuRTM|Stealth Rock|[from] move: Rapid Spin|[of] p1a: Dönphan
|
|-heal|p2a: Zamazenta|98/100|[from] item: Leftovers
|-damage|p1a: Dönphan|0 fnt|[from] psn
|faint|p1a: Dönphan
|-end|p1a: Dönphan|Protosynthesis|[silent]
|upkeep
|inactive|PikachuRTM has 120 seconds left.
|
|t:|1779941905
|switch|p1a: Liftoff|Dragapult, M, shiny|100/100
|turn|6
|
|t:|1779941909
|move|p1a: Liftoff|Will-O-Wisp|p2a: Zamazenta
|-status|p2a: Zamazenta|brn
|move|p2a: Zamazenta|Iron Defense|p2a: Zamazenta
|-boost|p2a: Zamazenta|def|2
|
|-heal|p2a: Zamazenta|100/100 brn|[from] item: Leftovers
|-damage|p2a: Zamazenta|94/100 brn|[from] brn
|upkeep
|turn|7
|
|t:|1779941912
|move|p1a: Liftoff|Hex|p2a: Zamazenta
|-damage|p2a: Zamazenta|40/100 brn
|move|p2a: Zamazenta|Roar|p1a: Liftoff
|drag|p1a: Derrick|Pikachu, M|100/100
|
|-heal|p2a: Zamazenta|46/100 brn|[from] item: Leftovers
|-damage|p2a: Zamazenta|40/100 brn|[from] brn
|upkeep
|turn|8
|
|t:|1779941922
|switch|p1a: Liftoff|Dragapult, M, shiny|100/100
|move|p2a: Zamazenta|Body Press|p1a: Liftoff
|-immune|p1a: Liftoff
|
|-heal|p2a: Zamazenta|46/100 brn|[from] item: Leftovers
|-damage|p2a: Zamazenta|40/100 brn|[from] brn
|upkeep
|turn|9
|
|t:|1779941926
|switch|p2a: Glimmora|Glimmora, F, tera:Ghost|24/100
|-damage|p2a: Glimmora|11/100|[from] Stealth Rock
|move|p1a: Liftoff|Will-O-Wisp|p2a: Glimmora
|-status|p2a: Glimmora|brn
|
|-damage|p2a: Glimmora|5/100 brn|[from] brn
|upkeep
|turn|10
|
|t:|1779941933
|move|p1a: Liftoff|Hex|p2a: Glimmora
|-supereffective|p2a: Glimmora
|-damage|p2a: Glimmora|0 fnt
|faint|p2a: Glimmora
|
|upkeep
|
|t:|1779941942
|switch|p2a: Iron Valiant|Iron Valiant|100/100
|-damage|p2a: Iron Valiant|94/100|[from] Stealth Rock
|-enditem|p2a: Iron Valiant|Booster Energy
|-activate|p2a: Iron Valiant|ability: Quark Drive|[fromitem]
|-start|p2a: Iron Valiant|quarkdrivespe
|turn|11
|
|t:|1779941956
|switch|p1a: Gałlade|Iron Valiant|100/100
|move|p2a: Iron Valiant|Calm Mind|p2a: Iron Valiant
|-boost|p2a: Iron Valiant|spa|1
|-boost|p2a: Iron Valiant|spd|1
|
|upkeep
|turn|12
|
|t:|1779941959
|move|p2a: Iron Valiant|Moonblast|p1a: Gałlade
|-supereffective|p1a: Gałlade
|-damage|p1a: Gałlade|0 fnt
|faint|p1a: Gałlade
|-end|p1a: Gałlade|Quark Drive|[silent]
|
|upkeep
|inactive|PikachuRTM has 120 seconds left.
|
|t:|1779942014
|switch|p1a: Gholdie|Gholdengo|100/100
|-item|p1a: Gholdie|Air Balloon
|turn|13
|
|t:|1779942022
|move|p2a: Iron Valiant|Moonblast|p1a: Gholdie
|-resisted|p1a: Gholdie
|-damage|p1a: Gholdie|59/100
|-enditem|p1a: Gholdie|Air Balloon
|move|p1a: Gholdie|Make It Rain|p2a: Iron Valiant
|-supereffective|p2a: Iron Valiant
|-damage|p2a: Iron Valiant|0 fnt
|-unboost|p1a: Gholdie|spa|1
|faint|p2a: Iron Valiant
|-end|p2a: Iron Valiant|Quark Drive|[silent]
|
|upkeep
|
|t:|1779942033
|switch|p2a: Deoxys|Deoxys-Speed|100/100
|-damage|p2a: Deoxys|88/100|[from] Stealth Rock
|-ability|p2a: Deoxys|Pressure
|turn|14
|
|t:|1779942042
|move|p2a: Deoxys|Reflect|p2a: Deoxys
|-sidestart|p2: RandumbRaccoon|Reflect
|move|p1a: Gholdie|Nasty Plot|p1a: Gholdie
|-boost|p1a: Gholdie|spa|2
|
|upkeep
|turn|15
|
|t:|1779942044
|move|p2a: Deoxys|Light Screen|p2a: Deoxys
|-sidestart|p2: RandumbRaccoon|move: Light Screen
|move|p1a: Gholdie|Shadow Ball|p2a: Deoxys
|-supereffective|p2a: Deoxys
|-damage|p2a: Deoxys|11/100
|
|upkeep
|turn|16
|
|t:|1779942050
|move|p1a: Gholdie|Nasty Plot|p1a: Gholdie
|-boost|p1a: Gholdie|spa|2
|move|p2a: Deoxys|Teleport|p2a: Deoxys
|
|t:|1779942056
|switch|p2a: Ceruledge|Ceruledge, F|100/100|[from] Teleport
|-damage|p2a: Ceruledge|76/100|[from] Stealth Rock
|
|upkeep
|turn|17
|
|t:|1779942061
|move|p1a: Gholdie|Shadow Ball|p2a: Ceruledge
|-supereffective|p2a: Ceruledge
|-damage|p2a: Ceruledge|0 fnt
|faint|p2a: Ceruledge
|
|upkeep
|
|t:|1779942065
|switch|p2a: Iron Hands|Iron Hands|100/100
|-damage|p2a: Iron Hands|94/100|[from] Stealth Rock
|-enditem|p2a: Iron Hands|Booster Energy
|-activate|p2a: Iron Hands|ability: Quark Drive|[fromitem]
|-start|p2a: Iron Hands|quarkdriveatk
|turn|18
|
|t:|1779942070
|move|p1a: Gholdie|Shadow Ball|p2a: Iron Hands
|-damage|p2a: Iron Hands|37/100
|move|p2a: Iron Hands|Supercell Slam|p1a: Gholdie
|-damage|p1a: Gholdie|0 fnt
|faint|p1a: Gholdie
|
|upkeep
|
|t:|1779942079
|switch|p1a: Liftoff|Dragapult, M, shiny|100/100
|turn|19
|
|t:|1779942102
|move|p1a: Liftoff|Will-O-Wisp|p2a: Iron Hands
|-status|p2a: Iron Hands|brn
|move|p2a: Iron Hands|Ice Punch|p1a: Liftoff
|-supereffective|p1a: Liftoff
|-damage|p1a: Liftoff|44/100
|
|-damage|p2a: Iron Hands|31/100 brn|[from] brn
|upkeep
|turn|20
|
|t:|1779942107
|move|p1a: Liftoff|Hex|p2a: Iron Hands
|-damage|p2a: Iron Hands|0 fnt
|faint|p2a: Iron Hands
|-end|p2a: Iron Hands|Quark Drive|[silent]
|
|upkeep
|
|t:|1779942111
|switch|p2a: Zamazenta|Zamazenta|40/100 brn
|-damage|p2a: Zamazenta|33/100 brn|[from] Stealth Rock
|turn|21
|
|t:|1779942113
|move|p1a: Liftoff|Hex|p2a: Zamazenta
|-damage|p2a: Zamazenta|0 fnt
|faint|p2a: Zamazenta
|
|-sideend|p2: RandumbRaccoon|Reflect
|upkeep
|
|t:|1779942116
|switch|p2a: Deoxys|Deoxys-Speed|11/100
|-damage|p2a: Deoxys|0 fnt|[from] Stealth Rock
|faint|p2a: Deoxys
|
|win|PikachuRTM
|raw|PikachuRTM's rating: 1364 &rarr; <strong>1389</strong><br />(+25 for winning)
|raw|RandumbRaccoon's rating: 1449 &rarr; <strong>1424</strong><br />(-25 for losing)
|l|☆RandumbRaccoon
|player|p2|
|l|☆PikachuRTM
|player|p1|
