|j|☆h3rxh
|j|☆i heart clowns
|t:|1779894135
|gametype|singles
|player|p1|h3rxh|battlegirl-gen4|1234
|player|p2|i heart clowns|olivia|1229
|gen|9
|tier|[Gen 9] OU
|rated|
|rule|HP Percentage Mod: HP is shown in percentages
|rule|Endless Battle Clause: Forcing endless battles is banned
|rule|Species Clause: Limit one of each Pokémon
|rule|OHKO Clause: OHKO moves are banned
|rule|Evasion Items Clause: Evasion items are banned
|rule|Evasion Moves Clause: Evasion moves are banned
|rule|Evasion Abilities Clause: Evasion abilities are banned
|rule|Sleep Moves Clause: Sleep-inducing moves are banned
|clearpoke
|poke|p1|Dragonite, F|
|poke|p1|Samurott-Hisui, F|
|poke|p1|Gholdengo|
|poke|p1|Pecharunt|
|poke|p1|Walking Wake|
|poke|p1|Ting-Lu|
|poke|p2|Corviknight, F|
|poke|p2|Slowking-Galar, M|
|poke|p2|Ogerpon, F|
|poke|p2|Great Tusk|
|poke|p2|Darkrai|
|poke|p2|Scizor, M|
|teampreview
|
|t:|1779894138
|teamsize|p1|6
|teamsize|p2|6
|start
|switch|p1a: Samurott|Samurott-Hisui, F|100/100
|switch|p2a: Scizor|Scizor, M|100/100
|turn|1
|
|t:|1779894143
|switch|p1a: Pecharunt|Pecharunt|100/100
|move|p2a: Scizor|U-turn|p1a: Pecharunt
|-resisted|p1a: Pecharunt
|-damage|p1a: Pecharunt|95/100
|inactive|Battle timer is ON: inactive players will automatically lose when time's up. (requested by h3rxh)
|
|t:|1779894149
|switch|p2a: Slowking|Slowking-Galar, M|100/100|[from] U-turn
|
|upkeep
|turn|2
|
|t:|1779894152
|move|p1a: Pecharunt|Nasty Plot|p1a: Pecharunt
|-boost|p1a: Pecharunt|spa|2
|move|p2a: Slowking|Future Sight|p1a: Pecharunt
|-start|p2a: Slowking|move: Future Sight
|
|upkeep
|turn|3
|
|t:|1779894158
|move|p1a: Pecharunt|Shadow Ball|p2a: Slowking
|-supereffective|p2a: Slowking
|-damage|p2a: Slowking|43/100
|move|p2a: Slowking|Trick|p1a: Pecharunt
|-activate|p2a: Slowking|move: Trick|[of] p1a: Pecharunt
|-item|p1a: Pecharunt|Black Sludge|[from] move: Trick
|-item|p2a: Slowking|Heavy-Duty Boots|[from] move: Trick
|
|-heal|p1a: Pecharunt|100/100|[from] item: Black Sludge
|upkeep
|turn|4
|
|t:|1779894168
|switch|p2a: Darkrai|Darkrai|100/100
|move|p1a: Pecharunt|Shadow Ball|p2a: Darkrai
|-resisted|p2a: Darkrai
|-damage|p2a: Darkrai|68/100
|
|-end|p1a: Pecharunt|move: Future Sight
|-supereffective|p1a: Pecharunt
|-damage|p1a: Pecharunt|7/100
|-heal|p1a: Pecharunt|13/100|[from] item: Black Sludge
|upkeep
|turn|5
|
|t:|1779894181
|switch|p1a: Samurott|Samurott-Hisui, F|100/100
|move|p2a: Darkrai|Ice Beam|p1a: Samurott
|-resisted|p1a: Samurott
|-damage|p1a: Samurott|89/100
|
|upkeep
|turn|6
|
|t:|1779894191
|switch|p2a: Scizor|Scizor, M|100/100
|move|p1a: Samurott|Ceaseless Edge|p2a: Scizor
|-damage|p2a: Scizor|63/100
|-sidestart|p2: i heart clowns|Spikes
|
|upkeep
|turn|7
|
|t:|1779894206
|switch|p1a: Pecharunt|Pecharunt|13/100
|move|p2a: Scizor|U-turn|p1a: Pecharunt
|-resisted|p1a: Pecharunt
|-damage|p1a: Pecharunt|7/100
|
|t:|1779894219
|switch|p2a: Darkrai|Darkrai|68/100|[from] U-turn
|-damage|p2a: Darkrai|56/100|[from] Spikes
|
|-heal|p1a: Pecharunt|13/100|[from] item: Black Sludge
|upkeep
|turn|8
|
|t:|1779894224
|move|p2a: Darkrai|Ice Beam|p1a: Pecharunt
|-damage|p1a: Pecharunt|0 fnt
|faint|p1a: Pecharunt
|
|upkeep
|
|t:|1779894226
|switch|p1a: Samurott|Samurott-Hisui, F|89/100
|turn|9
|inactive|i heart clowns has 120 seconds left.
|
|t:|1779894264
|switch|p2a: Great Tusk|Great Tusk|100/100
|-damage|p2a: Great Tusk|88/100|[from] Spikes
|move|p1a: Samurott|Ceaseless Edge|p2a: Great Tusk|[miss]
|-miss|p1a: Samurott|p2a: Great Tusk
|
|-heal|p2a: Great Tusk|94/100|[from] item: Leftovers
|upkeep
|turn|10
|
|t:|1779894269
|move|p1a: Samurott|Flip Turn|p2a: Great Tusk
|-supereffective|p2a: Great Tusk
|-damage|p2a: Great Tusk|69/100
|
|t:|1779894273
|switch|p1a: Gholdengo|Gholdengo|100/100|[from] Flip Turn
|move|p2a: Great Tusk|Knock Off|p1a: Gholdengo
|-supereffective|p1a: Gholdengo
|-damage|p1a: Gholdengo|36/100
|-enditem|p1a: Gholdengo|Choice Scarf|[from] move: Knock Off|[of] p2a: Great Tusk
|
|-heal|p2a: Great Tusk|76/100|[from] item: Leftovers
|upkeep
|turn|11
|
|t:|1779894281
|move|p1a: Gholdengo|Recover|p1a: Gholdengo
|-heal|p1a: Gholdengo|86/100
|move|p2a: Great Tusk|Stealth Rock|p1a: Gholdengo
|-sidestart|p1: h3rxh|move: Stealth Rock
|
|-heal|p2a: Great Tusk|82/100|[from] item: Leftovers
|upkeep
|turn|12
|
|t:|1779894287
|switch|p1a: Dragonite|Dragonite, F|100/100
|-end|p2a: Great Tusk|Protosynthesis|[silent]
|switch|p2a: Corviknight|Corviknight, F|100/100
|-ability|p2a: Corviknight|Pressure
|
|upkeep
|turn|13
|
|t:|1779894290
|move|p2a: Corviknight|U-turn|p1a: Dragonite
|-resisted|p1a: Dragonite
|-damage|p1a: Dragonite|98/100
|
|t:|1779894294
|switch|p2a: Darkrai|Darkrai|56/100|[from] U-turn
|-damage|p2a: Darkrai|44/100|[from] Spikes
|move|p1a: Dragonite|Dragon Tail|p2a: Darkrai
|-damage|p2a: Darkrai|0 fnt
|faint|p2a: Darkrai
|
|upkeep
|
|t:|1779894303
|switch|p2a: Scizor|Scizor, M|63/100
|-damage|p2a: Scizor|51/100|[from] Spikes
|turn|14
|
|t:|1779894308
|move|p2a: Scizor|Knock Off|p1a: Dragonite
|-damage|p1a: Dragonite|63/100
|-enditem|p1a: Dragonite|Heavy-Duty Boots|[from] move: Knock Off|[of] p2a: Scizor
|move|p1a: Dragonite|Dragon Tail|p2a: Scizor
|-resisted|p2a: Scizor
|-damage|p2a: Scizor|32/100
|drag|p2a: Ogerpon|Ogerpon, F|100/100
|-damage|p2a: Ogerpon|88/100|[from] Spikes
|
|upkeep
|turn|15
|
|t:|1779894321
|switch|p1a: Ting-Lu|Ting-Lu|100/100
|-damage|p1a: Ting-Lu|94/100|[from] Stealth Rock
|-ability|p1a: Ting-Lu|Vessel of Ruin
|move|p2a: Ogerpon|U-turn|p1a: Ting-Lu
|-supereffective|p1a: Ting-Lu
|-damage|p1a: Ting-Lu|54/100
|
|t:|1779894335
|switch|p2a: Scizor|Scizor, M|32/100|[from] U-turn
|-damage|p2a: Scizor|20/100|[from] Spikes
|
|-heal|p1a: Ting-Lu|60/100|[from] item: Leftovers
|upkeep
|turn|16
|
|t:|1779894340
|-terastallize|p1a: Ting-Lu|Ghost
|move|p2a: Scizor|U-turn|p1a: Ting-Lu
|-resisted|p1a: Ting-Lu
|-damage|p1a: Ting-Lu|49/100
|
|t:|1779894356
|switch|p2a: Ogerpon|Ogerpon, F|88/100|[from] U-turn
|-damage|p2a: Ogerpon|76/100|[from] Spikes
|move|p1a: Ting-Lu|Earthquake|p2a: Ogerpon
|-resisted|p2a: Ogerpon
|-damage|p2a: Ogerpon|50/100
|
|-heal|p1a: Ting-Lu|55/100|[from] item: Leftovers
|upkeep
|turn|17
|
|t:|1779894365
|-terastallize|p2a: Ogerpon|Grass
|detailschange|p2a: Ogerpon|Ogerpon-Teal-Tera, F, tera:Grass
|-ability|p2a: Ogerpon|Embody Aspect (Teal)|boost
|-boost|p2a: Ogerpon|spe|1
|move|p2a: Ogerpon|Horn Leech|p1a: Ting-Lu
|-damage|p1a: Ting-Lu|13/100
|-heal|p2a: Ogerpon|86/100|[from] drain|[of] p1a: Ting-Lu
|move|p1a: Ting-Lu|Whirlwind|p2a: Ogerpon
|drag|p2a: Corviknight|Corviknight, F|100/100
|-ability|p2a: Corviknight|Pressure
|
|-heal|p1a: Ting-Lu|20/100|[from] item: Leftovers
|upkeep
|turn|18
|
|t:|1779894379
|move|p2a: Corviknight|U-turn|p1a: Ting-Lu
|-resisted|p1a: Ting-Lu
|-damage|p1a: Ting-Lu|16/100
|
|t:|1779894382
|switch|p2a: Slowking|Slowking-Galar, M|76/100|[from] U-turn
|move|p1a: Ting-Lu|Ruination|p2a: Slowking
|-damage|p2a: Slowking|38/100
|
|-heal|p1a: Ting-Lu|22/100|[from] item: Leftovers
|upkeep
|turn|19
|
|t:|1779894391
|switch|p2a: Corviknight|Corviknight, F|100/100
|-ability|p2a: Corviknight|Pressure
|move|p1a: Ting-Lu|Stealth Rock|p2a: Corviknight
|-sidestart|p2: i heart clowns|move: Stealth Rock
|
|-heal|p1a: Ting-Lu|28/100|[from] item: Leftovers
|upkeep
|turn|20
|
|t:|1779894396
|move|p2a: Corviknight|Defog|p1a: Ting-Lu
|-unboost|p1a: Ting-Lu|evasion|1
|-sideend|p1: h3rxh|Stealth Rock|[from] move: Defog|[of] p2a: Corviknight
|-sideend|p2: i heart clowns|Spikes|[from] move: Defog|[of] p2a: Corviknight
|-sideend|p2: i heart clowns|Stealth Rock|[from] move: Defog|[of] p2a: Corviknight
|move|p1a: Ting-Lu|Ruination|p2a: Corviknight
|-damage|p2a: Corviknight|50/100
|
|-heal|p1a: Ting-Lu|34/100|[from] item: Leftovers
|upkeep
|turn|21
|
|t:|1779894402
|move|p2a: Corviknight|Roost|p2a: Corviknight
|-heal|p2a: Corviknight|100/100
|-singleturn|p2a: Corviknight|move: Roost
|move|p1a: Ting-Lu|Stealth Rock|p2a: Corviknight
|-sidestart|p2: i heart clowns|move: Stealth Rock
|
|-heal|p1a: Ting-Lu|41/100|[from] item: Leftovers
|upkeep
|turn|22
|
|t:|1779894417
|move|p2a: Corviknight|Defog|p1a: Ting-Lu
|-unboost|p1a: Ting-Lu|evasion|1
|-sideend|p2: i heart clowns|Stealth Rock|[from] move: Defog|[of] p2a: Corviknight
|move|p1a: Ting-Lu|Ruination|p2a: Corviknight
|-damage|p2a: Corviknight|50/100
|
|-heal|p1a: Ting-Lu|47/100|[from] item: Leftovers
|upkeep
|turn|23
|
|t:|1779894423
|move|p2a: Corviknight|U-turn|p1a: Ting-Lu
|-resisted|p1a: Ting-Lu
|-damage|p1a: Ting-Lu|43/100
|
|t:|1779894426
|switch|p2a: Ogerpon|Ogerpon-Teal-Tera, F, tera:Grass|86/100|[from] U-turn
|-ability|p2a: Ogerpon|Embody Aspect (Teal)|boost
|-boost|p2a: Ogerpon|spe|1
|move|p1a: Ting-Lu|Earthquake|p2a: Ogerpon
|-resisted|p2a: Ogerpon
|-damage|p2a: Ogerpon|63/100
|
|-heal|p1a: Ting-Lu|49/100|[from] item: Leftovers
|upkeep
|turn|24
|
|t:|1779894436
|move|p2a: Ogerpon|Horn Leech|p1a: Ting-Lu
|-damage|p1a: Ting-Lu|10/100
|-heal|p2a: Ogerpon|97/100|[from] drain|[of] p1a: Ting-Lu
|move|p1a: Ting-Lu|Ruination|p2a: Ogerpon
|-damage|p2a: Ogerpon|49/100
|
|-heal|p1a: Ting-Lu|16/100|[from] item: Leftovers
|upkeep
|turn|25
|
|t:|1779894450
|move|p2a: Ogerpon|Horn Leech|p1a: Ting-Lu
|-damage|p1a: Ting-Lu|0 fnt
|-heal|p2a: Ogerpon|62/100|[from] drain|[of] p1a: Ting-Lu
|faint|p1a: Ting-Lu
|
|upkeep
|
|t:|1779894458
|switch|p1a: Dragonite|Dragonite, F|63/100
|turn|26
|
|t:|1779894471
|switch|p2a: Great Tusk|Great Tusk|82/100
|move|p1a: Dragonite|Roost|p1a: Dragonite
|-heal|p1a: Dragonite|100/100
|-singleturn|p1a: Dragonite|move: Roost
|
|-heal|p2a: Great Tusk|88/100|[from] item: Leftovers
|upkeep
|turn|27
|
|t:|1779894479
|move|p2a: Great Tusk|Stealth Rock|p1a: Dragonite
|-sidestart|p1: h3rxh|move: Stealth Rock
|move|p1a: Dragonite|Dragon Tail|p2a: Great Tusk
|-damage|p2a: Great Tusk|73/100
|-end|p2a: Great Tusk|Protosynthesis|[silent]
|drag|p2a: Slowking|Slowking-Galar, M|72/100
|
|upkeep
|turn|28
|
|t:|1779894486
|move|p2a: Slowking|Future Sight|p1a: Dragonite
|-start|p2a: Slowking|move: Future Sight
|move|p1a: Dragonite|Dragon Tail|p2a: Slowking
|-damage|p2a: Slowking|38/100
|drag|p2a: Ogerpon|Ogerpon-Teal-Tera, F, tera:Grass|62/100
|-ability|p2a: Ogerpon|Embody Aspect (Teal)|boost
|-boost|p2a: Ogerpon|spe|1
|
|upkeep
|turn|29
|
|t:|1779894492
|move|p2a: Ogerpon|U-turn|p1a: Dragonite
|-resisted|p1a: Dragonite
|-crit|p1a: Dragonite
|-damage|p1a: Dragonite|88/100
|
|t:|1779894495
|switch|p2a: Slowking|Slowking-Galar, M|71/100|[from] U-turn
|move|p1a: Dragonite|Dragon Tail|p2a: Slowking
|-damage|p2a: Slowking|33/100
|drag|p2a: Great Tusk|Great Tusk|73/100
|
|-heal|p2a: Great Tusk|80/100|[from] item: Leftovers
|upkeep
|turn|30
|
|t:|1779894505
|move|p2a: Great Tusk|Body Press|p1a: Dragonite
|-resisted|p1a: Dragonite
|-damage|p1a: Dragonite|66/100
|move|p1a: Dragonite|Dragon Tail|p2a: Great Tusk
|-damage|p2a: Great Tusk|63/100
|-end|p2a: Great Tusk|Protosynthesis|[silent]
|drag|p2a: Corviknight|Corviknight, F|50/100
|-ability|p2a: Corviknight|Pressure
|
|-end|p1a: Dragonite|move: Future Sight
|-damage|p1a: Dragonite|24/100
|upkeep
|turn|31
|
|t:|1779894517
|move|p1a: Dragonite|Roost|p1a: Dragonite
|-heal|p1a: Dragonite|75/100
|-singleturn|p1a: Dragonite|move: Roost
|move|p2a: Corviknight|Roost|p2a: Corviknight
|-heal|p2a: Corviknight|100/100
|-singleturn|p2a: Corviknight|move: Roost
|
|upkeep
|turn|32
|
|t:|1779894523
|move|p1a: Dragonite|Roost|p1a: Dragonite
|-heal|p1a: Dragonite|100/100
|-singleturn|p1a: Dragonite|move: Roost
|move|p2a: Corviknight|Body Press|p1a: Dragonite
|-damage|p1a: Dragonite|89/100
|
|upkeep
|turn|33
|
|t:|1779894525
|move|p2a: Corviknight|U-turn|p1a: Dragonite
|-resisted|p1a: Dragonite
|-damage|p1a: Dragonite|83/100
|
|t:|1779894527
|switch|p2a: Slowking|Slowking-Galar, M|67/100|[from] U-turn
|move|p1a: Dragonite|Dragon Tail|p2a: Slowking
|-damage|p2a: Slowking|33/100
|drag|p2a: Scizor|Scizor, M|20/100
|
|upkeep
|turn|34
|
|t:|1779894544
|switch|p2a: Slowking|Slowking-Galar, M|66/100
|move|p1a: Dragonite|Low Kick|p2a: Slowking
|-resisted|p2a: Slowking
|-damage|p2a: Slowking|58/100
|
|upkeep
|turn|35
|
|t:|1779894549
|move|p2a: Slowking|Future Sight|p1a: Dragonite
|-start|p2a: Slowking|move: Future Sight
|move|p1a: Dragonite|Dragon Tail|p2a: Slowking
|-damage|p2a: Slowking|20/100
|drag|p2a: Ogerpon|Ogerpon-Teal-Tera, F, tera:Grass|62/100
|-ability|p2a: Ogerpon|Embody Aspect (Teal)|boost
|-boost|p2a: Ogerpon|spe|1
|
|upkeep
|turn|36
|
|t:|1779894567
|move|p2a: Ogerpon|U-turn|p1a: Dragonite
|-resisted|p1a: Dragonite
|-damage|p1a: Dragonite|67/100
|
|t:|1779894569
|switch|p2a: Slowking|Slowking-Galar, M|53/100|[from] U-turn
|move|p1a: Dragonite|Dragon Tail|p2a: Slowking
|-damage|p2a: Slowking|18/100
|drag|p2a: Great Tusk|Great Tusk|63/100
|
|-heal|p2a: Great Tusk|69/100|[from] item: Leftovers
|upkeep
|turn|37
|
|t:|1779894576
|move|p2a: Great Tusk|Body Press|p1a: Dragonite
|-resisted|p1a: Dragonite
|-damage|p1a: Dragonite|45/100
|move|p1a: Dragonite|Roost|p1a: Dragonite
|-heal|p1a: Dragonite|96/100
|-singleturn|p1a: Dragonite|move: Roost
|
|-end|p1a: Dragonite|move: Future Sight
|-damage|p1a: Dragonite|58/100
|-heal|p2a: Great Tusk|75/100|[from] item: Leftovers
|upkeep
|turn|38
|
|t:|1779894585
|move|p2a: Great Tusk|Body Press|p1a: Dragonite
|-resisted|p1a: Dragonite
|-damage|p1a: Dragonite|39/100
|move|p1a: Dragonite|Roost|p1a: Dragonite
|-heal|p1a: Dragonite|89/100
|-singleturn|p1a: Dragonite|move: Roost
|
|-heal|p2a: Great Tusk|81/100|[from] item: Leftovers
|upkeep
|turn|39
|
|t:|1779894589
|move|p2a: Great Tusk|Body Press|p1a: Dragonite
|-resisted|p1a: Dragonite
|-damage|p1a: Dragonite|68/100
|move|p1a: Dragonite|Roost|p1a: Dragonite
|-heal|p1a: Dragonite|100/100
|-singleturn|p1a: Dragonite|move: Roost
|
|-heal|p2a: Great Tusk|88/100|[from] item: Leftovers
|upkeep
|turn|40
|
|t:|1779894599
|move|p2a: Great Tusk|Body Press|p1a: Dragonite
|-resisted|p1a: Dragonite
|-damage|p1a: Dragonite|90/100
|move|p1a: Dragonite|Low Kick|p2a: Great Tusk
|-damage|p2a: Great Tusk|67/100
|
|-heal|p2a: Great Tusk|74/100|[from] item: Leftovers
|upkeep
|turn|41
|
|t:|1779894606
|move|p2a: Great Tusk|Body Press|p1a: Dragonite
|-resisted|p1a: Dragonite
|-damage|p1a: Dragonite|69/100
|move|p1a: Dragonite|Dragon Tail|p2a: Great Tusk
|-damage|p2a: Great Tusk|59/100
|-end|p2a: Great Tusk|Protosynthesis|[silent]
|drag|p2a: Corviknight|Corviknight, F|100/100
|-ability|p2a: Corviknight|Pressure
|
|upkeep
|turn|42
|
|t:|1779894620
|move|p2a: Corviknight|Body Press|p1a: Dragonite
|-resisted|p1a: Dragonite
|-damage|p1a: Dragonite|56/100
|move|p1a: Dragonite|Dragon Tail|p2a: Corviknight
|-resisted|p2a: Corviknight
|-damage|p2a: Corviknight|90/100
|drag|p2a: Slowking|Slowking-Galar, M|52/100
|
|upkeep
|turn|43
|
|t:|1779894630
|move|p2a: Slowking|Slack Off|p2a: Slowking
|-heal|p2a: Slowking|100/100
|move|p1a: Dragonite|Dragon Tail|p2a: Slowking
|-damage|p2a: Slowking|65/100
|drag|p2a: Corviknight|Corviknight, F|90/100
|-ability|p2a: Corviknight|Pressure
|
|upkeep
|turn|44
|
|t:|1779894637
|move|p1a: Dragonite|Roost|p1a: Dragonite
|-heal|p1a: Dragonite|100/100
|-singleturn|p1a: Dragonite|move: Roost
|move|p2a: Corviknight|Body Press|p1a: Dragonite
|-damage|p1a: Dragonite|90/100
|
|upkeep
|turn|45
|
|t:|1779894640
|move|p2a: Corviknight|Body Press|p1a: Dragonite
|-resisted|p1a: Dragonite
|-damage|p1a: Dragonite|79/100
|move|p1a: Dragonite|Dragon Tail|p2a: Corviknight
|-resisted|p2a: Corviknight
|-damage|p2a: Corviknight|80/100
|drag|p2a: Scizor|Scizor, M|20/100
|
|upkeep
|turn|46
|
|t:|1779894644
|switch|p2a: Slowking|Slowking-Galar, M|99/100
|move|p1a: Dragonite|Low Kick|p2a: Slowking
|-resisted|p2a: Slowking
|-damage|p2a: Slowking|91/100
|
|upkeep
|turn|47
|
|t:|1779894647
|move|p2a: Slowking|Future Sight|p1a: Dragonite
|-start|p2a: Slowking|move: Future Sight
|move|p1a: Dragonite|Dragon Tail|p2a: Slowking
|-damage|p2a: Slowking|58/100
|drag|p2a: Great Tusk|Great Tusk|59/100
|
|-heal|p2a: Great Tusk|65/100|[from] item: Leftovers
|upkeep
|turn|48
|
|t:|1779894654
|move|p2a: Great Tusk|Body Press|p1a: Dragonite
|-resisted|p1a: Dragonite
|-damage|p1a: Dragonite|60/100
|move|p1a: Dragonite|Low Kick|p2a: Great Tusk
|-damage|p2a: Great Tusk|44/100
|
|-heal|p2a: Great Tusk|50/100|[from] item: Leftovers
|upkeep
|turn|49
|
|t:|1779894662
|move|p2a: Great Tusk|Body Press|p1a: Dragonite
|-resisted|p1a: Dragonite
|-damage|p1a: Dragonite|40/100
|move|p1a: Dragonite|Roost|p1a: Dragonite
|-heal|p1a: Dragonite|90/100
|-singleturn|p1a: Dragonite|move: Roost
|
|-end|p1a: Dragonite|move: Future Sight
|-damage|p1a: Dragonite|49/100
|-heal|p2a: Great Tusk|56/100|[from] item: Leftovers
|upkeep
|turn|50
|
|t:|1779894668
|-end|p2a: Great Tusk|Protosynthesis|[silent]
|switch|p2a: Slowking|Slowking-Galar, M|92/100
|move|p1a: Dragonite|Low Kick|p2a: Slowking
|-resisted|p2a: Slowking
|-damage|p2a: Slowking|84/100
|
|upkeep
|turn|51
|
|t:|1779894670
|move|p1a: Dragonite|Extreme Speed|p2a: Slowking
|-damage|p2a: Slowking|55/100
|move|p2a: Slowking|Future Sight|p1a: Dragonite
|-start|p2a: Slowking|move: Future Sight
|
|upkeep
|turn|52
|
|t:|1779894674
|move|p1a: Dragonite|Extreme Speed|p2a: Slowking
|-damage|p2a: Slowking|21/100
|move|p2a: Slowking|Slack Off|p2a: Slowking
|-heal|p2a: Slowking|71/100
|
|upkeep
|turn|53
|
|t:|1779894680
|move|p1a: Dragonite|Extreme Speed|p2a: Slowking
|-damage|p2a: Slowking|37/100
|-prepare|p2a: Slowking|Chilly Reception|[premajor]
|move|p2a: Slowking|Chilly Reception|p2a: Slowking
|-weather|Snowscape
|
|t:|1779894693
|switch|p2a: Scizor|Scizor, M|20/100|[from] Chilly Reception
|
|-weather|Snowscape|[upkeep]
|-end|p1a: Dragonite|move: Future Sight
|-damage|p1a: Dragonite|9/100
|upkeep
|turn|54
|
|t:|1779894696
|move|p1a: Dragonite|Extreme Speed|p2a: Scizor
|-resisted|p2a: Scizor
|-damage|p2a: Scizor|4/100
|move|p2a: Scizor|Bullet Punch|p1a: Dragonite
|-crit|p1a: Dragonite
|-damage|p1a: Dragonite|0 fnt
|faint|p1a: Dragonite
|
|-weather|Snowscape|[upkeep]
|upkeep
|
|t:|1779894707
|switch|p1a: Samurott|Samurott-Hisui, F|89/100
|-damage|p1a: Samurott|77/100|[from] Stealth Rock
|turn|55
|
|t:|1779894712
|move|p2a: Scizor|Bullet Punch|p1a: Samurott
|-resisted|p1a: Samurott
|-damage|p1a: Samurott|56/100
|move|p1a: Samurott|Flip Turn|p2a: Scizor
|-damage|p2a: Scizor|0 fnt
|faint|p2a: Scizor
|
|t:|1779894717
|switch|p1a: Walking Wake|Walking Wake|100/100|[from] Flip Turn
|
|-weather|Snowscape|[upkeep]
|upkeep
|
|t:|1779894726
|switch|p2a: Ogerpon|Ogerpon-Teal-Tera, F, tera:Grass|62/100
|-ability|p2a: Ogerpon|Embody Aspect (Teal)|boost
|-boost|p2a: Ogerpon|spe|1
|turn|56
|
|t:|1779894730
|move|p2a: Ogerpon|Wood Hammer|p1a: Walking Wake
|-damage|p1a: Walking Wake|0 fnt
|faint|p1a: Walking Wake
|-end|p1a: Walking Wake|Protosynthesis|[silent]
|-damage|p2a: Ogerpon|25/100|[from] Recoil
|
|-weather|Snowscape|[upkeep]
|upkeep
|
|t:|1779894734
|switch|p1a: Gholdengo|Gholdengo|86/100
|-damage|p1a: Gholdengo|80/100|[from] Stealth Rock
|turn|57
|
|t:|1779894740
|switch|p2a: Corviknight|Corviknight, F|80/100
|-ability|p2a: Corviknight|Pressure
|move|p1a: Gholdengo|Shadow Ball|p2a: Corviknight
|-damage|p2a: Corviknight|36/100
|
|-weather|none
|upkeep
|turn|58
|
|t:|1779894743
|move|p1a: Gholdengo|Shadow Ball|p2a: Corviknight
|-damage|p2a: Corviknight|0 fnt
|faint|p2a: Corviknight
|
|upkeep
|
|t:|1779894751
|switch|p2a: Great Tusk|Great Tusk|56/100
|turn|59
|
|t:|1779894754
|move|p1a: Gholdengo|Shadow Ball|p2a: Great Tusk
|-damage|p2a: Great Tusk|0 fnt
|faint|p2a: Great Tusk
|-end|p2a: Great Tusk|Protosynthesis|[silent]
|
|upkeep
|
|t:|1779894760
|switch|p2a: Ogerpon|Ogerpon-Teal-Tera, F, tera:Grass|25/100
|-ability|p2a: Ogerpon|Embody Aspect (Teal)|boost
|-boost|p2a: Ogerpon|spe|1
|turn|60
|inactive|i heart clowns has 120 seconds left.
|l|☆h3rxh
|inactive|h3rxh disconnected and has a minute to reconnect!
|player|p1|
|j|☆h3rxh
|inactive|h3rxh reconnected.
|player|p1|h3rxh|battlegirl-gen4|
|
|t:|1779894814
|move|p2a: Ogerpon|Stomping Tantrum|p1a: Gholdengo
|-supereffective|p1a: Gholdengo
|-damage|p1a: Gholdengo|0 fnt
|faint|p1a: Gholdengo
|
|upkeep
|
|t:|1779894818
|switch|p1a: Samurott|Samurott-Hisui, F|56/100
|-damage|p1a: Samurott|43/100|[from] Stealth Rock
|turn|61
|
|t:|1779894824
|switch|p2a: Slowking|Slowking-Galar, M|70/100
|move|p1a: Samurott|Sucker Punch||[still]
|-fail|p1a: Samurott
|
|upkeep
|turn|62
|
|t:|1779894838
|move|p1a: Samurott|Ceaseless Edge|p2a: Slowking
|-supereffective|p2a: Slowking
|-damage|p2a: Slowking|0 fnt
|-sidestart|p2: i heart clowns|Spikes
|faint|p2a: Slowking
|
|upkeep
|
|t:|1779894840
|switch|p2a: Ogerpon|Ogerpon-Teal-Tera, F, tera:Grass|25/100
|-damage|p2a: Ogerpon|12/100|[from] Spikes
|-ability|p2a: Ogerpon|Embody Aspect (Teal)|boost
|-boost|p2a: Ogerpon|spe|1
|turn|63
|
|t:|1779894843
|move|p1a: Samurott|Sucker Punch|p2a: Ogerpon
|-damage|p2a: Ogerpon|0 fnt
|faint|p2a: Ogerpon
|detailschange|p2: Ogerpon|Ogerpon, F|[silent]
|
|win|h3rxh
|raw|h3rxh's rating: 1234 &rarr; <strong>1260</strong><br />(+26 for winning)
|raw|i heart clowns's rating: 1252 &rarr; <strong>1226</strong><br />(-26 for losing)
|l|☆i heart clowns
|player|p2|
