|j|☆Notater517
|j|☆Kazuelasnt
|t:|1779844625
|gametype|singles
|player|p1|Notater517|wattson|1533
|player|p2|Kazuelasnt|cress|1501
|gen|9
|tier|[Gen 9] OU
|rated|
|rule|HP Percentage Mod: HP is shown in percentages
|rule|Endless Battle Clause: Forcing endless battles is banned
|rule|Species Clause: Limit one of each Pokémon
|rule|OHKO Clause: OHKO moves are banned
|rule|Evasion Items Clause: Evasion items are banned
|rule|Evasion Moves Clause: Evasion moves are banned
|rule|Evasion Abilities Clause: Evasion abilities are banned
|rule|Sleep Moves Clause: Sleep-inducing moves are banned
|clearpoke
|poke|p1|Cresselia, F|
|poke|p1|Walking Wake|
|poke|p1|Ninetales, F|
|poke|p1|Slither Wing|
|poke|p1|Great Tusk|
|poke|p1|Raging Bolt|
|poke|p2|Kleavor, M|
|poke|p2|Landorus-Therian, M|
|poke|p2|Gholdengo|
|poke|p2|Dragonite, F|
|poke|p2|Hatterene, F|
|poke|p2|Darkrai|
|teampreview
|
|t:|1779844668
|teamsize|p1|6
|teamsize|p2|6
|start
|switch|p1a: Ninetales|Ninetales, F|100/100
|switch|p2a: Filo Señorial|Kleavor, M|100/100
|-weather|SunnyDay|[from] ability: Drought|[of] p1a: Ninetales
|turn|1
|
|t:|1779844674
|switch|p1a: Great Tusk|Great Tusk|100/100
|-activate|p1a: Great Tusk|ability: Protosynthesis
|-start|p1a: Great Tusk|protosynthesisspe
|move|p2a: Filo Señorial|Stone Axe|p1a: Great Tusk
|-resisted|p1a: Great Tusk
|-damage|p1a: Great Tusk|93/100
|-sidestart|p1: Notater517|move: Stealth Rock
|
|-weather|SunnyDay|[upkeep]
|upkeep
|turn|2
|
|t:|1779844682
|switch|p2a: A Penny|Gholdengo|100/100
|-item|p2a: A Penny|Air Balloon
|move|p1a: Great Tusk|Stealth Rock|p2a: A Penny
|-sidestart|p2: Kazuelasnt|move: Stealth Rock
|
|-weather|SunnyDay|[upkeep]
|upkeep
|turn|3
|
|t:|1779844691
|-end|p1a: Great Tusk|Protosynthesis|[silent]
|switch|p1a: Walking Wake|Walking Wake|100/100
|-damage|p1a: Walking Wake|88/100|[from] Stealth Rock
|-activate|p1a: Walking Wake|ability: Protosynthesis
|-start|p1a: Walking Wake|protosynthesisspe
|move|p2a: A Penny|Make It Rain|p1a: Walking Wake
|-resisted|p1a: Walking Wake
|-damage|p1a: Walking Wake|51/100
|-unboost|p2a: A Penny|spa|1
|
|-weather|SunnyDay|[upkeep]
|upkeep
|turn|4
|
|t:|1779844696
|switch|p2a: Hattie|Hatterene, F|100/100
|-damage|p2a: Hattie|88/100|[from] Stealth Rock
|move|p1a: Walking Wake|Hydro Steam|p2a: Hattie
|-damage|p2a: Hattie|32/100
|
|-weather|SunnyDay|[upkeep]
|upkeep
|turn|5
|
|t:|1779844707
|-terastallize|p2a: Hattie|Water
|move|p1a: Walking Wake|Hydro Steam|p2a: Hattie
|-resisted|p2a: Hattie
|-damage|p2a: Hattie|3/100
|move|p2a: Hattie|Draining Kiss|p1a: Walking Wake
|-supereffective|p1a: Walking Wake
|-damage|p1a: Walking Wake|0 fnt
|-heal|p2a: Hattie|44/100|[from] drain|[of] p1a: Walking Wake
|faint|p1a: Walking Wake
|-end|p1a: Walking Wake|Protosynthesis|[silent]
|
|-weather|SunnyDay|[upkeep]
|upkeep
|
|t:|1779844729
|switch|p1a: Slither Wing|Slither Wing|100/100
|-damage|p1a: Slither Wing|88/100|[from] Stealth Rock
|-activate|p1a: Slither Wing|ability: Protosynthesis
|-start|p1a: Slither Wing|protosynthesisatk
|turn|6
|inactive|Battle timer is ON: inactive players will automatically lose when time's up. (requested by Notater517)
|
|t:|1779844759
|switch|p2a: HomeLANDOR|Landorus-Therian, M, shiny|100/100
|-damage|p2a: HomeLANDOR|88/100|[from] Stealth Rock
|-ability|p2a: HomeLANDOR|Intimidate|boost
|-unboost|p1a: Slither Wing|atk|1
|move|p1a: Slither Wing|U-turn|p2a: HomeLANDOR
|-resisted|p2a: HomeLANDOR
|-damage|p2a: HomeLANDOR|70/100
|-damage|p1a: Slither Wing|72/100|[from] item: Rocky Helmet|[of] p2a: HomeLANDOR
|
|t:|1779844761
|-end|p1a: Slither Wing|Protosynthesis|[silent]
|switch|p1a: Great Tusk|Great Tusk|93/100|[from] U-turn
|-damage|p1a: Great Tusk|90/100|[from] Stealth Rock
|-activate|p1a: Great Tusk|ability: Protosynthesis
|-start|p1a: Great Tusk|protosynthesisspe
|
|-weather|SunnyDay|[upkeep]
|upkeep
|turn|7
|
|t:|1779844774
|switch|p2a: A Penny|Gholdengo|100/100
|-damage|p2a: A Penny|94/100|[from] Stealth Rock
|-item|p2a: A Penny|Air Balloon
|move|p1a: Great Tusk|Ice Spinner|p2a: A Penny
|-resisted|p2a: A Penny
|-damage|p2a: A Penny|82/100
|-enditem|p2a: A Penny|Air Balloon
|
|-weather|SunnyDay|[upkeep]
|upkeep
|turn|8
|
|t:|1779844779
|move|p1a: Great Tusk|Headlong Rush|p2a: A Penny
|-supereffective|p2a: A Penny
|-damage|p2a: A Penny|0 fnt
|-unboost|p1a: Great Tusk|def|1
|-unboost|p1a: Great Tusk|spd|1
|faint|p2a: A Penny
|-enditem|p1a: Great Tusk|Eject Pack
|
|t:|1779844785
|-end|p1a: Great Tusk|Protosynthesis|[silent]
|switch|p1a: Slither Wing|Slither Wing|72/100
|-damage|p1a: Slither Wing|60/100|[from] Stealth Rock
|-activate|p1a: Slither Wing|ability: Protosynthesis
|-start|p1a: Slither Wing|protosynthesisatk
|
|-weather|none
|-end|p1a: Slither Wing|Protosynthesis
|upkeep
|
|t:|1779844792
|switch|p2a: Filo Señorial|Kleavor, M|100/100
|-damage|p2a: Filo Señorial|76/100|[from] Stealth Rock
|turn|9
|
|t:|1779844799
|-end|p1a: Slither Wing|Protosynthesis|[silent]
|switch|p1a: Great Tusk|Great Tusk|90/100
|-damage|p1a: Great Tusk|87/100|[from] Stealth Rock
|move|p2a: Filo Señorial|Close Combat|p1a: Great Tusk
|-damage|p1a: Great Tusk|59/100
|-unboost|p2a: Filo Señorial|def|1
|-unboost|p2a: Filo Señorial|spd|1
|
|upkeep
|turn|10
|
|t:|1779844807
|switch|p2a: HomeLANDOR|Landorus-Therian, M, shiny|70/100
|-damage|p2a: HomeLANDOR|58/100|[from] Stealth Rock
|-ability|p2a: HomeLANDOR|Intimidate|boost
|-unboost|p1a: Great Tusk|atk|1
|move|p1a: Great Tusk|Rapid Spin|p2a: HomeLANDOR
|-damage|p2a: HomeLANDOR|47/100
|-boost|p1a: Great Tusk|spe|1
|-damage|p1a: Great Tusk|42/100|[from] item: Rocky Helmet|[of] p2a: HomeLANDOR
|-sideend|p1: Notater517|Stealth Rock|[from] move: Rapid Spin|[of] p1a: Great Tusk
|
|upkeep
|turn|11
|
|t:|1779844817
|move|p1a: Great Tusk|Ice Spinner|p2a: HomeLANDOR
|-supereffective|p2a: HomeLANDOR
|-damage|p2a: HomeLANDOR|0 fnt
|-damage|p1a: Great Tusk|25/100|[from] item: Rocky Helmet|[of] p2a: HomeLANDOR
|faint|p2a: HomeLANDOR
|
|upkeep
|
|t:|1779844823
|switch|p2a: Duke|Darkrai, shiny|100/100
|turn|12
|
|t:|1779844829
|-end|p1a: Great Tusk|Protosynthesis|[silent]
|switch|p1a: Ninetales|Ninetales, F|100/100
|-weather|SunnyDay|[from] ability: Drought|[of] p1a: Ninetales
|move|p2a: Duke|Ice Beam|p1a: Ninetales
|-resisted|p1a: Ninetales
|-damage|p1a: Ninetales|85/100
|
|-weather|SunnyDay|[upkeep]
|upkeep
|turn|13
|
|t:|1779844835
|move|p2a: Duke|Dark Pulse|p1a: Ninetales
|-damage|p1a: Ninetales|42/100
|move|p1a: Ninetales|Healing Wish|p1a: Ninetales
|faint|p1a: Ninetales
|
|-weather|SunnyDay|[upkeep]
|upkeep
|
|t:|1779844838
|switch|p1a: Great Tusk|Great Tusk|25/100
|-heal|p1a: Great Tusk|100/100|[from] move: Healing Wish
|-activate|p1a: Great Tusk|ability: Protosynthesis
|-start|p1a: Great Tusk|protosynthesisspe
|turn|14
|
|t:|1779844843
|-end|p1a: Great Tusk|Protosynthesis|[silent]
|switch|p1a: Slither Wing|Slither Wing|60/100
|-activate|p1a: Slither Wing|ability: Protosynthesis
|-start|p1a: Slither Wing|protosynthesisatk
|move|p2a: Duke|Ice Beam|p1a: Slither Wing
|-crit|p1a: Slither Wing
|-damage|p1a: Slither Wing|24/100
|
|-weather|SunnyDay|[upkeep]
|upkeep
|turn|15
|
|t:|1779844848
|switch|p2a: Hattie|Hatterene, F, tera:Water|44/100
|-damage|p2a: Hattie|31/100|[from] Stealth Rock
|move|p1a: Slither Wing|First Impression|p2a: Hattie
|-damage|p2a: Hattie|0 fnt
|faint|p2a: Hattie
|
|-weather|SunnyDay|[upkeep]
|upkeep
|
|t:|1779844856
|switch|p2a: Duke|Darkrai, shiny|100/100
|turn|16
|
|t:|1779844865
|move|p2a: Duke|Ice Beam|p1a: Slither Wing
|-damage|p1a: Slither Wing|2/100
|move|p1a: Slither Wing|U-turn|p2a: Duke
|-supereffective|p2a: Duke
|-damage|p2a: Duke|0 fnt
|faint|p2a: Duke
|
|t:|1779844869
|-end|p1a: Slither Wing|Protosynthesis|[silent]
|switch|p1a: Great Tusk|Great Tusk|100/100|[from] U-turn
|-activate|p1a: Great Tusk|ability: Protosynthesis
|-start|p1a: Great Tusk|protosynthesisspe
|
|-weather|SunnyDay|[upkeep]
|upkeep
|-message|Kazuelasnt forfeited.
|
|win|Notater517
|raw|Notater517's rating: 1533 &rarr; <strong>1551</strong><br />(+18 for winning)
|raw|Kazuelasnt's rating: 1501 &rarr; <strong>1483</strong><br />(-18 for losing)
|l|☆Kazuelasnt
|player|p2|
|l|☆Notater517
|player|p1|
