|j|☆scarletaurora
|j|☆kemious
|t:|1779866092
|gametype|singles
|player|p1|scarletaurora|170|1485
|player|p2|kemious|265|1608
|gen|9
|tier|[Gen 9] OU
|rated|
|rule|HP Percentage Mod: HP is shown in percentages
|rule|Endless Battle Clause: Forcing endless battles is banned
|rule|Species Clause: Limit one of each Pokémon
|rule|OHKO Clause: OHKO moves are banned
|rule|Evasion Items Clause: Evasion items are banned
|rule|Evasion Moves Clause: Evasion moves are banned
|rule|Evasion Abilities Clause: Evasion abilities are banned
|rule|Sleep Moves Clause: Sleep-inducing moves are banned
|clearpoke
|poke|p1|Cinderace, M|
|poke|p1|Slowking-Galar, F|
|poke|p1|Iron Valiant|
|poke|p1|Kyurem|
|poke|p1|Landorus-Therian, M|
|poke|p1|Kingambit, M|
|poke|p2|Chesnaught, M|
|poke|p2|Gastrodon, F|
|poke|p2|Kilowattrel, F|
|poke|p2|Glimmora, F|
|poke|p2|Ceruledge, M|
|poke|p2|Goodra-Hisui, F|
|teampreview
|inactive|Battle timer is ON: inactive players will automatically lose when time's up. (requested by scarletaurora)
|
|t:|1779866111
|teamsize|p1|6
|teamsize|p2|6
|start
|switch|p1a: JetRay|Landorus-Therian, M|100/100
|switch|p2a: Kilowattrel|Kilowattrel, F, shiny|100/100
|-ability|p1a: JetRay|Intimidate|boost
|-unboost|p2a: Kilowattrel|atk|1
|turn|1
|
|t:|1779866120
|move|p2a: Kilowattrel|Air Slash|p1a: JetRay
|-damage|p1a: JetRay|54/100
|cant|p1a: JetRay|flinch
|
|upkeep
|turn|2
|
|t:|1779866125
|move|p2a: Kilowattrel|Air Slash|p1a: JetRay
|-damage|p1a: JetRay|13/100
|move|p1a: JetRay|Rock Tomb|p2a: Kilowattrel|[miss]
|-miss|p1a: JetRay|p2a: Kilowattrel
|
|upkeep
|turn|3
|
|t:|1779866130
|switch|p1a: Ubchucks|Slowking-Galar, F|100/100
|move|p2a: Kilowattrel|Air Slash|p1a: Ubchucks
|-damage|p1a: Ubchucks|80/100
|
|upkeep
|turn|4
|
|t:|1779866135
|move|p2a: Kilowattrel|Thunder Wave|p1a: Ubchucks
|-status|p1a: Ubchucks|par
|-prepare|p1a: Ubchucks|Chilly Reception|[premajor]
|move|p1a: Ubchucks|Chilly Reception|p1a: Ubchucks
|-weather|Snowscape
|
|t:|1779866142
|switch|p1a: BigChills|Kyurem|100/100|[from] Chilly Reception
|-ability|p1a: BigChills|Pressure
|
|-weather|Snowscape|[upkeep]
|upkeep
|turn|5
|
|t:|1779866150
|-terastallize|p1a: BigChills|Ground
|move|p2a: Kilowattrel|Thunder Wave|p1a: BigChills
|-immune|p1a: BigChills
|move|p1a: BigChills|Blizzard|p2a: Kilowattrel
|-supereffective|p2a: Kilowattrel
|-damage|p2a: Kilowattrel|0 fnt
|faint|p2a: Kilowattrel
|
|-weather|Snowscape|[upkeep]
|upkeep
|
|t:|1779866159
|switch|p2a: Goodra|Goodra-Hisui, F|100/100
|turn|6
|
|t:|1779866164
|switch|p1a: XLR8|Iron Valiant|100/100
|-enditem|p1a: XLR8|Booster Energy
|-activate|p1a: XLR8|ability: Quark Drive|[fromitem]
|-start|p1a: XLR8|quarkdrivespe
|move|p2a: Goodra|Knock Off|p1a: XLR8
|-resisted|p1a: XLR8
|-crit|p1a: XLR8
|-damage|p1a: XLR8|93/100
|
|-weather|Snowscape|[upkeep]
|upkeep
|turn|7
|
|t:|1779866173
|switch|p2a: Glimmora|Glimmora, F|100/100
|move|p1a: XLR8|Encore||[still]
|-fail|p1a: XLR8
|
|-weather|Snowscape|[upkeep]
|upkeep
|turn|8
|
|t:|1779866181
|move|p1a: XLR8|Moonblast|p2a: Glimmora
|-resisted|p2a: Glimmora
|-damage|p2a: Glimmora|73/100
|-enditem|p2a: Glimmora|Red Card|[of] p1a: XLR8
|-end|p1a: XLR8|Quark Drive|[silent]
|drag|p1a: BigChills|Kyurem, tera:Ground|100/100
|-ability|p1a: BigChills|Pressure
|move|p2a: Glimmora|Power Gem|p1a: BigChills
|-resisted|p1a: BigChills
|-damage|p1a: BigChills|85/100
|
|-weather|none
|upkeep
|turn|9
|
|t:|1779866192
|switch|p2a: Chesnaught|Chesnaught, M|100/100
|move|p1a: BigChills|Earth Power|p2a: Chesnaught
|-resisted|p2a: Chesnaught
|-damage|p2a: Chesnaught|58/100
|-unboost|p2a: Chesnaught|spd|1
|
|-heal|p2a: Chesnaught|64/100|[from] item: Leftovers
|upkeep
|turn|10
|
|t:|1779866201
|switch|p2a: Goodra|Goodra-Hisui, F|100/100
|move|p1a: BigChills|Earth Power|p2a: Goodra
|-supereffective|p2a: Goodra
|-damage|p2a: Goodra|40/100
|
|upkeep
|turn|11
|
|t:|1779866207
|move|p1a: BigChills|Earth Power|p2a: Goodra
|-supereffective|p2a: Goodra
|-damage|p2a: Goodra|0 fnt
|faint|p2a: Goodra
|
|upkeep
|
|t:|1779866211
|switch|p2a: Gastrodon|Gastrodon, F|100/100
|turn|12
|
|t:|1779866224
|switch|p1a: XLR8|Iron Valiant|93/100
|move|p2a: Gastrodon|Surf|p1a: XLR8
|-damage|p1a: XLR8|39/100
|
|upkeep
|turn|13
|
|t:|1779866229
|move|p1a: XLR8|Moonblast|p2a: Gastrodon
|-damage|p2a: Gastrodon|66/100
|move|p2a: Gastrodon|Earth Power|p1a: XLR8
|-damage|p1a: XLR8|0 fnt
|faint|p1a: XLR8
|-end|p1a: XLR8|Quark Drive|[silent]
|
|-heal|p2a: Gastrodon|72/100|[from] item: Leftovers
|upkeep
|
|t:|1779866244
|switch|p1a: BigChills|Kyurem, tera:Ground|85/100
|-ability|p1a: BigChills|Pressure
|turn|14
|
|t:|1779866249
|move|p1a: BigChills|Freeze-Dry|p2a: Gastrodon
|-supereffective|p2a: Gastrodon
|-damage|p2a: Gastrodon|0 fnt
|faint|p2a: Gastrodon
|
|upkeep
|
|t:|1779866253
|switch|p2a: Ceruledge|Ceruledge, M|100/100
|turn|15
|
|t:|1779866256
|switch|p1a: JetRay|Landorus-Therian, M|13/100
|-ability|p1a: JetRay|Intimidate|boost
|-unboost|p2a: Ceruledge|atk|1
|move|p2a: Ceruledge|Swords Dance|p2a: Ceruledge
|-boost|p2a: Ceruledge|atk|2
|
|upkeep
|turn|16
|
|t:|1779866266
|move|p2a: Ceruledge|Shadow Sneak|p1a: JetRay
|-damage|p1a: JetRay|0 fnt
|faint|p1a: JetRay
|
|upkeep
|
|t:|1779866284
|switch|p1a: BigChills|Kyurem, tera:Ground|85/100
|-ability|p1a: BigChills|Pressure
|turn|17
|
|t:|1779866289
|-terastallize|p2a: Ceruledge|Grass
|move|p1a: BigChills|Earth Power|p2a: Ceruledge
|-resisted|p2a: Ceruledge
|-damage|p2a: Ceruledge|62/100
|move|p2a: Ceruledge|Poltergeist|p1a: BigChills
|-activate|p1a: BigChills|move: Poltergeist|Choice Specs
|-damage|p1a: BigChills|1/100
|
|upkeep
|turn|18
|
|t:|1779866298
|move|p1a: BigChills|Earth Power|p2a: Ceruledge
|-resisted|p2a: Ceruledge
|-damage|p2a: Ceruledge|23/100
|move|p2a: Ceruledge|Bitter Blade|p1a: BigChills
|-damage|p1a: BigChills|0 fnt
|-heal|p2a: Ceruledge|23/100|[from] drain|[of] p1a: BigChills
|faint|p1a: BigChills
|
|upkeep
|
|t:|1779866301
|switch|p1a: HeatBlast|Cinderace, M|100/100
|turn|19
|
|t:|1779866307
|move|p1a: HeatBlast|U-turn|p2a: Ceruledge
|-supereffective|p2a: Ceruledge
|-damage|p2a: Ceruledge|0 fnt
|faint|p2a: Ceruledge
|
|t:|1779866316
|switch|p1a: Ubchucks|Slowking-Galar, F|100/100 par|[from] U-turn
|
|upkeep
|
|t:|1779866319
|switch|p2a: Chesnaught|Chesnaught, M|64/100
|turn|20
|
|t:|1779866322
|move|p2a: Chesnaught|Leech Seed|p1a: Ubchucks
|-start|p1a: Ubchucks|move: Leech Seed
|move|p1a: Ubchucks|Psychic Noise|p2a: Chesnaught
|-supereffective|p2a: Chesnaught
|-damage|p2a: Chesnaught|0 fnt
|faint|p2a: Chesnaught
|
|upkeep
|-message|kemious forfeited.
|
|win|scarletaurora
|raw|scarletaurora's rating: 1485 &rarr; <strong>1512</strong><br />(+27 for winning)
|raw|kemious's rating: 1608 &rarr; <strong>1581</strong><br />(-27 for losing)
|l|☆kemious
|player|p2|
|l|☆scarletaurora
|player|p1|
