|j|☆claudechamp
|j|☆chrovalis
|t:|1779897836
|gametype|singles
|player|p1|claudechamp|169|1269
|player|p2|chrovalis|ethan|1217
|gen|9
|tier|[Gen 9] OU
|rated|
|rule|HP Percentage Mod: HP is shown in percentages
|rule|Endless Battle Clause: Forcing endless battles is banned
|rule|Species Clause: Limit one of each Pokémon
|rule|OHKO Clause: OHKO moves are banned
|rule|Evasion Items Clause: Evasion items are banned
|rule|Evasion Moves Clause: Evasion moves are banned
|rule|Evasion Abilities Clause: Evasion abilities are banned
|rule|Sleep Moves Clause: Sleep-inducing moves are banned
|clearpoke
|poke|p1|Gliscor, F|
|poke|p1|Gholdengo|
|poke|p1|Zamazenta-*|
|poke|p1|Blissey, F|
|poke|p1|Skarmory, F|
|poke|p1|Pecharunt|
|poke|p2|Arcanine, M|
|poke|p2|Gyarados, F|
|poke|p2|Garchomp, M|
|poke|p2|Umbreon, M|
|poke|p2|Comfey, F|
|teampreview
|inactive|Battle timer is ON: inactive players will automatically lose when time's up. (requested by chrovalis)
|c|☆claudechamp|hf
|
|t:|1779897846
|teamsize|p1|6
|teamsize|p2|5
|start
|switch|p1a: Skarmory|Skarmory, F|100/100
|switch|p2a: Garchomp|Garchomp, M|100/100
|turn|1
|inactive|claudechamp also wants the timer to be on.
|
|t:|1779897863
|move|p2a: Garchomp|Stealth Rock|p1a: Skarmory
|-sidestart|p1: claudechamp|move: Stealth Rock
|move|p1a: Skarmory|Spikes|p2a: Garchomp
|-sidestart|p2: chrovalis|Spikes
|
|upkeep
|turn|2
|
|t:|1779897875
|move|p1a: Skarmory|Spikes|p2a: Garchomp
|-sidestart|p2: chrovalis|Spikes
|move|p2a: Garchomp|Dragon Tail|p1a: Skarmory
|-resisted|p1a: Skarmory
|-damage|p1a: Skarmory|92/100
|drag|p1a: Gholdengo|Gholdengo|100/100
|-damage|p1a: Gholdengo|94/100|[from] Stealth Rock
|
|upkeep
|turn|3
|
|t:|1779897884
|move|p2a: Garchomp|Earthquake|p1a: Gholdengo
|-supereffective|p1a: Gholdengo
|-damage|p1a: Gholdengo|31/100
|move|p1a: Gholdengo|Hex|p2a: Garchomp
|-damage|p2a: Garchomp|73/100
|
|upkeep
|turn|4
|
|t:|1779897901
|switch|p1a: Skarmory|Skarmory, F|92/100
|move|p2a: Garchomp|Dragon Tail|p1a: Skarmory
|-resisted|p1a: Skarmory
|-damage|p1a: Skarmory|84/100
|drag|p1a: Zamazenta|Zamazenta|100/100
|-ability|p1a: Zamazenta|Dauntless Shield|boost
|-boost|p1a: Zamazenta|def|1
|
|upkeep
|turn|5
|
|t:|1779897913
|move|p1a: Zamazenta|Ice Fang|p2a: Garchomp
|-supereffective|p2a: Garchomp
|-damage|p2a: Garchomp|17/100
|-damage|p1a: Zamazenta|88/100|[from] ability: Rough Skin|[of] p2a: Garchomp
|-damage|p1a: Zamazenta|72/100|[from] item: Rocky Helmet|[of] p2a: Garchomp
|move|p2a: Garchomp|Dragon Tail|p1a: Zamazenta
|-damage|p1a: Zamazenta|56/100
|drag|p1a: Blissey|Blissey, F|100/100
|
|upkeep
|turn|6
|
|t:|1779897926
|move|p2a: Garchomp|Poison Jab|p1a: Blissey
|-damage|p1a: Blissey|76/100
|move|p1a: Blissey|Stealth Rock|p2a: Garchomp
|-sidestart|p2: chrovalis|move: Stealth Rock
|
|upkeep
|turn|7
|
|t:|1779897933
|switch|p1a: Skarmory|Skarmory, F|84/100
|move|p2a: Garchomp|Poison Jab|p1a: Skarmory
|-immune|p1a: Skarmory
|
|upkeep
|turn|8
|
|t:|1779897950
|move|p1a: Skarmory|Body Press|p2a: Garchomp
|-damage|p2a: Garchomp|0 fnt
|-damage|p1a: Skarmory|71/100|[from] ability: Rough Skin|[of] p2a: Garchomp
|-damage|p1a: Skarmory|55/100|[from] item: Rocky Helmet|[of] p2a: Garchomp
|faint|p2a: Garchomp
|
|upkeep
|
|t:|1779897957
|switch|p2a: Gyarados|Gyarados, F, shiny|100/100
|turn|9
|
|t:|1779897970
|move|p2a: Gyarados|Dragon Dance|p2a: Gyarados
|-boost|p2a: Gyarados|atk|1
|-boost|p2a: Gyarados|spe|1
|move|p1a: Skarmory|Roost|p1a: Skarmory
|-heal|p1a: Skarmory|100/100
|-singleturn|p1a: Skarmory|move: Roost
|
|upkeep
|turn|10
|
|t:|1779897977
|move|p2a: Gyarados|Waterfall|p1a: Skarmory
|-damage|p1a: Skarmory|59/100
|move|p1a: Skarmory|Whirlwind|p2a: Gyarados
|drag|p2a: Umbreon|Umbreon, M|100/100
|-damage|p2a: Umbreon|84/100|[from] Spikes
|-damage|p2a: Umbreon|72/100|[from] Stealth Rock
|
|-heal|p2a: Umbreon|78/100|[from] item: Leftovers
|upkeep
|turn|11
|
|t:|1779897993
|switch|p2a: Arcanine|Arcanine, M|100/100
|-damage|p2a: Arcanine|84/100|[from] Spikes
|-damage|p2a: Arcanine|59/100|[from] Stealth Rock
|-ability|p2a: Arcanine|Intimidate|boost
|-unboost|p1a: Skarmory|atk|1
|move|p1a: Skarmory|Roost|p1a: Skarmory
|-heal|p1a: Skarmory|100/100
|-singleturn|p1a: Skarmory|move: Roost
|
|-heal|p2a: Arcanine|65/100|[from] item: Leftovers
|upkeep
|turn|12
|
|t:|1779898005
|switch|p1a: Pecharunt|Pecharunt|100/100
|move|p2a: Arcanine|Flare Blitz|p1a: Pecharunt
|-damage|p1a: Pecharunt|69/100
|-damage|p2a: Arcanine|55/100|[from] Recoil
|
|-heal|p2a: Arcanine|61/100|[from] item: Leftovers
|upkeep
|turn|13
|
|t:|1779898012
|move|p2a: Arcanine|Crunch|p1a: Pecharunt
|-supereffective|p1a: Pecharunt
|-damage|p1a: Pecharunt|44/100
|move|p1a: Pecharunt|Toxic|p2a: Arcanine
|-status|p2a: Arcanine|tox
|-start|p2a: Arcanine|confusion|[from] ability: Poison Puppeteer|[of] p1a: Pecharunt
|
|-heal|p2a: Arcanine|67/100 tox|[from] item: Leftovers
|-damage|p2a: Arcanine|61/100 tox|[from] psn
|upkeep
|turn|14
|
|t:|1779898023
|-activate|p2a: Arcanine|confusion
|move|p2a: Arcanine|Crunch|p1a: Pecharunt
|-supereffective|p1a: Pecharunt
|-damage|p1a: Pecharunt|17/100
|move|p1a: Pecharunt|Recover|p1a: Pecharunt
|-heal|p1a: Pecharunt|67/100
|
|-heal|p2a: Arcanine|67/100 tox|[from] item: Leftovers
|-damage|p2a: Arcanine|55/100 tox|[from] psn
|upkeep
|turn|15
|
|t:|1779898032
|switch|p2a: Umbreon|Umbreon, M|78/100
|-damage|p2a: Umbreon|61/100|[from] Spikes
|-damage|p2a: Umbreon|49/100|[from] Stealth Rock
|move|p1a: Pecharunt|Recover|p1a: Pecharunt
|-heal|p1a: Pecharunt|100/100
|
|-heal|p2a: Umbreon|55/100|[from] item: Leftovers
|upkeep
|turn|16
|
|t:|1779898045
|move|p1a: Pecharunt|Toxic|p2a: Umbreon
|-status|p2a: Umbreon|tox
|-start|p2a: Umbreon|confusion|[from] ability: Poison Puppeteer|[of] p1a: Pecharunt
|-activate|p2a: Umbreon|ability: Synchronize
|-immune|p1a: Pecharunt
|-activate|p2a: Umbreon|confusion
|move|p2a: Umbreon|Wish|p2a: Umbreon
|
|-heal|p2a: Umbreon|61/100 tox|[from] item: Leftovers
|-damage|p2a: Umbreon|55/100 tox|[from] psn
|upkeep
|turn|17
|
|t:|1779898057
|move|p1a: Pecharunt|Parting Shot|p2a: Umbreon
|-unboost|p2a: Umbreon|atk|1
|-unboost|p2a: Umbreon|spa|1
|
|t:|1779898067
|switch|p1a: Gliscor|Gliscor, F|100/100|[from] Parting Shot
|-damage|p1a: Gliscor|88/100|[from] Stealth Rock
|-end|p2a: Umbreon|confusion
|move|p2a: Umbreon|Snarl|p1a: Gliscor
|-damage|p1a: Gliscor|80/100
|-unboost|p1a: Gliscor|spa|1
|
|-heal|p2a: Umbreon|100/100 tox|[from] move: Wish|[wisher] Umbreon
|-damage|p2a: Umbreon|88/100 tox|[from] psn
|-status|p1a: Gliscor|tox|[from] item: Toxic Orb
|upkeep
|turn|18
|
|t:|1779898077
|-terastallize|p1a: Gliscor|Dark
|move|p1a: Gliscor|Swords Dance|p1a: Gliscor
|-boost|p1a: Gliscor|atk|2
|move|p2a: Umbreon|Foul Play|p1a: Gliscor
|-resisted|p1a: Gliscor
|-damage|p1a: Gliscor|54/100 tox
|
|-heal|p2a: Umbreon|94/100 tox|[from] item: Leftovers
|-heal|p1a: Gliscor|66/100 tox|[from] ability: Poison Heal
|-damage|p2a: Umbreon|76/100 tox|[from] psn
|upkeep
|turn|19
|
|t:|1779898086
|move|p1a: Gliscor|Swords Dance|p1a: Gliscor
|-boost|p1a: Gliscor|atk|2
|move|p2a: Umbreon|Foul Play|p1a: Gliscor
|-resisted|p1a: Gliscor
|-damage|p1a: Gliscor|26/100 tox
|
|-heal|p2a: Umbreon|82/100 tox|[from] item: Leftovers
|-heal|p1a: Gliscor|39/100 tox|[from] ability: Poison Heal
|-damage|p2a: Umbreon|58/100 tox|[from] psn
|upkeep
|turn|20
|
|t:|1779898094
|move|p1a: Gliscor|Earthquake|p2a: Umbreon
|-damage|p2a: Umbreon|0 fnt
|faint|p2a: Umbreon
|
|-heal|p1a: Gliscor|51/100 tox|[from] ability: Poison Heal
|upkeep
|
|t:|1779898097
|switch|p2a: Comfey|Comfey, F|100/100
|-damage|p2a: Comfey|84/100|[from] Spikes
|-damage|p2a: Comfey|71/100|[from] Stealth Rock
|turn|21
|
|t:|1779898102
|move|p2a: Comfey|Draining Kiss|p1a: Gliscor
|-supereffective|p1a: Gliscor
|-damage|p1a: Gliscor|0 fnt
|-heal|p2a: Comfey|100/100|[from] drain|[of] p1a: Gliscor
|faint|p1a: Gliscor
|-damage|p2a: Comfey|91/100|[from] item: Life Orb
|
|upkeep
|
|t:|1779898107
|switch|p1a: Pecharunt|Pecharunt|100/100
|turn|22
|
|t:|1779898114
|switch|p2a: Arcanine|Arcanine, M|55/100 tox
|-damage|p2a: Arcanine|39/100 tox|[from] Spikes
|-damage|p2a: Arcanine|14/100 tox|[from] Stealth Rock
|-ability|p2a: Arcanine|Intimidate|boost
|-unboost|p1a: Pecharunt|atk|1
|move|p1a: Pecharunt|Toxic|p2a: Arcanine
|-fail|p2a: Arcanine|tox
|
|-heal|p2a: Arcanine|20/100 tox|[from] item: Leftovers
|-damage|p2a: Arcanine|14/100 tox|[from] psn
|upkeep
|turn|23
|
|t:|1779898118
|move|p2a: Arcanine|Flare Blitz|p1a: Pecharunt
|-damage|p1a: Pecharunt|72/100
|-damage|p2a: Arcanine|4/100 tox|[from] Recoil
|move|p1a: Pecharunt|Recover|p1a: Pecharunt
|-heal|p1a: Pecharunt|100/100
|
|-heal|p2a: Arcanine|10/100 tox|[from] item: Leftovers
|-damage|p2a: Arcanine|0 fnt|[from] psn
|faint|p2a: Arcanine
|upkeep
|
|t:|1779898121
|switch|p2a: Gyarados|Gyarados, F, shiny|100/100
|turn|24
|
|t:|1779898128
|move|p2a: Gyarados|Dragon Dance|p2a: Gyarados
|-boost|p2a: Gyarados|atk|1
|-boost|p2a: Gyarados|spe|1
|move|p1a: Pecharunt|Parting Shot|p2a: Gyarados
|-unboost|p2a: Gyarados|atk|1
|-unboost|p2a: Gyarados|spa|1
|
|t:|1779898137
|switch|p1a: Skarmory|Skarmory, F|100/100|[from] Parting Shot
|
|upkeep
|turn|25
|
|t:|1779898148
|-terastallize|p2a: Gyarados|Water
|move|p2a: Gyarados|Waterfall|p1a: Skarmory
|-damage|p1a: Skarmory|62/100
|move|p1a: Skarmory|Whirlwind|p2a: Gyarados
|drag|p2a: Comfey|Comfey, F|91/100
|-damage|p2a: Comfey|74/100|[from] Spikes
|-damage|p2a: Comfey|62/100|[from] Stealth Rock
|
|upkeep
|turn|26
|
|t:|1779898164
|move|p2a: Comfey|Draining Kiss|p1a: Skarmory
|-resisted|p1a: Skarmory
|-damage|p1a: Skarmory|43/100
|-heal|p2a: Comfey|78/100|[from] drain|[of] p1a: Skarmory
|-damage|p2a: Comfey|68/100|[from] item: Life Orb
|move|p1a: Skarmory|Roost|p1a: Skarmory
|-heal|p1a: Skarmory|93/100
|-singleturn|p1a: Skarmory|move: Roost
|
|upkeep
|turn|27
|
|t:|1779898176
|move|p2a: Comfey|Calm Mind|p2a: Comfey
|-boost|p2a: Comfey|spa|1
|-boost|p2a: Comfey|spd|1
|move|p1a: Skarmory|Whirlwind|p2a: Comfey
|drag|p2a: Gyarados|Gyarados, F, shiny, tera:Water|100/100
|
|upkeep
|turn|28
|-message|chrovalis forfeited.
|
|win|claudechamp
|raw|claudechamp's rating: 1274 &rarr; <strong>1295</strong><br />(+21 for winning)
|raw|chrovalis's rating: 1217 &rarr; <strong>1196</strong><br />(-21 for losing)
|l|☆chrovalis
|player|p2|
|c|☆claudechamp|gg
