|j|☆Sceptilekid361
|j|☆qwp1027
|t:|1779799946
|gametype|singles
|player|p1|Sceptilekid361|101|1434
|player|p2|qwp1027|pokemonrangerf-gen4|1409
|gen|9
|tier|[Gen 9] OU
|rated|
|rule|HP Percentage Mod: HP is shown in percentages
|rule|Endless Battle Clause: Forcing endless battles is banned
|rule|Species Clause: Limit one of each Pokémon
|rule|OHKO Clause: OHKO moves are banned
|rule|Evasion Items Clause: Evasion items are banned
|rule|Evasion Moves Clause: Evasion moves are banned
|rule|Evasion Abilities Clause: Evasion abilities are banned
|rule|Sleep Moves Clause: Sleep-inducing moves are banned
|clearpoke
|poke|p1|Raging Bolt|
|poke|p1|Cinderace, F|
|poke|p1|Iron Crown|
|poke|p1|Darkrai|
|poke|p1|Great Tusk|
|poke|p1|Dragonite, M|
|poke|p2|Slither Wing|
|poke|p2|Ursaluna, F|
|poke|p2|Torkoal, F|
|poke|p2|Hatterene, F|
|poke|p2|Farigiraf, F|
|poke|p2|Mimikyu, M|
|teampreview
|
|t:|1779799954
|teamsize|p1|6
|teamsize|p2|6
|start
|switch|p1a: Darkrai|Darkrai|100/100
|switch|p2a: Hatterene|Hatterene, F|100/100
|turn|1
|
|t:|1779799974
|move|p1a: Darkrai|Dark Pulse|p2a: Hatterene
|-damage|p2a: Hatterene|39/100
|-damage|p1a: Darkrai|91/100|[from] item: Life Orb
|move|p2a: Hatterene|Trick Room|p2a: Hatterene
|-fieldstart|move: Trick Room|[of] p2a: Hatterene
|
|upkeep
|turn|2
|
|t:|1779799983
|switch|p1a: Iron Crown|Iron Crown|100/100
|move|p2a: Hatterene|Healing Wish|p2a: Hatterene
|faint|p2a: Hatterene
|
|upkeep
|
|t:|1779799990
|switch|p2a: Torkoal|Torkoal, F|100/100
|-weather|SunnyDay|[from] ability: Drought|[of] p2a: Torkoal
|turn|3
|
|t:|1779799996
|-end|p1a: Iron Crown|Quark Drive|[silent]
|switch|p1a: Raging Bolt|Raging Bolt|100/100
|-activate|p1a: Raging Bolt|ability: Protosynthesis
|-start|p1a: Raging Bolt|protosynthesisspa
|move|p2a: Torkoal|Eruption|p1a: Raging Bolt
|-resisted|p1a: Raging Bolt
|-damage|p1a: Raging Bolt|46/100
|
|-weather|SunnyDay|[upkeep]
|-heal|p1a: Raging Bolt|52/100|[from] item: Leftovers
|upkeep
|turn|4
|
|t:|1779800015
|-terastallize|p2a: Torkoal|Fire
|move|p1a: Raging Bolt|Thunderclap|p2a: Torkoal
|-damage|p2a: Torkoal|30/100
|move|p2a: Torkoal|Eruption|p1a: Raging Bolt
|-resisted|p1a: Raging Bolt
|-damage|p1a: Raging Bolt|30/100
|
|-weather|SunnyDay|[upkeep]
|-heal|p1a: Raging Bolt|36/100|[from] item: Leftovers
|upkeep
|turn|5
|
|t:|1779800025
|switch|p2a: Slither Wing|Slither Wing|100/100
|-activate|p2a: Slither Wing|ability: Protosynthesis
|-start|p2a: Slither Wing|protosynthesisatk
|move|p1a: Raging Bolt|Thunderclap||[still]
|-fail|p1a: Raging Bolt
|
|-weather|SunnyDay|[upkeep]
|-heal|p1a: Raging Bolt|42/100|[from] item: Leftovers
|-fieldend|move: Trick Room
|upkeep
|turn|6
|
|t:|1779800046
|-end|p1a: Raging Bolt|Protosynthesis|[silent]
|switch|p1a: Cinderace|Cinderace, F|100/100
|move|p2a: Slither Wing|First Impression|p1a: Cinderace
|-resisted|p1a: Cinderace
|-damage|p1a: Cinderace|23/100
|
|-weather|SunnyDay|[upkeep]
|upkeep
|turn|7
|
|t:|1779800069
|-end|p2a: Slither Wing|Protosynthesis|[silent]
|switch|p2a: Farigiraf|Farigiraf, F|100/100
|move|p1a: Cinderace|Pyro Ball|p2a: Farigiraf|[miss]
|-miss|p1a: Cinderace|p2a: Farigiraf
|
|-weather|none
|upkeep
|turn|8
|
|t:|1779800078
|move|p1a: Cinderace|U-turn|p2a: Farigiraf
|-start|p1a: Cinderace|typechange|Bug|[from] ability: Libero
|-supereffective|p2a: Farigiraf
|-damage|p2a: Farigiraf|36/100
|
|t:|1779800084
|switch|p1a: Dragonite|Dragonite, M|100/100|[from] U-turn
|move|p2a: Farigiraf|Trick Room|p2a: Farigiraf
|-fieldstart|move: Trick Room|[of] p2a: Farigiraf
|
|upkeep
|turn|9
|
|t:|1779800090
|move|p2a: Farigiraf|Hyper Voice|p1a: Dragonite
|-damage|p1a: Dragonite|79/100
|-enditem|p2a: Farigiraf|Throat Spray
|-boost|p2a: Farigiraf|spa|1|[from] item: Throat Spray
|move|p1a: Dragonite|Dragon Dance|p1a: Dragonite
|-boost|p1a: Dragonite|atk|1
|-boost|p1a: Dragonite|spe|1
|
|upkeep
|turn|10
|
|t:|1779800093
|move|p2a: Farigiraf|Hyper Voice|p1a: Dragonite
|-damage|p1a: Dragonite|8/100
|move|p1a: Dragonite|Earthquake|p2a: Farigiraf
|-damage|p2a: Farigiraf|0 fnt
|faint|p2a: Farigiraf
|
|upkeep
|
|t:|1779800096
|switch|p2a: Torkoal|Torkoal, F, tera:Fire|30/100
|-heal|p2a: Torkoal|100/100|[from] move: Healing Wish
|-weather|SunnyDay|[from] ability: Drought|[of] p2a: Torkoal
|turn|11
|l|☆qwp1027
|player|p2|
|
|t:|1779800101
|-terastallize|p1a: Dragonite|Normal
|move|p1a: Dragonite|Extreme Speed|p2a: Torkoal
|-damage|p2a: Torkoal|48/100
|move|p2a: Torkoal|Flamethrower|p1a: Dragonite
|-damage|p1a: Dragonite|0 fnt
|faint|p1a: Dragonite
|
|-weather|SunnyDay|[upkeep]
|upkeep
|
|t:|1779800110
|switch|p1a: Raging Bolt|Raging Bolt|42/100
|-activate|p1a: Raging Bolt|ability: Protosynthesis
|-start|p1a: Raging Bolt|protosynthesisspa
|turn|12
|j|☆qwp1027
|player|p2|qwp1027|pokemonrangerf-gen4|
|
|t:|1779800173
|move|p2a: Torkoal|Flamethrower|p1a: Raging Bolt
|-resisted|p1a: Raging Bolt
|-damage|p1a: Raging Bolt|0 fnt
|faint|p1a: Raging Bolt
|-end|p1a: Raging Bolt|Protosynthesis|[silent]
|
|-weather|SunnyDay|[upkeep]
|-fieldend|move: Trick Room
|upkeep
|
|t:|1779800179
|switch|p1a: Great Tusk|Great Tusk|100/100
|-activate|p1a: Great Tusk|ability: Protosynthesis
|-start|p1a: Great Tusk|protosynthesisatk
|turn|13
|
|t:|1779800184
|switch|p2a: Slither Wing|Slither Wing|100/100
|-activate|p2a: Slither Wing|ability: Protosynthesis
|-start|p2a: Slither Wing|protosynthesisatk
|move|p1a: Great Tusk|Earthquake|p2a: Slither Wing
|-resisted|p2a: Slither Wing
|-damage|p2a: Slither Wing|65/100
|
|-weather|SunnyDay|[upkeep]
|upkeep
|turn|14
|
|t:|1779800193
|move|p1a: Great Tusk|Earthquake|p2a: Slither Wing
|-resisted|p2a: Slither Wing
|-damage|p2a: Slither Wing|27/100
|move|p2a: Slither Wing|Flare Blitz|p1a: Great Tusk
|-damage|p1a: Great Tusk|0 fnt
|faint|p1a: Great Tusk
|-end|p1a: Great Tusk|Protosynthesis|[silent]
|-damage|p2a: Slither Wing|0 fnt|[from] Recoil
|faint|p2a: Slither Wing
|-end|p2a: Slither Wing|Protosynthesis|[silent]
|
|-weather|SunnyDay|[upkeep]
|upkeep
|
|t:|1779800207
|switch|p1a: Cinderace|Cinderace, F|23/100
|switch|p2a: Mimikyu|Mimikyu, M|100/100
|turn|15
|
|t:|1779800212
|move|p1a: Cinderace|U-turn|p2a: Mimikyu
|-start|p1a: Cinderace|typechange|Bug|[from] ability: Libero
|-activate|p2a: Mimikyu|ability: Disguise
|-damage|p2a: Mimikyu|100/100
|detailschange|p2a: Mimikyu|Mimikyu-Busted, M
|-damage|p2a: Mimikyu|88/100|[from] pokemon: Mimikyu-Busted
|
|t:|1779800218
|switch|p1a: Iron Crown|Iron Crown|100/100|[from] U-turn
|move|p2a: Mimikyu|Trick Room|p2a: Mimikyu
|-fieldstart|move: Trick Room|[of] p2a: Mimikyu
|
|-weather|none
|upkeep
|turn|16
|
|t:|1779800223
|move|p2a: Mimikyu|Destiny Bond|p2a: Mimikyu
|-singlemove|p2a: Mimikyu|Destiny Bond
|move|p1a: Iron Crown|Tachyon Cutter|p2a: Mimikyu
|-supereffective|p2a: Mimikyu
|-damage|p2a: Mimikyu|38/100
|-supereffective|p2a: Mimikyu
|-damage|p2a: Mimikyu|0 fnt
|faint|p2a: Mimikyu
|-activate|p2a: Mimikyu|move: Destiny Bond
|faint|p1a: Iron Crown
|-end|p1a: Iron Crown|Quark Drive|[silent]
|-hitcount|p2: Mimikyu|2
|
|upkeep
|
|t:|1779800234
|switch|p2a: Torkoal|Torkoal, F, tera:Fire|48/100
|switch|p1a: Cinderace|Cinderace, F|23/100
|-weather|SunnyDay|[from] ability: Drought|[of] p2a: Torkoal
|turn|17
|
|t:|1779800240
|move|p1a: Cinderace|Sucker Punch|p2a: Torkoal
|-start|p1a: Cinderace|typechange|Dark|[from] ability: Libero
|-damage|p2a: Torkoal|21/100
|move|p2a: Torkoal|Flamethrower|p1a: Cinderace
|-damage|p1a: Cinderace|0 fnt
|faint|p1a: Cinderace
|
|-weather|SunnyDay|[upkeep]
|upkeep
|-message|Sceptilekid361 forfeited.
|
|win|qwp1027
|raw|Sceptilekid361's rating: 1434 &rarr; <strong>1413</strong><br />(-21 for losing)
|raw|qwp1027's rating: 1409 &rarr; <strong>1430</strong><br />(+21 for winning)
|l|☆Sceptilekid361
|player|p1|
