|j|☆Hallommora
|j|☆habixia
|t:|1779946773
|gametype|singles
|player|p1|Hallommora|clown|1631
|player|p2|habixia|101|1617
|gen|9
|tier|[Gen 9] OU
|rated|
|rule|HP Percentage Mod: HP is shown in percentages
|rule|Endless Battle Clause: Forcing endless battles is banned
|rule|Species Clause: Limit one of each Pokémon
|rule|OHKO Clause: OHKO moves are banned
|rule|Evasion Items Clause: Evasion items are banned
|rule|Evasion Moves Clause: Evasion moves are banned
|rule|Evasion Abilities Clause: Evasion abilities are banned
|rule|Sleep Moves Clause: Sleep-inducing moves are banned
|clearpoke
|poke|p1|Iron Treads|
|poke|p1|Raging Bolt|
|poke|p1|Iron Valiant|
|poke|p1|Kingambit, F|
|poke|p1|Great Tusk|
|poke|p1|Ogerpon-Wellspring, F|
|poke|p2|Pelipper, M|
|poke|p2|Ogerpon-Wellspring, F|
|poke|p2|Barraskewda, M|
|poke|p2|Revavroom, M|
|poke|p2|Iron Treads|
|poke|p2|Zapdos|
|teampreview
|inactive|Battle timer is ON: inactive players will automatically lose when time's up. (requested by Hallommora)
|
|t:|1779946796
|teamsize|p1|6
|teamsize|p2|6
|start
|switch|p1a: Iron Treads|Iron Treads|100/100
|switch|p2a: Zapdos|Zapdos|100/100
|turn|1
|
|t:|1779946800
|move|p1a: Iron Treads|Stealth Rock|p2a: Zapdos
|-sidestart|p2: habixia|move: Stealth Rock
|move|p2a: Zapdos|Hurricane|p1a: Iron Treads
|-resisted|p1a: Iron Treads
|-damage|p1a: Iron Treads|58/100
|-start|p1a: Iron Treads|confusion
|
|upkeep
|turn|2
|
|t:|1779946809
|-activate|p1a: Iron Treads|confusion
|-damage|p1a: Iron Treads|45/100|[from] confusion
|move|p2a: Zapdos|U-turn|p1a: Iron Treads
|-resisted|p1a: Iron Treads
|-damage|p1a: Iron Treads|39/100
|
|t:|1779946816
|switch|p2a: Iron Treads|Iron Treads|100/100|[from] U-turn
|-damage|p2a: Iron Treads|97/100|[from] Stealth Rock
|
|-heal|p2a: Iron Treads|100/100|[from] item: Leftovers
|upkeep
|turn|3
|
|t:|1779946822
|-terastallize|p1a: Iron Treads|Ghost
|-activate|p1a: Iron Treads|confusion
|move|p1a: Iron Treads|Endeavor|p2a: Iron Treads
|-damage|p2a: Iron Treads|33/100
|move|p2a: Iron Treads|Rapid Spin|p1a: Iron Treads
|-immune|p1a: Iron Treads
|
|-heal|p2a: Iron Treads|39/100|[from] item: Leftovers
|upkeep
|turn|4
|
|t:|1779946830
|-end|p2a: Iron Treads|Quark Drive|[silent]
|switch|p2a: Zapdos|Zapdos|100/100
|-activate|p1a: Iron Treads|confusion
|-damage|p1a: Iron Treads|28/100|[from] confusion
|
|upkeep
|turn|5
|
|t:|1779946834
|-activate|p1a: Iron Treads|confusion
|move|p1a: Iron Treads|Knock Off|p2a: Zapdos
|-damage|p2a: Zapdos|64/100
|-status|p1a: Iron Treads|par|[from] ability: Static|[of] p2a: Zapdos
|-enditem|p2a: Zapdos|Heavy-Duty Boots|[from] move: Knock Off|[of] p1a: Iron Treads
|move|p2a: Zapdos|Hurricane|p1a: Iron Treads|[miss]
|-miss|p2a: Zapdos|p1a: Iron Treads
|
|upkeep
|turn|6
|
|t:|1779946847
|move|p2a: Zapdos|Hurricane|p1a: Iron Treads
|-damage|p1a: Iron Treads|0 fnt
|faint|p1a: Iron Treads
|-end|p1a: Iron Treads|Quark Drive|[silent]
|
|upkeep
|
|t:|1779946853
|switch|p1a: Raging Bolt|Raging Bolt|100/100
|-enditem|p1a: Raging Bolt|Booster Energy
|-activate|p1a: Raging Bolt|ability: Protosynthesis|[fromitem]
|-start|p1a: Raging Bolt|protosynthesisspa
|turn|7
|
|t:|1779946855
|switch|p2a: Iron Treads|Iron Treads|39/100
|-damage|p2a: Iron Treads|36/100|[from] Stealth Rock
|move|p1a: Raging Bolt|Draco Meteor|p2a: Iron Treads
|-resisted|p2a: Iron Treads
|-damage|p2a: Iron Treads|0 fnt
|-unboost|p1a: Raging Bolt|spa|2
|faint|p2a: Iron Treads
|-end|p2a: Iron Treads|Quark Drive|[silent]
|
|upkeep
|
|t:|1779946863
|switch|p2a: Revavroom|Revavroom, M|100/100
|-damage|p2a: Revavroom|95/100|[from] Stealth Rock
|-item|p2a: Revavroom|Air Balloon
|turn|8
|
|t:|1779946872
|move|p2a: Revavroom|Shift Gear|p2a: Revavroom
|-boost|p2a: Revavroom|spe|2
|-boost|p2a: Revavroom|atk|1
|move|p1a: Raging Bolt|Thunderbolt|p2a: Revavroom
|-damage|p2a: Revavroom|40/100
|-enditem|p2a: Revavroom|Air Balloon
|
|upkeep
|turn|9
|
|t:|1779946898
|-end|p1a: Raging Bolt|Protosynthesis|[silent]
|switch|p1a: Great Tusk|Great Tusk|100/100
|-enditem|p1a: Great Tusk|Booster Energy
|-activate|p1a: Great Tusk|ability: Protosynthesis|[fromitem]
|-start|p1a: Great Tusk|protosynthesisspe
|move|p2a: Revavroom|High Horsepower|p1a: Great Tusk
|-damage|p1a: Great Tusk|69/100
|
|upkeep
|turn|10
|
|t:|1779946918
|move|p2a: Revavroom|Iron Head|p1a: Great Tusk
|-damage|p1a: Great Tusk|32/100
|cant|p1a: Great Tusk|flinch
|
|upkeep
|turn|11
|
|t:|1779946922
|move|p2a: Revavroom|Iron Head|p1a: Great Tusk
|-damage|p1a: Great Tusk|0 fnt
|faint|p1a: Great Tusk
|-end|p1a: Great Tusk|Protosynthesis|[silent]
|
|upkeep
|c|☆Hallommora|Lol
|c|☆Hallommora|t’as du cul toi
|
|t:|1779946941
|switch|p1a: Kingambit|Kingambit, F|100/100
|-activate|p1a: Kingambit|ability: Supreme Overlord
|-start|p1a: Kingambit|fallen2|[silent]
|turn|12
|
|t:|1779946946
|switch|p2a: Pelipper|Pelipper, M|100/100
|-damage|p2a: Pelipper|76/100|[from] Stealth Rock
|-weather|RainDance|[from] ability: Drizzle|[of] p2a: Pelipper
|move|p1a: Kingambit|Sucker Punch||[still]
|-fail|p1a: Kingambit
|
|-weather|RainDance|[upkeep]
|upkeep
|turn|13
|
|t:|1779946952
|move|p1a: Kingambit|Kowtow Cleave|p2a: Pelipper
|-crit|p2a: Pelipper
|-damage|p2a: Pelipper|2/100
|move|p2a: Pelipper|Weather Ball|p1a: Kingambit
|-damage|p1a: Kingambit|46/100
|
|-weather|RainDance|[upkeep]
|upkeep
|turn|14
|
|t:|1779946962
|move|p1a: Kingambit|Kowtow Cleave|p2a: Pelipper
|-damage|p2a: Pelipper|0 fnt
|faint|p2a: Pelipper
|
|-weather|RainDance|[upkeep]
|upkeep
|
|t:|1779946965
|switch|p2a: Barraskewda|Barraskewda, M|100/100
|-damage|p2a: Barraskewda|88/100|[from] Stealth Rock
|turn|15
|
|t:|1779946967
|-end|p1a: Kingambit|fallen2|[silent]
|switch|p1a: Ogerpon|Ogerpon-Wellspring, F|100/100
|move|p2a: Barraskewda|Aqua Jet|p1a: Ogerpon
|-immune|p1a: Ogerpon|[from] ability: Water Absorb
|
|-weather|RainDance|[upkeep]
|upkeep
|turn|16
|
|t:|1779946973
|move|p2a: Barraskewda|Close Combat|p1a: Ogerpon
|-damage|p1a: Ogerpon|39/100
|-unboost|p2a: Barraskewda|def|1
|-unboost|p2a: Barraskewda|spd|1
|move|p1a: Ogerpon|Power Whip|p2a: Barraskewda
|-supereffective|p2a: Barraskewda
|-damage|p2a: Barraskewda|0 fnt
|faint|p2a: Barraskewda
|
|-weather|RainDance|[upkeep]
|upkeep
|
|t:|1779946978
|switch|p2a: Ogerpon|Ogerpon-Wellspring, F|100/100
|-damage|p2a: Ogerpon|88/100|[from] Stealth Rock
|turn|17
|
|t:|1779946980
|move|p1a: Ogerpon|Power Whip|p2a: Ogerpon
|-damage|p2a: Ogerpon|0 fnt
|faint|p2a: Ogerpon
|
|-weather|RainDance|[upkeep]
|upkeep
|-message|habixia forfeited.
|
|win|Hallommora
|raw|Hallommora's rating: 1631 &rarr; <strong>1650</strong><br />(+19 for winning)
|raw|habixia's rating: 1617 &rarr; <strong>1598</strong><br />(-19 for losing)
|l|☆habixia
|player|p2|
|l|☆Hallommora
|player|p1|
