|j|☆xXweedwizerd420Xx
|j|☆jtrainer22
|t:|1779854588
|gametype|singles
|player|p1|xXweedwizerd420Xx|wallace-gen6|1317
|player|p2|jtrainer22|marshal|1281
|gen|9
|tier|[Gen 9] OU
|rated|
|rule|HP Percentage Mod: HP is shown in percentages
|rule|Endless Battle Clause: Forcing endless battles is banned
|rule|Species Clause: Limit one of each Pokémon
|rule|OHKO Clause: OHKO moves are banned
|rule|Evasion Items Clause: Evasion items are banned
|rule|Evasion Moves Clause: Evasion moves are banned
|rule|Evasion Abilities Clause: Evasion abilities are banned
|rule|Sleep Moves Clause: Sleep-inducing moves are banned
|clearpoke
|poke|p1|Samurott-Hisui, F|
|poke|p1|Gholdengo|
|poke|p1|Iron Valiant|
|poke|p1|Rillaboom, F|
|poke|p1|Heatran, M|
|poke|p1|Zapdos|
|poke|p2|Hoopa|
|poke|p2|Cinderace, F|
|poke|p2|Mandibuzz, F|
|poke|p2|Kyurem|
|poke|p2|Ting-Lu|
|poke|p2|Manaphy|
|teampreview
|inactive|Battle timer is ON: inactive players will automatically lose when time's up. (requested by xXweedwizerd420Xx)
|c|☆jtrainer22|glhf
|
|t:|1779854609
|teamsize|p1|6
|teamsize|p2|6
|start
|switch|p1a: Samurott|Samurott-Hisui, F|100/100
|switch|p2a: Ting-Lucifer|Ting-Lu|100/100
|-ability|p2a: Ting-Lucifer|Vessel of Ruin
|turn|1
|
|t:|1779854626
|move|p1a: Samurott|Knock Off|p2a: Ting-Lucifer
|-resisted|p2a: Ting-Lucifer
|-crit|p2a: Ting-Lucifer
|-damage|p2a: Ting-Lucifer|82/100
|-enditem|p2a: Ting-Lucifer|Weakness Policy|[from] move: Knock Off|[of] p1a: Samurott
|move|p2a: Ting-Lucifer|Earthquake|p1a: Samurott
|-damage|p1a: Samurott|47/100
|
|upkeep
|turn|2
|
|t:|1779854632
|switch|p1a: Rillaboom|Rillaboom, F|100/100
|-fieldstart|move: Grassy Terrain|[from] ability: Grassy Surge|[of] p1a: Rillaboom
|move|p2a: Ting-Lucifer|Earthquake|p1a: Rillaboom
|-resisted|p1a: Rillaboom
|-damage|p1a: Rillaboom|87/100
|
|-heal|p1a: Rillaboom|93/100|[from] Grassy Terrain
|-heal|p2a: Ting-Lucifer|88/100|[from] Grassy Terrain
|upkeep
|turn|3
|
|t:|1779854643
|switch|p2a: Mandibuzz|Mandibuzz, F, shiny|100/100
|move|p1a: Rillaboom|U-turn|p2a: Mandibuzz
|-damage|p2a: Mandibuzz|86/100
|-damage|p1a: Rillaboom|76/100|[from] item: Rocky Helmet|[of] p2a: Mandibuzz
|
|t:|1779854647
|switch|p1a: Zapdos|Zapdos|100/100|[from] U-turn
|
|upkeep
|turn|4
|
|t:|1779854660
|switch|p2a: Ting-Lucifer|Ting-Lu|88/100
|-ability|p2a: Ting-Lucifer|Vessel of Ruin
|move|p1a: Zapdos|Hurricane|p2a: Ting-Lucifer
|-damage|p2a: Ting-Lucifer|62/100
|
|-heal|p2a: Ting-Lucifer|68/100|[from] Grassy Terrain
|upkeep
|turn|5
|
|t:|1779854667
|switch|p1a: Rillaboom|Rillaboom, F|76/100
|move|p2a: Ting-Lucifer|Stealth Rock|p1a: Rillaboom
|-sidestart|p1: xXweedwizerd420Xx|move: Stealth Rock
|
|-heal|p1a: Rillaboom|83/100|[from] Grassy Terrain
|-heal|p2a: Ting-Lucifer|74/100|[from] Grassy Terrain
|upkeep
|turn|6
|
|t:|1779854675
|switch|p2a: Mandibuzz|Mandibuzz, F, shiny|86/100
|move|p1a: Rillaboom|Knock Off|p2a: Mandibuzz
|-resisted|p2a: Mandibuzz
|-damage|p2a: Mandibuzz|77/100
|-damage|p1a: Rillaboom|66/100|[from] item: Rocky Helmet|[of] p2a: Mandibuzz
|-enditem|p2a: Mandibuzz|Rocky Helmet|[from] move: Knock Off|[of] p1a: Rillaboom
|
|-heal|p1a: Rillaboom|72/100|[from] Grassy Terrain
|-fieldend|move: Grassy Terrain
|upkeep
|turn|7
|
|t:|1779854679
|move|p1a: Rillaboom|U-turn|p2a: Mandibuzz
|-damage|p2a: Mandibuzz|63/100
|
|t:|1779854686
|switch|p1a: Heatran|Heatran, M|100/100|[from] U-turn
|move|p2a: Mandibuzz|Toxic|p1a: Heatran
|-immune|p1a: Heatran
|
|upkeep
|turn|8
|
|t:|1779854693
|switch|p2a: Cinderace|Cinderace, F|100/100
|move|p1a: Heatran|Stealth Rock|p2a: Cinderace
|-sidestart|p2: jtrainer22|move: Stealth Rock
|
|upkeep
|turn|9
|
|t:|1779854698
|switch|p1a: Zapdos|Zapdos|100/100
|move|p2a: Cinderace|High Jump Kick|p1a: Zapdos
|-start|p2a: Cinderace|typechange|Fighting|[from] ability: Libero
|-resisted|p1a: Zapdos
|-damage|p1a: Zapdos|79/100
|
|upkeep
|turn|10
|
|t:|1779854711
|move|p2a: Cinderace|Pyro Ball|p1a: Zapdos
|-damage|p1a: Zapdos|48/100
|move|p1a: Zapdos|Thunder Wave|p2a: Cinderace
|-status|p2a: Cinderace|par
|
|upkeep
|turn|11
|
|t:|1779854718
|move|p1a: Zapdos|Roost|p1a: Zapdos
|-heal|p1a: Zapdos|98/100
|-singleturn|p1a: Zapdos|move: Roost
|cant|p2a: Cinderace|par
|
|upkeep
|turn|12
|
|t:|1779854730
|switch|p2a: Ting-Lucifer|Ting-Lu|74/100
|-damage|p2a: Ting-Lucifer|68/100|[from] Stealth Rock
|-ability|p2a: Ting-Lucifer|Vessel of Ruin
|move|p1a: Zapdos|Hurricane|p2a: Ting-Lucifer
|-damage|p2a: Ting-Lucifer|40/100
|-start|p2a: Ting-Lucifer|confusion
|
|upkeep
|turn|13
|
|t:|1779854747
|move|p1a: Zapdos|Hurricane|p2a: Ting-Lucifer|[miss]
|-miss|p1a: Zapdos|p2a: Ting-Lucifer
|-activate|p2a: Ting-Lucifer|confusion
|-damage|p2a: Ting-Lucifer|32/100|[from] confusion
|
|upkeep
|turn|14
|
|t:|1779854752
|move|p1a: Zapdos|Hurricane|p2a: Ting-Lucifer|[miss]
|-miss|p1a: Zapdos|p2a: Ting-Lucifer
|-end|p2a: Ting-Lucifer|confusion
|move|p2a: Ting-Lucifer|Stone Edge|p1a: Zapdos
|-supereffective|p1a: Zapdos
|-damage|p1a: Zapdos|51/100
|
|upkeep
|turn|15
|
|t:|1779854768
|move|p1a: Zapdos|Hurricane|p2a: Ting-Lucifer
|-damage|p2a: Ting-Lucifer|5/100
|move|p2a: Ting-Lucifer|Stone Edge|p1a: Zapdos
|-supereffective|p1a: Zapdos
|-crit|p1a: Zapdos
|-damage|p1a: Zapdos|0 fnt
|faint|p1a: Zapdos
|
|upkeep
|
|t:|1779854770
|switch|p1a: Samurott|Samurott-Hisui, F|47/100
|-damage|p1a: Samurott|35/100|[from] Stealth Rock
|turn|16
|
|t:|1779854775
|move|p1a: Samurott|Ceaseless Edge|p2a: Ting-Lucifer
|-resisted|p2a: Ting-Lucifer
|-damage|p2a: Ting-Lucifer|0 fnt
|-sidestart|p2: jtrainer22|Spikes
|faint|p2a: Ting-Lucifer
|
|upkeep
|
|t:|1779854785
|switch|p2a: Manaphy|Manaphy|100/100
|-damage|p2a: Manaphy|88/100|[from] Stealth Rock
|-damage|p2a: Manaphy|76/100|[from] Spikes
|turn|17
|
|t:|1779854793
|move|p2a: Manaphy|Alluring Voice|p1a: Samurott
|-supereffective|p1a: Samurott
|-damage|p1a: Samurott|9/100
|move|p1a: Samurott|Knock Off|p2a: Manaphy
|-damage|p2a: Manaphy|43/100
|-enditem|p2a: Manaphy|Leftovers|[from] move: Knock Off|[of] p1a: Samurott
|
|upkeep
|turn|18
|
|t:|1779854800
|move|p1a: Samurott|Sucker Punch|p2a: Manaphy
|-damage|p2a: Manaphy|18/100
|move|p2a: Manaphy|Alluring Voice|p1a: Samurott
|-supereffective|p1a: Samurott
|-damage|p1a: Samurott|0 fnt
|faint|p1a: Samurott
|
|upkeep
|
|t:|1779854806
|switch|p1a: Rillaboom|Rillaboom, F|72/100
|-fieldstart|move: Grassy Terrain|[from] ability: Grassy Surge|[of] p1a: Rillaboom
|turn|19
|
|t:|1779854813
|move|p2a: Manaphy|Scald|p1a: Rillaboom
|-resisted|p1a: Rillaboom
|-damage|p1a: Rillaboom|52/100
|move|p1a: Rillaboom|U-turn|p2a: Manaphy
|-damage|p2a: Manaphy|0 fnt
|faint|p2a: Manaphy
|
|t:|1779854826
|switch|p1a: Iron Valiant|Iron Valiant|100/100|[from] U-turn
|-damage|p1a: Iron Valiant|94/100|[from] Stealth Rock
|-enditem|p1a: Iron Valiant|Booster Energy
|-activate|p1a: Iron Valiant|ability: Quark Drive|[fromitem]
|-start|p1a: Iron Valiant|quarkdrivespe
|
|-heal|p1a: Iron Valiant|100/100|[from] Grassy Terrain
|upkeep
|
|t:|1779854829
|switch|p2a: Mandibuzz|Mandibuzz, F, shiny|63/100
|-damage|p2a: Mandibuzz|38/100|[from] Stealth Rock
|turn|20
|
|t:|1779854833
|move|p1a: Iron Valiant|Moonblast|p2a: Mandibuzz
|-supereffective|p2a: Mandibuzz
|-damage|p2a: Mandibuzz|0 fnt
|faint|p2a: Mandibuzz
|
|upkeep
|
|t:|1779854837
|switch|p2a: Cinderace|Cinderace, F|100/100 par
|-damage|p2a: Cinderace|76/100 par|[from] Stealth Rock
|-damage|p2a: Cinderace|63/100 par|[from] Spikes
|turn|21
|
|t:|1779854853
|move|p1a: Iron Valiant|Calm Mind|p1a: Iron Valiant
|-boost|p1a: Iron Valiant|spa|1
|-boost|p1a: Iron Valiant|spd|1
|move|p2a: Cinderace|Pyro Ball|p1a: Iron Valiant
|-damage|p1a: Iron Valiant|9/100
|
|-heal|p1a: Iron Valiant|15/100|[from] Grassy Terrain
|-heal|p2a: Cinderace|69/100 par|[from] Grassy Terrain
|upkeep
|turn|22
|
|t:|1779854862
|-terastallize|p1a: Iron Valiant|Ghost
|move|p1a: Iron Valiant|Shadow Ball|p2a: Cinderace
|-damage|p2a: Cinderace|0 fnt
|faint|p2a: Cinderace
|
|-heal|p1a: Iron Valiant|21/100|[from] Grassy Terrain
|upkeep
|
|t:|1779854867
|switch|p2a: Hoopa|Hoopa|100/100
|-damage|p2a: Hoopa|88/100|[from] Stealth Rock
|-damage|p2a: Hoopa|75/100|[from] Spikes
|turn|23
|
|t:|1779854870
|-terastallize|p2a: Hoopa|Fairy
|move|p1a: Iron Valiant|Shadow Ball|p2a: Hoopa
|-damage|p2a: Hoopa|29/100
|move|p2a: Hoopa|Shadow Ball|p1a: Iron Valiant
|-supereffective|p1a: Iron Valiant
|-damage|p1a: Iron Valiant|0 fnt
|faint|p1a: Iron Valiant
|-end|p1a: Iron Valiant|Quark Drive|[silent]
|
|-heal|p2a: Hoopa|35/100|[from] Grassy Terrain
|-fieldend|move: Grassy Terrain
|upkeep
|
|t:|1779854876
|switch|p1a: Rillaboom|Rillaboom, F|52/100
|-fieldstart|move: Grassy Terrain|[from] ability: Grassy Surge|[of] p1a: Rillaboom
|turn|24
|
|t:|1779854880
|move|p1a: Rillaboom|Grassy Glide|p2a: Hoopa
|-damage|p2a: Hoopa|0 fnt
|faint|p2a: Hoopa
|
|-heal|p1a: Rillaboom|59/100|[from] Grassy Terrain
|upkeep
|
|t:|1779854883
|switch|p2a: Kyurem|Kyurem|100/100
|-damage|p2a: Kyurem|76/100|[from] Stealth Rock
|-damage|p2a: Kyurem|63/100|[from] Spikes
|-ability|p2a: Kyurem|Pressure
|turn|25
|
|t:|1779854889
|move|p2a: Kyurem|Earth Power|p1a: Rillaboom
|-resisted|p1a: Rillaboom
|-damage|p1a: Rillaboom|38/100
|move|p1a: Rillaboom|Low Kick|p2a: Kyurem
|-supereffective|p2a: Kyurem
|-damage|p2a: Kyurem|0 fnt
|faint|p2a: Kyurem
|
|win|xXweedwizerd420Xx
|raw|xXweedwizerd420Xx's rating: 1317 &rarr; <strong>1335</strong><br />(+18 for winning)
|raw|jtrainer22's rating: 1281 &rarr; <strong>1259</strong><br />(-22 for losing)
|l|☆jtrainer22
|player|p2|
|l|☆xXweedwizerd420Xx
|player|p1|
