|j|☆kunkwat
|j|☆Rising Ursaring
|t:|1779969857
|gametype|singles
|player|p1|kunkwat|266|1298
|player|p2|Rising Ursaring|burglar|1362
|gen|9
|tier|[Gen 9] OU
|rated|
|rule|HP Percentage Mod: HP is shown in percentages
|rule|Endless Battle Clause: Forcing endless battles is banned
|rule|Species Clause: Limit one of each Pokémon
|rule|OHKO Clause: OHKO moves are banned
|rule|Evasion Items Clause: Evasion items are banned
|rule|Evasion Moves Clause: Evasion moves are banned
|rule|Evasion Abilities Clause: Evasion abilities are banned
|rule|Sleep Moves Clause: Sleep-inducing moves are banned
|clearpoke
|poke|p1|Mabosstiff, M|
|poke|p1|Glimmora, F|
|poke|p1|Dragapult, F|
|poke|p1|Corviknight, F|
|poke|p1|Ting-Lu|
|poke|p1|Iron Valiant|
|poke|p2|Glimmora, F|
|poke|p2|Gholdengo|
|poke|p2|Gliscor, M|
|poke|p2|Kingambit, F|
|poke|p2|Pecharunt|
|poke|p2|Iron Valiant|
|teampreview
|inactive|Battle timer is ON: inactive players will automatically lose when time's up. (requested by kunkwat)
|
|t:|1779969884
|teamsize|p1|6
|teamsize|p2|6
|start
|switch|p1a: Glimmora|Glimmora, F|100/100
|switch|p2a: Glimmora|Glimmora, F|100/100
|turn|1
|
|t:|1779969909
|move|p1a: Glimmora|Earth Power|p2a: Glimmora
|-supereffective|p2a: Glimmora
|-damage|p2a: Glimmora|0 fnt
|faint|p2a: Glimmora
|
|upkeep
|
|t:|1779969912
|switch|p2a: Gliscor|Gliscor, M|100/100
|turn|2
|
|t:|1779969927
|move|p1a: Glimmora|Stealth Rock|p2a: Gliscor
|-sidestart|p2: Rising Ursaring|move: Stealth Rock
|move|p2a: Gliscor|Earthquake|p1a: Glimmora
|-supereffective|p1a: Glimmora
|-enditem|p1a: Glimmora|Focus Sash
|-damage|p1a: Glimmora|1/100
|-activate|p1a: Glimmora|ability: Toxic Debris
|-sidestart|p2: Rising Ursaring|move: Toxic Spikes
|
|-status|p2a: Gliscor|tox|[from] item: Toxic Orb
|upkeep
|turn|3
|l|☆Rising Ursaring
|inactive|Rising Ursaring disconnected and has a minute to reconnect!
|player|p2|
|j|☆Rising Ursaring
|inactive|Rising Ursaring reconnected and has 135 seconds left.
|player|p2|Rising Ursaring|burglar|
|
|t:|1779969944
|move|p1a: Glimmora|Power Gem|p2a: Gliscor
|-damage|p2a: Gliscor|66/100 tox
|move|p2a: Gliscor|Swords Dance|p2a: Gliscor
|-boost|p2a: Gliscor|atk|2
|
|-heal|p2a: Gliscor|79/100 tox|[from] ability: Poison Heal
|upkeep
|turn|4
|
|t:|1779969955
|move|p2a: Gliscor|Protect|p2a: Gliscor
|-singleturn|p2a: Gliscor|Protect
|move|p1a: Glimmora|Power Gem|p2a: Gliscor
|-activate|p2a: Gliscor|move: Protect
|
|-heal|p2a: Gliscor|91/100 tox|[from] ability: Poison Heal
|upkeep
|turn|5
|inactive|Rising Ursaring has 120 seconds left.
|
|t:|1779969985
|move|p1a: Glimmora|Power Gem|p2a: Gliscor
|-damage|p2a: Gliscor|55/100 tox
|move|p2a: Gliscor|Earthquake|p1a: Glimmora
|-supereffective|p1a: Glimmora
|-damage|p1a: Glimmora|0 fnt
|-activate|p1a: Glimmora|ability: Toxic Debris
|-sidestart|p2: Rising Ursaring|move: Toxic Spikes
|faint|p1a: Glimmora
|
|-heal|p2a: Gliscor|68/100 tox|[from] ability: Poison Heal
|upkeep
|
|t:|1779969999
|switch|p1a: Ting-Lu|Ting-Lu|100/100
|-ability|p1a: Ting-Lu|Vessel of Ruin
|turn|6
|
|t:|1779970007
|move|p2a: Gliscor|Earthquake|p1a: Ting-Lu
|-damage|p1a: Ting-Lu|66/100
|move|p1a: Ting-Lu|Whirlwind|p2a: Gliscor
|drag|p2a: Gholdengo|Gholdengo|100/100
|-damage|p2a: Gholdengo|94/100|[from] Stealth Rock
|-item|p2a: Gholdengo|Air Balloon
|
|-heal|p1a: Ting-Lu|72/100|[from] item: Leftovers
|upkeep
|turn|7
|
|t:|1779970015
|switch|p2a: Pecharunt|Pecharunt|100/100
|-sideend|p2: Rising Ursaring|move: Toxic Spikes|[of] p2a: Pecharunt
|move|p1a: Ting-Lu|Ruination|p2a: Pecharunt
|-damage|p2a: Pecharunt|50/100
|
|-heal|p1a: Ting-Lu|78/100|[from] item: Leftovers
|upkeep
|turn|8
|
|t:|1779970033
|move|p2a: Pecharunt|Malignant Chain|p1a: Ting-Lu
|-resisted|p1a: Ting-Lu
|-damage|p1a: Ting-Lu|71/100
|-status|p1a: Ting-Lu|tox
|-start|p1a: Ting-Lu|confusion|[from] ability: Poison Puppeteer|[of] p2a: Pecharunt
|-activate|p1a: Ting-Lu|confusion
|-damage|p1a: Ting-Lu|66/100 tox|[from] confusion
|
|-heal|p1a: Ting-Lu|72/100 tox|[from] item: Leftovers
|-damage|p1a: Ting-Lu|66/100 tox|[from] psn
|upkeep
|turn|9
|inactive|Rising Ursaring has 120 seconds left.
|inactive|kunkwat has 120 seconds left.
|inactive|Rising Ursaring has 90 seconds left.
|
|t:|1779970111
|switch|p1a: Dragapult|Dragapult, F|100/100
|move|p2a: Pecharunt|Recover|p2a: Pecharunt
|-heal|p2a: Pecharunt|100/100
|
|upkeep
|turn|10
|inactive|kunkwat has 120 seconds left.
|inactive|kunkwat has 90 seconds left.
|
|t:|1779970163
|switch|p1a: Mabosstiff|Mabosstiff, M|100/100
|move|p2a: Pecharunt|Foul Play|p1a: Mabosstiff
|-resisted|p1a: Mabosstiff
|-damage|p1a: Mabosstiff|81/100
|
|upkeep
|turn|11
|
|t:|1779970173
|move|p1a: Mabosstiff|Crunch|p2a: Pecharunt
|-supereffective|p2a: Pecharunt
|-crit|p2a: Pecharunt
|-damage|p2a: Pecharunt|14/100
|move|p2a: Pecharunt|Malignant Chain|p1a: Mabosstiff
|-damage|p1a: Mabosstiff|38/100
|
|upkeep
|turn|12
|
|t:|1779970182
|move|p1a: Mabosstiff|Crunch|p2a: Pecharunt
|-supereffective|p2a: Pecharunt
|-damage|p2a: Pecharunt|0 fnt
|faint|p2a: Pecharunt
|
|upkeep
|
|t:|1779970185
|switch|p2a: Iron Valiant|Iron Valiant|100/100
|-damage|p2a: Iron Valiant|94/100|[from] Stealth Rock
|-enditem|p2a: Iron Valiant|Booster Energy
|-activate|p2a: Iron Valiant|ability: Quark Drive|[fromitem]
|-start|p2a: Iron Valiant|quarkdrivespe
|turn|13
|inactive|kunkwat has 90 seconds left.
|
|t:|1779970191
|switch|p1a: Corviknight|Corviknight, F|100/100
|-ability|p1a: Corviknight|Pressure
|move|p2a: Iron Valiant|Moonblast|p1a: Corviknight
|-resisted|p1a: Corviknight
|-damage|p1a: Corviknight|77/100
|
|-heal|p1a: Corviknight|83/100|[from] item: Leftovers
|upkeep
|turn|14
|inactive|Rising Ursaring has 120 seconds left.
|inactive|kunkwat has 90 seconds left.
|inactive|Rising Ursaring has 90 seconds left.
|
|t:|1779970230
|move|p2a: Iron Valiant|Calm Mind|p2a: Iron Valiant
|-boost|p2a: Iron Valiant|spa|1
|-boost|p2a: Iron Valiant|spd|1
|move|p1a: Corviknight|Brave Bird|p2a: Iron Valiant
|-supereffective|p2a: Iron Valiant
|-damage|p2a: Iron Valiant|4/100
|-damage|p1a: Corviknight|62/100|[from] Recoil
|
|-heal|p1a: Corviknight|68/100|[from] item: Leftovers
|upkeep
|turn|15
|inactive|kunkwat has 90 seconds left.
|
|t:|1779970242
|move|p2a: Iron Valiant|Moonblast|p1a: Corviknight
|-resisted|p1a: Corviknight
|-damage|p1a: Corviknight|35/100
|move|p1a: Corviknight|U-turn|p2a: Iron Valiant
|-resisted|p2a: Iron Valiant
|-damage|p2a: Iron Valiant|0 fnt
|faint|p2a: Iron Valiant
|-end|p2a: Iron Valiant|Quark Drive|[silent]
|inactive|kunkwat has 90 seconds left.
|
|t:|1779970273
|switch|p1a: Ting-Lu|Ting-Lu|66/100 tox|[from] U-turn
|-ability|p1a: Ting-Lu|Vessel of Ruin
|
|-heal|p1a: Ting-Lu|72/100 tox|[from] item: Leftovers
|-damage|p1a: Ting-Lu|66/100 tox|[from] psn
|upkeep
|
|t:|1779970292
|switch|p2a: Gliscor|Gliscor, M|68/100 tox
|-damage|p2a: Gliscor|55/100 tox|[from] Stealth Rock
|turn|16
|
|t:|1779970310
|move|p2a: Gliscor|Earthquake|p1a: Ting-Lu
|-damage|p1a: Ting-Lu|48/100 tox
|move|p1a: Ting-Lu|Whirlwind|p2a: Gliscor
|drag|p2a: Kingambit|Kingambit, F|100/100
|-damage|p2a: Kingambit|94/100|[from] Stealth Rock
|-activate|p2a: Kingambit|ability: Supreme Overlord
|-start|p2a: Kingambit|fallen3|[silent]
|
|-heal|p2a: Kingambit|100/100|[from] item: Leftovers
|-heal|p1a: Ting-Lu|54/100 tox|[from] item: Leftovers
|-damage|p1a: Ting-Lu|42/100 tox|[from] psn
|upkeep
|turn|17
|inactive|Rising Ursaring has 90 seconds left.
|
|t:|1779970342
|move|p2a: Kingambit|Iron Head|p1a: Ting-Lu
|-damage|p1a: Ting-Lu|10/100 tox
|move|p1a: Ting-Lu|Earthquake|p2a: Kingambit
|-supereffective|p2a: Kingambit
|-damage|p2a: Kingambit|34/100
|
|-heal|p2a: Kingambit|40/100|[from] item: Leftovers
|-heal|p1a: Ting-Lu|16/100 tox|[from] item: Leftovers
|-damage|p1a: Ting-Lu|0 fnt|[from] psn
|faint|p1a: Ting-Lu
|upkeep
|inactive|kunkwat has 60 seconds left.
|
|t:|1779970373
|switch|p1a: Corviknight|Corviknight, F|35/100
|-ability|p1a: Corviknight|Pressure
|turn|18
|
|t:|1779970378
|-terastallize|p2a: Kingambit|Dark
|move|p2a: Kingambit|Kowtow Cleave|p1a: Corviknight
|-damage|p1a: Corviknight|0 fnt
|faint|p1a: Corviknight
|
|-heal|p2a: Kingambit|46/100|[from] item: Leftovers
|upkeep
|inactive|kunkwat has 60 seconds left.
|
|t:|1779970391
|switch|p1a: Iron Valiant|Iron Valiant|100/100
|-enditem|p1a: Iron Valiant|Booster Energy
|-activate|p1a: Iron Valiant|ability: Quark Drive|[fromitem]
|-start|p1a: Iron Valiant|quarkdrivespe
|turn|19
|inactive|kunkwat has 60 seconds left.
|
|t:|1779970400
|-end|p2a: Kingambit|fallen3|[silent]
|switch|p2a: Gliscor|Gliscor, M|55/100 tox
|-damage|p2a: Gliscor|43/100 tox|[from] Stealth Rock
|move|p1a: Iron Valiant|Close Combat|p2a: Gliscor
|-resisted|p2a: Gliscor
|-damage|p2a: Gliscor|23/100 tox
|-unboost|p1a: Iron Valiant|def|1
|-unboost|p1a: Iron Valiant|spd|1
|
|-heal|p2a: Gliscor|35/100 tox|[from] ability: Poison Heal
|upkeep
|turn|20
|
|t:|1779970410
|move|p2a: Gliscor|Protect|p2a: Gliscor
|-singleturn|p2a: Gliscor|Protect
|move|p1a: Iron Valiant|Moonblast|p2a: Gliscor
|-activate|p2a: Gliscor|move: Protect
|
|-heal|p2a: Gliscor|48/100 tox|[from] ability: Poison Heal
|upkeep
|turn|21
|inactive|Rising Ursaring has 120 seconds left.
|
|t:|1779970421
|-terastallize|p1a: Iron Valiant|Fairy
|move|p1a: Iron Valiant|Moonblast|p2a: Gliscor
|-damage|p2a: Gliscor|0 fnt
|faint|p2a: Gliscor
|
|upkeep
|
|t:|1779970425
|switch|p2a: Gholdengo|Gholdengo|94/100
|-damage|p2a: Gholdengo|88/100|[from] Stealth Rock
|-item|p2a: Gholdengo|Air Balloon
|turn|22
|
|t:|1779970432
|-end|p1a: Iron Valiant|Quark Drive|[silent]
|switch|p1a: Mabosstiff|Mabosstiff, M|38/100
|move|p2a: Gholdengo|Make It Rain|p1a: Mabosstiff
|-damage|p1a: Mabosstiff|0 fnt
|-unboost|p2a: Gholdengo|spa|1
|faint|p1a: Mabosstiff
|
|upkeep
|
|t:|1779970437
|switch|p1a: Dragapult|Dragapult, F|100/100
|turn|23
|
|t:|1779970453
|switch|p2a: Kingambit|Kingambit, F, tera:Dark|46/100
|-damage|p2a: Kingambit|34/100|[from] Stealth Rock
|-activate|p2a: Kingambit|ability: Supreme Overlord
|-start|p2a: Kingambit|fallen4|[silent]
|move|p1a: Dragapult|Flamethrower|p2a: Kingambit
|-damage|p2a: Kingambit|0 fnt
|faint|p2a: Kingambit
|-end|p2a: Kingambit|fallen4|[silent]
|
|upkeep
|
|t:|1779970455
|switch|p2a: Gholdengo|Gholdengo|88/100
|-damage|p2a: Gholdengo|82/100|[from] Stealth Rock
|-item|p2a: Gholdengo|Air Balloon
|turn|24
|
|t:|1779970459
|move|p1a: Dragapult|Flamethrower|p2a: Gholdengo
|-supereffective|p2a: Gholdengo
|-damage|p2a: Gholdengo|0 fnt
|-enditem|p2a: Gholdengo|Air Balloon
|faint|p2a: Gholdengo
|
|win|kunkwat
|raw|kunkwat's rating: 1298 &rarr; <strong>1328</strong><br />(+30 for winning)
|raw|Rising Ursaring's rating: 1362 &rarr; <strong>1338</strong><br />(-24 for losing)
|l|☆Rising Ursaring
|player|p2|
|l|☆kunkwat
|player|p1|
