|j|☆manaphy michael
|j|☆ataiks
|t:|1779880428
|gametype|singles
|player|p1|manaphy michael|biker-gen4|1327
|player|p2|ataiks|ghetsis|1323
|gen|9
|tier|[Gen 9] OU
|rated|
|rule|HP Percentage Mod: HP is shown in percentages
|rule|Endless Battle Clause: Forcing endless battles is banned
|rule|Species Clause: Limit one of each Pokémon
|rule|OHKO Clause: OHKO moves are banned
|rule|Evasion Items Clause: Evasion items are banned
|rule|Evasion Moves Clause: Evasion moves are banned
|rule|Evasion Abilities Clause: Evasion abilities are banned
|rule|Sleep Moves Clause: Sleep-inducing moves are banned
|clearpoke
|poke|p1|Manaphy|
|poke|p1|Latias, F|
|poke|p1|Enamorus-Therian, F|
|poke|p1|Sandaconda, M|
|poke|p1|Scizor, M|
|poke|p1|Arcanine, M|
|poke|p2|Glimmora, F|
|poke|p2|Landorus-Therian, M|
|poke|p2|Moltres|
|poke|p2|Gholdengo|
|poke|p2|Dragapult, M|
|poke|p2|Zamazenta-*|
|teampreview
|inactive|Battle timer is ON: inactive players will automatically lose when time's up. (requested by manaphy michael)
|
|t:|1779880443
|teamsize|p1|6
|teamsize|p2|6
|start
|switch|p1a: Manaphy|Manaphy|100/100
|switch|p2a: Landorus|Landorus-Therian, M|100/100
|-ability|p2a: Landorus|Intimidate|boost
|-unboost|p1a: Manaphy|atk|1
|turn|1
|
|t:|1779880447
|move|p2a: Landorus|Taunt|p1a: Manaphy
|-start|p1a: Manaphy|move: Taunt
|move|p1a: Manaphy|Scald|p2a: Landorus
|-supereffective|p2a: Landorus
|-damage|p2a: Landorus|25/100
|
|upkeep
|turn|2
|
|t:|1779880450
|move|p2a: Landorus|U-turn|p1a: Manaphy
|-damage|p1a: Manaphy|86/100
|
|t:|1779880458
|switch|p2a: Dragapult|Dragapult, M|100/100|[from] U-turn
|move|p1a: Manaphy|Scald|p2a: Dragapult
|-resisted|p2a: Dragapult
|-damage|p2a: Dragapult|82/100
|
|-heal|p1a: Manaphy|92/100|[from] item: Leftovers
|upkeep
|turn|3
|
|t:|1779880466
|switch|p1a: Enamorus|Enamorus-Therian, F|100/100
|move|p2a: Dragapult|Draco Meteor|p1a: Enamorus
|-immune|p1a: Enamorus
|
|upkeep
|turn|4
|
|t:|1779880472
|switch|p2a: Glimmora|Glimmora, F|100/100
|move|p1a: Enamorus|Calm Mind|p1a: Enamorus
|-boost|p1a: Enamorus|spa|1
|-boost|p1a: Enamorus|spd|1
|
|upkeep
|turn|5
|
|t:|1779880475
|-terastallize|p1a: Enamorus|Ground
|move|p2a: Glimmora|Sludge Bomb|p1a: Enamorus
|-resisted|p1a: Enamorus
|-damage|p1a: Enamorus|84/100
|move|p1a: Enamorus|Earth Power|p2a: Glimmora
|-supereffective|p2a: Glimmora
|-enditem|p2a: Glimmora|Focus Sash
|-damage|p2a: Glimmora|1/100
|-damage|p1a: Enamorus|74/100|[from] item: Life Orb
|
|upkeep
|turn|6
|
|t:|1779880480
|move|p2a: Glimmora|Stealth Rock|p1a: Enamorus
|-sidestart|p1: manaphy michael|move: Stealth Rock
|move|p1a: Enamorus|Draining Kiss|p2a: Glimmora
|-resisted|p2a: Glimmora
|-damage|p2a: Glimmora|0 fnt
|-heal|p1a: Enamorus|75/100|[from] drain|[of] p2a: Glimmora
|faint|p2a: Glimmora
|-damage|p1a: Enamorus|65/100|[from] item: Life Orb
|
|upkeep
|
|t:|1779880486
|switch|p2a: Dragapult|Dragapult, M|82/100
|turn|7
|
|t:|1779880488
|move|p2a: Dragapult|Draco Meteor|p1a: Enamorus
|-damage|p1a: Enamorus|8/100
|-unboost|p2a: Dragapult|spa|2
|move|p1a: Enamorus|Draining Kiss|p2a: Dragapult
|-supereffective|p2a: Dragapult
|-damage|p2a: Dragapult|0 fnt
|-heal|p1a: Enamorus|64/100|[from] drain|[of] p2a: Dragapult
|faint|p2a: Dragapult
|-damage|p1a: Enamorus|54/100|[from] item: Life Orb
|
|upkeep
|
|t:|1779880493
|switch|p2a: Landorus|Landorus-Therian, M|25/100
|-ability|p2a: Landorus|Intimidate|boost
|-unboost|p1a: Enamorus|atk|1
|turn|8
|
|t:|1779880495
|move|p2a: Landorus|U-turn|p1a: Enamorus
|-damage|p1a: Enamorus|36/100
|
|t:|1779880513
|switch|p2a: Moltres|Moltres|100/100|[from] U-turn
|move|p1a: Enamorus|Draining Kiss|p2a: Moltres
|-resisted|p2a: Moltres
|-damage|p2a: Moltres|79/100
|-heal|p1a: Enamorus|54/100|[from] drain|[of] p2a: Moltres
|-damage|p1a: Enamorus|44/100|[from] item: Life Orb
|
|upkeep
|turn|9
|
|t:|1779880522
|move|p2a: Moltres|Fire Blast|p1a: Enamorus
|-damage|p1a: Enamorus|6/100
|move|p1a: Enamorus|Mystical Fire|p2a: Moltres
|-resisted|p2a: Moltres
|-damage|p2a: Moltres|57/100
|-unboost|p2a: Moltres|spa|1
|-damage|p1a: Enamorus|0 fnt|[from] item: Life Orb
|faint|p1a: Enamorus
|
|upkeep
|
|t:|1779880526
|switch|p1a: Manaphy|Manaphy|92/100
|-damage|p1a: Manaphy|79/100|[from] Stealth Rock
|turn|10
|
|t:|1779880535
|switch|p2a: Landorus|Landorus-Therian, M|25/100
|-ability|p2a: Landorus|Intimidate|boost
|-unboost|p1a: Manaphy|atk|1
|move|p1a: Manaphy|Take Heart|p1a: Manaphy
|-boost|p1a: Manaphy|spa|1
|-boost|p1a: Manaphy|spd|1
|
|-heal|p1a: Manaphy|86/100|[from] item: Leftovers
|upkeep
|turn|11
|
|t:|1779880541
|move|p2a: Landorus|Earthquake|p1a: Manaphy
|-damage|p1a: Manaphy|53/100
|move|p1a: Manaphy|Take Heart|p1a: Manaphy
|-boost|p1a: Manaphy|spa|1
|-boost|p1a: Manaphy|spd|1
|
|-heal|p1a: Manaphy|59/100|[from] item: Leftovers
|upkeep
|turn|12
|
|t:|1779880547
|move|p2a: Landorus|Earthquake|p1a: Manaphy
|-damage|p1a: Manaphy|27/100
|move|p1a: Manaphy|Scald|p2a: Landorus
|-supereffective|p2a: Landorus
|-damage|p2a: Landorus|0 fnt
|faint|p2a: Landorus
|
|-heal|p1a: Manaphy|33/100|[from] item: Leftovers
|upkeep
|
|t:|1779880553
|switch|p2a: Zamazenta|Zamazenta|100/100
|-ability|p2a: Zamazenta|Dauntless Shield|boost
|-boost|p2a: Zamazenta|def|1
|turn|13
|
|t:|1779880556
|switch|p1a: Arcanine|Arcanine, M|100/100
|-ability|p1a: Arcanine|Intimidate|boost
|-unboost|p2a: Zamazenta|atk|1
|-terastallize|p2a: Zamazenta|Fighting
|move|p2a: Zamazenta|Body Press|p1a: Arcanine
|-damage|p1a: Arcanine|53/100
|
|upkeep
|turn|14
|
|t:|1779880560
|switch|p2a: Moltres|Moltres|57/100
|move|p1a: Arcanine|Will-O-Wisp|p2a: Moltres
|-immune|p2a: Moltres
|
|upkeep
|turn|15
|
|t:|1779880564
|move|p1a: Arcanine|Morning Sun|p1a: Arcanine
|-heal|p1a: Arcanine|100/100
|move|p2a: Moltres|Roost|p2a: Moltres
|-heal|p2a: Moltres|100/100
|-singleturn|p2a: Moltres|move: Roost
|
|upkeep
|turn|16
|
|t:|1779880571
|switch|p1a: Sandaconda|Sandaconda, M|100/100
|-damage|p1a: Sandaconda|94/100|[from] Stealth Rock
|move|p2a: Moltres|Hurricane|p1a: Sandaconda
|-damage|p1a: Sandaconda|18/100
|
|-heal|p1a: Sandaconda|24/100|[from] item: Leftovers
|upkeep
|turn|17
|
|t:|1779880577
|move|p2a: Moltres|Fire Blast|p1a: Sandaconda
|-damage|p1a: Sandaconda|0 fnt
|faint|p1a: Sandaconda
|
|upkeep
|
|t:|1779880579
|switch|p1a: Latias|Latias, F|100/100
|-damage|p1a: Latias|88/100|[from] Stealth Rock
|turn|18
|
|t:|1779880582
|move|p1a: Latias|Calm Mind|p1a: Latias
|-boost|p1a: Latias|spa|1
|-boost|p1a: Latias|spd|1
|move|p2a: Moltres|Hurricane|p1a: Latias
|-damage|p1a: Latias|57/100
|
|upkeep
|turn|19
|
|t:|1779880585
|move|p1a: Latias|Agility|p1a: Latias
|-boost|p1a: Latias|spe|2
|move|p2a: Moltres|U-turn|p1a: Latias
|-supereffective|p1a: Latias
|-damage|p1a: Latias|27/100
|-enditem|p1a: Latias|Weakness Policy
|-boost|p1a: Latias|atk|2|[from] item: Weakness Policy
|-boost|p1a: Latias|spa|2|[from] item: Weakness Policy
|
|t:|1779880588
|switch|p2a: Hehe c:|Gholdengo|100/100|[from] U-turn
|
|upkeep
|turn|20
|
|t:|1779880590
|move|p1a: Latias|Stored Power|p2a: Hehe c:
|-resisted|p2a: Hehe c:
|-damage|p2a: Hehe c:|4/100
|move|p2a: Hehe c:|Shadow Ball|p1a: Latias
|-supereffective|p1a: Latias
|-damage|p1a: Latias|0 fnt
|faint|p1a: Latias
|
|upkeep
|
|t:|1779880592
|switch|p1a: Scizor|Scizor, M|100/100
|-damage|p1a: Scizor|88/100|[from] Stealth Rock
|turn|21
|
|t:|1779880595
|switch|p2a: Moltres|Moltres|100/100
|move|p1a: Scizor|Bullet Punch|p2a: Moltres
|-resisted|p2a: Moltres
|-damage|p2a: Moltres|80/100
|
|upkeep
|turn|22
|
|t:|1779880598
|move|p2a: Moltres|Fire Blast|p1a: Scizor
|-supereffective|p1a: Scizor
|-damage|p1a: Scizor|0 fnt
|faint|p1a: Scizor
|
|upkeep
|
|t:|1779880600
|switch|p1a: Manaphy|Manaphy|33/100
|-damage|p1a: Manaphy|21/100|[from] Stealth Rock
|turn|23
|
|t:|1779880605
|move|p1a: Manaphy|Rest|p1a: Manaphy
|-status|p1a: Manaphy|slp|[from] move: Rest
|-heal|p1a: Manaphy|100/100 slp|[silent]
|move|p2a: Moltres|Fire Blast|p1a: Manaphy|[miss]
|-miss|p2a: Moltres|p1a: Manaphy
|
|upkeep
|turn|24
|
|t:|1779880607
|cant|p1a: Manaphy|slp
|move|p1a: Manaphy|Sleep Talk|p1a: Manaphy
|move|p1a: Manaphy|Scald|p2a: Moltres|[from] move: Sleep Talk
|-supereffective|p2a: Moltres
|-crit|p2a: Moltres
|-damage|p2a: Moltres|3/100
|move|p2a: Moltres|U-turn|p1a: Manaphy
|-damage|p1a: Manaphy|92/100 slp
|
|t:|1779880609
|switch|p2a: Zamazenta|Zamazenta, tera:Fighting|100/100|[from] U-turn
|
|-heal|p1a: Manaphy|98/100 slp|[from] item: Leftovers
|upkeep
|turn|25
|
|t:|1779880611
|move|p2a: Zamazenta|Iron Defense|p2a: Zamazenta
|-boost|p2a: Zamazenta|def|2
|cant|p1a: Manaphy|slp
|move|p1a: Manaphy|Sleep Talk|p1a: Manaphy
|move|p1a: Manaphy|Rest||[from] move: Sleep Talk|[still]
|-fail|p1a: Manaphy
|
|-heal|p1a: Manaphy|100/100 slp|[from] item: Leftovers
|upkeep
|turn|26
|
|t:|1779880613
|move|p2a: Zamazenta|Iron Defense|p2a: Zamazenta
|-boost|p2a: Zamazenta|def|2
|-curestatus|p1a: Manaphy|slp|[msg]
|move|p1a: Manaphy|Scald|p2a: Zamazenta
|-damage|p2a: Zamazenta|76/100
|
|-heal|p2a: Zamazenta|82/100|[from] item: Leftovers
|upkeep
|turn|27
|
|t:|1779880615
|move|p2a: Zamazenta|Body Press|p1a: Manaphy
|-damage|p1a: Manaphy|24/100
|move|p1a: Manaphy|Scald|p2a: Zamazenta
|-damage|p2a: Zamazenta|57/100
|
|-heal|p2a: Zamazenta|63/100|[from] item: Leftovers
|-heal|p1a: Manaphy|30/100|[from] item: Leftovers
|upkeep
|turn|28
|
|t:|1779880618
|move|p2a: Zamazenta|Body Press|p1a: Manaphy
|-damage|p1a: Manaphy|0 fnt
|faint|p1a: Manaphy
|
|-heal|p2a: Zamazenta|69/100|[from] item: Leftovers
|upkeep
|
|t:|1779880620
|switch|p1a: Arcanine|Arcanine, M|100/100
|-ability|p1a: Arcanine|Intimidate|boost
|-unboost|p2a: Zamazenta|atk|1
|turn|29
|
|t:|1779880621
|move|p2a: Zamazenta|Body Press|p1a: Arcanine
|-damage|p1a: Arcanine|4/100
|move|p1a: Arcanine|Will-O-Wisp|p2a: Zamazenta
|-status|p2a: Zamazenta|brn
|
|-heal|p2a: Zamazenta|75/100 brn|[from] item: Leftovers
|-damage|p2a: Zamazenta|69/100 brn|[from] brn
|upkeep
|turn|30
|
|t:|1779880623
|move|p2a: Zamazenta|Body Press|p1a: Arcanine
|-damage|p1a: Arcanine|0 fnt
|faint|p1a: Arcanine
|
|win|ataiks
|raw|manaphy michael's rating: 1327 &rarr; <strong>1307</strong><br />(-20 for losing)
|raw|ataiks's rating: 1323 &rarr; <strong>1343</strong><br />(+20 for winning)
|l|☆ataiks
|player|p2|
|l|☆manaphy michael
|player|p1|
