|j|☆noob5445
|j|☆StormIsNotOmega
|t:|1779950270
|gametype|singles
|player|p1|noob5445|hilbert|1497
|player|p2|StormIsNotOmega|psychic-gen4|1524
|gen|9
|tier|[Gen 9] OU
|rated|
|rule|HP Percentage Mod: HP is shown in percentages
|rule|Endless Battle Clause: Forcing endless battles is banned
|rule|Species Clause: Limit one of each Pokémon
|rule|OHKO Clause: OHKO moves are banned
|rule|Evasion Items Clause: Evasion items are banned
|rule|Evasion Moves Clause: Evasion moves are banned
|rule|Evasion Abilities Clause: Evasion abilities are banned
|rule|Sleep Moves Clause: Sleep-inducing moves are banned
|clearpoke
|poke|p1|Latios, M|
|poke|p1|Zamazenta-*|
|poke|p1|Tinkaton, F|
|poke|p1|Great Tusk|
|poke|p1|Weavile, F|
|poke|p1|Slowking-Galar, F|
|poke|p2|Moltres|
|poke|p2|Clodsire, F|
|poke|p2|Gliscor, F|
|poke|p2|Blissey, F|
|poke|p2|Dondozo, M|
|poke|p2|Weezing-Galar, F|
|teampreview
|inactive|Battle timer is ON: inactive players will automatically lose when time's up. (requested by noob5445)
|inactive|StormIsNotOmega has 120 seconds left.
|
|t:|1779950305
|teamsize|p1|6
|teamsize|p2|6
|start
|switch|p1a: Tinkaton|Tinkaton, F, shiny|100/100
|switch|p2a: Gliscor|Gliscor, F|100/100
|-item|p1a: Tinkaton|Air Balloon
|turn|1
|
|t:|1779950311
|move|p2a: Gliscor|Protect|p2a: Gliscor
|-singleturn|p2a: Gliscor|Protect
|move|p1a: Tinkaton|Stealth Rock|p2a: Gliscor
|-sidestart|p2: StormIsNotOmega|move: Stealth Rock
|
|-status|p2a: Gliscor|tox|[from] item: Toxic Orb
|upkeep
|turn|2
|
|t:|1779950318
|switch|p2a: Moltres|Moltres|100/100
|move|p1a: Tinkaton|Encore||[still]
|-fail|p1a: Tinkaton
|
|upkeep
|turn|3
|
|t:|1779950325
|move|p1a: Tinkaton|Thunder Wave|p2a: Moltres|[miss]
|-miss|p1a: Tinkaton|p2a: Moltres
|move|p2a: Moltres|Flamethrower|p1a: Tinkaton
|-supereffective|p1a: Tinkaton
|-damage|p1a: Tinkaton|31/100
|-enditem|p1a: Tinkaton|Air Balloon
|
|upkeep
|turn|4
|
|t:|1779950338
|switch|p2a: Gliscor|Gliscor, F|100/100 tox
|-damage|p2a: Gliscor|88/100 tox|[from] Stealth Rock
|move|p1a: Tinkaton|Thunder Wave|p2a: Gliscor
|-immune|p2a: Gliscor
|
|-heal|p2a: Gliscor|100/100 tox|[from] ability: Poison Heal
|upkeep
|turn|5
|
|t:|1779950346
|move|p1a: Tinkaton|Gigaton Hammer|p2a: Gliscor
|-damage|p2a: Gliscor|68/100 tox
|move|p2a: Gliscor|Facade|p1a: Tinkaton
|-resisted|p1a: Tinkaton
|-damage|p1a: Tinkaton|15/100
|-enditem|p2a: Gliscor|Toxic Orb|[silent]|[from] ability: Pickpocket|[of] p2a: Gliscor
|-item|p1a: Tinkaton|Toxic Orb|[from] ability: Pickpocket|[of] p2a: Gliscor
|
|-heal|p2a: Gliscor|80/100 tox|[from] ability: Poison Heal
|upkeep
|turn|6
|
|t:|1779950355
|move|p1a: Tinkaton|Encore|p2a: Gliscor
|-start|p2a: Gliscor|Encore
|move|p2a: Gliscor|Facade|p1a: Tinkaton
|-resisted|p1a: Tinkaton
|-damage|p1a: Tinkaton|0 fnt
|faint|p1a: Tinkaton
|
|-heal|p2a: Gliscor|93/100 tox|[from] ability: Poison Heal
|upkeep
|
|t:|1779950361
|switch|p1a: Great Tusk|Great Tusk|100/100
|turn|7
|
|t:|1779950367
|switch|p2a: Moltres|Moltres|100/100
|move|p1a: Great Tusk|Knock Off|p2a: Moltres
|-damage|p2a: Moltres|78/100
|-enditem|p2a: Moltres|Heavy-Duty Boots|[from] move: Knock Off|[of] p1a: Great Tusk
|
|upkeep
|turn|8
|
|t:|1779950375
|-end|p1a: Great Tusk|Protosynthesis|[silent]
|switch|p1a: Slowking|Slowking-Galar, F|100/100
|move|p2a: Moltres|Will-O-Wisp|p1a: Slowking|[miss]
|-miss|p2a: Moltres|p1a: Slowking
|
|upkeep
|turn|9
|
|t:|1779950381
|switch|p2a: Gliscor|Gliscor, F|93/100 tox
|-damage|p2a: Gliscor|80/100 tox|[from] Stealth Rock
|move|p1a: Slowking|Future Sight|p2a: Gliscor
|-start|p1a: Slowking|move: Future Sight
|
|-heal|p2a: Gliscor|93/100 tox|[from] ability: Poison Heal
|upkeep
|turn|10
|
|t:|1779950388
|move|p2a: Gliscor|Swords Dance|p2a: Gliscor
|-boost|p2a: Gliscor|atk|2
|-prepare|p1a: Slowking|Chilly Reception|[premajor]
|move|p1a: Slowking|Chilly Reception|p1a: Slowking
|-weather|Snowscape
|
|t:|1779950390
|switch|p1a: Weavile|Weavile, F|100/100|[from] Chilly Reception
|-ability|p1a: Weavile|Pressure
|
|-weather|Snowscape|[upkeep]
|-heal|p2a: Gliscor|100/100 tox|[from] ability: Poison Heal
|upkeep
|turn|11
|
|t:|1779950400
|-terastallize|p2a: Gliscor|Normal
|move|p1a: Weavile|Triple Axel|p2a: Gliscor
|-damage|p2a: Gliscor|89/100 tox
|-damage|p2a: Gliscor|68/100 tox
|-damage|p2a: Gliscor|34/100 tox
|-hitcount|p2a: Gliscor|3
|move|p2a: Gliscor|Facade|p1a: Weavile
|-damage|p1a: Weavile|0 fnt
|faint|p1a: Weavile
|
|-weather|Snowscape|[upkeep]
|-end|p2a: Gliscor|move: Future Sight
|-damage|p2a: Gliscor|0 fnt
|faint|p2a: Gliscor
|upkeep
|-message|StormIsNotOmega forfeited.
|
|win|noob5445
|raw|noob5445's rating: 1497 &rarr; <strong>1519</strong><br />(+22 for winning)
|raw|StormIsNotOmega's rating: 1524 &rarr; <strong>1502</strong><br />(-22 for losing)
|l|☆StormIsNotOmega
|player|p2|
|l|☆noob5445
|player|p1|
