|j|☆meetp2107
|j|☆MASTEROFALLCREATE
|t:|1779960518
|gametype|singles
|player|p1|meetp2107|265|1139
|player|p2|MASTEROFALLCREATE|pokefan-gen4|1113
|gen|9
|tier|[Gen 9] OU
|rated|
|rule|HP Percentage Mod: HP is shown in percentages
|rule|Endless Battle Clause: Forcing endless battles is banned
|rule|Species Clause: Limit one of each Pokémon
|rule|OHKO Clause: OHKO moves are banned
|rule|Evasion Items Clause: Evasion items are banned
|rule|Evasion Moves Clause: Evasion moves are banned
|rule|Evasion Abilities Clause: Evasion abilities are banned
|rule|Sleep Moves Clause: Sleep-inducing moves are banned
|clearpoke
|poke|p1|Gliscor, F|
|poke|p1|Dragapult, F|
|poke|p1|Iron Crown|
|poke|p1|Kingambit, F|
|poke|p1|Ting-Lu|
|poke|p1|Ogerpon-Wellspring, F|
|poke|p2|Ambipom, M|
|poke|p2|Comfey, F|
|poke|p2|Corviknight, F|
|poke|p2|Arboliva, F|
|poke|p2|Incineroar, F|
|poke|p2|Golurk|
|teampreview
|
|t:|1779960528
|teamsize|p1|6
|teamsize|p2|6
|start
|switch|p1a: Ting-Lu|Ting-Lu|100/100
|switch|p2a: Ambipom|Ambipom, M|100/100
|-ability|p1a: Ting-Lu|Vessel of Ruin
|turn|1
|
|t:|1779960539
|move|p2a: Ambipom|Fake Out|p1a: Ting-Lu
|-damage|p1a: Ting-Lu|79/100
|-damage|p2a: Ambipom|84/100|[from] item: Rocky Helmet|[of] p1a: Ting-Lu
|-damage|p2a: Ambipom|74/100|[from] item: Life Orb
|cant|p1a: Ting-Lu|flinch
|
|upkeep
|turn|2
|
|t:|1779960560
|switch|p2a: Incineroar|Incineroar, F|100/100
|-ability|p2a: Incineroar|Intimidate|boost
|-unboost|p1a: Ting-Lu|atk|1
|switch|p1a: Kingambit|Kingambit, F|100/100
|-item|p1a: Kingambit|Air Balloon
|
|upkeep
|turn|3
|
|t:|1779960575
|-end|p1a: Kingambit|fallenundefined|[silent]
|switch|p1a: Gliscor|Gliscor, F|100/100
|move|p2a: Incineroar|Bulk Up|p2a: Incineroar
|-boost|p2a: Incineroar|atk|1
|-boost|p2a: Incineroar|def|1
|
|-status|p1a: Gliscor|tox|[from] item: Toxic Orb
|upkeep
|turn|4
|
|t:|1779960585
|move|p1a: Gliscor|Toxic|p2a: Incineroar
|-status|p2a: Incineroar|tox
|move|p2a: Incineroar|Bulk Up|p2a: Incineroar
|-boost|p2a: Incineroar|atk|1
|-boost|p2a: Incineroar|def|1
|
|-damage|p2a: Incineroar|94/100 tox|[from] psn
|upkeep
|turn|5
|
|t:|1779960592
|move|p1a: Gliscor|Protect|p1a: Gliscor
|-singleturn|p1a: Gliscor|Protect
|move|p2a: Incineroar|Flame Charge|p1a: Gliscor
|-activate|p1a: Gliscor|move: Protect
|
|-damage|p2a: Incineroar|82/100 tox|[from] psn
|upkeep
|turn|6
|
|t:|1779960604
|move|p1a: Gliscor|Earthquake|p2a: Incineroar
|-supereffective|p2a: Incineroar
|-crit|p2a: Incineroar
|-damage|p2a: Incineroar|0 fnt
|faint|p2a: Incineroar
|
|upkeep
|
|t:|1779960607
|switch|p2a: Ambipom|Ambipom, M|74/100
|turn|7
|
|t:|1779960615
|move|p1a: Gliscor|Protect|p1a: Gliscor
|-singleturn|p1a: Gliscor|Protect
|move|p2a: Ambipom|Fake Out|p1a: Gliscor
|-activate|p1a: Gliscor|move: Protect
|
|upkeep
|turn|8
|
|t:|1779960622
|switch|p1a: Kingambit|Kingambit, F|100/100
|-item|p1a: Kingambit|Air Balloon
|move|p2a: Ambipom|Triple Axel|p1a: Kingambit
|-resisted|p1a: Kingambit
|-damage|p1a: Kingambit|96/100
|-enditem|p1a: Kingambit|Air Balloon
|-resisted|p1a: Kingambit
|-damage|p1a: Kingambit|85/100
|-resisted|p1a: Kingambit
|-damage|p1a: Kingambit|71/100
|-hitcount|p1a: Kingambit|3
|-damage|p2a: Ambipom|64/100|[from] item: Life Orb
|
|upkeep
|turn|9
|
|t:|1779960638
|switch|p2a: Arboliva|Arboliva, F|100/100
|move|p1a: Kingambit|Sucker Punch||[still]
|-fail|p1a: Kingambit
|
|upkeep
|turn|10
|
|t:|1779960647
|-end|p1a: Kingambit|fallenundefined|[silent]
|switch|p1a: Gliscor|Gliscor, F|100/100 tox
|move|p2a: Arboliva|Earth Power|p1a: Gliscor
|-immune|p1a: Gliscor
|
|upkeep
|turn|11
|
|t:|1779960656
|switch|p2a: Corviknight|Corviknight, F|100/100
|move|p1a: Gliscor|Toxic|p2a: Corviknight|[miss]
|-miss|p1a: Gliscor|p2a: Corviknight
|
|upkeep
|turn|12
|
|t:|1779960689
|move|p1a: Gliscor|Toxic Spikes|p2a: Corviknight
|-sidestart|p2: MASTEROFALLCREATE|move: Toxic Spikes
|move|p2a: Corviknight|Brave Bird|p1a: Gliscor
|-crit|p1a: Gliscor
|-damage|p1a: Gliscor|53/100 tox
|-damage|p2a: Corviknight|87/100|[from] Recoil
|
|-heal|p1a: Gliscor|65/100 tox|[from] ability: Poison Heal
|upkeep
|turn|13
|
|t:|1779960696
|move|p1a: Gliscor|Protect|p1a: Gliscor
|-singleturn|p1a: Gliscor|Protect
|move|p2a: Corviknight|Defog|p1a: Gliscor
|-activate|p1a: Gliscor|move: Protect
|
|-heal|p1a: Gliscor|78/100 tox|[from] ability: Poison Heal
|upkeep
|turn|14
|inactive|Battle timer is ON: inactive players will automatically lose when time's up. (requested by MASTEROFALLCREATE)
|
|t:|1779960745
|move|p1a: Gliscor|Toxic Spikes|p2a: Corviknight
|-sidestart|p2: MASTEROFALLCREATE|move: Toxic Spikes
|move|p2a: Corviknight|Brave Bird|p1a: Gliscor
|-damage|p1a: Gliscor|50/100 tox
|-damage|p2a: Corviknight|78/100|[from] Recoil
|
|-heal|p1a: Gliscor|62/100 tox|[from] ability: Poison Heal
|upkeep
|turn|15
|
|t:|1779960761
|move|p1a: Gliscor|Toxic Spikes||[still]
|-fail|p1a: Gliscor
|move|p2a: Corviknight|Defog|p1a: Gliscor
|-unboost|p1a: Gliscor|evasion|1
|-sideend|p2: MASTEROFALLCREATE|Toxic Spikes|[from] move: Defog|[of] p2a: Corviknight
|
|-heal|p1a: Gliscor|75/100 tox|[from] ability: Poison Heal
|upkeep
|turn|16
|
|t:|1779960773
|move|p1a: Gliscor|Toxic Spikes|p2a: Corviknight
|-sidestart|p2: MASTEROFALLCREATE|move: Toxic Spikes
|move|p2a: Corviknight|Brave Bird|p1a: Gliscor
|-damage|p1a: Gliscor|45/100 tox
|-damage|p2a: Corviknight|70/100|[from] Recoil
|
|-heal|p1a: Gliscor|57/100 tox|[from] ability: Poison Heal
|upkeep
|turn|17
|
|t:|1779960780
|move|p1a: Gliscor|Protect|p1a: Gliscor
|-singleturn|p1a: Gliscor|Protect
|move|p2a: Corviknight|Brave Bird|p1a: Gliscor
|-activate|p1a: Gliscor|move: Protect
|
|-heal|p1a: Gliscor|70/100 tox|[from] ability: Poison Heal
|upkeep
|turn|18
|
|t:|1779960798
|move|p1a: Gliscor|Toxic Spikes|p2a: Corviknight
|-sidestart|p2: MASTEROFALLCREATE|move: Toxic Spikes
|move|p2a: Corviknight|Brave Bird|p1a: Gliscor
|-damage|p1a: Gliscor|39/100 tox
|-damage|p2a: Corviknight|61/100|[from] Recoil
|
|-heal|p1a: Gliscor|51/100 tox|[from] ability: Poison Heal
|upkeep
|turn|19
|
|t:|1779960807
|move|p1a: Gliscor|Protect|p1a: Gliscor
|-singleturn|p1a: Gliscor|Protect
|move|p2a: Corviknight|Defog|p1a: Gliscor
|-activate|p1a: Gliscor|move: Protect
|
|-heal|p1a: Gliscor|64/100 tox|[from] ability: Poison Heal
|upkeep
|turn|20
|
|t:|1779960818
|move|p1a: Gliscor|Toxic Spikes||[still]
|-fail|p1a: Gliscor
|move|p2a: Corviknight|Brave Bird|p1a: Gliscor
|-damage|p1a: Gliscor|36/100 tox
|-damage|p2a: Corviknight|52/100|[from] Recoil
|
|-heal|p1a: Gliscor|48/100 tox|[from] ability: Poison Heal
|upkeep
|turn|21
|
|t:|1779960826
|move|p1a: Gliscor|Protect|p1a: Gliscor
|-singleturn|p1a: Gliscor|Protect
|move|p2a: Corviknight|Roost|p2a: Corviknight
|-heal|p2a: Corviknight|100/100
|-singleturn|p2a: Corviknight|move: Roost
|
|-heal|p1a: Gliscor|61/100 tox|[from] ability: Poison Heal
|upkeep
|turn|22
|
|t:|1779960843
|move|p1a: Gliscor|Earthquake|p2a: Corviknight
|-immune|p2a: Corviknight
|move|p2a: Corviknight|Brave Bird|p1a: Gliscor
|-damage|p1a: Gliscor|32/100 tox
|-damage|p2a: Corviknight|92/100|[from] Recoil
|
|-heal|p1a: Gliscor|44/100 tox|[from] ability: Poison Heal
|upkeep
|turn|23
|
|t:|1779960850
|move|p1a: Gliscor|Protect|p1a: Gliscor
|-singleturn|p1a: Gliscor|Protect
|move|p2a: Corviknight|Brave Bird|p1a: Gliscor
|-activate|p1a: Gliscor|move: Protect
|
|-heal|p1a: Gliscor|57/100 tox|[from] ability: Poison Heal
|upkeep
|turn|24
|
|t:|1779960860
|move|p1a: Gliscor|Toxic Spikes||[still]
|-fail|p1a: Gliscor
|move|p2a: Corviknight|Brave Bird|p1a: Gliscor
|-damage|p1a: Gliscor|28/100 tox
|-damage|p2a: Corviknight|83/100|[from] Recoil
|
|-heal|p1a: Gliscor|40/100 tox|[from] ability: Poison Heal
|upkeep
|turn|25
|
|t:|1779960865
|move|p1a: Gliscor|Protect|p1a: Gliscor
|-singleturn|p1a: Gliscor|Protect
|move|p2a: Corviknight|Defog|p1a: Gliscor
|-activate|p1a: Gliscor|move: Protect
|
|-heal|p1a: Gliscor|53/100 tox|[from] ability: Poison Heal
|upkeep
|turn|26
|
|t:|1779960876
|move|p1a: Gliscor|Protect|p1a: Gliscor
|-singleturn|p1a: Gliscor|Protect
|move|p2a: Corviknight|Brave Bird|p1a: Gliscor
|-activate|p1a: Gliscor|move: Protect
|
|-heal|p1a: Gliscor|65/100 tox|[from] ability: Poison Heal
|upkeep
|turn|27
|
|t:|1779960904
|switch|p1a: Iron Crown|Iron Crown|100/100
|-enditem|p1a: Iron Crown|Booster Energy
|-activate|p1a: Iron Crown|ability: Quark Drive|[fromitem]
|-start|p1a: Iron Crown|quarkdrivespa
|move|p2a: Corviknight|Defog|p1a: Iron Crown
|-unboost|p1a: Iron Crown|evasion|1
|-sideend|p2: MASTEROFALLCREATE|Toxic Spikes|[from] move: Defog|[of] p2a: Corviknight
|
|upkeep
|turn|28
|
|t:|1779960927
|switch|p2a: Arboliva|Arboliva, F|100/100
|move|p1a: Iron Crown|Calm Mind|p1a: Iron Crown
|-boost|p1a: Iron Crown|spa|1
|-boost|p1a: Iron Crown|spd|1
|
|upkeep
|turn|29
|inactive|meetp2107 has 120 seconds left.
|
|t:|1779960951
|-terastallize|p1a: Iron Crown|Fighting
|move|p1a: Iron Crown|Tachyon Cutter|p2a: Arboliva
|-damage|p2a: Arboliva|76/100
|-fieldstart|move: Grassy Terrain|[from] ability: Seed Sower|[of] p2a: Arboliva
|-damage|p2a: Arboliva|49/100
|-hitcount|p2a: Arboliva|2
|move|p2a: Arboliva|Alluring Voice|p1a: Iron Crown
|-supereffective|p1a: Iron Crown
|-damage|p1a: Iron Crown|65/100
|
|-heal|p1a: Iron Crown|71/100|[from] Grassy Terrain
|-heal|p2a: Arboliva|55/100|[from] Grassy Terrain
|upkeep
|turn|30
|inactive|meetp2107 has 120 seconds left.
|
|t:|1779960966
|move|p1a: Iron Crown|Focus Blast|p2a: Arboliva
|-supereffective|p2a: Arboliva
|-damage|p2a: Arboliva|0 fnt
|faint|p2a: Arboliva
|
|-heal|p1a: Iron Crown|78/100|[from] Grassy Terrain
|upkeep
|
|t:|1779960970
|switch|p2a: Ambipom|Ambipom, M|64/100
|turn|31
|
|t:|1779960978
|move|p2a: Ambipom|Fake Out|p1a: Iron Crown
|-damage|p1a: Iron Crown|46/100
|-damage|p2a: Ambipom|54/100|[from] item: Life Orb
|cant|p1a: Iron Crown|flinch
|
|-heal|p2a: Ambipom|60/100|[from] Grassy Terrain
|-heal|p1a: Iron Crown|52/100|[from] Grassy Terrain
|upkeep
|turn|32
|
|t:|1779960987
|-end|p1a: Iron Crown|Quark Drive|[silent]
|switch|p1a: Kingambit|Kingambit, F|71/100
|move|p2a: Ambipom|Triple Axel|p1a: Kingambit
|-resisted|p1a: Kingambit
|-damage|p1a: Kingambit|66/100
|-resisted|p1a: Kingambit
|-damage|p1a: Kingambit|57/100
|-hitcount|p1a: Kingambit|2
|-damage|p2a: Ambipom|50/100|[from] item: Life Orb
|
|-heal|p2a: Ambipom|57/100|[from] Grassy Terrain
|-heal|p1a: Kingambit|63/100|[from] Grassy Terrain
|upkeep
|turn|33
|
|t:|1779960998
|switch|p2a: Golurk|Golurk|100/100
|move|p1a: Kingambit|Kowtow Cleave|p2a: Golurk
|-supereffective|p2a: Golurk
|-damage|p2a: Golurk|0 fnt
|faint|p2a: Golurk
|
|-heal|p1a: Kingambit|69/100|[from] Grassy Terrain
|-fieldend|move: Grassy Terrain
|upkeep
|inactive|MASTEROFALLCREATE has 120 seconds left.
|
|t:|1779961036
|switch|p2a: Corviknight|Corviknight, F|83/100
|turn|34
|inactive|meetp2107 has 120 seconds left.
|
|t:|1779961069
|-end|p1a: Kingambit|fallenundefined|[silent]
|switch|p1a: Dragapult|Dragapult, F|100/100
|move|p2a: Corviknight|U-turn|p1a: Dragapult
|-resisted|p1a: Dragapult
|-damage|p1a: Dragapult|90/100
|inactive|MASTEROFALLCREATE has 120 seconds left.
|
|t:|1779961075
|switch|p2a: Comfey|Comfey, F|100/100|[from] U-turn
|
|upkeep
|turn|35
|inactive|meetp2107 has 120 seconds left.
|
|t:|1779961095
|switch|p1a: Gliscor|Gliscor, F|65/100 tox
|move|p2a: Comfey|Calm Mind|p2a: Comfey
|-boost|p2a: Comfey|spa|1
|-boost|p2a: Comfey|spd|1
|
|-heal|p1a: Gliscor|78/100 tox|[from] ability: Poison Heal
|upkeep
|turn|36
|inactive|meetp2107 has 120 seconds left.
|
|t:|1779961107
|-terastallize|p2a: Comfey|Fairy
|move|p2a: Comfey|Draining Kiss|p1a: Gliscor
|-damage|p1a: Gliscor|36/100 tox
|move|p1a: Gliscor|Toxic|p2a: Comfey
|-status|p2a: Comfey|tox
|
|-damage|p2a: Comfey|94/100 tox|[from] psn
|-heal|p1a: Gliscor|49/100 tox|[from] ability: Poison Heal
|upkeep
|turn|37
|
|t:|1779961116
|move|p1a: Gliscor|Protect|p1a: Gliscor
|-singleturn|p1a: Gliscor|Protect
|move|p2a: Comfey|Calm Mind|p2a: Comfey
|-boost|p2a: Comfey|spa|1
|-boost|p2a: Comfey|spd|1
|
|-damage|p2a: Comfey|82/100 tox|[from] psn
|-heal|p1a: Gliscor|61/100 tox|[from] ability: Poison Heal
|upkeep
|turn|38
|inactive|meetp2107 has 120 seconds left.
|
|t:|1779961141
|switch|p1a: Kingambit|Kingambit, F|69/100
|move|p2a: Comfey|Calm Mind|p2a: Comfey
|-boost|p2a: Comfey|spa|1
|-boost|p2a: Comfey|spd|1
|
|-damage|p2a: Comfey|63/100 tox|[from] psn
|upkeep
|turn|39
|inactive|meetp2107 has 120 seconds left.
|
|t:|1779961154
|move|p2a: Comfey|Draining Kiss|p1a: Kingambit
|-damage|p1a: Kingambit|0 fnt
|-heal|p2a: Comfey|100/100 tox|[from] drain|[of] p1a: Kingambit
|faint|p1a: Kingambit
|-end|p1a: Kingambit|fallenundefined|[silent]
|
|-damage|p2a: Comfey|76/100 tox|[from] psn
|upkeep
|inactive|meetp2107 has 90 seconds left.
|
|t:|1779961186
|switch|p1a: Gliscor|Gliscor, F|61/100 tox
|turn|40
|
|t:|1779961191
|move|p1a: Gliscor|Protect|p1a: Gliscor
|-singleturn|p1a: Gliscor|Protect
|move|p2a: Comfey|Calm Mind|p2a: Comfey
|-boost|p2a: Comfey|spa|1
|-boost|p2a: Comfey|spd|1
|
|-damage|p2a: Comfey|45/100 tox|[from] psn
|-heal|p1a: Gliscor|74/100 tox|[from] ability: Poison Heal
|upkeep
|turn|41
|
|t:|1779961209
|switch|p1a: Iron Crown|Iron Crown, tera:Fighting|52/100
|move|p2a: Comfey|Draining Kiss|p1a: Iron Crown
|-supereffective|p1a: Iron Crown
|-damage|p1a: Iron Crown|0 fnt
|-heal|p2a: Comfey|99/100 tox|[from] drain|[of] p1a: Iron Crown
|faint|p1a: Iron Crown
|-end|p1a: Iron Crown|Quark Drive|[silent]
|
|-damage|p2a: Comfey|63/100 tox|[from] psn
|upkeep
|inactive|meetp2107 has 90 seconds left.
|
|t:|1779961225
|switch|p1a: Ting-Lu|Ting-Lu|79/100
|-ability|p1a: Ting-Lu|Vessel of Ruin
|turn|42
|
|t:|1779961228
|move|p2a: Comfey|Draining Kiss|p1a: Ting-Lu
|-supereffective|p1a: Ting-Lu
|-damage|p1a: Ting-Lu|0 fnt
|-heal|p2a: Comfey|100/100 tox|[from] drain|[of] p1a: Ting-Lu
|-damage|p2a: Comfey|84/100 tox|[from] item: Rocky Helmet|[of] p1a: Ting-Lu
|faint|p1a: Ting-Lu
|
|-damage|p2a: Comfey|41/100 tox|[from] psn
|upkeep
|
|t:|1779961236
|switch|p1a: Gliscor|Gliscor, F|74/100 tox
|turn|43
|
|t:|1779961243
|switch|p2a: Ambipom|Ambipom, M|57/100
|move|p1a: Gliscor|Protect||[still]
|-fail|p1a: Gliscor
|
|-heal|p1a: Gliscor|86/100 tox|[from] ability: Poison Heal
|upkeep
|turn|44
|
|t:|1779961250
|switch|p1a: Ogerpon|Ogerpon-Wellspring, F|100/100
|move|p2a: Ambipom|Fake Out|p1a: Ogerpon
|-crit|p1a: Ogerpon
|-damage|p1a: Ogerpon|30/100
|-damage|p2a: Ambipom|47/100|[from] item: Life Orb
|
|upkeep
|turn|45
|
|t:|1779961260
|move|p2a: Ambipom|Knock Off|p1a: Ogerpon
|-damage|p1a: Ogerpon|1/100
|-damage|p2a: Ambipom|37/100|[from] item: Life Orb
|move|p1a: Ogerpon|Ivy Cudgel|p2a: Ambipom|[anim] Ivy Cudgel Water
|-damage|p2a: Ambipom|0 fnt
|faint|p2a: Ambipom
|
|upkeep
|
|t:|1779961264
|switch|p2a: Comfey|Comfey, F, tera:Fairy|41/100 tox
|turn|46
|inactive|meetp2107 has 120 seconds left.
|
|t:|1779961273
|move|p2a: Comfey|Draining Kiss|p1a: Ogerpon
|-crit|p1a: Ogerpon
|-damage|p1a: Ogerpon|0 fnt
|-heal|p2a: Comfey|41/100 tox|[from] drain|[of] p1a: Ogerpon
|faint|p1a: Ogerpon
|
|-damage|p2a: Comfey|35/100 tox|[from] psn
|upkeep
|inactive|meetp2107 has 120 seconds left.
|
|t:|1779961286
|switch|p1a: Dragapult|Dragapult, F|90/100
|turn|47
|
|t:|1779961289
|move|p2a: Comfey|Draining Kiss|p1a: Dragapult
|-supereffective|p1a: Dragapult
|-damage|p1a: Dragapult|0 fnt
|-heal|p2a: Comfey|100/100 tox|[from] drain|[of] p1a: Dragapult
|faint|p1a: Dragapult
|
|-damage|p2a: Comfey|88/100 tox|[from] psn
|upkeep
|
|t:|1779961294
|switch|p1a: Gliscor|Gliscor, F|86/100 tox
|turn|48
|
|t:|1779961297
|move|p2a: Comfey|Calm Mind|p2a: Comfey
|-boost|p2a: Comfey|spa|1
|-boost|p2a: Comfey|spd|1
|move|p1a: Gliscor|Earthquake|p2a: Comfey
|-damage|p2a: Comfey|34/100 tox
|
|-damage|p2a: Comfey|15/100 tox|[from] psn
|-heal|p1a: Gliscor|99/100 tox|[from] ability: Poison Heal
|upkeep
|turn|49
|
|t:|1779961304
|switch|p2a: Corviknight|Corviknight, F|83/100
|move|p1a: Gliscor|Earthquake|p2a: Corviknight
|-immune|p2a: Corviknight
|
|-heal|p1a: Gliscor|100/100 tox|[from] ability: Poison Heal
|upkeep
|turn|50
|
|t:|1779961317
|move|p1a: Gliscor|Protect|p1a: Gliscor
|-singleturn|p1a: Gliscor|Protect
|move|p2a: Corviknight|U-turn|p1a: Gliscor
|-activate|p1a: Gliscor|move: Protect
|
|upkeep
|turn|51
|
|t:|1779961323
|move|p1a: Gliscor|Toxic Spikes|p2a: Corviknight
|-sidestart|p2: MASTEROFALLCREATE|move: Toxic Spikes
|move|p2a: Corviknight|U-turn|p1a: Gliscor
|-resisted|p1a: Gliscor
|-damage|p1a: Gliscor|95/100 tox
|
|t:|1779961328
|switch|p2a: Comfey|Comfey, F, tera:Fairy|15/100 tox|[from] U-turn
|
|-damage|p2a: Comfey|9/100 tox|[from] psn
|-heal|p1a: Gliscor|100/100 tox|[from] ability: Poison Heal
|upkeep
|turn|52
|
|t:|1779961332
|move|p2a: Comfey|Draining Kiss|p1a: Gliscor
|-damage|p1a: Gliscor|73/100 tox
|-heal|p2a: Comfey|39/100 tox|[from] drain|[of] p1a: Gliscor
|move|p1a: Gliscor|Earthquake|p2a: Comfey
|-damage|p2a: Comfey|0 fnt
|faint|p2a: Comfey
|
|-heal|p1a: Gliscor|86/100 tox|[from] ability: Poison Heal
|upkeep
|
|t:|1779961335
|switch|p2a: Corviknight|Corviknight, F|83/100
|turn|53
|
|t:|1779961349
|move|p1a: Gliscor|Toxic|p2a: Corviknight
|-immune|p2a: Corviknight
|move|p2a: Corviknight|U-turn|p1a: Gliscor
|-resisted|p1a: Gliscor
|-damage|p1a: Gliscor|80/100 tox
|
|-heal|p1a: Gliscor|93/100 tox|[from] ability: Poison Heal
|upkeep
|turn|54
|
|t:|1779961360
|move|p1a: Gliscor|Toxic Spikes|p2a: Corviknight
|-sidestart|p2: MASTEROFALLCREATE|move: Toxic Spikes
|move|p2a: Corviknight|U-turn|p1a: Gliscor
|-resisted|p1a: Gliscor
|-damage|p1a: Gliscor|86/100 tox
|
|-heal|p1a: Gliscor|99/100 tox|[from] ability: Poison Heal
|upkeep
|turn|55
|
|t:|1779961365
|move|p1a: Gliscor|Toxic Spikes||[still]
|-fail|p1a: Gliscor
|move|p2a: Corviknight|Defog|p1a: Gliscor
|-unboost|p1a: Gliscor|evasion|1
|-sideend|p2: MASTEROFALLCREATE|Toxic Spikes|[from] move: Defog|[of] p2a: Corviknight
|
|-heal|p1a: Gliscor|100/100 tox|[from] ability: Poison Heal
|upkeep
|turn|56
|
|t:|1779961370
|move|p1a: Gliscor|Toxic Spikes|p2a: Corviknight
|-sidestart|p2: MASTEROFALLCREATE|move: Toxic Spikes
|move|p2a: Corviknight|U-turn|p1a: Gliscor
|-resisted|p1a: Gliscor
|-damage|p1a: Gliscor|95/100 tox
|
|-heal|p1a: Gliscor|100/100 tox|[from] ability: Poison Heal
|upkeep
|turn|57
|
|t:|1779961376
|move|p1a: Gliscor|Toxic Spikes|p2a: Corviknight
|-sidestart|p2: MASTEROFALLCREATE|move: Toxic Spikes
|move|p2a: Corviknight|U-turn|p1a: Gliscor
|-resisted|p1a: Gliscor
|-damage|p1a: Gliscor|95/100 tox
|
|-heal|p1a: Gliscor|100/100 tox|[from] ability: Poison Heal
|upkeep
|turn|58
|
|t:|1779961379
|move|p1a: Gliscor|Toxic Spikes||[still]
|-fail|p1a: Gliscor
|move|p2a: Corviknight|Defog|p1a: Gliscor
|-unboost|p1a: Gliscor|evasion|1
|-sideend|p2: MASTEROFALLCREATE|Toxic Spikes|[from] move: Defog|[of] p2a: Corviknight
|
|upkeep
|turn|59
|
|t:|1779961388
|move|p1a: Gliscor|Toxic Spikes|p2a: Corviknight
|-sidestart|p2: MASTEROFALLCREATE|move: Toxic Spikes
|move|p2a: Corviknight|U-turn|p1a: Gliscor
|-resisted|p1a: Gliscor
|-damage|p1a: Gliscor|95/100 tox
|
|-heal|p1a: Gliscor|100/100 tox|[from] ability: Poison Heal
|upkeep
|turn|60
|
|t:|1779961392
|move|p1a: Gliscor|Toxic|p2a: Corviknight
|-immune|p2a: Corviknight
|move|p2a: Corviknight|U-turn|p1a: Gliscor
|-resisted|p1a: Gliscor
|-damage|p1a: Gliscor|95/100 tox
|
|-heal|p1a: Gliscor|100/100 tox|[from] ability: Poison Heal
|upkeep
|turn|61
|
|t:|1779961400
|move|p1a: Gliscor|Toxic|p2a: Corviknight
|-immune|p2a: Corviknight
|move|p2a: Corviknight|U-turn|p1a: Gliscor
|-resisted|p1a: Gliscor
|-damage|p1a: Gliscor|95/100 tox
|
|-heal|p1a: Gliscor|100/100 tox|[from] ability: Poison Heal
|upkeep
|turn|62
|
|t:|1779961404
|move|p1a: Gliscor|Toxic|p2a: Corviknight
|-immune|p2a: Corviknight
|move|p2a: Corviknight|U-turn|p1a: Gliscor
|-resisted|p1a: Gliscor
|-damage|p1a: Gliscor|95/100 tox
|
|-heal|p1a: Gliscor|100/100 tox|[from] ability: Poison Heal
|upkeep
|turn|63
|
|t:|1779961409
|move|p1a: Gliscor|Toxic|p2a: Corviknight
|-immune|p2a: Corviknight
|move|p2a: Corviknight|U-turn|p1a: Gliscor
|-resisted|p1a: Gliscor
|-damage|p1a: Gliscor|95/100 tox
|
|-heal|p1a: Gliscor|100/100 tox|[from] ability: Poison Heal
|upkeep
|turn|64
|
|t:|1779961417
|move|p1a: Gliscor|Toxic|p2a: Corviknight
|-immune|p2a: Corviknight
|move|p2a: Corviknight|U-turn|p1a: Gliscor
|-resisted|p1a: Gliscor
|-damage|p1a: Gliscor|94/100 tox
|
|-heal|p1a: Gliscor|100/100 tox|[from] ability: Poison Heal
|upkeep
|turn|65
|
|t:|1779961420
|move|p1a: Gliscor|Toxic|p2a: Corviknight
|-immune|p2a: Corviknight
|move|p2a: Corviknight|U-turn|p1a: Gliscor
|-resisted|p1a: Gliscor
|-damage|p1a: Gliscor|95/100 tox
|
|-heal|p1a: Gliscor|100/100 tox|[from] ability: Poison Heal
|upkeep
|turn|66
|
|t:|1779961426
|move|p1a: Gliscor|Toxic|p2a: Corviknight
|-immune|p2a: Corviknight
|move|p2a: Corviknight|U-turn|p1a: Gliscor
|-resisted|p1a: Gliscor
|-damage|p1a: Gliscor|95/100 tox
|
|-heal|p1a: Gliscor|100/100 tox|[from] ability: Poison Heal
|upkeep
|turn|67
|
|t:|1779961430
|move|p1a: Gliscor|Toxic|p2a: Corviknight
|-immune|p2a: Corviknight
|move|p2a: Corviknight|U-turn|p1a: Gliscor
|-resisted|p1a: Gliscor
|-damage|p1a: Gliscor|94/100 tox
|
|-heal|p1a: Gliscor|100/100 tox|[from] ability: Poison Heal
|upkeep
|turn|68
|
|t:|1779961433
|move|p1a: Gliscor|Toxic|p2a: Corviknight
|-immune|p2a: Corviknight
|move|p2a: Corviknight|U-turn|p1a: Gliscor
|-resisted|p1a: Gliscor
|-damage|p1a: Gliscor|94/100 tox
|
|-heal|p1a: Gliscor|100/100 tox|[from] ability: Poison Heal
|upkeep
|turn|69
|
|t:|1779961437
|move|p1a: Gliscor|Toxic|p2a: Corviknight
|-immune|p2a: Corviknight
|move|p2a: Corviknight|U-turn|p1a: Gliscor
|-resisted|p1a: Gliscor
|-damage|p1a: Gliscor|95/100 tox
|
|-heal|p1a: Gliscor|100/100 tox|[from] ability: Poison Heal
|upkeep
|turn|70
|
|t:|1779961440
|move|p1a: Gliscor|Toxic|p2a: Corviknight
|-immune|p2a: Corviknight
|move|p2a: Corviknight|U-turn|p1a: Gliscor
|-resisted|p1a: Gliscor
|-damage|p1a: Gliscor|95/100 tox
|
|-heal|p1a: Gliscor|100/100 tox|[from] ability: Poison Heal
|upkeep
|turn|71
|
|t:|1779961442
|move|p1a: Gliscor|Toxic|p2a: Corviknight
|-immune|p2a: Corviknight
|move|p2a: Corviknight|U-turn|p1a: Gliscor
|-resisted|p1a: Gliscor
|-damage|p1a: Gliscor|95/100 tox
|
|-heal|p1a: Gliscor|100/100 tox|[from] ability: Poison Heal
|upkeep
|turn|72
|
|t:|1779961452
|move|p1a: Gliscor|Toxic Spikes|p2a: Corviknight
|-sidestart|p2: MASTEROFALLCREATE|move: Toxic Spikes
|move|p2a: Corviknight|U-turn|p1a: Gliscor
|-resisted|p1a: Gliscor
|-damage|p1a: Gliscor|95/100 tox
|
|-heal|p1a: Gliscor|100/100 tox|[from] ability: Poison Heal
|upkeep
|turn|73
|
|t:|1779961455
|move|p1a: Gliscor|Toxic Spikes||[still]
|-fail|p1a: Gliscor
|move|p2a: Corviknight|Defog|p1a: Gliscor
|-unboost|p1a: Gliscor|evasion|1
|-sideend|p2: MASTEROFALLCREATE|Toxic Spikes|[from] move: Defog|[of] p2a: Corviknight
|
|upkeep
|turn|74
|
|t:|1779961459
|move|p1a: Gliscor|Toxic Spikes|p2a: Corviknight
|-sidestart|p2: MASTEROFALLCREATE|move: Toxic Spikes
|move|p2a: Corviknight|U-turn|p1a: Gliscor
|-resisted|p1a: Gliscor
|-damage|p1a: Gliscor|95/100 tox
|
|-heal|p1a: Gliscor|100/100 tox|[from] ability: Poison Heal
|upkeep
|turn|75
|
|t:|1779961464
|move|p1a: Gliscor|Toxic Spikes|p2a: Corviknight
|-sidestart|p2: MASTEROFALLCREATE|move: Toxic Spikes
|move|p2a: Corviknight|U-turn|p1a: Gliscor
|-resisted|p1a: Gliscor
|-damage|p1a: Gliscor|95/100 tox
|
|-heal|p1a: Gliscor|100/100 tox|[from] ability: Poison Heal
|upkeep
|turn|76
|
|t:|1779961468
|move|p1a: Gliscor|Toxic Spikes||[still]
|-fail|p1a: Gliscor
|move|p2a: Corviknight|Defog|p1a: Gliscor
|-unboost|p1a: Gliscor|evasion|1
|-sideend|p2: MASTEROFALLCREATE|Toxic Spikes|[from] move: Defog|[of] p2a: Corviknight
|
|upkeep
|turn|77
|
|t:|1779961471
|move|p1a: Gliscor|Toxic Spikes|p2a: Corviknight
|-sidestart|p2: MASTEROFALLCREATE|move: Toxic Spikes
|move|p2a: Corviknight|Brave Bird|p1a: Gliscor
|-damage|p1a: Gliscor|72/100 tox
|-damage|p2a: Corviknight|75/100|[from] Recoil
|
|-heal|p1a: Gliscor|85/100 tox|[from] ability: Poison Heal
|upkeep
|turn|78
|
|t:|1779961480
|move|p1a: Gliscor|Toxic Spikes|p2a: Corviknight
|-sidestart|p2: MASTEROFALLCREATE|move: Toxic Spikes
|move|p2a: Corviknight|U-turn|p1a: Gliscor
|-resisted|p1a: Gliscor
|-damage|p1a: Gliscor|79/100 tox
|
|-heal|p1a: Gliscor|92/100 tox|[from] ability: Poison Heal
|upkeep
|turn|79
|
|t:|1779961494
|move|p1a: Gliscor|Toxic Spikes||[still]
|-fail|p1a: Gliscor
|move|p2a: Corviknight|Defog|p1a: Gliscor
|-unboost|p1a: Gliscor|evasion|1
|-sideend|p2: MASTEROFALLCREATE|Toxic Spikes|[from] move: Defog|[of] p2a: Corviknight
|
|-heal|p1a: Gliscor|100/100 tox|[from] ability: Poison Heal
|upkeep
|turn|80
|
|t:|1779961505
|move|p1a: Gliscor|Toxic Spikes|p2a: Corviknight
|-sidestart|p2: MASTEROFALLCREATE|move: Toxic Spikes
|move|p2a: Corviknight|Brave Bird|p1a: Gliscor
|-damage|p1a: Gliscor|69/100 tox
|-damage|p2a: Corviknight|66/100|[from] Recoil
|
|-heal|p1a: Gliscor|81/100 tox|[from] ability: Poison Heal
|upkeep
|turn|81
|
|t:|1779961512
|move|p1a: Gliscor|Toxic Spikes|p2a: Corviknight
|-sidestart|p2: MASTEROFALLCREATE|move: Toxic Spikes
|move|p2a: Corviknight|U-turn|p1a: Gliscor
|-resisted|p1a: Gliscor
|-damage|p1a: Gliscor|76/100 tox
|
|-heal|p1a: Gliscor|88/100 tox|[from] ability: Poison Heal
|upkeep
|turn|82
|
|t:|1779961516
|move|p1a: Gliscor|Toxic Spikes||[still]
|-fail|p1a: Gliscor
|move|p2a: Corviknight|Defog|p1a: Gliscor
|-unboost|p1a: Gliscor|evasion|1
|-sideend|p2: MASTEROFALLCREATE|Toxic Spikes|[from] move: Defog|[of] p2a: Corviknight
|
|-heal|p1a: Gliscor|100/100 tox|[from] ability: Poison Heal
|upkeep
|turn|83
|
|t:|1779961525
|move|p1a: Gliscor|Toxic Spikes|p2a: Corviknight
|-sidestart|p2: MASTEROFALLCREATE|move: Toxic Spikes
|move|p2a: Corviknight|U-turn|p1a: Gliscor
|-resisted|p1a: Gliscor
|-damage|p1a: Gliscor|95/100 tox
|
|-heal|p1a: Gliscor|100/100 tox|[from] ability: Poison Heal
|upkeep
|turn|84
|
|t:|1779961530
|move|p1a: Gliscor|Toxic Spikes|p2a: Corviknight
|-sidestart|p2: MASTEROFALLCREATE|move: Toxic Spikes
|move|p2a: Corviknight|Roost|p2a: Corviknight
|-heal|p2a: Corviknight|100/100
|-singleturn|p2a: Corviknight|move: Roost
|
|upkeep
|turn|85
|
|t:|1779961535
|move|p1a: Gliscor|Toxic Spikes||[still]
|-fail|p1a: Gliscor
|move|p2a: Corviknight|Defog|p1a: Gliscor
|-unboost|p1a: Gliscor|evasion|0
|-sideend|p2: MASTEROFALLCREATE|Toxic Spikes|[from] move: Defog|[of] p2a: Corviknight
|
|upkeep
|turn|86
|
|t:|1779961542
|move|p1a: Gliscor|Toxic Spikes|p2a: Corviknight
|-sidestart|p2: MASTEROFALLCREATE|move: Toxic Spikes
|move|p2a: Corviknight|U-turn|p1a: Gliscor
|-resisted|p1a: Gliscor
|-damage|p1a: Gliscor|95/100 tox
|
|-heal|p1a: Gliscor|100/100 tox|[from] ability: Poison Heal
|upkeep
|turn|87
|
|t:|1779961551
|move|p1a: Gliscor|Earthquake|p2a: Corviknight
|-immune|p2a: Corviknight
|move|p2a: Corviknight|U-turn|p1a: Gliscor
|-resisted|p1a: Gliscor
|-damage|p1a: Gliscor|95/100 tox
|
|-heal|p1a: Gliscor|100/100 tox|[from] ability: Poison Heal
|upkeep
|turn|88
|
|t:|1779961565
|move|p1a: Gliscor|Toxic Spikes|p2a: Corviknight
|-sidestart|p2: MASTEROFALLCREATE|move: Toxic Spikes
|move|p2a: Corviknight|Brave Bird|p1a: Gliscor
|-damage|p1a: Gliscor|71/100 tox
|-damage|p2a: Corviknight|92/100|[from] Recoil
|
|-heal|p1a: Gliscor|83/100 tox|[from] ability: Poison Heal
|upkeep
|turn|89
|
|t:|1779961572
|move|p1a: Gliscor|Toxic Spikes||[still]
|-fail|p1a: Gliscor
|move|p2a: Corviknight|Defog|p1a: Gliscor
|-unboost|p1a: Gliscor|evasion|0
|-sideend|p2: MASTEROFALLCREATE|Toxic Spikes|[from] move: Defog|[of] p2a: Corviknight
|
|-heal|p1a: Gliscor|96/100 tox|[from] ability: Poison Heal
|upkeep
|turn|90
|
|t:|1779961579
|move|p1a: Gliscor|Toxic Spikes|p2a: Corviknight
|-sidestart|p2: MASTEROFALLCREATE|move: Toxic Spikes
|move|p2a: Corviknight|U-turn|p1a: Gliscor
|-resisted|p1a: Gliscor
|-crit|p1a: Gliscor
|-damage|p1a: Gliscor|86/100 tox
|
|-heal|p1a: Gliscor|99/100 tox|[from] ability: Poison Heal
|upkeep
|turn|91
|
|t:|1779961584
|move|p1a: Gliscor|Earthquake|p2a: Corviknight
|-immune|p2a: Corviknight
|move|p2a: Corviknight|Defog|p1a: Gliscor
|-unboost|p1a: Gliscor|evasion|0
|-sideend|p2: MASTEROFALLCREATE|Toxic Spikes|[from] move: Defog|[of] p2a: Corviknight
|
|-heal|p1a: Gliscor|100/100 tox|[from] ability: Poison Heal
|upkeep
|turn|92
|
|t:|1779961604
|move|p1a: Gliscor|Earthquake|p2a: Corviknight
|-immune|p2a: Corviknight
|move|p2a: Corviknight|U-turn|p1a: Gliscor
|-resisted|p1a: Gliscor
|-damage|p1a: Gliscor|95/100 tox
|
|-heal|p1a: Gliscor|100/100 tox|[from] ability: Poison Heal
|upkeep
|turn|93
|
|t:|1779961609
|move|p1a: Gliscor|Protect|p1a: Gliscor
|-singleturn|p1a: Gliscor|Protect
|move|p2a: Corviknight|U-turn|p1a: Gliscor
|-activate|p1a: Gliscor|move: Protect
|
|upkeep
|turn|94
|
|t:|1779961614
|move|p1a: Gliscor|Earthquake|p2a: Corviknight
|-immune|p2a: Corviknight
|move|p2a: Corviknight|U-turn|p1a: Gliscor
|-resisted|p1a: Gliscor
|-damage|p1a: Gliscor|94/100 tox
|
|-heal|p1a: Gliscor|100/100 tox|[from] ability: Poison Heal
|upkeep
|turn|95
|
|t:|1779961619
|move|p1a: Gliscor|Earthquake|p2a: Corviknight
|-immune|p2a: Corviknight
|move|p2a: Corviknight|Defog||[still]
|-unboost|p1a: Gliscor|evasion|0
|-fail|p2a: Corviknight
|
|upkeep
|turn|96
|
|t:|1779961624
|move|p1a: Gliscor|Earthquake|p2a: Corviknight
|-immune|p2a: Corviknight
|move|p2a: Corviknight|Defog||[still]
|-unboost|p1a: Gliscor|evasion|0
|-fail|p2a: Corviknight
|
|upkeep
|turn|97
|
|t:|1779961638
|move|p1a: Gliscor|Earthquake|p2a: Corviknight
|-immune|p2a: Corviknight
|move|p2a: Corviknight|Defog||[still]
|-unboost|p1a: Gliscor|evasion|0
|-fail|p2a: Corviknight
|
|upkeep
|turn|98
|
|t:|1779961654
|move|p1a: Gliscor|Protect|p1a: Gliscor
|-singleturn|p1a: Gliscor|Protect
|move|p2a: Corviknight|Defog|p1a: Gliscor
|-activate|p1a: Gliscor|move: Protect
|
|upkeep
|turn|99
|
|t:|1779961660
|move|p1a: Gliscor|Protect||[still]
|-fail|p1a: Gliscor
|move|p2a: Corviknight|Defog||[still]
|-unboost|p1a: Gliscor|evasion|0
|-fail|p2a: Corviknight
|
|upkeep
|turn|100
|
|t:|1779961668
|move|p1a: Gliscor|Earthquake|p2a: Corviknight
|-immune|p2a: Corviknight
|move|p2a: Corviknight|Defog||[still]
|-unboost|p1a: Gliscor|evasion|0
|-fail|p2a: Corviknight
|
|upkeep
|turn|101
|
|t:|1779961671
|move|p1a: Gliscor|Earthquake|p2a: Corviknight
|-immune|p2a: Corviknight
|move|p2a: Corviknight|Defog||[still]
|-unboost|p1a: Gliscor|evasion|0
|-fail|p2a: Corviknight
|
|upkeep
|turn|102
|
|t:|1779961676
|move|p1a: Gliscor|Earthquake|p2a: Corviknight
|-immune|p2a: Corviknight
|move|p2a: Corviknight|Defog||[still]
|-unboost|p1a: Gliscor|evasion|0
|-fail|p2a: Corviknight
|
|upkeep
|turn|103
|
|t:|1779961686
|move|p1a: Gliscor|Earthquake|p2a: Corviknight
|-immune|p2a: Corviknight
|move|p2a: Corviknight|Brave Bird|p1a: Gliscor
|-crit|p1a: Gliscor
|-damage|p1a: Gliscor|53/100 tox
|-damage|p2a: Corviknight|78/100|[from] Recoil
|
|-heal|p1a: Gliscor|65/100 tox|[from] ability: Poison Heal
|upkeep
|turn|104
|
|t:|1779961690
|-activate|p1a: Gliscor|move: Struggle
|move|p1a: Gliscor|Struggle|p2a: Corviknight
|-damage|p2a: Corviknight|72/100
|-damage|p1a: Gliscor|49/100 tox|[from] item: Rocky Helmet|[of] p2a: Corviknight
|-damage|p1a: Gliscor|24/100 tox|[from] recoil
|move|p2a: Corviknight|Brave Bird|p1a: Gliscor
|-damage|p1a: Gliscor|0 fnt
|faint|p1a: Gliscor
|-damage|p2a: Corviknight|65/100|[from] Recoil
|
|win|MASTEROFALLCREATE
|raw|meetp2107's rating: 1139 &rarr; <strong>1112</strong><br />(-27 for losing)
|raw|MASTEROFALLCREATE's rating: 1113 &rarr; <strong>1140</strong><br />(+27 for winning)
|l|☆meetp2107
|player|p1|
|l|☆MASTEROFALLCREATE
|player|p2|
