|j|☆Ct3tha
|j|☆zzkaseyzz
|t:|1779972530
|gametype|singles
|player|p1|Ct3tha|102|1169
|player|p2|zzkaseyzz|burglar|1185
|gen|9
|tier|[Gen 9] OU
|rated|
|rule|HP Percentage Mod: HP is shown in percentages
|rule|Endless Battle Clause: Forcing endless battles is banned
|rule|Species Clause: Limit one of each Pokémon
|rule|OHKO Clause: OHKO moves are banned
|rule|Evasion Items Clause: Evasion items are banned
|rule|Evasion Moves Clause: Evasion moves are banned
|rule|Evasion Abilities Clause: Evasion abilities are banned
|rule|Sleep Moves Clause: Sleep-inducing moves are banned
|clearpoke
|poke|p1|Noctowl, F|
|poke|p1|Ting-Lu|
|poke|p1|Meowscarada, M|
|poke|p1|Great Tusk|
|poke|p1|Gholdengo|
|poke|p1|Dragapult, M|
|poke|p2|Eiscue, M|
|poke|p2|Toxtricity, M|
|poke|p2|Staraptor, M|
|poke|p2|Galvantula, M|
|poke|p2|Malamar, M|
|poke|p2|Girafarig, M|
|teampreview
|inactive|Battle timer is ON: inactive players will automatically lose when time's up. (requested by zzkaseyzz)
|
|t:|1779972538
|teamsize|p1|6
|teamsize|p2|6
|start
|switch|p1a: Ting-Lu|Ting-Lu|100/100
|switch|p2a: Galvantula|Galvantula, M, shiny|100/100
|-ability|p1a: Ting-Lu|Vessel of Ruin
|turn|1
|
|t:|1779972549
|move|p2a: Galvantula|Sticky Web|p1a: Ting-Lu
|-sidestart|p1: Ct3tha|move: Sticky Web
|move|p1a: Ting-Lu|Stealth Rock|p2a: Galvantula
|-sidestart|p2: zzkaseyzz|move: Stealth Rock
|
|upkeep
|turn|2
|
|t:|1779972553
|move|p2a: Galvantula|Bug Buzz|p1a: Ting-Lu
|-supereffective|p1a: Ting-Lu
|-damage|p1a: Ting-Lu|55/100
|move|p1a: Ting-Lu|Spikes|p2a: Galvantula
|-sidestart|p2: zzkaseyzz|Spikes
|
|upkeep
|turn|3
|
|t:|1779972560
|move|p2a: Galvantula|Bug Buzz|p1a: Ting-Lu
|-supereffective|p1a: Ting-Lu
|-damage|p1a: Ting-Lu|11/100
|move|p1a: Ting-Lu|Ruination|p2a: Galvantula
|-damage|p2a: Galvantula|51/100
|
|upkeep
|turn|4
|
|t:|1779972566
|move|p2a: Galvantula|Bug Buzz|p1a: Ting-Lu
|-supereffective|p1a: Ting-Lu
|-damage|p1a: Ting-Lu|0 fnt
|faint|p1a: Ting-Lu
|
|upkeep
|
|t:|1779972570
|switch|p1a: Great Tusk|Great Tusk|100/100
|-activate|p1a: Great Tusk|move: Sticky Web
|-unboost|p1a: Great Tusk|spe|1
|-enditem|p1a: Great Tusk|Booster Energy
|-activate|p1a: Great Tusk|ability: Protosynthesis|[fromitem]
|-start|p1a: Great Tusk|protosynthesisatk
|turn|5
|
|t:|1779972578
|move|p2a: Galvantula|Bug Buzz|p1a: Great Tusk
|-resisted|p1a: Great Tusk
|-damage|p1a: Great Tusk|77/100
|move|p1a: Great Tusk|Rapid Spin|p2a: Galvantula
|-damage|p2a: Galvantula|14/100
|-boost|p1a: Great Tusk|spe|1
|-sideend|p1: Ct3tha|Sticky Web|[from] move: Rapid Spin|[of] p1a: Great Tusk
|
|upkeep
|turn|6
|
|t:|1779972587
|move|p2a: Galvantula|Bug Buzz|p1a: Great Tusk
|-resisted|p1a: Great Tusk
|-damage|p1a: Great Tusk|50/100
|move|p1a: Great Tusk|Rapid Spin|p2a: Galvantula
|-damage|p2a: Galvantula|0 fnt
|-boost|p1a: Great Tusk|spe|1
|faint|p2a: Galvantula
|
|upkeep
|
|t:|1779972601
|switch|p2a: Eiscue|Eiscue, M|100/100
|-damage|p2a: Eiscue|75/100|[from] Stealth Rock
|-damage|p2a: Eiscue|63/100|[from] Spikes
|turn|7
|
|t:|1779972607
|move|p1a: Great Tusk|Headlong Rush|p2a: Eiscue
|-activate|p2a: Eiscue|ability: Ice Face
|-damage|p2a: Eiscue|63/100
|-unboost|p1a: Great Tusk|def|1
|-unboost|p1a: Great Tusk|spd|1
|detailschange|p2a: Eiscue|Eiscue-Noice, M
|move|p2a: Eiscue|Belly Drum|p2a: Eiscue
|-damage|p2a: Eiscue|13/100
|-setboost|p2a: Eiscue|atk|6|[from] move: Belly Drum
|
|upkeep
|turn|8
|
|t:|1779972621
|move|p1a: Great Tusk|Supercell Slam|p2a: Eiscue
|-damage|p2a: Eiscue|0 fnt
|faint|p2a: Eiscue
|
|upkeep
|c|☆zzkaseyzz|???
|c|☆zzkaseyzz|how fast is that thing
|
|t:|1779972634
|switch|p2a: Malamar|Malamar, M|100/100
|-damage|p2a: Malamar|88/100|[from] Stealth Rock
|-damage|p2a: Malamar|75/100|[from] Spikes
|turn|9
|
|t:|1779972639
|move|p1a: Great Tusk|Headlong Rush|p2a: Malamar
|-damage|p2a: Malamar|7/100
|-unboost|p1a: Great Tusk|def|1
|-unboost|p1a: Great Tusk|spd|1
|move|p2a: Malamar|Superpower|p1a: Great Tusk
|-damage|p1a: Great Tusk|17/100
|-boost|p2a: Malamar|atk|1
|-boost|p2a: Malamar|def|1
|
|-heal|p2a: Malamar|13/100|[from] item: Leftovers
|upkeep
|turn|10
|
|t:|1779972650
|move|p1a: Great Tusk|Headlong Rush|p2a: Malamar
|-damage|p2a: Malamar|0 fnt
|-unboost|p1a: Great Tusk|def|1
|-unboost|p1a: Great Tusk|spd|1
|faint|p2a: Malamar
|
|upkeep
|
|t:|1779972656
|switch|p2a: Staraptor|Staraptor, M, shiny|100/100
|-damage|p2a: Staraptor|76/100|[from] Stealth Rock
|turn|11
|
|t:|1779972660
|move|p2a: Staraptor|Brave Bird|p1a: Great Tusk
|-supereffective|p1a: Great Tusk
|-damage|p1a: Great Tusk|0 fnt
|faint|p1a: Great Tusk
|-end|p1a: Great Tusk|Protosynthesis|[silent]
|-damage|p2a: Staraptor|68/100|[from] Recoil
|
|upkeep
|
|t:|1779972667
|switch|p1a: Gholdengo|Gholdengo|100/100
|-item|p1a: Gholdengo|Air Balloon
|turn|12
|
|t:|1779972671
|move|p2a: Staraptor|Brave Bird|p1a: Gholdengo
|-resisted|p1a: Gholdengo
|-damage|p1a: Gholdengo|59/100
|-enditem|p1a: Gholdengo|Air Balloon
|-damage|p2a: Staraptor|54/100|[from] Recoil
|move|p1a: Gholdengo|Thunderbolt|p2a: Staraptor
|-supereffective|p2a: Staraptor
|-damage|p2a: Staraptor|0 fnt
|faint|p2a: Staraptor
|
|upkeep
|
|t:|1779972681
|switch|p2a: Toxtricity|Toxtricity, M|100/100
|-damage|p2a: Toxtricity|88/100|[from] Stealth Rock
|-damage|p2a: Toxtricity|76/100|[from] Spikes
|turn|13
|
|t:|1779972688
|move|p1a: Gholdengo|Trick|p2a: Toxtricity
|-activate|p1a: Gholdengo|move: Trick|[of] p2a: Toxtricity
|-enditem|p2a: Toxtricity|Throat Spray|[silent]|[from] move: Trick
|-item|p1a: Gholdengo|Throat Spray|[from] move: Trick
|move|p2a: Toxtricity|Overdrive|p1a: Gholdengo
|-damage|p1a: Gholdengo|0 fnt
|faint|p1a: Gholdengo
|
|upkeep
|
|t:|1779972699
|switch|p1a: Meowscarada|Meowscarada, M|100/100
|turn|14
|
|t:|1779972709
|switch|p2a: Girafarig|Girafarig, M, shiny|100/100
|-damage|p2a: Girafarig|88/100|[from] Stealth Rock
|-damage|p2a: Girafarig|76/100|[from] Spikes
|move|p1a: Meowscarada|U-turn|p2a: Girafarig
|-start|p1a: Meowscarada|typechange|Bug|[from] ability: Protean
|-supereffective|p2a: Girafarig
|-damage|p2a: Girafarig|0 fnt
|faint|p2a: Girafarig
|
|t:|1779972712
|switch|p1a: Noctowl|Noctowl, F|100/100|[from] U-turn
|
|upkeep
|
|t:|1779972720
|switch|p2a: Toxtricity|Toxtricity, M|76/100
|-damage|p2a: Toxtricity|63/100|[from] Stealth Rock
|-damage|p2a: Toxtricity|51/100|[from] Spikes
|turn|15
|
|t:|1779972726
|move|p2a: Toxtricity|Shift Gear|p2a: Toxtricity
|-boost|p2a: Toxtricity|spe|2
|-boost|p2a: Toxtricity|atk|1
|move|p1a: Noctowl|Hyper Voice|p2a: Toxtricity
|-damage|p2a: Toxtricity|8/100
|
|upkeep
|turn|16
|
|t:|1779972736
|move|p2a: Toxtricity|Overdrive|p1a: Noctowl
|-supereffective|p1a: Noctowl
|-damage|p1a: Noctowl|14/100
|move|p1a: Noctowl|Hyper Voice|p2a: Toxtricity
|-damage|p2a: Toxtricity|0 fnt
|faint|p2a: Toxtricity
|
|win|Ct3tha
|raw|Ct3tha's rating: 1169 &rarr; <strong>1195</strong><br />(+26 for winning)
|raw|zzkaseyzz's rating: 1185 &rarr; <strong>1159</strong><br />(-26 for losing)
|l|☆zzkaseyzz
|player|p2|
|l|☆Ct3tha
|player|p1|
