|j|☆ditissjoerd
|j|☆guilmon2009
|t:|1779804381
|gametype|singles
|player|p1|ditissjoerd|clown|1442
|player|p2|guilmon2009|102|1429
|gen|9
|tier|[Gen 9] OU
|rated|
|rule|HP Percentage Mod: HP is shown in percentages
|rule|Endless Battle Clause: Forcing endless battles is banned
|rule|Species Clause: Limit one of each Pokémon
|rule|OHKO Clause: OHKO moves are banned
|rule|Evasion Items Clause: Evasion items are banned
|rule|Evasion Moves Clause: Evasion moves are banned
|rule|Evasion Abilities Clause: Evasion abilities are banned
|rule|Sleep Moves Clause: Sleep-inducing moves are banned
|clearpoke
|poke|p1|Torkoal, F|
|poke|p1|Slither Wing|
|poke|p1|Walking Wake|
|poke|p1|Iron Moth|
|poke|p1|Tornadus-Therian, M|
|poke|p1|Blaziken, M|
|poke|p2|Kingambit, F|
|poke|p2|Great Tusk|
|poke|p2|Rillaboom, M|
|poke|p2|Pecharunt|
|poke|p2|Dragonite, M|
|poke|p2|Garganacl, F|
|teampreview
|inactive|Battle timer is ON: inactive players will automatically lose when time's up. (requested by ditissjoerd)
|
|t:|1779804426
|teamsize|p1|6
|teamsize|p2|6
|start
|switch|p1a: Torkoal|Torkoal, F|100/100
|switch|p2a: Pecharunt|Pecharunt|100/100
|-weather|SunnyDay|[from] ability: Drought|[of] p1a: Torkoal
|turn|1
|
|t:|1779804436
|switch|p1a: Iron Moth|Iron Moth|100/100
|-enditem|p1a: Iron Moth|Booster Energy
|-activate|p1a: Iron Moth|ability: Quark Drive|[fromitem]
|-start|p1a: Iron Moth|quarkdrivespa
|move|p2a: Pecharunt|Malignant Chain|p1a: Iron Moth
|-resisted|p1a: Iron Moth
|-damage|p1a: Iron Moth|79/100
|
|-weather|SunnyDay|[upkeep]
|upkeep
|turn|2
|
|t:|1779804447
|switch|p2a: Garganacl|Garganacl, F|100/100
|move|p1a: Iron Moth|Fiery Dance|p2a: Garganacl
|-resisted|p2a: Garganacl
|-damage|p2a: Garganacl|71/100
|-boost|p1a: Iron Moth|spa|1
|
|-weather|SunnyDay|[upkeep]
|-heal|p2a: Garganacl|77/100|[from] item: Leftovers
|upkeep
|turn|3
|
|t:|1779804460
|move|p2a: Garganacl|Protect|p2a: Garganacl
|-singleturn|p2a: Garganacl|Protect
|move|p1a: Iron Moth|Fiery Dance|p2a: Garganacl
|-activate|p2a: Garganacl|move: Protect
|
|-weather|SunnyDay|[upkeep]
|-heal|p2a: Garganacl|84/100|[from] item: Leftovers
|upkeep
|turn|4
|
|t:|1779804469
|move|p1a: Iron Moth|Fiery Dance|p2a: Garganacl
|-resisted|p2a: Garganacl
|-damage|p2a: Garganacl|43/100
|-boost|p1a: Iron Moth|spa|1
|move|p2a: Garganacl|Salt Cure|p1a: Iron Moth
|-supereffective|p1a: Iron Moth
|-damage|p1a: Iron Moth|32/100
|-start|p1a: Iron Moth|Salt Cure
|
|-weather|SunnyDay|[upkeep]
|-heal|p2a: Garganacl|49/100|[from] item: Leftovers
|-damage|p1a: Iron Moth|20/100|[from] Salt Cure
|upkeep
|turn|5
|
|t:|1779804486
|-end|p1a: Iron Moth|Quark Drive|[silent]
|switch|p1a: Blaziken|Blaziken, M|100/100
|move|p2a: Garganacl|Recover|p2a: Garganacl
|-heal|p2a: Garganacl|99/100
|
|-weather|SunnyDay|[upkeep]
|-heal|p2a: Garganacl|100/100|[from] item: Leftovers
|upkeep
|turn|6
|
|t:|1779804505
|switch|p1a: Slither Wing|Slither Wing|100/100
|-activate|p1a: Slither Wing|ability: Protosynthesis
|-start|p1a: Slither Wing|protosynthesisatk
|move|p2a: Garganacl|Salt Cure|p1a: Slither Wing
|-damage|p1a: Slither Wing|81/100
|-start|p1a: Slither Wing|Salt Cure
|
|-weather|SunnyDay|[upkeep]
|-damage|p1a: Slither Wing|69/100|[from] Salt Cure
|upkeep
|turn|7
|
|t:|1779804515
|-end|p1a: Slither Wing|Protosynthesis|[silent]
|switch|p1a: Walking Wake|Walking Wake|100/100
|-activate|p1a: Walking Wake|ability: Protosynthesis
|-start|p1a: Walking Wake|protosynthesisspe
|move|p2a: Garganacl|Protect||[still]
|-fail|p2a: Garganacl
|
|-weather|SunnyDay|[upkeep]
|upkeep
|turn|8
|
|t:|1779804526
|move|p2a: Garganacl|Protect|p2a: Garganacl
|-singleturn|p2a: Garganacl|Protect
|move|p1a: Walking Wake|Hydro Steam|p2a: Garganacl
|-activate|p2a: Garganacl|move: Protect
|
|-weather|none
|-end|p1a: Walking Wake|Protosynthesis
|upkeep
|turn|9
|
|t:|1779804537
|-terastallize|p2a: Garganacl|Fairy
|move|p1a: Walking Wake|Hydro Steam|p2a: Garganacl
|-damage|p2a: Garganacl|64/100
|move|p2a: Garganacl|Salt Cure|p1a: Walking Wake
|-damage|p1a: Walking Wake|86/100
|-start|p1a: Walking Wake|Salt Cure
|
|-heal|p2a: Garganacl|70/100|[from] item: Leftovers
|-damage|p1a: Walking Wake|61/100|[from] Salt Cure
|upkeep
|turn|10
|inactive|guilmon2009 has 120 seconds left.
|
|t:|1779804560
|-end|p1a: Walking Wake|Protosynthesis|[silent]
|switch|p1a: Torkoal|Torkoal, F|100/100
|-weather|SunnyDay|[from] ability: Drought|[of] p1a: Torkoal
|move|p2a: Garganacl|Curse|p2a: Garganacl
|-unboost|p2a: Garganacl|spe|1
|-boost|p2a: Garganacl|atk|1
|-boost|p2a: Garganacl|def|1
|
|-weather|SunnyDay|[upkeep]
|-heal|p2a: Garganacl|76/100|[from] item: Leftovers
|upkeep
|turn|11
|inactive|guilmon2009 has 120 seconds left.
|inactive|ditissjoerd has 120 seconds left.
|
|t:|1779804611
|switch|p1a: Iron Moth|Iron Moth|20/100
|move|p2a: Garganacl|Salt Cure|p1a: Iron Moth
|-supereffective|p1a: Iron Moth
|-damage|p1a: Iron Moth|0 fnt
|faint|p1a: Iron Moth
|-end|p1a: Iron Moth|Quark Drive|[silent]
|
|-weather|SunnyDay|[upkeep]
|-heal|p2a: Garganacl|83/100|[from] item: Leftovers
|upkeep
|
|t:|1779804613
|switch|p1a: Walking Wake|Walking Wake|61/100
|-activate|p1a: Walking Wake|ability: Protosynthesis
|-start|p1a: Walking Wake|protosynthesisspe
|turn|12
|
|t:|1779804626
|move|p2a: Garganacl|Protect|p2a: Garganacl
|-singleturn|p2a: Garganacl|Protect
|move|p1a: Walking Wake|Hydro Steam|p2a: Garganacl
|-activate|p2a: Garganacl|move: Protect
|
|-weather|SunnyDay|[upkeep]
|-heal|p2a: Garganacl|89/100|[from] item: Leftovers
|upkeep
|turn|13
|
|t:|1779804637
|move|p1a: Walking Wake|Hydro Steam|p2a: Garganacl
|-damage|p2a: Garganacl|29/100
|move|p2a: Garganacl|Salt Cure|p1a: Walking Wake
|-damage|p1a: Walking Wake|39/100
|-start|p1a: Walking Wake|Salt Cure
|
|-weather|SunnyDay|[upkeep]
|-heal|p2a: Garganacl|35/100|[from] item: Leftovers
|-damage|p1a: Walking Wake|14/100|[from] Salt Cure
|upkeep
|turn|14
|
|t:|1779804649
|move|p2a: Garganacl|Protect|p2a: Garganacl
|-singleturn|p2a: Garganacl|Protect
|move|p1a: Walking Wake|Hydro Steam|p2a: Garganacl
|-activate|p2a: Garganacl|move: Protect
|
|-weather|SunnyDay|[upkeep]
|-heal|p2a: Garganacl|41/100|[from] item: Leftovers
|-damage|p1a: Walking Wake|0 fnt|[from] Salt Cure
|faint|p1a: Walking Wake
|-end|p1a: Walking Wake|Protosynthesis|[silent]
|upkeep
|
|t:|1779804652
|switch|p1a: Blaziken|Blaziken, M|100/100
|turn|15
|inactive|ditissjoerd has 120 seconds left.
|inactive|ditissjoerd has 90 seconds left.
|
|t:|1779804742
|move|p1a: Blaziken|Focus Energy|p1a: Blaziken
|-start|p1a: Blaziken|move: Focus Energy
|move|p2a: Garganacl|Salt Cure|p1a: Blaziken
|-damage|p1a: Blaziken|64/100
|-start|p1a: Blaziken|Salt Cure
|
|-weather|SunnyDay|[upkeep]
|-heal|p2a: Garganacl|48/100|[from] item: Leftovers
|-damage|p1a: Blaziken|52/100|[from] Salt Cure
|-ability|p1a: Blaziken|Speed Boost|boost
|-boost|p1a: Blaziken|spe|1
|upkeep
|turn|16
|
|t:|1779804754
|move|p2a: Garganacl|Protect|p2a: Garganacl
|-singleturn|p2a: Garganacl|Protect
|move|p1a: Blaziken|Overheat|p2a: Garganacl
|-activate|p2a: Garganacl|move: Protect
|
|-weather|SunnyDay|[upkeep]
|-heal|p2a: Garganacl|54/100|[from] item: Leftovers
|-damage|p1a: Blaziken|40/100|[from] Salt Cure
|-ability|p1a: Blaziken|Speed Boost|boost
|-boost|p1a: Blaziken|spe|1
|upkeep
|turn|17
|inactive|guilmon2009 has 120 seconds left.
|inactive|guilmon2009 has 90 seconds left.
|
|t:|1779804809
|move|p2a: Garganacl|Protect||[still]
|-fail|p2a: Garganacl
|move|p1a: Blaziken|Overheat|p2a: Garganacl
|-crit|p2a: Garganacl
|-damage|p2a: Garganacl|0 fnt
|-unboost|p1a: Blaziken|spa|2
|faint|p2a: Garganacl
|
|-weather|none
|-damage|p1a: Blaziken|27/100|[from] Salt Cure
|-ability|p1a: Blaziken|Speed Boost|boost
|-boost|p1a: Blaziken|spe|1
|upkeep
|
|t:|1779804821
|switch|p2a: Rillaboom|Rillaboom, M|100/100
|-fieldstart|move: Grassy Terrain|[from] ability: Grassy Surge|[of] p2a: Rillaboom
|turn|18
|
|t:|1779804828
|move|p2a: Rillaboom|Grassy Glide|p1a: Blaziken
|-resisted|p1a: Blaziken
|-damage|p1a: Blaziken|0 fnt
|faint|p1a: Blaziken
|
|upkeep
|
|t:|1779804830
|switch|p1a: Slither Wing|Slither Wing|69/100
|turn|19
|inactive|guilmon2009 has 90 seconds left.
|
|t:|1779804842
|switch|p2a: Great Tusk|Great Tusk|100/100
|move|p1a: Slither Wing|U-turn|p2a: Great Tusk
|-resisted|p2a: Great Tusk
|-damage|p2a: Great Tusk|82/100
|-damage|p1a: Slither Wing|52/100|[from] item: Rocky Helmet|[of] p2a: Great Tusk
|inactive|ditissjoerd has 120 seconds left.
|
|t:|1779804854
|-end|p1a: Slither Wing|Protosynthesis|[silent]
|switch|p1a: Tornadus|Tornadus-Therian, M|100/100|[from] U-turn
|
|-heal|p2a: Great Tusk|88/100|[from] Grassy Terrain
|upkeep
|turn|20
|
|t:|1779804864
|-end|p2a: Great Tusk|Protosynthesis|[silent]
|switch|p2a: Kingambit|Kingambit, F|100/100
|-activate|p2a: Kingambit|ability: Supreme Overlord
|-start|p2a: Kingambit|fallen1|[silent]
|move|p1a: Tornadus|Bleakwind Storm|p2a: Kingambit
|-resisted|p2a: Kingambit
|-damage|p2a: Kingambit|77/100
|
|-heal|p2a: Kingambit|83/100|[from] Grassy Terrain
|-heal|p2a: Kingambit|89/100|[from] item: Leftovers
|upkeep
|turn|21
|
|t:|1779804878
|move|p1a: Tornadus|U-turn|p2a: Kingambit
|-damage|p2a: Kingambit|78/100
|
|t:|1779804880
|switch|p1a: Torkoal|Torkoal, F|100/100|[from] U-turn
|-weather|SunnyDay|[from] ability: Drought|[of] p1a: Torkoal
|move|p2a: Kingambit|Iron Head|p1a: Torkoal
|-resisted|p1a: Torkoal
|-damage|p1a: Torkoal|85/100
|
|-weather|SunnyDay|[upkeep]
|-heal|p2a: Kingambit|84/100|[from] Grassy Terrain
|-heal|p2a: Kingambit|90/100|[from] item: Leftovers
|-heal|p1a: Torkoal|91/100|[from] Grassy Terrain
|upkeep
|turn|22
|inactive|guilmon2009 has 90 seconds left.
|
|t:|1779804909
|-end|p2a: Kingambit|fallen1|[silent]
|switch|p2a: Dragonite|Dragonite, M|100/100
|move|p1a: Torkoal|Lava Plume|p2a: Dragonite
|-resisted|p2a: Dragonite
|-damage|p2a: Dragonite|91/100
|-status|p2a: Dragonite|brn
|
|-weather|SunnyDay|[upkeep]
|-heal|p1a: Torkoal|98/100|[from] Grassy Terrain
|-damage|p2a: Dragonite|85/100 brn|[from] brn
|-fieldend|move: Grassy Terrain
|upkeep
|turn|23
|inactive|guilmon2009 has 90 seconds left.
|inactive|ditissjoerd has 120 seconds left.
|
|t:|1779804951
|switch|p1a: Tornadus|Tornadus-Therian, M|100/100
|move|p2a: Dragonite|Dragon Dance|p2a: Dragonite
|-boost|p2a: Dragonite|atk|1
|-boost|p2a: Dragonite|spe|1
|
|-weather|SunnyDay|[upkeep]
|-damage|p2a: Dragonite|79/100 brn|[from] brn
|upkeep
|turn|24
|
|t:|1779804960
|move|p2a: Dragonite|Ice Spinner|p1a: Tornadus
|-supereffective|p1a: Tornadus
|-damage|p1a: Tornadus|36/100
|move|p1a: Tornadus|Bleakwind Storm|p2a: Dragonite
|-damage|p2a: Dragonite|27/100 brn
|
|-weather|SunnyDay|[upkeep]
|-damage|p2a: Dragonite|20/100 brn|[from] brn
|upkeep
|turn|25
|inactive|guilmon2009 has 90 seconds left.
|
|t:|1779804969
|switch|p1a: Slither Wing|Slither Wing|52/100
|-activate|p1a: Slither Wing|ability: Protosynthesis
|-start|p1a: Slither Wing|protosynthesisatk
|move|p2a: Dragonite|Roost|p2a: Dragonite
|-heal|p2a: Dragonite|70/100 brn
|-singleturn|p2a: Dragonite|move: Roost
|
|-weather|SunnyDay|[upkeep]
|-damage|p2a: Dragonite|64/100 brn|[from] brn
|upkeep
|turn|26
|inactive|guilmon2009 has 90 seconds left.
|
|t:|1779804981
|switch|p2a: Great Tusk|Great Tusk|88/100
|-activate|p2a: Great Tusk|ability: Protosynthesis
|-start|p2a: Great Tusk|protosynthesisatk
|move|p1a: Slither Wing|Close Combat|p2a: Great Tusk
|-damage|p2a: Great Tusk|0 fnt
|-unboost|p1a: Slither Wing|def|1
|-unboost|p1a: Slither Wing|spd|1
|-damage|p1a: Slither Wing|36/100|[from] item: Rocky Helmet|[of] p2a: Great Tusk
|faint|p2a: Great Tusk
|-end|p2a: Great Tusk|Protosynthesis|[silent]
|
|-weather|SunnyDay|[upkeep]
|upkeep
|inactive|guilmon2009 has 90 seconds left.
|
|t:|1779805000
|switch|p2a: Pecharunt|Pecharunt|100/100
|turn|27
|inactive|ditissjoerd has 120 seconds left.
|
|t:|1779805036
|-end|p1a: Slither Wing|Protosynthesis|[silent]
|switch|p1a: Tornadus|Tornadus-Therian, M|69/100
|move|p2a: Pecharunt|Nasty Plot|p2a: Pecharunt
|-boost|p2a: Pecharunt|spa|2
|
|-weather|SunnyDay|[upkeep]
|upkeep
|turn|28
|
|t:|1779805043
|move|p1a: Tornadus|Bleakwind Storm|p2a: Pecharunt
|-damage|p2a: Pecharunt|46/100
|move|p2a: Pecharunt|Malignant Chain|p1a: Tornadus
|-damage|p1a: Tornadus|8/100
|-status|p1a: Tornadus|tox
|-start|p1a: Tornadus|confusion|[from] ability: Poison Puppeteer|[of] p2a: Pecharunt
|
|-weather|none
|-damage|p1a: Tornadus|2/100 tox|[from] psn
|upkeep
|turn|29
|inactive|guilmon2009 has 90 seconds left.
|
|t:|1779805056
|-activate|p1a: Tornadus|confusion
|move|p1a: Tornadus|Bleakwind Storm|p2a: Pecharunt
|-damage|p2a: Pecharunt|0 fnt
|faint|p2a: Pecharunt
|
|-damage|p1a: Tornadus|0 fnt|[from] psn
|faint|p1a: Tornadus
|upkeep
|
|t:|1779805068
|switch|p1a: Slither Wing|Slither Wing|36/100
|switch|p2a: Dragonite|Dragonite, M|64/100 brn
|turn|30
|
|t:|1779805083
|move|p2a: Dragonite|Roost|p2a: Dragonite
|-heal|p2a: Dragonite|100/100 brn
|-singleturn|p2a: Dragonite|move: Roost
|move|p1a: Slither Wing|U-turn|p2a: Dragonite
|-damage|p2a: Dragonite|65/100 brn
|
|t:|1779805086
|-end|p1a: Slither Wing|Protosynthesis|[silent]
|switch|p1a: Torkoal|Torkoal, F|98/100|[from] U-turn
|-weather|SunnyDay|[from] ability: Drought|[of] p1a: Torkoal
|
|-weather|SunnyDay|[upkeep]
|-damage|p2a: Dragonite|59/100 brn|[from] brn
|upkeep
|turn|31
|inactive|guilmon2009 has 90 seconds left.
|
|t:|1779805098
|switch|p1a: Slither Wing|Slither Wing|36/100
|-activate|p1a: Slither Wing|ability: Protosynthesis
|-start|p1a: Slither Wing|protosynthesisatk
|move|p2a: Dragonite|Ice Spinner|p1a: Slither Wing
|-damage|p1a: Slither Wing|16/100
|
|-weather|SunnyDay|[upkeep]
|-damage|p2a: Dragonite|53/100 brn|[from] brn
|upkeep
|turn|32
|inactive|guilmon2009 has 90 seconds left.
|
|t:|1779805126
|switch|p2a: Kingambit|Kingambit, F|90/100
|-activate|p2a: Kingambit|ability: Supreme Overlord
|-start|p2a: Kingambit|fallen3|[silent]
|move|p1a: Slither Wing|First Impression|p2a: Kingambit
|-damage|p2a: Kingambit|16/100
|
|-weather|SunnyDay|[upkeep]
|-heal|p2a: Kingambit|23/100|[from] item: Leftovers
|upkeep
|turn|33
|
|t:|1779805139
|-end|p1a: Slither Wing|Protosynthesis|[silent]
|switch|p1a: Torkoal|Torkoal, F|98/100
|move|p2a: Kingambit|Swords Dance|p2a: Kingambit
|-boost|p2a: Kingambit|atk|2
|
|-weather|SunnyDay|[upkeep]
|-heal|p2a: Kingambit|29/100|[from] item: Leftovers
|upkeep
|turn|34
|
|t:|1779805149
|move|p2a: Kingambit|Low Kick|p1a: Torkoal
|-damage|p1a: Torkoal|53/100
|move|p1a: Torkoal|Lava Plume|p2a: Kingambit
|-supereffective|p2a: Kingambit
|-crit|p2a: Kingambit
|-damage|p2a: Kingambit|0 fnt
|faint|p2a: Kingambit
|-end|p2a: Kingambit|fallen3|[silent]
|
|-weather|SunnyDay|[upkeep]
|upkeep
|
|t:|1779805159
|switch|p2a: Dragonite|Dragonite, M|53/100 brn
|turn|35
|
|t:|1779805168
|move|p2a: Dragonite|Dragon Dance|p2a: Dragonite
|-boost|p2a: Dragonite|atk|1
|-boost|p2a: Dragonite|spe|1
|move|p1a: Torkoal|Lava Plume|p2a: Dragonite
|-resisted|p2a: Dragonite
|-damage|p2a: Dragonite|34/100 brn
|
|-weather|SunnyDay|[upkeep]
|-damage|p2a: Dragonite|28/100 brn|[from] brn
|upkeep
|turn|36
|
|t:|1779805177
|switch|p1a: Slither Wing|Slither Wing|16/100
|-activate|p1a: Slither Wing|ability: Protosynthesis
|-start|p1a: Slither Wing|protosynthesisatk
|move|p2a: Dragonite|Roost|p2a: Dragonite
|-heal|p2a: Dragonite|78/100 brn
|-singleturn|p2a: Dragonite|move: Roost
|
|-weather|SunnyDay|[upkeep]
|-damage|p2a: Dragonite|72/100 brn|[from] brn
|upkeep
|turn|37
|inactive|guilmon2009 has 90 seconds left.
|
|t:|1779805189
|-terastallize|p1a: Slither Wing|Bug
|move|p1a: Slither Wing|First Impression|p2a: Dragonite
|-resisted|p2a: Dragonite
|-damage|p2a: Dragonite|0 fnt
|faint|p2a: Dragonite
|
|-weather|none
|-end|p1a: Slither Wing|Protosynthesis
|upkeep
|c|☆ditissjoerd|gg
|
|t:|1779805197
|switch|p2a: Rillaboom|Rillaboom, M|100/100
|-fieldstart|move: Grassy Terrain|[from] ability: Grassy Surge|[of] p2a: Rillaboom
|turn|38
|inactive|guilmon2009 has 90 seconds left.
|-message|guilmon2009 forfeited.
|
|win|ditissjoerd
|raw|ditissjoerd's rating: 1442 &rarr; <strong>1461</strong><br />(+19 for winning)
|raw|guilmon2009's rating: 1429 &rarr; <strong>1410</strong><br />(-19 for losing)
|l|☆guilmon2009
|player|p2|
