|j|☆YaredG
|j|☆randomefre
|t:|1779927120
|gametype|singles
|player|p1|YaredG|170|1166
|player|p2|randomefre|dawn|1138
|gen|9
|tier|[Gen 9] OU
|rated|
|rule|HP Percentage Mod: HP is shown in percentages
|rule|Endless Battle Clause: Forcing endless battles is banned
|rule|Species Clause: Limit one of each Pokémon
|rule|OHKO Clause: OHKO moves are banned
|rule|Evasion Items Clause: Evasion items are banned
|rule|Evasion Moves Clause: Evasion moves are banned
|rule|Evasion Abilities Clause: Evasion abilities are banned
|rule|Sleep Moves Clause: Sleep-inducing moves are banned
|clearpoke
|poke|p1|Dragonite, F|
|poke|p1|Great Tusk|
|poke|p1|Deoxys-Speed|
|poke|p1|Gholdengo|
|poke|p1|Zamazenta-*|
|poke|p1|Iron Valiant|
|poke|p2|Polteageist-Antique|
|poke|p2|Corviknight, F|
|poke|p2|Sinistcha-Masterpiece|
|poke|p2|Skeledirge, F|
|poke|p2|Meowscarada, M|
|poke|p2|Cinderace, F|
|teampreview
|inactive|Battle timer is ON: inactive players will automatically lose when time's up. (requested by randomefre)
|
|t:|1779927127
|teamsize|p1|6
|teamsize|p2|6
|start
|switch|p1a: Deoxys|Deoxys-Speed|100/100
|switch|p2a: Meowscarada|Meowscarada, M|100/100
|-ability|p1a: Deoxys|Pressure
|turn|1
|
|t:|1779927135
|move|p1a: Deoxys|Stealth Rock|p2a: Meowscarada
|-sidestart|p2: randomefre|move: Stealth Rock
|move|p2a: Meowscarada|Knock Off|p1a: Deoxys
|-start|p2a: Meowscarada|typechange|Dark|[from] ability: Protean
|-supereffective|p1a: Deoxys
|-enditem|p1a: Deoxys|Focus Sash
|-damage|p1a: Deoxys|1/100
|
|upkeep
|turn|2
|
|t:|1779927144
|move|p1a: Deoxys|Spikes|p2a: Meowscarada
|-sidestart|p2: randomefre|Spikes
|move|p2a: Meowscarada|Knock Off|p1a: Deoxys
|-supereffective|p1a: Deoxys
|-damage|p1a: Deoxys|0 fnt
|faint|p1a: Deoxys
|
|upkeep
|
|t:|1779927150
|switch|p1a: Iron Valiant|Iron Valiant|100/100
|-enditem|p1a: Iron Valiant|Booster Energy
|-activate|p1a: Iron Valiant|ability: Quark Drive|[fromitem]
|-start|p1a: Iron Valiant|quarkdrivespe
|turn|3
|
|t:|1779927157
|switch|p2a: Skeledirge|Skeledirge, F|100/100
|-damage|p2a: Skeledirge|75/100|[from] Stealth Rock
|-damage|p2a: Skeledirge|63/100|[from] Spikes
|move|p1a: Iron Valiant|Moonblast|p2a: Skeledirge
|-resisted|p2a: Skeledirge
|-damage|p2a: Skeledirge|46/100
|
|-heal|p2a: Skeledirge|52/100|[from] item: Leftovers
|upkeep
|turn|4
|
|t:|1779927168
|move|p1a: Iron Valiant|Knock Off|p2a: Skeledirge
|-supereffective|p2a: Skeledirge
|-damage|p2a: Skeledirge|3/100
|-enditem|p2a: Skeledirge|Leftovers|[from] move: Knock Off|[of] p1a: Iron Valiant
|move|p2a: Skeledirge|Slack Off|p2a: Skeledirge
|-heal|p2a: Skeledirge|53/100
|
|upkeep
|turn|5
|
|t:|1779927175
|move|p1a: Iron Valiant|Knock Off|p2a: Skeledirge
|-supereffective|p2a: Skeledirge
|-damage|p2a: Skeledirge|22/100
|move|p2a: Skeledirge|Slack Off|p2a: Skeledirge
|-heal|p2a: Skeledirge|72/100
|
|upkeep
|turn|6
|
|t:|1779927191
|move|p1a: Iron Valiant|Taunt|p2a: Skeledirge
|-start|p2a: Skeledirge|move: Taunt
|cant|p2a: Skeledirge|move: Taunt|Will-O-Wisp
|
|upkeep
|turn|7
|
|t:|1779927201
|switch|p2a: Corviknight|Corviknight, F|100/100
|-damage|p2a: Corviknight|88/100|[from] Stealth Rock
|move|p1a: Iron Valiant|Knock Off|p2a: Corviknight
|-damage|p2a: Corviknight|66/100
|-damage|p1a: Iron Valiant|84/100|[from] item: Rocky Helmet|[of] p2a: Corviknight
|-enditem|p2a: Corviknight|Rocky Helmet|[from] move: Knock Off|[of] p1a: Iron Valiant
|
|upkeep
|turn|8
|
|t:|1779927227
|-end|p1a: Iron Valiant|Quark Drive|[silent]
|switch|p1a: Great Tusk|Great Tusk|100/100
|-enditem|p1a: Great Tusk|Booster Energy
|-activate|p1a: Great Tusk|ability: Protosynthesis|[fromitem]
|-start|p1a: Great Tusk|protosynthesisspe
|switch|p2a: Sinistcha|Sinistcha-Masterpiece|100/100
|
|upkeep
|turn|9
|inactive|YaredG has 120 seconds left.
|
|t:|1779927251
|move|p1a: Great Tusk|Ice Spinner|p2a: Sinistcha
|-supereffective|p2a: Sinistcha
|-damage|p2a: Sinistcha|54/100
|move|p2a: Sinistcha|Strength Sap|p1a: Great Tusk
|-unboost|p1a: Great Tusk|atk|1
|-heal|p2a: Sinistcha|100/100
|
|upkeep
|turn|10
|inactive|YaredG has 120 seconds left.
|
|t:|1779927259
|move|p1a: Great Tusk|Taunt|p2a: Sinistcha
|-start|p2a: Sinistcha|move: Taunt
|move|p2a: Sinistcha|Matcha Gotcha|p1a: Great Tusk
|-supereffective|p1a: Great Tusk
|-damage|p1a: Great Tusk|0 fnt
|faint|p1a: Great Tusk
|-end|p1a: Great Tusk|Protosynthesis|[silent]
|
|upkeep
|inactive|YaredG has 120 seconds left.
|
|t:|1779927283
|switch|p1a: Zamazenta|Zamazenta|100/100
|-ability|p1a: Zamazenta|Dauntless Shield|boost
|-boost|p1a: Zamazenta|def|1
|turn|11
|
|t:|1779927291
|move|p1a: Zamazenta|Crunch|p2a: Sinistcha
|-supereffective|p2a: Sinistcha
|-damage|p2a: Sinistcha|29/100
|-damage|p1a: Zamazenta|91/100|[from] item: Life Orb
|move|p2a: Sinistcha|Shadow Ball|p1a: Zamazenta
|-damage|p1a: Zamazenta|51/100
|
|upkeep
|turn|12
|
|t:|1779927304
|switch|p2a: Meowscarada|Meowscarada, M|100/100
|-damage|p2a: Meowscarada|88/100|[from] Stealth Rock
|-damage|p2a: Meowscarada|76/100|[from] Spikes
|move|p1a: Zamazenta|Crunch|p2a: Meowscarada
|-resisted|p2a: Meowscarada
|-damage|p2a: Meowscarada|48/100
|-unboost|p2a: Meowscarada|def|1
|-damage|p1a: Zamazenta|41/100|[from] item: Life Orb
|
|upkeep
|turn|13
|
|t:|1779927321
|switch|p2a: Polteageist|Polteageist-Antique|100/100
|-damage|p2a: Polteageist|88/100|[from] Stealth Rock
|-damage|p2a: Polteageist|76/100|[from] Spikes
|move|p1a: Zamazenta|Close Combat|p2a: Polteageist
|-immune|p2a: Polteageist
|
|upkeep
|turn|14
|inactive|YaredG has 120 seconds left.
|
|t:|1779927358
|-terastallize|p2a: Polteageist|Fairy
|move|p1a: Zamazenta|Crunch|p2a: Polteageist
|-resisted|p2a: Polteageist
|-damage|p2a: Polteageist|41/100
|-damage|p1a: Zamazenta|31/100|[from] item: Life Orb
|move|p2a: Polteageist|Shell Smash|p2a: Polteageist
|-unboost|p2a: Polteageist|def|1
|-unboost|p2a: Polteageist|spd|1
|-boost|p2a: Polteageist|atk|2
|-boost|p2a: Polteageist|spa|2
|-boost|p2a: Polteageist|spe|2
|-enditem|p2a: Polteageist|White Herb
|-clearnegativeboost|p2a: Polteageist|[silent]
|
|upkeep
|turn|15
|
|t:|1779927379
|move|p2a: Polteageist|Stored Power|p1a: Zamazenta
|-supereffective|p1a: Zamazenta
|-damage|p1a: Zamazenta|0 fnt
|faint|p1a: Zamazenta
|
|upkeep
|
|t:|1779927385
|switch|p1a: Gholdengo|Gholdengo|100/100
|turn|16
|
|t:|1779927388
|move|p2a: Polteageist|Shadow Ball|p1a: Gholdengo
|-supereffective|p1a: Gholdengo
|-damage|p1a: Gholdengo|0 fnt
|faint|p1a: Gholdengo
|
|upkeep
|
|t:|1779927390
|switch|p1a: Dragonite|Dragonite, F|100/100
|turn|17
|
|t:|1779927397
|move|p1a: Dragonite|Extreme Speed|p2a: Polteageist
|-damage|p2a: Polteageist|0 fnt
|-start|p1a: Dragonite|Disable|Extreme Speed|[from] ability: Cursed Body|[of] p2a: Polteageist
|faint|p2a: Polteageist
|-damage|p1a: Dragonite|91/100|[from] item: Life Orb
|
|upkeep
|
|t:|1779927404
|switch|p2a: Meowscarada|Meowscarada, M|48/100
|-damage|p2a: Meowscarada|35/100|[from] Stealth Rock
|-damage|p2a: Meowscarada|23/100|[from] Spikes
|turn|18
|
|t:|1779927425
|move|p2a: Meowscarada|Triple Axel|p1a: Dragonite
|-start|p2a: Meowscarada|typechange|Ice|[from] ability: Protean
|-supereffective|p1a: Dragonite
|-damage|p1a: Dragonite|26/100
|-supereffective|p1a: Dragonite
|-damage|p1a: Dragonite|0 fnt
|faint|p1a: Dragonite
|-hitcount|p1: Dragonite|2
|
|upkeep
|-message|YaredG forfeited.
|
|win|randomefre
|raw|YaredG's rating: 1166 &rarr; <strong>1139</strong><br />(-27 for losing)
|raw|randomefre's rating: 1138 &rarr; <strong>1165</strong><br />(+27 for winning)
|l|☆YaredG
|player|p1|
