|j|☆KaiZX49
|j|☆chrisfeb1992
|t:|1779899538
|gametype|singles
|player|p1|KaiZX49|youngster|1338
|player|p2|chrisfeb1992|266|1411
|gen|9
|tier|[Gen 9] OU
|rated|
|rule|HP Percentage Mod: HP is shown in percentages
|rule|Endless Battle Clause: Forcing endless battles is banned
|rule|Species Clause: Limit one of each Pokémon
|rule|OHKO Clause: OHKO moves are banned
|rule|Evasion Items Clause: Evasion items are banned
|rule|Evasion Moves Clause: Evasion moves are banned
|rule|Evasion Abilities Clause: Evasion abilities are banned
|rule|Sleep Moves Clause: Sleep-inducing moves are banned
|clearpoke
|poke|p1|Skarmory, M|
|poke|p1|Iron Boulder|
|poke|p1|Clodsire, F|
|poke|p1|Rotom-Wash|
|poke|p1|Greninja-*, M|
|poke|p1|Cinderace, M|
|poke|p2|Ceruledge, M|
|poke|p2|Ribombee, F|
|poke|p2|Ursaluna, F|
|poke|p2|Darkrai|
|poke|p2|Iron Treads|
|poke|p2|Regieleki|
|teampreview
|inactive|Battle timer is ON: inactive players will automatically lose when time's up. (requested by KaiZX49)
|
|t:|1779899553
|teamsize|p1|6
|teamsize|p2|6
|start
|switch|p1a: Cinderace|Cinderace, M|100/100
|switch|p2a: Darkrai|Darkrai|100/100
|turn|1
|
|t:|1779899560
|move|p2a: Darkrai|Trick|p1a: Cinderace
|-activate|p2a: Darkrai|move: Trick|[of] p1a: Cinderace
|-item|p1a: Cinderace|Choice Scarf|[from] move: Trick
|-item|p2a: Darkrai|Heavy-Duty Boots|[from] move: Trick
|move|p1a: Cinderace|U-turn|p2a: Darkrai
|-start|p1a: Cinderace|typechange|Bug|[from] ability: Libero
|-supereffective|p2a: Darkrai
|-damage|p2a: Darkrai|8/100
|
|t:|1779899572
|switch|p1a: Greninja|Greninja, M|100/100|[from] U-turn
|
|upkeep
|turn|2
|
|t:|1779899579
|move|p1a: Greninja|Surf|p2a: Darkrai
|-damage|p2a: Darkrai|0 fnt
|faint|p2a: Darkrai
|-ability|p1a: Greninja|Battle Bond|boost
|-boost|p1a: Greninja|atk|1
|-boost|p1a: Greninja|spa|1
|-boost|p1a: Greninja|spe|1
|-activate|p1a: Greninja|ability: Battle Bond
|
|upkeep
|
|t:|1779899589
|switch|p2a: Ribombee|Ribombee, F|100/100
|turn|3
|
|t:|1779899593
|move|p1a: Greninja|Surf|p2a: Ribombee
|-damage|p2a: Ribombee|2/100
|move|p2a: Ribombee|Moonblast|p1a: Greninja
|-supereffective|p1a: Greninja
|-damage|p1a: Greninja|0 fnt
|faint|p1a: Greninja
|
|upkeep
|
|t:|1779899600
|switch|p1a: Iron Boulder|Iron Boulder|100/100
|-enditem|p1a: Iron Boulder|Booster Energy
|-activate|p1a: Iron Boulder|ability: Quark Drive|[fromitem]
|-start|p1a: Iron Boulder|quarkdrivespe
|turn|4
|
|t:|1779899608
|switch|p2a: Iron Treads|Iron Treads|100/100
|-enditem|p2a: Iron Treads|Booster Energy
|-activate|p2a: Iron Treads|ability: Quark Drive|[fromitem]
|-start|p2a: Iron Treads|quarkdrivespe
|move|p1a: Iron Boulder|Mighty Cleave|p2a: Iron Treads
|-resisted|p2a: Iron Treads
|-damage|p2a: Iron Treads|91/100
|
|upkeep
|turn|5
|
|t:|1779899618
|-terastallize|p1a: Iron Boulder|Fighting
|move|p1a: Iron Boulder|Swords Dance|p1a: Iron Boulder
|-boost|p1a: Iron Boulder|atk|2
|move|p2a: Iron Treads|Stealth Rock|p1a: Iron Boulder
|-sidestart|p1: KaiZX49|move: Stealth Rock
|
|upkeep
|turn|6
|
|t:|1779899627
|-terastallize|p2a: Iron Treads|Ghost
|move|p1a: Iron Boulder|Close Combat|p2a: Iron Treads
|-immune|p2a: Iron Treads
|move|p2a: Iron Treads|Earthquake|p1a: Iron Boulder
|-damage|p1a: Iron Boulder|36/100
|
|upkeep
|turn|7
|
|t:|1779899636
|-end|p2a: Iron Treads|Quark Drive|[silent]
|switch|p2a: Ribombee|Ribombee, F|2/100
|move|p1a: Iron Boulder|Mighty Cleave|p2a: Ribombee
|-supereffective|p2a: Ribombee
|-damage|p2a: Ribombee|0 fnt
|faint|p2a: Ribombee
|
|upkeep
|
|t:|1779899646
|switch|p2a: Ceruledge|Ceruledge, M|100/100
|turn|8
|
|t:|1779899649
|move|p1a: Iron Boulder|Mighty Cleave|p2a: Ceruledge
|-supereffective|p2a: Ceruledge
|-enditem|p2a: Ceruledge|Focus Sash
|-damage|p2a: Ceruledge|1/100
|-ability|p2a: Ceruledge|Weak Armor|boost
|-unboost|p2a: Ceruledge|def|1
|-boost|p2a: Ceruledge|spe|2
|move|p2a: Ceruledge|Swords Dance|p2a: Ceruledge
|-boost|p2a: Ceruledge|atk|2
|
|upkeep
|turn|9
|
|t:|1779899663
|-end|p1a: Iron Boulder|Quark Drive|[silent]
|switch|p1a: Skarmory|Skarmory, M|100/100
|-damage|p1a: Skarmory|88/100|[from] Stealth Rock
|move|p2a: Ceruledge|Bitter Blade|p1a: Skarmory
|-supereffective|p1a: Skarmory
|-crit|p1a: Skarmory
|-damage|p1a: Skarmory|0 fnt
|-heal|p2a: Ceruledge|51/100|[from] drain|[of] p1a: Skarmory
|-damage|p2a: Ceruledge|35/100|[from] item: Rocky Helmet|[of] p1a: Skarmory
|faint|p1a: Skarmory
|
|upkeep
|
|t:|1779899674
|switch|p1a: Rotom|Rotom-Wash|100/100
|-damage|p1a: Rotom|88/100|[from] Stealth Rock
|turn|10
|
|t:|1779899679
|move|p2a: Ceruledge|Poltergeist|p1a: Rotom
|-activate|p1a: Rotom|move: Poltergeist|Leftovers
|-damage|p1a: Rotom|0 fnt
|faint|p1a: Rotom
|
|upkeep
|-message|KaiZX49 forfeited.
|
|win|chrisfeb1992
|raw|KaiZX49's rating: 1338 &rarr; <strong>1322</strong><br />(-16 for losing)
|raw|chrisfeb1992's rating: 1411 &rarr; <strong>1427</strong><br />(+16 for winning)
|l|☆KaiZX49
|player|p1|
