|j|☆maxcondones
|j|☆gyhe
|t:|1779841649
|gametype|singles
|player|p1|maxcondones|265|1607
|player|p2|gyhe|102|1572
|gen|9
|tier|[Gen 9] OU
|rated|
|rule|HP Percentage Mod: HP is shown in percentages
|rule|Endless Battle Clause: Forcing endless battles is banned
|rule|Species Clause: Limit one of each Pokémon
|rule|OHKO Clause: OHKO moves are banned
|rule|Evasion Items Clause: Evasion items are banned
|rule|Evasion Moves Clause: Evasion moves are banned
|rule|Evasion Abilities Clause: Evasion abilities are banned
|rule|Sleep Moves Clause: Sleep-inducing moves are banned
|clearpoke
|poke|p1|Excadrill, M|
|poke|p1|Hippowdon, F|
|poke|p1|Landorus-Therian, M|
|poke|p1|Deoxys-Speed|
|poke|p1|Tyranitar, M|
|poke|p1|Tornadus-Therian, M|
|poke|p2|Lokix, F|
|poke|p2|Pecharunt|
|poke|p2|Zamazenta-*|
|poke|p2|Ting-Lu|
|poke|p2|Latios, M|
|poke|p2|Gliscor, F|
|teampreview
|
|t:|1779841662
|teamsize|p1|6
|teamsize|p2|6
|start
|switch|p1a: Tornadus|Tornadus-Therian, M|100/100
|switch|p2a: Lokix|Lokix, F|100/100
|turn|1
|
|t:|1779841668
|switch|p2a: Ting-Lu|Ting-Lu|100/100
|-ability|p2a: Ting-Lu|Vessel of Ruin
|move|p1a: Tornadus|Nasty Plot|p1a: Tornadus
|-boost|p1a: Tornadus|spa|2
|
|upkeep
|turn|2
|
|t:|1779841680
|move|p1a: Tornadus|Grass Knot|p2a: Ting-Lu
|-supereffective|p2a: Ting-Lu
|-damage|p2a: Ting-Lu|26/100
|-damage|p1a: Tornadus|91/100|[from] item: Life Orb
|move|p2a: Ting-Lu|Ruination|p1a: Tornadus|[miss]
|-miss|p2a: Ting-Lu|p1a: Tornadus
|
|-heal|p2a: Ting-Lu|32/100|[from] item: Leftovers
|upkeep
|turn|3
|
|t:|1779841689
|move|p1a: Tornadus|Bleakwind Storm|p2a: Ting-Lu
|-damage|p2a: Ting-Lu|0 fnt
|faint|p2a: Ting-Lu
|-damage|p1a: Tornadus|81/100|[from] item: Life Orb
|
|upkeep
|
|t:|1779841693
|switch|p2a: Zamazenta|Zamazenta|100/100
|-ability|p2a: Zamazenta|Dauntless Shield|boost
|-boost|p2a: Zamazenta|def|1
|turn|4
|
|t:|1779841700
|move|p2a: Zamazenta|Stone Edge|p1a: Tornadus
|-supereffective|p1a: Tornadus
|-crit|p1a: Tornadus
|-damage|p1a: Tornadus|0 fnt
|faint|p1a: Tornadus
|
|upkeep
|
|t:|1779841707
|switch|p1a: Deoxys|Deoxys-Speed|100/100
|-ability|p1a: Deoxys|Pressure
|turn|5
|
|t:|1779841711
|switch|p2a: Lokix|Lokix, F|100/100
|move|p1a: Deoxys|Superpower|p2a: Lokix
|-damage|p2a: Lokix|49/100
|-unboost|p1a: Deoxys|atk|1
|-unboost|p1a: Deoxys|def|1
|-enditem|p1a: Deoxys|Eject Pack
|
|t:|1779841717
|switch|p1a: Landorus|Landorus-Therian, M|100/100
|-ability|p1a: Landorus|Intimidate|boost
|-unboost|p2a: Lokix|atk|1
|
|upkeep
|turn|6
|
|t:|1779841722
|switch|p2a: Gliscor|Gliscor, F|100/100
|move|p1a: Landorus|Gravity|p1a: Landorus
|-fieldstart|move: Gravity
|
|-status|p2a: Gliscor|tox|[from] item: Toxic Orb
|upkeep
|turn|7
|
|t:|1779841727
|move|p1a: Landorus|Taunt|p2a: Gliscor
|-start|p2a: Gliscor|move: Taunt
|cant|p2a: Gliscor|move: Taunt|Spikes
|
|upkeep
|turn|8
|
|t:|1779841746
|switch|p1a: Hippowdon|Hippowdon, F|100/100
|-weather|Sandstorm|[from] ability: Sand Stream|[of] p1a: Hippowdon
|move|p2a: Gliscor|Knock Off|p1a: Hippowdon
|-damage|p1a: Hippowdon|89/100
|-enditem|p1a: Hippowdon|Eject Button|[from] move: Knock Off|[of] p2a: Gliscor
|
|-weather|Sandstorm|[upkeep]
|upkeep
|turn|9
|
|t:|1779841757
|switch|p1a: Deoxys|Deoxys-Speed|100/100
|-ability|p1a: Deoxys|Pressure
|move|p2a: Gliscor|U-turn|p1a: Deoxys
|-supereffective|p1a: Deoxys
|-damage|p1a: Deoxys|54/100
|
|t:|1779841762
|switch|p2a: Lokix|Lokix, F|49/100|[from] U-turn
|
|-weather|Sandstorm|[upkeep]
|-damage|p1a: Deoxys|48/100|[from] Sandstorm
|-damage|p2a: Lokix|43/100|[from] Sandstorm
|upkeep
|turn|10
|
|t:|1779841765
|switch|p1a: Landorus|Landorus-Therian, M|100/100
|-ability|p1a: Landorus|Intimidate|boost
|-unboost|p2a: Lokix|atk|1
|move|p2a: Lokix|Knock Off|p1a: Landorus
|-damage|p1a: Landorus|70/100
|-damage|p2a: Lokix|26/100|[from] item: Rocky Helmet|[of] p1a: Landorus
|-enditem|p1a: Landorus|Rocky Helmet|[from] move: Knock Off|[of] p2a: Lokix
|
|-weather|Sandstorm|[upkeep]
|-damage|p2a: Lokix|20/100|[from] Sandstorm
|-fieldend|move: Gravity
|upkeep
|turn|11
|
|t:|1779841776
|switch|p2a: Gliscor|Gliscor, F|100/100 tox
|move|p1a: Landorus|U-turn|p2a: Gliscor
|-resisted|p2a: Gliscor
|-damage|p2a: Gliscor|92/100 tox
|
|t:|1779841779
|switch|p1a: Deoxys|Deoxys-Speed|48/100|[from] U-turn
|-ability|p1a: Deoxys|Pressure
|
|-weather|Sandstorm|[upkeep]
|-damage|p1a: Deoxys|42/100|[from] Sandstorm
|-heal|p2a: Gliscor|100/100 tox|[from] ability: Poison Heal
|upkeep
|turn|12
|
|t:|1779841787
|move|p1a: Deoxys|Ice Beam|p2a: Gliscor
|-supereffective|p2a: Gliscor
|-damage|p2a: Gliscor|7/100 tox
|move|p2a: Gliscor|U-turn|p1a: Deoxys
|-supereffective|p1a: Deoxys
|-damage|p1a: Deoxys|0 fnt
|faint|p1a: Deoxys
|
|t:|1779841798
|switch|p2a: Latios|Latios, M|100/100|[from] U-turn
|
|-weather|none
|upkeep
|
|t:|1779841802
|switch|p1a: Tyranitar|Tyranitar, M|100/100
|-weather|Sandstorm|[from] ability: Sand Stream|[of] p1a: Tyranitar
|turn|13
|
|t:|1779841806
|move|p2a: Latios|Flip Turn|p1a: Tyranitar
|-supereffective|p1a: Tyranitar
|-damage|p1a: Tyranitar|79/100
|-enditem|p1a: Tyranitar|Eject Button
|
|t:|1779841811
|switch|p1a: Excadrill|Excadrill, M|100/100
|
|-weather|Sandstorm|[upkeep]
|-damage|p2a: Latios|95/100|[from] Sandstorm
|upkeep
|turn|14
|
|t:|1779841815
|move|p1a: Excadrill|Iron Head|p2a: Latios
|-damage|p2a: Latios|0 fnt
|faint|p2a: Latios
|
|-weather|Sandstorm|[upkeep]
|upkeep
|
|t:|1779841823
|switch|p2a: Pecharunt|Pecharunt|100/100
|turn|15
|
|t:|1779841829
|switch|p1a: Tyranitar|Tyranitar, M|79/100
|-terastallize|p2a: Pecharunt|Dark
|move|p2a: Pecharunt|Foul Play|p1a: Tyranitar
|-resisted|p1a: Tyranitar
|-damage|p1a: Tyranitar|60/100
|
|-weather|Sandstorm|[upkeep]
|-damage|p2a: Pecharunt|94/100|[from] Sandstorm
|upkeep
|turn|16
|
|t:|1779841836
|move|p2a: Pecharunt|Malignant Chain|p1a: Tyranitar
|-resisted|p1a: Tyranitar
|-damage|p1a: Tyranitar|52/100
|move|p1a: Tyranitar|Stealth Rock|p2a: Pecharunt
|-sidestart|p2: gyhe|move: Stealth Rock
|
|-weather|Sandstorm|[upkeep]
|-damage|p2a: Pecharunt|88/100|[from] Sandstorm
|upkeep
|turn|17
|
|t:|1779841856
|move|p2a: Pecharunt|Foul Play|p1a: Tyranitar
|-resisted|p1a: Tyranitar
|-damage|p1a: Tyranitar|30/100
|move|p1a: Tyranitar|Stone Edge|p2a: Pecharunt
|-damage|p2a: Pecharunt|65/100
|
|-weather|none
|upkeep
|turn|18
|
|t:|1779841862
|switch|p1a: Hippowdon|Hippowdon, F|89/100
|-weather|Sandstorm|[from] ability: Sand Stream|[of] p1a: Hippowdon
|move|p2a: Pecharunt|Foul Play|p1a: Hippowdon
|-damage|p1a: Hippowdon|70/100
|
|-weather|Sandstorm|[upkeep]
|-damage|p2a: Pecharunt|59/100|[from] Sandstorm
|upkeep
|turn|19
|
|t:|1779841869
|move|p2a: Pecharunt|Recover|p2a: Pecharunt
|-heal|p2a: Pecharunt|100/100
|move|p1a: Hippowdon|Roar|p2a: Pecharunt
|drag|p2a: Lokix|Lokix, F|20/100
|
|-weather|Sandstorm|[upkeep]
|-damage|p2a: Lokix|14/100|[from] Sandstorm
|upkeep
|turn|20
|
|t:|1779841878
|move|p2a: Lokix|U-turn|p1a: Hippowdon
|-damage|p1a: Hippowdon|53/100
|
|t:|1779841882
|switch|p2a: Gliscor|Gliscor, F|7/100 tox|[from] U-turn
|-damage|p2a: Gliscor|0 fnt|[from] Stealth Rock
|faint|p2a: Gliscor
|move|p1a: Hippowdon|Earthquake|p2: Gliscor|[notarget]
|-fail|p1a: Hippowdon
|
|-weather|Sandstorm|[upkeep]
|upkeep
|
|t:|1779841886
|switch|p2a: Pecharunt|Pecharunt, tera:Dark|100/100
|turn|21
|
|t:|1779841898
|move|p2a: Pecharunt|Malignant Chain|p1a: Hippowdon
|-resisted|p1a: Hippowdon
|-damage|p1a: Hippowdon|37/100
|move|p1a: Hippowdon|Slack Off|p1a: Hippowdon
|-heal|p1a: Hippowdon|87/100
|
|-weather|Sandstorm|[upkeep]
|-damage|p2a: Pecharunt|94/100|[from] Sandstorm
|upkeep
|turn|22
|
|t:|1779841913
|move|p2a: Pecharunt|Foul Play|p1a: Hippowdon
|-damage|p1a: Hippowdon|68/100
|move|p1a: Hippowdon|Roar|p2a: Pecharunt
|drag|p2a: Zamazenta|Zamazenta|100/100
|
|-weather|none
|upkeep
|turn|23
|
|t:|1779841918
|switch|p2a: Pecharunt|Pecharunt, tera:Dark|94/100
|move|p1a: Hippowdon|Roar|p2a: Pecharunt
|drag|p2a: Zamazenta|Zamazenta|100/100
|
|upkeep
|turn|24
|
|t:|1779841924
|switch|p2a: Pecharunt|Pecharunt, tera:Dark|94/100
|move|p1a: Hippowdon|Slack Off|p1a: Hippowdon
|-heal|p1a: Hippowdon|100/100
|
|upkeep
|turn|25
|
|t:|1779841927
|move|p2a: Pecharunt|Malignant Chain|p1a: Hippowdon
|-resisted|p1a: Hippowdon
|-damage|p1a: Hippowdon|85/100
|-status|p1a: Hippowdon|tox
|-start|p1a: Hippowdon|confusion|[from] ability: Poison Puppeteer|[of] p2a: Pecharunt
|-activate|p1a: Hippowdon|confusion
|move|p1a: Hippowdon|Earthquake|p2a: Pecharunt
|-damage|p2a: Pecharunt|75/100
|
|-damage|p1a: Hippowdon|79/100 tox|[from] psn
|upkeep
|turn|26
|
|t:|1779841932
|switch|p1a: Tyranitar|Tyranitar, M|30/100
|-weather|Sandstorm|[from] ability: Sand Stream|[of] p1a: Tyranitar
|move|p2a: Pecharunt|Recover|p2a: Pecharunt
|-heal|p2a: Pecharunt|100/100
|
|-weather|Sandstorm|[upkeep]
|-damage|p2a: Pecharunt|94/100|[from] Sandstorm
|upkeep
|turn|27
|
|t:|1779841945
|move|p2a: Pecharunt|Foul Play|p1a: Tyranitar
|-resisted|p1a: Tyranitar
|-damage|p1a: Tyranitar|8/100
|move|p1a: Tyranitar|Stone Edge|p2a: Pecharunt|[miss]
|-miss|p1a: Tyranitar|p2a: Pecharunt
|
|-weather|Sandstorm|[upkeep]
|-damage|p2a: Pecharunt|88/100|[from] Sandstorm
|upkeep
|turn|28
|
|t:|1779841948
|move|p2a: Pecharunt|Foul Play|p1a: Tyranitar
|-resisted|p1a: Tyranitar
|-damage|p1a: Tyranitar|0 fnt
|faint|p1a: Tyranitar
|
|-weather|Sandstorm|[upkeep]
|-damage|p2a: Pecharunt|82/100|[from] Sandstorm
|upkeep
|
|t:|1779841950
|switch|p1a: Excadrill|Excadrill, M|100/100
|turn|29
|
|t:|1779841973
|switch|p2a: Lokix|Lokix, F|14/100
|-terastallize|p1a: Excadrill|Ground
|move|p1a: Excadrill|Earthquake|p2a: Lokix
|-resisted|p2a: Lokix
|-damage|p2a: Lokix|0 fnt
|faint|p2a: Lokix
|
|-weather|Sandstorm|[upkeep]
|upkeep
|
|t:|1779841980
|switch|p2a: Zamazenta|Zamazenta|100/100
|turn|30
|
|t:|1779841985
|move|p1a: Excadrill|Earthquake|p2a: Zamazenta
|-damage|p2a: Zamazenta|0 fnt
|faint|p2a: Zamazenta
|
|-weather|none
|upkeep
|
|t:|1779841988
|switch|p2a: Pecharunt|Pecharunt, tera:Dark|82/100
|turn|31
|
|t:|1779841995
|move|p1a: Excadrill|Earthquake|p2a: Pecharunt
|-damage|p2a: Pecharunt|29/100
|move|p2a: Pecharunt|Malignant Chain|p1a: Excadrill
|-resisted|p1a: Excadrill
|-damage|p1a: Excadrill|78/100
|
|upkeep
|turn|32
|
|t:|1779842000
|move|p1a: Excadrill|Earthquake|p2a: Pecharunt
|-damage|p2a: Pecharunt|0 fnt
|faint|p2a: Pecharunt
|
|win|maxcondones
|raw|maxcondones's rating: 1607 &rarr; <strong>1625</strong><br />(+18 for winning)
|raw|gyhe's rating: 1572 &rarr; <strong>1554</strong><br />(-18 for losing)
