|j|☆greg kovacs
|j|☆shawiwi
|t:|1779943195
|gametype|singles
|player|p1|greg kovacs|blackbelt|1082
|player|p2|shawiwi|giovanni|1060
|gen|9
|tier|[Gen 9] OU
|rated|
|rule|HP Percentage Mod: HP is shown in percentages
|rule|Endless Battle Clause: Forcing endless battles is banned
|rule|Species Clause: Limit one of each Pokémon
|rule|OHKO Clause: OHKO moves are banned
|rule|Evasion Items Clause: Evasion items are banned
|rule|Evasion Moves Clause: Evasion moves are banned
|rule|Evasion Abilities Clause: Evasion abilities are banned
|rule|Sleep Moves Clause: Sleep-inducing moves are banned
|clearpoke
|poke|p1|Regirock|
|poke|p1|Avalugg, M|
|poke|p1|Cloyster, M|
|poke|p1|Bastiodon, M|
|poke|p1|Deoxys-Defense|
|poke|p1|Toxapex, F|
|poke|p2|Cinderace, M|
|poke|p2|Latias, F|
|poke|p2|Ogerpon-Wellspring, F|
|poke|p2|Ninetales-Alola, F|
|poke|p2|Corviknight, M|
|poke|p2|Dragonite, M|
|teampreview
|inactive|Battle timer is ON: inactive players will automatically lose when time's up. (requested by shawiwi)
|
|t:|1779943209
|teamsize|p1|6
|teamsize|p2|6
|start
|switch|p1a: Regirock|Regirock, shiny|100/100
|switch|p2a: Monkey D.|Cinderace, M, shiny|100/100
|turn|1
|
|t:|1779943236
|move|p2a: Monkey D.|High Jump Kick|p1a: Regirock
|-start|p2a: Monkey D.|typechange|Fighting|[from] ability: Libero
|-supereffective|p1a: Regirock
|-damage|p1a: Regirock|49/100
|move|p1a: Regirock|Stone Edge|p2a: Monkey D.|[miss]
|-miss|p1a: Regirock|p2a: Monkey D.
|
|upkeep
|turn|2
|inactive|greg kovacs has 120 seconds left.
|
|t:|1779943265
|-terastallize|p1a: Regirock|Ghost
|move|p2a: Monkey D.|High Jump Kick|p1a: Regirock
|-immune|p1a: Regirock
|-damage|p2a: Monkey D.|51/100|[from] highjumpkick
|move|p1a: Regirock|Earthquake|p2a: Monkey D.
|-damage|p2a: Monkey D.|18/100
|
|upkeep
|turn|3
|
|t:|1779943279
|move|p2a: Monkey D.|U-turn|p1a: Regirock
|-resisted|p1a: Regirock
|-damage|p1a: Regirock|45/100
|
|t:|1779943286
|switch|p2a: Latias|Latias, F|100/100|[from] U-turn
|move|p1a: Regirock|Earthquake|p2a: Latias
|-immune|p2a: Latias|[from] ability: Levitate
|
|upkeep
|turn|4
|
|t:|1779943296
|move|p2a: Latias|Calm Mind|p2a: Latias
|-boost|p2a: Latias|spa|1
|-boost|p2a: Latias|spd|1
|move|p1a: Regirock|Stone Edge|p2a: Latias|[miss]
|-miss|p1a: Regirock|p2a: Latias
|
|upkeep
|turn|5
|
|t:|1779943307
|move|p2a: Latias|Psychic|p1a: Regirock
|-damage|p1a: Regirock|0 fnt
|faint|p1a: Regirock
|
|upkeep
|inactive|greg kovacs has 120 seconds left.
|
|t:|1779943317
|switch|p1a: Deoxys|Deoxys-Defense|100/100
|-ability|p1a: Deoxys|Pressure
|turn|6
|inactive|greg kovacs has 120 seconds left.
|
|t:|1779943330
|switch|p1a: Avalugg|Avalugg, M|100/100
|move|p2a: Latias|Calm Mind|p2a: Latias
|-boost|p2a: Latias|spa|1
|-boost|p2a: Latias|spd|1
|
|upkeep
|turn|7
|
|t:|1779943338
|move|p2a: Latias|Aura Sphere|p1a: Avalugg
|-supereffective|p1a: Avalugg
|-damage|p1a: Avalugg|0 fnt
|faint|p1a: Avalugg
|
|upkeep
|
|t:|1779943344
|switch|p1a: Cloyster|Cloyster, M, shiny|100/100
|turn|8
|
|t:|1779943350
|move|p2a: Latias|Aura Sphere|p1a: Cloyster
|-supereffective|p1a: Cloyster
|-damage|p1a: Cloyster|0 fnt
|faint|p1a: Cloyster
|
|upkeep
|
|t:|1779943356
|switch|p1a: Bastiodon|Bastiodon, M, shiny|100/100
|turn|9
|
|t:|1779943364
|move|p2a: Latias|Aura Sphere|p1a: Bastiodon
|-supereffective|p1a: Bastiodon
|-damage|p1a: Bastiodon|0 fnt
|faint|p1a: Bastiodon
|
|upkeep
|
|t:|1779943369
|switch|p1a: Deoxys|Deoxys-Defense|100/100
|-ability|p1a: Deoxys|Pressure
|turn|10
|
|t:|1779943384
|move|p2a: Latias|Calm Mind|p2a: Latias
|-boost|p2a: Latias|spa|1
|-boost|p2a: Latias|spd|1
|move|p1a: Deoxys|Future Sight|p2a: Latias
|-start|p1a: Deoxys|move: Future Sight
|
|upkeep
|turn|11
|
|t:|1779943389
|move|p2a: Latias|Psychic|p1a: Deoxys
|-resisted|p1a: Deoxys
|-damage|p1a: Deoxys|58/100
|move|p1a: Deoxys|Psychic|p2a: Latias
|-resisted|p2a: Latias
|-damage|p2a: Latias|97/100
|
|upkeep
|turn|12
|
|t:|1779943396
|move|p2a: Latias|Psychic|p1a: Deoxys
|-resisted|p1a: Deoxys
|-damage|p1a: Deoxys|15/100
|-enditem|p1a: Deoxys|Ganlon Berry|[eat]
|-boost|p1a: Deoxys|def|1|[from] item: Ganlon Berry
|move|p1a: Deoxys|Psychic|p2a: Latias
|-resisted|p2a: Latias
|-damage|p2a: Latias|93/100
|
|-end|p2a: Latias|move: Future Sight
|-resisted|p2a: Latias
|-damage|p2a: Latias|88/100
|upkeep
|turn|13
|
|t:|1779943408
|move|p2a: Latias|Psychic|p1a: Deoxys
|-resisted|p1a: Deoxys
|-crit|p1a: Deoxys
|-damage|p1a: Deoxys|0 fnt
|faint|p1a: Deoxys
|
|upkeep
|
|t:|1779943412
|switch|p1a: Toxapex|Toxapex, F|100/100
|turn|14
|
|t:|1779943421
|move|p2a: Latias|Psychic|p1a: Toxapex
|-supereffective|p1a: Toxapex
|-damage|p1a: Toxapex|0 fnt
|faint|p1a: Toxapex
|
|win|shawiwi
|raw|greg kovacs's rating: 1082 &rarr; <strong>1058</strong><br />(-24 for losing)
|raw|shawiwi's rating: 1060 &rarr; <strong>1093</strong><br />(+33 for winning)
|l|☆shawiwi
|player|p2|
|c|☆greg kovacs|gg
|l|☆greg kovacs
|player|p1|
