|j|☆menma0823
|j|☆cpapi123
|t:|1779804753
|gametype|singles
|player|p1|menma0823|1|1102
|player|p2|cpapi123|alder|1103
|gen|9
|tier|[Gen 9] OU
|rated|
|rule|HP Percentage Mod: HP is shown in percentages
|rule|Endless Battle Clause: Forcing endless battles is banned
|rule|Species Clause: Limit one of each Pokémon
|rule|OHKO Clause: OHKO moves are banned
|rule|Evasion Items Clause: Evasion items are banned
|rule|Evasion Moves Clause: Evasion moves are banned
|rule|Evasion Abilities Clause: Evasion abilities are banned
|rule|Sleep Moves Clause: Sleep-inducing moves are banned
|clearpoke
|poke|p1|Landorus-Therian, M|
|poke|p1|Venusaur, F|
|poke|p1|Pikachu-Alola, M|
|poke|p1|Quaquaval, F|
|poke|p1|Sableye, F|
|poke|p1|Torkoal, M|
|poke|p2|Gliscor, F|
|poke|p2|Thundurus, M|
|poke|p2|Gholdengo|
|poke|p2|Tyranitar, M|
|poke|p2|Clefable, M|
|poke|p2|Garchomp, F|
|teampreview
|inactive|Battle timer is ON: inactive players will automatically lose when time's up. (requested by cpapi123)
|inactive|cpapi123 has 120 seconds left.
|
|t:|1779804786
|teamsize|p1|6
|teamsize|p2|6
|start
|switch|p1a: Landorus|Landorus-Therian, M, shiny|100/100
|switch|p2a: Clefable|Clefable, M|100/100
|-ability|p1a: Landorus|Intimidate|boost
|-unboost|p2a: Clefable|atk|1
|turn|1
|
|t:|1779804796
|move|p1a: Landorus|Swords Dance|p1a: Landorus
|-boost|p1a: Landorus|atk|2
|move|p2a: Clefable|Reflect|p2a: Clefable
|-sidestart|p2: cpapi123|Reflect
|
|upkeep
|turn|2
|
|t:|1779804802
|move|p1a: Landorus|Swords Dance|p1a: Landorus
|-boost|p1a: Landorus|atk|2
|move|p2a: Clefable|Encore|p1a: Landorus
|-start|p1a: Landorus|Encore
|
|upkeep
|turn|3
|
|t:|1779804821
|switch|p2a: Tyranitar|Tyranitar, M|100/100
|-weather|Sandstorm|[from] ability: Sand Stream|[of] p2a: Tyranitar
|-item|p2a: Tyranitar|Air Balloon
|move|p1a: Landorus|Swords Dance|p1a: Landorus
|-boost|p1a: Landorus|atk|2
|
|-weather|Sandstorm|[upkeep]
|upkeep
|turn|4
|
|t:|1779804833
|-terastallize|p1a: Landorus|Steel
|move|p1a: Landorus|Swords Dance|p1a: Landorus
|-boost|p1a: Landorus|atk|0
|move|p2a: Tyranitar|Rock Slide|p1a: Landorus
|-resisted|p1a: Landorus
|-damage|p1a: Landorus|75/100
|
|-weather|Sandstorm|[upkeep]
|upkeep
|turn|5
|
|t:|1779804843
|move|p1a: Landorus|Swords Dance|p1a: Landorus
|-boost|p1a: Landorus|atk|0
|move|p2a: Tyranitar|Earthquake|p1a: Landorus
|-supereffective|p1a: Landorus
|-damage|p1a: Landorus|0 fnt
|faint|p1a: Landorus
|
|-weather|Sandstorm|[upkeep]
|-sideend|p2: cpapi123|Reflect
|upkeep
|
|t:|1779804858
|switch|p1a: Quaquaval|Quaquaval, F, shiny|100/100
|turn|6
|
|t:|1779804869
|switch|p2a: Clefable|Clefable, M|100/100
|move|p1a: Quaquaval|Aqua Step|p2a: Clefable
|-damage|p2a: Clefable|56/100
|-boost|p1a: Quaquaval|spe|1
|
|-weather|Sandstorm|[upkeep]
|-damage|p1a: Quaquaval|94/100|[from] Sandstorm
|-damage|p2a: Clefable|49/100|[from] Sandstorm
|-heal|p2a: Clefable|56/100|[from] item: Leftovers
|upkeep
|turn|7
|
|t:|1779804884
|move|p1a: Quaquaval|Aqua Step|p2a: Clefable
|-damage|p2a: Clefable|13/100
|-boost|p1a: Quaquaval|spe|1
|move|p2a: Clefable|Reflect|p2a: Clefable
|-sidestart|p2: cpapi123|Reflect
|
|-weather|none
|-heal|p2a: Clefable|19/100|[from] item: Leftovers
|upkeep
|turn|8
|
|t:|1779804898
|switch|p2a: Garchomp|Garchomp, F|100/100
|move|p1a: Quaquaval|Aqua Step|p2a: Garchomp
|-damage|p2a: Garchomp|79/100
|-boost|p1a: Quaquaval|spe|1
|-damage|p1a: Quaquaval|82/100|[from] ability: Rough Skin|[of] p2a: Garchomp
|-damage|p1a: Quaquaval|65/100|[from] item: Rocky Helmet|[of] p2a: Garchomp
|
|upkeep
|turn|9
|
|t:|1779804911
|move|p1a: Quaquaval|Swords Dance|p1a: Quaquaval
|-boost|p1a: Quaquaval|atk|2
|move|p2a: Garchomp|Swords Dance|p2a: Garchomp
|-boost|p2a: Garchomp|atk|2
|
|upkeep
|turn|10
|
|t:|1779804919
|move|p1a: Quaquaval|Close Combat|p2a: Garchomp
|-damage|p2a: Garchomp|21/100
|-unboost|p1a: Quaquaval|def|1
|-unboost|p1a: Quaquaval|spd|1
|-damage|p1a: Quaquaval|53/100|[from] ability: Rough Skin|[of] p2a: Garchomp
|-damage|p1a: Quaquaval|36/100|[from] item: Rocky Helmet|[of] p2a: Garchomp
|move|p2a: Garchomp|Dragon Claw|p1a: Quaquaval
|-damage|p1a: Quaquaval|0 fnt
|faint|p1a: Quaquaval
|
|upkeep
|
|t:|1779804932
|switch|p1a: Pikachu|Pikachu-Alola, M|100/100
|turn|11
|
|t:|1779804940
|move|p2a: Garchomp|Earthquake|p1a: Pikachu
|-supereffective|p1a: Pikachu
|-damage|p1a: Pikachu|0 fnt
|faint|p1a: Pikachu
|
|-sideend|p2: cpapi123|Reflect
|upkeep
|
|t:|1779804948
|switch|p1a: Sableye|Sableye, F, shiny|100/100
|turn|12
|
|t:|1779804959
|move|p2a: Garchomp|Earthquake|p1a: Sableye
|-damage|p1a: Sableye|0 fnt
|faint|p1a: Sableye
|
|upkeep
|
|t:|1779804964
|switch|p1a: Torkoal|Torkoal, M, shiny|100/100
|-weather|SunnyDay|[from] ability: Drought|[of] p1a: Torkoal
|turn|13
|
|t:|1779804974
|move|p2a: Garchomp|Earthquake|p1a: Torkoal
|-supereffective|p1a: Torkoal
|-damage|p1a: Torkoal|0 fnt
|faint|p1a: Torkoal
|
|-weather|SunnyDay|[upkeep]
|upkeep
|
|t:|1779804981
|switch|p1a: Venusaur|Venusaur, F, shiny|100/100
|turn|14
|
|t:|1779804986
|move|p1a: Venusaur|Solar Beam||[still]
|-prepare|p1a: Venusaur|Solar Beam
|-anim|p1a: Venusaur|Solar Beam|p2a: Garchomp
|-damage|p2a: Garchomp|0 fnt
|faint|p2a: Garchomp
|-damage|p1a: Venusaur|91/100|[from] item: Life Orb
|
|-weather|SunnyDay|[upkeep]
|upkeep
|
|t:|1779804993
|switch|p2a: Thundurus|Thundurus, M|100/100
|turn|15
|
|t:|1779805001
|move|p1a: Venusaur|Sludge Bomb|p2a: Thundurus
|-damage|p2a: Thundurus|28/100
|-damage|p1a: Venusaur|81/100|[from] item: Life Orb
|move|p2a: Thundurus|Nasty Plot|p2a: Thundurus
|-boost|p2a: Thundurus|spa|2
|
|-weather|SunnyDay|[upkeep]
|-heal|p2a: Thundurus|34/100|[from] item: Leftovers
|upkeep
|turn|16
|
|t:|1779805011
|move|p1a: Venusaur|Sludge Bomb|p2a: Thundurus
|-damage|p2a: Thundurus|0 fnt
|faint|p2a: Thundurus
|-damage|p1a: Venusaur|71/100|[from] item: Life Orb
|
|-weather|SunnyDay|[upkeep]
|upkeep
|
|t:|1779805024
|switch|p2a: Gliscor|Gliscor, F, shiny|100/100
|turn|17
|
|t:|1779805029
|-terastallize|p2a: Gliscor|Water
|move|p1a: Venusaur|Solar Beam||[still]
|-prepare|p1a: Venusaur|Solar Beam
|-anim|p1a: Venusaur|Solar Beam|p2a: Gliscor
|-supereffective|p2a: Gliscor
|-damage|p2a: Gliscor|0 fnt
|faint|p2a: Gliscor
|-damage|p1a: Venusaur|61/100|[from] item: Life Orb
|
|-weather|none
|upkeep
|
|t:|1779805039
|switch|p2a: Clefable|Clefable, M|19/100
|turn|18
|
|t:|1779805046
|move|p1a: Venusaur|Earth Power|p2a: Clefable
|-damage|p2a: Clefable|0 fnt
|faint|p2a: Clefable
|-damage|p1a: Venusaur|51/100|[from] item: Life Orb
|
|upkeep
|
|t:|1779805067
|switch|p2a: Tyranitar|Tyranitar, M|100/100
|-weather|Sandstorm|[from] ability: Sand Stream|[of] p2a: Tyranitar
|-item|p2a: Tyranitar|Air Balloon
|turn|19
|
|t:|1779805075
|move|p1a: Venusaur|Giga Drain|p2a: Tyranitar
|-supereffective|p2a: Tyranitar
|-damage|p2a: Tyranitar|50/100
|-heal|p1a: Venusaur|85/100|[from] drain|[of] p2a: Tyranitar
|-enditem|p2a: Tyranitar|Air Balloon
|-damage|p1a: Venusaur|75/100|[from] item: Life Orb
|move|p2a: Tyranitar|Crunch|p1a: Venusaur
|-damage|p1a: Venusaur|14/100
|-unboost|p1a: Venusaur|def|1
|
|-weather|Sandstorm|[upkeep]
|-damage|p1a: Venusaur|8/100|[from] Sandstorm
|upkeep
|turn|20
|
|t:|1779805088
|move|p2a: Tyranitar|Protect|p2a: Tyranitar
|-singleturn|p2a: Tyranitar|Protect
|move|p1a: Venusaur|Giga Drain|p2a: Tyranitar
|-activate|p2a: Tyranitar|move: Protect
|
|-weather|Sandstorm|[upkeep]
|-damage|p1a: Venusaur|2/100|[from] Sandstorm
|upkeep
|turn|21
|
|t:|1779805106
|switch|p2a: Gholdengo|Gholdengo|100/100
|move|p1a: Venusaur|Giga Drain|p2a: Gholdengo
|-resisted|p2a: Gholdengo
|-damage|p2a: Gholdengo|80/100
|-heal|p1a: Venusaur|15/100|[from] drain|[of] p2a: Gholdengo
|-damage|p1a: Venusaur|5/100|[from] item: Life Orb
|
|-weather|Sandstorm|[upkeep]
|-damage|p1a: Venusaur|0 fnt|[from] Sandstorm
|faint|p1a: Venusaur
|
|win|cpapi123
|raw|menma0823's rating: 1102 &rarr; <strong>1077</strong><br />(-25 for losing)
|raw|cpapi123's rating: 1103 &rarr; <strong>1128</strong><br />(+25 for winning)
|l|☆cpapi123
|player|p2|
|j|☆cpapi123
|player|p2|cpapi123|alder|
|l|☆cpapi123
|player|p2|
