|j|☆lumimimi
|j|☆zoro.d.wolf
|t:|1779851255
|gametype|singles
|player|p1|lumimimi|iris-gen5bw2|1204
|player|p2|zoro.d.wolf|1|1195
|gen|9
|tier|[Gen 9] OU
|rated|
|rule|HP Percentage Mod: HP is shown in percentages
|rule|Endless Battle Clause: Forcing endless battles is banned
|rule|Species Clause: Limit one of each Pokémon
|rule|OHKO Clause: OHKO moves are banned
|rule|Evasion Items Clause: Evasion items are banned
|rule|Evasion Moves Clause: Evasion moves are banned
|rule|Evasion Abilities Clause: Evasion abilities are banned
|rule|Sleep Moves Clause: Sleep-inducing moves are banned
|clearpoke
|poke|p1|Zamazenta-*|
|poke|p1|Deoxys-Speed|
|poke|p1|Glimmora, M|
|poke|p1|Hatterene, F|
|poke|p1|Ogerpon-Wellspring, F|
|poke|p1|Ceruledge, F|
|poke|p2|Salamence, F|
|poke|p2|Hitmontop, M|
|poke|p2|Incineroar, M|
|poke|p2|Landorus-Therian, M|
|poke|p2|Gyarados, F|
|poke|p2|Wyrdeer, F|
|teampreview
|
|t:|1779851290
|teamsize|p1|6
|teamsize|p2|6
|start
|switch|p1a: Glimmora|Glimmora, M, shiny|100/100
|switch|p2a: Incineroar|Incineroar, M|100/100
|-ability|p2a: Incineroar|Intimidate|boost
|-unboost|p1a: Glimmora|atk|1
|turn|1
|inactive|Battle timer is ON: inactive players will automatically lose when time's up. (requested by lumimimi)
|
|t:|1779851307
|move|p2a: Incineroar|Earthquake|p1a: Glimmora
|-supereffective|p1a: Glimmora
|-damage|p1a: Glimmora|0 fnt
|-activate|p1a: Glimmora|ability: Toxic Debris
|-sidestart|p2: zoro.d.wolf|move: Toxic Spikes
|faint|p1a: Glimmora
|
|upkeep
|inactive|lumimimi has 120 seconds left.
|
|t:|1779851338
|switch|p1a: Ogerpon|Ogerpon-Wellspring, F|100/100
|turn|2
|
|t:|1779851346
|switch|p2a: Wyrdeer|Wyrdeer, F|100/100
|-status|p2a: Wyrdeer|psn
|-ability|p2a: Wyrdeer|Intimidate|boost
|-unboost|p1a: Ogerpon|atk|1
|move|p1a: Ogerpon|Swords Dance|p1a: Ogerpon
|-boost|p1a: Ogerpon|atk|2
|
|-damage|p2a: Wyrdeer|88/100 psn|[from] psn
|upkeep
|turn|3
|
|t:|1779851356
|move|p2a: Wyrdeer|Trick||[still]
|-fail|p2a: Wyrdeer
|move|p1a: Ogerpon|Ivy Cudgel|p2a: Wyrdeer|[anim] Ivy Cudgel Water
|-damage|p2a: Wyrdeer|0 fnt
|faint|p2a: Wyrdeer
|
|upkeep
|l|☆zoro.d.wolf
|inactive|zoro.d.wolf disconnected and has a minute to reconnect!
|player|p2|
|inactive|zoro.d.wolf has 30 seconds to reconnect!
|inactive|zoro.d.wolf has 20 seconds to reconnect!
|inactive|zoro.d.wolf has 15 seconds to reconnect!
|j|☆zoro.d.wolf
|inactive|zoro.d.wolf reconnected and has 95 seconds left.
|player|p2|zoro.d.wolf|1|
|inactive|zoro.d.wolf has 90 seconds left.
|
|t:|1779851438
|switch|p2a: Hitmontop|Hitmontop, M|100/100
|-ability|p2a: Hitmontop|Intimidate|boost
|-unboost|p1a: Ogerpon|atk|1
|turn|4
|
|t:|1779851446
|switch|p1a: Deoxys|Deoxys-Speed, shiny|100/100
|-ability|p1a: Deoxys|Pressure
|move|p2a: Hitmontop|Low Sweep|p1a: Deoxys
|-resisted|p1a: Deoxys
|-damage|p1a: Deoxys|87/100
|-unboost|p1a: Deoxys|spe|1
|
|upkeep
|turn|5
|
|t:|1779851454
|move|p1a: Deoxys|Reflect|p1a: Deoxys
|-sidestart|p1: lumimimi|Reflect
|move|p2a: Hitmontop|Rapid Spin|p1a: Deoxys
|-damage|p1a: Deoxys|80/100
|-boost|p2a: Hitmontop|spe|1
|-sideend|p2: zoro.d.wolf|Toxic Spikes|[from] move: Rapid Spin|[of] p2a: Hitmontop
|
|upkeep
|turn|6
|
|t:|1779851463
|switch|p2a: Incineroar|Incineroar, M|100/100
|-ability|p2a: Incineroar|Intimidate|boost
|-unboost|p1a: Deoxys|atk|1
|move|p1a: Deoxys|Psycho Boost|p2a: Incineroar
|-immune|p2a: Incineroar
|
|upkeep
|turn|7
|inactive|zoro.d.wolf has 90 seconds left.
|
|t:|1779851474
|switch|p1a: Hatterene|Hatterene, F|100/100
|move|p2a: Incineroar|U-turn|p1a: Hatterene
|-damage|p1a: Hatterene|92/100
|-enditem|p1a: Hatterene|Eject Button
|
|t:|1779851492
|switch|p1a: Ogerpon|Ogerpon-Wellspring, F|100/100
|
|upkeep
|turn|8
|
|t:|1779851501
|-terastallize|p1a: Ogerpon|Water
|detailschange|p1a: Ogerpon|Ogerpon-Wellspring-Tera, F, tera:Water
|-ability|p1a: Ogerpon|Embody Aspect (Wellspring)|boost
|-boost|p1a: Ogerpon|spd|1
|move|p2a: Incineroar|U-turn|p1a: Ogerpon
|-damage|p1a: Ogerpon|85/100
|
|t:|1779851507
|switch|p2a: Hitmontop|Hitmontop, M|100/100|[from] U-turn
|-ability|p2a: Hitmontop|Intimidate|boost
|-unboost|p1a: Ogerpon|atk|1
|move|p1a: Ogerpon|Swords Dance|p1a: Ogerpon
|-boost|p1a: Ogerpon|atk|2
|
|upkeep
|turn|9
|
|t:|1779851517
|move|p1a: Ogerpon|Play Rough|p2a: Hitmontop
|-supereffective|p2a: Hitmontop
|-damage|p2a: Hitmontop|0 fnt
|faint|p2a: Hitmontop
|
|upkeep
|
|t:|1779851523
|switch|p2a: Incineroar|Incineroar, M|100/100
|-ability|p2a: Incineroar|Intimidate|boost
|-unboost|p1a: Ogerpon|atk|1
|turn|10
|
|t:|1779851530
|move|p2a: Incineroar|U-turn|p1a: Ogerpon
|-damage|p1a: Ogerpon|69/100
|
|t:|1779851533
|switch|p2a: Landorus|Landorus-Therian, M|100/100|[from] U-turn
|-ability|p2a: Landorus|Intimidate|boost
|-unboost|p1a: Ogerpon|atk|1
|move|p1a: Ogerpon|Swords Dance|p1a: Ogerpon
|-boost|p1a: Ogerpon|atk|2
|
|upkeep
|turn|11
|inactive|zoro.d.wolf has 120 seconds left.
|
|t:|1779851543
|move|p1a: Ogerpon|Trailblaze|p2a: Landorus
|-damage|p2a: Landorus|53/100
|-boost|p1a: Ogerpon|spe|1
|-damage|p1a: Ogerpon|52/100|[from] item: Rocky Helmet|[of] p2a: Landorus
|move|p2a: Landorus|U-turn|p1a: Ogerpon
|-damage|p1a: Ogerpon|38/100
|
|t:|1779851552
|switch|p2a: Incineroar|Incineroar, M|100/100|[from] U-turn
|-ability|p2a: Incineroar|Intimidate|boost
|-unboost|p1a: Ogerpon|atk|1
|
|upkeep
|turn|12
|inactive|zoro.d.wolf has 120 seconds left.
|
|t:|1779851561
|move|p1a: Ogerpon|Ivy Cudgel|p2a: Incineroar|[anim] Ivy Cudgel Water
|-supereffective|p2a: Incineroar
|-damage|p2a: Incineroar|0 fnt
|faint|p2a: Incineroar
|
|-sideend|p1: lumimimi|Reflect
|upkeep
|inactive|zoro.d.wolf has 120 seconds left.
|
|t:|1779851568
|switch|p2a: Landorus|Landorus-Therian, M|53/100
|-ability|p2a: Landorus|Intimidate|boost
|-unboost|p1a: Ogerpon|atk|1
|turn|13
|inactive|zoro.d.wolf has 120 seconds left.
|
|t:|1779851583
|-terastallize|p2a: Landorus|Water
|move|p1a: Ogerpon|Ivy Cudgel|p2a: Landorus|[anim] Ivy Cudgel Water
|-resisted|p2a: Landorus
|-damage|p2a: Landorus|27/100
|move|p2a: Landorus|Earthquake|p1a: Ogerpon
|-damage|p1a: Ogerpon|0 fnt
|faint|p1a: Ogerpon
|detailschange|p1: Ogerpon|Ogerpon-Wellspring, F|[silent]
|
|upkeep
|
|t:|1779851592
|switch|p1a: Deoxys|Deoxys-Speed, shiny|80/100
|-ability|p1a: Deoxys|Pressure
|turn|14
|
|t:|1779851598
|move|p1a: Deoxys|Reflect|p1a: Deoxys
|-sidestart|p1: lumimimi|Reflect
|move|p2a: Landorus|U-turn|p1a: Deoxys
|-supereffective|p1a: Deoxys
|-damage|p1a: Deoxys|50/100
|
|t:|1779851603
|switch|p2a: Salamence|Salamence, F|100/100|[from] U-turn
|-ability|p2a: Salamence|Intimidate|boost
|-unboost|p1a: Deoxys|atk|1
|
|upkeep
|turn|15
|
|t:|1779851606
|switch|p2a: Landorus|Landorus-Therian, M, tera:Water|27/100
|-ability|p2a: Landorus|Intimidate|boost
|-unboost|p1a: Deoxys|atk|1
|move|p1a: Deoxys|Taunt|p2a: Landorus
|-start|p2a: Landorus|move: Taunt
|
|upkeep
|turn|16
|
|t:|1779851616
|move|p1a: Deoxys|Psycho Boost|p2a: Landorus
|-damage|p2a: Landorus|0 fnt
|-unboost|p1a: Deoxys|spa|2
|faint|p2a: Landorus
|
|upkeep
|
|t:|1779851623
|switch|p2a: Salamence|Salamence, F|100/100
|-ability|p2a: Salamence|Intimidate|boost
|-unboost|p1a: Deoxys|atk|1
|turn|17
|
|t:|1779851629
|move|p1a: Deoxys|Taunt|p2a: Salamence
|-start|p2a: Salamence|move: Taunt
|move|p2a: Salamence|Hurricane|p1a: Deoxys
|-damage|p1a: Deoxys|0 fnt
|faint|p1a: Deoxys
|
|upkeep
|
|t:|1779851636
|switch|p1a: Hatterene|Hatterene, F|92/100
|turn|18
|
|t:|1779851640
|move|p2a: Salamence|Hurricane|p1a: Hatterene
|-damage|p1a: Hatterene|35/100
|move|p1a: Hatterene|Nuzzle|p2a: Salamence
|-damage|p2a: Salamence|96/100
|-status|p2a: Salamence|par
|
|upkeep
|turn|19
|
|t:|1779851647
|cant|p2a: Salamence|par
|move|p1a: Hatterene|Dazzling Gleam|p2a: Salamence
|-supereffective|p2a: Salamence
|-damage|p2a: Salamence|13/100 par
|
|-end|p2a: Salamence|move: Taunt
|upkeep
|turn|20
|
|t:|1779851659
|move|p2a: Salamence|Hurricane|p1a: Hatterene
|-damage|p1a: Hatterene|0 fnt
|faint|p1a: Hatterene
|
|upkeep
|
|t:|1779851664
|switch|p1a: Zamazenta|Zamazenta|100/100
|-ability|p1a: Zamazenta|Dauntless Shield|boost
|-boost|p1a: Zamazenta|def|1
|turn|21
|
|t:|1779851668
|move|p1a: Zamazenta|Ice Fang|p2a: Salamence
|-supereffective|p2a: Salamence
|-damage|p2a: Salamence|0 fnt
|faint|p2a: Salamence
|
|-sideend|p1: lumimimi|Reflect
|upkeep
|
|t:|1779851670
|switch|p2a: Gyarados|Gyarados, F|100/100
|turn|22
|
|t:|1779851674
|move|p1a: Zamazenta|Reflect|p1a: Zamazenta
|-sidestart|p1: lumimimi|Reflect
|move|p2a: Gyarados|Dragon Dance|p2a: Gyarados
|-boost|p2a: Gyarados|atk|1
|-boost|p2a: Gyarados|spe|1
|
|upkeep
|turn|23
|
|t:|1779851682
|move|p2a: Gyarados|Waterfall|p1a: Zamazenta
|-damage|p1a: Zamazenta|83/100
|cant|p1a: Zamazenta|flinch
|
|upkeep
|turn|24
|
|t:|1779851689
|move|p2a: Gyarados|Dragon Dance|p2a: Gyarados
|-boost|p2a: Gyarados|atk|1
|-boost|p2a: Gyarados|spe|1
|move|p1a: Zamazenta|Ice Fang|p2a: Gyarados
|-damage|p2a: Gyarados|78/100
|
|-heal|p2a: Gyarados|84/100|[from] item: Leftovers
|upkeep
|turn|25
|
|t:|1779851697
|move|p2a: Gyarados|Waterfall|p1a: Zamazenta
|-damage|p1a: Zamazenta|62/100
|move|p1a: Zamazenta|Ice Fang|p2a: Gyarados
|-damage|p2a: Gyarados|60/100
|
|-heal|p2a: Gyarados|66/100|[from] item: Leftovers
|upkeep
|turn|26
|
|t:|1779851715
|move|p2a: Gyarados|Substitute|p2a: Gyarados
|-start|p2a: Gyarados|Substitute
|-damage|p2a: Gyarados|41/100
|move|p1a: Zamazenta|Ice Fang|p2a: Gyarados
|-activate|p2a: Gyarados|move: Substitute|[damage]
|
|-heal|p2a: Gyarados|47/100|[from] item: Leftovers
|-sideend|p1: lumimimi|Reflect
|upkeep
|turn|27
|
|t:|1779851723
|move|p2a: Gyarados|Waterfall|p1a: Zamazenta
|-damage|p1a: Zamazenta|22/100
|move|p1a: Zamazenta|Reflect|p1a: Zamazenta
|-sidestart|p1: lumimimi|Reflect
|
|-heal|p2a: Gyarados|53/100|[from] item: Leftovers
|upkeep
|turn|28
|
|t:|1779851739
|move|p2a: Gyarados|Waterfall|p1a: Zamazenta
|-damage|p1a: Zamazenta|2/100
|move|p1a: Zamazenta|Ice Fang|p2a: Gyarados
|-end|p2a: Gyarados|Substitute
|
|-heal|p2a: Gyarados|59/100|[from] item: Leftovers
|upkeep
|turn|29
|
|t:|1779851746
|move|p2a: Gyarados|Substitute|p2a: Gyarados
|-start|p2a: Gyarados|Substitute
|-damage|p2a: Gyarados|35/100
|move|p1a: Zamazenta|Close Combat|p2a: Gyarados
|-resisted|p2a: Gyarados
|-end|p2a: Gyarados|Substitute
|-unboost|p1a: Zamazenta|def|1
|-unboost|p1a: Zamazenta|spd|1
|
|-heal|p2a: Gyarados|41/100|[from] item: Leftovers
|upkeep
|turn|30
|
|t:|1779851753
|move|p2a: Gyarados|Waterfall|p1a: Zamazenta
|-damage|p1a: Zamazenta|0 fnt
|faint|p1a: Zamazenta
|-ability|p2a: Gyarados|Moxie|boost
|-boost|p2a: Gyarados|atk|1
|
|-heal|p2a: Gyarados|47/100|[from] item: Leftovers
|upkeep
|
|t:|1779851756
|switch|p1a: Ceruledge|Ceruledge, F|100/100
|turn|31
|
|t:|1779851764
|move|p1a: Ceruledge|Shadow Sneak|p2a: Gyarados
|-damage|p2a: Gyarados|14/100
|-damage|p1a: Ceruledge|91/100|[from] item: Life Orb
|move|p2a: Gyarados|Waterfall|p1a: Ceruledge
|-supereffective|p1a: Ceruledge
|-damage|p1a: Ceruledge|0 fnt
|faint|p1a: Ceruledge
|
|win|zoro.d.wolf
|raw|lumimimi's rating: 1204 &rarr; <strong>1178</strong><br />(-26 for losing)
|raw|zoro.d.wolf's rating: 1195 &rarr; <strong>1221</strong><br />(+26 for winning)
|l|☆zoro.d.wolf
|player|p2|
|l|☆lumimimi
|player|p1|
