|j|☆sorared
|j|☆Davy12345
|t:|1779870477
|gametype|singles
|player|p1|sorared|rosa|1459
|player|p2|Davy12345|drayden|1525
|gen|9
|tier|[Gen 9] OU
|rated|
|rule|HP Percentage Mod: HP is shown in percentages
|rule|Endless Battle Clause: Forcing endless battles is banned
|rule|Species Clause: Limit one of each Pokémon
|rule|OHKO Clause: OHKO moves are banned
|rule|Evasion Items Clause: Evasion items are banned
|rule|Evasion Moves Clause: Evasion moves are banned
|rule|Evasion Abilities Clause: Evasion abilities are banned
|rule|Sleep Moves Clause: Sleep-inducing moves are banned
|clearpoke
|poke|p1|Meowscarada, F|
|poke|p1|Dragapult, M|
|poke|p1|Iron Moth|
|poke|p1|Greninja-*, M|
|poke|p1|Flygon, M|
|poke|p1|Samurott-Hisui, M|
|poke|p2|Ogerpon-Wellspring, F|
|poke|p2|Gholdengo|
|poke|p2|Raging Bolt|
|poke|p2|Kingambit, F|
|poke|p2|Zamazenta-*|
|poke|p2|Deoxys-Speed|
|teampreview
|inactive|Battle timer is ON: inactive players will automatically lose when time's up. (requested by Davy12345)
|
|t:|1779870491
|teamsize|p1|6
|teamsize|p2|6
|start
|switch|p1a: Samurott|Samurott-Hisui, M|100/100
|switch|p2a: Deoxys|Deoxys-Speed|100/100
|-ability|p2a: Deoxys|Pressure
|turn|1
|
|t:|1779870495
|move|p2a: Deoxys|Stealth Rock|p1a: Samurott
|-sidestart|p1: sorared|move: Stealth Rock
|move|p1a: Samurott|Ceaseless Edge|p2a: Deoxys|[miss]
|-miss|p1a: Samurott|p2a: Deoxys
|
|upkeep
|turn|2
|
|t:|1779870500
|move|p1a: Samurott|Aqua Jet|p2a: Deoxys
|-damage|p2a: Deoxys|76/100
|move|p2a: Deoxys|Spikes|p1a: Samurott
|-sidestart|p1: sorared|Spikes
|
|upkeep
|turn|3
|
|t:|1779870505
|move|p2a: Deoxys|Spikes|p1a: Samurott
|-sidestart|p1: sorared|Spikes
|move|p1a: Samurott|Ceaseless Edge|p2a: Deoxys
|-supereffective|p2a: Deoxys
|-damage|p2a: Deoxys|0 fnt
|-sidestart|p2: Davy12345|Spikes
|faint|p2a: Deoxys
|
|upkeep
|
|t:|1779870512
|switch|p2a: Zamazenta|Zamazenta|100/100
|-damage|p2a: Zamazenta|88/100|[from] Spikes
|-ability|p2a: Zamazenta|Dauntless Shield|boost
|-boost|p2a: Zamazenta|def|1
|turn|4
|
|t:|1779870529
|move|p2a: Zamazenta|Body Press|p1a: Samurott
|-supereffective|p1a: Samurott
|-damage|p1a: Samurott|0 fnt
|faint|p1a: Samurott
|
|-heal|p2a: Zamazenta|94/100|[from] item: Leftovers
|upkeep
|
|t:|1779870535
|switch|p1a: Iron Moth|Iron Moth|100/100
|-damage|p1a: Iron Moth|75/100|[from] Stealth Rock
|-damage|p1a: Iron Moth|59/100|[from] Spikes
|-enditem|p1a: Iron Moth|Booster Energy
|-activate|p1a: Iron Moth|ability: Quark Drive|[fromitem]
|-start|p1a: Iron Moth|quarkdrivespe
|turn|5
|
|t:|1779870551
|move|p1a: Iron Moth|Psychic|p2a: Zamazenta
|-supereffective|p2a: Zamazenta
|-damage|p2a: Zamazenta|36/100
|move|p2a: Zamazenta|Crunch|p1a: Iron Moth
|-damage|p1a: Iron Moth|19/100
|
|-heal|p2a: Zamazenta|42/100|[from] item: Leftovers
|upkeep
|turn|6
|
|t:|1779870576
|move|p1a: Iron Moth|Psychic|p2a: Zamazenta
|-supereffective|p2a: Zamazenta
|-damage|p2a: Zamazenta|0 fnt
|faint|p2a: Zamazenta
|
|upkeep
|
|t:|1779870580
|switch|p2a: Raging Bolt|Raging Bolt|100/100
|-damage|p2a: Raging Bolt|88/100|[from] Spikes
|-enditem|p2a: Raging Bolt|Booster Energy
|-activate|p2a: Raging Bolt|ability: Protosynthesis|[fromitem]
|-start|p2a: Raging Bolt|protosynthesisspa
|turn|7
|
|t:|1779870586
|move|p2a: Raging Bolt|Thunderclap|p1a: Iron Moth
|-damage|p1a: Iron Moth|0 fnt
|faint|p1a: Iron Moth
|-end|p1a: Iron Moth|Quark Drive|[silent]
|
|upkeep
|
|t:|1779870592
|switch|p1a: Flygon|Flygon, M|100/100
|-damage|p1a: Flygon|95/100|[from] Stealth Rock
|turn|8
|
|t:|1779870598
|-terastallize|p2a: Raging Bolt|Fairy
|move|p1a: Flygon|Earthquake|p2a: Raging Bolt
|-damage|p2a: Raging Bolt|32/100
|-damage|p1a: Flygon|85/100|[from] item: Life Orb
|move|p2a: Raging Bolt|Dragon Pulse|p1a: Flygon
|-supereffective|p1a: Flygon
|-damage|p1a: Flygon|0 fnt
|faint|p1a: Flygon
|
|upkeep
|
|t:|1779870610
|switch|p1a: Meowscarada|Meowscarada, F|100/100
|-damage|p1a: Meowscarada|88/100|[from] Stealth Rock
|-damage|p1a: Meowscarada|72/100|[from] Spikes
|turn|9
|
|t:|1779870618
|move|p2a: Raging Bolt|Thunderclap|p1a: Meowscarada
|-resisted|p1a: Meowscarada
|-damage|p1a: Meowscarada|26/100
|move|p1a: Meowscarada|Flower Trick|p2a: Raging Bolt
|-start|p1a: Meowscarada|typechange|Grass|[from] ability: Protean
|-crit|p2a: Raging Bolt
|-damage|p2a: Raging Bolt|0 fnt
|faint|p2a: Raging Bolt
|-end|p2a: Raging Bolt|Protosynthesis|[silent]
|-damage|p1a: Meowscarada|16/100|[from] item: Life Orb
|
|upkeep
|
|t:|1779870628
|switch|p2a: Kingambit|Kingambit, F|100/100
|-damage|p2a: Kingambit|88/100|[from] Spikes
|-activate|p2a: Kingambit|ability: Supreme Overlord
|-start|p2a: Kingambit|fallen3|[silent]
|turn|10
|
|t:|1779870647
|move|p1a: Meowscarada|Knock Off|p2a: Kingambit
|-resisted|p2a: Kingambit
|-damage|p2a: Kingambit|74/100
|-enditem|p2a: Kingambit|Black Glasses|[from] move: Knock Off|[of] p1a: Meowscarada
|-damage|p1a: Meowscarada|6/100|[from] item: Life Orb
|move|p2a: Kingambit|Kowtow Cleave|p1a: Meowscarada
|-damage|p1a: Meowscarada|0 fnt
|faint|p1a: Meowscarada
|
|upkeep
|
|t:|1779870657
|switch|p1a: Greninja|Greninja, M|100/100
|-damage|p1a: Greninja|88/100|[from] Stealth Rock
|-damage|p1a: Greninja|72/100|[from] Spikes
|turn|11
|
|t:|1779870662
|-terastallize|p1a: Greninja|Water
|move|p1a: Greninja|Surf|p2a: Kingambit
|-damage|p2a: Kingambit|1/100
|-damage|p1a: Greninja|62/100|[from] item: Life Orb
|move|p2a: Kingambit|Kowtow Cleave|p1a: Greninja
|-damage|p1a: Greninja|0 fnt
|faint|p1a: Greninja
|
|upkeep
|
|t:|1779870670
|switch|p1a: Dragapult|Dragapult, M|100/100
|-damage|p1a: Dragapult|88/100|[from] Stealth Rock
|-damage|p1a: Dragapult|72/100|[from] Spikes
|turn|12
|
|t:|1779870672
|move|p1a: Dragapult|Sucker Punch|p2a: Kingambit
|-resisted|p2a: Kingambit
|-damage|p2a: Kingambit|0 fnt
|faint|p2a: Kingambit
|-end|p2a: Kingambit|fallen3|[silent]
|-damage|p1a: Dragapult|62/100|[from] item: Life Orb
|
|upkeep
|
|t:|1779870675
|switch|p2a: Ogerpon|Ogerpon-Wellspring, F|100/100
|-damage|p2a: Ogerpon|88/100|[from] Spikes
|turn|13
|
|t:|1779870685
|move|p1a: Dragapult|Dragon Darts|p2a: Ogerpon
|-damage|p2a: Ogerpon|38/100
|-anim|p1a: Dragapult|Dragon Darts|p2a: Ogerpon
|-damage|p2a: Ogerpon|0 fnt
|faint|p2a: Ogerpon
|-damage|p1a: Dragapult|52/100|[from] item: Life Orb
|
|upkeep
|
|t:|1779870688
|switch|p2a: Gholdengo|Gholdengo|100/100
|-damage|p2a: Gholdengo|88/100|[from] Spikes
|turn|14
|
|t:|1779870691
|move|p1a: Dragapult|Phantom Force||[still]
|-prepare|p1a: Dragapult|Phantom Force
|move|p2a: Gholdengo|Shadow Ball|p1a: Dragapult|[miss]
|-miss|p2a: Gholdengo|p1a: Dragapult
|
|-heal|p2a: Gholdengo|94/100|[from] item: Leftovers
|upkeep
|turn|15
|
|t:|1779870695
|move|p1a: Dragapult|Phantom Force|p2a: Gholdengo|[from] lockedmove
|-supereffective|p2a: Gholdengo
|-damage|p2a: Gholdengo|0 fnt
|faint|p2a: Gholdengo
|-damage|p1a: Dragapult|42/100|[from] item: Life Orb
|
|win|sorared
|raw|sorared's rating: 1459 &rarr; <strong>1483</strong><br />(+24 for winning)
|raw|Davy12345's rating: 1525 &rarr; <strong>1501</strong><br />(-24 for losing)
|l|☆Davy12345
|player|p2|
|l|☆sorared
|player|p1|
