|j|☆DJ Shindig
|j|☆its tetover
|t:|1779944313
|gametype|singles
|player|p1|DJ Shindig|2|1593
|player|p2|its tetover|gardenia|1573
|gen|9
|tier|[Gen 9] OU
|rated|
|rule|HP Percentage Mod: HP is shown in percentages
|rule|Endless Battle Clause: Forcing endless battles is banned
|rule|Species Clause: Limit one of each Pokémon
|rule|OHKO Clause: OHKO moves are banned
|rule|Evasion Items Clause: Evasion items are banned
|rule|Evasion Moves Clause: Evasion moves are banned
|rule|Evasion Abilities Clause: Evasion abilities are banned
|rule|Sleep Moves Clause: Sleep-inducing moves are banned
|clearpoke
|poke|p1|Gholdengo|
|poke|p1|Cinderace, F|
|poke|p1|Samurott-Hisui, F|
|poke|p1|Slowking-Galar, F|
|poke|p1|Great Tusk|
|poke|p1|Tornadus-Therian, M|
|poke|p2|Ribombee, M|
|poke|p2|Brambleghast, F|
|poke|p2|Pawmot, M|
|poke|p2|Kyurem|
|poke|p2|Ursaluna, F|
|poke|p2|Tornadus, M|
|teampreview
|
|t:|1779944330
|teamsize|p1|6
|teamsize|p2|6
|start
|switch|p1a: Gholdengo|Gholdengo|100/100
|switch|p2a: Tornadus|Tornadus, M|100/100
|turn|1
|
|t:|1779944335
|move|p2a: Tornadus|Tailwind|p2a: Tornadus
|-sidestart|p2: its tetover|move: Tailwind
|move|p1a: Gholdengo|Make It Rain|p2a: Tornadus
|-damage|p2a: Tornadus|23/100
|-unboost|p1a: Gholdengo|spa|1
|-enditem|p2a: Tornadus|Eject Button
|j| testingrainteam1
|
|t:|1779944344
|switch|p2a: Ursaluna|Ursaluna, F|100/100
|
|-status|p2a: Ursaluna|brn|[from] item: Flame Orb
|upkeep
|turn|2
|
|t:|1779944361
|move|p1a: Gholdengo|Make It Rain|p2a: Ursaluna
|-damage|p2a: Ursaluna|60/100 brn
|-unboost|p1a: Gholdengo|spa|1
|move|p2a: Ursaluna|Swords Dance|p2a: Ursaluna
|-boost|p2a: Ursaluna|atk|2
|
|-damage|p2a: Ursaluna|54/100 brn|[from] brn
|upkeep
|turn|3
|
|t:|1779944375
|switch|p1a: Tornadus|Tornadus-Therian, M|100/100
|move|p2a: Ursaluna|Fire Punch|p1a: Tornadus
|-damage|p1a: Tornadus|0 fnt
|faint|p1a: Tornadus
|
|-damage|p2a: Ursaluna|47/100 brn|[from] brn
|upkeep
|
|t:|1779944381
|switch|p1a: Gholdengo|Gholdengo|100/100
|turn|4
|l| testingrainteam1
|j| testingrainteam1
|
|t:|1779944412
|move|p1a: Gholdengo|Make It Rain|p2a: Ursaluna
|-damage|p2a: Ursaluna|0 fnt
|-unboost|p1a: Gholdengo|spa|1
|faint|p2a: Ursaluna
|
|-sideend|p2: its tetover|move: Tailwind
|upkeep
|l| testingrainteam1
|
|t:|1779944428
|switch|p2a: Tornadus|Tornadus, M|23/100
|turn|5
|
|t:|1779944433
|switch|p1a: Samurott|Samurott-Hisui, F|100/100
|move|p2a: Tornadus|Tailwind|p2a: Tornadus
|-sidestart|p2: its tetover|move: Tailwind
|
|upkeep
|turn|6
|
|t:|1779944450
|switch|p2a: Pawmot|Pawmot, M|100/100
|move|p1a: Samurott|Ceaseless Edge|p2a: Pawmot
|-resisted|p2a: Pawmot
|-damage|p2a: Pawmot|66/100
|-sidestart|p2: its tetover|Spikes
|
|upkeep
|turn|7
|
|t:|1779944459
|switch|p1a: Great Tusk|Great Tusk|100/100
|move|p2a: Pawmot|Close Combat|p1a: Great Tusk
|-damage|p1a: Great Tusk|47/100
|-unboost|p2a: Pawmot|def|1
|-unboost|p2a: Pawmot|spd|1
|-damage|p2a: Pawmot|49/100|[from] item: Rocky Helmet|[of] p1a: Great Tusk
|-damage|p2a: Pawmot|40/100|[from] item: Life Orb
|
|upkeep
|turn|8
|
|t:|1779944492
|move|p2a: Pawmot|Double Shock|p1a: Great Tusk
|-immune|p1a: Great Tusk
|move|p1a: Great Tusk|Stealth Rock|p2a: Pawmot
|-sidestart|p2: its tetover|move: Stealth Rock
|
|-sideend|p2: its tetover|move: Tailwind
|upkeep
|turn|9
|
|t:|1779944499
|-end|p1a: Great Tusk|Protosynthesis|[silent]
|switch|p1a: Slowking|Slowking-Galar, F|100/100
|move|p2a: Pawmot|Close Combat|p1a: Slowking
|-resisted|p1a: Slowking
|-damage|p1a: Slowking|86/100
|-unboost|p2a: Pawmot|def|1
|-unboost|p2a: Pawmot|spd|1
|-damage|p2a: Pawmot|30/100|[from] item: Life Orb
|
|-heal|p1a: Slowking|92/100|[from] item: Black Sludge
|upkeep
|turn|10
|
|t:|1779944508
|switch|p1a: Great Tusk|Great Tusk|47/100
|move|p2a: Pawmot|Double Shock|p1a: Great Tusk
|-immune|p1a: Great Tusk
|
|upkeep
|turn|11
|
|t:|1779944519
|move|p2a: Pawmot|Close Combat|p1a: Great Tusk
|-damage|p1a: Great Tusk|0 fnt
|-unboost|p2a: Pawmot|def|1
|-unboost|p2a: Pawmot|spd|1
|-damage|p2a: Pawmot|13/100|[from] item: Rocky Helmet|[of] p1a: Great Tusk
|faint|p1a: Great Tusk
|-end|p1a: Great Tusk|Protosynthesis|[silent]
|-damage|p2a: Pawmot|4/100|[from] item: Life Orb
|
|upkeep
|
|t:|1779944529
|switch|p1a: Gholdengo|Gholdengo|100/100
|turn|12
|
|t:|1779944539
|switch|p2a: Tornadus|Tornadus, M|23/100
|-damage|p2a: Tornadus|0 fnt|[from] Stealth Rock
|faint|p2a: Tornadus
|move|p1a: Gholdengo|Shadow Ball|p2: Tornadus|[notarget]
|-fail|p1a: Gholdengo
|
|upkeep
|
|t:|1779944541
|switch|p2a: Kyurem|Kyurem|100/100
|-damage|p2a: Kyurem|88/100|[from] Spikes
|-damage|p2a: Kyurem|63/100|[from] Stealth Rock
|-ability|p2a: Kyurem|Pressure
|turn|13
|
|t:|1779944549
|switch|p1a: Cinderace|Cinderace, F|100/100
|move|p2a: Kyurem|Earth Power|p1a: Cinderace
|-supereffective|p1a: Cinderace
|-damage|p1a: Cinderace|9/100
|
|upkeep
|turn|14
|
|t:|1779944561
|move|p1a: Cinderace|Pyro Ball|p2a: Kyurem
|-damage|p2a: Kyurem|0 fnt
|faint|p2a: Kyurem
|
|upkeep
|
|t:|1779944568
|switch|p2a: Ribombee|Ribombee, M|100/100
|-damage|p2a: Ribombee|88/100|[from] Spikes
|-damage|p2a: Ribombee|63/100|[from] Stealth Rock
|turn|15
|
|t:|1779944588
|move|p2a: Ribombee|Tailwind|p2a: Ribombee
|-sidestart|p2: its tetover|move: Tailwind
|move|p1a: Cinderace|Pyro Ball|p2a: Ribombee
|-supereffective|p2a: Ribombee
|-damage|p2a: Ribombee|0 fnt
|faint|p2a: Ribombee
|
|upkeep
|
|t:|1779944589
|switch|p2a: Brambleghast|Brambleghast, F|100/100
|-damage|p2a: Brambleghast|88/100|[from] Spikes
|-damage|p2a: Brambleghast|76/100|[from] Stealth Rock
|-ability|p2a: Brambleghast|Wind Rider|boost
|-boost|p2a: Brambleghast|atk|1
|turn|16
|
|t:|1779944594
|move|p2a: Brambleghast|Shadow Sneak|p1a: Cinderace
|-damage|p1a: Cinderace|0 fnt
|faint|p1a: Cinderace
|-damage|p2a: Brambleghast|66/100|[from] item: Life Orb
|
|upkeep
|
|t:|1779944601
|switch|p1a: Samurott|Samurott-Hisui, F|100/100
|turn|17
|
|t:|1779944629
|move|p1a: Samurott|Sucker Punch|p2a: Brambleghast
|-supereffective|p2a: Brambleghast
|-damage|p2a: Brambleghast|0 fnt
|faint|p2a: Brambleghast
|
|upkeep
|
|t:|1779944630
|switch|p2a: Pawmot|Pawmot, M|4/100
|-damage|p2a: Pawmot|0 fnt|[from] Spikes
|faint|p2a: Pawmot
|
|win|DJ Shindig
|raw|DJ Shindig's rating: 1593 &rarr; <strong>1612</strong><br />(+19 for winning)
|raw|its tetover's rating: 1573 &rarr; <strong>1554</strong><br />(-19 for losing)
|l|☆its tetover
|player|p2|
|l|☆DJ Shindig
|player|p1|
