|j|☆KingNothing_32
|j|☆iamnew2024
|t:|1779855107
|gametype|singles
|player|p1|KingNothing_32|colress|1397
|player|p2|iamnew2024|101|1433
|gen|9
|tier|[Gen 9] OU
|rated|
|rule|HP Percentage Mod: HP is shown in percentages
|rule|Endless Battle Clause: Forcing endless battles is banned
|rule|Species Clause: Limit one of each Pokémon
|rule|OHKO Clause: OHKO moves are banned
|rule|Evasion Items Clause: Evasion items are banned
|rule|Evasion Moves Clause: Evasion moves are banned
|rule|Evasion Abilities Clause: Evasion abilities are banned
|rule|Sleep Moves Clause: Sleep-inducing moves are banned
|clearpoke
|poke|p1|Pelipper, F|
|poke|p1|Hatterene, F|
|poke|p1|Iron Treads|
|poke|p1|Toxicroak, M|
|poke|p1|Barraskewda, M|
|poke|p1|Zapdos|
|poke|p2|Iron Crown|
|poke|p2|Slowking-Galar, F|
|poke|p2|Ting-Lu|
|poke|p2|Great Tusk|
|poke|p2|Kingambit, F|
|poke|p2|Darkrai|
|teampreview
|inactive|Battle timer is ON: inactive players will automatically lose when time's up. (requested by iamnew2024)
|
|t:|1779855122
|teamsize|p1|6
|teamsize|p2|6
|start
|switch|p1a: In The Name of God|Barraskewda, M, shiny|100/100
|switch|p2a: Slowking|Slowking-Galar, F|100/100
|turn|1
|
|t:|1779855136
|switch|p2a: Kingambit|Kingambit, F|100/100
|move|p1a: In The Name of God|Flip Turn|p2a: Kingambit
|-damage|p2a: Kingambit|65/100
|
|t:|1779855149
|switch|p1a: joyboy|Toxicroak, M|100/100|[from] Flip Turn
|
|-heal|p2a: Kingambit|71/100|[from] item: Leftovers
|upkeep
|turn|2
|
|t:|1779855162
|-end|p2a: Kingambit|fallenundefined|[silent]
|switch|p2a: Slowking|Slowking-Galar, F|100/100
|move|p1a: joyboy|Drain Punch|p2a: Slowking
|-resisted|p2a: Slowking
|-damage|p2a: Slowking|93/100
|
|upkeep
|turn|3
|inactive|KingNothing_32 has 120 seconds left.
|
|t:|1779855209
|switch|p1a: labomba|Iron Treads|100/100
|-prepare|p2a: Slowking|Chilly Reception|[premajor]
|move|p2a: Slowking|Chilly Reception|p2a: Slowking
|-weather|Snowscape
|
|t:|1779855215
|switch|p2a: Great Tusk|Great Tusk|100/100|[from] Chilly Reception
|
|-weather|Snowscape|[upkeep]
|upkeep
|turn|4
|
|t:|1779855225
|-end|p1a: labomba|Quark Drive|[silent]
|switch|p1a: Freak'd Out|Zapdos|100/100
|move|p2a: Great Tusk|Knock Off|p1a: Freak'd Out
|-damage|p1a: Freak'd Out|56/100
|-status|p2a: Great Tusk|par|[from] ability: Static|[of] p1a: Freak'd Out
|-enditem|p1a: Freak'd Out|Choice Specs|[from] move: Knock Off|[of] p2a: Great Tusk
|
|-weather|Snowscape|[upkeep]
|upkeep
|turn|5
|
|t:|1779855236
|-end|p2a: Great Tusk|Protosynthesis|[silent]
|switch|p2a: Slowking|Slowking-Galar, F|100/100
|move|p1a: Freak'd Out|Weather Ball|p2a: Slowking
|-damage|p2a: Slowking|80/100
|
|-weather|Snowscape|[upkeep]
|upkeep
|turn|6
|
|t:|1779855251
|move|p1a: Freak'd Out|Volt Switch|p2a: Slowking
|-damage|p2a: Slowking|59/100
|
|t:|1779855256
|switch|p1a: labomba|Iron Treads|100/100|[from] Volt Switch
|move|p2a: Slowking|Toxic|p1a: labomba
|-immune|p1a: labomba
|
|-weather|Snowscape|[upkeep]
|upkeep
|turn|7
|
|t:|1779855266
|switch|p2a: Great Tusk|Great Tusk|100/100 par
|move|p1a: labomba|Earthquake|p2a: Great Tusk
|-damage|p2a: Great Tusk|71/100 par
|
|-weather|none
|upkeep
|turn|8
|inactive|KingNothing_32 has 120 seconds left.
|
|t:|1779855284
|-end|p1a: labomba|Quark Drive|[silent]
|switch|p1a: bbygrl|Hatterene, F|100/100
|move|p2a: Great Tusk|Headlong Rush|p1a: bbygrl
|-damage|p1a: bbygrl|39/100
|-unboost|p2a: Great Tusk|def|1
|-unboost|p2a: Great Tusk|spd|1
|-enditem|p1a: bbygrl|Eject Button
|
|t:|1779855292
|switch|p1a: In The Name of God|Barraskewda, M, shiny|100/100
|
|upkeep
|turn|9
|
|t:|1779855310
|move|p1a: In The Name of God|Flip Turn|p2a: Great Tusk
|-supereffective|p2a: Great Tusk
|-damage|p2a: Great Tusk|0 fnt
|faint|p2a: Great Tusk
|-end|p2a: Great Tusk|Protosynthesis|[silent]
|
|t:|1779855320
|switch|p1a: labomba|Iron Treads|100/100|[from] Flip Turn
|
|upkeep
|
|t:|1779855341
|switch|p2a: Iron Crown|Iron Crown|100/100
|turn|10
|inactive|KingNothing_32 has 120 seconds left.
|
|t:|1779855349
|move|p2a: Iron Crown|Focus Blast|p1a: labomba
|-supereffective|p1a: labomba
|-damage|p1a: labomba|0 fnt
|faint|p1a: labomba
|-end|p1a: labomba|Quark Drive|[silent]
|
|upkeep
|inactive|KingNothing_32 has 120 seconds left.
|
|t:|1779855377
|switch|p1a: In The Name of God|Barraskewda, M, shiny|100/100
|turn|11
|
|t:|1779855381
|move|p1a: In The Name of God|Flip Turn|p2a: Iron Crown
|-damage|p2a: Iron Crown|45/100
|
|t:|1779855384
|switch|p1a: bbygrl|Hatterene, F|39/100|[from] Flip Turn
|move|p2a: Iron Crown|Focus Blast|p1a: bbygrl|[miss]
|-miss|p2a: Iron Crown|p1a: bbygrl
|
|upkeep
|turn|12
|inactive|KingNothing_32 has 120 seconds left.
|
|t:|1779855394
|-end|p2a: Iron Crown|Quark Drive|[silent]
|switch|p2a: Kingambit|Kingambit, F|71/100
|-activate|p2a: Kingambit|ability: Supreme Overlord
|-start|p2a: Kingambit|fallen1|[silent]
|move|p1a: bbygrl|Nuzzle|p2a: Kingambit
|-damage|p2a: Kingambit|68/100
|-status|p2a: Kingambit|par
|
|-heal|p2a: Kingambit|74/100 par|[from] item: Leftovers
|upkeep
|turn|13
|inactive|KingNothing_32 has 120 seconds left.
|
|t:|1779855410
|move|p1a: bbygrl|Draining Kiss|p2a: Kingambit
|-damage|p2a: Kingambit|51/100 par
|-heal|p1a: bbygrl|60/100|[from] drain|[of] p2a: Kingambit
|move|p2a: Kingambit|Swords Dance|p2a: Kingambit
|-boost|p2a: Kingambit|atk|2
|
|-heal|p2a: Kingambit|58/100 par|[from] item: Leftovers
|upkeep
|turn|14
|inactive|KingNothing_32 has 120 seconds left.
|
|t:|1779855422
|move|p1a: bbygrl|Draining Kiss|p2a: Kingambit
|-damage|p2a: Kingambit|35/100 par
|-heal|p1a: bbygrl|82/100|[from] drain|[of] p2a: Kingambit
|move|p2a: Kingambit|Kowtow Cleave|p1a: bbygrl
|-damage|p1a: bbygrl|0 fnt
|faint|p1a: bbygrl
|
|-heal|p2a: Kingambit|42/100 par|[from] item: Leftovers
|upkeep
|
|t:|1779855443
|switch|p1a: joyboy|Toxicroak, M|100/100
|turn|15
|
|t:|1779855448
|-end|p2a: Kingambit|fallen1|[silent]
|switch|p2a: Iron Crown|Iron Crown|45/100
|move|p1a: joyboy|Drain Punch|p2a: Iron Crown
|-damage|p2a: Iron Crown|14/100
|
|upkeep
|turn|16
|
|t:|1779855461
|-terastallize|p1a: joyboy|Dark
|move|p2a: Iron Crown|Volt Switch|p1a: joyboy
|-damage|p1a: joyboy|54/100
|
|t:|1779855475
|-end|p2a: Iron Crown|Quark Drive|[silent]
|switch|p2a: Kingambit|Kingambit, F|42/100 par|[from] Volt Switch
|-activate|p2a: Kingambit|ability: Supreme Overlord
|-start|p2a: Kingambit|fallen1|[silent]
|move|p1a: joyboy|Knock Off|p2a: Kingambit
|-resisted|p2a: Kingambit
|-damage|p2a: Kingambit|29/100 par
|-enditem|p2a: Kingambit|Leftovers|[from] move: Knock Off|[of] p1a: joyboy
|
|upkeep
|turn|17
|inactive|KingNothing_32 has 120 seconds left.
|
|t:|1779855485
|cant|p2a: Kingambit|par
|move|p1a: joyboy|Drain Punch|p2a: Kingambit
|-supereffective|p2a: Kingambit
|-damage|p2a: Kingambit|0 fnt
|-heal|p1a: joyboy|70/100|[from] drain|[of] p2a: Kingambit
|faint|p2a: Kingambit
|-end|p2a: Kingambit|fallen1|[silent]
|
|upkeep
|inactive|iamnew2024 has 120 seconds left.
|
|t:|1779855514
|switch|p2a: Iron Crown|Iron Crown|14/100
|turn|18
|
|t:|1779855522
|move|p2a: Iron Crown|Tachyon Cutter|p1a: joyboy
|-damage|p1a: joyboy|19/100
|-damage|p1a: joyboy|0 fnt
|faint|p1a: joyboy
|-hitcount|p1: joyboy|2
|
|upkeep
|
|t:|1779855532
|switch|p1a: In The Name of God|Barraskewda, M, shiny|100/100
|turn|19
|
|t:|1779855535
|move|p1a: In The Name of God|Flip Turn|p2a: Iron Crown
|-damage|p2a: Iron Crown|0 fnt
|faint|p2a: Iron Crown
|-end|p2a: Iron Crown|Quark Drive|[silent]
|
|t:|1779855539
|switch|p1a: the taste of water|Pelipper, F|100/100|[from] Flip Turn
|-weather|RainDance|[from] ability: Drizzle|[of] p1a: the taste of water
|
|-weather|RainDance|[upkeep]
|upkeep
|
|t:|1779855547
|switch|p2a: Slowking|Slowking-Galar, F|93/100
|turn|20
|
|t:|1779855558
|move|p1a: the taste of water|U-turn|p2a: Slowking
|-damage|p2a: Slowking|82/100
|
|t:|1779855567
|switch|p1a: In The Name of God|Barraskewda, M, shiny|100/100|[from] U-turn
|-prepare|p2a: Slowking|Chilly Reception|[premajor]
|move|p2a: Slowking|Chilly Reception|p2a: Slowking
|-weather|Snowscape
|
|t:|1779855582
|switch|p2a: Ting-Lu|Ting-Lu|100/100|[from] Chilly Reception
|-ability|p2a: Ting-Lu|Vessel of Ruin
|
|-weather|Snowscape|[upkeep]
|upkeep
|turn|21
|
|t:|1779855589
|-terastallize|p2a: Ting-Lu|Ghost
|move|p1a: In The Name of God|Flip Turn|p2a: Ting-Lu
|-damage|p2a: Ting-Lu|79/100
|
|t:|1779855595
|switch|p1a: the taste of water|Pelipper, F|100/100|[from] Flip Turn
|-weather|RainDance|[from] ability: Drizzle|[of] p1a: the taste of water
|move|p2a: Ting-Lu|Stealth Rock|p1a: the taste of water
|-sidestart|p1: KingNothing_32|move: Stealth Rock
|
|-weather|RainDance|[upkeep]
|-heal|p2a: Ting-Lu|85/100|[from] item: Leftovers
|upkeep
|turn|22
|
|t:|1779855608
|move|p1a: the taste of water|Hurricane|p2a: Ting-Lu
|-crit|p2a: Ting-Lu
|-damage|p2a: Ting-Lu|54/100
|move|p2a: Ting-Lu|Whirlwind|p1a: the taste of water
|drag|p1a: Freak'd Out|Zapdos|56/100
|-damage|p1a: Freak'd Out|31/100|[from] Stealth Rock
|
|-weather|RainDance|[upkeep]
|-heal|p2a: Ting-Lu|60/100|[from] item: Leftovers
|upkeep
|turn|23
|
|t:|1779855631
|switch|p2a: Slowking|Slowking-Galar, F|100/100
|move|p1a: Freak'd Out|Thunder|p2a: Slowking
|-damage|p2a: Slowking|66/100
|
|-weather|RainDance|[upkeep]
|upkeep
|turn|24
|
|t:|1779855639
|move|p1a: Freak'd Out|Thunder|p2a: Slowking
|-damage|p2a: Slowking|36/100
|-prepare|p2a: Slowking|Chilly Reception|[premajor]
|move|p2a: Slowking|Chilly Reception|p2a: Slowking
|-weather|Snowscape
|
|t:|1779855646
|switch|p2a: Darkrai|Darkrai|100/100|[from] Chilly Reception
|
|-weather|Snowscape|[upkeep]
|upkeep
|turn|25
|
|t:|1779855669
|move|p2a: Darkrai|Dark Pulse|p1a: Freak'd Out
|-damage|p1a: Freak'd Out|0 fnt
|faint|p1a: Freak'd Out
|
|-weather|Snowscape|[upkeep]
|upkeep
|
|t:|1779855672
|switch|p1a: the taste of water|Pelipper, F|100/100
|-damage|p1a: the taste of water|76/100|[from] Stealth Rock
|-weather|RainDance|[from] ability: Drizzle|[of] p1a: the taste of water
|turn|26
|
|t:|1779855680
|move|p2a: Darkrai|Dark Pulse|p1a: the taste of water
|-damage|p1a: the taste of water|34/100
|move|p1a: the taste of water|U-turn|p2a: Darkrai
|-supereffective|p2a: Darkrai
|-damage|p2a: Darkrai|77/100
|
|t:|1779855685
|switch|p1a: In The Name of God|Barraskewda, M, shiny|100/100|[from] U-turn
|-damage|p1a: In The Name of God|88/100|[from] Stealth Rock
|
|-weather|RainDance|[upkeep]
|upkeep
|turn|27
|
|t:|1779855703
|switch|p2a: Slowking|Slowking-Galar, F|70/100
|move|p1a: In The Name of God|Liquidation|p2a: Slowking
|-damage|p2a: Slowking|0 fnt
|faint|p2a: Slowking
|
|-weather|RainDance|[upkeep]
|upkeep
|
|t:|1779855713
|switch|p2a: Ting-Lu|Ting-Lu, tera:Ghost|60/100
|-ability|p2a: Ting-Lu|Vessel of Ruin
|turn|28
|
|t:|1779855718
|move|p1a: In The Name of God|Liquidation|p2a: Ting-Lu
|-damage|p2a: Ting-Lu|16/100
|move|p2a: Ting-Lu|Earthquake|p1a: In The Name of God
|-damage|p1a: In The Name of God|20/100
|
|-weather|RainDance|[upkeep]
|-heal|p2a: Ting-Lu|22/100|[from] item: Leftovers
|upkeep
|turn|29
|-message|iamnew2024 forfeited.
|
|win|KingNothing_32
|raw|KingNothing_32's rating: 1397 &rarr; <strong>1419</strong><br />(+22 for winning)
|raw|iamnew2024's rating: 1433 &rarr; <strong>1411</strong><br />(-22 for losing)
|l|☆iamnew2024
|player|p2|
|c|☆KingNothing_32|gg
|l|☆KingNothing_32
|player|p1|
