|j|☆hat_fm
|j|☆FaZe_Herp
|t:|1779856195
|gametype|singles
|player|p1|hat_fm|pilot|1364
|player|p2|FaZe_Herp|2|1280
|gen|9
|tier|[Gen 9] OU
|rated|
|rule|HP Percentage Mod: HP is shown in percentages
|rule|Endless Battle Clause: Forcing endless battles is banned
|rule|Species Clause: Limit one of each Pokémon
|rule|OHKO Clause: OHKO moves are banned
|rule|Evasion Items Clause: Evasion items are banned
|rule|Evasion Moves Clause: Evasion moves are banned
|rule|Evasion Abilities Clause: Evasion abilities are banned
|rule|Sleep Moves Clause: Sleep-inducing moves are banned
|clearpoke
|poke|p1|Zamazenta-*|
|poke|p1|Ceruledge, M|
|poke|p1|Scizor, M|
|poke|p1|Donphan, M|
|poke|p1|Lycanroc-Dusk, F|
|poke|p1|Florges, F|
|poke|p2|Gholdengo|
|poke|p2|Dragonite, F|
|poke|p2|Goodra-Hisui, F|
|poke|p2|Clefable, F|
|poke|p2|Cinderace, M|
|poke|p2|Kingambit, M|
|teampreview
|inactive|Battle timer is ON: inactive players will automatically lose when time's up. (requested by FaZe_Herp)
|
|t:|1779856215
|teamsize|p1|6
|teamsize|p2|6
|start
|switch|p1a: Donphan|Donphan, M|100/100
|switch|p2a: Cinderace|Cinderace, M|100/100
|turn|1
|
|t:|1779856223
|move|p2a: Cinderace|U-turn|p1a: Donphan
|-start|p2a: Cinderace|typechange|Bug|[from] ability: Libero
|-damage|p1a: Donphan|81/100
|-damage|p2a: Cinderace|84/100|[from] item: Rocky Helmet|[of] p1a: Donphan
|
|t:|1779856234
|switch|p2a: Clefable|Clefable, F|100/100|[from] U-turn
|move|p1a: Donphan|Stealth Rock|p2a: Clefable
|-sidestart|p2: FaZe_Herp|move: Stealth Rock
|
|upkeep
|turn|2
|
|t:|1779856241
|switch|p1a: Scizor|Scizor, M|100/100
|move|p2a: Clefable|Calm Mind|p2a: Clefable
|-boost|p2a: Clefable|spa|1
|-boost|p2a: Clefable|spd|1
|
|upkeep
|turn|3
|
|t:|1779856245
|move|p1a: Scizor|U-turn|p2a: Clefable
|-resisted|p2a: Clefable
|-damage|p2a: Clefable|81/100
|-damage|p1a: Scizor|91/100|[from] item: Life Orb
|
|t:|1779856251
|switch|p1a: Florges|Florges, F|100/100|[from] U-turn
|move|p2a: Clefable|Thunder Wave|p1a: Florges
|-status|p1a: Florges|par
|
|upkeep
|turn|4
|
|t:|1779856265
|switch|p1a: Scizor|Scizor, M|91/100
|move|p2a: Clefable|Calm Mind|p2a: Clefable
|-boost|p2a: Clefable|spa|1
|-boost|p2a: Clefable|spd|1
|
|upkeep
|turn|5
|
|t:|1779856270
|move|p1a: Scizor|Bullet Punch|p2a: Clefable
|-supereffective|p2a: Clefable
|-damage|p2a: Clefable|19/100
|-damage|p1a: Scizor|81/100|[from] item: Life Orb
|move|p2a: Clefable|Thunder Wave|p1a: Scizor
|-status|p1a: Scizor|par
|
|upkeep
|turn|6
|
|t:|1779856276
|switch|p2a: Cinderace|Cinderace, M|84/100
|move|p1a: Scizor|Bullet Punch|p2a: Cinderace
|-resisted|p2a: Cinderace
|-damage|p2a: Cinderace|50/100
|-damage|p1a: Scizor|71/100 par|[from] item: Life Orb
|
|upkeep
|turn|7
|
|t:|1779856284
|move|p2a: Cinderace|Pyro Ball|p1a: Scizor
|-supereffective|p1a: Scizor
|-damage|p1a: Scizor|0 fnt
|faint|p1a: Scizor
|
|upkeep
|
|t:|1779856294
|switch|p1a: Lycanroc|Lycanroc-Dusk, F|100/100
|turn|8
|
|t:|1779856307
|switch|p2a: Goodra|Goodra-Hisui, F|100/100
|-damage|p2a: Goodra|94/100|[from] Stealth Rock
|move|p1a: Lycanroc|Accelerock|p2a: Goodra
|-resisted|p2a: Goodra
|-damage|p2a: Goodra|78/100
|-damage|p1a: Lycanroc|91/100|[from] item: Life Orb
|
|upkeep
|turn|9
|
|t:|1779856324
|switch|p1a: Donphan|Donphan, M|81/100
|-terastallize|p2a: Goodra|Fairy
|move|p2a: Goodra|Flash Cannon|p1a: Donphan
|-damage|p1a: Donphan|24/100
|
|upkeep
|turn|10
|inactive|FaZe_Herp has 120 seconds left.
|
|t:|1779856358
|move|p2a: Goodra|Flash Cannon|p1a: Donphan
|-damage|p1a: Donphan|0 fnt
|faint|p1a: Donphan
|
|upkeep
|
|t:|1779856370
|switch|p1a: Lycanroc|Lycanroc-Dusk, F|91/100
|turn|11
|inactive|FaZe_Herp has 120 seconds left.
|
|t:|1779856404
|move|p1a: Lycanroc|Stone Edge|p2a: Goodra|[miss]
|-miss|p1a: Lycanroc|p2a: Goodra
|move|p2a: Goodra|Flash Cannon|p1a: Lycanroc
|-supereffective|p1a: Lycanroc
|-damage|p1a: Lycanroc|0 fnt
|faint|p1a: Lycanroc
|
|upkeep
|
|t:|1779856410
|switch|p1a: Florges|Florges, F|100/100 par
|turn|12
|
|t:|1779856440
|move|p2a: Goodra|Flash Cannon|p1a: Florges
|-supereffective|p1a: Florges
|-damage|p1a: Florges|46/100 par
|move|p1a: Florges|Moonblast|p2a: Goodra
|-crit|p2a: Goodra
|-damage|p2a: Goodra|46/100
|
|-heal|p1a: Florges|52/100 par|[from] item: Leftovers
|upkeep
|turn|13
|
|t:|1779856446
|switch|p2a: Cinderace|Cinderace, M|50/100
|move|p1a: Florges|Moonblast|p2a: Cinderace
|-resisted|p2a: Cinderace
|-damage|p2a: Cinderace|14/100
|-unboost|p2a: Cinderace|spa|1
|
|-heal|p1a: Florges|58/100 par|[from] item: Leftovers
|upkeep
|turn|14
|
|t:|1779856454
|move|p2a: Cinderace|Court Change|p2a: Cinderace
|-start|p2a: Cinderace|typechange|Normal|[from] ability: Libero
|-swapsideconditions
|-activate|p2a: Cinderace|move: Court Change
|cant|p1a: Florges|par
|
|-heal|p1a: Florges|64/100 par|[from] item: Leftovers
|upkeep
|turn|15
|
|t:|1779856461
|move|p2a: Cinderace|U-turn|p1a: Florges
|-resisted|p1a: Florges
|-damage|p1a: Florges|50/100 par
|
|t:|1779856468
|switch|p2a: Gholdengo|Gholdengo|100/100|[from] U-turn
|move|p1a: Florges|Psychic Noise|p2a: Gholdengo
|-resisted|p2a: Gholdengo
|-damage|p2a: Gholdengo|85/100
|-start|p2a: Gholdengo|move: Heal Block
|
|-heal|p1a: Florges|56/100 par|[from] item: Leftovers
|upkeep
|turn|16
|
|t:|1779856473
|move|p2a: Gholdengo|Shadow Ball|p1a: Florges
|-damage|p1a: Florges|27/100 par
|move|p1a: Florges|Moonblast|p2a: Gholdengo
|-resisted|p2a: Gholdengo
|-damage|p2a: Gholdengo|57/100
|
|-heal|p1a: Florges|33/100 par|[from] item: Leftovers
|-end|p2a: Gholdengo|move: Heal Block
|upkeep
|turn|17
|
|t:|1779856477
|move|p2a: Gholdengo|Shadow Ball|p1a: Florges
|-crit|p1a: Florges
|-damage|p1a: Florges|0 fnt
|faint|p1a: Florges
|
|upkeep
|
|t:|1779856482
|switch|p1a: Zamazenta|Zamazenta|100/100
|-damage|p1a: Zamazenta|94/100|[from] Stealth Rock
|-ability|p1a: Zamazenta|Dauntless Shield|boost
|-boost|p1a: Zamazenta|def|1
|turn|18
|inactive|FaZe_Herp has 120 seconds left.
|
|t:|1779856521
|-terastallize|p1a: Zamazenta|Dark
|move|p2a: Gholdengo|Shadow Ball|p1a: Zamazenta
|-resisted|p1a: Zamazenta
|-damage|p1a: Zamazenta|78/100
|move|p1a: Zamazenta|Crunch|p2a: Gholdengo
|-supereffective|p2a: Gholdengo
|-damage|p2a: Gholdengo|0 fnt
|faint|p2a: Gholdengo
|
|-heal|p1a: Zamazenta|84/100|[from] item: Leftovers
|upkeep
|
|t:|1779856527
|switch|p2a: Dragonite|Dragonite, F|100/100
|turn|19
|
|t:|1779856534
|move|p1a: Zamazenta|Crunch|p2a: Dragonite
|-damage|p2a: Dragonite|86/100
|move|p2a: Dragonite|Dragon Tail|p1a: Zamazenta
|-damage|p1a: Zamazenta|67/100
|drag|p1a: Ceruledge|Ceruledge, M|100/100
|-damage|p1a: Ceruledge|76/100|[from] Stealth Rock
|
|upkeep
|turn|20
|inactive|FaZe_Herp has 120 seconds left.
|
|t:|1779856552
|move|p1a: Ceruledge|Poltergeist|p2a: Dragonite
|-activate|p2a: Dragonite|move: Poltergeist|Heavy-Duty Boots
|-damage|p2a: Dragonite|38/100
|move|p2a: Dragonite|Earthquake|p1a: Ceruledge
|-supereffective|p1a: Ceruledge
|-damage|p1a: Ceruledge|0 fnt
|faint|p1a: Ceruledge
|
|upkeep
|
|t:|1779856561
|switch|p1a: Zamazenta|Zamazenta, tera:Dark|67/100
|-damage|p1a: Zamazenta|55/100|[from] Stealth Rock
|turn|21
|
|t:|1779856568
|move|p1a: Zamazenta|Iron Defense|p1a: Zamazenta
|-boost|p1a: Zamazenta|def|2
|move|p2a: Dragonite|Earthquake|p1a: Zamazenta
|-damage|p1a: Zamazenta|39/100
|
|-heal|p1a: Zamazenta|45/100|[from] item: Leftovers
|upkeep
|turn|22
|
|t:|1779856573
|move|p1a: Zamazenta|Iron Defense|p1a: Zamazenta
|-boost|p1a: Zamazenta|def|2
|move|p2a: Dragonite|Roost|p2a: Dragonite
|-heal|p2a: Dragonite|88/100
|-singleturn|p2a: Dragonite|move: Roost
|
|-heal|p1a: Zamazenta|51/100|[from] item: Leftovers
|upkeep
|turn|23
|
|t:|1779856583
|move|p1a: Zamazenta|Body Press|p2a: Dragonite
|-resisted|p2a: Dragonite
|-damage|p2a: Dragonite|38/100
|move|p2a: Dragonite|Earthquake|p1a: Zamazenta
|-damage|p1a: Zamazenta|42/100
|
|-heal|p1a: Zamazenta|48/100|[from] item: Leftovers
|upkeep
|turn|24
|inactive|FaZe_Herp has 120 seconds left.
|inactive|FaZe_Herp has 90 seconds left.
|
|t:|1779856646
|move|p1a: Zamazenta|Iron Defense|p1a: Zamazenta
|-boost|p1a: Zamazenta|def|2
|move|p2a: Dragonite|Roost|p2a: Dragonite
|-heal|p2a: Dragonite|88/100
|-singleturn|p2a: Dragonite|move: Roost
|
|-heal|p1a: Zamazenta|54/100|[from] item: Leftovers
|upkeep
|turn|25
|
|t:|1779856650
|move|p1a: Zamazenta|Body Press|p2a: Dragonite
|-resisted|p2a: Dragonite
|-damage|p2a: Dragonite|19/100
|move|p2a: Dragonite|Earthquake|p1a: Zamazenta
|-damage|p1a: Zamazenta|47/100
|
|-heal|p1a: Zamazenta|53/100|[from] item: Leftovers
|upkeep
|turn|26
|
|t:|1779856658
|move|p1a: Zamazenta|Body Press|p2a: Dragonite
|-resisted|p2a: Dragonite
|-damage|p2a: Dragonite|0 fnt
|faint|p2a: Dragonite
|
|-heal|p1a: Zamazenta|60/100|[from] item: Leftovers
|upkeep
|
|t:|1779856682
|switch|p2a: Goodra|Goodra-Hisui, F, tera:Fairy|46/100
|turn|27
|
|t:|1779856686
|move|p1a: Zamazenta|Body Press|p2a: Goodra
|-resisted|p2a: Goodra
|-damage|p2a: Goodra|0 fnt
|faint|p2a: Goodra
|
|-heal|p1a: Zamazenta|66/100|[from] item: Leftovers
|upkeep
|
|t:|1779856700
|switch|p2a: Cinderace|Cinderace, M|14/100
|turn|28
|
|t:|1779856705
|move|p1a: Zamazenta|Body Press|p2a: Cinderace
|-damage|p2a: Cinderace|0 fnt
|faint|p2a: Cinderace
|
|-heal|p1a: Zamazenta|72/100|[from] item: Leftovers
|upkeep
|
|t:|1779856729
|switch|p2a: Clefable|Clefable, F|19/100
|turn|29
|
|t:|1779856733
|move|p1a: Zamazenta|Body Press|p2a: Clefable
|-resisted|p2a: Clefable
|-damage|p2a: Clefable|6/100
|move|p2a: Clefable|Moonblast|p1a: Zamazenta
|-supereffective|p1a: Zamazenta
|-damage|p1a: Zamazenta|22/100
|-unboost|p1a: Zamazenta|spa|1
|
|-heal|p1a: Zamazenta|28/100|[from] item: Leftovers
|upkeep
|turn|30
|
|t:|1779856742
|move|p1a: Zamazenta|Body Press|p2a: Clefable
|-resisted|p2a: Clefable
|-damage|p2a: Clefable|0 fnt
|faint|p2a: Clefable
|
|-heal|p1a: Zamazenta|34/100|[from] item: Leftovers
|upkeep
|
|t:|1779856745
|switch|p2a: Kingambit|Kingambit, M|100/100
|-activate|p2a: Kingambit|ability: Supreme Overlord
|-start|p2a: Kingambit|fallen5|[silent]
|turn|31
|
|t:|1779856749
|move|p2a: Kingambit|Sucker Punch|p1a: Zamazenta
|-resisted|p1a: Zamazenta
|-damage|p1a: Zamazenta|28/100
|move|p1a: Zamazenta|Body Press|p2a: Kingambit
|-supereffective|p2a: Kingambit
|-damage|p2a: Kingambit|0 fnt
|faint|p2a: Kingambit
|-end|p2a: Kingambit|fallen5|[silent]
|
|win|hat_fm
|raw|hat_fm's rating: 1364 &rarr; <strong>1379</strong><br />(+15 for winning)
|raw|FaZe_Herp's rating: 1280 &rarr; <strong>1261</strong><br />(-19 for losing)
|l|☆FaZe_Herp
|player|p2|
|l|☆hat_fm
|player|p1|
