|j|☆Moongirlll@!
|j|☆KachoFugetsu
|inactive|Battle timer is ON: inactive players will automatically lose when time's up.
|t:|1779827528
|gametype|singles
|player|p1|Moongirlll|lisia|
|player|p2|KachoFugetsu|dawn-masters2|
|gen|9
|tier|[Gen 9] OU
|rated|Tournament battle
|rule|HP Percentage Mod: HP is shown in percentages
|rule|Endless Battle Clause: Forcing endless battles is banned
|rule|Species Clause: Limit one of each Pokémon
|rule|OHKO Clause: OHKO moves are banned
|rule|Evasion Items Clause: Evasion items are banned
|rule|Evasion Moves Clause: Evasion moves are banned
|rule|Evasion Abilities Clause: Evasion abilities are banned
|rule|Sleep Moves Clause: Sleep-inducing moves are banned
|rule|Blitz: Super-fast timer
|rule|Inverse Mod: Weaknesses become resistances, while resistances and immunities become weaknesses.
|raw|<div class="infobox"><details class="readmore" open><summary><strong>2 custom rules:</strong></summary> Blitz, Inverse Mod</details></div>
|clearpoke
|poke|p1|Ursaluna, F|
|poke|p1|Porygon-Z|
|poke|p1|Staraptor, F|
|poke|p1|Meloetta|
|poke|p1|Dodrio, F|
|poke|p1|Ambipom, F|
|poke|p2|Rillaboom, M|
|poke|p2|Noivern, F|
|poke|p2|Garganacl, M|
|poke|p2|Iron Valiant|
|poke|p2|Serperior, F|
|poke|p2|Maushold-Four|
|teampreview
|j|*Lady Monita 
|c|☆KachoFugetsu|glhf
|c|☆Moongirlll|gl
|j| NovaRiftX
|inactive|Moongirlll has 30 seconds left.
|inactive|KachoFugetsu has 30 seconds left.
|
|t:|1779827540
|teamsize|p1|6
|teamsize|p2|6
|start
|switch|p1a: Ambipom|Ambipom, F|100/100
|switch|p2a: Revan|Rillaboom, M|100/100
|-fieldstart|move: Grassy Terrain|[from] ability: Grassy Surge|[of] p2a: Revan
|turn|1
|
|t:|1779827543
|move|p1a: Ambipom|Fake Out|p2a: Revan
|-crit|p2a: Revan
|-damage|p2a: Revan|44/100
|-damage|p1a: Ambipom|91/100|[from] item: Life Orb
|cant|p2a: Revan|flinch
|
|-heal|p1a: Ambipom|97/100|[from] Grassy Terrain
|-heal|p2a: Revan|51/100|[from] Grassy Terrain
|upkeep
|turn|2
|c|☆Moongirlll|mb
|inactive|Moongirlll has 10 seconds left.
|
|t:|1779827548
|move|p2a: Revan|Grassy Glide|p1a: Ambipom
|-damage|p1a: Ambipom|13/100
|-damage|p2a: Revan|41/100|[from] item: Life Orb
|move|p1a: Ambipom|Covet|p2a: Revan
|-damage|p2a: Revan|0 fnt
|faint|p2a: Revan
|-damage|p1a: Ambipom|3/100|[from] item: Life Orb
|
|-heal|p1a: Ambipom|9/100|[from] Grassy Terrain
|upkeep
|c|☆KachoFugetsu|np
|inactive|KachoFugetsu has 10 seconds left.
|
|t:|1779827553
|switch|p2a: Kreia|Serperior, F|100/100
|turn|3
|
|t:|1779827557
|move|p2a: Kreia|Leaf Storm|p1a: Ambipom
|-damage|p1a: Ambipom|0 fnt
|-boost|p2a: Kreia|spa|2
|faint|p1a: Ambipom
|
|upkeep
|
|t:|1779827560
|switch|p1a: Ursaluna|Ursaluna, F|100/100
|turn|4
|
|t:|1779827564
|switch|p2a: Carth|Garganacl, M|100/100
|move|p1a: Ursaluna|Protect||[still]
|-fail|p1a: Ursaluna
|
|-status|p1a: Ursaluna|brn|[from] item: Flame Orb
|upkeep
|turn|5
|
|t:|1779827567
|move|p1a: Ursaluna|Facade|p2a: Carth
|-supereffective|p2a: Carth
|-damage|p2a: Carth|3/100
|move|p2a: Carth|Salt Cure|p1a: Ursaluna
|-supereffective|p1a: Ursaluna
|-damage|p1a: Ursaluna|87/100 brn
|-start|p1a: Ursaluna|Salt Cure
|
|-heal|p1a: Ursaluna|93/100 brn|[from] Grassy Terrain
|-heal|p2a: Carth|10/100|[from] Grassy Terrain
|-damage|p1a: Ursaluna|87/100 brn|[from] brn
|-damage|p1a: Ursaluna|75/100 brn|[from] Salt Cure
|-fieldend|move: Grassy Terrain
|upkeep
|turn|6
|
|t:|1779827571
|switch|p1a: Porygon-Z|Porygon-Z|100/100
|move|p2a: Carth|Protect||[still]
|-fail|p2a: Carth
|
|upkeep
|turn|7
|
|t:|1779827573
|move|p1a: Porygon-Z|Tri Attack|p2a: Carth
|-supereffective|p2a: Carth
|-damage|p2a: Carth|0 fnt
|faint|p2a: Carth
|
|upkeep
|inactive|KachoFugetsu has 10 seconds left.
|
|t:|1779827579
|switch|p2a: Bastilla|Noivern, F|100/100
|turn|8
|inactive|Moongirlll has 10 seconds left.
|
|t:|1779827585
|switch|p1a: Dodrio|Dodrio, F|100/100
|move|p2a: Bastilla|Boomburst|p1a: Dodrio
|-damage|p1a: Dodrio|0 fnt
|faint|p1a: Dodrio
|
|upkeep
|
|t:|1779827590
|switch|p1a: Meloetta|Meloetta|100/100
|turn|9
|
|t:|1779827593
|move|p2a: Bastilla|Boomburst|p1a: Meloetta
|-damage|p1a: Meloetta|69/100
|move|p1a: Meloetta|Close Combat|p2a: Bastilla
|-supereffective|p2a: Bastilla
|-damage|p2a: Bastilla|18/100
|-unboost|p1a: Meloetta|def|1
|-unboost|p1a: Meloetta|spd|1
|
|upkeep
|turn|10
|
|t:|1779827597
|move|p2a: Bastilla|Boomburst|p1a: Meloetta
|-damage|p1a: Meloetta|22/100
|move|p1a: Meloetta|Relic Song|p2a: Bastilla
|-damage|p2a: Bastilla|0 fnt
|faint|p2a: Bastilla
|-formechange|p1a: Meloetta|Meloetta-Pirouette|[msg]
|
|upkeep
|
|t:|1779827601
|switch|p2a: Kreia|Serperior, F|100/100
|turn|11
|
|t:|1779827604
|move|p1a: Meloetta|Quick Attack|p2a: Kreia
|-damage|p2a: Kreia|77/100
|move|p2a: Kreia|Leaf Storm|p1a: Meloetta
|-damage|p1a: Meloetta|0 fnt
|-boost|p2a: Kreia|spa|2
|faint|p1a: Meloetta
|
|upkeep
|
|t:|1779827606
|switch|p1a: Ursaluna|Ursaluna, F|75/100 brn
|turn|12
|
|t:|1779827608
|-terastallize|p2a: Kreia|Grass
|move|p2a: Kreia|Leaf Storm|p1a: Ursaluna
|-resisted|p1a: Ursaluna
|-damage|p1a: Ursaluna|18/100 brn
|-boost|p2a: Kreia|spa|2
|move|p1a: Ursaluna|Facade|p2a: Kreia
|-damage|p2a: Kreia|0 fnt
|faint|p2a: Kreia
|
|-damage|p1a: Ursaluna|12/100 brn|[from] brn
|upkeep
|
|t:|1779827613
|switch|p2a: Mical|Iron Valiant, shiny|100/100
|-enditem|p2a: Mical|Booster Energy
|-activate|p2a: Mical|ability: Quark Drive|[fromitem]
|-start|p2a: Mical|quarkdrivespe
|turn|13
|
|t:|1779827617
|move|p2a: Mical|Moonblast|p1a: Ursaluna
|-damage|p1a: Ursaluna|0 fnt
|faint|p1a: Ursaluna
|
|upkeep
|inactive|Moongirlll has 10 seconds left.
|
|t:|1779827623
|switch|p1a: Staraptor|Staraptor, F|100/100
|turn|14
|inactive|Moongirlll has 10 seconds left.
|
|t:|1779827632
|-terastallize|p1a: Staraptor|Normal
|move|p2a: Mical|Calm Mind|p2a: Mical
|-boost|p2a: Mical|spa|1
|-boost|p2a: Mical|spd|1
|move|p1a: Staraptor|Double-Edge|p2a: Mical
|-damage|p2a: Mical|0 fnt
|faint|p2a: Mical
|-end|p2a: Mical|Quark Drive|[silent]
|-damage|p1a: Staraptor|70/100|[from] Recoil
|
|upkeep
|
|t:|1779827635
|switch|p2a: Atton|Maushold-Four|100/100
|turn|15
|
|t:|1779827638
|move|p2a: Atton|Population Bomb|p1a: Staraptor
|-damage|p1a: Staraptor|54/100
|-damage|p1a: Staraptor|36/100
|-damage|p1a: Staraptor|21/100
|-damage|p1a: Staraptor|6/100
|-damage|p1a: Staraptor|0 fnt
|faint|p1a: Staraptor
|-hitcount|p1: Staraptor|5
|
|upkeep
|
|t:|1779827640
|switch|p1a: Porygon-Z|Porygon-Z|100/100
|turn|16
|c|☆Moongirlll|gg
|c|☆KachoFugetsu|gg
|inactive|KachoFugetsu has 10 seconds left.
|
|t:|1779827645
|move|p2a: Atton|Population Bomb|p1a: Porygon-Z
|-damage|p1a: Porygon-Z|85/100
|-damage|p1a: Porygon-Z|70/100
|-damage|p1a: Porygon-Z|52/100
|-damage|p1a: Porygon-Z|36/100
|-damage|p1a: Porygon-Z|20/100
|-crit|p1a: Porygon-Z
|-damage|p1a: Porygon-Z|0 fnt
|faint|p1a: Porygon-Z
|-hitcount|p1: Porygon-Z|6
|
|win|KachoFugetsu
|n|☆Moongirlll@!|moongirlll
|n|☆KachoFugetsu|kachofugetsu
|n|*Lady Monita |ladymonita
|n| NovaRiftX|novariftx
