|j|☆dickman49
|j|☆Spongenoodles
|t:|1779841565
|gametype|singles
|player|p1|dickman49|ghetsis-gen5bw|1325
|player|p2|Spongenoodles|red|1345
|gen|9
|tier|[Gen 9] OU
|rated|
|rule|HP Percentage Mod: HP is shown in percentages
|rule|Endless Battle Clause: Forcing endless battles is banned
|rule|Species Clause: Limit one of each Pokémon
|rule|OHKO Clause: OHKO moves are banned
|rule|Evasion Items Clause: Evasion items are banned
|rule|Evasion Moves Clause: Evasion moves are banned
|rule|Evasion Abilities Clause: Evasion abilities are banned
|rule|Sleep Moves Clause: Sleep-inducing moves are banned
|clearpoke
|poke|p1|Great Tusk|
|poke|p1|Tyranitar, F|
|poke|p1|Iron Thorns|
|poke|p1|Gliscor, M|
|poke|p1|Dragapult, M|
|poke|p1|Jirachi|
|poke|p2|Lokix, F|
|poke|p2|Dondozo, F|
|poke|p2|Sinistcha|
|poke|p2|Ogerpon-Wellspring, F|
|poke|p2|Weezing-Galar, F|
|poke|p2|Slowking-Galar, F|
|teampreview
|inactive|Battle timer is ON: inactive players will automatically lose when time's up. (requested by dickman49)
|
|t:|1779841591
|teamsize|p1|6
|teamsize|p2|6
|start
|switch|p1a: Gliscor|Gliscor, M|100/100
|switch|p2a: Lokix|Lokix, F|100/100
|turn|1
|
|t:|1779841595
|move|p1a: Gliscor|Protect|p1a: Gliscor
|-singleturn|p1a: Gliscor|Protect
|move|p2a: Lokix|Knock Off|p1a: Gliscor
|-activate|p1a: Gliscor|move: Protect
|
|-status|p1a: Gliscor|tox|[from] item: Toxic Orb
|upkeep
|turn|2
|
|t:|1779841602
|switch|p2a: Slowking|Slowking-Galar, F|100/100
|move|p1a: Gliscor|U-turn|p2a: Slowking
|-damage|p2a: Slowking|83/100
|
|t:|1779841610
|switch|p1a: Big Man|Tyranitar, F|100/100|[from] U-turn
|-weather|Sandstorm|[from] ability: Sand Stream|[of] p1a: Big Man
|
|-weather|Sandstorm|[upkeep]
|-damage|p2a: Slowking|77/100|[from] Sandstorm
|upkeep
|turn|3
|
|t:|1779841615
|switch|p2a: Weezing|Weezing-Galar, F|100/100
|-ability|p2a: Weezing|Neutralizing Gas
|move|p1a: Big Man|Knock Off|p2a: Weezing
|-resisted|p2a: Weezing
|-damage|p2a: Weezing|87/100
|-enditem|p2a: Weezing|Heavy-Duty Boots|[from] move: Knock Off|[of] p1a: Big Man
|
|-weather|Sandstorm|[upkeep]
|-damage|p2a: Weezing|81/100|[from] Sandstorm
|upkeep
|turn|4
|
|t:|1779841625
|move|p2a: Weezing|Toxic|p1a: Big Man
|-status|p1a: Big Man|tox
|move|p1a: Big Man|Stealth Rock|p2a: Weezing
|-sidestart|p2: Spongenoodles|move: Stealth Rock
|
|-weather|Sandstorm|[upkeep]
|-damage|p2a: Weezing|75/100|[from] Sandstorm
|-damage|p1a: Big Man|94/100 tox|[from] psn
|upkeep
|turn|5
|
|t:|1779841630
|switch|p1a: Jirachi|Jirachi|100/100
|move|p2a: Weezing|Defog|p1a: Jirachi
|-unboost|p1a: Jirachi|evasion|1
|-sideend|p2: Spongenoodles|Stealth Rock|[from] move: Defog|[of] p2a: Weezing
|
|-weather|Sandstorm|[upkeep]
|-damage|p2a: Weezing|69/100|[from] Sandstorm
|upkeep
|turn|6
|
|t:|1779841641
|-end|p2a: Weezing|ability: Neutralizing Gas
|switch|p2a: Sinistcha|Sinistcha|100/100
|move|p1a: Jirachi|Encore||[still]
|-fail|p1a: Jirachi
|
|-weather|Sandstorm|[upkeep]
|-damage|p2a: Sinistcha|94/100|[from] Sandstorm
|-heal|p2a: Sinistcha|100/100|[from] item: Leftovers
|upkeep
|turn|7
|
|t:|1779841647
|move|p1a: Jirachi|Thunder Wave|p2a: Sinistcha
|-status|p2a: Sinistcha|par
|move|p2a: Sinistcha|Calm Mind|p2a: Sinistcha
|-boost|p2a: Sinistcha|spa|1
|-boost|p2a: Sinistcha|spd|1
|
|-weather|Sandstorm|[upkeep]
|-damage|p2a: Sinistcha|94/100 par|[from] Sandstorm
|-heal|p2a: Sinistcha|100/100 par|[from] item: Leftovers
|upkeep
|turn|8
|
|t:|1779841653
|move|p1a: Jirachi|Encore|p2a: Sinistcha
|-start|p2a: Sinistcha|Encore
|cant|p2a: Sinistcha|par
|
|-weather|Sandstorm|[upkeep]
|-damage|p2a: Sinistcha|94/100 par|[from] Sandstorm
|-heal|p2a: Sinistcha|100/100 par|[from] item: Leftovers
|upkeep
|turn|9
|
|t:|1779841655
|move|p1a: Jirachi|Iron Head|p2a: Sinistcha
|-crit|p2a: Sinistcha
|-damage|p2a: Sinistcha|71/100 par
|cant|p2a: Sinistcha|flinch
|
|-weather|none
|-heal|p2a: Sinistcha|77/100 par|[from] item: Leftovers
|upkeep
|turn|10
|
|t:|1779841659
|move|p1a: Jirachi|Iron Head|p2a: Sinistcha
|-damage|p2a: Sinistcha|58/100 par
|move|p2a: Sinistcha|Calm Mind|p2a: Sinistcha
|-boost|p2a: Sinistcha|spa|1
|-boost|p2a: Sinistcha|spd|1
|
|-heal|p2a: Sinistcha|64/100 par|[from] item: Leftovers
|-end|p2a: Sinistcha|Encore
|upkeep
|turn|11
|
|t:|1779841665
|move|p1a: Jirachi|Encore|p2a: Sinistcha
|-start|p2a: Sinistcha|Encore
|cant|p2a: Sinistcha|par
|
|-heal|p2a: Sinistcha|70/100 par|[from] item: Leftovers
|upkeep
|turn|12
|
|t:|1779841669
|move|p1a: Jirachi|Iron Head|p2a: Sinistcha
|-damage|p2a: Sinistcha|51/100 par
|move|p2a: Sinistcha|Calm Mind|p2a: Sinistcha
|-boost|p2a: Sinistcha|spa|1
|-boost|p2a: Sinistcha|spd|1
|
|-heal|p2a: Sinistcha|57/100 par|[from] item: Leftovers
|upkeep
|turn|13
|
|t:|1779841675
|move|p1a: Jirachi|Iron Head|p2a: Sinistcha
|-damage|p2a: Sinistcha|37/100 par
|cant|p2a: Sinistcha|flinch
|
|-heal|p2a: Sinistcha|44/100 par|[from] item: Leftovers
|-end|p2a: Sinistcha|Encore
|upkeep
|turn|14
|
|t:|1779841679
|move|p1a: Jirachi|Encore|p2a: Sinistcha
|-start|p2a: Sinistcha|Encore
|move|p2a: Sinistcha|Calm Mind|p2a: Sinistcha
|-boost|p2a: Sinistcha|spa|1
|-boost|p2a: Sinistcha|spd|1
|
|-heal|p2a: Sinistcha|50/100 par|[from] item: Leftovers
|upkeep
|turn|15
|
|t:|1779841687
|move|p1a: Jirachi|U-turn|p2a: Sinistcha
|-damage|p2a: Sinistcha|39/100 par
|
|t:|1779841689
|switch|p1a: Big Man|Tyranitar, F|94/100 tox|[from] U-turn
|-weather|Sandstorm|[from] ability: Sand Stream|[of] p1a: Big Man
|cant|p2a: Sinistcha|par
|
|-weather|Sandstorm|[upkeep]
|-damage|p2a: Sinistcha|33/100 par|[from] Sandstorm
|-heal|p2a: Sinistcha|39/100 par|[from] item: Leftovers
|-damage|p1a: Big Man|88/100 tox|[from] psn
|upkeep
|turn|16
|
|t:|1779841694
|move|p1a: Big Man|Knock Off|p2a: Sinistcha
|-supereffective|p2a: Sinistcha
|-damage|p2a: Sinistcha|0 fnt
|-enditem|p2a: Sinistcha|Leftovers|[from] move: Knock Off|[of] p1a: Big Man
|faint|p2a: Sinistcha
|
|-weather|Sandstorm|[upkeep]
|-damage|p1a: Big Man|76/100 tox|[from] psn
|upkeep
|
|t:|1779841699
|switch|p2a: Lokix|Lokix, F|100/100
|turn|17
|
|t:|1779841702
|switch|p1a: Gliscor|Gliscor, M|100/100 tox
|move|p2a: Lokix|U-turn|p1a: Gliscor
|-resisted|p1a: Gliscor
|-damage|p1a: Gliscor|75/100 tox
|
|t:|1779841707
|switch|p2a: Slowking|Slowking-Galar, F|100/100|[from] U-turn
|
|-weather|Sandstorm|[upkeep]
|-damage|p2a: Slowking|94/100|[from] Sandstorm
|-heal|p1a: Gliscor|87/100 tox|[from] ability: Poison Heal
|upkeep
|turn|18
|
|t:|1779841712
|move|p1a: Gliscor|Protect|p1a: Gliscor
|-singleturn|p1a: Gliscor|Protect
|move|p2a: Slowking|Future Sight|p1a: Gliscor
|-start|p2a: Slowking|move: Future Sight
|
|-weather|Sandstorm|[upkeep]
|-damage|p2a: Slowking|88/100|[from] Sandstorm
|-heal|p1a: Gliscor|99/100 tox|[from] ability: Poison Heal
|upkeep
|turn|19
|
|t:|1779841718
|move|p1a: Gliscor|Knock Off|p2a: Slowking
|-supereffective|p2a: Slowking
|-damage|p2a: Slowking|46/100
|-enditem|p2a: Slowking|Heavy-Duty Boots|[from] move: Knock Off|[of] p1a: Gliscor
|-prepare|p2a: Slowking|Chilly Reception|[premajor]
|move|p2a: Slowking|Chilly Reception|p2a: Slowking
|-weather|Snowscape
|
|t:|1779841727
|switch|p2a: Ogerpon|Ogerpon-Wellspring, F|100/100|[from] Chilly Reception
|
|-weather|Snowscape|[upkeep]
|-heal|p1a: Gliscor|100/100 tox|[from] ability: Poison Heal
|upkeep
|turn|20
|
|t:|1779841735
|move|p2a: Ogerpon|Swords Dance|p2a: Ogerpon
|-boost|p2a: Ogerpon|atk|2
|move|p1a: Gliscor|U-turn|p2a: Ogerpon
|-supereffective|p2a: Ogerpon
|-crit|p2a: Ogerpon
|-damage|p2a: Ogerpon|36/100
|
|t:|1779841741
|switch|p1a: We pulten on it|Dragapult, M|100/100|[from] U-turn
|
|-weather|Snowscape|[upkeep]
|-end|p1a: We pulten on it|move: Future Sight
|-damage|p1a: We pulten on it|39/100
|upkeep
|turn|21
|
|t:|1779841748
|switch|p2a: Slowking|Slowking-Galar, F|79/100
|move|p1a: We pulten on it|Draco Meteor|p2a: Slowking
|-damage|p2a: Slowking|47/100
|-unboost|p1a: We pulten on it|spa|2
|
|-weather|Snowscape|[upkeep]
|upkeep
|turn|22
|
|t:|1779841754
|move|p1a: We pulten on it|U-turn|p2a: Slowking
|-damage|p2a: Slowking|29/100
|
|t:|1779841759
|switch|p1a: Big Man|Tyranitar, F|76/100 tox|[from] U-turn
|-weather|Sandstorm|[from] ability: Sand Stream|[of] p1a: Big Man
|move|p2a: Slowking|Thunder Wave||[still]
|-fail|p2a: Slowking
|
|-weather|Sandstorm|[upkeep]
|-damage|p2a: Slowking|23/100|[from] Sandstorm
|-damage|p1a: Big Man|70/100 tox|[from] psn
|upkeep
|turn|23
|
|t:|1779841763
|switch|p2a: Weezing|Weezing-Galar, F|69/100
|-ability|p2a: Weezing|Neutralizing Gas
|move|p1a: Big Man|Stealth Rock|p2a: Weezing
|-sidestart|p2: Spongenoodles|move: Stealth Rock
|
|-weather|Sandstorm|[upkeep]
|-damage|p2a: Weezing|63/100|[from] Sandstorm
|-damage|p1a: Big Man|57/100 tox|[from] psn
|upkeep
|turn|24
|
|t:|1779841771
|switch|p1a: Jirachi|Jirachi|100/100
|move|p2a: Weezing|Defog|p1a: Jirachi
|-unboost|p1a: Jirachi|evasion|1
|-sideend|p2: Spongenoodles|Stealth Rock|[from] move: Defog|[of] p2a: Weezing
|
|-weather|Sandstorm|[upkeep]
|-damage|p2a: Weezing|57/100|[from] Sandstorm
|upkeep
|turn|25
|
|t:|1779841774
|move|p1a: Jirachi|Iron Head|p2a: Weezing
|-supereffective|p2a: Weezing
|-damage|p2a: Weezing|19/100
|move|p2a: Weezing|Will-O-Wisp|p1a: Jirachi
|-status|p1a: Jirachi|brn
|
|-weather|Sandstorm|[upkeep]
|-damage|p2a: Weezing|13/100|[from] Sandstorm
|-damage|p1a: Jirachi|94/100 brn|[from] brn
|upkeep
|turn|26
|
|t:|1779841782
|move|p1a: Jirachi|U-turn|p2a: Weezing
|-resisted|p2a: Weezing
|-damage|p2a: Weezing|12/100
|
|t:|1779841786
|switch|p1a: Gliscor|Gliscor, M|100/100 tox|[from] U-turn
|move|p2a: Weezing|Strange Steam|p1a: Gliscor
|-damage|p1a: Gliscor|66/100 tox
|-start|p1a: Gliscor|confusion
|
|-weather|Sandstorm|[upkeep]
|-damage|p2a: Weezing|6/100|[from] Sandstorm
|-damage|p1a: Gliscor|60/100 tox|[from] psn
|upkeep
|turn|27
|
|t:|1779841792
|switch|p1a: Jirachi|Jirachi|94/100 brn
|move|p2a: Weezing|Strange Steam|p1a: Jirachi
|-resisted|p1a: Jirachi
|-damage|p1a: Jirachi|83/100 brn
|
|-weather|Sandstorm|[upkeep]
|-damage|p2a: Weezing|0 fnt|[from] Sandstorm
|faint|p2a: Weezing
|-end|p2a: Weezing|ability: Neutralizing Gas
|-heal|p1a: Jirachi|90/100 brn|[from] item: Leftovers
|-damage|p1a: Jirachi|83/100 brn|[from] brn
|upkeep
|
|t:|1779841800
|switch|p2a: Lokix|Lokix, F|100/100
|turn|28
|
|t:|1779841804
|move|p1a: Jirachi|Iron Head|p2a: Lokix
|-damage|p2a: Lokix|82/100
|cant|p2a: Lokix|flinch
|
|-weather|Sandstorm|[upkeep]
|-damage|p2a: Lokix|76/100|[from] Sandstorm
|-heal|p1a: Jirachi|90/100 brn|[from] item: Leftovers
|-damage|p1a: Jirachi|83/100 brn|[from] brn
|upkeep
|turn|29
|
|t:|1779841813
|switch|p2a: Dondozo|Dondozo, F|100/100
|move|p1a: Jirachi|U-turn|p2a: Dondozo
|-damage|p2a: Dondozo|96/100
|
|t:|1779841822
|switch|p1a: Big Man|Tyranitar, F|57/100 tox|[from] U-turn
|
|-weather|none
|-damage|p1a: Big Man|51/100 tox|[from] psn
|upkeep
|turn|30
|
|t:|1779841825
|move|p1a: Big Man|Knock Off|p2a: Dondozo
|-damage|p2a: Dondozo|68/100
|-enditem|p2a: Dondozo|Chesto Berry|[from] move: Knock Off|[of] p1a: Big Man
|move|p2a: Dondozo|Curse|p2a: Dondozo
|-unboost|p2a: Dondozo|spe|1
|-boost|p2a: Dondozo|atk|1
|-boost|p2a: Dondozo|def|1
|
|-damage|p1a: Big Man|39/100 tox|[from] psn
|upkeep
|turn|31
|
|t:|1779841832
|switch|p1a: We pulten on it|Dragapult, M|39/100
|move|p2a: Dondozo|Curse|p2a: Dondozo
|-unboost|p2a: Dondozo|spe|1
|-boost|p2a: Dondozo|atk|1
|-boost|p2a: Dondozo|def|1
|
|upkeep
|turn|32
|
|t:|1779841837
|move|p1a: We pulten on it|Will-O-Wisp|p2a: Dondozo
|-status|p2a: Dondozo|brn
|move|p2a: Dondozo|Avalanche|p1a: We pulten on it
|-supereffective|p1a: We pulten on it
|-damage|p1a: We pulten on it|0 fnt
|faint|p1a: We pulten on it
|
|-damage|p2a: Dondozo|62/100 brn|[from] brn
|upkeep
|
|t:|1779841866
|switch|p1a: Big Man|Tyranitar, F|39/100 tox
|-weather|Sandstorm|[from] ability: Sand Stream|[of] p1a: Big Man
|turn|33
|
|t:|1779841870
|move|p2a: Dondozo|Rest|p2a: Dondozo
|-status|p2a: Dondozo|slp|[from] move: Rest
|-heal|p2a: Dondozo|100/100 slp|[silent]
|move|p1a: Big Man|Roar|p2a: Dondozo
|drag|p2a: Lokix|Lokix, F|76/100
|
|-weather|Sandstorm|[upkeep]
|-damage|p2a: Lokix|70/100|[from] Sandstorm
|-damage|p1a: Big Man|32/100 tox|[from] psn
|upkeep
|turn|34
|
|t:|1779841879
|switch|p1a: Gliscor|Gliscor, M|60/100 tox
|move|p2a: Lokix|First Impression|p1a: Gliscor
|-resisted|p1a: Gliscor
|-damage|p1a: Gliscor|24/100 tox
|
|-weather|Sandstorm|[upkeep]
|-damage|p2a: Lokix|64/100|[from] Sandstorm
|-heal|p1a: Gliscor|37/100 tox|[from] ability: Poison Heal
|upkeep
|turn|35
|
|t:|1779841892
|switch|p2a: Dondozo|Dondozo, F|100/100 slp
|move|p1a: Gliscor|U-turn|p2a: Dondozo
|-damage|p2a: Dondozo|92/100 slp
|
|t:|1779841908
|switch|p1a: Iron Thorns|Iron Thorns|100/100|[from] U-turn
|-enditem|p1a: Iron Thorns|Booster Energy
|-activate|p1a: Iron Thorns|ability: Quark Drive|[fromitem]
|-start|p1a: Iron Thorns|quarkdriveatk
|
|-weather|Sandstorm|[upkeep]
|-damage|p2a: Dondozo|86/100 slp|[from] Sandstorm
|upkeep
|turn|36
|
|t:|1779841914
|move|p1a: Iron Thorns|Low Kick|p2a: Dondozo
|-damage|p2a: Dondozo|52/100 slp
|cant|p2a: Dondozo|slp
|
|-weather|Sandstorm|[upkeep]
|-damage|p2a: Dondozo|46/100 slp|[from] Sandstorm
|upkeep
|turn|37
|
|t:|1779841919
|move|p1a: Iron Thorns|Low Kick|p2a: Dondozo
|-crit|p2a: Dondozo
|-damage|p2a: Dondozo|1/100 slp
|cant|p2a: Dondozo|slp
|
|-weather|Sandstorm|[upkeep]
|-damage|p2a: Dondozo|0 fnt|[from] Sandstorm
|faint|p2a: Dondozo
|upkeep
|
|t:|1779841927
|switch|p2a: Ogerpon|Ogerpon-Wellspring, F|36/100
|turn|38
|
|t:|1779841945
|switch|p2a: Slowking|Slowking-Galar, F|56/100
|-terastallize|p1a: Iron Thorns|Water
|move|p1a: Iron Thorns|Dragon Dance|p1a: Iron Thorns
|-boost|p1a: Iron Thorns|atk|1
|-boost|p1a: Iron Thorns|spe|1
|
|-weather|Sandstorm|[upkeep]
|-damage|p1a: Iron Thorns|94/100|[from] Sandstorm
|-damage|p2a: Slowking|50/100|[from] Sandstorm
|upkeep
|turn|39
|
|t:|1779841952
|move|p1a: Iron Thorns|Earthquake|p2a: Slowking
|-supereffective|p2a: Slowking
|-damage|p2a: Slowking|0 fnt
|faint|p2a: Slowking
|
|-weather|Sandstorm|[upkeep]
|-damage|p1a: Iron Thorns|88/100|[from] Sandstorm
|upkeep
|
|t:|1779841954
|switch|p2a: Lokix|Lokix, F|64/100
|turn|40
|
|t:|1779841957
|-terastallize|p2a: Lokix|Bug
|move|p2a: Lokix|First Impression|p1a: Iron Thorns
|-damage|p1a: Iron Thorns|28/100
|move|p1a: Iron Thorns|Ice Punch|p2a: Lokix
|-damage|p2a: Lokix|0 fnt
|faint|p2a: Lokix
|
|-weather|none
|upkeep
|
|t:|1779841962
|switch|p2a: Ogerpon|Ogerpon-Wellspring, F|36/100
|turn|41
|
|t:|1779841967
|move|p1a: Iron Thorns|Low Kick|p2a: Ogerpon
|-damage|p2a: Ogerpon|0 fnt
|faint|p2a: Ogerpon
|
|win|dickman49
|raw|dickman49's rating: 1325 &rarr; <strong>1346</strong><br />(+21 for winning)
|raw|Spongenoodles's rating: 1345 &rarr; <strong>1324</strong><br />(-21 for losing)
|l|☆Spongenoodles
|player|p2|
|l|☆dickman49
|player|p1|
