|j|☆Gunkip
|j|☆tokiwakano
|t:|1779950910
|gametype|singles
|player|p1|Gunkip|misty|1680
|player|p2|tokiwakano|acetrainerf|1746
|gen|9
|tier|[Gen 9] OU
|rated|
|rule|HP Percentage Mod: HP is shown in percentages
|rule|Endless Battle Clause: Forcing endless battles is banned
|rule|Species Clause: Limit one of each Pokémon
|rule|OHKO Clause: OHKO moves are banned
|rule|Evasion Items Clause: Evasion items are banned
|rule|Evasion Moves Clause: Evasion moves are banned
|rule|Evasion Abilities Clause: Evasion abilities are banned
|rule|Sleep Moves Clause: Sleep-inducing moves are banned
|clearpoke
|poke|p1|Samurott-Hisui, M|
|poke|p1|Dragonite, F|
|poke|p1|Kingambit, M|
|poke|p1|Iron Moth|
|poke|p1|Iron Valiant|
|poke|p1|Moltres-Galar|
|poke|p2|Excadrill, F|
|poke|p2|Tyranitar, M|
|poke|p2|Enamorus, F|
|poke|p2|Hydrapple, M|
|poke|p2|Alomomola, F|
|poke|p2|Garganacl, F|
|teampreview
|inactive|Battle timer is ON: inactive players will automatically lose when time's up. (requested by tokiwakano)
|
|t:|1779950940
|teamsize|p1|6
|teamsize|p2|6
|start
|switch|p1a: 90% accurate|Samurott-Hisui, M|100/100
|switch|p2a: Enamorus|Enamorus, F|100/100
|turn|1
|
|t:|1779950947
|move|p2a: Enamorus|Moonblast|p1a: 90% accurate
|-supereffective|p1a: 90% accurate
|-enditem|p1a: 90% accurate|Focus Sash
|-damage|p1a: 90% accurate|1/100
|move|p1a: 90% accurate|Aqua Cutter|p2a: Enamorus
|-damage|p2a: Enamorus|13/100
|
|upkeep
|turn|2
|
|t:|1779950955
|move|p1a: 90% accurate|Sucker Punch|p2a: Enamorus
|-resisted|p2a: Enamorus
|-damage|p2a: Enamorus|0 fnt
|faint|p2a: Enamorus
|
|upkeep
|
|t:|1779950961
|switch|p2a: Tyranitar|Tyranitar, M|100/100
|-weather|Sandstorm|[from] ability: Sand Stream|[of] p2a: Tyranitar
|turn|3
|
|t:|1779950965
|switch|p2a: Hydrapple|Hydrapple, M|100/100
|move|p1a: 90% accurate|Ceaseless Edge|p2a: Hydrapple
|-damage|p2a: Hydrapple|71/100
|-damage|p1a: 90% accurate|0 fnt|[from] item: Rocky Helmet|[of] p2a: Hydrapple
|faint|p1a: 90% accurate
|
|-weather|Sandstorm|[upkeep]
|-damage|p2a: Hydrapple|65/100|[from] Sandstorm
|upkeep
|
|t:|1779950973
|switch|p1a: bird is the word|Moltres-Galar|100/100
|turn|4
|
|t:|1779950982
|switch|p2a: Tyranitar|Tyranitar, M|100/100
|move|p1a: bird is the word|Nasty Plot|p1a: bird is the word
|-boost|p1a: bird is the word|spa|2
|
|-weather|Sandstorm|[upkeep]
|-damage|p1a: bird is the word|94/100|[from] Sandstorm
|upkeep
|turn|5
|
|t:|1779950985
|move|p1a: bird is the word|Fiery Wrath|p2a: Tyranitar
|-resisted|p2a: Tyranitar
|-crit|p2a: Tyranitar
|-damage|p2a: Tyranitar|61/100
|move|p2a: Tyranitar|Stone Edge|p1a: bird is the word
|-supereffective|p1a: bird is the word
|-damage|p1a: bird is the word|0 fnt
|faint|p1a: bird is the word
|
|-weather|Sandstorm|[upkeep]
|upkeep
|
|t:|1779950996
|switch|p1a: feels the aura|Dragonite, F|100/100
|turn|6
|
|t:|1779951000
|move|p1a: feels the aura|Dragon Dance|p1a: feels the aura
|-boost|p1a: feels the aura|atk|1
|-boost|p1a: feels the aura|spe|1
|move|p2a: Tyranitar|Stone Edge|p1a: feels the aura
|-supereffective|p1a: feels the aura
|-damage|p1a: feels the aura|0 fnt
|faint|p1a: feels the aura
|
|-weather|Sandstorm|[upkeep]
|upkeep
|
|t:|1779951006
|switch|p1a: fight the power|Iron Valiant|100/100
|-enditem|p1a: fight the power|Booster Energy
|-activate|p1a: fight the power|ability: Quark Drive|[fromitem]
|-start|p1a: fight the power|quarkdrivespe
|turn|7
|
|t:|1779951013
|switch|p2a: Alomomola|Alomomola, F|100/100
|move|p1a: fight the power|Moonblast|p2a: Alomomola
|-damage|p2a: Alomomola|78/100
|-unboost|p2a: Alomomola|spa|1
|
|-weather|none
|upkeep
|turn|8
|
|t:|1779951016
|move|p1a: fight the power|Knock Off|p2a: Alomomola
|-damage|p2a: Alomomola|58/100
|-enditem|p2a: Alomomola|Assault Vest|[from] move: Knock Off|[of] p1a: fight the power
|move|p2a: Alomomola|Scald|p1a: fight the power
|-damage|p1a: fight the power|81/100
|
|upkeep
|turn|9
|
|t:|1779951024
|move|p1a: fight the power|Moonblast|p2a: Alomomola
|-damage|p2a: Alomomola|21/100
|move|p2a: Alomomola|Flip Turn|p1a: fight the power
|-damage|p1a: fight the power|60/100
|
|t:|1779951026
|switch|p2a: Tyranitar|Tyranitar, M|61/100|[from] Flip Turn
|-weather|Sandstorm|[from] ability: Sand Stream|[of] p2a: Tyranitar
|
|-weather|Sandstorm|[upkeep]
|-damage|p1a: fight the power|54/100|[from] Sandstorm
|upkeep
|turn|10
|
|t:|1779951032
|switch|p2a: Alomomola|Alomomola, F|54/100
|move|p1a: fight the power|Close Combat|p2a: Alomomola
|-damage|p2a: Alomomola|20/100
|-unboost|p1a: fight the power|def|1
|-unboost|p1a: fight the power|spd|1
|
|-weather|Sandstorm|[upkeep]
|-damage|p1a: fight the power|48/100|[from] Sandstorm
|-damage|p2a: Alomomola|14/100|[from] Sandstorm
|upkeep
|turn|11
|
|t:|1779951041
|move|p1a: fight the power|Moonblast|p2a: Alomomola
|-damage|p2a: Alomomola|0 fnt
|faint|p2a: Alomomola
|
|-weather|Sandstorm|[upkeep]
|-damage|p1a: fight the power|41/100|[from] Sandstorm
|upkeep
|
|t:|1779951043
|switch|p2a: Excadrill|Excadrill, F|100/100
|turn|12
|
|t:|1779951052
|-end|p1a: fight the power|Quark Drive|[silent]
|switch|p1a: tony soprano|Kingambit, M|100/100
|-activate|p1a: tony soprano|ability: Supreme Overlord
|-start|p1a: tony soprano|fallen3|[silent]
|-item|p1a: tony soprano|Air Balloon
|move|p2a: Excadrill|Iron Head|p1a: tony soprano
|-resisted|p1a: tony soprano
|-damage|p1a: tony soprano|81/100
|-enditem|p1a: tony soprano|Air Balloon
|
|-weather|Sandstorm|[upkeep]
|upkeep
|turn|13
|
|t:|1779951063
|move|p1a: tony soprano|Sucker Punch|p2a: Excadrill
|-damage|p2a: Excadrill|22/100
|move|p2a: Excadrill|Earthquake|p1a: tony soprano
|-supereffective|p1a: tony soprano
|-damage|p1a: tony soprano|0 fnt
|faint|p1a: tony soprano
|-end|p1a: tony soprano|fallen3|[silent]
|
|-weather|none
|-heal|p2a: Excadrill|28/100|[from] item: Leftovers
|upkeep
|inactive|Gunkip has 120 seconds left.
|
|t:|1779951089
|switch|p1a: fight the power|Iron Valiant|41/100
|turn|14
|
|t:|1779951100
|switch|p2a: Tyranitar|Tyranitar, M|61/100
|-weather|Sandstorm|[from] ability: Sand Stream|[of] p2a: Tyranitar
|move|p1a: fight the power|Close Combat|p2a: Tyranitar
|-supereffective|p2a: Tyranitar
|-damage|p2a: Tyranitar|0 fnt
|-unboost|p1a: fight the power|def|1
|-unboost|p1a: fight the power|spd|1
|faint|p2a: Tyranitar
|
|-weather|Sandstorm|[upkeep]
|-damage|p1a: fight the power|35/100|[from] Sandstorm
|upkeep
|
|t:|1779951102
|switch|p2a: Excadrill|Excadrill, F|28/100
|turn|15
|
|t:|1779951110
|move|p2a: Excadrill|Earthquake|p1a: fight the power
|-crit|p1a: fight the power
|-damage|p1a: fight the power|0 fnt
|faint|p1a: fight the power
|-end|p1a: fight the power|Quark Drive|[silent]
|
|-weather|Sandstorm|[upkeep]
|-heal|p2a: Excadrill|34/100|[from] item: Leftovers
|upkeep
|
|t:|1779951111
|switch|p1a: definitely|Iron Moth|100/100
|-enditem|p1a: definitely|Booster Energy
|-activate|p1a: definitely|ability: Quark Drive|[fromitem]
|-start|p1a: definitely|quarkdrivespe
|turn|16
|
|t:|1779951122
|move|p2a: Excadrill|Substitute|p2a: Excadrill
|-start|p2a: Excadrill|Substitute
|-damage|p2a: Excadrill|9/100
|move|p1a: definitely|Fiery Dance|p2a: Excadrill
|-supereffective|p2a: Excadrill
|-end|p2a: Excadrill|Substitute
|-boost|p1a: definitely|spa|1
|
|-weather|Sandstorm|[upkeep]
|-damage|p1a: definitely|95/100|[from] Sandstorm
|-heal|p2a: Excadrill|15/100|[from] item: Leftovers
|upkeep
|turn|17
|
|t:|1779951126
|-terastallize|p1a: definitely|Fairy
|move|p2a: Excadrill|Earthquake|p1a: definitely
|-damage|p1a: definitely|3/100
|move|p1a: definitely|Fiery Dance|p2a: Excadrill
|-supereffective|p2a: Excadrill
|-damage|p2a: Excadrill|0 fnt
|-boost|p1a: definitely|spa|1
|faint|p2a: Excadrill
|
|-weather|Sandstorm|[upkeep]
|-damage|p1a: definitely|0 fnt|[from] Sandstorm
|faint|p1a: definitely
|-end|p1a: definitely|Quark Drive|[silent]
|
|win|tokiwakano
|raw|Gunkip's rating: 1680 &rarr; <strong>1664</strong><br />(-16 for losing)
|raw|tokiwakano's rating: 1746 &rarr; <strong>1762</strong><br />(+16 for winning)
