|j|☆NatsuNoYutsu
|j|☆Pokemon blodown
|t:|1779960647
|gametype|singles
|player|p1|NatsuNoYutsu|youngster-gen4dp|1236
|player|p2|Pokemon blodown|170|1169
|gen|9
|tier|[Gen 9] OU
|rated|
|rule|HP Percentage Mod: HP is shown in percentages
|rule|Endless Battle Clause: Forcing endless battles is banned
|rule|Species Clause: Limit one of each Pokémon
|rule|OHKO Clause: OHKO moves are banned
|rule|Evasion Items Clause: Evasion items are banned
|rule|Evasion Moves Clause: Evasion moves are banned
|rule|Evasion Abilities Clause: Evasion abilities are banned
|rule|Sleep Moves Clause: Sleep-inducing moves are banned
|clearpoke
|poke|p1|Slowking-Galar, M|
|poke|p1|Darkrai|
|poke|p1|Clefable, F|
|poke|p1|Dragapult, F|
|poke|p1|Cinderace, F|
|poke|p1|Gliscor, M|
|poke|p2|Rillaboom, M|
|poke|p2|Empoleon, M|
|poke|p2|Passimian, F|
|poke|p2|Weezing-Galar, F|
|poke|p2|Hatterene, F|
|poke|p2|Skeledirge, F|
|teampreview
|inactive|Battle timer is ON: inactive players will automatically lose when time's up. (requested by Pokemon blodown)
|
|t:|1779960667
|teamsize|p1|6
|teamsize|p2|6
|start
|switch|p1a: Dragapult|Dragapult, F|100/100
|switch|p2a: Rillaboom|Rillaboom, M|100/100
|-fieldstart|move: Grassy Terrain|[from] ability: Grassy Surge|[of] p2a: Rillaboom
|turn|1
|
|t:|1779960675
|move|p1a: Dragapult|Draco Meteor|p2a: Rillaboom
|-damage|p2a: Rillaboom|33/100
|-unboost|p1a: Dragapult|spa|2
|move|p2a: Rillaboom|Knock Off|p1a: Dragapult
|-supereffective|p1a: Dragapult
|-damage|p1a: Dragapult|14/100
|-enditem|p1a: Dragapult|Choice Specs|[from] move: Knock Off|[of] p2a: Rillaboom
|
|-heal|p1a: Dragapult|20/100|[from] Grassy Terrain
|-heal|p2a: Rillaboom|39/100|[from] Grassy Terrain
|upkeep
|turn|2
|
|t:|1779960687
|move|p2a: Rillaboom|Grassy Glide|p1a: Dragapult
|-resisted|p1a: Dragapult
|-damage|p1a: Dragapult|0 fnt
|faint|p1a: Dragapult
|
|-heal|p2a: Rillaboom|45/100|[from] Grassy Terrain
|upkeep
|
|t:|1779960695
|switch|p1a: Darkrai|Darkrai, shiny|100/100
|turn|3
|
|t:|1779960710
|switch|p2a: Passimian|Passimian, F|100/100
|move|p1a: Darkrai|Ice Beam|p2a: Passimian
|-damage|p2a: Passimian|77/100
|
|-heal|p2a: Passimian|84/100|[from] Grassy Terrain
|upkeep
|turn|4
|
|t:|1779960719
|switch|p1a: Gliscor|Gliscor, M|100/100
|move|p2a: Passimian|U-turn|p1a: Gliscor
|-resisted|p1a: Gliscor
|-damage|p1a: Gliscor|92/100
|
|t:|1779960734
|switch|p2a: Hatterene|Hatterene, F|100/100|[from] U-turn
|
|-status|p1a: Gliscor|tox|[from] item: Toxic Orb
|upkeep
|turn|5
|
|t:|1779960742
|switch|p1a: Slowking|Slowking-Galar, M|100/100
|move|p2a: Hatterene|Trick Room|p2a: Hatterene
|-fieldstart|move: Trick Room|[of] p2a: Hatterene
|
|-fieldend|move: Grassy Terrain
|upkeep
|turn|6
|
|t:|1779960752
|switch|p2a: Empoleon|Empoleon, M|100/100
|move|p1a: Slowking|Trick|p2a: Empoleon
|-activate|p1a: Slowking|move: Trick|[of] p2a: Empoleon
|-item|p2a: Empoleon|Choice Specs|[from] move: Trick
|-item|p1a: Slowking|Weakness Policy|[from] move: Trick
|
|upkeep
|turn|7
|
|t:|1779960781
|switch|p2a: Hatterene|Hatterene, F|100/100
|-prepare|p1a: Slowking|Chilly Reception|[premajor]
|move|p1a: Slowking|Chilly Reception|p1a: Slowking
|-weather|Snowscape
|
|t:|1779960788
|switch|p1a: Gliscor|Gliscor, M|92/100 tox|[from] Chilly Reception
|
|-weather|Snowscape|[upkeep]
|-heal|p1a: Gliscor|100/100 tox|[from] ability: Poison Heal
|upkeep
|turn|8
|
|t:|1779960798
|move|p2a: Hatterene|Psychic Noise|p1a: Gliscor
|-damage|p1a: Gliscor|58/100 tox
|-start|p1a: Gliscor|move: Heal Block
|move|p1a: Gliscor|Knock Off|p2a: Hatterene
|-damage|p2a: Hatterene|76/100
|-enditem|p2a: Hatterene|Leftovers|[from] move: Knock Off|[of] p1a: Gliscor
|
|-weather|Snowscape|[upkeep]
|upkeep
|turn|9
|inactive|NatsuNoYutsu has 120 seconds left.
|inactive|NatsuNoYutsu has 90 seconds left.
|inactive|NatsuNoYutsu has 60 seconds left.
|l|☆NatsuNoYutsu
|inactive|NatsuNoYutsu disconnected and has a minute to reconnect!
|player|p1|
|inactive|NatsuNoYutsu has 30 seconds to reconnect!
|inactive|NatsuNoYutsu has 20 seconds to reconnect!
|inactive|NatsuNoYutsu has 15 seconds to reconnect!
|inactive|NatsuNoYutsu has 10 seconds to reconnect!
|inactive|NatsuNoYutsu has 5 seconds to reconnect!
|-message|NatsuNoYutsu lost due to inactivity.
|
|win|Pokemon blodown
|raw|NatsuNoYutsu's rating: 1236 &rarr; <strong>1206</strong><br />(-30 for losing)
|raw|Pokemon blodown's rating: 1169 &rarr; <strong>1199</strong><br />(+30 for winning)
|l|☆Pokemon blodown
|player|p2|
