|j|☆piplupipo
|j|☆GONZALOCARDOZO03
|t:|1779886010
|gametype|singles
|player|p1|piplupipo|psychicf-gen4|1181
|player|p2|GONZALOCARDOZO03|byron|1207
|gen|9
|tier|[Gen 9] OU
|rated|
|rule|HP Percentage Mod: HP is shown in percentages
|rule|Endless Battle Clause: Forcing endless battles is banned
|rule|Species Clause: Limit one of each Pokémon
|rule|OHKO Clause: OHKO moves are banned
|rule|Evasion Items Clause: Evasion items are banned
|rule|Evasion Moves Clause: Evasion moves are banned
|rule|Evasion Abilities Clause: Evasion abilities are banned
|rule|Sleep Moves Clause: Sleep-inducing moves are banned
|clearpoke
|poke|p1|Glimmora, M|
|poke|p1|Hitmonlee, M|
|poke|p1|Eiscue, F|
|poke|p1|Polteageist|
|poke|p1|Klawf, F|
|poke|p1|Veluza, M|
|poke|p2|Salazzle, F|
|poke|p2|Ogerpon-Wellspring, F|
|poke|p2|Garganacl, F|
|poke|p2|Iron Treads|
|poke|p2|Corviknight, F|
|poke|p2|Cinderace, M|
|teampreview
|inactive|Battle timer is ON: inactive players will automatically lose when time's up. (requested by GONZALOCARDOZO03)
|
|t:|1779886015
|teamsize|p1|6
|teamsize|p2|6
|start
|switch|p1a: Glimmora|Glimmora, M|100/100
|switch|p2a: Salazzle|Salazzle, F, shiny|100/100
|turn|1
|
|t:|1779886020
|move|p2a: Salazzle|Protect|p2a: Salazzle
|-singleturn|p2a: Salazzle|Protect
|move|p1a: Glimmora|Power Gem|p2a: Salazzle
|-activate|p2a: Salazzle|move: Protect
|
|upkeep
|turn|2
|
|t:|1779886026
|move|p2a: Salazzle|Toxic|p1a: Glimmora
|-status|p1a: Glimmora|tox
|move|p1a: Glimmora|Power Gem|p2a: Salazzle
|-supereffective|p2a: Salazzle
|-damage|p2a: Salazzle|0 fnt
|faint|p2a: Salazzle
|
|-damage|p1a: Glimmora|94/100 tox|[from] psn
|upkeep
|
|t:|1779886031
|switch|p2a: Iron Treads|Iron Treads|100/100
|-enditem|p2a: Iron Treads|Booster Energy
|-activate|p2a: Iron Treads|ability: Quark Drive|[fromitem]
|-start|p2a: Iron Treads|quarkdriveatk
|turn|3
|
|t:|1779886036
|move|p2a: Iron Treads|Earthquake|p1a: Glimmora
|-supereffective|p1a: Glimmora
|-damage|p1a: Glimmora|0 fnt
|-activate|p1a: Glimmora|ability: Toxic Debris
|-sidestart|p2: GONZALOCARDOZO03|move: Toxic Spikes
|faint|p1a: Glimmora
|
|upkeep
|
|t:|1779886044
|switch|p1a: Veluza|Veluza, M|100/100
|turn|4
|
|t:|1779886050
|move|p2a: Iron Treads|Rapid Spin|p1a: Veluza
|-damage|p1a: Veluza|68/100
|-boost|p2a: Iron Treads|spe|1
|-sideend|p2: GONZALOCARDOZO03|Toxic Spikes|[from] move: Rapid Spin|[of] p2a: Iron Treads
|move|p1a: Veluza|Fillet Away|p1a: Veluza
|-boost|p1a: Veluza|atk|2
|-boost|p1a: Veluza|spa|2
|-boost|p1a: Veluza|spe|2
|-damage|p1a: Veluza|18/100
|-enditem|p1a: Veluza|Sitrus Berry|[eat]
|-heal|p1a: Veluza|43/100|[from] item: Sitrus Berry
|
|upkeep
|turn|5
|
|t:|1779886057
|move|p1a: Veluza|Aqua Cutter|p2a: Iron Treads
|-supereffective|p2a: Iron Treads
|-damage|p2a: Iron Treads|0 fnt
|faint|p2a: Iron Treads
|-end|p2a: Iron Treads|Quark Drive|[silent]
|
|upkeep
|
|t:|1779886060
|switch|p2a: Ogerpon|Ogerpon-Wellspring, F|100/100
|turn|6
|
|t:|1779886063
|move|p1a: Veluza|Psychic Fangs|p2a: Ogerpon
|-damage|p2a: Ogerpon|0 fnt
|faint|p2a: Ogerpon
|
|upkeep
|
|t:|1779886074
|switch|p2a: Garganacl|Garganacl, F|100/100
|turn|7
|
|t:|1779886078
|-terastallize|p2a: Garganacl|Ghost
|move|p1a: Veluza|Aqua Cutter|p2a: Garganacl
|-damage|p2a: Garganacl|36/100
|move|p2a: Garganacl|Salt Cure|p1a: Veluza
|-damage|p1a: Veluza|19/100
|-start|p1a: Veluza|Salt Cure
|
|-damage|p1a: Veluza|0 fnt|[from] Salt Cure
|faint|p1a: Veluza
|upkeep
|
|t:|1779886088
|switch|p1a: Polteageist|Polteageist|100/100
|turn|8
|
|t:|1779886094
|move|p1a: Polteageist|Shadow Ball|p2a: Garganacl
|-supereffective|p2a: Garganacl
|-damage|p2a: Garganacl|0 fnt
|faint|p2a: Garganacl
|
|upkeep
|
|t:|1779886097
|switch|p2a: Cinderace|Cinderace, M|100/100
|turn|9
|
|t:|1779886100
|move|p2a: Cinderace|Pyro Ball|p1a: Polteageist
|-enditem|p1a: Polteageist|Focus Sash
|-damage|p1a: Polteageist|1/100
|-ability|p1a: Polteageist|Weak Armor|boost
|-unboost|p1a: Polteageist|def|1
|-boost|p1a: Polteageist|spe|2
|move|p1a: Polteageist|Shell Smash|p1a: Polteageist
|-unboost|p1a: Polteageist|def|1
|-unboost|p1a: Polteageist|spd|1
|-boost|p1a: Polteageist|atk|2
|-boost|p1a: Polteageist|spa|2
|-boost|p1a: Polteageist|spe|2
|
|upkeep
|turn|10
|
|t:|1779886109
|move|p1a: Polteageist|Stored Power|p2a: Cinderace
|-damage|p2a: Cinderace|0 fnt
|faint|p2a: Cinderace
|
|upkeep
|c|☆piplupipo|peo
|
|t:|1779886111
|switch|p2a: Corviknight|Corviknight, F|100/100
|turn|11
|c|☆piplupipo|poew
|c|☆piplupipo|epow
|c|☆piplupipo|peo
|c|☆piplupipo|peow
|c|☆piplupipo|peow
|
|t:|1779886117
|move|p1a: Polteageist|Shadow Ball|p2a: Corviknight
|-damage|p2a: Corviknight|21/100
|move|p2a: Corviknight|Brave Bird|p1a: Polteageist
|-damage|p1a: Polteageist|0 fnt
|faint|p1a: Polteageist
|-damage|p2a: Corviknight|21/100|[from] Recoil
|
|upkeep
|
|t:|1779886124
|switch|p1a: Hitmonlee|Hitmonlee, M|100/100
|turn|12
|
|t:|1779886130
|move|p1a: Hitmonlee|Stone Edge|p2a: Corviknight
|-damage|p2a: Corviknight|0 fnt
|faint|p2a: Corviknight
|
|win|piplupipo
|raw|piplupipo's rating: 1181 &rarr; <strong>1208</strong><br />(+27 for winning)
|raw|GONZALOCARDOZO03's rating: 1207 &rarr; <strong>1180</strong><br />(-27 for losing)
|c|☆piplupipo|open a windooooow
|l|☆piplupipo
|player|p1|
|l|☆GONZALOCARDOZO03
|player|p2|
