|j|☆Nahlokin
|j|☆Kaltaris83
|t:|1779890276
|gametype|singles
|player|p1|Nahlokin|hilbert|1498
|player|p2|Kaltaris83|psychic|1541
|gen|9
|tier|[Gen 9] OU
|rated|
|rule|HP Percentage Mod: HP is shown in percentages
|rule|Endless Battle Clause: Forcing endless battles is banned
|rule|Species Clause: Limit one of each Pokémon
|rule|OHKO Clause: OHKO moves are banned
|rule|Evasion Items Clause: Evasion items are banned
|rule|Evasion Moves Clause: Evasion moves are banned
|rule|Evasion Abilities Clause: Evasion abilities are banned
|rule|Sleep Moves Clause: Sleep-inducing moves are banned
|clearpoke
|poke|p1|Trevenant, F|
|poke|p1|Torkoal, F|
|poke|p1|Walking Wake|
|poke|p1|Great Tusk|
|poke|p1|Heatran, F|
|poke|p1|Clefable, F|
|poke|p2|Garchomp, M|
|poke|p2|Tyranitar, M|
|poke|p2|Skarmory, M|
|poke|p2|Moltres-Galar|
|poke|p2|Talonflame, F|
|poke|p2|Deoxys-Speed|
|teampreview
|inactive|Battle timer is ON: inactive players will automatically lose when time's up. (requested by Nahlokin)
|
|t:|1779890279
|teamsize|p1|6
|teamsize|p2|6
|start
|switch|p1a: END KALI YUGA|Torkoal, F|100/100
|switch|p2a: Deoxys|Deoxys-Speed|100/100
|-ability|p2a: Deoxys|Pressure
|-weather|SunnyDay|[from] ability: Drought|[of] p1a: END KALI YUGA
|turn|1
|
|t:|1779890286
|move|p2a: Deoxys|Meteor Beam||[still]
|-prepare|p2a: Deoxys|Meteor Beam
|-boost|p2a: Deoxys|spa|1
|-enditem|p2a: Deoxys|Power Herb
|-anim|p2a: Deoxys|Meteor Beam|p1a: END KALI YUGA
|-supereffective|p1a: END KALI YUGA
|-damage|p1a: END KALI YUGA|0 fnt
|faint|p1a: END KALI YUGA
|
|-weather|SunnyDay|[upkeep]
|upkeep
|
|t:|1779890294
|switch|p1a: MATHEMATICAL CHEST|Walking Wake|100/100
|-activate|p1a: MATHEMATICAL CHEST|ability: Protosynthesis
|-start|p1a: MATHEMATICAL CHEST|protosynthesisspe
|turn|2
|
|t:|1779890304
|switch|p2a: Tyranitar|Tyranitar, M, shiny|100/100
|-weather|Sandstorm|[from] ability: Sand Stream|[of] p2a: Tyranitar
|-end|p1a: MATHEMATICAL CHEST|Protosynthesis
|-terastallize|p1a: MATHEMATICAL CHEST|Water
|move|p1a: MATHEMATICAL CHEST|Hydro Steam|p2a: Tyranitar
|-supereffective|p2a: Tyranitar
|-damage|p2a: Tyranitar|0 fnt
|faint|p2a: Tyranitar
|
|-weather|Sandstorm|[upkeep]
|-damage|p1a: MATHEMATICAL CHEST|94/100|[from] Sandstorm
|upkeep
|
|t:|1779890307
|switch|p2a: Deoxys|Deoxys-Speed|100/100
|-ability|p2a: Deoxys|Pressure
|turn|3
|
|t:|1779890318
|move|p2a: Deoxys|Thunder Wave|p1a: MATHEMATICAL CHEST
|-status|p1a: MATHEMATICAL CHEST|par
|cant|p1a: MATHEMATICAL CHEST|par
|
|-weather|Sandstorm|[upkeep]
|-damage|p2a: Deoxys|94/100|[from] Sandstorm
|-damage|p1a: MATHEMATICAL CHEST|88/100 par|[from] Sandstorm
|upkeep
|turn|4
|
|t:|1779890324
|move|p2a: Deoxys|Psycho Boost|p1a: MATHEMATICAL CHEST|[miss]
|-miss|p2a: Deoxys|p1a: MATHEMATICAL CHEST
|move|p1a: MATHEMATICAL CHEST|Hydro Steam|p2a: Deoxys
|-damage|p2a: Deoxys|0 fnt
|faint|p2a: Deoxys
|
|-weather|Sandstorm|[upkeep]
|-damage|p1a: MATHEMATICAL CHEST|82/100 par|[from] Sandstorm
|upkeep
|
|t:|1779890326
|switch|p2a: Garchomp|Garchomp, M|100/100
|turn|5
|
|t:|1779890334
|move|p2a: Garchomp|Scale Shot|p1a: MATHEMATICAL CHEST
|-crit|p1a: MATHEMATICAL CHEST
|-damage|p1a: MATHEMATICAL CHEST|61/100 par
|-crit|p1a: MATHEMATICAL CHEST
|-damage|p1a: MATHEMATICAL CHEST|40/100 par
|-damage|p1a: MATHEMATICAL CHEST|26/100 par
|-damage|p1a: MATHEMATICAL CHEST|13/100 par
|-damage|p1a: MATHEMATICAL CHEST|0 fnt
|faint|p1a: MATHEMATICAL CHEST
|-end|p1a: MATHEMATICAL CHEST|Protosynthesis|[silent]
|-hitcount|p1: MATHEMATICAL CHEST|5
|-unboost|p2a: Garchomp|def|1
|-boost|p2a: Garchomp|spe|1
|
|-weather|Sandstorm|[upkeep]
|upkeep
|
|t:|1779890346
|switch|p1a: ANNUNAKI PROJECT|Clefable, F|100/100
|turn|6
|
|t:|1779890351
|move|p2a: Garchomp|Iron Head|p1a: ANNUNAKI PROJECT
|-supereffective|p1a: ANNUNAKI PROJECT
|-crit|p1a: ANNUNAKI PROJECT
|-damage|p1a: ANNUNAKI PROJECT|35/100
|move|p1a: ANNUNAKI PROJECT|Moonblast|p2a: Garchomp
|-supereffective|p2a: Garchomp
|-damage|p2a: Garchomp|35/100
|
|-weather|none
|-heal|p1a: ANNUNAKI PROJECT|41/100|[from] item: Leftovers
|upkeep
|turn|7
|
|t:|1779890361
|move|p2a: Garchomp|Iron Head|p1a: ANNUNAKI PROJECT
|-supereffective|p1a: ANNUNAKI PROJECT
|-damage|p1a: ANNUNAKI PROJECT|0 fnt
|faint|p1a: ANNUNAKI PROJECT
|
|upkeep
|
|t:|1779890365
|switch|p1a: MINERAL AWARENESS|Great Tusk|100/100
|turn|8
|
|t:|1779890369
|switch|p2a: Talonflame|Talonflame, F|100/100
|move|p1a: MINERAL AWARENESS|Ice Spinner|p2a: Talonflame
|-damage|p2a: Talonflame|56/100
|-status|p1a: MINERAL AWARENESS|brn|[from] ability: Flame Body|[of] p2a: Talonflame
|
|-damage|p1a: MINERAL AWARENESS|94/100 brn|[from] brn
|upkeep
|turn|9
|
|t:|1779890377
|-end|p1a: MINERAL AWARENESS|Protosynthesis|[silent]
|switch|p1a: I'LL MISS|Heatran, F|100/100
|move|p2a: Talonflame|U-turn|p1a: I'LL MISS
|-resisted|p1a: I'LL MISS
|-damage|p1a: I'LL MISS|97/100
|
|t:|1779890395
|switch|p2a: Garchomp|Garchomp, M|35/100|[from] U-turn
|
|-heal|p1a: I'LL MISS|100/100|[from] item: Leftovers
|upkeep
|turn|10
|
|t:|1779890400
|switch|p1a: GOLEMS NOT READY|Trevenant, F|100/100
|move|p2a: Garchomp|Earthquake|p1a: GOLEMS NOT READY
|-resisted|p1a: GOLEMS NOT READY
|-damage|p1a: GOLEMS NOT READY|71/100
|
|upkeep
|turn|11
|
|t:|1779890406
|move|p2a: Garchomp|Swords Dance|p2a: Garchomp
|-boost|p2a: Garchomp|atk|2
|move|p1a: GOLEMS NOT READY|Curse|p2a: Garchomp
|-start|p2a: Garchomp|Curse|[of] p1a: GOLEMS NOT READY
|-damage|p1a: GOLEMS NOT READY|21/100
|-enditem|p1a: GOLEMS NOT READY|Sitrus Berry|[eat]
|-heal|p1a: GOLEMS NOT READY|46/100|[from] item: Sitrus Berry
|
|-damage|p2a: Garchomp|10/100|[from] Curse
|-item|p1a: GOLEMS NOT READY|Sitrus Berry|[from] ability: Harvest
|upkeep
|-enditem|p1a: GOLEMS NOT READY|Sitrus Berry|[eat]
|-heal|p1a: GOLEMS NOT READY|71/100|[from] item: Sitrus Berry
|turn|12
|
|t:|1779890418
|move|p1a: GOLEMS NOT READY|Protect|p1a: GOLEMS NOT READY
|-singleturn|p1a: GOLEMS NOT READY|Protect
|move|p2a: Garchomp|Scale Shot|p1a: GOLEMS NOT READY
|-activate|p1a: GOLEMS NOT READY|move: Protect
|
|-damage|p2a: Garchomp|0 fnt|[from] Curse
|faint|p2a: Garchomp
|upkeep
|
|t:|1779890420
|switch|p2a: Talonflame|Talonflame, F|56/100
|turn|13
|
|t:|1779890427
|switch|p1a: I'LL MISS|Heatran, F|100/100
|move|p2a: Talonflame|Flare Blitz|p1a: I'LL MISS
|-start|p1a: I'LL MISS|ability: Flash Fire
|
|upkeep
|turn|14
|
|t:|1779890437
|move|p2a: Talonflame|U-turn|p1a: I'LL MISS
|-resisted|p1a: I'LL MISS
|-damage|p1a: I'LL MISS|97/100
|
|t:|1779890438
|switch|p2a: Skarmory|Skarmory, M, shiny|100/100|[from] U-turn
|move|p1a: I'LL MISS|Magma Storm|p2a: Skarmory
|-supereffective|p2a: Skarmory
|-ability|p2a: Skarmory|Sturdy
|-damage|p2a: Skarmory|1/100
|-activate|p2a: Skarmory|move: Magma Storm|[of] p1a: I'LL MISS
|
|-heal|p1a: I'LL MISS|100/100|[from] item: Leftovers
|-heal|p2a: Skarmory|7/100|[from] item: Leftovers
|-damage|p2a: Skarmory|0 fnt|[from] move: Magma Storm|[partiallytrapped]
|faint|p2a: Skarmory
|upkeep
|
|t:|1779890439
|switch|p2a: Moltres|Moltres-Galar, shiny|100/100
|turn|15
|
|t:|1779890451
|move|p2a: Moltres|Nasty Plot|p2a: Moltres
|-boost|p2a: Moltres|spa|2
|move|p1a: I'LL MISS|Magma Storm|p2a: Moltres
|-damage|p2a: Moltres|43/100
|-activate|p2a: Moltres|move: Magma Storm|[of] p1a: I'LL MISS
|-ability|p2a: Moltres|Berserk|boost
|-boost|p2a: Moltres|spa|1
|
|-damage|p2a: Moltres|31/100|[from] move: Magma Storm|[partiallytrapped]
|upkeep
|turn|16
|
|t:|1779890459
|-terastallize|p2a: Moltres|Stellar
|move|p2a: Moltres|Fiery Wrath|p1a: I'LL MISS
|-damage|p1a: I'LL MISS|14/100
|move|p1a: I'LL MISS|Magma Storm|p2a: Moltres
|-damage|p2a: Moltres|0 fnt
|faint|p2a: Moltres
|
|-heal|p1a: I'LL MISS|21/100|[from] item: Leftovers
|upkeep
|
|t:|1779890463
|switch|p2a: Talonflame|Talonflame, F|56/100
|turn|17
|
|t:|1779890469
|move|p2a: Talonflame|U-turn|p1a: I'LL MISS
|-resisted|p1a: I'LL MISS
|-damage|p1a: I'LL MISS|17/100
|move|p1a: I'LL MISS|Magma Storm|p2a: Talonflame
|-resisted|p2a: Talonflame
|-damage|p2a: Talonflame|9/100
|-activate|p2a: Talonflame|move: Magma Storm|[of] p1a: I'LL MISS
|
|-heal|p1a: I'LL MISS|24/100|[from] item: Leftovers
|-damage|p2a: Talonflame|0 fnt|[from] move: Magma Storm|[partiallytrapped]
|faint|p2a: Talonflame
|
|win|Nahlokin
|raw|Nahlokin's rating: 1498 &rarr; <strong>1519</strong><br />(+21 for winning)
|raw|Kaltaris83's rating: 1518 &rarr; <strong>1497</strong><br />(-21 for losing)
|l|☆Kaltaris83
|player|p2|
|l|☆Nahlokin
|player|p1|
