|j|☆poppydiaper
|j|☆Supa Dupa Hoopa
|t:|1779860535
|gametype|singles
|player|p1|poppydiaper|pokemonbreeder-gen4|1547
|player|p2|Supa Dupa Hoopa|102|1574
|gen|9
|tier|[Gen 9] OU
|rated|
|rule|HP Percentage Mod: HP is shown in percentages
|rule|Endless Battle Clause: Forcing endless battles is banned
|rule|Species Clause: Limit one of each Pokémon
|rule|OHKO Clause: OHKO moves are banned
|rule|Evasion Items Clause: Evasion items are banned
|rule|Evasion Moves Clause: Evasion moves are banned
|rule|Evasion Abilities Clause: Evasion abilities are banned
|rule|Sleep Moves Clause: Sleep-inducing moves are banned
|clearpoke
|poke|p1|Great Tusk|
|poke|p1|Darkrai|
|poke|p1|Iron Valiant|
|poke|p1|Iron Crown|
|poke|p1|Samurott-Hisui, F|
|poke|p1|Dragonite, F|
|poke|p2|Serperior, F|
|poke|p2|Cinderace, M|
|poke|p2|Corviknight, F|
|poke|p2|Alomomola, F|
|poke|p2|Ditto|
|poke|p2|Toxtricity-Low-Key, F|
|teampreview
|
|t:|1779860557
|teamsize|p1|6
|teamsize|p2|6
|start
|switch|p1a: Iron Crown|Iron Crown|100/100
|switch|p2a: What RU|Serperior, F|100/100
|turn|1
|
|t:|1779860579
|switch|p2a: Spongebob|Alomomola, F|100/100
|move|p1a: Iron Crown|Tachyon Cutter|p2a: Spongebob
|-resisted|p2a: Spongebob
|-damage|p2a: Spongebob|94/100
|-resisted|p2a: Spongebob
|-damage|p2a: Spongebob|88/100
|-hitcount|p2a: Spongebob|2
|
|upkeep
|turn|2
|
|t:|1779860621
|move|p1a: Iron Crown|Volt Switch|p2a: Spongebob
|-supereffective|p2a: Spongebob
|-damage|p2a: Spongebob|64/100
|
|t:|1779860625
|-end|p1a: Iron Crown|Quark Drive|[silent]
|switch|p1a: Dragonite|Dragonite, F|100/100|[from] Volt Switch
|move|p2a: Spongebob|Flip Turn|p1a: Dragonite
|-resisted|p1a: Dragonite
|-damage|p1a: Dragonite|97/100
|
|t:|1779860633
|switch|p2a: What RU|Serperior, F|100/100|[from] Flip Turn
|
|upkeep
|turn|3
|
|t:|1779860670
|move|p2a: What RU|Glare|p1a: Dragonite
|-status|p1a: Dragonite|par
|move|p1a: Dragonite|Dragon Tail|p2a: What RU
|-damage|p2a: What RU|66/100
|drag|p2a: Skarmory-M|Corviknight, F|100/100
|-ability|p2a: Skarmory-M|Pressure
|
|upkeep
|turn|4
|
|t:|1779860681
|move|p2a: Skarmory-M|Bulk Up|p2a: Skarmory-M
|-boost|p2a: Skarmory-M|atk|1
|-boost|p2a: Skarmory-M|def|1
|move|p1a: Dragonite|Dragon Tail|p2a: Skarmory-M
|-resisted|p2a: Skarmory-M
|-damage|p2a: Skarmory-M|93/100
|drag|p2a: Spongebob|Alomomola, F|97/100
|
|upkeep
|turn|5
|
|t:|1779860691
|switch|p1a: Samurott|Samurott-Hisui, F|100/100
|move|p2a: Spongebob|Flip Turn|p1a: Samurott
|-resisted|p1a: Samurott
|-damage|p1a: Samurott|90/100
|
|t:|1779860708
|switch|p2a: What RU|Serperior, F|66/100|[from] Flip Turn
|
|-heal|p2a: What RU|72/100|[from] item: Leftovers
|upkeep
|turn|6
|
|t:|1779860727
|switch|p2a: Spongebob|Alomomola, F|100/100
|switch|p1a: Dragonite|Dragonite, F|97/100 par
|
|upkeep
|turn|7
|
|t:|1779860735
|move|p2a: Spongebob|Body Slam|p1a: Dragonite
|-damage|p1a: Dragonite|82/100 par
|move|p1a: Dragonite|Dragon Tail|p2a: Spongebob
|-damage|p2a: Spongebob|75/100
|drag|p2a: CinderMiss|Cinderace, M|100/100
|
|upkeep
|turn|8
|
|t:|1779860745
|move|p2a: CinderMiss|U-turn|p1a: Dragonite
|-start|p2a: CinderMiss|typechange|Bug|[from] ability: Libero
|-resisted|p1a: Dragonite
|-damage|p1a: Dragonite|64/100 par
|
|t:|1779860750
|switch|p2a: Spongebob|Alomomola, F|100/100|[from] U-turn
|cant|p1a: Dragonite|par
|
|upkeep
|turn|9
|
|t:|1779860761
|move|p2a: Spongebob|Body Slam|p1a: Dragonite
|-damage|p1a: Dragonite|51/100 par
|move|p1a: Dragonite|Roost|p1a: Dragonite
|-heal|p1a: Dragonite|100/100 par
|-singleturn|p1a: Dragonite|move: Roost
|
|upkeep
|turn|10
|
|t:|1779860772
|switch|p1a: Samurott|Samurott-Hisui, F|90/100
|move|p2a: Spongebob|Body Slam|p1a: Samurott
|-damage|p1a: Samurott|70/100
|
|upkeep
|turn|11
|
|t:|1779860780
|move|p1a: Samurott|Ceaseless Edge|p2a: Spongebob
|-damage|p2a: Spongebob|58/100
|-sidestart|p2: Supa Dupa Hoopa|Spikes
|move|p2a: Spongebob|Flip Turn|p1a: Samurott
|-resisted|p1a: Samurott
|-damage|p1a: Samurott|60/100
|
|t:|1779860794
|switch|p2a: What RU|Serperior, F|72/100|[from] Flip Turn
|-damage|p2a: What RU|60/100|[from] Spikes
|
|-heal|p2a: What RU|66/100|[from] item: Leftovers
|upkeep
|turn|12
|
|t:|1779860805
|switch|p1a: Dragonite|Dragonite, F|100/100 par
|move|p2a: What RU|Leaf Storm|p1a: Dragonite
|-resisted|p1a: Dragonite
|-damage|p1a: Dragonite|97/100 par
|-boost|p2a: What RU|spa|2
|
|-heal|p2a: What RU|72/100|[from] item: Leftovers
|upkeep
|turn|13
|
|t:|1779860814
|move|p2a: What RU|Substitute|p2a: What RU
|-start|p2a: What RU|Substitute
|-damage|p2a: What RU|48/100
|move|p1a: Dragonite|Dragon Tail|p2a: What RU
|-end|p2a: What RU|Substitute
|
|-heal|p2a: What RU|54/100|[from] item: Leftovers
|upkeep
|turn|14
|
|t:|1779860821
|move|p2a: What RU|Substitute|p2a: What RU
|-start|p2a: What RU|Substitute
|-damage|p2a: What RU|29/100
|move|p1a: Dragonite|Dragon Tail|p2a: What RU
|-end|p2a: What RU|Substitute
|
|-heal|p2a: What RU|35/100|[from] item: Leftovers
|upkeep
|turn|15
|
|t:|1779860829
|move|p2a: What RU|Substitute|p2a: What RU
|-start|p2a: What RU|Substitute
|-damage|p2a: What RU|10/100
|move|p1a: Dragonite|Dragon Tail|p2a: What RU
|-end|p2a: What RU|Substitute
|
|-heal|p2a: What RU|16/100|[from] item: Leftovers
|upkeep
|turn|16
|
|t:|1779860836
|move|p2a: What RU|Leech Seed|p1a: Dragonite
|-start|p1a: Dragonite|move: Leech Seed
|move|p1a: Dragonite|Dragon Tail|p2a: What RU
|-damage|p2a: What RU|0 fnt
|faint|p2a: What RU
|
|upkeep
|
|t:|1779860850
|switch|p2a: ANOTHER ONE|Toxtricity-Low-Key, F|100/100
|-damage|p2a: ANOTHER ONE|88/100|[from] Spikes
|turn|17
|
|t:|1779860870
|move|p2a: ANOTHER ONE|Boomburst|p1a: Dragonite
|-damage|p1a: Dragonite|26/100 par
|cant|p1a: Dragonite|par
|
|-damage|p1a: Dragonite|14/100 par|[from] Leech Seed|[of] p2a: ANOTHER ONE
|-heal|p2a: ANOTHER ONE|100/100|[silent]
|upkeep
|turn|18
|
|t:|1779860886
|switch|p1a: Iron Crown|Iron Crown|100/100
|move|p2a: ANOTHER ONE|Boomburst|p1a: Iron Crown
|-resisted|p1a: Iron Crown
|-damage|p1a: Iron Crown|73/100
|
|upkeep
|turn|19
|
|t:|1779860894
|switch|p2a: Spongebob|Alomomola, F|92/100
|-damage|p2a: Spongebob|79/100|[from] Spikes
|move|p1a: Iron Crown|Psychic Noise|p2a: Spongebob
|-damage|p2a: Spongebob|61/100
|-start|p2a: Spongebob|move: Heal Block
|
|upkeep
|turn|20
|
|t:|1779860903
|move|p1a: Iron Crown|Future Sight|p2a: Spongebob
|-start|p1a: Iron Crown|move: Future Sight
|move|p2a: Spongebob|Flip Turn|p1a: Iron Crown
|-damage|p1a: Iron Crown|54/100
|
|t:|1779860910
|switch|p2a: CinderMiss|Cinderace, M|100/100|[from] Flip Turn
|
|upkeep
|turn|21
|
|t:|1779860926
|move|p2a: CinderMiss|Pyro Ball|p1a: Iron Crown
|-supereffective|p1a: Iron Crown
|-damage|p1a: Iron Crown|0 fnt
|faint|p1a: Iron Crown
|-end|p1a: Iron Crown|Quark Drive|[silent]
|
|upkeep
|
|t:|1779860939
|switch|p1a: Great Tusk|Great Tusk, shiny|100/100
|turn|22
|
|t:|1779860945
|switch|p2a: Skarmory-M|Corviknight, F|93/100
|-ability|p2a: Skarmory-M|Pressure
|-end|p1a: Great Tusk|Protosynthesis|[silent]
|switch|p1a: Darkrai|Darkrai, shiny|100/100
|
|-end|p2a: Skarmory-M|move: Future Sight
|-resisted|p2a: Skarmory-M
|-crit|p2a: Skarmory-M
|-damage|p2a: Skarmory-M|52/100
|-heal|p2a: Skarmory-M|58/100|[from] item: Leftovers
|upkeep
|turn|23
|
|t:|1779860956
|switch|p2a: Spongebob|Alomomola, F|94/100
|-damage|p2a: Spongebob|82/100|[from] Spikes
|move|p1a: Darkrai|Trick|p2a: Spongebob
|-activate|p1a: Darkrai|move: Trick|[of] p2a: Spongebob
|-item|p2a: Spongebob|Choice Scarf|[from] move: Trick
|-item|p1a: Darkrai|Assault Vest|[from] move: Trick
|
|upkeep
|turn|24
|
|t:|1779860970
|switch|p1a: Samurott|Samurott-Hisui, F|60/100
|move|p2a: Spongebob|Body Slam|p1a: Samurott
|-damage|p1a: Samurott|40/100
|
|upkeep
|turn|25
|
|t:|1779860990
|move|p1a: Samurott|Ceaseless Edge|p2a: Spongebob
|-damage|p2a: Spongebob|35/100
|-sidestart|p2: Supa Dupa Hoopa|Spikes
|move|p2a: Spongebob|Body Slam|p1a: Samurott
|-damage|p1a: Samurott|21/100
|-status|p1a: Samurott|par
|
|upkeep
|turn|26
|
|t:|1779861000
|switch|p2a: Skarmory-M|Corviknight, F|58/100
|-ability|p2a: Skarmory-M|Pressure
|move|p1a: Samurott|Sucker Punch||[still]
|-fail|p1a: Samurott
|
|-heal|p2a: Skarmory-M|65/100|[from] item: Leftovers
|upkeep
|turn|27
|
|t:|1779861012
|move|p2a: Skarmory-M|Roost|p2a: Skarmory-M
|-heal|p2a: Skarmory-M|100/100
|-singleturn|p2a: Skarmory-M|move: Roost
|cant|p1a: Samurott|par
|
|upkeep
|turn|28
|
|t:|1779861020
|move|p2a: Skarmory-M|Bulk Up|p2a: Skarmory-M
|-boost|p2a: Skarmory-M|atk|1
|-boost|p2a: Skarmory-M|def|1
|move|p1a: Samurott|Knock Off|p2a: Skarmory-M
|-damage|p2a: Skarmory-M|77/100
|-enditem|p2a: Skarmory-M|Leftovers|[from] move: Knock Off|[of] p1a: Samurott
|
|upkeep
|turn|29
|
|t:|1779861027
|switch|p1a: Darkrai|Darkrai, shiny|100/100
|move|p2a: Skarmory-M|Body Press|p1a: Darkrai
|-supereffective|p1a: Darkrai
|-damage|p1a: Darkrai|0 fnt
|faint|p1a: Darkrai
|
|upkeep
|
|t:|1779861033
|switch|p1a: Iron Valiant|Iron Valiant|100/100
|turn|30
|
|t:|1779861046
|switch|p2a: Spongebob|Alomomola, F|68/100
|-damage|p2a: Spongebob|51/100|[from] Spikes
|move|p1a: Iron Valiant|Thunderbolt|p2a: Spongebob
|-supereffective|p2a: Spongebob
|-damage|p2a: Spongebob|0 fnt
|faint|p2a: Spongebob
|
|upkeep
|
|t:|1779861057
|switch|p2a: ANOTHER ONE|Toxtricity-Low-Key, F|100/100
|-damage|p2a: ANOTHER ONE|84/100|[from] Spikes
|turn|31
|
|t:|1779861066
|-end|p1a: Iron Valiant|Quark Drive|[silent]
|switch|p1a: Dragonite|Dragonite, F|14/100 par
|move|p2a: ANOTHER ONE|Sludge Bomb|p1a: Dragonite
|-damage|p1a: Dragonite|0 fnt
|faint|p1a: Dragonite
|
|upkeep
|
|t:|1779861079
|switch|p1a: Great Tusk|Great Tusk, shiny|100/100
|turn|32
|
|t:|1779861088
|-end|p1a: Great Tusk|Protosynthesis|[silent]
|switch|p1a: Iron Valiant|Iron Valiant|100/100
|switch|p2a: Skarmory-M|Corviknight, F|77/100
|-ability|p2a: Skarmory-M|Pressure
|
|upkeep
|turn|33
|
|t:|1779861104
|switch|p2a: ANOTHER ONE|Toxtricity-Low-Key, F|84/100
|-damage|p2a: ANOTHER ONE|68/100|[from] Spikes
|move|p1a: Iron Valiant|Thunderbolt|p2a: ANOTHER ONE
|-resisted|p2a: ANOTHER ONE
|-damage|p2a: ANOTHER ONE|32/100
|
|upkeep
|turn|34
|
|t:|1779861115
|move|p1a: Iron Valiant|Thunderbolt|p2a: ANOTHER ONE
|-resisted|p2a: ANOTHER ONE
|-damage|p2a: ANOTHER ONE|0 fnt
|faint|p2a: ANOTHER ONE
|
|upkeep
|
|t:|1779861123
|switch|p2a: Mew1.5|Ditto|100/100
|-damage|p2a: Mew1.5|84/100|[from] Spikes
|-transform|p2a: Mew1.5|p1a: Iron Valiant|[from] ability: Imposter
|turn|35
|
|t:|1779861135
|-end|p1a: Iron Valiant|Quark Drive|[silent]
|switch|p1a: Samurott|Samurott-Hisui, F|21/100 par
|move|p2a: Mew1.5|Moonblast|p1a: Samurott
|-supereffective|p1a: Samurott
|-damage|p1a: Samurott|0 fnt
|faint|p1a: Samurott
|
|upkeep
|
|t:|1779861142
|switch|p1a: Iron Valiant|Iron Valiant|100/100
|turn|36
|
|t:|1779861157
|-terastallize|p2a: Mew1.5|Ghost
|-terastallize|p1a: Iron Valiant|Fairy
|move|p2a: Mew1.5|Moonblast|p1a: Iron Valiant
|-crit|p1a: Iron Valiant
|-damage|p1a: Iron Valiant|0 fnt
|faint|p1a: Iron Valiant
|-end|p1a: Iron Valiant|Quark Drive|[silent]
|
|upkeep
|
|t:|1779861164
|switch|p1a: Great Tusk|Great Tusk, shiny|100/100
|turn|37
|
|t:|1779861170
|move|p2a: Mew1.5|Moonblast|p1a: Great Tusk
|-supereffective|p1a: Great Tusk
|-damage|p1a: Great Tusk|0 fnt
|faint|p1a: Great Tusk
|-end|p1a: Great Tusk|Protosynthesis|[silent]
|
|win|Supa Dupa Hoopa
|raw|poppydiaper's rating: 1547 &rarr; <strong>1529</strong><br />(-18 for losing)
|raw|Supa Dupa Hoopa's rating: 1574 &rarr; <strong>1592</strong><br />(+18 for winning)
|l|☆poppydiaper
|player|p1|
