|j|☆pineapplefred2
|j|☆bjordl
|t:|1779850652
|gametype|singles
|player|p1|pineapplefred2|red|1328
|player|p2|bjordl|2|1353
|gen|9
|tier|[Gen 9] OU
|rated|
|rule|HP Percentage Mod: HP is shown in percentages
|rule|Endless Battle Clause: Forcing endless battles is banned
|rule|Species Clause: Limit one of each Pokémon
|rule|OHKO Clause: OHKO moves are banned
|rule|Evasion Items Clause: Evasion items are banned
|rule|Evasion Moves Clause: Evasion moves are banned
|rule|Evasion Abilities Clause: Evasion abilities are banned
|rule|Sleep Moves Clause: Sleep-inducing moves are banned
|clearpoke
|poke|p1|Kyurem|
|poke|p1|Slowking-Galar, M|
|poke|p1|Dragapult, M|
|poke|p1|Kingambit, M|
|poke|p1|Great Tusk|
|poke|p1|Moltres|
|poke|p2|Heatran, F|
|poke|p2|Pecharunt|
|poke|p2|Raging Bolt|
|poke|p2|Zarude|
|poke|p2|Quaquaval, M|
|poke|p2|Hatterene, F|
|teampreview
|inactive|Battle timer is ON: inactive players will automatically lose when time's up. (requested by pineapplefred2)
|
|t:|1779850682
|teamsize|p1|6
|teamsize|p2|6
|start
|switch|p1a: Great Tusk|Great Tusk|100/100
|switch|p2a: Pecharunt|Pecharunt|100/100
|turn|1
|
|t:|1779850692
|switch|p2a: Quaquaval|Quaquaval, M|100/100
|move|p1a: Great Tusk|Headlong Rush|p2a: Quaquaval
|-damage|p2a: Quaquaval|11/100
|-unboost|p1a: Great Tusk|def|1
|-unboost|p1a: Great Tusk|spd|1
|
|upkeep
|turn|2
|
|t:|1779850706
|-end|p1a: Great Tusk|Protosynthesis|[silent]
|switch|p1a: Dragapult|Dragapult, M|100/100
|move|p2a: Quaquaval|Aqua Step|p1a: Dragapult
|-resisted|p1a: Dragapult
|-damage|p1a: Dragapult|69/100
|-boost|p2a: Quaquaval|spe|1
|
|upkeep
|turn|3
|
|t:|1779850716
|move|p1a: Dragapult|Dragon Darts|p2a: Quaquaval
|-damage|p2a: Quaquaval|0 fnt
|faint|p2a: Quaquaval
|
|upkeep
|inactive|bjordl has 120 seconds left.
|inactive|bjordl has 90 seconds left.
|
|t:|1779850777
|switch|p2a: Hatterene|Hatterene, F|100/100
|turn|4
|
|t:|1779850781
|move|p1a: Dragapult|U-turn|p2a: Hatterene
|-damage|p2a: Hatterene|84/100
|
|t:|1779850785
|switch|p1a: Kingambit|Kingambit, M|100/100|[from] U-turn
|move|p2a: Hatterene|Draining Kiss|p1a: Kingambit
|-crit|p1a: Kingambit
|-damage|p1a: Kingambit|69/100
|-heal|p2a: Hatterene|100/100|[from] drain|[of] p1a: Kingambit
|
|-heal|p1a: Kingambit|75/100|[from] item: Leftovers
|upkeep
|turn|5
|
|t:|1779850798
|switch|p2a: Heatran|Heatran, F|100/100
|move|p1a: Kingambit|Iron Head|p2a: Heatran
|-resisted|p2a: Heatran
|-damage|p2a: Heatran|90/100
|
|-heal|p2a: Heatran|96/100|[from] item: Leftovers
|-heal|p1a: Kingambit|81/100|[from] item: Leftovers
|upkeep
|turn|6
|
|t:|1779850805
|-end|p1a: Kingambit|fallenundefined|[silent]
|switch|p1a: Moltres|Moltres|100/100
|move|p2a: Heatran|Stealth Rock|p1a: Moltres
|-sidestart|p1: pineapplefred2|move: Stealth Rock
|
|-heal|p2a: Heatran|100/100|[from] item: Leftovers
|upkeep
|turn|7
|
|t:|1779850820
|switch|p2a: Raging Bolt|Raging Bolt|100/100
|-enditem|p2a: Raging Bolt|Booster Energy
|-activate|p2a: Raging Bolt|ability: Protosynthesis|[fromitem]
|-start|p2a: Raging Bolt|protosynthesisspa
|move|p1a: Moltres|U-turn|p2a: Raging Bolt
|-damage|p2a: Raging Bolt|87/100
|
|t:|1779850830
|switch|p1a: Kyurem|Kyurem|100/100|[from] U-turn
|-damage|p1a: Kyurem|76/100|[from] Stealth Rock
|-ability|p1a: Kyurem|Pressure
|
|upkeep
|turn|8
|inactive|bjordl has 120 seconds left.
|
|t:|1779850842
|switch|p1a: Great Tusk|Great Tusk|100/100
|-damage|p1a: Great Tusk|98/100|[from] Stealth Rock
|-terastallize|p2a: Raging Bolt|Fairy
|move|p2a: Raging Bolt|Dragon Pulse|p1a: Great Tusk
|-damage|p1a: Great Tusk|15/100
|
|-heal|p1a: Great Tusk|21/100|[from] item: Leftovers
|upkeep
|turn|9
|inactive|bjordl has 120 seconds left.
|
|t:|1779850856
|-end|p2a: Raging Bolt|Protosynthesis|[silent]
|switch|p2a: Zarude|Zarude|100/100
|move|p1a: Great Tusk|Rapid Spin|p2a: Zarude
|-damage|p2a: Zarude|83/100
|-boost|p1a: Great Tusk|spe|1
|-sideend|p1: pineapplefred2|Stealth Rock|[from] move: Rapid Spin|[of] p1a: Great Tusk
|
|-heal|p1a: Great Tusk|27/100|[from] item: Leftovers
|-heal|p2a: Zarude|89/100|[from] item: Leftovers
|upkeep
|turn|10
|
|t:|1779850862
|move|p1a: Great Tusk|Ice Spinner|p2a: Zarude
|-supereffective|p2a: Zarude
|-damage|p2a: Zarude|36/100
|move|p2a: Zarude|Power Whip|p1a: Great Tusk|[miss]
|-miss|p2a: Zarude|p1a: Great Tusk
|
|-heal|p1a: Great Tusk|34/100|[from] item: Leftovers
|-heal|p2a: Zarude|42/100|[from] item: Leftovers
|upkeep
|turn|11
|inactive|bjordl has 120 seconds left.
|
|t:|1779850880
|move|p1a: Great Tusk|Ice Spinner|p2a: Zarude
|-supereffective|p2a: Zarude
|-damage|p2a: Zarude|0 fnt
|faint|p2a: Zarude
|
|-heal|p1a: Great Tusk|40/100|[from] item: Leftovers
|upkeep
|inactive|bjordl has 120 seconds left.
|
|t:|1779850885
|switch|p2a: Hatterene|Hatterene, F|100/100
|turn|12
|
|t:|1779850903
|move|p1a: Great Tusk|Headlong Rush|p2a: Hatterene
|-damage|p2a: Hatterene|39/100
|-unboost|p1a: Great Tusk|def|1
|-unboost|p1a: Great Tusk|spd|1
|move|p2a: Hatterene|Calm Mind|p2a: Hatterene
|-boost|p2a: Hatterene|spa|1
|-boost|p2a: Hatterene|spd|1
|
|-heal|p1a: Great Tusk|46/100|[from] item: Leftovers
|-heal|p2a: Hatterene|45/100|[from] item: Leftovers
|upkeep
|turn|13
|
|t:|1779850912
|move|p1a: Great Tusk|Headlong Rush|p2a: Hatterene
|-damage|p2a: Hatterene|0 fnt
|-unboost|p1a: Great Tusk|def|1
|-unboost|p1a: Great Tusk|spd|1
|faint|p2a: Hatterene
|
|-heal|p1a: Great Tusk|52/100|[from] item: Leftovers
|upkeep
|
|t:|1779850926
|switch|p2a: Raging Bolt|Raging Bolt, tera:Fairy|87/100
|turn|14
|
|t:|1779850931
|move|p1a: Great Tusk|Stealth Rock|p2a: Raging Bolt
|-sidestart|p2: bjordl|move: Stealth Rock
|move|p2a: Raging Bolt|Dragon Pulse|p1a: Great Tusk
|-damage|p1a: Great Tusk|0 fnt
|faint|p1a: Great Tusk
|-end|p1a: Great Tusk|Protosynthesis|[silent]
|
|upkeep
|
|t:|1779850941
|switch|p1a: Slowking|Slowking-Galar, M|100/100
|turn|15
|
|t:|1779850945
|move|p2a: Raging Bolt|Calm Mind|p2a: Raging Bolt
|-boost|p2a: Raging Bolt|spa|1
|-boost|p2a: Raging Bolt|spd|1
|move|p1a: Slowking|Sludge Bomb|p2a: Raging Bolt
|-supereffective|p2a: Raging Bolt
|-damage|p2a: Raging Bolt|47/100
|
|upkeep
|turn|16
|
|t:|1779850951
|move|p2a: Raging Bolt|Thunderbolt|p1a: Slowking
|-damage|p1a: Slowking|55/100
|move|p1a: Slowking|Sludge Bomb|p2a: Raging Bolt
|-supereffective|p2a: Raging Bolt
|-damage|p2a: Raging Bolt|4/100
|-status|p2a: Raging Bolt|psn
|
|-damage|p2a: Raging Bolt|0 fnt|[from] psn
|faint|p2a: Raging Bolt
|-end|p2a: Raging Bolt|Protosynthesis|[silent]
|upkeep
|
|t:|1779850963
|switch|p2a: Pecharunt|Pecharunt|100/100
|turn|17
|
|t:|1779850965
|move|p2a: Pecharunt|Foul Play|p1a: Slowking
|-supereffective|p1a: Slowking
|-damage|p1a: Slowking|21/100
|move|p1a: Slowking|Future Sight|p2a: Pecharunt
|-start|p1a: Slowking|move: Future Sight
|
|upkeep
|turn|18
|
|t:|1779850994
|switch|p1a: Moltres|Moltres|100/100
|move|p2a: Pecharunt|Foul Play|p1a: Moltres
|-damage|p1a: Moltres|88/100
|
|upkeep
|turn|19
|
|t:|1779850999
|move|p1a: Moltres|Flamethrower|p2a: Pecharunt
|-damage|p2a: Pecharunt|63/100
|-status|p2a: Pecharunt|brn
|move|p2a: Pecharunt|Malignant Chain|p1a: Moltres
|-damage|p1a: Moltres|55/100
|
|-end|p2a: Pecharunt|move: Future Sight
|-supereffective|p2a: Pecharunt
|-damage|p2a: Pecharunt|0 fnt
|faint|p2a: Pecharunt
|upkeep
|
|t:|1779851007
|switch|p2a: Heatran|Heatran, F|100/100
|-damage|p2a: Heatran|88/100|[from] Stealth Rock
|turn|20
|
|t:|1779851014
|move|p2a: Heatran|Magma Storm|p1a: Moltres|[miss]
|-miss|p2a: Heatran|p1a: Moltres
|move|p1a: Moltres|U-turn|p2a: Heatran
|-resisted|p2a: Heatran
|-damage|p2a: Heatran|84/100
|
|t:|1779851017
|switch|p1a: Kyurem|Kyurem|76/100|[from] U-turn
|-ability|p1a: Kyurem|Pressure
|
|-heal|p2a: Heatran|91/100|[from] item: Leftovers
|upkeep
|turn|21
|
|t:|1779851030
|-terastallize|p1a: Kyurem|Ground
|move|p1a: Kyurem|Earth Power|p2a: Heatran
|-supereffective|p2a: Heatran
|-damage|p2a: Heatran|0 fnt
|faint|p2a: Heatran
|
|win|pineapplefred2
|raw|pineapplefred2's rating: 1328 &rarr; <strong>1349</strong><br />(+21 for winning)
|raw|bjordl's rating: 1353 &rarr; <strong>1332</strong><br />(-21 for losing)
|c|☆bjordl|gg
