|j|☆Wonderlandsdoom
|j|☆42q
|t:|1779903758
|gametype|singles
|player|p1|Wonderlandsdoom|policeman-gen4|1161
|player|p2|42q|skierf|1158
|gen|9
|tier|[Gen 9] OU
|rated|
|rule|HP Percentage Mod: HP is shown in percentages
|rule|Endless Battle Clause: Forcing endless battles is banned
|rule|Species Clause: Limit one of each Pokémon
|rule|OHKO Clause: OHKO moves are banned
|rule|Evasion Items Clause: Evasion items are banned
|rule|Evasion Moves Clause: Evasion moves are banned
|rule|Evasion Abilities Clause: Evasion abilities are banned
|rule|Sleep Moves Clause: Sleep-inducing moves are banned
|clearpoke
|poke|p1|Clodsire, F|
|poke|p1|Ceruledge, F|
|poke|p1|Dragonite, F|
|poke|p1|Gliscor, F|
|poke|p1|Primarina, M|
|poke|p1|Great Tusk|
|poke|p2|Regidrago|
|poke|p2|Regice|
|poke|p2|Regigigas|
|poke|p2|Regirock|
|poke|p2|Registeel|
|poke|p2|Regieleki|
|teampreview
|inactive|Battle timer is ON: inactive players will automatically lose when time's up. (requested by Wonderlandsdoom)
|inactive|42q has 120 seconds left.
|
|t:|1779903792
|teamsize|p1|6
|teamsize|p2|6
|start
|switch|p1a: Gliscor|Gliscor, F|100/100
|switch|p2a: Regice|Regice|100/100
|turn|1
|
|t:|1779903797
|move|p1a: Gliscor|Toxic|p2a: Regice
|-status|p2a: Regice|tox
|move|p2a: Regice|Gravity|p2a: Regice
|-fieldstart|move: Gravity
|
|-damage|p2a: Regice|94/100 tox|[from] psn
|-status|p1a: Gliscor|tox|[from] item: Toxic Orb
|upkeep
|turn|2
|
|t:|1779903807
|move|p1a: Gliscor|Knock Off|p2a: Regice
|-damage|p2a: Regice|76/100 tox
|-enditem|p2a: Regice|Heavy-Duty Boots|[from] move: Knock Off|[of] p1a: Gliscor
|move|p2a: Regice|Blizzard|p1a: Gliscor
|-supereffective|p1a: Gliscor
|-damage|p1a: Gliscor|0 fnt
|faint|p1a: Gliscor
|
|-damage|p2a: Regice|64/100 tox|[from] psn
|upkeep
|
|t:|1779903817
|switch|p1a: Ceruledge|Ceruledge, F|100/100
|turn|3
|
|t:|1779903827
|switch|p2a: Regirock|Regirock|100/100
|move|p1a: Ceruledge|Bitter Blade|p2a: Regirock
|-resisted|p2a: Regirock
|-damage|p2a: Regirock|91/100
|
|-heal|p2a: Regirock|97/100|[from] item: Leftovers
|upkeep
|turn|4
|
|t:|1779903835
|switch|p1a: Clodsire|Clodsire, F|100/100
|move|p2a: Regirock|Thunder Wave|p1a: Clodsire
|-immune|p1a: Clodsire
|
|-heal|p2a: Regirock|100/100|[from] item: Leftovers
|upkeep
|turn|5
|
|t:|1779903853
|switch|p2a: Regice|Regice|64/100 tox
|move|p1a: Clodsire|Toxic|p2a: Regice
|-fail|p2a: Regice|tox
|
|-damage|p2a: Regice|58/100 tox|[from] psn
|-fieldend|move: Gravity
|upkeep
|turn|6
|
|t:|1779903861
|move|p2a: Regice|Blizzard|p1a: Clodsire
|-supereffective|p1a: Clodsire
|-damage|p1a: Clodsire|43/100
|move|p1a: Clodsire|Stealth Rock|p2a: Regice
|-sidestart|p2: 42q|move: Stealth Rock
|
|-heal|p1a: Clodsire|49/100|[from] item: Leftovers
|-damage|p2a: Regice|45/100 tox|[from] psn
|upkeep
|turn|7
|
|t:|1779903874
|switch|p1a: Primarina|Primarina, M|100/100
|move|p2a: Regice|Thunder|p1a: Primarina
|-supereffective|p1a: Primarina
|-damage|p1a: Primarina|48/100
|-status|p1a: Primarina|par
|
|-heal|p1a: Primarina|54/100 par|[from] item: Leftovers
|-damage|p2a: Regice|27/100 tox|[from] psn
|upkeep
|turn|8
|
|t:|1779903886
|move|p1a: Primarina|Protect|p1a: Primarina
|-singleturn|p1a: Primarina|Protect
|move|p2a: Regice|Thunder|p1a: Primarina
|-activate|p1a: Primarina|move: Protect
|
|-heal|p1a: Primarina|60/100 par|[from] item: Leftovers
|-damage|p2a: Regice|3/100 tox|[from] psn
|upkeep
|turn|9
|
|t:|1779903892
|switch|p1a: Clodsire|Clodsire, F|49/100
|move|p2a: Regice|Blizzard|p1a: Clodsire
|-supereffective|p1a: Clodsire
|-damage|p1a: Clodsire|0 fnt
|faint|p1a: Clodsire
|
|-damage|p2a: Regice|0 fnt|[from] psn
|faint|p2a: Regice
|upkeep
|
|t:|1779903910
|switch|p2a: Regieleki|Regieleki|100/100
|switch|p1a: Dragonite|Dragonite, F|100/100
|-damage|p2a: Regieleki|88/100|[from] Stealth Rock
|turn|10
|
|t:|1779903916
|move|p2a: Regieleki|Rapid Spin|p1a: Dragonite
|-damage|p1a: Dragonite|86/100
|-boost|p2a: Regieleki|spe|1
|-sideend|p2: 42q|Stealth Rock|[from] move: Rapid Spin|[of] p2a: Regieleki
|move|p1a: Dragonite|Earthquake|p2a: Regieleki
|-supereffective|p2a: Regieleki
|-damage|p2a: Regieleki|0 fnt
|faint|p2a: Regieleki
|
|upkeep
|
|t:|1779903930
|switch|p2a: Regigigas|Regigigas|100/100
|-start|p2a: Regigigas|ability: Slow Start
|turn|11
|
|t:|1779903938
|move|p1a: Dragonite|Dragon Dance|p1a: Dragonite
|-boost|p1a: Dragonite|atk|1
|-boost|p1a: Dragonite|spe|1
|move|p2a: Regigigas|Knock Off|p1a: Dragonite
|-damage|p1a: Dragonite|67/100
|-enditem|p1a: Dragonite|Heavy-Duty Boots|[from] move: Knock Off|[of] p2a: Regigigas
|
|upkeep
|turn|12
|
|t:|1779903946
|move|p1a: Dragonite|Dragon Dance|p1a: Dragonite
|-boost|p1a: Dragonite|atk|1
|-boost|p1a: Dragonite|spe|1
|move|p2a: Regigigas|Hyper Beam|p1a: Dragonite
|-damage|p1a: Dragonite|2/100
|-mustrecharge|p2a: Regigigas
|
|upkeep
|turn|13
|
|t:|1779903956
|move|p1a: Dragonite|Dragon Dance|p1a: Dragonite
|-boost|p1a: Dragonite|atk|1
|-boost|p1a: Dragonite|spe|1
|cant|p2a: Regigigas|recharge
|
|upkeep
|turn|14
|
|t:|1779903965
|move|p1a: Dragonite|Dragon Claw|p2a: Regigigas
|-damage|p2a: Regigigas|20/100
|move|p2a: Regigigas|Knock Off|p1a: Dragonite
|-damage|p1a: Dragonite|0 fnt
|faint|p1a: Dragonite
|
|-heal|p2a: Regigigas|26/100|[from] item: Leftovers
|upkeep
|
|t:|1779903971
|switch|p1a: Ceruledge|Ceruledge, F|100/100
|turn|15
|
|t:|1779903974
|move|p2a: Regigigas|Protect|p2a: Regigigas
|-singleturn|p2a: Regigigas|Protect
|move|p1a: Ceruledge|Bitter Blade|p2a: Regigigas
|-activate|p2a: Regigigas|move: Protect
|
|-heal|p2a: Regigigas|32/100|[from] item: Leftovers
|-end|p2a: Regigigas|Slow Start
|upkeep
|turn|16
|
|t:|1779903979
|move|p1a: Ceruledge|Bitter Blade|p2a: Regigigas
|-damage|p2a: Regigigas|0 fnt
|faint|p2a: Regigigas
|-end|p2a: Regigigas|Slow Start|[silent]
|
|upkeep
|
|t:|1779903983
|switch|p2a: Regirock|Regirock|100/100
|turn|17
|
|t:|1779903989
|switch|p1a: Great Tusk|Great Tusk|100/100
|move|p2a: Regirock|Curse|p2a: Regirock
|-unboost|p2a: Regirock|spe|1
|-boost|p2a: Regirock|atk|1
|-boost|p2a: Regirock|def|1
|
|upkeep
|turn|18
|
|t:|1779903998
|-terastallize|p2a: Regirock|Fighting
|move|p1a: Great Tusk|Knock Off|p2a: Regirock
|-resisted|p2a: Regirock
|-damage|p2a: Regirock|96/100
|-enditem|p2a: Regirock|Leftovers|[from] move: Knock Off|[of] p1a: Great Tusk
|move|p2a: Regirock|Body Press|p1a: Great Tusk
|-damage|p1a: Great Tusk|33/100
|
|upkeep
|turn|19
|
|t:|1779904011
|move|p1a: Great Tusk|Close Combat|p2a: Regirock
|-damage|p2a: Regirock|80/100
|-unboost|p1a: Great Tusk|def|1
|-unboost|p1a: Great Tusk|spd|1
|move|p2a: Regirock|Body Press|p1a: Great Tusk
|-damage|p1a: Great Tusk|0 fnt
|faint|p1a: Great Tusk
|-end|p1a: Great Tusk|Protosynthesis|[silent]
|
|upkeep
|
|t:|1779904014
|switch|p1a: Ceruledge|Ceruledge, F|100/100
|turn|20
|
|t:|1779904024
|move|p1a: Ceruledge|Bitter Blade|p2a: Regirock
|-damage|p2a: Regirock|68/100
|move|p2a: Regirock|Thunder Wave|p1a: Ceruledge
|-status|p1a: Ceruledge|par
|
|upkeep
|turn|21
|
|t:|1779904033
|move|p1a: Ceruledge|Bitter Blade|p2a: Regirock
|-damage|p2a: Regirock|56/100
|move|p2a: Regirock|Curse|p2a: Regirock
|-unboost|p2a: Regirock|spe|1
|-boost|p2a: Regirock|atk|1
|-boost|p2a: Regirock|def|1
|
|upkeep
|turn|22
|
|t:|1779904039
|move|p1a: Ceruledge|Bitter Blade|p2a: Regirock
|-damage|p2a: Regirock|47/100
|move|p2a: Regirock|Heavy Slam|p1a: Ceruledge
|-resisted|p1a: Ceruledge
|-damage|p1a: Ceruledge|73/100 par
|
|upkeep
|turn|23
|
|t:|1779904046
|move|p1a: Ceruledge|Bitter Blade|p2a: Regirock
|-damage|p2a: Regirock|38/100
|-heal|p1a: Ceruledge|79/100 par|[from] drain|[of] p2a: Regirock
|move|p2a: Regirock|Heavy Slam|p1a: Ceruledge
|-resisted|p1a: Ceruledge
|-damage|p1a: Ceruledge|47/100 par
|
|upkeep
|turn|24
|
|t:|1779904053
|move|p1a: Ceruledge|Bitter Blade|p2a: Regirock
|-damage|p2a: Regirock|29/100
|-heal|p1a: Ceruledge|53/100 par|[from] drain|[of] p2a: Regirock
|move|p2a: Regirock|Heavy Slam|p1a: Ceruledge
|-resisted|p1a: Ceruledge
|-damage|p1a: Ceruledge|23/100 par
|
|upkeep
|turn|25
|
|t:|1779904063
|cant|p1a: Ceruledge|par
|move|p2a: Regirock|Heavy Slam|p1a: Ceruledge
|-resisted|p1a: Ceruledge
|-damage|p1a: Ceruledge|0 fnt
|faint|p1a: Ceruledge
|
|upkeep
|
|t:|1779904064
|switch|p1a: Primarina|Primarina, M|60/100 par
|turn|26
|
|t:|1779904071
|move|p1a: Primarina|Hyper Voice|p2a: Regirock
|-damage|p2a: Regirock|0 fnt
|faint|p2a: Regirock
|
|-heal|p1a: Primarina|66/100 par|[from] item: Leftovers
|upkeep
|
|t:|1779904082
|switch|p2a: Registeel|Registeel|100/100
|turn|27
|
|t:|1779904087
|move|p1a: Primarina|Protect|p1a: Primarina
|-singleturn|p1a: Primarina|Protect
|move|p2a: Registeel|Meteor Beam||[still]
|-prepare|p2a: Registeel|Meteor Beam
|-boost|p2a: Registeel|spa|1
|-enditem|p2a: Registeel|Power Herb
|-anim|p2a: Registeel|Meteor Beam|p1a: Primarina
|-activate|p1a: Primarina|move: Protect
|
|-heal|p1a: Primarina|72/100 par|[from] item: Leftovers
|upkeep
|turn|28
|
|t:|1779904099
|move|p2a: Registeel|Flash Cannon|p1a: Primarina
|-damage|p1a: Primarina|30/100 par
|move|p1a: Primarina|Hyper Voice|p2a: Registeel
|-damage|p2a: Registeel|70/100
|
|-heal|p1a: Primarina|36/100 par|[from] item: Leftovers
|upkeep
|turn|29
|
|t:|1779904104
|-terastallize|p1a: Primarina|Steel
|move|p2a: Registeel|Flash Cannon|p1a: Primarina
|-resisted|p1a: Primarina
|-damage|p1a: Primarina|18/100 par
|move|p1a: Primarina|Hyper Voice|p2a: Registeel
|-damage|p2a: Registeel|38/100
|
|-heal|p1a: Primarina|24/100 par|[from] item: Leftovers
|upkeep
|turn|30
|
|t:|1779904111
|move|p2a: Registeel|Thunder|p1a: Primarina
|-damage|p1a: Primarina|0 fnt
|faint|p1a: Primarina
|
|win|42q
|raw|Wonderlandsdoom's rating: 1161 &rarr; <strong>1136</strong><br />(-25 for losing)
|raw|42q's rating: 1158 &rarr; <strong>1183</strong><br />(+25 for winning)
|l|☆Wonderlandsdoom
|player|p1|
|l|☆42q
|player|p2|
