|j|☆Watermelonsz
|j|☆jessies boyfriend
|t:|1779821954
|gametype|singles
|player|p1|Watermelonsz|1|1337
|player|p2|jessies boyfriend|brock|1351
|gen|9
|tier|[Gen 9] OU
|rated|
|rule|HP Percentage Mod: HP is shown in percentages
|rule|Endless Battle Clause: Forcing endless battles is banned
|rule|Species Clause: Limit one of each Pokémon
|rule|OHKO Clause: OHKO moves are banned
|rule|Evasion Items Clause: Evasion items are banned
|rule|Evasion Moves Clause: Evasion moves are banned
|rule|Evasion Abilities Clause: Evasion abilities are banned
|rule|Sleep Moves Clause: Sleep-inducing moves are banned
|clearpoke
|poke|p1|Dragonite, F|
|poke|p1|Zamazenta-*|
|poke|p1|Latios, M|
|poke|p1|Cinderace, M|
|poke|p1|Cresselia, F|
|poke|p1|Deoxys-Speed|
|poke|p2|Houndstone, F|
|poke|p2|Glimmora, M|
|poke|p2|Scrafty, M|
|poke|p2|Samurott-Hisui, M|
|poke|p2|Great Tusk|
|poke|p2|Milotic, M|
|teampreview
|inactive|Battle timer is ON: inactive players will automatically lose when time's up. (requested by jessies boyfriend)
|
|t:|1779821957
|teamsize|p1|6
|teamsize|p2|6
|start
|switch|p1a: Deoxys|Deoxys-Speed|100/100
|switch|p2a: Samurott|Samurott-Hisui, M, shiny|100/100
|-ability|p1a: Deoxys|Pressure
|turn|1
|j| Hatsunamiku
|
|t:|1779821962
|move|p1a: Deoxys|Thunder Wave|p2a: Samurott
|-status|p2a: Samurott|par
|move|p2a: Samurott|Ceaseless Edge|p1a: Deoxys
|-supereffective|p1a: Deoxys
|-enditem|p1a: Deoxys|Focus Sash
|-damage|p1a: Deoxys|1/100
|-sidestart|p1: Watermelonsz|Spikes
|
|upkeep
|turn|2
|
|t:|1779821970
|move|p1a: Deoxys|Shadow Ball|p2a: Samurott
|-resisted|p2a: Samurott
|-damage|p2a: Samurott|94/100 par
|cant|p2a: Samurott|par
|
|upkeep
|turn|3
|
|t:|1779821982
|move|p1a: Deoxys|Thunder Wave|p2a: Samurott
|-fail|p2a: Samurott|par
|move|p2a: Samurott|Ceaseless Edge|p1a: Deoxys|[miss]
|-miss|p2a: Samurott|p1a: Deoxys
|
|upkeep
|turn|4
|
|t:|1779821987
|move|p1a: Deoxys|Shadow Ball|p2a: Samurott
|-resisted|p2a: Samurott
|-damage|p2a: Samurott|88/100 par
|move|p2a: Samurott|Flip Turn|p1a: Deoxys
|-damage|p1a: Deoxys|0 fnt
|faint|p1a: Deoxys
|
|t:|1779821997
|switch|p2a: Glimmora|Glimmora, M|100/100|[from] Flip Turn
|-item|p2a: Glimmora|Air Balloon
|
|upkeep
|
|t:|1779822005
|switch|p1a: Cinderace|Cinderace, M|100/100
|-damage|p1a: Cinderace|88/100|[from] Spikes
|turn|5
|
|t:|1779822008
|move|p1a: Cinderace|Iron Head|p2a: Glimmora
|-start|p1a: Cinderace|typechange|Steel|[from] ability: Libero
|-supereffective|p2a: Glimmora
|-damage|p2a: Glimmora|28/100
|-activate|p2a: Glimmora|ability: Toxic Debris
|-sidestart|p1: Watermelonsz|move: Toxic Spikes
|-enditem|p2a: Glimmora|Air Balloon
|move|p2a: Glimmora|Mortal Spin|p1a: Cinderace
|-immune|p1a: Cinderace
|
|upkeep
|turn|6
|
|t:|1779822020
|switch|p2a: Samurott|Samurott-Hisui, M, shiny|88/100 par
|move|p1a: Cinderace|Iron Head|p2a: Samurott
|-resisted|p2a: Samurott
|-damage|p2a: Samurott|71/100 par
|
|upkeep
|turn|7
|
|t:|1779822024
|move|p1a: Cinderace|Court Change|p1a: Cinderace
|-swapsideconditions
|-activate|p1a: Cinderace|move: Court Change
|cant|p2a: Samurott|par
|
|upkeep
|turn|8
|
|t:|1779822026
|move|p1a: Cinderace|Iron Head|p2a: Samurott
|-resisted|p2a: Samurott
|-damage|p2a: Samurott|51/100 par
|move|p2a: Samurott|Knock Off|p1a: Cinderace
|-damage|p1a: Cinderace|33/100
|-enditem|p1a: Cinderace|Focus Sash|[from] move: Knock Off|[of] p2a: Samurott
|
|upkeep
|turn|9
|
|t:|1779822034
|move|p1a: Cinderace|Iron Head|p2a: Samurott
|-resisted|p2a: Samurott
|-damage|p2a: Samurott|32/100 par
|move|p2a: Samurott|Ceaseless Edge|p1a: Cinderace
|-damage|p1a: Cinderace|0 fnt
|-sidestart|p1: Watermelonsz|Spikes
|faint|p1a: Cinderace
|
|upkeep
|
|t:|1779822046
|switch|p1a: Dragonite|Dragonite, F|100/100
|turn|10
|
|t:|1779822049
|switch|p2a: Glimmora|Glimmora, M|28/100
|-damage|p2a: Glimmora|16/100|[from] Spikes
|-sideend|p2: jessies boyfriend|move: Toxic Spikes|[of] p2a: Glimmora
|move|p1a: Dragonite|Dragon Dance|p1a: Dragonite
|-boost|p1a: Dragonite|atk|1
|-boost|p1a: Dragonite|spe|1
|
|upkeep
|turn|11
|
|t:|1779822058
|move|p1a: Dragonite|Extreme Speed|p2a: Glimmora
|-resisted|p2a: Glimmora
|-damage|p2a: Glimmora|0 fnt
|-activate|p2a: Glimmora|ability: Toxic Debris
|-sidestart|p1: Watermelonsz|move: Toxic Spikes
|faint|p2a: Glimmora
|
|upkeep
|
|t:|1779822066
|switch|p2a: Houndstone|Houndstone, F|100/100
|-damage|p2a: Houndstone|88/100|[from] Spikes
|turn|12
|
|t:|1779822072
|move|p1a: Dragonite|Earthquake|p2a: Houndstone
|-damage|p2a: Houndstone|34/100
|move|p2a: Houndstone|Roar|p1a: Dragonite
|drag|p1a: Cresselia|Cresselia, F|100/100
|
|-heal|p2a: Houndstone|40/100|[from] item: Leftovers
|upkeep
|turn|13
|
|t:|1779822082
|move|p1a: Cresselia|Thunderbolt|p2a: Houndstone
|-damage|p2a: Houndstone|28/100
|move|p2a: Houndstone|Pain Split|p1a: Cresselia
|-sethp|p1a: Cresselia|61/100|[from] move: Pain Split|[silent]
|-sethp|p2a: Houndstone|78/100|[from] move: Pain Split
|
|-heal|p1a: Cresselia|67/100|[from] item: Leftovers
|-heal|p2a: Houndstone|84/100|[from] item: Leftovers
|upkeep
|turn|14
|
|t:|1779822091
|move|p1a: Cresselia|Thunderbolt|p2a: Houndstone
|-damage|p2a: Houndstone|73/100
|move|p2a: Houndstone|Phantom Force||[still]
|-prepare|p2a: Houndstone|Phantom Force
|
|-heal|p1a: Cresselia|73/100|[from] item: Leftovers
|-heal|p2a: Houndstone|79/100|[from] item: Leftovers
|upkeep
|turn|15
|
|t:|1779822098
|move|p1a: Cresselia|Calm Mind|p1a: Cresselia
|-boost|p1a: Cresselia|spa|1
|-boost|p1a: Cresselia|spd|1
|move|p2a: Houndstone|Phantom Force|p1a: Cresselia|[from] lockedmove
|-supereffective|p1a: Cresselia
|-damage|p1a: Cresselia|42/100
|
|-heal|p1a: Cresselia|48/100|[from] item: Leftovers
|-heal|p2a: Houndstone|85/100|[from] item: Leftovers
|upkeep
|turn|16
|
|t:|1779822108
|move|p1a: Cresselia|Thunderbolt|p2a: Houndstone
|-damage|p2a: Houndstone|68/100
|move|p2a: Houndstone|Roar|p1a: Cresselia
|drag|p1a: Latios|Latios, M|100/100
|
|-heal|p2a: Houndstone|74/100|[from] item: Leftovers
|upkeep
|turn|17
|
|t:|1779822117
|move|p1a: Latios|Psychic|p2a: Houndstone
|-damage|p2a: Houndstone|33/100
|-unboost|p2a: Houndstone|spd|1
|move|p2a: Houndstone|Pain Split|p1a: Latios
|-sethp|p1a: Latios|69/100|[from] move: Pain Split|[silent]
|-sethp|p2a: Houndstone|60/100|[from] move: Pain Split
|
|-heal|p2a: Houndstone|66/100|[from] item: Leftovers
|upkeep
|turn|18
|
|t:|1779822124
|move|p1a: Latios|Psychic|p2a: Houndstone
|-damage|p2a: Houndstone|0 fnt
|faint|p2a: Houndstone
|
|upkeep
|
|t:|1779822131
|switch|p2a: Scrafty|Scrafty, M, shiny|100/100
|-damage|p2a: Scrafty|88/100|[from] Spikes
|-ability|p2a: Scrafty|Intimidate|boost
|-unboost|p1a: Latios|atk|1
|turn|19
|
|t:|1779822139
|move|p1a: Latios|Ice Beam|p2a: Scrafty
|-damage|p2a: Scrafty|68/100
|-status|p2a: Scrafty|frz
|cant|p2a: Scrafty|frz
|
|upkeep
|turn|20
|
|t:|1779822145
|move|p1a: Latios|Ice Beam|p2a: Scrafty
|-crit|p2a: Scrafty
|-damage|p2a: Scrafty|37/100 frz
|cant|p2a: Scrafty|frz
|
|upkeep
|turn|21
|
|t:|1779822152
|move|p1a: Latios|Calm Mind|p1a: Latios
|-boost|p1a: Latios|spa|1
|-boost|p1a: Latios|spd|1
|cant|p2a: Scrafty|frz
|
|upkeep
|turn|22
|
|t:|1779822157
|move|p1a: Latios|Ice Beam|p2a: Scrafty
|-damage|p2a: Scrafty|8/100 frz
|-curestatus|p2a: Scrafty|frz|[msg]
|move|p2a: Scrafty|Knock Off|p1a: Latios
|-supereffective|p1a: Latios
|-damage|p1a: Latios|0 fnt
|-enditem|p1a: Latios|Soul Dew|[from] move: Knock Off|[of] p2a: Scrafty
|faint|p1a: Latios
|
|upkeep
|
|t:|1779822167
|switch|p1a: Dragonite|Dragonite, F|100/100
|turn|23
|
|t:|1779822170
|move|p1a: Dragonite|Extreme Speed|p2a: Scrafty
|-damage|p2a: Scrafty|0 fnt
|faint|p2a: Scrafty
|
|upkeep
|
|t:|1779822176
|switch|p2a: Great Tusk|Great Tusk|100/100
|-damage|p2a: Great Tusk|88/100|[from] Spikes
|turn|24
|
|t:|1779822181
|move|p1a: Dragonite|Dragon Dance|p1a: Dragonite
|-boost|p1a: Dragonite|atk|1
|-boost|p1a: Dragonite|spe|1
|move|p2a: Great Tusk|Rapid Spin|p1a: Dragonite
|-damage|p1a: Dragonite|93/100
|-boost|p2a: Great Tusk|spe|1
|-sideend|p2: jessies boyfriend|Spikes|[from] move: Rapid Spin|[of] p2a: Great Tusk
|
|-heal|p2a: Great Tusk|94/100|[from] item: Leftovers
|upkeep
|turn|25
|
|t:|1779822190
|-terastallize|p1a: Dragonite|Normal
|move|p1a: Dragonite|Dragon Dance|p1a: Dragonite
|-boost|p1a: Dragonite|atk|1
|-boost|p1a: Dragonite|spe|1
|move|p2a: Great Tusk|Roar|p1a: Dragonite
|drag|p1a: Cresselia|Cresselia, F|48/100
|
|-heal|p2a: Great Tusk|100/100|[from] item: Leftovers
|-heal|p1a: Cresselia|54/100|[from] item: Leftovers
|upkeep
|turn|26
|
|t:|1779822203
|-end|p2a: Great Tusk|Protosynthesis|[silent]
|switch|p2a: Samurott|Samurott-Hisui, M, shiny|32/100 par
|move|p1a: Cresselia|Moonlight|p1a: Cresselia
|-heal|p1a: Cresselia|100/100
|
|upkeep
|turn|27
|
|t:|1779822206
|move|p1a: Cresselia|Calm Mind|p1a: Cresselia
|-boost|p1a: Cresselia|spa|1
|-boost|p1a: Cresselia|spd|1
|move|p2a: Samurott|Ceaseless Edge|p1a: Cresselia
|-supereffective|p1a: Cresselia
|-damage|p1a: Cresselia|64/100
|-sidestart|p1: Watermelonsz|Spikes
|
|-heal|p1a: Cresselia|70/100|[from] item: Leftovers
|upkeep
|turn|28
|
|t:|1779822209
|move|p1a: Cresselia|Calm Mind|p1a: Cresselia
|-boost|p1a: Cresselia|spa|1
|-boost|p1a: Cresselia|spd|1
|cant|p2a: Samurott|par
|
|-heal|p1a: Cresselia|76/100|[from] item: Leftovers
|upkeep
|turn|29
|
|t:|1779822211
|move|p1a: Cresselia|Calm Mind|p1a: Cresselia
|-boost|p1a: Cresselia|spa|1
|-boost|p1a: Cresselia|spd|1
|move|p2a: Samurott|Knock Off|p1a: Cresselia
|-supereffective|p1a: Cresselia
|-damage|p1a: Cresselia|39/100
|-enditem|p1a: Cresselia|Leftovers|[from] move: Knock Off|[of] p2a: Samurott
|
|upkeep
|turn|30
|
|t:|1779822216
|move|p1a: Cresselia|Moonlight|p1a: Cresselia
|-heal|p1a: Cresselia|89/100
|cant|p2a: Samurott|par
|
|upkeep
|turn|31
|c|☆Watermelonsz|i literally hate ur tean
|c|☆Watermelonsz|rely on roar is wild work
|
|t:|1779822233
|move|p1a: Cresselia|Thunderbolt|p2a: Samurott
|-supereffective|p2a: Samurott
|-damage|p2a: Samurott|0 fnt
|faint|p2a: Samurott
|
|upkeep
|c|☆jessies boyfriend|losing half my turns to para and freeze is also wild work
|
|t:|1779822250
|switch|p2a: Milotic|Milotic, M|100/100
|turn|32
|c|☆Watermelonsz|would have lost regardless but yeah thats unfortunate
|c|☆Watermelonsz|did you try the new pokemon game on switch yet?
|
|t:|1779822279
|-terastallize|p2a: Milotic|Fairy
|move|p1a: Cresselia|Thunderbolt|p2a: Milotic
|-damage|p2a: Milotic|78/100
|move|p2a: Milotic|Dragon Tail|p1a: Cresselia
|-damage|p1a: Cresselia|85/100
|drag|p1a: Dragonite|Dragonite, F, tera:Normal|93/100
|-damage|p1a: Dragonite|76/100|[from] Spikes
|-status|p1a: Dragonite|psn
|
|-damage|p1a: Dragonite|64/100 psn|[from] psn
|upkeep
|turn|33
|c|☆jessies boyfriend|ur math is wrong but that’s okay
|inactive|jessies boyfriend has 120 seconds left.
|
|t:|1779822312
|switch|p2a: Great Tusk|Great Tusk|100/100
|move|p1a: Dragonite|Earthquake|p2a: Great Tusk
|-damage|p2a: Great Tusk|82/100
|
|-heal|p2a: Great Tusk|88/100|[from] item: Leftovers
|-damage|p1a: Dragonite|51/100 psn|[from] psn
|upkeep
|turn|34
|c|☆Watermelonsz|where was there an equation?
|
|t:|1779822324
|move|p1a: Dragonite|Fire Punch|p2a: Great Tusk
|-damage|p2a: Great Tusk|73/100
|move|p2a: Great Tusk|Body Press|p1a: Dragonite
|-supereffective|p1a: Dragonite
|-damage|p1a: Dragonite|0 fnt
|faint|p1a: Dragonite
|
|-heal|p2a: Great Tusk|79/100|[from] item: Leftovers
|upkeep
|
|t:|1779822331
|switch|p1a: Zamazenta|Zamazenta|100/100
|-damage|p1a: Zamazenta|84/100|[from] Spikes
|-status|p1a: Zamazenta|psn
|-ability|p1a: Zamazenta|Dauntless Shield|boost
|-boost|p1a: Zamazenta|def|1
|turn|35
|inactive|jessies boyfriend has 120 seconds left.
|c|☆jessies boyfriend|didn’t say anything about an equation but that’s okay too
|
|t:|1779822355
|move|p1a: Zamazenta|Iron Defense|p1a: Zamazenta
|-boost|p1a: Zamazenta|def|2
|move|p2a: Great Tusk|Roar|p1a: Zamazenta
|drag|p1a: Cresselia|Cresselia, F|85/100
|
|-heal|p2a: Great Tusk|85/100|[from] item: Leftovers
|upkeep
|turn|36
|c|☆Watermelonsz|Are you a liberal?
|
|t:|1779822378
|-end|p2a: Great Tusk|Protosynthesis|[silent]
|switch|p2a: Milotic|Milotic, M, tera:Fairy|78/100
|move|p1a: Cresselia|Moonlight|p1a: Cresselia
|-heal|p1a: Cresselia|100/100
|
|upkeep
|turn|37
|c|☆jessies boyfriend|nope i’m worse
|c|☆jessies boyfriend|i don’t participate at all
|
|t:|1779822397
|move|p1a: Cresselia|Calm Mind|p1a: Cresselia
|-boost|p1a: Cresselia|spa|1
|-boost|p1a: Cresselia|spd|1
|move|p2a: Milotic|Draining Kiss|p1a: Cresselia
|-damage|p1a: Cresselia|87/100
|-heal|p2a: Milotic|90/100|[from] drain|[of] p1a: Cresselia
|
|upkeep
|turn|38
|c|☆Watermelonsz|tbh I respect that
|
|t:|1779822405
|move|p1a: Cresselia|Calm Mind|p1a: Cresselia
|-boost|p1a: Cresselia|spa|1
|-boost|p1a: Cresselia|spd|1
|move|p2a: Milotic|Dragon Tail|p1a: Cresselia
|-damage|p1a: Cresselia|82/100
|drag|p1a: Zamazenta|Zamazenta|84/100 psn
|-damage|p1a: Zamazenta|68/100 psn|[from] Spikes
|
|-heal|p1a: Zamazenta|74/100 psn|[from] item: Leftovers
|-damage|p1a: Zamazenta|61/100 psn|[from] psn
|upkeep
|turn|39
|c|☆jessies boyfriend|i haven’t tried the new game - is that FRLG?
|
|t:|1779822421
|move|p1a: Zamazenta|Body Press|p2a: Milotic
|-resisted|p2a: Milotic
|-damage|p2a: Milotic|72/100
|move|p2a: Milotic|Draining Kiss|p1a: Zamazenta
|-supereffective|p1a: Zamazenta
|-damage|p1a: Zamazenta|22/100 psn
|-heal|p2a: Milotic|100/100|[from] drain|[of] p1a: Zamazenta
|
|-heal|p1a: Zamazenta|28/100 psn|[from] item: Leftovers
|-damage|p1a: Zamazenta|16/100 psn|[from] psn
|upkeep
|turn|40
|c|☆Watermelonsz|no no its called like champions or something
|c|☆Watermelonsz|you can bring your little dudes from home into it
|
|t:|1779822441
|move|p1a: Zamazenta|Body Press|p2a: Milotic
|-resisted|p2a: Milotic
|-damage|p2a: Milotic|84/100
|move|p2a: Milotic|Draining Kiss|p1a: Zamazenta
|-supereffective|p1a: Zamazenta
|-damage|p1a: Zamazenta|0 fnt
|-heal|p2a: Milotic|96/100|[from] drain|[of] p1a: Zamazenta
|faint|p1a: Zamazenta
|
|upkeep
|
|t:|1779822445
|switch|p1a: Cresselia|Cresselia, F|82/100
|turn|41
|c|☆jessies boyfriend|oh ya i haven’t played a game since SV lol
|c|☆Watermelonsz|99% sure I win with Cress unfortunately, but I will be amazed if you pull this off
|c|☆jessies boyfriend|i’m chronically on showdown it’s so addicting
|inactive|jessies boyfriend has 120 seconds left.
|c|☆Watermelonsz|showdown is goated for sure
|c|☆jessies boyfriend|you def win i cant do anything unless i freeze you
|
|t:|1779822489
|move|p1a: Cresselia|Calm Mind|p1a: Cresselia
|-boost|p1a: Cresselia|spa|1
|-boost|p1a: Cresselia|spd|1
|move|p2a: Milotic|Ice Beam|p1a: Cresselia
|-damage|p1a: Cresselia|70/100
|
|upkeep
|turn|42
|
|t:|1779822493
|move|p1a: Cresselia|Calm Mind|p1a: Cresselia
|-boost|p1a: Cresselia|spa|1
|-boost|p1a: Cresselia|spd|1
|move|p2a: Milotic|Ice Beam|p1a: Cresselia
|-damage|p1a: Cresselia|60/100
|
|upkeep
|turn|43
|
|t:|1779822496
|move|p1a: Cresselia|Calm Mind|p1a: Cresselia
|-boost|p1a: Cresselia|spa|1
|-boost|p1a: Cresselia|spd|1
|move|p2a: Milotic|Ice Beam|p1a: Cresselia
|-damage|p1a: Cresselia|52/100
|
|upkeep
|turn|44
|
|t:|1779822499
|move|p1a: Cresselia|Moonlight|p1a: Cresselia
|-heal|p1a: Cresselia|100/100
|move|p2a: Milotic|Ice Beam|p1a: Cresselia
|-damage|p1a: Cresselia|94/100
|
|upkeep
|turn|45
|
|t:|1779822502
|move|p1a: Cresselia|Calm Mind|p1a: Cresselia
|-boost|p1a: Cresselia|spa|1
|-boost|p1a: Cresselia|spd|1
|move|p2a: Milotic|Ice Beam|p1a: Cresselia
|-damage|p1a: Cresselia|88/100
|
|upkeep
|turn|46
|
|t:|1779822506
|move|p1a: Cresselia|Calm Mind|p1a: Cresselia
|-boost|p1a: Cresselia|spa|1
|-boost|p1a: Cresselia|spd|1
|move|p2a: Milotic|Ice Beam|p1a: Cresselia
|-damage|p1a: Cresselia|82/100
|
|upkeep
|turn|47
|
|t:|1779822507
|move|p1a: Cresselia|Calm Mind|p1a: Cresselia
|-boost|p1a: Cresselia|spa|1
|-boost|p1a: Cresselia|spd|1
|move|p2a: Milotic|Ice Beam|p1a: Cresselia
|-damage|p1a: Cresselia|77/100
|
|upkeep
|turn|48
|
|t:|1779822511
|move|p1a: Cresselia|Moonlight|p1a: Cresselia
|-heal|p1a: Cresselia|100/100
|move|p2a: Milotic|Ice Beam|p1a: Cresselia
|-damage|p1a: Cresselia|96/100
|
|upkeep
|turn|49
|
|t:|1779822517
|move|p1a: Cresselia|Thunderbolt|p2a: Milotic
|-damage|p2a: Milotic|66/100
|move|p2a: Milotic|Ice Beam|p1a: Cresselia
|-damage|p1a: Cresselia|91/100
|
|upkeep
|turn|50
|
|t:|1779822521
|move|p1a: Cresselia|Thunderbolt|p2a: Milotic
|-damage|p2a: Milotic|33/100
|move|p2a: Milotic|Ice Beam|p1a: Cresselia
|-damage|p1a: Cresselia|86/100
|
|upkeep
|turn|51
|
|t:|1779822528
|move|p1a: Cresselia|Thunderbolt|p2a: Milotic
|-damage|p2a: Milotic|0 fnt
|faint|p2a: Milotic
|
|upkeep
|c|☆jessies boyfriend|gg bro
|
|t:|1779822531
|switch|p2a: Great Tusk|Great Tusk|85/100
|turn|52
|
|t:|1779822533
|move|p2a: Great Tusk|Body Press|p1a: Cresselia
|-resisted|p1a: Cresselia
|-damage|p1a: Cresselia|74/100
|move|p1a: Cresselia|Psychic|p2a: Great Tusk
|-supereffective|p2a: Great Tusk
|-damage|p2a: Great Tusk|0 fnt
|faint|p2a: Great Tusk
|-end|p2a: Great Tusk|Protosynthesis|[silent]
|
|win|Watermelonsz
|raw|Watermelonsz's rating: 1337 &rarr; <strong>1358</strong><br />(+21 for winning)
|raw|jessies boyfriend's rating: 1351 &rarr; <strong>1330</strong><br />(-21 for losing)
|l|☆jessies boyfriend
|player|p2|
|l|☆Watermelonsz
|player|p1|
|l| Hatsunamiku
