|j|☆l5king
|j|☆flapjacque
|t:|1779802005
|gametype|singles
|player|p1|l5king|palmer|1332
|player|p2|flapjacque|wallace|1354
|gen|9
|tier|[Gen 9] OU
|rated|
|rule|HP Percentage Mod: HP is shown in percentages
|rule|Endless Battle Clause: Forcing endless battles is banned
|rule|Species Clause: Limit one of each Pokémon
|rule|OHKO Clause: OHKO moves are banned
|rule|Evasion Items Clause: Evasion items are banned
|rule|Evasion Moves Clause: Evasion moves are banned
|rule|Evasion Abilities Clause: Evasion abilities are banned
|rule|Sleep Moves Clause: Sleep-inducing moves are banned
|clearpoke
|poke|p1|Kingambit, M|
|poke|p1|Ogerpon-Wellspring, F|
|poke|p1|Chandelure, F|
|poke|p1|Gyarados, M|
|poke|p1|Gengar, M|
|poke|p1|Salamence, F|
|poke|p2|Milotic, F|
|poke|p2|Skarmory, F|
|poke|p2|Quagsire, F|
|poke|p2|Latias, F|
|poke|p2|Enamorus, F|
|poke|p2|Grafaiai, F|
|teampreview
|
|t:|1779802020
|teamsize|p1|6
|teamsize|p2|6
|start
|switch|p1a: Chandelure|Chandelure, F|100/100
|switch|p2a: Skarmory|Skarmory, F|100/100
|turn|1
|
|t:|1779802025
|switch|p2a: Milotic|Milotic, F|100/100
|move|p1a: Chandelure|Flamethrower|p2a: Milotic
|-resisted|p2a: Milotic
|-damage|p2a: Milotic|82/100
|-status|p2a: Milotic|brn
|
|-heal|p2a: Milotic|88/100 brn|[from] item: Leftovers
|-damage|p2a: Milotic|82/100 brn|[from] brn
|upkeep
|turn|2
|
|t:|1779802037
|switch|p1a: Gengar|Gengar, M|100/100
|move|p2a: Milotic|Hydro Pump|p1a: Gengar
|-damage|p1a: Gengar|10/100
|-start|p2a: Milotic|Disable|Hydro Pump|[from] ability: Cursed Body|[of] p1a: Gengar
|
|-heal|p2a: Milotic|88/100 brn|[from] item: Leftovers
|-damage|p2a: Milotic|82/100 brn|[from] brn
|upkeep
|turn|3
|
|t:|1779802046
|move|p1a: Gengar|Destiny Bond|p1a: Gengar
|-singlemove|p1a: Gengar|Destiny Bond
|move|p2a: Milotic|Flip Turn|p1a: Gengar
|-damage|p1a: Gengar|0 fnt
|faint|p1a: Gengar
|-activate|p1a: Gengar|move: Destiny Bond
|faint|p2a: Milotic
|
|upkeep
|
|t:|1779802055
|switch|p1a: Salamence|Salamence, F|100/100
|switch|p2a: Grafaiai|Grafaiai, F|100/100
|turn|4
|
|t:|1779802060
|move|p2a: Grafaiai|Parting Shot|p1a: Salamence
|-unboost|p1a: Salamence|atk|1
|-unboost|p1a: Salamence|spa|1
|
|t:|1779802067
|switch|p2a: Quagsire|Quagsire, F, shiny|100/100|[from] Parting Shot
|move|p1a: Salamence|Dragon Dance|p1a: Salamence
|-boost|p1a: Salamence|atk|1
|-boost|p1a: Salamence|spe|1
|
|upkeep
|turn|5
|
|t:|1779802081
|move|p1a: Salamence|Dragon Claw|p2a: Quagsire
|-damage|p2a: Quagsire|66/100
|move|p2a: Quagsire|Toxic|p1a: Salamence
|-status|p1a: Salamence|tox
|
|-heal|p2a: Quagsire|72/100|[from] item: Leftovers
|-damage|p1a: Salamence|94/100 tox|[from] psn
|upkeep
|turn|6
|
|t:|1779802089
|move|p1a: Salamence|Dragon Dance|p1a: Salamence
|-boost|p1a: Salamence|atk|1
|-boost|p1a: Salamence|spe|1
|move|p2a: Quagsire|Stealth Rock|p1a: Salamence
|-sidestart|p1: l5king|move: Stealth Rock
|
|-heal|p2a: Quagsire|78/100|[from] item: Leftovers
|-damage|p1a: Salamence|82/100 tox|[from] psn
|upkeep
|turn|7
|
|t:|1779802097
|move|p1a: Salamence|Dragon Dance|p1a: Salamence
|-boost|p1a: Salamence|atk|1
|-boost|p1a: Salamence|spe|1
|move|p2a: Quagsire|Toxic|p1a: Salamence
|-fail|p1a: Salamence|tox
|
|-heal|p2a: Quagsire|85/100|[from] item: Leftovers
|-damage|p1a: Salamence|64/100 tox|[from] psn
|upkeep
|turn|8
|
|t:|1779802105
|move|p1a: Salamence|Dragon Claw|p2a: Quagsire
|-damage|p2a: Quagsire|54/100
|move|p2a: Quagsire|Toxic|p1a: Salamence|[miss]
|-miss|p2a: Quagsire|p1a: Salamence
|
|-heal|p2a: Quagsire|60/100|[from] item: Leftovers
|-damage|p1a: Salamence|40/100 tox|[from] psn
|upkeep
|turn|9
|
|t:|1779802113
|move|p1a: Salamence|Dragon Claw|p2a: Quagsire
|-damage|p2a: Quagsire|29/100
|move|p2a: Quagsire|Recover|p2a: Quagsire
|-heal|p2a: Quagsire|79/100
|
|-heal|p2a: Quagsire|85/100|[from] item: Leftovers
|-damage|p1a: Salamence|10/100 tox|[from] psn
|upkeep
|-enditem|p1a: Salamence|Salac Berry|[eat]
|-boost|p1a: Salamence|spe|1|[from] item: Salac Berry
|turn|10
|
|t:|1779802124
|move|p1a: Salamence|Dual Wingbeat|p2a: Quagsire
|-damage|p2a: Quagsire|68/100
|-damage|p2a: Quagsire|50/100
|-hitcount|p2a: Quagsire|2
|move|p2a: Quagsire|Recover|p2a: Quagsire
|-heal|p2a: Quagsire|99/100
|
|-heal|p2a: Quagsire|100/100|[from] item: Leftovers
|-damage|p1a: Salamence|0 fnt|[from] psn
|faint|p1a: Salamence
|upkeep
|
|t:|1779802135
|switch|p1a: Chandelure|Chandelure, F|100/100
|-damage|p1a: Chandelure|76/100|[from] Stealth Rock
|turn|11
|
|t:|1779802140
|move|p1a: Chandelure|Energy Ball|p2a: Quagsire
|-supereffective|p2a: Quagsire
|-damage|p2a: Quagsire|0 fnt
|faint|p2a: Quagsire
|
|upkeep
|
|t:|1779802152
|switch|p2a: Grafaiai|Grafaiai, F|100/100
|turn|12
|
|t:|1779802165
|switch|p1a: Gyarados|Gyarados, M|100/100
|-damage|p1a: Gyarados|76/100|[from] Stealth Rock
|move|p2a: Grafaiai|Knock Off|p1a: Gyarados
|-damage|p1a: Gyarados|44/100
|-enditem|p1a: Gyarados|Salac Berry|[from] move: Knock Off|[of] p2a: Grafaiai
|
|upkeep
|turn|13
|
|t:|1779802176
|move|p2a: Grafaiai|Parting Shot|p1a: Gyarados
|-unboost|p1a: Gyarados|atk|1
|-unboost|p1a: Gyarados|spa|1
|
|t:|1779802179
|switch|p2a: Skarmory|Skarmory, F|100/100|[from] Parting Shot
|move|p1a: Gyarados|Earthquake|p2a: Skarmory
|-immune|p2a: Skarmory
|
|upkeep
|turn|14
|
|t:|1779802186
|move|p1a: Gyarados|Dragon Dance|p1a: Gyarados
|-boost|p1a: Gyarados|atk|1
|-boost|p1a: Gyarados|spe|1
|move|p2a: Skarmory|Spikes|p1a: Gyarados
|-sidestart|p1: l5king|Spikes
|
|upkeep
|turn|15
|
|t:|1779802197
|move|p1a: Gyarados|Dragon Dance|p1a: Gyarados
|-boost|p1a: Gyarados|atk|1
|-boost|p1a: Gyarados|spe|1
|move|p2a: Skarmory|Whirlwind|p1a: Gyarados
|drag|p1a: Ogerpon|Ogerpon-Wellspring, F|100/100
|-damage|p1a: Ogerpon|88/100|[from] Stealth Rock
|-damage|p1a: Ogerpon|76/100|[from] Spikes
|
|upkeep
|turn|16
|
|t:|1779802206
|move|p1a: Ogerpon|Ivy Cudgel|p2a: Skarmory|[anim] Ivy Cudgel Water
|-damage|p2a: Skarmory|65/100
|move|p2a: Skarmory|Brave Bird|p1a: Ogerpon
|-supereffective|p1a: Ogerpon
|-damage|p1a: Ogerpon|0 fnt
|faint|p1a: Ogerpon
|-damage|p2a: Skarmory|43/100|[from] Recoil
|
|upkeep
|
|t:|1779802213
|switch|p1a: Chandelure|Chandelure, F|76/100
|-damage|p1a: Chandelure|51/100|[from] Stealth Rock
|-damage|p1a: Chandelure|38/100|[from] Spikes
|turn|17
|
|t:|1779802221
|switch|p2a: Latias|Latias, F|100/100
|move|p1a: Chandelure|Flamethrower|p2a: Latias
|-resisted|p2a: Latias
|-damage|p2a: Latias|80/100
|
|upkeep
|turn|18
|
|t:|1779802229
|switch|p1a: Kingambit|Kingambit, M|100/100
|-damage|p1a: Kingambit|94/100|[from] Stealth Rock
|-activate|p1a: Kingambit|ability: Supreme Overlord
|-start|p1a: Kingambit|fallen3|[silent]
|-item|p1a: Kingambit|Air Balloon
|move|p2a: Latias|Calm Mind|p2a: Latias
|-boost|p2a: Latias|spa|1
|-boost|p2a: Latias|spd|1
|
|upkeep
|turn|19
|
|t:|1779802247
|-terastallize|p2a: Latias|Fairy
|move|p2a: Latias|Calm Mind|p2a: Latias
|-boost|p2a: Latias|spa|1
|-boost|p2a: Latias|spd|1
|move|p1a: Kingambit|Kowtow Cleave|p2a: Latias
|-resisted|p2a: Latias
|-damage|p2a: Latias|56/100
|
|upkeep
|turn|20
|
|t:|1779802254
|move|p2a: Latias|Draining Kiss|p1a: Kingambit
|-damage|p1a: Kingambit|55/100
|-heal|p2a: Latias|89/100|[from] drain|[of] p1a: Kingambit
|-enditem|p1a: Kingambit|Air Balloon
|move|p1a: Kingambit|Iron Head|p2a: Latias
|-supereffective|p2a: Latias
|-damage|p2a: Latias|0 fnt
|faint|p2a: Latias
|
|upkeep
|
|t:|1779802265
|switch|p2a: Enamorus|Enamorus, F|100/100
|turn|21
|
|t:|1779802268
|move|p2a: Enamorus|Superpower|p1a: Kingambit
|-supereffective|p1a: Kingambit
|-damage|p1a: Kingambit|0 fnt
|-boost|p2a: Enamorus|atk|1
|-boost|p2a: Enamorus|def|1
|faint|p1a: Kingambit
|-end|p1a: Kingambit|fallen3|[silent]
|
|upkeep
|
|t:|1779802279
|switch|p1a: Chandelure|Chandelure, F|38/100
|-damage|p1a: Chandelure|14/100|[from] Stealth Rock
|-damage|p1a: Chandelure|1/100|[from] Spikes
|turn|22
|
|t:|1779802284
|-terastallize|p1a: Chandelure|Ghost
|move|p1a: Chandelure|Shadow Ball|p2a: Enamorus
|-damage|p2a: Enamorus|9/100
|move|p2a: Enamorus|Play Rough|p1a: Chandelure
|-damage|p1a: Chandelure|0 fnt
|faint|p1a: Chandelure
|
|-heal|p2a: Enamorus|15/100|[from] item: Leftovers
|upkeep
|
|t:|1779802290
|switch|p1a: Gyarados|Gyarados, M|44/100
|-damage|p1a: Gyarados|20/100|[from] Stealth Rock
|turn|23
|
|t:|1779802297
|move|p2a: Enamorus|Play Rough|p1a: Gyarados
|-damage|p1a: Gyarados|0 fnt
|faint|p1a: Gyarados
|
|win|flapjacque
|raw|l5king's rating: 1332 &rarr; <strong>1313</strong><br />(-19 for losing)
|raw|flapjacque's rating: 1354 &rarr; <strong>1373</strong><br />(+19 for winning)
|l|☆l5king
|player|p1|
|l|☆flapjacque
|player|p2|
