|j|☆magikarp soup
|j|☆ghostoftheranch
|t:|1779904292
|gametype|singles
|player|p1|magikarp soup|medium|1592
|player|p2|ghostoftheranch|medium|1564
|gen|9
|tier|[Gen 9] OU
|rated|
|rule|HP Percentage Mod: HP is shown in percentages
|rule|Endless Battle Clause: Forcing endless battles is banned
|rule|Species Clause: Limit one of each Pokémon
|rule|OHKO Clause: OHKO moves are banned
|rule|Evasion Items Clause: Evasion items are banned
|rule|Evasion Moves Clause: Evasion moves are banned
|rule|Evasion Abilities Clause: Evasion abilities are banned
|rule|Sleep Moves Clause: Sleep-inducing moves are banned
|clearpoke
|poke|p1|Cramorant, M|
|poke|p1|Ceruledge, F|
|poke|p1|Kyurem|
|poke|p1|Moltres-Galar|
|poke|p1|Kingambit, M|
|poke|p1|Okidogi, M|
|poke|p2|Torkoal, M|
|poke|p2|Fezandipiti, M|
|poke|p2|Great Tusk|
|poke|p2|Cinderace, F|
|poke|p2|Mandibuzz, F|
|poke|p2|Volcanion|
|teampreview
|
|t:|1779904365
|teamsize|p1|6
|teamsize|p2|6
|start
|switch|p1a: Cramorant|Cramorant, M|100/100
|switch|p2a: Torkoal|Torkoal, M|100/100
|-weather|SunnyDay|[from] ability: Drought|[of] p2a: Torkoal
|turn|1
|
|t:|1779904369
|switch|p2a: Volcanion|Volcanion|100/100
|move|p1a: Cramorant|Surf|p2a: Volcanion
|-immune|p2a: Volcanion|[from] ability: Water Absorb
|
|-weather|SunnyDay|[upkeep]
|upkeep
|turn|2
|inactive|Battle timer is ON: inactive players will automatically lose when time's up. (requested by ghostoftheranch)
|
|t:|1779904378
|move|p1a: Cramorant|Hurricane|p2a: Volcanion|[miss]
|-miss|p1a: Cramorant|p2a: Volcanion
|move|p2a: Volcanion|Solar Beam||[still]
|-prepare|p2a: Volcanion|Solar Beam
|-anim|p2a: Volcanion|Solar Beam|p1a: Cramorant
|-crit|p1a: Cramorant
|-enditem|p1a: Cramorant|Focus Sash
|-damage|p1a: Cramorant|1/100
|
|-weather|SunnyDay|[upkeep]
|upkeep
|turn|3
|
|t:|1779904388
|move|p1a: Cramorant|Hurricane|p2a: Volcanion|[miss]
|-miss|p1a: Cramorant|p2a: Volcanion
|move|p2a: Volcanion|Solar Beam||[still]
|-prepare|p2a: Volcanion|Solar Beam
|-anim|p2a: Volcanion|Solar Beam|p1a: Cramorant
|-damage|p1a: Cramorant|0 fnt
|faint|p1a: Cramorant
|
|-weather|SunnyDay|[upkeep]
|upkeep
|
|t:|1779904396
|switch|p1a: Moltres|Moltres-Galar|100/100
|turn|4
|
|t:|1779904399
|move|p1a: Moltres|Nasty Plot|p1a: Moltres
|-boost|p1a: Moltres|spa|2
|move|p2a: Volcanion|Solar Beam||[still]
|-prepare|p2a: Volcanion|Solar Beam
|-anim|p2a: Volcanion|Solar Beam|p1a: Moltres
|-resisted|p1a: Moltres
|-damage|p1a: Moltres|71/100
|
|-weather|SunnyDay|[upkeep]
|upkeep
|turn|5
|
|t:|1779904425
|switch|p2a: Mandibuzz|Mandibuzz, F|100/100
|move|p1a: Moltres|Fiery Wrath|p2a: Mandibuzz
|-resisted|p2a: Mandibuzz
|-damage|p2a: Mandibuzz|64/100
|
|-weather|SunnyDay|[upkeep]
|upkeep
|turn|6
|
|t:|1779904433
|move|p1a: Moltres|Taunt|p2a: Mandibuzz
|-start|p2a: Mandibuzz|move: Taunt
|cant|p2a: Mandibuzz|move: Taunt|Toxic
|
|-weather|SunnyDay|[upkeep]
|upkeep
|turn|7
|
|t:|1779904460
|switch|p2a: Fezandipiti|Fezandipiti, M|100/100
|move|p1a: Moltres|Fiery Wrath|p2a: Fezandipiti
|-resisted|p2a: Fezandipiti
|-damage|p2a: Fezandipiti|68/100
|
|-weather|SunnyDay|[upkeep]
|-heal|p2a: Fezandipiti|74/100|[from] item: Leftovers
|upkeep
|turn|8
|
|t:|1779904468
|move|p1a: Moltres|Taunt|p2a: Fezandipiti
|-start|p2a: Fezandipiti|move: Taunt
|move|p2a: Fezandipiti|Moonblast|p1a: Moltres
|-supereffective|p1a: Moltres
|-damage|p1a: Moltres|3/100
|-enditem|p1a: Moltres|Salac Berry|[eat]
|-boost|p1a: Moltres|spe|1|[from] item: Salac Berry
|-ability|p1a: Moltres|Berserk|boost
|-boost|p1a: Moltres|spa|1
|
|-weather|none
|-heal|p2a: Fezandipiti|80/100|[from] item: Leftovers
|upkeep
|turn|9
|
|t:|1779904476
|move|p1a: Moltres|Hurricane|p2a: Fezandipiti
|-damage|p2a: Fezandipiti|0 fnt
|faint|p2a: Fezandipiti
|
|upkeep
|
|t:|1779904489
|switch|p2a: Cinderace|Cinderace, F|100/100
|turn|10
|inactive|magikarp soup has 120 seconds left.
|
|t:|1779904541
|move|p2a: Cinderace|Sucker Punch|p1a: Moltres
|-start|p2a: Cinderace|typechange|Dark|[from] ability: Libero
|-resisted|p1a: Moltres
|-damage|p1a: Moltres|0 fnt
|faint|p1a: Moltres
|
|upkeep
|
|t:|1779904547
|switch|p1a: Kyurem|Kyurem|100/100
|-ability|p1a: Kyurem|Pressure
|turn|11
|
|t:|1779904564
|move|p2a: Cinderace|High Jump Kick|p1a: Kyurem
|-supereffective|p1a: Kyurem
|-damage|p1a: Kyurem|7/100
|move|p1a: Kyurem|Dragon Dance|p1a: Kyurem
|-boost|p1a: Kyurem|atk|1
|-boost|p1a: Kyurem|spe|1
|
|upkeep
|turn|12
|
|t:|1779904573
|move|p2a: Cinderace|Sucker Punch||[still]
|-fail|p2a: Cinderace
|move|p1a: Kyurem|Dragon Dance|p1a: Kyurem
|-boost|p1a: Kyurem|atk|1
|-boost|p1a: Kyurem|spe|1
|
|upkeep
|turn|13
|
|t:|1779904578
|move|p1a: Kyurem|Scale Shot|p2a: Cinderace
|-damage|p2a: Cinderace|60/100
|-damage|p2a: Cinderace|19/100
|-damage|p2a: Cinderace|0 fnt
|faint|p2a: Cinderace
|-hitcount|p2: Cinderace|3
|-unboost|p1a: Kyurem|def|1
|-boost|p1a: Kyurem|spe|1
|
|upkeep
|
|t:|1779904588
|switch|p2a: Torkoal|Torkoal, M|100/100
|-weather|SunnyDay|[from] ability: Drought|[of] p2a: Torkoal
|turn|14
|
|t:|1779904597
|-terastallize|p2a: Torkoal|Fairy
|move|p1a: Kyurem|Scale Shot|p2a: Torkoal
|-immune|p2a: Torkoal
|move|p2a: Torkoal|Earth Power|p1a: Kyurem
|-damage|p1a: Kyurem|0 fnt
|faint|p1a: Kyurem
|
|-weather|SunnyDay|[upkeep]
|upkeep
|
|t:|1779904604
|switch|p1a: Ceruledge|Ceruledge, F|100/100
|turn|15
|inactive|ghostoftheranch has 120 seconds left.
|inactive|ghostoftheranch has 90 seconds left.
|
|t:|1779904695
|move|p1a: Ceruledge|Swords Dance|p1a: Ceruledge
|-boost|p1a: Ceruledge|atk|2
|move|p2a: Torkoal|Earth Power|p1a: Ceruledge
|-supereffective|p1a: Ceruledge
|-damage|p1a: Ceruledge|46/100
|
|-weather|SunnyDay|[upkeep]
|upkeep
|turn|16
|
|t:|1779904709
|move|p1a: Ceruledge|Poltergeist|p2a: Torkoal|[miss]
|-miss|p1a: Ceruledge|p2a: Torkoal
|move|p2a: Torkoal|Earth Power|p1a: Ceruledge
|-supereffective|p1a: Ceruledge
|-damage|p1a: Ceruledge|0 fnt
|faint|p1a: Ceruledge
|
|-weather|SunnyDay|[upkeep]
|upkeep
|
|t:|1779904721
|switch|p1a: Okidogi|Okidogi, M|100/100
|turn|17
|
|t:|1779904729
|move|p1a: Okidogi|Bulk Up|p1a: Okidogi
|-boost|p1a: Okidogi|atk|1
|-boost|p1a: Okidogi|def|1
|move|p2a: Torkoal|Stealth Rock|p1a: Okidogi
|-sidestart|p1: magikarp soup|move: Stealth Rock
|
|-weather|SunnyDay|[upkeep]
|upkeep
|turn|18
|inactive|magikarp soup has 120 seconds left.
|j| Lowladderubersnoob
|inactive|magikarp soup has 90 seconds left.
|inactive|magikarp soup has 60 seconds left.
|inactive|magikarp soup has 30 seconds left.
|l| Lowladderubersnoob
|inactive|magikarp soup has 20 seconds left.
|inactive|magikarp soup has 15 seconds left.
|inactive|magikarp soup has 10 seconds left.
|inactive|magikarp soup has 5 seconds left.
|-message|magikarp soup lost due to inactivity.
|
|win|ghostoftheranch
|raw|magikarp soup's rating: 1592 &rarr; <strong>1570</strong><br />(-22 for losing)
|raw|ghostoftheranch's rating: 1564 &rarr; <strong>1586</strong><br />(+22 for winning)
|l|☆magikarp soup
|player|p1|
