|j|☆AmygdalanResponse
|j|☆White Boy SZN
|t:|1779840333
|gametype|singles
|player|p1|AmygdalanResponse|marshal|1463
|player|p2|White Boy SZN|blue-gen7|1426
|gen|9
|tier|[Gen 9] OU
|rated|
|rule|HP Percentage Mod: HP is shown in percentages
|rule|Endless Battle Clause: Forcing endless battles is banned
|rule|Species Clause: Limit one of each Pokémon
|rule|OHKO Clause: OHKO moves are banned
|rule|Evasion Items Clause: Evasion items are banned
|rule|Evasion Moves Clause: Evasion moves are banned
|rule|Evasion Abilities Clause: Evasion abilities are banned
|rule|Sleep Moves Clause: Sleep-inducing moves are banned
|clearpoke
|poke|p1|Ribombee, M|
|poke|p1|Manaphy|
|poke|p1|Ceruledge, F|
|poke|p1|Great Tusk|
|poke|p1|Ogerpon-Cornerstone, F|
|poke|p1|Enamorus, F|
|poke|p2|Electrode-Hisui|
|poke|p2|Iron Crown|
|poke|p2|Darkrai|
|poke|p2|Glimmora, M|
|poke|p2|Landorus-Therian, M|
|poke|p2|Ogerpon, F|
|teampreview
|c|☆AmygdalanResponse|gl hf
|c|☆White Boy SZN|u2
|
|t:|1779840350
|teamsize|p1|6
|teamsize|p2|6
|start
|switch|p1a: Ribombee|Ribombee, M|100/100
|switch|p2a: Electrode|Electrode-Hisui|100/100
|turn|1
|
|t:|1779840380
|switch|p1a: Ogerpon|Ogerpon-Cornerstone, F|100/100
|move|p2a: Electrode|Taunt|p1a: Ogerpon
|-start|p1a: Ogerpon|move: Taunt
|
|upkeep
|turn|2
|
|t:|1779840388
|move|p2a: Electrode|Volt Switch|p1a: Ogerpon
|-resisted|p1a: Ogerpon
|-damage|p1a: Ogerpon|89/100
|
|t:|1779840399
|switch|p2a: Landorus|Landorus-Therian, M|100/100|[from] Volt Switch
|-ability|p2a: Landorus|Intimidate|boost
|-unboost|p1a: Ogerpon|atk|1
|move|p1a: Ogerpon|Ivy Cudgel|p2a: Landorus|[anim] Ivy Cudgel Rock
|-damage|p2a: Landorus|55/100
|
|upkeep
|turn|3
|
|t:|1779840413
|switch|p1a: Enamorus|Enamorus, F|100/100
|move|p2a: Landorus|Stealth Rock|p1a: Enamorus
|-sidestart|p1: AmygdalanResponse|move: Stealth Rock
|
|upkeep
|turn|4
|
|t:|1779840422
|switch|p2a: Iron Crown|Iron Crown|100/100
|move|p1a: Enamorus|Moonblast|p2a: Iron Crown
|-resisted|p2a: Iron Crown
|-damage|p2a: Iron Crown|73/100
|-unboost|p2a: Iron Crown|spa|1
|
|upkeep
|turn|5
|
|t:|1779840433
|switch|p1a: Manaphy|Manaphy|100/100
|-damage|p1a: Manaphy|88/100|[from] Stealth Rock
|move|p2a: Iron Crown|Tachyon Cutter|p1a: Manaphy
|-resisted|p1a: Manaphy
|-damage|p1a: Manaphy|80/100
|-resisted|p1a: Manaphy
|-damage|p1a: Manaphy|71/100
|-hitcount|p1a: Manaphy|2
|
|-heal|p1a: Manaphy|77/100|[from] item: Leftovers
|upkeep
|turn|6
|
|t:|1779840439
|move|p1a: Manaphy|Substitute|p1a: Manaphy
|-start|p1a: Manaphy|Substitute
|-damage|p1a: Manaphy|52/100
|move|p2a: Iron Crown|Volt Switch|p1a: Manaphy
|-supereffective|p1a: Manaphy
|-end|p1a: Manaphy|Substitute
|
|t:|1779840446
|-end|p2a: Iron Crown|Quark Drive|[silent]
|switch|p2a: Ogerpon|Ogerpon, F|100/100|[from] Volt Switch
|
|-heal|p1a: Manaphy|59/100|[from] item: Leftovers
|upkeep
|turn|7
|
|t:|1779840460
|switch|p1a: Ogerpon|Ogerpon-Cornerstone, F|89/100
|-damage|p1a: Ogerpon|77/100|[from] Stealth Rock
|move|p2a: Ogerpon|U-turn|p1a: Ogerpon
|-supereffective|p1a: Ogerpon
|-damage|p1a: Ogerpon|15/100
|
|t:|1779840509
|switch|p2a: Glimmora|Glimmora, M|100/100|[from] U-turn
|-item|p2a: Glimmora|Air Balloon
|
|upkeep
|turn|8
|
|t:|1779840528
|move|p1a: Ogerpon|Power Whip|p2a: Glimmora
|-damage|p2a: Glimmora|48/100
|-activate|p2a: Glimmora|ability: Toxic Debris
|-sidestart|p1: AmygdalanResponse|move: Toxic Spikes
|-enditem|p2a: Glimmora|Air Balloon
|move|p2a: Glimmora|Spikes|p1a: Ogerpon
|-sidestart|p1: AmygdalanResponse|Spikes
|
|upkeep
|turn|9
|
|t:|1779840539
|move|p1a: Ogerpon|Power Whip|p2a: Glimmora
|-damage|p2a: Glimmora|0 fnt
|-activate|p2a: Glimmora|ability: Toxic Debris
|-sidestart|p1: AmygdalanResponse|move: Toxic Spikes
|faint|p2a: Glimmora
|
|upkeep
|
|t:|1779840544
|switch|p2a: Ogerpon|Ogerpon, F|100/100
|turn|10
|
|t:|1779840548
|move|p2a: Ogerpon|U-turn|p1a: Ogerpon
|-supereffective|p1a: Ogerpon
|-damage|p1a: Ogerpon|0 fnt
|faint|p1a: Ogerpon
|
|t:|1779840567
|switch|p2a: Electrode|Electrode-Hisui|100/100|[from] U-turn
|
|upkeep
|
|t:|1779840569
|switch|p1a: Great Tusk|Great Tusk|100/100
|turn|11
|
|t:|1779840574
|move|p2a: Electrode|Leaf Storm|p1a: Great Tusk
|-supereffective|p1a: Great Tusk
|-damage|p1a: Great Tusk|0 fnt
|-unboost|p2a: Electrode|spa|2
|faint|p1a: Great Tusk
|-end|p1a: Great Tusk|Protosynthesis|[silent]
|
|upkeep
|
|t:|1779840581
|switch|p1a: Ceruledge|Ceruledge, F|100/100
|-damage|p1a: Ceruledge|76/100|[from] Stealth Rock
|-item|p1a: Ceruledge|Air Balloon
|turn|12
|
|t:|1779840591
|move|p2a: Electrode|Volt Switch|p1a: Ceruledge
|-damage|p1a: Ceruledge|62/100
|-enditem|p1a: Ceruledge|Air Balloon
|
|t:|1779840593
|switch|p2a: Landorus|Landorus-Therian, M|55/100|[from] Volt Switch
|-ability|p2a: Landorus|Intimidate|boost
|-unboost|p1a: Ceruledge|atk|1
|move|p1a: Ceruledge|Swords Dance|p1a: Ceruledge
|-boost|p1a: Ceruledge|atk|2
|
|upkeep
|turn|13
|
|t:|1779840619
|move|p2a: Landorus|Stone Edge|p1a: Ceruledge|[miss]
|-miss|p2a: Landorus|p1a: Ceruledge
|move|p1a: Ceruledge|Poltergeist|p2a: Landorus|[miss]
|-miss|p1a: Ceruledge|p2a: Landorus
|
|upkeep
|turn|14
|
|t:|1779840623
|move|p1a: Ceruledge|Shadow Sneak|p2a: Landorus
|-damage|p2a: Landorus|18/100
|-damage|p1a: Ceruledge|46/100|[from] item: Rocky Helmet|[of] p2a: Landorus
|move|p2a: Landorus|Earthquake|p1a: Ceruledge
|-supereffective|p1a: Ceruledge
|-damage|p1a: Ceruledge|0 fnt
|faint|p1a: Ceruledge
|
|upkeep
|
|t:|1779840626
|switch|p1a: Ribombee|Ribombee, M|100/100
|-damage|p1a: Ribombee|76/100|[from] Stealth Rock
|-status|p1a: Ribombee|tox
|-damage|p1a: Ribombee|63/100 tox|[from] Spikes
|turn|15
|
|t:|1779840636
|move|p1a: Ribombee|Sticky Web|p2a: Landorus
|-sidestart|p2: White Boy SZN|move: Sticky Web
|move|p2a: Landorus|Stone Edge|p1a: Ribombee
|-supereffective|p1a: Ribombee
|-damage|p1a: Ribombee|0 fnt
|faint|p1a: Ribombee
|
|upkeep
|
|t:|1779840639
|switch|p1a: Enamorus|Enamorus, F|100/100
|-damage|p1a: Enamorus|76/100|[from] Stealth Rock
|turn|16
|
|t:|1779840644
|move|p1a: Enamorus|Moonblast|p2a: Landorus
|-damage|p2a: Landorus|0 fnt
|faint|p2a: Landorus
|
|upkeep
|
|t:|1779840646
|switch|p2a: Iron Crown|Iron Crown|73/100
|-activate|p2a: Iron Crown|move: Sticky Web
|-unboost|p2a: Iron Crown|spe|1
|turn|17
|
|t:|1779840650
|switch|p1a: Manaphy|Manaphy|59/100
|-damage|p1a: Manaphy|46/100|[from] Stealth Rock
|-status|p1a: Manaphy|tox
|-damage|p1a: Manaphy|34/100 tox|[from] Spikes
|move|p2a: Iron Crown|Tachyon Cutter|p1a: Manaphy
|-resisted|p1a: Manaphy
|-damage|p1a: Manaphy|22/100 tox
|-resisted|p1a: Manaphy
|-damage|p1a: Manaphy|9/100 tox
|-hitcount|p1a: Manaphy|2
|
|-heal|p1a: Manaphy|15/100 tox|[from] item: Leftovers
|-damage|p1a: Manaphy|9/100 tox|[from] psn
|upkeep
|turn|18
|
|t:|1779840662
|move|p1a: Manaphy|Surf|p2a: Iron Crown
|-damage|p2a: Iron Crown|48/100
|move|p2a: Iron Crown|Volt Switch|p1a: Manaphy
|-supereffective|p1a: Manaphy
|-damage|p1a: Manaphy|0 fnt
|faint|p1a: Manaphy
|
|t:|1779840665
|-end|p2a: Iron Crown|Quark Drive|[silent]
|switch|p2a: Ogerpon|Ogerpon, F|100/100|[from] Volt Switch
|
|upkeep
|
|t:|1779840667
|switch|p1a: Enamorus|Enamorus, F|76/100
|-damage|p1a: Enamorus|51/100|[from] Stealth Rock
|turn|19
|
|t:|1779840674
|-terastallize|p2a: Ogerpon|Grass
|detailschange|p2a: Ogerpon|Ogerpon-Teal-Tera, F, tera:Grass
|-ability|p2a: Ogerpon|Embody Aspect (Teal)|boost
|-boost|p2a: Ogerpon|spe|1
|-terastallize|p1a: Enamorus|Fairy
|move|p2a: Ogerpon|Ivy Cudgel|p1a: Enamorus
|-damage|p1a: Enamorus|0 fnt
|faint|p1a: Enamorus
|
|win|White Boy SZN
|raw|AmygdalanResponse's rating: 1463 &rarr; <strong>1441</strong><br />(-22 for losing)
|raw|White Boy SZN's rating: 1426 &rarr; <strong>1448</strong><br />(+22 for winning)
|c|☆AmygdalanResponse|gg
|l|☆AmygdalanResponse
|player|p1|
|l|☆White Boy SZN
|player|p2|
