|j|☆TES-STORMYT
|j|☆goderockthetrashed
|t:|1779961909
|gametype|singles
|player|p1|TES-STORMYT|266|1118
|player|p2|goderockthetrashed|worker-gen4|1107
|gen|9
|tier|[Gen 9] OU
|rated|
|rule|HP Percentage Mod: HP is shown in percentages
|rule|Endless Battle Clause: Forcing endless battles is banned
|rule|Species Clause: Limit one of each Pokémon
|rule|OHKO Clause: OHKO moves are banned
|rule|Evasion Items Clause: Evasion items are banned
|rule|Evasion Moves Clause: Evasion moves are banned
|rule|Evasion Abilities Clause: Evasion abilities are banned
|rule|Sleep Moves Clause: Sleep-inducing moves are banned
|clearpoke
|poke|p1|Zamazenta-*|
|poke|p1|Raging Bolt|
|poke|p1|Corviknight, F|
|poke|p1|Gliscor, F|
|poke|p1|Kingambit, M|
|poke|p1|Dragapult, M|
|poke|p2|Magnezone|
|poke|p2|Dragapult, M|
|poke|p2|Typhlosion-Hisui, F|
|poke|p2|Registeel|
|poke|p2|Ursaluna, M|
|poke|p2|Primarina, F|
|teampreview
|
|t:|1779961935
|teamsize|p1|6
|teamsize|p2|6
|start
|switch|p1a: Dragapult|Dragapult, M|100/100
|switch|p2a: Lanza bebes|Dragapult, M|100/100
|turn|1
|inactive|Battle timer is ON: inactive players will automatically lose when time's up. (requested by goderockthetrashed)
|
|t:|1779961972
|move|p2a: Lanza bebes|Sucker Punch|p1a: Dragapult
|-supereffective|p1a: Dragapult
|-damage|p1a: Dragapult|30/100
|move|p1a: Dragapult|Shadow Ball|p2a: Lanza bebes
|-supereffective|p2a: Lanza bebes
|-damage|p2a: Lanza bebes|0 fnt
|faint|p2a: Lanza bebes
|
|upkeep
|
|t:|1779961982
|switch|p2a: ௹௹௹௹௹௹|Primarina, F|100/100
|turn|2
|inactive|TES-STORMYT has 120 seconds left.
|
|t:|1779962024
|switch|p1a: Raging Bolt|Raging Bolt|100/100
|move|p2a: ௹௹௹௹௹௹|Calm Mind|p2a: ௹௹௹௹௹௹
|-boost|p2a: ௹௹௹௹௹௹|spa|1
|-boost|p2a: ௹௹௹௹௹௹|spd|1
|
|upkeep
|turn|3
|
|t:|1779962034
|-terastallize|p2a: ௹௹௹௹௹௹|Fairy
|move|p1a: Raging Bolt|Thunderclap|p2a: ௹௹௹௹௹௹
|-damage|p2a: ௹௹௹௹௹௹|80/100
|move|p2a: ௹௹௹௹௹௹|Draining Kiss|p1a: Raging Bolt
|-supereffective|p1a: Raging Bolt
|-damage|p1a: Raging Bolt|38/100
|-heal|p2a: ௹௹௹௹௹௹|100/100|[from] drain|[of] p1a: Raging Bolt
|
|upkeep
|turn|4
|inactive|TES-STORMYT has 90 seconds left.
|
|t:|1779962072
|-end|p1a: Raging Bolt|Protosynthesis|[silent]
|switch|p1a: Zamazenta|Zamazenta|100/100
|-ability|p1a: Zamazenta|Dauntless Shield|boost
|-boost|p1a: Zamazenta|def|1
|move|p2a: ௹௹௹௹௹௹|Shadow Ball|p1a: Zamazenta
|-damage|p1a: Zamazenta|62/100
|
|-heal|p1a: Zamazenta|69/100|[from] item: Leftovers
|upkeep
|turn|5
|inactive|TES-STORMYT has 90 seconds left.
|l|☆TES-STORMYT
|inactive|TES-STORMYT disconnected and has a minute to reconnect!
|player|p1|
|j|☆TES-STORMYT
|inactive|TES-STORMYT reconnected and has 70 seconds left.
|player|p1|TES-STORMYT|266|
|
|t:|1779962101
|move|p1a: Zamazenta|Heavy Slam|p2a: ௹௹௹௹௹௹
|-supereffective|p2a: ௹௹௹௹௹௹
|-damage|p2a: ௹௹௹௹௹௹|36/100
|move|p2a: ௹௹௹௹௹௹|Draining Kiss|p1a: Zamazenta
|-supereffective|p1a: Zamazenta
|-damage|p1a: Zamazenta|0 fnt
|-heal|p2a: ௹௹௹௹௹௹|91/100|[from] drain|[of] p1a: Zamazenta
|faint|p1a: Zamazenta
|
|-heal|p2a: ௹௹௹௹௹௹|97/100|[from] item: Leftovers
|upkeep
|inactive|TES-STORMYT has 60 seconds left.
|
|t:|1779962122
|switch|p1a: Corviknight|Corviknight, F|100/100
|-ability|p1a: Corviknight|Pressure
|turn|6
|inactive|TES-STORMYT has 60 seconds left.
|
|t:|1779962132
|switch|p2a: avernus|Typhlosion-Hisui, F|100/100
|move|p1a: Corviknight|Brave Bird|p2a: avernus
|-damage|p2a: avernus|45/100
|-damage|p1a: Corviknight|87/100|[from] Recoil
|
|-heal|p1a: Corviknight|93/100|[from] item: Leftovers
|upkeep
|turn|7
|inactive|TES-STORMYT has 60 seconds left.
|
|t:|1779962145
|switch|p1a: Gliscor|Gliscor, F|100/100
|move|p2a: avernus|Eruption|p1a: Gliscor
|-damage|p1a: Gliscor|74/100
|
|-status|p1a: Gliscor|tox|[from] item: Toxic Orb
|upkeep
|turn|8
|inactive|TES-STORMYT has 60 seconds left.
|
|t:|1779962154
|switch|p2a: Bola di metano|Registeel|100/100
|move|p1a: Gliscor|Spikes|p2a: Bola di metano
|-sidestart|p2: goderockthetrashed|Spikes
|
|-heal|p1a: Gliscor|86/100 tox|[from] ability: Poison Heal
|upkeep
|turn|9
|
|t:|1779962162
|move|p1a: Gliscor|Earthquake|p2a: Bola di metano
|-supereffective|p2a: Bola di metano
|-damage|p2a: Bola di metano|61/100
|move|p2a: Bola di metano|Ice Spinner|p1a: Gliscor
|-supereffective|p1a: Gliscor
|-damage|p1a: Gliscor|32/100 tox
|
|-heal|p1a: Gliscor|44/100 tox|[from] ability: Poison Heal
|upkeep
|turn|10
|
|t:|1779962170
|move|p1a: Gliscor|Protect|p1a: Gliscor
|-singleturn|p1a: Gliscor|Protect
|move|p2a: Bola di metano|Ice Spinner|p1a: Gliscor
|-activate|p1a: Gliscor|move: Protect
|
|-heal|p1a: Gliscor|57/100 tox|[from] ability: Poison Heal
|upkeep
|turn|11
|
|t:|1779962177
|move|p1a: Gliscor|Earthquake|p2a: Bola di metano
|-supereffective|p2a: Bola di metano
|-damage|p2a: Bola di metano|19/100
|move|p2a: Bola di metano|Ice Spinner|p1a: Gliscor
|-supereffective|p1a: Gliscor
|-damage|p1a: Gliscor|4/100 tox
|
|-heal|p1a: Gliscor|17/100 tox|[from] ability: Poison Heal
|upkeep
|turn|12
|
|t:|1779962187
|move|p1a: Gliscor|Earthquake|p2a: Bola di metano
|-supereffective|p2a: Bola di metano
|-damage|p2a: Bola di metano|0 fnt
|faint|p2a: Bola di metano
|
|-heal|p1a: Gliscor|29/100 tox|[from] ability: Poison Heal
|upkeep
|
|t:|1779962193
|switch|p2a: BEAR WITNESS|Ursaluna, M|100/100
|-damage|p2a: BEAR WITNESS|88/100|[from] Spikes
|turn|13
|inactive|TES-STORMYT has 90 seconds left.
|
|t:|1779962226
|move|p1a: Gliscor|Toxic|p2a: BEAR WITNESS
|-status|p2a: BEAR WITNESS|tox
|move|p2a: BEAR WITNESS|Seed Bomb|p1a: Gliscor
|-damage|p1a: Gliscor|4/100 tox
|
|-heal|p1a: Gliscor|16/100 tox|[from] ability: Poison Heal
|-damage|p2a: BEAR WITNESS|82/100 tox|[from] psn
|upkeep
|turn|14
|
|t:|1779962237
|move|p1a: Gliscor|Spikes|p2a: BEAR WITNESS
|-sidestart|p2: goderockthetrashed|Spikes
|move|p2a: BEAR WITNESS|Seed Bomb|p1a: Gliscor
|-damage|p1a: Gliscor|0 fnt
|faint|p1a: Gliscor
|
|-damage|p2a: BEAR WITNESS|70/100 tox|[from] psn
|upkeep
|inactive|TES-STORMYT has 60 seconds left.
|
|t:|1779962249
|switch|p1a: Dragapult|Dragapult, M|30/100
|turn|15
|
|t:|1779962254
|move|p1a: Dragapult|Draco Meteor|p2a: BEAR WITNESS
|-damage|p2a: BEAR WITNESS|17/100 tox
|-unboost|p1a: Dragapult|spa|2
|move|p2a: BEAR WITNESS|Earthquake|p1a: Dragapult
|-damage|p1a: Dragapult|0 fnt
|faint|p1a: Dragapult
|
|-damage|p2a: BEAR WITNESS|0 fnt|[from] psn
|faint|p2a: BEAR WITNESS
|upkeep
|
|t:|1779962268
|switch|p1a: Corviknight|Corviknight, F|93/100
|switch|p2a: ௹௹௹௹௹௹|Primarina, F, tera:Fairy|97/100
|-damage|p2a: ௹௹௹௹௹௹|80/100|[from] Spikes
|-ability|p1a: Corviknight|Pressure
|turn|16
|
|t:|1779962277
|switch|p2a: Reparteputazos|Magnezone|100/100
|-damage|p2a: Reparteputazos|84/100|[from] Spikes
|move|p1a: Corviknight|Brave Bird|p2a: Reparteputazos
|-resisted|p2a: Reparteputazos
|-damage|p2a: Reparteputazos|76/100
|-damage|p1a: Corviknight|91/100|[from] Recoil
|
|-heal|p1a: Corviknight|97/100|[from] item: Leftovers
|upkeep
|turn|17
|
|t:|1779962296
|switch|p1a: Raging Bolt|Raging Bolt|38/100
|move|p2a: Reparteputazos|Charge Beam|p1a: Raging Bolt
|-resisted|p1a: Raging Bolt
|-damage|p1a: Raging Bolt|33/100
|-boost|p2a: Reparteputazos|spa|1
|
|upkeep
|turn|18
|
|t:|1779962304
|move|p1a: Raging Bolt|Draco Meteor|p2a: Reparteputazos
|-resisted|p2a: Reparteputazos
|-damage|p2a: Reparteputazos|35/100
|-unboost|p1a: Raging Bolt|spa|2
|move|p2a: Reparteputazos|Mirror Coat|p1a: Raging Bolt
|-damage|p1a: Raging Bolt|0 fnt
|faint|p1a: Raging Bolt
|-end|p1a: Raging Bolt|Protosynthesis|[silent]
|
|upkeep
|
|t:|1779962310
|switch|p1a: Corviknight|Corviknight, F|97/100
|-ability|p1a: Corviknight|Pressure
|turn|19
|
|t:|1779962325
|move|p2a: Reparteputazos|Zap Cannon|p1a: Corviknight|[miss]
|-miss|p2a: Reparteputazos|p1a: Corviknight
|move|p1a: Corviknight|Brave Bird|p2a: Reparteputazos
|-resisted|p2a: Reparteputazos
|-damage|p2a: Reparteputazos|26/100
|-damage|p1a: Corviknight|95/100|[from] Recoil
|
|-heal|p1a: Corviknight|100/100|[from] item: Leftovers
|upkeep
|turn|20
|
|t:|1779962333
|move|p2a: Reparteputazos|Zap Cannon|p1a: Corviknight
|-supereffective|p1a: Corviknight
|-damage|p1a: Corviknight|0 fnt
|faint|p1a: Corviknight
|
|upkeep
|
|t:|1779962336
|switch|p1a: Kingambit|Kingambit, M|100/100
|-activate|p1a: Kingambit|ability: Supreme Overlord
|-start|p1a: Kingambit|fallen5|[silent]
|turn|21
|
|t:|1779962343
|move|p1a: Kingambit|Sucker Punch|p2a: Reparteputazos
|-damage|p2a: Reparteputazos|0 fnt
|faint|p2a: Reparteputazos
|
|upkeep
|
|t:|1779962349
|switch|p2a: ௹௹௹௹௹௹|Primarina, F, tera:Fairy|80/100
|-damage|p2a: ௹௹௹௹௹௹|64/100|[from] Spikes
|turn|22
|
|t:|1779962356
|-terastallize|p1a: Kingambit|Fire
|move|p2a: ௹௹௹௹௹௹|Draining Kiss|p1a: Kingambit
|-resisted|p1a: Kingambit
|-damage|p1a: Kingambit|78/100
|-heal|p2a: ௹௹௹௹௹௹|82/100|[from] drain|[of] p1a: Kingambit
|move|p1a: Kingambit|Iron Head|p2a: ௹௹௹௹௹௹
|-supereffective|p2a: ௹௹௹௹௹௹
|-damage|p2a: ௹௹௹௹௹௹|0 fnt
|faint|p2a: ௹௹௹௹௹௹
|
|upkeep
|
|t:|1779962366
|switch|p2a: avernus|Typhlosion-Hisui, F|45/100
|-damage|p2a: avernus|28/100|[from] Spikes
|turn|23
|
|t:|1779962374
|move|p1a: Kingambit|Sucker Punch|p2a: avernus
|-supereffective|p2a: avernus
|-damage|p2a: avernus|0 fnt
|faint|p2a: avernus
|
|win|TES-STORMYT
|raw|TES-STORMYT's rating: 1118 &rarr; <strong>1142</strong><br />(+24 for winning)
|raw|goderockthetrashed's rating: 1107 &rarr; <strong>1083</strong><br />(-24 for losing)
|c|☆TES-STORMYT|gg
|c|☆goderockthetrashed|ggs
|l|☆TES-STORMYT
|player|p1|
|l|☆goderockthetrashed
|player|p2|
|j|☆TES-STORMYT
|player|p1|TES-STORMYT|266|
|l|☆TES-STORMYT
|player|p1|
