|j|☆blueisnoob
|j|‽zippitytippity
|t:|1779843660
|gametype|singles
|player|p1|blueisnoob|169|1653
|player|p2|zippitytippity|cynthia-masters4|1720
|gen|9
|tier|[Gen 9] OU
|rated|
|rule|HP Percentage Mod: HP is shown in percentages
|rule|Endless Battle Clause: Forcing endless battles is banned
|rule|Species Clause: Limit one of each Pokémon
|rule|OHKO Clause: OHKO moves are banned
|rule|Evasion Items Clause: Evasion items are banned
|rule|Evasion Moves Clause: Evasion moves are banned
|rule|Evasion Abilities Clause: Evasion abilities are banned
|rule|Sleep Moves Clause: Sleep-inducing moves are banned
|clearpoke
|poke|p1|Zamazenta-*|
|poke|p1|Ogerpon-Wellspring, F|
|poke|p1|Slowking-Galar, M|
|poke|p1|Great Tusk|
|poke|p1|Kingambit, M|
|poke|p1|Zapdos|
|poke|p2|Ursaluna, M|
|poke|p2|Cresselia, F|
|poke|p2|Iron Valiant|
|poke|p2|Hatterene, F|
|poke|p2|Keldeo-Resolute|
|poke|p2|Ogerpon, F|
|teampreview
|
|t:|1779843671
|teamsize|p1|6
|teamsize|p2|6
|start
|switch|p1a: Ogerpon|Ogerpon-Wellspring, F|100/100
|switch|p2a: Keldeo|Keldeo-Resolute|100/100
|turn|1
|
|t:|1779843678
|move|p1a: Ogerpon|Power Whip|p2a: Keldeo
|-supereffective|p2a: Keldeo
|-damage|p2a: Keldeo|0 fnt
|faint|p2a: Keldeo
|
|upkeep
|
|t:|1779843682
|switch|p2a: Ogerpon|Ogerpon, F|100/100
|turn|2
|
|t:|1779843685
|move|p2a: Ogerpon|U-turn|p1a: Ogerpon
|-supereffective|p1a: Ogerpon
|-damage|p1a: Ogerpon|7/100
|
|t:|1779843690
|switch|p2a: Cresselia|Cresselia, F, shiny|100/100|[from] U-turn
|move|p1a: Ogerpon|U-turn|p2a: Cresselia
|-supereffective|p2a: Cresselia
|-damage|p2a: Cresselia|66/100
|-damage|p1a: Ogerpon|0 fnt|[from] item: Rocky Helmet|[of] p2a: Cresselia
|faint|p1a: Ogerpon
|
|upkeep
|
|t:|1779843693
|switch|p1a: Kingambit|Kingambit, M|100/100
|-activate|p1a: Kingambit|ability: Supreme Overlord
|-start|p1a: Kingambit|fallen1|[silent]
|turn|3
|
|t:|1779843697
|switch|p2a: Ursaluna|Ursaluna, M, shiny|100/100
|move|p1a: Kingambit|Kowtow Cleave|p2a: Ursaluna
|-damage|p2a: Ursaluna|62/100
|
|-status|p2a: Ursaluna|brn|[from] item: Flame Orb
|upkeep
|turn|4
|
|t:|1779843704
|move|p1a: Kingambit|Low Kick|p2a: Ursaluna
|-supereffective|p2a: Ursaluna
|-damage|p2a: Ursaluna|0 fnt
|faint|p2a: Ursaluna
|
|upkeep
|
|t:|1779843707
|switch|p2a: Ogerpon|Ogerpon, F|100/100
|turn|5
|inactive|Battle timer is ON: inactive players will automatically lose when time's up. (requested by zippitytippity)
|
|t:|1779843713
|move|p2a: Ogerpon|Superpower|p1a: Kingambit
|-supereffective|p1a: Kingambit
|-crit|p1a: Kingambit
|-damage|p1a: Kingambit|0 fnt
|-unboost|p2a: Ogerpon|atk|1
|-unboost|p2a: Ogerpon|def|1
|faint|p1a: Kingambit
|-end|p1a: Kingambit|fallen1|[silent]
|
|upkeep
|
|t:|1779843716
|switch|p1a: Zapdos|Zapdos|100/100
|turn|6
|
|t:|1779843720
|switch|p2a: Cresselia|Cresselia, F, shiny|66/100
|move|p1a: Zapdos|Thunder Wave|p2a: Cresselia
|-status|p2a: Cresselia|par
|
|upkeep
|turn|7
|
|t:|1779843722
|move|p1a: Zapdos|Hurricane|p2a: Cresselia
|-damage|p2a: Cresselia|39/100 par
|move|p2a: Cresselia|Ice Beam|p1a: Zapdos
|-supereffective|p1a: Zapdos
|-damage|p1a: Zapdos|70/100
|
|upkeep
|turn|8
|
|t:|1779843732
|move|p1a: Zapdos|Hurricane|p2a: Cresselia
|-damage|p2a: Cresselia|10/100 par
|move|p2a: Cresselia|Trick Room|p2a: Cresselia
|-fieldstart|move: Trick Room|[of] p2a: Cresselia
|
|upkeep
|turn|9
|
|t:|1779843738
|move|p2a: Cresselia|Lunar Dance|p2a: Cresselia
|faint|p2a: Cresselia
|move|p1a: Zapdos|Volt Switch|p2: Cresselia|[notarget]
|-fail|p1a: Zapdos
|
|upkeep
|
|t:|1779843741
|switch|p2a: Hatterene|Hatterene, F, shiny|100/100
|turn|10
|
|t:|1779843744
|move|p2a: Hatterene|Psychic Noise|p1a: Zapdos
|-damage|p1a: Zapdos|29/100
|-start|p1a: Zapdos|move: Heal Block
|move|p1a: Zapdos|Volt Switch|p2a: Hatterene
|-damage|p2a: Hatterene|69/100
|
|t:|1779843747
|switch|p1a: Slowking|Slowking-Galar, M|100/100|[from] Volt Switch
|
|upkeep
|turn|11
|
|t:|1779843752
|-terastallize|p2a: Hatterene|Steel
|move|p2a: Hatterene|Psychic Noise|p1a: Slowking
|-damage|p1a: Slowking|80/100
|-start|p1a: Slowking|move: Heal Block
|move|p1a: Slowking|Sludge Bomb|p2a: Hatterene
|-immune|p2a: Hatterene
|
|upkeep
|turn|12
|
|t:|1779843755
|move|p2a: Hatterene|Psychic Noise|p1a: Slowking
|-damage|p1a: Slowking|56/100
|move|p1a: Slowking|Flamethrower|p2a: Hatterene
|-supereffective|p2a: Hatterene
|-damage|p2a: Hatterene|6/100
|
|-end|p1a: Slowking|move: Heal Block
|-fieldend|move: Trick Room
|upkeep
|turn|13
|
|t:|1779843765
|switch|p2a: Ogerpon|Ogerpon, F|100/100
|-heal|p2a: Ogerpon|100/100|[from] move: Lunar Dance
|move|p1a: Slowking|Flamethrower|p2a: Ogerpon
|-supereffective|p2a: Ogerpon
|-damage|p2a: Ogerpon|28/100
|
|upkeep
|turn|14
|
|t:|1779843768
|switch|p1a: Zapdos|Zapdos|29/100
|move|p2a: Ogerpon|Knock Off|p1a: Zapdos
|-damage|p1a: Zapdos|0 fnt
|-enditem|p1a: Zapdos|Heavy-Duty Boots|[from] move: Knock Off|[of] p2a: Ogerpon
|faint|p1a: Zapdos
|
|upkeep
|
|t:|1779843771
|switch|p1a: Great Tusk|Great Tusk, shiny|100/100
|turn|15
|
|t:|1779843774
|switch|p2a: Hatterene|Hatterene, F, shiny, tera:Steel|6/100
|-terastallize|p1a: Great Tusk|Fire
|move|p1a: Great Tusk|Rapid Spin|p2a: Hatterene
|-resisted|p2a: Hatterene
|-damage|p2a: Hatterene|0 fnt
|-boost|p1a: Great Tusk|spe|1
|faint|p2a: Hatterene
|
|upkeep
|
|t:|1779843777
|switch|p2a: Iron Valiant|Iron Valiant|100/100
|-enditem|p2a: Iron Valiant|Booster Energy
|-activate|p2a: Iron Valiant|ability: Quark Drive|[fromitem]
|-start|p2a: Iron Valiant|quarkdrivespe
|turn|16
|
|t:|1779843781
|move|p2a: Iron Valiant|Encore|p1a: Great Tusk
|-start|p1a: Great Tusk|Encore
|move|p1a: Great Tusk|Rapid Spin|p2a: Iron Valiant
|-damage|p2a: Iron Valiant|76/100
|-boost|p1a: Great Tusk|spe|1
|
|upkeep
|turn|17
|
|t:|1779843784
|move|p1a: Great Tusk|Rapid Spin|p2a: Iron Valiant
|-damage|p2a: Iron Valiant|54/100
|-boost|p1a: Great Tusk|spe|1
|move|p2a: Iron Valiant|Moonblast|p1a: Great Tusk
|-resisted|p1a: Great Tusk
|-damage|p1a: Great Tusk|67/100
|
|upkeep
|turn|18
|
|t:|1779843787
|move|p1a: Great Tusk|Rapid Spin|p2a: Iron Valiant
|-damage|p2a: Iron Valiant|31/100
|-boost|p1a: Great Tusk|spe|1
|move|p2a: Iron Valiant|Moonblast|p1a: Great Tusk
|-resisted|p1a: Great Tusk
|-crit|p1a: Great Tusk
|-damage|p1a: Great Tusk|16/100
|
|-end|p1a: Great Tusk|Encore
|upkeep
|turn|19
|
|t:|1779843794
|move|p1a: Great Tusk|Ice Spinner|p2a: Iron Valiant
|-damage|p2a: Iron Valiant|0 fnt
|faint|p2a: Iron Valiant
|-end|p2a: Iron Valiant|Quark Drive|[silent]
|
|upkeep
|-message|zippitytippity forfeited.
|
|win|blueisnoob
|raw|blueisnoob's rating: 1653 &rarr; <strong>1677</strong><br />(+24 for winning)
|raw|zippitytippity's rating: 1720 &rarr; <strong>1696</strong><br />(-24 for losing)
|l|‽zippitytippity
|player|p2|
|l|☆blueisnoob
|player|p1|
