|j|☆ban tha pex
|j|☆extra-pseudo man
|t:|1779929035
|gametype|singles
|player|p1|ban tha pex|265|1639
|player|p2|extra-pseudo man|ghetsis-gen5bw|1593
|gen|9
|tier|[Gen 9] OU
|rated|
|rule|HP Percentage Mod: HP is shown in percentages
|rule|Endless Battle Clause: Forcing endless battles is banned
|rule|Species Clause: Limit one of each Pokémon
|rule|OHKO Clause: OHKO moves are banned
|rule|Evasion Items Clause: Evasion items are banned
|rule|Evasion Moves Clause: Evasion moves are banned
|rule|Evasion Abilities Clause: Evasion abilities are banned
|rule|Sleep Moves Clause: Sleep-inducing moves are banned
|clearpoke
|poke|p1|Landorus-Therian, M|
|poke|p1|Samurott-Hisui, M|
|poke|p1|Pecharunt|
|poke|p1|Scizor, M|
|poke|p1|Latios, M|
|poke|p1|Zamazenta-*|
|poke|p2|Dragonite, F|
|poke|p2|Dragapult, M|
|poke|p2|Tyranitar, F|
|poke|p2|Metagross|
|poke|p2|Goodra-Hisui, F|
|poke|p2|Garchomp, M|
|teampreview
|inactive|Battle timer is ON: inactive players will automatically lose when time's up. (requested by extra-pseudo man)
|
|t:|1779929057
|teamsize|p1|6
|teamsize|p2|6
|start
|switch|p1a: Samurott|Samurott-Hisui, M|100/100
|switch|p2a: We pulten on it|Dragapult, M|100/100
|turn|1
|
|t:|1779929061
|move|p2a: We pulten on it|U-turn|p1a: Samurott
|-supereffective|p1a: Samurott
|-damage|p1a: Samurott|56/100
|j| nesnot
|
|t:|1779929063
|switch|p2a: Spiky man|Garchomp, M|100/100|[from] U-turn
|move|p1a: Samurott|Ceaseless Edge|p2a: Spiky man
|-crit|p2a: Spiky man
|-damage|p2a: Spiky man|56/100
|-damage|p1a: Samurott|44/100|[from] ability: Rough Skin|[of] p2a: Spiky man
|-damage|p1a: Samurott|27/100|[from] item: Rocky Helmet|[of] p2a: Spiky man
|-sidestart|p2: extra-pseudo man|Spikes
|
|upkeep
|turn|2
|l| nesnot
|
|t:|1779929070
|switch|p1a: Landorus|Landorus-Therian, M|100/100
|-ability|p1a: Landorus|Intimidate|boost
|-unboost|p2a: Spiky man|atk|1
|move|p2a: Spiky man|Spikes|p1a: Landorus
|-sidestart|p1: ban tha pex|Spikes
|
|upkeep
|turn|3
|
|t:|1779929079
|switch|p2a: We pulten on it|Dragapult, M|100/100
|move|p1a: Landorus|Stealth Rock|p2a: We pulten on it
|-sidestart|p2: extra-pseudo man|move: Stealth Rock
|
|upkeep
|turn|4
|
|t:|1779929090
|move|p2a: We pulten on it|Will-O-Wisp|p1a: Landorus
|-status|p1a: Landorus|brn
|move|p1a: Landorus|U-turn|p2a: We pulten on it
|-resisted|p2a: We pulten on it
|-damage|p2a: We pulten on it|93/100
|
|t:|1779929103
|switch|p1a: Zamazenta|Zamazenta|100/100|[from] U-turn
|-damage|p1a: Zamazenta|88/100|[from] Spikes
|-ability|p1a: Zamazenta|Dauntless Shield|boost
|-boost|p1a: Zamazenta|def|1
|
|-heal|p1a: Zamazenta|94/100|[from] item: Leftovers
|upkeep
|turn|5
|
|t:|1779929114
|-terastallize|p1a: Zamazenta|Fire
|move|p2a: We pulten on it|U-turn|p1a: Zamazenta
|-resisted|p1a: Zamazenta
|-damage|p1a: Zamazenta|90/100
|
|t:|1779929116
|switch|p2a: Spiky man|Garchomp, M|56/100|[from] U-turn
|-damage|p2a: Spiky man|44/100|[from] Spikes
|-damage|p2a: Spiky man|37/100|[from] Stealth Rock
|move|p1a: Zamazenta|Iron Defense|p1a: Zamazenta
|-boost|p1a: Zamazenta|def|2
|
|-heal|p1a: Zamazenta|96/100|[from] item: Leftovers
|upkeep
|turn|6
|
|t:|1779929122
|move|p1a: Zamazenta|Body Press|p2a: Spiky man
|-damage|p2a: Spiky man|0 fnt
|-damage|p1a: Zamazenta|84/100|[from] ability: Rough Skin|[of] p2a: Spiky man
|-damage|p1a: Zamazenta|67/100|[from] item: Rocky Helmet|[of] p2a: Spiky man
|faint|p2a: Spiky man
|
|-heal|p1a: Zamazenta|73/100|[from] item: Leftovers
|upkeep
|
|t:|1779929148
|switch|p2a: We pulten on it|Dragapult, M|93/100
|turn|7
|
|t:|1779929156
|move|p2a: We pulten on it|Draco Meteor|p1a: Zamazenta
|-damage|p1a: Zamazenta|21/100
|-unboost|p2a: We pulten on it|spa|2
|move|p1a: Zamazenta|Crunch|p2a: We pulten on it
|-supereffective|p2a: We pulten on it
|-damage|p2a: We pulten on it|29/100
|
|-heal|p1a: Zamazenta|27/100|[from] item: Leftovers
|upkeep
|turn|8
|
|t:|1779929161
|move|p2a: We pulten on it|U-turn|p1a: Zamazenta
|-resisted|p1a: Zamazenta
|-damage|p1a: Zamazenta|24/100
|
|t:|1779929165
|switch|p2a: Big Man|Tyranitar, F|100/100|[from] U-turn
|-damage|p2a: Big Man|88/100|[from] Spikes
|-damage|p2a: Big Man|76/100|[from] Stealth Rock
|-weather|Sandstorm|[from] ability: Sand Stream|[of] p2a: Big Man
|move|p1a: Zamazenta|Crunch|p2a: Big Man
|-resisted|p2a: Big Man
|-damage|p2a: Big Man|67/100
|-unboost|p2a: Big Man|def|1
|
|-weather|Sandstorm|[upkeep]
|-damage|p1a: Zamazenta|18/100|[from] Sandstorm
|-heal|p1a: Zamazenta|24/100|[from] item: Leftovers
|-heal|p2a: Big Man|73/100|[from] item: Leftovers
|upkeep
|turn|9
|
|t:|1779929175
|move|p1a: Zamazenta|Body Press|p2a: Big Man
|-supereffective|p2a: Big Man
|-damage|p2a: Big Man|0 fnt
|faint|p2a: Big Man
|
|-weather|Sandstorm|[upkeep]
|-damage|p1a: Zamazenta|18/100|[from] Sandstorm
|-heal|p1a: Zamazenta|24/100|[from] item: Leftovers
|upkeep
|
|t:|1779929178
|switch|p2a: We pulten on it|Dragapult, M|29/100
|turn|10
|
|t:|1779929181
|switch|p1a: Samurott|Samurott-Hisui, M|27/100
|-damage|p1a: Samurott|15/100|[from] Spikes
|move|p2a: We pulten on it|Draco Meteor|p1a: Samurott
|-damage|p1a: Samurott|0 fnt
|-unboost|p2a: We pulten on it|spa|2
|faint|p1a: Samurott
|
|-weather|Sandstorm|[upkeep]
|-damage|p2a: We pulten on it|23/100|[from] Sandstorm
|upkeep
|
|t:|1779929196
|switch|p1a: Scizor|Scizor, M|100/100
|turn|11
|
|t:|1779929204
|switch|p2a: Kabloom|Metagross|100/100
|-damage|p2a: Kabloom|88/100|[from] Spikes
|-damage|p2a: Kabloom|82/100|[from] Stealth Rock
|move|p1a: Scizor|Swords Dance|p1a: Scizor
|-boost|p1a: Scizor|atk|2
|
|-weather|Sandstorm|[upkeep]
|upkeep
|turn|12
|
|t:|1779929215
|move|p2a: Kabloom|Earthquake|p1a: Scizor
|-crit|p1a: Scizor
|-damage|p1a: Scizor|0 fnt
|faint|p1a: Scizor
|
|-weather|none
|upkeep
|
|t:|1779929219
|switch|p1a: Latios|Latios, M|100/100
|turn|13
|
|t:|1779929223
|switch|p2a: The goot|Goodra-Hisui, F|100/100
|-damage|p2a: The goot|88/100|[from] Spikes
|-damage|p2a: The goot|82/100|[from] Stealth Rock
|move|p1a: Latios|Calm Mind|p1a: Latios
|-boost|p1a: Latios|spa|1
|-boost|p1a: Latios|spd|1
|
|upkeep
|turn|14
|
|t:|1779929227
|move|p1a: Latios|Draco Meteor|p2a: The goot
|-damage|p2a: The goot|0 fnt
|-unboost|p1a: Latios|spa|2
|faint|p2a: The goot
|
|upkeep
|
|t:|1779929231
|switch|p2a: We pulten on it|Dragapult, M|23/100
|turn|15
|
|t:|1779929239
|switch|p1a: Landorus|Landorus-Therian, M|100/100 brn
|-ability|p1a: Landorus|Intimidate|boost
|-unboost|p2a: We pulten on it|atk|1
|move|p2a: We pulten on it|Draco Meteor|p1a: Landorus
|-damage|p1a: Landorus|37/100 brn
|-unboost|p2a: We pulten on it|spa|2
|
|-damage|p1a: Landorus|31/100 brn|[from] brn
|upkeep
|turn|16
|
|t:|1779929244
|move|p2a: We pulten on it|Hex|p1a: Landorus
|-damage|p1a: Landorus|0 fnt
|faint|p1a: Landorus
|
|upkeep
|
|t:|1779929249
|switch|p1a: Pecharunt|Pecharunt|100/100
|turn|17
|
|t:|1779929254
|move|p2a: We pulten on it|U-turn|p1a: Pecharunt
|-resisted|p1a: Pecharunt
|-damage|p1a: Pecharunt|99/100
|
|t:|1779929255
|switch|p2a: Kabloom|Metagross|82/100|[from] U-turn
|-damage|p2a: Kabloom|70/100|[from] Spikes
|-damage|p2a: Kabloom|64/100|[from] Stealth Rock
|move|p1a: Pecharunt|Parting Shot|p2a: Kabloom
|-fail|p2a: Kabloom|unboost|[from] ability: Clear Body|[of] p2a: Kabloom
|
|upkeep
|turn|18
|
|t:|1779929262
|switch|p1a: Latios|Latios, M|100/100
|move|p2a: Kabloom|Knock Off|p1a: Latios
|-supereffective|p1a: Latios
|-damage|p1a: Latios|0 fnt
|-enditem|p1a: Latios|Soul Dew|[from] move: Knock Off|[of] p2a: Kabloom
|faint|p1a: Latios
|
|upkeep
|
|t:|1779929266
|switch|p1a: Zamazenta|Zamazenta, tera:Fire|24/100
|-damage|p1a: Zamazenta|12/100|[from] Spikes
|turn|19
|
|t:|1779929275
|move|p1a: Zamazenta|Crunch|p2a: Kabloom
|-supereffective|p2a: Kabloom
|-damage|p2a: Kabloom|23/100
|move|p2a: Kabloom|Knock Off|p1a: Zamazenta
|-damage|p1a: Zamazenta|0 fnt
|-enditem|p1a: Zamazenta|Leftovers|[from] move: Knock Off|[of] p2a: Kabloom
|faint|p1a: Zamazenta
|
|upkeep
|
|t:|1779929277
|switch|p1a: Pecharunt|Pecharunt|99/100
|turn|20
|
|t:|1779929280
|move|p1a: Pecharunt|Shadow Ball|p2a: Kabloom
|-supereffective|p2a: Kabloom
|-damage|p2a: Kabloom|0 fnt
|faint|p2a: Kabloom
|
|upkeep
|
|t:|1779929283
|switch|p2a: Jonny Drag|Dragonite, F|100/100
|turn|21
|
|t:|1779929286
|-terastallize|p2a: Jonny Drag|Normal
|move|p1a: Pecharunt|Malignant Chain|p2a: Jonny Drag
|-damage|p2a: Jonny Drag|83/100
|move|p2a: Jonny Drag|Encore|p1a: Pecharunt
|-start|p1a: Pecharunt|Encore
|
|upkeep
|turn|22
|
|t:|1779929294
|move|p1a: Pecharunt|Malignant Chain|p2a: Jonny Drag
|-damage|p2a: Jonny Drag|49/100
|-status|p2a: Jonny Drag|tox
|-start|p2a: Jonny Drag|confusion|[from] ability: Poison Puppeteer|[of] p1a: Pecharunt
|-activate|p2a: Jonny Drag|confusion
|move|p2a: Jonny Drag|Earthquake|p1a: Pecharunt
|-supereffective|p1a: Pecharunt
|-damage|p1a: Pecharunt|56/100
|
|-damage|p2a: Jonny Drag|43/100 tox|[from] psn
|upkeep
|turn|23
|
|t:|1779929299
|switch|p2a: We pulten on it|Dragapult, M|23/100
|move|p1a: Pecharunt|Malignant Chain|p2a: We pulten on it
|-resisted|p2a: We pulten on it
|-damage|p2a: We pulten on it|3/100
|
|upkeep
|turn|24
|
|t:|1779929302
|move|p2a: We pulten on it|Hex|p1a: Pecharunt
|-supereffective|p1a: Pecharunt
|-damage|p1a: Pecharunt|0 fnt
|faint|p1a: Pecharunt
|
|win|extra-pseudo man
|raw|ban tha pex's rating: 1639 &rarr; <strong>1616</strong><br />(-23 for losing)
|raw|extra-pseudo man's rating: 1593 &rarr; <strong>1616</strong><br />(+23 for winning)
|l|☆extra-pseudo man
|player|p2|
|l|☆ban tha pex
|player|p1|
