|j|☆4axes
|j|☆maddie_from_arcane
|t:|1779947383
|gametype|singles
|player|p1|4axes|workerice|1518
|player|p2|maddie_from_arcane|battlegirl-gen4|1576
|gen|9
|tier|[Gen 9] OU
|rated|
|rule|HP Percentage Mod: HP is shown in percentages
|rule|Endless Battle Clause: Forcing endless battles is banned
|rule|Species Clause: Limit one of each Pokémon
|rule|OHKO Clause: OHKO moves are banned
|rule|Evasion Items Clause: Evasion items are banned
|rule|Evasion Moves Clause: Evasion moves are banned
|rule|Evasion Abilities Clause: Evasion abilities are banned
|rule|Sleep Moves Clause: Sleep-inducing moves are banned
|clearpoke
|poke|p1|Zapdos|
|poke|p1|Cinderace, M|
|poke|p1|Great Tusk|
|poke|p1|Tinkaton, F|
|poke|p1|Arcanine-Hisui, M|
|poke|p1|Slowking-Galar, M|
|poke|p2|Crawdaunt, F|
|poke|p2|Gliscor, F|
|poke|p2|Garganacl, M|
|poke|p2|Slither Wing|
|poke|p2|Darkrai|
|poke|p2|Iron Valiant|
|teampreview
|inactive|Battle timer is ON: inactive players will automatically lose when time's up. (requested by 4axes)
|
|t:|1779947390
|teamsize|p1|6
|teamsize|p2|6
|start
|switch|p1a: Tinkaton|Tinkaton, F|100/100
|switch|p2a: PICKUPDAPHONE|Crawdaunt, F|100/100
|-item|p1a: Tinkaton|Air Balloon
|turn|1
|inactive|4axes has 120 seconds left.
|j| ueyr43
|
|t:|1779947439
|move|p1a: Tinkaton|Stealth Rock|p2a: PICKUPDAPHONE
|-sidestart|p2: maddie_from_arcane|move: Stealth Rock
|move|p2a: PICKUPDAPHONE|Crabhammer|p1a: Tinkaton
|-damage|p1a: Tinkaton|0 fnt
|-enditem|p1a: Tinkaton|Air Balloon
|faint|p1a: Tinkaton
|
|upkeep
|
|t:|1779947443
|switch|p1a: Zapdos|Zapdos|100/100
|turn|2
|l| ueyr43
|
|t:|1779947447
|switch|p2a: knocked by james|Gliscor, F|100/100
|-damage|p2a: knocked by james|88/100|[from] Stealth Rock
|move|p1a: Zapdos|Volt Switch|p2a: knocked by james
|-immune|p2a: knocked by james
|
|-status|p2a: knocked by james|tox|[from] item: Toxic Orb
|upkeep
|turn|3
|
|t:|1779947450
|switch|p1a: Slowking|Slowking-Galar, M|100/100
|move|p2a: knocked by james|Stealth Rock|p1a: Slowking
|-sidestart|p1: 4axes|move: Stealth Rock
|
|-heal|p2a: knocked by james|100/100 tox|[from] ability: Poison Heal
|upkeep
|turn|4
|
|t:|1779947453
|move|p2a: knocked by james|Earthquake|p1a: Slowking
|-supereffective|p1a: Slowking
|-enditem|p1a: Slowking|Shuca Berry|[eat]
|-enditem|p1a: Slowking|Shuca Berry|[weaken]
|-damage|p1a: Slowking|69/100
|-prepare|p1a: Slowking|Chilly Reception|[premajor]
|move|p1a: Slowking|Chilly Reception|p1a: Slowking
|-weather|Snowscape
|
|t:|1779947456
|switch|p1a: Great Tusk|Great Tusk|100/100|[from] Chilly Reception
|-damage|p1a: Great Tusk|98/100|[from] Stealth Rock
|
|-weather|Snowscape|[upkeep]
|upkeep
|turn|5
|j| ueyr43
|
|t:|1779947461
|switch|p2a: moth mami|Slither Wing|100/100
|move|p1a: Great Tusk|Ice Spinner|p2a: moth mami
|-damage|p2a: moth mami|78/100
|
|-weather|Snowscape|[upkeep]
|upkeep
|turn|6
|j| nesnot
|
|t:|1779947469
|move|p1a: Great Tusk|Rapid Spin|p2a: moth mami
|-damage|p2a: moth mami|63/100
|-boost|p1a: Great Tusk|spe|1
|-sideend|p1: 4axes|Stealth Rock|[from] move: Rapid Spin|[of] p1a: Great Tusk
|move|p2a: moth mami|U-turn|p1a: Great Tusk
|-resisted|p1a: Great Tusk
|-damage|p1a: Great Tusk|86/100
|
|t:|1779947474
|-end|p2a: moth mami|Protosynthesis|[silent]
|switch|p2a: knocked by james|Gliscor, F|100/100 tox|[from] U-turn
|-damage|p2a: knocked by james|88/100 tox|[from] Stealth Rock
|
|-weather|Snowscape|[upkeep]
|-heal|p2a: knocked by james|100/100 tox|[from] ability: Poison Heal
|upkeep
|turn|7
|
|t:|1779947484
|switch|p2a: moth mami|Slither Wing|63/100
|move|p1a: Great Tusk|Ice Spinner|p2a: moth mami
|-damage|p2a: moth mami|42/100
|
|-weather|Snowscape|[upkeep]
|upkeep
|turn|8
|l| nesnot
|
|t:|1779947491
|move|p1a: Great Tusk|Temper Flare|p2a: moth mami
|-supereffective|p2a: moth mami
|-damage|p2a: moth mami|0 fnt
|faint|p2a: moth mami
|-end|p2a: moth mami|Protosynthesis|[silent]
|
|-weather|none
|upkeep
|
|t:|1779947510
|switch|p2a: PICKUPDAPHONE|Crawdaunt, F|100/100
|-damage|p2a: PICKUPDAPHONE|88/100|[from] Stealth Rock
|turn|9
|inactive|4axes has 120 seconds left.
|
|t:|1779947546
|move|p2a: PICKUPDAPHONE|Aqua Jet|p1a: Great Tusk
|-supereffective|p1a: Great Tusk
|-damage|p1a: Great Tusk|18/100
|move|p1a: Great Tusk|Headlong Rush|p2a: PICKUPDAPHONE
|-damage|p2a: PICKUPDAPHONE|0 fnt
|-unboost|p1a: Great Tusk|def|1
|-unboost|p1a: Great Tusk|spd|1
|faint|p2a: PICKUPDAPHONE
|
|upkeep
|
|t:|1779947553
|switch|p2a: setup sleeper|Garganacl, M|100/100
|-damage|p2a: setup sleeper|88/100|[from] Stealth Rock
|turn|10
|
|t:|1779947563
|-end|p1a: Great Tusk|Protosynthesis|[silent]
|switch|p1a: Slowking|Slowking-Galar, M|100/100
|-terastallize|p2a: setup sleeper|Water
|move|p2a: setup sleeper|Curse|p2a: setup sleeper
|-unboost|p2a: setup sleeper|spe|1
|-boost|p2a: setup sleeper|atk|1
|-boost|p2a: setup sleeper|def|1
|
|-heal|p2a: setup sleeper|94/100|[from] item: Leftovers
|upkeep
|turn|11
|
|t:|1779947570
|move|p2a: setup sleeper|Curse|p2a: setup sleeper
|-unboost|p2a: setup sleeper|spe|1
|-boost|p2a: setup sleeper|atk|1
|-boost|p2a: setup sleeper|def|1
|move|p1a: Slowking|Future Sight|p2a: setup sleeper
|-start|p1a: Slowking|move: Future Sight
|
|-heal|p2a: setup sleeper|100/100|[from] item: Leftovers
|upkeep
|turn|12
|
|t:|1779947582
|-prepare|p1a: Slowking|Chilly Reception|[premajor]
|move|p1a: Slowking|Chilly Reception|p1a: Slowking
|-weather|Snowscape
|inactive|4axes has 120 seconds left.
|
|t:|1779947611
|switch|p1a: Zapdos|Zapdos|100/100|[from] Chilly Reception
|move|p2a: setup sleeper|Earthquake|p1a: Zapdos
|-immune|p1a: Zapdos
|
|-weather|Snowscape|[upkeep]
|upkeep
|turn|13
|l| ueyr43
|
|t:|1779947626
|move|p1a: Zapdos|Volt Switch|p2a: setup sleeper
|-supereffective|p2a: setup sleeper
|-damage|p2a: setup sleeper|63/100
|
|t:|1779947631
|switch|p1a: Slowking|Slowking-Galar, M|100/100|[from] Volt Switch
|move|p2a: setup sleeper|Recover|p2a: setup sleeper
|-heal|p2a: setup sleeper|100/100
|
|-weather|Snowscape|[upkeep]
|-end|p2a: setup sleeper|move: Future Sight
|-damage|p2a: setup sleeper|71/100
|-heal|p2a: setup sleeper|77/100|[from] item: Leftovers
|upkeep
|turn|14
|
|t:|1779947637
|-prepare|p1a: Slowking|Chilly Reception|[premajor]
|move|p1a: Slowking|Chilly Reception|p1a: Slowking
|
|t:|1779947641
|switch|p1a: Zapdos|Zapdos|100/100|[from] Chilly Reception
|move|p2a: setup sleeper|Salt Cure|p1a: Zapdos
|-supereffective|p1a: Zapdos
|-crit|p1a: Zapdos
|-damage|p1a: Zapdos|42/100
|-start|p1a: Zapdos|Salt Cure
|
|-weather|Snowscape|[upkeep]
|-heal|p2a: setup sleeper|83/100|[from] item: Leftovers
|-damage|p1a: Zapdos|30/100|[from] Salt Cure
|upkeep
|turn|15
|
|t:|1779947649
|move|p1a: Zapdos|Volt Switch|p2a: setup sleeper
|-supereffective|p2a: setup sleeper
|-damage|p2a: setup sleeper|45/100
|
|t:|1779947656
|switch|p1a: Slowking|Slowking-Galar, M|100/100|[from] Volt Switch
|move|p2a: setup sleeper|Recover|p2a: setup sleeper
|-heal|p2a: setup sleeper|95/100
|
|-weather|Snowscape|[upkeep]
|-heal|p2a: setup sleeper|100/100|[from] item: Leftovers
|upkeep
|turn|16
|
|t:|1779947672
|move|p1a: Slowking|Future Sight|p2a: setup sleeper
|-start|p1a: Slowking|move: Future Sight
|move|p2a: setup sleeper|Earthquake|p1a: Slowking
|-supereffective|p1a: Slowking
|-damage|p1a: Slowking|8/100
|
|-weather|none
|upkeep
|turn|17
|-message|4axes forfeited.
|
|win|maddie_from_arcane
|raw|4axes's rating: 1518 &rarr; <strong>1501</strong><br />(-17 for losing)
|raw|maddie_from_arcane's rating: 1576 &rarr; <strong>1593</strong><br />(+17 for winning)
|l|☆4axes
|player|p1|
|c|☆maddie_from_arcane|ggs
|l|☆maddie_from_arcane
|player|p2|
|j| ueyr43
|l| ueyr43
