|j|☆Crafter568
|j|☆ikthoizzykil
|t:|1779880922
|gametype|singles
|player|p1|Crafter568|169|1451
|player|p2|ikthoizzykil|pokemaniac-gen3rs|1406
|gen|9
|tier|[Gen 9] OU
|rated|
|rule|HP Percentage Mod: HP is shown in percentages
|rule|Endless Battle Clause: Forcing endless battles is banned
|rule|Species Clause: Limit one of each Pokémon
|rule|OHKO Clause: OHKO moves are banned
|rule|Evasion Items Clause: Evasion items are banned
|rule|Evasion Moves Clause: Evasion moves are banned
|rule|Evasion Abilities Clause: Evasion abilities are banned
|rule|Sleep Moves Clause: Sleep-inducing moves are banned
|clearpoke
|poke|p1|Blissey, F|
|poke|p1|Gliscor, F|
|poke|p1|Glimmora, F|
|poke|p1|Alomomola, M|
|poke|p1|Toxapex, F|
|poke|p1|Ting-Lu|
|poke|p2|Braviary, M|
|poke|p2|Great Tusk|
|poke|p2|Rillaboom, F|
|poke|p2|Primarina, F|
|poke|p2|Kingambit, M|
|poke|p2|Raging Bolt|
|teampreview
|inactive|Battle timer is ON: inactive players will automatically lose when time's up. (requested by ikthoizzykil)
|
|t:|1779880939
|teamsize|p1|6
|teamsize|p2|6
|start
|switch|p1a: Gliscor|Gliscor, F|100/100
|switch|p2a: Rillaboom|Rillaboom, F|100/100
|-fieldstart|move: Grassy Terrain|[from] ability: Grassy Surge|[of] p2a: Rillaboom
|turn|1
|
|t:|1779880950
|move|p1a: Gliscor|Protect|p1a: Gliscor
|-singleturn|p1a: Gliscor|Protect
|move|p2a: Rillaboom|Wood Hammer|p1a: Gliscor
|-activate|p1a: Gliscor|move: Protect
|
|-status|p1a: Gliscor|tox|[from] item: Toxic Orb
|upkeep
|turn|2
|
|t:|1779880959
|-terastallize|p2a: Rillaboom|Grass
|move|p2a: Rillaboom|Wood Hammer|p1a: Gliscor
|-damage|p1a: Gliscor|0 fnt
|faint|p1a: Gliscor
|-damage|p2a: Rillaboom|70/100|[from] Recoil
|
|-heal|p2a: Rillaboom|77/100|[from] Grassy Terrain
|upkeep
|
|t:|1779880969
|switch|p1a: Toxapex|Toxapex, F|100/100
|turn|3
|
|t:|1779880982
|switch|p2a: Great Tusk|Great Tusk|100/100
|move|p1a: Toxapex|Toxic|p2a: Great Tusk
|-status|p2a: Great Tusk|tox
|
|-damage|p2a: Great Tusk|94/100 tox|[from] psn
|upkeep
|turn|4
|
|t:|1779880992
|switch|p1a: Alomomola|Alomomola, M|100/100
|move|p2a: Great Tusk|Stealth Rock|p1a: Alomomola
|-sidestart|p1: Crafter568|move: Stealth Rock
|
|-heal|p2a: Great Tusk|100/100 tox|[from] Grassy Terrain
|-damage|p2a: Great Tusk|88/100 tox|[from] psn
|upkeep
|turn|5
|
|t:|1779881001
|-end|p2a: Great Tusk|Protosynthesis|[silent]
|switch|p2a: Raging Bolt|Raging Bolt|100/100
|-enditem|p2a: Raging Bolt|Booster Energy
|-activate|p2a: Raging Bolt|ability: Protosynthesis|[fromitem]
|-start|p2a: Raging Bolt|protosynthesisspa
|move|p1a: Alomomola|Wish|p1a: Alomomola
|
|-fieldend|move: Grassy Terrain
|upkeep
|turn|6
|
|t:|1779881017
|switch|p1a: Ting-Lu|Ting-Lu|100/100
|-damage|p1a: Ting-Lu|94/100|[from] Stealth Rock
|-ability|p1a: Ting-Lu|Vessel of Ruin
|move|p2a: Raging Bolt|Calm Mind|p2a: Raging Bolt
|-boost|p2a: Raging Bolt|spa|1
|-boost|p2a: Raging Bolt|spd|1
|
|-heal|p1a: Ting-Lu|100/100|[from] move: Wish|[wisher] Alomomola
|upkeep
|turn|7
|
|t:|1779881031
|move|p2a: Raging Bolt|Dragon Pulse|p1a: Ting-Lu
|-damage|p1a: Ting-Lu|56/100
|move|p1a: Ting-Lu|Whirlwind|p2a: Raging Bolt
|-end|p2a: Raging Bolt|Protosynthesis|[silent]
|drag|p2a: Great Tusk|Great Tusk|88/100 tox
|
|-heal|p1a: Ting-Lu|62/100|[from] item: Leftovers
|-damage|p2a: Great Tusk|82/100 tox|[from] psn
|upkeep
|turn|8
|
|t:|1779881044
|switch|p1a: Alomomola|Alomomola, M|100/100
|move|p2a: Great Tusk|Headlong Rush|p1a: Alomomola
|-damage|p1a: Alomomola|66/100
|-unboost|p2a: Great Tusk|def|1
|-unboost|p2a: Great Tusk|spd|1
|
|-damage|p2a: Great Tusk|70/100 tox|[from] psn
|upkeep
|turn|9
|
|t:|1779881053
|-end|p2a: Great Tusk|Protosynthesis|[silent]
|switch|p2a: Rillaboom|Rillaboom, F, tera:Grass|77/100
|-fieldstart|move: Grassy Terrain|[from] ability: Grassy Surge|[of] p2a: Rillaboom
|move|p1a: Alomomola|Flip Turn|p2a: Rillaboom
|-resisted|p2a: Rillaboom
|-damage|p2a: Rillaboom|69/100
|
|t:|1779881064
|switch|p1a: Toxapex|Toxapex, F|100/100|[from] Flip Turn
|-damage|p1a: Toxapex|88/100|[from] Stealth Rock
|
|-heal|p2a: Rillaboom|75/100|[from] Grassy Terrain
|-heal|p1a: Toxapex|94/100|[from] Grassy Terrain
|upkeep
|turn|10
|
|t:|1779881083
|-terastallize|p1a: Toxapex|Grass
|move|p2a: Rillaboom|Wood Hammer|p1a: Toxapex
|-resisted|p1a: Toxapex
|-damage|p1a: Toxapex|43/100
|-damage|p2a: Rillaboom|59/100|[from] item: Rocky Helmet|[of] p1a: Toxapex
|-damage|p2a: Rillaboom|45/100|[from] Recoil
|move|p1a: Toxapex|Toxic|p2a: Rillaboom
|-status|p2a: Rillaboom|tox
|
|-heal|p2a: Rillaboom|52/100 tox|[from] Grassy Terrain
|-heal|p1a: Toxapex|50/100|[from] Grassy Terrain
|-damage|p2a: Rillaboom|45/100 tox|[from] psn
|upkeep
|turn|11
|inactive|Crafter568 has 120 seconds left.
|
|t:|1779881118
|switch|p2a: Great Tusk|Great Tusk|70/100 tox
|switch|p1a: Glimmora|Glimmora, F|100/100
|-damage|p1a: Glimmora|88/100|[from] Stealth Rock
|
|-heal|p2a: Great Tusk|76/100 tox|[from] Grassy Terrain
|-heal|p1a: Glimmora|94/100|[from] Grassy Terrain
|-damage|p2a: Great Tusk|70/100 tox|[from] psn
|upkeep
|turn|12
|
|t:|1779881132
|switch|p1a: Alomomola|Alomomola, M|99/100
|move|p2a: Great Tusk|Headlong Rush|p1a: Alomomola
|-damage|p1a: Alomomola|66/100
|-unboost|p2a: Great Tusk|def|1
|-unboost|p2a: Great Tusk|spd|1
|
|-heal|p2a: Great Tusk|76/100 tox|[from] Grassy Terrain
|-heal|p1a: Alomomola|72/100|[from] Grassy Terrain
|-damage|p2a: Great Tusk|63/100 tox|[from] psn
|upkeep
|turn|13
|
|t:|1779881151
|-end|p2a: Great Tusk|Protosynthesis|[silent]
|switch|p2a: Primarina|Primarina, F|100/100
|move|p1a: Alomomola|Flip Turn|p2a: Primarina
|-resisted|p2a: Primarina
|-damage|p2a: Primarina|93/100
|
|t:|1779881160
|switch|p1a: Blissey|Blissey, F|100/100|[from] Flip Turn
|
|-heal|p2a: Primarina|99/100|[from] Grassy Terrain
|-heal|p2a: Primarina|100/100|[from] item: Leftovers
|-fieldend|move: Grassy Terrain
|upkeep
|turn|14
|
|t:|1779881174
|switch|p2a: Braviary|Braviary, M|100/100
|move|p1a: Blissey|Calm Mind|p1a: Blissey
|-boost|p1a: Blissey|spa|1
|-boost|p1a: Blissey|spd|1
|
|upkeep
|turn|15
|
|t:|1779881189
|switch|p1a: Alomomola|Alomomola, M|100/100
|move|p2a: Braviary|Close Combat|p1a: Alomomola
|-damage|p1a: Alomomola|84/100
|-unboost|p2a: Braviary|def|1
|-unboost|p2a: Braviary|spd|1
|
|upkeep
|turn|16
|inactive|Crafter568 has 120 seconds left.
|
|t:|1779881201
|switch|p2a: Primarina|Primarina, F|100/100
|move|p1a: Alomomola|Flip Turn|p2a: Primarina
|-resisted|p2a: Primarina
|-damage|p2a: Primarina|93/100
|
|t:|1779881210
|switch|p1a: Glimmora|Glimmora, F|94/100|[from] Flip Turn
|-damage|p1a: Glimmora|82/100|[from] Stealth Rock
|
|-heal|p2a: Primarina|99/100|[from] item: Leftovers
|upkeep
|turn|17
|inactive|Crafter568 has 120 seconds left.
|
|t:|1779881220
|switch|p2a: Great Tusk|Great Tusk|63/100 tox
|move|p1a: Glimmora|Toxic|p2a: Great Tusk
|-fail|p2a: Great Tusk|tox
|
|-damage|p2a: Great Tusk|57/100 tox|[from] psn
|upkeep
|turn|18
|inactive|Crafter568 has 120 seconds left.
|
|t:|1779881229
|-end|p2a: Great Tusk|Protosynthesis|[silent]
|switch|p2a: Rillaboom|Rillaboom, F, tera:Grass|45/100 tox
|-fieldstart|move: Grassy Terrain|[from] ability: Grassy Surge|[of] p2a: Rillaboom
|switch|p1a: Alomomola|Alomomola, M|100/100
|
|-heal|p2a: Rillaboom|52/100 tox|[from] Grassy Terrain
|-damage|p2a: Rillaboom|45/100 tox|[from] psn
|upkeep
|turn|19
|
|t:|1779881239
|move|p1a: Alomomola|Protect|p1a: Alomomola
|-singleturn|p1a: Alomomola|Protect
|move|p2a: Rillaboom|Knock Off|p1a: Alomomola
|-activate|p1a: Alomomola|move: Protect
|
|-heal|p2a: Rillaboom|52/100 tox|[from] Grassy Terrain
|-damage|p2a: Rillaboom|39/100 tox|[from] psn
|upkeep
|turn|20
|
|t:|1779881249
|switch|p1a: Toxapex|Toxapex, F, tera:Grass|83/100
|-damage|p1a: Toxapex|70/100|[from] Stealth Rock
|move|p2a: Rillaboom|Knock Off|p1a: Toxapex
|-damage|p1a: Toxapex|38/100
|-damage|p2a: Rillaboom|23/100 tox|[from] item: Rocky Helmet|[of] p1a: Toxapex
|-enditem|p1a: Toxapex|Rocky Helmet|[from] move: Knock Off|[of] p2a: Rillaboom
|
|-heal|p2a: Rillaboom|29/100 tox|[from] Grassy Terrain
|-heal|p1a: Toxapex|44/100|[from] Grassy Terrain
|-damage|p2a: Rillaboom|10/100 tox|[from] psn
|upkeep
|turn|21
|inactive|Crafter568 has 120 seconds left.
|
|t:|1779881269
|switch|p2a: Great Tusk|Great Tusk|57/100 tox
|switch|p1a: Alomomola|Alomomola, M|100/100
|
|-heal|p2a: Great Tusk|63/100 tox|[from] Grassy Terrain
|-damage|p2a: Great Tusk|57/100 tox|[from] psn
|upkeep
|turn|22
|
|t:|1779881281
|-end|p2a: Great Tusk|Protosynthesis|[silent]
|switch|p2a: Primarina|Primarina, F|99/100
|move|p1a: Alomomola|Flip Turn|p2a: Primarina
|-resisted|p2a: Primarina
|-damage|p2a: Primarina|92/100
|
|t:|1779881288
|switch|p1a: Glimmora|Glimmora, F|82/100|[from] Flip Turn
|-damage|p1a: Glimmora|70/100|[from] Stealth Rock
|
|-heal|p1a: Glimmora|76/100|[from] Grassy Terrain
|-heal|p2a: Primarina|98/100|[from] Grassy Terrain
|-heal|p2a: Primarina|100/100|[from] item: Leftovers
|-fieldend|move: Grassy Terrain
|upkeep
|turn|23
|
|t:|1779881298
|switch|p2a: Great Tusk|Great Tusk|57/100 tox
|move|p1a: Glimmora|Mortal Spin|p2a: Great Tusk
|-resisted|p2a: Great Tusk
|-damage|p2a: Great Tusk|55/100 tox
|-sideend|p1: Crafter568|Stealth Rock|[from] move: Mortal Spin|[of] p1a: Glimmora
|
|-damage|p2a: Great Tusk|49/100 tox|[from] psn
|upkeep
|turn|24
|
|t:|1779881310
|switch|p1a: Alomomola|Alomomola, M|100/100
|move|p2a: Great Tusk|Stealth Rock|p1a: Alomomola
|-sidestart|p1: Crafter568|move: Stealth Rock
|
|-damage|p2a: Great Tusk|36/100 tox|[from] psn
|upkeep
|turn|25
|
|t:|1779881332
|-end|p2a: Great Tusk|Protosynthesis|[silent]
|switch|p2a: Braviary|Braviary, M|100/100
|move|p1a: Alomomola|Wish|p1a: Alomomola
|
|upkeep
|turn|26
|
|t:|1779881342
|move|p2a: Braviary|U-turn|p1a: Alomomola
|-damage|p1a: Alomomola|89/100
|
|t:|1779881345
|switch|p2a: Primarina|Primarina, F|100/100|[from] U-turn
|move|p1a: Alomomola|Flip Turn|p2a: Primarina
|-resisted|p2a: Primarina
|-damage|p2a: Primarina|94/100
|
|t:|1779881352
|switch|p1a: Glimmora|Glimmora, F|76/100|[from] Flip Turn
|-damage|p1a: Glimmora|63/100|[from] Stealth Rock
|
|-heal|p1a: Glimmora|100/100|[from] move: Wish|[wisher] Alomomola
|-heal|p2a: Primarina|99/100|[from] item: Leftovers
|upkeep
|turn|27
|
|t:|1779881362
|switch|p2a: Kingambit|Kingambit, M|100/100
|move|p1a: Glimmora|Mortal Spin|p2a: Kingambit
|-immune|p2a: Kingambit
|
|upkeep
|turn|28
|
|t:|1779881368
|move|p1a: Glimmora|Toxic|p2a: Kingambit
|-status|p2a: Kingambit|tox
|move|p2a: Kingambit|Swords Dance|p2a: Kingambit
|-boost|p2a: Kingambit|atk|2
|
|-damage|p2a: Kingambit|94/100 tox|[from] psn
|upkeep
|turn|29
|
|t:|1779881376
|move|p1a: Glimmora|Earth Power|p2a: Kingambit
|-supereffective|p2a: Kingambit
|-damage|p2a: Kingambit|32/100 tox
|move|p2a: Kingambit|Kowtow Cleave|p1a: Glimmora
|-enditem|p1a: Glimmora|Focus Sash
|-damage|p1a: Glimmora|1/100
|
|-damage|p2a: Kingambit|19/100 tox|[from] psn
|upkeep
|turn|30
|
|t:|1779881399
|switch|p1a: Toxapex|Toxapex, F, tera:Grass|77/100
|-damage|p1a: Toxapex|65/100|[from] Stealth Rock
|-end|p2a: Kingambit|fallenundefined|[silent]
|switch|p2a: Rillaboom|Rillaboom, F, tera:Grass|10/100 tox
|-fieldstart|move: Grassy Terrain|[from] ability: Grassy Surge|[of] p2a: Rillaboom
|
|-heal|p2a: Rillaboom|16/100 tox|[from] Grassy Terrain
|-heal|p1a: Toxapex|71/100|[from] Grassy Terrain
|-damage|p2a: Rillaboom|10/100 tox|[from] psn
|upkeep
|turn|31
|
|t:|1779881413
|switch|p2a: Great Tusk|Great Tusk|36/100 tox
|move|p1a: Toxapex|Infestation|p2a: Great Tusk
|-resisted|p2a: Great Tusk
|-damage|p2a: Great Tusk|34/100 tox
|-activate|p2a: Great Tusk|move: Infestation|[of] p1a: Toxapex
|
|-heal|p2a: Great Tusk|41/100 tox|[from] Grassy Terrain
|-heal|p1a: Toxapex|77/100|[from] Grassy Terrain
|-damage|p2a: Great Tusk|34/100 tox|[from] psn
|-damage|p2a: Great Tusk|22/100 tox|[from] move: Infestation|[partiallytrapped]
|upkeep
|turn|32
|
|t:|1779881427
|switch|p1a: Alomomola|Alomomola, M|100/100
|move|p2a: Great Tusk|Ice Spinner|p1a: Alomomola
|-resisted|p1a: Alomomola
|-damage|p1a: Alomomola|93/100
|-fieldend|move: Grassy Terrain
|
|-damage|p2a: Great Tusk|10/100 tox|[from] psn
|-end|p2a: Great Tusk|Infestation|[partiallytrapped]|[silent]
|upkeep
|turn|33
|
|t:|1779881445
|-end|p2a: Great Tusk|Protosynthesis|[silent]
|switch|p2a: Primarina|Primarina, F|99/100
|move|p1a: Alomomola|Flip Turn|p2a: Primarina
|-resisted|p2a: Primarina
|-damage|p2a: Primarina|93/100
|
|t:|1779881452
|switch|p1a: Blissey|Blissey, F|100/100|[from] Flip Turn
|
|-heal|p2a: Primarina|99/100|[from] item: Leftovers
|upkeep
|turn|34
|
|t:|1779881465
|switch|p2a: Rillaboom|Rillaboom, F, tera:Grass|10/100 tox
|-fieldstart|move: Grassy Terrain|[from] ability: Grassy Surge|[of] p2a: Rillaboom
|move|p1a: Blissey|Seismic Toss|p2a: Rillaboom
|-damage|p2a: Rillaboom|0 fnt
|faint|p2a: Rillaboom
|
|upkeep
|
|t:|1779881473
|switch|p2a: Braviary|Braviary, M|100/100
|turn|35
|
|t:|1779881477
|switch|p1a: Alomomola|Alomomola, M|100/100
|move|p2a: Braviary|U-turn|p1a: Alomomola
|-damage|p1a: Alomomola|89/100
|
|t:|1779881481
|switch|p2a: Primarina|Primarina, F|99/100|[from] U-turn
|
|-heal|p2a: Primarina|100/100|[from] Grassy Terrain
|-heal|p1a: Alomomola|95/100|[from] Grassy Terrain
|upkeep
|turn|36
|
|t:|1779881493
|switch|p1a: Ting-Lu|Ting-Lu|62/100
|-damage|p1a: Ting-Lu|56/100|[from] Stealth Rock
|-ability|p1a: Ting-Lu|Vessel of Ruin
|move|p2a: Primarina|Substitute|p2a: Primarina
|-start|p2a: Primarina|Substitute
|-damage|p2a: Primarina|76/100
|
|-heal|p2a: Primarina|82/100|[from] Grassy Terrain
|-heal|p2a: Primarina|88/100|[from] item: Leftovers
|-heal|p1a: Ting-Lu|62/100|[from] Grassy Terrain
|-heal|p1a: Ting-Lu|69/100|[from] item: Leftovers
|upkeep
|turn|37
|
|t:|1779881507
|move|p2a: Primarina|Psychic Noise|p1a: Ting-Lu
|-supereffective|p1a: Ting-Lu
|-damage|p1a: Ting-Lu|43/100
|-start|p1a: Ting-Lu|move: Heal Block
|move|p1a: Ting-Lu|Whirlwind|p2a: Primarina
|drag|p2a: Braviary|Braviary, M|100/100
|
|upkeep
|turn|38
|
|t:|1779881525
|switch|p1a: Toxapex|Toxapex, F, tera:Grass|100/100
|-damage|p1a: Toxapex|88/100|[from] Stealth Rock
|move|p2a: Braviary|U-turn|p1a: Toxapex
|-supereffective|p1a: Toxapex
|-damage|p1a: Toxapex|64/100
|
|t:|1779881531
|switch|p2a: Primarina|Primarina, F|88/100|[from] U-turn
|
|-heal|p2a: Primarina|94/100|[from] Grassy Terrain
|-heal|p2a: Primarina|99/100|[from] item: Leftovers
|-heal|p1a: Toxapex|71/100|[from] Grassy Terrain
|-fieldend|move: Grassy Terrain
|upkeep
|turn|39
|
|t:|1779881549
|switch|p1a: Alomomola|Alomomola, M|100/100
|move|p2a: Primarina|Substitute|p2a: Primarina
|-start|p2a: Primarina|Substitute
|-damage|p2a: Primarina|75/100
|
|-heal|p2a: Primarina|81/100|[from] item: Leftovers
|upkeep
|turn|40
|
|t:|1779881561
|move|p2a: Primarina|Calm Mind|p2a: Primarina
|-boost|p2a: Primarina|spa|1
|-boost|p2a: Primarina|spd|1
|move|p1a: Alomomola|Flip Turn|p2a: Primarina
|-resisted|p2a: Primarina
|-activate|p2a: Primarina|move: Substitute|[damage]
|
|t:|1779881569
|switch|p1a: Ting-Lu|Ting-Lu|43/100|[from] Flip Turn
|-damage|p1a: Ting-Lu|36/100|[from] Stealth Rock
|-ability|p1a: Ting-Lu|Vessel of Ruin
|
|-heal|p2a: Primarina|87/100|[from] item: Leftovers
|-heal|p1a: Ting-Lu|43/100|[from] item: Leftovers
|upkeep
|turn|41
|
|t:|1779881582
|move|p2a: Primarina|Psychic Noise|p1a: Ting-Lu
|-supereffective|p1a: Ting-Lu
|-damage|p1a: Ting-Lu|0 fnt
|faint|p1a: Ting-Lu
|
|-heal|p2a: Primarina|93/100|[from] item: Leftovers
|upkeep
|
|t:|1779881590
|switch|p1a: Blissey|Blissey, F|100/100
|turn|42
|
|t:|1779881596
|switch|p2a: Braviary|Braviary, M|100/100
|move|p1a: Blissey|Calm Mind|p1a: Blissey
|-boost|p1a: Blissey|spa|1
|-boost|p1a: Blissey|spd|1
|
|upkeep
|turn|43
|
|t:|1779881604
|switch|p1a: Alomomola|Alomomola, M|100/100
|move|p2a: Braviary|Close Combat|p1a: Alomomola
|-damage|p1a: Alomomola|82/100
|-unboost|p2a: Braviary|def|1
|-unboost|p2a: Braviary|spd|1
|
|upkeep
|turn|44
|
|t:|1779881616
|switch|p2a: Primarina|Primarina, F|93/100
|move|p1a: Alomomola|Wish|p1a: Alomomola
|
|-heal|p2a: Primarina|99/100|[from] item: Leftovers
|upkeep
|turn|45
|
|t:|1779881624
|switch|p1a: Blissey|Blissey, F|100/100
|move|p2a: Primarina|Substitute|p2a: Primarina
|-start|p2a: Primarina|Substitute
|-damage|p2a: Primarina|75/100
|
|-heal|p2a: Primarina|81/100|[from] item: Leftovers
|upkeep
|turn|46
|
|t:|1779881632
|move|p2a: Primarina|Calm Mind|p2a: Primarina
|-boost|p2a: Primarina|spa|1
|-boost|p2a: Primarina|spd|1
|move|p1a: Blissey|Seismic Toss|p2a: Primarina
|-end|p2a: Primarina|Substitute
|
|-heal|p2a: Primarina|87/100|[from] item: Leftovers
|upkeep
|turn|47
|
|t:|1779881643
|move|p2a: Primarina|Psychic Noise|p1a: Blissey
|-damage|p1a: Blissey|84/100
|-start|p1a: Blissey|move: Heal Block
|move|p1a: Blissey|Seismic Toss|p2a: Primarina
|-damage|p2a: Primarina|59/100
|
|-heal|p2a: Primarina|65/100|[from] item: Leftovers
|upkeep
|turn|48
|
|t:|1779881653
|move|p2a: Primarina|Draining Kiss|p1a: Blissey
|-damage|p1a: Blissey|74/100
|-heal|p2a: Primarina|79/100|[from] drain|[of] p1a: Blissey
|move|p1a: Blissey|Seismic Toss|p2a: Primarina
|-damage|p2a: Primarina|51/100
|
|-heal|p2a: Primarina|58/100|[from] item: Leftovers
|-end|p1a: Blissey|move: Heal Block
|upkeep
|turn|49
|
|t:|1779881663
|move|p2a: Primarina|Psychic Noise|p1a: Blissey
|-crit|p1a: Blissey
|-damage|p1a: Blissey|50/100
|-start|p1a: Blissey|move: Heal Block
|move|p1a: Blissey|Calm Mind|p1a: Blissey
|-boost|p1a: Blissey|spa|1
|-boost|p1a: Blissey|spd|1
|
|-heal|p2a: Primarina|64/100|[from] item: Leftovers
|upkeep
|turn|50
|
|t:|1779881677
|switch|p2a: Braviary|Braviary, M|100/100
|move|p1a: Blissey|Seismic Toss|p2a: Braviary
|-damage|p2a: Braviary|76/100
|
|-end|p1a: Blissey|move: Heal Block
|upkeep
|turn|51
|
|t:|1779881687
|switch|p1a: Alomomola|Alomomola, M|100/100
|move|p2a: Braviary|U-turn|p1a: Alomomola
|-damage|p1a: Alomomola|90/100
|
|t:|1779881692
|switch|p2a: Raging Bolt|Raging Bolt|100/100|[from] U-turn
|
|upkeep
|turn|52
|
|t:|1779881699
|switch|p1a: Blissey|Blissey, F|50/100
|move|p2a: Raging Bolt|Thunderbolt|p1a: Blissey
|-damage|p1a: Blissey|34/100
|-status|p1a: Blissey|par
|
|upkeep
|turn|53
|
|t:|1779881720
|-end|p2a: Raging Bolt|Protosynthesis|[silent]
|switch|p2a: Braviary|Braviary, M|76/100
|move|p1a: Blissey|Soft-Boiled|p1a: Blissey
|-heal|p1a: Blissey|84/100 par
|
|upkeep
|turn|54
|
|t:|1779881729
|-curestatus|p1a: Blissey|par|[from] ability: Natural Cure|[silent]
|switch|p1a: Toxapex|Toxapex, F, tera:Grass|100/100
|-damage|p1a: Toxapex|88/100|[from] Stealth Rock
|move|p2a: Braviary|U-turn|p1a: Toxapex
|-supereffective|p1a: Toxapex
|-damage|p1a: Toxapex|62/100
|
|t:|1779881748
|switch|p2a: Great Tusk|Great Tusk|10/100 tox|[from] U-turn
|
|-damage|p2a: Great Tusk|3/100 tox|[from] psn
|upkeep
|turn|55
|inactive|ikthoizzykil has 120 seconds left.
|
|t:|1779881769
|-end|p2a: Great Tusk|Protosynthesis|[silent]
|switch|p2a: Raging Bolt|Raging Bolt|100/100
|switch|p1a: Alomomola|Alomomola, M|100/100
|
|upkeep
|turn|56
|inactive|ikthoizzykil has 120 seconds left.
|
|t:|1779881779
|switch|p1a: Blissey|Blissey, F|84/100
|move|p2a: Raging Bolt|Calm Mind|p2a: Raging Bolt
|-boost|p2a: Raging Bolt|spa|1
|-boost|p2a: Raging Bolt|spd|1
|
|upkeep
|turn|57
|
|t:|1779881787
|move|p2a: Raging Bolt|Calm Mind|p2a: Raging Bolt
|-boost|p2a: Raging Bolt|spa|1
|-boost|p2a: Raging Bolt|spd|1
|move|p1a: Blissey|Calm Mind|p1a: Blissey
|-boost|p1a: Blissey|spa|1
|-boost|p1a: Blissey|spd|1
|
|upkeep
|turn|58
|
|t:|1779881794
|move|p2a: Raging Bolt|Thunderbolt|p1a: Blissey
|-damage|p1a: Blissey|62/100
|move|p1a: Blissey|Calm Mind|p1a: Blissey
|-boost|p1a: Blissey|spa|1
|-boost|p1a: Blissey|spd|1
|
|upkeep
|turn|59
|
|t:|1779881801
|move|p2a: Raging Bolt|Calm Mind|p2a: Raging Bolt
|-boost|p2a: Raging Bolt|spa|1
|-boost|p2a: Raging Bolt|spd|1
|move|p1a: Blissey|Soft-Boiled|p1a: Blissey
|-heal|p1a: Blissey|100/100
|
|upkeep
|turn|60
|
|t:|1779881807
|move|p2a: Raging Bolt|Thunderbolt|p1a: Blissey
|-damage|p1a: Blissey|81/100
|move|p1a: Blissey|Calm Mind|p1a: Blissey
|-boost|p1a: Blissey|spa|1
|-boost|p1a: Blissey|spd|1
|
|upkeep
|turn|61
|
|t:|1779881814
|move|p2a: Raging Bolt|Calm Mind|p2a: Raging Bolt
|-boost|p2a: Raging Bolt|spa|1
|-boost|p2a: Raging Bolt|spd|1
|move|p1a: Blissey|Seismic Toss|p2a: Raging Bolt
|-damage|p2a: Raging Bolt|77/100
|
|upkeep
|turn|62
|
|t:|1779881820
|move|p2a: Raging Bolt|Thunderbolt|p1a: Blissey
|-damage|p1a: Blissey|63/100
|move|p1a: Blissey|Seismic Toss|p2a: Raging Bolt
|-damage|p2a: Raging Bolt|54/100
|
|upkeep
|turn|63
|
|t:|1779881828
|move|p2a: Raging Bolt|Thunderbolt|p1a: Blissey
|-damage|p1a: Blissey|44/100
|move|p1a: Blissey|Seismic Toss|p2a: Raging Bolt
|-damage|p2a: Raging Bolt|31/100
|
|upkeep
|turn|64
|
|t:|1779881835
|move|p2a: Raging Bolt|Thunderbolt|p1a: Blissey
|-crit|p1a: Blissey
|-damage|p1a: Blissey|0 fnt
|faint|p1a: Blissey
|
|upkeep
|
|t:|1779881841
|switch|p1a: Toxapex|Toxapex, F, tera:Grass|96/100
|-damage|p1a: Toxapex|83/100|[from] Stealth Rock
|turn|65
|
|t:|1779881847
|move|p2a: Raging Bolt|Dragon Pulse|p1a: Toxapex
|-damage|p1a: Toxapex|0 fnt
|faint|p1a: Toxapex
|
|upkeep
|-message|Crafter568 forfeited.
|
|win|ikthoizzykil
|raw|Crafter568's rating: 1451 &rarr; <strong>1428</strong><br />(-23 for losing)
|raw|ikthoizzykil's rating: 1406 &rarr; <strong>1429</strong><br />(+23 for winning)
|l|☆Crafter568
|player|p1|
|l|☆ikthoizzykil
|player|p2|
