|j|☆mogulmoves1
|j|☆LUPIIT
|t:|1779962568
|gametype|singles
|player|p1|mogulmoves1|gambler-gen1|1428
|player|p2|LUPIIT|lucas|1337
|gen|9
|tier|[Gen 9] OU
|rated|
|rule|HP Percentage Mod: HP is shown in percentages
|rule|Endless Battle Clause: Forcing endless battles is banned
|rule|Species Clause: Limit one of each Pokémon
|rule|OHKO Clause: OHKO moves are banned
|rule|Evasion Items Clause: Evasion items are banned
|rule|Evasion Moves Clause: Evasion moves are banned
|rule|Evasion Abilities Clause: Evasion abilities are banned
|rule|Sleep Moves Clause: Sleep-inducing moves are banned
|clearpoke
|poke|p1|Pelipper, F|
|poke|p1|Manaphy|
|poke|p1|Bruxish, M|
|poke|p1|Overqwil, F|
|poke|p1|Iron Treads|
|poke|p1|Raging Bolt|
|poke|p2|Garganacl, M|
|poke|p2|Breloom, F|
|poke|p2|Rillaboom, F|
|poke|p2|Zapdos|
|poke|p2|Garchomp, M|
|poke|p2|Comfey, M|
|teampreview
|inactive|Battle timer is ON: inactive players will automatically lose when time's up. (requested by LUPIIT)
|inactive|mogulmoves1 has 120 seconds left.
|
|t:|1779962624
|teamsize|p1|6
|teamsize|p2|6
|start
|switch|p1a: Raging Bolt|Raging Bolt|100/100
|switch|p2a: Zapdos|Zapdos|100/100
|-enditem|p1a: Raging Bolt|Booster Energy
|-activate|p1a: Raging Bolt|ability: Protosynthesis|[fromitem]
|-start|p1a: Raging Bolt|protosynthesisspa
|turn|1
|
|t:|1779962630
|move|p2a: Zapdos|U-turn|p1a: Raging Bolt
|-damage|p1a: Raging Bolt|88/100
|
|t:|1779962633
|switch|p2a: Rillaboom|Rillaboom, F|100/100|[from] U-turn
|-fieldstart|move: Grassy Terrain|[from] ability: Grassy Surge|[of] p2a: Rillaboom
|move|p1a: Raging Bolt|Dragon Pulse|p2a: Rillaboom
|-damage|p2a: Rillaboom|40/100
|
|-heal|p1a: Raging Bolt|94/100|[from] Grassy Terrain
|-heal|p2a: Rillaboom|46/100|[from] Grassy Terrain
|upkeep
|turn|2
|
|t:|1779962644
|switch|p2a: Garganacl|Garganacl, M|100/100
|move|p1a: Raging Bolt|Dragon Pulse|p2a: Garganacl
|-damage|p2a: Garganacl|54/100
|
|-heal|p1a: Raging Bolt|100/100|[from] Grassy Terrain
|-heal|p2a: Garganacl|60/100|[from] Grassy Terrain
|-heal|p2a: Garganacl|66/100|[from] item: Leftovers
|upkeep
|turn|3
|
|t:|1779962653
|move|p1a: Raging Bolt|Thunderbolt|p2a: Garganacl
|-damage|p2a: Garganacl|19/100
|move|p2a: Garganacl|Salt Cure|p1a: Raging Bolt
|-damage|p1a: Raging Bolt|88/100
|-start|p1a: Raging Bolt|Salt Cure
|
|-heal|p1a: Raging Bolt|95/100|[from] Grassy Terrain
|-heal|p2a: Garganacl|25/100|[from] Grassy Terrain
|-heal|p2a: Garganacl|31/100|[from] item: Leftovers
|-damage|p1a: Raging Bolt|82/100|[from] Salt Cure
|upkeep
|turn|4
|
|t:|1779962662
|-end|p1a: Raging Bolt|Protosynthesis|[silent]
|switch|p1a: Pelipper|Pelipper, F|100/100
|-weather|RainDance|[from] ability: Drizzle|[of] p1a: Pelipper
|move|p2a: Garganacl|Protect||[still]
|-fail|p2a: Garganacl
|
|-weather|RainDance|[upkeep]
|-heal|p2a: Garganacl|38/100|[from] Grassy Terrain
|-heal|p2a: Garganacl|44/100|[from] item: Leftovers
|upkeep
|turn|5
|
|t:|1779962668
|move|p2a: Garganacl|Protect|p2a: Garganacl
|-singleturn|p2a: Garganacl|Protect
|move|p1a: Pelipper|U-turn|p2a: Garganacl
|-activate|p2a: Garganacl|move: Protect
|
|-weather|RainDance|[upkeep]
|-heal|p2a: Garganacl|50/100|[from] Grassy Terrain
|-heal|p2a: Garganacl|56/100|[from] item: Leftovers
|upkeep
|turn|6
|
|t:|1779962674
|switch|p2a: Zapdos|Zapdos|100/100
|move|p1a: Pelipper|Weather Ball|p2a: Zapdos
|-damage|p2a: Zapdos|49/100
|
|-weather|RainDance|[upkeep]
|upkeep
|turn|7
|
|t:|1779962685
|switch|p1a: Iron Treads|Iron Treads|100/100
|-enditem|p1a: Iron Treads|Booster Energy
|-activate|p1a: Iron Treads|ability: Quark Drive|[fromitem]
|-start|p1a: Iron Treads|quarkdrivespe
|move|p2a: Zapdos|U-turn|p1a: Iron Treads
|-resisted|p1a: Iron Treads
|-damage|p1a: Iron Treads|96/100
|
|t:|1779962688
|switch|p2a: Breloom|Breloom, F|100/100|[from] U-turn
|
|-weather|RainDance|[upkeep]
|-heal|p1a: Iron Treads|100/100|[from] Grassy Terrain
|upkeep
|turn|8
|
|t:|1779962708
|-end|p1a: Iron Treads|Quark Drive|[silent]
|switch|p1a: Bruxish|Bruxish, M|100/100
|move|p2a: Breloom|Bullet Seed|p1a: Bruxish
|-supereffective|p1a: Bruxish
|-damage|p1a: Bruxish|0 fnt
|faint|p1a: Bruxish
|-hitcount|p1: Bruxish|1
|
|-weather|RainDance|[upkeep]
|-fieldend|move: Grassy Terrain
|upkeep
|
|t:|1779962711
|switch|p1a: Overqwil|Overqwil, F|100/100
|turn|9
|
|t:|1779962714
|switch|p2a: Garchomp|Garchomp, M|100/100
|move|p1a: Overqwil|Gunk Shot|p2a: Garchomp
|-resisted|p2a: Garchomp
|-damage|p2a: Garchomp|78/100
|-status|p2a: Garchomp|psn
|-damage|p1a: Overqwil|91/100|[from] item: Life Orb
|
|-weather|RainDance|[upkeep]
|-damage|p2a: Garchomp|66/100 psn|[from] psn
|upkeep
|turn|10
|
|t:|1779962721
|switch|p1a: Manaphy|Manaphy|100/100
|move|p2a: Garchomp|Stealth Rock|p1a: Manaphy
|-sidestart|p1: mogulmoves1|move: Stealth Rock
|
|-weather|RainDance|[upkeep]
|-damage|p2a: Garchomp|53/100 psn|[from] psn
|upkeep
|turn|11
|
|t:|1779962729
|move|p1a: Manaphy|Tail Glow|p1a: Manaphy
|-boost|p1a: Manaphy|spa|3
|move|p2a: Garchomp|Dragon Tail|p1a: Manaphy
|-damage|p1a: Manaphy|77/100
|drag|p1a: Raging Bolt|Raging Bolt|82/100
|-damage|p1a: Raging Bolt|70/100|[from] Stealth Rock
|
|-weather|none
|-damage|p2a: Garchomp|41/100 psn|[from] psn
|upkeep
|turn|12
|inactive|LUPIIT has 120 seconds left.
|-message|mogulmoves1 forfeited.
|
|win|LUPIIT
|raw|mogulmoves1's rating: 1428 &rarr; <strong>1403</strong><br />(-25 for losing)
|raw|LUPIIT's rating: 1337 &rarr; <strong>1362</strong><br />(+25 for winning)
|l|☆mogulmoves1
|player|p1|
|l|☆LUPIIT
|player|p2|
