|j|☆karothis
|j|☆sinn6r
|t:|1779856954
|gametype|singles
|player|p1|karothis|101|1279
|player|p2|sinn6r|psychic-gen4|1314
|gen|9
|tier|[Gen 9] OU
|rated|
|rule|HP Percentage Mod: HP is shown in percentages
|rule|Endless Battle Clause: Forcing endless battles is banned
|rule|Species Clause: Limit one of each Pokémon
|rule|OHKO Clause: OHKO moves are banned
|rule|Evasion Items Clause: Evasion items are banned
|rule|Evasion Moves Clause: Evasion moves are banned
|rule|Evasion Abilities Clause: Evasion abilities are banned
|rule|Sleep Moves Clause: Sleep-inducing moves are banned
|clearpoke
|poke|p1|Quagsire, M|
|poke|p1|Toxapex, M|
|poke|p1|Blissey, F|
|poke|p1|Corviknight, M|
|poke|p1|Clefable, F|
|poke|p1|Hydrapple, F|
|poke|p2|Mew|
|poke|p2|Zapdos|
|poke|p2|Moltres|
|poke|p2|Iron Treads|
|poke|p2|Dragapult, F|
|poke|p2|Ogerpon-Wellspring, F|
|teampreview
|inactive|Battle timer is ON: inactive players will automatically lose when time's up. (requested by sinn6r)
|
|t:|1779856975
|teamsize|p1|6
|teamsize|p2|6
|start
|switch|p1a: Hydrapple|Hydrapple, F|100/100
|switch|p2a: Moltres|Moltres|100/100
|turn|1
|
|t:|1779856986
|switch|p2a: Zapdos|Zapdos|100/100
|move|p1a: Hydrapple|Hydro Pump|p2a: Zapdos
|-damage|p2a: Zapdos|39/100
|
|upkeep
|turn|2
|inactive|sinn6r has 120 seconds left.
|
|t:|1779857018
|switch|p2a: Ogerpon|Ogerpon-Wellspring, F|100/100
|switch|p1a: Blissey|Blissey, F|100/100
|
|upkeep
|turn|3
|
|t:|1779857024
|switch|p1a: Hydrapple|Hydrapple, F|100/100
|move|p2a: Ogerpon|Ivy Cudgel|p1a: Hydrapple|[anim] Ivy Cudgel Water
|-resisted|p1a: Hydrapple
|-damage|p1a: Hydrapple|89/100
|
|upkeep
|turn|4
|inactive|sinn6r has 120 seconds left.
|
|t:|1779857041
|move|p2a: Ogerpon|Play Rough|p1a: Hydrapple
|-supereffective|p1a: Hydrapple
|-damage|p1a: Hydrapple|39/100
|-unboost|p1a: Hydrapple|atk|1
|move|p1a: Hydrapple|Draco Meteor|p2a: Ogerpon
|-damage|p2a: Ogerpon|0 fnt
|-unboost|p1a: Hydrapple|spa|2
|faint|p2a: Ogerpon
|
|upkeep
|inactive|sinn6r has 120 seconds left.
|
|t:|1779857050
|switch|p2a: Mew|Mew, shiny|100/100
|turn|5
|
|t:|1779857054
|switch|p1a: Toxapex|Toxapex, M|100/100
|move|p2a: Mew|Nasty Plot|p2a: Mew
|-boost|p2a: Mew|spa|2
|
|upkeep
|turn|6
|
|t:|1779857058
|switch|p2a: Iron Treads|Iron Treads|100/100
|move|p1a: Toxapex|Toxic|p2a: Iron Treads
|-immune|p2a: Iron Treads
|
|upkeep
|turn|7
|
|t:|1779857061
|switch|p1a: Corviknight|Corviknight, M|100/100
|move|p2a: Iron Treads|Stealth Rock|p1a: Corviknight
|-sidestart|p1: karothis|move: Stealth Rock
|
|upkeep
|turn|8
|
|t:|1779857063
|move|p2a: Iron Treads|Knock Off|p1a: Corviknight
|-damage|p1a: Corviknight|85/100
|-enditem|p1a: Corviknight|Heavy-Duty Boots|[from] move: Knock Off|[of] p2a: Iron Treads
|move|p1a: Corviknight|Defog|p2a: Iron Treads
|-unboost|p2a: Iron Treads|evasion|1
|-sideend|p1: karothis|Stealth Rock|[from] move: Defog|[of] p1a: Corviknight
|
|upkeep
|turn|9
|
|t:|1779857068
|move|p2a: Iron Treads|Stealth Rock|p1a: Corviknight
|-sidestart|p1: karothis|move: Stealth Rock
|move|p1a: Corviknight|Body Press|p2a: Iron Treads
|-supereffective|p2a: Iron Treads
|-damage|p2a: Iron Treads|62/100
|
|-heal|p2a: Iron Treads|68/100|[from] item: Leftovers
|upkeep
|turn|10
|
|t:|1779857072
|-end|p2a: Iron Treads|Quark Drive|[silent]
|switch|p2a: Moltres|Moltres|100/100
|move|p1a: Corviknight|Defog|p2a: Moltres
|-unboost|p2a: Moltres|evasion|1
|-sideend|p1: karothis|Stealth Rock|[from] move: Defog|[of] p1a: Corviknight
|
|upkeep
|turn|11
|
|t:|1779857080
|-terastallize|p1a: Corviknight|Flying
|move|p2a: Moltres|Will-O-Wisp|p1a: Corviknight
|-status|p1a: Corviknight|brn
|move|p1a: Corviknight|Brave Bird|p2a: Moltres
|-damage|p2a: Moltres|78/100
|-damage|p1a: Corviknight|78/100 brn|[from] Recoil
|
|-damage|p1a: Corviknight|72/100 brn|[from] brn
|upkeep
|turn|12
|
|t:|1779857097
|switch|p1a: Quagsire|Quagsire, M|100/100
|move|p2a: Moltres|Roar|p1a: Quagsire
|drag|p1a: Corviknight|Corviknight, M, tera:Flying|72/100 brn
|
|-damage|p1a: Corviknight|66/100 brn|[from] brn
|upkeep
|turn|13
|
|t:|1779857102
|move|p2a: Moltres|Flamethrower|p1a: Corviknight
|-damage|p1a: Corviknight|29/100 brn
|move|p1a: Corviknight|Roost|p1a: Corviknight
|-heal|p1a: Corviknight|79/100 brn
|-hint|If a Terastallized Pokemon uses Roost, it remains Flying-type.
|
|-damage|p1a: Corviknight|73/100 brn|[from] brn
|upkeep
|turn|14
|
|t:|1779857112
|switch|p2a: Zapdos|Zapdos|39/100
|move|p1a: Corviknight|Brave Bird|p2a: Zapdos
|-resisted|p2a: Zapdos
|-damage|p2a: Zapdos|31/100
|-damage|p1a: Corviknight|70/100 brn|[from] Recoil
|
|-damage|p1a: Corviknight|64/100 brn|[from] brn
|upkeep
|turn|15
|
|t:|1779857117
|switch|p1a: Blissey|Blissey, F|100/100
|move|p2a: Zapdos|Roost|p2a: Zapdos
|-heal|p2a: Zapdos|81/100
|-singleturn|p2a: Zapdos|move: Roost
|
|upkeep
|turn|16
|inactive|sinn6r has 120 seconds left.
|
|t:|1779857169
|move|p2a: Zapdos|Volt Switch|p1a: Blissey
|-damage|p1a: Blissey|90/100
|-enditem|p1a: Blissey|Red Card|[of] p2a: Zapdos
|drag|p2a: Dragapult|Dragapult, F, shiny|100/100
|move|p1a: Blissey|Heal Bell|p1a: Blissey
|-activate|p1a: Blissey|move: Heal Bell
|-curestatus|p1: Corviknight|brn|[msg]
|
|upkeep
|turn|17
|
|t:|1779857185
|switch|p2a: Iron Treads|Iron Treads|68/100
|move|p1a: Blissey|Stealth Rock|p2a: Iron Treads
|-sidestart|p2: sinn6r|move: Stealth Rock
|
|-heal|p2a: Iron Treads|74/100|[from] item: Leftovers
|upkeep
|turn|18
|
|t:|1779857192
|switch|p1a: Corviknight|Corviknight, M, tera:Flying|64/100
|move|p2a: Iron Treads|Earthquake|p1a: Corviknight
|-immune|p1a: Corviknight
|
|-heal|p2a: Iron Treads|80/100|[from] item: Leftovers
|upkeep
|turn|19
|
|t:|1779857202
|move|p2a: Iron Treads|Stealth Rock|p1a: Corviknight
|-sidestart|p1: karothis|move: Stealth Rock
|move|p1a: Corviknight|Body Press|p2a: Iron Treads
|-supereffective|p2a: Iron Treads
|-damage|p2a: Iron Treads|46/100
|
|-heal|p2a: Iron Treads|52/100|[from] item: Leftovers
|upkeep
|turn|20
|
|t:|1779857207
|move|p2a: Iron Treads|Rapid Spin|p1a: Corviknight
|-damage|p1a: Corviknight|56/100
|-boost|p2a: Iron Treads|spe|1
|-sideend|p2: sinn6r|Stealth Rock|[from] move: Rapid Spin|[of] p2a: Iron Treads
|move|p1a: Corviknight|Defog|p2a: Iron Treads
|-unboost|p2a: Iron Treads|evasion|1
|-sideend|p1: karothis|Stealth Rock|[from] move: Defog|[of] p1a: Corviknight
|
|-heal|p2a: Iron Treads|58/100|[from] item: Leftovers
|upkeep
|turn|21
|
|t:|1779857211
|-end|p2a: Iron Treads|Quark Drive|[silent]
|switch|p2a: Zapdos|Zapdos|81/100
|move|p1a: Corviknight|Roost|p1a: Corviknight
|-heal|p1a: Corviknight|100/100
|-hint|If a Terastallized Pokemon uses Roost, it remains Flying-type.
|
|upkeep
|turn|22
|
|t:|1779857217
|switch|p1a: Blissey|Blissey, F|90/100
|move|p2a: Zapdos|Roost|p2a: Zapdos
|-heal|p2a: Zapdos|100/100
|-singleturn|p2a: Zapdos|move: Roost
|
|upkeep
|turn|23
|
|t:|1779857224
|move|p2a: Zapdos|Hurricane|p1a: Blissey
|-damage|p1a: Blissey|75/100
|-start|p1a: Blissey|confusion
|-activate|p1a: Blissey|confusion
|move|p1a: Blissey|Seismic Toss|p2a: Zapdos
|-damage|p2a: Zapdos|74/100
|
|upkeep
|turn|24
|
|t:|1779857232
|move|p2a: Zapdos|Hurricane|p1a: Blissey
|-damage|p1a: Blissey|59/100
|-activate|p1a: Blissey|confusion
|move|p1a: Blissey|Seismic Toss|p2a: Zapdos
|-damage|p2a: Zapdos|48/100
|
|upkeep
|turn|25
|
|t:|1779857237
|move|p2a: Zapdos|Roost|p2a: Zapdos
|-heal|p2a: Zapdos|98/100
|-singleturn|p2a: Zapdos|move: Roost
|-end|p1a: Blissey|confusion
|move|p1a: Blissey|Soft-Boiled|p1a: Blissey
|-heal|p1a: Blissey|100/100
|
|upkeep
|turn|26
|
|t:|1779857246
|move|p2a: Zapdos|Volt Switch|p1a: Blissey
|-damage|p1a: Blissey|91/100
|
|t:|1779857250
|switch|p2a: Moltres|Moltres|78/100|[from] Volt Switch
|move|p1a: Blissey|Seismic Toss|p2a: Moltres
|-damage|p2a: Moltres|51/100
|
|upkeep
|turn|27
|
|t:|1779857255
|move|p2a: Moltres|Roost|p2a: Moltres
|-heal|p2a: Moltres|100/100
|-singleturn|p2a: Moltres|move: Roost
|move|p1a: Blissey|Seismic Toss|p2a: Moltres
|-damage|p2a: Moltres|74/100
|
|upkeep
|turn|28
|
|t:|1779857261
|switch|p2a: Iron Treads|Iron Treads|58/100
|move|p1a: Blissey|Seismic Toss|p2a: Iron Treads
|-damage|p2a: Iron Treads|32/100
|
|-heal|p2a: Iron Treads|38/100|[from] item: Leftovers
|upkeep
|turn|29
|
|t:|1779857266
|switch|p1a: Corviknight|Corviknight, M, tera:Flying|100/100
|move|p2a: Iron Treads|Stealth Rock|p1a: Corviknight
|-sidestart|p1: karothis|move: Stealth Rock
|
|-heal|p2a: Iron Treads|44/100|[from] item: Leftovers
|upkeep
|turn|30
|
|t:|1779857272
|-end|p2a: Iron Treads|Quark Drive|[silent]
|switch|p2a: Zapdos|Zapdos|98/100
|move|p1a: Corviknight|Brave Bird|p2a: Zapdos
|-resisted|p2a: Zapdos
|-damage|p2a: Zapdos|81/100
|-status|p1a: Corviknight|par|[from] ability: Static|[of] p2a: Zapdos
|-damage|p1a: Corviknight|95/100 par|[from] Recoil
|
|upkeep
|turn|31
|
|t:|1779857277
|move|p2a: Zapdos|Volt Switch|p1a: Corviknight
|-supereffective|p1a: Corviknight
|-damage|p1a: Corviknight|41/100 par
|inactive|sinn6r has 120 seconds left.
|
|t:|1779857309
|switch|p2a: Mew|Mew, shiny|100/100|[from] Volt Switch
|move|p1a: Corviknight|Defog|p2a: Mew
|-unboost|p2a: Mew|evasion|1
|-sideend|p1: karothis|Stealth Rock|[from] move: Defog|[of] p1a: Corviknight
|
|upkeep
|turn|32
|
|t:|1779857328
|switch|p1a: Toxapex|Toxapex, M|100/100
|move|p2a: Mew|Nasty Plot|p2a: Mew
|-boost|p2a: Mew|spa|2
|
|upkeep
|turn|33
|
|t:|1779857333
|move|p2a: Mew|Dark Pulse|p1a: Toxapex
|-damage|p1a: Toxapex|69/100
|move|p1a: Toxapex|Toxic|p2a: Mew
|-status|p2a: Mew|tox
|-activate|p2a: Mew|ability: Synchronize
|-immune|p1a: Toxapex
|
|-heal|p1a: Toxapex|75/100|[from] item: Black Sludge
|-damage|p2a: Mew|94/100 tox|[from] psn
|upkeep
|turn|34
|
|t:|1779857340
|move|p2a: Mew|Dark Pulse|p1a: Toxapex
|-damage|p1a: Toxapex|41/100
|move|p1a: Toxapex|Haze|p1a: Toxapex
|-clearallboost
|
|-heal|p2a: Mew|100/100 tox|[from] item: Leftovers
|-heal|p1a: Toxapex|47/100|[from] item: Black Sludge
|-damage|p2a: Mew|88/100 tox|[from] psn
|upkeep
|turn|35
|
|t:|1779857349
|switch|p2a: Zapdos|Zapdos|81/100
|move|p1a: Toxapex|Recover|p1a: Toxapex
|-heal|p1a: Toxapex|97/100
|
|-heal|p1a: Toxapex|100/100|[from] item: Black Sludge
|upkeep
|turn|36
|
|t:|1779857352
|move|p2a: Zapdos|Thunder Wave|p1a: Toxapex
|-status|p1a: Toxapex|par
|cant|p1a: Toxapex|par
|
|upkeep
|turn|37
|
|t:|1779857357
|move|p2a: Zapdos|Volt Switch|p1a: Toxapex
|-supereffective|p1a: Toxapex
|-damage|p1a: Toxapex|56/100 par
|
|t:|1779857360
|switch|p2a: Iron Treads|Iron Treads|44/100|[from] Volt Switch
|cant|p1a: Toxapex|par
|
|-heal|p2a: Iron Treads|50/100|[from] item: Leftovers
|-heal|p1a: Toxapex|63/100 par|[from] item: Black Sludge
|upkeep
|turn|38
|
|t:|1779857363
|switch|p1a: Corviknight|Corviknight, M, tera:Flying|41/100 par
|move|p2a: Iron Treads|Earthquake|p1a: Corviknight
|-immune|p1a: Corviknight
|
|-heal|p2a: Iron Treads|56/100|[from] item: Leftovers
|upkeep
|turn|39
|
|t:|1779857370
|move|p2a: Iron Treads|Stealth Rock|p1a: Corviknight
|-sidestart|p1: karothis|move: Stealth Rock
|move|p1a: Corviknight|Roost|p1a: Corviknight
|-heal|p1a: Corviknight|91/100 par
|-hint|If a Terastallized Pokemon uses Roost, it remains Flying-type.
|
|-heal|p2a: Iron Treads|62/100|[from] item: Leftovers
|upkeep
|turn|40
|
|t:|1779857376
|-end|p2a: Iron Treads|Quark Drive|[silent]
|switch|p2a: Moltres|Moltres|74/100
|cant|p1a: Corviknight|par
|
|upkeep
|turn|41
|
|t:|1779857387
|move|p2a: Moltres|Flamethrower|p1a: Corviknight
|-damage|p1a: Corviknight|57/100 par
|move|p1a: Corviknight|Defog|p2a: Moltres
|-unboost|p2a: Moltres|evasion|1
|-sideend|p1: karothis|Stealth Rock|[from] move: Defog|[of] p1a: Corviknight
|
|upkeep
|turn|42
|
|t:|1779857392
|move|p2a: Moltres|Flamethrower|p1a: Corviknight
|-damage|p1a: Corviknight|24/100 par
|move|p1a: Corviknight|Roost|p1a: Corviknight
|-heal|p1a: Corviknight|74/100 par
|-hint|If a Terastallized Pokemon uses Roost, it remains Flying-type.
|
|upkeep
|turn|43
|
|t:|1779857396
|move|p2a: Moltres|Flamethrower|p1a: Corviknight
|-damage|p1a: Corviknight|39/100 par
|move|p1a: Corviknight|Brave Bird|p2a: Moltres
|-damage|p2a: Moltres|27/100
|-damage|p1a: Corviknight|24/100 par|[from] Recoil
|
|upkeep
|turn|44
|
|t:|1779857399
|move|p2a: Moltres|Flamethrower|p1a: Corviknight
|-damage|p1a: Corviknight|0 fnt
|faint|p1a: Corviknight
|
|upkeep
|
|t:|1779857403
|switch|p1a: Hydrapple|Hydrapple, F|73/100
|turn|45
|
|t:|1779857408
|-terastallize|p2a: Moltres|Fairy
|move|p2a: Moltres|Roost|p2a: Moltres
|-heal|p2a: Moltres|77/100
|move|p1a: Hydrapple|Draco Meteor|p2a: Moltres
|-immune|p2a: Moltres
|
|upkeep
|turn|46
|
|t:|1779857415
|switch|p1a: Clefable|Clefable, F|100/100
|move|p2a: Moltres|Will-O-Wisp|p1a: Clefable
|-status|p1a: Clefable|brn
|
|-damage|p1a: Clefable|94/100 brn|[from] brn
|upkeep
|turn|47
|
|t:|1779857420
|move|p2a: Moltres|Flamethrower|p1a: Clefable
|-damage|p1a: Clefable|65/100 brn
|move|p1a: Clefable|Flamethrower|p2a: Moltres
|-damage|p2a: Moltres|62/100
|
|-heal|p1a: Clefable|72/100 brn|[from] item: Leftovers
|-damage|p1a: Clefable|65/100 brn|[from] brn
|upkeep
|turn|48
|
|t:|1779857424
|move|p2a: Moltres|Flamethrower|p1a: Clefable
|-damage|p1a: Clefable|32/100 brn
|move|p1a: Clefable|Moonlight|p1a: Clefable
|-heal|p1a: Clefable|82/100 brn
|
|-heal|p1a: Clefable|89/100 brn|[from] item: Leftovers
|-damage|p1a: Clefable|82/100 brn|[from] brn
|upkeep
|turn|49
|
|t:|1779857431
|switch|p2a: Zapdos|Zapdos|81/100
|move|p1a: Clefable|Calm Mind|p1a: Clefable
|-boost|p1a: Clefable|spa|1
|-boost|p1a: Clefable|spd|1
|
|-heal|p1a: Clefable|89/100 brn|[from] item: Leftovers
|-damage|p1a: Clefable|82/100 brn|[from] brn
|upkeep
|turn|50
|
|t:|1779857436
|move|p2a: Zapdos|Hurricane|p1a: Clefable
|-damage|p1a: Clefable|58/100 brn
|move|p1a: Clefable|Calm Mind|p1a: Clefable
|-boost|p1a: Clefable|spa|1
|-boost|p1a: Clefable|spd|1
|
|-heal|p1a: Clefable|64/100 brn|[from] item: Leftovers
|-damage|p1a: Clefable|58/100 brn|[from] brn
|upkeep
|turn|51
|
|t:|1779857440
|move|p2a: Zapdos|Hurricane|p1a: Clefable
|-damage|p1a: Clefable|40/100 brn
|move|p1a: Clefable|Moonlight|p1a: Clefable
|-heal|p1a: Clefable|90/100 brn
|
|-heal|p1a: Clefable|96/100 brn|[from] item: Leftovers
|-damage|p1a: Clefable|90/100 brn|[from] brn
|upkeep
|turn|52
|
|t:|1779857446
|switch|p2a: Moltres|Moltres, tera:Fairy|62/100
|move|p1a: Clefable|Moonblast|p2a: Moltres
|-crit|p2a: Moltres
|-damage|p2a: Moltres|0 fnt
|faint|p2a: Moltres
|
|-heal|p1a: Clefable|96/100 brn|[from] item: Leftovers
|-damage|p1a: Clefable|90/100 brn|[from] brn
|upkeep
|-message|sinn6r forfeited.
|
|win|karothis
|raw|karothis's rating: 1279 &rarr; <strong>1307</strong><br />(+28 for winning)
|raw|sinn6r's rating: 1314 &rarr; <strong>1292</strong><br />(-22 for losing)
|l|☆sinn6r
|player|p2|
|l|☆karothis
|player|p1|
