|j|☆Kuevo92
|j|☆dragacannon15555
|t:|1779961371
|gametype|singles
|player|p1|Kuevo92|cyrus|1158
|player|p2|dragacannon15555|n|1179
|gen|9
|tier|[Gen 9] OU
|rated|
|rule|HP Percentage Mod: HP is shown in percentages
|rule|Endless Battle Clause: Forcing endless battles is banned
|rule|Species Clause: Limit one of each Pokémon
|rule|OHKO Clause: OHKO moves are banned
|rule|Evasion Items Clause: Evasion items are banned
|rule|Evasion Moves Clause: Evasion moves are banned
|rule|Evasion Abilities Clause: Evasion abilities are banned
|rule|Sleep Moves Clause: Sleep-inducing moves are banned
|clearpoke
|poke|p1|Gyarados, M|
|poke|p1|Clodsire, M|
|poke|p1|Hippowdon, F|
|poke|p1|Excadrill, M|
|poke|p1|Keldeo-Resolute|
|poke|p1|Lokix, F|
|poke|p2|Meowscarada, F|
|poke|p2|Ogerpon-Wellspring, F|
|poke|p2|Zamazenta-*|
|poke|p2|Kyurem|
|poke|p2|Garganacl, F|
|poke|p2|Weezing-Galar, M|
|teampreview
|inactive|Battle timer is ON: inactive players will automatically lose when time's up. (requested by Kuevo92)
|
|t:|1779961385
|teamsize|p1|6
|teamsize|p2|6
|start
|switch|p1a: Lokix|Lokix, F|100/100
|switch|p2a: Kyurem|Kyurem|100/100
|-ability|p2a: Kyurem|Pressure
|turn|1
|inactive|Kuevo92 has 120 seconds left.
|
|t:|1779961426
|switch|p2a: Garganacl|Garganacl, F|100/100
|move|p1a: Lokix|U-turn|p2a: Garganacl
|-damage|p2a: Garganacl|70/100
|-damage|p1a: Lokix|91/100|[from] item: Life Orb
|
|t:|1779961433
|switch|p1a: Keldeo|Keldeo-Resolute|100/100|[from] U-turn
|
|upkeep
|turn|2
|
|t:|1779961446
|switch|p2a: Weezing|Weezing-Galar, M|100/100
|move|p1a: Keldeo|Calm Mind|p1a: Keldeo
|-boost|p1a: Keldeo|spa|1
|-boost|p1a: Keldeo|spd|1
|
|upkeep
|turn|3
|inactive|Kuevo92 has 120 seconds left.
|
|t:|1779961458
|move|p1a: Keldeo|Calm Mind|p1a: Keldeo
|-boost|p1a: Keldeo|spa|1
|-boost|p1a: Keldeo|spd|1
|move|p2a: Weezing|Toxic|p1a: Keldeo
|-status|p1a: Keldeo|tox
|
|-damage|p1a: Keldeo|94/100 tox|[from] psn
|upkeep
|turn|4
|
|t:|1779961463
|move|p1a: Keldeo|Surf|p2a: Weezing
|-damage|p2a: Weezing|1/100
|move|p2a: Weezing|Clear Smog|p1a: Keldeo
|-damage|p1a: Keldeo|87/100 tox
|-clearboost|p1a: Keldeo
|
|-heal|p1a: Keldeo|93/100 tox|[from] item: Leftovers
|-damage|p1a: Keldeo|80/100 tox|[from] psn
|upkeep
|turn|5
|
|t:|1779961472
|switch|p2a: Ogerpon|Ogerpon-Wellspring, F|100/100
|move|p1a: Keldeo|Surf|p2a: Ogerpon
|-immune|p2a: Ogerpon|[from] ability: Water Absorb
|
|-heal|p1a: Keldeo|87/100 tox|[from] item: Leftovers
|-damage|p1a: Keldeo|68/100 tox|[from] psn
|upkeep
|turn|6
|
|t:|1779961487
|switch|p1a: Clodsire|Clodsire, M|100/100
|move|p2a: Ogerpon|Horn Leech|p1a: Clodsire
|-damage|p1a: Clodsire|51/100
|
|-heal|p1a: Clodsire|58/100|[from] item: Black Sludge
|upkeep
|turn|7
|
|t:|1779961499
|move|p2a: Ogerpon|Ivy Cudgel|p1a: Clodsire|[anim] Ivy Cudgel Water
|-heal|p1a: Clodsire|83/100|[from] ability: Water Absorb|[of] p2a: Ogerpon
|move|p1a: Clodsire|Poison Jab|p2a: Ogerpon
|-supereffective|p2a: Ogerpon
|-damage|p2a: Ogerpon|40/100
|-status|p2a: Ogerpon|psn
|
|-heal|p1a: Clodsire|89/100|[from] item: Black Sludge
|-damage|p2a: Ogerpon|28/100 psn|[from] psn
|upkeep
|turn|8
|
|t:|1779961509
|move|p2a: Ogerpon|Horn Leech|p1a: Clodsire
|-damage|p1a: Clodsire|36/100
|-heal|p2a: Ogerpon|69/100 psn|[from] drain|[of] p1a: Clodsire
|move|p1a: Clodsire|Stealth Rock|p2a: Ogerpon
|-sidestart|p2: dragacannon15555|move: Stealth Rock
|
|-heal|p1a: Clodsire|42/100|[from] item: Black Sludge
|-damage|p2a: Ogerpon|56/100 psn|[from] psn
|upkeep
|turn|9
|
|t:|1779961518
|-terastallize|p1a: Clodsire|Poison
|move|p2a: Ogerpon|Horn Leech|p1a: Clodsire
|-resisted|p1a: Clodsire
|-damage|p1a: Clodsire|19/100
|-heal|p2a: Ogerpon|74/100 psn|[from] drain|[of] p1a: Clodsire
|move|p1a: Clodsire|Recover|p1a: Clodsire
|-heal|p1a: Clodsire|69/100
|
|-heal|p1a: Clodsire|75/100|[from] item: Black Sludge
|-damage|p2a: Ogerpon|62/100 psn|[from] psn
|upkeep
|turn|10
|
|t:|1779961531
|switch|p2a: Garganacl|Garganacl, F|70/100
|-damage|p2a: Garganacl|58/100|[from] Stealth Rock
|move|p1a: Clodsire|Poison Jab|p2a: Garganacl
|-resisted|p2a: Garganacl
|-damage|p2a: Garganacl|48/100
|
|-heal|p1a: Clodsire|81/100|[from] item: Black Sludge
|upkeep
|turn|11
|
|t:|1779961542
|move|p2a: Garganacl|Salt Cure|p1a: Clodsire
|-damage|p1a: Clodsire|61/100
|-start|p1a: Clodsire|Salt Cure
|move|p1a: Clodsire|Earthquake|p2a: Garganacl
|-supereffective|p2a: Garganacl
|-damage|p2a: Garganacl|10/100
|
|-heal|p1a: Clodsire|67/100|[from] item: Black Sludge
|-damage|p1a: Clodsire|54/100|[from] Salt Cure
|upkeep
|turn|12
|
|t:|1779961559
|switch|p2a: Meowscarada|Meowscarada, F, shiny|100/100
|-damage|p2a: Meowscarada|88/100|[from] Stealth Rock
|switch|p1a: Gyarados|Gyarados, M|100/100
|
|upkeep
|turn|13
|
|t:|1779961571
|switch|p1a: Clodsire|Clodsire, M, tera:Poison|54/100
|move|p2a: Meowscarada|Triple Axel|p1a: Clodsire
|-start|p2a: Meowscarada|typechange|Ice|[from] ability: Protean
|-damage|p1a: Clodsire|43/100
|-damage|p1a: Clodsire|24/100
|-damage|p1a: Clodsire|0 fnt
|faint|p1a: Clodsire
|-hitcount|p1: Clodsire|3
|
|upkeep
|
|t:|1779961578
|switch|p1a: Lokix|Lokix, F|91/100
|turn|14
|
|t:|1779961585
|move|p1a: Lokix|First Impression|p2a: Meowscarada
|-damage|p2a: Meowscarada|0 fnt
|faint|p2a: Meowscarada
|-damage|p1a: Lokix|81/100|[from] item: Life Orb
|
|upkeep
|
|t:|1779961591
|switch|p2a: Garganacl|Garganacl, F|10/100
|-damage|p2a: Garganacl|0 fnt|[from] Stealth Rock
|faint|p2a: Garganacl
|
|t:|1779961605
|switch|p2a: Zamazenta|Zamazenta|100/100
|-damage|p2a: Zamazenta|94/100|[from] Stealth Rock
|-ability|p2a: Zamazenta|Dauntless Shield|boost
|-boost|p2a: Zamazenta|def|1
|turn|15
|
|t:|1779961615
|switch|p1a: Hippowdon|Hippowdon, F|100/100
|-weather|Sandstorm|[from] ability: Sand Stream|[of] p1a: Hippowdon
|move|p2a: Zamazenta|Iron Defense|p2a: Zamazenta
|-boost|p2a: Zamazenta|def|2
|
|-weather|Sandstorm|[upkeep]
|-damage|p2a: Zamazenta|88/100|[from] Sandstorm
|-heal|p2a: Zamazenta|94/100|[from] item: Leftovers
|upkeep
|turn|16
|
|t:|1779961621
|move|p2a: Zamazenta|Substitute|p2a: Zamazenta
|-start|p2a: Zamazenta|Substitute
|-damage|p2a: Zamazenta|70/100
|move|p1a: Hippowdon|Whirlwind|p2a: Zamazenta
|drag|p2a: Weezing|Weezing-Galar, M|1/100
|-damage|p2a: Weezing|0 fnt|[from] Stealth Rock
|faint|p2a: Weezing
|
|-weather|Sandstorm|[upkeep]
|upkeep
|
|t:|1779961629
|switch|p2a: Ogerpon|Ogerpon-Wellspring, F|62/100 psn
|-damage|p2a: Ogerpon|50/100 psn|[from] Stealth Rock
|turn|17
|inactive|Kuevo92 has 120 seconds left.
|inactive|Kuevo92 has 90 seconds left.
|
|t:|1779961712
|move|p2a: Ogerpon|Horn Leech|p1a: Hippowdon
|-supereffective|p1a: Hippowdon
|-damage|p1a: Hippowdon|53/100
|-heal|p2a: Ogerpon|81/100 psn|[from] drain|[of] p1a: Hippowdon
|-damage|p2a: Ogerpon|64/100 psn|[from] item: Rocky Helmet|[of] p1a: Hippowdon
|move|p1a: Hippowdon|Stone Edge|p2a: Ogerpon
|-damage|p2a: Ogerpon|25/100 psn
|
|-weather|Sandstorm|[upkeep]
|-damage|p2a: Ogerpon|19/100 psn|[from] Sandstorm
|-damage|p2a: Ogerpon|6/100 psn|[from] psn
|upkeep
|turn|18
|inactive|dragacannon15555 has 120 seconds left.
|
|t:|1779961749
|switch|p1a: Lokix|Lokix, F|81/100
|move|p2a: Ogerpon|Power Whip|p1a: Lokix
|-resisted|p1a: Lokix
|-damage|p1a: Lokix|40/100
|
|-weather|Sandstorm|[upkeep]
|-damage|p2a: Ogerpon|0 fnt|[from] Sandstorm
|-damage|p1a: Lokix|33/100|[from] Sandstorm
|faint|p2a: Ogerpon
|upkeep
|
|t:|1779961764
|switch|p2a: Zamazenta|Zamazenta|70/100
|-damage|p2a: Zamazenta|63/100|[from] Stealth Rock
|turn|19
|
|t:|1779961772
|switch|p1a: Hippowdon|Hippowdon, F|53/100
|move|p2a: Zamazenta|Iron Defense|p2a: Zamazenta
|-boost|p2a: Zamazenta|def|2
|
|-weather|none
|-heal|p2a: Zamazenta|70/100|[from] item: Leftovers
|upkeep
|turn|20
|inactive|Kuevo92 has 90 seconds left.
|
|t:|1779961777
|move|p2a: Zamazenta|Body Press|p1a: Hippowdon
|-damage|p1a: Hippowdon|8/100
|-damage|p2a: Zamazenta|53/100|[from] item: Rocky Helmet|[of] p1a: Hippowdon
|move|p1a: Hippowdon|Slack Off|p1a: Hippowdon
|-heal|p1a: Hippowdon|58/100
|
|-heal|p2a: Zamazenta|59/100|[from] item: Leftovers
|upkeep
|turn|21
|inactive|dragacannon15555 has 120 seconds left.
|
|t:|1779961798
|move|p2a: Zamazenta|Body Press|p1a: Hippowdon
|-damage|p1a: Hippowdon|9/100
|-damage|p2a: Zamazenta|43/100|[from] item: Rocky Helmet|[of] p1a: Hippowdon
|move|p1a: Hippowdon|Slack Off|p1a: Hippowdon
|-heal|p1a: Hippowdon|59/100
|
|-heal|p2a: Zamazenta|49/100|[from] item: Leftovers
|upkeep
|turn|22
|inactive|dragacannon15555 has 120 seconds left.
|
|t:|1779961805
|move|p2a: Zamazenta|Iron Defense|p2a: Zamazenta
|-boost|p2a: Zamazenta|def|2
|move|p1a: Hippowdon|Slack Off|p1a: Hippowdon
|-heal|p1a: Hippowdon|100/100
|
|-heal|p2a: Zamazenta|55/100|[from] item: Leftovers
|upkeep
|turn|23
|
|t:|1779961810
|move|p2a: Zamazenta|Body Press|p1a: Hippowdon
|-damage|p1a: Hippowdon|26/100
|-damage|p2a: Zamazenta|38/100|[from] item: Rocky Helmet|[of] p1a: Hippowdon
|move|p1a: Hippowdon|Whirlwind|p2a: Zamazenta
|drag|p2a: Kyurem|Kyurem|100/100
|-damage|p2a: Kyurem|76/100|[from] Stealth Rock
|-ability|p2a: Kyurem|Pressure
|
|upkeep
|turn|24
|
|t:|1779961823
|move|p2a: Kyurem|Ice Beam|p1a: Hippowdon
|-supereffective|p1a: Hippowdon
|-damage|p1a: Hippowdon|0 fnt
|faint|p1a: Hippowdon
|
|upkeep
|inactive|Kuevo92 has 120 seconds left.
|
|t:|1779961841
|switch|p1a: Excadrill|Excadrill, M|100/100
|turn|25
|inactive|Kuevo92 has 120 seconds left.
|
|t:|1779961855
|move|p1a: Excadrill|Rapid Spin|p2a: Kyurem
|-damage|p2a: Kyurem|52/100
|-boost|p1a: Excadrill|spe|1
|-damage|p1a: Excadrill|91/100|[from] item: Life Orb
|move|p2a: Kyurem|Earth Power|p1a: Excadrill
|-supereffective|p1a: Excadrill
|-damage|p1a: Excadrill|5/100
|
|upkeep
|turn|26
|
|t:|1779961869
|-terastallize|p2a: Kyurem|Ground
|move|p1a: Excadrill|Iron Head|p2a: Kyurem
|-damage|p2a: Kyurem|0 fnt
|faint|p2a: Kyurem
|-damage|p1a: Excadrill|0 fnt|[from] item: Life Orb
|faint|p1a: Excadrill
|
|upkeep
|inactive|Kuevo92 has 120 seconds left.
|
|t:|1779961880
|switch|p1a: Lokix|Lokix, F|33/100
|switch|p2a: Zamazenta|Zamazenta|38/100
|-damage|p2a: Zamazenta|32/100|[from] Stealth Rock
|turn|27
|
|t:|1779961887
|move|p1a: Lokix|First Impression|p2a: Zamazenta
|-resisted|p2a: Zamazenta
|-damage|p2a: Zamazenta|0 fnt
|faint|p2a: Zamazenta
|-damage|p1a: Lokix|24/100|[from] item: Life Orb
|
|win|Kuevo92
|raw|Kuevo92's rating: 1157 &rarr; <strong>1184</strong><br />(+27 for winning)
|raw|dragacannon15555's rating: 1179 &rarr; <strong>1152</strong><br />(-27 for losing)
|l|☆dragacannon15555
|player|p2|
|l|☆Kuevo92
|player|p1|
