|j|☆Lambaba
|j|☆roddyj
|t:|1779859100
|gametype|singles
|player|p1|Lambaba|hilbert-wonderlauncher|1466
|player|p2|roddyj|ethan|1522
|gen|9
|tier|[Gen 9] OU
|rated|
|rule|HP Percentage Mod: HP is shown in percentages
|rule|Endless Battle Clause: Forcing endless battles is banned
|rule|Species Clause: Limit one of each Pokémon
|rule|OHKO Clause: OHKO moves are banned
|rule|Evasion Items Clause: Evasion items are banned
|rule|Evasion Moves Clause: Evasion moves are banned
|rule|Evasion Abilities Clause: Evasion abilities are banned
|rule|Sleep Moves Clause: Sleep-inducing moves are banned
|clearpoke
|poke|p1|Zamazenta-*|
|poke|p1|Kingambit, F|
|poke|p1|Slowking-Galar, F|
|poke|p1|Primarina, F|
|poke|p1|Great Tusk|
|poke|p1|Zapdos|
|poke|p2|Mamoswine, M|
|poke|p2|Kingambit, F|
|poke|p2|Serperior, M|
|poke|p2|Gyarados, F|
|poke|p2|Weezing-Galar, F|
|poke|p2|Milotic, M|
|teampreview
|inactive|Battle timer is ON: inactive players will automatically lose when time's up. (requested by Lambaba)
|inactive|roddyj has 120 seconds left.
|
|t:|1779859143
|teamsize|p1|6
|teamsize|p2|6
|start
|switch|p1a: Zamazenta|Zamazenta|100/100
|switch|p2a: Mamoswine|Mamoswine, M, shiny|100/100
|-ability|p1a: Zamazenta|Dauntless Shield|boost
|-boost|p1a: Zamazenta|def|1
|turn|1
|
|t:|1779859147
|switch|p2a: Weezing|Weezing-Galar, F, shiny|100/100
|move|p1a: Zamazenta|Close Combat|p2a: Weezing
|-resisted|p2a: Weezing
|-damage|p2a: Weezing|87/100
|-unboost|p1a: Zamazenta|def|1
|-unboost|p1a: Zamazenta|spd|1
|
|-heal|p2a: Weezing|93/100|[from] item: Leftovers
|upkeep
|turn|2
|
|t:|1779859157
|switch|p1a: Slowking|Slowking-Galar, F|100/100
|switch|p2a: Mamoswine|Mamoswine, M, shiny|100/100
|
|upkeep
|turn|3
|
|t:|1779859167
|switch|p1a: Zapdos|Zapdos|100/100
|move|p2a: Mamoswine|Stealth Rock|p1a: Zapdos
|-sidestart|p1: Lambaba|move: Stealth Rock
|
|upkeep
|turn|4
|
|t:|1779859170
|move|p1a: Zapdos|U-turn|p2a: Mamoswine
|-damage|p2a: Mamoswine|86/100
|
|t:|1779859176
|switch|p1a: Zamazenta|Zamazenta|100/100|[from] U-turn
|-damage|p1a: Zamazenta|94/100|[from] Stealth Rock
|move|p2a: Mamoswine|Icicle Crash|p1a: Zamazenta
|-damage|p1a: Zamazenta|53/100
|
|upkeep
|turn|5
|
|t:|1779859183
|switch|p2a: Weezing|Weezing-Galar, F, shiny|93/100
|move|p1a: Zamazenta|Close Combat|p2a: Weezing
|-resisted|p2a: Weezing
|-damage|p2a: Weezing|78/100
|-unboost|p1a: Zamazenta|def|1
|-unboost|p1a: Zamazenta|spd|1
|
|-heal|p2a: Weezing|84/100|[from] item: Leftovers
|upkeep
|turn|6
|
|t:|1779859188
|switch|p1a: Slowking|Slowking-Galar, F|100/100
|switch|p2a: Mamoswine|Mamoswine, M, shiny|86/100
|
|upkeep
|turn|7
|
|t:|1779859194
|move|p2a: Mamoswine|Icicle Crash|p1a: Slowking
|-damage|p1a: Slowking|52/100
|-prepare|p1a: Slowking|Chilly Reception|[premajor]
|cant|p1a: Slowking|flinch
|
|upkeep
|turn|8
|-message|Lambaba forfeited.
|
|win|roddyj
|raw|Lambaba's rating: 1466 &rarr; <strong>1449</strong><br />(-17 for losing)
|raw|roddyj's rating: 1522 &rarr; <strong>1539</strong><br />(+17 for winning)
|l|☆Lambaba
|player|p1|
|l|☆roddyj
|player|p2|
