|j|☆patrosh
|j|☆claudechamp
|t:|1779809477
|gametype|singles
|player|p1|patrosh|li|1220
|player|p2|claudechamp|265|1215
|gen|9
|tier|[Gen 9] OU
|rated|
|rule|HP Percentage Mod: HP is shown in percentages
|rule|Endless Battle Clause: Forcing endless battles is banned
|rule|Species Clause: Limit one of each Pokémon
|rule|OHKO Clause: OHKO moves are banned
|rule|Evasion Items Clause: Evasion items are banned
|rule|Evasion Moves Clause: Evasion moves are banned
|rule|Evasion Abilities Clause: Evasion abilities are banned
|rule|Sleep Moves Clause: Sleep-inducing moves are banned
|clearpoke
|poke|p1|Ogerpon-Wellspring, F|
|poke|p1|Ceruledge, M|
|poke|p1|Kyurem|
|poke|p1|Garchomp, F|
|poke|p1|Grimmsnarl, M|
|poke|p1|Iron Valiant|
|poke|p2|Gliscor, M|
|poke|p2|Ogerpon, F|
|poke|p2|Walking Wake|
|poke|p2|Blissey, F|
|poke|p2|Corviknight, F|
|poke|p2|Pecharunt|
|teampreview
|c|☆claudechamp|hf
|inactive|Battle timer is ON: inactive players will automatically lose when time's up. (requested by claudechamp)
|
|t:|1779809483
|teamsize|p1|6
|teamsize|p2|6
|start
|switch|p1a: Grimmsnarl|Grimmsnarl, M|100/100
|switch|p2a: Gliscor|Gliscor, M|100/100
|turn|1
|
|t:|1779809488
|move|p1a: Grimmsnarl|Taunt|p2a: Gliscor
|-start|p2a: Gliscor|move: Taunt
|cant|p2a: Gliscor|move: Taunt|Spikes
|
|-status|p2a: Gliscor|tox|[from] item: Toxic Orb
|upkeep
|turn|2
|
|t:|1779809495
|move|p1a: Grimmsnarl|Reflect|p1a: Grimmsnarl
|-sidestart|p1: patrosh|Reflect
|move|p2a: Gliscor|Earthquake|p1a: Grimmsnarl
|-damage|p1a: Grimmsnarl|86/100
|
|upkeep
|turn|3
|
|t:|1779809501
|move|p1a: Grimmsnarl|Light Screen|p1a: Grimmsnarl
|-sidestart|p1: patrosh|move: Light Screen
|move|p2a: Gliscor|Earthquake|p1a: Grimmsnarl
|-damage|p1a: Grimmsnarl|69/100
|
|-end|p2a: Gliscor|move: Taunt
|upkeep
|turn|4
|
|t:|1779809508
|move|p1a: Grimmsnarl|Taunt|p2a: Gliscor
|-start|p2a: Gliscor|move: Taunt
|cant|p2a: Gliscor|move: Taunt|Spikes
|
|upkeep
|turn|5
|
|t:|1779809513
|move|p1a: Grimmsnarl|Parting Shot|p2a: Gliscor
|-unboost|p2a: Gliscor|atk|1
|-unboost|p2a: Gliscor|spa|1
|
|t:|1779809541
|switch|p1a: Kyurem|Kyurem|100/100|[from] Parting Shot
|-ability|p1a: Kyurem|Pressure
|move|p2a: Gliscor|Earthquake|p1a: Kyurem
|-damage|p1a: Kyurem|90/100
|
|upkeep
|turn|6
|
|t:|1779809546
|switch|p2a: Blissey|Blissey, F|100/100
|move|p1a: Kyurem|Dragon Dance|p1a: Kyurem
|-boost|p1a: Kyurem|atk|1
|-boost|p1a: Kyurem|spe|1
|
|upkeep
|turn|7
|
|t:|1779809557
|move|p1a: Kyurem|Icicle Spear|p2a: Blissey
|-damage|p2a: Blissey|81/100
|-damage|p2a: Blissey|62/100
|-damage|p2a: Blissey|41/100
|-damage|p2a: Blissey|21/100
|-damage|p2a: Blissey|1/100
|-hitcount|p2a: Blissey|5
|move|p2a: Blissey|Seismic Toss|p1a: Kyurem
|-damage|p1a: Kyurem|65/100
|
|upkeep
|turn|8
|
|t:|1779809566
|switch|p2a: Pecharunt|Pecharunt|100/100
|move|p1a: Kyurem|Dragon Dance|p1a: Kyurem
|-boost|p1a: Kyurem|atk|1
|-boost|p1a: Kyurem|spe|1
|
|upkeep
|turn|9
|
|t:|1779809580
|-terastallize|p2a: Pecharunt|Dark
|move|p1a: Kyurem|Icicle Spear|p2a: Pecharunt
|-damage|p2a: Pecharunt|88/100
|-damage|p2a: Pecharunt|75/100
|-damage|p2a: Pecharunt|62/100
|-damage|p2a: Pecharunt|49/100
|-damage|p2a: Pecharunt|36/100
|-hitcount|p2a: Pecharunt|5
|move|p2a: Pecharunt|Foul Play|p1a: Kyurem
|-damage|p1a: Kyurem|19/100
|
|-sideend|p1: patrosh|Reflect
|upkeep
|turn|10
|
|t:|1779809591
|move|p1a: Kyurem|Icicle Spear|p2a: Pecharunt
|-damage|p2a: Pecharunt|23/100
|-damage|p2a: Pecharunt|10/100
|-damage|p2a: Pecharunt|0 fnt
|faint|p2a: Pecharunt
|-hitcount|p2: Pecharunt|3
|
|-sideend|p1: patrosh|move: Light Screen
|upkeep
|
|t:|1779809602
|switch|p2a: Corviknight|Corviknight, F|100/100
|-ability|p2a: Corviknight|Pressure
|turn|11
|
|t:|1779809608
|move|p1a: Kyurem|Icicle Spear|p2a: Corviknight
|-damage|p2a: Corviknight|84/100
|-damage|p2a: Corviknight|67/100
|-damage|p2a: Corviknight|49/100
|-damage|p2a: Corviknight|32/100
|-hitcount|p2a: Corviknight|4
|move|p2a: Corviknight|Body Press|p1a: Kyurem
|-supereffective|p1a: Kyurem
|-damage|p1a: Kyurem|0 fnt
|faint|p1a: Kyurem
|
|upkeep
|
|t:|1779809616
|switch|p1a: Grimmsnarl|Grimmsnarl, M|69/100
|turn|12
|
|t:|1779809621
|move|p1a: Grimmsnarl|Taunt|p2a: Corviknight
|-start|p2a: Corviknight|move: Taunt
|cant|p2a: Corviknight|move: Taunt|Roost
|
|upkeep
|turn|13
|
|t:|1779809630
|switch|p2a: Ogerpon|Ogerpon, F|100/100
|move|p1a: Grimmsnarl|Reflect|p1a: Grimmsnarl
|-sidestart|p1: patrosh|Reflect
|
|upkeep
|turn|14
|
|t:|1779809638
|move|p1a: Grimmsnarl|Taunt|p2a: Ogerpon
|-start|p2a: Ogerpon|move: Taunt
|move|p2a: Ogerpon|Ivy Cudgel|p1a: Grimmsnarl
|-damage|p1a: Grimmsnarl|46/100
|
|upkeep
|turn|15
|
|t:|1779809647
|move|p1a: Grimmsnarl|Light Screen|p1a: Grimmsnarl
|-sidestart|p1: patrosh|move: Light Screen
|move|p2a: Ogerpon|Ivy Cudgel|p1a: Grimmsnarl
|-damage|p1a: Grimmsnarl|20/100
|
|upkeep
|turn|16
|
|t:|1779809649
|move|p1a: Grimmsnarl|Parting Shot|p2a: Ogerpon
|-unboost|p2a: Ogerpon|atk|1
|-ability|p2a: Ogerpon|Defiant|boost
|-boost|p2a: Ogerpon|atk|2
|-unboost|p2a: Ogerpon|spa|1
|-ability|p2a: Ogerpon|Defiant|boost
|-boost|p2a: Ogerpon|atk|2
|
|t:|1779809669
|switch|p1a: Ceruledge|Ceruledge, M|100/100|[from] Parting Shot
|move|p2a: Ogerpon|Ivy Cudgel|p1a: Ceruledge
|-resisted|p1a: Ceruledge
|-damage|p1a: Ceruledge|64/100
|-ability|p1a: Ceruledge|Weak Armor|boost
|-unboost|p1a: Ceruledge|def|1
|-boost|p1a: Ceruledge|spe|2
|
|-end|p2a: Ogerpon|move: Taunt
|upkeep
|turn|17
|
|t:|1779809678
|move|p1a: Ceruledge|Bitter Blade|p2a: Ogerpon
|-supereffective|p2a: Ogerpon
|-damage|p2a: Ogerpon|0 fnt
|-heal|p1a: Ceruledge|100/100|[from] drain|[of] p2a: Ogerpon
|faint|p2a: Ogerpon
|-damage|p1a: Ceruledge|91/100|[from] item: Life Orb
|
|upkeep
|
|t:|1779809682
|switch|p2a: Gliscor|Gliscor, M|100/100 tox
|turn|18
|
|t:|1779809698
|move|p1a: Ceruledge|Swords Dance|p1a: Ceruledge
|-boost|p1a: Ceruledge|atk|2
|move|p2a: Gliscor|Earthquake|p1a: Ceruledge
|-supereffective|p1a: Ceruledge
|-damage|p1a: Ceruledge|28/100
|-ability|p1a: Ceruledge|Weak Armor|boost
|-unboost|p1a: Ceruledge|def|1
|-boost|p1a: Ceruledge|spe|2
|
|upkeep
|turn|19
|
|t:|1779809705
|move|p1a: Ceruledge|Bitter Blade|p2a: Gliscor
|-damage|p2a: Gliscor|2/100 tox
|-heal|p1a: Ceruledge|80/100|[from] drain|[of] p2a: Gliscor
|-damage|p1a: Ceruledge|70/100|[from] item: Life Orb
|move|p2a: Gliscor|Earthquake|p1a: Ceruledge
|-supereffective|p1a: Ceruledge
|-damage|p1a: Ceruledge|0 fnt
|faint|p1a: Ceruledge
|
|-heal|p2a: Gliscor|15/100 tox|[from] ability: Poison Heal
|upkeep
|
|t:|1779809727
|switch|p1a: Ogerpon|Ogerpon-Wellspring, F|100/100
|turn|20
|
|t:|1779809742
|move|p1a: Ogerpon|Ivy Cudgel|p2a: Gliscor|[anim] Ivy Cudgel Water
|-supereffective|p2a: Gliscor
|-damage|p2a: Gliscor|0 fnt
|faint|p2a: Gliscor
|
|-sideend|p1: patrosh|Reflect
|upkeep
|
|t:|1779809746
|switch|p2a: Walking Wake|Walking Wake|100/100
|turn|21
|
|t:|1779809754
|-terastallize|p1a: Ogerpon|Water
|detailschange|p1a: Ogerpon|Ogerpon-Wellspring-Tera, F, tera:Water
|-ability|p1a: Ogerpon|Embody Aspect (Wellspring)|boost
|-boost|p1a: Ogerpon|spd|1
|move|p1a: Ogerpon|Swords Dance|p1a: Ogerpon
|-boost|p1a: Ogerpon|atk|2
|move|p2a: Walking Wake|Knock Off|p1a: Ogerpon
|-crit|p1a: Ogerpon
|-damage|p1a: Ogerpon|78/100
|
|upkeep
|turn|22
|
|t:|1779809766
|move|p1a: Ogerpon|Horn Leech|p2a: Walking Wake
|-damage|p2a: Walking Wake|7/100
|-heal|p1a: Ogerpon|100/100|[from] drain|[of] p2a: Walking Wake
|move|p2a: Walking Wake|Draco Meteor|p1a: Ogerpon
|-damage|p1a: Ogerpon|74/100
|-unboost|p2a: Walking Wake|spa|2
|
|-sideend|p1: patrosh|move: Light Screen
|upkeep
|turn|23
|
|t:|1779809774
|-end|p2a: Walking Wake|Protosynthesis|[silent]
|switch|p2a: Corviknight|Corviknight, F|32/100
|-ability|p2a: Corviknight|Pressure
|move|p1a: Ogerpon|Horn Leech|p2a: Corviknight
|-resisted|p2a: Corviknight
|-damage|p2a: Corviknight|18/100
|-heal|p1a: Ogerpon|82/100|[from] drain|[of] p2a: Corviknight
|
|upkeep
|turn|24
|
|t:|1779809778
|move|p1a: Ogerpon|Ivy Cudgel|p2a: Corviknight|[anim] Ivy Cudgel Water
|-crit|p2a: Corviknight
|-damage|p2a: Corviknight|0 fnt
|faint|p2a: Corviknight
|
|upkeep
|
|t:|1779809782
|switch|p2a: Walking Wake|Walking Wake|7/100
|turn|25
|
|t:|1779809790
|move|p1a: Ogerpon|Horn Leech|p2a: Walking Wake
|-damage|p2a: Walking Wake|0 fnt
|-heal|p1a: Ogerpon|86/100|[from] drain|[of] p2a: Walking Wake
|faint|p2a: Walking Wake
|-end|p2a: Walking Wake|Protosynthesis|[silent]
|
|upkeep
|
|t:|1779809796
|switch|p2a: Blissey|Blissey, F|1/100
|turn|26
|
|t:|1779809804
|move|p1a: Ogerpon|Swords Dance|p1a: Ogerpon
|-boost|p1a: Ogerpon|atk|2
|move|p2a: Blissey|Seismic Toss|p1a: Ogerpon
|-damage|p1a: Ogerpon|53/100
|
|upkeep
|turn|27
|
|t:|1779809810
|move|p1a: Ogerpon|Swords Dance|p1a: Ogerpon
|-boost|p1a: Ogerpon|atk|2
|move|p2a: Blissey|Seismic Toss|p1a: Ogerpon
|-damage|p1a: Ogerpon|20/100
|
|upkeep
|turn|28
|
|t:|1779809816
|move|p1a: Ogerpon|Ivy Cudgel|p2a: Blissey|[anim] Ivy Cudgel Water
|-damage|p2a: Blissey|0 fnt
|faint|p2a: Blissey
|
|win|patrosh
|raw|patrosh's rating: 1220 &rarr; <strong>1245</strong><br />(+25 for winning)
|raw|claudechamp's rating: 1220 &rarr; <strong>1195</strong><br />(-25 for losing)
|c|☆claudechamp|gg
|l|☆patrosh
|player|p1|
