|j|☆PenguinsWithPride
|j|☆Munch144447
|t:|1779960498
|gametype|singles
|player|p1|PenguinsWithPride|kris-gen2|1090
|player|p2|Munch144447|102|1109
|gen|9
|tier|[Gen 9] OU
|rated|
|rule|HP Percentage Mod: HP is shown in percentages
|rule|Endless Battle Clause: Forcing endless battles is banned
|rule|Species Clause: Limit one of each Pokémon
|rule|OHKO Clause: OHKO moves are banned
|rule|Evasion Items Clause: Evasion items are banned
|rule|Evasion Moves Clause: Evasion moves are banned
|rule|Evasion Abilities Clause: Evasion abilities are banned
|rule|Sleep Moves Clause: Sleep-inducing moves are banned
|clearpoke
|poke|p1|Hariyama, M|
|poke|p1|Hatterene, F|
|poke|p1|Rillaboom, F|
|poke|p1|Diancie|
|poke|p1|Rotom-Wash|
|poke|p1|Dragonite, M|
|poke|p2|Spiritomb, F|
|poke|p2|Seviper, M|
|poke|p2|Noctowl, M|
|poke|p2|Hariyama, F|
|poke|p2|Araquanid, M|
|poke|p2|Rampardos, F|
|teampreview
|inactive|Battle timer is ON: inactive players will automatically lose when time's up. (requested by PenguinsWithPride)
|
|t:|1779960513
|teamsize|p1|6
|teamsize|p2|6
|start
|switch|p1a: Rillaboom|Rillaboom, F|100/100
|switch|p2a: Rampardos|Rampardos, F|100/100
|-fieldstart|move: Grassy Terrain|[from] ability: Grassy Surge|[of] p1a: Rillaboom
|turn|1
|
|t:|1779960519
|move|p1a: Rillaboom|U-turn|p2a: Rampardos
|-damage|p2a: Rampardos|65/100
|
|t:|1779960523
|switch|p1a: Diancie|Diancie|100/100|[from] U-turn
|move|p2a: Rampardos|Head Smash|p1a: Diancie
|-damage|p1a: Diancie|28/100
|-damage|p2a: Rampardos|32/100|[from] Recoil
|
|-heal|p2a: Rampardos|38/100|[from] Grassy Terrain
|-heal|p1a: Diancie|34/100|[from] Grassy Terrain
|upkeep
|turn|2
|
|t:|1779960528
|move|p2a: Rampardos|Head Smash|p1a: Diancie
|-damage|p1a: Diancie|0 fnt
|faint|p1a: Diancie
|-damage|p2a: Rampardos|23/100|[from] Recoil
|
|-heal|p2a: Rampardos|29/100|[from] Grassy Terrain
|upkeep
|
|t:|1779960535
|switch|p1a: Hariyama|Hariyama, M|100/100
|turn|3
|
|t:|1779960539
|switch|p2a: Spiritomb|Spiritomb, F|100/100
|move|p1a: Hariyama|Bulk Up|p1a: Hariyama
|-boost|p1a: Hariyama|atk|1
|-boost|p1a: Hariyama|def|1
|
|-status|p1a: Hariyama|brn|[from] item: Flame Orb
|upkeep
|turn|4
|
|t:|1779960550
|switch|p2a: Araquanid|Araquanid, M|100/100
|move|p1a: Hariyama|Bulk Up|p1a: Hariyama
|-boost|p1a: Hariyama|atk|1
|-boost|p1a: Hariyama|def|1
|
|-damage|p1a: Hariyama|94/100 brn|[from] brn
|upkeep
|turn|5
|
|t:|1779960553
|move|p1a: Hariyama|Bulk Up|p1a: Hariyama
|-boost|p1a: Hariyama|atk|1
|-boost|p1a: Hariyama|def|1
|move|p2a: Araquanid|Liquidation|p1a: Hariyama
|-damage|p1a: Hariyama|62/100 brn
|-damage|p2a: Araquanid|91/100|[from] item: Life Orb
|
|-heal|p1a: Hariyama|68/100 brn|[from] Grassy Terrain
|-heal|p2a: Araquanid|97/100|[from] Grassy Terrain
|-damage|p1a: Hariyama|62/100 brn|[from] brn
|-fieldend|move: Grassy Terrain
|upkeep
|turn|6
|
|t:|1779960559
|move|p1a: Hariyama|Bulk Up|p1a: Hariyama
|-boost|p1a: Hariyama|atk|1
|-boost|p1a: Hariyama|def|1
|move|p2a: Araquanid|Liquidation|p1a: Hariyama
|-damage|p1a: Hariyama|33/100 brn
|-unboost|p1a: Hariyama|def|1
|-damage|p2a: Araquanid|87/100|[from] item: Life Orb
|
|-damage|p1a: Hariyama|27/100 brn|[from] brn
|upkeep
|turn|7
|
|t:|1779960561
|move|p1a: Hariyama|Knock Off|p2a: Araquanid
|-crit|p2a: Araquanid
|-damage|p2a: Araquanid|0 fnt
|-enditem|p2a: Araquanid|Life Orb|[from] move: Knock Off|[of] p1a: Hariyama
|faint|p2a: Araquanid
|
|-damage|p1a: Hariyama|21/100 brn|[from] brn
|upkeep
|
|t:|1779960567
|switch|p2a: Noctowl|Noctowl, M|100/100
|turn|8
|
|t:|1779960569
|move|p2a: Noctowl|Hyper Voice|p1a: Hariyama
|-damage|p1a: Hariyama|0 fnt
|faint|p1a: Hariyama
|
|upkeep
|
|t:|1779960573
|switch|p1a: Rotom|Rotom-Wash|100/100
|turn|9
|
|t:|1779960578
|-terastallize|p2a: Noctowl|Steel
|move|p2a: Noctowl|Calm Mind|p2a: Noctowl
|-boost|p2a: Noctowl|spa|1
|-boost|p2a: Noctowl|spd|1
|move|p1a: Rotom|Will-O-Wisp|p2a: Noctowl|[miss]
|-miss|p1a: Rotom|p2a: Noctowl
|
|-damage|p1a: Rotom|88/100|[from] item: Sticky Barb
|upkeep
|turn|10
|
|t:|1779960581
|move|p2a: Noctowl|Agility|p2a: Noctowl
|-boost|p2a: Noctowl|spe|2
|move|p1a: Rotom|Will-O-Wisp|p2a: Noctowl|[miss]
|-miss|p1a: Rotom|p2a: Noctowl
|
|-damage|p1a: Rotom|75/100|[from] item: Sticky Barb
|upkeep
|turn|11
|
|t:|1779960588
|move|p2a: Noctowl|Calm Mind|p2a: Noctowl
|-boost|p2a: Noctowl|spa|1
|-boost|p2a: Noctowl|spd|1
|move|p1a: Rotom|Volt Switch|p2a: Noctowl
|-damage|p2a: Noctowl|85/100
|
|t:|1779960592
|switch|p1a: Dragonite|Dragonite, M|100/100|[from] Volt Switch
|
|-heal|p2a: Noctowl|91/100|[from] item: Leftovers
|upkeep
|turn|12
|
|t:|1779960601
|move|p2a: Noctowl|Stored Power|p1a: Dragonite
|-damage|p1a: Dragonite|60/100
|move|p1a: Dragonite|Dragon Dance|p1a: Dragonite
|-boost|p1a: Dragonite|atk|1
|-boost|p1a: Dragonite|spe|1
|
|-heal|p2a: Noctowl|97/100|[from] item: Leftovers
|upkeep
|turn|13
|
|t:|1779960607
|move|p2a: Noctowl|Stored Power|p1a: Dragonite
|-damage|p1a: Dragonite|0 fnt
|faint|p1a: Dragonite
|
|-heal|p2a: Noctowl|100/100|[from] item: Leftovers
|upkeep
|
|t:|1779960610
|switch|p1a: Hatterene|Hatterene, F|100/100
|turn|14
|
|t:|1779960616
|move|p2a: Noctowl|Hyper Voice|p1a: Hatterene
|-damage|p1a: Hatterene|18/100
|move|p1a: Hatterene|Nuzzle|p2a: Noctowl
|-damage|p2a: Noctowl|93/100
|-status|p2a: Noctowl|par
|
|-heal|p2a: Noctowl|99/100 par|[from] item: Leftovers
|-heal|p1a: Hatterene|24/100|[from] item: Leftovers
|upkeep
|turn|15
|
|t:|1779960626
|switch|p1a: Rillaboom|Rillaboom, F|100/100
|-fieldstart|move: Grassy Terrain|[from] ability: Grassy Surge|[of] p1a: Rillaboom
|move|p2a: Noctowl|Agility|p2a: Noctowl
|-boost|p2a: Noctowl|spe|2
|
|-heal|p2a: Noctowl|100/100 par|[from] Grassy Terrain
|upkeep
|turn|16
|
|t:|1779960646
|move|p1a: Rillaboom|Wood Hammer|p2a: Noctowl
|-resisted|p2a: Noctowl
|-damage|p2a: Noctowl|41/100 par
|-damage|p1a: Rillaboom|79/100|[from] Recoil
|move|p2a: Noctowl|Stored Power|p1a: Rillaboom
|-damage|p1a: Rillaboom|0 fnt
|faint|p1a: Rillaboom
|
|-heal|p2a: Noctowl|47/100 par|[from] Grassy Terrain
|-heal|p2a: Noctowl|53/100 par|[from] item: Leftovers
|upkeep
|
|t:|1779960650
|switch|p1a: Rotom|Rotom-Wash|75/100
|turn|17
|
|t:|1779960653
|cant|p2a: Noctowl|par
|move|p1a: Rotom|Hex|p2a: Noctowl
|-damage|p2a: Noctowl|35/100 par
|
|-heal|p2a: Noctowl|41/100 par|[from] Grassy Terrain
|-heal|p2a: Noctowl|47/100 par|[from] item: Leftovers
|-damage|p1a: Rotom|63/100|[from] item: Sticky Barb
|upkeep
|turn|18
|
|t:|1779960658
|cant|p2a: Noctowl|par
|move|p1a: Rotom|Thunderbolt|p2a: Noctowl
|-damage|p2a: Noctowl|28/100 par
|
|-heal|p2a: Noctowl|34/100 par|[from] Grassy Terrain
|-heal|p2a: Noctowl|40/100 par|[from] item: Leftovers
|-damage|p1a: Rotom|50/100|[from] item: Sticky Barb
|upkeep
|turn|19
|
|t:|1779960660
|cant|p2a: Noctowl|par
|move|p1a: Rotom|Hex|p2a: Noctowl
|-damage|p2a: Noctowl|22/100 par
|
|-heal|p2a: Noctowl|28/100 par|[from] Grassy Terrain
|-heal|p2a: Noctowl|34/100 par|[from] item: Leftovers
|-fieldend|move: Grassy Terrain
|-damage|p1a: Rotom|38/100|[from] item: Sticky Barb
|upkeep
|turn|20
|
|t:|1779960662
|move|p2a: Noctowl|Stored Power|p1a: Rotom
|-damage|p1a: Rotom|0 fnt
|faint|p1a: Rotom
|
|-heal|p2a: Noctowl|40/100 par|[from] item: Leftovers
|upkeep
|
|t:|1779960664
|switch|p1a: Hatterene|Hatterene, F|24/100
|turn|21
|
|t:|1779960666
|move|p2a: Noctowl|Hyper Voice|p1a: Hatterene
|-damage|p1a: Hatterene|0 fnt
|faint|p1a: Hatterene
|
|win|Munch144447
|raw|PenguinsWithPride's rating: 1090 &rarr; <strong>1068</strong><br />(-22 for losing)
|raw|Munch144447's rating: 1109 &rarr; <strong>1133</strong><br />(+24 for winning)
|l|☆PenguinsWithPride
|player|p1|
