|j|☆HokaHemat
|j|☆wii2i222
|t:|1779820707
|gametype|singles
|player|p1|HokaHemat|2|1015
|player|p2|wii2i222|265|1000
|gen|9
|tier|[Gen 9] OU
|rated|
|rule|HP Percentage Mod: HP is shown in percentages
|rule|Endless Battle Clause: Forcing endless battles is banned
|rule|Species Clause: Limit one of each Pokémon
|rule|OHKO Clause: OHKO moves are banned
|rule|Evasion Items Clause: Evasion items are banned
|rule|Evasion Moves Clause: Evasion moves are banned
|rule|Evasion Abilities Clause: Evasion abilities are banned
|rule|Sleep Moves Clause: Sleep-inducing moves are banned
|clearpoke
|poke|p1|Reuniclus, M|
|poke|p1|Heatran, M|
|poke|p1|Great Tusk|
|poke|p1|Indeedee-F, F|
|poke|p1|Clodsire, M|
|poke|p1|Ambipom, M|
|poke|p2|Cinderace, F|
|poke|p2|Dragapult, F|
|poke|p2|Weezing-Galar, F|
|poke|p2|Landorus-Therian, M|
|poke|p2|Iron Treads|
|poke|p2|Ogerpon-Wellspring, F|
|teampreview
|inactive|Battle timer is ON: inactive players will automatically lose when time's up. (requested by wii2i222)
|
|t:|1779820719
|teamsize|p1|6
|teamsize|p2|6
|start
|switch|p1a: Ambipom|Ambipom, M|100/100
|switch|p2a: Landorus|Landorus-Therian, M|100/100
|-ability|p2a: Landorus|Intimidate|boost
|-unboost|p1a: Ambipom|atk|1
|turn|1
|
|t:|1779820726
|switch|p2a: Weezing|Weezing-Galar, F|100/100
|-ability|p2a: Weezing|Neutralizing Gas
|move|p1a: Ambipom|Fake Out|p2a: Weezing
|-damage|p2a: Weezing|94/100
|-damage|p1a: Ambipom|84/100|[from] item: Rocky Helmet|[of] p2a: Weezing
|
|upkeep
|turn|2
|
|t:|1779820742
|switch|p1a: Clodsire|Clodsire, M|100/100
|move|p2a: Weezing|Toxic|p1a: Clodsire
|-immune|p1a: Clodsire
|
|upkeep
|turn|3
|
|t:|1779820748
|-end|p2a: Weezing|ability: Neutralizing Gas
|switch|p2a: Iron Treads|Iron Treads|100/100
|move|p1a: Clodsire|Stealth Rock|p2a: Iron Treads
|-sidestart|p2: wii2i222|move: Stealth Rock
|
|upkeep
|turn|4
|
|t:|1779820768
|switch|p1a: Great Tusk|Great Tusk|100/100
|-enditem|p1a: Great Tusk|Booster Energy
|-activate|p1a: Great Tusk|ability: Protosynthesis|[fromitem]
|-start|p1a: Great Tusk|protosynthesisspe
|move|p2a: Iron Treads|Stealth Rock|p1a: Great Tusk
|-sidestart|p1: HokaHemat|move: Stealth Rock
|
|upkeep
|turn|5
|
|t:|1779820777
|move|p1a: Great Tusk|Headlong Rush|p2a: Iron Treads
|-supereffective|p2a: Iron Treads
|-damage|p2a: Iron Treads|9/100
|-unboost|p1a: Great Tusk|def|1
|-unboost|p1a: Great Tusk|spd|1
|move|p2a: Iron Treads|Rapid Spin|p1a: Great Tusk
|-damage|p1a: Great Tusk|86/100
|-boost|p2a: Iron Treads|spe|1
|-sideend|p2: wii2i222|Stealth Rock|[from] move: Rapid Spin|[of] p2a: Iron Treads
|
|-heal|p2a: Iron Treads|15/100|[from] item: Leftovers
|upkeep
|turn|6
|
|t:|1779820787
|move|p2a: Iron Treads|Earthquake|p1a: Great Tusk
|-damage|p1a: Great Tusk|39/100
|move|p1a: Great Tusk|Headlong Rush|p2a: Iron Treads
|-supereffective|p2a: Iron Treads
|-damage|p2a: Iron Treads|0 fnt
|-unboost|p1a: Great Tusk|def|1
|-unboost|p1a: Great Tusk|spd|1
|faint|p2a: Iron Treads
|-end|p2a: Iron Treads|Quark Drive|[silent]
|
|upkeep
|
|t:|1779820804
|switch|p2a: Weezing|Weezing-Galar, F|94/100
|-ability|p2a: Weezing|Neutralizing Gas
|turn|7
|
|t:|1779820812
|move|p1a: Great Tusk|Rapid Spin|p2a: Weezing
|-damage|p2a: Weezing|85/100
|-boost|p1a: Great Tusk|spe|1
|-damage|p1a: Great Tusk|23/100|[from] item: Rocky Helmet|[of] p2a: Weezing
|-sideend|p1: HokaHemat|Stealth Rock|[from] move: Rapid Spin|[of] p1a: Great Tusk
|move|p2a: Weezing|Toxic|p1a: Great Tusk
|-status|p1a: Great Tusk|tox
|
|-damage|p1a: Great Tusk|16/100 tox|[from] psn
|upkeep
|turn|8
|
|t:|1779820822
|move|p1a: Great Tusk|Headlong Rush|p2a: Weezing
|-supereffective|p2a: Weezing
|-damage|p2a: Weezing|11/100
|-unboost|p1a: Great Tusk|def|1
|-unboost|p1a: Great Tusk|spd|1
|-damage|p1a: Great Tusk|0 fnt|[from] item: Rocky Helmet|[of] p2a: Weezing
|faint|p1a: Great Tusk
|-end|p1a: Great Tusk|Protosynthesis|[silent]
|move|p2a: Weezing|Clear Smog|p1: Great Tusk|[notarget]
|-fail|p2a: Weezing
|
|upkeep
|
|t:|1779820832
|switch|p1a: Ambipom|Ambipom, M|84/100
|turn|9
|
|t:|1779820839
|move|p1a: Ambipom|Triple Axel|p2a: Weezing
|-damage|p2a: Weezing|7/100
|-damage|p1a: Ambipom|67/100|[from] item: Rocky Helmet|[of] p2a: Weezing
|-hitcount|p2a: Weezing|1
|move|p2a: Weezing|Toxic|p1a: Ambipom
|-status|p1a: Ambipom|tox
|
|-damage|p1a: Ambipom|61/100 tox|[from] psn
|upkeep
|turn|10
|
|t:|1779820849
|move|p1a: Ambipom|Fake Out||[still]
|-hint|Fake Out only works on your first turn out.
|-fail|p1a: Ambipom
|move|p2a: Weezing|Pain Split|p1a: Ambipom
|-sethp|p1a: Ambipom|34/100 tox|[from] move: Pain Split|[silent]
|-sethp|p2a: Weezing|36/100|[from] move: Pain Split
|
|-damage|p1a: Ambipom|21/100 tox|[from] psn
|upkeep
|turn|11
|
|t:|1779820861
|switch|p1a: Clodsire|Clodsire, M|100/100
|move|p2a: Weezing|Clear Smog|p1a: Clodsire
|-resisted|p1a: Clodsire
|-damage|p1a: Clodsire|98/100
|-clearboost|p1a: Clodsire
|
|-heal|p1a: Clodsire|100/100|[from] item: Black Sludge
|upkeep
|turn|12
|
|t:|1779820870
|move|p2a: Weezing|Pain Split|p1a: Clodsire
|-sethp|p1a: Clodsire|63/100|[from] move: Pain Split|[silent]
|-sethp|p2a: Weezing|88/100|[from] move: Pain Split
|move|p1a: Clodsire|Stealth Rock|p2a: Weezing
|-sidestart|p2: wii2i222|move: Stealth Rock
|
|-heal|p1a: Clodsire|69/100|[from] item: Black Sludge
|upkeep
|turn|13
|
|t:|1779820878
|-end|p2a: Weezing|ability: Neutralizing Gas
|switch|p2a: Landorus|Landorus-Therian, M|100/100
|-damage|p2a: Landorus|88/100|[from] Stealth Rock
|-ability|p2a: Landorus|Intimidate|boost
|-unboost|p1a: Clodsire|atk|1
|move|p1a: Clodsire|Earthquake|p2a: Landorus
|-immune|p2a: Landorus
|
|-heal|p1a: Clodsire|76/100|[from] item: Black Sludge
|upkeep
|turn|14
|
|t:|1779820904
|switch|p1a: Heatran|Heatran, M|100/100
|move|p2a: Landorus|Earthquake|p1a: Heatran
|-supereffective|p1a: Heatran
|-damage|p1a: Heatran|0 fnt
|faint|p1a: Heatran
|
|upkeep
|
|t:|1779820912
|switch|p1a: Indeedee|Indeedee-F, F|100/100
|-fieldstart|move: Psychic Terrain|[from] ability: Psychic Surge|[of] p1a: Indeedee
|turn|15
|
|t:|1779820926
|-terastallize|p2a: Landorus|Ground
|move|p2a: Landorus|Earthquake|p1a: Indeedee
|-damage|p1a: Indeedee|0 fnt
|faint|p1a: Indeedee
|
|upkeep
|
|t:|1779820931
|switch|p1a: Reuniclus|Reuniclus, M|100/100
|turn|16
|
|t:|1779820946
|switch|p2a: Dragapult|Dragapult, F|100/100
|move|p1a: Reuniclus|Expanding Force|p2a: Dragapult
|-damage|p2a: Dragapult|0 fnt
|faint|p2a: Dragapult
|
|upkeep
|
|t:|1779820951
|switch|p2a: Cinderace|Cinderace, F|100/100
|-damage|p2a: Cinderace|76/100|[from] Stealth Rock
|turn|17
|
|t:|1779820960
|move|p2a: Cinderace|U-turn|p1a: Reuniclus
|-supereffective|p1a: Reuniclus
|-damage|p1a: Reuniclus|65/100
|
|t:|1779820963
|switch|p2a: Weezing|Weezing-Galar, F|88/100|[from] U-turn
|-ability|p2a: Weezing|Neutralizing Gas
|-damage|p2a: Weezing|75/100|[from] Stealth Rock
|move|p1a: Reuniclus|Expanding Force|p2a: Weezing
|-supereffective|p2a: Weezing
|-damage|p2a: Weezing|0 fnt
|faint|p2a: Weezing
|-end|p2a: Weezing|ability: Neutralizing Gas
|
|upkeep
|
|t:|1779820972
|switch|p2a: Landorus|Landorus-Therian, M, tera:Ground|88/100
|-damage|p2a: Landorus|82/100|[from] Stealth Rock
|-ability|p2a: Landorus|Intimidate|boost
|-unboost|p1a: Reuniclus|atk|1
|turn|18
|
|t:|1779820978
|move|p2a: Landorus|U-turn|p1a: Reuniclus
|-supereffective|p1a: Reuniclus
|-damage|p1a: Reuniclus|25/100
|
|t:|1779820980
|switch|p2a: Cinderace|Cinderace, F|76/100|[from] U-turn
|-damage|p2a: Cinderace|51/100|[from] Stealth Rock
|move|p1a: Reuniclus|Expanding Force|p2a: Cinderace
|-damage|p2a: Cinderace|0 fnt
|faint|p2a: Cinderace
|
|upkeep
|
|t:|1779820981
|switch|p2a: Landorus|Landorus-Therian, M, tera:Ground|82/100
|-damage|p2a: Landorus|76/100|[from] Stealth Rock
|-ability|p2a: Landorus|Intimidate|boost
|-unboost|p1a: Reuniclus|atk|1
|turn|19
|
|t:|1779820993
|switch|p1a: Clodsire|Clodsire, M|76/100
|move|p2a: Landorus|Earthquake|p1a: Clodsire
|-supereffective|p1a: Clodsire
|-damage|p1a: Clodsire|0 fnt
|faint|p1a: Clodsire
|
|upkeep
|
|t:|1779821000
|switch|p1a: Ambipom|Ambipom, M|21/100 tox
|turn|20
|
|t:|1779821004
|move|p2a: Landorus|Earthquake|p1a: Ambipom
|-damage|p1a: Ambipom|0 fnt
|faint|p1a: Ambipom
|
|upkeep
|
|t:|1779821009
|switch|p1a: Reuniclus|Reuniclus, M|25/100
|turn|21
|
|t:|1779821012
|move|p2a: Landorus|Earthquake|p1a: Reuniclus
|-damage|p1a: Reuniclus|0 fnt
|faint|p1a: Reuniclus
|
|win|wii2i222
|raw|HokaHemat's rating: 1015 &rarr; <strong>1002</strong><br />(-13 for losing)
|raw|wii2i222's rating: 1000 &rarr; <strong>1042</strong><br />(+42 for winning)
|l|☆wii2i222
|player|p2|
