|j|☆Mortifi
|j|☆Yeeties Cereal
|t:|1779812377
|gametype|singles
|player|p1|Mortifi|pokemaniac|1612
|player|p2|Yeeties Cereal|chuck|1591
|gen|9
|tier|[Gen 9] OU
|rated|
|rule|HP Percentage Mod: HP is shown in percentages
|rule|Endless Battle Clause: Forcing endless battles is banned
|rule|Species Clause: Limit one of each Pokémon
|rule|OHKO Clause: OHKO moves are banned
|rule|Evasion Items Clause: Evasion items are banned
|rule|Evasion Moves Clause: Evasion moves are banned
|rule|Evasion Abilities Clause: Evasion abilities are banned
|rule|Sleep Moves Clause: Sleep-inducing moves are banned
|clearpoke
|poke|p1|Zapdos-Galar|
|poke|p1|Slowking-Galar, M|
|poke|p1|Alomomola, F|
|poke|p1|Great Tusk|
|poke|p1|Weavile, M|
|poke|p1|Skarmory, F|
|poke|p2|Hoopa-Unbound|
|poke|p2|Garchomp, F|
|poke|p2|Gholdengo|
|poke|p2|Cinderace, F|
|poke|p2|Enamorus, F|
|poke|p2|Raging Bolt|
|teampreview
|
|t:|1779812405
|teamsize|p1|6
|teamsize|p2|6
|start
|switch|p1a: Weavile|Weavile, M|100/100
|switch|p2a: Garchomp|Garchomp, F|100/100
|-ability|p1a: Weavile|Pressure
|turn|1
|inactive|Battle timer is ON: inactive players will automatically lose when time's up. (requested by Mortifi)
|j| Wildkoter
|
|t:|1779812413
|-terastallize|p2a: Garchomp|Water
|move|p1a: Weavile|Ice Spinner|p2a: Garchomp
|-resisted|p2a: Garchomp
|-damage|p2a: Garchomp|80/100
|-damage|p1a: Weavile|88/100|[from] ability: Rough Skin|[of] p2a: Garchomp
|-damage|p1a: Weavile|72/100|[from] item: Rocky Helmet|[of] p2a: Garchomp
|move|p2a: Garchomp|Earthquake|p1a: Weavile
|-damage|p1a: Weavile|0 fnt
|faint|p1a: Weavile
|
|upkeep
|
|t:|1779812427
|switch|p1a: Skarmory|Skarmory, F|100/100
|turn|2
|
|t:|1779812449
|switch|p2a: Hoopa|Hoopa-Unbound|100/100
|move|p1a: Skarmory|Spikes|p2a: Hoopa
|-sidestart|p2: Yeeties Cereal|Spikes
|
|upkeep
|turn|3
|
|t:|1779812459
|switch|p1a: Alomomola|Alomomola, F|100/100
|move|p2a: Hoopa|Thunderbolt|p1a: Alomomola
|-supereffective|p1a: Alomomola
|-damage|p1a: Alomomola|31/100
|
|upkeep
|turn|4
|
|t:|1779812468
|switch|p1a: Slowking|Slowking-Galar, M|100/100
|move|p2a: Hoopa|Psychic Noise|p1a: Slowking
|-damage|p1a: Slowking|75/100
|-start|p1a: Slowking|move: Heal Block
|
|upkeep
|turn|5
|
|t:|1779812476
|switch|p1a: Zapdos|Zapdos-Galar|100/100
|move|p2a: Hoopa|Knock Off|p1a: Zapdos
|-resisted|p1a: Zapdos
|-damage|p1a: Zapdos|69/100
|-enditem|p1a: Zapdos|Protective Pads|[from] move: Knock Off|[of] p2a: Hoopa
|
|upkeep
|turn|6
|
|t:|1779812485
|switch|p2a: Garchomp|Garchomp, F, tera:Water|80/100
|-damage|p2a: Garchomp|68/100|[from] Spikes
|move|p1a: Zapdos|U-turn|p2a: Garchomp
|-damage|p2a: Garchomp|51/100
|-damage|p1a: Zapdos|57/100|[from] ability: Rough Skin|[of] p2a: Garchomp
|-damage|p1a: Zapdos|40/100|[from] item: Rocky Helmet|[of] p2a: Garchomp
|
|t:|1779812494
|switch|p1a: Alomomola|Alomomola, F|65/100|[from] U-turn
|
|upkeep
|turn|7
|
|t:|1779812503
|switch|p2a: Hoopa|Hoopa-Unbound|100/100
|-damage|p2a: Hoopa|88/100|[from] Spikes
|move|p1a: Alomomola|Wish|p1a: Alomomola
|
|upkeep
|turn|8
|
|t:|1779812512
|switch|p1a: Slowking|Slowking-Galar, M|100/100
|move|p2a: Hoopa|Psychic Noise|p1a: Slowking
|-damage|p1a: Slowking|75/100
|-start|p1a: Slowking|move: Heal Block
|
|upkeep
|turn|9
|
|t:|1779812523
|switch|p1a: Great Tusk|Great Tusk|100/100
|move|p2a: Hoopa|Psychic Noise|p1a: Great Tusk
|-supereffective|p1a: Great Tusk
|-damage|p1a: Great Tusk|0 fnt
|faint|p1a: Great Tusk
|-end|p1a: Great Tusk|Protosynthesis|[silent]
|
|upkeep
|
|t:|1779812530
|switch|p1a: Zapdos|Zapdos-Galar|40/100
|turn|10
|
|t:|1779812539
|switch|p2a: Garchomp|Garchomp, F, tera:Water|51/100
|-damage|p2a: Garchomp|38/100|[from] Spikes
|move|p1a: Zapdos|U-turn|p2a: Garchomp
|-crit|p2a: Garchomp
|-damage|p2a: Garchomp|12/100
|-damage|p1a: Zapdos|28/100|[from] ability: Rough Skin|[of] p2a: Garchomp
|-damage|p1a: Zapdos|11/100|[from] item: Rocky Helmet|[of] p2a: Garchomp
|
|t:|1779812547
|switch|p1a: Skarmory|Skarmory, F|100/100|[from] U-turn
|
|upkeep
|turn|11
|
|t:|1779812556
|switch|p2a: Hoopa|Hoopa-Unbound|88/100
|-damage|p2a: Hoopa|76/100|[from] Spikes
|move|p1a: Skarmory|Spikes|p2a: Hoopa
|-sidestart|p2: Yeeties Cereal|Spikes
|
|upkeep
|turn|12
|
|t:|1779812568
|switch|p1a: Alomomola|Alomomola, F|98/100
|move|p2a: Hoopa|Thunderbolt|p1a: Alomomola
|-supereffective|p1a: Alomomola
|-damage|p1a: Alomomola|25/100
|
|upkeep
|turn|13
|
|t:|1779812579
|switch|p1a: Slowking|Slowking-Galar, M|100/100
|move|p2a: Hoopa|Knock Off|p1a: Slowking
|-supereffective|p1a: Slowking
|-damage|p1a: Slowking|0 fnt
|-enditem|p1a: Slowking|Heavy-Duty Boots|[from] move: Knock Off|[of] p2a: Hoopa
|faint|p1a: Slowking
|
|upkeep
|
|t:|1779812586
|switch|p1a: Zapdos|Zapdos-Galar|11/100
|turn|14
|l| Wildkoter
|
|t:|1779812608
|switch|p2a: Garchomp|Garchomp, F, tera:Water|12/100
|-damage|p2a: Garchomp|0 fnt|[from] Spikes
|faint|p2a: Garchomp
|move|p1a: Zapdos|U-turn|p2: Garchomp|[notarget]
|-fail|p1a: Zapdos
|
|upkeep
|
|t:|1779812615
|switch|p2a: Enamorus|Enamorus, F|100/100
|turn|15
|
|t:|1779812635
|switch|p1a: Skarmory|Skarmory, F|100/100
|move|p2a: Enamorus|Moonblast|p1a: Skarmory
|-resisted|p1a: Skarmory
|-damage|p1a: Skarmory|63/100
|-unboost|p1a: Skarmory|spa|1
|
|upkeep
|turn|16
|
|t:|1779812645
|switch|p2a: Hoopa|Hoopa-Unbound|76/100
|-damage|p2a: Hoopa|59/100|[from] Spikes
|move|p1a: Skarmory|Roost|p1a: Skarmory
|-heal|p1a: Skarmory|100/100
|-singleturn|p1a: Skarmory|move: Roost
|
|upkeep
|turn|17
|
|t:|1779812656
|-terastallize|p1a: Skarmory|Dragon
|move|p1a: Skarmory|Brave Bird|p2a: Hoopa
|-damage|p2a: Hoopa|11/100
|-damage|p1a: Skarmory|83/100|[from] Recoil
|move|p2a: Hoopa|Thunderbolt|p1a: Skarmory
|-resisted|p1a: Skarmory
|-damage|p1a: Skarmory|56/100
|
|upkeep
|turn|18
|inactive|Yeeties Cereal has 120 seconds left.
|
|t:|1779812690
|switch|p2a: Raging Bolt|Raging Bolt|100/100
|-damage|p2a: Raging Bolt|84/100|[from] Spikes
|-enditem|p2a: Raging Bolt|Booster Energy
|-activate|p2a: Raging Bolt|ability: Protosynthesis|[fromitem]
|-start|p2a: Raging Bolt|protosynthesisspa
|move|p1a: Skarmory|Brave Bird|p2a: Raging Bolt
|-resisted|p2a: Raging Bolt
|-damage|p2a: Raging Bolt|68/100
|-damage|p1a: Skarmory|50/100|[from] Recoil
|
|upkeep
|turn|19
|
|t:|1779812704
|switch|p1a: Alomomola|Alomomola, F|58/100
|move|p2a: Raging Bolt|Dragon Pulse|p1a: Alomomola
|-damage|p1a: Alomomola|0 fnt
|faint|p1a: Alomomola
|
|upkeep
|
|t:|1779812710
|switch|p1a: Zapdos|Zapdos-Galar|11/100
|turn|20
|
|t:|1779812713
|move|p2a: Raging Bolt|Thunderclap|p1a: Zapdos
|-supereffective|p1a: Zapdos
|-damage|p1a: Zapdos|0 fnt
|faint|p1a: Zapdos
|
|upkeep
|-message|Mortifi forfeited.
|
|win|Yeeties Cereal
|raw|Mortifi's rating: 1612 &rarr; <strong>1591</strong><br />(-21 for losing)
|raw|Yeeties Cereal's rating: 1591 &rarr; <strong>1612</strong><br />(+21 for winning)
|l|☆Mortifi
|player|p1|
