|j|☆cachowcapow
|j|☆Capidaxter
|t:|1779887367
|gametype|singles
|player|p1|cachowcapow|101|1584
|player|p2|Capidaxter|schoolkid|1577
|gen|9
|tier|[Gen 9] OU
|rated|
|rule|HP Percentage Mod: HP is shown in percentages
|rule|Endless Battle Clause: Forcing endless battles is banned
|rule|Species Clause: Limit one of each Pokémon
|rule|OHKO Clause: OHKO moves are banned
|rule|Evasion Items Clause: Evasion items are banned
|rule|Evasion Moves Clause: Evasion moves are banned
|rule|Evasion Abilities Clause: Evasion abilities are banned
|rule|Sleep Moves Clause: Sleep-inducing moves are banned
|clearpoke
|poke|p1|Alomomola, F|
|poke|p1|Gardevoir, M|
|poke|p1|Scizor, M|
|poke|p1|Slither Wing|
|poke|p1|Mew|
|poke|p1|Ogerpon, F|
|poke|p2|Ting-Lu|
|poke|p2|Glimmora, F|
|poke|p2|Gholdengo|
|poke|p2|Iron Valiant|
|poke|p2|Ogerpon-Wellspring, F|
|poke|p2|Dragonite, M|
|teampreview
|inactive|Battle timer is ON: inactive players will automatically lose when time's up. (requested by Capidaxter)
|j| Yamhard
|inactive|Capidaxter has 120 seconds left.
|
|t:|1779887409
|teamsize|p1|6
|teamsize|p2|6
|start
|switch|p1a: Alomomola|Alomomola, F|100/100
|switch|p2a: Ting-Lu|Ting-Lu|100/100
|-ability|p2a: Ting-Lu|Vessel of Ruin
|turn|1
|
|t:|1779887424
|move|p1a: Alomomola|Flip Turn|p2a: Ting-Lu
|-supereffective|p2a: Ting-Lu
|-damage|p2a: Ting-Lu|69/100
|
|t:|1779887430
|switch|p1a: Slither Wing|Slither Wing|100/100|[from] Flip Turn
|move|p2a: Ting-Lu|Ruination|p1a: Slither Wing
|-damage|p1a: Slither Wing|50/100
|
|upkeep
|turn|2
|inactive|Capidaxter has 120 seconds left.
|inactive|Capidaxter has 90 seconds left.
|inactive|Capidaxter has 60 seconds left.
|
|t:|1779887522
|move|p1a: Slither Wing|Morning Sun|p1a: Slither Wing
|-heal|p1a: Slither Wing|100/100
|move|p2a: Ting-Lu|Spikes|p1a: Slither Wing
|-sidestart|p1: cachowcapow|Spikes
|
|upkeep
|turn|3
|
|t:|1779887532
|move|p1a: Slither Wing|U-turn|p2a: Ting-Lu
|-supereffective|p2a: Ting-Lu
|-damage|p2a: Ting-Lu|39/100
|
|t:|1779887536
|-end|p1a: Slither Wing|Protosynthesis|[silent]
|switch|p1a: Alomomola|Alomomola, F|100/100|[from] U-turn
|-damage|p1a: Alomomola|88/100|[from] Spikes
|move|p2a: Ting-Lu|Spikes|p1a: Alomomola
|-sidestart|p1: cachowcapow|Spikes
|
|upkeep
|turn|4
|
|t:|1779887549
|switch|p1a: Slither Wing|Slither Wing|100/100
|-damage|p1a: Slither Wing|84/100|[from] Spikes
|move|p2a: Ting-Lu|Ruination|p1a: Slither Wing
|-damage|p1a: Slither Wing|42/100
|
|upkeep
|turn|5
|
|t:|1779887555
|move|p1a: Slither Wing|First Impression|p2a: Ting-Lu
|-supereffective|p2a: Ting-Lu
|-damage|p2a: Ting-Lu|6/100
|move|p2a: Ting-Lu|Spikes|p1a: Slither Wing
|-sidestart|p1: cachowcapow|Spikes
|
|upkeep
|turn|6
|
|t:|1779887573
|switch|p2a: Iron Valiant|Iron Valiant|100/100
|-enditem|p2a: Iron Valiant|Booster Energy
|-activate|p2a: Iron Valiant|ability: Quark Drive|[fromitem]
|-start|p2a: Iron Valiant|quarkdrivespe
|move|p1a: Slither Wing|Morning Sun|p1a: Slither Wing
|-heal|p1a: Slither Wing|92/100
|
|upkeep
|turn|7
|
|t:|1779887588
|move|p2a: Iron Valiant|Close Combat|p1a: Slither Wing
|-resisted|p1a: Slither Wing
|-damage|p1a: Slither Wing|74/100
|-unboost|p2a: Iron Valiant|def|1
|-unboost|p2a: Iron Valiant|spd|1
|-damage|p2a: Iron Valiant|84/100|[from] item: Rocky Helmet|[of] p1a: Slither Wing
|move|p1a: Slither Wing|Will-O-Wisp|p2a: Iron Valiant
|-status|p2a: Iron Valiant|brn
|
|-damage|p2a: Iron Valiant|78/100 brn|[from] brn
|upkeep
|turn|8
|
|t:|1779887597
|-end|p1a: Slither Wing|Protosynthesis|[silent]
|switch|p1a: Scizor|Scizor, M|100/100
|move|p2a: Iron Valiant|Moonblast|p1a: Scizor
|-resisted|p1a: Scizor
|-damage|p1a: Scizor|82/100
|-unboost|p1a: Scizor|spa|1
|
|-damage|p2a: Iron Valiant|71/100 brn|[from] brn
|upkeep
|turn|9
|
|t:|1779887610
|-end|p2a: Iron Valiant|Quark Drive|[silent]
|switch|p2a: Gholdengo|Gholdengo|100/100
|-item|p2a: Gholdengo|Air Balloon
|move|p1a: Scizor|Swords Dance|p1a: Scizor
|-boost|p1a: Scizor|atk|2
|
|upkeep
|turn|10
|
|t:|1779887615
|switch|p2a: Ting-Lu|Ting-Lu|6/100
|-ability|p2a: Ting-Lu|Vessel of Ruin
|move|p1a: Scizor|Knock Off|p2a: Ting-Lu
|-resisted|p2a: Ting-Lu
|-damage|p2a: Ting-Lu|0 fnt
|-enditem|p2a: Ting-Lu|Custap Berry|[from] move: Knock Off|[of] p1a: Scizor
|faint|p2a: Ting-Lu
|
|upkeep
|
|t:|1779887619
|switch|p2a: Dragonite|Dragonite, M|100/100
|turn|11
|
|t:|1779887626
|-terastallize|p1a: Scizor|Water
|move|p2a: Dragonite|Fire Punch|p1a: Scizor
|-resisted|p1a: Scizor
|-damage|p1a: Scizor|68/100
|-status|p1a: Scizor|brn
|move|p1a: Scizor|Defog|p2a: Dragonite
|-unboost|p2a: Dragonite|evasion|1
|-sideend|p1: cachowcapow|Spikes|[from] move: Defog|[of] p1a: Scizor
|
|-damage|p1a: Scizor|62/100 brn|[from] brn
|upkeep
|turn|12
|
|t:|1779887633
|move|p2a: Dragonite|Dragon Claw|p1a: Scizor
|-damage|p1a: Scizor|16/100 brn
|move|p1a: Scizor|Knock Off|p2a: Dragonite
|-damage|p2a: Dragonite|85/100
|-enditem|p2a: Dragonite|Heavy-Duty Boots|[from] move: Knock Off|[of] p1a: Scizor
|
|-damage|p1a: Scizor|10/100 brn|[from] brn
|upkeep
|turn|13
|
|t:|1779887640
|move|p1a: Scizor|Bullet Punch|p2a: Dragonite
|-damage|p2a: Dragonite|57/100
|move|p2a: Dragonite|Dragon Dance|p2a: Dragonite
|-boost|p2a: Dragonite|atk|1
|-boost|p2a: Dragonite|spe|1
|
|-damage|p1a: Scizor|4/100 brn|[from] brn
|upkeep
|turn|14
|
|t:|1779887643
|move|p1a: Scizor|Bullet Punch|p2a: Dragonite
|-damage|p2a: Dragonite|27/100
|move|p2a: Dragonite|Dragon Dance|p2a: Dragonite
|-boost|p2a: Dragonite|atk|1
|-boost|p2a: Dragonite|spe|1
|
|-damage|p1a: Scizor|0 fnt|[from] brn
|faint|p1a: Scizor
|upkeep
|
|t:|1779887659
|switch|p1a: Slither Wing|Slither Wing|74/100
|turn|15
|
|t:|1779887669
|move|p1a: Slither Wing|First Impression|p2a: Dragonite
|-resisted|p2a: Dragonite
|-damage|p2a: Dragonite|4/100
|move|p2a: Dragonite|Fire Punch|p1a: Slither Wing
|-supereffective|p1a: Slither Wing
|-damage|p1a: Slither Wing|0 fnt
|-damage|p2a: Dragonite|0 fnt|[from] item: Rocky Helmet|[of] p1a: Slither Wing
|faint|p1a: Slither Wing
|-end|p1a: Slither Wing|Protosynthesis|[silent]
|faint|p2a: Dragonite
|
|upkeep
|inactive|cachowcapow has 120 seconds left.
|
|t:|1779887706
|switch|p2a: Iron Valiant|Iron Valiant|71/100 brn
|switch|p1a: Ogerpon|Ogerpon, F|100/100
|turn|16
|inactive|cachowcapow has 120 seconds left.
|
|t:|1779887718
|switch|p1a: Mew|Mew, shiny|100/100
|move|p2a: Iron Valiant|Moonblast|p1a: Mew
|-damage|p1a: Mew|64/100
|
|-damage|p2a: Iron Valiant|65/100 brn|[from] brn
|upkeep
|turn|17
|
|t:|1779887725
|-end|p2a: Iron Valiant|Quark Drive|[silent]
|switch|p2a: Ogerpon|Ogerpon-Wellspring, F|100/100
|move|p1a: Mew|Agility|p1a: Mew
|-boost|p1a: Mew|spe|2
|
|upkeep
|turn|18
|
|t:|1779887730
|move|p1a: Mew|Calm Mind|p1a: Mew
|-boost|p1a: Mew|spa|1
|-boost|p1a: Mew|spd|1
|move|p2a: Ogerpon|Encore|p1a: Mew
|-start|p1a: Mew|Encore
|
|upkeep
|turn|19
|
|t:|1779887740
|move|p1a: Mew|Calm Mind|p1a: Mew
|-boost|p1a: Mew|spa|1
|-boost|p1a: Mew|spd|1
|move|p2a: Ogerpon|U-turn|p1a: Mew
|-supereffective|p1a: Mew
|-damage|p1a: Mew|29/100
|-enditem|p1a: Mew|Weakness Policy
|-boost|p1a: Mew|atk|2|[from] item: Weakness Policy
|-boost|p1a: Mew|spa|2|[from] item: Weakness Policy
|
|t:|1779887750
|switch|p2a: Glimmora|Glimmora, F|100/100|[from] U-turn
|
|upkeep
|turn|20
|
|t:|1779887753
|move|p1a: Mew|Calm Mind|p1a: Mew
|-boost|p1a: Mew|spa|1
|-boost|p1a: Mew|spd|1
|move|p2a: Glimmora|Mortal Spin|p1a: Mew
|-damage|p1a: Mew|25/100
|-status|p1a: Mew|psn
|-activate|p1a: Mew|ability: Synchronize
|-immune|p2a: Glimmora
|
|-damage|p1a: Mew|13/100 psn|[from] psn
|upkeep
|turn|21
|
|t:|1779887760
|move|p1a: Mew|Calm Mind|p1a: Mew
|-boost|p1a: Mew|spa|1
|-boost|p1a: Mew|spd|1
|move|p2a: Glimmora|Stealth Rock|p1a: Mew
|-sidestart|p1: cachowcapow|move: Stealth Rock
|
|-damage|p1a: Mew|0 fnt|[from] psn
|faint|p1a: Mew
|upkeep
|
|t:|1779887768
|switch|p1a: Ogerpon|Ogerpon, F|100/100
|-damage|p1a: Ogerpon|88/100|[from] Stealth Rock
|turn|22
|
|t:|1779887776
|move|p1a: Ogerpon|Ivy Cudgel|p2a: Glimmora
|-damage|p2a: Glimmora|47/100
|-activate|p2a: Glimmora|ability: Toxic Debris
|-sidestart|p1: cachowcapow|move: Toxic Spikes
|-enditem|p2a: Glimmora|Red Card|[of] p1a: Ogerpon
|drag|p1a: Gardevoir|Gardevoir, M, shiny|100/100
|-damage|p1a: Gardevoir|88/100|[from] Stealth Rock
|-status|p1a: Gardevoir|psn
|-ability|p1a: Gardevoir|Toxic Debris|Trace|[from] ability: Trace|[of] p2a: Glimmora
|move|p2a: Glimmora|Power Gem|p1a: Gardevoir
|-damage|p1a: Gardevoir|48/100 psn
|
|-damage|p1a: Gardevoir|36/100 psn|[from] psn
|upkeep
|turn|23
|-message|cachowcapow forfeited.
|
|win|Capidaxter
|raw|cachowcapow's rating: 1584 &rarr; <strong>1564</strong><br />(-20 for losing)
|raw|Capidaxter's rating: 1577 &rarr; <strong>1597</strong><br />(+20 for winning)
|l|☆cachowcapow
|player|p1|
|l|☆Capidaxter
|player|p2|
|l| Yamhard
