|j|☆crepitansalt
|j|☆Draconic Echo
|t:|1779871157
|gametype|singles
|player|p1|crepitansalt|aetherfoundation2|1415
|player|p2|Draconic Echo|gladion|1421
|gen|9
|tier|[Gen 9] OU
|rated|
|rule|HP Percentage Mod: HP is shown in percentages
|rule|Endless Battle Clause: Forcing endless battles is banned
|rule|Species Clause: Limit one of each Pokémon
|rule|OHKO Clause: OHKO moves are banned
|rule|Evasion Items Clause: Evasion items are banned
|rule|Evasion Moves Clause: Evasion moves are banned
|rule|Evasion Abilities Clause: Evasion abilities are banned
|rule|Sleep Moves Clause: Sleep-inducing moves are banned
|clearpoke
|poke|p1|Gliscor, F|
|poke|p1|Corviknight, F|
|poke|p1|Clefable, M|
|poke|p1|Dondozo, M|
|poke|p1|Iron Valiant|
|poke|p1|Tyranitar, F|
|poke|p2|Great Tusk|
|poke|p2|Vaporeon, F|
|poke|p2|Corviknight, M|
|poke|p2|Samurott-Hisui, M|
|poke|p2|Hatterene, F|
|poke|p2|Jolteon, F|
|teampreview
|
|t:|1779871165
|teamsize|p1|6
|teamsize|p2|6
|start
|switch|p1a: Iron Valiant|Iron Valiant|100/100
|switch|p2a: Meep|Vaporeon, F|100/100
|turn|1
|
|t:|1779871167
|move|p1a: Iron Valiant|Thunderbolt|p2a: Meep
|-supereffective|p2a: Meep
|-damage|p2a: Meep|35/100
|move|p2a: Meep|Scald|p1a: Iron Valiant
|-damage|p1a: Iron Valiant|47/100
|-status|p1a: Iron Valiant|brn
|
|-heal|p2a: Meep|41/100|[from] item: Leftovers
|-damage|p1a: Iron Valiant|40/100 brn|[from] brn
|upkeep
|turn|2
|
|t:|1779871175
|-end|p1a: Iron Valiant|Quark Drive|[silent]
|switch|p1a: Corviknight|Corviknight, F|100/100
|-ability|p1a: Corviknight|Pressure
|move|p2a: Meep|Protect||[still]
|-fail|p2a: Meep
|
|-heal|p2a: Meep|47/100|[from] item: Leftovers
|upkeep
|turn|3
|
|t:|1779871176
|move|p1a: Corviknight|Brave Bird|p2a: Meep
|-damage|p2a: Meep|20/100
|-damage|p1a: Corviknight|90/100|[from] Recoil
|move|p2a: Meep|Wish|p2a: Meep
|
|-heal|p2a: Meep|26/100|[from] item: Leftovers
|upkeep
|turn|4
|
|t:|1779871180
|switch|p1a: Iron Valiant|Iron Valiant|40/100 brn
|move|p2a: Meep|Protect||[still]
|-fail|p2a: Meep
|
|-heal|p2a: Meep|76/100|[from] move: Wish|[wisher] Meep
|-heal|p2a: Meep|82/100|[from] item: Leftovers
|-damage|p1a: Iron Valiant|34/100 brn|[from] brn
|upkeep
|turn|5
|
|t:|1779871193
|move|p2a: Meep|Protect|p2a: Meep
|-singleturn|p2a: Meep|Protect
|move|p1a: Iron Valiant|Thunderbolt|p2a: Meep
|-activate|p2a: Meep|move: Protect
|
|-heal|p2a: Meep|88/100|[from] item: Leftovers
|-damage|p1a: Iron Valiant|28/100 brn|[from] brn
|upkeep
|turn|6
|
|t:|1779871196
|-end|p1a: Iron Valiant|Quark Drive|[silent]
|switch|p1a: Corviknight|Corviknight, F|90/100
|-ability|p1a: Corviknight|Pressure
|switch|p2a: :3|Jolteon, F|100/100
|
|upkeep
|turn|7
|inactive|Battle timer is ON: inactive players will automatically lose when time's up. (requested by crepitansalt)
|
|t:|1779871203
|switch|p2a: Hi|Great Tusk|100/100
|switch|p1a: Gliscor|Gliscor, F|100/100
|
|-status|p1a: Gliscor|tox|[from] item: Toxic Orb
|upkeep
|turn|8
|
|t:|1779871205
|move|p2a: Hi|Ice Spinner|p1a: Gliscor
|-supereffective|p1a: Gliscor
|-damage|p1a: Gliscor|0 fnt
|faint|p1a: Gliscor
|
|upkeep
|
|t:|1779871209
|switch|p1a: Iron Valiant|Iron Valiant|28/100 brn
|turn|9
|
|t:|1779871214
|-end|p2a: Hi|Protosynthesis|[silent]
|switch|p2a: :D|Corviknight, M, shiny|100/100
|-ability|p2a: :D|Pressure
|-terastallize|p1a: Iron Valiant|Fairy
|move|p1a: Iron Valiant|Moonblast|p2a: :D
|-resisted|p2a: :D
|-damage|p2a: :D|70/100
|-unboost|p2a: :D|spa|1
|
|-damage|p1a: Iron Valiant|22/100 brn|[from] brn
|upkeep
|turn|10
|
|t:|1779871217
|-end|p1a: Iron Valiant|Quark Drive|[silent]
|switch|p1a: Corviknight|Corviknight, F|90/100
|-ability|p1a: Corviknight|Pressure
|move|p2a: :D|Roost|p2a: :D
|-heal|p2a: :D|100/100
|-singleturn|p2a: :D|move: Roost
|
|upkeep
|turn|11
|
|t:|1779871225
|switch|p2a: :)|Hatterene, F|100/100
|move|p1a: Corviknight|U-turn|p2a: :)
|-damage|p2a: :)|87/100
|
|t:|1779871230
|switch|p1a: Tyranitar|Tyranitar, F|100/100|[from] U-turn
|-weather|Sandstorm|[from] ability: Sand Stream|[of] p1a: Tyranitar
|
|-weather|Sandstorm|[upkeep]
|-damage|p2a: :)|81/100|[from] Sandstorm
|-heal|p2a: :)|87/100|[from] item: Leftovers
|upkeep
|turn|12
|
|t:|1779871238
|switch|p2a: Hi|Great Tusk|100/100
|move|p1a: Tyranitar|Knock Off|p2a: Hi
|-resisted|p2a: Hi
|-damage|p2a: Hi|85/100
|-enditem|p2a: Hi|Choice Band|[from] move: Knock Off|[of] p1a: Tyranitar
|
|-weather|Sandstorm|[upkeep]
|upkeep
|turn|13
|
|t:|1779871241
|switch|p1a: Corviknight|Corviknight, F|90/100
|-ability|p1a: Corviknight|Pressure
|move|p2a: Hi|Close Combat|p1a: Corviknight
|-damage|p1a: Corviknight|55/100
|-unboost|p2a: Hi|def|1
|-unboost|p2a: Hi|spd|1
|-damage|p2a: Hi|69/100|[from] item: Rocky Helmet|[of] p1a: Corviknight
|
|-weather|Sandstorm|[upkeep]
|upkeep
|turn|14
|
|t:|1779871247
|-end|p2a: Hi|Protosynthesis|[silent]
|switch|p2a: :3|Jolteon, F|100/100
|move|p1a: Corviknight|Roost|p1a: Corviknight
|-heal|p1a: Corviknight|100/100
|-singleturn|p1a: Corviknight|move: Roost
|
|-weather|Sandstorm|[upkeep]
|-damage|p2a: :3|95/100|[from] Sandstorm
|upkeep
|turn|15
|
|t:|1779871250
|move|p2a: :3|Volt Switch|p1a: Corviknight
|-supereffective|p1a: Corviknight
|-damage|p1a: Corviknight|37/100
|
|t:|1779871252
|switch|p2a: :D|Corviknight, M, shiny|100/100|[from] Volt Switch
|-ability|p2a: :D|Pressure
|move|p1a: Corviknight|U-turn|p2a: :D
|-resisted|p2a: :D
|-crit|p2a: :D
|-damage|p2a: :D|96/100
|-damage|p1a: Corviknight|21/100|[from] item: Rocky Helmet|[of] p2a: :D
|
|t:|1779871256
|switch|p1a: Clefable|Clefable, M|100/100|[from] U-turn
|
|-weather|none
|upkeep
|turn|16
|
|t:|1779871258
|switch|p2a: :)|Hatterene, F|87/100
|move|p1a: Clefable|Calm Mind|p1a: Clefable
|-boost|p1a: Clefable|spa|1
|-boost|p1a: Clefable|spd|1
|
|-heal|p2a: :)|93/100|[from] item: Leftovers
|upkeep
|turn|17
|
|t:|1779871262
|move|p1a: Clefable|Calm Mind|p1a: Clefable
|-boost|p1a: Clefable|spa|1
|-boost|p1a: Clefable|spd|1
|move|p2a: :)|Mystical Fire|p1a: Clefable
|-damage|p1a: Clefable|89/100
|-unboost|p1a: Clefable|spa|1
|
|-heal|p2a: :)|99/100|[from] item: Leftovers
|upkeep
|turn|18
|
|t:|1779871263
|move|p1a: Clefable|Calm Mind|p1a: Clefable
|-boost|p1a: Clefable|spa|1
|-boost|p1a: Clefable|spd|1
|move|p2a: :)|Mystical Fire|p1a: Clefable
|-damage|p1a: Clefable|80/100
|-unboost|p1a: Clefable|spa|1
|
|-heal|p2a: :)|100/100|[from] item: Leftovers
|upkeep
|turn|19
|
|t:|1779871265
|move|p1a: Clefable|Calm Mind|p1a: Clefable
|-boost|p1a: Clefable|spa|1
|-boost|p1a: Clefable|spd|1
|move|p2a: :)|Mystical Fire|p1a: Clefable
|-damage|p1a: Clefable|73/100
|-unboost|p1a: Clefable|spa|1
|
|upkeep
|turn|20
|
|t:|1779871267
|move|p1a: Clefable|Calm Mind|p1a: Clefable
|-boost|p1a: Clefable|spa|1
|-boost|p1a: Clefable|spd|1
|move|p2a: :)|Psychic Noise|p1a: Clefable
|-damage|p1a: Clefable|64/100
|-start|p1a: Clefable|move: Heal Block
|
|upkeep
|turn|21
|
|t:|1779871272
|move|p1a: Clefable|Moonblast|p2a: :)
|-damage|p2a: :)|25/100
|move|p2a: :)|Mystical Fire|p1a: Clefable
|-damage|p1a: Clefable|57/100
|-unboost|p1a: Clefable|spa|1
|
|-heal|p2a: :)|31/100|[from] item: Leftovers
|-end|p1a: Clefable|move: Heal Block
|upkeep
|turn|22
|
|t:|1779871275
|move|p1a: Clefable|Moonlight|p1a: Clefable
|-heal|p1a: Clefable|100/100
|move|p2a: :)|Psychic Noise|p1a: Clefable
|-damage|p1a: Clefable|91/100
|-start|p1a: Clefable|move: Heal Block
|
|-heal|p2a: :)|37/100|[from] item: Leftovers
|upkeep
|turn|23
|
|t:|1779871281
|switch|p2a: :D|Corviknight, M, shiny|96/100
|-ability|p2a: :D|Pressure
|move|p1a: Clefable|Moonblast|p2a: :D
|-resisted|p2a: :D
|-damage|p2a: :D|75/100
|
|-end|p1a: Clefable|move: Heal Block
|upkeep
|turn|24
|
|t:|1779871282
|move|p2a: :D|Brave Bird|p1a: Clefable
|-damage|p1a: Clefable|65/100
|-damage|p2a: :D|67/100|[from] Recoil
|move|p1a: Clefable|Flamethrower|p2a: :D
|-supereffective|p2a: :D
|-damage|p2a: :D|18/100
|
|upkeep
|turn|25
|
|t:|1779871286
|move|p2a: :D|Brave Bird|p1a: Clefable
|-damage|p1a: Clefable|36/100
|-damage|p2a: :D|8/100|[from] Recoil
|move|p1a: Clefable|Calm Mind|p1a: Clefable
|-boost|p1a: Clefable|spa|1
|-boost|p1a: Clefable|spd|1
|
|upkeep
|turn|26
|
|t:|1779871292
|move|p2a: :D|Brave Bird|p1a: Clefable
|-damage|p1a: Clefable|9/100
|-damage|p2a: :D|0 fnt|[from] Recoil
|faint|p2a: :D
|move|p1a: Clefable|Moonlight|p1a: Clefable
|-heal|p1a: Clefable|59/100
|
|upkeep
|
|t:|1779871293
|switch|p2a: Hi|Great Tusk|69/100
|turn|27
|
|t:|1779871294
|move|p2a: Hi|Headlong Rush|p1a: Clefable
|-damage|p1a: Clefable|7/100
|-unboost|p2a: Hi|def|1
|-unboost|p2a: Hi|spd|1
|move|p1a: Clefable|Moonblast|p2a: Hi
|-supereffective|p2a: Hi
|-damage|p2a: Hi|0 fnt
|faint|p2a: Hi
|-end|p2a: Hi|Protosynthesis|[silent]
|
|upkeep
|
|t:|1779871299
|switch|p2a: >:(|Samurott-Hisui, M|100/100
|turn|28
|
|t:|1779871304
|move|p2a: >:(|Aqua Cutter|p1a: Clefable
|-damage|p1a: Clefable|0 fnt
|faint|p1a: Clefable
|
|upkeep
|
|t:|1779871305
|switch|p1a: Iron Valiant|Iron Valiant, tera:Fairy|22/100 brn
|turn|29
|
|t:|1779871308
|move|p2a: >:(|Aqua Cutter|p1a: Iron Valiant
|-damage|p1a: Iron Valiant|0 fnt
|faint|p1a: Iron Valiant
|-end|p1a: Iron Valiant|Quark Drive|[silent]
|
|upkeep
|
|t:|1779871312
|switch|p1a: Dondozo|Dondozo, M|100/100
|turn|30
|
|t:|1779871315
|switch|p2a: Meep|Vaporeon, F|88/100
|move|p1a: Dondozo|Curse|p1a: Dondozo
|-unboost|p1a: Dondozo|spe|1
|-boost|p1a: Dondozo|atk|1
|-boost|p1a: Dondozo|def|1
|
|-heal|p2a: Meep|95/100|[from] item: Leftovers
|upkeep
|turn|31
|
|t:|1779871317
|switch|p1a: Tyranitar|Tyranitar, F|100/100
|-weather|Sandstorm|[from] ability: Sand Stream|[of] p1a: Tyranitar
|move|p2a: Meep|Scald|p1a: Tyranitar
|-supereffective|p1a: Tyranitar
|-damage|p1a: Tyranitar|84/100
|
|-weather|Sandstorm|[upkeep]
|-damage|p2a: Meep|88/100|[from] Sandstorm
|-heal|p2a: Meep|95/100|[from] item: Leftovers
|upkeep
|turn|32
|
|t:|1779871321
|move|p2a: Meep|Protect|p2a: Meep
|-singleturn|p2a: Meep|Protect
|move|p1a: Tyranitar|Knock Off|p2a: Meep
|-activate|p2a: Meep|move: Protect
|
|-weather|Sandstorm|[upkeep]
|-damage|p2a: Meep|88/100|[from] Sandstorm
|-heal|p2a: Meep|95/100|[from] item: Leftovers
|upkeep
|turn|33
|
|t:|1779871326
|switch|p2a: >:(|Samurott-Hisui, M|100/100
|move|p1a: Tyranitar|Knock Off|p2a: >:(
|-resisted|p2a: >:(
|-damage|p2a: >:(|74/100
|-enditem|p2a: >:(|Choice Scarf|[from] move: Knock Off|[of] p1a: Tyranitar
|
|-weather|Sandstorm|[upkeep]
|-damage|p2a: >:(|68/100|[from] Sandstorm
|upkeep
|turn|34
|
|t:|1779871332
|switch|p1a: Dondozo|Dondozo, M|100/100
|move|p2a: >:(|Ceaseless Edge|p1a: Dondozo
|-damage|p1a: Dondozo|82/100
|-sidestart|p1: crepitansalt|Spikes
|
|-weather|Sandstorm|[upkeep]
|-damage|p2a: >:(|62/100|[from] Sandstorm
|-damage|p1a: Dondozo|76/100|[from] Sandstorm
|upkeep
|turn|35
|
|t:|1779871336
|switch|p2a: :3|Jolteon, F|95/100
|move|p1a: Dondozo|Curse|p1a: Dondozo
|-unboost|p1a: Dondozo|spe|1
|-boost|p1a: Dondozo|atk|1
|-boost|p1a: Dondozo|def|1
|
|-weather|none
|upkeep
|turn|36
|
|t:|1779871338
|switch|p1a: Corviknight|Corviknight, F|21/100
|-ability|p1a: Corviknight|Pressure
|move|p2a: :3|Volt Switch|p1a: Corviknight
|-supereffective|p1a: Corviknight
|-crit|p1a: Corviknight
|-damage|p1a: Corviknight|0 fnt
|faint|p1a: Corviknight
|
|t:|1779871341
|switch|p2a: Meep|Vaporeon, F|95/100|[from] Volt Switch
|
|-heal|p2a: Meep|100/100|[from] item: Leftovers
|upkeep
|
|t:|1779871343
|switch|p1a: Tyranitar|Tyranitar, F|84/100
|-damage|p1a: Tyranitar|72/100|[from] Spikes
|-weather|Sandstorm|[from] ability: Sand Stream|[of] p1a: Tyranitar
|turn|37
|
|t:|1779871348
|move|p2a: Meep|Scald|p1a: Tyranitar
|-supereffective|p1a: Tyranitar
|-damage|p1a: Tyranitar|55/100
|move|p1a: Tyranitar|Knock Off|p2a: Meep
|-damage|p2a: Meep|68/100
|-enditem|p2a: Meep|Leftovers|[from] move: Knock Off|[of] p1a: Tyranitar
|
|-weather|Sandstorm|[upkeep]
|-damage|p2a: Meep|61/100|[from] Sandstorm
|upkeep
|turn|38
|
|t:|1779871354
|move|p2a: Meep|Wish|p2a: Meep
|move|p1a: Tyranitar|Stone Edge|p2a: Meep
|-damage|p2a: Meep|30/100
|
|-weather|Sandstorm|[upkeep]
|-damage|p2a: Meep|23/100|[from] Sandstorm
|upkeep
|turn|39
|
|t:|1779871359
|switch|p1a: Dondozo|Dondozo, M|76/100
|move|p2a: Meep|Protect||[still]
|-fail|p2a: Meep
|
|-weather|Sandstorm|[upkeep]
|-damage|p2a: Meep|17/100|[from] Sandstorm
|-damage|p1a: Dondozo|70/100|[from] Sandstorm
|-heal|p2a: Meep|67/100|[from] move: Wish|[wisher] Meep
|upkeep
|turn|40
|
|t:|1779871361
|move|p2a: Meep|Scald|p1a: Dondozo
|-resisted|p1a: Dondozo
|-damage|p1a: Dondozo|55/100
|-status|p1a: Dondozo|brn
|move|p1a: Dondozo|Curse|p1a: Dondozo
|-unboost|p1a: Dondozo|spe|1
|-boost|p1a: Dondozo|atk|1
|-boost|p1a: Dondozo|def|1
|
|-weather|Sandstorm|[upkeep]
|-damage|p2a: Meep|61/100|[from] Sandstorm
|-damage|p1a: Dondozo|49/100 brn|[from] Sandstorm
|-damage|p1a: Dondozo|43/100 brn|[from] brn
|upkeep
|turn|41
|-message|crepitansalt forfeited.
|
|win|Draconic Echo
|raw|crepitansalt's rating: 1415 &rarr; <strong>1395</strong><br />(-20 for losing)
|raw|Draconic Echo's rating: 1421 &rarr; <strong>1441</strong><br />(+20 for winning)
|l|☆crepitansalt
|player|p1|
|l|☆Draconic Echo
|player|p2|
