|j|☆What-The-Fcuck
|j|☆its tetover
|t:|1779945709
|gametype|singles
|player|p1|What-The-Fcuck|hoopster|1437
|player|p2|its tetover|gardenia|1530
|gen|9
|tier|[Gen 9] OU
|rated|
|rule|HP Percentage Mod: HP is shown in percentages
|rule|Endless Battle Clause: Forcing endless battles is banned
|rule|Species Clause: Limit one of each Pokémon
|rule|OHKO Clause: OHKO moves are banned
|rule|Evasion Items Clause: Evasion items are banned
|rule|Evasion Moves Clause: Evasion moves are banned
|rule|Evasion Abilities Clause: Evasion abilities are banned
|rule|Sleep Moves Clause: Sleep-inducing moves are banned
|clearpoke
|poke|p1|Kommo-o, F|
|poke|p1|Polteageist|
|poke|p1|Cloyster, F|
|poke|p1|Garchomp, F|
|poke|p1|Grimmsnarl, M|
|poke|p1|Gengar, F|
|poke|p2|Ribombee, M|
|poke|p2|Brambleghast, M|
|poke|p2|Pawmot, F|
|poke|p2|Kyurem|
|poke|p2|Ursaluna, F|
|poke|p2|Tornadus, M|
|teampreview
|
|t:|1779945728
|teamsize|p1|6
|teamsize|p2|6
|start
|switch|p1a: Vigina|Cloyster, F, shiny|100/100
|switch|p2a: Ribombee|Ribombee, M|100/100
|turn|1
|inactive|Battle timer is ON: inactive players will automatically lose when time's up. (requested by What-The-Fcuck)
|
|t:|1779945737
|move|p2a: Ribombee|Tailwind|p2a: Ribombee
|-sidestart|p2: its tetover|move: Tailwind
|move|p1a: Vigina|Shell Smash|p1a: Vigina
|-unboost|p1a: Vigina|def|1
|-unboost|p1a: Vigina|spd|1
|-boost|p1a: Vigina|atk|2
|-boost|p1a: Vigina|spa|2
|-boost|p1a: Vigina|spe|2
|
|upkeep
|turn|2
|
|t:|1779945742
|move|p2a: Ribombee|Moonblast|p1a: Vigina
|-enditem|p1a: Vigina|Focus Sash
|-damage|p1a: Vigina|1/100
|move|p1a: Vigina|Shell Smash|p1a: Vigina
|-unboost|p1a: Vigina|def|1
|-unboost|p1a: Vigina|spd|1
|-boost|p1a: Vigina|atk|2
|-boost|p1a: Vigina|spa|2
|-boost|p1a: Vigina|spe|2
|
|upkeep
|turn|3
|
|t:|1779945753
|switch|p2a: Ursaluna|Ursaluna, F|100/100
|move|p1a: Vigina|Icicle Spear|p2a: Ursaluna
|-supereffective|p2a: Ursaluna
|-damage|p2a: Ursaluna|46/100
|-supereffective|p2a: Ursaluna
|-damage|p2a: Ursaluna|0 fnt
|faint|p2a: Ursaluna
|-hitcount|p2: Ursaluna|2
|
|upkeep
|
|t:|1779945756
|switch|p2a: Pawmot|Pawmot, F|100/100
|turn|4
|
|t:|1779945769
|move|p2a: Pawmot|Mach Punch|p1a: Vigina
|-supereffective|p1a: Vigina
|-damage|p1a: Vigina|0 fnt
|faint|p1a: Vigina
|-damage|p2a: Pawmot|91/100|[from] item: Life Orb
|
|-sideend|p2: its tetover|move: Tailwind
|upkeep
|
|t:|1779945775
|switch|p1a: Mrs.Tea Pot|Polteageist|100/100
|turn|5
|
|t:|1779945791
|move|p2a: Pawmot|Double Shock|p1a: Mrs.Tea Pot
|-enditem|p1a: Mrs.Tea Pot|Focus Sash
|-damage|p1a: Mrs.Tea Pot|1/100
|-start|p2a: Pawmot|typechange|???/Fighting|[from] move: Double Shock
|-damage|p2a: Pawmot|81/100|[from] item: Life Orb
|move|p1a: Mrs.Tea Pot|Shell Smash|p1a: Mrs.Tea Pot
|-unboost|p1a: Mrs.Tea Pot|def|1
|-unboost|p1a: Mrs.Tea Pot|spd|1
|-boost|p1a: Mrs.Tea Pot|atk|2
|-boost|p1a: Mrs.Tea Pot|spa|2
|-boost|p1a: Mrs.Tea Pot|spe|2
|
|upkeep
|turn|6
|
|t:|1779945814
|switch|p2a: Kyurem|Kyurem|100/100
|-ability|p2a: Kyurem|Pressure
|move|p1a: Mrs.Tea Pot|Giga Drain|p2a: Kyurem
|-resisted|p2a: Kyurem
|-damage|p2a: Kyurem|84/100
|-heal|p1a: Mrs.Tea Pot|14/100|[from] drain|[of] p2a: Kyurem
|
|upkeep
|turn|7
|
|t:|1779945819
|move|p1a: Mrs.Tea Pot|Stored Power|p2a: Kyurem
|-damage|p2a: Kyurem|25/100
|move|p2a: Kyurem|Ice Beam|p1a: Mrs.Tea Pot
|-damage|p1a: Mrs.Tea Pot|0 fnt
|-start|p2a: Kyurem|Disable|Ice Beam|[from] ability: Cursed Body|[of] p1a: Mrs.Tea Pot
|faint|p1a: Mrs.Tea Pot
|
|upkeep
|
|t:|1779945840
|switch|p1a: Guava|Kommo-o, F, shiny|100/100
|turn|8
|
|t:|1779945853
|-terastallize|p1a: Guava|Fire
|move|p2a: Kyurem|Draco Meteor|p1a: Guava
|-damage|p1a: Guava|37/100
|-unboost|p2a: Kyurem|spa|2
|move|p1a: Guava|Clangorous Soul|p1a: Guava
|-boost|p1a: Guava|atk|1
|-boost|p1a: Guava|def|1
|-boost|p1a: Guava|spa|1
|-boost|p1a: Guava|spd|1
|-boost|p1a: Guava|spe|1
|-damage|p1a: Guava|4/100
|-enditem|p1a: Guava|Aguav Berry|[eat]
|-heal|p1a: Guava|37/100|[from] item: Aguav Berry
|
|upkeep
|turn|9
|
|t:|1779945866
|move|p1a: Guava|Drain Punch|p2a: Kyurem
|-supereffective|p2a: Kyurem
|-damage|p2a: Kyurem|0 fnt
|-heal|p1a: Guava|52/100|[from] drain|[of] p2a: Kyurem
|faint|p2a: Kyurem
|
|upkeep
|
|t:|1779945873
|switch|p2a: Tornadus|Tornadus, M|100/100
|turn|10
|
|t:|1779945878
|move|p2a: Tornadus|Tailwind|p2a: Tornadus
|-sidestart|p2: its tetover|move: Tailwind
|move|p1a: Guava|Ice Punch|p2a: Tornadus
|-supereffective|p2a: Tornadus
|-damage|p2a: Tornadus|6/100
|-enditem|p2a: Tornadus|Eject Button
|
|t:|1779945880
|switch|p2a: Pawmot|Pawmot, F|81/100
|
|upkeep
|turn|11
|
|t:|1779945889
|-terastallize|p2a: Pawmot|Electric
|move|p2a: Pawmot|Double Shock|p1a: Guava
|-damage|p1a: Guava|2/100
|-start|p2a: Pawmot|typechange|Electric|[from] move: Double Shock
|-damage|p2a: Pawmot|71/100|[from] item: Life Orb
|move|p1a: Guava|Drain Punch|p2a: Pawmot
|-damage|p2a: Pawmot|0 fnt
|-heal|p1a: Guava|32/100|[from] drain|[of] p2a: Pawmot
|faint|p2a: Pawmot
|
|upkeep
|inactive|its tetover has 120 seconds left.
|
|t:|1779945920
|switch|p2a: Tornadus|Tornadus, M|6/100
|turn|12
|
|t:|1779945927
|move|p2a: Tornadus|Bleakwind Storm|p1a: Guava|[miss]
|-miss|p2a: Tornadus|p1a: Guava
|move|p1a: Guava|Drain Punch|p2a: Tornadus
|-resisted|p2a: Tornadus
|-damage|p2a: Tornadus|0 fnt
|-heal|p1a: Guava|34/100|[from] drain|[of] p2a: Tornadus
|faint|p2a: Tornadus
|
|upkeep
|
|t:|1779945942
|switch|p2a: Ribombee|Ribombee, M|100/100
|turn|13
|
|t:|1779945947
|move|p2a: Ribombee|Sticky Web|p1a: Guava
|-sidestart|p1: What-The-Fcuck|move: Sticky Web
|move|p1a: Guava|Poison Jab|p2a: Ribombee
|-supereffective|p2a: Ribombee
|-enditem|p2a: Ribombee|Focus Sash
|-damage|p2a: Ribombee|1/100
|
|-sideend|p2: its tetover|move: Tailwind
|upkeep
|turn|14
|
|t:|1779945955
|move|p2a: Ribombee|Tailwind|p2a: Ribombee
|-sidestart|p2: its tetover|move: Tailwind
|move|p1a: Guava|Drain Punch|p2a: Ribombee
|-resisted|p2a: Ribombee
|-damage|p2a: Ribombee|0 fnt
|-heal|p1a: Guava|35/100|[from] drain|[of] p2a: Ribombee
|faint|p2a: Ribombee
|
|upkeep
|
|t:|1779945957
|switch|p2a: Brambleghast|Brambleghast, M|100/100
|-ability|p2a: Brambleghast|Wind Rider|boost
|-boost|p2a: Brambleghast|atk|1
|turn|15
|
|t:|1779945967
|move|p2a: Brambleghast|Power Whip|p1a: Guava|[miss]
|-miss|p2a: Brambleghast|p1a: Guava
|move|p1a: Guava|Ice Punch|p2a: Brambleghast
|-supereffective|p2a: Brambleghast
|-damage|p2a: Brambleghast|0 fnt
|faint|p2a: Brambleghast
|
|win|What-The-Fcuck
|raw|What-The-Fcuck's rating: 1437 &rarr; <strong>1462</strong><br />(+25 for winning)
|raw|its tetover's rating: 1530 &rarr; <strong>1505</strong><br />(-25 for losing)
|l|☆its tetover
|player|p2|
