|j|☆DropAFreezeDry
|j|☆ImClownALT
|t:|1779921888
|gametype|singles
|player|p1|DropAFreezeDry|candice|1422
|player|p2|ImClownALT|tuber|1473
|gen|9
|tier|[Gen 9] OU
|rated|
|rule|HP Percentage Mod: HP is shown in percentages
|rule|Endless Battle Clause: Forcing endless battles is banned
|rule|Species Clause: Limit one of each Pokémon
|rule|OHKO Clause: OHKO moves are banned
|rule|Evasion Items Clause: Evasion items are banned
|rule|Evasion Moves Clause: Evasion moves are banned
|rule|Evasion Abilities Clause: Evasion abilities are banned
|rule|Sleep Moves Clause: Sleep-inducing moves are banned
|clearpoke
|poke|p1|Ninetales-Alola, F|
|poke|p1|Glaceon, F|
|poke|p1|Ogerpon-Wellspring, F|
|poke|p1|Great Tusk|
|poke|p1|Arcanine-Hisui, M|
|poke|p1|Kingambit, M|
|poke|p2|Cinderace, F|
|poke|p2|Pecharunt|
|poke|p2|Corviknight, F|
|poke|p2|Iron Valiant|
|poke|p2|Ting-Lu|
|poke|p2|Ogerpon-Wellspring, F|
|teampreview
|inactive|Battle timer is ON: inactive players will automatically lose when time's up. (requested by DropAFreezeDry)
|
|t:|1779921897
|teamsize|p1|6
|teamsize|p2|6
|start
|switch|p1a: Great Tusk|Great Tusk|100/100
|switch|p2a: neymar jr.|Cinderace, F, shiny|100/100
|turn|1
|j| BiscoitoXDBr
|
|t:|1779921902
|move|p2a: neymar jr.|Will-O-Wisp|p1a: Great Tusk
|-status|p1a: Great Tusk|brn
|move|p1a: Great Tusk|Earthquake|p2a: neymar jr.
|-supereffective|p2a: neymar jr.
|-damage|p2a: neymar jr.|47/100
|
|-damage|p1a: Great Tusk|94/100 brn|[from] brn
|upkeep
|turn|2
|
|t:|1779921910
|move|p2a: neymar jr.|U-turn|p1a: Great Tusk
|-start|p2a: neymar jr.|typechange|Bug|[from] ability: Libero
|-resisted|p1a: Great Tusk
|-damage|p1a: Great Tusk|85/100 brn
|
|t:|1779921915
|switch|p2a: britt|Ogerpon-Wellspring, F|100/100|[from] U-turn
|move|p1a: Great Tusk|Stealth Rock|p2a: britt
|-sidestart|p2: ImClownALT|move: Stealth Rock
|
|-damage|p1a: Great Tusk|79/100 brn|[from] brn
|upkeep
|turn|3
|
|t:|1779921922
|-end|p1a: Great Tusk|Protosynthesis|[silent]
|switch|p1a: Ogerpon|Ogerpon-Wellspring, F|100/100
|move|p2a: britt|Swords Dance|p2a: britt
|-boost|p2a: britt|atk|2
|
|upkeep
|turn|4
|
|t:|1779921926
|move|p1a: Ogerpon|Horn Leech|p2a: britt
|-damage|p2a: britt|43/100
|move|p2a: britt|Trailblaze|p1a: Ogerpon
|-damage|p1a: Ogerpon|25/100
|-boost|p2a: britt|spe|1
|
|upkeep
|turn|5
|
|t:|1779921936
|switch|p1a: Arcanine|Arcanine-Hisui, M|100/100
|move|p2a: britt|Trailblaze|p1a: Arcanine
|-damage|p1a: Arcanine|29/100
|-boost|p2a: britt|spe|1
|
|upkeep
|turn|6
|
|t:|1779921949
|switch|p2a: suco di uva|Pecharunt|100/100
|move|p1a: Arcanine|Extreme Speed|p2a: suco di uva
|-immune|p2a: suco di uva
|
|upkeep
|turn|7
|
|t:|1779921955
|switch|p1a: Great Tusk|Great Tusk|79/100 brn
|move|p2a: suco di uva|Shadow Ball|p1a: Great Tusk
|-damage|p1a: Great Tusk|35/100 brn
|-unboost|p1a: Great Tusk|spd|1
|
|-damage|p1a: Great Tusk|29/100 brn|[from] brn
|upkeep
|turn|8
|
|t:|1779921961
|move|p2a: suco di uva|Shadow Ball|p1a: Great Tusk
|-damage|p1a: Great Tusk|0 fnt
|faint|p1a: Great Tusk
|-end|p1a: Great Tusk|Protosynthesis|[silent]
|
|upkeep
|
|t:|1779921967
|switch|p1a: Kingambit|Kingambit, M|100/100
|-activate|p1a: Kingambit|ability: Supreme Overlord
|-start|p1a: Kingambit|fallen1|[silent]
|turn|9
|
|t:|1779921972
|switch|p2a: korvax|Corviknight, F, shiny|100/100
|-damage|p2a: korvax|88/100|[from] Stealth Rock
|-ability|p2a: korvax|Pressure
|move|p1a: Kingambit|Swords Dance|p1a: Kingambit
|-boost|p1a: Kingambit|atk|2
|
|upkeep
|turn|10
|
|t:|1779921979
|-end|p1a: Kingambit|fallen1|[silent]
|switch|p1a: Ninetales|Ninetales-Alola, F|100/100
|-weather|Snowscape|[from] ability: Snow Warning|[of] p1a: Ninetales
|move|p2a: korvax|U-turn|p1a: Ninetales
|-resisted|p1a: Ninetales
|-damage|p1a: Ninetales|93/100
|
|t:|1779921992
|switch|p2a: neymar jr.|Cinderace, F, shiny|47/100|[from] U-turn
|
|-weather|Snowscape|[upkeep]
|upkeep
|turn|11
|
|t:|1779921996
|move|p2a: neymar jr.|Pyro Ball|p1a: Ninetales
|-supereffective|p1a: Ninetales
|-damage|p1a: Ninetales|0 fnt
|faint|p1a: Ninetales
|
|-weather|Snowscape|[upkeep]
|upkeep
|
|t:|1779921999
|switch|p1a: Arcanine|Arcanine-Hisui, M|29/100
|turn|12
|
|t:|1779922005
|switch|p2a: suco di uva|Pecharunt|100/100
|move|p1a: Arcanine|Head Smash|p2a: suco di uva
|-damage|p2a: suco di uva|23/100
|
|-weather|Snowscape|[upkeep]
|upkeep
|turn|13
|
|t:|1779922010
|move|p1a: Arcanine|Head Smash|p2a: suco di uva
|-damage|p2a: suco di uva|0 fnt
|faint|p2a: suco di uva
|
|-weather|Snowscape|[upkeep]
|upkeep
|
|t:|1779922019
|switch|p2a: YjaoNUB|Ting-Lu, shiny|100/100
|-damage|p2a: YjaoNUB|94/100|[from] Stealth Rock
|-ability|p2a: YjaoNUB|Vessel of Ruin
|turn|14
|
|t:|1779922023
|switch|p1a: Ogerpon|Ogerpon-Wellspring, F|25/100
|move|p2a: YjaoNUB|Earthquake|p1a: Ogerpon
|-resisted|p1a: Ogerpon
|-damage|p1a: Ogerpon|2/100
|
|-weather|none
|-heal|p2a: YjaoNUB|100/100|[from] item: Leftovers
|upkeep
|turn|15
|
|t:|1779922028
|move|p1a: Ogerpon|Horn Leech|p2a: YjaoNUB
|-supereffective|p2a: YjaoNUB
|-damage|p2a: YjaoNUB|50/100
|-heal|p1a: Ogerpon|45/100|[from] drain|[of] p2a: YjaoNUB
|move|p2a: YjaoNUB|Earthquake|p1a: Ogerpon
|-resisted|p1a: Ogerpon
|-crit|p1a: Ogerpon
|-damage|p1a: Ogerpon|7/100
|
|-heal|p2a: YjaoNUB|57/100|[from] item: Leftovers
|upkeep
|turn|16
|
|t:|1779922032
|switch|p2a: korvax|Corviknight, F, shiny|88/100
|-damage|p2a: korvax|76/100|[from] Stealth Rock
|-ability|p2a: korvax|Pressure
|move|p1a: Ogerpon|Horn Leech|p2a: korvax
|-resisted|p2a: korvax
|-damage|p2a: korvax|69/100
|-heal|p1a: Ogerpon|12/100|[from] drain|[of] p2a: korvax
|-damage|p1a: Ogerpon|0 fnt|[from] item: Rocky Helmet|[of] p2a: korvax
|faint|p1a: Ogerpon
|
|upkeep
|
|t:|1779922038
|switch|p1a: Arcanine|Arcanine-Hisui, M|29/100
|turn|17
|
|t:|1779922048
|switch|p2a: YjaoNUB|Ting-Lu, shiny|57/100
|-damage|p2a: YjaoNUB|50/100|[from] Stealth Rock
|-ability|p2a: YjaoNUB|Vessel of Ruin
|move|p1a: Arcanine|Flare Blitz|p2a: YjaoNUB
|-damage|p2a: YjaoNUB|5/100
|
|-heal|p2a: YjaoNUB|11/100|[from] item: Leftovers
|upkeep
|turn|18
|
|t:|1779922051
|move|p1a: Arcanine|Flare Blitz|p2a: YjaoNUB
|-damage|p2a: YjaoNUB|0 fnt
|faint|p2a: YjaoNUB
|
|upkeep
|
|t:|1779922053
|switch|p2a: japonesnumeros|Iron Valiant, shiny|100/100
|-damage|p2a: japonesnumeros|94/100|[from] Stealth Rock
|turn|19
|
|t:|1779922064
|-terastallize|p2a: japonesnumeros|Fairy
|move|p2a: japonesnumeros|Moonblast|p1a: Arcanine
|-resisted|p1a: Arcanine
|-damage|p1a: Arcanine|0 fnt
|faint|p1a: Arcanine
|
|upkeep
|
|t:|1779922068
|switch|p1a: Glaceon|Glaceon, F|100/100
|turn|20
|
|t:|1779922073
|move|p2a: japonesnumeros|Moonblast|p1a: Glaceon
|-damage|p1a: Glaceon|32/100
|move|p1a: Glaceon|Blizzard|p2a: japonesnumeros|[miss]
|-miss|p1a: Glaceon|p2a: japonesnumeros
|
|upkeep
|turn|21
|
|t:|1779922078
|move|p2a: japonesnumeros|Moonblast|p1a: Glaceon
|-damage|p1a: Glaceon|0 fnt
|faint|p1a: Glaceon
|
|upkeep
|
|t:|1779922080
|switch|p1a: Kingambit|Kingambit, M|100/100
|-activate|p1a: Kingambit|ability: Supreme Overlord
|-start|p1a: Kingambit|fallen5|[silent]
|turn|22
|
|t:|1779922088
|move|p2a: japonesnumeros|Moonblast|p1a: Kingambit
|-damage|p1a: Kingambit|44/100
|move|p1a: Kingambit|Swords Dance|p1a: Kingambit
|-boost|p1a: Kingambit|atk|2
|
|upkeep
|turn|23
|
|t:|1779922093
|move|p1a: Kingambit|Sucker Punch|p2a: japonesnumeros
|-resisted|p2a: japonesnumeros
|-damage|p2a: japonesnumeros|0 fnt
|faint|p2a: japonesnumeros
|-end|p2a: japonesnumeros|Quark Drive|[silent]
|
|upkeep
|
|t:|1779922103
|switch|p2a: neymar jr.|Cinderace, F, shiny|47/100
|turn|24
|
|t:|1779922106
|move|p2a: neymar jr.|Will-O-Wisp|p1a: Kingambit
|-status|p1a: Kingambit|brn
|move|p1a: Kingambit|Swords Dance|p1a: Kingambit
|-boost|p1a: Kingambit|atk|2
|
|-damage|p1a: Kingambit|38/100 brn|[from] brn
|upkeep
|turn|25
|
|t:|1779922113
|switch|p2a: korvax|Corviknight, F, shiny|69/100
|-damage|p2a: korvax|57/100|[from] Stealth Rock
|-ability|p2a: korvax|Pressure
|move|p1a: Kingambit|Kowtow Cleave|p2a: korvax
|-crit|p2a: korvax
|-damage|p2a: korvax|0 fnt
|-damage|p1a: Kingambit|21/100 brn|[from] item: Rocky Helmet|[of] p2a: korvax
|faint|p2a: korvax
|
|-damage|p1a: Kingambit|15/100 brn|[from] brn
|upkeep
|
|t:|1779922120
|switch|p2a: britt|Ogerpon-Wellspring, F|43/100
|-damage|p2a: britt|31/100|[from] Stealth Rock
|turn|26
|
|t:|1779922123
|move|p2a: britt|Ivy Cudgel|p1a: Kingambit|[anim] Ivy Cudgel Water
|-damage|p1a: Kingambit|0 fnt
|faint|p1a: Kingambit
|-end|p1a: Kingambit|fallen5|[silent]
|
|win|ImClownALT
|raw|DropAFreezeDry's rating: 1422 &rarr; <strong>1405</strong><br />(-17 for losing)
|raw|ImClownALT's rating: 1473 &rarr; <strong>1490</strong><br />(+17 for winning)
|l|☆DropAFreezeDry
|player|p1|
|l| BiscoitoXDBr
