|j|☆owl_with_scarf
|j|☆LetsgoBrandonJ
|t:|1779926701
|gametype|singles
|player|p1|owl_with_scarf|#owlwithscarf|1702
|player|p2|LetsgoBrandonJ|palmer|1697
|gen|9
|tier|[Gen 9] OU
|rated|
|rule|HP Percentage Mod: HP is shown in percentages
|rule|Endless Battle Clause: Forcing endless battles is banned
|rule|Species Clause: Limit one of each Pokémon
|rule|OHKO Clause: OHKO moves are banned
|rule|Evasion Items Clause: Evasion items are banned
|rule|Evasion Moves Clause: Evasion moves are banned
|rule|Evasion Abilities Clause: Evasion abilities are banned
|rule|Sleep Moves Clause: Sleep-inducing moves are banned
|clearpoke
|poke|p1|Diancie|
|poke|p1|Blaziken, M|
|poke|p1|Oricorio-Pom-Pom, F|
|poke|p1|Cinderace, M|
|poke|p1|Regidrago|
|poke|p1|Ursaluna, F|
|poke|p2|Tyranitar, M|
|poke|p2|Excadrill, M|
|poke|p2|Keldeo-Resolute|
|poke|p2|Tornadus-Therian, M|
|poke|p2|Heatran, M|
|poke|p2|Hydrapple, F|
|teampreview
|inactive|Battle timer is ON: inactive players will automatically lose when time's up. (requested by LetsgoBrandonJ)
|inactive|owl_with_scarf also wants the timer to be on.
|
|t:|1779926722
|teamsize|p1|6
|teamsize|p2|6
|start
|switch|p1a: Blaziken|Blaziken, M|100/100
|switch|p2a: Tyranitar|Tyranitar, M|100/100
|-weather|Sandstorm|[from] ability: Sand Stream|[of] p2a: Tyranitar
|turn|1
|
|t:|1779926730
|switch|p2a: Hydrapple|Hydrapple, F|100/100
|move|p1a: Blaziken|Swords Dance|p1a: Blaziken
|-boost|p1a: Blaziken|atk|2
|
|-weather|Sandstorm|[upkeep]
|-damage|p1a: Blaziken|95/100|[from] Sandstorm
|-damage|p2a: Hydrapple|94/100|[from] Sandstorm
|-heal|p1a: Blaziken|100/100|[from] item: Leftovers
|-ability|p1a: Blaziken|Speed Boost|boost
|-boost|p1a: Blaziken|spe|1
|upkeep
|turn|2
|
|t:|1779926741
|move|p1a: Blaziken|Close Combat|p2a: Hydrapple
|-damage|p2a: Hydrapple|21/100
|-unboost|p1a: Blaziken|def|1
|-unboost|p1a: Blaziken|spd|1
|-damage|p1a: Blaziken|84/100|[from] item: Rocky Helmet|[of] p2a: Hydrapple
|move|p2a: Hydrapple|Earth Power|p1a: Blaziken
|-supereffective|p1a: Blaziken
|-damage|p1a: Blaziken|0 fnt
|faint|p1a: Blaziken
|
|-weather|Sandstorm|[upkeep]
|-damage|p2a: Hydrapple|15/100|[from] Sandstorm
|upkeep
|j| Honourial
|
|t:|1779926747
|switch|p1a: Regidrago|Regidrago|100/100
|turn|3
|j| yuureisuisei
|
|t:|1779926758
|switch|p2a: Tornadus|Tornadus-Therian, M|100/100
|move|p1a: Regidrago|Scale Shot|p2a: Tornadus
|-damage|p2a: Tornadus|83/100
|-damage|p2a: Tornadus|64/100
|-damage|p2a: Tornadus|47/100
|-damage|p2a: Tornadus|31/100
|-damage|p2a: Tornadus|14/100
|-hitcount|p2a: Tornadus|5
|-unboost|p1a: Regidrago|def|1
|-boost|p1a: Regidrago|spe|1
|
|-weather|Sandstorm|[upkeep]
|-damage|p1a: Regidrago|94/100|[from] Sandstorm
|-damage|p2a: Tornadus|8/100|[from] Sandstorm
|upkeep
|turn|4
|j| nesnot
|
|t:|1779926773
|move|p1a: Regidrago|Scale Shot|p2a: Tornadus|[miss]
|-miss|p1a: Regidrago|p2a: Tornadus
|move|p2a: Tornadus|U-turn|p1a: Regidrago
|-crit|p1a: Regidrago
|-damage|p1a: Regidrago|54/100
|
|t:|1779926779
|switch|p2a: Excadrill|Excadrill, M|100/100|[from] U-turn
|-item|p2a: Excadrill|Air Balloon
|
|-weather|Sandstorm|[upkeep]
|-damage|p1a: Regidrago|48/100|[from] Sandstorm
|upkeep
|turn|5
|
|t:|1779926787
|move|p2a: Excadrill|Iron Head|p1a: Regidrago
|-damage|p1a: Regidrago|0 fnt
|faint|p1a: Regidrago
|
|-weather|none
|upkeep
|l| nesnot
|
|t:|1779926797
|switch|p1a: Cinderace|Cinderace, M|100/100
|turn|6
|
|t:|1779926803
|switch|p2a: Tyranitar|Tyranitar, M|100/100
|-weather|Sandstorm|[from] ability: Sand Stream|[of] p2a: Tyranitar
|move|p1a: Cinderace|High Jump Kick|p2a: Tyranitar
|-start|p1a: Cinderace|typechange|Fighting|[from] ability: Libero
|-supereffective|p2a: Tyranitar
|-damage|p2a: Tyranitar|0 fnt
|faint|p2a: Tyranitar
|
|-weather|Sandstorm|[upkeep]
|-damage|p1a: Cinderace|95/100|[from] Sandstorm
|upkeep
|
|t:|1779926823
|switch|p2a: Excadrill|Excadrill, M|100/100
|-item|p2a: Excadrill|Air Balloon
|turn|7
|
|t:|1779926837
|-terastallize|p2a: Excadrill|Ghost
|move|p2a: Excadrill|Earthquake|p1a: Cinderace
|-damage|p1a: Cinderace|15/100
|move|p1a: Cinderace|High Jump Kick|p2a: Excadrill
|-immune|p2a: Excadrill
|-damage|p1a: Cinderace|0 fnt|[from] highjumpkick
|faint|p1a: Cinderace
|
|-weather|Sandstorm|[upkeep]
|upkeep
|j| Imperium of man
|l| Imperium of man
|
|t:|1779926845
|switch|p1a: Oricorio|Oricorio-Pom-Pom, F|100/100
|turn|8
|
|t:|1779926853
|move|p2a: Excadrill|Iron Head|p1a: Oricorio
|-resisted|p1a: Oricorio
|-damage|p1a: Oricorio|78/100
|move|p1a: Oricorio|Quiver Dance|p1a: Oricorio
|-boost|p1a: Oricorio|spa|1
|-boost|p1a: Oricorio|spd|1
|-boost|p1a: Oricorio|spe|1
|
|-weather|Sandstorm|[upkeep]
|-damage|p1a: Oricorio|71/100|[from] Sandstorm
|-heal|p1a: Oricorio|78/100|[from] item: Leftovers
|upkeep
|turn|9
|
|t:|1779926864
|switch|p2a: Heatran|Heatran, M|100/100
|move|p1a: Oricorio|Quiver Dance|p1a: Oricorio
|-boost|p1a: Oricorio|spa|1
|-boost|p1a: Oricorio|spd|1
|-boost|p1a: Oricorio|spe|1
|
|-weather|Sandstorm|[upkeep]
|-damage|p1a: Oricorio|71/100|[from] Sandstorm
|-heal|p1a: Oricorio|78/100|[from] item: Leftovers
|upkeep
|turn|10
|j| AbrarS
|
|t:|1779926876
|move|p1a: Oricorio|Quiver Dance|p1a: Oricorio
|-boost|p1a: Oricorio|spa|1
|-boost|p1a: Oricorio|spd|1
|-boost|p1a: Oricorio|spe|1
|move|p2a: Heatran|Magma Storm|p1a: Oricorio
|-damage|p1a: Oricorio|54/100
|-activate|p1a: Oricorio|move: Magma Storm|[of] p2a: Heatran
|
|-weather|none
|-heal|p1a: Oricorio|61/100|[from] item: Leftovers
|-damage|p1a: Oricorio|48/100|[from] move: Magma Storm|[partiallytrapped]
|upkeep
|turn|11
|
|t:|1779926888
|move|p1a: Oricorio|Roost|p1a: Oricorio
|-heal|p1a: Oricorio|98/100
|-singleturn|p1a: Oricorio|move: Roost
|move|p2a: Heatran|Magma Storm|p1a: Oricorio
|-damage|p1a: Oricorio|78/100
|
|-heal|p1a: Oricorio|84/100|[from] item: Leftovers
|-damage|p1a: Oricorio|71/100|[from] move: Magma Storm|[partiallytrapped]
|upkeep
|turn|12
|l| Honourial
|
|t:|1779926898
|move|p1a: Oricorio|Quiver Dance|p1a: Oricorio
|-boost|p1a: Oricorio|spa|1
|-boost|p1a: Oricorio|spd|1
|-boost|p1a: Oricorio|spe|1
|move|p2a: Heatran|Magma Storm|p1a: Oricorio|[miss]
|-miss|p2a: Heatran|p1a: Oricorio
|
|-heal|p1a: Oricorio|78/100|[from] item: Leftovers
|-damage|p1a: Oricorio|65/100|[from] move: Magma Storm|[partiallytrapped]
|upkeep
|turn|13
|j| Hexin
|
|t:|1779926917
|move|p1a: Oricorio|Quiver Dance|p1a: Oricorio
|-boost|p1a: Oricorio|spa|1
|-boost|p1a: Oricorio|spd|1
|-boost|p1a: Oricorio|spe|1
|move|p2a: Heatran|Magma Storm|p1a: Oricorio|[miss]
|-miss|p2a: Heatran|p1a: Oricorio
|
|-heal|p1a: Oricorio|71/100|[from] item: Leftovers
|-damage|p1a: Oricorio|59/100|[from] move: Magma Storm|[partiallytrapped]
|upkeep
|turn|14
|
|t:|1779926928
|move|p1a: Oricorio|Quiver Dance|p1a: Oricorio
|-boost|p1a: Oricorio|spa|1
|-boost|p1a: Oricorio|spd|1
|-boost|p1a: Oricorio|spe|1
|move|p2a: Heatran|Earth Power|p1a: Oricorio
|-immune|p1a: Oricorio
|
|-heal|p1a: Oricorio|65/100|[from] item: Leftovers
|-damage|p1a: Oricorio|53/100|[from] move: Magma Storm|[partiallytrapped]
|upkeep
|turn|15
|
|t:|1779926938
|move|p1a: Oricorio|Roost|p1a: Oricorio
|-heal|p1a: Oricorio|100/100
|-singleturn|p1a: Oricorio|move: Roost
|move|p2a: Heatran|Magma Storm|p1a: Oricorio
|-damage|p1a: Oricorio|87/100
|
|-heal|p1a: Oricorio|93/100|[from] item: Leftovers
|-end|p1a: Oricorio|Magma Storm|[partiallytrapped]
|upkeep
|turn|16
|
|t:|1779926948
|move|p1a: Oricorio|Revelation Dance|p2a: Heatran
|-damage|p2a: Heatran|17/100
|move|p2a: Heatran|Magma Storm|p1a: Oricorio|[miss]
|-miss|p2a: Heatran|p1a: Oricorio
|
|-heal|p1a: Oricorio|99/100|[from] item: Leftovers
|-heal|p2a: Heatran|24/100|[from] item: Leftovers
|upkeep
|turn|17
|
|t:|1779926958
|move|p1a: Oricorio|Revelation Dance|p2a: Heatran
|-damage|p2a: Heatran|0 fnt
|faint|p2a: Heatran
|
|-heal|p1a: Oricorio|100/100|[from] item: Leftovers
|upkeep
|
|t:|1779926969
|switch|p2a: Excadrill|Excadrill, M, tera:Ghost|100/100
|-item|p2a: Excadrill|Air Balloon
|turn|18
|
|t:|1779926974
|move|p1a: Oricorio|Revelation Dance|p2a: Excadrill
|-damage|p2a: Excadrill|0 fnt
|-enditem|p2a: Excadrill|Air Balloon
|faint|p2a: Excadrill
|
|upkeep
|
|t:|1779926981
|switch|p2a: Tornadus|Tornadus-Therian, M|41/100
|turn|19
|
|t:|1779926985
|-terastallize|p1a: Oricorio|Fighting
|move|p1a: Oricorio|Revelation Dance|p2a: Tornadus
|-resisted|p2a: Tornadus
|-damage|p2a: Tornadus|0 fnt
|faint|p2a: Tornadus
|
|upkeep
|l| AbrarS
|
|t:|1779926993
|switch|p2a: Keldeo|Keldeo-Resolute|100/100
|turn|20
|
|t:|1779926997
|move|p1a: Oricorio|Revelation Dance|p2a: Keldeo
|-damage|p2a: Keldeo|0 fnt
|faint|p2a: Keldeo
|
|upkeep
|
|t:|1779927003
|switch|p2a: Hydrapple|Hydrapple, F|48/100
|turn|21
|
|t:|1779927006
|move|p1a: Oricorio|Revelation Dance|p2a: Hydrapple
|-damage|p2a: Hydrapple|0 fnt
|faint|p2a: Hydrapple
|
|win|owl_with_scarf
|raw|owl_with_scarf's rating: 1702 &rarr; <strong>1722</strong><br />(+20 for winning)
|raw|LetsgoBrandonJ's rating: 1697 &rarr; <strong>1677</strong><br />(-20 for losing)
|l|☆owl_with_scarf
|player|p1|
|l|☆LetsgoBrandonJ
|player|p2|
|l| yuureisuisei
