|j|☆kingX_manz4o
|j|☆gvgvjvfcgv
|t:|1779905853
|gametype|singles
|player|p1|kingX_manz4o|aaron|1191
|player|p2|gvgvjvfcgv|101|1224
|gen|9
|tier|[Gen 9] OU
|rated|
|rule|HP Percentage Mod: HP is shown in percentages
|rule|Endless Battle Clause: Forcing endless battles is banned
|rule|Species Clause: Limit one of each Pokémon
|rule|OHKO Clause: OHKO moves are banned
|rule|Evasion Items Clause: Evasion items are banned
|rule|Evasion Moves Clause: Evasion moves are banned
|rule|Evasion Abilities Clause: Evasion abilities are banned
|rule|Sleep Moves Clause: Sleep-inducing moves are banned
|clearpoke
|poke|p1|Ceruledge, M|
|poke|p1|Samurott-Hisui, M|
|poke|p1|Kingambit, F|
|poke|p1|Dragapult, F|
|poke|p1|Iron Crown|
|poke|p1|Great Tusk|
|poke|p2|Dragonite, F|
|poke|p2|Clefable, F|
|poke|p2|Moltres|
|poke|p2|Haunter, M|
|poke|p2|Gengar, M|
|poke|p2|Golem, F|
|teampreview
|
|t:|1779905861
|teamsize|p1|6
|teamsize|p2|6
|start
|switch|p1a: Great Tusk|Great Tusk|100/100
|switch|p2a: Golem|Golem, F|100/100
|-enditem|p1a: Great Tusk|Booster Energy
|-activate|p1a: Great Tusk|ability: Protosynthesis|[fromitem]
|-start|p1a: Great Tusk|protosynthesisatk
|turn|1
|
|t:|1779905878
|move|p1a: Great Tusk|Bulk Up|p1a: Great Tusk
|-boost|p1a: Great Tusk|atk|1
|-boost|p1a: Great Tusk|def|1
|move|p2a: Golem|Earthquake|p1a: Great Tusk
|-damage|p1a: Great Tusk|67/100
|
|upkeep
|turn|2
|
|t:|1779905884
|switch|p2a: Moltres|Moltres|100/100
|move|p1a: Great Tusk|Earthquake|p2a: Moltres
|-immune|p2a: Moltres
|
|upkeep
|turn|3
|
|t:|1779905891
|move|p2a: Moltres|Will-O-Wisp|p1a: Great Tusk
|-status|p1a: Great Tusk|brn
|move|p1a: Great Tusk|Close Combat|p2a: Moltres
|-resisted|p2a: Moltres
|-damage|p2a: Moltres|77/100
|-unboost|p1a: Great Tusk|def|1
|-unboost|p1a: Great Tusk|spd|1
|
|-damage|p1a: Great Tusk|61/100 brn|[from] brn
|upkeep
|turn|4
|
|t:|1779905902
|-end|p1a: Great Tusk|Protosynthesis|[silent]
|switch|p1a: Dragapult|Dragapult, F, shiny|100/100
|move|p2a: Moltres|Flamethrower|p1a: Dragapult
|-resisted|p1a: Dragapult
|-damage|p1a: Dragapult|71/100
|
|upkeep
|turn|5
|
|t:|1779905910
|switch|p2a: Clefable|Clefable, F|100/100
|move|p1a: Dragapult|Dragon Darts|p2a: Clefable
|-immune|p2a: Clefable
|
|upkeep
|turn|6
|
|t:|1779905915
|move|p1a: Dragapult|Will-O-Wisp|p2a: Clefable
|-status|p2a: Clefable|brn
|move|p2a: Clefable|Moonblast|p1a: Dragapult
|-supereffective|p1a: Dragapult
|-damage|p1a: Dragapult|0 fnt
|faint|p1a: Dragapult
|
|upkeep
|
|t:|1779905920
|switch|p1a: Iron Crown|Iron Crown|100/100
|turn|7
|
|t:|1779905948
|-terastallize|p1a: Iron Crown|Steel
|move|p1a: Iron Crown|Tachyon Cutter|p2a: Clefable
|-supereffective|p2a: Clefable
|-damage|p2a: Clefable|33/100 brn
|-supereffective|p2a: Clefable
|-damage|p2a: Clefable|0 fnt
|faint|p2a: Clefable
|-hitcount|p2: Clefable|2
|
|upkeep
|
|t:|1779905958
|switch|p2a: Golem|Golem, F|100/100
|turn|8
|
|t:|1779905973
|move|p1a: Iron Crown|Tachyon Cutter|p2a: Golem
|-supereffective|p2a: Golem
|-ability|p2a: Golem|Sturdy
|-damage|p2a: Golem|1/100
|-supereffective|p2a: Golem
|-damage|p2a: Golem|0 fnt
|faint|p2a: Golem
|-hitcount|p2: Golem|2
|
|upkeep
|
|t:|1779905981
|switch|p2a: Moltres|Moltres|77/100
|turn|9
|
|t:|1779905985
|-end|p1a: Iron Crown|Quark Drive|[silent]
|switch|p1a: Samurott|Samurott-Hisui, M, shiny|100/100
|move|p2a: Moltres|Flamethrower|p1a: Samurott
|-resisted|p1a: Samurott
|-damage|p1a: Samurott|71/100
|
|upkeep
|turn|10
|
|t:|1779905991
|-terastallize|p2a: Moltres|Grass
|move|p1a: Samurott|Razor Shell|p2a: Moltres
|-resisted|p2a: Moltres
|-damage|p2a: Moltres|61/100
|-unboost|p2a: Moltres|def|1
|-status|p1a: Samurott|brn|[from] ability: Flame Body|[of] p2a: Moltres
|move|p2a: Moltres|Will-O-Wisp|p1a: Samurott
|-fail|p1a: Samurott|brn
|
|-damage|p1a: Samurott|65/100 brn|[from] brn
|upkeep
|turn|11
|
|t:|1779906006
|move|p1a: Samurott|Air Slash|p2a: Moltres
|-supereffective|p2a: Moltres
|-damage|p2a: Moltres|13/100
|move|p2a: Moltres|Roost|p2a: Moltres
|-heal|p2a: Moltres|63/100
|
|-damage|p1a: Samurott|58/100 brn|[from] brn
|upkeep
|turn|12
|
|t:|1779906018
|move|p1a: Samurott|Air Slash|p2a: Moltres
|-supereffective|p2a: Moltres
|-damage|p2a: Moltres|17/100
|cant|p2a: Moltres|flinch
|
|-damage|p1a: Samurott|52/100 brn|[from] brn
|upkeep
|turn|13
|
|t:|1779906025
|move|p1a: Samurott|Air Slash|p2a: Moltres
|-supereffective|p2a: Moltres
|-damage|p2a: Moltres|0 fnt
|faint|p2a: Moltres
|
|-damage|p1a: Samurott|46/100 brn|[from] brn
|upkeep
|
|t:|1779906033
|switch|p2a: Dragonite|Dragonite, F|100/100
|turn|14
|
|t:|1779906037
|move|p1a: Samurott|Knock Off|p2a: Dragonite
|-damage|p2a: Dragonite|89/100
|-enditem|p2a: Dragonite|Heavy-Duty Boots|[from] move: Knock Off|[of] p1a: Samurott
|move|p2a: Dragonite|Dragon Dance|p2a: Dragonite
|-boost|p2a: Dragonite|atk|1
|-boost|p2a: Dragonite|spe|1
|
|-damage|p1a: Samurott|40/100 brn|[from] brn
|upkeep
|turn|15
|
|t:|1779906047
|switch|p1a: Ceruledge|Ceruledge, M, shiny|100/100
|move|p2a: Dragonite|Dragon Dance|p2a: Dragonite
|-boost|p2a: Dragonite|atk|1
|-boost|p2a: Dragonite|spe|1
|
|upkeep
|turn|16
|
|t:|1779906053
|move|p2a: Dragonite|Earthquake|p1a: Ceruledge
|-supereffective|p1a: Ceruledge
|-enditem|p1a: Ceruledge|Focus Sash
|-damage|p1a: Ceruledge|1/100
|-ability|p1a: Ceruledge|Weak Armor|boost
|-unboost|p1a: Ceruledge|def|1
|-boost|p1a: Ceruledge|spe|2
|move|p1a: Ceruledge|Swords Dance|p1a: Ceruledge
|-boost|p1a: Ceruledge|atk|2
|
|upkeep
|turn|17
|
|t:|1779906063
|move|p1a: Ceruledge|Shadow Sneak|p2a: Dragonite
|-damage|p2a: Dragonite|48/100
|move|p2a: Dragonite|Earthquake|p1a: Ceruledge
|-supereffective|p1a: Ceruledge
|-damage|p1a: Ceruledge|0 fnt
|faint|p1a: Ceruledge
|
|upkeep
|
|t:|1779906067
|switch|p1a: Samurott|Samurott-Hisui, M, shiny|40/100 brn
|turn|18
|
|t:|1779906075
|move|p2a: Dragonite|Roost|p2a: Dragonite
|-heal|p2a: Dragonite|98/100
|-singleturn|p2a: Dragonite|move: Roost
|move|p1a: Samurott|Ceaseless Edge|p2a: Dragonite
|-damage|p2a: Dragonite|76/100
|-sidestart|p2: gvgvjvfcgv|Spikes
|
|-damage|p1a: Samurott|34/100 brn|[from] brn
|upkeep
|turn|19
|
|t:|1779906085
|move|p2a: Dragonite|Dragon Dance|p2a: Dragonite
|-boost|p2a: Dragonite|atk|1
|-boost|p2a: Dragonite|spe|1
|move|p1a: Samurott|Air Slash|p2a: Dragonite
|-damage|p2a: Dragonite|52/100
|
|-damage|p1a: Samurott|27/100 brn|[from] brn
|upkeep
|turn|20
|
|t:|1779906092
|move|p2a: Dragonite|Roost|p2a: Dragonite
|-heal|p2a: Dragonite|100/100
|-singleturn|p2a: Dragonite|move: Roost
|move|p1a: Samurott|Razor Shell|p2a: Dragonite
|-resisted|p2a: Dragonite
|-damage|p2a: Dragonite|94/100
|
|-damage|p1a: Samurott|21/100 brn|[from] brn
|upkeep
|turn|21
|
|t:|1779906100
|move|p2a: Dragonite|Dragon Dance|p2a: Dragonite
|-boost|p2a: Dragonite|atk|1
|-boost|p2a: Dragonite|spe|1
|move|p1a: Samurott|Razor Shell|p2a: Dragonite
|-resisted|p2a: Dragonite
|-damage|p2a: Dragonite|80/100
|-unboost|p2a: Dragonite|def|1
|
|-damage|p1a: Samurott|15/100 brn|[from] brn
|upkeep
|turn|22
|
|t:|1779906110
|move|p2a: Dragonite|Dragon Dance|p2a: Dragonite
|-boost|p2a: Dragonite|atk|1
|-boost|p2a: Dragonite|spe|1
|move|p1a: Samurott|Razor Shell|p2a: Dragonite
|-resisted|p2a: Dragonite
|-damage|p2a: Dragonite|57/100
|-unboost|p2a: Dragonite|def|1
|
|-damage|p1a: Samurott|9/100 brn|[from] brn
|upkeep
|turn|23
|
|t:|1779906126
|move|p2a: Dragonite|Roost|p2a: Dragonite
|-heal|p2a: Dragonite|100/100
|-singleturn|p2a: Dragonite|move: Roost
|move|p1a: Samurott|Razor Shell|p2a: Dragonite
|-resisted|p2a: Dragonite
|-damage|p2a: Dragonite|86/100
|-unboost|p2a: Dragonite|def|1
|
|-damage|p1a: Samurott|2/100 brn|[from] brn
|upkeep
|turn|24
|
|t:|1779906140
|move|p2a: Dragonite|Roost|p2a: Dragonite
|-heal|p2a: Dragonite|100/100
|-singleturn|p2a: Dragonite|move: Roost
|move|p1a: Samurott|Air Slash|p2a: Dragonite
|-damage|p2a: Dragonite|88/100
|
|-damage|p1a: Samurott|0 fnt|[from] brn
|faint|p1a: Samurott
|upkeep
|
|t:|1779906149
|switch|p1a: Great Tusk|Great Tusk|61/100 brn
|turn|25
|
|t:|1779906153
|move|p2a: Dragonite|Earthquake|p1a: Great Tusk
|-damage|p1a: Great Tusk|0 fnt
|faint|p1a: Great Tusk
|-end|p1a: Great Tusk|Protosynthesis|[silent]
|
|upkeep
|
|t:|1779906157
|switch|p1a: Kingambit|Kingambit, F, shiny|100/100
|-activate|p1a: Kingambit|ability: Supreme Overlord
|-start|p1a: Kingambit|fallen4|[silent]
|turn|26
|
|t:|1779906163
|move|p1a: Kingambit|Sucker Punch||[still]
|-fail|p1a: Kingambit
|move|p2a: Dragonite|Roost|p2a: Dragonite
|-heal|p2a: Dragonite|100/100
|-singleturn|p2a: Dragonite|move: Roost
|
|upkeep
|turn|27
|
|t:|1779906169
|move|p1a: Kingambit|Sucker Punch|p2a: Dragonite
|-damage|p2a: Dragonite|21/100
|move|p2a: Dragonite|Earthquake|p1a: Kingambit
|-supereffective|p1a: Kingambit
|-damage|p1a: Kingambit|0 fnt
|faint|p1a: Kingambit
|-end|p1a: Kingambit|fallen4|[silent]
|
|upkeep
|
|t:|1779906175
|switch|p1a: Iron Crown|Iron Crown, tera:Steel|100/100
|turn|28
|inactive|Battle timer is ON: inactive players will automatically lose when time's up. (requested by kingX_manz4o)
|
|t:|1779906215
|move|p2a: Dragonite|Earthquake|p1a: Iron Crown
|-supereffective|p1a: Iron Crown
|-damage|p1a: Iron Crown|0 fnt
|faint|p1a: Iron Crown
|-end|p1a: Iron Crown|Quark Drive|[silent]
|
|win|gvgvjvfcgv
|raw|kingX_manz4o's rating: 1191 &rarr; <strong>1168</strong><br />(-23 for losing)
|raw|gvgvjvfcgv's rating: 1224 &rarr; <strong>1247</strong><br />(+23 for winning)
|l|☆kingX_manz4o
|player|p1|
|l|☆gvgvjvfcgv
|player|p2|
