|j|☆weehorn man
|j|☆Vichox250816
|t:|1779805659
|gametype|singles
|player|p1|weehorn man|265|1383
|player|p2|Vichox250816|2|1360
|gen|9
|tier|[Gen 9] OU
|rated|
|rule|HP Percentage Mod: HP is shown in percentages
|rule|Endless Battle Clause: Forcing endless battles is banned
|rule|Species Clause: Limit one of each Pokémon
|rule|OHKO Clause: OHKO moves are banned
|rule|Evasion Items Clause: Evasion items are banned
|rule|Evasion Moves Clause: Evasion moves are banned
|rule|Evasion Abilities Clause: Evasion abilities are banned
|rule|Sleep Moves Clause: Sleep-inducing moves are banned
|clearpoke
|poke|p1|Ogerpon-Wellspring, F|
|poke|p1|Kingambit, M|
|poke|p1|Landorus-Therian, M|
|poke|p1|Glimmora, M|
|poke|p1|Dragapult, M|
|poke|p1|Iron Valiant|
|poke|p2|Gholdengo|
|poke|p2|Zamazenta-*|
|poke|p2|Weavile, M|
|poke|p2|Latias, F|
|poke|p2|Dragonite, M|
|poke|p2|Glimmora, M|
|teampreview
|
|t:|1779805669
|teamsize|p1|6
|teamsize|p2|6
|start
|switch|p1a: Landorus|Landorus-Therian, M|100/100
|switch|p2a: Dragonite|Dragonite, M|100/100
|-ability|p1a: Landorus|Intimidate|boost
|-unboost|p2a: Dragonite|atk|1
|turn|1
|
|t:|1779805686
|move|p1a: Landorus|Taunt|p2a: Dragonite
|-start|p2a: Dragonite|move: Taunt
|move|p2a: Dragonite|Ice Spinner|p1a: Landorus
|-supereffective|p1a: Landorus
|-damage|p1a: Landorus|13/100
|-damage|p2a: Dragonite|84/100|[from] item: Rocky Helmet|[of] p1a: Landorus
|
|upkeep
|turn|2
|
|t:|1779805694
|switch|p1a: Glimmora|Glimmora, M|100/100
|move|p2a: Dragonite|Ice Spinner|p1a: Glimmora
|-damage|p1a: Glimmora|73/100
|-activate|p1a: Glimmora|ability: Toxic Debris
|-sidestart|p2: Vichox250816|move: Toxic Spikes
|
|upkeep
|turn|3
|
|t:|1779805703
|move|p1a: Glimmora|Meteor Beam||[still]
|-prepare|p1a: Glimmora|Meteor Beam
|-boost|p1a: Glimmora|spa|1
|-enditem|p1a: Glimmora|Power Herb
|-anim|p1a: Glimmora|Meteor Beam|p2a: Dragonite
|-supereffective|p2a: Dragonite
|-damage|p2a: Dragonite|0 fnt
|faint|p2a: Dragonite
|
|upkeep
|
|t:|1779805713
|switch|p2a: Glimmora|Glimmora, M|100/100
|-sideend|p2: Vichox250816|move: Toxic Spikes|[of] p2a: Glimmora
|turn|4
|
|t:|1779805719
|move|p1a: Glimmora|Earth Power|p2a: Glimmora
|-supereffective|p2a: Glimmora
|-damage|p2a: Glimmora|0 fnt
|faint|p2a: Glimmora
|
|upkeep
|
|t:|1779805731
|switch|p2a: Zamazenta|Zamazenta|100/100
|-ability|p2a: Zamazenta|Dauntless Shield|boost
|-boost|p2a: Zamazenta|def|1
|turn|5
|
|t:|1779805744
|move|p2a: Zamazenta|Substitute|p2a: Zamazenta
|-start|p2a: Zamazenta|Substitute
|-damage|p2a: Zamazenta|76/100
|move|p1a: Glimmora|Mortal Spin|p2a: Zamazenta
|-activate|p2a: Zamazenta|move: Substitute|[damage]
|
|-heal|p2a: Zamazenta|82/100|[from] item: Leftovers
|upkeep
|turn|6
|
|t:|1779805752
|move|p2a: Zamazenta|Iron Defense|p2a: Zamazenta
|-boost|p2a: Zamazenta|def|2
|move|p1a: Glimmora|Earth Power|p2a: Zamazenta
|-end|p2a: Zamazenta|Substitute
|
|-heal|p2a: Zamazenta|88/100|[from] item: Leftovers
|upkeep
|turn|7
|
|t:|1779805760
|move|p2a: Zamazenta|Substitute|p2a: Zamazenta
|-start|p2a: Zamazenta|Substitute
|-damage|p2a: Zamazenta|63/100
|move|p1a: Glimmora|Earth Power|p2a: Zamazenta
|-end|p2a: Zamazenta|Substitute
|
|-heal|p2a: Zamazenta|69/100|[from] item: Leftovers
|upkeep
|turn|8
|
|t:|1779805767
|move|p2a: Zamazenta|Iron Defense|p2a: Zamazenta
|-boost|p2a: Zamazenta|def|2
|move|p1a: Glimmora|Earth Power|p2a: Zamazenta
|-damage|p2a: Zamazenta|24/100
|
|-heal|p2a: Zamazenta|31/100|[from] item: Leftovers
|upkeep
|turn|9
|
|t:|1779805774
|move|p2a: Zamazenta|Body Press|p1a: Glimmora
|-damage|p1a: Glimmora|0 fnt
|-activate|p1a: Glimmora|ability: Toxic Debris
|-sidestart|p2: Vichox250816|move: Toxic Spikes
|faint|p1a: Glimmora
|
|-heal|p2a: Zamazenta|37/100|[from] item: Leftovers
|upkeep
|
|t:|1779805780
|switch|p1a: Dragapult|Dragapult, M|100/100
|turn|10
|
|t:|1779805784
|move|p1a: Dragapult|Shadow Ball|p2a: Zamazenta
|-damage|p2a: Zamazenta|0 fnt
|faint|p2a: Zamazenta
|
|upkeep
|
|t:|1779805791
|switch|p2a: Latias|Latias, F|100/100
|turn|11
|
|t:|1779805803
|switch|p1a: Kingambit|Kingambit, M|100/100
|-activate|p1a: Kingambit|ability: Supreme Overlord
|-start|p1a: Kingambit|fallen1|[silent]
|-terastallize|p2a: Latias|Fairy
|move|p2a: Latias|Draining Kiss|p1a: Kingambit
|-crit|p1a: Kingambit
|-damage|p1a: Kingambit|62/100
|
|-heal|p1a: Kingambit|68/100|[from] item: Leftovers
|upkeep
|turn|12
|inactive|Battle timer is ON: inactive players will automatically lose when time's up. (requested by Vichox250816)
|inactive|Vichox250816 has 120 seconds left.
|inactive|Vichox250816 has 90 seconds left.
|inactive|Vichox250816 has 60 seconds left.
|inactive|Vichox250816 has 30 seconds left.
|inactive|Vichox250816 has 20 seconds left.
|inactive|Vichox250816 has 15 seconds left.
|inactive|Vichox250816 has 10 seconds left.
|
|t:|1779805978
|move|p2a: Latias|Draining Kiss|p1a: Kingambit
|-damage|p1a: Kingambit|38/100
|move|p1a: Kingambit|Swords Dance|p1a: Kingambit
|-boost|p1a: Kingambit|atk|2
|
|-heal|p1a: Kingambit|45/100|[from] item: Leftovers
|upkeep
|turn|13
|
|t:|1779805985
|move|p2a: Latias|Draining Kiss|p1a: Kingambit
|-damage|p1a: Kingambit|18/100
|move|p1a: Kingambit|Iron Head|p2a: Latias
|-supereffective|p2a: Latias
|-damage|p2a: Latias|0 fnt
|faint|p2a: Latias
|
|-heal|p1a: Kingambit|24/100|[from] item: Leftovers
|upkeep
|
|t:|1779805995
|switch|p2a: Weavile|Weavile, M|100/100
|-status|p2a: Weavile|psn
|turn|14
|
|t:|1779806000
|move|p1a: Kingambit|Sucker Punch|p2a: Weavile
|-resisted|p2a: Weavile
|-damage|p2a: Weavile|24/100 psn
|move|p2a: Weavile|Brick Break|p1a: Kingambit
|-supereffective|p1a: Kingambit
|-damage|p1a: Kingambit|0 fnt
|faint|p1a: Kingambit
|-end|p1a: Kingambit|fallen1|[silent]
|-damage|p2a: Weavile|14/100 psn|[from] item: Life Orb
|
|-damage|p2a: Weavile|1/100 psn|[from] psn
|upkeep
|
|t:|1779806006
|switch|p1a: Landorus|Landorus-Therian, M|13/100
|-ability|p1a: Landorus|Intimidate|boost
|-unboost|p2a: Weavile|atk|1
|turn|15
|inactive|Vichox250816 has 90 seconds left.
|
|t:|1779806012
|move|p2a: Weavile|Triple Axel|p1a: Landorus
|-supereffective|p1a: Landorus
|-damage|p1a: Landorus|0 fnt
|-damage|p2a: Weavile|0 fnt|[from] item: Rocky Helmet|[of] p1a: Landorus
|faint|p1a: Landorus
|faint|p2a: Weavile
|-hitcount|p1: Landorus|1
|
|upkeep
|inactive|Vichox250816 has 90 seconds left.
|
|t:|1779806017
|switch|p2a: Gholdengo|Gholdengo|100/100
|switch|p1a: Ogerpon|Ogerpon-Wellspring, F|100/100
|turn|16
|
|t:|1779806024
|move|p1a: Ogerpon|Ivy Cudgel|p2a: Gholdengo|[anim] Ivy Cudgel Water
|-damage|p2a: Gholdengo|37/100
|move|p2a: Gholdengo|Shadow Ball|p1a: Ogerpon
|-damage|p1a: Ogerpon|43/100
|
|upkeep
|turn|17
|
|t:|1779806030
|move|p1a: Ogerpon|Ivy Cudgel|p2a: Gholdengo|[anim] Ivy Cudgel Water
|-damage|p2a: Gholdengo|0 fnt
|faint|p2a: Gholdengo
|
|win|weehorn man
|raw|weehorn man's rating: 1383 &rarr; <strong>1402</strong><br />(+19 for winning)
|raw|Vichox250816's rating: 1360 &rarr; <strong>1341</strong><br />(-19 for losing)
|l|☆Vichox250816
|player|p2|
