|j|☆SimonStork
|j|☆Fly to LA 4 a week
|t:|1779866584
|gametype|singles
|player|p1|SimonStork|170|1509
|player|p2|Fly to LA 4 a week|102|1552
|gen|9
|tier|[Gen 9] OU
|rated|
|rule|HP Percentage Mod: HP is shown in percentages
|rule|Endless Battle Clause: Forcing endless battles is banned
|rule|Species Clause: Limit one of each Pokémon
|rule|OHKO Clause: OHKO moves are banned
|rule|Evasion Items Clause: Evasion items are banned
|rule|Evasion Moves Clause: Evasion moves are banned
|rule|Evasion Abilities Clause: Evasion abilities are banned
|rule|Sleep Moves Clause: Sleep-inducing moves are banned
|clearpoke
|poke|p1|Weezing-Galar, F|
|poke|p1|Alomomola, F|
|poke|p1|Iron Treads|
|poke|p1|Blissey, F|
|poke|p1|Zamazenta-*|
|poke|p1|Lokix, M|
|poke|p2|Garchomp, M|
|poke|p2|Kyurem|
|poke|p2|Alomomola, M|
|poke|p2|Magnezone|
|poke|p2|Moltres|
|poke|p2|Weezing-Galar, M|
|teampreview
|inactive|Battle timer is ON: inactive players will automatically lose when time's up. (requested by SimonStork)
|
|t:|1779866605
|teamsize|p1|6
|teamsize|p2|6
|start
|switch|p1a: Weezing|Weezing-Galar, F|100/100
|switch|p2a: Garchomp|Garchomp, M|100/100
|-ability|p1a: Weezing|Neutralizing Gas
|turn|1
|
|t:|1779866611
|move|p2a: Garchomp|Earthquake|p1a: Weezing
|-supereffective|p1a: Weezing
|-crit|p1a: Weezing
|-damage|p1a: Weezing|21/100
|move|p1a: Weezing|Will-O-Wisp|p2a: Garchomp
|-status|p2a: Garchomp|brn
|
|-heal|p1a: Weezing|27/100|[from] item: Leftovers
|-damage|p2a: Garchomp|94/100 brn|[from] brn
|upkeep
|turn|2
|
|t:|1779866626
|-end|p1a: Weezing|ability: Neutralizing Gas
|switch|p1a: Alomomola|Alomomola, F|100/100
|move|p2a: Garchomp|Stealth Rock|p1a: Alomomola
|-sidestart|p1: SimonStork|move: Stealth Rock
|
|-damage|p2a: Garchomp|88/100 brn|[from] brn
|upkeep
|turn|3
|
|t:|1779866633
|move|p2a: Garchomp|Spikes|p1a: Alomomola
|-sidestart|p1: SimonStork|Spikes
|move|p1a: Alomomola|Flip Turn|p2a: Garchomp
|-damage|p2a: Garchomp|77/100 brn
|-damage|p1a: Alomomola|88/100|[from] ability: Rough Skin|[of] p2a: Garchomp
|-damage|p1a: Alomomola|71/100|[from] item: Rocky Helmet|[of] p2a: Garchomp
|
|t:|1779866640
|switch|p1a: Iron Treads|Iron Treads|100/100|[from] Flip Turn
|-damage|p1a: Iron Treads|97/100|[from] Stealth Rock
|-damage|p1a: Iron Treads|85/100|[from] Spikes
|
|-heal|p1a: Iron Treads|91/100|[from] item: Leftovers
|-damage|p2a: Garchomp|71/100 brn|[from] brn
|upkeep
|turn|4
|
|t:|1779866649
|switch|p2a: Moltres|Moltres|100/100
|move|p1a: Iron Treads|Rapid Spin|p2a: Moltres
|-damage|p2a: Moltres|91/100
|-boost|p1a: Iron Treads|spe|1
|-status|p1a: Iron Treads|brn|[from] ability: Flame Body|[of] p2a: Moltres
|-sideend|p1: SimonStork|Spikes|[from] move: Rapid Spin|[of] p1a: Iron Treads
|-sideend|p1: SimonStork|Stealth Rock|[from] move: Rapid Spin|[of] p1a: Iron Treads
|
|-heal|p1a: Iron Treads|97/100 brn|[from] item: Leftovers
|-damage|p1a: Iron Treads|91/100 brn|[from] brn
|upkeep
|turn|5
|
|t:|1779866661
|-end|p1a: Iron Treads|Quark Drive|[silent]
|switch|p1a: Blissey|Blissey, F|100/100
|switch|p2a: Alomomola|Alomomola, M|100/100
|
|upkeep
|turn|6
|
|t:|1779866668
|move|p1a: Blissey|Shadow Ball|p2a: Alomomola
|-damage|p2a: Alomomola|82/100
|move|p2a: Alomomola|Flip Turn|p1a: Blissey
|-damage|p1a: Blissey|84/100
|
|t:|1779866673
|switch|p2a: Magnezone|Magnezone|100/100|[from] Flip Turn
|
|-heal|p1a: Blissey|90/100|[from] item: Leftovers
|upkeep
|turn|7
|
|t:|1779866678
|move|p2a: Magnezone|Body Press|p1a: Blissey
|-supereffective|p1a: Blissey
|-damage|p1a: Blissey|50/100
|move|p1a: Blissey|Seismic Toss|p2a: Magnezone
|-damage|p2a: Magnezone|67/100
|
|-heal|p1a: Blissey|56/100|[from] item: Leftovers
|upkeep
|turn|8
|
|t:|1779866689
|switch|p1a: Weezing|Weezing-Galar, F|27/100
|-ability|p1a: Weezing|Neutralizing Gas
|move|p2a: Magnezone|Volt Switch|p1a: Weezing
|-damage|p1a: Weezing|0 fnt
|faint|p1a: Weezing
|-end|p1a: Weezing|ability: Neutralizing Gas
|
|t:|1779866695
|switch|p2a: Kyurem|Kyurem|100/100|[from] Volt Switch
|-ability|p2a: Kyurem|Pressure
|
|upkeep
|
|t:|1779866701
|switch|p1a: Zamazenta|Zamazenta|100/100
|-ability|p1a: Zamazenta|Dauntless Shield|boost
|-boost|p1a: Zamazenta|def|1
|turn|9
|
|t:|1779866706
|move|p2a: Kyurem|Protect|p2a: Kyurem
|-singleturn|p2a: Kyurem|Protect
|move|p1a: Zamazenta|Stone Edge|p2a: Kyurem
|-activate|p2a: Kyurem|move: Protect
|
|upkeep
|turn|10
|
|t:|1779866713
|switch|p1a: Blissey|Blissey, F|56/100
|switch|p2a: Weezing|Weezing-Galar, M|100/100
|-ability|p2a: Weezing|Neutralizing Gas
|
|-heal|p1a: Blissey|62/100|[from] item: Leftovers
|upkeep
|turn|11
|
|t:|1779866723
|move|p2a: Weezing|Toxic|p1a: Blissey
|-status|p1a: Blissey|tox
|move|p1a: Blissey|Seismic Toss|p2a: Weezing
|-damage|p2a: Weezing|71/100
|
|-heal|p1a: Blissey|68/100 tox|[from] item: Leftovers
|-damage|p1a: Blissey|62/100 tox|[from] psn
|upkeep
|turn|12
|
|t:|1779866732
|switch|p1a: Iron Treads|Iron Treads|91/100 brn
|move|p2a: Weezing|Pain Split|p1a: Iron Treads
|-sethp|p1a: Iron Treads|78/100 brn|[from] move: Pain Split|[silent]
|-sethp|p2a: Weezing|84/100|[from] move: Pain Split
|
|-heal|p1a: Iron Treads|84/100 brn|[from] item: Leftovers
|-damage|p1a: Iron Treads|78/100 brn|[from] brn
|upkeep
|turn|13
|
|t:|1779866742
|-end|p2a: Weezing|ability: Neutralizing Gas
|switch|p2a: Alomomola|Alomomola, M|100/100
|move|p1a: Iron Treads|Ice Spinner|p2a: Alomomola
|-resisted|p2a: Alomomola
|-damage|p2a: Alomomola|98/100
|
|-heal|p1a: Iron Treads|84/100 brn|[from] item: Leftovers
|-damage|p1a: Iron Treads|78/100 brn|[from] brn
|upkeep
|turn|14
|
|t:|1779866754
|move|p1a: Iron Treads|Earthquake|p2a: Alomomola
|-damage|p2a: Alomomola|87/100
|move|p2a: Alomomola|Scald|p1a: Iron Treads
|-supereffective|p1a: Iron Treads
|-crit|p1a: Iron Treads
|-damage|p1a: Iron Treads|33/100 brn
|
|-heal|p1a: Iron Treads|39/100 brn|[from] item: Leftovers
|-damage|p1a: Iron Treads|33/100 brn|[from] brn
|upkeep
|turn|15
|
|t:|1779866764
|-end|p1a: Iron Treads|Quark Drive|[silent]
|switch|p1a: Alomomola|Alomomola, F|100/100
|move|p2a: Alomomola|Flip Turn|p1a: Alomomola
|-resisted|p1a: Alomomola
|-damage|p1a: Alomomola|96/100
|-damage|p2a: Alomomola|71/100|[from] item: Rocky Helmet|[of] p1a: Alomomola
|
|t:|1779866768
|switch|p2a: Kyurem|Kyurem|100/100|[from] Flip Turn
|-ability|p2a: Kyurem|Pressure
|
|upkeep
|turn|16
|
|t:|1779866775
|move|p2a: Kyurem|Substitute|p2a: Kyurem
|-start|p2a: Kyurem|Substitute
|-damage|p2a: Kyurem|75/100
|move|p1a: Alomomola|Flip Turn|p2a: Kyurem
|-resisted|p2a: Kyurem
|-activate|p2a: Kyurem|move: Substitute|[damage]
|
|t:|1779866785
|switch|p1a: Zamazenta|Zamazenta|100/100|[from] Flip Turn
|
|-heal|p2a: Kyurem|82/100|[from] item: Leftovers
|upkeep
|turn|17
|
|t:|1779866789
|move|p1a: Zamazenta|Close Combat|p2a: Kyurem
|-supereffective|p2a: Kyurem
|-end|p2a: Kyurem|Substitute
|-unboost|p1a: Zamazenta|def|1
|-unboost|p1a: Zamazenta|spd|1
|move|p2a: Kyurem|Freeze-Dry|p1a: Zamazenta
|-damage|p1a: Zamazenta|53/100
|-status|p1a: Zamazenta|frz
|
|-heal|p2a: Kyurem|88/100|[from] item: Leftovers
|upkeep
|turn|18
|-message|SimonStork forfeited.
|
|win|Fly to LA 4 a week
|raw|SimonStork's rating: 1509 &rarr; <strong>1491</strong><br />(-18 for losing)
|raw|Fly to LA 4 a week's rating: 1552 &rarr; <strong>1570</strong><br />(+18 for winning)
|l|☆SimonStork
|player|p1|
