|j|☆claudechamp
|j|☆i_love_lulu
|t:|1779878852
|gametype|singles
|player|p1|claudechamp|169|1274
|player|p2|i_love_lulu|102|1241
|gen|9
|tier|[Gen 9] OU
|rated|
|rule|HP Percentage Mod: HP is shown in percentages
|rule|Endless Battle Clause: Forcing endless battles is banned
|rule|Species Clause: Limit one of each Pokémon
|rule|OHKO Clause: OHKO moves are banned
|rule|Evasion Items Clause: Evasion items are banned
|rule|Evasion Moves Clause: Evasion moves are banned
|rule|Evasion Abilities Clause: Evasion abilities are banned
|rule|Sleep Moves Clause: Sleep-inducing moves are banned
|clearpoke
|poke|p1|Gliscor, F|
|poke|p1|Gholdengo|
|poke|p1|Zamazenta-*|
|poke|p1|Blissey, F|
|poke|p1|Skarmory, F|
|poke|p1|Pecharunt|
|poke|p2|Gliscor, M|
|poke|p2|Clodsire, M|
|poke|p2|Kingambit, F|
|poke|p2|Great Tusk|
|poke|p2|Dragapult, F|
|poke|p2|Heatran, F|
|teampreview
|c|☆claudechamp|hf
|inactive|Battle timer is ON: inactive players will automatically lose when time's up. (requested by claudechamp)
|
|t:|1779878880
|teamsize|p1|6
|teamsize|p2|6
|start
|switch|p1a: Skarmory|Skarmory, F|100/100
|switch|p2a: Dragapult|Dragapult, F|100/100
|turn|1
|c|☆i_love_lulu|you too claudechamp
|
|t:|1779878893
|move|p2a: Dragapult|Will-O-Wisp|p1a: Skarmory
|-status|p1a: Skarmory|brn
|move|p1a: Skarmory|Spikes|p2a: Dragapult
|-sidestart|p2: i_love_lulu|Spikes
|
|-damage|p1a: Skarmory|95/100 brn|[from] brn
|upkeep
|turn|2
|
|t:|1779878899
|move|p2a: Dragapult|Hex|p1a: Skarmory
|-damage|p1a: Skarmory|19/100 brn
|move|p1a: Skarmory|Spikes|p2a: Dragapult
|-sidestart|p2: i_love_lulu|Spikes
|
|-damage|p1a: Skarmory|13/100 brn|[from] brn
|upkeep
|turn|3
|
|t:|1779878905
|switch|p1a: Blissey|Blissey, F|100/100
|move|p2a: Dragapult|Hex|p1a: Blissey
|-immune|p1a: Blissey
|
|upkeep
|turn|4
|
|t:|1779878912
|move|p2a: Dragapult|U-turn|p1a: Blissey
|-crit|p1a: Blissey
|-damage|p1a: Blissey|68/100
|
|t:|1779878914
|switch|p2a: Heatran|Heatran, F|100/100|[from] U-turn
|-damage|p2a: Heatran|84/100|[from] Spikes
|move|p1a: Blissey|Stealth Rock|p2a: Heatran
|-sidestart|p2: i_love_lulu|move: Stealth Rock
|
|-heal|p2a: Heatran|90/100|[from] item: Leftovers
|upkeep
|turn|5
|
|t:|1779878923
|switch|p1a: Gliscor|Gliscor, F|100/100
|move|p2a: Heatran|Magma Storm|p1a: Gliscor
|-damage|p1a: Gliscor|58/100
|-activate|p1a: Gliscor|move: Magma Storm|[of] p2a: Heatran
|
|-heal|p2a: Heatran|96/100|[from] item: Leftovers
|-damage|p1a: Gliscor|45/100|[from] move: Magma Storm|[partiallytrapped]
|-status|p1a: Gliscor|tox|[from] item: Toxic Orb
|upkeep
|turn|6
|
|t:|1779878931
|move|p1a: Gliscor|Earthquake|p2a: Heatran
|-supereffective|p2a: Heatran
|-damage|p2a: Heatran|0 fnt
|faint|p2a: Heatran
|
|-heal|p1a: Gliscor|58/100 tox|[from] ability: Poison Heal
|-end|p1a: Gliscor|Magma Storm|[partiallytrapped]|[silent]
|upkeep
|
|t:|1779878934
|switch|p2a: Dragapult|Dragapult, F|100/100
|turn|7
|
|t:|1779878936
|-terastallize|p1a: Gliscor|Dark
|move|p2a: Dragapult|Hex|p1a: Gliscor
|-resisted|p1a: Gliscor
|-damage|p1a: Gliscor|32/100 tox
|move|p1a: Gliscor|Knock Off|p2a: Dragapult
|-supereffective|p2a: Dragapult
|-damage|p2a: Dragapult|0 fnt
|-enditem|p2a: Dragapult|Heavy-Duty Boots|[from] move: Knock Off|[of] p1a: Gliscor
|faint|p2a: Dragapult
|
|-heal|p1a: Gliscor|45/100 tox|[from] ability: Poison Heal
|upkeep
|
|t:|1779878942
|switch|p2a: Great Tusk|Great Tusk|100/100
|-damage|p2a: Great Tusk|84/100|[from] Spikes
|-damage|p2a: Great Tusk|81/100|[from] Stealth Rock
|turn|8
|
|t:|1779878944
|move|p2a: Great Tusk|Headlong Rush|p1a: Gliscor
|-damage|p1a: Gliscor|0 fnt
|-unboost|p2a: Great Tusk|def|1
|-unboost|p2a: Great Tusk|spd|1
|faint|p1a: Gliscor
|
|upkeep
|
|t:|1779878947
|switch|p1a: Zamazenta|Zamazenta|100/100
|-ability|p1a: Zamazenta|Dauntless Shield|boost
|-boost|p1a: Zamazenta|def|1
|turn|9
|
|t:|1779878950
|-end|p2a: Great Tusk|Protosynthesis|[silent]
|switch|p2a: Gliscor|Gliscor, M|100/100
|-damage|p2a: Gliscor|88/100|[from] Stealth Rock
|move|p1a: Zamazenta|Ice Fang|p2a: Gliscor
|-supereffective|p2a: Gliscor
|-damage|p2a: Gliscor|24/100
|
|-status|p2a: Gliscor|tox|[from] item: Toxic Orb
|upkeep
|turn|10
|
|t:|1779878954
|switch|p2a: Kingambit|Kingambit, F|100/100
|-damage|p2a: Kingambit|84/100|[from] Spikes
|-damage|p2a: Kingambit|78/100|[from] Stealth Rock
|-activate|p2a: Kingambit|ability: Supreme Overlord
|-start|p2a: Kingambit|fallen2|[silent]
|move|p1a: Zamazenta|Close Combat|p2a: Kingambit
|-supereffective|p2a: Kingambit
|-damage|p2a: Kingambit|0 fnt
|-unboost|p1a: Zamazenta|def|1
|-unboost|p1a: Zamazenta|spd|1
|faint|p2a: Kingambit
|-end|p2a: Kingambit|fallen2|[silent]
|
|upkeep
|c|☆i_love_lulu|gg
|-message|i_love_lulu forfeited.
|
|win|claudechamp
|raw|claudechamp's rating: 1295 &rarr; <strong>1316</strong><br />(+21 for winning)
|raw|i_love_lulu's rating: 1241 &rarr; <strong>1220</strong><br />(-21 for losing)
|l|☆i_love_lulu
|player|p2|
|c|☆claudechamp|gg
