|j|☆BigCungusxRemix
|j|☆AlexXploud
|t:|1779812035
|gametype|singles
|player|p1|BigCungusxRemix|1|1313
|player|p2|AlexXploud|169|1324
|gen|9
|tier|[Gen 9] OU
|rated|
|rule|HP Percentage Mod: HP is shown in percentages
|rule|Endless Battle Clause: Forcing endless battles is banned
|rule|Species Clause: Limit one of each Pokémon
|rule|OHKO Clause: OHKO moves are banned
|rule|Evasion Items Clause: Evasion items are banned
|rule|Evasion Moves Clause: Evasion moves are banned
|rule|Evasion Abilities Clause: Evasion abilities are banned
|rule|Sleep Moves Clause: Sleep-inducing moves are banned
|clearpoke
|poke|p1|Volcanion|
|poke|p1|Pecharunt|
|poke|p1|Quaquaval, M|
|poke|p1|Gliscor, M|
|poke|p1|Darkrai|
|poke|p1|Ting-Lu|
|poke|p2|Garchomp, F|
|poke|p2|Clefable, F|
|poke|p2|Ceruledge, M|
|poke|p2|Alomomola, M|
|poke|p2|Glimmora, F|
|poke|p2|Meowscarada, F|
|teampreview
|j| Couchthulhu
|inactive|Battle timer is ON: inactive players will automatically lose when time's up. (requested by AlexXploud)
|
|t:|1779812043
|teamsize|p1|6
|teamsize|p2|6
|start
|switch|p1a: Gliscor|Gliscor, M|100/100
|switch|p2a: Meowscarada|Meowscarada, F, shiny|100/100
|turn|1
|
|t:|1779812057
|switch|p2a: Garchomp|Garchomp, F|100/100
|-terastallize|p1a: Gliscor|Fairy
|move|p1a: Gliscor|Toxic|p2a: Garchomp
|-status|p2a: Garchomp|tox
|
|-damage|p2a: Garchomp|94/100 tox|[from] psn
|-status|p1a: Gliscor|tox|[from] item: Toxic Orb
|upkeep
|turn|2
|
|t:|1779812083
|switch|p1a: Ting-Lu|Ting-Lu|100/100
|-ability|p1a: Ting-Lu|Vessel of Ruin
|move|p2a: Garchomp|Stealth Rock|p1a: Ting-Lu
|-sidestart|p1: BigCungusxRemix|move: Stealth Rock
|
|-damage|p2a: Garchomp|82/100 tox|[from] psn
|upkeep
|turn|3
|inactive|BigCungusxRemix has 120 seconds left.
|
|t:|1779812114
|switch|p2a: Meowscarada|Meowscarada, F, shiny|100/100
|move|p1a: Ting-Lu|Stealth Rock|p2a: Meowscarada
|-sidestart|p2: AlexXploud|move: Stealth Rock
|
|upkeep
|turn|4
|inactive|BigCungusxRemix has 120 seconds left.
|
|t:|1779812142
|move|p2a: Meowscarada|Knock Off|p1a: Ting-Lu
|-start|p2a: Meowscarada|typechange|Dark|[from] ability: Protean
|-resisted|p1a: Ting-Lu
|-damage|p1a: Ting-Lu|89/100
|-enditem|p1a: Ting-Lu|Leftovers|[from] move: Knock Off|[of] p2a: Meowscarada
|move|p1a: Ting-Lu|Earthquake|p2a: Meowscarada
|-damage|p2a: Meowscarada|25/100
|
|upkeep
|turn|5
|
|t:|1779812155
|switch|p2a: Alomomola|Alomomola, M, shiny|100/100
|move|p1a: Ting-Lu|Throat Chop|p2a: Alomomola
|-damage|p2a: Alomomola|79/100
|-start|p2a: Alomomola|Throat Chop|[silent]
|
|upkeep
|turn|6
|
|t:|1779812162
|switch|p1a: Volcanion|Volcanion|100/100
|move|p2a: Alomomola|Wish|p2a: Alomomola
|
|-end|p2a: Alomomola|Throat Chop|[silent]
|upkeep
|turn|7
|
|t:|1779812172
|switch|p2a: Garchomp|Garchomp, F|82/100 tox
|-damage|p2a: Garchomp|76/100 tox|[from] Stealth Rock
|move|p1a: Volcanion|Fire Spin|p2a: Garchomp|[miss]
|-miss|p1a: Volcanion|p2a: Garchomp
|
|-heal|p2a: Garchomp|100/100 tox|[from] move: Wish|[wisher] Alomomola
|-damage|p2a: Garchomp|94/100 tox|[from] psn
|upkeep
|turn|8
|inactive|BigCungusxRemix has 120 seconds left.
|
|t:|1779812183
|switch|p1a: Ting-Lu|Ting-Lu|89/100
|-damage|p1a: Ting-Lu|83/100|[from] Stealth Rock
|-ability|p1a: Ting-Lu|Vessel of Ruin
|move|p2a: Garchomp|Spikes|p1a: Ting-Lu
|-sidestart|p1: BigCungusxRemix|Spikes
|
|-damage|p2a: Garchomp|82/100 tox|[from] psn
|upkeep
|turn|9
|
|t:|1779812191
|switch|p2a: Alomomola|Alomomola, M, shiny|100/100
|move|p1a: Ting-Lu|Spikes|p2a: Alomomola
|-sidestart|p2: AlexXploud|Spikes
|
|upkeep
|turn|10
|
|t:|1779812198
|switch|p1a: Volcanion|Volcanion|100/100
|move|p2a: Alomomola|Wish|p2a: Alomomola
|
|upkeep
|turn|11
|
|t:|1779812205
|switch|p2a: Garchomp|Garchomp, F|82/100 tox
|-damage|p2a: Garchomp|76/100 tox|[from] Stealth Rock
|-damage|p2a: Garchomp|63/100 tox|[from] Spikes
|move|p1a: Volcanion|Steam Eruption|p2a: Garchomp
|-damage|p2a: Garchomp|6/100 tox
|
|-heal|p2a: Garchomp|62/100 tox|[from] move: Wish|[wisher] Alomomola
|-damage|p2a: Garchomp|56/100 tox|[from] psn
|upkeep
|turn|12
|
|t:|1779812229
|switch|p1a: Ting-Lu|Ting-Lu|83/100
|-damage|p1a: Ting-Lu|76/100|[from] Stealth Rock
|-damage|p1a: Ting-Lu|64/100|[from] Spikes
|-ability|p1a: Ting-Lu|Vessel of Ruin
|move|p2a: Garchomp|Earthquake|p1a: Ting-Lu
|-crit|p1a: Ting-Lu
|-damage|p1a: Ting-Lu|31/100
|
|-damage|p2a: Garchomp|44/100 tox|[from] psn
|upkeep
|turn|13
|
|t:|1779812241
|move|p2a: Garchomp|Earthquake|p1a: Ting-Lu
|-damage|p1a: Ting-Lu|9/100
|move|p1a: Ting-Lu|Earthquake|p2a: Garchomp
|-damage|p2a: Garchomp|12/100 tox
|
|-damage|p2a: Garchomp|0 fnt|[from] psn
|faint|p2a: Garchomp
|upkeep
|
|t:|1779812248
|switch|p2a: Glimmora|Glimmora, F, shiny|100/100
|-damage|p2a: Glimmora|88/100|[from] Stealth Rock
|-damage|p2a: Glimmora|76/100|[from] Spikes
|turn|14
|inactive|BigCungusxRemix has 120 seconds left.
|
|t:|1779812273
|move|p2a: Glimmora|Energy Ball|p1a: Ting-Lu
|-supereffective|p1a: Ting-Lu
|-damage|p1a: Ting-Lu|0 fnt
|faint|p1a: Ting-Lu
|
|upkeep
|inactive|BigCungusxRemix has 120 seconds left.
|
|t:|1779812305
|switch|p1a: Darkrai|Darkrai|100/100
|turn|15
|
|t:|1779812322
|move|p1a: Darkrai|Dark Pulse|p2a: Glimmora
|-crit|p2a: Glimmora
|-damage|p2a: Glimmora|0 fnt
|faint|p2a: Glimmora
|
|upkeep
|-message|AlexXploud forfeited.
|
|win|BigCungusxRemix
|raw|BigCungusxRemix's rating: 1313 &rarr; <strong>1334</strong><br />(+21 for winning)
|raw|AlexXploud's rating: 1324 &rarr; <strong>1303</strong><br />(-21 for losing)
|l|☆AlexXploud
|player|p2|
|l| Couchthulhu
