|j|☆typhon_27_
|j|☆Chinatownz
|t:|1779894218
|gametype|singles
|player|p1|typhon_27_|ghetsis-gen5bw|1255
|player|p2|Chinatownz|fisherman-gen4|1313
|gen|9
|tier|[Gen 9] OU
|rated|
|rule|HP Percentage Mod: HP is shown in percentages
|rule|Endless Battle Clause: Forcing endless battles is banned
|rule|Species Clause: Limit one of each Pokémon
|rule|OHKO Clause: OHKO moves are banned
|rule|Evasion Items Clause: Evasion items are banned
|rule|Evasion Moves Clause: Evasion moves are banned
|rule|Evasion Abilities Clause: Evasion abilities are banned
|rule|Sleep Moves Clause: Sleep-inducing moves are banned
|clearpoke
|poke|p1|Deoxys-Speed|
|poke|p1|Gholdengo|
|poke|p1|Iron Treads|
|poke|p1|Dragonite, M|
|poke|p1|Iron Moth|
|poke|p1|Samurott-Hisui, M|
|poke|p2|Pelipper, F|
|poke|p2|Landorus-Therian, M|
|poke|p2|Barraskewda, F|
|poke|p2|Iron Treads|
|poke|p2|Regieleki|
|poke|p2|Shaymin|
|teampreview
|inactive|Battle timer is ON: inactive players will automatically lose when time's up. (requested by Chinatownz)
|
|t:|1779894237
|teamsize|p1|6
|teamsize|p2|6
|start
|switch|p1a: +_+|Iron Treads, shiny|100/100
|switch|p2a: Pelipper|Pelipper, F|100/100
|-weather|RainDance|[from] ability: Drizzle|[of] p2a: Pelipper
|-enditem|p1a: +_+|Booster Energy
|-activate|p1a: +_+|ability: Quark Drive|[fromitem]
|-start|p1a: +_+|quarkdrivespe
|turn|1
|
|t:|1779894246
|move|p1a: +_+|Stealth Rock|p2a: Pelipper
|-sidestart|p2: Chinatownz|move: Stealth Rock
|move|p2a: Pelipper|Surf|p1a: +_+
|-supereffective|p1a: +_+
|-damage|p1a: +_+|0 fnt
|faint|p1a: +_+
|-end|p1a: +_+|Quark Drive|[silent]
|
|-weather|RainDance|[upkeep]
|upkeep
|
|t:|1779894260
|switch|p1a: o_o|Dragonite, M, shiny|100/100
|turn|2
|
|t:|1779894270
|move|p1a: o_o|Dragon Dance|p1a: o_o
|-boost|p1a: o_o|atk|1
|-boost|p1a: o_o|spe|1
|move|p2a: Pelipper|U-turn|p1a: o_o
|-resisted|p1a: o_o
|-damage|p1a: o_o|98/100
|
|t:|1779894271
|switch|p2a: Regieleki|Regieleki, shiny|100/100|[from] U-turn
|-damage|p2a: Regieleki|88/100|[from] Stealth Rock
|
|-weather|RainDance|[upkeep]
|upkeep
|turn|3
|
|t:|1779894282
|move|p2a: Regieleki|Thunder|p1a: o_o
|-damage|p1a: o_o|0 fnt
|faint|p1a: o_o
|
|-weather|RainDance|[upkeep]
|upkeep
|
|t:|1779894304
|switch|p1a: u_u|Samurott-Hisui, M, shiny|100/100
|turn|4
|
|t:|1779894315
|move|p2a: Regieleki|Thunder|p1a: u_u
|-supereffective|p1a: u_u
|-enditem|p1a: u_u|Focus Sash
|-damage|p1a: u_u|1/100
|move|p1a: u_u|Knock Off|p2a: Regieleki
|-damage|p2a: Regieleki|4/100
|-enditem|p2a: Regieleki|Choice Specs|[from] move: Knock Off|[of] p1a: u_u
|
|-weather|RainDance|[upkeep]
|upkeep
|turn|5
|
|t:|1779894330
|move|p2a: Regieleki|Thunder|p1a: u_u
|-supereffective|p1a: u_u
|-damage|p1a: u_u|0 fnt
|faint|p1a: u_u
|
|-weather|RainDance|[upkeep]
|upkeep
|inactive|typhon_27_ has 120 seconds left.
|
|t:|1779894348
|switch|p1a: =_=|Iron Moth, shiny|100/100
|-enditem|p1a: =_=|Booster Energy
|-activate|p1a: =_=|ability: Quark Drive|[fromitem]
|-start|p1a: =_=|quarkdrivespe
|turn|6
|inactive|typhon_27_ has 120 seconds left.
|
|t:|1779894354
|move|p2a: Regieleki|Thunder|p1a: =_=
|-damage|p1a: =_=|31/100
|move|p1a: =_=|Fiery Dance|p2a: Regieleki
|-damage|p2a: Regieleki|0 fnt
|-boost|p1a: =_=|spa|1
|faint|p2a: Regieleki
|
|-weather|RainDance|[upkeep]
|upkeep
|
|t:|1779894363
|switch|p2a: Barraskewda|Barraskewda, F|100/100
|-damage|p2a: Barraskewda|88/100|[from] Stealth Rock
|turn|7
|
|t:|1779894369
|-terastallize|p2a: Barraskewda|Water
|move|p2a: Barraskewda|Liquidation|p1a: =_=
|-supereffective|p1a: =_=
|-damage|p1a: =_=|0 fnt
|faint|p1a: =_=
|-end|p1a: =_=|Quark Drive|[silent]
|
|-weather|RainDance|[upkeep]
|upkeep
|
|t:|1779894378
|switch|p1a: *_*|Gholdengo, shiny|100/100
|-item|p1a: *_*|Air Balloon
|turn|8
|
|t:|1779894383
|move|p2a: Barraskewda|Liquidation|p1a: *_*
|-damage|p1a: *_*|12/100
|-enditem|p1a: *_*|Air Balloon
|move|p1a: *_*|Shadow Ball|p2a: Barraskewda
|-damage|p2a: Barraskewda|13/100
|-unboost|p2a: Barraskewda|spd|1
|
|-weather|none
|upkeep
|turn|9
|
|t:|1779894395
|move|p2a: Barraskewda|Liquidation|p1a: *_*
|-damage|p1a: *_*|0 fnt
|faint|p1a: *_*
|
|upkeep
|
|t:|1779894400
|switch|p1a: -_-|Deoxys-Speed, shiny|100/100
|-ability|p1a: -_-|Pressure
|turn|10
|
|t:|1779894406
|switch|p2a: Shaymin|Shaymin|100/100
|-damage|p2a: Shaymin|88/100|[from] Stealth Rock
|move|p1a: -_-|Knock Off|p2a: Shaymin
|-crit|p2a: Shaymin
|-damage|p2a: Shaymin|50/100
|-enditem|p2a: Shaymin|Leftovers|[from] move: Knock Off|[of] p1a: -_-
|-damage|p1a: -_-|91/100|[from] item: Life Orb
|
|upkeep
|turn|11
|
|t:|1779894419
|move|p1a: -_-|Ice Beam|p2a: Shaymin
|-supereffective|p2a: Shaymin
|-damage|p2a: Shaymin|9/100
|-damage|p1a: -_-|81/100|[from] item: Life Orb
|move|p2a: Shaymin|Healing Wish|p2a: Shaymin
|faint|p2a: Shaymin
|
|upkeep
|
|t:|1779894423
|switch|p2a: Iron Treads|Iron Treads|100/100
|-damage|p2a: Iron Treads|97/100|[from] Stealth Rock
|-enditem|p2a: Iron Treads|Booster Energy
|-activate|p2a: Iron Treads|ability: Quark Drive|[fromitem]
|-start|p2a: Iron Treads|quarkdrivespe
|turn|12
|
|t:|1779894447
|move|p2a: Iron Treads|Rapid Spin|p1a: -_-
|-damage|p1a: -_-|60/100
|-boost|p2a: Iron Treads|spe|1
|-sideend|p2: Chinatownz|Stealth Rock|[from] move: Rapid Spin|[of] p2a: Iron Treads
|move|p1a: -_-|Superpower|p2a: Iron Treads
|-supereffective|p2a: Iron Treads
|-damage|p2a: Iron Treads|43/100
|-unboost|p1a: -_-|atk|1
|-unboost|p1a: -_-|def|1
|-damage|p1a: -_-|50/100|[from] item: Life Orb
|
|upkeep
|turn|13
|
|t:|1779894458
|-terastallize|p1a: -_-|Fighting
|move|p2a: Iron Treads|Steel Beam|p1a: -_-
|-damage|p1a: -_-|0 fnt
|-damage|p2a: Iron Treads|0 fnt|[from] steelbeam
|faint|p2a: Iron Treads
|-end|p2a: Iron Treads|Quark Drive|[silent]
|faint|p1a: -_-
|
|win|Chinatownz
|raw|typhon_27_'s rating: 1255 &rarr; <strong>1234</strong><br />(-21 for losing)
|raw|Chinatownz's rating: 1313 &rarr; <strong>1330</strong><br />(+17 for winning)
|l|☆Chinatownz
|player|p2|
|l|☆typhon_27_
|player|p1|
