|j|☆jkkjhuikjj
|j|☆cancelacion
|t:|1779971499
|gametype|singles
|player|p1|jkkjhuikjj|265|1123
|player|p2|cancelacion|scientist-gen4dp|1114
|gen|9
|tier|[Gen 9] OU
|rated|
|rule|HP Percentage Mod: HP is shown in percentages
|rule|Endless Battle Clause: Forcing endless battles is banned
|rule|Species Clause: Limit one of each Pokémon
|rule|OHKO Clause: OHKO moves are banned
|rule|Evasion Items Clause: Evasion items are banned
|rule|Evasion Moves Clause: Evasion moves are banned
|rule|Evasion Abilities Clause: Evasion abilities are banned
|rule|Sleep Moves Clause: Sleep-inducing moves are banned
|clearpoke
|poke|p1|Ceruledge, M|
|poke|p1|Landorus-Therian, M|
|poke|p1|Dragonite, M|
|poke|p1|Meowscarada, F|
|poke|p1|Zamazenta-*|
|poke|p1|Scizor, M|
|poke|p2|Banette, M|
|poke|p2|Mismagius, M|
|poke|p2|Palossand, M|
|poke|p2|Polteageist-Antique|
|poke|p2|Golurk|
|poke|p2|Trevenant, F|
|teampreview
|inactive|Battle timer is ON: inactive players will automatically lose when time's up. (requested by cancelacion)
|
|t:|1779971511
|teamsize|p1|6
|teamsize|p2|6
|start
|switch|p1a: Ceruledge|Ceruledge, M|100/100
|switch|p2a: Palossand|Palossand, M|100/100
|turn|1
|
|t:|1779971515
|move|p1a: Ceruledge|Swords Dance|p1a: Ceruledge
|-boost|p1a: Ceruledge|atk|2
|move|p2a: Palossand|Stealth Rock|p1a: Ceruledge
|-sidestart|p1: jkkjhuikjj|move: Stealth Rock
|
|upkeep
|turn|2
|
|t:|1779971518
|move|p1a: Ceruledge|Swords Dance|p1a: Ceruledge
|-boost|p1a: Ceruledge|atk|2
|move|p2a: Palossand|Scorching Sands|p1a: Ceruledge
|-supereffective|p1a: Ceruledge
|-damage|p1a: Ceruledge|43/100
|
|upkeep
|turn|3
|
|t:|1779971525
|move|p1a: Ceruledge|Poltergeist|p2a: Palossand
|-activate|p2a: Palossand|move: Poltergeist|Leftovers
|-supereffective|p2a: Palossand
|-damage|p2a: Palossand|0 fnt
|faint|p2a: Palossand
|
|upkeep
|
|t:|1779971534
|switch|p2a: Mismagius|Mismagius, M|100/100
|turn|4
|
|t:|1779971549
|move|p1a: Ceruledge|Shadow Sneak|p2a: Mismagius
|-supereffective|p2a: Mismagius
|-damage|p2a: Mismagius|0 fnt
|faint|p2a: Mismagius
|
|upkeep
|
|t:|1779971555
|switch|p2a: Polteageist|Polteageist-Antique|100/100
|turn|5
|
|t:|1779971560
|move|p1a: Ceruledge|Poltergeist|p2a: Polteageist
|-activate|p2a: Polteageist|move: Poltergeist|Focus Sash
|-supereffective|p2a: Polteageist
|-enditem|p2a: Polteageist|Focus Sash
|-damage|p2a: Polteageist|1/100
|-ability|p2a: Polteageist|Weak Armor|boost
|-unboost|p2a: Polteageist|def|1
|-boost|p2a: Polteageist|spe|2
|move|p2a: Polteageist|Shadow Ball|p1a: Ceruledge
|-supereffective|p1a: Ceruledge
|-damage|p1a: Ceruledge|0 fnt
|faint|p1a: Ceruledge
|
|upkeep
|
|t:|1779971572
|switch|p1a: Scizor|Scizor, M|100/100
|-damage|p1a: Scizor|88/100|[from] Stealth Rock
|turn|6
|
|t:|1779971585
|move|p1a: Scizor|Bullet Punch|p2a: Polteageist
|-damage|p2a: Polteageist|0 fnt
|faint|p2a: Polteageist
|
|upkeep
|
|t:|1779971587
|switch|p2a: Banette|Banette, M|100/100
|turn|7
|
|t:|1779971590
|move|p1a: Scizor|Bullet Punch|p2a: Banette
|-damage|p2a: Banette|28/100
|move|p2a: Banette|Thunder Wave|p1a: Scizor
|-status|p1a: Scizor|par
|
|upkeep
|turn|8
|
|t:|1779971594
|move|p1a: Scizor|Bullet Punch|p2a: Banette
|-damage|p2a: Banette|0 fnt
|faint|p2a: Banette
|
|upkeep
|
|t:|1779971599
|switch|p2a: Golurk|Golurk|100/100
|turn|9
|
|t:|1779971603
|cant|p1a: Scizor|par
|move|p2a: Golurk|Drain Punch|p1a: Scizor
|-damage|p1a: Scizor|51/100 par
|
|upkeep
|turn|10
|
|t:|1779971609
|move|p1a: Scizor|Bullet Punch|p2a: Golurk
|-damage|p2a: Golurk|49/100
|move|p2a: Golurk|Drain Punch|p1a: Scizor
|-damage|p1a: Scizor|14/100 par
|-heal|p2a: Golurk|66/100|[from] drain|[of] p1a: Scizor
|
|upkeep
|turn|11
|
|t:|1779971616
|cant|p1a: Scizor|par
|move|p2a: Golurk|Drain Punch|p1a: Scizor
|-damage|p1a: Scizor|0 fnt
|-heal|p2a: Golurk|72/100|[from] drain|[of] p1a: Scizor
|faint|p1a: Scizor
|
|upkeep
|
|t:|1779971621
|switch|p1a: Landorus|Landorus-Therian, M|100/100
|-damage|p1a: Landorus|88/100|[from] Stealth Rock
|-ability|p1a: Landorus|Intimidate|boost
|-unboost|p2a: Golurk|atk|1
|turn|12
|
|t:|1779971632
|switch|p2a: Trevenant|Trevenant, F|100/100
|move|p1a: Landorus|Earthquake|p2a: Trevenant
|-resisted|p2a: Trevenant
|-damage|p2a: Trevenant|69/100
|
|upkeep
|turn|13
|
|t:|1779971638
|move|p1a: Landorus|U-turn|p2a: Trevenant
|-damage|p2a: Trevenant|40/100
|
|t:|1779971641
|switch|p1a: Meowscarada|Meowscarada, F|100/100|[from] U-turn
|-damage|p1a: Meowscarada|88/100|[from] Stealth Rock
|move|p2a: Trevenant|Horn Leech|p1a: Meowscarada
|-resisted|p1a: Meowscarada
|-damage|p1a: Meowscarada|66/100
|-heal|p2a: Trevenant|49/100|[from] drain|[of] p1a: Meowscarada
|
|upkeep
|turn|14
|
|t:|1779971646
|move|p1a: Meowscarada|Knock Off|p2a: Trevenant
|-start|p1a: Meowscarada|typechange|Dark|[from] ability: Protean
|-supereffective|p2a: Trevenant
|-damage|p2a: Trevenant|0 fnt
|-enditem|p2a: Trevenant|Figy Berry|[from] move: Knock Off|[of] p1a: Meowscarada
|faint|p2a: Trevenant
|
|upkeep
|
|t:|1779971650
|switch|p2a: Golurk|Golurk|72/100
|turn|15
|
|t:|1779971654
|-terastallize|p2a: Golurk|Ground
|move|p1a: Meowscarada|Knock Off|p2a: Golurk
|-damage|p2a: Golurk|26/100
|-enditem|p2a: Golurk|Punching Glove|[from] move: Knock Off|[of] p1a: Meowscarada
|move|p2a: Golurk|Drain Punch|p1a: Meowscarada
|-supereffective|p1a: Meowscarada
|-damage|p1a: Meowscarada|0 fnt
|-heal|p2a: Golurk|52/100|[from] drain|[of] p1a: Meowscarada
|faint|p1a: Meowscarada
|
|upkeep
|
|t:|1779971661
|switch|p1a: Dragonite|Dragonite, M|100/100
|turn|16
|
|t:|1779971666
|move|p1a: Dragonite|Earthquake|p2a: Golurk
|-damage|p2a: Golurk|11/100
|move|p2a: Golurk|Thunder Punch|p1a: Dragonite
|-damage|p1a: Dragonite|82/100
|
|upkeep
|turn|17
|
|t:|1779971676
|move|p1a: Dragonite|Earthquake|p2a: Golurk
|-damage|p2a: Golurk|0 fnt
|faint|p2a: Golurk
|
|win|jkkjhuikjj
|raw|jkkjhuikjj's rating: 1123 &rarr; <strong>1147</strong><br />(+24 for winning)
|raw|cancelacion's rating: 1114 &rarr; <strong>1090</strong><br />(-24 for losing)
|l|☆jkkjhuikjj
|player|p1|
|l|☆cancelacion
|player|p2|
