|j|☆Metal_In_Microwave
|j|☆taro09
|t:|1779913576
|gametype|singles
|player|p1|Metal_In_Microwave|170|1403
|player|p2|taro09|parasollady|1458
|gen|9
|tier|[Gen 9] OU
|rated|
|rule|HP Percentage Mod: HP is shown in percentages
|rule|Endless Battle Clause: Forcing endless battles is banned
|rule|Species Clause: Limit one of each Pokémon
|rule|OHKO Clause: OHKO moves are banned
|rule|Evasion Items Clause: Evasion items are banned
|rule|Evasion Moves Clause: Evasion moves are banned
|rule|Evasion Abilities Clause: Evasion abilities are banned
|rule|Sleep Moves Clause: Sleep-inducing moves are banned
|clearpoke
|poke|p1|Pelipper, F|
|poke|p1|Braviary-Hisui, M|
|poke|p1|Toxicroak, M|
|poke|p1|Swanna, F|
|poke|p1|Quaquaval, M|
|poke|p1|Landorus-Therian, M|
|poke|p2|Cinderace, F|
|poke|p2|Kingambit, M|
|poke|p2|Kyurem|
|poke|p2|Slowking-Galar, M|
|poke|p2|Landorus-Therian, M|
|poke|p2|Iron Valiant|
|teampreview
|
|t:|1779913588
|teamsize|p1|6
|teamsize|p2|6
|start
|switch|p1a: Pelipper|Pelipper, F|100/100
|switch|p2a: Mr. Cuddles|Slowking-Galar, M|100/100
|-weather|RainDance|[from] ability: Drizzle|[of] p1a: Pelipper
|turn|1
|
|t:|1779913610
|move|p1a: Pelipper|U-turn|p2a: Mr. Cuddles
|-damage|p2a: Mr. Cuddles|91/100
|
|t:|1779913614
|switch|p1a: Toxicroak|Toxicroak, M|100/100|[from] U-turn
|-prepare|p2a: Mr. Cuddles|Chilly Reception|[premajor]
|move|p2a: Mr. Cuddles|Chilly Reception|p2a: Mr. Cuddles
|-weather|Snowscape
|
|t:|1779913619
|switch|p2a: Chocolate Chip|Landorus-Therian, M|100/100|[from] Chilly Reception
|-ability|p2a: Chocolate Chip|Intimidate|boost
|-unboost|p1a: Toxicroak|atk|1
|
|-weather|Snowscape|[upkeep]
|upkeep
|turn|2
|
|t:|1779913627
|switch|p1a: Pelipper|Pelipper, F|100/100
|-weather|RainDance|[from] ability: Drizzle|[of] p1a: Pelipper
|move|p2a: Chocolate Chip|Stealth Rock|p1a: Pelipper
|-sidestart|p1: Metal_In_Microwave|move: Stealth Rock
|
|-weather|RainDance|[upkeep]
|upkeep
|turn|3
|
|t:|1779913634
|switch|p2a: Mr. Cuddles|Slowking-Galar, M|100/100
|move|p1a: Pelipper|Weather Ball|p2a: Mr. Cuddles
|-damage|p2a: Mr. Cuddles|64/100
|
|-weather|RainDance|[upkeep]
|upkeep
|turn|4
|
|t:|1779913637
|move|p1a: Pelipper|U-turn|p2a: Mr. Cuddles
|-damage|p2a: Mr. Cuddles|55/100
|
|t:|1779913641
|switch|p1a: Quaquaval|Quaquaval, M|100/100|[from] U-turn
|-damage|p1a: Quaquaval|94/100|[from] Stealth Rock
|-prepare|p2a: Mr. Cuddles|Chilly Reception|[premajor]
|move|p2a: Mr. Cuddles|Chilly Reception|p2a: Mr. Cuddles
|-weather|Snowscape
|
|t:|1779913655
|switch|p2a: Shrödinger|Iron Valiant|100/100|[from] Chilly Reception
|-enditem|p2a: Shrödinger|Booster Energy
|-activate|p2a: Shrödinger|ability: Quark Drive|[fromitem]
|-start|p2a: Shrödinger|quarkdrivespe
|
|-weather|Snowscape|[upkeep]
|-heal|p1a: Quaquaval|100/100|[from] item: Leftovers
|upkeep
|turn|5
|
|t:|1779913681
|switch|p1a: Toxicroak|Toxicroak, M|100/100
|-damage|p1a: Toxicroak|94/100|[from] Stealth Rock
|move|p2a: Shrödinger|Moonblast|p1a: Toxicroak
|-damage|p1a: Toxicroak|29/100
|
|-weather|Snowscape|[upkeep]
|upkeep
|turn|6
|
|t:|1779913690
|move|p2a: Shrödinger|Moonblast|p1a: Toxicroak
|-damage|p1a: Toxicroak|0 fnt
|faint|p1a: Toxicroak
|
|-weather|Snowscape|[upkeep]
|upkeep
|
|t:|1779913705
|switch|p1a: Braviary|Braviary-Hisui, M, shiny|100/100
|-damage|p1a: Braviary|76/100|[from] Stealth Rock
|turn|7
|
|t:|1779913723
|-terastallize|p2a: Shrödinger|Ghost
|move|p2a: Shrödinger|Shadow Ball|p1a: Braviary
|-supereffective|p1a: Braviary
|-damage|p1a: Braviary|0 fnt
|faint|p1a: Braviary
|
|-weather|Snowscape|[upkeep]
|upkeep
|
|t:|1779913732
|switch|p1a: Pelipper|Pelipper, F|100/100
|-damage|p1a: Pelipper|75/100|[from] Stealth Rock
|-weather|RainDance|[from] ability: Drizzle|[of] p1a: Pelipper
|turn|8
|
|t:|1779913750
|switch|p1a: Swanna|Swanna, F|100/100
|-damage|p1a: Swanna|76/100|[from] Stealth Rock
|move|p2a: Shrödinger|Moonblast|p1a: Swanna
|-damage|p1a: Swanna|2/100
|
|-weather|RainDance|[upkeep]
|upkeep
|turn|9
|
|t:|1779913758
|move|p2a: Shrödinger|Moonblast|p1a: Swanna
|-damage|p1a: Swanna|0 fnt
|faint|p1a: Swanna
|
|-weather|RainDance|[upkeep]
|upkeep
|
|t:|1779913767
|switch|p1a: Quaquaval|Quaquaval, M|100/100
|-damage|p1a: Quaquaval|94/100|[from] Stealth Rock
|turn|10
|
|t:|1779913769
|-terastallize|p1a: Quaquaval|Water
|move|p2a: Shrödinger|Moonblast|p1a: Quaquaval
|-damage|p1a: Quaquaval|40/100
|move|p1a: Quaquaval|Aqua Step|p2a: Shrödinger
|-damage|p2a: Shrödinger|0 fnt
|-boost|p1a: Quaquaval|spe|1
|faint|p2a: Shrödinger
|-end|p2a: Shrödinger|Quark Drive|[silent]
|-ability|p1a: Quaquaval|Moxie|boost
|-boost|p1a: Quaquaval|atk|1
|
|-weather|RainDance|[upkeep]
|-heal|p1a: Quaquaval|46/100|[from] item: Leftovers
|upkeep
|inactive|Battle timer is ON: inactive players will automatically lose when time's up. (requested by Metal_In_Microwave)
|
|t:|1779913791
|switch|p2a: Chocolate Chip|Landorus-Therian, M|100/100
|-ability|p2a: Chocolate Chip|Intimidate|boost
|-unboost|p1a: Quaquaval|atk|1
|turn|11
|
|t:|1779913799
|switch|p2a: Hop|Cinderace, F|100/100
|move|p1a: Quaquaval|Aqua Step|p2a: Hop
|-supereffective|p2a: Hop
|-damage|p2a: Hop|0 fnt
|-boost|p1a: Quaquaval|spe|1
|faint|p2a: Hop
|-ability|p1a: Quaquaval|Moxie|boost
|-boost|p1a: Quaquaval|atk|1
|
|-weather|RainDance|[upkeep]
|-heal|p1a: Quaquaval|53/100|[from] item: Leftovers
|upkeep
|
|t:|1779913803
|switch|p2a: Chocolate Chip|Landorus-Therian, M|100/100
|-ability|p2a: Chocolate Chip|Intimidate|boost
|-unboost|p1a: Quaquaval|atk|1
|turn|12
|
|t:|1779913809
|switch|p2a: The Holy Spirit|Kyurem|100/100
|-ability|p2a: The Holy Spirit|Pressure
|move|p1a: Quaquaval|Aqua Step|p2a: The Holy Spirit
|-resisted|p2a: The Holy Spirit
|-damage|p2a: The Holy Spirit|62/100
|-boost|p1a: Quaquaval|spe|1
|
|-weather|RainDance|[upkeep]
|-heal|p1a: Quaquaval|59/100|[from] item: Leftovers
|-heal|p2a: The Holy Spirit|68/100|[from] item: Leftovers
|upkeep
|turn|13
|
|t:|1779913821
|switch|p2a: Chocolate Chip|Landorus-Therian, M|100/100
|-ability|p2a: Chocolate Chip|Intimidate|boost
|-unboost|p1a: Quaquaval|atk|1
|move|p1a: Quaquaval|Swords Dance|p1a: Quaquaval
|-boost|p1a: Quaquaval|atk|2
|
|-weather|RainDance|[upkeep]
|-heal|p1a: Quaquaval|65/100|[from] item: Leftovers
|upkeep
|turn|14
|
|t:|1779913836
|move|p1a: Quaquaval|Aqua Step|p2a: Chocolate Chip
|-supereffective|p2a: Chocolate Chip
|-damage|p2a: Chocolate Chip|0 fnt
|-boost|p1a: Quaquaval|spe|1
|-damage|p1a: Quaquaval|48/100|[from] item: Rocky Helmet|[of] p2a: Chocolate Chip
|faint|p2a: Chocolate Chip
|-ability|p1a: Quaquaval|Moxie|boost
|-boost|p1a: Quaquaval|atk|1
|
|-weather|RainDance|[upkeep]
|-heal|p1a: Quaquaval|55/100|[from] item: Leftovers
|upkeep
|
|t:|1779913841
|switch|p2a: Don Emilio|Kingambit, M|100/100
|-activate|p2a: Don Emilio|ability: Supreme Overlord
|-start|p2a: Don Emilio|fallen3|[silent]
|turn|15
|
|t:|1779913855
|-end|p2a: Don Emilio|fallen3|[silent]
|switch|p2a: Mr. Cuddles|Slowking-Galar, M|89/100
|move|p1a: Quaquaval|Aqua Step|p2a: Mr. Cuddles
|-damage|p2a: Mr. Cuddles|0 fnt
|-boost|p1a: Quaquaval|spe|1
|faint|p2a: Mr. Cuddles
|-ability|p1a: Quaquaval|Moxie|boost
|-boost|p1a: Quaquaval|atk|1
|
|-weather|none
|-heal|p1a: Quaquaval|61/100|[from] item: Leftovers
|upkeep
|
|t:|1779913858
|switch|p2a: Don Emilio|Kingambit, M|100/100
|-activate|p2a: Don Emilio|ability: Supreme Overlord
|-start|p2a: Don Emilio|fallen4|[silent]
|turn|16
|
|t:|1779913866
|move|p2a: Don Emilio|Sucker Punch|p1a: Quaquaval
|-damage|p1a: Quaquaval|0 fnt
|faint|p1a: Quaquaval
|
|upkeep
|
|t:|1779913874
|switch|p1a: Pelipper|Pelipper, F|75/100
|-damage|p1a: Pelipper|50/100|[from] Stealth Rock
|-weather|RainDance|[from] ability: Drizzle|[of] p1a: Pelipper
|turn|17
|
|t:|1779913876
|move|p2a: Don Emilio|Sucker Punch|p1a: Pelipper
|-damage|p1a: Pelipper|0 fnt
|faint|p1a: Pelipper
|
|-weather|RainDance|[upkeep]
|upkeep
|
|t:|1779913878
|switch|p1a: Landorus|Landorus-Therian, M|100/100
|-damage|p1a: Landorus|88/100|[from] Stealth Rock
|-ability|p1a: Landorus|Intimidate|boost
|-unboost|p2a: Don Emilio|atk|1
|turn|18
|
|t:|1779913886
|move|p2a: Don Emilio|Sucker Punch|p1a: Landorus
|-damage|p1a: Landorus|39/100
|move|p1a: Landorus|Sandsear Storm|p2a: Don Emilio
|-supereffective|p2a: Don Emilio
|-damage|p2a: Don Emilio|0 fnt
|faint|p2a: Don Emilio
|-end|p2a: Don Emilio|fallen4|[silent]
|
|-weather|RainDance|[upkeep]
|upkeep
|
|t:|1779913889
|switch|p2a: The Holy Spirit|Kyurem|68/100
|-ability|p2a: The Holy Spirit|Pressure
|turn|19
|
|t:|1779913892
|move|p2a: The Holy Spirit|Freeze-Dry|p1a: Landorus
|-supereffective|p1a: Landorus
|-damage|p1a: Landorus|0 fnt
|faint|p1a: Landorus
|
|win|taro09
|raw|Metal_In_Microwave's rating: 1403 &rarr; <strong>1386</strong><br />(-17 for losing)
|raw|taro09's rating: 1458 &rarr; <strong>1475</strong><br />(+17 for winning)
|l|☆Metal_In_Microwave
|player|p1|
|l|☆taro09
|player|p2|
