|j|☆franklundy
|j|☆cyndaquilhat
|t:|1779854540
|gametype|singles
|player|p1|franklundy|1|1355
|player|p2|cyndaquilhat|backpackerf|1364
|gen|9
|tier|[Gen 9] OU
|rated|
|rule|HP Percentage Mod: HP is shown in percentages
|rule|Endless Battle Clause: Forcing endless battles is banned
|rule|Species Clause: Limit one of each Pokémon
|rule|OHKO Clause: OHKO moves are banned
|rule|Evasion Items Clause: Evasion items are banned
|rule|Evasion Moves Clause: Evasion moves are banned
|rule|Evasion Abilities Clause: Evasion abilities are banned
|rule|Sleep Moves Clause: Sleep-inducing moves are banned
|clearpoke
|poke|p1|Garchomp, M|
|poke|p1|Gholdengo|
|poke|p1|Moltres|
|poke|p1|Dragapult, M|
|poke|p1|Enamorus, F|
|poke|p1|Tyranitar, F|
|poke|p2|Diancie|
|poke|p2|Blaziken, F|
|poke|p2|Oricorio-Pom-Pom, F|
|poke|p2|Cinderace, F|
|poke|p2|Regidrago|
|poke|p2|Ursaluna, F|
|teampreview
|inactive|Battle timer is ON: inactive players will automatically lose when time's up. (requested by cyndaquilhat)
|
|t:|1779854558
|teamsize|p1|6
|teamsize|p2|6
|start
|switch|p1a: Moltres|Moltres|100/100
|switch|p2a: Blaziken|Blaziken, F|100/100
|turn|1
|
|t:|1779854568
|move|p2a: Blaziken|Swords Dance|p2a: Blaziken
|-boost|p2a: Blaziken|atk|2
|move|p1a: Moltres|Roar|p2a: Blaziken
|drag|p2a: Regidrago|Regidrago|100/100
|
|upkeep
|turn|2
|
|t:|1779854578
|switch|p2a: Diancie|Diancie|100/100
|move|p1a: Moltres|U-turn|p2a: Diancie
|-resisted|p2a: Diancie
|-damage|p2a: Diancie|95/100
|
|t:|1779854584
|switch|p1a: Gholdengo|Gholdengo|100/100|[from] U-turn
|-item|p1a: Gholdengo|Air Balloon
|
|upkeep
|turn|3
|
|t:|1779854591
|switch|p2a: Oricorio|Oricorio-Pom-Pom, F|100/100
|move|p1a: Gholdengo|Make It Rain|p2a: Oricorio
|-resisted|p2a: Oricorio
|-damage|p2a: Oricorio|68/100
|-unboost|p1a: Gholdengo|spa|1
|
|upkeep
|turn|4
|
|t:|1779854599
|switch|p1a: Garchomp|Garchomp, M|100/100
|move|p2a: Oricorio|Quiver Dance|p2a: Oricorio
|-boost|p2a: Oricorio|spa|1
|-boost|p2a: Oricorio|spd|1
|-boost|p2a: Oricorio|spe|1
|
|upkeep
|turn|5
|
|t:|1779854609
|move|p2a: Oricorio|Hurricane|p1a: Garchomp
|-damage|p1a: Garchomp|40/100
|move|p1a: Garchomp|Stealth Rock|p2a: Oricorio
|-sidestart|p2: cyndaquilhat|move: Stealth Rock
|
|upkeep
|turn|6
|
|t:|1779854624
|switch|p1a: Tyranitar|Tyranitar, F|100/100
|-weather|Sandstorm|[from] ability: Sand Stream|[of] p1a: Tyranitar
|move|p2a: Oricorio|Quiver Dance|p2a: Oricorio
|-boost|p2a: Oricorio|spa|1
|-boost|p2a: Oricorio|spd|1
|-boost|p2a: Oricorio|spe|1
|
|-weather|Sandstorm|[upkeep]
|-damage|p2a: Oricorio|62/100|[from] Sandstorm
|upkeep
|turn|7
|
|t:|1779854641
|move|p2a: Oricorio|Revelation Dance|p1a: Tyranitar
|-damage|p1a: Tyranitar|50/100
|move|p1a: Tyranitar|Knock Off|p2a: Oricorio
|-damage|p2a: Oricorio|0 fnt
|-enditem|p2a: Oricorio|Heavy-Duty Boots|[from] move: Knock Off|[of] p1a: Tyranitar
|faint|p2a: Oricorio
|
|-weather|Sandstorm|[upkeep]
|upkeep
|
|t:|1779854649
|switch|p2a: Diancie|Diancie|95/100
|-damage|p2a: Diancie|83/100|[from] Stealth Rock
|turn|8
|
|t:|1779854655
|switch|p1a: Gholdengo|Gholdengo|100/100
|-item|p1a: Gholdengo|Air Balloon
|move|p2a: Diancie|Trick Room|p2a: Diancie
|-fieldstart|move: Trick Room|[of] p2a: Diancie
|
|-weather|Sandstorm|[upkeep]
|upkeep
|turn|9
|
|t:|1779854675
|move|p2a: Diancie|Moonblast|p1a: Gholdengo
|-resisted|p1a: Gholdengo
|-damage|p1a: Gholdengo|76/100
|-enditem|p1a: Gholdengo|Air Balloon
|move|p1a: Gholdengo|Make It Rain|p2a: Diancie
|-supereffective|p2a: Diancie
|-damage|p2a: Diancie|0 fnt
|-unboost|p1a: Gholdengo|spa|1
|faint|p2a: Diancie
|
|-weather|Sandstorm|[upkeep]
|upkeep
|
|t:|1779854678
|switch|p2a: Ursaluna|Ursaluna, F|100/100
|-damage|p2a: Ursaluna|94/100|[from] Stealth Rock
|turn|10
|
|t:|1779854690
|switch|p1a: Moltres|Moltres|100/100
|move|p2a: Ursaluna|Trailblaze|p1a: Moltres
|-resisted|p1a: Moltres
|-damage|p1a: Moltres|97/100
|-boost|p2a: Ursaluna|spe|1
|
|-weather|none
|-status|p2a: Ursaluna|brn|[from] item: Flame Orb
|upkeep
|turn|11
|
|t:|1779854698
|move|p1a: Moltres|Roost|p1a: Moltres
|-heal|p1a: Moltres|100/100
|-singleturn|p1a: Moltres|move: Roost
|move|p2a: Ursaluna|Facade|p1a: Moltres
|-damage|p1a: Moltres|23/100
|
|-damage|p2a: Ursaluna|88/100 brn|[from] brn
|upkeep
|turn|12
|
|t:|1779854719
|switch|p1a: Gholdengo|Gholdengo|76/100
|move|p2a: Ursaluna|Trailblaze|p1a: Gholdengo
|-resisted|p1a: Gholdengo
|-crit|p1a: Gholdengo
|-damage|p1a: Gholdengo|62/100
|-boost|p2a: Ursaluna|spe|1
|
|-damage|p2a: Ursaluna|82/100 brn|[from] brn
|-fieldend|move: Trick Room
|upkeep
|turn|13
|
|t:|1779854730
|move|p2a: Ursaluna|Earthquake|p1a: Gholdengo
|-supereffective|p1a: Gholdengo
|-damage|p1a: Gholdengo|0 fnt
|faint|p1a: Gholdengo
|
|-damage|p2a: Ursaluna|76/100 brn|[from] brn
|upkeep
|inactive|franklundy has 120 seconds left.
|
|t:|1779854748
|switch|p1a: Moltres|Moltres|23/100
|turn|14
|
|t:|1779854760
|switch|p1a: Garchomp|Garchomp, M|40/100
|move|p2a: Ursaluna|Facade|p1a: Garchomp
|-damage|p1a: Garchomp|0 fnt
|-damage|p2a: Ursaluna|63/100 brn|[from] ability: Rough Skin|[of] p1a: Garchomp
|-damage|p2a: Ursaluna|47/100 brn|[from] item: Rocky Helmet|[of] p1a: Garchomp
|faint|p1a: Garchomp
|
|-damage|p2a: Ursaluna|40/100 brn|[from] brn
|upkeep
|inactive|franklundy has 120 seconds left.
|c|☆franklundy|!dt ursaluna
|c|☆franklundy|/raw <div class="message"><ul class="utilichart"><li class="result"><span class="col numcol">UUBL</span> <span class="col iconcol"><psicon pokemon="ursaluna"/></span> <span class="col pokemonnamecol" style="white-space:nowrap"><a href="https://dex.pokemonshowdown.com/pokemon/ursaluna" target="_blank">Ursaluna</a></span> <span class="col typecol"><img src="https://play.pokemonshowdown.com/sprites/types/Ground.png" alt="Ground" height="14" width="32"><img src="https://play.pokemonshowdown.com/sprites/types/Normal.png" alt="Normal" height="14" width="32"></span> <span style="float:left;min-height:26px"><span class="col twoabilitycol">Guts<br />Bulletproof</span><span class="col abilitycol"><em>Unnerve</em></span></span><span style="float:left;min-height:26px"><span class="col statcol"><em>HP</em><br />130</span> <span class="col statcol"><em>Atk</em><br />140</span> <span class="col statcol"><em>Def</em><br />105</span> <span class="col statcol"><em>SpA</em><br />45</span> <span class="col statcol"><em>SpD</em><br />80</span> <span class="col statcol"><em>Spe</em><br />50</span> <span class="col bstcol"><em>BST<br />550</em></span> </span></li><li style="clear:both"></li></ul></div>
|c|☆franklundy|/raw <font size="1"><font color="#686868">Dex#:</font> 901&nbsp;|&ThickSpace;<font color="#686868">Gen:</font> 8&nbsp;|&ThickSpace;<font color="#686868">Height:</font> 2.4 m&nbsp;|&ThickSpace;<font color="#686868">Weight:</font> 290 kg <em>(120 BP)</em>&nbsp;|&ThickSpace;<font color="#686868">Dex Colour:</font> Brown&nbsp;|&ThickSpace;<font color="#686868">Egg Group(s):</font> Field&nbsp;|&ThickSpace;<font color="#686868">Pre-Evolution:</font> Ursaring&nbsp;|&ThickSpace;<font color="#686868">Does Not Evolve</font></font>

|inactive|franklundy has 90 seconds left.
|
|t:|1779854820
|switch|p1a: Dragapult|Dragapult, M|100/100
|turn|15
|
|t:|1779854828
|switch|p1a: Enamorus|Enamorus, F|100/100
|move|p2a: Ursaluna|Earthquake|p1a: Enamorus
|-immune|p1a: Enamorus
|
|-damage|p2a: Ursaluna|34/100 brn|[from] brn
|upkeep
|turn|16
|
|t:|1779854834
|move|p1a: Enamorus|Moonblast|p2a: Ursaluna
|-damage|p2a: Ursaluna|0 fnt
|faint|p2a: Ursaluna
|
|upkeep
|
|t:|1779854839
|switch|p2a: Cinderace|Cinderace, F|100/100
|turn|17
|
|t:|1779854849
|switch|p1a: Moltres|Moltres|23/100
|move|p2a: Cinderace|Gunk Shot|p1a: Moltres
|-start|p2a: Cinderace|typechange|Poison|[from] ability: Libero
|-damage|p1a: Moltres|0 fnt
|faint|p1a: Moltres
|
|upkeep
|
|t:|1779854869
|switch|p1a: Dragapult|Dragapult, M|100/100
|turn|18
|
|t:|1779854872
|switch|p2a: Regidrago|Regidrago|100/100
|-damage|p2a: Regidrago|88/100|[from] Stealth Rock
|move|p1a: Dragapult|Dragon Darts|p2a: Regidrago
|-supereffective|p2a: Regidrago
|-crit|p2a: Regidrago
|-damage|p2a: Regidrago|18/100
|-anim|p1a: Dragapult|Dragon Darts|p2a: Regidrago
|-supereffective|p2a: Regidrago
|-damage|p2a: Regidrago|0 fnt
|faint|p2a: Regidrago
|
|upkeep
|c|☆franklundy|interesting play
|c|☆franklundy|what did you think I was gonna do
|
|t:|1779854897
|switch|p2a: Cinderace|Cinderace, F|100/100
|turn|19
|
|t:|1779854909
|switch|p1a: Enamorus|Enamorus, F|100/100
|move|p2a: Cinderace|Pyro Ball|p1a: Enamorus
|-damage|p1a: Enamorus|15/100
|
|upkeep
|turn|20
|
|t:|1779854915
|-terastallize|p1a: Enamorus|Ground
|move|p1a: Enamorus|Earth Power|p2a: Cinderace
|-supereffective|p2a: Cinderace
|-damage|p2a: Cinderace|0 fnt
|faint|p2a: Cinderace
|
|upkeep
|
|t:|1779854918
|switch|p2a: Blaziken|Blaziken, F|100/100
|-damage|p2a: Blaziken|88/100|[from] Stealth Rock
|turn|21
|
|t:|1779854927
|switch|p1a: Dragapult|Dragapult, M|100/100
|-terastallize|p2a: Blaziken|Flying
|move|p2a: Blaziken|Swords Dance|p2a: Blaziken
|-boost|p2a: Blaziken|atk|2
|
|-heal|p2a: Blaziken|94/100|[from] item: Leftovers
|-ability|p2a: Blaziken|Speed Boost|boost
|-boost|p2a: Blaziken|spe|1
|upkeep
|turn|22
|
|t:|1779854932
|move|p1a: Dragapult|Will-O-Wisp|p2a: Blaziken
|-status|p2a: Blaziken|brn
|move|p2a: Blaziken|Knock Off|p1a: Dragapult
|-supereffective|p1a: Dragapult
|-damage|p1a: Dragapult|3/100
|-enditem|p1a: Dragapult|Heavy-Duty Boots|[from] move: Knock Off|[of] p2a: Blaziken
|
|-heal|p2a: Blaziken|99/100 brn|[from] item: Leftovers
|-damage|p2a: Blaziken|94/100 brn|[from] brn
|-ability|p2a: Blaziken|Speed Boost|boost
|-boost|p2a: Blaziken|spe|1
|upkeep
|turn|23
|c|☆franklundy|shit big misplay prolly
|
|t:|1779854948
|move|p2a: Blaziken|Knock Off|p1a: Dragapult
|-supereffective|p1a: Dragapult
|-damage|p1a: Dragapult|0 fnt
|faint|p1a: Dragapult
|
|-heal|p2a: Blaziken|99/100 brn|[from] item: Leftovers
|-damage|p2a: Blaziken|94/100 brn|[from] brn
|-ability|p2a: Blaziken|Speed Boost|boost
|-boost|p2a: Blaziken|spe|1
|upkeep
|
|t:|1779854955
|switch|p1a: Tyranitar|Tyranitar, F|50/100
|-weather|Sandstorm|[from] ability: Sand Stream|[of] p1a: Tyranitar
|turn|24
|
|t:|1779854968
|switch|p1a: Enamorus|Enamorus, F, tera:Ground|15/100
|move|p2a: Blaziken|Close Combat|p1a: Enamorus
|-damage|p1a: Enamorus|0 fnt
|-unboost|p2a: Blaziken|def|1
|-unboost|p2a: Blaziken|spd|1
|faint|p1a: Enamorus
|
|-weather|Sandstorm|[upkeep]
|-damage|p2a: Blaziken|88/100 brn|[from] Sandstorm
|-heal|p2a: Blaziken|94/100 brn|[from] item: Leftovers
|-damage|p2a: Blaziken|88/100 brn|[from] brn
|-ability|p2a: Blaziken|Speed Boost|boost
|-boost|p2a: Blaziken|spe|1
|upkeep
|
|t:|1779854974
|switch|p1a: Tyranitar|Tyranitar, F|50/100
|turn|25
|
|t:|1779854977
|move|p2a: Blaziken|Close Combat|p1a: Tyranitar
|-supereffective|p1a: Tyranitar
|-damage|p1a: Tyranitar|0 fnt
|-unboost|p2a: Blaziken|def|1
|-unboost|p2a: Blaziken|spd|1
|faint|p1a: Tyranitar
|
|win|cyndaquilhat
|raw|franklundy's rating: 1355 &rarr; <strong>1336</strong><br />(-19 for losing)
|raw|cyndaquilhat's rating: 1364 &rarr; <strong>1383</strong><br />(+19 for winning)
|l|☆franklundy
|player|p1|
|l|☆cyndaquilhat
|player|p2|
