|j|☆smashthehedgehog
|j|☆nosoiio
|t:|1779924359
|gametype|singles
|player|p1|smashthehedgehog|170|1111
|player|p2|nosoiio|1|1132
|gen|9
|tier|[Gen 9] OU
|rated|
|rule|HP Percentage Mod: HP is shown in percentages
|rule|Endless Battle Clause: Forcing endless battles is banned
|rule|Species Clause: Limit one of each Pokémon
|rule|OHKO Clause: OHKO moves are banned
|rule|Evasion Items Clause: Evasion items are banned
|rule|Evasion Moves Clause: Evasion moves are banned
|rule|Evasion Abilities Clause: Evasion abilities are banned
|rule|Sleep Moves Clause: Sleep-inducing moves are banned
|clearpoke
|poke|p1|Infernape, M|
|poke|p1|Tyranitar, M|
|poke|p1|Enamorus, F|
|poke|p1|Gliscor, M|
|poke|p1|Kingambit, M|
|poke|p1|Greninja-*, M|
|poke|p2|Revavroom, F|
|poke|p2|Serperior, F|
|poke|p2|Skeledirge, F|
|poke|p2|Dondozo, F|
|poke|p2|Goodra, M|
|poke|p2|Meowscarada, M|
|teampreview
|inactive|Battle timer is ON: inactive players will automatically lose when time's up. (requested by nosoiio)
|c|☆smashthehedgehog|cowtow?
|c|☆smashthehedgehog|queeve.
|
|t:|1779924373
|teamsize|p1|6
|teamsize|p2|6
|start
|switch|p1a: Gliscor|Gliscor, M|100/100
|switch|p2a: Revavroom|Revavroom, F|100/100
|-item|p2a: Revavroom|Air Balloon
|turn|1
|
|t:|1779924387
|move|p2a: Revavroom|Shift Gear|p2a: Revavroom
|-boost|p2a: Revavroom|spe|2
|-boost|p2a: Revavroom|atk|1
|move|p1a: Gliscor|Ice Fang|p2a: Revavroom
|-resisted|p2a: Revavroom
|-damage|p2a: Revavroom|87/100
|-enditem|p2a: Revavroom|Air Balloon
|
|-status|p1a: Gliscor|tox|[from] item: Toxic Orb
|upkeep
|turn|2
|
|t:|1779924395
|move|p2a: Revavroom|Body Slam|p1a: Gliscor
|-damage|p1a: Gliscor|61/100 tox
|move|p1a: Gliscor|Stealth Rock|p2a: Revavroom
|-sidestart|p2: nosoiio|move: Stealth Rock
|
|-heal|p1a: Gliscor|73/100 tox|[from] ability: Poison Heal
|upkeep
|turn|3
|
|t:|1779924405
|move|p2a: Revavroom|Gunk Shot|p1a: Gliscor
|-resisted|p1a: Gliscor
|-damage|p1a: Gliscor|36/100 tox
|move|p1a: Gliscor|Earthquake|p2a: Revavroom
|-supereffective|p2a: Revavroom
|-damage|p2a: Revavroom|0 fnt
|faint|p2a: Revavroom
|
|-heal|p1a: Gliscor|48/100 tox|[from] ability: Poison Heal
|upkeep
|
|t:|1779924412
|switch|p2a: Meowscarada|Meowscarada, M|100/100
|-damage|p2a: Meowscarada|88/100|[from] Stealth Rock
|turn|4
|
|t:|1779924418
|move|p2a: Meowscarada|Flower Trick|p1a: Gliscor
|-start|p2a: Meowscarada|typechange|Grass|[from] ability: Protean
|-crit|p1a: Gliscor
|-damage|p1a: Gliscor|0 fnt
|faint|p1a: Gliscor
|
|upkeep
|
|t:|1779924426
|switch|p1a: Infernape|Infernape, M|100/100
|-item|p1a: Infernape|Air Balloon
|turn|5
|
|t:|1779924432
|switch|p2a: Dondozo|Dondozo, F|100/100
|-damage|p2a: Dondozo|88/100|[from] Stealth Rock
|move|p1a: Infernape|Fake Out|p2a: Dondozo
|-damage|p2a: Dondozo|83/100
|
|-heal|p2a: Dondozo|89/100|[from] item: Leftovers
|upkeep
|turn|6
|
|t:|1779924440
|move|p1a: Infernape|U-turn|p2a: Dondozo
|-damage|p2a: Dondozo|80/100
|
|t:|1779924443
|switch|p1a: Greninja|Greninja, M|100/100|[from] U-turn
|move|p2a: Dondozo|Curse|p2a: Dondozo
|-unboost|p2a: Dondozo|spe|1
|-boost|p2a: Dondozo|atk|1
|-boost|p2a: Dondozo|def|1
|
|-heal|p2a: Dondozo|86/100|[from] item: Leftovers
|upkeep
|turn|7
|
|t:|1779924452
|-terastallize|p1a: Greninja|Grass
|move|p1a: Greninja|Grass Knot|p2a: Dondozo
|-supereffective|p2a: Dondozo
|-damage|p2a: Dondozo|0 fnt
|faint|p2a: Dondozo
|-ability|p1a: Greninja|Battle Bond|boost
|-boost|p1a: Greninja|atk|1
|-boost|p1a: Greninja|spa|1
|-boost|p1a: Greninja|spe|1
|-activate|p1a: Greninja|ability: Battle Bond
|
|upkeep
|
|t:|1779924465
|switch|p2a: Serperior|Serperior, F|100/100
|-damage|p2a: Serperior|88/100|[from] Stealth Rock
|turn|8
|
|t:|1779924468
|move|p1a: Greninja|Ice Beam|p2a: Serperior
|-supereffective|p2a: Serperior
|-damage|p2a: Serperior|0 fnt
|faint|p2a: Serperior
|
|upkeep
|
|t:|1779924471
|switch|p2a: Meowscarada|Meowscarada, M|88/100
|-damage|p2a: Meowscarada|76/100|[from] Stealth Rock
|turn|9
|
|t:|1779924474
|move|p1a: Greninja|Ice Beam|p2a: Meowscarada
|-supereffective|p2a: Meowscarada
|-damage|p2a: Meowscarada|0 fnt
|faint|p2a: Meowscarada
|
|upkeep
|-message|nosoiio forfeited.
|
|win|smashthehedgehog
|raw|smashthehedgehog's rating: 1111 &rarr; <strong>1138</strong><br />(+27 for winning)
|raw|nosoiio's rating: 1132 &rarr; <strong>1105</strong><br />(-27 for losing)
|l|☆nosoiio
|player|p2|
