|j|☆genesis lotus iv
|j|☆flapjacque
|t:|1779802326
|gametype|singles
|player|p1|genesis lotus iv|eusine|1333
|player|p2|flapjacque|wallace|1373
|gen|9
|tier|[Gen 9] OU
|rated|
|rule|HP Percentage Mod: HP is shown in percentages
|rule|Endless Battle Clause: Forcing endless battles is banned
|rule|Species Clause: Limit one of each Pokémon
|rule|OHKO Clause: OHKO moves are banned
|rule|Evasion Items Clause: Evasion items are banned
|rule|Evasion Moves Clause: Evasion moves are banned
|rule|Evasion Abilities Clause: Evasion abilities are banned
|rule|Sleep Moves Clause: Sleep-inducing moves are banned
|clearpoke
|poke|p1|Blaziken, M|
|poke|p1|Iron Treads|
|poke|p1|Lokix, F|
|poke|p1|Pecharunt|
|poke|p1|Latios, M|
|poke|p1|Tornadus-Therian, M|
|poke|p2|Milotic, F|
|poke|p2|Skarmory, F|
|poke|p2|Quagsire, F|
|poke|p2|Latias, F|
|poke|p2|Enamorus, F|
|poke|p2|Grafaiai, F|
|teampreview
|inactive|Battle timer is ON: inactive players will automatically lose when time's up. (requested by genesis lotus iv)
|
|t:|1779802346
|teamsize|p1|6
|teamsize|p2|6
|start
|switch|p1a: Lokix|Lokix, F|100/100
|switch|p2a: Grafaiai|Grafaiai, F|100/100
|turn|1
|
|t:|1779802352
|switch|p2a: Skarmory|Skarmory, F|100/100
|move|p1a: Lokix|First Impression|p2a: Skarmory
|-resisted|p2a: Skarmory
|-damage|p2a: Skarmory|80/100
|-damage|p1a: Lokix|84/100|[from] item: Rocky Helmet|[of] p2a: Skarmory
|
|upkeep
|turn|2
|
|t:|1779802361
|switch|p1a: Blaziken|Blaziken, M|100/100
|move|p2a: Skarmory|Spikes|p1a: Blaziken
|-sidestart|p1: genesis lotus iv|Spikes
|
|upkeep
|turn|3
|
|t:|1779802365
|switch|p2a: Quagsire|Quagsire, F, shiny|100/100
|move|p1a: Blaziken|Flare Blitz|p2a: Quagsire
|-resisted|p2a: Quagsire
|-damage|p2a: Quagsire|69/100
|-damage|p1a: Blaziken|87/100|[from] Recoil
|-damage|p1a: Blaziken|77/100|[from] item: Life Orb
|
|-heal|p2a: Quagsire|75/100|[from] item: Leftovers
|-ability|p1a: Blaziken|Speed Boost|boost
|-boost|p1a: Blaziken|spe|1
|upkeep
|turn|4
|
|t:|1779802377
|move|p1a: Blaziken|Knock Off|p2a: Quagsire
|-damage|p2a: Quagsire|44/100
|-enditem|p2a: Quagsire|Leftovers|[from] move: Knock Off|[of] p1a: Blaziken
|-damage|p1a: Blaziken|67/100|[from] item: Life Orb
|move|p2a: Quagsire|Stealth Rock|p1a: Blaziken
|-sidestart|p1: genesis lotus iv|move: Stealth Rock
|
|-ability|p1a: Blaziken|Speed Boost|boost
|-boost|p1a: Blaziken|spe|1
|upkeep
|turn|5
|
|t:|1779802385
|move|p1a: Blaziken|Close Combat|p2a: Quagsire
|-damage|p2a: Quagsire|0 fnt
|-unboost|p1a: Blaziken|def|1
|-unboost|p1a: Blaziken|spd|1
|faint|p2a: Quagsire
|-damage|p1a: Blaziken|57/100|[from] item: Life Orb
|
|-ability|p1a: Blaziken|Speed Boost|boost
|-boost|p1a: Blaziken|spe|1
|upkeep
|
|t:|1779802395
|switch|p2a: Milotic|Milotic, F|100/100
|turn|6
|
|t:|1779802398
|move|p1a: Blaziken|Knock Off|p2a: Milotic
|-damage|p2a: Milotic|50/100
|-enditem|p2a: Milotic|Leftovers|[from] move: Knock Off|[of] p1a: Blaziken
|-damage|p1a: Blaziken|47/100|[from] item: Life Orb
|move|p2a: Milotic|Hydro Pump|p1a: Blaziken
|-supereffective|p1a: Blaziken
|-damage|p1a: Blaziken|0 fnt
|faint|p1a: Blaziken
|
|upkeep
|
|t:|1779802403
|switch|p1a: Iron Treads|Iron Treads|100/100
|-damage|p1a: Iron Treads|88/100|[from] Spikes
|-damage|p1a: Iron Treads|85/100|[from] Stealth Rock
|turn|7
|
|t:|1779802411
|move|p1a: Iron Treads|Rapid Spin|p2a: Milotic
|-damage|p2a: Milotic|34/100
|-boost|p1a: Iron Treads|spe|1
|-sideend|p1: genesis lotus iv|Spikes|[from] move: Rapid Spin|[of] p1a: Iron Treads
|-sideend|p1: genesis lotus iv|Stealth Rock|[from] move: Rapid Spin|[of] p1a: Iron Treads
|move|p2a: Milotic|Hydro Pump|p1a: Iron Treads
|-supereffective|p1a: Iron Treads
|-damage|p1a: Iron Treads|0 fnt
|faint|p1a: Iron Treads
|-end|p1a: Iron Treads|Quark Drive|[silent]
|
|upkeep
|
|t:|1779802415
|switch|p1a: Lokix|Lokix, F|84/100
|turn|8
|
|t:|1779802421
|switch|p2a: Skarmory|Skarmory, F|80/100
|move|p1a: Lokix|First Impression|p2a: Skarmory
|-resisted|p2a: Skarmory
|-damage|p2a: Skarmory|60/100
|-damage|p1a: Lokix|67/100|[from] item: Rocky Helmet|[of] p2a: Skarmory
|
|upkeep
|turn|9
|
|t:|1779802432
|switch|p1a: Tornadus|Tornadus-Therian, M|100/100
|move|p2a: Skarmory|Spikes|p1a: Tornadus
|-sidestart|p1: genesis lotus iv|Spikes
|
|upkeep
|turn|10
|
|t:|1779802437
|switch|p2a: Milotic|Milotic, F|34/100
|move|p1a: Tornadus|Heat Wave|p2a: Milotic
|-resisted|p2a: Milotic
|-damage|p2a: Milotic|26/100
|
|upkeep
|turn|11
|
|t:|1779802449
|move|p1a: Tornadus|U-turn|p2a: Milotic
|-damage|p2a: Milotic|10/100
|
|t:|1779802450
|switch|p1a: Lokix|Lokix, F|67/100|[from] U-turn
|-damage|p1a: Lokix|55/100|[from] Spikes
|move|p2a: Milotic|Recover|p2a: Milotic
|-heal|p2a: Milotic|60/100
|
|upkeep
|turn|12
|
|t:|1779802457
|switch|p2a: Skarmory|Skarmory, F|60/100
|move|p1a: Lokix|U-turn|p2a: Skarmory
|-resisted|p2a: Skarmory
|-damage|p2a: Skarmory|47/100
|-damage|p1a: Lokix|38/100|[from] item: Rocky Helmet|[of] p2a: Skarmory
|
|t:|1779802460
|switch|p1a: Pecharunt|Pecharunt|100/100|[from] U-turn
|
|upkeep
|turn|13
|
|t:|1779802469
|switch|p2a: Grafaiai|Grafaiai, F|100/100
|move|p1a: Pecharunt|Nasty Plot|p1a: Pecharunt
|-boost|p1a: Pecharunt|spa|2
|
|upkeep
|turn|14
|
|t:|1779802475
|move|p2a: Grafaiai|Encore|p1a: Pecharunt
|-start|p1a: Pecharunt|Encore
|move|p1a: Pecharunt|Nasty Plot|p1a: Pecharunt
|-boost|p1a: Pecharunt|spa|2
|
|upkeep
|turn|15
|
|t:|1779802480
|switch|p1a: Latios|Latios, M|100/100
|move|p2a: Grafaiai|Knock Off|p1a: Latios
|-supereffective|p1a: Latios
|-damage|p1a: Latios|31/100
|-enditem|p1a: Latios|Choice Scarf|[from] move: Knock Off|[of] p2a: Grafaiai
|
|upkeep
|turn|16
|
|t:|1779802486
|move|p2a: Grafaiai|Copycat|p2a: Grafaiai
|move|p2a: Grafaiai|Knock Off|p1a: Latios|[from] move: Copycat
|-supereffective|p1a: Latios
|-damage|p1a: Latios|0 fnt
|faint|p1a: Latios
|
|upkeep
|
|t:|1779802496
|switch|p1a: Lokix|Lokix, F|38/100
|-damage|p1a: Lokix|26/100|[from] Spikes
|turn|17
|
|t:|1779802502
|switch|p2a: Skarmory|Skarmory, F|47/100
|move|p1a: Lokix|First Impression|p2a: Skarmory
|-resisted|p2a: Skarmory
|-damage|p2a: Skarmory|29/100
|-damage|p1a: Lokix|9/100|[from] item: Rocky Helmet|[of] p2a: Skarmory
|
|upkeep
|turn|18
|
|t:|1779802510
|move|p1a: Lokix|First Impression||[still]
|-hint|First Impression only works on your first turn out.
|-fail|p1a: Lokix
|move|p2a: Skarmory|Roost|p2a: Skarmory
|-heal|p2a: Skarmory|79/100
|-singleturn|p2a: Skarmory|move: Roost
|
|upkeep
|turn|19
|-message|genesis lotus iv forfeited.
|
|win|flapjacque
|raw|genesis lotus iv's rating: 1333 &rarr; <strong>1315</strong><br />(-18 for losing)
|raw|flapjacque's rating: 1373 &rarr; <strong>1391</strong><br />(+18 for winning)
|l|☆genesis lotus iv
|player|p1|
|l|☆flapjacque
|player|p2|
