|j|☆oseimak000
|j|☆Volga123
|t:|1779805864
|gametype|singles
|player|p1|oseimak000|hilbert|1331
|player|p2|Volga123|cynthia|1371
|gen|9
|tier|[Gen 9] OU
|rated|
|rule|HP Percentage Mod: HP is shown in percentages
|rule|Endless Battle Clause: Forcing endless battles is banned
|rule|Species Clause: Limit one of each Pokémon
|rule|OHKO Clause: OHKO moves are banned
|rule|Evasion Items Clause: Evasion items are banned
|rule|Evasion Moves Clause: Evasion moves are banned
|rule|Evasion Abilities Clause: Evasion abilities are banned
|rule|Sleep Moves Clause: Sleep-inducing moves are banned
|clearpoke
|poke|p1|Ceruledge, M|
|poke|p1|Greninja-*, M|
|poke|p1|Blaziken, M|
|poke|p1|Ogerpon-Wellspring, F|
|poke|p1|Dragonite, F|
|poke|p1|Lucario, M|
|poke|p2|Brambleghast, M|
|poke|p2|Cloyster, M|
|poke|p2|Clodsire, M|
|poke|p2|Salazzle, F|
|poke|p2|Slither Wing|
|poke|p2|Moltres-Galar|
|teampreview
|inactive|Battle timer is ON: inactive players will automatically lose when time's up. (requested by oseimak000)
|
|t:|1779805886
|teamsize|p1|6
|teamsize|p2|6
|start
|switch|p1a: Blaziken|Blaziken, M, shiny|100/100
|switch|p2a: Clodsire|Clodsire, M|100/100
|turn|1
|
|t:|1779805892
|move|p1a: Blaziken|Swords Dance|p1a: Blaziken
|-boost|p1a: Blaziken|atk|2
|move|p2a: Clodsire|Earthquake|p1a: Blaziken
|-supereffective|p1a: Blaziken
|-damage|p1a: Blaziken|16/100
|
|-ability|p1a: Blaziken|Speed Boost|boost
|-boost|p1a: Blaziken|spe|1
|upkeep
|turn|2
|
|t:|1779805905
|switch|p2a: Brambleghast|Brambleghast, M|100/100
|move|p1a: Blaziken|Detect||[still]
|-fail|p1a: Blaziken
|
|-ability|p1a: Blaziken|Speed Boost|boost
|-boost|p1a: Blaziken|spe|1
|upkeep
|turn|3
|
|t:|1779805918
|move|p1a: Blaziken|Earthquake|p2a: Brambleghast
|-resisted|p2a: Brambleghast
|-damage|p2a: Brambleghast|31/100
|move|p2a: Brambleghast|Poltergeist|p1a: Blaziken
|-activate|p1a: Blaziken|move: Poltergeist|Focus Sash
|-crit|p1a: Blaziken
|-damage|p1a: Blaziken|0 fnt
|faint|p1a: Blaziken
|
|upkeep
|
|t:|1779805929
|switch|p1a: Dragonite|Dragonite, F|100/100
|turn|4
|
|t:|1779805934
|move|p2a: Brambleghast|Strength Sap|p1a: Dragonite
|-unboost|p1a: Dragonite|atk|1
|-heal|p2a: Brambleghast|100/100
|move|p1a: Dragonite|Dragon Dance|p1a: Dragonite
|-boost|p1a: Dragonite|atk|1
|-boost|p1a: Dragonite|spe|1
|
|upkeep
|turn|5
|
|t:|1779805946
|move|p1a: Dragonite|Draco Meteor|p2a: Brambleghast
|-damage|p2a: Brambleghast|25/100
|-unboost|p1a: Dragonite|spa|2
|move|p2a: Brambleghast|Rapid Spin|p1a: Dragonite
|-crit|p1a: Dragonite
|-damage|p1a: Dragonite|87/100
|-boost|p2a: Brambleghast|spe|1
|
|upkeep
|turn|6
|
|t:|1779805956
|-terastallize|p1a: Dragonite|Fairy
|move|p2a: Brambleghast|Strength Sap|p1a: Dragonite
|-unboost|p1a: Dragonite|atk|1
|-heal|p2a: Brambleghast|100/100
|move|p1a: Dragonite|Earthquake|p2a: Brambleghast
|-resisted|p2a: Brambleghast
|-damage|p2a: Brambleghast|76/100
|
|upkeep
|turn|7
|
|t:|1779805969
|switch|p1a: Greninja|Greninja, M|100/100
|move|p2a: Brambleghast|Power Whip|p1a: Greninja
|-supereffective|p1a: Greninja
|-damage|p1a: Greninja|0 fnt
|faint|p1a: Greninja
|
|upkeep
|
|t:|1779805977
|switch|p1a: Ogerpon|Ogerpon-Wellspring, F|100/100
|turn|8
|
|t:|1779805981
|move|p2a: Brambleghast|Strength Sap|p1a: Ogerpon
|-unboost|p1a: Ogerpon|atk|1
|-heal|p2a: Brambleghast|100/100
|move|p1a: Ogerpon|Swords Dance|p1a: Ogerpon
|-boost|p1a: Ogerpon|atk|2
|
|upkeep
|turn|9
|
|t:|1779805987
|move|p2a: Brambleghast|Poltergeist|p1a: Ogerpon
|-activate|p1a: Ogerpon|move: Poltergeist|Wellspring Mask
|-damage|p1a: Ogerpon|33/100
|move|p1a: Ogerpon|Knock Off|p2a: Brambleghast
|-supereffective|p2a: Brambleghast
|-damage|p2a: Brambleghast|0 fnt
|-enditem|p2a: Brambleghast|Heavy-Duty Boots|[from] move: Knock Off|[of] p1a: Ogerpon
|faint|p2a: Brambleghast
|
|upkeep
|
|t:|1779805998
|switch|p2a: Cloyster|Cloyster, M|100/100
|turn|10
|
|t:|1779806004
|move|p2a: Cloyster|Ice Shard|p1a: Ogerpon
|-damage|p1a: Ogerpon|0 fnt
|faint|p1a: Ogerpon
|
|upkeep
|
|t:|1779806010
|switch|p1a: Lucario|Lucario, M, shiny|100/100
|turn|11
|
|t:|1779806029
|switch|p2a: Salazzle|Salazzle, F|100/100
|move|p1a: Lucario|Close Combat|p2a: Salazzle
|-resisted|p2a: Salazzle
|-damage|p2a: Salazzle|48/100
|-unboost|p1a: Lucario|def|1
|-unboost|p1a: Lucario|spd|1
|
|upkeep
|turn|12
|
|t:|1779806042
|move|p2a: Salazzle|Toxic|p1a: Lucario
|-status|p1a: Lucario|tox
|move|p1a: Lucario|Swords Dance|p1a: Lucario
|-boost|p1a: Lucario|atk|2
|
|-damage|p1a: Lucario|94/100 tox|[from] psn
|upkeep
|turn|13
|
|t:|1779806049
|move|p1a: Lucario|Extreme Speed|p2a: Salazzle
|-damage|p2a: Salazzle|0 fnt
|faint|p2a: Salazzle
|
|-damage|p1a: Lucario|82/100 tox|[from] psn
|upkeep
|
|t:|1779806068
|switch|p2a: Clodsire|Clodsire, M|100/100
|turn|14
|
|t:|1779806074
|move|p1a: Lucario|Meteor Mash|p2a: Clodsire|[miss]
|-miss|p1a: Lucario|p2a: Clodsire
|move|p2a: Clodsire|Earthquake|p1a: Lucario
|-supereffective|p1a: Lucario
|-damage|p1a: Lucario|0 fnt
|faint|p1a: Lucario
|
|upkeep
|
|t:|1779806081
|switch|p1a: Dragonite|Dragonite, F, tera:Fairy|87/100
|turn|15
|
|t:|1779806084
|move|p1a: Dragonite|Dragon Dance|p1a: Dragonite
|-boost|p1a: Dragonite|atk|1
|-boost|p1a: Dragonite|spe|1
|move|p2a: Clodsire|Gunk Shot|p1a: Dragonite|[miss]
|-miss|p2a: Clodsire|p1a: Dragonite
|
|upkeep
|turn|16
|
|t:|1779806090
|move|p1a: Dragonite|Earthquake|p2a: Clodsire
|-supereffective|p2a: Clodsire
|-damage|p2a: Clodsire|0 fnt
|faint|p2a: Clodsire
|
|upkeep
|
|t:|1779806094
|switch|p2a: Cloyster|Cloyster, M|100/100
|turn|17
|
|t:|1779806108
|switch|p2a: Slither Wing|Slither Wing|100/100
|move|p1a: Dragonite|Earthquake|p2a: Slither Wing
|-resisted|p2a: Slither Wing
|-damage|p2a: Slither Wing|67/100
|
|upkeep
|turn|18
|
|t:|1779806120
|move|p1a: Dragonite|Draco Meteor|p2a: Slither Wing
|-damage|p2a: Slither Wing|27/100
|-unboost|p1a: Dragonite|spa|2
|move|p2a: Slither Wing|Flare Blitz|p1a: Dragonite
|-damage|p1a: Dragonite|5/100
|-damage|p2a: Slither Wing|4/100|[from] Recoil
|
|upkeep
|turn|19
|
|t:|1779806128
|move|p1a: Dragonite|Extreme Speed|p2a: Slither Wing
|-damage|p2a: Slither Wing|0 fnt
|faint|p2a: Slither Wing
|-end|p2a: Slither Wing|Protosynthesis|[silent]
|
|upkeep
|
|t:|1779806135
|switch|p2a: Cloyster|Cloyster, M|100/100
|turn|20
|
|t:|1779806143
|move|p1a: Dragonite|Extreme Speed|p2a: Cloyster
|-damage|p2a: Cloyster|68/100
|move|p2a: Cloyster|Rock Blast|p1a: Dragonite
|-damage|p1a: Dragonite|0 fnt
|faint|p1a: Dragonite
|-hitcount|p1: Dragonite|1
|
|upkeep
|
|t:|1779806150
|switch|p1a: Ceruledge|Ceruledge, M|100/100
|turn|21
|
|t:|1779806153
|move|p1a: Ceruledge|Close Combat|p2a: Cloyster
|-supereffective|p2a: Cloyster
|-damage|p2a: Cloyster|9/100
|-unboost|p1a: Ceruledge|def|1
|-unboost|p1a: Ceruledge|spd|1
|move|p2a: Cloyster|Rock Blast|p1a: Ceruledge
|-supereffective|p1a: Ceruledge
|-damage|p1a: Ceruledge|51/100
|-ability|p1a: Ceruledge|Weak Armor|boost
|-unboost|p1a: Ceruledge|def|1
|-boost|p1a: Ceruledge|spe|2
|-supereffective|p1a: Ceruledge
|-damage|p1a: Ceruledge|0 fnt
|faint|p1a: Ceruledge
|-hitcount|p1: Ceruledge|2
|
|win|Volga123
|raw|oseimak000's rating: 1331 &rarr; <strong>1313</strong><br />(-18 for losing)
|raw|Volga123's rating: 1371 &rarr; <strong>1389</strong><br />(+18 for winning)
|l|☆Volga123
|player|p2|
|l|☆oseimak000
|player|p1|
