|j|‽RadiantSol
|j|☆sneedhonedge
|t:|1779949958
|gametype|singles
|player|p1|RadiantSol|flint|1346
|player|p2|sneedhonedge|bugsy|1337
|gen|9
|tier|[Gen 9] OU
|rated|
|rule|HP Percentage Mod: HP is shown in percentages
|rule|Endless Battle Clause: Forcing endless battles is banned
|rule|Species Clause: Limit one of each Pokémon
|rule|OHKO Clause: OHKO moves are banned
|rule|Evasion Items Clause: Evasion items are banned
|rule|Evasion Moves Clause: Evasion moves are banned
|rule|Evasion Abilities Clause: Evasion abilities are banned
|rule|Sleep Moves Clause: Sleep-inducing moves are banned
|clearpoke
|poke|p1|Espeon, F|
|poke|p1|Ninetales-Alola, F|
|poke|p1|Moltres|
|poke|p1|Muk-Alola, M|
|poke|p1|Cyclizar, F|
|poke|p1|Quagsire, F|
|poke|p2|Zapdos|
|poke|p2|Ting-Lu|
|poke|p2|Samurott-Hisui, F|
|poke|p2|Gholdengo|
|poke|p2|Slowking-Galar, M|
|poke|p2|Kyurem|
|teampreview
|inactive|Battle timer is ON: inactive players will automatically lose when time's up. (requested by sneedhonedge)
|
|t:|1779949972
|teamsize|p1|6
|teamsize|p2|6
|start
|switch|p1a: Cyclizar|Cyclizar, F|100/100
|switch|p2a: Gholdengo|Gholdengo|100/100
|turn|1
|
|t:|1779949984
|move|p2a: Gholdengo|Focus Blast|p1a: Cyclizar|[miss]
|-miss|p2a: Gholdengo|p1a: Cyclizar
|move|p1a: Cyclizar|Knock Off|p2a: Gholdengo
|-supereffective|p2a: Gholdengo
|-damage|p2a: Gholdengo|51/100
|-enditem|p2a: Gholdengo|Choice Scarf|[from] move: Knock Off|[of] p1a: Cyclizar
|
|upkeep
|turn|2
|
|t:|1779949994
|move|p1a: Cyclizar|U-turn|p2a: Gholdengo
|-resisted|p2a: Gholdengo
|-damage|p2a: Gholdengo|47/100
|
|t:|1779949999
|switch|p1a: Muk|Muk-Alola, M|100/100|[from] U-turn
|move|p2a: Gholdengo|Make It Rain|p1a: Muk
|-damage|p1a: Muk|60/100
|-unboost|p2a: Gholdengo|spa|1
|
|-heal|p1a: Muk|66/100|[from] item: Black Sludge
|upkeep
|turn|3
|
|t:|1779950003
|switch|p2a: Ting-Lu|Ting-Lu|100/100
|-ability|p2a: Ting-Lu|Vessel of Ruin
|move|p1a: Muk|Knock Off|p2a: Ting-Lu
|-resisted|p2a: Ting-Lu
|-damage|p2a: Ting-Lu|91/100
|-enditem|p2a: Ting-Lu|Leftovers|[from] move: Knock Off|[of] p1a: Muk
|
|-heal|p1a: Muk|72/100|[from] item: Black Sludge
|upkeep
|turn|4
|inactive|RadiantSol has 120 seconds left.
|
|t:|1779950038
|switch|p1a: Cyclizar|Cyclizar, F|100/100
|move|p2a: Ting-Lu|Stealth Rock|p1a: Cyclizar
|-sidestart|p1: RadiantSol|move: Stealth Rock
|
|upkeep
|turn|5
|inactive|RadiantSol has 120 seconds left.
|inactive|RadiantSol has 90 seconds left.
|inactive|RadiantSol has 60 seconds left.
|
|t:|1779950110
|switch|p2a: Zapdos|Zapdos|100/100
|move|p1a: Cyclizar|Knock Off|p2a: Zapdos
|-damage|p2a: Zapdos|85/100
|-enditem|p2a: Zapdos|Heavy-Duty Boots|[from] move: Knock Off|[of] p1a: Cyclizar
|
|upkeep
|turn|6
|
|t:|1779950117
|move|p1a: Cyclizar|Rapid Spin|p2a: Zapdos
|-damage|p2a: Zapdos|73/100
|-boost|p1a: Cyclizar|spe|1
|-status|p1a: Cyclizar|par|[from] ability: Static|[of] p2a: Zapdos
|-sideend|p1: RadiantSol|Stealth Rock|[from] move: Rapid Spin|[of] p1a: Cyclizar
|move|p2a: Zapdos|Hurricane|p1a: Cyclizar|[miss]
|-miss|p2a: Zapdos|p1a: Cyclizar
|
|upkeep
|turn|7
|inactive|RadiantSol has 60 seconds left.
|
|t:|1779950143
|switch|p1a: Muk|Muk-Alola, M|72/100
|move|p2a: Zapdos|Hurricane|p1a: Muk
|-damage|p1a: Muk|43/100
|
|-heal|p1a: Muk|50/100|[from] item: Black Sludge
|upkeep
|turn|8
|
|t:|1779950166
|move|p1a: Muk|Protect|p1a: Muk
|-singleturn|p1a: Muk|Protect
|move|p2a: Zapdos|Volt Switch|p1a: Muk
|-activate|p1a: Muk|move: Protect
|
|-heal|p1a: Muk|56/100|[from] item: Black Sludge
|upkeep
|turn|9
|
|t:|1779950169
|move|p2a: Zapdos|Discharge|p1a: Muk
|-damage|p1a: Muk|37/100
|move|p1a: Muk|Knock Off|p2a: Zapdos
|-damage|p2a: Zapdos|56/100
|
|-heal|p1a: Muk|43/100|[from] item: Black Sludge
|upkeep
|turn|10
|
|t:|1779950182
|switch|p2a: Samurott|Samurott-Hisui, F|100/100
|move|p1a: Muk|Shadow Sneak|p2a: Samurott
|-resisted|p2a: Samurott
|-damage|p2a: Samurott|95/100
|
|-heal|p1a: Muk|49/100|[from] item: Black Sludge
|upkeep
|turn|11
|
|t:|1779950187
|move|p1a: Muk|Protect|p1a: Muk
|-singleturn|p1a: Muk|Protect
|move|p2a: Samurott|Ceaseless Edge|p1a: Muk
|-activate|p1a: Muk|move: Protect
|
|-heal|p1a: Muk|55/100|[from] item: Black Sludge
|upkeep
|turn|12
|inactive|RadiantSol has 60 seconds left.
|
|t:|1779950198
|switch|p1a: Ninetales|Ninetales-Alola, F|100/100
|-weather|Snowscape|[from] ability: Snow Warning|[of] p1a: Ninetales
|move|p2a: Samurott|Knock Off|p1a: Ninetales
|-resisted|p1a: Ninetales
|-damage|p1a: Ninetales|80/100
|-enditem|p1a: Ninetales|Light Clay|[from] move: Knock Off|[of] p2a: Samurott
|
|-weather|Snowscape|[upkeep]
|upkeep
|turn|13
|
|t:|1779950206
|switch|p2a: Gholdengo|Gholdengo|47/100
|move|p1a: Ninetales|Moonblast|p2a: Gholdengo
|-resisted|p2a: Gholdengo
|-damage|p2a: Gholdengo|29/100
|-unboost|p2a: Gholdengo|spa|1
|
|-weather|Snowscape|[upkeep]
|upkeep
|turn|14
|
|t:|1779950217
|switch|p1a: Muk|Muk-Alola, M|55/100
|move|p2a: Gholdengo|Make It Rain|p1a: Muk
|-damage|p1a: Muk|29/100
|-unboost|p2a: Gholdengo|spa|1
|
|-weather|Snowscape|[upkeep]
|-heal|p1a: Muk|35/100|[from] item: Black Sludge
|upkeep
|turn|15
|inactive|RadiantSol has 60 seconds left.
|
|t:|1779950244
|switch|p2a: Samurott|Samurott-Hisui, F|95/100
|move|p1a: Muk|Knock Off|p2a: Samurott
|-resisted|p2a: Samurott
|-damage|p2a: Samurott|75/100
|-status|p2a: Samurott|psn|[from] ability: Poison Touch|[of] p1a: Muk
|-enditem|p2a: Samurott|Assault Vest|[from] move: Knock Off|[of] p1a: Muk
|
|-weather|Snowscape|[upkeep]
|-heal|p1a: Muk|41/100|[from] item: Black Sludge
|-damage|p2a: Samurott|62/100 psn|[from] psn
|upkeep
|turn|16
|
|t:|1779950248
|move|p1a: Muk|Protect|p1a: Muk
|-singleturn|p1a: Muk|Protect
|move|p2a: Samurott|Ceaseless Edge|p1a: Muk
|-activate|p1a: Muk|move: Protect
|
|-weather|none
|-heal|p1a: Muk|47/100|[from] item: Black Sludge
|-damage|p2a: Samurott|50/100 psn|[from] psn
|upkeep
|turn|17
|inactive|RadiantSol has 60 seconds left.
|inactive|RadiantSol has 30 seconds left.
|inactive|RadiantSol has 20 seconds left.
|inactive|RadiantSol has 15 seconds left.
|
|t:|1779950310
|switch|p1a: Cyclizar|Cyclizar, F|100/100 par
|move|p2a: Samurott|Ceaseless Edge|p1a: Cyclizar
|-damage|p1a: Cyclizar|42/100 par
|-sidestart|p1: RadiantSol|Spikes
|
|-damage|p2a: Samurott|38/100 psn|[from] psn
|upkeep
|turn|18
|inactive|RadiantSol has 25 seconds left this turn.
|
|t:|1779950316
|move|p2a: Samurott|Ceaseless Edge|p1a: Cyclizar
|-damage|p1a: Cyclizar|0 fnt
|-sidestart|p1: RadiantSol|Spikes
|faint|p1a: Cyclizar
|
|-damage|p2a: Samurott|26/100 psn|[from] psn
|upkeep
|inactive|RadiantSol has 30 seconds left this turn.
|
|t:|1779950322
|switch|p1a: Ninetales|Ninetales-Alola, F|80/100
|-damage|p1a: Ninetales|63/100|[from] Spikes
|-weather|Snowscape|[from] ability: Snow Warning|[of] p1a: Ninetales
|turn|19
|
|t:|1779950329
|switch|p2a: Slowking|Slowking-Galar, M|100/100
|move|p1a: Ninetales|Aurora Veil|p1a: Ninetales
|-sidestart|p1: RadiantSol|move: Aurora Veil
|
|-weather|Snowscape|[upkeep]
|upkeep
|turn|20
|
|t:|1779950339
|switch|p1a: Muk|Muk-Alola, M|47/100
|-damage|p1a: Muk|30/100|[from] Spikes
|move|p2a: Slowking|Thunder Wave|p1a: Muk
|-status|p1a: Muk|par
|
|-weather|Snowscape|[upkeep]
|-heal|p1a: Muk|36/100 par|[from] item: Black Sludge
|upkeep
|turn|21
|
|t:|1779950355
|switch|p2a: Gholdengo|Gholdengo|29/100
|cant|p1a: Muk|par
|
|-weather|Snowscape|[upkeep]
|-heal|p1a: Muk|42/100 par|[from] item: Black Sludge
|upkeep
|turn|22
|
|t:|1779950368
|move|p2a: Gholdengo|Trick|p1a: Muk
|-activate|p2a: Gholdengo|move: Trick|[of] p1a: Muk
|-enditem|p1a: Muk|Black Sludge|[silent]|[from] move: Trick
|-item|p2a: Gholdengo|Black Sludge|[from] move: Trick
|move|p1a: Muk|Knock Off|p2a: Gholdengo
|-supereffective|p2a: Gholdengo
|-damage|p2a: Gholdengo|0 fnt
|-enditem|p2a: Gholdengo|Black Sludge|[from] move: Knock Off|[of] p1a: Muk
|faint|p2a: Gholdengo
|
|-weather|Snowscape|[upkeep]
|upkeep
|
|t:|1779950373
|switch|p2a: Ting-Lu|Ting-Lu|91/100
|-ability|p2a: Ting-Lu|Vessel of Ruin
|turn|23
|
|t:|1779950392
|switch|p1a: Espeon|Espeon, F|100/100
|-damage|p1a: Espeon|84/100|[from] Spikes
|move|p2a: Ting-Lu|Stealth Rock|p1a: Espeon
|move|p1a: Espeon|Stealth Rock|p2a: Ting-Lu|[from] ability: Magic Bounce
|-sidestart|p2: sneedhonedge|move: Stealth Rock
|
|-weather|none
|-sideend|p1: RadiantSol|move: Aurora Veil
|upkeep
|turn|24
|
|t:|1779950398
|move|p1a: Espeon|Substitute|p1a: Espeon
|-start|p1a: Espeon|Substitute
|-damage|p1a: Espeon|59/100
|move|p2a: Ting-Lu|Earthquake|p1a: Espeon
|-end|p1a: Espeon|Substitute
|
|upkeep
|turn|25
|
|t:|1779950406
|switch|p1a: Moltres|Moltres|100/100
|move|p2a: Ting-Lu|Earthquake|p1a: Moltres
|-immune|p1a: Moltres
|
|upkeep
|turn|26
|
|t:|1779950410
|move|p1a: Moltres|Will-O-Wisp|p2a: Ting-Lu
|-status|p2a: Ting-Lu|brn
|move|p2a: Ting-Lu|Ruination|p1a: Moltres
|-damage|p1a: Moltres|50/100
|
|-damage|p2a: Ting-Lu|84/100 brn|[from] brn
|upkeep
|turn|27
|inactive|RadiantSol has 60 seconds left.
|
|t:|1779950439
|switch|p1a: Ninetales|Ninetales-Alola, F|63/100
|-damage|p1a: Ninetales|47/100|[from] Spikes
|-weather|Snowscape|[from] ability: Snow Warning|[of] p1a: Ninetales
|move|p2a: Ting-Lu|Stealth Rock|p1a: Ninetales
|-sidestart|p1: RadiantSol|move: Stealth Rock
|
|-weather|Snowscape|[upkeep]
|-damage|p2a: Ting-Lu|78/100 brn|[from] brn
|upkeep
|turn|28
|
|t:|1779950457
|switch|p2a: Slowking|Slowking-Galar, M|100/100
|move|p1a: Ninetales|Aurora Veil|p1a: Ninetales
|-sidestart|p1: RadiantSol|move: Aurora Veil
|
|-weather|Snowscape|[upkeep]
|upkeep
|turn|29
|
|t:|1779950463
|switch|p1a: Muk|Muk-Alola, M|42/100 par
|-damage|p1a: Muk|25/100 par|[from] Spikes
|-damage|p1a: Muk|13/100 par|[from] Stealth Rock
|move|p2a: Slowking|Future Sight|p1a: Muk
|-start|p2a: Slowking|move: Future Sight
|
|-weather|Snowscape|[upkeep]
|upkeep
|turn|30
|
|t:|1779950469
|switch|p2a: Ting-Lu|Ting-Lu|78/100 brn
|-damage|p2a: Ting-Lu|72/100 brn|[from] Stealth Rock
|-ability|p2a: Ting-Lu|Vessel of Ruin
|move|p1a: Muk|Knock Off|p2a: Ting-Lu
|-resisted|p2a: Ting-Lu
|-damage|p2a: Ting-Lu|66/100 brn
|
|-weather|Snowscape|[upkeep]
|-damage|p2a: Ting-Lu|60/100 brn|[from] brn
|upkeep
|turn|31
|inactive|RadiantSol has 60 seconds left.
|
|t:|1779950481
|cant|p1a: Muk|par
|move|p2a: Ting-Lu|Whirlwind|p1a: Muk
|drag|p1a: Quagsire|Quagsire, F|100/100
|-damage|p1a: Quagsire|84/100|[from] Spikes
|-damage|p1a: Quagsire|78/100|[from] Stealth Rock
|
|-weather|none
|-end|p1a: Quagsire|move: Future Sight
|-damage|p1a: Quagsire|59/100
|-damage|p2a: Ting-Lu|54/100 brn|[from] brn
|upkeep
|turn|32
|inactive|RadiantSol has 60 seconds left.
|
|t:|1779950486
|move|p1a: Quagsire|Recover|p1a: Quagsire
|-heal|p1a: Quagsire|100/100
|move|p2a: Ting-Lu|Whirlwind|p1a: Quagsire
|drag|p1a: Espeon|Espeon, F|59/100
|-damage|p1a: Espeon|43/100|[from] Spikes
|-damage|p1a: Espeon|30/100|[from] Stealth Rock
|
|-damage|p2a: Ting-Lu|47/100 brn|[from] brn
|-sideend|p1: RadiantSol|move: Aurora Veil
|upkeep
|turn|33
|inactive|RadiantSol has 60 seconds left.
|
|t:|1779950503
|-terastallize|p1a: Espeon|Fairy
|move|p1a: Espeon|Draining Kiss|p2a: Ting-Lu
|-supereffective|p2a: Ting-Lu
|-damage|p2a: Ting-Lu|24/100 brn
|-heal|p1a: Espeon|63/100|[from] drain|[of] p2a: Ting-Lu
|move|p2a: Ting-Lu|Whirlwind|p1a: Espeon
|move|p1a: Espeon|Whirlwind|p2a: Ting-Lu|[from] ability: Magic Bounce
|drag|p2a: Kyurem|Kyurem|100/100
|-ability|p2a: Kyurem|Pressure
|
|upkeep
|turn|34
|inactive|RadiantSol has 60 seconds left.
|
|t:|1779950512
|switch|p2a: Slowking|Slowking-Galar, M|100/100
|move|p1a: Espeon|Draining Kiss|p2a: Slowking
|-resisted|p2a: Slowking
|-damage|p2a: Slowking|92/100
|-heal|p1a: Espeon|72/100|[from] drain|[of] p2a: Slowking
|
|upkeep
|turn|35
|inactive|RadiantSol has 60 seconds left.
|
|t:|1779950527
|switch|p1a: Muk|Muk-Alola, M|13/100 par
|-damage|p1a: Muk|0 fnt|[from] Spikes
|faint|p1a: Muk
|move|p2a: Slowking|Sludge Bomb|p1: Muk|[notarget]
|-fail|p2a: Slowking
|
|upkeep
|inactive|RadiantSol has 60 seconds left.
|
|t:|1779950539
|switch|p1a: Ninetales|Ninetales-Alola, F|47/100
|-damage|p1a: Ninetales|30/100|[from] Spikes
|-damage|p1a: Ninetales|6/100|[from] Stealth Rock
|-weather|Snowscape|[from] ability: Snow Warning|[of] p1a: Ninetales
|turn|36
|
|t:|1779950546
|move|p1a: Ninetales|Aurora Veil|p1a: Ninetales
|-sidestart|p1: RadiantSol|move: Aurora Veil
|move|p2a: Slowking|Future Sight|p1a: Ninetales
|-start|p2a: Slowking|move: Future Sight
|
|-weather|Snowscape|[upkeep]
|upkeep
|turn|37
|inactive|RadiantSol has 60 seconds left.
|
|t:|1779950562
|move|p1a: Ninetales|Encore|p2a: Slowking
|-start|p2a: Slowking|Encore
|move|p2a: Slowking|Future Sight||[still]
|-fail|p2a: Slowking
|
|-weather|Snowscape|[upkeep]
|upkeep
|turn|38
|
|t:|1779950566
|switch|p2a: Ting-Lu|Ting-Lu|24/100 brn
|-damage|p2a: Ting-Lu|17/100 brn|[from] Stealth Rock
|-ability|p2a: Ting-Lu|Vessel of Ruin
|move|p1a: Ninetales|Moonblast|p2a: Ting-Lu
|-supereffective|p2a: Ting-Lu
|-crit|p2a: Ting-Lu
|-damage|p2a: Ting-Lu|0 fnt
|faint|p2a: Ting-Lu
|
|-weather|Snowscape|[upkeep]
|-end|p1a: Ninetales|move: Future Sight
|-damage|p1a: Ninetales|0 fnt
|faint|p1a: Ninetales
|upkeep
|inactive|RadiantSol has 60 seconds left.
|
|t:|1779950601
|switch|p1a: Moltres|Moltres|50/100
|switch|p2a: Slowking|Slowking-Galar, M|100/100
|turn|39
|
|t:|1779950607
|move|p1a: Moltres|Will-O-Wisp|p2a: Slowking
|-status|p2a: Slowking|brn
|move|p2a: Slowking|Future Sight|p1a: Moltres
|-start|p2a: Slowking|move: Future Sight
|
|-weather|Snowscape|[upkeep]
|-damage|p2a: Slowking|94/100 brn|[from] brn
|upkeep
|turn|40
|
|t:|1779950635
|move|p1a: Moltres|Scorching Sands|p2a: Slowking
|-supereffective|p2a: Slowking
|-damage|p2a: Slowking|72/100 brn
|move|p2a: Slowking|Sludge Bomb|p1a: Moltres
|-damage|p1a: Moltres|39/100
|
|-weather|none
|-damage|p2a: Slowking|66/100 brn|[from] brn
|-sideend|p1: RadiantSol|move: Aurora Veil
|upkeep
|turn|41
|
|t:|1779950642
|move|p1a: Moltres|Roost|p1a: Moltres
|-heal|p1a: Moltres|89/100
|-singleturn|p1a: Moltres|move: Roost
|move|p2a: Slowking|Sludge Bomb|p1a: Moltres
|-damage|p1a: Moltres|65/100
|
|-end|p1a: Moltres|move: Future Sight
|-damage|p1a: Moltres|31/100
|-damage|p2a: Slowking|60/100 brn|[from] brn
|upkeep
|turn|42
|
|t:|1779950658
|move|p1a: Moltres|Roost|p1a: Moltres
|-heal|p1a: Moltres|81/100
|-singleturn|p1a: Moltres|move: Roost
|move|p2a: Slowking|Thunder Wave|p1a: Moltres|[miss]
|-miss|p2a: Slowking|p1a: Moltres
|
|-damage|p2a: Slowking|54/100 brn|[from] brn
|upkeep
|turn|43
|
|t:|1779950660
|move|p1a: Moltres|Flamethrower|p2a: Slowking
|-damage|p2a: Slowking|31/100 brn
|move|p2a: Slowking|Thunder Wave|p1a: Moltres
|-status|p1a: Moltres|par
|
|-damage|p2a: Slowking|25/100 brn|[from] brn
|upkeep
|turn|44
|
|t:|1779950663
|move|p1a: Moltres|Flamethrower|p2a: Slowking
|-damage|p2a: Slowking|4/100 brn
|-prepare|p2a: Slowking|Chilly Reception|[premajor]
|move|p2a: Slowking|Chilly Reception|p2a: Slowking
|-weather|Snowscape
|
|t:|1779950666
|switch|p2a: Samurott|Samurott-Hisui, F|26/100 psn|[from] Chilly Reception
|-damage|p2a: Samurott|13/100 psn|[from] Stealth Rock
|
|-weather|Snowscape|[upkeep]
|-damage|p2a: Samurott|1/100 psn|[from] psn
|upkeep
|turn|45
|
|t:|1779950672
|move|p2a: Samurott|Razor Shell|p1a: Moltres
|-supereffective|p1a: Moltres
|-damage|p1a: Moltres|0 fnt
|faint|p1a: Moltres
|
|-weather|Snowscape|[upkeep]
|-damage|p2a: Samurott|0 fnt|[from] psn
|faint|p2a: Samurott
|upkeep
|
|t:|1779950681
|switch|p2a: Slowking|Slowking-Galar, M|37/100 brn
|switch|p1a: Quagsire|Quagsire, F|100/100
|-damage|p1a: Quagsire|84/100|[from] Spikes
|-damage|p1a: Quagsire|78/100|[from] Stealth Rock
|turn|46
|
|t:|1779950692
|switch|p2a: Zapdos|Zapdos|56/100
|-damage|p2a: Zapdos|31/100|[from] Stealth Rock
|move|p1a: Quagsire|Stockpile|p1a: Quagsire
|-start|p1a: Quagsire|stockpile1
|-boost|p1a: Quagsire|def|1
|-boost|p1a: Quagsire|spd|1
|
|-weather|Snowscape|[upkeep]
|upkeep
|turn|47
|
|t:|1779950699
|move|p2a: Zapdos|Hurricane|p1a: Quagsire
|-damage|p1a: Quagsire|39/100
|-start|p1a: Quagsire|confusion
|-activate|p1a: Quagsire|confusion
|move|p1a: Quagsire|Toxic|p2a: Zapdos
|-status|p2a: Zapdos|tox
|
|-weather|Snowscape|[upkeep]
|-damage|p2a: Zapdos|25/100 tox|[from] psn
|upkeep
|turn|48
|
|t:|1779950707
|move|p2a: Zapdos|Hurricane|p1a: Quagsire
|-damage|p1a: Quagsire|4/100
|-activate|p1a: Quagsire|confusion
|move|p1a: Quagsire|Recover|p1a: Quagsire
|-heal|p1a: Quagsire|54/100
|
|-weather|none
|-damage|p2a: Zapdos|13/100 tox|[from] psn
|upkeep
|turn|49
|
|t:|1779950712
|move|p2a: Zapdos|Hurricane|p1a: Quagsire
|-damage|p1a: Quagsire|15/100
|-end|p1a: Quagsire|confusion
|move|p1a: Quagsire|Recover|p1a: Quagsire
|-heal|p1a: Quagsire|65/100
|
|-damage|p2a: Zapdos|0 fnt|[from] psn
|faint|p2a: Zapdos
|upkeep
|
|t:|1779950714
|switch|p2a: Kyurem|Kyurem|100/100
|-ability|p2a: Kyurem|Pressure
|turn|50
|
|t:|1779950731
|move|p2a: Kyurem|Freeze-Dry|p1a: Quagsire
|-supereffective|p1a: Quagsire
|-damage|p1a: Quagsire|0 fnt
|faint|p1a: Quagsire
|
|upkeep
|
|t:|1779950734
|switch|p1a: Espeon|Espeon, F, tera:Fairy|72/100
|-damage|p1a: Espeon|55/100|[from] Spikes
|-damage|p1a: Espeon|43/100|[from] Stealth Rock
|turn|51
|
|t:|1779950736
|-terastallize|p2a: Kyurem|Ground
|move|p1a: Espeon|Draining Kiss|p2a: Kyurem
|-damage|p2a: Kyurem|73/100
|-heal|p1a: Espeon|72/100|[from] drain|[of] p2a: Kyurem
|move|p2a: Kyurem|Earth Power|p1a: Espeon
|-damage|p1a: Espeon|8/100
|-enditem|p1a: Espeon|Salac Berry|[eat]
|-boost|p1a: Espeon|spe|1|[from] item: Salac Berry
|
|upkeep
|turn|52
|
|t:|1779950747
|move|p1a: Espeon|Psyshock|p2a: Kyurem
|-damage|p2a: Kyurem|36/100
|move|p2a: Kyurem|Earth Power|p1a: Espeon
|-damage|p1a: Espeon|0 fnt
|faint|p1a: Espeon
|
|win|sneedhonedge
|raw|RadiantSol's rating: 1360 &rarr; <strong>1339</strong><br />(-21 for losing)
|raw|sneedhonedge's rating: 1337 &rarr; <strong>1358</strong><br />(+21 for winning)
|l|‽RadiantSol
|player|p1|
|l|☆sneedhonedge
|player|p2|
