|j|☆BaxleyTheBomb
|j|☆Hufer32
|t:|1779888870
|gametype|singles
|player|p1|BaxleyTheBomb|janitor|1130
|player|p2|Hufer32|266|1100
|gen|9
|tier|[Gen 9] OU
|rated|
|rule|HP Percentage Mod: HP is shown in percentages
|rule|Endless Battle Clause: Forcing endless battles is banned
|rule|Species Clause: Limit one of each Pokémon
|rule|OHKO Clause: OHKO moves are banned
|rule|Evasion Items Clause: Evasion items are banned
|rule|Evasion Moves Clause: Evasion moves are banned
|rule|Evasion Abilities Clause: Evasion abilities are banned
|rule|Sleep Moves Clause: Sleep-inducing moves are banned
|clearpoke
|poke|p1|Zapdos|
|poke|p1|Clefable, M|
|poke|p1|Gyarados, F|
|poke|p1|Charizard, M|
|poke|p1|Rhydon, M|
|poke|p1|Mew|
|poke|p2|Rotom-Mow|
|poke|p2|Kyurem|
|poke|p2|Corviknight, M|
|poke|p2|Toxapex, F|
|poke|p2|Ting-Lu|
|poke|p2|Arcanine-Hisui, M|
|teampreview
|
|t:|1779888885
|teamsize|p1|6
|teamsize|p2|6
|start
|switch|p1a: Zapdos|Zapdos|100/100
|switch|p2a: Kyurem|Kyurem|100/100
|-ability|p2a: Kyurem|Pressure
|turn|1
|
|t:|1779888901
|-terastallize|p2a: Kyurem|Ice
|move|p2a: Kyurem|Ice Beam|p1a: Zapdos
|-supereffective|p1a: Zapdos
|-damage|p1a: Zapdos|0 fnt
|faint|p1a: Zapdos
|
|upkeep
|
|t:|1779888912
|switch|p1a: Charizard|Charizard, M|100/100
|turn|2
|
|t:|1779888916
|switch|p2a: Toxapex|Toxapex, F|100/100
|move|p1a: Charizard|Dragon Dance|p1a: Charizard
|-boost|p1a: Charizard|atk|1
|-boost|p1a: Charizard|spe|1
|
|upkeep
|turn|3
|
|t:|1779888924
|move|p1a: Charizard|Dragon Dance|p1a: Charizard
|-boost|p1a: Charizard|atk|1
|-boost|p1a: Charizard|spe|1
|move|p2a: Toxapex|Haze|p2a: Toxapex
|-clearallboost
|
|upkeep
|turn|4
|
|t:|1779888931
|move|p1a: Charizard|Dragon Dance|p1a: Charizard
|-boost|p1a: Charizard|atk|1
|-boost|p1a: Charizard|spe|1
|move|p2a: Toxapex|Toxic|p1a: Charizard
|-status|p1a: Charizard|tox
|
|-damage|p1a: Charizard|94/100 tox|[from] psn
|upkeep
|turn|5
|
|t:|1779888939
|move|p1a: Charizard|Earthquake|p2a: Toxapex
|-supereffective|p2a: Toxapex
|-damage|p2a: Toxapex|52/100
|move|p2a: Toxapex|Haze|p2a: Toxapex
|-clearallboost
|
|-damage|p1a: Charizard|82/100 tox|[from] psn
|upkeep
|turn|6
|
|t:|1779888948
|move|p1a: Charizard|Thunder Punch|p2a: Toxapex
|-supereffective|p2a: Toxapex
|-crit|p2a: Toxapex
|-damage|p2a: Toxapex|11/100
|-damage|p1a: Charizard|66/100 tox|[from] item: Rocky Helmet|[of] p2a: Toxapex
|move|p2a: Toxapex|Recover|p2a: Toxapex
|-heal|p2a: Toxapex|61/100
|
|-damage|p1a: Charizard|48/100 tox|[from] psn
|upkeep
|turn|7
|
|t:|1779888961
|move|p1a: Charizard|Earthquake|p2a: Toxapex
|-supereffective|p2a: Toxapex
|-damage|p2a: Toxapex|25/100
|move|p2a: Toxapex|Toxic|p1a: Charizard
|-fail|p1a: Charizard|tox
|
|-damage|p1a: Charizard|23/100 tox|[from] psn
|upkeep
|turn|8
|
|t:|1779888974
|switch|p2a: Rotom|Rotom-Mow|100/100
|move|p1a: Charizard|Earthquake|p2a: Rotom
|-immune|p2a: Rotom|[from] ability: Levitate
|
|-damage|p1a: Charizard|0 fnt|[from] psn
|faint|p1a: Charizard
|upkeep
|
|t:|1779888986
|switch|p1a: Clefable|Clefable, M|100/100
|turn|9
|
|t:|1779888990
|move|p2a: Rotom|Trick|p1a: Clefable
|-activate|p2a: Rotom|move: Trick|[of] p1a: Clefable
|-item|p1a: Clefable|Choice Specs|[from] move: Trick
|-item|p2a: Rotom|Life Orb|[from] move: Trick
|move|p1a: Clefable|Blizzard|p2a: Rotom
|-supereffective|p2a: Rotom
|-damage|p2a: Rotom|0 fnt
|faint|p2a: Rotom
|
|upkeep
|
|t:|1779889000
|switch|p2a: Arcanine|Arcanine-Hisui, M|100/100
|turn|10
|
|t:|1779889005
|switch|p1a: Gyarados|Gyarados, F, shiny|100/100
|-ability|p1a: Gyarados|Intimidate|boost
|-unboost|p2a: Arcanine|atk|1
|move|p2a: Arcanine|Head Smash|p1a: Gyarados|[miss]
|-miss|p2a: Arcanine|p1a: Gyarados
|
|upkeep
|turn|11
|
|t:|1779889013
|switch|p2a: Toxapex|Toxapex, F|59/100
|switch|p1a: Rhydon|Rhydon, M|100/100
|
|upkeep
|turn|12
|
|t:|1779889021
|switch|p2a: Ting-Lu|Ting-Lu|100/100
|-ability|p2a: Ting-Lu|Vessel of Ruin
|move|p1a: Rhydon|Earthquake|p2a: Ting-Lu
|-damage|p2a: Ting-Lu|67/100
|
|-heal|p2a: Ting-Lu|73/100|[from] item: Leftovers
|upkeep
|turn|13
|
|t:|1779889030
|move|p2a: Ting-Lu|Stealth Rock|p1a: Rhydon
|-sidestart|p1: BaxleyTheBomb|move: Stealth Rock
|move|p1a: Rhydon|Megahorn|p2a: Ting-Lu
|-supereffective|p2a: Ting-Lu
|-damage|p2a: Ting-Lu|22/100
|
|-heal|p2a: Ting-Lu|28/100|[from] item: Leftovers
|upkeep
|turn|14
|
|t:|1779889039
|switch|p2a: Corviknight|Corviknight, M|100/100
|-ability|p2a: Corviknight|Pressure
|move|p1a: Rhydon|Megahorn|p2a: Corviknight
|-resisted|p2a: Corviknight
|-damage|p2a: Corviknight|94/100
|
|upkeep
|turn|15
|
|t:|1779889048
|move|p2a: Corviknight|U-turn|p1a: Rhydon
|-damage|p1a: Rhydon|93/100
|
|t:|1779889052
|switch|p2a: Ting-Lu|Ting-Lu|28/100|[from] U-turn
|-ability|p2a: Ting-Lu|Vessel of Ruin
|move|p1a: Rhydon|Thunder Punch|p2a: Ting-Lu
|-immune|p2a: Ting-Lu
|
|-heal|p2a: Ting-Lu|34/100|[from] item: Leftovers
|upkeep
|turn|16
|
|t:|1779889062
|switch|p2a: Corviknight|Corviknight, M|94/100
|-ability|p2a: Corviknight|Pressure
|move|p1a: Rhydon|Stone Edge|p2a: Corviknight|[miss]
|-miss|p1a: Rhydon|p2a: Corviknight
|
|upkeep
|turn|17
|
|t:|1779889070
|move|p2a: Corviknight|Body Press|p1a: Rhydon
|-supereffective|p1a: Rhydon
|-damage|p1a: Rhydon|67/100
|move|p1a: Rhydon|Stone Edge|p2a: Corviknight|[miss]
|-miss|p1a: Rhydon|p2a: Corviknight
|
|upkeep
|turn|18
|
|t:|1779889077
|move|p2a: Corviknight|U-turn|p1a: Rhydon
|-damage|p1a: Rhydon|59/100
|
|t:|1779889080
|switch|p2a: Toxapex|Toxapex, F|92/100|[from] U-turn
|move|p1a: Rhydon|Stone Edge|p2a: Toxapex
|-crit|p2a: Toxapex
|-damage|p2a: Toxapex|40/100
|
|upkeep
|turn|19
|
|t:|1779889089
|switch|p2a: Ting-Lu|Ting-Lu|34/100
|-ability|p2a: Ting-Lu|Vessel of Ruin
|move|p1a: Rhydon|Thunder Punch|p2a: Ting-Lu
|-immune|p2a: Ting-Lu
|
|-heal|p2a: Ting-Lu|40/100|[from] item: Leftovers
|upkeep
|turn|20
|
|t:|1779889099
|switch|p2a: Corviknight|Corviknight, M|94/100
|-ability|p2a: Corviknight|Pressure
|move|p1a: Rhydon|Stone Edge|p2a: Corviknight
|-crit|p2a: Corviknight
|-damage|p2a: Corviknight|42/100
|
|upkeep
|turn|21
|
|t:|1779889108
|move|p2a: Corviknight|Roost|p2a: Corviknight
|-heal|p2a: Corviknight|92/100
|-singleturn|p2a: Corviknight|move: Roost
|move|p1a: Rhydon|Stone Edge|p2a: Corviknight
|-resisted|p2a: Corviknight
|-crit|p2a: Corviknight
|-damage|p2a: Corviknight|64/100
|
|upkeep
|turn|22
|
|t:|1779889119
|move|p2a: Corviknight|Body Press|p1a: Rhydon
|-supereffective|p1a: Rhydon
|-damage|p1a: Rhydon|30/100
|move|p1a: Rhydon|Thunder Punch|p2a: Corviknight
|-supereffective|p2a: Corviknight
|-damage|p2a: Corviknight|31/100
|
|upkeep
|turn|23
|
|t:|1779889133
|switch|p2a: Ting-Lu|Ting-Lu|40/100
|-ability|p2a: Ting-Lu|Vessel of Ruin
|move|p1a: Rhydon|Earthquake|p2a: Ting-Lu
|-damage|p2a: Ting-Lu|7/100
|
|-heal|p2a: Ting-Lu|13/100|[from] item: Leftovers
|upkeep
|turn|24
|
|t:|1779889146
|move|p2a: Ting-Lu|Earthquake|p1a: Rhydon
|-supereffective|p1a: Rhydon
|-damage|p1a: Rhydon|0 fnt
|faint|p1a: Rhydon
|
|-heal|p2a: Ting-Lu|19/100|[from] item: Leftovers
|upkeep
|
|t:|1779889154
|switch|p1a: Gyarados|Gyarados, F, shiny|100/100
|-damage|p1a: Gyarados|76/100|[from] Stealth Rock
|-ability|p1a: Gyarados|Intimidate|boost
|-unboost|p2a: Ting-Lu|atk|1
|turn|25
|
|t:|1779889163
|move|p1a: Gyarados|Earthquake|p2a: Ting-Lu
|-damage|p2a: Ting-Lu|0 fnt
|faint|p2a: Ting-Lu
|
|upkeep
|
|t:|1779889167
|switch|p2a: Kyurem|Kyurem, tera:Ice|100/100
|-ability|p2a: Kyurem|Pressure
|turn|26
|
|t:|1779889174
|switch|p1a: Clefable|Clefable, M|100/100
|move|p2a: Kyurem|Freeze-Dry|p1a: Clefable
|-damage|p1a: Clefable|56/100
|
|upkeep
|turn|27
|
|t:|1779889182
|switch|p2a: Toxapex|Toxapex, F|74/100
|move|p1a: Clefable|Alluring Voice|p2a: Toxapex
|-resisted|p2a: Toxapex
|-damage|p2a: Toxapex|51/100
|
|upkeep
|turn|28
|
|t:|1779889189
|switch|p1a: Gyarados|Gyarados, F, shiny|76/100
|-damage|p1a: Gyarados|51/100|[from] Stealth Rock
|-ability|p1a: Gyarados|Intimidate|boost
|-unboost|p2a: Toxapex|atk|1
|switch|p2a: Arcanine|Arcanine-Hisui, M|100/100
|
|upkeep
|turn|29
|
|t:|1779889197
|move|p2a: Arcanine|Head Smash|p1a: Gyarados
|-supereffective|p1a: Gyarados
|-damage|p1a: Gyarados|0 fnt
|faint|p1a: Gyarados
|
|upkeep
|
|t:|1779889203
|switch|p1a: Mew|Mew, shiny|100/100
|-damage|p1a: Mew|88/100|[from] Stealth Rock
|turn|30
|
|t:|1779889207
|move|p1a: Mew|Hydro Pump|p2a: Arcanine
|-supereffective|p2a: Arcanine
|-damage|p2a: Arcanine|0 fnt
|faint|p2a: Arcanine
|
|upkeep
|
|t:|1779889212
|switch|p2a: Toxapex|Toxapex, F|84/100
|turn|31
|
|t:|1779889216
|switch|p1a: Clefable|Clefable, M|56/100
|move|p2a: Toxapex|Toxic|p1a: Clefable
|-status|p1a: Clefable|tox
|
|upkeep
|turn|32
|
|t:|1779889225
|move|p1a: Clefable|Thunderbolt|p2a: Toxapex
|-supereffective|p2a: Toxapex
|-damage|p2a: Toxapex|11/100
|move|p2a: Toxapex|Ice Beam|p1a: Clefable
|-damage|p1a: Clefable|43/100 tox
|
|upkeep
|turn|33
|
|t:|1779889234
|switch|p2a: Corviknight|Corviknight, M|31/100
|-ability|p2a: Corviknight|Pressure
|move|p1a: Clefable|Thunderbolt|p2a: Corviknight
|-supereffective|p2a: Corviknight
|-damage|p2a: Corviknight|0 fnt
|faint|p2a: Corviknight
|
|upkeep
|
|t:|1779889237
|switch|p2a: Kyurem|Kyurem, tera:Ice|100/100
|-ability|p2a: Kyurem|Pressure
|turn|34
|
|t:|1779889248
|-terastallize|p1a: Clefable|Steel
|move|p2a: Kyurem|Ice Beam|p1a: Clefable
|-resisted|p1a: Clefable
|-damage|p1a: Clefable|15/100 tox
|move|p1a: Clefable|Thunderbolt|p2a: Kyurem
|-damage|p2a: Kyurem|63/100
|
|upkeep
|turn|35
|
|t:|1779889257
|move|p2a: Kyurem|Ice Beam|p1a: Clefable
|-resisted|p1a: Clefable
|-damage|p1a: Clefable|0 fnt
|faint|p1a: Clefable
|
|upkeep
|
|t:|1779889263
|switch|p1a: Mew|Mew, shiny|88/100
|-damage|p1a: Mew|76/100|[from] Stealth Rock
|turn|36
|
|t:|1779889268
|move|p2a: Kyurem|Ice Beam|p1a: Mew
|-damage|p1a: Mew|15/100
|-status|p1a: Mew|frz
|cant|p1a: Mew|frz
|
|upkeep
|turn|37
|-message|BaxleyTheBomb forfeited.
|
|win|Hufer32
|raw|BaxleyTheBomb's rating: 1130 &rarr; <strong>1103</strong><br />(-27 for losing)
|raw|Hufer32's rating: 1100 &rarr; <strong>1127</strong><br />(+27 for winning)
|l|☆BaxleyTheBomb
|player|p1|
|l|☆Hufer32
|player|p2|
