|j|☆guizingg117
|j|☆fractal_face
|t:|1779900381
|gametype|singles
|player|p1|guizingg117|riley|1103
|player|p2|fractal_face|ghetsis-gen5bw|1153
|gen|9
|tier|[Gen 9] OU
|rated|
|rule|HP Percentage Mod: HP is shown in percentages
|rule|Endless Battle Clause: Forcing endless battles is banned
|rule|Species Clause: Limit one of each Pokémon
|rule|OHKO Clause: OHKO moves are banned
|rule|Evasion Items Clause: Evasion items are banned
|rule|Evasion Moves Clause: Evasion moves are banned
|rule|Evasion Abilities Clause: Evasion abilities are banned
|rule|Sleep Moves Clause: Sleep-inducing moves are banned
|clearpoke
|poke|p1|Hatterene, F|
|poke|p1|Cresselia, F|
|poke|p1|Ursaluna, M|
|poke|p1|Iron Hands|
|poke|p1|Hoopa-Unbound|
|poke|p1|Porygon2|
|poke|p2|Enamorus, F|
|poke|p2|Regieleki|
|poke|p2|Toxapex, F|
|poke|p2|Smeargle, M|
|poke|p2|Grimmsnarl, M|
|poke|p2|Corviknight, F|
|teampreview
|inactive|Battle timer is ON: inactive players will automatically lose when time's up. (requested by fractal_face)
|
|t:|1779900390
|teamsize|p1|6
|teamsize|p2|6
|start
|switch|p1a: Hatterene|Hatterene, F|100/100
|switch|p2a: Regieleki|Regieleki, shiny|100/100
|-item|p2a: Regieleki|Air Balloon
|turn|1
|
|t:|1779900408
|move|p2a: Regieleki|Volt Switch|p1a: Hatterene
|-damage|p1a: Hatterene|59/100
|
|t:|1779900414
|switch|p2a: Smeargle|Smeargle, M, shiny|100/100|[from] Volt Switch
|move|p1a: Hatterene|Trick Room|p1a: Hatterene
|-fieldstart|move: Trick Room|[of] p1a: Hatterene
|
|upkeep
|turn|2
|
|t:|1779900439
|switch|p1a: Iron Hands|Iron Hands|100/100
|-enditem|p1a: Iron Hands|Booster Energy
|-activate|p1a: Iron Hands|ability: Quark Drive|[fromitem]
|-start|p1a: Iron Hands|quarkdriveatk
|move|p2a: Smeargle|Population Bomb|p1a: Iron Hands
|-damage|p1a: Iron Hands|96/100
|-damage|p1a: Iron Hands|92/100
|-damage|p1a: Iron Hands|88/100
|-damage|p1a: Iron Hands|84/100
|-damage|p1a: Iron Hands|79/100
|-damage|p1a: Iron Hands|75/100
|-damage|p1a: Iron Hands|70/100
|-damage|p1a: Iron Hands|65/100
|-crit|p1a: Iron Hands
|-damage|p1a: Iron Hands|58/100
|-hitcount|p1a: Iron Hands|9
|
|upkeep
|turn|3
|inactive|guizingg117 has 120 seconds left.
|
|t:|1779900469
|move|p2a: Smeargle|Burning Bulwark|p2a: Smeargle
|-singleturn|p2a: Smeargle|move: Protect
|move|p1a: Iron Hands|Drain Punch|p2a: Smeargle
|-activate|p2a: Smeargle|move: Protect
|-status|p1a: Iron Hands|brn
|
|-damage|p1a: Iron Hands|52/100 brn|[from] brn
|upkeep
|turn|4
|inactive|guizingg117 has 120 seconds left.
|
|t:|1779900493
|switch|p2a: Grimmsnarl|Grimmsnarl, M, shiny|100/100
|move|p1a: Iron Hands|Swords Dance|p1a: Iron Hands
|-boost|p1a: Iron Hands|atk|2
|
|-damage|p1a: Iron Hands|46/100 brn|[from] brn
|upkeep
|turn|5
|
|t:|1779900508
|move|p2a: Grimmsnarl|Bulk Up|p2a: Grimmsnarl
|-boost|p2a: Grimmsnarl|atk|1
|-boost|p2a: Grimmsnarl|def|1
|move|p1a: Iron Hands|Thunder Punch|p2a: Grimmsnarl
|-damage|p2a: Grimmsnarl|54/100
|
|-damage|p1a: Iron Hands|40/100 brn|[from] brn
|-fieldend|move: Trick Room
|upkeep
|turn|6
|
|t:|1779900525
|-end|p1a: Iron Hands|Quark Drive|[silent]
|switch|p1a: Hatterene|Hatterene, F|59/100
|move|p2a: Grimmsnarl|Play Rough|p1a: Hatterene
|-damage|p1a: Hatterene|0 fnt
|faint|p1a: Hatterene
|
|upkeep
|
|t:|1779900535
|switch|p1a: Porygon2|Porygon2|100/100
|-ability|p1a: Porygon2|Download|boost
|-boost|p1a: Porygon2|spa|1
|turn|7
|
|t:|1779900542
|switch|p2a: Enamorus|Enamorus, F, shiny|100/100
|move|p1a: Porygon2|Trick Room|p1a: Porygon2
|-fieldstart|move: Trick Room|[of] p1a: Porygon2
|
|upkeep
|turn|8
|inactive|guizingg117 has 120 seconds left.
|
|t:|1779900554
|move|p1a: Porygon2|Tri Attack|p2a: Enamorus
|-damage|p2a: Enamorus|59/100
|-status|p2a: Enamorus|frz
|-curestatus|p2a: Enamorus|frz|[msg]
|move|p2a: Enamorus|Superpower|p1a: Porygon2
|-supereffective|p1a: Porygon2
|-damage|p1a: Porygon2|61/100
|-boost|p2a: Enamorus|atk|1
|-boost|p2a: Enamorus|def|1
|
|upkeep
|turn|9
|inactive|guizingg117 has 120 seconds left.
|
|t:|1779900574
|move|p1a: Porygon2|Tri Attack|p2a: Enamorus
|-damage|p2a: Enamorus|16/100
|move|p2a: Enamorus|Superpower|p1a: Porygon2
|-supereffective|p1a: Porygon2
|-damage|p1a: Porygon2|7/100
|-boost|p2a: Enamorus|atk|1
|-boost|p2a: Enamorus|def|1
|
|upkeep
|turn|10
|
|t:|1779900586
|switch|p2a: Toxapex|Toxapex, F, shiny|100/100
|move|p1a: Porygon2|Tri Attack|p2a: Toxapex
|-damage|p2a: Toxapex|67/100
|-status|p2a: Toxapex|par
|
|-heal|p2a: Toxapex|73/100 par|[from] item: Black Sludge
|upkeep
|turn|11
|
|t:|1779900598
|move|p2a: Toxapex|Liquidation|p1a: Porygon2
|-crit|p1a: Porygon2
|-damage|p1a: Porygon2|0 fnt
|faint|p1a: Porygon2
|
|-heal|p2a: Toxapex|79/100 par|[from] item: Black Sludge
|-fieldend|move: Trick Room
|upkeep
|inactive|guizingg117 has 120 seconds left.
|
|t:|1779900605
|switch|p1a: Hoopa|Hoopa-Unbound|100/100
|turn|12
|
|t:|1779900610
|move|p2a: Toxapex|Toxic Spikes|p1a: Hoopa
|-sidestart|p1: guizingg117|move: Toxic Spikes
|move|p1a: Hoopa|Trick Room|p1a: Hoopa
|-fieldstart|move: Trick Room|[of] p1a: Hoopa
|
|-heal|p2a: Toxapex|85/100 par|[from] item: Black Sludge
|upkeep
|turn|13
|
|t:|1779900616
|move|p2a: Toxapex|Baneful Bunker|p2a: Toxapex
|-singleturn|p2a: Toxapex|move: Protect
|move|p1a: Hoopa|Psychic Noise|p2a: Toxapex
|-activate|p2a: Toxapex|move: Protect
|
|-heal|p2a: Toxapex|91/100 par|[from] item: Black Sludge
|upkeep
|turn|14
|
|t:|1779900624
|move|p2a: Toxapex|Toxic Spikes|p1a: Hoopa
|-sidestart|p1: guizingg117|move: Toxic Spikes
|move|p1a: Hoopa|Psychic Noise|p2a: Toxapex
|-supereffective|p2a: Toxapex
|-damage|p2a: Toxapex|21/100 par
|-start|p2a: Toxapex|move: Heal Block
|
|upkeep
|turn|15
|
|t:|1779900645
|switch|p1a: Ursaluna|Ursaluna, M|100/100
|-status|p1a: Ursaluna|tox
|cant|p2a: Toxapex|par
|
|-damage|p1a: Ursaluna|94/100 tox|[from] psn
|-end|p2a: Toxapex|move: Heal Block
|upkeep
|turn|16
|
|t:|1779900654
|move|p2a: Toxapex|Liquidation|p1a: Ursaluna
|-supereffective|p1a: Ursaluna
|-damage|p1a: Ursaluna|69/100 tox
|move|p1a: Ursaluna|Headlong Rush|p2a: Toxapex
|-supereffective|p2a: Toxapex
|-damage|p2a: Toxapex|0 fnt
|-unboost|p1a: Ursaluna|def|1
|-unboost|p1a: Ursaluna|spd|1
|faint|p2a: Toxapex
|
|-damage|p1a: Ursaluna|57/100 tox|[from] psn
|-fieldend|move: Trick Room
|upkeep
|
|t:|1779900667
|switch|p2a: Enamorus|Enamorus, F, shiny|16/100
|turn|17
|
|t:|1779900680
|switch|p1a: Iron Hands|Iron Hands|40/100 brn
|move|p2a: Enamorus|Superpower|p1a: Iron Hands
|-damage|p1a: Iron Hands|17/100 brn
|-boost|p2a: Enamorus|atk|1
|-boost|p2a: Enamorus|def|1
|
|-damage|p1a: Iron Hands|11/100 brn|[from] brn
|upkeep
|turn|18
|
|t:|1779900690
|move|p2a: Enamorus|Play Rough|p1a: Iron Hands
|-supereffective|p1a: Iron Hands
|-damage|p1a: Iron Hands|0 fnt
|faint|p1a: Iron Hands
|-end|p1a: Iron Hands|Quark Drive|[silent]
|
|upkeep
|
|t:|1779900698
|switch|p1a: Cresselia|Cresselia, F|100/100
|turn|19
|
|t:|1779900703
|move|p2a: Enamorus|Play Rough|p1a: Cresselia
|-damage|p1a: Cresselia|59/100
|-unboost|p1a: Cresselia|atk|1
|move|p1a: Cresselia|Trick Room|p1a: Cresselia
|-fieldstart|move: Trick Room|[of] p1a: Cresselia
|
|upkeep
|turn|20
|
|t:|1779900712
|move|p1a: Cresselia|Ice Beam|p2a: Enamorus
|-supereffective|p2a: Enamorus
|-damage|p2a: Enamorus|0 fnt
|faint|p2a: Enamorus
|
|upkeep
|
|t:|1779900718
|switch|p2a: Grimmsnarl|Grimmsnarl, M, shiny|54/100
|turn|21
|inactive|guizingg117 has 120 seconds left.
|
|t:|1779900752
|move|p2a: Grimmsnarl|Bulk Up|p2a: Grimmsnarl
|-boost|p2a: Grimmsnarl|atk|1
|-boost|p2a: Grimmsnarl|def|1
|move|p1a: Cresselia|Ice Beam|p2a: Grimmsnarl
|-damage|p2a: Grimmsnarl|36/100
|-status|p2a: Grimmsnarl|frz
|
|upkeep
|turn|22
|
|t:|1779900761
|switch|p1a: Hoopa|Hoopa-Unbound|100/100
|-status|p1a: Hoopa|tox
|cant|p2a: Grimmsnarl|frz
|
|-damage|p1a: Hoopa|94/100 tox|[from] psn
|upkeep
|turn|23
|
|t:|1779900767
|cant|p2a: Grimmsnarl|frz
|move|p1a: Hoopa|Focus Blast|p2a: Grimmsnarl|[miss]
|-miss|p1a: Hoopa|p2a: Grimmsnarl
|
|-damage|p1a: Hoopa|82/100 tox|[from] psn
|-fieldend|move: Trick Room
|upkeep
|turn|24
|
|t:|1779900776
|cant|p2a: Grimmsnarl|frz
|move|p1a: Hoopa|Trick Room|p1a: Hoopa
|-fieldstart|move: Trick Room|[of] p1a: Hoopa
|
|-damage|p1a: Hoopa|64/100 tox|[from] psn
|upkeep
|turn|25
|
|t:|1779900780
|cant|p2a: Grimmsnarl|frz
|move|p1a: Hoopa|Focus Blast|p2a: Grimmsnarl
|-damage|p2a: Grimmsnarl|0 fnt
|faint|p2a: Grimmsnarl
|
|-damage|p1a: Hoopa|40/100 tox|[from] psn
|upkeep
|
|t:|1779900789
|switch|p2a: Corviknight|Corviknight, F, shiny|100/100
|turn|26
|
|t:|1779900796
|switch|p1a: Cresselia|Cresselia, F|59/100
|move|p2a: Corviknight|Iron Defense|p2a: Corviknight
|-boost|p2a: Corviknight|def|2
|
|upkeep
|turn|27
|
|t:|1779900818
|move|p1a: Cresselia|Lunar Dance|p1a: Cresselia
|faint|p1a: Cresselia
|move|p2a: Corviknight|Iron Defense|p2a: Corviknight
|-boost|p2a: Corviknight|def|2
|
|upkeep
|
|t:|1779900823
|switch|p1a: Ursaluna|Ursaluna, M|57/100 tox
|-heal|p1a: Ursaluna|100/100|[from] move: Lunar Dance
|-status|p1a: Ursaluna|tox
|turn|28
|
|t:|1779900827
|move|p1a: Ursaluna|Swords Dance|p1a: Ursaluna
|-boost|p1a: Ursaluna|atk|2
|move|p2a: Corviknight|Body Press|p1a: Ursaluna
|-supereffective|p1a: Ursaluna
|-damage|p1a: Ursaluna|15/100 tox
|
|-damage|p1a: Ursaluna|8/100 tox|[from] psn
|-fieldend|move: Trick Room
|upkeep
|turn|29
|
|t:|1779900834
|move|p2a: Corviknight|Body Press|p1a: Ursaluna
|-supereffective|p1a: Ursaluna
|-damage|p1a: Ursaluna|0 fnt
|faint|p1a: Ursaluna
|
|upkeep
|
|t:|1779900836
|switch|p1a: Hoopa|Hoopa-Unbound|40/100 tox
|turn|30
|
|t:|1779900839
|-terastallize|p1a: Hoopa|Fairy
|move|p2a: Corviknight|Body Press|p1a: Hoopa
|-resisted|p1a: Hoopa
|-damage|p1a: Hoopa|9/100 tox
|move|p1a: Hoopa|Psychic Noise|p2a: Corviknight
|-resisted|p2a: Corviknight
|-damage|p2a: Corviknight|84/100
|-start|p2a: Corviknight|move: Heal Block
|
|-damage|p1a: Hoopa|3/100 tox|[from] psn
|upkeep
|turn|31
|
|t:|1779900852
|move|p2a: Corviknight|Body Press|p1a: Hoopa
|-resisted|p1a: Hoopa
|-damage|p1a: Hoopa|0 fnt
|faint|p1a: Hoopa
|
|win|fractal_face
|raw|guizingg117's rating: 1103 &rarr; <strong>1082</strong><br />(-21 for losing)
|raw|fractal_face's rating: 1153 &rarr; <strong>1174</strong><br />(+21 for winning)
