|j|☆Iker69420
|j|☆Pedroelentrenador
|t:|1779811664
|gametype|singles
|player|p1|Iker69420|169|1314
|player|p2|Pedroelentrenador|n|1327
|gen|9
|tier|[Gen 9] OU
|rated|
|rule|HP Percentage Mod: HP is shown in percentages
|rule|Endless Battle Clause: Forcing endless battles is banned
|rule|Species Clause: Limit one of each Pokémon
|rule|OHKO Clause: OHKO moves are banned
|rule|Evasion Items Clause: Evasion items are banned
|rule|Evasion Moves Clause: Evasion moves are banned
|rule|Evasion Abilities Clause: Evasion abilities are banned
|rule|Sleep Moves Clause: Sleep-inducing moves are banned
|clearpoke
|poke|p1|Walking Wake|
|poke|p1|Great Tusk|
|poke|p1|Ceruledge, F|
|poke|p1|Iron Moth|
|poke|p1|Raging Bolt|
|poke|p1|Torkoal, M|
|poke|p2|Hatterene, F|
|poke|p2|Slowbro, M|
|poke|p2|Ursaluna, M|
|poke|p2|Kingambit, F|
|poke|p2|Vikavolt, M|
|poke|p2|Toxapex, F|
|teampreview
|inactive|Battle timer is ON: inactive players will automatically lose when time's up. (requested by Pedroelentrenador)
|
|t:|1779811679
|teamsize|p1|6
|teamsize|p2|6
|start
|switch|p1a: Torkoal|Torkoal, M|100/100
|switch|p2a: Slowbro|Slowbro, M|100/100
|-weather|SunnyDay|[from] ability: Drought|[of] p1a: Torkoal
|turn|1
|
|t:|1779811689
|move|p1a: Torkoal|Clear Smog|p2a: Slowbro
|-damage|p2a: Slowbro|89/100
|-clearboost|p2a: Slowbro
|move|p2a: Slowbro|Hydro Pump|p1a: Torkoal
|-supereffective|p1a: Torkoal
|-damage|p1a: Torkoal|61/100
|
|-weather|SunnyDay|[upkeep]
|-heal|p2a: Slowbro|95/100|[from] item: Leftovers
|upkeep
|turn|2
|
|t:|1779811701
|move|p1a: Torkoal|Stealth Rock|p2a: Slowbro
|-sidestart|p2: Pedroelentrenador|move: Stealth Rock
|move|p2a: Slowbro|Trick Room|p2a: Slowbro
|-fieldstart|move: Trick Room|[of] p2a: Slowbro
|
|-weather|SunnyDay|[upkeep]
|-heal|p2a: Slowbro|100/100|[from] item: Leftovers
|upkeep
|turn|3
|
|t:|1779811712
|switch|p1a: Raging Bolt|Raging Bolt|100/100
|-item|p1a: Raging Bolt|Air Balloon
|-activate|p1a: Raging Bolt|ability: Protosynthesis
|-start|p1a: Raging Bolt|protosynthesisspa
|move|p2a: Slowbro|Calm Mind|p2a: Slowbro
|-boost|p2a: Slowbro|spa|1
|-boost|p2a: Slowbro|spd|1
|
|-weather|SunnyDay|[upkeep]
|upkeep
|turn|4
|
|t:|1779811722
|move|p2a: Slowbro|Psychic Noise|p1a: Raging Bolt
|-damage|p1a: Raging Bolt|63/100
|-start|p1a: Raging Bolt|move: Heal Block
|-enditem|p1a: Raging Bolt|Air Balloon
|move|p1a: Raging Bolt|Calm Mind|p1a: Raging Bolt
|-boost|p1a: Raging Bolt|spa|1
|-boost|p1a: Raging Bolt|spd|1
|
|-weather|SunnyDay|[upkeep]
|upkeep
|turn|5
|
|t:|1779811733
|switch|p2a: Ursaluna|Ursaluna, M|100/100
|-damage|p2a: Ursaluna|94/100|[from] Stealth Rock
|move|p1a: Raging Bolt|Thunderbolt|p2a: Ursaluna
|-immune|p2a: Ursaluna
|
|-weather|SunnyDay|[upkeep]
|-end|p1a: Raging Bolt|move: Heal Block
|-status|p2a: Ursaluna|brn|[from] item: Flame Orb
|upkeep
|turn|6
|
|t:|1779811747
|-end|p1a: Raging Bolt|Protosynthesis|[silent]
|switch|p1a: Ceruledge|Ceruledge, F|100/100
|move|p2a: Ursaluna|Earthquake|p1a: Ceruledge
|-supereffective|p1a: Ceruledge
|-enditem|p1a: Ceruledge|Focus Sash
|-damage|p1a: Ceruledge|1/100
|-ability|p1a: Ceruledge|Weak Armor|boost
|-unboost|p1a: Ceruledge|def|1
|-boost|p1a: Ceruledge|spe|2
|
|-weather|SunnyDay|[upkeep]
|-damage|p2a: Ursaluna|88/100 brn|[from] brn
|-fieldend|move: Trick Room
|upkeep
|turn|7
|
|t:|1779811764
|move|p1a: Ceruledge|Close Combat|p2a: Ursaluna
|-supereffective|p2a: Ursaluna
|-damage|p2a: Ursaluna|31/100 brn
|-unboost|p1a: Ceruledge|def|1
|-unboost|p1a: Ceruledge|spd|1
|move|p2a: Ursaluna|Earthquake|p1a: Ceruledge
|-supereffective|p1a: Ceruledge
|-damage|p1a: Ceruledge|0 fnt
|faint|p1a: Ceruledge
|
|-weather|SunnyDay|[upkeep]
|-damage|p2a: Ursaluna|24/100 brn|[from] brn
|upkeep
|
|t:|1779811774
|switch|p1a: Iron Moth|Iron Moth|100/100
|-enditem|p1a: Iron Moth|Booster Energy
|-activate|p1a: Iron Moth|ability: Quark Drive|[fromitem]
|-start|p1a: Iron Moth|quarkdrivespa
|turn|8
|inactive|Pedroelentrenador has 120 seconds left.
|
|t:|1779811830
|switch|p2a: Slowbro|Slowbro, M|100/100
|-damage|p2a: Slowbro|88/100|[from] Stealth Rock
|move|p1a: Iron Moth|Fiery Dance|p2a: Slowbro
|-resisted|p2a: Slowbro
|-damage|p2a: Slowbro|43/100
|-boost|p1a: Iron Moth|spa|1
|
|-weather|none
|-heal|p2a: Slowbro|49/100|[from] item: Leftovers
|upkeep
|turn|9
|
|t:|1779811844
|move|p1a: Iron Moth|Sludge Wave|p2a: Slowbro
|-damage|p2a: Slowbro|0 fnt
|faint|p2a: Slowbro
|
|upkeep
|
|t:|1779811850
|switch|p2a: Toxapex|Toxapex, F|100/100
|-damage|p2a: Toxapex|88/100|[from] Stealth Rock
|turn|10
|
|t:|1779811860
|move|p1a: Iron Moth|Fiery Dance|p2a: Toxapex
|-resisted|p2a: Toxapex
|-damage|p2a: Toxapex|52/100
|-boost|p1a: Iron Moth|spa|1
|move|p2a: Toxapex|Liquidation|p1a: Iron Moth
|-supereffective|p1a: Iron Moth
|-damage|p1a: Iron Moth|32/100
|
|-heal|p2a: Toxapex|58/100|[from] item: Black Sludge
|upkeep
|turn|11
|
|t:|1779811871
|-terastallize|p1a: Iron Moth|Flying
|move|p1a: Iron Moth|Morning Sun|p1a: Iron Moth
|-heal|p1a: Iron Moth|82/100
|move|p2a: Toxapex|Liquidation|p1a: Iron Moth
|-damage|p1a: Iron Moth|44/100
|-unboost|p1a: Iron Moth|def|1
|
|-heal|p2a: Toxapex|64/100|[from] item: Black Sludge
|upkeep
|turn|12
|
|t:|1779811882
|move|p1a: Iron Moth|Fiery Dance|p2a: Toxapex
|-resisted|p2a: Toxapex
|-damage|p2a: Toxapex|11/100
|-boost|p1a: Iron Moth|spa|1
|move|p2a: Toxapex|Liquidation|p1a: Iron Moth
|-damage|p1a: Iron Moth|0 fnt
|faint|p1a: Iron Moth
|-end|p1a: Iron Moth|Quark Drive|[silent]
|
|-heal|p2a: Toxapex|18/100|[from] item: Black Sludge
|upkeep
|
|t:|1779811886
|switch|p1a: Torkoal|Torkoal, M|61/100
|-weather|SunnyDay|[from] ability: Drought|[of] p1a: Torkoal
|turn|13
|
|t:|1779811897
|move|p2a: Toxapex|Baneful Bunker|p2a: Toxapex
|-singleturn|p2a: Toxapex|move: Protect
|move|p1a: Torkoal|Eruption|p2a: Toxapex
|-activate|p2a: Toxapex|move: Protect
|
|-weather|SunnyDay|[upkeep]
|-heal|p2a: Toxapex|24/100|[from] item: Black Sludge
|upkeep
|turn|14
|
|t:|1779811915
|move|p1a: Torkoal|Eruption|p2a: Toxapex
|-resisted|p2a: Toxapex
|-damage|p2a: Toxapex|7/100
|move|p2a: Toxapex|Recover|p2a: Toxapex
|-heal|p2a: Toxapex|57/100
|
|-weather|SunnyDay|[upkeep]
|-heal|p2a: Toxapex|63/100|[from] item: Black Sludge
|upkeep
|turn|15
|
|t:|1779811926
|move|p1a: Torkoal|Clear Smog|p2a: Toxapex
|-resisted|p2a: Toxapex
|-damage|p2a: Toxapex|59/100
|-clearboost|p2a: Toxapex
|move|p2a: Toxapex|Toxic|p1a: Torkoal
|-status|p1a: Torkoal|tox
|
|-weather|SunnyDay|[upkeep]
|-heal|p2a: Toxapex|65/100|[from] item: Black Sludge
|-damage|p1a: Torkoal|55/100 tox|[from] psn
|upkeep
|turn|16
|
|t:|1779811938
|switch|p1a: Great Tusk|Great Tusk|100/100
|-activate|p1a: Great Tusk|ability: Protosynthesis
|-start|p1a: Great Tusk|protosynthesisatk
|move|p2a: Toxapex|Recover|p2a: Toxapex
|-heal|p2a: Toxapex|100/100
|
|-weather|SunnyDay|[upkeep]
|upkeep
|turn|17
|
|t:|1779811950
|move|p2a: Toxapex|Baneful Bunker|p2a: Toxapex
|-singleturn|p2a: Toxapex|move: Protect
|move|p1a: Great Tusk|Knock Off|p2a: Toxapex
|-activate|p2a: Toxapex|move: Protect
|-status|p1a: Great Tusk|psn
|
|-weather|SunnyDay|[upkeep]
|-damage|p1a: Great Tusk|88/100 psn|[from] psn
|upkeep
|turn|18
|
|t:|1779811960
|switch|p2a: Vikavolt|Vikavolt, M|100/100
|-damage|p2a: Vikavolt|76/100|[from] Stealth Rock
|move|p1a: Great Tusk|Knock Off|p2a: Vikavolt
|-damage|p2a: Vikavolt|33/100
|-enditem|p2a: Vikavolt|Choice Specs|[from] move: Knock Off|[of] p1a: Great Tusk
|
|-weather|SunnyDay|[upkeep]
|-damage|p1a: Great Tusk|76/100 psn|[from] psn
|upkeep
|turn|19
|
|t:|1779811971
|move|p1a: Great Tusk|Temper Flare|p2a: Vikavolt
|-supereffective|p2a: Vikavolt
|-damage|p2a: Vikavolt|0 fnt
|faint|p2a: Vikavolt
|
|-weather|SunnyDay|[upkeep]
|-damage|p1a: Great Tusk|63/100 psn|[from] psn
|upkeep
|
|t:|1779811980
|switch|p2a: Toxapex|Toxapex, F|100/100
|-damage|p2a: Toxapex|88/100|[from] Stealth Rock
|turn|20
|
|t:|1779811984
|move|p2a: Toxapex|Baneful Bunker|p2a: Toxapex
|-singleturn|p2a: Toxapex|move: Protect
|move|p1a: Great Tusk|Knock Off|p2a: Toxapex
|-activate|p2a: Toxapex|move: Protect
|
|-weather|none
|-end|p1a: Great Tusk|Protosynthesis
|-heal|p2a: Toxapex|94/100|[from] item: Black Sludge
|-damage|p1a: Great Tusk|51/100 psn|[from] psn
|upkeep
|turn|21
|inactive|Pedroelentrenador has 120 seconds left.
|
|t:|1779811996
|-end|p1a: Great Tusk|Protosynthesis|[silent]
|switch|p1a: Torkoal|Torkoal, M|55/100 tox
|-weather|SunnyDay|[from] ability: Drought|[of] p1a: Torkoal
|switch|p2a: Kingambit|Kingambit, F|100/100
|-damage|p2a: Kingambit|94/100|[from] Stealth Rock
|-activate|p2a: Kingambit|ability: Supreme Overlord
|-start|p2a: Kingambit|fallen2|[silent]
|
|-weather|SunnyDay|[upkeep]
|-damage|p1a: Torkoal|49/100 tox|[from] psn
|upkeep
|turn|22
|inactive|Pedroelentrenador has 120 seconds left.
|
|t:|1779812009
|-end|p2a: Kingambit|fallen2|[silent]
|switch|p2a: Toxapex|Toxapex, F|100/100
|-damage|p2a: Toxapex|88/100|[from] Stealth Rock
|move|p1a: Torkoal|Will-O-Wisp|p2a: Toxapex
|-status|p2a: Toxapex|brn
|
|-weather|SunnyDay|[upkeep]
|-heal|p2a: Toxapex|94/100 brn|[from] item: Black Sludge
|-damage|p1a: Torkoal|36/100 tox|[from] psn
|-damage|p2a: Toxapex|88/100 brn|[from] brn
|upkeep
|turn|23
|inactive|Pedroelentrenador has 120 seconds left.
|
|t:|1779812022
|switch|p1a: Great Tusk|Great Tusk|51/100 psn
|-activate|p1a: Great Tusk|ability: Protosynthesis
|-start|p1a: Great Tusk|protosynthesisatk
|move|p2a: Toxapex|Liquidation|p1a: Great Tusk
|-supereffective|p1a: Great Tusk
|-damage|p1a: Great Tusk|44/100 psn
|-unboost|p1a: Great Tusk|def|1
|
|-weather|SunnyDay|[upkeep]
|-heal|p2a: Toxapex|94/100 brn|[from] item: Black Sludge
|-damage|p1a: Great Tusk|31/100 psn|[from] psn
|-damage|p2a: Toxapex|88/100 brn|[from] brn
|upkeep
|turn|24
|inactive|Pedroelentrenador has 120 seconds left.
|
|t:|1779812036
|move|p2a: Toxapex|Baneful Bunker|p2a: Toxapex
|-singleturn|p2a: Toxapex|move: Protect
|move|p1a: Great Tusk|Headlong Rush|p2a: Toxapex
|-activate|p2a: Toxapex|move: Protect
|
|-weather|SunnyDay|[upkeep]
|-heal|p2a: Toxapex|94/100 brn|[from] item: Black Sludge
|-damage|p1a: Great Tusk|19/100 psn|[from] psn
|-damage|p2a: Toxapex|88/100 brn|[from] brn
|upkeep
|turn|25
|inactive|Pedroelentrenador has 120 seconds left.
|
|t:|1779812048
|switch|p2a: Hatterene|Hatterene, F|100/100
|-damage|p2a: Hatterene|88/100|[from] Stealth Rock
|move|p1a: Great Tusk|Headlong Rush|p2a: Hatterene
|-damage|p2a: Hatterene|0 fnt
|-unboost|p1a: Great Tusk|def|1
|-unboost|p1a: Great Tusk|spd|1
|faint|p2a: Hatterene
|
|-weather|SunnyDay|[upkeep]
|-damage|p1a: Great Tusk|6/100 psn|[from] psn
|upkeep
|inactive|Pedroelentrenador has 120 seconds left.
|
|t:|1779812061
|switch|p2a: Toxapex|Toxapex, F|100/100 brn
|-damage|p2a: Toxapex|88/100 brn|[from] Stealth Rock
|turn|26
|
|t:|1779812065
|-end|p1a: Great Tusk|Protosynthesis|[silent]
|switch|p1a: Walking Wake|Walking Wake|100/100
|-activate|p1a: Walking Wake|ability: Protosynthesis
|-start|p1a: Walking Wake|protosynthesisspe
|move|p2a: Toxapex|Baneful Bunker||[still]
|-fail|p2a: Toxapex
|
|-weather|SunnyDay|[upkeep]
|-heal|p2a: Toxapex|94/100 brn|[from] item: Black Sludge
|-damage|p2a: Toxapex|88/100 brn|[from] brn
|upkeep
|turn|27
|
|t:|1779812076
|-end|p1a: Walking Wake|Protosynthesis|[silent]
|switch|p1a: Great Tusk|Great Tusk|6/100 psn
|-activate|p1a: Great Tusk|ability: Protosynthesis
|-start|p1a: Great Tusk|protosynthesisatk
|move|p2a: Toxapex|Toxic||[still]
|-fail|p2a: Toxapex
|
|-weather|SunnyDay|[upkeep]
|-heal|p2a: Toxapex|94/100 brn|[from] item: Black Sludge
|-damage|p1a: Great Tusk|0 fnt|[from] psn
|faint|p1a: Great Tusk
|-end|p1a: Great Tusk|Protosynthesis|[silent]
|-damage|p2a: Toxapex|88/100 brn|[from] brn
|upkeep
|
|t:|1779812085
|switch|p1a: Raging Bolt|Raging Bolt|63/100
|-activate|p1a: Raging Bolt|ability: Protosynthesis
|-start|p1a: Raging Bolt|protosynthesisspa
|turn|28
|
|t:|1779812105
|-terastallize|p2a: Toxapex|Ground
|move|p1a: Raging Bolt|Thunderbolt|p2a: Toxapex
|-immune|p2a: Toxapex
|move|p2a: Toxapex|Toxic|p1a: Raging Bolt
|-status|p1a: Raging Bolt|tox
|
|-weather|none
|-end|p1a: Raging Bolt|Protosynthesis
|-damage|p2a: Toxapex|75/100 brn|[from] item: Black Sludge
|-damage|p1a: Raging Bolt|56/100 tox|[from] psn
|-damage|p2a: Toxapex|69/100 brn|[from] brn
|upkeep
|turn|29
|
|t:|1779812118
|-end|p1a: Raging Bolt|Protosynthesis|[silent]
|switch|p1a: Torkoal|Torkoal, M|36/100 tox
|-weather|SunnyDay|[from] ability: Drought|[of] p1a: Torkoal
|move|p2a: Toxapex|Baneful Bunker||[still]
|-fail|p2a: Toxapex
|
|-weather|SunnyDay|[upkeep]
|-damage|p2a: Toxapex|57/100 brn|[from] item: Black Sludge
|-damage|p1a: Torkoal|30/100 tox|[from] psn
|-damage|p2a: Toxapex|50/100 brn|[from] brn
|upkeep
|turn|30
|
|t:|1779812130
|move|p1a: Torkoal|Eruption|p2a: Toxapex
|-damage|p2a: Toxapex|34/100 brn
|move|p2a: Toxapex|Recover|p2a: Toxapex
|-heal|p2a: Toxapex|84/100 brn
|
|-weather|SunnyDay|[upkeep]
|-damage|p2a: Toxapex|72/100 brn|[from] item: Black Sludge
|-damage|p1a: Torkoal|18/100 tox|[from] psn
|-damage|p2a: Toxapex|66/100 brn|[from] brn
|upkeep
|turn|31
|
|t:|1779812143
|switch|p1a: Raging Bolt|Raging Bolt|56/100 tox
|-activate|p1a: Raging Bolt|ability: Protosynthesis
|-start|p1a: Raging Bolt|protosynthesisspa
|move|p2a: Toxapex|Liquidation|p1a: Raging Bolt
|-resisted|p1a: Raging Bolt
|-damage|p1a: Raging Bolt|55/100 tox
|
|-weather|SunnyDay|[upkeep]
|-damage|p2a: Toxapex|53/100 brn|[from] item: Black Sludge
|-damage|p1a: Raging Bolt|49/100 tox|[from] psn
|-damage|p2a: Toxapex|47/100 brn|[from] brn
|upkeep
|turn|32
|
|t:|1779812157
|switch|p2a: Kingambit|Kingambit, F|94/100
|-damage|p2a: Kingambit|88/100|[from] Stealth Rock
|-activate|p2a: Kingambit|ability: Supreme Overlord
|-start|p2a: Kingambit|fallen3|[silent]
|move|p1a: Raging Bolt|Calm Mind|p1a: Raging Bolt
|-boost|p1a: Raging Bolt|spa|1
|-boost|p1a: Raging Bolt|spd|1
|
|-weather|SunnyDay|[upkeep]
|-damage|p1a: Raging Bolt|36/100 tox|[from] psn
|upkeep
|turn|33
|
|t:|1779812169
|move|p1a: Raging Bolt|Thunderclap|p2a: Kingambit
|-damage|p2a: Kingambit|9/100
|move|p2a: Kingambit|Sucker Punch||[still]
|-fail|p2a: Kingambit
|
|-weather|SunnyDay|[upkeep]
|-damage|p1a: Raging Bolt|18/100 tox|[from] psn
|upkeep
|turn|34
|inactive|Pedroelentrenador has 120 seconds left.
|
|t:|1779812189
|-end|p2a: Kingambit|fallen3|[silent]
|switch|p2a: Ursaluna|Ursaluna, M|24/100 brn
|-damage|p2a: Ursaluna|18/100 brn|[from] Stealth Rock
|move|p1a: Raging Bolt|Draco Meteor|p2a: Ursaluna
|-damage|p2a: Ursaluna|0 fnt
|-unboost|p1a: Raging Bolt|spa|2
|faint|p2a: Ursaluna
|
|-weather|SunnyDay|[upkeep]
|-damage|p1a: Raging Bolt|0 fnt|[from] psn
|faint|p1a: Raging Bolt
|-end|p1a: Raging Bolt|Protosynthesis|[silent]
|upkeep
|
|t:|1779812211
|switch|p1a: Walking Wake|Walking Wake|100/100
|switch|p2a: Kingambit|Kingambit, F|9/100
|-damage|p2a: Kingambit|3/100|[from] Stealth Rock
|-activate|p2a: Kingambit|ability: Supreme Overlord
|-start|p2a: Kingambit|fallen4|[silent]
|-activate|p1a: Walking Wake|ability: Protosynthesis
|-start|p1a: Walking Wake|protosynthesisspe
|turn|35
|
|t:|1779812220
|-end|p1a: Walking Wake|Protosynthesis|[silent]
|switch|p1a: Torkoal|Torkoal, M|18/100 tox
|move|p2a: Kingambit|Sucker Punch||[still]
|-fail|p2a: Kingambit
|
|-weather|SunnyDay|[upkeep]
|-damage|p1a: Torkoal|11/100 tox|[from] psn
|upkeep
|turn|36
|
|t:|1779812228
|move|p2a: Kingambit|Sucker Punch||[still]
|-fail|p2a: Kingambit
|move|p1a: Torkoal|Will-O-Wisp|p2a: Kingambit
|-status|p2a: Kingambit|brn
|
|-weather|none
|-damage|p1a: Torkoal|0 fnt|[from] psn
|faint|p1a: Torkoal
|-damage|p2a: Kingambit|0 fnt|[from] brn
|faint|p2a: Kingambit
|-end|p2a: Kingambit|fallen4|[silent]
|upkeep
|c|☆Iker69420|Ur ez
|
|t:|1779812241
|switch|p2a: Toxapex|Toxapex, F, tera:Ground|80/100 brn
|switch|p1a: Walking Wake|Walking Wake|100/100
|-damage|p2a: Toxapex|74/100 brn|[from] Stealth Rock
|turn|37
|
|t:|1779812248
|move|p1a: Walking Wake|Hydro Steam|p2a: Toxapex
|-supereffective|p2a: Toxapex
|-damage|p2a: Toxapex|0 fnt
|faint|p2a: Toxapex
|
|win|Iker69420
|raw|Iker69420's rating: 1314 &rarr; <strong>1335</strong><br />(+21 for winning)
|raw|Pedroelentrenador's rating: 1327 &rarr; <strong>1306</strong><br />(-21 for losing)
|l|☆Iker69420
|player|p1|
|l|☆Pedroelentrenador
|player|p2|
