|j|☆SuperM323Gaming
|j|☆yijing
|t:|1779942029
|gametype|singles
|player|p1|SuperM323Gaming|gambler|1056
|player|p2|yijing|unknown|1058
|gen|9
|tier|[Gen 9] OU
|rated|
|rule|HP Percentage Mod: HP is shown in percentages
|rule|Endless Battle Clause: Forcing endless battles is banned
|rule|Species Clause: Limit one of each Pokémon
|rule|OHKO Clause: OHKO moves are banned
|rule|Evasion Items Clause: Evasion items are banned
|rule|Evasion Moves Clause: Evasion moves are banned
|rule|Evasion Abilities Clause: Evasion abilities are banned
|rule|Sleep Moves Clause: Sleep-inducing moves are banned
|clearpoke
|poke|p1|Iron Valiant|
|poke|p1|Heatran, M|
|poke|p1|Slowking-Galar, M|
|poke|p1|Dragapult, M|
|poke|p1|Mew|
|poke|p1|Azumarill, F|
|poke|p2|Mightyena, M|
|poke|p2|Hariyama, F|
|poke|p2|Plusle, M|
|poke|p2|Swalot, M|
|poke|p2|Glalie, F|
|poke|p2|Altaria, F|
|teampreview
|inactive|Battle timer is ON: inactive players will automatically lose when time's up. (requested by SuperM323Gaming)
|
|t:|1779942048
|teamsize|p1|6
|teamsize|p2|6
|start
|switch|p1a: Heatran|Heatran, M|100/100
|switch|p2a: Plusle|Plusle, M|100/100
|-item|p1a: Heatran|Air Balloon
|turn|1
|
|t:|1779942059
|move|p2a: Plusle|Volt Switch|p1a: Heatran
|-damage|p1a: Heatran|82/100
|-enditem|p1a: Heatran|Air Balloon
|j| giga diga 45667
|
|t:|1779942070
|switch|p2a: Hariyama|Hariyama, F|100/100|[from] Volt Switch
|move|p1a: Heatran|Stealth Rock|p2a: Hariyama
|-sidestart|p2: yijing|move: Stealth Rock
|
|upkeep
|turn|2
|
|t:|1779942081
|switch|p1a: Dragapult|Dragapult, M|100/100
|move|p2a: Hariyama|Close Combat|p1a: Dragapult
|-immune|p1a: Dragapult
|
|upkeep
|turn|3
|
|t:|1779942090
|move|p1a: Dragapult|Dragon Dance|p1a: Dragapult
|-boost|p1a: Dragapult|atk|1
|-boost|p1a: Dragapult|spe|1
|move|p2a: Hariyama|Ice Punch|p1a: Dragapult
|-supereffective|p1a: Dragapult
|-damage|p1a: Dragapult|15/100
|
|upkeep
|turn|4
|
|t:|1779942099
|move|p2a: Hariyama|Bullet Punch|p1a: Dragapult
|-damage|p1a: Dragapult|0 fnt
|faint|p1a: Dragapult
|
|upkeep
|
|t:|1779942109
|switch|p1a: Slowking|Slowking-Galar, M|100/100
|turn|5
|
|t:|1779942117
|switch|p2a: Swalot|Swalot, M|100/100
|-damage|p2a: Swalot|88/100|[from] Stealth Rock
|move|p1a: Slowking|Toxic|p2a: Swalot
|-immune|p2a: Swalot
|
|-heal|p2a: Swalot|94/100|[from] item: Black Sludge
|upkeep
|turn|6
|
|t:|1779942128
|move|p2a: Swalot|Earthquake|p1a: Slowking
|-supereffective|p1a: Slowking
|-damage|p1a: Slowking|61/100
|move|p1a: Slowking|Psychic|p2a: Swalot
|-supereffective|p2a: Swalot
|-damage|p2a: Swalot|36/100
|
|-heal|p2a: Swalot|42/100|[from] item: Black Sludge
|-heal|p1a: Slowking|68/100|[from] item: Black Sludge
|upkeep
|turn|7
|
|t:|1779942139
|switch|p2a: Mightyena|Mightyena, M, shiny|100/100
|-damage|p2a: Mightyena|88/100|[from] Stealth Rock
|-ability|p2a: Mightyena|Intimidate|boost
|-unboost|p1a: Slowking|atk|1
|move|p1a: Slowking|Psychic|p2a: Mightyena
|-immune|p2a: Mightyena
|
|-heal|p1a: Slowking|74/100|[from] item: Black Sludge
|upkeep
|turn|8
|
|t:|1779942152
|switch|p1a: Iron Valiant|Iron Valiant|100/100
|-enditem|p1a: Iron Valiant|Booster Energy
|-activate|p1a: Iron Valiant|ability: Quark Drive|[fromitem]
|-start|p1a: Iron Valiant|quarkdrivespe
|move|p2a: Mightyena|Taunt|p1a: Iron Valiant
|-start|p1a: Iron Valiant|move: Taunt
|
|upkeep
|turn|9
|
|t:|1779942162
|-terastallize|p2a: Mightyena|Poison
|move|p1a: Iron Valiant|Spirit Break|p2a: Mightyena
|-resisted|p2a: Mightyena
|-damage|p2a: Mightyena|61/100
|-unboost|p2a: Mightyena|spa|1
|move|p2a: Mightyena|Poison Fang|p1a: Iron Valiant
|-supereffective|p1a: Iron Valiant
|-crit|p1a: Iron Valiant
|-damage|p1a: Iron Valiant|0 fnt
|faint|p1a: Iron Valiant
|-end|p1a: Iron Valiant|Quark Drive|[silent]
|-damage|p2a: Mightyena|51/100|[from] item: Life Orb
|
|upkeep
|
|t:|1779942183
|switch|p1a: Slowking|Slowking-Galar, M|100/100
|turn|10
|
|t:|1779942189
|move|p2a: Mightyena|Sucker Punch|p1a: Slowking
|-supereffective|p1a: Slowking
|-damage|p1a: Slowking|23/100
|-damage|p2a: Mightyena|41/100|[from] item: Life Orb
|move|p1a: Slowking|Psychic|p2a: Mightyena
|-supereffective|p2a: Mightyena
|-damage|p2a: Mightyena|0 fnt
|faint|p2a: Mightyena
|
|-heal|p1a: Slowking|29/100|[from] item: Black Sludge
|upkeep
|
|t:|1779942201
|switch|p2a: Glalie|Glalie, F|100/100
|-damage|p2a: Glalie|76/100|[from] Stealth Rock
|turn|11
|l| giga diga 45667
|
|t:|1779942206
|switch|p1a: Heatran|Heatran, M|82/100
|move|p2a: Glalie|Earthquake|p1a: Heatran
|-supereffective|p1a: Heatran
|-damage|p1a: Heatran|0 fnt
|faint|p1a: Heatran
|
|upkeep
|
|t:|1779942217
|switch|p1a: Mew|Mew|100/100
|turn|12
|
|t:|1779942232
|switch|p2a: Swalot|Swalot, M|42/100
|-damage|p2a: Swalot|30/100|[from] Stealth Rock
|move|p1a: Mew|Reflect|p1a: Mew
|-sidestart|p1: SuperM323Gaming|Reflect
|
|-heal|p2a: Swalot|36/100|[from] item: Black Sludge
|upkeep
|turn|13
|
|t:|1779942243
|move|p1a: Mew|Reflect||[still]
|-fail|p1a: Mew
|move|p2a: Swalot|Toxic|p1a: Mew
|-status|p1a: Mew|tox
|-activate|p1a: Mew|ability: Synchronize
|-immune|p2a: Swalot
|
|-heal|p2a: Swalot|42/100|[from] item: Black Sludge
|-damage|p1a: Mew|94/100 tox|[from] psn
|upkeep
|turn|14
|
|t:|1779942255
|move|p1a: Mew|Light Screen|p1a: Mew
|-sidestart|p1: SuperM323Gaming|move: Light Screen
|move|p2a: Swalot|Clear Smog|p1a: Mew
|-damage|p1a: Mew|90/100 tox
|-clearboost|p1a: Mew
|
|-heal|p1a: Mew|96/100 tox|[from] item: Leftovers
|-heal|p2a: Swalot|48/100|[from] item: Black Sludge
|-damage|p1a: Mew|84/100 tox|[from] psn
|upkeep
|turn|15
|
|t:|1779942266
|move|p1a: Mew|Volt Switch|p2a: Swalot
|-damage|p2a: Swalot|37/100
|
|t:|1779942270
|switch|p1a: Azumarill|Azumarill, F|100/100|[from] Volt Switch
|move|p2a: Swalot|Toxic|p1a: Azumarill
|-status|p1a: Azumarill|tox
|
|-heal|p2a: Swalot|43/100|[from] item: Black Sludge
|-damage|p1a: Azumarill|94/100 tox|[from] psn
|upkeep
|turn|16
|
|t:|1779942281
|move|p1a: Azumarill|Belly Drum|p1a: Azumarill
|-damage|p1a: Azumarill|44/100 tox
|-setboost|p1a: Azumarill|atk|6|[from] move: Belly Drum
|-enditem|p1a: Azumarill|Sitrus Berry|[eat]
|-heal|p1a: Azumarill|69/100 tox|[from] item: Sitrus Berry
|move|p2a: Swalot|Clear Smog|p1a: Azumarill
|-supereffective|p1a: Azumarill
|-damage|p1a: Azumarill|54/100 tox
|-clearboost|p1a: Azumarill
|
|-heal|p2a: Swalot|49/100|[from] item: Black Sludge
|-damage|p1a: Azumarill|42/100 tox|[from] psn
|-sideend|p1: SuperM323Gaming|Reflect
|upkeep
|turn|17
|
|t:|1779942296
|move|p1a: Azumarill|Liquidation|p2a: Swalot
|-damage|p2a: Swalot|0 fnt
|faint|p2a: Swalot
|
|-damage|p1a: Azumarill|24/100 tox|[from] psn
|upkeep
|
|t:|1779942312
|switch|p2a: Hariyama|Hariyama, F|100/100
|-damage|p2a: Hariyama|94/100|[from] Stealth Rock
|turn|18
|
|t:|1779942318
|move|p1a: Azumarill|Aqua Jet|p2a: Hariyama
|-damage|p2a: Hariyama|68/100
|move|p2a: Hariyama|Bullet Punch|p1a: Azumarill
|-damage|p1a: Azumarill|8/100 tox
|
|-damage|p1a: Azumarill|0 fnt|[from] psn
|faint|p1a: Azumarill
|-sideend|p1: SuperM323Gaming|move: Light Screen
|upkeep
|
|t:|1779942326
|switch|p1a: Slowking|Slowking-Galar, M|62/100
|turn|19
|
|t:|1779942337
|move|p2a: Hariyama|Fire Punch|p1a: Slowking
|-damage|p1a: Slowking|30/100
|move|p1a: Slowking|Psychic|p2a: Hariyama
|-supereffective|p2a: Hariyama
|-crit|p2a: Hariyama
|-damage|p2a: Hariyama|0 fnt
|faint|p2a: Hariyama
|
|-heal|p1a: Slowking|36/100|[from] item: Black Sludge
|upkeep
|
|t:|1779942348
|switch|p2a: Glalie|Glalie, F|76/100
|-damage|p2a: Glalie|51/100|[from] Stealth Rock
|turn|20
|
|t:|1779942353
|switch|p1a: Mew|Mew|84/100 tox
|move|p2a: Glalie|Earthquake|p1a: Mew
|-damage|p1a: Mew|61/100 tox
|
|-heal|p1a: Mew|68/100 tox|[from] item: Leftovers
|-damage|p1a: Mew|61/100 tox|[from] psn
|upkeep
|turn|21
|
|t:|1779942365
|switch|p2a: Altaria|Altaria, F|100/100
|move|p1a: Mew|Reflect|p1a: Mew
|-sidestart|p1: SuperM323Gaming|Reflect
|
|-heal|p1a: Mew|68/100 tox|[from] item: Leftovers
|-damage|p1a: Mew|55/100 tox|[from] psn
|upkeep
|turn|22
|
|t:|1779942375
|move|p1a: Mew|Light Screen|p1a: Mew
|-sidestart|p1: SuperM323Gaming|move: Light Screen
|move|p2a: Altaria|Defog|p1a: Mew
|-unboost|p1a: Mew|evasion|1
|-sideend|p1: SuperM323Gaming|Reflect
|-sideend|p1: SuperM323Gaming|move: Light Screen
|-sideend|p2: yijing|Stealth Rock|[from] move: Defog|[of] p2a: Altaria
|
|-heal|p1a: Mew|61/100 tox|[from] item: Leftovers
|-damage|p1a: Mew|43/100 tox|[from] psn
|upkeep
|turn|23
|
|t:|1779942386
|move|p1a: Mew|Volt Switch|p2a: Altaria
|-damage|p2a: Altaria|85/100
|
|t:|1779942390
|switch|p1a: Slowking|Slowking-Galar, M|70/100|[from] Volt Switch
|move|p2a: Altaria|Draco Meteor|p1a: Slowking
|-crit|p1a: Slowking
|-damage|p1a: Slowking|9/100
|-unboost|p2a: Altaria|spa|2
|
|-heal|p1a: Slowking|15/100|[from] item: Black Sludge
|upkeep
|turn|24
|
|t:|1779942402
|move|p2a: Altaria|Draco Meteor|p1a: Slowking
|-crit|p1a: Slowking
|-damage|p1a: Slowking|0 fnt
|-unboost|p2a: Altaria|spa|2
|faint|p1a: Slowking
|
|upkeep
|-message|SuperM323Gaming forfeited.
|
|win|yijing
|raw|SuperM323Gaming's rating: 1056 &rarr; <strong>1038</strong><br />(-18 for losing)
|raw|yijing's rating: 1058 &rarr; <strong>1089</strong><br />(+31 for winning)
|l|☆SuperM323Gaming
|player|p1|
|l|☆yijing
|player|p2|
