|j|☆isaac_gam3r
|j|☆GreninjaMyFav
|t:|1779943006
|gametype|singles
|player|p1|isaac_gam3r|acetrainer-gen4dp|1746
|player|p2|GreninjaMyFav|skyla|1801
|gen|9
|tier|[Gen 9] OU
|rated|
|rule|HP Percentage Mod: HP is shown in percentages
|rule|Endless Battle Clause: Forcing endless battles is banned
|rule|Species Clause: Limit one of each Pokémon
|rule|OHKO Clause: OHKO moves are banned
|rule|Evasion Items Clause: Evasion items are banned
|rule|Evasion Moves Clause: Evasion moves are banned
|rule|Evasion Abilities Clause: Evasion abilities are banned
|rule|Sleep Moves Clause: Sleep-inducing moves are banned
|clearpoke
|poke|p1|Primarina, F|
|poke|p1|Raging Bolt|
|poke|p1|Heatran, M|
|poke|p1|Weezing-Galar, M|
|poke|p1|Garchomp, M|
|poke|p1|Weavile, F|
|poke|p2|Greninja-*, M|
|poke|p2|Raging Bolt|
|poke|p2|Kingambit, M|
|poke|p2|Great Tusk|
|poke|p2|Corviknight, M|
|poke|p2|Slowking-Galar, M|
|teampreview
|
|t:|1779943012
|teamsize|p1|6
|teamsize|p2|6
|start
|switch|p1a: Primarina|Primarina, F, shiny|100/100
|switch|p2a: Greninja|Greninja, M|100/100
|turn|1
|inactive|Battle timer is ON: inactive players will automatically lose when time's up. (requested by isaac_gam3r)
|
|t:|1779943018
|move|p1a: Primarina|Protect|p1a: Primarina
|-singleturn|p1a: Primarina|Protect
|move|p2a: Greninja|Sludge Wave|p1a: Primarina
|-start|p2a: Greninja|typechange|Poison|[from] ability: Protean
|-activate|p1a: Primarina|move: Protect
|
|upkeep
|turn|2
|
|t:|1779943022
|switch|p2a: Raging Bolt|Raging Bolt|100/100
|move|p1a: Primarina|Sparkling Aria|p2a: Raging Bolt
|-resisted|p2a: Raging Bolt
|-damage|p2a: Raging Bolt|77/100
|
|upkeep
|turn|3
|
|t:|1779943026
|move|p2a: Raging Bolt|Volt Switch|p1a: Primarina
|-supereffective|p1a: Primarina
|-damage|p1a: Primarina|6/100
|
|t:|1779943029
|-end|p2a: Raging Bolt|Protosynthesis|[silent]
|switch|p2a: Slowking|Slowking-Galar, M|100/100|[from] Volt Switch
|move|p1a: Primarina|Draining Kiss|p2a: Slowking
|-resisted|p2a: Slowking
|-damage|p2a: Slowking|93/100
|-heal|p1a: Primarina|12/100|[from] drain|[of] p2a: Slowking
|
|-heal|p1a: Primarina|18/100|[from] item: Leftovers
|upkeep
|turn|4
|
|t:|1779943032
|switch|p1a: Weavile|Weavile, F|100/100
|-ability|p1a: Weavile|Pressure
|-prepare|p2a: Slowking|Chilly Reception|[premajor]
|move|p2a: Slowking|Chilly Reception|p2a: Slowking
|-weather|Snowscape
|
|t:|1779943034
|switch|p2a: Corviknight|Corviknight, M|100/100|[from] Chilly Reception
|-ability|p2a: Corviknight|Pressure
|
|-weather|Snowscape|[upkeep]
|upkeep
|turn|5
|
|t:|1779943037
|switch|p1a: Garchomp|Garchomp, M|100/100
|move|p2a: Corviknight|U-turn|p1a: Garchomp
|-damage|p1a: Garchomp|87/100
|-damage|p2a: Corviknight|88/100|[from] ability: Rough Skin|[of] p1a: Garchomp
|
|t:|1779943038
|switch|p2a: Greninja|Greninja, M|100/100|[from] U-turn
|
|-weather|Snowscape|[upkeep]
|upkeep
|turn|6
|
|t:|1779943042
|move|p1a: Garchomp|Outrage|p2a: Greninja
|-damage|p2a: Greninja|0 fnt
|faint|p2a: Greninja
|
|-weather|Snowscape|[upkeep]
|upkeep
|
|t:|1779943054
|switch|p2a: Kingambit|Kingambit, M|100/100
|-activate|p2a: Kingambit|ability: Supreme Overlord
|-start|p2a: Kingambit|fallen1|[silent]
|turn|7
|
|t:|1779943063
|move|p1a: Garchomp|Outrage|p2a: Kingambit|[from] lockedmove
|-resisted|p2a: Kingambit
|-damage|p2a: Kingambit|80/100
|move|p2a: Kingambit|Kowtow Cleave|p1a: Garchomp
|-damage|p1a: Garchomp|26/100
|-damage|p2a: Kingambit|67/100|[from] ability: Rough Skin|[of] p1a: Garchomp
|
|-weather|Snowscape|[upkeep]
|upkeep
|turn|8
|
|t:|1779943065
|move|p2a: Kingambit|Sucker Punch|p1a: Garchomp
|-damage|p1a: Garchomp|0 fnt
|-damage|p2a: Kingambit|55/100|[from] ability: Rough Skin|[of] p1a: Garchomp
|faint|p1a: Garchomp
|
|-weather|none
|upkeep
|
|t:|1779943069
|switch|p1a: Heatran|Heatran, M|100/100
|turn|9
|
|t:|1779943072
|-end|p2a: Kingambit|fallen1|[silent]
|switch|p2a: Raging Bolt|Raging Bolt|77/100
|move|p1a: Heatran|Lava Plume|p2a: Raging Bolt
|-resisted|p2a: Raging Bolt
|-damage|p2a: Raging Bolt|55/100
|
|upkeep
|turn|10
|
|t:|1779943074
|move|p2a: Raging Bolt|Volt Switch|p1a: Heatran
|-damage|p1a: Heatran|67/100
|
|t:|1779943078
|-end|p2a: Raging Bolt|Protosynthesis|[silent]
|switch|p2a: Corviknight|Corviknight, M|88/100|[from] Volt Switch
|-ability|p2a: Corviknight|Pressure
|move|p1a: Heatran|Earth Power|p2a: Corviknight
|-immune|p2a: Corviknight
|
|upkeep
|turn|11
|
|t:|1779943079
|move|p1a: Heatran|Lava Plume|p2a: Corviknight
|-supereffective|p2a: Corviknight
|-damage|p2a: Corviknight|4/100
|move|p2a: Corviknight|U-turn|p1a: Heatran
|-resisted|p1a: Heatran
|-damage|p1a: Heatran|64/100
|
|t:|1779943081
|switch|p2a: Raging Bolt|Raging Bolt|55/100|[from] U-turn
|
|upkeep
|turn|12
|
|t:|1779943083
|switch|p1a: Primarina|Primarina, F, shiny|18/100
|move|p2a: Raging Bolt|Thunderbolt|p1a: Primarina
|-supereffective|p1a: Primarina
|-damage|p1a: Primarina|0 fnt
|faint|p1a: Primarina
|
|upkeep
|j| kamomille
|
|t:|1779943088
|switch|p1a: Weavile|Weavile, F|100/100
|-ability|p1a: Weavile|Pressure
|turn|13
|
|t:|1779943090
|-end|p2a: Raging Bolt|Protosynthesis|[silent]
|switch|p2a: Corviknight|Corviknight, M|4/100
|-ability|p2a: Corviknight|Pressure
|move|p1a: Weavile|Ice Shard|p2a: Corviknight
|-damage|p2a: Corviknight|0 fnt
|faint|p2a: Corviknight
|
|upkeep
|
|t:|1779943097
|switch|p2a: Kingambit|Kingambit, M|55/100
|-activate|p2a: Kingambit|ability: Supreme Overlord
|-start|p2a: Kingambit|fallen2|[silent]
|turn|14
|
|t:|1779943101
|move|p1a: Weavile|Low Kick|p2a: Kingambit
|-supereffective|p2a: Kingambit
|-damage|p2a: Kingambit|0 fnt
|faint|p2a: Kingambit
|-end|p2a: Kingambit|fallen2|[silent]
|
|upkeep
|
|t:|1779943103
|switch|p2a: Slowking|Slowking-Galar, M|100/100
|turn|15
|
|t:|1779943106
|-terastallize|p2a: Slowking|Water
|move|p1a: Weavile|Knock Off|p2a: Slowking
|-damage|p2a: Slowking|54/100
|-enditem|p2a: Slowking|Heavy-Duty Boots|[from] move: Knock Off|[of] p1a: Weavile
|move|p2a: Slowking|Thunder Wave|p1a: Weavile
|-status|p1a: Weavile|par
|
|upkeep
|turn|16
|
|t:|1779943109
|switch|p1a: Heatran|Heatran, M|64/100
|-prepare|p2a: Slowking|Chilly Reception|[premajor]
|move|p2a: Slowking|Chilly Reception|p2a: Slowking
|-weather|Snowscape
|
|t:|1779943111
|switch|p2a: Great Tusk|Great Tusk|100/100|[from] Chilly Reception
|
|-weather|Snowscape|[upkeep]
|upkeep
|turn|17
|
|t:|1779943113
|-end|p2a: Great Tusk|Protosynthesis|[silent]
|switch|p2a: Slowking|Slowking-Galar, M, tera:Water|87/100
|switch|p1a: Weezing|Weezing-Galar, M, shiny|100/100
|
|-weather|Snowscape|[upkeep]
|upkeep
|turn|18
|
|t:|1779943115
|move|p1a: Weezing|Will-O-Wisp|p2a: Slowking
|-status|p2a: Slowking|brn
|move|p2a: Slowking|Psychic Noise|p1a: Weezing
|-supereffective|p1a: Weezing
|-damage|p1a: Weezing|18/100
|-start|p1a: Weezing|move: Heal Block
|
|-weather|Snowscape|[upkeep]
|-damage|p2a: Slowking|81/100 brn|[from] brn
|upkeep
|turn|19
|
|t:|1779943118
|switch|p1a: Heatran|Heatran, M|64/100
|-prepare|p2a: Slowking|Chilly Reception|[premajor]
|move|p2a: Slowking|Chilly Reception|p2a: Slowking
|
|t:|1779943119
|switch|p2a: Great Tusk|Great Tusk|100/100|[from] Chilly Reception
|
|-weather|Snowscape|[upkeep]
|upkeep
|turn|20
|
|t:|1779943123
|-end|p2a: Great Tusk|Protosynthesis|[silent]
|switch|p2a: Raging Bolt|Raging Bolt|55/100
|switch|p1a: Weezing|Weezing-Galar, M, shiny|18/100
|
|-weather|none
|-heal|p1a: Weezing|24/100|[from] item: Black Sludge
|upkeep
|turn|21
|
|t:|1779943127
|switch|p1a: Heatran|Heatran, M|64/100
|move|p2a: Raging Bolt|Volt Switch|p1a: Heatran
|-crit|p1a: Heatran
|-damage|p1a: Heatran|11/100
|
|t:|1779943128
|-end|p2a: Raging Bolt|Protosynthesis|[silent]
|switch|p2a: Great Tusk|Great Tusk|100/100|[from] Volt Switch
|
|upkeep
|turn|22
|
|t:|1779943131
|move|p2a: Great Tusk|Headlong Rush|p1a: Heatran
|-supereffective|p1a: Heatran
|-damage|p1a: Heatran|0 fnt
|-unboost|p2a: Great Tusk|def|1
|-unboost|p2a: Great Tusk|spd|1
|faint|p1a: Heatran
|
|upkeep
|
|t:|1779943132
|switch|p1a: Weezing|Weezing-Galar, M, shiny|24/100
|turn|23
|
|t:|1779943135
|-end|p2a: Great Tusk|Protosynthesis|[silent]
|switch|p2a: Slowking|Slowking-Galar, M, tera:Water|100/100 brn
|move|p1a: Weezing|Pain Split|p2a: Slowking
|-sethp|p2a: Slowking|60/100 brn|[from] move: Pain Split|[silent]
|-sethp|p1a: Weezing|71/100|[from] move: Pain Split
|
|-heal|p1a: Weezing|77/100|[from] item: Black Sludge
|-damage|p2a: Slowking|54/100 brn|[from] brn
|upkeep
|turn|24
|
|t:|1779943137
|switch|p1a: Weavile|Weavile, F|100/100 par
|-ability|p1a: Weavile|Pressure
|-prepare|p2a: Slowking|Chilly Reception|[premajor]
|move|p2a: Slowking|Chilly Reception|p2a: Slowking
|-weather|Snowscape
|
|t:|1779943141
|switch|p2a: Raging Bolt|Raging Bolt|55/100|[from] Chilly Reception
|
|-weather|Snowscape|[upkeep]
|upkeep
|turn|25
|
|t:|1779943144
|move|p2a: Raging Bolt|Thunderclap|p1a: Weavile
|-damage|p1a: Weavile|14/100 par
|move|p1a: Weavile|Triple Axel|p2a: Raging Bolt
|-supereffective|p2a: Raging Bolt
|-damage|p2a: Raging Bolt|35/100
|-hitcount|p2a: Raging Bolt|1
|
|-weather|Snowscape|[upkeep]
|upkeep
|turn|26
|
|t:|1779943146
|move|p2a: Raging Bolt|Thunderclap|p1a: Weavile
|-crit|p1a: Weavile
|-damage|p1a: Weavile|0 fnt
|faint|p1a: Weavile
|
|-weather|Snowscape|[upkeep]
|upkeep
|
|t:|1779943149
|switch|p1a: Raging Bolt|Raging Bolt|100/100
|turn|27
|
|t:|1779943153
|-terastallize|p1a: Raging Bolt|Fairy
|move|p2a: Raging Bolt|Thunderclap||[still]
|-fail|p2a: Raging Bolt
|move|p1a: Raging Bolt|Calm Mind|p1a: Raging Bolt
|-boost|p1a: Raging Bolt|spa|1
|-boost|p1a: Raging Bolt|spd|1
|
|-weather|Snowscape|[upkeep]
|upkeep
|turn|28
|
|t:|1779943158
|-end|p2a: Raging Bolt|Protosynthesis|[silent]
|switch|p2a: Slowking|Slowking-Galar, M, tera:Water|88/100 brn
|move|p1a: Raging Bolt|Calm Mind|p1a: Raging Bolt
|-boost|p1a: Raging Bolt|spa|1
|-boost|p1a: Raging Bolt|spd|1
|
|-weather|none
|-damage|p2a: Slowking|81/100 brn|[from] brn
|upkeep
|turn|29
|
|t:|1779943160
|move|p1a: Raging Bolt|Thunderbolt|p2a: Slowking
|-supereffective|p2a: Slowking
|-damage|p2a: Slowking|0 fnt
|faint|p2a: Slowking
|
|upkeep
|
|t:|1779943162
|switch|p2a: Raging Bolt|Raging Bolt|35/100
|turn|30
|
|t:|1779943164
|move|p2a: Raging Bolt|Thunderclap|p1a: Raging Bolt
|-damage|p1a: Raging Bolt|72/100
|move|p1a: Raging Bolt|Dragon Pulse|p2a: Raging Bolt
|-supereffective|p2a: Raging Bolt
|-damage|p2a: Raging Bolt|0 fnt
|faint|p2a: Raging Bolt
|-end|p2a: Raging Bolt|Protosynthesis|[silent]
|
|-heal|p1a: Raging Bolt|78/100|[from] item: Leftovers
|upkeep
|
|t:|1779943165
|switch|p2a: Great Tusk|Great Tusk|100/100
|turn|31
|
|t:|1779943166
|move|p2a: Great Tusk|Headlong Rush|p1a: Raging Bolt
|-damage|p1a: Raging Bolt|25/100
|-unboost|p2a: Great Tusk|def|1
|-unboost|p2a: Great Tusk|spd|1
|move|p1a: Raging Bolt|Dragon Pulse|p2a: Great Tusk
|-damage|p2a: Great Tusk|0 fnt
|faint|p2a: Great Tusk
|-end|p2a: Great Tusk|Protosynthesis|[silent]
|
|win|isaac_gam3r
|raw|isaac_gam3r's rating: 1746 &rarr; <strong>1769</strong><br />(+23 for winning)
|raw|GreninjaMyFav's rating: 1801 &rarr; <strong>1778</strong><br />(-23 for losing)
|l|☆isaac_gam3r
|player|p1|
|c|☆GreninjaMyFav|gg
|l|☆GreninjaMyFav
|player|p2|
|l| kamomille
