|j|☆hat40
|j|‽ayerbe
|t:|1779804053
|gametype|singles
|player|p1|hat40|101|1570
|player|p2|ayerbe|blackbelt-gen4dp|1539
|gen|9
|tier|[Gen 9] OU
|rated|
|rule|HP Percentage Mod: HP is shown in percentages
|rule|Endless Battle Clause: Forcing endless battles is banned
|rule|Species Clause: Limit one of each Pokémon
|rule|OHKO Clause: OHKO moves are banned
|rule|Evasion Items Clause: Evasion items are banned
|rule|Evasion Moves Clause: Evasion moves are banned
|rule|Evasion Abilities Clause: Evasion abilities are banned
|rule|Sleep Moves Clause: Sleep-inducing moves are banned
|clearpoke
|poke|p1|Pelipper, F|
|poke|p1|Manaphy|
|poke|p1|Bruxish, M|
|poke|p1|Overqwil, F|
|poke|p1|Iron Treads|
|poke|p1|Raging Bolt|
|poke|p2|Great Tusk|
|poke|p2|Scizor, M|
|poke|p2|Garganacl, M|
|poke|p2|Ting-Lu|
|poke|p2|Raging Bolt|
|poke|p2|Gholdengo|
|teampreview
|inactive|Battle timer is ON: inactive players will automatically lose when time's up. (requested by ayerbe)
|
|t:|1779804057
|teamsize|p1|6
|teamsize|p2|6
|start
|switch|p1a: Bruxish|Bruxish, M|100/100
|switch|p2a: Raging Bolt|Raging Bolt|100/100
|turn|1
|
|t:|1779804062
|switch|p1a: Iron Treads|Iron Treads|100/100
|-enditem|p1a: Iron Treads|Booster Energy
|-activate|p1a: Iron Treads|ability: Quark Drive|[fromitem]
|-start|p1a: Iron Treads|quarkdrivespe
|-end|p2a: Raging Bolt|Protosynthesis|[silent]
|switch|p2a: Ting-Lu|Ting-Lu|100/100
|-ability|p2a: Ting-Lu|Vessel of Ruin
|
|upkeep
|turn|2
|
|t:|1779804066
|move|p1a: Iron Treads|Knock Off|p2a: Ting-Lu
|-resisted|p2a: Ting-Lu
|-damage|p2a: Ting-Lu|94/100
|-enditem|p2a: Ting-Lu|Leftovers|[from] move: Knock Off|[of] p1a: Iron Treads
|move|p2a: Ting-Lu|Stealth Rock|p1a: Iron Treads
|-sidestart|p1: hat40|move: Stealth Rock
|
|upkeep
|turn|3
|
|t:|1779804068
|move|p1a: Iron Treads|Rapid Spin|p2a: Ting-Lu
|-damage|p2a: Ting-Lu|87/100
|-boost|p1a: Iron Treads|spe|1
|-sideend|p1: hat40|Stealth Rock|[from] move: Rapid Spin|[of] p1a: Iron Treads
|move|p2a: Ting-Lu|Spikes|p1a: Iron Treads
|-sidestart|p1: hat40|Spikes
|
|upkeep
|turn|4
|
|t:|1779804072
|move|p1a: Iron Treads|Rapid Spin|p2a: Ting-Lu
|-damage|p2a: Ting-Lu|80/100
|-boost|p1a: Iron Treads|spe|1
|-sideend|p1: hat40|Spikes|[from] move: Rapid Spin|[of] p1a: Iron Treads
|move|p2a: Ting-Lu|Stealth Rock|p1a: Iron Treads
|-sidestart|p1: hat40|move: Stealth Rock
|
|upkeep
|turn|5
|
|t:|1779804074
|move|p1a: Iron Treads|Rapid Spin|p2a: Ting-Lu
|-damage|p2a: Ting-Lu|74/100
|-boost|p1a: Iron Treads|spe|1
|-sideend|p1: hat40|Stealth Rock|[from] move: Rapid Spin|[of] p1a: Iron Treads
|move|p2a: Ting-Lu|Spikes|p1a: Iron Treads
|-sidestart|p1: hat40|Spikes
|
|upkeep
|turn|6
|
|t:|1779804076
|move|p1a: Iron Treads|Rapid Spin|p2a: Ting-Lu
|-damage|p2a: Ting-Lu|66/100
|-boost|p1a: Iron Treads|spe|1
|-sideend|p1: hat40|Spikes|[from] move: Rapid Spin|[of] p1a: Iron Treads
|move|p2a: Ting-Lu|Stealth Rock|p1a: Iron Treads
|-sidestart|p1: hat40|move: Stealth Rock
|
|upkeep
|turn|7
|
|t:|1779804078
|move|p1a: Iron Treads|Rapid Spin|p2a: Ting-Lu
|-damage|p2a: Ting-Lu|59/100
|-boost|p1a: Iron Treads|spe|1
|-sideend|p1: hat40|Stealth Rock|[from] move: Rapid Spin|[of] p1a: Iron Treads
|move|p2a: Ting-Lu|Spikes|p1a: Iron Treads
|-sidestart|p1: hat40|Spikes
|
|upkeep
|turn|8
|
|t:|1779804080
|move|p1a: Iron Treads|Rapid Spin|p2a: Ting-Lu
|-damage|p2a: Ting-Lu|52/100
|-boost|p1a: Iron Treads|spe|1
|-sideend|p1: hat40|Spikes|[from] move: Rapid Spin|[of] p1a: Iron Treads
|move|p2a: Ting-Lu|Stealth Rock|p1a: Iron Treads
|-sidestart|p1: hat40|move: Stealth Rock
|
|upkeep
|turn|9
|
|t:|1779804082
|switch|p2a: Gholdengo|Gholdengo|100/100
|move|p1a: Iron Treads|Rapid Spin|p2a: Gholdengo
|-immune|p2a: Gholdengo
|
|upkeep
|turn|10
|
|t:|1779804084
|switch|p2a: Garganacl|Garganacl, M|100/100
|move|p1a: Iron Treads|Knock Off|p2a: Garganacl
|-damage|p2a: Garganacl|88/100
|-enditem|p2a: Garganacl|Leftovers|[from] move: Knock Off|[of] p1a: Iron Treads
|
|upkeep
|turn|11
|
|t:|1779804087
|-terastallize|p2a: Garganacl|Ghost
|move|p1a: Iron Treads|Rapid Spin|p2a: Garganacl
|-immune|p2a: Garganacl
|move|p2a: Garganacl|Block|p1a: Iron Treads
|-activate|p1a: Iron Treads|trapped
|
|upkeep
|turn|12
|
|t:|1779804098
|move|p1a: Iron Treads|Stealth Rock|p2a: Garganacl
|-sidestart|p2: ayerbe|move: Stealth Rock
|move|p2a: Garganacl|Salt Cure|p1a: Iron Treads
|-resisted|p1a: Iron Treads
|-damage|p1a: Iron Treads|98/100
|-start|p1a: Iron Treads|Salt Cure
|
|-damage|p1a: Iron Treads|73/100|[from] Salt Cure
|upkeep
|turn|13
|
|t:|1779804101
|move|p1a: Iron Treads|Knock Off|p2a: Garganacl
|-supereffective|p2a: Garganacl
|-damage|p2a: Garganacl|72/100
|move|p2a: Garganacl|Recover|p2a: Garganacl
|-heal|p2a: Garganacl|100/100
|
|-damage|p1a: Iron Treads|48/100|[from] Salt Cure
|upkeep
|turn|14
|
|t:|1779804109
|move|p1a: Iron Treads|Earthquake|p2a: Garganacl
|-damage|p2a: Garganacl|82/100
|move|p2a: Garganacl|Salt Cure|p1a: Iron Treads
|-resisted|p1a: Iron Treads
|-damage|p1a: Iron Treads|45/100
|
|-damage|p1a: Iron Treads|20/100|[from] Salt Cure
|upkeep
|turn|15
|
|t:|1779804112
|move|p1a: Iron Treads|Earthquake|p2a: Garganacl
|-damage|p2a: Garganacl|62/100
|move|p2a: Garganacl|Recover|p2a: Garganacl
|-heal|p2a: Garganacl|100/100
|
|-damage|p1a: Iron Treads|0 fnt|[from] Salt Cure
|faint|p1a: Iron Treads
|-end|p1a: Iron Treads|Quark Drive|[silent]
|upkeep
|
|t:|1779804119
|switch|p1a: Manaphy|Manaphy|100/100
|-damage|p1a: Manaphy|88/100|[from] Stealth Rock
|turn|16
|
|t:|1779804121
|move|p1a: Manaphy|Tail Glow|p1a: Manaphy
|-boost|p1a: Manaphy|spa|3
|move|p2a: Garganacl|Salt Cure|p1a: Manaphy
|-damage|p1a: Manaphy|74/100
|-start|p1a: Manaphy|Salt Cure
|
|-damage|p1a: Manaphy|49/100|[from] Salt Cure
|upkeep
|turn|17
|
|t:|1779804124
|move|p1a: Manaphy|Surf|p2a: Garganacl
|-damage|p2a: Garganacl|0 fnt
|faint|p2a: Garganacl
|
|-damage|p1a: Manaphy|24/100|[from] Salt Cure
|upkeep
|
|t:|1779804128
|switch|p2a: Raging Bolt|Raging Bolt|100/100
|-damage|p2a: Raging Bolt|88/100|[from] Stealth Rock
|turn|18
|
|t:|1779804134
|move|p1a: Manaphy|Ice Beam|p2a: Raging Bolt
|-supereffective|p2a: Raging Bolt
|-damage|p2a: Raging Bolt|26/100
|move|p2a: Raging Bolt|Volt Switch|p1a: Manaphy
|-supereffective|p1a: Manaphy
|-damage|p1a: Manaphy|0 fnt
|faint|p1a: Manaphy
|
|t:|1779804137
|-end|p2a: Raging Bolt|Protosynthesis|[silent]
|switch|p2a: Great Tusk|Great Tusk|100/100|[from] Volt Switch
|
|upkeep
|
|t:|1779804140
|switch|p1a: Pelipper|Pelipper, F|100/100
|-damage|p1a: Pelipper|76/100|[from] Stealth Rock
|-weather|RainDance|[from] ability: Drizzle|[of] p1a: Pelipper
|turn|19
|
|t:|1779804150
|move|p2a: Great Tusk|Rapid Spin|p1a: Pelipper
|-damage|p1a: Pelipper|65/100
|-boost|p2a: Great Tusk|spe|1
|-sideend|p2: ayerbe|Stealth Rock|[from] move: Rapid Spin|[of] p2a: Great Tusk
|move|p1a: Pelipper|Weather Ball|p2a: Great Tusk
|-supereffective|p2a: Great Tusk
|-damage|p2a: Great Tusk|0 fnt
|faint|p2a: Great Tusk
|-end|p2a: Great Tusk|Protosynthesis|[silent]
|
|-weather|RainDance|[upkeep]
|upkeep
|
|t:|1779804154
|switch|p2a: Gholdengo|Gholdengo|100/100
|turn|20
|
|t:|1779804157
|switch|p1a: Overqwil|Overqwil, F|100/100
|-damage|p1a: Overqwil|88/100|[from] Stealth Rock
|move|p2a: Gholdengo|Thunderbolt|p1a: Overqwil
|-damage|p1a: Overqwil|36/100
|
|-weather|RainDance|[upkeep]
|upkeep
|turn|21
|
|t:|1779804162
|switch|p2a: Ting-Lu|Ting-Lu|52/100
|-ability|p2a: Ting-Lu|Vessel of Ruin
|move|p1a: Overqwil|Crunch|p2a: Ting-Lu
|-resisted|p2a: Ting-Lu
|-crit|p2a: Ting-Lu
|-damage|p2a: Ting-Lu|32/100
|-damage|p1a: Overqwil|26/100|[from] item: Life Orb
|
|-weather|RainDance|[upkeep]
|upkeep
|turn|22
|
|t:|1779804168
|move|p1a: Overqwil|Liquidation|p2a: Ting-Lu
|-supereffective|p2a: Ting-Lu
|-damage|p2a: Ting-Lu|0 fnt
|faint|p2a: Ting-Lu
|-damage|p1a: Overqwil|16/100|[from] item: Life Orb
|
|-weather|RainDance|[upkeep]
|upkeep
|
|t:|1779804170
|switch|p2a: Scizor|Scizor, M|100/100
|turn|23
|
|t:|1779804177
|switch|p1a: Raging Bolt|Raging Bolt|100/100
|-damage|p1a: Raging Bolt|88/100|[from] Stealth Rock
|-enditem|p1a: Raging Bolt|Booster Energy
|-activate|p1a: Raging Bolt|ability: Protosynthesis|[fromitem]
|-start|p1a: Raging Bolt|protosynthesisspa
|move|p2a: Scizor|Bullet Punch|p1a: Raging Bolt
|-resisted|p1a: Raging Bolt
|-damage|p1a: Raging Bolt|74/100
|
|-weather|RainDance|[upkeep]
|upkeep
|turn|24
|
|t:|1779804179
|move|p1a: Raging Bolt|Thunderbolt|p2a: Scizor
|-damage|p2a: Scizor|10/100
|move|p2a: Scizor|U-turn|p1a: Raging Bolt
|-damage|p1a: Raging Bolt|38/100
|
|t:|1779804184
|switch|p2a: Gholdengo|Gholdengo|100/100|[from] U-turn
|
|-weather|RainDance|[upkeep]
|upkeep
|turn|25
|
|t:|1779804187
|move|p1a: Raging Bolt|Thunderclap||[still]
|-fail|p1a: Raging Bolt
|move|p2a: Gholdengo|Trick|p1a: Raging Bolt
|-activate|p2a: Gholdengo|move: Trick|[of] p1a: Raging Bolt
|-item|p1a: Raging Bolt|Choice Scarf|[from] move: Trick
|-enditem|p2a: Gholdengo|Choice Scarf|[silent]|[from] move: Trick
|
|-weather|RainDance|[upkeep]
|upkeep
|turn|26
|
|t:|1779804194
|move|p1a: Raging Bolt|Thunderbolt|p2a: Gholdengo
|-damage|p2a: Gholdengo|17/100
|move|p2a: Gholdengo|Shadow Ball|p1a: Raging Bolt
|-damage|p1a: Raging Bolt|0 fnt
|faint|p1a: Raging Bolt
|-end|p1a: Raging Bolt|Protosynthesis|[silent]
|
|-weather|none
|upkeep
|
|t:|1779804198
|switch|p1a: Pelipper|Pelipper, F|65/100
|-damage|p1a: Pelipper|40/100|[from] Stealth Rock
|-weather|RainDance|[from] ability: Drizzle|[of] p1a: Pelipper
|turn|27
|
|t:|1779804200
|move|p2a: Gholdengo|Thunderbolt|p1a: Pelipper
|-supereffective|p1a: Pelipper
|-damage|p1a: Pelipper|0 fnt
|faint|p1a: Pelipper
|
|-weather|RainDance|[upkeep]
|upkeep
|
|t:|1779804204
|switch|p1a: Overqwil|Overqwil, F|16/100
|-damage|p1a: Overqwil|4/100|[from] Stealth Rock
|turn|28
|
|t:|1779804214
|switch|p2a: Scizor|Scizor, M|10/100
|move|p1a: Overqwil|Crunch|p2a: Scizor
|-crit|p2a: Scizor
|-damage|p2a: Scizor|0 fnt
|faint|p2a: Scizor
|-damage|p1a: Overqwil|0 fnt|[from] item: Life Orb
|faint|p1a: Overqwil
|
|-weather|RainDance|[upkeep]
|upkeep
|
|t:|1779804220
|switch|p1a: Bruxish|Bruxish, M|100/100
|switch|p2a: Gholdengo|Gholdengo|17/100
|-damage|p1a: Bruxish|88/100|[from] Stealth Rock
|turn|29
|
|t:|1779804225
|-terastallize|p1a: Bruxish|Water
|move|p1a: Bruxish|Wave Crash|p2a: Gholdengo
|-damage|p2a: Gholdengo|0 fnt
|faint|p2a: Gholdengo
|-damage|p1a: Bruxish|82/100|[from] Recoil
|
|-weather|RainDance|[upkeep]
|upkeep
|
|t:|1779804227
|switch|p2a: Raging Bolt|Raging Bolt|26/100
|turn|30
|
|t:|1779804231
|move|p1a: Bruxish|Wave Crash|p2a: Raging Bolt
|-resisted|p2a: Raging Bolt
|-damage|p2a: Raging Bolt|0 fnt
|faint|p2a: Raging Bolt
|-end|p2a: Raging Bolt|Protosynthesis|[silent]
|-damage|p1a: Bruxish|70/100|[from] Recoil
|
|win|hat40
|raw|hat40's rating: 1570 &rarr; <strong>1588</strong><br />(+18 for winning)
|raw|ayerbe's rating: 1539 &rarr; <strong>1521</strong><br />(-18 for losing)
|l|‽ayerbe
|player|p2|
|l|☆hat40
|player|p1|
