|j|☆CloudyEJ
|j|☆fpreg fantasies
|inactive|Battle timer is ON: inactive players will automatically lose when time's up.
|t:|1779890044
|gametype|singles
|player|p1|CloudyEJ|#wcop2026uswest2|
|player|p2|fpreg fantasies|grusha|
|gen|9
|tier|[Gen 9] OU
|rated|Tournament battle
|rule|HP Percentage Mod: HP is shown in percentages
|rule|Endless Battle Clause: Forcing endless battles is banned
|rule|Species Clause: Limit one of each Pokémon
|rule|OHKO Clause: OHKO moves are banned
|rule|Evasion Items Clause: Evasion items are banned
|rule|Evasion Moves Clause: Evasion moves are banned
|rule|Evasion Abilities Clause: Evasion abilities are banned
|rule|Sleep Moves Clause: Sleep-inducing moves are banned
|clearpoke
|poke|p1|Electrode-Hisui|
|poke|p1|Darkrai|
|poke|p1|Kyurem|
|poke|p1|Corviknight, M|
|poke|p1|Cinderace, F|
|poke|p1|Kingambit, F|
|poke|p2|Slowking-Galar, F|
|poke|p2|Corviknight, F|
|poke|p2|Ogerpon-Wellspring, F|
|poke|p2|Clefable, F|
|poke|p2|Ting-Lu|
|poke|p2|Zamazenta-*|
|teampreview
|j| playoofs
|j| t44 (the one)
|j| RedemptiveSketch
|j| AbrarS
|c|☆CloudyEJ|hf
|j|+nastynastygirl7
|j| invmenot
|j| srtgyhtryj
|j| surprised head
|c|☆fpreg fantasies|hf
|j| Cold07
|j| GengarAdept
|j| goodnightnite
|c| playoofs|yo
|j| databricks
|c| playoofs|ur my goat bro
|c| AbrarS|Big joe budden
|j| braumuller
|j| OUZQ Crocodile
|c| t44 (the one)|This is gonna be better than the avengers endgame
|c| invmenot|was half expecting a stall team
|inactive|fpreg fantasies has 120 seconds left.
|c| Cold07|hmm
|c| Cold07|why do I see
|c| Cold07|a ball
|c| AbrarS|He ballin
|c| RedemptiveSketch|electrode
|c| RedemptiveSketch|goooooooooooo
|j| argadini
|c|+nastynastygirl7|here we go
|c| goodnightnite|the ball gonna click leaf storm on lu to do 20
|c| databricks|why does clef lowkey...
|inactive|fpreg fantasies has 90 seconds left.
|l| srtgyhtryj
|c|+nastynastygirl7|its slop time
|c| AbrarS|Ball gonna chloroblast
|j| yugiohLORD
|
|t:|1779890111
|teamsize|p1|6
|teamsize|p2|6
|start
|switch|p1a: Electrode|Electrode-Hisui|100/100
|switch|p2a: Ting-Lu|Ting-Lu|100/100
|-ability|p2a: Ting-Lu|Vessel of Ruin
|turn|1
|c| AbrarS|And do 40
|j| spiderkitty410
|c| databricks|40% chip incoming
|j| 151htyrneh
|
|t:|1779890133
|move|p1a: Electrode|Energy Ball|p2a: Ting-Lu
|-supereffective|p2a: Ting-Lu
|-damage|p2a: Ting-Lu|62/100
|-unboost|p2a: Ting-Lu|spd|1
|move|p2a: Ting-Lu|Stealth Rock|p1a: Electrode
|-sidestart|p1: CloudyEJ|move: Stealth Rock
|
|-heal|p2a: Ting-Lu|68/100|[from] item: Leftovers
|upkeep
|turn|2
|c| AbrarS|Ballin
|l| yugiohLORD
|c| databricks|wow
|c| AbrarS|Called it
|c| surprised head|thatst big
|
|t:|1779890146
|switch|p2a: Slowking|Slowking-Galar, F|100/100
|move|p1a: Electrode|Energy Ball|p2a: Slowking
|-resisted|p2a: Slowking
|-damage|p2a: Slowking|90/100
|
|upkeep
|turn|3
|l| t44 (the one)
|c| AbrarS|Only 2% off
|c| databricks|electrode is cox wtf
|
|t:|1779890155
|move|p1a: Electrode|Volt Switch|p2a: Slowking
|-damage|p2a: Slowking|72/100
|
|t:|1779890158
|switch|p1a: Corviknight|Corviknight, M|100/100|[from] Volt Switch
|-damage|p1a: Corviknight|88/100|[from] Stealth Rock
|-ability|p1a: Corviknight|Pressure
|move|p2a: Slowking|Future Sight|p1a: Corviknight
|-start|p2a: Slowking|move: Future Sight
|
|upkeep
|turn|4
|j| t44 (the one)
|c| AbrarS|Chip is chip
|
|t:|1779890166
|move|p1a: Corviknight|Defog|p2a: Slowking
|-unboost|p2a: Slowking|evasion|1
|-sideend|p1: CloudyEJ|Stealth Rock|[from] move: Defog|[of] p1a: Corviknight
|-prepare|p2a: Slowking|Chilly Reception|[premajor]
|move|p2a: Slowking|Chilly Reception|p2a: Slowking
|-weather|Snowscape
|c| t44 (the one)|CloudyEJ win this
|l| invmenot
|
|t:|1779890176
|switch|p2a: Zamazenta|Zamazenta|100/100|[from] Chilly Reception
|-ability|p2a: Zamazenta|Dauntless Shield|boost
|-boost|p2a: Zamazenta|def|1
|
|-weather|Snowscape|[upkeep]
|upkeep
|turn|5
|
|t:|1779890181
|move|p2a: Zamazenta|Close Combat|p1a: Corviknight
|-damage|p1a: Corviknight|31/100
|-unboost|p2a: Zamazenta|def|1
|-unboost|p2a: Zamazenta|spd|1
|-damage|p2a: Zamazenta|84/100|[from] item: Rocky Helmet|[of] p1a: Corviknight
|move|p1a: Corviknight|Roost|p1a: Corviknight
|-heal|p1a: Corviknight|81/100
|-singleturn|p1a: Corviknight|move: Roost
|
|-weather|Snowscape|[upkeep]
|-end|p1a: Corviknight|move: Future Sight
|-resisted|p1a: Corviknight
|-damage|p1a: Corviknight|57/100
|upkeep
|turn|6
|
|t:|1779890192
|move|p2a: Zamazenta|Close Combat|p1a: Corviknight
|-damage|p1a: Corviknight|0 fnt
|-unboost|p2a: Zamazenta|def|1
|-unboost|p2a: Zamazenta|spd|1
|-damage|p2a: Zamazenta|67/100|[from] item: Rocky Helmet|[of] p1a: Corviknight
|faint|p1a: Corviknight
|
|-weather|Snowscape|[upkeep]
|upkeep
|
|t:|1779890198
|switch|p1a: Darkrai|Darkrai|100/100
|turn|7
|c| RedemptiveSketch|cb zama goes crazy
|c| databricks|kirk
|
|t:|1779890208
|switch|p2a: Slowking|Slowking-Galar, F|100/100
|move|p1a: Darkrai|Focus Blast|p2a: Slowking
|-resisted|p2a: Slowking
|-damage|p2a: Slowking|94/100
|
|-weather|Snowscape|[upkeep]
|upkeep
|turn|8
|c| AbrarS|Future sight doing some heavy lifting
|
|t:|1779890217
|move|p1a: Darkrai|Nasty Plot|p1a: Darkrai
|-boost|p1a: Darkrai|spa|2
|-prepare|p2a: Slowking|Chilly Reception|[premajor]
|move|p2a: Slowking|Chilly Reception|p2a: Slowking
|
|t:|1779890236
|switch|p2a: Zamazenta|Zamazenta|67/100|[from] Chilly Reception
|
|-weather|none
|upkeep
|turn|9
|c| databricks|crunch on the tera ghost
|l| t44 (the one)
|c| databricks|about to come out
|c| goodnightnite|heavy slam
|c| goodnightnite|or se and crit
|c| AbrarS|Psyfangs on the tera poison
|j|#Setsu
|c| databricks|psychic fangs
|inactive|fpreg fantasies has 120 seconds left.
|c| databricks|on tera
|
|t:|1779890269
|move|p1a: Darkrai|Dark Pulse|p2a: Zamazenta
|-resisted|p2a: Zamazenta
|-crit|p2a: Zamazenta
|-damage|p2a: Zamazenta|3/100
|move|p2a: Zamazenta|Close Combat|p1a: Darkrai
|-supereffective|p1a: Darkrai
|-enditem|p1a: Darkrai|Focus Sash
|-damage|p1a: Darkrai|1/100
|-unboost|p2a: Zamazenta|def|1
|-unboost|p2a: Zamazenta|spd|1
|
|upkeep
|turn|10
|inactive|fpreg fantasies has 120 seconds left.
|
|t:|1779890279
|move|p1a: Darkrai|Dark Pulse|p2a: Zamazenta
|-resisted|p2a: Zamazenta
|-damage|p2a: Zamazenta|0 fnt
|faint|p2a: Zamazenta
|
|upkeep
|c| Cold07|holy
|j| AyushXD
|c| RedemptiveSketch|ada :Sob:
|c| databricks|son
|c| Cold07|make it jolly son
|c|+nastynastygirl7|even more hax than what henry got
|c| databricks|well u need ada
|c| AbrarS|Land fblast on lu
|inactive|fpreg fantasies has 90 seconds left.
|j| srtgyhtryj
|l| srtgyhtryj
|c| databricks|hax + cteam
|inactive|fpreg fantasies has 60 seconds left.
|
|t:|1779890361
|switch|p2a: Slowking|Slowking-Galar, F|100/100
|turn|11
|c| AbrarS|🤔
|
|t:|1779890369
|-terastallize|p2a: Slowking|Water
|move|p1a: Darkrai|Dark Pulse|p2a: Slowking
|-damage|p2a: Slowking|47/100
|cant|p2a: Slowking|flinch
|
|upkeep
|turn|12
|c| AbrarS|Big
|c| Cold07|hax
|c|+nastynastygirl7|nice work
|c| AbrarS|My goat
|c| surprised head|w flinch
|c|+nastynastygirl7|they call him the flinchinator
|inactive|fpreg fantasies has 30 seconds left.
|
|t:|1779890395
|switch|p2a: Ting-Lu|Ting-Lu|68/100
|-ability|p2a: Ting-Lu|Vessel of Ruin
|move|p1a: Darkrai|Dark Pulse|p2a: Ting-Lu
|-resisted|p2a: Ting-Lu
|-damage|p2a: Ting-Lu|50/100
|
|-heal|p2a: Ting-Lu|57/100|[from] item: Leftovers
|upkeep
|turn|13
|c| spiderkitty410|they do
|c| databricks|haxmaxxing
|inactive|fpreg fantasies has 30 seconds left.
|
|t:|1779890405
|move|p1a: Darkrai|Focus Blast|p2a: Ting-Lu|[miss]
|-miss|p1a: Darkrai|p2a: Ting-Lu
|move|p2a: Ting-Lu|Earthquake|p1a: Darkrai
|-damage|p1a: Darkrai|0 fnt
|faint|p1a: Darkrai
|
|-heal|p2a: Ting-Lu|63/100|[from] item: Leftovers
|upkeep
|c| AbrarS|Land
|c| AbrarS|Damn
|c| databricks|deserved
|
|t:|1779890413
|switch|p1a: Kyurem|Kyurem|100/100
|-ability|p1a: Kyurem|Pressure
|turn|14
|j| invmenot
|c| GengarAdept|hax
|j| yuureisuisei
|j| lockheed shartin
|
|t:|1779890427
|move|p1a: Kyurem|Ice Beam|p2a: Ting-Lu
|-supereffective|p2a: Ting-Lu
|-crit|p2a: Ting-Lu
|-damage|p2a: Ting-Lu|4/100
|-status|p2a: Ting-Lu|frz
|cant|p2a: Ting-Lu|frz
|
|-heal|p2a: Ting-Lu|11/100 frz|[from] item: Leftovers
|upkeep
|turn|15
|c| AbrarS|Big
|c| databricks|son
|c| lockheed shartin|LMAO
|c| Cold07|WTF
|c| surprised head|wow
|c| AbrarS|Kyurem
|c| RedemptiveSketch|dam
|inactive|fpreg fantasies has 30 seconds left.
|c| Cold07|Kyurem: Kyurem
|l| lockheed shartin
|j| lockheed shartin
|c|☆CloudyEJ|mm
|inactive|fpreg fantasies has 20 seconds left.
|c|☆CloudyEJ|#beastmode
|l| lockheed shartin
|inactive|fpreg fantasies has 15 seconds left.
|
|t:|1779890461
|switch|p2a: Clefable|Clefable, F|100/100
|move|p1a: Kyurem|Ice Beam|p2a: Clefable
|-damage|p2a: Clefable|54/100
|
|-heal|p2a: Clefable|60/100|[from] item: Leftovers
|upkeep
|turn|16
|inactive|fpreg fantasies has 25 seconds left this turn.
|c| AbrarS|built different
|
|t:|1779890467
|move|p1a: Kyurem|Ice Beam|p2a: Clefable
|-damage|p2a: Clefable|18/100
|move|p2a: Clefable|Moonlight|p2a: Clefable
|-heal|p2a: Clefable|68/100
|
|-heal|p2a: Clefable|74/100|[from] item: Leftovers
|upkeep
|turn|17
|l| 151htyrneh
|l| invmenot
|c| RedemptiveSketch|why keep the lu bro
|
|t:|1779890472
|move|p1a: Kyurem|Ice Beam|p2a: Clefable
|-damage|p2a: Clefable|28/100
|move|p2a: Clefable|Cosmic Power|p2a: Clefable
|-boost|p2a: Clefable|def|1
|-boost|p2a: Clefable|spd|1
|
|-heal|p2a: Clefable|34/100|[from] item: Leftovers
|upkeep
|turn|18
|
|t:|1779890475
|move|p1a: Kyurem|Ice Beam|p2a: Clefable
|-damage|p2a: Clefable|6/100
|move|p2a: Clefable|Moonlight|p2a: Clefable
|-heal|p2a: Clefable|56/100
|
|-heal|p2a: Clefable|62/100|[from] item: Leftovers
|upkeep
|turn|19
|c| RedemptiveSketch|its dead anyways
|c| AbrarS|Freeze
|
|t:|1779890484
|switch|p1a: Cinderace|Cinderace, F|100/100
|move|p2a: Clefable|Cosmic Power|p2a: Clefable
|-boost|p2a: Clefable|def|1
|-boost|p2a: Clefable|spd|1
|
|-heal|p2a: Clefable|68/100|[from] item: Leftovers
|upkeep
|turn|20
|c| Cold07|cinde
|c| Cold07|what does it even do
|
|t:|1779890500
|move|p1a: Cinderace|Gunk Shot|p2a: Clefable|[miss]
|-start|p1a: Cinderace|typechange|Poison|[from] ability: Libero
|-miss|p1a: Cinderace|p2a: Clefable
|move|p2a: Clefable|Moonlight|p2a: Clefable
|-heal|p2a: Clefable|100/100
|
|upkeep
|turn|21
|c| RedemptiveSketch|that
|
|t:|1779890505
|move|p1a: Cinderace|Gunk Shot|p2a: Clefable
|-supereffective|p2a: Clefable
|-damage|p2a: Clefable|55/100
|move|p2a: Clefable|Cosmic Power|p2a: Clefable
|-boost|p2a: Clefable|def|1
|-boost|p2a: Clefable|spd|1
|
|-heal|p2a: Clefable|61/100|[from] item: Leftovers
|upkeep
|turn|22
|c| surprised head|pwnage
|c|+nastynastygirl7|aint no way
|c| Cold07|@
|c| AbrarS|Nothing at all
|
|t:|1779890510
|move|p1a: Cinderace|Gunk Shot|p2a: Clefable
|-supereffective|p2a: Clefable
|-damage|p2a: Clefable|28/100
|-status|p2a: Clefable|psn
|move|p2a: Clefable|Moonlight|p2a: Clefable
|-heal|p2a: Clefable|78/100 psn
|
|-heal|p2a: Clefable|85/100 psn|[from] item: Leftovers
|upkeep
|turn|23
|c| Cold07|W
|c| databricks|noobs like us dont see the vision
|
|t:|1779890513
|move|p1a: Cinderace|Gunk Shot|p2a: Clefable|[miss]
|-miss|p1a: Cinderace|p2a: Clefable
|move|p2a: Clefable|Cosmic Power|p2a: Clefable
|-boost|p2a: Clefable|def|1
|-boost|p2a: Clefable|spd|1
|
|-heal|p2a: Clefable|91/100 psn|[from] item: Leftovers
|upkeep
|turn|24
|c| AbrarS|Good
|
|t:|1779890519
|switch|p1a: Kingambit|Kingambit, F|100/100
|-activate|p1a: Kingambit|ability: Supreme Overlord
|-start|p1a: Kingambit|fallen2|[silent]
|move|p2a: Clefable|Cosmic Power|p2a: Clefable
|-boost|p2a: Clefable|def|1
|-boost|p2a: Clefable|spd|1
|
|-heal|p2a: Clefable|97/100 psn|[from] item: Leftovers
|upkeep
|turn|25
|inactive|fpreg fantasies has 90 seconds left.
|c| Cold07|now it cannot be frozen
|
|t:|1779890528
|move|p2a: Clefable|Charge Beam|p1a: Kingambit|[miss]
|-miss|p2a: Clefable|p1a: Kingambit
|move|p1a: Kingambit|Swords Dance|p1a: Kingambit
|-boost|p1a: Kingambit|atk|2
|
|-heal|p2a: Clefable|100/100 psn|[from] item: Leftovers
|upkeep
|turn|26
|c| Cold07|lol
|c|+nastynastygirl7|ah hell nahh this gunk bro
|
|t:|1779890533
|move|p2a: Clefable|Moonblast|p1a: Kingambit
|-damage|p1a: Kingambit|71/100
|move|p1a: Kingambit|Swords Dance|p1a: Kingambit
|-boost|p1a: Kingambit|atk|2
|
|-heal|p1a: Kingambit|77/100|[from] item: Leftovers
|upkeep
|turn|27
|c| AbrarS|Who up chargin they beam
|
|t:|1779890551
|switch|p2a: Corviknight|Corviknight, F|100/100
|-ability|p2a: Corviknight|Pressure
|move|p1a: Kingambit|Iron Head|p2a: Corviknight
|-resisted|p2a: Corviknight
|-damage|p2a: Corviknight|46/100
|-damage|p1a: Kingambit|60/100|[from] item: Rocky Helmet|[of] p2a: Corviknight
|
|-heal|p1a: Kingambit|66/100|[from] item: Leftovers
|upkeep
|turn|28
|c| surprised head|me!
|c| databricks|um
|c|+nastynastygirl7|who up dancing they sword idk
|
|t:|1779890558
|switch|p2a: Ting-Lu|Ting-Lu|11/100 frz
|-ability|p2a: Ting-Lu|Vessel of Ruin
|-end|p1a: Kingambit|fallen2|[silent]
|switch|p1a: Cinderace|Cinderace, F|100/100
|
|-heal|p2a: Ting-Lu|17/100 frz|[from] item: Leftovers
|upkeep
|turn|29
|c|+nastynastygirl7|who up ironing they head
|c| Cold07|?
|c| AbrarS|Thaw this with pyro
|c| Cold07|?
|c| Cold07|?
|
|t:|1779890569
|switch|p2a: Corviknight|Corviknight, F|46/100
|-ability|p2a: Corviknight|Pressure
|move|p1a: Cinderace|Pyro Ball|p2a: Corviknight
|-supereffective|p2a: Corviknight
|-damage|p2a: Corviknight|0 fnt
|faint|p2a: Corviknight
|
|upkeep
|c| Cold07|?
|c|+nastynastygirl7|😭
|inactive|fpreg fantasies has 90 seconds left.
|c| AbrarS|This man loves that Lu
|
|t:|1779890595
|switch|p2a: Slowking|Slowking-Galar, F, tera:Water|80/100
|turn|30
|inactive|fpreg fantasies has 90 seconds left.
|l| argadini
|c| surprised head|one day charge beam will hit
|c| AbrarS|What's stopping gambit now
|
|t:|1779890615
|switch|p1a: Kingambit|Kingambit, F|66/100
|-activate|p1a: Kingambit|ability: Supreme Overlord
|-start|p1a: Kingambit|fallen2|[silent]
|move|p2a: Slowking|Thunder Wave|p1a: Kingambit
|-status|p1a: Kingambit|par
|
|-heal|p1a: Kingambit|72/100 par|[from] item: Leftovers
|upkeep
|turn|31
|
|t:|1779890622
|move|p1a: Kingambit|Kowtow Cleave|p2a: Slowking
|-damage|p2a: Slowking|22/100
|-prepare|p2a: Slowking|Chilly Reception|[premajor]
|move|p2a: Slowking|Chilly Reception|p2a: Slowking
|-weather|Snowscape
|c| goodnightnite|yellow magic
|c| AbrarS|Oh that
|
|t:|1779890628
|switch|p2a: Ogerpon|Ogerpon-Wellspring, F|100/100|[from] Chilly Reception
|
|-weather|Snowscape|[upkeep]
|-heal|p1a: Kingambit|78/100 par|[from] item: Leftovers
|upkeep
|turn|32
|inactive|fpreg fantasies has 90 seconds left.
|
|t:|1779890634
|-end|p1a: Kingambit|fallen2|[silent]
|switch|p1a: Electrode|Electrode-Hisui|100/100
|move|p2a: Ogerpon|Ivy Cudgel|p1a: Electrode|[anim] Ivy Cudgel Water
|-resisted|p1a: Electrode
|-damage|p1a: Electrode|50/100
|
|-weather|Snowscape|[upkeep]
|upkeep
|turn|33
|
|t:|1779890644
|move|p1a: Electrode|Thunderbolt|p2a: Ogerpon
|-damage|p2a: Ogerpon|60/100
|move|p2a: Ogerpon|Ivy Cudgel|p1a: Electrode|[anim] Ivy Cudgel Water
|-resisted|p1a: Electrode
|-damage|p1a: Electrode|0 fnt
|faint|p1a: Electrode
|
|-weather|Snowscape|[upkeep]
|upkeep
|c| AbrarS|This mon is ass
|
|t:|1779890649
|switch|p1a: Cinderace|Cinderace, F|100/100
|turn|34
|c| databricks|miss gunk
|c| Cold07|just use mow tom
|c| RedemptiveSketch|40 😭
|c| Cold07|ppstall gunk
|inactive|fpreg fantasies has 90 seconds left.
|
|t:|1779890672
|switch|p2a: Slowking|Slowking-Galar, F, tera:Water|55/100
|move|p1a: Cinderace|Gunk Shot|p2a: Slowking
|-start|p1a: Cinderace|typechange|Poison|[from] ability: Libero
|-damage|p2a: Slowking|0 fnt
|faint|p2a: Slowking
|
|-weather|Snowscape|[upkeep]
|upkeep
|c| Cold07|nvm pyro
|c| RedemptiveSketch|just click pyro bro
|inactive|fpreg fantasies has 90 seconds left.
|c| AbrarS|Gunk swag
|c|+nastynastygirl7|click double edge
|inactive|fpreg fantasies has 60 seconds left.
|
|t:|1779890715
|switch|p2a: Ting-Lu|Ting-Lu|17/100 frz
|-ability|p2a: Ting-Lu|Vessel of Ruin
|turn|35
|
|t:|1779890719
|move|p1a: Cinderace|Pyro Ball|p2a: Ting-Lu
|-damage|p2a: Ting-Lu|0 fnt
|faint|p2a: Ting-Lu
|
|-weather|none
|upkeep
|
|t:|1779890724
|switch|p2a: Clefable|Clefable, F|100/100 psn
|turn|36
|c| AbrarS|hm
|c| goodnightnite|lu would have thawed if pyro missed trust.
|
|t:|1779890736
|switch|p2a: Ogerpon|Ogerpon-Wellspring, F|60/100
|move|p1a: Cinderace|Gunk Shot|p2a: Ogerpon|[miss]
|-miss|p1a: Cinderace|p2a: Ogerpon
|
|upkeep
|turn|37
|c| RedemptiveSketch|this man loves to gunk
|c| AbrarS|Damn
|
|t:|1779890746
|move|p1a: Cinderace|Pyro Ball|p2a: Ogerpon
|-damage|p2a: Ogerpon|7/100
|move|p2a: Ogerpon|Ivy Cudgel|p1a: Cinderace|[anim] Ivy Cudgel Water
|-damage|p1a: Cinderace|12/100
|
|upkeep
|turn|38
|
|t:|1779890751
|move|p1a: Cinderace|Pyro Ball|p2a: Ogerpon
|-damage|p2a: Ogerpon|0 fnt
|faint|p2a: Ogerpon
|
|upkeep
|
|t:|1779890753
|switch|p2a: Clefable|Clefable, F|100/100 psn
|turn|39
|c| Cold07|dayum
|c| AbrarS|Blaze libero
|c| Cold07|miss
|
|t:|1779890762
|move|p1a: Cinderace|Gunk Shot|p2a: Clefable
|-supereffective|p2a: Clefable
|-damage|p2a: Clefable|18/100 psn
|move|p2a: Clefable|Moonlight|p2a: Clefable
|-heal|p2a: Clefable|68/100 psn
|
|-heal|p2a: Clefable|74/100 psn|[from] item: Leftovers
|upkeep
|turn|40
|c| databricks|miss 3x
|inactive|fpreg fantasies has 90 seconds left.
|j| dsekop
|
|t:|1779890768
|move|p1a: Cinderace|Gunk Shot|p2a: Clefable
|-supereffective|p2a: Clefable
|-damage|p2a: Clefable|0 fnt
|faint|p2a: Clefable
|
|win|CloudyEJ
|n|☆CloudyEJ|cloudyej
|n|☆fpreg fantasies|fpregfantasies
|n| playoofs|playoofs
|n| RedemptiveSketch|redemptivesketch
|n| AbrarS|abrars
|n| nastynastygirl7|nastynastygirl7
|n| surprised head|surprisedhead
|n| Cold07|cold07
|n| GengarAdept|gengaradept
|n| goodnightnite|goodnightnite
|n| databricks|databricks
|n| braumuller|braumuller
|n| OUZQ Crocodile|ouzqcrocodile
|n| spiderkitty410|spiderkitty410
|n|~Setsu|setsu
|n| AyushXD|ayushxd
|n| yuureisuisei|yuureisuisei
|n| dsekop|dsekop
