|j|☆nxt_itachi
|j|☆eserraba
|t:|1779966068
|gametype|singles
|player|p1|nxt_itachi|red|1109
|player|p2|eserraba|2|1152
|gen|9
|tier|[Gen 9] OU
|rated|
|rule|HP Percentage Mod: HP is shown in percentages
|rule|Endless Battle Clause: Forcing endless battles is banned
|rule|Species Clause: Limit one of each Pokémon
|rule|OHKO Clause: OHKO moves are banned
|rule|Evasion Items Clause: Evasion items are banned
|rule|Evasion Moves Clause: Evasion moves are banned
|rule|Evasion Abilities Clause: Evasion abilities are banned
|rule|Sleep Moves Clause: Sleep-inducing moves are banned
|clearpoke
|poke|p1|Greninja-*, F|
|poke|p1|Metagross|
|poke|p1|Diancie|
|poke|p1|Darkrai|
|poke|p1|Ogerpon-Wellspring, F|
|poke|p1|Dragonite, M|
|poke|p2|Masquerain, F|
|poke|p2|Eelektross, F|
|poke|p2|Shiftry, F|
|poke|p2|Volbeat, M|
|poke|p2|Seviper, M|
|poke|p2|Golduck, M|
|teampreview
|inactive|Battle timer is ON: inactive players will automatically lose when time's up. (requested by eserraba)
|
|t:|1779966076
|teamsize|p1|6
|teamsize|p2|6
|start
|switch|p1a: Ogerpon|Ogerpon-Wellspring, F|100/100
|switch|p2a: Eelektross|Eelektross, F|100/100
|turn|1
|
|t:|1779966091
|move|p1a: Ogerpon|Leech Seed|p2a: Eelektross
|-start|p2a: Eelektross|move: Leech Seed
|move|p2a: Eelektross|U-turn|p1a: Ogerpon
|-supereffective|p1a: Ogerpon
|-damage|p1a: Ogerpon|48/100
|
|t:|1779966095
|switch|p2a: Seviper|Seviper, M|100/100|[from] U-turn
|
|upkeep
|turn|2
|
|t:|1779966099
|move|p2a: Seviper|Poison Jab|p1a: Ogerpon
|-supereffective|p1a: Ogerpon
|-damage|p1a: Ogerpon|0 fnt
|faint|p1a: Ogerpon
|
|upkeep
|
|t:|1779966112
|switch|p1a: Greninja|Greninja, F|100/100
|turn|3
|
|t:|1779966118
|move|p2a: Seviper|Poison Jab|p1a: Greninja
|-damage|p1a: Greninja|55/100
|-status|p1a: Greninja|psn
|move|p1a: Greninja|Rain Dance|p1a: Greninja
|-weather|RainDance
|
|-weather|RainDance|[upkeep]
|-damage|p1a: Greninja|42/100 psn|[from] psn
|upkeep
|turn|4
|
|t:|1779966131
|switch|p2a: Golduck|Golduck, M|100/100
|-ability|p2a: Golduck|Cloud Nine
|move|p1a: Greninja|Hydro Cannon|p2a: Golduck
|-resisted|p2a: Golduck
|-damage|p2a: Golduck|63/100
|-mustrecharge|p1a: Greninja
|
|-weather|RainDance|[upkeep]
|-damage|p1a: Greninja|30/100 psn|[from] psn
|upkeep
|turn|5
|
|t:|1779966141
|cant|p1a: Greninja|recharge
|move|p2a: Golduck|Nasty Plot|p2a: Golduck
|-boost|p2a: Golduck|spa|2
|
|-weather|RainDance|[upkeep]
|-damage|p1a: Greninja|18/100 psn|[from] psn
|upkeep
|turn|6
|
|t:|1779966148
|move|p2a: Golduck|Vacuum Wave|p1a: Greninja
|-supereffective|p1a: Greninja
|-damage|p1a: Greninja|0 fnt
|faint|p1a: Greninja
|
|-weather|RainDance|[upkeep]
|upkeep
|
|t:|1779966153
|switch|p1a: Metagross|Metagross|100/100
|turn|7
|
|t:|1779966162
|move|p2a: Golduck|Surf|p1a: Metagross
|-damage|p1a: Metagross|26/100
|move|p1a: Metagross|Light Screen|p1a: Metagross
|-sidestart|p1: nxt_itachi|move: Light Screen
|
|-weather|none
|upkeep
|turn|8
|
|t:|1779966167
|move|p2a: Golduck|Surf|p1a: Metagross
|-damage|p1a: Metagross|0 fnt
|faint|p1a: Metagross
|
|upkeep
|
|t:|1779966170
|switch|p1a: Darkrai|Darkrai|100/100
|turn|9
|
|t:|1779966177
|move|p1a: Darkrai|Calm Mind|p1a: Darkrai
|-boost|p1a: Darkrai|spa|1
|-boost|p1a: Darkrai|spd|1
|move|p2a: Golduck|Surf|p1a: Darkrai
|-damage|p1a: Darkrai|75/100
|
|-heal|p1a: Darkrai|81/100|[from] item: Leftovers
|upkeep
|turn|10
|
|t:|1779966188
|switch|p2a: Seviper|Seviper, M|100/100
|move|p1a: Darkrai|Calm Mind|p1a: Darkrai
|-boost|p1a: Darkrai|spa|1
|-boost|p1a: Darkrai|spd|1
|
|-heal|p1a: Darkrai|87/100|[from] item: Leftovers
|upkeep
|turn|11
|
|t:|1779966196
|move|p2a: Seviper|Switcheroo|p1a: Darkrai
|-activate|p2a: Seviper|move: Trick|[of] p1a: Darkrai
|-item|p1a: Darkrai|Choice Scarf|[from] move: Switcheroo
|-item|p2a: Seviper|Leftovers|[from] move: Switcheroo
|move|p1a: Darkrai|Dark Pulse|p2a: Seviper
|-damage|p2a: Seviper|0 fnt
|faint|p2a: Seviper
|
|-sideend|p1: nxt_itachi|move: Light Screen
|upkeep
|
|t:|1779966203
|switch|p2a: Shiftry|Shiftry, F|100/100
|turn|12
|
|t:|1779966239
|switch|p1a: Dragonite|Dragonite, M|100/100
|move|p2a: Shiftry|Leaf Blade|p1a: Dragonite
|-resisted|p1a: Dragonite
|-damage|p1a: Dragonite|90/100
|
|-heal|p1a: Dragonite|96/100|[from] item: Leftovers
|upkeep
|turn|13
|inactive|eserraba has 120 seconds left.
|
|t:|1779966255
|switch|p2a: Volbeat|Volbeat, M|100/100
|move|p1a: Dragonite|Dragon Dance|p1a: Dragonite
|-boost|p1a: Dragonite|atk|1
|-boost|p1a: Dragonite|spe|1
|
|-heal|p1a: Dragonite|100/100|[from] item: Leftovers
|upkeep
|turn|14
|
|t:|1779966264
|move|p1a: Dragonite|Light Screen|p1a: Dragonite
|-sidestart|p1: nxt_itachi|move: Light Screen
|move|p2a: Volbeat|Counter||[still]
|-fail|p2a: Volbeat
|
|upkeep
|turn|15
|
|t:|1779966268
|move|p2a: Volbeat|Encore|p1a: Dragonite
|-start|p1a: Dragonite|Encore
|move|p1a: Dragonite|Light Screen||[still]
|-fail|p1a: Dragonite
|
|upkeep
|turn|16
|
|t:|1779966274
|move|p2a: Volbeat|Tailwind|p2a: Volbeat
|-sidestart|p2: eserraba|move: Tailwind
|move|p1a: Dragonite|Light Screen||[still]
|-fail|p1a: Dragonite
|
|upkeep
|turn|17
|
|t:|1779966282
|switch|p2a: Shiftry|Shiftry, F|100/100
|-ability|p2a: Shiftry|Wind Rider|boost
|-boost|p2a: Shiftry|atk|1
|move|p1a: Dragonite|Light Screen||[still]
|-fail|p1a: Dragonite
|
|-end|p1a: Dragonite|Encore
|upkeep
|turn|18
|
|t:|1779966295
|-terastallize|p2a: Shiftry|Normal
|move|p2a: Shiftry|Explosion|p1a: Dragonite
|-damage|p1a: Dragonite|0 fnt
|faint|p2a: Shiftry
|faint|p1a: Dragonite
|
|-sideend|p1: nxt_itachi|move: Light Screen
|upkeep
|
|t:|1779966311
|switch|p2a: Volbeat|Volbeat, M|100/100
|switch|p1a: Diancie|Diancie|100/100
|turn|19
|c|☆nxt_itachi|Good job
|
|t:|1779966323
|move|p2a: Volbeat|Light Screen|p2a: Volbeat
|-sidestart|p2: eserraba|move: Light Screen
|move|p1a: Diancie|Calm Mind|p1a: Diancie
|-boost|p1a: Diancie|spa|1
|-boost|p1a: Diancie|spd|1
|
|-sideend|p2: eserraba|move: Tailwind
|upkeep
|turn|20
|
|t:|1779966337
|move|p2a: Volbeat|Encore|p1a: Diancie
|-start|p1a: Diancie|Encore
|move|p1a: Diancie|Calm Mind|p1a: Diancie
|-boost|p1a: Diancie|spa|1
|-boost|p1a: Diancie|spd|1
|
|upkeep
|turn|21
|
|t:|1779966347
|switch|p2a: Eelektross|Eelektross, F|100/100
|move|p1a: Diancie|Calm Mind|p1a: Diancie
|-boost|p1a: Diancie|spa|1
|-boost|p1a: Diancie|spd|1
|
|upkeep
|turn|22
|
|t:|1779966353
|move|p1a: Diancie|Calm Mind|p1a: Diancie
|-boost|p1a: Diancie|spa|1
|-boost|p1a: Diancie|spd|1
|move|p2a: Eelektross|Supercell Slam|p1a: Diancie
|-damage|p1a: Diancie|53/100
|
|-end|p1a: Diancie|Encore
|upkeep
|turn|23
|
|t:|1779966361
|move|p1a: Diancie|Draining Kiss|p2a: Eelektross
|-damage|p2a: Eelektross|81/100
|-heal|p1a: Diancie|73/100|[from] drain|[of] p2a: Eelektross
|move|p2a: Eelektross|Supercell Slam|p1a: Diancie
|-damage|p1a: Diancie|27/100
|
|-sideend|p2: eserraba|move: Light Screen
|upkeep
|turn|24
|
|t:|1779966368
|move|p1a: Diancie|Meteor Beam||[still]
|-prepare|p1a: Diancie|Meteor Beam
|-boost|p1a: Diancie|spa|1
|-enditem|p1a: Diancie|Power Herb
|-anim|p1a: Diancie|Meteor Beam|p2a: Eelektross
|-damage|p2a: Eelektross|0 fnt
|faint|p2a: Eelektross
|
|upkeep
|
|t:|1779966382
|switch|p2a: Golduck|Golduck, M|63/100
|-ability|p2a: Golduck|Cloud Nine
|turn|25
|
|t:|1779966386
|move|p2a: Golduck|Surf|p1a: Diancie
|-supereffective|p1a: Diancie
|-damage|p1a: Diancie|4/100
|move|p1a: Diancie|Draining Kiss|p2a: Golduck
|-damage|p2a: Golduck|0 fnt
|-heal|p1a: Diancie|54/100|[from] drain|[of] p2a: Golduck
|faint|p2a: Golduck
|
|upkeep
|
|t:|1779966390
|switch|p2a: Volbeat|Volbeat, M|100/100
|turn|26
|
|t:|1779966404
|move|p2a: Volbeat|Light Screen|p2a: Volbeat
|-sidestart|p2: eserraba|move: Light Screen
|move|p1a: Diancie|Draining Kiss|p2a: Volbeat
|-damage|p2a: Volbeat|59/100
|-heal|p1a: Diancie|91/100|[from] drain|[of] p2a: Volbeat
|-enditem|p2a: Volbeat|Red Card|[of] p1a: Diancie
|drag|p1a: Darkrai|Darkrai|87/100
|
|upkeep
|turn|27
|
|t:|1779966422
|move|p2a: Volbeat|Tailwind|p2a: Volbeat
|-sidestart|p2: eserraba|move: Tailwind
|move|p1a: Darkrai|Calm Mind|p1a: Darkrai
|-boost|p1a: Darkrai|spa|1
|-boost|p1a: Darkrai|spd|1
|
|upkeep
|turn|28
|
|t:|1779966433
|switch|p2a: Masquerain|Masquerain, F|100/100
|-ability|p2a: Masquerain|Intimidate|boost
|-unboost|p1a: Darkrai|atk|1
|move|p1a: Darkrai|Calm Mind|p1a: Darkrai
|-boost|p1a: Darkrai|spa|1
|-boost|p1a: Darkrai|spd|1
|
|upkeep
|turn|29
|
|t:|1779966439
|move|p1a: Darkrai|Calm Mind|p1a: Darkrai
|-boost|p1a: Darkrai|spa|1
|-boost|p1a: Darkrai|spd|1
|move|p2a: Masquerain|Quiver Dance|p2a: Masquerain
|-boost|p2a: Masquerain|spa|1
|-boost|p2a: Masquerain|spd|1
|-boost|p2a: Masquerain|spe|1
|
|upkeep
|turn|30
|
|t:|1779966445
|move|p2a: Masquerain|Quiver Dance|p2a: Masquerain
|-boost|p2a: Masquerain|spa|1
|-boost|p2a: Masquerain|spd|1
|-boost|p2a: Masquerain|spe|1
|move|p1a: Darkrai|Calm Mind|p1a: Darkrai
|-boost|p1a: Darkrai|spa|1
|-boost|p1a: Darkrai|spd|1
|
|-sideend|p2: eserraba|move: Light Screen
|-sideend|p2: eserraba|move: Tailwind
|upkeep
|turn|31
|
|t:|1779966453
|move|p1a: Darkrai|Calm Mind|p1a: Darkrai
|-boost|p1a: Darkrai|spa|1
|-boost|p1a: Darkrai|spd|1
|move|p2a: Masquerain|Quiver Dance|p2a: Masquerain
|-boost|p2a: Masquerain|spa|1
|-boost|p2a: Masquerain|spd|1
|-boost|p2a: Masquerain|spe|1
|
|upkeep
|turn|32
|
|t:|1779966459
|move|p2a: Masquerain|Quiver Dance|p2a: Masquerain
|-boost|p2a: Masquerain|spa|1
|-boost|p2a: Masquerain|spd|1
|-boost|p2a: Masquerain|spe|1
|move|p1a: Darkrai|Calm Mind|p1a: Darkrai
|-boost|p1a: Darkrai|spa|1
|-boost|p1a: Darkrai|spd|1
|
|upkeep
|turn|33
|
|t:|1779966467
|move|p2a: Masquerain|Quiver Dance|p2a: Masquerain
|-boost|p2a: Masquerain|spa|1
|-boost|p2a: Masquerain|spd|1
|-boost|p2a: Masquerain|spe|1
|move|p1a: Darkrai|Calm Mind|p1a: Darkrai
|-boost|p1a: Darkrai|spa|0
|-boost|p1a: Darkrai|spd|0
|
|upkeep
|turn|34
|
|t:|1779966473
|move|p2a: Masquerain|Quiver Dance|p2a: Masquerain
|-boost|p2a: Masquerain|spa|1
|-boost|p2a: Masquerain|spd|1
|-boost|p2a: Masquerain|spe|1
|move|p1a: Darkrai|Calm Mind|p1a: Darkrai
|-boost|p1a: Darkrai|spa|0
|-boost|p1a: Darkrai|spd|0
|
|upkeep
|turn|35
|c|☆nxt_itachi|Bruh
|
|t:|1779966485
|move|p2a: Masquerain|Mud Shot|p1a: Darkrai
|-damage|p1a: Darkrai|67/100
|-unboost|p1a: Darkrai|spe|1
|move|p1a: Darkrai|Calm Mind|p1a: Darkrai
|-boost|p1a: Darkrai|spa|0
|-boost|p1a: Darkrai|spd|0
|
|upkeep
|turn|36
|-message|nxt_itachi forfeited.
|
|win|eserraba
|raw|nxt_itachi's rating: 1109 &rarr; <strong>1087</strong><br />(-22 for losing)
|raw|eserraba's rating: 1152 &rarr; <strong>1174</strong><br />(+22 for winning)
|l|☆nxt_itachi
|player|p1|
