|j|☆TS E4 G-Man
|j|☆AllHailDudunsparce
|inactive|Battle timer is ON: inactive players will automatically lose when time's up.
|t:|1779825050
|gametype|singles
|player|p1|TS E4 G-Man|sycamore-masters|
|player|p2|AllHailDudunsparce|elesa-masters|
|gen|9
|tier|[Gen 9] OU
|rated|Tournament battle
|rule|HP Percentage Mod: HP is shown in percentages
|rule|Endless Battle Clause: Forcing endless battles is banned
|rule|Species Clause: Limit one of each Pokémon
|rule|OHKO Clause: OHKO moves are banned
|rule|Evasion Items Clause: Evasion items are banned
|rule|Evasion Moves Clause: Evasion moves are banned
|rule|Evasion Abilities Clause: Evasion abilities are banned
|rule|Sleep Moves Clause: Sleep-inducing moves are banned
|raw|<div class="infobox"><details class="readmore" open><summary><strong>1 custom rule:</strong></summary> + Tera Blast</details></div>
|clearpoke
|poke|p1|Corvisquire, M|
|poke|p1|Drowzee, F|
|poke|p2|Litleo, F|
|poke|p2|Floette-White, F|
|teampreview
|j|*Lady Monita 
|inactive|AllHailDudunsparce also wants the timer to be on.
|
|t:|1779825064
|teamsize|p1|2
|teamsize|p2|2
|start
|switch|p1a: Drowzee|Drowzee, F, shiny|100/100
|switch|p2a: Litleo|Litleo, F|100/100
|-ability|p2a: Litleo|Unnerve
|turn|1
|
|t:|1779825068
|move|p2a: Litleo|Fire Blast|p1a: Drowzee
|-damage|p1a: Drowzee|68/100
|move|p1a: Drowzee|Thunder Wave|p2a: Litleo
|-status|p2a: Litleo|par
|
|upkeep
|turn|2
|
|t:|1779825071
|move|p1a: Drowzee|Psychic|p2a: Litleo
|-damage|p2a: Litleo|69/100 par
|move|p2a: Litleo|Fire Blast|p1a: Drowzee
|-damage|p1a: Drowzee|37/100
|
|upkeep
|turn|3
|
|t:|1779825082
|move|p1a: Drowzee|Psychic|p2a: Litleo
|-damage|p2a: Litleo|37/100 par
|move|p2a: Litleo|Fire Blast|p1a: Drowzee
|-damage|p1a: Drowzee|3/100
|-status|p1a: Drowzee|brn
|
|-damage|p1a: Drowzee|0 fnt|[from] brn
|faint|p1a: Drowzee
|upkeep
|
|t:|1779825085
|switch|p1a: Corvisquire|Corvisquire, M, shiny|100/100
|turn|4
|
|t:|1779825100
|move|p1a: Corvisquire|Hone Claws|p1a: Corvisquire
|-boost|p1a: Corvisquire|atk|1
|-boost|p1a: Corvisquire|accuracy|1
|move|p2a: Litleo|Fire Blast|p1a: Corvisquire
|-damage|p1a: Corvisquire|65/100
|
|upkeep
|turn|5
|inactive|TS E4 G-Man has 120 seconds left.
|
|t:|1779825126
|move|p1a: Corvisquire|Roost|p1a: Corvisquire
|-heal|p1a: Corvisquire|100/100
|-singleturn|p1a: Corvisquire|move: Roost
|move|p2a: Litleo|Fire Blast|p1a: Corvisquire
|-damage|p1a: Corvisquire|66/100
|-status|p1a: Corvisquire|brn
|
|-damage|p1a: Corvisquire|60/100 brn|[from] brn
|upkeep
|turn|6
|
|t:|1779825131
|move|p1a: Corvisquire|Hone Claws|p1a: Corvisquire
|-boost|p1a: Corvisquire|atk|1
|-boost|p1a: Corvisquire|accuracy|1
|cant|p2a: Litleo|par
|
|-damage|p1a: Corvisquire|53/100 brn|[from] brn
|upkeep
|turn|7
|
|t:|1779825139
|move|p1a: Corvisquire|Hone Claws|p1a: Corvisquire
|-boost|p1a: Corvisquire|atk|1
|-boost|p1a: Corvisquire|accuracy|1
|move|p2a: Litleo|Fire Blast|p1a: Corvisquire
|-damage|p1a: Corvisquire|16/100 brn
|
|-damage|p1a: Corvisquire|10/100 brn|[from] brn
|upkeep
|turn|8
|
|t:|1779825141
|switch|p2a: Floette|Floette-White, F|100/100
|move|p1a: Corvisquire|Roost|p1a: Corvisquire
|-heal|p1a: Corvisquire|60/100 brn
|-singleturn|p1a: Corvisquire|move: Roost
|
|-damage|p1a: Corvisquire|54/100 brn|[from] brn
|upkeep
|turn|9
|
|t:|1779825149
|move|p1a: Corvisquire|Agility|p1a: Corvisquire
|-boost|p1a: Corvisquire|spe|2
|move|p2a: Floette|Moonblast|p1a: Corvisquire
|-damage|p1a: Corvisquire|22/100 brn
|
|-damage|p1a: Corvisquire|16/100 brn|[from] brn
|upkeep
|turn|10
|
|t:|1779825151
|move|p1a: Corvisquire|Roost|p1a: Corvisquire
|-heal|p1a: Corvisquire|66/100 brn
|-singleturn|p1a: Corvisquire|move: Roost
|move|p2a: Floette|Moonblast|p1a: Corvisquire
|-crit|p1a: Corvisquire
|-damage|p1a: Corvisquire|16/100 brn
|
|-damage|p1a: Corvisquire|10/100 brn|[from] brn
|upkeep
|turn|11
|
|t:|1779825155
|move|p1a: Corvisquire|Power Trip|p2a: Floette
|-resisted|p2a: Floette
|-damage|p2a: Floette|76/100
|move|p2a: Floette|Moonblast|p1a: Corvisquire
|-damage|p1a: Corvisquire|0 fnt
|faint|p1a: Corvisquire
|
|win|AllHailDudunsparce
|n|☆TS E4 G-Man|tse4gman
|n|☆AllHailDudunsparce|allhaildudunsparce
|n|*Lady Monita |ladymonita
|c|☆AllHailDudunsparce|gg
|l|☆TS E4 G-Man
|player|p1|
|l|*Lady Monita 
