|j|☆claudechamp
|j|☆luizinocria777rlk
|t:|1779827948
|gametype|singles
|player|p1|claudechamp|265|1168
|player|p2|luizinocria777rlk|266|1213
|gen|9
|tier|[Gen 9] OU
|rated|
|rule|HP Percentage Mod: HP is shown in percentages
|rule|Endless Battle Clause: Forcing endless battles is banned
|rule|Species Clause: Limit one of each Pokémon
|rule|OHKO Clause: OHKO moves are banned
|rule|Evasion Items Clause: Evasion items are banned
|rule|Evasion Moves Clause: Evasion moves are banned
|rule|Evasion Abilities Clause: Evasion abilities are banned
|rule|Sleep Moves Clause: Sleep-inducing moves are banned
|clearpoke
|poke|p1|Corviknight, F|
|poke|p1|Ting-Lu|
|poke|p1|Kyurem|
|poke|p1|Dondozo, M|
|poke|p1|Slowking-Galar, F|
|poke|p1|Cinderace, F|
|poke|p2|Gliscor, M|
|poke|p2|Kingambit, M|
|poke|p2|Ceruledge, M|
|poke|p2|Moltres|
|poke|p2|Cyclizar, F|
|poke|p2|Greninja-*, M|
|teampreview
|c|☆claudechamp|hf
|inactive|Battle timer is ON: inactive players will automatically lose when time's up. (requested by claudechamp)
|
|t:|1779827951
|teamsize|p1|6
|teamsize|p2|6
|start
|switch|p1a: Cinderace|Cinderace, F|100/100
|switch|p2a: Gliscor|Gliscor, M|100/100
|turn|1
|
|t:|1779827959
|switch|p1a: Kyurem|Kyurem|100/100
|-ability|p1a: Kyurem|Pressure
|move|p2a: Gliscor|Spikes|p1a: Kyurem
|-sidestart|p1: claudechamp|Spikes
|
|-status|p2a: Gliscor|tox|[from] item: Toxic Orb
|upkeep
|turn|2
|
|t:|1779827973
|switch|p2a: Kingambit|Kingambit, M|100/100
|move|p1a: Kyurem|Freeze-Dry|p2a: Kingambit
|-resisted|p2a: Kingambit
|-damage|p2a: Kingambit|81/100
|
|upkeep
|turn|3
|
|t:|1779827983
|move|p1a: Kyurem|Freeze-Dry|p2a: Kingambit
|-resisted|p2a: Kingambit
|-damage|p2a: Kingambit|61/100
|-status|p2a: Kingambit|frz
|cant|p2a: Kingambit|frz
|
|upkeep
|turn|4
|
|t:|1779827996
|move|p1a: Kyurem|Freeze-Dry|p2a: Kingambit
|-resisted|p2a: Kingambit
|-damage|p2a: Kingambit|39/100 frz
|-curestatus|p2a: Kingambit|frz|[msg]
|move|p2a: Kingambit|Iron Head|p1a: Kyurem
|-supereffective|p1a: Kyurem
|-damage|p1a: Kyurem|5/100
|
|-heal|p1a: Kyurem|12/100|[from] item: Leftovers
|upkeep
|turn|5
|
|t:|1779828003
|move|p1a: Kyurem|Protect|p1a: Kyurem
|-singleturn|p1a: Kyurem|Protect
|move|p2a: Kingambit|Sucker Punch||[still]
|-fail|p2a: Kingambit
|
|-heal|p1a: Kyurem|18/100|[from] item: Leftovers
|upkeep
|turn|6
|
|t:|1779828009
|switch|p1a: Cinderace|Cinderace, F|100/100
|move|p2a: Kingambit|Sucker Punch||[still]
|-fail|p2a: Kingambit
|
|upkeep
|turn|7
|
|t:|1779828015
|switch|p2a: Gliscor|Gliscor, M|100/100 tox
|move|p1a: Cinderace|Pyro Ball|p2a: Gliscor|[miss]
|-miss|p1a: Cinderace|p2a: Gliscor
|
|upkeep
|turn|8
|
|t:|1779828025
|move|p1a: Cinderace|Pyro Ball|p2a: Gliscor
|-damage|p2a: Gliscor|66/100 tox
|move|p2a: Gliscor|Spikes|p1a: Cinderace
|-sidestart|p1: claudechamp|Spikes
|
|-heal|p2a: Gliscor|79/100 tox|[from] ability: Poison Heal
|upkeep
|turn|9
|
|t:|1779828033
|move|p1a: Cinderace|Court Change|p1a: Cinderace
|-swapsideconditions
|-activate|p1a: Cinderace|move: Court Change
|move|p2a: Gliscor|Earthquake|p1a: Cinderace
|-supereffective|p1a: Cinderace
|-damage|p1a: Cinderace|20/100
|
|-heal|p2a: Gliscor|91/100 tox|[from] ability: Poison Heal
|upkeep
|turn|10
|
|t:|1779828038
|move|p1a: Cinderace|Pyro Ball|p2a: Gliscor
|-damage|p2a: Gliscor|45/100 tox
|move|p2a: Gliscor|Knock Off|p1a: Cinderace
|-damage|p1a: Cinderace|0 fnt
|-enditem|p1a: Cinderace|Heavy-Duty Boots|[from] move: Knock Off|[of] p2a: Gliscor
|faint|p1a: Cinderace
|
|-heal|p2a: Gliscor|58/100 tox|[from] ability: Poison Heal
|upkeep
|
|t:|1779828041
|switch|p1a: Kyurem|Kyurem|18/100
|-ability|p1a: Kyurem|Pressure
|turn|11
|
|t:|1779828058
|switch|p2a: Ceruledge|Ceruledge, M|100/100
|move|p1a: Kyurem|Freeze-Dry|p2a: Ceruledge
|-resisted|p2a: Ceruledge
|-damage|p2a: Ceruledge|79/100
|
|-heal|p1a: Kyurem|24/100|[from] item: Leftovers
|upkeep
|turn|12
|
|t:|1779828067
|move|p2a: Ceruledge|Shadow Sneak|p1a: Kyurem
|-damage|p1a: Kyurem|4/100
|move|p1a: Kyurem|Freeze-Dry|p2a: Ceruledge
|-resisted|p2a: Ceruledge
|-damage|p2a: Ceruledge|59/100
|
|-heal|p1a: Kyurem|11/100|[from] item: Leftovers
|upkeep
|turn|13
|
|t:|1779828083
|move|p1a: Kyurem|Protect|p1a: Kyurem
|-singleturn|p1a: Kyurem|Protect
|move|p2a: Ceruledge|Shadow Sneak|p1a: Kyurem
|-activate|p1a: Kyurem|move: Protect
|
|-heal|p1a: Kyurem|17/100|[from] item: Leftovers
|upkeep
|turn|14
|
|t:|1779828096
|switch|p1a: Dondozo|Dondozo, M|100/100
|move|p2a: Ceruledge|Shadow Sneak|p1a: Dondozo
|-damage|p1a: Dondozo|87/100
|
|-heal|p1a: Dondozo|93/100|[from] item: Leftovers
|upkeep
|turn|15
|
|t:|1779828108
|switch|p2a: Cyclizar|Cyclizar, F|100/100
|move|p1a: Dondozo|Waterfall|p2a: Cyclizar
|-resisted|p2a: Cyclizar
|-damage|p2a: Cyclizar|78/100
|
|-heal|p1a: Dondozo|99/100|[from] item: Leftovers
|upkeep
|turn|16
|
|t:|1779828114
|move|p2a: Cyclizar|Rapid Spin|p1a: Dondozo
|-damage|p1a: Dondozo|89/100
|-boost|p2a: Cyclizar|spe|1
|-sideend|p2: luizinocria777rlk|Spikes|[from] move: Rapid Spin|[of] p2a: Cyclizar
|move|p1a: Dondozo|Waterfall|p2a: Cyclizar
|-resisted|p2a: Cyclizar
|-damage|p2a: Cyclizar|57/100
|
|-heal|p1a: Dondozo|95/100|[from] item: Leftovers
|upkeep
|turn|17
|
|t:|1779828138
|move|p2a: Cyclizar|Knock Off|p1a: Dondozo
|-damage|p1a: Dondozo|85/100
|-enditem|p1a: Dondozo|Leftovers|[from] move: Knock Off|[of] p2a: Cyclizar
|move|p1a: Dondozo|Waterfall|p2a: Cyclizar
|-resisted|p2a: Cyclizar
|-damage|p2a: Cyclizar|34/100
|
|upkeep
|turn|18
|
|t:|1779828155
|move|p2a: Cyclizar|U-turn|p1a: Dondozo
|-damage|p1a: Dondozo|77/100
|
|t:|1779828158
|switch|p2a: Greninja|Greninja, M|100/100|[from] U-turn
|move|p1a: Dondozo|Waterfall|p2a: Greninja
|-resisted|p2a: Greninja
|-damage|p2a: Greninja|77/100
|
|upkeep
|turn|19
|
|t:|1779828164
|move|p2a: Greninja|Dark Pulse|p1a: Dondozo
|-damage|p1a: Dondozo|45/100
|move|p1a: Dondozo|Body Press|p2a: Greninja
|-supereffective|p2a: Greninja
|-damage|p2a: Greninja|8/100
|
|upkeep
|turn|20
|
|t:|1779828185
|switch|p2a: Ceruledge|Ceruledge, M|59/100
|move|p1a: Dondozo|Rest|p1a: Dondozo
|-status|p1a: Dondozo|slp|[from] move: Rest
|-heal|p1a: Dondozo|100/100 slp|[silent]
|
|upkeep
|turn|21
|
|t:|1779828195
|switch|p1a: Slowking|Slowking-Galar, F|100/100
|-terastallize|p2a: Ceruledge|Fighting
|move|p2a: Ceruledge|Swords Dance|p2a: Ceruledge
|-boost|p2a: Ceruledge|atk|2
|
|upkeep
|turn|22
|
|t:|1779828209
|switch|p2a: Kingambit|Kingambit, M|39/100
|move|p1a: Slowking|Sludge Bomb|p2a: Kingambit
|-immune|p2a: Kingambit
|
|upkeep
|turn|23
|
|t:|1779828221
|move|p2a: Kingambit|Kowtow Cleave|p1a: Slowking
|-supereffective|p1a: Slowking
|-damage|p1a: Slowking|20/100
|-prepare|p1a: Slowking|Chilly Reception|[premajor]
|move|p1a: Slowking|Chilly Reception|p1a: Slowking
|-weather|Snowscape
|
|t:|1779828231
|switch|p1a: Kyurem|Kyurem|17/100|[from] Chilly Reception
|-ability|p1a: Kyurem|Pressure
|
|-weather|Snowscape|[upkeep]
|-heal|p1a: Kyurem|23/100|[from] item: Leftovers
|upkeep
|turn|24
|
|t:|1779828239
|move|p1a: Kyurem|Protect|p1a: Kyurem
|-singleturn|p1a: Kyurem|Protect
|move|p2a: Kingambit|Sucker Punch||[still]
|-fail|p2a: Kingambit
|
|-weather|Snowscape|[upkeep]
|-heal|p1a: Kyurem|29/100|[from] item: Leftovers
|upkeep
|turn|25
|
|t:|1779828251
|move|p2a: Kingambit|Sucker Punch||[still]
|-fail|p2a: Kingambit
|move|p1a: Kyurem|Substitute|p1a: Kyurem
|-start|p1a: Kyurem|Substitute
|-damage|p1a: Kyurem|4/100
|
|-weather|Snowscape|[upkeep]
|-heal|p1a: Kyurem|10/100|[from] item: Leftovers
|upkeep
|turn|26
|
|t:|1779828264
|move|p1a: Kyurem|Protect|p1a: Kyurem
|-singleturn|p1a: Kyurem|Protect
|move|p2a: Kingambit|Iron Head|p1a: Kyurem
|-activate|p1a: Kyurem|move: Protect
|
|-weather|Snowscape|[upkeep]
|-heal|p1a: Kyurem|17/100|[from] item: Leftovers
|upkeep
|turn|27
|
|t:|1779828276
|move|p1a: Kyurem|Substitute|p1a: Kyurem
|-fail|p1a: Kyurem|move: Substitute
|move|p2a: Kingambit|Iron Head|p1a: Kyurem
|-supereffective|p1a: Kyurem
|-end|p1a: Kyurem|Substitute
|
|-weather|none
|-heal|p1a: Kyurem|23/100|[from] item: Leftovers
|upkeep
|turn|28
|
|t:|1779828290
|move|p1a: Kyurem|Protect|p1a: Kyurem
|-singleturn|p1a: Kyurem|Protect
|move|p2a: Kingambit|Swords Dance|p2a: Kingambit
|-boost|p2a: Kingambit|atk|2
|
|-heal|p1a: Kyurem|29/100|[from] item: Leftovers
|upkeep
|turn|29
|
|t:|1779828306
|switch|p1a: Ting-Lu|Ting-Lu|100/100
|-ability|p1a: Ting-Lu|Vessel of Ruin
|move|p2a: Kingambit|Iron Head|p1a: Ting-Lu
|-damage|p1a: Ting-Lu|50/100
|
|-heal|p1a: Ting-Lu|56/100|[from] item: Leftovers
|upkeep
|turn|30
|
|t:|1779828324
|switch|p2a: Gliscor|Gliscor, M|58/100 tox
|move|p1a: Ting-Lu|Earthquake|p2a: Gliscor
|-immune|p2a: Gliscor
|
|-heal|p1a: Ting-Lu|62/100|[from] item: Leftovers
|-heal|p2a: Gliscor|70/100 tox|[from] ability: Poison Heal
|upkeep
|turn|31
|
|t:|1779828340
|switch|p1a: Kyurem|Kyurem|29/100
|-ability|p1a: Kyurem|Pressure
|move|p2a: Gliscor|Spikes|p1a: Kyurem
|-sidestart|p1: claudechamp|Spikes
|
|-heal|p1a: Kyurem|35/100|[from] item: Leftovers
|-heal|p2a: Gliscor|83/100 tox|[from] ability: Poison Heal
|upkeep
|turn|32
|
|t:|1779828351
|switch|p2a: Ceruledge|Ceruledge, M, tera:Fighting|59/100
|move|p1a: Kyurem|Freeze-Dry|p2a: Ceruledge
|-damage|p2a: Ceruledge|19/100
|
|-heal|p1a: Kyurem|41/100|[from] item: Leftovers
|upkeep
|turn|33
|
|t:|1779828358
|move|p1a: Kyurem|Earth Power|p2a: Ceruledge
|-damage|p2a: Ceruledge|0 fnt
|faint|p2a: Ceruledge
|
|-heal|p1a: Kyurem|48/100|[from] item: Leftovers
|upkeep
|
|t:|1779828373
|switch|p2a: Cyclizar|Cyclizar, F|67/100
|turn|34
|
|t:|1779828379
|move|p2a: Cyclizar|Draco Meteor|p1a: Kyurem
|-supereffective|p1a: Kyurem
|-damage|p1a: Kyurem|0 fnt
|-unboost|p2a: Cyclizar|spa|2
|faint|p1a: Kyurem
|
|upkeep
|
|t:|1779828394
|switch|p1a: Slowking|Slowking-Galar, F|53/100
|-damage|p1a: Slowking|41/100|[from] Spikes
|turn|35
|
|t:|1779828411
|move|p2a: Cyclizar|U-turn|p1a: Slowking
|-damage|p1a: Slowking|31/100
|
|t:|1779828414
|switch|p2a: Gliscor|Gliscor, M|83/100 tox|[from] U-turn
|move|p1a: Slowking|Ice Beam|p2a: Gliscor
|-supereffective|p2a: Gliscor
|-damage|p2a: Gliscor|0 fnt
|faint|p2a: Gliscor
|
|upkeep
|
|t:|1779828440
|switch|p2a: Greninja|Greninja, M|8/100
|turn|36
|
|t:|1779828453
|switch|p1a: Ting-Lu|Ting-Lu|62/100
|-damage|p1a: Ting-Lu|50/100|[from] Spikes
|-ability|p1a: Ting-Lu|Vessel of Ruin
|move|p2a: Greninja|U-turn|p1a: Ting-Lu
|-supereffective|p1a: Ting-Lu
|-damage|p1a: Ting-Lu|34/100
|
|t:|1779828464
|switch|p2a: Cyclizar|Cyclizar, F|100/100|[from] U-turn
|
|-heal|p1a: Ting-Lu|41/100|[from] item: Leftovers
|upkeep
|turn|37
|
|t:|1779828472
|move|p2a: Cyclizar|Knock Off|p1a: Ting-Lu
|-resisted|p1a: Ting-Lu
|-damage|p1a: Ting-Lu|35/100
|-enditem|p1a: Ting-Lu|Leftovers|[from] move: Knock Off|[of] p2a: Cyclizar
|move|p1a: Ting-Lu|Rest|p1a: Ting-Lu
|-status|p1a: Ting-Lu|slp|[from] move: Rest
|-heal|p1a: Ting-Lu|100/100 slp|[silent]
|
|upkeep
|turn|38
|
|t:|1779828487
|switch|p2a: Greninja|Greninja, M|8/100
|cant|p1a: Ting-Lu|slp
|move|p1a: Ting-Lu|Sleep Talk|p1a: Ting-Lu
|move|p1a: Ting-Lu|Rest||[from] move: Sleep Talk|[still]
|-fail|p1a: Ting-Lu
|
|upkeep
|turn|39
|
|t:|1779828502
|move|p2a: Greninja|Hydro Pump|p1a: Ting-Lu|[miss]
|-miss|p2a: Greninja|p1a: Ting-Lu
|cant|p1a: Ting-Lu|slp
|move|p1a: Ting-Lu|Sleep Talk|p1a: Ting-Lu
|move|p1a: Ting-Lu|Rest||[from] move: Sleep Talk|[still]
|-fail|p1a: Ting-Lu
|
|upkeep
|turn|40
|
|t:|1779828512
|-terastallize|p1a: Ting-Lu|Water
|move|p2a: Greninja|Hydro Pump|p1a: Ting-Lu|[miss]
|-miss|p2a: Greninja|p1a: Ting-Lu
|-curestatus|p1a: Ting-Lu|slp|[msg]
|move|p1a: Ting-Lu|Earthquake|p2a: Greninja
|-damage|p2a: Greninja|0 fnt
|faint|p2a: Greninja
|
|upkeep
|
|t:|1779828530
|switch|p2a: Kingambit|Kingambit, M|39/100
|turn|41
|
|t:|1779828543
|move|p2a: Kingambit|Kowtow Cleave|p1a: Ting-Lu
|-damage|p1a: Ting-Lu|65/100
|move|p1a: Ting-Lu|Payback|p2a: Kingambit
|-resisted|p2a: Kingambit
|-damage|p2a: Kingambit|23/100
|
|upkeep
|turn|42
|
|t:|1779828553
|move|p2a: Kingambit|Sucker Punch|p1a: Ting-Lu
|-damage|p1a: Ting-Lu|39/100
|move|p1a: Ting-Lu|Payback|p2a: Kingambit
|-resisted|p2a: Kingambit
|-damage|p2a: Kingambit|6/100
|
|upkeep
|turn|43
|
|t:|1779828565
|switch|p2a: Moltres|Moltres|100/100
|switch|p1a: Corviknight|Corviknight, F|100/100
|-ability|p1a: Corviknight|Pressure
|
|upkeep
|turn|44
|
|t:|1779828582
|move|p2a: Moltres|Will-O-Wisp|p1a: Corviknight|[miss]
|-miss|p2a: Moltres|p1a: Corviknight
|move|p1a: Corviknight|Brave Bird|p2a: Moltres
|-damage|p2a: Moltres|74/100
|-damage|p1a: Corviknight|92/100|[from] Recoil
|
|upkeep
|turn|45
|
|t:|1779828597
|switch|p1a: Slowking|Slowking-Galar, F|64/100
|-damage|p1a: Slowking|52/100|[from] Spikes
|move|p2a: Moltres|Flamethrower|p1a: Slowking
|-damage|p1a: Slowking|21/100
|
|upkeep
|turn|46
|
|t:|1779828615
|switch|p1a: Ting-Lu|Ting-Lu, tera:Water|39/100
|-damage|p1a: Ting-Lu|27/100|[from] Spikes
|-ability|p1a: Ting-Lu|Vessel of Ruin
|move|p2a: Moltres|Flamethrower|p1a: Ting-Lu
|-resisted|p1a: Ting-Lu
|-damage|p1a: Ting-Lu|18/100
|
|upkeep
|turn|47
|
|t:|1779828626
|move|p2a: Moltres|Flamethrower|p1a: Ting-Lu
|-resisted|p1a: Ting-Lu
|-damage|p1a: Ting-Lu|11/100
|move|p1a: Ting-Lu|Rest|p1a: Ting-Lu
|-status|p1a: Ting-Lu|slp|[from] move: Rest
|-heal|p1a: Ting-Lu|100/100 slp|[silent]
|
|upkeep
|turn|48
|
|t:|1779828635
|move|p2a: Moltres|U-turn|p1a: Ting-Lu
|-damage|p1a: Ting-Lu|93/100 slp
|
|t:|1779828638
|switch|p2a: Cyclizar|Cyclizar, F|100/100|[from] U-turn
|cant|p1a: Ting-Lu|slp
|move|p1a: Ting-Lu|Sleep Talk|p1a: Ting-Lu
|move|p1a: Ting-Lu|Rest||[from] move: Sleep Talk|[still]
|-fail|p1a: Ting-Lu
|
|upkeep
|turn|49
|
|t:|1779828644
|move|p2a: Cyclizar|Draco Meteor|p1a: Ting-Lu|[miss]
|-miss|p2a: Cyclizar|p1a: Ting-Lu
|cant|p1a: Ting-Lu|slp
|move|p1a: Ting-Lu|Sleep Talk|p1a: Ting-Lu
|move|p1a: Ting-Lu|Earthquake|p2a: Cyclizar|[from] move: Sleep Talk
|-damage|p2a: Cyclizar|38/100
|
|upkeep
|turn|50
|
|t:|1779828654
|move|p2a: Cyclizar|Draco Meteor|p1a: Ting-Lu
|-damage|p1a: Ting-Lu|77/100 slp
|-unboost|p2a: Cyclizar|spa|2
|-curestatus|p1a: Ting-Lu|slp|[msg]
|move|p1a: Ting-Lu|Payback|p2a: Cyclizar
|-damage|p2a: Cyclizar|0 fnt
|faint|p2a: Cyclizar
|
|upkeep
|
|t:|1779828657
|switch|p2a: Kingambit|Kingambit, M|6/100
|turn|51
|
|t:|1779828667
|move|p2a: Kingambit|Iron Head|p1a: Ting-Lu
|-resisted|p1a: Ting-Lu
|-damage|p1a: Ting-Lu|63/100
|move|p1a: Ting-Lu|Payback|p2a: Kingambit
|-resisted|p2a: Kingambit
|-damage|p2a: Kingambit|0 fnt
|faint|p2a: Kingambit
|
|upkeep
|-message|luizinocria777rlk forfeited.
|
|win|claudechamp
|raw|claudechamp's rating: 1216 &rarr; <strong>1241</strong><br />(+25 for winning)
|raw|luizinocria777rlk's rating: 1213 &rarr; <strong>1188</strong><br />(-25 for losing)
|l|☆luizinocria777rlk
|player|p2|
|c|☆claudechamp|gg
