|j|☆Lnyblgd
|j|☆npctypebeat
|t:|1779939432
|gametype|singles
|player|p1|Lnyblgd|bugcatcher-gen4dp|1139
|player|p2|npctypebeat|102|1142
|gen|9
|tier|[Gen 9] OU
|rated|
|rule|HP Percentage Mod: HP is shown in percentages
|rule|Endless Battle Clause: Forcing endless battles is banned
|rule|Species Clause: Limit one of each Pokémon
|rule|OHKO Clause: OHKO moves are banned
|rule|Evasion Items Clause: Evasion items are banned
|rule|Evasion Moves Clause: Evasion moves are banned
|rule|Evasion Abilities Clause: Evasion abilities are banned
|rule|Sleep Moves Clause: Sleep-inducing moves are banned
|clearpoke
|poke|p1|Torkoal, F|
|poke|p1|Venusaur, M|
|poke|p1|Walking Wake|
|poke|p1|Great Tusk|
|poke|p1|Charizard, F|
|poke|p1|Slither Wing|
|poke|p2|Corviknight, M|
|poke|p2|Ting-Lu|
|poke|p2|Kyurem|
|poke|p2|Dondozo, M|
|poke|p2|Slowking-Galar, F|
|poke|p2|Cinderace, F|
|teampreview
|c|☆npctypebeat|hf
|
|t:|1779939456
|teamsize|p1|6
|teamsize|p2|6
|start
|switch|p1a: Torkoal|Torkoal, F|100/100
|switch|p2a: Cinderace|Cinderace, F|100/100
|-weather|SunnyDay|[from] ability: Drought|[of] p1a: Torkoal
|turn|1
|inactive|Battle timer is ON: inactive players will automatically lose when time's up. (requested by npctypebeat)
|inactive|npctypebeat has 120 seconds left.
|
|t:|1779939502
|move|p2a: Cinderace|Pyro Ball|p1a: Torkoal
|-resisted|p1a: Torkoal
|-damage|p1a: Torkoal|80/100
|move|p1a: Torkoal|Stealth Rock|p2a: Cinderace
|-sidestart|p2: npctypebeat|move: Stealth Rock
|
|-weather|SunnyDay|[upkeep]
|upkeep
|turn|2
|
|t:|1779939513
|switch|p1a: Walking Wake|Walking Wake|100/100
|-activate|p1a: Walking Wake|ability: Protosynthesis
|-start|p1a: Walking Wake|protosynthesisspa
|move|p2a: Cinderace|Court Change|p2a: Cinderace
|-swapsideconditions
|-activate|p2a: Cinderace|move: Court Change
|
|-weather|SunnyDay|[upkeep]
|upkeep
|turn|3
|
|t:|1779939523
|switch|p2a: Kyurem|Kyurem|100/100
|-ability|p2a: Kyurem|Pressure
|move|p1a: Walking Wake|Hydro Steam|p2a: Kyurem
|-resisted|p2a: Kyurem
|-damage|p2a: Kyurem|44/100
|
|-weather|SunnyDay|[upkeep]
|-heal|p2a: Kyurem|50/100|[from] item: Leftovers
|upkeep
|turn|4
|
|t:|1779939534
|move|p2a: Kyurem|Protect|p2a: Kyurem
|-singleturn|p2a: Kyurem|Protect
|move|p1a: Walking Wake|Hydro Steam|p2a: Kyurem
|-activate|p2a: Kyurem|move: Protect
|
|-weather|SunnyDay|[upkeep]
|-heal|p2a: Kyurem|56/100|[from] item: Leftovers
|upkeep
|turn|5
|
|t:|1779939543
|move|p2a: Kyurem|Freeze-Dry|p1a: Walking Wake
|-supereffective|p1a: Walking Wake
|-damage|p1a: Walking Wake|0 fnt
|faint|p1a: Walking Wake
|-end|p1a: Walking Wake|Protosynthesis|[silent]
|
|-weather|SunnyDay|[upkeep]
|-heal|p2a: Kyurem|63/100|[from] item: Leftovers
|upkeep
|
|t:|1779939553
|switch|p1a: Slither Wing|Slither Wing|100/100
|-damage|p1a: Slither Wing|88/100|[from] Stealth Rock
|-activate|p1a: Slither Wing|ability: Protosynthesis
|-start|p1a: Slither Wing|protosynthesisatk
|turn|6
|
|t:|1779939573
|-terastallize|p1a: Slither Wing|Fire
|move|p2a: Kyurem|Freeze-Dry|p1a: Slither Wing
|-resisted|p1a: Slither Wing
|-damage|p1a: Slither Wing|78/100
|move|p1a: Slither Wing|Leech Life|p2a: Kyurem
|-damage|p2a: Kyurem|4/100
|-heal|p1a: Slither Wing|100/100|[from] drain|[of] p2a: Kyurem
|
|-weather|SunnyDay|[upkeep]
|-heal|p2a: Kyurem|10/100|[from] item: Leftovers
|upkeep
|turn|7
|
|t:|1779939593
|move|p2a: Kyurem|Protect|p2a: Kyurem
|-singleturn|p2a: Kyurem|Protect
|move|p1a: Slither Wing|Flare Blitz|p2a: Kyurem
|-activate|p2a: Kyurem|move: Protect
|
|-weather|SunnyDay|[upkeep]
|-heal|p2a: Kyurem|16/100|[from] item: Leftovers
|upkeep
|turn|8
|
|t:|1779939602
|move|p2a: Kyurem|Earth Power|p1a: Slither Wing
|-supereffective|p1a: Slither Wing
|-damage|p1a: Slither Wing|65/100
|move|p1a: Slither Wing|Leech Life|p2a: Kyurem
|-damage|p2a: Kyurem|0 fnt
|-heal|p1a: Slither Wing|75/100|[from] drain|[of] p2a: Kyurem
|faint|p2a: Kyurem
|
|-weather|none
|-end|p1a: Slither Wing|Protosynthesis
|upkeep
|
|t:|1779939604
|switch|p2a: Ting-Lu|Ting-Lu|100/100
|-ability|p2a: Ting-Lu|Vessel of Ruin
|turn|9
|
|t:|1779939619
|move|p1a: Slither Wing|Leech Life|p2a: Ting-Lu
|-supereffective|p2a: Ting-Lu
|-damage|p2a: Ting-Lu|52/100
|-heal|p1a: Slither Wing|100/100|[from] drain|[of] p2a: Ting-Lu
|move|p2a: Ting-Lu|Earthquake|p1a: Slither Wing
|-supereffective|p1a: Slither Wing
|-damage|p1a: Slither Wing|0 fnt
|faint|p1a: Slither Wing
|-end|p1a: Slither Wing|Protosynthesis|[silent]
|
|-heal|p2a: Ting-Lu|58/100|[from] item: Leftovers
|upkeep
|
|t:|1779939632
|switch|p1a: Torkoal|Torkoal, F|80/100
|-damage|p1a: Torkoal|55/100|[from] Stealth Rock
|-weather|SunnyDay|[from] ability: Drought|[of] p1a: Torkoal
|turn|10
|
|t:|1779939638
|switch|p1a: Great Tusk|Great Tusk|100/100
|-damage|p1a: Great Tusk|98/100|[from] Stealth Rock
|-activate|p1a: Great Tusk|ability: Protosynthesis
|-start|p1a: Great Tusk|protosynthesisatk
|move|p2a: Ting-Lu|Earthquake|p1a: Great Tusk
|-damage|p1a: Great Tusk|76/100
|
|-weather|SunnyDay|[upkeep]
|-heal|p1a: Great Tusk|82/100|[from] item: Leftovers
|-heal|p2a: Ting-Lu|65/100|[from] item: Leftovers
|upkeep
|turn|11
|
|t:|1779939650
|switch|p2a: Corviknight|Corviknight, M|100/100
|-ability|p2a: Corviknight|Pressure
|move|p1a: Great Tusk|Rapid Spin|p2a: Corviknight
|-resisted|p2a: Corviknight
|-damage|p2a: Corviknight|93/100
|-boost|p1a: Great Tusk|spe|1
|-damage|p1a: Great Tusk|65/100|[from] item: Rocky Helmet|[of] p2a: Corviknight
|-sideend|p1: Lnyblgd|Stealth Rock|[from] move: Rapid Spin|[of] p1a: Great Tusk
|
|-weather|SunnyDay|[upkeep]
|-heal|p1a: Great Tusk|71/100|[from] item: Leftovers
|upkeep
|turn|12
|
|t:|1779939663
|move|p1a: Great Tusk|Bulk Up|p1a: Great Tusk
|-boost|p1a: Great Tusk|atk|1
|-boost|p1a: Great Tusk|def|1
|move|p2a: Corviknight|Brave Bird|p1a: Great Tusk
|-supereffective|p1a: Great Tusk
|-damage|p1a: Great Tusk|44/100
|-damage|p2a: Corviknight|85/100|[from] Recoil
|
|-weather|SunnyDay|[upkeep]
|-heal|p1a: Great Tusk|50/100|[from] item: Leftovers
|upkeep
|turn|13
|
|t:|1779939674
|move|p1a: Great Tusk|Close Combat|p2a: Corviknight
|-damage|p2a: Corviknight|0 fnt
|-unboost|p1a: Great Tusk|def|1
|-unboost|p1a: Great Tusk|spd|1
|-damage|p1a: Great Tusk|34/100|[from] item: Rocky Helmet|[of] p2a: Corviknight
|faint|p2a: Corviknight
|
|-weather|SunnyDay|[upkeep]
|-heal|p1a: Great Tusk|40/100|[from] item: Leftovers
|upkeep
|
|t:|1779939677
|switch|p2a: Cinderace|Cinderace, F|100/100
|turn|14
|
|t:|1779939686
|move|p2a: Cinderace|Pyro Ball|p1a: Great Tusk
|-damage|p1a: Great Tusk|0 fnt
|faint|p1a: Great Tusk
|-end|p1a: Great Tusk|Protosynthesis|[silent]
|
|-weather|SunnyDay|[upkeep]
|upkeep
|
|t:|1779939704
|switch|p1a: Charizard|Charizard, F|100/100
|turn|15
|
|t:|1779939711
|switch|p2a: Slowking|Slowking-Galar, F|100/100
|move|p1a: Charizard|Hurricane|p2a: Slowking
|-damage|p2a: Slowking|36/100
|
|-weather|SunnyDay|[upkeep]
|-damage|p1a: Charizard|88/100|[from] ability: Solar Power|[of] p1a: Charizard
|upkeep
|turn|16
|
|t:|1779939720
|switch|p2a: Ting-Lu|Ting-Lu|65/100
|-ability|p2a: Ting-Lu|Vessel of Ruin
|move|p1a: Charizard|Hurricane|p2a: Ting-Lu
|-damage|p2a: Ting-Lu|32/100
|
|-weather|SunnyDay|[upkeep]
|-damage|p1a: Charizard|76/100|[from] ability: Solar Power|[of] p1a: Charizard
|-heal|p2a: Ting-Lu|38/100|[from] item: Leftovers
|upkeep
|turn|17
|
|t:|1779939732
|switch|p1a: Torkoal|Torkoal, F|55/100
|move|p2a: Ting-Lu|Payback|p1a: Torkoal
|-damage|p1a: Torkoal|43/100
|
|-weather|none
|-heal|p2a: Ting-Lu|44/100|[from] item: Leftovers
|upkeep
|turn|18
|
|t:|1779939743
|move|p2a: Ting-Lu|Earthquake|p1a: Torkoal
|-supereffective|p1a: Torkoal
|-damage|p1a: Torkoal|0 fnt
|faint|p1a: Torkoal
|
|-heal|p2a: Ting-Lu|50/100|[from] item: Leftovers
|upkeep
|
|t:|1779939750
|switch|p1a: Charizard|Charizard, F|76/100
|turn|19
|-message|Lnyblgd forfeited.
|
|win|npctypebeat
|raw|Lnyblgd's rating: 1139 &rarr; <strong>1114</strong><br />(-25 for losing)
|raw|npctypebeat's rating: 1139 &rarr; <strong>1164</strong><br />(+25 for winning)
|c|☆npctypebeat|gg
|l|☆Lnyblgd
|player|p1|
