|j|☆xuati
|j|☆KoolCreatorX
|inactive|Battle timer is ON: inactive players will automatically lose when time's up.
|t:|1779934882
|gametype|singles
|player|p1|xuati|clerkf|
|player|p2|KoolCreatorX|unknown|
|gen|9
|tier|[Gen 9] OU
|rated|Tournament battle
|rule|HP Percentage Mod: HP is shown in percentages
|rule|Endless Battle Clause: Forcing endless battles is banned
|rule|Species Clause: Limit one of each Pokémon
|rule|OHKO Clause: OHKO moves are banned
|rule|Evasion Items Clause: Evasion items are banned
|rule|Evasion Moves Clause: Evasion moves are banned
|rule|Evasion Abilities Clause: Evasion abilities are banned
|rule|Sleep Moves Clause: Sleep-inducing moves are banned
|rule|Bad 'n Boosted Mod: All of a Pokemon's base stats below 70 are doubled.
|raw|<div class="infobox"><details class="readmore" open><summary><strong>2 custom rules:</strong></summary> -wobbuffet, bad'nboostedmod</details></div>
|clearpoke
|poke|p1|Torterra, M|
|poke|p1|Pelipper, M|
|poke|p1|Gulpin, F|
|poke|p2|Sinistcha|
|poke|p2|Sneasel-Hisui, F|
|poke|p2|Zoroark, M|
|teampreview
|j|*Lady Monita 
|c|☆KoolCreatorX|gl hf
|c|☆xuati|u2
|j| kyer_3362
|j| Chulbule
|
|t:|1779934906
|teamsize|p1|3
|teamsize|p2|3
|start
|switch|p1a: Pelipper|Pelipper, M|100/100
|switch|p2a: Sneasel|Sneasel-Hisui, F|100/100
|-weather|RainDance|[from] ability: Drizzle|[of] p1a: Pelipper
|turn|1
|
|t:|1779934916
|move|p2a: Sneasel|Swords Dance|p2a: Sneasel
|-boost|p2a: Sneasel|atk|2
|move|p1a: Pelipper|Hurricane|p2a: Sneasel
|-damage|p2a: Sneasel|42/100
|replace|p2a: Zoroark|Zoroark, M
|-end|p2a: Zoroark|Illusion
|
|-weather|RainDance|[upkeep]
|upkeep
|turn|2
|
|t:|1779934925
|move|p2a: Zoroark|Knock Off|p1a: Pelipper
|-damage|p1a: Pelipper|6/100
|-enditem|p1a: Pelipper|Choice Specs|[from] move: Knock Off|[of] p2a: Zoroark
|-damage|p2a: Zoroark|32/100|[from] item: Life Orb
|move|p1a: Pelipper|Hurricane|p2a: Zoroark
|-damage|p2a: Zoroark|0 fnt
|faint|p2a: Zoroark
|
|-weather|RainDance|[upkeep]
|upkeep
|
|t:|1779934931
|switch|p2a: Sinistcha|Sinistcha|100/100
|turn|3
|
|t:|1779934934
|move|p2a: Sinistcha|Shadow Ball|p1a: Pelipper
|-damage|p1a: Pelipper|0 fnt
|faint|p1a: Pelipper
|
|-weather|RainDance|[upkeep]
|upkeep
|
|t:|1779934939
|switch|p1a: Gulpin|Gulpin, F|100/100
|turn|4
|
|t:|1779934948
|move|p2a: Sinistcha|Calm Mind|p2a: Sinistcha
|-boost|p2a: Sinistcha|spa|1
|-boost|p2a: Sinistcha|spd|1
|move|p1a: Gulpin|Toxic|p2a: Sinistcha
|-status|p2a: Sinistcha|tox
|
|-weather|RainDance|[upkeep]
|-damage|p2a: Sinistcha|94/100 tox|[from] psn
|upkeep
|turn|5
|
|t:|1779934955
|move|p2a: Sinistcha|Calm Mind|p2a: Sinistcha
|-boost|p2a: Sinistcha|spa|1
|-boost|p2a: Sinistcha|spd|1
|move|p1a: Gulpin|Stockpile|p1a: Gulpin
|-start|p1a: Gulpin|stockpile1
|-boost|p1a: Gulpin|def|1
|-boost|p1a: Gulpin|spd|1
|
|-weather|none
|-heal|p2a: Sinistcha|100/100 tox|[from] item: Leftovers
|-damage|p2a: Sinistcha|88/100 tox|[from] psn
|upkeep
|turn|6
|l| Chulbule
|
|t:|1779934959
|move|p2a: Sinistcha|Shadow Ball|p1a: Gulpin
|-damage|p1a: Gulpin|82/100
|move|p1a: Gulpin|Stockpile|p1a: Gulpin
|-start|p1a: Gulpin|stockpile2
|-boost|p1a: Gulpin|def|1
|-boost|p1a: Gulpin|spd|1
|
|-heal|p2a: Sinistcha|94/100 tox|[from] item: Leftovers
|-damage|p2a: Sinistcha|76/100 tox|[from] psn
|upkeep
|turn|7
|
|t:|1779934962
|switch|p2a: Sneasel|Sneasel-Hisui, F|100/100
|move|p1a: Gulpin|Stockpile|p1a: Gulpin
|-start|p1a: Gulpin|stockpile3
|-boost|p1a: Gulpin|def|1
|-boost|p1a: Gulpin|spd|1
|
|upkeep
|turn|8
|
|t:|1779934971
|move|p2a: Sneasel|Swords Dance|p2a: Sneasel
|-boost|p2a: Sneasel|atk|2
|move|p1a: Gulpin|Giga Drain|p2a: Sneasel
|-resisted|p2a: Sneasel
|-damage|p2a: Sneasel|92/100
|-heal|p1a: Gulpin|86/100|[from] drain|[of] p2a: Sneasel
|
|upkeep
|turn|9
|
|t:|1779934979
|move|p2a: Sneasel|Taunt|p1a: Gulpin
|-start|p1a: Gulpin|move: Taunt
|cant|p1a: Gulpin|move: Taunt|Pain Split
|
|upkeep
|turn|10
|
|t:|1779934983
|switch|p1a: Torterra|Torterra, M|100/100
|move|p2a: Sneasel|Swords Dance|p2a: Sneasel
|-boost|p2a: Sneasel|atk|2
|
|upkeep
|turn|11
|
|t:|1779934993
|-terastallize|p1a: Torterra|Rock
|move|p2a: Sneasel|Close Combat|p1a: Torterra
|-supereffective|p1a: Torterra
|-damage|p1a: Torterra|0 fnt
|-unboost|p2a: Sneasel|def|1
|-unboost|p2a: Sneasel|spd|1
|faint|p1a: Torterra
|
|upkeep
|c|☆xuati|gg
|
|t:|1779935000
|switch|p1a: Gulpin|Gulpin, F|86/100
|turn|12
|
|t:|1779935005
|move|p2a: Sneasel|Taunt|p1a: Gulpin
|-start|p1a: Gulpin|move: Taunt
|move|p1a: Gulpin|Giga Drain|p2a: Sneasel
|-resisted|p2a: Sneasel
|-damage|p2a: Sneasel|78/100
|-heal|p1a: Gulpin|91/100|[from] drain|[of] p2a: Sneasel
|
|upkeep
|turn|13
|
|t:|1779935010
|move|p2a: Sneasel|Swords Dance|p2a: Sneasel
|-boost|p2a: Sneasel|atk|2
|move|p1a: Gulpin|Giga Drain|p2a: Sneasel
|-resisted|p2a: Sneasel
|-damage|p2a: Sneasel|64/100
|-heal|p1a: Gulpin|96/100|[from] drain|[of] p2a: Sneasel
|
|upkeep
|turn|14
|j| Chulbule
|
|t:|1779935013
|move|p2a: Sneasel|Gunk Shot|p1a: Gulpin|[miss]
|-miss|p2a: Sneasel|p1a: Gulpin
|move|p1a: Gulpin|Giga Drain|p2a: Sneasel
|-resisted|p2a: Sneasel
|-damage|p2a: Sneasel|52/100
|-heal|p1a: Gulpin|100/100|[from] drain|[of] p2a: Sneasel
|
|-end|p1a: Gulpin|move: Taunt
|upkeep
|turn|15
|
|t:|1779935015
|move|p2a: Sneasel|Taunt|p1a: Gulpin
|-start|p1a: Gulpin|move: Taunt
|move|p1a: Gulpin|Giga Drain|p2a: Sneasel
|-resisted|p2a: Sneasel
|-damage|p2a: Sneasel|38/100
|
|upkeep
|turn|16
|
|t:|1779935018
|move|p2a: Sneasel|Gunk Shot|p1a: Gulpin
|-resisted|p1a: Gulpin
|-damage|p1a: Gulpin|53/100
|move|p1a: Gulpin|Giga Drain|p2a: Sneasel
|-resisted|p2a: Sneasel
|-damage|p2a: Sneasel|24/100
|-heal|p1a: Gulpin|58/100|[from] drain|[of] p2a: Sneasel
|
|upkeep
|turn|17
|
|t:|1779935023
|move|p2a: Sneasel|Gunk Shot|p1a: Gulpin
|-resisted|p1a: Gulpin
|-damage|p1a: Gulpin|15/100
|move|p1a: Gulpin|Giga Drain|p2a: Sneasel
|-resisted|p2a: Sneasel
|-damage|p2a: Sneasel|11/100
|-heal|p1a: Gulpin|19/100|[from] drain|[of] p2a: Sneasel
|
|-end|p1a: Gulpin|move: Taunt
|upkeep
|turn|18
|
|t:|1779935025
|move|p2a: Sneasel|Close Combat|p1a: Gulpin
|-resisted|p1a: Gulpin
|-damage|p1a: Gulpin|0 fnt
|-unboost|p2a: Sneasel|def|1
|-unboost|p2a: Sneasel|spd|1
|faint|p1a: Gulpin
|
|win|KoolCreatorX
|n|☆xuati|xuati
|n|☆KoolCreatorX|koolcreatorx
|n|*Lady Monita |ladymonita
|n| kyer_3362|kyer3362
|n| Chulbule|chulbule
