|j|☆MyDTCbroke
|j|☆ionhy
|t:|1779940870
|gametype|singles
|player|p1|MyDTCbroke|collector|1438
|player|p2|ionhy|102|1404
|gen|9
|tier|[Gen 9] OU
|rated|
|rule|HP Percentage Mod: HP is shown in percentages
|rule|Endless Battle Clause: Forcing endless battles is banned
|rule|Species Clause: Limit one of each Pokémon
|rule|OHKO Clause: OHKO moves are banned
|rule|Evasion Items Clause: Evasion items are banned
|rule|Evasion Moves Clause: Evasion moves are banned
|rule|Evasion Abilities Clause: Evasion abilities are banned
|rule|Sleep Moves Clause: Sleep-inducing moves are banned
|clearpoke
|poke|p1|Tyranitar, F|
|poke|p1|Glimmora, M|
|poke|p1|Okidogi, M|
|poke|p1|Hatterene, F|
|poke|p1|Corviknight, M|
|poke|p1|Ting-Lu|
|poke|p2|Swampert, M|
|poke|p2|Salamence, M|
|poke|p2|Pelipper, F|
|poke|p2|Plusle, M|
|poke|p2|Metagross|
|poke|p2|Barraskewda, F|
|teampreview
|inactive|Battle timer is ON: inactive players will automatically lose when time's up. (requested by MyDTCbroke)
|
|t:|1779940885
|teamsize|p1|6
|teamsize|p2|6
|start
|switch|p1a: Glimmora|Glimmora, M|100/100
|switch|p2a: Mego|Swampert, M|100/100
|turn|1
|
|t:|1779940890
|move|p1a: Glimmora|Energy Ball|p2a: Mego
|-supereffective|p2a: Mego
|-damage|p2a: Mego|6/100
|move|p2a: Mego|Earthquake|p1a: Glimmora
|-supereffective|p1a: Glimmora
|-damage|p1a: Glimmora|0 fnt
|-activate|p1a: Glimmora|ability: Toxic Debris
|-sidestart|p2: ionhy|move: Toxic Spikes
|faint|p1a: Glimmora
|
|upkeep
|
|t:|1779940896
|switch|p1a: Okidogi|Okidogi, M|100/100
|turn|2
|-enditem|p2a: Mego|Custap Berry|[eat]
|-activate|p2a: Mego|item: Custap Berry|[consumed]
|
|t:|1779940901
|move|p2a: Mego|Earthquake|p1a: Okidogi
|-supereffective|p1a: Okidogi
|-damage|p1a: Okidogi|20/100
|move|p1a: Okidogi|Knock Off|p2a: Mego
|-damage|p2a: Mego|0 fnt
|faint|p2a: Mego
|
|upkeep
|
|t:|1779940913
|switch|p2a: PIKA+|Plusle, M|100/100
|-status|p2a: PIKA+|psn
|turn|3
|
|t:|1779940922
|switch|p1a: Ting-Lu|Ting-Lu|100/100
|-ability|p1a: Ting-Lu|Vessel of Ruin
|move|p2a: PIKA+|Volt Switch|p1a: Ting-Lu
|-immune|p1a: Ting-Lu
|
|-damage|p2a: PIKA+|88/100 psn|[from] psn
|upkeep
|turn|4
|
|t:|1779940934
|switch|p2a: STORM|Pelipper, F|100/100
|-weather|RainDance|[from] ability: Drizzle|[of] p2a: STORM
|move|p1a: Ting-Lu|Spikes|p2a: STORM
|-sidestart|p2: ionhy|Spikes
|
|-weather|RainDance|[upkeep]
|upkeep
|turn|5
|
|t:|1779940942
|switch|p1a: Hatterene|Hatterene, F|100/100
|move|p2a: STORM|Surf|p1a: Hatterene
|-damage|p1a: Hatterene|53/100
|-enditem|p1a: Hatterene|Eject Button
|
|t:|1779940944
|switch|p1a: Tyranitar|Tyranitar, F|100/100
|-weather|Sandstorm|[from] ability: Sand Stream|[of] p1a: Tyranitar
|
|-weather|Sandstorm|[upkeep]
|-damage|p2a: STORM|94/100|[from] Sandstorm
|upkeep
|turn|6
|
|t:|1779940963
|switch|p2a: BAGO|Salamence, M|100/100
|-ability|p2a: BAGO|Intimidate|boost
|-unboost|p1a: Tyranitar|atk|1
|move|p1a: Tyranitar|Knock Off|p2a: BAGO
|-damage|p2a: BAGO|58/100
|-enditem|p2a: BAGO|Choice Specs|[from] move: Knock Off|[of] p1a: Tyranitar
|
|-weather|Sandstorm|[upkeep]
|-damage|p2a: BAGO|52/100|[from] Sandstorm
|upkeep
|turn|7
|
|t:|1779940978
|move|p1a: Tyranitar|Stealth Rock|p2a: BAGO
|-sidestart|p2: ionhy|move: Stealth Rock
|move|p2a: BAGO|Dragon Tail|p1a: Tyranitar
|-damage|p1a: Tyranitar|81/100
|drag|p1a: Corviknight|Corviknight, M|100/100
|-ability|p1a: Corviknight|Pressure
|
|-weather|Sandstorm|[upkeep]
|-damage|p2a: BAGO|46/100|[from] Sandstorm
|upkeep
|turn|8
|
|t:|1779940987
|switch|p1a: Ting-Lu|Ting-Lu|100/100
|-ability|p1a: Ting-Lu|Vessel of Ruin
|move|p2a: BAGO|Hydro Pump|p1a: Ting-Lu
|-supereffective|p1a: Ting-Lu
|-damage|p1a: Ting-Lu|73/100
|
|-weather|Sandstorm|[upkeep]
|-damage|p2a: BAGO|39/100|[from] Sandstorm
|-heal|p1a: Ting-Lu|79/100|[from] item: Leftovers
|upkeep
|turn|9
|
|t:|1779941008
|move|p2a: BAGO|Dragon Tail|p1a: Ting-Lu
|-damage|p1a: Ting-Lu|66/100
|drag|p1a: Corviknight|Corviknight, M|100/100
|-ability|p1a: Corviknight|Pressure
|
|-weather|Sandstorm|[upkeep]
|-damage|p2a: BAGO|33/100|[from] Sandstorm
|upkeep
|turn|10
|
|t:|1779941018
|switch|p2a: PIKA+|Plusle, M|88/100 psn
|-damage|p2a: PIKA+|76/100 psn|[from] Spikes
|-damage|p2a: PIKA+|64/100 psn|[from] Stealth Rock
|move|p1a: Corviknight|Brave Bird|p2a: PIKA+
|-resisted|p2a: PIKA+
|-damage|p2a: PIKA+|19/100 psn
|-damage|p1a: Corviknight|89/100|[from] Recoil
|
|-weather|Sandstorm|[upkeep]
|-damage|p2a: PIKA+|13/100 psn|[from] Sandstorm
|-heal|p2a: PIKA+|19/100 psn|[from] item: Leftovers
|-damage|p2a: PIKA+|7/100 psn|[from] psn
|upkeep
|turn|11
|
|t:|1779941031
|switch|p1a: Ting-Lu|Ting-Lu|66/100
|-ability|p1a: Ting-Lu|Vessel of Ruin
|move|p2a: PIKA+|Super Fang|p1a: Ting-Lu
|-damage|p1a: Ting-Lu|33/100
|
|-weather|Sandstorm|[upkeep]
|-damage|p2a: PIKA+|1/100 psn|[from] Sandstorm
|-heal|p2a: PIKA+|7/100 psn|[from] item: Leftovers
|-heal|p1a: Ting-Lu|39/100|[from] item: Leftovers
|-damage|p2a: PIKA+|0 fnt|[from] psn
|faint|p2a: PIKA+
|upkeep
|
|t:|1779941042
|switch|p2a: STORM|Pelipper, F|94/100
|-damage|p2a: STORM|70/100|[from] Stealth Rock
|-weather|RainDance|[from] ability: Drizzle|[of] p2a: STORM
|turn|12
|
|t:|1779941049
|switch|p1a: Tyranitar|Tyranitar, F|81/100
|-weather|Sandstorm|[from] ability: Sand Stream|[of] p1a: Tyranitar
|move|p2a: STORM|Surf|p1a: Tyranitar
|-supereffective|p1a: Tyranitar
|-damage|p1a: Tyranitar|50/100
|
|-weather|Sandstorm|[upkeep]
|-damage|p2a: STORM|63/100|[from] Sandstorm
|upkeep
|turn|13
|
|t:|1779941068
|-terastallize|p2a: STORM|Ground
|move|p1a: Tyranitar|Knock Off|p2a: STORM
|-damage|p2a: STORM|22/100
|-enditem|p2a: STORM|Damp Rock|[from] move: Knock Off|[of] p1a: Tyranitar
|move|p2a: STORM|U-turn|p1a: Tyranitar
|-supereffective|p1a: Tyranitar
|-damage|p1a: Tyranitar|35/100
|
|t:|1779941075
|switch|p2a: Juanchon|Barraskewda, F|100/100|[from] U-turn
|-status|p2a: Juanchon|psn
|-damage|p2a: Juanchon|88/100 psn|[from] Spikes
|-damage|p2a: Juanchon|76/100 psn|[from] Stealth Rock
|
|-weather|Sandstorm|[upkeep]
|-damage|p2a: Juanchon|70/100 psn|[from] Sandstorm
|-damage|p2a: Juanchon|58/100 psn|[from] psn
|upkeep
|turn|14
|
|t:|1779941088
|move|p2a: Juanchon|Liquidation|p1a: Tyranitar
|-supereffective|p1a: Tyranitar
|-damage|p1a: Tyranitar|0 fnt
|faint|p1a: Tyranitar
|
|-weather|Sandstorm|[upkeep]
|-damage|p2a: Juanchon|52/100 psn|[from] Sandstorm
|-damage|p2a: Juanchon|40/100 psn|[from] psn
|upkeep
|
|t:|1779941092
|switch|p1a: Okidogi|Okidogi, M|20/100
|turn|15
|
|t:|1779941097
|move|p1a: Okidogi|Knock Off|p2a: Juanchon
|-damage|p2a: Juanchon|0 fnt
|-enditem|p2a: Juanchon|Choice Band|[from] move: Knock Off|[of] p1a: Okidogi
|faint|p2a: Juanchon
|
|-weather|Sandstorm|[upkeep]
|-damage|p1a: Okidogi|14/100|[from] Sandstorm
|upkeep
|
|t:|1779941111
|switch|p2a: STORM|Pelipper, F, tera:Ground|22/100
|-status|p2a: STORM|psn
|-damage|p2a: STORM|10/100 psn|[from] Spikes
|-damage|p2a: STORM|4/100 psn|[from] Stealth Rock
|-weather|RainDance|[from] ability: Drizzle|[of] p2a: STORM
|turn|16
|
|t:|1779941128
|move|p1a: Okidogi|Knock Off|p2a: STORM
|-damage|p2a: STORM|0 fnt
|faint|p2a: STORM
|
|-weather|RainDance|[upkeep]
|upkeep
|
|t:|1779941133
|switch|p2a: MEGADRIVE|Metagross|100/100
|-damage|p2a: MEGADRIVE|88/100|[from] Spikes
|-damage|p2a: MEGADRIVE|82/100|[from] Stealth Rock
|turn|17
|
|t:|1779941139
|move|p1a: Okidogi|Knock Off|p2a: MEGADRIVE
|-supereffective|p2a: MEGADRIVE
|-damage|p2a: MEGADRIVE|28/100
|-enditem|p2a: MEGADRIVE|Leftovers|[from] move: Knock Off|[of] p1a: Okidogi
|move|p2a: MEGADRIVE|Agility|p2a: MEGADRIVE
|-boost|p2a: MEGADRIVE|spe|2
|
|-weather|RainDance|[upkeep]
|upkeep
|turn|18
|
|t:|1779941147
|move|p1a: Okidogi|Knock Off|p2a: MEGADRIVE
|-supereffective|p2a: MEGADRIVE
|-damage|p2a: MEGADRIVE|0 fnt
|faint|p2a: MEGADRIVE
|
|-weather|RainDance|[upkeep]
|upkeep
|
|t:|1779941152
|switch|p2a: BAGO|Salamence, M|33/100
|-damage|p2a: BAGO|9/100|[from] Stealth Rock
|-ability|p2a: BAGO|Intimidate|boost
|-ability|p1a: Okidogi|Guard Dog|boost
|-boost|p1a: Okidogi|atk|1
|turn|19
|
|t:|1779941157
|move|p1a: Okidogi|Knock Off|p2a: BAGO
|-damage|p2a: BAGO|0 fnt
|faint|p2a: BAGO
|
|win|MyDTCbroke
|raw|MyDTCbroke's rating: 1438 &rarr; <strong>1456</strong><br />(+18 for winning)
|raw|ionhy's rating: 1404 &rarr; <strong>1386</strong><br />(-18 for losing)
|c|☆MyDTCbroke|fried
|l|☆MyDTCbroke
|player|p1|
