|j|☆benjikong14
|j|☆oMudkipp
|t:|1779948725
|gametype|singles
|player|p1|benjikong14|dancer|1210
|player|p2|oMudkipp|swimmerf|1160
|gen|9
|tier|[Gen 9] OU
|rated|
|rule|HP Percentage Mod: HP is shown in percentages
|rule|Endless Battle Clause: Forcing endless battles is banned
|rule|Species Clause: Limit one of each Pokémon
|rule|OHKO Clause: OHKO moves are banned
|rule|Evasion Items Clause: Evasion items are banned
|rule|Evasion Moves Clause: Evasion moves are banned
|rule|Evasion Abilities Clause: Evasion abilities are banned
|rule|Sleep Moves Clause: Sleep-inducing moves are banned
|clearpoke
|poke|p1|Blastoise, F|
|poke|p1|Noivern, F|
|poke|p1|Fezandipiti, M|
|poke|p1|Excadrill, M|
|poke|p1|Sinistcha|
|poke|p1|Avalugg-Hisui, F|
|poke|p2|Kingambit, F|
|poke|p2|Milotic, F|
|poke|p2|Gengar, F|
|poke|p2|Weavile, F|
|poke|p2|Scizor, F|
|poke|p2|Krookodile, F|
|teampreview
|
|t:|1779948734
|teamsize|p1|6
|teamsize|p2|6
|start
|switch|p1a: Avalugg|Avalugg-Hisui, F|100/100
|switch|p2a: Genk|Gengar, F, shiny|100/100
|turn|1
|
|t:|1779948740
|move|p2a: Genk|Shadow Ball|p1a: Avalugg
|-damage|p1a: Avalugg|14/100
|move|p1a: Avalugg|Stealth Rock|p2a: Genk
|-sidestart|p2: oMudkipp|move: Stealth Rock
|
|upkeep
|turn|2
|-enditem|p1a: Avalugg|Custap Berry|[eat]
|-activate|p1a: Avalugg|item: Custap Berry|[consumed]
|
|t:|1779948750
|move|p1a: Avalugg|Earthquake|p2a: Genk
|-supereffective|p2a: Genk
|-enditem|p2a: Genk|Focus Sash
|-damage|p2a: Genk|1/100
|-start|p1a: Avalugg|Disable|Earthquake|[from] ability: Cursed Body|[of] p2a: Genk
|move|p2a: Genk|Focus Blast|p1a: Avalugg|[miss]
|-miss|p2a: Genk|p1a: Avalugg
|
|upkeep
|turn|3
|
|t:|1779948770
|move|p2a: Genk|Destiny Bond|p2a: Genk
|-singlemove|p2a: Genk|Destiny Bond
|move|p1a: Avalugg|Mountain Gale|p2a: Genk|[miss]
|-miss|p1a: Avalugg|p2a: Genk
|
|upkeep
|turn|4
|
|t:|1779948780
|move|p2a: Genk|Shadow Ball|p1a: Avalugg
|-damage|p1a: Avalugg|0 fnt
|faint|p1a: Avalugg
|
|upkeep
|
|t:|1779948787
|switch|p1a: Blastoise|Blastoise, F|100/100
|turn|5
|
|t:|1779948794
|switch|p1a: Noivern|Noivern, F|100/100
|move|p2a: Genk|Destiny Bond|p2a: Genk
|-singlemove|p2a: Genk|Destiny Bond
|
|upkeep
|turn|6
|
|t:|1779948801
|move|p1a: Noivern|U-turn|p2a: Genk
|-resisted|p2a: Genk
|-damage|p2a: Genk|0 fnt
|faint|p2a: Genk
|-activate|p2a: Genk|move: Destiny Bond
|faint|p1a: Noivern
|
|upkeep
|
|t:|1779948810
|switch|p1a: Blastoise|Blastoise, F|100/100
|switch|p2a: Crocs|Krookodile, F, shiny|100/100
|-damage|p2a: Crocs|94/100|[from] Stealth Rock
|-ability|p2a: Crocs|Intimidate|boost
|-unboost|p1a: Blastoise|atk|1
|-enditem|p1a: Blastoise|White Herb
|-clearnegativeboost|p1a: Blastoise|[silent]
|turn|7
|
|t:|1779948824
|switch|p2a: Milo|Milotic, F, shiny|100/100
|-damage|p2a: Milo|88/100|[from] Stealth Rock
|move|p1a: Blastoise|Shell Smash|p1a: Blastoise
|-unboost|p1a: Blastoise|def|1
|-unboost|p1a: Blastoise|spd|1
|-boost|p1a: Blastoise|atk|2
|-boost|p1a: Blastoise|spa|2
|-boost|p1a: Blastoise|spe|2
|
|-status|p2a: Milo|brn|[from] item: Flame Orb
|upkeep
|turn|8
|
|t:|1779948840
|move|p1a: Blastoise|Shell Smash|p1a: Blastoise
|-unboost|p1a: Blastoise|def|1
|-unboost|p1a: Blastoise|spd|1
|-boost|p1a: Blastoise|atk|2
|-boost|p1a: Blastoise|spa|2
|-boost|p1a: Blastoise|spe|2
|move|p2a: Milo|Haze|p2a: Milo
|-clearallboost
|
|-damage|p2a: Milo|82/100 brn|[from] brn
|upkeep
|turn|9
|
|t:|1779948850
|switch|p1a: Sinistcha|Sinistcha|100/100
|switch|p2a: Katana Bug|Kingambit, F, shiny|100/100
|-damage|p2a: Katana Bug|94/100|[from] Stealth Rock
|-activate|p2a: Katana Bug|ability: Supreme Overlord
|-start|p2a: Katana Bug|fallen1|[silent]
|
|upkeep
|turn|10
|
|t:|1779948861
|move|p2a: Katana Bug|Sucker Punch|p1a: Sinistcha
|-supereffective|p1a: Sinistcha
|-damage|p1a: Sinistcha|6/100
|-damage|p2a: Katana Bug|78/100|[from] item: Rocky Helmet|[of] p1a: Sinistcha
|move|p1a: Sinistcha|Scald|p2a: Katana Bug
|-damage|p2a: Katana Bug|48/100
|
|upkeep
|turn|11
|
|t:|1779948869
|move|p2a: Katana Bug|Sucker Punch||[still]
|-fail|p2a: Katana Bug
|move|p1a: Sinistcha|Strength Sap|p2a: Katana Bug
|-unboost|p2a: Katana Bug|atk|1
|-heal|p1a: Sinistcha|100/100
|
|upkeep
|turn|12
|
|t:|1779948878
|switch|p1a: Fezandipiti|Fezandipiti, M|100/100
|move|p2a: Katana Bug|Sucker Punch||[still]
|-fail|p2a: Katana Bug
|
|upkeep
|turn|13
|
|t:|1779948885
|move|p1a: Fezandipiti|Play Rough|p2a: Katana Bug
|-damage|p2a: Katana Bug|7/100
|-damage|p1a: Fezandipiti|91/100|[from] item: Life Orb
|move|p2a: Katana Bug|Iron Head|p1a: Fezandipiti
|-supereffective|p1a: Fezandipiti
|-damage|p1a: Fezandipiti|0 fnt
|faint|p1a: Fezandipiti
|
|upkeep
|
|t:|1779948906
|switch|p1a: Excadrill|Excadrill, M|100/100
|-item|p1a: Excadrill|Air Balloon
|turn|14
|
|t:|1779948947
|-end|p2a: Katana Bug|fallen1|[silent]
|switch|p2a: Crocs|Krookodile, F, shiny|94/100
|-damage|p2a: Crocs|88/100|[from] Stealth Rock
|-ability|p2a: Crocs|Intimidate|boost
|-unboost|p1a: Excadrill|atk|1
|move|p1a: Excadrill|Rapid Spin|p2a: Crocs
|-damage|p2a: Crocs|74/100
|-boost|p1a: Excadrill|spe|1
|
|upkeep
|turn|15
|
|t:|1779948979
|switch|p1a: Blastoise|Blastoise, F|100/100
|move|p2a: Crocs|Close Combat|p1a: Blastoise
|-damage|p1a: Blastoise|56/100
|-unboost|p2a: Crocs|def|1
|-unboost|p2a: Crocs|spd|1
|
|upkeep
|turn|16
|
|t:|1779948997
|switch|p2a: Milo|Milotic, F, shiny|82/100 brn
|-damage|p2a: Milo|70/100 brn|[from] Stealth Rock
|move|p1a: Blastoise|Wave Crash|p2a: Milo
|-resisted|p2a: Milo
|-damage|p2a: Milo|57/100 brn
|-damage|p1a: Blastoise|51/100|[from] Recoil
|
|-damage|p2a: Milo|51/100 brn|[from] brn
|upkeep
|turn|17
|
|t:|1779949009
|switch|p1a: Sinistcha|Sinistcha|100/100
|move|p2a: Milo|Recover|p2a: Milo
|-heal|p2a: Milo|100/100 brn
|
|-damage|p2a: Milo|94/100 brn|[from] brn
|upkeep
|turn|18
|
|t:|1779949025
|switch|p2a: Crocs|Krookodile, F, shiny|74/100
|-damage|p2a: Crocs|68/100|[from] Stealth Rock
|-ability|p2a: Crocs|Intimidate|boost
|-unboost|p1a: Sinistcha|atk|1
|move|p1a: Sinistcha|Matcha Gotcha|p2a: Crocs
|-supereffective|p2a: Crocs
|-damage|p2a: Crocs|0 fnt
|faint|p2a: Crocs
|
|upkeep
|
|t:|1779949040
|switch|p2a: Katana Bug|Kingambit, F, shiny|7/100
|-damage|p2a: Katana Bug|1/100|[from] Stealth Rock
|-activate|p2a: Katana Bug|ability: Supreme Overlord
|-start|p2a: Katana Bug|fallen2|[silent]
|turn|19
|
|t:|1779949070
|-terastallize|p1a: Sinistcha|Dark
|move|p2a: Katana Bug|Sucker Punch|p1a: Sinistcha
|-resisted|p1a: Sinistcha
|-damage|p1a: Sinistcha|73/100
|-damage|p2a: Katana Bug|0 fnt|[from] item: Rocky Helmet|[of] p1a: Sinistcha
|faint|p2a: Katana Bug
|-end|p2a: Katana Bug|fallen2|[silent]
|move|p1a: Sinistcha|Shadow Ball|p2: Katana Bug|[notarget]
|-fail|p1a: Sinistcha
|
|upkeep
|
|t:|1779949080
|switch|p2a: Clampers|Scizor, F, shiny|100/100
|-damage|p2a: Clampers|88/100|[from] Stealth Rock
|turn|20
|
|t:|1779949086
|move|p1a: Sinistcha|Strength Sap|p2a: Clampers
|-unboost|p2a: Clampers|atk|1
|-heal|p1a: Sinistcha|100/100
|move|p2a: Clampers|Close Combat|p1a: Sinistcha
|-supereffective|p1a: Sinistcha
|-damage|p1a: Sinistcha|46/100
|-unboost|p2a: Clampers|def|1
|-unboost|p2a: Clampers|spd|1
|-damage|p2a: Clampers|72/100|[from] item: Rocky Helmet|[of] p1a: Sinistcha
|
|-heal|p2a: Clampers|78/100|[from] item: Leftovers
|upkeep
|turn|21
|
|t:|1779949100
|move|p1a: Sinistcha|Strength Sap|p2a: Clampers
|-unboost|p2a: Clampers|atk|1
|-heal|p1a: Sinistcha|100/100
|move|p2a: Clampers|U-turn|p1a: Sinistcha
|-supereffective|p1a: Sinistcha
|-damage|p1a: Sinistcha|62/100
|-damage|p2a: Clampers|61/100|[from] item: Rocky Helmet|[of] p1a: Sinistcha
|
|t:|1779949109
|switch|p2a: Milo|Milotic, F, shiny|94/100 brn|[from] U-turn
|-damage|p2a: Milo|82/100 brn|[from] Stealth Rock
|
|-damage|p2a: Milo|76/100 brn|[from] brn
|upkeep
|turn|22
|
|t:|1779949125
|move|p2a: Milo|Scald|p1a: Sinistcha
|-damage|p1a: Sinistcha|35/100
|move|p1a: Sinistcha|Matcha Gotcha|p2a: Milo
|-supereffective|p2a: Milo
|-damage|p2a: Milo|19/100 brn
|-heal|p1a: Sinistcha|68/100|[from] drain|[of] p2a: Milo
|
|-damage|p2a: Milo|13/100 brn|[from] brn
|upkeep
|turn|23
|
|t:|1779949137
|switch|p2a: Clampers|Scizor, F, shiny|61/100
|-damage|p2a: Clampers|49/100|[from] Stealth Rock
|move|p1a: Sinistcha|Matcha Gotcha|p2a: Clampers
|-resisted|p2a: Clampers
|-damage|p2a: Clampers|37/100
|-heal|p1a: Sinistcha|74/100|[from] drain|[of] p2a: Clampers
|-status|p2a: Clampers|brn
|
|-heal|p2a: Clampers|43/100 brn|[from] item: Leftovers
|-damage|p2a: Clampers|37/100 brn|[from] brn
|upkeep
|turn|24
|
|t:|1779949152
|move|p1a: Sinistcha|Strength Sap|p2a: Clampers
|-unboost|p2a: Clampers|atk|1
|-heal|p1a: Sinistcha|100/100
|move|p2a: Clampers|Close Combat|p1a: Sinistcha
|-supereffective|p1a: Sinistcha
|-damage|p1a: Sinistcha|71/100
|-unboost|p2a: Clampers|def|1
|-unboost|p2a: Clampers|spd|1
|-damage|p2a: Clampers|20/100 brn|[from] item: Rocky Helmet|[of] p1a: Sinistcha
|
|-heal|p2a: Clampers|26/100 brn|[from] item: Leftovers
|-damage|p2a: Clampers|20/100 brn|[from] brn
|upkeep
|turn|25
|
|t:|1779949172
|move|p1a: Sinistcha|Strength Sap|p2a: Clampers
|-unboost|p2a: Clampers|atk|1
|-heal|p1a: Sinistcha|100/100
|move|p2a: Clampers|Swords Dance|p2a: Clampers
|-boost|p2a: Clampers|atk|2
|
|-heal|p2a: Clampers|26/100 brn|[from] item: Leftovers
|-damage|p2a: Clampers|20/100 brn|[from] brn
|upkeep
|turn|26
|
|t:|1779949183
|move|p1a: Sinistcha|Strength Sap|p2a: Clampers
|-unboost|p2a: Clampers|atk|1
|move|p2a: Clampers|Swords Dance|p2a: Clampers
|-boost|p2a: Clampers|atk|2
|
|-heal|p2a: Clampers|26/100 brn|[from] item: Leftovers
|-damage|p2a: Clampers|20/100 brn|[from] brn
|upkeep
|turn|27
|
|t:|1779949193
|move|p1a: Sinistcha|Shadow Ball|p2a: Clampers
|-damage|p2a: Clampers|0 fnt
|faint|p2a: Clampers
|
|upkeep
|
|t:|1779949198
|switch|p2a: Duck & Weave|Weavile, F|100/100
|-ability|p2a: Duck & Weave|Pressure
|turn|28
|
|t:|1779949209
|move|p2a: Duck & Weave|Triple Axel|p1a: Sinistcha
|-damage|p1a: Sinistcha|91/100
|-damage|p2a: Duck & Weave|84/100|[from] item: Rocky Helmet|[of] p1a: Sinistcha
|-damage|p1a: Sinistcha|72/100
|-damage|p2a: Duck & Weave|68/100|[from] item: Rocky Helmet|[of] p1a: Sinistcha
|-damage|p1a: Sinistcha|45/100
|-damage|p2a: Duck & Weave|51/100|[from] item: Rocky Helmet|[of] p1a: Sinistcha
|-hitcount|p1a: Sinistcha|3
|move|p1a: Sinistcha|Matcha Gotcha|p2a: Duck & Weave
|-damage|p2a: Duck & Weave|0 fnt
|-heal|p1a: Sinistcha|66/100|[from] drain|[of] p2a: Duck & Weave
|faint|p2a: Duck & Weave
|
|upkeep
|
|t:|1779949224
|switch|p2a: Milo|Milotic, F, shiny|13/100 brn
|-damage|p2a: Milo|0 fnt|[from] Stealth Rock
|faint|p2a: Milo
|
|win|benjikong14
|raw|benjikong14's rating: 1210 &rarr; <strong>1231</strong><br />(+21 for winning)
|raw|oMudkipp's rating: 1160 &rarr; <strong>1139</strong><br />(-21 for losing)
|l|☆oMudkipp
|player|p2|
|l|☆benjikong14
|player|p1|
