|j|‽frigobarinox
|j|☆claudechamp
|t:|1779827420
|gametype|singles
|player|p1|frigobarinox|veteran|1176
|player|p2|claudechamp|265|1219
|gen|9
|tier|[Gen 9] OU
|rated|
|rule|HP Percentage Mod: HP is shown in percentages
|rule|Endless Battle Clause: Forcing endless battles is banned
|rule|Species Clause: Limit one of each Pokémon
|rule|OHKO Clause: OHKO moves are banned
|rule|Evasion Items Clause: Evasion items are banned
|rule|Evasion Moves Clause: Evasion moves are banned
|rule|Evasion Abilities Clause: Evasion abilities are banned
|rule|Sleep Moves Clause: Sleep-inducing moves are banned
|clearpoke
|poke|p1|Blaziken, M|
|poke|p1|Ninetales, M|
|poke|p1|Venusaur, M|
|poke|p1|Hatterene, F|
|poke|p1|Great Tusk|
|poke|p1|Walking Wake|
|poke|p2|Corviknight, M|
|poke|p2|Ting-Lu|
|poke|p2|Kyurem|
|poke|p2|Dondozo, M|
|poke|p2|Slowking-Galar, M|
|poke|p2|Cinderace, M|
|teampreview
|c|☆claudechamp|hf
|inactive|Battle timer is ON: inactive players will automatically lose when time's up. (requested by claudechamp)
|
|t:|1779827428
|teamsize|p1|6
|teamsize|p2|6
|start
|switch|p1a: Venusaur|Venusaur, M|100/100
|switch|p2a: Cinderace|Cinderace, M|100/100
|turn|1
|
|t:|1779827445
|switch|p2a: Kyurem|Kyurem|100/100
|-ability|p2a: Kyurem|Pressure
|switch|p1a: Ninetales|Ninetales, M|100/100
|-weather|SunnyDay|[from] ability: Drought|[of] p1a: Ninetales
|
|-weather|SunnyDay|[upkeep]
|upkeep
|turn|2
|
|t:|1779827461
|move|p1a: Ninetales|Flamethrower|p2a: Kyurem
|-damage|p2a: Kyurem|62/100
|move|p2a: Kyurem|Earth Power|p1a: Ninetales
|-supereffective|p1a: Ninetales
|-damage|p1a: Ninetales|44/100
|
|-weather|SunnyDay|[upkeep]
|-heal|p2a: Kyurem|69/100|[from] item: Leftovers
|upkeep
|turn|3
|
|t:|1779827470
|move|p1a: Ninetales|Will-O-Wisp|p2a: Kyurem
|-status|p2a: Kyurem|brn
|move|p2a: Kyurem|Earth Power|p1a: Ninetales
|-supereffective|p1a: Ninetales
|-damage|p1a: Ninetales|0 fnt
|faint|p1a: Ninetales
|
|-weather|SunnyDay|[upkeep]
|-heal|p2a: Kyurem|75/100 brn|[from] item: Leftovers
|-damage|p2a: Kyurem|69/100 brn|[from] brn
|upkeep
|
|t:|1779827480
|switch|p1a: Blaziken|Blaziken, M|100/100
|turn|4
|
|t:|1779827484
|move|p2a: Kyurem|Freeze-Dry|p1a: Blaziken
|-resisted|p1a: Blaziken
|-damage|p1a: Blaziken|75/100
|move|p1a: Blaziken|Focus Energy|p1a: Blaziken
|-start|p1a: Blaziken|move: Focus Energy
|
|-weather|SunnyDay|[upkeep]
|-heal|p2a: Kyurem|75/100 brn|[from] item: Leftovers
|-damage|p2a: Kyurem|69/100 brn|[from] brn
|-ability|p1a: Blaziken|Speed Boost|boost
|-boost|p1a: Blaziken|spe|1
|upkeep
|turn|5
|
|t:|1779827498
|move|p1a: Blaziken|Overheat|p2a: Kyurem
|-crit|p2a: Kyurem
|-damage|p2a: Kyurem|0 fnt
|-unboost|p1a: Blaziken|spa|2
|faint|p2a: Kyurem
|
|-weather|SunnyDay|[upkeep]
|-ability|p1a: Blaziken|Speed Boost|boost
|-boost|p1a: Blaziken|spe|1
|upkeep
|
|t:|1779827502
|switch|p2a: Slowking|Slowking-Galar, M|100/100
|turn|6
|
|t:|1779827510
|move|p1a: Blaziken|Overheat|p2a: Slowking
|-crit|p2a: Slowking
|-damage|p2a: Slowking|0 fnt
|-unboost|p1a: Blaziken|spa|2
|faint|p2a: Slowking
|
|-weather|SunnyDay|[upkeep]
|-ability|p1a: Blaziken|Speed Boost|boost
|-boost|p1a: Blaziken|spe|1
|upkeep
|
|t:|1779827516
|switch|p2a: Ting-Lu|Ting-Lu|100/100
|-ability|p2a: Ting-Lu|Vessel of Ruin
|turn|7
|
|t:|1779827523
|move|p1a: Blaziken|Close Combat|p2a: Ting-Lu
|-supereffective|p2a: Ting-Lu
|-crit|p2a: Ting-Lu
|-damage|p2a: Ting-Lu|26/100
|-unboost|p1a: Blaziken|def|1
|-unboost|p1a: Blaziken|spd|1
|move|p2a: Ting-Lu|Earthquake|p1a: Blaziken
|-supereffective|p1a: Blaziken
|-damage|p1a: Blaziken|0 fnt
|faint|p1a: Blaziken
|
|-weather|SunnyDay|[upkeep]
|-heal|p2a: Ting-Lu|32/100|[from] item: Leftovers
|upkeep
|
|t:|1779827537
|switch|p1a: Walking Wake|Walking Wake|100/100
|-activate|p1a: Walking Wake|ability: Protosynthesis
|-start|p1a: Walking Wake|protosynthesisspe
|turn|8
|
|t:|1779827543
|move|p1a: Walking Wake|Hydro Steam|p2a: Ting-Lu
|-supereffective|p2a: Ting-Lu
|-damage|p2a: Ting-Lu|0 fnt
|faint|p2a: Ting-Lu
|
|-weather|none
|-end|p1a: Walking Wake|Protosynthesis
|upkeep
|
|t:|1779827553
|switch|p2a: Dondozo|Dondozo, M|100/100
|turn|9
|
|t:|1779827560
|-end|p1a: Walking Wake|Protosynthesis|[silent]
|switch|p1a: Venusaur|Venusaur, M|100/100
|move|p2a: Dondozo|Curse|p2a: Dondozo
|-unboost|p2a: Dondozo|spe|1
|-boost|p2a: Dondozo|atk|1
|-boost|p2a: Dondozo|def|1
|
|upkeep
|turn|10
|
|t:|1779827571
|move|p1a: Venusaur|Giga Drain|p2a: Dondozo
|-supereffective|p2a: Dondozo
|-crit|p2a: Dondozo
|-damage|p2a: Dondozo|15/100
|-damage|p1a: Venusaur|91/100|[from] item: Life Orb
|move|p2a: Dondozo|Body Press|p1a: Venusaur
|-resisted|p1a: Venusaur
|-damage|p1a: Venusaur|70/100
|
|-heal|p2a: Dondozo|21/100|[from] item: Leftovers
|upkeep
|turn|11
|
|t:|1779827581
|switch|p2a: Corviknight|Corviknight, M|100/100
|-ability|p2a: Corviknight|Pressure
|move|p1a: Venusaur|Giga Drain|p2a: Corviknight
|-resisted|p2a: Corviknight
|-damage|p2a: Corviknight|90/100
|-heal|p1a: Venusaur|77/100|[from] drain|[of] p2a: Corviknight
|-damage|p1a: Venusaur|67/100|[from] item: Life Orb
|
|upkeep
|turn|12
|
|t:|1779827605
|switch|p1a: Walking Wake|Walking Wake|100/100
|move|p2a: Corviknight|Brave Bird|p1a: Walking Wake
|-damage|p1a: Walking Wake|59/100
|-damage|p2a: Corviknight|78/100|[from] Recoil
|
|upkeep
|turn|13
|
|t:|1779827614
|-terastallize|p2a: Corviknight|Dragon
|move|p1a: Walking Wake|Flamethrower|p2a: Corviknight
|-resisted|p2a: Corviknight
|-damage|p2a: Corviknight|57/100
|move|p2a: Corviknight|Brave Bird|p1a: Walking Wake
|-damage|p1a: Walking Wake|19/100
|-damage|p2a: Corviknight|46/100|[from] Recoil
|
|upkeep
|turn|14
|
|t:|1779827626
|-end|p1a: Walking Wake|Protosynthesis|[silent]
|switch|p1a: Hatterene|Hatterene, F|100/100
|move|p2a: Corviknight|Roost|p2a: Corviknight
|-heal|p2a: Corviknight|96/100
|
|upkeep
|turn|15
|
|t:|1779827639
|move|p2a: Corviknight|Brave Bird|p1a: Hatterene
|-damage|p1a: Hatterene|74/100
|-damage|p2a: Corviknight|89/100|[from] Recoil
|move|p1a: Hatterene|Healing Wish|p1a: Hatterene
|faint|p1a: Hatterene
|
|upkeep
|
|t:|1779827645
|switch|p1a: Walking Wake|Walking Wake|19/100
|-heal|p1a: Walking Wake|100/100|[from] move: Healing Wish
|turn|16
|
|t:|1779827653
|move|p1a: Walking Wake|Dragon Pulse|p2a: Corviknight
|-supereffective|p2a: Corviknight
|-damage|p2a: Corviknight|0 fnt
|faint|p2a: Corviknight
|
|upkeep
|
|t:|1779827658
|switch|p2a: Cinderace|Cinderace, M|100/100
|turn|17
|
|t:|1779827665
|-end|p1a: Walking Wake|Protosynthesis|[silent]
|switch|p1a: Great Tusk|Great Tusk|100/100
|move|p2a: Cinderace|U-turn|p1a: Great Tusk
|-resisted|p1a: Great Tusk
|-damage|p1a: Great Tusk|93/100
|
|t:|1779827675
|switch|p2a: Dondozo|Dondozo, M|21/100|[from] U-turn
|
|-heal|p2a: Dondozo|27/100|[from] item: Leftovers
|upkeep
|turn|18
|
|t:|1779827686
|move|p1a: Great Tusk|Stealth Rock|p2a: Dondozo
|-sidestart|p2: claudechamp|move: Stealth Rock
|move|p2a: Dondozo|Rest|p2a: Dondozo
|-status|p2a: Dondozo|slp|[from] move: Rest
|-heal|p2a: Dondozo|100/100 slp|[silent]
|
|upkeep
|turn|19
|
|t:|1779827696
|move|p1a: Great Tusk|Rapid Spin|p2a: Dondozo
|-damage|p2a: Dondozo|90/100 slp
|-boost|p1a: Great Tusk|spe|1
|cant|p2a: Dondozo|slp
|
|-heal|p2a: Dondozo|97/100 slp|[from] item: Leftovers
|upkeep
|turn|20
|
|t:|1779827705
|-end|p1a: Great Tusk|Protosynthesis|[silent]
|switch|p1a: Venusaur|Venusaur, M|67/100
|cant|p2a: Dondozo|slp
|
|-heal|p2a: Dondozo|100/100 slp|[from] item: Leftovers
|upkeep
|turn|21
|
|t:|1779827712
|switch|p2a: Cinderace|Cinderace, M|100/100
|move|p1a: Venusaur|Giga Drain|p2a: Cinderace
|-resisted|p2a: Cinderace
|-damage|p2a: Cinderace|75/100
|-heal|p1a: Venusaur|82/100|[from] drain|[of] p2a: Cinderace
|-damage|p1a: Venusaur|72/100|[from] item: Life Orb
|
|upkeep
|turn|22
|
|t:|1779827728
|-terastallize|p1a: Venusaur|Fire
|move|p2a: Cinderace|Pyro Ball|p1a: Venusaur|[miss]
|-miss|p2a: Cinderace|p1a: Venusaur
|move|p1a: Venusaur|Sludge Bomb|p2a: Cinderace
|-damage|p2a: Cinderace|15/100
|-status|p2a: Cinderace|psn
|-damage|p1a: Venusaur|62/100|[from] item: Life Orb
|
|-damage|p2a: Cinderace|3/100 psn|[from] psn
|upkeep
|turn|23
|
|t:|1779827738
|move|p2a: Cinderace|Court Change|p2a: Cinderace
|-swapsideconditions
|-activate|p2a: Cinderace|move: Court Change
|move|p1a: Venusaur|Giga Drain|p2a: Cinderace
|-resisted|p2a: Cinderace
|-damage|p2a: Cinderace|0 fnt
|-heal|p1a: Venusaur|64/100|[from] drain|[of] p2a: Cinderace
|faint|p2a: Cinderace
|-damage|p1a: Venusaur|54/100|[from] item: Life Orb
|
|upkeep
|
|t:|1779827751
|switch|p2a: Dondozo|Dondozo, M|100/100 slp
|turn|24
|
|t:|1779827769
|move|p1a: Venusaur|Giga Drain|p2a: Dondozo
|-supereffective|p2a: Dondozo
|-damage|p2a: Dondozo|45/100 slp
|-heal|p1a: Venusaur|100/100|[from] drain|[of] p2a: Dondozo
|-damage|p1a: Venusaur|91/100|[from] item: Life Orb
|-curestatus|p2a: Dondozo|slp|[msg]
|move|p2a: Dondozo|Body Press|p1a: Venusaur
|-damage|p1a: Venusaur|63/100
|
|-heal|p2a: Dondozo|51/100|[from] item: Leftovers
|upkeep
|turn|25
|
|t:|1779827779
|move|p1a: Venusaur|Giga Drain|p2a: Dondozo
|-supereffective|p2a: Dondozo
|-damage|p2a: Dondozo|0 fnt
|-heal|p1a: Venusaur|100/100|[from] drain|[of] p2a: Dondozo
|faint|p2a: Dondozo
|-damage|p1a: Venusaur|91/100|[from] item: Life Orb
|
|win|frigobarinox
|raw|frigobarinox's rating: 1176 &rarr; <strong>1202</strong><br />(+26 for winning)
|raw|claudechamp's rating: 1189 &rarr; <strong>1163</strong><br />(-26 for losing)
|c|☆claudechamp|gg
|l|‽frigobarinox
|player|p1|
