|j|☆GrandSagePatate
|j|☆Kakimori
|t:|1779825181
|gametype|singles
|player|p1|GrandSagePatate|twins-gen4dp|1221
|player|p2|Kakimori|266|1223
|gen|9
|tier|[Gen 9] OU
|rated|
|rule|HP Percentage Mod: HP is shown in percentages
|rule|Endless Battle Clause: Forcing endless battles is banned
|rule|Species Clause: Limit one of each Pokémon
|rule|OHKO Clause: OHKO moves are banned
|rule|Evasion Items Clause: Evasion items are banned
|rule|Evasion Moves Clause: Evasion moves are banned
|rule|Evasion Abilities Clause: Evasion abilities are banned
|rule|Sleep Moves Clause: Sleep-inducing moves are banned
|clearpoke
|poke|p1|Iron Hands|
|poke|p1|Weezing-Galar, F|
|poke|p1|Maushold|
|poke|p1|Incineroar, M|
|poke|p1|Primarina, F|
|poke|p1|Klefki, M|
|poke|p2|Mandibuzz, F|
|poke|p2|Skeledirge, F|
|poke|p2|Gliscor, M|
|poke|p2|Gengar, M|
|poke|p2|Milotic, F|
|poke|p2|Conkeldurr, M|
|teampreview
|inactive|Battle timer is ON: inactive players will automatically lose when time's up. (requested by GrandSagePatate)
|
|t:|1779825195
|teamsize|p1|6
|teamsize|p2|6
|start
|switch|p1a: Incineroar|Incineroar, M|100/100
|switch|p2a: Gengar|Gengar, M|100/100
|-ability|p1a: Incineroar|Intimidate|boost
|-unboost|p2a: Gengar|atk|1
|turn|1
|
|t:|1779825209
|switch|p2a: Mandibuzz|Mandibuzz, F|100/100
|move|p1a: Incineroar|Swords Dance|p1a: Incineroar
|-boost|p1a: Incineroar|atk|2
|
|upkeep
|turn|2
|
|t:|1779825216
|move|p1a: Incineroar|Knock Off|p2a: Mandibuzz
|-resisted|p2a: Mandibuzz
|-damage|p2a: Mandibuzz|70/100
|-damage|p1a: Incineroar|84/100|[from] item: Rocky Helmet|[of] p2a: Mandibuzz
|-enditem|p2a: Mandibuzz|Rocky Helmet|[from] move: Knock Off|[of] p1a: Incineroar
|move|p2a: Mandibuzz|Foul Play|p1a: Incineroar
|-resisted|p1a: Incineroar
|-damage|p1a: Incineroar|33/100
|
|upkeep
|turn|3
|
|t:|1779825230
|move|p1a: Incineroar|Flare Blitz|p2a: Mandibuzz
|-damage|p2a: Mandibuzz|0 fnt
|faint|p2a: Mandibuzz
|-damage|p1a: Incineroar|4/100|[from] Recoil
|
|upkeep
|
|t:|1779825237
|switch|p2a: Gengar|Gengar, M|100/100
|turn|4
|
|t:|1779825245
|switch|p1a: Klefki|Klefki, M|100/100
|move|p2a: Gengar|Substitute|p2a: Gengar
|-start|p2a: Gengar|Substitute
|-damage|p2a: Gengar|76/100
|
|-heal|p2a: Gengar|82/100|[from] item: Leftovers
|upkeep
|turn|5
|
|t:|1779825254
|move|p1a: Klefki|Light Screen|p1a: Klefki
|-sidestart|p1: GrandSagePatate|move: Light Screen
|move|p2a: Gengar|Shadow Ball|p1a: Klefki
|-damage|p1a: Klefki|77/100
|
|-heal|p2a: Gengar|88/100|[from] item: Leftovers
|upkeep
|turn|6
|
|t:|1779825267
|switch|p1a: Maushold|Maushold|100/100
|move|p2a: Gengar|Shadow Ball|p1a: Maushold
|-immune|p1a: Maushold
|
|-heal|p2a: Gengar|94/100|[from] item: Leftovers
|upkeep
|turn|7
|
|t:|1779825278
|move|p1a: Maushold|Bullet Seed|p2a: Gengar
|-resisted|p2a: Gengar
|-activate|p2a: Gengar|move: Substitute|[damage]
|-resisted|p2a: Gengar
|-activate|p2a: Gengar|move: Substitute|[damage]
|-resisted|p2a: Gengar
|-end|p2a: Gengar|Substitute
|-hitcount|p2a: Gengar|3
|move|p2a: Gengar|Shadow Ball|p1a: Maushold
|-immune|p1a: Maushold
|
|-heal|p2a: Gengar|99/100|[from] item: Leftovers
|upkeep
|turn|8
|
|t:|1779825293
|move|p1a: Maushold|Tidy Up|p1a: Maushold
|-boost|p1a: Maushold|atk|1
|-boost|p1a: Maushold|spe|1
|move|p2a: Gengar|Substitute|p2a: Gengar
|-start|p2a: Gengar|Substitute
|-damage|p2a: Gengar|75/100
|
|-heal|p2a: Gengar|81/100|[from] item: Leftovers
|upkeep
|turn|9
|
|t:|1779825301
|move|p1a: Maushold|Bullet Seed|p2a: Gengar
|-resisted|p2a: Gengar
|-activate|p2a: Gengar|move: Substitute|[damage]
|-resisted|p2a: Gengar
|-end|p2a: Gengar|Substitute
|-resisted|p2a: Gengar
|-damage|p2a: Gengar|69/100
|-resisted|p2a: Gengar
|-damage|p2a: Gengar|56/100
|-start|p1a: Maushold|Disable|Bullet Seed|[from] ability: Cursed Body|[of] p2a: Gengar
|-hitcount|p2a: Gengar|4
|move|p2a: Gengar|Shadow Ball|p1a: Maushold
|-immune|p1a: Maushold
|
|-heal|p2a: Gengar|63/100|[from] item: Leftovers
|upkeep
|turn|10
|
|t:|1779825324
|switch|p1a: Primarina|Primarina, F|100/100
|move|p2a: Gengar|Substitute|p2a: Gengar
|-start|p2a: Gengar|Substitute
|-damage|p2a: Gengar|38/100
|
|-heal|p2a: Gengar|44/100|[from] item: Leftovers
|upkeep
|turn|11
|
|t:|1779825334
|-terastallize|p1a: Primarina|Steel
|move|p2a: Gengar|Shadow Ball|p1a: Primarina
|-damage|p1a: Primarina|79/100
|move|p1a: Primarina|Hyper Voice|p2a: Gengar
|-crit|p2a: Gengar
|-damage|p2a: Gengar|0 fnt
|-start|p1a: Primarina|Disable|Hyper Voice|[from] ability: Cursed Body|[of] p2a: Gengar
|faint|p2a: Gengar
|
|upkeep
|
|t:|1779825349
|switch|p2a: Conkeldurr|Conkeldurr, M|100/100
|turn|12
|
|t:|1779825360
|switch|p1a: Incineroar|Incineroar, M|4/100
|-ability|p1a: Incineroar|Intimidate|boost
|-unboost|p2a: Conkeldurr|atk|1
|move|p2a: Conkeldurr|Bulk Up|p2a: Conkeldurr
|-boost|p2a: Conkeldurr|atk|1
|-boost|p2a: Conkeldurr|def|1
|
|-sideend|p1: GrandSagePatate|move: Light Screen
|upkeep
|turn|13
|
|t:|1779825369
|move|p2a: Conkeldurr|Mach Punch|p1a: Incineroar
|-supereffective|p1a: Incineroar
|-damage|p1a: Incineroar|0 fnt
|faint|p1a: Incineroar
|
|upkeep
|
|t:|1779825385
|switch|p1a: Maushold|Maushold|100/100
|turn|14
|
|t:|1779825398
|move|p1a: Maushold|Population Bomb|p2a: Conkeldurr
|-damage|p2a: Conkeldurr|94/100
|-damage|p2a: Conkeldurr|88/100
|-damage|p2a: Conkeldurr|81/100
|-damage|p2a: Conkeldurr|74/100
|-damage|p2a: Conkeldurr|67/100
|-damage|p2a: Conkeldurr|61/100
|-damage|p2a: Conkeldurr|53/100
|-damage|p2a: Conkeldurr|46/100
|-damage|p2a: Conkeldurr|40/100
|-damage|p2a: Conkeldurr|33/100
|-hitcount|p2a: Conkeldurr|10
|move|p2a: Conkeldurr|Bulk Up|p2a: Conkeldurr
|-boost|p2a: Conkeldurr|atk|1
|-boost|p2a: Conkeldurr|def|1
|
|-heal|p2a: Conkeldurr|39/100|[from] item: Leftovers
|upkeep
|turn|15
|
|t:|1779825419
|move|p2a: Conkeldurr|Mach Punch|p1a: Maushold
|-supereffective|p1a: Maushold
|-damage|p1a: Maushold|0 fnt
|faint|p1a: Maushold
|
|-heal|p2a: Conkeldurr|45/100|[from] item: Leftovers
|upkeep
|
|t:|1779825429
|switch|p1a: Iron Hands|Iron Hands|100/100
|-enditem|p1a: Iron Hands|Booster Energy
|-activate|p1a: Iron Hands|ability: Quark Drive|[fromitem]
|-start|p1a: Iron Hands|quarkdriveatk
|turn|16
|
|t:|1779825435
|move|p1a: Iron Hands|Drain Punch|p2a: Conkeldurr
|-damage|p2a: Conkeldurr|19/100
|move|p2a: Conkeldurr|Drain Punch|p1a: Iron Hands
|-damage|p1a: Iron Hands|49/100
|-heal|p2a: Conkeldurr|48/100|[from] drain|[of] p1a: Iron Hands
|
|-heal|p2a: Conkeldurr|54/100|[from] item: Leftovers
|upkeep
|turn|17
|
|t:|1779825452
|move|p1a: Iron Hands|Drain Punch|p2a: Conkeldurr
|-damage|p2a: Conkeldurr|26/100
|-heal|p1a: Iron Hands|62/100|[from] drain|[of] p2a: Conkeldurr
|move|p2a: Conkeldurr|Drain Punch|p1a: Iron Hands
|-damage|p1a: Iron Hands|15/100
|-heal|p2a: Conkeldurr|52/100|[from] drain|[of] p1a: Iron Hands
|
|-heal|p2a: Conkeldurr|58/100|[from] item: Leftovers
|upkeep
|turn|18
|
|t:|1779825472
|-end|p1a: Iron Hands|Quark Drive|[silent]
|switch|p1a: Klefki|Klefki, M|77/100
|move|p2a: Conkeldurr|Drain Punch|p1a: Klefki
|-damage|p1a: Klefki|3/100
|-heal|p2a: Conkeldurr|82/100|[from] drain|[of] p1a: Klefki
|
|-heal|p2a: Conkeldurr|88/100|[from] item: Leftovers
|upkeep
|turn|19
|
|t:|1779825481
|move|p1a: Klefki|Thunder Wave|p2a: Conkeldurr
|-status|p2a: Conkeldurr|par
|move|p2a: Conkeldurr|Mach Punch|p1a: Klefki
|-damage|p1a: Klefki|0 fnt
|faint|p1a: Klefki
|
|-heal|p2a: Conkeldurr|94/100 par|[from] item: Leftovers
|upkeep
|
|t:|1779825487
|switch|p1a: Weezing|Weezing-Galar, F|100/100
|-ability|p1a: Weezing|Neutralizing Gas
|turn|20
|
|t:|1779825493
|move|p1a: Weezing|Pain Split|p2a: Conkeldurr
|-sethp|p2a: Conkeldurr|88/100 par|[from] move: Pain Split|[silent]
|-sethp|p1a: Weezing|100/100|[from] move: Pain Split
|cant|p2a: Conkeldurr|par
|
|-heal|p2a: Conkeldurr|95/100 par|[from] item: Leftovers
|upkeep
|turn|21
|
|t:|1779825501
|move|p1a: Weezing|Sludge Bomb|p2a: Conkeldurr
|-damage|p2a: Conkeldurr|63/100 par
|move|p2a: Conkeldurr|Ice Punch|p1a: Weezing
|-damage|p1a: Weezing|71/100
|
|-heal|p2a: Conkeldurr|70/100 par|[from] item: Leftovers
|upkeep
|turn|22
|
|t:|1779825526
|switch|p2a: Milotic|Milotic, F|100/100
|move|p1a: Weezing|Sludge Bomb|p2a: Milotic
|-crit|p2a: Milotic
|-damage|p2a: Milotic|77/100
|
|-heal|p2a: Milotic|83/100|[from] item: Leftovers
|upkeep
|turn|23
|
|t:|1779825534
|move|p2a: Milotic|Scald|p1a: Weezing
|-damage|p1a: Weezing|32/100
|move|p1a: Weezing|Will-O-Wisp|p2a: Milotic
|-status|p2a: Milotic|brn
|
|-heal|p2a: Milotic|89/100 brn|[from] item: Leftovers
|-damage|p2a: Milotic|83/100 brn|[from] brn
|upkeep
|turn|24
|
|t:|1779825544
|move|p2a: Milotic|Scald|p1a: Weezing
|-damage|p1a: Weezing|0 fnt
|faint|p1a: Weezing
|-end|p1a: Weezing|ability: Neutralizing Gas
|
|-heal|p2a: Milotic|89/100 brn|[from] item: Leftovers
|-damage|p2a: Milotic|83/100 brn|[from] brn
|upkeep
|
|t:|1779825547
|switch|p1a: Iron Hands|Iron Hands|15/100
|turn|25
|
|t:|1779825556
|move|p2a: Milotic|Scald|p1a: Iron Hands
|-damage|p1a: Iron Hands|0 fnt
|faint|p1a: Iron Hands
|-end|p1a: Iron Hands|Quark Drive|[silent]
|
|-heal|p2a: Milotic|89/100 brn|[from] item: Leftovers
|-damage|p2a: Milotic|83/100 brn|[from] brn
|upkeep
|
|t:|1779825559
|switch|p1a: Primarina|Primarina, F, tera:Steel|79/100
|turn|26
|
|t:|1779825567
|move|p1a: Primarina|Hyper Voice|p2a: Milotic
|-resisted|p2a: Milotic
|-damage|p2a: Milotic|61/100 brn
|move|p2a: Milotic|Scald|p1a: Primarina
|-damage|p1a: Primarina|50/100
|-status|p1a: Primarina|brn
|
|-heal|p2a: Milotic|67/100 brn|[from] item: Leftovers
|-damage|p1a: Primarina|45/100 brn|[from] brn
|-damage|p2a: Milotic|61/100 brn|[from] brn
|upkeep
|turn|27
|-message|GrandSagePatate forfeited.
|
|win|Kakimori
|raw|GrandSagePatate's rating: 1221 &rarr; <strong>1196</strong><br />(-25 for losing)
|raw|Kakimori's rating: 1223 &rarr; <strong>1248</strong><br />(+25 for winning)
|l|☆GrandSagePatate
|player|p1|
