|j|☆ashmer06
|j|‽aaagislash
|t:|1779872301
|gametype|singles
|player|p1|ashmer06|102|1442
|player|p2|aaagislash|266|1668
|gen|9
|tier|[Gen 9] OU
|rated|
|rule|HP Percentage Mod: HP is shown in percentages
|rule|Endless Battle Clause: Forcing endless battles is banned
|rule|Species Clause: Limit one of each Pokémon
|rule|OHKO Clause: OHKO moves are banned
|rule|Evasion Items Clause: Evasion items are banned
|rule|Evasion Moves Clause: Evasion moves are banned
|rule|Evasion Abilities Clause: Evasion abilities are banned
|rule|Sleep Moves Clause: Sleep-inducing moves are banned
|clearpoke
|poke|p1|Pincurchin, M|
|poke|p1|Iron Crown|
|poke|p1|Hawlucha, F|
|poke|p1|Iron Hands|
|poke|p1|Iron Treads|
|poke|p1|Iron Moth|
|poke|p2|Yanmega, M|
|poke|p2|Moltres|
|poke|p2|Great Tusk|
|poke|p2|Primarina, F|
|poke|p2|Landorus-Therian, M|
|poke|p2|Meowscarada, F|
|teampreview
|inactive|Battle timer is ON: inactive players will automatically lose when time's up. (requested by ashmer06)
|inactive|aaagislash has 120 seconds left.
|
|t:|1779872359
|teamsize|p1|6
|teamsize|p2|6
|start
|switch|p1a: Pincurchin|Pincurchin, M|100/100
|switch|p2a: Primarina|Primarina, F|100/100
|-fieldstart|move: Electric Terrain|[from] ability: Electric Surge|[of] p1a: Pincurchin
|turn|1
|
|t:|1779872371
|switch|p1a: Iron Hands|Iron Hands|100/100
|-activate|p1a: Iron Hands|ability: Quark Drive
|-start|p1a: Iron Hands|quarkdriveatk
|move|p2a: Primarina|Hydro Pump|p1a: Iron Hands
|-damage|p1a: Iron Hands|66/100
|
|upkeep
|turn|2
|
|t:|1779872383
|move|p2a: Primarina|Hydro Pump|p1a: Iron Hands|[miss]
|-miss|p2a: Primarina|p1a: Iron Hands
|move|p1a: Iron Hands|Volt Switch|p2a: Primarina
|-supereffective|p2a: Primarina
|-damage|p2a: Primarina|77/100
|
|t:|1779872391
|-end|p1a: Iron Hands|Quark Drive|[silent]
|switch|p1a: Iron Moth|Iron Moth|100/100|[from] Volt Switch
|-activate|p1a: Iron Moth|ability: Quark Drive
|-start|p1a: Iron Moth|quarkdrivespa
|
|upkeep
|turn|3
|
|t:|1779872400
|-terastallize|p2a: Primarina|Ghost
|move|p1a: Iron Moth|Sludge Wave|p2a: Primarina
|-resisted|p2a: Primarina
|-damage|p2a: Primarina|38/100
|move|p2a: Primarina|Hydro Pump|p1a: Iron Moth
|-supereffective|p1a: Iron Moth
|-damage|p1a: Iron Moth|0 fnt
|faint|p1a: Iron Moth
|-end|p1a: Iron Moth|Quark Drive|[silent]
|
|upkeep
|
|t:|1779872411
|switch|p1a: Iron Crown|Iron Crown|100/100
|-activate|p1a: Iron Crown|ability: Quark Drive
|-start|p1a: Iron Crown|quarkdrivespa
|turn|4
|
|t:|1779872425
|move|p1a: Iron Crown|Tachyon Cutter|p2a: Primarina
|-damage|p2a: Primarina|13/100
|-damage|p2a: Primarina|0 fnt
|faint|p2a: Primarina
|-hitcount|p2: Primarina|2
|
|upkeep
|
|t:|1779872428
|switch|p2a: Meowscarada|Meowscarada, F|100/100
|turn|5
|
|t:|1779872446
|-end|p1a: Iron Crown|Quark Drive|[silent]
|switch|p1a: Hawlucha|Hawlucha, F|100/100
|-enditem|p1a: Hawlucha|Electric Seed
|-boost|p1a: Hawlucha|def|1|[from] item: Electric Seed
|move|p2a: Meowscarada|Shadow Ball|p1a: Hawlucha
|-start|p2a: Meowscarada|typechange|Ghost|[from] ability: Protean
|-damage|p1a: Hawlucha|57/100
|
|upkeep
|turn|6
|inactive|ashmer06 has 120 seconds left.
|
|t:|1779872478
|switch|p1a: Iron Hands|Iron Hands|66/100
|-activate|p1a: Iron Hands|ability: Quark Drive
|-start|p1a: Iron Hands|quarkdriveatk
|move|p2a: Meowscarada|Shadow Ball|p1a: Iron Hands
|-damage|p1a: Iron Hands|49/100
|
|upkeep
|turn|7
|
|t:|1779872487
|switch|p2a: Great Tusk|Great Tusk|100/100
|-enditem|p2a: Great Tusk|Booster Energy
|-activate|p2a: Great Tusk|ability: Protosynthesis|[fromitem]
|-start|p2a: Great Tusk|protosynthesisatk
|move|p1a: Iron Hands|Volt Switch|p2a: Great Tusk
|-immune|p2a: Great Tusk
|
|upkeep
|turn|8
|
|t:|1779872497
|-end|p1a: Iron Hands|Quark Drive|[silent]
|switch|p1a: Hawlucha|Hawlucha, F|57/100
|move|p2a: Great Tusk|Bulk Up|p2a: Great Tusk
|-boost|p2a: Great Tusk|atk|1
|-boost|p2a: Great Tusk|def|1
|
|-fieldend|move: Electric Terrain
|upkeep
|turn|9
|
|t:|1779872501
|move|p2a: Great Tusk|Rapid Spin|p1a: Hawlucha
|-damage|p1a: Hawlucha|16/100
|-boost|p2a: Great Tusk|spe|1
|move|p1a: Hawlucha|Encore|p2a: Great Tusk
|-start|p2a: Great Tusk|Encore
|
|upkeep
|turn|10
|
|t:|1779872519
|-end|p2a: Great Tusk|Protosynthesis|[silent]
|switch|p2a: Meowscarada|Meowscarada, F|100/100
|move|p1a: Hawlucha|Acrobatics|p2a: Meowscarada
|-supereffective|p2a: Meowscarada
|-damage|p2a: Meowscarada|0 fnt
|faint|p2a: Meowscarada
|
|upkeep
|
|t:|1779872524
|switch|p2a: Landorus|Landorus-Therian, M|100/100
|-ability|p2a: Landorus|Intimidate|boost
|-unboost|p1a: Hawlucha|atk|1
|turn|11
|
|t:|1779872534
|switch|p1a: Pincurchin|Pincurchin, M|100/100
|-fieldstart|move: Electric Terrain|[from] ability: Electric Surge|[of] p1a: Pincurchin
|move|p2a: Landorus|Stealth Rock|p1a: Pincurchin
|-sidestart|p1: ashmer06|move: Stealth Rock
|
|upkeep
|turn|12
|
|t:|1779872540
|switch|p1a: Hawlucha|Hawlucha, F|16/100
|-damage|p1a: Hawlucha|3/100|[from] Stealth Rock
|move|p2a: Landorus|Earthquake|p1a: Hawlucha
|-immune|p1a: Hawlucha
|
|upkeep
|turn|13
|
|t:|1779872562
|switch|p2a: Great Tusk|Great Tusk|100/100
|move|p1a: Hawlucha|Acrobatics|p2a: Great Tusk
|-supereffective|p2a: Great Tusk
|-damage|p2a: Great Tusk|32/100
|
|upkeep
|turn|14
|
|t:|1779872568
|move|p2a: Great Tusk|Rapid Spin|p1a: Hawlucha
|-damage|p1a: Hawlucha|0 fnt
|-boost|p2a: Great Tusk|spe|1
|faint|p1a: Hawlucha
|
|upkeep
|
|t:|1779872581
|switch|p1a: Iron Treads|Iron Treads|100/100
|-activate|p1a: Iron Treads|ability: Quark Drive
|-start|p1a: Iron Treads|quarkdrivespe
|turn|15
|
|t:|1779872592
|move|p1a: Iron Treads|Body Press|p2a: Great Tusk
|-damage|p2a: Great Tusk|12/100
|move|p2a: Great Tusk|Close Combat|p1a: Iron Treads
|-supereffective|p1a: Iron Treads
|-damage|p1a: Iron Treads|11/100
|-unboost|p2a: Great Tusk|def|1
|-unboost|p2a: Great Tusk|spd|1
|
|upkeep
|turn|16
|
|t:|1779872603
|-end|p2a: Great Tusk|Protosynthesis|[silent]
|switch|p2a: Moltres|Moltres|100/100
|move|p1a: Iron Treads|Rapid Spin|p2a: Moltres
|-damage|p2a: Moltres|86/100
|-boost|p1a: Iron Treads|spe|1
|-sideend|p1: ashmer06|Stealth Rock|[from] move: Rapid Spin|[of] p1a: Iron Treads
|
|upkeep
|turn|17
|
|t:|1779872637
|-end|p1a: Iron Treads|Quark Drive|[silent]
|switch|p1a: Iron Hands|Iron Hands|49/100
|-activate|p1a: Iron Hands|ability: Quark Drive
|-start|p1a: Iron Hands|quarkdriveatk
|move|p2a: Moltres|Agility|p2a: Moltres
|-boost|p2a: Moltres|spe|2
|
|upkeep
|turn|18
|inactive|ashmer06 has 120 seconds left.
|
|t:|1779872666
|switch|p2a: Great Tusk|Great Tusk|12/100
|move|p1a: Iron Hands|Supercell Slam|p2a: Great Tusk
|-immune|p2a: Great Tusk
|-damage|p1a: Iron Hands|0 fnt|[from] supercellslam
|faint|p1a: Iron Hands
|-end|p1a: Iron Hands|Quark Drive|[silent]
|
|-fieldend|move: Electric Terrain
|upkeep
|
|t:|1779872669
|switch|p1a: Iron Crown|Iron Crown|100/100
|turn|19
|
|t:|1779872672
|move|p1a: Iron Crown|Tachyon Cutter|p2a: Great Tusk
|-damage|p2a: Great Tusk|0 fnt
|faint|p2a: Great Tusk
|-end|p2a: Great Tusk|Protosynthesis|[silent]
|-hitcount|p2: Great Tusk|1
|
|upkeep
|
|t:|1779872675
|switch|p2a: Moltres|Moltres|86/100
|turn|20
|
|t:|1779872696
|-end|p1a: Iron Crown|Quark Drive|[silent]
|switch|p1a: Pincurchin|Pincurchin, M|100/100
|-fieldstart|move: Electric Terrain|[from] ability: Electric Surge|[of] p1a: Pincurchin
|move|p2a: Moltres|Agility|p2a: Moltres
|-boost|p2a: Moltres|spe|2
|
|upkeep
|turn|21
|
|t:|1779872719
|move|p2a: Moltres|Flamethrower|p1a: Pincurchin
|-damage|p1a: Pincurchin|41/100
|-damage|p2a: Moltres|76/100|[from] item: Life Orb
|move|p1a: Pincurchin|Scald|p2a: Moltres
|-supereffective|p2a: Moltres
|-damage|p2a: Moltres|31/100
|
|upkeep
|turn|22
|
|t:|1779872730
|move|p2a: Moltres|Flamethrower|p1a: Pincurchin
|-damage|p1a: Pincurchin|0 fnt
|faint|p1a: Pincurchin
|-damage|p2a: Moltres|21/100|[from] item: Life Orb
|
|upkeep
|
|t:|1779872732
|switch|p1a: Iron Crown|Iron Crown|100/100
|-activate|p1a: Iron Crown|ability: Quark Drive
|-start|p1a: Iron Crown|quarkdrivespa
|turn|23
|
|t:|1779872735
|move|p2a: Moltres|Flamethrower|p1a: Iron Crown
|-supereffective|p1a: Iron Crown
|-damage|p1a: Iron Crown|0 fnt
|faint|p1a: Iron Crown
|-end|p1a: Iron Crown|Quark Drive|[silent]
|-damage|p2a: Moltres|11/100|[from] item: Life Orb
|
|upkeep
|
|t:|1779872739
|switch|p1a: Iron Treads|Iron Treads|11/100
|-activate|p1a: Iron Treads|ability: Quark Drive
|-start|p1a: Iron Treads|quarkdrivespe
|turn|24
|
|t:|1779872742
|move|p2a: Moltres|Flamethrower|p1a: Iron Treads
|-supereffective|p1a: Iron Treads
|-damage|p1a: Iron Treads|0 fnt
|faint|p1a: Iron Treads
|-end|p1a: Iron Treads|Quark Drive|[silent]
|-damage|p2a: Moltres|1/100|[from] item: Life Orb
|
|win|aaagislash
|raw|ashmer06's rating: 1460 &rarr; <strong>1451</strong><br />(-9 for losing)
|raw|aaagislash's rating: 1668 &rarr; <strong>1677</strong><br />(+9 for winning)
|l|‽aaagislash
|player|p2|
|l|☆ashmer06
|player|p1|
