|j|☆claudechamp
|j|☆raptors in 6
|t:|1779858459
|gametype|singles
|player|p1|claudechamp|169|1313
|player|p2|raptors in 6|265|1321
|gen|9
|tier|[Gen 9] OU
|rated|
|rule|HP Percentage Mod: HP is shown in percentages
|rule|Endless Battle Clause: Forcing endless battles is banned
|rule|Species Clause: Limit one of each Pokémon
|rule|OHKO Clause: OHKO moves are banned
|rule|Evasion Items Clause: Evasion items are banned
|rule|Evasion Moves Clause: Evasion moves are banned
|rule|Evasion Abilities Clause: Evasion abilities are banned
|rule|Sleep Moves Clause: Sleep-inducing moves are banned
|clearpoke
|poke|p1|Gliscor, F|
|poke|p1|Ogerpon, F|
|poke|p1|Walking Wake|
|poke|p1|Blissey, F|
|poke|p1|Corviknight, M|
|poke|p1|Pecharunt|
|poke|p2|Walking Wake|
|poke|p2|Cinderace, M|
|poke|p2|Wo-Chien|
|poke|p2|Slither Wing|
|poke|p2|Torkoal, M|
|poke|p2|Hatterene, F|
|teampreview
|inactive|Battle timer is ON: inactive players will automatically lose when time's up. (requested by raptors in 6)
|c|☆claudechamp|hf
|c|☆raptors in 6|u2
|
|t:|1779858471
|teamsize|p1|6
|teamsize|p2|6
|start
|switch|p1a: Gliscor|Gliscor, F|100/100
|switch|p2a: Hatterene|Hatterene, F|100/100
|-item|p2a: Hatterene|Air Balloon
|turn|1
|inactive|claudechamp also wants the timer to be on.
|
|t:|1779858489
|move|p1a: Gliscor|Protect|p1a: Gliscor
|-singleturn|p1a: Gliscor|Protect
|move|p2a: Hatterene|Psychic Noise|p1a: Gliscor
|-activate|p1a: Gliscor|move: Protect
|
|-status|p1a: Gliscor|tox|[from] item: Toxic Orb
|upkeep
|turn|2
|
|t:|1779858492
|switch|p1a: Blissey|Blissey, F|100/100
|move|p2a: Hatterene|Psychic Noise|p1a: Blissey
|-damage|p1a: Blissey|91/100
|-start|p1a: Blissey|move: Heal Block
|
|upkeep
|turn|3
|
|t:|1779858497
|move|p1a: Blissey|Seismic Toss|p2a: Hatterene
|-damage|p2a: Hatterene|69/100
|-enditem|p2a: Hatterene|Air Balloon
|move|p2a: Hatterene|Nuzzle|p1a: Blissey
|-crit|p1a: Blissey
|-damage|p1a: Blissey|85/100
|-status|p1a: Blissey|par
|
|-end|p1a: Blissey|move: Heal Block
|upkeep
|turn|4
|
|t:|1779858502
|switch|p2a: Slither Wing|Slither Wing|100/100
|move|p1a: Blissey|Seismic Toss|p2a: Slither Wing
|-damage|p2a: Slither Wing|69/100
|
|upkeep
|turn|5
|
|t:|1779858505
|-curestatus|p1a: Blissey|par|[from] ability: Natural Cure|[silent]
|switch|p1a: Pecharunt|Pecharunt|100/100
|move|p2a: Slither Wing|U-turn|p1a: Pecharunt
|-resisted|p1a: Pecharunt
|-damage|p1a: Pecharunt|95/100
|
|t:|1779858511
|-end|p2a: Slither Wing|Protosynthesis|[silent]
|switch|p2a: Hatterene|Hatterene, F|69/100|[from] U-turn
|
|upkeep
|turn|6
|
|t:|1779858514
|move|p1a: Pecharunt|Malignant Chain|p2a: Hatterene
|-supereffective|p2a: Hatterene
|-damage|p2a: Hatterene|10/100
|-status|p2a: Hatterene|tox
|-start|p2a: Hatterene|confusion|[from] ability: Poison Puppeteer|[of] p1a: Pecharunt
|-activate|p2a: Hatterene|confusion
|move|p2a: Hatterene|Nuzzle|p1a: Pecharunt
|-damage|p1a: Pecharunt|93/100
|-status|p1a: Pecharunt|par
|
|-damage|p2a: Hatterene|4/100 tox|[from] psn
|upkeep
|turn|7
|
|t:|1779858524
|switch|p1a: Blissey|Blissey, F|85/100
|-end|p2a: Hatterene|confusion
|move|p2a: Hatterene|Psychic Noise|p1a: Blissey
|-damage|p1a: Blissey|74/100
|-start|p1a: Blissey|move: Heal Block
|
|-damage|p2a: Hatterene|0 fnt|[from] psn
|faint|p2a: Hatterene
|upkeep
|
|t:|1779858530
|switch|p2a: Torkoal|Torkoal, M|100/100
|-weather|SunnyDay|[from] ability: Drought|[of] p2a: Torkoal
|turn|8
|
|t:|1779858533
|move|p1a: Blissey|Seismic Toss|p2a: Torkoal
|-damage|p2a: Torkoal|71/100
|move|p2a: Torkoal|Stealth Rock|p1a: Blissey
|-sidestart|p1: claudechamp|move: Stealth Rock
|
|-weather|SunnyDay|[upkeep]
|-end|p1a: Blissey|move: Heal Block
|upkeep
|turn|9
|
|t:|1779858538
|switch|p2a: Cinderace|Cinderace, M|100/100
|-item|p2a: Cinderace|Air Balloon
|move|p1a: Blissey|Stealth Rock|p2a: Cinderace
|-sidestart|p2: raptors in 6|move: Stealth Rock
|
|-weather|SunnyDay|[upkeep]
|upkeep
|turn|10
|
|t:|1779858542
|switch|p1a: Walking Wake|Walking Wake|100/100
|-activate|p1a: Walking Wake|ability: Protosynthesis
|-start|p1a: Walking Wake|protosynthesisspe
|move|p2a: Cinderace|Pyro Ball|p1a: Walking Wake
|-resisted|p1a: Walking Wake
|-damage|p1a: Walking Wake|77/100
|
|-weather|SunnyDay|[upkeep]
|upkeep
|turn|11
|
|t:|1779858551
|switch|p2a: Slither Wing|Slither Wing|69/100
|-damage|p2a: Slither Wing|57/100|[from] Stealth Rock
|-activate|p2a: Slither Wing|ability: Protosynthesis
|-start|p2a: Slither Wing|protosynthesisatk
|move|p1a: Walking Wake|Surf|p2a: Slither Wing
|-damage|p2a: Slither Wing|41/100
|
|-weather|SunnyDay|[upkeep]
|upkeep
|turn|12
|
|t:|1779858556
|move|p2a: Slither Wing|First Impression|p1a: Walking Wake
|-damage|p1a: Walking Wake|6/100
|move|p1a: Walking Wake|Surf|p2a: Slither Wing
|-damage|p2a: Slither Wing|26/100
|
|-weather|SunnyDay|[upkeep]
|upkeep
|turn|13
|
|t:|1779858562
|move|p1a: Walking Wake|Surf|p2a: Slither Wing
|-damage|p2a: Slither Wing|9/100
|move|p2a: Slither Wing|Earthquake|p1a: Walking Wake
|-damage|p1a: Walking Wake|0 fnt
|faint|p1a: Walking Wake
|-end|p1a: Walking Wake|Protosynthesis|[silent]
|
|-weather|SunnyDay|[upkeep]
|upkeep
|
|t:|1779858565
|switch|p1a: Gliscor|Gliscor, F|100/100 tox
|-damage|p1a: Gliscor|88/100 tox|[from] Stealth Rock
|turn|14
|
|t:|1779858569
|move|p2a: Slither Wing|Temper Flare|p1a: Gliscor
|-damage|p1a: Gliscor|45/100 tox
|move|p1a: Gliscor|Spikes|p2a: Slither Wing
|-sidestart|p2: raptors in 6|Spikes
|
|-weather|SunnyDay|[upkeep]
|-heal|p1a: Gliscor|58/100 tox|[from] ability: Poison Heal
|upkeep
|turn|15
|
|t:|1779858573
|move|p1a: Gliscor|Protect|p1a: Gliscor
|-singleturn|p1a: Gliscor|Protect
|move|p2a: Slither Wing|Temper Flare|p1a: Gliscor
|-activate|p1a: Gliscor|move: Protect
|
|-weather|none
|-end|p2a: Slither Wing|Protosynthesis
|-heal|p1a: Gliscor|70/100 tox|[from] ability: Poison Heal
|upkeep
|turn|16
|
|t:|1779858580
|move|p2a: Slither Wing|Temper Flare|p1a: Gliscor
|-damage|p1a: Gliscor|49/100 tox
|move|p1a: Gliscor|Spikes|p2a: Slither Wing
|-sidestart|p2: raptors in 6|Spikes
|
|-heal|p1a: Gliscor|62/100 tox|[from] ability: Poison Heal
|upkeep
|turn|17
|
|t:|1779858587
|move|p1a: Gliscor|Protect|p1a: Gliscor
|-singleturn|p1a: Gliscor|Protect
|move|p2a: Slither Wing|Temper Flare|p1a: Gliscor
|-activate|p1a: Gliscor|move: Protect
|
|-heal|p1a: Gliscor|74/100 tox|[from] ability: Poison Heal
|upkeep
|turn|18
|
|t:|1779858593
|move|p2a: Slither Wing|U-turn|p1a: Gliscor
|-resisted|p1a: Gliscor
|-damage|p1a: Gliscor|57/100 tox
|
|t:|1779858596
|-end|p2a: Slither Wing|Protosynthesis|[silent]
|switch|p2a: Walking Wake|Walking Wake|100/100|[from] U-turn
|-damage|p2a: Walking Wake|88/100|[from] Stealth Rock
|-damage|p2a: Walking Wake|72/100|[from] Spikes
|move|p1a: Gliscor|Spikes|p2a: Walking Wake
|-sidestart|p2: raptors in 6|Spikes
|
|-heal|p1a: Gliscor|69/100 tox|[from] ability: Poison Heal
|upkeep
|turn|19
|
|t:|1779858603
|move|p2a: Walking Wake|Flip Turn|p1a: Gliscor
|-supereffective|p1a: Gliscor
|-damage|p1a: Gliscor|43/100 tox
|
|t:|1779858606
|-end|p2a: Walking Wake|Protosynthesis|[silent]
|switch|p2a: Torkoal|Torkoal, M|71/100|[from] Flip Turn
|-damage|p2a: Torkoal|47/100|[from] Stealth Rock
|-damage|p2a: Torkoal|22/100|[from] Spikes
|-weather|SunnyDay|[from] ability: Drought|[of] p2a: Torkoal
|move|p1a: Gliscor|Toxic|p2a: Torkoal
|-status|p2a: Torkoal|tox
|
|-weather|SunnyDay|[upkeep]
|-heal|p1a: Gliscor|56/100 tox|[from] ability: Poison Heal
|-damage|p2a: Torkoal|16/100 tox|[from] psn
|upkeep
|turn|20
|
|t:|1779858608
|move|p1a: Gliscor|Earthquake|p2a: Torkoal
|-supereffective|p2a: Torkoal
|-damage|p2a: Torkoal|0 fnt
|faint|p2a: Torkoal
|
|-weather|SunnyDay|[upkeep]
|-heal|p1a: Gliscor|68/100 tox|[from] ability: Poison Heal
|upkeep
|-message|raptors in 6 forfeited.
|
|win|claudechamp
|raw|claudechamp's rating: 1294 &rarr; <strong>1321</strong><br />(+27 for winning)
|raw|raptors in 6's rating: 1321 &rarr; <strong>1299</strong><br />(-22 for losing)
|c|☆claudechamp|gg
|l|☆raptors in 6
|player|p2|
|l|☆claudechamp
|player|p1|
