|j|☆plsbringregi
|j|☆aflyingmermaid
|t:|1779819981
|gametype|singles
|player|p1|plsbringregi|265|1628
|player|p2|aflyingmermaid|1|1675
|gen|9
|tier|[Gen 9] OU
|rated|
|rule|HP Percentage Mod: HP is shown in percentages
|rule|Endless Battle Clause: Forcing endless battles is banned
|rule|Species Clause: Limit one of each Pokémon
|rule|OHKO Clause: OHKO moves are banned
|rule|Evasion Items Clause: Evasion items are banned
|rule|Evasion Moves Clause: Evasion moves are banned
|rule|Evasion Abilities Clause: Evasion abilities are banned
|rule|Sleep Moves Clause: Sleep-inducing moves are banned
|clearpoke
|poke|p1|Walking Wake|
|poke|p1|Glimmora, M|
|poke|p1|Gliscor, F|
|poke|p1|Iron Valiant|
|poke|p1|Gholdengo|
|poke|p1|Moltres|
|poke|p2|Samurott-Hisui, M|
|poke|p2|Gholdengo|
|poke|p2|Great Tusk|
|poke|p2|Kingambit, M|
|poke|p2|Kyurem|
|poke|p2|Zapdos|
|teampreview
|
|t:|1779819998
|teamsize|p1|6
|teamsize|p2|6
|start
|switch|p1a: Glimmora|Glimmora, M|100/100
|switch|p2a: Zapdos|Zapdos|100/100
|turn|1
|
|t:|1779820010
|move|p2a: Zapdos|Discharge|p1a: Glimmora
|-crit|p1a: Glimmora
|-damage|p1a: Glimmora|23/100
|-enditem|p1a: Glimmora|Red Card|[of] p2a: Zapdos
|drag|p2a: Gholdengo|Gholdengo|100/100
|move|p1a: Glimmora|Power Gem|p2a: Gholdengo
|-resisted|p2a: Gholdengo
|-damage|p2a: Gholdengo|75/100
|
|upkeep
|turn|2
|
|t:|1779820027
|move|p1a: Glimmora|Stealth Rock|p2a: Gholdengo
|-sidestart|p2: aflyingmermaid|move: Stealth Rock
|move|p2a: Gholdengo|Shadow Ball|p1a: Glimmora
|-crit|p1a: Glimmora
|-damage|p1a: Glimmora|0 fnt
|faint|p1a: Glimmora
|
|upkeep
|
|t:|1779820030
|switch|p1a: Gholdengo|Gholdengo|100/100
|turn|3
|
|t:|1779820034
|switch|p2a: Samurott|Samurott-Hisui, M|100/100
|-damage|p2a: Samurott|88/100|[from] Stealth Rock
|move|p1a: Gholdengo|Shadow Ball|p2a: Samurott
|-resisted|p2a: Samurott
|-damage|p2a: Samurott|75/100
|-unboost|p2a: Samurott|spd|1
|
|upkeep
|turn|4
|
|t:|1779820042
|switch|p1a: Iron Valiant|Iron Valiant|100/100
|-enditem|p1a: Iron Valiant|Booster Energy
|-activate|p1a: Iron Valiant|ability: Quark Drive|[fromitem]
|-start|p1a: Iron Valiant|quarkdrivespe
|move|p2a: Samurott|Ceaseless Edge|p1a: Iron Valiant
|-resisted|p1a: Iron Valiant
|-damage|p1a: Iron Valiant|88/100
|-sidestart|p1: plsbringregi|Spikes
|
|upkeep
|turn|5
|
|t:|1779820055
|switch|p2a: Gholdengo|Gholdengo|75/100
|-damage|p2a: Gholdengo|69/100|[from] Stealth Rock
|move|p1a: Iron Valiant|Moonblast|p2a: Gholdengo
|-resisted|p2a: Gholdengo
|-damage|p2a: Gholdengo|41/100
|
|upkeep
|turn|6
|
|t:|1779820061
|move|p1a: Iron Valiant|Knock Off|p2a: Gholdengo
|-supereffective|p2a: Gholdengo
|-damage|p2a: Gholdengo|0 fnt
|-enditem|p2a: Gholdengo|Covert Cloak|[from] move: Knock Off|[of] p1a: Iron Valiant
|faint|p2a: Gholdengo
|
|upkeep
|
|t:|1779820064
|switch|p2a: Zapdos|Zapdos|100/100
|turn|7
|
|t:|1779820072
|-end|p1a: Iron Valiant|Quark Drive|[silent]
|switch|p1a: Gliscor|Gliscor, F|100/100
|move|p2a: Zapdos|Hurricane|p1a: Gliscor
|-damage|p1a: Gliscor|52/100
|-start|p1a: Gliscor|confusion
|
|-status|p1a: Gliscor|tox|[from] item: Toxic Orb
|upkeep
|turn|8
|
|t:|1779820085
|move|p2a: Zapdos|Hurricane|p1a: Gliscor
|-damage|p1a: Gliscor|4/100 tox
|-activate|p1a: Gliscor|confusion
|-damage|p1a: Gliscor|0 fnt|[from] confusion
|faint|p1a: Gliscor
|
|upkeep
|
|t:|1779820090
|switch|p1a: Gholdengo|Gholdengo|100/100
|-damage|p1a: Gholdengo|88/100|[from] Spikes
|turn|9
|c|☆aflyingmermaid|my bad
|
|t:|1779820095
|switch|p2a: Samurott|Samurott-Hisui, M|75/100
|-damage|p2a: Samurott|63/100|[from] Stealth Rock
|move|p1a: Gholdengo|Shadow Ball|p2a: Samurott
|-resisted|p2a: Samurott
|-damage|p2a: Samurott|50/100
|-unboost|p2a: Samurott|spd|1
|
|upkeep
|turn|10
|
|t:|1779820108
|move|p1a: Gholdengo|Shadow Ball|p2a: Samurott
|-resisted|p2a: Samurott
|-damage|p2a: Samurott|31/100
|move|p2a: Samurott|Razor Shell|p1a: Gholdengo
|-damage|p1a: Gholdengo|38/100
|
|upkeep
|turn|11
|
|t:|1779820111
|move|p1a: Gholdengo|Shadow Ball|p2a: Samurott
|-resisted|p2a: Samurott
|-damage|p2a: Samurott|13/100
|move|p2a: Samurott|Ceaseless Edge|p1a: Gholdengo
|-supereffective|p1a: Gholdengo
|-damage|p1a: Gholdengo|0 fnt
|-sidestart|p1: plsbringregi|Spikes
|faint|p1a: Gholdengo
|
|upkeep
|
|t:|1779820115
|switch|p1a: Walking Wake|Walking Wake|100/100
|turn|12
|
|t:|1779820118
|move|p1a: Walking Wake|Surf|p2a: Samurott
|-resisted|p2a: Samurott
|-damage|p2a: Samurott|0 fnt
|faint|p2a: Samurott
|
|upkeep
|
|t:|1779820124
|switch|p2a: Kyurem|Kyurem|100/100
|-damage|p2a: Kyurem|76/100|[from] Stealth Rock
|-ability|p2a: Kyurem|Pressure
|turn|13
|
|t:|1779820127
|move|p2a: Kyurem|Freeze-Dry|p1a: Walking Wake
|-supereffective|p1a: Walking Wake
|-damage|p1a: Walking Wake|0 fnt
|faint|p1a: Walking Wake
|-end|p1a: Walking Wake|Protosynthesis|[silent]
|
|upkeep
|
|t:|1779820131
|switch|p1a: Moltres|Moltres|100/100
|turn|14
|
|t:|1779820141
|switch|p2a: Great Tusk|Great Tusk|100/100
|-damage|p2a: Great Tusk|98/100|[from] Stealth Rock
|move|p1a: Moltres|Flamethrower|p2a: Great Tusk
|-damage|p2a: Great Tusk|36/100
|
|upkeep
|turn|15
|
|t:|1779820146
|move|p2a: Great Tusk|Stealth Rock|p1a: Moltres
|-sidestart|p1: plsbringregi|move: Stealth Rock
|move|p1a: Moltres|Flamethrower|p2a: Great Tusk
|-damage|p2a: Great Tusk|0 fnt
|faint|p2a: Great Tusk
|-end|p2a: Great Tusk|Protosynthesis|[silent]
|
|upkeep
|
|t:|1779820150
|switch|p2a: Zapdos|Zapdos|100/100
|turn|16
|
|t:|1779820153
|-terastallize|p1a: Moltres|Fairy
|move|p2a: Zapdos|Discharge|p1a: Moltres
|-damage|p1a: Moltres|57/100
|move|p1a: Moltres|Flamethrower|p2a: Zapdos
|-damage|p2a: Zapdos|58/100
|
|upkeep
|turn|17
|-message|plsbringregi forfeited.
|
|win|aflyingmermaid
|raw|plsbringregi's rating: 1628 &rarr; <strong>1611</strong><br />(-17 for losing)
|raw|aflyingmermaid's rating: 1675 &rarr; <strong>1692</strong><br />(+17 for winning)
|l|☆plsbringregi
|player|p1|
|l|☆aflyingmermaid
|player|p2|
