|j|☆choispecs ironmoth
|j|☆ricky135
|t:|1779891382
|gametype|singles
|player|p1|choispecs ironmoth|lucas|1568
|player|p2|ricky135|ghetsis-gen5bw|1539
|gen|9
|tier|[Gen 9] OU
|rated|
|rule|HP Percentage Mod: HP is shown in percentages
|rule|Endless Battle Clause: Forcing endless battles is banned
|rule|Species Clause: Limit one of each Pokémon
|rule|OHKO Clause: OHKO moves are banned
|rule|Evasion Items Clause: Evasion items are banned
|rule|Evasion Moves Clause: Evasion moves are banned
|rule|Evasion Abilities Clause: Evasion abilities are banned
|rule|Sleep Moves Clause: Sleep-inducing moves are banned
|clearpoke
|poke|p1|Kyurem|
|poke|p1|Cinderace, F|
|poke|p1|Kingambit, F|
|poke|p1|Landorus-Therian, M|
|poke|p1|Iron Valiant|
|poke|p1|Slowking-Galar, F|
|poke|p2|Enamorus-Therian, F|
|poke|p2|Iron Treads|
|poke|p2|Kyurem|
|poke|p2|Greninja-*, M|
|poke|p2|Cinderace, F|
|poke|p2|Electrode-Hisui|
|teampreview
|inactive|Battle timer is ON: inactive players will automatically lose when time's up. (requested by ricky135)
|j| kirbfan234
|
|t:|1779891396
|teamsize|p1|6
|teamsize|p2|6
|start
|switch|p1a: Landorus|Landorus-Therian, M|100/100
|switch|p2a: Enamorus|Enamorus-Therian, F|100/100
|-ability|p1a: Landorus|Intimidate|boost
|-unboost|p2a: Enamorus|atk|1
|turn|1
|
|t:|1779891400
|move|p1a: Landorus|U-turn|p2a: Enamorus
|-resisted|p2a: Enamorus
|-damage|p2a: Enamorus|95/100
|
|t:|1779891402
|switch|p1a: Slowking|Slowking-Galar, F|100/100|[from] U-turn
|move|p2a: Enamorus|Moonblast|p1a: Slowking
|-resisted|p1a: Slowking
|-damage|p1a: Slowking|84/100
|
|upkeep
|turn|2
|
|t:|1779891407
|move|p2a: Enamorus|Earth Power|p1a: Slowking
|-supereffective|p1a: Slowking
|-damage|p1a: Slowking|39/100
|-prepare|p1a: Slowking|Chilly Reception|[premajor]
|move|p1a: Slowking|Chilly Reception|p1a: Slowking
|-weather|Snowscape
|
|t:|1779891412
|switch|p1a: Kyurem|Kyurem|100/100|[from] Chilly Reception
|-ability|p1a: Kyurem|Pressure
|
|-weather|Snowscape|[upkeep]
|upkeep
|turn|3
|
|t:|1779891416
|switch|p2a: Iron Treads|Iron Treads|100/100
|move|p1a: Kyurem|Blizzard|p2a: Iron Treads
|-damage|p2a: Iron Treads|24/100
|
|-weather|Snowscape|[upkeep]
|upkeep
|turn|4
|
|t:|1779891424
|move|p2a: Iron Treads|Stealth Rock|p1a: Kyurem
|-sidestart|p1: choispecs ironmoth|move: Stealth Rock
|move|p1a: Kyurem|Blizzard|p2a: Iron Treads
|-crit|p2a: Iron Treads
|-damage|p2a: Iron Treads|0 fnt
|faint|p2a: Iron Treads
|-end|p2a: Iron Treads|Quark Drive|[silent]
|
|-weather|Snowscape|[upkeep]
|upkeep
|
|t:|1779891428
|switch|p2a: Cinderace|Cinderace, F, shiny|100/100
|turn|5
|
|t:|1779891437
|switch|p2a: Kyurem|Kyurem|100/100
|-ability|p2a: Kyurem|Pressure
|switch|p1a: Landorus|Landorus-Therian, M|100/100
|-damage|p1a: Landorus|88/100|[from] Stealth Rock
|-ability|p1a: Landorus|Intimidate|boost
|-unboost|p2a: Kyurem|atk|1
|
|-weather|Snowscape|[upkeep]
|upkeep
|turn|6
|
|t:|1779891442
|switch|p1a: Slowking|Slowking-Galar, F|72/100
|move|p2a: Kyurem|Icicle Spear|p1a: Slowking
|-damage|p1a: Slowking|62/100
|-damage|p1a: Slowking|51/100
|-damage|p1a: Slowking|42/100
|-damage|p1a: Slowking|33/100
|-hitcount|p1a: Slowking|4
|
|-weather|none
|upkeep
|turn|7
|c| kirbfan234|Choice specs iron moth. Looks inside: no iron moth.
|
|t:|1779891454
|move|p2a: Kyurem|Icicle Spear|p1a: Slowking
|-damage|p1a: Slowking|22/100
|-damage|p1a: Slowking|12/100
|-damage|p1a: Slowking|3/100
|-damage|p1a: Slowking|0 fnt
|faint|p1a: Slowking
|-hitcount|p1: Slowking|4
|
|upkeep
|
|t:|1779891461
|switch|p1a: Cinderace|Cinderace, F|100/100
|turn|8
|
|t:|1779891464
|move|p2a: Kyurem|Protect|p2a: Kyurem
|-singleturn|p2a: Kyurem|Protect
|move|p1a: Cinderace|High Jump Kick|p2a: Kyurem
|-start|p1a: Cinderace|typechange|Fighting|[from] ability: Libero
|-activate|p2a: Kyurem|move: Protect
|-damage|p1a: Cinderace|51/100|[from] highjumpkick
|
|upkeep
|turn|9
|
|t:|1779891473
|move|p1a: Cinderace|Pyro Ball|p2a: Kyurem
|-damage|p2a: Kyurem|67/100
|-status|p2a: Kyurem|brn
|move|p2a: Kyurem|Icicle Spear|p1a: Cinderace
|-damage|p1a: Cinderace|44/100
|-damage|p1a: Cinderace|37/100
|-damage|p1a: Cinderace|30/100
|-damage|p1a: Cinderace|23/100
|-damage|p1a: Cinderace|16/100
|-hitcount|p1a: Cinderace|5
|
|-damage|p2a: Kyurem|61/100 brn|[from] brn
|upkeep
|turn|10
|
|t:|1779891484
|move|p1a: Cinderace|U-turn|p2a: Kyurem
|-damage|p2a: Kyurem|38/100 brn
|
|t:|1779891489
|switch|p1a: Kingambit|Kingambit, F|100/100|[from] U-turn
|-damage|p1a: Kingambit|94/100|[from] Stealth Rock
|-activate|p1a: Kingambit|ability: Supreme Overlord
|-start|p1a: Kingambit|fallen1|[silent]
|move|p2a: Kyurem|Scale Shot|p1a: Kingambit
|-resisted|p1a: Kingambit
|-damage|p1a: Kingambit|93/100
|-resisted|p1a: Kingambit
|-damage|p1a: Kingambit|91/100
|-resisted|p1a: Kingambit
|-damage|p1a: Kingambit|89/100
|-resisted|p1a: Kingambit
|-damage|p1a: Kingambit|86/100
|-hitcount|p1a: Kingambit|4
|-unboost|p2a: Kyurem|def|1
|-boost|p2a: Kyurem|spe|1
|
|-heal|p1a: Kingambit|93/100|[from] item: Leftovers
|-damage|p2a: Kyurem|31/100 brn|[from] brn
|upkeep
|turn|11
|
|t:|1779891497
|move|p2a: Kyurem|Icicle Spear|p1a: Kingambit
|-resisted|p1a: Kingambit
|-damage|p1a: Kingambit|91/100
|-resisted|p1a: Kingambit
|-damage|p1a: Kingambit|89/100
|-resisted|p1a: Kingambit
|-damage|p1a: Kingambit|87/100
|-resisted|p1a: Kingambit
|-damage|p1a: Kingambit|85/100
|-resisted|p1a: Kingambit
|-damage|p1a: Kingambit|83/100
|-hitcount|p1a: Kingambit|5
|move|p1a: Kingambit|Kowtow Cleave|p2a: Kyurem
|-damage|p2a: Kyurem|0 fnt
|faint|p2a: Kyurem
|
|-heal|p1a: Kingambit|89/100|[from] item: Leftovers
|upkeep
|
|t:|1779891502
|switch|p2a: Cinderace|Cinderace, F, shiny|100/100
|turn|12
|
|t:|1779891506
|-end|p1a: Kingambit|fallen1|[silent]
|switch|p1a: Landorus|Landorus-Therian, M|88/100
|-damage|p1a: Landorus|76/100|[from] Stealth Rock
|-ability|p1a: Landorus|Intimidate|boost
|-unboost|p2a: Cinderace|atk|1
|move|p2a: Cinderace|Pyro Ball|p1a: Landorus
|-damage|p1a: Landorus|41/100
|
|upkeep
|turn|13
|l| kirbfan234
|
|t:|1779891518
|move|p2a: Cinderace|U-turn|p1a: Landorus
|-start|p2a: Cinderace|typechange|Bug|[from] ability: Libero
|-resisted|p1a: Landorus
|-damage|p1a: Landorus|30/100
|-damage|p2a: Cinderace|84/100|[from] item: Rocky Helmet|[of] p1a: Landorus
|
|t:|1779891523
|switch|p2a: Enamorus|Enamorus-Therian, F|95/100|[from] U-turn
|move|p1a: Landorus|Rock Tomb|p2a: Enamorus
|-supereffective|p2a: Enamorus
|-damage|p2a: Enamorus|59/100
|-unboost|p2a: Enamorus|spe|1
|
|upkeep
|turn|14
|
|t:|1779891533
|move|p1a: Landorus|Rock Tomb|p2a: Enamorus
|-supereffective|p2a: Enamorus
|-damage|p2a: Enamorus|22/100
|-unboost|p2a: Enamorus|spe|1
|move|p2a: Enamorus|Draining Kiss|p1a: Landorus
|-damage|p1a: Landorus|0 fnt
|-heal|p2a: Enamorus|43/100|[from] drain|[of] p1a: Landorus
|-damage|p2a: Enamorus|26/100|[from] item: Rocky Helmet|[of] p1a: Landorus
|faint|p1a: Landorus
|
|upkeep
|
|t:|1779891542
|switch|p1a: Cinderace|Cinderace, F|16/100
|turn|15
|
|t:|1779891547
|move|p1a: Cinderace|Pyro Ball|p2a: Enamorus|[miss]
|-miss|p1a: Cinderace|p2a: Enamorus
|move|p2a: Enamorus|Earth Power|p1a: Cinderace
|-supereffective|p1a: Cinderace
|-damage|p1a: Cinderace|0 fnt
|faint|p1a: Cinderace
|
|upkeep
|j| kirbfan234
|
|t:|1779891553
|switch|p1a: Kyurem|Kyurem|100/100
|-damage|p1a: Kyurem|76/100|[from] Stealth Rock
|-ability|p1a: Kyurem|Pressure
|turn|16
|
|t:|1779891555
|move|p1a: Kyurem|Freeze-Dry|p2a: Enamorus
|-supereffective|p2a: Enamorus
|-damage|p2a: Enamorus|0 fnt
|faint|p2a: Enamorus
|
|upkeep
|
|t:|1779891560
|switch|p2a: Cinderace|Cinderace, F, shiny|84/100
|turn|17
|
|t:|1779891567
|move|p2a: Cinderace|Pyro Ball|p1a: Kyurem
|-damage|p1a: Kyurem|33/100
|move|p1a: Kyurem|Freeze-Dry|p2a: Cinderace
|-resisted|p2a: Cinderace
|-damage|p2a: Cinderace|58/100
|
|upkeep
|turn|18
|
|t:|1779891571
|move|p2a: Cinderace|Pyro Ball|p1a: Kyurem
|-damage|p1a: Kyurem|0 fnt
|faint|p1a: Kyurem
|
|upkeep
|
|t:|1779891573
|switch|p1a: Iron Valiant|Iron Valiant|100/100
|-damage|p1a: Iron Valiant|94/100|[from] Stealth Rock
|-enditem|p1a: Iron Valiant|Booster Energy
|-activate|p1a: Iron Valiant|ability: Quark Drive|[fromitem]
|-start|p1a: Iron Valiant|quarkdrivespe
|turn|19
|
|t:|1779891577
|move|p1a: Iron Valiant|Shadow Ball|p2a: Cinderace
|-damage|p2a: Cinderace|18/100
|move|p2a: Cinderace|Pyro Ball|p1a: Iron Valiant
|-damage|p1a: Iron Valiant|21/100
|
|upkeep
|turn|20
|
|t:|1779891582
|move|p2a: Cinderace|Sucker Punch|p1a: Iron Valiant
|-start|p2a: Cinderace|typechange|Dark|[from] ability: Libero
|-resisted|p1a: Iron Valiant
|-damage|p1a: Iron Valiant|9/100
|move|p1a: Iron Valiant|Shadow Ball|p2a: Cinderace
|-resisted|p2a: Cinderace
|-damage|p2a: Cinderace|0 fnt
|faint|p2a: Cinderace
|
|upkeep
|
|t:|1779891596
|switch|p2a: Electrode|Electrode-Hisui, shiny|100/100
|turn|21
|
|t:|1779891600
|move|p1a: Iron Valiant|Moonblast|p2a: Electrode
|-damage|p2a: Electrode|22/100
|move|p2a: Electrode|Volt Switch|p1a: Iron Valiant
|-damage|p1a: Iron Valiant|0 fnt
|faint|p1a: Iron Valiant
|-end|p1a: Iron Valiant|Quark Drive|[silent]
|
|t:|1779891602
|switch|p2a: Greninja|Greninja, M|100/100|[from] Volt Switch
|
|upkeep
|
|t:|1779891605
|switch|p1a: Kingambit|Kingambit, F|89/100
|-damage|p1a: Kingambit|83/100|[from] Stealth Rock
|-activate|p1a: Kingambit|ability: Supreme Overlord
|-start|p1a: Kingambit|fallen5|[silent]
|turn|22
|
|t:|1779891608
|move|p2a: Greninja|Surf|p1a: Kingambit
|-damage|p1a: Kingambit|21/100
|-damage|p2a: Greninja|91/100|[from] item: Life Orb
|move|p1a: Kingambit|Low Kick|p2a: Greninja
|-supereffective|p2a: Greninja
|-damage|p2a: Greninja|0 fnt
|faint|p2a: Greninja
|
|-heal|p1a: Kingambit|27/100|[from] item: Leftovers
|upkeep
|
|t:|1779891611
|switch|p2a: Electrode|Electrode-Hisui, shiny|22/100
|turn|23
|
|t:|1779891615
|-terastallize|p2a: Electrode|Electric
|move|p1a: Kingambit|Sucker Punch|p2a: Electrode
|-damage|p2a: Electrode|0 fnt
|-damage|p1a: Kingambit|2/100|[from] ability: Aftermath|[of] p2a: Electrode
|faint|p2a: Electrode
|
|win|choispecs ironmoth
|raw|choispecs ironmoth's rating: 1568 &rarr; <strong>1586</strong><br />(+18 for winning)
|raw|ricky135's rating: 1539 &rarr; <strong>1521</strong><br />(-18 for losing)
|l|☆ricky135
|player|p2|
|l| kirbfan234
