|j|☆Autistickid64
|j|☆tperz
|t:|1779821514
|gametype|singles
|player|p1|Autistickid64|ethan-masters|1500
|player|p2|tperz|gentleman-gen4dp|1506
|gen|9
|tier|[Gen 9] OU
|rated|
|rule|HP Percentage Mod: HP is shown in percentages
|rule|Endless Battle Clause: Forcing endless battles is banned
|rule|Species Clause: Limit one of each Pokémon
|rule|OHKO Clause: OHKO moves are banned
|rule|Evasion Items Clause: Evasion items are banned
|rule|Evasion Moves Clause: Evasion moves are banned
|rule|Evasion Abilities Clause: Evasion abilities are banned
|rule|Sleep Moves Clause: Sleep-inducing moves are banned
|clearpoke
|poke|p1|Cloyster, F|
|poke|p1|Iron Valiant|
|poke|p1|Avalugg-Hisui, F|
|poke|p1|Iron Moth|
|poke|p1|Weezing-Galar, F|
|poke|p1|Tsareena, F|
|poke|p2|Goodra-Hisui, M|
|poke|p2|Ninetales-Alola, F|
|poke|p2|Glimmora, F|
|poke|p2|Rillaboom, M|
|poke|p2|Mandibuzz, F|
|poke|p2|Great Tusk|
|teampreview
|inactive|Battle timer is ON: inactive players will automatically lose when time's up. (requested by tperz)
|
|t:|1779821528
|teamsize|p1|6
|teamsize|p2|6
|start
|switch|p1a: Avalugg|Avalugg-Hisui, F|100/100
|switch|p2a: Rillaboom|Rillaboom, M, shiny|100/100
|-fieldstart|move: Grassy Terrain|[from] ability: Grassy Surge|[of] p2a: Rillaboom
|turn|1
|
|t:|1779821535
|move|p2a: Rillaboom|U-turn|p1a: Avalugg
|-damage|p1a: Avalugg|86/100
|
|t:|1779821536
|switch|p2a: Glimmora|Glimmora, F|100/100|[from] U-turn
|move|p1a: Avalugg|Mountain Gale|p2a: Glimmora
|-damage|p2a: Glimmora|43/100
|
|-heal|p2a: Glimmora|49/100|[from] Grassy Terrain
|-heal|p2a: Glimmora|55/100|[from] item: Black Sludge
|-heal|p1a: Avalugg|92/100|[from] Grassy Terrain
|upkeep
|turn|2
|
|t:|1779821540
|move|p2a: Glimmora|Power Gem|p1a: Avalugg
|-supereffective|p1a: Avalugg
|-damage|p1a: Avalugg|0 fnt
|faint|p1a: Avalugg
|
|-heal|p2a: Glimmora|61/100|[from] Grassy Terrain
|-heal|p2a: Glimmora|68/100|[from] item: Black Sludge
|upkeep
|
|t:|1779821546
|switch|p1a: Cloyster|Cloyster, F, shiny|100/100
|turn|3
|
|t:|1779821562
|move|p1a: Cloyster|Drill Run|p2a: Glimmora
|-supereffective|p2a: Glimmora
|-crit|p2a: Glimmora
|-damage|p2a: Glimmora|0 fnt
|faint|p2a: Glimmora
|
|upkeep
|
|t:|1779821568
|switch|p2a: Ninetales|Ninetales-Alola, F|100/100
|-weather|Snowscape|[from] ability: Snow Warning|[of] p2a: Ninetales
|turn|4
|
|t:|1779821574
|move|p2a: Ninetales|Aurora Veil|p2a: Ninetales
|-sidestart|p2: tperz|move: Aurora Veil
|move|p1a: Cloyster|Shell Smash|p1a: Cloyster
|-unboost|p1a: Cloyster|def|1
|-unboost|p1a: Cloyster|spd|1
|-boost|p1a: Cloyster|atk|2
|-boost|p1a: Cloyster|spa|2
|-boost|p1a: Cloyster|spe|2
|
|-weather|Snowscape|[upkeep]
|upkeep
|turn|5
|
|t:|1779821578
|move|p1a: Cloyster|Rock Blast|p2a: Ninetales
|-supereffective|p2a: Ninetales
|-damage|p2a: Ninetales|85/100
|-supereffective|p2a: Ninetales
|-damage|p2a: Ninetales|71/100
|-supereffective|p2a: Ninetales
|-damage|p2a: Ninetales|56/100
|-supereffective|p2a: Ninetales
|-damage|p2a: Ninetales|42/100
|-supereffective|p2a: Ninetales
|-damage|p2a: Ninetales|28/100
|-hitcount|p2a: Ninetales|5
|move|p2a: Ninetales|Moonblast|p1a: Cloyster
|-enditem|p1a: Cloyster|Focus Sash
|-damage|p1a: Cloyster|1/100
|
|-weather|Snowscape|[upkeep]
|-heal|p1a: Cloyster|7/100|[from] Grassy Terrain
|-heal|p2a: Ninetales|34/100|[from] Grassy Terrain
|upkeep
|turn|6
|
|t:|1779821584
|move|p1a: Cloyster|Rock Blast|p2a: Ninetales
|-supereffective|p2a: Ninetales
|-damage|p2a: Ninetales|20/100
|-supereffective|p2a: Ninetales
|-damage|p2a: Ninetales|6/100
|-supereffective|p2a: Ninetales
|-damage|p2a: Ninetales|0 fnt
|faint|p2a: Ninetales
|-hitcount|p2: Ninetales|3
|
|-weather|Snowscape|[upkeep]
|-heal|p1a: Cloyster|13/100|[from] Grassy Terrain
|upkeep
|
|t:|1779821585
|switch|p2a: Rillaboom|Rillaboom, M, shiny|100/100
|turn|7
|
|t:|1779821587
|move|p2a: Rillaboom|Grassy Glide|p1a: Cloyster
|-supereffective|p1a: Cloyster
|-damage|p1a: Cloyster|0 fnt
|faint|p1a: Cloyster
|
|-weather|Snowscape|[upkeep]
|upkeep
|
|t:|1779821590
|switch|p1a: Tsareena|Tsareena, F|100/100
|turn|8
|
|t:|1779821603
|move|p2a: Rillaboom|U-turn|p1a: Tsareena
|-supereffective|p1a: Tsareena
|-damage|p1a: Tsareena|56/100
|
|t:|1779821611
|switch|p2a: Mandibuzz|Mandibuzz, F|100/100|[from] U-turn
|move|p1a: Tsareena|Knock Off|p2a: Mandibuzz
|-resisted|p2a: Mandibuzz
|-damage|p2a: Mandibuzz|96/100
|-damage|p1a: Tsareena|39/100|[from] item: Rocky Helmet|[of] p2a: Mandibuzz
|-enditem|p2a: Mandibuzz|Rocky Helmet|[from] move: Knock Off|[of] p1a: Tsareena
|
|-weather|none
|-heal|p1a: Tsareena|45/100|[from] Grassy Terrain
|-fieldend|move: Grassy Terrain
|upkeep
|turn|9
|
|t:|1779821617
|move|p2a: Mandibuzz|Foul Play|p1a: Tsareena
|-damage|p1a: Tsareena|0 fnt
|faint|p1a: Tsareena
|
|upkeep
|
|t:|1779821620
|switch|p1a: Weezing|Weezing-Galar, F|100/100
|turn|10
|
|t:|1779821638
|move|p2a: Mandibuzz|Taunt|p1a: Weezing
|-start|p1a: Weezing|move: Taunt
|move|p1a: Weezing|Strange Steam|p2a: Mandibuzz
|-supereffective|p2a: Mandibuzz
|-damage|p2a: Mandibuzz|72/100
|-start|p2a: Mandibuzz|confusion
|
|upkeep
|turn|11
|-message|tperz forfeited.
|
|win|Autistickid64
|raw|Autistickid64's rating: 1500 &rarr; <strong>1520</strong><br />(+20 for winning)
|raw|tperz's rating: 1506 &rarr; <strong>1486</strong><br />(-20 for losing)
|l|☆tperz
|player|p2|
|l|☆Autistickid64
|player|p1|
