|j|☆FlyingSudowoodo
|j|☆Rubicouss
|t:|1779948273
|gametype|singles
|player|p1|FlyingSudowoodo|roark|1329
|player|p2|Rubicouss|gambler|1348
|gen|9
|tier|[Gen 9] OU
|rated|
|rule|HP Percentage Mod: HP is shown in percentages
|rule|Endless Battle Clause: Forcing endless battles is banned
|rule|Species Clause: Limit one of each Pokémon
|rule|OHKO Clause: OHKO moves are banned
|rule|Evasion Items Clause: Evasion items are banned
|rule|Evasion Moves Clause: Evasion moves are banned
|rule|Evasion Abilities Clause: Evasion abilities are banned
|rule|Sleep Moves Clause: Sleep-inducing moves are banned
|clearpoke
|poke|p1|Pelipper, F|
|poke|p1|Corviknight, M|
|poke|p1|Gliscor, M|
|poke|p1|Talonflame, M|
|poke|p1|Zapdos|
|poke|p1|Enamorus, F|
|poke|p2|Empoleon, F|
|poke|p2|Spidops, F|
|poke|p2|Sinistcha|
|poke|p2|Cinderace, M|
|poke|p2|Bisharp, F|
|poke|p2|Rotom-Wash|
|teampreview
|
|t:|1779948285
|teamsize|p1|6
|teamsize|p2|6
|start
|switch|p1a: Gliscor|Gliscor, M, shiny|100/100
|switch|p2a: Spidops|Spidops, F|100/100
|turn|1
|
|t:|1779948292
|move|p1a: Gliscor|Stealth Rock|p2a: Spidops
|-sidestart|p2: Rubicouss|move: Stealth Rock
|move|p2a: Spidops|Knock Off|p1a: Gliscor
|-damage|p1a: Gliscor|77/100
|-enditem|p1a: Gliscor|Toxic Orb|[from] move: Knock Off|[of] p2a: Spidops
|
|upkeep
|turn|2
|
|t:|1779948302
|move|p1a: Gliscor|Earthquake|p2a: Spidops
|-resisted|p2a: Spidops
|-damage|p2a: Spidops|80/100
|-enditem|p2a: Spidops|Red Card|[of] p1a: Gliscor
|drag|p1a: Zapdos|Zapdos|100/100
|move|p2a: Spidops|Sticky Web|p1a: Zapdos
|-sidestart|p1: FlyingSudowoodo|move: Sticky Web
|
|upkeep
|turn|3
|
|t:|1779948311
|move|p1a: Zapdos|Volt Switch|p2a: Spidops
|-damage|p2a: Spidops|40/100
|
|t:|1779948314
|switch|p1a: Pelipper|Pelipper, F|100/100|[from] Volt Switch
|-weather|RainDance|[from] ability: Drizzle|[of] p1a: Pelipper
|move|p2a: Spidops|Knock Off|p1a: Pelipper
|-damage|p1a: Pelipper|61/100
|-enditem|p1a: Pelipper|Damp Rock|[from] move: Knock Off|[of] p2a: Spidops
|
|-weather|RainDance|[upkeep]
|upkeep
|turn|4
|
|t:|1779948326
|switch|p2a: Rotom|Rotom-Wash|100/100
|-damage|p2a: Rotom|88/100|[from] Stealth Rock
|move|p1a: Pelipper|U-turn|p2a: Rotom
|-damage|p2a: Rotom|76/100
|
|t:|1779948335
|switch|p1a: Enamorus|Enamorus, F|100/100|[from] U-turn
|
|-weather|RainDance|[upkeep]
|upkeep
|turn|5
|
|t:|1779948342
|move|p2a: Rotom|Thunderbolt|p1a: Enamorus
|-supereffective|p1a: Enamorus
|-damage|p1a: Enamorus|0 fnt
|faint|p1a: Enamorus
|
|-weather|RainDance|[upkeep]
|upkeep
|
|t:|1779948347
|switch|p1a: Gliscor|Gliscor, M, shiny|77/100
|turn|6
|
|t:|1779948352
|switch|p2a: Spidops|Spidops, F|40/100
|-damage|p2a: Spidops|15/100|[from] Stealth Rock
|move|p1a: Gliscor|Taunt|p2a: Spidops
|-start|p2a: Spidops|move: Taunt
|
|-weather|RainDance|[upkeep]
|upkeep
|turn|7
|
|t:|1779948359
|move|p1a: Gliscor|Earthquake|p2a: Spidops
|-resisted|p2a: Spidops
|-damage|p2a: Spidops|0 fnt
|faint|p2a: Spidops
|
|-weather|RainDance|[upkeep]
|upkeep
|
|t:|1779948364
|switch|p2a: Cinderace|Cinderace, M|100/100
|turn|8
|
|t:|1779948370
|move|p2a: Cinderace|Court Change|p2a: Cinderace
|-start|p2a: Cinderace|typechange|Normal|[from] ability: Libero
|-swapsideconditions
|-activate|p2a: Cinderace|move: Court Change
|move|p1a: Gliscor|Earthquake|p2a: Cinderace
|-damage|p2a: Cinderace|52/100
|
|-weather|RainDance|[upkeep]
|upkeep
|turn|9
|
|t:|1779948379
|move|p2a: Cinderace|Will-O-Wisp|p1a: Gliscor
|-status|p1a: Gliscor|brn
|move|p1a: Gliscor|Stealth Rock|p2a: Cinderace
|-sidestart|p2: Rubicouss|move: Stealth Rock
|
|-weather|RainDance|[upkeep]
|-damage|p1a: Gliscor|71/100 brn|[from] brn
|upkeep
|turn|10
|
|t:|1779948391
|switch|p2a: Sinistcha|Sinistcha|100/100
|-activate|p2a: Sinistcha|move: Sticky Web
|-unboost|p2a: Sinistcha|spe|1
|-damage|p2a: Sinistcha|88/100|[from] Stealth Rock
|move|p1a: Gliscor|Earthquake|p2a: Sinistcha
|-resisted|p2a: Sinistcha
|-damage|p2a: Sinistcha|83/100
|
|-weather|none
|-damage|p1a: Gliscor|65/100 brn|[from] brn
|upkeep
|turn|11
|
|t:|1779948401
|switch|p1a: Corviknight|Corviknight, M, shiny|100/100
|-damage|p1a: Corviknight|88/100|[from] Stealth Rock
|move|p2a: Sinistcha|Calm Mind|p2a: Sinistcha
|-boost|p2a: Sinistcha|spa|1
|-boost|p2a: Sinistcha|spd|1
|
|upkeep
|turn|12
|
|t:|1779948411
|move|p1a: Corviknight|U-turn|p2a: Sinistcha
|-damage|p2a: Sinistcha|72/100
|
|t:|1779948415
|switch|p1a: Pelipper|Pelipper, F|61/100|[from] U-turn
|-damage|p1a: Pelipper|36/100|[from] Stealth Rock
|-weather|RainDance|[from] ability: Drizzle|[of] p1a: Pelipper
|move|p2a: Sinistcha|Calm Mind|p2a: Sinistcha
|-boost|p2a: Sinistcha|spa|1
|-boost|p2a: Sinistcha|spd|1
|
|-weather|RainDance|[upkeep]
|upkeep
|turn|13
|inactive|Battle timer is ON: inactive players will automatically lose when time's up. (requested by FlyingSudowoodo)
|
|t:|1779948427
|move|p1a: Pelipper|Hurricane|p2a: Sinistcha
|-supereffective|p2a: Sinistcha
|-damage|p2a: Sinistcha|25/100
|move|p2a: Sinistcha|Matcha Gotcha|p1a: Pelipper
|-damage|p1a: Pelipper|0 fnt
|-heal|p2a: Sinistcha|47/100|[from] drain|[of] p1a: Pelipper
|faint|p1a: Pelipper
|
|-weather|RainDance|[upkeep]
|upkeep
|
|t:|1779948441
|switch|p1a: Talonflame|Talonflame, M, shiny|100/100
|turn|14
|
|t:|1779948445
|move|p1a: Talonflame|Hurricane|p2a: Sinistcha
|-supereffective|p2a: Sinistcha
|-damage|p2a: Sinistcha|0 fnt
|faint|p2a: Sinistcha
|
|-weather|RainDance|[upkeep]
|upkeep
|
|t:|1779948454
|switch|p2a: Empoleon|Empoleon, F|100/100
|-activate|p2a: Empoleon|move: Sticky Web
|-unboost|p2a: Empoleon|spe|1
|-ability|p2a: Empoleon|Competitive|boost
|-boost|p2a: Empoleon|spa|2
|-damage|p2a: Empoleon|95/100|[from] Stealth Rock
|-enditem|p2a: Empoleon|White Herb
|-clearnegativeboost|p2a: Empoleon|[silent]
|turn|15
|
|t:|1779948466
|switch|p1a: Corviknight|Corviknight, M, shiny|88/100
|-damage|p1a: Corviknight|75/100|[from] Stealth Rock
|move|p2a: Empoleon|Agility|p2a: Empoleon
|-boost|p2a: Empoleon|spe|2
|
|-weather|RainDance|[upkeep]
|upkeep
|turn|16
|-message|FlyingSudowoodo forfeited.
|
|win|Rubicouss
|raw|FlyingSudowoodo's rating: 1329 &rarr; <strong>1310</strong><br />(-19 for losing)
|raw|Rubicouss's rating: 1348 &rarr; <strong>1367</strong><br />(+19 for winning)
|l|☆FlyingSudowoodo
|player|p1|
|l|☆Rubicouss
|player|p2|
