|j|☆zabbaman
|j|☆drqcometeors
|t:|1779951423
|gametype|singles
|player|p1|zabbaman|1|1390
|player|p2|drqcometeors|volkner|1470
|gen|9
|tier|[Gen 9] OU
|rated|
|rule|HP Percentage Mod: HP is shown in percentages
|rule|Endless Battle Clause: Forcing endless battles is banned
|rule|Species Clause: Limit one of each Pokémon
|rule|OHKO Clause: OHKO moves are banned
|rule|Evasion Items Clause: Evasion items are banned
|rule|Evasion Moves Clause: Evasion moves are banned
|rule|Evasion Abilities Clause: Evasion abilities are banned
|rule|Sleep Moves Clause: Sleep-inducing moves are banned
|clearpoke
|poke|p1|Regice|
|poke|p1|Ninetales-Alola, F|
|poke|p1|Dragonite, M|
|poke|p1|Tyranitar, F|
|poke|p1|Thundurus-Therian, M|
|poke|p1|Cinderace, F|
|poke|p2|Zapdos|
|poke|p2|Iron Treads|
|poke|p2|Samurott-Hisui, F|
|poke|p2|Ceruledge, F|
|poke|p2|Gholdengo|
|poke|p2|Kingambit, M|
|teampreview
|inactive|Battle timer is ON: inactive players will automatically lose when time's up. (requested by zabbaman)
|
|t:|1779951441
|teamsize|p1|6
|teamsize|p2|6
|start
|switch|p1a: Tyranitar|Tyranitar, F|100/100
|switch|p2a: Kingambit|Kingambit, M, shiny|100/100
|-ability|p1a: Tyranitar|Unnerve
|turn|1
|
|t:|1779951452
|-end|p2a: Kingambit|fallenundefined|[silent]
|switch|p2a: Zapdos|Zapdos, shiny|100/100
|move|p1a: Tyranitar|Low Kick|p2a: Zapdos
|-resisted|p2a: Zapdos
|-crit|p2a: Zapdos
|-damage|p2a: Zapdos|85/100
|
|upkeep
|turn|2
|
|t:|1779951457
|move|p1a: Tyranitar|Stone Edge|p2a: Zapdos
|-supereffective|p2a: Zapdos
|-damage|p2a: Zapdos|13/100
|move|p2a: Zapdos|Volt Switch|p1a: Tyranitar
|-damage|p1a: Tyranitar|73/100
|
|t:|1779951468
|switch|p2a: Gholdengo|Gholdengo, shiny|100/100|[from] Volt Switch
|-item|p2a: Gholdengo|Air Balloon
|
|upkeep
|turn|3
|
|t:|1779951478
|switch|p1a: Cinderace|Cinderace, F|100/100
|move|p2a: Gholdengo|Make It Rain|p1a: Cinderace
|-resisted|p1a: Cinderace
|-damage|p1a: Cinderace|61/100
|-unboost|p2a: Gholdengo|spa|1
|
|upkeep
|turn|4
|
|t:|1779951484
|switch|p2a: Zapdos|Zapdos, shiny|13/100
|move|p1a: Cinderace|U-turn|p2a: Zapdos
|-resisted|p2a: Zapdos
|-damage|p2a: Zapdos|3/100
|
|t:|1779951501
|switch|p1a: Ninetales|Ninetales-Alola, F|100/100|[from] U-turn
|-weather|Snowscape|[from] ability: Snow Warning|[of] p1a: Ninetales
|
|-weather|Snowscape|[upkeep]
|upkeep
|turn|5
|
|t:|1779951508
|move|p1a: Ninetales|Aurora Veil|p1a: Ninetales
|-sidestart|p1: zabbaman|move: Aurora Veil
|move|p2a: Zapdos|Roost|p2a: Zapdos
|-heal|p2a: Zapdos|54/100
|-singleturn|p2a: Zapdos|move: Roost
|
|-weather|Snowscape|[upkeep]
|upkeep
|turn|6
|
|t:|1779951511
|move|p1a: Ninetales|Freeze-Dry|p2a: Zapdos
|-supereffective|p2a: Zapdos
|-damage|p2a: Zapdos|4/100
|move|p2a: Zapdos|Roost|p2a: Zapdos
|-heal|p2a: Zapdos|55/100
|-singleturn|p2a: Zapdos|move: Roost
|
|-weather|Snowscape|[upkeep]
|upkeep
|turn|7
|
|t:|1779951515
|move|p1a: Ninetales|Freeze-Dry|p2a: Zapdos
|-supereffective|p2a: Zapdos
|-damage|p2a: Zapdos|7/100
|move|p2a: Zapdos|Roost|p2a: Zapdos
|-heal|p2a: Zapdos|57/100
|-singleturn|p2a: Zapdos|move: Roost
|
|-weather|Snowscape|[upkeep]
|upkeep
|turn|8
|
|t:|1779951518
|move|p1a: Ninetales|Freeze-Dry|p2a: Zapdos
|-supereffective|p2a: Zapdos
|-damage|p2a: Zapdos|8/100
|-status|p2a: Zapdos|frz
|cant|p2a: Zapdos|frz
|
|-weather|Snowscape|[upkeep]
|upkeep
|turn|9
|
|t:|1779951522
|move|p1a: Ninetales|Freeze-Dry|p2a: Zapdos
|-supereffective|p2a: Zapdos
|-damage|p2a: Zapdos|0 fnt
|faint|p2a: Zapdos
|
|-weather|Snowscape|[upkeep]
|-sideend|p1: zabbaman|move: Aurora Veil
|upkeep
|
|t:|1779951535
|switch|p2a: Ceruledge|Ceruledge, F, shiny|100/100
|turn|10
|
|t:|1779951552
|move|p1a: Ninetales|Aurora Veil|p1a: Ninetales
|-sidestart|p1: zabbaman|move: Aurora Veil
|move|p2a: Ceruledge|Swords Dance|p2a: Ceruledge
|-boost|p2a: Ceruledge|atk|2
|
|-weather|Snowscape|[upkeep]
|upkeep
|turn|11
|
|t:|1779951555
|move|p2a: Ceruledge|Shadow Sneak|p1a: Ninetales
|-damage|p1a: Ninetales|79/100
|move|p1a: Ninetales|Encore|p2a: Ceruledge
|-start|p2a: Ceruledge|Encore
|
|-weather|none
|upkeep
|turn|12
|
|t:|1779951559
|switch|p1a: Tyranitar|Tyranitar, F|73/100
|-ability|p1a: Tyranitar|Unnerve
|move|p2a: Ceruledge|Shadow Sneak|p1a: Tyranitar
|-resisted|p1a: Tyranitar
|-damage|p1a: Tyranitar|63/100
|
|upkeep
|turn|13
|
|t:|1779951586
|switch|p2a: Samurott|Samurott-Hisui, F, shiny|100/100
|move|p1a: Tyranitar|Dragon Dance|p1a: Tyranitar
|-boost|p1a: Tyranitar|atk|1
|-boost|p1a: Tyranitar|spe|1
|
|upkeep
|turn|14
|inactive|zabbaman has 120 seconds left.
|
|t:|1779951621
|-terastallize|p1a: Tyranitar|Fighting
|move|p1a: Tyranitar|Low Kick|p2a: Samurott
|-supereffective|p2a: Samurott
|-damage|p2a: Samurott|0 fnt
|faint|p2a: Samurott
|
|-sideend|p1: zabbaman|move: Aurora Veil
|upkeep
|
|t:|1779951627
|switch|p2a: Kingambit|Kingambit, M, shiny|100/100
|-activate|p2a: Kingambit|ability: Supreme Overlord
|-start|p2a: Kingambit|fallen2|[silent]
|turn|15
|
|t:|1779951641
|-terastallize|p2a: Kingambit|Flying
|move|p1a: Tyranitar|Low Kick|p2a: Kingambit
|-resisted|p2a: Kingambit
|-damage|p2a: Kingambit|71/100
|move|p2a: Kingambit|Iron Head|p1a: Tyranitar
|-damage|p1a: Tyranitar|12/100
|
|-heal|p2a: Kingambit|77/100|[from] item: Leftovers
|upkeep
|turn|16
|
|t:|1779951647
|switch|p1a: Cinderace|Cinderace, F|61/100
|move|p2a: Kingambit|Sucker Punch||[still]
|-fail|p2a: Kingambit
|
|-heal|p2a: Kingambit|84/100|[from] item: Leftovers
|upkeep
|turn|17
|
|t:|1779951650
|move|p2a: Kingambit|Sucker Punch||[still]
|-fail|p2a: Kingambit
|move|p1a: Cinderace|Will-O-Wisp|p2a: Kingambit|[miss]
|-miss|p1a: Cinderace|p2a: Kingambit
|
|-heal|p2a: Kingambit|90/100|[from] item: Leftovers
|upkeep
|turn|18
|
|t:|1779951655
|-end|p2a: Kingambit|fallen2|[silent]
|switch|p2a: Ceruledge|Ceruledge, F, shiny|100/100
|move|p1a: Cinderace|Pyro Ball|p2a: Ceruledge
|-resisted|p2a: Ceruledge
|-damage|p2a: Ceruledge|62/100
|-ability|p2a: Ceruledge|Weak Armor|boost
|-unboost|p2a: Ceruledge|def|1
|-boost|p2a: Ceruledge|spe|2
|
|upkeep
|turn|19
|
|t:|1779951666
|switch|p1a: Tyranitar|Tyranitar, F, tera:Fighting|12/100
|-ability|p1a: Tyranitar|Unnerve
|move|p2a: Ceruledge|Swords Dance|p2a: Ceruledge
|-boost|p2a: Ceruledge|atk|2
|
|upkeep
|turn|20
|
|t:|1779951674
|move|p2a: Ceruledge|Shadow Sneak|p1a: Tyranitar
|-damage|p1a: Tyranitar|0 fnt
|faint|p1a: Tyranitar
|
|upkeep
|
|t:|1779951676
|switch|p1a: Dragonite|Dragonite, M, shiny|100/100
|turn|21
|
|t:|1779951679
|move|p2a: Ceruledge|Poltergeist|p1a: Dragonite
|-activate|p1a: Dragonite|move: Poltergeist|Loaded Dice
|-damage|p1a: Dragonite|29/100
|move|p1a: Dragonite|Scale Shot|p2a: Ceruledge
|-damage|p2a: Ceruledge|35/100
|-ability|p2a: Ceruledge|Weak Armor|boost
|-unboost|p2a: Ceruledge|def|1
|-boost|p2a: Ceruledge|spe|2
|-damage|p2a: Ceruledge|2/100
|-ability|p2a: Ceruledge|Weak Armor|boost
|-unboost|p2a: Ceruledge|def|1
|-boost|p2a: Ceruledge|spe|2
|-damage|p2a: Ceruledge|0 fnt
|faint|p2a: Ceruledge
|-hitcount|p2: Ceruledge|3
|-unboost|p1a: Dragonite|def|1
|-boost|p1a: Dragonite|spe|1
|
|upkeep
|
|t:|1779951694
|switch|p2a: Kingambit|Kingambit, M, shiny, tera:Flying|90/100
|-activate|p2a: Kingambit|ability: Supreme Overlord
|-start|p2a: Kingambit|fallen3|[silent]
|turn|22
|
|t:|1779951704
|move|p1a: Dragonite|Scale Shot|p2a: Kingambit
|-damage|p2a: Kingambit|79/100
|-damage|p2a: Kingambit|69/100
|-damage|p2a: Kingambit|59/100
|-damage|p2a: Kingambit|48/100
|-damage|p2a: Kingambit|38/100
|-hitcount|p2a: Kingambit|5
|-unboost|p1a: Dragonite|def|1
|-boost|p1a: Dragonite|spe|1
|move|p2a: Kingambit|Swords Dance|p2a: Kingambit
|-boost|p2a: Kingambit|atk|2
|
|-heal|p2a: Kingambit|44/100|[from] item: Leftovers
|upkeep
|turn|23
|
|t:|1779951712
|move|p2a: Kingambit|Sucker Punch|p1a: Dragonite
|-damage|p1a: Dragonite|0 fnt
|faint|p1a: Dragonite
|
|-heal|p2a: Kingambit|50/100|[from] item: Leftovers
|upkeep
|
|t:|1779951714
|switch|p1a: Cinderace|Cinderace, F|61/100
|turn|24
|
|t:|1779951717
|move|p1a: Cinderace|Will-O-Wisp|p2a: Kingambit
|-status|p2a: Kingambit|brn
|move|p2a: Kingambit|Iron Head|p1a: Cinderace
|-resisted|p1a: Cinderace
|-damage|p1a: Cinderace|14/100
|
|-heal|p2a: Kingambit|56/100 brn|[from] item: Leftovers
|-damage|p2a: Kingambit|50/100 brn|[from] brn
|upkeep
|turn|25
|
|t:|1779951726
|switch|p1a: Ninetales|Ninetales-Alola, F|79/100
|-weather|Snowscape|[from] ability: Snow Warning|[of] p1a: Ninetales
|move|p2a: Kingambit|Sucker Punch||[still]
|-fail|p2a: Kingambit
|
|-weather|Snowscape|[upkeep]
|-heal|p2a: Kingambit|56/100 brn|[from] item: Leftovers
|-damage|p2a: Kingambit|50/100 brn|[from] brn
|upkeep
|turn|26
|
|t:|1779951730
|move|p1a: Ninetales|Freeze-Dry|p2a: Kingambit
|-supereffective|p2a: Kingambit
|-damage|p2a: Kingambit|4/100 brn
|move|p2a: Kingambit|Iron Head|p1a: Ninetales
|-supereffective|p1a: Ninetales
|-damage|p1a: Ninetales|0 fnt
|faint|p1a: Ninetales
|
|-weather|Snowscape|[upkeep]
|-heal|p2a: Kingambit|10/100 brn|[from] item: Leftovers
|-damage|p2a: Kingambit|4/100 brn|[from] brn
|upkeep
|
|t:|1779951744
|switch|p1a: Regice|Regice, shiny|100/100
|turn|27
|
|t:|1779951750
|move|p1a: Regice|Blizzard|p2a: Kingambit
|-supereffective|p2a: Kingambit
|-damage|p2a: Kingambit|0 fnt
|faint|p2a: Kingambit
|-end|p2a: Kingambit|fallen3|[silent]
|-damage|p1a: Regice|91/100|[from] item: Life Orb
|
|-weather|Snowscape|[upkeep]
|-heal|p1a: Regice|97/100|[from] ability: Ice Body
|upkeep
|
|t:|1779951757
|switch|p2a: Gholdengo|Gholdengo, shiny|100/100
|-item|p2a: Gholdengo|Air Balloon
|turn|28
|
|t:|1779951764
|move|p2a: Gholdengo|Make It Rain|p1a: Regice
|-supereffective|p1a: Regice
|-damage|p1a: Regice|42/100
|-unboost|p2a: Gholdengo|spa|1
|move|p1a: Regice|Thunderbolt|p2a: Gholdengo
|-damage|p2a: Gholdengo|66/100
|-enditem|p2a: Gholdengo|Air Balloon
|-damage|p1a: Regice|33/100|[from] item: Life Orb
|
|-weather|Snowscape|[upkeep]
|-heal|p1a: Regice|39/100|[from] ability: Ice Body
|upkeep
|turn|29
|
|t:|1779951772
|switch|p2a: Iron Treads|Iron Treads, shiny|100/100
|move|p1a: Regice|Blizzard|p2a: Iron Treads
|-damage|p2a: Iron Treads|3/100
|-damage|p1a: Regice|29/100|[from] item: Life Orb
|
|-weather|Snowscape|[upkeep]
|-heal|p1a: Regice|35/100|[from] ability: Ice Body
|-heal|p2a: Iron Treads|10/100|[from] item: Leftovers
|upkeep
|turn|30
|
|t:|1779951782
|move|p2a: Iron Treads|Stealth Rock|p1a: Regice
|-sidestart|p1: zabbaman|move: Stealth Rock
|move|p1a: Regice|Blizzard|p2a: Iron Treads
|-damage|p2a: Iron Treads|0 fnt
|faint|p2a: Iron Treads
|-end|p2a: Iron Treads|Quark Drive|[silent]
|-damage|p1a: Regice|25/100|[from] item: Life Orb
|
|-weather|Snowscape|[upkeep]
|-heal|p1a: Regice|31/100|[from] ability: Ice Body
|upkeep
|
|t:|1779951785
|switch|p2a: Gholdengo|Gholdengo, shiny|66/100
|turn|31
|
|t:|1779951787
|move|p2a: Gholdengo|Thunder Wave|p1a: Regice
|-status|p1a: Regice|par
|move|p1a: Regice|Blizzard|p2a: Gholdengo
|-resisted|p2a: Gholdengo
|-damage|p2a: Gholdengo|34/100
|-damage|p1a: Regice|21/100 par|[from] item: Life Orb
|
|-weather|Snowscape|[upkeep]
|-heal|p1a: Regice|27/100 par|[from] ability: Ice Body
|upkeep
|turn|32
|
|t:|1779951796
|move|p2a: Gholdengo|Recover|p2a: Gholdengo
|-heal|p2a: Gholdengo|84/100
|move|p1a: Regice|Blizzard|p2a: Gholdengo
|-resisted|p2a: Gholdengo
|-damage|p2a: Gholdengo|52/100
|-status|p2a: Gholdengo|frz
|-damage|p1a: Regice|17/100 par|[from] item: Life Orb
|
|-weather|none
|upkeep
|turn|33
|
|t:|1779951801
|cant|p2a: Gholdengo|frz
|cant|p1a: Regice|par
|
|upkeep
|turn|34
|
|t:|1779951805
|switch|p1a: Cinderace|Cinderace, F|14/100
|cant|p2a: Gholdengo|frz
|
|upkeep
|turn|35
|
|t:|1779951808
|move|p1a: Cinderace|Pyro Ball|p2a: Gholdengo
|-supereffective|p2a: Gholdengo
|-damage|p2a: Gholdengo|0 fnt
|faint|p2a: Gholdengo
|
|win|zabbaman
|raw|zabbaman's rating: 1390 &rarr; <strong>1415</strong><br />(+25 for winning)
|raw|drqcometeors's rating: 1470 &rarr; <strong>1445</strong><br />(-25 for losing)
|c|☆zabbaman|gg
|l|☆zabbaman
|player|p1|
|l|☆drqcometeors
|player|p2|
