|j|☆galinaito
|j|☆Foxthelannister
|t:|1779843506
|gametype|singles
|player|p1|galinaito|nate|1201
|player|p2|Foxthelannister|169|1199
|gen|9
|tier|[Gen 9] OU
|rated|
|rule|HP Percentage Mod: HP is shown in percentages
|rule|Endless Battle Clause: Forcing endless battles is banned
|rule|Species Clause: Limit one of each Pokémon
|rule|OHKO Clause: OHKO moves are banned
|rule|Evasion Items Clause: Evasion items are banned
|rule|Evasion Moves Clause: Evasion moves are banned
|rule|Evasion Abilities Clause: Evasion abilities are banned
|rule|Sleep Moves Clause: Sleep-inducing moves are banned
|clearpoke
|poke|p1|Scrafty, M|
|poke|p1|Zoroark-Hisui, F|
|poke|p1|Araquanid, M|
|poke|p1|Ursaluna, F|
|poke|p1|Scizor, M|
|poke|p1|Cinderace, M|
|poke|p2|Ting-Lu|
|poke|p2|Mandibuzz, F|
|poke|p2|Cinderace, F|
|poke|p2|Lokix, M|
|poke|p2|Venomoth, M|
|poke|p2|Heatran, F|
|teampreview
|inactive|Battle timer is ON: inactive players will automatically lose when time's up. (requested by Foxthelannister)
|
|t:|1779843525
|teamsize|p1|6
|teamsize|p2|6
|start
|switch|p1a: Araquanid|Araquanid, M|100/100
|switch|p2a: Mandibuzz|Mandibuzz, F|100/100
|turn|1
|
|t:|1779843548
|move|p2a: Mandibuzz|Toxic|p1a: Araquanid
|-status|p1a: Araquanid|tox
|move|p1a: Araquanid|Sticky Web|p2a: Mandibuzz
|-sidestart|p2: Foxthelannister|move: Sticky Web
|
|-damage|p1a: Araquanid|94/100 tox|[from] psn
|upkeep
|turn|2
|
|t:|1779843556
|switch|p1a: Scizor|Scizor, M|100/100
|move|p2a: Mandibuzz|Defog|p1a: Scizor
|-unboost|p1a: Scizor|evasion|1
|-sideend|p2: Foxthelannister|Sticky Web|[from] move: Defog|[of] p2a: Mandibuzz
|
|upkeep
|turn|3
|
|t:|1779843565
|move|p1a: Scizor|Swords Dance|p1a: Scizor
|-boost|p1a: Scizor|atk|2
|move|p2a: Mandibuzz|Foul Play|p1a: Scizor
|-damage|p1a: Scizor|0 fnt
|faint|p1a: Scizor
|
|upkeep
|
|t:|1779843586
|switch|p1a: Scrafty|Scrafty, M|100/100
|-ability|p1a: Scrafty|Intimidate|boost
|-unboost|p2a: Mandibuzz|atk|1
|turn|4
|inactive|galinaito has 120 seconds left.
|
|t:|1779843601
|move|p2a: Mandibuzz|Toxic|p1a: Scrafty
|-status|p1a: Scrafty|tox
|move|p1a: Scrafty|Drain Punch|p2a: Mandibuzz
|-damage|p2a: Mandibuzz|83/100
|
|-damage|p1a: Scrafty|95/100 tox|[from] psn
|upkeep
|turn|5
|inactive|galinaito has 120 seconds left.
|
|t:|1779843616
|move|p2a: Mandibuzz|Foul Play|p1a: Scrafty
|-resisted|p1a: Scrafty
|-damage|p1a: Scrafty|85/100 tox
|move|p1a: Scrafty|Knock Off|p2a: Mandibuzz
|-resisted|p2a: Mandibuzz
|-damage|p2a: Mandibuzz|70/100
|-enditem|p2a: Mandibuzz|Heavy-Duty Boots|[from] move: Knock Off|[of] p1a: Scrafty
|
|-heal|p1a: Scrafty|91/100 tox|[from] item: Leftovers
|-damage|p1a: Scrafty|79/100 tox|[from] psn
|upkeep
|turn|6
|inactive|galinaito has 120 seconds left.
|
|t:|1779843631
|switch|p1a: Araquanid|Araquanid, M|94/100 tox
|move|p2a: Mandibuzz|Toxic|p1a: Araquanid
|-fail|p1a: Araquanid|tox
|
|-damage|p1a: Araquanid|88/100 tox|[from] psn
|upkeep
|turn|7
|
|t:|1779843642
|move|p2a: Mandibuzz|Foul Play|p1a: Araquanid
|-damage|p1a: Araquanid|50/100 tox
|move|p1a: Araquanid|Liquidation|p2a: Mandibuzz
|-damage|p2a: Mandibuzz|39/100
|
|-damage|p1a: Araquanid|38/100 tox|[from] psn
|upkeep
|turn|8
|
|t:|1779843653
|move|p2a: Mandibuzz|Roost|p2a: Mandibuzz
|-heal|p2a: Mandibuzz|89/100
|-singleturn|p2a: Mandibuzz|move: Roost
|move|p1a: Araquanid|Liquidation|p2a: Mandibuzz
|-damage|p2a: Mandibuzz|56/100
|
|-damage|p1a: Araquanid|19/100 tox|[from] psn
|upkeep
|turn|9
|-enditem|p1a: Araquanid|Custap Berry|[eat]
|-activate|p1a: Araquanid|item: Custap Berry|[consumed]
|
|t:|1779843668
|move|p1a: Araquanid|Liquidation|p2a: Mandibuzz
|-damage|p2a: Mandibuzz|23/100
|move|p2a: Mandibuzz|Roost|p2a: Mandibuzz
|-heal|p2a: Mandibuzz|74/100
|-singleturn|p2a: Mandibuzz|move: Roost
|
|-damage|p1a: Araquanid|0 fnt|[from] psn
|faint|p1a: Araquanid
|upkeep
|
|t:|1779843680
|switch|p1a: Ursaluna|Ursaluna, F|100/100
|turn|10
|
|t:|1779843693
|-terastallize|p1a: Ursaluna|Normal
|move|p2a: Mandibuzz|Foul Play|p1a: Ursaluna
|-damage|p1a: Ursaluna|59/100
|move|p1a: Ursaluna|Facade|p2a: Mandibuzz
|-damage|p2a: Mandibuzz|41/100
|
|-status|p1a: Ursaluna|brn|[from] item: Flame Orb
|upkeep
|turn|11
|
|t:|1779843707
|move|p2a: Mandibuzz|Foul Play|p1a: Ursaluna
|-damage|p1a: Ursaluna|22/100 brn
|move|p1a: Ursaluna|Facade|p2a: Mandibuzz
|-damage|p2a: Mandibuzz|0 fnt
|faint|p2a: Mandibuzz
|
|-damage|p1a: Ursaluna|16/100 brn|[from] brn
|upkeep
|
|t:|1779843727
|switch|p2a: Cinderace|Cinderace, F|100/100
|turn|12
|
|t:|1779843740
|move|p2a: Cinderace|U-turn|p1a: Ursaluna
|-start|p2a: Cinderace|typechange|Bug|[from] ability: Libero
|-damage|p1a: Ursaluna|0 fnt
|faint|p1a: Ursaluna
|
|t:|1779843751
|switch|p2a: Lokix|Lokix, M|100/100|[from] U-turn
|
|upkeep
|
|t:|1779843759
|switch|p1a: Scrafty|Scrafty, M|79/100 tox
|-ability|p1a: Scrafty|Intimidate|boost
|-unboost|p2a: Lokix|atk|1
|turn|13
|
|t:|1779843779
|move|p2a: Lokix|Axe Kick|p1a: Scrafty
|-supereffective|p1a: Scrafty
|-damage|p1a: Scrafty|27/100 tox
|move|p1a: Scrafty|Knock Off|p2a: Lokix
|-resisted|p2a: Lokix
|-crit|p2a: Lokix
|-damage|p2a: Lokix|56/100
|-enditem|p2a: Lokix|Heavy-Duty Boots|[from] move: Knock Off|[of] p1a: Scrafty
|
|-heal|p1a: Scrafty|33/100 tox|[from] item: Leftovers
|-damage|p1a: Scrafty|27/100 tox|[from] psn
|upkeep
|turn|14
|
|t:|1779843796
|move|p2a: Lokix|U-turn|p1a: Scrafty
|-damage|p1a: Scrafty|6/100 tox
|
|t:|1779843799
|switch|p2a: Venomoth|Venomoth, M|100/100|[from] U-turn
|move|p1a: Scrafty|Drain Punch|p2a: Venomoth
|-resisted|p2a: Venomoth
|-damage|p2a: Venomoth|85/100
|-heal|p1a: Scrafty|12/100 tox|[from] drain|[of] p2a: Venomoth
|
|-heal|p1a: Scrafty|18/100 tox|[from] item: Leftovers
|-damage|p1a: Scrafty|6/100 tox|[from] psn
|upkeep
|turn|15
|
|t:|1779843812
|move|p2a: Venomoth|Quiver Dance|p2a: Venomoth
|-boost|p2a: Venomoth|spa|1
|-boost|p2a: Venomoth|spd|1
|-boost|p2a: Venomoth|spe|1
|move|p1a: Scrafty|Knock Off|p2a: Venomoth
|-damage|p2a: Venomoth|10/100
|-enditem|p2a: Venomoth|Heavy-Duty Boots|[from] move: Knock Off|[of] p1a: Scrafty
|
|-heal|p1a: Scrafty|12/100 tox|[from] item: Leftovers
|-damage|p1a: Scrafty|0 fnt|[from] psn
|faint|p1a: Scrafty
|upkeep
|
|t:|1779843829
|switch|p1a: Cinderace|Cinderace, M|100/100
|turn|16
|
|t:|1779843837
|move|p2a: Venomoth|Sludge Wave|p1a: Cinderace
|-damage|p1a: Cinderace|10/100
|move|p1a: Cinderace|Pyro Ball|p2a: Venomoth|[miss]
|-miss|p1a: Cinderace|p2a: Venomoth
|
|upkeep
|turn|17
|
|t:|1779843846
|move|p2a: Venomoth|Sludge Wave|p1a: Cinderace
|-damage|p1a: Cinderace|0 fnt
|faint|p1a: Cinderace
|
|upkeep
|
|t:|1779843852
|switch|p1a: Zoroark|Zoroark-Hisui, F|100/100
|turn|18
|
|t:|1779843870
|move|p2a: Venomoth|Sludge Wave|p1a: Zoroark
|-resisted|p1a: Zoroark
|-damage|p1a: Zoroark|0 fnt
|faint|p1a: Zoroark
|
|win|Foxthelannister
|raw|galinaito's rating: 1201 &rarr; <strong>1176</strong><br />(-25 for losing)
|raw|Foxthelannister's rating: 1199 &rarr; <strong>1224</strong><br />(+25 for winning)
|l|☆Foxthelannister
|player|p2|
|l|☆galinaito
|player|p1|
