|j|☆Jazzuthy
|j|☆bigter
|t:|1779844941
|gametype|singles
|player|p1|Jazzuthy|veteran-gen4|1289
|player|p2|bigter|hoopster|1302
|gen|9
|tier|[Gen 9] OU
|rated|
|rule|HP Percentage Mod: HP is shown in percentages
|rule|Endless Battle Clause: Forcing endless battles is banned
|rule|Species Clause: Limit one of each Pokémon
|rule|OHKO Clause: OHKO moves are banned
|rule|Evasion Items Clause: Evasion items are banned
|rule|Evasion Moves Clause: Evasion moves are banned
|rule|Evasion Abilities Clause: Evasion abilities are banned
|rule|Sleep Moves Clause: Sleep-inducing moves are banned
|clearpoke
|poke|p1|Froslass, F|
|poke|p1|Comfey, M|
|poke|p1|Goodra-Hisui, M|
|poke|p1|Salazzle, F|
|poke|p1|Cinccino, F|
|poke|p1|Dondozo, M|
|poke|p2|Kyurem|
|poke|p2|Gholdengo|
|poke|p2|Regidrago|
|poke|p2|Scizor, F|
|poke|p2|Ting-Lu|
|poke|p2|Weezing-Galar, F|
|teampreview
|inactive|Battle timer is ON: inactive players will automatically lose when time's up. (requested by bigter)
|
|t:|1779844951
|teamsize|p1|6
|teamsize|p2|6
|start
|switch|p1a: Froslass|Froslass, F|100/100
|switch|p2a: Kyurem|Kyurem|100/100
|-ability|p2a: Kyurem|Pressure
|turn|1
|
|t:|1779844971
|switch|p2a: Scizor|Scizor, F|100/100
|move|p1a: Froslass|Destiny Bond|p1a: Froslass
|-singlemove|p1a: Froslass|Destiny Bond
|
|upkeep
|turn|2
|
|t:|1779844981
|move|p2a: Scizor|U-turn|p1a: Froslass
|-resisted|p1a: Froslass
|-damage|p1a: Froslass|51/100
|inactive|bigter has 120 seconds left.
|
|t:|1779845011
|switch|p2a: Ting-Lu|Ting-Lu|100/100|[from] U-turn
|-ability|p2a: Ting-Lu|Vessel of Ruin
|move|p1a: Froslass|Avalanche|p2a: Ting-Lu
|-supereffective|p2a: Ting-Lu
|-damage|p2a: Ting-Lu|74/100
|
|-heal|p2a: Ting-Lu|81/100|[from] item: Leftovers
|upkeep
|turn|3
|inactive|bigter has 120 seconds left.
|
|t:|1779845024
|switch|p2a: Weezing|Weezing-Galar, F|100/100
|-ability|p2a: Weezing|Neutralizing Gas
|move|p1a: Froslass|Taunt|p2a: Weezing
|-start|p2a: Weezing|move: Taunt
|
|upkeep
|turn|4
|inactive|bigter has 120 seconds left.
|
|t:|1779845033
|move|p1a: Froslass|Destiny Bond|p1a: Froslass
|-singlemove|p1a: Froslass|Destiny Bond
|move|p2a: Weezing|Sludge Bomb|p1a: Froslass
|-resisted|p1a: Froslass
|-damage|p1a: Froslass|27/100
|
|upkeep
|turn|5
|inactive|bigter has 120 seconds left.
|
|t:|1779845043
|move|p2a: Weezing|Sludge Bomb|p1a: Froslass
|-resisted|p1a: Froslass
|-damage|p1a: Froslass|5/100
|move|p1a: Froslass|Avalanche|p2a: Weezing
|-damage|p2a: Weezing|72/100
|
|-end|p2a: Weezing|move: Taunt
|upkeep
|turn|6
|inactive|bigter has 120 seconds left.
|
|t:|1779845076
|-end|p2a: Weezing|ability: Neutralizing Gas
|switch|p2a: Kyurem|Kyurem|100/100
|-ability|p2a: Kyurem|Pressure
|move|p1a: Froslass|Destiny Bond|p1a: Froslass
|-singlemove|p1a: Froslass|Destiny Bond
|
|upkeep
|turn|7
|
|t:|1779845088
|switch|p2a: Ting-Lu|Ting-Lu|81/100
|-ability|p2a: Ting-Lu|Vessel of Ruin
|move|p1a: Froslass|Avalanche|p2a: Ting-Lu
|-supereffective|p2a: Ting-Lu
|-damage|p2a: Ting-Lu|56/100
|
|-heal|p2a: Ting-Lu|62/100|[from] item: Leftovers
|upkeep
|turn|8
|
|t:|1779845100
|switch|p2a: Weezing|Weezing-Galar, F|72/100
|-ability|p2a: Weezing|Neutralizing Gas
|move|p1a: Froslass|Destiny Bond|p1a: Froslass
|-singlemove|p1a: Froslass|Destiny Bond
|
|upkeep
|turn|9
|inactive|bigter has 90 seconds left.
|
|t:|1779845130
|-end|p2a: Weezing|ability: Neutralizing Gas
|switch|p2a: Kyurem|Kyurem|100/100
|-ability|p2a: Kyurem|Pressure
|move|p1a: Froslass|Avalanche|p2a: Kyurem
|-damage|p2a: Kyurem|78/100
|
|upkeep
|turn|10
|
|t:|1779845140
|move|p1a: Froslass|Destiny Bond|p1a: Froslass
|-singlemove|p1a: Froslass|Destiny Bond
|move|p2a: Kyurem|Dragon Dance|p2a: Kyurem
|-boost|p2a: Kyurem|atk|1
|-boost|p2a: Kyurem|spe|1
|
|upkeep
|turn|11
|
|t:|1779845155
|move|p2a: Kyurem|Dragon Dance|p2a: Kyurem
|-boost|p2a: Kyurem|atk|1
|-boost|p2a: Kyurem|spe|1
|move|p1a: Froslass|Taunt|p2a: Kyurem
|-start|p2a: Kyurem|move: Taunt
|
|upkeep
|turn|12
|
|t:|1779845163
|switch|p1a: Comfey|Comfey, M|100/100
|move|p2a: Kyurem|Icicle Spear|p1a: Comfey
|-damage|p1a: Comfey|67/100
|-damage|p1a: Comfey|28/100
|-crit|p1a: Comfey
|-damage|p1a: Comfey|0 fnt
|faint|p1a: Comfey
|-hitcount|p1: Comfey|3
|
|upkeep
|
|t:|1779845176
|switch|p1a: Dondozo|Dondozo, M|100/100
|turn|13
|
|t:|1779845179
|move|p2a: Kyurem|Freeze-Dry|p1a: Dondozo
|-supereffective|p1a: Dondozo
|-crit|p1a: Dondozo
|-damage|p1a: Dondozo|0 fnt
|faint|p1a: Dondozo
|
|upkeep
|
|t:|1779845185
|switch|p1a: Goodra|Goodra-Hisui, M|100/100
|turn|14
|
|t:|1779845191
|move|p2a: Kyurem|Icicle Spear|p1a: Goodra
|-damage|p1a: Goodra|71/100
|-damage|p1a: Goodra|44/100
|-damage|p1a: Goodra|17/100
|-hitcount|p1a: Goodra|3
|move|p1a: Goodra|Flash Cannon|p2a: Kyurem
|-supereffective|p2a: Kyurem
|-damage|p2a: Kyurem|0 fnt
|faint|p2a: Kyurem
|
|upkeep
|inactive|bigter has 120 seconds left.
|
|t:|1779845204
|switch|p2a: Scizor|Scizor, F|100/100
|turn|15
|
|t:|1779845209
|switch|p1a: Froslass|Froslass, F|5/100
|move|p2a: Scizor|Knock Off|p1a: Froslass
|-supereffective|p1a: Froslass
|-damage|p1a: Froslass|0 fnt
|-enditem|p1a: Froslass|Focus Sash|[from] move: Knock Off|[of] p2a: Scizor
|faint|p1a: Froslass
|
|upkeep
|
|t:|1779845217
|switch|p1a: Goodra|Goodra-Hisui, M|17/100
|turn|16
|
|t:|1779845220
|move|p2a: Scizor|Knock Off|p1a: Goodra
|-damage|p1a: Goodra|0 fnt
|-enditem|p1a: Goodra|Assault Vest|[from] move: Knock Off|[of] p2a: Scizor
|faint|p1a: Goodra
|
|upkeep
|c|☆bigter|g
|
|t:|1779845226
|switch|p1a: Salazzle|Salazzle, F|100/100
|turn|17
|c|☆bigter|g
|
|t:|1779845231
|switch|p2a: Ting-Lu|Ting-Lu|62/100
|-ability|p2a: Ting-Lu|Vessel of Ruin
|move|p1a: Salazzle|Disable||[still]
|-fail|p1a: Salazzle
|
|-heal|p2a: Ting-Lu|69/100|[from] item: Leftovers
|upkeep
|turn|18
|
|t:|1779845239
|-terastallize|p1a: Salazzle|Flying
|move|p1a: Salazzle|Toxic|p2a: Ting-Lu
|-status|p2a: Ting-Lu|tox
|move|p2a: Ting-Lu|Earthquake|p1a: Salazzle
|-immune|p1a: Salazzle
|
|-heal|p2a: Ting-Lu|75/100 tox|[from] item: Leftovers
|-damage|p2a: Ting-Lu|69/100 tox|[from] psn
|upkeep
|turn|19
|
|t:|1779845251
|move|p1a: Salazzle|Encore|p2a: Ting-Lu
|-start|p2a: Ting-Lu|Encore
|move|p2a: Ting-Lu|Earthquake|p1a: Salazzle
|-immune|p1a: Salazzle
|
|-heal|p2a: Ting-Lu|75/100 tox|[from] item: Leftovers
|-damage|p2a: Ting-Lu|62/100 tox|[from] psn
|upkeep
|turn|20
|
|t:|1779845260
|move|p1a: Salazzle|Substitute|p1a: Salazzle
|-start|p1a: Salazzle|Substitute
|-damage|p1a: Salazzle|76/100
|move|p2a: Ting-Lu|Earthquake|p1a: Salazzle
|-immune|p1a: Salazzle
|
|-heal|p1a: Salazzle|82/100|[from] item: Leftovers
|-heal|p2a: Ting-Lu|69/100 tox|[from] item: Leftovers
|-damage|p2a: Ting-Lu|50/100 tox|[from] psn
|upkeep
|turn|21
|c|☆bigter|no attacks bor
|
|t:|1779845285
|move|p1a: Salazzle|Toxic|p2a: Ting-Lu
|-fail|p2a: Ting-Lu|tox
|move|p2a: Ting-Lu|Earthquake|p1a: Salazzle
|-immune|p1a: Salazzle
|
|-heal|p1a: Salazzle|88/100|[from] item: Leftovers
|-heal|p2a: Ting-Lu|56/100 tox|[from] item: Leftovers
|-damage|p2a: Ting-Lu|31/100 tox|[from] psn
|-end|p2a: Ting-Lu|Encore
|upkeep
|turn|22
|c|☆Jazzuthy|lol
|
|t:|1779845295
|switch|p2a: Weezing|Weezing-Galar, F|72/100
|-ability|p2a: Weezing|Neutralizing Gas
|move|p1a: Salazzle|Encore||[still]
|-fail|p1a: Salazzle
|
|-heal|p1a: Salazzle|94/100|[from] item: Leftovers
|upkeep
|turn|23
|c|☆bigter|why not forfeit
|c|☆Jazzuthy|because u deserve to stay here
|c|☆bigter|thanks
|
|t:|1779845315
|move|p1a: Salazzle|Toxic|p2a: Weezing
|-immune|p2a: Weezing
|move|p2a: Weezing|Sludge Bomb|p1a: Salazzle
|-end|p1a: Salazzle|Substitute
|
|-heal|p1a: Salazzle|100/100|[from] item: Leftovers
|upkeep
|turn|24
|inactive|bigter has 120 seconds left.
|inactive|bigter has 90 seconds left.
|inactive|bigter has 60 seconds left.
|inactive|bigter has 30 seconds left.
|inactive|bigter has 20 seconds left.
|inactive|bigter has 15 seconds left.
|inactive|bigter has 10 seconds left.
|inactive|bigter has 5 seconds left.
|
|t:|1779845464
|move|p1a: Salazzle|Encore|p2a: Weezing
|-start|p2a: Weezing|Encore
|move|p2a: Weezing|Sludge Bomb|p1a: Salazzle
|-damage|p1a: Salazzle|62/100
|
|-heal|p1a: Salazzle|68/100|[from] item: Leftovers
|upkeep
|turn|25
|inactive|bigter has 15 seconds left this turn.
|inactive|bigter has 10 seconds left.
|inactive|bigter has 5 seconds left.
|inactive|Jazzuthy has 120 seconds left.
|
|t:|1779845499
|move|p1a: Salazzle|Disable|p2a: Weezing
|-start|p2a: Weezing|Disable|Sludge Bomb
|cant|p2a: Weezing|Disable|Sludge Bomb
|
|-heal|p1a: Salazzle|74/100|[from] item: Leftovers
|upkeep
|turn|26
|inactive|bigter has 15 seconds left this turn.
|inactive|bigter has 10 seconds left.
|
|t:|1779845507
|-end|p2a: Weezing|ability: Neutralizing Gas
|switch|p2a: Ting-Lu|Ting-Lu|31/100 tox
|-ability|p2a: Ting-Lu|Vessel of Ruin
|move|p1a: Salazzle|Substitute|p1a: Salazzle
|-start|p1a: Salazzle|Substitute
|-damage|p1a: Salazzle|49/100
|
|-heal|p1a: Salazzle|55/100|[from] item: Leftovers
|-heal|p2a: Ting-Lu|37/100 tox|[from] item: Leftovers
|-damage|p2a: Ting-Lu|31/100 tox|[from] psn
|upkeep
|turn|27
|inactive|bigter has 20 seconds left this turn.
|inactive|Jazzuthy has 120 seconds left.
|inactive|bigter has 15 seconds left.
|inactive|bigter has 10 seconds left.
|inactive|bigter has 5 seconds left.
|
|t:|1779845526
|move|p1a: Salazzle|Toxic|p2a: Ting-Lu
|-fail|p2a: Ting-Lu|tox
|move|p2a: Ting-Lu|Whirlwind|p1a: Salazzle
|drag|p1a: Cinccino|Cinccino, F|100/100
|
|-heal|p2a: Ting-Lu|37/100 tox|[from] item: Leftovers
|-damage|p2a: Ting-Lu|25/100 tox|[from] psn
|upkeep
|turn|28
|inactive|bigter has 15 seconds left this turn.
|
|t:|1779845544
|move|p1a: Cinccino|Bullet Seed|p2a: Ting-Lu
|-supereffective|p2a: Ting-Lu
|-damage|p2a: Ting-Lu|13/100 tox
|-supereffective|p2a: Ting-Lu
|-damage|p2a: Ting-Lu|1/100 tox
|-supereffective|p2a: Ting-Lu
|-crit|p2a: Ting-Lu
|-damage|p2a: Ting-Lu|0 fnt
|faint|p2a: Ting-Lu
|-hitcount|p2: Ting-Lu|3
|
|upkeep
|inactive|bigter has 20 seconds left this turn.
|inactive|bigter has 15 seconds left.
|
|t:|1779845553
|switch|p2a: Scizor|Scizor, F|100/100
|turn|29
|inactive|bigter has 25 seconds left this turn.
|inactive|bigter has 20 seconds left.
|inactive|bigter has 15 seconds left.
|inactive|bigter has 10 seconds left.
|inactive|bigter has 5 seconds left.
|
|t:|1779845581
|-terastallize|p2a: Scizor|Steel
|move|p2a: Scizor|Bullet Punch|p1a: Cinccino
|-damage|p1a: Cinccino|0 fnt
|faint|p1a: Cinccino
|
|upkeep
|inactive|Jazzuthy has 90 seconds left.
|
|t:|1779845595
|switch|p1a: Salazzle|Salazzle, F, tera:Flying|55/100
|turn|30
|inactive|bigter has 20 seconds left this turn.
|c|☆bigter|ggs
|inactive|bigter has 15 seconds left.
|inactive|bigter has 10 seconds left.
|inactive|bigter has 5 seconds left.
|
|t:|1779845614
|switch|p2a: Weezing|Weezing-Galar, F|72/100
|-ability|p2a: Weezing|Neutralizing Gas
|move|p1a: Salazzle|Toxic|p2a: Weezing
|-immune|p2a: Weezing
|
|-heal|p1a: Salazzle|62/100|[from] item: Leftovers
|upkeep
|turn|31
|inactive|bigter has 15 seconds left this turn.
|inactive|bigter has 10 seconds left.
|inactive|bigter has 5 seconds left.
|inactive|Jazzuthy has 90 seconds left.
|inactive|Jazzuthy has 60 seconds left.
|inactive|Jazzuthy has 30 seconds left.
|inactive|Jazzuthy has 20 seconds left.
|inactive|Jazzuthy has 15 seconds left.
|inactive|Jazzuthy has 10 seconds left.
|inactive|Jazzuthy has 5 seconds left.
|-message|Jazzuthy lost due to inactivity.
|
|win|bigter
|raw|Jazzuthy's rating: 1289 &rarr; <strong>1265</strong><br />(-24 for losing)
|raw|bigter's rating: 1302 &rarr; <strong>1321</strong><br />(+19 for winning)
|l|☆bigter
|player|p2|
|l|☆Jazzuthy
|player|p1|
