|badge|p1|bronze|gen9ou|100-9
|uhtml|medal-msg|<div class="broadcast-blue">Curious what those medals under the avatar are? PS now has Ladder Seasons! For more information, check out the <a href="https://www.smogon.com/forums/threads/3740067/">thread on Smogon.</a></div>
|j|☆Auburn Hills
|j|☆sommeliersam
|t:|1779846168
|gametype|singles
|player|p1|Auburn Hills|alder|1861
|player|p2|sommeliersam|1|1740
|gen|9
|tier|[Gen 9] OU
|rated|
|rule|HP Percentage Mod: HP is shown in percentages
|rule|Endless Battle Clause: Forcing endless battles is banned
|rule|Species Clause: Limit one of each Pokémon
|rule|OHKO Clause: OHKO moves are banned
|rule|Evasion Items Clause: Evasion items are banned
|rule|Evasion Moves Clause: Evasion moves are banned
|rule|Evasion Abilities Clause: Evasion abilities are banned
|rule|Sleep Moves Clause: Sleep-inducing moves are banned
|clearpoke
|poke|p1|Iron Moth|
|poke|p1|Umbreon, F|
|poke|p1|Garchomp, F|
|poke|p1|Glimmora, M|
|poke|p1|Gholdengo|
|poke|p1|Dragonite, M|
|poke|p2|Dragonite, F|
|poke|p2|Samurott-Hisui, F|
|poke|p2|Gholdengo|
|poke|p2|Pecharunt|
|poke|p2|Walking Wake|
|poke|p2|Ting-Lu|
|teampreview
|j| FaronAan
|inactive|Battle timer is ON: inactive players will automatically lose when time's up. (requested by Auburn Hills)
|j| mrblue69
|
|t:|1779846186
|teamsize|p1|6
|teamsize|p2|6
|start
|switch|p1a: Julia Jacklin|Glimmora, M|100/100
|switch|p2a: Ting-Lu|Ting-Lu|100/100
|-ability|p2a: Ting-Lu|Vessel of Ruin
|turn|1
|
|t:|1779846190
|move|p1a: Julia Jacklin|Mortal Spin|p2a: Ting-Lu
|-resisted|p2a: Ting-Lu
|-damage|p2a: Ting-Lu|99/100
|-status|p2a: Ting-Lu|psn
|move|p2a: Ting-Lu|Earthquake|p1a: Julia Jacklin
|-supereffective|p1a: Julia Jacklin
|-enditem|p1a: Julia Jacklin|Focus Sash
|-damage|p1a: Julia Jacklin|1/100
|-activate|p1a: Julia Jacklin|ability: Toxic Debris
|-sidestart|p2: sommeliersam|move: Toxic Spikes
|
|-heal|p2a: Ting-Lu|100/100 psn|[from] item: Leftovers
|-damage|p2a: Ting-Lu|88/100 psn|[from] psn
|upkeep
|turn|2
|j| rexa2
|
|t:|1779846197
|move|p1a: Julia Jacklin|Stealth Rock|p2a: Ting-Lu
|-sidestart|p2: sommeliersam|move: Stealth Rock
|move|p2a: Ting-Lu|Earthquake|p1a: Julia Jacklin
|-supereffective|p1a: Julia Jacklin
|-damage|p1a: Julia Jacklin|0 fnt
|-activate|p1a: Julia Jacklin|ability: Toxic Debris
|-sidestart|p2: sommeliersam|move: Toxic Spikes
|faint|p1a: Julia Jacklin
|
|-heal|p2a: Ting-Lu|94/100 psn|[from] item: Leftovers
|-damage|p2a: Ting-Lu|82/100 psn|[from] psn
|upkeep
|
|t:|1779846201
|switch|p1a: Rat Tally|Garchomp, F|100/100
|turn|3
|
|t:|1779846204
|move|p1a: Rat Tally|Swords Dance|p1a: Rat Tally
|-boost|p1a: Rat Tally|atk|2
|move|p2a: Ting-Lu|Stealth Rock|p1a: Rat Tally
|-sidestart|p1: Auburn Hills|move: Stealth Rock
|
|-heal|p2a: Ting-Lu|88/100 psn|[from] item: Leftovers
|-damage|p2a: Ting-Lu|76/100 psn|[from] psn
|upkeep
|turn|4
|
|t:|1779846210
|move|p1a: Rat Tally|Scale Shot|p2a: Ting-Lu
|-damage|p2a: Ting-Lu|61/100 psn
|-damage|p2a: Ting-Lu|48/100 psn
|-damage|p2a: Ting-Lu|35/100 psn
|-damage|p2a: Ting-Lu|19/100 psn
|-damage|p2a: Ting-Lu|5/100 psn
|-hitcount|p2a: Ting-Lu|5
|-unboost|p1a: Rat Tally|def|1
|-boost|p1a: Rat Tally|spe|1
|move|p2a: Ting-Lu|Whirlwind|p1a: Rat Tally
|drag|p1a: Alvvays|Umbreon, F|100/100
|-damage|p1a: Alvvays|88/100|[from] Stealth Rock
|
|-heal|p1a: Alvvays|94/100|[from] item: Leftovers
|-heal|p2a: Ting-Lu|12/100 psn|[from] item: Leftovers
|-damage|p2a: Ting-Lu|0 fnt|[from] psn
|faint|p2a: Ting-Lu
|upkeep
|
|t:|1779846231
|switch|p2a: Gholdengo|Gholdengo|100/100
|-damage|p2a: Gholdengo|94/100|[from] Stealth Rock
|turn|5
|
|t:|1779846236
|switch|p1a: Smino|Gholdengo|100/100
|-damage|p1a: Smino|94/100|[from] Stealth Rock
|move|p2a: Gholdengo|Trick|p1a: Smino
|-immune|p1a: Smino|[from] ability: Good as Gold
|
|upkeep
|turn|6
|
|t:|1779846244
|switch|p2a: Samurott|Samurott-Hisui, F|100/100
|-status|p2a: Samurott|tox
|-damage|p2a: Samurott|88/100 tox|[from] Stealth Rock
|switch|p1a: Rat Tally|Garchomp, F|100/100
|-damage|p1a: Rat Tally|94/100|[from] Stealth Rock
|
|-damage|p2a: Samurott|82/100 tox|[from] psn
|upkeep
|turn|7
|
|t:|1779846257
|move|p1a: Rat Tally|Scale Shot|p2a: Samurott
|-damage|p2a: Samurott|68/100 tox
|-damage|p2a: Samurott|53/100 tox
|-damage|p2a: Samurott|39/100 tox
|-damage|p2a: Samurott|24/100 tox
|-damage|p2a: Samurott|7/100 tox
|-hitcount|p2a: Samurott|5
|-unboost|p1a: Rat Tally|def|1
|-boost|p1a: Rat Tally|spe|1
|move|p2a: Samurott|Ceaseless Edge|p1a: Rat Tally
|-damage|p1a: Rat Tally|29/100
|-damage|p2a: Samurott|0 fnt|[from] ability: Rough Skin|[of] p1a: Rat Tally
|faint|p2a: Samurott
|
|upkeep
|j| shadowisp
|
|t:|1779846269
|switch|p2a: Dragonite|Dragonite, F|100/100
|turn|8
|
|t:|1779846271
|move|p2a: Dragonite|Extreme Speed|p1a: Rat Tally
|-damage|p1a: Rat Tally|0 fnt
|-damage|p2a: Dragonite|88/100|[from] ability: Rough Skin|[of] p1a: Rat Tally
|faint|p1a: Rat Tally
|
|upkeep
|
|t:|1779846274
|switch|p1a: Elucid|Dragonite, M|100/100
|turn|9
|
|t:|1779846279
|switch|p2a: Pecharunt|Pecharunt|100/100
|-sideend|p2: sommeliersam|move: Toxic Spikes|[of] p2a: Pecharunt
|move|p1a: Elucid|Ice Spinner|p2a: Pecharunt
|-crit|p2a: Pecharunt
|-damage|p2a: Pecharunt|70/100
|
|upkeep
|turn|10
|
|t:|1779846288
|switch|p1a: Smino|Gholdengo|94/100
|-damage|p1a: Smino|88/100|[from] Stealth Rock
|move|p2a: Pecharunt|Recover|p2a: Pecharunt
|-heal|p2a: Pecharunt|100/100
|
|upkeep
|turn|11
|
|t:|1779846297
|switch|p2a: Dragonite|Dragonite, F|88/100
|move|p1a: Smino|Shadow Ball|p2a: Dragonite
|-damage|p2a: Dragonite|50/100
|
|upkeep
|turn|12
|
|t:|1779846303
|switch|p1a: Alvvays|Umbreon, F|94/100
|-damage|p1a: Alvvays|82/100|[from] Stealth Rock
|move|p2a: Dragonite|Roost|p2a: Dragonite
|-heal|p2a: Dragonite|99/100
|-singleturn|p2a: Dragonite|move: Roost
|
|-heal|p1a: Alvvays|88/100|[from] item: Leftovers
|upkeep
|turn|13
|
|t:|1779846312
|switch|p2a: Gholdengo|Gholdengo|94/100
|-damage|p2a: Gholdengo|88/100|[from] Stealth Rock
|move|p1a: Alvvays|Thunder Wave|p2a: Gholdengo
|-immune|p2a: Gholdengo|[from] ability: Good as Gold
|
|-heal|p1a: Alvvays|94/100|[from] item: Leftovers
|upkeep
|turn|14
|
|t:|1779846318
|move|p1a: Alvvays|Protect|p1a: Alvvays
|-singleturn|p1a: Alvvays|Protect
|move|p2a: Gholdengo|Shadow Ball|p1a: Alvvays
|-activate|p1a: Alvvays|move: Protect
|
|-heal|p1a: Alvvays|99/100|[from] item: Leftovers
|upkeep
|turn|15
|
|t:|1779846325
|switch|p2a: Walking Wake|Walking Wake|100/100
|move|p1a: Alvvays|Thunder Wave|p2a: Walking Wake
|-status|p2a: Walking Wake|par
|
|-heal|p1a: Alvvays|100/100|[from] item: Leftovers
|upkeep
|turn|16
|
|t:|1779846329
|cant|p2a: Walking Wake|par
|move|p1a: Alvvays|Wish|p1a: Alvvays
|
|upkeep
|turn|17
|
|t:|1779846333
|cant|p2a: Walking Wake|par
|move|p1a: Alvvays|Foul Play|p2a: Walking Wake
|-damage|p2a: Walking Wake|74/100 par
|
|upkeep
|turn|18
|
|t:|1779846338
|move|p2a: Walking Wake|Surf|p1a: Alvvays
|-damage|p1a: Alvvays|78/100
|move|p1a: Alvvays|Foul Play|p2a: Walking Wake
|-damage|p2a: Walking Wake|46/100 par
|
|-heal|p1a: Alvvays|84/100|[from] item: Leftovers
|upkeep
|turn|19
|
|t:|1779846345
|move|p2a: Walking Wake|Knock Off|p1a: Alvvays
|-resisted|p1a: Alvvays
|-damage|p1a: Alvvays|77/100
|-enditem|p1a: Alvvays|Leftovers|[from] move: Knock Off|[of] p2a: Walking Wake
|move|p1a: Alvvays|Wish|p1a: Alvvays
|
|upkeep
|turn|20
|
|t:|1779846350
|-end|p2a: Walking Wake|Protosynthesis|[silent]
|switch|p2a: Dragonite|Dragonite, F|99/100
|move|p1a: Alvvays|Foul Play|p2a: Dragonite
|-damage|p2a: Dragonite|54/100
|
|-heal|p1a: Alvvays|100/100|[from] move: Wish|[wisher] Alvvays
|upkeep
|turn|21
|
|t:|1779846353
|move|p2a: Dragonite|Roost|p2a: Dragonite
|-heal|p2a: Dragonite|100/100
|-singleturn|p2a: Dragonite|move: Roost
|move|p1a: Alvvays|Foul Play|p2a: Dragonite
|-damage|p2a: Dragonite|75/100
|
|upkeep
|turn|22
|
|t:|1779846356
|move|p2a: Dragonite|Low Kick|p1a: Alvvays
|-supereffective|p1a: Alvvays
|-damage|p1a: Alvvays|63/100
|move|p1a: Alvvays|Thunder Wave|p2a: Dragonite
|-status|p2a: Dragonite|par
|
|upkeep
|turn|23
|
|t:|1779846362
|move|p1a: Alvvays|Wish|p1a: Alvvays
|move|p2a: Dragonite|Low Kick|p1a: Alvvays
|-supereffective|p1a: Alvvays
|-damage|p1a: Alvvays|26/100
|
|upkeep
|turn|24
|
|t:|1779846366
|move|p1a: Alvvays|Protect|p1a: Alvvays
|-singleturn|p1a: Alvvays|Protect
|cant|p2a: Dragonite|par
|
|-heal|p1a: Alvvays|76/100|[from] move: Wish|[wisher] Alvvays
|upkeep
|turn|25
|
|t:|1779846368
|move|p1a: Alvvays|Wish|p1a: Alvvays
|move|p2a: Dragonite|Low Kick|p1a: Alvvays
|-supereffective|p1a: Alvvays
|-damage|p1a: Alvvays|38/100
|
|upkeep
|turn|26
|
|t:|1779846372
|move|p1a: Alvvays|Protect|p1a: Alvvays
|-singleturn|p1a: Alvvays|Protect
|move|p2a: Dragonite|Roost|p2a: Dragonite
|-heal|p2a: Dragonite|100/100 par
|-singleturn|p2a: Dragonite|move: Roost
|
|-heal|p1a: Alvvays|88/100|[from] move: Wish|[wisher] Alvvays
|upkeep
|turn|27
|
|t:|1779846375
|move|p1a: Alvvays|Wish|p1a: Alvvays
|move|p2a: Dragonite|Low Kick|p1a: Alvvays
|-supereffective|p1a: Alvvays
|-damage|p1a: Alvvays|52/100
|
|upkeep
|turn|28
|
|t:|1779846386
|switch|p2a: Pecharunt|Pecharunt|100/100
|move|p1a: Alvvays|Foul Play|p2a: Pecharunt
|-supereffective|p2a: Pecharunt
|-damage|p2a: Pecharunt|75/100
|
|-heal|p1a: Alvvays|100/100|[from] move: Wish|[wisher] Alvvays
|upkeep
|turn|29
|
|t:|1779846389
|switch|p1a: Smino|Gholdengo|88/100
|-damage|p1a: Smino|82/100|[from] Stealth Rock
|move|p2a: Pecharunt|Malignant Chain|p1a: Smino
|-immune|p1a: Smino
|
|upkeep
|turn|30
|
|t:|1779846398
|-terastallize|p2a: Pecharunt|Water
|move|p1a: Smino|Shadow Ball|p2a: Pecharunt
|-damage|p2a: Pecharunt|31/100
|move|p2a: Pecharunt|Shadow Ball|p1a: Smino
|-supereffective|p1a: Smino
|-damage|p1a: Smino|19/100
|
|upkeep
|turn|31
|
|t:|1779846406
|switch|p2a: Dragonite|Dragonite, F|100/100 par
|move|p1a: Smino|Shadow Ball|p2a: Dragonite
|-damage|p2a: Dragonite|81/100 par
|-unboost|p2a: Dragonite|spd|1
|
|upkeep
|turn|32
|
|t:|1779846413
|move|p1a: Smino|Shadow Ball|p2a: Dragonite
|-crit|p2a: Dragonite
|-damage|p2a: Dragonite|0 fnt
|faint|p2a: Dragonite
|
|upkeep
|
|t:|1779846417
|switch|p2a: Gholdengo|Gholdengo|88/100
|-damage|p2a: Gholdengo|82/100|[from] Stealth Rock
|turn|33
|
|t:|1779846421
|move|p2a: Gholdengo|Make It Rain|p1a: Smino
|-resisted|p1a: Smino
|-damage|p1a: Smino|0 fnt
|-unboost|p2a: Gholdengo|spa|1
|faint|p1a: Smino
|
|upkeep
|
|t:|1779846424
|switch|p1a: Carly Rae|Iron Moth|100/100
|-damage|p1a: Carly Rae|76/100|[from] Stealth Rock
|-enditem|p1a: Carly Rae|Booster Energy
|-activate|p1a: Carly Rae|ability: Quark Drive|[fromitem]
|-start|p1a: Carly Rae|quarkdrivespe
|turn|34
|-message|sommeliersam forfeited.
|
|win|Auburn Hills
|raw|Auburn Hills's rating: 1861 &rarr; <strong>1874</strong><br />(+13 for winning)
|raw|sommeliersam's rating: 1740 &rarr; <strong>1727</strong><br />(-13 for losing)
|l|☆sommeliersam
|player|p2|
|l|☆Auburn Hills
|player|p1|
|l| FaronAan
|l| rexa2
|l| mrblue69
|l| shadowisp
