|j|☆claudechamp
|j|☆AbSolitaire
|t:|1779822161
|gametype|singles
|player|p1|claudechamp|265|1215
|player|p2|AbSolitaire|policeman-gen4|1289
|gen|9
|tier|[Gen 9] OU
|rated|
|rule|HP Percentage Mod: HP is shown in percentages
|rule|Endless Battle Clause: Forcing endless battles is banned
|rule|Species Clause: Limit one of each Pokémon
|rule|OHKO Clause: OHKO moves are banned
|rule|Evasion Items Clause: Evasion items are banned
|rule|Evasion Moves Clause: Evasion moves are banned
|rule|Evasion Abilities Clause: Evasion abilities are banned
|rule|Sleep Moves Clause: Sleep-inducing moves are banned
|clearpoke
|poke|p1|Corviknight, F|
|poke|p1|Ting-Lu|
|poke|p1|Kyurem|
|poke|p1|Dondozo, M|
|poke|p1|Slowking-Galar, M|
|poke|p1|Cinderace, M|
|poke|p2|Armarouge, M|
|poke|p2|Meowstic, M|
|poke|p2|Hatterene, F|
|poke|p2|Iron Leaves|
|poke|p2|Indeedee-F, F|
|poke|p2|Gallade, M|
|teampreview
|c|☆claudechamp|hf
|inactive|Battle timer is ON: inactive players will automatically lose when time's up. (requested by AbSolitaire)
|inactive|claudechamp also wants the timer to be on.
|
|t:|1779822167
|teamsize|p1|6
|teamsize|p2|6
|start
|switch|p1a: Cinderace|Cinderace, M|100/100
|switch|p2a: Meowstic|Meowstic, M|100/100
|turn|1
|
|t:|1779822172
|move|p2a: Meowstic|Thunder Wave|p1a: Cinderace|[miss]
|-miss|p2a: Meowstic|p1a: Cinderace
|move|p1a: Cinderace|Pyro Ball|p2a: Meowstic
|-damage|p2a: Meowstic|51/100
|
|upkeep
|turn|2
|
|t:|1779822177
|move|p2a: Meowstic|Thunder Wave|p1a: Cinderace
|-status|p1a: Cinderace|par
|move|p1a: Cinderace|Pyro Ball|p2a: Meowstic
|-damage|p2a: Meowstic|4/100
|
|upkeep
|turn|3
|
|t:|1779822186
|move|p2a: Meowstic|Reflect|p2a: Meowstic
|-sidestart|p2: AbSolitaire|Reflect
|move|p1a: Cinderace|Pyro Ball|p2a: Meowstic
|-damage|p2a: Meowstic|0 fnt
|faint|p2a: Meowstic
|
|upkeep
|
|t:|1779822191
|switch|p2a: Armarouge|Armarouge, M|100/100
|turn|4
|
|t:|1779822193
|switch|p1a: Kyurem|Kyurem|100/100
|-ability|p1a: Kyurem|Pressure
|move|p2a: Armarouge|Calm Mind|p2a: Armarouge
|-boost|p2a: Armarouge|spa|1
|-boost|p2a: Armarouge|spd|1
|
|upkeep
|turn|5
|
|t:|1779822199
|move|p1a: Kyurem|Freeze-Dry|p2a: Armarouge
|-resisted|p2a: Armarouge
|-damage|p2a: Armarouge|83/100
|move|p2a: Armarouge|Armor Cannon|p1a: Kyurem
|-damage|p1a: Kyurem|15/100
|-unboost|p2a: Armarouge|def|1
|-unboost|p2a: Armarouge|spd|1
|
|-heal|p1a: Kyurem|21/100|[from] item: Leftovers
|upkeep
|turn|6
|
|t:|1779822206
|move|p1a: Kyurem|Earth Power|p2a: Armarouge
|-supereffective|p2a: Armarouge
|-damage|p2a: Armarouge|9/100
|move|p2a: Armarouge|Psyshock|p1a: Kyurem
|-damage|p1a: Kyurem|0 fnt
|faint|p1a: Kyurem
|
|upkeep
|
|t:|1779822210
|switch|p1a: Ting-Lu|Ting-Lu|100/100
|-ability|p1a: Ting-Lu|Vessel of Ruin
|turn|7
|
|t:|1779822215
|move|p2a: Armarouge|Energy Ball|p1a: Ting-Lu
|-supereffective|p1a: Ting-Lu
|-damage|p1a: Ting-Lu|64/100
|-unboost|p1a: Ting-Lu|spd|1
|move|p1a: Ting-Lu|Earthquake|p2a: Armarouge
|-supereffective|p2a: Armarouge
|-damage|p2a: Armarouge|0 fnt
|faint|p2a: Armarouge
|
|-heal|p1a: Ting-Lu|70/100|[from] item: Leftovers
|upkeep
|
|t:|1779822219
|switch|p2a: Iron Leaves|Iron Leaves|100/100
|-enditem|p2a: Iron Leaves|Booster Energy
|-activate|p2a: Iron Leaves|ability: Quark Drive|[fromitem]
|-start|p2a: Iron Leaves|quarkdrivespe
|turn|8
|
|t:|1779822225
|move|p2a: Iron Leaves|Swords Dance|p2a: Iron Leaves
|-boost|p2a: Iron Leaves|atk|2
|move|p1a: Ting-Lu|Payback|p2a: Iron Leaves
|-supereffective|p2a: Iron Leaves
|-damage|p2a: Iron Leaves|59/100
|
|-heal|p1a: Ting-Lu|76/100|[from] item: Leftovers
|upkeep
|turn|9
|
|t:|1779822229
|switch|p1a: Slowking|Slowking-Galar, M|100/100
|move|p2a: Iron Leaves|Leaf Blade|p1a: Slowking
|-resisted|p1a: Slowking
|-damage|p1a: Slowking|72/100
|
|upkeep
|turn|10
|
|t:|1779822235
|move|p2a: Iron Leaves|Psyblade|p1a: Slowking
|-damage|p1a: Slowking|15/100
|move|p1a: Slowking|Future Sight|p2a: Iron Leaves
|-start|p1a: Slowking|move: Future Sight
|
|-sideend|p2: AbSolitaire|Reflect
|upkeep
|turn|11
|
|t:|1779822237
|move|p2a: Iron Leaves|Psyblade|p1a: Slowking
|-damage|p1a: Slowking|0 fnt
|faint|p1a: Slowking
|
|upkeep
|
|t:|1779822246
|switch|p1a: Corviknight|Corviknight, F|100/100
|-ability|p1a: Corviknight|Pressure
|turn|12
|
|t:|1779822253
|move|p2a: Iron Leaves|Close Combat|p1a: Corviknight
|-damage|p1a: Corviknight|56/100
|-unboost|p2a: Iron Leaves|def|1
|-unboost|p2a: Iron Leaves|spd|1
|-damage|p2a: Iron Leaves|42/100|[from] item: Rocky Helmet|[of] p1a: Corviknight
|move|p1a: Corviknight|Brave Bird|p2a: Iron Leaves
|-supereffective|p2a: Iron Leaves
|-damage|p2a: Iron Leaves|0 fnt
|faint|p2a: Iron Leaves
|-end|p2a: Iron Leaves|Quark Drive|[silent]
|-damage|p1a: Corviknight|44/100|[from] Recoil
|
|-hint|Future Sight did not hit because the target is fainted.
|upkeep
|
|t:|1779822259
|switch|p2a: Indeedee|Indeedee-F, F|100/100
|-fieldstart|move: Psychic Terrain|[from] ability: Psychic Surge|[of] p2a: Indeedee
|turn|13
|
|t:|1779822268
|move|p2a: Indeedee|Psychic|p1a: Corviknight
|-resisted|p1a: Corviknight
|-damage|p1a: Corviknight|19/100
|move|p1a: Corviknight|Roost|p1a: Corviknight
|-heal|p1a: Corviknight|69/100
|-singleturn|p1a: Corviknight|move: Roost
|
|upkeep
|turn|14
|
|t:|1779822274
|switch|p2a: Hatterene|Hatterene, F|100/100
|move|p1a: Corviknight|U-turn|p2a: Hatterene
|-damage|p2a: Hatterene|89/100
|-damage|p1a: Corviknight|53/100|[from] item: Rocky Helmet|[of] p2a: Hatterene
|
|t:|1779822285
|switch|p1a: Ting-Lu|Ting-Lu|76/100|[from] U-turn
|-ability|p1a: Ting-Lu|Vessel of Ruin
|
|-heal|p1a: Ting-Lu|83/100|[from] item: Leftovers
|upkeep
|turn|15
|
|t:|1779822295
|move|p1a: Ting-Lu|Earthquake|p2a: Hatterene
|-damage|p2a: Hatterene|60/100
|move|p2a: Hatterene|Draining Kiss|p1a: Ting-Lu
|-supereffective|p1a: Ting-Lu
|-damage|p1a: Ting-Lu|64/100
|-heal|p2a: Hatterene|84/100|[from] drain|[of] p1a: Ting-Lu
|
|-heal|p1a: Ting-Lu|70/100|[from] item: Leftovers
|upkeep
|turn|16
|
|t:|1779822303
|-terastallize|p1a: Ting-Lu|Water
|move|p1a: Ting-Lu|Earthquake|p2a: Hatterene
|-damage|p2a: Hatterene|54/100
|move|p2a: Hatterene|Draining Kiss|p1a: Ting-Lu
|-damage|p1a: Ting-Lu|59/100
|-heal|p2a: Hatterene|67/100|[from] drain|[of] p1a: Ting-Lu
|
|-heal|p1a: Ting-Lu|65/100|[from] item: Leftovers
|upkeep
|turn|17
|
|t:|1779822312
|move|p1a: Ting-Lu|Earthquake|p2a: Hatterene
|-damage|p2a: Hatterene|35/100
|move|p2a: Hatterene|Nuzzle|p1a: Ting-Lu
|-supereffective|p1a: Ting-Lu
|-damage|p1a: Ting-Lu|61/100
|-status|p1a: Ting-Lu|par
|
|-heal|p1a: Ting-Lu|67/100 par|[from] item: Leftovers
|-fieldend|move: Psychic Terrain
|upkeep
|turn|18
|
|t:|1779822316
|move|p2a: Hatterene|Draining Kiss|p1a: Ting-Lu
|-damage|p1a: Ting-Lu|58/100 par
|-heal|p2a: Hatterene|47/100|[from] drain|[of] p1a: Ting-Lu
|cant|p1a: Ting-Lu|par
|
|-heal|p1a: Ting-Lu|64/100 par|[from] item: Leftovers
|upkeep
|turn|19
|
|t:|1779822323
|move|p2a: Hatterene|Psychic Noise|p1a: Ting-Lu
|-damage|p1a: Ting-Lu|50/100 par
|-start|p1a: Ting-Lu|move: Heal Block
|cant|p1a: Ting-Lu|par
|
|upkeep
|turn|20
|
|t:|1779822331
|move|p2a: Hatterene|Psychic Noise|p1a: Ting-Lu
|-damage|p1a: Ting-Lu|37/100 par
|cant|p1a: Ting-Lu|par
|
|-end|p1a: Ting-Lu|move: Heal Block
|upkeep
|turn|21
|
|t:|1779822339
|move|p2a: Hatterene|Draining Kiss|p1a: Ting-Lu
|-damage|p1a: Ting-Lu|27/100 par
|-heal|p2a: Hatterene|58/100|[from] drain|[of] p1a: Ting-Lu
|move|p1a: Ting-Lu|Earthquake|p2a: Hatterene
|-damage|p2a: Hatterene|29/100
|
|-heal|p1a: Ting-Lu|34/100 par|[from] item: Leftovers
|upkeep
|turn|22
|
|t:|1779822347
|move|p2a: Hatterene|Draining Kiss|p1a: Ting-Lu
|-damage|p1a: Ting-Lu|24/100 par
|-heal|p2a: Hatterene|40/100|[from] drain|[of] p1a: Ting-Lu
|move|p1a: Ting-Lu|Rest|p1a: Ting-Lu
|-status|p1a: Ting-Lu|slp|[from] move: Rest
|-heal|p1a: Ting-Lu|100/100 slp|[silent]
|
|upkeep
|turn|23
|
|t:|1779822354
|switch|p2a: Gallade|Gallade, M|100/100
|cant|p1a: Ting-Lu|slp
|move|p1a: Ting-Lu|Sleep Talk|p1a: Ting-Lu
|move|p1a: Ting-Lu|Earthquake|p2a: Gallade|[from] move: Sleep Talk
|-damage|p2a: Gallade|37/100
|
|upkeep
|turn|24
|
|t:|1779822360
|move|p2a: Gallade|Leaf Blade|p1a: Ting-Lu
|-supereffective|p1a: Ting-Lu
|-damage|p1a: Ting-Lu|37/100 slp
|-damage|p2a: Gallade|28/100|[from] item: Life Orb
|cant|p1a: Ting-Lu|slp
|move|p1a: Ting-Lu|Sleep Talk|p1a: Ting-Lu
|move|p1a: Ting-Lu|Rest||[from] move: Sleep Talk|[still]
|-fail|p1a: Ting-Lu
|
|-heal|p1a: Ting-Lu|43/100 slp|[from] item: Leftovers
|upkeep
|turn|25
|
|t:|1779822366
|switch|p1a: Corviknight|Corviknight, F|53/100
|-ability|p1a: Corviknight|Pressure
|move|p2a: Gallade|Leaf Blade|p1a: Corviknight
|-resisted|p1a: Corviknight
|-damage|p1a: Corviknight|43/100
|-damage|p2a: Gallade|11/100|[from] item: Rocky Helmet|[of] p1a: Corviknight
|-damage|p2a: Gallade|1/100|[from] item: Life Orb
|
|upkeep
|turn|26
|
|t:|1779822374
|move|p2a: Gallade|Sacred Sword|p1a: Corviknight
|-damage|p1a: Corviknight|0 fnt
|-damage|p2a: Gallade|0 fnt|[from] item: Rocky Helmet|[of] p1a: Corviknight
|faint|p1a: Corviknight
|faint|p2a: Gallade
|
|upkeep
|
|t:|1779822382
|switch|p2a: Hatterene|Hatterene, F|40/100
|switch|p1a: Ting-Lu|Ting-Lu, tera:Water|43/100 slp
|-ability|p1a: Ting-Lu|Vessel of Ruin
|turn|27
|
|t:|1779822391
|-curestatus|p1a: Ting-Lu|slp|[msg]
|move|p1a: Ting-Lu|Earthquake|p2a: Hatterene
|-damage|p2a: Hatterene|9/100
|move|p2a: Hatterene|Draining Kiss|p1a: Ting-Lu
|-damage|p1a: Ting-Lu|33/100
|-heal|p2a: Hatterene|21/100|[from] drain|[of] p1a: Ting-Lu
|
|-heal|p1a: Ting-Lu|39/100|[from] item: Leftovers
|upkeep
|turn|28
|
|t:|1779822400
|move|p1a: Ting-Lu|Earthquake|p2a: Hatterene
|-damage|p2a: Hatterene|0 fnt
|faint|p2a: Hatterene
|
|-heal|p1a: Ting-Lu|45/100|[from] item: Leftovers
|upkeep
|
|t:|1779822403
|switch|p2a: Indeedee|Indeedee-F, F|100/100
|-fieldstart|move: Psychic Terrain|[from] ability: Psychic Surge|[of] p2a: Indeedee
|turn|29
|
|t:|1779822414
|move|p2a: Indeedee|Psychic|p1a: Ting-Lu
|-damage|p1a: Ting-Lu|23/100
|move|p1a: Ting-Lu|Payback|p2a: Indeedee
|-supereffective|p2a: Indeedee
|-damage|p2a: Indeedee|0 fnt
|faint|p2a: Indeedee
|
|win|claudechamp
|raw|claudechamp's rating: 1183 &rarr; <strong>1215</strong><br />(+32 for winning)
|raw|AbSolitaire's rating: 1289 &rarr; <strong>1257</strong><br />(-32 for losing)
|l|☆AbSolitaire
|player|p2|
|c|☆claudechamp|gg
