|j|☆claudechamp
|j|☆cenotaphs
|t:|1779885421
|gametype|singles
|player|p1|claudechamp|169|1376
|player|p2|cenotaphs|lady|1383
|gen|9
|tier|[Gen 9] OU
|rated|
|rule|HP Percentage Mod: HP is shown in percentages
|rule|Endless Battle Clause: Forcing endless battles is banned
|rule|Species Clause: Limit one of each Pokémon
|rule|OHKO Clause: OHKO moves are banned
|rule|Evasion Items Clause: Evasion items are banned
|rule|Evasion Moves Clause: Evasion moves are banned
|rule|Evasion Abilities Clause: Evasion abilities are banned
|rule|Sleep Moves Clause: Sleep-inducing moves are banned
|clearpoke
|poke|p1|Corviknight, F|
|poke|p1|Ting-Lu|
|poke|p1|Kyurem|
|poke|p1|Dondozo, M|
|poke|p1|Slowking-Galar, M|
|poke|p1|Cinderace, M|
|poke|p2|Manaphy|
|poke|p2|Pelipper, F|
|poke|p2|Dragapult, M|
|poke|p2|Heatran, M|
|poke|p2|Pecharunt|
|poke|p2|Dragonite, F|
|teampreview
|inactive|Battle timer is ON: inactive players will automatically lose when time's up. (requested by cenotaphs)
|c|☆claudechamp|hf
|inactive|claudechamp also wants the timer to be on.
|c|☆cenotaphs|u 2
|
|t:|1779885434
|teamsize|p1|6
|teamsize|p2|6
|start
|switch|p1a: Cinderace|Cinderace, M|100/100
|switch|p2a: Manaphy|Manaphy, shiny|100/100
|turn|1
|
|t:|1779885444
|switch|p1a: Kyurem|Kyurem|100/100
|-ability|p1a: Kyurem|Pressure
|move|p2a: Manaphy|Scald|p1a: Kyurem
|-resisted|p1a: Kyurem
|-damage|p1a: Kyurem|84/100
|
|-heal|p1a: Kyurem|90/100|[from] item: Leftovers
|upkeep
|turn|2
|
|t:|1779885452
|switch|p2a: Heatran|Heatran, M|100/100
|move|p1a: Kyurem|Freeze-Dry|p2a: Heatran
|-resisted|p2a: Heatran
|-damage|p2a: Heatran|95/100
|
|-heal|p1a: Kyurem|96/100|[from] item: Leftovers
|-heal|p2a: Heatran|100/100|[from] item: Leftovers
|upkeep
|turn|3
|
|t:|1779885456
|move|p1a: Kyurem|Earth Power|p2a: Heatran
|-supereffective|p2a: Heatran
|-crit|p2a: Heatran
|-damage|p2a: Heatran|0 fnt
|faint|p2a: Heatran
|
|-heal|p1a: Kyurem|100/100|[from] item: Leftovers
|upkeep
|
|t:|1779885460
|switch|p2a: Dragapult|Dragapult, M, shiny|100/100
|turn|4
|
|t:|1779885467
|move|p2a: Dragapult|U-turn|p1a: Kyurem
|-damage|p1a: Kyurem|80/100
|
|t:|1779885470
|switch|p2a: Pecharunt|Pecharunt|100/100|[from] U-turn
|-item|p2a: Pecharunt|Air Balloon
|move|p1a: Kyurem|Freeze-Dry|p2a: Pecharunt
|-damage|p2a: Pecharunt|74/100
|-enditem|p2a: Pecharunt|Air Balloon
|
|-heal|p1a: Kyurem|86/100|[from] item: Leftovers
|upkeep
|turn|5
|
|t:|1779885478
|move|p1a: Kyurem|Earth Power|p2a: Pecharunt
|-supereffective|p2a: Pecharunt
|-damage|p2a: Pecharunt|28/100
|move|p2a: Pecharunt|Toxic|p1a: Kyurem
|-status|p1a: Kyurem|tox
|-start|p1a: Kyurem|confusion|[from] ability: Poison Puppeteer|[of] p2a: Pecharunt
|
|-heal|p1a: Kyurem|92/100 tox|[from] item: Leftovers
|-damage|p1a: Kyurem|86/100 tox|[from] psn
|upkeep
|turn|6
|
|t:|1779885490
|-activate|p1a: Kyurem|confusion
|move|p1a: Kyurem|Earth Power|p2a: Pecharunt
|-supereffective|p2a: Pecharunt
|-damage|p2a: Pecharunt|0 fnt
|faint|p2a: Pecharunt
|
|-heal|p1a: Kyurem|92/100 tox|[from] item: Leftovers
|-damage|p1a: Kyurem|80/100 tox|[from] psn
|upkeep
|
|t:|1779885494
|switch|p2a: Dragapult|Dragapult, M, shiny|100/100
|turn|7
|
|t:|1779885505
|move|p2a: Dragapult|Dragon Darts|p1a: Kyurem
|-supereffective|p1a: Kyurem
|-damage|p1a: Kyurem|37/100 tox
|-anim|p2a: Dragapult|Dragon Darts|p1a: Kyurem
|-supereffective|p1a: Kyurem
|-damage|p1a: Kyurem|0 fnt
|faint|p1a: Kyurem
|
|upkeep
|
|t:|1779885510
|switch|p1a: Slowking|Slowking-Galar, M|100/100
|turn|8
|
|t:|1779885520
|move|p2a: Dragapult|Will-O-Wisp|p1a: Slowking
|-status|p1a: Slowking|brn
|move|p1a: Slowking|Sludge Bomb|p2a: Dragapult
|-resisted|p2a: Dragapult
|-damage|p2a: Dragapult|74/100
|
|-damage|p1a: Slowking|94/100 brn|[from] brn
|upkeep
|turn|9
|
|t:|1779885531
|move|p2a: Dragapult|Hex|p1a: Slowking
|-supereffective|p1a: Slowking
|-damage|p1a: Slowking|26/100 brn
|move|p1a: Slowking|Sludge Bomb|p2a: Dragapult
|-resisted|p2a: Dragapult
|-damage|p2a: Dragapult|47/100
|
|-damage|p1a: Slowking|20/100 brn|[from] brn
|upkeep
|turn|10
|
|t:|1779885544
|switch|p1a: Ting-Lu|Ting-Lu|100/100
|-ability|p1a: Ting-Lu|Vessel of Ruin
|move|p2a: Dragapult|Dragon Darts|p1a: Ting-Lu
|-damage|p1a: Ting-Lu|88/100
|-anim|p2a: Dragapult|Dragon Darts|p1a: Ting-Lu
|-crit|p1a: Ting-Lu
|-damage|p1a: Ting-Lu|67/100
|
|-heal|p1a: Ting-Lu|73/100|[from] item: Leftovers
|upkeep
|turn|11
|
|t:|1779885552
|move|p2a: Dragapult|Will-O-Wisp|p1a: Ting-Lu
|-status|p1a: Ting-Lu|brn
|move|p1a: Ting-Lu|Payback|p2a: Dragapult
|-supereffective|p2a: Dragapult
|-damage|p2a: Dragapult|0 fnt
|faint|p2a: Dragapult
|
|-heal|p1a: Ting-Lu|80/100 brn|[from] item: Leftovers
|-damage|p1a: Ting-Lu|73/100 brn|[from] brn
|upkeep
|
|t:|1779885559
|switch|p2a: Manaphy|Manaphy, shiny|100/100
|turn|12
|
|t:|1779885569
|move|p2a: Manaphy|Substitute|p2a: Manaphy
|-start|p2a: Manaphy|Substitute
|-damage|p2a: Manaphy|75/100
|move|p1a: Ting-Lu|Rest|p1a: Ting-Lu
|-status|p1a: Ting-Lu|slp|[from] move: Rest
|-heal|p1a: Ting-Lu|100/100 slp|[silent]
|
|-heal|p2a: Manaphy|82/100|[from] item: Leftovers
|upkeep
|turn|13
|
|t:|1779885579
|-terastallize|p1a: Ting-Lu|Water
|move|p2a: Manaphy|Tail Glow|p2a: Manaphy
|-boost|p2a: Manaphy|spa|3
|cant|p1a: Ting-Lu|slp
|move|p1a: Ting-Lu|Sleep Talk|p1a: Ting-Lu
|move|p1a: Ting-Lu|Payback|p2a: Manaphy|[from] move: Sleep Talk
|-end|p2a: Manaphy|Substitute
|
|-heal|p2a: Manaphy|88/100|[from] item: Leftovers
|upkeep
|turn|14
|
|t:|1779885588
|move|p2a: Manaphy|Energy Ball|p1a: Ting-Lu
|-supereffective|p1a: Ting-Lu
|-damage|p1a: Ting-Lu|46/100 slp
|cant|p1a: Ting-Lu|slp
|
|-heal|p2a: Manaphy|94/100|[from] item: Leftovers
|-heal|p1a: Ting-Lu|52/100 slp|[from] item: Leftovers
|upkeep
|turn|15
|
|t:|1779885595
|switch|p1a: Dondozo|Dondozo, M|100/100
|move|p2a: Manaphy|Energy Ball|p1a: Dondozo
|-supereffective|p1a: Dondozo
|-damage|p1a: Dondozo|64/100
|
|-heal|p2a: Manaphy|99/100|[from] item: Leftovers
|-heal|p1a: Dondozo|70/100|[from] item: Leftovers
|upkeep
|turn|16
|
|t:|1779885607
|move|p2a: Manaphy|Substitute|p2a: Manaphy
|-start|p2a: Manaphy|Substitute
|-damage|p2a: Manaphy|75/100
|move|p1a: Dondozo|Body Press|p2a: Manaphy
|-activate|p2a: Manaphy|move: Substitute|[damage]
|
|-heal|p2a: Manaphy|81/100|[from] item: Leftovers
|-heal|p1a: Dondozo|76/100|[from] item: Leftovers
|upkeep
|turn|17
|
|t:|1779885632
|move|p2a: Manaphy|Energy Ball|p1a: Dondozo
|-supereffective|p1a: Dondozo
|-damage|p1a: Dondozo|37/100
|move|p1a: Dondozo|Body Press|p2a: Manaphy
|-end|p2a: Manaphy|Substitute
|
|-heal|p2a: Manaphy|88/100|[from] item: Leftovers
|-heal|p1a: Dondozo|43/100|[from] item: Leftovers
|upkeep
|turn|18
|
|t:|1779885645
|move|p2a: Manaphy|Substitute|p2a: Manaphy
|-start|p2a: Manaphy|Substitute
|-damage|p2a: Manaphy|63/100
|move|p1a: Dondozo|Body Press|p2a: Manaphy
|-crit|p2a: Manaphy
|-end|p2a: Manaphy|Substitute
|
|-heal|p2a: Manaphy|69/100|[from] item: Leftovers
|-heal|p1a: Dondozo|49/100|[from] item: Leftovers
|upkeep
|turn|19
|
|t:|1779885657
|move|p2a: Manaphy|Substitute|p2a: Manaphy
|-start|p2a: Manaphy|Substitute
|-damage|p2a: Manaphy|44/100
|move|p1a: Dondozo|Waterfall|p2a: Manaphy
|-resisted|p2a: Manaphy
|-activate|p2a: Manaphy|move: Substitute|[damage]
|
|-heal|p2a: Manaphy|50/100|[from] item: Leftovers
|-heal|p1a: Dondozo|55/100|[from] item: Leftovers
|upkeep
|turn|20
|
|t:|1779885671
|switch|p1a: Slowking|Slowking-Galar, M|53/100 brn
|move|p2a: Manaphy|Energy Ball|p1a: Slowking
|-resisted|p1a: Slowking
|-damage|p1a: Slowking|24/100 brn
|
|-heal|p2a: Manaphy|56/100|[from] item: Leftovers
|-damage|p1a: Slowking|18/100 brn|[from] brn
|upkeep
|turn|21
|
|t:|1779885684
|switch|p1a: Corviknight|Corviknight, F|100/100
|-ability|p1a: Corviknight|Pressure
|move|p2a: Manaphy|Energy Ball|p1a: Corviknight
|-resisted|p1a: Corviknight
|-damage|p1a: Corviknight|84/100
|
|-heal|p2a: Manaphy|62/100|[from] item: Leftovers
|upkeep
|turn|22
|
|t:|1779885698
|move|p2a: Manaphy|Scald|p1a: Corviknight
|-damage|p1a: Corviknight|0 fnt
|faint|p1a: Corviknight
|
|-heal|p2a: Manaphy|69/100|[from] item: Leftovers
|upkeep
|
|t:|1779885709
|switch|p1a: Dondozo|Dondozo, M|55/100
|turn|23
|
|t:|1779885726
|move|p2a: Manaphy|Energy Ball|p1a: Dondozo
|-supereffective|p1a: Dondozo
|-damage|p1a: Dondozo|20/100
|move|p1a: Dondozo|Body Press|p2a: Manaphy
|-end|p2a: Manaphy|Substitute
|
|-heal|p2a: Manaphy|75/100|[from] item: Leftovers
|-heal|p1a: Dondozo|26/100|[from] item: Leftovers
|upkeep
|turn|24
|
|t:|1779885735
|switch|p1a: Slowking|Slowking-Galar, M|51/100 brn
|move|p2a: Manaphy|Substitute|p2a: Manaphy
|-start|p2a: Manaphy|Substitute
|-damage|p2a: Manaphy|50/100
|
|-heal|p2a: Manaphy|56/100|[from] item: Leftovers
|-damage|p1a: Slowking|45/100 brn|[from] brn
|upkeep
|turn|25
|
|t:|1779885747
|switch|p1a: Dondozo|Dondozo, M|26/100
|move|p2a: Manaphy|Scald|p1a: Dondozo
|-resisted|p1a: Dondozo
|-damage|p1a: Dondozo|14/100
|-status|p1a: Dondozo|brn
|
|-heal|p2a: Manaphy|62/100|[from] item: Leftovers
|-heal|p1a: Dondozo|20/100 brn|[from] item: Leftovers
|-damage|p1a: Dondozo|14/100 brn|[from] brn
|upkeep
|turn|26
|
|t:|1779885760
|move|p2a: Manaphy|Energy Ball|p1a: Dondozo
|-supereffective|p1a: Dondozo
|-damage|p1a: Dondozo|0 fnt
|faint|p1a: Dondozo
|
|-heal|p2a: Manaphy|68/100|[from] item: Leftovers
|upkeep
|
|t:|1779885773
|switch|p1a: Slowking|Slowking-Galar, M|78/100 brn
|turn|27
|
|t:|1779885785
|move|p2a: Manaphy|Tail Glow|p2a: Manaphy
|-boost|p2a: Manaphy|spa|3
|move|p1a: Slowking|Future Sight|p2a: Manaphy
|-start|p1a: Slowking|move: Future Sight
|
|-heal|p2a: Manaphy|75/100|[from] item: Leftovers
|-damage|p1a: Slowking|72/100 brn|[from] brn
|upkeep
|turn|28
|
|t:|1779885797
|move|p2a: Manaphy|Scald|p1a: Slowking
|-damage|p1a: Slowking|0 fnt
|faint|p1a: Slowking
|
|-heal|p2a: Manaphy|81/100|[from] item: Leftovers
|upkeep
|
|t:|1779885815
|switch|p1a: Cinderace|Cinderace, M|100/100
|turn|29
|inactive|claudechamp has 120 seconds left.
|
|t:|1779885833
|move|p1a: Cinderace|U-turn|p2a: Manaphy
|-crit|p2a: Manaphy
|-activate|p2a: Manaphy|move: Substitute|[damage]
|inactive|claudechamp has 120 seconds left.
|
|t:|1779885841
|switch|p1a: Ting-Lu|Ting-Lu, tera:Water|52/100 slp|[from] U-turn
|-ability|p1a: Ting-Lu|Vessel of Ruin
|move|p2a: Manaphy|Scald|p1a: Ting-Lu
|-resisted|p1a: Ting-Lu
|-damage|p1a: Ting-Lu|23/100 slp
|
|-end|p2a: Manaphy|move: Future Sight
|-end|p2a: Manaphy|Substitute
|-heal|p2a: Manaphy|87/100|[from] item: Leftovers
|-heal|p1a: Ting-Lu|29/100 slp|[from] item: Leftovers
|upkeep
|turn|30
|inactive|claudechamp has 120 seconds left.
|
|t:|1779885855
|switch|p1a: Cinderace|Cinderace, M|100/100
|move|p2a: Manaphy|Energy Ball|p1a: Cinderace
|-resisted|p1a: Cinderace
|-damage|p1a: Cinderace|33/100
|
|-heal|p2a: Manaphy|93/100|[from] item: Leftovers
|upkeep
|turn|31
|inactive|claudechamp has 120 seconds left.
|
|t:|1779885871
|move|p1a: Cinderace|Pyro Ball|p2a: Manaphy
|-resisted|p2a: Manaphy
|-damage|p2a: Manaphy|64/100
|move|p2a: Manaphy|Energy Ball|p1a: Cinderace
|-resisted|p1a: Cinderace
|-damage|p1a: Cinderace|0 fnt
|faint|p1a: Cinderace
|
|-heal|p2a: Manaphy|70/100|[from] item: Leftovers
|upkeep
|
|t:|1779885885
|switch|p1a: Ting-Lu|Ting-Lu, tera:Water|29/100 slp
|-ability|p1a: Ting-Lu|Vessel of Ruin
|turn|32
|
|t:|1779885897
|move|p2a: Manaphy|Energy Ball|p1a: Ting-Lu
|-supereffective|p1a: Ting-Lu
|-damage|p1a: Ting-Lu|0 fnt
|faint|p1a: Ting-Lu
|
|win|cenotaphs
|raw|claudechamp's rating: 1376 &rarr; <strong>1356</strong><br />(-20 for losing)
|raw|cenotaphs's rating: 1383 &rarr; <strong>1403</strong><br />(+20 for winning)
|l|☆cenotaphs
|player|p2|
|c|☆claudechamp|gg
