|j|☆Mr.X&Y97
|j|☆Capidaxter
|t:|1779817132
|gametype|singles
|player|p1|Mr.X&Y97|ingo|1583
|player|p2|Capidaxter|schoolkid|1589
|gen|9
|tier|[Gen 9] OU
|rated|
|rule|HP Percentage Mod: HP is shown in percentages
|rule|Endless Battle Clause: Forcing endless battles is banned
|rule|Species Clause: Limit one of each Pokémon
|rule|OHKO Clause: OHKO moves are banned
|rule|Evasion Items Clause: Evasion items are banned
|rule|Evasion Moves Clause: Evasion moves are banned
|rule|Evasion Abilities Clause: Evasion abilities are banned
|rule|Sleep Moves Clause: Sleep-inducing moves are banned
|clearpoke
|poke|p1|Indeedee, M|
|poke|p1|Armarouge, F|
|poke|p1|Hatterene, F|
|poke|p1|Hawlucha, F|
|poke|p1|Maushold|
|poke|p1|Polteageist|
|poke|p2|Ting-Lu|
|poke|p2|Glimmora, F|
|poke|p2|Gholdengo|
|poke|p2|Iron Valiant|
|poke|p2|Ogerpon-Wellspring, F|
|poke|p2|Dragonite, M|
|teampreview
|inactive|Battle timer is ON: inactive players will automatically lose when time's up. (requested by Mr.X&Y97)
|inactive|Capidaxter has 120 seconds left.
|
|t:|1779817164
|teamsize|p1|6
|teamsize|p2|6
|start
|switch|p1a: Indeedee|Indeedee, M|100/100
|switch|p2a: Ting-Lu|Ting-Lu|100/100
|-fieldstart|move: Psychic Terrain|[from] ability: Psychic Surge|[of] p1a: Indeedee
|-ability|p2a: Ting-Lu|Vessel of Ruin
|turn|1
|
|t:|1779817183
|switch|p1a: Hatterene|Hatterene, F|100/100
|move|p2a: Ting-Lu|Ruination|p1a: Hatterene
|-damage|p1a: Hatterene|51/100
|-enditem|p1a: Hatterene|Eject Button
|
|t:|1779817211
|switch|p1a: Maushold|Maushold|100/100
|
|upkeep
|turn|2
|
|t:|1779817222
|switch|p2a: Glimmora|Glimmora, F|100/100
|move|p1a: Maushold|Tidy Up|p1a: Maushold
|-boost|p1a: Maushold|atk|1
|-boost|p1a: Maushold|spe|1
|
|upkeep
|turn|3
|
|t:|1779817229
|move|p1a: Maushold|Population Bomb|p2a: Glimmora
|-resisted|p2a: Glimmora
|-damage|p2a: Glimmora|94/100
|-activate|p2a: Glimmora|ability: Toxic Debris
|-sidestart|p1: Mr.X&Y97|move: Toxic Spikes
|-resisted|p2a: Glimmora
|-damage|p2a: Glimmora|88/100
|-activate|p2a: Glimmora|ability: Toxic Debris
|-sidestart|p1: Mr.X&Y97|move: Toxic Spikes
|-resisted|p2a: Glimmora
|-damage|p2a: Glimmora|82/100
|-resisted|p2a: Glimmora
|-damage|p2a: Glimmora|76/100
|-resisted|p2a: Glimmora
|-damage|p2a: Glimmora|70/100
|-resisted|p2a: Glimmora
|-damage|p2a: Glimmora|64/100
|-resisted|p2a: Glimmora
|-damage|p2a: Glimmora|58/100
|-resisted|p2a: Glimmora
|-damage|p2a: Glimmora|51/100
|-resisted|p2a: Glimmora
|-damage|p2a: Glimmora|45/100
|-resisted|p2a: Glimmora
|-damage|p2a: Glimmora|40/100
|-hitcount|p2a: Glimmora|10
|-enditem|p2a: Glimmora|Red Card|[of] p1a: Maushold
|drag|p1a: Hawlucha|Hawlucha, F|100/100
|-enditem|p1a: Hawlucha|Psychic Seed
|-boost|p1a: Hawlucha|spd|1|[from] item: Psychic Seed
|move|p2a: Glimmora|Stealth Rock|p1a: Hawlucha
|-sidestart|p1: Mr.X&Y97|move: Stealth Rock
|
|upkeep
|turn|4
|
|t:|1779817254
|move|p1a: Hawlucha|Encore|p2a: Glimmora
|-start|p2a: Glimmora|Encore
|move|p2a: Glimmora|Stealth Rock||[still]
|-fail|p2a: Glimmora
|
|upkeep
|turn|5
|
|t:|1779817263
|switch|p2a: Dragonite|Dragonite, M|100/100
|move|p1a: Hawlucha|Swords Dance|p1a: Hawlucha
|-boost|p1a: Hawlucha|atk|2
|
|upkeep
|turn|6
|
|t:|1779817267
|move|p1a: Hawlucha|Acrobatics|p2a: Dragonite
|-damage|p2a: Dragonite|44/100
|move|p2a: Dragonite|Dragon Claw|p1a: Hawlucha
|-damage|p1a: Hawlucha|44/100
|
|upkeep
|turn|7
|inactive|Capidaxter has 120 seconds left.
|
|t:|1779817299
|move|p2a: Dragonite|Extreme Speed|p1a: Hawlucha
|-hint|Psychic Terrain doesn't affect airborne Pokémon.
|-damage|p1a: Hawlucha|2/100
|move|p1a: Hawlucha|Acrobatics|p2a: Dragonite
|-damage|p2a: Dragonite|0 fnt
|faint|p2a: Dragonite
|
|upkeep
|
|t:|1779817304
|switch|p2a: Gholdengo|Gholdengo|100/100
|-item|p2a: Gholdengo|Air Balloon
|turn|8
|
|t:|1779817307
|move|p1a: Hawlucha|Acrobatics|p2a: Gholdengo
|-resisted|p2a: Gholdengo
|-crit|p2a: Gholdengo
|-damage|p2a: Gholdengo|31/100
|-enditem|p2a: Gholdengo|Air Balloon
|move|p2a: Gholdengo|Shadow Ball|p1a: Hawlucha
|-damage|p1a: Hawlucha|0 fnt
|faint|p1a: Hawlucha
|
|-fieldend|move: Psychic Terrain
|upkeep
|
|t:|1779817318
|switch|p1a: Maushold|Maushold|100/100
|-status|p1a: Maushold|tox
|-damage|p1a: Maushold|88/100 tox|[from] Stealth Rock
|turn|9
|
|t:|1779817329
|move|p1a: Maushold|Bite|p2a: Gholdengo
|-supereffective|p2a: Gholdengo
|-crit|p2a: Gholdengo
|-damage|p2a: Gholdengo|0 fnt
|faint|p2a: Gholdengo
|
|-damage|p1a: Maushold|82/100 tox|[from] psn
|upkeep
|
|t:|1779817334
|switch|p2a: Iron Valiant|Iron Valiant|100/100
|-enditem|p2a: Iron Valiant|Booster Energy
|-activate|p2a: Iron Valiant|ability: Quark Drive|[fromitem]
|-start|p2a: Iron Valiant|quarkdrivespe
|turn|10
|inactive|Mr.X&Y97 has 120 seconds left.
|inactive|Mr.X&Y97 has 90 seconds left.
|
|t:|1779817412
|move|p2a: Iron Valiant|Close Combat|p1a: Maushold
|-supereffective|p1a: Maushold
|-damage|p1a: Maushold|0 fnt
|-unboost|p2a: Iron Valiant|def|1
|-unboost|p2a: Iron Valiant|spd|1
|faint|p1a: Maushold
|
|upkeep
|inactive|Mr.X&Y97 has 60 seconds left.
|
|t:|1779817434
|switch|p1a: Hatterene|Hatterene, F|51/100
|-status|p1a: Hatterene|tox
|-damage|p1a: Hatterene|38/100 tox|[from] Stealth Rock
|turn|11
|
|t:|1779817446
|move|p2a: Iron Valiant|Moonblast|p1a: Hatterene
|-damage|p1a: Hatterene|0 fnt
|faint|p1a: Hatterene
|
|upkeep
|
|t:|1779817455
|switch|p1a: Indeedee|Indeedee, M|100/100
|-status|p1a: Indeedee|tox
|-damage|p1a: Indeedee|88/100 tox|[from] Stealth Rock
|-fieldstart|move: Psychic Terrain|[from] ability: Psychic Surge|[of] p1a: Indeedee
|turn|12
|
|t:|1779817474
|move|p2a: Iron Valiant|Knock Off|p1a: Indeedee
|-supereffective|p1a: Indeedee
|-damage|p1a: Indeedee|0 fnt
|-enditem|p1a: Indeedee|Terrain Extender|[from] move: Knock Off|[of] p2a: Iron Valiant
|faint|p1a: Indeedee
|
|upkeep
|
|t:|1779817477
|switch|p1a: Armarouge|Armarouge, F|100/100
|-status|p1a: Armarouge|tox
|-damage|p1a: Armarouge|76/100 tox|[from] Stealth Rock
|turn|13
|
|t:|1779817489
|-terastallize|p1a: Armarouge|Fighting
|move|p2a: Iron Valiant|Knock Off|p1a: Armarouge
|-resisted|p1a: Armarouge
|-damage|p1a: Armarouge|59/100 tox
|-ability|p1a: Armarouge|Weak Armor|boost
|-unboost|p1a: Armarouge|def|1
|-boost|p1a: Armarouge|spe|2
|-enditem|p1a: Armarouge|Weakness Policy|[from] move: Knock Off|[of] p2a: Iron Valiant
|move|p1a: Armarouge|Expanding Force|p2a: Iron Valiant
|-supereffective|p2a: Iron Valiant
|-damage|p2a: Iron Valiant|0 fnt
|faint|p2a: Iron Valiant
|-end|p2a: Iron Valiant|Quark Drive|[silent]
|
|-damage|p1a: Armarouge|53/100 tox|[from] psn
|upkeep
|
|t:|1779817496
|switch|p2a: Ting-Lu|Ting-Lu|100/100
|-ability|p2a: Ting-Lu|Vessel of Ruin
|turn|14
|
|t:|1779817498
|move|p1a: Armarouge|Aura Sphere|p2a: Ting-Lu
|-supereffective|p2a: Ting-Lu
|-damage|p2a: Ting-Lu|50/100
|move|p2a: Ting-Lu|Earthquake|p1a: Armarouge
|-damage|p1a: Armarouge|0 fnt
|faint|p1a: Armarouge
|
|upkeep
|
|t:|1779817501
|switch|p1a: Polteageist|Polteageist|100/100
|-status|p1a: Polteageist|tox
|-damage|p1a: Polteageist|88/100 tox|[from] Stealth Rock
|turn|15
|
|t:|1779817504
|move|p1a: Polteageist|Will-O-Wisp|p2a: Ting-Lu|[miss]
|-miss|p1a: Polteageist|p2a: Ting-Lu
|move|p2a: Ting-Lu|Earthquake|p1a: Polteageist
|-damage|p1a: Polteageist|19/100 tox
|-ability|p1a: Polteageist|Weak Armor|boost
|-unboost|p1a: Polteageist|def|1
|-boost|p1a: Polteageist|spe|2
|
|-damage|p1a: Polteageist|13/100 tox|[from] psn
|upkeep
|turn|16
|-message|Mr.X&Y97 forfeited.
|
|win|Capidaxter
|raw|Mr.X&amp;Y97's rating: 1583 &rarr; <strong>1563</strong><br />(-20 for losing)
|raw|Capidaxter's rating: 1589 &rarr; <strong>1609</strong><br />(+20 for winning)
|l|☆Mr.X&Y97
|player|p1|
