|j|☆idonteatpets
|j|☆G-recike
|t:|1779802733
|gametype|singles
|player|p1|idonteatpets|101|1421
|player|p2|G-recike|colress|1413
|gen|9
|tier|[Gen 9] OU
|rated|
|rule|HP Percentage Mod: HP is shown in percentages
|rule|Endless Battle Clause: Forcing endless battles is banned
|rule|Species Clause: Limit one of each Pokémon
|rule|OHKO Clause: OHKO moves are banned
|rule|Evasion Items Clause: Evasion items are banned
|rule|Evasion Moves Clause: Evasion moves are banned
|rule|Evasion Abilities Clause: Evasion abilities are banned
|rule|Sleep Moves Clause: Sleep-inducing moves are banned
|clearpoke
|poke|p1|Glimmora, M|
|poke|p1|Darkrai|
|poke|p1|Dragonite, M|
|poke|p1|Great Tusk|
|poke|p1|Gholdengo|
|poke|p1|Kingambit, M|
|poke|p2|Pelipper, F|
|poke|p2|Quaquaval, F|
|poke|p2|Hatterene, F|
|poke|p2|Basculegion, M|
|poke|p2|Enamorus, F|
|poke|p2|Kingambit, M|
|teampreview
|
|t:|1779802739
|teamsize|p1|6
|teamsize|p2|6
|start
|switch|p1a: Darkrai|Darkrai|100/100
|switch|p2a: Enamorus|Enamorus, F|100/100
|turn|1
|c|☆idonteatpets|G-recike
|
|t:|1779802754
|move|p2a: Enamorus|Springtide Storm|p1a: Darkrai|[miss]
|-miss|p2a: Enamorus|p1a: Darkrai
|move|p1a: Darkrai|Sludge Bomb|p2a: Enamorus
|-supereffective|p2a: Enamorus
|-damage|p2a: Enamorus|0 fnt
|faint|p2a: Enamorus
|-damage|p1a: Darkrai|91/100|[from] item: Life Orb
|
|upkeep
|
|t:|1779802763
|switch|p2a: Quaquaval|Quaquaval, F|100/100
|turn|2
|
|t:|1779802777
|move|p1a: Darkrai|Sludge Bomb|p2a: Quaquaval
|-damage|p2a: Quaquaval|46/100
|-damage|p1a: Darkrai|81/100|[from] item: Life Orb
|move|p2a: Quaquaval|Aqua Step|p1a: Darkrai
|-damage|p1a: Darkrai|31/100
|-boost|p2a: Quaquaval|spe|1
|
|upkeep
|turn|3
|
|t:|1779802793
|move|p1a: Darkrai|Sludge Bomb|p2a: Quaquaval
|-damage|p2a: Quaquaval|0 fnt
|faint|p2a: Quaquaval
|-damage|p1a: Darkrai|21/100|[from] item: Life Orb
|
|upkeep
|
|t:|1779802805
|switch|p2a: Crasher|Basculegion, M|100/100
|turn|4
|
|t:|1779802815
|move|p2a: Crasher|Aqua Jet|p1a: Darkrai
|-damage|p1a: Darkrai|0 fnt
|faint|p1a: Darkrai
|
|upkeep
|
|t:|1779802818
|switch|p1a: Kingambit|Kingambit, M|100/100
|-activate|p1a: Kingambit|ability: Supreme Overlord
|-start|p1a: Kingambit|fallen1|[silent]
|turn|5
|
|t:|1779802826
|switch|p2a: Garoua|Pelipper, F|100/100
|-weather|RainDance|[from] ability: Drizzle|[of] p2a: Garoua
|move|p1a: Kingambit|Kowtow Cleave|p2a: Garoua
|-damage|p2a: Garoua|61/100
|
|-weather|RainDance|[upkeep]
|upkeep
|turn|6
|
|t:|1779802845
|move|p2a: Garoua|Surf|p1a: Kingambit
|-damage|p1a: Kingambit|54/100
|move|p1a: Kingambit|Substitute|p1a: Kingambit
|-start|p1a: Kingambit|Substitute
|-damage|p1a: Kingambit|29/100
|
|-weather|RainDance|[upkeep]
|upkeep
|turn|7
|
|t:|1779802849
|move|p2a: Garoua|Surf|p1a: Kingambit
|-end|p1a: Kingambit|Substitute
|move|p1a: Kingambit|Kowtow Cleave|p2a: Garoua
|-damage|p2a: Garoua|20/100
|
|-weather|RainDance|[upkeep]
|upkeep
|turn|8
|
|t:|1779802854
|move|p2a: Garoua|Roost|p2a: Garoua
|-heal|p2a: Garoua|70/100
|-singleturn|p2a: Garoua|move: Roost
|move|p1a: Kingambit|Kowtow Cleave|p2a: Garoua
|-damage|p2a: Garoua|25/100
|
|-weather|RainDance|[upkeep]
|upkeep
|turn|9
|
|t:|1779802861
|move|p2a: Garoua|Roost|p2a: Garoua
|-heal|p2a: Garoua|75/100
|-singleturn|p2a: Garoua|move: Roost
|move|p1a: Kingambit|Kowtow Cleave|p2a: Garoua
|-crit|p2a: Garoua
|-damage|p2a: Garoua|16/100
|
|-weather|RainDance|[upkeep]
|upkeep
|turn|10
|
|t:|1779802871
|move|p2a: Garoua|Roost|p2a: Garoua
|-heal|p2a: Garoua|66/100
|-singleturn|p2a: Garoua|move: Roost
|move|p1a: Kingambit|Kowtow Cleave|p2a: Garoua
|-damage|p2a: Garoua|25/100
|
|-weather|RainDance|[upkeep]
|upkeep
|turn|11
|
|t:|1779802878
|move|p2a: Garoua|Surf|p1a: Kingambit
|-damage|p1a: Kingambit|0 fnt
|faint|p1a: Kingambit
|-end|p1a: Kingambit|fallen1|[silent]
|
|-weather|RainDance|[upkeep]
|upkeep
|
|t:|1779802882
|switch|p1a: Dragonite|Dragonite, M|100/100
|turn|12
|
|t:|1779802885
|switch|p2a: Crasher|Basculegion, M|100/100
|move|p1a: Dragonite|Dragon Dance|p1a: Dragonite
|-boost|p1a: Dragonite|atk|1
|-boost|p1a: Dragonite|spe|1
|
|-weather|none
|upkeep
|turn|13
|
|t:|1779802890
|switch|p2a: Garoua|Pelipper, F|25/100
|-weather|RainDance|[from] ability: Drizzle|[of] p2a: Garoua
|move|p1a: Dragonite|Dragon Dance|p1a: Dragonite
|-boost|p1a: Dragonite|atk|1
|-boost|p1a: Dragonite|spe|1
|
|-weather|RainDance|[upkeep]
|upkeep
|turn|14
|
|t:|1779802897
|move|p1a: Dragonite|Dragon Dance|p1a: Dragonite
|-boost|p1a: Dragonite|atk|1
|-boost|p1a: Dragonite|spe|1
|move|p2a: Garoua|Hurricane|p1a: Dragonite
|-damage|p1a: Dragonite|83/100
|
|-weather|RainDance|[upkeep]
|upkeep
|turn|15
|
|t:|1779802905
|move|p1a: Dragonite|Roost|p1a: Dragonite
|-heal|p1a: Dragonite|100/100
|-singleturn|p1a: Dragonite|move: Roost
|move|p2a: Garoua|Hurricane|p1a: Dragonite
|-damage|p1a: Dragonite|83/100
|
|-weather|RainDance|[upkeep]
|upkeep
|turn|16
|
|t:|1779802912
|move|p1a: Dragonite|Roost|p1a: Dragonite
|-heal|p1a: Dragonite|100/100
|-singleturn|p1a: Dragonite|move: Roost
|move|p2a: Garoua|Hurricane|p1a: Dragonite
|-damage|p1a: Dragonite|81/100
|
|-weather|RainDance|[upkeep]
|upkeep
|turn|17
|
|t:|1779802920
|move|p1a: Dragonite|Roost|p1a: Dragonite
|-heal|p1a: Dragonite|100/100
|-singleturn|p1a: Dragonite|move: Roost
|move|p2a: Garoua|Hurricane|p1a: Dragonite
|-damage|p1a: Dragonite|81/100
|
|-weather|RainDance|[upkeep]
|upkeep
|turn|18
|
|t:|1779802927
|move|p1a: Dragonite|Roost|p1a: Dragonite
|-heal|p1a: Dragonite|100/100
|-singleturn|p1a: Dragonite|move: Roost
|move|p2a: Garoua|Hurricane|p1a: Dragonite
|-damage|p1a: Dragonite|81/100
|
|-weather|RainDance|[upkeep]
|upkeep
|turn|19
|
|t:|1779802934
|move|p1a: Dragonite|Roost|p1a: Dragonite
|-heal|p1a: Dragonite|100/100
|-singleturn|p1a: Dragonite|move: Roost
|move|p2a: Garoua|Hurricane|p1a: Dragonite
|-damage|p1a: Dragonite|80/100
|
|-weather|RainDance|[upkeep]
|upkeep
|turn|20
|
|t:|1779802941
|move|p1a: Dragonite|Dragon Dance|p1a: Dragonite
|-boost|p1a: Dragonite|atk|1
|-boost|p1a: Dragonite|spe|1
|move|p2a: Garoua|Hurricane|p1a: Dragonite
|-damage|p1a: Dragonite|43/100
|
|-weather|none
|upkeep
|turn|21
|
|t:|1779802947
|move|p1a: Dragonite|Roost|p1a: Dragonite
|-heal|p1a: Dragonite|93/100
|-singleturn|p1a: Dragonite|move: Roost
|move|p2a: Garoua|U-turn|p1a: Dragonite
|-damage|p1a: Dragonite|84/100
|
|t:|1779802952
|switch|p2a: Crasher|Basculegion, M|100/100|[from] U-turn
|
|upkeep
|turn|22
|
|t:|1779802960
|switch|p2a: Garoua|Pelipper, F|25/100
|-weather|RainDance|[from] ability: Drizzle|[of] p2a: Garoua
|move|p1a: Dragonite|Earthquake|p2a: Garoua
|-immune|p2a: Garoua
|
|-weather|RainDance|[upkeep]
|upkeep
|turn|23
|-message|G-recike forfeited.
|
|win|idonteatpets
|raw|idonteatpets's rating: 1421 &rarr; <strong>1441</strong><br />(+20 for winning)
|raw|G-recike's rating: 1413 &rarr; <strong>1393</strong><br />(-20 for losing)
|l|☆G-recike
|player|p2|
