|j|☆Igneos901
|j|☆fregene97
|t:|1779909759
|gametype|singles
|player|p1|Igneos901|170|1410
|player|p2|fregene97|169|1450
|gen|9
|tier|[Gen 9] OU
|rated|
|rule|HP Percentage Mod: HP is shown in percentages
|rule|Endless Battle Clause: Forcing endless battles is banned
|rule|Species Clause: Limit one of each Pokémon
|rule|OHKO Clause: OHKO moves are banned
|rule|Evasion Items Clause: Evasion items are banned
|rule|Evasion Moves Clause: Evasion moves are banned
|rule|Evasion Abilities Clause: Evasion abilities are banned
|rule|Sleep Moves Clause: Sleep-inducing moves are banned
|clearpoke
|poke|p1|Cinderace, M|
|poke|p1|Dragapult, M|
|poke|p1|Goodra, M|
|poke|p1|Whimsicott, M|
|poke|p1|Torkoal, F|
|poke|p1|Ursaluna, M|
|poke|p2|Serperior, F|
|poke|p2|Conkeldurr, F|
|poke|p2|Gholdengo|
|poke|p2|Dragonite, F|
|poke|p2|Iron Moth|
|poke|p2|Greninja-*, M|
|teampreview
|
|t:|1779909764
|teamsize|p1|6
|teamsize|p2|6
|start
|switch|p1a: Dragapult|Dragapult, M|100/100
|switch|p2a: Iron Moth|Iron Moth|100/100
|-enditem|p2a: Iron Moth|Booster Energy
|-activate|p2a: Iron Moth|ability: Quark Drive|[fromitem]
|-start|p2a: Iron Moth|quarkdrivespe
|turn|1
|inactive|Battle timer is ON: inactive players will automatically lose when time's up. (requested by Igneos901)
|
|t:|1779909776
|-terastallize|p2a: Iron Moth|Fairy
|move|p2a: Iron Moth|Dazzling Gleam|p1a: Dragapult
|-supereffective|p1a: Dragapult
|-damage|p1a: Dragapult|0 fnt
|faint|p1a: Dragapult
|
|upkeep
|
|t:|1779909782
|switch|p1a: Goodra|Goodra, M|100/100
|turn|2
|
|t:|1779909799
|-terastallize|p1a: Goodra|Poison
|move|p2a: Iron Moth|Fiery Dance|p1a: Goodra
|-damage|p1a: Goodra|83/100
|move|p1a: Goodra|Sludge Bomb|p2a: Iron Moth
|-supereffective|p2a: Iron Moth
|-damage|p2a: Iron Moth|26/100
|
|upkeep
|turn|3
|
|t:|1779909803
|move|p2a: Iron Moth|Fiery Dance|p1a: Goodra
|-damage|p1a: Goodra|67/100
|move|p1a: Goodra|Sludge Bomb|p2a: Iron Moth
|-supereffective|p2a: Iron Moth
|-damage|p2a: Iron Moth|0 fnt
|faint|p2a: Iron Moth
|-end|p2a: Iron Moth|Quark Drive|[silent]
|
|upkeep
|
|t:|1779909807
|switch|p2a: Dragonite|Dragonite, F|100/100
|turn|4
|inactive|Igneos901 has 120 seconds left.
|
|t:|1779909843
|move|p2a: Dragonite|Earthquake|p1a: Goodra
|-supereffective|p1a: Goodra
|-damage|p1a: Goodra|0 fnt
|faint|p1a: Goodra
|
|upkeep
|
|t:|1779909851
|switch|p1a: Ursaluna|Ursaluna, M|100/100
|turn|5
|
|t:|1779909859
|switch|p1a: Whimsicott|Whimsicott, M|100/100
|move|p2a: Dragonite|Dragon Dance|p2a: Dragonite
|-boost|p2a: Dragonite|atk|1
|-boost|p2a: Dragonite|spe|1
|
|upkeep
|turn|6
|
|t:|1779909874
|move|p1a: Whimsicott|Encore|p2a: Dragonite
|-start|p2a: Dragonite|Encore
|move|p2a: Dragonite|Dragon Dance|p2a: Dragonite
|-boost|p2a: Dragonite|atk|1
|-boost|p2a: Dragonite|spe|1
|
|upkeep
|turn|7
|
|t:|1779909883
|move|p1a: Whimsicott|Substitute|p1a: Whimsicott
|-start|p1a: Whimsicott|Substitute
|-damage|p1a: Whimsicott|76/100
|move|p2a: Dragonite|Dragon Dance|p2a: Dragonite
|-boost|p2a: Dragonite|atk|1
|-boost|p2a: Dragonite|spe|1
|
|-heal|p1a: Whimsicott|82/100|[from] item: Leftovers
|upkeep
|turn|8
|
|t:|1779909889
|move|p2a: Dragonite|Dragon Dance|p2a: Dragonite
|-boost|p2a: Dragonite|atk|1
|-boost|p2a: Dragonite|spe|1
|move|p1a: Whimsicott|Moonblast|p2a: Dragonite
|-supereffective|p2a: Dragonite
|-damage|p2a: Dragonite|71/100
|
|-heal|p1a: Whimsicott|88/100|[from] item: Leftovers
|-end|p2a: Dragonite|Encore
|upkeep
|turn|9
|
|t:|1779909894
|move|p2a: Dragonite|Extreme Speed|p1a: Whimsicott
|-end|p1a: Whimsicott|Substitute
|move|p1a: Whimsicott|Moonblast|p2a: Dragonite
|-supereffective|p2a: Dragonite
|-damage|p2a: Dragonite|21/100
|
|-heal|p1a: Whimsicott|94/100|[from] item: Leftovers
|upkeep
|turn|10
|
|t:|1779909901
|switch|p1a: Torkoal|Torkoal, F|100/100
|-weather|SunnyDay|[from] ability: Drought|[of] p1a: Torkoal
|move|p2a: Dragonite|Extreme Speed|p1a: Torkoal
|-damage|p1a: Torkoal|39/100
|-damage|p2a: Dragonite|4/100|[from] item: Rocky Helmet|[of] p1a: Torkoal
|
|-weather|SunnyDay|[upkeep]
|upkeep
|turn|11
|
|t:|1779909910
|move|p2a: Dragonite|Earthquake|p1a: Torkoal
|-supereffective|p1a: Torkoal
|-damage|p1a: Torkoal|0 fnt
|faint|p1a: Torkoal
|
|-weather|SunnyDay|[upkeep]
|upkeep
|
|t:|1779909919
|switch|p1a: Whimsicott|Whimsicott, M|94/100
|turn|12
|
|t:|1779909923
|move|p2a: Dragonite|Extreme Speed|p1a: Whimsicott
|-damage|p1a: Whimsicott|3/100
|move|p1a: Whimsicott|Encore|p2a: Dragonite
|-start|p2a: Dragonite|Encore
|
|-weather|SunnyDay|[upkeep]
|-heal|p1a: Whimsicott|9/100|[from] item: Leftovers
|upkeep
|turn|13
|
|t:|1779909928
|move|p2a: Dragonite|Extreme Speed|p1a: Whimsicott
|-damage|p1a: Whimsicott|0 fnt
|faint|p1a: Whimsicott
|
|-weather|SunnyDay|[upkeep]
|upkeep
|
|t:|1779909931
|switch|p1a: Cinderace|Cinderace, M|100/100
|turn|14
|
|t:|1779909935
|move|p2a: Dragonite|Extreme Speed|p1a: Cinderace
|-damage|p1a: Cinderace|0 fnt
|faint|p1a: Cinderace
|
|-weather|none
|upkeep
|
|t:|1779909936
|switch|p1a: Ursaluna|Ursaluna, M|100/100
|turn|15
|
|t:|1779909938
|move|p2a: Dragonite|Extreme Speed|p1a: Ursaluna
|-damage|p1a: Ursaluna|37/100
|move|p1a: Ursaluna|Facade|p2a: Dragonite
|-damage|p2a: Dragonite|0 fnt
|faint|p2a: Dragonite
|
|-status|p1a: Ursaluna|brn|[from] item: Flame Orb
|upkeep
|
|t:|1779909941
|switch|p2a: Greninja|Greninja, M|100/100
|turn|16
|
|t:|1779909959
|move|p2a: Greninja|Water Shuriken|p1a: Ursaluna
|-supereffective|p1a: Ursaluna
|-damage|p1a: Ursaluna|22/100 brn
|-supereffective|p1a: Ursaluna
|-damage|p1a: Ursaluna|7/100 brn
|-supereffective|p1a: Ursaluna
|-damage|p1a: Ursaluna|0 fnt
|faint|p1a: Ursaluna
|-hitcount|p1: Ursaluna|3
|-damage|p2a: Greninja|91/100|[from] item: Life Orb
|
|win|fregene97
|raw|Igneos901's rating: 1410 &rarr; <strong>1391</strong><br />(-19 for losing)
|raw|fregene97's rating: 1426 &rarr; <strong>1445</strong><br />(+19 for winning)
|l|☆Igneos901
|player|p1|
|l|☆fregene97
|player|p2|
