|j|☆D4rknite
|j|☆Jayman99
|t:|1779891322
|gametype|singles
|player|p1|D4rknite|101|1495
|player|p2|Jayman99|ghetsis|1509
|gen|9
|tier|[Gen 9] OU
|rated|
|rule|HP Percentage Mod: HP is shown in percentages
|rule|Endless Battle Clause: Forcing endless battles is banned
|rule|Species Clause: Limit one of each Pokémon
|rule|OHKO Clause: OHKO moves are banned
|rule|Evasion Items Clause: Evasion items are banned
|rule|Evasion Moves Clause: Evasion moves are banned
|rule|Evasion Abilities Clause: Evasion abilities are banned
|rule|Sleep Moves Clause: Sleep-inducing moves are banned
|clearpoke
|poke|p1|Dragapult, M|
|poke|p1|Landorus-Therian, M|
|poke|p1|Tentacruel, F|
|poke|p1|Iron Valiant|
|poke|p1|Kingambit, M|
|poke|p1|Ogerpon, F|
|poke|p2|Tinkaton, F|
|poke|p2|Ogerpon, F|
|poke|p2|Great Tusk|
|poke|p2|Pecharunt|
|poke|p2|Alomomola, M|
|poke|p2|Hydreigon, M|
|teampreview
|inactive|Battle timer is ON: inactive players will automatically lose when time's up. (requested by Jayman99)
|
|t:|1779891336
|teamsize|p1|6
|teamsize|p2|6
|start
|switch|p1a: Dragapult|Dragapult, M|100/100
|switch|p2a: Smile.exe|Tinkaton, F, shiny|100/100
|-item|p2a: Smile.exe|Air Balloon
|turn|1
|
|t:|1779891352
|move|p1a: Dragapult|Phantom Force||[still]
|-prepare|p1a: Dragapult|Phantom Force
|move|p2a: Smile.exe|Stealth Rock|p1a: Dragapult
|-sidestart|p1: D4rknite|move: Stealth Rock
|
|upkeep
|turn|2
|
|t:|1779891356
|move|p1a: Dragapult|Phantom Force|p2a: Smile.exe|[from] lockedmove
|-damage|p2a: Smile.exe|16/100
|-enditem|p2a: Smile.exe|Air Balloon
|-enditem|p1a: Dragapult|Choice Band|[silent]|[from] ability: Pickpocket|[of] p1a: Dragapult
|-item|p2a: Smile.exe|Choice Band|[from] ability: Pickpocket|[of] p1a: Dragapult
|move|p2a: Smile.exe|Ice Hammer|p1a: Dragapult
|-supereffective|p1a: Dragapult
|-damage|p1a: Dragapult|4/100
|-unboost|p2a: Smile.exe|spe|1
|
|upkeep
|turn|3
|
|t:|1779891368
|switch|p2a: Overseer|Pecharunt|100/100
|move|p1a: Dragapult|Flamethrower|p2a: Overseer
|-damage|p2a: Overseer|81/100
|
|upkeep
|turn|4
|
|t:|1779891374
|move|p1a: Dragapult|U-turn|p2a: Overseer
|-resisted|p2a: Overseer
|-damage|p2a: Overseer|79/100
|-damage|p1a: Dragapult|0 fnt|[from] item: Rocky Helmet|[of] p2a: Overseer
|faint|p1a: Dragapult
|move|p2a: Overseer|Parting Shot|p1: Dragapult|[notarget]
|-fail|p2a: Overseer
|
|upkeep
|
|t:|1779891379
|switch|p1a: Tentacruel|Tentacruel, F|100/100
|-damage|p1a: Tentacruel|88/100|[from] Stealth Rock
|turn|5
|
|t:|1779891387
|switch|p2a: Smile.exe|Tinkaton, F, shiny|16/100
|move|p1a: Tentacruel|Rapid Spin|p2a: Smile.exe
|-resisted|p2a: Smile.exe
|-damage|p2a: Smile.exe|11/100
|-boost|p1a: Tentacruel|spe|1
|-sideend|p1: D4rknite|Stealth Rock|[from] move: Rapid Spin|[of] p1a: Tentacruel
|
|upkeep
|turn|6
|
|t:|1779891400
|move|p1a: Tentacruel|Flip Turn|p2a: Smile.exe
|-damage|p2a: Smile.exe|0 fnt
|faint|p2a: Smile.exe
|
|t:|1779891408
|switch|p1a: Ogerpon|Ogerpon, F|100/100|[from] Flip Turn
|
|upkeep
|
|t:|1779891413
|switch|p2a: Overseer|Pecharunt|79/100
|turn|7
|
|t:|1779891418
|move|p1a: Ogerpon|Knock Off|p2a: Overseer
|-supereffective|p2a: Overseer
|-damage|p2a: Overseer|50/100
|-damage|p1a: Ogerpon|84/100|[from] item: Rocky Helmet|[of] p2a: Overseer
|-enditem|p2a: Overseer|Rocky Helmet|[from] move: Knock Off|[of] p1a: Ogerpon
|move|p2a: Overseer|Malignant Chain|p1a: Ogerpon
|-supereffective|p1a: Ogerpon
|-damage|p1a: Ogerpon|9/100
|-status|p1a: Ogerpon|tox
|-start|p1a: Ogerpon|confusion|[from] ability: Poison Puppeteer|[of] p2a: Overseer
|
|-damage|p1a: Ogerpon|3/100 tox|[from] psn
|upkeep
|turn|8
|
|t:|1779891428
|-activate|p1a: Ogerpon|confusion
|move|p1a: Ogerpon|U-turn|p2a: Overseer
|-resisted|p2a: Overseer
|-damage|p2a: Overseer|47/100
|
|t:|1779891431
|switch|p1a: Kingambit|Kingambit, M|100/100|[from] U-turn
|-activate|p1a: Kingambit|ability: Supreme Overlord
|-start|p1a: Kingambit|fallen1|[silent]
|move|p2a: Overseer|Recover|p2a: Overseer
|-heal|p2a: Overseer|98/100
|
|upkeep
|turn|9
|
|t:|1779891439
|move|p2a: Overseer|Parting Shot|p1a: Kingambit
|-unboost|p1a: Kingambit|atk|1
|-unboost|p1a: Kingambit|spa|1
|
|t:|1779891442
|switch|p2a: Behemoth|Great Tusk, shiny|100/100|[from] Parting Shot
|move|p1a: Kingambit|Kowtow Cleave|p2a: Behemoth
|-resisted|p2a: Behemoth
|-damage|p2a: Behemoth|84/100
|
|upkeep
|turn|10
|
|t:|1779891451
|-end|p1a: Kingambit|fallen1|[silent]
|switch|p1a: Landorus|Landorus-Therian, M|100/100
|-ability|p1a: Landorus|Intimidate|boost
|-unboost|p2a: Behemoth|atk|1
|move|p2a: Behemoth|Close Combat|p1a: Landorus
|-resisted|p1a: Landorus
|-damage|p1a: Landorus|80/100
|-unboost|p2a: Behemoth|def|1
|-unboost|p2a: Behemoth|spd|1
|-damage|p2a: Behemoth|68/100|[from] item: Rocky Helmet|[of] p1a: Landorus
|
|upkeep
|turn|11
|
|t:|1779891462
|-end|p2a: Behemoth|Protosynthesis|[silent]
|switch|p2a: Pisces|Alomomola, M, shiny|100/100
|move|p1a: Landorus|Stealth Rock|p2a: Pisces
|-sidestart|p2: Jayman99|move: Stealth Rock
|
|upkeep
|turn|12
|
|t:|1779891467
|move|p1a: Landorus|Taunt|p2a: Pisces
|-start|p2a: Pisces|move: Taunt
|move|p2a: Pisces|Flip Turn|p1a: Landorus
|-supereffective|p1a: Landorus
|-damage|p1a: Landorus|45/100
|-damage|p2a: Pisces|84/100|[from] item: Rocky Helmet|[of] p1a: Landorus
|
|t:|1779891472
|switch|p2a: Anonymous|Ogerpon, F|100/100|[from] Flip Turn
|-damage|p2a: Anonymous|88/100|[from] Stealth Rock
|
|upkeep
|turn|13
|
|t:|1779891484
|switch|p1a: Ogerpon|Ogerpon, F|3/100 tox
|move|p2a: Anonymous|Ivy Cudgel|p1a: Ogerpon
|-resisted|p1a: Ogerpon
|-crit|p1a: Ogerpon
|-damage|p1a: Ogerpon|0 fnt
|faint|p1a: Ogerpon
|
|upkeep
|
|t:|1779891502
|switch|p1a: Tentacruel|Tentacruel, F|88/100
|turn|14
|
|t:|1779891507
|move|p2a: Anonymous|Ivy Cudgel|p1a: Tentacruel
|-damage|p1a: Tentacruel|0 fnt
|faint|p1a: Tentacruel
|
|upkeep
|
|t:|1779891513
|switch|p1a: Kingambit|Kingambit, M|100/100
|-activate|p1a: Kingambit|ability: Supreme Overlord
|-start|p1a: Kingambit|fallen3|[silent]
|turn|15
|
|t:|1779891521
|switch|p2a: Behemoth|Great Tusk, shiny|68/100
|move|p1a: Kingambit|Iron Head|p2a: Behemoth
|-crit|p2a: Behemoth
|-damage|p2a: Behemoth|0 fnt
|faint|p2a: Behemoth
|-end|p2a: Behemoth|Protosynthesis|[silent]
|
|upkeep
|
|t:|1779891529
|switch|p2a: Hybrid|Hydreigon, M, shiny|100/100
|-damage|p2a: Hybrid|88/100|[from] Stealth Rock
|turn|16
|
|t:|1779891533
|move|p2a: Hybrid|Earth Power|p1a: Kingambit
|-supereffective|p1a: Kingambit
|-damage|p1a: Kingambit|8/100
|move|p1a: Kingambit|Iron Head|p2a: Hybrid
|-damage|p2a: Hybrid|14/100
|
|upkeep
|turn|17
|
|t:|1779891545
|switch|p2a: Overseer|Pecharunt|98/100
|-damage|p2a: Overseer|85/100|[from] Stealth Rock
|move|p1a: Kingambit|Sucker Punch||[still]
|-fail|p1a: Kingambit
|
|upkeep
|turn|18
|
|t:|1779891553
|move|p1a: Kingambit|Sucker Punch|p2a: Overseer
|-supereffective|p2a: Overseer
|-damage|p2a: Overseer|23/100
|move|p2a: Overseer|Shadow Ball|p1a: Kingambit
|-resisted|p1a: Kingambit
|-damage|p1a: Kingambit|0 fnt
|faint|p1a: Kingambit
|-end|p1a: Kingambit|fallen3|[silent]
|
|upkeep
|
|t:|1779891562
|switch|p1a: Iron Valiant|Iron Valiant|100/100
|-enditem|p1a: Iron Valiant|Booster Energy
|-activate|p1a: Iron Valiant|ability: Quark Drive|[fromitem]
|-start|p1a: Iron Valiant|quarkdrivespe
|turn|19
|
|t:|1779891572
|move|p1a: Iron Valiant|Psychic|p2a: Overseer
|-supereffective|p2a: Overseer
|-damage|p2a: Overseer|0 fnt
|faint|p2a: Overseer
|
|upkeep
|
|t:|1779891579
|switch|p2a: Anonymous|Ogerpon, F|88/100
|-damage|p2a: Anonymous|76/100|[from] Stealth Rock
|turn|20
|
|t:|1779891592
|-terastallize|p2a: Anonymous|Grass
|detailschange|p2a: Anonymous|Ogerpon-Teal-Tera, F, tera:Grass
|-ability|p2a: Anonymous|Embody Aspect (Teal)|boost
|-boost|p2a: Anonymous|spe|1
|move|p1a: Iron Valiant|Moonblast|p2a: Anonymous
|-damage|p2a: Anonymous|16/100
|move|p2a: Anonymous|Ivy Cudgel|p1a: Iron Valiant
|-damage|p1a: Iron Valiant|0 fnt
|faint|p1a: Iron Valiant
|-end|p1a: Iron Valiant|Quark Drive|[silent]
|
|upkeep
|
|t:|1779891600
|switch|p1a: Landorus|Landorus-Therian, M|45/100
|-ability|p1a: Landorus|Intimidate|boost
|-unboost|p2a: Anonymous|atk|1
|turn|21
|
|t:|1779891604
|move|p2a: Anonymous|Ivy Cudgel|p1a: Landorus
|-damage|p1a: Landorus|0 fnt
|faint|p1a: Landorus
|
|win|Jayman99
|raw|D4rknite's rating: 1495 &rarr; <strong>1476</strong><br />(-19 for losing)
|raw|Jayman99's rating: 1509 &rarr; <strong>1528</strong><br />(+19 for winning)
|l|☆D4rknite
|player|p1|
|l|☆Jayman99
|player|p2|
