|j|☆steven stone 007
|j|☆karothis
|t:|1779958039
|gametype|singles
|player|p1|steven stone 007|2|1497
|player|p2|karothis|266|1440
|gen|9
|tier|[Gen 9] OU
|rated|
|rule|HP Percentage Mod: HP is shown in percentages
|rule|Endless Battle Clause: Forcing endless battles is banned
|rule|Species Clause: Limit one of each Pokémon
|rule|OHKO Clause: OHKO moves are banned
|rule|Evasion Items Clause: Evasion items are banned
|rule|Evasion Moves Clause: Evasion moves are banned
|rule|Evasion Abilities Clause: Evasion abilities are banned
|rule|Sleep Moves Clause: Sleep-inducing moves are banned
|clearpoke
|poke|p1|Hatterene, F|
|poke|p1|Great Tusk|
|poke|p1|Kyurem|
|poke|p1|Heatran, F|
|poke|p1|Darkrai|
|poke|p1|Primarina, M|
|poke|p2|Quagsire, F|
|poke|p2|Toxapex, F|
|poke|p2|Blissey, F|
|poke|p2|Corviknight, F|
|poke|p2|Clefable, M|
|poke|p2|Hydrapple, F|
|teampreview
|c|☆steven stone 007|yes
|c|☆steven stone 007|i always wanted to test this aginst a stall
|
|t:|1779958076
|teamsize|p1|6
|teamsize|p2|6
|start
|switch|p1a: Great Tusk|Great Tusk|100/100
|switch|p2a: Hydrapple|Hydrapple, F|100/100
|turn|1
|
|t:|1779958084
|-terastallize|p2a: Hydrapple|Steel
|move|p1a: Great Tusk|Ice Spinner|p2a: Hydrapple
|-resisted|p2a: Hydrapple
|-damage|p2a: Hydrapple|90/100
|move|p2a: Hydrapple|Leaf Storm|p1a: Great Tusk
|-supereffective|p1a: Great Tusk
|-damage|p1a: Great Tusk|0 fnt
|-unboost|p2a: Hydrapple|spa|2
|faint|p1a: Great Tusk
|-end|p1a: Great Tusk|Protosynthesis|[silent]
|
|upkeep
|
|t:|1779958091
|switch|p1a: Heatran|Heatran, F|100/100
|turn|2
|
|t:|1779958093
|switch|p2a: Quagsire|Quagsire, F|100/100
|move|p1a: Heatran|Magma Storm|p2a: Quagsire
|-resisted|p2a: Quagsire
|-damage|p2a: Quagsire|77/100
|-activate|p2a: Quagsire|move: Magma Storm|[of] p1a: Heatran
|
|-damage|p2a: Quagsire|64/100|[from] move: Magma Storm|[partiallytrapped]
|upkeep
|turn|3
|
|t:|1779958101
|-terastallize|p1a: Heatran|Grass
|move|p1a: Heatran|Taunt|p2a: Quagsire
|-start|p2a: Quagsire|move: Taunt
|move|p2a: Quagsire|Earthquake|p1a: Heatran
|-resisted|p1a: Heatran
|-damage|p1a: Heatran|87/100
|
|-heal|p1a: Heatran|93/100|[from] item: Leftovers
|-damage|p2a: Quagsire|52/100|[from] move: Magma Storm|[partiallytrapped]
|upkeep
|turn|4
|
|t:|1779958108
|move|p1a: Heatran|Will-O-Wisp|p2a: Quagsire
|-status|p2a: Quagsire|brn
|move|p2a: Quagsire|Liquidation|p1a: Heatran
|-resisted|p1a: Heatran
|-damage|p1a: Heatran|88/100
|
|-heal|p1a: Heatran|94/100|[from] item: Leftovers
|-damage|p2a: Quagsire|46/100 brn|[from] brn
|-damage|p2a: Quagsire|33/100 brn|[from] move: Magma Storm|[partiallytrapped]
|upkeep
|turn|5
|
|t:|1779958114
|move|p1a: Heatran|Earth Power|p2a: Quagsire
|-damage|p2a: Quagsire|7/100 brn
|move|p2a: Quagsire|Liquidation|p1a: Heatran
|-resisted|p1a: Heatran
|-damage|p1a: Heatran|89/100
|
|-heal|p1a: Heatran|95/100|[from] item: Leftovers
|-damage|p2a: Quagsire|1/100 brn|[from] brn
|-damage|p2a: Quagsire|0 fnt|[from] move: Magma Storm|[partiallytrapped]
|faint|p2a: Quagsire
|upkeep
|
|t:|1779958121
|switch|p2a: Toxapex|Toxapex, F|100/100
|turn|6
|
|t:|1779958129
|switch|p1a: Primarina|Primarina, M|100/100
|move|p2a: Toxapex|Body Slam|p1a: Primarina
|-damage|p1a: Primarina|90/100
|
|-heal|p1a: Primarina|96/100|[from] item: Leftovers
|upkeep
|turn|7
|
|t:|1779958135
|move|p1a: Primarina|Substitute|p1a: Primarina
|-start|p1a: Primarina|Substitute
|-damage|p1a: Primarina|71/100
|move|p2a: Toxapex|Toxic||[still]
|-fail|p2a: Toxapex
|
|-heal|p1a: Primarina|77/100|[from] item: Leftovers
|upkeep
|turn|8
|
|t:|1779958140
|switch|p2a: Clefable|Clefable, M|100/100
|move|p1a: Primarina|Psychic Noise|p2a: Clefable
|-damage|p2a: Clefable|74/100
|-start|p2a: Clefable|move: Heal Block
|
|-heal|p1a: Primarina|83/100|[from] item: Leftovers
|upkeep
|turn|9
|
|t:|1779958143
|move|p1a: Primarina|Calm Mind|p1a: Primarina
|-boost|p1a: Primarina|spa|1
|-boost|p1a: Primarina|spd|1
|move|p2a: Clefable|Calm Mind|p2a: Clefable
|-boost|p2a: Clefable|spa|1
|-boost|p2a: Clefable|spd|1
|
|-heal|p1a: Primarina|89/100|[from] item: Leftovers
|-end|p2a: Clefable|move: Heal Block
|upkeep
|turn|10
|
|t:|1779958147
|move|p1a: Primarina|Psychic Noise|p2a: Clefable
|-damage|p2a: Clefable|57/100
|-start|p2a: Clefable|move: Heal Block
|move|p2a: Clefable|Calm Mind|p2a: Clefable
|-boost|p2a: Clefable|spa|1
|-boost|p2a: Clefable|spd|1
|
|-heal|p1a: Primarina|95/100|[from] item: Leftovers
|upkeep
|turn|11
|
|t:|1779958154
|move|p1a: Primarina|Psychic Noise|p2a: Clefable
|-damage|p2a: Clefable|44/100
|move|p2a: Clefable|Calm Mind|p2a: Clefable
|-boost|p2a: Clefable|spa|1
|-boost|p2a: Clefable|spd|1
|
|-heal|p1a: Primarina|100/100|[from] item: Leftovers
|-end|p2a: Clefable|move: Heal Block
|upkeep
|turn|12
|
|t:|1779958159
|move|p1a: Primarina|Psychic Noise|p2a: Clefable
|-damage|p2a: Clefable|33/100
|-start|p2a: Clefable|move: Heal Block
|move|p2a: Clefable|Moonblast|p1a: Primarina
|-end|p1a: Primarina|Substitute
|
|upkeep
|turn|13
|
|t:|1779958165
|move|p1a: Primarina|Psychic Noise|p2a: Clefable
|-damage|p2a: Clefable|23/100
|move|p2a: Clefable|Moonblast|p1a: Primarina
|-damage|p1a: Primarina|33/100
|
|-heal|p1a: Primarina|39/100|[from] item: Leftovers
|-end|p2a: Clefable|move: Heal Block
|upkeep
|turn|14
|
|t:|1779958169
|move|p1a: Primarina|Psychic Noise|p2a: Clefable
|-damage|p2a: Clefable|13/100
|-start|p2a: Clefable|move: Heal Block
|move|p2a: Clefable|Moonblast|p1a: Primarina
|-damage|p1a: Primarina|0 fnt
|faint|p1a: Primarina
|
|upkeep
|
|t:|1779958187
|switch|p1a: Darkrai|Darkrai|100/100
|turn|15
|
|t:|1779958191
|switch|p2a: Hydrapple|Hydrapple, F, tera:Steel|100/100
|move|p1a: Darkrai|Sludge Bomb|p2a: Hydrapple
|-immune|p2a: Hydrapple
|
|upkeep
|turn|16
|
|t:|1779958200
|move|p1a: Darkrai|Nasty Plot|p1a: Darkrai
|-boost|p1a: Darkrai|spa|2
|move|p2a: Hydrapple|Draco Meteor|p1a: Darkrai|[miss]
|-miss|p2a: Hydrapple|p1a: Darkrai
|
|upkeep
|turn|17
|
|t:|1779958208
|switch|p2a: Clefable|Clefable, M|13/100
|move|p1a: Darkrai|Dark Pulse|p2a: Clefable
|-resisted|p2a: Clefable
|-damage|p2a: Clefable|0 fnt
|faint|p2a: Clefable
|
|upkeep
|
|t:|1779958212
|switch|p2a: Blissey|Blissey, F|100/100
|turn|18
|
|t:|1779958215
|switch|p1a: Hatterene|Hatterene, F|100/100
|move|p2a: Blissey|Thunder Wave|p1a: Hatterene
|move|p1a: Hatterene|Thunder Wave|p2a: Blissey|[from] ability: Magic Bounce
|-status|p2a: Blissey|par
|
|upkeep
|turn|19
|
|t:|1779958220
|-curestatus|p2a: Blissey|par|[from] ability: Natural Cure|[silent]
|switch|p2a: Hydrapple|Hydrapple, F, tera:Steel|100/100
|move|p1a: Hatterene|Psychic Noise|p2a: Hydrapple
|-resisted|p2a: Hydrapple
|-damage|p2a: Hydrapple|83/100
|-start|p2a: Hydrapple|move: Heal Block
|
|upkeep
|turn|20
|
|t:|1779958224
|move|p2a: Hydrapple|Earth Power|p1a: Hatterene
|-damage|p1a: Hatterene|52/100
|move|p1a: Hatterene|Nuzzle|p2a: Hydrapple
|-damage|p2a: Hydrapple|80/100
|-status|p2a: Hydrapple|par
|
|-end|p2a: Hydrapple|move: Heal Block
|upkeep
|turn|21
|
|t:|1779958237
|switch|p2a: Corviknight|Corviknight, F|100/100
|move|p1a: Hatterene|Pain Split|p2a: Corviknight
|-sethp|p2a: Corviknight|71/100|[from] move: Pain Split|[silent]
|-sethp|p1a: Hatterene|89/100|[from] move: Pain Split
|
|upkeep
|turn|22
|
|t:|1779958244
|move|p2a: Corviknight|Roost|p2a: Corviknight
|-heal|p2a: Corviknight|100/100
|-singleturn|p2a: Corviknight|move: Roost
|move|p1a: Hatterene|Nuzzle|p2a: Corviknight
|-damage|p2a: Corviknight|98/100
|-status|p2a: Corviknight|par
|
|upkeep
|turn|23
|
|t:|1779958247
|switch|p2a: Blissey|Blissey, F|100/100
|move|p1a: Hatterene|Psychic Noise|p2a: Blissey
|-damage|p2a: Blissey|90/100
|-start|p2a: Blissey|move: Heal Block
|
|upkeep
|turn|24
|
|t:|1779958253
|move|p2a: Blissey|Heal Bell|p2a: Blissey
|-activate|p2a: Blissey|move: Heal Bell
|-curestatus|p2: Hydrapple|par|[msg]
|-curestatus|p2: Corviknight|par|[msg]
|move|p1a: Hatterene|Nuzzle|p2a: Blissey
|-damage|p2a: Blissey|86/100
|-status|p2a: Blissey|par
|
|-end|p2a: Blissey|move: Heal Block
|upkeep
|turn|25
|
|t:|1779958266
|-curestatus|p2a: Blissey|par|[from] ability: Natural Cure|[silent]
|switch|p2a: Toxapex|Toxapex, F|100/100
|move|p1a: Hatterene|Psychic Noise|p2a: Toxapex
|-supereffective|p2a: Toxapex
|-damage|p2a: Toxapex|47/100
|-start|p2a: Toxapex|move: Heal Block
|
|upkeep
|turn|26
|
|t:|1779958275
|switch|p1a: Heatran|Heatran, F, tera:Grass|95/100
|move|p2a: Toxapex|Body Slam|p1a: Heatran
|-damage|p1a: Heatran|84/100
|
|-heal|p1a: Heatran|90/100|[from] item: Leftovers
|-end|p2a: Toxapex|move: Heal Block
|upkeep
|turn|27
|
|t:|1779958285
|switch|p2a: Corviknight|Corviknight, F|98/100
|move|p1a: Heatran|Earth Power|p2a: Corviknight
|-immune|p2a: Corviknight
|
|-heal|p1a: Heatran|97/100|[from] item: Leftovers
|upkeep
|turn|28
|
|t:|1779958288
|move|p1a: Heatran|Magma Storm|p2a: Corviknight
|-supereffective|p2a: Corviknight
|-damage|p2a: Corviknight|24/100
|-activate|p2a: Corviknight|move: Magma Storm|[of] p1a: Heatran
|move|p2a: Corviknight|Brave Bird|p1a: Heatran
|-supereffective|p1a: Heatran
|-damage|p1a: Heatran|37/100
|-damage|p2a: Corviknight|5/100|[from] Recoil
|
|-heal|p1a: Heatran|43/100|[from] item: Leftovers
|-damage|p2a: Corviknight|0 fnt|[from] move: Magma Storm|[partiallytrapped]
|faint|p2a: Corviknight
|upkeep
|
|t:|1779958291
|switch|p2a: Hydrapple|Hydrapple, F, tera:Steel|100/100
|turn|29
|
|t:|1779958296
|move|p1a: Heatran|Magma Storm|p2a: Hydrapple
|-supereffective|p2a: Hydrapple
|-damage|p2a: Hydrapple|8/100
|-activate|p2a: Hydrapple|move: Magma Storm|[of] p1a: Heatran
|move|p2a: Hydrapple|Draco Meteor|p1a: Heatran
|-damage|p1a: Heatran|0 fnt
|-unboost|p2a: Hydrapple|spa|2
|faint|p1a: Heatran
|
|-end|p2a: Hydrapple|Magma Storm|[partiallytrapped]|[silent]
|upkeep
|
|t:|1779958303
|switch|p1a: Kyurem|Kyurem|100/100
|-ability|p1a: Kyurem|Pressure
|turn|30
|
|t:|1779958306
|switch|p2a: Blissey|Blissey, F|86/100
|move|p1a: Kyurem|Substitute|p1a: Kyurem
|-start|p1a: Kyurem|Substitute
|-damage|p1a: Kyurem|75/100
|
|-heal|p1a: Kyurem|82/100|[from] item: Leftovers
|-heal|p2a: Blissey|93/100|[from] item: Leftovers
|upkeep
|turn|31
|
|t:|1779958309
|move|p1a: Kyurem|Earth Power|p2a: Blissey
|-damage|p2a: Blissey|83/100
|move|p2a: Blissey|Seismic Toss|p1a: Kyurem
|-activate|p1a: Kyurem|move: Substitute|[damage]
|
|-heal|p1a: Kyurem|88/100|[from] item: Leftovers
|-heal|p2a: Blissey|89/100|[from] item: Leftovers
|upkeep
|turn|32
|
|t:|1779958313
|move|p1a: Kyurem|Protect|p1a: Kyurem
|-singleturn|p1a: Kyurem|Protect
|move|p2a: Blissey|Seismic Toss|p1a: Kyurem
|-activate|p1a: Kyurem|move: Protect
|
|-heal|p1a: Kyurem|94/100|[from] item: Leftovers
|-heal|p2a: Blissey|95/100|[from] item: Leftovers
|upkeep
|turn|33
|
|t:|1779958319
|move|p1a: Kyurem|Freeze-Dry|p2a: Blissey
|-damage|p2a: Blissey|83/100
|move|p2a: Blissey|Seismic Toss|p1a: Kyurem
|-end|p1a: Kyurem|Substitute
|
|-heal|p1a: Kyurem|99/100|[from] item: Leftovers
|-heal|p2a: Blissey|90/100|[from] item: Leftovers
|upkeep
|turn|34
|
|t:|1779958323
|switch|p2a: Hydrapple|Hydrapple, F, tera:Steel|41/100
|move|p1a: Kyurem|Substitute|p1a: Kyurem
|-start|p1a: Kyurem|Substitute
|-damage|p1a: Kyurem|75/100
|
|-heal|p1a: Kyurem|81/100|[from] item: Leftovers
|upkeep
|turn|35
|
|t:|1779958325
|switch|p2a: Blissey|Blissey, F|90/100
|move|p1a: Kyurem|Earth Power|p2a: Blissey
|-damage|p2a: Blissey|79/100
|
|-heal|p1a: Kyurem|88/100|[from] item: Leftovers
|-heal|p2a: Blissey|85/100|[from] item: Leftovers
|upkeep
|turn|36
|
|t:|1779958329
|move|p1a: Kyurem|Protect|p1a: Kyurem
|-singleturn|p1a: Kyurem|Protect
|move|p2a: Blissey|Seismic Toss|p1a: Kyurem
|-activate|p1a: Kyurem|move: Protect
|
|-heal|p1a: Kyurem|94/100|[from] item: Leftovers
|-heal|p2a: Blissey|92/100|[from] item: Leftovers
|upkeep
|turn|37
|
|t:|1779958332
|move|p1a: Kyurem|Earth Power|p2a: Blissey
|-damage|p2a: Blissey|81/100
|move|p2a: Blissey|Seismic Toss|p1a: Kyurem
|-activate|p1a: Kyurem|move: Substitute|[damage]
|
|-heal|p1a: Kyurem|99/100|[from] item: Leftovers
|-heal|p2a: Blissey|87/100|[from] item: Leftovers
|upkeep
|turn|38
|
|t:|1779958335
|move|p1a: Kyurem|Earth Power|p2a: Blissey
|-damage|p2a: Blissey|78/100
|move|p2a: Blissey|Seismic Toss|p1a: Kyurem
|-end|p1a: Kyurem|Substitute
|
|-heal|p1a: Kyurem|100/100|[from] item: Leftovers
|-heal|p2a: Blissey|84/100|[from] item: Leftovers
|upkeep
|turn|39
|
|t:|1779958338
|move|p1a: Kyurem|Substitute|p1a: Kyurem
|-start|p1a: Kyurem|Substitute
|-damage|p1a: Kyurem|75/100
|move|p2a: Blissey|Thunder Wave||[still]
|-fail|p2a: Blissey
|
|-heal|p1a: Kyurem|82/100|[from] item: Leftovers
|-heal|p2a: Blissey|90/100|[from] item: Leftovers
|upkeep
|turn|40
|
|t:|1779958341
|move|p1a: Kyurem|Protect|p1a: Kyurem
|-singleturn|p1a: Kyurem|Protect
|move|p2a: Blissey|Seismic Toss|p1a: Kyurem
|-activate|p1a: Kyurem|move: Protect
|
|-heal|p1a: Kyurem|88/100|[from] item: Leftovers
|-heal|p2a: Blissey|96/100|[from] item: Leftovers
|upkeep
|turn|41
|
|t:|1779958346
|move|p1a: Kyurem|Earth Power|p2a: Blissey
|-damage|p2a: Blissey|87/100
|move|p2a: Blissey|Seismic Toss|p1a: Kyurem
|-activate|p1a: Kyurem|move: Substitute|[damage]
|
|-heal|p1a: Kyurem|94/100|[from] item: Leftovers
|-heal|p2a: Blissey|93/100|[from] item: Leftovers
|upkeep
|turn|42
|
|t:|1779958358
|move|p1a: Kyurem|Protect|p1a: Kyurem
|-singleturn|p1a: Kyurem|Protect
|move|p2a: Blissey|Seismic Toss|p1a: Kyurem
|-activate|p1a: Kyurem|move: Protect
|
|-heal|p1a: Kyurem|99/100|[from] item: Leftovers
|-heal|p2a: Blissey|99/100|[from] item: Leftovers
|upkeep
|turn|43
|
|t:|1779958363
|move|p1a: Kyurem|Earth Power|p2a: Blissey
|-damage|p2a: Blissey|89/100
|move|p2a: Blissey|Seismic Toss|p1a: Kyurem
|-end|p1a: Kyurem|Substitute
|
|-heal|p1a: Kyurem|100/100|[from] item: Leftovers
|-heal|p2a: Blissey|95/100|[from] item: Leftovers
|upkeep
|turn|44
|c|☆karothis|i think you got this, gg's, nice on the grass heatran, that's a hard counter for this :D
|c|☆karothis|I'll have to fix that
|c|☆steven stone 007|GG
|c|☆karothis|GG
|-message|karothis forfeited.
|
|win|steven stone 007
|raw|steven stone 007's rating: 1497 &rarr; <strong>1514</strong><br />(+17 for winning)
|raw|karothis's rating: 1440 &rarr; <strong>1423</strong><br />(-17 for losing)
|l|☆karothis
|player|p2|
|l|☆steven stone 007
|player|p1|
