|j|☆Slippy2004
|j|☆Cheesefriezz
|t:|1779862056
|gametype|singles
|player|p1|Slippy2004|sage|1098
|player|p2|Cheesefriezz|n|1076
|gen|9
|tier|[Gen 9] OU
|rated|
|rule|HP Percentage Mod: HP is shown in percentages
|rule|Endless Battle Clause: Forcing endless battles is banned
|rule|Species Clause: Limit one of each Pokémon
|rule|OHKO Clause: OHKO moves are banned
|rule|Evasion Items Clause: Evasion items are banned
|rule|Evasion Moves Clause: Evasion moves are banned
|rule|Evasion Abilities Clause: Evasion abilities are banned
|rule|Sleep Moves Clause: Sleep-inducing moves are banned
|clearpoke
|poke|p1|Weezing-Galar, M|
|poke|p1|Alomomola, F|
|poke|p1|Iron Treads|
|poke|p1|Tornadus-Therian, M|
|poke|p1|Zamazenta-*|
|poke|p1|Lokix, F|
|poke|p2|Samurott-Hisui, M|
|poke|p2|Leafeon, M|
|poke|p2|Moltres|
|poke|p2|Ninetales, F|
|poke|p2|Kommo-o, M|
|poke|p2|Glimmora, F|
|teampreview
|inactive|Battle timer is ON: inactive players will automatically lose when time's up. (requested by Slippy2004)
|
|t:|1779862069
|teamsize|p1|6
|teamsize|p2|6
|start
|switch|p1a: Lokix|Lokix, F|100/100
|switch|p2a: Glimmora|Glimmora, F|100/100
|turn|1
|
|t:|1779862075
|move|p2a: Glimmora|Stealth Rock|p1a: Lokix
|-sidestart|p1: Slippy2004|move: Stealth Rock
|move|p1a: Lokix|U-turn|p2a: Glimmora
|-resisted|p2a: Glimmora
|-damage|p2a: Glimmora|44/100
|-activate|p2a: Glimmora|ability: Toxic Debris
|-sidestart|p1: Slippy2004|move: Toxic Spikes
|
|t:|1779862088
|switch|p1a: Weezing|Weezing-Galar, M|100/100|[from] U-turn
|-ability|p1a: Weezing|Neutralizing Gas
|-damage|p1a: Weezing|88/100|[from] Stealth Rock
|-sideend|p1: Slippy2004|move: Toxic Spikes|[of] p1a: Weezing
|
|-heal|p1a: Weezing|94/100|[from] item: Leftovers
|upkeep
|turn|2
|
|t:|1779862098
|move|p2a: Glimmora|Earth Power|p1a: Weezing
|-supereffective|p1a: Weezing
|-damage|p1a: Weezing|5/100
|move|p1a: Weezing|Will-O-Wisp|p2a: Glimmora
|-status|p2a: Glimmora|brn
|
|-heal|p1a: Weezing|11/100|[from] item: Leftovers
|-damage|p2a: Glimmora|38/100 brn|[from] brn
|upkeep
|turn|3
|
|t:|1779862117
|-end|p1a: Weezing|ability: Neutralizing Gas
|switch|p1a: Zamazenta|Zamazenta, shiny|100/100
|-damage|p1a: Zamazenta|94/100|[from] Stealth Rock
|-ability|p1a: Zamazenta|Dauntless Shield|boost
|-boost|p1a: Zamazenta|def|1
|move|p2a: Glimmora|Earth Power|p1a: Zamazenta
|-damage|p1a: Zamazenta|67/100
|
|-damage|p2a: Glimmora|31/100 brn|[from] brn
|upkeep
|turn|4
|
|t:|1779862128
|move|p1a: Zamazenta|Heavy Slam|p2a: Glimmora
|-supereffective|p2a: Glimmora
|-damage|p2a: Glimmora|0 fnt
|-activate|p2a: Glimmora|ability: Toxic Debris
|-sidestart|p1: Slippy2004|move: Toxic Spikes
|faint|p2a: Glimmora
|
|upkeep
|
|t:|1779862136
|switch|p2a: Supa Hot Fire|Moltres|100/100
|turn|5
|
|t:|1779862158
|switch|p1a: Alomomola|Alomomola, F|100/100
|-damage|p1a: Alomomola|88/100|[from] Stealth Rock
|-status|p1a: Alomomola|psn
|move|p2a: Supa Hot Fire|Air Slash|p1a: Alomomola
|-damage|p1a: Alomomola|52/100 psn
|
|-damage|p1a: Alomomola|40/100 psn|[from] psn
|upkeep
|turn|6
|
|t:|1779862168
|move|p2a: Supa Hot Fire|Air Slash|p1a: Alomomola
|-damage|p1a: Alomomola|1/100 psn
|move|p1a: Alomomola|Flip Turn|p2a: Supa Hot Fire
|-supereffective|p2a: Supa Hot Fire
|-crit|p2a: Supa Hot Fire
|-damage|p2a: Supa Hot Fire|53/100
|
|t:|1779862174
|switch|p1a: Weezing|Weezing-Galar, M|11/100|[from] Flip Turn
|-ability|p1a: Weezing|Neutralizing Gas
|-damage|p1a: Weezing|0 fnt|[from] Stealth Rock
|faint|p1a: Weezing
|-end|p1a: Weezing|ability: Neutralizing Gas
|
|upkeep
|
|t:|1779862189
|switch|p1a: Lokix|Lokix, F|100/100
|-damage|p1a: Lokix|76/100|[from] Stealth Rock
|-status|p1a: Lokix|psn
|turn|7
|
|t:|1779862205
|-terastallize|p1a: Lokix|Bug
|move|p1a: Lokix|First Impression|p2a: Supa Hot Fire
|-resisted|p2a: Supa Hot Fire
|-damage|p2a: Supa Hot Fire|14/100
|move|p2a: Supa Hot Fire|Roost|p2a: Supa Hot Fire
|-heal|p2a: Supa Hot Fire|64/100
|-singleturn|p2a: Supa Hot Fire|move: Roost
|
|-damage|p1a: Lokix|63/100 psn|[from] psn
|upkeep
|turn|8
|
|t:|1779862218
|switch|p1a: Zamazenta|Zamazenta, shiny|67/100
|-damage|p1a: Zamazenta|61/100|[from] Stealth Rock
|-status|p1a: Zamazenta|psn
|move|p2a: Supa Hot Fire|Flamethrower|p1a: Zamazenta
|-damage|p1a: Zamazenta|16/100 psn
|
|-damage|p1a: Zamazenta|3/100 psn|[from] psn
|upkeep
|turn|9
|
|t:|1779862228
|move|p1a: Zamazenta|Stone Edge|p2a: Supa Hot Fire
|-supereffective|p2a: Supa Hot Fire
|-damage|p2a: Supa Hot Fire|0 fnt
|faint|p2a: Supa Hot Fire
|
|-damage|p1a: Zamazenta|0 fnt|[from] psn
|faint|p1a: Zamazenta
|upkeep
|
|t:|1779862234
|switch|p1a: Iron Treads|Iron Treads|100/100
|switch|p2a: six tails|Ninetales, F, shiny|100/100
|-weather|SunnyDay|[from] ability: Drought|[of] p2a: six tails
|-damage|p1a: Iron Treads|97/100|[from] Stealth Rock
|turn|10
|
|t:|1779862244
|move|p2a: six tails|Will-O-Wisp|p1a: Iron Treads
|-status|p1a: Iron Treads|brn
|move|p1a: Iron Treads|Rapid Spin|p2a: six tails
|-damage|p2a: six tails|90/100
|-boost|p1a: Iron Treads|spe|1
|-sideend|p1: Slippy2004|Toxic Spikes|[from] move: Rapid Spin|[of] p1a: Iron Treads
|-sideend|p1: Slippy2004|Stealth Rock|[from] move: Rapid Spin|[of] p1a: Iron Treads
|
|-weather|SunnyDay|[upkeep]
|-heal|p1a: Iron Treads|100/100 brn|[from] item: Leftovers
|-damage|p1a: Iron Treads|94/100 brn|[from] brn
|upkeep
|turn|11
|
|t:|1779862249
|move|p1a: Iron Treads|Stealth Rock|p2a: six tails
|-sidestart|p2: Cheesefriezz|move: Stealth Rock
|move|p2a: six tails|Weather Ball|p1a: Iron Treads
|-supereffective|p1a: Iron Treads
|-damage|p1a: Iron Treads|0 fnt
|faint|p1a: Iron Treads
|-end|p1a: Iron Treads|Quark Drive|[silent]
|
|-weather|SunnyDay|[upkeep]
|upkeep
|
|t:|1779862257
|switch|p1a: Tornadus|Tornadus-Therian, M|100/100
|turn|12
|
|t:|1779862261
|move|p1a: Tornadus|Bleakwind Storm|p2a: six tails
|-damage|p2a: six tails|44/100
|-unboost|p2a: six tails|spe|1
|move|p2a: six tails|Weather Ball|p1a: Tornadus
|-damage|p1a: Tornadus|64/100
|
|-weather|SunnyDay|[upkeep]
|upkeep
|turn|13
|
|t:|1779862274
|move|p1a: Tornadus|Knock Off|p2a: six tails
|-damage|p2a: six tails|12/100
|-enditem|p2a: six tails|Heat Rock|[from] move: Knock Off|[of] p1a: Tornadus
|move|p2a: six tails|Will-O-Wisp|p1a: Tornadus
|-status|p1a: Tornadus|brn
|
|-weather|SunnyDay|[upkeep]
|-damage|p1a: Tornadus|58/100 brn|[from] brn
|upkeep
|turn|14
|
|t:|1779862282
|move|p1a: Tornadus|Bleakwind Storm|p2a: six tails
|-damage|p2a: six tails|0 fnt
|faint|p2a: six tails
|
|-weather|SunnyDay|[upkeep]
|-damage|p1a: Tornadus|52/100 brn|[from] brn
|upkeep
|
|t:|1779862288
|switch|p2a: Ima dive in|Samurott-Hisui, M|100/100
|-damage|p2a: Ima dive in|88/100|[from] Stealth Rock
|turn|15
|
|t:|1779862308
|move|p1a: Tornadus|U-turn|p2a: Ima dive in
|-supereffective|p2a: Ima dive in
|-damage|p2a: Ima dive in|69/100
|
|t:|1779862313
|switch|p1a: Alomomola|Alomomola, F|35/100 psn|[from] U-turn
|move|p2a: Ima dive in|Ceaseless Edge|p1a: Alomomola
|-damage|p1a: Alomomola|7/100 psn
|-damage|p2a: Ima dive in|52/100|[from] item: Rocky Helmet|[of] p1a: Alomomola
|-sidestart|p1: Slippy2004|Spikes
|
|-weather|SunnyDay|[upkeep]
|-damage|p1a: Alomomola|0 fnt|[from] psn
|faint|p1a: Alomomola
|upkeep
|
|t:|1779862316
|switch|p1a: Lokix|Lokix, F, tera:Bug|63/100 psn
|-damage|p1a: Lokix|51/100 psn|[from] Spikes
|turn|16
|
|t:|1779862329
|move|p1a: Lokix|First Impression|p2a: Ima dive in
|-supereffective|p2a: Ima dive in
|-damage|p2a: Ima dive in|0 fnt
|faint|p2a: Ima dive in
|
|-weather|SunnyDay|[upkeep]
|-damage|p1a: Lokix|39/100 psn|[from] psn
|upkeep
|
|t:|1779862335
|switch|p2a: Melo|Leafeon, M, shiny|100/100
|-damage|p2a: Melo|88/100|[from] Stealth Rock
|turn|17
|
|t:|1779862342
|switch|p1a: Tornadus|Tornadus-Therian, M|86/100 brn
|move|p2a: Melo|Knock Off|p1a: Tornadus
|-damage|p1a: Tornadus|42/100 brn
|-enditem|p1a: Tornadus|Assault Vest|[from] move: Knock Off|[of] p2a: Melo
|-damage|p2a: Melo|78/100|[from] item: Life Orb
|
|-weather|none
|-damage|p1a: Tornadus|36/100 brn|[from] brn
|upkeep
|turn|18
|
|t:|1779862352
|move|p1a: Tornadus|Bleakwind Storm|p2a: Melo|[miss]
|-miss|p1a: Tornadus|p2a: Melo
|move|p2a: Melo|Knock Off|p1a: Tornadus
|-damage|p1a: Tornadus|7/100 brn
|-damage|p2a: Melo|68/100|[from] item: Life Orb
|
|-damage|p1a: Tornadus|0 fnt|[from] brn
|faint|p1a: Tornadus
|upkeep
|
|t:|1779862360
|switch|p1a: Lokix|Lokix, F, tera:Bug|39/100 psn
|-damage|p1a: Lokix|26/100 psn|[from] Spikes
|turn|19
|c|☆Slippy2004|gg I've lost
|
|t:|1779862368
|move|p2a: Melo|Knock Off|p1a: Lokix
|-damage|p1a: Lokix|0 fnt
|-enditem|p1a: Lokix|Choice Band|[from] move: Knock Off|[of] p2a: Melo
|faint|p1a: Lokix
|-damage|p2a: Melo|58/100|[from] item: Life Orb
|
|win|Cheesefriezz
|raw|Slippy2004's rating: 1098 &rarr; <strong>1072</strong><br />(-26 for losing)
|raw|Cheesefriezz's rating: 1076 &rarr; <strong>1106</strong><br />(+30 for winning)
|l|☆Slippy2004
|player|p1|
|c|☆Cheesefriezz|gg??
|l|☆Cheesefriezz
|player|p2|
