|j|☆Buhwastakenwastakn
|j|☆Rice67
|t:|1779859465
|gametype|singles
|player|p1|Buhwastakenwastakn|swimmerf-gen4|1146
|player|p2|Rice67|riley|1077
|gen|9
|tier|[Gen 9] OU
|rated|
|rule|HP Percentage Mod: HP is shown in percentages
|rule|Endless Battle Clause: Forcing endless battles is banned
|rule|Species Clause: Limit one of each Pokémon
|rule|OHKO Clause: OHKO moves are banned
|rule|Evasion Items Clause: Evasion items are banned
|rule|Evasion Moves Clause: Evasion moves are banned
|rule|Evasion Abilities Clause: Evasion abilities are banned
|rule|Sleep Moves Clause: Sleep-inducing moves are banned
|clearpoke
|poke|p1|Zoroark-Hisui, F|
|poke|p1|Primarina, F|
|poke|p1|Corviknight, F|
|poke|p1|Skeledirge, F|
|poke|p1|Great Tusk|
|poke|p1|Revavroom, F|
|poke|p2|Garganacl, M|
|poke|p2|Maushold-Four|
|poke|p2|Gliscor, F|
|poke|p2|Jirachi|
|poke|p2|Landorus-Therian, M|
|poke|p2|Gengar, F|
|teampreview
|inactive|Battle timer is ON: inactive players will automatically lose when time's up. (requested by Buhwastakenwastakn)
|
|t:|1779859478
|teamsize|p1|6
|teamsize|p2|6
|start
|switch|p1a: Primarina|Primarina, F, shiny|100/100
|switch|p2a: Gengar|Gengar, F|100/100
|turn|1
|
|t:|1779859489
|switch|p1a: Great Tusk|Great Tusk, shiny|100/100
|move|p2a: Gengar|Toxic Spikes|p1a: Great Tusk
|-sidestart|p1: Buhwastakenwastakn|move: Toxic Spikes
|
|upkeep
|turn|2
|
|t:|1779859494
|move|p2a: Gengar|Nasty Plot|p2a: Gengar
|-boost|p2a: Gengar|spa|2
|move|p1a: Great Tusk|Headlong Rush|p2a: Gengar
|-supereffective|p2a: Gengar
|-enditem|p2a: Gengar|Focus Sash
|-damage|p2a: Gengar|1/100
|-unboost|p1a: Great Tusk|def|1
|-unboost|p1a: Great Tusk|spd|1
|
|upkeep
|turn|3
|
|t:|1779859506
|move|p2a: Gengar|Shadow Ball|p1a: Great Tusk
|-damage|p1a: Great Tusk|0 fnt
|faint|p1a: Great Tusk
|-end|p1a: Great Tusk|Protosynthesis|[silent]
|
|upkeep
|
|t:|1779859511
|switch|p1a: Corviknight|Corviknight, F, shiny|100/100
|turn|4
|
|t:|1779859515
|move|p2a: Gengar|Shadow Ball|p1a: Corviknight
|-damage|p1a: Corviknight|22/100
|move|p1a: Corviknight|U-turn|p2a: Gengar
|-resisted|p2a: Gengar
|-damage|p2a: Gengar|0 fnt
|faint|p2a: Gengar
|
|t:|1779859522
|switch|p1a: Revavroom|Revavroom, F, shiny|100/100|[from] U-turn
|-sideend|p1: Buhwastakenwastakn|move: Toxic Spikes|[of] p1a: Revavroom
|
|upkeep
|
|t:|1779859536
|switch|p2a: Gliscor|Gliscor, F|100/100
|turn|5
|
|t:|1779859542
|move|p1a: Revavroom|Iron Head|p2a: Gliscor
|-damage|p2a: Gliscor|67/100
|move|p2a: Gliscor|Earthquake|p1a: Revavroom
|-supereffective|p1a: Revavroom
|-damage|p1a: Revavroom|0 fnt
|faint|p1a: Revavroom
|
|-status|p2a: Gliscor|tox|[from] item: Toxic Orb
|upkeep
|
|t:|1779859545
|switch|p1a: Primarina|Primarina, F, shiny|100/100
|turn|6
|
|t:|1779859553
|move|p2a: Gliscor|Protect|p2a: Gliscor
|-singleturn|p2a: Gliscor|Protect
|move|p1a: Primarina|Hyper Voice|p2a: Gliscor
|-activate|p2a: Gliscor|move: Protect
|
|-heal|p2a: Gliscor|79/100 tox|[from] ability: Poison Heal
|upkeep
|turn|7
|
|t:|1779859560
|move|p2a: Gliscor|Facade|p1a: Primarina
|-damage|p1a: Primarina|63/100
|move|p1a: Primarina|Hyper Voice|p2a: Gliscor
|-supereffective|p2a: Gliscor
|-damage|p2a: Gliscor|0 fnt
|faint|p2a: Gliscor
|
|upkeep
|
|t:|1779859573
|switch|p2a: Family of four|Maushold-Four|100/100
|turn|8
|
|t:|1779859584
|switch|p1a: Skeledirge|Skeledirge, F, shiny|100/100
|move|p2a: Family of four|Population Bomb|p1a: Skeledirge
|-immune|p1a: Skeledirge
|
|upkeep
|turn|9
|
|t:|1779859592
|move|p2a: Family of four|Bite|p1a: Skeledirge
|-supereffective|p1a: Skeledirge
|-damage|p1a: Skeledirge|61/100
|move|p1a: Skeledirge|Will-O-Wisp|p2a: Family of four
|-status|p2a: Family of four|brn
|
|-heal|p1a: Skeledirge|67/100|[from] item: Leftovers
|-damage|p2a: Family of four|94/100 brn|[from] brn
|upkeep
|turn|10
|
|t:|1779859601
|move|p2a: Family of four|Bite|p1a: Skeledirge
|-supereffective|p1a: Skeledirge
|-damage|p1a: Skeledirge|50/100
|cant|p1a: Skeledirge|flinch
|
|-heal|p1a: Skeledirge|56/100|[from] item: Leftovers
|-damage|p2a: Family of four|88/100 brn|[from] brn
|upkeep
|turn|11
|
|t:|1779859608
|switch|p1a: Primarina|Primarina, F, shiny|63/100
|move|p2a: Family of four|Bite|p1a: Primarina
|-resisted|p1a: Primarina
|-damage|p1a: Primarina|56/100
|
|-damage|p2a: Family of four|82/100 brn|[from] brn
|upkeep
|turn|12
|
|t:|1779859615
|switch|p1a: Corviknight|Corviknight, F, shiny|22/100
|move|p2a: Family of four|Population Bomb|p1a: Corviknight
|-resisted|p1a: Corviknight
|-damage|p1a: Corviknight|21/100
|-resisted|p1a: Corviknight
|-damage|p1a: Corviknight|19/100
|-resisted|p1a: Corviknight
|-damage|p1a: Corviknight|18/100
|-resisted|p1a: Corviknight
|-damage|p1a: Corviknight|16/100
|-resisted|p1a: Corviknight
|-damage|p1a: Corviknight|14/100
|-resisted|p1a: Corviknight
|-damage|p1a: Corviknight|13/100
|-resisted|p1a: Corviknight
|-damage|p1a: Corviknight|11/100
|-resisted|p1a: Corviknight
|-damage|p1a: Corviknight|9/100
|-resisted|p1a: Corviknight
|-damage|p1a: Corviknight|8/100
|-resisted|p1a: Corviknight
|-damage|p1a: Corviknight|6/100
|-hitcount|p1a: Corviknight|10
|
|-heal|p1a: Corviknight|13/100|[from] item: Leftovers
|-damage|p2a: Family of four|76/100 brn|[from] brn
|upkeep
|turn|13
|
|t:|1779859639
|move|p2a: Family of four|Bite|p1a: Corviknight
|-damage|p1a: Corviknight|6/100
|cant|p1a: Corviknight|flinch
|
|-heal|p1a: Corviknight|13/100|[from] item: Leftovers
|-damage|p2a: Family of four|69/100 brn|[from] brn
|upkeep
|turn|14
|
|t:|1779859646
|move|p2a: Family of four|Population Bomb|p1a: Corviknight
|-resisted|p1a: Corviknight
|-damage|p1a: Corviknight|11/100
|-resisted|p1a: Corviknight
|-damage|p1a: Corviknight|9/100
|-resisted|p1a: Corviknight
|-damage|p1a: Corviknight|8/100
|-resisted|p1a: Corviknight
|-damage|p1a: Corviknight|6/100
|-resisted|p1a: Corviknight
|-damage|p1a: Corviknight|4/100
|-resisted|p1a: Corviknight
|-damage|p1a: Corviknight|3/100
|-resisted|p1a: Corviknight
|-damage|p1a: Corviknight|1/100
|-resisted|p1a: Corviknight
|-damage|p1a: Corviknight|0 fnt
|faint|p1a: Corviknight
|-hitcount|p1: Corviknight|8
|
|-damage|p2a: Family of four|63/100 brn|[from] brn
|upkeep
|
|t:|1779859655
|switch|p1a: Skeledirge|Skeledirge, F, shiny|56/100
|turn|15
|
|t:|1779859668
|move|p2a: Family of four|U-turn|p1a: Skeledirge
|-resisted|p1a: Skeledirge
|-damage|p1a: Skeledirge|54/100
|
|t:|1779859672
|switch|p2a: Tanky|Garganacl, M, shiny|100/100|[from] U-turn
|move|p1a: Skeledirge|Torch Song|p2a: Tanky
|-resisted|p2a: Tanky
|-damage|p2a: Tanky|92/100
|-boost|p1a: Skeledirge|spa|1
|
|-heal|p1a: Skeledirge|60/100|[from] item: Leftovers
|-heal|p2a: Tanky|98/100|[from] item: Leftovers
|upkeep
|turn|16
|
|t:|1779859681
|switch|p1a: Primarina|Primarina, F, shiny|56/100
|move|p2a: Tanky|Salt Cure|p1a: Primarina
|-damage|p1a: Primarina|38/100
|-start|p1a: Primarina|Salt Cure
|
|-heal|p2a: Tanky|100/100|[from] item: Leftovers
|-damage|p1a: Primarina|13/100|[from] Salt Cure
|upkeep
|turn|17
|
|t:|1779859692
|move|p2a: Tanky|Protect|p2a: Tanky
|-singleturn|p2a: Tanky|Protect
|move|p1a: Primarina|Hyper Voice|p2a: Tanky
|-activate|p2a: Tanky|move: Protect
|
|-damage|p1a: Primarina|0 fnt|[from] Salt Cure
|faint|p1a: Primarina
|upkeep
|
|t:|1779859697
|switch|p1a: Skeledirge|Skeledirge, F, shiny|100/100
|turn|18
|
|t:|1779859705
|-terastallize|p1a: Skeledirge|Stellar
|move|p1a: Skeledirge|Hyper Voice|p2a: Tanky
|-resisted|p2a: Tanky
|-damage|p2a: Tanky|71/100
|move|p2a: Tanky|Salt Cure|p1a: Skeledirge
|-damage|p1a: Skeledirge|73/100
|-start|p1a: Skeledirge|Salt Cure
|replace|p1a: Zoroark|Zoroark-Hisui, F, shiny
|-end|p1a: Zoroark|Illusion
|
|-heal|p2a: Tanky|77/100|[from] item: Leftovers
|-damage|p1a: Zoroark|60/100|[from] Salt Cure
|upkeep
|turn|19
|
|t:|1779859718
|move|p2a: Tanky|Protect|p2a: Tanky
|-singleturn|p2a: Tanky|Protect
|move|p1a: Zoroark|Hyper Voice|p2a: Tanky
|-activate|p2a: Tanky|move: Protect
|
|-heal|p2a: Tanky|83/100|[from] item: Leftovers
|-damage|p1a: Zoroark|48/100|[from] Salt Cure
|upkeep
|turn|20
|-message|Buhwastakenwastakn forfeited.
|
|win|Rice67
|raw|Buhwastakenwastakn's rating: 1146 &rarr; <strong>1116</strong><br />(-30 for losing)
|raw|Rice67's rating: 1077 &rarr; <strong>1111</strong><br />(+34 for winning)
|l|☆Buhwastakenwastakn
|player|p1|
|l|☆Rice67
|player|p2|
