|j|☆0c3an m4n
|j|‽katholikon
|t:|1779913363
|gametype|singles
|player|p1|0c3an m4n|marlon|1611
|player|p2|katholikon|266|1600
|gen|9
|tier|[Gen 9] OU
|rated|
|rule|HP Percentage Mod: HP is shown in percentages
|rule|Endless Battle Clause: Forcing endless battles is banned
|rule|Species Clause: Limit one of each Pokémon
|rule|OHKO Clause: OHKO moves are banned
|rule|Evasion Items Clause: Evasion items are banned
|rule|Evasion Moves Clause: Evasion moves are banned
|rule|Evasion Abilities Clause: Evasion abilities are banned
|rule|Sleep Moves Clause: Sleep-inducing moves are banned
|clearpoke
|poke|p1|Quaquaval, M|
|poke|p1|Barraskewda, M|
|poke|p1|Pelipper, F|
|poke|p1|Slither Wing|
|poke|p1|Hatterene, F|
|poke|p1|Crawdaunt, F|
|poke|p2|Iron Boulder|
|poke|p2|Dragapult, M|
|poke|p2|Raging Bolt|
|poke|p2|Great Tusk|
|poke|p2|Ting-Lu|
|poke|p2|Corviknight, M|
|teampreview
|
|t:|1779913367
|teamsize|p1|6
|teamsize|p2|6
|start
|switch|p1a: El papu|Slither Wing, shiny|100/100
|switch|p2a: Raging Bolt|Raging Bolt|100/100
|turn|1
|
|t:|1779913379
|move|p2a: Raging Bolt|Thunderbolt|p1a: El papu
|-damage|p1a: El papu|19/100
|move|p1a: El papu|Earthquake|p2a: Raging Bolt
|-supereffective|p2a: Raging Bolt
|-damage|p2a: Raging Bolt|0 fnt
|faint|p2a: Raging Bolt
|-end|p2a: Raging Bolt|Protosynthesis|[silent]
|
|upkeep
|
|t:|1779913386
|switch|p2a: Dragapult|Dragapult, M|100/100
|turn|2
|
|t:|1779913390
|-end|p1a: El papu|Protosynthesis|[silent]
|switch|p1a: Si|Hatterene, F, shiny|100/100
|move|p2a: Dragapult|Shadow Ball|p1a: Si
|-supereffective|p1a: Si
|-damage|p1a: Si|34/100
|
|upkeep
|turn|3
|
|t:|1779913400
|move|p2a: Dragapult|Shadow Ball|p1a: Si
|-supereffective|p1a: Si
|-damage|p1a: Si|0 fnt
|faint|p1a: Si
|
|upkeep
|
|t:|1779913402
|switch|p1a: El papu|Slither Wing, shiny|19/100
|turn|4
|
|t:|1779913406
|switch|p2a: Corviknight|Corviknight, M|100/100
|-ability|p2a: Corviknight|Pressure
|move|p1a: El papu|First Impression|p2a: Corviknight
|-resisted|p2a: Corviknight
|-damage|p2a: Corviknight|88/100
|-damage|p1a: El papu|2/100|[from] item: Rocky Helmet|[of] p2a: Corviknight
|
|upkeep
|turn|5
|
|t:|1779913410
|-end|p1a: El papu|Protosynthesis|[silent]
|switch|p1a: Risk of what?|Pelipper, F, shiny|100/100
|-weather|RainDance|[from] ability: Drizzle|[of] p1a: Risk of what?
|move|p2a: Corviknight|U-turn|p1a: Risk of what?
|-resisted|p1a: Risk of what?
|-damage|p1a: Risk of what?|95/100
|
|t:|1779913412
|switch|p2a: Dragapult|Dragapult, M|100/100|[from] U-turn
|
|-weather|RainDance|[upkeep]
|upkeep
|turn|6
|j| roarcat
|
|t:|1779913417
|switch|p1a: El papu|Slither Wing, shiny|2/100
|move|p2a: Dragapult|Draco Meteor|p1a: El papu
|-damage|p1a: El papu|0 fnt
|-unboost|p2a: Dragapult|spa|2
|faint|p1a: El papu
|-end|p1a: El papu|Protosynthesis|[silent]
|
|-weather|RainDance|[upkeep]
|upkeep
|
|t:|1779913427
|switch|p1a: Berdly|Quaquaval, M, shiny|100/100
|turn|7
|
|t:|1779913435
|switch|p2a: Ting-Lu|Ting-Lu|100/100
|-ability|p2a: Ting-Lu|Vessel of Ruin
|-terastallize|p1a: Berdly|Water
|move|p1a: Berdly|Aqua Step|p2a: Ting-Lu
|-supereffective|p2a: Ting-Lu
|-damage|p2a: Ting-Lu|13/100
|-boost|p1a: Berdly|spe|1
|
|-weather|RainDance|[upkeep]
|-heal|p2a: Ting-Lu|19/100|[from] item: Leftovers
|upkeep
|turn|8
|
|t:|1779913439
|move|p1a: Berdly|Aqua Step|p2a: Ting-Lu
|-supereffective|p2a: Ting-Lu
|-damage|p2a: Ting-Lu|0 fnt
|-boost|p1a: Berdly|spe|1
|faint|p2a: Ting-Lu
|-ability|p1a: Berdly|Moxie|boost
|-boost|p1a: Berdly|atk|1
|
|-weather|RainDance|[upkeep]
|upkeep
|
|t:|1779913441
|switch|p2a: Corviknight|Corviknight, M|88/100
|-ability|p2a: Corviknight|Pressure
|turn|9
|
|t:|1779913448
|move|p1a: Berdly|Swords Dance|p1a: Berdly
|-boost|p1a: Berdly|atk|2
|move|p2a: Corviknight|Brave Bird|p1a: Berdly
|-damage|p1a: Berdly|50/100
|-damage|p2a: Corviknight|75/100|[from] Recoil
|
|-weather|RainDance|[upkeep]
|upkeep
|turn|10
|
|t:|1779913454
|move|p1a: Berdly|Aqua Step|p2a: Corviknight
|-damage|p2a: Corviknight|0 fnt
|-boost|p1a: Berdly|spe|1
|-damage|p1a: Berdly|34/100|[from] item: Rocky Helmet|[of] p2a: Corviknight
|faint|p2a: Corviknight
|-ability|p1a: Berdly|Moxie|boost
|-boost|p1a: Berdly|atk|1
|
|-weather|RainDance|[upkeep]
|upkeep
|
|t:|1779913464
|switch|p2a: Dragapult|Dragapult, M|100/100
|turn|11
|
|t:|1779913466
|move|p1a: Berdly|Aqua Step|p2a: Dragapult
|-resisted|p2a: Dragapult
|-damage|p2a: Dragapult|0 fnt
|-boost|p1a: Berdly|spe|1
|faint|p2a: Dragapult
|-ability|p1a: Berdly|Moxie|boost
|-boost|p1a: Berdly|atk|1
|
|-weather|RainDance|[upkeep]
|upkeep
|-message|katholikon forfeited.
|
|win|0c3an m4n
|raw|0c3an m4n's rating: 1611 &rarr; <strong>1630</strong><br />(+19 for winning)
|raw|katholikon's rating: 1600 &rarr; <strong>1581</strong><br />(-19 for losing)
|l|‽katholikon
|player|p2|
|l|☆0c3an m4n
|player|p1|
