|j|☆czy159951
|j|☆deswatem
|t:|1779807940
|gametype|singles
|player|p1|czy159951|170|1273
|player|p2|deswatem|101|1233
|gen|9
|tier|[Gen 9] OU
|rated|
|rule|HP Percentage Mod: HP is shown in percentages
|rule|Endless Battle Clause: Forcing endless battles is banned
|rule|Species Clause: Limit one of each Pokémon
|rule|OHKO Clause: OHKO moves are banned
|rule|Evasion Items Clause: Evasion items are banned
|rule|Evasion Moves Clause: Evasion moves are banned
|rule|Evasion Abilities Clause: Evasion abilities are banned
|rule|Sleep Moves Clause: Sleep-inducing moves are banned
|clearpoke
|poke|p1|Ogerpon-Wellspring, F|
|poke|p1|Rillaboom, M|
|poke|p1|Breloom, F|
|poke|p1|Hydrapple, F|
|poke|p1|Serperior, M|
|poke|p1|Shaymin|
|poke|p2|Garchomp, M|
|poke|p2|Blaziken, M|
|poke|p2|Darkrai|
|poke|p2|Toxapex, F|
|poke|p2|Zapdos|
|poke|p2|Metagross|
|teampreview
|inactive|Battle timer is ON: inactive players will automatically lose when time's up. (requested by deswatem)
|
|t:|1779807951
|teamsize|p1|6
|teamsize|p2|6
|start
|switch|p1a: Ogerpon|Ogerpon-Wellspring, F|100/100
|switch|p2a: Blaziken|Blaziken, M|100/100
|turn|1
|
|t:|1779807968
|switch|p2a: Toxapex|Toxapex, F|100/100
|move|p1a: Ogerpon|Ivy Cudgel|p2a: Toxapex|[anim] Ivy Cudgel Water
|-resisted|p2a: Toxapex
|-damage|p2a: Toxapex|79/100
|
|-heal|p2a: Toxapex|86/100|[from] item: Black Sludge
|upkeep
|turn|2
|
|t:|1779807982
|move|p1a: Ogerpon|U-turn|p2a: Toxapex
|-resisted|p2a: Toxapex
|-damage|p2a: Toxapex|75/100
|
|t:|1779807988
|switch|p1a: Shaymin|Shaymin|100/100|[from] U-turn
|move|p2a: Toxapex|Toxic|p1a: Shaymin
|-status|p1a: Shaymin|tox
|
|-heal|p2a: Toxapex|82/100|[from] item: Black Sludge
|-damage|p1a: Shaymin|94/100 tox|[from] psn
|upkeep
|turn|3
|
|t:|1779808002
|move|p2a: Toxapex|Baneful Bunker|p2a: Toxapex
|-singleturn|p2a: Toxapex|move: Protect
|move|p1a: Shaymin|Leech Seed|p2a: Toxapex
|-activate|p2a: Toxapex|move: Protect
|
|-heal|p1a: Shaymin|100/100 tox|[from] item: Leftovers
|-heal|p2a: Toxapex|88/100|[from] item: Black Sludge
|-damage|p1a: Shaymin|88/100 tox|[from] psn
|upkeep
|turn|4
|
|t:|1779808013
|move|p1a: Shaymin|Leech Seed|p2a: Toxapex|[miss]
|-miss|p1a: Shaymin|p2a: Toxapex
|move|p2a: Toxapex|Surf|p1a: Shaymin
|-resisted|p1a: Shaymin
|-damage|p1a: Shaymin|80/100 tox
|
|-heal|p1a: Shaymin|87/100 tox|[from] item: Leftovers
|-heal|p2a: Toxapex|94/100|[from] item: Black Sludge
|-damage|p1a: Shaymin|68/100 tox|[from] psn
|upkeep
|turn|5
|
|t:|1779808027
|-curestatus|p1a: Shaymin|tox|[from] ability: Natural Cure|[silent]
|switch|p1a: Serperior|Serperior, M|100/100
|move|p2a: Toxapex|Baneful Bunker||[still]
|-fail|p2a: Toxapex
|
|-heal|p2a: Toxapex|100/100|[from] item: Black Sludge
|upkeep
|turn|6
|
|t:|1779808037
|move|p1a: Serperior|Substitute|p1a: Serperior
|-start|p1a: Serperior|Substitute
|-damage|p1a: Serperior|76/100
|move|p2a: Toxapex|Toxic||[still]
|-fail|p2a: Toxapex
|
|-heal|p1a: Serperior|82/100|[from] item: Leftovers
|upkeep
|turn|7
|
|t:|1779808047
|switch|p2a: Blaziken|Blaziken, M|100/100
|move|p1a: Serperior|Leech Seed|p2a: Blaziken
|-start|p2a: Blaziken|move: Leech Seed
|
|-heal|p1a: Serperior|88/100|[from] item: Leftovers
|-damage|p2a: Blaziken|88/100|[from] Leech Seed|[of] p1a: Serperior
|-heal|p1a: Serperior|100/100|[silent]
|upkeep
|turn|8
|
|t:|1779808058
|move|p1a: Serperior|Leaf Storm|p2a: Blaziken
|-resisted|p2a: Blaziken
|-damage|p2a: Blaziken|52/100
|-boost|p1a: Serperior|spa|2
|move|p2a: Blaziken|Flare Blitz|p1a: Serperior
|-supereffective|p1a: Serperior
|-end|p1a: Serperior|Substitute
|-damage|p2a: Blaziken|45/100|[from] Recoil|[of] p1a: Serperior
|-damage|p2a: Blaziken|35/100|[from] item: Life Orb
|
|-damage|p2a: Blaziken|22/100|[from] Leech Seed|[of] p1a: Serperior
|-ability|p2a: Blaziken|Speed Boost|boost
|-boost|p2a: Blaziken|spe|1
|upkeep
|turn|9
|
|t:|1779808072
|move|p1a: Serperior|Protect|p1a: Serperior
|-singleturn|p1a: Serperior|Protect
|move|p2a: Blaziken|Flare Blitz|p1a: Serperior
|-activate|p1a: Serperior|move: Protect
|
|-damage|p2a: Blaziken|10/100|[from] Leech Seed|[of] p1a: Serperior
|-ability|p2a: Blaziken|Speed Boost|boost
|-boost|p2a: Blaziken|spe|1
|upkeep
|turn|10
|
|t:|1779808085
|switch|p1a: Hydrapple|Hydrapple, F|100/100
|move|p2a: Blaziken|Flare Blitz|p1a: Hydrapple
|-damage|p1a: Hydrapple|58/100
|-damage|p2a: Blaziken|0 fnt|[from] Recoil
|faint|p2a: Blaziken
|
|upkeep
|
|t:|1779808091
|switch|p2a: Toxapex|Toxapex, F|100/100
|turn|11
|
|t:|1779808098
|switch|p1a: Shaymin|Shaymin|68/100
|move|p2a: Toxapex|Toxic|p1a: Shaymin
|-status|p1a: Shaymin|tox
|
|-heal|p1a: Shaymin|74/100 tox|[from] item: Leftovers
|-damage|p1a: Shaymin|68/100 tox|[from] psn
|upkeep
|turn|12
|
|t:|1779808113
|-curestatus|p1a: Shaymin|tox|[from] ability: Natural Cure|[silent]
|switch|p1a: Serperior|Serperior, M|100/100
|switch|p2a: Garchomp|Garchomp, M|100/100
|
|upkeep
|turn|13
|
|t:|1779808122
|move|p1a: Serperior|Leech Seed|p2a: Garchomp
|-start|p2a: Garchomp|move: Leech Seed
|move|p2a: Garchomp|Outrage|p1a: Serperior
|-damage|p1a: Serperior|20/100
|
|-heal|p1a: Serperior|26/100|[from] item: Leftovers
|-damage|p2a: Garchomp|88/100|[from] Leech Seed|[of] p1a: Serperior
|-heal|p1a: Serperior|41/100|[silent]
|upkeep
|turn|14
|
|t:|1779808134
|move|p1a: Serperior|Protect|p1a: Serperior
|-singleturn|p1a: Serperior|Protect
|move|p2a: Garchomp|Outrage|p1a: Serperior|[from] lockedmove
|-activate|p1a: Serperior|move: Protect
|-start|p2a: Garchomp|confusion|[fatigue]
|
|-heal|p1a: Serperior|47/100|[from] item: Leftovers
|-damage|p2a: Garchomp|76/100|[from] Leech Seed|[of] p1a: Serperior
|-heal|p1a: Serperior|62/100|[silent]
|upkeep
|turn|15
|
|t:|1779808145
|move|p1a: Serperior|Substitute|p1a: Serperior
|-start|p1a: Serperior|Substitute
|-damage|p1a: Serperior|38/100
|-activate|p2a: Garchomp|confusion
|-damage|p2a: Garchomp|62/100|[from] confusion
|
|-heal|p1a: Serperior|44/100|[from] item: Leftovers
|-damage|p2a: Garchomp|50/100|[from] Leech Seed|[of] p1a: Serperior
|-heal|p1a: Serperior|59/100|[silent]
|upkeep
|turn|16
|
|t:|1779808156
|move|p1a: Serperior|Leaf Storm|p2a: Garchomp
|-damage|p2a: Garchomp|0 fnt
|-boost|p1a: Serperior|spa|2
|faint|p2a: Garchomp
|
|-heal|p1a: Serperior|65/100|[from] item: Leftovers
|upkeep
|
|t:|1779808163
|switch|p2a: Darkrai|Darkrai|100/100
|turn|17
|
|t:|1779808170
|-terastallize|p2a: Darkrai|Poison
|move|p2a: Darkrai|Sludge Bomb|p1a: Serperior
|-supereffective|p1a: Serperior
|-end|p1a: Serperior|Substitute
|move|p1a: Serperior|Leech Seed|p2a: Darkrai
|-start|p2a: Darkrai|move: Leech Seed
|
|-heal|p1a: Serperior|71/100|[from] item: Leftovers
|-damage|p2a: Darkrai|88/100|[from] Leech Seed|[of] p1a: Serperior
|-heal|p1a: Serperior|83/100|[silent]
|upkeep
|turn|18
|
|t:|1779808182
|move|p1a: Serperior|Protect|p1a: Serperior
|-singleturn|p1a: Serperior|Protect
|move|p2a: Darkrai|Sludge Bomb|p1a: Serperior
|-activate|p1a: Serperior|move: Protect
|
|-heal|p1a: Serperior|90/100|[from] item: Leftovers
|-damage|p2a: Darkrai|76/100|[from] Leech Seed|[of] p1a: Serperior
|-heal|p1a: Serperior|100/100|[silent]
|upkeep
|turn|19
|
|t:|1779808197
|-terastallize|p1a: Serperior|Steel
|move|p2a: Darkrai|Sludge Bomb|p1a: Serperior
|-immune|p1a: Serperior
|move|p1a: Serperior|Leaf Storm|p2a: Darkrai
|-resisted|p2a: Darkrai
|-damage|p2a: Darkrai|15/100
|-boost|p1a: Serperior|spa|2
|
|-damage|p2a: Darkrai|3/100|[from] Leech Seed|[of] p1a: Serperior
|upkeep
|turn|20
|-message|deswatem forfeited.
|
|win|czy159951
|raw|czy159951's rating: 1273 &rarr; <strong>1295</strong><br />(+22 for winning)
|raw|deswatem's rating: 1233 &rarr; <strong>1211</strong><br />(-22 for losing)
|l|☆deswatem
|player|p2|
|l|☆czy159951
|player|p1|
