|j|☆24iomxx
|j|☆BulbasaurLeaves
|t:|1779863833
|gametype|singles
|player|p1|24iomxx|hilbert-masters|1094
|player|p2|BulbasaurLeaves|scientistf|1169
|gen|9
|tier|[Gen 9] OU
|rated|
|rule|HP Percentage Mod: HP is shown in percentages
|rule|Endless Battle Clause: Forcing endless battles is banned
|rule|Species Clause: Limit one of each Pokémon
|rule|OHKO Clause: OHKO moves are banned
|rule|Evasion Items Clause: Evasion items are banned
|rule|Evasion Moves Clause: Evasion moves are banned
|rule|Evasion Abilities Clause: Evasion abilities are banned
|rule|Sleep Moves Clause: Sleep-inducing moves are banned
|clearpoke
|poke|p1|Hydreigon, F|
|poke|p1|Excadrill, F|
|poke|p1|Galvantula, F|
|poke|p1|Chandelure, M|
|poke|p1|Amoonguss, M|
|poke|p1|Braviary, M|
|poke|p2|Pecharunt|
|poke|p2|Corviknight, F|
|poke|p2|Glimmora, M|
|poke|p2|Serperior, M|
|poke|p2|Moltres-Galar|
|poke|p2|Meowscarada, F|
|teampreview
|inactive|Battle timer is ON: inactive players will automatically lose when time's up. (requested by BulbasaurLeaves)
|
|t:|1779863841
|teamsize|p1|6
|teamsize|p2|6
|start
|switch|p1a: Galvantula|Galvantula, F|100/100
|switch|p2a: Meowscarada|Meowscarada, F|100/100
|turn|1
|
|t:|1779863851
|move|p2a: Meowscarada|Knock Off|p1a: Galvantula
|-start|p2a: Meowscarada|typechange|Dark|[from] ability: Protean
|-damage|p1a: Galvantula|17/100
|-enditem|p1a: Galvantula|Focus Sash|[from] move: Knock Off|[of] p2a: Meowscarada
|move|p1a: Galvantula|Bug Buzz|p2a: Meowscarada
|-supereffective|p2a: Meowscarada
|-damage|p2a: Meowscarada|0 fnt
|faint|p2a: Meowscarada
|
|upkeep
|
|t:|1779863870
|switch|p2a: Glimmora|Glimmora, M|100/100
|-item|p2a: Glimmora|Air Balloon
|turn|2
|
|t:|1779863875
|move|p1a: Galvantula|Sticky Web|p2a: Glimmora
|-sidestart|p2: BulbasaurLeaves|move: Sticky Web
|move|p2a: Glimmora|Power Gem|p1a: Galvantula
|-supereffective|p1a: Galvantula
|-damage|p1a: Galvantula|0 fnt
|faint|p1a: Galvantula
|
|upkeep
|
|t:|1779863882
|switch|p1a: Excadrill|Excadrill, F|100/100
|-ability|p1a: Excadrill|Mold Breaker
|-item|p1a: Excadrill|Air Balloon
|turn|3
|
|t:|1779863887
|move|p1a: Excadrill|Rapid Spin|p2a: Glimmora
|-resisted|p2a: Glimmora
|-damage|p2a: Glimmora|90/100
|-boost|p1a: Excadrill|spe|1
|-enditem|p2a: Glimmora|Air Balloon
|move|p2a: Glimmora|Toxic|p1a: Excadrill
|-status|p1a: Excadrill|tox
|
|-damage|p1a: Excadrill|94/100 tox|[from] psn
|upkeep
|turn|4
|
|t:|1779863907
|switch|p2a: Corviknight|Corviknight, F|100/100
|move|p1a: Excadrill|Swords Dance|p1a: Excadrill
|-boost|p1a: Excadrill|atk|2
|
|-damage|p1a: Excadrill|82/100 tox|[from] psn
|upkeep
|turn|5
|
|t:|1779863915
|move|p1a: Excadrill|Iron Head|p2a: Corviknight
|-resisted|p2a: Corviknight
|-damage|p2a: Corviknight|77/100
|move|p2a: Corviknight|Iron Defense|p2a: Corviknight
|-boost|p2a: Corviknight|def|2
|
|-heal|p2a: Corviknight|83/100|[from] item: Leftovers
|-damage|p1a: Excadrill|64/100 tox|[from] psn
|upkeep
|turn|6
|
|t:|1779863923
|switch|p1a: Chandelure|Chandelure, M|100/100
|move|p2a: Corviknight|Iron Defense|p2a: Corviknight
|-boost|p2a: Corviknight|def|2
|
|-heal|p2a: Corviknight|90/100|[from] item: Leftovers
|upkeep
|turn|7
|
|t:|1779863944
|move|p1a: Chandelure|Shadow Ball|p2a: Corviknight
|-damage|p2a: Corviknight|46/100
|move|p2a: Corviknight|Defog|p1a: Chandelure
|-unboost|p1a: Chandelure|evasion|1
|-sideend|p2: BulbasaurLeaves|Sticky Web|[from] move: Defog|[of] p2a: Corviknight
|
|-heal|p2a: Corviknight|52/100|[from] item: Leftovers
|upkeep
|turn|8
|
|t:|1779863961
|switch|p2a: Moltres|Moltres-Galar|100/100
|move|p1a: Chandelure|Shadow Ball|p2a: Moltres
|-resisted|p2a: Moltres
|-damage|p2a: Moltres|80/100
|
|upkeep
|turn|9
|
|t:|1779863972
|switch|p1a: Hydreigon|Hydreigon, F|100/100
|move|p2a: Moltres|Fiery Wrath|p1a: Hydreigon
|-resisted|p1a: Hydreigon
|-damage|p1a: Hydreigon|74/100
|
|-heal|p1a: Hydreigon|80/100|[from] item: Leftovers
|upkeep
|turn|10
|
|t:|1779863981
|move|p1a: Hydreigon|Substitute|p1a: Hydreigon
|-start|p1a: Hydreigon|Substitute
|-damage|p1a: Hydreigon|56/100
|move|p2a: Moltres|Hurricane|p1a: Hydreigon
|-end|p1a: Hydreigon|Substitute
|
|-heal|p1a: Hydreigon|62/100|[from] item: Leftovers
|upkeep
|turn|11
|
|t:|1779863990
|move|p1a: Hydreigon|Draco Meteor|p2a: Moltres
|-damage|p2a: Moltres|23/100
|-unboost|p1a: Hydreigon|spa|2
|-ability|p2a: Moltres|Berserk|boost
|-boost|p2a: Moltres|spa|1
|move|p2a: Moltres|Hurricane|p1a: Hydreigon
|-damage|p1a: Hydreigon|0 fnt
|faint|p1a: Hydreigon
|
|upkeep
|
|t:|1779864009
|switch|p1a: Chandelure|Chandelure, M|100/100
|turn|12
|
|t:|1779864021
|move|p1a: Chandelure|Fire Blast|p2a: Moltres|[miss]
|-miss|p1a: Chandelure|p2a: Moltres
|move|p2a: Moltres|Fiery Wrath|p1a: Chandelure
|-supereffective|p1a: Chandelure
|-damage|p1a: Chandelure|0 fnt
|faint|p1a: Chandelure
|
|upkeep
|
|t:|1779864037
|switch|p1a: Braviary|Braviary, M|100/100
|turn|13
|
|t:|1779864041
|move|p2a: Moltres|Ancient Power|p1a: Braviary
|-supereffective|p1a: Braviary
|-damage|p1a: Braviary|27/100
|move|p1a: Braviary|Sky Attack||[still]
|-prepare|p1a: Braviary|Sky Attack
|-enditem|p1a: Braviary|Power Herb
|-anim|p1a: Braviary|Sky Attack|p2a: Moltres
|-damage|p2a: Moltres|0 fnt
|faint|p2a: Moltres
|
|upkeep
|
|t:|1779864050
|switch|p2a: Glimmora|Glimmora, M|90/100
|turn|14
|
|t:|1779864067
|move|p2a: Glimmora|Power Gem|p1a: Braviary
|-supereffective|p1a: Braviary
|-damage|p1a: Braviary|0 fnt
|faint|p1a: Braviary
|
|upkeep
|
|t:|1779864069
|switch|p1a: Excadrill|Excadrill, F|64/100 tox
|-ability|p1a: Excadrill|Mold Breaker
|-item|p1a: Excadrill|Air Balloon
|turn|15
|
|t:|1779864086
|switch|p2a: Serperior|Serperior, M|100/100
|move|p1a: Excadrill|Earthquake|p2a: Serperior
|-resisted|p2a: Serperior
|-damage|p2a: Serperior|68/100
|
|-damage|p1a: Excadrill|58/100 tox|[from] psn
|upkeep
|turn|16
|
|t:|1779864094
|move|p2a: Serperior|Leaf Storm|p1a: Excadrill
|-damage|p1a: Excadrill|0 fnt
|-boost|p2a: Serperior|spa|2
|-enditem|p1a: Excadrill|Air Balloon
|faint|p1a: Excadrill
|
|upkeep
|
|t:|1779864100
|switch|p1a: Amoonguss|Amoonguss, M|100/100
|turn|17
|
|t:|1779864105
|move|p2a: Serperior|Synthesis|p2a: Serperior
|-heal|p2a: Serperior|100/100
|move|p1a: Amoonguss|Sludge Bomb|p2a: Serperior
|-supereffective|p2a: Serperior
|-damage|p2a: Serperior|36/100
|
|upkeep
|turn|18
|
|t:|1779864122
|move|p2a: Serperior|Leaf Storm|p1a: Amoonguss
|-resisted|p1a: Amoonguss
|-damage|p1a: Amoonguss|77/100
|-boost|p2a: Serperior|spa|2
|move|p1a: Amoonguss|Sludge Bomb|p2a: Serperior
|-supereffective|p2a: Serperior
|-damage|p2a: Serperior|0 fnt
|faint|p2a: Serperior
|
|-heal|p1a: Amoonguss|83/100|[from] item: Leftovers
|upkeep
|
|t:|1779864133
|switch|p2a: Glimmora|Glimmora, M|90/100
|turn|19
|-message|24iomxx forfeited.
|
|win|BulbasaurLeaves
|raw|24iomxx's rating: 1094 &rarr; <strong>1075</strong><br />(-19 for losing)
|raw|BulbasaurLeaves's rating: 1169 &rarr; <strong>1189</strong><br />(+20 for winning)
|l|☆24iomxx
|player|p1|
|l|☆BulbasaurLeaves
|player|p2|
