|badge|p2|bronze|gen9ou|100-9
|uhtml|medal-msg|<div class="broadcast-blue">Curious what those medals under the avatar are? PS now has Ladder Seasons! For more information, check out the <a href="https://www.smogon.com/forums/threads/3740067/">thread on Smogon.</a></div>
|j|☆IFreakingluvStall
|j|☆diamonds cuttin
|t:|1779932528
|gametype|singles
|player|p1|IFreakingluvStall|wattson|1666
|player|p2|diamonds cuttin|picnicker|1817
|gen|9
|tier|[Gen 9] OU
|rated|
|rule|HP Percentage Mod: HP is shown in percentages
|rule|Endless Battle Clause: Forcing endless battles is banned
|rule|Species Clause: Limit one of each Pokémon
|rule|OHKO Clause: OHKO moves are banned
|rule|Evasion Items Clause: Evasion items are banned
|rule|Evasion Moves Clause: Evasion moves are banned
|rule|Evasion Abilities Clause: Evasion abilities are banned
|rule|Sleep Moves Clause: Sleep-inducing moves are banned
|clearpoke
|poke|p1|Dondozo, M|
|poke|p1|Blissey, F|
|poke|p1|Corviknight, M|
|poke|p1|Weezing-Galar, F|
|poke|p1|Gliscor, M|
|poke|p1|Alomomola, M|
|poke|p2|Iron Valiant|
|poke|p2|Hydrapple, F|
|poke|p2|Cinderace, F|
|poke|p2|Tornadus-Therian, M|
|poke|p2|Alomomola, F|
|poke|p2|Iron Treads|
|teampreview
|inactive|Battle timer is ON: inactive players will automatically lose when time's up. (requested by IFreakingluvStall)
|
|t:|1779932554
|teamsize|p1|6
|teamsize|p2|6
|start
|switch|p1a: Alomomola|Alomomola, M|100/100
|switch|p2a: Tornadus|Tornadus-Therian, M|100/100
|turn|1
|
|t:|1779932565
|switch|p2a: Hydrapple|Hydrapple, F|100/100
|move|p1a: Alomomola|Flip Turn|p2a: Hydrapple
|-resisted|p2a: Hydrapple
|-damage|p2a: Hydrapple|98/100
|-damage|p1a: Alomomola|84/100|[from] item: Rocky Helmet|[of] p2a: Hydrapple
|
|t:|1779932570
|switch|p1a: Blissey|Blissey, F|100/100|[from] Flip Turn
|
|upkeep
|turn|2
|
|t:|1779932575
|switch|p2a: Iron Treads|Iron Treads, shiny|100/100
|move|p1a: Blissey|Thunder Wave|p2a: Iron Treads
|-immune|p2a: Iron Treads
|
|upkeep
|turn|3
|
|t:|1779932581
|switch|p1a: Alomomola|Alomomola, M|100/100
|move|p2a: Iron Treads|Knock Off|p1a: Alomomola
|-damage|p1a: Alomomola|88/100
|-enditem|p1a: Alomomola|Heavy-Duty Boots|[from] move: Knock Off|[of] p2a: Iron Treads
|
|upkeep
|turn|4
|
|t:|1779932595
|-end|p2a: Iron Treads|Quark Drive|[silent]
|switch|p2a: Hydrapple|Hydrapple, F|100/100
|move|p1a: Alomomola|Scald|p2a: Hydrapple
|-resisted|p2a: Hydrapple
|-damage|p2a: Hydrapple|97/100
|
|upkeep
|turn|5
|
|t:|1779932601
|switch|p1a: Blissey|Blissey, F|100/100
|move|p2a: Hydrapple|Nasty Plot|p2a: Hydrapple
|-boost|p2a: Hydrapple|spa|2
|
|upkeep
|turn|6
|
|t:|1779932605
|switch|p2a: Iron Treads|Iron Treads, shiny|100/100
|move|p1a: Blissey|Thunder Wave|p2a: Iron Treads
|-immune|p2a: Iron Treads
|
|upkeep
|turn|7
|
|t:|1779932609
|switch|p1a: Alomomola|Alomomola, M|100/100
|move|p2a: Iron Treads|Stealth Rock|p1a: Alomomola
|-sidestart|p1: IFreakingluvStall|move: Stealth Rock
|
|upkeep
|turn|8
|
|t:|1779932618
|-end|p2a: Iron Treads|Quark Drive|[silent]
|switch|p2a: Tornadus|Tornadus-Therian, M|100/100
|move|p1a: Alomomola|Flip Turn|p2a: Tornadus
|-damage|p2a: Tornadus|78/100
|
|t:|1779932624
|switch|p1a: Corviknight|Corviknight, M|100/100|[from] Flip Turn
|-damage|p1a: Corviknight|88/100|[from] Stealth Rock
|-ability|p1a: Corviknight|Pressure
|
|-heal|p1a: Corviknight|94/100|[from] item: Leftovers
|upkeep
|turn|9
|
|t:|1779932630
|switch|p1a: Alomomola|Alomomola, M|100/100
|-damage|p1a: Alomomola|88/100|[from] Stealth Rock
|move|p2a: Tornadus|Heat Wave|p1a: Alomomola
|-resisted|p1a: Alomomola
|-damage|p1a: Alomomola|62/100
|-status|p1a: Alomomola|brn
|
|-damage|p1a: Alomomola|56/100 brn|[from] brn
|upkeep
|turn|10
|
|t:|1779932653
|switch|p2a: Hydrapple|Hydrapple, F|100/100
|switch|p1a: Gliscor|Gliscor, M|100/100
|-damage|p1a: Gliscor|88/100|[from] Stealth Rock
|
|-status|p1a: Gliscor|tox|[from] item: Toxic Orb
|upkeep
|turn|11
|
|t:|1779932672
|move|p1a: Gliscor|Toxic|p2a: Hydrapple
|-status|p2a: Hydrapple|tox
|move|p2a: Hydrapple|Nasty Plot|p2a: Hydrapple
|-boost|p2a: Hydrapple|spa|2
|
|-heal|p1a: Gliscor|100/100 tox|[from] ability: Poison Heal
|-damage|p2a: Hydrapple|94/100 tox|[from] psn
|upkeep
|turn|12
|
|t:|1779932682
|move|p1a: Gliscor|Stealth Rock|p2a: Hydrapple
|-sidestart|p2: diamonds cuttin|move: Stealth Rock
|move|p2a: Hydrapple|Nasty Plot|p2a: Hydrapple
|-boost|p2a: Hydrapple|spa|2
|
|-damage|p2a: Hydrapple|82/100 tox|[from] psn
|upkeep
|turn|13
|
|t:|1779932686
|move|p1a: Gliscor|Protect|p1a: Gliscor
|-singleturn|p1a: Gliscor|Protect
|move|p2a: Hydrapple|Giga Drain|p1a: Gliscor
|-activate|p1a: Gliscor|move: Protect
|
|-damage|p2a: Hydrapple|64/100 tox|[from] psn
|upkeep
|turn|14
|
|t:|1779932691
|switch|p1a: Corviknight|Corviknight, M|94/100
|-damage|p1a: Corviknight|82/100|[from] Stealth Rock
|-ability|p1a: Corviknight|Pressure
|move|p2a: Hydrapple|Giga Drain|p1a: Corviknight
|-resisted|p1a: Corviknight
|-damage|p1a: Corviknight|59/100
|-heal|p2a: Hydrapple|75/100 tox|[from] drain|[of] p1a: Corviknight
|
|-heal|p1a: Corviknight|66/100|[from] item: Leftovers
|-damage|p2a: Hydrapple|51/100 tox|[from] psn
|upkeep
|turn|15
|
|t:|1779932701
|move|p1a: Corviknight|Roost|p1a: Corviknight
|-heal|p1a: Corviknight|100/100
|-singleturn|p1a: Corviknight|move: Roost
|move|p2a: Hydrapple|Draco Meteor|p1a: Corviknight
|-resisted|p1a: Corviknight
|-damage|p1a: Corviknight|29/100
|-unboost|p2a: Hydrapple|spa|2
|
|-heal|p1a: Corviknight|35/100|[from] item: Leftovers
|-damage|p2a: Hydrapple|21/100 tox|[from] psn
|upkeep
|turn|16
|
|t:|1779932711
|switch|p2a: Cinderace|Cinderace, F|100/100
|move|p1a: Corviknight|Roost|p1a: Corviknight
|-heal|p1a: Corviknight|85/100
|-singleturn|p1a: Corviknight|move: Roost
|
|-heal|p1a: Corviknight|92/100|[from] item: Leftovers
|upkeep
|turn|17
|
|t:|1779932717
|switch|p1a: Alomomola|Alomomola, M|90/100 brn
|-damage|p1a: Alomomola|77/100 brn|[from] Stealth Rock
|move|p2a: Cinderace|U-turn|p1a: Alomomola
|-start|p2a: Cinderace|typechange|Bug|[from] ability: Libero
|-damage|p1a: Alomomola|59/100 brn
|
|t:|1779932726
|switch|p2a: Hydrapple|Hydrapple, F|54/100 tox|[from] U-turn
|-damage|p2a: Hydrapple|42/100 tox|[from] Stealth Rock
|
|-damage|p2a: Hydrapple|36/100 tox|[from] psn
|-damage|p1a: Alomomola|53/100 brn|[from] brn
|upkeep
|turn|18
|
|t:|1779932731
|switch|p2a: Alomomola|Alomomola, F|100/100
|-damage|p2a: Alomomola|88/100|[from] Stealth Rock
|switch|p1a: Blissey|Blissey, F|100/100
|-damage|p1a: Blissey|88/100|[from] Stealth Rock
|
|upkeep
|turn|19
|
|t:|1779932735
|switch|p1a: Alomomola|Alomomola, M|86/100 brn
|-damage|p1a: Alomomola|74/100 brn|[from] Stealth Rock
|switch|p2a: Iron Treads|Iron Treads, shiny|100/100
|-damage|p2a: Iron Treads|97/100|[from] Stealth Rock
|
|-heal|p2a: Iron Treads|100/100|[from] item: Leftovers
|-damage|p1a: Alomomola|68/100 brn|[from] brn
|upkeep
|turn|20
|
|t:|1779932741
|-end|p2a: Iron Treads|Quark Drive|[silent]
|switch|p2a: Hydrapple|Hydrapple, F|69/100 tox
|-damage|p2a: Hydrapple|57/100 tox|[from] Stealth Rock
|move|p1a: Alomomola|Scald|p2a: Hydrapple
|-resisted|p2a: Hydrapple
|-damage|p2a: Hydrapple|54/100 tox
|
|-damage|p2a: Hydrapple|48/100 tox|[from] psn
|-damage|p1a: Alomomola|62/100 brn|[from] brn
|upkeep
|turn|21
|
|t:|1779932747
|switch|p1a: Blissey|Blissey, F|88/100
|-damage|p1a: Blissey|76/100|[from] Stealth Rock
|move|p2a: Hydrapple|Giga Drain|p1a: Blissey
|-damage|p1a: Blissey|66/100
|-heal|p2a: Hydrapple|56/100 tox|[from] drain|[of] p1a: Blissey
|
|-damage|p2a: Hydrapple|44/100 tox|[from] psn
|upkeep
|turn|22
|
|t:|1779932752
|switch|p2a: Iron Treads|Iron Treads, shiny|100/100
|-damage|p2a: Iron Treads|97/100|[from] Stealth Rock
|move|p1a: Blissey|Thunder Wave|p2a: Iron Treads
|-immune|p2a: Iron Treads
|
|-heal|p2a: Iron Treads|100/100|[from] item: Leftovers
|upkeep
|turn|23
|
|t:|1779932757
|switch|p1a: Corviknight|Corviknight, M|92/100
|-damage|p1a: Corviknight|79/100|[from] Stealth Rock
|-ability|p1a: Corviknight|Pressure
|move|p2a: Iron Treads|Rapid Spin|p1a: Corviknight
|-resisted|p1a: Corviknight
|-damage|p1a: Corviknight|75/100
|-boost|p2a: Iron Treads|spe|1
|-sideend|p2: diamonds cuttin|Stealth Rock|[from] move: Rapid Spin|[of] p2a: Iron Treads
|
|-heal|p1a: Corviknight|81/100|[from] item: Leftovers
|upkeep
|turn|24
|
|t:|1779932763
|move|p2a: Iron Treads|Knock Off|p1a: Corviknight
|-damage|p1a: Corviknight|67/100
|-enditem|p1a: Corviknight|Leftovers|[from] move: Knock Off|[of] p2a: Iron Treads
|move|p1a: Corviknight|Defog|p2a: Iron Treads
|-unboost|p2a: Iron Treads|evasion|1
|-sideend|p1: IFreakingluvStall|Stealth Rock|[from] move: Defog|[of] p1a: Corviknight
|
|upkeep
|turn|25
|
|t:|1779932768
|-end|p2a: Iron Treads|Quark Drive|[silent]
|switch|p2a: Tornadus|Tornadus-Therian, M|100/100
|move|p1a: Corviknight|Body Press|p2a: Tornadus
|-resisted|p2a: Tornadus
|-damage|p2a: Tornadus|81/100
|
|upkeep
|turn|26
|
|t:|1779932774
|switch|p1a: Gliscor|Gliscor, M|100/100 tox
|move|p2a: Tornadus|Focus Blast|p1a: Gliscor|[miss]
|-miss|p2a: Tornadus|p1a: Gliscor
|
|upkeep
|turn|27
|
|t:|1779932781
|switch|p2a: Hydrapple|Hydrapple, F|77/100 tox
|move|p1a: Gliscor|Stealth Rock|p2a: Hydrapple
|-sidestart|p2: diamonds cuttin|move: Stealth Rock
|
|-damage|p2a: Hydrapple|71/100 tox|[from] psn
|upkeep
|turn|28
|
|t:|1779932785
|move|p1a: Gliscor|Knock Off|p2a: Hydrapple
|-damage|p2a: Hydrapple|59/100 tox
|-damage|p1a: Gliscor|84/100 tox|[from] item: Rocky Helmet|[of] p2a: Hydrapple
|-enditem|p2a: Hydrapple|Rocky Helmet|[from] move: Knock Off|[of] p1a: Gliscor
|move|p2a: Hydrapple|Giga Drain|p1a: Gliscor
|-damage|p1a: Gliscor|60/100 tox
|-heal|p2a: Hydrapple|70/100 tox|[from] drain|[of] p1a: Gliscor
|
|-heal|p1a: Gliscor|72/100 tox|[from] ability: Poison Heal
|-damage|p2a: Hydrapple|58/100 tox|[from] psn
|upkeep
|turn|29
|
|t:|1779932792
|switch|p1a: Corviknight|Corviknight, M|67/100
|-ability|p1a: Corviknight|Pressure
|switch|p2a: Alomomola|Alomomola, F|100/100
|-damage|p2a: Alomomola|88/100|[from] Stealth Rock
|
|upkeep
|turn|30
|
|t:|1779932808
|switch|p1a: Gliscor|Gliscor, M|72/100 tox
|move|p2a: Alomomola|Scald|p1a: Gliscor
|-supereffective|p1a: Gliscor
|-damage|p1a: Gliscor|50/100 tox
|
|-heal|p1a: Gliscor|62/100 tox|[from] ability: Poison Heal
|upkeep
|turn|31
|
|t:|1779932815
|switch|p2a: Hydrapple|Hydrapple, F|91/100 tox
|-damage|p2a: Hydrapple|79/100 tox|[from] Stealth Rock
|move|p1a: Gliscor|Protect||[still]
|-fail|p1a: Gliscor
|
|-heal|p1a: Gliscor|75/100 tox|[from] ability: Poison Heal
|-damage|p2a: Hydrapple|73/100 tox|[from] psn
|upkeep
|turn|32
|
|t:|1779932826
|switch|p1a: Weezing|Weezing-Galar, F|100/100
|-ability|p1a: Weezing|Neutralizing Gas
|move|p2a: Hydrapple|Draco Meteor|p1a: Weezing
|-immune|p1a: Weezing
|
|-damage|p2a: Hydrapple|60/100 tox|[from] psn
|upkeep
|turn|33
|
|t:|1779932832
|switch|p2a: Alomomola|Alomomola, F|100/100
|-damage|p2a: Alomomola|88/100|[from] Stealth Rock
|move|p1a: Weezing|Will-O-Wisp|p2a: Alomomola
|-status|p2a: Alomomola|brn
|
|-damage|p2a: Alomomola|82/100 brn|[from] brn
|upkeep
|turn|34
|
|t:|1779932839
|-end|p1a: Weezing|ability: Neutralizing Gas
|switch|p1a: Alomomola|Alomomola, M|95/100 brn
|move|p2a: Alomomola|Mirror Coat||[still]
|-fail|p2a: Alomomola
|
|-damage|p1a: Alomomola|89/100 brn|[from] brn
|-damage|p2a: Alomomola|76/100 brn|[from] brn
|upkeep
|turn|35
|
|t:|1779932848
|move|p2a: Alomomola|Flip Turn|p1a: Alomomola
|-resisted|p1a: Alomomola
|-damage|p1a: Alomomola|87/100 brn
|
|t:|1779932853
|switch|p2a: Tornadus|Tornadus-Therian, M|100/100|[from] Flip Turn
|-damage|p2a: Tornadus|76/100|[from] Stealth Rock
|move|p1a: Alomomola|Wish|p1a: Alomomola
|
|-damage|p1a: Alomomola|80/100 brn|[from] brn
|upkeep
|turn|36
|
|t:|1779932860
|switch|p1a: Gliscor|Gliscor, M|75/100 tox
|move|p2a: Tornadus|Bleakwind Storm|p1a: Gliscor|[miss]
|-miss|p2a: Tornadus|p1a: Gliscor
|
|-heal|p1a: Gliscor|100/100 tox|[from] move: Wish|[wisher] Alomomola
|upkeep
|turn|37
|
|t:|1779932866
|switch|p2a: Alomomola|Alomomola, F|100/100 brn
|-damage|p2a: Alomomola|88/100 brn|[from] Stealth Rock
|move|p1a: Gliscor|Toxic||[still]
|-fail|p1a: Gliscor
|
|-damage|p2a: Alomomola|82/100 brn|[from] brn
|upkeep
|turn|38
|
|t:|1779932873
|switch|p1a: Alomomola|Alomomola, M|100/100 brn
|switch|p2a: Hydrapple|Hydrapple, F|60/100 tox
|-damage|p2a: Hydrapple|48/100 tox|[from] Stealth Rock
|
|-damage|p2a: Hydrapple|42/100 tox|[from] psn
|-damage|p1a: Alomomola|94/100 brn|[from] brn
|upkeep
|turn|39
|
|t:|1779932879
|switch|p2a: Alomomola|Alomomola, F|100/100 brn
|-damage|p2a: Alomomola|88/100 brn|[from] Stealth Rock
|switch|p1a: Blissey|Blissey, F|66/100
|
|-damage|p2a: Alomomola|82/100 brn|[from] brn
|upkeep
|turn|40
|
|t:|1779932883
|switch|p2a: Iron Treads|Iron Treads, shiny|100/100
|-damage|p2a: Iron Treads|97/100|[from] Stealth Rock
|move|p1a: Blissey|Soft-Boiled|p1a: Blissey
|-heal|p1a: Blissey|100/100
|
|-heal|p2a: Iron Treads|100/100|[from] item: Leftovers
|upkeep
|turn|41
|
|t:|1779932895
|switch|p1a: Alomomola|Alomomola, M|100/100 brn
|move|p2a: Iron Treads|Stealth Rock|p1a: Alomomola
|-sidestart|p1: IFreakingluvStall|move: Stealth Rock
|
|-damage|p1a: Alomomola|94/100 brn|[from] brn
|upkeep
|turn|42
|
|t:|1779932901
|-end|p2a: Iron Treads|Quark Drive|[silent]
|switch|p2a: Alomomola|Alomomola, F|100/100 brn
|-damage|p2a: Alomomola|88/100 brn|[from] Stealth Rock
|move|p1a: Alomomola|Flip Turn|p2a: Alomomola
|-resisted|p2a: Alomomola
|-damage|p2a: Alomomola|86/100 brn
|
|t:|1779932909
|switch|p1a: Weezing|Weezing-Galar, F|100/100|[from] Flip Turn
|-ability|p1a: Weezing|Neutralizing Gas
|
|-damage|p2a: Alomomola|79/100 brn|[from] brn
|upkeep
|turn|43
|
|t:|1779932916
|-end|p1a: Weezing|ability: Neutralizing Gas
|switch|p1a: Alomomola|Alomomola, M|100/100 brn
|-damage|p1a: Alomomola|88/100 brn|[from] Stealth Rock
|move|p2a: Alomomola|Mirror Coat||[still]
|-fail|p2a: Alomomola
|
|-damage|p1a: Alomomola|82/100 brn|[from] brn
|-damage|p2a: Alomomola|73/100 brn|[from] brn
|upkeep
|turn|44
|
|t:|1779932925
|move|p1a: Alomomola|Scald|p2a: Alomomola
|-resisted|p2a: Alomomola
|-damage|p2a: Alomomola|69/100 brn
|move|p2a: Alomomola|Flip Turn|p1a: Alomomola
|-resisted|p1a: Alomomola
|-damage|p1a: Alomomola|80/100 brn
|j| maximilk
|
|t:|1779932934
|switch|p2a: Tornadus|Tornadus-Therian, M|100/100|[from] Flip Turn
|-damage|p2a: Tornadus|76/100|[from] Stealth Rock
|
|-damage|p1a: Alomomola|74/100 brn|[from] brn
|upkeep
|turn|45
|
|t:|1779932939
|switch|p1a: Gliscor|Gliscor, M|100/100 tox
|-damage|p1a: Gliscor|88/100 tox|[from] Stealth Rock
|move|p2a: Tornadus|Bleakwind Storm|p1a: Gliscor
|-damage|p1a: Gliscor|25/100 tox
|
|-heal|p1a: Gliscor|38/100 tox|[from] ability: Poison Heal
|upkeep
|turn|46
|
|t:|1779932952
|move|p1a: Gliscor|Protect|p1a: Gliscor
|-singleturn|p1a: Gliscor|Protect
|move|p2a: Tornadus|Bleakwind Storm|p1a: Gliscor
|-activate|p1a: Gliscor|move: Protect
|
|-heal|p1a: Gliscor|50/100 tox|[from] ability: Poison Heal
|upkeep
|turn|47
|
|t:|1779932964
|switch|p1a: Corviknight|Corviknight, M|67/100
|-damage|p1a: Corviknight|54/100|[from] Stealth Rock
|-ability|p1a: Corviknight|Pressure
|move|p2a: Tornadus|Bleakwind Storm|p1a: Corviknight
|-resisted|p1a: Corviknight
|-damage|p1a: Corviknight|23/100
|-unboost|p1a: Corviknight|spe|1
|
|upkeep
|turn|48
|j| FaronAan
|
|t:|1779932974
|switch|p1a: Blissey|Blissey, F|100/100
|-damage|p1a: Blissey|88/100|[from] Stealth Rock
|move|p2a: Tornadus|Bleakwind Storm|p1a: Blissey
|-damage|p1a: Blissey|69/100
|
|upkeep
|turn|49
|
|t:|1779932983
|switch|p2a: Iron Treads|Iron Treads, shiny|100/100
|-damage|p2a: Iron Treads|97/100|[from] Stealth Rock
|move|p1a: Blissey|Thunder Wave|p2a: Iron Treads
|-immune|p2a: Iron Treads
|
|-heal|p2a: Iron Treads|100/100|[from] item: Leftovers
|upkeep
|turn|50
|
|t:|1779932992
|switch|p1a: Alomomola|Alomomola, M|100/100 brn
|-damage|p1a: Alomomola|88/100 brn|[from] Stealth Rock
|move|p2a: Iron Treads|Rapid Spin|p1a: Alomomola
|-damage|p1a: Alomomola|81/100 brn
|-boost|p2a: Iron Treads|spe|1
|-sideend|p2: diamonds cuttin|Stealth Rock|[from] move: Rapid Spin|[of] p2a: Iron Treads
|
|-damage|p1a: Alomomola|75/100 brn|[from] brn
|upkeep
|turn|51
|
|t:|1779933002
|-end|p2a: Iron Treads|Quark Drive|[silent]
|switch|p2a: Tornadus|Tornadus-Therian, M|100/100
|move|p1a: Alomomola|Wish|p1a: Alomomola
|
|-damage|p1a: Alomomola|69/100 brn|[from] brn
|upkeep
|turn|52
|
|t:|1779933008
|move|p1a: Alomomola|Protect|p1a: Alomomola
|-singleturn|p1a: Alomomola|Protect
|move|p2a: Tornadus|Bleakwind Storm|p1a: Alomomola
|-activate|p1a: Alomomola|move: Protect
|
|-heal|p1a: Alomomola|100/100 brn|[from] move: Wish|[wisher] Alomomola
|-damage|p1a: Alomomola|94/100 brn|[from] brn
|upkeep
|turn|53
|
|t:|1779933017
|switch|p1a: Blissey|Blissey, F|69/100
|-damage|p1a: Blissey|56/100|[from] Stealth Rock
|move|p2a: Tornadus|Bleakwind Storm|p1a: Blissey|[miss]
|-miss|p2a: Tornadus|p1a: Blissey
|
|upkeep
|turn|54
|
|t:|1779933026
|switch|p2a: Hydrapple|Hydrapple, F|75/100 tox
|move|p1a: Blissey|Soft-Boiled|p1a: Blissey
|-heal|p1a: Blissey|100/100
|
|-damage|p2a: Hydrapple|69/100 tox|[from] psn
|upkeep
|turn|55
|
|t:|1779933035
|switch|p1a: Weezing|Weezing-Galar, F|100/100
|-ability|p1a: Weezing|Neutralizing Gas
|switch|p2a: Iron Treads|Iron Treads, shiny|100/100
|
|upkeep
|turn|56
|
|t:|1779933045
|-end|p2a: Iron Treads|Quark Drive|[silent]
|switch|p2a: Alomomola|Alomomola, F|100/100 brn
|-end|p1a: Weezing|ability: Neutralizing Gas
|switch|p1a: Alomomola|Alomomola, M|100/100 brn
|-damage|p1a: Alomomola|88/100 brn|[from] Stealth Rock
|
|-damage|p1a: Alomomola|82/100 brn|[from] brn
|-damage|p2a: Alomomola|94/100 brn|[from] brn
|upkeep
|turn|57
|
|t:|1779933049
|move|p1a: Alomomola|Wish|p1a: Alomomola
|move|p2a: Alomomola|Flip Turn|p1a: Alomomola
|-resisted|p1a: Alomomola
|-damage|p1a: Alomomola|80/100 brn
|
|t:|1779933052
|switch|p2a: Iron Valiant|Iron Valiant, shiny|100/100|[from] Flip Turn
|
|-damage|p1a: Alomomola|74/100 brn|[from] brn
|upkeep
|turn|58
|
|t:|1779933064
|move|p1a: Alomomola|Protect|p1a: Alomomola
|-singleturn|p1a: Alomomola|Protect
|move|p2a: Iron Valiant|Moonblast|p1a: Alomomola
|-activate|p1a: Alomomola|move: Protect
|
|-heal|p1a: Alomomola|100/100 brn|[from] move: Wish|[wisher] Alomomola
|-damage|p1a: Alomomola|94/100 brn|[from] brn
|upkeep
|turn|59
|
|t:|1779933074
|switch|p1a: Weezing|Weezing-Galar, F|100/100
|-ability|p1a: Weezing|Neutralizing Gas
|-terastallize|p2a: Iron Valiant|Fairy
|move|p2a: Iron Valiant|Moonblast|p1a: Weezing
|-resisted|p1a: Weezing
|-damage|p1a: Weezing|37/100
|
|upkeep
|turn|60
|
|t:|1779933090
|-end|p1a: Weezing|ability: Neutralizing Gas
|switch|p1a: Blissey|Blissey, F|100/100
|-damage|p1a: Blissey|88/100|[from] Stealth Rock
|move|p2a: Iron Valiant|Moonblast|p1a: Blissey
|-damage|p1a: Blissey|61/100
|
|upkeep
|turn|61
|
|t:|1779933098
|-end|p2a: Iron Valiant|Quark Drive|[silent]
|switch|p2a: Iron Treads|Iron Treads, shiny|100/100
|move|p1a: Blissey|Soft-Boiled|p1a: Blissey
|-heal|p1a: Blissey|100/100
|
|upkeep
|turn|62
|
|t:|1779933102
|switch|p1a: Alomomola|Alomomola, M|100/100 brn
|-damage|p1a: Alomomola|88/100 brn|[from] Stealth Rock
|move|p2a: Iron Treads|Knock Off|p1a: Alomomola
|-damage|p1a: Alomomola|80/100 brn
|
|-damage|p1a: Alomomola|73/100 brn|[from] brn
|upkeep
|turn|63
|l| FaronAan
|
|t:|1779933108
|-end|p2a: Iron Treads|Quark Drive|[silent]
|switch|p2a: Tornadus|Tornadus-Therian, M|100/100
|move|p1a: Alomomola|Wish|p1a: Alomomola
|
|-damage|p1a: Alomomola|67/100 brn|[from] brn
|upkeep
|turn|64
|j| FaronAan
|l| FaronAan
|
|t:|1779933115
|move|p1a: Alomomola|Protect|p1a: Alomomola
|-singleturn|p1a: Alomomola|Protect
|move|p2a: Tornadus|Bleakwind Storm|p1a: Alomomola
|-activate|p1a: Alomomola|move: Protect
|
|-heal|p1a: Alomomola|100/100 brn|[from] move: Wish|[wisher] Alomomola
|-damage|p1a: Alomomola|94/100 brn|[from] brn
|upkeep
|turn|65
|
|t:|1779933122
|switch|p1a: Blissey|Blissey, F|100/100
|-damage|p1a: Blissey|88/100|[from] Stealth Rock
|move|p2a: Tornadus|Bleakwind Storm|p1a: Blissey
|-damage|p1a: Blissey|66/100
|
|upkeep
|turn|66
|
|t:|1779933131
|switch|p1a: Alomomola|Alomomola, M|100/100 brn
|-damage|p1a: Alomomola|88/100 brn|[from] Stealth Rock
|move|p2a: Tornadus|Bleakwind Storm|p1a: Alomomola|[miss]
|-miss|p2a: Tornadus|p1a: Alomomola
|
|-damage|p1a: Alomomola|82/100 brn|[from] brn
|upkeep
|turn|67
|
|t:|1779933139
|switch|p2a: Iron Valiant|Iron Valiant, shiny, tera:Fairy|100/100
|switch|p1a: Blissey|Blissey, F|66/100
|-damage|p1a: Blissey|54/100|[from] Stealth Rock
|
|upkeep
|turn|68
|
|t:|1779933147
|move|p2a: Iron Valiant|Focus Blast|p1a: Blissey|[miss]
|-miss|p2a: Iron Valiant|p1a: Blissey
|move|p1a: Blissey|Soft-Boiled|p1a: Blissey
|-heal|p1a: Blissey|100/100
|
|upkeep
|turn|69
|
|t:|1779933151
|move|p2a: Iron Valiant|Focus Blast|p1a: Blissey
|-supereffective|p1a: Blissey
|-damage|p1a: Blissey|51/100
|move|p1a: Blissey|Thunder Wave|p2a: Iron Valiant
|-status|p2a: Iron Valiant|par
|
|upkeep
|turn|70
|inactive|IFreakingluvStall has 120 seconds left.
|inactive|IFreakingluvStall has 90 seconds left.
|
|t:|1779933213
|-end|p2a: Iron Valiant|Quark Drive|[silent]
|switch|p2a: Tornadus|Tornadus-Therian, M|100/100
|switch|p1a: Dondozo|Dondozo, M, shiny|100/100
|-damage|p1a: Dondozo|88/100|[from] Stealth Rock
|
|-heal|p1a: Dondozo|94/100|[from] item: Leftovers
|upkeep
|turn|71
|
|t:|1779933223
|move|p2a: Tornadus|Bleakwind Storm|p1a: Dondozo|[miss]
|-miss|p2a: Tornadus|p1a: Dondozo
|move|p1a: Dondozo|Crunch|p2a: Tornadus
|-damage|p2a: Tornadus|74/100
|-unboost|p2a: Tornadus|def|1
|
|-heal|p1a: Dondozo|99/100|[from] item: Leftovers
|upkeep
|turn|72
|
|t:|1779933233
|switch|p1a: Blissey|Blissey, F|51/100
|-damage|p1a: Blissey|38/100|[from] Stealth Rock
|move|p2a: Tornadus|Bleakwind Storm|p1a: Blissey
|-damage|p1a: Blissey|19/100
|
|upkeep
|turn|73
|
|t:|1779933248
|move|p2a: Tornadus|Bleakwind Storm|p1a: Blissey
|-damage|p1a: Blissey|0 fnt
|faint|p1a: Blissey
|
|upkeep
|j| Seseby
|inactive|IFreakingluvStall has 90 seconds left.
|
|t:|1779933281
|switch|p1a: Alomomola|Alomomola, M|100/100 brn
|-damage|p1a: Alomomola|88/100 brn|[from] Stealth Rock
|turn|74
|
|t:|1779933286
|move|p1a: Alomomola|Protect|p1a: Alomomola
|-singleturn|p1a: Alomomola|Protect
|move|p2a: Tornadus|Bleakwind Storm|p1a: Alomomola
|-activate|p1a: Alomomola|move: Protect
|
|-damage|p1a: Alomomola|82/100 brn|[from] brn
|upkeep
|turn|75
|inactive|IFreakingluvStall has 90 seconds left.
|
|t:|1779933300
|switch|p1a: Dondozo|Dondozo, M, shiny|99/100
|-damage|p1a: Dondozo|88/100|[from] Stealth Rock
|move|p2a: Tornadus|Bleakwind Storm|p1a: Dondozo
|-damage|p1a: Dondozo|47/100
|
|-heal|p1a: Dondozo|53/100|[from] item: Leftovers
|upkeep
|turn|76
|inactive|IFreakingluvStall has 90 seconds left.
|
|t:|1779933316
|switch|p2a: Hydrapple|Hydrapple, F|69/100 tox
|switch|p1a: Alomomola|Alomomola, M|100/100 brn
|-damage|p1a: Alomomola|88/100 brn|[from] Stealth Rock
|
|-damage|p2a: Hydrapple|63/100 tox|[from] psn
|-damage|p1a: Alomomola|82/100 brn|[from] brn
|upkeep
|turn|77
|j| nesnot
|inactive|IFreakingluvStall has 90 seconds left.
|
|t:|1779933326
|switch|p2a: Iron Valiant|Iron Valiant, shiny, tera:Fairy|100/100 par
|-terastallize|p1a: Alomomola|Ghost
|move|p1a: Alomomola|Wish|p1a: Alomomola
|
|-damage|p1a: Alomomola|76/100 brn|[from] brn
|upkeep
|turn|78
|
|t:|1779933332
|move|p1a: Alomomola|Protect|p1a: Alomomola
|-singleturn|p1a: Alomomola|Protect
|move|p2a: Iron Valiant|Moonblast|p1a: Alomomola
|-activate|p1a: Alomomola|move: Protect
|
|-heal|p1a: Alomomola|100/100 brn|[from] move: Wish|[wisher] Alomomola
|-damage|p1a: Alomomola|94/100 brn|[from] brn
|upkeep
|turn|79
|inactive|IFreakingluvStall has 90 seconds left.
|
|t:|1779933348
|switch|p1a: Dondozo|Dondozo, M, shiny|53/100
|-damage|p1a: Dondozo|41/100|[from] Stealth Rock
|move|p2a: Iron Valiant|Moonblast|p1a: Dondozo
|-damage|p1a: Dondozo|0 fnt
|faint|p1a: Dondozo
|
|upkeep
|inactive|IFreakingluvStall has 90 seconds left.
|l| Seseby
|j| Seseby
|
|t:|1779933358
|switch|p1a: Gliscor|Gliscor, M|50/100 tox
|-damage|p1a: Gliscor|38/100 tox|[from] Stealth Rock
|turn|80
|l| nesnot
|
|t:|1779933372
|move|p1a: Gliscor|Protect|p1a: Gliscor
|-singleturn|p1a: Gliscor|Protect
|move|p2a: Iron Valiant|Moonblast|p1a: Gliscor
|-activate|p1a: Gliscor|move: Protect
|
|-heal|p1a: Gliscor|50/100 tox|[from] ability: Poison Heal
|upkeep
|turn|81
|c|☆IFreakingluvStall|gg
|j| nesnot
|-message|IFreakingluvStall forfeited.
|
|win|diamonds cuttin
|raw|IFreakingluvStall's rating: 1666 &rarr; <strong>1654</strong><br />(-12 for losing)
|raw|diamonds cuttin's rating: 1817 &rarr; <strong>1829</strong><br />(+12 for winning)
|l|☆IFreakingluvStall
|player|p1|
|l| nesnot
|l| maximilk
|j| nesnot
|l| nesnot
