|j|☆nico2097
|j|☆zmqz
|t:|1779953118
|gametype|singles
|player|p1|nico2097|hiker-gen4|1365
|player|p2|zmqz|preschooler|1415
|gen|9
|tier|[Gen 9] OU
|rated|
|rule|HP Percentage Mod: HP is shown in percentages
|rule|Endless Battle Clause: Forcing endless battles is banned
|rule|Species Clause: Limit one of each Pokémon
|rule|OHKO Clause: OHKO moves are banned
|rule|Evasion Items Clause: Evasion items are banned
|rule|Evasion Moves Clause: Evasion moves are banned
|rule|Evasion Abilities Clause: Evasion abilities are banned
|rule|Sleep Moves Clause: Sleep-inducing moves are banned
|clearpoke
|poke|p1|Gholdengo|
|poke|p1|Ogerpon-Wellspring, F|
|poke|p1|Iron Valiant|
|poke|p1|Kyurem|
|poke|p1|Grimmsnarl, M|
|poke|p1|Great Tusk|
|poke|p2|Great Tusk|
|poke|p2|Ogerpon-Cornerstone, F|
|poke|p2|Kyurem|
|poke|p2|Iron Moth|
|poke|p2|Pecharunt|
|poke|p2|Vikavolt, F|
|teampreview
|inactive|Battle timer is ON: inactive players will automatically lose when time's up. (requested by nico2097)
|
|t:|1779953130
|teamsize|p1|6
|teamsize|p2|6
|start
|switch|p1a: Gholdengo|Gholdengo|100/100
|switch|p2a: Vikavolt|Vikavolt, F|100/100
|turn|1
|
|t:|1779953134
|move|p1a: Gholdengo|Trick|p2a: Vikavolt
|-activate|p1a: Gholdengo|move: Trick|[of] p2a: Vikavolt
|-item|p2a: Vikavolt|Choice Scarf|[from] move: Trick
|-item|p1a: Gholdengo|Focus Sash|[from] move: Trick
|move|p2a: Vikavolt|Sticky Web|p1a: Gholdengo
|-sidestart|p1: nico2097|move: Sticky Web
|
|upkeep
|turn|2
|
|t:|1779953155
|switch|p2a: Pecharunt|Pecharunt|100/100
|move|p1a: Gholdengo|Shadow Ball|p2a: Pecharunt
|-supereffective|p2a: Pecharunt
|-damage|p2a: Pecharunt|16/100
|
|-heal|p2a: Pecharunt|22/100|[from] item: Leftovers
|upkeep
|turn|3
|
|t:|1779953169
|move|p2a: Pecharunt|Destiny Bond|p2a: Pecharunt
|-singlemove|p2a: Pecharunt|Destiny Bond
|move|p1a: Gholdengo|Shadow Ball|p2a: Pecharunt
|-supereffective|p2a: Pecharunt
|-damage|p2a: Pecharunt|0 fnt
|faint|p2a: Pecharunt
|-activate|p2a: Pecharunt|move: Destiny Bond
|faint|p1a: Gholdengo
|
|upkeep
|inactive|zmqz has 120 seconds left.
|
|t:|1779953193
|switch|p2a: Great Tusk|Great Tusk|100/100
|switch|p1a: Great Tusk|Great Tusk|100/100
|-activate|p1a: Great Tusk|move: Sticky Web
|-unboost|p1a: Great Tusk|spe|1
|turn|4
|inactive|zmqz has 120 seconds left.
|
|t:|1779953203
|move|p2a: Great Tusk|Ice Spinner|p1a: Great Tusk
|-supereffective|p1a: Great Tusk
|-damage|p1a: Great Tusk|71/100
|move|p1a: Great Tusk|Rapid Spin|p2a: Great Tusk
|-damage|p2a: Great Tusk|89/100
|-boost|p1a: Great Tusk|spe|1
|-sideend|p1: nico2097|Sticky Web|[from] move: Rapid Spin|[of] p1a: Great Tusk
|
|-heal|p1a: Great Tusk|78/100|[from] item: Leftovers
|upkeep
|turn|5
|
|t:|1779953212
|move|p2a: Great Tusk|Ice Spinner|p1a: Great Tusk
|-supereffective|p1a: Great Tusk
|-damage|p1a: Great Tusk|52/100
|move|p1a: Great Tusk|Knock Off|p2a: Great Tusk
|-resisted|p2a: Great Tusk
|-damage|p2a: Great Tusk|78/100
|-enditem|p2a: Great Tusk|Heavy-Duty Boots|[from] move: Knock Off|[of] p1a: Great Tusk
|
|-heal|p1a: Great Tusk|58/100|[from] item: Leftovers
|upkeep
|turn|6
|inactive|zmqz has 120 seconds left.
|
|t:|1779953232
|move|p2a: Great Tusk|Ice Spinner|p1a: Great Tusk
|-supereffective|p1a: Great Tusk
|-damage|p1a: Great Tusk|32/100
|move|p1a: Great Tusk|Rapid Spin|p2a: Great Tusk
|-damage|p2a: Great Tusk|68/100
|-boost|p1a: Great Tusk|spe|1
|
|-heal|p1a: Great Tusk|38/100|[from] item: Leftovers
|upkeep
|turn|7
|
|t:|1779953238
|move|p1a: Great Tusk|Body Press|p2a: Great Tusk
|-damage|p2a: Great Tusk|35/100
|move|p2a: Great Tusk|Rapid Spin|p1a: Great Tusk
|-crit|p1a: Great Tusk
|-damage|p1a: Great Tusk|25/100
|-boost|p2a: Great Tusk|spe|1
|
|-heal|p1a: Great Tusk|31/100|[from] item: Leftovers
|upkeep
|turn|8
|
|t:|1779953246
|move|p2a: Great Tusk|Ice Spinner|p1a: Great Tusk
|-supereffective|p1a: Great Tusk
|-damage|p1a: Great Tusk|4/100
|move|p1a: Great Tusk|Body Press|p2a: Great Tusk
|-damage|p2a: Great Tusk|3/100
|
|-heal|p1a: Great Tusk|11/100|[from] item: Leftovers
|upkeep
|turn|9
|inactive|zmqz has 120 seconds left.
|
|t:|1779953273
|move|p2a: Great Tusk|Headlong Rush|p1a: Great Tusk
|-damage|p1a: Great Tusk|0 fnt
|-unboost|p2a: Great Tusk|def|1
|-unboost|p2a: Great Tusk|spd|1
|faint|p1a: Great Tusk
|-end|p1a: Great Tusk|Protosynthesis|[silent]
|
|upkeep
|
|t:|1779953278
|switch|p1a: Iron Valiant|Iron Valiant|100/100
|-enditem|p1a: Iron Valiant|Booster Energy
|-activate|p1a: Iron Valiant|ability: Quark Drive|[fromitem]
|-start|p1a: Iron Valiant|quarkdrivespe
|turn|10
|inactive|zmqz has 120 seconds left.
|
|t:|1779953288
|move|p1a: Iron Valiant|Knock Off|p2a: Great Tusk
|-resisted|p2a: Great Tusk
|-damage|p2a: Great Tusk|0 fnt
|faint|p2a: Great Tusk
|-end|p2a: Great Tusk|Protosynthesis|[silent]
|
|upkeep
|inactive|zmqz has 120 seconds left.
|
|t:|1779953297
|switch|p2a: Vikavolt|Vikavolt, F|100/100
|turn|11
|
|t:|1779953305
|move|p1a: Iron Valiant|Swords Dance|p1a: Iron Valiant
|-boost|p1a: Iron Valiant|atk|2
|move|p2a: Vikavolt|Thunder Wave|p1a: Iron Valiant|[miss]
|-miss|p2a: Vikavolt|p1a: Iron Valiant
|
|upkeep
|turn|12
|
|t:|1779953316
|move|p1a: Iron Valiant|Spirit Break|p2a: Vikavolt
|-damage|p2a: Vikavolt|25/100
|-unboost|p2a: Vikavolt|spa|1
|move|p2a: Vikavolt|Thunder Wave|p1a: Iron Valiant
|-status|p1a: Iron Valiant|par
|
|upkeep
|turn|13
|
|t:|1779953335
|switch|p2a: Iron Moth|Iron Moth|100/100
|-enditem|p2a: Iron Moth|Booster Energy
|-activate|p2a: Iron Moth|ability: Quark Drive|[fromitem]
|-start|p2a: Iron Moth|quarkdrivespa
|move|p1a: Iron Valiant|Spirit Break|p2a: Iron Moth
|-resisted|p2a: Iron Moth
|-damage|p2a: Iron Moth|64/100
|-unboost|p2a: Iron Moth|spa|1
|
|upkeep
|turn|14
|
|t:|1779953351
|move|p2a: Iron Moth|Sludge Wave|p1a: Iron Valiant
|-supereffective|p1a: Iron Valiant
|-crit|p1a: Iron Valiant
|-damage|p1a: Iron Valiant|0 fnt
|faint|p1a: Iron Valiant
|-end|p1a: Iron Valiant|Quark Drive|[silent]
|
|upkeep
|
|t:|1779953353
|switch|p1a: Grimmsnarl|Grimmsnarl, M|100/100
|turn|15
|
|t:|1779953370
|-end|p2a: Iron Moth|Quark Drive|[silent]
|switch|p2a: Ogerpon|Ogerpon-Cornerstone, F|100/100
|move|p1a: Grimmsnarl|Light Screen|p1a: Grimmsnarl
|-sidestart|p1: nico2097|move: Light Screen
|
|upkeep
|turn|16
|
|t:|1779953377
|move|p1a: Grimmsnarl|Taunt|p2a: Ogerpon
|-start|p2a: Ogerpon|move: Taunt
|cant|p2a: Ogerpon|move: Taunt|Encore
|
|upkeep
|turn|17
|
|t:|1779953393
|move|p1a: Grimmsnarl|Reflect|p1a: Grimmsnarl
|-sidestart|p1: nico2097|Reflect
|move|p2a: Ogerpon|Ivy Cudgel|p1a: Grimmsnarl|[anim] Ivy Cudgel Rock
|-damage|p1a: Grimmsnarl|73/100
|
|upkeep
|turn|18
|
|t:|1779953414
|switch|p2a: Iron Moth|Iron Moth|64/100
|move|p1a: Grimmsnarl|Spirit Break|p2a: Iron Moth
|-resisted|p2a: Iron Moth
|-damage|p2a: Iron Moth|54/100
|-unboost|p2a: Iron Moth|spa|1
|
|upkeep
|turn|19
|
|t:|1779953422
|move|p1a: Grimmsnarl|Taunt|p2a: Iron Moth
|-start|p2a: Iron Moth|move: Taunt
|move|p2a: Iron Moth|Sludge Wave|p1a: Grimmsnarl
|-supereffective|p1a: Grimmsnarl
|-damage|p1a: Grimmsnarl|39/100
|
|upkeep
|turn|20
|
|t:|1779953426
|move|p2a: Iron Moth|Sludge Wave|p1a: Grimmsnarl
|-supereffective|p1a: Grimmsnarl
|-damage|p1a: Grimmsnarl|4/100
|move|p1a: Grimmsnarl|Spirit Break|p2a: Iron Moth
|-resisted|p2a: Iron Moth
|-damage|p2a: Iron Moth|45/100
|-unboost|p2a: Iron Moth|spa|1
|
|upkeep
|turn|21
|
|t:|1779953434
|move|p2a: Iron Moth|Fiery Dance|p1a: Grimmsnarl
|-damage|p1a: Grimmsnarl|0 fnt
|faint|p1a: Grimmsnarl
|
|-end|p2a: Iron Moth|move: Taunt
|upkeep
|
|t:|1779953437
|switch|p1a: Ogerpon|Ogerpon-Wellspring, F|100/100
|turn|22
|
|t:|1779953447
|move|p1a: Ogerpon|Swords Dance|p1a: Ogerpon
|-boost|p1a: Ogerpon|atk|2
|move|p2a: Iron Moth|Sludge Wave|p1a: Ogerpon
|-supereffective|p1a: Ogerpon
|-damage|p1a: Ogerpon|69/100
|
|-sideend|p1: nico2097|move: Light Screen
|upkeep
|turn|23
|
|t:|1779953460
|move|p2a: Iron Moth|Sludge Wave|p1a: Ogerpon
|-supereffective|p1a: Ogerpon
|-damage|p1a: Ogerpon|5/100
|move|p1a: Ogerpon|Ivy Cudgel|p2a: Iron Moth|[anim] Ivy Cudgel Water
|-supereffective|p2a: Iron Moth
|-damage|p2a: Iron Moth|0 fnt
|faint|p2a: Iron Moth
|-end|p2a: Iron Moth|Quark Drive|[silent]
|
|upkeep
|
|t:|1779953483
|switch|p2a: Ogerpon|Ogerpon-Cornerstone, F|100/100
|turn|24
|
|t:|1779953487
|move|p1a: Ogerpon|Horn Leech|p2a: Ogerpon
|-ability|p2a: Ogerpon|Sturdy
|-damage|p2a: Ogerpon|1/100
|-heal|p1a: Ogerpon|55/100|[from] drain|[of] p2a: Ogerpon
|move|p2a: Ogerpon|Ivy Cudgel|p1a: Ogerpon|[anim] Ivy Cudgel Rock
|-crit|p1a: Ogerpon
|-damage|p1a: Ogerpon|0 fnt
|faint|p1a: Ogerpon
|
|-sideend|p1: nico2097|Reflect
|upkeep
|
|t:|1779953492
|switch|p1a: Kyurem|Kyurem|100/100
|-ability|p1a: Kyurem|Pressure
|turn|25
|
|t:|1779953507
|-terastallize|p1a: Kyurem|Ground
|move|p2a: Ogerpon|Ivy Cudgel|p1a: Kyurem|[anim] Ivy Cudgel Rock
|-resisted|p1a: Kyurem
|-damage|p1a: Kyurem|70/100
|move|p1a: Kyurem|Scale Shot|p2a: Ogerpon
|-damage|p2a: Ogerpon|0 fnt
|faint|p2a: Ogerpon
|-hitcount|p2: Ogerpon|1
|-unboost|p1a: Kyurem|def|1
|-boost|p1a: Kyurem|spe|1
|
|upkeep
|
|t:|1779953516
|switch|p2a: Kyurem|Kyurem|100/100
|-ability|p2a: Kyurem|Pressure
|turn|26
|
|t:|1779953525
|-terastallize|p2a: Kyurem|Fairy
|move|p1a: Kyurem|Ice Beam|p2a: Kyurem
|-damage|p2a: Kyurem|73/100
|move|p2a: Kyurem|Ice Beam|p1a: Kyurem
|-supereffective|p1a: Kyurem
|-damage|p1a: Kyurem|0 fnt
|faint|p1a: Kyurem
|
|win|zmqz
|raw|nico2097's rating: 1365 &rarr; <strong>1348</strong><br />(-17 for losing)
|raw|zmqz's rating: 1415 &rarr; <strong>1432</strong><br />(+17 for winning)
|l|☆nico2097
|player|p1|
|l|☆zmqz
|player|p2|
