|j|☆Sbmh2
|j|☆claudechamp
|t:|1779902731
|gametype|singles
|player|p1|Sbmh2|169|1406
|player|p2|claudechamp|169|1335
|gen|9
|tier|[Gen 9] OU
|rated|
|rule|HP Percentage Mod: HP is shown in percentages
|rule|Endless Battle Clause: Forcing endless battles is banned
|rule|Species Clause: Limit one of each Pokémon
|rule|OHKO Clause: OHKO moves are banned
|rule|Evasion Items Clause: Evasion items are banned
|rule|Evasion Moves Clause: Evasion moves are banned
|rule|Evasion Abilities Clause: Evasion abilities are banned
|rule|Sleep Moves Clause: Sleep-inducing moves are banned
|clearpoke
|poke|p1|Cinderace, F|
|poke|p1|Polteageist-Antique|
|poke|p1|Zapdos|
|poke|p1|Darkrai|
|poke|p1|Meowscarada, M|
|poke|p1|Dragonite, F|
|poke|p2|Corviknight, F|
|poke|p2|Ting-Lu|
|poke|p2|Kyurem|
|poke|p2|Dondozo, M|
|poke|p2|Slowking-Galar, M|
|poke|p2|Cinderace, F|
|teampreview
|c|☆claudechamp|hf
|inactive|Battle timer is ON: inactive players will automatically lose when time's up. (requested by Sbmh2)
|inactive|claudechamp also wants the timer to be on.
|
|t:|1779902734
|teamsize|p1|6
|teamsize|p2|6
|start
|switch|p1a: Cinderace|Cinderace, F|100/100
|switch|p2a: Cinderace|Cinderace, F|100/100
|turn|1
|
|t:|1779902740
|move|p2a: Cinderace|Pyro Ball|p1a: Cinderace
|-resisted|p1a: Cinderace
|-damage|p1a: Cinderace|68/100
|move|p1a: Cinderace|High Jump Kick|p2a: Cinderace
|-start|p1a: Cinderace|typechange|Fighting|[from] ability: Libero
|-damage|p2a: Cinderace|19/100
|
|upkeep
|turn|2
|
|t:|1779902749
|move|p2a: Cinderace|Pyro Ball|p1a: Cinderace
|-damage|p1a: Cinderace|0 fnt
|faint|p1a: Cinderace
|
|upkeep
|
|t:|1779902758
|switch|p1a: Zapdos|Zapdos|100/100
|turn|3
|
|t:|1779902765
|switch|p1a: Meowscarada|Meowscarada, M|100/100
|move|p2a: Cinderace|Pyro Ball|p1a: Meowscarada
|-supereffective|p1a: Meowscarada
|-crit|p1a: Meowscarada
|-damage|p1a: Meowscarada|0 fnt
|faint|p1a: Meowscarada
|
|upkeep
|
|t:|1779902773
|switch|p1a: Darkrai|Darkrai|100/100
|turn|4
|
|t:|1779902775
|move|p1a: Darkrai|Dark Pulse|p2a: Cinderace
|-damage|p2a: Cinderace|0 fnt
|faint|p2a: Cinderace
|
|upkeep
|
|t:|1779902777
|switch|p2a: Dondozo|Dondozo, M|100/100
|turn|5
|
|t:|1779902781
|switch|p1a: Zapdos|Zapdos|100/100
|move|p2a: Dondozo|Waterfall|p1a: Zapdos
|-damage|p1a: Zapdos|72/100
|-damage|p2a: Dondozo|84/100|[from] item: Rocky Helmet|[of] p1a: Zapdos
|
|-heal|p2a: Dondozo|90/100|[from] item: Leftovers
|upkeep
|turn|6
|
|t:|1779902784
|switch|p2a: Kyurem|Kyurem|100/100
|-ability|p2a: Kyurem|Pressure
|move|p1a: Zapdos|Heat Wave|p2a: Kyurem
|-damage|p2a: Kyurem|68/100
|-status|p2a: Kyurem|brn
|
|-heal|p2a: Kyurem|74/100 brn|[from] item: Leftovers
|-damage|p2a: Kyurem|68/100 brn|[from] brn
|upkeep
|turn|7
|
|t:|1779902789
|move|p2a: Kyurem|Freeze-Dry|p1a: Zapdos
|-supereffective|p1a: Zapdos
|-damage|p1a: Zapdos|0 fnt
|faint|p1a: Zapdos
|
|-heal|p2a: Kyurem|74/100 brn|[from] item: Leftovers
|-damage|p2a: Kyurem|68/100 brn|[from] brn
|upkeep
|
|t:|1779902806
|switch|p1a: Polteageist|Polteageist-Antique|100/100
|turn|8
|
|t:|1779902808
|move|p2a: Kyurem|Freeze-Dry|p1a: Polteageist
|-damage|p1a: Polteageist|60/100
|move|p1a: Polteageist|Shell Smash|p1a: Polteageist
|-unboost|p1a: Polteageist|def|1
|-unboost|p1a: Polteageist|spd|1
|-boost|p1a: Polteageist|atk|2
|-boost|p1a: Polteageist|spa|2
|-boost|p1a: Polteageist|spe|2
|
|-heal|p2a: Kyurem|74/100 brn|[from] item: Leftovers
|-damage|p2a: Kyurem|68/100 brn|[from] brn
|upkeep
|turn|9
|
|t:|1779902825
|move|p1a: Polteageist|Stored Power|p2a: Kyurem
|-damage|p2a: Kyurem|0 fnt
|faint|p2a: Kyurem
|
|upkeep
|
|t:|1779902828
|switch|p2a: Ting-Lu|Ting-Lu|100/100
|-ability|p2a: Ting-Lu|Vessel of Ruin
|turn|10
|
|t:|1779902830
|move|p1a: Polteageist|Shadow Ball|p2a: Ting-Lu
|-resisted|p2a: Ting-Lu
|-damage|p2a: Ting-Lu|81/100
|-unboost|p2a: Ting-Lu|spd|1
|move|p2a: Ting-Lu|Earthquake|p1a: Polteageist
|-damage|p1a: Polteageist|0 fnt
|faint|p1a: Polteageist
|
|-heal|p2a: Ting-Lu|87/100|[from] item: Leftovers
|upkeep
|
|t:|1779902837
|switch|p1a: Dragonite|Dragonite, F|100/100
|turn|11
|
|t:|1779902842
|-terastallize|p2a: Ting-Lu|Water
|move|p1a: Dragonite|Dragon Dance|p1a: Dragonite
|-boost|p1a: Dragonite|atk|1
|-boost|p1a: Dragonite|spe|1
|move|p2a: Ting-Lu|Earthquake|p1a: Dragonite
|-immune|p1a: Dragonite
|
|-heal|p2a: Ting-Lu|93/100|[from] item: Leftovers
|upkeep
|turn|12
|
|t:|1779902847
|move|p1a: Dragonite|Dragon Dance|p1a: Dragonite
|-boost|p1a: Dragonite|atk|1
|-boost|p1a: Dragonite|spe|1
|move|p2a: Ting-Lu|Payback|p1a: Dragonite
|-damage|p1a: Dragonite|78/100
|
|-heal|p2a: Ting-Lu|99/100|[from] item: Leftovers
|upkeep
|turn|13
|
|t:|1779902854
|move|p1a: Dragonite|Dragon Dance|p1a: Dragonite
|-boost|p1a: Dragonite|atk|1
|-boost|p1a: Dragonite|spe|1
|move|p2a: Ting-Lu|Payback|p1a: Dragonite
|-damage|p1a: Dragonite|37/100
|
|-heal|p2a: Ting-Lu|100/100|[from] item: Leftovers
|upkeep
|turn|14
|
|t:|1779902858
|-terastallize|p1a: Dragonite|Normal
|move|p1a: Dragonite|Extreme Speed|p2a: Ting-Lu
|-crit|p2a: Ting-Lu
|-damage|p2a: Ting-Lu|7/100
|move|p2a: Ting-Lu|Payback|p1a: Dragonite
|-damage|p1a: Dragonite|0 fnt
|faint|p1a: Dragonite
|
|-heal|p2a: Ting-Lu|13/100|[from] item: Leftovers
|upkeep
|
|t:|1779902864
|switch|p1a: Darkrai|Darkrai|100/100
|turn|15
|
|t:|1779902867
|switch|p2a: Dondozo|Dondozo, M|90/100
|move|p1a: Darkrai|Dark Pulse|p2a: Dondozo
|-damage|p2a: Dondozo|62/100
|
|-heal|p2a: Dondozo|68/100|[from] item: Leftovers
|upkeep
|turn|16
|
|t:|1779902871
|move|p1a: Darkrai|Dark Pulse|p2a: Dondozo
|-crit|p2a: Dondozo
|-damage|p2a: Dondozo|25/100
|move|p2a: Dondozo|Body Press|p1a: Darkrai
|-supereffective|p1a: Darkrai
|-damage|p1a: Darkrai|45/100
|
|-heal|p2a: Dondozo|31/100|[from] item: Leftovers
|upkeep
|turn|17
|
|t:|1779902876
|move|p1a: Darkrai|Dark Pulse|p2a: Dondozo
|-damage|p2a: Dondozo|2/100
|move|p2a: Dondozo|Body Press|p1a: Darkrai
|-supereffective|p1a: Darkrai
|-damage|p1a: Darkrai|0 fnt
|faint|p1a: Darkrai
|
|win|claudechamp
|raw|Sbmh2's rating: 1406 &rarr; <strong>1382</strong><br />(-24 for losing)
|raw|claudechamp's rating: 1335 &rarr; <strong>1359</strong><br />(+24 for winning)
|c|☆claudechamp|gg
|l|☆Sbmh2
|player|p1|
