|j|☆TristanPlaysPKMN
|j|☆He_52210
|t:|1779802175
|gametype|singles
|player|p1|TristanPlaysPKMN|firebreather|1255
|player|p2|He_52210|dancer|1254
|gen|9
|tier|[Gen 9] OU
|rated|
|rule|HP Percentage Mod: HP is shown in percentages
|rule|Endless Battle Clause: Forcing endless battles is banned
|rule|Species Clause: Limit one of each Pokémon
|rule|OHKO Clause: OHKO moves are banned
|rule|Evasion Items Clause: Evasion items are banned
|rule|Evasion Moves Clause: Evasion moves are banned
|rule|Evasion Abilities Clause: Evasion abilities are banned
|rule|Sleep Moves Clause: Sleep-inducing moves are banned
|clearpoke
|poke|p1|Gogoat, M|
|poke|p1|Ceruledge, M|
|poke|p1|Raging Bolt|
|poke|p1|Great Tusk|
|poke|p1|Araquanid, M|
|poke|p1|Braviary-Hisui, M|
|poke|p2|Porygon-Z|
|poke|p2|Corviknight, M|
|poke|p2|Scizor, M|
|poke|p2|Great Tusk|
|poke|p2|Tornadus-Therian, M|
|poke|p2|Ceruledge, M|
|teampreview
|inactive|Battle timer is ON: inactive players will automatically lose when time's up. (requested by TristanPlaysPKMN)
|inactive|He_52210 has 120 seconds left.
|
|t:|1779802210
|teamsize|p1|6
|teamsize|p2|6
|start
|switch|p1a: Plip|Araquanid, M, shiny|100/100
|switch|p2a: Corviknight|Corviknight, M|100/100
|-ability|p2a: Corviknight|Pressure
|turn|1
|inactive|He_52210 has 120 seconds left.
|
|t:|1779802243
|move|p2a: Corviknight|U-turn|p1a: Plip
|-damage|p1a: Plip|86/100
|inactive|He_52210 has 120 seconds left.
|
|t:|1779802248
|switch|p2a: Tornadus|Tornadus-Therian, M|100/100|[from] U-turn
|move|p1a: Plip|Sticky Web|p2a: Tornadus
|-sidestart|p2: He_52210|move: Sticky Web
|
|upkeep
|turn|2
|inactive|He_52210 has 120 seconds left.
|
|t:|1779802261
|-terastallize|p2a: Tornadus|Steel
|move|p2a: Tornadus|Bleakwind Storm|p1a: Plip
|-supereffective|p1a: Plip
|-damage|p1a: Plip|15/100
|move|p1a: Plip|Surf|p2a: Tornadus
|-damage|p2a: Tornadus|69/100
|
|upkeep
|turn|3
|-enditem|p1a: Plip|Custap Berry|[eat]
|-activate|p1a: Plip|item: Custap Berry|[consumed]
|
|t:|1779802268
|move|p1a: Plip|Endeavor|p2a: Tornadus
|-damage|p2a: Tornadus|15/100
|move|p2a: Tornadus|Bleakwind Storm|p1a: Plip|[miss]
|-miss|p2a: Tornadus|p1a: Plip
|
|upkeep
|turn|4
|
|t:|1779802275
|move|p2a: Tornadus|U-turn|p1a: Plip
|-damage|p1a: Plip|0 fnt
|faint|p1a: Plip
|
|t:|1779802281
|switch|p2a: Porygon-Z|Porygon-Z|100/100|[from] U-turn
|-activate|p2a: Porygon-Z|move: Sticky Web
|-unboost|p2a: Porygon-Z|spe|1
|
|upkeep
|
|t:|1779802288
|switch|p1a: Tusky|Great Tusk, shiny|100/100
|turn|5
|
|t:|1779802293
|switch|p2a: Corviknight|Corviknight, M|100/100
|-ability|p2a: Corviknight|Pressure
|move|p1a: Tusky|Stealth Rock|p2a: Corviknight
|-sidestart|p2: He_52210|move: Stealth Rock
|
|upkeep
|turn|6
|
|t:|1779802298
|-end|p1a: Tusky|Protosynthesis|[silent]
|switch|p1a: TargetOfAffection|Raging Bolt|100/100
|-enditem|p1a: TargetOfAffection|Booster Energy
|-activate|p1a: TargetOfAffection|ability: Protosynthesis|[fromitem]
|-start|p1a: TargetOfAffection|protosynthesisspa
|move|p2a: Corviknight|Defog|p1a: TargetOfAffection
|-unboost|p1a: TargetOfAffection|evasion|1
|-sideend|p2: He_52210|Stealth Rock|[from] move: Defog|[of] p2a: Corviknight
|-sideend|p2: He_52210|Sticky Web|[from] move: Defog|[of] p2a: Corviknight
|
|upkeep
|turn|7
|
|t:|1779802312
|move|p1a: TargetOfAffection|Calm Mind|p1a: TargetOfAffection
|-boost|p1a: TargetOfAffection|spa|1
|-boost|p1a: TargetOfAffection|spd|1
|move|p2a: Corviknight|Roost||[still]
|-fail|p2a: Corviknight|heal
|
|upkeep
|turn|8
|
|t:|1779802317
|move|p1a: TargetOfAffection|Calm Mind|p1a: TargetOfAffection
|-boost|p1a: TargetOfAffection|spa|1
|-boost|p1a: TargetOfAffection|spd|1
|move|p2a: Corviknight|U-turn|p1a: TargetOfAffection
|-damage|p1a: TargetOfAffection|86/100
|
|t:|1779802324
|switch|p2a: Great Tusk|Great Tusk|100/100|[from] U-turn
|-enditem|p2a: Great Tusk|Booster Energy
|-activate|p2a: Great Tusk|ability: Protosynthesis|[fromitem]
|-start|p2a: Great Tusk|protosynthesisspe
|
|upkeep
|turn|9
|
|t:|1779802329
|-terastallize|p1a: TargetOfAffection|Fairy
|move|p2a: Great Tusk|Headlong Rush|p1a: TargetOfAffection
|-damage|p1a: TargetOfAffection|40/100
|-unboost|p2a: Great Tusk|def|1
|-unboost|p2a: Great Tusk|spd|1
|move|p1a: TargetOfAffection|Draco Meteor|p2a: Great Tusk
|-damage|p2a: Great Tusk|0 fnt
|-unboost|p1a: TargetOfAffection|spa|2
|faint|p2a: Great Tusk
|-end|p2a: Great Tusk|Protosynthesis|[silent]
|
|upkeep
|
|t:|1779802334
|switch|p2a: Scizor|Scizor, M|100/100
|turn|10
|
|t:|1779802338
|move|p2a: Scizor|Bullet Punch|p1a: TargetOfAffection
|-supereffective|p1a: TargetOfAffection
|-damage|p1a: TargetOfAffection|0 fnt
|faint|p1a: TargetOfAffection
|-end|p1a: TargetOfAffection|Protosynthesis|[silent]
|
|upkeep
|
|t:|1779802344
|switch|p1a: Espiary|Braviary-Hisui, M, shiny|100/100
|turn|11
|
|t:|1779802351
|move|p2a: Scizor|U-turn|p1a: Espiary
|-damage|p1a: Espiary|46/100
|
|t:|1779802353
|switch|p2a: Corviknight|Corviknight, M|100/100|[from] U-turn
|-ability|p2a: Corviknight|Pressure
|move|p1a: Espiary|Esper Wing|p2a: Corviknight
|-resisted|p2a: Corviknight
|-damage|p2a: Corviknight|65/100
|-boost|p1a: Espiary|spe|1
|
|-heal|p1a: Espiary|52/100|[from] item: Leftovers
|upkeep
|turn|12
|
|t:|1779802360
|move|p1a: Espiary|Hurricane|p2a: Corviknight
|-resisted|p2a: Corviknight
|-damage|p2a: Corviknight|14/100
|move|p2a: Corviknight|U-turn|p1a: Espiary
|-damage|p1a: Espiary|35/100
|
|t:|1779802365
|switch|p2a: Scizor|Scizor, M|100/100|[from] U-turn
|
|-heal|p1a: Espiary|41/100|[from] item: Leftovers
|upkeep
|turn|13
|
|t:|1779802372
|move|p1a: Espiary|Hurricane|p2a: Scizor
|-damage|p2a: Scizor|22/100
|-start|p2a: Scizor|confusion
|-activate|p2a: Scizor|confusion
|move|p2a: Scizor|Swords Dance|p2a: Scizor
|-boost|p2a: Scizor|atk|2
|
|-heal|p1a: Espiary|48/100|[from] item: Leftovers
|upkeep
|turn|14
|
|t:|1779802378
|-end|p2a: Scizor|confusion
|move|p2a: Scizor|Bullet Punch|p1a: Espiary
|-damage|p1a: Espiary|0 fnt
|faint|p1a: Espiary
|
|upkeep
|
|t:|1779802383
|switch|p1a: Swordsman|Ceruledge, M, shiny|100/100
|turn|15
|
|t:|1779802389
|move|p2a: Scizor|Bullet Punch|p1a: Swordsman
|-resisted|p1a: Swordsman
|-damage|p1a: Swordsman|48/100
|-ability|p1a: Swordsman|Weak Armor|boost
|-unboost|p1a: Swordsman|def|1
|-boost|p1a: Swordsman|spe|2
|move|p1a: Swordsman|Bitter Blade|p2a: Scizor
|-supereffective|p2a: Scizor
|-damage|p2a: Scizor|0 fnt
|-heal|p1a: Swordsman|58/100|[from] drain|[of] p2a: Scizor
|faint|p2a: Scizor
|
|upkeep
|
|t:|1779802393
|switch|p2a: Ceruledge|Ceruledge, M|100/100
|turn|16
|
|t:|1779802400
|move|p2a: Ceruledge|Endure|p2a: Ceruledge
|-singleturn|p2a: Ceruledge|move: Endure
|move|p1a: Swordsman|Shadow Sneak|p2a: Ceruledge
|-supereffective|p2a: Ceruledge
|-damage|p2a: Ceruledge|49/100
|-ability|p2a: Ceruledge|Weak Armor|boost
|-unboost|p2a: Ceruledge|def|1
|-boost|p2a: Ceruledge|spe|2
|-enditem|p2a: Ceruledge|Weakness Policy
|-boost|p2a: Ceruledge|atk|2|[from] item: Weakness Policy
|-boost|p2a: Ceruledge|spa|2|[from] item: Weakness Policy
|
|upkeep
|turn|17
|
|t:|1779802404
|move|p1a: Swordsman|Shadow Sneak|p2a: Ceruledge
|-supereffective|p2a: Ceruledge
|-damage|p2a: Ceruledge|0 fnt
|faint|p2a: Ceruledge
|
|upkeep
|
|t:|1779802411
|switch|p2a: Corviknight|Corviknight, M|14/100
|-ability|p2a: Corviknight|Pressure
|turn|18
|
|t:|1779802415
|move|p1a: Swordsman|Bitter Blade|p2a: Corviknight
|-supereffective|p2a: Corviknight
|-damage|p2a: Corviknight|0 fnt
|-heal|p1a: Swordsman|64/100|[from] drain|[of] p2a: Corviknight
|-damage|p1a: Swordsman|48/100|[from] item: Rocky Helmet|[of] p2a: Corviknight
|faint|p2a: Corviknight
|
|upkeep
|
|t:|1779802417
|switch|p2a: Porygon-Z|Porygon-Z|100/100
|turn|19
|
|t:|1779802428
|move|p1a: Swordsman|Close Combat|p2a: Porygon-Z
|-supereffective|p2a: Porygon-Z
|-damage|p2a: Porygon-Z|0 fnt
|-unboost|p1a: Swordsman|def|1
|-unboost|p1a: Swordsman|spd|1
|faint|p2a: Porygon-Z
|
|upkeep
|
|t:|1779802431
|switch|p2a: Tornadus|Tornadus-Therian, M, tera:Steel|48/100
|turn|20
|
|t:|1779802440
|move|p1a: Swordsman|Bitter Blade|p2a: Tornadus
|-supereffective|p2a: Tornadus
|-damage|p2a: Tornadus|0 fnt
|-heal|p1a: Swordsman|73/100|[from] drain|[of] p2a: Tornadus
|faint|p2a: Tornadus
|
|win|TristanPlaysPKMN
|raw|TristanPlaysPKMN's rating: 1255 &rarr; <strong>1280</strong><br />(+25 for winning)
|raw|He_52210's rating: 1254 &rarr; <strong>1229</strong><br />(-25 for losing)
|l|☆He_52210
|player|p2|
|l|☆TristanPlaysPKMN
|player|p1|
