|j|☆seirg
|j|☆el_vazz
|t:|1779912301
|gametype|singles
|player|p1|seirg|janitor|1169
|player|p2|el_vazz|102|1116
|gen|9
|tier|[Gen 9] OU
|rated|
|rule|HP Percentage Mod: HP is shown in percentages
|rule|Endless Battle Clause: Forcing endless battles is banned
|rule|Species Clause: Limit one of each Pokémon
|rule|OHKO Clause: OHKO moves are banned
|rule|Evasion Items Clause: Evasion items are banned
|rule|Evasion Moves Clause: Evasion moves are banned
|rule|Evasion Abilities Clause: Evasion abilities are banned
|rule|Sleep Moves Clause: Sleep-inducing moves are banned
|clearpoke
|poke|p1|Hoopa|
|poke|p1|Cinderace, F|
|poke|p1|Mandibuzz, F|
|poke|p1|Kyurem|
|poke|p1|Ting-Lu|
|poke|p1|Manaphy|
|poke|p2|Infernape, M|
|poke|p2|Passimian, F|
|poke|p2|Zarude|
|poke|p2|Rillaboom, M|
|poke|p2|Munkidori, M|
|poke|p2|Primeape, M|
|teampreview
|inactive|Battle timer is ON: inactive players will automatically lose when time's up. (requested by el_vazz)
|
|t:|1779912320
|teamsize|p1|6
|teamsize|p2|6
|start
|switch|p1a: Manaphy|Manaphy|100/100
|switch|p2a: Infernape|Infernape, M|100/100
|turn|1
|
|t:|1779912329
|move|p2a: Infernape|Stealth Rock|p1a: Manaphy
|-sidestart|p1: seirg|move: Stealth Rock
|move|p1a: Manaphy|Tail Glow|p1a: Manaphy
|-boost|p1a: Manaphy|spa|3
|
|upkeep
|turn|2
|
|t:|1779912340
|move|p2a: Infernape|Taunt|p1a: Manaphy
|-start|p1a: Manaphy|move: Taunt
|move|p1a: Manaphy|Alluring Voice|p2a: Infernape
|-damage|p2a: Infernape|33/100
|
|upkeep
|turn|3
|
|t:|1779912347
|move|p2a: Infernape|Endeavor|p1a: Manaphy
|-damage|p1a: Manaphy|24/100
|move|p1a: Manaphy|Alluring Voice|p2a: Infernape
|-damage|p2a: Infernape|0 fnt
|faint|p2a: Infernape
|
|-heal|p1a: Manaphy|30/100|[from] item: Leftovers
|upkeep
|inactive|el_vazz has 120 seconds left.
|
|t:|1779912386
|switch|p2a: Zarude|Zarude|100/100
|turn|4
|
|t:|1779912391
|move|p2a: Zarude|U-turn|p1a: Manaphy
|-damage|p1a: Manaphy|2/100
|
|t:|1779912398
|switch|p2a: Primeape|Primeape, M|100/100|[from] U-turn
|move|p1a: Manaphy|Alluring Voice|p2a: Primeape
|-supereffective|p2a: Primeape
|-damage|p2a: Primeape|20/100
|
|-heal|p1a: Manaphy|8/100|[from] item: Leftovers
|-end|p1a: Manaphy|move: Taunt
|upkeep
|turn|5
|
|t:|1779912409
|move|p1a: Manaphy|Scald|p2a: Primeape
|-damage|p2a: Primeape|0 fnt
|faint|p2a: Primeape
|
|-heal|p1a: Manaphy|14/100|[from] item: Leftovers
|upkeep
|inactive|el_vazz has 120 seconds left.
|
|t:|1779912423
|switch|p2a: Zarude|Zarude|100/100
|turn|6
|
|t:|1779912431
|move|p2a: Zarude|U-turn|p1a: Manaphy
|-damage|p1a: Manaphy|0 fnt
|faint|p1a: Manaphy
|
|t:|1779912441
|switch|p2a: Passimian|Passimian, F|100/100|[from] U-turn
|
|upkeep
|
|t:|1779912454
|switch|p1a: Ting-Lucifer|Ting-Lu|100/100
|-damage|p1a: Ting-Lucifer|94/100|[from] Stealth Rock
|-ability|p1a: Ting-Lucifer|Vessel of Ruin
|turn|7
|
|t:|1779912472
|-terastallize|p2a: Passimian|Fighting
|move|p2a: Passimian|Close Combat|p1a: Ting-Lucifer
|-supereffective|p1a: Ting-Lucifer
|-damage|p1a: Ting-Lucifer|9/100
|-unboost|p2a: Passimian|def|1
|-unboost|p2a: Passimian|spd|1
|-enditem|p1a: Ting-Lucifer|Weakness Policy
|-boost|p1a: Ting-Lucifer|atk|2|[from] item: Weakness Policy
|-boost|p1a: Ting-Lucifer|spa|2|[from] item: Weakness Policy
|move|p1a: Ting-Lucifer|Earthquake|p2a: Passimian
|-damage|p2a: Passimian|0 fnt
|faint|p2a: Passimian
|
|upkeep
|inactive|el_vazz has 120 seconds left.
|
|t:|1779912487
|switch|p2a: Rillaboom|Rillaboom, M|100/100
|-fieldstart|move: Grassy Terrain|[from] ability: Grassy Surge|[of] p2a: Rillaboom
|turn|8
|inactive|el_vazz has 120 seconds left.
|
|t:|1779912499
|move|p2a: Rillaboom|Wood Hammer|p1a: Ting-Lucifer
|-supereffective|p1a: Ting-Lucifer
|-damage|p1a: Ting-Lucifer|0 fnt
|faint|p1a: Ting-Lucifer
|-damage|p2a: Rillaboom|97/100|[from] Recoil
|
|-heal|p2a: Rillaboom|100/100|[from] Grassy Terrain
|upkeep
|
|t:|1779912503
|switch|p1a: Cinderace|Cinderace, F|100/100
|-damage|p1a: Cinderace|76/100|[from] Stealth Rock
|turn|9
|
|t:|1779912512
|move|p1a: Cinderace|Court Change|p1a: Cinderace
|-start|p1a: Cinderace|typechange|Normal|[from] ability: Libero
|-swapsideconditions
|-activate|p1a: Cinderace|move: Court Change
|move|p2a: Rillaboom|Wood Hammer|p1a: Cinderace
|-damage|p1a: Cinderace|0 fnt
|faint|p1a: Cinderace
|-damage|p2a: Rillaboom|79/100|[from] Recoil
|
|-heal|p2a: Rillaboom|85/100|[from] Grassy Terrain
|upkeep
|
|t:|1779912522
|switch|p1a: Kyurem|Kyurem|100/100
|-ability|p1a: Kyurem|Pressure
|turn|10
|
|t:|1779912530
|move|p1a: Kyurem|Ice Beam|p2a: Rillaboom
|-supereffective|p2a: Rillaboom
|-damage|p2a: Rillaboom|0 fnt
|faint|p2a: Rillaboom
|
|upkeep
|
|t:|1779912546
|switch|p2a: Munkidori|Munkidori, M|100/100
|-damage|p2a: Munkidori|88/100|[from] Stealth Rock
|turn|11
|
|t:|1779912553
|switch|p1a: Hoopa|Hoopa|100/100
|move|p2a: Munkidori|Focus Blast|p1a: Hoopa
|-immune|p1a: Hoopa
|
|-heal|p2a: Munkidori|94/100|[from] Grassy Terrain
|upkeep
|turn|12
|
|t:|1779912561
|switch|p2a: Zarude|Zarude|100/100
|-damage|p2a: Zarude|88/100|[from] Stealth Rock
|move|p1a: Hoopa|Substitute|p1a: Hoopa
|-start|p1a: Hoopa|Substitute
|-damage|p1a: Hoopa|76/100
|
|-heal|p2a: Zarude|94/100|[from] Grassy Terrain
|-heal|p1a: Hoopa|82/100|[from] Grassy Terrain
|-fieldend|move: Grassy Terrain
|upkeep
|turn|13
|
|t:|1779912575
|-terastallize|p1a: Hoopa|Fairy
|move|p2a: Zarude|Crunch|p1a: Hoopa
|-resisted|p1a: Hoopa
|-end|p1a: Hoopa|Substitute
|move|p1a: Hoopa|Focus Blast|p2a: Zarude
|-supereffective|p2a: Zarude
|-damage|p2a: Zarude|0 fnt
|faint|p2a: Zarude
|
|upkeep
|
|t:|1779912583
|switch|p2a: Munkidori|Munkidori, M|94/100
|-damage|p2a: Munkidori|82/100|[from] Stealth Rock
|turn|14
|
|t:|1779912588
|move|p2a: Munkidori|Sludge Wave|p1a: Hoopa
|-supereffective|p1a: Hoopa
|-damage|p1a: Hoopa|0 fnt
|faint|p1a: Hoopa
|
|upkeep
|
|t:|1779912593
|switch|p1a: Kyurem|Kyurem|100/100
|-ability|p1a: Kyurem|Pressure
|turn|15
|
|t:|1779912600
|move|p2a: Munkidori|Sludge Wave|p1a: Kyurem
|-crit|p1a: Kyurem
|-damage|p1a: Kyurem|32/100
|move|p1a: Kyurem|Earth Power|p2a: Munkidori
|-supereffective|p2a: Munkidori
|-damage|p2a: Munkidori|4/100
|
|upkeep
|turn|16
|
|t:|1779912607
|move|p2a: Munkidori|Sludge Wave|p1a: Kyurem
|-damage|p1a: Kyurem|0 fnt
|faint|p1a: Kyurem
|
|upkeep
|
|t:|1779912609
|switch|p1a: Mandibuzz|Mandibuzz, F, shiny|100/100
|turn|17
|
|t:|1779912613
|move|p2a: Munkidori|Sludge Wave|p1a: Mandibuzz
|-damage|p1a: Mandibuzz|55/100
|move|p1a: Mandibuzz|Foul Play|p2a: Munkidori
|-supereffective|p2a: Munkidori
|-damage|p2a: Munkidori|0 fnt
|faint|p2a: Munkidori
|
|win|seirg
|raw|seirg's rating: 1169 &rarr; <strong>1190</strong><br />(+21 for winning)
|raw|el_vazz's rating: 1116 &rarr; <strong>1095</strong><br />(-21 for losing)
|l|☆seirg
|player|p1|
