|j|‽Abigcamel
|j|☆slowlyfadingaway
|t:|1779893971
|gametype|singles
|player|p1|Abigcamel|morty|1484
|player|p2|slowlyfadingaway|veteran|1434
|gen|9
|tier|[Gen 9] OU
|rated|
|rule|HP Percentage Mod: HP is shown in percentages
|rule|Endless Battle Clause: Forcing endless battles is banned
|rule|Species Clause: Limit one of each Pokémon
|rule|OHKO Clause: OHKO moves are banned
|rule|Evasion Items Clause: Evasion items are banned
|rule|Evasion Moves Clause: Evasion moves are banned
|rule|Evasion Abilities Clause: Evasion abilities are banned
|rule|Sleep Moves Clause: Sleep-inducing moves are banned
|clearpoke
|poke|p1|Pelipper, L99, F|
|poke|p1|Barraskewda, F|
|poke|p1|Raging Bolt|
|poke|p1|Golduck, M|
|poke|p1|Pawmot, F|
|poke|p1|Tentacruel, F|
|poke|p2|Greninja-*, M|
|poke|p2|Forretress, F|
|poke|p2|Samurott-Hisui, F|
|poke|p2|Garchomp, M|
|poke|p2|Scizor, F|
|poke|p2|Diancie|
|teampreview
|inactive|Battle timer is ON: inactive players will automatically lose when time's up. (requested by slowlyfadingaway)
|inactive|Abigcamel also wants the timer to be on.
|
|t:|1779893981
|teamsize|p1|6
|teamsize|p2|6
|start
|switch|p1a: Barraskewda|Barraskewda, F|100/100
|switch|p2a: Forretress|Forretress, F|100/100
|turn|1
|c|☆slowlyfadingaway|i respect the hustle
|
|t:|1779893987
|move|p1a: Barraskewda|Flip Turn|p2a: Forretress
|-damage|p2a: Forretress|76/100
|
|t:|1779893993
|switch|p1a: Raging Bolt|Raging Bolt|100/100|[from] Flip Turn
|move|p2a: Forretress|Stealth Rock|p1a: Raging Bolt
|-sidestart|p1: Abigcamel|move: Stealth Rock
|
|upkeep
|turn|2
|
|t:|1779893999
|move|p1a: Raging Bolt|Thunder|p2a: Forretress
|-damage|p2a: Forretress|0 fnt
|faint|p2a: Forretress
|
|upkeep
|
|t:|1779894002
|switch|p2a: Garchomp|Garchomp, M|100/100
|turn|3
|
|t:|1779894007
|-terastallize|p2a: Garchomp|Dragon
|move|p2a: Garchomp|Scale Shot|p1a: Raging Bolt
|-supereffective|p1a: Raging Bolt
|-damage|p1a: Raging Bolt|69/100
|-supereffective|p1a: Raging Bolt
|-damage|p1a: Raging Bolt|38/100
|-supereffective|p1a: Raging Bolt
|-damage|p1a: Raging Bolt|5/100
|-supereffective|p1a: Raging Bolt
|-damage|p1a: Raging Bolt|0 fnt
|faint|p1a: Raging Bolt
|-end|p1a: Raging Bolt|Protosynthesis|[silent]
|-hitcount|p1: Raging Bolt|4
|-unboost|p2a: Garchomp|def|1
|-boost|p2a: Garchomp|spe|1
|
|upkeep
|
|t:|1779894024
|switch|p1a: Pelipper|Pelipper, L99, F|100/100
|-damage|p1a: Pelipper|76/100|[from] Stealth Rock
|-weather|RainDance|[from] ability: Drizzle|[of] p1a: Pelipper
|turn|4
|
|t:|1779894030
|move|p2a: Garchomp|Scale Shot|p1a: Pelipper
|-crit|p1a: Pelipper
|-damage|p1a: Pelipper|55/100
|-damage|p1a: Pelipper|41/100
|-damage|p1a: Pelipper|27/100
|-damage|p1a: Pelipper|13/100
|-hitcount|p1a: Pelipper|4
|-unboost|p2a: Garchomp|def|1
|-boost|p2a: Garchomp|spe|1
|move|p1a: Pelipper|Hurricane|p2a: Garchomp
|-damage|p2a: Garchomp|58/100
|
|-weather|RainDance|[upkeep]
|upkeep
|turn|5
|
|t:|1779894036
|move|p2a: Garchomp|Scale Shot|p1a: Pelipper
|-damage|p1a: Pelipper|0 fnt
|faint|p1a: Pelipper
|-hitcount|p1: Pelipper|1
|-unboost|p2a: Garchomp|def|1
|-boost|p2a: Garchomp|spe|1
|
|-weather|RainDance|[upkeep]
|upkeep
|l|‽Abigcamel
|inactive|Abigcamel disconnected and has a minute to reconnect!
|player|p1|
|j|‽Abigcamel
|inactive|Abigcamel reconnected and has 130 seconds left.
|player|p1|Abigcamel|morty|
|n|‽Abigcamel|abigcamel
|inactive|Abigcamel has 120 seconds left.
|
|t:|1779894069
|switch|p1a: Golduck|Golduck, M|100/100
|-damage|p1a: Golduck|88/100|[from] Stealth Rock
|turn|6
|c|☆slowlyfadingaway|you're on a VPN
|c|☆slowlyfadingaway|aren'tcha
|
|t:|1779894079
|move|p2a: Garchomp|Scale Shot|p1a: Golduck
|-damage|p1a: Golduck|62/100
|-damage|p1a: Golduck|38/100
|-damage|p1a: Golduck|14/100
|-damage|p1a: Golduck|0 fnt
|faint|p1a: Golduck
|-hitcount|p1: Golduck|4
|-unboost|p2a: Garchomp|def|1
|-boost|p2a: Garchomp|spe|1
|
|-weather|RainDance|[upkeep]
|upkeep
|
|t:|1779894085
|switch|p1a: Pawmot|Pawmot, F|100/100
|-damage|p1a: Pawmot|94/100|[from] Stealth Rock
|turn|7
|
|t:|1779894090
|-terastallize|p1a: Pawmot|Fairy
|move|p2a: Garchomp|Earthquake|p1a: Pawmot
|-damage|p1a: Pawmot|24/100
|move|p1a: Pawmot|Encore|p2a: Garchomp
|-start|p2a: Garchomp|Encore
|
|-weather|RainDance|[upkeep]
|upkeep
|turn|8
|c|☆slowlyfadingaway|nice try
|
|t:|1779894102
|move|p2a: Garchomp|Earthquake|p1a: Pawmot
|-damage|p1a: Pawmot|0 fnt
|faint|p1a: Pawmot
|
|-weather|RainDance|[upkeep]
|upkeep
|
|t:|1779894104
|switch|p1a: Barraskewda|Barraskewda, F|100/100
|-damage|p1a: Barraskewda|88/100|[from] Stealth Rock
|turn|9
|c|☆slowlyfadingaway|i was loaded dice this whole time
|
|t:|1779894110
|move|p2a: Garchomp|Earthquake|p1a: Barraskewda
|-damage|p1a: Barraskewda|0 fnt
|faint|p1a: Barraskewda
|
|-weather|RainDance|[upkeep]
|upkeep
|
|t:|1779894112
|switch|p1a: Tentacruel|Tentacruel, F|100/100
|-damage|p1a: Tentacruel|88/100|[from] Stealth Rock
|turn|10
|
|t:|1779894115
|move|p2a: Garchomp|Earthquake|p1a: Tentacruel
|-supereffective|p1a: Tentacruel
|-damage|p1a: Tentacruel|0 fnt
|faint|p1a: Tentacruel
|
|win|slowlyfadingaway
|raw|Abigcamel's rating: 1484 &rarr; <strong>1461</strong><br />(-23 for losing)
|raw|slowlyfadingaway's rating: 1434 &rarr; <strong>1457</strong><br />(+23 for winning)
|l|‽Abigcamel
|player|p1|
|l|☆slowlyfadingaway
|player|p2|
