|j|☆ifejwfewfew
|j|☆Chinatownz
|t:|1779876239
|gametype|singles
|player|p1|ifejwfewfew|170|1285
|player|p2|Chinatownz|fisherman-gen4|1323
|gen|9
|tier|[Gen 9] OU
|rated|
|rule|HP Percentage Mod: HP is shown in percentages
|rule|Endless Battle Clause: Forcing endless battles is banned
|rule|Species Clause: Limit one of each Pokémon
|rule|OHKO Clause: OHKO moves are banned
|rule|Evasion Items Clause: Evasion items are banned
|rule|Evasion Moves Clause: Evasion moves are banned
|rule|Evasion Abilities Clause: Evasion abilities are banned
|rule|Sleep Moves Clause: Sleep-inducing moves are banned
|clearpoke
|poke|p1|Cresselia, F|
|poke|p1|Hatterene, F|
|poke|p1|Volcanion|
|poke|p1|Ursaluna, M|
|poke|p1|Iron Hands|
|poke|p1|Porygon2|
|poke|p2|Pelipper, F|
|poke|p2|Landorus-Therian, M|
|poke|p2|Barraskewda, M|
|poke|p2|Iron Treads|
|poke|p2|Regieleki|
|poke|p2|Honchkrow, M|
|teampreview
|
|t:|1779876245
|teamsize|p1|6
|teamsize|p2|6
|start
|switch|p1a: Porygon2|Porygon2|100/100
|switch|p2a: Honchkrow|Honchkrow, M|100/100
|-ability|p1a: Porygon2|Download|boost
|-boost|p1a: Porygon2|spa|1
|turn|1
|inactive|Battle timer is ON: inactive players will automatically lose when time's up. (requested by Chinatownz)
|
|t:|1779876251
|move|p2a: Honchkrow|Night Slash|p1a: Porygon2
|-crit|p1a: Porygon2
|-damage|p1a: Porygon2|53/100
|move|p1a: Porygon2|Trick Room|p1a: Porygon2
|-fieldstart|move: Trick Room|[of] p1a: Porygon2
|
|upkeep
|turn|2
|
|t:|1779876257
|move|p1a: Porygon2|Recover|p1a: Porygon2
|-heal|p1a: Porygon2|100/100
|move|p2a: Honchkrow|Night Slash|p1a: Porygon2
|-damage|p1a: Porygon2|69/100
|
|upkeep
|turn|3
|
|t:|1779876263
|move|p1a: Porygon2|Tri Attack|p2a: Honchkrow
|-damage|p2a: Honchkrow|0 fnt
|faint|p2a: Honchkrow
|
|upkeep
|
|t:|1779876273
|switch|p2a: Regieleki|Regieleki, shiny|100/100
|turn|4
|
|t:|1779876279
|move|p1a: Porygon2|Tri Attack|p2a: Regieleki
|-damage|p2a: Regieleki|0 fnt
|faint|p2a: Regieleki
|
|upkeep
|
|t:|1779876283
|switch|p2a: Landorus|Landorus-Therian, M|100/100
|-ability|p2a: Landorus|Intimidate|boost
|-unboost|p1a: Porygon2|atk|1
|turn|5
|
|t:|1779876290
|move|p1a: Porygon2|Tri Attack|p2a: Landorus
|-damage|p2a: Landorus|25/100
|move|p2a: Landorus|U-turn|p1a: Porygon2
|-damage|p1a: Porygon2|55/100
|
|t:|1779876293
|switch|p2a: Pelipper|Pelipper, F|100/100|[from] U-turn
|-weather|RainDance|[from] ability: Drizzle|[of] p2a: Pelipper
|
|-weather|RainDance|[upkeep]
|-fieldend|move: Trick Room
|upkeep
|turn|6
|
|t:|1779876298
|move|p2a: Pelipper|Surf|p1a: Porygon2
|-damage|p1a: Porygon2|29/100
|move|p1a: Porygon2|Trick Room|p1a: Porygon2
|-fieldstart|move: Trick Room|[of] p1a: Porygon2
|
|-weather|RainDance|[upkeep]
|upkeep
|turn|7
|-message|Chinatownz forfeited.
|
|win|ifejwfewfew
|raw|ifejwfewfew's rating: 1285 &rarr; <strong>1313</strong><br />(+28 for winning)
|raw|Chinatownz's rating: 1323 &rarr; <strong>1301</strong><br />(-22 for losing)
|l|☆Chinatownz
|player|p2|
|l|☆ifejwfewfew
|player|p1|
