|j|☆pineapplefred2
|j|☆jungle herbert
|t:|1779947714
|gametype|singles
|player|p1|pineapplefred2|red|1351
|player|p2|jungle herbert|266|1299
|gen|9
|tier|[Gen 9] OU
|rated|
|rule|HP Percentage Mod: HP is shown in percentages
|rule|Endless Battle Clause: Forcing endless battles is banned
|rule|Species Clause: Limit one of each Pokémon
|rule|OHKO Clause: OHKO moves are banned
|rule|Evasion Items Clause: Evasion items are banned
|rule|Evasion Moves Clause: Evasion moves are banned
|rule|Evasion Abilities Clause: Evasion abilities are banned
|rule|Sleep Moves Clause: Sleep-inducing moves are banned
|clearpoke
|poke|p1|Kyurem|
|poke|p1|Slowking-Galar, F|
|poke|p1|Dragapult, F|
|poke|p1|Kingambit, F|
|poke|p1|Great Tusk|
|poke|p1|Moltres|
|poke|p2|Araquanid, M|
|poke|p2|Weezing-Galar, M|
|poke|p2|Iron Valiant|
|poke|p2|Jolteon, M|
|poke|p2|Meowscarada, M|
|poke|p2|Landorus-Therian, M|
|teampreview
|
|t:|1779947723
|teamsize|p1|6
|teamsize|p2|6
|start
|switch|p1a: Kyurem|Kyurem|100/100
|switch|p2a: Meowscarada|Meowscarada, M, shiny|100/100
|-ability|p1a: Kyurem|Pressure
|turn|1
|
|t:|1779947746
|switch|p2a: Jolteon|Jolteon, M, shiny|100/100
|move|p1a: Kyurem|Ice Beam|p2a: Jolteon
|-damage|p2a: Jolteon|27/100
|
|upkeep
|turn|2
|inactive|Battle timer is ON: inactive players will automatically lose when time's up. (requested by pineapplefred2)
|
|t:|1779947756
|switch|p1a: Great Tusk|Great Tusk|100/100
|move|p2a: Jolteon|Volt Switch|p1a: Great Tusk
|-immune|p1a: Great Tusk
|
|upkeep
|turn|3
|
|t:|1779947764
|switch|p2a: Landorus|Landorus-Therian, M|100/100
|-ability|p2a: Landorus|Intimidate|boost
|-unboost|p1a: Great Tusk|atk|1
|move|p1a: Great Tusk|Knock Off|p2a: Landorus
|-damage|p2a: Landorus|79/100
|-enditem|p2a: Landorus|Leftovers|[from] move: Knock Off|[of] p1a: Great Tusk
|
|upkeep
|turn|4
|
|t:|1779947773
|switch|p2a: Araquanid|Araquanid, M|100/100
|move|p1a: Great Tusk|Stealth Rock|p2a: Araquanid
|-sidestart|p2: jungle herbert|move: Stealth Rock
|
|upkeep
|turn|5
|
|t:|1779947782
|move|p1a: Great Tusk|Knock Off|p2a: Araquanid
|-damage|p2a: Araquanid|82/100
|-enditem|p2a: Araquanid|Leftovers|[from] move: Knock Off|[of] p1a: Great Tusk
|move|p2a: Araquanid|Liquidation|p1a: Great Tusk
|-supereffective|p1a: Great Tusk
|-damage|p1a: Great Tusk|21/100
|
|upkeep
|turn|6
|
|t:|1779947790
|-end|p1a: Great Tusk|Protosynthesis|[silent]
|switch|p1a: Kyurem|Kyurem|100/100
|-ability|p1a: Kyurem|Pressure
|move|p2a: Araquanid|Liquidation|p1a: Kyurem
|-resisted|p1a: Kyurem
|-damage|p1a: Kyurem|75/100
|-unboost|p1a: Kyurem|def|1
|
|upkeep
|turn|7
|
|t:|1779947799
|move|p1a: Kyurem|Freeze-Dry|p2a: Araquanid
|-supereffective|p2a: Araquanid
|-damage|p2a: Araquanid|12/100
|move|p2a: Araquanid|Liquidation|p1a: Kyurem
|-resisted|p1a: Kyurem
|-damage|p1a: Kyurem|33/100
|-unboost|p1a: Kyurem|def|1
|
|upkeep
|turn|8
|
|t:|1779947814
|move|p1a: Kyurem|Freeze-Dry|p2a: Araquanid
|-supereffective|p2a: Araquanid
|-damage|p2a: Araquanid|0 fnt
|faint|p2a: Araquanid
|
|upkeep
|
|t:|1779947822
|switch|p2a: Weezing|Weezing-Galar, M|100/100
|-damage|p2a: Weezing|88/100|[from] Stealth Rock
|turn|9
|
|t:|1779947829
|switch|p1a: Moltres|Moltres|100/100
|move|p2a: Weezing|Defog|p1a: Moltres
|-unboost|p1a: Moltres|evasion|1
|-sideend|p2: jungle herbert|Stealth Rock|[from] move: Defog|[of] p2a: Weezing
|
|-heal|p2a: Weezing|94/100|[from] item: Black Sludge
|upkeep
|turn|10
|
|t:|1779947842
|switch|p2a: Landorus|Landorus-Therian, M|79/100
|-ability|p2a: Landorus|Intimidate|boost
|-unboost|p1a: Moltres|atk|1
|move|p1a: Moltres|Flamethrower|p2a: Landorus
|-damage|p2a: Landorus|36/100
|-status|p2a: Landorus|brn
|
|-damage|p2a: Landorus|30/100 brn|[from] brn
|upkeep
|turn|11
|
|t:|1779947857
|move|p2a: Landorus|Smack Down|p1a: Moltres
|-supereffective|p1a: Moltres
|-damage|p1a: Moltres|74/100
|-start|p1a: Moltres|Smack Down
|move|p1a: Moltres|Roost|p1a: Moltres
|-heal|p1a: Moltres|100/100
|-singleturn|p1a: Moltres|move: Roost
|
|-damage|p2a: Landorus|24/100 brn|[from] brn
|upkeep
|turn|12
|
|t:|1779947870
|switch|p1a: Kingambit|Kingambit, F|100/100
|move|p2a: Landorus|Earthquake|p1a: Kingambit
|-supereffective|p1a: Kingambit
|-damage|p1a: Kingambit|61/100
|
|-heal|p1a: Kingambit|67/100|[from] item: Leftovers
|-damage|p2a: Landorus|18/100 brn|[from] brn
|upkeep
|turn|13
|
|t:|1779947892
|move|p1a: Kingambit|Sucker Punch|p2a: Landorus
|-damage|p2a: Landorus|0 fnt
|faint|p2a: Landorus
|
|-heal|p1a: Kingambit|73/100|[from] item: Leftovers
|upkeep
|
|t:|1779947899
|switch|p2a: Iron Valiant|Iron Valiant|100/100
|-enditem|p2a: Iron Valiant|Booster Energy
|-activate|p2a: Iron Valiant|ability: Quark Drive|[fromitem]
|-start|p2a: Iron Valiant|quarkdrivespe
|turn|14
|
|t:|1779947910
|move|p2a: Iron Valiant|Swords Dance|p2a: Iron Valiant
|-boost|p2a: Iron Valiant|atk|2
|move|p1a: Kingambit|Iron Head|p2a: Iron Valiant
|-supereffective|p2a: Iron Valiant
|-damage|p2a: Iron Valiant|0 fnt
|faint|p2a: Iron Valiant
|-end|p2a: Iron Valiant|Quark Drive|[silent]
|
|-heal|p1a: Kingambit|79/100|[from] item: Leftovers
|upkeep
|-message|jungle herbert forfeited.
|
|win|pineapplefred2
|raw|pineapplefred2's rating: 1351 &rarr; <strong>1368</strong><br />(+17 for winning)
|raw|jungle herbert's rating: 1299 &rarr; <strong>1278</strong><br />(-21 for losing)
|l|☆jungle herbert
|player|p2|
|l|☆pineapplefred2
|player|p1|
