|j|☆zermoon
|j|☆firered27
|t:|1779859946
|gametype|singles
|player|p1|zermoon|102|1273
|player|p2|firered27|1|1304
|gen|9
|tier|[Gen 9] OU
|rated|
|rule|HP Percentage Mod: HP is shown in percentages
|rule|Endless Battle Clause: Forcing endless battles is banned
|rule|Species Clause: Limit one of each Pokémon
|rule|OHKO Clause: OHKO moves are banned
|rule|Evasion Items Clause: Evasion items are banned
|rule|Evasion Moves Clause: Evasion moves are banned
|rule|Evasion Abilities Clause: Evasion abilities are banned
|rule|Sleep Moves Clause: Sleep-inducing moves are banned
|clearpoke
|poke|p1|Primarina, M|
|poke|p1|Ceruledge, F|
|poke|p1|Hydrapple, M|
|poke|p1|Gallade, M|
|poke|p1|Gliscor, M|
|poke|p1|Kingambit, M|
|poke|p2|Vivillon, M|
|poke|p2|Ninetales-Alola, M|
|poke|p2|Ogerpon-Wellspring, F|
|poke|p2|Dragonite, M|
|poke|p2|Great Tusk|
|poke|p2|Hatterene, F|
|teampreview
|inactive|Battle timer is ON: inactive players will automatically lose when time's up. (requested by firered27)
|
|t:|1779859957
|teamsize|p1|6
|teamsize|p2|6
|start
|switch|p1a: Gallade|Gallade, M|100/100
|switch|p2a: Ninetales|Ninetales-Alola, M|100/100
|-weather|Snowscape|[from] ability: Snow Warning|[of] p2a: Ninetales
|turn|1
|
|t:|1779859967
|move|p1a: Gallade|Sacred Sword|p2a: Ninetales
|-crit|p2a: Ninetales
|-damage|p2a: Ninetales|20/100
|move|p2a: Ninetales|Aurora Veil|p2a: Ninetales
|-sidestart|p2: firered27|move: Aurora Veil
|
|-weather|Snowscape|[upkeep]
|upkeep
|turn|2
|
|t:|1779859977
|switch|p2a: Hatterene|Hatterene, F|100/100
|move|p1a: Gallade|Sacred Sword|p2a: Hatterene
|-resisted|p2a: Hatterene
|-damage|p2a: Hatterene|93/100
|-enditem|p2a: Hatterene|Eject Button
|
|t:|1779859988
|switch|p2a: Vivillon|Vivillon, M|100/100
|
|-weather|Snowscape|[upkeep]
|upkeep
|turn|3
|
|t:|1779860013
|switch|p1a: Primarina|Primarina, M|100/100
|move|p2a: Vivillon|Quiver Dance|p2a: Vivillon
|-boost|p2a: Vivillon|spa|1
|-boost|p2a: Vivillon|spd|1
|-boost|p2a: Vivillon|spe|1
|
|-weather|Snowscape|[upkeep]
|upkeep
|turn|4
|
|t:|1779860027
|move|p2a: Vivillon|Quiver Dance|p2a: Vivillon
|-boost|p2a: Vivillon|spa|1
|-boost|p2a: Vivillon|spd|1
|-boost|p2a: Vivillon|spe|1
|move|p1a: Primarina|Blizzard|p2a: Vivillon
|-supereffective|p2a: Vivillon
|-damage|p2a: Vivillon|57/100
|
|-weather|Snowscape|[upkeep]
|upkeep
|turn|5
|
|t:|1779860036
|move|p2a: Vivillon|Quiver Dance|p2a: Vivillon
|-boost|p2a: Vivillon|spa|1
|-boost|p2a: Vivillon|spd|1
|-boost|p2a: Vivillon|spe|1
|move|p1a: Primarina|Blizzard|p2a: Vivillon
|-supereffective|p2a: Vivillon
|-damage|p2a: Vivillon|23/100
|-status|p2a: Vivillon|frz
|
|-weather|none
|upkeep
|turn|6
|
|t:|1779860047
|cant|p2a: Vivillon|frz
|move|p1a: Primarina|Moonblast|p2a: Vivillon
|-damage|p2a: Vivillon|0 fnt
|faint|p2a: Vivillon
|
|upkeep
|
|t:|1779860054
|switch|p2a: Ninetales|Ninetales-Alola, M|20/100
|-weather|Snowscape|[from] ability: Snow Warning|[of] p2a: Ninetales
|turn|7
|
|t:|1779860059
|move|p2a: Ninetales|Freeze-Dry|p1a: Primarina
|-supereffective|p1a: Primarina
|-damage|p1a: Primarina|79/100
|move|p1a: Primarina|Moonblast|p2a: Ninetales
|-damage|p2a: Ninetales|0 fnt
|faint|p2a: Ninetales
|
|-weather|Snowscape|[upkeep]
|upkeep
|
|t:|1779860069
|switch|p2a: Ogerpon|Ogerpon-Wellspring, F|100/100
|turn|8
|
|t:|1779860079
|switch|p1a: Hydrapple|Hydrapple, M|100/100
|move|p2a: Ogerpon|Substitute|p2a: Ogerpon
|-start|p2a: Ogerpon|Substitute
|-damage|p2a: Ogerpon|76/100
|
|-weather|Snowscape|[upkeep]
|-sideend|p2: firered27|move: Aurora Veil
|upkeep
|turn|9
|
|t:|1779860089
|move|p2a: Ogerpon|Swords Dance|p2a: Ogerpon
|-boost|p2a: Ogerpon|atk|2
|move|p1a: Hydrapple|Fickle Beam|p2a: Ogerpon|[anim] Fickle Beam All Out
|-activate|p1a: Hydrapple|move: Fickle Beam
|-end|p2a: Ogerpon|Substitute
|
|-weather|Snowscape|[upkeep]
|upkeep
|turn|10
|
|t:|1779860099
|switch|p2a: Hatterene|Hatterene, F|93/100
|move|p1a: Hydrapple|Fickle Beam|p2a: Hatterene
|-immune|p2a: Hatterene
|
|-weather|Snowscape|[upkeep]
|upkeep
|turn|11
|
|t:|1779860113
|switch|p1a: Primarina|Primarina, M|79/100
|move|p2a: Hatterene|Nuzzle|p1a: Primarina
|-supereffective|p1a: Primarina
|-damage|p1a: Primarina|69/100
|-status|p1a: Primarina|par
|
|-weather|none
|upkeep
|turn|12
|
|t:|1779860125
|switch|p2a: Ogerpon|Ogerpon-Wellspring, F|76/100
|move|p1a: Primarina|Moonblast|p2a: Ogerpon
|-damage|p2a: Ogerpon|12/100
|-unboost|p2a: Ogerpon|spa|1
|
|upkeep
|turn|13
|
|t:|1779860135
|switch|p1a: Hydrapple|Hydrapple, M|100/100
|move|p2a: Ogerpon|Horn Leech|p1a: Hydrapple
|-resisted|p1a: Hydrapple
|-damage|p1a: Hydrapple|93/100
|-heal|p2a: Ogerpon|18/100|[from] drain|[of] p1a: Hydrapple
|-damage|p2a: Ogerpon|1/100|[from] item: Rocky Helmet|[of] p1a: Hydrapple
|
|upkeep
|turn|14
|
|t:|1779860145
|switch|p2a: Hatterene|Hatterene, F|93/100
|move|p1a: Hydrapple|Giga Drain|p2a: Hatterene
|-damage|p2a: Hatterene|50/100
|-heal|p1a: Hydrapple|100/100|[from] drain|[of] p2a: Hatterene
|
|upkeep
|turn|15
|
|t:|1779860154
|move|p2a: Hatterene|Draining Kiss|p1a: Hydrapple
|-supereffective|p1a: Hydrapple
|-damage|p1a: Hydrapple|59/100
|-heal|p2a: Hatterene|92/100|[from] drain|[of] p1a: Hydrapple
|-damage|p2a: Hatterene|75/100|[from] item: Rocky Helmet|[of] p1a: Hydrapple
|move|p1a: Hydrapple|Giga Drain|p2a: Hatterene
|-damage|p2a: Hatterene|36/100
|-heal|p1a: Hydrapple|74/100|[from] drain|[of] p2a: Hatterene
|
|upkeep
|turn|16
|
|t:|1779860167
|-terastallize|p1a: Hydrapple|Fire
|move|p2a: Hatterene|Draining Kiss|p1a: Hydrapple
|-resisted|p1a: Hydrapple
|-damage|p1a: Hydrapple|63/100
|-heal|p2a: Hatterene|47/100|[from] drain|[of] p1a: Hydrapple
|-damage|p2a: Hatterene|30/100|[from] item: Rocky Helmet|[of] p1a: Hydrapple
|move|p1a: Hydrapple|Giga Drain|p2a: Hatterene
|-damage|p2a: Hatterene|0 fnt
|-heal|p1a: Hydrapple|74/100|[from] drain|[of] p2a: Hatterene
|faint|p2a: Hatterene
|
|upkeep
|
|t:|1779860176
|switch|p2a: Great Tusk|Great Tusk|100/100
|-enditem|p2a: Great Tusk|Booster Energy
|-activate|p2a: Great Tusk|ability: Protosynthesis|[fromitem]
|-start|p2a: Great Tusk|protosynthesisspe
|turn|17
|
|t:|1779860190
|switch|p1a: Gallade|Gallade, M|100/100
|move|p2a: Great Tusk|Stealth Rock|p1a: Gallade
|-sidestart|p1: zermoon|move: Stealth Rock
|
|upkeep
|turn|18
|
|t:|1779860204
|move|p2a: Great Tusk|Headlong Rush|p1a: Gallade
|-damage|p1a: Gallade|15/100
|-unboost|p2a: Great Tusk|def|1
|-unboost|p2a: Great Tusk|spd|1
|move|p1a: Gallade|Psycho Cut|p2a: Great Tusk
|-supereffective|p2a: Great Tusk
|-damage|p2a: Great Tusk|0 fnt
|faint|p2a: Great Tusk
|-end|p2a: Great Tusk|Protosynthesis|[silent]
|
|upkeep
|
|t:|1779860211
|switch|p2a: Dragonite|Dragonite, M|100/100
|turn|19
|
|t:|1779860219
|move|p1a: Gallade|Psycho Cut|p2a: Dragonite
|-damage|p2a: Dragonite|69/100
|move|p2a: Dragonite|Dragon Dance|p2a: Dragonite
|-boost|p2a: Dragonite|atk|1
|-boost|p2a: Dragonite|spe|1
|
|upkeep
|turn|20
|
|t:|1779860226
|move|p2a: Dragonite|Extreme Speed|p1a: Gallade
|-damage|p1a: Gallade|0 fnt
|faint|p1a: Gallade
|
|upkeep
|
|t:|1779860238
|switch|p1a: Primarina|Primarina, M|69/100 par
|-damage|p1a: Primarina|57/100 par|[from] Stealth Rock
|turn|21
|
|t:|1779860246
|-terastallize|p2a: Dragonite|Normal
|move|p2a: Dragonite|Dragon Dance|p2a: Dragonite
|-boost|p2a: Dragonite|atk|1
|-boost|p2a: Dragonite|spe|1
|move|p1a: Primarina|Moonblast|p2a: Dragonite
|-damage|p2a: Dragonite|14/100
|
|upkeep
|turn|22
|
|t:|1779860254
|move|p2a: Dragonite|Extreme Speed|p1a: Primarina
|-damage|p1a: Primarina|0 fnt
|faint|p1a: Primarina
|
|upkeep
|
|t:|1779860261
|switch|p1a: Hydrapple|Hydrapple, M, tera:Fire|100/100
|-damage|p1a: Hydrapple|75/100|[from] Stealth Rock
|turn|23
|
|t:|1779860269
|move|p2a: Dragonite|Earthquake|p1a: Hydrapple
|-supereffective|p1a: Hydrapple
|-damage|p1a: Hydrapple|0 fnt
|faint|p1a: Hydrapple
|
|upkeep
|
|t:|1779860278
|switch|p1a: Ceruledge|Ceruledge, F|100/100
|-damage|p1a: Ceruledge|76/100|[from] Stealth Rock
|turn|24
|
|t:|1779860286
|move|p2a: Dragonite|Earthquake|p1a: Ceruledge
|-supereffective|p1a: Ceruledge
|-damage|p1a: Ceruledge|0 fnt
|faint|p1a: Ceruledge
|
|upkeep
|
|t:|1779860292
|switch|p1a: Gliscor|Gliscor, M|100/100
|-damage|p1a: Gliscor|88/100|[from] Stealth Rock
|turn|25
|
|t:|1779860296
|move|p1a: Gliscor|Protect|p1a: Gliscor
|-singleturn|p1a: Gliscor|Protect
|move|p2a: Dragonite|Ice Spinner|p1a: Gliscor
|-activate|p1a: Gliscor|move: Protect
|
|-status|p1a: Gliscor|tox|[from] item: Toxic Orb
|upkeep
|turn|26
|
|t:|1779860309
|move|p2a: Dragonite|Ice Spinner|p1a: Gliscor
|-supereffective|p1a: Gliscor
|-damage|p1a: Gliscor|0 fnt
|faint|p1a: Gliscor
|
|upkeep
|
|t:|1779860315
|switch|p1a: Kingambit|Kingambit, M|100/100
|-damage|p1a: Kingambit|94/100|[from] Stealth Rock
|-activate|p1a: Kingambit|ability: Supreme Overlord
|-start|p1a: Kingambit|fallen5|[silent]
|turn|27
|
|t:|1779860321
|move|p2a: Dragonite|Extreme Speed|p1a: Kingambit
|-resisted|p1a: Kingambit
|-damage|p1a: Kingambit|58/100
|move|p1a: Kingambit|Sucker Punch||[still]
|-fail|p1a: Kingambit
|
|upkeep
|turn|28
|
|t:|1779860329
|move|p1a: Kingambit|Sucker Punch|p2a: Dragonite
|-damage|p2a: Dragonite|0 fnt
|faint|p2a: Dragonite
|
|upkeep
|
|t:|1779860333
|switch|p2a: Ogerpon|Ogerpon-Wellspring, F|1/100
|turn|29
|
|t:|1779860338
|move|p1a: Kingambit|Sucker Punch||[still]
|-fail|p1a: Kingambit
|move|p2a: Ogerpon|Swords Dance|p2a: Ogerpon
|-boost|p2a: Ogerpon|atk|2
|
|upkeep
|turn|30
|
|t:|1779860344
|move|p1a: Kingambit|Sucker Punch||[still]
|-fail|p1a: Kingambit
|move|p2a: Ogerpon|Swords Dance|p2a: Ogerpon
|-boost|p2a: Ogerpon|atk|2
|
|upkeep
|turn|31
|
|t:|1779860351
|move|p1a: Kingambit|Sucker Punch||[still]
|-fail|p1a: Kingambit
|move|p2a: Ogerpon|Swords Dance|p2a: Ogerpon
|-boost|p2a: Ogerpon|atk|2
|
|upkeep
|turn|32
|
|t:|1779860358
|move|p1a: Kingambit|Sucker Punch||[still]
|-fail|p1a: Kingambit
|move|p2a: Ogerpon|Swords Dance|p2a: Ogerpon
|-boost|p2a: Ogerpon|atk|0
|
|upkeep
|turn|33
|
|t:|1779860364
|move|p1a: Kingambit|Sucker Punch||[still]
|-fail|p1a: Kingambit
|move|p2a: Ogerpon|Swords Dance|p2a: Ogerpon
|-boost|p2a: Ogerpon|atk|0
|
|upkeep
|turn|34
|
|t:|1779860373
|move|p1a: Kingambit|Sucker Punch||[still]
|-fail|p1a: Kingambit
|move|p2a: Ogerpon|Swords Dance|p2a: Ogerpon
|-boost|p2a: Ogerpon|atk|0
|
|upkeep
|turn|35
|
|t:|1779860383
|move|p2a: Ogerpon|Ivy Cudgel|p1a: Kingambit|[anim] Ivy Cudgel Water
|-damage|p1a: Kingambit|0 fnt
|faint|p1a: Kingambit
|-end|p1a: Kingambit|fallen5|[silent]
|
|win|firered27
|raw|zermoon's rating: 1273 &rarr; <strong>1250</strong><br />(-23 for losing)
|raw|firered27's rating: 1304 &rarr; <strong>1322</strong><br />(+18 for winning)
|l|☆zermoon
|player|p1|
|l|☆firered27
|player|p2|
