|j|☆Andher
|j|☆Linkinfernodouglas
|t:|1779905982
|gametype|singles
|player|p1|Andher|shadowtriad|1414
|player|p2|Linkinfernodouglas|roark|1359
|gen|9
|tier|[Gen 9] OU
|rated|
|rule|HP Percentage Mod: HP is shown in percentages
|rule|Endless Battle Clause: Forcing endless battles is banned
|rule|Species Clause: Limit one of each Pokémon
|rule|OHKO Clause: OHKO moves are banned
|rule|Evasion Items Clause: Evasion items are banned
|rule|Evasion Moves Clause: Evasion moves are banned
|rule|Evasion Abilities Clause: Evasion abilities are banned
|rule|Sleep Moves Clause: Sleep-inducing moves are banned
|clearpoke
|poke|p1|Samurott-Hisui, F|
|poke|p1|Corviknight, F|
|poke|p1|Kingambit, M|
|poke|p1|Skeledirge, F|
|poke|p1|Gengar, F|
|poke|p1|Dragapult, F|
|poke|p2|Regieleki|
|poke|p2|Ting-Lu|
|poke|p2|Kyurem|
|poke|p2|Kingambit, F|
|poke|p2|Garganacl, F|
|poke|p2|Moltres|
|teampreview
|inactive|Battle timer is ON: inactive players will automatically lose when time's up. (requested by Linkinfernodouglas)
|inactive|Andher has 120 seconds left.
|
|t:|1779906048
|teamsize|p1|6
|teamsize|p2|6
|start
|switch|p1a: Shogun|Kingambit, M|100/100
|switch|p2a: Kyurem|Kyurem|100/100
|-ability|p2a: Kyurem|Pressure
|turn|1
|
|t:|1779906059
|switch|p2a: Moltres|Moltres|100/100
|move|p1a: Shogun|Iron Head|p2a: Moltres
|-resisted|p2a: Moltres
|-damage|p2a: Moltres|85/100
|-status|p1a: Shogun|brn|[from] ability: Flame Body|[of] p2a: Moltres
|
|-damage|p1a: Shogun|94/100 brn|[from] brn
|upkeep
|turn|2
|
|t:|1779906074
|move|p2a: Moltres|Flamethrower|p1a: Shogun
|-supereffective|p1a: Shogun
|-damage|p1a: Shogun|28/100 brn
|move|p1a: Shogun|Swords Dance|p1a: Shogun
|-boost|p1a: Shogun|atk|2
|
|-heal|p1a: Shogun|35/100 brn|[from] item: Leftovers
|-damage|p1a: Shogun|28/100 brn|[from] brn
|upkeep
|turn|3
|
|t:|1779906083
|move|p1a: Shogun|Sucker Punch|p2a: Moltres
|-damage|p2a: Moltres|58/100
|move|p2a: Moltres|Flamethrower|p1a: Shogun
|-supereffective|p1a: Shogun
|-damage|p1a: Shogun|0 fnt
|faint|p1a: Shogun
|-end|p1a: Shogun|fallenundefined|[silent]
|
|upkeep
|
|t:|1779906091
|switch|p1a: Ombra|Dragapult, F|100/100
|turn|4
|
|t:|1779906113
|switch|p2a: Ting-Lu|Ting-Lu|100/100
|-ability|p2a: Ting-Lu|Vessel of Ruin
|move|p1a: Ombra|Hydro Pump|p2a: Ting-Lu
|-supereffective|p2a: Ting-Lu
|-damage|p2a: Ting-Lu|46/100
|-enditem|p2a: Ting-Lu|Weakness Policy
|-boost|p2a: Ting-Lu|atk|2|[from] item: Weakness Policy
|-boost|p2a: Ting-Lu|spa|2|[from] item: Weakness Policy
|
|upkeep
|turn|5
|
|t:|1779906137
|move|p1a: Ombra|Hydro Pump|p2a: Ting-Lu|[miss]
|-miss|p1a: Ombra|p2a: Ting-Lu
|move|p2a: Ting-Lu|Payback|p1a: Ombra
|-supereffective|p1a: Ombra
|-damage|p1a: Ombra|0 fnt
|faint|p1a: Ombra
|
|upkeep
|-message|Andher forfeited.
|
|win|Linkinfernodouglas
|raw|Andher's rating: 1414 &rarr; <strong>1391</strong><br />(-23 for losing)
|raw|Linkinfernodouglas's rating: 1359 &rarr; <strong>1382</strong><br />(+23 for winning)
|l|☆Andher
|player|p1|
|c|☆Linkinfernodouglas|gg
