|j|☆nepturee
|j|☆gvgvjvfcgv
|t:|1779927112
|gametype|singles
|player|p1|nepturee|miku-water|1353
|player|p2|gvgvjvfcgv|101|1299
|gen|9
|tier|[Gen 9] OU
|rated|
|rule|HP Percentage Mod: HP is shown in percentages
|rule|Endless Battle Clause: Forcing endless battles is banned
|rule|Species Clause: Limit one of each Pokémon
|rule|OHKO Clause: OHKO moves are banned
|rule|Evasion Items Clause: Evasion items are banned
|rule|Evasion Moves Clause: Evasion moves are banned
|rule|Evasion Abilities Clause: Evasion abilities are banned
|rule|Sleep Moves Clause: Sleep-inducing moves are banned
|clearpoke
|poke|p1|Gholdengo|
|poke|p1|Darkrai|
|poke|p1|Clefable, F|
|poke|p1|Ting-Lu|
|poke|p1|Dragonite, F|
|poke|p1|Pecharunt|
|poke|p2|Dragonite, M|
|poke|p2|Clefable, M|
|poke|p2|Moltres|
|poke|p2|Haunter, F|
|poke|p2|Gengar, M|
|poke|p2|Golem, F|
|teampreview
|c|☆nepturee|tuff team
|
|t:|1779927126
|teamsize|p1|6
|teamsize|p2|6
|start
|switch|p1a: Ting-Lu|Ting-Lu|100/100
|switch|p2a: Lil bro|Haunter, F|100/100
|-ability|p1a: Ting-Lu|Vessel of Ruin
|turn|1
|
|t:|1779927132
|move|p2a: Lil bro|Mean Look|p1a: Ting-Lu
|-activate|p1a: Ting-Lu|trapped
|move|p1a: Ting-Lu|Stealth Rock|p2a: Lil bro
|-sidestart|p2: gvgvjvfcgv|move: Stealth Rock
|
|upkeep
|turn|2
|
|t:|1779927139
|move|p2a: Lil bro|Taunt|p1a: Ting-Lu
|-start|p1a: Ting-Lu|move: Taunt
|cant|p1a: Ting-Lu|move: Taunt|Whirlwind
|
|upkeep
|turn|3
|
|t:|1779927144
|move|p2a: Lil bro|Shadow Ball|p1a: Ting-Lu
|-resisted|p1a: Ting-Lu
|-damage|p1a: Ting-Lu|92/100
|-enditem|p1a: Ting-Lu|Red Card|[of] p2a: Lil bro
|drag|p2a: Moltres|Moltres|100/100
|move|p1a: Ting-Lu|Ruination|p2a: Moltres
|-damage|p2a: Moltres|50/100
|
|upkeep
|turn|4
|
|t:|1779927163
|switch|p1a: Gholdengo|Gholdengo|100/100
|move|p2a: Moltres|Roost|p2a: Moltres
|-heal|p2a: Moltres|100/100
|-singleturn|p2a: Moltres|move: Roost
|
|upkeep
|turn|5
|
|t:|1779927176
|switch|p1a: Ting-Lu|Ting-Lu|92/100
|-ability|p1a: Ting-Lu|Vessel of Ruin
|move|p2a: Moltres|Flamethrower|p1a: Ting-Lu
|-damage|p1a: Ting-Lu|74/100
|-status|p1a: Ting-Lu|brn
|
|-damage|p1a: Ting-Lu|68/100 brn|[from] brn
|upkeep
|turn|6
|
|t:|1779927187
|move|p2a: Moltres|Flamethrower|p1a: Ting-Lu
|-damage|p1a: Ting-Lu|50/100 brn
|move|p1a: Ting-Lu|Spikes|p2a: Moltres
|-sidestart|p2: gvgvjvfcgv|Spikes
|
|-damage|p1a: Ting-Lu|44/100 brn|[from] brn
|upkeep
|turn|7
|
|t:|1779927193
|move|p2a: Moltres|Flamethrower|p1a: Ting-Lu
|-crit|p1a: Ting-Lu
|-damage|p1a: Ting-Lu|16/100 brn
|move|p1a: Ting-Lu|Spikes|p2a: Moltres
|-sidestart|p2: gvgvjvfcgv|Spikes
|
|-damage|p1a: Ting-Lu|10/100 brn|[from] brn
|upkeep
|turn|8
|
|t:|1779927200
|move|p2a: Moltres|Flamethrower|p1a: Ting-Lu
|-damage|p1a: Ting-Lu|0 fnt
|faint|p1a: Ting-Lu
|
|upkeep
|
|t:|1779927212
|switch|p1a: Clefable|Clefable, F|100/100
|turn|9
|inactive|Battle timer is ON: inactive players will automatically lose when time's up. (requested by nepturee)
|
|t:|1779927224
|switch|p2a: Lil bro|Haunter, F|100/100
|-damage|p2a: Lil bro|88/100|[from] Stealth Rock
|move|p1a: Clefable|Calm Mind|p1a: Clefable
|-boost|p1a: Clefable|spa|1
|-boost|p1a: Clefable|spd|1
|
|upkeep
|turn|10
|
|t:|1779927239
|move|p2a: Lil bro|Taunt|p1a: Clefable
|-start|p1a: Clefable|move: Taunt
|move|p1a: Clefable|Flamethrower|p2a: Lil bro
|-damage|p2a: Lil bro|0 fnt
|faint|p2a: Lil bro
|
|upkeep
|
|t:|1779927246
|switch|p2a: Golem|Golem, F|100/100
|-damage|p2a: Golem|95/100|[from] Stealth Rock
|-damage|p2a: Golem|78/100|[from] Spikes
|turn|11
|
|t:|1779927260
|switch|p1a: Pecharunt|Pecharunt|100/100
|-terastallize|p2a: Golem|Normal
|move|p2a: Golem|Explosion|p1a: Pecharunt
|-immune|p1a: Pecharunt
|faint|p2a: Golem
|
|upkeep
|
|t:|1779927267
|switch|p2a: Big bro|Gengar, M|100/100
|-damage|p2a: Big bro|88/100|[from] Stealth Rock
|-damage|p2a: Big bro|72/100|[from] Spikes
|turn|12
|
|t:|1779927274
|switch|p1a: Darkrai|Darkrai|100/100
|move|p2a: Big bro|Shadow Ball|p1a: Darkrai
|-resisted|p1a: Darkrai
|-damage|p1a: Darkrai|68/100
|
|upkeep
|turn|13
|
|t:|1779927285
|switch|p2a: Clefable|Clefable, M|100/100
|move|p1a: Darkrai|Knock Off|p2a: Clefable
|-resisted|p2a: Clefable
|-damage|p2a: Clefable|87/100
|-enditem|p2a: Clefable|Leftovers|[from] move: Knock Off|[of] p1a: Darkrai
|
|upkeep
|turn|14
|
|t:|1779927295
|switch|p1a: Pecharunt|Pecharunt|100/100
|move|p2a: Clefable|Thunder Wave|p1a: Pecharunt
|-status|p1a: Pecharunt|par
|
|upkeep
|turn|15
|
|t:|1779927303
|switch|p2a: Big bro|Gengar, M|72/100
|-damage|p2a: Big bro|60/100|[from] Stealth Rock
|-damage|p2a: Big bro|43/100|[from] Spikes
|move|p1a: Pecharunt|Malignant Chain|p2a: Big bro
|-resisted|p2a: Big bro
|-damage|p2a: Big bro|29/100
|
|upkeep
|turn|16
|
|t:|1779927316
|move|p2a: Big bro|Sludge Wave|p1a: Pecharunt
|-resisted|p1a: Pecharunt
|-damage|p1a: Pecharunt|86/100 par
|move|p1a: Pecharunt|Shadow Ball|p2a: Big bro
|-supereffective|p2a: Big bro
|-damage|p2a: Big bro|0 fnt
|faint|p2a: Big bro
|
|upkeep
|
|t:|1779927323
|switch|p2a: Dragonite|Dragonite, M|100/100
|turn|17
|
|t:|1779927331
|move|p2a: Dragonite|Earthquake|p1a: Pecharunt
|-supereffective|p1a: Pecharunt
|-damage|p1a: Pecharunt|43/100 par
|move|p1a: Pecharunt|Malignant Chain|p2a: Dragonite
|-damage|p2a: Dragonite|86/100
|-status|p2a: Dragonite|tox
|-start|p2a: Dragonite|confusion|[from] ability: Poison Puppeteer|[of] p1a: Pecharunt
|
|-damage|p2a: Dragonite|79/100 tox|[from] psn
|upkeep
|turn|18
|
|t:|1779927343
|switch|p2a: Moltres|Moltres|100/100
|switch|p1a: Dragonite|Dragonite, F|100/100
|
|upkeep
|turn|19
|
|t:|1779927349
|switch|p1a: Pecharunt|Pecharunt|43/100 par
|move|p2a: Moltres|Will-O-Wisp||[still]
|-fail|p2a: Moltres
|
|upkeep
|turn|20
|
|t:|1779927357
|move|p2a: Moltres|Flamethrower|p1a: Pecharunt
|-damage|p1a: Pecharunt|4/100 par
|move|p1a: Pecharunt|Malignant Chain|p2a: Moltres
|-damage|p2a: Moltres|67/100
|-status|p2a: Moltres|tox
|-start|p2a: Moltres|confusion|[from] ability: Poison Puppeteer|[of] p1a: Pecharunt
|
|-damage|p2a: Moltres|61/100 tox|[from] psn
|upkeep
|turn|21
|
|t:|1779927368
|-activate|p2a: Moltres|confusion
|-damage|p2a: Moltres|55/100 tox|[from] confusion
|move|p1a: Pecharunt|Malignant Chain|p2a: Moltres
|-damage|p2a: Moltres|21/100 tox
|
|-damage|p2a: Moltres|9/100 tox|[from] psn
|upkeep
|turn|22
|
|t:|1779927375
|-end|p2a: Moltres|confusion
|move|p2a: Moltres|Flamethrower|p1a: Pecharunt
|-damage|p1a: Pecharunt|0 fnt
|faint|p1a: Pecharunt
|
|-damage|p2a: Moltres|0 fnt|[from] psn
|faint|p2a: Moltres
|upkeep
|
|t:|1779927385
|switch|p1a: Gholdengo|Gholdengo|100/100
|switch|p2a: Dragonite|Dragonite, M|79/100 tox
|turn|23
|
|t:|1779927390
|move|p1a: Gholdengo|Trick|p2a: Dragonite
|-activate|p1a: Gholdengo|move: Trick|[of] p2a: Dragonite
|-item|p2a: Dragonite|Choice Scarf|[from] move: Trick
|-item|p1a: Gholdengo|Heavy-Duty Boots|[from] move: Trick
|move|p2a: Dragonite|Earthquake|p1a: Gholdengo
|-supereffective|p1a: Gholdengo
|-damage|p1a: Gholdengo|19/100
|
|-damage|p2a: Dragonite|73/100 tox|[from] psn
|upkeep
|turn|24
|
|t:|1779927409
|switch|p2a: Clefable|Clefable, M|87/100
|switch|p1a: Clefable|Clefable, F|100/100
|
|upkeep
|turn|25
|
|t:|1779927419
|move|p1a: Clefable|Moonblast|p2a: Clefable
|-damage|p2a: Clefable|55/100
|-unboost|p2a: Clefable|spa|1
|move|p2a: Clefable|Moonblast|p1a: Clefable
|-damage|p1a: Clefable|82/100
|-unboost|p1a: Clefable|spa|1
|
|upkeep
|turn|26
|
|t:|1779927427
|move|p1a: Clefable|Moonblast|p2a: Clefable
|-damage|p2a: Clefable|33/100
|move|p2a: Clefable|Moonlight|p2a: Clefable
|-heal|p2a: Clefable|83/100
|
|upkeep
|turn|27
|
|t:|1779927433
|move|p1a: Clefable|Calm Mind|p1a: Clefable
|-boost|p1a: Clefable|spa|1
|-boost|p1a: Clefable|spd|1
|move|p2a: Clefable|Thunder Wave|p1a: Clefable
|-status|p1a: Clefable|par
|
|upkeep
|turn|28
|
|t:|1779927440
|move|p2a: Clefable|Calm Mind|p2a: Clefable
|-boost|p2a: Clefable|spa|1
|-boost|p2a: Clefable|spd|1
|cant|p1a: Clefable|par
|
|upkeep
|turn|29
|
|t:|1779927453
|switch|p1a: Gholdengo|Gholdengo|19/100
|move|p2a: Clefable|Calm Mind|p2a: Clefable
|-boost|p2a: Clefable|spa|1
|-boost|p2a: Clefable|spd|1
|
|upkeep
|turn|30
|
|t:|1779927465
|move|p1a: Gholdengo|Thunder Wave|p2a: Clefable
|-status|p2a: Clefable|par
|move|p2a: Clefable|Moonblast|p1a: Gholdengo
|-resisted|p1a: Gholdengo
|-damage|p1a: Gholdengo|0 fnt
|faint|p1a: Gholdengo
|
|upkeep
|
|t:|1779927479
|switch|p1a: Dragonite|Dragonite, F|100/100
|turn|31
|
|t:|1779927494
|-terastallize|p1a: Dragonite|Normal
|move|p1a: Dragonite|Dragon Dance|p1a: Dragonite
|-boost|p1a: Dragonite|atk|1
|-boost|p1a: Dragonite|spe|1
|move|p2a: Clefable|Moonblast|p1a: Dragonite
|-damage|p1a: Dragonite|78/100
|-unboost|p1a: Dragonite|spa|1
|
|upkeep
|turn|32
|
|t:|1779927507
|move|p1a: Dragonite|Extreme Speed|p2a: Clefable
|-damage|p2a: Clefable|6/100 par
|move|p2a: Clefable|Thunder Wave|p1a: Dragonite
|-status|p1a: Dragonite|par
|
|upkeep
|turn|33
|
|t:|1779927513
|cant|p1a: Dragonite|par
|move|p2a: Clefable|Moonblast|p1a: Dragonite
|-damage|p1a: Dragonite|27/100 par
|
|upkeep
|turn|34
|
|t:|1779927518
|move|p1a: Dragonite|Extreme Speed|p2a: Clefable
|-damage|p2a: Clefable|0 fnt
|faint|p2a: Clefable
|
|upkeep
|
|t:|1779927522
|switch|p2a: Dragonite|Dragonite, M|73/100 tox
|-damage|p2a: Dragonite|48/100 tox|[from] Stealth Rock
|turn|35
|
|t:|1779927528
|move|p2a: Dragonite|Extreme Speed|p1a: Dragonite
|-damage|p1a: Dragonite|0 fnt
|faint|p1a: Dragonite
|
|-damage|p2a: Dragonite|42/100 tox|[from] psn
|upkeep
|
|t:|1779927533
|switch|p1a: Clefable|Clefable, F|82/100 par
|turn|36
|
|t:|1779927537
|move|p2a: Dragonite|Extreme Speed|p1a: Clefable
|-damage|p1a: Clefable|44/100 par
|move|p1a: Clefable|Moonblast|p2a: Dragonite
|-supereffective|p2a: Dragonite
|-damage|p2a: Dragonite|0 fnt
|faint|p2a: Dragonite
|
|win|nepturee
|raw|nepturee's rating: 1353 &rarr; <strong>1370</strong><br />(+17 for winning)
|raw|gvgvjvfcgv's rating: 1299 &rarr; <strong>1278</strong><br />(-21 for losing)
|c|☆nepturee|gg
|l|☆nepturee
|player|p1|
|l|☆gvgvjvfcgv
|player|p2|
