|j|☆rockeater9000
|j|☆PlashShlate
|t:|1779924494
|gametype|singles
|player|p1|rockeater9000|102|1578
|player|p2|PlashShlate|2|1588
|gen|9
|tier|[Gen 9] OU
|rated|
|rule|HP Percentage Mod: HP is shown in percentages
|rule|Endless Battle Clause: Forcing endless battles is banned
|rule|Species Clause: Limit one of each Pokémon
|rule|OHKO Clause: OHKO moves are banned
|rule|Evasion Items Clause: Evasion items are banned
|rule|Evasion Moves Clause: Evasion moves are banned
|rule|Evasion Abilities Clause: Evasion abilities are banned
|rule|Sleep Moves Clause: Sleep-inducing moves are banned
|clearpoke
|poke|p1|Hydrapple, M|
|poke|p1|Clodsire, F|
|poke|p1|Bronzong|
|poke|p1|Regieleki|
|poke|p1|Pecharunt|
|poke|p1|Walking Wake|
|poke|p2|Landorus-Therian, M|
|poke|p2|Gholdengo|
|poke|p2|Rillaboom, F|
|poke|p2|Walking Wake|
|poke|p2|Volcanion|
|poke|p2|Zamazenta-*|
|teampreview
|inactive|Battle timer is ON: inactive players will automatically lose when time's up. (requested by PlashShlate)
|inactive|rockeater9000 also wants the timer to be on.
|
|t:|1779924508
|teamsize|p1|6
|teamsize|p2|6
|start
|switch|p1a: Regieleki|Regieleki|100/100
|switch|p2a: Landorus|Landorus-Therian, M|100/100
|-ability|p2a: Landorus|Intimidate|boost
|-unboost|p1a: Regieleki|atk|1
|turn|1
|
|t:|1779924511
|switch|p1a: Bronzong|Bronzong|100/100
|move|p2a: Landorus|Stealth Rock|p1a: Bronzong
|-sidestart|p1: rockeater9000|move: Stealth Rock
|
|upkeep
|turn|2
|
|t:|1779924513
|move|p2a: Landorus|Taunt|p1a: Bronzong
|-start|p1a: Bronzong|move: Taunt
|cant|p1a: Bronzong|move: Taunt|Stealth Rock
|
|upkeep
|turn|3
|
|t:|1779924516
|move|p2a: Landorus|U-turn|p1a: Bronzong
|-damage|p1a: Bronzong|82/100
|
|t:|1779924518
|switch|p2a: Volcanion|Volcanion|100/100|[from] U-turn
|move|p1a: Bronzong|Night Shade|p2a: Volcanion
|-damage|p2a: Volcanion|69/100
|
|-heal|p1a: Bronzong|89/100|[from] item: Leftovers
|upkeep
|turn|4
|
|t:|1779924535
|switch|p1a: Pecharunt|Pecharunt|100/100
|move|p2a: Volcanion|Steam Eruption|p1a: Pecharunt
|-damage|p1a: Pecharunt|41/100
|
|upkeep
|turn|5
|
|t:|1779924538
|move|p1a: Pecharunt|Parting Shot|p2a: Volcanion
|-unboost|p2a: Volcanion|atk|1
|-unboost|p2a: Volcanion|spa|1
|
|t:|1779924543
|switch|p1a: Walking Wake|Walking Wake|100/100|[from] Parting Shot
|move|p2a: Volcanion|Flamethrower|p1a: Walking Wake
|-resisted|p1a: Walking Wake
|-damage|p1a: Walking Wake|90/100
|
|upkeep
|turn|6
|
|t:|1779924547
|switch|p2a: Gholdengo|Gholdengo|100/100
|move|p1a: Walking Wake|Dragon Pulse|p2a: Gholdengo
|-resisted|p2a: Gholdengo
|-damage|p2a: Gholdengo|80/100
|
|upkeep
|turn|7
|
|t:|1779924561
|switch|p2a: Volcanion|Volcanion|69/100
|move|p1a: Walking Wake|Knock Off|p2a: Volcanion
|-damage|p2a: Volcanion|54/100
|-enditem|p2a: Volcanion|Shuca Berry|[from] move: Knock Off|[of] p1a: Walking Wake
|
|upkeep
|turn|8
|
|t:|1779924565
|move|p1a: Walking Wake|Dragon Pulse|p2a: Volcanion
|-damage|p2a: Volcanion|0 fnt
|faint|p2a: Volcanion
|
|upkeep
|
|t:|1779924570
|switch|p2a: Rillaboom|Rillaboom, F|100/100
|-fieldstart|move: Grassy Terrain|[from] ability: Grassy Surge|[of] p2a: Rillaboom
|turn|9
|
|t:|1779924574
|-end|p1a: Walking Wake|Protosynthesis|[silent]
|switch|p1a: Hydrapple|Hydrapple, M|100/100
|-damage|p1a: Hydrapple|88/100|[from] Stealth Rock
|move|p2a: Rillaboom|Grassy Glide|p1a: Hydrapple
|-resisted|p1a: Hydrapple
|-damage|p1a: Hydrapple|82/100
|-damage|p2a: Rillaboom|84/100|[from] item: Rocky Helmet|[of] p1a: Hydrapple
|-damage|p2a: Rillaboom|74/100|[from] item: Life Orb
|
|-heal|p2a: Rillaboom|80/100|[from] Grassy Terrain
|-heal|p1a: Hydrapple|88/100|[from] Grassy Terrain
|upkeep
|turn|10
|
|t:|1779924580
|switch|p2a: Gholdengo|Gholdengo|80/100
|-enditem|p2a: Gholdengo|Grassy Seed
|-boost|p2a: Gholdengo|def|1|[from] item: Grassy Seed
|move|p1a: Hydrapple|Earth Power|p2a: Gholdengo
|-supereffective|p2a: Gholdengo
|-damage|p2a: Gholdengo|41/100
|
|-heal|p2a: Gholdengo|47/100|[from] Grassy Terrain
|-heal|p1a: Hydrapple|94/100|[from] Grassy Terrain
|upkeep
|turn|11
|
|t:|1779924586
|switch|p1a: Walking Wake|Walking Wake|90/100
|move|p2a: Gholdengo|Recover|p2a: Gholdengo
|-heal|p2a: Gholdengo|97/100
|
|-heal|p1a: Walking Wake|96/100|[from] Grassy Terrain
|-heal|p2a: Gholdengo|100/100|[from] Grassy Terrain
|upkeep
|turn|12
|
|t:|1779924588
|move|p1a: Walking Wake|Surf|p2a: Gholdengo
|-damage|p2a: Gholdengo|59/100
|move|p2a: Gholdengo|Shadow Ball|p1a: Walking Wake
|-damage|p1a: Walking Wake|50/100
|
|-heal|p1a: Walking Wake|56/100|[from] Grassy Terrain
|-heal|p2a: Gholdengo|65/100|[from] Grassy Terrain
|upkeep
|turn|13
|
|t:|1779924592
|move|p1a: Walking Wake|Surf|p2a: Gholdengo
|-damage|p2a: Gholdengo|20/100
|move|p2a: Gholdengo|Shadow Ball|p1a: Walking Wake
|-damage|p1a: Walking Wake|9/100
|
|-heal|p1a: Walking Wake|16/100|[from] Grassy Terrain
|-heal|p2a: Gholdengo|26/100|[from] Grassy Terrain
|-fieldend|move: Grassy Terrain
|upkeep
|turn|14
|
|t:|1779924594
|move|p1a: Walking Wake|Surf|p2a: Gholdengo
|-damage|p2a: Gholdengo|0 fnt
|faint|p2a: Gholdengo
|
|upkeep
|
|t:|1779924596
|switch|p2a: Rillaboom|Rillaboom, F|80/100
|-fieldstart|move: Grassy Terrain|[from] ability: Grassy Surge|[of] p2a: Rillaboom
|turn|15
|
|t:|1779924599
|-end|p1a: Walking Wake|Protosynthesis|[silent]
|switch|p1a: Hydrapple|Hydrapple, M|100/100
|-damage|p1a: Hydrapple|88/100|[from] Stealth Rock
|move|p2a: Rillaboom|Swords Dance|p2a: Rillaboom
|-boost|p2a: Rillaboom|atk|2
|
|-heal|p2a: Rillaboom|87/100|[from] Grassy Terrain
|-heal|p1a: Hydrapple|94/100|[from] Grassy Terrain
|upkeep
|turn|16
|
|t:|1779924602
|-terastallize|p2a: Rillaboom|Dark
|move|p2a: Rillaboom|Knock Off|p1a: Hydrapple
|-damage|p1a: Hydrapple|17/100
|-damage|p2a: Rillaboom|70/100|[from] item: Rocky Helmet|[of] p1a: Hydrapple
|-enditem|p1a: Hydrapple|Rocky Helmet|[from] move: Knock Off|[of] p2a: Rillaboom
|-damage|p2a: Rillaboom|60/100|[from] item: Life Orb
|move|p1a: Hydrapple|Fickle Beam|p2a: Rillaboom|[anim] Fickle Beam All Out
|-activate|p1a: Hydrapple|move: Fickle Beam
|-damage|p2a: Rillaboom|0 fnt
|faint|p2a: Rillaboom
|
|-heal|p1a: Hydrapple|23/100|[from] Grassy Terrain
|upkeep
|
|t:|1779924607
|switch|p2a: Walking Wake|Walking Wake|100/100
|-enditem|p2a: Walking Wake|Booster Energy
|-activate|p2a: Walking Wake|ability: Protosynthesis|[fromitem]
|-start|p2a: Walking Wake|protosynthesisspa
|turn|17
|
|t:|1779924614
|move|p2a: Walking Wake|Flamethrower|p1a: Hydrapple
|-damage|p1a: Hydrapple|0 fnt
|faint|p1a: Hydrapple
|
|upkeep
|
|t:|1779924633
|switch|p1a: Regieleki|Regieleki|100/100
|turn|18
|
|t:|1779924660
|-terastallize|p1a: Regieleki|Electric
|move|p1a: Regieleki|Volt Switch|p2a: Walking Wake
|-damage|p2a: Walking Wake|40/100
|
|t:|1779924664
|switch|p1a: Walking Wake|Walking Wake|16/100|[from] Volt Switch
|move|p2a: Walking Wake|Agility|p2a: Walking Wake
|-boost|p2a: Walking Wake|spe|2
|
|-heal|p2a: Walking Wake|46/100|[from] Grassy Terrain
|-heal|p1a: Walking Wake|22/100|[from] Grassy Terrain
|upkeep
|turn|19
|
|t:|1779924667
|move|p2a: Walking Wake|Dragon Pulse|p1a: Walking Wake
|-supereffective|p1a: Walking Wake
|-damage|p1a: Walking Wake|0 fnt
|faint|p1a: Walking Wake
|-end|p1a: Walking Wake|Protosynthesis|[silent]
|
|-heal|p2a: Walking Wake|52/100|[from] Grassy Terrain
|-fieldend|move: Grassy Terrain
|upkeep
|
|t:|1779924688
|switch|p1a: Bronzong|Bronzong|89/100
|-damage|p1a: Bronzong|82/100|[from] Stealth Rock
|turn|20
|
|t:|1779924693
|move|p2a: Walking Wake|Flamethrower|p1a: Bronzong
|-supereffective|p1a: Bronzong
|-damage|p1a: Bronzong|30/100
|move|p1a: Bronzong|Night Shade|p2a: Walking Wake
|-damage|p2a: Walking Wake|23/100
|
|-heal|p1a: Bronzong|36/100|[from] item: Leftovers
|upkeep
|turn|21
|
|t:|1779924698
|move|p2a: Walking Wake|Surf|p1a: Bronzong
|-damage|p1a: Bronzong|0 fnt
|faint|p1a: Bronzong
|
|upkeep
|
|t:|1779924702
|switch|p1a: Clodsire|Clodsire, F|100/100
|-damage|p1a: Clodsire|94/100|[from] Stealth Rock
|turn|22
|
|t:|1779924705
|move|p2a: Walking Wake|Surf|p1a: Clodsire
|-supereffective|p1a: Clodsire
|-damage|p1a: Clodsire|21/100
|move|p1a: Clodsire|Earthquake|p2a: Walking Wake
|-damage|p2a: Walking Wake|0 fnt
|faint|p2a: Walking Wake
|-end|p2a: Walking Wake|Protosynthesis|[silent]
|
|-heal|p1a: Clodsire|27/100|[from] item: Leftovers
|upkeep
|
|t:|1779924708
|switch|p2a: Landorus|Landorus-Therian, M|100/100
|-ability|p2a: Landorus|Intimidate|boost
|-unboost|p1a: Clodsire|atk|1
|turn|23
|
|t:|1779924714
|move|p2a: Landorus|Earth Power|p1a: Clodsire
|-supereffective|p1a: Clodsire
|-damage|p1a: Clodsire|0 fnt
|faint|p1a: Clodsire
|
|upkeep
|
|t:|1779924715
|switch|p1a: Pecharunt|Pecharunt|41/100
|turn|24
|
|t:|1779924724
|move|p2a: Landorus|Earth Power|p1a: Pecharunt
|-supereffective|p1a: Pecharunt
|-damage|p1a: Pecharunt|0 fnt
|faint|p1a: Pecharunt
|
|upkeep
|
|t:|1779924726
|switch|p1a: Regieleki|Regieleki, tera:Electric|100/100
|turn|25
|-message|rockeater9000 forfeited.
|
|win|PlashShlate
|raw|rockeater9000's rating: 1578 &rarr; <strong>1559</strong><br />(-19 for losing)
|raw|PlashShlate's rating: 1588 &rarr; <strong>1607</strong><br />(+19 for winning)
|l|☆rockeater9000
|player|p1|
|l|☆PlashShlate
|player|p2|
