|j|☆juiicychiller
|j|☆1 euro de l'H
|t:|1779950310
|gametype|singles
|player|p1|juiicychiller|clerk|1618
|player|p2|1 euro de l'H|artist-gen4|1685
|gen|9
|tier|[Gen 9] OU
|rated|
|rule|HP Percentage Mod: HP is shown in percentages
|rule|Endless Battle Clause: Forcing endless battles is banned
|rule|Species Clause: Limit one of each Pokémon
|rule|OHKO Clause: OHKO moves are banned
|rule|Evasion Items Clause: Evasion items are banned
|rule|Evasion Moves Clause: Evasion moves are banned
|rule|Evasion Abilities Clause: Evasion abilities are banned
|rule|Sleep Moves Clause: Sleep-inducing moves are banned
|clearpoke
|poke|p1|Great Tusk|
|poke|p1|Hatterene, F|
|poke|p1|Dragonite, F|
|poke|p1|Kyurem|
|poke|p1|Kingambit, M|
|poke|p1|Darkrai|
|poke|p2|Blaziken, F|
|poke|p2|Kingambit, F|
|poke|p2|Landorus-Therian, M|
|poke|p2|Ogerpon-Wellspring, F|
|poke|p2|Iron Valiant|
|poke|p2|Gholdengo|
|teampreview
|inactive|Battle timer is ON: inactive players will automatically lose when time's up. (requested by juiicychiller)
|
|t:|1779950328
|teamsize|p1|6
|teamsize|p2|6
|start
|switch|p1a: Kyurem|Kyurem|100/100
|switch|p2a: Blaziken|Blaziken, F|100/100
|-ability|p1a: Kyurem|Pressure
|turn|1
|
|t:|1779950337
|switch|p1a: Great Tusk|Great Tusk|100/100
|move|p2a: Blaziken|Protect||[still]
|-fail|p2a: Blaziken
|
|-ability|p2a: Blaziken|Speed Boost|boost
|-boost|p2a: Blaziken|spe|1
|upkeep
|turn|2
|
|t:|1779950343
|switch|p2a: Landorus|Landorus-Therian, M|100/100
|-ability|p2a: Landorus|Intimidate|boost
|-unboost|p1a: Great Tusk|atk|1
|move|p1a: Great Tusk|Headlong Rush|p2a: Landorus
|-immune|p2a: Landorus
|
|upkeep
|turn|3
|
|t:|1779950348
|-end|p1a: Great Tusk|Protosynthesis|[silent]
|switch|p1a: Hatterene|Hatterene, F|100/100
|-item|p1a: Hatterene|Air Balloon
|move|p2a: Landorus|Earth Power|p1a: Hatterene
|-immune|p1a: Hatterene
|
|upkeep
|turn|4
|
|t:|1779950354
|move|p2a: Landorus|U-turn|p1a: Hatterene
|-damage|p1a: Hatterene|83/100
|-enditem|p1a: Hatterene|Air Balloon
|
|t:|1779950370
|switch|p2a: Gholdengo|Gholdengo|100/100|[from] U-turn
|-item|p2a: Gholdengo|Air Balloon
|move|p1a: Hatterene|Nuzzle|p2a: Gholdengo
|-damage|p2a: Gholdengo|96/100
|-status|p2a: Gholdengo|par
|-enditem|p2a: Gholdengo|Air Balloon
|
|upkeep
|turn|5
|
|t:|1779950383
|switch|p1a: Kingambit|Kingambit, M|100/100
|move|p2a: Gholdengo|Make It Rain|p1a: Kingambit
|-resisted|p1a: Kingambit
|-damage|p1a: Kingambit|66/100
|-unboost|p2a: Gholdengo|spa|1
|
|-heal|p1a: Kingambit|72/100|[from] item: Leftovers
|upkeep
|turn|6
|j| shyahngyoo
|inactive|1 euro de l'H has 120 seconds left.
|
|t:|1779950415
|-end|p1a: Kingambit|fallenundefined|[silent]
|switch|p1a: Kyurem|Kyurem|100/100
|-ability|p1a: Kyurem|Pressure
|switch|p2a: Landorus|Landorus-Therian, M|100/100
|-ability|p2a: Landorus|Intimidate|boost
|-unboost|p1a: Kyurem|atk|1
|
|upkeep
|turn|7
|
|t:|1779950425
|switch|p2a: Gholdengo|Gholdengo|96/100 par
|move|p1a: Kyurem|Ice Beam|p2a: Gholdengo
|-resisted|p2a: Gholdengo
|-damage|p2a: Gholdengo|67/100 par
|
|upkeep
|turn|8
|inactive|1 euro de l'H has 120 seconds left.
|
|t:|1779950442
|move|p1a: Kyurem|Earth Power|p2a: Gholdengo
|-supereffective|p2a: Gholdengo
|-damage|p2a: Gholdengo|0 fnt
|faint|p2a: Gholdengo
|
|upkeep
|
|t:|1779950444
|switch|p2a: Blaziken|Blaziken, F|100/100
|turn|9
|
|t:|1779950449
|move|p2a: Blaziken|Swords Dance|p2a: Blaziken
|-boost|p2a: Blaziken|atk|2
|move|p1a: Kyurem|Earth Power|p2a: Blaziken
|-supereffective|p2a: Blaziken
|-damage|p2a: Blaziken|1/100
|
|-ability|p2a: Blaziken|Speed Boost|boost
|-boost|p2a: Blaziken|spe|1
|upkeep
|turn|10
|
|t:|1779950454
|switch|p1a: Great Tusk|Great Tusk|100/100
|move|p2a: Blaziken|Flare Blitz|p1a: Great Tusk
|-damage|p1a: Great Tusk|0 fnt
|-damage|p2a: Blaziken|0 fnt|[from] item: Rocky Helmet|[of] p1a: Great Tusk
|faint|p1a: Great Tusk
|-end|p1a: Great Tusk|Protosynthesis|[silent]
|faint|p2a: Blaziken
|
|upkeep
|
|t:|1779950464
|switch|p1a: Kyurem|Kyurem|100/100
|switch|p2a: Landorus|Landorus-Therian, M|100/100
|-ability|p2a: Landorus|Intimidate|boost
|-unboost|p1a: Kyurem|atk|1
|-ability|p1a: Kyurem|Pressure
|turn|11
|
|t:|1779950468
|switch|p2a: Kingambit|Kingambit, F|100/100
|-activate|p2a: Kingambit|ability: Supreme Overlord
|-start|p2a: Kingambit|fallen2|[silent]
|move|p1a: Kyurem|Ice Beam|p2a: Kingambit
|-resisted|p2a: Kingambit
|-damage|p2a: Kingambit|71/100
|
|-heal|p2a: Kingambit|77/100|[from] item: Leftovers
|upkeep
|turn|12
|
|t:|1779950473
|move|p1a: Kyurem|Earth Power|p2a: Kingambit
|-supereffective|p2a: Kingambit
|-damage|p2a: Kingambit|3/100
|move|p2a: Kingambit|Iron Head|p1a: Kyurem
|-supereffective|p1a: Kyurem
|-damage|p1a: Kyurem|22/100
|
|-heal|p2a: Kingambit|9/100|[from] item: Leftovers
|upkeep
|turn|13
|
|t:|1779950482
|switch|p1a: Kingambit|Kingambit, M|72/100
|-activate|p1a: Kingambit|ability: Supreme Overlord
|-start|p1a: Kingambit|fallen1|[silent]
|move|p2a: Kingambit|Sucker Punch||[still]
|-fail|p2a: Kingambit
|
|-heal|p2a: Kingambit|15/100|[from] item: Leftovers
|-heal|p1a: Kingambit|78/100|[from] item: Leftovers
|upkeep
|turn|14
|
|t:|1779950486
|-end|p2a: Kingambit|fallen2|[silent]
|switch|p2a: Landorus|Landorus-Therian, M|100/100
|-ability|p2a: Landorus|Intimidate|boost
|-unboost|p1a: Kingambit|atk|1
|move|p1a: Kingambit|Kowtow Cleave|p2a: Landorus
|-damage|p2a: Landorus|64/100
|-damage|p1a: Kingambit|62/100|[from] item: Rocky Helmet|[of] p2a: Landorus
|
|-heal|p1a: Kingambit|68/100|[from] item: Leftovers
|upkeep
|turn|15
|
|t:|1779950491
|-end|p1a: Kingambit|fallen1|[silent]
|switch|p1a: Hatterene|Hatterene, F|83/100
|move|p2a: Landorus|U-turn|p1a: Hatterene
|-damage|p1a: Hatterene|66/100
|
|t:|1779950494
|switch|p2a: Kingambit|Kingambit, F|15/100|[from] U-turn
|-activate|p2a: Kingambit|ability: Supreme Overlord
|-start|p2a: Kingambit|fallen2|[silent]
|
|-heal|p2a: Kingambit|21/100|[from] item: Leftovers
|upkeep
|turn|16
|
|t:|1779950502
|switch|p1a: Kingambit|Kingambit, M|68/100
|-activate|p1a: Kingambit|ability: Supreme Overlord
|-start|p1a: Kingambit|fallen1|[silent]
|move|p2a: Kingambit|Iron Head|p1a: Kingambit
|-resisted|p1a: Kingambit
|-damage|p1a: Kingambit|45/100
|
|-heal|p2a: Kingambit|27/100|[from] item: Leftovers
|-heal|p1a: Kingambit|52/100|[from] item: Leftovers
|upkeep
|turn|17
|
|t:|1779950514
|-end|p2a: Kingambit|fallen2|[silent]
|switch|p2a: Landorus|Landorus-Therian, M|64/100
|-ability|p2a: Landorus|Intimidate|boost
|-unboost|p1a: Kingambit|atk|1
|move|p1a: Kingambit|Kowtow Cleave|p2a: Landorus
|-damage|p2a: Landorus|24/100
|-damage|p1a: Kingambit|35/100|[from] item: Rocky Helmet|[of] p2a: Landorus
|
|-heal|p1a: Kingambit|41/100|[from] item: Leftovers
|upkeep
|turn|18
|
|t:|1779950521
|-end|p1a: Kingambit|fallen1|[silent]
|switch|p1a: Hatterene|Hatterene, F|66/100
|move|p2a: Landorus|Earth Power|p1a: Hatterene
|-damage|p1a: Hatterene|31/100
|
|upkeep
|turn|19
|
|t:|1779950535
|move|p2a: Landorus|Earth Power|p1a: Hatterene
|-damage|p1a: Hatterene|0 fnt
|faint|p1a: Hatterene
|
|upkeep
|
|t:|1779950540
|switch|p1a: Darkrai|Darkrai|100/100
|turn|20
|
|t:|1779950548
|move|p1a: Darkrai|Dark Pulse|p2a: Landorus
|-damage|p2a: Landorus|0 fnt
|faint|p2a: Landorus
|
|upkeep
|
|t:|1779950556
|switch|p2a: Ogerpon|Ogerpon-Wellspring, F|100/100
|turn|21
|
|t:|1779950564
|move|p1a: Darkrai|Dark Pulse|p2a: Ogerpon
|-damage|p2a: Ogerpon|54/100
|move|p2a: Ogerpon|Trailblaze|p1a: Darkrai
|-damage|p1a: Darkrai|58/100
|-boost|p2a: Ogerpon|spe|1
|
|upkeep
|turn|22
|
|t:|1779950572
|move|p1a: Darkrai|Dark Pulse|p2a: Ogerpon
|-damage|p2a: Ogerpon|6/100
|move|p2a: Ogerpon|Ivy Cudgel|p1a: Darkrai|[anim] Ivy Cudgel Water
|-damage|p1a: Darkrai|0 fnt
|faint|p1a: Darkrai
|
|upkeep
|
|t:|1779950580
|switch|p1a: Kingambit|Kingambit, M|41/100
|-activate|p1a: Kingambit|ability: Supreme Overlord
|-start|p1a: Kingambit|fallen3|[silent]
|turn|23
|inactive|1 euro de l'H has 120 seconds left.
|
|t:|1779950614
|switch|p2a: Kingambit|Kingambit, F|27/100
|-activate|p2a: Kingambit|ability: Supreme Overlord
|-start|p2a: Kingambit|fallen3|[silent]
|move|p1a: Kingambit|Sucker Punch||[still]
|-fail|p1a: Kingambit
|
|-heal|p2a: Kingambit|34/100|[from] item: Leftovers
|-heal|p1a: Kingambit|47/100|[from] item: Leftovers
|upkeep
|turn|24
|
|t:|1779950622
|move|p2a: Kingambit|Iron Head|p1a: Kingambit
|-resisted|p1a: Kingambit
|-damage|p1a: Kingambit|22/100
|move|p1a: Kingambit|Iron Head|p2a: Kingambit
|-resisted|p2a: Kingambit
|-damage|p2a: Kingambit|7/100
|
|-heal|p2a: Kingambit|13/100|[from] item: Leftovers
|-heal|p1a: Kingambit|28/100|[from] item: Leftovers
|upkeep
|turn|25
|inactive|1 euro de l'H has 120 seconds left.
|
|t:|1779950655
|move|p2a: Kingambit|Sucker Punch|p1a: Kingambit
|-resisted|p1a: Kingambit
|-damage|p1a: Kingambit|6/100
|move|p1a: Kingambit|Iron Head|p2a: Kingambit
|-resisted|p2a: Kingambit
|-damage|p2a: Kingambit|0 fnt
|faint|p2a: Kingambit
|-end|p2a: Kingambit|fallen3|[silent]
|
|-heal|p1a: Kingambit|12/100|[from] item: Leftovers
|upkeep
|
|t:|1779950658
|switch|p2a: Iron Valiant|Iron Valiant|100/100
|-enditem|p2a: Iron Valiant|Booster Energy
|-activate|p2a: Iron Valiant|ability: Quark Drive|[fromitem]
|-start|p2a: Iron Valiant|quarkdrivespe
|turn|26
|
|t:|1779950662
|move|p2a: Iron Valiant|Moonblast|p1a: Kingambit
|-damage|p1a: Kingambit|0 fnt
|faint|p1a: Kingambit
|-end|p1a: Kingambit|fallen3|[silent]
|
|upkeep
|
|t:|1779950672
|switch|p1a: Kyurem|Kyurem|22/100
|-ability|p1a: Kyurem|Pressure
|turn|27
|
|t:|1779950678
|-terastallize|p1a: Kyurem|Poison
|move|p2a: Iron Valiant|Moonblast|p1a: Kyurem
|-resisted|p1a: Kyurem
|-damage|p1a: Kyurem|7/100
|-unboost|p1a: Kyurem|spa|1
|move|p1a: Kyurem|Ice Beam|p2a: Iron Valiant
|-damage|p2a: Iron Valiant|43/100
|
|upkeep
|turn|28
|
|t:|1779950685
|move|p2a: Iron Valiant|Moonblast|p1a: Kyurem
|-resisted|p1a: Kyurem
|-damage|p1a: Kyurem|0 fnt
|faint|p1a: Kyurem
|
|upkeep
|-message|juiicychiller forfeited.
|
|win|1 euro de l'H
|raw|juiicychiller's rating: 1618 &rarr; <strong>1602</strong><br />(-16 for losing)
|raw|1 euro de l&apos;H's rating: 1682 &rarr; <strong>1698</strong><br />(+16 for winning)
|l|☆juiicychiller
|player|p1|
|l|☆1 euro de l'H
|player|p2|
