|j|☆AnonymousJon
|j|☆3T6
|t:|1779922315
|gametype|singles
|player|p1|AnonymousJon|workerice|1765
|player|p2|3T6|lance|1690
|gen|9
|tier|[Gen 9] OU
|rated|
|rule|HP Percentage Mod: HP is shown in percentages
|rule|Endless Battle Clause: Forcing endless battles is banned
|rule|Species Clause: Limit one of each Pokémon
|rule|OHKO Clause: OHKO moves are banned
|rule|Evasion Items Clause: Evasion items are banned
|rule|Evasion Moves Clause: Evasion moves are banned
|rule|Evasion Abilities Clause: Evasion abilities are banned
|rule|Sleep Moves Clause: Sleep-inducing moves are banned
|clearpoke
|poke|p1|Great Tusk|
|poke|p1|Ogerpon-Cornerstone, F|
|poke|p1|Rillaboom, F|
|poke|p1|Tyranitar, F|
|poke|p1|Corviknight, M|
|poke|p1|Dragapult, F|
|poke|p2|Zapdos|
|poke|p2|Iron Treads|
|poke|p2|Samurott-Hisui, M|
|poke|p2|Ceruledge, M|
|poke|p2|Gholdengo|
|poke|p2|Kingambit, M|
|teampreview
|inactive|Battle timer is ON: inactive players will automatically lose when time's up. (requested by 3T6)
|inactive|AnonymousJon also wants the timer to be on.
|
|t:|1779922323
|teamsize|p1|6
|teamsize|p2|6
|start
|switch|p1a: Ogerpon|Ogerpon-Cornerstone, F|100/100
|switch|p2a: Zapdos|Zapdos|100/100
|turn|1
|
|t:|1779922327
|move|p1a: Ogerpon|Swords Dance|p1a: Ogerpon
|-boost|p1a: Ogerpon|atk|2
|move|p2a: Zapdos|Thunder Wave|p1a: Ogerpon
|-status|p1a: Ogerpon|par
|
|upkeep
|turn|2
|
|t:|1779922330
|move|p2a: Zapdos|Volt Switch|p1a: Ogerpon
|-resisted|p1a: Ogerpon
|-damage|p1a: Ogerpon|84/100 par
|
|t:|1779922334
|switch|p2a: Iron Treads|Iron Treads|100/100|[from] Volt Switch
|move|p1a: Ogerpon|Horn Leech|p2a: Iron Treads
|-damage|p2a: Iron Treads|25/100
|-heal|p1a: Ogerpon|100/100 par|[from] drain|[of] p2a: Iron Treads
|
|-heal|p2a: Iron Treads|32/100|[from] item: Leftovers
|upkeep
|turn|3
|
|t:|1779922343
|move|p2a: Iron Treads|Earthquake|p1a: Ogerpon
|-damage|p1a: Ogerpon|43/100 par
|move|p1a: Ogerpon|Horn Leech|p2a: Iron Treads
|-damage|p2a: Iron Treads|0 fnt
|-heal|p1a: Ogerpon|59/100 par|[from] drain|[of] p2a: Iron Treads
|faint|p2a: Iron Treads
|-end|p2a: Iron Treads|Quark Drive|[silent]
|
|upkeep
|
|t:|1779922348
|switch|p2a: Kingambit|Kingambit, M|100/100
|-activate|p2a: Kingambit|ability: Supreme Overlord
|-start|p2a: Kingambit|fallen1|[silent]
|turn|4
|
|t:|1779922350
|move|p2a: Kingambit|Iron Head|p1a: Ogerpon
|-supereffective|p1a: Ogerpon
|-damage|p1a: Ogerpon|0 fnt
|faint|p1a: Ogerpon
|
|upkeep
|
|t:|1779922355
|switch|p1a: Corviknight|Corviknight, M|100/100
|-ability|p1a: Corviknight|Pressure
|turn|5
|
|t:|1779922359
|-end|p2a: Kingambit|fallen1|[silent]
|switch|p2a: Zapdos|Zapdos|100/100
|move|p1a: Corviknight|U-turn|p2a: Zapdos
|-resisted|p2a: Zapdos
|-damage|p2a: Zapdos|95/100
|-status|p1a: Corviknight|par|[from] ability: Static|[of] p2a: Zapdos
|
|t:|1779922362
|switch|p1a: Dragapult|Dragapult, F|100/100|[from] U-turn
|
|upkeep
|turn|6
|
|t:|1779922364
|move|p1a: Dragapult|Substitute|p1a: Dragapult
|-start|p1a: Dragapult|Substitute
|-damage|p1a: Dragapult|76/100
|move|p2a: Zapdos|Thunder Wave||[still]
|-fail|p2a: Zapdos
|
|-heal|p1a: Dragapult|82/100|[from] item: Leftovers
|upkeep
|turn|7
|
|t:|1779922367
|move|p1a: Dragapult|Will-O-Wisp|p2a: Zapdos
|-status|p2a: Zapdos|brn
|move|p2a: Zapdos|Hurricane|p1a: Dragapult|[miss]
|-miss|p2a: Zapdos|p1a: Dragapult
|
|-heal|p1a: Dragapult|88/100|[from] item: Leftovers
|-damage|p2a: Zapdos|89/100 brn|[from] brn
|upkeep
|turn|8
|
|t:|1779922369
|move|p1a: Dragapult|Hex|p2a: Zapdos
|-damage|p2a: Zapdos|33/100 brn
|move|p2a: Zapdos|Hurricane|p1a: Dragapult
|-end|p1a: Dragapult|Substitute
|
|-heal|p1a: Dragapult|94/100|[from] item: Leftovers
|-damage|p2a: Zapdos|27/100 brn|[from] brn
|upkeep
|turn|9
|
|t:|1779922374
|switch|p2a: Samurott|Samurott-Hisui, M|100/100
|move|p1a: Dragapult|Substitute|p1a: Dragapult
|-start|p1a: Dragapult|Substitute
|-damage|p1a: Dragapult|69/100
|
|-heal|p1a: Dragapult|76/100|[from] item: Leftovers
|upkeep
|turn|10
|
|t:|1779922376
|move|p1a: Dragapult|Will-O-Wisp|p2a: Samurott
|-status|p2a: Samurott|brn
|move|p2a: Samurott|Ceaseless Edge|p1a: Dragapult
|-supereffective|p1a: Dragapult
|-crit|p1a: Dragapult
|-end|p1a: Dragapult|Substitute
|-sidestart|p1: AnonymousJon|Spikes
|
|-heal|p1a: Dragapult|82/100|[from] item: Leftovers
|-damage|p2a: Samurott|94/100 brn|[from] brn
|upkeep
|turn|11
|
|t:|1779922386
|switch|p1a: Corviknight|Corviknight, M|100/100 par
|-ability|p1a: Corviknight|Pressure
|move|p2a: Samurott|Ceaseless Edge|p1a: Corviknight
|-damage|p1a: Corviknight|87/100 par
|-damage|p2a: Samurott|78/100 brn|[from] item: Rocky Helmet|[of] p1a: Corviknight
|-sidestart|p1: AnonymousJon|Spikes
|
|-damage|p2a: Samurott|72/100 brn|[from] brn
|upkeep
|turn|12
|
|t:|1779922392
|switch|p2a: Gholdengo|Gholdengo|100/100
|-item|p2a: Gholdengo|Air Balloon
|move|p1a: Corviknight|U-turn|p2a: Gholdengo
|-resisted|p2a: Gholdengo
|-crit|p2a: Gholdengo
|-damage|p2a: Gholdengo|97/100
|-enditem|p2a: Gholdengo|Air Balloon
|
|t:|1779922399
|switch|p1a: Tyranitar|Tyranitar, F|100/100|[from] U-turn
|-damage|p1a: Tyranitar|84/100|[from] Spikes
|-weather|Sandstorm|[from] ability: Sand Stream|[of] p1a: Tyranitar
|
|-weather|Sandstorm|[upkeep]
|-heal|p1a: Tyranitar|90/100|[from] item: Leftovers
|upkeep
|turn|13
|
|t:|1779922405
|switch|p2a: Zapdos|Zapdos|27/100 brn
|move|p1a: Tyranitar|Stealth Rock|p2a: Zapdos
|-sidestart|p2: 3T6|move: Stealth Rock
|
|-weather|Sandstorm|[upkeep]
|-damage|p2a: Zapdos|21/100 brn|[from] Sandstorm
|-heal|p1a: Tyranitar|97/100|[from] item: Leftovers
|-damage|p2a: Zapdos|15/100 brn|[from] brn
|upkeep
|turn|14
|
|t:|1779922409
|move|p2a: Zapdos|Thunder Wave|p1a: Tyranitar
|-status|p1a: Tyranitar|par
|move|p1a: Tyranitar|Knock Off|p2a: Zapdos
|-damage|p2a: Zapdos|0 fnt
|-enditem|p2a: Zapdos|Heavy-Duty Boots|[from] move: Knock Off|[of] p1a: Tyranitar
|faint|p2a: Zapdos
|
|-weather|Sandstorm|[upkeep]
|-heal|p1a: Tyranitar|100/100 par|[from] item: Leftovers
|upkeep
|
|t:|1779922412
|switch|p2a: Kingambit|Kingambit, M|100/100
|-damage|p2a: Kingambit|94/100|[from] Stealth Rock
|-activate|p2a: Kingambit|ability: Supreme Overlord
|-start|p2a: Kingambit|fallen2|[silent]
|turn|15
|
|t:|1779922414
|switch|p1a: Corviknight|Corviknight, M|87/100 par
|-ability|p1a: Corviknight|Pressure
|move|p2a: Kingambit|Low Kick|p1a: Corviknight
|-damage|p1a: Corviknight|66/100 par
|-damage|p2a: Kingambit|78/100|[from] item: Rocky Helmet|[of] p1a: Corviknight
|
|-weather|Sandstorm|[upkeep]
|-heal|p2a: Kingambit|84/100|[from] item: Leftovers
|upkeep
|turn|16
|
|t:|1779922421
|-end|p2a: Kingambit|fallen2|[silent]
|switch|p2a: Gholdengo|Gholdengo|97/100
|-damage|p2a: Gholdengo|91/100|[from] Stealth Rock
|move|p1a: Corviknight|Roost|p1a: Corviknight
|-heal|p1a: Corviknight|100/100 par
|-singleturn|p1a: Corviknight|move: Roost
|
|-weather|none
|upkeep
|turn|17
|
|t:|1779922425
|switch|p1a: Tyranitar|Tyranitar, F|100/100 par
|-damage|p1a: Tyranitar|84/100 par|[from] Spikes
|-weather|Sandstorm|[from] ability: Sand Stream|[of] p1a: Tyranitar
|move|p2a: Gholdengo|Focus Blast|p1a: Tyranitar
|-supereffective|p1a: Tyranitar
|-damage|p1a: Tyranitar|25/100 par
|
|-weather|Sandstorm|[upkeep]
|-heal|p1a: Tyranitar|31/100 par|[from] item: Leftovers
|upkeep
|turn|18
|
|t:|1779922432
|move|p2a: Gholdengo|Focus Blast|p1a: Tyranitar
|-supereffective|p1a: Tyranitar
|-damage|p1a: Tyranitar|0 fnt
|faint|p1a: Tyranitar
|
|-weather|Sandstorm|[upkeep]
|upkeep
|
|t:|1779922434
|switch|p1a: Great Tusk|Great Tusk|100/100
|-damage|p1a: Great Tusk|84/100|[from] Spikes
|turn|19
|
|t:|1779922437
|move|p1a: Great Tusk|Headlong Rush|p2a: Gholdengo
|-supereffective|p2a: Gholdengo
|-damage|p2a: Gholdengo|5/100
|-unboost|p1a: Great Tusk|def|1
|-unboost|p1a: Great Tusk|spd|1
|move|p2a: Gholdengo|Hex|p1a: Great Tusk
|-damage|p1a: Great Tusk|54/100
|
|-weather|Sandstorm|[upkeep]
|upkeep
|turn|20
|
|t:|1779922444
|move|p1a: Great Tusk|Temper Flare|p2a: Gholdengo
|-supereffective|p2a: Gholdengo
|-damage|p2a: Gholdengo|0 fnt
|faint|p2a: Gholdengo
|
|-weather|Sandstorm|[upkeep]
|upkeep
|
|t:|1779922452
|switch|p2a: Samurott|Samurott-Hisui, M|72/100 brn
|-damage|p2a: Samurott|60/100 brn|[from] Stealth Rock
|turn|21
|
|t:|1779922457
|move|p1a: Great Tusk|Rapid Spin|p2a: Samurott
|-damage|p2a: Samurott|41/100 brn
|-boost|p1a: Great Tusk|spe|1
|-sideend|p1: AnonymousJon|Spikes|[from] move: Rapid Spin|[of] p1a: Great Tusk
|move|p2a: Samurott|Razor Shell|p1a: Great Tusk
|-supereffective|p1a: Great Tusk
|-damage|p1a: Great Tusk|8/100
|-unboost|p1a: Great Tusk|def|1
|
|-weather|none
|-damage|p2a: Samurott|35/100 brn|[from] brn
|upkeep
|turn|22
|
|t:|1779922464
|move|p2a: Samurott|Sucker Punch|p1a: Great Tusk
|-resisted|p1a: Great Tusk
|-damage|p1a: Great Tusk|0 fnt
|faint|p1a: Great Tusk
|-end|p1a: Great Tusk|Protosynthesis|[silent]
|
|-damage|p2a: Samurott|29/100 brn|[from] brn
|upkeep
|
|t:|1779922471
|switch|p1a: Dragapult|Dragapult, F|82/100
|turn|23
|
|t:|1779922474
|move|p1a: Dragapult|Dragon Darts|p2a: Samurott
|-damage|p2a: Samurott|7/100 brn
|-anim|p1a: Dragapult|Dragon Darts|p2a: Samurott
|-damage|p2a: Samurott|0 fnt
|faint|p2a: Samurott
|
|-heal|p1a: Dragapult|88/100|[from] item: Leftovers
|upkeep
|
|t:|1779922475
|switch|p2a: Kingambit|Kingambit, M|84/100
|-damage|p2a: Kingambit|78/100|[from] Stealth Rock
|-activate|p2a: Kingambit|ability: Supreme Overlord
|-start|p2a: Kingambit|fallen4|[silent]
|turn|24
|
|t:|1779922479
|move|p1a: Dragapult|Will-O-Wisp|p2a: Kingambit
|-status|p2a: Kingambit|brn
|move|p2a: Kingambit|Swords Dance|p2a: Kingambit
|-boost|p2a: Kingambit|atk|2
|
|-heal|p1a: Dragapult|94/100|[from] item: Leftovers
|-heal|p2a: Kingambit|84/100 brn|[from] item: Leftovers
|-damage|p2a: Kingambit|78/100 brn|[from] brn
|upkeep
|turn|25
|
|t:|1779922486
|move|p1a: Dragapult|Substitute|p1a: Dragapult
|-start|p1a: Dragapult|Substitute
|-damage|p1a: Dragapult|69/100
|move|p2a: Kingambit|Iron Head|p1a: Dragapult
|-end|p1a: Dragapult|Substitute
|
|-heal|p1a: Dragapult|76/100|[from] item: Leftovers
|-heal|p2a: Kingambit|84/100 brn|[from] item: Leftovers
|-damage|p2a: Kingambit|78/100 brn|[from] brn
|upkeep
|turn|26
|
|t:|1779922489
|move|p1a: Dragapult|Substitute|p1a: Dragapult
|-start|p1a: Dragapult|Substitute
|-damage|p1a: Dragapult|51/100
|move|p2a: Kingambit|Iron Head|p1a: Dragapult
|-end|p1a: Dragapult|Substitute
|
|-heal|p1a: Dragapult|57/100|[from] item: Leftovers
|-heal|p2a: Kingambit|84/100 brn|[from] item: Leftovers
|-damage|p2a: Kingambit|78/100 brn|[from] brn
|upkeep
|turn|27
|
|t:|1779922497
|move|p1a: Dragapult|Hex|p2a: Kingambit
|-resisted|p2a: Kingambit
|-damage|p2a: Kingambit|44/100 brn
|move|p2a: Kingambit|Iron Head|p1a: Dragapult
|-damage|p1a: Dragapult|0 fnt
|faint|p1a: Dragapult
|
|-heal|p2a: Kingambit|50/100 brn|[from] item: Leftovers
|-damage|p2a: Kingambit|44/100 brn|[from] brn
|upkeep
|
|t:|1779922499
|switch|p1a: Corviknight|Corviknight, M|100/100 par
|-ability|p1a: Corviknight|Pressure
|turn|28
|
|t:|1779922509
|move|p2a: Kingambit|Low Kick|p1a: Corviknight
|-damage|p1a: Corviknight|77/100 par
|-damage|p2a: Kingambit|28/100 brn|[from] item: Rocky Helmet|[of] p1a: Corviknight
|move|p1a: Corviknight|Body Press|p2a: Kingambit
|-supereffective|p2a: Kingambit
|-damage|p2a: Kingambit|0 fnt
|faint|p2a: Kingambit
|-end|p2a: Kingambit|fallen4|[silent]
|
|upkeep
|
|t:|1779922511
|switch|p2a: Ceruledge|Ceruledge, M|100/100
|turn|29
|
|t:|1779922514
|-terastallize|p1a: Corviknight|Dragon
|move|p2a: Ceruledge|Swords Dance|p2a: Ceruledge
|-boost|p2a: Ceruledge|atk|2
|move|p1a: Corviknight|Brave Bird|p2a: Ceruledge
|-damage|p2a: Ceruledge|60/100
|-ability|p2a: Ceruledge|Weak Armor|boost
|-unboost|p2a: Ceruledge|def|1
|-boost|p2a: Ceruledge|spe|2
|-damage|p1a: Corviknight|66/100 par|[from] Recoil
|
|upkeep
|turn|30
|j| yuureisuisei
|
|t:|1779922521
|move|p2a: Ceruledge|Bitter Blade|p1a: Corviknight
|-resisted|p1a: Corviknight
|-damage|p1a: Corviknight|33/100 par
|-heal|p2a: Ceruledge|79/100|[from] drain|[of] p1a: Corviknight
|-damage|p2a: Ceruledge|62/100|[from] item: Rocky Helmet|[of] p1a: Corviknight
|move|p1a: Corviknight|Brave Bird|p2a: Ceruledge
|-damage|p2a: Ceruledge|1/100
|-ability|p2a: Ceruledge|Weak Armor|boost
|-unboost|p2a: Ceruledge|def|1
|-boost|p2a: Ceruledge|spe|2
|-damage|p1a: Corviknight|16/100 par|[from] Recoil
|
|upkeep
|turn|31
|
|t:|1779922528
|move|p2a: Ceruledge|Bitter Blade|p1a: Corviknight
|-resisted|p1a: Corviknight
|-damage|p1a: Corviknight|0 fnt
|-heal|p2a: Ceruledge|9/100|[from] drain|[of] p1a: Corviknight
|-damage|p2a: Ceruledge|0 fnt|[from] item: Rocky Helmet|[of] p1a: Corviknight
|faint|p1a: Corviknight
|faint|p2a: Ceruledge
|
|win|AnonymousJon
|raw|AnonymousJon's rating: 1765 &rarr; <strong>1781</strong><br />(+16 for winning)
|raw|3T6's rating: 1690 &rarr; <strong>1674</strong><br />(-16 for losing)
|l|☆3T6
|player|p2|
|c|☆AnonymousJon|gg
|l|☆AnonymousJon
|player|p1|
|l| yuureisuisei
