|j|☆Nickthenickthenick
|j|☆turbomadre%
|t:|1779897958
|gametype|singles
|player|p1|Nickthenickthenick|169|1402
|player|p2|turbomadre%|265|1439
|gen|9
|tier|[Gen 9] OU
|rated|
|rule|HP Percentage Mod: HP is shown in percentages
|rule|Endless Battle Clause: Forcing endless battles is banned
|rule|Species Clause: Limit one of each Pokémon
|rule|OHKO Clause: OHKO moves are banned
|rule|Evasion Items Clause: Evasion items are banned
|rule|Evasion Moves Clause: Evasion moves are banned
|rule|Evasion Abilities Clause: Evasion abilities are banned
|rule|Sleep Moves Clause: Sleep-inducing moves are banned
|clearpoke
|poke|p1|Raikou|
|poke|p1|Entei|
|poke|p1|Suicune|
|poke|p1|Tyranitar, M|
|poke|p1|Porygon2|
|poke|p1|Hatterene, F|
|poke|p2|Slither Wing|
|poke|p2|Ninetales, F|
|poke|p2|Raging Bolt|
|poke|p2|Dragapult, M|
|poke|p2|Great Tusk|
|poke|p2|Fezandipiti, M|
|teampreview
|
|t:|1779897994
|teamsize|p1|6
|teamsize|p2|6
|start
|switch|p1a: Tyranitar|Tyranitar, M|100/100
|switch|p2a: Sasukeeeeeeeee|Ninetales, F|100/100
|-weather|SunnyDay|[from] ability: Drought|[of] p2a: Sasukeeeeeeeee
|-weather|Sandstorm|[from] ability: Sand Stream|[of] p1a: Tyranitar
|turn|1
|
|t:|1779898012
|-terastallize|p2a: Sasukeeeeeeeee|Grass
|move|p2a: Sasukeeeeeeeee|Will-O-Wisp|p1a: Tyranitar
|-status|p1a: Tyranitar|brn
|move|p1a: Tyranitar|Stealth Rock|p2a: Sasukeeeeeeeee
|-sidestart|p2: turbomadre%|move: Stealth Rock
|
|-weather|Sandstorm|[upkeep]
|-damage|p2a: Sasukeeeeeeeee|94/100|[from] Sandstorm
|-damage|p1a: Tyranitar|94/100 brn|[from] brn
|upkeep
|turn|2
|inactive|Battle timer is ON: inactive players will automatically lose when time's up. (requested by Nickthenickthenick)
|
|t:|1779898021
|move|p2a: Sasukeeeeeeeee|Encore|p1a: Tyranitar
|-start|p1a: Tyranitar|Encore
|move|p1a: Tyranitar|Stealth Rock||[still]
|-fail|p1a: Tyranitar
|
|-weather|Sandstorm|[upkeep]
|-damage|p2a: Sasukeeeeeeeee|88/100|[from] Sandstorm
|-heal|p1a: Tyranitar|100/100 brn|[from] item: Leftovers
|-damage|p1a: Tyranitar|94/100 brn|[from] brn
|upkeep
|turn|3
|
|t:|1779898029
|switch|p2a: Adress me|Great Tusk|100/100
|switch|p1a: Suicune|Suicune|100/100
|-ability|p1a: Suicune|Pressure
|
|-weather|Sandstorm|[upkeep]
|-damage|p1a: Suicune|94/100|[from] Sandstorm
|-heal|p1a: Suicune|100/100|[from] item: Leftovers
|upkeep
|turn|4
|
|t:|1779898042
|move|p2a: Adress me|Rapid Spin|p1a: Suicune
|-damage|p1a: Suicune|85/100
|-boost|p2a: Adress me|spe|1
|-sideend|p2: turbomadre%|Stealth Rock|[from] move: Rapid Spin|[of] p2a: Adress me
|move|p1a: Suicune|Scald|p2a: Adress me
|-supereffective|p2a: Adress me
|-damage|p2a: Adress me|34/100
|
|-weather|Sandstorm|[upkeep]
|-damage|p1a: Suicune|79/100|[from] Sandstorm
|-heal|p1a: Suicune|85/100|[from] item: Leftovers
|upkeep
|turn|5
|
|t:|1779898065
|-end|p2a: Adress me|Protosynthesis|[silent]
|switch|p2a: Raging Bone|Raging Bolt|100/100
|move|p1a: Suicune|Ice Beam|p2a: Raging Bone
|-supereffective|p2a: Raging Bone
|-damage|p2a: Raging Bone|63/100
|
|-weather|none
|-heal|p1a: Suicune|92/100|[from] item: Leftovers
|upkeep
|turn|6
|
|t:|1779898075
|move|p2a: Raging Bone|Volt Switch|p1a: Suicune
|-supereffective|p1a: Suicune
|-damage|p1a: Suicune|20/100
|
|t:|1779898079
|-end|p2a: Raging Bone|Protosynthesis|[silent]
|switch|p2a: Lämp|Slither Wing|100/100|[from] Volt Switch
|move|p1a: Suicune|Ice Beam|p2a: Lämp
|-damage|p2a: Lämp|80/100
|
|-heal|p1a: Suicune|26/100|[from] item: Leftovers
|upkeep
|turn|7
|
|t:|1779898089
|switch|p1a: Hatterene|Hatterene, F|100/100
|move|p2a: Lämp|U-turn|p1a: Hatterene
|-damage|p1a: Hatterene|54/100
|
|t:|1779898094
|-end|p2a: Lämp|Protosynthesis|[silent]
|switch|p2a: Sasukeeeeeeeee|Ninetales, F, tera:Grass|88/100|[from] U-turn
|-weather|SunnyDay|[from] ability: Drought|[of] p2a: Sasukeeeeeeeee
|
|-weather|SunnyDay|[upkeep]
|-heal|p1a: Hatterene|60/100|[from] item: Leftovers
|upkeep
|turn|8
|
|t:|1779898102
|switch|p1a: Tyranitar|Tyranitar, M|94/100 brn
|-weather|Sandstorm|[from] ability: Sand Stream|[of] p1a: Tyranitar
|move|p2a: Sasukeeeeeeeee|Weather Ball|p1a: Tyranitar
|-damage|p1a: Tyranitar|87/100 brn
|
|-weather|Sandstorm|[upkeep]
|-damage|p2a: Sasukeeeeeeeee|82/100|[from] Sandstorm
|-heal|p1a: Tyranitar|93/100 brn|[from] item: Leftovers
|-damage|p1a: Tyranitar|87/100 brn|[from] brn
|upkeep
|turn|9
|
|t:|1779898119
|switch|p2a: Toucher|Fezandipiti, M|100/100
|move|p1a: Tyranitar|Stealth Rock|p2a: Toucher
|-sidestart|p2: turbomadre%|move: Stealth Rock
|
|-weather|Sandstorm|[upkeep]
|-damage|p2a: Toucher|94/100|[from] Sandstorm
|-heal|p1a: Tyranitar|93/100 brn|[from] item: Leftovers
|-damage|p1a: Tyranitar|87/100 brn|[from] brn
|upkeep
|turn|10
|
|t:|1779898125
|move|p2a: Toucher|Play Rough|p1a: Tyranitar
|-supereffective|p1a: Tyranitar
|-damage|p1a: Tyranitar|37/100 brn
|move|p1a: Tyranitar|Knock Off|p2a: Toucher
|-resisted|p2a: Toucher
|-damage|p2a: Toucher|84/100
|-enditem|p2a: Toucher|Heavy-Duty Boots|[from] move: Knock Off|[of] p1a: Tyranitar
|
|-weather|Sandstorm|[upkeep]
|-damage|p2a: Toucher|78/100|[from] Sandstorm
|-heal|p1a: Tyranitar|44/100 brn|[from] item: Leftovers
|-damage|p1a: Tyranitar|37/100 brn|[from] brn
|upkeep
|turn|11
|
|t:|1779898135
|switch|p1a: Entei|Entei|100/100
|-ability|p1a: Entei|Pressure
|move|p2a: Toucher|U-turn|p1a: Entei
|-resisted|p1a: Entei
|-damage|p1a: Entei|95/100
|-status|p1a: Entei|tox|[from] ability: Toxic Chain|[of] p2a: Toucher
|
|t:|1779898157
|switch|p2a: Raging Bone|Raging Bolt|63/100|[from] U-turn
|-damage|p2a: Raging Bone|50/100|[from] Stealth Rock
|
|-weather|Sandstorm|[upkeep]
|-damage|p2a: Raging Bone|44/100|[from] Sandstorm
|-damage|p1a: Entei|88/100 tox|[from] Sandstorm
|-damage|p1a: Entei|82/100 tox|[from] psn
|upkeep
|turn|12
|
|t:|1779898165
|move|p1a: Entei|Protect|p1a: Entei
|-singleturn|p1a: Entei|Protect
|move|p2a: Raging Bone|Volt Switch|p1a: Entei
|-activate|p1a: Entei|move: Protect
|
|-weather|none
|-damage|p1a: Entei|70/100 tox|[from] psn
|upkeep
|turn|13
|
|t:|1779898194
|-terastallize|p1a: Entei|Ground
|move|p2a: Raging Bone|Volt Switch|p1a: Entei
|-immune|p1a: Entei
|move|p1a: Entei|Body Slam|p2a: Raging Bone
|-damage|p2a: Raging Bone|21/100
|
|-damage|p1a: Entei|51/100 tox|[from] psn
|upkeep
|turn|14
|
|t:|1779898204
|-end|p2a: Raging Bone|Protosynthesis|[silent]
|switch|p2a: Child abuse|Dragapult, M|100/100
|-damage|p2a: Child abuse|88/100|[from] Stealth Rock
|move|p1a: Entei|Body Slam|p2a: Child abuse
|-immune|p2a: Child abuse
|
|-damage|p1a: Entei|26/100 tox|[from] psn
|upkeep
|turn|15
|
|t:|1779898215
|switch|p1a: Suicune|Suicune|26/100
|-ability|p1a: Suicune|Pressure
|move|p2a: Child abuse|Shadow Ball|p1a: Suicune
|-crit|p1a: Suicune
|-damage|p1a: Suicune|0 fnt
|faint|p1a: Suicune
|-damage|p2a: Child abuse|78/100|[from] item: Life Orb
|
|upkeep
|
|t:|1779898225
|switch|p1a: Porygon2|Porygon2|100/100
|-ability|p1a: Porygon2|Clear Body|Trace|[from] ability: Trace|[of] p2a: Child abuse
|turn|16
|inactive|turbomadre% has 120 seconds left.
|
|t:|1779898259
|switch|p2a: Sasukeeeeeeeee|Ninetales, F, tera:Grass|82/100
|-damage|p2a: Sasukeeeeeeeee|70/100|[from] Stealth Rock
|-weather|SunnyDay|[from] ability: Drought|[of] p2a: Sasukeeeeeeeee
|move|p1a: Porygon2|Thunder Wave|p2a: Sasukeeeeeeeee
|-status|p2a: Sasukeeeeeeeee|par
|
|-weather|SunnyDay|[upkeep]
|upkeep
|turn|17
|
|t:|1779898264
|move|p2a: Sasukeeeeeeeee|Weather Ball|p1a: Porygon2
|-damage|p1a: Porygon2|72/100
|move|p1a: Porygon2|Ice Beam|p2a: Sasukeeeeeeeee
|-supereffective|p2a: Sasukeeeeeeeee
|-damage|p2a: Sasukeeeeeeeee|28/100 par
|
|-weather|SunnyDay|[upkeep]
|upkeep
|turn|18
|
|t:|1779898272
|switch|p2a: Toucher|Fezandipiti, M|78/100
|-damage|p2a: Toucher|65/100|[from] Stealth Rock
|switch|p1a: Tyranitar|Tyranitar, M|37/100 brn
|-weather|Sandstorm|[from] ability: Sand Stream|[of] p1a: Tyranitar
|
|-weather|Sandstorm|[upkeep]
|-damage|p2a: Toucher|59/100|[from] Sandstorm
|-heal|p1a: Tyranitar|44/100 brn|[from] item: Leftovers
|-damage|p1a: Tyranitar|37/100 brn|[from] brn
|upkeep
|turn|19
|
|t:|1779898280
|switch|p1a: Entei|Entei, tera:Ground|26/100 tox
|-ability|p1a: Entei|Pressure
|move|p2a: Toucher|Play Rough|p1a: Entei
|-damage|p1a: Entei|6/100 tox
|
|-weather|Sandstorm|[upkeep]
|-damage|p2a: Toucher|53/100|[from] Sandstorm
|-damage|p1a: Entei|0 fnt|[from] psn
|faint|p1a: Entei
|upkeep
|
|t:|1779898292
|switch|p1a: Raikou|Raikou|100/100
|-ability|p1a: Raikou|Pressure
|turn|20
|
|t:|1779898297
|move|p1a: Raikou|Discharge|p2a: Toucher
|-damage|p2a: Toucher|27/100
|move|p2a: Toucher|Roost|p2a: Toucher
|-heal|p2a: Toucher|77/100
|-singleturn|p2a: Toucher|move: Roost
|
|-weather|Sandstorm|[upkeep]
|-damage|p1a: Raikou|94/100|[from] Sandstorm
|-damage|p2a: Toucher|71/100|[from] Sandstorm
|-heal|p1a: Raikou|100/100|[from] item: Leftovers
|upkeep
|turn|21
|
|t:|1779898313
|switch|p1a: Porygon2|Porygon2|72/100
|-ability|p1a: Porygon2|Toxic Chain|Trace|[from] ability: Trace|[of] p2a: Toucher
|move|p2a: Toucher|Roost|p2a: Toucher
|-heal|p2a: Toucher|100/100
|-singleturn|p2a: Toucher|move: Roost
|
|-weather|Sandstorm|[upkeep]
|-damage|p2a: Toucher|94/100|[from] Sandstorm
|-damage|p1a: Porygon2|65/100|[from] Sandstorm
|upkeep
|turn|22
|
|t:|1779898323
|move|p2a: Toucher|Beat Up|p1a: Porygon2
|-damage|p1a: Porygon2|64/100
|-crit|p1a: Porygon2
|-damage|p1a: Porygon2|60/100
|-damage|p1a: Porygon2|59/100
|-damage|p1a: Porygon2|56/100
|-status|p1a: Porygon2|tox|[from] ability: Toxic Chain|[of] p2a: Toucher
|-crit|p1a: Porygon2
|-damage|p1a: Porygon2|53/100 tox
|-hitcount|p1a: Porygon2|5
|move|p1a: Porygon2|Thunder Wave|p2a: Toucher
|-status|p2a: Toucher|par
|
|-weather|none
|-damage|p1a: Porygon2|46/100 tox|[from] psn
|upkeep
|turn|23
|
|t:|1779898337
|move|p1a: Porygon2|Recover|p1a: Porygon2
|-heal|p1a: Porygon2|96/100 tox
|move|p2a: Toucher|Play Rough|p1a: Porygon2
|-damage|p1a: Porygon2|81/100 tox
|
|-damage|p1a: Porygon2|69/100 tox|[from] psn
|upkeep
|turn|24
|
|t:|1779898341
|move|p1a: Porygon2|Foul Play|p2a: Toucher
|-resisted|p2a: Toucher
|-damage|p2a: Toucher|82/100 par
|move|p2a: Toucher|Play Rough|p1a: Porygon2|[miss]
|-miss|p2a: Toucher|p1a: Porygon2
|
|-damage|p1a: Porygon2|50/100 tox|[from] psn
|upkeep
|turn|25
|
|t:|1779898349
|move|p1a: Porygon2|Ice Beam|p2a: Toucher
|-damage|p2a: Toucher|68/100 par
|cant|p2a: Toucher|par
|
|-damage|p1a: Porygon2|26/100 tox|[from] psn
|upkeep
|turn|26
|
|t:|1779898355
|move|p1a: Porygon2|Recover|p1a: Porygon2
|-heal|p1a: Porygon2|76/100 tox
|cant|p2a: Toucher|par
|
|-damage|p1a: Porygon2|45/100 tox|[from] psn
|upkeep
|turn|27
|
|t:|1779898363
|switch|p1a: Hatterene|Hatterene, F|60/100
|cant|p2a: Toucher|par
|
|-heal|p1a: Hatterene|66/100|[from] item: Leftovers
|upkeep
|turn|28
|
|t:|1779898375
|move|p2a: Toucher|U-turn|p1a: Hatterene
|-damage|p1a: Hatterene|51/100
|
|t:|1779898388
|switch|p2a: Sasukeeeeeeeee|Ninetales, F, tera:Grass|28/100 par|[from] U-turn
|-damage|p2a: Sasukeeeeeeeee|16/100 par|[from] Stealth Rock
|-weather|SunnyDay|[from] ability: Drought|[of] p2a: Sasukeeeeeeeee
|move|p1a: Hatterene|Psychic Noise|p2a: Sasukeeeeeeeee
|-damage|p2a: Sasukeeeeeeeee|0 fnt
|faint|p2a: Sasukeeeeeeeee
|
|-weather|SunnyDay|[upkeep]
|-heal|p1a: Hatterene|57/100|[from] item: Leftovers
|upkeep
|
|t:|1779898398
|switch|p2a: Lämp|Slither Wing|80/100
|-damage|p2a: Lämp|68/100|[from] Stealth Rock
|-activate|p2a: Lämp|ability: Protosynthesis
|-start|p2a: Lämp|protosynthesisatk
|turn|29
|
|t:|1779898405
|switch|p1a: Tyranitar|Tyranitar, M|37/100 brn
|-weather|Sandstorm|[from] ability: Sand Stream|[of] p1a: Tyranitar
|-end|p2a: Lämp|Protosynthesis
|move|p2a: Lämp|U-turn|p1a: Tyranitar
|-supereffective|p1a: Tyranitar
|-damage|p1a: Tyranitar|0 fnt
|faint|p1a: Tyranitar
|
|t:|1779898421
|-end|p2a: Lämp|Protosynthesis|[silent]
|switch|p2a: Child abuse|Dragapult, M|78/100|[from] U-turn
|-damage|p2a: Child abuse|66/100|[from] Stealth Rock
|
|-weather|Sandstorm|[upkeep]
|-damage|p2a: Child abuse|60/100|[from] Sandstorm
|upkeep
|
|t:|1779898432
|switch|p1a: Porygon2|Porygon2|45/100 tox
|-ability|p1a: Porygon2|Clear Body|Trace|[from] ability: Trace|[of] p2a: Child abuse
|turn|30
|
|t:|1779898442
|switch|p1a: Hatterene|Hatterene, F|57/100
|move|p2a: Child abuse|Dragon Darts|p1a: Hatterene
|-immune|p1a: Hatterene
|
|-weather|Sandstorm|[upkeep]
|-damage|p2a: Child abuse|54/100|[from] Sandstorm
|-damage|p1a: Hatterene|51/100|[from] Sandstorm
|-heal|p1a: Hatterene|57/100|[from] item: Leftovers
|upkeep
|turn|31
|
|t:|1779898454
|move|p2a: Child abuse|Shadow Ball|p1a: Hatterene
|-supereffective|p1a: Hatterene
|-damage|p1a: Hatterene|0 fnt
|faint|p1a: Hatterene
|-damage|p2a: Child abuse|44/100|[from] item: Life Orb
|
|-weather|Sandstorm|[upkeep]
|-damage|p2a: Child abuse|38/100|[from] Sandstorm
|upkeep
|
|t:|1779898460
|switch|p1a: Raikou|Raikou|100/100
|-ability|p1a: Raikou|Pressure
|turn|32
|
|t:|1779898468
|move|p2a: Child abuse|Draco Meteor|p1a: Raikou
|-damage|p1a: Raikou|28/100
|-unboost|p2a: Child abuse|spa|2
|-damage|p2a: Child abuse|29/100|[from] item: Life Orb
|move|p1a: Raikou|Discharge|p2a: Child abuse
|-resisted|p2a: Child abuse
|-damage|p2a: Child abuse|1/100
|-status|p2a: Child abuse|par
|
|-weather|Sandstorm|[upkeep]
|-damage|p1a: Raikou|21/100|[from] Sandstorm
|-damage|p2a: Child abuse|0 fnt|[from] Sandstorm
|faint|p2a: Child abuse
|-heal|p1a: Raikou|28/100|[from] item: Leftovers
|upkeep
|
|t:|1779898472
|switch|p2a: Lämp|Slither Wing|68/100
|-damage|p2a: Lämp|55/100|[from] Stealth Rock
|turn|33
|
|t:|1779898478
|move|p2a: Lämp|First Impression|p1a: Raikou
|-damage|p1a: Raikou|0 fnt
|faint|p1a: Raikou
|
|-weather|none
|upkeep
|
|t:|1779898482
|switch|p1a: Porygon2|Porygon2|45/100 tox
|turn|34
|
|t:|1779898486
|-end|p2a: Lämp|Protosynthesis|[silent]
|switch|p2a: Raging Bone|Raging Bolt|21/100
|-damage|p2a: Raging Bone|9/100|[from] Stealth Rock
|move|p1a: Porygon2|Recover|p1a: Porygon2
|-heal|p1a: Porygon2|95/100 tox
|
|-damage|p1a: Porygon2|89/100 tox|[from] psn
|upkeep
|turn|35
|
|t:|1779898494
|move|p2a: Raging Bone|Draco Meteor|p1a: Porygon2
|-damage|p1a: Porygon2|19/100 tox
|-unboost|p2a: Raging Bone|spa|2
|move|p1a: Porygon2|Ice Beam|p2a: Raging Bone
|-supereffective|p2a: Raging Bone
|-damage|p2a: Raging Bone|0 fnt
|faint|p2a: Raging Bone
|-end|p2a: Raging Bone|Protosynthesis|[silent]
|
|-damage|p1a: Porygon2|7/100 tox|[from] psn
|upkeep
|-message|Nickthenickthenick forfeited.
|
|win|turbomadre%
|raw|Nickthenickthenick's rating: 1402 &rarr; <strong>1384</strong><br />(-18 for losing)
|raw|turbomadre%'s rating: 1439 &rarr; <strong>1457</strong><br />(+18 for winning)
|l|☆Nickthenickthenick
|player|p1|
|l|☆turbomadre%
|player|p2|
