|j|☆LHm4n
|j|☆npctypebeat
|t:|1779935565
|gametype|singles
|player|p1|LHm4n|169|1126
|player|p2|npctypebeat|102|1084
|gen|9
|tier|[Gen 9] OU
|rated|
|rule|HP Percentage Mod: HP is shown in percentages
|rule|Endless Battle Clause: Forcing endless battles is banned
|rule|Species Clause: Limit one of each Pokémon
|rule|OHKO Clause: OHKO moves are banned
|rule|Evasion Items Clause: Evasion items are banned
|rule|Evasion Moves Clause: Evasion moves are banned
|rule|Evasion Abilities Clause: Evasion abilities are banned
|rule|Sleep Moves Clause: Sleep-inducing moves are banned
|clearpoke
|poke|p1|Dragonite, M|
|poke|p1|Gholdengo|
|poke|p1|Great Tusk|
|poke|p1|Iron Valiant|
|poke|p1|Heatran, M|
|poke|p1|Samurott-Hisui, F|
|poke|p2|Gliscor, M|
|poke|p2|Gholdengo|
|poke|p2|Zamazenta-*|
|poke|p2|Blissey, F|
|poke|p2|Skarmory, M|
|poke|p2|Pecharunt|
|teampreview
|c|☆npctypebeat|hf
|
|t:|1779935573
|teamsize|p1|6
|teamsize|p2|6
|start
|switch|p1a: Heatran|Heatran, M|100/100
|switch|p2a: Skarmory|Skarmory, M|100/100
|turn|1
|inactive|Battle timer is ON: inactive players will automatically lose when time's up. (requested by npctypebeat)
|
|t:|1779935581
|switch|p2a: Gliscor|Gliscor, M|100/100
|move|p1a: Heatran|Stealth Rock|p2a: Gliscor
|-sidestart|p2: npctypebeat|move: Stealth Rock
|
|-status|p2a: Gliscor|tox|[from] item: Toxic Orb
|upkeep
|turn|2
|
|t:|1779935591
|switch|p1a: Samurott|Samurott-Hisui, F|100/100
|move|p2a: Gliscor|Swords Dance|p2a: Gliscor
|-boost|p2a: Gliscor|atk|2
|
|upkeep
|turn|3
|
|t:|1779935610
|move|p1a: Samurott|Aqua Cutter|p2a: Gliscor
|-supereffective|p2a: Gliscor
|-damage|p2a: Gliscor|22/100 tox
|move|p2a: Gliscor|Earthquake|p1a: Samurott
|-damage|p1a: Samurott|23/100
|
|-heal|p2a: Gliscor|35/100 tox|[from] ability: Poison Heal
|upkeep
|turn|4
|
|t:|1779935619
|switch|p2a: Skarmory|Skarmory, M|100/100
|move|p1a: Samurott|Aqua Cutter|p2a: Skarmory
|-damage|p2a: Skarmory|70/100
|
|upkeep
|turn|5
|
|t:|1779935632
|move|p1a: Samurott|Ceaseless Edge|p2a: Skarmory
|-damage|p2a: Skarmory|42/100
|-sidestart|p2: npctypebeat|Spikes
|move|p2a: Skarmory|Roost|p2a: Skarmory
|-heal|p2a: Skarmory|92/100
|-singleturn|p2a: Skarmory|move: Roost
|
|upkeep
|turn|6
|
|t:|1779935644
|move|p1a: Samurott|Ceaseless Edge|p2a: Skarmory
|-damage|p2a: Skarmory|67/100
|-sidestart|p2: npctypebeat|Spikes
|move|p2a: Skarmory|Body Press|p1a: Samurott
|-supereffective|p1a: Samurott
|-damage|p1a: Samurott|0 fnt
|faint|p1a: Samurott
|
|upkeep
|
|t:|1779935655
|switch|p1a: Heatran|Heatran, M|100/100
|turn|7
|
|t:|1779935661
|move|p1a: Heatran|Lava Plume|p2a: Skarmory
|-supereffective|p2a: Skarmory
|-damage|p2a: Skarmory|0 fnt
|faint|p2a: Skarmory
|
|upkeep
|
|t:|1779935667
|switch|p2a: Zamazenta|Zamazenta|100/100
|-ability|p2a: Zamazenta|Dauntless Shield|boost
|-boost|p2a: Zamazenta|def|1
|turn|8
|
|t:|1779935680
|switch|p2a: Blissey|Blissey, F|100/100
|move|p1a: Heatran|Taunt|p2a: Blissey
|-start|p2a: Blissey|move: Taunt
|
|upkeep
|turn|9
|
|t:|1779935688
|switch|p2a: Zamazenta|Zamazenta|100/100
|move|p1a: Heatran|Earth Power|p2a: Zamazenta
|-damage|p2a: Zamazenta|76/100
|
|upkeep
|turn|10
|
|t:|1779935702
|move|p2a: Zamazenta|Close Combat|p1a: Heatran
|-supereffective|p1a: Heatran
|-damage|p1a: Heatran|5/100
|-unboost|p2a: Zamazenta|def|1
|-unboost|p2a: Zamazenta|spd|1
|move|p1a: Heatran|Stealth Rock||[still]
|-fail|p1a: Heatran
|
|-heal|p1a: Heatran|11/100|[from] item: Leftovers
|upkeep
|turn|11
|
|t:|1779935711
|switch|p1a: Gholdengo|Gholdengo|100/100
|move|p2a: Zamazenta|Close Combat|p1a: Gholdengo
|-immune|p1a: Gholdengo
|
|upkeep
|turn|12
|
|t:|1779935718
|switch|p2a: Gliscor|Gliscor, M|35/100 tox
|-damage|p2a: Gliscor|22/100 tox|[from] Stealth Rock
|move|p1a: Gholdengo|Shadow Ball|p2a: Gliscor
|-damage|p2a: Gliscor|0 fnt
|faint|p2a: Gliscor
|
|upkeep
|
|t:|1779935723
|switch|p2a: Blissey|Blissey, F|100/100
|turn|13
|
|t:|1779935753
|switch|p1a: Great Tusk|Great Tusk|100/100
|move|p2a: Blissey|Stealth Rock|p1a: Great Tusk
|-sidestart|p1: LHm4n|move: Stealth Rock
|
|upkeep
|turn|14
|
|t:|1779935760
|move|p1a: Great Tusk|Close Combat|p2a: Blissey
|-supereffective|p2a: Blissey
|-damage|p2a: Blissey|0 fnt
|-unboost|p1a: Great Tusk|def|1
|-unboost|p1a: Great Tusk|spd|1
|faint|p2a: Blissey
|
|upkeep
|
|t:|1779935769
|switch|p2a: Gholdengo|Gholdengo|100/100
|-damage|p2a: Gholdengo|94/100|[from] Stealth Rock
|-damage|p2a: Gholdengo|78/100|[from] Spikes
|turn|15
|
|t:|1779935777
|move|p2a: Gholdengo|Nasty Plot|p2a: Gholdengo
|-boost|p2a: Gholdengo|spa|2
|move|p1a: Great Tusk|Knock Off|p2a: Gholdengo
|-supereffective|p2a: Gholdengo
|-damage|p2a: Gholdengo|31/100
|-enditem|p2a: Gholdengo|Ability Shield|[from] move: Knock Off|[of] p1a: Great Tusk
|
|upkeep
|turn|16
|
|t:|1779935788
|move|p2a: Gholdengo|Recover|p2a: Gholdengo
|-heal|p2a: Gholdengo|81/100
|move|p1a: Great Tusk|Knock Off|p2a: Gholdengo
|-supereffective|p2a: Gholdengo
|-damage|p2a: Gholdengo|52/100
|
|upkeep
|turn|17
|
|t:|1779935802
|move|p2a: Gholdengo|Recover|p2a: Gholdengo
|-heal|p2a: Gholdengo|100/100
|move|p1a: Great Tusk|Knock Off|p2a: Gholdengo
|-supereffective|p2a: Gholdengo
|-damage|p2a: Gholdengo|71/100
|
|upkeep
|turn|18
|
|t:|1779935814
|-end|p1a: Great Tusk|Protosynthesis|[silent]
|switch|p1a: Gholdengo|Gholdengo|100/100
|-damage|p1a: Gholdengo|94/100|[from] Stealth Rock
|move|p2a: Gholdengo|Nasty Plot|p2a: Gholdengo
|-boost|p2a: Gholdengo|spa|2
|
|-heal|p1a: Gholdengo|100/100|[from] item: Leftovers
|upkeep
|turn|19
|
|t:|1779935826
|-terastallize|p1a: Gholdengo|Steel
|move|p1a: Gholdengo|Shadow Ball|p2a: Gholdengo
|-supereffective|p2a: Gholdengo
|-damage|p2a: Gholdengo|0 fnt
|faint|p2a: Gholdengo
|
|upkeep
|
|t:|1779935840
|switch|p2a: Zamazenta|Zamazenta|76/100
|turn|20
|
|t:|1779935845
|move|p2a: Zamazenta|Close Combat|p1a: Gholdengo
|-supereffective|p1a: Gholdengo
|-damage|p1a: Gholdengo|0 fnt
|-unboost|p2a: Zamazenta|def|1
|-unboost|p2a: Zamazenta|spd|1
|faint|p1a: Gholdengo
|
|upkeep
|
|t:|1779935859
|switch|p1a: Great Tusk|Great Tusk|100/100
|turn|21
|
|t:|1779935874
|switch|p2a: Pecharunt|Pecharunt|100/100
|move|p1a: Great Tusk|Earthquake|p2a: Pecharunt
|-supereffective|p2a: Pecharunt
|-damage|p2a: Pecharunt|59/100
|
|upkeep
|turn|22
|
|t:|1779935893
|move|p2a: Pecharunt|Toxic|p1a: Great Tusk
|-status|p1a: Great Tusk|tox
|-start|p1a: Great Tusk|confusion|[from] ability: Poison Puppeteer|[of] p2a: Pecharunt
|-activate|p1a: Great Tusk|confusion
|move|p1a: Great Tusk|Knock Off|p2a: Pecharunt
|-supereffective|p2a: Pecharunt
|-damage|p2a: Pecharunt|29/100
|-enditem|p2a: Pecharunt|Heavy-Duty Boots|[from] move: Knock Off|[of] p1a: Great Tusk
|
|-damage|p1a: Great Tusk|94/100 tox|[from] psn
|upkeep
|turn|23
|
|t:|1779935905
|move|p2a: Pecharunt|Recover|p2a: Pecharunt
|-heal|p2a: Pecharunt|79/100
|-activate|p1a: Great Tusk|confusion
|move|p1a: Great Tusk|Knock Off|p2a: Pecharunt
|-supereffective|p2a: Pecharunt
|-damage|p2a: Pecharunt|62/100
|
|-damage|p1a: Great Tusk|82/100 tox|[from] psn
|upkeep
|turn|24
|
|t:|1779935929
|move|p2a: Pecharunt|Recover|p2a: Pecharunt
|-heal|p2a: Pecharunt|100/100
|-activate|p1a: Great Tusk|confusion
|move|p1a: Great Tusk|Earthquake|p2a: Pecharunt
|-supereffective|p2a: Pecharunt
|-damage|p2a: Pecharunt|61/100
|
|-damage|p1a: Great Tusk|63/100 tox|[from] psn
|upkeep
|turn|25
|
|t:|1779935950
|move|p2a: Pecharunt|Shadow Ball|p1a: Great Tusk
|-damage|p1a: Great Tusk|30/100 tox
|-activate|p1a: Great Tusk|confusion
|move|p1a: Great Tusk|Earthquake|p2a: Pecharunt
|-supereffective|p2a: Pecharunt
|-damage|p2a: Pecharunt|15/100
|
|-damage|p1a: Great Tusk|6/100 tox|[from] psn
|upkeep
|turn|26
|inactive|npctypebeat has 120 seconds left.
|
|t:|1779935968
|move|p2a: Pecharunt|Recover|p2a: Pecharunt
|-heal|p2a: Pecharunt|65/100
|-end|p1a: Great Tusk|confusion
|move|p1a: Great Tusk|Earthquake|p2a: Pecharunt
|-supereffective|p2a: Pecharunt
|-damage|p2a: Pecharunt|24/100
|
|-damage|p1a: Great Tusk|0 fnt|[from] psn
|faint|p1a: Great Tusk
|-end|p1a: Great Tusk|Protosynthesis|[silent]
|upkeep
|inactive|LHm4n has 120 seconds left.
|
|t:|1779935990
|switch|p1a: Iron Valiant|Iron Valiant|100/100
|-damage|p1a: Iron Valiant|94/100|[from] Stealth Rock
|turn|27
|
|t:|1779936005
|switch|p2a: Zamazenta|Zamazenta|76/100
|move|p1a: Iron Valiant|Thunderbolt|p2a: Zamazenta
|-damage|p2a: Zamazenta|39/100
|-damage|p1a: Iron Valiant|85/100|[from] item: Life Orb
|
|upkeep
|turn|28
|
|t:|1779936015
|move|p2a: Zamazenta|Heavy Slam|p1a: Iron Valiant
|-supereffective|p1a: Iron Valiant
|-damage|p1a: Iron Valiant|0 fnt
|faint|p1a: Iron Valiant
|-end|p1a: Iron Valiant|Quark Drive|[silent]
|
|upkeep
|
|t:|1779936021
|switch|p1a: Dragonite|Dragonite, M|100/100
|turn|29
|
|t:|1779936026
|switch|p2a: Pecharunt|Pecharunt|24/100
|-damage|p2a: Pecharunt|12/100|[from] Stealth Rock
|-damage|p2a: Pecharunt|0 fnt|[from] Spikes
|faint|p2a: Pecharunt
|move|p1a: Dragonite|Earthquake|p2: Pecharunt|[notarget]
|-fail|p1a: Dragonite
|
|upkeep
|
|t:|1779936030
|switch|p2a: Zamazenta|Zamazenta|39/100
|turn|30
|
|t:|1779936040
|move|p2a: Zamazenta|Ice Fang|p1a: Dragonite
|-supereffective|p1a: Dragonite
|-damage|p1a: Dragonite|52/100
|move|p1a: Dragonite|Earthquake|p2a: Zamazenta
|-damage|p2a: Zamazenta|8/100
|
|upkeep
|turn|31
|
|t:|1779936047
|move|p1a: Dragonite|Extreme Speed|p2a: Zamazenta
|-damage|p2a: Zamazenta|0 fnt
|faint|p2a: Zamazenta
|
|win|LHm4n
|raw|LHm4n's rating: 1126 &rarr; <strong>1148</strong><br />(+22 for winning)
|raw|npctypebeat's rating: 1088 &rarr; <strong>1067</strong><br />(-21 for losing)
|c|☆npctypebeat|gg
|l|☆LHm4n
|player|p1|
