|j|☆bo552
|j|☆pojma
|t:|1779826907
|gametype|singles
|player|p1|bo552|brycenman|1438
|player|p2|pojma|grimsley|1376
|gen|9
|tier|[Gen 9] OU
|rated|
|rule|HP Percentage Mod: HP is shown in percentages
|rule|Endless Battle Clause: Forcing endless battles is banned
|rule|Species Clause: Limit one of each Pokémon
|rule|OHKO Clause: OHKO moves are banned
|rule|Evasion Items Clause: Evasion items are banned
|rule|Evasion Moves Clause: Evasion moves are banned
|rule|Evasion Abilities Clause: Evasion abilities are banned
|rule|Sleep Moves Clause: Sleep-inducing moves are banned
|clearpoke
|poke|p1|Slowking-Galar, M|
|poke|p1|Landorus-Therian, M|
|poke|p1|Zoroark-Hisui, F|
|poke|p1|Cinderace, M|
|poke|p1|Zamazenta-*|
|poke|p1|Regieleki|
|poke|p2|Hydrapple, F|
|poke|p2|Alomomola, F|
|poke|p2|Heatran, F|
|poke|p2|Dragonite, F|
|poke|p2|Great Tusk|
|poke|p2|Zamazenta-*|
|teampreview
|
|t:|1779826924
|teamsize|p1|6
|teamsize|p2|6
|start
|switch|p1a: Ballin|Cinderace, M|100/100
|switch|p2a: Heatran|Heatran, F|100/100
|turn|1
|
|t:|1779826929
|move|p1a: Ballin|U-turn|p2a: Heatran
|-resisted|p2a: Heatran
|-damage|p2a: Heatran|97/100
|
|t:|1779826933
|switch|p1a: Do it again.|Landorus-Therian, M|100/100|[from] U-turn
|-ability|p1a: Do it again.|Intimidate|boost
|-unboost|p2a: Heatran|atk|1
|move|p2a: Heatran|Magma Storm|p1a: Do it again.
|-damage|p1a: Do it again.|47/100
|-activate|p1a: Do it again.|move: Magma Storm|[of] p2a: Heatran
|
|-heal|p2a: Heatran|100/100|[from] item: Leftovers
|-damage|p1a: Do it again.|34/100|[from] move: Magma Storm|[partiallytrapped]
|upkeep
|turn|2
|
|t:|1779826940
|switch|p2a: Alomomola|Alomomola, F|100/100
|move|p1a: Do it again.|U-turn|p2a: Alomomola
|-damage|p2a: Alomomola|85/100
|
|t:|1779826947
|switch|p1a: Round and Round|Regieleki, shiny|100/100|[from] U-turn
|
|upkeep
|turn|3
|
|t:|1779826954
|move|p1a: Round and Round|Trick|p2a: Alomomola
|-activate|p1a: Round and Round|move: Trick|[of] p2a: Alomomola
|-item|p2a: Alomomola|Ring Target|[from] move: Trick
|-item|p1a: Round and Round|Assault Vest|[from] move: Trick
|move|p2a: Alomomola|Flip Turn|p1a: Round and Round
|-damage|p1a: Round and Round|65/100
|replace|p1a: Azzy <3|Zoroark-Hisui, F, shiny
|-end|p1a: Azzy <3|Illusion
|
|t:|1779826968
|switch|p2a: Heatran|Heatran, F|100/100|[from] Flip Turn
|
|upkeep
|turn|4
|
|t:|1779826971
|move|p1a: Azzy <3|Shadow Ball|p2a: Heatran
|-damage|p2a: Heatran|76/100
|move|p2a: Heatran|Stealth Rock|p1a: Azzy <3
|-sidestart|p1: bo552|move: Stealth Rock
|
|-heal|p2a: Heatran|82/100|[from] item: Leftovers
|upkeep
|turn|5
|c|☆pojma|!dt ring target
|c|☆pojma|/raw <ul class="utilichart"><li class="result"><span class="col itemiconcol"><psicon item="ringtarget"></span> <span class="col namecol"><a href="https://dex.pokemonshowdown.com/items/ringtarget">Ring Target</a></span> <span class="col itemdesccol">The holder's type immunities granted solely by its typing are negated.</span> </li><li style="clear:both"></li></ul>
|c|☆pojma|/raw <font size="1"><font color="#686868">Gen:</font> 5&nbsp;|&ThickSpace;<font color="#686868">Fling Base Power:</font> 10</font>

|
|t:|1779826996
|move|p1a: Azzy <3|Shadow Ball|p2a: Heatran
|-damage|p2a: Heatran|54/100
|move|p2a: Heatran|Magma Storm|p1a: Azzy <3|[miss]
|-miss|p2a: Heatran|p1a: Azzy <3
|
|-heal|p2a: Heatran|60/100|[from] item: Leftovers
|upkeep
|turn|6
|
|t:|1779827000
|move|p1a: Azzy <3|Shadow Ball|p2a: Heatran
|-damage|p2a: Heatran|36/100
|-unboost|p2a: Heatran|spd|1
|move|p2a: Heatran|Magma Storm|p1a: Azzy <3|[miss]
|-miss|p2a: Heatran|p1a: Azzy <3
|
|-heal|p2a: Heatran|42/100|[from] item: Leftovers
|upkeep
|turn|7
|
|t:|1779827008
|switch|p2a: Alomomola|Alomomola, F|100/100
|move|p1a: Azzy <3|Shadow Ball|p2a: Alomomola
|-damage|p2a: Alomomola|71/100
|
|upkeep
|turn|8
|
|t:|1779827013
|move|p1a: Azzy <3|Hyper Voice|p2a: Alomomola
|-damage|p2a: Alomomola|35/100
|move|p2a: Alomomola|Mirror Coat|p1a: Azzy <3
|-damage|p1a: Azzy <3|0 fnt
|faint|p1a: Azzy <3
|
|upkeep
|
|t:|1779827020
|switch|p1a: Ballin|Cinderace, M|100/100
|turn|9
|
|t:|1779827026
|switch|p2a: Hydrapple|Hydrapple, F|100/100
|move|p1a: Ballin|Court Change|p1a: Ballin
|-swapsideconditions
|-activate|p1a: Ballin|move: Court Change
|
|upkeep
|turn|10
|
|t:|1779827031
|move|p1a: Ballin|Will-O-Wisp|p2a: Hydrapple
|-status|p2a: Hydrapple|brn
|move|p2a: Hydrapple|Nasty Plot|p2a: Hydrapple
|-boost|p2a: Hydrapple|spa|2
|
|-damage|p2a: Hydrapple|94/100 brn|[from] brn
|upkeep
|turn|11
|
|t:|1779827041
|move|p1a: Ballin|U-turn|p2a: Hydrapple
|-supereffective|p2a: Hydrapple
|-damage|p2a: Hydrapple|74/100 brn
|-damage|p1a: Ballin|84/100|[from] item: Rocky Helmet|[of] p2a: Hydrapple
|
|t:|1779827046
|switch|p1a: Back. Jack.|Slowking-Galar, M|100/100|[from] U-turn
|move|p2a: Hydrapple|Fickle Beam|p1a: Back. Jack.
|-damage|p1a: Back. Jack.|62/100
|
|-damage|p2a: Hydrapple|68/100 brn|[from] brn
|upkeep
|turn|12
|
|t:|1779827057
|move|p2a: Hydrapple|Recover|p2a: Hydrapple
|-heal|p2a: Hydrapple|100/100 brn
|move|p1a: Back. Jack.|Sludge Bomb|p2a: Hydrapple
|-supereffective|p2a: Hydrapple
|-damage|p2a: Hydrapple|31/100 brn
|
|-damage|p2a: Hydrapple|25/100 brn|[from] brn
|upkeep
|turn|13
|
|t:|1779827065
|switch|p2a: Heatran|Heatran, F|42/100
|-damage|p2a: Heatran|30/100|[from] Stealth Rock
|move|p1a: Back. Jack.|Sludge Bomb|p2a: Heatran
|-immune|p2a: Heatran
|
|-heal|p2a: Heatran|36/100|[from] item: Leftovers
|upkeep
|turn|14
|
|t:|1779827067
|move|p2a: Heatran|Stealth Rock|p1a: Back. Jack.
|-sidestart|p1: bo552|move: Stealth Rock
|-prepare|p1a: Back. Jack.|Chilly Reception|[premajor]
|move|p1a: Back. Jack.|Chilly Reception|p1a: Back. Jack.
|-weather|Snowscape
|
|t:|1779827081
|switch|p1a: Zoomerzoonter|Zamazenta|100/100|[from] Chilly Reception
|-ability|p1a: Zoomerzoonter|Dauntless Shield|boost
|-boost|p1a: Zoomerzoonter|def|1
|
|-weather|Snowscape|[upkeep]
|-heal|p2a: Heatran|42/100|[from] item: Leftovers
|upkeep
|turn|15
|
|t:|1779827086
|move|p1a: Zoomerzoonter|Close Combat|p2a: Heatran
|-supereffective|p2a: Heatran
|-damage|p2a: Heatran|0 fnt
|-unboost|p1a: Zoomerzoonter|def|1
|-unboost|p1a: Zoomerzoonter|spd|1
|faint|p2a: Heatran
|
|-weather|Snowscape|[upkeep]
|upkeep
|
|t:|1779827093
|switch|p2a: Hydrapple|Hydrapple, F|58/100 brn
|-damage|p2a: Hydrapple|46/100 brn|[from] Stealth Rock
|turn|16
|
|t:|1779827097
|switch|p1a: Back. Jack.|Slowking-Galar, M|95/100
|move|p2a: Hydrapple|Recover|p2a: Hydrapple
|-heal|p2a: Hydrapple|96/100 brn
|
|-weather|Snowscape|[upkeep]
|-damage|p2a: Hydrapple|90/100 brn|[from] brn
|upkeep
|turn|17
|
|t:|1779827103
|-terastallize|p2a: Hydrapple|Poison
|move|p2a: Hydrapple|Nasty Plot|p2a: Hydrapple
|-boost|p2a: Hydrapple|spa|2
|move|p1a: Back. Jack.|Future Sight|p2a: Hydrapple
|-start|p1a: Back. Jack.|move: Future Sight
|
|-weather|Snowscape|[upkeep]
|-damage|p2a: Hydrapple|84/100 brn|[from] brn
|upkeep
|turn|18
|
|t:|1779827110
|move|p2a: Hydrapple|Fickle Beam|p1a: Back. Jack.|[anim] Fickle Beam All Out
|-activate|p2a: Hydrapple|move: Fickle Beam
|-damage|p1a: Back. Jack.|12/100
|-prepare|p1a: Back. Jack.|Chilly Reception|[premajor]
|move|p1a: Back. Jack.|Chilly Reception|p1a: Back. Jack.
|
|t:|1779827116
|switch|p1a: Do it again.|Landorus-Therian, M|34/100|[from] Chilly Reception
|-damage|p1a: Do it again.|22/100|[from] Stealth Rock
|-ability|p1a: Do it again.|Intimidate|boost
|-unboost|p2a: Hydrapple|atk|1
|
|-weather|none
|-damage|p2a: Hydrapple|78/100 brn|[from] brn
|upkeep
|turn|19
|
|t:|1779827124
|switch|p2a: Dragonite|Dragonite, F|100/100
|move|p1a: Do it again.|Rock Tomb|p2a: Dragonite
|-supereffective|p2a: Dragonite
|-damage|p2a: Dragonite|82/100
|-unboost|p2a: Dragonite|spe|1
|
|-end|p2a: Dragonite|move: Future Sight
|-damage|p2a: Dragonite|42/100
|upkeep
|turn|20
|
|t:|1779827133
|switch|p2a: Hydrapple|Hydrapple, F, tera:Poison|100/100 brn
|-damage|p2a: Hydrapple|88/100 brn|[from] Stealth Rock
|move|p1a: Do it again.|Rock Tomb|p2a: Hydrapple
|-damage|p2a: Hydrapple|77/100 brn
|-unboost|p2a: Hydrapple|spe|1
|
|-damage|p2a: Hydrapple|71/100 brn|[from] brn
|upkeep
|turn|21
|
|t:|1779827137
|move|p1a: Do it again.|Earthquake|p2a: Hydrapple
|-supereffective|p2a: Hydrapple
|-damage|p2a: Hydrapple|16/100 brn
|move|p2a: Hydrapple|Nasty Plot|p2a: Hydrapple
|-boost|p2a: Hydrapple|spa|2
|
|-damage|p2a: Hydrapple|10/100 brn|[from] brn
|upkeep
|turn|22
|
|t:|1779827142
|switch|p2a: Alomomola|Alomomola, F|68/100
|-damage|p2a: Alomomola|56/100|[from] Stealth Rock
|move|p1a: Do it again.|Rock Tomb|p2a: Alomomola
|-damage|p2a: Alomomola|40/100
|-unboost|p2a: Alomomola|spe|1
|
|upkeep
|turn|23
|
|t:|1779827148
|move|p1a: Do it again.|Taunt|p2a: Alomomola
|-start|p2a: Alomomola|move: Taunt
|move|p2a: Alomomola|Flip Turn|p1a: Do it again.
|-supereffective|p1a: Do it again.
|-damage|p1a: Do it again.|0 fnt
|-damage|p2a: Alomomola|24/100|[from] item: Rocky Helmet|[of] p1a: Do it again.
|faint|p1a: Do it again.
|
|t:|1779827152
|switch|p2a: Great Tusk|Great Tusk|100/100|[from] Flip Turn
|
|upkeep
|
|t:|1779827157
|switch|p1a: Ballin|Cinderace, M|84/100
|turn|24
|
|t:|1779827161
|move|p1a: Ballin|Will-O-Wisp|p2a: Great Tusk
|-status|p2a: Great Tusk|brn
|move|p2a: Great Tusk|Rapid Spin|p1a: Ballin
|-damage|p1a: Ballin|74/100
|-boost|p2a: Great Tusk|spe|1
|-sideend|p2: pojma|Stealth Rock|[from] move: Rapid Spin|[of] p2a: Great Tusk
|
|-damage|p2a: Great Tusk|94/100 brn|[from] brn
|upkeep
|turn|25
|
|t:|1779827169
|move|p2a: Great Tusk|Headlong Rush|p1a: Ballin
|-supereffective|p1a: Ballin
|-damage|p1a: Ballin|0 fnt
|-unboost|p2a: Great Tusk|def|1
|-unboost|p2a: Great Tusk|spd|1
|faint|p1a: Ballin
|
|-damage|p2a: Great Tusk|88/100 brn|[from] brn
|upkeep
|
|t:|1779827177
|switch|p1a: Zoomerzoonter|Zamazenta|100/100
|turn|26
|
|t:|1779827184
|move|p2a: Great Tusk|Knock Off|p1a: Zoomerzoonter
|-resisted|p1a: Zoomerzoonter
|-damage|p1a: Zoomerzoonter|93/100
|-enditem|p1a: Zoomerzoonter|Heavy-Duty Boots|[from] move: Knock Off|[of] p2a: Great Tusk
|move|p1a: Zoomerzoonter|Crunch|p2a: Great Tusk
|-resisted|p2a: Great Tusk
|-damage|p2a: Great Tusk|72/100 brn
|
|-damage|p2a: Great Tusk|66/100 brn|[from] brn
|upkeep
|turn|27
|
|t:|1779827196
|-end|p2a: Great Tusk|Protosynthesis|[silent]
|switch|p2a: Alomomola|Alomomola, F|57/100
|move|p1a: Zoomerzoonter|Close Combat|p2a: Alomomola
|-damage|p2a: Alomomola|9/100
|-unboost|p1a: Zoomerzoonter|def|1
|-unboost|p1a: Zoomerzoonter|spd|1
|
|upkeep
|turn|28
|
|t:|1779827200
|switch|p2a: Hydrapple|Hydrapple, F, tera:Poison|44/100 brn
|move|p1a: Zoomerzoonter|Crunch|p2a: Hydrapple
|-crit|p2a: Hydrapple
|-damage|p2a: Hydrapple|23/100 brn
|-damage|p1a: Zoomerzoonter|77/100|[from] item: Rocky Helmet|[of] p2a: Hydrapple
|
|-damage|p2a: Hydrapple|17/100 brn|[from] brn
|upkeep
|turn|29
|
|t:|1779827204
|move|p1a: Zoomerzoonter|Stone Edge|p2a: Hydrapple|[miss]
|-miss|p1a: Zoomerzoonter|p2a: Hydrapple
|move|p2a: Hydrapple|Recover|p2a: Hydrapple
|-heal|p2a: Hydrapple|67/100 brn
|
|-damage|p2a: Hydrapple|61/100 brn|[from] brn
|upkeep
|turn|30
|
|t:|1779827208
|switch|p1a: Back. Jack.|Slowking-Galar, M|46/100
|move|p2a: Hydrapple|Recover|p2a: Hydrapple
|-heal|p2a: Hydrapple|100/100 brn
|
|-damage|p2a: Hydrapple|94/100 brn|[from] brn
|upkeep
|turn|31
|
|t:|1779827215
|move|p2a: Hydrapple|Nasty Plot|p2a: Hydrapple
|-boost|p2a: Hydrapple|spa|2
|move|p1a: Back. Jack.|Future Sight|p2a: Hydrapple
|-start|p1a: Back. Jack.|move: Future Sight
|
|-damage|p2a: Hydrapple|88/100 brn|[from] brn
|upkeep
|turn|32
|
|t:|1779827217
|move|p2a: Hydrapple|Fickle Beam|p1a: Back. Jack.
|-damage|p1a: Back. Jack.|4/100
|-prepare|p1a: Back. Jack.|Chilly Reception|[premajor]
|move|p1a: Back. Jack.|Chilly Reception|p1a: Back. Jack.
|-weather|Snowscape
|
|t:|1779827224
|switch|p1a: Round and Round|Regieleki, shiny|100/100|[from] Chilly Reception
|-damage|p1a: Round and Round|88/100|[from] Stealth Rock
|
|-weather|Snowscape|[upkeep]
|-damage|p2a: Hydrapple|82/100 brn|[from] brn
|upkeep
|turn|33
|
|t:|1779827228
|move|p1a: Round and Round|Thunderbolt|p2a: Hydrapple
|-damage|p2a: Hydrapple|0 fnt
|faint|p2a: Hydrapple
|
|-weather|Snowscape|[upkeep]
|-hint|Future Sight did not hit because the target is fainted.
|upkeep
|
|t:|1779827237
|switch|p2a: Great Tusk|Great Tusk|66/100 brn
|turn|34
|
|t:|1779827243
|switch|p1a: Back. Jack.|Slowking-Galar, M|38/100
|move|p2a: Great Tusk|Headlong Rush|p1a: Back. Jack.
|-supereffective|p1a: Back. Jack.
|-damage|p1a: Back. Jack.|0 fnt
|-unboost|p2a: Great Tusk|def|1
|-unboost|p2a: Great Tusk|spd|1
|faint|p1a: Back. Jack.
|
|-weather|Snowscape|[upkeep]
|-damage|p2a: Great Tusk|60/100 brn|[from] brn
|upkeep
|
|t:|1779827245
|switch|p1a: Zoomerzoonter|Zamazenta|77/100
|-damage|p1a: Zoomerzoonter|71/100|[from] Stealth Rock
|turn|35
|
|t:|1779827250
|move|p1a: Zoomerzoonter|Close Combat|p2a: Great Tusk
|-damage|p2a: Great Tusk|0 fnt
|-unboost|p1a: Zoomerzoonter|def|1
|-unboost|p1a: Zoomerzoonter|spd|1
|faint|p2a: Great Tusk
|-end|p2a: Great Tusk|Protosynthesis|[silent]
|
|-weather|Snowscape|[upkeep]
|upkeep
|
|t:|1779827254
|switch|p2a: Zamazenta|Zamazenta|100/100
|-ability|p2a: Zamazenta|Dauntless Shield|boost
|-boost|p2a: Zamazenta|def|1
|turn|36
|
|t:|1779827258
|move|p2a: Zamazenta|Close Combat|p1a: Zoomerzoonter
|-damage|p1a: Zoomerzoonter|0 fnt
|-unboost|p2a: Zamazenta|def|1
|-unboost|p2a: Zamazenta|spd|1
|faint|p1a: Zoomerzoonter
|
|-weather|none
|upkeep
|
|t:|1779827260
|switch|p1a: Round and Round|Regieleki, shiny|88/100
|-damage|p1a: Round and Round|76/100|[from] Stealth Rock
|turn|37
|
|t:|1779827262
|-terastallize|p1a: Round and Round|Electric
|move|p1a: Round and Round|Thunderbolt|p2a: Zamazenta
|-damage|p2a: Zamazenta|0 fnt
|faint|p2a: Zamazenta
|
|upkeep
|
|t:|1779827267
|switch|p2a: Dragonite|Dragonite, F|42/100
|turn|38
|
|t:|1779827270
|move|p1a: Round and Round|Thunderbolt|p2a: Dragonite
|-damage|p2a: Dragonite|0 fnt
|faint|p2a: Dragonite
|
|upkeep
|
|t:|1779827272
|switch|p2a: Alomomola|Alomomola, F|43/100
|turn|39
|
|t:|1779827274
|move|p1a: Round and Round|Thunderbolt|p2a: Alomomola
|-supereffective|p2a: Alomomola
|-damage|p2a: Alomomola|0 fnt
|faint|p2a: Alomomola
|
|win|bo552
|raw|bo552's rating: 1438 &rarr; <strong>1454</strong><br />(+16 for winning)
|raw|pojma's rating: 1376 &rarr; <strong>1360</strong><br />(-16 for losing)
|l|☆pojma
|player|p2|
