|j|☆wontooni
|j|☆kasage
|t:|1779906083
|gametype|singles
|player|p1|wontooni|pokemonrangerf-gen4|
|player|p2|kasage|mallow-masters|
|gen|9
|tier|[Gen 9] OU
|rule|HP Percentage Mod: HP is shown in percentages
|rule|Endless Battle Clause: Forcing endless battles is banned
|rule|Species Clause: Limit one of each Pokémon
|rule|OHKO Clause: OHKO moves are banned
|rule|Evasion Items Clause: Evasion items are banned
|rule|Evasion Moves Clause: Evasion moves are banned
|rule|Evasion Abilities Clause: Evasion abilities are banned
|rule|Sleep Moves Clause: Sleep-inducing moves are banned
|clearpoke
|poke|p1|Blaziken, F|
|poke|p1|Ninetales, M|
|poke|p1|Venusaur, F|
|poke|p1|Great Tusk|
|poke|p1|Walking Wake|
|poke|p1|Hatterene, F|
|poke|p2|Dragapult, F|
|poke|p2|Hatterene, F|
|poke|p2|Gyarados, M|
|poke|p2|Ting-Lu|
|poke|p2|Ogerpon, F|
|poke|p2|Great Tusk|
|teampreview
|inactive|Battle timer is ON: inactive players will automatically lose when time's up. (requested by wontooni)
|c|☆wontooni|Im doing the same lead.
|
|t:|1779906094
|teamsize|p1|6
|teamsize|p2|6
|start
|switch|p1a: Ninetales|Ninetales, M|100/100
|switch|p2a: Great Tusk|Great Tusk, shiny|100/100
|-weather|SunnyDay|[from] ability: Drought|[of] p1a: Ninetales
|-activate|p2a: Great Tusk|ability: Protosynthesis
|-start|p2a: Great Tusk|protosynthesisatk
|turn|1
|
|t:|1779906102
|switch|p1a: Hatterene|Hatterene, F|100/100
|move|p2a: Great Tusk|Headlong Rush|p1a: Hatterene
|-damage|p1a: Hatterene|24/100
|-unboost|p2a: Great Tusk|def|1
|-unboost|p2a: Great Tusk|spd|1
|-enditem|p1a: Hatterene|Eject Button
|c|☆kasage|awsome
|
|t:|1779906105
|switch|p1a: Venusaur|Venusaur, F|100/100
|
|-weather|SunnyDay|[upkeep]
|upkeep
|turn|2
|c|☆kasage|nvm
|
|t:|1779906122
|-end|p2a: Great Tusk|Protosynthesis|[silent]
|switch|p2a: Ting-Lu|Ting-Lu|100/100
|-ability|p2a: Ting-Lu|Vessel of Ruin
|move|p1a: Venusaur|Growth|p1a: Venusaur
|-boost|p1a: Venusaur|atk|2
|-boost|p1a: Venusaur|spa|2
|
|-weather|SunnyDay|[upkeep]
|upkeep
|turn|3
|
|t:|1779906126
|move|p1a: Venusaur|Giga Drain|p2a: Ting-Lu
|-supereffective|p2a: Ting-Lu
|-damage|p2a: Ting-Lu|29/100
|-damage|p1a: Venusaur|91/100|[from] item: Life Orb
|move|p2a: Ting-Lu|Ruination|p1a: Venusaur
|-damage|p1a: Venusaur|46/100
|
|-weather|SunnyDay|[upkeep]
|-heal|p2a: Ting-Lu|35/100|[from] item: Leftovers
|upkeep
|turn|4
|
|t:|1779906131
|switch|p2a: Ogerpon|Ogerpon, F|100/100
|move|p1a: Venusaur|Giga Drain|p2a: Ogerpon
|-resisted|p2a: Ogerpon
|-damage|p2a: Ogerpon|55/100
|-heal|p1a: Venusaur|69/100|[from] drain|[of] p2a: Ogerpon
|-damage|p1a: Venusaur|59/100|[from] item: Life Orb
|
|-weather|SunnyDay|[upkeep]
|upkeep
|turn|5
|c|☆wontooni|i am strong.
|
|t:|1779906144
|switch|p2a: Ting-Lu|Ting-Lu|35/100
|-ability|p2a: Ting-Lu|Vessel of Ruin
|move|p1a: Venusaur|Weather Ball|p2a: Ting-Lu
|-damage|p2a: Ting-Lu|0 fnt
|faint|p2a: Ting-Lu
|-damage|p1a: Venusaur|49/100|[from] item: Life Orb
|
|-weather|SunnyDay|[upkeep]
|upkeep
|c|☆kasage|you only have so many turns of sun
|c|☆wontooni|ninetails is still alive
|inactive|kasage has 270 seconds left.
|c|☆kasage|i wonder if dragapult lives anything
|
|t:|1779906185
|switch|p2a: Gyarados|Gyarados, M|100/100
|-ability|p2a: Gyarados|Intimidate|boost
|-unboost|p1a: Venusaur|atk|1
|turn|6
|
|t:|1779906206
|-terastallize|p2a: Gyarados|Fire
|move|p1a: Venusaur|Giga Drain|p2a: Gyarados
|-resisted|p2a: Gyarados
|-damage|p2a: Gyarados|60/100
|-heal|p1a: Venusaur|71/100|[from] drain|[of] p2a: Gyarados
|-damage|p1a: Venusaur|61/100|[from] item: Life Orb
|move|p2a: Gyarados|Temper Flare|p1a: Venusaur
|-supereffective|p1a: Venusaur
|-damage|p1a: Venusaur|0 fnt
|faint|p1a: Venusaur
|
|-weather|SunnyDay|[upkeep]
|upkeep
|c|☆wontooni|i guess
|
|t:|1779906218
|switch|p1a: Walking Wake|Walking Wake|100/100
|-activate|p1a: Walking Wake|ability: Protosynthesis
|-start|p1a: Walking Wake|protosynthesisspe
|turn|7
|
|t:|1779906233
|move|p1a: Walking Wake|Hydro Steam|p2a: Gyarados
|-supereffective|p2a: Gyarados
|-damage|p2a: Gyarados|0 fnt
|faint|p2a: Gyarados
|
|-weather|SunnyDay|[upkeep]
|upkeep
|
|t:|1779906242
|switch|p2a: Dragapult|Dragapult, F|100/100
|turn|8
|
|t:|1779906255
|move|p1a: Walking Wake|Hydro Steam|p2a: Dragapult
|-resisted|p2a: Dragapult
|-damage|p2a: Dragapult|38/100
|move|p2a: Dragapult|U-turn|p1a: Walking Wake
|-damage|p1a: Walking Wake|81/100
|c|☆kasage|not life orb so specs
|
|t:|1779906268
|switch|p2a: Hatterene|Hatterene, F|100/100|[from] U-turn
|
|-weather|none
|-end|p1a: Walking Wake|Protosynthesis
|upkeep
|turn|9
|
|t:|1779906280
|-end|p1a: Walking Wake|Protosynthesis|[silent]
|switch|p1a: Hatterene|Hatterene, F|24/100
|move|p2a: Hatterene|Calm Mind|p2a: Hatterene
|-boost|p2a: Hatterene|spa|1
|-boost|p2a: Hatterene|spd|1
|
|upkeep
|turn|10
|
|t:|1779906290
|switch|p1a: Blaziken|Blaziken, F|100/100
|move|p2a: Hatterene|Calm Mind|p2a: Hatterene
|-boost|p2a: Hatterene|spa|1
|-boost|p2a: Hatterene|spd|1
|
|upkeep
|turn|11
|
|t:|1779906294
|move|p1a: Blaziken|Focus Energy|p1a: Blaziken
|-start|p1a: Blaziken|move: Focus Energy
|move|p2a: Hatterene|Psyshock|p1a: Blaziken
|-supereffective|p1a: Blaziken
|-damage|p1a: Blaziken|0 fnt
|faint|p1a: Blaziken
|
|upkeep
|c|☆kasage|huh
|c|☆wontooni|why did i
|
|t:|1779906303
|switch|p1a: Ninetales|Ninetales, M|100/100
|-weather|SunnyDay|[from] ability: Drought|[of] p1a: Ninetales
|turn|12
|c|☆wontooni|wait a minute
|
|t:|1779906307
|move|p1a: Ninetales|Memento|p2a: Hatterene
|-unboost|p2a: Hatterene|atk|2
|-unboost|p2a: Hatterene|spa|2
|faint|p1a: Ninetales
|move|p2a: Hatterene|Calm Mind|p2a: Hatterene
|-boost|p2a: Hatterene|spa|1
|-boost|p2a: Hatterene|spd|1
|
|-weather|SunnyDay|[upkeep]
|upkeep
|c|☆kasage|oh its has that
|c|☆wontooni|why didnt it magic bounce
|
|t:|1779906323
|switch|p1a: Great Tusk|Great Tusk|100/100
|-activate|p1a: Great Tusk|ability: Protosynthesis
|-start|p1a: Great Tusk|protosynthesisatk
|turn|13
|c|☆kasage|is that how that works
|c|☆wontooni|i wish
|
|t:|1779906333
|-terastallize|p1a: Great Tusk|Ground
|move|p1a: Great Tusk|Headlong Rush|p2a: Hatterene
|-damage|p2a: Hatterene|0 fnt
|-unboost|p1a: Great Tusk|def|1
|-unboost|p1a: Great Tusk|spd|1
|faint|p2a: Hatterene
|
|-weather|SunnyDay|[upkeep]
|upkeep
|c|☆kasage|i had defense evs
|c|☆kasage|noooo
|
|t:|1779906351
|switch|p2a: Ogerpon|Ogerpon, F|55/100
|turn|14
|
|t:|1779906357
|move|p2a: Ogerpon|Ivy Cudgel|p1a: Great Tusk
|-supereffective|p1a: Great Tusk
|-damage|p1a: Great Tusk|0 fnt
|faint|p1a: Great Tusk
|-end|p1a: Great Tusk|Protosynthesis|[silent]
|
|-weather|SunnyDay|[upkeep]
|upkeep
|
|t:|1779906361
|switch|p1a: Walking Wake|Walking Wake|81/100
|-activate|p1a: Walking Wake|ability: Protosynthesis
|-start|p1a: Walking Wake|protosynthesisspe
|turn|15
|
|t:|1779906383
|switch|p2a: Great Tusk|Great Tusk, shiny|100/100
|-activate|p2a: Great Tusk|ability: Protosynthesis
|-start|p2a: Great Tusk|protosynthesisatk
|move|p1a: Walking Wake|Hydro Steam|p2a: Great Tusk
|-supereffective|p2a: Great Tusk
|-damage|p2a: Great Tusk|0 fnt
|faint|p2a: Great Tusk
|-end|p2a: Great Tusk|Protosynthesis|[silent]
|
|-weather|SunnyDay|[upkeep]
|upkeep
|
|t:|1779906393
|switch|p2a: Dragapult|Dragapult, F|38/100
|turn|16
|c|☆wontooni|how r u gonna stall 4 turns
|
|t:|1779906398
|move|p1a: Walking Wake|Hydro Steam|p2a: Dragapult
|-resisted|p2a: Dragapult
|-damage|p2a: Dragapult|0 fnt
|faint|p2a: Dragapult
|
|-weather|SunnyDay|[upkeep]
|upkeep
|
|t:|1779906400
|switch|p2a: Ogerpon|Ogerpon, F|55/100
|turn|17
|c|☆kasage|CRITCRITCRIT
|
|t:|1779906407
|-end|p1a: Walking Wake|Protosynthesis|[silent]
|switch|p1a: Hatterene|Hatterene, F|24/100
|move|p2a: Ogerpon|Ivy Cudgel|p1a: Hatterene
|-damage|p1a: Hatterene|0 fnt
|faint|p1a: Hatterene
|
|-weather|SunnyDay|[upkeep]
|upkeep
|
|t:|1779906408
|switch|p1a: Walking Wake|Walking Wake|81/100
|-activate|p1a: Walking Wake|ability: Protosynthesis
|-start|p1a: Walking Wake|protosynthesisspe
|turn|18
|c|☆wontooni|Lol.
|c|☆kasage|damn
|
|t:|1779906419
|move|p1a: Walking Wake|Flamethrower|p2a: Ogerpon
|-supereffective|p2a: Ogerpon
|-damage|p2a: Ogerpon|0 fnt
|faint|p2a: Ogerpon
|
|win|wontooni
