|j|☆Kolo22
|j|☆claudechamp
|t:|1779836005
|gametype|singles
|player|p1|Kolo22|265|1373
|player|p2|claudechamp|265|1315
|gen|9
|tier|[Gen 9] OU
|rated|
|rule|HP Percentage Mod: HP is shown in percentages
|rule|Endless Battle Clause: Forcing endless battles is banned
|rule|Species Clause: Limit one of each Pokémon
|rule|OHKO Clause: OHKO moves are banned
|rule|Evasion Items Clause: Evasion items are banned
|rule|Evasion Moves Clause: Evasion moves are banned
|rule|Evasion Abilities Clause: Evasion abilities are banned
|rule|Sleep Moves Clause: Sleep-inducing moves are banned
|clearpoke
|poke|p1|Heatran, M|
|poke|p1|Clodsire, F|
|poke|p1|Pecharunt|
|poke|p1|Chesnaught, F|
|poke|p1|Greninja-*, M|
|poke|p1|Slowking, F|
|poke|p2|Gliscor, M|
|poke|p2|Gholdengo|
|poke|p2|Zamazenta-*|
|poke|p2|Blissey, F|
|poke|p2|Skarmory, M|
|poke|p2|Pecharunt|
|teampreview
|c|☆claudechamp|hf
|inactive|Battle timer is ON: inactive players will automatically lose when time's up. (requested by claudechamp)
|
|t:|1779836010
|teamsize|p1|6
|teamsize|p2|6
|start
|switch|p1a: Chesnaught|Chesnaught, F|100/100
|switch|p2a: Skarmory|Skarmory, M|100/100
|turn|1
|
|t:|1779836017
|move|p2a: Skarmory|Spikes|p1a: Chesnaught
|-sidestart|p1: Kolo22|Spikes
|move|p1a: Chesnaught|Knock Off|p2a: Skarmory
|-damage|p2a: Skarmory|87/100
|-enditem|p2a: Skarmory|Heavy-Duty Boots|[from] move: Knock Off|[of] p1a: Chesnaught
|
|upkeep
|turn|2
|
|t:|1779836023
|switch|p1a: Heatran|Heatran, M|100/100
|-item|p1a: Heatran|Air Balloon
|move|p2a: Skarmory|Spikes|p1a: Heatran
|-sidestart|p1: Kolo22|Spikes
|
|upkeep
|turn|3
|c|☆Kolo22|hf
|
|t:|1779836034
|switch|p2a: Blissey|Blissey, F|100/100
|move|p1a: Heatran|Magma Storm|p2a: Blissey
|-damage|p2a: Blissey|83/100
|-activate|p2a: Blissey|move: Magma Storm|[of] p1a: Heatran
|
|-damage|p2a: Blissey|70/100|[from] move: Magma Storm|[partiallytrapped]
|upkeep
|turn|4
|
|t:|1779836041
|move|p1a: Heatran|Taunt|p2a: Blissey
|-start|p2a: Blissey|move: Taunt
|cant|p2a: Blissey|move: Taunt|Stealth Rock
|
|-damage|p2a: Blissey|58/100|[from] move: Magma Storm|[partiallytrapped]
|upkeep
|turn|5
|
|t:|1779836049
|move|p1a: Heatran|Magma Storm|p2a: Blissey|[miss]
|-miss|p1a: Heatran|p2a: Blissey
|move|p2a: Blissey|Shadow Ball|p1a: Heatran
|-damage|p1a: Heatran|88/100
|-enditem|p1a: Heatran|Air Balloon
|
|-damage|p2a: Blissey|45/100|[from] move: Magma Storm|[partiallytrapped]
|upkeep
|turn|6
|
|t:|1779836058
|move|p1a: Heatran|Magma Storm|p2a: Blissey
|-damage|p2a: Blissey|27/100
|move|p2a: Blissey|Shadow Ball|p1a: Heatran
|-damage|p1a: Heatran|77/100
|
|-damage|p2a: Blissey|15/100|[from] move: Magma Storm|[partiallytrapped]
|-end|p2a: Blissey|move: Taunt
|upkeep
|turn|7
|
|t:|1779836067
|move|p1a: Heatran|Taunt|p2a: Blissey
|-start|p2a: Blissey|move: Taunt
|cant|p2a: Blissey|move: Taunt|Soft-Boiled
|
|-end|p2a: Blissey|Magma Storm|[partiallytrapped]
|upkeep
|turn|8
|
|t:|1779836073
|move|p1a: Heatran|Magma Storm|p2a: Blissey
|-damage|p2a: Blissey|0 fnt
|faint|p2a: Blissey
|
|upkeep
|
|t:|1779836076
|switch|p2a: Gliscor|Gliscor, M|100/100
|turn|9
|
|t:|1779836084
|move|p2a: Gliscor|Swords Dance|p2a: Gliscor
|-boost|p2a: Gliscor|atk|2
|move|p1a: Heatran|Taunt|p2a: Gliscor
|-start|p2a: Gliscor|move: Taunt
|
|-status|p2a: Gliscor|tox|[from] item: Toxic Orb
|upkeep
|turn|10
|
|t:|1779836091
|switch|p1a: Chesnaught|Chesnaught, F|100/100
|-damage|p1a: Chesnaught|84/100|[from] Spikes
|move|p2a: Gliscor|Knock Off|p1a: Chesnaught
|-resisted|p1a: Chesnaught
|-damage|p1a: Chesnaught|73/100
|-damage|p2a: Gliscor|84/100 tox|[from] item: Rocky Helmet|[of] p1a: Chesnaught
|-enditem|p1a: Chesnaught|Rocky Helmet|[from] move: Knock Off|[of] p2a: Gliscor
|
|-heal|p2a: Gliscor|97/100 tox|[from] ability: Poison Heal
|upkeep
|turn|11
|
|t:|1779836103
|move|p2a: Gliscor|Earthquake|p1a: Chesnaught
|-resisted|p1a: Chesnaught
|-damage|p1a: Chesnaught|54/100
|move|p1a: Chesnaught|Synthesis|p1a: Chesnaught
|-heal|p1a: Chesnaught|100/100
|
|-heal|p2a: Gliscor|100/100 tox|[from] ability: Poison Heal
|upkeep
|turn|12
|
|t:|1779836111
|move|p2a: Gliscor|Earthquake|p1a: Chesnaught
|-resisted|p1a: Chesnaught
|-damage|p1a: Chesnaught|82/100
|move|p1a: Chesnaught|Iron Defense|p1a: Chesnaught
|-boost|p1a: Chesnaught|def|2
|
|-end|p2a: Gliscor|move: Taunt
|upkeep
|turn|13
|
|t:|1779836118
|move|p2a: Gliscor|Knock Off|p1a: Chesnaught
|-resisted|p1a: Chesnaught
|-damage|p1a: Chesnaught|78/100
|move|p1a: Chesnaught|Iron Defense|p1a: Chesnaught
|-boost|p1a: Chesnaught|def|2
|
|upkeep
|turn|14
|
|t:|1779836124
|move|p2a: Gliscor|Earthquake|p1a: Chesnaught
|-resisted|p1a: Chesnaught
|-damage|p1a: Chesnaught|72/100
|move|p1a: Chesnaught|Iron Defense|p1a: Chesnaught
|-boost|p1a: Chesnaught|def|2
|
|upkeep
|turn|15
|
|t:|1779836130
|move|p2a: Gliscor|Knock Off|p1a: Chesnaught
|-resisted|p1a: Chesnaught
|-damage|p1a: Chesnaught|70/100
|move|p1a: Chesnaught|Synthesis|p1a: Chesnaught
|-heal|p1a: Chesnaught|100/100
|
|upkeep
|turn|16
|
|t:|1779836136
|move|p2a: Gliscor|Swords Dance|p2a: Gliscor
|-boost|p2a: Gliscor|atk|2
|move|p1a: Chesnaught|Body Press|p2a: Gliscor
|-resisted|p2a: Gliscor
|-damage|p2a: Gliscor|28/100 tox
|
|-heal|p2a: Gliscor|41/100 tox|[from] ability: Poison Heal
|upkeep
|turn|17
|
|t:|1779836144
|switch|p2a: Pecharunt|Pecharunt|100/100
|move|p1a: Chesnaught|Body Press|p2a: Pecharunt
|-immune|p2a: Pecharunt
|
|upkeep
|turn|18
|
|t:|1779836154
|switch|p1a: Clodsire|Clodsire, F|100/100
|-terastallize|p2a: Pecharunt|Fairy
|move|p2a: Pecharunt|Parting Shot|p1a: Clodsire
|-unboost|p1a: Clodsire|atk|1
|-unboost|p1a: Clodsire|spa|1
|
|t:|1779836157
|switch|p2a: Gliscor|Gliscor, M|41/100 tox|[from] Parting Shot
|
|-heal|p2a: Gliscor|53/100 tox|[from] ability: Poison Heal
|upkeep
|turn|19
|
|t:|1779836167
|move|p2a: Gliscor|Earthquake|p1a: Clodsire
|-supereffective|p1a: Clodsire
|-damage|p1a: Clodsire|31/100
|move|p1a: Clodsire|Spikes|p2a: Gliscor
|-sidestart|p2: claudechamp|Spikes
|
|-heal|p2a: Gliscor|66/100 tox|[from] ability: Poison Heal
|upkeep
|turn|20
|
|t:|1779836179
|switch|p1a: Chesnaught|Chesnaught, F|100/100
|-damage|p1a: Chesnaught|84/100|[from] Spikes
|move|p2a: Gliscor|Earthquake|p1a: Chesnaught
|-resisted|p1a: Chesnaught
|-damage|p1a: Chesnaught|74/100
|
|-heal|p2a: Gliscor|78/100 tox|[from] ability: Poison Heal
|upkeep
|turn|21
|
|t:|1779836190
|move|p2a: Gliscor|Knock Off|p1a: Chesnaught
|-resisted|p1a: Chesnaught
|-damage|p1a: Chesnaught|70/100
|move|p1a: Chesnaught|Knock Off|p2a: Gliscor
|-damage|p2a: Gliscor|58/100 tox
|-enditem|p2a: Gliscor|Toxic Orb|[from] move: Knock Off|[of] p1a: Chesnaught
|
|-heal|p2a: Gliscor|70/100 tox|[from] ability: Poison Heal
|upkeep
|turn|22
|
|t:|1779836198
|move|p2a: Gliscor|Earthquake|p1a: Chesnaught
|-resisted|p1a: Chesnaught
|-damage|p1a: Chesnaught|61/100
|move|p1a: Chesnaught|Synthesis|p1a: Chesnaught
|-heal|p1a: Chesnaught|100/100
|
|-heal|p2a: Gliscor|83/100 tox|[from] ability: Poison Heal
|upkeep
|turn|23
|
|t:|1779836205
|move|p2a: Gliscor|Knock Off|p1a: Chesnaught
|-resisted|p1a: Chesnaught
|-damage|p1a: Chesnaught|96/100
|move|p1a: Chesnaught|Iron Defense|p1a: Chesnaught
|-boost|p1a: Chesnaught|def|2
|
|-heal|p2a: Gliscor|95/100 tox|[from] ability: Poison Heal
|upkeep
|turn|24
|
|t:|1779836212
|switch|p2a: Pecharunt|Pecharunt, tera:Fairy|100/100
|move|p1a: Chesnaught|Iron Defense|p1a: Chesnaught
|-boost|p1a: Chesnaught|def|2
|
|upkeep
|turn|25
|
|t:|1779836218
|move|p2a: Pecharunt|Parting Shot|p1a: Chesnaught
|-unboost|p1a: Chesnaught|atk|1
|-unboost|p1a: Chesnaught|spa|1
|
|t:|1779836222
|switch|p2a: Gholdengo|Gholdengo|100/100|[from] Parting Shot
|-damage|p2a: Gholdengo|88/100|[from] Spikes
|move|p1a: Chesnaught|Iron Defense|p1a: Chesnaught
|-boost|p1a: Chesnaught|def|2
|
|upkeep
|turn|26
|
|t:|1779836231
|move|p2a: Gholdengo|Hex|p1a: Chesnaught
|-damage|p1a: Chesnaught|64/100
|move|p1a: Chesnaught|Synthesis|p1a: Chesnaught
|-heal|p1a: Chesnaught|100/100
|
|upkeep
|turn|27
|
|t:|1779836237
|move|p2a: Gholdengo|Hex|p1a: Chesnaught
|-damage|p1a: Chesnaught|65/100
|move|p1a: Chesnaught|Knock Off|p2a: Gholdengo
|-supereffective|p2a: Gholdengo
|-damage|p2a: Gholdengo|63/100
|-enditem|p2a: Gholdengo|Ability Shield|[from] move: Knock Off|[of] p1a: Chesnaught
|
|upkeep
|turn|28
|
|t:|1779836247
|move|p2a: Gholdengo|Recover|p2a: Gholdengo
|-heal|p2a: Gholdengo|100/100
|move|p1a: Chesnaught|Synthesis|p1a: Chesnaught
|-heal|p1a: Chesnaught|100/100
|
|upkeep
|turn|29
|
|t:|1779836256
|switch|p1a: Heatran|Heatran, M|77/100
|-damage|p1a: Heatran|60/100|[from] Spikes
|move|p2a: Gholdengo|Hex|p1a: Heatran
|-damage|p1a: Heatran|38/100
|
|upkeep
|turn|30
|
|t:|1779836265
|switch|p2a: Gliscor|Gliscor, M|95/100 tox
|move|p1a: Heatran|Stealth Rock|p2a: Gliscor
|-sidestart|p2: claudechamp|move: Stealth Rock
|
|-heal|p2a: Gliscor|100/100 tox|[from] ability: Poison Heal
|upkeep
|turn|31
|
|t:|1779836274
|switch|p1a: Chesnaught|Chesnaught, F|100/100
|-damage|p1a: Chesnaught|84/100|[from] Spikes
|move|p2a: Gliscor|Swords Dance|p2a: Gliscor
|-boost|p2a: Gliscor|atk|2
|
|upkeep
|turn|32
|
|t:|1779836281
|move|p2a: Gliscor|Earthquake|p1a: Chesnaught
|-resisted|p1a: Chesnaught
|-damage|p1a: Chesnaught|65/100
|move|p1a: Chesnaught|Iron Defense|p1a: Chesnaught
|-boost|p1a: Chesnaught|def|2
|
|upkeep
|turn|33
|
|t:|1779836289
|switch|p2a: Gholdengo|Gholdengo|100/100
|-damage|p2a: Gholdengo|88/100|[from] Spikes
|-damage|p2a: Gholdengo|82/100|[from] Stealth Rock
|move|p1a: Chesnaught|Iron Defense|p1a: Chesnaught
|-boost|p1a: Chesnaught|def|2
|
|upkeep
|turn|34
|
|t:|1779836296
|move|p2a: Gholdengo|Hex|p1a: Chesnaught
|-damage|p1a: Chesnaught|30/100
|move|p1a: Chesnaught|Synthesis|p1a: Chesnaught
|-heal|p1a: Chesnaught|80/100
|
|upkeep
|turn|35
|
|t:|1779836304
|move|p2a: Gholdengo|Hex|p1a: Chesnaught
|-damage|p1a: Chesnaught|49/100
|move|p1a: Chesnaught|Synthesis|p1a: Chesnaught
|-heal|p1a: Chesnaught|99/100
|
|upkeep
|turn|36
|
|t:|1779836312
|switch|p1a: Heatran|Heatran, M|38/100
|-damage|p1a: Heatran|21/100|[from] Spikes
|move|p2a: Gholdengo|Recover|p2a: Gholdengo
|-heal|p2a: Gholdengo|100/100
|
|upkeep
|turn|37
|
|t:|1779836319
|move|p2a: Gholdengo|Hex|p1a: Heatran
|-damage|p1a: Heatran|0 fnt
|faint|p1a: Heatran
|
|upkeep
|
|t:|1779836325
|switch|p1a: Greninja|Greninja, M|100/100
|-damage|p1a: Greninja|84/100|[from] Spikes
|turn|38
|
|t:|1779836330
|move|p1a: Greninja|Dark Pulse|p2a: Gholdengo
|-start|p1a: Greninja|typechange|Dark|[from] ability: Protean
|-supereffective|p2a: Gholdengo
|-damage|p2a: Gholdengo|0 fnt
|faint|p2a: Gholdengo
|
|upkeep
|
|t:|1779836336
|switch|p2a: Zamazenta|Zamazenta|100/100
|-ability|p2a: Zamazenta|Dauntless Shield|boost
|-boost|p2a: Zamazenta|def|1
|turn|39
|
|t:|1779836341
|switch|p1a: Chesnaught|Chesnaught, F|99/100
|-damage|p1a: Chesnaught|82/100|[from] Spikes
|move|p2a: Zamazenta|Close Combat|p1a: Chesnaught
|-crit|p1a: Chesnaught
|-damage|p1a: Chesnaught|33/100
|-unboost|p2a: Zamazenta|def|1
|-unboost|p2a: Zamazenta|spd|1
|
|upkeep
|turn|40
|
|t:|1779836350
|move|p2a: Zamazenta|Close Combat|p1a: Chesnaught
|-damage|p1a: Chesnaught|0 fnt
|-unboost|p2a: Zamazenta|def|1
|-unboost|p2a: Zamazenta|spd|1
|faint|p1a: Chesnaught
|
|upkeep
|
|t:|1779836360
|switch|p1a: Pecharunt|Pecharunt|100/100
|turn|41
|
|t:|1779836365
|switch|p2a: Gliscor|Gliscor, M|100/100 tox
|-damage|p2a: Gliscor|88/100 tox|[from] Stealth Rock
|move|p1a: Pecharunt|Parting Shot|p2a: Gliscor
|-unboost|p2a: Gliscor|atk|1
|-unboost|p2a: Gliscor|spa|1
|
|t:|1779836372
|switch|p1a: Greninja|Greninja, M|84/100|[from] Parting Shot
|-damage|p1a: Greninja|68/100|[from] Spikes
|
|-heal|p2a: Gliscor|100/100 tox|[from] ability: Poison Heal
|upkeep
|turn|42
|
|t:|1779836379
|move|p1a: Greninja|Surf|p2a: Gliscor
|-start|p1a: Greninja|typechange|Water|[from] ability: Protean
|-supereffective|p2a: Gliscor
|-damage|p2a: Gliscor|0 fnt
|faint|p2a: Gliscor
|
|upkeep
|
|t:|1779836384
|switch|p2a: Zamazenta|Zamazenta|100/100
|turn|43
|
|t:|1779836389
|switch|p1a: Pecharunt|Pecharunt|100/100
|move|p2a: Zamazenta|Close Combat|p1a: Pecharunt
|-immune|p1a: Pecharunt
|
|upkeep
|turn|44
|
|t:|1779836398
|switch|p2a: Skarmory|Skarmory, M|87/100
|-damage|p2a: Skarmory|74/100|[from] Stealth Rock
|move|p1a: Pecharunt|Malignant Chain|p2a: Skarmory
|-immune|p2a: Skarmory
|
|upkeep
|turn|45
|
|t:|1779836406
|move|p1a: Pecharunt|Parting Shot|p2a: Skarmory
|-unboost|p2a: Skarmory|atk|1
|-unboost|p2a: Skarmory|spa|1
|
|t:|1779836414
|switch|p1a: Clodsire|Clodsire, F|31/100|[from] Parting Shot
|move|p2a: Skarmory|Roost|p2a: Skarmory
|-heal|p2a: Skarmory|100/100
|-singleturn|p2a: Skarmory|move: Roost
|
|upkeep
|turn|46
|
|t:|1779836420
|move|p2a: Skarmory|Spikes|p1a: Clodsire
|-sidestart|p1: Kolo22|Spikes
|move|p1a: Clodsire|Recover|p1a: Clodsire
|-heal|p1a: Clodsire|81/100
|
|upkeep
|turn|47
|
|t:|1779836425
|switch|p2a: Pecharunt|Pecharunt, tera:Fairy|100/100
|move|p1a: Clodsire|Spikes|p2a: Pecharunt
|-sidestart|p2: claudechamp|Spikes
|
|upkeep
|turn|48
|
|t:|1779836430
|move|p2a: Pecharunt|Shadow Ball|p1a: Clodsire
|-damage|p1a: Clodsire|68/100
|move|p1a: Clodsire|Spikes|p2a: Pecharunt
|-sidestart|p2: claudechamp|Spikes
|
|upkeep
|turn|49
|
|t:|1779836439
|move|p2a: Pecharunt|Shadow Ball|p1a: Clodsire
|-damage|p1a: Clodsire|55/100
|move|p1a: Clodsire|Toxic|p2a: Pecharunt
|-status|p2a: Pecharunt|tox
|
|-damage|p2a: Pecharunt|94/100 tox|[from] psn
|upkeep
|turn|50
|
|t:|1779836446
|move|p2a: Pecharunt|Parting Shot|p1a: Clodsire
|-unboost|p1a: Clodsire|atk|1
|-unboost|p1a: Clodsire|spa|1
|
|t:|1779836451
|switch|p2a: Zamazenta|Zamazenta|100/100|[from] Parting Shot
|move|p1a: Clodsire|Recover|p1a: Clodsire
|-heal|p1a: Clodsire|100/100
|
|upkeep
|turn|51
|
|t:|1779836463
|move|p2a: Zamazenta|Ice Fang|p1a: Clodsire
|-supereffective|p1a: Clodsire
|-damage|p1a: Clodsire|51/100
|cant|p1a: Clodsire|flinch
|
|upkeep
|turn|52
|
|t:|1779836475
|switch|p1a: Pecharunt|Pecharunt|100/100
|move|p2a: Zamazenta|Ice Fang|p1a: Pecharunt
|-damage|p1a: Pecharunt|89/100
|
|upkeep
|turn|53
|
|t:|1779836481
|switch|p2a: Skarmory|Skarmory, M|100/100
|-damage|p2a: Skarmory|88/100|[from] Stealth Rock
|move|p1a: Pecharunt|Parting Shot|p2a: Skarmory
|-unboost|p2a: Skarmory|atk|1
|-unboost|p2a: Skarmory|spa|1
|
|t:|1779836487
|switch|p1a: Clodsire|Clodsire, F|51/100|[from] Parting Shot
|
|upkeep
|turn|54
|
|t:|1779836492
|move|p2a: Skarmory|Roost|p2a: Skarmory
|-heal|p2a: Skarmory|100/100
|-singleturn|p2a: Skarmory|move: Roost
|move|p1a: Clodsire|Recover|p1a: Clodsire
|-heal|p1a: Clodsire|100/100
|
|upkeep
|turn|55
|inactive|Kolo22 has 120 seconds left.
|
|t:|1779836523
|move|p1a: Clodsire|Toxic|p2a: Skarmory
|-immune|p2a: Skarmory
|move|p2a: Skarmory|Whirlwind|p1a: Clodsire
|drag|p1a: Slowking|Slowking, F|100/100
|
|upkeep
|turn|56
|
|t:|1779836531
|move|p1a: Slowking|Thunder Wave|p2a: Skarmory
|-status|p2a: Skarmory|par
|move|p2a: Skarmory|Whirlwind|p1a: Slowking
|drag|p1a: Clodsire|Clodsire, F|100/100
|
|upkeep
|turn|57
|
|t:|1779836540
|switch|p2a: Pecharunt|Pecharunt, tera:Fairy|94/100 tox
|move|p1a: Clodsire|Toxic|p2a: Pecharunt
|-fail|p2a: Pecharunt|tox
|
|-damage|p2a: Pecharunt|88/100 tox|[from] psn
|upkeep
|turn|58
|
|t:|1779836547
|move|p2a: Pecharunt|Shadow Ball|p1a: Clodsire
|-damage|p1a: Clodsire|86/100
|move|p1a: Clodsire|Earthquake|p2a: Pecharunt
|-damage|p2a: Pecharunt|75/100 tox
|
|-damage|p2a: Pecharunt|63/100 tox|[from] psn
|upkeep
|turn|59
|
|t:|1779836554
|move|p2a: Pecharunt|Recover|p2a: Pecharunt
|-heal|p2a: Pecharunt|100/100 tox
|move|p1a: Clodsire|Earthquake|p2a: Pecharunt
|-damage|p2a: Pecharunt|88/100 tox
|
|-damage|p2a: Pecharunt|69/100 tox|[from] psn
|upkeep
|turn|60
|
|t:|1779836561
|move|p2a: Pecharunt|Parting Shot|p1a: Clodsire
|-unboost|p1a: Clodsire|atk|1
|-unboost|p1a: Clodsire|spa|1
|
|t:|1779836566
|switch|p2a: Skarmory|Skarmory, M|100/100 par|[from] Parting Shot
|-damage|p2a: Skarmory|88/100 par|[from] Stealth Rock
|move|p1a: Clodsire|Earthquake|p2a: Skarmory
|-immune|p2a: Skarmory
|
|upkeep
|turn|61
|
|t:|1779836574
|move|p2a: Skarmory|Roost|p2a: Skarmory
|-heal|p2a: Skarmory|100/100 par
|-singleturn|p2a: Skarmory|move: Roost
|move|p1a: Clodsire|Toxic||[still]
|-fail|p1a: Clodsire
|
|upkeep
|turn|62
|
|t:|1779836581
|move|p1a: Clodsire|Toxic||[still]
|-fail|p1a: Clodsire
|cant|p2a: Skarmory|par
|
|upkeep
|turn|63
|
|t:|1779836586
|move|p1a: Clodsire|Toxic||[still]
|-fail|p1a: Clodsire
|cant|p2a: Skarmory|par
|
|upkeep
|turn|64
|
|t:|1779836591
|move|p1a: Clodsire|Toxic||[still]
|-fail|p1a: Clodsire
|move|p2a: Skarmory|Whirlwind|p1a: Clodsire
|drag|p1a: Greninja|Greninja, M|68/100
|-damage|p1a: Greninja|43/100|[from] Spikes
|
|upkeep
|turn|65
|
|t:|1779836605
|move|p1a: Greninja|Dark Pulse|p2a: Skarmory
|-start|p1a: Greninja|typechange|Dark|[from] ability: Protean
|-damage|p2a: Skarmory|30/100 par
|move|p2a: Skarmory|Body Press|p1a: Greninja
|-supereffective|p1a: Greninja
|-damage|p1a: Greninja|0 fnt
|faint|p1a: Greninja
|
|upkeep
|
|t:|1779836625
|switch|p1a: Slowking|Slowking, F|100/100
|turn|66
|
|t:|1779836630
|cant|p2a: Skarmory|par
|move|p1a: Slowking|Surf|p2a: Skarmory
|-damage|p2a: Skarmory|0 fnt
|faint|p2a: Skarmory
|
|upkeep
|
|t:|1779836636
|switch|p2a: Pecharunt|Pecharunt, tera:Fairy|69/100 tox
|turn|67
|
|t:|1779836641
|move|p2a: Pecharunt|Parting Shot|p1a: Slowking
|-unboost|p1a: Slowking|atk|1
|-unboost|p1a: Slowking|spa|1
|
|t:|1779836647
|switch|p2a: Zamazenta|Zamazenta|100/100|[from] Parting Shot
|move|p1a: Slowking|Future Sight|p2a: Zamazenta
|-start|p1a: Slowking|move: Future Sight
|
|upkeep
|turn|68
|
|t:|1779836656
|move|p2a: Zamazenta|Crunch|p1a: Slowking
|-supereffective|p1a: Slowking
|-damage|p1a: Slowking|47/100
|move|p1a: Slowking|Thunder Wave|p2a: Zamazenta|[miss]
|-miss|p1a: Slowking|p2a: Zamazenta
|
|upkeep
|turn|69
|
|t:|1779836665
|switch|p2a: Pecharunt|Pecharunt, tera:Fairy|69/100 tox
|switch|p1a: Pecharunt|Pecharunt|89/100
|
|-end|p2a: Pecharunt|move: Future Sight
|-damage|p2a: Pecharunt|32/100 tox
|-damage|p2a: Pecharunt|25/100 tox|[from] psn
|upkeep
|turn|70
|
|t:|1779836678
|move|p1a: Pecharunt|Recover|p1a: Pecharunt
|-heal|p1a: Pecharunt|100/100
|move|p2a: Pecharunt|Recover|p2a: Pecharunt
|-heal|p2a: Pecharunt|75/100 tox
|
|-damage|p2a: Pecharunt|63/100 tox|[from] psn
|upkeep
|turn|71
|
|t:|1779836685
|move|p1a: Pecharunt|Malignant Chain|p2a: Pecharunt
|-supereffective|p2a: Pecharunt
|-damage|p2a: Pecharunt|2/100 tox
|move|p2a: Pecharunt|Parting Shot|p1a: Pecharunt
|-unboost|p1a: Pecharunt|atk|1
|-unboost|p1a: Pecharunt|spa|1
|
|t:|1779836691
|switch|p2a: Zamazenta|Zamazenta|100/100|[from] Parting Shot
|
|upkeep
|turn|72
|
|t:|1779836696
|move|p2a: Zamazenta|Ice Fang|p1a: Pecharunt
|-damage|p1a: Pecharunt|90/100
|move|p1a: Pecharunt|Malignant Chain|p2a: Zamazenta
|-damage|p2a: Zamazenta|80/100
|
|upkeep
|turn|73
|
|t:|1779836702
|move|p2a: Zamazenta|Ice Fang|p1a: Pecharunt
|-damage|p1a: Pecharunt|79/100
|move|p1a: Pecharunt|Malignant Chain|p2a: Zamazenta
|-damage|p2a: Zamazenta|61/100
|-status|p2a: Zamazenta|tox
|-start|p2a: Zamazenta|confusion|[from] ability: Poison Puppeteer|[of] p1a: Pecharunt
|
|-damage|p2a: Zamazenta|55/100 tox|[from] psn
|upkeep
|turn|74
|
|t:|1779836713
|-activate|p2a: Zamazenta|confusion
|move|p2a: Zamazenta|Ice Fang|p1a: Pecharunt
|-damage|p1a: Pecharunt|69/100
|move|p1a: Pecharunt|Recover|p1a: Pecharunt
|-heal|p1a: Pecharunt|100/100
|
|-damage|p2a: Zamazenta|43/100 tox|[from] psn
|upkeep
|turn|75
|
|t:|1779836722
|-activate|p2a: Zamazenta|confusion
|-damage|p2a: Zamazenta|31/100 tox|[from] confusion
|move|p1a: Pecharunt|Malignant Chain|p2a: Zamazenta
|-crit|p2a: Zamazenta
|-damage|p2a: Zamazenta|0 fnt
|faint|p2a: Zamazenta
|
|upkeep
|
|t:|1779836727
|switch|p2a: Pecharunt|Pecharunt, tera:Fairy|2/100 tox
|turn|76
|
|t:|1779836735
|move|p1a: Pecharunt|Foul Play|p2a: Pecharunt
|-resisted|p2a: Pecharunt
|-crit|p2a: Pecharunt
|-damage|p2a: Pecharunt|0 fnt
|faint|p2a: Pecharunt
|
|win|Kolo22
|raw|Kolo22's rating: 1401 &rarr; <strong>1416</strong><br />(+15 for winning)
|raw|claudechamp's rating: 1315 &rarr; <strong>1300</strong><br />(-15 for losing)
|c|☆claudechamp|gg
|c|☆Kolo22|gg
