|j|☆magikarp soup
|j|☆hat40
|t:|1779804261
|gametype|singles
|player|p1|magikarp soup|medium|1673
|player|p2|hat40|101|1588
|gen|9
|tier|[Gen 9] OU
|rated|
|rule|HP Percentage Mod: HP is shown in percentages
|rule|Endless Battle Clause: Forcing endless battles is banned
|rule|Species Clause: Limit one of each Pokémon
|rule|OHKO Clause: OHKO moves are banned
|rule|Evasion Items Clause: Evasion items are banned
|rule|Evasion Moves Clause: Evasion moves are banned
|rule|Evasion Abilities Clause: Evasion abilities are banned
|rule|Sleep Moves Clause: Sleep-inducing moves are banned
|clearpoke
|poke|p1|Cramorant, F|
|poke|p1|Ceruledge, F|
|poke|p1|Kyurem|
|poke|p1|Moltres-Galar|
|poke|p1|Kingambit, M|
|poke|p1|Okidogi, M|
|poke|p2|Pelipper, F|
|poke|p2|Manaphy|
|poke|p2|Bruxish, F|
|poke|p2|Overqwil, M|
|poke|p2|Iron Treads|
|poke|p2|Raging Bolt|
|teampreview
|
|t:|1779804280
|teamsize|p1|6
|teamsize|p2|6
|start
|switch|p1a: Cramorant|Cramorant, F|100/100
|switch|p2a: Iron Treads|Iron Treads|100/100
|-enditem|p2a: Iron Treads|Booster Energy
|-activate|p2a: Iron Treads|ability: Quark Drive|[fromitem]
|-start|p2a: Iron Treads|quarkdrivespe
|turn|1
|
|t:|1779804289
|move|p2a: Iron Treads|Stealth Rock|p1a: Cramorant
|-sidestart|p1: magikarp soup|move: Stealth Rock
|move|p1a: Cramorant|Surf|p2a: Iron Treads
|-formechange|p1a: Cramorant|Cramorant-Gulping|
|-supereffective|p2a: Iron Treads
|-damage|p2a: Iron Treads|36/100
|
|upkeep
|turn|2
|
|t:|1779804297
|move|p2a: Iron Treads|Knock Off|p1a: Cramorant
|-damage|p1a: Cramorant|55/100
|-damage|p2a: Iron Treads|11/100|[from] ability: Gulp Missile|[of] p1a: Cramorant
|-unboost|p2a: Iron Treads|def|1
|-formechange|p1a: Cramorant|Cramorant|
|-enditem|p1a: Cramorant|Focus Sash|[from] move: Knock Off|[of] p2a: Iron Treads
|move|p1a: Cramorant|Tailwind|p1a: Cramorant
|-sidestart|p1: magikarp soup|move: Tailwind
|
|upkeep
|turn|3
|
|t:|1779804306
|move|p1a: Cramorant|Surf|p2a: Iron Treads
|-formechange|p1a: Cramorant|Cramorant-Gulping|
|-supereffective|p2a: Iron Treads
|-damage|p2a: Iron Treads|0 fnt
|faint|p2a: Iron Treads
|-end|p2a: Iron Treads|Quark Drive|[silent]
|
|upkeep
|
|t:|1779804308
|switch|p2a: Raging Bolt|Raging Bolt|100/100
|-enditem|p2a: Raging Bolt|Booster Energy
|-activate|p2a: Raging Bolt|ability: Protosynthesis|[fromitem]
|-start|p2a: Raging Bolt|protosynthesisspa
|turn|4
|
|t:|1779804311
|move|p1a: Cramorant|Defog|p2a: Raging Bolt
|-unboost|p2a: Raging Bolt|evasion|1
|-sideend|p1: magikarp soup|Stealth Rock|[from] move: Defog|[of] p1a: Cramorant
|move|p2a: Raging Bolt|Thunderbolt|p1a: Cramorant
|-supereffective|p1a: Cramorant
|-damage|p1a: Cramorant|0 fnt
|-damage|p2a: Raging Bolt|76/100|[from] ability: Gulp Missile|[of] p1a: Cramorant
|-unboost|p2a: Raging Bolt|def|1
|-formechange|p1a: Cramorant|Cramorant|
|faint|p1a: Cramorant
|
|upkeep
|
|t:|1779804316
|switch|p1a: Ceruledge|Ceruledge, F|100/100
|turn|5
|
|t:|1779804321
|move|p1a: Ceruledge|Swords Dance|p1a: Ceruledge
|-boost|p1a: Ceruledge|atk|2
|move|p2a: Raging Bolt|Thunderbolt|p1a: Ceruledge
|-damage|p1a: Ceruledge|20/100
|
|-sideend|p1: magikarp soup|move: Tailwind
|upkeep
|turn|6
|
|t:|1779804329
|move|p2a: Raging Bolt|Thunderclap||[still]
|-fail|p2a: Raging Bolt
|move|p1a: Ceruledge|Destiny Bond|p1a: Ceruledge
|-singlemove|p1a: Ceruledge|Destiny Bond
|
|upkeep
|turn|7
|
|t:|1779804333
|move|p2a: Raging Bolt|Thunderclap|p1a: Ceruledge
|-damage|p1a: Ceruledge|0 fnt
|faint|p1a: Ceruledge
|-activate|p1a: Ceruledge|move: Destiny Bond
|faint|p2a: Raging Bolt
|-end|p2a: Raging Bolt|Protosynthesis|[silent]
|
|upkeep
|
|t:|1779804341
|switch|p1a: Moltres|Moltres-Galar|100/100
|switch|p2a: Pelipper|Pelipper, F|100/100
|-weather|RainDance|[from] ability: Drizzle|[of] p2a: Pelipper
|turn|8
|inactive|Battle timer is ON: inactive players will automatically lose when time's up. (requested by hat40)
|
|t:|1779804397
|move|p1a: Moltres|Nasty Plot|p1a: Moltres
|-boost|p1a: Moltres|spa|2
|move|p2a: Pelipper|U-turn|p1a: Moltres
|-damage|p1a: Moltres|90/100
|
|t:|1779804405
|switch|p2a: Manaphy|Manaphy|100/100|[from] U-turn
|
|-weather|RainDance|[upkeep]
|upkeep
|turn|9
|
|t:|1779804410
|move|p2a: Manaphy|Ice Beam|p1a: Moltres
|-supereffective|p1a: Moltres
|-damage|p1a: Moltres|45/100
|-status|p1a: Moltres|frz
|-ability|p1a: Moltres|Berserk|boost
|-boost|p1a: Moltres|spa|1
|-enditem|p1a: Moltres|Sitrus Berry|[eat]
|-heal|p1a: Moltres|70/100 frz|[from] item: Sitrus Berry
|cant|p1a: Moltres|frz
|
|-weather|RainDance|[upkeep]
|upkeep
|turn|10
|
|t:|1779804415
|move|p2a: Manaphy|Tail Glow|p2a: Manaphy
|-boost|p2a: Manaphy|spa|3
|cant|p1a: Moltres|frz
|
|-weather|RainDance|[upkeep]
|upkeep
|turn|11
|
|t:|1779804418
|move|p2a: Manaphy|Ice Beam|p1a: Moltres
|-supereffective|p1a: Moltres
|-damage|p1a: Moltres|0 fnt
|faint|p1a: Moltres
|
|-weather|RainDance|[upkeep]
|upkeep
|
|t:|1779804424
|switch|p1a: Kyurem|Kyurem|100/100
|-ability|p1a: Kyurem|Pressure
|turn|12
|
|t:|1779804426
|move|p2a: Manaphy|Ice Beam|p1a: Kyurem
|-damage|p1a: Kyurem|32/100
|move|p1a: Kyurem|Dragon Dance|p1a: Kyurem
|-boost|p1a: Kyurem|atk|1
|-boost|p1a: Kyurem|spe|1
|
|-weather|RainDance|[upkeep]
|upkeep
|turn|13
|
|t:|1779804430
|move|p1a: Kyurem|Scale Shot|p2a: Manaphy
|-damage|p2a: Manaphy|83/100
|-damage|p2a: Manaphy|62/100
|-damage|p2a: Manaphy|41/100
|-damage|p2a: Manaphy|22/100
|-damage|p2a: Manaphy|4/100
|-hitcount|p2a: Manaphy|5
|-unboost|p1a: Kyurem|def|1
|-boost|p1a: Kyurem|spe|1
|move|p2a: Manaphy|Ice Beam|p1a: Kyurem
|-damage|p1a: Kyurem|0 fnt
|faint|p1a: Kyurem
|
|-weather|RainDance|[upkeep]
|upkeep
|
|t:|1779804434
|switch|p1a: Kingambit|Kingambit, M|100/100
|-activate|p1a: Kingambit|ability: Supreme Overlord
|-start|p1a: Kingambit|fallen4|[silent]
|turn|14
|
|t:|1779804440
|move|p1a: Kingambit|Sucker Punch||[still]
|-fail|p1a: Kingambit
|move|p2a: Manaphy|Tail Glow|p2a: Manaphy
|-boost|p2a: Manaphy|spa|3
|
|-weather|RainDance|[upkeep]
|upkeep
|turn|15
|
|t:|1779804445
|move|p1a: Kingambit|Sucker Punch||[still]
|-fail|p1a: Kingambit
|move|p2a: Manaphy|Tail Glow|p2a: Manaphy
|-boost|p2a: Manaphy|spa|0
|
|-weather|none
|upkeep
|turn|16
|
|t:|1779804448
|move|p1a: Kingambit|Sucker Punch|p2a: Manaphy
|-damage|p2a: Manaphy|0 fnt
|faint|p2a: Manaphy
|
|upkeep
|
|t:|1779804451
|switch|p2a: Pelipper|Pelipper, F|100/100
|-weather|RainDance|[from] ability: Drizzle|[of] p2a: Pelipper
|turn|17
|
|t:|1779804453
|move|p1a: Kingambit|Swords Dance|p1a: Kingambit
|-boost|p1a: Kingambit|atk|2
|move|p2a: Pelipper|Weather Ball|p1a: Kingambit
|-damage|p1a: Kingambit|43/100
|
|-weather|RainDance|[upkeep]
|upkeep
|turn|18
|
|t:|1779804459
|move|p1a: Kingambit|Sucker Punch|p2a: Pelipper
|-damage|p2a: Pelipper|19/100
|move|p2a: Pelipper|Weather Ball|p1a: Kingambit
|-damage|p1a: Kingambit|0 fnt
|faint|p1a: Kingambit
|-end|p1a: Kingambit|fallen4|[silent]
|
|-weather|RainDance|[upkeep]
|upkeep
|
|t:|1779804463
|switch|p1a: Okidogi|Okidogi, M|100/100
|turn|19
|
|t:|1779804468
|-terastallize|p1a: Okidogi|Dark
|move|p1a: Okidogi|Bulk Up|p1a: Okidogi
|-boost|p1a: Okidogi|atk|1
|-boost|p1a: Okidogi|def|1
|move|p2a: Pelipper|Hurricane|p1a: Okidogi
|-damage|p1a: Okidogi|66/100
|-start|p1a: Okidogi|confusion
|
|-weather|RainDance|[upkeep]
|-heal|p1a: Okidogi|72/100|[from] item: Leftovers
|upkeep
|turn|20
|
|t:|1779804475
|-activate|p1a: Okidogi|confusion
|-damage|p1a: Okidogi|59/100|[from] confusion
|move|p2a: Pelipper|U-turn|p1a: Okidogi
|-supereffective|p1a: Okidogi
|-damage|p1a: Okidogi|50/100
|
|t:|1779804483
|switch|p2a: Bruxish|Bruxish, F|100/100|[from] U-turn
|
|-weather|RainDance|[upkeep]
|-heal|p1a: Okidogi|57/100|[from] item: Leftovers
|upkeep
|turn|21
|
|t:|1779804488
|-terastallize|p2a: Bruxish|Water
|move|p2a: Bruxish|Wave Crash|p1a: Okidogi
|-damage|p1a: Okidogi|3/100
|-damage|p2a: Bruxish|76/100|[from] Recoil
|-activate|p1a: Okidogi|confusion
|-damage|p1a: Okidogi|0 fnt|[from] confusion
|faint|p1a: Okidogi
|
|win|hat40
|raw|magikarp soup's rating: 1673 &rarr; <strong>1648</strong><br />(-25 for losing)
|raw|hat40's rating: 1588 &rarr; <strong>1613</strong><br />(+25 for winning)
|c|☆hat40|i'm so sorry
|l|☆magikarp soup
|player|p1|
|l|☆hat40
|player|p2|
