|j|☆claudechamp
|j|☆Chechoide
|t:|1779813437
|gametype|singles
|player|p1|claudechamp|265|1227
|player|p2|Chechoide|clown|1215
|gen|9
|tier|[Gen 9] OU
|rated|
|rule|HP Percentage Mod: HP is shown in percentages
|rule|Endless Battle Clause: Forcing endless battles is banned
|rule|Species Clause: Limit one of each Pokémon
|rule|OHKO Clause: OHKO moves are banned
|rule|Evasion Items Clause: Evasion items are banned
|rule|Evasion Moves Clause: Evasion moves are banned
|rule|Evasion Abilities Clause: Evasion abilities are banned
|rule|Sleep Moves Clause: Sleep-inducing moves are banned
|clearpoke
|poke|p1|Corviknight, M|
|poke|p1|Ting-Lu|
|poke|p1|Kyurem|
|poke|p1|Dondozo, F|
|poke|p1|Slowking-Galar, F|
|poke|p1|Cinderace, M|
|poke|p2|Blissey, F|
|poke|p2|Gliscor, F|
|poke|p2|Dondozo, M|
|poke|p2|Amoonguss, M|
|poke|p2|Alomomola, F|
|poke|p2|Weezing-Galar, M|
|teampreview
|c|☆claudechamp|hf
|inactive|Battle timer is ON: inactive players will automatically lose when time's up. (requested by claudechamp)
|
|t:|1779813450
|teamsize|p1|6
|teamsize|p2|6
|start
|switch|p1a: Corviknight|Corviknight, M|100/100
|switch|p2a: Albert Eipstein|Weezing-Galar, M|100/100
|-ability|p2a: Albert Eipstein|Neutralizing Gas
|turn|1
|
|t:|1779813460
|switch|p1a: Slowking|Slowking-Galar, F|100/100
|move|p2a: Albert Eipstein|Will-O-Wisp|p1a: Slowking
|-status|p1a: Slowking|brn
|
|-damage|p1a: Slowking|94/100 brn|[from] brn
|upkeep
|turn|2
|
|t:|1779813474
|-end|p2a: Albert Eipstein|ability: Neutralizing Gas
|switch|p2a: Cabryan|Blissey, F|100/100
|move|p1a: Slowking|Future Sight|p2a: Cabryan
|-start|p1a: Slowking|move: Future Sight
|
|-damage|p1a: Slowking|88/100 brn|[from] brn
|upkeep
|turn|3
|
|t:|1779813480
|switch|p1a: Kyurem|Kyurem|100/100
|-ability|p1a: Kyurem|Pressure
|move|p2a: Cabryan|Stealth Rock|p1a: Kyurem
|-sidestart|p1: claudechamp|move: Stealth Rock
|
|upkeep
|turn|4
|
|t:|1779813501
|switch|p1a: Cinderace|Cinderace, M|100/100
|switch|p2a: Gayllermo|Alomomola, F|100/100
|
|-end|p2a: Gayllermo|move: Future Sight
|-crit|p2a: Gayllermo
|-damage|p2a: Gayllermo|39/100
|upkeep
|turn|5
|
|t:|1779813513
|move|p2a: Gayllermo|Protect|p2a: Gayllermo
|-singleturn|p2a: Gayllermo|Protect
|move|p1a: Cinderace|Court Change|p1a: Cinderace
|-swapsideconditions
|-activate|p1a: Cinderace|move: Court Change
|
|upkeep
|turn|6
|
|t:|1779813526
|switch|p2a: Luis Vargas|Dondozo, M|100/100
|move|p1a: Cinderace|Pyro Ball|p2a: Luis Vargas
|-resisted|p2a: Luis Vargas
|-damage|p2a: Luis Vargas|91/100
|
|upkeep
|turn|7
|
|t:|1779813535
|switch|p1a: Kyurem|Kyurem|100/100
|-ability|p1a: Kyurem|Pressure
|move|p2a: Luis Vargas|Waterfall|p1a: Kyurem
|-resisted|p1a: Kyurem
|-damage|p1a: Kyurem|89/100
|
|-heal|p1a: Kyurem|95/100|[from] item: Leftovers
|upkeep
|turn|8
|
|t:|1779813545
|switch|p2a: Ginecólogo Braga|Gliscor, F|100/100
|-damage|p2a: Ginecólogo Braga|88/100|[from] Stealth Rock
|move|p1a: Kyurem|Freeze-Dry|p2a: Ginecólogo Braga
|-supereffective|p2a: Ginecólogo Braga
|-damage|p2a: Ginecólogo Braga|0 fnt
|faint|p2a: Ginecólogo Braga
|
|-heal|p1a: Kyurem|100/100|[from] item: Leftovers
|upkeep
|
|t:|1779813557
|switch|p2a: Albert Eipstein|Weezing-Galar, M|100/100
|-ability|p2a: Albert Eipstein|Neutralizing Gas
|turn|9
|
|t:|1779813566
|move|p1a: Kyurem|Freeze-Dry|p2a: Albert Eipstein
|-damage|p2a: Albert Eipstein|50/100
|move|p2a: Albert Eipstein|Pain Split|p1a: Kyurem
|-sethp|p1a: Kyurem|71/100|[from] move: Pain Split|[silent]
|-sethp|p2a: Albert Eipstein|86/100|[from] move: Pain Split
|
|-heal|p1a: Kyurem|77/100|[from] item: Leftovers
|upkeep
|turn|10
|
|t:|1779813574
|move|p1a: Kyurem|Freeze-Dry|p2a: Albert Eipstein
|-damage|p2a: Albert Eipstein|34/100
|move|p2a: Albert Eipstein|Will-O-Wisp|p1a: Kyurem
|-status|p1a: Kyurem|brn
|
|-heal|p1a: Kyurem|83/100 brn|[from] item: Leftovers
|-damage|p1a: Kyurem|77/100 brn|[from] brn
|upkeep
|turn|11
|
|t:|1779813582
|-end|p2a: Albert Eipstein|ability: Neutralizing Gas
|-ability|p1a: Kyurem|Pressure
|switch|p2a: Cabryan|Blissey, F|100/100
|move|p1a: Kyurem|Freeze-Dry|p2a: Cabryan
|-damage|p2a: Cabryan|89/100
|
|-heal|p1a: Kyurem|83/100 brn|[from] item: Leftovers
|-damage|p1a: Kyurem|77/100 brn|[from] brn
|upkeep
|turn|12
|
|t:|1779813591
|move|p1a: Kyurem|Freeze-Dry|p2a: Cabryan
|-damage|p2a: Cabryan|78/100
|move|p2a: Cabryan|Shadow Ball|p1a: Kyurem
|-damage|p1a: Kyurem|63/100 brn
|
|-heal|p1a: Kyurem|69/100 brn|[from] item: Leftovers
|-damage|p1a: Kyurem|63/100 brn|[from] brn
|upkeep
|turn|13
|
|t:|1779813599
|move|p1a: Kyurem|Earth Power|p2a: Cabryan
|-damage|p2a: Cabryan|69/100
|move|p2a: Cabryan|Shadow Ball|p1a: Kyurem
|-damage|p1a: Kyurem|51/100 brn
|
|-heal|p1a: Kyurem|57/100 brn|[from] item: Leftovers
|-damage|p1a: Kyurem|51/100 brn|[from] brn
|upkeep
|turn|14
|
|t:|1779813606
|move|p1a: Kyurem|Freeze-Dry|p2a: Cabryan
|-damage|p2a: Cabryan|59/100
|move|p2a: Cabryan|Shadow Ball|p1a: Kyurem
|-damage|p1a: Kyurem|38/100 brn
|
|-heal|p1a: Kyurem|44/100 brn|[from] item: Leftovers
|-damage|p1a: Kyurem|38/100 brn|[from] brn
|upkeep
|turn|15
|
|t:|1779813613
|move|p1a: Kyurem|Earth Power|p2a: Cabryan
|-damage|p2a: Cabryan|49/100
|-unboost|p2a: Cabryan|spd|1
|move|p2a: Cabryan|Soft-Boiled|p2a: Cabryan
|-heal|p2a: Cabryan|99/100
|
|-heal|p1a: Kyurem|44/100 brn|[from] item: Leftovers
|-damage|p1a: Kyurem|38/100 brn|[from] brn
|upkeep
|turn|16
|
|t:|1779813620
|move|p1a: Kyurem|Freeze-Dry|p2a: Cabryan
|-damage|p2a: Cabryan|83/100
|move|p2a: Cabryan|Shadow Ball|p1a: Kyurem
|-damage|p1a: Kyurem|23/100 brn
|
|-heal|p1a: Kyurem|29/100 brn|[from] item: Leftovers
|-damage|p1a: Kyurem|23/100 brn|[from] brn
|upkeep
|turn|17
|
|t:|1779813634
|switch|p1a: Corviknight|Corviknight, M|100/100
|-ability|p1a: Corviknight|Pressure
|move|p2a: Cabryan|Shadow Ball|p1a: Corviknight
|-damage|p1a: Corviknight|87/100
|
|upkeep
|turn|18
|
|t:|1779813649
|switch|p2a: Gayllermo|Alomomola, F|72/100
|-damage|p2a: Gayllermo|60/100|[from] Stealth Rock
|move|p1a: Corviknight|Brave Bird|p2a: Gayllermo
|-damage|p2a: Gayllermo|36/100
|-damage|p1a: Corviknight|71/100|[from] item: Rocky Helmet|[of] p2a: Gayllermo
|-damage|p1a: Corviknight|61/100|[from] Recoil
|
|upkeep
|turn|19
|
|t:|1779813661
|move|p1a: Corviknight|Roost|p1a: Corviknight
|-heal|p1a: Corviknight|100/100
|-singleturn|p1a: Corviknight|move: Roost
|move|p2a: Gayllermo|Wish|p2a: Gayllermo
|
|upkeep
|turn|20
|
|t:|1779813673
|switch|p1a: Slowking|Slowking-Galar, F|100/100 brn
|move|p2a: Gayllermo|Scald|p1a: Slowking
|-damage|p1a: Slowking|90/100 brn
|
|-heal|p2a: Gayllermo|86/100|[from] move: Wish|[wisher] Gayllermo
|-damage|p1a: Slowking|83/100 brn|[from] brn
|upkeep
|turn|21
|
|t:|1779813687
|move|p2a: Gayllermo|Scald|p1a: Slowking
|-damage|p1a: Slowking|72/100 brn
|-prepare|p1a: Slowking|Chilly Reception|[premajor]
|move|p1a: Slowking|Chilly Reception|p1a: Slowking
|-weather|Snowscape
|
|t:|1779813694
|switch|p1a: Kyurem|Kyurem|23/100 brn|[from] Chilly Reception
|-ability|p1a: Kyurem|Pressure
|
|-weather|Snowscape|[upkeep]
|-heal|p1a: Kyurem|29/100 brn|[from] item: Leftovers
|-damage|p1a: Kyurem|23/100 brn|[from] brn
|upkeep
|turn|22
|
|t:|1779813711
|-terastallize|p2a: Gayllermo|Steel
|move|p1a: Kyurem|Freeze-Dry|p2a: Gayllermo
|-resisted|p2a: Gayllermo
|-damage|p2a: Gayllermo|69/100
|move|p2a: Gayllermo|Flip Turn|p1a: Kyurem
|-resisted|p1a: Kyurem
|-damage|p1a: Kyurem|18/100 brn
|
|t:|1779813723
|switch|p2a: Cabryan|Blissey, F|83/100|[from] Flip Turn
|
|-weather|Snowscape|[upkeep]
|-heal|p1a: Kyurem|24/100 brn|[from] item: Leftovers
|-damage|p1a: Kyurem|18/100 brn|[from] brn
|upkeep
|turn|23
|
|t:|1779813733
|switch|p1a: Cinderace|Cinderace, M|100/100
|move|p2a: Cabryan|Stealth Rock|p1a: Cinderace
|-sidestart|p1: claudechamp|move: Stealth Rock
|
|-weather|Snowscape|[upkeep]
|upkeep
|turn|24
|
|t:|1779813745
|switch|p2a: Luis Vargas|Dondozo, M|91/100
|move|p1a: Cinderace|Pyro Ball|p2a: Luis Vargas|[miss]
|-miss|p1a: Cinderace|p2a: Luis Vargas
|
|-weather|Snowscape|[upkeep]
|upkeep
|turn|25
|
|t:|1779813763
|move|p1a: Cinderace|Will-O-Wisp|p2a: Luis Vargas
|-status|p2a: Luis Vargas|brn
|move|p2a: Luis Vargas|Curse|p2a: Luis Vargas
|-unboost|p2a: Luis Vargas|spe|1
|-boost|p2a: Luis Vargas|atk|1
|-boost|p2a: Luis Vargas|def|1
|
|-weather|none
|-damage|p2a: Luis Vargas|84/100 brn|[from] brn
|upkeep
|turn|26
|
|t:|1779813774
|move|p1a: Cinderace|Pyro Ball|p2a: Luis Vargas
|-resisted|p2a: Luis Vargas
|-damage|p2a: Luis Vargas|77/100 brn
|move|p2a: Luis Vargas|Waterfall|p1a: Cinderace
|-supereffective|p1a: Cinderace
|-crit|p1a: Cinderace
|-damage|p1a: Cinderace|27/100
|
|-damage|p2a: Luis Vargas|71/100 brn|[from] brn
|upkeep
|turn|27
|
|t:|1779813791
|switch|p1a: Corviknight|Corviknight, M|100/100
|-damage|p1a: Corviknight|88/100|[from] Stealth Rock
|-ability|p1a: Corviknight|Pressure
|move|p2a: Luis Vargas|Waterfall|p1a: Corviknight
|-damage|p1a: Corviknight|76/100
|-damage|p2a: Luis Vargas|54/100 brn|[from] item: Rocky Helmet|[of] p1a: Corviknight
|
|-damage|p2a: Luis Vargas|48/100 brn|[from] brn
|upkeep
|turn|28
|
|t:|1779813805
|move|p1a: Corviknight|Brave Bird|p2a: Luis Vargas
|-damage|p2a: Luis Vargas|36/100 brn
|-damage|p1a: Corviknight|71/100|[from] Recoil
|move|p2a: Luis Vargas|Rest|p2a: Luis Vargas
|-status|p2a: Luis Vargas|slp|[from] move: Rest
|-heal|p2a: Luis Vargas|100/100 slp|[silent]
|
|upkeep
|turn|29
|
|t:|1779813818
|move|p1a: Corviknight|Brave Bird|p2a: Luis Vargas
|-damage|p2a: Luis Vargas|90/100 slp
|-damage|p1a: Corviknight|66/100|[from] Recoil
|cant|p2a: Luis Vargas|slp
|move|p2a: Luis Vargas|Sleep Talk|p2a: Luis Vargas
|move|p2a: Luis Vargas|Rest||[from] move: Sleep Talk|[still]
|-fail|p2a: Luis Vargas
|
|upkeep
|turn|30
|
|t:|1779813834
|switch|p1a: Dondozo|Dondozo, F|100/100
|-damage|p1a: Dondozo|88/100|[from] Stealth Rock
|cant|p2a: Luis Vargas|slp
|move|p2a: Luis Vargas|Sleep Talk|p2a: Luis Vargas
|move|p2a: Luis Vargas|Waterfall|p1a: Dondozo|[from] move: Sleep Talk
|-resisted|p1a: Dondozo
|-damage|p1a: Dondozo|80/100
|
|-heal|p1a: Dondozo|86/100|[from] item: Leftovers
|upkeep
|turn|31
|
|t:|1779813850
|switch|p2a: Gayllermo|Alomomola, F, tera:Steel|100/100
|-damage|p2a: Gayllermo|94/100|[from] Stealth Rock
|move|p1a: Dondozo|Body Press|p2a: Gayllermo
|-supereffective|p2a: Gayllermo
|-damage|p2a: Gayllermo|70/100
|-damage|p1a: Dondozo|69/100|[from] item: Rocky Helmet|[of] p2a: Gayllermo
|
|-heal|p1a: Dondozo|76/100|[from] item: Leftovers
|upkeep
|turn|32
|
|t:|1779813857
|move|p2a: Gayllermo|Wish|p2a: Gayllermo
|move|p1a: Dondozo|Curse|p1a: Dondozo
|-unboost|p1a: Dondozo|spe|1
|-boost|p1a: Dondozo|atk|1
|-boost|p1a: Dondozo|def|1
|
|-heal|p1a: Dondozo|82/100|[from] item: Leftovers
|upkeep
|turn|33
|
|t:|1779813867
|move|p2a: Gayllermo|Flip Turn|p1a: Dondozo
|-resisted|p1a: Dondozo
|-damage|p1a: Dondozo|78/100
|
|t:|1779813878
|switch|p2a: Luis Vargas|Dondozo, M|90/100 slp|[from] Flip Turn
|move|p1a: Dondozo|Waterfall|p2a: Luis Vargas
|-resisted|p2a: Luis Vargas
|-damage|p2a: Luis Vargas|83/100 slp
|
|-heal|p2a: Luis Vargas|100/100 slp|[from] move: Wish|[wisher] Gayllermo
|-heal|p1a: Dondozo|84/100|[from] item: Leftovers
|upkeep
|turn|34
|
|t:|1779813890
|-curestatus|p2a: Luis Vargas|slp|[msg]
|move|p2a: Luis Vargas|Sleep Talk||[still]
|-fail|p2a: Luis Vargas
|move|p1a: Dondozo|Waterfall|p2a: Luis Vargas
|-resisted|p2a: Luis Vargas
|-damage|p2a: Luis Vargas|94/100
|
|-heal|p1a: Dondozo|91/100|[from] item: Leftovers
|upkeep
|turn|35
|
|t:|1779813902
|move|p2a: Luis Vargas|Waterfall|p1a: Dondozo
|-resisted|p1a: Dondozo
|-damage|p1a: Dondozo|82/100
|move|p1a: Dondozo|Body Press|p2a: Luis Vargas
|-damage|p2a: Luis Vargas|85/100
|
|-heal|p1a: Dondozo|88/100|[from] item: Leftovers
|upkeep
|turn|36
|
|t:|1779813914
|move|p2a: Luis Vargas|Waterfall|p1a: Dondozo
|-resisted|p1a: Dondozo
|-damage|p1a: Dondozo|80/100
|move|p1a: Dondozo|Waterfall|p2a: Luis Vargas
|-resisted|p2a: Luis Vargas
|-damage|p2a: Luis Vargas|78/100
|
|-heal|p1a: Dondozo|86/100|[from] item: Leftovers
|upkeep
|turn|37
|
|t:|1779813931
|switch|p2a: Albert Eipstein|Weezing-Galar, M|34/100
|-ability|p2a: Albert Eipstein|Neutralizing Gas
|move|p1a: Dondozo|Body Press|p2a: Albert Eipstein
|-resisted|p2a: Albert Eipstein
|-crit|p2a: Albert Eipstein
|-damage|p2a: Albert Eipstein|25/100
|
|-heal|p1a: Dondozo|92/100|[from] item: Leftovers
|upkeep
|turn|38
|
|t:|1779813945
|switch|p1a: Cinderace|Cinderace, M|27/100
|move|p2a: Albert Eipstein|Pain Split|p1a: Cinderace
|-sethp|p1a: Cinderace|25/100|[from] move: Pain Split|[silent]
|-sethp|p2a: Albert Eipstein|27/100|[from] move: Pain Split
|
|upkeep
|turn|39
|
|t:|1779813960
|-end|p2a: Albert Eipstein|ability: Neutralizing Gas
|switch|p2a: Luis Vargas|Dondozo, M|78/100
|move|p1a: Cinderace|Pyro Ball|p2a: Luis Vargas
|-resisted|p2a: Luis Vargas
|-damage|p2a: Luis Vargas|62/100
|
|upkeep
|turn|40
|
|t:|1779813973
|switch|p1a: Corviknight|Corviknight, M|66/100
|-damage|p1a: Corviknight|54/100|[from] Stealth Rock
|-ability|p1a: Corviknight|Pressure
|switch|p2a: Charlie Kirk|Amoonguss, M|100/100
|
|upkeep
|turn|41
|
|t:|1779813980
|move|p1a: Corviknight|Roost|p1a: Corviknight
|-heal|p1a: Corviknight|100/100
|-singleturn|p1a: Corviknight|move: Roost
|move|p2a: Charlie Kirk|Foul Play|p1a: Corviknight
|-damage|p1a: Corviknight|88/100
|-damage|p2a: Charlie Kirk|84/100|[from] item: Rocky Helmet|[of] p1a: Corviknight
|
|upkeep
|turn|42
|
|t:|1779813990
|switch|p2a: Gayllermo|Alomomola, F, tera:Steel|100/100
|-damage|p2a: Gayllermo|94/100|[from] Stealth Rock
|move|p1a: Corviknight|Defog|p2a: Gayllermo
|-unboost|p2a: Gayllermo|evasion|1
|-sideend|p2: Chechoide|Stealth Rock|[from] move: Defog|[of] p1a: Corviknight
|-sideend|p1: claudechamp|Stealth Rock|[from] move: Defog|[of] p1a: Corviknight
|
|upkeep
|turn|43
|
|t:|1779813998
|switch|p1a: Kyurem|Kyurem|18/100 brn
|-ability|p1a: Kyurem|Pressure
|move|p2a: Gayllermo|Flip Turn|p1a: Kyurem
|-resisted|p1a: Kyurem
|-damage|p1a: Kyurem|10/100 brn
|
|t:|1779814005
|switch|p2a: Cabryan|Blissey, F|83/100|[from] Flip Turn
|
|-heal|p1a: Kyurem|16/100 brn|[from] item: Leftovers
|-damage|p1a: Kyurem|10/100 brn|[from] brn
|upkeep
|turn|44
|
|t:|1779814015
|switch|p1a: Cinderace|Cinderace, M|25/100
|move|p2a: Cabryan|Stealth Rock|p1a: Cinderace
|-sidestart|p1: claudechamp|move: Stealth Rock
|
|upkeep
|turn|45
|
|t:|1779814030
|move|p1a: Cinderace|Pyro Ball|p2a: Cabryan
|-damage|p2a: Cabryan|9/100
|move|p2a: Cabryan|Shadow Ball|p1a: Cinderace
|-damage|p1a: Cinderace|7/100
|
|upkeep
|turn|46
|
|t:|1779814055
|switch|p2a: Luis Vargas|Dondozo, M|62/100
|move|p1a: Cinderace|Pyro Ball|p2a: Luis Vargas
|-resisted|p2a: Luis Vargas
|-damage|p2a: Luis Vargas|48/100
|
|upkeep
|turn|47
|
|t:|1779814070
|switch|p1a: Corviknight|Corviknight, M|88/100
|-damage|p1a: Corviknight|76/100|[from] Stealth Rock
|-ability|p1a: Corviknight|Pressure
|move|p2a: Luis Vargas|Rest|p2a: Luis Vargas
|-status|p2a: Luis Vargas|slp|[from] move: Rest
|-heal|p2a: Luis Vargas|100/100 slp|[silent]
|
|upkeep
|turn|48
|
|t:|1779814085
|move|p1a: Corviknight|Brave Bird|p2a: Luis Vargas
|-damage|p2a: Luis Vargas|84/100 slp
|-damage|p1a: Corviknight|69/100|[from] Recoil
|cant|p2a: Luis Vargas|slp
|move|p2a: Luis Vargas|Sleep Talk|p2a: Luis Vargas
|move|p2a: Luis Vargas|Waterfall|p1a: Corviknight|[from] move: Sleep Talk
|-damage|p1a: Corviknight|53/100
|-damage|p2a: Luis Vargas|68/100 slp|[from] item: Rocky Helmet|[of] p1a: Corviknight
|
|upkeep
|turn|49
|inactive|Chechoide has 120 seconds left.
|
|t:|1779814116
|switch|p2a: Gayllermo|Alomomola, F, tera:Steel|100/100
|move|p1a: Corviknight|Roost|p1a: Corviknight
|-heal|p1a: Corviknight|100/100
|-singleturn|p1a: Corviknight|move: Roost
|
|upkeep
|turn|50
|
|t:|1779814126
|move|p1a: Corviknight|Defog|p2a: Gayllermo
|-unboost|p2a: Gayllermo|evasion|1
|-sideend|p1: claudechamp|Stealth Rock|[from] move: Defog|[of] p1a: Corviknight
|move|p2a: Gayllermo|Scald|p1a: Corviknight
|-damage|p1a: Corviknight|86/100
|-status|p1a: Corviknight|brn
|
|-damage|p1a: Corviknight|80/100 brn|[from] brn
|upkeep
|turn|51
|
|t:|1779814136
|move|p1a: Corviknight|U-turn|p2a: Gayllermo
|-resisted|p2a: Gayllermo
|-damage|p2a: Gayllermo|98/100
|-damage|p1a: Corviknight|64/100 brn|[from] item: Rocky Helmet|[of] p2a: Gayllermo
|
|t:|1779814146
|switch|p1a: Dondozo|Dondozo, F|92/100|[from] U-turn
|move|p2a: Gayllermo|Flip Turn|p1a: Dondozo
|-resisted|p1a: Dondozo
|-damage|p1a: Dondozo|88/100
|inactive|Chechoide has 120 seconds left.
|
|t:|1779814176
|switch|p2a: Charlie Kirk|Amoonguss, M|100/100|[from] Flip Turn
|
|-heal|p1a: Dondozo|94/100|[from] item: Leftovers
|upkeep
|turn|52
|
|t:|1779814187
|move|p1a: Dondozo|Curse|p1a: Dondozo
|-unboost|p1a: Dondozo|spe|1
|-boost|p1a: Dondozo|atk|1
|-boost|p1a: Dondozo|def|1
|move|p2a: Charlie Kirk|Foul Play|p1a: Dondozo
|-damage|p1a: Dondozo|85/100
|
|-heal|p1a: Dondozo|91/100|[from] item: Leftovers
|upkeep
|turn|53
|
|t:|1779814198
|move|p2a: Charlie Kirk|Giga Drain|p1a: Dondozo
|-supereffective|p1a: Dondozo
|-damage|p1a: Dondozo|60/100
|move|p1a: Dondozo|Waterfall|p2a: Charlie Kirk
|-resisted|p2a: Charlie Kirk
|-damage|p2a: Charlie Kirk|87/100
|
|-heal|p1a: Dondozo|66/100|[from] item: Leftovers
|upkeep
|turn|54
|
|t:|1779814207
|move|p2a: Charlie Kirk|Giga Drain|p1a: Dondozo
|-supereffective|p1a: Dondozo
|-damage|p1a: Dondozo|38/100
|-heal|p2a: Charlie Kirk|100/100|[from] drain|[of] p1a: Dondozo
|move|p1a: Dondozo|Rest|p1a: Dondozo
|-status|p1a: Dondozo|slp|[from] move: Rest
|-heal|p1a: Dondozo|100/100 slp|[silent]
|
|upkeep
|turn|55
|
|t:|1779814219
|switch|p2a: Albert Eipstein|Weezing-Galar, M|27/100
|-ability|p2a: Albert Eipstein|Neutralizing Gas
|switch|p1a: Corviknight|Corviknight, M|64/100 brn
|
|-damage|p1a: Corviknight|58/100 brn|[from] brn
|upkeep
|turn|56
|
|t:|1779814228
|-end|p2a: Albert Eipstein|ability: Neutralizing Gas
|-ability|p1a: Corviknight|Pressure
|switch|p2a: Gayllermo|Alomomola, F, tera:Steel|100/100
|move|p1a: Corviknight|Roost|p1a: Corviknight
|-heal|p1a: Corviknight|100/100 brn
|-singleturn|p1a: Corviknight|move: Roost
|
|-damage|p1a: Corviknight|94/100 brn|[from] brn
|upkeep
|turn|57
|
|t:|1779814240
|move|p1a: Corviknight|U-turn|p2a: Gayllermo
|-resisted|p2a: Gayllermo
|-damage|p2a: Gayllermo|99/100
|-damage|p1a: Corviknight|78/100 brn|[from] item: Rocky Helmet|[of] p2a: Gayllermo
|
|t:|1779814251
|switch|p1a: Slowking|Slowking-Galar, F|100/100 brn|[from] U-turn
|move|p2a: Gayllermo|Wish|p2a: Gayllermo
|
|-damage|p1a: Slowking|94/100 brn|[from] brn
|upkeep
|turn|58
|
|t:|1779814260
|move|p2a: Gayllermo|Flip Turn|p1a: Slowking
|-damage|p1a: Slowking|82/100 brn
|
|t:|1779814263
|switch|p2a: Cabryan|Blissey, F|9/100|[from] Flip Turn
|move|p1a: Slowking|Future Sight|p2a: Cabryan
|-start|p1a: Slowking|move: Future Sight
|
|-heal|p2a: Cabryan|45/100|[from] move: Wish|[wisher] Gayllermo
|-damage|p1a: Slowking|76/100 brn|[from] brn
|upkeep
|turn|59
|
|t:|1779814273
|move|p2a: Cabryan|Soft-Boiled|p2a: Cabryan
|-heal|p2a: Cabryan|95/100
|-prepare|p1a: Slowking|Chilly Reception|[premajor]
|move|p1a: Slowking|Chilly Reception|p1a: Slowking
|-weather|Snowscape
|
|t:|1779814283
|switch|p1a: Cinderace|Cinderace, M|7/100|[from] Chilly Reception
|
|-weather|Snowscape|[upkeep]
|upkeep
|turn|60
|
|t:|1779814302
|move|p1a: Cinderace|Pyro Ball|p2a: Cabryan|[miss]
|-miss|p1a: Cinderace|p2a: Cabryan
|move|p2a: Cabryan|Shadow Ball|p1a: Cinderace
|-damage|p1a: Cinderace|0 fnt
|faint|p1a: Cinderace
|
|-weather|Snowscape|[upkeep]
|-end|p2a: Cabryan|move: Future Sight
|-damage|p2a: Cabryan|82/100
|upkeep
|
|t:|1779814317
|switch|p1a: Ting-Lu|Ting-Lu|100/100
|-ability|p1a: Ting-Lu|Vessel of Ruin
|turn|61
|
|t:|1779814336
|switch|p2a: Luis Vargas|Dondozo, M|68/100 slp
|move|p1a: Ting-Lu|Earthquake|p2a: Luis Vargas
|-damage|p2a: Luis Vargas|52/100 slp
|
|-weather|Snowscape|[upkeep]
|upkeep
|turn|62
|
|t:|1779814350
|move|p1a: Ting-Lu|Earthquake|p2a: Luis Vargas
|-damage|p2a: Luis Vargas|35/100 slp
|cant|p2a: Luis Vargas|slp
|move|p2a: Luis Vargas|Sleep Talk|p2a: Luis Vargas
|move|p2a: Luis Vargas|Rest||[from] move: Sleep Talk|[still]
|-fail|p2a: Luis Vargas
|
|-weather|Snowscape|[upkeep]
|upkeep
|turn|63
|
|t:|1779814377
|move|p1a: Ting-Lu|Earthquake|p2a: Luis Vargas
|-damage|p2a: Luis Vargas|20/100 slp
|-curestatus|p2a: Luis Vargas|slp|[msg]
|move|p2a: Luis Vargas|Rest|p2a: Luis Vargas
|-status|p2a: Luis Vargas|slp|[from] move: Rest
|-heal|p2a: Luis Vargas|100/100 slp|[silent]
|
|-weather|none
|upkeep
|turn|64
|
|t:|1779814389
|move|p1a: Ting-Lu|Earthquake|p2a: Luis Vargas
|-damage|p2a: Luis Vargas|84/100 slp
|cant|p2a: Luis Vargas|slp
|move|p2a: Luis Vargas|Sleep Talk|p2a: Luis Vargas
|move|p2a: Luis Vargas|Rest||[from] move: Sleep Talk|[still]
|-fail|p2a: Luis Vargas
|
|upkeep
|turn|65
|inactive|Chechoide has 120 seconds left.
|
|t:|1779814421
|switch|p1a: Slowking|Slowking-Galar, F|100/100 brn
|cant|p2a: Luis Vargas|slp
|move|p2a: Luis Vargas|Sleep Talk|p2a: Luis Vargas
|move|p2a: Luis Vargas|Waterfall|p1a: Slowking|[from] move: Sleep Talk
|-damage|p1a: Slowking|80/100 brn
|
|-damage|p1a: Slowking|74/100 brn|[from] brn
|upkeep
|turn|66
|inactive|Chechoide has 120 seconds left.
|
|t:|1779814430
|-curestatus|p2a: Luis Vargas|slp|[msg]
|move|p2a: Luis Vargas|Waterfall|p1a: Slowking
|-damage|p1a: Slowking|55/100 brn
|move|p1a: Slowking|Sludge Bomb|p2a: Luis Vargas
|-damage|p2a: Luis Vargas|51/100
|
|-damage|p1a: Slowking|48/100 brn|[from] brn
|upkeep
|turn|67
|
|t:|1779814438
|move|p2a: Luis Vargas|Waterfall|p1a: Slowking
|-damage|p1a: Slowking|29/100 brn
|-prepare|p1a: Slowking|Chilly Reception|[premajor]
|move|p1a: Slowking|Chilly Reception|p1a: Slowking
|-weather|Snowscape
|
|t:|1779814457
|switch|p1a: Ting-Lu|Ting-Lu|100/100|[from] Chilly Reception
|-ability|p1a: Ting-Lu|Vessel of Ruin
|
|-weather|Snowscape|[upkeep]
|upkeep
|turn|68
|inactive|Chechoide has 120 seconds left.
|
|t:|1779814478
|move|p1a: Ting-Lu|Earthquake|p2a: Luis Vargas
|-damage|p2a: Luis Vargas|35/100
|move|p2a: Luis Vargas|Waterfall|p1a: Ting-Lu
|-supereffective|p1a: Ting-Lu
|-damage|p1a: Ting-Lu|72/100
|
|-weather|Snowscape|[upkeep]
|-heal|p1a: Ting-Lu|78/100|[from] item: Leftovers
|upkeep
|turn|69
|
|t:|1779814489
|move|p1a: Ting-Lu|Earthquake|p2a: Luis Vargas
|-damage|p2a: Luis Vargas|19/100
|move|p2a: Luis Vargas|Curse|p2a: Luis Vargas
|-unboost|p2a: Luis Vargas|spe|1
|-boost|p2a: Luis Vargas|atk|1
|-boost|p2a: Luis Vargas|def|1
|
|-weather|Snowscape|[upkeep]
|-heal|p1a: Ting-Lu|85/100|[from] item: Leftovers
|upkeep
|turn|70
|
|t:|1779814507
|switch|p1a: Slowking|Slowking-Galar, F|63/100 brn
|move|p2a: Luis Vargas|Rest|p2a: Luis Vargas
|-status|p2a: Luis Vargas|slp|[from] move: Rest
|-heal|p2a: Luis Vargas|100/100 slp|[silent]
|
|-weather|Snowscape|[upkeep]
|-damage|p1a: Slowking|57/100 brn|[from] brn
|upkeep
|turn|71
|
|t:|1779814520
|cant|p2a: Luis Vargas|slp
|move|p2a: Luis Vargas|Sleep Talk|p2a: Luis Vargas
|move|p2a: Luis Vargas|Curse|p2a: Luis Vargas|[from] move: Sleep Talk
|-unboost|p2a: Luis Vargas|spe|1
|-boost|p2a: Luis Vargas|atk|1
|-boost|p2a: Luis Vargas|def|1
|move|p1a: Slowking|Sludge Bomb|p2a: Luis Vargas
|-damage|p2a: Luis Vargas|71/100 slp
|
|-weather|none
|-damage|p1a: Slowking|50/100 brn|[from] brn
|upkeep
|turn|72
|
|t:|1779814533
|switch|p1a: Dondozo|Dondozo, F|100/100 slp
|cant|p2a: Luis Vargas|slp
|move|p2a: Luis Vargas|Sleep Talk|p2a: Luis Vargas
|move|p2a: Luis Vargas|Rest||[from] move: Sleep Talk|[still]
|-fail|p2a: Luis Vargas
|
|upkeep
|turn|73
|inactive|Chechoide has 120 seconds left.
|
|t:|1779814571
|switch|p2a: Charlie Kirk|Amoonguss, M|100/100
|cant|p1a: Dondozo|slp
|
|upkeep
|turn|74
|
|t:|1779814576
|switch|p1a: Slowking|Slowking-Galar, F|84/100 brn
|move|p2a: Charlie Kirk|Giga Drain|p1a: Slowking
|-resisted|p1a: Slowking
|-damage|p1a: Slowking|74/100 brn
|
|-damage|p1a: Slowking|68/100 brn|[from] brn
|upkeep
|turn|75
|
|t:|1779814589
|move|p2a: Charlie Kirk|Foul Play|p1a: Slowking
|-supereffective|p1a: Slowking
|-damage|p1a: Slowking|50/100 brn
|-prepare|p1a: Slowking|Chilly Reception|[premajor]
|move|p1a: Slowking|Chilly Reception|p1a: Slowking
|-weather|Snowscape
|
|t:|1779814602
|switch|p1a: Ting-Lu|Ting-Lu|85/100|[from] Chilly Reception
|-ability|p1a: Ting-Lu|Vessel of Ruin
|
|-weather|Snowscape|[upkeep]
|-heal|p1a: Ting-Lu|91/100|[from] item: Leftovers
|upkeep
|turn|76
|
|t:|1779814614
|switch|p1a: Slowking|Slowking-Galar, F|83/100 brn
|move|p2a: Charlie Kirk|Giga Drain|p1a: Slowking
|-resisted|p1a: Slowking
|-damage|p1a: Slowking|74/100 brn
|
|-weather|Snowscape|[upkeep]
|-damage|p1a: Slowking|68/100 brn|[from] brn
|upkeep
|turn|77
|
|t:|1779814624
|move|p2a: Charlie Kirk|Foul Play|p1a: Slowking
|-supereffective|p1a: Slowking
|-damage|p1a: Slowking|50/100 brn
|-prepare|p1a: Slowking|Chilly Reception|[premajor]
|move|p1a: Slowking|Chilly Reception|p1a: Slowking
|
|t:|1779814638
|switch|p1a: Ting-Lu|Ting-Lu|91/100|[from] Chilly Reception
|-ability|p1a: Ting-Lu|Vessel of Ruin
|
|-weather|Snowscape|[upkeep]
|-heal|p1a: Ting-Lu|97/100|[from] item: Leftovers
|upkeep
|turn|78
|inactive|claudechamp has 120 seconds left.
|
|t:|1779814653
|move|p1a: Ting-Lu|Earthquake|p2a: Charlie Kirk
|-crit|p2a: Charlie Kirk
|-damage|p2a: Charlie Kirk|62/100
|move|p2a: Charlie Kirk|Giga Drain|p1a: Ting-Lu
|-supereffective|p1a: Ting-Lu
|-damage|p1a: Ting-Lu|78/100
|-heal|p2a: Charlie Kirk|73/100|[from] drain|[of] p1a: Ting-Lu
|
|-weather|Snowscape|[upkeep]
|-heal|p1a: Ting-Lu|85/100|[from] item: Leftovers
|upkeep
|turn|79
|inactive|claudechamp has 120 seconds left.
|
|t:|1779814668
|move|p1a: Ting-Lu|Earthquake|p2a: Charlie Kirk
|-damage|p2a: Charlie Kirk|47/100
|move|p2a: Charlie Kirk|Giga Drain|p1a: Ting-Lu
|-supereffective|p1a: Ting-Lu
|-damage|p1a: Ting-Lu|66/100
|-heal|p2a: Charlie Kirk|58/100|[from] drain|[of] p1a: Ting-Lu
|
|-weather|none
|-heal|p1a: Ting-Lu|72/100|[from] item: Leftovers
|upkeep
|turn|80
|inactive|claudechamp has 120 seconds left.
|
|t:|1779814686
|move|p1a: Ting-Lu|Earthquake|p2a: Charlie Kirk
|-damage|p2a: Charlie Kirk|29/100
|move|p2a: Charlie Kirk|Giga Drain|p1a: Ting-Lu
|-supereffective|p1a: Ting-Lu
|-damage|p1a: Ting-Lu|53/100
|-heal|p2a: Charlie Kirk|40/100|[from] drain|[of] p1a: Ting-Lu
|
|-heal|p1a: Ting-Lu|59/100|[from] item: Leftovers
|upkeep
|turn|81
|
|t:|1779814696
|switch|p2a: Luis Vargas|Dondozo, M|71/100 slp
|move|p1a: Ting-Lu|Earthquake|p2a: Luis Vargas
|-damage|p2a: Luis Vargas|53/100 slp
|
|-heal|p1a: Ting-Lu|65/100|[from] item: Leftovers
|upkeep
|turn|82
|
|t:|1779814710
|switch|p1a: Slowking|Slowking-Galar, F|84/100 brn
|-curestatus|p2a: Luis Vargas|slp|[msg]
|move|p2a: Luis Vargas|Waterfall|p1a: Slowking
|-damage|p1a: Slowking|64/100 brn
|
|-damage|p1a: Slowking|58/100 brn|[from] brn
|upkeep
|turn|83
|inactive|claudechamp has 120 seconds left.
|
|t:|1779814732
|switch|p2a: Gayllermo|Alomomola, F, tera:Steel|100/100
|switch|p1a: Ting-Lu|Ting-Lu|65/100
|-ability|p1a: Ting-Lu|Vessel of Ruin
|
|-heal|p1a: Ting-Lu|72/100|[from] item: Leftovers
|upkeep
|turn|84
|inactive|claudechamp has 120 seconds left.
|
|t:|1779814743
|move|p1a: Ting-Lu|Earthquake|p2a: Gayllermo
|-supereffective|p2a: Gayllermo
|-damage|p2a: Gayllermo|52/100
|move|p2a: Gayllermo|Flip Turn|p1a: Ting-Lu
|-supereffective|p1a: Ting-Lu
|-damage|p1a: Ting-Lu|52/100
|
|t:|1779814750
|switch|p2a: Albert Eipstein|Weezing-Galar, M|27/100|[from] Flip Turn
|-ability|p2a: Albert Eipstein|Neutralizing Gas
|
|-heal|p1a: Ting-Lu|58/100|[from] item: Leftovers
|upkeep
|turn|85
|
|t:|1779814762
|move|p2a: Albert Eipstein|Pain Split|p1a: Ting-Lu
|-sethp|p1a: Ting-Lu|38/100|[from] move: Pain Split|[silent]
|-sethp|p2a: Albert Eipstein|58/100|[from] move: Pain Split
|move|p1a: Ting-Lu|Rest|p1a: Ting-Lu
|-status|p1a: Ting-Lu|slp|[from] move: Rest
|-heal|p1a: Ting-Lu|100/100 slp|[silent]
|
|upkeep
|turn|86
|
|t:|1779814775
|move|p2a: Albert Eipstein|Pain Split|p1a: Ting-Lu
|-sethp|p1a: Ting-Lu|69/100 slp|[from] move: Pain Split|[silent]
|-sethp|p2a: Albert Eipstein|100/100|[from] move: Pain Split
|cant|p1a: Ting-Lu|slp
|move|p1a: Ting-Lu|Sleep Talk|p1a: Ting-Lu
|move|p1a: Ting-Lu|Earthquake|p2a: Albert Eipstein|[from] move: Sleep Talk
|-supereffective|p2a: Albert Eipstein
|-damage|p2a: Albert Eipstein|44/100
|
|-heal|p1a: Ting-Lu|75/100 slp|[from] item: Leftovers
|upkeep
|turn|87
|inactive|claudechamp has 120 seconds left.
|
|t:|1779814796
|-end|p2a: Albert Eipstein|ability: Neutralizing Gas
|-ability|p1a: Ting-Lu|Vessel of Ruin
|switch|p2a: Charlie Kirk|Amoonguss, M|73/100
|cant|p1a: Ting-Lu|slp
|move|p1a: Ting-Lu|Sleep Talk|p1a: Ting-Lu
|move|p1a: Ting-Lu|Payback|p2a: Charlie Kirk|[from] move: Sleep Talk
|-damage|p2a: Charlie Kirk|60/100
|
|-heal|p1a: Ting-Lu|81/100 slp|[from] item: Leftovers
|upkeep
|turn|88
|inactive|claudechamp has 120 seconds left.
|
|t:|1779814812
|-curestatus|p1a: Ting-Lu|slp|[msg]
|move|p1a: Ting-Lu|Earthquake|p2a: Charlie Kirk
|-damage|p2a: Charlie Kirk|35/100
|move|p2a: Charlie Kirk|Synthesis|p2a: Charlie Kirk
|-heal|p2a: Charlie Kirk|85/100
|
|-heal|p1a: Ting-Lu|88/100|[from] item: Leftovers
|upkeep
|turn|89
|
|t:|1779814827
|switch|p1a: Slowking|Slowking-Galar, F|92/100 brn
|move|p2a: Charlie Kirk|Giga Drain|p1a: Slowking
|-resisted|p1a: Slowking
|-damage|p1a: Slowking|82/100 brn
|-heal|p2a: Charlie Kirk|89/100|[from] drain|[of] p1a: Slowking
|
|-damage|p1a: Slowking|76/100 brn|[from] brn
|upkeep
|turn|90
|
|t:|1779814838
|move|p2a: Charlie Kirk|Foul Play|p1a: Slowking
|-supereffective|p1a: Slowking
|-damage|p1a: Slowking|58/100 brn
|-prepare|p1a: Slowking|Chilly Reception|[premajor]
|move|p1a: Slowking|Chilly Reception|p1a: Slowking
|-weather|Snowscape
|
|t:|1779814853
|switch|p1a: Ting-Lu|Ting-Lu|88/100|[from] Chilly Reception
|-ability|p1a: Ting-Lu|Vessel of Ruin
|
|-weather|Snowscape|[upkeep]
|-heal|p1a: Ting-Lu|94/100|[from] item: Leftovers
|upkeep
|turn|91
|
|t:|1779814873
|switch|p1a: Slowking|Slowking-Galar, F|92/100 brn
|move|p2a: Charlie Kirk|Giga Drain|p1a: Slowking
|-resisted|p1a: Slowking
|-damage|p1a: Slowking|82/100 brn
|-heal|p2a: Charlie Kirk|93/100|[from] drain|[of] p1a: Slowking
|
|-weather|Snowscape|[upkeep]
|-damage|p1a: Slowking|76/100 brn|[from] brn
|upkeep
|turn|92
|
|t:|1779814885
|move|p2a: Charlie Kirk|Foul Play|p1a: Slowking
|-supereffective|p1a: Slowking
|-damage|p1a: Slowking|60/100 brn
|-prepare|p1a: Slowking|Chilly Reception|[premajor]
|move|p1a: Slowking|Chilly Reception|p1a: Slowking
|
|t:|1779814904
|switch|p1a: Ting-Lu|Ting-Lu|94/100|[from] Chilly Reception
|-ability|p1a: Ting-Lu|Vessel of Ruin
|
|-weather|Snowscape|[upkeep]
|-heal|p1a: Ting-Lu|99/100|[from] item: Leftovers
|upkeep
|turn|93
|
|t:|1779814933
|move|p1a: Ting-Lu|Earthquake|p2a: Charlie Kirk
|-damage|p2a: Charlie Kirk|66/100
|move|p2a: Charlie Kirk|Sludge Bomb|p1a: Ting-Lu
|-resisted|p1a: Ting-Lu
|-damage|p1a: Ting-Lu|94/100
|
|-weather|Snowscape|[upkeep]
|-heal|p1a: Ting-Lu|100/100|[from] item: Leftovers
|upkeep
|turn|94
|
|t:|1779814946
|move|p1a: Ting-Lu|Earthquake|p2a: Charlie Kirk
|-damage|p2a: Charlie Kirk|39/100
|move|p2a: Charlie Kirk|Giga Drain|p1a: Ting-Lu
|-supereffective|p1a: Ting-Lu
|-crit|p1a: Ting-Lu
|-damage|p1a: Ting-Lu|71/100
|-heal|p2a: Charlie Kirk|57/100|[from] drain|[of] p1a: Ting-Lu
|
|-weather|none
|-heal|p1a: Ting-Lu|78/100|[from] item: Leftovers
|upkeep
|turn|95
|inactive|claudechamp has 90 seconds left.
|
|t:|1779814967
|switch|p1a: Slowking|Slowking-Galar, F|93/100 brn
|move|p2a: Charlie Kirk|Synthesis|p2a: Charlie Kirk
|-heal|p2a: Charlie Kirk|100/100
|
|-damage|p1a: Slowking|87/100 brn|[from] brn
|upkeep
|turn|96
|inactive|claudechamp has 90 seconds left.
|
|t:|1779814977
|switch|p2a: Cabryan|Blissey, F|82/100
|-prepare|p1a: Slowking|Chilly Reception|[premajor]
|move|p1a: Slowking|Chilly Reception|p1a: Slowking
|-weather|Snowscape
|inactive|claudechamp has 90 seconds left.
|
|t:|1779814992
|switch|p1a: Ting-Lu|Ting-Lu|78/100|[from] Chilly Reception
|-ability|p1a: Ting-Lu|Vessel of Ruin
|
|-weather|Snowscape|[upkeep]
|-heal|p1a: Ting-Lu|84/100|[from] item: Leftovers
|upkeep
|turn|97
|
|t:|1779815014
|switch|p2a: Gayllermo|Alomomola, F, tera:Steel|86/100
|move|p1a: Ting-Lu|Payback|p2a: Gayllermo
|-damage|p2a: Gayllermo|75/100
|-damage|p1a: Ting-Lu|67/100|[from] item: Rocky Helmet|[of] p2a: Gayllermo
|
|-weather|Snowscape|[upkeep]
|-heal|p1a: Ting-Lu|73/100|[from] item: Leftovers
|upkeep
|turn|98
|
|t:|1779815032
|move|p1a: Ting-Lu|Earthquake|p2a: Gayllermo
|-supereffective|p2a: Gayllermo
|-damage|p2a: Gayllermo|29/100
|move|p2a: Gayllermo|Wish|p2a: Gayllermo
|
|-weather|Snowscape|[upkeep]
|-heal|p1a: Ting-Lu|80/100|[from] item: Leftovers
|upkeep
|turn|99
|
|t:|1779815055
|switch|p2a: Luis Vargas|Dondozo, M|53/100
|move|p1a: Ting-Lu|Earthquake|p2a: Luis Vargas
|-damage|p2a: Luis Vargas|36/100
|
|-weather|Snowscape|[upkeep]
|-heal|p2a: Luis Vargas|83/100|[from] move: Wish|[wisher] Gayllermo
|-heal|p1a: Ting-Lu|86/100|[from] item: Leftovers
|upkeep
|turn|100
|
|t:|1779815073
|switch|p1a: Slowking|Slowking-Galar, F|100/100 brn
|move|p2a: Luis Vargas|Waterfall|p1a: Slowking
|-damage|p1a: Slowking|82/100 brn
|
|-weather|none
|-damage|p1a: Slowking|76/100 brn|[from] brn
|upkeep
|turn|101
|inactive|claudechamp has 60 seconds left.
|inactive|Chechoide has 120 seconds left.
|
|t:|1779815090
|move|p2a: Luis Vargas|Waterfall|p1a: Slowking
|-damage|p1a: Slowking|56/100 brn
|move|p1a: Slowking|Future Sight|p2a: Luis Vargas
|-start|p1a: Slowking|move: Future Sight
|
|-damage|p1a: Slowking|50/100 brn|[from] brn
|upkeep
|turn|102
|inactive|claudechamp has 60 seconds left.
|inactive|Chechoide has 120 seconds left.
|
|t:|1779815107
|switch|p2a: Cabryan|Blissey, F|82/100
|-prepare|p1a: Slowking|Chilly Reception|[premajor]
|move|p1a: Slowking|Chilly Reception|p1a: Slowking
|-weather|Snowscape
|
|t:|1779815119
|switch|p1a: Ting-Lu|Ting-Lu|86/100|[from] Chilly Reception
|-ability|p1a: Ting-Lu|Vessel of Ruin
|
|-weather|Snowscape|[upkeep]
|-heal|p1a: Ting-Lu|92/100|[from] item: Leftovers
|upkeep
|turn|103
|inactive|Chechoide has 120 seconds left.
|inactive|Chechoide has 90 seconds left.
|
|t:|1779815163
|switch|p1a: Corviknight|Corviknight, M|78/100 brn
|-ability|p1a: Corviknight|Pressure
|move|p2a: Cabryan|Stealth Rock|p1a: Corviknight
|-sidestart|p1: claudechamp|move: Stealth Rock
|
|-weather|Snowscape|[upkeep]
|-end|p2a: Cabryan|move: Future Sight
|-damage|p2a: Cabryan|70/100
|-damage|p1a: Corviknight|72/100 brn|[from] brn
|upkeep
|turn|104
|inactive|Chechoide has 90 seconds left.
|
|t:|1779815172
|move|p1a: Corviknight|Roost|p1a: Corviknight
|-heal|p1a: Corviknight|100/100 brn
|-singleturn|p1a: Corviknight|move: Roost
|move|p2a: Cabryan|Shadow Ball|p1a: Corviknight
|-damage|p1a: Corviknight|87/100 brn
|
|-weather|Snowscape|[upkeep]
|-damage|p1a: Corviknight|81/100 brn|[from] brn
|upkeep
|turn|105
|inactive|Chechoide has 90 seconds left.
|
|t:|1779815179
|switch|p2a: Gayllermo|Alomomola, F, tera:Steel|63/100
|move|p1a: Corviknight|Defog|p2a: Gayllermo
|-unboost|p2a: Gayllermo|evasion|1
|-sideend|p1: claudechamp|Stealth Rock|[from] move: Defog|[of] p1a: Corviknight
|
|-weather|Snowscape|[upkeep]
|-damage|p1a: Corviknight|75/100 brn|[from] brn
|upkeep
|turn|106
|inactive|Chechoide has 90 seconds left.
|
|t:|1779815188
|move|p1a: Corviknight|Roost|p1a: Corviknight
|-heal|p1a: Corviknight|100/100 brn
|-singleturn|p1a: Corviknight|move: Roost
|move|p2a: Gayllermo|Scald|p1a: Corviknight
|-crit|p1a: Corviknight
|-damage|p1a: Corviknight|81/100 brn
|
|-weather|none
|-damage|p1a: Corviknight|75/100 brn|[from] brn
|upkeep
|turn|107
|inactive|Chechoide has 90 seconds left.
|inactive|claudechamp has 30 seconds left.
|
|t:|1779815208
|switch|p1a: Slowking|Slowking-Galar, F|83/100 brn
|move|p2a: Gayllermo|Wish|p2a: Gayllermo
|
|-damage|p1a: Slowking|77/100 brn|[from] brn
|upkeep
|turn|108
|inactive|claudechamp has 30 seconds left this turn.
|inactive|claudechamp has 20 seconds left.
|inactive|Chechoide has 60 seconds left.
|
|t:|1779815263
|move|p2a: Gayllermo|Flip Turn|p1a: Slowking
|-damage|p1a: Slowking|66/100 brn
|inactive|Chechoide has 30 seconds left.
|
|t:|1779815273
|switch|p2a: Albert Eipstein|Weezing-Galar, M|44/100|[from] Flip Turn
|-ability|p2a: Albert Eipstein|Neutralizing Gas
|-prepare|p1a: Slowking|Chilly Reception|[premajor]
|move|p1a: Slowking|Chilly Reception|p1a: Slowking
|-weather|Snowscape
|inactive|claudechamp has 30 seconds left this turn.
|
|t:|1779815275
|switch|p1a: Corviknight|Corviknight, M|75/100 brn|[from] Chilly Reception
|
|-weather|Snowscape|[upkeep]
|-heal|p2a: Albert Eipstein|100/100|[from] move: Wish|[wisher] Gayllermo
|-damage|p1a: Corviknight|69/100 brn|[from] brn
|upkeep
|turn|109
|inactive|Chechoide has 30 seconds left.
|
|t:|1779815294
|move|p2a: Albert Eipstein|Defog|p1a: Corviknight
|-unboost|p1a: Corviknight|evasion|1
|move|p1a: Corviknight|Roost|p1a: Corviknight
|-heal|p1a: Corviknight|100/100 brn
|-singleturn|p1a: Corviknight|move: Roost
|
|-weather|Snowscape|[upkeep]
|-damage|p1a: Corviknight|94/100 brn|[from] brn
|upkeep
|turn|110
|inactive|Chechoide has 30 seconds left this turn.
|
|t:|1779815303
|-end|p2a: Albert Eipstein|ability: Neutralizing Gas
|-ability|p1a: Corviknight|Pressure
|switch|p2a: Gayllermo|Alomomola, F, tera:Steel|96/100
|move|p1a: Corviknight|U-turn|p2a: Gayllermo
|-resisted|p2a: Gayllermo
|-damage|p2a: Gayllermo|94/100
|-damage|p1a: Corviknight|78/100 brn|[from] item: Rocky Helmet|[of] p2a: Gayllermo
|
|t:|1779815306
|switch|p1a: Dondozo|Dondozo, F|100/100 slp|[from] U-turn
|
|-weather|Snowscape|[upkeep]
|upkeep
|turn|111
|inactive|Chechoide has 30 seconds left.
|
|t:|1779815318
|switch|p2a: Albert Eipstein|Weezing-Galar, M|100/100
|-ability|p2a: Albert Eipstein|Neutralizing Gas
|cant|p1a: Dondozo|slp
|
|-weather|Snowscape|[upkeep]
|upkeep
|turn|112
|inactive|Chechoide has 30 seconds left this turn.
|
|t:|1779815327
|move|p2a: Albert Eipstein|Pain Split|p1a: Dondozo
|-sethp|p1a: Dondozo|84/100 slp|[from] move: Pain Split|[silent]
|-sethp|p2a: Albert Eipstein|100/100|[from] move: Pain Split
|-curestatus|p1a: Dondozo|slp|[msg]
|move|p1a: Dondozo|Waterfall|p2a: Albert Eipstein
|-crit|p2a: Albert Eipstein
|-damage|p2a: Albert Eipstein|71/100
|
|-weather|none
|-heal|p1a: Dondozo|90/100|[from] item: Leftovers
|upkeep
|turn|113
|inactive|Chechoide has 30 seconds left this turn.
|
|t:|1779815335
|switch|p1a: Slowking|Slowking-Galar, F|66/100 brn
|move|p2a: Albert Eipstein|Will-O-Wisp|p1a: Slowking
|-fail|p1a: Slowking|brn
|
|-damage|p1a: Slowking|60/100 brn|[from] brn
|upkeep
|turn|114
|inactive|Chechoide has 30 seconds left this turn.
|inactive|Chechoide has 20 seconds left.
|
|t:|1779815346
|-end|p2a: Albert Eipstein|ability: Neutralizing Gas
|switch|p2a: Gayllermo|Alomomola, F, tera:Steel|100/100
|-prepare|p1a: Slowking|Chilly Reception|[premajor]
|move|p1a: Slowking|Chilly Reception|p1a: Slowking
|-weather|Snowscape
|
|t:|1779815352
|switch|p1a: Dondozo|Dondozo, F|90/100|[from] Chilly Reception
|
|-weather|Snowscape|[upkeep]
|-heal|p1a: Dondozo|96/100|[from] item: Leftovers
|upkeep
|turn|115
|inactive|Chechoide has 30 seconds left this turn.
|
|t:|1779815359
|move|p2a: Gayllermo|Scald|p1a: Dondozo
|-resisted|p1a: Dondozo
|-damage|p1a: Dondozo|91/100
|move|p1a: Dondozo|Curse|p1a: Dondozo
|-unboost|p1a: Dondozo|spe|1
|-boost|p1a: Dondozo|atk|1
|-boost|p1a: Dondozo|def|1
|
|-weather|Snowscape|[upkeep]
|-heal|p1a: Dondozo|97/100|[from] item: Leftovers
|upkeep
|turn|116
|inactive|Chechoide has 30 seconds left.
|inactive|claudechamp has 30 seconds left.
|
|t:|1779815374
|move|p2a: Gayllermo|Flip Turn|p1a: Dondozo
|-resisted|p1a: Dondozo
|-damage|p1a: Dondozo|94/100
|
|t:|1779815377
|switch|p2a: Luis Vargas|Dondozo, M|83/100|[from] Flip Turn
|move|p1a: Dondozo|Body Press|p2a: Luis Vargas
|-damage|p2a: Luis Vargas|74/100
|
|-weather|Snowscape|[upkeep]
|-heal|p1a: Dondozo|99/100|[from] item: Leftovers
|upkeep
|turn|117
|
|t:|1779815386
|move|p2a: Luis Vargas|Waterfall|p1a: Dondozo
|-resisted|p1a: Dondozo
|-damage|p1a: Dondozo|92/100
|move|p1a: Dondozo|Waterfall|p2a: Luis Vargas
|-resisted|p2a: Luis Vargas
|-damage|p2a: Luis Vargas|68/100
|
|-weather|Snowscape|[upkeep]
|-heal|p1a: Dondozo|98/100|[from] item: Leftovers
|upkeep
|turn|118
|
|t:|1779815391
|move|p2a: Luis Vargas|Waterfall|p1a: Dondozo
|-resisted|p1a: Dondozo
|-damage|p1a: Dondozo|89/100
|cant|p1a: Dondozo|flinch
|
|-weather|none
|-heal|p1a: Dondozo|95/100|[from] item: Leftovers
|upkeep
|turn|119
|
|t:|1779815396
|switch|p1a: Slowking|Slowking-Galar, F|93/100 brn
|move|p2a: Luis Vargas|Waterfall|p1a: Slowking
|-damage|p1a: Slowking|74/100 brn
|
|-damage|p1a: Slowking|68/100 brn|[from] brn
|upkeep
|turn|120
|
|t:|1779815403
|move|p2a: Luis Vargas|Waterfall|p1a: Slowking
|-damage|p1a: Slowking|49/100 brn
|-prepare|p1a: Slowking|Chilly Reception|[premajor]
|move|p1a: Slowking|Chilly Reception|p1a: Slowking
|-weather|Snowscape
|
|t:|1779815406
|switch|p1a: Dondozo|Dondozo, F|95/100|[from] Chilly Reception
|
|-weather|Snowscape|[upkeep]
|-heal|p1a: Dondozo|100/100|[from] item: Leftovers
|upkeep
|turn|121
|
|t:|1779815417
|switch|p2a: Charlie Kirk|Amoonguss, M|100/100
|move|p1a: Dondozo|Waterfall|p2a: Charlie Kirk
|-resisted|p2a: Charlie Kirk
|-damage|p2a: Charlie Kirk|91/100
|
|-weather|Snowscape|[upkeep]
|upkeep
|turn|122
|
|t:|1779815423
|switch|p1a: Slowking|Slowking-Galar, F|83/100 brn
|move|p2a: Charlie Kirk|Giga Drain|p1a: Slowking
|-resisted|p1a: Slowking
|-damage|p1a: Slowking|74/100 brn
|-heal|p2a: Charlie Kirk|95/100|[from] drain|[of] p1a: Slowking
|
|-weather|Snowscape|[upkeep]
|-damage|p1a: Slowking|68/100 brn|[from] brn
|upkeep
|turn|123
|
|t:|1779815429
|move|p2a: Charlie Kirk|Foul Play|p1a: Slowking
|-supereffective|p1a: Slowking
|-damage|p1a: Slowking|48/100 brn
|-prepare|p1a: Slowking|Chilly Reception|[premajor]
|move|p1a: Slowking|Chilly Reception|p1a: Slowking
|
|t:|1779815431
|switch|p1a: Dondozo|Dondozo, F|100/100|[from] Chilly Reception
|
|-weather|Snowscape|[upkeep]
|upkeep
|turn|124
|
|t:|1779815436
|move|p1a: Dondozo|Curse|p1a: Dondozo
|-unboost|p1a: Dondozo|spe|1
|-boost|p1a: Dondozo|atk|1
|-boost|p1a: Dondozo|def|1
|move|p2a: Charlie Kirk|Foul Play|p1a: Dondozo
|-damage|p1a: Dondozo|92/100
|
|-weather|none
|-heal|p1a: Dondozo|98/100|[from] item: Leftovers
|upkeep
|turn|125
|inactive|claudechamp has 60 seconds left.
|
|t:|1779815450
|switch|p1a: Slowking|Slowking-Galar, F|81/100 brn
|move|p2a: Charlie Kirk|Foul Play|p1a: Slowking
|-supereffective|p1a: Slowking
|-damage|p1a: Slowking|64/100 brn
|
|-damage|p1a: Slowking|58/100 brn|[from] brn
|upkeep
|turn|126
|inactive|claudechamp has 60 seconds left.
|
|t:|1779815461
|move|p2a: Charlie Kirk|Foul Play|p1a: Slowking
|-supereffective|p1a: Slowking
|-damage|p1a: Slowking|41/100 brn
|-prepare|p1a: Slowking|Chilly Reception|[premajor]
|move|p1a: Slowking|Chilly Reception|p1a: Slowking
|-weather|Snowscape
|
|t:|1779815468
|switch|p1a: Dondozo|Dondozo, F|98/100|[from] Chilly Reception
|
|-weather|Snowscape|[upkeep]
|-heal|p1a: Dondozo|100/100|[from] item: Leftovers
|upkeep
|turn|127
|
|t:|1779815471
|switch|p1a: Slowking|Slowking-Galar, F|75/100 brn
|move|p2a: Charlie Kirk|Giga Drain|p1a: Slowking
|-resisted|p1a: Slowking
|-damage|p1a: Slowking|66/100 brn
|-heal|p2a: Charlie Kirk|99/100|[from] drain|[of] p1a: Slowking
|
|-weather|Snowscape|[upkeep]
|-damage|p1a: Slowking|60/100 brn|[from] brn
|upkeep
|turn|128
|
|t:|1779815473
|move|p2a: Charlie Kirk|Foul Play|p1a: Slowking
|-supereffective|p1a: Slowking
|-damage|p1a: Slowking|42/100 brn
|-prepare|p1a: Slowking|Chilly Reception|[premajor]
|move|p1a: Slowking|Chilly Reception|p1a: Slowking
|
|t:|1779815483
|switch|p1a: Dondozo|Dondozo, F|100/100|[from] Chilly Reception
|
|-weather|Snowscape|[upkeep]
|upkeep
|turn|129
|
|t:|1779815492
|switch|p1a: Slowking|Slowking-Galar, F|75/100 brn
|move|p2a: Charlie Kirk|Foul Play|p1a: Slowking
|-supereffective|p1a: Slowking
|-damage|p1a: Slowking|55/100 brn
|
|-weather|Snowscape|[upkeep]
|-damage|p1a: Slowking|49/100 brn|[from] brn
|upkeep
|turn|130
|
|t:|1779815501
|move|p2a: Charlie Kirk|Foul Play|p1a: Slowking
|-supereffective|p1a: Slowking
|-damage|p1a: Slowking|32/100 brn
|-prepare|p1a: Slowking|Chilly Reception|[premajor]
|move|p1a: Slowking|Chilly Reception|p1a: Slowking
|
|t:|1779815509
|switch|p1a: Dondozo|Dondozo, F|100/100|[from] Chilly Reception
|
|-weather|none
|upkeep
|turn|131
|
|t:|1779815516
|switch|p1a: Slowking|Slowking-Galar, F|66/100 brn
|move|p2a: Charlie Kirk|Foul Play|p1a: Slowking
|-supereffective|p1a: Slowking
|-crit|p1a: Slowking
|-damage|p1a: Slowking|40/100 brn
|
|-damage|p1a: Slowking|34/100 brn|[from] brn
|upkeep
|turn|132
|
|t:|1779815521
|move|p2a: Charlie Kirk|Foul Play|p1a: Slowking
|-supereffective|p1a: Slowking
|-damage|p1a: Slowking|15/100 brn
|move|p1a: Slowking|Future Sight|p2a: Charlie Kirk
|-start|p1a: Slowking|move: Future Sight
|
|-damage|p1a: Slowking|9/100 brn|[from] brn
|upkeep
|turn|133
|
|t:|1779815531
|switch|p1a: Corviknight|Corviknight, M|78/100 brn
|-ability|p1a: Corviknight|Pressure
|move|p2a: Charlie Kirk|Foul Play|p1a: Corviknight
|-damage|p1a: Corviknight|67/100 brn
|-damage|p2a: Charlie Kirk|82/100|[from] item: Rocky Helmet|[of] p1a: Corviknight
|
|-damage|p1a: Corviknight|61/100 brn|[from] brn
|upkeep
|turn|134
|
|t:|1779815540
|switch|p2a: Gayllermo|Alomomola, F, tera:Steel|100/100
|move|p1a: Corviknight|Brave Bird|p2a: Gayllermo
|-resisted|p2a: Gayllermo
|-damage|p2a: Gayllermo|95/100
|-damage|p1a: Corviknight|44/100 brn|[from] item: Rocky Helmet|[of] p2a: Gayllermo
|-damage|p1a: Corviknight|42/100 brn|[from] Recoil
|
|-end|p2a: Gayllermo|move: Future Sight
|-resisted|p2a: Gayllermo
|-damage|p2a: Gayllermo|75/100
|-damage|p1a: Corviknight|36/100 brn|[from] brn
|upkeep
|turn|135
|inactive|claudechamp has 60 seconds left.
|
|t:|1779815553
|move|p1a: Corviknight|Roost|p1a: Corviknight
|-heal|p1a: Corviknight|86/100 brn
|-singleturn|p1a: Corviknight|move: Roost
|move|p2a: Gayllermo|Flip Turn|p1a: Corviknight
|-damage|p1a: Corviknight|76/100 brn
|-damage|p2a: Gayllermo|58/100|[from] item: Rocky Helmet|[of] p1a: Corviknight
|
|t:|1779815561
|switch|p2a: Luis Vargas|Dondozo, M|68/100|[from] Flip Turn
|
|-damage|p1a: Corviknight|70/100 brn|[from] brn
|upkeep
|turn|136
|inactive|claudechamp has 60 seconds left.
|
|t:|1779815576
|move|p1a: Corviknight|U-turn|p2a: Luis Vargas
|-crit|p2a: Luis Vargas
|-damage|p2a: Luis Vargas|63/100
|inactive|claudechamp has 60 seconds left.
|
|t:|1779815593
|switch|p1a: Dondozo|Dondozo, F|100/100|[from] U-turn
|move|p2a: Luis Vargas|Waterfall|p1a: Dondozo
|-resisted|p1a: Dondozo
|-damage|p1a: Dondozo|92/100
|
|-heal|p1a: Dondozo|98/100|[from] item: Leftovers
|upkeep
|turn|137
|
|t:|1779815607
|switch|p2a: Charlie Kirk|Amoonguss, M|100/100
|move|p1a: Dondozo|Waterfall|p2a: Charlie Kirk
|-resisted|p2a: Charlie Kirk
|-damage|p2a: Charlie Kirk|91/100
|
|-heal|p1a: Dondozo|100/100|[from] item: Leftovers
|upkeep
|turn|138
|
|t:|1779815622
|move|p1a: Dondozo|Curse|p1a: Dondozo
|-unboost|p1a: Dondozo|spe|1
|-boost|p1a: Dondozo|atk|1
|-boost|p1a: Dondozo|def|1
|move|p2a: Charlie Kirk|Sludge Bomb|p1a: Dondozo
|-damage|p1a: Dondozo|82/100
|
|-heal|p1a: Dondozo|89/100|[from] item: Leftovers
|upkeep
|turn|139
|
|t:|1779815629
|switch|p1a: Slowking|Slowking-Galar, F|43/100 brn
|move|p2a: Charlie Kirk|Sludge Bomb|p1a: Slowking
|-resisted|p1a: Slowking
|-damage|p1a: Slowking|33/100 brn
|
|-damage|p1a: Slowking|27/100 brn|[from] brn
|upkeep
|turn|140
|
|t:|1779815636
|move|p2a: Charlie Kirk|Foul Play|p1a: Slowking
|-supereffective|p1a: Slowking
|-damage|p1a: Slowking|7/100 brn
|move|p1a: Slowking|Future Sight|p2a: Charlie Kirk
|-start|p1a: Slowking|move: Future Sight
|
|-damage|p1a: Slowking|1/100 brn|[from] brn
|upkeep
|turn|141
|
|t:|1779815646
|switch|p1a: Dondozo|Dondozo, F|89/100
|move|p2a: Charlie Kirk|Foul Play|p1a: Dondozo
|-damage|p1a: Dondozo|76/100
|
|-heal|p1a: Dondozo|82/100|[from] item: Leftovers
|upkeep
|turn|142
|
|t:|1779815656
|switch|p2a: Gayllermo|Alomomola, F, tera:Steel|91/100
|move|p1a: Dondozo|Curse|p1a: Dondozo
|-unboost|p1a: Dondozo|spe|1
|-boost|p1a: Dondozo|atk|1
|-boost|p1a: Dondozo|def|1
|
|-end|p2a: Gayllermo|move: Future Sight
|-resisted|p2a: Gayllermo
|-damage|p2a: Gayllermo|72/100
|-heal|p1a: Dondozo|88/100|[from] item: Leftovers
|upkeep
|turn|143
|
|t:|1779815665
|move|p2a: Gayllermo|Flip Turn|p1a: Dondozo
|-resisted|p1a: Dondozo
|-damage|p1a: Dondozo|85/100
|
|t:|1779815668
|switch|p2a: Luis Vargas|Dondozo, M|63/100|[from] Flip Turn
|move|p1a: Dondozo|Body Press|p2a: Luis Vargas
|-damage|p2a: Luis Vargas|54/100
|
|-heal|p1a: Dondozo|91/100|[from] item: Leftovers
|upkeep
|turn|144
|
|t:|1779815675
|move|p2a: Luis Vargas|Rest|p2a: Luis Vargas
|-status|p2a: Luis Vargas|slp|[from] move: Rest
|-heal|p2a: Luis Vargas|100/100 slp|[silent]
|move|p1a: Dondozo|Body Press|p2a: Luis Vargas
|-damage|p2a: Luis Vargas|91/100 slp
|
|-heal|p1a: Dondozo|97/100|[from] item: Leftovers
|upkeep
|turn|145
|
|t:|1779815681
|switch|p1a: Slowking|Slowking-Galar, F|35/100 brn
|cant|p2a: Luis Vargas|slp
|move|p2a: Luis Vargas|Sleep Talk|p2a: Luis Vargas
|move|p2a: Luis Vargas|Rest||[from] move: Sleep Talk|[still]
|-fail|p2a: Luis Vargas
|
|-damage|p1a: Slowking|28/100 brn|[from] brn
|upkeep
|turn|146
|
|t:|1779815688
|cant|p2a: Luis Vargas|slp
|move|p2a: Luis Vargas|Sleep Talk|p2a: Luis Vargas
|move|p2a: Luis Vargas|Rest||[from] move: Sleep Talk|[still]
|-fail|p2a: Luis Vargas
|move|p1a: Slowking|Sludge Bomb|p2a: Luis Vargas
|-damage|p2a: Luis Vargas|59/100 slp
|
|-damage|p1a: Slowking|22/100 brn|[from] brn
|upkeep
|turn|147
|
|t:|1779815700
|switch|p1a: Dondozo|Dondozo, F|97/100
|-curestatus|p2a: Luis Vargas|slp|[msg]
|move|p2a: Luis Vargas|Waterfall|p1a: Dondozo
|-resisted|p1a: Dondozo
|-damage|p1a: Dondozo|89/100
|
|-heal|p1a: Dondozo|95/100|[from] item: Leftovers
|upkeep
|turn|148
|
|t:|1779815707
|switch|p2a: Charlie Kirk|Amoonguss, M|100/100
|move|p1a: Dondozo|Waterfall|p2a: Charlie Kirk
|-resisted|p2a: Charlie Kirk
|-damage|p2a: Charlie Kirk|91/100
|
|-heal|p1a: Dondozo|100/100|[from] item: Leftovers
|upkeep
|turn|149
|
|t:|1779815717
|switch|p1a: Slowking|Slowking-Galar, F|56/100 brn
|move|p2a: Charlie Kirk|Foul Play|p1a: Slowking
|-supereffective|p1a: Slowking
|-damage|p1a: Slowking|37/100 brn
|
|-damage|p1a: Slowking|31/100 brn|[from] brn
|upkeep
|turn|150
|
|t:|1779815729
|move|p2a: Charlie Kirk|Foul Play|p1a: Slowking
|-supereffective|p1a: Slowking
|-damage|p1a: Slowking|13/100 brn
|move|p1a: Slowking|Future Sight|p2a: Charlie Kirk
|-start|p1a: Slowking|move: Future Sight
|
|-damage|p1a: Slowking|7/100 brn|[from] brn
|upkeep
|turn|151
|
|t:|1779815744
|switch|p1a: Corviknight|Corviknight, M|70/100 brn
|-ability|p1a: Corviknight|Pressure
|move|p2a: Charlie Kirk|Giga Drain|p1a: Corviknight
|-resisted|p1a: Corviknight
|-damage|p1a: Corviknight|65/100 brn
|-heal|p2a: Charlie Kirk|94/100|[from] drain|[of] p1a: Corviknight
|
|-damage|p1a: Corviknight|59/100 brn|[from] brn
|upkeep
|turn|152
|
|t:|1779815757
|switch|p2a: Gayllermo|Alomomola, F, tera:Steel|100/100
|move|p1a: Corviknight|U-turn|p2a: Gayllermo
|-resisted|p2a: Gayllermo
|-damage|p2a: Gayllermo|98/100
|-damage|p1a: Corviknight|42/100 brn|[from] item: Rocky Helmet|[of] p2a: Gayllermo
|
|t:|1779815766
|switch|p1a: Slowking|Slowking-Galar, F|41/100 brn|[from] U-turn
|
|-end|p2a: Gayllermo|move: Future Sight
|-resisted|p2a: Gayllermo
|-damage|p2a: Gayllermo|78/100
|-damage|p1a: Slowking|35/100 brn|[from] brn
|upkeep
|turn|153
|inactive|Chechoide has 90 seconds left.
|inactive|claudechamp has 30 seconds left.
|
|t:|1779815780
|switch|p1a: Dondozo|Dondozo, F|100/100
|move|p2a: Gayllermo|Flip Turn|p1a: Dondozo
|-resisted|p1a: Dondozo
|-crit|p1a: Dondozo
|-damage|p1a: Dondozo|93/100
|inactive|Chechoide has 90 seconds left.
|
|t:|1779815786
|switch|p2a: Charlie Kirk|Amoonguss, M|100/100|[from] Flip Turn
|
|-heal|p1a: Dondozo|99/100|[from] item: Leftovers
|upkeep
|turn|154
|inactive|claudechamp has 30 seconds left.
|
|t:|1779815797
|switch|p1a: Corviknight|Corviknight, M|42/100 brn
|-ability|p1a: Corviknight|Pressure
|move|p2a: Charlie Kirk|Sludge Bomb|p1a: Corviknight
|-immune|p1a: Corviknight
|
|-damage|p1a: Corviknight|36/100 brn|[from] brn
|upkeep
|turn|155
|inactive|claudechamp has 30 seconds left.
|
|t:|1779815807
|switch|p2a: Gayllermo|Alomomola, F, tera:Steel|100/100
|move|p1a: Corviknight|Brave Bird|p2a: Gayllermo
|-resisted|p2a: Gayllermo
|-damage|p2a: Gayllermo|95/100
|-damage|p1a: Corviknight|20/100 brn|[from] item: Rocky Helmet|[of] p2a: Gayllermo
|-damage|p1a: Corviknight|18/100 brn|[from] Recoil
|
|-damage|p1a: Corviknight|12/100 brn|[from] brn
|upkeep
|turn|156
|inactive|claudechamp has 30 seconds left this turn.
|inactive|claudechamp has 20 seconds left.
|inactive|Chechoide has 90 seconds left.
|
|t:|1779815823
|switch|p1a: Slowking|Slowking-Galar, F|68/100 brn
|move|p2a: Gayllermo|Wish|p2a: Gayllermo
|
|-damage|p1a: Slowking|62/100 brn|[from] brn
|upkeep
|turn|157
|inactive|claudechamp has 25 seconds left this turn.
|inactive|claudechamp has 20 seconds left.
|inactive|claudechamp has 15 seconds left.
|
|t:|1779815833
|switch|p1a: Dondozo|Dondozo, F|99/100
|move|p2a: Gayllermo|Flip Turn|p1a: Dondozo
|-resisted|p1a: Dondozo
|-crit|p1a: Dondozo
|-damage|p1a: Dondozo|92/100
|inactive|Chechoide has 90 seconds left.
|
|t:|1779815844
|switch|p2a: Albert Eipstein|Weezing-Galar, M|71/100|[from] Flip Turn
|-ability|p2a: Albert Eipstein|Neutralizing Gas
|
|-heal|p2a: Albert Eipstein|100/100|[from] move: Wish|[wisher] Gayllermo
|-heal|p1a: Dondozo|98/100|[from] item: Leftovers
|upkeep
|turn|158
|inactive|claudechamp has 25 seconds left this turn.
|inactive|claudechamp has 20 seconds left.
|inactive|claudechamp has 15 seconds left.
|
|t:|1779815855
|switch|p1a: Slowking|Slowking-Galar, F|95/100 brn
|move|p2a: Albert Eipstein|Sludge Bomb|p1a: Slowking
|-resisted|p1a: Slowking
|-damage|p1a: Slowking|83/100 brn
|
|-damage|p1a: Slowking|77/100 brn|[from] brn
|upkeep
|turn|159
|inactive|claudechamp has 20 seconds left this turn.
|inactive|claudechamp has 15 seconds left.
|inactive|claudechamp has 10 seconds left.
|
|t:|1779815869
|move|p2a: Albert Eipstein|Sludge Bomb|p1a: Slowking
|-resisted|p1a: Slowking
|-damage|p1a: Slowking|66/100 brn
|move|p1a: Slowking|Sludge Bomb|p2a: Albert Eipstein
|-damage|p2a: Albert Eipstein|54/100
|
|-damage|p1a: Slowking|60/100 brn|[from] brn
|upkeep
|turn|160
|inactive|claudechamp has 15 seconds left this turn.
|
|t:|1779815878
|-end|p2a: Albert Eipstein|ability: Neutralizing Gas
|switch|p2a: Gayllermo|Alomomola, F, tera:Steel|100/100
|move|p1a: Slowking|Sludge Bomb|p2a: Gayllermo
|-immune|p2a: Gayllermo
|
|-damage|p1a: Slowking|54/100 brn|[from] brn
|upkeep
|turn|161
|inactive|claudechamp has 20 seconds left this turn.
|
|t:|1779815888
|move|p2a: Gayllermo|Scald|p1a: Slowking
|-damage|p1a: Slowking|43/100 brn
|move|p1a: Slowking|Future Sight|p2a: Gayllermo
|-start|p1a: Slowking|move: Future Sight
|
|-damage|p1a: Slowking|37/100 brn|[from] brn
|upkeep
|turn|162
|inactive|claudechamp has 25 seconds left this turn.
|inactive|claudechamp has 20 seconds left.
|
|t:|1779815894
|switch|p1a: Dondozo|Dondozo, F|98/100
|move|p2a: Gayllermo|Scald|p1a: Dondozo
|-resisted|p1a: Dondozo
|-damage|p1a: Dondozo|93/100
|
|-heal|p1a: Dondozo|99/100|[from] item: Leftovers
|upkeep
|turn|163
|inactive|claudechamp has 25 seconds left this turn.
|inactive|claudechamp has 20 seconds left.
|
|t:|1779815899
|switch|p1a: Slowking|Slowking-Galar, F|71/100 brn
|move|p2a: Gayllermo|Flip Turn|p1a: Slowking
|-damage|p1a: Slowking|58/100 brn
|
|t:|1779815904
|switch|p2a: Cabryan|Blissey, F|70/100|[from] Flip Turn
|
|-end|p2a: Cabryan|move: Future Sight
|-damage|p2a: Cabryan|55/100
|-damage|p1a: Slowking|52/100 brn|[from] brn
|upkeep
|turn|164
|inactive|claudechamp has 30 seconds left this turn.
|
|t:|1779815909
|switch|p1a: Dondozo|Dondozo, F|99/100
|move|p2a: Cabryan|Soft-Boiled|p2a: Cabryan
|-heal|p2a: Cabryan|100/100
|
|-heal|p1a: Dondozo|100/100|[from] item: Leftovers
|upkeep
|turn|165
|
|t:|1779815916
|move|p2a: Cabryan|Stealth Rock|p1a: Dondozo
|-sidestart|p1: claudechamp|move: Stealth Rock
|move|p1a: Dondozo|Body Press|p2a: Cabryan
|-supereffective|p2a: Cabryan
|-damage|p2a: Cabryan|58/100
|
|upkeep
|turn|166
|
|t:|1779815924
|switch|p2a: Gayllermo|Alomomola, F, tera:Steel|100/100
|move|p1a: Dondozo|Body Press|p2a: Gayllermo
|-supereffective|p2a: Gayllermo
|-crit|p2a: Gayllermo
|-damage|p2a: Gayllermo|62/100
|-damage|p1a: Dondozo|84/100|[from] item: Rocky Helmet|[of] p2a: Gayllermo
|
|-heal|p1a: Dondozo|90/100|[from] item: Leftovers
|upkeep
|turn|167
|
|t:|1779815938
|move|p2a: Gayllermo|Protect|p2a: Gayllermo
|-singleturn|p2a: Gayllermo|Protect
|move|p1a: Dondozo|Curse|p1a: Dondozo
|-unboost|p1a: Dondozo|spe|1
|-boost|p1a: Dondozo|atk|1
|-boost|p1a: Dondozo|def|1
|
|-heal|p1a: Dondozo|96/100|[from] item: Leftovers
|upkeep
|turn|168
|
|t:|1779815944
|move|p2a: Gayllermo|Wish|p2a: Gayllermo
|move|p1a: Dondozo|Body Press|p2a: Gayllermo
|-supereffective|p2a: Gayllermo
|-damage|p2a: Gayllermo|25/100
|-damage|p1a: Dondozo|80/100|[from] item: Rocky Helmet|[of] p2a: Gayllermo
|
|-heal|p1a: Dondozo|86/100|[from] item: Leftovers
|upkeep
|turn|169
|
|t:|1779815951
|switch|p2a: Luis Vargas|Dondozo, M|59/100
|move|p1a: Dondozo|Curse|p1a: Dondozo
|-unboost|p1a: Dondozo|spe|1
|-boost|p1a: Dondozo|atk|1
|-boost|p1a: Dondozo|def|1
|
|-heal|p2a: Luis Vargas|100/100|[from] move: Wish|[wisher] Gayllermo
|-heal|p1a: Dondozo|92/100|[from] item: Leftovers
|upkeep
|turn|170
|
|t:|1779815960
|move|p2a: Luis Vargas|Curse|p2a: Luis Vargas
|-unboost|p2a: Luis Vargas|spe|1
|-boost|p2a: Luis Vargas|atk|1
|-boost|p2a: Luis Vargas|def|1
|move|p1a: Dondozo|Waterfall|p2a: Luis Vargas
|-resisted|p2a: Luis Vargas
|-damage|p2a: Luis Vargas|95/100
|
|-heal|p1a: Dondozo|98/100|[from] item: Leftovers
|upkeep
|turn|171
|
|t:|1779815970
|move|p2a: Luis Vargas|Curse|p2a: Luis Vargas
|-unboost|p2a: Luis Vargas|spe|1
|-boost|p2a: Luis Vargas|atk|1
|-boost|p2a: Luis Vargas|def|1
|move|p1a: Dondozo|Waterfall|p2a: Luis Vargas
|-resisted|p2a: Luis Vargas
|-damage|p2a: Luis Vargas|89/100
|
|-heal|p1a: Dondozo|100/100|[from] item: Leftovers
|upkeep
|turn|172
|
|t:|1779815978
|move|p2a: Luis Vargas|Curse|p2a: Luis Vargas
|-unboost|p2a: Luis Vargas|spe|1
|-boost|p2a: Luis Vargas|atk|1
|-boost|p2a: Luis Vargas|def|1
|move|p1a: Dondozo|Body Press|p2a: Luis Vargas
|-damage|p2a: Luis Vargas|80/100
|
|upkeep
|turn|173
|
|t:|1779815994
|move|p1a: Dondozo|Body Press|p2a: Luis Vargas
|-damage|p2a: Luis Vargas|71/100
|move|p2a: Luis Vargas|Curse|p2a: Luis Vargas
|-unboost|p2a: Luis Vargas|spe|1
|-boost|p2a: Luis Vargas|atk|1
|-boost|p2a: Luis Vargas|def|1
|
|upkeep
|turn|174
|
|t:|1779815997
|move|p1a: Dondozo|Waterfall|p2a: Luis Vargas
|-resisted|p2a: Luis Vargas
|-damage|p2a: Luis Vargas|65/100
|cant|p2a: Luis Vargas|flinch
|
|upkeep
|turn|175
|
|t:|1779816001
|move|p1a: Dondozo|Body Press|p2a: Luis Vargas
|-damage|p2a: Luis Vargas|55/100
|move|p2a: Luis Vargas|Curse|p2a: Luis Vargas
|-unboost|p2a: Luis Vargas|spe|1
|-boost|p2a: Luis Vargas|atk|1
|-boost|p2a: Luis Vargas|def|1
|
|upkeep
|turn|176
|inactive|claudechamp has 60 seconds left.
|
|t:|1779816017
|move|p1a: Dondozo|Waterfall|p2a: Luis Vargas
|-resisted|p2a: Luis Vargas
|-damage|p2a: Luis Vargas|49/100
|move|p2a: Luis Vargas|Curse|p2a: Luis Vargas
|-unboost|p2a: Luis Vargas|spe|1
|-boost|p2a: Luis Vargas|atk|1
|-boost|p2a: Luis Vargas|def|1
|
|upkeep
|turn|177
|
|t:|1779816031
|move|p1a: Dondozo|Waterfall|p2a: Luis Vargas
|-resisted|p2a: Luis Vargas
|-damage|p2a: Luis Vargas|43/100
|cant|p2a: Luis Vargas|flinch
|
|upkeep
|turn|178
|
|t:|1779816040
|move|p1a: Dondozo|Body Press|p2a: Luis Vargas
|-damage|p2a: Luis Vargas|34/100
|move|p2a: Luis Vargas|Rest|p2a: Luis Vargas
|-status|p2a: Luis Vargas|slp|[from] move: Rest
|-heal|p2a: Luis Vargas|100/100 slp|[silent]
|
|upkeep
|turn|179
|
|t:|1779816047
|move|p1a: Dondozo|Waterfall|p2a: Luis Vargas
|-resisted|p2a: Luis Vargas
|-damage|p2a: Luis Vargas|94/100 slp
|cant|p2a: Luis Vargas|slp
|move|p2a: Luis Vargas|Sleep Talk|p2a: Luis Vargas
|move|p2a: Luis Vargas|Rest||[from] move: Sleep Talk|[still]
|-fail|p2a: Luis Vargas
|
|upkeep
|turn|180
|
|t:|1779816059
|move|p1a: Dondozo|Body Press|p2a: Luis Vargas
|-damage|p2a: Luis Vargas|86/100 slp
|cant|p2a: Luis Vargas|slp
|move|p2a: Luis Vargas|Sleep Talk|p2a: Luis Vargas
|move|p2a: Luis Vargas|Rest||[from] move: Sleep Talk|[still]
|-fail|p2a: Luis Vargas
|
|upkeep
|turn|181
|
|t:|1779816071
|move|p1a: Dondozo|Body Press|p2a: Luis Vargas
|-damage|p2a: Luis Vargas|76/100 slp
|-curestatus|p2a: Luis Vargas|slp|[msg]
|move|p2a: Luis Vargas|Curse|p2a: Luis Vargas
|
|upkeep
|turn|182
|
|t:|1779816078
|move|p1a: Dondozo|Waterfall|p2a: Luis Vargas
|-resisted|p2a: Luis Vargas
|-damage|p2a: Luis Vargas|70/100
|move|p2a: Luis Vargas|Curse|p2a: Luis Vargas
|
|upkeep
|turn|183
|inactive|Chechoide has 90 seconds left.
|
|t:|1779816102
|move|p1a: Dondozo|Waterfall|p2a: Luis Vargas
|-resisted|p2a: Luis Vargas
|-damage|p2a: Luis Vargas|64/100
|move|p2a: Luis Vargas|Curse|p2a: Luis Vargas
|
|upkeep
|turn|184
|
|t:|1779816112
|move|p1a: Dondozo|Waterfall|p2a: Luis Vargas
|-resisted|p2a: Luis Vargas
|-damage|p2a: Luis Vargas|58/100
|move|p2a: Luis Vargas|Waterfall|p1a: Dondozo
|-resisted|p1a: Dondozo
|-damage|p1a: Dondozo|92/100
|
|-heal|p1a: Dondozo|98/100|[from] item: Leftovers
|upkeep
|turn|185
|
|t:|1779816125
|move|p1a: Dondozo|Waterfall|p2a: Luis Vargas
|-resisted|p2a: Luis Vargas
|-damage|p2a: Luis Vargas|52/100
|move|p2a: Luis Vargas|Curse|p2a: Luis Vargas
|
|-heal|p1a: Dondozo|100/100|[from] item: Leftovers
|upkeep
|turn|186
|
|t:|1779816133
|move|p1a: Dondozo|Body Press|p2a: Luis Vargas
|-damage|p2a: Luis Vargas|43/100
|move|p2a: Luis Vargas|Curse|p2a: Luis Vargas
|
|upkeep
|turn|187
|
|t:|1779816141
|move|p1a: Dondozo|Waterfall|p2a: Luis Vargas
|-resisted|p2a: Luis Vargas
|-damage|p2a: Luis Vargas|37/100
|cant|p2a: Luis Vargas|flinch
|
|upkeep
|turn|188
|
|t:|1779816152
|switch|p1a: Slowking|Slowking-Galar, F|85/100 brn
|-damage|p1a: Slowking|73/100 brn|[from] Stealth Rock
|move|p2a: Luis Vargas|Rest|p2a: Luis Vargas
|-status|p2a: Luis Vargas|slp|[from] move: Rest
|-heal|p2a: Luis Vargas|100/100 slp|[silent]
|
|-damage|p1a: Slowking|67/100 brn|[from] brn
|upkeep
|turn|189
|
|t:|1779816164
|switch|p1a: Dondozo|Dondozo, F|100/100
|-damage|p1a: Dondozo|88/100|[from] Stealth Rock
|cant|p2a: Luis Vargas|slp
|move|p2a: Luis Vargas|Sleep Talk|p2a: Luis Vargas
|move|p2a: Luis Vargas|Waterfall|p1a: Dondozo|[from] move: Sleep Talk
|-resisted|p1a: Dondozo
|-damage|p1a: Dondozo|80/100
|
|-heal|p1a: Dondozo|86/100|[from] item: Leftovers
|upkeep
|turn|190
|
|t:|1779816175
|move|p1a: Dondozo|Waterfall|p2a: Luis Vargas
|-resisted|p2a: Luis Vargas
|-damage|p2a: Luis Vargas|95/100 slp
|cant|p2a: Luis Vargas|slp
|
|-heal|p1a: Dondozo|92/100|[from] item: Leftovers
|upkeep
|turn|191
|
|t:|1779816182
|move|p1a: Dondozo|Waterfall|p2a: Luis Vargas
|-resisted|p2a: Luis Vargas
|-damage|p2a: Luis Vargas|88/100 slp
|-curestatus|p2a: Luis Vargas|slp|[msg]
|move|p2a: Luis Vargas|Waterfall|p1a: Dondozo
|-resisted|p1a: Dondozo
|-damage|p1a: Dondozo|83/100
|
|-heal|p1a: Dondozo|90/100|[from] item: Leftovers
|upkeep
|turn|192
|
|t:|1779816192
|switch|p1a: Slowking|Slowking-Galar, F|99/100 brn
|-damage|p1a: Slowking|88/100 brn|[from] Stealth Rock
|move|p2a: Luis Vargas|Waterfall|p1a: Slowking
|-damage|p1a: Slowking|10/100 brn
|
|-damage|p1a: Slowking|4/100 brn|[from] brn
|upkeep
|turn|193
|
|t:|1779816200
|move|p1a: Slowking|Future Sight|p2a: Luis Vargas
|-start|p1a: Slowking|move: Future Sight
|move|p2a: Luis Vargas|Waterfall|p1a: Slowking
|-damage|p1a: Slowking|0 fnt
|faint|p1a: Slowking
|
|upkeep
|
|t:|1779816204
|switch|p1a: Dondozo|Dondozo, F|90/100
|-damage|p1a: Dondozo|77/100|[from] Stealth Rock
|turn|194
|
|t:|1779816209
|move|p1a: Dondozo|Waterfall|p2a: Luis Vargas
|-resisted|p2a: Luis Vargas
|-damage|p2a: Luis Vargas|82/100
|move|p2a: Luis Vargas|Curse|p2a: Luis Vargas
|
|-heal|p1a: Dondozo|83/100|[from] item: Leftovers
|upkeep
|turn|195
|
|t:|1779816212
|switch|p1a: Ting-Lu|Ting-Lu|92/100
|-damage|p1a: Ting-Lu|86/100|[from] Stealth Rock
|-ability|p1a: Ting-Lu|Vessel of Ruin
|move|p2a: Luis Vargas|Curse|p2a: Luis Vargas
|
|-end|p2a: Luis Vargas|move: Future Sight
|-damage|p2a: Luis Vargas|48/100
|-heal|p1a: Ting-Lu|92/100|[from] item: Leftovers
|upkeep
|turn|196
|inactive|claudechamp has 60 seconds left.
|
|t:|1779816222
|switch|p1a: Dondozo|Dondozo, F|83/100
|-damage|p1a: Dondozo|71/100|[from] Stealth Rock
|move|p2a: Luis Vargas|Waterfall|p1a: Dondozo
|-resisted|p1a: Dondozo
|-damage|p1a: Dondozo|63/100
|
|-heal|p1a: Dondozo|69/100|[from] item: Leftovers
|upkeep
|turn|197
|inactive|Chechoide has 90 seconds left.
|
|t:|1779816238
|move|p1a: Dondozo|Waterfall|p2a: Luis Vargas
|-resisted|p2a: Luis Vargas
|-damage|p2a: Luis Vargas|42/100
|move|p2a: Luis Vargas|Rest|p2a: Luis Vargas
|-status|p2a: Luis Vargas|slp|[from] move: Rest
|-heal|p2a: Luis Vargas|100/100 slp|[silent]
|
|-heal|p1a: Dondozo|75/100|[from] item: Leftovers
|upkeep
|turn|198
|
|t:|1779816244
|switch|p1a: Ting-Lu|Ting-Lu|92/100
|-damage|p1a: Ting-Lu|86/100|[from] Stealth Rock
|-ability|p1a: Ting-Lu|Vessel of Ruin
|cant|p2a: Luis Vargas|slp
|move|p2a: Luis Vargas|Sleep Talk|p2a: Luis Vargas
|move|p2a: Luis Vargas|Rest||[from] move: Sleep Talk|[still]
|-fail|p2a: Luis Vargas
|
|-heal|p1a: Ting-Lu|92/100|[from] item: Leftovers
|upkeep
|turn|199
|
|t:|1779816250
|move|p1a: Ting-Lu|Payback|p2a: Luis Vargas
|-damage|p2a: Luis Vargas|99/100 slp
|cant|p2a: Luis Vargas|slp
|
|-heal|p1a: Ting-Lu|98/100|[from] item: Leftovers
|upkeep
|turn|200
|
|t:|1779816253
|switch|p1a: Dondozo|Dondozo, F|75/100
|-damage|p1a: Dondozo|63/100|[from] Stealth Rock
|-curestatus|p2a: Luis Vargas|slp|[msg]
|move|p2a: Luis Vargas|Curse|p2a: Luis Vargas
|
|-heal|p1a: Dondozo|69/100|[from] item: Leftovers
|upkeep
|turn|201
|inactive|claudechamp has 60 seconds left.
|
|t:|1779816275
|switch|p1a: Ting-Lu|Ting-Lu|98/100
|-damage|p1a: Ting-Lu|92/100|[from] Stealth Rock
|-ability|p1a: Ting-Lu|Vessel of Ruin
|-activate|p2a: Luis Vargas|move: Struggle
|move|p2a: Luis Vargas|Struggle|p1a: Ting-Lu
|-damage|p1a: Ting-Lu|66/100
|-damage|p2a: Luis Vargas|74/100|[from] recoil
|
|-heal|p1a: Ting-Lu|72/100|[from] item: Leftovers
|upkeep
|turn|202
|inactive|Chechoide has 90 seconds left.
|
|t:|1779816293
|move|p1a: Ting-Lu|Payback|p2a: Luis Vargas
|-damage|p2a: Luis Vargas|71/100
|-activate|p2a: Luis Vargas|move: Struggle
|move|p2a: Luis Vargas|Struggle|p1a: Ting-Lu
|-damage|p1a: Ting-Lu|48/100
|-damage|p2a: Luis Vargas|46/100|[from] recoil
|
|-heal|p1a: Ting-Lu|55/100|[from] item: Leftovers
|upkeep
|turn|203
|
|t:|1779816301
|switch|p1a: Dondozo|Dondozo, F|69/100
|-damage|p1a: Dondozo|57/100|[from] Stealth Rock
|-activate|p2a: Luis Vargas|move: Struggle
|move|p2a: Luis Vargas|Struggle|p1a: Dondozo
|-damage|p1a: Dondozo|49/100
|-damage|p2a: Luis Vargas|21/100|[from] recoil
|
|-heal|p1a: Dondozo|56/100|[from] item: Leftovers
|upkeep
|turn|204
|inactive|claudechamp has 30 seconds left.
|inactive|Chechoide has 90 seconds left.
|inactive|claudechamp has 20 seconds left.
|
|t:|1779816317
|switch|p1a: Ting-Lu|Ting-Lu|55/100
|-damage|p1a: Ting-Lu|48/100|[from] Stealth Rock
|-ability|p1a: Ting-Lu|Vessel of Ruin
|-activate|p2a: Luis Vargas|move: Struggle
|move|p2a: Luis Vargas|Struggle|p1a: Ting-Lu
|-damage|p1a: Ting-Lu|24/100
|-damage|p2a: Luis Vargas|0 fnt|[from] recoil
|faint|p2a: Luis Vargas
|
|-heal|p1a: Ting-Lu|30/100|[from] item: Leftovers
|upkeep
|inactive|Chechoide has 90 seconds left.
|
|t:|1779816339
|switch|p2a: Charlie Kirk|Amoonguss, M|100/100
|turn|205
|inactive|claudechamp has 25 seconds left this turn.
|inactive|claudechamp has 20 seconds left.
|
|t:|1779816347
|move|p1a: Ting-Lu|Rest|p1a: Ting-Lu
|-status|p1a: Ting-Lu|slp|[from] move: Rest
|-heal|p1a: Ting-Lu|100/100 slp|[silent]
|move|p2a: Charlie Kirk|Foul Play|p1a: Ting-Lu
|-resisted|p1a: Ting-Lu
|-damage|p1a: Ting-Lu|94/100 slp
|
|-heal|p1a: Ting-Lu|99/100 slp|[from] item: Leftovers
|upkeep
|turn|206
|inactive|claudechamp has 25 seconds left this turn.
|inactive|claudechamp has 20 seconds left.
|
|t:|1779816356
|switch|p2a: Gayllermo|Alomomola, F, tera:Steel|58/100
|cant|p1a: Ting-Lu|slp
|move|p1a: Ting-Lu|Sleep Talk|p1a: Ting-Lu
|move|p1a: Ting-Lu|Payback|p2a: Gayllermo|[from] move: Sleep Talk
|-damage|p2a: Gayllermo|47/100
|-damage|p1a: Ting-Lu|84/100 slp|[from] item: Rocky Helmet|[of] p2a: Gayllermo
|
|-heal|p1a: Ting-Lu|90/100 slp|[from] item: Leftovers
|upkeep
|turn|207
|inactive|claudechamp has 20 seconds left this turn.
|inactive|claudechamp has 15 seconds left.
|inactive|Chechoide has 60 seconds left.
|
|t:|1779816368
|switch|p2a: Charlie Kirk|Amoonguss, M|100/100
|cant|p1a: Ting-Lu|slp
|
|-heal|p1a: Ting-Lu|96/100 slp|[from] item: Leftovers
|upkeep
|turn|208
|inactive|claudechamp has 20 seconds left this turn.
|inactive|Chechoide has 60 seconds left.
|
|t:|1779816375
|switch|p2a: Gayllermo|Alomomola, F, tera:Steel|80/100
|-curestatus|p1a: Ting-Lu|slp|[msg]
|move|p1a: Ting-Lu|Sleep Talk||[still]
|-fail|p1a: Ting-Lu
|
|-heal|p1a: Ting-Lu|100/100|[from] item: Leftovers
|upkeep
|turn|209
|inactive|claudechamp has 20 seconds left this turn.
|inactive|claudechamp has 15 seconds left.
|
|t:|1779816381
|switch|p1a: Dondozo|Dondozo, F|56/100
|-damage|p1a: Dondozo|43/100|[from] Stealth Rock
|switch|p2a: Charlie Kirk|Amoonguss, M|100/100
|
|-heal|p1a: Dondozo|49/100|[from] item: Leftovers
|upkeep
|turn|210
|inactive|claudechamp has 20 seconds left this turn.
|
|t:|1779816388
|switch|p2a: Gayllermo|Alomomola, F, tera:Steel|100/100
|move|p1a: Dondozo|Rest|p1a: Dondozo
|-status|p1a: Dondozo|slp|[from] move: Rest
|-heal|p1a: Dondozo|100/100 slp|[silent]
|
|upkeep
|turn|211
|inactive|claudechamp has 20 seconds left this turn.
|
|t:|1779816393
|switch|p2a: Charlie Kirk|Amoonguss, M|100/100
|cant|p1a: Dondozo|slp
|
|upkeep
|turn|212
|inactive|claudechamp has 25 seconds left this turn.
|inactive|claudechamp has 20 seconds left.
|
|t:|1779816398
|switch|p1a: Ting-Lu|Ting-Lu|100/100
|-damage|p1a: Ting-Lu|94/100|[from] Stealth Rock
|-ability|p1a: Ting-Lu|Vessel of Ruin
|switch|p2a: Gayllermo|Alomomola, F, tera:Steel|100/100
|
|-heal|p1a: Ting-Lu|100/100|[from] item: Leftovers
|upkeep
|turn|213
|inactive|claudechamp has 20 seconds left this turn.
|
|t:|1779816405
|move|p1a: Ting-Lu|Sleep Talk||[still]
|-fail|p1a: Ting-Lu
|move|p2a: Gayllermo|Scald|p1a: Ting-Lu
|-supereffective|p1a: Ting-Lu
|-damage|p1a: Ting-Lu|89/100
|
|-heal|p1a: Ting-Lu|95/100|[from] item: Leftovers
|upkeep
|turn|214
|inactive|claudechamp has 25 seconds left this turn.
|inactive|claudechamp has 20 seconds left.
|
|t:|1779816414
|move|p1a: Ting-Lu|Rest|p1a: Ting-Lu
|-status|p1a: Ting-Lu|slp|[from] move: Rest
|-heal|p1a: Ting-Lu|100/100 slp|[silent]
|move|p2a: Gayllermo|Scald|p1a: Ting-Lu
|-supereffective|p1a: Ting-Lu
|-damage|p1a: Ting-Lu|88/100 slp
|
|-heal|p1a: Ting-Lu|95/100 slp|[from] item: Leftovers
|upkeep
|turn|215
|inactive|claudechamp has 20 seconds left this turn.
|
|t:|1779816422
|cant|p1a: Ting-Lu|slp
|move|p1a: Ting-Lu|Sleep Talk|p1a: Ting-Lu
|move|p1a: Ting-Lu|Earthquake|p2a: Gayllermo|[from] move: Sleep Talk
|-supereffective|p2a: Gayllermo
|-damage|p2a: Gayllermo|52/100
|move|p2a: Gayllermo|Scald|p1a: Ting-Lu
|-supereffective|p1a: Ting-Lu
|-damage|p1a: Ting-Lu|82/100 slp
|
|-heal|p1a: Ting-Lu|88/100 slp|[from] item: Leftovers
|upkeep
|turn|216
|inactive|claudechamp has 25 seconds left this turn.
|inactive|claudechamp has 20 seconds left.
|
|t:|1779816433
|cant|p1a: Ting-Lu|slp
|move|p2a: Gayllermo|Wish|p2a: Gayllermo
|
|-heal|p1a: Ting-Lu|94/100 slp|[from] item: Leftovers
|upkeep
|turn|217
|inactive|claudechamp has 20 seconds left this turn.
|
|t:|1779816438
|-curestatus|p1a: Ting-Lu|slp|[msg]
|move|p1a: Ting-Lu|Sleep Talk||[still]
|-fail|p1a: Ting-Lu
|move|p2a: Gayllermo|Scald|p1a: Ting-Lu
|-supereffective|p1a: Ting-Lu
|-damage|p1a: Ting-Lu|83/100
|-status|p1a: Ting-Lu|brn
|
|-heal|p2a: Gayllermo|100/100|[from] move: Wish|[wisher] Gayllermo
|-heal|p1a: Ting-Lu|90/100 brn|[from] item: Leftovers
|-damage|p1a: Ting-Lu|83/100 brn|[from] brn
|upkeep
|turn|218
|inactive|claudechamp has 25 seconds left this turn.
|
|t:|1779816448
|move|p1a: Ting-Lu|Rest|p1a: Ting-Lu
|-status|p1a: Ting-Lu|slp|[from] move: Rest
|-heal|p1a: Ting-Lu|100/100 slp|[silent]
|move|p2a: Gayllermo|Flip Turn|p1a: Ting-Lu
|-supereffective|p1a: Ting-Lu
|-crit|p1a: Ting-Lu
|-damage|p1a: Ting-Lu|72/100 slp
|
|t:|1779816455
|switch|p2a: Charlie Kirk|Amoonguss, M|100/100|[from] Flip Turn
|
|-heal|p1a: Ting-Lu|79/100 slp|[from] item: Leftovers
|upkeep
|turn|219
|
|t:|1779816461
|switch|p2a: Gayllermo|Alomomola, F, tera:Steel|100/100
|cant|p1a: Ting-Lu|slp
|move|p1a: Ting-Lu|Sleep Talk|p1a: Ting-Lu
|move|p1a: Ting-Lu|Earthquake|p2a: Gayllermo|[from] move: Sleep Talk
|-supereffective|p2a: Gayllermo
|-crit|p2a: Gayllermo
|-damage|p2a: Gayllermo|30/100
|
|-heal|p1a: Ting-Lu|85/100 slp|[from] item: Leftovers
|upkeep
|turn|220
|inactive|Chechoide has 30 seconds left.
|
|t:|1779816473
|switch|p2a: Charlie Kirk|Amoonguss, M|100/100
|cant|p1a: Ting-Lu|slp
|
|-heal|p1a: Ting-Lu|91/100 slp|[from] item: Leftovers
|upkeep
|turn|221
|inactive|Chechoide has 30 seconds left.
|
|t:|1779816482
|switch|p2a: Gayllermo|Alomomola, F, tera:Steel|64/100
|-curestatus|p1a: Ting-Lu|slp|[msg]
|move|p1a: Ting-Lu|Payback|p2a: Gayllermo
|-damage|p2a: Gayllermo|53/100
|-damage|p1a: Ting-Lu|75/100|[from] item: Rocky Helmet|[of] p2a: Gayllermo
|
|-heal|p1a: Ting-Lu|81/100|[from] item: Leftovers
|upkeep
|turn|222
|inactive|Chechoide has 30 seconds left this turn.
|
|t:|1779816489
|switch|p2a: Charlie Kirk|Amoonguss, M|100/100
|move|p1a: Ting-Lu|Rest|p1a: Ting-Lu
|-status|p1a: Ting-Lu|slp|[from] move: Rest
|-heal|p1a: Ting-Lu|100/100 slp|[silent]
|
|upkeep
|turn|223
|inactive|Chechoide has 30 seconds left this turn.
|
|t:|1779816497
|switch|p2a: Gayllermo|Alomomola, F, tera:Steel|86/100
|cant|p1a: Ting-Lu|slp
|move|p1a: Ting-Lu|Sleep Talk|p1a: Ting-Lu
|move|p1a: Ting-Lu|Rest||[from] move: Sleep Talk|[still]
|-fail|p1a: Ting-Lu
|
|upkeep
|turn|224
|inactive|Chechoide has 25 seconds left this turn.
|inactive|Chechoide has 20 seconds left.
|inactive|Chechoide has 15 seconds left.
|
|t:|1779816508
|switch|p2a: Charlie Kirk|Amoonguss, M|100/100
|cant|p1a: Ting-Lu|slp
|move|p1a: Ting-Lu|Sleep Talk|p1a: Ting-Lu
|move|p1a: Ting-Lu|Rest||[from] move: Sleep Talk|[still]
|-fail|p1a: Ting-Lu
|
|upkeep
|turn|225
|inactive|Chechoide has 20 seconds left this turn.
|inactive|Chechoide has 15 seconds left.
|
|t:|1779816515
|switch|p2a: Gayllermo|Alomomola, F, tera:Steel|100/100
|-curestatus|p1a: Ting-Lu|slp|[msg]
|move|p1a: Ting-Lu|Payback|p2a: Gayllermo
|-damage|p2a: Gayllermo|90/100
|-damage|p1a: Ting-Lu|84/100|[from] item: Rocky Helmet|[of] p2a: Gayllermo
|
|-heal|p1a: Ting-Lu|90/100|[from] item: Leftovers
|upkeep
|turn|226
|inactive|Chechoide has 15 seconds left this turn.
|inactive|Chechoide has 10 seconds left.
|
|t:|1779816521
|switch|p2a: Charlie Kirk|Amoonguss, M|100/100
|move|p1a: Ting-Lu|Rest|p1a: Ting-Lu
|-status|p1a: Ting-Lu|slp|[from] move: Rest
|-heal|p1a: Ting-Lu|100/100 slp|[silent]
|
|upkeep
|turn|227
|inactive|Chechoide has 15 seconds left this turn.
|
|t:|1779816525
|switch|p2a: Gayllermo|Alomomola, F, tera:Steel|100/100
|cant|p1a: Ting-Lu|slp
|move|p1a: Ting-Lu|Sleep Talk|p1a: Ting-Lu
|move|p1a: Ting-Lu|Payback|p2a: Gayllermo|[from] move: Sleep Talk
|-damage|p2a: Gayllermo|89/100
|-damage|p1a: Ting-Lu|84/100 slp|[from] item: Rocky Helmet|[of] p2a: Gayllermo
|
|-heal|p1a: Ting-Lu|90/100 slp|[from] item: Leftovers
|upkeep
|turn|228
|inactive|Chechoide has 15 seconds left this turn.
|
|t:|1779816530
|switch|p2a: Charlie Kirk|Amoonguss, M|100/100
|cant|p1a: Ting-Lu|slp
|
|-heal|p1a: Ting-Lu|96/100 slp|[from] item: Leftovers
|upkeep
|turn|229
|inactive|Chechoide has 20 seconds left this turn.
|
|t:|1779816538
|switch|p2a: Gayllermo|Alomomola, F, tera:Steel|100/100
|-curestatus|p1a: Ting-Lu|slp|[msg]
|move|p1a: Ting-Lu|Payback|p2a: Gayllermo
|-damage|p2a: Gayllermo|90/100
|-damage|p1a: Ting-Lu|80/100|[from] item: Rocky Helmet|[of] p2a: Gayllermo
|
|-heal|p1a: Ting-Lu|86/100|[from] item: Leftovers
|upkeep
|turn|230
|inactive|Chechoide has 20 seconds left this turn.
|
|t:|1779816543
|switch|p2a: Charlie Kirk|Amoonguss, M|100/100
|move|p1a: Ting-Lu|Rest|p1a: Ting-Lu
|-status|p1a: Ting-Lu|slp|[from] move: Rest
|-heal|p1a: Ting-Lu|100/100 slp|[silent]
|
|upkeep
|turn|231
|inactive|Chechoide has 25 seconds left this turn.
|
|t:|1779816551
|switch|p2a: Gayllermo|Alomomola, F, tera:Steel|100/100
|cant|p1a: Ting-Lu|slp
|move|p1a: Ting-Lu|Sleep Talk|p1a: Ting-Lu
|move|p1a: Ting-Lu|Earthquake|p2a: Gayllermo|[from] move: Sleep Talk
|-supereffective|p2a: Gayllermo
|-damage|p2a: Gayllermo|60/100
|
|upkeep
|turn|232
|inactive|Chechoide has 25 seconds left this turn.
|inactive|claudechamp has 30 seconds left.
|
|t:|1779816559
|switch|p2a: Charlie Kirk|Amoonguss, M|100/100
|cant|p1a: Ting-Lu|slp
|move|p1a: Ting-Lu|Sleep Talk|p1a: Ting-Lu
|move|p1a: Ting-Lu|Earthquake|p2a: Charlie Kirk|[from] move: Sleep Talk
|-damage|p2a: Charlie Kirk|75/100
|
|upkeep
|turn|233
|inactive|Chechoide has 30 seconds left this turn.
|inactive|claudechamp has 30 seconds left.
|
|t:|1779816569
|switch|p2a: Gayllermo|Alomomola, F, tera:Steel|93/100
|-curestatus|p1a: Ting-Lu|slp|[msg]
|move|p1a: Ting-Lu|Payback|p2a: Gayllermo
|-damage|p2a: Gayllermo|83/100
|-damage|p1a: Ting-Lu|84/100|[from] item: Rocky Helmet|[of] p2a: Gayllermo
|
|-heal|p1a: Ting-Lu|90/100|[from] item: Leftovers
|upkeep
|turn|234
|inactive|claudechamp has 25 seconds left this turn.
|inactive|Chechoide has 30 seconds left this turn.
|
|t:|1779816572
|switch|p2a: Charlie Kirk|Amoonguss, M|100/100
|move|p1a: Ting-Lu|Rest|p1a: Ting-Lu
|-status|p1a: Ting-Lu|slp|[from] move: Rest
|-heal|p1a: Ting-Lu|100/100 slp|[silent]
|
|upkeep
|turn|235
|inactive|claudechamp has 30 seconds left this turn.
|
|t:|1779816576
|switch|p2a: Gayllermo|Alomomola, F, tera:Steel|100/100
|cant|p1a: Ting-Lu|slp
|move|p1a: Ting-Lu|Sleep Talk|p1a: Ting-Lu
|move|p1a: Ting-Lu|Earthquake|p2a: Gayllermo|[from] move: Sleep Talk
|-supereffective|p2a: Gayllermo
|-damage|p2a: Gayllermo|56/100
|
|upkeep
|turn|236
|inactive|claudechamp has 30 seconds left this turn.
|
|t:|1779816580
|switch|p2a: Charlie Kirk|Amoonguss, M|100/100
|cant|p1a: Ting-Lu|slp
|move|p1a: Ting-Lu|Sleep Talk|p1a: Ting-Lu
|move|p1a: Ting-Lu|Rest||[from] move: Sleep Talk|[still]
|-fail|p1a: Ting-Lu
|
|upkeep
|turn|237
|inactive|claudechamp has 30 seconds left.
|
|t:|1779816589
|switch|p2a: Gayllermo|Alomomola, F, tera:Steel|89/100
|-curestatus|p1a: Ting-Lu|slp|[msg]
|move|p1a: Ting-Lu|Payback|p2a: Gayllermo
|-damage|p2a: Gayllermo|79/100
|-damage|p1a: Ting-Lu|84/100|[from] item: Rocky Helmet|[of] p2a: Gayllermo
|
|-heal|p1a: Ting-Lu|90/100|[from] item: Leftovers
|upkeep
|turn|238
|inactive|claudechamp has 30 seconds left this turn.
|
|t:|1779816598
|switch|p2a: Charlie Kirk|Amoonguss, M|100/100
|move|p1a: Ting-Lu|Sleep Talk||[still]
|-fail|p1a: Ting-Lu
|
|-heal|p1a: Ting-Lu|96/100|[from] item: Leftovers
|upkeep
|turn|239
|inactive|claudechamp has 30 seconds left this turn.
|
|t:|1779816603
|switch|p2a: Gayllermo|Alomomola, F, tera:Steel|100/100
|move|p1a: Ting-Lu|Payback|p2a: Gayllermo
|-damage|p2a: Gayllermo|90/100
|-damage|p1a: Ting-Lu|80/100|[from] item: Rocky Helmet|[of] p2a: Gayllermo
|
|-heal|p1a: Ting-Lu|86/100|[from] item: Leftovers
|upkeep
|turn|240
|inactive|claudechamp has 25 seconds left this turn.
|inactive|claudechamp has 20 seconds left.
|
|t:|1779816612
|switch|p1a: Dondozo|Dondozo, F|100/100 slp
|-damage|p1a: Dondozo|88/100 slp|[from] Stealth Rock
|move|p2a: Gayllermo|Scald|p1a: Dondozo
|-resisted|p1a: Dondozo
|-damage|p1a: Dondozo|84/100 slp
|
|-heal|p1a: Dondozo|90/100 slp|[from] item: Leftovers
|upkeep
|turn|241
|inactive|claudechamp has 25 seconds left this turn.
|inactive|claudechamp has 20 seconds left.
|
|t:|1779816620
|switch|p2a: Charlie Kirk|Amoonguss, M|100/100
|cant|p1a: Dondozo|slp
|
|-heal|p1a: Dondozo|96/100 slp|[from] item: Leftovers
|upkeep
|turn|242
|inactive|claudechamp has 20 seconds left this turn.
|
|t:|1779816625
|switch|p2a: Gayllermo|Alomomola, F, tera:Steel|100/100
|-curestatus|p1a: Dondozo|slp|[msg]
|move|p1a: Dondozo|Curse|p1a: Dondozo
|-unboost|p1a: Dondozo|spe|1
|-boost|p1a: Dondozo|atk|1
|-boost|p1a: Dondozo|def|1
|
|-heal|p1a: Dondozo|100/100|[from] item: Leftovers
|upkeep
|turn|243
|inactive|claudechamp has 25 seconds left this turn.
|
|t:|1779816627
|switch|p2a: Charlie Kirk|Amoonguss, M|100/100
|switch|p1a: Ting-Lu|Ting-Lu|86/100
|-damage|p1a: Ting-Lu|80/100|[from] Stealth Rock
|-ability|p1a: Ting-Lu|Vessel of Ruin
|
|-heal|p1a: Ting-Lu|86/100|[from] item: Leftovers
|upkeep
|turn|244
|inactive|claudechamp has 25 seconds left this turn.
|inactive|claudechamp has 20 seconds left.
|
|t:|1779816632
|switch|p2a: Gayllermo|Alomomola, F, tera:Steel|100/100
|move|p1a: Ting-Lu|Payback|p2a: Gayllermo
|-damage|p2a: Gayllermo|90/100
|-damage|p1a: Ting-Lu|70/100|[from] item: Rocky Helmet|[of] p2a: Gayllermo
|
|-heal|p1a: Ting-Lu|76/100|[from] item: Leftovers
|upkeep
|turn|245
|inactive|claudechamp has 25 seconds left this turn.
|inactive|claudechamp has 20 seconds left.
|
|t:|1779816639
|switch|p1a: Dondozo|Dondozo, F|100/100
|-damage|p1a: Dondozo|88/100|[from] Stealth Rock
|switch|p2a: Charlie Kirk|Amoonguss, M|100/100
|
|-heal|p1a: Dondozo|94/100|[from] item: Leftovers
|upkeep
|turn|246
|inactive|claudechamp has 20 seconds left this turn.
|
|t:|1779816645
|switch|p2a: Gayllermo|Alomomola, F, tera:Steel|100/100
|move|p1a: Dondozo|Curse|p1a: Dondozo
|-unboost|p1a: Dondozo|spe|1
|-boost|p1a: Dondozo|atk|1
|-boost|p1a: Dondozo|def|1
|
|-heal|p1a: Dondozo|100/100|[from] item: Leftovers
|upkeep
|turn|247
|inactive|claudechamp has 25 seconds left this turn.
|inactive|claudechamp has 20 seconds left.
|
|t:|1779816652
|switch|p2a: Charlie Kirk|Amoonguss, M|100/100
|switch|p1a: Ting-Lu|Ting-Lu|76/100
|-damage|p1a: Ting-Lu|70/100|[from] Stealth Rock
|-ability|p1a: Ting-Lu|Vessel of Ruin
|
|-heal|p1a: Ting-Lu|76/100|[from] item: Leftovers
|upkeep
|turn|248
|inactive|claudechamp has 20 seconds left this turn.
|inactive|claudechamp has 15 seconds left.
|
|t:|1779816660
|switch|p2a: Gayllermo|Alomomola, F, tera:Steel|100/100
|move|p1a: Ting-Lu|Payback|p2a: Gayllermo
|-damage|p2a: Gayllermo|90/100
|-damage|p1a: Ting-Lu|59/100|[from] item: Rocky Helmet|[of] p2a: Gayllermo
|
|-heal|p1a: Ting-Lu|65/100|[from] item: Leftovers
|upkeep
|turn|249
|inactive|claudechamp has 20 seconds left this turn.
|inactive|claudechamp has 15 seconds left.
|
|t:|1779816669
|switch|p1a: Dondozo|Dondozo, F|100/100
|-damage|p1a: Dondozo|88/100|[from] Stealth Rock
|move|p2a: Gayllermo|Scald|p1a: Dondozo
|-resisted|p1a: Dondozo
|-damage|p1a: Dondozo|84/100
|
|-heal|p1a: Dondozo|90/100|[from] item: Leftovers
|upkeep
|turn|250
|inactive|claudechamp has 15 seconds left this turn.
|inactive|Chechoide has 30 seconds left.
|
|t:|1779816676
|switch|p2a: Charlie Kirk|Amoonguss, M|100/100
|move|p1a: Dondozo|Rest|p1a: Dondozo
|-status|p1a: Dondozo|slp|[from] move: Rest
|-heal|p1a: Dondozo|100/100 slp|[silent]
|
|upkeep
|turn|251
|inactive|claudechamp has 20 seconds left this turn.
|inactive|claudechamp has 15 seconds left.
|
|t:|1779816682
|switch|p2a: Gayllermo|Alomomola, F, tera:Steel|100/100
|cant|p1a: Dondozo|slp
|
|upkeep
|turn|252
|inactive|claudechamp has 15 seconds left this turn.
|inactive|claudechamp has 10 seconds left.
|inactive|claudechamp has 5 seconds left.
|
|t:|1779816695
|switch|p2a: Charlie Kirk|Amoonguss, M|100/100
|switch|p1a: Ting-Lu|Ting-Lu|65/100
|-damage|p1a: Ting-Lu|59/100|[from] Stealth Rock
|-ability|p1a: Ting-Lu|Vessel of Ruin
|
|-heal|p1a: Ting-Lu|65/100|[from] item: Leftovers
|upkeep
|turn|253
|inactive|claudechamp has 10 seconds left this turn.
|c|☆Chechoide|gg
|inactive|claudechamp has 5 seconds left.
|
|t:|1779816701
|switch|p2a: Gayllermo|Alomomola, F, tera:Steel|100/100
|move|p1a: Ting-Lu|Payback|p2a: Gayllermo
|-damage|p2a: Gayllermo|88/100
|-damage|p1a: Ting-Lu|49/100|[from] item: Rocky Helmet|[of] p2a: Gayllermo
|
|-heal|p1a: Ting-Lu|55/100|[from] item: Leftovers
|upkeep
|turn|254
|inactive|claudechamp has 5 seconds left this turn.
|-message|claudechamp lost due to inactivity.
|
|win|Chechoide
|raw|claudechamp's rating: 1156 &rarr; <strong>1135</strong><br />(-21 for losing)
|raw|Chechoide's rating: 1215 &rarr; <strong>1236</strong><br />(+21 for winning)
|c|☆claudechamp|gg
|l|☆claudechamp
|player|p1|
