|j|☆blu-97_v
|j|☆gabboh
|t:|1779806248
|gametype|singles
|player|p1|blu-97_v|101|1493
|player|p2|gabboh|265|1511
|gen|9
|tier|[Gen 9] OU
|rated|
|rule|HP Percentage Mod: HP is shown in percentages
|rule|Endless Battle Clause: Forcing endless battles is banned
|rule|Species Clause: Limit one of each Pokémon
|rule|OHKO Clause: OHKO moves are banned
|rule|Evasion Items Clause: Evasion items are banned
|rule|Evasion Moves Clause: Evasion moves are banned
|rule|Evasion Abilities Clause: Evasion abilities are banned
|rule|Sleep Moves Clause: Sleep-inducing moves are banned
|clearpoke
|poke|p1|Raging Bolt|
|poke|p1|Moltres|
|poke|p1|Slowking-Galar, M|
|poke|p1|Great Tusk|
|poke|p1|Dragapult, M|
|poke|p1|Darkrai|
|poke|p2|Smeargle, M|
|poke|p2|Gholdengo|
|poke|p2|Samurott-Hisui, F|
|poke|p2|Zamazenta-*|
|poke|p2|Moltres-Galar|
|poke|p2|Deoxys-Speed|
|teampreview
|inactive|Battle timer is ON: inactive players will automatically lose when time's up. (requested by blu-97_v)
|inactive|blu-97_v has 120 seconds left.
|inactive|gabboh has 120 seconds left.
|
|t:|1779806307
|teamsize|p1|6
|teamsize|p2|6
|start
|switch|p1a: Raging Bolt|Raging Bolt|100/100
|switch|p2a: Samurott|Samurott-Hisui, F|100/100
|turn|1
|
|t:|1779806314
|move|p2a: Samurott|Ceaseless Edge|p1a: Raging Bolt
|-damage|p1a: Raging Bolt|58/100
|-sidestart|p1: blu-97_v|Spikes
|move|p1a: Raging Bolt|Volt Switch|p2a: Samurott
|-supereffective|p2a: Samurott
|-enditem|p2a: Samurott|Focus Sash
|-damage|p2a: Samurott|1/100
|
|t:|1779806320
|-end|p1a: Raging Bolt|Protosynthesis|[silent]
|switch|p1a: Great Tusk|Great Tusk|100/100|[from] Volt Switch
|-damage|p1a: Great Tusk|88/100|[from] Spikes
|
|-heal|p1a: Great Tusk|94/100|[from] item: Leftovers
|upkeep
|turn|2
|
|t:|1779806334
|move|p1a: Great Tusk|Stealth Rock|p2a: Samurott
|-sidestart|p2: gabboh|move: Stealth Rock
|move|p2a: Samurott|Razor Shell|p1a: Great Tusk
|-supereffective|p1a: Great Tusk
|-damage|p1a: Great Tusk|28/100
|-unboost|p1a: Great Tusk|def|1
|
|-heal|p1a: Great Tusk|34/100|[from] item: Leftovers
|upkeep
|turn|3
|
|t:|1779806356
|-terastallize|p1a: Great Tusk|Water
|move|p2a: Samurott|Aqua Jet|p1a: Great Tusk
|-resisted|p1a: Great Tusk
|-damage|p1a: Great Tusk|26/100
|move|p1a: Great Tusk|Rapid Spin|p2a: Samurott
|-damage|p2a: Samurott|0 fnt
|-boost|p1a: Great Tusk|spe|1
|-sideend|p1: blu-97_v|Spikes|[from] move: Rapid Spin|[of] p1a: Great Tusk
|faint|p2a: Samurott
|
|-heal|p1a: Great Tusk|32/100|[from] item: Leftovers
|upkeep
|
|t:|1779806369
|switch|p2a: Deoxys|Deoxys-Speed|100/100
|-damage|p2a: Deoxys|88/100|[from] Stealth Rock
|-ability|p2a: Deoxys|Pressure
|turn|4
|
|t:|1779806376
|-end|p1a: Great Tusk|Protosynthesis|[silent]
|switch|p1a: Slowking|Slowking-Galar, M|100/100
|move|p2a: Deoxys|Reflect|p2a: Deoxys
|-sidestart|p2: gabboh|Reflect
|
|upkeep
|turn|5
|
|t:|1779806388
|move|p2a: Deoxys|Taunt|p1a: Slowking
|-start|p1a: Slowking|move: Taunt
|cant|p1a: Slowking|move: Taunt|Thunder Wave
|
|upkeep
|turn|6
|
|t:|1779806410
|move|p2a: Deoxys|Light Screen|p2a: Deoxys
|-sidestart|p2: gabboh|move: Light Screen
|move|p1a: Slowking|Sludge Bomb|p2a: Deoxys
|-damage|p2a: Deoxys|67/100
|-status|p2a: Deoxys|psn
|
|-damage|p2a: Deoxys|54/100 psn|[from] psn
|upkeep
|turn|7
|inactive|gabboh has 120 seconds left.
|inactive|blu-97_v has 120 seconds left.
|
|t:|1779806454
|switch|p2a: Gholdengo|Gholdengo|100/100
|-damage|p2a: Gholdengo|94/100|[from] Stealth Rock
|move|p1a: Slowking|Sludge Bomb|p2a: Gholdengo
|-immune|p2a: Gholdengo
|
|-end|p1a: Slowking|move: Taunt
|upkeep
|turn|8
|
|t:|1779806464
|move|p2a: Gholdengo|Shadow Ball|p1a: Slowking
|-supereffective|p1a: Slowking
|-damage|p1a: Slowking|54/100
|-prepare|p1a: Slowking|Chilly Reception|[premajor]
|move|p1a: Slowking|Chilly Reception|p1a: Slowking
|-weather|Snowscape
|
|t:|1779806468
|switch|p1a: Darkrai|Darkrai|100/100|[from] Chilly Reception
|
|-weather|Snowscape|[upkeep]
|upkeep
|turn|9
|
|t:|1779806482
|switch|p2a: Moltres|Moltres-Galar|100/100
|-damage|p2a: Moltres|75/100|[from] Stealth Rock
|move|p1a: Darkrai|Trick|p2a: Moltres
|-activate|p1a: Darkrai|move: Trick|[of] p2a: Moltres
|-item|p2a: Moltres|Choice Scarf|[from] move: Trick
|-item|p1a: Darkrai|Sitrus Berry|[from] move: Trick
|
|-weather|Snowscape|[upkeep]
|upkeep
|turn|10
|
|t:|1779806492
|move|p2a: Moltres|Hurricane|p1a: Darkrai
|-damage|p1a: Darkrai|31/100
|-enditem|p1a: Darkrai|Sitrus Berry|[eat]
|-heal|p1a: Darkrai|56/100|[from] item: Sitrus Berry
|move|p1a: Darkrai|Ice Beam|p2a: Moltres
|-supereffective|p2a: Moltres
|-damage|p2a: Moltres|49/100
|-ability|p2a: Moltres|Berserk|boost
|-boost|p2a: Moltres|spa|1
|
|-weather|Snowscape|[upkeep]
|upkeep
|turn|11
|
|t:|1779806506
|switch|p1a: Slowking|Slowking-Galar, M|88/100
|move|p2a: Moltres|Hurricane|p1a: Slowking|[miss]
|-miss|p2a: Moltres|p1a: Slowking
|
|-weather|Snowscape|[upkeep]
|-sideend|p2: gabboh|Reflect
|upkeep
|turn|12
|
|t:|1779806513
|move|p2a: Moltres|Hurricane|p1a: Slowking
|-damage|p1a: Slowking|44/100
|-prepare|p1a: Slowking|Chilly Reception|[premajor]
|move|p1a: Slowking|Chilly Reception|p1a: Slowking
|
|t:|1779806519
|switch|p1a: Raging Bolt|Raging Bolt|58/100|[from] Chilly Reception
|
|-weather|none
|upkeep
|turn|13
|inactive|gabboh has 120 seconds left.
|
|t:|1779806524
|move|p2a: Moltres|Hurricane|p1a: Raging Bolt|[miss]
|-miss|p2a: Moltres|p1a: Raging Bolt
|move|p1a: Raging Bolt|Volt Switch|p2a: Moltres
|-supereffective|p2a: Moltres
|-damage|p2a: Moltres|0 fnt
|faint|p2a: Moltres
|
|t:|1779806546
|-end|p1a: Raging Bolt|Protosynthesis|[silent]
|switch|p1a: Slowking|Slowking-Galar, M|77/100|[from] Volt Switch
|
|-sideend|p2: gabboh|move: Light Screen
|upkeep
|
|t:|1779806551
|switch|p2a: Deoxys|Deoxys-Speed|54/100 psn
|-damage|p2a: Deoxys|42/100 psn|[from] Stealth Rock
|-ability|p2a: Deoxys|Pressure
|turn|14
|
|t:|1779806556
|move|p2a: Deoxys|Light Screen|p2a: Deoxys
|-sidestart|p2: gabboh|move: Light Screen
|move|p1a: Slowking|Future Sight|p2a: Deoxys
|-start|p1a: Slowking|move: Future Sight
|
|-damage|p2a: Deoxys|30/100 psn|[from] psn
|upkeep
|turn|15
|
|t:|1779806560
|move|p2a: Deoxys|Reflect|p2a: Deoxys
|-sidestart|p2: gabboh|Reflect
|-prepare|p1a: Slowking|Chilly Reception|[premajor]
|move|p1a: Slowking|Chilly Reception|p1a: Slowking
|-weather|Snowscape
|
|t:|1779806569
|switch|p1a: Great Tusk|Great Tusk, tera:Water|32/100|[from] Chilly Reception
|
|-weather|Snowscape|[upkeep]
|-heal|p1a: Great Tusk|38/100|[from] item: Leftovers
|-damage|p2a: Deoxys|18/100 psn|[from] psn
|upkeep
|turn|16
|
|t:|1779806582
|-end|p1a: Great Tusk|Protosynthesis|[silent]
|switch|p1a: Slowking|Slowking-Galar, M|100/100
|move|p2a: Deoxys|Psycho Boost|p1a: Slowking
|-damage|p1a: Slowking|74/100
|-unboost|p2a: Deoxys|spa|2
|
|-weather|Snowscape|[upkeep]
|-end|p2a: Deoxys|move: Future Sight
|-resisted|p2a: Deoxys
|-damage|p2a: Deoxys|5/100 psn
|-damage|p2a: Deoxys|0 fnt|[from] psn
|faint|p2a: Deoxys
|upkeep
|
|t:|1779806595
|switch|p2a: Gholdengo|Gholdengo|94/100
|-damage|p2a: Gholdengo|88/100|[from] Stealth Rock
|turn|17
|
|t:|1779806600
|move|p2a: Gholdengo|Trick|p1a: Slowking
|-activate|p2a: Gholdengo|move: Trick|[of] p1a: Slowking
|-item|p1a: Slowking|Choice Scarf|[from] move: Trick
|-item|p2a: Gholdengo|Heavy-Duty Boots|[from] move: Trick
|-prepare|p1a: Slowking|Chilly Reception|[premajor]
|move|p1a: Slowking|Chilly Reception|p1a: Slowking
|
|t:|1779806605
|switch|p1a: Darkrai|Darkrai|56/100|[from] Chilly Reception
|
|-weather|Snowscape|[upkeep]
|upkeep
|turn|18
|
|t:|1779806610
|move|p1a: Darkrai|Dark Pulse|p2a: Gholdengo
|-supereffective|p2a: Gholdengo
|-damage|p2a: Gholdengo|34/100
|move|p2a: Gholdengo|Make It Rain|p1a: Darkrai
|-damage|p1a: Darkrai|0 fnt
|-unboost|p2a: Gholdengo|spa|1
|faint|p1a: Darkrai
|
|-weather|Snowscape|[upkeep]
|upkeep
|
|t:|1779806618
|switch|p1a: Dragapult|Dragapult, M|100/100
|turn|19
|
|t:|1779806621
|move|p1a: Dragapult|Hex|p2a: Gholdengo
|-supereffective|p2a: Gholdengo
|-damage|p2a: Gholdengo|0 fnt
|faint|p2a: Gholdengo
|
|-weather|none
|upkeep
|
|t:|1779806626
|switch|p2a: Smeargle|Smeargle, M|100/100
|-damage|p2a: Smeargle|88/100|[from] Stealth Rock
|turn|20
|
|t:|1779806631
|move|p1a: Dragapult|Will-O-Wisp|p2a: Smeargle
|-status|p2a: Smeargle|brn
|move|p2a: Smeargle|Jaw Lock|p1a: Dragapult
|-supereffective|p1a: Dragapult
|-damage|p1a: Dragapult|83/100
|-activate|p2a: Smeargle|trapped
|
|-damage|p2a: Smeargle|82/100 brn|[from] brn
|upkeep
|turn|21
|
|t:|1779806641
|move|p1a: Dragapult|U-turn|p2a: Smeargle
|-damage|p2a: Smeargle|40/100 brn
|
|t:|1779806644
|switch|p1a: Moltres|Moltres|100/100|[from] U-turn
|move|p2a: Smeargle|No Retreat|p2a: Smeargle
|-boost|p2a: Smeargle|atk|1
|-boost|p2a: Smeargle|def|1
|-boost|p2a: Smeargle|spa|1
|-boost|p2a: Smeargle|spd|1
|-boost|p2a: Smeargle|spe|1
|-start|p2a: Smeargle|move: No Retreat
|
|-damage|p2a: Smeargle|34/100 brn|[from] brn
|-sideend|p2: gabboh|move: Light Screen
|upkeep
|turn|22
|-message|gabboh forfeited.
|
|win|blu-97_v
|raw|blu-97_v's rating: 1493 &rarr; <strong>1514</strong><br />(+21 for winning)
|raw|gabboh's rating: 1511 &rarr; <strong>1490</strong><br />(-21 for losing)
|l|☆gabboh
|player|p2|
|c|☆blu-97_v|stupid noob
|c|☆blu-97_v|get out noob
|c|☆blu-97_v|yes exactly
|c|☆blu-97_v|get out
|l|☆blu-97_v
|player|p1|
