|j|☆gulpingoodra
|j|☆vanoscity
|t:|1779928481
|gametype|singles
|player|p1|gulpingoodra|169|1135
|player|p2|vanoscity|unknown|1124
|gen|9
|tier|[Gen 9] OU
|rated|
|rule|HP Percentage Mod: HP is shown in percentages
|rule|Endless Battle Clause: Forcing endless battles is banned
|rule|Species Clause: Limit one of each Pokémon
|rule|OHKO Clause: OHKO moves are banned
|rule|Evasion Items Clause: Evasion items are banned
|rule|Evasion Moves Clause: Evasion moves are banned
|rule|Evasion Abilities Clause: Evasion abilities are banned
|rule|Sleep Moves Clause: Sleep-inducing moves are banned
|clearpoke
|poke|p1|Oranguru, M|
|poke|p1|Iron Crown|
|poke|p1|Landorus-Therian, M|
|poke|p1|Weezing-Galar, M|
|poke|p1|Chesnaught, F|
|poke|p1|Pawmot, F|
|poke|p2|Infernape, M|
|poke|p2|Gliscor, M|
|poke|p2|Serperior, F|
|poke|p2|Iron Valiant|
|poke|p2|Dragapult, M|
|poke|p2|Greninja-*, M|
|teampreview
|inactive|Battle timer is ON: inactive players will automatically lose when time's up. (requested by vanoscity)
|
|t:|1779928493
|teamsize|p1|6
|teamsize|p2|6
|start
|switch|p1a: Landorus|Landorus-Therian, M|100/100
|switch|p2a: Infernape|Infernape, M|100/100
|-ability|p1a: Landorus|Intimidate|boost
|-unboost|p2a: Infernape|atk|1
|turn|1
|
|t:|1779928497
|switch|p2a: Gliscor|Gliscor, M|100/100
|move|p1a: Landorus|Earthquake|p2a: Gliscor
|-immune|p2a: Gliscor
|
|-status|p2a: Gliscor|tox|[from] item: Toxic Orb
|upkeep
|turn|2
|
|t:|1779928501
|move|p2a: Gliscor|Toxic|p1a: Landorus
|-status|p1a: Landorus|tox
|move|p1a: Landorus|Stealth Rock|p2a: Gliscor
|-sidestart|p2: vanoscity|move: Stealth Rock
|
|-damage|p1a: Landorus|94/100 tox|[from] psn
|upkeep
|turn|3
|
|t:|1779928507
|move|p2a: Gliscor|Knock Off|p1a: Landorus
|-damage|p1a: Landorus|76/100 tox
|-enditem|p1a: Landorus|Life Orb|[from] move: Knock Off|[of] p2a: Gliscor
|move|p1a: Landorus|U-turn|p2a: Gliscor
|-resisted|p2a: Gliscor
|-damage|p2a: Gliscor|89/100 tox
|
|t:|1779928528
|switch|p1a: Weezing|Weezing-Galar, M|100/100|[from] U-turn
|-ability|p1a: Weezing|Neutralizing Gas
|
|-damage|p2a: Gliscor|77/100 tox|[from] psn
|upkeep
|turn|4
|
|t:|1779928534
|move|p2a: Gliscor|Earthquake|p1a: Weezing
|-supereffective|p1a: Weezing
|-damage|p1a: Weezing|46/100
|move|p1a: Weezing|Strange Steam|p2a: Gliscor
|-damage|p2a: Gliscor|45/100 tox
|
|-damage|p2a: Gliscor|26/100 tox|[from] psn
|upkeep
|turn|5
|
|t:|1779928540
|-end|p1a: Weezing|ability: Neutralizing Gas
|switch|p1a: Chesnaught|Chesnaught, F|100/100
|move|p2a: Gliscor|Earthquake|p1a: Chesnaught
|-resisted|p1a: Chesnaught
|-damage|p1a: Chesnaught|89/100
|
|-heal|p1a: Chesnaught|95/100|[from] item: Leftovers
|-heal|p2a: Gliscor|38/100 tox|[from] ability: Poison Heal
|upkeep
|turn|6
|
|t:|1779928545
|move|p2a: Gliscor|Dual Wingbeat|p1a: Chesnaught
|-supereffective|p1a: Chesnaught
|-damage|p1a: Chesnaught|57/100
|-supereffective|p1a: Chesnaught
|-damage|p1a: Chesnaught|17/100
|-hitcount|p1a: Chesnaught|2
|move|p1a: Chesnaught|Swords Dance|p1a: Chesnaught
|-boost|p1a: Chesnaught|atk|2
|
|-heal|p1a: Chesnaught|23/100|[from] item: Leftovers
|-heal|p2a: Gliscor|51/100 tox|[from] ability: Poison Heal
|upkeep
|turn|7
|
|t:|1779928554
|move|p2a: Gliscor|Dual Wingbeat|p1a: Chesnaught
|-supereffective|p1a: Chesnaught
|-damage|p1a: Chesnaught|0 fnt
|faint|p1a: Chesnaught
|-hitcount|p1: Chesnaught|1
|
|-heal|p2a: Gliscor|63/100 tox|[from] ability: Poison Heal
|upkeep
|
|t:|1779928558
|switch|p1a: Iron Crown|Iron Crown|100/100
|turn|8
|
|t:|1779928561
|move|p1a: Iron Crown|Tachyon Cutter|p2a: Gliscor
|-damage|p2a: Gliscor|14/100 tox
|-crit|p2a: Gliscor
|-damage|p2a: Gliscor|0 fnt
|faint|p2a: Gliscor
|-hitcount|p2: Gliscor|2
|
|upkeep
|
|t:|1779928566
|switch|p2a: Greninja|Greninja, M|100/100
|-damage|p2a: Greninja|88/100|[from] Stealth Rock
|turn|9
|
|t:|1779928586
|move|p2a: Greninja|Dark Pulse|p1a: Iron Crown
|-supereffective|p1a: Iron Crown
|-damage|p1a: Iron Crown|35/100
|cant|p1a: Iron Crown|flinch
|
|-heal|p2a: Greninja|94/100|[from] item: Leftovers
|upkeep
|turn|10
|
|t:|1779928594
|-end|p1a: Iron Crown|Quark Drive|[silent]
|switch|p1a: Weezing|Weezing-Galar, M|46/100
|-ability|p1a: Weezing|Neutralizing Gas
|move|p2a: Greninja|Dark Pulse|p1a: Weezing
|-resisted|p1a: Weezing
|-damage|p1a: Weezing|31/100
|
|-heal|p2a: Greninja|99/100|[from] item: Leftovers
|upkeep
|turn|11
|
|t:|1779928600
|move|p2a: Greninja|Water Shuriken|p1a: Weezing
|-damage|p1a: Weezing|24/100
|-damage|p1a: Weezing|19/100
|-damage|p1a: Weezing|12/100
|-hitcount|p1a: Weezing|3
|move|p1a: Weezing|Strange Steam|p2a: Greninja
|-supereffective|p2a: Greninja
|-damage|p2a: Greninja|22/100
|
|-heal|p2a: Greninja|28/100|[from] item: Leftovers
|upkeep
|turn|12
|
|t:|1779928612
|move|p2a: Greninja|Ice Beam|p1a: Weezing
|-damage|p1a: Weezing|0 fnt
|faint|p1a: Weezing
|-end|p1a: Weezing|ability: Neutralizing Gas
|-ability|p2a: Greninja|Battle Bond|boost
|-boost|p2a: Greninja|atk|1
|-boost|p2a: Greninja|spa|1
|-boost|p2a: Greninja|spe|1
|-activate|p2a: Greninja|ability: Battle Bond
|
|-heal|p2a: Greninja|33/100|[from] item: Leftovers
|upkeep
|
|t:|1779928621
|switch|p1a: Pawmot|Pawmot, F|100/100
|turn|13
|
|t:|1779928625
|move|p1a: Pawmot|Mach Punch|p2a: Greninja
|-supereffective|p2a: Greninja
|-damage|p2a: Greninja|0 fnt
|faint|p2a: Greninja
|
|upkeep
|
|t:|1779928630
|switch|p2a: Dragapult|Dragapult, M|100/100
|-damage|p2a: Dragapult|88/100|[from] Stealth Rock
|turn|14
|
|t:|1779928633
|move|p2a: Dragapult|Dragon Dance|p2a: Dragapult
|-boost|p2a: Dragapult|atk|1
|-boost|p2a: Dragapult|spe|1
|move|p1a: Pawmot|Ice Punch|p2a: Dragapult
|-supereffective|p2a: Dragapult
|-damage|p2a: Dragapult|11/100
|
|-heal|p2a: Dragapult|17/100|[from] item: Leftovers
|upkeep
|turn|15
|
|t:|1779928639
|move|p2a: Dragapult|Dragon Darts|p1a: Pawmot
|-damage|p1a: Pawmot|35/100
|-anim|p2a: Dragapult|Dragon Darts|p1a: Pawmot
|-crit|p1a: Pawmot
|-damage|p1a: Pawmot|0 fnt
|faint|p1a: Pawmot
|
|-heal|p2a: Dragapult|23/100|[from] item: Leftovers
|upkeep
|
|t:|1779928646
|switch|p1a: Landorus|Landorus-Therian, M|76/100 tox
|-ability|p1a: Landorus|Intimidate|boost
|-unboost|p2a: Dragapult|atk|1
|turn|16
|
|t:|1779928651
|move|p2a: Dragapult|Dragon Darts|p1a: Landorus
|-damage|p1a: Landorus|52/100 tox
|-anim|p2a: Dragapult|Dragon Darts|p1a: Landorus
|-damage|p1a: Landorus|27/100 tox
|move|p1a: Landorus|Earthquake|p2a: Dragapult
|-damage|p2a: Dragapult|0 fnt
|faint|p2a: Dragapult
|
|-damage|p1a: Landorus|21/100 tox|[from] psn
|upkeep
|
|t:|1779928656
|switch|p2a: Infernape|Infernape, M|100/100
|-damage|p2a: Infernape|88/100|[from] Stealth Rock
|turn|17
|
|t:|1779928660
|move|p2a: Infernape|Flare Blitz|p1a: Landorus
|-damage|p1a: Landorus|0 fnt
|faint|p1a: Landorus
|-damage|p2a: Infernape|79/100|[from] Recoil
|
|upkeep
|
|t:|1779928665
|switch|p1a: Oranguru|Oranguru, M|100/100
|turn|18
|
|t:|1779928669
|move|p2a: Infernape|Close Combat|p1a: Oranguru
|-damage|p1a: Oranguru|66/100
|-unboost|p2a: Infernape|def|1
|-unboost|p2a: Infernape|spd|1
|move|p1a: Oranguru|Nasty Plot|p1a: Oranguru
|-boost|p1a: Oranguru|spa|2
|
|-heal|p1a: Oranguru|72/100|[from] item: Leftovers
|upkeep
|turn|19
|
|t:|1779928673
|move|p2a: Infernape|Flare Blitz|p1a: Oranguru
|-damage|p1a: Oranguru|29/100
|-damage|p2a: Infernape|61/100|[from] Recoil
|move|p1a: Oranguru|Psychic Noise|p2a: Infernape
|-supereffective|p2a: Infernape
|-damage|p2a: Infernape|0 fnt
|faint|p2a: Infernape
|
|-heal|p1a: Oranguru|35/100|[from] item: Leftovers
|upkeep
|
|t:|1779928676
|switch|p2a: Iron Valiant|Iron Valiant|100/100
|-damage|p2a: Iron Valiant|94/100|[from] Stealth Rock
|-enditem|p2a: Iron Valiant|Booster Energy
|-activate|p2a: Iron Valiant|ability: Quark Drive|[fromitem]
|-start|p2a: Iron Valiant|quarkdrivespe
|turn|20
|
|t:|1779928680
|move|p2a: Iron Valiant|Shadow Claw|p1a: Oranguru
|-immune|p1a: Oranguru
|move|p1a: Oranguru|Psychic Noise|p2a: Iron Valiant
|-supereffective|p2a: Iron Valiant
|-damage|p2a: Iron Valiant|0 fnt
|faint|p2a: Iron Valiant
|-end|p2a: Iron Valiant|Quark Drive|[silent]
|
|-heal|p1a: Oranguru|41/100|[from] item: Leftovers
|upkeep
|
|t:|1779928684
|switch|p2a: Serperior|Serperior, F|100/100
|-damage|p2a: Serperior|88/100|[from] Stealth Rock
|turn|21
|c|☆gulpingoodra|lol
|
|t:|1779928692
|move|p2a: Serperior|Leaf Storm|p1a: Oranguru
|-damage|p1a: Oranguru|1/100
|-boost|p2a: Serperior|spa|2
|move|p1a: Oranguru|Hyper Voice|p2a: Serperior
|-damage|p2a: Serperior|19/100
|
|-heal|p1a: Oranguru|7/100|[from] item: Leftovers
|upkeep
|turn|22
|
|t:|1779928696
|move|p2a: Serperior|Leaf Storm|p1a: Oranguru|[miss]
|-miss|p2a: Serperior|p1a: Oranguru
|move|p1a: Oranguru|Hyper Voice|p2a: Serperior
|-crit|p2a: Serperior
|-damage|p2a: Serperior|0 fnt
|faint|p2a: Serperior
|
|win|gulpingoodra
|raw|gulpingoodra's rating: 1135 &rarr; <strong>1159</strong><br />(+24 for winning)
|raw|vanoscity's rating: 1124 &rarr; <strong>1100</strong><br />(-24 for losing)
|c|☆gulpingoodra|gg
|c|☆vanoscity|Gg
|l|☆gulpingoodra
|player|p1|
|l|☆vanoscity
|player|p2|
