|j|☆urafkinnoob
|j|☆raf8847
|t:|1779855464
|gametype|singles
|player|p1|urafkinnoob|1|1243
|player|p2|raf8847|2|1256
|gen|9
|tier|[Gen 9] OU
|rated|
|rule|HP Percentage Mod: HP is shown in percentages
|rule|Endless Battle Clause: Forcing endless battles is banned
|rule|Species Clause: Limit one of each Pokémon
|rule|OHKO Clause: OHKO moves are banned
|rule|Evasion Items Clause: Evasion items are banned
|rule|Evasion Moves Clause: Evasion moves are banned
|rule|Evasion Abilities Clause: Evasion abilities are banned
|rule|Sleep Moves Clause: Sleep-inducing moves are banned
|clearpoke
|poke|p1|Dragapult, M|
|poke|p1|Gliscor, F|
|poke|p1|Blissey, F|
|poke|p1|Kingdra, M|
|poke|p1|Dragonite, F|
|poke|p1|Great Tusk|
|poke|p2|Great Tusk|
|poke|p2|Clodsire, F|
|poke|p2|Dondozo, M|
|poke|p2|Dragapult, F|
|poke|p2|Raging Bolt|
|poke|p2|Hatterene, F|
|teampreview
|inactive|Battle timer is ON: inactive players will automatically lose when time's up. (requested by urafkinnoob)
|
|t:|1779855475
|teamsize|p1|6
|teamsize|p2|6
|start
|switch|p1a: Dragapult|Dragapult, M|100/100
|switch|p2a: Dragapult|Dragapult, F|100/100
|turn|1
|
|t:|1779855482
|-terastallize|p1a: Dragapult|Fairy
|move|p2a: Dragapult|U-turn|p1a: Dragapult
|-resisted|p1a: Dragapult
|-damage|p1a: Dragapult|79/100
|
|t:|1779855489
|switch|p2a: Clodsire|Clodsire, F|100/100|[from] U-turn
|move|p1a: Dragapult|Will-O-Wisp|p2a: Clodsire
|-status|p2a: Clodsire|brn
|
|-heal|p1a: Dragapult|85/100|[from] item: Leftovers
|-damage|p2a: Clodsire|94/100 brn|[from] brn
|upkeep
|turn|2
|
|t:|1779855506
|switch|p1a: Blissey|Blissey, F|100/100
|move|p2a: Clodsire|Spikes|p1a: Blissey
|-sidestart|p1: urafkinnoob|Spikes
|
|-heal|p2a: Clodsire|100/100 brn|[from] item: Leftovers
|-damage|p2a: Clodsire|94/100 brn|[from] brn
|upkeep
|turn|3
|
|t:|1779855517
|switch|p2a: Hatterene|Hatterene, F|100/100
|move|p1a: Blissey|Seismic Toss|p2a: Hatterene
|-damage|p2a: Hatterene|69/100
|
|-heal|p2a: Hatterene|75/100|[from] item: Leftovers
|upkeep
|turn|4
|
|t:|1779855532
|switch|p2a: Dondozo|Dondozo, M|100/100
|move|p1a: Blissey|Seismic Toss|p2a: Dondozo
|-damage|p2a: Dondozo|81/100
|-damage|p1a: Blissey|84/100|[from] item: Rocky Helmet|[of] p2a: Dondozo
|
|-heal|p1a: Blissey|90/100|[from] item: Leftovers
|upkeep
|turn|5
|
|t:|1779855544
|switch|p1a: Kingdra|Kingdra, M|100/100
|-damage|p1a: Kingdra|88/100|[from] Spikes
|move|p2a: Dondozo|Body Press|p1a: Kingdra
|-damage|p1a: Kingdra|55/100
|
|upkeep
|turn|6
|
|t:|1779855559
|switch|p2a: Clodsire|Clodsire, F|94/100 brn
|move|p1a: Kingdra|Focus Energy|p1a: Kingdra
|-start|p1a: Kingdra|move: Focus Energy
|
|-heal|p2a: Clodsire|100/100 brn|[from] item: Leftovers
|-damage|p2a: Clodsire|94/100 brn|[from] brn
|upkeep
|turn|7
|
|t:|1779855568
|move|p1a: Kingdra|Agility|p1a: Kingdra
|-boost|p1a: Kingdra|spe|2
|move|p2a: Clodsire|Toxic|p1a: Kingdra
|-status|p1a: Kingdra|tox
|
|-heal|p2a: Clodsire|100/100 brn|[from] item: Leftovers
|-damage|p1a: Kingdra|49/100 tox|[from] psn
|-damage|p2a: Clodsire|94/100 brn|[from] brn
|upkeep
|turn|8
|
|t:|1779855580
|move|p1a: Kingdra|Draco Meteor|p2a: Clodsire|[miss]
|-miss|p1a: Kingdra|p2a: Clodsire
|move|p2a: Clodsire|Recover|p2a: Clodsire
|-heal|p2a: Clodsire|100/100 brn
|
|-damage|p1a: Kingdra|37/100 tox|[from] psn
|-damage|p2a: Clodsire|94/100 brn|[from] brn
|upkeep
|turn|9
|
|t:|1779855585
|move|p1a: Kingdra|Draco Meteor|p2a: Clodsire
|-crit|p2a: Clodsire
|-damage|p2a: Clodsire|27/100 brn
|-unboost|p1a: Kingdra|spa|2
|move|p2a: Clodsire|Earthquake|p1a: Kingdra
|-damage|p1a: Kingdra|20/100 tox
|
|-heal|p2a: Clodsire|33/100 brn|[from] item: Leftovers
|-damage|p1a: Kingdra|2/100 tox|[from] psn
|-damage|p2a: Clodsire|27/100 brn|[from] brn
|upkeep
|turn|10
|
|t:|1779855597
|move|p1a: Kingdra|Draco Meteor|p2a: Clodsire|[miss]
|-miss|p1a: Kingdra|p2a: Clodsire
|move|p2a: Clodsire|Recover|p2a: Clodsire
|-heal|p2a: Clodsire|77/100 brn
|
|-heal|p2a: Clodsire|83/100 brn|[from] item: Leftovers
|-damage|p1a: Kingdra|0 fnt|[from] psn
|faint|p1a: Kingdra
|-damage|p2a: Clodsire|77/100 brn|[from] brn
|upkeep
|l|☆urafkinnoob
|inactive|urafkinnoob disconnected and has a minute to reconnect!
|player|p1|
|inactive|urafkinnoob has 30 seconds to reconnect!
|inactive|urafkinnoob has 20 seconds to reconnect!
|inactive|urafkinnoob has 15 seconds to reconnect!
|inactive|urafkinnoob has 10 seconds to reconnect!
|inactive|urafkinnoob has 5 seconds to reconnect!
|-message|urafkinnoob lost due to inactivity.
|
|win|raf8847
|raw|urafkinnoob's rating: 1221 &rarr; <strong>1199</strong><br />(-22 for losing)
|raw|raf8847's rating: 1256 &rarr; <strong>1278</strong><br />(+22 for winning)
|l|☆raf8847
|player|p2|
