|j|☆drqcometeors
|j|☆PieCubed^3
|t:|1779935037
|gametype|singles
|player|p1|drqcometeors|volkner|1412
|player|p2|PieCubed^3|hilda-wonderlauncher|1386
|gen|9
|tier|[Gen 9] OU
|rated|
|rule|HP Percentage Mod: HP is shown in percentages
|rule|Endless Battle Clause: Forcing endless battles is banned
|rule|Species Clause: Limit one of each Pokémon
|rule|OHKO Clause: OHKO moves are banned
|rule|Evasion Items Clause: Evasion items are banned
|rule|Evasion Moves Clause: Evasion moves are banned
|rule|Evasion Abilities Clause: Evasion abilities are banned
|rule|Sleep Moves Clause: Sleep-inducing moves are banned
|clearpoke
|poke|p1|Zapdos|
|poke|p1|Iron Treads|
|poke|p1|Samurott-Hisui, M|
|poke|p1|Ceruledge, F|
|poke|p1|Gholdengo|
|poke|p1|Kingambit, F|
|poke|p2|Ninetales, M|
|poke|p2|Raging Bolt|
|poke|p2|Ceruledge, M|
|poke|p2|Hatterene, F|
|poke|p2|Leafeon, M|
|poke|p2|Great Tusk|
|teampreview
|
|t:|1779935070
|teamsize|p1|6
|teamsize|p2|6
|start
|switch|p1a: Zapdos|Zapdos, shiny|100/100
|switch|p2a: Ninetales|Ninetales, M|100/100
|-weather|SunnyDay|[from] ability: Drought|[of] p2a: Ninetales
|turn|1
|inactive|Battle timer is ON: inactive players will automatically lose when time's up. (requested by PieCubed^3)
|
|t:|1779935093
|switch|p2a: Raging Bolt|Raging Bolt|100/100
|-activate|p2a: Raging Bolt|ability: Protosynthesis
|-start|p2a: Raging Bolt|protosynthesisspa
|move|p1a: Zapdos|Volt Switch|p2a: Raging Bolt
|-resisted|p2a: Raging Bolt
|-damage|p2a: Raging Bolt|93/100
|
|t:|1779935098
|switch|p1a: Iron Treads|Iron Treads, shiny|100/100|[from] Volt Switch
|
|-weather|SunnyDay|[upkeep]
|upkeep
|turn|2
|
|t:|1779935101
|-end|p2a: Raging Bolt|Protosynthesis|[silent]
|switch|p2a: Leafeon|Leafeon, M|100/100
|move|p1a: Iron Treads|Earthquake|p2a: Leafeon
|-resisted|p2a: Leafeon
|-damage|p2a: Leafeon|76/100
|
|-weather|SunnyDay|[upkeep]
|upkeep
|turn|3
|
|t:|1779935109
|-end|p1a: Iron Treads|Quark Drive|[silent]
|switch|p1a: Zapdos|Zapdos, shiny|100/100
|move|p2a: Leafeon|Swords Dance|p2a: Leafeon
|-boost|p2a: Leafeon|atk|2
|
|-weather|SunnyDay|[upkeep]
|upkeep
|turn|4
|
|t:|1779935116
|-terastallize|p2a: Leafeon|Dark
|move|p2a: Leafeon|Knock Off|p1a: Zapdos
|-damage|p1a: Zapdos|3/100
|-enditem|p1a: Zapdos|Heavy-Duty Boots|[from] move: Knock Off|[of] p2a: Leafeon
|-damage|p2a: Leafeon|66/100|[from] item: Life Orb
|move|p1a: Zapdos|Hurricane|p2a: Leafeon|[miss]
|-miss|p1a: Zapdos|p2a: Leafeon
|
|-weather|SunnyDay|[upkeep]
|upkeep
|turn|5
|
|t:|1779935125
|move|p2a: Leafeon|Synthesis|p2a: Leafeon
|-heal|p2a: Leafeon|100/100
|move|p1a: Zapdos|Hurricane|p2a: Leafeon|[miss]
|-miss|p1a: Zapdos|p2a: Leafeon
|
|-weather|SunnyDay|[upkeep]
|upkeep
|turn|6
|
|t:|1779935129
|move|p2a: Leafeon|Solar Blade||[still]
|-prepare|p2a: Leafeon|Solar Blade
|-anim|p2a: Leafeon|Solar Blade|p1a: Zapdos
|-resisted|p1a: Zapdos
|-damage|p1a: Zapdos|0 fnt
|-status|p2a: Leafeon|par|[from] ability: Static|[of] p1a: Zapdos
|faint|p1a: Zapdos
|-damage|p2a: Leafeon|91/100 par|[from] item: Life Orb
|
|-weather|SunnyDay|[upkeep]
|upkeep
|
|t:|1779935145
|switch|p1a: Kingambit|Kingambit, F, shiny|100/100
|-activate|p1a: Kingambit|ability: Supreme Overlord
|-start|p1a: Kingambit|fallen1|[silent]
|turn|7
|
|t:|1779935166
|move|p2a: Leafeon|Solar Blade||[still]
|-prepare|p2a: Leafeon|Solar Blade
|-anim|p2a: Leafeon|Solar Blade|p1a: Kingambit
|-resisted|p1a: Kingambit
|-damage|p1a: Kingambit|44/100
|-damage|p2a: Leafeon|81/100 par|[from] item: Life Orb
|move|p1a: Kingambit|Low Kick|p2a: Leafeon
|-supereffective|p2a: Leafeon
|-damage|p2a: Leafeon|28/100 par
|
|-weather|SunnyDay|[upkeep]
|-heal|p1a: Kingambit|50/100|[from] item: Leftovers
|upkeep
|turn|8
|
|t:|1779935187
|-end|p1a: Kingambit|fallen1|[silent]
|switch|p1a: Ceruledge|Ceruledge, F, shiny|100/100
|move|p2a: Leafeon|Solar Blade||[still]
|-prepare|p2a: Leafeon|Solar Blade
|-anim|p2a: Leafeon|Solar Blade|p1a: Ceruledge
|-resisted|p1a: Ceruledge
|-damage|p1a: Ceruledge|8/100
|-ability|p1a: Ceruledge|Weak Armor|boost
|-unboost|p1a: Ceruledge|def|1
|-boost|p1a: Ceruledge|spe|2
|-damage|p2a: Leafeon|18/100 par|[from] item: Life Orb
|
|-weather|none
|upkeep
|turn|9
|
|t:|1779935198
|move|p1a: Ceruledge|Bitter Blade|p2a: Leafeon
|-damage|p2a: Leafeon|0 fnt
|-heal|p1a: Ceruledge|15/100|[from] drain|[of] p2a: Leafeon
|faint|p2a: Leafeon
|
|upkeep
|
|t:|1779935204
|switch|p2a: Great Tusk|Great Tusk|100/100
|turn|10
|
|t:|1779935216
|move|p1a: Ceruledge|Poltergeist|p2a: Great Tusk
|-activate|p2a: Great Tusk|move: Poltergeist|Heavy-Duty Boots
|-damage|p2a: Great Tusk|59/100
|move|p2a: Great Tusk|Temper Flare|p1a: Ceruledge
|-resisted|p1a: Ceruledge
|-damage|p1a: Ceruledge|0 fnt
|faint|p1a: Ceruledge
|
|upkeep
|
|t:|1779935227
|switch|p1a: Samurott|Samurott-Hisui, M, shiny|100/100
|turn|11
|
|t:|1779935256
|-end|p2a: Great Tusk|Protosynthesis|[silent]
|switch|p2a: Ninetales|Ninetales, M|100/100
|-weather|SunnyDay|[from] ability: Drought|[of] p2a: Ninetales
|move|p1a: Samurott|Ceaseless Edge|p2a: Ninetales
|-damage|p2a: Ninetales|44/100
|-sidestart|p2: PieCubed^3|Spikes
|
|-weather|SunnyDay|[upkeep]
|upkeep
|turn|12
|
|t:|1779935262
|switch|p2a: Hatterene|Hatterene, F|100/100
|-damage|p2a: Hatterene|88/100|[from] Spikes
|move|p1a: Samurott|Ceaseless Edge|p2a: Hatterene
|-damage|p2a: Hatterene|52/100
|-sidestart|p2: PieCubed^3|Spikes
|-enditem|p2a: Hatterene|Eject Button
|inactive|PieCubed^3 has 120 seconds left.
|inactive|PieCubed^3 has 90 seconds left.
|
|t:|1779935324
|switch|p2a: Raging Bolt|Raging Bolt|93/100
|-damage|p2a: Raging Bolt|76/100|[from] Spikes
|-activate|p2a: Raging Bolt|ability: Protosynthesis
|-start|p2a: Raging Bolt|protosynthesisspa
|
|-weather|SunnyDay|[upkeep]
|upkeep
|turn|13
|
|t:|1779935352
|move|p2a: Raging Bolt|Weather Ball|p1a: Samurott
|-resisted|p1a: Samurott
|-damage|p1a: Samurott|61/100
|move|p1a: Samurott|Ceaseless Edge|p2a: Raging Bolt
|-damage|p2a: Raging Bolt|39/100
|-sidestart|p2: PieCubed^3|Spikes
|
|-weather|SunnyDay|[upkeep]
|upkeep
|turn|14
|inactive|PieCubed^3 has 90 seconds left.
|
|t:|1779935364
|-end|p2a: Raging Bolt|Protosynthesis|[silent]
|switch|p2a: Hatterene|Hatterene, F|52/100
|-damage|p2a: Hatterene|28/100|[from] Spikes
|move|p1a: Samurott|Sucker Punch||[still]
|-fail|p1a: Samurott
|
|-weather|SunnyDay|[upkeep]
|upkeep
|turn|15
|
|t:|1779935372
|move|p1a: Samurott|Ceaseless Edge|p2a: Hatterene
|-damage|p2a: Hatterene|0 fnt
|faint|p2a: Hatterene
|
|-weather|SunnyDay|[upkeep]
|upkeep
|
|t:|1779935376
|switch|p2a: Great Tusk|Great Tusk|59/100
|-activate|p2a: Great Tusk|ability: Protosynthesis
|-start|p2a: Great Tusk|protosynthesisspe
|turn|16
|
|t:|1779935394
|switch|p1a: Gholdengo|Gholdengo, shiny|100/100
|-item|p1a: Gholdengo|Air Balloon
|move|p2a: Great Tusk|Bulk Up|p2a: Great Tusk
|-boost|p2a: Great Tusk|atk|1
|-boost|p2a: Great Tusk|def|1
|
|-weather|SunnyDay|[upkeep]
|upkeep
|turn|17
|inactive|drqcometeors has 120 seconds left.
|
|t:|1779935425
|move|p2a: Great Tusk|Temper Flare|p1a: Gholdengo
|-supereffective|p1a: Gholdengo
|-damage|p1a: Gholdengo|36/100
|-enditem|p1a: Gholdengo|Air Balloon
|move|p1a: Gholdengo|Make It Rain|p2a: Great Tusk
|-damage|p2a: Great Tusk|0 fnt
|-unboost|p1a: Gholdengo|spa|1
|faint|p2a: Great Tusk
|-end|p2a: Great Tusk|Protosynthesis|[silent]
|
|-weather|SunnyDay|[upkeep]
|upkeep
|inactive|PieCubed^3 has 120 seconds left.
|
|t:|1779935436
|switch|p2a: Ceruledge|Ceruledge, M|100/100
|-damage|p2a: Ceruledge|76/100|[from] Spikes
|turn|18
|inactive|PieCubed^3 has 120 seconds left.
|
|t:|1779935441
|move|p2a: Ceruledge|Bitter Blade|p1a: Gholdengo
|-supereffective|p1a: Gholdengo
|-crit|p1a: Gholdengo
|-damage|p1a: Gholdengo|0 fnt
|-heal|p2a: Ceruledge|99/100|[from] drain|[of] p1a: Gholdengo
|faint|p1a: Gholdengo
|-damage|p2a: Ceruledge|89/100|[from] item: Life Orb
|
|-weather|none
|upkeep
|
|t:|1779935446
|switch|p1a: Samurott|Samurott-Hisui, M, shiny|61/100
|turn|19
|
|t:|1779935450
|switch|p2a: Ninetales|Ninetales, M|44/100
|-damage|p2a: Ninetales|19/100|[from] Spikes
|-weather|SunnyDay|[from] ability: Drought|[of] p2a: Ninetales
|move|p1a: Samurott|Ceaseless Edge|p2a: Ninetales
|-damage|p2a: Ninetales|0 fnt
|faint|p2a: Ninetales
|
|-weather|SunnyDay|[upkeep]
|upkeep
|
|t:|1779935452
|switch|p2a: Raging Bolt|Raging Bolt|39/100
|-damage|p2a: Raging Bolt|14/100|[from] Spikes
|-activate|p2a: Raging Bolt|ability: Protosynthesis
|-start|p2a: Raging Bolt|protosynthesisspa
|turn|20
|
|t:|1779935472
|move|p2a: Raging Bolt|Thunderclap|p1a: Samurott
|-supereffective|p1a: Samurott
|-damage|p1a: Samurott|0 fnt
|faint|p1a: Samurott
|
|-weather|SunnyDay|[upkeep]
|upkeep
|
|t:|1779935479
|switch|p1a: Iron Treads|Iron Treads, shiny|100/100
|turn|21
|
|t:|1779935482
|move|p2a: Raging Bolt|Thunderclap|p1a: Iron Treads
|-immune|p1a: Iron Treads
|move|p1a: Iron Treads|Rapid Spin|p2a: Raging Bolt
|-damage|p2a: Raging Bolt|0 fnt
|-boost|p1a: Iron Treads|spe|1
|faint|p2a: Raging Bolt
|-end|p2a: Raging Bolt|Protosynthesis|[silent]
|
|-weather|SunnyDay|[upkeep]
|upkeep
|
|t:|1779935485
|switch|p2a: Ceruledge|Ceruledge, M|89/100
|-damage|p2a: Ceruledge|64/100|[from] Spikes
|turn|22
|
|t:|1779935490
|move|p1a: Iron Treads|Earthquake|p2a: Ceruledge
|-supereffective|p2a: Ceruledge
|-damage|p2a: Ceruledge|0 fnt
|faint|p2a: Ceruledge
|
|win|drqcometeors
|raw|drqcometeors's rating: 1412 &rarr; <strong>1431</strong><br />(+19 for winning)
|raw|PieCubed^3's rating: 1386 &rarr; <strong>1367</strong><br />(-19 for losing)
|l|☆PieCubed^3
|player|p2|
|l|☆drqcometeors
|player|p1|
