|j|☆ItsMe_Shyam_14
|j|☆BOBOIBOYKUASA100
|t:|1779885393
|gametype|singles
|player|p1|ItsMe_Shyam_14|dawn|1117
|player|p2|BOBOIBOYKUASA100|lenora|1087
|gen|9
|tier|[Gen 9] OU
|rated|
|rule|HP Percentage Mod: HP is shown in percentages
|rule|Endless Battle Clause: Forcing endless battles is banned
|rule|Species Clause: Limit one of each Pokémon
|rule|OHKO Clause: OHKO moves are banned
|rule|Evasion Items Clause: Evasion items are banned
|rule|Evasion Moves Clause: Evasion moves are banned
|rule|Evasion Abilities Clause: Evasion abilities are banned
|rule|Sleep Moves Clause: Sleep-inducing moves are banned
|clearpoke
|poke|p1|Inteleon, M|
|poke|p1|Charizard, F|
|poke|p1|Volcanion|
|poke|p1|Venusaur, F|
|poke|p1|Muk, F|
|poke|p1|Rillaboom, F|
|poke|p2|Dragonite, F|
|poke|p2|Zamazenta-*|
|poke|p2|Gholdengo|
|poke|p2|Great Tusk|
|poke|p2|Kingambit, M|
|poke|p2|Kyurem|
|teampreview
|inactive|Battle timer is ON: inactive players will automatically lose when time's up. (requested by ItsMe_Shyam_14)
|
|t:|1779885399
|teamsize|p1|6
|teamsize|p2|6
|start
|switch|p1a: Zard|Charizard, F|100/100
|switch|p2a: Great Tusk|Great Tusk|100/100
|turn|1
|
|t:|1779885408
|move|p1a: Zard|Air Slash|p2a: Great Tusk
|-supereffective|p2a: Great Tusk
|-damage|p2a: Great Tusk|12/100
|move|p2a: Great Tusk|Stealth Rock|p1a: Zard
|-sidestart|p1: ItsMe_Shyam_14|move: Stealth Rock
|
|upkeep
|turn|2
|
|t:|1779885419
|-end|p2a: Great Tusk|Protosynthesis|[silent]
|switch|p2a: Kyurem|Kyurem|100/100
|-ability|p2a: Kyurem|Pressure
|move|p1a: Zard|Scorching Sands|p2a: Kyurem
|-damage|p2a: Kyurem|79/100
|
|upkeep
|turn|3
|
|t:|1779885429
|move|p1a: Zard|Flamethrower|p2a: Kyurem
|-damage|p2a: Kyurem|41/100
|-status|p2a: Kyurem|brn
|move|p2a: Kyurem|Draco Meteor|p1a: Zard
|-damage|p1a: Zard|0 fnt
|-unboost|p2a: Kyurem|spa|2
|faint|p1a: Zard
|
|-damage|p2a: Kyurem|35/100 brn|[from] brn
|upkeep
|
|t:|1779885445
|switch|p1a: Lump|Volcanion|100/100
|-damage|p1a: Lump|76/100|[from] Stealth Rock
|turn|4
|
|t:|1779885464
|switch|p2a: Zamazenta|Zamazenta|100/100
|-ability|p2a: Zamazenta|Dauntless Shield|boost
|-boost|p2a: Zamazenta|def|1
|move|p1a: Lump|Flame Charge|p2a: Zamazenta
|-damage|p2a: Zamazenta|90/100
|-boost|p1a: Lump|spe|1
|
|upkeep
|turn|5
|
|t:|1779885476
|move|p2a: Zamazenta|Stone Edge|p1a: Lump
|-supereffective|p1a: Lump
|-damage|p1a: Lump|16/100
|move|p1a: Lump|Steam Eruption|p2a: Zamazenta|[miss]
|-miss|p1a: Lump|p2a: Zamazenta
|
|upkeep
|turn|6
|
|t:|1779885484
|move|p2a: Zamazenta|Crunch|p1a: Lump
|-damage|p1a: Lump|0 fnt
|faint|p1a: Lump
|
|upkeep
|
|t:|1779885493
|switch|p1a: Blob|Muk, F|100/100
|-damage|p1a: Blob|88/100|[from] Stealth Rock
|turn|7
|
|t:|1779885501
|move|p2a: Zamazenta|Heavy Slam|p1a: Blob
|-damage|p1a: Blob|48/100
|move|p1a: Blob|Zen Headbutt|p2a: Zamazenta
|-supereffective|p2a: Zamazenta
|-damage|p2a: Zamazenta|66/100
|
|-heal|p1a: Blob|54/100|[from] item: Leftovers
|upkeep
|turn|8
|
|t:|1779885511
|move|p2a: Zamazenta|Stone Edge|p1a: Blob
|-damage|p1a: Blob|22/100
|move|p1a: Blob|Haze|p1a: Blob
|-clearallboost
|
|-heal|p1a: Blob|28/100|[from] item: Leftovers
|upkeep
|turn|9
|
|t:|1779885518
|move|p2a: Zamazenta|Heavy Slam|p1a: Blob
|-damage|p1a: Blob|0 fnt
|faint|p1a: Blob
|
|upkeep
|
|t:|1779885522
|switch|p1a: Seed|Venusaur, F|100/100
|-damage|p1a: Seed|88/100|[from] Stealth Rock
|turn|10
|
|t:|1779885530
|move|p2a: Zamazenta|Heavy Slam|p1a: Seed
|-damage|p1a: Seed|71/100
|move|p1a: Seed|Sludge Bomb|p2a: Zamazenta
|-damage|p2a: Zamazenta|40/100
|-status|p2a: Zamazenta|psn
|
|-heal|p1a: Seed|77/100|[from] item: Leftovers
|-damage|p2a: Zamazenta|28/100 psn|[from] psn
|upkeep
|turn|11
|
|t:|1779885539
|move|p2a: Zamazenta|Heavy Slam|p1a: Seed
|-damage|p1a: Seed|60/100
|move|p1a: Seed|Giga Drain|p2a: Zamazenta
|-damage|p2a: Zamazenta|3/100 psn
|-heal|p1a: Seed|71/100|[from] drain|[of] p2a: Zamazenta
|
|-heal|p1a: Seed|77/100|[from] item: Leftovers
|-damage|p2a: Zamazenta|0 fnt|[from] psn
|faint|p2a: Zamazenta
|upkeep
|
|t:|1779885549
|switch|p2a: Dragonite|Dragonite, F|100/100
|turn|12
|
|t:|1779885555
|move|p2a: Dragonite|Dragon Dance|p2a: Dragonite
|-boost|p2a: Dragonite|atk|1
|-boost|p2a: Dragonite|spe|1
|move|p1a: Seed|Sludge Bomb|p2a: Dragonite
|-damage|p2a: Dragonite|84/100
|-status|p2a: Dragonite|psn
|
|-heal|p1a: Seed|83/100|[from] item: Leftovers
|-damage|p2a: Dragonite|71/100 psn|[from] psn
|upkeep
|turn|13
|
|t:|1779885565
|move|p2a: Dragonite|Dragon Dance|p2a: Dragonite
|-boost|p2a: Dragonite|atk|1
|-boost|p2a: Dragonite|spe|1
|move|p1a: Seed|Knock Off|p2a: Dragonite
|-damage|p2a: Dragonite|52/100 psn
|-enditem|p2a: Dragonite|Heavy-Duty Boots|[from] move: Knock Off|[of] p1a: Seed
|
|-heal|p1a: Seed|89/100|[from] item: Leftovers
|-damage|p2a: Dragonite|40/100 psn|[from] psn
|upkeep
|turn|14
|
|t:|1779885575
|move|p2a: Dragonite|Ice Spinner|p1a: Seed
|-supereffective|p1a: Seed
|-damage|p1a: Seed|0 fnt
|faint|p1a: Seed
|
|-damage|p2a: Dragonite|27/100 psn|[from] psn
|upkeep
|
|t:|1779885580
|switch|p1a: Kong|Rillaboom, F|100/100
|-damage|p1a: Kong|88/100|[from] Stealth Rock
|-fieldstart|move: Grassy Terrain|[from] ability: Grassy Surge|[of] p1a: Kong
|turn|15
|
|t:|1779885586
|move|p1a: Kong|Grassy Glide|p2a: Dragonite
|-resisted|p2a: Dragonite
|-damage|p2a: Dragonite|15/100 psn
|-damage|p1a: Kong|78/100|[from] item: Life Orb
|move|p2a: Dragonite|Ice Spinner|p1a: Kong
|-supereffective|p1a: Kong
|-damage|p1a: Kong|0 fnt
|-fieldend|move: Grassy Terrain
|faint|p1a: Kong
|
|-damage|p2a: Dragonite|3/100 psn|[from] psn
|upkeep
|
|t:|1779885594
|switch|p1a: Bond|Inteleon, M|100/100
|-damage|p1a: Bond|88/100|[from] Stealth Rock
|turn|16
|-message|ItsMe_Shyam_14 forfeited.
|
|win|BOBOIBOYKUASA100
|raw|ItsMe_Shyam_14's rating: 1117 &rarr; <strong>1090</strong><br />(-27 for losing)
|raw|BOBOIBOYKUASA100's rating: 1087 &rarr; <strong>1116</strong><br />(+29 for winning)
|l|☆ItsMe_Shyam_14
|player|p1|
|l|☆BOBOIBOYKUASA100
|player|p2|
