|j|☆EddyduBourgPalette
|j|☆averagealt99
|t:|1779941479
|gametype|singles
|player|p1|EddyduBourgPalette|169|1344
|player|p2|averagealt99|acetrainerf-gen4dp|1329
|gen|9
|tier|[Gen 9] OU
|rated|
|rule|HP Percentage Mod: HP is shown in percentages
|rule|Endless Battle Clause: Forcing endless battles is banned
|rule|Species Clause: Limit one of each Pokémon
|rule|OHKO Clause: OHKO moves are banned
|rule|Evasion Items Clause: Evasion items are banned
|rule|Evasion Moves Clause: Evasion moves are banned
|rule|Evasion Abilities Clause: Evasion abilities are banned
|rule|Sleep Moves Clause: Sleep-inducing moves are banned
|clearpoke
|poke|p1|Hippowdon, M|
|poke|p1|Gastrodon, F|
|poke|p1|Corviknight, F|
|poke|p1|Gholdengo|
|poke|p1|Iron Valiant|
|poke|p1|Ting-Lu|
|poke|p2|Hydrapple, M|
|poke|p2|Cinderace, F|
|poke|p2|Iron Crown|
|poke|p2|Primarina, F|
|poke|p2|Gliscor, M|
|poke|p2|Okidogi, M|
|teampreview
|inactive|Battle timer is ON: inactive players will automatically lose when time's up. (requested by EddyduBourgPalette)
|
|t:|1779941487
|teamsize|p1|6
|teamsize|p2|6
|start
|switch|p1a: Hippowdon|Hippowdon, M, shiny|100/100
|switch|p2a: Cinderace|Cinderace, F|100/100
|-weather|Sandstorm|[from] ability: Sand Stream|[of] p1a: Hippowdon
|turn|1
|
|t:|1779941493
|move|p2a: Cinderace|Will-O-Wisp|p1a: Hippowdon|[miss]
|-miss|p2a: Cinderace|p1a: Hippowdon
|move|p1a: Hippowdon|Earthquake|p2a: Cinderace
|-supereffective|p2a: Cinderace
|-damage|p2a: Cinderace|1/100
|
|-weather|Sandstorm|[upkeep]
|-damage|p2a: Cinderace|0 fnt|[from] Sandstorm
|faint|p2a: Cinderace
|upkeep
|
|t:|1779941500
|switch|p2a: Hydrapple|Hydrapple, M|100/100
|turn|2
|
|t:|1779941506
|switch|p1a: Corviknight|Corviknight, F, shiny|100/100
|-ability|p1a: Corviknight|Pressure
|move|p2a: Hydrapple|Giga Drain|p1a: Corviknight
|-resisted|p1a: Corviknight
|-damage|p1a: Corviknight|91/100
|
|-weather|Sandstorm|[upkeep]
|-damage|p2a: Hydrapple|94/100|[from] Sandstorm
|upkeep
|turn|3
|
|t:|1779941515
|move|p1a: Corviknight|Taunt|p2a: Hydrapple
|-start|p2a: Hydrapple|move: Taunt
|move|p2a: Hydrapple|Fickle Beam|p1a: Corviknight
|-resisted|p1a: Corviknight
|-damage|p1a: Corviknight|69/100
|
|-weather|Sandstorm|[upkeep]
|-damage|p2a: Hydrapple|88/100|[from] Sandstorm
|upkeep
|turn|4
|
|t:|1779941527
|switch|p2a: Gliscor|Gliscor, M|100/100
|move|p1a: Corviknight|U-turn|p2a: Gliscor
|-resisted|p2a: Gliscor
|-damage|p2a: Gliscor|95/100
|
|t:|1779941533
|switch|p1a: Hippowdon|Hippowdon, M, shiny|100/100|[from] U-turn
|
|-weather|Sandstorm|[upkeep]
|-status|p2a: Gliscor|tox|[from] item: Toxic Orb
|upkeep
|turn|5
|
|t:|1779941539
|move|p2a: Gliscor|Swords Dance|p2a: Gliscor
|-boost|p2a: Gliscor|atk|2
|move|p1a: Hippowdon|Stealth Rock|p2a: Gliscor
|-sidestart|p2: averagealt99|move: Stealth Rock
|
|-weather|none
|-heal|p2a: Gliscor|100/100 tox|[from] ability: Poison Heal
|upkeep
|turn|6
|
|t:|1779941546
|move|p2a: Gliscor|Swords Dance|p2a: Gliscor
|-boost|p2a: Gliscor|atk|2
|move|p1a: Hippowdon|Whirlwind|p2a: Gliscor
|drag|p2a: Okidogi|Okidogi, M|100/100
|-damage|p2a: Okidogi|94/100|[from] Stealth Rock
|
|-heal|p2a: Okidogi|100/100|[from] item: Leftovers
|upkeep
|turn|7
|
|t:|1779941561
|move|p2a: Okidogi|Poison Fang|p1a: Hippowdon
|-resisted|p1a: Hippowdon
|-damage|p1a: Hippowdon|94/100
|-status|p1a: Hippowdon|tox
|move|p1a: Hippowdon|Whirlwind|p2a: Okidogi
|drag|p2a: Primarina|Primarina, F|100/100
|
|-heal|p1a: Hippowdon|99/100 tox|[from] item: Leftovers
|-damage|p1a: Hippowdon|94/100 tox|[from] psn
|upkeep
|turn|8
|
|t:|1779941582
|switch|p1a: Gastrodon|Gastrodon, F, shiny|100/100
|move|p2a: Primarina|Flip Turn|p1a: Gastrodon
|-ability|p1a: Gastrodon|Storm Drain|boost
|-boost|p1a: Gastrodon|spa|1
|
|upkeep
|turn|9
|
|t:|1779941590
|switch|p2a: Hydrapple|Hydrapple, M|100/100
|move|p1a: Gastrodon|Ice Beam|p2a: Hydrapple
|-supereffective|p2a: Hydrapple
|-damage|p2a: Hydrapple|5/100
|
|upkeep
|turn|10
|inactive|EddyduBourgPalette has 120 seconds left.
|
|t:|1779941614
|switch|p2a: Primarina|Primarina, F|100/100
|switch|p1a: Corviknight|Corviknight, F, shiny|69/100
|-ability|p1a: Corviknight|Pressure
|
|upkeep
|turn|11
|
|t:|1779941622
|move|p1a: Corviknight|Roost|p1a: Corviknight
|-heal|p1a: Corviknight|100/100
|-singleturn|p1a: Corviknight|move: Roost
|move|p2a: Primarina|Calm Mind|p2a: Primarina
|-boost|p2a: Primarina|spa|1
|-boost|p2a: Primarina|spd|1
|
|upkeep
|turn|12
|
|t:|1779941631
|move|p1a: Corviknight|Taunt|p2a: Primarina
|-start|p2a: Primarina|move: Taunt
|move|p2a: Primarina|Psychic Noise|p1a: Corviknight
|-damage|p1a: Corviknight|39/100
|-start|p1a: Corviknight|move: Heal Block
|
|upkeep
|turn|13
|
|t:|1779941641
|move|p1a: Corviknight|U-turn|p2a: Primarina
|-resisted|p2a: Primarina
|-damage|p2a: Primarina|92/100
|
|t:|1779941647
|switch|p1a: Ting-Lu|Ting-Lu, shiny|100/100|[from] U-turn
|-ability|p1a: Ting-Lu|Vessel of Ruin
|move|p2a: Primarina|Moonblast|p1a: Ting-Lu
|-supereffective|p1a: Ting-Lu
|-damage|p1a: Ting-Lu|35/100
|
|-heal|p1a: Ting-Lu|41/100|[from] item: Leftovers
|upkeep
|turn|14
|
|t:|1779941659
|-terastallize|p1a: Ting-Lu|Poison
|move|p2a: Primarina|Moonblast|p1a: Ting-Lu
|-resisted|p1a: Ting-Lu
|-damage|p1a: Ting-Lu|23/100
|-unboost|p1a: Ting-Lu|spa|1
|move|p1a: Ting-Lu|Whirlwind|p2a: Primarina
|drag|p2a: Hydrapple|Hydrapple, M|38/100
|
|-heal|p1a: Ting-Lu|30/100|[from] item: Leftovers
|upkeep
|turn|15
|
|t:|1779941670
|move|p1a: Ting-Lu|Spikes|p2a: Hydrapple
|-sidestart|p2: averagealt99|Spikes
|move|p2a: Hydrapple|Earth Power|p1a: Ting-Lu
|-supereffective|p1a: Ting-Lu
|-damage|p1a: Ting-Lu|5/100
|
|-heal|p1a: Ting-Lu|11/100|[from] item: Leftovers
|upkeep
|turn|16
|
|t:|1779941678
|switch|p2a: Primarina|Primarina, F|92/100
|move|p1a: Ting-Lu|Spikes|p2a: Primarina
|-sidestart|p2: averagealt99|Spikes
|
|-heal|p1a: Ting-Lu|17/100|[from] item: Leftovers
|upkeep
|turn|17
|
|t:|1779941686
|move|p2a: Primarina|Psychic Noise|p1a: Ting-Lu
|-damage|p1a: Ting-Lu|0 fnt
|faint|p1a: Ting-Lu
|
|upkeep
|
|t:|1779941698
|switch|p1a: Gastrodon|Gastrodon, F, shiny|100/100
|turn|18
|
|t:|1779941703
|move|p2a: Primarina|Calm Mind|p2a: Primarina
|-boost|p2a: Primarina|spa|1
|-boost|p2a: Primarina|spd|1
|move|p1a: Gastrodon|Earth Power|p2a: Primarina
|-damage|p2a: Primarina|76/100
|
|upkeep
|turn|19
|
|t:|1779941710
|move|p2a: Primarina|Moonblast|p1a: Gastrodon
|-damage|p1a: Gastrodon|49/100
|move|p1a: Gastrodon|Ice Beam|p2a: Primarina
|-resisted|p2a: Primarina
|-damage|p2a: Primarina|71/100
|
|-heal|p1a: Gastrodon|55/100|[from] item: Leftovers
|upkeep
|turn|20
|
|t:|1779941718
|move|p2a: Primarina|Moonblast|p1a: Gastrodon
|-damage|p1a: Gastrodon|8/100
|move|p1a: Gastrodon|Ice Beam|p2a: Primarina
|-resisted|p2a: Primarina
|-damage|p2a: Primarina|66/100
|
|-heal|p1a: Gastrodon|14/100|[from] item: Leftovers
|upkeep
|turn|21
|
|t:|1779941727
|move|p2a: Primarina|Moonblast|p1a: Gastrodon
|-damage|p1a: Gastrodon|0 fnt
|faint|p1a: Gastrodon
|
|upkeep
|
|t:|1779941735
|switch|p1a: Gholdengo|Gholdengo, shiny|100/100
|-item|p1a: Gholdengo|Air Balloon
|turn|22
|
|t:|1779941742
|move|p1a: Gholdengo|Shadow Ball|p2a: Primarina
|-damage|p2a: Primarina|45/100
|move|p2a: Primarina|Psychic Noise|p1a: Gholdengo
|-damage|p1a: Gholdengo|41/100
|-start|p1a: Gholdengo|move: Heal Block
|-enditem|p1a: Gholdengo|Air Balloon
|
|upkeep
|turn|23
|
|t:|1779941751
|move|p1a: Gholdengo|Make It Rain|p2a: Primarina
|-damage|p2a: Primarina|13/100
|-unboost|p1a: Gholdengo|spa|1
|move|p2a: Primarina|Psychic Noise|p1a: Gholdengo
|-damage|p1a: Gholdengo|0 fnt
|faint|p1a: Gholdengo
|
|upkeep
|
|t:|1779941765
|switch|p1a: Iron Valiant|Iron Valiant, shiny|100/100
|-enditem|p1a: Iron Valiant|Booster Energy
|-activate|p1a: Iron Valiant|ability: Quark Drive|[fromitem]
|-start|p1a: Iron Valiant|quarkdrivespe
|turn|24
|
|t:|1779941772
|move|p1a: Iron Valiant|Moonblast|p2a: Primarina
|-damage|p2a: Primarina|0 fnt
|faint|p2a: Primarina
|
|upkeep
|
|t:|1779941780
|switch|p2a: Iron Crown|Iron Crown|100/100
|-damage|p2a: Iron Crown|94/100|[from] Stealth Rock
|-damage|p2a: Iron Crown|78/100|[from] Spikes
|turn|25
|
|t:|1779941786
|-end|p1a: Iron Valiant|Quark Drive|[silent]
|switch|p1a: Corviknight|Corviknight, F, shiny|39/100
|-ability|p1a: Corviknight|Pressure
|move|p2a: Iron Crown|Tachyon Cutter|p1a: Corviknight
|-resisted|p1a: Corviknight
|-damage|p1a: Corviknight|26/100
|-resisted|p1a: Corviknight
|-damage|p1a: Corviknight|14/100
|-hitcount|p1a: Corviknight|2
|
|-heal|p2a: Iron Crown|84/100|[from] item: Leftovers
|upkeep
|turn|26
|
|t:|1779941797
|move|p2a: Iron Crown|Psychic Noise|p1a: Corviknight
|-resisted|p1a: Corviknight
|-crit|p1a: Corviknight
|-damage|p1a: Corviknight|0 fnt
|faint|p1a: Corviknight
|
|-heal|p2a: Iron Crown|90/100|[from] item: Leftovers
|upkeep
|
|t:|1779941804
|switch|p1a: Hippowdon|Hippowdon, M, shiny|94/100 tox
|-weather|Sandstorm|[from] ability: Sand Stream|[of] p1a: Hippowdon
|turn|27
|
|t:|1779941809
|-end|p2a: Iron Crown|Quark Drive|[silent]
|switch|p2a: Hydrapple|Hydrapple, M|72/100
|move|p1a: Hippowdon|Earthquake|p2a: Hydrapple
|-resisted|p2a: Hydrapple
|-damage|p2a: Hydrapple|56/100
|
|-weather|Sandstorm|[upkeep]
|-damage|p2a: Hydrapple|50/100|[from] Sandstorm
|-heal|p1a: Hippowdon|99/100 tox|[from] item: Leftovers
|-damage|p1a: Hippowdon|94/100 tox|[from] psn
|upkeep
|turn|28
|
|t:|1779941820
|move|p2a: Hydrapple|Giga Drain|p1a: Hippowdon
|-supereffective|p1a: Hippowdon
|-damage|p1a: Hippowdon|19/100 tox
|-heal|p2a: Hydrapple|88/100|[from] drain|[of] p1a: Hippowdon
|move|p1a: Hippowdon|Whirlwind|p2a: Hydrapple
|drag|p2a: Gliscor|Gliscor, M|100/100 tox
|-damage|p2a: Gliscor|88/100 tox|[from] Stealth Rock
|
|-weather|Sandstorm|[upkeep]
|-heal|p1a: Hippowdon|25/100 tox|[from] item: Leftovers
|-heal|p2a: Gliscor|100/100 tox|[from] ability: Poison Heal
|-damage|p1a: Hippowdon|13/100 tox|[from] psn
|upkeep
|turn|29
|
|t:|1779941832
|move|p2a: Gliscor|Earthquake|p1a: Hippowdon
|-damage|p1a: Hippowdon|0 fnt
|faint|p1a: Hippowdon
|
|-weather|Sandstorm|[upkeep]
|upkeep
|
|t:|1779941837
|switch|p1a: Iron Valiant|Iron Valiant, shiny|100/100
|turn|30
|
|t:|1779941840
|move|p1a: Iron Valiant|Swords Dance|p1a: Iron Valiant
|-boost|p1a: Iron Valiant|atk|2
|move|p2a: Gliscor|Swords Dance|p2a: Gliscor
|-boost|p2a: Gliscor|atk|2
|
|-weather|Sandstorm|[upkeep]
|-damage|p1a: Iron Valiant|94/100|[from] Sandstorm
|upkeep
|turn|31
|
|t:|1779941848
|move|p1a: Iron Valiant|Moonblast|p2a: Gliscor
|-damage|p2a: Gliscor|61/100 tox
|move|p2a: Gliscor|Earthquake|p1a: Iron Valiant
|-damage|p1a: Iron Valiant|0 fnt
|faint|p1a: Iron Valiant
|-end|p1a: Iron Valiant|Quark Drive|[silent]
|
|win|averagealt99
|raw|EddyduBourgPalette's rating: 1344 &rarr; <strong>1323</strong><br />(-21 for losing)
|raw|averagealt99's rating: 1329 &rarr; <strong>1350</strong><br />(+21 for winning)
|l|☆EddyduBourgPalette
|player|p1|
|l|☆averagealt99
|player|p2|
