|j|☆uniandes5
|j|☆mrzed03
|t:|1779959990
|gametype|singles
|player|p1|uniandes5|2|1554
|player|p2|mrzed03|170|1541
|gen|9
|tier|[Gen 9] OU
|rated|
|rule|HP Percentage Mod: HP is shown in percentages
|rule|Endless Battle Clause: Forcing endless battles is banned
|rule|Species Clause: Limit one of each Pokémon
|rule|OHKO Clause: OHKO moves are banned
|rule|Evasion Items Clause: Evasion items are banned
|rule|Evasion Moves Clause: Evasion moves are banned
|rule|Evasion Abilities Clause: Evasion abilities are banned
|rule|Sleep Moves Clause: Sleep-inducing moves are banned
|clearpoke
|poke|p1|Grimmsnarl, M|
|poke|p1|Latias, F|
|poke|p1|Tinkaton, F|
|poke|p1|Volcanion|
|poke|p1|Mew|
|poke|p1|Dragapult, M|
|poke|p2|Weezing-Galar, F|
|poke|p2|Alomomola, M|
|poke|p2|Iron Treads|
|poke|p2|Tornadus-Therian, M|
|poke|p2|Zamazenta-*|
|poke|p2|Lokix, F|
|teampreview
|inactive|Battle timer is ON: inactive players will automatically lose when time's up. (requested by mrzed03)
|j| lord shiddenfards
|inactive|uniandes5 has 120 seconds left.
|
|t:|1779960031
|teamsize|p1|6
|teamsize|p2|6
|start
|switch|p1a: Dragapult|Dragapult, M|100/100
|switch|p2a: Weezing|Weezing-Galar, F|100/100
|-ability|p2a: Weezing|Neutralizing Gas
|turn|1
|
|t:|1779960041
|move|p1a: Dragapult|Thunder Wave|p2a: Weezing|[miss]
|-miss|p1a: Dragapult|p2a: Weezing
|move|p2a: Weezing|Toxic|p1a: Dragapult
|-status|p1a: Dragapult|tox
|
|-damage|p1a: Dragapult|95/100 tox|[from] psn
|upkeep
|turn|2
|
|t:|1779960048
|switch|p1a: Volcanion|Volcanion|100/100
|move|p2a: Weezing|Protect||[still]
|-fail|p2a: Weezing
|
|upkeep
|turn|3
|
|t:|1779960053
|move|p1a: Volcanion|Steam Eruption|p2a: Weezing
|-damage|p2a: Weezing|26/100
|move|p2a: Weezing|Toxic|p1a: Volcanion
|-status|p1a: Volcanion|tox
|
|-heal|p2a: Weezing|32/100|[from] item: Leftovers
|-damage|p1a: Volcanion|95/100 tox|[from] psn
|upkeep
|turn|4
|
|t:|1779960061
|move|p2a: Weezing|Protect|p2a: Weezing
|-singleturn|p2a: Weezing|Protect
|move|p1a: Volcanion|Steam Eruption|p2a: Weezing
|-activate|p2a: Weezing|move: Protect
|
|-heal|p2a: Weezing|38/100|[from] item: Leftovers
|-damage|p1a: Volcanion|83/100 tox|[from] psn
|upkeep
|turn|5
|
|t:|1779960069
|-end|p2a: Weezing|ability: Neutralizing Gas
|switch|p2a: Alomomola|Alomomola, M|100/100
|move|p1a: Volcanion|Earth Power|p2a: Alomomola
|-damage|p2a: Alomomola|71/100
|
|-damage|p1a: Volcanion|65/100 tox|[from] psn
|upkeep
|turn|6
|
|t:|1779960081
|switch|p1a: Grimmsnarl|Grimmsnarl, M|100/100
|move|p2a: Alomomola|Wish|p2a: Alomomola
|
|upkeep
|turn|7
|
|t:|1779960087
|move|p1a: Grimmsnarl|Thunder Wave|p2a: Alomomola
|-status|p2a: Alomomola|par
|cant|p2a: Alomomola|par
|
|-heal|p2a: Alomomola|100/100 par|[from] move: Wish|[wisher] Alomomola
|upkeep
|turn|8
|l| lord shiddenfards
|
|t:|1779960094
|move|p1a: Grimmsnarl|Taunt|p2a: Alomomola
|-start|p2a: Alomomola|move: Taunt
|cant|p2a: Alomomola|move: Taunt|Wish
|
|upkeep
|turn|9
|
|t:|1779960098
|move|p1a: Grimmsnarl|Reflect|p1a: Grimmsnarl
|-sidestart|p1: uniandes5|Reflect
|move|p2a: Alomomola|Flip Turn|p1a: Grimmsnarl
|-damage|p1a: Grimmsnarl|93/100
|
|t:|1779960103
|switch|p2a: Weezing|Weezing-Galar, F|38/100|[from] Flip Turn
|-ability|p2a: Weezing|Neutralizing Gas
|
|-heal|p2a: Weezing|44/100|[from] item: Leftovers
|upkeep
|turn|10
|
|t:|1779960122
|-end|p2a: Weezing|ability: Neutralizing Gas
|switch|p2a: Iron Treads|Iron Treads|100/100
|move|p1a: Grimmsnarl|Thunder Wave|p2a: Iron Treads
|-immune|p2a: Iron Treads
|
|upkeep
|turn|11
|
|t:|1779960132
|switch|p1a: Mew|Mew|100/100
|move|p2a: Iron Treads|Stealth Rock|p1a: Mew
|-sidestart|p1: uniandes5|move: Stealth Rock
|
|upkeep
|turn|12
|
|t:|1779960141
|-end|p2a: Iron Treads|Quark Drive|[silent]
|switch|p2a: Weezing|Weezing-Galar, F|44/100
|-ability|p2a: Weezing|Neutralizing Gas
|move|p1a: Mew|Dragon Dance|p1a: Mew
|-boost|p1a: Mew|atk|1
|-boost|p1a: Mew|spe|1
|
|-heal|p2a: Weezing|50/100|[from] item: Leftovers
|upkeep
|turn|13
|
|t:|1779960149
|move|p1a: Mew|Dragon Dance|p1a: Mew
|-boost|p1a: Mew|atk|1
|-boost|p1a: Mew|spe|1
|move|p2a: Weezing|Will-O-Wisp|p1a: Mew
|-status|p1a: Mew|brn
|
|-heal|p2a: Weezing|56/100|[from] item: Leftovers
|-damage|p1a: Mew|94/100 brn|[from] brn
|upkeep
|turn|14
|
|t:|1779960160
|move|p2a: Weezing|Protect|p2a: Weezing
|-singleturn|p2a: Weezing|Protect
|move|p1a: Mew|Dragon Dance|p1a: Mew
|-boost|p1a: Mew|atk|1
|-boost|p1a: Mew|spe|1
|
|-heal|p2a: Weezing|62/100|[from] item: Leftovers
|-damage|p1a: Mew|88/100 brn|[from] brn
|upkeep
|turn|15
|
|t:|1779960170
|-end|p2a: Weezing|ability: Neutralizing Gas
|switch|p2a: Alomomola|Alomomola, M|100/100 par
|move|p1a: Mew|Stored Power|p2a: Alomomola
|-damage|p2a: Alomomola|54/100 par
|
|-damage|p1a: Mew|82/100 brn|[from] brn
|upkeep
|turn|16
|
|t:|1779960180
|move|p1a: Mew|Dragon Dance|p1a: Mew
|-boost|p1a: Mew|atk|1
|-boost|p1a: Mew|spe|1
|move|p2a: Alomomola|Tickle|p1a: Mew
|-unboost|p1a: Mew|atk|1
|-unboost|p1a: Mew|def|1
|
|-damage|p1a: Mew|76/100 brn|[from] brn
|-sideend|p1: uniandes5|Reflect
|upkeep
|turn|17
|
|t:|1779960190
|switch|p2a: Lokix|Lokix, F|100/100
|move|p1a: Mew|Stored Power|p2a: Lokix
|-immune|p2a: Lokix
|
|-damage|p1a: Mew|70/100 brn|[from] brn
|upkeep
|turn|18
|
|t:|1779960198
|move|p2a: Lokix|First Impression|p1a: Mew
|-supereffective|p1a: Mew
|-damage|p1a: Mew|0 fnt
|faint|p1a: Mew
|
|upkeep
|
|t:|1779960216
|switch|p1a: Dragapult|Dragapult, M|95/100 tox
|turn|19
|
|t:|1779960220
|switch|p2a: Iron Treads|Iron Treads|100/100
|move|p1a: Dragapult|Thunder Wave|p2a: Iron Treads
|-immune|p2a: Iron Treads
|
|-damage|p1a: Dragapult|89/100 tox|[from] psn
|upkeep
|turn|20
|
|t:|1779960229
|move|p2a: Iron Treads|Earthquake|p1a: Dragapult
|-damage|p1a: Dragapult|32/100 tox
|move|p1a: Dragapult|Hydro Pump|p2a: Iron Treads
|-supereffective|p2a: Iron Treads
|-damage|p2a: Iron Treads|25/100
|
|-heal|p2a: Iron Treads|31/100|[from] item: Leftovers
|-damage|p1a: Dragapult|20/100 tox|[from] psn
|upkeep
|turn|21
|
|t:|1779960240
|move|p2a: Iron Treads|Earthquake|p1a: Dragapult
|-damage|p1a: Dragapult|0 fnt
|faint|p1a: Dragapult
|
|-heal|p2a: Iron Treads|37/100|[from] item: Leftovers
|upkeep
|
|t:|1779960246
|switch|p1a: Tinkaton|Tinkaton, F|100/100
|-damage|p1a: Tinkaton|94/100|[from] Stealth Rock
|-ability|p1a: Tinkaton|Mold Breaker
|turn|22
|
|t:|1779960254
|move|p2a: Iron Treads|Earthquake|p1a: Tinkaton
|-supereffective|p1a: Tinkaton
|-damage|p1a: Tinkaton|18/100
|-enditem|p1a: Tinkaton|Red Card|[of] p2a: Iron Treads
|-end|p2a: Iron Treads|Quark Drive|[silent]
|drag|p2a: Tornadus|Tornadus-Therian, M|100/100
|move|p1a: Tinkaton|Thunder Wave|p2a: Tornadus
|-status|p2a: Tornadus|par
|
|upkeep
|turn|23
|
|t:|1779960263
|move|p1a: Tinkaton|Knock Off|p2a: Tornadus
|-damage|p2a: Tornadus|76/100 par
|-enditem|p2a: Tornadus|Assault Vest|[from] move: Knock Off|[of] p1a: Tinkaton
|cant|p2a: Tornadus|par
|
|upkeep
|turn|24
|
|t:|1779960268
|move|p1a: Tinkaton|Ice Hammer|p2a: Tornadus
|-supereffective|p2a: Tornadus
|-damage|p2a: Tornadus|19/100 par
|-unboost|p1a: Tinkaton|spe|1
|move|p2a: Tornadus|Heat Wave|p1a: Tinkaton
|-supereffective|p1a: Tinkaton
|-damage|p1a: Tinkaton|0 fnt
|faint|p1a: Tinkaton
|
|upkeep
|
|t:|1779960275
|switch|p1a: Grimmsnarl|Grimmsnarl, M|93/100
|-damage|p1a: Grimmsnarl|80/100|[from] Stealth Rock
|turn|25
|
|t:|1779960280
|switch|p2a: Iron Treads|Iron Treads|37/100
|move|p1a: Grimmsnarl|Reflect|p1a: Grimmsnarl
|-sidestart|p1: uniandes5|Reflect
|
|-heal|p2a: Iron Treads|43/100|[from] item: Leftovers
|upkeep
|turn|26
|
|t:|1779960288
|move|p1a: Grimmsnarl|Light Screen|p1a: Grimmsnarl
|-sidestart|p1: uniandes5|move: Light Screen
|move|p2a: Iron Treads|Earthquake|p1a: Grimmsnarl
|-crit|p1a: Grimmsnarl
|-damage|p1a: Grimmsnarl|17/100
|
|-heal|p2a: Iron Treads|49/100|[from] item: Leftovers
|upkeep
|turn|27
|
|t:|1779960295
|-end|p2a: Iron Treads|Quark Drive|[silent]
|switch|p2a: Weezing|Weezing-Galar, F|62/100
|-ability|p2a: Weezing|Neutralizing Gas
|switch|p1a: Latias|Latias, F|100/100
|-damage|p1a: Latias|88/100|[from] Stealth Rock
|
|-heal|p2a: Weezing|68/100|[from] item: Leftovers
|upkeep
|turn|28
|
|t:|1779960306
|-terastallize|p2a: Weezing|Grass
|move|p1a: Latias|Calm Mind|p1a: Latias
|-boost|p1a: Latias|spa|1
|-boost|p1a: Latias|spd|1
|move|p2a: Weezing|Toxic|p1a: Latias
|-status|p1a: Latias|tox
|-enditem|p1a: Latias|Lum Berry|[eat]
|-curestatus|p1a: Latias|tox|[msg]
|
|-heal|p2a: Weezing|74/100|[from] item: Leftovers
|upkeep
|turn|29
|
|t:|1779960316
|-terastallize|p1a: Latias|Poison
|move|p1a: Latias|Calm Mind|p1a: Latias
|-boost|p1a: Latias|spa|1
|-boost|p1a: Latias|spd|1
|move|p2a: Weezing|Toxic|p1a: Latias
|-immune|p1a: Latias
|
|-heal|p2a: Weezing|80/100|[from] item: Leftovers
|upkeep
|turn|30
|
|t:|1779960329
|move|p1a: Latias|Calm Mind|p1a: Latias
|-boost|p1a: Latias|spa|1
|-boost|p1a: Latias|spd|1
|move|p2a: Weezing|Defog|p1a: Latias
|-unboost|p1a: Latias|evasion|1
|-sideend|p1: uniandes5|Reflect
|-sideend|p1: uniandes5|move: Light Screen
|-sideend|p1: uniandes5|Stealth Rock|[from] move: Defog|[of] p2a: Weezing
|
|-heal|p2a: Weezing|86/100|[from] item: Leftovers
|upkeep
|turn|31
|
|t:|1779960337
|move|p1a: Latias|Stored Power|p2a: Weezing
|-damage|p2a: Weezing|0 fnt
|faint|p2a: Weezing
|-end|p2a: Weezing|ability: Neutralizing Gas
|
|upkeep
|
|t:|1779960352
|switch|p2a: Zamazenta|Zamazenta|100/100
|-ability|p2a: Zamazenta|Dauntless Shield|boost
|-boost|p2a: Zamazenta|def|1
|turn|32
|
|t:|1779960362
|move|p2a: Zamazenta|Heavy Slam|p1a: Latias
|-damage|p1a: Latias|43/100
|move|p1a: Latias|Stored Power|p2a: Zamazenta
|-supereffective|p2a: Zamazenta
|-damage|p2a: Zamazenta|0 fnt
|faint|p2a: Zamazenta
|
|upkeep
|
|t:|1779960369
|switch|p2a: Lokix|Lokix, F|100/100
|turn|33
|
|t:|1779960374
|move|p2a: Lokix|First Impression|p1a: Latias
|-resisted|p1a: Latias
|-damage|p1a: Latias|0 fnt
|faint|p1a: Latias
|
|upkeep
|-message|uniandes5 forfeited.
|
|win|mrzed03
|raw|uniandes5's rating: 1554 &rarr; <strong>1533</strong><br />(-21 for losing)
|raw|mrzed03's rating: 1541 &rarr; <strong>1562</strong><br />(+21 for winning)
|l|☆uniandes5
|player|p1|
|l|☆mrzed03
|player|p2|
