|j|☆claudechamp
|j|☆RogueNinja1738
|t:|1779809494
|gametype|singles
|player|p1|claudechamp|265|1194
|player|p2|RogueNinja1738|101|1187
|gen|9
|tier|[Gen 9] OU
|rated|
|rule|HP Percentage Mod: HP is shown in percentages
|rule|Endless Battle Clause: Forcing endless battles is banned
|rule|Species Clause: Limit one of each Pokémon
|rule|OHKO Clause: OHKO moves are banned
|rule|Evasion Items Clause: Evasion items are banned
|rule|Evasion Moves Clause: Evasion moves are banned
|rule|Evasion Abilities Clause: Evasion abilities are banned
|rule|Sleep Moves Clause: Sleep-inducing moves are banned
|clearpoke
|poke|p1|Gliscor, M|
|poke|p1|Gholdengo|
|poke|p1|Zamazenta-*|
|poke|p1|Blissey, F|
|poke|p1|Skarmory, F|
|poke|p1|Pecharunt|
|poke|p2|Zoroark-Hisui, F|
|poke|p2|Kingambit, F|
|poke|p2|Gholdengo|
|poke|p2|Rotom-Wash|
|poke|p2|Metagross|
|poke|p2|Ditto|
|teampreview
|c|☆claudechamp|hf
|inactive|Battle timer is ON: inactive players will automatically lose when time's up. (requested by claudechamp)
|
|t:|1779809509
|teamsize|p1|6
|teamsize|p2|6
|start
|switch|p1a: Skarmory|Skarmory, F|100/100
|switch|p2a: Metagross|Metagross|100/100
|turn|1
|
|t:|1779809518
|move|p1a: Skarmory|Spikes|p2a: Metagross
|-sidestart|p2: RogueNinja1738|Spikes
|move|p2a: Metagross|Thunder Punch|p1a: Skarmory
|-supereffective|p1a: Skarmory
|-damage|p1a: Skarmory|61/100
|
|upkeep
|turn|2
|
|t:|1779809526
|move|p1a: Skarmory|Roost|p1a: Skarmory
|-heal|p1a: Skarmory|100/100
|-singleturn|p1a: Skarmory|move: Roost
|move|p2a: Metagross|Thunder Punch|p1a: Skarmory
|-damage|p1a: Skarmory|81/100
|
|upkeep
|turn|3
|
|t:|1779809535
|switch|p1a: Gliscor|Gliscor, M|100/100
|move|p2a: Metagross|Thunder Punch|p1a: Gliscor
|-immune|p1a: Gliscor
|
|-status|p1a: Gliscor|tox|[from] item: Toxic Orb
|upkeep
|turn|4
|
|t:|1779809548
|move|p1a: Gliscor|Earthquake|p2a: Metagross
|-supereffective|p2a: Metagross
|-damage|p2a: Metagross|52/100
|-enditem|p2a: Metagross|Weakness Policy
|-boost|p2a: Metagross|atk|2|[from] item: Weakness Policy
|-boost|p2a: Metagross|spa|2|[from] item: Weakness Policy
|move|p2a: Metagross|Psychic Fangs|p1a: Gliscor
|-damage|p1a: Gliscor|18/100 tox
|
|-heal|p1a: Gliscor|31/100 tox|[from] ability: Poison Heal
|upkeep
|turn|5
|
|t:|1779809574
|move|p1a: Gliscor|Earthquake|p2a: Metagross
|-supereffective|p2a: Metagross
|-damage|p2a: Metagross|0 fnt
|faint|p2a: Metagross
|
|-heal|p1a: Gliscor|43/100 tox|[from] ability: Poison Heal
|upkeep
|
|t:|1779809584
|switch|p2a: Rotom|Rotom-Wash|100/100
|turn|6
|
|t:|1779809597
|move|p1a: Gliscor|Knock Off|p2a: Rotom
|-damage|p2a: Rotom|78/100
|-enditem|p2a: Rotom|Aguav Berry|[from] move: Knock Off|[of] p1a: Gliscor
|move|p2a: Rotom|Hydro Pump|p1a: Gliscor
|-supereffective|p1a: Gliscor
|-damage|p1a: Gliscor|0 fnt
|faint|p1a: Gliscor
|
|upkeep
|
|t:|1779809606
|switch|p1a: Blissey|Blissey, F|100/100
|turn|7
|
|t:|1779809615
|move|p2a: Rotom|Volt Switch|p1a: Blissey
|-damage|p1a: Blissey|89/100
|
|t:|1779809619
|switch|p2a: Gholdengo|Gholdengo|100/100|[from] Volt Switch
|-damage|p2a: Gholdengo|88/100|[from] Spikes
|move|p1a: Blissey|Stealth Rock|p2a: Gholdengo
|-sidestart|p2: RogueNinja1738|move: Stealth Rock
|
|upkeep
|turn|8
|
|t:|1779809647
|switch|p1a: Zamazenta|Zamazenta|100/100
|-ability|p1a: Zamazenta|Dauntless Shield|boost
|-boost|p1a: Zamazenta|def|1
|move|p2a: Gholdengo|Extrasensory|p1a: Zamazenta
|-supereffective|p1a: Zamazenta
|-crit|p1a: Zamazenta
|-damage|p1a: Zamazenta|17/100
|
|upkeep
|turn|9
|
|t:|1779809657
|move|p1a: Zamazenta|Crunch|p2a: Gholdengo
|-supereffective|p2a: Gholdengo
|-damage|p2a: Gholdengo|0 fnt
|replace|p2a: Zoroark|Zoroark-Hisui, F
|-end|p2a: Zoroark|Illusion
|faint|p2a: Zoroark
|
|upkeep
|
|t:|1779809665
|switch|p2a: Ditto|Ditto|100/100
|-damage|p2a: Ditto|88/100|[from] Spikes
|-damage|p2a: Ditto|76/100|[from] Stealth Rock
|-transform|p2a: Ditto|p1a: Zamazenta|[from] ability: Imposter
|-ability|p2a: Ditto|Dauntless Shield|boost
|-boost|p2a: Ditto|def|1
|turn|10
|inactive|RogueNinja1738 has 120 seconds left.
|
|t:|1779809696
|move|p2a: Ditto|Ice Fang|p1a: Zamazenta
|-damage|p1a: Zamazenta|4/100
|move|p1a: Zamazenta|Close Combat|p2a: Ditto
|-damage|p2a: Ditto|47/100
|-unboost|p1a: Zamazenta|def|1
|-unboost|p1a: Zamazenta|spd|1
|-damage|p1a: Zamazenta|0 fnt|[from] item: Rocky Helmet|[of] p2a: Ditto
|faint|p1a: Zamazenta
|
|upkeep
|
|t:|1779809699
|switch|p1a: Gholdengo|Gholdengo|100/100
|turn|11
|inactive|RogueNinja1738 has 120 seconds left.
|
|t:|1779809711
|move|p2a: Ditto|Crunch|p1a: Gholdengo
|-supereffective|p1a: Gholdengo
|-damage|p1a: Gholdengo|62/100
|move|p1a: Gholdengo|Hex|p2a: Ditto
|-damage|p2a: Ditto|20/100
|
|upkeep
|turn|12
|inactive|RogueNinja1738 has 120 seconds left.
|
|t:|1779809718
|move|p2a: Ditto|Crunch|p1a: Gholdengo
|-supereffective|p1a: Gholdengo
|-damage|p1a: Gholdengo|23/100
|move|p1a: Gholdengo|Nasty Plot|p1a: Gholdengo
|-boost|p1a: Gholdengo|spa|2
|
|upkeep
|turn|13
|
|t:|1779809725
|move|p2a: Ditto|Crunch|p1a: Gholdengo
|-supereffective|p1a: Gholdengo
|-damage|p1a: Gholdengo|0 fnt
|faint|p1a: Gholdengo
|
|upkeep
|
|t:|1779809727
|switch|p1a: Pecharunt|Pecharunt|100/100
|turn|14
|
|t:|1779809735
|move|p2a: Ditto|Crunch|p1a: Pecharunt
|-supereffective|p1a: Pecharunt
|-damage|p1a: Pecharunt|74/100
|move|p1a: Pecharunt|Shadow Ball|p2a: Ditto
|-damage|p2a: Ditto|0 fnt
|faint|p2a: Ditto
|
|upkeep
|
|t:|1779809746
|switch|p2a: Rotom|Rotom-Wash|78/100
|-damage|p2a: Rotom|66/100|[from] Stealth Rock
|turn|15
|
|t:|1779809755
|move|p1a: Pecharunt|Toxic|p2a: Rotom
|-status|p2a: Rotom|tox
|-start|p2a: Rotom|confusion|[from] ability: Poison Puppeteer|[of] p1a: Pecharunt
|-activate|p2a: Rotom|confusion
|move|p2a: Rotom|Shadow Ball|p1a: Pecharunt
|-supereffective|p1a: Pecharunt
|-damage|p1a: Pecharunt|25/100
|
|-damage|p2a: Rotom|60/100 tox|[from] psn
|upkeep
|turn|16
|
|t:|1779809768
|move|p1a: Pecharunt|Recover|p1a: Pecharunt
|-heal|p1a: Pecharunt|75/100
|-end|p2a: Rotom|confusion
|move|p2a: Rotom|Shadow Ball|p1a: Pecharunt
|-supereffective|p1a: Pecharunt
|-damage|p1a: Pecharunt|25/100
|
|-damage|p2a: Rotom|47/100 tox|[from] psn
|upkeep
|turn|17
|
|t:|1779809791
|switch|p1a: Blissey|Blissey, F|89/100
|move|p2a: Rotom|Volt Switch|p1a: Blissey
|-damage|p1a: Blissey|77/100
|
|t:|1779809801
|switch|p2a: Gholdengo|Gholdengo|100/100|[from] Volt Switch
|-damage|p2a: Gholdengo|88/100|[from] Spikes
|-damage|p2a: Gholdengo|82/100|[from] Stealth Rock
|
|upkeep
|turn|18
|inactive|RogueNinja1738 has 120 seconds left.
|
|t:|1779809829
|move|p2a: Gholdengo|Flash Cannon|p1a: Blissey
|-damage|p1a: Blissey|64/100
|move|p1a: Blissey|Calm Mind|p1a: Blissey
|-boost|p1a: Blissey|spa|1
|-boost|p1a: Blissey|spd|1
|
|upkeep
|turn|19
|inactive|RogueNinja1738 has 120 seconds left.
|
|t:|1779809838
|move|p2a: Gholdengo|Flash Cannon|p1a: Blissey
|-damage|p1a: Blissey|54/100
|move|p1a: Blissey|Shadow Ball|p2a: Gholdengo
|-supereffective|p2a: Gholdengo
|-damage|p2a: Gholdengo|40/100
|-enditem|p2a: Gholdengo|Red Card|[of] p1a: Blissey
|drag|p1a: Skarmory|Skarmory, F|81/100
|
|upkeep
|turn|20
|inactive|RogueNinja1738 has 120 seconds left.
|
|t:|1779809850
|switch|p1a: Blissey|Blissey, F|54/100
|move|p2a: Gholdengo|Thunderbolt|p1a: Blissey
|-damage|p1a: Blissey|44/100
|
|upkeep
|turn|21
|inactive|RogueNinja1738 has 120 seconds left.
|
|t:|1779809863
|move|p2a: Gholdengo|Flash Cannon|p1a: Blissey
|-damage|p1a: Blissey|29/100
|move|p1a: Blissey|Calm Mind|p1a: Blissey
|-boost|p1a: Blissey|spa|1
|-boost|p1a: Blissey|spd|1
|
|upkeep
|turn|22
|inactive|RogueNinja1738 has 120 seconds left.
|
|t:|1779809903
|move|p2a: Gholdengo|Psychic|p1a: Blissey
|-damage|p1a: Blissey|23/100
|move|p1a: Blissey|Shadow Ball|p2a: Gholdengo
|-supereffective|p2a: Gholdengo
|-damage|p2a: Gholdengo|0 fnt
|faint|p2a: Gholdengo
|
|upkeep
|inactive|RogueNinja1738 has 90 seconds left.
|
|t:|1779809916
|switch|p2a: Rotom|Rotom-Wash|47/100 tox
|-damage|p2a: Rotom|35/100 tox|[from] Stealth Rock
|turn|23
|
|t:|1779809927
|move|p2a: Rotom|Volt Switch|p1a: Blissey
|-damage|p1a: Blissey|16/100
|
|t:|1779809930
|switch|p2a: Kingambit|Kingambit, F|100/100|[from] Volt Switch
|-damage|p2a: Kingambit|88/100|[from] Spikes
|-damage|p2a: Kingambit|82/100|[from] Stealth Rock
|-activate|p2a: Kingambit|ability: Supreme Overlord
|-start|p2a: Kingambit|fallen4|[silent]
|move|p1a: Blissey|Soft-Boiled|p1a: Blissey
|-heal|p1a: Blissey|66/100
|
|-heal|p2a: Kingambit|88/100|[from] item: Leftovers
|upkeep
|turn|24
|
|t:|1779809944
|switch|p1a: Skarmory|Skarmory, F|81/100
|move|p2a: Kingambit|Swords Dance|p2a: Kingambit
|-boost|p2a: Kingambit|atk|2
|
|-heal|p2a: Kingambit|94/100|[from] item: Leftovers
|upkeep
|turn|25
|
|t:|1779809963
|move|p2a: Kingambit|Brick Break|p1a: Skarmory
|-damage|p1a: Skarmory|33/100
|move|p1a: Skarmory|Whirlwind|p2a: Kingambit
|-end|p2a: Kingambit|fallen4|[silent]
|drag|p2a: Rotom|Rotom-Wash|35/100 tox
|-damage|p2a: Rotom|22/100 tox|[from] Stealth Rock
|
|-damage|p2a: Rotom|16/100 tox|[from] psn
|upkeep
|turn|26
|
|t:|1779809976
|switch|p1a: Blissey|Blissey, F|66/100
|move|p2a: Rotom|Volt Switch|p1a: Blissey
|-damage|p1a: Blissey|56/100
|
|t:|1779809982
|switch|p2a: Kingambit|Kingambit, F|94/100|[from] Volt Switch
|-damage|p2a: Kingambit|82/100|[from] Spikes
|-damage|p2a: Kingambit|76/100|[from] Stealth Rock
|-activate|p2a: Kingambit|ability: Supreme Overlord
|-start|p2a: Kingambit|fallen4|[silent]
|
|-heal|p2a: Kingambit|82/100|[from] item: Leftovers
|upkeep
|turn|27
|
|t:|1779809992
|move|p1a: Blissey|Soft-Boiled|p1a: Blissey
|-heal|p1a: Blissey|100/100
|move|p2a: Kingambit|Iron Head|p1a: Blissey
|-damage|p1a: Blissey|32/100
|
|-heal|p2a: Kingambit|88/100|[from] item: Leftovers
|upkeep
|turn|28
|
|t:|1779810001
|switch|p1a: Skarmory|Skarmory, F|33/100
|move|p2a: Kingambit|Iron Head|p1a: Skarmory
|-resisted|p1a: Skarmory
|-damage|p1a: Skarmory|15/100
|
|-heal|p2a: Kingambit|94/100|[from] item: Leftovers
|upkeep
|turn|29
|
|t:|1779810013
|move|p1a: Skarmory|Roost|p1a: Skarmory
|-heal|p1a: Skarmory|65/100
|-singleturn|p1a: Skarmory|move: Roost
|move|p2a: Kingambit|Iron Head|p1a: Skarmory
|-resisted|p1a: Skarmory
|-damage|p1a: Skarmory|47/100
|
|-heal|p2a: Kingambit|99/100|[from] item: Leftovers
|upkeep
|turn|30
|
|t:|1779810026
|move|p2a: Kingambit|Swords Dance|p2a: Kingambit
|-boost|p2a: Kingambit|atk|2
|move|p1a: Skarmory|Whirlwind|p2a: Kingambit
|-end|p2a: Kingambit|fallen4|[silent]
|drag|p2a: Rotom|Rotom-Wash|16/100 tox
|-damage|p2a: Rotom|3/100 tox|[from] Stealth Rock
|
|-damage|p2a: Rotom|0 fnt|[from] psn
|faint|p2a: Rotom
|upkeep
|
|t:|1779810039
|switch|p2a: Kingambit|Kingambit, F|99/100
|-damage|p2a: Kingambit|88/100|[from] Spikes
|-damage|p2a: Kingambit|82/100|[from] Stealth Rock
|-activate|p2a: Kingambit|ability: Supreme Overlord
|-start|p2a: Kingambit|fallen5|[silent]
|turn|31
|inactive|RogueNinja1738 has 90 seconds left.
|
|t:|1779810055
|move|p1a: Skarmory|Roost|p1a: Skarmory
|-heal|p1a: Skarmory|97/100
|-singleturn|p1a: Skarmory|move: Roost
|move|p2a: Kingambit|Brick Break|p1a: Skarmory
|-supereffective|p1a: Skarmory
|-damage|p1a: Skarmory|42/100
|
|-heal|p2a: Kingambit|88/100|[from] item: Leftovers
|upkeep
|turn|32
|
|t:|1779810066
|move|p2a: Kingambit|Brick Break|p1a: Skarmory
|-damage|p1a: Skarmory|14/100
|move|p1a: Skarmory|Whirlwind||[still]
|-fail|p1a: Skarmory
|
|-heal|p2a: Kingambit|94/100|[from] item: Leftovers
|upkeep
|turn|33
|
|t:|1779810077
|move|p1a: Skarmory|Roost|p1a: Skarmory
|-heal|p1a: Skarmory|64/100
|-singleturn|p1a: Skarmory|move: Roost
|move|p2a: Kingambit|Brick Break|p1a: Skarmory
|-supereffective|p1a: Skarmory
|-damage|p1a: Skarmory|14/100
|
|-heal|p2a: Kingambit|99/100|[from] item: Leftovers
|upkeep
|turn|34
|
|t:|1779810088
|move|p1a: Skarmory|Body Press|p2a: Kingambit
|-supereffective|p2a: Kingambit
|-damage|p2a: Kingambit|9/100
|move|p2a: Kingambit|Brick Break|p1a: Skarmory
|-damage|p1a: Skarmory|0 fnt
|faint|p1a: Skarmory
|
|-heal|p2a: Kingambit|15/100|[from] item: Leftovers
|upkeep
|
|t:|1779810093
|switch|p1a: Blissey|Blissey, F|32/100
|turn|35
|
|t:|1779810102
|move|p1a: Blissey|Shadow Ball|p2a: Kingambit
|-resisted|p2a: Kingambit
|-damage|p2a: Kingambit|9/100
|move|p2a: Kingambit|Brick Break|p1a: Blissey
|-supereffective|p1a: Blissey
|-damage|p1a: Blissey|0 fnt
|faint|p1a: Blissey
|
|-heal|p2a: Kingambit|15/100|[from] item: Leftovers
|upkeep
|
|t:|1779810117
|switch|p1a: Pecharunt|Pecharunt|25/100
|turn|36
|inactive|RogueNinja1738 has 120 seconds left.
|
|t:|1779810126
|move|p2a: Kingambit|Sucker Punch|p1a: Pecharunt
|-supereffective|p1a: Pecharunt
|-damage|p1a: Pecharunt|0 fnt
|faint|p1a: Pecharunt
|
|win|RogueNinja1738
|raw|claudechamp's rating: 1220 &rarr; <strong>1193</strong><br />(-27 for losing)
|raw|RogueNinja1738's rating: 1187 &rarr; <strong>1214</strong><br />(+27 for winning)
|c|☆claudechamp|gg
|l|☆RogueNinja1738
|player|p2|
