|j|☆on the heart
|j|☆Ze da Paraiba
|inactive|Battle timer is ON: inactive players will automatically lose when time's up.
|t:|1779890217
|gametype|singles
|player|p1|on the heart|caitlin-gen4|
|player|p2|Ze da Paraiba|clay|
|gen|9
|tier|[Gen 9] OU
|rated|Tournament battle
|rule|HP Percentage Mod: HP is shown in percentages
|rule|Endless Battle Clause: Forcing endless battles is banned
|rule|Species Clause: Limit one of each Pokémon
|rule|OHKO Clause: OHKO moves are banned
|rule|Evasion Items Clause: Evasion items are banned
|rule|Evasion Moves Clause: Evasion moves are banned
|rule|Evasion Abilities Clause: Evasion abilities are banned
|rule|Sleep Moves Clause: Sleep-inducing moves are banned
|clearpoke
|poke|p1|Dragonite, M|
|poke|p1|Great Tusk|
|poke|p1|Deoxys-Speed|
|poke|p1|Gholdengo|
|poke|p1|Zamazenta-*|
|poke|p1|Iron Valiant|
|poke|p2|Great Tusk|
|poke|p2|Dragapult, F|
|poke|p2|Kingambit, M|
|poke|p2|Rotom-Wash|
|poke|p2|Iron Valiant|
|poke|p2|Raging Bolt|
|teampreview
|j| kloard
|j| byakulol
|l| byakulol
|c|☆on the heart|Zé da paraiba é um nome muito aura w
|c|☆on the heart|Hf
|
|t:|1779890247
|teamsize|p1|6
|teamsize|p2|6
|start
|switch|p1a: On the deoxys|Deoxys-Speed|100/100
|switch|p2a: Kingambit|Kingambit, M|100/100
|-ability|p1a: On the deoxys|Pressure
|turn|1
|j| camila autopecas
|
|t:|1779890256
|move|p1a: On the deoxys|Taunt|p2a: Kingambit
|-start|p2a: Kingambit|move: Taunt
|move|p2a: Kingambit|Kowtow Cleave|p1a: On the deoxys
|-supereffective|p1a: On the deoxys
|-enditem|p1a: On the deoxys|Focus Sash
|-damage|p1a: On the deoxys|1/100
|
|upkeep
|turn|2
|
|t:|1779890271
|move|p1a: On the deoxys|Stealth Rock|p2a: Kingambit
|-sidestart|p2: Ze da Paraiba|move: Stealth Rock
|move|p2a: Kingambit|Kowtow Cleave|p1a: On the deoxys
|-supereffective|p1a: On the deoxys
|-damage|p1a: On the deoxys|0 fnt
|faint|p1a: On the deoxys
|
|upkeep
|
|t:|1779890288
|switch|p1a: On the dragonite|Dragonite, M|100/100
|turn|3
|inactive|Ze da Paraiba has 120 seconds left.
|
|t:|1779890323
|-end|p2a: Kingambit|fallenundefined|[silent]
|switch|p2a: Rotom|Rotom-Wash|100/100
|-damage|p2a: Rotom|88/100|[from] Stealth Rock
|move|p1a: On the dragonite|Extreme Speed|p2a: Rotom
|-damage|p2a: Rotom|55/100
|-damage|p1a: On the dragonite|91/100|[from] item: Life Orb
|
|-heal|p2a: Rotom|61/100|[from] item: Leftovers
|upkeep
|turn|4
|c|☆on the heart|Missclixk
|inactive|Ze da Paraiba has 120 seconds left.
|
|t:|1779890360
|move|p1a: On the dragonite|Dragon Dance|p1a: On the dragonite
|-boost|p1a: On the dragonite|atk|1
|-boost|p1a: On the dragonite|spe|1
|move|p2a: Rotom|Will-O-Wisp|p1a: On the dragonite
|-status|p1a: On the dragonite|brn
|
|-heal|p2a: Rotom|67/100|[from] item: Leftovers
|-damage|p1a: On the dragonite|84/100 brn|[from] brn
|upkeep
|turn|5
|inactive|Ze da Paraiba has 90 seconds left.
|
|t:|1779890402
|move|p1a: On the dragonite|Outrage|p2a: Rotom
|-damage|p2a: Rotom|16/100
|-damage|p1a: On the dragonite|74/100 brn|[from] item: Life Orb
|move|p2a: Rotom|Pain Split|p1a: On the dragonite
|-sethp|p1a: On the dragonite|45/100 brn|[from] move: Pain Split|[silent]
|-sethp|p2a: Rotom|48/100|[from] move: Pain Split
|
|-heal|p2a: Rotom|54/100|[from] item: Leftovers
|-damage|p1a: On the dragonite|39/100 brn|[from] brn
|upkeep
|turn|6
|inactive|Ze da Paraiba has 60 seconds left.
|
|t:|1779890417
|move|p1a: On the dragonite|Outrage|p2a: Rotom|[from] lockedmove
|-damage|p2a: Rotom|0 fnt
|faint|p2a: Rotom
|-damage|p1a: On the dragonite|29/100 brn|[from] item: Life Orb
|-start|p1a: On the dragonite|confusion|[fatigue]
|
|-damage|p1a: On the dragonite|22/100 brn|[from] brn
|upkeep
|inactive|Ze da Paraiba has 60 seconds left.
|
|t:|1779890443
|switch|p2a: Kingambit|Kingambit, M|100/100
|-damage|p2a: Kingambit|94/100|[from] Stealth Rock
|-activate|p2a: Kingambit|ability: Supreme Overlord
|-start|p2a: Kingambit|fallen1|[silent]
|turn|7
|
|t:|1779890448
|move|p2a: Kingambit|Sucker Punch|p1a: On the dragonite
|-damage|p1a: On the dragonite|0 fnt
|faint|p1a: On the dragonite
|
|upkeep
|
|t:|1779890450
|switch|p1a: On the tusk|Great Tusk|100/100
|-enditem|p1a: On the tusk|Booster Energy
|-activate|p1a: On the tusk|ability: Protosynthesis|[fromitem]
|-start|p1a: On the tusk|protosynthesisspe
|turn|8
|
|t:|1779890479
|-end|p2a: Kingambit|fallen1|[silent]
|switch|p2a: Dragapult|Dragapult, F|100/100
|move|p1a: On the tusk|Bulk Up|p1a: On the tusk
|-boost|p1a: On the tusk|atk|1
|-boost|p1a: On the tusk|def|1
|
|upkeep
|turn|9
|inactive|Ze da Paraiba has 30 seconds left.
|inactive|Ze da Paraiba has 20 seconds left.
|
|t:|1779890506
|move|p1a: On the tusk|Taunt|p2a: Dragapult
|-start|p2a: Dragapult|move: Taunt
|move|p2a: Dragapult|Draco Meteor|p1a: On the tusk
|-damage|p1a: On the tusk|30/100
|-unboost|p2a: Dragapult|spa|2
|
|upkeep
|turn|10
|inactive|Ze da Paraiba has 30 seconds left this turn.
|inactive|Ze da Paraiba has 20 seconds left.
|
|t:|1779890519
|move|p1a: On the tusk|Headlong Rush|p2a: Dragapult
|-damage|p2a: Dragapult|0 fnt
|-unboost|p1a: On the tusk|def|1
|-unboost|p1a: On the tusk|spd|1
|faint|p2a: Dragapult
|
|upkeep
|inactive|Ze da Paraiba has 25 seconds left this turn.
|inactive|Ze da Paraiba has 20 seconds left.
|inactive|Ze da Paraiba has 15 seconds left.
|
|t:|1779890530
|switch|p2a: Kingambit|Kingambit, M|94/100
|-damage|p2a: Kingambit|88/100|[from] Stealth Rock
|-activate|p2a: Kingambit|ability: Supreme Overlord
|-start|p2a: Kingambit|fallen2|[silent]
|turn|11
|inactive|Ze da Paraiba has 25 seconds left this turn.
|inactive|Ze da Paraiba has 20 seconds left.
|inactive|Ze da Paraiba has 15 seconds left.
|
|t:|1779890541
|move|p1a: On the tusk|Taunt|p2a: Kingambit
|-start|p2a: Kingambit|move: Taunt
|move|p2a: Kingambit|Iron Head|p1a: On the tusk
|-damage|p1a: On the tusk|0 fnt
|faint|p1a: On the tusk
|-end|p1a: On the tusk|Protosynthesis|[silent]
|
|upkeep
|
|t:|1779890544
|switch|p1a: On the zamazenta|Zamazenta|100/100
|-ability|p1a: On the zamazenta|Dauntless Shield|boost
|-boost|p1a: On the zamazenta|def|1
|turn|12
|inactive|Ze da Paraiba has 30 seconds left this turn.
|inactive|Ze da Paraiba has 20 seconds left.
|
|t:|1779890555
|-end|p2a: Kingambit|fallen2|[silent]
|switch|p2a: Iron Valiant|Iron Valiant|100/100
|-damage|p2a: Iron Valiant|94/100|[from] Stealth Rock
|-enditem|p2a: Iron Valiant|Booster Energy
|-activate|p2a: Iron Valiant|ability: Quark Drive|[fromitem]
|-start|p2a: Iron Valiant|quarkdrivespe
|move|p1a: On the zamazenta|Close Combat|p2a: Iron Valiant
|-resisted|p2a: Iron Valiant
|-damage|p2a: Iron Valiant|38/100
|-unboost|p1a: On the zamazenta|def|1
|-unboost|p1a: On the zamazenta|spd|1
|-damage|p1a: On the zamazenta|91/100|[from] item: Life Orb
|
|upkeep
|turn|13
|inactive|Ze da Paraiba has 30 seconds left this turn.
|j| Professor.Sakyra
|inactive|Ze da Paraiba has 20 seconds left.
|inactive|Ze da Paraiba has 15 seconds left.
|
|t:|1779890570
|switch|p1a: On the gholdengo|Gholdengo|100/100
|-terastallize|p2a: Iron Valiant|Fairy
|move|p2a: Iron Valiant|Moonblast|p1a: On the gholdengo
|-resisted|p1a: On the gholdengo
|-damage|p1a: On the gholdengo|72/100
|-unboost|p1a: On the gholdengo|spa|1
|
|upkeep
|turn|14
|inactive|Ze da Paraiba has 25 seconds left this turn.
|inactive|Ze da Paraiba has 20 seconds left.
|inactive|Ze da Paraiba has 15 seconds left.
|
|t:|1779890580
|move|p2a: Iron Valiant|Thunderbolt|p1a: On the gholdengo
|-damage|p1a: On the gholdengo|42/100
|move|p1a: On the gholdengo|Shadow Ball|p2a: Iron Valiant
|-damage|p2a: Iron Valiant|0 fnt
|faint|p2a: Iron Valiant
|-end|p2a: Iron Valiant|Quark Drive|[silent]
|
|upkeep
|inactive|Ze da Paraiba has 20 seconds left this turn.
|inactive|Ze da Paraiba has 15 seconds left.
|
|t:|1779890589
|switch|p2a: Great Tusk|Great Tusk|100/100
|-damage|p2a: Great Tusk|98/100|[from] Stealth Rock
|turn|15
|inactive|Ze da Paraiba has 25 seconds left this turn.
|inactive|Ze da Paraiba has 20 seconds left.
|
|t:|1779890595
|move|p2a: Great Tusk|Earthquake|p1a: On the gholdengo
|-supereffective|p1a: On the gholdengo
|-damage|p1a: On the gholdengo|0 fnt
|faint|p1a: On the gholdengo
|
|-heal|p2a: Great Tusk|100/100|[from] item: Leftovers
|upkeep
|
|t:|1779890600
|switch|p1a: On the valiant|Iron Valiant|100/100
|-enditem|p1a: On the valiant|Booster Energy
|-activate|p1a: On the valiant|ability: Quark Drive|[fromitem]
|-start|p1a: On the valiant|quarkdrivespe
|turn|16
|inactive|Ze da Paraiba has 30 seconds left.
|
|t:|1779890608
|move|p1a: On the valiant|Moonblast|p2a: Great Tusk
|-supereffective|p2a: Great Tusk
|-damage|p2a: Great Tusk|0 fnt
|faint|p2a: Great Tusk
|-end|p2a: Great Tusk|Protosynthesis|[silent]
|
|upkeep
|
|t:|1779890613
|switch|p2a: Kingambit|Kingambit, M|88/100
|-damage|p2a: Kingambit|82/100|[from] Stealth Rock
|-activate|p2a: Kingambit|ability: Supreme Overlord
|-start|p2a: Kingambit|fallen4|[silent]
|turn|17
|
|t:|1779890625
|move|p1a: On the valiant|Destiny Bond|p1a: On the valiant
|-singlemove|p1a: On the valiant|Destiny Bond
|move|p2a: Kingambit|Iron Head|p1a: On the valiant
|-supereffective|p1a: On the valiant
|-damage|p1a: On the valiant|0 fnt
|faint|p1a: On the valiant
|-activate|p1a: On the valiant|move: Destiny Bond
|-end|p1a: On the valiant|Quark Drive|[silent]
|faint|p2a: Kingambit
|-end|p2a: Kingambit|fallen4|[silent]
|
|upkeep
|
|t:|1779890633
|switch|p1a: On the zamazenta|Zamazenta|91/100
|switch|p2a: Raging Bolt|Raging Bolt|100/100
|turn|18
|inactive|Ze da Paraiba has 30 seconds left.
|inactive|Ze da Paraiba has 20 seconds left.
|inactive|Ze da Paraiba has 15 seconds left.
|inactive|Ze da Paraiba has 10 seconds left.
|
|t:|1779890675
|-terastallize|p1a: On the zamazenta|Steel
|move|p2a: Raging Bolt|Thunderclap|p1a: On the zamazenta
|-damage|p1a: On the zamazenta|48/100
|move|p1a: On the zamazenta|Close Combat|p2a: Raging Bolt
|-damage|p2a: Raging Bolt|27/100
|-unboost|p1a: On the zamazenta|def|1
|-unboost|p1a: On the zamazenta|spd|1
|-damage|p1a: On the zamazenta|38/100|[from] item: Life Orb
|
|upkeep
|turn|19
|inactive|Ze da Paraiba has 20 seconds left this turn.
|inactive|Ze da Paraiba has 15 seconds left.
|
|t:|1779890686
|move|p2a: Raging Bolt|Thunderclap|p1a: On the zamazenta
|-damage|p1a: On the zamazenta|0 fnt
|faint|p1a: On the zamazenta
|
|win|Ze da Paraiba
|n|☆on the heart|ontheheart
|n|☆Ze da Paraiba|zedaparaiba
|n| kloard|kloard
|n| camila autopecas|camilaautopecas
|n| Professor.Sakyra|professorsakyra
|l|☆on the heart
|player|p1|
|l| kloard
