|j|☆MacBaron
|j|☆Beedrill dddd
|t:|1779943114
|gametype|singles
|player|p1|MacBaron|crasherwake|1380
|player|p2|Beedrill dddd|169|1375
|gen|9
|tier|[Gen 9] OU
|rated|
|rule|HP Percentage Mod: HP is shown in percentages
|rule|Endless Battle Clause: Forcing endless battles is banned
|rule|Species Clause: Limit one of each Pokémon
|rule|OHKO Clause: OHKO moves are banned
|rule|Evasion Items Clause: Evasion items are banned
|rule|Evasion Moves Clause: Evasion moves are banned
|rule|Evasion Abilities Clause: Evasion abilities are banned
|rule|Sleep Moves Clause: Sleep-inducing moves are banned
|clearpoke
|poke|p1|Kleavor, M|
|poke|p1|Tatsugiri-Stretchy, F|
|poke|p1|Iron Moth|
|poke|p1|Samurott-Hisui, M|
|poke|p1|Corviknight, F|
|poke|p1|Vikavolt, M|
|poke|p2|Meowscarada, F|
|poke|p2|Pecharunt|
|poke|p2|Enamorus, F|
|poke|p2|Iron Treads|
|poke|p2|Slowking, F|
|poke|p2|Corviknight, M|
|teampreview
|
|t:|1779943133
|teamsize|p1|6
|teamsize|p2|6
|start
|switch|p1a: Kleavor|Kleavor, M|100/100
|switch|p2a: Corviknight|Corviknight, M, shiny|100/100
|-ability|p2a: Corviknight|Pressure
|turn|1
|inactive|Battle timer is ON: inactive players will automatically lose when time's up. (requested by Beedrill dddd)
|inactive|MacBaron also wants the timer to be on.
|
|t:|1779943139
|move|p1a: Kleavor|Swords Dance|p1a: Kleavor
|-boost|p1a: Kleavor|atk|2
|move|p2a: Corviknight|Body Press|p1a: Kleavor
|-damage|p1a: Kleavor|70/100
|
|upkeep
|turn|2
|
|t:|1779943146
|move|p1a: Kleavor|Stone Axe|p2a: Corviknight
|-damage|p2a: Corviknight|23/100
|-damage|p1a: Kleavor|54/100|[from] item: Rocky Helmet|[of] p2a: Corviknight
|-sidestart|p2: Beedrill dddd|move: Stealth Rock
|move|p2a: Corviknight|Brave Bird|p1a: Kleavor
|-damage|p1a: Kleavor|6/100
|-damage|p2a: Corviknight|10/100|[from] Recoil
|
|upkeep
|turn|3
|
|t:|1779943159
|move|p1a: Kleavor|Stone Axe|p2a: Corviknight
|-damage|p2a: Corviknight|0 fnt
|-damage|p1a: Kleavor|0 fnt|[from] item: Rocky Helmet|[of] p2a: Corviknight
|faint|p2a: Corviknight
|faint|p1a: Kleavor
|
|upkeep
|
|t:|1779943182
|switch|p1a: Iron Moth|Iron Moth|100/100
|switch|p2a: Iron Treads|Iron Treads|100/100
|-damage|p2a: Iron Treads|98/100|[from] Stealth Rock
|-enditem|p1a: Iron Moth|Booster Energy
|-activate|p1a: Iron Moth|ability: Quark Drive|[fromitem]
|-start|p1a: Iron Moth|quarkdrivespe
|-enditem|p2a: Iron Treads|Booster Energy
|-activate|p2a: Iron Treads|ability: Quark Drive|[fromitem]
|-start|p2a: Iron Treads|quarkdrivespe
|turn|4
|
|t:|1779943195
|move|p1a: Iron Moth|Substitute|p1a: Iron Moth
|-start|p1a: Iron Moth|Substitute
|-damage|p1a: Iron Moth|76/100
|move|p2a: Iron Treads|Earthquake|p1a: Iron Moth
|-supereffective|p1a: Iron Moth
|-end|p1a: Iron Moth|Substitute
|
|upkeep
|turn|5
|
|t:|1779943198
|move|p1a: Iron Moth|Fiery Dance|p2a: Iron Treads
|-supereffective|p2a: Iron Treads
|-damage|p2a: Iron Treads|24/100
|move|p2a: Iron Treads|Earthquake|p1a: Iron Moth
|-supereffective|p1a: Iron Moth
|-damage|p1a: Iron Moth|0 fnt
|faint|p1a: Iron Moth
|-end|p1a: Iron Moth|Quark Drive|[silent]
|
|upkeep
|
|t:|1779943211
|switch|p1a: Vikavolt|Vikavolt, M, shiny|100/100
|turn|6
|
|t:|1779943214
|move|p2a: Iron Treads|Rapid Spin|p1a: Vikavolt
|-damage|p1a: Vikavolt|85/100
|-boost|p2a: Iron Treads|spe|1
|-sideend|p2: Beedrill dddd|Stealth Rock|[from] move: Rapid Spin|[of] p2a: Iron Treads
|move|p1a: Vikavolt|Bug Buzz|p2a: Iron Treads
|-resisted|p2a: Iron Treads
|-damage|p2a: Iron Treads|3/100
|
|-heal|p1a: Vikavolt|92/100|[from] item: Leftovers
|upkeep
|turn|7
|
|t:|1779943225
|move|p2a: Iron Treads|Knock Off|p1a: Vikavolt
|-damage|p1a: Vikavolt|61/100
|-enditem|p1a: Vikavolt|Leftovers|[from] move: Knock Off|[of] p2a: Iron Treads
|move|p1a: Vikavolt|Sticky Web|p2a: Iron Treads
|-sidestart|p2: Beedrill dddd|move: Sticky Web
|
|upkeep
|turn|8
|
|t:|1779943232
|move|p2a: Iron Treads|Rapid Spin|p1a: Vikavolt
|-damage|p1a: Vikavolt|46/100
|-boost|p2a: Iron Treads|spe|1
|-sideend|p2: Beedrill dddd|Sticky Web|[from] move: Rapid Spin|[of] p2a: Iron Treads
|move|p1a: Vikavolt|Bug Buzz|p2a: Iron Treads
|-resisted|p2a: Iron Treads
|-damage|p2a: Iron Treads|0 fnt
|faint|p2a: Iron Treads
|-end|p2a: Iron Treads|Quark Drive|[silent]
|
|upkeep
|
|t:|1779943241
|switch|p2a: Pecharunt|Pecharunt|100/100
|turn|9
|
|t:|1779943245
|move|p2a: Pecharunt|Malignant Chain|p1a: Vikavolt
|-damage|p1a: Vikavolt|17/100
|-status|p1a: Vikavolt|tox
|-start|p1a: Vikavolt|confusion|[from] ability: Poison Puppeteer|[of] p2a: Pecharunt
|-activate|p1a: Vikavolt|confusion
|move|p1a: Vikavolt|Sticky Web|p2a: Pecharunt
|-sidestart|p2: Beedrill dddd|move: Sticky Web
|
|-damage|p1a: Vikavolt|11/100 tox|[from] psn
|upkeep
|turn|10
|
|t:|1779943258
|move|p2a: Pecharunt|Parting Shot|p1a: Vikavolt
|-unboost|p1a: Vikavolt|atk|1
|-unboost|p1a: Vikavolt|spa|1
|
|t:|1779943273
|switch|p2a: Enamorus|Enamorus, F|100/100|[from] Parting Shot
|-end|p1a: Vikavolt|confusion
|move|p1a: Vikavolt|Thunderbolt|p2a: Enamorus
|-supereffective|p2a: Enamorus
|-damage|p2a: Enamorus|9/100
|
|-damage|p1a: Vikavolt|0 fnt|[from] psn
|faint|p1a: Vikavolt
|upkeep
|
|t:|1779943284
|switch|p1a: Samurott|Samurott-Hisui, M, shiny|100/100
|turn|11
|
|t:|1779943288
|move|p2a: Enamorus|Moonblast|p1a: Samurott
|-supereffective|p1a: Samurott
|-crit|p1a: Samurott
|-damage|p1a: Samurott|0 fnt
|faint|p1a: Samurott
|
|upkeep
|
|t:|1779943296
|switch|p1a: Tatsugiri|Tatsugiri-Stretchy, F, shiny|100/100
|turn|12
|
|t:|1779943301
|-terastallize|p1a: Tatsugiri|Steel
|move|p2a: Enamorus|Moonblast|p1a: Tatsugiri
|-resisted|p1a: Tatsugiri
|-damage|p1a: Tatsugiri|69/100
|move|p1a: Tatsugiri|Nasty Plot|p1a: Tatsugiri
|-boost|p1a: Tatsugiri|spa|2
|
|upkeep
|turn|13
|
|t:|1779943309
|switch|p2a: Slowking|Slowking, F|100/100
|-activate|p2a: Slowking|move: Sticky Web
|-unboost|p2a: Slowking|spe|1
|move|p1a: Tatsugiri|Rapid Spin|p2a: Slowking
|-damage|p2a: Slowking|94/100
|-boost|p1a: Tatsugiri|spe|1
|
|upkeep
|turn|14
|
|t:|1779943316
|move|p1a: Tatsugiri|Dragon Pulse|p2a: Slowking
|-crit|p2a: Slowking
|-damage|p2a: Slowking|38/100
|move|p2a: Slowking|Fire Blast|p1a: Tatsugiri
|-supereffective|p1a: Tatsugiri
|-damage|p1a: Tatsugiri|2/100
|-status|p1a: Tatsugiri|brn
|-enditem|p1a: Tatsugiri|Sitrus Berry|[eat]
|-heal|p1a: Tatsugiri|27/100 brn|[from] item: Sitrus Berry
|
|-damage|p1a: Tatsugiri|21/100 brn|[from] brn
|upkeep
|turn|15
|
|t:|1779943325
|move|p1a: Tatsugiri|Dragon Pulse|p2a: Slowking
|-damage|p2a: Slowking|5/100
|move|p2a: Slowking|Future Sight|p1a: Tatsugiri
|-start|p2a: Slowking|move: Future Sight
|
|-damage|p1a: Tatsugiri|15/100 brn|[from] brn
|upkeep
|turn|16
|
|t:|1779943331
|move|p1a: Tatsugiri|Rapid Spin|p2a: Slowking
|-damage|p2a: Slowking|2/100
|-boost|p1a: Tatsugiri|spe|1
|move|p2a: Slowking|Fire Blast|p1a: Tatsugiri|[miss]
|-miss|p2a: Slowking|p1a: Tatsugiri
|
|-damage|p1a: Tatsugiri|9/100 brn|[from] brn
|upkeep
|turn|17
|
|t:|1779943337
|move|p1a: Tatsugiri|Surf|p2a: Slowking
|-resisted|p2a: Slowking
|-damage|p2a: Slowking|0 fnt
|faint|p2a: Slowking
|
|-end|p1a: Tatsugiri|move: Future Sight
|-resisted|p1a: Tatsugiri
|-damage|p1a: Tatsugiri|0 fnt
|faint|p1a: Tatsugiri
|upkeep
|
|t:|1779943340
|switch|p1a: Corviknight|Corviknight, F, shiny|100/100
|switch|p2a: Pecharunt|Pecharunt|100/100
|-activate|p2a: Pecharunt|move: Sticky Web
|-unboost|p2a: Pecharunt|spe|1
|turn|18
|
|t:|1779943344
|move|p1a: Corviknight|Bulk Up|p1a: Corviknight
|-boost|p1a: Corviknight|atk|1
|-boost|p1a: Corviknight|def|1
|move|p2a: Pecharunt|Parting Shot|p1a: Corviknight
|-ability|p1a: Corviknight|Mirror Armor
|-unboost|p2a: Pecharunt|atk|1
|-ability|p1a: Corviknight|Mirror Armor
|-unboost|p2a: Pecharunt|spa|1
|
|t:|1779943353
|switch|p2a: Enamorus|Enamorus, F|9/100|[from] Parting Shot
|
|upkeep
|turn|19
|
|t:|1779943359
|move|p2a: Enamorus|Mystical Fire|p1a: Corviknight
|-supereffective|p1a: Corviknight
|-damage|p1a: Corviknight|35/100
|-ability|p1a: Corviknight|Mirror Armor
|-boost|p2a: Enamorus|spa|1
|move|p1a: Corviknight|Roost|p1a: Corviknight
|-heal|p1a: Corviknight|85/100
|-singleturn|p1a: Corviknight|move: Roost
|
|-heal|p1a: Corviknight|92/100|[from] item: Leftovers
|upkeep
|turn|20
|
|t:|1779943366
|move|p2a: Enamorus|Mystical Fire|p1a: Corviknight
|-supereffective|p1a: Corviknight
|-damage|p1a: Corviknight|0 fnt
|faint|p1a: Corviknight
|
|win|Beedrill dddd
|raw|MacBaron's rating: 1380 &rarr; <strong>1360</strong><br />(-20 for losing)
|raw|Beedrill dddd's rating: 1375 &rarr; <strong>1395</strong><br />(+20 for winning)
|l|☆MacBaron
|player|p1|
|l|☆Beedrill dddd
|player|p2|
