|j|☆kingofdondons
|j|☆neonorigin
|t:|1779942098
|gametype|singles
|player|p1|kingofdondons|skyla|1532
|player|p2|neonorigin|2|1442
|gen|9
|tier|[Gen 9] OU
|rated|
|rule|HP Percentage Mod: HP is shown in percentages
|rule|Endless Battle Clause: Forcing endless battles is banned
|rule|Species Clause: Limit one of each Pokémon
|rule|OHKO Clause: OHKO moves are banned
|rule|Evasion Items Clause: Evasion items are banned
|rule|Evasion Moves Clause: Evasion moves are banned
|rule|Evasion Abilities Clause: Evasion abilities are banned
|rule|Sleep Moves Clause: Sleep-inducing moves are banned
|clearpoke
|poke|p1|Ting-Lu|
|poke|p1|Gholdengo|
|poke|p1|Glimmora, M|
|poke|p1|Dragonite, F|
|poke|p1|Iron Valiant|
|poke|p1|Kyurem|
|poke|p2|Snorlax, F|
|poke|p2|Ting-Lu|
|poke|p2|Dragonite, M|
|poke|p2|Great Tusk|
|poke|p2|Kyurem|
|poke|p2|Slowking-Galar, M|
|teampreview
|inactive|Battle timer is ON: inactive players will automatically lose when time's up. (requested by kingofdondons)
|
|t:|1779942116
|teamsize|p1|6
|teamsize|p2|6
|start
|switch|p1a: Kyurem|Kyurem|100/100
|switch|p2a: Snorlax|Snorlax, F|100/100
|-ability|p1a: Kyurem|Pressure
|turn|1
|
|t:|1779942128
|move|p1a: Kyurem|Dragon Dance|p1a: Kyurem
|-boost|p1a: Kyurem|atk|1
|-boost|p1a: Kyurem|spe|1
|move|p2a: Snorlax|Curse|p2a: Snorlax
|-unboost|p2a: Snorlax|spe|1
|-boost|p2a: Snorlax|atk|1
|-boost|p2a: Snorlax|def|1
|
|upkeep
|turn|2
|
|t:|1779942131
|move|p1a: Kyurem|Scale Shot|p2a: Snorlax
|-crit|p2a: Snorlax
|-damage|p2a: Snorlax|68/100
|-damage|p2a: Snorlax|55/100
|-damage|p2a: Snorlax|41/100
|-damage|p2a: Snorlax|26/100
|-hitcount|p2a: Snorlax|4
|-unboost|p1a: Kyurem|def|1
|-boost|p1a: Kyurem|spe|1
|move|p2a: Snorlax|Body Slam|p1a: Kyurem
|-damage|p1a: Kyurem|30/100
|
|-heal|p2a: Snorlax|32/100|[from] item: Leftovers
|upkeep
|turn|3
|
|t:|1779942148
|-terastallize|p2a: Snorlax|Fairy
|move|p1a: Kyurem|Scale Shot|p2a: Snorlax
|-immune|p2a: Snorlax
|move|p2a: Snorlax|Curse|p2a: Snorlax
|-unboost|p2a: Snorlax|spe|1
|-boost|p2a: Snorlax|atk|1
|-boost|p2a: Snorlax|def|1
|
|-heal|p2a: Snorlax|38/100|[from] item: Leftovers
|upkeep
|turn|4
|
|t:|1779942152
|move|p1a: Kyurem|Icicle Spear|p2a: Snorlax
|-damage|p2a: Snorlax|33/100
|-damage|p2a: Snorlax|29/100
|-damage|p2a: Snorlax|24/100
|-damage|p2a: Snorlax|19/100
|-crit|p2a: Snorlax
|-damage|p2a: Snorlax|2/100
|-hitcount|p2a: Snorlax|5
|move|p2a: Snorlax|Rest|p2a: Snorlax
|-status|p2a: Snorlax|slp|[from] move: Rest
|-heal|p2a: Snorlax|100/100 slp|[silent]
|
|upkeep
|turn|5
|
|t:|1779942159
|switch|p1a: Iron Valiant|Iron Valiant|100/100
|-enditem|p1a: Iron Valiant|Booster Energy
|-activate|p1a: Iron Valiant|ability: Quark Drive|[fromitem]
|-start|p1a: Iron Valiant|quarkdrivespe
|cant|p2a: Snorlax|slp
|
|upkeep
|turn|6
|
|t:|1779942164
|move|p1a: Iron Valiant|Knock Off|p2a: Snorlax
|-resisted|p2a: Snorlax
|-damage|p2a: Snorlax|93/100 slp
|-enditem|p2a: Snorlax|Leftovers|[from] move: Knock Off|[of] p1a: Iron Valiant
|cant|p2a: Snorlax|slp
|
|upkeep
|turn|7
|
|t:|1779942171
|-end|p1a: Iron Valiant|Quark Drive|[silent]
|switch|p1a: Gholdengo|Gholdengo|100/100
|-curestatus|p2a: Snorlax|slp|[msg]
|move|p2a: Snorlax|Heat Crash|p1a: Gholdengo
|-supereffective|p1a: Gholdengo
|-damage|p1a: Gholdengo|0 fnt
|faint|p1a: Gholdengo
|
|upkeep
|
|t:|1779942180
|switch|p1a: Glimmora|Glimmora, M|100/100
|turn|8
|
|t:|1779942189
|move|p1a: Glimmora|Meteor Beam||[still]
|-prepare|p1a: Glimmora|Meteor Beam
|-boost|p1a: Glimmora|spa|1
|-enditem|p1a: Glimmora|Power Herb
|-anim|p1a: Glimmora|Meteor Beam|p2a: Snorlax
|-damage|p2a: Snorlax|54/100
|move|p2a: Snorlax|Body Slam|p1a: Glimmora
|-resisted|p1a: Glimmora
|-damage|p1a: Glimmora|62/100
|-status|p1a: Glimmora|par
|-activate|p1a: Glimmora|ability: Toxic Debris
|-sidestart|p2: neonorigin|move: Toxic Spikes
|
|upkeep
|turn|9
|
|t:|1779942192
|cant|p1a: Glimmora|par
|move|p2a: Snorlax|Body Slam|p1a: Glimmora
|-resisted|p1a: Glimmora
|-damage|p1a: Glimmora|26/100 par
|-activate|p1a: Glimmora|ability: Toxic Debris
|-sidestart|p2: neonorigin|move: Toxic Spikes
|
|upkeep
|turn|10
|
|t:|1779942194
|move|p1a: Glimmora|Mortal Spin|p2a: Snorlax
|-supereffective|p2a: Snorlax
|-damage|p2a: Snorlax|46/100
|-status|p2a: Snorlax|psn
|move|p2a: Snorlax|Body Slam|p1a: Glimmora
|-resisted|p1a: Glimmora
|-damage|p1a: Glimmora|0 fnt
|faint|p1a: Glimmora
|
|-damage|p2a: Snorlax|34/100 psn|[from] psn
|upkeep
|
|t:|1779942204
|switch|p1a: Ting-Lu|Ting-Lu|100/100
|-ability|p1a: Ting-Lu|Vessel of Ruin
|turn|11
|
|t:|1779942222
|move|p1a: Ting-Lu|Stealth Rock|p2a: Snorlax
|-sidestart|p2: neonorigin|move: Stealth Rock
|move|p2a: Snorlax|Rest|p2a: Snorlax
|-status|p2a: Snorlax|slp|[from] move: Rest
|-heal|p2a: Snorlax|100/100 slp|[silent]
|
|upkeep
|turn|12
|
|t:|1779942224
|move|p1a: Ting-Lu|Spikes|p2a: Snorlax
|-sidestart|p2: neonorigin|Spikes
|cant|p2a: Snorlax|slp
|
|upkeep
|turn|13
|
|t:|1779942228
|move|p1a: Ting-Lu|Spikes|p2a: Snorlax
|-sidestart|p2: neonorigin|Spikes
|cant|p2a: Snorlax|slp
|
|upkeep
|turn|14
|
|t:|1779942231
|move|p1a: Ting-Lu|Spikes|p2a: Snorlax
|-sidestart|p2: neonorigin|Spikes
|-curestatus|p2a: Snorlax|slp|[msg]
|move|p2a: Snorlax|Body Slam|p1a: Ting-Lu
|-damage|p1a: Ting-Lu|75/100
|-enditem|p1a: Ting-Lu|Red Card|[of] p2a: Snorlax
|drag|p2a: Great Tusk|Great Tusk|100/100
|-status|p2a: Great Tusk|tox
|-damage|p2a: Great Tusk|98/100 tox|[from] Stealth Rock
|-damage|p2a: Great Tusk|73/100 tox|[from] Spikes
|-enditem|p2a: Great Tusk|Booster Energy
|-activate|p2a: Great Tusk|ability: Protosynthesis|[fromitem]
|-start|p2a: Great Tusk|protosynthesisatk
|
|-damage|p2a: Great Tusk|67/100 tox|[from] psn
|upkeep
|turn|15
|
|t:|1779942250
|move|p2a: Great Tusk|Rapid Spin|p1a: Ting-Lu
|-damage|p1a: Ting-Lu|65/100
|-boost|p2a: Great Tusk|spe|1
|-sideend|p2: neonorigin|Spikes|[from] move: Rapid Spin|[of] p2a: Great Tusk
|-sideend|p2: neonorigin|Toxic Spikes|[from] move: Rapid Spin|[of] p2a: Great Tusk
|-sideend|p2: neonorigin|Stealth Rock|[from] move: Rapid Spin|[of] p2a: Great Tusk
|move|p1a: Ting-Lu|Earthquake|p2a: Great Tusk
|-damage|p2a: Great Tusk|37/100 tox
|
|-damage|p2a: Great Tusk|24/100 tox|[from] psn
|upkeep
|turn|16
|
|t:|1779942254
|move|p2a: Great Tusk|Headlong Rush|p1a: Ting-Lu
|-damage|p1a: Ting-Lu|34/100
|-unboost|p2a: Great Tusk|def|1
|-unboost|p2a: Great Tusk|spd|1
|move|p1a: Ting-Lu|Earthquake|p2a: Great Tusk
|-damage|p2a: Great Tusk|0 fnt
|faint|p2a: Great Tusk
|-end|p2a: Great Tusk|Protosynthesis|[silent]
|
|upkeep
|
|t:|1779942267
|switch|p2a: Snorlax|Snorlax, F, tera:Fairy|100/100
|turn|17
|
|t:|1779942269
|move|p1a: Ting-Lu|Ruination|p2a: Snorlax|[miss]
|-miss|p1a: Ting-Lu|p2a: Snorlax
|move|p2a: Snorlax|Curse|p2a: Snorlax
|-unboost|p2a: Snorlax|spe|1
|-boost|p2a: Snorlax|atk|1
|-boost|p2a: Snorlax|def|1
|
|upkeep
|turn|18
|
|t:|1779942275
|move|p1a: Ting-Lu|Ruination|p2a: Snorlax
|-damage|p2a: Snorlax|50/100
|move|p2a: Snorlax|Curse|p2a: Snorlax
|-unboost|p2a: Snorlax|spe|1
|-boost|p2a: Snorlax|atk|1
|-boost|p2a: Snorlax|def|1
|
|upkeep
|turn|19
|
|t:|1779942282
|switch|p1a: Iron Valiant|Iron Valiant|100/100
|move|p2a: Snorlax|Body Slam|p1a: Iron Valiant
|-damage|p1a: Iron Valiant|20/100
|-status|p1a: Iron Valiant|par
|
|upkeep
|turn|20
|
|t:|1779942287
|cant|p1a: Iron Valiant|par
|move|p2a: Snorlax|Body Slam|p1a: Iron Valiant
|-damage|p1a: Iron Valiant|0 fnt
|faint|p1a: Iron Valiant
|-end|p1a: Iron Valiant|Quark Drive|[silent]
|
|upkeep
|-message|kingofdondons forfeited.
|
|win|neonorigin
|raw|kingofdondons's rating: 1532 &rarr; <strong>1507</strong><br />(-25 for losing)
|raw|neonorigin's rating: 1442 &rarr; <strong>1467</strong><br />(+25 for winning)
|l|☆kingofdondons
|player|p1|
|c|☆neonorigin|ggwp
|l|☆neonorigin
|player|p2|
