|j|☆mio12eews
|j|☆pixiedust064
|t:|1779801916
|gametype|singles
|player|p1|mio12eews|cynthia|1234
|player|p2|pixiedust064|102|1197
|gen|9
|tier|[Gen 9] OU
|rated|
|rule|HP Percentage Mod: HP is shown in percentages
|rule|Endless Battle Clause: Forcing endless battles is banned
|rule|Species Clause: Limit one of each Pokémon
|rule|OHKO Clause: OHKO moves are banned
|rule|Evasion Items Clause: Evasion items are banned
|rule|Evasion Moves Clause: Evasion moves are banned
|rule|Evasion Abilities Clause: Evasion abilities are banned
|rule|Sleep Moves Clause: Sleep-inducing moves are banned
|clearpoke
|poke|p1|Corviknight, M|
|poke|p1|Jolteon, M|
|poke|p1|Garchomp, F|
|poke|p1|Ogerpon-Wellspring, F|
|poke|p1|Gholdengo|
|poke|p1|Gliscor, M|
|poke|p2|Ceruledge, F|
|poke|p2|Mimikyu, F|
|poke|p2|Dragapult, M|
|poke|p2|Gholdengo|
|poke|p2|Skeledirge, M|
|poke|p2|Froslass, F|
|teampreview
|inactive|Battle timer is ON: inactive players will automatically lose when time's up. (requested by pixiedust064)
|inactive|mio12eews also wants the timer to be on.
|
|t:|1779801922
|teamsize|p1|6
|teamsize|p2|6
|start
|switch|p1a: Jolteon|Jolteon, M|100/100
|switch|p2a: Ramona|Froslass, F|100/100
|turn|1
|
|t:|1779801930
|move|p1a: Jolteon|Shadow Ball|p2a: Ramona
|-supereffective|p2a: Ramona
|-enditem|p2a: Ramona|Focus Sash
|-damage|p2a: Ramona|1/100
|move|p2a: Ramona|Icy Wind|p1a: Jolteon|[miss]
|-miss|p2a: Ramona|p1a: Jolteon
|
|upkeep
|turn|2
|
|t:|1779801939
|move|p1a: Jolteon|Shadow Ball|p2a: Ramona
|-supereffective|p2a: Ramona
|-damage|p2a: Ramona|0 fnt
|faint|p2a: Ramona
|
|upkeep
|
|t:|1779801958
|switch|p2a: Zé Jacaré|Skeledirge, M|100/100
|turn|3
|
|t:|1779801961
|move|p1a: Jolteon|Shadow Ball|p2a: Zé Jacaré
|-supereffective|p2a: Zé Jacaré
|-damage|p2a: Zé Jacaré|19/100
|move|p2a: Zé Jacaré|Will-O-Wisp|p1a: Jolteon
|-status|p1a: Jolteon|brn
|
|-damage|p1a: Jolteon|95/100 brn|[from] brn
|upkeep
|turn|4
|
|t:|1779801971
|move|p1a: Jolteon|Shadow Ball|p2a: Zé Jacaré
|-supereffective|p2a: Zé Jacaré
|-damage|p2a: Zé Jacaré|0 fnt
|faint|p2a: Zé Jacaré
|
|-damage|p1a: Jolteon|89/100 brn|[from] brn
|upkeep
|
|t:|1779801977
|switch|p2a: Zuko|Ceruledge, F|100/100
|turn|5
|
|t:|1779801982
|-terastallize|p2a: Zuko|Fire
|move|p1a: Jolteon|Shadow Ball|p2a: Zuko
|-damage|p2a: Zuko|54/100
|move|p2a: Zuko|Swords Dance|p2a: Zuko
|-boost|p2a: Zuko|atk|2
|
|-damage|p1a: Jolteon|83/100 brn|[from] brn
|upkeep
|turn|6
|
|t:|1779801992
|move|p1a: Jolteon|Shadow Ball|p2a: Zuko
|-damage|p2a: Zuko|11/100
|move|p2a: Zuko|Bitter Blade|p1a: Jolteon
|-damage|p1a: Jolteon|0 fnt
|-heal|p2a: Zuko|49/100|[from] drain|[of] p1a: Jolteon
|faint|p1a: Jolteon
|
|upkeep
|
|t:|1779802001
|switch|p1a: Garchomp|Garchomp, F|100/100
|turn|7
|
|t:|1779802005
|switch|p2a: Trapinho|Mimikyu, F|100/100
|move|p1a: Garchomp|Earthquake|p2a: Trapinho
|-activate|p2a: Trapinho|ability: Disguise
|-damage|p2a: Trapinho|100/100
|detailschange|p2a: Trapinho|Mimikyu-Busted, F
|-damage|p2a: Trapinho|88/100|[from] pokemon: Mimikyu-Busted
|
|upkeep
|turn|8
|
|t:|1779802017
|-terastallize|p1a: Garchomp|Steel
|move|p1a: Garchomp|Iron Head|p2a: Trapinho
|-supereffective|p2a: Trapinho
|-damage|p2a: Trapinho|0 fnt
|faint|p2a: Trapinho
|
|upkeep
|
|t:|1779802024
|switch|p2a: Zuko|Ceruledge, F, tera:Fire|49/100
|turn|9
|
|t:|1779802029
|move|p1a: Garchomp|Earthquake|p2a: Zuko
|-supereffective|p2a: Zuko
|-damage|p2a: Zuko|0 fnt
|faint|p2a: Zuko
|
|upkeep
|
|t:|1779802033
|switch|p2a: Spirit|Dragapult, M|100/100
|turn|10
|
|t:|1779802038
|move|p2a: Spirit|Flamethrower|p1a: Garchomp
|-supereffective|p1a: Garchomp
|-damage|p1a: Garchomp|43/100
|move|p1a: Garchomp|Scale Shot|p2a: Spirit
|-supereffective|p2a: Spirit
|-damage|p2a: Spirit|65/100
|-supereffective|p2a: Spirit
|-damage|p2a: Spirit|29/100
|-supereffective|p2a: Spirit
|-damage|p2a: Spirit|0 fnt
|faint|p2a: Spirit
|-hitcount|p2: Spirit|3
|-unboost|p1a: Garchomp|def|1
|-boost|p1a: Garchomp|spe|1
|
|upkeep
|
|t:|1779802050
|switch|p2a: R$50 00|Gholdengo|100/100
|turn|11
|
|t:|1779802060
|move|p1a: Garchomp|Earthquake|p2a: R$50 00
|-supereffective|p2a: R$50 00
|-damage|p2a: R$50 00|0 fnt
|faint|p2a: R$50 00
|
|win|mio12eews
|raw|mio12eews's rating: 1234 &rarr; <strong>1256</strong><br />(+22 for winning)
|raw|pixiedust064's rating: 1197 &rarr; <strong>1175</strong><br />(-22 for losing)
|l|☆mio12eews
|player|p1|
|l|☆pixiedust064
|player|p2|
