|j|☆RandumbRaccoon
|j|☆hat_fm
|t:|1779931088
|gametype|singles
|player|p1|RandumbRaccoon|ingo|1355
|player|p2|hat_fm|pilot|1378
|gen|9
|tier|[Gen 9] OU
|rated|
|rule|HP Percentage Mod: HP is shown in percentages
|rule|Endless Battle Clause: Forcing endless battles is banned
|rule|Species Clause: Limit one of each Pokémon
|rule|OHKO Clause: OHKO moves are banned
|rule|Evasion Items Clause: Evasion items are banned
|rule|Evasion Moves Clause: Evasion moves are banned
|rule|Evasion Abilities Clause: Evasion abilities are banned
|rule|Sleep Moves Clause: Sleep-inducing moves are banned
|clearpoke
|poke|p1|Ogerpon-Wellspring, F|
|poke|p1|Garganacl, M|
|poke|p1|Great Tusk|
|poke|p1|Dragonite, M|
|poke|p1|Moltres|
|poke|p1|Darkrai|
|poke|p2|Zamazenta-*|
|poke|p2|Ceruledge, M|
|poke|p2|Scizor, F|
|poke|p2|Donphan, M|
|poke|p2|Lycanroc-Dusk, F|
|poke|p2|Florges, F|
|teampreview
|inactive|Battle timer is ON: inactive players will automatically lose when time's up. (requested by RandumbRaccoon)
|
|t:|1779931094
|teamsize|p1|6
|teamsize|p2|6
|start
|switch|p1a: Ogerpon|Ogerpon-Wellspring, F|100/100
|switch|p2a: Donphan|Donphan, M|100/100
|turn|1
|
|t:|1779931104
|move|p1a: Ogerpon|Knock Off|p2a: Donphan
|-damage|p2a: Donphan|80/100
|-damage|p1a: Ogerpon|84/100|[from] item: Rocky Helmet|[of] p2a: Donphan
|-enditem|p2a: Donphan|Rocky Helmet|[from] move: Knock Off|[of] p1a: Ogerpon
|move|p2a: Donphan|Stealth Rock|p1a: Ogerpon
|-sidestart|p1: RandumbRaccoon|move: Stealth Rock
|
|upkeep
|turn|2
|
|t:|1779931117
|move|p1a: Ogerpon|Ivy Cudgel|p2a: Donphan|[anim] Ivy Cudgel Water
|-supereffective|p2a: Donphan
|-damage|p2a: Donphan|16/100
|move|p2a: Donphan|Earthquake|p1a: Ogerpon
|-resisted|p1a: Ogerpon
|-damage|p1a: Ogerpon|56/100
|
|upkeep
|turn|3
|
|t:|1779931123
|move|p1a: Ogerpon|Ivy Cudgel|p2a: Donphan|[anim] Ivy Cudgel Water
|-supereffective|p2a: Donphan
|-damage|p2a: Donphan|0 fnt
|faint|p2a: Donphan
|
|upkeep
|
|t:|1779931135
|switch|p2a: Scizor|Scizor, F|100/100
|turn|4
|
|t:|1779931146
|move|p1a: Ogerpon|Knock Off|p2a: Scizor
|-damage|p2a: Scizor|64/100
|-enditem|p2a: Scizor|Life Orb|[from] move: Knock Off|[of] p1a: Ogerpon
|move|p2a: Scizor|U-turn|p1a: Ogerpon
|-supereffective|p1a: Ogerpon
|-crit|p1a: Ogerpon
|-damage|p1a: Ogerpon|0 fnt
|faint|p1a: Ogerpon
|
|t:|1779931154
|switch|p2a: Lycanroc|Lycanroc-Dusk, F|100/100|[from] U-turn
|
|upkeep
|
|t:|1779931163
|switch|p1a: Garganacl|Garganacl, M|100/100
|-damage|p1a: Garganacl|88/100|[from] Stealth Rock
|turn|5
|
|t:|1779931182
|switch|p2a: Zamazenta|Zamazenta|100/100
|-ability|p2a: Zamazenta|Dauntless Shield|boost
|-boost|p2a: Zamazenta|def|1
|move|p1a: Garganacl|Protect||[still]
|-fail|p1a: Garganacl
|
|-heal|p1a: Garganacl|94/100|[from] item: Leftovers
|upkeep
|turn|6
|
|t:|1779931188
|move|p1a: Garganacl|Stealth Rock|p2a: Zamazenta
|-sidestart|p2: hat_fm|move: Stealth Rock
|move|p2a: Zamazenta|Roar|p1a: Garganacl
|drag|p1a: Great Tusk|Great Tusk|100/100
|
|upkeep
|turn|7
|
|t:|1779931194
|move|p2a: Zamazenta|Iron Defense|p2a: Zamazenta
|-boost|p2a: Zamazenta|def|2
|move|p1a: Great Tusk|Rapid Spin|p2a: Zamazenta
|-damage|p2a: Zamazenta|94/100
|-boost|p1a: Great Tusk|spe|1
|-sideend|p1: RandumbRaccoon|Stealth Rock|[from] move: Rapid Spin|[of] p1a: Great Tusk
|
|-heal|p2a: Zamazenta|100/100|[from] item: Leftovers
|upkeep
|turn|8
|
|t:|1779931197
|move|p1a: Great Tusk|Knock Off|p2a: Zamazenta
|-resisted|p2a: Zamazenta
|-damage|p2a: Zamazenta|95/100
|-enditem|p2a: Zamazenta|Leftovers|[from] move: Knock Off|[of] p1a: Great Tusk
|move|p2a: Zamazenta|Iron Defense|p2a: Zamazenta
|-boost|p2a: Zamazenta|def|2
|
|upkeep
|turn|9
|
|t:|1779931202
|-end|p1a: Great Tusk|Protosynthesis|[silent]
|switch|p1a: Moltres|Moltres|100/100
|move|p2a: Zamazenta|Iron Defense|p2a: Zamazenta
|-boost|p2a: Zamazenta|def|1
|
|upkeep
|turn|10
|
|t:|1779931208
|move|p2a: Zamazenta|Body Press|p1a: Moltres
|-resisted|p1a: Moltres
|-damage|p1a: Moltres|51/100
|move|p1a: Moltres|Will-O-Wisp|p2a: Zamazenta
|-status|p2a: Zamazenta|brn
|
|-damage|p2a: Zamazenta|89/100 brn|[from] brn
|upkeep
|turn|11
|
|t:|1779931216
|move|p2a: Zamazenta|Body Press|p1a: Moltres
|-resisted|p1a: Moltres
|-damage|p1a: Moltres|26/100
|move|p1a: Moltres|Roost|p1a: Moltres
|-heal|p1a: Moltres|76/100
|-singleturn|p1a: Moltres|move: Roost
|
|-damage|p2a: Zamazenta|83/100 brn|[from] brn
|upkeep
|turn|12
|
|t:|1779931224
|move|p1a: Moltres|Roost|p1a: Moltres
|-heal|p1a: Moltres|100/100
|-singleturn|p1a: Moltres|move: Roost
|move|p2a: Zamazenta|Roar|p1a: Moltres
|drag|p1a: Great Tusk|Great Tusk|100/100
|
|-damage|p2a: Zamazenta|77/100 brn|[from] brn
|upkeep
|turn|13
|
|t:|1779931228
|-end|p1a: Great Tusk|Protosynthesis|[silent]
|switch|p1a: Moltres|Moltres|100/100
|move|p2a: Zamazenta|Body Press|p1a: Moltres
|-resisted|p1a: Moltres
|-damage|p1a: Moltres|74/100
|
|-damage|p2a: Zamazenta|71/100 brn|[from] brn
|upkeep
|turn|14
|
|t:|1779931231
|move|p2a: Zamazenta|Body Press|p1a: Moltres
|-resisted|p1a: Moltres
|-damage|p1a: Moltres|45/100
|move|p1a: Moltres|Flamethrower|p2a: Zamazenta
|-crit|p2a: Zamazenta
|-damage|p2a: Zamazenta|29/100 brn
|
|-damage|p2a: Zamazenta|23/100 brn|[from] brn
|upkeep
|turn|15
|
|t:|1779931234
|move|p2a: Zamazenta|Body Press|p1a: Moltres
|-resisted|p1a: Moltres
|-damage|p1a: Moltres|19/100
|move|p1a: Moltres|Will-O-Wisp|p2a: Zamazenta
|-fail|p2a: Zamazenta|brn
|
|-damage|p2a: Zamazenta|17/100 brn|[from] brn
|upkeep
|turn|16
|
|t:|1779931239
|move|p2a: Zamazenta|Body Press|p1a: Moltres
|-resisted|p1a: Moltres
|-damage|p1a: Moltres|0 fnt
|faint|p1a: Moltres
|
|-damage|p2a: Zamazenta|11/100 brn|[from] brn
|upkeep
|
|t:|1779931243
|switch|p1a: Darkrai|Darkrai|100/100
|turn|17
|
|t:|1779931247
|move|p1a: Darkrai|Dark Pulse|p2a: Zamazenta
|-resisted|p2a: Zamazenta
|-damage|p2a: Zamazenta|0 fnt
|faint|p2a: Zamazenta
|
|upkeep
|
|t:|1779931251
|switch|p2a: Florges|Florges, F|100/100
|-damage|p2a: Florges|88/100|[from] Stealth Rock
|turn|18
|
|t:|1779931259
|switch|p1a: Garganacl|Garganacl, M|94/100
|move|p2a: Florges|Moonblast|p1a: Garganacl
|-damage|p1a: Garganacl|62/100
|
|-heal|p2a: Florges|94/100|[from] item: Leftovers
|-heal|p1a: Garganacl|68/100|[from] item: Leftovers
|upkeep
|turn|19
|
|t:|1779931262
|-terastallize|p2a: Florges|Grass
|move|p2a: Florges|Giga Drain|p1a: Garganacl
|-supereffective|p1a: Garganacl
|-damage|p1a: Garganacl|13/100
|-heal|p2a: Florges|100/100|[from] drain|[of] p1a: Garganacl
|move|p1a: Garganacl|Salt Cure|p2a: Florges
|-damage|p2a: Florges|82/100
|-start|p2a: Florges|Salt Cure
|
|-heal|p2a: Florges|88/100|[from] item: Leftovers
|-heal|p1a: Garganacl|20/100|[from] item: Leftovers
|-damage|p2a: Florges|76/100|[from] Salt Cure
|upkeep
|turn|20
|
|t:|1779931268
|move|p1a: Garganacl|Protect|p1a: Garganacl
|-singleturn|p1a: Garganacl|Protect
|move|p2a: Florges|Calm Mind|p2a: Florges
|-boost|p2a: Florges|spa|1
|-boost|p2a: Florges|spd|1
|
|-heal|p2a: Florges|82/100|[from] item: Leftovers
|-heal|p1a: Garganacl|26/100|[from] item: Leftovers
|-damage|p2a: Florges|69/100|[from] Salt Cure
|upkeep
|turn|21
|
|t:|1779931271
|switch|p1a: Darkrai|Darkrai|100/100
|move|p2a: Florges|Giga Drain|p1a: Darkrai
|-damage|p1a: Darkrai|18/100
|-heal|p2a: Florges|100/100|[from] drain|[of] p1a: Darkrai
|
|-damage|p2a: Florges|88/100|[from] Salt Cure
|upkeep
|turn|22
|
|t:|1779931278
|-terastallize|p1a: Darkrai|Poison
|move|p1a: Darkrai|Sludge Bomb|p2a: Florges
|-supereffective|p2a: Florges
|-damage|p2a: Florges|42/100
|move|p2a: Florges|Giga Drain|p1a: Darkrai
|-resisted|p1a: Darkrai
|-damage|p1a: Darkrai|0 fnt
|-heal|p2a: Florges|49/100|[from] drain|[of] p1a: Darkrai
|faint|p1a: Darkrai
|
|-heal|p2a: Florges|56/100|[from] item: Leftovers
|-damage|p2a: Florges|43/100|[from] Salt Cure
|upkeep
|
|t:|1779931286
|switch|p1a: Great Tusk|Great Tusk|100/100
|turn|23
|
|t:|1779931305
|switch|p2a: Scizor|Scizor, F|64/100
|-damage|p2a: Scizor|52/100|[from] Stealth Rock
|move|p1a: Great Tusk|Ice Spinner|p2a: Scizor
|-resisted|p2a: Scizor
|-damage|p2a: Scizor|39/100
|
|upkeep
|turn|24
|
|t:|1779931311
|move|p2a: Scizor|Bullet Punch|p1a: Great Tusk
|-damage|p1a: Great Tusk|75/100
|move|p1a: Great Tusk|Headlong Rush|p2a: Scizor
|-damage|p2a: Scizor|0 fnt
|-unboost|p1a: Great Tusk|def|1
|-unboost|p1a: Great Tusk|spd|1
|faint|p2a: Scizor
|
|upkeep
|
|t:|1779931314
|switch|p2a: Lycanroc|Lycanroc-Dusk, F|100/100
|-damage|p2a: Lycanroc|88/100|[from] Stealth Rock
|turn|25
|
|t:|1779931326
|-end|p1a: Great Tusk|Protosynthesis|[silent]
|switch|p1a: Garganacl|Garganacl, M|26/100
|move|p2a: Lycanroc|Zen Headbutt|p1a: Garganacl|[miss]
|-miss|p2a: Lycanroc|p1a: Garganacl
|
|-heal|p1a: Garganacl|32/100|[from] item: Leftovers
|upkeep
|turn|26
|
|t:|1779931341
|move|p2a: Lycanroc|Stone Edge|p1a: Garganacl
|-damage|p1a: Garganacl|0 fnt
|faint|p1a: Garganacl
|-damage|p2a: Lycanroc|78/100|[from] item: Life Orb
|
|upkeep
|
|t:|1779931349
|switch|p1a: Dragonite|Dragonite, M|100/100
|turn|27
|
|t:|1779931354
|move|p2a: Lycanroc|Stone Edge|p1a: Dragonite
|-supereffective|p1a: Dragonite
|-damage|p1a: Dragonite|28/100
|-damage|p2a: Lycanroc|68/100|[from] item: Life Orb
|move|p1a: Dragonite|Dragon Dance|p1a: Dragonite
|-boost|p1a: Dragonite|atk|1
|-boost|p1a: Dragonite|spe|1
|
|upkeep
|turn|28
|
|t:|1779931358
|move|p1a: Dragonite|Extreme Speed|p2a: Lycanroc
|-resisted|p2a: Lycanroc
|-damage|p2a: Lycanroc|28/100
|move|p2a: Lycanroc|Accelerock|p1a: Dragonite
|-supereffective|p1a: Dragonite
|-damage|p1a: Dragonite|0 fnt
|faint|p1a: Dragonite
|-damage|p2a: Lycanroc|18/100|[from] item: Life Orb
|
|upkeep
|
|t:|1779931361
|switch|p1a: Great Tusk|Great Tusk|75/100
|turn|29
|
|t:|1779931363
|move|p2a: Lycanroc|Zen Headbutt|p1a: Great Tusk
|-supereffective|p1a: Great Tusk
|-damage|p1a: Great Tusk|10/100
|-damage|p2a: Lycanroc|8/100|[from] item: Life Orb
|move|p1a: Great Tusk|Rapid Spin|p2a: Lycanroc
|-resisted|p2a: Lycanroc
|-damage|p2a: Lycanroc|0 fnt
|-boost|p1a: Great Tusk|spe|1
|faint|p2a: Lycanroc
|
|upkeep
|
|t:|1779931366
|switch|p2a: Ceruledge|Ceruledge, M|100/100
|-damage|p2a: Ceruledge|76/100|[from] Stealth Rock
|turn|30
|
|t:|1779931368
|move|p2a: Ceruledge|Shadow Sneak|p1a: Great Tusk
|-damage|p1a: Great Tusk|0 fnt
|faint|p1a: Great Tusk
|-end|p1a: Great Tusk|Protosynthesis|[silent]
|
|win|hat_fm
|raw|RandumbRaccoon's rating: 1355 &rarr; <strong>1336</strong><br />(-19 for losing)
|raw|hat_fm's rating: 1378 &rarr; <strong>1397</strong><br />(+19 for winning)
|l|☆RandumbRaccoon
|player|p1|
|l|☆hat_fm
|player|p2|
