|j|☆neoexmon
|j|☆hat_fm
|t:|1779848868
|gametype|singles
|player|p1|neoexmon|artist-gen4|1280
|player|p2|hat_fm|pilot|1348
|gen|9
|tier|[Gen 9] OU
|rated|
|rule|HP Percentage Mod: HP is shown in percentages
|rule|Endless Battle Clause: Forcing endless battles is banned
|rule|Species Clause: Limit one of each Pokémon
|rule|OHKO Clause: OHKO moves are banned
|rule|Evasion Items Clause: Evasion items are banned
|rule|Evasion Moves Clause: Evasion moves are banned
|rule|Evasion Abilities Clause: Evasion abilities are banned
|rule|Sleep Moves Clause: Sleep-inducing moves are banned
|clearpoke
|poke|p1|Zapdos-Galar|
|poke|p1|Great Tusk|
|poke|p1|Iron Crown|
|poke|p1|Weavile, M|
|poke|p1|Raging Bolt|
|poke|p1|Pecharunt|
|poke|p2|Zamazenta-*|
|poke|p2|Ceruledge, F|
|poke|p2|Scizor, F|
|poke|p2|Donphan, F|
|poke|p2|Lycanroc-Dusk, F|
|poke|p2|Florges, F|
|teampreview
|
|t:|1779848880
|teamsize|p1|6
|teamsize|p2|6
|start
|switch|p1a: Great Tusk|Great Tusk|100/100
|switch|p2a: Donphan|Donphan, F|100/100
|turn|1
|
|t:|1779848888
|move|p1a: Great Tusk|Rapid Spin|p2a: Donphan
|-damage|p2a: Donphan|91/100
|-boost|p1a: Great Tusk|spe|1
|-damage|p1a: Great Tusk|84/100|[from] item: Rocky Helmet|[of] p2a: Donphan
|move|p2a: Donphan|Stealth Rock|p1a: Great Tusk
|-sidestart|p1: neoexmon|move: Stealth Rock
|
|upkeep
|turn|2
|
|t:|1779848893
|move|p1a: Great Tusk|Ice Spinner|p2a: Donphan
|-supereffective|p2a: Donphan
|-damage|p2a: Donphan|61/100
|-damage|p1a: Great Tusk|68/100|[from] item: Rocky Helmet|[of] p2a: Donphan
|move|p2a: Donphan|Earthquake|p1a: Great Tusk
|-damage|p1a: Great Tusk|36/100
|
|upkeep
|turn|3
|
|t:|1779848907
|-end|p1a: Great Tusk|Protosynthesis|[silent]
|switch|p1a: Zapdos|Zapdos-Galar|100/100
|-damage|p1a: Zapdos|88/100|[from] Stealth Rock
|move|p2a: Donphan|Earthquake|p1a: Zapdos
|-immune|p1a: Zapdos
|
|upkeep
|turn|4
|
|t:|1779848917
|move|p1a: Zapdos|Close Combat|p2a: Donphan
|-damage|p2a: Donphan|27/100
|-unboost|p1a: Zapdos|def|1
|-unboost|p1a: Zapdos|spd|1
|-damage|p1a: Zapdos|72/100|[from] item: Rocky Helmet|[of] p2a: Donphan
|move|p2a: Donphan|Knock Off|p1a: Zapdos
|-resisted|p1a: Zapdos
|-damage|p1a: Zapdos|49/100
|-enditem|p1a: Zapdos|Choice Scarf|[from] move: Knock Off|[of] p2a: Donphan
|
|upkeep
|turn|5
|
|t:|1779848928
|move|p1a: Zapdos|Close Combat|p2a: Donphan
|-damage|p2a: Donphan|0 fnt
|-unboost|p1a: Zapdos|def|1
|-unboost|p1a: Zapdos|spd|1
|-damage|p1a: Zapdos|33/100|[from] item: Rocky Helmet|[of] p2a: Donphan
|faint|p2a: Donphan
|
|upkeep
|
|t:|1779848939
|switch|p2a: Lycanroc|Lycanroc-Dusk, F|100/100
|turn|6
|
|t:|1779848947
|switch|p1a: Pecharunt|Pecharunt|100/100
|move|p2a: Lycanroc|Zen Headbutt|p1a: Pecharunt
|-supereffective|p1a: Pecharunt
|-damage|p1a: Pecharunt|53/100
|-damage|p2a: Lycanroc|91/100|[from] item: Life Orb
|
|upkeep
|turn|7
|
|t:|1779848967
|-terastallize|p1a: Pecharunt|Dark
|move|p2a: Lycanroc|Zen Headbutt|p1a: Pecharunt
|-immune|p1a: Pecharunt
|move|p1a: Pecharunt|Recover|p1a: Pecharunt
|-heal|p1a: Pecharunt|100/100
|
|upkeep
|turn|8
|
|t:|1779848989
|switch|p2a: Scizor|Scizor, F|100/100
|move|p1a: Pecharunt|Malignant Chain|p2a: Scizor
|-immune|p2a: Scizor
|
|upkeep
|turn|9
|
|t:|1779848994
|move|p1a: Pecharunt|Parting Shot|p2a: Scizor
|-unboost|p2a: Scizor|atk|1
|-unboost|p2a: Scizor|spa|1
|
|t:|1779849009
|switch|p1a: Raging Bolt|Raging Bolt|100/100|[from] Parting Shot
|-damage|p1a: Raging Bolt|88/100|[from] Stealth Rock
|move|p2a: Scizor|U-turn|p1a: Raging Bolt
|-damage|p1a: Raging Bolt|56/100
|-damage|p2a: Scizor|91/100|[from] item: Life Orb
|
|t:|1779849019
|switch|p2a: Florges|Florges, F|100/100|[from] U-turn
|
|upkeep
|turn|10
|
|t:|1779849033
|-end|p1a: Raging Bolt|Protosynthesis|[silent]
|switch|p1a: Iron Crown|Iron Crown|100/100
|-damage|p1a: Iron Crown|94/100|[from] Stealth Rock
|move|p2a: Florges|Calm Mind|p2a: Florges
|-boost|p2a: Florges|spa|1
|-boost|p2a: Florges|spd|1
|
|upkeep
|turn|11
|
|t:|1779849041
|-terastallize|p2a: Florges|Grass
|move|p1a: Iron Crown|Tachyon Cutter|p2a: Florges
|-damage|p2a: Florges|90/100
|-damage|p2a: Florges|79/100
|-hitcount|p2a: Florges|2
|move|p2a: Florges|Calm Mind|p2a: Florges
|-boost|p2a: Florges|spa|1
|-boost|p2a: Florges|spd|1
|
|-heal|p2a: Florges|85/100|[from] item: Leftovers
|upkeep
|turn|12
|
|t:|1779849048
|move|p1a: Iron Crown|Volt Switch|p2a: Florges
|-resisted|p2a: Florges
|-damage|p2a: Florges|81/100
|
|t:|1779849055
|-end|p1a: Iron Crown|Quark Drive|[silent]
|switch|p1a: Great Tusk|Great Tusk|36/100|[from] Volt Switch
|move|p2a: Florges|Giga Drain|p1a: Great Tusk
|-supereffective|p1a: Great Tusk
|-damage|p1a: Great Tusk|0 fnt
|-heal|p2a: Florges|100/100|[from] drain|[of] p1a: Great Tusk
|faint|p1a: Great Tusk
|-end|p1a: Great Tusk|Protosynthesis|[silent]
|
|upkeep
|
|t:|1779849066
|switch|p1a: Zapdos|Zapdos-Galar|33/100
|-damage|p1a: Zapdos|20/100|[from] Stealth Rock
|turn|13
|
|t:|1779849072
|move|p1a: Zapdos|Brave Bird|p2a: Florges
|-supereffective|p2a: Florges
|-damage|p2a: Florges|0 fnt
|faint|p2a: Florges
|-damage|p1a: Zapdos|0 fnt|[from] Recoil
|faint|p1a: Zapdos
|
|upkeep
|
|t:|1779849101
|switch|p1a: Pecharunt|Pecharunt, tera:Dark|100/100
|switch|p2a: Lycanroc|Lycanroc-Dusk, F|91/100
|turn|14
|
|t:|1779849109
|switch|p2a: Scizor|Scizor, F|91/100
|move|p1a: Pecharunt|Foul Play|p2a: Scizor
|-damage|p2a: Scizor|35/100
|
|upkeep
|turn|15
|
|t:|1779849121
|move|p2a: Scizor|Bullet Punch|p1a: Pecharunt
|-damage|p1a: Pecharunt|80/100
|-damage|p2a: Scizor|25/100|[from] item: Life Orb
|move|p1a: Pecharunt|Foul Play|p2a: Scizor
|-damage|p2a: Scizor|0 fnt
|faint|p2a: Scizor
|
|upkeep
|
|t:|1779849126
|switch|p2a: Zamazenta|Zamazenta|100/100
|-ability|p2a: Zamazenta|Dauntless Shield|boost
|-boost|p2a: Zamazenta|def|1
|turn|16
|
|t:|1779849133
|move|p2a: Zamazenta|Body Press|p1a: Pecharunt
|-supereffective|p1a: Pecharunt
|-damage|p1a: Pecharunt|30/100
|move|p1a: Pecharunt|Malignant Chain|p2a: Zamazenta
|-damage|p2a: Zamazenta|76/100
|
|-heal|p2a: Zamazenta|82/100|[from] item: Leftovers
|upkeep
|turn|17
|
|t:|1779849146
|move|p2a: Zamazenta|Body Press|p1a: Pecharunt
|-supereffective|p1a: Pecharunt
|-damage|p1a: Pecharunt|0 fnt
|faint|p1a: Pecharunt
|
|-heal|p2a: Zamazenta|88/100|[from] item: Leftovers
|upkeep
|
|t:|1779849160
|switch|p1a: Iron Crown|Iron Crown|94/100
|-damage|p1a: Iron Crown|88/100|[from] Stealth Rock
|turn|18
|
|t:|1779849167
|move|p2a: Zamazenta|Body Press|p1a: Iron Crown
|-damage|p1a: Iron Crown|29/100
|move|p1a: Iron Crown|Future Sight|p2a: Zamazenta
|-start|p1a: Iron Crown|move: Future Sight
|
|-heal|p2a: Zamazenta|94/100|[from] item: Leftovers
|upkeep
|turn|19
|
|t:|1779849176
|move|p2a: Zamazenta|Body Press|p1a: Iron Crown
|-damage|p1a: Iron Crown|0 fnt
|faint|p1a: Iron Crown
|-end|p1a: Iron Crown|Quark Drive|[silent]
|
|-heal|p2a: Zamazenta|100/100|[from] item: Leftovers
|upkeep
|
|t:|1779849180
|switch|p1a: Raging Bolt|Raging Bolt|56/100
|-damage|p1a: Raging Bolt|44/100|[from] Stealth Rock
|turn|20
|
|t:|1779849187
|move|p1a: Raging Bolt|Thunderclap||[still]
|-fail|p1a: Raging Bolt
|move|p2a: Zamazenta|Roar|p1a: Raging Bolt
|-end|p1a: Raging Bolt|Protosynthesis|[silent]
|drag|p1a: Weavile|Weavile, M|100/100
|-damage|p1a: Weavile|76/100|[from] Stealth Rock
|-ability|p1a: Weavile|Pressure
|
|-end|p2a: Zamazenta|move: Future Sight
|-supereffective|p2a: Zamazenta
|-damage|p2a: Zamazenta|6/100
|-heal|p2a: Zamazenta|13/100|[from] item: Leftovers
|upkeep
|turn|21
|
|t:|1779849201
|move|p1a: Weavile|Ice Shard|p2a: Zamazenta
|-damage|p2a: Zamazenta|0 fnt
|faint|p2a: Zamazenta
|
|upkeep
|
|t:|1779849204
|switch|p2a: Lycanroc|Lycanroc-Dusk, F|91/100
|turn|22
|
|t:|1779849207
|switch|p1a: Raging Bolt|Raging Bolt|44/100
|-damage|p1a: Raging Bolt|32/100|[from] Stealth Rock
|move|p2a: Lycanroc|Accelerock|p1a: Raging Bolt
|-damage|p1a: Raging Bolt|0 fnt
|faint|p1a: Raging Bolt
|-end|p1a: Raging Bolt|Protosynthesis|[silent]
|-damage|p2a: Lycanroc|81/100|[from] item: Life Orb
|
|upkeep
|
|t:|1779849215
|switch|p1a: Weavile|Weavile, M|76/100
|-damage|p1a: Weavile|51/100|[from] Stealth Rock
|-ability|p1a: Weavile|Pressure
|turn|23
|
|t:|1779849224
|move|p2a: Lycanroc|Accelerock|p1a: Weavile
|-supereffective|p1a: Weavile
|-damage|p1a: Weavile|0 fnt
|faint|p1a: Weavile
|-damage|p2a: Lycanroc|71/100|[from] item: Life Orb
|
|win|hat_fm
|raw|neoexmon's rating: 1280 &rarr; <strong>1260</strong><br />(-20 for losing)
|raw|hat_fm's rating: 1348 &rarr; <strong>1364</strong><br />(+16 for winning)
|l|☆hat_fm
|player|p2|
|l|☆neoexmon
|player|p1|
