|j|☆AnythingTeam
|j|☆AKGD
|t:|1779908011
|gametype|singles
|player|p1|AnythingTeam|265|1428
|player|p2|AKGD|miku-flying|1470
|gen|9
|tier|[Gen 9] OU
|rated|
|rule|HP Percentage Mod: HP is shown in percentages
|rule|Endless Battle Clause: Forcing endless battles is banned
|rule|Species Clause: Limit one of each Pokémon
|rule|OHKO Clause: OHKO moves are banned
|rule|Evasion Items Clause: Evasion items are banned
|rule|Evasion Moves Clause: Evasion moves are banned
|rule|Evasion Abilities Clause: Evasion abilities are banned
|rule|Sleep Moves Clause: Sleep-inducing moves are banned
|clearpoke
|poke|p1|Cresselia, F|
|poke|p1|Heatran, M|
|poke|p1|Great Tusk|
|poke|p1|Dragapult, M|
|poke|p1|Ogerpon-Wellspring, F|
|poke|p1|Zapdos|
|poke|p2|Iron Moth|
|poke|p2|Ogerpon-Wellspring, F|
|poke|p2|Raging Bolt|
|poke|p2|Great Tusk|
|poke|p2|Darkrai|
|poke|p2|Deoxys-Speed|
|teampreview
|inactive|Battle timer is ON: inactive players will automatically lose when time's up. (requested by AKGD)
|
|t:|1779908035
|teamsize|p1|6
|teamsize|p2|6
|start
|switch|p1a: Heatran|Heatran, M|100/100
|switch|p2a: Deoxys|Deoxys-Speed|100/100
|-ability|p2a: Deoxys|Pressure
|turn|1
|
|t:|1779908043
|move|p2a: Deoxys|Taunt|p1a: Heatran
|-start|p1a: Heatran|move: Taunt
|cant|p1a: Heatran|move: Taunt|Taunt
|
|upkeep
|turn|2
|
|t:|1779908049
|move|p2a: Deoxys|Light Screen|p2a: Deoxys
|-sidestart|p2: AKGD|move: Light Screen
|move|p1a: Heatran|Magma Storm|p2a: Deoxys|[miss]
|-miss|p1a: Heatran|p2a: Deoxys
|
|upkeep
|turn|3
|
|t:|1779908058
|move|p2a: Deoxys|Reflect|p2a: Deoxys
|-sidestart|p2: AKGD|Reflect
|move|p1a: Heatran|Magma Storm|p2a: Deoxys|[miss]
|-miss|p1a: Heatran|p2a: Deoxys
|
|-end|p1a: Heatran|move: Taunt
|upkeep
|turn|4
|
|t:|1779908064
|move|p2a: Deoxys|Taunt|p1a: Heatran
|-start|p1a: Heatran|move: Taunt
|move|p1a: Heatran|Magma Storm|p2a: Deoxys|[miss]
|-miss|p1a: Heatran|p2a: Deoxys
|
|upkeep
|turn|5
|
|t:|1779908073
|switch|p2a: Darkrai|Darkrai|100/100
|move|p1a: Heatran|Magma Storm|p2a: Darkrai
|-damage|p2a: Darkrai|73/100
|-activate|p2a: Darkrai|move: Magma Storm|[of] p1a: Heatran
|
|-damage|p2a: Darkrai|60/100|[from] move: Magma Storm|[partiallytrapped]
|upkeep
|turn|6
|
|t:|1779908086
|move|p2a: Darkrai|Dark Pulse|p1a: Heatran
|-damage|p1a: Heatran|73/100
|move|p1a: Heatran|Magma Storm|p2a: Darkrai
|-damage|p2a: Darkrai|34/100
|
|-heal|p1a: Heatran|79/100|[from] item: Leftovers
|-damage|p2a: Darkrai|21/100|[from] move: Magma Storm|[partiallytrapped]
|-end|p1a: Heatran|move: Taunt
|upkeep
|turn|7
|
|t:|1779908097
|move|p2a: Darkrai|Focus Blast|p1a: Heatran|[miss]
|-miss|p2a: Darkrai|p1a: Heatran
|move|p1a: Heatran|Stealth Rock|p2a: Darkrai
|-sidestart|p2: AKGD|move: Stealth Rock
|
|-heal|p1a: Heatran|85/100|[from] item: Leftovers
|-damage|p2a: Darkrai|9/100|[from] move: Magma Storm|[partiallytrapped]
|upkeep
|turn|8
|
|t:|1779908105
|move|p1a: Heatran|Protect|p1a: Heatran
|-singleturn|p1a: Heatran|Protect
|move|p2a: Darkrai|Dark Pulse|p1a: Heatran
|-activate|p1a: Heatran|move: Protect
|
|-heal|p1a: Heatran|91/100|[from] item: Leftovers
|-damage|p2a: Darkrai|0 fnt|[from] move: Magma Storm|[partiallytrapped]
|faint|p2a: Darkrai
|upkeep
|
|t:|1779908128
|switch|p2a: Ogerpon|Ogerpon-Wellspring, F|100/100
|-damage|p2a: Ogerpon|88/100|[from] Stealth Rock
|turn|9
|
|t:|1779908135
|switch|p1a: Ogerpon|Ogerpon-Wellspring, F|100/100
|move|p2a: Ogerpon|Swords Dance|p2a: Ogerpon
|-boost|p2a: Ogerpon|atk|2
|
|-sideend|p2: AKGD|move: Light Screen
|upkeep
|turn|10
|
|t:|1779908148
|move|p2a: Ogerpon|Trailblaze|p1a: Ogerpon
|-damage|p1a: Ogerpon|27/100
|-boost|p2a: Ogerpon|spe|1
|move|p1a: Ogerpon|Encore|p2a: Ogerpon
|-start|p2a: Ogerpon|Encore
|
|-sideend|p2: AKGD|Reflect
|upkeep
|turn|11
|
|t:|1779908157
|switch|p1a: Zapdos|Zapdos|100/100
|move|p2a: Ogerpon|Trailblaze|p1a: Zapdos
|-resisted|p1a: Zapdos
|-damage|p1a: Zapdos|68/100
|-boost|p2a: Ogerpon|spe|1
|-status|p2a: Ogerpon|par|[from] ability: Static|[of] p1a: Zapdos
|
|upkeep
|turn|12
|
|t:|1779908165
|cant|p2a: Ogerpon|par
|move|p1a: Zapdos|Hurricane|p2a: Ogerpon
|-supereffective|p2a: Ogerpon
|-damage|p2a: Ogerpon|0 fnt
|faint|p2a: Ogerpon
|
|upkeep
|
|t:|1779908180
|switch|p2a: Dragonship|Great Tusk|100/100
|-damage|p2a: Dragonship|97/100|[from] Stealth Rock
|-enditem|p2a: Dragonship|Booster Energy
|-activate|p2a: Dragonship|ability: Protosynthesis|[fromitem]
|-start|p2a: Dragonship|protosynthesisspe
|turn|13
|
|t:|1779908197
|-terastallize|p2a: Dragonship|Steel
|move|p2a: Dragonship|Bulk Up|p2a: Dragonship
|-boost|p2a: Dragonship|atk|1
|-boost|p2a: Dragonship|def|1
|move|p1a: Zapdos|Hurricane|p2a: Dragonship|[miss]
|-miss|p1a: Zapdos|p2a: Dragonship
|
|upkeep
|turn|14
|
|t:|1779908208
|move|p2a: Dragonship|Bulk Up|p2a: Dragonship
|-boost|p2a: Dragonship|atk|1
|-boost|p2a: Dragonship|def|1
|move|p1a: Zapdos|Heat Wave|p2a: Dragonship|[miss]
|-miss|p1a: Zapdos|p2a: Dragonship
|
|upkeep
|turn|15
|
|t:|1779908217
|move|p2a: Dragonship|Ice Spinner|p1a: Zapdos
|-supereffective|p1a: Zapdos
|-damage|p1a: Zapdos|0 fnt
|faint|p1a: Zapdos
|
|upkeep
|
|t:|1779908229
|switch|p1a: Cresselia|Cresselia, F|100/100
|turn|16
|
|t:|1779908236
|move|p2a: Dragonship|Bulk Up|p2a: Dragonship
|-boost|p2a: Dragonship|atk|1
|-boost|p2a: Dragonship|def|1
|move|p1a: Cresselia|Thunder Wave|p2a: Dragonship
|-status|p2a: Dragonship|par
|
|upkeep
|turn|17
|
|t:|1779908249
|switch|p1a: Ogerpon|Ogerpon-Wellspring, F|27/100
|move|p2a: Dragonship|Rapid Spin|p1a: Ogerpon
|-damage|p1a: Ogerpon|0 fnt
|-boost|p2a: Dragonship|spe|1
|-sideend|p2: AKGD|Stealth Rock|[from] move: Rapid Spin|[of] p2a: Dragonship
|faint|p1a: Ogerpon
|
|upkeep
|
|t:|1779908255
|switch|p1a: Dragapult|Dragapult, M|100/100
|turn|18
|
|t:|1779908271
|move|p1a: Dragapult|Hex|p2a: Dragonship
|-damage|p2a: Dragonship|41/100 par
|move|p2a: Dragonship|Ice Spinner|p1a: Dragapult
|-supereffective|p1a: Dragapult
|-damage|p1a: Dragapult|0 fnt
|faint|p1a: Dragapult
|
|upkeep
|inactive|AnythingTeam has 120 seconds left.
|
|t:|1779908311
|switch|p1a: Cresselia|Cresselia, F|100/100
|turn|19
|inactive|AnythingTeam has 120 seconds left.
|
|t:|1779908319
|move|p2a: Dragonship|Ice Spinner|p1a: Cresselia
|-damage|p1a: Cresselia|71/100
|-damage|p2a: Dragonship|25/100 par|[from] item: Rocky Helmet|[of] p1a: Cresselia
|move|p1a: Cresselia|Moonblast|p2a: Dragonship
|-resisted|p2a: Dragonship
|-damage|p2a: Dragonship|14/100 par
|-unboost|p2a: Dragonship|spa|1
|
|upkeep
|turn|20
|inactive|AnythingTeam has 120 seconds left.
|
|t:|1779908334
|move|p2a: Dragonship|Ice Spinner|p1a: Cresselia
|-crit|p1a: Cresselia
|-damage|p1a: Cresselia|27/100
|-damage|p2a: Dragonship|0 fnt|[from] item: Rocky Helmet|[of] p1a: Cresselia
|faint|p2a: Dragonship
|-end|p2a: Dragonship|Protosynthesis|[silent]
|move|p1a: Cresselia|Moonblast|p2: Dragonship|[notarget]
|-fail|p1a: Cresselia
|
|upkeep
|
|t:|1779908342
|switch|p2a: Deoxys|Deoxys-Speed|100/100
|-ability|p2a: Deoxys|Pressure
|turn|21
|
|t:|1779908349
|move|p2a: Deoxys|Taunt|p1a: Cresselia
|-start|p1a: Cresselia|move: Taunt
|cant|p1a: Cresselia|move: Taunt|Moonlight
|
|upkeep
|turn|22
|
|t:|1779908357
|move|p2a: Deoxys|Light Screen|p2a: Deoxys
|-sidestart|p2: AKGD|move: Light Screen
|move|p1a: Cresselia|Moonblast|p2a: Deoxys
|-damage|p2a: Deoxys|91/100
|
|upkeep
|turn|23
|-message|AnythingTeam forfeited.
|
|win|AKGD
|raw|AnythingTeam's rating: 1428 &rarr; <strong>1410</strong><br />(-18 for losing)
|raw|AKGD's rating: 1470 &rarr; <strong>1488</strong><br />(+18 for winning)
|l|☆AnythingTeam
|player|p1|
|c|☆AKGD|gg
