|j|☆pixiedust064
|j|☆EspaguetiCosmico
|t:|1779801476
|gametype|singles
|player|p1|pixiedust064|102|1170
|player|p2|EspaguetiCosmico|crasherwake|1192
|gen|9
|tier|[Gen 9] OU
|rated|
|rule|HP Percentage Mod: HP is shown in percentages
|rule|Endless Battle Clause: Forcing endless battles is banned
|rule|Species Clause: Limit one of each Pokémon
|rule|OHKO Clause: OHKO moves are banned
|rule|Evasion Items Clause: Evasion items are banned
|rule|Evasion Moves Clause: Evasion moves are banned
|rule|Evasion Abilities Clause: Evasion abilities are banned
|rule|Sleep Moves Clause: Sleep-inducing moves are banned
|clearpoke
|poke|p1|Ceruledge, F|
|poke|p1|Mimikyu, F|
|poke|p1|Dragapult, M|
|poke|p1|Gholdengo|
|poke|p1|Skeledirge, M|
|poke|p1|Froslass, F|
|poke|p2|Flamigo, F|
|poke|p2|Meowscarada, F|
|poke|p2|Zoroark-Hisui, M|
|poke|p2|Glimmora, M|
|poke|p2|Kingambit, M|
|poke|p2|Iron Valiant|
|teampreview
|inactive|Battle timer is ON: inactive players will automatically lose when time's up. (requested by pixiedust064)
|
|t:|1779801482
|teamsize|p1|6
|teamsize|p2|6
|start
|switch|p1a: Ramona|Froslass, F|100/100
|switch|p2a: Glimmora|Glimmora, M|100/100
|turn|1
|
|t:|1779801489
|move|p1a: Ramona|Taunt|p2a: Glimmora
|-start|p2a: Glimmora|move: Taunt
|cant|p2a: Glimmora|move: Taunt|Stealth Rock
|
|upkeep
|turn|2
|
|t:|1779801504
|switch|p2a: Kingambit|Kingambit, M|100/100
|move|p1a: Ramona|Spikes|p2a: Kingambit
|-sidestart|p2: EspaguetiCosmico|Spikes
|
|upkeep
|turn|3
|j| ICEDIN&OUT1
|
|t:|1779801510
|move|p2a: Kingambit|Flamethrower|p1a: Ramona
|-supereffective|p1a: Ramona
|-enditem|p1a: Ramona|Focus Sash
|-damage|p1a: Ramona|1/100
|move|p1a: Ramona|Icy Wind|p2a: Kingambit
|-damage|p2a: Kingambit|60/100
|-unboost|p2a: Kingambit|spe|1
|replace|p2a: Zoroark|Zoroark-Hisui, M
|-end|p2a: Zoroark|Illusion
|
|upkeep
|turn|4
|
|t:|1779801521
|move|p1a: Ramona|Destiny Bond|p1a: Ramona
|-singlemove|p1a: Ramona|Destiny Bond
|move|p2a: Zoroark|Flamethrower|p1a: Ramona
|-supereffective|p1a: Ramona
|-damage|p1a: Ramona|0 fnt
|faint|p1a: Ramona
|-activate|p1a: Ramona|move: Destiny Bond
|faint|p2a: Zoroark
|
|upkeep
|
|t:|1779801533
|switch|p1a: Zuko|Ceruledge, F|100/100
|switch|p2a: Glimmora|Glimmora, M|100/100
|-damage|p2a: Glimmora|88/100|[from] Spikes
|turn|5
|
|t:|1779801541
|move|p2a: Glimmora|Stealth Rock|p1a: Zuko
|-sidestart|p1: pixiedust064|move: Stealth Rock
|move|p1a: Zuko|Swords Dance|p1a: Zuko
|-boost|p1a: Zuko|atk|2
|
|upkeep
|turn|6
|l| ICEDIN&OUT1
|
|t:|1779801548
|move|p2a: Glimmora|Earth Power|p1a: Zuko
|-supereffective|p1a: Zuko
|-damage|p1a: Zuko|31/100
|move|p1a: Zuko|Swords Dance|p1a: Zuko
|-boost|p1a: Zuko|atk|2
|
|upkeep
|turn|7
|
|t:|1779801565
|move|p1a: Zuko|Shadow Sneak|p2a: Glimmora
|-damage|p2a: Glimmora|24/100
|-activate|p2a: Glimmora|ability: Toxic Debris
|-sidestart|p1: pixiedust064|move: Toxic Spikes
|move|p2a: Glimmora|Earth Power|p1a: Zuko
|-supereffective|p1a: Zuko
|-damage|p1a: Zuko|0 fnt
|faint|p1a: Zuko
|
|upkeep
|
|t:|1779801574
|switch|p1a: R$50 00|Gholdengo|100/100
|-damage|p1a: R$50 00|94/100|[from] Stealth Rock
|turn|8
|
|t:|1779801583
|move|p2a: Glimmora|Earth Power|p1a: R$50 00
|-supereffective|p1a: R$50 00
|-damage|p1a: R$50 00|32/100
|move|p1a: R$50 00|Make It Rain|p2a: Glimmora
|-supereffective|p2a: Glimmora
|-damage|p2a: Glimmora|0 fnt
|-unboost|p1a: R$50 00|spa|1
|faint|p2a: Glimmora
|
|-heal|p1a: R$50 00|38/100|[from] item: Leftovers
|upkeep
|
|t:|1779801601
|switch|p2a: Meowscarada|Meowscarada, F|100/100
|-damage|p2a: Meowscarada|88/100|[from] Spikes
|turn|9
|
|t:|1779801608
|move|p2a: Meowscarada|Trick|p1a: R$50 00
|-start|p2a: Meowscarada|typechange|Psychic|[from] ability: Protean
|-immune|p1a: R$50 00|[from] ability: Good as Gold
|move|p1a: R$50 00|Make It Rain|p2a: Meowscarada
|-damage|p2a: Meowscarada|15/100
|-unboost|p1a: R$50 00|spa|1
|
|-heal|p1a: R$50 00|44/100|[from] item: Leftovers
|upkeep
|turn|10
|inactive|EspaguetiCosmico has 120 seconds left.
|
|t:|1779801640
|switch|p2a: Iron Valiant|Iron Valiant|100/100
|-damage|p2a: Iron Valiant|88/100|[from] Spikes
|-enditem|p2a: Iron Valiant|Booster Energy
|-activate|p2a: Iron Valiant|ability: Quark Drive|[fromitem]
|-start|p2a: Iron Valiant|quarkdrivespe
|move|p1a: R$50 00|Shadow Ball|p2a: Iron Valiant
|-damage|p2a: Iron Valiant|43/100
|
|-heal|p1a: R$50 00|50/100|[from] item: Leftovers
|upkeep
|turn|11
|inactive|EspaguetiCosmico has 120 seconds left.
|
|t:|1779801656
|move|p2a: Iron Valiant|Thunderbolt|p1a: R$50 00
|-damage|p1a: R$50 00|20/100
|move|p1a: R$50 00|Make It Rain|p2a: Iron Valiant
|-supereffective|p2a: Iron Valiant
|-damage|p2a: Iron Valiant|0 fnt
|-unboost|p1a: R$50 00|spa|1
|faint|p2a: Iron Valiant
|-end|p2a: Iron Valiant|Quark Drive|[silent]
|
|-heal|p1a: R$50 00|26/100|[from] item: Leftovers
|upkeep
|
|t:|1779801667
|switch|p2a: Flamigo|Flamigo, F|100/100
|turn|12
|inactive|pixiedust064 has 120 seconds left.
|
|t:|1779801698
|move|p2a: Flamigo|Brave Bird|p1a: R$50 00
|-resisted|p1a: R$50 00
|-damage|p1a: R$50 00|0 fnt
|faint|p1a: R$50 00
|-damage|p2a: Flamigo|91/100|[from] Recoil
|
|upkeep
|inactive|pixiedust064 has 120 seconds left.
|
|t:|1779801729
|switch|p1a: Trapinho|Mimikyu, F|100/100
|-damage|p1a: Trapinho|88/100|[from] Stealth Rock
|-status|p1a: Trapinho|psn
|turn|13
|inactive|EspaguetiCosmico has 120 seconds left.
|
|t:|1779801756
|move|p1a: Trapinho|Play Rough|p2a: Flamigo
|-supereffective|p2a: Flamigo
|-damage|p2a: Flamigo|0 fnt
|faint|p2a: Flamigo
|
|-damage|p1a: Trapinho|76/100 psn|[from] psn
|upkeep
|
|t:|1779801762
|switch|p2a: Meowscarada|Meowscarada, F|15/100
|-damage|p2a: Meowscarada|3/100|[from] Spikes
|turn|14
|
|t:|1779801766
|move|p1a: Trapinho|Shadow Sneak|p2a: Meowscarada
|-resisted|p2a: Meowscarada
|-damage|p2a: Meowscarada|0 fnt
|faint|p2a: Meowscarada
|
|-damage|p1a: Trapinho|63/100 psn|[from] psn
|upkeep
|
|t:|1779801771
|switch|p2a: Kingambit|Kingambit, M|100/100
|-activate|p2a: Kingambit|ability: Supreme Overlord
|-start|p2a: Kingambit|fallen5|[silent]
|-item|p2a: Kingambit|Air Balloon
|turn|15
|
|t:|1779801780
|move|p1a: Trapinho|Shadow Sneak|p2a: Kingambit
|-resisted|p2a: Kingambit
|-damage|p2a: Kingambit|93/100
|-enditem|p2a: Kingambit|Air Balloon
|move|p2a: Kingambit|Sucker Punch||[still]
|-fail|p2a: Kingambit
|
|-damage|p1a: Trapinho|51/100 psn|[from] psn
|upkeep
|turn|16
|inactive|EspaguetiCosmico has 120 seconds left.
|
|t:|1779801787
|move|p1a: Trapinho|Drain Punch|p2a: Kingambit
|-supereffective|p2a: Kingambit
|-damage|p2a: Kingambit|28/100
|-heal|p1a: Trapinho|95/100 psn|[from] drain|[of] p2a: Kingambit
|move|p2a: Kingambit|Swords Dance|p2a: Kingambit
|-boost|p2a: Kingambit|atk|2
|
|-damage|p1a: Trapinho|83/100 psn|[from] psn
|upkeep
|turn|17
|inactive|EspaguetiCosmico has 120 seconds left.
|
|t:|1779801800
|move|p1a: Trapinho|Shadow Sneak|p2a: Kingambit
|-resisted|p2a: Kingambit
|-damage|p2a: Kingambit|20/100
|move|p2a: Kingambit|Sucker Punch||[still]
|-fail|p2a: Kingambit
|
|-damage|p1a: Trapinho|70/100 psn|[from] psn
|upkeep
|turn|18
|
|t:|1779801806
|move|p1a: Trapinho|Drain Punch|p2a: Kingambit
|-supereffective|p2a: Kingambit
|-damage|p2a: Kingambit|0 fnt
|-heal|p1a: Trapinho|84/100 psn|[from] drain|[of] p2a: Kingambit
|faint|p2a: Kingambit
|-end|p2a: Kingambit|fallen5|[silent]
|
|win|pixiedust064
|raw|pixiedust064's rating: 1170 &rarr; <strong>1197</strong><br />(+27 for winning)
|raw|EspaguetiCosmico's rating: 1192 &rarr; <strong>1165</strong><br />(-27 for losing)
|l|☆EspaguetiCosmico
|player|p2|
|l|☆pixiedust064
|player|p1|
