|j|☆Shabooya1
|j|☆Opem
|t:|1779972501
|gametype|singles
|player|p1|Shabooya1|brycenman|1378
|player|p2|Opem|juggler|1366
|gen|9
|tier|[Gen 9] OU
|rated|
|rule|HP Percentage Mod: HP is shown in percentages
|rule|Endless Battle Clause: Forcing endless battles is banned
|rule|Species Clause: Limit one of each Pokémon
|rule|OHKO Clause: OHKO moves are banned
|rule|Evasion Items Clause: Evasion items are banned
|rule|Evasion Moves Clause: Evasion moves are banned
|rule|Evasion Abilities Clause: Evasion abilities are banned
|rule|Sleep Moves Clause: Sleep-inducing moves are banned
|clearpoke
|poke|p1|Ninetales-Alola, F|
|poke|p1|Gliscor, F|
|poke|p1|Darkrai|
|poke|p1|Gholdengo|
|poke|p1|Ogerpon-Wellspring, F|
|poke|p1|Ceruledge, M|
|poke|p2|Yanmega, F|
|poke|p2|Iron Moth|
|poke|p2|Gholdengo|
|poke|p2|Samurott-Hisui, M|
|poke|p2|Darkrai|
|poke|p2|Great Tusk|
|teampreview
|
|t:|1779972511
|teamsize|p1|6
|teamsize|p2|6
|start
|switch|p1a: Ogerpon|Ogerpon-Wellspring, F|100/100
|switch|p2a: Iron Moth|Iron Moth|100/100
|-enditem|p2a: Iron Moth|Booster Energy
|-activate|p2a: Iron Moth|ability: Quark Drive|[fromitem]
|-start|p2a: Iron Moth|quarkdrivespa
|turn|1
|
|t:|1779972515
|move|p1a: Ogerpon|Ivy Cudgel|p2a: Iron Moth|[anim] Ivy Cudgel Water
|-supereffective|p2a: Iron Moth
|-damage|p2a: Iron Moth|0 fnt
|faint|p2a: Iron Moth
|-end|p2a: Iron Moth|Quark Drive|[silent]
|
|upkeep
|
|t:|1779972520
|switch|p2a: Darkrai|Darkrai|100/100
|turn|2
|
|t:|1779972526
|move|p2a: Darkrai|Sludge Bomb|p1a: Ogerpon
|-supereffective|p1a: Ogerpon
|-damage|p1a: Ogerpon|3/100
|-damage|p2a: Darkrai|91/100|[from] item: Life Orb
|move|p1a: Ogerpon|Play Rough|p2a: Darkrai
|-supereffective|p2a: Darkrai
|-damage|p2a: Darkrai|0 fnt
|faint|p2a: Darkrai
|
|upkeep
|
|t:|1779972530
|switch|p2a: Yanmega|Yanmega, F|100/100
|turn|3
|
|t:|1779972535
|move|p2a: Yanmega|Detect|p2a: Yanmega
|-singleturn|p2a: Yanmega|Protect
|move|p1a: Ogerpon|Ivy Cudgel|p2a: Yanmega|[anim] Ivy Cudgel Water
|-activate|p2a: Yanmega|move: Protect
|
|-ability|p2a: Yanmega|Speed Boost|boost
|-boost|p2a: Yanmega|spe|1
|upkeep
|turn|4
|
|t:|1779972538
|move|p2a: Yanmega|Bug Buzz|p1a: Ogerpon
|-supereffective|p1a: Ogerpon
|-damage|p1a: Ogerpon|0 fnt
|faint|p1a: Ogerpon
|-enditem|p2a: Yanmega|Throat Spray
|-boost|p2a: Yanmega|spa|1|[from] item: Throat Spray
|
|-ability|p2a: Yanmega|Speed Boost|boost
|-boost|p2a: Yanmega|spe|1
|upkeep
|
|t:|1779972551
|switch|p1a: Ninetales|Ninetales-Alola, F, shiny|100/100
|-weather|Snowscape|[from] ability: Snow Warning|[of] p1a: Ninetales
|turn|5
|
|t:|1779972553
|-terastallize|p2a: Yanmega|Ghost
|move|p2a: Yanmega|Shadow Ball|p1a: Ninetales
|-damage|p1a: Ninetales|41/100
|move|p1a: Ninetales|Aurora Veil|p1a: Ninetales
|-sidestart|p1: Shabooya1|move: Aurora Veil
|
|-weather|Snowscape|[upkeep]
|-ability|p2a: Yanmega|Speed Boost|boost
|-boost|p2a: Yanmega|spe|1
|upkeep
|turn|6
|
|t:|1779972562
|move|p2a: Yanmega|Shadow Ball|p1a: Ninetales
|-damage|p1a: Ninetales|12/100
|move|p1a: Ninetales|Freeze-Dry|p2a: Yanmega
|-damage|p2a: Yanmega|66/100
|
|-weather|Snowscape|[upkeep]
|-ability|p2a: Yanmega|Speed Boost|boost
|-boost|p2a: Yanmega|spe|1
|upkeep
|turn|7
|
|t:|1779972567
|switch|p1a: Darkrai|Darkrai, shiny|100/100
|move|p2a: Yanmega|Shadow Ball|p1a: Darkrai
|-resisted|p1a: Darkrai
|-damage|p1a: Darkrai|81/100
|-unboost|p1a: Darkrai|spd|1
|
|-weather|Snowscape|[upkeep]
|-ability|p2a: Yanmega|Speed Boost|boost
|-boost|p2a: Yanmega|spe|1
|upkeep
|turn|8
|
|t:|1779972573
|switch|p1a: Gholdengo|Gholdengo|100/100
|-item|p1a: Gholdengo|Air Balloon
|move|p2a: Yanmega|Bug Buzz|p1a: Gholdengo
|-resisted|p1a: Gholdengo
|-damage|p1a: Gholdengo|92/100
|-enditem|p1a: Gholdengo|Air Balloon
|
|-weather|Snowscape|[upkeep]
|-ability|p2a: Yanmega|Speed Boost|boost
|-boost|p2a: Yanmega|spe|1
|upkeep
|turn|9
|
|t:|1779972577
|move|p2a: Yanmega|Shadow Ball|p1a: Gholdengo
|-supereffective|p1a: Gholdengo
|-damage|p1a: Gholdengo|26/100
|move|p1a: Gholdengo|Shadow Ball|p2a: Yanmega
|-supereffective|p2a: Yanmega
|-damage|p2a: Yanmega|0 fnt
|faint|p2a: Yanmega
|
|-weather|none
|upkeep
|
|t:|1779972581
|switch|p2a: Samurott|Samurott-Hisui, M|100/100
|turn|10
|
|t:|1779972588
|switch|p1a: Gliscor|Gliscor, F|100/100
|move|p2a: Samurott|Ceaseless Edge|p1a: Gliscor
|-damage|p1a: Gliscor|84/100
|-sidestart|p1: Shabooya1|Spikes
|
|-status|p1a: Gliscor|tox|[from] item: Toxic Orb
|upkeep
|turn|11
|
|t:|1779972591
|move|p2a: Samurott|Aqua Cutter|p1a: Gliscor
|-supereffective|p1a: Gliscor
|-damage|p1a: Gliscor|45/100 tox
|move|p1a: Gliscor|Agility|p1a: Gliscor
|-boost|p1a: Gliscor|spe|2
|
|-heal|p1a: Gliscor|57/100 tox|[from] ability: Poison Heal
|upkeep
|turn|12
|
|t:|1779972600
|move|p1a: Gliscor|Swords Dance|p1a: Gliscor
|-boost|p1a: Gliscor|atk|2
|move|p2a: Samurott|Aqua Cutter|p1a: Gliscor
|-supereffective|p1a: Gliscor
|-damage|p1a: Gliscor|19/100 tox
|
|-heal|p1a: Gliscor|31/100 tox|[from] ability: Poison Heal
|-sideend|p1: Shabooya1|move: Aurora Veil
|upkeep
|turn|13
|
|t:|1779972603
|move|p2a: Samurott|Sucker Punch|p1a: Gliscor
|-damage|p1a: Gliscor|4/100 tox
|move|p1a: Gliscor|Facade|p2a: Samurott
|-damage|p2a: Samurott|12/100
|
|-heal|p1a: Gliscor|16/100 tox|[from] ability: Poison Heal
|upkeep
|turn|14
|
|t:|1779972607
|move|p2a: Samurott|Sucker Punch||[still]
|-fail|p2a: Samurott
|move|p1a: Gliscor|Swords Dance|p1a: Gliscor
|-boost|p1a: Gliscor|atk|2
|
|-heal|p1a: Gliscor|28/100 tox|[from] ability: Poison Heal
|upkeep
|turn|15
|
|t:|1779972612
|move|p2a: Samurott|Sucker Punch|p1a: Gliscor
|-damage|p1a: Gliscor|3/100 tox
|move|p1a: Gliscor|Knock Off|p2a: Samurott
|-resisted|p2a: Samurott
|-damage|p2a: Samurott|0 fnt
|-enditem|p2a: Samurott|Focus Sash|[from] move: Knock Off|[of] p1a: Gliscor
|faint|p2a: Samurott
|
|-heal|p1a: Gliscor|15/100 tox|[from] ability: Poison Heal
|upkeep
|
|t:|1779972614
|switch|p2a: Great Tusk|Great Tusk|100/100
|-enditem|p2a: Great Tusk|Booster Energy
|-activate|p2a: Great Tusk|ability: Protosynthesis|[fromitem]
|-start|p2a: Great Tusk|protosynthesisatk
|turn|16
|
|t:|1779972619
|move|p1a: Gliscor|Facade|p2a: Great Tusk
|-damage|p2a: Great Tusk|27/100
|move|p2a: Great Tusk|Rapid Spin|p1a: Gliscor
|-damage|p1a: Gliscor|0 fnt
|-boost|p2a: Great Tusk|spe|1
|faint|p1a: Gliscor
|
|upkeep
|
|t:|1779972624
|switch|p1a: Ceruledge|Ceruledge, M|100/100
|-damage|p1a: Ceruledge|88/100|[from] Spikes
|turn|17
|
|t:|1779972631
|-terastallize|p1a: Ceruledge|Bug
|move|p1a: Ceruledge|Shadow Sneak|p2a: Great Tusk
|-damage|p2a: Great Tusk|16/100
|move|p2a: Great Tusk|Headlong Rush|p1a: Ceruledge
|-resisted|p1a: Ceruledge
|-damage|p1a: Ceruledge|41/100
|-unboost|p2a: Great Tusk|def|1
|-unboost|p2a: Great Tusk|spd|1
|
|upkeep
|turn|18
|
|t:|1779972635
|move|p1a: Ceruledge|Shadow Sneak|p2a: Great Tusk
|-damage|p2a: Great Tusk|0 fnt
|faint|p2a: Great Tusk
|-end|p2a: Great Tusk|Protosynthesis|[silent]
|
|upkeep
|
|t:|1779972637
|switch|p2a: Gholdengo|Gholdengo|100/100
|turn|19
|
|t:|1779972640
|move|p2a: Gholdengo|Make It Rain|p1a: Ceruledge
|-damage|p1a: Ceruledge|0 fnt
|-unboost|p2a: Gholdengo|spa|1
|faint|p1a: Ceruledge
|
|upkeep
|
|t:|1779972643
|switch|p1a: Gholdengo|Gholdengo|26/100
|-damage|p1a: Gholdengo|14/100|[from] Spikes
|turn|20
|
|t:|1779972645
|move|p2a: Gholdengo|Make It Rain|p1a: Gholdengo
|-resisted|p1a: Gholdengo
|-damage|p1a: Gholdengo|0 fnt
|-unboost|p2a: Gholdengo|spa|1
|faint|p1a: Gholdengo
|
|upkeep
|
|t:|1779972650
|switch|p1a: Ninetales|Ninetales-Alola, F, shiny|12/100
|-damage|p1a: Ninetales|0 fnt|[from] Spikes
|faint|p1a: Ninetales
|
|t:|1779972651
|switch|p1a: Darkrai|Darkrai, shiny|81/100
|-damage|p1a: Darkrai|68/100|[from] Spikes
|turn|21
|
|t:|1779972653
|move|p2a: Gholdengo|Make It Rain|p1a: Darkrai
|-damage|p1a: Darkrai|30/100
|-unboost|p2a: Gholdengo|spa|1
|move|p1a: Darkrai|Dark Pulse|p2a: Gholdengo
|-supereffective|p2a: Gholdengo
|-damage|p2a: Gholdengo|0 fnt
|faint|p2a: Gholdengo
|
|win|Shabooya1
|raw|Shabooya1's rating: 1378 &rarr; <strong>1397</strong><br />(+19 for winning)
|raw|Opem's rating: 1366 &rarr; <strong>1347</strong><br />(-19 for losing)
|l|☆Opem
|player|p2|
|l|☆Shabooya1
|player|p1|
