|j|☆Diluer le Sal
|j|☆Archerdadon
|t:|1779861034
|gametype|singles
|player|p1|Diluer le Sal|waitress-gen4|1423
|player|p2|Archerdadon|marshal|1462
|gen|9
|tier|[Gen 9] OU
|rated|
|rule|HP Percentage Mod: HP is shown in percentages
|rule|Endless Battle Clause: Forcing endless battles is banned
|rule|Species Clause: Limit one of each Pokémon
|rule|OHKO Clause: OHKO moves are banned
|rule|Evasion Items Clause: Evasion items are banned
|rule|Evasion Moves Clause: Evasion moves are banned
|rule|Evasion Abilities Clause: Evasion abilities are banned
|rule|Sleep Moves Clause: Sleep-inducing moves are banned
|clearpoke
|poke|p1|Tinkaton, F|
|poke|p1|Cinderace, F|
|poke|p1|Cresselia, F|
|poke|p1|Ribombee, M|
|poke|p1|Empoleon, M|
|poke|p1|Kingambit, M|
|poke|p2|Dondozo, M|
|poke|p2|Great Tusk|
|poke|p2|Ting-Lu|
|poke|p2|Glimmora, F|
|poke|p2|Scizor, M|
|poke|p2|Weezing-Galar, F|
|teampreview
|inactive|Battle timer is ON: inactive players will automatically lose when time's up. (requested by Diluer le Sal)
|
|t:|1779861041
|teamsize|p1|6
|teamsize|p2|6
|start
|switch|p1a: Ribombee|Ribombee, M|100/100
|switch|p2a: Glimmora|Glimmora, F|100/100
|turn|1
|
|t:|1779861057
|move|p1a: Ribombee|Stun Spore|p2a: Glimmora
|-status|p2a: Glimmora|par
|move|p2a: Glimmora|Power Gem|p1a: Ribombee
|-supereffective|p1a: Ribombee
|-enditem|p1a: Ribombee|Focus Sash
|-damage|p1a: Ribombee|1/100
|
|upkeep
|turn|2
|
|t:|1779861065
|switch|p1a: Tinkaton|Tinkaton, F|100/100
|-ability|p1a: Tinkaton|Mold Breaker
|-item|p1a: Tinkaton|Air Balloon
|cant|p2a: Glimmora|par
|
|upkeep
|turn|3
|
|t:|1779861075
|switch|p2a: Ting-Lu|Ting-Lu|100/100
|-ability|p2a: Ting-Lu|Vessel of Ruin
|move|p1a: Tinkaton|Gigaton Hammer|p2a: Ting-Lu
|-damage|p2a: Ting-Lu|66/100
|
|-heal|p2a: Ting-Lu|72/100|[from] item: Leftovers
|upkeep
|turn|4
|
|t:|1779861081
|move|p1a: Tinkaton|Ice Hammer|p2a: Ting-Lu|[miss]
|-miss|p1a: Tinkaton|p2a: Ting-Lu
|move|p2a: Ting-Lu|Payback|p1a: Tinkaton
|-resisted|p1a: Tinkaton
|-damage|p1a: Tinkaton|76/100
|-enditem|p1a: Tinkaton|Air Balloon
|
|-heal|p2a: Ting-Lu|78/100|[from] item: Leftovers
|upkeep
|turn|5
|
|t:|1779861086
|move|p1a: Tinkaton|Encore|p2a: Ting-Lu
|-start|p2a: Ting-Lu|Encore
|move|p2a: Ting-Lu|Payback|p1a: Tinkaton
|-resisted|p1a: Tinkaton
|-damage|p1a: Tinkaton|53/100
|
|-heal|p2a: Ting-Lu|85/100|[from] item: Leftovers
|upkeep
|turn|6
|
|t:|1779861095
|switch|p2a: Scizor|Scizor, M|100/100
|move|p1a: Tinkaton|Ice Hammer|p2a: Scizor
|-resisted|p2a: Scizor
|-damage|p2a: Scizor|88/100
|-unboost|p1a: Tinkaton|spe|1
|
|upkeep
|turn|7
|
|t:|1779861101
|move|p2a: Scizor|Bullet Punch|p1a: Tinkaton
|-damage|p1a: Tinkaton|0 fnt
|faint|p1a: Tinkaton
|
|upkeep
|
|t:|1779861104
|switch|p1a: Cinderace|Cinderace, F|100/100
|turn|8
|
|t:|1779861109
|switch|p2a: Glimmora|Glimmora, F|100/100 par
|move|p1a: Cinderace|Will-O-Wisp|p2a: Glimmora|[miss]
|-miss|p1a: Cinderace|p2a: Glimmora
|
|upkeep
|turn|9
|
|t:|1779861114
|switch|p1a: Empoleon|Empoleon, M|100/100
|cant|p2a: Glimmora|par
|
|upkeep
|turn|10
|
|t:|1779861121
|switch|p2a: Scizor|Scizor, M|88/100
|move|p1a: Empoleon|Surf|p2a: Scizor
|-damage|p2a: Scizor|38/100
|
|upkeep
|turn|11
|
|t:|1779861128
|switch|p2a: Ting-Lu|Ting-Lu|85/100
|-ability|p2a: Ting-Lu|Vessel of Ruin
|move|p1a: Empoleon|Vacuum Wave|p2a: Ting-Lu
|-supereffective|p2a: Ting-Lu
|-damage|p2a: Ting-Lu|72/100
|
|-heal|p2a: Ting-Lu|78/100|[from] item: Leftovers
|upkeep
|turn|12
|
|t:|1779861134
|move|p1a: Empoleon|Surf|p2a: Ting-Lu
|-supereffective|p2a: Ting-Lu
|-damage|p2a: Ting-Lu|40/100
|move|p2a: Ting-Lu|Earthquake|p1a: Empoleon
|-supereffective|p1a: Empoleon
|-damage|p1a: Empoleon|23/100
|
|-heal|p2a: Ting-Lu|46/100|[from] item: Leftovers
|upkeep
|turn|13
|
|t:|1779861140
|move|p1a: Empoleon|Grass Knot|p2a: Ting-Lu
|-supereffective|p2a: Ting-Lu
|-damage|p2a: Ting-Lu|10/100
|move|p2a: Ting-Lu|Earthquake|p1a: Empoleon
|-supereffective|p1a: Empoleon
|-crit|p1a: Empoleon
|-damage|p1a: Empoleon|0 fnt
|faint|p1a: Empoleon
|
|-heal|p2a: Ting-Lu|16/100|[from] item: Leftovers
|upkeep
|
|t:|1779861144
|switch|p1a: Cinderace|Cinderace, F|100/100
|turn|14
|
|t:|1779861152
|switch|p2a: Glimmora|Glimmora, F|100/100 par
|move|p1a: Cinderace|Pyro Ball|p2a: Glimmora
|-resisted|p2a: Glimmora
|-damage|p2a: Glimmora|72/100 par
|-activate|p2a: Glimmora|ability: Toxic Debris
|-sidestart|p1: Diluer le Sal|move: Toxic Spikes
|
|upkeep
|turn|15
|
|t:|1779861159
|move|p1a: Cinderace|U-turn|p2a: Glimmora
|-resisted|p2a: Glimmora
|-damage|p2a: Glimmora|60/100 par
|-activate|p2a: Glimmora|ability: Toxic Debris
|-sidestart|p1: Diluer le Sal|move: Toxic Spikes
|
|t:|1779861160
|switch|p1a: Kingambit|Kingambit, M|100/100|[from] U-turn
|cant|p2a: Glimmora|par
|
|upkeep
|turn|16
|
|t:|1779861169
|switch|p2a: Great Tusk|Great Tusk|100/100
|move|p1a: Kingambit|Kowtow Cleave|p2a: Great Tusk
|-resisted|p2a: Great Tusk
|-damage|p2a: Great Tusk|88/100
|
|upkeep
|turn|17
|
|t:|1779861175
|-end|p2a: Great Tusk|Protosynthesis|[silent]
|switch|p2a: Scizor|Scizor, M|38/100
|switch|p1a: Cresselia|Cresselia, F|100/100
|
|upkeep
|turn|18
|
|t:|1779861180
|move|p2a: Scizor|Knock Off|p1a: Cresselia
|-supereffective|p1a: Cresselia
|-damage|p1a: Cresselia|39/100
|-enditem|p1a: Cresselia|Mental Herb|[from] move: Knock Off|[of] p2a: Scizor
|move|p1a: Cresselia|Trick Room|p1a: Cresselia
|-fieldstart|move: Trick Room|[of] p1a: Cresselia
|
|upkeep
|turn|19
|
|t:|1779861190
|switch|p1a: Cinderace|Cinderace, F|100/100
|move|p2a: Scizor|Knock Off|p1a: Cinderace
|-damage|p1a: Cinderace|31/100
|-enditem|p1a: Cinderace|Heavy-Duty Boots|[from] move: Knock Off|[of] p2a: Scizor
|
|upkeep
|turn|20
|
|t:|1779861195
|move|p2a: Scizor|Knock Off|p1a: Cinderace
|-damage|p1a: Cinderace|0 fnt
|faint|p1a: Cinderace
|
|upkeep
|
|t:|1779861198
|switch|p1a: Kingambit|Kingambit, M|100/100
|turn|21
|
|t:|1779861203
|switch|p2a: Dondozo|Dondozo, M|100/100
|move|p1a: Kingambit|Kowtow Cleave|p2a: Dondozo
|-damage|p2a: Dondozo|78/100
|
|-heal|p2a: Dondozo|84/100|[from] item: Leftovers
|upkeep
|turn|22
|
|t:|1779861209
|move|p2a: Dondozo|Waterfall|p1a: Kingambit
|-damage|p1a: Kingambit|80/100
|move|p1a: Kingambit|Low Kick|p2a: Dondozo
|-damage|p2a: Dondozo|64/100
|
|-heal|p2a: Dondozo|71/100|[from] item: Leftovers
|-fieldend|move: Trick Room
|upkeep
|turn|23
|
|t:|1779861216
|move|p1a: Kingambit|Iron Head|p2a: Dondozo
|-resisted|p2a: Dondozo
|-damage|p2a: Dondozo|60/100
|move|p2a: Dondozo|Curse|p2a: Dondozo
|-unboost|p2a: Dondozo|spe|1
|-boost|p2a: Dondozo|atk|1
|-boost|p2a: Dondozo|def|1
|
|-heal|p2a: Dondozo|66/100|[from] item: Leftovers
|upkeep
|turn|24
|
|t:|1779861218
|switch|p1a: Cresselia|Cresselia, F|39/100
|move|p2a: Dondozo|Waterfall|p1a: Cresselia
|-damage|p1a: Cresselia|16/100
|
|-heal|p2a: Dondozo|72/100|[from] item: Leftovers
|upkeep
|turn|25
|
|t:|1779861223
|move|p1a: Cresselia|Lunar Dance|p1a: Cresselia
|faint|p1a: Cresselia
|move|p2a: Dondozo|Waterfall|p1: Cresselia|[notarget]
|-fail|p2a: Dondozo
|
|-heal|p2a: Dondozo|78/100|[from] item: Leftovers
|upkeep
|
|t:|1779861225
|switch|p1a: Ribombee|Ribombee, M|1/100
|-heal|p1a: Ribombee|100/100|[from] move: Lunar Dance
|-status|p1a: Ribombee|tox
|turn|26
|
|t:|1779861233
|switch|p2a: Weezing|Weezing-Galar, F|100/100
|-ability|p2a: Weezing|Neutralizing Gas
|move|p1a: Ribombee|Sticky Web|p2a: Weezing
|-sidestart|p2: Archerdadon|move: Sticky Web
|
|-damage|p1a: Ribombee|94/100 tox|[from] psn
|upkeep
|turn|27
|
|t:|1779861242
|move|p1a: Ribombee|Stun Spore|p2a: Weezing
|-status|p2a: Weezing|par
|move|p2a: Weezing|Sludge Bomb|p1a: Ribombee
|-supereffective|p1a: Ribombee
|-damage|p1a: Ribombee|4/100 tox
|
|-damage|p1a: Ribombee|0 fnt|[from] psn
|faint|p1a: Ribombee
|upkeep
|
|t:|1779861245
|switch|p1a: Kingambit|Kingambit, M|80/100
|turn|28
|
|t:|1779861253
|move|p1a: Kingambit|Iron Head|p2a: Weezing
|-supereffective|p2a: Weezing
|-damage|p2a: Weezing|15/100 par
|move|p2a: Weezing|Will-O-Wisp|p1a: Kingambit
|-status|p1a: Kingambit|brn
|
|-heal|p2a: Weezing|21/100 par|[from] item: Leftovers
|-damage|p1a: Kingambit|74/100 brn|[from] brn
|upkeep
|turn|29
|
|t:|1779861260
|-end|p2a: Weezing|ability: Neutralizing Gas
|switch|p2a: Glimmora|Glimmora, F|60/100 par
|-activate|p2a: Glimmora|move: Sticky Web
|-unboost|p2a: Glimmora|spe|1
|move|p1a: Kingambit|Iron Head|p2a: Glimmora
|-supereffective|p2a: Glimmora
|-damage|p2a: Glimmora|0 fnt
|faint|p2a: Glimmora
|
|-damage|p1a: Kingambit|67/100 brn|[from] brn
|upkeep
|c|☆Diluer le Sal|Gg
|-message|Diluer le Sal forfeited.
|
|win|Archerdadon
|raw|Diluer le Sal's rating: 1423 &rarr; <strong>1405</strong><br />(-18 for losing)
|raw|Archerdadon's rating: 1462 &rarr; <strong>1480</strong><br />(+18 for winning)
|l|☆Diluer le Sal
|player|p1|
|l|☆Archerdadon
|player|p2|
