|j|☆notaverageumar
|j|☆almostcarter
|t:|1779897789
|gametype|singles
|player|p1|notaverageumar|102|
|player|p2|almostcarter|266|
|gen|9
|tier|[Gen 9] OU
|rule|HP Percentage Mod: HP is shown in percentages
|rule|Endless Battle Clause: Forcing endless battles is banned
|rule|Species Clause: Limit one of each Pokémon
|rule|OHKO Clause: OHKO moves are banned
|rule|Evasion Items Clause: Evasion items are banned
|rule|Evasion Moves Clause: Evasion moves are banned
|rule|Evasion Abilities Clause: Evasion abilities are banned
|rule|Sleep Moves Clause: Sleep-inducing moves are banned
|clearpoke
|poke|p1|Raging Bolt|
|poke|p1|Ceruledge, M|
|poke|p1|Meowscarada, M|
|poke|p1|Goodra-Hisui, M|
|poke|p1|Krookodile, M|
|poke|p1|Scizor, M|
|poke|p2|Polteageist-Antique|
|poke|p2|Lokix, M|
|poke|p2|Avalugg, M|
|poke|p2|Torterra, M|
|poke|p2|Enamorus, F|
|poke|p2|Tinkaton, F|
|teampreview
|j| Swegnamyte
|j| Arshdeep1234
|c| Swegnamyte|I honestly wasn't expecting avalugg, will be interesting to see what it does
|l| Arshdeep1234
|
|t:|1779897892
|teamsize|p1|6
|teamsize|p2|6
|start
|switch|p1a: Krookodile|Krookodile, M|100/100
|switch|p2a: Enamorus|Enamorus, F|100/100
|-ability|p1a: Krookodile|Intimidate|boost
|-boost|p2a: Enamorus|atk|1
|turn|1
|
|t:|1779897973
|move|p2a: Enamorus|Mystical Fire|p1a: Krookodile
|-damage|p1a: Krookodile|64/100
|-unboost|p1a: Krookodile|spa|1
|move|p1a: Krookodile|Stealth Rock|p2a: Enamorus
|-sidestart|p2: almostcarter|move: Stealth Rock
|
|upkeep
|turn|2
|c| Swegnamyte|Balls
|
|t:|1779898001
|switch|p2a: THE WALL|Avalugg, M, shiny|100/100
|move|p1a: Krookodile|Knock Off|p2a: THE WALL
|-damage|p2a: THE WALL|81/100
|-enditem|p2a: THE WALL|Heavy-Duty Boots|[from] move: Knock Off|[of] p1a: Krookodile
|
|upkeep
|turn|3
|
|t:|1779898018
|move|p1a: Krookodile|Earthquake|p2a: THE WALL
|-damage|p2a: THE WALL|59/100
|move|p2a: THE WALL|Body Press|p1a: Krookodile
|-supereffective|p1a: Krookodile
|-damage|p1a: Krookodile|0 fnt
|-damage|p2a: THE WALL|42/100|[from] item: Rocky Helmet|[of] p1a: Krookodile
|faint|p1a: Krookodile
|
|upkeep
|
|t:|1779898030
|switch|p1a: Goodra|Goodra-Hisui, M|100/100
|turn|4
|
|t:|1779898035
|move|p1a: Goodra|Steel Beam|p2a: THE WALL
|-supereffective|p2a: THE WALL
|-damage|p2a: THE WALL|0 fnt
|-damage|p1a: Goodra|50/100|[from] steelbeam
|-enditem|p1a: Goodra|Sitrus Berry|[eat]
|-heal|p1a: Goodra|75/100|[from] item: Sitrus Berry
|faint|p2a: THE WALL
|
|upkeep
|
|t:|1779898042
|switch|p2a: Tortimer|Torterra, M, shiny|100/100
|-damage|p2a: Tortimer|94/100|[from] Stealth Rock
|turn|5
|
|t:|1779898121
|move|p1a: Goodra|Draco Meteor|p2a: Tortimer
|-damage|p2a: Tortimer|20/100
|-unboost|p1a: Goodra|spa|2
|move|p2a: Tortimer|Earthquake|p1a: Goodra
|-supereffective|p1a: Goodra
|-crit|p1a: Goodra
|-damage|p1a: Goodra|0 fnt
|faint|p1a: Goodra
|
|upkeep
|
|t:|1779898147
|switch|p1a: Scizor|Scizor, M|100/100
|turn|6
|c|☆notaverageumar|i forgot to make my scizor shiny
|c| Swegnamyte|Might have to forfeit for that egregious mistake
|l|☆notaverageumar
|player|p1|
|l|☆almostcarter
|player|p2|
|j|☆almostcarter
|player|p2|almostcarter|266|
|c|☆almostcarter|wtf
|l| Swegnamyte
|j|☆notaverageumar
|player|p1|notaverageumar|102|
|c|☆notaverageumar|Omg
|c|☆notaverageumar|I got so scared
|j| Swegnamyte
|n| Swegnamyte|swegnamyte
|n| Swegnamyte|swegnamyte
|
|t:|1779898358
|switch|p2a: Tinkaton|Tinkaton, F|100/100
|-damage|p2a: Tinkaton|94/100|[from] Stealth Rock
|-ability|p2a: Tinkaton|Mold Breaker
|move|p1a: Scizor|Bullet Punch|p2a: Tinkaton
|-damage|p2a: Tinkaton|30/100
|-damage|p1a: Scizor|91/100|[from] item: Life Orb
|
|-heal|p2a: Tinkaton|37/100|[from] item: Leftovers
|upkeep
|turn|7
|
|t:|1779898373
|move|p1a: Scizor|Bullet Punch|p2a: Tinkaton
|-damage|p2a: Tinkaton|0 fnt
|faint|p2a: Tinkaton
|-damage|p1a: Scizor|81/100|[from] item: Life Orb
|
|upkeep
|
|t:|1779898383
|switch|p2a: Enamorus|Enamorus, F|100/100
|-damage|p2a: Enamorus|76/100|[from] Stealth Rock
|turn|8
|
|t:|1779898391
|-terastallize|p2a: Enamorus|Electric
|move|p1a: Scizor|Bullet Punch|p2a: Enamorus
|-resisted|p2a: Enamorus
|-damage|p2a: Enamorus|43/100
|-damage|p1a: Scizor|71/100|[from] item: Life Orb
|move|p2a: Enamorus|Mystical Fire|p1a: Scizor
|-supereffective|p1a: Scizor
|-damage|p1a: Scizor|0 fnt
|faint|p1a: Scizor
|
|upkeep
|
|t:|1779898415
|switch|p1a: Ceruledge|Ceruledge, M|100/100
|turn|9
|
|t:|1779898436
|switch|p2a: Tortimer|Torterra, M, shiny|20/100
|-damage|p2a: Tortimer|14/100|[from] Stealth Rock
|move|p1a: Ceruledge|Bitter Blade|p2a: Tortimer
|-supereffective|p2a: Tortimer
|-damage|p2a: Tortimer|0 fnt
|-damage|p1a: Ceruledge|84/100|[from] item: Rocky Helmet|[of] p2a: Tortimer
|faint|p2a: Tortimer
|
|upkeep
|
|t:|1779898454
|switch|p2a: Lokix|Lokix, M|100/100
|-damage|p2a: Lokix|76/100|[from] Stealth Rock
|turn|10
|
|t:|1779898516
|move|p2a: Lokix|Sucker Punch|p1a: Ceruledge
|-supereffective|p1a: Ceruledge
|-damage|p1a: Ceruledge|0 fnt
|faint|p1a: Ceruledge
|
|upkeep
|
|t:|1779898531
|switch|p1a: Meowscarada|Meowscarada, M|100/100
|turn|11
|
|t:|1779898621
|switch|p2a: Enamorus|Enamorus, F, tera:Electric|43/100
|-damage|p2a: Enamorus|30/100|[from] Stealth Rock
|move|p1a: Meowscarada|Triple Axel|p2a: Enamorus
|-start|p1a: Meowscarada|typechange|Ice|[from] ability: Protean
|-damage|p2a: Enamorus|14/100
|-damage|p2a: Enamorus|0 fnt
|faint|p2a: Enamorus
|-hitcount|p2: Enamorus|2
|
|upkeep
|c| Swegnamyte|First impression cheese 😭
|
|t:|1779898665
|switch|p2a: Lokix|Lokix, M|76/100
|-damage|p2a: Lokix|51/100|[from] Stealth Rock
|turn|12
|c|☆notaverageumar|insert im so scared meme
|
|t:|1779898676
|move|p1a: Meowscarada|Protect|p1a: Meowscarada
|-singleturn|p1a: Meowscarada|Protect
|move|p2a: Lokix|First Impression|p1a: Meowscarada
|-activate|p1a: Meowscarada|move: Protect
|
|upkeep
|turn|13
|c| Swegnamyte|Nah
|c| Swegnamyte|U built this guy for this
|
|t:|1779898757
|switch|p2a: Polteageist|Polteageist-Antique|100/100
|-damage|p2a: Polteageist|88/100|[from] Stealth Rock
|move|p1a: Meowscarada|Triple Axel|p2a: Polteageist|[miss]
|-miss|p1a: Meowscarada|p2a: Polteageist
|
|upkeep
|turn|14
|c| Swegnamyte|Bruh
|c|☆notaverageumar|NOOOO
|
|t:|1779898818
|move|p1a: Meowscarada|Sucker Punch||[still]
|-fail|p1a: Meowscarada
|move|p2a: Polteageist|Shell Smash|p2a: Polteageist
|-unboost|p2a: Polteageist|def|1
|-unboost|p2a: Polteageist|spd|1
|-boost|p2a: Polteageist|atk|2
|-boost|p2a: Polteageist|spa|2
|-boost|p2a: Polteageist|spe|2
|
|upkeep
|turn|15
|c| Swegnamyte|.......
|
|t:|1779898828
|move|p1a: Meowscarada|Sucker Punch||[still]
|-fail|p1a: Meowscarada
|move|p2a: Polteageist|Shell Smash|p2a: Polteageist
|-unboost|p2a: Polteageist|def|1
|-unboost|p2a: Polteageist|spd|1
|-boost|p2a: Polteageist|atk|2
|-boost|p2a: Polteageist|spa|2
|-boost|p2a: Polteageist|spe|2
|
|upkeep
|turn|16
|c| Swegnamyte|Holy mind games
|j| Arshdeep1234
|c| Swegnamyte|Thunderclapping his cheeks works the same way 😭
|
|t:|1779898967
|move|p1a: Meowscarada|Sucker Punch||[still]
|-fail|p1a: Meowscarada
|move|p2a: Polteageist|Shell Smash|p2a: Polteageist
|-unboost|p2a: Polteageist|def|1
|-unboost|p2a: Polteageist|spd|1
|-boost|p2a: Polteageist|atk|2
|-boost|p2a: Polteageist|spa|2
|-boost|p2a: Polteageist|spe|2
|
|upkeep
|turn|17
|
|t:|1779898988
|move|p1a: Meowscarada|Sucker Punch||[still]
|-fail|p1a: Meowscarada
|move|p2a: Polteageist|Shell Smash|p2a: Polteageist
|-unboost|p2a: Polteageist|def|1
|-unboost|p2a: Polteageist|spd|1
|-boost|p2a: Polteageist|atk|0
|-boost|p2a: Polteageist|spa|0
|-boost|p2a: Polteageist|spe|0
|
|upkeep
|turn|18
|l| Arshdeep1234
|c|☆notaverageumar|can u chill
|
|t:|1779899046
|move|p1a: Meowscarada|Protect|p1a: Meowscarada
|-singleturn|p1a: Meowscarada|Protect
|move|p2a: Polteageist|Shell Smash|p2a: Polteageist
|-unboost|p2a: Polteageist|def|1
|-unboost|p2a: Polteageist|spd|1
|-boost|p2a: Polteageist|atk|0
|-boost|p2a: Polteageist|spa|0
|-boost|p2a: Polteageist|spe|0
|
|upkeep
|turn|19
|c|☆notaverageumar|dude
|c| Swegnamyte|lmfao
|j| Arshdeep1234
|
|t:|1779899152
|move|p1a: Meowscarada|Sucker Punch||[still]
|-fail|p1a: Meowscarada
|move|p2a: Polteageist|Shell Smash|p2a: Polteageist
|-unboost|p2a: Polteageist|def|1
|-unboost|p2a: Polteageist|spd|1
|-boost|p2a: Polteageist|atk|0
|-boost|p2a: Polteageist|spa|0
|-boost|p2a: Polteageist|spe|0
|
|upkeep
|turn|20
|l| Arshdeep1234
|
|t:|1779899235
|move|p2a: Polteageist|Shell Smash|p2a: Polteageist
|-unboost|p2a: Polteageist|def|0
|-unboost|p2a: Polteageist|spd|0
|-boost|p2a: Polteageist|atk|0
|-boost|p2a: Polteageist|spa|0
|-boost|p2a: Polteageist|spe|0
|move|p1a: Meowscarada|Flower Trick|p2a: Polteageist
|-crit|p2a: Polteageist
|-damage|p2a: Polteageist|0 fnt
|faint|p2a: Polteageist
|
|upkeep
|
|t:|1779899243
|switch|p2a: Lokix|Lokix, M|51/100
|-damage|p2a: Lokix|26/100|[from] Stealth Rock
|turn|21
|c| Swegnamyte|zamn
|c|☆notaverageumar|hows that stall
|c| Swegnamyte|🔥
|
|t:|1779899278
|move|p1a: Meowscarada|Protect|p1a: Meowscarada
|-singleturn|p1a: Meowscarada|Protect
|move|p2a: Lokix|Sucker Punch||[still]
|-fail|p2a: Lokix
|
|upkeep
|turn|22
|
|t:|1779899293
|move|p2a: Lokix|Sucker Punch|p1a: Meowscarada
|-damage|p1a: Meowscarada|26/100
|move|p1a: Meowscarada|Triple Axel|p2a: Lokix
|-damage|p2a: Lokix|12/100
|-damage|p2a: Lokix|0 fnt
|faint|p2a: Lokix
|-hitcount|p2: Lokix|2
|
|win|notaverageumar
