|j|☆Gogoat559
|j|☆Vkjoggers
|t:|1779900853
|gametype|singles
|player|p1|Gogoat559|102|1177
|player|p2|Vkjoggers|102|1125
|gen|9
|tier|[Gen 9] OU
|rated|
|rule|HP Percentage Mod: HP is shown in percentages
|rule|Endless Battle Clause: Forcing endless battles is banned
|rule|Species Clause: Limit one of each Pokémon
|rule|OHKO Clause: OHKO moves are banned
|rule|Evasion Items Clause: Evasion items are banned
|rule|Evasion Moves Clause: Evasion moves are banned
|rule|Evasion Abilities Clause: Evasion abilities are banned
|rule|Sleep Moves Clause: Sleep-inducing moves are banned
|clearpoke
|poke|p1|Ceruledge, M|
|poke|p1|Dragapult, M|
|poke|p1|Gliscor, M|
|poke|p1|Iron Treads|
|poke|p1|Deoxys-Speed|
|poke|p1|Garganacl, M|
|poke|p2|Tatsugiri-Droopy, F|
|poke|p2|Goodra-Hisui, F|
|poke|p2|Swampert, M|
|poke|p2|Dragonite, F|
|poke|p2|Alomomola, M|
|poke|p2|Skeledirge, M|
|teampreview
|inactive|Battle timer is ON: inactive players will automatically lose when time's up. (requested by Vkjoggers)
|
|t:|1779900858
|teamsize|p1|6
|teamsize|p2|6
|start
|switch|p1a: Iron Treads|Iron Treads|100/100
|switch|p2a: Swampert|Swampert, M|100/100
|turn|1
|
|t:|1779900865
|move|p1a: Iron Treads|Stealth Rock|p2a: Swampert
|-sidestart|p2: Vkjoggers|move: Stealth Rock
|move|p2a: Swampert|Stealth Rock|p1a: Iron Treads
|-sidestart|p1: Gogoat559|move: Stealth Rock
|
|upkeep
|turn|2
|
|t:|1779900870
|switch|p2a: Skeledirge|Skeledirge, M|100/100
|move|p1a: Iron Treads|Rapid Spin|p2a: Skeledirge
|-immune|p2a: Skeledirge
|
|upkeep
|turn|3
|
|t:|1779900877
|-terastallize|p2a: Skeledirge|Fairy
|move|p1a: Iron Treads|Knock Off|p2a: Skeledirge
|-resisted|p2a: Skeledirge
|-damage|p2a: Skeledirge|87/100
|-enditem|p2a: Skeledirge|Heavy-Duty Boots|[from] move: Knock Off|[of] p1a: Iron Treads
|move|p2a: Skeledirge|Will-O-Wisp|p1a: Iron Treads
|-status|p1a: Iron Treads|brn
|
|-damage|p1a: Iron Treads|94/100 brn|[from] brn
|upkeep
|turn|4
|
|t:|1779900886
|move|p1a: Iron Treads|Earthquake|p2a: Skeledirge
|-damage|p2a: Skeledirge|68/100
|move|p2a: Skeledirge|Torch Song|p1a: Iron Treads
|-supereffective|p1a: Iron Treads
|-damage|p1a: Iron Treads|14/100 brn
|-boost|p2a: Skeledirge|spa|1
|
|-damage|p1a: Iron Treads|7/100 brn|[from] brn
|upkeep
|turn|5
|
|t:|1779900903
|move|p1a: Iron Treads|Earthquake|p2a: Skeledirge
|-damage|p2a: Skeledirge|49/100
|move|p2a: Skeledirge|Slack Off|p2a: Skeledirge
|-heal|p2a: Skeledirge|99/100
|
|-damage|p1a: Iron Treads|1/100 brn|[from] brn
|upkeep
|turn|6
|
|t:|1779900909
|move|p1a: Iron Treads|Earthquake|p2a: Skeledirge
|-damage|p2a: Skeledirge|80/100
|move|p2a: Skeledirge|Torch Song|p1a: Iron Treads
|-supereffective|p1a: Iron Treads
|-damage|p1a: Iron Treads|0 fnt
|-boost|p2a: Skeledirge|spa|1
|faint|p1a: Iron Treads
|-end|p1a: Iron Treads|Quark Drive|[silent]
|
|upkeep
|
|t:|1779900918
|switch|p1a: Garganacl|Garganacl, M|100/100
|-damage|p1a: Garganacl|88/100|[from] Stealth Rock
|turn|7
|
|t:|1779900925
|move|p2a: Skeledirge|Torch Song|p1a: Garganacl
|-resisted|p1a: Garganacl
|-damage|p1a: Garganacl|64/100
|-boost|p2a: Skeledirge|spa|1
|move|p1a: Garganacl|Salt Cure|p2a: Skeledirge
|-damage|p2a: Skeledirge|69/100
|-start|p2a: Skeledirge|Salt Cure
|
|-heal|p1a: Garganacl|71/100|[from] item: Leftovers
|-damage|p2a: Skeledirge|56/100|[from] Salt Cure
|upkeep
|turn|8
|
|t:|1779900937
|move|p2a: Skeledirge|Torch Song|p1a: Garganacl
|-resisted|p1a: Garganacl
|-damage|p1a: Garganacl|42/100
|-boost|p2a: Skeledirge|spa|1
|move|p1a: Garganacl|Avalanche|p2a: Skeledirge
|-damage|p2a: Skeledirge|34/100
|
|-heal|p1a: Garganacl|48/100|[from] item: Leftovers
|-damage|p2a: Skeledirge|21/100|[from] Salt Cure
|upkeep
|turn|9
|
|t:|1779900947
|move|p1a: Garganacl|Protect|p1a: Garganacl
|-singleturn|p1a: Garganacl|Protect
|move|p2a: Skeledirge|Slack Off|p2a: Skeledirge
|-heal|p2a: Skeledirge|72/100
|
|-heal|p1a: Garganacl|54/100|[from] item: Leftovers
|-damage|p2a: Skeledirge|59/100|[from] Salt Cure
|upkeep
|turn|10
|
|t:|1779900959
|move|p2a: Skeledirge|Torch Song|p1a: Garganacl
|-resisted|p1a: Garganacl
|-damage|p1a: Garganacl|17/100
|-boost|p2a: Skeledirge|spa|1
|move|p1a: Garganacl|Recover|p1a: Garganacl
|-heal|p1a: Garganacl|67/100
|
|-heal|p1a: Garganacl|73/100|[from] item: Leftovers
|-damage|p2a: Skeledirge|47/100|[from] Salt Cure
|upkeep
|turn|11
|
|t:|1779900966
|move|p2a: Skeledirge|Slack Off|p2a: Skeledirge
|-heal|p2a: Skeledirge|97/100
|move|p1a: Garganacl|Recover|p1a: Garganacl
|-heal|p1a: Garganacl|100/100
|
|-damage|p2a: Skeledirge|84/100|[from] Salt Cure
|upkeep
|turn|12
|
|t:|1779900992
|move|p1a: Garganacl|Protect|p1a: Garganacl
|-singleturn|p1a: Garganacl|Protect
|move|p2a: Skeledirge|Torch Song|p1a: Garganacl
|-activate|p1a: Garganacl|move: Protect
|
|-damage|p2a: Skeledirge|72/100|[from] Salt Cure
|upkeep
|turn|13
|
|t:|1779901002
|move|p2a: Skeledirge|Hex|p1a: Garganacl
|-damage|p1a: Garganacl|70/100
|move|p1a: Garganacl|Avalanche|p2a: Skeledirge
|-damage|p2a: Skeledirge|51/100
|
|-heal|p1a: Garganacl|76/100|[from] item: Leftovers
|-damage|p2a: Skeledirge|39/100|[from] Salt Cure
|upkeep
|turn|14
|
|t:|1779901010
|move|p2a: Skeledirge|Slack Off|p2a: Skeledirge
|-heal|p2a: Skeledirge|89/100
|move|p1a: Garganacl|Avalanche|p2a: Skeledirge
|-damage|p2a: Skeledirge|78/100
|
|-heal|p1a: Garganacl|82/100|[from] item: Leftovers
|-damage|p2a: Skeledirge|66/100|[from] Salt Cure
|upkeep
|turn|15
|
|t:|1779901026
|move|p2a: Skeledirge|Torch Song|p1a: Garganacl
|-resisted|p1a: Garganacl
|-crit|p1a: Garganacl
|-damage|p1a: Garganacl|19/100
|-boost|p2a: Skeledirge|spa|1
|move|p1a: Garganacl|Salt Cure|p2a: Skeledirge
|-damage|p2a: Skeledirge|54/100
|
|-heal|p1a: Garganacl|25/100|[from] item: Leftovers
|-damage|p2a: Skeledirge|42/100|[from] Salt Cure
|upkeep
|turn|16
|
|t:|1779901034
|move|p2a: Skeledirge|Torch Song|p1a: Garganacl
|-resisted|p1a: Garganacl
|-damage|p1a: Garganacl|0 fnt
|faint|p1a: Garganacl
|
|-damage|p2a: Skeledirge|29/100|[from] Salt Cure
|upkeep
|
|t:|1779901037
|switch|p1a: Deoxys|Deoxys-Speed|100/100
|-damage|p1a: Deoxys|88/100|[from] Stealth Rock
|-ability|p1a: Deoxys|Pressure
|turn|17
|
|t:|1779901042
|switch|p2a: Goodra|Goodra-Hisui, F|100/100
|-damage|p2a: Goodra|94/100|[from] Stealth Rock
|move|p1a: Deoxys|Psycho Boost|p2a: Goodra
|-resisted|p2a: Goodra
|-damage|p2a: Goodra|83/100
|-unboost|p1a: Deoxys|spa|2
|-damage|p1a: Deoxys|78/100|[from] item: Life Orb
|
|upkeep
|turn|18
|
|t:|1779901054
|move|p1a: Deoxys|Superpower|p2a: Goodra
|-supereffective|p2a: Goodra
|-damage|p2a: Goodra|0 fnt
|-unboost|p1a: Deoxys|atk|1
|-unboost|p1a: Deoxys|def|1
|faint|p2a: Goodra
|-damage|p1a: Deoxys|68/100|[from] item: Life Orb
|
|upkeep
|
|t:|1779901066
|switch|p2a: Swampert|Swampert, M|100/100
|-damage|p2a: Swampert|94/100|[from] Stealth Rock
|turn|19
|
|t:|1779901074
|move|p1a: Deoxys|Knock Off|p2a: Swampert
|-damage|p2a: Swampert|78/100
|-enditem|p2a: Swampert|Leftovers|[from] move: Knock Off|[of] p1a: Deoxys
|-damage|p1a: Deoxys|58/100|[from] item: Life Orb
|move|p2a: Swampert|Knock Off|p1a: Deoxys
|-supereffective|p1a: Deoxys
|-damage|p1a: Deoxys|0 fnt
|-enditem|p1a: Deoxys|Life Orb|[from] move: Knock Off|[of] p2a: Swampert
|faint|p1a: Deoxys
|
|upkeep
|
|t:|1779901086
|switch|p1a: Dragapult|Dragapult, M|100/100
|-damage|p1a: Dragapult|88/100|[from] Stealth Rock
|turn|20
|
|t:|1779901090
|move|p1a: Dragapult|Dragon Dance|p1a: Dragapult
|-boost|p1a: Dragapult|atk|1
|-boost|p1a: Dragapult|spe|1
|move|p2a: Swampert|Knock Off|p1a: Dragapult
|-supereffective|p1a: Dragapult
|-damage|p1a: Dragapult|17/100
|-enditem|p1a: Dragapult|Draco Plate|[from] move: Knock Off|[of] p2a: Swampert
|
|upkeep
|turn|21
|
|t:|1779901098
|move|p1a: Dragapult|Dragon Darts|p2a: Swampert
|-damage|p2a: Swampert|54/100
|-anim|p1a: Dragapult|Dragon Darts|p2a: Swampert
|-damage|p2a: Swampert|26/100
|move|p2a: Swampert|Knock Off|p1a: Dragapult
|-supereffective|p1a: Dragapult
|-damage|p1a: Dragapult|0 fnt
|faint|p1a: Dragapult
|
|upkeep
|
|t:|1779901109
|switch|p1a: Gliscor|Gliscor, M|100/100
|-damage|p1a: Gliscor|88/100|[from] Stealth Rock
|turn|22
|
|t:|1779901138
|move|p1a: Gliscor|Earthquake|p2a: Swampert
|-damage|p2a: Swampert|0 fnt
|faint|p2a: Swampert
|
|-status|p1a: Gliscor|tox|[from] item: Toxic Orb
|upkeep
|inactive|Vkjoggers has 120 seconds left.
|inactive|Vkjoggers has 90 seconds left.
|
|t:|1779901197
|switch|p2a: Tatsugiri|Tatsugiri-Droopy, F, shiny|100/100
|turn|23
|
|t:|1779901212
|move|p2a: Tatsugiri|Rapid Spin|p1a: Gliscor
|-damage|p1a: Gliscor|84/100 tox
|-boost|p2a: Tatsugiri|spe|1
|-sideend|p2: Vkjoggers|Stealth Rock|[from] move: Rapid Spin|[of] p2a: Tatsugiri
|move|p1a: Gliscor|Knock Off|p2a: Tatsugiri
|-damage|p2a: Tatsugiri|49/100
|-enditem|p2a: Tatsugiri|Heavy-Duty Boots|[from] move: Knock Off|[of] p1a: Gliscor
|
|-heal|p1a: Gliscor|96/100 tox|[from] ability: Poison Heal
|upkeep
|turn|24
|inactive|Vkjoggers has 90 seconds left.
|
|t:|1779901220
|move|p2a: Tatsugiri|Surf|p1a: Gliscor
|-supereffective|p1a: Gliscor
|-damage|p1a: Gliscor|0 fnt
|faint|p1a: Gliscor
|
|upkeep
|
|t:|1779901223
|switch|p1a: Ceruledge|Ceruledge, M|100/100
|-damage|p1a: Ceruledge|75/100|[from] Stealth Rock
|turn|25
|
|t:|1779901229
|move|p2a: Tatsugiri|Surf|p1a: Ceruledge
|-supereffective|p1a: Ceruledge
|-damage|p1a: Ceruledge|0 fnt
|faint|p1a: Ceruledge
|
|win|Vkjoggers
|raw|Gogoat559's rating: 1177 &rarr; <strong>1148</strong><br />(-29 for losing)
|raw|Vkjoggers's rating: 1125 &rarr; <strong>1154</strong><br />(+29 for winning)
|l|☆Gogoat559
|player|p1|
|l|☆Vkjoggers
|player|p2|
