|j|☆hat_fm
|j|☆Mr_Stonks0406
|t:|1779857698
|gametype|singles
|player|p1|hat_fm|pilot|1360
|player|p2|Mr_Stonks0406|265|1369
|gen|9
|tier|[Gen 9] OU
|rated|
|rule|HP Percentage Mod: HP is shown in percentages
|rule|Endless Battle Clause: Forcing endless battles is banned
|rule|Species Clause: Limit one of each Pokémon
|rule|OHKO Clause: OHKO moves are banned
|rule|Evasion Items Clause: Evasion items are banned
|rule|Evasion Moves Clause: Evasion moves are banned
|rule|Evasion Abilities Clause: Evasion abilities are banned
|rule|Sleep Moves Clause: Sleep-inducing moves are banned
|clearpoke
|poke|p1|Zamazenta-*|
|poke|p1|Ceruledge, M|
|poke|p1|Scizor, F|
|poke|p1|Donphan, M|
|poke|p1|Lycanroc-Dusk, M|
|poke|p1|Florges, F|
|poke|p2|Meowscarada, F|
|poke|p2|Pecharunt|
|poke|p2|Enamorus, F|
|poke|p2|Iron Treads|
|poke|p2|Corviknight, M|
|poke|p2|Slowking, F|
|teampreview
|
|t:|1779857704
|teamsize|p1|6
|teamsize|p2|6
|start
|switch|p1a: Donphan|Donphan, M|100/100
|switch|p2a: Meowscarada|Meowscarada, F|100/100
|turn|1
|
|t:|1779857720
|move|p2a: Meowscarada|Knock Off|p1a: Donphan
|-start|p2a: Meowscarada|typechange|Dark|[from] ability: Protean
|-damage|p1a: Donphan|65/100
|-damage|p2a: Meowscarada|84/100|[from] item: Rocky Helmet|[of] p1a: Donphan
|-enditem|p1a: Donphan|Rocky Helmet|[from] move: Knock Off|[of] p2a: Meowscarada
|move|p1a: Donphan|Stealth Rock|p2a: Meowscarada
|-sidestart|p2: Mr_Stonks0406|move: Stealth Rock
|
|upkeep
|turn|2
|
|t:|1779857734
|switch|p2a: Corviknight|Corviknight, M|100/100
|-damage|p2a: Corviknight|88/100|[from] Stealth Rock
|-ability|p2a: Corviknight|Pressure
|move|p1a: Donphan|Knock Off|p2a: Corviknight
|-damage|p2a: Corviknight|73/100
|-damage|p1a: Donphan|49/100|[from] item: Rocky Helmet|[of] p2a: Corviknight
|-enditem|p2a: Corviknight|Rocky Helmet|[from] move: Knock Off|[of] p1a: Donphan
|
|upkeep
|turn|3
|
|t:|1779857745
|move|p2a: Corviknight|Defog|p1a: Donphan
|-unboost|p1a: Donphan|evasion|1
|-sideend|p2: Mr_Stonks0406|Stealth Rock|[from] move: Defog|[of] p2a: Corviknight
|move|p1a: Donphan|Rapid Spin|p2a: Corviknight
|-resisted|p2a: Corviknight
|-damage|p2a: Corviknight|70/100
|-boost|p1a: Donphan|spe|1
|
|upkeep
|turn|4
|
|t:|1779857753
|move|p1a: Donphan|Stealth Rock|p2a: Corviknight
|-sidestart|p2: Mr_Stonks0406|move: Stealth Rock
|move|p2a: Corviknight|U-turn|p1a: Donphan
|-damage|p1a: Donphan|40/100
|
|t:|1779857770
|switch|p2a: Slowking|Slowking, F|100/100|[from] U-turn
|-damage|p2a: Slowking|88/100|[from] Stealth Rock
|
|upkeep
|turn|5
|
|t:|1779857775
|switch|p2a: Corviknight|Corviknight, M|70/100
|-damage|p2a: Corviknight|57/100|[from] Stealth Rock
|-ability|p2a: Corviknight|Pressure
|move|p1a: Donphan|Knock Off|p2a: Corviknight
|-damage|p2a: Corviknight|47/100
|
|upkeep
|turn|6
|
|t:|1779857782
|move|p1a: Donphan|Stealth Rock||[still]
|-fail|p1a: Donphan
|move|p2a: Corviknight|Defog|p1a: Donphan
|-unboost|p1a: Donphan|evasion|1
|-sideend|p2: Mr_Stonks0406|Stealth Rock|[from] move: Defog|[of] p2a: Corviknight
|
|upkeep
|turn|7
|
|t:|1779857788
|move|p1a: Donphan|Earthquake|p2a: Corviknight
|-immune|p2a: Corviknight
|move|p2a: Corviknight|Roost|p2a: Corviknight
|-heal|p2a: Corviknight|97/100
|-singleturn|p2a: Corviknight|move: Roost
|
|upkeep
|turn|8
|
|t:|1779857795
|move|p1a: Donphan|Stealth Rock|p2a: Corviknight
|-sidestart|p2: Mr_Stonks0406|move: Stealth Rock
|move|p2a: Corviknight|Body Press|p1a: Donphan
|-damage|p1a: Donphan|25/100
|
|upkeep
|turn|9
|
|t:|1779857804
|switch|p1a: Ceruledge|Ceruledge, M|100/100
|move|p2a: Corviknight|Defog|p1a: Ceruledge
|-unboost|p1a: Ceruledge|evasion|1
|-sideend|p2: Mr_Stonks0406|Stealth Rock|[from] move: Defog|[of] p2a: Corviknight
|
|upkeep
|turn|10
|
|t:|1779857813
|switch|p2a: Pecharunt|Pecharunt|100/100
|move|p1a: Ceruledge|Swords Dance|p1a: Ceruledge
|-boost|p1a: Ceruledge|atk|2
|
|upkeep
|turn|11
|
|t:|1779857827
|-terastallize|p2a: Pecharunt|Dark
|move|p1a: Ceruledge|Poltergeist|p2a: Pecharunt
|-activate|p2a: Pecharunt|move: Poltergeist|Rocky Helmet
|-resisted|p2a: Pecharunt
|-damage|p2a: Pecharunt|74/100
|move|p2a: Pecharunt|Foul Play|p1a: Ceruledge
|-supereffective|p1a: Ceruledge
|-enditem|p1a: Ceruledge|Focus Sash
|-damage|p1a: Ceruledge|1/100
|-ability|p1a: Ceruledge|Weak Armor|boost
|-unboost|p1a: Ceruledge|def|1
|-boost|p1a: Ceruledge|spe|2
|
|upkeep
|turn|12
|
|t:|1779857838
|move|p1a: Ceruledge|Bitter Blade|p2a: Pecharunt
|-damage|p2a: Pecharunt|34/100
|-heal|p1a: Ceruledge|27/100|[from] drain|[of] p2a: Pecharunt
|-damage|p1a: Ceruledge|11/100|[from] item: Rocky Helmet|[of] p2a: Pecharunt
|move|p2a: Pecharunt|Recover|p2a: Pecharunt
|-heal|p2a: Pecharunt|84/100
|
|upkeep
|turn|13
|
|t:|1779857853
|move|p1a: Ceruledge|Bitter Blade|p2a: Pecharunt
|-damage|p2a: Pecharunt|44/100
|-heal|p1a: Ceruledge|37/100|[from] drain|[of] p2a: Pecharunt
|-damage|p1a: Ceruledge|20/100|[from] item: Rocky Helmet|[of] p2a: Pecharunt
|move|p2a: Pecharunt|Recover|p2a: Pecharunt
|-heal|p2a: Pecharunt|94/100
|
|upkeep
|turn|14
|
|t:|1779857866
|move|p1a: Ceruledge|Bitter Blade|p2a: Pecharunt
|-damage|p2a: Pecharunt|47/100
|-heal|p1a: Ceruledge|51/100|[from] drain|[of] p2a: Pecharunt
|-damage|p1a: Ceruledge|35/100|[from] item: Rocky Helmet|[of] p2a: Pecharunt
|move|p2a: Pecharunt|Foul Play|p1a: Ceruledge
|-supereffective|p1a: Ceruledge
|-damage|p1a: Ceruledge|0 fnt
|faint|p1a: Ceruledge
|
|upkeep
|
|t:|1779857891
|switch|p1a: Zamazenta|Zamazenta|100/100
|-ability|p1a: Zamazenta|Dauntless Shield|boost
|-boost|p1a: Zamazenta|def|1
|turn|15
|
|t:|1779857930
|move|p1a: Zamazenta|Body Press|p2a: Pecharunt
|-supereffective|p2a: Pecharunt
|-damage|p2a: Pecharunt|0 fnt
|-damage|p1a: Zamazenta|84/100|[from] item: Rocky Helmet|[of] p2a: Pecharunt
|faint|p2a: Pecharunt
|
|-heal|p1a: Zamazenta|90/100|[from] item: Leftovers
|upkeep
|
|t:|1779857948
|switch|p2a: Meowscarada|Meowscarada, F|84/100
|turn|16
|
|t:|1779857964
|switch|p2a: Enamorus|Enamorus, F|100/100
|move|p1a: Zamazenta|Body Press|p2a: Enamorus
|-resisted|p2a: Enamorus
|-damage|p2a: Enamorus|82/100
|
|-heal|p1a: Zamazenta|96/100|[from] item: Leftovers
|upkeep
|turn|17
|
|t:|1779857976
|switch|p2a: Corviknight|Corviknight, M|97/100
|-ability|p2a: Corviknight|Pressure
|switch|p1a: Florges|Florges, F|100/100
|
|upkeep
|turn|18
|
|t:|1779857986
|move|p1a: Florges|Calm Mind|p1a: Florges
|-boost|p1a: Florges|spa|1
|-boost|p1a: Florges|spd|1
|move|p2a: Corviknight|U-turn|p1a: Florges
|-resisted|p1a: Florges
|-damage|p1a: Florges|92/100
|
|t:|1779857995
|switch|p2a: Meowscarada|Meowscarada, F|84/100|[from] U-turn
|
|-heal|p1a: Florges|98/100|[from] item: Leftovers
|upkeep
|turn|19
|
|t:|1779858005
|move|p2a: Meowscarada|Triple Axel|p1a: Florges|[miss]
|-start|p2a: Meowscarada|typechange|Ice|[from] ability: Protean
|-miss|p2a: Meowscarada|p1a: Florges
|move|p1a: Florges|Giga Drain|p2a: Meowscarada
|-damage|p2a: Meowscarada|23/100
|-heal|p1a: Florges|100/100|[from] drain|[of] p2a: Meowscarada
|
|upkeep
|turn|20
|
|t:|1779858017
|switch|p1a: Donphan|Donphan, M|25/100
|move|p2a: Meowscarada|Triple Axel|p1a: Donphan
|-supereffective|p1a: Donphan
|-damage|p1a: Donphan|9/100
|-hitcount|p1a: Donphan|1
|
|upkeep
|turn|21
|
|t:|1779858027
|move|p2a: Meowscarada|Triple Axel|p1a: Donphan
|-supereffective|p1a: Donphan
|-damage|p1a: Donphan|0 fnt
|faint|p1a: Donphan
|-hitcount|p1: Donphan|1
|
|upkeep
|
|t:|1779858031
|switch|p1a: Lycanroc|Lycanroc-Dusk, M|100/100
|turn|22
|
|t:|1779858045
|switch|p2a: Corviknight|Corviknight, M|97/100
|-ability|p2a: Corviknight|Pressure
|move|p1a: Lycanroc|Accelerock|p2a: Corviknight
|-damage|p2a: Corviknight|77/100
|-damage|p1a: Lycanroc|91/100|[from] item: Life Orb
|
|upkeep
|turn|23
|
|t:|1779858062
|move|p1a: Lycanroc|Stone Edge|p2a: Corviknight
|-damage|p2a: Corviknight|37/100
|-damage|p1a: Lycanroc|81/100|[from] item: Life Orb
|move|p2a: Corviknight|U-turn|p1a: Lycanroc
|-damage|p1a: Lycanroc|58/100
|
|t:|1779858097
|switch|p2a: Slowking|Slowking, F|100/100|[from] U-turn
|
|upkeep
|turn|24
|
|t:|1779858105
|move|p1a: Lycanroc|Stone Edge|p2a: Slowking
|-damage|p2a: Slowking|39/100
|-damage|p1a: Lycanroc|48/100|[from] item: Life Orb
|move|p2a: Slowking|Scald|p1a: Lycanroc
|-supereffective|p1a: Lycanroc
|-damage|p1a: Lycanroc|0 fnt
|faint|p1a: Lycanroc
|
|upkeep
|
|t:|1779858108
|switch|p1a: Florges|Florges, F|100/100
|turn|25
|
|t:|1779858131
|switch|p2a: Iron Treads|Iron Treads|100/100
|move|p1a: Florges|Calm Mind|p1a: Florges
|-boost|p1a: Florges|spa|1
|-boost|p1a: Florges|spd|1
|
|upkeep
|turn|26
|
|t:|1779858140
|-terastallize|p1a: Florges|Grass
|move|p2a: Iron Treads|Knock Off|p1a: Florges
|-damage|p1a: Florges|70/100
|-enditem|p1a: Florges|Leftovers|[from] move: Knock Off|[of] p2a: Iron Treads
|move|p1a: Florges|Giga Drain|p2a: Iron Treads
|-damage|p2a: Iron Treads|54/100
|-heal|p1a: Florges|97/100|[from] drain|[of] p2a: Iron Treads
|
|-heal|p2a: Iron Treads|60/100|[from] item: Leftovers
|upkeep
|turn|27
|
|t:|1779858174
|-end|p2a: Iron Treads|Quark Drive|[silent]
|switch|p2a: Corviknight|Corviknight, M|37/100
|-ability|p2a: Corviknight|Pressure
|move|p1a: Florges|Giga Drain|p2a: Corviknight
|-resisted|p2a: Corviknight
|-damage|p2a: Corviknight|22/100
|-heal|p1a: Florges|100/100|[from] drain|[of] p2a: Corviknight
|
|upkeep
|turn|28
|
|t:|1779858183
|move|p1a: Florges|Giga Drain|p2a: Corviknight
|-resisted|p2a: Corviknight
|-damage|p2a: Corviknight|8/100
|move|p2a: Corviknight|Roost|p2a: Corviknight
|-heal|p2a: Corviknight|58/100
|-singleturn|p2a: Corviknight|move: Roost
|
|upkeep
|turn|29
|
|t:|1779858190
|move|p1a: Florges|Calm Mind|p1a: Florges
|-boost|p1a: Florges|spa|1
|-boost|p1a: Florges|spd|1
|move|p2a: Corviknight|Roost|p2a: Corviknight
|-heal|p2a: Corviknight|100/100
|-singleturn|p2a: Corviknight|move: Roost
|
|upkeep
|turn|30
|
|t:|1779858194
|move|p1a: Florges|Calm Mind|p1a: Florges
|-boost|p1a: Florges|spa|1
|-boost|p1a: Florges|spd|1
|move|p2a: Corviknight|U-turn|p1a: Florges
|-supereffective|p1a: Florges
|-damage|p1a: Florges|63/100
|
|t:|1779858200
|switch|p2a: Meowscarada|Meowscarada, F|23/100|[from] U-turn
|
|upkeep
|turn|31
|
|t:|1779858206
|switch|p1a: Zamazenta|Zamazenta|96/100
|move|p2a: Meowscarada|U-turn|p1a: Zamazenta
|-start|p2a: Meowscarada|typechange|Bug|[from] ability: Protean
|-resisted|p1a: Zamazenta
|-damage|p1a: Zamazenta|79/100
|
|t:|1779858221
|switch|p2a: Enamorus|Enamorus, F|82/100|[from] U-turn
|
|-heal|p1a: Zamazenta|85/100|[from] item: Leftovers
|upkeep
|turn|32
|
|t:|1779858245
|switch|p1a: Scizor|Scizor, F|100/100
|move|p2a: Enamorus|Moonblast|p1a: Scizor
|-resisted|p1a: Scizor
|-damage|p1a: Scizor|61/100
|
|upkeep
|turn|33
|
|t:|1779858254
|switch|p2a: Corviknight|Corviknight, M|100/100
|-ability|p2a: Corviknight|Pressure
|move|p1a: Scizor|Bullet Punch|p2a: Corviknight
|-resisted|p2a: Corviknight
|-damage|p2a: Corviknight|88/100
|-damage|p1a: Scizor|51/100|[from] item: Life Orb
|
|upkeep
|turn|34
|
|t:|1779858274
|move|p2a: Corviknight|Body Press|p1a: Scizor
|-damage|p1a: Scizor|26/100
|move|p1a: Scizor|Swords Dance|p1a: Scizor
|-boost|p1a: Scizor|atk|2
|
|upkeep
|turn|35
|
|t:|1779858280
|move|p2a: Corviknight|Body Press|p1a: Scizor
|-damage|p1a: Scizor|2/100
|move|p1a: Scizor|Swords Dance|p1a: Scizor
|-boost|p1a: Scizor|atk|2
|
|upkeep
|turn|36
|
|t:|1779858298
|move|p1a: Scizor|Bullet Punch|p2a: Corviknight
|-resisted|p2a: Corviknight
|-damage|p2a: Corviknight|50/100
|-damage|p1a: Scizor|0 fnt|[from] item: Life Orb
|faint|p1a: Scizor
|move|p2a: Corviknight|Roost|p2a: Corviknight
|-heal|p2a: Corviknight|99/100
|-singleturn|p2a: Corviknight|move: Roost
|
|upkeep
|
|t:|1779858307
|switch|p1a: Zamazenta|Zamazenta|85/100
|turn|37
|
|t:|1779858312
|move|p1a: Zamazenta|Iron Defense|p1a: Zamazenta
|-boost|p1a: Zamazenta|def|2
|move|p2a: Corviknight|U-turn|p1a: Zamazenta
|-resisted|p1a: Zamazenta
|-damage|p1a: Zamazenta|82/100
|
|t:|1779858316
|switch|p2a: Enamorus|Enamorus, F|82/100|[from] U-turn
|
|-heal|p1a: Zamazenta|88/100|[from] item: Leftovers
|upkeep
|turn|38
|
|t:|1779858321
|switch|p1a: Florges|Florges, F, tera:Grass|63/100
|move|p2a: Enamorus|Moonblast|p1a: Florges
|-damage|p1a: Florges|28/100
|
|upkeep
|turn|39
|
|t:|1779858324
|move|p2a: Enamorus|Moonblast|p1a: Florges
|-damage|p1a: Florges|0 fnt
|faint|p1a: Florges
|
|upkeep
|
|t:|1779858327
|switch|p1a: Zamazenta|Zamazenta|88/100
|turn|40
|
|t:|1779858332
|move|p2a: Enamorus|Moonblast|p1a: Zamazenta
|-supereffective|p1a: Zamazenta
|-damage|p1a: Zamazenta|0 fnt
|faint|p1a: Zamazenta
|
|win|Mr_Stonks0406
|raw|hat_fm's rating: 1360 &rarr; <strong>1341</strong><br />(-19 for losing)
|raw|Mr_Stonks0406's rating: 1369 &rarr; <strong>1388</strong><br />(+19 for winning)
|l|☆Mr_Stonks0406
|player|p2|
