|j|☆femboyjoystick
|j|☆cachowcapow
|t:|1779879354
|gametype|singles
|player|p1|femboyjoystick|265|1423
|player|p2|cachowcapow|101|1473
|gen|9
|tier|[Gen 9] OU
|rated|
|rule|HP Percentage Mod: HP is shown in percentages
|rule|Endless Battle Clause: Forcing endless battles is banned
|rule|Species Clause: Limit one of each Pokémon
|rule|OHKO Clause: OHKO moves are banned
|rule|Evasion Items Clause: Evasion items are banned
|rule|Evasion Moves Clause: Evasion moves are banned
|rule|Evasion Abilities Clause: Evasion abilities are banned
|rule|Sleep Moves Clause: Sleep-inducing moves are banned
|clearpoke
|poke|p1|Keldeo-Resolute|
|poke|p1|Great Tusk|
|poke|p1|Kingambit, M|
|poke|p1|Raging Bolt|
|poke|p1|Kyurem|
|poke|p1|Pecharunt|
|poke|p2|Primarina, F|
|poke|p2|Slither Wing|
|poke|p2|Slowking-Galar, F|
|poke|p2|Great Tusk|
|poke|p2|Meowscarada, F|
|poke|p2|Gardevoir, M|
|teampreview
|
|t:|1779879385
|teamsize|p1|6
|teamsize|p2|6
|start
|switch|p1a: Pecharunt|Pecharunt|100/100
|switch|p2a: Slowking|Slowking-Galar, F|100/100
|turn|1
|
|t:|1779879392
|move|p1a: Pecharunt|Shadow Ball|p2a: Slowking
|-supereffective|p2a: Slowking
|-damage|p2a: Slowking|64/100
|-unboost|p2a: Slowking|spd|1
|move|p2a: Slowking|Future Sight|p1a: Pecharunt
|-start|p2a: Slowking|move: Future Sight
|
|upkeep
|turn|2
|
|t:|1779879402
|move|p1a: Pecharunt|Malignant Chain|p2a: Slowking
|-resisted|p2a: Slowking
|-damage|p2a: Slowking|47/100
|-prepare|p2a: Slowking|Chilly Reception|[premajor]
|move|p2a: Slowking|Chilly Reception|p2a: Slowking
|-weather|Snowscape
|
|t:|1779879410
|switch|p2a: Gardevoir|Gardevoir, M, shiny|100/100|[from] Chilly Reception
|
|-weather|Snowscape|[upkeep]
|upkeep
|turn|3
|
|t:|1779879453
|-terastallize|p1a: Pecharunt|Poison
|move|p2a: Gardevoir|Moonblast|p1a: Pecharunt
|-resisted|p1a: Pecharunt
|-damage|p1a: Pecharunt|61/100
|-unboost|p1a: Pecharunt|spa|1
|move|p1a: Pecharunt|Malignant Chain|p2a: Gardevoir
|-supereffective|p2a: Gardevoir
|-damage|p2a: Gardevoir|31/100
|
|-weather|Snowscape|[upkeep]
|-end|p1a: Pecharunt|move: Future Sight
|-supereffective|p1a: Pecharunt
|-damage|p1a: Pecharunt|0 fnt
|faint|p1a: Pecharunt
|upkeep
|
|t:|1779879460
|switch|p1a: Keldeo|Keldeo-Resolute|100/100
|-ability|p2a: Gardevoir|Justified|Trace|[from] ability: Trace|[of] p1a: Keldeo
|turn|4
|
|t:|1779879477
|switch|p2a: Slither Wing|Slither Wing|100/100
|move|p1a: Keldeo|Surf|p2a: Slither Wing
|-damage|p2a: Slither Wing|49/100
|
|-weather|Snowscape|[upkeep]
|upkeep
|turn|5
|
|t:|1779879483
|-end|p2a: Slither Wing|Protosynthesis|[silent]
|switch|p2a: Primarina|Primarina, F, shiny|100/100
|move|p1a: Keldeo|Surf|p2a: Primarina
|-resisted|p2a: Primarina
|-damage|p2a: Primarina|79/100
|
|-weather|Snowscape|[upkeep]
|-heal|p2a: Primarina|85/100|[from] item: Leftovers
|upkeep
|turn|6
|
|t:|1779879492
|move|p1a: Keldeo|Flip Turn|p2a: Primarina
|-resisted|p2a: Primarina
|-damage|p2a: Primarina|77/100
|
|t:|1779879505
|switch|p1a: Kyurem|Kyurem|100/100|[from] Flip Turn
|-ability|p1a: Kyurem|Pressure
|move|p2a: Primarina|Calm Mind|p2a: Primarina
|-boost|p2a: Primarina|spa|1
|-boost|p2a: Primarina|spd|1
|
|-weather|none
|-heal|p2a: Primarina|83/100|[from] item: Leftovers
|upkeep
|turn|7
|
|t:|1779879528
|move|p1a: Kyurem|Freeze-Dry|p2a: Primarina
|-supereffective|p2a: Primarina
|-damage|p2a: Primarina|39/100
|move|p2a: Primarina|Draining Kiss|p1a: Kyurem
|-supereffective|p1a: Kyurem
|-damage|p1a: Kyurem|39/100
|-heal|p2a: Primarina|88/100|[from] drain|[of] p1a: Kyurem
|
|-heal|p2a: Primarina|94/100|[from] item: Leftovers
|upkeep
|turn|8
|
|t:|1779879537
|move|p1a: Kyurem|Freeze-Dry|p2a: Primarina
|-supereffective|p2a: Primarina
|-damage|p2a: Primarina|51/100
|move|p2a: Primarina|Draining Kiss|p1a: Kyurem
|-supereffective|p1a: Kyurem
|-damage|p1a: Kyurem|0 fnt
|-heal|p2a: Primarina|82/100|[from] drain|[of] p1a: Kyurem
|faint|p1a: Kyurem
|
|-heal|p2a: Primarina|88/100|[from] item: Leftovers
|upkeep
|
|t:|1779879540
|switch|p1a: Raging Bolt|Raging Bolt|100/100
|-enditem|p1a: Raging Bolt|Booster Energy
|-activate|p1a: Raging Bolt|ability: Protosynthesis|[fromitem]
|-start|p1a: Raging Bolt|protosynthesisspa
|turn|9
|
|t:|1779879547
|move|p1a: Raging Bolt|Thunderclap||[still]
|-fail|p1a: Raging Bolt
|move|p2a: Primarina|Encore|p1a: Raging Bolt
|-start|p1a: Raging Bolt|Encore
|
|-heal|p2a: Primarina|94/100|[from] item: Leftovers
|upkeep
|turn|10
|
|t:|1779879550
|move|p1a: Raging Bolt|Thunderclap||[still]
|-fail|p1a: Raging Bolt
|move|p2a: Primarina|Calm Mind|p2a: Primarina
|-boost|p2a: Primarina|spa|1
|-boost|p2a: Primarina|spd|1
|
|-heal|p2a: Primarina|99/100|[from] item: Leftovers
|upkeep
|turn|11
|
|t:|1779879553
|-end|p1a: Raging Bolt|Protosynthesis|[silent]
|switch|p1a: Kingambit|Kingambit, M|100/100
|-activate|p1a: Kingambit|ability: Supreme Overlord
|-start|p1a: Kingambit|fallen2|[silent]
|move|p2a: Primarina|Calm Mind|p2a: Primarina
|-boost|p2a: Primarina|spa|1
|-boost|p2a: Primarina|spd|1
|
|-heal|p2a: Primarina|100/100|[from] item: Leftovers
|upkeep
|turn|12
|
|t:|1779879562
|-end|p1a: Kingambit|fallen2|[silent]
|switch|p1a: Raging Bolt|Raging Bolt|100/100
|move|p2a: Primarina|Draining Kiss|p1a: Raging Bolt
|-supereffective|p1a: Raging Bolt
|-damage|p1a: Raging Bolt|19/100
|
|upkeep
|turn|13
|
|t:|1779879570
|move|p1a: Raging Bolt|Volt Switch|p2a: Primarina
|-supereffective|p2a: Primarina
|-damage|p2a: Primarina|72/100
|
|t:|1779879575
|-end|p1a: Raging Bolt|Protosynthesis|[silent]
|switch|p1a: Great Tusk|Great Tusk|100/100|[from] Volt Switch
|move|p2a: Primarina|Draining Kiss|p1a: Great Tusk
|-supereffective|p1a: Great Tusk
|-damage|p1a: Great Tusk|0 fnt
|-heal|p2a: Primarina|100/100|[from] drain|[of] p1a: Great Tusk
|faint|p1a: Great Tusk
|-end|p1a: Great Tusk|Protosynthesis|[silent]
|
|upkeep
|-message|femboyjoystick forfeited.
|
|win|cachowcapow
|raw|femboyjoystick's rating: 1423 &rarr; <strong>1406</strong><br />(-17 for losing)
|raw|cachowcapow's rating: 1473 &rarr; <strong>1490</strong><br />(+17 for winning)
|l|☆femboyjoystick
|player|p1|
|l|☆cachowcapow
|player|p2|
