|j|☆ancient silly
|j|☆ChenZengjia
|t:|1779859627
|gametype|singles
|player|p1|ancient silly|cynthia-gen4|1316
|player|p2|ChenZengjia|ghetsis-gen5bw|1371
|gen|9
|tier|[Gen 9] OU
|rated|
|rule|HP Percentage Mod: HP is shown in percentages
|rule|Endless Battle Clause: Forcing endless battles is banned
|rule|Species Clause: Limit one of each Pokémon
|rule|OHKO Clause: OHKO moves are banned
|rule|Evasion Items Clause: Evasion items are banned
|rule|Evasion Moves Clause: Evasion moves are banned
|rule|Evasion Abilities Clause: Evasion abilities are banned
|rule|Sleep Moves Clause: Sleep-inducing moves are banned
|clearpoke
|poke|p1|Cinderace, F|
|poke|p1|Slowking-Galar, F|
|poke|p1|Ursaluna, F|
|poke|p1|Conkeldurr, M|
|poke|p1|Heracross, F|
|poke|p1|Kingambit, F|
|poke|p2|Darkrai|
|poke|p2|Garchomp, F|
|poke|p2|Alomomola, M|
|poke|p2|Corviknight, F|
|poke|p2|Weezing-Galar, M|
|poke|p2|Ogerpon, F|
|teampreview
|inactive|Battle timer is ON: inactive players will automatically lose when time's up. (requested by ancient silly)
|
|t:|1779859650
|teamsize|p1|6
|teamsize|p2|6
|start
|switch|p1a: Slowking|Slowking-Galar, F|100/100
|switch|p2a: Garchomp|Garchomp, F|100/100
|turn|1
|
|t:|1779859665
|move|p2a: Garchomp|Spikes|p1a: Slowking
|-sidestart|p1: ancient silly|Spikes
|move|p1a: Slowking|Toxic Spikes|p2a: Garchomp
|-sidestart|p2: ChenZengjia|move: Toxic Spikes
|
|upkeep
|turn|2
|
|t:|1779859672
|move|p2a: Garchomp|Earthquake|p1a: Slowking
|-supereffective|p1a: Slowking
|-enditem|p1a: Slowking|Shuca Berry|[eat]
|-enditem|p1a: Slowking|Shuca Berry|[weaken]
|-damage|p1a: Slowking|69/100
|-prepare|p1a: Slowking|Chilly Reception|[premajor]
|move|p1a: Slowking|Chilly Reception|p1a: Slowking
|-weather|Snowscape
|
|t:|1779859676
|switch|p1a: Cinderace|Cinderace, F|100/100|[from] Chilly Reception
|
|-weather|Snowscape|[upkeep]
|upkeep
|turn|3
|
|t:|1779859689
|switch|p2a: Weezing|Weezing-Galar, M|100/100
|-ability|p2a: Weezing|Neutralizing Gas
|-sideend|p2: ChenZengjia|move: Toxic Spikes|[of] p2a: Weezing
|move|p1a: Cinderace|Court Change|p1a: Cinderace
|-swapsideconditions
|-activate|p1a: Cinderace|move: Court Change
|
|-weather|Snowscape|[upkeep]
|upkeep
|turn|4
|c|☆ancient silly|damn
|
|t:|1779859705
|move|p1a: Cinderace|Pyro Ball|p2a: Weezing
|-damage|p2a: Weezing|63/100
|move|p2a: Weezing|Will-O-Wisp|p1a: Cinderace
|-immune|p1a: Cinderace
|
|-weather|Snowscape|[upkeep]
|-heal|p2a: Weezing|69/100|[from] item: Leftovers
|upkeep
|turn|5
|
|t:|1779859715
|move|p1a: Cinderace|Pyro Ball|p2a: Weezing
|-damage|p2a: Weezing|31/100
|move|p2a: Weezing|Pain Split|p1a: Cinderace
|-sethp|p1a: Cinderace|67/100|[from] move: Pain Split|[silent]
|-sethp|p2a: Weezing|61/100|[from] move: Pain Split
|
|-weather|Snowscape|[upkeep]
|-heal|p2a: Weezing|67/100|[from] item: Leftovers
|upkeep
|turn|6
|
|t:|1779859726
|-end|p2a: Weezing|ability: Neutralizing Gas
|switch|p2a: Alomomola|Alomomola, M|100/100
|-damage|p2a: Alomomola|88/100|[from] Spikes
|move|p1a: Cinderace|Pyro Ball|p2a: Alomomola
|-resisted|p2a: Alomomola
|-damage|p2a: Alomomola|65/100
|
|-weather|none
|upkeep
|turn|7
|
|t:|1779859742
|move|p1a: Cinderace|U-turn|p2a: Alomomola
|-damage|p2a: Alomomola|48/100
|l|☆ancient silly
|inactive|ancient silly disconnected and has a minute to reconnect!
|player|p1|
|j|☆ancient silly
|inactive|ancient silly reconnected and has 135 seconds left.
|player|p1|ancient silly|cynthia-gen4|
|
|t:|1779859762
|switch|p1a: Slowking|Slowking-Galar, F|100/100|[from] U-turn
|move|p2a: Alomomola|Flip Turn|p1a: Slowking
|-crit|p1a: Slowking
|-damage|p1a: Slowking|84/100
|
|t:|1779859774
|switch|p2a: Garchomp|Garchomp, F|100/100|[from] Flip Turn
|-damage|p2a: Garchomp|88/100|[from] Spikes
|
|upkeep
|turn|8
|
|t:|1779859781
|move|p2a: Garchomp|Earthquake|p1a: Slowking
|-supereffective|p1a: Slowking
|-damage|p1a: Slowking|22/100
|move|p1a: Slowking|Ice Beam|p2a: Garchomp
|-supereffective|p2a: Garchomp
|-damage|p2a: Garchomp|8/100
|
|upkeep
|turn|9
|
|t:|1779859789
|switch|p1a: Heracross|Heracross, F|100/100
|move|p2a: Garchomp|Earthquake|p1a: Heracross
|-resisted|p1a: Heracross
|-damage|p1a: Heracross|68/100
|
|upkeep
|turn|10
|
|t:|1779859798
|switch|p2a: Corviknight|Corviknight, F|100/100
|-ability|p2a: Corviknight|Pressure
|move|p1a: Heracross|Knock Off|p2a: Corviknight
|-damage|p2a: Corviknight|73/100
|-enditem|p2a: Corviknight|Leftovers|[from] move: Knock Off|[of] p1a: Heracross
|
|upkeep
|turn|11
|
|t:|1779859811
|switch|p1a: Kingambit|Kingambit, F|100/100
|-item|p1a: Kingambit|Air Balloon
|move|p2a: Corviknight|Defog|p1a: Kingambit
|-unboost|p1a: Kingambit|evasion|1
|-sideend|p2: ChenZengjia|Spikes|[from] move: Defog|[of] p2a: Corviknight
|
|upkeep
|turn|12
|
|t:|1779859825
|-end|p1a: Kingambit|fallenundefined|[silent]
|switch|p1a: Slowking|Slowking-Galar, F|55/100
|move|p2a: Corviknight|U-turn|p1a: Slowking
|-damage|p1a: Slowking|45/100
|
|t:|1779859831
|switch|p2a: Garchomp|Garchomp, F|8/100|[from] U-turn
|
|upkeep
|turn|13
|
|t:|1779859846
|switch|p1a: Heracross|Heracross, F|68/100
|move|p2a: Garchomp|Earthquake|p1a: Heracross
|-resisted|p1a: Heracross
|-damage|p1a: Heracross|36/100
|
|upkeep
|turn|14
|
|t:|1779859855
|switch|p2a: Corviknight|Corviknight, F|73/100
|-ability|p2a: Corviknight|Pressure
|move|p1a: Heracross|Close Combat|p2a: Corviknight
|-damage|p2a: Corviknight|25/100
|-unboost|p1a: Heracross|def|1
|-unboost|p1a: Heracross|spd|1
|
|upkeep
|turn|15
|
|t:|1779859881
|switch|p2a: Garchomp|Garchomp, F|8/100
|move|p1a: Heracross|Close Combat|p2a: Garchomp
|-damage|p2a: Garchomp|0 fnt
|-unboost|p1a: Heracross|def|1
|-unboost|p1a: Heracross|spd|1
|-damage|p1a: Heracross|23/100|[from] ability: Rough Skin|[of] p2a: Garchomp
|-damage|p1a: Heracross|7/100|[from] item: Rocky Helmet|[of] p2a: Garchomp
|faint|p2a: Garchomp
|
|upkeep
|inactive|ChenZengjia has 120 seconds left.
|
|t:|1779859898
|switch|p2a: Weezing|Weezing-Galar, M|67/100
|-ability|p2a: Weezing|Neutralizing Gas
|turn|16
|inactive|ChenZengjia has 120 seconds left.
|
|t:|1779859916
|switch|p1a: Slowking|Slowking-Galar, F|78/100
|move|p2a: Weezing|Sludge Bomb|p1a: Slowking
|-resisted|p1a: Slowking
|-damage|p1a: Slowking|67/100
|
|-heal|p2a: Weezing|73/100|[from] item: Leftovers
|upkeep
|turn|17
|
|t:|1779859930
|-end|p2a: Weezing|ability: Neutralizing Gas
|switch|p2a: Ogerpon|Ogerpon, F|100/100
|move|p1a: Slowking|Future Sight|p2a: Ogerpon
|-start|p1a: Slowking|move: Future Sight
|
|upkeep
|turn|18
|
|t:|1779859943
|move|p2a: Ogerpon|Encore|p1a: Slowking
|-start|p1a: Slowking|Encore
|move|p1a: Slowking|Future Sight||[still]
|-fail|p1a: Slowking
|
|upkeep
|turn|19
|
|t:|1779859953
|switch|p2a: Darkrai|Darkrai|100/100
|switch|p1a: Kingambit|Kingambit, F|100/100
|-item|p1a: Kingambit|Air Balloon
|
|-end|p2a: Darkrai|move: Future Sight
|-immune|p2a: Darkrai
|upkeep
|turn|20
|inactive|ChenZengjia has 120 seconds left.
|
|t:|1779859965
|-end|p1a: Kingambit|fallenundefined|[silent]
|switch|p1a: Conkeldurr|Conkeldurr, M|100/100
|move|p2a: Darkrai|Focus Blast|p1a: Conkeldurr
|-damage|p1a: Conkeldurr|46/100
|
|upkeep
|turn|21
|inactive|ChenZengjia has 120 seconds left.
|
|t:|1779859973
|switch|p2a: Weezing|Weezing-Galar, M|73/100
|-ability|p2a: Weezing|Neutralizing Gas
|move|p1a: Conkeldurr|Mach Punch|p2a: Weezing
|-resisted|p2a: Weezing
|-damage|p2a: Weezing|69/100
|
|-heal|p2a: Weezing|75/100|[from] item: Leftovers
|upkeep
|turn|22
|inactive|ChenZengjia has 120 seconds left.
|
|t:|1779859986
|move|p2a: Weezing|Sludge Bomb|p1a: Conkeldurr
|-damage|p1a: Conkeldurr|25/100
|move|p1a: Conkeldurr|Earthquake|p2a: Weezing
|-supereffective|p2a: Weezing
|-damage|p2a: Weezing|23/100
|
|-heal|p2a: Weezing|29/100|[from] item: Leftovers
|upkeep
|turn|23
|inactive|ChenZengjia has 120 seconds left.
|
|t:|1779859997
|move|p2a: Weezing|Sludge Bomb|p1a: Conkeldurr
|-damage|p1a: Conkeldurr|4/100
|-status|p1a: Conkeldurr|psn
|move|p1a: Conkeldurr|Drain Punch|p2a: Weezing
|-resisted|p2a: Weezing
|-damage|p2a: Weezing|21/100
|-heal|p1a: Conkeldurr|7/100 psn|[from] drain|[of] p2a: Weezing
|
|-heal|p2a: Weezing|27/100|[from] item: Leftovers
|-damage|p1a: Conkeldurr|0 fnt|[from] psn
|faint|p1a: Conkeldurr
|upkeep
|
|t:|1779860011
|switch|p1a: Ursaluna|Ursaluna, F|100/100
|turn|24
|
|t:|1779860024
|-end|p2a: Weezing|ability: Neutralizing Gas
|switch|p2a: Corviknight|Corviknight, F|25/100
|-ability|p2a: Corviknight|Pressure
|move|p1a: Ursaluna|Fire Punch|p2a: Corviknight
|-supereffective|p2a: Corviknight
|-damage|p2a: Corviknight|0 fnt
|faint|p2a: Corviknight
|
|upkeep
|inactive|ChenZengjia has 120 seconds left.
|
|t:|1779860036
|switch|p2a: Alomomola|Alomomola, M|82/100
|turn|25
|
|t:|1779860042
|switch|p1a: Slowking|Slowking-Galar, F|100/100
|move|p2a: Alomomola|Body Slam|p1a: Slowking
|-damage|p1a: Slowking|89/100
|
|upkeep
|turn|26
|
|t:|1779860054
|move|p2a: Alomomola|Flip Turn|p1a: Slowking
|-damage|p1a: Slowking|77/100
|
|t:|1779860060
|switch|p2a: Darkrai|Darkrai|100/100|[from] Flip Turn
|move|p1a: Slowking|Toxic Spikes|p2a: Darkrai
|-sidestart|p2: ChenZengjia|move: Toxic Spikes
|
|upkeep
|turn|27
|
|t:|1779860067
|move|p2a: Darkrai|Dark Pulse|p1a: Slowking
|-supereffective|p1a: Slowking
|-damage|p1a: Slowking|0 fnt
|faint|p1a: Slowking
|
|upkeep
|
|t:|1779860070
|switch|p1a: Cinderace|Cinderace, F|67/100
|turn|28
|
|t:|1779860085
|move|p2a: Darkrai|Dark Pulse|p1a: Cinderace
|-damage|p1a: Cinderace|0 fnt
|faint|p1a: Cinderace
|
|upkeep
|
|t:|1779860092
|switch|p1a: Heracross|Heracross, F|7/100
|turn|29
|
|t:|1779860098
|switch|p2a: Weezing|Weezing-Galar, M|27/100
|-ability|p2a: Weezing|Neutralizing Gas
|-sideend|p2: ChenZengjia|move: Toxic Spikes|[of] p2a: Weezing
|move|p1a: Heracross|Close Combat|p2a: Weezing
|-resisted|p2a: Weezing
|-damage|p2a: Weezing|18/100
|-unboost|p1a: Heracross|def|1
|-unboost|p1a: Heracross|spd|1
|
|-heal|p2a: Weezing|24/100|[from] item: Leftovers
|upkeep
|turn|30
|
|t:|1779860111
|switch|p1a: Ursaluna|Ursaluna, F|100/100
|move|p2a: Weezing|Pain Split|p1a: Ursaluna
|-sethp|p1a: Ursaluna|60/100|[from] move: Pain Split|[silent]
|-sethp|p2a: Weezing|72/100|[from] move: Pain Split
|
|-heal|p2a: Weezing|78/100|[from] item: Leftovers
|upkeep
|turn|31
|inactive|ChenZengjia has 120 seconds left.
|
|t:|1779860142
|-end|p2a: Weezing|ability: Neutralizing Gas
|switch|p2a: Alomomola|Alomomola, M|100/100
|move|p1a: Ursaluna|Headlong Rush|p2a: Alomomola
|-damage|p2a: Alomomola|52/100
|-unboost|p1a: Ursaluna|def|1
|-unboost|p1a: Ursaluna|spd|1
|
|upkeep
|turn|32
|inactive|ChenZengjia has 120 seconds left.
|
|t:|1779860153
|move|p1a: Ursaluna|Headlong Rush|p2a: Alomomola
|-damage|p2a: Alomomola|5/100
|-unboost|p1a: Ursaluna|def|1
|-unboost|p1a: Ursaluna|spd|1
|move|p2a: Alomomola|Flip Turn|p1a: Ursaluna
|-supereffective|p1a: Ursaluna
|-damage|p1a: Ursaluna|10/100
|inactive|ChenZengjia has 120 seconds left.
|
|t:|1779860162
|switch|p2a: Ogerpon|Ogerpon, F|100/100|[from] Flip Turn
|
|upkeep
|turn|33
|inactive|ChenZengjia has 120 seconds left.
|
|t:|1779860180
|-terastallize|p2a: Ogerpon|Grass
|detailschange|p2a: Ogerpon|Ogerpon-Teal-Tera, F, tera:Grass
|-ability|p2a: Ogerpon|Embody Aspect (Teal)|boost
|-boost|p2a: Ogerpon|spe|1
|move|p2a: Ogerpon|Ivy Cudgel|p1a: Ursaluna
|-supereffective|p1a: Ursaluna
|-crit|p1a: Ursaluna
|-damage|p1a: Ursaluna|0 fnt
|faint|p1a: Ursaluna
|
|upkeep
|
|t:|1779860188
|switch|p1a: Kingambit|Kingambit, F|100/100
|-activate|p1a: Kingambit|ability: Supreme Overlord
|-start|p1a: Kingambit|fallen4|[silent]
|-item|p1a: Kingambit|Air Balloon
|turn|34
|inactive|ChenZengjia has 120 seconds left.
|
|t:|1779860204
|switch|p2a: Weezing|Weezing-Galar, M|78/100
|-ability|p2a: Weezing|Neutralizing Gas
|-terastallize|p1a: Kingambit|Ghost
|move|p1a: Kingambit|Kowtow Cleave|p2a: Weezing
|-resisted|p2a: Weezing
|-damage|p2a: Weezing|62/100
|
|-heal|p2a: Weezing|68/100|[from] item: Leftovers
|upkeep
|turn|35
|inactive|ChenZengjia has 120 seconds left.
|
|t:|1779860216
|move|p2a: Weezing|Will-O-Wisp|p1a: Kingambit
|-status|p1a: Kingambit|brn
|move|p1a: Kingambit|Swords Dance|p1a: Kingambit
|-boost|p1a: Kingambit|atk|2
|
|-heal|p2a: Weezing|74/100|[from] item: Leftovers
|-damage|p1a: Kingambit|94/100 brn|[from] brn
|upkeep
|turn|36
|inactive|ChenZengjia has 120 seconds left.
|
|t:|1779860233
|-end|p2a: Weezing|ability: Neutralizing Gas
|-activate|p1a: Kingambit|ability: Supreme Overlord
|-start|p1a: Kingambit|fallen4|[silent]
|switch|p2a: Alomomola|Alomomola, M|38/100
|move|p1a: Kingambit|Swords Dance|p1a: Kingambit
|-boost|p1a: Kingambit|atk|2
|
|-damage|p1a: Kingambit|88/100 brn|[from] brn
|upkeep
|turn|37
|
|t:|1779860248
|move|p1a: Kingambit|Swords Dance|p1a: Kingambit
|-boost|p1a: Kingambit|atk|2
|move|p2a: Alomomola|Flip Turn|p1a: Kingambit
|-damage|p1a: Kingambit|76/100 brn
|-enditem|p1a: Kingambit|Air Balloon
|
|t:|1779860255
|switch|p2a: Ogerpon|Ogerpon-Teal-Tera, F, tera:Grass|100/100|[from] Flip Turn
|-ability|p2a: Ogerpon|Embody Aspect (Teal)|boost
|-boost|p2a: Ogerpon|spe|1
|
|-damage|p1a: Kingambit|70/100 brn|[from] brn
|upkeep
|turn|38
|
|t:|1779860266
|move|p1a: Kingambit|Sucker Punch||[still]
|-fail|p1a: Kingambit
|move|p2a: Ogerpon|Encore|p1a: Kingambit
|-start|p1a: Kingambit|Encore
|
|-damage|p1a: Kingambit|64/100 brn|[from] brn
|upkeep
|turn|39
|
|t:|1779860276
|-end|p1a: Kingambit|fallen4|[silent]
|switch|p1a: Heracross|Heracross, F|7/100
|move|p2a: Ogerpon|Swords Dance|p2a: Ogerpon
|-boost|p2a: Ogerpon|atk|2
|
|upkeep
|turn|40
|inactive|ChenZengjia has 120 seconds left.
|
|t:|1779860285
|switch|p2a: Weezing|Weezing-Galar, M|74/100
|-ability|p2a: Weezing|Neutralizing Gas
|move|p1a: Heracross|Close Combat|p2a: Weezing
|-resisted|p2a: Weezing
|-damage|p2a: Weezing|64/100
|-unboost|p1a: Heracross|def|1
|-unboost|p1a: Heracross|spd|1
|
|-heal|p2a: Weezing|70/100|[from] item: Leftovers
|upkeep
|turn|41
|inactive|ChenZengjia has 120 seconds left.
|
|t:|1779860298
|switch|p1a: Kingambit|Kingambit, F, tera:Ghost|64/100 brn
|move|p2a: Weezing|Sludge Bomb|p1a: Kingambit
|-resisted|p1a: Kingambit
|-damage|p1a: Kingambit|50/100 brn
|
|-heal|p2a: Weezing|76/100|[from] item: Leftovers
|-damage|p1a: Kingambit|44/100 brn|[from] brn
|upkeep
|turn|42
|inactive|ChenZengjia has 120 seconds left.
|-message|ancient silly forfeited.
|
|win|ChenZengjia
|raw|ancient silly's rating: 1316 &rarr; <strong>1299</strong><br />(-17 for losing)
|raw|ChenZengjia's rating: 1371 &rarr; <strong>1388</strong><br />(+17 for winning)
|l|☆ancient silly
|player|p1|
|l|☆ChenZengjia
|player|p2|
