|j|☆0c3an m4n
|j|☆Superhjkdetective
|t:|1779803624
|gametype|singles
|player|p1|0c3an m4n|marlon|1675
|player|p2|Superhjkdetective|2|1790
|gen|9
|tier|[Gen 9] OU
|rated|
|rule|HP Percentage Mod: HP is shown in percentages
|rule|Endless Battle Clause: Forcing endless battles is banned
|rule|Species Clause: Limit one of each Pokémon
|rule|OHKO Clause: OHKO moves are banned
|rule|Evasion Items Clause: Evasion items are banned
|rule|Evasion Moves Clause: Evasion moves are banned
|rule|Evasion Abilities Clause: Evasion abilities are banned
|rule|Sleep Moves Clause: Sleep-inducing moves are banned
|clearpoke
|poke|p1|Quaquaval, M|
|poke|p1|Barraskewda, M|
|poke|p1|Pelipper, M|
|poke|p1|Slither Wing|
|poke|p1|Hatterene, F|
|poke|p1|Crawdaunt, F|
|poke|p2|Pecharunt|
|poke|p2|Samurott-Hisui, M|
|poke|p2|Hatterene, F|
|poke|p2|Great Tusk|
|poke|p2|Garganacl, F|
|poke|p2|Kyurem|
|teampreview
|inactive|Battle timer is ON: inactive players will automatically lose when time's up. (requested by Superhjkdetective)
|inactive|Superhjkdetective has 120 seconds left.
|j| Disscratch
|j| hattybatty304
|j| bingbong441
|
|t:|1779803676
|teamsize|p1|6
|teamsize|p2|6
|start
|switch|p1a: El papu|Slither Wing, shiny|100/100
|switch|p2a: Kyurem|Kyurem|100/100
|-ability|p2a: Kyurem|Pressure
|turn|1
|
|t:|1779803704
|switch|p2a: Hatterene|Hatterene, F|100/100
|move|p1a: El papu|U-turn|p2a: Hatterene
|-damage|p2a: Hatterene|45/100
|-damage|p1a: El papu|84/100|[from] item: Rocky Helmet|[of] p2a: Hatterene
|
|t:|1779803713
|-end|p1a: El papu|Protosynthesis|[silent]
|switch|p1a: Sphyraena (Fih) 🐟|Barraskewda, M, shiny|100/100|[from] U-turn
|
|upkeep
|turn|2
|
|t:|1779803727
|-terastallize|p1a: Sphyraena (Fih) 🐟|Water
|move|p1a: Sphyraena (Fih) 🐟|Flip Turn|p2a: Hatterene
|-damage|p2a: Hatterene|0 fnt
|-damage|p1a: Sphyraena (Fih) 🐟|84/100|[from] item: Rocky Helmet|[of] p2a: Hatterene
|faint|p2a: Hatterene
|
|t:|1779803734
|switch|p1a: Risk of what?|Pelipper, M, shiny|100/100|[from] Flip Turn
|-weather|RainDance|[from] ability: Drizzle|[of] p1a: Risk of what?
|
|-weather|RainDance|[upkeep]
|upkeep
|
|t:|1779803741
|switch|p2a: Kyurem|Kyurem|100/100
|-ability|p2a: Kyurem|Pressure
|turn|3
|
|t:|1779803747
|switch|p1a: Si|Hatterene, F, shiny|100/100
|move|p2a: Kyurem|Freeze-Dry|p1a: Si
|-damage|p1a: Si|65/100
|
|-weather|RainDance|[upkeep]
|upkeep
|turn|4
|
|t:|1779803755
|switch|p2a: Garganacl|Garganacl, F|100/100
|move|p1a: Si|Nuzzle|p2a: Garganacl
|-damage|p2a: Garganacl|98/100
|
|-weather|RainDance|[upkeep]
|-heal|p2a: Garganacl|100/100|[from] item: Leftovers
|upkeep
|turn|5
|
|t:|1779803760
|move|p2a: Garganacl|Curse|p2a: Garganacl
|-unboost|p2a: Garganacl|spe|1
|-boost|p2a: Garganacl|atk|1
|-boost|p2a: Garganacl|def|1
|move|p1a: Si|Draining Kiss|p2a: Garganacl
|-damage|p2a: Garganacl|82/100
|-heal|p1a: Si|83/100|[from] drain|[of] p2a: Garganacl
|
|-weather|RainDance|[upkeep]
|-heal|p2a: Garganacl|88/100|[from] item: Leftovers
|upkeep
|turn|6
|
|t:|1779803765
|move|p1a: Si|Psychic|p2a: Garganacl
|-damage|p2a: Garganacl|52/100
|move|p2a: Garganacl|Curse|p2a: Garganacl
|-unboost|p2a: Garganacl|spe|1
|-boost|p2a: Garganacl|atk|1
|-boost|p2a: Garganacl|def|1
|
|-weather|RainDance|[upkeep]
|-heal|p2a: Garganacl|58/100|[from] item: Leftovers
|upkeep
|turn|7
|
|t:|1779803770
|move|p1a: Si|Psychic|p2a: Garganacl
|-damage|p2a: Garganacl|22/100
|move|p2a: Garganacl|Recover|p2a: Garganacl
|-heal|p2a: Garganacl|72/100
|
|-weather|RainDance|[upkeep]
|-heal|p2a: Garganacl|78/100|[from] item: Leftovers
|upkeep
|turn|8
|
|t:|1779803774
|move|p1a: Si|Psychic|p2a: Garganacl
|-damage|p2a: Garganacl|43/100
|move|p2a: Garganacl|Salt Cure|p1a: Si
|-damage|p1a: Si|50/100
|-start|p1a: Si|Salt Cure
|
|-weather|RainDance|[upkeep]
|-heal|p2a: Garganacl|49/100|[from] item: Leftovers
|-damage|p1a: Si|38/100|[from] Salt Cure
|upkeep
|turn|9
|
|t:|1779803779
|move|p1a: Si|Psychic|p2a: Garganacl
|-damage|p2a: Garganacl|15/100
|move|p2a: Garganacl|Recover|p2a: Garganacl
|-heal|p2a: Garganacl|65/100
|
|-weather|none
|-heal|p2a: Garganacl|72/100|[from] item: Leftovers
|-damage|p1a: Si|26/100|[from] Salt Cure
|upkeep
|turn|10
|
|t:|1779803783
|move|p1a: Si|Psychic|p2a: Garganacl
|-damage|p2a: Garganacl|37/100
|move|p2a: Garganacl|Curse|p2a: Garganacl
|-unboost|p2a: Garganacl|spe|1
|-boost|p2a: Garganacl|atk|1
|-boost|p2a: Garganacl|def|1
|
|-heal|p2a: Garganacl|43/100|[from] item: Leftovers
|-damage|p1a: Si|14/100|[from] Salt Cure
|upkeep
|turn|11
|
|t:|1779803788
|move|p1a: Si|Psychic|p2a: Garganacl
|-damage|p2a: Garganacl|9/100
|move|p2a: Garganacl|Recover|p2a: Garganacl
|-heal|p2a: Garganacl|59/100
|
|-heal|p2a: Garganacl|65/100|[from] item: Leftovers
|-damage|p1a: Si|1/100|[from] Salt Cure
|upkeep
|turn|12
|
|t:|1779803793
|move|p1a: Si|Psychic|p2a: Garganacl
|-damage|p2a: Garganacl|30/100
|move|p2a: Garganacl|Recover|p2a: Garganacl
|-heal|p2a: Garganacl|80/100
|
|-heal|p2a: Garganacl|87/100|[from] item: Leftovers
|-damage|p1a: Si|0 fnt|[from] Salt Cure
|faint|p1a: Si
|upkeep
|
|t:|1779803799
|switch|p1a: Apernao 🔥|Crawdaunt, F, shiny|100/100
|turn|13
|
|t:|1779803804
|-terastallize|p2a: Garganacl|Water
|move|p1a: Apernao 🔥|Knock Off|p2a: Garganacl
|-damage|p2a: Garganacl|67/100
|-enditem|p2a: Garganacl|Leftovers|[from] move: Knock Off|[of] p1a: Apernao 🔥
|move|p2a: Garganacl|Salt Cure|p1a: Apernao 🔥
|-damage|p1a: Apernao 🔥|51/100
|-start|p1a: Apernao 🔥|Salt Cure
|
|-damage|p1a: Apernao 🔥|27/100|[from] Salt Cure
|upkeep
|turn|14
|
|t:|1779803816
|move|p1a: Apernao 🔥|Knock Off|p2a: Garganacl
|-damage|p2a: Garganacl|54/100
|move|p2a: Garganacl|Curse|p2a: Garganacl
|-unboost|p2a: Garganacl|spe|1
|-boost|p2a: Garganacl|atk|1
|-boost|p2a: Garganacl|def|1
|
|-damage|p1a: Apernao 🔥|2/100|[from] Salt Cure
|upkeep
|turn|15
|
|t:|1779803826
|switch|p1a: El papu|Slither Wing, shiny|84/100
|move|p2a: Garganacl|Recover|p2a: Garganacl
|-heal|p2a: Garganacl|100/100
|
|upkeep
|turn|16
|
|t:|1779803830
|move|p1a: El papu|U-turn|p2a: Garganacl
|-damage|p2a: Garganacl|85/100
|
|t:|1779803834
|-end|p1a: El papu|Protosynthesis|[silent]
|switch|p1a: Apernao 🔥|Crawdaunt, F, shiny|2/100|[from] U-turn
|move|p2a: Garganacl|Salt Cure|p1a: Apernao 🔥
|-damage|p1a: Apernao 🔥|0 fnt
|faint|p1a: Apernao 🔥
|
|upkeep
|
|t:|1779803839
|switch|p1a: Risk of what?|Pelipper, M, shiny|100/100
|-weather|RainDance|[from] ability: Drizzle|[of] p1a: Risk of what?
|turn|17
|
|t:|1779803842
|move|p1a: Risk of what?|Hurricane|p2a: Garganacl
|-damage|p2a: Garganacl|60/100
|-start|p2a: Garganacl|confusion
|-activate|p2a: Garganacl|confusion
|move|p2a: Garganacl|Salt Cure|p1a: Risk of what?
|-supereffective|p1a: Risk of what?
|-damage|p1a: Risk of what?|34/100
|-start|p1a: Risk of what?|Salt Cure
|
|-weather|RainDance|[upkeep]
|-damage|p1a: Risk of what?|9/100|[from] Salt Cure
|upkeep
|turn|18
|
|t:|1779803852
|move|p1a: Risk of what?|U-turn|p2a: Garganacl
|-damage|p2a: Garganacl|57/100
|
|t:|1779803855
|switch|p1a: El papu|Slither Wing, shiny|84/100|[from] U-turn
|-activate|p2a: Garganacl|confusion
|move|p2a: Garganacl|Recover|p2a: Garganacl
|-heal|p2a: Garganacl|100/100
|
|-weather|RainDance|[upkeep]
|upkeep
|turn|19
|
|t:|1779803860
|move|p1a: El papu|Close Combat|p2a: Garganacl
|-damage|p2a: Garganacl|75/100
|-unboost|p1a: El papu|def|1
|-unboost|p1a: El papu|spd|1
|-activate|p2a: Garganacl|confusion
|-damage|p2a: Garganacl|69/100|[from] confusion
|
|-weather|RainDance|[upkeep]
|upkeep
|turn|20
|
|t:|1779803864
|move|p1a: El papu|Close Combat|p2a: Garganacl
|-damage|p2a: Garganacl|46/100
|-unboost|p1a: El papu|def|1
|-unboost|p1a: El papu|spd|1
|-activate|p2a: Garganacl|confusion
|-damage|p2a: Garganacl|39/100|[from] confusion
|
|-weather|RainDance|[upkeep]
|upkeep
|turn|21
|
|t:|1779803870
|move|p1a: El papu|Close Combat|p2a: Garganacl
|-damage|p2a: Garganacl|14/100
|-unboost|p1a: El papu|def|1
|-unboost|p1a: El papu|spd|1
|-end|p2a: Garganacl|confusion
|move|p2a: Garganacl|Recover|p2a: Garganacl
|-heal|p2a: Garganacl|64/100
|
|-weather|RainDance|[upkeep]
|upkeep
|turn|22
|
|t:|1779803881
|move|p1a: El papu|Close Combat|p2a: Garganacl
|-damage|p2a: Garganacl|41/100
|-unboost|p1a: El papu|def|1
|-unboost|p1a: El papu|spd|1
|move|p2a: Garganacl|Salt Cure|p1a: El papu
|-damage|p1a: El papu|0 fnt
|faint|p1a: El papu
|-end|p1a: El papu|Protosynthesis|[silent]
|
|-weather|RainDance|[upkeep]
|upkeep
|
|t:|1779803901
|switch|p1a: Sphyraena (Fih) 🐟|Barraskewda, M, shiny, tera:Water|84/100
|turn|23
|
|t:|1779803907
|move|p1a: Sphyraena (Fih) 🐟|Close Combat|p2a: Garganacl
|-damage|p2a: Garganacl|26/100
|-unboost|p1a: Sphyraena (Fih) 🐟|def|1
|-unboost|p1a: Sphyraena (Fih) 🐟|spd|1
|move|p2a: Garganacl|Recover|p2a: Garganacl
|-heal|p2a: Garganacl|76/100
|
|-weather|RainDance|[upkeep]
|upkeep
|turn|24
|
|t:|1779803913
|move|p1a: Sphyraena (Fih) 🐟|Close Combat|p2a: Garganacl
|-damage|p2a: Garganacl|61/100
|-unboost|p1a: Sphyraena (Fih) 🐟|def|1
|-unboost|p1a: Sphyraena (Fih) 🐟|spd|1
|move|p2a: Garganacl|Salt Cure|p1a: Sphyraena (Fih) 🐟
|-damage|p1a: Sphyraena (Fih) 🐟|0 fnt
|faint|p1a: Sphyraena (Fih) 🐟
|
|-weather|none
|upkeep
|
|t:|1779803918
|switch|p1a: Risk of what?|Pelipper, M, shiny|9/100
|-weather|RainDance|[from] ability: Drizzle|[of] p1a: Risk of what?
|turn|25
|
|t:|1779803920
|move|p1a: Risk of what?|Hurricane|p2a: Garganacl
|-damage|p2a: Garganacl|35/100
|move|p2a: Garganacl|Salt Cure|p1a: Risk of what?
|-supereffective|p1a: Risk of what?
|-damage|p1a: Risk of what?|0 fnt
|faint|p1a: Risk of what?
|
|-weather|RainDance|[upkeep]
|upkeep
|
|t:|1779803923
|switch|p1a: Berdly|Quaquaval, M, shiny|100/100
|turn|26
|
|t:|1779803929
|move|p1a: Berdly|Close Combat|p2a: Garganacl
|-crit|p2a: Garganacl
|-damage|p2a: Garganacl|0 fnt
|-unboost|p1a: Berdly|def|1
|-unboost|p1a: Berdly|spd|1
|faint|p2a: Garganacl
|-ability|p1a: Berdly|Moxie|boost
|-boost|p1a: Berdly|atk|1
|
|-weather|RainDance|[upkeep]
|upkeep
|
|t:|1779803936
|switch|p2a: Kyurem|Kyurem|100/100
|-ability|p2a: Kyurem|Pressure
|turn|27
|
|t:|1779803941
|move|p2a: Kyurem|Freeze-Dry|p1a: Berdly
|-supereffective|p1a: Berdly
|-enditem|p1a: Berdly|Focus Sash
|-damage|p1a: Berdly|1/100
|-status|p1a: Berdly|frz
|cant|p1a: Berdly|frz
|
|-weather|RainDance|[upkeep]
|upkeep
|turn|28
|
|t:|1779803948
|move|p2a: Kyurem|Freeze-Dry|p1a: Berdly
|-supereffective|p1a: Berdly
|-damage|p1a: Berdly|0 fnt
|faint|p1a: Berdly
|
|win|Superhjkdetective
|raw|0c3an m4n's rating: 1675 &rarr; <strong>1661</strong><br />(-14 for losing)
|raw|Superhjkdetective's rating: 1790 &rarr; <strong>1804</strong><br />(+14 for winning)
|l|☆0c3an m4n
|player|p1|
|l| bingbong441
|l| hattybatty304
|l|☆Superhjkdetective
|player|p2|
|l| Disscratch
