|j|☆quizzicalculator
|j|☆PieCubed^3
|t:|1779944228
|gametype|singles
|player|p1|quizzicalculator|depotagent|1441
|player|p2|PieCubed^3|hilda-wonderlauncher|1430
|gen|9
|tier|[Gen 9] OU
|rated|
|rule|HP Percentage Mod: HP is shown in percentages
|rule|Endless Battle Clause: Forcing endless battles is banned
|rule|Species Clause: Limit one of each Pokémon
|rule|OHKO Clause: OHKO moves are banned
|rule|Evasion Items Clause: Evasion items are banned
|rule|Evasion Moves Clause: Evasion moves are banned
|rule|Evasion Abilities Clause: Evasion abilities are banned
|rule|Sleep Moves Clause: Sleep-inducing moves are banned
|clearpoke
|poke|p1|Pelipper, M|
|poke|p1|Raging Bolt|
|poke|p1|Barraskewda, F|
|poke|p1|Scizor, M|
|poke|p1|Fezandipiti, M|
|poke|p1|Landorus-Therian, M|
|poke|p2|Araquanid, F|
|poke|p2|Gholdengo|
|poke|p2|Kingambit, M|
|poke|p2|Raging Bolt|
|poke|p2|Keldeo-Resolute|
|poke|p2|Hoopa-Unbound|
|teampreview
|inactive|Battle timer is ON: inactive players will automatically lose when time's up. (requested by quizzicalculator)
|inactive|quizzicalculator has 120 seconds left.
|
|t:|1779944263
|teamsize|p1|6
|teamsize|p2|6
|start
|switch|p1a: Fezandipiti|Fezandipiti, M|100/100
|switch|p2a: QUIL|Araquanid, F|100/100
|turn|1
|
|t:|1779944277
|move|p1a: Fezandipiti|Beat Up|p2a: QUIL
|-damage|p2a: QUIL|97/100
|-damage|p2a: QUIL|94/100
|-status|p2a: QUIL|tox|[from] ability: Toxic Chain|[of] p1a: Fezandipiti
|-damage|p2a: QUIL|90/100 tox
|-damage|p2a: QUIL|86/100 tox
|-damage|p2a: QUIL|83/100 tox
|-damage|p2a: QUIL|79/100 tox
|-hitcount|p2a: QUIL|6
|move|p2a: QUIL|Sticky Web|p1a: Fezandipiti
|-sidestart|p1: quizzicalculator|move: Sticky Web
|
|-damage|p2a: QUIL|73/100 tox|[from] psn
|upkeep
|turn|2
|
|t:|1779944289
|move|p1a: Fezandipiti|U-turn|p2a: QUIL
|-damage|p2a: QUIL|55/100 tox
|
|t:|1779944295
|switch|p1a: Pelipper|Pelipper, M|100/100|[from] U-turn
|-weather|RainDance|[from] ability: Drizzle|[of] p1a: Pelipper
|move|p2a: QUIL|Surf|p1a: Pelipper
|-resisted|p1a: Pelipper
|-damage|p1a: Pelipper|64/100
|
|-weather|RainDance|[upkeep]
|-damage|p2a: QUIL|43/100 tox|[from] psn
|upkeep
|turn|3
|
|t:|1779944310
|move|p1a: Pelipper|Roost|p1a: Pelipper
|-heal|p1a: Pelipper|100/100
|-singleturn|p1a: Pelipper|move: Roost
|move|p2a: QUIL|Endeavor|p1a: Pelipper
|-damage|p1a: Pelipper|45/100
|
|-weather|RainDance|[upkeep]
|-damage|p2a: QUIL|24/100 tox|[from] psn
|upkeep
|turn|4
|inactive|quizzicalculator has 120 seconds left.
|inactive|quizzicalculator has 90 seconds left.
|-enditem|p2a: QUIL|Custap Berry|[eat]
|-activate|p2a: QUIL|item: Custap Berry|[consumed]
|
|t:|1779944385
|move|p2a: QUIL|Surf|p1a: Pelipper
|-resisted|p1a: Pelipper
|-damage|p1a: Pelipper|9/100
|move|p1a: Pelipper|Roost|p1a: Pelipper
|-heal|p1a: Pelipper|59/100
|-singleturn|p1a: Pelipper|move: Roost
|
|-weather|RainDance|[upkeep]
|-damage|p2a: QUIL|0 fnt|[from] psn
|faint|p2a: QUIL
|upkeep
|
|t:|1779944391
|switch|p2a: Raging Bolt|Raging Bolt|100/100
|-enditem|p2a: Raging Bolt|Booster Energy
|-activate|p2a: Raging Bolt|ability: Protosynthesis|[fromitem]
|-start|p2a: Raging Bolt|protosynthesisspa
|turn|5
|inactive|quizzicalculator has 90 seconds left.
|
|t:|1779944399
|switch|p1a: Fezandipiti|Fezandipiti, M|100/100
|move|p2a: Raging Bolt|Dragon Pulse|p1a: Fezandipiti
|-immune|p1a: Fezandipiti
|
|-weather|RainDance|[upkeep]
|upkeep
|turn|6
|
|t:|1779944406
|move|p2a: Raging Bolt|Calm Mind|p2a: Raging Bolt
|-boost|p2a: Raging Bolt|spa|1
|-boost|p2a: Raging Bolt|spd|1
|move|p1a: Fezandipiti|U-turn|p2a: Raging Bolt
|-damage|p2a: Raging Bolt|85/100
|
|t:|1779944409
|switch|p1a: Landorus|Landorus-Therian, M|100/100|[from] U-turn
|-ability|p1a: Landorus|Intimidate|boost
|-unboost|p2a: Raging Bolt|atk|1
|
|-weather|RainDance|[upkeep]
|upkeep
|turn|7
|
|t:|1779944416
|-terastallize|p2a: Raging Bolt|Fairy
|move|p1a: Landorus|Earthquake|p2a: Raging Bolt
|-damage|p2a: Raging Bolt|32/100
|move|p2a: Raging Bolt|Dragon Pulse|p1a: Landorus
|-damage|p1a: Landorus|0 fnt
|faint|p1a: Landorus
|
|-weather|RainDance|[upkeep]
|upkeep
|
|t:|1779944421
|switch|p1a: Barraskewda|Barraskewda, F|100/100
|-activate|p1a: Barraskewda|move: Sticky Web
|-unboost|p1a: Barraskewda|spe|1
|turn|8
|inactive|quizzicalculator has 90 seconds left.
|
|t:|1779944453
|move|p1a: Barraskewda|Aqua Jet|p2a: Raging Bolt
|-damage|p2a: Raging Bolt|0 fnt
|faint|p2a: Raging Bolt
|-end|p2a: Raging Bolt|Protosynthesis|[silent]
|
|-weather|RainDance|[upkeep]
|upkeep
|inactive|PieCubed^3 has 120 seconds left.
|
|t:|1779944489
|switch|p2a: Keldeo|Keldeo-Resolute|100/100
|turn|9
|
|t:|1779944498
|switch|p1a: Fezandipiti|Fezandipiti, M|100/100
|move|p2a: Keldeo|Surf|p1a: Fezandipiti
|-damage|p1a: Fezandipiti|35/100
|-damage|p2a: Keldeo|91/100|[from] item: Life Orb
|
|-weather|none
|upkeep
|turn|10
|inactive|PieCubed^3 has 120 seconds left.
|
|t:|1779944514
|move|p2a: Keldeo|Substitute|p2a: Keldeo
|-start|p2a: Keldeo|Substitute
|-damage|p2a: Keldeo|66/100
|move|p1a: Fezandipiti|Roost|p1a: Fezandipiti
|-heal|p1a: Fezandipiti|85/100
|-singleturn|p1a: Fezandipiti|move: Roost
|
|upkeep
|turn|11
|
|t:|1779944517
|move|p2a: Keldeo|Calm Mind|p2a: Keldeo
|-boost|p2a: Keldeo|spa|1
|-boost|p2a: Keldeo|spd|1
|move|p1a: Fezandipiti|Play Rough|p2a: Keldeo
|-supereffective|p2a: Keldeo
|-end|p2a: Keldeo|Substitute
|
|upkeep
|turn|12
|
|t:|1779944525
|move|p2a: Keldeo|Surf|p1a: Fezandipiti
|-damage|p1a: Fezandipiti|21/100
|-damage|p2a: Keldeo|56/100|[from] item: Life Orb
|move|p1a: Fezandipiti|Play Rough|p2a: Keldeo
|-supereffective|p2a: Keldeo
|-damage|p2a: Keldeo|0 fnt
|faint|p2a: Keldeo
|
|upkeep
|
|t:|1779944543
|switch|p2a: Gholdengo|Gholdengo|100/100
|-item|p2a: Gholdengo|Air Balloon
|turn|13
|
|t:|1779944550
|move|p2a: Gholdengo|Nasty Plot|p2a: Gholdengo
|-boost|p2a: Gholdengo|spa|2
|move|p1a: Fezandipiti|Beat Up|p2a: Gholdengo
|-supereffective|p2a: Gholdengo
|-damage|p2a: Gholdengo|93/100
|-enditem|p2a: Gholdengo|Air Balloon
|-supereffective|p2a: Gholdengo
|-damage|p2a: Gholdengo|85/100
|-supereffective|p2a: Gholdengo
|-damage|p2a: Gholdengo|74/100
|-supereffective|p2a: Gholdengo
|-damage|p2a: Gholdengo|68/100
|-supereffective|p2a: Gholdengo
|-damage|p2a: Gholdengo|59/100
|-hitcount|p2a: Gholdengo|5
|
|upkeep
|turn|14
|
|t:|1779944557
|move|p2a: Gholdengo|Shadow Ball|p1a: Fezandipiti
|-damage|p1a: Fezandipiti|0 fnt
|faint|p1a: Fezandipiti
|
|upkeep
|
|t:|1779944560
|switch|p1a: Pelipper|Pelipper, M|59/100
|-weather|RainDance|[from] ability: Drizzle|[of] p1a: Pelipper
|turn|15
|
|t:|1779944567
|move|p2a: Gholdengo|Shadow Ball|p1a: Pelipper
|-damage|p1a: Pelipper|0 fnt
|faint|p1a: Pelipper
|
|-weather|RainDance|[upkeep]
|upkeep
|
|t:|1779944569
|switch|p1a: Barraskewda|Barraskewda, F|100/100
|-activate|p1a: Barraskewda|move: Sticky Web
|-unboost|p1a: Barraskewda|spe|1
|turn|16
|
|t:|1779944578
|-terastallize|p1a: Barraskewda|Water
|move|p1a: Barraskewda|Flip Turn|p2a: Gholdengo
|-damage|p2a: Gholdengo|0 fnt
|faint|p2a: Gholdengo
|
|t:|1779944581
|switch|p1a: Raging Bolt|Raging Bolt|100/100|[from] Flip Turn
|-activate|p1a: Raging Bolt|move: Sticky Web
|-unboost|p1a: Raging Bolt|spe|1
|
|-weather|RainDance|[upkeep]
|upkeep
|
|t:|1779944589
|switch|p2a: Hoopa|Hoopa-Unbound|100/100
|turn|17
|
|t:|1779944595
|move|p2a: Hoopa|Dark Pulse|p1a: Raging Bolt
|-damage|p1a: Raging Bolt|54/100
|move|p1a: Raging Bolt|Volt Switch|p2a: Hoopa
|-damage|p2a: Hoopa|46/100
|
|t:|1779944600
|-end|p1a: Raging Bolt|Protosynthesis|[silent]
|switch|p1a: Barraskewda|Barraskewda, F, tera:Water|100/100|[from] Volt Switch
|-activate|p1a: Barraskewda|move: Sticky Web
|-unboost|p1a: Barraskewda|spe|1
|
|-weather|RainDance|[upkeep]
|upkeep
|turn|18
|
|t:|1779944605
|move|p1a: Barraskewda|Flip Turn|p2a: Hoopa
|-damage|p2a: Hoopa|0 fnt
|faint|p2a: Hoopa
|
|t:|1779944607
|switch|p1a: Scizor|Scizor, M|100/100|[from] Flip Turn
|-activate|p1a: Scizor|move: Sticky Web
|-unboost|p1a: Scizor|spe|1
|
|-weather|RainDance|[upkeep]
|upkeep
|
|t:|1779944608
|switch|p2a: Kingambit|Kingambit, M|100/100
|-activate|p2a: Kingambit|ability: Supreme Overlord
|-start|p2a: Kingambit|fallen5|[silent]
|-item|p2a: Kingambit|Air Balloon
|turn|19
|c|☆quizzicalculator|gg
|c|☆PieCubed^3|gg
|
|t:|1779944614
|move|p2a: Kingambit|Low Kick|p1a: Scizor
|-damage|p1a: Scizor|47/100
|-enditem|p1a: Scizor|Sitrus Berry|[eat]
|-heal|p1a: Scizor|72/100|[from] item: Sitrus Berry
|move|p1a: Scizor|Close Combat|p2a: Kingambit
|-supereffective|p2a: Kingambit
|-damage|p2a: Kingambit|0 fnt
|-unboost|p1a: Scizor|def|1
|-unboost|p1a: Scizor|spd|1
|-enditem|p2a: Kingambit|Air Balloon
|faint|p2a: Kingambit
|-end|p2a: Kingambit|fallen5|[silent]
|
|win|quizzicalculator
|raw|quizzicalculator's rating: 1441 &rarr; <strong>1460</strong><br />(+19 for winning)
|raw|PieCubed^3's rating: 1430 &rarr; <strong>1411</strong><br />(-19 for losing)
|l|☆PieCubed^3
|player|p2|
|l|☆quizzicalculator
|player|p1|
