|j|☆prova77
|j|☆TheManOfSausage
|t:|1779862886
|gametype|singles
|player|p1|prova77|swimmerf-gen4dp|1371
|player|p2|TheManOfSausage|miku-water|1381
|gen|9
|tier|[Gen 9] OU
|rated|
|rule|HP Percentage Mod: HP is shown in percentages
|rule|Endless Battle Clause: Forcing endless battles is banned
|rule|Species Clause: Limit one of each Pokémon
|rule|OHKO Clause: OHKO moves are banned
|rule|Evasion Items Clause: Evasion items are banned
|rule|Evasion Moves Clause: Evasion moves are banned
|rule|Evasion Abilities Clause: Evasion abilities are banned
|rule|Sleep Moves Clause: Sleep-inducing moves are banned
|clearpoke
|poke|p1|Pelipper, F|
|poke|p1|Hatterene, F|
|poke|p1|Toxicroak, M|
|poke|p1|Barraskewda, F|
|poke|p1|Zapdos|
|poke|p1|Iron Treads|
|poke|p2|Ogerpon-Wellspring, F|
|poke|p2|Ceruledge, M|
|poke|p2|Great Tusk|
|poke|p2|Gholdengo|
|poke|p2|Darkrai|
|poke|p2|Ribombee, M|
|teampreview
|inactive|Battle timer is ON: inactive players will automatically lose when time's up. (requested by prova77)
|
|t:|1779862894
|teamsize|p1|6
|teamsize|p2|6
|start
|switch|p1a: Pelipper|Pelipper, F|100/100
|switch|p2a: Ribombee|Ribombee, M|100/100
|-weather|RainDance|[from] ability: Drizzle|[of] p1a: Pelipper
|turn|1
|
|t:|1779862903
|switch|p1a: Hatterene|Hatterene, F|100/100
|move|p2a: Ribombee|Moonblast|p1a: Hatterene
|-damage|p1a: Hatterene|62/100
|-unboost|p1a: Hatterene|spa|1
|-enditem|p1a: Hatterene|Eject Button
|
|t:|1779862908
|switch|p1a: Barraskewda|Barraskewda, F|100/100
|
|-weather|RainDance|[upkeep]
|upkeep
|turn|2
|
|t:|1779862914
|switch|p2a: Ogerpon|Ogerpon-Wellspring, F|100/100
|move|p1a: Barraskewda|Poison Jab|p2a: Ogerpon
|-supereffective|p2a: Ogerpon
|-damage|p2a: Ogerpon|0 fnt
|faint|p2a: Ogerpon
|
|-weather|RainDance|[upkeep]
|upkeep
|j| navigatorxdd
|
|t:|1779862927
|switch|p2a: Ceruledge|Ceruledge, M|100/100
|turn|3
|
|t:|1779862932
|switch|p1a: Pelipper|Pelipper, F|100/100
|move|p2a: Ceruledge|Swords Dance|p2a: Ceruledge
|-boost|p2a: Ceruledge|atk|2
|
|-weather|RainDance|[upkeep]
|upkeep
|turn|4
|
|t:|1779862940
|move|p2a: Ceruledge|Shadow Claw|p1a: Pelipper
|-damage|p1a: Pelipper|20/100
|move|p1a: Pelipper|U-turn|p2a: Ceruledge
|-resisted|p2a: Ceruledge
|-damage|p2a: Ceruledge|98/100
|-ability|p2a: Ceruledge|Weak Armor|boost
|-unboost|p2a: Ceruledge|def|1
|-boost|p2a: Ceruledge|spe|2
|
|t:|1779862946
|switch|p1a: Barraskewda|Barraskewda, F|100/100|[from] U-turn
|
|-weather|RainDance|[upkeep]
|upkeep
|turn|5
|
|t:|1779862949
|-terastallize|p1a: Barraskewda|Water
|move|p2a: Ceruledge|Shadow Sneak|p1a: Barraskewda
|-crit|p1a: Barraskewda
|-damage|p1a: Barraskewda|0 fnt
|faint|p1a: Barraskewda
|
|-weather|RainDance|[upkeep]
|upkeep
|
|t:|1779862957
|switch|p1a: Iron Treads|Iron Treads|100/100
|turn|6
|
|t:|1779862960
|move|p2a: Ceruledge|Bitter Blade|p1a: Iron Treads
|-supereffective|p1a: Iron Treads
|-damage|p1a: Iron Treads|30/100
|-heal|p2a: Ceruledge|100/100|[from] drain|[of] p1a: Iron Treads
|move|p1a: Iron Treads|Earthquake|p2a: Ceruledge
|-supereffective|p2a: Ceruledge
|-enditem|p2a: Ceruledge|Focus Sash
|-damage|p2a: Ceruledge|1/100
|-ability|p2a: Ceruledge|Weak Armor|boost
|-unboost|p2a: Ceruledge|def|1
|-boost|p2a: Ceruledge|spe|2
|
|-weather|RainDance|[upkeep]
|-heal|p1a: Iron Treads|36/100|[from] item: Leftovers
|upkeep
|turn|7
|
|t:|1779862966
|move|p2a: Ceruledge|Bitter Blade|p1a: Iron Treads
|-supereffective|p1a: Iron Treads
|-damage|p1a: Iron Treads|0 fnt
|-heal|p2a: Ceruledge|24/100|[from] drain|[of] p1a: Iron Treads
|faint|p1a: Iron Treads
|-end|p1a: Iron Treads|Quark Drive|[silent]
|
|-weather|RainDance|[upkeep]
|upkeep
|
|t:|1779862970
|switch|p1a: Toxicroak|Toxicroak, M|100/100
|turn|8
|
|t:|1779862975
|move|p2a: Ceruledge|Swords Dance|p2a: Ceruledge
|-boost|p2a: Ceruledge|atk|2
|move|p1a: Toxicroak|Toxic|p2a: Ceruledge
|-status|p2a: Ceruledge|tox
|
|-weather|none
|-damage|p2a: Ceruledge|18/100 tox|[from] psn
|upkeep
|turn|9
|c|☆prova77|!dt dry skin
|c|☆prova77|/raw <ul class="utilichart"><li class="result"><span class="col namecol"><a href="https://dex.pokemonshowdown.com/abilities/dryskin">Dry Skin</a></span> <span class="col abilitydesccol">This Pokemon is healed 1/4 by Water, 1/8 by Rain; is hurt 1.25x by Fire, 1/8 by Sun.</span> </li><li style="clear:both"></li></ul>
|c|☆prova77|/raw <font size="1"><font color="#686868">Gen:</font> 4&nbsp;|&ThickSpace;&#10003; Ignored by Mold Breaker</font>

|
|t:|1779862993
|move|p1a: Toxicroak|Protect|p1a: Toxicroak
|-singleturn|p1a: Toxicroak|Protect
|move|p2a: Ceruledge|Bitter Blade|p1a: Toxicroak
|-activate|p1a: Toxicroak|move: Protect
|
|-damage|p2a: Ceruledge|6/100 tox|[from] psn
|upkeep
|turn|10
|
|t:|1779862999
|switch|p1a: Pelipper|Pelipper, F|20/100
|-weather|RainDance|[from] ability: Drizzle|[of] p1a: Pelipper
|move|p2a: Ceruledge|Bitter Blade|p1a: Pelipper
|-resisted|p1a: Pelipper
|-damage|p1a: Pelipper|0 fnt
|-heal|p2a: Ceruledge|16/100 tox|[from] drain|[of] p1a: Pelipper
|faint|p1a: Pelipper
|
|-weather|RainDance|[upkeep]
|-damage|p2a: Ceruledge|0 fnt|[from] psn
|faint|p2a: Ceruledge
|upkeep
|
|t:|1779863011
|switch|p2a: Ribombee|Ribombee, M|100/100
|switch|p1a: Zapdos|Zapdos|100/100
|turn|11
|
|t:|1779863015
|switch|p1a: Hatterene|Hatterene, F|62/100
|move|p2a: Ribombee|Moonblast|p1a: Hatterene
|-damage|p1a: Hatterene|17/100
|-unboost|p1a: Hatterene|spa|1
|
|-weather|RainDance|[upkeep]
|upkeep
|turn|12
|
|t:|1779863021
|move|p2a: Ribombee|Moonblast|p1a: Hatterene
|-crit|p1a: Hatterene
|-damage|p1a: Hatterene|0 fnt
|faint|p1a: Hatterene
|
|-weather|RainDance|[upkeep]
|upkeep
|
|t:|1779863023
|switch|p1a: Zapdos|Zapdos|100/100
|turn|13
|
|t:|1779863028
|move|p2a: Ribombee|Moonblast|p1a: Zapdos
|-damage|p1a: Zapdos|55/100
|move|p1a: Zapdos|Hurricane|p2a: Ribombee
|-supereffective|p2a: Ribombee
|-enditem|p2a: Ribombee|Focus Sash
|-damage|p2a: Ribombee|1/100
|
|-weather|RainDance|[upkeep]
|upkeep
|turn|14
|
|t:|1779863031
|move|p2a: Ribombee|Moonblast|p1a: Zapdos
|-damage|p1a: Zapdos|8/100
|move|p1a: Zapdos|Hurricane|p2a: Ribombee
|-supereffective|p2a: Ribombee
|-damage|p2a: Ribombee|0 fnt
|faint|p2a: Ribombee
|
|-weather|RainDance|[upkeep]
|upkeep
|-message|prova77 forfeited.
|
|win|TheManOfSausage
|raw|prova77's rating: 1371 &rarr; <strong>1352</strong><br />(-19 for losing)
|raw|TheManOfSausage's rating: 1381 &rarr; <strong>1400</strong><br />(+19 for winning)
|l|☆prova77
|player|p1|
|l|☆TheManOfSausage
|player|p2|
|l| navigatorxdd
