|j|☆karakel
|j|☆Nobodyandno-one
|t:|1779807563
|gametype|singles
|player|p1|karakel|cowgirl|1462
|player|p2|Nobodyandno-one|pilot|1464
|gen|9
|tier|[Gen 9] OU
|rated|
|rule|HP Percentage Mod: HP is shown in percentages
|rule|Endless Battle Clause: Forcing endless battles is banned
|rule|Species Clause: Limit one of each Pokémon
|rule|OHKO Clause: OHKO moves are banned
|rule|Evasion Items Clause: Evasion items are banned
|rule|Evasion Moves Clause: Evasion moves are banned
|rule|Evasion Abilities Clause: Evasion abilities are banned
|rule|Sleep Moves Clause: Sleep-inducing moves are banned
|clearpoke
|poke|p1|Lilligant-Hisui, F|
|poke|p1|Ninetales, F|
|poke|p1|Great Tusk|
|poke|p1|Walking Wake|
|poke|p1|Cresselia, F|
|poke|p1|Cinderace, M|
|poke|p2|Samurott-Hisui, F|
|poke|p2|Kingambit, M|
|poke|p2|Iron Treads|
|poke|p2|Zapdos|
|poke|p2|Ceruledge, M|
|poke|p2|Gholdengo|
|teampreview
|inactive|Battle timer is ON: inactive players will automatically lose when time's up. (requested by Nobodyandno-one)
|
|t:|1779807579
|teamsize|p1|6
|teamsize|p2|6
|start
|switch|p1a: Ninetales|Ninetales, F|100/100
|switch|p2a: “Just a Phase”|Samurott-Hisui, F|100/100
|-weather|SunnyDay|[from] ability: Drought|[of] p1a: Ninetales
|turn|1
|
|t:|1779807594
|switch|p1a: Great Tusk|Great Tusk|100/100
|-activate|p1a: Great Tusk|ability: Protosynthesis
|-start|p1a: Great Tusk|protosynthesisspe
|move|p2a: “Just a Phase”|Ceaseless Edge|p1a: Great Tusk
|-resisted|p1a: Great Tusk
|-damage|p1a: Great Tusk|87/100
|-sidestart|p1: karakel|Spikes
|
|-weather|SunnyDay|[upkeep]
|upkeep
|turn|2
|
|t:|1779807605
|switch|p2a: Zappy Boi|Zapdos|100/100
|move|p1a: Great Tusk|Close Combat|p2a: Zappy Boi
|-resisted|p2a: Zappy Boi
|-damage|p2a: Zappy Boi|81/100
|-unboost|p1a: Great Tusk|def|1
|-unboost|p1a: Great Tusk|spd|1
|-status|p1a: Great Tusk|par|[from] ability: Static|[of] p2a: Zappy Boi
|-enditem|p1a: Great Tusk|Eject Pack
|
|t:|1779807609
|-end|p1a: Great Tusk|Protosynthesis|[silent]
|switch|p1a: Walking Wake|Walking Wake|100/100
|-damage|p1a: Walking Wake|88/100|[from] Spikes
|-activate|p1a: Walking Wake|ability: Protosynthesis
|-start|p1a: Walking Wake|protosynthesisspa
|
|-weather|SunnyDay|[upkeep]
|upkeep
|turn|3
|
|t:|1779807617
|switch|p2a: “Just a Phase”|Samurott-Hisui, F|100/100
|move|p1a: Walking Wake|Hydro Steam|p2a: “Just a Phase”
|-resisted|p2a: “Just a Phase”
|-damage|p2a: “Just a Phase”|57/100
|
|-weather|SunnyDay|[upkeep]
|upkeep
|turn|4
|
|t:|1779807637
|-end|p1a: Walking Wake|Protosynthesis|[silent]
|switch|p1a: Great Tusk|Great Tusk|87/100 par
|-damage|p1a: Great Tusk|74/100 par|[from] Spikes
|-activate|p1a: Great Tusk|ability: Protosynthesis
|-start|p1a: Great Tusk|protosynthesisspe
|move|p2a: “Just a Phase”|Ceaseless Edge|p1a: Great Tusk
|-resisted|p1a: Great Tusk
|-damage|p1a: Great Tusk|62/100 par
|-sidestart|p1: karakel|Spikes
|
|-weather|SunnyDay|[upkeep]
|upkeep
|turn|5
|
|t:|1779807655
|switch|p2a: Zappy Boi|Zapdos|81/100
|cant|p1a: Great Tusk|par
|
|-weather|SunnyDay|[upkeep]
|upkeep
|turn|6
|
|t:|1779807660
|move|p2a: Zappy Boi|Hurricane|p1a: Great Tusk|[miss]
|-miss|p2a: Zappy Boi|p1a: Great Tusk
|move|p1a: Great Tusk|Rapid Spin|p2a: Zappy Boi
|-damage|p2a: Zappy Boi|70/100
|-boost|p1a: Great Tusk|spe|1
|-sideend|p1: karakel|Spikes|[from] move: Rapid Spin|[of] p1a: Great Tusk
|
|-weather|SunnyDay|[upkeep]
|upkeep
|turn|7
|
|t:|1779807670
|-end|p1a: Great Tusk|Protosynthesis|[silent]
|switch|p1a: Cresselia|Cresselia, F|100/100
|move|p2a: Zappy Boi|Hurricane|p1a: Cresselia|[miss]
|-miss|p2a: Zappy Boi|p1a: Cresselia
|
|-weather|SunnyDay|[upkeep]
|upkeep
|turn|8
|
|t:|1779807674
|move|p2a: Zappy Boi|Thunder Wave|p1a: Cresselia
|-status|p1a: Cresselia|par
|move|p1a: Cresselia|Ice Beam|p2a: Zappy Boi
|-supereffective|p2a: Zappy Boi
|-damage|p2a: Zappy Boi|38/100
|
|-weather|none
|upkeep
|turn|9
|
|t:|1779807678
|move|p2a: Zappy Boi|Roost|p2a: Zappy Boi
|-heal|p2a: Zappy Boi|88/100
|-singleturn|p2a: Zappy Boi|move: Roost
|cant|p1a: Cresselia|par
|
|upkeep
|turn|10
|
|t:|1779807681
|move|p2a: Zappy Boi|Volt Switch|p1a: Cresselia
|-crit|p1a: Cresselia
|-damage|p1a: Cresselia|75/100 par
|-enditem|p1a: Cresselia|Eject Button
|
|t:|1779807683
|switch|p1a: Ninetales|Ninetales, F|100/100
|-weather|SunnyDay|[from] ability: Drought|[of] p1a: Ninetales
|
|-weather|SunnyDay|[upkeep]
|upkeep
|turn|11
|
|t:|1779807701
|switch|p1a: Great Tusk|Great Tusk|62/100 par
|-activate|p1a: Great Tusk|ability: Protosynthesis
|-start|p1a: Great Tusk|protosynthesisspe
|move|p2a: Zappy Boi|Volt Switch|p1a: Great Tusk
|-immune|p1a: Great Tusk
|
|-weather|SunnyDay|[upkeep]
|upkeep
|turn|12
|
|t:|1779807708
|move|p2a: Zappy Boi|Hurricane|p1a: Great Tusk
|-supereffective|p1a: Great Tusk
|-damage|p1a: Great Tusk|0 fnt
|faint|p1a: Great Tusk
|-end|p1a: Great Tusk|Protosynthesis|[silent]
|
|-weather|SunnyDay|[upkeep]
|upkeep
|
|t:|1779807711
|switch|p1a: Walking Wake|Walking Wake|88/100
|-activate|p1a: Walking Wake|ability: Protosynthesis
|-start|p1a: Walking Wake|protosynthesisspa
|turn|13
|
|t:|1779807717
|move|p1a: Walking Wake|Hydro Steam|p2a: Zappy Boi
|-damage|p2a: Zappy Boi|0 fnt
|faint|p2a: Zappy Boi
|
|-weather|SunnyDay|[upkeep]
|upkeep
|
|t:|1779807726
|switch|p2a: “Just a Phase”|Samurott-Hisui, F|57/100
|turn|14
|
|t:|1779807731
|-end|p1a: Walking Wake|Protosynthesis|[silent]
|switch|p1a: Lilligant|Lilligant-Hisui, F|100/100
|move|p2a: “Just a Phase”|Ceaseless Edge|p1a: Lilligant
|-resisted|p1a: Lilligant
|-damage|p1a: Lilligant|74/100
|-sidestart|p1: karakel|Spikes
|
|-weather|SunnyDay|[upkeep]
|-heal|p1a: Lilligant|80/100|[from] item: Leftovers
|upkeep
|turn|15
|
|t:|1779807737
|switch|p1a: Cinderace|Cinderace, M|100/100
|-damage|p1a: Cinderace|88/100|[from] Spikes
|switch|p2a: Noodle Guy|Gholdengo|100/100
|-item|p2a: Noodle Guy|Air Balloon
|
|-weather|SunnyDay|[upkeep]
|upkeep
|turn|16
|
|t:|1779807745
|-terastallize|p2a: Noodle Guy|Fairy
|move|p1a: Cinderace|Court Change|p1a: Cinderace
|-start|p1a: Cinderace|typechange|Normal|[from] ability: Libero
|-swapsideconditions
|-activate|p1a: Cinderace|move: Court Change
|move|p2a: Noodle Guy|Thunder Wave|p1a: Cinderace
|-status|p1a: Cinderace|par
|
|-weather|SunnyDay|[upkeep]
|upkeep
|turn|17
|
|t:|1779807750
|switch|p1a: Cresselia|Cresselia, F|75/100 par
|move|p2a: Noodle Guy|Focus Blast|p1a: Cresselia
|-resisted|p1a: Cresselia
|-damage|p1a: Cresselia|65/100 par
|
|-weather|none
|upkeep
|turn|18
|
|t:|1779807760
|move|p2a: Noodle Guy|Hex|p1a: Cresselia
|-supereffective|p1a: Cresselia
|-damage|p1a: Cresselia|0 fnt
|faint|p1a: Cresselia
|
|upkeep
|
|t:|1779807763
|switch|p1a: Ninetales|Ninetales, F|100/100
|-weather|SunnyDay|[from] ability: Drought|[of] p1a: Ninetales
|turn|19
|
|t:|1779807770
|switch|p1a: Cinderace|Cinderace, M|88/100 par
|move|p2a: Noodle Guy|Thunder Wave|p1a: Cinderace
|-fail|p1a: Cinderace|par
|
|-weather|SunnyDay|[upkeep]
|upkeep
|turn|20
|
|t:|1779807776
|switch|p2a: Check|Ceruledge, M|100/100
|-damage|p2a: Check|88/100|[from] Spikes
|move|p1a: Cinderace|Pyro Ball|p2a: Check
|-start|p2a: Check|ability: Flash Fire
|
|-weather|SunnyDay|[upkeep]
|upkeep
|turn|21
|
|t:|1779807785
|switch|p1a: Walking Wake|Walking Wake|88/100
|-activate|p1a: Walking Wake|ability: Protosynthesis
|-start|p1a: Walking Wake|protosynthesisspa
|move|p2a: Check|Poltergeist|p1a: Walking Wake
|-activate|p1a: Walking Wake|move: Poltergeist|Choice Specs
|-damage|p1a: Walking Wake|3/100
|-damage|p2a: Check|78/100|[from] item: Life Orb
|
|-weather|SunnyDay|[upkeep]
|upkeep
|turn|22
|
|t:|1779807793
|-end|p1a: Walking Wake|Protosynthesis|[silent]
|switch|p1a: Cinderace|Cinderace, M|88/100 par
|move|p2a: Check|Shadow Sneak|p1a: Cinderace
|-damage|p1a: Cinderace|52/100 par
|-damage|p2a: Check|68/100|[from] item: Life Orb
|
|-weather|SunnyDay|[upkeep]
|upkeep
|turn|23
|
|t:|1779807799
|move|p2a: Check|Bitter Blade|p1a: Cinderace
|-resisted|p1a: Cinderace
|-damage|p1a: Cinderace|0 fnt
|-heal|p2a: Check|95/100|[from] drain|[of] p1a: Cinderace
|faint|p1a: Cinderace
|-damage|p2a: Check|85/100|[from] item: Life Orb
|
|-weather|SunnyDay|[upkeep]
|upkeep
|
|t:|1779807803
|switch|p1a: Ninetales|Ninetales, F|100/100
|turn|24
|
|t:|1779807822
|move|p1a: Ninetales|Healing Wish|p1a: Ninetales
|faint|p1a: Ninetales
|move|p2a: Check|Poltergeist|p1: Ninetales|[notarget]
|-fail|p2a: Check
|
|-weather|SunnyDay|[upkeep]
|upkeep
|
|t:|1779807825
|switch|p1a: Walking Wake|Walking Wake|3/100
|-heal|p1a: Walking Wake|100/100|[from] move: Healing Wish
|-activate|p1a: Walking Wake|ability: Protosynthesis
|-start|p1a: Walking Wake|protosynthesisspa
|turn|25
|
|t:|1779807834
|-end|p2a: Check|ability: Flash Fire|[silent]
|switch|p2a: Mr Fuck Face|Iron Treads|100/100
|-damage|p2a: Mr Fuck Face|88/100|[from] Spikes
|move|p1a: Walking Wake|Hydro Steam|p2a: Mr Fuck Face
|-supereffective|p2a: Mr Fuck Face
|-damage|p2a: Mr Fuck Face|0 fnt
|faint|p2a: Mr Fuck Face
|-end|p2a: Mr Fuck Face|Quark Drive|[silent]
|
|-weather|SunnyDay|[upkeep]
|upkeep
|
|t:|1779807840
|switch|p2a: Noodle Guy|Gholdengo, tera:Fairy|100/100
|-item|p2a: Noodle Guy|Air Balloon
|turn|26
|
|t:|1779807845
|move|p1a: Walking Wake|Hydro Steam|p2a: Noodle Guy
|-damage|p2a: Noodle Guy|0 fnt
|-enditem|p2a: Noodle Guy|Air Balloon
|faint|p2a: Noodle Guy
|
|-weather|none
|-end|p1a: Walking Wake|Protosynthesis
|upkeep
|
|t:|1779807855
|switch|p2a: “Just a Phase”|Samurott-Hisui, F|57/100
|-damage|p2a: “Just a Phase”|45/100|[from] Spikes
|turn|27
|
|t:|1779807863
|-end|p1a: Walking Wake|Protosynthesis|[silent]
|switch|p1a: Lilligant|Lilligant-Hisui, F|80/100
|move|p2a: “Just a Phase”|Ceaseless Edge|p1a: Lilligant|[miss]
|-miss|p2a: “Just a Phase”|p1a: Lilligant
|
|-heal|p1a: Lilligant|86/100|[from] item: Leftovers
|upkeep
|turn|28
|
|t:|1779807868
|move|p1a: Lilligant|Victory Dance|p1a: Lilligant
|-boost|p1a: Lilligant|atk|1
|-boost|p1a: Lilligant|def|1
|-boost|p1a: Lilligant|spe|1
|move|p2a: “Just a Phase”|Ceaseless Edge|p1a: Lilligant
|-resisted|p1a: Lilligant
|-crit|p1a: Lilligant
|-damage|p1a: Lilligant|43/100
|-sidestart|p1: karakel|Spikes
|
|-heal|p1a: Lilligant|49/100|[from] item: Leftovers
|upkeep
|turn|29
|
|t:|1779807881
|move|p1a: Lilligant|Victory Dance|p1a: Lilligant
|-boost|p1a: Lilligant|atk|1
|-boost|p1a: Lilligant|def|1
|-boost|p1a: Lilligant|spe|1
|move|p2a: “Just a Phase”|Ceaseless Edge|p1a: Lilligant
|-resisted|p1a: Lilligant
|-damage|p1a: Lilligant|34/100
|-sidestart|p1: karakel|Spikes
|
|-heal|p1a: Lilligant|40/100|[from] item: Leftovers
|upkeep
|turn|30
|
|t:|1779807890
|move|p1a: Lilligant|Victory Dance|p1a: Lilligant
|-boost|p1a: Lilligant|atk|1
|-boost|p1a: Lilligant|def|1
|-boost|p1a: Lilligant|spe|1
|move|p2a: “Just a Phase”|Razor Shell|p1a: Lilligant|[miss]
|-miss|p2a: “Just a Phase”|p1a: Lilligant
|
|-heal|p1a: Lilligant|46/100|[from] item: Leftovers
|upkeep
|turn|31
|-message|Nobodyandno-one forfeited.
|
|win|karakel
|raw|karakel's rating: 1462 &rarr; <strong>1482</strong><br />(+20 for winning)
|raw|Nobodyandno-one's rating: 1464 &rarr; <strong>1444</strong><br />(-20 for losing)
|l|☆Nobodyandno-one
|player|p2|
|l|☆karakel
|player|p1|
