|j|☆suminkwak249
|j|☆Palm X
|t:|1779921600
|gametype|singles
|player|p1|suminkwak249|266|1601
|player|p2|Palm X|caitlin|1588
|gen|9
|tier|[Gen 9] OU
|rated|
|rule|HP Percentage Mod: HP is shown in percentages
|rule|Endless Battle Clause: Forcing endless battles is banned
|rule|Species Clause: Limit one of each Pokémon
|rule|OHKO Clause: OHKO moves are banned
|rule|Evasion Items Clause: Evasion items are banned
|rule|Evasion Moves Clause: Evasion moves are banned
|rule|Evasion Abilities Clause: Evasion abilities are banned
|rule|Sleep Moves Clause: Sleep-inducing moves are banned
|clearpoke
|poke|p1|Hoopa-Unbound|
|poke|p1|Ursaluna, M|
|poke|p1|Hatterene, F|
|poke|p1|Cresselia, F|
|poke|p1|Iron Hands|
|poke|p1|Kingambit, F|
|poke|p2|Ninetales-Alola, M|
|poke|p2|Rillaboom, M|
|poke|p2|Raging Bolt|
|poke|p2|Gholdengo|
|poke|p2|Cinderace, M|
|poke|p2|Serperior, M|
|teampreview
|inactive|Battle timer is ON: inactive players will automatically lose when time's up. (requested by Palm X)
|
|t:|1779921611
|teamsize|p1|6
|teamsize|p2|6
|start
|switch|p1a: Kingambit|Kingambit, F|100/100
|switch|p2a: Raging Bolt|Raging Bolt|100/100
|turn|1
|
|t:|1779921617
|move|p2a: Raging Bolt|Draco Meteor|p1a: Kingambit
|-resisted|p1a: Kingambit
|-damage|p1a: Kingambit|48/100
|-unboost|p2a: Raging Bolt|spa|2
|move|p1a: Kingambit|Kowtow Cleave|p2a: Raging Bolt
|-damage|p2a: Raging Bolt|55/100
|
|-heal|p1a: Kingambit|54/100|[from] item: Leftovers
|upkeep
|turn|2
|
|t:|1779921624
|-end|p2a: Raging Bolt|Protosynthesis|[silent]
|switch|p2a: Ninetales|Ninetales-Alola, M|100/100
|-weather|Snowscape|[from] ability: Snow Warning|[of] p2a: Ninetales
|move|p1a: Kingambit|Iron Head|p2a: Ninetales
|-supereffective|p2a: Ninetales
|-damage|p2a: Ninetales|0 fnt
|faint|p2a: Ninetales
|
|-weather|Snowscape|[upkeep]
|-heal|p1a: Kingambit|60/100|[from] item: Leftovers
|upkeep
|
|t:|1779921628
|switch|p2a: Serperior|Serperior, M|100/100
|turn|3
|
|t:|1779921634
|move|p2a: Serperior|Leaf Storm|p1a: Kingambit
|-resisted|p1a: Kingambit
|-damage|p1a: Kingambit|34/100
|-boost|p2a: Serperior|spa|2
|move|p1a: Kingambit|Kowtow Cleave|p2a: Serperior
|-damage|p2a: Serperior|47/100
|
|-weather|Snowscape|[upkeep]
|-heal|p1a: Kingambit|41/100|[from] item: Leftovers
|upkeep
|turn|4
|
|t:|1779921638
|move|p2a: Serperior|Leaf Storm|p1a: Kingambit
|-resisted|p1a: Kingambit
|-damage|p1a: Kingambit|0 fnt
|-boost|p2a: Serperior|spa|2
|faint|p1a: Kingambit
|-end|p1a: Kingambit|fallenundefined|[silent]
|
|-weather|Snowscape|[upkeep]
|upkeep
|
|t:|1779921641
|switch|p1a: Hatterene|Hatterene, F|100/100
|turn|5
|
|t:|1779921644
|move|p2a: Serperior|Giga Drain|p1a: Hatterene
|-damage|p1a: Hatterene|2/100
|-heal|p2a: Serperior|96/100|[from] drain|[of] p1a: Hatterene
|move|p1a: Hatterene|Trick Room|p1a: Hatterene
|-fieldstart|move: Trick Room|[of] p1a: Hatterene
|
|-weather|Snowscape|[upkeep]
|upkeep
|turn|6
|
|t:|1779921653
|move|p1a: Hatterene|Psychic|p2a: Serperior
|-damage|p2a: Serperior|38/100
|move|p2a: Serperior|Giga Drain|p1a: Hatterene
|-damage|p1a: Hatterene|0 fnt
|-heal|p2a: Serperior|39/100|[from] drain|[of] p1a: Hatterene
|faint|p1a: Hatterene
|
|-weather|none
|upkeep
|
|t:|1779921656
|switch|p1a: Ursaluna|Ursaluna, M|100/100
|turn|7
|
|t:|1779921660
|switch|p2a: Rillaboom|Rillaboom, M|100/100
|-fieldstart|move: Grassy Terrain|[from] ability: Grassy Surge|[of] p2a: Rillaboom
|move|p1a: Ursaluna|Fire Punch|p2a: Rillaboom
|-supereffective|p2a: Rillaboom
|-damage|p2a: Rillaboom|37/100
|
|-heal|p2a: Rillaboom|43/100|[from] Grassy Terrain
|-status|p1a: Ursaluna|brn|[from] item: Flame Orb
|upkeep
|turn|8
|
|t:|1779921664
|-terastallize|p1a: Ursaluna|Normal
|move|p2a: Rillaboom|Grassy Glide|p1a: Ursaluna
|-damage|p1a: Ursaluna|58/100 brn
|move|p1a: Ursaluna|Fire Punch|p2a: Rillaboom
|-supereffective|p2a: Rillaboom
|-damage|p2a: Rillaboom|0 fnt
|faint|p2a: Rillaboom
|
|-heal|p1a: Ursaluna|65/100 brn|[from] Grassy Terrain
|-damage|p1a: Ursaluna|58/100 brn|[from] brn
|upkeep
|
|t:|1779921676
|switch|p2a: Gholdengo|Gholdengo|100/100
|turn|9
|
|t:|1779921680
|-terastallize|p2a: Gholdengo|Flying
|move|p1a: Ursaluna|Headlong Rush|p2a: Gholdengo
|-immune|p2a: Gholdengo
|move|p2a: Gholdengo|Make It Rain|p1a: Ursaluna
|-damage|p1a: Ursaluna|0 fnt
|-unboost|p2a: Gholdengo|spa|1
|faint|p1a: Ursaluna
|
|-fieldend|move: Trick Room
|upkeep
|
|t:|1779921686
|switch|p1a: Hoopa|Hoopa-Unbound|100/100
|turn|10
|
|t:|1779921688
|switch|p2a: Cinderace|Cinderace, M|100/100
|move|p1a: Hoopa|Trick Room|p1a: Hoopa
|-fieldstart|move: Trick Room|[of] p1a: Hoopa
|
|upkeep
|turn|11
|
|t:|1779921691
|move|p1a: Hoopa|Hyperspace Fury|p2a: Cinderace
|-damage|p2a: Cinderace|18/100
|-unboost|p1a: Hoopa|def|1
|-enditem|p1a: Hoopa|Eject Pack
|
|t:|1779921693
|switch|p1a: Iron Hands|Iron Hands|100/100
|-enditem|p1a: Iron Hands|Booster Energy
|-activate|p1a: Iron Hands|ability: Quark Drive|[fromitem]
|-start|p1a: Iron Hands|quarkdriveatk
|move|p2a: Cinderace|Will-O-Wisp|p1a: Iron Hands|[miss]
|-miss|p2a: Cinderace|p1a: Iron Hands
|
|-heal|p2a: Cinderace|24/100|[from] Grassy Terrain
|-fieldend|move: Grassy Terrain
|upkeep
|turn|12
|
|t:|1779921704
|move|p1a: Iron Hands|Ice Punch|p2a: Cinderace
|-resisted|p2a: Cinderace
|-damage|p2a: Cinderace|0 fnt
|faint|p2a: Cinderace
|
|upkeep
|
|t:|1779921706
|switch|p2a: Raging Bolt|Raging Bolt|55/100
|turn|13
|
|t:|1779921709
|-end|p2a: Raging Bolt|Protosynthesis|[silent]
|switch|p2a: Serperior|Serperior, M|39/100
|move|p1a: Iron Hands|Swords Dance|p1a: Iron Hands
|-boost|p1a: Iron Hands|atk|2
|
|upkeep
|turn|14
|
|t:|1779921714
|move|p1a: Iron Hands|Ice Punch|p2a: Serperior
|-supereffective|p2a: Serperior
|-damage|p2a: Serperior|0 fnt
|faint|p2a: Serperior
|
|-fieldend|move: Trick Room
|upkeep
|
|t:|1779921717
|switch|p2a: Raging Bolt|Raging Bolt|55/100
|turn|15
|
|t:|1779921720
|move|p2a: Raging Bolt|Draco Meteor|p1a: Iron Hands
|-damage|p1a: Iron Hands|0 fnt
|-unboost|p2a: Raging Bolt|spa|2
|faint|p1a: Iron Hands
|-end|p1a: Iron Hands|Quark Drive|[silent]
|
|upkeep
|
|t:|1779921725
|switch|p1a: Cresselia|Cresselia, F|100/100
|turn|16
|
|t:|1779921727
|-end|p2a: Raging Bolt|Protosynthesis|[silent]
|switch|p2a: Gholdengo|Gholdengo, tera:Flying|100/100
|move|p1a: Cresselia|Trick Room|p1a: Cresselia
|-fieldstart|move: Trick Room|[of] p1a: Cresselia
|
|upkeep
|turn|17
|
|t:|1779921730
|move|p1a: Cresselia|Moonblast|p2a: Gholdengo
|-damage|p2a: Gholdengo|85/100
|move|p2a: Gholdengo|Nasty Plot|p2a: Gholdengo
|-boost|p2a: Gholdengo|spa|2
|
|upkeep
|turn|18
|
|t:|1779921733
|move|p1a: Cresselia|Moonblast|p2a: Gholdengo
|-damage|p2a: Gholdengo|68/100
|move|p2a: Gholdengo|Nasty Plot|p2a: Gholdengo
|-boost|p2a: Gholdengo|spa|2
|
|upkeep
|turn|19
|
|t:|1779921736
|move|p1a: Cresselia|Moonblast|p2a: Gholdengo
|-damage|p2a: Gholdengo|52/100
|move|p2a: Gholdengo|Recover|p2a: Gholdengo
|-heal|p2a: Gholdengo|100/100
|
|upkeep
|turn|20
|
|t:|1779921741
|move|p1a: Cresselia|Moonblast|p2a: Gholdengo
|-damage|p2a: Gholdengo|84/100
|move|p2a: Gholdengo|Nasty Plot|p2a: Gholdengo
|-boost|p2a: Gholdengo|spa|2
|
|-fieldend|move: Trick Room
|upkeep
|turn|21
|
|t:|1779921742
|move|p2a: Gholdengo|Shadow Ball|p1a: Cresselia
|-supereffective|p1a: Cresselia
|-damage|p1a: Cresselia|0 fnt
|faint|p1a: Cresselia
|
|upkeep
|
|t:|1779921744
|switch|p1a: Hoopa|Hoopa-Unbound|100/100
|turn|22
|
|t:|1779921746
|move|p2a: Gholdengo|Make It Rain|p1a: Hoopa
|-damage|p1a: Hoopa|0 fnt
|-unboost|p2a: Gholdengo|spa|1
|faint|p1a: Hoopa
|
|win|Palm X
|raw|suminkwak249's rating: 1601 &rarr; <strong>1580</strong><br />(-21 for losing)
|raw|Palm X's rating: 1588 &rarr; <strong>1609</strong><br />(+21 for winning)
|l|☆suminkwak249
|player|p1|
|l|☆Palm X
|player|p2|
