|j|☆dyyxxsh9
|j|☆Ashburt
|t:|1779949667
|gametype|singles
|player|p1|dyyxxsh9|170|1186
|player|p2|Ashburt|veteran|1117
|gen|9
|tier|[Gen 9] OU
|rated|
|rule|HP Percentage Mod: HP is shown in percentages
|rule|Endless Battle Clause: Forcing endless battles is banned
|rule|Species Clause: Limit one of each Pokémon
|rule|OHKO Clause: OHKO moves are banned
|rule|Evasion Items Clause: Evasion items are banned
|rule|Evasion Moves Clause: Evasion moves are banned
|rule|Evasion Abilities Clause: Evasion abilities are banned
|rule|Sleep Moves Clause: Sleep-inducing moves are banned
|clearpoke
|poke|p1|Gholdengo|
|poke|p1|Deoxys-Speed|
|poke|p1|Kingambit, M|
|poke|p1|Cloyster, M|
|poke|p1|Dragonite, M|
|poke|p1|Heatran, F|
|poke|p2|Scizor, F|
|poke|p2|Breloom, F|
|poke|p2|Ambipom, M|
|poke|p2|Maushold-Four|
|poke|p2|Ninetales-Alola, F|
|poke|p2|Clodsire, F|
|teampreview
|inactive|Battle timer is ON: inactive players will automatically lose when time's up. (requested by Ashburt)
|
|t:|1779949685
|teamsize|p1|6
|teamsize|p2|6
|start
|switch|p1a: Deoxys|Deoxys-Speed|100/100
|switch|p2a: Clodsire|Clodsire, F|100/100
|-ability|p1a: Deoxys|Pressure
|turn|1
|
|t:|1779949699
|move|p1a: Deoxys|Taunt|p2a: Clodsire
|-start|p2a: Clodsire|move: Taunt
|cant|p2a: Clodsire|move: Taunt|Toxic
|
|upkeep
|turn|2
|
|t:|1779949705
|switch|p2a: Ninetales|Ninetales-Alola, F|100/100
|-weather|Snowscape|[from] ability: Snow Warning|[of] p2a: Ninetales
|move|p1a: Deoxys|Reflect|p1a: Deoxys
|-sidestart|p1: dyyxxsh9|Reflect
|
|-weather|Snowscape|[upkeep]
|upkeep
|turn|3
|
|t:|1779949711
|move|p1a: Deoxys|Taunt|p2a: Ninetales
|-start|p2a: Ninetales|move: Taunt
|cant|p2a: Ninetales|move: Taunt|Aurora Veil
|
|-weather|Snowscape|[upkeep]
|upkeep
|turn|4
|
|t:|1779949717
|move|p1a: Deoxys|Light Screen|p1a: Deoxys
|-sidestart|p1: dyyxxsh9|move: Light Screen
|move|p2a: Ninetales|Moonblast|p1a: Deoxys
|-damage|p1a: Deoxys|78/100
|
|-weather|Snowscape|[upkeep]
|upkeep
|turn|5
|
|t:|1779949723
|switch|p2a: Breloom|Breloom, F, shiny|100/100
|move|p1a: Deoxys|Psycho Boost|p2a: Breloom
|-supereffective|p2a: Breloom
|-damage|p2a: Breloom|0 fnt
|-unboost|p1a: Deoxys|spa|2
|faint|p2a: Breloom
|
|-weather|Snowscape|[upkeep]
|upkeep
|
|t:|1779949734
|switch|p2a: Ninetales|Ninetales-Alola, F|100/100
|turn|6
|
|t:|1779949737
|move|p1a: Deoxys|Taunt|p2a: Ninetales
|-start|p2a: Ninetales|move: Taunt
|cant|p2a: Ninetales|move: Taunt|Encore
|
|-weather|none
|upkeep
|turn|7
|
|t:|1779949747
|switch|p1a: Heatran|Heatran, F|100/100
|switch|p2a: Scizor|Scizor, F|100/100
|
|upkeep
|turn|8
|
|t:|1779949758
|switch|p2a: Clodsire|Clodsire, F|100/100
|move|p1a: Heatran|Magma Storm|p2a: Clodsire
|-damage|p2a: Clodsire|57/100
|-activate|p2a: Clodsire|move: Magma Storm|[of] p1a: Heatran
|
|-heal|p2a: Clodsire|63/100|[from] item: Black Sludge
|-damage|p2a: Clodsire|51/100|[from] move: Magma Storm|[partiallytrapped]
|upkeep
|turn|9
|
|t:|1779949770
|move|p1a: Heatran|Earth Power|p2a: Clodsire
|-supereffective|p2a: Clodsire
|-damage|p2a: Clodsire|0 fnt
|faint|p2a: Clodsire
|
|-sideend|p1: dyyxxsh9|Reflect
|upkeep
|
|t:|1779949776
|switch|p2a: Maushold|Maushold-Four|100/100
|turn|10
|
|t:|1779949782
|move|p2a: Maushold|Tidy Up|p2a: Maushold
|-boost|p2a: Maushold|atk|1
|-boost|p2a: Maushold|spe|1
|move|p1a: Heatran|Magma Storm|p2a: Maushold
|-damage|p2a: Maushold|9/100
|-activate|p2a: Maushold|move: Magma Storm|[of] p1a: Heatran
|
|-damage|p2a: Maushold|0 fnt|[from] move: Magma Storm|[partiallytrapped]
|faint|p2a: Maushold
|upkeep
|
|t:|1779949793
|switch|p2a: Ambipom|Ambipom, M|100/100
|turn|11
|
|t:|1779949808
|move|p2a: Ambipom|Brick Break|p1a: Heatran
|-sideend|p1: dyyxxsh9|move: Light Screen
|-supereffective|p1a: Heatran
|-damage|p1a: Heatran|44/100
|move|p1a: Heatran|Magma Storm|p2a: Ambipom
|-damage|p2a: Ambipom|17/100
|-activate|p2a: Ambipom|move: Magma Storm|[of] p1a: Heatran
|
|-damage|p2a: Ambipom|4/100|[from] move: Magma Storm|[partiallytrapped]
|upkeep
|turn|12
|
|t:|1779949814
|move|p2a: Ambipom|Brick Break|p1a: Heatran
|-supereffective|p1a: Heatran
|-damage|p1a: Heatran|0 fnt
|faint|p1a: Heatran
|
|-end|p2a: Ambipom|Magma Storm|[partiallytrapped]|[silent]
|upkeep
|
|t:|1779949817
|switch|p1a: Dragonite|Dragonite, M|100/100
|turn|13
|
|t:|1779949826
|switch|p2a: Ninetales|Ninetales-Alola, F|100/100
|-weather|Snowscape|[from] ability: Snow Warning|[of] p2a: Ninetales
|move|p1a: Dragonite|Extreme Speed|p2a: Ninetales
|-damage|p2a: Ninetales|70/100
|
|-weather|Snowscape|[upkeep]
|upkeep
|turn|14
|
|t:|1779949833
|switch|p1a: Deoxys|Deoxys-Speed|78/100
|-ability|p1a: Deoxys|Pressure
|move|p2a: Ninetales|Aurora Veil|p2a: Ninetales
|-sidestart|p2: Ashburt|move: Aurora Veil
|
|-weather|Snowscape|[upkeep]
|upkeep
|turn|15
|
|t:|1779949842
|move|p1a: Deoxys|Light Screen|p1a: Deoxys
|-sidestart|p1: dyyxxsh9|move: Light Screen
|move|p2a: Ninetales|Moonblast|p1a: Deoxys
|-damage|p1a: Deoxys|58/100
|
|-weather|Snowscape|[upkeep]
|upkeep
|turn|16
|
|t:|1779949852
|move|p1a: Deoxys|Reflect|p1a: Deoxys
|-sidestart|p1: dyyxxsh9|Reflect
|move|p2a: Ninetales|Freeze-Dry|p1a: Deoxys
|-damage|p1a: Deoxys|41/100
|
|-weather|Snowscape|[upkeep]
|upkeep
|turn|17
|
|t:|1779949858
|switch|p1a: Gholdengo|Gholdengo|100/100
|-item|p1a: Gholdengo|Air Balloon
|move|p2a: Ninetales|Freeze-Dry|p1a: Gholdengo
|-resisted|p1a: Gholdengo
|-damage|p1a: Gholdengo|94/100
|-enditem|p1a: Gholdengo|Air Balloon
|
|-weather|none
|upkeep
|turn|18
|
|t:|1779949869
|move|p2a: Ninetales|Freeze-Dry|p1a: Gholdengo
|-resisted|p1a: Gholdengo
|-damage|p1a: Gholdengo|87/100
|move|p1a: Gholdengo|Nasty Plot|p1a: Gholdengo
|-boost|p1a: Gholdengo|spa|2
|
|upkeep
|turn|19
|
|t:|1779949886
|move|p2a: Ninetales|Encore|p1a: Gholdengo
|-immune|p1a: Gholdengo|[from] ability: Good as Gold
|move|p1a: Gholdengo|Make It Rain|p2a: Ninetales
|-supereffective|p2a: Ninetales
|-crit|p2a: Ninetales
|-damage|p2a: Ninetales|0 fnt
|-unboost|p1a: Gholdengo|spa|1
|faint|p2a: Ninetales
|
|upkeep
|
|t:|1779949895
|switch|p2a: Ambipom|Ambipom, M|4/100
|turn|20
|
|t:|1779949911
|move|p2a: Ambipom|Fling|p1a: Gholdengo
|-supereffective|p1a: Gholdengo
|-damage|p1a: Gholdengo|80/100
|-enditem|p2a: Ambipom|Choice Band|[from] move: Fling
|move|p1a: Gholdengo|Make It Rain|p2a: Ambipom
|-damage|p2a: Ambipom|0 fnt
|-unboost|p1a: Gholdengo|spa|1
|faint|p2a: Ambipom
|
|upkeep
|
|t:|1779949919
|switch|p2a: Scizor|Scizor, F|100/100
|turn|21
|
|t:|1779949931
|-terastallize|p2a: Scizor|Steel
|move|p2a: Scizor|Bullet Punch|p1a: Gholdengo
|-resisted|p1a: Gholdengo
|-damage|p1a: Gholdengo|63/100
|move|p1a: Gholdengo|Nasty Plot|p1a: Gholdengo
|-boost|p1a: Gholdengo|spa|2
|
|-sideend|p2: Ashburt|move: Aurora Veil
|upkeep
|turn|22
|
|t:|1779949938
|move|p2a: Scizor|Bullet Punch|p1a: Gholdengo
|-resisted|p1a: Gholdengo
|-damage|p1a: Gholdengo|46/100
|move|p1a: Gholdengo|Shadow Ball|p2a: Scizor
|-damage|p2a: Scizor|0 fnt
|faint|p2a: Scizor
|
|win|dyyxxsh9
|raw|dyyxxsh9's rating: 1186 &rarr; <strong>1206</strong><br />(+20 for winning)
|raw|Ashburt's rating: 1117 &rarr; <strong>1097</strong><br />(-20 for losing)
|l|☆Ashburt
|player|p2|
|l|☆dyyxxsh9
|player|p1|
