|j|☆estradiol5mg
|j|☆NewGenLaw
|t:|1779823121
|gametype|singles
|player|p1|estradiol5mg|266|1320
|player|p2|NewGenLaw|blue|1362
|gen|9
|tier|[Gen 9] OU
|rated|
|rule|HP Percentage Mod: HP is shown in percentages
|rule|Endless Battle Clause: Forcing endless battles is banned
|rule|Species Clause: Limit one of each Pokémon
|rule|OHKO Clause: OHKO moves are banned
|rule|Evasion Items Clause: Evasion items are banned
|rule|Evasion Moves Clause: Evasion moves are banned
|rule|Evasion Abilities Clause: Evasion abilities are banned
|rule|Sleep Moves Clause: Sleep-inducing moves are banned
|clearpoke
|poke|p1|Weezing-Galar, F|
|poke|p1|Alomomola, F|
|poke|p1|Iron Treads|
|poke|p1|Tornadus-Therian, M|
|poke|p1|Zamazenta-*|
|poke|p1|Lokix, M|
|poke|p2|Cinderace, M|
|poke|p2|Iron Treads|
|poke|p2|Kyurem|
|poke|p2|Zapdos|
|poke|p2|Ogerpon-Wellspring, F|
|poke|p2|Lucario, F|
|teampreview
|c|☆estradiol5mg|hf
|inactive|Battle timer is ON: inactive players will automatically lose when time's up. (requested by estradiol5mg)
|c|☆NewGenLaw|u2
|
|t:|1779823134
|teamsize|p1|6
|teamsize|p2|6
|start
|switch|p1a: Lokix|Lokix, M|100/100
|switch|p2a: Iron Treads|Iron Treads|100/100
|turn|1
|
|t:|1779823141
|switch|p1a: Alomomola|Alomomola, F|100/100
|move|p2a: Iron Treads|Stealth Rock|p1a: Alomomola
|-sidestart|p1: estradiol5mg|move: Stealth Rock
|
|upkeep
|turn|2
|
|t:|1779823146
|move|p2a: Iron Treads|Knock Off|p1a: Alomomola
|-damage|p1a: Alomomola|85/100
|-damage|p2a: Iron Treads|84/100|[from] item: Rocky Helmet|[of] p1a: Alomomola
|-enditem|p1a: Alomomola|Rocky Helmet|[from] move: Knock Off|[of] p2a: Iron Treads
|move|p1a: Alomomola|Tickle|p2a: Iron Treads
|-unboost|p2a: Iron Treads|atk|1
|-unboost|p2a: Iron Treads|def|1
|
|-heal|p2a: Iron Treads|90/100|[from] item: Leftovers
|upkeep
|turn|3
|
|t:|1779823154
|-end|p2a: Iron Treads|Quark Drive|[silent]
|switch|p2a: Ogerpon|Ogerpon-Wellspring, F|100/100
|move|p1a: Alomomola|Flip Turn|p2a: Ogerpon
|-immune|p2a: Ogerpon|[from] ability: Water Absorb
|
|upkeep
|turn|4
|
|t:|1779823160
|switch|p1a: Weezing|Weezing-Galar, F|100/100
|-ability|p1a: Weezing|Neutralizing Gas
|-damage|p1a: Weezing|88/100|[from] Stealth Rock
|move|p2a: Ogerpon|Spikes|p1a: Weezing
|-sidestart|p1: estradiol5mg|Spikes
|
|-heal|p1a: Weezing|94/100|[from] item: Leftovers
|upkeep
|turn|5
|
|t:|1779823167
|switch|p2a: Iron Treads|Iron Treads|90/100
|move|p1a: Weezing|Defog|p2a: Iron Treads
|-unboost|p2a: Iron Treads|evasion|1
|-sideend|p1: estradiol5mg|Spikes|[from] move: Defog|[of] p1a: Weezing
|-sideend|p1: estradiol5mg|Stealth Rock|[from] move: Defog|[of] p1a: Weezing
|
|-heal|p2a: Iron Treads|96/100|[from] item: Leftovers
|-heal|p1a: Weezing|99/100|[from] item: Leftovers
|upkeep
|turn|6
|
|t:|1779823175
|-terastallize|p1a: Weezing|Grass
|move|p2a: Iron Treads|Stealth Rock|p1a: Weezing
|-sidestart|p1: estradiol5mg|move: Stealth Rock
|move|p1a: Weezing|Will-O-Wisp|p2a: Iron Treads
|-status|p2a: Iron Treads|brn
|
|-heal|p2a: Iron Treads|100/100 brn|[from] item: Leftovers
|-heal|p1a: Weezing|100/100|[from] item: Leftovers
|-damage|p2a: Iron Treads|94/100 brn|[from] brn
|upkeep
|turn|7
|
|t:|1779823181
|move|p2a: Iron Treads|Knock Off|p1a: Weezing
|-damage|p1a: Weezing|93/100
|-enditem|p1a: Weezing|Leftovers|[from] move: Knock Off|[of] p2a: Iron Treads
|move|p1a: Weezing|Defog|p2a: Iron Treads
|-unboost|p2a: Iron Treads|evasion|1
|-sideend|p1: estradiol5mg|Stealth Rock|[from] move: Defog|[of] p1a: Weezing
|
|-heal|p2a: Iron Treads|100/100 brn|[from] item: Leftovers
|-damage|p2a: Iron Treads|94/100 brn|[from] brn
|upkeep
|turn|8
|
|t:|1779823188
|-end|p2a: Iron Treads|Quark Drive|[silent]
|switch|p2a: Cinderace|Cinderace, M|100/100
|move|p1a: Weezing|Protect||[still]
|-fail|p1a: Weezing
|
|upkeep
|turn|9
|
|t:|1779823191
|move|p2a: Cinderace|Pyro Ball|p1a: Weezing
|-supereffective|p1a: Weezing
|-damage|p1a: Weezing|2/100
|move|p1a: Weezing|Toxic|p2a: Cinderace
|-status|p2a: Cinderace|tox
|
|-damage|p2a: Cinderace|95/100 tox|[from] psn
|upkeep
|turn|10
|
|t:|1779823197
|switch|p2a: Iron Treads|Iron Treads|94/100 brn
|-end|p1a: Weezing|ability: Neutralizing Gas
|switch|p1a: Alomomola|Alomomola, F|100/100
|
|-heal|p2a: Iron Treads|100/100 brn|[from] item: Leftovers
|-damage|p2a: Iron Treads|94/100 brn|[from] brn
|upkeep
|turn|11
|
|t:|1779823200
|move|p2a: Iron Treads|Stealth Rock|p1a: Alomomola
|-sidestart|p1: estradiol5mg|move: Stealth Rock
|move|p1a: Alomomola|Wish|p1a: Alomomola
|
|-heal|p2a: Iron Treads|100/100 brn|[from] item: Leftovers
|-damage|p2a: Iron Treads|94/100 brn|[from] brn
|upkeep
|turn|12
|
|t:|1779823205
|-end|p2a: Iron Treads|Quark Drive|[silent]
|switch|p2a: Zapdos|Zapdos|100/100
|-ability|p2a: Zapdos|Pressure
|move|p1a: Alomomola|Flip Turn|p2a: Zapdos
|-damage|p2a: Zapdos|89/100
|
|t:|1779823210
|switch|p1a: Iron Treads|Iron Treads|100/100|[from] Flip Turn
|-damage|p1a: Iron Treads|97/100|[from] Stealth Rock
|
|-heal|p1a: Iron Treads|100/100|[from] move: Wish|[wisher] Alomomola
|upkeep
|turn|13
|
|t:|1779823217
|switch|p2a: Ogerpon|Ogerpon-Wellspring, F|100/100
|move|p1a: Iron Treads|Rapid Spin|p2a: Ogerpon
|-damage|p2a: Ogerpon|81/100
|-boost|p1a: Iron Treads|spe|1
|-sideend|p1: estradiol5mg|Stealth Rock|[from] move: Rapid Spin|[of] p1a: Iron Treads
|
|upkeep
|turn|14
|
|t:|1779823228
|-end|p1a: Iron Treads|Quark Drive|[silent]
|switch|p1a: Lokix|Lokix, M|100/100
|move|p2a: Ogerpon|Ivy Cudgel|p1a: Lokix|[anim] Ivy Cudgel Water
|-crit|p1a: Lokix
|-damage|p1a: Lokix|0 fnt
|faint|p1a: Lokix
|
|upkeep
|
|t:|1779823231
|switch|p1a: Alomomola|Alomomola, F|100/100
|turn|15
|
|t:|1779823235
|move|p2a: Ogerpon|Spikes|p1a: Alomomola
|-sidestart|p1: estradiol5mg|Spikes
|move|p1a: Alomomola|Wish|p1a: Alomomola
|
|upkeep
|turn|16
|
|t:|1779823246
|switch|p1a: Tornadus|Tornadus-Therian, M|100/100
|move|p2a: Ogerpon|Power Whip|p1a: Tornadus
|-resisted|p1a: Tornadus
|-damage|p1a: Tornadus|61/100
|
|-heal|p1a: Tornadus|100/100|[from] move: Wish|[wisher] Alomomola
|upkeep
|turn|17
|
|t:|1779823259
|switch|p2a: Iron Treads|Iron Treads|94/100 brn
|move|p1a: Tornadus|U-turn|p2a: Iron Treads
|-resisted|p2a: Iron Treads
|-damage|p2a: Iron Treads|88/100 brn
|
|t:|1779823268
|switch|p1a: Iron Treads|Iron Treads|100/100|[from] U-turn
|-damage|p1a: Iron Treads|88/100|[from] Spikes
|
|-heal|p1a: Iron Treads|94/100|[from] item: Leftovers
|-heal|p2a: Iron Treads|95/100 brn|[from] item: Leftovers
|-damage|p2a: Iron Treads|88/100 brn|[from] brn
|upkeep
|turn|18
|
|t:|1779823278
|move|p1a: Iron Treads|Rapid Spin|p2a: Iron Treads
|-resisted|p2a: Iron Treads
|-damage|p2a: Iron Treads|83/100 brn
|-boost|p1a: Iron Treads|spe|1
|-sideend|p1: estradiol5mg|Spikes|[from] move: Rapid Spin|[of] p1a: Iron Treads
|move|p2a: Iron Treads|Stealth Rock|p1a: Iron Treads
|-sidestart|p1: estradiol5mg|move: Stealth Rock
|
|-heal|p1a: Iron Treads|99/100|[from] item: Leftovers
|-heal|p2a: Iron Treads|90/100 brn|[from] item: Leftovers
|-damage|p2a: Iron Treads|83/100 brn|[from] brn
|upkeep
|turn|19
|
|t:|1779823281
|move|p1a: Iron Treads|Rapid Spin|p2a: Iron Treads
|-resisted|p2a: Iron Treads
|-damage|p2a: Iron Treads|78/100 brn
|-boost|p1a: Iron Treads|spe|1
|-sideend|p1: estradiol5mg|Stealth Rock|[from] move: Rapid Spin|[of] p1a: Iron Treads
|move|p2a: Iron Treads|Knock Off|p1a: Iron Treads
|-damage|p1a: Iron Treads|90/100
|-enditem|p1a: Iron Treads|Leftovers|[from] move: Knock Off|[of] p2a: Iron Treads
|
|-heal|p2a: Iron Treads|84/100 brn|[from] item: Leftovers
|-damage|p2a: Iron Treads|78/100 brn|[from] brn
|upkeep
|turn|20
|
|t:|1779823285
|move|p1a: Iron Treads|Earthquake|p2a: Iron Treads
|-supereffective|p2a: Iron Treads
|-damage|p2a: Iron Treads|17/100 brn
|move|p2a: Iron Treads|Stealth Rock|p1a: Iron Treads
|-sidestart|p1: estradiol5mg|move: Stealth Rock
|
|-heal|p2a: Iron Treads|23/100 brn|[from] item: Leftovers
|-damage|p2a: Iron Treads|17/100 brn|[from] brn
|upkeep
|turn|21
|
|t:|1779823290
|move|p1a: Iron Treads|Rapid Spin|p2a: Iron Treads
|-resisted|p2a: Iron Treads
|-damage|p2a: Iron Treads|11/100 brn
|-boost|p1a: Iron Treads|spe|1
|-sideend|p1: estradiol5mg|Stealth Rock|[from] move: Rapid Spin|[of] p1a: Iron Treads
|move|p2a: Iron Treads|Earthquake|p1a: Iron Treads
|-supereffective|p1a: Iron Treads
|-damage|p1a: Iron Treads|61/100
|
|-heal|p2a: Iron Treads|17/100 brn|[from] item: Leftovers
|-damage|p2a: Iron Treads|11/100 brn|[from] brn
|upkeep
|turn|22
|
|t:|1779823298
|-end|p2a: Iron Treads|Quark Drive|[silent]
|switch|p2a: Zapdos|Zapdos|89/100
|-ability|p2a: Zapdos|Pressure
|move|p1a: Iron Treads|Earthquake|p2a: Zapdos
|-immune|p2a: Zapdos
|
|upkeep
|turn|23
|
|t:|1779823306
|move|p1a: Iron Treads|Stealth Rock|p2a: Zapdos
|-sidestart|p2: NewGenLaw|move: Stealth Rock
|move|p2a: Zapdos|Hurricane|p1a: Iron Treads
|-resisted|p1a: Iron Treads
|-damage|p1a: Iron Treads|35/100
|
|upkeep
|turn|24
|
|t:|1779823311
|-end|p1a: Iron Treads|Quark Drive|[silent]
|switch|p1a: Alomomola|Alomomola, F|100/100
|move|p2a: Zapdos|Hurricane|p1a: Alomomola
|-damage|p1a: Alomomola|56/100
|
|upkeep
|turn|25
|
|t:|1779823317
|move|p1a: Alomomola|Protect|p1a: Alomomola
|-singleturn|p1a: Alomomola|Protect
|move|p2a: Zapdos|Thunder Wave|p1a: Alomomola
|-activate|p1a: Alomomola|move: Protect
|
|upkeep
|turn|26
|
|t:|1779823322
|move|p2a: Zapdos|Volt Switch|p1a: Alomomola
|-supereffective|p1a: Alomomola
|-damage|p1a: Alomomola|5/100
|
|t:|1779823327
|switch|p2a: Ogerpon|Ogerpon-Wellspring, F|81/100|[from] Volt Switch
|-damage|p2a: Ogerpon|69/100|[from] Stealth Rock
|move|p1a: Alomomola|Wish|p1a: Alomomola
|
|upkeep
|turn|27
|
|t:|1779823332
|move|p1a: Alomomola|Protect|p1a: Alomomola
|-singleturn|p1a: Alomomola|Protect
|move|p2a: Ogerpon|Spikes|p1a: Alomomola
|-sidestart|p1: estradiol5mg|Spikes
|
|-heal|p1a: Alomomola|55/100|[from] move: Wish|[wisher] Alomomola
|upkeep
|turn|28
|
|t:|1779823340
|switch|p1a: Zamazenta|Zamazenta|100/100
|-damage|p1a: Zamazenta|88/100|[from] Spikes
|-ability|p1a: Zamazenta|Dauntless Shield|boost
|-boost|p1a: Zamazenta|def|1
|move|p2a: Ogerpon|Ivy Cudgel|p1a: Zamazenta|[anim] Ivy Cudgel Water
|-damage|p1a: Zamazenta|51/100
|
|upkeep
|turn|29
|
|t:|1779823346
|switch|p2a: Zapdos|Zapdos|89/100
|-ability|p2a: Zapdos|Pressure
|move|p1a: Zamazenta|Close Combat|p2a: Zapdos
|-resisted|p2a: Zapdos
|-damage|p2a: Zapdos|54/100
|-unboost|p1a: Zamazenta|def|1
|-unboost|p1a: Zamazenta|spd|1
|
|upkeep
|turn|30
|
|t:|1779823352
|switch|p1a: Alomomola|Alomomola, F|88/100
|-damage|p1a: Alomomola|76/100|[from] Spikes
|move|p2a: Zapdos|Roost|p2a: Zapdos
|-heal|p2a: Zapdos|100/100
|-singleturn|p2a: Zapdos|move: Roost
|
|upkeep
|turn|31
|
|t:|1779823356
|move|p2a: Zapdos|Thunder Wave|p1a: Alomomola
|-status|p1a: Alomomola|par
|move|p1a: Alomomola|Wish|p1a: Alomomola
|
|upkeep
|turn|32
|
|t:|1779823368
|switch|p2a: Ogerpon|Ogerpon-Wellspring, F|69/100
|-damage|p2a: Ogerpon|57/100|[from] Stealth Rock
|switch|p1a: Iron Treads|Iron Treads|35/100
|-damage|p1a: Iron Treads|22/100|[from] Spikes
|
|-heal|p1a: Iron Treads|88/100|[from] move: Wish|[wisher] Alomomola
|upkeep
|turn|33
|
|t:|1779823380
|-end|p1a: Iron Treads|Quark Drive|[silent]
|switch|p1a: Alomomola|Alomomola, F|100/100 par
|-damage|p1a: Alomomola|88/100 par|[from] Spikes
|move|p2a: Ogerpon|Ivy Cudgel|p1a: Alomomola|[anim] Ivy Cudgel Water
|-resisted|p1a: Alomomola
|-damage|p1a: Alomomola|72/100 par
|
|upkeep
|turn|34
|
|t:|1779823386
|move|p2a: Ogerpon|Synthesis|p2a: Ogerpon
|-heal|p2a: Ogerpon|100/100
|move|p1a: Alomomola|Tickle|p2a: Ogerpon
|-unboost|p2a: Ogerpon|atk|1
|-unboost|p2a: Ogerpon|def|1
|
|upkeep
|turn|35
|
|t:|1779823390
|move|p2a: Ogerpon|Spikes|p1a: Alomomola
|-sidestart|p1: estradiol5mg|Spikes
|move|p1a: Alomomola|Tickle|p2a: Ogerpon
|-unboost|p2a: Ogerpon|atk|1
|-unboost|p2a: Ogerpon|def|1
|
|upkeep
|turn|36
|
|t:|1779823394
|move|p2a: Ogerpon|Spikes|p1a: Alomomola
|-sidestart|p1: estradiol5mg|Spikes
|move|p1a: Alomomola|Wish|p1a: Alomomola
|
|upkeep
|turn|37
|
|t:|1779823402
|switch|p2a: Lucario|Lucario, F|100/100
|-damage|p2a: Lucario|98/100|[from] Stealth Rock
|switch|p1a: Iron Treads|Iron Treads|88/100
|-damage|p1a: Iron Treads|63/100|[from] Spikes
|
|-heal|p1a: Iron Treads|100/100|[from] move: Wish|[wisher] Alomomola
|upkeep
|turn|38
|
|t:|1779823412
|move|p1a: Iron Treads|Earthquake|p2a: Lucario
|-supereffective|p2a: Lucario
|-damage|p2a: Lucario|0 fnt
|faint|p2a: Lucario
|
|upkeep
|
|t:|1779823418
|switch|p2a: Ogerpon|Ogerpon-Wellspring, F|100/100
|-damage|p2a: Ogerpon|88/100|[from] Stealth Rock
|turn|39
|
|t:|1779823423
|move|p2a: Ogerpon|Power Whip|p1a: Iron Treads|[miss]
|-miss|p2a: Ogerpon|p1a: Iron Treads
|move|p1a: Iron Treads|Rapid Spin|p2a: Ogerpon
|-damage|p2a: Ogerpon|69/100
|-boost|p1a: Iron Treads|spe|1
|-sideend|p1: estradiol5mg|Spikes|[from] move: Rapid Spin|[of] p1a: Iron Treads
|
|upkeep
|turn|40
|
|t:|1779823429
|-end|p1a: Iron Treads|Quark Drive|[silent]
|switch|p1a: Alomomola|Alomomola, F|100/100 par
|move|p2a: Ogerpon|Spikes|p1a: Alomomola
|-sidestart|p1: estradiol5mg|Spikes
|
|upkeep
|turn|41
|
|t:|1779823433
|move|p2a: Ogerpon|Spikes|p1a: Alomomola
|-sidestart|p1: estradiol5mg|Spikes
|move|p1a: Alomomola|Tickle|p2a: Ogerpon
|-unboost|p2a: Ogerpon|atk|1
|-unboost|p2a: Ogerpon|def|1
|
|upkeep
|turn|42
|
|t:|1779823436
|move|p2a: Ogerpon|Spikes|p1a: Alomomola
|-sidestart|p1: estradiol5mg|Spikes
|move|p1a: Alomomola|Wish|p1a: Alomomola
|
|upkeep
|turn|43
|
|t:|1779823440
|switch|p2a: Kyurem|Kyurem|100/100
|-damage|p2a: Kyurem|76/100|[from] Stealth Rock
|-ability|p2a: Kyurem|Pressure
|switch|p1a: Zamazenta|Zamazenta|51/100
|-damage|p1a: Zamazenta|26/100|[from] Spikes
|
|-heal|p1a: Zamazenta|99/100|[from] move: Wish|[wisher] Alomomola
|upkeep
|turn|44
|
|t:|1779823450
|switch|p2a: Zapdos|Zapdos|100/100
|-ability|p2a: Zapdos|Pressure
|move|p1a: Zamazenta|Close Combat|p2a: Zapdos
|-resisted|p2a: Zapdos
|-damage|p2a: Zapdos|68/100
|-unboost|p1a: Zamazenta|def|1
|-unboost|p1a: Zamazenta|spd|1
|
|upkeep
|turn|45
|
|t:|1779823458
|switch|p1a: Tornadus|Tornadus-Therian, M|100/100
|move|p2a: Zapdos|Hurricane|p1a: Tornadus
|-damage|p1a: Tornadus|68/100
|
|upkeep
|turn|46
|
|t:|1779823463
|move|p1a: Tornadus|Knock Off|p2a: Zapdos
|-damage|p2a: Zapdos|53/100
|-enditem|p2a: Zapdos|Heavy-Duty Boots|[from] move: Knock Off|[of] p1a: Tornadus
|move|p2a: Zapdos|Volt Switch|p1a: Tornadus
|-supereffective|p1a: Tornadus
|-damage|p1a: Tornadus|26/100
|
|t:|1779823475
|switch|p2a: Kyurem|Kyurem|76/100|[from] Volt Switch
|-damage|p2a: Kyurem|51/100|[from] Stealth Rock
|-ability|p2a: Kyurem|Pressure
|
|upkeep
|turn|47
|
|t:|1779823484
|switch|p1a: Alomomola|Alomomola, F|100/100 par
|-damage|p1a: Alomomola|76/100 par|[from] Spikes
|move|p2a: Kyurem|Freeze-Dry|p1a: Alomomola
|-supereffective|p1a: Alomomola
|-damage|p1a: Alomomola|9/100 par
|
|upkeep
|turn|48
|
|t:|1779823489
|switch|p1a: Zamazenta|Zamazenta|99/100
|-damage|p1a: Zamazenta|74/100|[from] Spikes
|move|p2a: Kyurem|Freeze-Dry|p1a: Zamazenta
|-damage|p1a: Zamazenta|39/100
|
|upkeep
|turn|49
|
|t:|1779823498
|switch|p2a: Iron Treads|Iron Treads|11/100 brn
|-damage|p2a: Iron Treads|8/100 brn|[from] Stealth Rock
|move|p1a: Zamazenta|Stone Edge|p2a: Iron Treads
|-resisted|p2a: Iron Treads
|-damage|p2a: Iron Treads|0 fnt
|faint|p2a: Iron Treads
|-end|p2a: Iron Treads|Quark Drive|[silent]
|
|upkeep
|
|t:|1779823509
|switch|p2a: Kyurem|Kyurem|51/100
|-damage|p2a: Kyurem|26/100|[from] Stealth Rock
|-ability|p2a: Kyurem|Pressure
|turn|50
|
|t:|1779823517
|move|p2a: Kyurem|Ice Beam|p1a: Zamazenta
|-crit|p1a: Zamazenta
|-damage|p1a: Zamazenta|0 fnt
|faint|p1a: Zamazenta
|
|upkeep
|
|t:|1779823520
|switch|p1a: Alomomola|Alomomola, F|42/100 par
|-damage|p1a: Alomomola|17/100 par|[from] Spikes
|turn|51
|
|t:|1779823526
|-terastallize|p2a: Kyurem|Ice
|cant|p1a: Alomomola|par
|move|p2a: Kyurem|Ice Beam|p1a: Alomomola
|-resisted|p1a: Alomomola
|-damage|p1a: Alomomola|0 fnt
|faint|p1a: Alomomola
|
|upkeep
|
|t:|1779823533
|switch|p1a: Iron Treads|Iron Treads|100/100
|-damage|p1a: Iron Treads|75/100|[from] Spikes
|turn|52
|
|t:|1779823548
|move|p2a: Kyurem|Ice Beam|p1a: Iron Treads
|-damage|p1a: Iron Treads|5/100
|move|p1a: Iron Treads|Rapid Spin|p2a: Kyurem
|-damage|p2a: Kyurem|14/100
|-boost|p1a: Iron Treads|spe|1
|-sideend|p1: estradiol5mg|Spikes|[from] move: Rapid Spin|[of] p1a: Iron Treads
|
|upkeep
|turn|53
|
|t:|1779823553
|move|p1a: Iron Treads|Earthquake|p2a: Kyurem
|-damage|p2a: Kyurem|0 fnt
|faint|p2a: Kyurem
|
|upkeep
|
|t:|1779823562
|switch|p2a: Zapdos|Zapdos|53/100
|-damage|p2a: Zapdos|28/100|[from] Stealth Rock
|-ability|p2a: Zapdos|Pressure
|turn|54
|
|t:|1779823565
|move|p1a: Iron Treads|Ice Spinner|p2a: Zapdos
|-supereffective|p2a: Zapdos
|-damage|p2a: Zapdos|0 fnt
|faint|p2a: Zapdos
|
|upkeep
|
|t:|1779823567
|switch|p2a: Ogerpon|Ogerpon-Wellspring, F|69/100
|-damage|p2a: Ogerpon|57/100|[from] Stealth Rock
|turn|55
|
|t:|1779823574
|move|p1a: Iron Treads|Ice Spinner|p2a: Ogerpon
|-damage|p2a: Ogerpon|30/100
|move|p2a: Ogerpon|Synthesis|p2a: Ogerpon
|-heal|p2a: Ogerpon|80/100
|
|upkeep
|turn|56
|
|t:|1779823587
|move|p1a: Iron Treads|Ice Spinner|p2a: Ogerpon
|-damage|p2a: Ogerpon|53/100
|move|p2a: Ogerpon|Ivy Cudgel|p1a: Iron Treads|[anim] Ivy Cudgel Water
|-supereffective|p1a: Iron Treads
|-crit|p1a: Iron Treads
|-damage|p1a: Iron Treads|0 fnt
|faint|p1a: Iron Treads
|-end|p1a: Iron Treads|Quark Drive|[silent]
|
|upkeep
|
|t:|1779823604
|switch|p1a: Tornadus|Tornadus-Therian, M|60/100
|turn|57
|
|t:|1779823606
|move|p1a: Tornadus|Bleakwind Storm|p2a: Ogerpon
|-supereffective|p2a: Ogerpon
|-damage|p2a: Ogerpon|0 fnt
|faint|p2a: Ogerpon
|
|upkeep
|
|t:|1779823608
|switch|p2a: Cinderace|Cinderace, M|95/100 tox
|-damage|p2a: Cinderace|70/100 tox|[from] Stealth Rock
|turn|58
|
|t:|1779823613
|move|p1a: Tornadus|U-turn|p2a: Cinderace
|-resisted|p2a: Cinderace
|-damage|p2a: Cinderace|59/100 tox
|
|t:|1779823616
|switch|p1a: Weezing|Weezing-Galar, F, tera:Grass|2/100|[from] U-turn
|-ability|p1a: Weezing|Neutralizing Gas
|move|p2a: Cinderace|Pyro Ball|p1a: Weezing
|-supereffective|p1a: Weezing
|-damage|p1a: Weezing|0 fnt
|faint|p1a: Weezing
|-end|p1a: Weezing|ability: Neutralizing Gas
|
|-damage|p2a: Cinderace|53/100 tox|[from] psn
|upkeep
|
|t:|1779823618
|switch|p1a: Tornadus|Tornadus-Therian, M|93/100
|turn|59
|
|t:|1779823621
|move|p1a: Tornadus|Knock Off|p2a: Cinderace
|-damage|p2a: Cinderace|22/100 tox
|-enditem|p2a: Cinderace|Flame Plate|[from] move: Knock Off|[of] p1a: Tornadus
|move|p2a: Cinderace|Pyro Ball|p1a: Tornadus
|-damage|p1a: Tornadus|0 fnt
|faint|p1a: Tornadus
|
|win|NewGenLaw
|raw|estradiol5mg's rating: 1320 &rarr; <strong>1302</strong><br />(-18 for losing)
|raw|NewGenLaw's rating: 1362 &rarr; <strong>1380</strong><br />(+18 for winning)
|l|☆NewGenLaw
|player|p2|
|l|☆estradiol5mg
|player|p1|
