|j|☆tigert242
|j|☆glacia301003
|t:|1779945075
|gametype|singles
|player|p1|tigert242|170|1291
|player|p2|glacia301003|266|1267
|gen|9
|tier|[Gen 9] OU
|rated|
|rule|HP Percentage Mod: HP is shown in percentages
|rule|Endless Battle Clause: Forcing endless battles is banned
|rule|Species Clause: Limit one of each Pokémon
|rule|OHKO Clause: OHKO moves are banned
|rule|Evasion Items Clause: Evasion items are banned
|rule|Evasion Moves Clause: Evasion moves are banned
|rule|Evasion Abilities Clause: Evasion abilities are banned
|rule|Sleep Moves Clause: Sleep-inducing moves are banned
|clearpoke
|poke|p1|Ting-Lu|
|poke|p1|Pecharunt|
|poke|p1|Raging Bolt|
|poke|p1|Scizor, M|
|poke|p1|Ogerpon-Wellspring, F|
|poke|p1|Blaziken, M|
|poke|p2|Greninja-*, M|
|poke|p2|Dragonite, M|
|poke|p2|Garchomp, F|
|poke|p2|Gardevoir, F|
|poke|p2|Lucario, M|
|poke|p2|Gliscor, M|
|teampreview
|
|t:|1779945087
|teamsize|p1|6
|teamsize|p2|6
|start
|switch|p1a: Ting-Lu|Ting-Lu|100/100
|switch|p2a: Garchomp|Garchomp, F|100/100
|-ability|p1a: Ting-Lu|Vessel of Ruin
|turn|1
|
|t:|1779945097
|move|p2a: Garchomp|Stealth Rock|p1a: Ting-Lu
|-sidestart|p1: tigert242|move: Stealth Rock
|move|p1a: Ting-Lu|Spikes|p2a: Garchomp
|-sidestart|p2: glacia301003|Spikes
|
|upkeep
|turn|2
|inactive|Battle timer is ON: inactive players will automatically lose when time's up. (requested by glacia301003)
|
|t:|1779945103
|move|p1a: Ting-Lu|Ruination|p2a: Garchomp
|-damage|p2a: Garchomp|50/100
|move|p2a: Garchomp|Dragon Tail|p1a: Ting-Lu
|-damage|p1a: Ting-Lu|86/100
|drag|p1a: Blaziken|Blaziken, M|100/100
|-damage|p1a: Blaziken|88/100|[from] Stealth Rock
|
|upkeep
|turn|3
|
|t:|1779945114
|move|p1a: Blaziken|Protect|p1a: Blaziken
|-singleturn|p1a: Blaziken|Protect
|move|p2a: Garchomp|Earthquake|p1a: Blaziken
|-activate|p1a: Blaziken|move: Protect
|
|-ability|p1a: Blaziken|Speed Boost|boost
|-boost|p1a: Blaziken|spe|1
|upkeep
|turn|4
|
|t:|1779945122
|move|p1a: Blaziken|Close Combat|p2a: Garchomp
|-damage|p2a: Garchomp|0 fnt
|-unboost|p1a: Blaziken|def|1
|-unboost|p1a: Blaziken|spd|1
|-damage|p1a: Blaziken|76/100|[from] ability: Rough Skin|[of] p2a: Garchomp
|-damage|p1a: Blaziken|59/100|[from] item: Rocky Helmet|[of] p2a: Garchomp
|faint|p2a: Garchomp
|-damage|p1a: Blaziken|49/100|[from] item: Life Orb
|
|-ability|p1a: Blaziken|Speed Boost|boost
|-boost|p1a: Blaziken|spe|1
|upkeep
|inactive|glacia301003 has 120 seconds left.
|inactive|glacia301003 has 90 seconds left.
|
|t:|1779945183
|switch|p2a: Gardevoir|Gardevoir, F, shiny|100/100
|-damage|p2a: Gardevoir|88/100|[from] Spikes
|-ability|p2a: Gardevoir|Speed Boost|Trace|[from] ability: Trace|[of] p1a: Blaziken
|turn|5
|
|t:|1779945191
|move|p1a: Blaziken|Flare Blitz|p2a: Gardevoir
|-damage|p2a: Gardevoir|0 fnt
|faint|p2a: Gardevoir
|-damage|p1a: Blaziken|22/100|[from] Recoil
|-damage|p1a: Blaziken|12/100|[from] item: Life Orb
|
|-ability|p1a: Blaziken|Speed Boost|boost
|-boost|p1a: Blaziken|spe|1
|upkeep
|
|t:|1779945200
|switch|p2a: Gliscor|Gliscor, M|100/100
|turn|6
|
|t:|1779945205
|move|p2a: Gliscor|Protect|p2a: Gliscor
|-singleturn|p2a: Gliscor|Protect
|move|p1a: Blaziken|Swords Dance|p1a: Blaziken
|-boost|p1a: Blaziken|atk|2
|
|-ability|p1a: Blaziken|Speed Boost|boost
|-boost|p1a: Blaziken|spe|1
|-status|p2a: Gliscor|tox|[from] item: Toxic Orb
|upkeep
|turn|7
|
|t:|1779945222
|move|p2a: Gliscor|Protect||[still]
|-fail|p2a: Gliscor
|move|p1a: Blaziken|Flare Blitz|p2a: Gliscor
|-damage|p2a: Gliscor|4/100 tox
|-damage|p1a: Blaziken|0 fnt|[from] Recoil
|faint|p1a: Blaziken
|
|-heal|p2a: Gliscor|16/100 tox|[from] ability: Poison Heal
|upkeep
|
|t:|1779945241
|switch|p1a: Ogerpon|Ogerpon-Wellspring, F|100/100
|-damage|p1a: Ogerpon|88/100|[from] Stealth Rock
|turn|8
|
|t:|1779945247
|move|p2a: Gliscor|Protect|p2a: Gliscor
|-singleturn|p2a: Gliscor|Protect
|move|p1a: Ogerpon|Ivy Cudgel|p2a: Gliscor|[anim] Ivy Cudgel Water
|-activate|p2a: Gliscor|move: Protect
|
|-heal|p2a: Gliscor|29/100 tox|[from] ability: Poison Heal
|upkeep
|turn|9
|inactive|glacia301003 has 120 seconds left.
|
|t:|1779945258
|switch|p2a: Greninja|Greninja, M|100/100
|-damage|p2a: Greninja|88/100|[from] Spikes
|move|p1a: Ogerpon|U-turn|p2a: Greninja
|-supereffective|p2a: Greninja
|-damage|p2a: Greninja|0 fnt
|faint|p2a: Greninja
|
|t:|1779945270
|switch|p1a: Pecharunt|Pecharunt|100/100|[from] U-turn
|-damage|p1a: Pecharunt|88/100|[from] Stealth Rock
|
|upkeep
|
|t:|1779945277
|switch|p2a: Gliscor|Gliscor, M|29/100 tox
|turn|10
|
|t:|1779945285
|switch|p1a: Ogerpon|Ogerpon-Wellspring, F|88/100
|-damage|p1a: Ogerpon|76/100|[from] Stealth Rock
|move|p2a: Gliscor|Earthquake|p1a: Ogerpon
|-resisted|p1a: Ogerpon
|-crit|p1a: Ogerpon
|-damage|p1a: Ogerpon|43/100
|
|-heal|p2a: Gliscor|41/100 tox|[from] ability: Poison Heal
|upkeep
|turn|11
|
|t:|1779945303
|move|p2a: Gliscor|Protect|p2a: Gliscor
|-singleturn|p2a: Gliscor|Protect
|move|p1a: Ogerpon|Ivy Cudgel|p2a: Gliscor|[anim] Ivy Cudgel Water
|-activate|p2a: Gliscor|move: Protect
|
|-heal|p2a: Gliscor|54/100 tox|[from] ability: Poison Heal
|upkeep
|turn|12
|
|t:|1779945313
|switch|p2a: Lucario|Lucario, M|100/100
|-damage|p2a: Lucario|88/100|[from] Spikes
|move|p1a: Ogerpon|Ivy Cudgel|p2a: Lucario|[anim] Ivy Cudgel Water
|-damage|p2a: Lucario|0 fnt
|faint|p2a: Lucario
|
|upkeep
|
|t:|1779945322
|switch|p2a: Dragonite|Dragonite, M|100/100
|turn|13
|
|t:|1779945326
|move|p1a: Ogerpon|U-turn|p2a: Dragonite
|-resisted|p2a: Dragonite
|-damage|p2a: Dragonite|93/100
|
|t:|1779945333
|switch|p1a: Ting-Lu|Ting-Lu|86/100|[from] U-turn
|-damage|p1a: Ting-Lu|80/100|[from] Stealth Rock
|-ability|p1a: Ting-Lu|Vessel of Ruin
|move|p2a: Dragonite|Dragon Dance|p2a: Dragonite
|-boost|p2a: Dragonite|atk|1
|-boost|p2a: Dragonite|spe|1
|
|-heal|p1a: Ting-Lu|86/100|[from] item: Leftovers
|upkeep
|turn|14
|
|t:|1779945358
|move|p2a: Dragonite|Earthquake|p1a: Ting-Lu
|-damage|p1a: Ting-Lu|52/100
|move|p1a: Ting-Lu|Whirlwind|p2a: Dragonite
|drag|p2a: Gliscor|Gliscor, M|54/100 tox
|
|-heal|p1a: Ting-Lu|58/100|[from] item: Leftovers
|-heal|p2a: Gliscor|66/100 tox|[from] ability: Poison Heal
|upkeep
|turn|15
|
|t:|1779945371
|move|p2a: Gliscor|Toxic|p1a: Ting-Lu|[miss]
|-miss|p2a: Gliscor|p1a: Ting-Lu
|move|p1a: Ting-Lu|Ruination|p2a: Gliscor
|-damage|p2a: Gliscor|33/100 tox
|
|-heal|p1a: Ting-Lu|64/100|[from] item: Leftovers
|-heal|p2a: Gliscor|46/100 tox|[from] ability: Poison Heal
|upkeep
|turn|16
|
|t:|1779945384
|switch|p1a: Ogerpon|Ogerpon-Wellspring, F|43/100
|-damage|p1a: Ogerpon|31/100|[from] Stealth Rock
|move|p2a: Gliscor|Toxic|p1a: Ogerpon
|-status|p1a: Ogerpon|tox
|
|-damage|p1a: Ogerpon|25/100 tox|[from] psn
|-heal|p2a: Gliscor|58/100 tox|[from] ability: Poison Heal
|upkeep
|turn|17
|
|t:|1779945398
|move|p2a: Gliscor|Protect|p2a: Gliscor
|-singleturn|p2a: Gliscor|Protect
|move|p1a: Ogerpon|Ivy Cudgel|p2a: Gliscor|[anim] Ivy Cudgel Water
|-activate|p2a: Gliscor|move: Protect
|
|-damage|p1a: Ogerpon|13/100 tox|[from] psn
|-heal|p2a: Gliscor|71/100 tox|[from] ability: Poison Heal
|upkeep
|turn|18
|inactive|glacia301003 has 120 seconds left.
|
|t:|1779945420
|-terastallize|p2a: Gliscor|Water
|move|p1a: Ogerpon|Play Rough|p2a: Gliscor
|-damage|p2a: Gliscor|47/100 tox
|move|p2a: Gliscor|Substitute|p2a: Gliscor
|-start|p2a: Gliscor|Substitute
|-damage|p2a: Gliscor|22/100 tox
|
|-damage|p1a: Ogerpon|0 fnt|[from] psn
|faint|p1a: Ogerpon
|-heal|p2a: Gliscor|35/100 tox|[from] ability: Poison Heal
|upkeep
|
|t:|1779945432
|switch|p1a: Raging Bolt|Raging Bolt|100/100
|turn|19
|
|t:|1779945436
|move|p1a: Raging Bolt|Thunderbolt|p2a: Gliscor
|-supereffective|p2a: Gliscor
|-end|p2a: Gliscor|Substitute
|move|p2a: Gliscor|Earthquake|p1a: Raging Bolt
|-supereffective|p1a: Raging Bolt
|-damage|p1a: Raging Bolt|39/100
|
|-heal|p2a: Gliscor|47/100 tox|[from] ability: Poison Heal
|upkeep
|turn|20
|
|t:|1779945445
|move|p2a: Gliscor|Protect|p2a: Gliscor
|-singleturn|p2a: Gliscor|Protect
|move|p1a: Raging Bolt|Thunderbolt|p2a: Gliscor
|-activate|p2a: Gliscor|move: Protect
|
|-heal|p2a: Gliscor|60/100 tox|[from] ability: Poison Heal
|upkeep
|turn|21
|
|t:|1779945454
|switch|p2a: Dragonite|Dragonite, M|93/100
|move|p1a: Raging Bolt|Thunderbolt|p2a: Dragonite
|-damage|p2a: Dragonite|36/100
|
|upkeep
|turn|22
|
|t:|1779945463
|move|p2a: Dragonite|Extreme Speed|p1a: Raging Bolt
|-damage|p1a: Raging Bolt|10/100
|move|p1a: Raging Bolt|Thunderclap||[still]
|-fail|p1a: Raging Bolt
|
|upkeep
|turn|23
|
|t:|1779945470
|-end|p1a: Raging Bolt|Protosynthesis|[silent]
|switch|p1a: Pecharunt|Pecharunt|88/100
|-damage|p1a: Pecharunt|76/100|[from] Stealth Rock
|move|p2a: Dragonite|Extreme Speed|p1a: Pecharunt
|-immune|p1a: Pecharunt
|
|upkeep
|turn|24
|
|t:|1779945482
|move|p1a: Pecharunt|Malignant Chain|p2a: Dragonite
|-damage|p2a: Dragonite|3/100
|-status|p2a: Dragonite|tox
|-start|p2a: Dragonite|confusion|[from] ability: Poison Puppeteer|[of] p1a: Pecharunt
|-activate|p2a: Dragonite|confusion
|move|p2a: Dragonite|Earthquake|p1a: Pecharunt
|-supereffective|p1a: Pecharunt
|-damage|p1a: Pecharunt|29/100
|
|-damage|p2a: Dragonite|0 fnt|[from] psn
|faint|p2a: Dragonite
|upkeep
|
|t:|1779945495
|switch|p2a: Gliscor|Gliscor, M, tera:Water|60/100 tox
|-damage|p2a: Gliscor|47/100 tox|[from] Spikes
|turn|25
|
|t:|1779945500
|move|p1a: Pecharunt|Parting Shot|p2a: Gliscor
|-unboost|p2a: Gliscor|atk|1
|-unboost|p2a: Gliscor|spa|1
|
|t:|1779945506
|switch|p1a: Ting-Lu|Ting-Lu|64/100|[from] Parting Shot
|-damage|p1a: Ting-Lu|58/100|[from] Stealth Rock
|-ability|p1a: Ting-Lu|Vessel of Ruin
|move|p2a: Gliscor|Earthquake|p1a: Ting-Lu
|-damage|p1a: Ting-Lu|45/100
|
|-heal|p1a: Ting-Lu|52/100|[from] item: Leftovers
|-heal|p2a: Gliscor|60/100 tox|[from] ability: Poison Heal
|upkeep
|turn|26
|
|t:|1779945521
|move|p2a: Gliscor|Toxic|p1a: Ting-Lu
|-status|p1a: Ting-Lu|tox
|move|p1a: Ting-Lu|Earthquake|p2a: Gliscor
|-damage|p2a: Gliscor|38/100 tox
|
|-heal|p1a: Ting-Lu|58/100 tox|[from] item: Leftovers
|-heal|p2a: Gliscor|51/100 tox|[from] ability: Poison Heal
|-damage|p1a: Ting-Lu|52/100 tox|[from] psn
|upkeep
|turn|27
|
|t:|1779945532
|move|p2a: Gliscor|Substitute|p2a: Gliscor
|-start|p2a: Gliscor|Substitute
|-damage|p2a: Gliscor|26/100 tox
|move|p1a: Ting-Lu|Earthquake|p2a: Gliscor
|-activate|p2a: Gliscor|move: Substitute|[damage]
|
|-heal|p1a: Ting-Lu|58/100 tox|[from] item: Leftovers
|-heal|p2a: Gliscor|38/100 tox|[from] ability: Poison Heal
|-damage|p1a: Ting-Lu|45/100 tox|[from] psn
|upkeep
|turn|28
|
|t:|1779945543
|move|p2a: Gliscor|Earthquake|p1a: Ting-Lu
|-damage|p1a: Ting-Lu|34/100 tox
|move|p1a: Ting-Lu|Earthquake|p2a: Gliscor
|-end|p2a: Gliscor|Substitute
|
|-heal|p1a: Ting-Lu|40/100 tox|[from] item: Leftovers
|-heal|p2a: Gliscor|51/100 tox|[from] ability: Poison Heal
|-damage|p1a: Ting-Lu|21/100 tox|[from] psn
|upkeep
|turn|29
|
|t:|1779945555
|switch|p1a: Raging Bolt|Raging Bolt|10/100
|move|p2a: Gliscor|Substitute|p2a: Gliscor
|-start|p2a: Gliscor|Substitute
|-damage|p2a: Gliscor|26/100 tox
|
|-heal|p2a: Gliscor|38/100 tox|[from] ability: Poison Heal
|upkeep
|turn|30
|
|t:|1779945564
|move|p1a: Raging Bolt|Volt Switch|p2a: Gliscor
|-supereffective|p2a: Gliscor
|-end|p2a: Gliscor|Substitute
|
|t:|1779945568
|-end|p1a: Raging Bolt|Protosynthesis|[silent]
|switch|p1a: Pecharunt|Pecharunt|29/100|[from] Volt Switch
|-damage|p1a: Pecharunt|17/100|[from] Stealth Rock
|move|p2a: Gliscor|Earthquake|p1a: Pecharunt
|-supereffective|p1a: Pecharunt
|-damage|p1a: Pecharunt|0 fnt
|faint|p1a: Pecharunt
|
|-heal|p2a: Gliscor|51/100 tox|[from] ability: Poison Heal
|upkeep
|
|t:|1779945574
|switch|p1a: Raging Bolt|Raging Bolt|10/100
|turn|31
|
|t:|1779945583
|move|p2a: Gliscor|Protect|p2a: Gliscor
|-singleturn|p2a: Gliscor|Protect
|move|p1a: Raging Bolt|Thunderbolt|p2a: Gliscor
|-activate|p2a: Gliscor|move: Protect
|
|-heal|p2a: Gliscor|63/100 tox|[from] ability: Poison Heal
|upkeep
|turn|32
|
|t:|1779945593
|move|p1a: Raging Bolt|Thunderbolt|p2a: Gliscor
|-supereffective|p2a: Gliscor
|-damage|p2a: Gliscor|0 fnt
|faint|p2a: Gliscor
|
|win|tigert242
|raw|tigert242's rating: 1291 &rarr; <strong>1314</strong><br />(+23 for winning)
|raw|glacia301003's rating: 1267 &rarr; <strong>1244</strong><br />(-23 for losing)
|l|☆glacia301003
|player|p2|
|l|☆tigert242
|player|p1|
