|j|☆pivotslophaxmaxxer
|j|☆AlienXotic
|t:|1779923704
|gametype|singles
|player|p1|pivotslophaxmaxxer|tate|1634
|player|p2|AlienXotic|lucas|1597
|gen|9
|tier|[Gen 9] OU
|rated|
|rule|HP Percentage Mod: HP is shown in percentages
|rule|Endless Battle Clause: Forcing endless battles is banned
|rule|Species Clause: Limit one of each Pokémon
|rule|OHKO Clause: OHKO moves are banned
|rule|Evasion Items Clause: Evasion items are banned
|rule|Evasion Moves Clause: Evasion moves are banned
|rule|Evasion Abilities Clause: Evasion abilities are banned
|rule|Sleep Moves Clause: Sleep-inducing moves are banned
|clearpoke
|poke|p1|Grimmsnarl, M|
|poke|p1|Veluza, M|
|poke|p1|Great Tusk|
|poke|p1|Dragonite, M|
|poke|p1|Iron Moth|
|poke|p1|Maushold|
|poke|p2|Slither Wing|
|poke|p2|Ninetales, M|
|poke|p2|Walking Wake|
|poke|p2|Iron Moth|
|poke|p2|Hatterene, F|
|poke|p2|Blaziken, F|
|teampreview
|
|t:|1779923717
|teamsize|p1|6
|teamsize|p2|6
|start
|switch|p1a: Grimmsnarl|Grimmsnarl, M|100/100
|switch|p2a: Aruarian|Ninetales, M, shiny|100/100
|-weather|SunnyDay|[from] ability: Drought|[of] p2a: Aruarian
|turn|1
|
|t:|1779923722
|move|p1a: Grimmsnarl|Light Screen|p1a: Grimmsnarl
|-sidestart|p1: pivotslophaxmaxxer|move: Light Screen
|move|p2a: Aruarian|Encore|p1a: Grimmsnarl
|-start|p1a: Grimmsnarl|Encore
|
|-weather|SunnyDay|[upkeep]
|upkeep
|turn|2
|
|t:|1779923727
|switch|p2a: Sizzlin' Hot Wings|Blaziken, F, shiny|100/100
|switch|p1a: Iron Moth|Iron Moth|100/100
|-enditem|p1a: Iron Moth|Booster Energy
|-activate|p1a: Iron Moth|ability: Quark Drive|[fromitem]
|-start|p1a: Iron Moth|quarkdrivespe
|
|-weather|SunnyDay|[upkeep]
|upkeep
|turn|3
|
|t:|1779923744
|move|p2a: Sizzlin' Hot Wings|Protect|p2a: Sizzlin' Hot Wings
|-singleturn|p2a: Sizzlin' Hot Wings|Protect
|move|p1a: Iron Moth|Substitute|p1a: Iron Moth
|-start|p1a: Iron Moth|Substitute
|-damage|p1a: Iron Moth|76/100
|
|-weather|SunnyDay|[upkeep]
|-ability|p2a: Sizzlin' Hot Wings|Speed Boost|boost
|-boost|p2a: Sizzlin' Hot Wings|spe|1
|upkeep
|turn|4
|
|t:|1779923753
|move|p1a: Iron Moth|Sludge Wave|p2a: Sizzlin' Hot Wings
|-crit|p2a: Sizzlin' Hot Wings
|-damage|p2a: Sizzlin' Hot Wings|0 fnt
|faint|p2a: Sizzlin' Hot Wings
|
|-weather|SunnyDay|[upkeep]
|upkeep
|
|t:|1779923765
|switch|p2a: Renewal|Walking Wake|100/100
|-activate|p2a: Renewal|ability: Protosynthesis
|-start|p2a: Renewal|protosynthesisspe
|turn|5
|
|t:|1779923769
|move|p1a: Iron Moth|Dazzling Gleam|p2a: Renewal
|-supereffective|p2a: Renewal
|-damage|p2a: Renewal|33/100
|move|p2a: Renewal|Hydro Steam|p1a: Iron Moth
|-supereffective|p1a: Iron Moth
|-end|p1a: Iron Moth|Substitute
|
|-weather|SunnyDay|[upkeep]
|upkeep
|turn|6
|
|t:|1779923781
|-end|p2a: Renewal|Protosynthesis|[silent]
|switch|p2a: Covet&Lust|Hatterene, F, shiny|100/100
|move|p1a: Iron Moth|Sludge Wave|p2a: Covet&Lust
|-supereffective|p2a: Covet&Lust
|-damage|p2a: Covet&Lust|0 fnt
|faint|p2a: Covet&Lust
|
|-weather|SunnyDay|[upkeep]
|upkeep
|
|t:|1779923786
|switch|p2a: The better one?|Iron Moth|100/100
|-enditem|p2a: The better one?|Booster Energy
|-activate|p2a: The better one?|ability: Quark Drive|[fromitem]
|-start|p2a: The better one?|quarkdrivespe
|turn|7
|
|t:|1779923792
|move|p1a: Iron Moth|Fiery Dance|p2a: The better one?
|-resisted|p2a: The better one?
|-damage|p2a: The better one?|67/100
|-boost|p1a: Iron Moth|spa|1
|move|p2a: The better one?|Fiery Dance|p1a: Iron Moth
|-resisted|p1a: Iron Moth
|-damage|p1a: Iron Moth|60/100
|
|-weather|SunnyDay|[upkeep]
|upkeep
|turn|8
|
|t:|1779923802
|move|p2a: The better one?|Psychic|p1a: Iron Moth
|-supereffective|p1a: Iron Moth
|-damage|p1a: Iron Moth|26/100
|-unboost|p1a: Iron Moth|spd|1
|move|p1a: Iron Moth|Fiery Dance|p2a: The better one?
|-resisted|p2a: The better one?
|-damage|p2a: The better one?|22/100
|-boost|p1a: Iron Moth|spa|1
|
|-weather|none
|-sideend|p1: pivotslophaxmaxxer|move: Light Screen
|upkeep
|turn|9
|
|t:|1779923809
|move|p2a: The better one?|Psychic|p1a: Iron Moth
|-supereffective|p1a: Iron Moth
|-damage|p1a: Iron Moth|0 fnt
|faint|p1a: Iron Moth
|-end|p1a: Iron Moth|Quark Drive|[silent]
|
|upkeep
|
|t:|1779923818
|switch|p1a: Grimmsnarl|Grimmsnarl, M|100/100
|turn|10
|
|t:|1779923825
|move|p1a: Grimmsnarl|Light Screen|p1a: Grimmsnarl
|-sidestart|p1: pivotslophaxmaxxer|move: Light Screen
|move|p2a: The better one?|Fiery Dance|p1a: Grimmsnarl
|-damage|p1a: Grimmsnarl|87/100
|
|upkeep
|turn|11
|
|t:|1779923829
|move|p1a: Grimmsnarl|Reflect|p1a: Grimmsnarl
|-sidestart|p1: pivotslophaxmaxxer|Reflect
|move|p2a: The better one?|Sludge Wave|p1a: Grimmsnarl
|-supereffective|p1a: Grimmsnarl
|-crit|p1a: Grimmsnarl
|-damage|p1a: Grimmsnarl|0 fnt
|faint|p1a: Grimmsnarl
|
|upkeep
|
|t:|1779923850
|switch|p1a: Dragonite|Dragonite, M|100/100
|turn|12
|
|t:|1779923853
|move|p1a: Dragonite|Extreme Speed|p2a: The better one?
|-damage|p2a: The better one?|0 fnt
|faint|p2a: The better one?
|-end|p2a: The better one?|Quark Drive|[silent]
|
|upkeep
|
|t:|1779923860
|switch|p2a: Beru|Slither Wing, shiny|100/100
|turn|13
|
|t:|1779923863
|switch|p1a: Veluza|Veluza, M|100/100
|-ability|p1a: Veluza|Mold Breaker
|move|p2a: Beru|U-turn|p1a: Veluza
|-supereffective|p1a: Veluza
|-damage|p1a: Veluza|27/100
|-enditem|p1a: Veluza|Sitrus Berry|[eat]
|-heal|p1a: Veluza|52/100|[from] item: Sitrus Berry
|
|t:|1779923877
|-end|p2a: Beru|Protosynthesis|[silent]
|switch|p2a: Aruarian|Ninetales, M, shiny|100/100|[from] U-turn
|-weather|SunnyDay|[from] ability: Drought|[of] p2a: Aruarian
|
|-weather|SunnyDay|[upkeep]
|upkeep
|turn|14
|
|t:|1779923881
|move|p2a: Aruarian|Will-O-Wisp|p1a: Veluza
|-status|p1a: Veluza|brn
|move|p1a: Veluza|Pain Split|p2a: Aruarian
|-sethp|p2a: Aruarian|78/100|[from] move: Pain Split|[silent]
|-sethp|p1a: Veluza|74/100 brn|[from] move: Pain Split
|
|-weather|SunnyDay|[upkeep]
|-damage|p1a: Veluza|68/100 brn|[from] brn
|upkeep
|turn|15
|
|t:|1779923891
|move|p2a: Aruarian|Solar Beam||[still]
|-prepare|p2a: Aruarian|Solar Beam
|-anim|p2a: Aruarian|Solar Beam|p1a: Veluza
|-supereffective|p1a: Veluza
|-damage|p1a: Veluza|33/100 brn
|move|p1a: Veluza|Fillet Away||[still]
|-fail|p1a: Veluza
|
|-weather|SunnyDay|[upkeep]
|-damage|p1a: Veluza|27/100 brn|[from] brn
|upkeep
|turn|16
|
|t:|1779923901
|move|p2a: Aruarian|Encore|p1a: Veluza
|-start|p1a: Veluza|Encore
|move|p1a: Veluza|Fillet Away||[still]
|-fail|p1a: Veluza
|
|-weather|SunnyDay|[upkeep]
|-damage|p1a: Veluza|21/100 brn|[from] brn
|upkeep
|turn|17
|
|t:|1779923908
|move|p2a: Aruarian|Solar Beam||[still]
|-prepare|p2a: Aruarian|Solar Beam
|-anim|p2a: Aruarian|Solar Beam|p1a: Veluza
|-supereffective|p1a: Veluza
|-damage|p1a: Veluza|0 fnt
|faint|p1a: Veluza
|
|-weather|SunnyDay|[upkeep]
|-sideend|p1: pivotslophaxmaxxer|move: Light Screen
|upkeep
|
|t:|1779923913
|switch|p1a: Great Tusk|Great Tusk|100/100
|-activate|p1a: Great Tusk|ability: Protosynthesis
|-start|p1a: Great Tusk|protosynthesisspe
|turn|18
|
|t:|1779923922
|-terastallize|p2a: Aruarian|Grass
|move|p1a: Great Tusk|Earthquake|p2a: Aruarian
|-resisted|p2a: Aruarian
|-damage|p2a: Aruarian|53/100
|move|p2a: Aruarian|Will-O-Wisp|p1a: Great Tusk
|-status|p1a: Great Tusk|brn
|
|-weather|SunnyDay|[upkeep]
|-damage|p1a: Great Tusk|94/100 brn|[from] brn
|-sideend|p1: pivotslophaxmaxxer|Reflect
|upkeep
|turn|19
|
|t:|1779923933
|switch|p2a: Beru|Slither Wing, shiny|100/100
|-activate|p2a: Beru|ability: Protosynthesis
|-start|p2a: Beru|protosynthesisatk
|move|p1a: Great Tusk|Stone Edge|p2a: Beru
|-damage|p2a: Beru|81/100
|
|-weather|SunnyDay|[upkeep]
|-damage|p1a: Great Tusk|88/100 brn|[from] brn
|upkeep
|turn|20
|
|t:|1779923942
|move|p1a: Great Tusk|Bulk Up|p1a: Great Tusk
|-boost|p1a: Great Tusk|atk|1
|-boost|p1a: Great Tusk|def|1
|move|p2a: Beru|Close Combat|p1a: Great Tusk
|-damage|p1a: Great Tusk|29/100 brn
|-unboost|p2a: Beru|def|1
|-unboost|p2a: Beru|spd|1
|
|-weather|none
|-end|p1a: Great Tusk|Protosynthesis
|-end|p2a: Beru|Protosynthesis
|-damage|p1a: Great Tusk|22/100 brn|[from] brn
|upkeep
|-enditem|p1a: Great Tusk|Booster Energy
|-activate|p1a: Great Tusk|ability: Protosynthesis|[fromitem]
|-start|p1a: Great Tusk|protosynthesisatk
|turn|21
|
|t:|1779923982
|-end|p2a: Beru|Protosynthesis|[silent]
|switch|p2a: Renewal|Walking Wake|33/100
|move|p1a: Great Tusk|Stone Edge|p2a: Renewal
|-damage|p2a: Renewal|3/100
|
|-damage|p1a: Great Tusk|16/100 brn|[from] brn
|upkeep
|turn|22
|
|t:|1779923990
|move|p2a: Renewal|Hydro Steam|p1a: Great Tusk
|-supereffective|p1a: Great Tusk
|-damage|p1a: Great Tusk|0 fnt
|faint|p1a: Great Tusk
|-end|p1a: Great Tusk|Protosynthesis|[silent]
|
|upkeep
|
|t:|1779923992
|switch|p1a: Maushold|Maushold|100/100
|turn|23
|
|t:|1779923997
|move|p1a: Maushold|Population Bomb|p2a: Renewal
|-damage|p2a: Renewal|0 fnt
|faint|p2a: Renewal
|-end|p2a: Renewal|Protosynthesis|[silent]
|-hitcount|p2: Renewal|1
|
|upkeep
|
|t:|1779924000
|switch|p2a: Beru|Slither Wing, shiny|81/100
|turn|24
|
|t:|1779924004
|-terastallize|p1a: Maushold|Ghost
|move|p2a: Beru|First Impression|p1a: Maushold
|-resisted|p1a: Maushold
|-damage|p1a: Maushold|40/100
|move|p1a: Maushold|Population Bomb|p2a: Beru
|-damage|p2a: Beru|66/100
|-damage|p2a: Beru|53/100
|-damage|p2a: Beru|38/100
|-hitcount|p2a: Beru|3
|
|upkeep
|turn|25
|
|t:|1779924012
|-end|p2a: Beru|Protosynthesis|[silent]
|switch|p2a: Aruarian|Ninetales, M, shiny, tera:Grass|53/100
|-weather|SunnyDay|[from] ability: Drought|[of] p2a: Aruarian
|move|p1a: Maushold|Population Bomb|p2a: Aruarian
|-damage|p2a: Aruarian|40/100
|-damage|p2a: Aruarian|27/100
|-damage|p2a: Aruarian|13/100
|-damage|p2a: Aruarian|0 fnt
|faint|p2a: Aruarian
|-hitcount|p2: Aruarian|4
|
|-weather|SunnyDay|[upkeep]
|upkeep
|
|t:|1779924014
|switch|p2a: Beru|Slither Wing, shiny|38/100
|-activate|p2a: Beru|ability: Protosynthesis
|-start|p2a: Beru|protosynthesisatk
|turn|26
|
|t:|1779924018
|move|p1a: Maushold|Population Bomb|p2a: Beru|[miss]
|-miss|p1a: Maushold|p2a: Beru
|move|p2a: Beru|U-turn|p1a: Maushold
|-resisted|p1a: Maushold
|-damage|p1a: Maushold|0 fnt
|faint|p1a: Maushold
|
|-weather|SunnyDay|[upkeep]
|upkeep
|c|☆pivotslophaxmaxxer|hm
|
|t:|1779924034
|switch|p1a: Dragonite|Dragonite, M|100/100
|turn|27
|
|t:|1779924038
|move|p1a: Dragonite|Extreme Speed|p2a: Beru
|-damage|p2a: Beru|0 fnt
|faint|p2a: Beru
|-end|p2a: Beru|Protosynthesis|[silent]
|
|win|pivotslophaxmaxxer
|raw|pivotslophaxmaxxer's rating: 1634 &rarr; <strong>1652</strong><br />(+18 for winning)
|raw|AlienXotic's rating: 1597 &rarr; <strong>1579</strong><br />(-18 for losing)
|l|☆AlienXotic
|player|p2|
|l|☆pivotslophaxmaxxer
|player|p1|
