|j|☆claudechamp
|j|☆viutil
|t:|1779903258
|gametype|singles
|player|p1|claudechamp|169|1368
|player|p2|viutil|101|1342
|gen|9
|tier|[Gen 9] OU
|rated|
|rule|HP Percentage Mod: HP is shown in percentages
|rule|Endless Battle Clause: Forcing endless battles is banned
|rule|Species Clause: Limit one of each Pokémon
|rule|OHKO Clause: OHKO moves are banned
|rule|Evasion Items Clause: Evasion items are banned
|rule|Evasion Moves Clause: Evasion moves are banned
|rule|Evasion Abilities Clause: Evasion abilities are banned
|rule|Sleep Moves Clause: Sleep-inducing moves are banned
|clearpoke
|poke|p1|Corviknight, M|
|poke|p1|Ting-Lu|
|poke|p1|Kyurem|
|poke|p1|Dondozo, M|
|poke|p1|Slowking-Galar, F|
|poke|p1|Cinderace, F|
|poke|p2|Dragonite, F|
|poke|p2|Hatterene, F|
|poke|p2|Weavile, M|
|poke|p2|Ogerpon-Wellspring, F|
|poke|p2|Kingambit, M|
|poke|p2|Great Tusk|
|teampreview
|c|☆claudechamp|hf
|inactive|Battle timer is ON: inactive players will automatically lose when time's up. (requested by claudechamp)
|
|t:|1779903271
|teamsize|p1|6
|teamsize|p2|6
|start
|switch|p1a: Cinderace|Cinderace, F|100/100
|switch|p2a: Hello .RAW-Z|Weavile, M|100/100
|turn|1
|
|t:|1779903277
|move|p2a: Hello .RAW-Z|Beat Up|p1a: Cinderace
|-damage|p1a: Cinderace|90/100
|-damage|p1a: Cinderace|81/100
|-damage|p1a: Cinderace|70/100
|-damage|p1a: Cinderace|60/100
|-damage|p1a: Cinderace|49/100
|-damage|p1a: Cinderace|37/100
|-hitcount|p1a: Cinderace|6
|move|p1a: Cinderace|Pyro Ball|p2a: Hello .RAW-Z
|-supereffective|p2a: Hello .RAW-Z
|-enditem|p2a: Hello .RAW-Z|Focus Sash
|-damage|p2a: Hello .RAW-Z|1/100
|
|upkeep
|turn|2
|
|t:|1779903281
|move|p2a: Hello .RAW-Z|Beat Up|p1a: Cinderace
|-damage|p1a: Cinderace|26/100
|-damage|p1a: Cinderace|18/100
|-crit|p1a: Cinderace
|-damage|p1a: Cinderace|1/100
|-damage|p1a: Cinderace|0 fnt
|faint|p1a: Cinderace
|-hitcount|p1: Cinderace|4
|
|upkeep
|
|t:|1779903288
|switch|p1a: Kyurem|Kyurem|100/100
|-ability|p1a: Kyurem|Pressure
|turn|3
|
|t:|1779903293
|move|p2a: Hello .RAW-Z|Low Kick|p1a: Kyurem
|-supereffective|p1a: Kyurem
|-damage|p1a: Kyurem|23/100
|move|p1a: Kyurem|Freeze-Dry|p2a: Hello .RAW-Z
|-resisted|p2a: Hello .RAW-Z
|-damage|p2a: Hello .RAW-Z|0 fnt
|faint|p2a: Hello .RAW-Z
|
|-heal|p1a: Kyurem|29/100|[from] item: Leftovers
|upkeep
|
|t:|1779903314
|switch|p2a: PrinceDeSangMêlé|Kingambit, M|100/100
|-activate|p2a: PrinceDeSangMêlé|ability: Supreme Overlord
|-start|p2a: PrinceDeSangMêlé|fallen1|[silent]
|turn|4
|
|t:|1779903331
|move|p1a: Kyurem|Freeze-Dry|p2a: PrinceDeSangMêlé
|-resisted|p2a: PrinceDeSangMêlé
|-damage|p2a: PrinceDeSangMêlé|81/100
|move|p2a: PrinceDeSangMêlé|Kowtow Cleave|p1a: Kyurem
|-damage|p1a: Kyurem|0 fnt
|faint|p1a: Kyurem
|
|upkeep
|
|t:|1779903341
|switch|p1a: Corviknight|Corviknight, M|100/100
|-ability|p1a: Corviknight|Pressure
|turn|5
|
|t:|1779903353
|-end|p2a: PrinceDeSangMêlé|fallen1|[silent]
|switch|p2a: Vent de l'est|Hatterene, F|100/100
|move|p1a: Corviknight|U-turn|p2a: Vent de l'est
|-damage|p2a: Vent de l'est|89/100
|-damage|p1a: Corviknight|84/100|[from] item: Rocky Helmet|[of] p2a: Vent de l'est
|
|t:|1779903367
|switch|p1a: Dondozo|Dondozo, M|100/100|[from] U-turn
|
|upkeep
|turn|6
|
|t:|1779903377
|move|p1a: Dondozo|Curse|p1a: Dondozo
|-unboost|p1a: Dondozo|spe|1
|-boost|p1a: Dondozo|atk|1
|-boost|p1a: Dondozo|def|1
|move|p2a: Vent de l'est|Psychic Noise|p1a: Dondozo
|-damage|p1a: Dondozo|80/100
|-start|p1a: Dondozo|move: Heal Block
|
|upkeep
|turn|7
|
|t:|1779903393
|-terastallize|p1a: Dondozo|Dark
|move|p2a: Vent de l'est|Psychic Noise|p1a: Dondozo
|-immune|p1a: Dondozo
|move|p1a: Dondozo|Curse|p1a: Dondozo
|-unboost|p1a: Dondozo|spe|1
|-boost|p1a: Dondozo|atk|1
|-boost|p1a: Dondozo|def|1
|
|-end|p1a: Dondozo|move: Heal Block
|upkeep
|turn|8
|
|t:|1779903400
|move|p2a: Vent de l'est|Draining Kiss|p1a: Dondozo
|-supereffective|p1a: Dondozo
|-damage|p1a: Dondozo|49/100
|-heal|p2a: Vent de l'est|100/100|[from] drain|[of] p1a: Dondozo
|move|p1a: Dondozo|Waterfall|p2a: Vent de l'est
|-damage|p2a: Vent de l'est|56/100
|-damage|p1a: Dondozo|33/100|[from] item: Rocky Helmet|[of] p2a: Vent de l'est
|
|-heal|p1a: Dondozo|39/100|[from] item: Leftovers
|upkeep
|turn|9
|
|t:|1779903418
|move|p2a: Vent de l'est|Draining Kiss|p1a: Dondozo
|-supereffective|p1a: Dondozo
|-damage|p1a: Dondozo|11/100
|-heal|p2a: Vent de l'est|89/100|[from] drain|[of] p1a: Dondozo
|move|p1a: Dondozo|Rest|p1a: Dondozo
|-status|p1a: Dondozo|slp|[from] move: Rest
|-heal|p1a: Dondozo|100/100 slp|[silent]
|
|upkeep
|turn|10
|
|t:|1779903430
|switch|p1a: Slowking|Slowking-Galar, F|100/100
|move|p2a: Vent de l'est|Draining Kiss|p1a: Slowking
|-resisted|p1a: Slowking
|-damage|p1a: Slowking|91/100
|-heal|p2a: Vent de l'est|97/100|[from] drain|[of] p1a: Slowking
|
|upkeep
|turn|11
|
|t:|1779903435
|move|p2a: Vent de l'est|Nuzzle|p1a: Slowking
|-damage|p1a: Slowking|89/100
|-status|p1a: Slowking|par
|move|p1a: Slowking|Ice Beam|p2a: Vent de l'est
|-damage|p2a: Vent de l'est|76/100
|-status|p2a: Vent de l'est|frz
|
|upkeep
|turn|12
|
|t:|1779903453
|cant|p2a: Vent de l'est|frz
|move|p1a: Slowking|Future Sight|p2a: Vent de l'est
|-start|p1a: Slowking|move: Future Sight
|
|upkeep
|turn|13
|
|t:|1779903462
|cant|p2a: Vent de l'est|frz
|move|p1a: Slowking|Sludge Bomb|p2a: Vent de l'est
|-supereffective|p2a: Vent de l'est
|-damage|p2a: Vent de l'est|4/100 frz
|
|upkeep
|turn|14
|
|t:|1779903482
|switch|p1a: Corviknight|Corviknight, M|84/100
|-ability|p1a: Corviknight|Pressure
|cant|p2a: Vent de l'est|frz
|
|-end|p2a: Vent de l'est|move: Future Sight
|-resisted|p2a: Vent de l'est
|-damage|p2a: Vent de l'est|0 fnt
|faint|p2a: Vent de l'est
|upkeep
|
|t:|1779903496
|switch|p2a: Maladresse|Ogerpon-Wellspring, F|100/100
|turn|15
|
|t:|1779903502
|move|p2a: Maladresse|Swords Dance|p2a: Maladresse
|-boost|p2a: Maladresse|atk|2
|move|p1a: Corviknight|Roost|p1a: Corviknight
|-heal|p1a: Corviknight|100/100
|-singleturn|p1a: Corviknight|move: Roost
|
|upkeep
|turn|16
|
|t:|1779903517
|-terastallize|p2a: Maladresse|Water
|detailschange|p2a: Maladresse|Ogerpon-Wellspring-Tera, F, tera:Water
|-ability|p2a: Maladresse|Embody Aspect (Wellspring)|boost
|-boost|p2a: Maladresse|spd|1
|move|p2a: Maladresse|Ivy Cudgel|p1a: Corviknight|[anim] Ivy Cudgel Water
|-damage|p1a: Corviknight|2/100
|move|p1a: Corviknight|U-turn|p2a: Maladresse
|-damage|p2a: Maladresse|83/100
|
|t:|1779903530
|switch|p1a: Slowking|Slowking-Galar, F|100/100 par|[from] U-turn
|
|upkeep
|turn|17
|
|t:|1779903548
|move|p2a: Maladresse|Ivy Cudgel|p1a: Slowking|[anim] Ivy Cudgel Water
|-damage|p1a: Slowking|0 fnt
|faint|p1a: Slowking
|
|upkeep
|inactive|claudechamp has 120 seconds left.
|
|t:|1779903564
|switch|p1a: Dondozo|Dondozo, M, tera:Dark|100/100 slp
|turn|18
|inactive|claudechamp has 120 seconds left.
|
|t:|1779903574
|move|p2a: Maladresse|Ivy Cudgel|p1a: Dondozo|[anim] Ivy Cudgel Water
|-damage|p1a: Dondozo|52/100 slp
|cant|p1a: Dondozo|slp
|
|-heal|p1a: Dondozo|59/100 slp|[from] item: Leftovers
|upkeep
|turn|19
|inactive|claudechamp has 120 seconds left.
|
|t:|1779903584
|move|p2a: Maladresse|Ivy Cudgel|p1a: Dondozo|[anim] Ivy Cudgel Water
|-damage|p1a: Dondozo|14/100 slp
|cant|p1a: Dondozo|slp
|
|-heal|p1a: Dondozo|20/100 slp|[from] item: Leftovers
|upkeep
|turn|20
|inactive|claudechamp has 120 seconds left.
|
|t:|1779903596
|switch|p1a: Ting-Lu|Ting-Lu|100/100
|-ability|p1a: Ting-Lu|Vessel of Ruin
|move|p2a: Maladresse|Ivy Cudgel|p1a: Ting-Lu|[anim] Ivy Cudgel Water
|-supereffective|p1a: Ting-Lu
|-damage|p1a: Ting-Lu|0 fnt
|faint|p1a: Ting-Lu
|
|upkeep
|inactive|claudechamp has 120 seconds left.
|
|t:|1779903603
|switch|p1a: Dondozo|Dondozo, M, tera:Dark|20/100 slp
|turn|21
|inactive|claudechamp has 120 seconds left.
|
|t:|1779903621
|move|p2a: Maladresse|Ivy Cudgel|p1a: Dondozo|[anim] Ivy Cudgel Water
|-damage|p1a: Dondozo|0 fnt
|faint|p1a: Dondozo
|
|upkeep
|
|t:|1779903623
|switch|p1a: Corviknight|Corviknight, M|2/100
|-ability|p1a: Corviknight|Pressure
|turn|22
|inactive|claudechamp has 120 seconds left.
|
|t:|1779903634
|move|p2a: Maladresse|Ivy Cudgel|p1a: Corviknight|[anim] Ivy Cudgel Water
|-damage|p1a: Corviknight|0 fnt
|faint|p1a: Corviknight
|
|win|viutil
|raw|claudechamp's rating: 1387 &rarr; <strong>1364</strong><br />(-23 for losing)
|raw|viutil's rating: 1342 &rarr; <strong>1365</strong><br />(+23 for winning)
|l|☆viutil
|player|p2|
|c|☆claudechamp|gg
