|j|☆JoaMidgard
|j|☆Teamrocketty
|t:|1779887625
|gametype|singles
|player|p1|JoaMidgard|veteran|1171
|player|p2|Teamrocketty|2|1155
|gen|9
|tier|[Gen 9] OU
|rated|
|rule|HP Percentage Mod: HP is shown in percentages
|rule|Endless Battle Clause: Forcing endless battles is banned
|rule|Species Clause: Limit one of each Pokémon
|rule|OHKO Clause: OHKO moves are banned
|rule|Evasion Items Clause: Evasion items are banned
|rule|Evasion Moves Clause: Evasion moves are banned
|rule|Evasion Abilities Clause: Evasion abilities are banned
|rule|Sleep Moves Clause: Sleep-inducing moves are banned
|clearpoke
|poke|p1|Tyranitar, F|
|poke|p1|Excadrill, M|
|poke|p1|Landorus-Therian, M|
|poke|p1|Ogerpon-Wellspring, F|
|poke|p1|Hatterene, F|
|poke|p1|Dragapult, M|
|poke|p2|Feraligatr, M|
|poke|p2|Skeledirge, M|
|poke|p2|Krookodile, M|
|poke|p2|Garchomp, M|
|poke|p2|Deoxys-Speed|
|poke|p2|Ceruledge, M|
|teampreview
|
|t:|1779887633
|teamsize|p1|6
|teamsize|p2|6
|start
|switch|p1a: Tytar|Tyranitar, F|100/100
|switch|p2a: Deoxys|Deoxys-Speed|100/100
|-ability|p2a: Deoxys|Pressure
|-weather|Sandstorm|[from] ability: Sand Stream|[of] p1a: Tytar
|turn|1
|
|t:|1779887644
|switch|p1a: Hatty|Hatterene, F|100/100
|move|p2a: Deoxys|Superpower|p1a: Hatty
|-resisted|p1a: Hatty
|-damage|p1a: Hatty|91/100
|-unboost|p2a: Deoxys|atk|1
|-unboost|p2a: Deoxys|def|1
|
|-weather|Sandstorm|[upkeep]
|-damage|p2a: Deoxys|94/100|[from] Sandstorm
|-damage|p1a: Hatty|85/100|[from] Sandstorm
|upkeep
|turn|2
|
|t:|1779887655
|move|p2a: Deoxys|Knock Off|p1a: Hatty
|-damage|p1a: Hatty|63/100
|-enditem|p1a: Hatty|Life Orb|[from] move: Knock Off|[of] p2a: Deoxys
|move|p1a: Hatty|Gravity|p1a: Hatty
|-fieldstart|move: Gravity
|
|-weather|Sandstorm|[upkeep]
|-damage|p2a: Deoxys|88/100|[from] Sandstorm
|-damage|p1a: Hatty|57/100|[from] Sandstorm
|upkeep
|turn|3
|
|t:|1779887669
|switch|p2a: Krookodile|Krookodile, M|100/100
|move|p1a: Hatty|Dazzling Gleam|p2a: Krookodile
|-supereffective|p2a: Krookodile
|-damage|p2a: Krookodile|0 fnt
|faint|p2a: Krookodile
|
|-weather|Sandstorm|[upkeep]
|-damage|p1a: Hatty|51/100|[from] Sandstorm
|upkeep
|
|t:|1779887678
|switch|p2a: Feraligatr|Feraligatr, M|100/100
|turn|4
|
|t:|1779887683
|move|p2a: Feraligatr|Dragon Dance|p2a: Feraligatr
|-boost|p2a: Feraligatr|atk|1
|-boost|p2a: Feraligatr|spe|1
|move|p1a: Hatty|Dazzling Gleam|p2a: Feraligatr
|-damage|p2a: Feraligatr|41/100
|
|-weather|Sandstorm|[upkeep]
|-damage|p2a: Feraligatr|35/100|[from] Sandstorm
|-damage|p1a: Hatty|45/100|[from] Sandstorm
|upkeep
|turn|5
|
|t:|1779887693
|move|p2a: Feraligatr|Liquidation|p1a: Hatty
|-damage|p1a: Hatty|0 fnt
|faint|p1a: Hatty
|
|-weather|Sandstorm|[upkeep]
|-damage|p2a: Feraligatr|29/100|[from] Sandstorm
|upkeep
|
|t:|1779887701
|switch|p1a: Exca|Excadrill, M|100/100
|turn|6
|
|t:|1779887706
|-terastallize|p1a: Exca|Ground
|move|p1a: Exca|Earthquake|p2a: Feraligatr
|-damage|p2a: Feraligatr|0 fnt
|faint|p2a: Feraligatr
|
|-weather|Sandstorm|[upkeep]
|-fieldend|move: Gravity
|upkeep
|
|t:|1779887712
|switch|p2a: Deoxys|Deoxys-Speed|88/100
|-ability|p2a: Deoxys|Pressure
|turn|7
|
|t:|1779887715
|move|p1a: Exca|Earthquake|p2a: Deoxys
|-damage|p2a: Deoxys|0 fnt
|faint|p2a: Deoxys
|
|-weather|Sandstorm|[upkeep]
|upkeep
|
|t:|1779887719
|switch|p2a: Garchomp|Garchomp, M|100/100
|turn|8
|
|t:|1779887724
|move|p1a: Exca|Earthquake|p2a: Garchomp
|-damage|p2a: Garchomp|22/100
|move|p2a: Garchomp|Dragon Tail|p1a: Exca
|-damage|p1a: Exca|61/100
|drag|p1a: Drapult|Dragapult, M|100/100
|
|-weather|none
|upkeep
|turn|9
|
|t:|1779887739
|move|p1a: Drapult|Reflect|p1a: Drapult
|-sidestart|p1: JoaMidgard|Reflect
|move|p2a: Garchomp|Dragon Tail|p1a: Drapult
|-supereffective|p1a: Drapult
|-damage|p1a: Drapult|70/100
|drag|p1a: Lando|Landorus-Therian, M|100/100
|-ability|p1a: Lando|Intimidate|boost
|-unboost|p2a: Garchomp|atk|1
|
|upkeep
|turn|10
|
|t:|1779887748
|move|p1a: Lando|Gravity|p1a: Lando
|-fieldstart|move: Gravity
|move|p2a: Garchomp|Stealth Rock|p1a: Lando
|-sidestart|p1: JoaMidgard|move: Stealth Rock
|
|upkeep
|turn|11
|
|t:|1779887755
|move|p1a: Lando|Sandstorm|p1a: Lando
|-weather|Sandstorm
|move|p2a: Garchomp|Spikes|p1a: Lando
|-sidestart|p1: JoaMidgard|Spikes
|
|-weather|Sandstorm|[upkeep]
|upkeep
|turn|12
|
|t:|1779887763
|move|p1a: Lando|Bulldoze|p2a: Garchomp
|-damage|p2a: Garchomp|2/100
|-unboost|p2a: Garchomp|spe|1
|move|p2a: Garchomp|Spikes|p1a: Lando
|-sidestart|p1: JoaMidgard|Spikes
|
|-weather|Sandstorm|[upkeep]
|upkeep
|turn|13
|
|t:|1779887771
|move|p1a: Lando|Bulldoze|p2a: Garchomp
|-damage|p2a: Garchomp|0 fnt
|faint|p2a: Garchomp
|
|-weather|Sandstorm|[upkeep]
|upkeep
|
|t:|1779887778
|switch|p2a: Ceruledge|Ceruledge, M, shiny|100/100
|turn|14
|
|t:|1779887798
|-terastallize|p2a: Ceruledge|Grass
|move|p1a: Lando|Weather Ball|p2a: Ceruledge
|-damage|p2a: Ceruledge|73/100
|move|p2a: Ceruledge|Swords Dance|p2a: Ceruledge
|-boost|p2a: Ceruledge|atk|2
|
|-weather|Sandstorm|[upkeep]
|-damage|p2a: Ceruledge|67/100|[from] Sandstorm
|-fieldend|move: Gravity
|upkeep
|turn|15
|
|t:|1779887809
|move|p1a: Lando|Bulldoze|p2a: Ceruledge
|-resisted|p2a: Ceruledge
|-damage|p2a: Ceruledge|43/100
|-unboost|p2a: Ceruledge|spe|1
|-ability|p2a: Ceruledge|Weak Armor|boost
|-unboost|p2a: Ceruledge|def|1
|-boost|p2a: Ceruledge|spe|2
|move|p2a: Ceruledge|Bitter Blade|p1a: Lando
|-crit|p1a: Lando
|-damage|p1a: Lando|0 fnt
|-heal|p2a: Ceruledge|98/100|[from] drain|[of] p1a: Lando
|faint|p1a: Lando
|
|-weather|none
|upkeep
|
|t:|1779887828
|switch|p1a: Tytar|Tyranitar, F|100/100
|-damage|p1a: Tytar|88/100|[from] Stealth Rock
|-damage|p1a: Tytar|72/100|[from] Spikes
|-weather|Sandstorm|[from] ability: Sand Stream|[of] p1a: Tytar
|turn|16
|
|t:|1779887839
|move|p2a: Ceruledge|Close Combat|p1a: Tytar
|-supereffective|p1a: Tytar
|-damage|p1a: Tytar|0 fnt
|-unboost|p2a: Ceruledge|def|1
|-unboost|p2a: Ceruledge|spd|1
|faint|p1a: Tytar
|
|-weather|Sandstorm|[upkeep]
|-damage|p2a: Ceruledge|92/100|[from] Sandstorm
|-sideend|p1: JoaMidgard|Reflect
|upkeep
|
|t:|1779887845
|switch|p1a: Exca|Excadrill, M, tera:Ground|61/100
|-damage|p1a: Exca|55/100|[from] Stealth Rock
|-damage|p1a: Exca|39/100|[from] Spikes
|turn|17
|
|t:|1779887853
|move|p2a: Ceruledge|Shadow Sneak|p1a: Exca
|-damage|p1a: Exca|0 fnt
|faint|p1a: Exca
|
|-weather|Sandstorm|[upkeep]
|-damage|p2a: Ceruledge|86/100|[from] Sandstorm
|upkeep
|
|t:|1779887865
|switch|p1a: Drapult|Dragapult, M|70/100
|-damage|p1a: Drapult|57/100|[from] Stealth Rock
|-damage|p1a: Drapult|41/100|[from] Spikes
|turn|18
|
|t:|1779887873
|move|p2a: Ceruledge|Shadow Sneak|p1a: Drapult
|-supereffective|p1a: Drapult
|-damage|p1a: Drapult|0 fnt
|faint|p1a: Drapult
|
|-weather|Sandstorm|[upkeep]
|-damage|p2a: Ceruledge|80/100|[from] Sandstorm
|upkeep
|
|t:|1779887876
|switch|p1a: Ogerpon|Ogerpon-Wellspring, F|100/100
|-damage|p1a: Ogerpon|88/100|[from] Stealth Rock
|-damage|p1a: Ogerpon|72/100|[from] Spikes
|turn|19
|
|t:|1779887898
|move|p2a: Ceruledge|Bitter Blade|p1a: Ogerpon
|-damage|p1a: Ogerpon|0 fnt
|-heal|p2a: Ceruledge|100/100|[from] drain|[of] p1a: Ogerpon
|faint|p1a: Ogerpon
|
|win|Teamrocketty
|raw|JoaMidgard's rating: 1171 &rarr; <strong>1145</strong><br />(-26 for losing)
|raw|Teamrocketty's rating: 1155 &rarr; <strong>1181</strong><br />(+26 for winning)
|l|☆Teamrocketty
|player|p2|
|c|☆JoaMidgard|Ggwp
|l|☆JoaMidgard
|player|p1|
