|j|☆Bugueado Man
|j|☆teachmestuffimnew
|t:|1779825886
|gametype|singles
|player|p1|Bugueado Man|brycenman|1277
|player|p2|teachmestuffimnew|rocketgruntf|1302
|gen|9
|tier|[Gen 9] OU
|rated|
|rule|HP Percentage Mod: HP is shown in percentages
|rule|Endless Battle Clause: Forcing endless battles is banned
|rule|Species Clause: Limit one of each Pokémon
|rule|OHKO Clause: OHKO moves are banned
|rule|Evasion Items Clause: Evasion items are banned
|rule|Evasion Moves Clause: Evasion moves are banned
|rule|Evasion Abilities Clause: Evasion abilities are banned
|rule|Sleep Moves Clause: Sleep-inducing moves are banned
|clearpoke
|poke|p1|Dragonite, M|
|poke|p1|Dragapult, M|
|poke|p1|Landorus-Therian, M|
|poke|p1|Iron Valiant|
|poke|p1|Great Tusk|
|poke|p1|Alomomola, M|
|poke|p2|Espeon, F|
|poke|p2|Torkoal, M|
|poke|p2|Lilligant-Hisui, F|
|poke|p2|Landorus-Therian, M|
|poke|p2|Jolteon, M|
|poke|p2|Hitmonlee, M|
|teampreview
|inactive|Battle timer is ON: inactive players will automatically lose when time's up. (requested by teachmestuffimnew)
|
|t:|1779825903
|teamsize|p1|6
|teamsize|p2|6
|start
|switch|p1a: Therianagi|Landorus-Therian, M, shiny|100/100
|switch|p2a: Torkoal|Torkoal, M|100/100
|-ability|p1a: Therianagi|Intimidate|boost
|-unboost|p2a: Torkoal|atk|1
|-weather|SunnyDay|[from] ability: Drought|[of] p2a: Torkoal
|turn|1
|
|t:|1779825916
|switch|p2a: Espeon|Espeon, F, shiny|100/100
|move|p1a: Therianagi|Stealth Rock|p2a: Espeon
|move|p2a: Espeon|Stealth Rock|p1a: Therianagi|[from] ability: Magic Bounce
|-sidestart|p1: Bugueado Man|move: Stealth Rock
|
|-weather|SunnyDay|[upkeep]
|upkeep
|turn|2
|
|t:|1779825926
|move|p2a: Espeon|Reflect|p2a: Espeon
|-sidestart|p2: teachmestuffimnew|Reflect
|move|p1a: Therianagi|U-turn|p2a: Espeon
|-supereffective|p2a: Espeon
|-damage|p2a: Espeon|52/100
|
|t:|1779825932
|switch|p1a: Manny On Steroids|Great Tusk, shiny|100/100|[from] U-turn
|-activate|p1a: Manny On Steroids|ability: Protosynthesis
|-start|p1a: Manny On Steroids|protosynthesisatk
|
|-weather|SunnyDay|[upkeep]
|upkeep
|turn|3
|
|t:|1779825941
|move|p2a: Espeon|Psychic|p1a: Manny On Steroids
|-supereffective|p1a: Manny On Steroids
|-damage|p1a: Manny On Steroids|0 fnt
|faint|p1a: Manny On Steroids
|-end|p1a: Manny On Steroids|Protosynthesis|[silent]
|
|-weather|SunnyDay|[upkeep]
|upkeep
|
|t:|1779825956
|switch|p1a: Bestie|Dragonite, M, shiny|100/100
|-damage|p1a: Bestie|76/100|[from] Stealth Rock
|turn|4
|
|t:|1779825961
|switch|p2a: Lilligant|Lilligant-Hisui, F|100/100
|-terastallize|p1a: Bestie|Normal
|move|p1a: Bestie|Extreme Speed|p2a: Lilligant
|-damage|p2a: Lilligant|49/100
|
|-weather|SunnyDay|[upkeep]
|upkeep
|turn|5
|
|t:|1779825973
|switch|p2a: Landorus|Landorus-Therian, M|100/100
|-ability|p2a: Landorus|Intimidate|boost
|-unboost|p1a: Bestie|atk|1
|move|p1a: Bestie|Extreme Speed|p2a: Landorus
|-damage|p2a: Landorus|74/100
|-damage|p1a: Bestie|59/100|[from] item: Rocky Helmet|[of] p2a: Landorus
|
|-weather|SunnyDay|[upkeep]
|upkeep
|turn|6
|
|t:|1779825984
|switch|p1a: Therianagi|Landorus-Therian, M, shiny|100/100
|-damage|p1a: Therianagi|88/100|[from] Stealth Rock
|-ability|p1a: Therianagi|Intimidate|boost
|-unboost|p2a: Landorus|atk|1
|move|p2a: Landorus|Earthquake|p1a: Therianagi
|-immune|p1a: Therianagi
|
|-weather|SunnyDay|[upkeep]
|upkeep
|turn|7
|
|t:|1779826001
|move|p2a: Landorus|U-turn|p1a: Therianagi
|-resisted|p1a: Therianagi
|-damage|p1a: Therianagi|78/100
|-damage|p2a: Landorus|58/100|[from] item: Rocky Helmet|[of] p1a: Therianagi
|
|t:|1779826008
|switch|p2a: Espeon|Espeon, F, shiny|52/100|[from] U-turn
|move|p1a: Therianagi|Stone Edge|p2a: Espeon|[miss]
|-miss|p1a: Therianagi|p2a: Espeon
|
|-weather|SunnyDay|[upkeep]
|upkeep
|turn|8
|
|t:|1779826019
|move|p2a: Espeon|Light Screen|p2a: Espeon
|-sidestart|p2: teachmestuffimnew|move: Light Screen
|move|p1a: Therianagi|U-turn|p2a: Espeon
|-supereffective|p2a: Espeon
|-damage|p2a: Espeon|6/100
|
|t:|1779826029
|switch|p1a: Cooler Luvdisc|Alomomola, M, shiny|100/100|[from] U-turn
|
|-weather|none
|upkeep
|turn|9
|
|t:|1779826036
|switch|p2a: Torkoal|Torkoal, M|100/100
|-weather|SunnyDay|[from] ability: Drought|[of] p2a: Torkoal
|move|p1a: Cooler Luvdisc|Wish|p1a: Cooler Luvdisc
|
|-weather|SunnyDay|[upkeep]
|-sideend|p2: teachmestuffimnew|Reflect
|upkeep
|turn|10
|
|t:|1779826045
|switch|p2a: Jolteon|Jolteon, M, shiny|100/100
|move|p1a: Cooler Luvdisc|Flip Turn|p2a: Jolteon
|-damage|p2a: Jolteon|85/100
|
|t:|1779826050
|switch|p1a: Bestie|Dragonite, M, shiny, tera:Normal|59/100|[from] Flip Turn
|-damage|p1a: Bestie|47/100|[from] Stealth Rock
|
|-weather|SunnyDay|[upkeep]
|-heal|p1a: Bestie|100/100|[from] move: Wish|[wisher] Cooler Luvdisc
|upkeep
|turn|11
|
|t:|1779826059
|-terastallize|p2a: Jolteon|Ghost
|move|p1a: Bestie|Extreme Speed|p2a: Jolteon
|-immune|p2a: Jolteon
|move|p2a: Jolteon|Thunderbolt|p1a: Bestie
|-damage|p1a: Bestie|73/100
|-status|p1a: Bestie|par
|
|-weather|SunnyDay|[upkeep]
|upkeep
|turn|12
|
|t:|1779826071
|switch|p1a: Therianagi|Landorus-Therian, M, shiny|78/100
|-damage|p1a: Therianagi|66/100|[from] Stealth Rock
|-ability|p1a: Therianagi|Intimidate|boost
|-unboost|p2a: Jolteon|atk|1
|move|p2a: Jolteon|Thunderbolt|p1a: Therianagi
|-immune|p1a: Therianagi
|
|-weather|SunnyDay|[upkeep]
|upkeep
|turn|13
|
|t:|1779826093
|switch|p2a: Lilligant|Lilligant-Hisui, F|49/100
|move|p1a: Therianagi|Stone Edge|p2a: Lilligant
|-resisted|p2a: Lilligant
|-damage|p2a: Lilligant|21/100
|
|-weather|SunnyDay|[upkeep]
|upkeep
|turn|14
|
|t:|1779826103
|move|p2a: Lilligant|Solar Blade||[still]
|-prepare|p2a: Lilligant|Solar Blade
|-anim|p2a: Lilligant|Solar Blade|p1a: Therianagi
|-damage|p1a: Therianagi|0 fnt
|-damage|p2a: Lilligant|5/100|[from] item: Rocky Helmet|[of] p1a: Therianagi
|faint|p1a: Therianagi
|
|-weather|SunnyDay|[upkeep]
|upkeep
|
|t:|1779826112
|switch|p1a: Bombardiro|Dragapult, M, shiny|100/100
|-damage|p1a: Bombardiro|88/100|[from] Stealth Rock
|turn|15
|
|t:|1779826123
|switch|p2a: Espeon|Espeon, F, shiny|6/100
|move|p1a: Bombardiro|Shadow Ball|p2a: Espeon
|-supereffective|p2a: Espeon
|-damage|p2a: Espeon|0 fnt
|faint|p2a: Espeon
|
|-weather|SunnyDay|[upkeep]
|-sideend|p2: teachmestuffimnew|move: Light Screen
|upkeep
|
|t:|1779826131
|switch|p2a: Lilligant|Lilligant-Hisui, F|5/100
|turn|16
|
|t:|1779826135
|move|p2a: Lilligant|Triple Axel|p1a: Bombardiro
|-supereffective|p1a: Bombardiro
|-damage|p1a: Bombardiro|59/100
|-supereffective|p1a: Bombardiro
|-damage|p1a: Bombardiro|0 fnt
|faint|p1a: Bombardiro
|-hitcount|p1: Bombardiro|2
|
|-weather|none
|upkeep
|
|t:|1779826147
|switch|p1a: T-1000|Iron Valiant, shiny|100/100
|-damage|p1a: T-1000|94/100|[from] Stealth Rock
|-enditem|p1a: T-1000|Booster Energy
|-activate|p1a: T-1000|ability: Quark Drive|[fromitem]
|-start|p1a: T-1000|quarkdrivespe
|turn|17
|
|t:|1779826158
|switch|p2a: Torkoal|Torkoal, M|100/100
|-weather|SunnyDay|[from] ability: Drought|[of] p2a: Torkoal
|move|p1a: T-1000|Close Combat|p2a: Torkoal
|-damage|p2a: Torkoal|68/100
|-unboost|p1a: T-1000|def|1
|-unboost|p1a: T-1000|spd|1
|
|-weather|SunnyDay|[upkeep]
|upkeep
|turn|18
|-message|Bugueado Man forfeited.
|
|win|teachmestuffimnew
|raw|Bugueado Man's rating: 1277 &rarr; <strong>1254</strong><br />(-23 for losing)
|raw|teachmestuffimnew's rating: 1302 &rarr; <strong>1321</strong><br />(+19 for winning)
|l|☆Bugueado Man
|player|p1|
