|j|☆p$ychopath
|j|☆UltraBallzz
|t:|1779819830
|gametype|singles
|player|p1|p$ychopath|psychic-lgpe|1668
|player|p2|UltraBallzz|#splxbigs|1643
|gen|9
|tier|[Gen 9] OU
|rated|
|rule|HP Percentage Mod: HP is shown in percentages
|rule|Endless Battle Clause: Forcing endless battles is banned
|rule|Species Clause: Limit one of each Pokémon
|rule|OHKO Clause: OHKO moves are banned
|rule|Evasion Items Clause: Evasion items are banned
|rule|Evasion Moves Clause: Evasion moves are banned
|rule|Evasion Abilities Clause: Evasion abilities are banned
|rule|Sleep Moves Clause: Sleep-inducing moves are banned
|clearpoke
|poke|p1|Iron Jugulis|
|poke|p1|Iron Valiant|
|poke|p1|Iron Moth|
|poke|p1|Great Tusk|
|poke|p1|Scizor, M|
|poke|p1|Samurott-Hisui, F|
|poke|p2|Pecharunt|
|poke|p2|Alomomola, F|
|poke|p2|Ting-Lu|
|poke|p2|Cinderace, F|
|poke|p2|Zapdos|
|poke|p2|Ogerpon, F|
|teampreview
|inactive|Battle timer is ON: inactive players will automatically lose when time's up. (requested by p$ychopath)
|
|t:|1779819852
|teamsize|p1|6
|teamsize|p2|6
|start
|switch|p1a: Iron Jugulis|Iron Jugulis|100/100
|switch|p2a: Alomomola|Alomomola, F|100/100
|-enditem|p1a: Iron Jugulis|Booster Energy
|-activate|p1a: Iron Jugulis|ability: Quark Drive|[fromitem]
|-start|p1a: Iron Jugulis|quarkdrivespe
|turn|1
|
|t:|1779819856
|move|p1a: Iron Jugulis|Dark Pulse|p2a: Alomomola
|-damage|p2a: Alomomola|81/100
|move|p2a: Alomomola|Play Rough|p1a: Iron Jugulis|[miss]
|-miss|p2a: Alomomola|p1a: Iron Jugulis
|
|upkeep
|turn|2
|
|t:|1779819863
|move|p1a: Iron Jugulis|Dark Pulse|p2a: Alomomola
|-damage|p2a: Alomomola|60/100
|move|p2a: Alomomola|Play Rough|p1a: Iron Jugulis
|-supereffective|p1a: Iron Jugulis
|-damage|p1a: Iron Jugulis|64/100
|
|upkeep
|turn|3
|
|t:|1779819869
|move|p1a: Iron Jugulis|Dark Pulse|p2a: Alomomola
|-crit|p2a: Alomomola
|-damage|p2a: Alomomola|32/100
|move|p2a: Alomomola|Mirror Coat|p1a: Iron Jugulis
|-immune|p1a: Iron Jugulis
|
|upkeep
|turn|4
|
|t:|1779819877
|move|p1a: Iron Jugulis|Hurricane|p2a: Alomomola
|-damage|p2a: Alomomola|7/100
|move|p2a: Alomomola|Mirror Coat|p1a: Iron Jugulis
|-immune|p1a: Iron Jugulis
|
|upkeep
|turn|5
|j| FaronAan
|
|t:|1779819885
|switch|p2a: Ting-Lu|Ting-Lu|100/100
|-ability|p2a: Ting-Lu|Vessel of Ruin
|move|p1a: Iron Jugulis|Hydro Pump|p2a: Ting-Lu|[miss]
|-miss|p1a: Iron Jugulis|p2a: Ting-Lu
|
|upkeep
|turn|6
|
|t:|1779819889
|switch|p2a: Alomomola|Alomomola, F|41/100
|move|p1a: Iron Jugulis|Taunt|p2a: Alomomola
|-start|p2a: Alomomola|move: Taunt
|
|upkeep
|turn|7
|
|t:|1779819891
|switch|p2a: Ting-Lu|Ting-Lu|100/100
|-ability|p2a: Ting-Lu|Vessel of Ruin
|move|p1a: Iron Jugulis|Dark Pulse|p2a: Ting-Lu
|-resisted|p2a: Ting-Lu
|-damage|p2a: Ting-Lu|92/100
|
|-heal|p2a: Ting-Lu|98/100|[from] item: Leftovers
|upkeep
|turn|8
|
|t:|1779819897
|move|p1a: Iron Jugulis|Taunt|p2a: Ting-Lu
|-start|p2a: Ting-Lu|move: Taunt
|move|p2a: Ting-Lu|Ruination|p1a: Iron Jugulis|[miss]
|-miss|p2a: Ting-Lu|p1a: Iron Jugulis
|
|-heal|p2a: Ting-Lu|100/100|[from] item: Leftovers
|upkeep
|turn|9
|l| FaronAan
|
|t:|1779819903
|switch|p2a: Alomomola|Alomomola, F|74/100
|move|p1a: Iron Jugulis|Hurricane|p2a: Alomomola
|-crit|p2a: Alomomola
|-damage|p2a: Alomomola|31/100
|-start|p2a: Alomomola|confusion
|
|upkeep
|turn|10
|
|t:|1779819909
|switch|p2a: Ting-Lu|Ting-Lu|100/100
|-ability|p2a: Ting-Lu|Vessel of Ruin
|move|p1a: Iron Jugulis|Hydro Pump|p2a: Ting-Lu
|-supereffective|p2a: Ting-Lu
|-damage|p2a: Ting-Lu|72/100
|
|-heal|p2a: Ting-Lu|78/100|[from] item: Leftovers
|upkeep
|turn|11
|
|t:|1779819917
|move|p1a: Iron Jugulis|Hurricane|p2a: Ting-Lu|[miss]
|-miss|p1a: Iron Jugulis|p2a: Ting-Lu
|move|p2a: Ting-Lu|Ruination|p1a: Iron Jugulis
|-damage|p1a: Iron Jugulis|32/100
|
|-heal|p2a: Ting-Lu|85/100|[from] item: Leftovers
|upkeep
|turn|12
|
|t:|1779819920
|move|p1a: Iron Jugulis|Taunt|p2a: Ting-Lu
|-start|p2a: Ting-Lu|move: Taunt
|move|p2a: Ting-Lu|Ruination|p1a: Iron Jugulis
|-damage|p1a: Iron Jugulis|17/100
|
|-heal|p2a: Ting-Lu|91/100|[from] item: Leftovers
|upkeep
|turn|13
|
|t:|1779819923
|move|p1a: Iron Jugulis|Hurricane|p2a: Ting-Lu|[miss]
|-miss|p1a: Iron Jugulis|p2a: Ting-Lu
|move|p2a: Ting-Lu|Ruination|p1a: Iron Jugulis
|-damage|p1a: Iron Jugulis|9/100
|
|-heal|p2a: Ting-Lu|97/100|[from] item: Leftovers
|upkeep
|turn|14
|
|t:|1779819926
|switch|p2a: Alomomola|Alomomola, F|64/100
|move|p1a: Iron Jugulis|Hurricane|p2a: Alomomola
|-damage|p2a: Alomomola|35/100
|
|upkeep
|turn|15
|
|t:|1779819932
|move|p1a: Iron Jugulis|Hurricane|p2a: Alomomola|[miss]
|-miss|p1a: Iron Jugulis|p2a: Alomomola
|move|p2a: Alomomola|Flip Turn|p1a: Iron Jugulis
|-damage|p1a: Iron Jugulis|0 fnt
|faint|p1a: Iron Jugulis
|-end|p1a: Iron Jugulis|Quark Drive|[silent]
|
|t:|1779819941
|switch|p2a: Cinderace|Cinderace, F|100/100|[from] Flip Turn
|
|upkeep
|
|t:|1779819960
|switch|p1a: Great Tusk|Great Tusk|100/100
|-enditem|p1a: Great Tusk|Booster Energy
|-activate|p1a: Great Tusk|ability: Protosynthesis|[fromitem]
|-start|p1a: Great Tusk|protosynthesisspe
|turn|16
|
|t:|1779819965
|switch|p2a: Zapdos|Zapdos|100/100
|move|p1a: Great Tusk|Bulk Up|p1a: Great Tusk
|-boost|p1a: Great Tusk|atk|1
|-boost|p1a: Great Tusk|def|1
|
|upkeep
|turn|17
|
|t:|1779819973
|-terastallize|p1a: Great Tusk|Ice
|move|p1a: Great Tusk|Bulk Up|p1a: Great Tusk
|-boost|p1a: Great Tusk|atk|1
|-boost|p1a: Great Tusk|def|1
|move|p2a: Zapdos|Hurricane|p1a: Great Tusk
|-damage|p1a: Great Tusk|41/100
|-start|p1a: Great Tusk|confusion
|
|upkeep
|turn|18
|
|t:|1779819984
|-terastallize|p2a: Zapdos|Steel
|-activate|p1a: Great Tusk|confusion
|-damage|p1a: Great Tusk|33/100|[from] confusion
|move|p2a: Zapdos|Volt Switch|p1a: Great Tusk
|-damage|p1a: Great Tusk|0 fnt
|faint|p1a: Great Tusk
|-end|p1a: Great Tusk|Protosynthesis|[silent]
|
|t:|1779819994
|switch|p2a: Alomomola|Alomomola, F|68/100|[from] Volt Switch
|
|upkeep
|
|t:|1779819997
|switch|p1a: Samurott|Samurott-Hisui, F|100/100
|turn|19
|
|t:|1779820000
|move|p1a: Samurott|Swords Dance|p1a: Samurott
|-boost|p1a: Samurott|atk|2
|move|p2a: Alomomola|Flip Turn|p1a: Samurott
|-resisted|p1a: Samurott
|-damage|p1a: Samurott|89/100
|
|t:|1779820010
|switch|p2a: Cinderace|Cinderace, F|100/100|[from] Flip Turn
|
|upkeep
|turn|20
|
|t:|1779820032
|move|p1a: Samurott|Sucker Punch||[still]
|-fail|p1a: Samurott
|move|p2a: Cinderace|Will-O-Wisp|p1a: Samurott
|-status|p1a: Samurott|brn
|
|-damage|p1a: Samurott|83/100 brn|[from] brn
|upkeep
|turn|21
|-message|p$ychopath forfeited.
|
|win|UltraBallzz
|raw|p$ychopath's rating: 1668 &rarr; <strong>1647</strong><br />(-21 for losing)
|raw|UltraBallzz's rating: 1643 &rarr; <strong>1664</strong><br />(+21 for winning)
|l|☆p$ychopath
|player|p1|
|l|☆UltraBallzz
|player|p2|
