|j|☆chill durr buddy
|j|☆Harshweather
|t:|1779957113
|gametype|singles
|player|p1|chill durr buddy|clown|1056
|player|p2|Harshweather|102|1095
|gen|9
|tier|[Gen 9] OU
|rated|
|rule|HP Percentage Mod: HP is shown in percentages
|rule|Endless Battle Clause: Forcing endless battles is banned
|rule|Species Clause: Limit one of each Pokémon
|rule|OHKO Clause: OHKO moves are banned
|rule|Evasion Items Clause: Evasion items are banned
|rule|Evasion Moves Clause: Evasion moves are banned
|rule|Evasion Abilities Clause: Evasion abilities are banned
|rule|Sleep Moves Clause: Sleep-inducing moves are banned
|clearpoke
|poke|p1|Lokix, M|
|poke|p1|Scizor, M|
|poke|p1|Slither Wing|
|poke|p1|Frosmoth, M|
|poke|p1|Spidops, F|
|poke|p1|Araquanid, F|
|poke|p2|Zangoose, F|
|poke|p2|Iron Moth|
|poke|p2|Ninetales-Alola, M|
|poke|p2|Dragapult, M|
|poke|p2|Vikavolt, F|
|poke|p2|Salamence, M|
|teampreview
|l|☆Harshweather
|player|p2|
|inactive|Battle timer is ON: inactive players will automatically lose when time's up. (requested by chill durr buddy)
|j|☆Harshweather
|inactive|Harshweather reconnected and has 150 seconds left.
|player|p2|Harshweather|102|
|inactive|Harshweather has 120 seconds left.
|
|t:|1779957155
|teamsize|p1|6
|teamsize|p2|6
|start
|switch|p1a: Carl|Spidops, F|100/100
|switch|p2a: Victim 2|Vikavolt, F|100/100
|turn|1
|
|t:|1779957161
|move|p2a: Victim 2|Sticky Web|p1a: Carl
|-sidestart|p1: chill durr buddy|move: Sticky Web
|move|p1a: Carl|Sticky Web|p2a: Victim 2
|-sidestart|p2: Harshweather|move: Sticky Web
|
|upkeep
|turn|2
|
|t:|1779957167
|move|p2a: Victim 2|Volt Switch|p1a: Carl
|-damage|p1a: Carl|50/100
|
|t:|1779957179
|switch|p2a: molester|Zangoose, F|100/100|[from] Volt Switch
|-activate|p2a: molester|move: Sticky Web
|-unboost|p2a: molester|spe|1
|move|p1a: Carl|Circle Throw|p2a: molester
|-supereffective|p2a: molester
|-damage|p2a: molester|25/100
|drag|p2a: Victim 2|Vikavolt, F|100/100
|
|-heal|p1a: Carl|56/100|[from] item: Leftovers
|upkeep
|turn|3
|
|t:|1779957190
|move|p2a: Victim 2|Volt Switch|p1a: Carl
|-damage|p1a: Carl|10/100
|
|t:|1779957200
|switch|p2a: Salamence|Salamence, M|100/100|[from] Volt Switch
|move|p1a: Carl|Spikes|p2a: Salamence
|-sidestart|p2: Harshweather|Spikes
|
|-heal|p1a: Carl|17/100|[from] item: Leftovers
|upkeep
|turn|4
|
|t:|1779957206
|move|p2a: Salamence|Fly||[still]
|-prepare|p2a: Salamence|Fly
|move|p1a: Carl|U-turn|p2a: Salamence|[miss]
|-miss|p1a: Carl|p2a: Salamence
|
|-heal|p1a: Carl|23/100|[from] item: Leftovers
|upkeep
|turn|5
|
|t:|1779957214
|switch|p1a: Snip Snip|Scizor, M|100/100
|-activate|p1a: Snip Snip|move: Sticky Web
|-unboost|p1a: Snip Snip|spe|1
|move|p2a: Salamence|Fly|p1a: Snip Snip|[from] lockedmove
|-damage|p1a: Snip Snip|52/100
|
|upkeep
|turn|6
|
|t:|1779957232
|move|p2a: Salamence|Earthquake|p1a: Snip Snip
|-damage|p1a: Snip Snip|13/100
|move|p1a: Snip Snip|Bug Bite|p2a: Salamence
|-resisted|p2a: Salamence
|-damage|p2a: Salamence|71/100
|
|upkeep
|turn|7
|
|t:|1779957240
|move|p2a: Salamence|Earthquake|p1a: Snip Snip
|-damage|p1a: Snip Snip|0 fnt
|faint|p1a: Snip Snip
|-ability|p2a: Salamence|Moxie|boost
|-boost|p2a: Salamence|atk|1
|
|upkeep
|
|t:|1779957247
|switch|p1a: Flap Flap|Frosmoth, M|100/100
|turn|8
|
|t:|1779957252
|move|p2a: Salamence|Fly||[still]
|-prepare|p2a: Salamence|Fly
|move|p1a: Flap Flap|Ice Beam|p2a: Salamence|[miss]
|-miss|p1a: Flap Flap|p2a: Salamence
|
|upkeep
|turn|9
|
|t:|1779957259
|-terastallize|p1a: Flap Flap|Water
|move|p2a: Salamence|Fly|p1a: Flap Flap|[from] lockedmove
|-damage|p1a: Flap Flap|0 fnt
|faint|p1a: Flap Flap
|-ability|p2a: Salamence|Moxie|boost
|-boost|p2a: Salamence|atk|1
|
|upkeep
|
|t:|1779957265
|switch|p1a: Meep Meep|Lokix, M|100/100
|-activate|p1a: Meep Meep|move: Sticky Web
|-unboost|p1a: Meep Meep|spe|1
|turn|10
|
|t:|1779957275
|move|p1a: Meep Meep|Sucker Punch|p2a: Salamence
|-damage|p2a: Salamence|8/100
|move|p2a: Salamence|Fly||[still]
|-prepare|p2a: Salamence|Fly
|
|upkeep
|turn|11
|
|t:|1779957282
|switch|p1a: Carl|Spidops, F|23/100
|-activate|p1a: Carl|move: Sticky Web
|-unboost|p1a: Carl|spe|1
|move|p2a: Salamence|Fly|p1a: Carl|[from] lockedmove
|-supereffective|p1a: Carl
|-damage|p1a: Carl|0 fnt
|faint|p1a: Carl
|-ability|p2a: Salamence|Moxie|boost
|-boost|p2a: Salamence|atk|1
|
|upkeep
|
|t:|1779957291
|switch|p1a: Meep Meep|Lokix, M|100/100
|-activate|p1a: Meep Meep|move: Sticky Web
|-unboost|p1a: Meep Meep|spe|1
|turn|12
|
|t:|1779957296
|move|p1a: Meep Meep|Sucker Punch||[still]
|-fail|p1a: Meep Meep
|move|p2a: Salamence|Dragon Dance|p2a: Salamence
|-boost|p2a: Salamence|atk|1
|-boost|p2a: Salamence|spe|1
|
|upkeep
|turn|13
|
|t:|1779957302
|move|p1a: Meep Meep|Sucker Punch||[still]
|-fail|p1a: Meep Meep
|move|p2a: Salamence|Dragon Dance|p2a: Salamence
|-boost|p2a: Salamence|atk|1
|-boost|p2a: Salamence|spe|1
|
|upkeep
|turn|14
|
|t:|1779957310
|switch|p1a: Glub Glub|Araquanid, F|100/100
|move|p2a: Salamence|Fly||[still]
|-prepare|p2a: Salamence|Fly
|
|upkeep
|turn|15
|c|☆Harshweather|lmfaoooooooo
|
|t:|1779957319
|move|p2a: Salamence|Fly|p1a: Glub Glub|[from] lockedmove
|-supereffective|p1a: Glub Glub
|-damage|p1a: Glub Glub|0 fnt
|faint|p1a: Glub Glub
|-ability|p2a: Salamence|Moxie|boost
|-boost|p2a: Salamence|atk|1
|
|upkeep
|
|t:|1779957325
|switch|p1a: Meep Meep|Lokix, M|100/100
|-activate|p1a: Meep Meep|move: Sticky Web
|-unboost|p1a: Meep Meep|spe|1
|turn|16
|
|t:|1779957329
|move|p1a: Meep Meep|First Impression|p2a: Salamence
|-resisted|p2a: Salamence
|-damage|p2a: Salamence|0 fnt
|faint|p2a: Salamence
|
|upkeep
|
|t:|1779957340
|switch|p2a: Dragapult|Dragapult, M|100/100
|turn|17
|
|t:|1779957345
|switch|p1a: slither slither|Slither Wing|100/100
|-activate|p1a: slither slither|move: Sticky Web
|-unboost|p1a: slither slither|spe|1
|-enditem|p1a: slither slither|Booster Energy
|-activate|p1a: slither slither|ability: Protosynthesis|[fromitem]
|-start|p1a: slither slither|protosynthesisatk
|move|p2a: Dragapult|Will-O-Wisp|p1a: slither slither
|-status|p1a: slither slither|brn
|
|-damage|p1a: slither slither|94/100 brn|[from] brn
|upkeep
|turn|18
|
|t:|1779957357
|move|p2a: Dragapult|Hex|p1a: slither slither
|-damage|p1a: slither slither|36/100 brn
|move|p1a: slither slither|Flame Charge|p2a: Dragapult
|-resisted|p2a: Dragapult
|-damage|p2a: Dragapult|93/100
|-boost|p1a: slither slither|spe|1
|
|-damage|p1a: slither slither|30/100 brn|[from] brn
|upkeep
|turn|19
|c|☆Harshweather|ggs
|
|t:|1779957369
|move|p2a: Dragapult|Hex|p1a: slither slither
|-damage|p1a: slither slither|0 fnt
|faint|p1a: slither slither
|-end|p1a: slither slither|Protosynthesis|[silent]
|
|upkeep
|
|t:|1779957373
|switch|p1a: Meep Meep|Lokix, M|100/100
|-activate|p1a: Meep Meep|move: Sticky Web
|-unboost|p1a: Meep Meep|spe|1
|turn|20
|
|t:|1779957390
|move|p2a: Dragapult|U-turn|p1a: Meep Meep
|-supereffective|p1a: Meep Meep
|-damage|p1a: Meep Meep|41/100
|
|t:|1779957393
|switch|p2a: Ninetales|Ninetales-Alola, M|100/100|[from] U-turn
|-activate|p2a: Ninetales|move: Sticky Web
|-unboost|p2a: Ninetales|spe|1
|-damage|p2a: Ninetales|88/100|[from] Spikes
|-weather|Snowscape|[from] ability: Snow Warning|[of] p2a: Ninetales
|move|p1a: Meep Meep|Knock Off|p2a: Ninetales
|-resisted|p2a: Ninetales
|-damage|p2a: Ninetales|40/100
|-enditem|p2a: Ninetales|Light Clay|[from] move: Knock Off|[of] p1a: Meep Meep
|
|-weather|Snowscape|[upkeep]
|upkeep
|turn|21
|
|t:|1779957404
|move|p2a: Ninetales|Encore|p1a: Meep Meep
|-start|p1a: Meep Meep|Encore
|move|p1a: Meep Meep|Knock Off|p2a: Ninetales
|-resisted|p2a: Ninetales
|-damage|p2a: Ninetales|10/100
|
|-weather|Snowscape|[upkeep]
|upkeep
|turn|22
|
|t:|1779957409
|move|p2a: Ninetales|Disable|p1a: Meep Meep
|-start|p1a: Meep Meep|Disable|Knock Off
|cant|p1a: Meep Meep|Disable|Knock Off
|
|-weather|Snowscape|[upkeep]
|upkeep
|turn|23
|
|t:|1779957415
|move|p2a: Ninetales|Aurora Veil|p2a: Ninetales
|-sidestart|p2: Harshweather|move: Aurora Veil
|-activate|p1a: Meep Meep|move: Struggle
|move|p1a: Meep Meep|Struggle|p2a: Ninetales
|-crit|p2a: Ninetales
|-damage|p2a: Ninetales|0 fnt
|faint|p2a: Ninetales
|-damage|p1a: Meep Meep|16/100|[from] recoil
|
|-weather|Snowscape|[upkeep]
|-end|p1a: Meep Meep|Encore
|upkeep
|-message|chill durr buddy forfeited.
|
|win|Harshweather
|raw|chill durr buddy's rating: 1056 &rarr; <strong>1040</strong><br />(-16 for losing)
|raw|Harshweather's rating: 1095 &rarr; <strong>1118</strong><br />(+23 for winning)
|l|☆chill durr buddy
|player|p1|
|c|☆Harshweather|ggs
|l|☆Harshweather
|player|p2|
