|j|☆monfernep
|j|☆freekaik
|t:|1779953107
|gametype|singles
|player|p1|monfernep|skyla|1365
|player|p2|freekaik|2|1483
|gen|9
|tier|[Gen 9] OU
|rated|
|rule|HP Percentage Mod: HP is shown in percentages
|rule|Endless Battle Clause: Forcing endless battles is banned
|rule|Species Clause: Limit one of each Pokémon
|rule|OHKO Clause: OHKO moves are banned
|rule|Evasion Items Clause: Evasion items are banned
|rule|Evasion Moves Clause: Evasion moves are banned
|rule|Evasion Abilities Clause: Evasion abilities are banned
|rule|Sleep Moves Clause: Sleep-inducing moves are banned
|clearpoke
|poke|p1|Iron Boulder|
|poke|p1|Iron Leaves|
|poke|p1|Keldeo-Resolute|
|poke|p1|Cobalion|
|poke|p1|Virizion|
|poke|p1|Donphan, F|
|poke|p2|Regieleki|
|poke|p2|Zamazenta-*|
|poke|p2|Skarmory, M|
|poke|p2|Primarina, M|
|poke|p2|Pecharunt|
|poke|p2|Ting-Lu|
|teampreview
|inactive|Battle timer is ON: inactive players will automatically lose when time's up. (requested by freekaik)
|
|t:|1779953123
|teamsize|p1|6
|teamsize|p2|6
|start
|switch|p1a: Keldeo|Keldeo-Resolute|100/100
|switch|p2a: Primarina|Primarina, M, shiny|100/100
|turn|1
|
|t:|1779953129
|move|p1a: Keldeo|Flip Turn|p2a: Primarina
|-resisted|p2a: Primarina
|-damage|p2a: Primarina|92/100
|
|t:|1779953134
|switch|p1a: Iron Leaves|Iron Leaves|100/100|[from] Flip Turn
|-enditem|p1a: Iron Leaves|Booster Energy
|-activate|p1a: Iron Leaves|ability: Quark Drive|[fromitem]
|-start|p1a: Iron Leaves|quarkdriveatk
|move|p2a: Primarina|Moonblast|p1a: Iron Leaves
|-damage|p1a: Iron Leaves|54/100
|-unboost|p1a: Iron Leaves|spa|1
|
|upkeep
|turn|2
|
|t:|1779953145
|switch|p2a: Skarmory|Skarmory, M, shiny|100/100
|move|p1a: Iron Leaves|Trailblaze|p2a: Skarmory
|-resisted|p2a: Skarmory
|-damage|p2a: Skarmory|94/100
|-boost|p1a: Iron Leaves|spe|1
|-damage|p1a: Iron Leaves|37/100|[from] item: Rocky Helmet|[of] p2a: Skarmory
|
|upkeep
|turn|3
|
|t:|1779953154
|move|p1a: Iron Leaves|Close Combat|p2a: Skarmory
|-damage|p2a: Skarmory|57/100
|-unboost|p1a: Iron Leaves|def|1
|-unboost|p1a: Iron Leaves|spd|1
|-damage|p1a: Iron Leaves|21/100|[from] item: Rocky Helmet|[of] p2a: Skarmory
|move|p2a: Skarmory|Spikes|p1a: Iron Leaves
|-sidestart|p1: monfernep|Spikes
|
|upkeep
|turn|4
|
|t:|1779953162
|move|p1a: Iron Leaves|Close Combat|p2a: Skarmory
|-damage|p2a: Skarmory|15/100
|-unboost|p1a: Iron Leaves|def|1
|-unboost|p1a: Iron Leaves|spd|1
|-damage|p1a: Iron Leaves|4/100|[from] item: Rocky Helmet|[of] p2a: Skarmory
|move|p2a: Skarmory|Roost|p2a: Skarmory
|-heal|p2a: Skarmory|65/100
|-singleturn|p2a: Skarmory|move: Roost
|
|upkeep
|turn|5
|
|t:|1779953171
|move|p1a: Iron Leaves|Close Combat|p2a: Skarmory
|-damage|p2a: Skarmory|29/100
|-unboost|p1a: Iron Leaves|def|1
|-unboost|p1a: Iron Leaves|spd|1
|-damage|p1a: Iron Leaves|0 fnt|[from] item: Rocky Helmet|[of] p2a: Skarmory
|faint|p1a: Iron Leaves
|-end|p1a: Iron Leaves|Quark Drive|[silent]
|move|p2a: Skarmory|Roost|p2a: Skarmory
|-heal|p2a: Skarmory|79/100
|-singleturn|p2a: Skarmory|move: Roost
|
|upkeep
|
|t:|1779953185
|switch|p1a: Virizion|Virizion|100/100
|-damage|p1a: Virizion|88/100|[from] Spikes
|turn|6
|
|t:|1779953201
|switch|p2a: Pecharunt|Pecharunt|100/100
|move|p1a: Virizion|Taunt|p2a: Pecharunt
|-start|p2a: Pecharunt|move: Taunt
|
|upkeep
|turn|7
|
|t:|1779953208
|switch|p1a: Cobalion|Cobalion|100/100
|-damage|p1a: Cobalion|88/100|[from] Spikes
|move|p2a: Pecharunt|Malignant Chain|p1a: Cobalion
|-immune|p1a: Cobalion
|
|-heal|p1a: Cobalion|94/100|[from] item: Leftovers
|upkeep
|turn|8
|
|t:|1779953218
|switch|p2a: Zamazenta|Zamazenta, shiny|100/100
|-ability|p2a: Zamazenta|Dauntless Shield|boost
|-boost|p2a: Zamazenta|def|1
|move|p1a: Cobalion|Thunder Wave|p2a: Zamazenta
|-status|p2a: Zamazenta|par
|
|-heal|p1a: Cobalion|100/100|[from] item: Leftovers
|upkeep
|turn|9
|
|t:|1779953228
|move|p1a: Cobalion|Iron Defense|p1a: Cobalion
|-boost|p1a: Cobalion|def|2
|move|p2a: Zamazenta|Close Combat|p1a: Cobalion
|-supereffective|p1a: Cobalion
|-damage|p1a: Cobalion|40/100
|-unboost|p2a: Zamazenta|def|1
|-unboost|p2a: Zamazenta|spd|1
|
|-heal|p1a: Cobalion|47/100|[from] item: Leftovers
|upkeep
|turn|10
|
|t:|1779953239
|move|p1a: Cobalion|Body Press|p2a: Zamazenta
|-damage|p2a: Zamazenta|22/100 par
|move|p2a: Zamazenta|Close Combat|p1a: Cobalion
|-supereffective|p1a: Cobalion
|-damage|p1a: Cobalion|0 fnt
|-unboost|p2a: Zamazenta|def|1
|-unboost|p2a: Zamazenta|spd|1
|faint|p1a: Cobalion
|
|upkeep
|
|t:|1779953249
|switch|p1a: Iron Boulder|Iron Boulder|100/100
|-damage|p1a: Iron Boulder|88/100|[from] Spikes
|-enditem|p1a: Iron Boulder|Booster Energy
|-activate|p1a: Iron Boulder|ability: Quark Drive|[fromitem]
|-start|p1a: Iron Boulder|quarkdrivespe
|turn|11
|
|t:|1779953254
|move|p1a: Iron Boulder|Swords Dance|p1a: Iron Boulder
|-boost|p1a: Iron Boulder|atk|2
|move|p2a: Zamazenta|Close Combat|p1a: Iron Boulder
|-damage|p1a: Iron Boulder|0 fnt
|-unboost|p2a: Zamazenta|def|1
|-unboost|p2a: Zamazenta|spd|1
|faint|p1a: Iron Boulder
|-end|p1a: Iron Boulder|Quark Drive|[silent]
|
|upkeep
|
|t:|1779953260
|switch|p1a: Keldeo|Keldeo-Resolute|100/100
|-damage|p1a: Keldeo|88/100|[from] Spikes
|turn|12
|
|t:|1779953265
|move|p1a: Keldeo|Surf|p2a: Zamazenta
|-damage|p2a: Zamazenta|0 fnt
|faint|p2a: Zamazenta
|
|upkeep
|
|t:|1779953269
|switch|p2a: Regieleki|Regieleki, shiny|100/100
|turn|13
|
|t:|1779953278
|switch|p1a: Terrakien|Donphan, F|100/100
|-damage|p1a: Terrakien|88/100|[from] Spikes
|-terastallize|p2a: Regieleki|Normal
|move|p2a: Regieleki|Swift|p1a: Terrakien
|-damage|p1a: Terrakien|60/100
|
|upkeep
|turn|14
|
|t:|1779953295
|switch|p2a: Primarina|Primarina, M, shiny|92/100
|move|p1a: Terrakien|Rapid Spin|p2a: Primarina
|-damage|p2a: Primarina|72/100
|-boost|p1a: Terrakien|spe|1
|-sideend|p1: monfernep|Spikes|[from] move: Rapid Spin|[of] p1a: Terrakien
|
|upkeep
|turn|15
|
|t:|1779953304
|switch|p1a: Virizion|Virizion|88/100
|move|p2a: Primarina|Psychic Noise|p1a: Virizion
|-resisted|p1a: Virizion
|-damage|p1a: Virizion|73/100
|-start|p1a: Virizion|move: Heal Block
|
|upkeep
|turn|16
|
|t:|1779953315
|switch|p2a: Pecharunt|Pecharunt|100/100
|move|p1a: Virizion|Calm Mind|p1a: Virizion
|-boost|p1a: Virizion|spa|1
|-boost|p1a: Virizion|spd|1
|
|-end|p1a: Virizion|move: Heal Block
|upkeep
|turn|17
|
|t:|1779953326
|-terastallize|p1a: Virizion|Rock
|move|p1a: Virizion|Calm Mind|p1a: Virizion
|-boost|p1a: Virizion|spa|1
|-boost|p1a: Virizion|spd|1
|move|p2a: Pecharunt|Malignant Chain|p1a: Virizion
|-resisted|p1a: Virizion
|-damage|p1a: Virizion|67/100
|-status|p1a: Virizion|tox
|-start|p1a: Virizion|confusion|[from] ability: Poison Puppeteer|[of] p2a: Pecharunt
|
|-damage|p1a: Virizion|61/100 tox|[from] psn
|upkeep
|turn|18
|
|t:|1779953338
|-activate|p1a: Virizion|confusion
|move|p1a: Virizion|Giga Drain|p2a: Pecharunt
|-resisted|p2a: Pecharunt
|-crit|p2a: Pecharunt
|-damage|p2a: Pecharunt|35/100
|-heal|p1a: Virizion|93/100 tox|[from] drain|[of] p2a: Pecharunt
|-damage|p1a: Virizion|83/100 tox|[from] item: Life Orb
|move|p2a: Pecharunt|Shadow Ball|p1a: Virizion
|-damage|p1a: Virizion|74/100 tox
|
|-damage|p1a: Virizion|61/100 tox|[from] psn
|upkeep
|turn|19
|
|t:|1779953349
|-activate|p1a: Virizion|confusion
|move|p1a: Virizion|Giga Drain|p2a: Pecharunt
|-resisted|p2a: Pecharunt
|-damage|p2a: Pecharunt|0 fnt
|-heal|p1a: Virizion|78/100 tox|[from] drain|[of] p2a: Pecharunt
|faint|p2a: Pecharunt
|-damage|p1a: Virizion|68/100 tox|[from] item: Life Orb
|
|-damage|p1a: Virizion|50/100 tox|[from] psn
|upkeep
|inactive|freekaik has 120 seconds left.
|
|t:|1779953375
|switch|p2a: Skarmory|Skarmory, M, shiny|79/100
|turn|20
|
|t:|1779953398
|-end|p1a: Virizion|confusion
|move|p1a: Virizion|Aura Sphere|p2a: Skarmory
|-damage|p2a: Skarmory|0 fnt
|faint|p2a: Skarmory
|-damage|p1a: Virizion|40/100 tox|[from] item: Life Orb
|
|-damage|p1a: Virizion|15/100 tox|[from] psn
|upkeep
|
|t:|1779953406
|switch|p2a: Regieleki|Regieleki, shiny, tera:Normal|100/100
|turn|21
|
|t:|1779953414
|switch|p1a: Terrakien|Donphan, F|60/100
|move|p2a: Regieleki|Volt Switch|p1a: Terrakien
|-immune|p1a: Terrakien
|
|upkeep
|turn|22
|
|t:|1779953425
|switch|p2a: Ting-Lu|Ting-Lu, shiny|100/100
|-ability|p2a: Ting-Lu|Vessel of Ruin
|move|p1a: Terrakien|Ice Spinner|p2a: Ting-Lu
|-supereffective|p2a: Ting-Lu
|-damage|p2a: Ting-Lu|70/100
|
|-heal|p2a: Ting-Lu|77/100|[from] item: Leftovers
|upkeep
|turn|23
|
|t:|1779953433
|switch|p1a: Keldeo|Keldeo-Resolute|88/100
|move|p2a: Ting-Lu|Earthquake|p1a: Keldeo
|-damage|p1a: Keldeo|48/100
|
|-heal|p2a: Ting-Lu|83/100|[from] item: Leftovers
|upkeep
|turn|24
|
|t:|1779953442
|switch|p2a: Primarina|Primarina, M, shiny|72/100
|move|p1a: Keldeo|Secret Sword|p2a: Primarina
|-resisted|p2a: Primarina
|-damage|p2a: Primarina|43/100
|
|upkeep
|turn|25
|
|t:|1779953451
|switch|p1a: Terrakien|Donphan, F|60/100
|move|p2a: Primarina|Moonblast|p1a: Terrakien
|-damage|p1a: Terrakien|9/100
|
|upkeep
|turn|26
|
|t:|1779953457
|move|p1a: Terrakien|Ice Shard|p2a: Primarina
|-resisted|p2a: Primarina
|-damage|p2a: Primarina|34/100
|move|p2a: Primarina|Moonblast|p1a: Terrakien
|-damage|p1a: Terrakien|0 fnt
|faint|p1a: Terrakien
|
|upkeep
|
|t:|1779953461
|switch|p1a: Virizion|Virizion, tera:Rock|15/100 tox
|turn|27
|
|t:|1779953465
|move|p1a: Virizion|Giga Drain|p2a: Primarina
|-supereffective|p2a: Primarina
|-damage|p2a: Primarina|0 fnt
|-heal|p1a: Virizion|34/100 tox|[from] drain|[of] p2a: Primarina
|faint|p2a: Primarina
|-damage|p1a: Virizion|24/100 tox|[from] item: Life Orb
|
|-damage|p1a: Virizion|18/100 tox|[from] psn
|upkeep
|
|t:|1779953472
|switch|p2a: Regieleki|Regieleki, shiny, tera:Normal|100/100
|turn|28
|
|t:|1779953475
|move|p2a: Regieleki|Electro Ball|p1a: Virizion
|-damage|p1a: Virizion|0 fnt
|faint|p1a: Virizion
|
|upkeep
|
|t:|1779953478
|switch|p1a: Keldeo|Keldeo-Resolute|48/100
|turn|29
|
|t:|1779953480
|move|p2a: Regieleki|Electro Ball|p1a: Keldeo
|-supereffective|p1a: Keldeo
|-damage|p1a: Keldeo|0 fnt
|faint|p1a: Keldeo
|
|win|freekaik
|raw|monfernep's rating: 1365 &rarr; <strong>1352</strong><br />(-13 for losing)
|raw|freekaik's rating: 1483 &rarr; <strong>1496</strong><br />(+13 for winning)
|l|☆monfernep
|player|p1|
|l|☆freekaik
|player|p2|
