|j|☆claudechamp
|j|☆Menino da Villa
|t:|1779836864
|gametype|singles
|player|p1|claudechamp|265|1300
|player|p2|Menino da Villa|169|1267
|gen|9
|tier|[Gen 9] OU
|rated|
|rule|HP Percentage Mod: HP is shown in percentages
|rule|Endless Battle Clause: Forcing endless battles is banned
|rule|Species Clause: Limit one of each Pokémon
|rule|OHKO Clause: OHKO moves are banned
|rule|Evasion Items Clause: Evasion items are banned
|rule|Evasion Moves Clause: Evasion moves are banned
|rule|Evasion Abilities Clause: Evasion abilities are banned
|rule|Sleep Moves Clause: Sleep-inducing moves are banned
|clearpoke
|poke|p1|Gliscor, F|
|poke|p1|Gholdengo|
|poke|p1|Zamazenta-*|
|poke|p1|Blissey, F|
|poke|p1|Skarmory, F|
|poke|p1|Pecharunt|
|poke|p2|Gliscor, M|
|poke|p2|Kingambit, F|
|poke|p2|Heatran, F|
|poke|p2|Zapdos|
|poke|p2|Alomomola, F|
|poke|p2|Weezing-Galar, F|
|teampreview
|c|☆claudechamp|hf
|inactive|Battle timer is ON: inactive players will automatically lose when time's up. (requested by claudechamp)
|inactive|Menino da Villa also wants the timer to be on.
|
|t:|1779836876
|teamsize|p1|6
|teamsize|p2|6
|start
|switch|p1a: Skarmory|Skarmory, F|100/100
|switch|p2a: Gliscor|Gliscor, M|100/100
|turn|1
|
|t:|1779836891
|switch|p2a: Zapdos|Zapdos|100/100
|-ability|p2a: Zapdos|Pressure
|move|p1a: Skarmory|Spikes|p2a: Zapdos
|-sidestart|p2: Menino da Villa|Spikes
|
|upkeep
|turn|2
|
|t:|1779836904
|switch|p1a: Gliscor|Gliscor, F|100/100
|move|p2a: Zapdos|Discharge|p1a: Gliscor
|-immune|p1a: Gliscor
|
|-status|p1a: Gliscor|tox|[from] item: Toxic Orb
|upkeep
|turn|3
|
|t:|1779836910
|move|p2a: Zapdos|Hurricane|p1a: Gliscor|[miss]
|-miss|p2a: Zapdos|p1a: Gliscor
|move|p1a: Gliscor|Swords Dance|p1a: Gliscor
|-boost|p1a: Gliscor|atk|2
|
|upkeep
|turn|4
|
|t:|1779836915
|move|p2a: Zapdos|Hurricane|p1a: Gliscor
|-damage|p1a: Gliscor|48/100 tox
|move|p1a: Gliscor|Knock Off|p2a: Zapdos
|-damage|p2a: Zapdos|50/100
|-enditem|p2a: Zapdos|Leftovers|[from] move: Knock Off|[of] p1a: Gliscor
|
|-heal|p1a: Gliscor|61/100 tox|[from] ability: Poison Heal
|upkeep
|turn|5
|
|t:|1779836922
|move|p1a: Gliscor|Protect|p1a: Gliscor
|-singleturn|p1a: Gliscor|Protect
|move|p2a: Zapdos|Hurricane|p1a: Gliscor
|-activate|p1a: Gliscor|move: Protect
|
|-heal|p1a: Gliscor|73/100 tox|[from] ability: Poison Heal
|upkeep
|turn|6
|
|t:|1779836925
|-terastallize|p1a: Gliscor|Dark
|move|p2a: Zapdos|Hurricane|p1a: Gliscor
|-damage|p1a: Gliscor|14/100 tox
|move|p1a: Gliscor|Knock Off|p2a: Zapdos
|-crit|p2a: Zapdos
|-damage|p2a: Zapdos|0 fnt
|faint|p2a: Zapdos
|
|-heal|p1a: Gliscor|26/100 tox|[from] ability: Poison Heal
|upkeep
|inactive|Menino da Villa has 120 seconds left.
|
|t:|1779836965
|switch|p2a: Weezing|Weezing-Galar, F|100/100
|turn|7
|
|t:|1779836969
|move|p1a: Gliscor|Knock Off|p2a: Weezing
|-resisted|p2a: Weezing
|-crit|p2a: Weezing
|-damage|p2a: Weezing|52/100
|-enditem|p2a: Weezing|Assault Vest|[from] move: Knock Off|[of] p1a: Gliscor
|move|p2a: Weezing|Dazzling Gleam|p1a: Gliscor
|-supereffective|p1a: Gliscor
|-damage|p1a: Gliscor|0 fnt
|faint|p1a: Gliscor
|
|upkeep
|
|t:|1779836974
|switch|p1a: Blissey|Blissey, F|100/100
|turn|8
|
|t:|1779836989
|move|p2a: Weezing|Dazzling Gleam|p1a: Blissey
|-damage|p1a: Blissey|92/100
|move|p1a: Blissey|Stealth Rock|p2a: Weezing
|-sidestart|p2: Menino da Villa|move: Stealth Rock
|
|upkeep
|turn|9
|inactive|Menino da Villa has 120 seconds left.
|
|t:|1779837008
|switch|p2a: Gliscor|Gliscor, M|100/100
|-damage|p2a: Gliscor|88/100|[from] Stealth Rock
|move|p1a: Blissey|Calm Mind|p1a: Blissey
|-boost|p1a: Blissey|spa|1
|-boost|p1a: Blissey|spd|1
|
|-status|p2a: Gliscor|tox|[from] item: Toxic Orb
|upkeep
|turn|10
|
|t:|1779837014
|move|p2a: Gliscor|Earthquake|p1a: Blissey
|-damage|p1a: Blissey|59/100
|move|p1a: Blissey|Calm Mind|p1a: Blissey
|-boost|p1a: Blissey|spa|1
|-boost|p1a: Blissey|spd|1
|
|-heal|p2a: Gliscor|100/100 tox|[from] ability: Poison Heal
|upkeep
|turn|11
|
|t:|1779837022
|move|p2a: Gliscor|Facade|p1a: Blissey
|-damage|p1a: Blissey|25/100
|move|p1a: Blissey|Soft-Boiled|p1a: Blissey
|-heal|p1a: Blissey|75/100
|
|upkeep
|turn|12
|
|t:|1779837032
|move|p2a: Gliscor|Earthquake|p1a: Blissey
|-damage|p1a: Blissey|39/100
|move|p1a: Blissey|Soft-Boiled|p1a: Blissey
|-heal|p1a: Blissey|89/100
|
|upkeep
|turn|13
|
|t:|1779837037
|move|p2a: Gliscor|Facade|p1a: Blissey
|-damage|p1a: Blissey|55/100
|move|p1a: Blissey|Calm Mind|p1a: Blissey
|-boost|p1a: Blissey|spa|1
|-boost|p1a: Blissey|spd|1
|
|upkeep
|turn|14
|
|t:|1779837047
|move|p2a: Gliscor|Earthquake|p1a: Blissey
|-damage|p1a: Blissey|21/100
|move|p1a: Blissey|Soft-Boiled|p1a: Blissey
|-heal|p1a: Blissey|71/100
|
|upkeep
|turn|15
|
|t:|1779837054
|move|p2a: Gliscor|Toxic|p1a: Blissey
|-status|p1a: Blissey|tox
|move|p1a: Blissey|Soft-Boiled|p1a: Blissey
|-heal|p1a: Blissey|100/100 tox
|
|-damage|p1a: Blissey|94/100 tox|[from] psn
|upkeep
|turn|16
|
|t:|1779837059
|-curestatus|p1a: Blissey|tox|[from] ability: Natural Cure|[silent]
|switch|p1a: Skarmory|Skarmory, F|100/100
|move|p2a: Gliscor|Protect||[still]
|-fail|p2a: Gliscor
|
|upkeep
|turn|17
|
|t:|1779837071
|move|p2a: Gliscor|Facade|p1a: Skarmory
|-resisted|p1a: Skarmory
|-damage|p1a: Skarmory|90/100
|move|p1a: Skarmory|Spikes|p2a: Gliscor
|-sidestart|p2: Menino da Villa|Spikes
|
|upkeep
|turn|18
|
|t:|1779837085
|switch|p2a: Weezing|Weezing-Galar, F|52/100
|-damage|p2a: Weezing|40/100|[from] Stealth Rock
|move|p1a: Skarmory|Spikes|p2a: Weezing
|-sidestart|p2: Menino da Villa|Spikes
|
|upkeep
|turn|19
|
|t:|1779837091
|move|p2a: Weezing|Thunderbolt|p1a: Skarmory
|-supereffective|p1a: Skarmory
|-damage|p1a: Skarmory|38/100
|move|p1a: Skarmory|Whirlwind|p2a: Weezing
|drag|p2a: Alomomola|Alomomola, F|100/100
|-damage|p2a: Alomomola|76/100|[from] Spikes
|-damage|p2a: Alomomola|63/100|[from] Stealth Rock
|
|-heal|p2a: Alomomola|69/100|[from] item: Leftovers
|upkeep
|turn|20
|
|t:|1779837096
|move|p1a: Skarmory|Roost|p1a: Skarmory
|-heal|p1a: Skarmory|88/100
|-singleturn|p1a: Skarmory|move: Roost
|move|p2a: Alomomola|Wish|p2a: Alomomola
|
|-heal|p2a: Alomomola|76/100|[from] item: Leftovers
|upkeep
|turn|21
|
|t:|1779837105
|switch|p1a: Gholdengo|Gholdengo|100/100
|move|p2a: Alomomola|Scald|p1a: Gholdengo
|-damage|p1a: Gholdengo|87/100
|-status|p1a: Gholdengo|brn
|
|-heal|p2a: Alomomola|100/100|[from] move: Wish|[wisher] Alomomola
|-damage|p1a: Gholdengo|81/100 brn|[from] brn
|upkeep
|turn|22
|
|t:|1779837114
|move|p1a: Gholdengo|Nasty Plot|p1a: Gholdengo
|-boost|p1a: Gholdengo|spa|2
|move|p2a: Alomomola|Wish|p2a: Alomomola
|
|-damage|p1a: Gholdengo|75/100 brn|[from] brn
|upkeep
|turn|23
|
|t:|1779837123
|move|p1a: Gholdengo|Recover|p1a: Gholdengo
|-heal|p1a: Gholdengo|100/100 brn
|move|p2a: Alomomola|Scald|p1a: Gholdengo
|-damage|p1a: Gholdengo|87/100 brn
|
|-damage|p1a: Gholdengo|81/100 brn|[from] brn
|upkeep
|turn|24
|
|t:|1779837131
|move|p1a: Gholdengo|Thunder Wave|p2a: Alomomola
|-status|p2a: Alomomola|par
|move|p2a: Alomomola|Wish|p2a: Alomomola
|
|-damage|p1a: Gholdengo|75/100 brn|[from] brn
|upkeep
|turn|25
|
|t:|1779837142
|move|p1a: Gholdengo|Nasty Plot|p1a: Gholdengo
|-boost|p1a: Gholdengo|spa|2
|move|p2a: Alomomola|Scald|p1a: Gholdengo
|-damage|p1a: Gholdengo|62/100 brn
|
|-damage|p1a: Gholdengo|56/100 brn|[from] brn
|upkeep
|turn|26
|l|☆Menino da Villa
|inactive|Menino da Villa disconnected and has a minute to reconnect!
|player|p2|
|j|☆Menino da Villa
|inactive|Menino da Villa reconnected and has 115 seconds left.
|player|p2|Menino da Villa|169|
|
|t:|1779837186
|move|p1a: Gholdengo|Hex|p2a: Alomomola
|-damage|p2a: Alomomola|0 fnt
|faint|p2a: Alomomola
|
|-damage|p1a: Gholdengo|49/100 brn|[from] brn
|upkeep
|
|t:|1779837192
|switch|p2a: Heatran|Heatran, F|100/100
|-damage|p2a: Heatran|88/100|[from] Stealth Rock
|-item|p2a: Heatran|Air Balloon
|turn|27
|
|t:|1779837199
|move|p1a: Gholdengo|Hex|p2a: Heatran
|-damage|p2a: Heatran|11/100
|-enditem|p2a: Heatran|Air Balloon
|move|p2a: Heatran|Flamethrower|p1a: Gholdengo
|-supereffective|p1a: Gholdengo
|-damage|p1a: Gholdengo|0 fnt
|faint|p1a: Gholdengo
|
|upkeep
|
|t:|1779837210
|switch|p1a: Skarmory|Skarmory, F|88/100
|turn|28
|
|t:|1779837220
|switch|p1a: Blissey|Blissey, F|94/100
|move|p2a: Heatran|Flamethrower|p1a: Blissey
|-damage|p1a: Blissey|77/100
|
|upkeep
|turn|29
|
|t:|1779837230
|move|p2a: Heatran|Taunt|p1a: Blissey
|-start|p1a: Blissey|move: Taunt
|cant|p1a: Blissey|move: Taunt|Soft-Boiled
|
|upkeep
|turn|30
|
|t:|1779837241
|move|p2a: Heatran|Will-O-Wisp|p1a: Blissey
|-status|p1a: Blissey|brn
|move|p1a: Blissey|Shadow Ball|p2a: Heatran
|-damage|p2a: Heatran|0 fnt
|faint|p2a: Heatran
|
|-damage|p1a: Blissey|71/100 brn|[from] brn
|upkeep
|
|t:|1779837251
|switch|p2a: Gliscor|Gliscor, M|100/100 tox
|-damage|p2a: Gliscor|88/100 tox|[from] Stealth Rock
|turn|31
|
|t:|1779837258
|-curestatus|p1a: Blissey|brn|[from] ability: Natural Cure|[silent]
|switch|p1a: Skarmory|Skarmory, F|88/100
|move|p2a: Gliscor|Earthquake|p1a: Skarmory
|-immune|p1a: Skarmory
|
|-heal|p2a: Gliscor|100/100 tox|[from] ability: Poison Heal
|upkeep
|turn|32
|
|t:|1779837267
|move|p2a: Gliscor|Facade|p1a: Skarmory
|-resisted|p1a: Skarmory
|-damage|p1a: Skarmory|77/100
|move|p1a: Skarmory|Whirlwind|p2a: Gliscor
|drag|p2a: Kingambit|Kingambit, F|100/100
|-damage|p2a: Kingambit|76/100|[from] Spikes
|-damage|p2a: Kingambit|69/100|[from] Stealth Rock
|-activate|p2a: Kingambit|ability: Supreme Overlord
|-start|p2a: Kingambit|fallen3|[silent]
|
|upkeep
|turn|33
|inactive|Menino da Villa has 120 seconds left.
|
|t:|1779837300
|move|p2a: Kingambit|Kowtow Cleave|p1a: Skarmory
|-damage|p1a: Skarmory|38/100
|move|p1a: Skarmory|Whirlwind|p2a: Kingambit
|-end|p2a: Kingambit|fallen3|[silent]
|drag|p2a: Weezing|Weezing-Galar, F|40/100
|-damage|p2a: Weezing|28/100|[from] Stealth Rock
|
|upkeep
|turn|34
|
|t:|1779837312
|move|p1a: Skarmory|Roost|p1a: Skarmory
|-heal|p1a: Skarmory|88/100
|-singleturn|p1a: Skarmory|move: Roost
|move|p2a: Weezing|Fire Blast|p1a: Skarmory
|-supereffective|p1a: Skarmory
|-damage|p1a: Skarmory|16/100
|
|upkeep
|turn|35
|
|t:|1779837325
|switch|p1a: Blissey|Blissey, F|71/100
|move|p2a: Weezing|Fire Blast|p1a: Blissey
|-damage|p1a: Blissey|64/100
|
|upkeep
|turn|36
|
|t:|1779837332
|move|p2a: Weezing|Sludge Bomb|p1a: Blissey
|-damage|p1a: Blissey|54/100
|move|p1a: Blissey|Soft-Boiled|p1a: Blissey
|-heal|p1a: Blissey|100/100
|
|upkeep
|turn|37
|
|t:|1779837338
|move|p2a: Weezing|Sludge Bomb|p1a: Blissey
|-damage|p1a: Blissey|91/100
|-status|p1a: Blissey|psn
|move|p1a: Blissey|Calm Mind|p1a: Blissey
|-boost|p1a: Blissey|spa|1
|-boost|p1a: Blissey|spd|1
|
|-damage|p1a: Blissey|79/100 psn|[from] psn
|upkeep
|turn|38
|
|t:|1779837347
|move|p2a: Weezing|Sludge Bomb|p1a: Blissey
|-damage|p1a: Blissey|73/100 psn
|move|p1a: Blissey|Soft-Boiled|p1a: Blissey
|-heal|p1a: Blissey|100/100 psn
|
|-damage|p1a: Blissey|88/100 psn|[from] psn
|upkeep
|turn|39
|
|t:|1779837352
|move|p2a: Weezing|Sludge Bomb|p1a: Blissey
|-crit|p1a: Blissey
|-damage|p1a: Blissey|73/100 psn
|move|p1a: Blissey|Shadow Ball|p2a: Weezing
|-damage|p2a: Weezing|5/100
|-unboost|p2a: Weezing|spd|1
|
|-damage|p1a: Blissey|60/100 psn|[from] psn
|upkeep
|turn|40
|
|t:|1779837363
|move|p2a: Weezing|Sludge Bomb|p1a: Blissey
|-damage|p1a: Blissey|54/100 psn
|move|p1a: Blissey|Soft-Boiled|p1a: Blissey
|-heal|p1a: Blissey|100/100 psn
|
|-damage|p1a: Blissey|88/100 psn|[from] psn
|upkeep
|turn|41
|
|t:|1779837370
|-curestatus|p1a: Blissey|psn|[from] ability: Natural Cure|[silent]
|switch|p1a: Pecharunt|Pecharunt|100/100
|move|p2a: Weezing|Sludge Bomb|p1a: Pecharunt
|-resisted|p1a: Pecharunt
|-damage|p1a: Pecharunt|93/100
|
|upkeep
|turn|42
|
|t:|1779837381
|move|p1a: Pecharunt|Shadow Ball|p2a: Weezing
|-damage|p2a: Weezing|0 fnt
|faint|p2a: Weezing
|
|upkeep
|
|t:|1779837391
|switch|p2a: Kingambit|Kingambit, F|69/100
|-damage|p2a: Kingambit|44/100|[from] Spikes
|-damage|p2a: Kingambit|38/100|[from] Stealth Rock
|-activate|p2a: Kingambit|ability: Supreme Overlord
|-start|p2a: Kingambit|fallen4|[silent]
|turn|43
|
|t:|1779837398
|move|p2a: Kingambit|Sucker Punch||[still]
|-fail|p2a: Kingambit
|move|p1a: Pecharunt|Parting Shot|p2a: Kingambit
|-unboost|p2a: Kingambit|atk|1
|-unboost|p2a: Kingambit|spa|1
|
|t:|1779837405
|switch|p1a: Skarmory|Skarmory, F|16/100|[from] Parting Shot
|
|upkeep
|turn|44
|
|t:|1779837416
|move|p1a: Skarmory|Roost|p1a: Skarmory
|-heal|p1a: Skarmory|66/100
|-singleturn|p1a: Skarmory|move: Roost
|move|p2a: Kingambit|Kowtow Cleave|p1a: Skarmory
|-damage|p1a: Skarmory|36/100
|
|upkeep
|turn|45
|
|t:|1779837428
|move|p1a: Skarmory|Roost|p1a: Skarmory
|-heal|p1a: Skarmory|86/100
|-singleturn|p1a: Skarmory|move: Roost
|move|p2a: Kingambit|Stone Edge|p1a: Skarmory|[miss]
|-miss|p2a: Kingambit|p1a: Skarmory
|
|upkeep
|turn|46
|
|t:|1779837436
|move|p1a: Skarmory|Body Press|p2a: Kingambit
|-supereffective|p2a: Kingambit
|-damage|p2a: Kingambit|0 fnt
|faint|p2a: Kingambit
|-end|p2a: Kingambit|fallen4|[silent]
|
|upkeep
|
|t:|1779837440
|switch|p2a: Gliscor|Gliscor, M|100/100 tox
|-damage|p2a: Gliscor|88/100 tox|[from] Stealth Rock
|turn|47
|
|t:|1779837447
|move|p2a: Gliscor|Facade|p1a: Skarmory
|-resisted|p1a: Skarmory
|-damage|p1a: Skarmory|75/100
|move|p1a: Skarmory|Roost|p1a: Skarmory
|-heal|p1a: Skarmory|100/100
|-singleturn|p1a: Skarmory|move: Roost
|
|-heal|p2a: Gliscor|100/100 tox|[from] ability: Poison Heal
|upkeep
|turn|48
|
|t:|1779837455
|switch|p1a: Pecharunt|Pecharunt|93/100
|move|p2a: Gliscor|Facade|p1a: Pecharunt
|-immune|p1a: Pecharunt
|
|upkeep
|turn|49
|
|t:|1779837465
|move|p2a: Gliscor|Earthquake|p1a: Pecharunt
|-supereffective|p1a: Pecharunt
|-damage|p1a: Pecharunt|61/100
|move|p1a: Pecharunt|Parting Shot|p2a: Gliscor
|-unboost|p2a: Gliscor|atk|1
|-unboost|p2a: Gliscor|spa|1
|
|t:|1779837473
|switch|p1a: Zamazenta|Zamazenta|100/100|[from] Parting Shot
|-ability|p1a: Zamazenta|Dauntless Shield|boost
|-boost|p1a: Zamazenta|def|1
|
|upkeep
|turn|50
|
|t:|1779837485
|move|p1a: Zamazenta|Ice Fang|p2a: Gliscor
|-supereffective|p2a: Gliscor
|-damage|p2a: Gliscor|42/100 tox
|move|p2a: Gliscor|Toxic|p1a: Zamazenta
|-status|p1a: Zamazenta|tox
|
|-damage|p1a: Zamazenta|94/100 tox|[from] psn
|-heal|p2a: Gliscor|54/100 tox|[from] ability: Poison Heal
|upkeep
|turn|51
|
|t:|1779837492
|move|p2a: Gliscor|Protect|p2a: Gliscor
|-singleturn|p2a: Gliscor|Protect
|move|p1a: Zamazenta|Ice Fang|p2a: Gliscor
|-activate|p2a: Gliscor|move: Protect
|
|-damage|p1a: Zamazenta|82/100 tox|[from] psn
|-heal|p2a: Gliscor|67/100 tox|[from] ability: Poison Heal
|upkeep
|turn|52
|
|t:|1779837501
|switch|p1a: Pecharunt|Pecharunt|61/100
|-terastallize|p2a: Gliscor|Ground
|move|p2a: Gliscor|Earthquake|p1a: Pecharunt
|-supereffective|p1a: Pecharunt
|-damage|p1a: Pecharunt|34/100
|
|-heal|p2a: Gliscor|79/100 tox|[from] ability: Poison Heal
|upkeep
|turn|53
|
|t:|1779837509
|move|p2a: Gliscor|Protect|p2a: Gliscor
|-singleturn|p2a: Gliscor|Protect
|move|p1a: Pecharunt|Recover|p1a: Pecharunt
|-heal|p1a: Pecharunt|84/100
|
|-heal|p2a: Gliscor|91/100 tox|[from] ability: Poison Heal
|upkeep
|turn|54
|
|t:|1779837518
|move|p2a: Gliscor|Earthquake|p1a: Pecharunt
|-supereffective|p1a: Pecharunt
|-damage|p1a: Pecharunt|56/100
|move|p1a: Pecharunt|Parting Shot|p2a: Gliscor
|-unboost|p2a: Gliscor|atk|1
|-unboost|p2a: Gliscor|spa|1
|
|t:|1779837529
|switch|p1a: Blissey|Blissey, F|88/100|[from] Parting Shot
|
|-heal|p2a: Gliscor|100/100 tox|[from] ability: Poison Heal
|upkeep
|turn|55
|
|t:|1779837539
|switch|p1a: Pecharunt|Pecharunt|56/100
|move|p2a: Gliscor|Toxic|p1a: Pecharunt
|-immune|p1a: Pecharunt
|
|upkeep
|turn|56
|
|t:|1779837560
|move|p2a: Gliscor|Earthquake|p1a: Pecharunt
|-supereffective|p1a: Pecharunt
|-damage|p1a: Pecharunt|34/100
|move|p1a: Pecharunt|Recover|p1a: Pecharunt
|-heal|p1a: Pecharunt|84/100
|
|upkeep
|turn|57
|
|t:|1779837570
|move|p2a: Gliscor|Earthquake|p1a: Pecharunt
|-supereffective|p1a: Pecharunt
|-damage|p1a: Pecharunt|63/100
|move|p1a: Pecharunt|Recover|p1a: Pecharunt
|-heal|p1a: Pecharunt|100/100
|
|upkeep
|turn|58
|
|t:|1779837581
|move|p2a: Gliscor|Earthquake|p1a: Pecharunt
|-supereffective|p1a: Pecharunt
|-damage|p1a: Pecharunt|78/100
|move|p1a: Pecharunt|Parting Shot|p2a: Gliscor
|-unboost|p2a: Gliscor|atk|1
|-unboost|p2a: Gliscor|spa|1
|
|t:|1779837592
|switch|p1a: Blissey|Blissey, F|88/100|[from] Parting Shot
|
|upkeep
|turn|59
|
|t:|1779837601
|switch|p1a: Pecharunt|Pecharunt|78/100
|move|p2a: Gliscor|Facade|p1a: Pecharunt
|-immune|p1a: Pecharunt
|
|upkeep
|turn|60
|
|t:|1779837615
|move|p2a: Gliscor|Earthquake|p1a: Pecharunt
|-supereffective|p1a: Pecharunt
|-damage|p1a: Pecharunt|60/100
|move|p1a: Pecharunt|Recover|p1a: Pecharunt
|-heal|p1a: Pecharunt|100/100
|
|upkeep
|turn|61
|
|t:|1779837627
|move|p2a: Gliscor|Earthquake|p1a: Pecharunt
|-supereffective|p1a: Pecharunt
|-damage|p1a: Pecharunt|84/100
|move|p1a: Pecharunt|Parting Shot|p2a: Gliscor
|-unboost|p2a: Gliscor|atk|1
|-unboost|p2a: Gliscor|spa|1
|
|t:|1779837636
|switch|p1a: Blissey|Blissey, F|88/100|[from] Parting Shot
|
|upkeep
|turn|62
|
|t:|1779837649
|switch|p1a: Pecharunt|Pecharunt|84/100
|move|p2a: Gliscor|Earthquake|p1a: Pecharunt
|-supereffective|p1a: Pecharunt
|-damage|p1a: Pecharunt|68/100
|
|upkeep
|turn|63
|
|t:|1779837657
|move|p2a: Gliscor|Earthquake|p1a: Pecharunt
|-supereffective|p1a: Pecharunt
|-damage|p1a: Pecharunt|52/100
|move|p1a: Pecharunt|Recover|p1a: Pecharunt
|-heal|p1a: Pecharunt|100/100
|
|upkeep
|turn|64
|
|t:|1779837666
|move|p2a: Gliscor|Earthquake|p1a: Pecharunt
|-supereffective|p1a: Pecharunt
|-damage|p1a: Pecharunt|86/100
|move|p1a: Pecharunt|Parting Shot|p2a: Gliscor
|-unboost|p2a: Gliscor|atk|1
|-unboost|p2a: Gliscor|spa|1
|
|t:|1779837671
|switch|p1a: Blissey|Blissey, F|88/100|[from] Parting Shot
|
|upkeep
|turn|65
|l|☆Menino da Villa
|inactive|Menino da Villa disconnected and has a minute to reconnect!
|player|p2|
|j|☆Menino da Villa
|inactive|Menino da Villa reconnected and has 140 seconds left.
|player|p2|Menino da Villa|169|
|
|t:|1779837685
|move|p2a: Gliscor|Earthquake|p1a: Blissey
|-damage|p1a: Blissey|73/100
|move|p1a: Blissey|Soft-Boiled|p1a: Blissey
|-heal|p1a: Blissey|100/100
|
|upkeep
|turn|66
|
|t:|1779837693
|switch|p1a: Pecharunt|Pecharunt|86/100
|move|p2a: Gliscor|Facade|p1a: Pecharunt
|-immune|p1a: Pecharunt
|
|upkeep
|turn|67
|
|t:|1779837701
|move|p2a: Gliscor|Protect|p2a: Gliscor
|-singleturn|p2a: Gliscor|Protect
|move|p1a: Pecharunt|Recover|p1a: Pecharunt
|-heal|p1a: Pecharunt|100/100
|
|upkeep
|turn|68
|inactive|Menino da Villa has 120 seconds left.
|inactive|Menino da Villa has 90 seconds left.
|inactive|Menino da Villa has 60 seconds left.
|inactive|Menino da Villa has 30 seconds left.
|inactive|Menino da Villa has 20 seconds left.
|inactive|Menino da Villa has 15 seconds left.
|inactive|Menino da Villa has 10 seconds left.
|inactive|Menino da Villa has 5 seconds left.
|-message|Menino da Villa lost due to inactivity.
|
|win|claudechamp
|raw|claudechamp's rating: 1240 &rarr; <strong>1267</strong><br />(+27 for winning)
|raw|Menino da Villa's rating: 1267 &rarr; <strong>1240</strong><br />(-27 for losing)
|c|☆claudechamp|gg
|l|☆Menino da Villa
|player|p2|
