|j|☆Cheesefriezz
|j|☆claudechamp
|t:|1779824957
|gametype|singles
|player|p1|Cheesefriezz|n|1097
|player|p2|claudechamp|265|1126
|gen|9
|tier|[Gen 9] OU
|rated|
|rule|HP Percentage Mod: HP is shown in percentages
|rule|Endless Battle Clause: Forcing endless battles is banned
|rule|Species Clause: Limit one of each Pokémon
|rule|OHKO Clause: OHKO moves are banned
|rule|Evasion Items Clause: Evasion items are banned
|rule|Evasion Moves Clause: Evasion moves are banned
|rule|Evasion Abilities Clause: Evasion abilities are banned
|rule|Sleep Moves Clause: Sleep-inducing moves are banned
|clearpoke
|poke|p1|Samurott-Hisui, M|
|poke|p1|Leafeon, M|
|poke|p1|Moltres|
|poke|p1|Ninetales, F|
|poke|p1|Kommo-o, M|
|poke|p1|Krookodile, F|
|poke|p2|Gliscor, F|
|poke|p2|Gholdengo|
|poke|p2|Zamazenta-*|
|poke|p2|Blissey, F|
|poke|p2|Skarmory, M|
|poke|p2|Pecharunt|
|teampreview
|c|☆claudechamp|hf
|inactive|Battle timer is ON: inactive players will automatically lose when time's up. (requested by claudechamp)
|
|t:|1779824960
|teamsize|p1|6
|teamsize|p2|6
|start
|switch|p1a: Gabriel|Krookodile, F|100/100
|switch|p2a: Skarmory|Skarmory, M|100/100
|-ability|p1a: Gabriel|Intimidate|boost
|-unboost|p2a: Skarmory|atk|1
|turn|1
|c|☆Cheesefriezz|have fun
|
|t:|1779824977
|move|p1a: Gabriel|Stealth Rock|p2a: Skarmory
|-sidestart|p2: claudechamp|move: Stealth Rock
|move|p2a: Skarmory|Spikes|p1a: Gabriel
|-sidestart|p1: Cheesefriezz|Spikes
|
|upkeep
|turn|2
|
|t:|1779824988
|move|p1a: Gabriel|Knock Off|p2a: Skarmory
|-damage|p2a: Skarmory|69/100
|-enditem|p2a: Skarmory|Heavy-Duty Boots|[from] move: Knock Off|[of] p1a: Gabriel
|move|p2a: Skarmory|Spikes|p1a: Gabriel
|-sidestart|p1: Cheesefriezz|Spikes
|
|upkeep
|turn|3
|
|t:|1779825001
|switch|p1a: six tails|Ninetales, F, shiny|100/100
|-damage|p1a: six tails|84/100|[from] Spikes
|-weather|SunnyDay|[from] ability: Drought|[of] p1a: six tails
|move|p2a: Skarmory|Spikes|p1a: six tails
|-sidestart|p1: Cheesefriezz|Spikes
|
|-weather|SunnyDay|[upkeep]
|upkeep
|turn|4
|
|t:|1779825010
|switch|p2a: Blissey|Blissey, F|100/100
|move|p1a: six tails|Weather Ball|p2a: Blissey
|-damage|p2a: Blissey|83/100
|
|-weather|SunnyDay|[upkeep]
|upkeep
|turn|5
|
|t:|1779825016
|move|p1a: six tails|Will-O-Wisp|p2a: Blissey
|-status|p2a: Blissey|brn
|move|p2a: Blissey|Stealth Rock|p1a: six tails
|-sidestart|p1: Cheesefriezz|move: Stealth Rock
|
|-weather|SunnyDay|[upkeep]
|-damage|p2a: Blissey|76/100 brn|[from] brn
|upkeep
|turn|6
|
|t:|1779825027
|move|p1a: six tails|Encore|p2a: Blissey
|-start|p2a: Blissey|Encore
|move|p2a: Blissey|Stealth Rock||[still]
|-fail|p2a: Blissey
|
|-weather|SunnyDay|[upkeep]
|-damage|p2a: Blissey|70/100 brn|[from] brn
|upkeep
|turn|7
|
|t:|1779825035
|switch|p1a: Melo|Leafeon, M, shiny|100/100
|-damage|p1a: Melo|75/100|[from] Spikes
|-damage|p1a: Melo|63/100|[from] Stealth Rock
|-curestatus|p2a: Blissey|brn|[from] ability: Natural Cure|[silent]
|switch|p2a: Pecharunt|Pecharunt|100/100
|
|-weather|SunnyDay|[upkeep]
|upkeep
|turn|8
|
|t:|1779825045
|switch|p2a: Gliscor|Gliscor, F|100/100
|-damage|p2a: Gliscor|88/100|[from] Stealth Rock
|move|p1a: Melo|Knock Off|p2a: Gliscor
|-damage|p2a: Gliscor|58/100
|-enditem|p2a: Gliscor|Toxic Orb|[from] move: Knock Off|[of] p1a: Melo
|-damage|p1a: Melo|53/100|[from] item: Life Orb
|
|-weather|SunnyDay|[upkeep]
|upkeep
|turn|9
|
|t:|1779825052
|switch|p2a: Skarmory|Skarmory, M|69/100
|-damage|p2a: Skarmory|57/100|[from] Stealth Rock
|move|p1a: Melo|Swords Dance|p1a: Melo
|-boost|p1a: Melo|atk|2
|
|-weather|SunnyDay|[upkeep]
|upkeep
|turn|10
|
|t:|1779825057
|move|p1a: Melo|Knock Off|p2a: Skarmory
|-damage|p2a: Skarmory|24/100
|-damage|p1a: Melo|43/100|[from] item: Life Orb
|move|p2a: Skarmory|Whirlwind|p1a: Melo
|drag|p1a: six tails|Ninetales, F, shiny|84/100
|-damage|p1a: six tails|59/100|[from] Spikes
|-damage|p1a: six tails|35/100|[from] Stealth Rock
|
|-weather|none
|upkeep
|turn|11
|
|t:|1779825067
|switch|p1a: Gabriel|Krookodile, F|100/100
|-damage|p1a: Gabriel|76/100|[from] Spikes
|-damage|p1a: Gabriel|70/100|[from] Stealth Rock
|-ability|p1a: Gabriel|Intimidate|boost
|-unboost|p2a: Skarmory|atk|1
|move|p2a: Skarmory|Roost|p2a: Skarmory
|-heal|p2a: Skarmory|74/100
|-singleturn|p2a: Skarmory|move: Roost
|
|upkeep
|turn|12
|
|t:|1779825076
|switch|p1a: six tails|Ninetales, F, shiny|35/100
|-damage|p1a: six tails|10/100|[from] Spikes
|-damage|p1a: six tails|0 fnt|[from] Stealth Rock
|faint|p1a: six tails
|move|p2a: Skarmory|Body Press|p1: six tails|[notarget]
|-fail|p2a: Skarmory
|
|upkeep
|
|t:|1779825087
|switch|p1a: Supa Hot Fire|Moltres|100/100
|turn|13
|
|t:|1779825090
|move|p1a: Supa Hot Fire|Flamethrower|p2a: Skarmory
|-supereffective|p2a: Skarmory
|-damage|p2a: Skarmory|0 fnt
|faint|p2a: Skarmory
|
|upkeep
|
|t:|1779825094
|switch|p2a: Blissey|Blissey, F|70/100
|turn|14
|
|t:|1779825102
|move|p1a: Supa Hot Fire|Air Slash|p2a: Blissey
|-damage|p2a: Blissey|57/100
|move|p2a: Blissey|Soft-Boiled|p2a: Blissey
|-heal|p2a: Blissey|100/100
|
|upkeep
|turn|15
|
|t:|1779825108
|move|p1a: Supa Hot Fire|Flamethrower|p2a: Blissey
|-damage|p2a: Blissey|84/100
|move|p2a: Blissey|Calm Mind|p2a: Blissey
|-boost|p2a: Blissey|spa|1
|-boost|p2a: Blissey|spd|1
|
|upkeep
|turn|16
|
|t:|1779825112
|move|p1a: Supa Hot Fire|Air Slash|p2a: Blissey
|-damage|p2a: Blissey|76/100
|move|p2a: Blissey|Shadow Ball|p1a: Supa Hot Fire
|-damage|p1a: Supa Hot Fire|79/100
|-unboost|p1a: Supa Hot Fire|spd|1
|
|upkeep
|turn|17
|
|t:|1779825122
|move|p1a: Supa Hot Fire|U-turn|p2a: Blissey
|-damage|p2a: Blissey|60/100
|
|t:|1779825125
|switch|p1a: Gabriel|Krookodile, F|70/100|[from] U-turn
|-damage|p1a: Gabriel|45/100|[from] Spikes
|-damage|p1a: Gabriel|39/100|[from] Stealth Rock
|-ability|p1a: Gabriel|Intimidate|boost
|-unboost|p2a: Blissey|atk|1
|move|p2a: Blissey|Shadow Ball|p1a: Gabriel
|-resisted|p1a: Gabriel
|-damage|p1a: Gabriel|24/100
|
|upkeep
|turn|18
|
|t:|1779825132
|move|p1a: Gabriel|Knock Off|p2a: Blissey
|-damage|p2a: Blissey|8/100
|-enditem|p2a: Blissey|Heavy-Duty Boots|[from] move: Knock Off|[of] p1a: Gabriel
|move|p2a: Blissey|Soft-Boiled|p2a: Blissey
|-heal|p2a: Blissey|58/100
|
|upkeep
|turn|19
|
|t:|1779825138
|move|p1a: Gabriel|Gunk Shot|p2a: Blissey
|-crit|p2a: Blissey
|-damage|p2a: Blissey|0 fnt
|faint|p2a: Blissey
|
|upkeep
|
|t:|1779825142
|switch|p2a: Pecharunt|Pecharunt|100/100
|turn|20
|
|t:|1779825152
|move|p1a: Gabriel|Earthquake|p2a: Pecharunt
|-supereffective|p2a: Pecharunt
|-damage|p2a: Pecharunt|58/100
|move|p2a: Pecharunt|Toxic|p1a: Gabriel
|-status|p1a: Gabriel|tox
|-start|p1a: Gabriel|confusion|[from] ability: Poison Puppeteer|[of] p2a: Pecharunt
|
|-damage|p1a: Gabriel|18/100 tox|[from] psn
|upkeep
|turn|21
|
|t:|1779825158
|-activate|p1a: Gabriel|confusion
|move|p1a: Gabriel|Knock Off|p2a: Pecharunt
|-supereffective|p2a: Pecharunt
|-damage|p2a: Pecharunt|12/100
|-enditem|p2a: Pecharunt|Heavy-Duty Boots|[from] move: Knock Off|[of] p1a: Gabriel
|move|p2a: Pecharunt|Recover|p2a: Pecharunt
|-heal|p2a: Pecharunt|62/100
|
|-damage|p1a: Gabriel|6/100 tox|[from] psn
|upkeep
|turn|22
|
|t:|1779825165
|-activate|p1a: Gabriel|confusion
|move|p1a: Gabriel|Earthquake|p2a: Pecharunt
|-supereffective|p2a: Pecharunt
|-damage|p2a: Pecharunt|19/100
|move|p2a: Pecharunt|Recover|p2a: Pecharunt
|-heal|p2a: Pecharunt|69/100
|
|-damage|p1a: Gabriel|0 fnt|[from] psn
|faint|p1a: Gabriel
|upkeep
|
|t:|1779825182
|switch|p1a: Ima dive in|Samurott-Hisui, M|100/100
|-damage|p1a: Ima dive in|76/100|[from] Spikes
|-damage|p1a: Ima dive in|63/100|[from] Stealth Rock
|turn|23
|
|t:|1779825186
|move|p1a: Ima dive in|Ceaseless Edge|p2a: Pecharunt
|-supereffective|p2a: Pecharunt
|-damage|p2a: Pecharunt|28/100
|-sidestart|p2: claudechamp|Spikes
|move|p2a: Pecharunt|Toxic|p1a: Ima dive in
|-status|p1a: Ima dive in|tox
|-start|p1a: Ima dive in|confusion|[from] ability: Poison Puppeteer|[of] p2a: Pecharunt
|
|-damage|p1a: Ima dive in|57/100 tox|[from] psn
|upkeep
|turn|24
|
|t:|1779825190
|-terastallize|p2a: Pecharunt|Fairy
|-activate|p1a: Ima dive in|confusion
|-damage|p1a: Ima dive in|41/100 tox|[from] confusion
|move|p2a: Pecharunt|Recover|p2a: Pecharunt
|-heal|p2a: Pecharunt|78/100
|
|-damage|p1a: Ima dive in|28/100 tox|[from] psn
|upkeep
|turn|25
|
|t:|1779825196
|-activate|p1a: Ima dive in|confusion
|move|p1a: Ima dive in|Razor Shell|p2a: Pecharunt
|-crit|p2a: Pecharunt
|-damage|p2a: Pecharunt|39/100
|-unboost|p2a: Pecharunt|def|1
|move|p2a: Pecharunt|Recover|p2a: Pecharunt
|-heal|p2a: Pecharunt|89/100
|
|-damage|p1a: Ima dive in|10/100 tox|[from] psn
|upkeep
|turn|26
|
|t:|1779825207
|-end|p1a: Ima dive in|confusion
|move|p1a: Ima dive in|Razor Shell|p2a: Pecharunt
|-damage|p2a: Pecharunt|52/100
|move|p2a: Pecharunt|Recover|p2a: Pecharunt
|-heal|p2a: Pecharunt|100/100
|
|-damage|p1a: Ima dive in|0 fnt|[from] psn
|faint|p1a: Ima dive in
|upkeep
|
|t:|1779825214
|switch|p1a: Supa Hot Fire|Moltres|79/100
|turn|27
|
|t:|1779825220
|move|p2a: Pecharunt|Toxic|p1a: Supa Hot Fire
|-status|p1a: Supa Hot Fire|tox
|-start|p1a: Supa Hot Fire|confusion|[from] ability: Poison Puppeteer|[of] p2a: Pecharunt
|-activate|p1a: Supa Hot Fire|confusion
|move|p1a: Supa Hot Fire|Flamethrower|p2a: Pecharunt
|-damage|p2a: Pecharunt|54/100
|
|-damage|p1a: Supa Hot Fire|73/100 tox|[from] psn
|upkeep
|turn|28
|
|t:|1779825229
|move|p2a: Pecharunt|Recover|p2a: Pecharunt
|-heal|p2a: Pecharunt|100/100
|-activate|p1a: Supa Hot Fire|confusion
|-damage|p1a: Supa Hot Fire|65/100 tox|[from] confusion
|
|-damage|p1a: Supa Hot Fire|53/100 tox|[from] psn
|upkeep
|turn|29
|
|t:|1779825238
|move|p2a: Pecharunt|Shadow Ball|p1a: Supa Hot Fire
|-damage|p1a: Supa Hot Fire|26/100 tox
|-activate|p1a: Supa Hot Fire|confusion
|-damage|p1a: Supa Hot Fire|19/100 tox|[from] confusion
|
|-damage|p1a: Supa Hot Fire|1/100 tox|[from] psn
|upkeep
|turn|30
|
|t:|1779825247
|move|p2a: Pecharunt|Shadow Ball|p1a: Supa Hot Fire
|-damage|p1a: Supa Hot Fire|0 fnt
|faint|p1a: Supa Hot Fire
|
|upkeep
|
|t:|1779825250
|switch|p1a: Iggy|Kommo-o, M|100/100
|-damage|p1a: Iggy|76/100|[from] Spikes
|-damage|p1a: Iggy|70/100|[from] Stealth Rock
|turn|31
|
|t:|1779825258
|switch|p2a: Zamazenta|Zamazenta|100/100
|-ability|p2a: Zamazenta|Dauntless Shield|boost
|-boost|p2a: Zamazenta|def|1
|-terastallize|p1a: Iggy|Normal
|move|p1a: Iggy|Boomburst|p2a: Zamazenta
|-damage|p2a: Zamazenta|43/100
|-enditem|p1a: Iggy|Throat Spray
|-boost|p1a: Iggy|spa|1|[from] item: Throat Spray
|
|upkeep
|turn|32
|c|☆Cheesefriezz|uh oh
|
|t:|1779825268
|move|p2a: Zamazenta|Close Combat|p1a: Iggy
|-supereffective|p1a: Iggy
|-damage|p1a: Iggy|0 fnt
|-unboost|p2a: Zamazenta|def|1
|-unboost|p2a: Zamazenta|spd|1
|faint|p1a: Iggy
|
|upkeep
|
|t:|1779825270
|switch|p1a: Melo|Leafeon, M, shiny|43/100
|-damage|p1a: Melo|18/100|[from] Spikes
|-damage|p1a: Melo|6/100|[from] Stealth Rock
|turn|33
|c|☆Cheesefriezz|GGs
|
|t:|1779825277
|move|p2a: Zamazenta|Close Combat|p1a: Melo
|-damage|p1a: Melo|0 fnt
|-unboost|p2a: Zamazenta|def|1
|-unboost|p2a: Zamazenta|spd|1
|faint|p1a: Melo
|
|win|claudechamp
|raw|Cheesefriezz's rating: 1097 &rarr; <strong>1079</strong><br />(-18 for losing)
|raw|claudechamp's rating: 1192 &rarr; <strong>1210</strong><br />(+18 for winning)
|c|☆claudechamp|gg
|l|☆Cheesefriezz
|player|p1|
