|j|☆DarkG99
|j|☆Dubyaz13
|t:|1779942408
|gametype|singles
|player|p1|DarkG99|karen|1529
|player|p2|Dubyaz13|linebacker|1566
|gen|9
|tier|[Gen 9] OU
|rated|
|rule|HP Percentage Mod: HP is shown in percentages
|rule|Endless Battle Clause: Forcing endless battles is banned
|rule|Species Clause: Limit one of each Pokémon
|rule|OHKO Clause: OHKO moves are banned
|rule|Evasion Items Clause: Evasion items are banned
|rule|Evasion Moves Clause: Evasion moves are banned
|rule|Evasion Abilities Clause: Evasion abilities are banned
|rule|Sleep Moves Clause: Sleep-inducing moves are banned
|clearpoke
|poke|p1|Kommo-o, M|
|poke|p1|Sinistcha-Masterpiece|
|poke|p1|Ninetales-Alola, F|
|poke|p1|Heatran, M|
|poke|p1|Maushold-Four|
|poke|p1|Ogerpon-Wellspring, F|
|poke|p2|Dragonite, F|
|poke|p2|Samurott-Hisui, F|
|poke|p2|Gholdengo|
|poke|p2|Pecharunt|
|poke|p2|Walking Wake|
|poke|p2|Ting-Lu|
|teampreview
|inactive|Battle timer is ON: inactive players will automatically lose when time's up. (requested by Dubyaz13)
|j| firered27
|j| richieleo0802
|
|t:|1779942425
|teamsize|p1|6
|teamsize|p2|6
|start
|switch|p1a: Ninetales|Ninetales-Alola, F|100/100
|switch|p2a: Samurott|Samurott-Hisui, F|100/100
|-weather|Snowscape|[from] ability: Snow Warning|[of] p1a: Ninetales
|turn|1
|
|t:|1779942431
|move|p1a: Ninetales|Moonblast|p2a: Samurott
|-supereffective|p2a: Samurott
|-damage|p2a: Samurott|57/100
|move|p2a: Samurott|Ceaseless Edge|p1a: Ninetales
|-resisted|p1a: Ninetales
|-crit|p1a: Ninetales
|-damage|p1a: Ninetales|69/100
|-sidestart|p1: DarkG99|Spikes
|
|-weather|Snowscape|[upkeep]
|upkeep
|turn|2
|
|t:|1779942438
|move|p1a: Ninetales|Aurora Veil|p1a: Ninetales
|-sidestart|p1: DarkG99|move: Aurora Veil
|move|p2a: Samurott|Ceaseless Edge|p1a: Ninetales
|-resisted|p1a: Ninetales
|-damage|p1a: Ninetales|59/100
|-sidestart|p1: DarkG99|Spikes
|
|-weather|Snowscape|[upkeep]
|upkeep
|turn|3
|
|t:|1779942443
|move|p1a: Ninetales|Moonblast|p2a: Samurott
|-supereffective|p2a: Samurott
|-damage|p2a: Samurott|7/100
|-unboost|p2a: Samurott|spa|1
|move|p2a: Samurott|Flip Turn|p1a: Ninetales
|-damage|p1a: Ninetales|46/100
|
|t:|1779942451
|switch|p2a: Gholdengo|Gholdengo|100/100|[from] Flip Turn
|
|-weather|Snowscape|[upkeep]
|upkeep
|turn|4
|
|t:|1779942459
|move|p2a: Gholdengo|Trick|p1a: Ninetales
|-activate|p2a: Gholdengo|move: Trick|[of] p1a: Ninetales
|-item|p1a: Ninetales|Choice Scarf|[from] move: Trick
|-item|p2a: Gholdengo|Light Clay|[from] move: Trick
|move|p1a: Ninetales|Moonblast|p2a: Gholdengo
|-resisted|p2a: Gholdengo
|-damage|p2a: Gholdengo|78/100
|
|-weather|Snowscape|[upkeep]
|upkeep
|turn|5
|
|t:|1779942468
|switch|p1a: Heatran|Heatran, M|100/100
|-damage|p1a: Heatran|84/100|[from] Spikes
|move|p2a: Gholdengo|Recover|p2a: Gholdengo
|-heal|p2a: Gholdengo|100/100
|
|-weather|none
|-heal|p1a: Heatran|90/100|[from] item: Leftovers
|upkeep
|turn|6
|
|t:|1779942473
|switch|p2a: Ting-Lu|Ting-Lu|100/100
|-ability|p2a: Ting-Lu|Vessel of Ruin
|move|p1a: Heatran|Stealth Rock|p2a: Ting-Lu
|-sidestart|p2: Dubyaz13|move: Stealth Rock
|
|-heal|p1a: Heatran|96/100|[from] item: Leftovers
|upkeep
|turn|7
|
|t:|1779942477
|switch|p1a: Maushold|Maushold-Four|100/100
|-damage|p1a: Maushold|84/100|[from] Spikes
|move|p2a: Ting-Lu|Whirlwind|p1a: Maushold
|drag|p1a: Ogerpon|Ogerpon-Wellspring, F|100/100
|-damage|p1a: Ogerpon|84/100|[from] Spikes
|
|upkeep
|turn|8
|
|t:|1779942485
|switch|p2a: Pecharunt|Pecharunt|100/100
|move|p1a: Ogerpon|Encore||[still]
|-fail|p1a: Ogerpon
|
|upkeep
|turn|9
|
|t:|1779942489
|switch|p1a: Heatran|Heatran, M|96/100
|-damage|p1a: Heatran|80/100|[from] Spikes
|move|p2a: Pecharunt|Malignant Chain|p1a: Heatran
|-immune|p1a: Heatran
|
|-heal|p1a: Heatran|86/100|[from] item: Leftovers
|-sideend|p1: DarkG99|move: Aurora Veil
|upkeep
|turn|10
|
|t:|1779942495
|switch|p2a: Ting-Lu|Ting-Lu|100/100
|-damage|p2a: Ting-Lu|94/100|[from] Stealth Rock
|-ability|p2a: Ting-Lu|Vessel of Ruin
|move|p1a: Heatran|Magma Storm|p2a: Ting-Lu
|-damage|p2a: Ting-Lu|76/100
|-activate|p2a: Ting-Lu|move: Magma Storm|[of] p1a: Heatran
|
|-heal|p1a: Heatran|92/100|[from] item: Leftovers
|-heal|p2a: Ting-Lu|82/100|[from] item: Leftovers
|-damage|p2a: Ting-Lu|70/100|[from] move: Magma Storm|[partiallytrapped]
|upkeep
|turn|11
|
|t:|1779942498
|switch|p1a: Maushold|Maushold-Four|84/100
|-damage|p1a: Maushold|67/100|[from] Spikes
|move|p2a: Ting-Lu|Stealth Rock|p1a: Maushold
|-sidestart|p1: DarkG99|move: Stealth Rock
|
|-heal|p2a: Ting-Lu|76/100|[from] item: Leftovers
|-end|p2a: Ting-Lu|Magma Storm|[partiallytrapped]|[silent]
|upkeep
|turn|12
|
|t:|1779942503
|move|p1a: Maushold|Switcheroo|p2a: Ting-Lu
|-activate|p1a: Maushold|move: Trick|[of] p2a: Ting-Lu
|-item|p2a: Ting-Lu|Choice Scarf|[from] move: Switcheroo
|-item|p1a: Maushold|Leftovers|[from] move: Switcheroo
|move|p2a: Ting-Lu|Earthquake|p1a: Maushold
|-damage|p1a: Maushold|5/100
|
|-heal|p1a: Maushold|11/100|[from] item: Leftovers
|upkeep
|turn|13
|
|t:|1779942516
|switch|p2a: Gholdengo|Gholdengo|100/100
|-damage|p2a: Gholdengo|94/100|[from] Stealth Rock
|move|p1a: Maushold|Tidy Up|p1a: Maushold
|-sideend|p1: DarkG99|Spikes
|-sideend|p1: DarkG99|Stealth Rock
|-sideend|p2: Dubyaz13|Stealth Rock
|-activate|p1a: Maushold|move: Tidy Up
|-boost|p1a: Maushold|atk|1
|-boost|p1a: Maushold|spe|1
|
|-heal|p1a: Maushold|17/100|[from] item: Leftovers
|upkeep
|turn|14
|
|t:|1779942530
|switch|p2a: Dragonite|Dragonite, F|100/100
|move|p1a: Maushold|Bite|p2a: Dragonite
|-damage|p2a: Dragonite|88/100
|
|-heal|p1a: Maushold|23/100|[from] item: Leftovers
|upkeep
|turn|15
|
|t:|1779942547
|switch|p1a: Sinistcha|Sinistcha-Masterpiece|100/100
|move|p2a: Dragonite|Extreme Speed|p1a: Sinistcha
|-immune|p1a: Sinistcha
|
|upkeep
|turn|16
|
|t:|1779942558
|switch|p2a: Gholdengo|Gholdengo|94/100
|move|p1a: Sinistcha|Hex|p2a: Gholdengo
|-supereffective|p2a: Gholdengo
|-damage|p2a: Gholdengo|32/100
|
|upkeep
|turn|17
|
|t:|1779942562
|move|p2a: Gholdengo|Shadow Ball|p1a: Sinistcha
|-supereffective|p1a: Sinistcha
|-damage|p1a: Sinistcha|5/100
|move|p1a: Sinistcha|Hex|p2a: Gholdengo
|-supereffective|p2a: Gholdengo
|-damage|p2a: Gholdengo|0 fnt
|faint|p2a: Gholdengo
|
|upkeep
|
|t:|1779942567
|switch|p2a: Samurott|Samurott-Hisui, F|7/100
|turn|18
|
|t:|1779942572
|move|p2a: Samurott|Ceaseless Edge|p1a: Sinistcha
|-supereffective|p1a: Sinistcha
|-damage|p1a: Sinistcha|0 fnt
|-damage|p2a: Samurott|0 fnt|[from] item: Rocky Helmet|[of] p1a: Sinistcha
|faint|p1a: Sinistcha
|faint|p2a: Samurott
|
|upkeep
|
|t:|1779942581
|switch|p2a: Ting-Lu|Ting-Lu|76/100
|switch|p1a: Maushold|Maushold-Four|23/100
|-ability|p2a: Ting-Lu|Vessel of Ruin
|turn|19
|l| firered27
|
|t:|1779942587
|move|p1a: Maushold|Population Bomb|p2a: Ting-Lu
|-damage|p2a: Ting-Lu|70/100
|-damage|p2a: Ting-Lu|64/100
|-damage|p2a: Ting-Lu|59/100
|-hitcount|p2a: Ting-Lu|3
|move|p2a: Ting-Lu|Earthquake|p1a: Maushold
|-damage|p1a: Maushold|0 fnt
|faint|p1a: Maushold
|
|upkeep
|
|t:|1779942606
|switch|p1a: Ninetales|Ninetales-Alola, F|46/100
|-weather|Snowscape|[from] ability: Snow Warning|[of] p1a: Ninetales
|turn|20
|j| firered27
|inactive|Dubyaz13 has 120 seconds left.
|
|t:|1779942660
|move|p1a: Ninetales|Blizzard|p2a: Ting-Lu
|-supereffective|p2a: Ting-Lu
|-damage|p2a: Ting-Lu|23/100
|move|p2a: Ting-Lu|Earthquake|p1a: Ninetales
|-damage|p1a: Ninetales|10/100
|
|-weather|Snowscape|[upkeep]
|upkeep
|turn|21
|
|t:|1779942667
|move|p1a: Ninetales|Blizzard|p2a: Ting-Lu
|-supereffective|p2a: Ting-Lu
|-damage|p2a: Ting-Lu|0 fnt
|faint|p2a: Ting-Lu
|
|-weather|Snowscape|[upkeep]
|upkeep
|
|t:|1779942675
|switch|p2a: Walking Wake|Walking Wake|100/100
|turn|22
|
|t:|1779942680
|move|p1a: Ninetales|Blizzard|p2a: Walking Wake
|-damage|p2a: Walking Wake|53/100
|move|p2a: Walking Wake|Flip Turn|p1a: Ninetales
|-damage|p1a: Ninetales|0 fnt
|faint|p1a: Ninetales
|
|t:|1779942689
|-end|p2a: Walking Wake|Protosynthesis|[silent]
|switch|p2a: Dragonite|Dragonite, F|88/100|[from] Flip Turn
|
|-weather|Snowscape|[upkeep]
|upkeep
|
|t:|1779942696
|switch|p1a: Heatran|Heatran, M|92/100
|turn|23
|
|t:|1779942699
|move|p2a: Dragonite|Low Kick|p1a: Heatran
|-supereffective|p1a: Heatran
|-damage|p1a: Heatran|23/100
|move|p1a: Heatran|Will-O-Wisp|p2a: Dragonite
|-status|p2a: Dragonite|brn
|
|-weather|Snowscape|[upkeep]
|-heal|p1a: Heatran|29/100|[from] item: Leftovers
|-damage|p2a: Dragonite|81/100 brn|[from] brn
|upkeep
|turn|24
|
|t:|1779942703
|move|p2a: Dragonite|Low Kick|p1a: Heatran
|-supereffective|p1a: Heatran
|-damage|p1a: Heatran|0 fnt
|faint|p1a: Heatran
|
|-weather|none
|-damage|p2a: Dragonite|75/100 brn|[from] brn
|upkeep
|
|t:|1779942712
|switch|p1a: Kommo-o|Kommo-o, M|100/100
|turn|25
|
|t:|1779942717
|-terastallize|p1a: Kommo-o|Normal
|move|p1a: Kommo-o|Clangorous Soul|p1a: Kommo-o
|-boost|p1a: Kommo-o|atk|1
|-boost|p1a: Kommo-o|def|1
|-boost|p1a: Kommo-o|spa|1
|-boost|p1a: Kommo-o|spd|1
|-boost|p1a: Kommo-o|spe|1
|-damage|p1a: Kommo-o|68/100
|move|p2a: Dragonite|Dragon Tail|p1a: Kommo-o|[miss]
|-miss|p2a: Dragonite|p1a: Kommo-o
|
|-damage|p2a: Dragonite|69/100 brn|[from] brn
|upkeep
|turn|26
|l| firered27
|
|t:|1779942733
|move|p1a: Kommo-o|Boomburst|p2a: Dragonite
|-damage|p2a: Dragonite|0 fnt
|faint|p2a: Dragonite
|
|upkeep
|
|t:|1779942737
|switch|p2a: Pecharunt|Pecharunt|100/100
|turn|27
|
|t:|1779942741
|move|p1a: Kommo-o|Flamethrower|p2a: Pecharunt
|-crit|p2a: Pecharunt
|-damage|p2a: Pecharunt|43/100
|move|p2a: Pecharunt|Nasty Plot|p2a: Pecharunt
|-boost|p2a: Pecharunt|spa|2
|
|upkeep
|turn|28
|
|t:|1779942749
|move|p1a: Kommo-o|Flamethrower|p2a: Pecharunt
|-damage|p2a: Pecharunt|6/100
|move|p2a: Pecharunt|Malignant Chain|p1a: Kommo-o
|-damage|p1a: Kommo-o|13/100
|-enditem|p1a: Kommo-o|Sitrus Berry|[eat]
|-heal|p1a: Kommo-o|37/100|[from] item: Sitrus Berry
|
|upkeep
|turn|29
|
|t:|1779942759
|move|p1a: Kommo-o|Flamethrower|p2a: Pecharunt
|-damage|p2a: Pecharunt|0 fnt
|faint|p2a: Pecharunt
|
|upkeep
|
|t:|1779942760
|switch|p2a: Walking Wake|Walking Wake|53/100
|turn|30
|
|t:|1779942765
|move|p1a: Kommo-o|Boomburst|p2a: Walking Wake
|-damage|p2a: Walking Wake|0 fnt
|faint|p2a: Walking Wake
|-end|p2a: Walking Wake|Protosynthesis|[silent]
|
|win|DarkG99
|raw|DarkG99's rating: 1529 &rarr; <strong>1551</strong><br />(+22 for winning)
|raw|Dubyaz13's rating: 1566 &rarr; <strong>1544</strong><br />(-22 for losing)
|l|☆Dubyaz13
|player|p2|
|l|☆DarkG99
|player|p1|
|l| richieleo0802
|j| firered27
|l| firered27
