|j|☆caviatje
|j|☆pinko_dinko
|t:|1779875913
|gametype|singles
|player|p1|caviatje|swimmerf|1098
|player|p2|pinko_dinko|medium|1131
|gen|9
|tier|[Gen 9] OU
|rated|
|rule|HP Percentage Mod: HP is shown in percentages
|rule|Endless Battle Clause: Forcing endless battles is banned
|rule|Species Clause: Limit one of each Pokémon
|rule|OHKO Clause: OHKO moves are banned
|rule|Evasion Items Clause: Evasion items are banned
|rule|Evasion Moves Clause: Evasion moves are banned
|rule|Evasion Abilities Clause: Evasion abilities are banned
|rule|Sleep Moves Clause: Sleep-inducing moves are banned
|clearpoke
|poke|p1|Greninja-*, M|
|poke|p1|Bronzong|
|poke|p1|Forretress, M|
|poke|p1|Kingambit, F|
|poke|p1|Clodsire, F|
|poke|p1|Whimsicott, F|
|poke|p2|Corviknight, M|
|poke|p2|Deoxys-Defense|
|poke|p2|Iron Valiant|
|poke|p2|Kyurem|
|poke|p2|Polteageist-Antique|
|poke|p2|Rhyperior, M|
|teampreview
|
|t:|1779875927
|teamsize|p1|6
|teamsize|p2|6
|start
|switch|p1a: Whimsicott|Whimsicott, F|100/100
|switch|p2a: Deoxys|Deoxys-Defense|100/100
|-ability|p2a: Deoxys|Pressure
|turn|1
|inactive|Battle timer is ON: inactive players will automatically lose when time's up. (requested by pinko_dinko)
|
|t:|1779875935
|switch|p2a: Corviknight|Corviknight, M|100/100
|move|p1a: Whimsicott|Stun Spore|p2a: Corviknight
|-status|p2a: Corviknight|par
|
|upkeep
|turn|2
|
|t:|1779875947
|move|p1a: Whimsicott|Substitute|p1a: Whimsicott
|-start|p1a: Whimsicott|Substitute
|-damage|p1a: Whimsicott|76/100
|move|p2a: Corviknight|Brave Bird|p1a: Whimsicott
|-supereffective|p1a: Whimsicott
|-end|p1a: Whimsicott|Substitute
|-damage|p2a: Corviknight|94/100 par|[from] Recoil|[of] p1a: Whimsicott
|
|-heal|p2a: Corviknight|99/100 par|[from] item: Leftovers
|upkeep
|turn|3
|
|t:|1779875955
|move|p1a: Whimsicott|Leech Seed|p2a: Corviknight
|-start|p2a: Corviknight|move: Leech Seed
|move|p2a: Corviknight|Brave Bird|p1a: Whimsicott
|-supereffective|p1a: Whimsicott
|-damage|p1a: Whimsicott|1/100
|-damage|p2a: Corviknight|80/100 par|[from] Recoil
|
|-heal|p2a: Corviknight|87/100 par|[from] item: Leftovers
|-damage|p2a: Corviknight|74/100 par|[from] Leech Seed|[of] p1a: Whimsicott
|-heal|p1a: Whimsicott|17/100|[silent]
|upkeep
|turn|4
|
|t:|1779875968
|cant|p2a: Corviknight|par
|move|p1a: Whimsicott|Trick Room|p1a: Whimsicott
|-fieldstart|move: Trick Room|[of] p1a: Whimsicott
|
|-heal|p2a: Corviknight|80/100 par|[from] item: Leftovers
|-damage|p2a: Corviknight|68/100 par|[from] Leech Seed|[of] p1a: Whimsicott
|-heal|p1a: Whimsicott|32/100|[silent]
|upkeep
|turn|5
|
|t:|1779875976
|switch|p1a: Bronzong|Bronzong|100/100
|move|p2a: Corviknight|U-turn|p1a: Bronzong
|-damage|p1a: Bronzong|87/100
|
|t:|1779875996
|switch|p2a: Deoxys|Deoxys-Defense|100/100|[from] U-turn
|-ability|p2a: Deoxys|Pressure
|
|-heal|p1a: Bronzong|93/100|[from] item: Leftovers
|upkeep
|turn|6
|
|t:|1779876005
|move|p1a: Bronzong|Gyro Ball|p2a: Deoxys
|-damage|p2a: Deoxys|75/100
|move|p2a: Deoxys|Reflect|p2a: Deoxys
|-sidestart|p2: pinko_dinko|Reflect
|
|-heal|p1a: Bronzong|99/100|[from] item: Leftovers
|upkeep
|turn|7
|
|t:|1779876011
|move|p1a: Bronzong|Earthquake|p2a: Deoxys
|-damage|p2a: Deoxys|65/100
|move|p2a: Deoxys|Reflect||[still]
|-fail|p2a: Deoxys
|
|-heal|p1a: Bronzong|100/100|[from] item: Leftovers
|upkeep
|turn|8
|
|t:|1779876018
|switch|p1a: Greninja|Greninja, M|100/100
|move|p2a: Deoxys|Light Screen|p2a: Deoxys
|-sidestart|p2: pinko_dinko|move: Light Screen
|
|-fieldend|move: Trick Room
|upkeep
|turn|9
|
|t:|1779876025
|move|p1a: Greninja|Dark Pulse|p2a: Deoxys
|-supereffective|p2a: Deoxys
|-damage|p2a: Deoxys|41/100
|move|p2a: Deoxys|Teleport|p2a: Deoxys
|
|t:|1779876030
|switch|p2a: Rhyperior|Rhyperior, M|100/100|[from] Teleport
|
|upkeep
|turn|10
|
|t:|1779876037
|-terastallize|p2a: Rhyperior|Dragon
|move|p1a: Greninja|Surf|p2a: Rhyperior
|-resisted|p2a: Rhyperior
|-damage|p2a: Rhyperior|82/100
|move|p2a: Rhyperior|Rock Polish|p2a: Rhyperior
|-boost|p2a: Rhyperior|spe|2
|
|-heal|p2a: Rhyperior|88/100|[from] item: Leftovers
|upkeep
|turn|11
|
|t:|1779876049
|move|p2a: Rhyperior|Double-Edge|p1a: Greninja
|-damage|p1a: Greninja|5/100
|-damage|p2a: Rhyperior|64/100|[from] Recoil
|move|p1a: Greninja|Dark Pulse|p2a: Rhyperior
|-damage|p2a: Rhyperior|36/100
|
|-heal|p2a: Rhyperior|42/100|[from] item: Leftovers
|upkeep
|turn|12
|
|t:|1779876062
|switch|p2a: Harry Polter|Polteageist-Antique|100/100
|switch|p1a: Clodsire|Clodsire, F|100/100
|
|upkeep
|turn|13
|inactive|pinko_dinko has 120 seconds left.
|inactive|pinko_dinko has 90 seconds left.
|inactive|pinko_dinko has 60 seconds left.
|inactive|pinko_dinko has 30 seconds left.
|inactive|pinko_dinko has 20 seconds left.
|inactive|pinko_dinko has 15 seconds left.
|inactive|pinko_dinko has 10 seconds left.
|inactive|pinko_dinko has 5 seconds left.
|-message|pinko_dinko lost due to inactivity.
|
|win|caviatje
|raw|caviatje's rating: 1098 &rarr; <strong>1126</strong><br />(+28 for winning)
|raw|pinko_dinko's rating: 1131 &rarr; <strong>1104</strong><br />(-27 for losing)
|l|☆pinko_dinko
|player|p2|
