|j|☆loislianos09
|j|☆yakurotenshi_
|t:|1779964499
|gametype|singles
|player|p1|loislianos09|2|1233
|player|p2|yakurotenshi_|hilbert|1328
|gen|9
|tier|[Gen 9] OU
|rated|
|rule|HP Percentage Mod: HP is shown in percentages
|rule|Endless Battle Clause: Forcing endless battles is banned
|rule|Species Clause: Limit one of each Pokémon
|rule|OHKO Clause: OHKO moves are banned
|rule|Evasion Items Clause: Evasion items are banned
|rule|Evasion Moves Clause: Evasion moves are banned
|rule|Evasion Abilities Clause: Evasion abilities are banned
|rule|Sleep Moves Clause: Sleep-inducing moves are banned
|clearpoke
|poke|p1|Zamazenta-*|
|poke|p1|Ogerpon-Wellspring, F|
|poke|p1|Iron Treads|
|poke|p1|Iron Moth|
|poke|p1|Walking Wake|
|poke|p1|Iron Crown|
|poke|p2|Kingambit, M|
|poke|p2|Meowscarada, F|
|poke|p2|Moltres|
|poke|p2|Gliscor, F|
|poke|p2|Greninja-*, M|
|poke|p2|Tentacruel, F|
|teampreview
|inactive|Battle timer is ON: inactive players will automatically lose when time's up. (requested by loislianos09)
|
|t:|1779964515
|teamsize|p1|6
|teamsize|p2|6
|start
|switch|p1a: Oregon|Ogerpon-Wellspring, F|100/100
|switch|p2a: Meowscarada|Meowscarada, F|100/100
|turn|1
|
|t:|1779964527
|switch|p1a: Iron Treads|Iron Treads|100/100
|-enditem|p1a: Iron Treads|Booster Energy
|-activate|p1a: Iron Treads|ability: Quark Drive|[fromitem]
|-start|p1a: Iron Treads|quarkdriveatk
|move|p2a: Meowscarada|U-turn|p1a: Iron Treads
|-start|p2a: Meowscarada|typechange|Bug|[from] ability: Protean
|-resisted|p1a: Iron Treads
|-damage|p1a: Iron Treads|84/100
|
|t:|1779964539
|switch|p2a: Moltres|Moltres|100/100|[from] U-turn
|
|upkeep
|turn|2
|
|t:|1779964553
|move|p1a: Iron Treads|Supercell Slam|p2a: Moltres
|-supereffective|p2a: Moltres
|-damage|p2a: Moltres|36/100
|move|p2a: Moltres|Air Slash|p1a: Iron Treads|[miss]
|-miss|p2a: Moltres|p1a: Iron Treads
|
|upkeep
|turn|3
|
|t:|1779964562
|switch|p2a: Gliscor|Gliscor, F, shiny|100/100
|move|p1a: Iron Treads|Ice Spinner|p2a: Gliscor
|-supereffective|p2a: Gliscor
|-damage|p2a: Gliscor|23/100
|
|-status|p2a: Gliscor|tox|[from] item: Toxic Orb
|upkeep
|turn|4
|
|t:|1779964570
|move|p2a: Gliscor|Protect|p2a: Gliscor
|-singleturn|p2a: Gliscor|Protect
|move|p1a: Iron Treads|Ice Spinner|p2a: Gliscor
|-activate|p2a: Gliscor|move: Protect
|
|-heal|p2a: Gliscor|35/100 tox|[from] ability: Poison Heal
|upkeep
|turn|5
|
|t:|1779964597
|switch|p2a: Tentacruel|Tentacruel, F, shiny|100/100
|move|p1a: Iron Treads|Ice Spinner|p2a: Tentacruel
|-resisted|p2a: Tentacruel
|-damage|p2a: Tentacruel|78/100
|
|upkeep
|turn|6
|
|t:|1779964605
|move|p1a: Iron Treads|Earthquake|p2a: Tentacruel
|-supereffective|p2a: Tentacruel
|-damage|p2a: Tentacruel|0 fnt
|faint|p2a: Tentacruel
|
|upkeep
|
|t:|1779964620
|switch|p2a: Greninja|Greninja, M|100/100
|turn|7
|
|t:|1779964626
|move|p2a: Greninja|Ice Beam|p1a: Iron Treads
|-start|p2a: Greninja|typechange|Ice|[from] ability: Protean
|-damage|p1a: Iron Treads|12/100
|-damage|p2a: Greninja|91/100|[from] item: Life Orb
|move|p1a: Iron Treads|Supercell Slam|p2a: Greninja
|-crit|p2a: Greninja
|-damage|p2a: Greninja|0 fnt
|faint|p2a: Greninja
|
|upkeep
|
|t:|1779964637
|switch|p2a: Meowscarada|Meowscarada, F|100/100
|turn|8
|
|t:|1779964649
|move|p2a: Meowscarada|U-turn|p1a: Iron Treads
|-start|p2a: Meowscarada|typechange|Bug|[from] ability: Protean
|-resisted|p1a: Iron Treads
|-damage|p1a: Iron Treads|0 fnt
|faint|p1a: Iron Treads
|-end|p1a: Iron Treads|Quark Drive|[silent]
|l|☆loislianos09
|inactive|loislianos09 disconnected and has a minute to reconnect!
|player|p1|
|
|t:|1779964658
|switch|p2a: Gliscor|Gliscor, F, shiny|35/100 tox|[from] U-turn
|
|-heal|p2a: Gliscor|47/100 tox|[from] ability: Poison Heal
|upkeep
|j|☆loislianos09
|inactive|loislianos09 reconnected and has 150 seconds left.
|player|p1|loislianos09|2|
|
|t:|1779964662
|switch|p1a: Oregon|Ogerpon-Wellspring, F|100/100
|turn|9
|
|t:|1779964669
|move|p2a: Gliscor|Protect|p2a: Gliscor
|-singleturn|p2a: Gliscor|Protect
|move|p1a: Oregon|Ivy Cudgel|p2a: Gliscor|[anim] Ivy Cudgel Water
|-activate|p2a: Gliscor|move: Protect
|
|-heal|p2a: Gliscor|60/100 tox|[from] ability: Poison Heal
|upkeep
|turn|10
|
|t:|1779964679
|-terastallize|p2a: Gliscor|Water
|move|p1a: Oregon|Ivy Cudgel|p2a: Gliscor|[anim] Ivy Cudgel Water
|-resisted|p2a: Gliscor
|-damage|p2a: Gliscor|42/100 tox
|move|p2a: Gliscor|Toxic|p1a: Oregon
|-status|p1a: Oregon|tox
|
|-damage|p1a: Oregon|95/100 tox|[from] psn
|-heal|p2a: Gliscor|54/100 tox|[from] ability: Poison Heal
|upkeep
|turn|11
|
|t:|1779964691
|move|p1a: Oregon|Swords Dance|p1a: Oregon
|-boost|p1a: Oregon|atk|2
|move|p2a: Gliscor|Stealth Rock|p1a: Oregon
|-sidestart|p1: loislianos09|move: Stealth Rock
|
|-damage|p1a: Oregon|83/100 tox|[from] psn
|-heal|p2a: Gliscor|67/100 tox|[from] ability: Poison Heal
|upkeep
|turn|12
|
|t:|1779964700
|move|p2a: Gliscor|Protect|p2a: Gliscor
|-singleturn|p2a: Gliscor|Protect
|move|p1a: Oregon|Ivy Cudgel|p2a: Gliscor|[anim] Ivy Cudgel Water
|-activate|p2a: Gliscor|move: Protect
|
|-damage|p1a: Oregon|65/100 tox|[from] psn
|-heal|p2a: Gliscor|79/100 tox|[from] ability: Poison Heal
|upkeep
|turn|13
|
|t:|1779964711
|move|p1a: Oregon|Horn Leech|p2a: Gliscor
|-supereffective|p2a: Gliscor
|-damage|p2a: Gliscor|0 fnt
|-heal|p1a: Oregon|100/100 tox|[from] drain|[of] p2a: Gliscor
|faint|p2a: Gliscor
|
|-damage|p1a: Oregon|77/100 tox|[from] psn
|upkeep
|
|t:|1779964722
|switch|p2a: Meowscarada|Meowscarada, F|100/100
|turn|14
|
|t:|1779964728
|switch|p1a: Friendship ender|Zamazenta|100/100
|-damage|p1a: Friendship ender|94/100|[from] Stealth Rock
|-ability|p1a: Friendship ender|Dauntless Shield|boost
|-boost|p1a: Friendship ender|def|1
|move|p2a: Meowscarada|U-turn|p1a: Friendship ender
|-start|p2a: Meowscarada|typechange|Bug|[from] ability: Protean
|-resisted|p1a: Friendship ender
|-damage|p1a: Friendship ender|84/100
|
|t:|1779964738
|switch|p2a: Moltres|Moltres|36/100|[from] U-turn
|
|-heal|p1a: Friendship ender|90/100|[from] item: Leftovers
|upkeep
|turn|15
|
|t:|1779964746
|move|p1a: Friendship ender|Crunch|p2a: Moltres
|-damage|p2a: Moltres|14/100
|move|p2a: Moltres|Roost|p2a: Moltres
|-heal|p2a: Moltres|64/100
|-singleturn|p2a: Moltres|move: Roost
|
|-heal|p1a: Friendship ender|96/100|[from] item: Leftovers
|upkeep
|turn|16
|
|t:|1779964756
|switch|p1a: Diego on crack|Walking Wake|100/100
|-damage|p1a: Diego on crack|88/100|[from] Stealth Rock
|-enditem|p1a: Diego on crack|Booster Energy
|-activate|p1a: Diego on crack|ability: Protosynthesis|[fromitem]
|-start|p1a: Diego on crack|protosynthesisspa
|move|p2a: Moltres|Air Slash|p1a: Diego on crack
|-damage|p1a: Diego on crack|54/100
|
|upkeep
|turn|17
|
|t:|1779964767
|move|p1a: Diego on crack|Flamethrower|p2a: Moltres
|-resisted|p2a: Moltres
|-damage|p2a: Moltres|47/100
|move|p2a: Moltres|Roar|p1a: Diego on crack
|-end|p1a: Diego on crack|Protosynthesis|[silent]
|drag|p1a: Friendship ender|Zamazenta|96/100
|-damage|p1a: Friendship ender|90/100|[from] Stealth Rock
|
|-heal|p1a: Friendship ender|96/100|[from] item: Leftovers
|upkeep
|turn|18
|
|t:|1779964778
|switch|p1a: Iron meth|Iron Moth|100/100
|-damage|p1a: Iron meth|76/100|[from] Stealth Rock
|-enditem|p1a: Iron meth|Booster Energy
|-activate|p1a: Iron meth|ability: Quark Drive|[fromitem]
|-start|p1a: Iron meth|quarkdrivespa
|move|p2a: Moltres|Roost|p2a: Moltres
|-heal|p2a: Moltres|97/100
|-singleturn|p2a: Moltres|move: Roost
|
|upkeep
|turn|19
|
|t:|1779964789
|move|p1a: Iron meth|Sludge Wave|p2a: Moltres
|-damage|p2a: Moltres|31/100
|move|p2a: Moltres|Air Slash|p1a: Iron meth
|-damage|p1a: Iron meth|45/100
|
|upkeep
|turn|20
|
|t:|1779964796
|switch|p2a: Kingambit|Kingambit, M|100/100
|-activate|p2a: Kingambit|ability: Supreme Overlord
|-start|p2a: Kingambit|fallen3|[silent]
|move|p1a: Iron meth|Sludge Wave|p2a: Kingambit
|-immune|p2a: Kingambit
|
|upkeep
|turn|21
|
|t:|1779964803
|move|p2a: Kingambit|Sucker Punch|p1a: Iron meth
|-damage|p1a: Iron meth|0 fnt
|faint|p1a: Iron meth
|-end|p1a: Iron meth|Quark Drive|[silent]
|
|upkeep
|
|t:|1779964807
|switch|p1a: Oregon|Ogerpon-Wellspring, F|77/100 tox
|-damage|p1a: Oregon|64/100 tox|[from] Stealth Rock
|turn|22
|
|t:|1779964812
|move|p2a: Kingambit|Sucker Punch|p1a: Oregon
|-damage|p1a: Oregon|0 fnt
|faint|p1a: Oregon
|
|upkeep
|
|t:|1779964817
|switch|p1a: Diego on crack|Walking Wake|54/100
|-damage|p1a: Diego on crack|42/100|[from] Stealth Rock
|turn|23
|
|t:|1779964824
|move|p2a: Kingambit|Sucker Punch|p1a: Diego on crack
|-damage|p1a: Diego on crack|0 fnt
|faint|p1a: Diego on crack
|-end|p1a: Diego on crack|Protosynthesis|[silent]
|
|upkeep
|
|t:|1779964826
|switch|p1a: ol'reliable|Iron Crown|100/100
|-damage|p1a: ol'reliable|94/100|[from] Stealth Rock
|-enditem|p1a: ol'reliable|Booster Energy
|-activate|p1a: ol'reliable|ability: Quark Drive|[fromitem]
|-start|p1a: ol'reliable|quarkdrivespa
|turn|24
|
|t:|1779964837
|move|p2a: Kingambit|Sucker Punch|p1a: ol'reliable
|-supereffective|p1a: ol'reliable
|-damage|p1a: ol'reliable|0 fnt
|faint|p1a: ol'reliable
|-end|p1a: ol'reliable|Quark Drive|[silent]
|
|upkeep
|
|t:|1779964839
|switch|p1a: Friendship ender|Zamazenta|96/100
|-damage|p1a: Friendship ender|90/100|[from] Stealth Rock
|turn|25
|
|t:|1779964856
|move|p2a: Kingambit|Sucker Punch|p1a: Friendship ender
|-resisted|p1a: Friendship ender
|-damage|p1a: Friendship ender|59/100
|move|p1a: Friendship ender|Crunch|p2a: Kingambit
|-resisted|p2a: Kingambit
|-damage|p2a: Kingambit|90/100
|-unboost|p2a: Kingambit|def|1
|
|-heal|p1a: Friendship ender|65/100|[from] item: Leftovers
|upkeep
|turn|26
|-message|loislianos09 forfeited.
|
|win|yakurotenshi_
|raw|loislianos09's rating: 1183 &rarr; <strong>1168</strong><br />(-15 for losing)
|raw|yakurotenshi_'s rating: 1328 &rarr; <strong>1340</strong><br />(+12 for winning)
|l|☆loislianos09
|player|p1|
