|j|☆Danyel_12098
|j|☆LuckGalicia
|t:|1779926771
|gametype|singles
|player|p1|Danyel_12098|2|1175
|player|p2|LuckGalicia|1|1192
|gen|9
|tier|[Gen 9] OU
|rated|
|rule|HP Percentage Mod: HP is shown in percentages
|rule|Endless Battle Clause: Forcing endless battles is banned
|rule|Species Clause: Limit one of each Pokémon
|rule|OHKO Clause: OHKO moves are banned
|rule|Evasion Items Clause: Evasion items are banned
|rule|Evasion Moves Clause: Evasion moves are banned
|rule|Evasion Abilities Clause: Evasion abilities are banned
|rule|Sleep Moves Clause: Sleep-inducing moves are banned
|clearpoke
|poke|p1|Maushold-Four|
|poke|p1|Ceruledge, M|
|poke|p1|Dragapult, M|
|poke|p1|Garganacl, F|
|poke|p1|Alomomola, M|
|poke|p1|Gholdengo|
|poke|p2|Alomomola, M|
|poke|p2|Heracross, M|
|poke|p2|Magmar, F|
|poke|p2|Tentacruel, F|
|poke|p2|Gengar, M|
|poke|p2|Rabsca, M|
|teampreview
|
|t:|1779926779
|teamsize|p1|6
|teamsize|p2|6
|start
|switch|p1a: Ceruledge|Ceruledge, M, shiny|100/100
|switch|p2a: Alolamola|Alomomola, M|100/100
|turn|1
|
|t:|1779926793
|move|p1a: Ceruledge|Swords Dance|p1a: Ceruledge
|-boost|p1a: Ceruledge|atk|2
|move|p2a: Alolamola|Wish|p2a: Alolamola
|
|upkeep
|turn|2
|
|t:|1779926796
|move|p1a: Ceruledge|Swords Dance|p1a: Ceruledge
|-boost|p1a: Ceruledge|atk|2
|move|p2a: Alolamola|Flip Turn|p1a: Ceruledge
|-supereffective|p1a: Ceruledge
|-damage|p1a: Ceruledge|53/100
|-ability|p1a: Ceruledge|Weak Armor|boost
|-unboost|p1a: Ceruledge|def|1
|-boost|p1a: Ceruledge|spe|2
|
|t:|1779926800
|switch|p2a: Mr. Fueguito|Magmar, F|100/100|[from] Flip Turn
|
|upkeep
|turn|3
|
|t:|1779926810
|move|p1a: Ceruledge|Bitter Blade|p2a: Mr. Fueguito
|-resisted|p2a: Mr. Fueguito
|-damage|p2a: Mr. Fueguito|24/100
|-heal|p1a: Ceruledge|92/100|[from] drain|[of] p2a: Mr. Fueguito
|move|p2a: Mr. Fueguito|Clear Smog|p1a: Ceruledge
|-resisted|p1a: Ceruledge
|-damage|p1a: Ceruledge|85/100
|-clearboost|p1a: Ceruledge
|
|upkeep
|turn|4
|
|t:|1779926817
|switch|p2a: Loki|Gengar, M, shiny|100/100
|move|p1a: Ceruledge|Bitter Blade|p2a: Loki
|-damage|p2a: Loki|0 fnt
|-heal|p1a: Ceruledge|100/100|[from] drain|[of] p2a: Loki
|faint|p2a: Loki
|
|upkeep
|
|t:|1779926831
|switch|p2a: Japanese|Tentacruel, F|100/100
|turn|5
|
|t:|1779926836
|switch|p1a: Alomomola|Alomomola, M|100/100
|move|p2a: Japanese|Flip Turn|p1a: Alomomola
|-resisted|p1a: Alomomola
|-damage|p1a: Alomomola|97/100
|
|t:|1779926844
|switch|p2a: Alolamola|Alomomola, M|100/100|[from] Flip Turn
|
|upkeep
|turn|6
|
|t:|1779926867
|switch|p1a: Gholdengo|Gholdengo|100/100
|-item|p1a: Gholdengo|Air Balloon
|move|p2a: Alolamola|Wish|p2a: Alolamola
|
|upkeep
|turn|7
|
|t:|1779926873
|move|p1a: Gholdengo|Make It Rain|p2a: Alolamola
|-resisted|p2a: Alolamola
|-damage|p2a: Alolamola|71/100
|-unboost|p1a: Gholdengo|spa|1
|move|p2a: Alolamola|Flip Turn|p1a: Gholdengo
|-damage|p1a: Gholdengo|82/100
|-enditem|p1a: Gholdengo|Air Balloon
|
|t:|1779926878
|switch|p2a: Mr. Fueguito|Magmar, F|24/100|[from] Flip Turn
|
|-heal|p2a: Mr. Fueguito|100/100|[from] move: Wish|[wisher] Alolamola
|upkeep
|turn|8
|
|t:|1779926890
|-terastallize|p1a: Gholdengo|Fairy
|move|p1a: Gholdengo|Make It Rain|p2a: Mr. Fueguito
|-resisted|p2a: Mr. Fueguito
|-damage|p2a: Mr. Fueguito|87/100
|-unboost|p1a: Gholdengo|spa|1
|move|p2a: Mr. Fueguito|Flamethrower|p1a: Gholdengo
|-damage|p1a: Gholdengo|44/100
|
|upkeep
|turn|9
|
|t:|1779926911
|move|p1a: Gholdengo|Focus Blast|p2a: Mr. Fueguito
|-damage|p2a: Mr. Fueguito|75/100
|move|p2a: Mr. Fueguito|Flamethrower|p1a: Gholdengo
|-damage|p1a: Gholdengo|5/100
|
|upkeep
|turn|10
|
|t:|1779926915
|move|p1a: Gholdengo|Shadow Ball|p2a: Mr. Fueguito
|-damage|p2a: Mr. Fueguito|62/100
|move|p2a: Mr. Fueguito|Flamethrower|p1a: Gholdengo
|-damage|p1a: Gholdengo|0 fnt
|faint|p1a: Gholdengo
|
|upkeep
|
|t:|1779926917
|switch|p1a: Maushold|Maushold-Four, shiny|100/100
|turn|11
|
|t:|1779926920
|move|p1a: Maushold|Population Bomb|p2a: Mr. Fueguito
|-damage|p2a: Mr. Fueguito|50/100
|-damage|p2a: Mr. Fueguito|38/100
|-damage|p2a: Mr. Fueguito|27/100
|-status|p1a: Maushold|brn|[from] ability: Flame Body|[of] p2a: Mr. Fueguito
|-damage|p2a: Mr. Fueguito|21/100
|-damage|p2a: Mr. Fueguito|16/100
|-damage|p2a: Mr. Fueguito|11/100
|-damage|p2a: Mr. Fueguito|6/100
|-damage|p2a: Mr. Fueguito|0 fnt
|faint|p2a: Mr. Fueguito
|-hitcount|p2: Mr. Fueguito|8
|
|-damage|p1a: Maushold|94/100 brn|[from] brn
|upkeep
|
|t:|1779926937
|switch|p2a: Alolamola|Alomomola, M|100/100
|turn|12
|
|t:|1779926940
|move|p1a: Maushold|Population Bomb|p2a: Alolamola
|-damage|p2a: Alolamola|98/100
|-damage|p1a: Maushold|78/100 brn|[from] item: Rocky Helmet|[of] p2a: Alolamola
|-damage|p2a: Alolamola|94/100
|-damage|p1a: Maushold|61/100 brn|[from] item: Rocky Helmet|[of] p2a: Alolamola
|-damage|p2a: Alolamola|91/100
|-damage|p1a: Maushold|44/100 brn|[from] item: Rocky Helmet|[of] p2a: Alolamola
|-damage|p2a: Alolamola|87/100
|-damage|p1a: Maushold|28/100 brn|[from] item: Rocky Helmet|[of] p2a: Alolamola
|-damage|p2a: Alolamola|84/100
|-damage|p1a: Maushold|11/100 brn|[from] item: Rocky Helmet|[of] p2a: Alolamola
|-damage|p2a: Alolamola|81/100
|-damage|p1a: Maushold|0 fnt|[from] item: Rocky Helmet|[of] p2a: Alolamola
|faint|p1a: Maushold
|-hitcount|p2a: Alolamola|6
|move|p2a: Alolamola|Wish|p2a: Alolamola
|
|upkeep
|
|t:|1779926948
|switch|p1a: Ceruledge|Ceruledge, M, shiny|100/100
|turn|13
|
|t:|1779926954
|switch|p2a: Heracless|Heracross, M|100/100
|move|p1a: Ceruledge|Poltergeist|p2a: Heracless
|-activate|p2a: Heracless|move: Poltergeist|Choice Scarf
|-damage|p2a: Heracless|17/100
|
|-heal|p2a: Heracless|100/100|[from] move: Wish|[wisher] Alolamola
|upkeep
|turn|14
|
|t:|1779926964
|move|p2a: Heracless|Stone Edge|p1a: Ceruledge
|-supereffective|p1a: Ceruledge
|-enditem|p1a: Ceruledge|Focus Sash
|-damage|p1a: Ceruledge|1/100
|-ability|p1a: Ceruledge|Weak Armor|boost
|-unboost|p1a: Ceruledge|def|1
|-boost|p1a: Ceruledge|spe|2
|move|p1a: Ceruledge|Bitter Blade|p2a: Heracless
|-supereffective|p2a: Heracless
|-damage|p2a: Heracless|0 fnt
|-heal|p1a: Ceruledge|53/100|[from] drain|[of] p2a: Heracless
|faint|p2a: Heracless
|
|upkeep
|
|t:|1779926969
|switch|p2a: Alolamola|Alomomola, M|100/100
|turn|15
|
|t:|1779926972
|move|p1a: Ceruledge|Bitter Blade|p2a: Alolamola
|-resisted|p2a: Alolamola
|-crit|p2a: Alolamola
|-damage|p2a: Alolamola|78/100
|-heal|p1a: Ceruledge|73/100|[from] drain|[of] p2a: Alolamola
|-damage|p1a: Ceruledge|57/100|[from] item: Rocky Helmet|[of] p2a: Alolamola
|move|p2a: Alolamola|Flip Turn|p1a: Ceruledge
|-supereffective|p1a: Ceruledge
|-damage|p1a: Ceruledge|0 fnt
|faint|p1a: Ceruledge
|
|t:|1779926978
|switch|p2a: Ra (polloman)|Rabsca, M, shiny|100/100|[from] Flip Turn
|
|upkeep
|inactive|Battle timer is ON: inactive players will automatically lose when time's up. (requested by LuckGalicia)
|
|t:|1779926985
|switch|p1a: Garganacl|Garganacl, F, shiny|100/100
|turn|16
|
|t:|1779926996
|move|p2a: Ra (polloman)|Revival Blessing|p2a: Ra (polloman)
|
|t:|1779926998
|-heal|p2: Heracless|50/100|[from] move: Revival Blessing
|move|p1a: Garganacl|Salt Cure|p2a: Ra (polloman)
|-supereffective|p2a: Ra (polloman)
|-damage|p2a: Ra (polloman)|70/100
|-start|p2a: Ra (polloman)|Salt Cure
|
|-heal|p2a: Ra (polloman)|76/100|[from] item: Leftovers
|-damage|p2a: Ra (polloman)|63/100|[from] Salt Cure
|upkeep
|turn|17
|
|t:|1779927009
|move|p1a: Garganacl|Protect|p1a: Garganacl
|-singleturn|p1a: Garganacl|Protect
|move|p2a: Ra (polloman)|Recover|p2a: Ra (polloman)
|-heal|p2a: Ra (polloman)|100/100
|
|-damage|p2a: Ra (polloman)|88/100|[from] Salt Cure
|upkeep
|turn|18
|
|t:|1779927014
|switch|p2a: Alolamola|Alomomola, M|100/100
|move|p1a: Garganacl|Stealth Rock|p2a: Alolamola
|-sidestart|p2: LuckGalicia|move: Stealth Rock
|
|upkeep
|turn|19
|
|t:|1779927017
|move|p2a: Alolamola|Wish|p2a: Alolamola
|move|p1a: Garganacl|Salt Cure|p2a: Alolamola
|-damage|p2a: Alolamola|93/100
|-start|p2a: Alolamola|Salt Cure
|
|-damage|p2a: Alolamola|68/100|[from] Salt Cure
|upkeep
|turn|20
|
|t:|1779927022
|switch|p2a: Japanese|Tentacruel, F|100/100
|-damage|p2a: Japanese|88/100|[from] Stealth Rock
|move|p1a: Garganacl|Protect||[still]
|-fail|p1a: Garganacl
|
|-heal|p2a: Japanese|100/100|[from] move: Wish|[wisher] Alolamola
|upkeep
|turn|21
|
|t:|1779927027
|move|p2a: Japanese|Giga Drain|p1a: Garganacl
|-supereffective|p1a: Garganacl
|-damage|p1a: Garganacl|81/100
|move|p1a: Garganacl|Salt Cure|p2a: Japanese
|-damage|p2a: Japanese|83/100
|-start|p2a: Japanese|Salt Cure
|
|-heal|p2a: Japanese|90/100|[from] item: Black Sludge
|-heal|p1a: Garganacl|87/100|[from] item: Leftovers
|-damage|p2a: Japanese|65/100|[from] Salt Cure
|upkeep
|turn|22
|
|t:|1779927031
|move|p1a: Garganacl|Protect|p1a: Garganacl
|-singleturn|p1a: Garganacl|Protect
|move|p2a: Japanese|Rapid Spin|p1a: Garganacl
|-activate|p1a: Garganacl|move: Protect
|
|-heal|p2a: Japanese|71/100|[from] item: Black Sludge
|-heal|p1a: Garganacl|93/100|[from] item: Leftovers
|-damage|p2a: Japanese|46/100|[from] Salt Cure
|upkeep
|turn|23
|
|t:|1779927038
|switch|p2a: Alolamola|Alomomola, M|100/100
|-damage|p2a: Alolamola|88/100|[from] Stealth Rock
|move|p1a: Garganacl|Salt Cure|p2a: Alolamola
|-damage|p2a: Alolamola|79/100
|-start|p2a: Alolamola|Salt Cure
|
|-heal|p1a: Garganacl|99/100|[from] item: Leftovers
|-damage|p2a: Alolamola|54/100|[from] Salt Cure
|upkeep
|turn|24
|
|t:|1779927042
|move|p2a: Alolamola|Wish|p2a: Alolamola
|move|p1a: Garganacl|Salt Cure|p2a: Alolamola
|-damage|p2a: Alolamola|46/100
|
|-heal|p1a: Garganacl|100/100|[from] item: Leftovers
|-damage|p2a: Alolamola|21/100|[from] Salt Cure
|upkeep
|turn|25
|
|t:|1779927045
|switch|p2a: Japanese|Tentacruel, F|46/100
|-damage|p2a: Japanese|34/100|[from] Stealth Rock
|move|p1a: Garganacl|Salt Cure|p2a: Japanese
|-damage|p2a: Japanese|16/100
|-start|p2a: Japanese|Salt Cure
|
|-heal|p2a: Japanese|95/100|[from] move: Wish|[wisher] Alolamola
|-heal|p2a: Japanese|100/100|[from] item: Black Sludge
|-damage|p2a: Japanese|76/100|[from] Salt Cure
|upkeep
|turn|26
|
|t:|1779927050
|switch|p2a: Alolamola|Alomomola, M|54/100
|-damage|p2a: Alolamola|42/100|[from] Stealth Rock
|switch|p1a: Dragapult|Dragapult, M, shiny|100/100
|
|upkeep
|turn|27
|
|t:|1779927055
|switch|p2a: Japanese|Tentacruel, F|76/100
|-damage|p2a: Japanese|63/100|[from] Stealth Rock
|move|p1a: Dragapult|Draco Meteor|p2a: Japanese
|-damage|p2a: Japanese|7/100
|-unboost|p1a: Dragapult|spa|2
|
|-heal|p2a: Japanese|13/100|[from] item: Black Sludge
|upkeep
|turn|28
|
|t:|1779927061
|move|p1a: Dragapult|Draco Meteor|p2a: Japanese
|-damage|p2a: Japanese|0 fnt
|-unboost|p1a: Dragapult|spa|2
|faint|p2a: Japanese
|
|upkeep
|
|t:|1779927064
|switch|p2a: Ra (polloman)|Rabsca, M, shiny|88/100
|-damage|p2a: Ra (polloman)|63/100|[from] Stealth Rock
|turn|29
|
|t:|1779927069
|switch|p1a: Alomomola|Alomomola, M|97/100
|move|p2a: Ra (polloman)|Recover|p2a: Ra (polloman)
|-heal|p2a: Ra (polloman)|100/100
|
|upkeep
|turn|30
|
|t:|1779927081
|move|p1a: Alomomola|Flip Turn|p2a: Ra (polloman)
|-damage|p2a: Ra (polloman)|82/100
|
|t:|1779927085
|switch|p1a: Garganacl|Garganacl, F, shiny|100/100|[from] Flip Turn
|move|p2a: Ra (polloman)|Psyshock|p1a: Garganacl
|-damage|p1a: Garganacl|80/100
|
|-heal|p2a: Ra (polloman)|88/100|[from] item: Leftovers
|-heal|p1a: Garganacl|87/100|[from] item: Leftovers
|upkeep
|turn|31
|
|t:|1779927089
|move|p2a: Ra (polloman)|Protect|p2a: Ra (polloman)
|-singleturn|p2a: Ra (polloman)|Protect
|move|p1a: Garganacl|Salt Cure|p2a: Ra (polloman)
|-activate|p2a: Ra (polloman)|move: Protect
|
|-heal|p2a: Ra (polloman)|94/100|[from] item: Leftovers
|-heal|p1a: Garganacl|93/100|[from] item: Leftovers
|upkeep
|turn|32
|
|t:|1779927108
|move|p2a: Ra (polloman)|Psyshock|p1a: Garganacl
|-damage|p1a: Garganacl|71/100
|move|p1a: Garganacl|Salt Cure|p2a: Ra (polloman)
|-supereffective|p2a: Ra (polloman)
|-damage|p2a: Ra (polloman)|67/100
|-start|p2a: Ra (polloman)|Salt Cure
|
|-heal|p2a: Ra (polloman)|73/100|[from] item: Leftovers
|-heal|p1a: Garganacl|77/100|[from] item: Leftovers
|-damage|p2a: Ra (polloman)|61/100|[from] Salt Cure
|upkeep
|turn|33
|
|t:|1779927111
|switch|p2a: Alolamola|Alomomola, M|75/100
|-damage|p2a: Alolamola|63/100|[from] Stealth Rock
|move|p1a: Garganacl|Salt Cure|p2a: Alolamola
|-damage|p2a: Alolamola|54/100
|-start|p2a: Alolamola|Salt Cure
|
|-heal|p1a: Garganacl|84/100|[from] item: Leftovers
|-damage|p2a: Alolamola|29/100|[from] Salt Cure
|upkeep
|turn|34
|
|t:|1779927117
|move|p2a: Alolamola|Flip Turn|p1a: Garganacl
|-supereffective|p1a: Garganacl
|-damage|p1a: Garganacl|62/100
|
|t:|1779927121
|switch|p2a: Ra (polloman)|Rabsca, M, shiny|61/100|[from] Flip Turn
|-damage|p2a: Ra (polloman)|36/100|[from] Stealth Rock
|move|p1a: Garganacl|Salt Cure|p2a: Ra (polloman)
|-supereffective|p2a: Ra (polloman)
|-damage|p2a: Ra (polloman)|5/100
|-start|p2a: Ra (polloman)|Salt Cure
|
|-heal|p2a: Ra (polloman)|11/100|[from] item: Leftovers
|-heal|p1a: Garganacl|69/100|[from] item: Leftovers
|-damage|p2a: Ra (polloman)|0 fnt|[from] Salt Cure
|faint|p2a: Ra (polloman)
|upkeep
|
|t:|1779927123
|switch|p2a: Heracless|Heracross, M|50/100
|-damage|p2a: Heracless|38/100|[from] Stealth Rock
|turn|35
|
|t:|1779927127
|-terastallize|p2a: Heracless|Fighting
|move|p2a: Heracless|Close Combat|p1a: Garganacl
|-supereffective|p1a: Garganacl
|-damage|p1a: Garganacl|0 fnt
|-unboost|p2a: Heracless|def|1
|-unboost|p2a: Heracless|spd|1
|faint|p1a: Garganacl
|-ability|p2a: Heracless|Moxie|boost
|-boost|p2a: Heracless|atk|1
|
|upkeep
|
|t:|1779927130
|switch|p1a: Dragapult|Dragapult, M, shiny|100/100
|turn|36
|
|t:|1779927146
|move|p2a: Heracless|Close Combat|p1a: Dragapult
|-immune|p1a: Dragapult
|move|p1a: Dragapult|Flamethrower|p2a: Heracless
|-damage|p2a: Heracless|0 fnt
|faint|p2a: Heracless
|
|upkeep
|
|t:|1779927148
|switch|p2a: Alolamola|Alomomola, M|63/100
|-damage|p2a: Alolamola|50/100|[from] Stealth Rock
|turn|37
|
|t:|1779927153
|switch|p1a: Alomomola|Alomomola, M|97/100
|move|p2a: Alolamola|Protect||[still]
|-fail|p2a: Alolamola
|
|upkeep
|turn|38
|
|t:|1779927160
|move|p2a: Alolamola|Wish|p2a: Alolamola
|move|p1a: Alomomola|Tickle|p2a: Alolamola
|-unboost|p2a: Alolamola|atk|1
|-unboost|p2a: Alolamola|def|1
|
|upkeep
|turn|39
|
|t:|1779927168
|move|p2a: Alolamola|Flip Turn|p1a: Alomomola
|-resisted|p1a: Alomomola
|-damage|p1a: Alomomola|94/100
|move|p1a: Alomomola|Tickle|p2a: Alolamola
|-unboost|p2a: Alolamola|atk|1
|-unboost|p2a: Alolamola|def|1
|
|-heal|p2a: Alolamola|99/100|[from] move: Wish|[wisher] Alolamola
|upkeep
|turn|40
|
|t:|1779927185
|switch|p1a: Dragapult|Dragapult, M, shiny|100/100
|move|p2a: Alolamola|Flip Turn|p1a: Dragapult
|-resisted|p1a: Dragapult
|-damage|p1a: Dragapult|95/100
|
|upkeep
|turn|41
|
|t:|1779927191
|move|p1a: Dragapult|Draco Meteor|p2a: Alolamola
|-damage|p2a: Alolamola|16/100
|-unboost|p1a: Dragapult|spa|2
|move|p2a: Alolamola|Mirror Coat|p1a: Dragapult
|-damage|p1a: Dragapult|0 fnt
|faint|p1a: Dragapult
|
|upkeep
|
|t:|1779927194
|switch|p1a: Alomomola|Alomomola, M|94/100
|turn|42
|
|t:|1779927198
|move|p2a: Alolamola|Wish|p2a: Alolamola
|move|p1a: Alomomola|Flip Turn|p2a: Alolamola
|-resisted|p2a: Alolamola
|-damage|p2a: Alolamola|7/100
|-damage|p1a: Alomomola|77/100|[from] item: Rocky Helmet|[of] p2a: Alolamola
|
|upkeep
|turn|43
|
|t:|1779927200
|move|p2a: Alolamola|Protect|p2a: Alolamola
|-singleturn|p2a: Alolamola|Protect
|move|p1a: Alomomola|Flip Turn|p2a: Alolamola
|-activate|p2a: Alolamola|move: Protect
|
|-heal|p2a: Alolamola|57/100|[from] move: Wish|[wisher] Alolamola
|upkeep
|turn|44
|
|t:|1779927202
|move|p2a: Alolamola|Flip Turn|p1a: Alomomola
|-resisted|p1a: Alomomola
|-damage|p1a: Alomomola|75/100
|move|p1a: Alomomola|Flip Turn|p2a: Alolamola
|-resisted|p2a: Alolamola
|-damage|p2a: Alolamola|47/100
|-damage|p1a: Alomomola|58/100|[from] item: Rocky Helmet|[of] p2a: Alolamola
|
|upkeep
|turn|45
|
|t:|1779927207
|move|p2a: Alolamola|Wish|p2a: Alolamola
|move|p1a: Alomomola|Flip Turn|p2a: Alolamola
|-resisted|p2a: Alolamola
|-damage|p2a: Alolamola|37/100
|-damage|p1a: Alomomola|42/100|[from] item: Rocky Helmet|[of] p2a: Alolamola
|
|upkeep
|turn|46
|
|t:|1779927211
|move|p2a: Alolamola|Flip Turn|p1a: Alomomola
|-resisted|p1a: Alomomola
|-damage|p1a: Alomomola|39/100
|move|p1a: Alomomola|Flip Turn|p2a: Alolamola
|-resisted|p2a: Alolamola
|-damage|p2a: Alolamola|28/100
|-damage|p1a: Alomomola|23/100|[from] item: Rocky Helmet|[of] p2a: Alolamola
|
|-heal|p2a: Alolamola|78/100|[from] move: Wish|[wisher] Alolamola
|upkeep
|turn|47
|
|t:|1779927219
|move|p2a: Alolamola|Wish|p2a: Alolamola
|move|p1a: Alomomola|Wish|p1a: Alomomola
|
|upkeep
|turn|48
|
|t:|1779927222
|move|p2a: Alolamola|Flip Turn|p1a: Alomomola
|-resisted|p1a: Alomomola
|-damage|p1a: Alomomola|20/100
|move|p1a: Alomomola|Wish||[still]
|-fail|p1a: Alomomola
|
|-heal|p2a: Alolamola|100/100|[from] move: Wish|[wisher] Alolamola
|-heal|p1a: Alomomola|70/100|[from] move: Wish|[wisher] Alomomola
|upkeep
|turn|49
|c|☆LuckGalicia|Is there any way to call it a tie?
|
|t:|1779927240
|move|p2a: Alolamola|Flip Turn|p1a: Alomomola
|-resisted|p1a: Alomomola
|-damage|p1a: Alomomola|68/100
|move|p1a: Alomomola|Wish|p1a: Alomomola
|
|upkeep
|turn|50
|c|☆Danyel_12098|i don't know
|
|t:|1779927247
|move|p2a: Alolamola|Flip Turn|p1a: Alomomola
|-resisted|p1a: Alomomola
|-damage|p1a: Alomomola|66/100
|move|p1a: Alomomola|Wish||[still]
|-fail|p1a: Alomomola
|
|-heal|p1a: Alomomola|100/100|[from] move: Wish|[wisher] Alomomola
|upkeep
|turn|51
|c|☆LuckGalicia|Gg
|c|☆Danyel_12098|gg
|-message|LuckGalicia forfeited.
|
|win|Danyel_12098
|raw|Danyel_12098's rating: 1175 &rarr; <strong>1201</strong><br />(+26 for winning)
|raw|LuckGalicia's rating: 1192 &rarr; <strong>1166</strong><br />(-26 for losing)
|l|☆LuckGalicia
|player|p2|
