|j|☆giulianno
|j|☆Kakimori
|t:|1779904417
|gametype|singles
|player|p1|giulianno|red|1325
|player|p2|Kakimori|102|1341
|gen|9
|tier|[Gen 9] OU
|rated|
|rule|HP Percentage Mod: HP is shown in percentages
|rule|Endless Battle Clause: Forcing endless battles is banned
|rule|Species Clause: Limit one of each Pokémon
|rule|OHKO Clause: OHKO moves are banned
|rule|Evasion Items Clause: Evasion items are banned
|rule|Evasion Moves Clause: Evasion moves are banned
|rule|Evasion Abilities Clause: Evasion abilities are banned
|rule|Sleep Moves Clause: Sleep-inducing moves are banned
|clearpoke
|poke|p1|Chandelure, M|
|poke|p1|Gallade, M|
|poke|p1|Garchomp, M|
|poke|p1|Weavile, M|
|poke|p1|Gyarados, M|
|poke|p1|Magnezone|
|poke|p2|Mandibuzz, F|
|poke|p2|Skeledirge, F|
|poke|p2|Gliscor, M|
|poke|p2|Gengar, M|
|poke|p2|Milotic, F|
|poke|p2|Rhyperior, M|
|teampreview
|inactive|Battle timer is ON: inactive players will automatically lose when time's up. (requested by giulianno)
|
|t:|1779904429
|teamsize|p1|6
|teamsize|p2|6
|start
|switch|p1a: Weavile|Weavile, M|100/100
|switch|p2a: Bone Breaker|Rhyperior, M|100/100
|-ability|p1a: Weavile|Pressure
|turn|1
|
|t:|1779904447
|switch|p2a: Mandibuzz|Mandibuzz, F|100/100
|move|p1a: Weavile|Swords Dance|p1a: Weavile
|-boost|p1a: Weavile|atk|2
|
|upkeep
|turn|2
|
|t:|1779904454
|move|p1a: Weavile|Knock Off|p2a: Mandibuzz
|-resisted|p2a: Mandibuzz
|-damage|p2a: Mandibuzz|72/100
|-damage|p1a: Weavile|84/100|[from] item: Rocky Helmet|[of] p2a: Mandibuzz
|-enditem|p2a: Mandibuzz|Rocky Helmet|[from] move: Knock Off|[of] p1a: Weavile
|move|p2a: Mandibuzz|Foul Play|p1a: Weavile
|-resisted|p1a: Weavile
|-damage|p1a: Weavile|5/100
|
|upkeep
|turn|3
|
|t:|1779904469
|move|p1a: Weavile|Triple Axel|p2a: Mandibuzz|[miss]
|-miss|p1a: Weavile|p2a: Mandibuzz
|move|p2a: Mandibuzz|Toxic|p1a: Weavile
|-status|p1a: Weavile|tox
|
|-damage|p1a: Weavile|0 fnt|[from] psn
|faint|p1a: Weavile
|upkeep
|
|t:|1779904484
|switch|p1a: Magnezone|Magnezone|100/100
|-item|p1a: Magnezone|Air Balloon
|turn|4
|
|t:|1779904500
|switch|p2a: Bone Breaker|Rhyperior, M|100/100
|move|p1a: Magnezone|Substitute|p1a: Magnezone
|-start|p1a: Magnezone|Substitute
|-damage|p1a: Magnezone|76/100
|
|upkeep
|turn|5
|
|t:|1779904516
|move|p1a: Magnezone|Flash Cannon|p2a: Bone Breaker
|-supereffective|p2a: Bone Breaker
|-damage|p2a: Bone Breaker|59/100
|move|p2a: Bone Breaker|Stone Edge|p1a: Magnezone
|-resisted|p1a: Magnezone
|-end|p1a: Magnezone|Substitute
|-enditem|p1a: Magnezone|Air Balloon
|
|upkeep
|turn|6
|
|t:|1779904533
|move|p1a: Magnezone|Substitute|p1a: Magnezone
|-start|p1a: Magnezone|Substitute
|-damage|p1a: Magnezone|51/100
|move|p2a: Bone Breaker|Earthquake|p1a: Magnezone
|-supereffective|p1a: Magnezone
|-end|p1a: Magnezone|Substitute
|
|upkeep
|turn|7
|
|t:|1779904546
|switch|p1a: Gyarados|Gyarados, M|100/100
|move|p2a: Bone Breaker|Earthquake|p1a: Gyarados
|-immune|p1a: Gyarados
|
|upkeep
|turn|8
|
|t:|1779904555
|-terastallize|p2a: Bone Breaker|Electric
|move|p1a: Gyarados|Waterfall|p2a: Bone Breaker
|-damage|p2a: Bone Breaker|37/100
|move|p2a: Bone Breaker|Supercell Slam|p1a: Gyarados
|-supereffective|p1a: Gyarados
|-damage|p1a: Gyarados|0 fnt
|faint|p1a: Gyarados
|
|upkeep
|
|t:|1779904565
|switch|p1a: Garchomp|Garchomp, M, shiny|100/100
|turn|9
|
|t:|1779904571
|move|p1a: Garchomp|Swords Dance|p1a: Garchomp
|-boost|p1a: Garchomp|atk|2
|move|p2a: Bone Breaker|Ice Punch|p1a: Garchomp
|-supereffective|p1a: Garchomp
|-damage|p1a: Garchomp|6/100
|-damage|p2a: Bone Breaker|24/100|[from] ability: Rough Skin|[of] p1a: Garchomp
|
|upkeep
|turn|10
|
|t:|1779904583
|move|p1a: Garchomp|Scale Shot|p2a: Bone Breaker
|-damage|p2a: Bone Breaker|9/100
|-damage|p2a: Bone Breaker|0 fnt
|faint|p2a: Bone Breaker
|-hitcount|p2: Bone Breaker|2
|-unboost|p1a: Garchomp|def|1
|-boost|p1a: Garchomp|spe|1
|
|upkeep
|
|t:|1779904599
|switch|p2a: Skeledirge|Skeledirge, F|100/100
|turn|11
|
|t:|1779904609
|switch|p2a: Gliscor|Gliscor, M|100/100
|move|p1a: Garchomp|Earthquake|p2a: Gliscor
|-immune|p2a: Gliscor
|
|-status|p2a: Gliscor|tox|[from] item: Toxic Orb
|upkeep
|turn|12
|
|t:|1779904619
|move|p1a: Garchomp|Scale Shot|p2a: Gliscor
|-damage|p2a: Gliscor|81/100 tox
|-damage|p2a: Gliscor|64/100 tox
|-damage|p2a: Gliscor|45/100 tox
|-damage|p2a: Gliscor|28/100 tox
|-damage|p2a: Gliscor|10/100 tox
|-hitcount|p2a: Gliscor|5
|-unboost|p1a: Garchomp|def|1
|-boost|p1a: Garchomp|spe|1
|move|p2a: Gliscor|Earthquake|p1a: Garchomp
|-damage|p1a: Garchomp|0 fnt
|faint|p1a: Garchomp
|
|-heal|p2a: Gliscor|22/100 tox|[from] ability: Poison Heal
|upkeep
|inactive|giulianno has 120 seconds left.
|
|t:|1779904650
|switch|p1a: Chandelure|Chandelure, M|100/100
|turn|13
|
|t:|1779904659
|move|p1a: Chandelure|Shadow Ball|p2a: Gliscor
|-damage|p2a: Gliscor|0 fnt
|faint|p2a: Gliscor
|
|upkeep
|
|t:|1779904671
|switch|p2a: Milotic|Milotic, F|100/100
|turn|14
|
|t:|1779904674
|move|p1a: Chandelure|Energy Ball|p2a: Milotic
|-supereffective|p2a: Milotic
|-damage|p2a: Milotic|54/100
|move|p2a: Milotic|Scald|p1a: Chandelure
|-supereffective|p1a: Chandelure
|-damage|p1a: Chandelure|25/100
|
|-heal|p2a: Milotic|61/100|[from] item: Leftovers
|upkeep
|turn|15
|
|t:|1779904687
|move|p1a: Chandelure|Energy Ball|p2a: Milotic
|-supereffective|p2a: Milotic
|-damage|p2a: Milotic|21/100
|move|p2a: Milotic|Scald|p1a: Chandelure
|-supereffective|p1a: Chandelure
|-damage|p1a: Chandelure|0 fnt
|faint|p1a: Chandelure
|
|-heal|p2a: Milotic|27/100|[from] item: Leftovers
|upkeep
|
|t:|1779904699
|switch|p1a: Magnezone|Magnezone|51/100
|turn|16
|
|t:|1779904704
|move|p1a: Magnezone|Discharge|p2a: Milotic
|-supereffective|p2a: Milotic
|-damage|p2a: Milotic|0 fnt
|faint|p2a: Milotic
|
|upkeep
|
|t:|1779904717
|switch|p2a: Gengar|Gengar, M|100/100
|turn|17
|
|t:|1779904725
|move|p2a: Gengar|Substitute|p2a: Gengar
|-start|p2a: Gengar|Substitute
|-damage|p2a: Gengar|76/100
|move|p1a: Magnezone|Discharge|p2a: Gengar
|-end|p2a: Gengar|Substitute
|
|-heal|p2a: Gengar|82/100|[from] item: Leftovers
|upkeep
|turn|18
|
|t:|1779904733
|move|p2a: Gengar|Disable|p1a: Magnezone
|-start|p1a: Magnezone|Disable|Discharge
|cant|p1a: Magnezone|Disable|Discharge
|
|-heal|p2a: Gengar|88/100|[from] item: Leftovers
|upkeep
|turn|19
|
|t:|1779904742
|move|p2a: Gengar|Substitute|p2a: Gengar
|-start|p2a: Gengar|Substitute
|-damage|p2a: Gengar|63/100
|move|p1a: Magnezone|Thunder Wave||[still]
|-fail|p1a: Magnezone
|
|-heal|p2a: Gengar|69/100|[from] item: Leftovers
|upkeep
|turn|20
|
|t:|1779904749
|move|p2a: Gengar|Shadow Ball|p1a: Magnezone
|-damage|p1a: Magnezone|0 fnt
|faint|p1a: Magnezone
|
|-heal|p2a: Gengar|75/100|[from] item: Leftovers
|upkeep
|
|t:|1779904755
|switch|p1a: Gallade|Gallade, M|100/100
|turn|21
|
|t:|1779904760
|move|p1a: Gallade|Psycho Cut|p2a: Gengar
|-supereffective|p2a: Gengar
|-end|p2a: Gengar|Substitute
|move|p2a: Gengar|Shadow Ball|p1a: Gallade
|-supereffective|p1a: Gallade
|-damage|p1a: Gallade|12/100
|-unboost|p1a: Gallade|spd|1
|
|-heal|p2a: Gengar|81/100|[from] item: Leftovers
|upkeep
|turn|22
|
|t:|1779904770
|move|p1a: Gallade|Psycho Cut|p2a: Gengar
|-supereffective|p2a: Gengar
|-damage|p2a: Gengar|0 fnt
|faint|p2a: Gengar
|
|upkeep
|
|t:|1779904777
|switch|p2a: Mandibuzz|Mandibuzz, F|72/100
|turn|23
|
|t:|1779904781
|move|p1a: Gallade|Psycho Cut|p2a: Mandibuzz
|-immune|p2a: Mandibuzz
|move|p2a: Mandibuzz|Foul Play|p1a: Gallade
|-damage|p1a: Gallade|0 fnt
|faint|p1a: Gallade
|
|win|Kakimori
|raw|giulianno's rating: 1325 &rarr; <strong>1306</strong><br />(-19 for losing)
|raw|Kakimori's rating: 1341 &rarr; <strong>1360</strong><br />(+19 for winning)
|l|☆giulianno
|player|p1|
