|j|☆jbrunson
|j|☆claudechamp
|t:|1779811471
|gametype|singles
|player|p1|jbrunson|buck|1321
|player|p2|claudechamp|265|1277
|gen|9
|tier|[Gen 9] OU
|rated|
|rule|HP Percentage Mod: HP is shown in percentages
|rule|Endless Battle Clause: Forcing endless battles is banned
|rule|Species Clause: Limit one of each Pokémon
|rule|OHKO Clause: OHKO moves are banned
|rule|Evasion Items Clause: Evasion items are banned
|rule|Evasion Moves Clause: Evasion moves are banned
|rule|Evasion Abilities Clause: Evasion abilities are banned
|rule|Sleep Moves Clause: Sleep-inducing moves are banned
|clearpoke
|poke|p1|Iron Moth|
|poke|p1|Gliscor, F|
|poke|p1|Hatterene, F|
|poke|p1|Ogerpon-Wellspring, F|
|poke|p1|Raging Bolt|
|poke|p1|Zamazenta-*|
|poke|p2|Gliscor, F|
|poke|p2|Gholdengo|
|poke|p2|Zamazenta-*|
|poke|p2|Blissey, F|
|poke|p2|Skarmory, M|
|poke|p2|Pecharunt|
|teampreview
|c|☆claudechamp|hf
|inactive|Battle timer is ON: inactive players will automatically lose when time's up. (requested by claudechamp)
|
|t:|1779811477
|teamsize|p1|6
|teamsize|p2|6
|start
|switch|p1a: Zamazenta|Zamazenta|100/100
|switch|p2a: Skarmory|Skarmory, M|100/100
|-ability|p1a: Zamazenta|Dauntless Shield|boost
|-boost|p1a: Zamazenta|def|1
|turn|1
|
|t:|1779811484
|switch|p1a: Hatterene|Hatterene, F|100/100
|move|p2a: Skarmory|Spikes|p1a: Hatterene
|move|p1a: Hatterene|Spikes|p2a: Skarmory|[from] ability: Magic Bounce
|-sidestart|p2: claudechamp|Spikes
|
|upkeep
|turn|2
|
|t:|1779811493
|move|p2a: Skarmory|Body Press|p1a: Hatterene
|-resisted|p1a: Hatterene
|-crit|p1a: Hatterene
|-damage|p1a: Hatterene|91/100
|move|p1a: Hatterene|Calm Mind|p1a: Hatterene
|-boost|p1a: Hatterene|spa|1
|-boost|p1a: Hatterene|spd|1
|
|-heal|p1a: Hatterene|97/100|[from] item: Leftovers
|upkeep
|turn|3
|
|t:|1779811497
|move|p1a: Hatterene|Calm Mind|p1a: Hatterene
|-boost|p1a: Hatterene|spa|1
|-boost|p1a: Hatterene|spd|1
|move|p2a: Skarmory|Whirlwind|p1a: Hatterene
|move|p1a: Hatterene|Whirlwind|p2a: Skarmory|[from] ability: Magic Bounce
|drag|p2a: Zamazenta|Zamazenta|100/100
|-ability|p2a: Zamazenta|Dauntless Shield|boost
|-boost|p2a: Zamazenta|def|1
|
|-heal|p1a: Hatterene|100/100|[from] item: Leftovers
|upkeep
|turn|4
|
|t:|1779811508
|switch|p2a: Skarmory|Skarmory, M|100/100
|-terastallize|p1a: Hatterene|Water
|move|p1a: Hatterene|Stored Power|p2a: Skarmory
|-resisted|p2a: Skarmory
|-damage|p2a: Skarmory|35/100
|
|upkeep
|turn|5
|
|t:|1779811517
|move|p2a: Skarmory|Body Press|p1a: Hatterene
|-crit|p1a: Hatterene
|-damage|p1a: Hatterene|64/100
|move|p1a: Hatterene|Mystical Fire|p2a: Skarmory
|-supereffective|p2a: Skarmory
|-damage|p2a: Skarmory|0 fnt
|faint|p2a: Skarmory
|
|-heal|p1a: Hatterene|70/100|[from] item: Leftovers
|upkeep
|
|t:|1779811522
|switch|p2a: Pecharunt|Pecharunt|100/100
|turn|6
|
|t:|1779811526
|move|p2a: Pecharunt|Shadow Ball|p1a: Hatterene
|-damage|p1a: Hatterene|58/100
|move|p1a: Hatterene|Stored Power|p2a: Pecharunt
|-supereffective|p2a: Pecharunt
|-damage|p2a: Pecharunt|0 fnt
|faint|p2a: Pecharunt
|
|-heal|p1a: Hatterene|64/100|[from] item: Leftovers
|upkeep
|
|t:|1779811529
|switch|p2a: Blissey|Blissey, F|100/100
|turn|7
|
|t:|1779811553
|switch|p1a: Zamazenta|Zamazenta|100/100
|move|p2a: Blissey|Shadow Ball|p1a: Zamazenta
|-damage|p1a: Zamazenta|90/100
|
|upkeep
|turn|8
|
|t:|1779811559
|switch|p2a: Gliscor|Gliscor, F|100/100
|move|p1a: Zamazenta|Light Screen|p1a: Zamazenta
|-sidestart|p1: jbrunson|move: Light Screen
|
|-status|p2a: Gliscor|tox|[from] item: Toxic Orb
|upkeep
|turn|9
|
|t:|1779811564
|move|p1a: Zamazenta|Reflect|p1a: Zamazenta
|-sidestart|p1: jbrunson|Reflect
|move|p2a: Gliscor|Swords Dance|p2a: Gliscor
|-boost|p2a: Gliscor|atk|2
|
|upkeep
|turn|10
|
|t:|1779811568
|move|p1a: Zamazenta|Ice Fang|p2a: Gliscor
|-supereffective|p2a: Gliscor
|-crit|p2a: Gliscor
|-damage|p2a: Gliscor|8/100 tox
|move|p2a: Gliscor|Knock Off|p1a: Zamazenta
|-resisted|p1a: Zamazenta
|-damage|p1a: Zamazenta|82/100
|-enditem|p1a: Zamazenta|Light Clay|[from] move: Knock Off|[of] p2a: Gliscor
|
|-heal|p2a: Gliscor|21/100 tox|[from] ability: Poison Heal
|upkeep
|turn|11
|
|t:|1779811574
|move|p2a: Gliscor|Protect|p2a: Gliscor
|-singleturn|p2a: Gliscor|Protect
|move|p1a: Zamazenta|Ice Fang|p2a: Gliscor
|-activate|p2a: Gliscor|move: Protect
|
|-heal|p2a: Gliscor|33/100 tox|[from] ability: Poison Heal
|upkeep
|turn|12
|
|t:|1779811576
|switch|p2a: Gholdengo|Gholdengo|100/100
|-damage|p2a: Gholdengo|88/100|[from] Spikes
|move|p1a: Zamazenta|Ice Fang|p2a: Gholdengo
|-resisted|p2a: Gholdengo
|-damage|p2a: Gholdengo|81/100
|
|upkeep
|turn|13
|
|t:|1779811589
|switch|p1a: Hatterene|Hatterene, F, tera:Water|64/100
|move|p2a: Gholdengo|Recover|p2a: Gholdengo
|-heal|p2a: Gholdengo|100/100
|
|-heal|p1a: Hatterene|70/100|[from] item: Leftovers
|upkeep
|turn|14
|
|t:|1779811597
|switch|p2a: Gliscor|Gliscor, F|33/100 tox
|move|p1a: Hatterene|Mystical Fire|p2a: Gliscor
|-damage|p2a: Gliscor|14/100 tox
|-unboost|p2a: Gliscor|spa|1
|
|-heal|p1a: Hatterene|76/100|[from] item: Leftovers
|-heal|p2a: Gliscor|26/100 tox|[from] ability: Poison Heal
|upkeep
|turn|15
|inactive|jbrunson has 120 seconds left.
|
|t:|1779811641
|switch|p1a: Ogerpon|Ogerpon-Wellspring, F|100/100
|move|p2a: Gliscor|Knock Off|p1a: Ogerpon
|-damage|p1a: Ogerpon|92/100
|
|-heal|p2a: Gliscor|39/100 tox|[from] ability: Poison Heal
|-sideend|p1: jbrunson|move: Light Screen
|upkeep
|turn|16
|
|t:|1779811647
|move|p1a: Ogerpon|Ivy Cudgel|p2a: Gliscor|[anim] Ivy Cudgel Water
|-supereffective|p2a: Gliscor
|-damage|p2a: Gliscor|0 fnt
|faint|p2a: Gliscor
|
|-sideend|p1: jbrunson|Reflect
|upkeep
|
|t:|1779811654
|switch|p2a: Gholdengo|Gholdengo|100/100
|-damage|p2a: Gholdengo|88/100|[from] Spikes
|turn|17
|
|t:|1779811663
|move|p1a: Ogerpon|Trailblaze|p2a: Gholdengo
|-resisted|p2a: Gholdengo
|-damage|p2a: Gholdengo|75/100
|-boost|p1a: Ogerpon|spe|1
|move|p2a: Gholdengo|Recover|p2a: Gholdengo
|-heal|p2a: Gholdengo|100/100
|
|upkeep
|turn|18
|
|t:|1779811671
|move|p1a: Ogerpon|Encore|p2a: Gholdengo
|-immune|p2a: Gholdengo|[from] ability: Good as Gold
|move|p2a: Gholdengo|Hex|p1a: Ogerpon
|-damage|p1a: Ogerpon|57/100
|
|upkeep
|turn|19
|
|t:|1779811678
|-terastallize|p2a: Gholdengo|Fairy
|move|p1a: Ogerpon|Ivy Cudgel|p2a: Gholdengo|[anim] Ivy Cudgel Water
|-damage|p2a: Gholdengo|49/100
|move|p2a: Gholdengo|Nasty Plot|p2a: Gholdengo
|-boost|p2a: Gholdengo|spa|2
|
|upkeep
|turn|20
|
|t:|1779811684
|move|p1a: Ogerpon|Ivy Cudgel|p2a: Gholdengo|[anim] Ivy Cudgel Water
|-damage|p2a: Gholdengo|0 fnt
|faint|p2a: Gholdengo
|
|upkeep
|
|t:|1779811693
|switch|p2a: Zamazenta|Zamazenta|100/100
|turn|21
|
|t:|1779811698
|move|p1a: Ogerpon|Ivy Cudgel|p2a: Zamazenta|[anim] Ivy Cudgel Water
|-damage|p2a: Zamazenta|39/100
|move|p2a: Zamazenta|Close Combat|p1a: Ogerpon
|-damage|p1a: Ogerpon|0 fnt
|-unboost|p2a: Zamazenta|def|1
|-unboost|p2a: Zamazenta|spd|1
|faint|p1a: Ogerpon
|
|upkeep
|
|t:|1779811707
|switch|p1a: Iron Moth|Iron Moth|100/100
|-enditem|p1a: Iron Moth|Booster Energy
|-activate|p1a: Iron Moth|ability: Quark Drive|[fromitem]
|-start|p1a: Iron Moth|quarkdrivespe
|turn|22
|
|t:|1779811716
|switch|p2a: Blissey|Blissey, F|100/100
|move|p1a: Iron Moth|Fiery Dance|p2a: Blissey
|-damage|p2a: Blissey|89/100
|-boost|p1a: Iron Moth|spa|1
|
|upkeep
|turn|23
|
|t:|1779811730
|-end|p1a: Iron Moth|Quark Drive|[silent]
|switch|p1a: Zamazenta|Zamazenta|82/100
|move|p2a: Blissey|Shadow Ball|p1a: Zamazenta
|-damage|p1a: Zamazenta|71/100
|
|upkeep
|turn|24
|
|t:|1779811741
|move|p1a: Zamazenta|Light Screen|p1a: Zamazenta
|-sidestart|p1: jbrunson|move: Light Screen
|move|p2a: Blissey|Calm Mind|p2a: Blissey
|-boost|p2a: Blissey|spa|1
|-boost|p2a: Blissey|spd|1
|
|upkeep
|turn|25
|
|t:|1779811747
|move|p1a: Zamazenta|Reflect|p1a: Zamazenta
|-sidestart|p1: jbrunson|Reflect
|move|p2a: Blissey|Stealth Rock|p1a: Zamazenta
|-sidestart|p1: jbrunson|move: Stealth Rock
|
|upkeep
|turn|26
|
|t:|1779811761
|move|p1a: Zamazenta|Close Combat|p2a: Blissey
|-supereffective|p2a: Blissey
|-damage|p2a: Blissey|0 fnt
|-unboost|p1a: Zamazenta|def|1
|-unboost|p1a: Zamazenta|spd|1
|faint|p2a: Blissey
|
|upkeep
|
|t:|1779811774
|switch|p2a: Zamazenta|Zamazenta|39/100
|turn|27
|
|t:|1779811788
|move|p2a: Zamazenta|Ice Fang|p1a: Zamazenta
|-damage|p1a: Zamazenta|59/100
|move|p1a: Zamazenta|Close Combat|p2a: Zamazenta
|-damage|p2a: Zamazenta|0 fnt
|-unboost|p1a: Zamazenta|def|1
|-unboost|p1a: Zamazenta|spd|1
|faint|p2a: Zamazenta
|
|win|jbrunson
|raw|jbrunson's rating: 1321 &rarr; <strong>1340</strong><br />(+19 for winning)
|raw|claudechamp's rating: 1303 &rarr; <strong>1284</strong><br />(-19 for losing)
|c|☆claudechamp|gg
