|j|☆Dragavian NTK
|j|☆claudechamp
|t:|1779807927
|gametype|singles
|player|p1|Dragavian NTK|gentleman-gen4|1374
|player|p2|claudechamp|265|1306
|gen|9
|tier|[Gen 9] OU
|rated|
|rule|HP Percentage Mod: HP is shown in percentages
|rule|Endless Battle Clause: Forcing endless battles is banned
|rule|Species Clause: Limit one of each Pokémon
|rule|OHKO Clause: OHKO moves are banned
|rule|Evasion Items Clause: Evasion items are banned
|rule|Evasion Moves Clause: Evasion moves are banned
|rule|Evasion Abilities Clause: Evasion abilities are banned
|rule|Sleep Moves Clause: Sleep-inducing moves are banned
|clearpoke
|poke|p1|Dragonite, M|
|poke|p1|Dragapult, F|
|poke|p1|Scizor, M|
|poke|p1|Cresselia, F|
|poke|p1|Rillaboom, M|
|poke|p1|Heatran, F|
|poke|p2|Corviknight, M|
|poke|p2|Ting-Lu|
|poke|p2|Kyurem|
|poke|p2|Dondozo, M|
|poke|p2|Slowking-Galar, M|
|poke|p2|Cinderace, F|
|teampreview
|c|☆claudechamp|hf
|inactive|Battle timer is ON: inactive players will automatically lose when time's up. (requested by Dragavian NTK)
|inactive|claudechamp also wants the timer to be on.
|
|t:|1779807934
|teamsize|p1|6
|teamsize|p2|6
|start
|switch|p1a: Dragapult|Dragapult, F|100/100
|switch|p2a: Cinderace|Cinderace, F|100/100
|turn|1
|
|t:|1779807941
|move|p1a: Dragapult|U-turn|p2a: Cinderace
|-resisted|p2a: Cinderace
|-damage|p2a: Cinderace|90/100
|
|t:|1779807947
|switch|p1a: Scizor|Scizor, M|100/100|[from] U-turn
|move|p2a: Cinderace|Pyro Ball|p1a: Scizor
|-supereffective|p1a: Scizor
|-damage|p1a: Scizor|0 fnt
|faint|p1a: Scizor
|
|upkeep
|
|t:|1779807961
|switch|p1a: Dragapult|Dragapult, F|100/100
|turn|2
|
|t:|1779807966
|switch|p2a: Kyurem|Kyurem|100/100
|-ability|p2a: Kyurem|Pressure
|move|p1a: Dragapult|Draco Meteor|p2a: Kyurem|[miss]
|-miss|p1a: Dragapult|p2a: Kyurem
|
|upkeep
|turn|3
|
|t:|1779807973
|-terastallize|p2a: Kyurem|Ground
|move|p1a: Dragapult|Draco Meteor|p2a: Kyurem
|-damage|p2a: Kyurem|13/100
|-unboost|p1a: Dragapult|spa|2
|move|p2a: Kyurem|Freeze-Dry|p1a: Dragapult
|-supereffective|p1a: Dragapult
|-damage|p1a: Dragapult|5/100
|
|-heal|p2a: Kyurem|20/100|[from] item: Leftovers
|upkeep
|turn|4
|
|t:|1779807978
|switch|p2a: Ting-Lu|Ting-Lu|100/100
|-ability|p2a: Ting-Lu|Vessel of Ruin
|move|p1a: Dragapult|Draco Meteor|p2a: Ting-Lu
|-damage|p2a: Ting-Lu|80/100
|-unboost|p1a: Dragapult|spa|2
|
|-heal|p2a: Ting-Lu|86/100|[from] item: Leftovers
|upkeep
|turn|5
|
|t:|1779807989
|switch|p1a: Rillaboom|Rillaboom, M|100/100
|-fieldstart|move: Grassy Terrain|[from] ability: Grassy Surge|[of] p1a: Rillaboom
|move|p2a: Ting-Lu|Earthquake|p1a: Rillaboom
|-resisted|p1a: Rillaboom
|-damage|p1a: Rillaboom|92/100
|-enditem|p1a: Rillaboom|Red Card|[of] p2a: Ting-Lu
|drag|p2a: Dondozo|Dondozo, M|100/100
|
|-heal|p1a: Rillaboom|98/100|[from] Grassy Terrain
|upkeep
|turn|6
|
|t:|1779807999
|move|p1a: Rillaboom|Swords Dance|p1a: Rillaboom
|-boost|p1a: Rillaboom|atk|2
|move|p2a: Dondozo|Waterfall|p1a: Rillaboom
|-resisted|p1a: Rillaboom
|-damage|p1a: Rillaboom|86/100
|
|-heal|p1a: Rillaboom|92/100|[from] Grassy Terrain
|upkeep
|turn|7
|
|t:|1779808007
|move|p1a: Rillaboom|Grassy Glide|p2a: Dondozo
|-supereffective|p2a: Dondozo
|-damage|p2a: Dondozo|54/100
|move|p2a: Dondozo|Waterfall|p1a: Rillaboom
|-resisted|p1a: Rillaboom
|-damage|p1a: Rillaboom|80/100
|
|-heal|p1a: Rillaboom|86/100|[from] Grassy Terrain
|-heal|p2a: Dondozo|60/100|[from] Grassy Terrain
|-heal|p2a: Dondozo|66/100|[from] item: Leftovers
|upkeep
|turn|8
|
|t:|1779808012
|switch|p2a: Slowking|Slowking-Galar, M|100/100
|move|p1a: Rillaboom|Grassy Glide|p2a: Slowking
|-resisted|p2a: Slowking
|-damage|p2a: Slowking|70/100
|
|-heal|p1a: Rillaboom|92/100|[from] Grassy Terrain
|-heal|p2a: Slowking|76/100|[from] Grassy Terrain
|upkeep
|turn|9
|
|t:|1779808017
|move|p1a: Rillaboom|High Horsepower|p2a: Slowking
|-supereffective|p2a: Slowking
|-enditem|p2a: Slowking|Shuca Berry|[eat]
|-enditem|p2a: Slowking|Shuca Berry|[weaken]
|-damage|p2a: Slowking|22/100
|move|p2a: Slowking|Sludge Bomb|p1a: Rillaboom
|-supereffective|p1a: Rillaboom
|-damage|p1a: Rillaboom|17/100
|
|-heal|p1a: Rillaboom|23/100|[from] Grassy Terrain
|-heal|p2a: Slowking|28/100|[from] Grassy Terrain
|-fieldend|move: Grassy Terrain
|upkeep
|turn|10
|
|t:|1779808027
|move|p1a: Rillaboom|High Horsepower|p2a: Slowking
|-supereffective|p2a: Slowking
|-damage|p2a: Slowking|0 fnt
|faint|p2a: Slowking
|
|upkeep
|
|t:|1779808033
|switch|p2a: Kyurem|Kyurem, tera:Ground|20/100
|-ability|p2a: Kyurem|Pressure
|turn|11
|
|t:|1779808055
|switch|p1a: Cresselia|Cresselia, F|100/100
|move|p2a: Kyurem|Earth Power|p1a: Cresselia
|-immune|p1a: Cresselia|[from] ability: Levitate
|
|-heal|p2a: Kyurem|26/100|[from] item: Leftovers
|upkeep
|turn|12
|
|t:|1779808059
|move|p2a: Kyurem|Freeze-Dry|p1a: Cresselia
|-damage|p1a: Cresselia|79/100
|move|p1a: Cresselia|Moonblast|p2a: Kyurem
|-damage|p2a: Kyurem|10/100
|
|-heal|p2a: Kyurem|16/100|[from] item: Leftovers
|-heal|p1a: Cresselia|85/100|[from] item: Leftovers
|upkeep
|turn|13
|
|t:|1779808065
|switch|p2a: Ting-Lu|Ting-Lu|86/100
|-ability|p2a: Ting-Lu|Vessel of Ruin
|move|p1a: Cresselia|Moonblast|p2a: Ting-Lu
|-supereffective|p2a: Ting-Lu
|-damage|p2a: Ting-Lu|72/100
|
|-heal|p1a: Cresselia|91/100|[from] item: Leftovers
|-heal|p2a: Ting-Lu|78/100|[from] item: Leftovers
|upkeep
|turn|14
|
|t:|1779808072
|switch|p1a: Rillaboom|Rillaboom, M|23/100
|-fieldstart|move: Grassy Terrain|[from] ability: Grassy Surge|[of] p1a: Rillaboom
|move|p2a: Ting-Lu|Payback|p1a: Rillaboom
|-damage|p1a: Rillaboom|6/100
|
|-heal|p1a: Rillaboom|13/100|[from] Grassy Terrain
|-heal|p2a: Ting-Lu|85/100|[from] Grassy Terrain
|-heal|p2a: Ting-Lu|91/100|[from] item: Leftovers
|upkeep
|turn|15
|
|t:|1779808083
|switch|p2a: Corviknight|Corviknight, M|100/100
|-ability|p2a: Corviknight|Pressure
|move|p1a: Rillaboom|Grassy Glide|p2a: Corviknight
|-resisted|p2a: Corviknight
|-damage|p2a: Corviknight|95/100
|-damage|p1a: Rillaboom|0 fnt|[from] item: Rocky Helmet|[of] p2a: Corviknight
|faint|p1a: Rillaboom
|
|upkeep
|
|t:|1779808091
|switch|p1a: Heatran|Heatran, F|100/100
|-item|p1a: Heatran|Air Balloon
|turn|16
|
|t:|1779808099
|switch|p2a: Dondozo|Dondozo, M|66/100
|move|p1a: Heatran|Stealth Rock|p2a: Dondozo
|-sidestart|p2: claudechamp|move: Stealth Rock
|
|-heal|p2a: Dondozo|72/100|[from] Grassy Terrain
|-heal|p2a: Dondozo|79/100|[from] item: Leftovers
|upkeep
|turn|17
|
|t:|1779808109
|move|p1a: Heatran|Lava Plume|p2a: Dondozo
|-resisted|p2a: Dondozo
|-damage|p2a: Dondozo|64/100
|-status|p2a: Dondozo|brn
|move|p2a: Dondozo|Waterfall|p1a: Heatran
|-supereffective|p1a: Heatran
|-damage|p1a: Heatran|79/100
|-enditem|p1a: Heatran|Air Balloon
|
|-heal|p1a: Heatran|85/100|[from] Grassy Terrain
|-heal|p2a: Dondozo|70/100 brn|[from] Grassy Terrain
|-heal|p2a: Dondozo|76/100 brn|[from] item: Leftovers
|-damage|p2a: Dondozo|70/100 brn|[from] brn
|upkeep
|turn|18
|
|t:|1779808126
|switch|p1a: Cresselia|Cresselia, F|91/100
|move|p2a: Dondozo|Rest|p2a: Dondozo
|-status|p2a: Dondozo|slp|[from] move: Rest
|-heal|p2a: Dondozo|100/100 slp|[silent]
|
|-heal|p1a: Cresselia|98/100|[from] item: Leftovers
|-fieldend|move: Grassy Terrain
|upkeep
|turn|19
|
|t:|1779808137
|switch|p1a: Dragapult|Dragapult, F|5/100
|switch|p2a: Cinderace|Cinderace, F|90/100
|
|upkeep
|turn|20
|
|t:|1779808144
|switch|p2a: Ting-Lu|Ting-Lu|91/100
|-damage|p2a: Ting-Lu|85/100|[from] Stealth Rock
|-ability|p2a: Ting-Lu|Vessel of Ruin
|move|p1a: Dragapult|Draco Meteor|p2a: Ting-Lu
|-damage|p2a: Ting-Lu|46/100
|-unboost|p1a: Dragapult|spa|2
|
|-heal|p2a: Ting-Lu|53/100|[from] item: Leftovers
|upkeep
|turn|21
|
|t:|1779808156
|switch|p1a: Cresselia|Cresselia, F|98/100
|move|p2a: Ting-Lu|Payback|p1a: Cresselia
|-supereffective|p1a: Cresselia
|-damage|p1a: Cresselia|77/100
|
|-heal|p1a: Cresselia|83/100|[from] item: Leftovers
|-heal|p2a: Ting-Lu|59/100|[from] item: Leftovers
|upkeep
|turn|22
|
|t:|1779808163
|move|p1a: Cresselia|Calm Mind|p1a: Cresselia
|-boost|p1a: Cresselia|spa|1
|-boost|p1a: Cresselia|spd|1
|move|p2a: Ting-Lu|Payback|p1a: Cresselia
|-supereffective|p1a: Cresselia
|-damage|p1a: Cresselia|44/100
|
|-heal|p1a: Cresselia|51/100|[from] item: Leftovers
|-heal|p2a: Ting-Lu|65/100|[from] item: Leftovers
|upkeep
|turn|23
|
|t:|1779808171
|-terastallize|p1a: Cresselia|Poison
|move|p1a: Cresselia|Moonlight|p1a: Cresselia
|-heal|p1a: Cresselia|100/100
|move|p2a: Ting-Lu|Payback|p1a: Cresselia
|-damage|p1a: Cresselia|80/100
|
|-heal|p1a: Cresselia|86/100|[from] item: Leftovers
|-heal|p2a: Ting-Lu|71/100|[from] item: Leftovers
|upkeep
|turn|24
|
|t:|1779808179
|switch|p2a: Cinderace|Cinderace, F|90/100
|move|p1a: Cresselia|Calm Mind|p1a: Cresselia
|-boost|p1a: Cresselia|spa|1
|-boost|p1a: Cresselia|spd|1
|
|-heal|p1a: Cresselia|92/100|[from] item: Leftovers
|upkeep
|turn|25
|
|t:|1779808189
|move|p2a: Cinderace|Pyro Ball|p1a: Cresselia
|-damage|p1a: Cresselia|65/100
|move|p1a: Cresselia|Calm Mind|p1a: Cresselia
|-boost|p1a: Cresselia|spa|1
|-boost|p1a: Cresselia|spd|1
|
|-heal|p1a: Cresselia|71/100|[from] item: Leftovers
|upkeep
|turn|26
|
|t:|1779808196
|switch|p2a: Ting-Lu|Ting-Lu|71/100
|-damage|p2a: Ting-Lu|65/100|[from] Stealth Rock
|-ability|p2a: Ting-Lu|Vessel of Ruin
|move|p1a: Cresselia|Calm Mind|p1a: Cresselia
|-boost|p1a: Cresselia|spa|1
|-boost|p1a: Cresselia|spd|1
|
|-heal|p1a: Cresselia|77/100|[from] item: Leftovers
|-heal|p2a: Ting-Lu|71/100|[from] item: Leftovers
|upkeep
|turn|27
|
|t:|1779808207
|move|p1a: Cresselia|Calm Mind|p1a: Cresselia
|-boost|p1a: Cresselia|spa|1
|-boost|p1a: Cresselia|spd|1
|move|p2a: Ting-Lu|Earthquake|p1a: Cresselia
|-immune|p1a: Cresselia|[from] ability: Levitate
|
|-heal|p1a: Cresselia|83/100|[from] item: Leftovers
|-heal|p2a: Ting-Lu|78/100|[from] item: Leftovers
|upkeep
|turn|28
|
|t:|1779808217
|move|p1a: Cresselia|Calm Mind|p1a: Cresselia
|-boost|p1a: Cresselia|spa|1
|-boost|p1a: Cresselia|spd|1
|move|p2a: Ting-Lu|Earthquake|p1a: Cresselia
|-immune|p1a: Cresselia|[from] ability: Levitate
|
|-heal|p1a: Cresselia|90/100|[from] item: Leftovers
|-heal|p2a: Ting-Lu|84/100|[from] item: Leftovers
|upkeep
|turn|29
|
|t:|1779808227
|switch|p2a: Cinderace|Cinderace, F|90/100
|move|p1a: Cresselia|Moonblast|p2a: Cinderace
|-resisted|p2a: Cinderace
|-damage|p2a: Cinderace|48/100
|
|-heal|p1a: Cresselia|96/100|[from] item: Leftovers
|upkeep
|turn|30
|
|t:|1779808234
|move|p2a: Cinderace|Pyro Ball|p1a: Cresselia
|-damage|p1a: Cresselia|71/100
|move|p1a: Cresselia|Moonblast|p2a: Cinderace
|-resisted|p2a: Cinderace
|-damage|p2a: Cinderace|5/100
|-unboost|p2a: Cinderace|spa|1
|
|-heal|p1a: Cresselia|77/100|[from] item: Leftovers
|upkeep
|turn|31
|
|t:|1779808246
|switch|p2a: Ting-Lu|Ting-Lu|84/100
|-damage|p2a: Ting-Lu|78/100|[from] Stealth Rock
|-ability|p2a: Ting-Lu|Vessel of Ruin
|move|p1a: Cresselia|Moonblast|p2a: Ting-Lu
|-supereffective|p2a: Ting-Lu
|-damage|p2a: Ting-Lu|16/100
|
|-heal|p1a: Cresselia|84/100|[from] item: Leftovers
|-heal|p2a: Ting-Lu|22/100|[from] item: Leftovers
|upkeep
|turn|32
|
|t:|1779808257
|switch|p2a: Kyurem|Kyurem, tera:Ground|16/100
|-damage|p2a: Kyurem|10/100|[from] Stealth Rock
|-ability|p2a: Kyurem|Pressure
|move|p1a: Cresselia|Moonblast|p2a: Kyurem
|-damage|p2a: Kyurem|0 fnt
|faint|p2a: Kyurem
|
|-heal|p1a: Cresselia|90/100|[from] item: Leftovers
|upkeep
|
|t:|1779808268
|switch|p2a: Cinderace|Cinderace, F|5/100
|turn|33
|
|t:|1779808280
|move|p2a: Cinderace|Pyro Ball|p1a: Cresselia
|-damage|p1a: Cresselia|47/100
|move|p1a: Cresselia|Moonblast|p2a: Cinderace
|-resisted|p2a: Cinderace
|-damage|p2a: Cinderace|0 fnt
|faint|p2a: Cinderace
|
|-heal|p1a: Cresselia|53/100|[from] item: Leftovers
|upkeep
|
|t:|1779808293
|switch|p2a: Dondozo|Dondozo, M|100/100 slp
|-damage|p2a: Dondozo|88/100 slp|[from] Stealth Rock
|turn|34
|
|t:|1779808305
|move|p1a: Cresselia|Stored Power|p2a: Dondozo
|-damage|p2a: Dondozo|42/100 slp
|cant|p2a: Dondozo|slp
|
|-heal|p1a: Cresselia|59/100|[from] item: Leftovers
|-heal|p2a: Dondozo|48/100 slp|[from] item: Leftovers
|upkeep
|turn|35
|
|t:|1779808317
|move|p1a: Cresselia|Stored Power|p2a: Dondozo
|-damage|p2a: Dondozo|7/100 slp
|cant|p2a: Dondozo|slp
|
|-heal|p1a: Cresselia|66/100|[from] item: Leftovers
|-heal|p2a: Dondozo|13/100 slp|[from] item: Leftovers
|upkeep
|turn|36
|
|t:|1779808327
|switch|p2a: Ting-Lu|Ting-Lu|22/100
|-damage|p2a: Ting-Lu|16/100|[from] Stealth Rock
|-ability|p2a: Ting-Lu|Vessel of Ruin
|move|p1a: Cresselia|Stored Power|p2a: Ting-Lu
|-immune|p2a: Ting-Lu
|
|-heal|p1a: Cresselia|72/100|[from] item: Leftovers
|-heal|p2a: Ting-Lu|22/100|[from] item: Leftovers
|upkeep
|turn|37
|
|t:|1779808337
|switch|p2a: Corviknight|Corviknight, M|95/100
|-damage|p2a: Corviknight|83/100|[from] Stealth Rock
|-ability|p2a: Corviknight|Pressure
|move|p1a: Cresselia|Moonblast|p2a: Corviknight
|-resisted|p2a: Corviknight
|-damage|p2a: Corviknight|50/100
|
|-heal|p1a: Cresselia|78/100|[from] item: Leftovers
|upkeep
|turn|38
|
|t:|1779808365
|move|p1a: Cresselia|Stored Power|p2a: Corviknight
|-resisted|p2a: Corviknight
|-crit|p2a: Corviknight
|-damage|p2a: Corviknight|0 fnt
|faint|p2a: Corviknight
|
|-heal|p1a: Cresselia|84/100|[from] item: Leftovers
|upkeep
|
|t:|1779808378
|switch|p2a: Ting-Lu|Ting-Lu|22/100
|-damage|p2a: Ting-Lu|16/100|[from] Stealth Rock
|-ability|p2a: Ting-Lu|Vessel of Ruin
|turn|39
|
|t:|1779808389
|move|p1a: Cresselia|Moonblast|p2a: Ting-Lu
|-supereffective|p2a: Ting-Lu
|-damage|p2a: Ting-Lu|0 fnt
|faint|p2a: Ting-Lu
|
|-heal|p1a: Cresselia|90/100|[from] item: Leftovers
|upkeep
|
|t:|1779808396
|switch|p2a: Dondozo|Dondozo, M|13/100 slp
|-damage|p2a: Dondozo|1/100 slp|[from] Stealth Rock
|turn|40
|
|t:|1779808402
|move|p1a: Cresselia|Moonblast|p2a: Dondozo
|-damage|p2a: Dondozo|0 fnt
|faint|p2a: Dondozo
|
|win|Dragavian NTK
|raw|Dragavian NTK's rating: 1374 &rarr; <strong>1390</strong><br />(+16 for winning)
|raw|claudechamp's rating: 1306 &rarr; <strong>1290</strong><br />(-16 for losing)
|c|☆claudechamp|gg
