|j|☆lockheedmarlin
|j|☆TrickyKitten755
|t:|1779812522
|gametype|singles
|player|p1|lockheedmarlin|170|1054
|player|p2|TrickyKitten755|265|1064
|gen|9
|tier|[Gen 9] OU
|rated|
|rule|HP Percentage Mod: HP is shown in percentages
|rule|Endless Battle Clause: Forcing endless battles is banned
|rule|Species Clause: Limit one of each Pokémon
|rule|OHKO Clause: OHKO moves are banned
|rule|Evasion Items Clause: Evasion items are banned
|rule|Evasion Moves Clause: Evasion moves are banned
|rule|Evasion Abilities Clause: Evasion abilities are banned
|rule|Sleep Moves Clause: Sleep-inducing moves are banned
|clearpoke
|poke|p1|Tornadus-Therian, M|
|poke|p1|Lokix, F|
|poke|p1|Chimecho, F|
|poke|p1|Haxorus, F|
|poke|p1|Garchomp, M|
|poke|p1|Iron Treads|
|poke|p2|Samurott-Hisui, M|
|poke|p2|Skarmory, M|
|poke|p2|Cinderace, M|
|poke|p2|Dragonite, M|
|poke|p2|Serperior, M|
|poke|p2|Kingambit, F|
|teampreview
|inactive|Battle timer is ON: inactive players will automatically lose when time's up. (requested by TrickyKitten755)
|inactive|lockheedmarlin also wants the timer to be on.
|
|t:|1779812535
|teamsize|p1|6
|teamsize|p2|6
|start
|switch|p1a: Sand Paper|Garchomp, M|100/100
|switch|p2a: Shuckle...|Samurott-Hisui, M|100/100
|turn|1
|
|t:|1779812563
|move|p2a: Shuckle...|Ceaseless Edge|p1a: Sand Paper
|-damage|p1a: Sand Paper|66/100
|-damage|p2a: Shuckle...|88/100|[from] ability: Rough Skin|[of] p1a: Sand Paper
|-damage|p2a: Shuckle...|72/100|[from] item: Rocky Helmet|[of] p1a: Sand Paper
|-sidestart|p1: lockheedmarlin|Spikes
|move|p1a: Sand Paper|Stealth Rock|p2a: Shuckle...
|-sidestart|p2: TrickyKitten755|move: Stealth Rock
|
|upkeep
|turn|2
|inactive|TrickyKitten755 has 120 seconds left.
|
|t:|1779812584
|move|p2a: Shuckle...|Ceaseless Edge|p1a: Sand Paper
|-damage|p1a: Sand Paper|29/100
|-damage|p2a: Shuckle...|59/100|[from] ability: Rough Skin|[of] p1a: Sand Paper
|-damage|p2a: Shuckle...|43/100|[from] item: Rocky Helmet|[of] p1a: Sand Paper
|-sidestart|p1: lockheedmarlin|Spikes
|move|p1a: Sand Paper|Spikes|p2a: Shuckle...
|-sidestart|p2: TrickyKitten755|Spikes
|
|upkeep
|turn|3
|inactive|TrickyKitten755 has 120 seconds left.
|
|t:|1779812599
|move|p2a: Shuckle...|Ceaseless Edge|p1a: Sand Paper
|-damage|p1a: Sand Paper|0 fnt
|-damage|p2a: Shuckle...|30/100|[from] ability: Rough Skin|[of] p1a: Sand Paper
|-damage|p2a: Shuckle...|14/100|[from] item: Rocky Helmet|[of] p1a: Sand Paper
|-sidestart|p1: lockheedmarlin|Spikes
|faint|p1a: Sand Paper
|
|upkeep
|
|t:|1779812607
|switch|p1a: ROAD ROLLER|Iron Treads|100/100
|-damage|p1a: ROAD ROLLER|76/100|[from] Spikes
|turn|4
|
|t:|1779812614
|move|p1a: ROAD ROLLER|Rapid Spin|p2a: Shuckle...
|-crit|p2a: Shuckle...
|-damage|p2a: Shuckle...|0 fnt
|-boost|p1a: ROAD ROLLER|spe|1
|-sideend|p1: lockheedmarlin|Spikes|[from] move: Rapid Spin|[of] p1a: ROAD ROLLER
|faint|p2a: Shuckle...
|
|upkeep
|c|☆TrickyKitten755|fah
|inactive|TrickyKitten755 has 120 seconds left.
|
|t:|1779812625
|switch|p2a: Venasaur...|Skarmory, M|100/100
|-damage|p2a: Venasaur...|88/100|[from] Stealth Rock
|turn|5
|
|t:|1779812632
|move|p1a: ROAD ROLLER|Volt Switch|p2a: Venasaur...
|-supereffective|p2a: Venasaur...
|-damage|p2a: Venasaur...|63/100
|
|t:|1779812638
|-end|p1a: ROAD ROLLER|Quark Drive|[silent]
|switch|p1a: BING BONG|Chimecho, F|100/100|[from] Volt Switch
|move|p2a: Venasaur...|Whirlwind|p1a: BING BONG
|drag|p1a: Fatty Lou|Tornadus-Therian, M|100/100
|
|upkeep
|turn|6
|
|t:|1779812645
|move|p1a: Fatty Lou|Taunt|p2a: Venasaur...
|-start|p2a: Venasaur...|move: Taunt
|cant|p2a: Venasaur...|move: Taunt|Stealth Rock
|
|upkeep
|turn|7
|
|t:|1779812652
|switch|p2a: Blissey...|Dragonite, M|100/100
|move|p1a: Fatty Lou|Heat Wave|p2a: Blissey...
|-resisted|p2a: Blissey...
|-damage|p2a: Blissey...|94/100
|
|upkeep
|turn|8
|
|t:|1779812661
|move|p1a: Fatty Lou|U-turn|p2a: Blissey...
|-resisted|p2a: Blissey...
|-damage|p2a: Blissey...|89/100
|
|t:|1779812665
|switch|p1a: BING BONG|Chimecho, F|100/100|[from] U-turn
|move|p2a: Blissey...|Thunder Wave|p1a: BING BONG
|-status|p1a: BING BONG|par
|
|upkeep
|turn|9
|
|t:|1779812673
|move|p1a: BING BONG|Thunder Wave|p2a: Blissey...
|-status|p2a: Blissey...|par
|move|p2a: Blissey...|Dragon Tail|p1a: BING BONG
|-damage|p1a: BING BONG|78/100 par
|drag|p1a: ROAD ROLLER|Iron Treads|76/100
|
|upkeep
|turn|10
|inactive|TrickyKitten755 has 120 seconds left.
|
|t:|1779812713
|move|p1a: ROAD ROLLER|Volt Switch|p2a: Blissey...
|-damage|p2a: Blissey...|80/100 par
|
|t:|1779812718
|-end|p1a: ROAD ROLLER|Quark Drive|[silent]
|switch|p1a: Hax On Wrist|Haxorus, F, shiny|100/100|[from] Volt Switch
|-ability|p1a: Hax On Wrist|Mold Breaker
|move|p2a: Blissey...|Dragon Tail|p1a: Hax On Wrist
|-supereffective|p1a: Hax On Wrist
|-damage|p1a: Hax On Wrist|37/100
|drag|p1a: Jane Juliet|Lokix, F|100/100
|
|upkeep
|turn|11
|c|☆lockheedmarlin|Let's go all out
|
|t:|1779812731
|move|p1a: Jane Juliet|Knock Off|p2a: Blissey...
|-damage|p2a: Blissey...|51/100 par
|-enditem|p2a: Blissey...|Heavy-Duty Boots|[from] move: Knock Off|[of] p1a: Jane Juliet
|cant|p2a: Blissey...|par
|
|upkeep
|turn|12
|
|t:|1779812738
|switch|p1a: BING BONG|Chimecho, F|78/100 par
|cant|p2a: Blissey...|par
|
|upkeep
|turn|13
|c|☆TrickyKitten755|sonion im crine
|
|t:|1779812762
|switch|p2a: Dewstrider...|Serperior, M|100/100
|-damage|p2a: Dewstrider...|88/100|[from] Stealth Rock
|-damage|p2a: Dewstrider...|76/100|[from] Spikes
|cant|p1a: BING BONG|par
|
|-heal|p2a: Dewstrider...|82/100|[from] item: Leftovers
|upkeep
|turn|14
|
|t:|1779812770
|move|p2a: Dewstrider...|Leech Seed|p1a: BING BONG
|-start|p1a: BING BONG|move: Leech Seed
|cant|p1a: BING BONG|par
|
|-heal|p2a: Dewstrider...|88/100|[from] item: Leftovers
|-damage|p1a: BING BONG|66/100 par|[from] Leech Seed|[of] p2a: Dewstrider...
|-heal|p2a: Dewstrider...|100/100|[silent]
|upkeep
|turn|15
|
|t:|1779812776
|move|p2a: Dewstrider...|Substitute|p2a: Dewstrider...
|-start|p2a: Dewstrider...|Substitute
|-damage|p2a: Dewstrider...|76/100
|move|p1a: BING BONG|Thunder Wave||[still]
|-fail|p1a: BING BONG
|
|-heal|p2a: Dewstrider...|82/100|[from] item: Leftovers
|-damage|p1a: BING BONG|53/100 par|[from] Leech Seed|[of] p2a: Dewstrider...
|-heal|p2a: Dewstrider...|95/100|[silent]
|upkeep
|turn|16
|c|☆TrickyKitten755|peak
|
|t:|1779812789
|switch|p1a: Fatty Lou|Tornadus-Therian, M|100/100
|move|p2a: Dewstrider...|Leaf Storm|p1a: Fatty Lou
|-resisted|p1a: Fatty Lou
|-damage|p1a: Fatty Lou|78/100
|-boost|p2a: Dewstrider...|spa|2
|
|-heal|p2a: Dewstrider...|100/100|[from] item: Leftovers
|upkeep
|turn|17
|
|t:|1779812799
|move|p2a: Dewstrider...|Glare|p1a: Fatty Lou
|-status|p1a: Fatty Lou|par
|cant|p1a: Fatty Lou|par
|
|upkeep
|turn|18
|c|☆TrickyKitten755|holy
|
|t:|1779812818
|move|p2a: Dewstrider...|Leaf Storm|p1a: Fatty Lou
|-resisted|p1a: Fatty Lou
|-damage|p1a: Fatty Lou|27/100 par
|-boost|p2a: Dewstrider...|spa|2
|cant|p1a: Fatty Lou|par
|
|upkeep
|turn|19
|c|☆TrickyKitten755|HOLY
|
|t:|1779812833
|switch|p1a: ROAD ROLLER|Iron Treads|76/100
|move|p2a: Dewstrider...|Leaf Storm|p1a: ROAD ROLLER
|-damage|p1a: ROAD ROLLER|0 fnt
|-boost|p2a: Dewstrider...|spa|2
|faint|p1a: ROAD ROLLER
|-end|p1a: ROAD ROLLER|Quark Drive|[silent]
|
|upkeep
|
|t:|1779812835
|switch|p1a: Hax On Wrist|Haxorus, F, shiny|37/100
|-ability|p1a: Hax On Wrist|Mold Breaker
|turn|20
|c|☆TrickyKitten755|i lwk feel bad atp
|
|t:|1779812852
|move|p2a: Dewstrider...|Glare|p1a: Hax On Wrist
|-status|p1a: Hax On Wrist|par
|-enditem|p1a: Hax On Wrist|Lum Berry|[eat]
|-curestatus|p1a: Hax On Wrist|par|[msg]
|move|p1a: Hax On Wrist|Dragon Tail|p2a: Dewstrider...
|-end|p2a: Dewstrider...|Substitute
|
|upkeep
|turn|21
|c|☆TrickyKitten755|scary
|c|☆TrickyKitten755|die pls
|
|t:|1779812865
|move|p2a: Dewstrider...|Leaf Storm|p1a: Hax On Wrist
|-resisted|p1a: Hax On Wrist
|-damage|p1a: Hax On Wrist|0 fnt
|faint|p1a: Hax On Wrist
|
|upkeep
|
|t:|1779812867
|switch|p1a: Jane Juliet|Lokix, F|100/100
|turn|22
|
|t:|1779812873
|move|p1a: Jane Juliet|First Impression|p2a: Dewstrider...
|-supereffective|p2a: Dewstrider...
|-damage|p2a: Dewstrider...|0 fnt
|faint|p2a: Dewstrider...
|
|upkeep
|c|☆TrickyKitten755|DAMN
|c|☆lockheedmarlin|Nah, i'd goob
|
|t:|1779812887
|switch|p2a: Venasaur...|Skarmory, M|63/100
|-damage|p2a: Venasaur...|51/100|[from] Stealth Rock
|turn|23
|
|t:|1779812894
|switch|p1a: BING BONG|Chimecho, F|53/100 par
|move|p2a: Venasaur...|Stealth Rock|p1a: BING BONG
|-sidestart|p1: lockheedmarlin|move: Stealth Rock
|
|upkeep
|turn|24
|
|t:|1779812900
|move|p2a: Venasaur...|Spikes|p1a: BING BONG
|-sidestart|p1: lockheedmarlin|Spikes
|move|p1a: BING BONG|Heal Bell|p1a: BING BONG
|-activate|p1a: BING BONG|move: Heal Bell
|-curestatus|p1a: BING BONG|par|[msg]
|-curestatus|p1: Fatty Lou|par|[msg]
|
|upkeep
|turn|25
|c|☆TrickyKitten755|isg
|
|t:|1779812910
|move|p2a: Venasaur...|Spikes|p1a: BING BONG
|-sidestart|p1: lockheedmarlin|Spikes
|move|p1a: BING BONG|Thunder Wave|p2a: Venasaur...
|-status|p2a: Venasaur...|par
|
|upkeep
|turn|26
|
|t:|1779812918
|move|p1a: BING BONG|Wish|p1a: BING BONG
|move|p2a: Venasaur...|Spikes|p1a: BING BONG
|-sidestart|p1: lockheedmarlin|Spikes
|
|upkeep
|turn|27
|
|t:|1779812923
|move|p1a: BING BONG|Knock Off|p2a: Venasaur...
|-damage|p2a: Venasaur...|43/100 par
|-damage|p1a: BING BONG|37/100|[from] item: Rocky Helmet|[of] p2a: Venasaur...
|-enditem|p2a: Venasaur...|Rocky Helmet|[from] move: Knock Off|[of] p1a: BING BONG
|-enditem|p1a: BING BONG|Sitrus Berry|[eat]
|-heal|p1a: BING BONG|62/100|[from] item: Sitrus Berry
|move|p2a: Venasaur...|Whirlwind|p1a: BING BONG
|drag|p1a: Fatty Lou|Tornadus-Therian, M|61/100
|
|-heal|p1a: Fatty Lou|100/100|[from] move: Wish|[wisher] BING BONG
|upkeep
|turn|28
|c|☆TrickyKitten755|brother
|
|t:|1779812940
|move|p1a: Fatty Lou|Heat Wave|p2a: Venasaur...
|-supereffective|p2a: Venasaur...
|-damage|p2a: Venasaur...|0 fnt
|faint|p2a: Venasaur...
|
|upkeep
|
|t:|1779812948
|switch|p2a: Blissey...|Dragonite, M|51/100 par
|-damage|p2a: Blissey...|26/100 par|[from] Stealth Rock
|turn|29
|
|t:|1779812954
|move|p1a: Fatty Lou|Bleakwind Storm|p2a: Blissey...
|-damage|p2a: Blissey...|0 fnt
|faint|p2a: Blissey...
|
|upkeep
|
|t:|1779812959
|switch|p2a: Charizard...|Cinderace, M|100/100
|turn|30
|
|t:|1779812982
|move|p2a: Charizard...|Pyro Ball|p1a: Fatty Lou
|-crit|p1a: Fatty Lou
|-damage|p1a: Fatty Lou|18/100
|move|p1a: Fatty Lou|Bleakwind Storm|p2a: Charizard...
|-damage|p2a: Charizard...|42/100
|-unboost|p2a: Charizard...|spe|1
|
|upkeep
|turn|31
|l|☆TrickyKitten755
|inactive|TrickyKitten755 disconnected and has a minute to reconnect!
|player|p2|
|inactive|TrickyKitten755 has 30 seconds to reconnect!
|c|☆lockheedmarlin|NAHHH
|inactive|TrickyKitten755 has 20 seconds to reconnect!
|inactive|TrickyKitten755 has 15 seconds to reconnect!
|inactive|TrickyKitten755 has 10 seconds to reconnect!
|inactive|TrickyKitten755 has 5 seconds to reconnect!
|-message|TrickyKitten755 lost due to inactivity.
|
|win|lockheedmarlin
|raw|lockheedmarlin's rating: 1054 &rarr; <strong>1087</strong><br />(+33 for winning)
|raw|TrickyKitten755's rating: 1064 &rarr; <strong>1044</strong><br />(-20 for losing)
