|j|☆abellucas2
|j|☆pereiracastorfeo
|t:|1779965199
|gametype|singles
|player|p1|abellucas2|cynthia|1096
|player|p2|pereiracastorfeo|266|1081
|gen|9
|tier|[Gen 9] OU
|rated|
|rule|HP Percentage Mod: HP is shown in percentages
|rule|Endless Battle Clause: Forcing endless battles is banned
|rule|Species Clause: Limit one of each Pokémon
|rule|OHKO Clause: OHKO moves are banned
|rule|Evasion Items Clause: Evasion items are banned
|rule|Evasion Moves Clause: Evasion moves are banned
|rule|Evasion Abilities Clause: Evasion abilities are banned
|rule|Sleep Moves Clause: Sleep-inducing moves are banned
|clearpoke
|poke|p1|Tentacruel, M|
|poke|p1|Typhlosion-Hisui, F|
|poke|p1|Mudsdale, M|
|poke|p1|Galvantula, F|
|poke|p1|Haxorus, F|
|poke|p1|Jirachi|
|poke|p2|Great Tusk|
|poke|p2|Kingambit, M|
|poke|p2|Gholdengo|
|poke|p2|Dragonite, F|
|poke|p2|Iron Valiant|
|poke|p2|Ogerpon-Wellspring, F|
|teampreview
|inactive|Battle timer is ON: inactive players will automatically lose when time's up. (requested by abellucas2)
|
|t:|1779965228
|teamsize|p1|6
|teamsize|p2|6
|start
|switch|p1a: Galvantula|Galvantula, F|100/100
|switch|p2a: Great Tusk|Great Tusk|100/100
|turn|1
|
|t:|1779965236
|move|p1a: Galvantula|Sticky Web|p2a: Great Tusk
|-sidestart|p2: pereiracastorfeo|move: Sticky Web
|move|p2a: Great Tusk|Stealth Rock|p1a: Galvantula
|-sidestart|p1: abellucas2|move: Stealth Rock
|
|upkeep
|turn|2
|
|t:|1779965246
|move|p1a: Galvantula|Energy Ball|p2a: Great Tusk
|-supereffective|p2a: Great Tusk
|-damage|p2a: Great Tusk|28/100
|move|p2a: Great Tusk|Earthquake|p1a: Galvantula
|-damage|p1a: Galvantula|8/100
|
|-heal|p2a: Great Tusk|34/100|[from] item: Leftovers
|upkeep
|turn|3
|
|t:|1779965263
|move|p1a: Galvantula|Energy Ball|p2a: Great Tusk
|-supereffective|p2a: Great Tusk
|-damage|p2a: Great Tusk|0 fnt
|faint|p2a: Great Tusk
|-end|p2a: Great Tusk|Protosynthesis|[silent]
|
|upkeep
|
|t:|1779965280
|switch|p2a: Dragonite|Dragonite, F|100/100
|turn|4
|
|t:|1779965284
|move|p2a: Dragonite|Extreme Speed|p1a: Galvantula
|-damage|p1a: Galvantula|0 fnt
|faint|p1a: Galvantula
|
|upkeep
|
|t:|1779965286
|switch|p1a: Tentacruel|Tentacruel, M|100/100
|-damage|p1a: Tentacruel|88/100|[from] Stealth Rock
|turn|5
|
|t:|1779965299
|move|p2a: Dragonite|Earthquake|p1a: Tentacruel
|-supereffective|p1a: Tentacruel
|-damage|p1a: Tentacruel|0 fnt
|faint|p1a: Tentacruel
|
|upkeep
|
|t:|1779965306
|switch|p1a: Mudsdale|Mudsdale, M|100/100
|-damage|p1a: Mudsdale|94/100|[from] Stealth Rock
|turn|6
|
|t:|1779965321
|move|p2a: Dragonite|Fire Punch|p1a: Mudsdale
|-damage|p1a: Mudsdale|74/100
|-ability|p1a: Mudsdale|Stamina|boost
|-boost|p1a: Mudsdale|def|1
|move|p1a: Mudsdale|Rock Slide|p2a: Dragonite
|-supereffective|p2a: Dragonite
|-damage|p2a: Dragonite|72/100
|
|upkeep
|turn|7
|
|t:|1779965340
|-terastallize|p2a: Dragonite|Normal
|move|p2a: Dragonite|Extreme Speed|p1a: Mudsdale
|-damage|p1a: Mudsdale|55/100
|-ability|p1a: Mudsdale|Stamina|boost
|-boost|p1a: Mudsdale|def|1
|move|p1a: Mudsdale|Rock Slide|p2a: Dragonite
|-damage|p2a: Dragonite|46/100
|
|upkeep
|turn|8
|
|t:|1779965358
|move|p2a: Dragonite|Earthquake|p1a: Mudsdale
|-damage|p1a: Mudsdale|40/100
|-ability|p1a: Mudsdale|Stamina|boost
|-boost|p1a: Mudsdale|def|1
|move|p1a: Mudsdale|Heavy Slam|p2a: Dragonite
|-damage|p2a: Dragonite|11/100
|
|upkeep
|turn|9
|
|t:|1779965376
|move|p2a: Dragonite|Earthquake|p1a: Mudsdale
|-damage|p1a: Mudsdale|30/100
|-ability|p1a: Mudsdale|Stamina|boost
|-boost|p1a: Mudsdale|def|1
|move|p1a: Mudsdale|Earthquake|p2a: Dragonite
|-damage|p2a: Dragonite|0 fnt
|faint|p2a: Dragonite
|
|upkeep
|
|t:|1779965385
|switch|p2a: Iron Valiant|Iron Valiant|100/100
|-activate|p2a: Iron Valiant|move: Sticky Web
|-unboost|p2a: Iron Valiant|spe|1
|turn|10
|
|t:|1779965392
|move|p2a: Iron Valiant|Moonblast|p1a: Mudsdale
|-damage|p1a: Mudsdale|0 fnt
|faint|p1a: Mudsdale
|-damage|p2a: Iron Valiant|91/100|[from] item: Life Orb
|
|upkeep
|
|t:|1779965400
|switch|p1a: Jirachi|Jirachi|100/100
|-damage|p1a: Jirachi|94/100|[from] Stealth Rock
|turn|11
|
|t:|1779965410
|move|p1a: Jirachi|Iron Head|p2a: Iron Valiant
|-supereffective|p2a: Iron Valiant
|-damage|p2a: Iron Valiant|0 fnt
|faint|p2a: Iron Valiant
|-end|p2a: Iron Valiant|Quark Drive|[silent]
|
|-heal|p1a: Jirachi|100/100|[from] item: Leftovers
|upkeep
|
|t:|1779965416
|switch|p2a: Kingambit|Kingambit, M|100/100
|-activate|p2a: Kingambit|move: Sticky Web
|-unboost|p2a: Kingambit|spe|1
|-activate|p2a: Kingambit|ability: Supreme Overlord
|-start|p2a: Kingambit|fallen3|[silent]
|turn|12
|
|t:|1779965425
|move|p1a: Jirachi|Wish|p1a: Jirachi
|move|p2a: Kingambit|Swords Dance|p2a: Kingambit
|-boost|p2a: Kingambit|atk|2
|
|upkeep
|turn|13
|
|t:|1779965432
|switch|p1a: Haxorus|Haxorus, F|100/100
|-damage|p1a: Haxorus|88/100|[from] Stealth Rock
|move|p2a: Kingambit|Kowtow Cleave|p1a: Haxorus
|-damage|p1a: Haxorus|0 fnt
|faint|p1a: Haxorus
|
|upkeep
|
|t:|1779965438
|switch|p1a: Typhlosion|Typhlosion-Hisui, F|100/100
|-damage|p1a: Typhlosion|76/100|[from] Stealth Rock
|turn|14
|
|t:|1779965448
|-terastallize|p1a: Typhlosion|Fire
|move|p1a: Typhlosion|Flamethrower|p2a: Kingambit
|-supereffective|p2a: Kingambit
|-damage|p2a: Kingambit|0 fnt
|faint|p2a: Kingambit
|-end|p2a: Kingambit|fallen3|[silent]
|
|upkeep
|
|t:|1779965458
|switch|p2a: Ogerpon|Ogerpon-Wellspring, F|100/100
|-activate|p2a: Ogerpon|move: Sticky Web
|-unboost|p2a: Ogerpon|spe|1
|turn|15
|
|t:|1779965464
|switch|p1a: Jirachi|Jirachi|100/100
|-damage|p1a: Jirachi|94/100|[from] Stealth Rock
|move|p2a: Ogerpon|Ivy Cudgel|p1a: Jirachi|[anim] Ivy Cudgel Water
|-damage|p1a: Jirachi|40/100
|
|-heal|p1a: Jirachi|46/100|[from] item: Leftovers
|upkeep
|turn|16
|
|t:|1779965477
|move|p1a: Jirachi|Zen Headbutt|p2a: Ogerpon
|-damage|p2a: Ogerpon|57/100
|move|p2a: Ogerpon|Ivy Cudgel|p1a: Jirachi|[anim] Ivy Cudgel Water
|-damage|p1a: Jirachi|0 fnt
|faint|p1a: Jirachi
|
|upkeep
|
|t:|1779965479
|switch|p1a: Typhlosion|Typhlosion-Hisui, F, tera:Fire|76/100
|-damage|p1a: Typhlosion|51/100|[from] Stealth Rock
|turn|17
|
|t:|1779965485
|move|p1a: Typhlosion|Shadow Ball|p2a: Ogerpon
|-damage|p2a: Ogerpon|15/100
|move|p2a: Ogerpon|Ivy Cudgel|p1a: Typhlosion|[anim] Ivy Cudgel Water
|-supereffective|p1a: Typhlosion
|-damage|p1a: Typhlosion|0 fnt
|faint|p1a: Typhlosion
|
|win|pereiracastorfeo
|raw|abellucas2's rating: 1096 &rarr; <strong>1071</strong><br />(-25 for losing)
|raw|pereiracastorfeo's rating: 1081 &rarr; <strong>1110</strong><br />(+29 for winning)
|l|☆abellucas2
|player|p1|
|c|☆pereiracastorfeo|JAJAJAJAJAJAJAJAJAJAJAJAJAJAJJAJAJAJAJAJAJJAJAJAJA
|c|☆pereiracastorfeo|EASY
|c|☆pereiracastorfeo|WIN
|c|☆pereiracastorfeo|AJAJJAJAJAJA
|l|☆pereiracastorfeo
|player|p2|
