|j|☆AgBoss55
|j|☆Eaaarth123
|t:|1779953354
|gametype|singles
|player|p1|AgBoss55|265|1048
|player|p2|Eaaarth123|ethan|1069
|gen|9
|tier|[Gen 9] OU
|rated|
|rule|HP Percentage Mod: HP is shown in percentages
|rule|Endless Battle Clause: Forcing endless battles is banned
|rule|Species Clause: Limit one of each Pokémon
|rule|OHKO Clause: OHKO moves are banned
|rule|Evasion Items Clause: Evasion items are banned
|rule|Evasion Moves Clause: Evasion moves are banned
|rule|Evasion Abilities Clause: Evasion abilities are banned
|rule|Sleep Moves Clause: Sleep-inducing moves are banned
|clearpoke
|poke|p1|Ceruledge, F|
|poke|p1|Metagross|
|poke|p1|Zamazenta-*|
|poke|p1|Kyurem|
|poke|p1|Deoxys-Speed|
|poke|p1|Salamence, F|
|poke|p2|Gholdengo|
|poke|p2|Corviknight, M|
|poke|p2|Great Tusk|
|poke|p2|Ninetales, M|
|poke|p2|Walking Wake|
|poke|p2|Heatran, M|
|teampreview
|
|t:|1779953361
|teamsize|p1|6
|teamsize|p2|6
|start
|switch|p1a: Deoxys|Deoxys-Speed|100/100
|switch|p2a: Ninetales|Ninetales, M|100/100
|-ability|p1a: Deoxys|Pressure
|-weather|SunnyDay|[from] ability: Drought|[of] p2a: Ninetales
|turn|1
|
|t:|1779953384
|switch|p2a: Heatran|Heatran, M|100/100
|-item|p2a: Heatran|Air Balloon
|move|p1a: Deoxys|Dark Pulse|p2a: Heatran
|-damage|p2a: Heatran|79/100
|-enditem|p2a: Heatran|Air Balloon
|
|-weather|SunnyDay|[upkeep]
|upkeep
|turn|2
|
|t:|1779953402
|move|p1a: Deoxys|Thunderbolt|p2a: Heatran
|-damage|p2a: Heatran|54/100
|move|p2a: Heatran|Fire Blast|p1a: Deoxys
|-enditem|p1a: Deoxys|Focus Sash
|-damage|p1a: Deoxys|1/100
|
|-weather|SunnyDay|[upkeep]
|upkeep
|turn|3
|
|t:|1779953411
|move|p1a: Deoxys|Dark Pulse|p2a: Heatran
|-damage|p2a: Heatran|35/100
|cant|p2a: Heatran|flinch
|
|-weather|SunnyDay|[upkeep]
|upkeep
|turn|4
|
|t:|1779953424
|move|p1a: Deoxys|Dark Pulse|p2a: Heatran
|-damage|p2a: Heatran|15/100
|move|p2a: Heatran|Dark Pulse|p1a: Deoxys
|-supereffective|p1a: Deoxys
|-damage|p1a: Deoxys|0 fnt
|faint|p1a: Deoxys
|
|-weather|SunnyDay|[upkeep]
|upkeep
|
|t:|1779953441
|switch|p1a: Zamazenta|Zamazenta|100/100
|-ability|p1a: Zamazenta|Dauntless Shield|boost
|-boost|p1a: Zamazenta|def|1
|turn|5
|
|t:|1779953454
|move|p1a: Zamazenta|Stone Edge|p2a: Heatran
|-crit|p2a: Heatran
|-damage|p2a: Heatran|0 fnt
|faint|p2a: Heatran
|
|-weather|none
|upkeep
|
|t:|1779953463
|switch|p2a: Gholdengo|Gholdengo|100/100
|turn|6
|
|t:|1779953474
|switch|p1a: Ceruledge|Ceruledge, F|100/100
|move|p2a: Gholdengo|Make It Rain|p1a: Ceruledge
|-resisted|p1a: Ceruledge
|-damage|p1a: Ceruledge|67/100
|-unboost|p2a: Gholdengo|spa|1
|
|upkeep
|turn|7
|
|t:|1779953486
|switch|p2a: Ninetales|Ninetales, M|100/100
|-weather|SunnyDay|[from] ability: Drought|[of] p2a: Ninetales
|move|p1a: Ceruledge|Bitter Blade|p2a: Ninetales
|-resisted|p2a: Ninetales
|-crit|p2a: Ninetales
|-damage|p2a: Ninetales|44/100
|-heal|p1a: Ceruledge|98/100|[from] drain|[of] p2a: Ninetales
|
|-weather|SunnyDay|[upkeep]
|-heal|p2a: Ninetales|50/100|[from] item: Leftovers
|upkeep
|turn|8
|
|t:|1779953502
|move|p2a: Ninetales|Overheat|p1a: Ceruledge
|-start|p1a: Ceruledge|ability: Flash Fire
|move|p1a: Ceruledge|Poltergeist|p2a: Ninetales
|-activate|p2a: Ninetales|move: Poltergeist|Leftovers
|-damage|p2a: Ninetales|0 fnt
|faint|p2a: Ninetales
|
|-weather|SunnyDay|[upkeep]
|upkeep
|
|t:|1779953512
|switch|p2a: Great Tusk|Great Tusk|100/100
|-activate|p2a: Great Tusk|ability: Protosynthesis
|-start|p2a: Great Tusk|protosynthesisatk
|turn|9
|
|t:|1779953519
|move|p2a: Great Tusk|Headlong Rush|p1a: Ceruledge
|-supereffective|p1a: Ceruledge
|-damage|p1a: Ceruledge|0 fnt
|-unboost|p2a: Great Tusk|def|1
|-unboost|p2a: Great Tusk|spd|1
|faint|p1a: Ceruledge
|
|-weather|SunnyDay|[upkeep]
|upkeep
|
|t:|1779953548
|switch|p1a: Metagross|Metagross|100/100
|turn|10
|
|t:|1779953565
|-end|p2a: Great Tusk|Protosynthesis|[silent]
|switch|p2a: Corviknight|Corviknight, M|100/100
|-ability|p2a: Corviknight|Pressure
|move|p1a: Metagross|Earthquake|p2a: Corviknight
|-immune|p2a: Corviknight
|
|-weather|SunnyDay|[upkeep]
|upkeep
|turn|11
|
|t:|1779953581
|switch|p1a: Salamence|Salamence, F|100/100
|-ability|p1a: Salamence|Intimidate|boost
|-unboost|p2a: Corviknight|atk|1
|move|p2a: Corviknight|Curse|p2a: Corviknight
|-unboost|p2a: Corviknight|spe|1
|-boost|p2a: Corviknight|atk|1
|-boost|p2a: Corviknight|def|1
|
|-weather|none
|upkeep
|turn|12
|
|t:|1779953594
|move|p1a: Salamence|Fire Blast|p2a: Corviknight
|-supereffective|p2a: Corviknight
|-damage|p2a: Corviknight|46/100
|move|p2a: Corviknight|Iron Head|p1a: Salamence
|-damage|p1a: Salamence|75/100
|
|-heal|p2a: Corviknight|52/100|[from] item: Leftovers
|upkeep
|turn|13
|
|t:|1779953604
|move|p1a: Salamence|Fire Blast|p2a: Corviknight
|-supereffective|p2a: Corviknight
|-damage|p2a: Corviknight|0 fnt
|faint|p2a: Corviknight
|
|upkeep
|
|t:|1779953618
|switch|p2a: Gholdengo|Gholdengo|100/100
|turn|14
|
|t:|1779953624
|move|p2a: Gholdengo|Make It Rain|p1a: Salamence
|-damage|p1a: Salamence|11/100
|-unboost|p2a: Gholdengo|spa|1
|move|p1a: Salamence|Fire Blast|p2a: Gholdengo
|-supereffective|p2a: Gholdengo
|-crit|p2a: Gholdengo
|-enditem|p2a: Gholdengo|Focus Sash
|-damage|p2a: Gholdengo|1/100
|
|upkeep
|turn|15
|
|t:|1779953642
|move|p2a: Gholdengo|Make It Rain|p1a: Salamence
|-damage|p1a: Salamence|0 fnt
|-unboost|p2a: Gholdengo|spa|1
|faint|p1a: Salamence
|
|upkeep
|
|t:|1779953650
|switch|p1a: Zamazenta|Zamazenta|100/100
|turn|16
|
|t:|1779953658
|move|p1a: Zamazenta|Play Rough|p2a: Gholdengo
|-resisted|p2a: Gholdengo
|-damage|p2a: Gholdengo|0 fnt
|faint|p2a: Gholdengo
|
|upkeep
|
|t:|1779953667
|switch|p2a: Great Tusk|Great Tusk|100/100
|-enditem|p2a: Great Tusk|Booster Energy
|-activate|p2a: Great Tusk|ability: Protosynthesis|[fromitem]
|-start|p2a: Great Tusk|protosynthesisatk
|turn|17
|
|t:|1779953675
|move|p1a: Zamazenta|Play Rough|p2a: Great Tusk|[miss]
|-miss|p1a: Zamazenta|p2a: Great Tusk
|move|p2a: Great Tusk|Headlong Rush|p1a: Zamazenta
|-damage|p1a: Zamazenta|35/100
|-unboost|p2a: Great Tusk|def|1
|-unboost|p2a: Great Tusk|spd|1
|
|-heal|p1a: Zamazenta|41/100|[from] item: Leftovers
|upkeep
|turn|18
|
|t:|1779953684
|move|p1a: Zamazenta|Play Rough|p2a: Great Tusk
|-supereffective|p2a: Great Tusk
|-damage|p2a: Great Tusk|40/100
|move|p2a: Great Tusk|Headlong Rush|p1a: Zamazenta
|-damage|p1a: Zamazenta|0 fnt
|-unboost|p2a: Great Tusk|def|1
|-unboost|p2a: Great Tusk|spd|1
|faint|p1a: Zamazenta
|
|upkeep
|
|t:|1779953699
|switch|p1a: Kyurem|Kyurem|100/100
|-ability|p1a: Kyurem|Pressure
|turn|19
|
|t:|1779953706
|move|p2a: Great Tusk|Close Combat|p1a: Kyurem
|-supereffective|p1a: Kyurem
|-damage|p1a: Kyurem|0 fnt
|-unboost|p2a: Great Tusk|def|1
|-unboost|p2a: Great Tusk|spd|1
|faint|p1a: Kyurem
|
|upkeep
|
|t:|1779953713
|switch|p1a: Metagross|Metagross|100/100
|turn|20
|
|t:|1779953726
|move|p2a: Great Tusk|Headlong Rush|p1a: Metagross
|-supereffective|p1a: Metagross
|-damage|p1a: Metagross|0 fnt
|-unboost|p2a: Great Tusk|def|1
|-unboost|p2a: Great Tusk|spd|1
|-damage|p2a: Great Tusk|23/100|[from] item: Rocky Helmet|[of] p1a: Metagross
|faint|p1a: Metagross
|
|win|Eaaarth123
|raw|AgBoss55's rating: 1048 &rarr; <strong>1032</strong><br />(-16 for losing)
|raw|Eaaarth123's rating: 1069 &rarr; <strong>1097</strong><br />(+28 for winning)
|c|☆Eaaarth123|gg
|l|☆AgBoss55
|player|p1|
|l|☆Eaaarth123
|player|p2|
|j|☆Eaaarth123
|player|p2|Eaaarth123|ethan|
