|j|☆Bag de wa
|j|☆claudechamp
|t:|1779817044
|gametype|singles
|player|p1|Bag de wa|169|1016
|player|p2|claudechamp|265|1061
|gen|9
|tier|[Gen 9] OU
|rated|
|rule|HP Percentage Mod: HP is shown in percentages
|rule|Endless Battle Clause: Forcing endless battles is banned
|rule|Species Clause: Limit one of each Pokémon
|rule|OHKO Clause: OHKO moves are banned
|rule|Evasion Items Clause: Evasion items are banned
|rule|Evasion Moves Clause: Evasion moves are banned
|rule|Evasion Abilities Clause: Evasion abilities are banned
|rule|Sleep Moves Clause: Sleep-inducing moves are banned
|clearpoke
|poke|p1|Dragapult, M|
|poke|p1|Moltres-Galar|
|poke|p1|Iron Valiant|
|poke|p1|Iron Moth|
|poke|p1|Iron Treads|
|poke|p1|Iron Hands|
|poke|p2|Corviknight, F|
|poke|p2|Ting-Lu|
|poke|p2|Kyurem|
|poke|p2|Dondozo, F|
|poke|p2|Slowking-Galar, F|
|poke|p2|Cinderace, M|
|teampreview
|c|☆claudechamp|hf
|
|t:|1779817052
|teamsize|p1|6
|teamsize|p2|6
|start
|switch|p1a: Moltres|Moltres-Galar|100/100
|switch|p2a: Cinderace|Cinderace, M|100/100
|turn|1
|inactive|Battle timer is ON: inactive players will automatically lose when time's up. (requested by claudechamp)
|
|t:|1779817069
|move|p2a: Cinderace|Pyro Ball|p1a: Moltres
|-damage|p1a: Moltres|43/100
|-ability|p1a: Moltres|Berserk|boost
|-boost|p1a: Moltres|spa|1
|-enditem|p1a: Moltres|Sitrus Berry|[eat]
|-heal|p1a: Moltres|68/100|[from] item: Sitrus Berry
|move|p1a: Moltres|Agility|p1a: Moltres
|-boost|p1a: Moltres|spe|2
|
|upkeep
|turn|2
|inactive|Bag de wa has 120 seconds left.
|
|t:|1779817123
|move|p1a: Moltres|Fiery Wrath|p2a: Cinderace
|-damage|p2a: Cinderace|24/100
|move|p2a: Cinderace|Pyro Ball|p1a: Moltres
|-damage|p1a: Moltres|0 fnt
|faint|p1a: Moltres
|
|upkeep
|
|t:|1779817133
|switch|p1a: Iron Moth|Iron Moth|100/100
|-enditem|p1a: Iron Moth|Booster Energy
|-activate|p1a: Iron Moth|ability: Quark Drive|[fromitem]
|-start|p1a: Iron Moth|quarkdrivespe
|turn|3
|
|t:|1779817142
|switch|p2a: Ting-Lu|Ting-Lu|100/100
|-ability|p2a: Ting-Lu|Vessel of Ruin
|move|p1a: Iron Moth|Dazzling Gleam|p2a: Ting-Lu
|-supereffective|p2a: Ting-Lu
|-damage|p2a: Ting-Lu|80/100
|
|-heal|p2a: Ting-Lu|86/100|[from] item: Leftovers
|upkeep
|turn|4
|inactive|Bag de wa has 90 seconds left.
|
|t:|1779817192
|-end|p1a: Iron Moth|Quark Drive|[silent]
|switch|p1a: Iron Hands|Iron Hands|100/100
|-enditem|p1a: Iron Hands|Booster Energy
|-activate|p1a: Iron Hands|ability: Quark Drive|[fromitem]
|-start|p1a: Iron Hands|quarkdriveatk
|move|p2a: Ting-Lu|Earthquake|p1a: Iron Hands
|-supereffective|p1a: Iron Hands
|-damage|p1a: Iron Hands|44/100
|
|-heal|p2a: Ting-Lu|92/100|[from] item: Leftovers
|upkeep
|turn|5
|
|t:|1779817204
|switch|p2a: Slowking|Slowking-Galar, F|100/100
|move|p1a: Iron Hands|Drain Punch|p2a: Slowking
|-resisted|p2a: Slowking
|-damage|p2a: Slowking|90/100
|-heal|p1a: Iron Hands|49/100|[from] drain|[of] p2a: Slowking
|
|upkeep
|turn|6
|
|t:|1779817220
|-end|p1a: Iron Hands|Quark Drive|[silent]
|switch|p1a: Dragapult|Dragapult, M|100/100
|-prepare|p2a: Slowking|Chilly Reception|[premajor]
|move|p2a: Slowking|Chilly Reception|p2a: Slowking
|-weather|Snowscape
|
|t:|1779817221
|switch|p2a: Kyurem|Kyurem|100/100|[from] Chilly Reception
|-ability|p2a: Kyurem|Pressure
|
|-weather|Snowscape|[upkeep]
|upkeep
|turn|7
|
|t:|1779817233
|move|p1a: Dragapult|Draco Meteor|p2a: Kyurem
|-supereffective|p2a: Kyurem
|-damage|p2a: Kyurem|2/100
|-unboost|p1a: Dragapult|spa|2
|move|p2a: Kyurem|Earth Power|p1a: Dragapult
|-damage|p1a: Dragapult|53/100
|
|-weather|Snowscape|[upkeep]
|-heal|p2a: Kyurem|8/100|[from] item: Leftovers
|upkeep
|turn|8
|
|t:|1779817247
|move|p1a: Dragapult|U-turn|p2a: Kyurem
|-damage|p2a: Kyurem|0 fnt
|faint|p2a: Kyurem
|
|t:|1779817253
|switch|p1a: Iron Treads|Iron Treads|100/100|[from] U-turn
|
|-weather|Snowscape|[upkeep]
|upkeep
|
|t:|1779817256
|switch|p2a: Ting-Lu|Ting-Lu|92/100
|-ability|p2a: Ting-Lu|Vessel of Ruin
|turn|9
|
|t:|1779817267
|move|p1a: Iron Treads|Stealth Rock|p2a: Ting-Lu
|-sidestart|p2: claudechamp|move: Stealth Rock
|move|p2a: Ting-Lu|Earthquake|p1a: Iron Treads
|-supereffective|p1a: Iron Treads
|-damage|p1a: Iron Treads|28/100
|
|-weather|Snowscape|[upkeep]
|-heal|p1a: Iron Treads|34/100|[from] item: Leftovers
|-heal|p2a: Ting-Lu|99/100|[from] item: Leftovers
|upkeep
|turn|10
|
|t:|1779817277
|move|p1a: Iron Treads|Earthquake|p2a: Ting-Lu
|-damage|p2a: Ting-Lu|74/100
|move|p2a: Ting-Lu|Earthquake|p1a: Iron Treads
|-supereffective|p1a: Iron Treads
|-damage|p1a: Iron Treads|0 fnt
|faint|p1a: Iron Treads
|-end|p1a: Iron Treads|Quark Drive|[silent]
|
|-weather|none
|-heal|p2a: Ting-Lu|80/100|[from] item: Leftovers
|upkeep
|
|t:|1779817283
|switch|p1a: Iron Hands|Iron Hands|49/100
|turn|11
|
|t:|1779817289
|move|p1a: Iron Hands|Drain Punch|p2a: Ting-Lu
|-supereffective|p2a: Ting-Lu
|-damage|p2a: Ting-Lu|33/100
|-heal|p1a: Iron Hands|75/100|[from] drain|[of] p2a: Ting-Lu
|move|p2a: Ting-Lu|Earthquake|p1a: Iron Hands
|-supereffective|p1a: Iron Hands
|-damage|p1a: Iron Hands|20/100
|
|-heal|p2a: Ting-Lu|40/100|[from] item: Leftovers
|upkeep
|turn|12
|
|t:|1779817300
|switch|p2a: Slowking|Slowking-Galar, F|100/100
|-damage|p2a: Slowking|88/100|[from] Stealth Rock
|move|p1a: Iron Hands|Drain Punch|p2a: Slowking
|-resisted|p2a: Slowking
|-damage|p2a: Slowking|80/100
|-heal|p1a: Iron Hands|23/100|[from] drain|[of] p2a: Slowking
|
|upkeep
|turn|13
|
|t:|1779817315
|-end|p1a: Iron Hands|Quark Drive|[silent]
|switch|p1a: Dragapult|Dragapult, M|53/100
|move|p2a: Slowking|Sludge Bomb|p1a: Dragapult
|-resisted|p1a: Dragapult
|-damage|p1a: Dragapult|27/100
|-status|p1a: Dragapult|psn
|
|-damage|p1a: Dragapult|15/100 psn|[from] psn
|upkeep
|turn|14
|
|t:|1779817330
|move|p1a: Dragapult|Shadow Ball|p2a: Slowking
|-supereffective|p2a: Slowking
|-damage|p2a: Slowking|23/100
|move|p2a: Slowking|Future Sight|p1a: Dragapult
|-start|p2a: Slowking|move: Future Sight
|
|-damage|p1a: Dragapult|3/100 psn|[from] psn
|upkeep
|turn|15
|
|t:|1779817339
|switch|p2a: Corviknight|Corviknight, F|100/100
|-damage|p2a: Corviknight|88/100|[from] Stealth Rock
|-ability|p2a: Corviknight|Pressure
|move|p1a: Dragapult|Shadow Ball|p2a: Corviknight
|-damage|p2a: Corviknight|57/100
|-unboost|p2a: Corviknight|spd|1
|
|-damage|p1a: Dragapult|0 fnt|[from] psn
|faint|p1a: Dragapult
|upkeep
|
|t:|1779817353
|switch|p1a: Iron Moth|Iron Moth|100/100
|turn|16
|
|t:|1779817361
|switch|p2a: Dondozo|Dondozo, F|100/100
|-damage|p2a: Dondozo|88/100|[from] Stealth Rock
|move|p1a: Iron Moth|Fiery Dance|p2a: Dondozo
|-resisted|p2a: Dondozo
|-damage|p2a: Dondozo|76/100
|-boost|p1a: Iron Moth|spa|1
|
|-end|p1a: Iron Moth|move: Future Sight
|-supereffective|p1a: Iron Moth
|-damage|p1a: Iron Moth|12/100
|-heal|p2a: Dondozo|82/100|[from] item: Leftovers
|upkeep
|turn|17
|
|t:|1779817380
|move|p1a: Iron Moth|Sludge Wave|p2a: Dondozo
|-damage|p2a: Dondozo|51/100
|move|p2a: Dondozo|Body Press|p1a: Iron Moth
|-resisted|p1a: Iron Moth
|-damage|p1a: Iron Moth|0 fnt
|faint|p1a: Iron Moth
|-end|p1a: Iron Moth|Quark Drive|[silent]
|
|-heal|p2a: Dondozo|57/100|[from] item: Leftovers
|upkeep
|
|t:|1779817384
|switch|p1a: Iron Valiant|Iron Valiant|100/100
|-enditem|p1a: Iron Valiant|Booster Energy
|-activate|p1a: Iron Valiant|ability: Quark Drive|[fromitem]
|-start|p1a: Iron Valiant|quarkdrivespe
|turn|18
|inactive|Bag de wa has 60 seconds left.
|
|t:|1779817424
|move|p1a: Iron Valiant|Close Combat|p2a: Dondozo
|-damage|p2a: Dondozo|28/100
|-unboost|p1a: Iron Valiant|def|1
|-unboost|p1a: Iron Valiant|spd|1
|move|p2a: Dondozo|Waterfall|p1a: Iron Valiant
|-damage|p1a: Iron Valiant|66/100
|
|-heal|p2a: Dondozo|34/100|[from] item: Leftovers
|upkeep
|turn|19
|inactive|Bag de wa has 60 seconds left.
|
|t:|1779817448
|move|p1a: Iron Valiant|Close Combat|p2a: Dondozo
|-damage|p2a: Dondozo|3/100
|-unboost|p1a: Iron Valiant|def|1
|-unboost|p1a: Iron Valiant|spd|1
|move|p2a: Dondozo|Rest|p2a: Dondozo
|-status|p2a: Dondozo|slp|[from] move: Rest
|-heal|p2a: Dondozo|100/100 slp|[silent]
|
|upkeep
|turn|20
|inactive|Bag de wa has 30 seconds left.
|inactive|Bag de wa has 20 seconds left.
|inactive|Bag de wa has 15 seconds left.
|inactive|Bag de wa has 10 seconds left.
|inactive|Bag de wa has 5 seconds left.
|-message|Bag de wa lost due to inactivity.
|
|win|claudechamp
|raw|Bag de wa's rating: 1016 &rarr; <strong>1006</strong><br />(-10 for losing)
|raw|claudechamp's rating: 1093 &rarr; <strong>1113</strong><br />(+20 for winning)
|c|☆claudechamp|gg
