|j|☆Walvis Timmy
|j|☆hat40
|t:|1779815299
|gametype|singles
|player|p1|Walvis Timmy|1|1601
|player|p2|hat40|101|1639
|gen|9
|tier|[Gen 9] OU
|rated|
|rule|HP Percentage Mod: HP is shown in percentages
|rule|Endless Battle Clause: Forcing endless battles is banned
|rule|Species Clause: Limit one of each Pokémon
|rule|OHKO Clause: OHKO moves are banned
|rule|Evasion Items Clause: Evasion items are banned
|rule|Evasion Moves Clause: Evasion moves are banned
|rule|Evasion Abilities Clause: Evasion abilities are banned
|rule|Sleep Moves Clause: Sleep-inducing moves are banned
|clearpoke
|poke|p1|Cramorant, F|
|poke|p1|Gallade, M|
|poke|p1|Kingambit, M|
|poke|p1|Iron Moth|
|poke|p1|Enamorus, F|
|poke|p1|Ogerpon-Cornerstone, F|
|poke|p2|Pelipper, M|
|poke|p2|Manaphy|
|poke|p2|Bruxish, F|
|poke|p2|Overqwil, F|
|poke|p2|Iron Treads|
|poke|p2|Raging Bolt|
|teampreview
|
|t:|1779815321
|teamsize|p1|6
|teamsize|p2|6
|start
|switch|p1a: Gallade|Gallade, M|100/100
|switch|p2a: Pelipper|Pelipper, M|100/100
|-weather|RainDance|[from] ability: Drizzle|[of] p2a: Pelipper
|turn|1
|
|t:|1779815325
|move|p1a: Gallade|Psycho Cut|p2a: Pelipper
|-damage|p2a: Pelipper|60/100
|move|p2a: Pelipper|Hurricane|p1a: Gallade
|-supereffective|p1a: Gallade
|-damage|p1a: Gallade|23/100
|
|-weather|RainDance|[upkeep]
|upkeep
|turn|2
|
|t:|1779815330
|switch|p2a: Overqwil|Overqwil, F|100/100
|move|p1a: Gallade|Psycho Cut|p2a: Overqwil
|-immune|p2a: Overqwil
|
|-weather|RainDance|[upkeep]
|upkeep
|turn|3
|
|t:|1779815342
|move|p2a: Overqwil|Gunk Shot|p1a: Gallade
|-damage|p1a: Gallade|0 fnt
|faint|p1a: Gallade
|-damage|p2a: Overqwil|91/100|[from] item: Life Orb
|
|-weather|RainDance|[upkeep]
|upkeep
|j| Dante1310
|
|t:|1779815349
|switch|p1a: Cramorant|Cramorant, F, shiny|100/100
|turn|4
|
|t:|1779815353
|move|p2a: Overqwil|Gunk Shot|p1a: Cramorant|[miss]
|-miss|p2a: Overqwil|p1a: Cramorant
|move|p1a: Cramorant|Tailwind|p1a: Cramorant
|-sidestart|p1: Walvis Timmy|move: Tailwind
|
|-weather|RainDance|[upkeep]
|upkeep
|turn|5
|
|t:|1779815356
|move|p2a: Overqwil|Gunk Shot|p1a: Cramorant
|-enditem|p1a: Cramorant|Focus Sash
|-damage|p1a: Cramorant|1/100
|-status|p1a: Cramorant|psn
|-damage|p2a: Overqwil|81/100|[from] item: Life Orb
|move|p1a: Cramorant|Surf|p2a: Overqwil
|-formechange|p1a: Cramorant|Cramorant-Gorging|
|-damage|p2a: Overqwil|0 fnt
|faint|p2a: Overqwil
|
|-weather|RainDance|[upkeep]
|-damage|p1a: Cramorant|0 fnt|[from] psn
|faint|p1a: Cramorant
|upkeep
|
|t:|1779815371
|switch|p2a: Raging Bolt|Raging Bolt|100/100
|switch|p1a: Enamorus|Enamorus, F|100/100
|-enditem|p2a: Raging Bolt|Booster Energy
|-activate|p2a: Raging Bolt|ability: Protosynthesis|[fromitem]
|-start|p2a: Raging Bolt|protosynthesisspa
|turn|6
|
|t:|1779815376
|move|p2a: Raging Bolt|Thunderclap|p1a: Enamorus
|-supereffective|p1a: Enamorus
|-enditem|p1a: Enamorus|Focus Sash
|-damage|p1a: Enamorus|1/100
|move|p1a: Enamorus|Moonblast|p2a: Raging Bolt
|-supereffective|p2a: Raging Bolt
|-damage|p2a: Raging Bolt|3/100
|
|-weather|RainDance|[upkeep]
|upkeep
|turn|7
|
|t:|1779815381
|switch|p1a: Ogerpon|Ogerpon-Cornerstone, F|100/100
|move|p2a: Raging Bolt|Thunderclap||[still]
|-fail|p2a: Raging Bolt
|
|-weather|RainDance|[upkeep]
|-sideend|p1: Walvis Timmy|move: Tailwind
|upkeep
|turn|8
|
|t:|1779815385
|move|p1a: Ogerpon|Swords Dance|p1a: Ogerpon
|-boost|p1a: Ogerpon|atk|2
|move|p2a: Raging Bolt|Weather Ball|p1a: Ogerpon
|-damage|p1a: Ogerpon|14/100
|
|-weather|none
|upkeep
|turn|9
|
|t:|1779815390
|move|p2a: Raging Bolt|Thunderclap|p1a: Ogerpon
|-resisted|p1a: Ogerpon
|-damage|p1a: Ogerpon|0 fnt
|faint|p1a: Ogerpon
|
|upkeep
|
|t:|1779815394
|switch|p1a: Kingambit|Kingambit, M|100/100
|-activate|p1a: Kingambit|ability: Supreme Overlord
|-start|p1a: Kingambit|fallen3|[silent]
|turn|10
|
|t:|1779815397
|move|p2a: Raging Bolt|Thunderbolt|p1a: Kingambit
|-damage|p1a: Kingambit|22/100
|move|p1a: Kingambit|Swords Dance|p1a: Kingambit
|-boost|p1a: Kingambit|atk|2
|
|upkeep
|turn|11
|
|t:|1779815399
|move|p2a: Raging Bolt|Thunderclap||[still]
|-fail|p2a: Raging Bolt
|move|p1a: Kingambit|Swords Dance|p1a: Kingambit
|-boost|p1a: Kingambit|atk|2
|
|upkeep
|turn|12
|
|t:|1779815401
|move|p2a: Raging Bolt|Thunderclap||[still]
|-fail|p2a: Raging Bolt
|move|p1a: Kingambit|Swords Dance|p1a: Kingambit
|-boost|p1a: Kingambit|atk|2
|
|upkeep
|turn|13
|
|t:|1779815404
|move|p2a: Raging Bolt|Thunderclap|p1a: Kingambit
|-damage|p1a: Kingambit|0 fnt
|faint|p1a: Kingambit
|-end|p1a: Kingambit|fallen3|[silent]
|
|upkeep
|-message|Walvis Timmy forfeited.
|
|win|hat40
|raw|Walvis Timmy's rating: 1601 &rarr; <strong>1583</strong><br />(-18 for losing)
|raw|hat40's rating: 1639 &rarr; <strong>1657</strong><br />(+18 for winning)
|l|☆Walvis Timmy
|player|p1|
|l|☆hat40
|player|p2|
|l| Dante1310
