|j|☆Pokemon blodown
|j|☆4uu33ub3br
|t:|1779960907
|gametype|singles
|player|p1|Pokemon blodown|170|1169
|player|p2|4uu33ub3br|1|1236
|gen|9
|tier|[Gen 9] OU
|rated|
|rule|HP Percentage Mod: HP is shown in percentages
|rule|Endless Battle Clause: Forcing endless battles is banned
|rule|Species Clause: Limit one of each Pokémon
|rule|OHKO Clause: OHKO moves are banned
|rule|Evasion Items Clause: Evasion items are banned
|rule|Evasion Moves Clause: Evasion moves are banned
|rule|Evasion Abilities Clause: Evasion abilities are banned
|rule|Sleep Moves Clause: Sleep-inducing moves are banned
|clearpoke
|poke|p1|Rillaboom, M|
|poke|p1|Empoleon, M|
|poke|p1|Passimian, M|
|poke|p1|Weezing-Galar, M|
|poke|p1|Hatterene, F|
|poke|p1|Skeledirge, M|
|poke|p2|Ditto|
|poke|p2|Clefable, M|
|poke|p2|Toxapex, F|
|poke|p2|Garganacl, M|
|poke|p2|Mew|
|poke|p2|Rotom-Wash|
|teampreview
|inactive|Battle timer is ON: inactive players will automatically lose when time's up. (requested by Pokemon blodown)
|
|t:|1779960912
|teamsize|p1|6
|teamsize|p2|6
|start
|switch|p1a: Rillaboom|Rillaboom, M|100/100
|switch|p2a: Rotom|Rotom-Wash|100/100
|-fieldstart|move: Grassy Terrain|[from] ability: Grassy Surge|[of] p1a: Rillaboom
|turn|1
|
|t:|1779960917
|switch|p2a: Toxapex|Toxapex, F|100/100
|move|p1a: Rillaboom|Fake Out|p2a: Toxapex
|-damage|p2a: Toxapex|92/100
|
|-heal|p2a: Toxapex|98/100|[from] Grassy Terrain
|-heal|p2a: Toxapex|100/100|[from] item: Black Sludge
|upkeep
|turn|2
|
|t:|1779960925
|move|p1a: Rillaboom|U-turn|p2a: Toxapex
|-resisted|p2a: Toxapex
|-damage|p2a: Toxapex|93/100
|
|t:|1779960929
|switch|p1a: Weezing|Weezing-Galar, M|100/100|[from] U-turn
|move|p2a: Toxapex|Toxic|p1a: Weezing
|-immune|p1a: Weezing
|
|-heal|p2a: Toxapex|99/100|[from] Grassy Terrain
|-heal|p2a: Toxapex|100/100|[from] item: Black Sludge
|upkeep
|turn|3
|
|t:|1779960939
|switch|p2a: Rotom|Rotom-Wash|100/100
|move|p1a: Weezing|Strange Steam|p2a: Rotom
|-damage|p2a: Rotom|78/100
|
|upkeep
|turn|4
|
|t:|1779960952
|switch|p1a: Hatterene|Hatterene, F|100/100
|move|p2a: Rotom|Trick|p1a: Hatterene
|-activate|p2a: Rotom|move: Trick|[of] p1a: Hatterene
|-item|p1a: Hatterene|Choice Scarf|[from] move: Trick
|-item|p2a: Rotom|Leftovers|[from] move: Trick
|
|-heal|p2a: Rotom|85/100|[from] item: Leftovers
|upkeep
|turn|5
|
|t:|1779960962
|move|p2a: Rotom|Volt Switch|p1a: Hatterene
|-damage|p1a: Hatterene|73/100
|
|t:|1779960965
|switch|p2a: Mew|Mew|100/100|[from] Volt Switch
|move|p1a: Hatterene|Dazzling Gleam|p2a: Mew
|-damage|p2a: Mew|66/100
|
|-heal|p2a: Mew|72/100|[from] Grassy Terrain
|-heal|p1a: Hatterene|79/100|[from] Grassy Terrain
|-fieldend|move: Grassy Terrain
|upkeep
|turn|6
|
|t:|1779960973
|switch|p1a: Skeledirge|Skeledirge, M|100/100
|move|p2a: Mew|Toxic|p1a: Skeledirge
|-status|p1a: Skeledirge|tox
|
|-damage|p1a: Skeledirge|94/100 tox|[from] psn
|upkeep
|turn|7
|
|t:|1779960981
|switch|p2a: Toxapex|Toxapex, F|100/100
|move|p1a: Skeledirge|Shadow Ball|p2a: Toxapex
|-damage|p2a: Toxapex|74/100
|-unboost|p2a: Toxapex|spd|1
|
|-heal|p1a: Skeledirge|100/100 tox|[from] item: Leftovers
|-heal|p2a: Toxapex|80/100|[from] item: Black Sludge
|-damage|p1a: Skeledirge|88/100 tox|[from] psn
|upkeep
|turn|8
|
|t:|1779960995
|move|p1a: Skeledirge|Shadow Ball|p2a: Toxapex
|-damage|p2a: Toxapex|57/100
|move|p2a: Toxapex|Liquidation|p1a: Skeledirge
|-supereffective|p1a: Skeledirge
|-damage|p1a: Skeledirge|56/100 tox
|
|-heal|p1a: Skeledirge|62/100 tox|[from] item: Leftovers
|-heal|p2a: Toxapex|63/100|[from] item: Black Sludge
|-damage|p1a: Skeledirge|44/100 tox|[from] psn
|upkeep
|turn|9
|
|t:|1779961009
|move|p1a: Skeledirge|Slack Off|p1a: Skeledirge
|-heal|p1a: Skeledirge|94/100 tox
|move|p2a: Toxapex|Recover|p2a: Toxapex
|-heal|p2a: Toxapex|100/100
|
|-heal|p1a: Skeledirge|99/100 tox|[from] item: Leftovers
|-damage|p1a: Skeledirge|75/100 tox|[from] psn
|upkeep
|turn|10
|
|t:|1779961014
|switch|p1a: Hatterene|Hatterene, F|79/100
|move|p2a: Toxapex|Liquidation|p1a: Hatterene
|-damage|p1a: Hatterene|56/100
|
|upkeep
|turn|11
|
|t:|1779961020
|switch|p2a: Mew|Mew|72/100
|move|p1a: Hatterene|Psychic Noise|p2a: Mew
|-resisted|p2a: Mew
|-damage|p2a: Mew|56/100
|-start|p2a: Mew|move: Heal Block
|
|upkeep
|turn|12
|
|t:|1779961027
|move|p2a: Mew|Trick|p1a: Hatterene
|-activate|p2a: Mew|move: Trick|[of] p1a: Hatterene
|-item|p1a: Hatterene|Choice Scarf|[from] move: Trick
|-item|p2a: Mew|Choice Scarf|[from] move: Trick
|move|p1a: Hatterene|Psychic Noise|p2a: Mew
|-resisted|p2a: Mew
|-damage|p2a: Mew|39/100
|
|-end|p2a: Mew|move: Heal Block
|upkeep
|turn|13
|
|t:|1779961033
|move|p2a: Mew|Toxic|p1a: Hatterene
|move|p1a: Hatterene|Toxic|p2a: Mew|[from] ability: Magic Bounce
|-status|p2a: Mew|tox
|-activate|p2a: Mew|ability: Synchronize
|-status|p1a: Hatterene|tox
|move|p1a: Hatterene|Psychic Noise|p2a: Mew
|-resisted|p2a: Mew
|-damage|p2a: Mew|23/100 tox
|-start|p2a: Mew|move: Heal Block
|
|-damage|p2a: Mew|17/100 tox|[from] psn
|-damage|p1a: Hatterene|50/100 tox|[from] psn
|upkeep
|turn|14
|
|t:|1779961044
|switch|p2a: Garganacl|Garganacl, M|100/100
|move|p1a: Hatterene|Psychic Noise|p2a: Garganacl
|-damage|p2a: Garganacl|69/100
|-start|p2a: Garganacl|move: Heal Block
|
|-damage|p1a: Hatterene|38/100 tox|[from] psn
|upkeep
|turn|15
|
|t:|1779961051
|move|p1a: Hatterene|Psychic Noise|p2a: Garganacl
|-damage|p2a: Garganacl|36/100
|move|p2a: Garganacl|Salt Cure|p1a: Hatterene
|-damage|p1a: Hatterene|24/100 tox
|-start|p1a: Hatterene|Salt Cure
|
|-damage|p1a: Hatterene|6/100 tox|[from] psn
|-damage|p1a: Hatterene|0 fnt|[from] Salt Cure
|faint|p1a: Hatterene
|-end|p2a: Garganacl|move: Heal Block
|upkeep
|
|t:|1779961056
|switch|p1a: Passimian|Passimian, M|100/100
|turn|16
|
|t:|1779961066
|switch|p2a: Toxapex|Toxapex, F|100/100
|move|p1a: Passimian|Drain Punch|p2a: Toxapex
|-resisted|p2a: Toxapex
|-damage|p2a: Toxapex|91/100
|
|-heal|p2a: Toxapex|97/100|[from] item: Black Sludge
|upkeep
|turn|17
|
|t:|1779961076
|switch|p1a: Empoleon|Empoleon, M|100/100
|move|p2a: Toxapex|Toxic|p1a: Empoleon
|-immune|p1a: Empoleon
|
|-heal|p2a: Toxapex|100/100|[from] item: Black Sludge
|upkeep
|turn|18
|
|t:|1779961083
|switch|p2a: Rotom|Rotom-Wash|85/100
|move|p1a: Empoleon|Agility|p1a: Empoleon
|-boost|p1a: Empoleon|spe|2
|
|-heal|p2a: Rotom|91/100|[from] item: Leftovers
|upkeep
|turn|19
|
|t:|1779961097
|move|p1a: Empoleon|Iron Defense|p1a: Empoleon
|-boost|p1a: Empoleon|def|2
|move|p2a: Rotom|Will-O-Wisp|p1a: Empoleon
|-status|p1a: Empoleon|brn
|
|-heal|p2a: Rotom|97/100|[from] item: Leftovers
|-damage|p1a: Empoleon|94/100 brn|[from] brn
|upkeep
|turn|20
|
|t:|1779961103
|move|p1a: Empoleon|Iron Defense|p1a: Empoleon
|-boost|p1a: Empoleon|def|2
|move|p2a: Rotom|Volt Switch|p1a: Empoleon
|-supereffective|p1a: Empoleon
|-damage|p1a: Empoleon|49/100 brn
|-enditem|p1a: Empoleon|Weakness Policy
|-boost|p1a: Empoleon|atk|2|[from] item: Weakness Policy
|-boost|p1a: Empoleon|spa|2|[from] item: Weakness Policy
|
|t:|1779961121
|switch|p2a: Ditto|Ditto|100/100|[from] Volt Switch
|-transform|p2a: Ditto|p1a: Empoleon|[from] ability: Imposter
|
|-damage|p1a: Empoleon|42/100 brn|[from] brn
|upkeep
|turn|21
|
|t:|1779961134
|switch|p1a: Weezing|Weezing-Galar, M|100/100
|move|p2a: Ditto|Power Trip|p1a: Weezing
|-resisted|p1a: Weezing
|-damage|p1a: Weezing|53/100
|-damage|p2a: Ditto|84/100|[from] item: Rocky Helmet|[of] p1a: Weezing
|
|upkeep
|turn|22
|
|t:|1779961144
|switch|p2a: Garganacl|Garganacl, M|36/100
|move|p1a: Weezing|Pain Split|p2a: Garganacl
|-sethp|p2a: Garganacl|40/100|[from] move: Pain Split|[silent]
|-sethp|p1a: Weezing|48/100|[from] move: Pain Split
|
|-heal|p2a: Garganacl|46/100|[from] item: Leftovers
|upkeep
|turn|23
|
|t:|1779961149
|switch|p1a: Empoleon|Empoleon, M|42/100 brn
|move|p2a: Garganacl|Recover|p2a: Garganacl
|-heal|p2a: Garganacl|96/100
|
|-heal|p2a: Garganacl|100/100|[from] item: Leftovers
|-damage|p1a: Empoleon|36/100 brn|[from] brn
|upkeep
|turn|24
|
|t:|1779961153
|move|p1a: Empoleon|Roost|p1a: Empoleon
|-heal|p1a: Empoleon|86/100 brn
|-singleturn|p1a: Empoleon|move: Roost
|move|p2a: Garganacl|Salt Cure|p1a: Empoleon
|-resisted|p1a: Empoleon
|-damage|p1a: Empoleon|79/100 brn
|-start|p1a: Empoleon|Salt Cure
|
|-damage|p1a: Empoleon|73/100 brn|[from] brn
|-damage|p1a: Empoleon|48/100 brn|[from] Salt Cure
|upkeep
|turn|25
|-message|Pokemon blodown forfeited.
|
|win|4uu33ub3br
|raw|Pokemon blodown's rating: 1199 &rarr; <strong>1177</strong><br />(-22 for losing)
|raw|4uu33ub3br's rating: 1236 &rarr; <strong>1258</strong><br />(+22 for winning)
|l|☆Pokemon blodown
|player|p1|
|l|☆4uu33ub3br
|player|p2|
