|j|☆Gunkip
|j|☆Snurke
|t:|1779949736
|gametype|singles
|player|p1|Gunkip|misty|1637
|player|p2|Snurke|2|1568
|gen|9
|tier|[Gen 9] OU
|rated|
|rule|HP Percentage Mod: HP is shown in percentages
|rule|Endless Battle Clause: Forcing endless battles is banned
|rule|Species Clause: Limit one of each Pokémon
|rule|OHKO Clause: OHKO moves are banned
|rule|Evasion Items Clause: Evasion items are banned
|rule|Evasion Moves Clause: Evasion moves are banned
|rule|Evasion Abilities Clause: Evasion abilities are banned
|rule|Sleep Moves Clause: Sleep-inducing moves are banned
|clearpoke
|poke|p1|Samurott-Hisui, M|
|poke|p1|Dragonite, M|
|poke|p1|Kingambit, M|
|poke|p1|Iron Moth|
|poke|p1|Iron Valiant|
|poke|p1|Moltres-Galar|
|poke|p2|Gholdengo|
|poke|p2|Iron Treads|
|poke|p2|Tornadus-Therian, M|
|poke|p2|Ceruledge, F|
|poke|p2|Zamazenta-*|
|poke|p2|Samurott-Hisui, M|
|teampreview
|inactive|Battle timer is ON: inactive players will automatically lose when time's up. (requested by Gunkip)
|
|t:|1779949754
|teamsize|p1|6
|teamsize|p2|6
|start
|switch|p1a: 90% accurate|Samurott-Hisui, M|100/100
|switch|p2a: Lebronny Junior|Iron Treads, shiny|100/100
|turn|1
|
|t:|1779949759
|move|p2a: Lebronny Junior|Stealth Rock|p1a: 90% accurate
|-sidestart|p1: Gunkip|move: Stealth Rock
|move|p1a: 90% accurate|Razor Shell|p2a: Lebronny Junior
|-supereffective|p2a: Lebronny Junior
|-damage|p2a: Lebronny Junior|0 fnt
|faint|p2a: Lebronny Junior
|-end|p2a: Lebronny Junior|Quark Drive|[silent]
|
|upkeep
|
|t:|1779949765
|switch|p2a: Zaza Pachulia|Zamazenta, shiny|100/100
|-ability|p2a: Zaza Pachulia|Dauntless Shield|boost
|-boost|p2a: Zaza Pachulia|def|1
|turn|2
|
|t:|1779949768
|move|p2a: Zaza Pachulia|Body Press|p1a: 90% accurate
|-supereffective|p1a: 90% accurate
|-enditem|p1a: 90% accurate|Focus Sash
|-damage|p1a: 90% accurate|1/100
|move|p1a: 90% accurate|Knock Off|p2a: Zaza Pachulia
|-resisted|p2a: Zaza Pachulia
|-damage|p2a: Zaza Pachulia|88/100
|-enditem|p2a: Zaza Pachulia|Leftovers|[from] move: Knock Off|[of] p1a: 90% accurate
|
|upkeep
|turn|3
|
|t:|1779949775
|move|p1a: 90% accurate|Sucker Punch|p2a: Zaza Pachulia
|-resisted|p2a: Zaza Pachulia
|-damage|p2a: Zaza Pachulia|80/100
|move|p2a: Zaza Pachulia|Body Press|p1a: 90% accurate
|-supereffective|p1a: 90% accurate
|-damage|p1a: 90% accurate|0 fnt
|faint|p1a: 90% accurate
|
|upkeep
|
|t:|1779949782
|switch|p1a: bird is the word|Moltres-Galar|100/100
|-damage|p1a: bird is the word|76/100|[from] Stealth Rock
|turn|4
|
|t:|1779949795
|switch|p2a: Crafty Lil' Shai|Samurott-Hisui, M, shiny|100/100
|move|p1a: bird is the word|Agility|p1a: bird is the word
|-boost|p1a: bird is the word|spe|2
|
|upkeep
|turn|5
|
|t:|1779949801
|move|p1a: bird is the word|Fiery Wrath|p2a: Crafty Lil' Shai
|-resisted|p2a: Crafty Lil' Shai
|-damage|p2a: Crafty Lil' Shai|82/100
|move|p2a: Crafty Lil' Shai|Aqua Cutter|p1a: bird is the word
|-damage|p1a: bird is the word|16/100
|-ability|p1a: bird is the word|Berserk|boost
|-boost|p1a: bird is the word|spa|1
|-enditem|p1a: bird is the word|Sitrus Berry|[eat]
|-heal|p1a: bird is the word|41/100|[from] item: Sitrus Berry
|
|upkeep
|turn|6
|
|t:|1779949808
|move|p1a: bird is the word|Hurricane|p2a: Crafty Lil' Shai
|-damage|p2a: Crafty Lil' Shai|10/100
|-start|p2a: Crafty Lil' Shai|confusion
|-activate|p2a: Crafty Lil' Shai|confusion
|-damage|p2a: Crafty Lil' Shai|0 fnt|[from] confusion
|faint|p2a: Crafty Lil' Shai
|
|upkeep
|c|☆Snurke|Breh
|
|t:|1779949828
|switch|p2a: Draymoney Green|Tornadus-Therian, M, shiny|100/100
|turn|7
|
|t:|1779949832
|move|p1a: bird is the word|Fiery Wrath|p2a: Draymoney Green
|-damage|p2a: Draymoney Green|39/100
|move|p2a: Draymoney Green|Bleakwind Storm|p1a: bird is the word
|-damage|p1a: bird is the word|11/100
|-unboost|p1a: bird is the word|spe|1
|
|upkeep
|turn|8
|
|t:|1779949842
|switch|p2a: Zaza Pachulia|Zamazenta, shiny|80/100
|move|p1a: bird is the word|Fiery Wrath|p2a: Zaza Pachulia
|-resisted|p2a: Zaza Pachulia
|-damage|p2a: Zaza Pachulia|54/100
|
|upkeep
|turn|9
|
|t:|1779949849
|move|p1a: bird is the word|Hurricane|p2a: Zaza Pachulia|[miss]
|-miss|p1a: bird is the word|p2a: Zaza Pachulia
|move|p2a: Zaza Pachulia|Body Press|p1a: bird is the word
|-damage|p1a: bird is the word|0 fnt
|faint|p1a: bird is the word
|
|upkeep
|
|t:|1779949852
|switch|p1a: fight the power|Iron Valiant|100/100
|-damage|p1a: fight the power|94/100|[from] Stealth Rock
|-enditem|p1a: fight the power|Booster Energy
|-activate|p1a: fight the power|ability: Quark Drive|[fromitem]
|-start|p1a: fight the power|quarkdrivespe
|turn|10
|
|t:|1779949855
|move|p1a: fight the power|Moonblast|p2a: Zaza Pachulia
|-supereffective|p2a: Zaza Pachulia
|-crit|p2a: Zaza Pachulia
|-damage|p2a: Zaza Pachulia|0 fnt
|faint|p2a: Zaza Pachulia
|
|upkeep
|
|t:|1779949860
|switch|p2a: Wembanyama|Ceruledge, F, shiny|100/100
|turn|11
|
|t:|1779949863
|move|p1a: fight the power|Taunt|p2a: Wembanyama
|-start|p2a: Wembanyama|move: Taunt
|move|p2a: Wembanyama|Bitter Blade|p1a: fight the power
|-damage|p1a: fight the power|31/100
|
|upkeep
|turn|12
|
|t:|1779949871
|move|p1a: fight the power|Knock Off|p2a: Wembanyama
|-supereffective|p2a: Wembanyama
|-crit|p2a: Wembanyama
|-damage|p2a: Wembanyama|3/100
|-enditem|p2a: Wembanyama|Covert Cloak|[from] move: Knock Off|[of] p1a: fight the power
|move|p2a: Wembanyama|Bitter Blade|p1a: fight the power
|-damage|p1a: fight the power|0 fnt
|-heal|p2a: Wembanyama|16/100|[from] drain|[of] p1a: fight the power
|faint|p1a: fight the power
|-end|p1a: fight the power|Quark Drive|[silent]
|
|upkeep
|
|t:|1779949883
|switch|p1a: feels the aura|Dragonite, M|100/100
|turn|13
|
|t:|1779949890
|switch|p2a: Stephortless|Gholdengo, shiny|100/100
|-item|p2a: Stephortless|Air Balloon
|move|p1a: feels the aura|Dragon Dance|p1a: feels the aura
|-boost|p1a: feels the aura|atk|1
|-boost|p1a: feels the aura|spe|1
|
|upkeep
|turn|14
|
|t:|1779949910
|move|p1a: feels the aura|Outrage|p2a: Stephortless
|-resisted|p2a: Stephortless
|-damage|p2a: Stephortless|50/100
|-enditem|p2a: Stephortless|Air Balloon
|move|p2a: Stephortless|Thunder Wave|p1a: feels the aura
|-status|p1a: feels the aura|par
|
|upkeep
|turn|15
|
|t:|1779949930
|move|p2a: Stephortless|Dazzling Gleam|p1a: feels the aura
|-supereffective|p1a: feels the aura
|-damage|p1a: feels the aura|67/100 par
|move|p1a: feels the aura|Outrage|p2a: Stephortless|[from] lockedmove
|-resisted|p2a: Stephortless
|-damage|p2a: Stephortless|0 fnt
|faint|p2a: Stephortless
|
|upkeep
|inactive|Snurke has 120 seconds left.
|
|t:|1779949941
|switch|p2a: Draymoney Green|Tornadus-Therian, M, shiny|72/100
|turn|16
|
|t:|1779949948
|move|p2a: Draymoney Green|Bleakwind Storm|p1a: feels the aura
|-damage|p1a: feels the aura|29/100 par
|-unboost|p1a: feels the aura|spe|1
|move|p1a: feels the aura|Outrage|p2a: Draymoney Green|[from] lockedmove
|-damage|p2a: Draymoney Green|0 fnt
|-damage|p1a: feels the aura|13/100 par|[from] item: Rocky Helmet|[of] p2a: Draymoney Green
|faint|p2a: Draymoney Green
|-start|p1a: feels the aura|confusion|[fatigue]
|
|upkeep
|
|t:|1779949957
|switch|p2a: Wembanyama|Ceruledge, F, shiny|16/100
|turn|17
|
|t:|1779949960
|move|p2a: Wembanyama|Shadow Sneak|p1a: feels the aura
|-damage|p1a: feels the aura|0 fnt
|faint|p1a: feels the aura
|
|upkeep
|
|t:|1779949964
|switch|p1a: definitely|Iron Moth|100/100
|-damage|p1a: definitely|76/100|[from] Stealth Rock
|-enditem|p1a: definitely|Booster Energy
|-activate|p1a: definitely|ability: Quark Drive|[fromitem]
|-start|p1a: definitely|quarkdrivespe
|turn|18
|
|t:|1779949968
|move|p1a: definitely|Psychic|p2a: Wembanyama
|-damage|p2a: Wembanyama|0 fnt
|faint|p2a: Wembanyama
|
|win|Gunkip
|raw|Gunkip's rating: 1637 &rarr; <strong>1653</strong><br />(+16 for winning)
|raw|Snurke's rating: 1568 &rarr; <strong>1552</strong><br />(-16 for losing)
|l|☆Gunkip
|player|p1|
