|j|☆bowgod27
|j|☆Huboy
|t:|1779913071
|gametype|singles
|player|p1|bowgod27|wallace|1401
|player|p2|Huboy|dawn|1474
|gen|9
|tier|[Gen 9] OU
|rated|
|rule|HP Percentage Mod: HP is shown in percentages
|rule|Endless Battle Clause: Forcing endless battles is banned
|rule|Species Clause: Limit one of each Pokémon
|rule|OHKO Clause: OHKO moves are banned
|rule|Evasion Items Clause: Evasion items are banned
|rule|Evasion Moves Clause: Evasion moves are banned
|rule|Evasion Abilities Clause: Evasion abilities are banned
|rule|Sleep Moves Clause: Sleep-inducing moves are banned
|clearpoke
|poke|p1|Walking Wake|
|poke|p1|Great Tusk|
|poke|p1|Ninetales, M|
|poke|p1|Cresselia, F|
|poke|p1|Zarude|
|poke|p1|Ceruledge, F|
|poke|p2|Great Tusk|
|poke|p2|Dondozo, M|
|poke|p2|Ribombee, F|
|poke|p2|Milotic, F|
|poke|p2|Goodra-Hisui, M|
|poke|p2|Zoroark-Hisui, F|
|teampreview
|inactive|Battle timer is ON: inactive players will automatically lose when time's up. (requested by Huboy)
|
|t:|1779913090
|teamsize|p1|6
|teamsize|p2|6
|start
|switch|p1a: Ninetales|Ninetales, M|100/100
|switch|p2a: Milotic|Milotic, F|100/100
|-weather|SunnyDay|[from] ability: Drought|[of] p1a: Ninetales
|turn|1
|
|t:|1779913119
|switch|p1a: Cresselia|Cresselia, F|100/100
|move|p2a: Milotic|Poltergeist|p1a: Cresselia
|-activate|p1a: Cresselia|move: Poltergeist|Eject Button
|-supereffective|p1a: Cresselia
|-damage|p1a: Cresselia|40/100
|-enditem|p1a: Cresselia|Eject Button
|inactive|bowgod27 has 120 seconds left.
|
|t:|1779913143
|switch|p1a: Zarude|Zarude|100/100
|
|-weather|SunnyDay|[upkeep]
|upkeep
|turn|2
|
|t:|1779913156
|switch|p2a: Ribombee|Ribombee, F|100/100
|move|p1a: Zarude|Knock Off|p2a: Ribombee
|-resisted|p2a: Ribombee
|-damage|p2a: Ribombee|53/100
|-enditem|p2a: Ribombee|Choice Scarf|[from] move: Knock Off|[of] p1a: Zarude
|
|-weather|SunnyDay|[upkeep]
|upkeep
|turn|3
|inactive|bowgod27 has 120 seconds left.
|inactive|bowgod27 has 90 seconds left.
|
|t:|1779913217
|move|p2a: Ribombee|Sticky Web|p1a: Zarude
|-sidestart|p1: bowgod27|move: Sticky Web
|move|p1a: Zarude|Swords Dance|p1a: Zarude
|-boost|p1a: Zarude|atk|2
|
|-weather|SunnyDay|[upkeep]
|upkeep
|turn|4
|inactive|bowgod27 has 60 seconds left.
|
|t:|1779913249
|-terastallize|p1a: Zarude|Poison
|move|p2a: Ribombee|U-turn|p1a: Zarude
|-resisted|p1a: Zarude
|-damage|p1a: Zarude|94/100
|
|t:|1779913253
|switch|p2a: Dondozo|Dondozo, M|100/100|[from] U-turn
|move|p1a: Zarude|Power Whip|p2a: Dondozo
|-supereffective|p2a: Dondozo
|-damage|p2a: Dondozo|42/100
|
|-weather|SunnyDay|[upkeep]
|-heal|p1a: Zarude|99/100|[from] item: Leftovers
|-heal|p2a: Dondozo|48/100|[from] item: Leftovers
|upkeep
|turn|5
|
|t:|1779913265
|move|p2a: Dondozo|Protect|p2a: Dondozo
|-singleturn|p2a: Dondozo|Protect
|move|p1a: Zarude|Power Whip|p2a: Dondozo
|-activate|p2a: Dondozo|move: Protect
|
|-weather|SunnyDay|[upkeep]
|-heal|p1a: Zarude|100/100|[from] item: Leftovers
|-heal|p2a: Dondozo|54/100|[from] item: Leftovers
|upkeep
|turn|6
|
|t:|1779913288
|-terastallize|p2a: Dondozo|Dragon
|move|p1a: Zarude|Power Whip|p2a: Dondozo
|-resisted|p2a: Dondozo
|-damage|p2a: Dondozo|40/100
|move|p2a: Dondozo|Earthquake|p1a: Zarude
|-supereffective|p1a: Zarude
|-damage|p1a: Zarude|50/100
|
|-weather|SunnyDay|[upkeep]
|-heal|p1a: Zarude|56/100|[from] item: Leftovers
|-heal|p2a: Dondozo|46/100|[from] item: Leftovers
|upkeep
|turn|7
|
|t:|1779913299
|move|p1a: Zarude|Synthesis|p1a: Zarude
|-heal|p1a: Zarude|100/100
|move|p2a: Dondozo|Earthquake|p1a: Zarude
|-supereffective|p1a: Zarude
|-damage|p1a: Zarude|47/100
|
|-weather|SunnyDay|[upkeep]
|-heal|p1a: Zarude|53/100|[from] item: Leftovers
|-heal|p2a: Dondozo|52/100|[from] item: Leftovers
|upkeep
|turn|8
|
|t:|1779913318
|move|p1a: Zarude|Synthesis|p1a: Zarude
|-heal|p1a: Zarude|100/100
|move|p2a: Dondozo|Earthquake|p1a: Zarude
|-supereffective|p1a: Zarude
|-damage|p1a: Zarude|47/100
|
|-weather|none
|-heal|p1a: Zarude|53/100|[from] item: Leftovers
|-heal|p2a: Dondozo|58/100|[from] item: Leftovers
|upkeep
|turn|9
|
|t:|1779913331
|move|p1a: Zarude|Knock Off|p2a: Dondozo
|-damage|p2a: Dondozo|35/100
|-enditem|p2a: Dondozo|Leftovers|[from] move: Knock Off|[of] p1a: Zarude
|move|p2a: Dondozo|Earthquake|p1a: Zarude
|-supereffective|p1a: Zarude
|-damage|p1a: Zarude|3/100
|
|-heal|p1a: Zarude|9/100|[from] item: Leftovers
|upkeep
|turn|10
|inactive|bowgod27 has 30 seconds left.
|inactive|bowgod27 has 20 seconds left.
|inactive|bowgod27 has 15 seconds left.
|
|t:|1779913369
|switch|p1a: Cresselia|Cresselia, F|40/100
|move|p2a: Dondozo|Liquidation|p1a: Cresselia
|-damage|p1a: Cresselia|17/100
|
|upkeep
|turn|11
|inactive|bowgod27 has 25 seconds left this turn.
|inactive|bowgod27 has 20 seconds left.
|inactive|bowgod27 has 15 seconds left.
|inactive|Huboy has 120 seconds left.
|
|t:|1779913403
|switch|p2a: Ribombee|Ribombee, F|53/100
|move|p1a: Cresselia|Moonlight|p1a: Cresselia
|-heal|p1a: Cresselia|67/100
|
|upkeep
|turn|12
|inactive|bowgod27 has 25 seconds left this turn.
|inactive|bowgod27 has 20 seconds left.
|inactive|bowgod27 has 15 seconds left.
|inactive|Huboy has 120 seconds left.
|
|t:|1779913420
|switch|p1a: Ninetales|Ninetales, M|100/100
|-activate|p1a: Ninetales|move: Sticky Web
|-unboost|p1a: Ninetales|spe|1
|-weather|SunnyDay|[from] ability: Drought|[of] p1a: Ninetales
|move|p2a: Ribombee|U-turn|p1a: Ninetales
|-resisted|p1a: Ninetales
|-damage|p1a: Ninetales|92/100
|inactive|Huboy has 120 seconds left.
|
|t:|1779913426
|switch|p2a: Great Tusk|Great Tusk|100/100|[from] U-turn
|-activate|p2a: Great Tusk|ability: Protosynthesis
|-start|p2a: Great Tusk|protosynthesisatk
|
|-weather|SunnyDay|[upkeep]
|upkeep
|turn|13
|inactive|bowgod27 has 30 seconds left this turn.
|inactive|bowgod27 has 20 seconds left.
|inactive|bowgod27 has 15 seconds left.
|inactive|Huboy has 120 seconds left.
|inactive|bowgod27 has 10 seconds left.
|
|t:|1779913448
|switch|p1a: Cresselia|Cresselia, F|67/100
|move|p2a: Great Tusk|Smack Down|p1a: Cresselia
|-damage|p1a: Cresselia|55/100
|-start|p1a: Cresselia|Smack Down
|
|-weather|SunnyDay|[upkeep]
|upkeep
|turn|14
|inactive|bowgod27 has 20 seconds left this turn.
|inactive|bowgod27 has 15 seconds left.
|inactive|bowgod27 has 10 seconds left.
|
|t:|1779913459
|move|p2a: Great Tusk|Earthquake|p1a: Cresselia
|-crit|p1a: Cresselia
|-damage|p1a: Cresselia|0 fnt
|faint|p1a: Cresselia
|
|-weather|SunnyDay|[upkeep]
|upkeep
|inactive|bowgod27 has 15 seconds left this turn.
|inactive|bowgod27 has 10 seconds left.
|
|t:|1779913466
|switch|p1a: Great Tusk|Great Tusk|100/100
|-activate|p1a: Great Tusk|move: Sticky Web
|-unboost|p1a: Great Tusk|spe|1
|-activate|p1a: Great Tusk|ability: Protosynthesis
|-start|p1a: Great Tusk|protosynthesisatk
|turn|15
|inactive|bowgod27 has 20 seconds left this turn.
|inactive|bowgod27 has 15 seconds left.
|
|t:|1779913474
|-end|p2a: Great Tusk|Protosynthesis|[silent]
|switch|p2a: Milotic|Milotic, F|100/100
|move|p1a: Great Tusk|Rapid Spin|p2a: Milotic
|-immune|p2a: Milotic
|
|-weather|SunnyDay|[upkeep]
|upkeep
|turn|16
|inactive|bowgod27 has 25 seconds left this turn.
|inactive|bowgod27 has 20 seconds left.
|inactive|bowgod27 has 15 seconds left.
|
|t:|1779913489
|move|p2a: Milotic|U-turn|p1a: Great Tusk
|-resisted|p1a: Great Tusk
|-damage|p1a: Great Tusk|93/100
|
|t:|1779913491
|switch|p2a: Ribombee|Ribombee, F|53/100|[from] U-turn
|move|p1a: Great Tusk|Close Combat|p2a: Ribombee
|-resisted|p2a: Ribombee
|-damage|p2a: Ribombee|13/100
|-unboost|p1a: Great Tusk|def|1
|-unboost|p1a: Great Tusk|spd|1
|
|-weather|SunnyDay|[upkeep]
|upkeep
|turn|17
|inactive|bowgod27 has 30 seconds left this turn.
|inactive|bowgod27 has 20 seconds left.
|inactive|bowgod27 has 15 seconds left.
|inactive|bowgod27 has 10 seconds left.
|inactive|bowgod27 has 5 seconds left.
|
|t:|1779913517
|-end|p1a: Great Tusk|Protosynthesis|[silent]
|switch|p1a: Ninetales|Ninetales, M|92/100
|-activate|p1a: Ninetales|move: Sticky Web
|-unboost|p1a: Ninetales|spe|1
|move|p2a: Ribombee|Moonblast|p1a: Ninetales
|-resisted|p1a: Ninetales
|-damage|p1a: Ninetales|72/100
|-unboost|p1a: Ninetales|spa|1
|
|-weather|SunnyDay|[upkeep]
|upkeep
|turn|18
|inactive|bowgod27 has 15 seconds left this turn.
|inactive|bowgod27 has 10 seconds left.
|
|t:|1779913524
|move|p2a: Ribombee|Switcheroo|p1a: Ninetales
|-activate|p2a: Ribombee|move: Trick|[of] p1a: Ninetales
|-enditem|p1a: Ninetales|Heat Rock|[silent]|[from] move: Switcheroo
|-item|p2a: Ribombee|Heat Rock|[from] move: Switcheroo
|move|p1a: Ninetales|Overheat|p2a: Ribombee
|-supereffective|p2a: Ribombee
|-damage|p2a: Ribombee|0 fnt
|-unboost|p1a: Ninetales|spa|2
|faint|p2a: Ribombee
|
|-weather|SunnyDay|[upkeep]
|upkeep
|
|t:|1779913534
|switch|p2a: Great Tusk|Great Tusk|100/100
|-activate|p2a: Great Tusk|ability: Protosynthesis
|-start|p2a: Great Tusk|protosynthesisatk
|turn|19
|inactive|bowgod27 has 25 seconds left this turn.
|inactive|bowgod27 has 20 seconds left.
|
|t:|1779913542
|switch|p1a: Zarude|Zarude, tera:Poison|9/100
|-activate|p1a: Zarude|move: Sticky Web
|-unboost|p1a: Zarude|spe|1
|move|p2a: Great Tusk|Earthquake|p1a: Zarude
|-supereffective|p1a: Zarude
|-damage|p1a: Zarude|0 fnt
|faint|p1a: Zarude
|
|-weather|none
|-end|p2a: Great Tusk|Protosynthesis
|upkeep
|inactive|bowgod27 has 25 seconds left this turn.
|
|t:|1779913544
|switch|p1a: Ninetales|Ninetales, M|72/100
|-activate|p1a: Ninetales|move: Sticky Web
|-unboost|p1a: Ninetales|spe|1
|-weather|SunnyDay|[from] ability: Drought|[of] p1a: Ninetales
|-activate|p2a: Great Tusk|ability: Protosynthesis
|-start|p2a: Great Tusk|protosynthesisatk
|turn|20
|inactive|bowgod27 has 30 seconds left.
|inactive|bowgod27 has 20 seconds left.
|
|t:|1779913563
|switch|p1a: Ceruledge|Ceruledge, F|100/100
|-activate|p1a: Ceruledge|move: Sticky Web
|-unboost|p1a: Ceruledge|spe|1
|move|p2a: Great Tusk|Earthquake|p1a: Ceruledge
|-supereffective|p1a: Ceruledge
|-enditem|p1a: Ceruledge|Focus Sash
|-damage|p1a: Ceruledge|1/100
|-ability|p1a: Ceruledge|Weak Armor|boost
|-unboost|p1a: Ceruledge|def|1
|-boost|p1a: Ceruledge|spe|2
|
|-weather|SunnyDay|[upkeep]
|upkeep
|turn|21
|inactive|bowgod27 has 30 seconds left this turn.
|inactive|bowgod27 has 20 seconds left.
|inactive|bowgod27 has 15 seconds left.
|
|t:|1779913582
|-end|p2a: Great Tusk|Protosynthesis|[silent]
|switch|p2a: Dondozo|Dondozo, M, tera:Dragon|35/100
|move|p1a: Ceruledge|Poltergeist||[still]
|-fail|p1a: Ceruledge
|
|-weather|SunnyDay|[upkeep]
|upkeep
|turn|22
|inactive|bowgod27 has 25 seconds left this turn.
|inactive|bowgod27 has 20 seconds left.
|inactive|bowgod27 has 15 seconds left.
|inactive|bowgod27 has 10 seconds left.
|
|t:|1779913598
|move|p1a: Ceruledge|Close Combat|p2a: Dondozo
|-damage|p2a: Dondozo|11/100
|-unboost|p1a: Ceruledge|def|1
|-unboost|p1a: Ceruledge|spd|1
|move|p2a: Dondozo|Earthquake|p1a: Ceruledge
|-supereffective|p1a: Ceruledge
|-damage|p1a: Ceruledge|0 fnt
|faint|p1a: Ceruledge
|
|-weather|SunnyDay|[upkeep]
|upkeep
|inactive|bowgod27 has 15 seconds left this turn.
|inactive|bowgod27 has 10 seconds left.
|
|t:|1779913606
|switch|p1a: Great Tusk|Great Tusk|93/100
|-activate|p1a: Great Tusk|move: Sticky Web
|-unboost|p1a: Great Tusk|spe|1
|-activate|p1a: Great Tusk|ability: Protosynthesis
|-start|p1a: Great Tusk|protosynthesisatk
|turn|23
|inactive|bowgod27 has 20 seconds left this turn.
|
|t:|1779913614
|move|p2a: Dondozo|Protect|p2a: Dondozo
|-singleturn|p2a: Dondozo|Protect
|move|p1a: Great Tusk|Ice Spinner|p2a: Dondozo
|-activate|p2a: Dondozo|move: Protect
|
|-weather|SunnyDay|[upkeep]
|upkeep
|turn|24
|inactive|bowgod27 has 30 seconds left this turn.
|
|t:|1779913623
|move|p1a: Great Tusk|Rapid Spin|p2a: Dondozo
|-damage|p2a: Dondozo|0 fnt
|-boost|p1a: Great Tusk|spe|1
|-sideend|p1: bowgod27|Sticky Web|[from] move: Rapid Spin|[of] p1a: Great Tusk
|faint|p2a: Dondozo
|
|-weather|none
|-end|p1a: Great Tusk|Protosynthesis
|upkeep
|
|t:|1779913630
|switch|p2a: Great Tusk|Great Tusk|100/100
|turn|25
|inactive|bowgod27 has 30 seconds left.
|inactive|bowgod27 has 20 seconds left.
|inactive|bowgod27 has 15 seconds left.
|
|t:|1779913663
|move|p2a: Great Tusk|Rapid Spin|p1a: Great Tusk
|-damage|p1a: Great Tusk|81/100
|-boost|p2a: Great Tusk|spe|1
|move|p1a: Great Tusk|Ice Spinner|p2a: Great Tusk
|-supereffective|p2a: Great Tusk
|-damage|p2a: Great Tusk|57/100
|
|upkeep
|turn|26
|inactive|bowgod27 has 25 seconds left this turn.
|inactive|bowgod27 has 20 seconds left.
|inactive|bowgod27 has 15 seconds left.
|inactive|bowgod27 has 10 seconds left.
|
|t:|1779913681
|move|p2a: Great Tusk|Earthquake|p1a: Great Tusk
|-damage|p1a: Great Tusk|49/100
|move|p1a: Great Tusk|Headlong Rush|p2a: Great Tusk
|-damage|p2a: Great Tusk|6/100
|-unboost|p1a: Great Tusk|def|1
|-unboost|p1a: Great Tusk|spd|1
|
|upkeep
|turn|27
|inactive|bowgod27 has 20 seconds left this turn.
|inactive|bowgod27 has 15 seconds left.
|inactive|bowgod27 has 10 seconds left.
|
|t:|1779913695
|-end|p1a: Great Tusk|Protosynthesis|[silent]
|switch|p1a: Ninetales|Ninetales, M|72/100
|-weather|SunnyDay|[from] ability: Drought|[of] p1a: Ninetales
|-activate|p2a: Great Tusk|ability: Protosynthesis
|-start|p2a: Great Tusk|protosynthesisspe
|move|p2a: Great Tusk|Close Combat|p1a: Ninetales
|-damage|p1a: Ninetales|0 fnt
|-unboost|p2a: Great Tusk|def|1
|-unboost|p2a: Great Tusk|spd|1
|faint|p1a: Ninetales
|
|-weather|SunnyDay|[upkeep]
|upkeep
|inactive|bowgod27 has 15 seconds left this turn.
|inactive|bowgod27 has 10 seconds left.
|
|t:|1779913702
|switch|p1a: Walking Wake|Walking Wake|100/100
|-activate|p1a: Walking Wake|ability: Protosynthesis
|-start|p1a: Walking Wake|protosynthesisspe
|turn|28
|inactive|bowgod27 has 20 seconds left this turn.
|
|t:|1779913706
|move|p2a: Great Tusk|Close Combat|p1a: Walking Wake
|-damage|p1a: Walking Wake|42/100
|-unboost|p2a: Great Tusk|def|1
|-unboost|p2a: Great Tusk|spd|1
|move|p1a: Walking Wake|Hydro Steam|p2a: Great Tusk
|-supereffective|p2a: Great Tusk
|-damage|p2a: Great Tusk|0 fnt
|faint|p2a: Great Tusk
|-end|p2a: Great Tusk|Protosynthesis|[silent]
|
|-weather|SunnyDay|[upkeep]
|upkeep
|
|t:|1779913715
|switch|p2a: Milotic|Milotic, F|100/100
|turn|29
|inactive|bowgod27 has 30 seconds left.
|inactive|bowgod27 has 20 seconds left.
|inactive|bowgod27 has 15 seconds left.
|
|t:|1779913739
|move|p1a: Walking Wake|Draco Meteor|p2a: Milotic
|-damage|p2a: Milotic|47/100
|-unboost|p1a: Walking Wake|spa|2
|move|p2a: Milotic|Alluring Voice|p1a: Walking Wake
|-supereffective|p1a: Walking Wake
|-damage|p1a: Walking Wake|0 fnt
|faint|p1a: Walking Wake
|-end|p1a: Walking Wake|Protosynthesis|[silent]
|
|-weather|SunnyDay|[upkeep]
|upkeep
|inactive|bowgod27 has 20 seconds left this turn.
|inactive|bowgod27 has 15 seconds left.
|
|t:|1779913747
|switch|p1a: Great Tusk|Great Tusk|49/100
|-activate|p1a: Great Tusk|ability: Protosynthesis
|-start|p1a: Great Tusk|protosynthesisatk
|turn|30
|inactive|bowgod27 has 25 seconds left this turn.
|inactive|bowgod27 has 20 seconds left.
|
|t:|1779913753
|switch|p2a: Milotic|Milotic, F|100/100
|move|p1a: Great Tusk|Rapid Spin|p2a: Milotic
|-immune|p2a: Milotic
|
|-weather|SunnyDay|[upkeep]
|upkeep
|turn|31
|inactive|bowgod27 has 30 seconds left this turn.
|
|t:|1779913761
|move|p2a: Milotic|Flamethrower|p1a: Great Tusk
|-damage|p1a: Great Tusk|13/100
|move|p1a: Great Tusk|Ice Spinner|p2a: Milotic
|-damage|p2a: Milotic|10/100
|replace|p2a: Zoroark|Zoroark-Hisui, F
|-end|p2a: Zoroark|Illusion
|
|-weather|none
|-end|p1a: Great Tusk|Protosynthesis
|upkeep
|turn|32
|inactive|bowgod27 has 30 seconds left.
|
|t:|1779913767
|move|p2a: Zoroark|Flamethrower|p1a: Great Tusk
|-damage|p1a: Great Tusk|0 fnt
|faint|p1a: Great Tusk
|-end|p1a: Great Tusk|Protosynthesis|[silent]
|
|win|Huboy
|raw|bowgod27's rating: 1401 &rarr; <strong>1385</strong><br />(-16 for losing)
|raw|Huboy's rating: 1474 &rarr; <strong>1490</strong><br />(+16 for winning)
|c|☆Huboy|gg
|c|☆bowgod27|gg
