|j|☆Sontomil
|j|☆Ikrgd
|t:|1779872935
|gametype|singles
|player|p1|Sontomil|hugh|1125
|player|p2|Ikrgd|102|1082
|gen|9
|tier|[Gen 9] OU
|rated|
|rule|HP Percentage Mod: HP is shown in percentages
|rule|Endless Battle Clause: Forcing endless battles is banned
|rule|Species Clause: Limit one of each Pokémon
|rule|OHKO Clause: OHKO moves are banned
|rule|Evasion Items Clause: Evasion items are banned
|rule|Evasion Moves Clause: Evasion moves are banned
|rule|Evasion Abilities Clause: Evasion abilities are banned
|rule|Sleep Moves Clause: Sleep-inducing moves are banned
|clearpoke
|poke|p1|Snorlax, F|
|poke|p1|Lapras, F|
|poke|p1|Gengar, M|
|poke|p1|Charizard, M|
|poke|p1|Dragonite, F|
|poke|p1|Rhydon, M|
|poke|p2|Moltres|
|poke|p2|Ogerpon-Wellspring, F|
|poke|p2|Gliscor, F|
|poke|p2|Gholdengo|
|poke|p2|Great Tusk|
|poke|p2|Walking Wake|
|teampreview
|
|t:|1779872961
|teamsize|p1|6
|teamsize|p2|6
|start
|switch|p1a: Snorlax|Snorlax, F|100/100
|switch|p2a: Gliscor|Gliscor, F|100/100
|turn|1
|
|t:|1779872974
|move|p2a: Gliscor|Toxic|p1a: Snorlax
|-immune|p1a: Snorlax|[from] ability: Immunity
|move|p1a: Snorlax|Body Slam|p2a: Gliscor
|-damage|p2a: Gliscor|76/100
|
|-status|p2a: Gliscor|tox|[from] item: Toxic Orb
|upkeep
|turn|2
|
|t:|1779872985
|move|p2a: Gliscor|Protect|p2a: Gliscor
|-singleturn|p2a: Gliscor|Protect
|move|p1a: Snorlax|Body Slam|p2a: Gliscor
|-activate|p2a: Gliscor|move: Protect
|
|-heal|p2a: Gliscor|89/100 tox|[from] ability: Poison Heal
|upkeep
|turn|3
|
|t:|1779873002
|switch|p1a: Lapras|Lapras, F|100/100
|move|p2a: Gliscor|Spikes|p1a: Lapras
|-sidestart|p1: Sontomil|Spikes
|
|-heal|p2a: Gliscor|100/100 tox|[from] ability: Poison Heal
|upkeep
|turn|4
|
|t:|1779873013
|switch|p2a: Walking Wake|Walking Wake|100/100
|move|p1a: Lapras|Ice Beam|p2a: Walking Wake
|-damage|p2a: Walking Wake|70/100
|-status|p2a: Walking Wake|frz
|
|upkeep
|turn|5
|
|t:|1779873027
|cant|p2a: Walking Wake|frz
|move|p1a: Lapras|Ice Beam|p2a: Walking Wake
|-damage|p2a: Walking Wake|35/100 frz
|
|upkeep
|turn|6
|
|t:|1779873035
|cant|p2a: Walking Wake|frz
|move|p1a: Lapras|Ice Beam|p2a: Walking Wake
|-damage|p2a: Walking Wake|2/100 frz
|
|upkeep
|turn|7
|
|t:|1779873049
|cant|p2a: Walking Wake|frz
|move|p1a: Lapras|Thunderbolt|p2a: Walking Wake
|-damage|p2a: Walking Wake|0 fnt
|faint|p2a: Walking Wake
|-end|p2a: Walking Wake|Protosynthesis|[silent]
|
|upkeep
|
|t:|1779873055
|switch|p2a: Great Tusk|Great Tusk|100/100
|turn|8
|
|t:|1779873070
|switch|p1a: Dragonite|Dragonite, F|100/100
|move|p2a: Great Tusk|Headlong Rush|p1a: Dragonite
|-immune|p1a: Dragonite
|
|upkeep
|turn|9
|
|t:|1779873080
|move|p2a: Great Tusk|Ice Spinner|p1a: Dragonite
|-supereffective|p1a: Dragonite
|-damage|p1a: Dragonite|0 fnt
|faint|p1a: Dragonite
|
|upkeep
|
|t:|1779873093
|switch|p1a: Gengar|Gengar, M|100/100
|-damage|p1a: Gengar|88/100|[from] Spikes
|turn|10
|
|t:|1779873101
|move|p1a: Gengar|Sludge Bomb|p2a: Great Tusk
|-resisted|p2a: Great Tusk
|-damage|p2a: Great Tusk|64/100
|move|p2a: Great Tusk|Headlong Rush|p1a: Gengar
|-supereffective|p1a: Gengar
|-damage|p1a: Gengar|0 fnt
|-unboost|p2a: Great Tusk|def|1
|-unboost|p2a: Great Tusk|spd|1
|-start|p2a: Great Tusk|Disable|Headlong Rush|[from] ability: Cursed Body|[of] p1a: Gengar
|faint|p1a: Gengar
|
|upkeep
|
|t:|1779873118
|switch|p1a: Charizard|Charizard, M|100/100
|turn|11
|
|t:|1779873127
|-end|p2a: Great Tusk|Protosynthesis|[silent]
|switch|p2a: Moltres|Moltres|100/100
|move|p1a: Charizard|Solar Beam||[still]
|-prepare|p1a: Charizard|Solar Beam
|
|upkeep
|turn|12
|
|t:|1779873149
|move|p1a: Charizard|Solar Beam|p2a: Moltres|[from] lockedmove
|-resisted|p2a: Moltres
|-damage|p2a: Moltres|91/100
|move|p2a: Moltres|Roar|p1a: Charizard
|drag|p1a: Rhydon|Rhydon, M|100/100
|-damage|p1a: Rhydon|88/100|[from] Spikes
|
|-heal|p1a: Rhydon|94/100|[from] item: Leftovers
|upkeep
|turn|13
|
|t:|1779873165
|switch|p1a: Lapras|Lapras, F|100/100
|-damage|p1a: Lapras|88/100|[from] Spikes
|move|p2a: Moltres|U-turn|p1a: Lapras
|-damage|p1a: Lapras|80/100
|
|t:|1779873173
|switch|p2a: Ogerpon|Ogerpon-Wellspring, F|100/100|[from] U-turn
|
|-heal|p1a: Lapras|87/100|[from] item: Leftovers
|upkeep
|turn|14
|
|t:|1779873181
|move|p2a: Ogerpon|Power Whip|p1a: Lapras
|-supereffective|p1a: Lapras
|-damage|p1a: Lapras|0 fnt
|faint|p1a: Lapras
|
|upkeep
|
|t:|1779873192
|switch|p1a: Snorlax|Snorlax, F|100/100
|-damage|p1a: Snorlax|88/100|[from] Spikes
|turn|15
|
|t:|1779873201
|move|p2a: Ogerpon|Swords Dance|p2a: Ogerpon
|-boost|p2a: Ogerpon|atk|2
|move|p1a: Snorlax|Thunder Punch|p2a: Ogerpon
|-damage|p2a: Ogerpon|76/100
|
|-heal|p1a: Snorlax|94/100|[from] item: Leftovers
|upkeep
|turn|16
|
|t:|1779873211
|move|p2a: Ogerpon|Power Whip|p1a: Snorlax
|-damage|p1a: Snorlax|0 fnt
|faint|p1a: Snorlax
|
|upkeep
|
|t:|1779873222
|switch|p1a: Rhydon|Rhydon, M|94/100
|-damage|p1a: Rhydon|82/100|[from] Spikes
|turn|17
|
|t:|1779873233
|-terastallize|p2a: Ogerpon|Water
|detailschange|p2a: Ogerpon|Ogerpon-Wellspring-Tera, F, tera:Water
|-ability|p2a: Ogerpon|Embody Aspect (Wellspring)|boost
|-boost|p2a: Ogerpon|spd|1
|move|p2a: Ogerpon|Ivy Cudgel|p1a: Rhydon|[anim] Ivy Cudgel Water
|-supereffective|p1a: Rhydon
|-damage|p1a: Rhydon|0 fnt
|faint|p1a: Rhydon
|
|upkeep
|
|t:|1779873244
|switch|p1a: Charizard|Charizard, M|100/100
|turn|18
|
|t:|1779873253
|-terastallize|p1a: Charizard|Fire
|move|p2a: Ogerpon|Ivy Cudgel|p1a: Charizard|[anim] Ivy Cudgel Water
|-supereffective|p1a: Charizard
|-damage|p1a: Charizard|0 fnt
|faint|p1a: Charizard
|
|win|Ikrgd
|raw|Sontomil's rating: 1125 &rarr; <strong>1097</strong><br />(-28 for losing)
|raw|Ikrgd's rating: 1082 &rarr; <strong>1113</strong><br />(+31 for winning)
|l|☆Ikrgd
|player|p2|
|l|☆Sontomil
|player|p1|
