|j|☆RealProblemSleuth
|j|☆huzzrepellent
|t:|1779960870
|gametype|singles
|player|p1|RealProblemSleuth|boarder|1231
|player|p2|huzzrepellent|shelly|1269
|gen|9
|tier|[Gen 9] OU
|rated|
|rule|HP Percentage Mod: HP is shown in percentages
|rule|Endless Battle Clause: Forcing endless battles is banned
|rule|Species Clause: Limit one of each Pokémon
|rule|OHKO Clause: OHKO moves are banned
|rule|Evasion Items Clause: Evasion items are banned
|rule|Evasion Moves Clause: Evasion moves are banned
|rule|Evasion Abilities Clause: Evasion abilities are banned
|rule|Sleep Moves Clause: Sleep-inducing moves are banned
|clearpoke
|poke|p1|Darkrai|
|poke|p1|Heatran, M|
|poke|p1|Clefable, M|
|poke|p1|Samurott-Hisui, M|
|poke|p1|Rillaboom, F|
|poke|p1|Weezing-Galar, M|
|poke|p2|Kyurem|
|poke|p2|Gliscor, F|
|poke|p2|Meowscarada, F|
|poke|p2|Slowking-Galar, F|
|poke|p2|Kingambit, F|
|poke|p2|Clefable, M|
|teampreview
|inactive|Battle timer is ON: inactive players will automatically lose when time's up. (requested by huzzrepellent)
|c|☆RealProblemSleuth|relatable
|inactive|huzzrepellent has 120 seconds left.
|
|t:|1779960914
|teamsize|p1|6
|teamsize|p2|6
|start
|switch|p1a: John Support|Clefable, M, shiny|100/100
|switch|p2a: SALACIOUS|Meowscarada, F|100/100
|turn|1
|c|☆RealProblemSleuth|its a bit redundant to call yourself huzz repellent when you’re on pokemon showdown running gliscor
|
|t:|1779960935
|move|p2a: SALACIOUS|U-turn|p1a: John Support
|-start|p2a: SALACIOUS|typechange|Bug|[from] ability: Protean
|-resisted|p1a: John Support
|-damage|p1a: John Support|83/100
|
|t:|1779960938
|switch|p2a: Slowking|Slowking-Galar, F|100/100|[from] U-turn
|move|p1a: John Support|Encore||[still]
|-fail|p1a: John Support
|
|-heal|p1a: John Support|89/100|[from] item: Leftovers
|upkeep
|turn|2
|
|t:|1779960963
|move|p1a: John Support|Stealth Rock|p2a: Slowking
|-sidestart|p2: huzzrepellent|move: Stealth Rock
|move|p2a: Slowking|Future Sight|p1a: John Support
|-start|p2a: Slowking|move: Future Sight
|
|-heal|p1a: John Support|95/100|[from] item: Leftovers
|upkeep
|turn|3
|
|t:|1779960973
|switch|p2a: Normie|Clefable, M|100/100
|move|p1a: John Support|Encore||[still]
|-fail|p1a: John Support
|
|-heal|p1a: John Support|100/100|[from] item: Leftovers
|upkeep
|turn|4
|
|t:|1779960982
|switch|p1a: John Coverage|Darkrai|100/100
|move|p2a: Normie|Stealth Rock|p1a: John Coverage
|-sidestart|p1: RealProblemSleuth|move: Stealth Rock
|
|-end|p1a: John Coverage|move: Future Sight
|-immune|p1a: John Coverage
|upkeep
|turn|5
|
|t:|1779960991
|-terastallize|p1a: John Coverage|Stellar
|move|p1a: John Coverage|Sludge Bomb|p2a: Normie
|-supereffective|p2a: Normie
|-damage|p2a: Normie|12/100
|move|p2a: Normie|Moonblast|p1a: John Coverage
|-supereffective|p1a: John Coverage
|-damage|p1a: John Coverage|10/100
|-unboost|p1a: John Coverage|spa|1
|
|-heal|p2a: Normie|18/100|[from] item: Leftovers
|upkeep
|turn|6
|
|t:|1779961003
|move|p2a: Normie|Protect|p2a: Normie
|-singleturn|p2a: Normie|Protect
|move|p1a: John Coverage|Dark Pulse|p2a: Normie
|-activate|p2a: Normie|move: Protect
|
|-heal|p2a: Normie|24/100|[from] item: Leftovers
|upkeep
|turn|7
|
|t:|1779961009
|switch|p2a: YOJIMBO BLADE|Kingambit, F|100/100
|move|p1a: John Coverage|Sludge Bomb|p2a: YOJIMBO BLADE
|-immune|p2a: YOJIMBO BLADE
|
|upkeep
|turn|8
|
|t:|1779961015
|switch|p1a: John Removal|Weezing-Galar, M|100/100
|-ability|p1a: John Removal|Neutralizing Gas
|-damage|p1a: John Removal|88/100|[from] Stealth Rock
|-item|p1a: John Removal|Air Balloon
|move|p2a: YOJIMBO BLADE|Kowtow Cleave|p1a: John Removal
|-resisted|p1a: John Removal
|-crit|p1a: John Removal
|-damage|p1a: John Removal|65/100
|-enditem|p1a: John Removal|Air Balloon
|
|upkeep
|turn|9
|
|t:|1779961019
|move|p1a: John Removal|Taunt|p2a: YOJIMBO BLADE
|-start|p2a: YOJIMBO BLADE|move: Taunt
|move|p2a: YOJIMBO BLADE|Iron Head|p1a: John Removal
|-supereffective|p1a: John Removal
|-damage|p1a: John Removal|6/100
|
|upkeep
|turn|10
|
|t:|1779961025
|move|p2a: YOJIMBO BLADE|Sucker Punch||[still]
|-fail|p2a: YOJIMBO BLADE
|move|p1a: John Removal|Defog|p2a: YOJIMBO BLADE
|-unboost|p2a: YOJIMBO BLADE|evasion|1
|-sideend|p2: huzzrepellent|Stealth Rock|[from] move: Defog|[of] p1a: John Removal
|-sideend|p1: RealProblemSleuth|Stealth Rock|[from] move: Defog|[of] p1a: John Removal
|
|upkeep
|turn|11
|
|t:|1779961032
|-end|p1a: John Removal|ability: Neutralizing Gas
|switch|p1a: John Wallbreaker|Heatran, M|100/100
|-end|p2a: YOJIMBO BLADE|fallenundefined|[silent]
|switch|p2a: Slowking|Slowking-Galar, F|100/100
|
|upkeep
|turn|12
|
|t:|1779961037
|move|p1a: John Wallbreaker|Magma Storm|p2a: Slowking|[miss]
|-miss|p1a: John Wallbreaker|p2a: Slowking
|-prepare|p2a: Slowking|Chilly Reception|[premajor]
|move|p2a: Slowking|Chilly Reception|p2a: Slowking
|-weather|Snowscape
|
|t:|1779961042
|switch|p2a: QUANTAVIUS|Kyurem, shiny|100/100|[from] Chilly Reception
|-ability|p2a: QUANTAVIUS|Pressure
|
|-weather|Snowscape|[upkeep]
|upkeep
|turn|13
|c|☆RealProblemSleuth|Son
|
|t:|1779961052
|move|p2a: QUANTAVIUS|Earth Power|p1a: John Wallbreaker
|-supereffective|p1a: John Wallbreaker
|-damage|p1a: John Wallbreaker|30/100
|move|p1a: John Wallbreaker|Flash Cannon|p2a: QUANTAVIUS
|-supereffective|p2a: QUANTAVIUS
|-damage|p2a: QUANTAVIUS|13/100
|
|-weather|Snowscape|[upkeep]
|upkeep
|turn|14
|
|t:|1779961064
|switch|p1a: John Manslaughter|Rillaboom, F, shiny|100/100
|-fieldstart|move: Grassy Terrain|[from] ability: Grassy Surge|[of] p1a: John Manslaughter
|move|p2a: QUANTAVIUS|Earth Power|p1a: John Manslaughter
|-resisted|p1a: John Manslaughter
|-damage|p1a: John Manslaughter|81/100
|
|-weather|Snowscape|[upkeep]
|-heal|p2a: QUANTAVIUS|19/100|[from] Grassy Terrain
|-heal|p1a: John Manslaughter|87/100|[from] Grassy Terrain
|upkeep
|turn|15
|
|t:|1779961068
|switch|p2a: Slowking|Slowking-Galar, F|100/100
|move|p1a: John Manslaughter|U-turn|p2a: Slowking
|-damage|p2a: Slowking|73/100
|
|t:|1779961071
|switch|p1a: John Coverage|Darkrai, tera:Stellar|10/100|[from] U-turn
|
|-weather|Snowscape|[upkeep]
|-heal|p1a: John Coverage|16/100|[from] Grassy Terrain
|-heal|p2a: Slowking|79/100|[from] Grassy Terrain
|upkeep
|turn|16
|
|t:|1779961075
|-terastallize|p2a: Slowking|Water
|move|p1a: John Coverage|Dark Pulse|p2a: Slowking
|-damage|p2a: Slowking|44/100
|move|p2a: Slowking|Surf|p1a: John Coverage
|-damage|p1a: John Coverage|0 fnt
|faint|p1a: John Coverage
|
|-weather|none
|-heal|p2a: Slowking|50/100|[from] Grassy Terrain
|upkeep
|
|t:|1779961083
|switch|p1a: John Manslaughter|Rillaboom, F, shiny|87/100
|turn|17
|
|t:|1779961092
|switch|p2a: OCTAVIUS|Gliscor, F|100/100
|move|p1a: John Manslaughter|Drum Beating|p2a: OCTAVIUS
|-damage|p2a: OCTAVIUS|57/100
|-unboost|p2a: OCTAVIUS|spe|1
|
|-heal|p1a: John Manslaughter|93/100|[from] Grassy Terrain
|-status|p2a: OCTAVIUS|tox|[from] item: Toxic Orb
|upkeep
|turn|18
|
|t:|1779961106
|move|p1a: John Manslaughter|U-turn|p2a: OCTAVIUS
|-resisted|p2a: OCTAVIUS
|-damage|p2a: OCTAVIUS|50/100 tox
|
|t:|1779961109
|switch|p1a: John Spikes|Samurott-Hisui, M, shiny|100/100|[from] U-turn
|move|p2a: OCTAVIUS|Toxic|p1a: John Spikes
|-status|p1a: John Spikes|tox
|
|-damage|p1a: John Spikes|94/100 tox|[from] psn
|-heal|p2a: OCTAVIUS|62/100 tox|[from] ability: Poison Heal
|-fieldend|move: Grassy Terrain
|upkeep
|turn|19
|
|t:|1779961114
|move|p2a: OCTAVIUS|Protect|p2a: OCTAVIUS
|-singleturn|p2a: OCTAVIUS|Protect
|move|p1a: John Spikes|Swords Dance|p1a: John Spikes
|-boost|p1a: John Spikes|atk|2
|
|-damage|p1a: John Spikes|82/100 tox|[from] psn
|-heal|p2a: OCTAVIUS|75/100 tox|[from] ability: Poison Heal
|upkeep
|turn|20
|
|t:|1779961121
|move|p2a: OCTAVIUS|Protect||[still]
|-fail|p2a: OCTAVIUS
|move|p1a: John Spikes|Aqua Cutter|p2a: OCTAVIUS
|-supereffective|p2a: OCTAVIUS
|-damage|p2a: OCTAVIUS|0 fnt
|faint|p2a: OCTAVIUS
|-damage|p1a: John Spikes|72/100 tox|[from] item: Life Orb
|
|-damage|p1a: John Spikes|53/100 tox|[from] psn
|upkeep
|
|t:|1779961127
|switch|p2a: SALACIOUS|Meowscarada, F|100/100
|turn|21
|
|t:|1779961135
|switch|p1a: John Manslaughter|Rillaboom, F, shiny|93/100
|-fieldstart|move: Grassy Terrain|[from] ability: Grassy Surge|[of] p1a: John Manslaughter
|move|p2a: SALACIOUS|U-turn|p1a: John Manslaughter
|-start|p2a: SALACIOUS|typechange|Bug|[from] ability: Protean
|-supereffective|p1a: John Manslaughter
|-damage|p1a: John Manslaughter|21/100
|
|t:|1779961147
|switch|p2a: Normie|Clefable, M|24/100|[from] U-turn
|
|-heal|p1a: John Manslaughter|27/100|[from] Grassy Terrain
|-heal|p2a: Normie|30/100|[from] Grassy Terrain
|-heal|p2a: Normie|37/100|[from] item: Leftovers
|upkeep
|turn|22
|
|t:|1779961155
|move|p2a: Normie|Protect|p2a: Normie
|-singleturn|p2a: Normie|Protect
|move|p1a: John Manslaughter|Drum Beating|p2a: Normie
|-activate|p2a: Normie|move: Protect
|
|-heal|p1a: John Manslaughter|33/100|[from] Grassy Terrain
|-heal|p2a: Normie|43/100|[from] Grassy Terrain
|-heal|p2a: Normie|49/100|[from] item: Leftovers
|upkeep
|turn|23
|
|t:|1779961163
|move|p1a: John Manslaughter|Drum Beating|p2a: Normie
|-crit|p2a: Normie
|-damage|p2a: Normie|0 fnt
|faint|p2a: Normie
|
|-heal|p1a: John Manslaughter|40/100|[from] Grassy Terrain
|upkeep
|c|☆huzzrepellent|Oh hey
|c|☆RealProblemSleuth|i guess fair enough
|c|☆huzzrepellent|How is it redundant
|c|☆RealProblemSleuth|for the spa loss on moon blast
|inactive|huzzrepellent has 120 seconds left.
|
|t:|1779961198
|switch|p2a: SALACIOUS|Meowscarada, F|100/100
|turn|24
|inactive|huzzrepellent has 120 seconds left.
|c|☆RealProblemSleuth|the joke is that people on showdown do not have social lives
|c|☆RealProblemSleuth|especially people running gliscor
|c|☆huzzrepellent|So doesn't it follow that I repel the huzz?
|c|☆huzzrepellent|I still don't get how it's redundant
|inactive|huzzrepellent has 90 seconds left.
|
|t:|1779961237
|switch|p1a: John Support|Clefable, M, shiny|100/100
|move|p2a: SALACIOUS|U-turn|p1a: John Support
|-start|p2a: SALACIOUS|typechange|Bug|[from] ability: Protean
|-resisted|p1a: John Support
|-crit|p1a: John Support
|-damage|p1a: John Support|73/100
|inactive|huzzrepellent has 90 seconds left.
|
|t:|1779961246
|switch|p2a: YOJIMBO BLADE|Kingambit, F|100/100|[from] U-turn
|-activate|p2a: YOJIMBO BLADE|ability: Supreme Overlord
|-start|p2a: YOJIMBO BLADE|fallen2|[silent]
|
|-heal|p1a: John Support|79/100|[from] Grassy Terrain
|-heal|p1a: John Support|85/100|[from] item: Leftovers
|upkeep
|turn|25
|c|☆RealProblemSleuth|there is no need to call yourself huzz repellent when you use gliscor
|c|☆RealProblemSleuth|it’s like calling yourself john murderer
|c|☆RealProblemSleuth|or like
|c|☆RealProblemSleuth|the murderer
|c|☆RealProblemSleuth|when you’re a murderer
|inactive|RealProblemSleuth has 120 seconds left.
|c|☆RealProblemSleuth|like yeah you’re a murderer all right!
|c|☆huzzrepellent|Oh REDUNDANT
|c|☆huzzrepellent|Man I'm dumb
|c|☆huzzrepellent|I get it now dw
|
|t:|1779961283
|move|p1a: John Support|Encore||[still]
|-fail|p1a: John Support
|move|p2a: YOJIMBO BLADE|Iron Head|p1a: John Support
|-supereffective|p1a: John Support
|-damage|p1a: John Support|0 fnt
|faint|p1a: John Support
|
|-fieldend|move: Grassy Terrain
|upkeep
|c|☆RealProblemSleuth|fod i am a fucking dumbass
|c|☆huzzrepellent|Same
|
|t:|1779961296
|switch|p1a: John Wallbreaker|Heatran, M|30/100
|turn|26
|
|t:|1779961306
|move|p1a: John Wallbreaker|Magma Storm|p2a: YOJIMBO BLADE
|-supereffective|p2a: YOJIMBO BLADE
|-damage|p2a: YOJIMBO BLADE|0 fnt
|faint|p2a: YOJIMBO BLADE
|-end|p2a: YOJIMBO BLADE|fallen2|[silent]
|
|upkeep
|
|t:|1779961313
|switch|p2a: Slowking|Slowking-Galar, F, tera:Water|83/100
|turn|27
|inactive|RealProblemSleuth has 120 seconds left.
|
|t:|1779961321
|switch|p1a: John Removal|Weezing-Galar, M|6/100
|-ability|p1a: John Removal|Neutralizing Gas
|-prepare|p2a: Slowking|Chilly Reception|[premajor]
|move|p2a: Slowking|Chilly Reception|p2a: Slowking
|-weather|Snowscape
|
|t:|1779961324
|switch|p2a: QUANTAVIUS|Kyurem, shiny|19/100|[from] Chilly Reception
|
|-weather|Snowscape|[upkeep]
|upkeep
|turn|28
|
|t:|1779961329
|move|p2a: QUANTAVIUS|Blizzard|p1a: John Removal
|-crit|p1a: John Removal
|-damage|p1a: John Removal|0 fnt
|faint|p1a: John Removal
|-end|p1a: John Removal|ability: Neutralizing Gas
|-ability|p2a: QUANTAVIUS|Pressure
|
|-weather|Snowscape|[upkeep]
|upkeep
|
|t:|1779961335
|switch|p1a: John Manslaughter|Rillaboom, F, shiny|40/100
|-fieldstart|move: Grassy Terrain|[from] ability: Grassy Surge|[of] p1a: John Manslaughter
|turn|29
|
|t:|1779961337
|switch|p2a: SALACIOUS|Meowscarada, F|100/100
|move|p1a: John Manslaughter|U-turn|p2a: SALACIOUS
|-supereffective|p2a: SALACIOUS
|-damage|p2a: SALACIOUS|0 fnt
|faint|p2a: SALACIOUS
|c|☆RealProblemSleuth|YEAGHHHHHHHH
|
|t:|1779961358
|switch|p1a: John Spikes|Samurott-Hisui, M, shiny|53/100 tox|[from] U-turn
|
|-weather|Snowscape|[upkeep]
|-heal|p1a: John Spikes|59/100 tox|[from] Grassy Terrain
|-damage|p1a: John Spikes|53/100 tox|[from] psn
|upkeep
|c|☆huzzrepellent|Aiit bro
|c|☆RealProblemSleuth|sorry i was just happy
|
|t:|1779961368
|switch|p2a: QUANTAVIUS|Kyurem, shiny|19/100
|-ability|p2a: QUANTAVIUS|Pressure
|turn|30
|
|t:|1779961382
|move|p1a: John Spikes|Aqua Jet|p2a: QUANTAVIUS
|-resisted|p2a: QUANTAVIUS
|-damage|p2a: QUANTAVIUS|10/100
|-damage|p1a: John Spikes|43/100 tox|[from] item: Life Orb
|move|p2a: QUANTAVIUS|Freeze-Dry|p1a: John Spikes
|-supereffective|p1a: John Spikes
|-damage|p1a: John Spikes|0 fnt
|faint|p1a: John Spikes
|
|-weather|Snowscape|[upkeep]
|-heal|p2a: QUANTAVIUS|17/100|[from] Grassy Terrain
|upkeep
|
|t:|1779961385
|switch|p1a: John Manslaughter|Rillaboom, F, shiny|40/100
|turn|31
|
|t:|1779961389
|move|p1a: John Manslaughter|Grassy Glide|p2a: QUANTAVIUS
|-resisted|p2a: QUANTAVIUS
|-damage|p2a: QUANTAVIUS|1/100
|move|p2a: QUANTAVIUS|Freeze-Dry|p1a: John Manslaughter
|-supereffective|p1a: John Manslaughter
|-damage|p1a: John Manslaughter|0 fnt
|faint|p1a: John Manslaughter
|
|-weather|none
|-heal|p2a: QUANTAVIUS|7/100|[from] Grassy Terrain
|upkeep
|c|☆RealProblemSleuth|wait i lose
|c|☆huzzrepellent|WOW
|
|t:|1779961402
|switch|p1a: John Wallbreaker|Heatran, M|30/100
|turn|32
|c|☆huzzrepellent|YOURE GOING TP LOSE HAHAHAHA
|
|t:|1779961409
|switch|p2a: Slowking|Slowking-Galar, F, tera:Water|83/100
|move|p1a: John Wallbreaker|Flash Cannon|p2a: Slowking
|-resisted|p2a: Slowking
|-damage|p2a: Slowking|70/100
|
|-heal|p1a: John Wallbreaker|36/100|[from] Grassy Terrain
|-heal|p2a: Slowking|76/100|[from] Grassy Terrain
|upkeep
|turn|33
|c|☆RealProblemSleuth|FUCK
|
|t:|1779961420
|move|p1a: John Wallbreaker|Magma Storm|p2a: Slowking
|-resisted|p2a: Slowking
|-damage|p2a: Slowking|58/100
|-activate|p2a: Slowking|move: Magma Storm|[of] p1a: John Wallbreaker
|move|p2a: Slowking|Surf|p1a: John Wallbreaker
|-supereffective|p1a: John Wallbreaker
|-crit|p1a: John Wallbreaker
|-damage|p1a: John Wallbreaker|0 fnt
|faint|p1a: John Wallbreaker
|
|win|huzzrepellent
