|j|☆LucasHero
|j|☆paardenmeisje
|t:|1779900417
|gametype|singles
|player|p1|LucasHero|101|1180
|player|p2|paardenmeisje|swimmer-gen4|1229
|gen|9
|tier|[Gen 9] OU
|rated|
|rule|HP Percentage Mod: HP is shown in percentages
|rule|Endless Battle Clause: Forcing endless battles is banned
|rule|Species Clause: Limit one of each Pokémon
|rule|OHKO Clause: OHKO moves are banned
|rule|Evasion Items Clause: Evasion items are banned
|rule|Evasion Moves Clause: Evasion moves are banned
|rule|Evasion Abilities Clause: Evasion abilities are banned
|rule|Sleep Moves Clause: Sleep-inducing moves are banned
|clearpoke
|poke|p1|Weavile, M|
|poke|p1|Landorus-Therian, M|
|poke|p1|Scizor, M|
|poke|p1|Dragapult, F|
|poke|p1|Garchomp, F|
|poke|p1|Gholdengo|
|poke|p2|Quaquaval, M|
|poke|p2|Sinistcha|
|poke|p2|Kyurem|
|poke|p2|Mimikyu, M|
|poke|p2|Slowbro-Galar, F|
|poke|p2|Tauros-Paldea-Blaze, M|
|teampreview
|inactive|Battle timer is ON: inactive players will automatically lose when time's up. (requested by paardenmeisje)
|inactive|LucasHero also wants the timer to be on.
|l|☆LucasHero
|inactive|LucasHero disconnected and has a minute to reconnect!
|player|p1|
|j|☆LucasHero
|inactive|LucasHero reconnected and has 135 seconds left.
|player|p1|LucasHero|101|
|c|☆LucasHero|My name is lucas, nice to met you- am a instagram tournament host at
|c|☆LucasHero|https://www.instagram.com/thatsgreatofficiall?igsh=MTYyb2Y1bm9zYnI4&utm_source=qr
|c|☆LucasHero|feel free to leave a message and join us for easy pokemon tournaments- thank you now let's battle good luck!
|inactive|LucasHero has 120 seconds left.
|
|t:|1779900453
|teamsize|p1|6
|teamsize|p2|6
|start
|switch|p1a: Cintia Shahnaz|Landorus-Therian, M, shiny|100/100
|switch|p2a: Quaquaval|Quaquaval, M|100/100
|-ability|p1a: Cintia Shahnaz|Intimidate|boost
|-unboost|p2a: Quaquaval|atk|1
|-enditem|p2a: Quaquaval|White Herb
|-clearnegativeboost|p2a: Quaquaval|[silent]
|turn|1
|inactive|paardenmeisje has 120 seconds left.
|c|☆paardenmeisje|the first message can use some grammar checks
|
|t:|1779900496
|move|p1a: Cintia Shahnaz|U-turn|p2a: Quaquaval
|-resisted|p2a: Quaquaval
|-damage|p2a: Quaquaval|88/100
|
|t:|1779900503
|switch|p1a: Dagan Atanas|Scizor, M, shiny|100/100|[from] U-turn
|move|p2a: Quaquaval|Knock Off|p1a: Dagan Atanas
|-damage|p1a: Dagan Atanas|79/100
|-enditem|p1a: Dagan Atanas|Damp Rock|[from] move: Knock Off|[of] p2a: Quaquaval
|
|upkeep
|turn|2
|inactive|paardenmeisje has 120 seconds left.
|
|t:|1779900515
|move|p2a: Quaquaval|Bulk Up|p2a: Quaquaval
|-boost|p2a: Quaquaval|atk|1
|-boost|p2a: Quaquaval|def|1
|move|p1a: Dagan Atanas|U-turn|p2a: Quaquaval
|-resisted|p2a: Quaquaval
|-damage|p2a: Quaquaval|75/100
|inactive|LucasHero has 120 seconds left.
|
|t:|1779900536
|switch|p1a: Maurice Maryam|Dragapult, F, shiny|100/100|[from] U-turn
|
|upkeep
|turn|3
|inactive|LucasHero has 120 seconds left.
|
|t:|1779900543
|move|p1a: Maurice Maryam|Draco Meteor|p2a: Quaquaval
|-damage|p2a: Quaquaval|0 fnt
|-unboost|p1a: Maurice Maryam|spa|2
|faint|p2a: Quaquaval
|
|upkeep
|inactive|paardenmeisje has 120 seconds left.
|
|t:|1779900572
|switch|p2a: Mimikyu|Mimikyu, M|100/100
|turn|4
|
|t:|1779900578
|switch|p1a: Dagan Atanas|Scizor, M, shiny|79/100
|move|p2a: Mimikyu|Swords Dance|p2a: Mimikyu
|-boost|p2a: Mimikyu|atk|2
|
|upkeep
|turn|5
|
|t:|1779900587
|move|p2a: Mimikyu|Shadow Claw|p1a: Dagan Atanas
|-damage|p1a: Dagan Atanas|22/100
|move|p1a: Dagan Atanas|U-turn|p2a: Mimikyu
|-activate|p2a: Mimikyu|ability: Disguise
|-damage|p2a: Mimikyu|100/100
|detailschange|p2a: Mimikyu|Mimikyu-Busted, M
|-damage|p2a: Mimikyu|88/100|[from] pokemon: Mimikyu-Busted
|inactive|LucasHero has 120 seconds left.
|
|t:|1779900620
|switch|p1a: Cintia Shahnaz|Landorus-Therian, M, shiny|100/100|[from] U-turn
|-ability|p1a: Cintia Shahnaz|Intimidate|boost
|-unboost|p2a: Mimikyu|atk|1
|
|upkeep
|turn|6
|
|t:|1779900627
|move|p1a: Cintia Shahnaz|Earthquake|p2a: Mimikyu
|-damage|p2a: Mimikyu|18/100
|move|p2a: Mimikyu|Shadow Claw|p1a: Cintia Shahnaz
|-damage|p1a: Cintia Shahnaz|50/100
|
|upkeep
|turn|7
|inactive|LucasHero has 120 seconds left.
|
|t:|1779900634
|move|p2a: Mimikyu|Shadow Sneak|p1a: Cintia Shahnaz
|-damage|p1a: Cintia Shahnaz|16/100
|move|p1a: Cintia Shahnaz|Earthquake|p2a: Mimikyu
|-damage|p2a: Mimikyu|0 fnt
|faint|p2a: Mimikyu
|
|upkeep
|
|t:|1779900649
|switch|p2a: Tauros|Tauros-Paldea-Blaze, M|100/100
|turn|8
|
|t:|1779900656
|switch|p1a: Maryami|Garchomp, F, shiny|100/100
|move|p2a: Tauros|Trailblaze|p1a: Maryami
|-damage|p1a: Maryami|87/100
|-boost|p2a: Tauros|spe|1
|-damage|p2a: Tauros|88/100|[from] ability: Rough Skin|[of] p1a: Maryami
|
|upkeep
|turn|9
|
|t:|1779900667
|move|p2a: Tauros|Substitute|p2a: Tauros
|-start|p2a: Tauros|Substitute
|-damage|p2a: Tauros|63/100
|move|p1a: Maryami|Earth Power|p2a: Tauros
|-supereffective|p2a: Tauros
|-end|p2a: Tauros|Substitute
|
|upkeep
|turn|10
|
|t:|1779900676
|move|p2a: Tauros|Substitute|p2a: Tauros
|-start|p2a: Tauros|Substitute
|-damage|p2a: Tauros|39/100
|move|p1a: Maryami|Draco Meteor|p2a: Tauros
|-end|p2a: Tauros|Substitute
|-unboost|p1a: Maryami|spa|2
|
|upkeep
|turn|11
|
|t:|1779900688
|switch|p1a: Maurice Maryam|Dragapult, F, shiny|100/100
|move|p2a: Tauros|Substitute|p2a: Tauros
|-start|p2a: Tauros|Substitute
|-damage|p2a: Tauros|14/100
|-enditem|p2a: Tauros|Liechi Berry|[eat]
|-boost|p2a: Tauros|atk|1|[from] item: Liechi Berry
|
|upkeep
|turn|12
|
|t:|1779900706
|move|p2a: Tauros|Raging Bull|p1a: Maurice Maryam
|-resisted|p1a: Maurice Maryam
|-damage|p1a: Maurice Maryam|60/100
|move|p1a: Maurice Maryam|Shadow Ball|p2a: Tauros
|-damage|p2a: Tauros|0 fnt
|faint|p2a: Tauros
|
|upkeep
|
|t:|1779900718
|switch|p2a: Kyurem|Kyurem|100/100
|-ability|p2a: Kyurem|Pressure
|turn|13
|
|t:|1779900729
|move|p2a: Kyurem|Ice Beam|p1a: Maurice Maryam
|-supereffective|p1a: Maurice Maryam
|-damage|p1a: Maurice Maryam|0 fnt
|faint|p1a: Maurice Maryam
|
|upkeep
|
|t:|1779900738
|switch|p1a: Azélie Pyrrhos|Weavile, M, shiny|100/100
|turn|14
|
|t:|1779900752
|switch|p2a: Slowbro|Slowbro-Galar, F|100/100
|move|p1a: Azélie Pyrrhos|Swords Dance|p1a: Azélie Pyrrhos
|-boost|p1a: Azélie Pyrrhos|atk|2
|
|upkeep
|turn|15
|
|t:|1779900765
|move|p1a: Azélie Pyrrhos|Knock Off|p2a: Slowbro
|-supereffective|p2a: Slowbro
|-damage|p2a: Slowbro|0 fnt
|-enditem|p2a: Slowbro|Leftovers|[from] move: Knock Off|[of] p1a: Azélie Pyrrhos
|faint|p2a: Slowbro
|
|upkeep
|
|t:|1779900773
|switch|p2a: Kyurem|Kyurem|100/100
|-ability|p2a: Kyurem|Pressure
|turn|16
|
|t:|1779900778
|-terastallize|p1a: Azélie Pyrrhos|Dark
|move|p2a: Kyurem|Draco Meteor|p1a: Azélie Pyrrhos
|-damage|p1a: Azélie Pyrrhos|10/100
|-unboost|p2a: Kyurem|spa|2
|move|p1a: Azélie Pyrrhos|Knock Off|p2a: Kyurem
|-damage|p2a: Kyurem|0 fnt
|-enditem|p2a: Kyurem|Choice Scarf|[from] move: Knock Off|[of] p1a: Azélie Pyrrhos
|faint|p2a: Kyurem
|
|upkeep
|
|t:|1779900785
|switch|p2a: Sinistcha|Sinistcha|100/100
|turn|17
|
|t:|1779900792
|-terastallize|p2a: Sinistcha|Steel
|move|p1a: Azélie Pyrrhos|Knock Off|p2a: Sinistcha
|-damage|p2a: Sinistcha|0 fnt
|-enditem|p2a: Sinistcha|Leftovers|[from] move: Knock Off|[of] p1a: Azélie Pyrrhos
|faint|p2a: Sinistcha
|
|win|LucasHero
|raw|LucasHero's rating: 1180 &rarr; <strong>1209</strong><br />(+29 for winning)
|raw|paardenmeisje's rating: 1229 &rarr; <strong>1200</strong><br />(-29 for losing)
|l|☆paardenmeisje
|player|p2|
|l|☆LucasHero
|player|p1|
