|j|☆goderockthetrashed
|j|☆aanszo
|t:|1779951435
|gametype|singles
|player|p1|goderockthetrashed|worker-gen4|1081
|player|p2|aanszo|102|1130
|gen|9
|tier|[Gen 9] OU
|rated|
|rule|HP Percentage Mod: HP is shown in percentages
|rule|Endless Battle Clause: Forcing endless battles is banned
|rule|Species Clause: Limit one of each Pokémon
|rule|OHKO Clause: OHKO moves are banned
|rule|Evasion Items Clause: Evasion items are banned
|rule|Evasion Moves Clause: Evasion moves are banned
|rule|Evasion Abilities Clause: Evasion abilities are banned
|rule|Sleep Moves Clause: Sleep-inducing moves are banned
|clearpoke
|poke|p1|Magnezone|
|poke|p1|Dragapult, M|
|poke|p1|Typhlosion-Hisui, F|
|poke|p1|Registeel|
|poke|p1|Ursaluna, M|
|poke|p1|Primarina, F|
|poke|p2|Kingambit, F|
|poke|p2|Cinderace, F|
|poke|p2|Landorus-Therian, M|
|poke|p2|Iron Valiant|
|poke|p2|Kyurem|
|poke|p2|Slowking-Galar, M|
|teampreview
|inactive|Battle timer is ON: inactive players will automatically lose when time's up. (requested by aanszo)
|
|t:|1779951445
|teamsize|p1|6
|teamsize|p2|6
|start
|switch|p1a: Lanza bebes|Dragapult, M|100/100
|switch|p2a: Landorus|Landorus-Therian, M, shiny|100/100
|-ability|p2a: Landorus|Intimidate|boost
|-fail|p1a: Lanza bebes|unboost|[from] ability: Clear Body|[of] p1a: Lanza bebes
|turn|1
|
|t:|1779951459
|move|p1a: Lanza bebes|Dragon Darts|p2a: Landorus
|-damage|p2a: Landorus|74/100
|-anim|p1a: Lanza bebes|Dragon Darts|p2a: Landorus
|-damage|p2a: Landorus|46/100
|move|p2a: Landorus|Rock Tomb|p1a: Lanza bebes
|-damage|p1a: Lanza bebes|72/100
|
|upkeep
|turn|2
|
|t:|1779951474
|switch|p2a: Kingambit|Kingambit, F|100/100
|move|p1a: Lanza bebes|Dragon Darts|p2a: Kingambit
|-resisted|p2a: Kingambit
|-crit|p2a: Kingambit
|-damage|p2a: Kingambit|85/100
|-anim|p1a: Lanza bebes|Dragon Darts|p2a: Kingambit
|-resisted|p2a: Kingambit
|-damage|p2a: Kingambit|74/100
|
|-heal|p2a: Kingambit|80/100|[from] item: Leftovers
|upkeep
|turn|3
|
|t:|1779951486
|-terastallize|p1a: Lanza bebes|Fire
|move|p1a: Lanza bebes|Fire Blast|p2a: Kingambit|[miss]
|-miss|p1a: Lanza bebes|p2a: Kingambit
|move|p2a: Kingambit|Kowtow Cleave|p1a: Lanza bebes
|-damage|p1a: Lanza bebes|2/100
|
|-heal|p2a: Kingambit|86/100|[from] item: Leftovers
|upkeep
|turn|4
|
|t:|1779951495
|move|p2a: Kingambit|Sucker Punch|p1a: Lanza bebes
|-damage|p1a: Lanza bebes|0 fnt
|faint|p1a: Lanza bebes
|
|-heal|p2a: Kingambit|92/100|[from] item: Leftovers
|upkeep
|
|t:|1779951504
|switch|p1a: avernus|Typhlosion-Hisui, F|100/100
|turn|5
|
|t:|1779951509
|move|p2a: Kingambit|Sucker Punch|p1a: avernus
|-supereffective|p1a: avernus
|-damage|p1a: avernus|0 fnt
|faint|p1a: avernus
|
|-heal|p2a: Kingambit|99/100|[from] item: Leftovers
|upkeep
|
|t:|1779951517
|switch|p1a: BEAR WITNESS|Ursaluna, M|100/100
|turn|6
|
|t:|1779951522
|-end|p2a: Kingambit|fallenundefined|[silent]
|switch|p2a: Landorus|Landorus-Therian, M, shiny|46/100
|-ability|p2a: Landorus|Intimidate|boost
|-unboost|p1a: BEAR WITNESS|atk|1
|move|p1a: BEAR WITNESS|Earthquake|p2a: Landorus
|-immune|p2a: Landorus
|
|upkeep
|turn|7
|
|t:|1779951536
|move|p2a: Landorus|Taunt|p1a: BEAR WITNESS
|-start|p1a: BEAR WITNESS|move: Taunt
|move|p1a: BEAR WITNESS|Counter||[still]
|-fail|p1a: BEAR WITNESS
|
|upkeep
|turn|8
|
|t:|1779951543
|move|p2a: Landorus|U-turn|p1a: BEAR WITNESS
|-damage|p1a: BEAR WITNESS|84/100
|
|t:|1779951547
|switch|p2a: Kyurem|Kyurem, shiny|100/100|[from] U-turn
|-ability|p2a: Kyurem|Pressure
|move|p1a: BEAR WITNESS|Seed Bomb|p2a: Kyurem
|-resisted|p2a: Kyurem
|-damage|p2a: Kyurem|91/100
|
|-heal|p2a: Kyurem|97/100|[from] item: Leftovers
|upkeep
|turn|9
|
|t:|1779951560
|move|p2a: Kyurem|Substitute|p2a: Kyurem
|-start|p2a: Kyurem|Substitute
|-damage|p2a: Kyurem|72/100
|move|p1a: BEAR WITNESS|Earthquake|p2a: Kyurem
|-end|p2a: Kyurem|Substitute
|
|-heal|p2a: Kyurem|78/100|[from] item: Leftovers
|-end|p1a: BEAR WITNESS|move: Taunt
|upkeep
|turn|10
|
|t:|1779951570
|switch|p1a: Bola di metano|Registeel|100/100
|move|p2a: Kyurem|Freeze-Dry|p1a: Bola di metano
|-resisted|p1a: Bola di metano
|-damage|p1a: Bola di metano|88/100
|
|-heal|p2a: Kyurem|84/100|[from] item: Leftovers
|upkeep
|turn|11
|
|t:|1779951579
|move|p2a: Kyurem|Substitute|p2a: Kyurem
|-start|p2a: Kyurem|Substitute
|-damage|p2a: Kyurem|59/100
|move|p1a: Bola di metano|Heavy Slam|p2a: Kyurem
|-supereffective|p2a: Kyurem
|-end|p2a: Kyurem|Substitute
|
|-heal|p2a: Kyurem|65/100|[from] item: Leftovers
|upkeep
|turn|12
|
|t:|1779951586
|move|p2a: Kyurem|Protect|p2a: Kyurem
|-singleturn|p2a: Kyurem|Protect
|move|p1a: Bola di metano|Curse|p1a: Bola di metano
|-unboost|p1a: Bola di metano|spe|1
|-boost|p1a: Bola di metano|atk|1
|-boost|p1a: Bola di metano|def|1
|
|-heal|p2a: Kyurem|72/100|[from] item: Leftovers
|upkeep
|turn|13
|
|t:|1779951594
|switch|p2a: Landorus|Landorus-Therian, M, shiny|46/100
|-ability|p2a: Landorus|Intimidate|boost
|-fail|p1a: Bola di metano|unboost|[from] ability: Clear Body|[of] p1a: Bola di metano
|move|p1a: Bola di metano|Heavy Slam|p2a: Landorus
|-damage|p2a: Landorus|3/100
|-damage|p1a: Bola di metano|71/100|[from] item: Rocky Helmet|[of] p2a: Landorus
|
|upkeep
|turn|14
|
|t:|1779951603
|move|p2a: Landorus|Earthquake|p1a: Bola di metano
|-supereffective|p1a: Bola di metano
|-crit|p1a: Bola di metano
|-damage|p1a: Bola di metano|0 fnt
|faint|p1a: Bola di metano
|
|upkeep
|
|t:|1779951608
|switch|p1a: ௹௹௹௹௹௹|Primarina, F|100/100
|turn|15
|
|t:|1779951617
|switch|p2a: Slowking|Slowking-Galar, M, shiny|100/100
|move|p1a: ௹௹௹௹௹௹|Hyper Voice|p2a: Slowking
|-damage|p2a: Slowking|73/100
|
|upkeep
|turn|16
|
|t:|1779951624
|switch|p1a: BEAR WITNESS|Ursaluna, M|84/100
|move|p2a: Slowking|Sludge Bomb|p1a: BEAR WITNESS
|-immune|p1a: BEAR WITNESS|[from] ability: Bulletproof
|
|upkeep
|turn|17
|
|t:|1779951632
|move|p1a: BEAR WITNESS|Earthquake|p2a: Slowking
|-supereffective|p2a: Slowking
|-damage|p2a: Slowking|0 fnt
|faint|p2a: Slowking
|
|upkeep
|
|t:|1779951638
|switch|p2a: Cinderace|Cinderace, F, shiny|100/100
|turn|18
|
|t:|1779951644
|move|p2a: Cinderace|Will-O-Wisp|p1a: BEAR WITNESS
|-status|p1a: BEAR WITNESS|brn
|move|p1a: BEAR WITNESS|Earthquake|p2a: Cinderace
|-supereffective|p2a: Cinderace
|-damage|p2a: Cinderace|29/100
|
|-damage|p1a: BEAR WITNESS|78/100 brn|[from] brn
|upkeep
|turn|19
|
|t:|1779951653
|move|p2a: Cinderace|U-turn|p1a: BEAR WITNESS
|-damage|p1a: BEAR WITNESS|64/100 brn
|
|t:|1779951656
|switch|p2a: Landorus|Landorus-Therian, M, shiny|3/100|[from] U-turn
|-ability|p2a: Landorus|Intimidate|boost
|-unboost|p1a: BEAR WITNESS|atk|1
|move|p1a: BEAR WITNESS|Gunk Shot|p2a: Landorus
|-resisted|p2a: Landorus
|-damage|p2a: Landorus|0 fnt
|faint|p2a: Landorus
|
|-damage|p1a: BEAR WITNESS|58/100 brn|[from] brn
|upkeep
|
|t:|1779951660
|switch|p2a: Kyurem|Kyurem, shiny|72/100
|-ability|p2a: Kyurem|Pressure
|turn|20
|
|t:|1779951670
|move|p2a: Kyurem|Freeze-Dry|p1a: BEAR WITNESS
|-supereffective|p1a: BEAR WITNESS
|-damage|p1a: BEAR WITNESS|19/100 brn
|move|p1a: BEAR WITNESS|Counter||[still]
|-fail|p1a: BEAR WITNESS
|
|-heal|p2a: Kyurem|78/100|[from] item: Leftovers
|-damage|p1a: BEAR WITNESS|13/100 brn|[from] brn
|upkeep
|turn|21
|
|t:|1779951678
|switch|p1a: ௹௹௹௹௹௹|Primarina, F|100/100
|move|p2a: Kyurem|Freeze-Dry|p1a: ௹௹௹௹௹௹
|-supereffective|p1a: ௹௹௹௹௹௹
|-damage|p1a: ௹௹௹௹௹௹|46/100
|
|-heal|p2a: Kyurem|84/100|[from] item: Leftovers
|-heal|p1a: ௹௹௹௹௹௹|52/100|[from] item: Leftovers
|upkeep
|turn|22
|c|☆aanszo|what an interesting set
|
|t:|1779951687
|move|p2a: Kyurem|Freeze-Dry|p1a: ௹௹௹௹௹௹
|-supereffective|p1a: ௹௹௹௹௹௹
|-crit|p1a: ௹௹௹௹௹௹
|-damage|p1a: ௹௹௹௹௹௹|0 fnt
|faint|p1a: ௹௹௹௹௹௹
|
|-heal|p2a: Kyurem|90/100|[from] item: Leftovers
|upkeep
|
|t:|1779951694
|switch|p1a: Reparteputazos|Magnezone|100/100
|turn|23
|
|t:|1779951699
|-terastallize|p2a: Kyurem|Ground
|move|p2a: Kyurem|Earth Power|p1a: Reparteputazos
|-supereffective|p1a: Reparteputazos
|-damage|p1a: Reparteputazos|0 fnt
|faint|p1a: Reparteputazos
|
|-heal|p2a: Kyurem|96/100|[from] item: Leftovers
|upkeep
|
|t:|1779951706
|switch|p1a: BEAR WITNESS|Ursaluna, M|13/100 brn
|turn|24
|
|t:|1779951715
|move|p2a: Kyurem|Protect|p2a: Kyurem
|-singleturn|p2a: Kyurem|Protect
|move|p1a: BEAR WITNESS|Seed Bomb|p2a: Kyurem
|-activate|p2a: Kyurem|move: Protect
|
|-heal|p2a: Kyurem|100/100|[from] item: Leftovers
|-damage|p1a: BEAR WITNESS|7/100 brn|[from] brn
|upkeep
|turn|25
|c|☆aanszo|bear witness to this stall
|c|☆aanszo|son
|
|t:|1779951731
|move|p2a: Kyurem|Substitute|p2a: Kyurem
|-start|p2a: Kyurem|Substitute
|-damage|p2a: Kyurem|76/100
|move|p1a: BEAR WITNESS|Seed Bomb|p2a: Kyurem
|-supereffective|p2a: Kyurem
|-end|p2a: Kyurem|Substitute
|
|-heal|p2a: Kyurem|82/100|[from] item: Leftovers
|-damage|p1a: BEAR WITNESS|1/100 brn|[from] brn
|upkeep
|turn|26
|
|t:|1779951741
|move|p2a: Kyurem|Protect|p2a: Kyurem
|-singleturn|p2a: Kyurem|Protect
|move|p1a: BEAR WITNESS|Seed Bomb|p2a: Kyurem
|-activate|p2a: Kyurem|move: Protect
|
|-heal|p2a: Kyurem|88/100|[from] item: Leftovers
|-damage|p1a: BEAR WITNESS|0 fnt|[from] brn
|faint|p1a: BEAR WITNESS
|
|win|aanszo
|raw|goderockthetrashed's rating: 1081 &rarr; <strong>1062</strong><br />(-19 for losing)
|raw|aanszo's rating: 1130 &rarr; <strong>1151</strong><br />(+21 for winning)
|c|☆goderockthetrashed|*dies*
|l|☆aanszo
|player|p2|
|l|☆goderockthetrashed
|player|p1|
