|j|☆gwergou
|j|‽PheonixOfRa
|t:|1779907048
|gametype|singles
|player|p1|gwergou|boarder|1377
|player|p2|PheonixOfRa|dawn-gen4pt|1411
|gen|9
|tier|[Gen 9] OU
|rated|
|rule|HP Percentage Mod: HP is shown in percentages
|rule|Endless Battle Clause: Forcing endless battles is banned
|rule|Species Clause: Limit one of each Pokémon
|rule|OHKO Clause: OHKO moves are banned
|rule|Evasion Items Clause: Evasion items are banned
|rule|Evasion Moves Clause: Evasion moves are banned
|rule|Evasion Abilities Clause: Evasion abilities are banned
|rule|Sleep Moves Clause: Sleep-inducing moves are banned
|clearpoke
|poke|p1|Toxapex, F|
|poke|p1|Garganacl, M|
|poke|p1|Umbreon, M|
|poke|p1|Gliscor, M|
|poke|p1|Corviknight, M|
|poke|p1|Zamazenta-*|
|poke|p2|Necrozma|
|poke|p2|Glimmora, F|
|poke|p2|Gholdengo|
|poke|p2|Dragapult, F|
|poke|p2|Kingambit, F|
|poke|p2|Grimmsnarl, M|
|teampreview
|inactive|Battle timer is ON: inactive players will automatically lose when time's up. (requested by gwergou)
|
|t:|1779907072
|teamsize|p1|6
|teamsize|p2|6
|start
|switch|p1a: Gargamel|Garganacl, M|100/100
|switch|p2a: Glimmora|Glimmora, F|100/100
|turn|1
|
|t:|1779907088
|move|p2a: Glimmora|Spikes|p1a: Gargamel
|-sidestart|p1: gwergou|Spikes
|move|p1a: Gargamel|Salt Cure|p2a: Glimmora
|-damage|p2a: Glimmora|86/100
|-start|p2a: Glimmora|Salt Cure
|-activate|p2a: Glimmora|ability: Toxic Debris
|-sidestart|p1: gwergou|move: Toxic Spikes
|
|-damage|p2a: Glimmora|74/100|[from] Salt Cure
|upkeep
|turn|2
|
|t:|1779907101
|move|p2a: Glimmora|Spikes|p1a: Gargamel
|-sidestart|p1: gwergou|Spikes
|move|p1a: Gargamel|Stealth Rock|p2a: Glimmora
|-sidestart|p2: PheonixOfRa|move: Stealth Rock
|
|-damage|p2a: Glimmora|62/100|[from] Salt Cure
|upkeep
|turn|3
|
|t:|1779907106
|switch|p1a: Birb|Corviknight, M, shiny|100/100
|-ability|p1a: Birb|Pressure
|move|p2a: Glimmora|Spikes|p1a: Birb
|-sidestart|p1: gwergou|Spikes
|
|-damage|p2a: Glimmora|49/100|[from] Salt Cure
|upkeep
|turn|4
|
|t:|1779907110
|switch|p2a: Gholdengo|Gholdengo|100/100
|-damage|p2a: Gholdengo|94/100|[from] Stealth Rock
|-item|p2a: Gholdengo|Air Balloon
|move|p1a: Birb|Iron Defense|p1a: Birb
|-boost|p1a: Birb|def|2
|
|upkeep
|turn|5
|
|t:|1779907115
|switch|p1a: Eon|Umbreon, M|100/100
|move|p2a: Gholdengo|Thunder Wave|p1a: Eon
|-status|p1a: Eon|par
|-activate|p1a: Eon|ability: Synchronize
|-status|p2a: Gholdengo|par
|
|upkeep
|turn|6
|
|t:|1779907127
|switch|p2a: Glimmora|Glimmora, F|49/100
|-damage|p2a: Glimmora|37/100|[from] Stealth Rock
|move|p1a: Eon|Snarl|p2a: Glimmora
|-damage|p2a: Glimmora|22/100
|-unboost|p2a: Glimmora|spa|1
|
|upkeep
|turn|7
|c|☆gwergou|ah i just love syncro vs goldie
|
|t:|1779907135
|switch|p1a: Birb|Corviknight, M, shiny|100/100
|-ability|p1a: Birb|Pressure
|move|p2a: Glimmora|Stealth Rock|p1a: Birb
|-sidestart|p1: gwergou|move: Stealth Rock
|
|upkeep
|turn|8
|
|t:|1779907140
|switch|p2a: Gholdengo|Gholdengo|94/100 par
|-damage|p2a: Gholdengo|88/100 par|[from] Stealth Rock
|-item|p2a: Gholdengo|Air Balloon
|move|p1a: Birb|Body Press|p2a: Gholdengo
|-immune|p2a: Gholdengo
|
|upkeep
|turn|9
|
|t:|1779907144
|move|p1a: Birb|Defog|p2a: Gholdengo
|-immune|p2a: Gholdengo|[from] ability: Good as Gold
|move|p2a: Gholdengo|Thunder Wave|p1a: Birb
|-status|p1a: Birb|par
|
|upkeep
|turn|10
|
|t:|1779907148
|switch|p1a: Toxa|Toxapex, F, shiny|100/100
|-damage|p1a: Toxa|75/100|[from] Spikes
|-sideend|p1: gwergou|move: Toxic Spikes|[of] p1a: Toxa
|-damage|p1a: Toxa|63/100|[from] Stealth Rock
|move|p2a: Gholdengo|Hex|p1a: Toxa
|-damage|p1a: Toxa|41/100
|
|-heal|p1a: Toxa|47/100|[from] item: Leftovers
|upkeep
|turn|11
|
|t:|1779907154
|move|p1a: Toxa|Stockpile|p1a: Toxa
|-start|p1a: Toxa|stockpile1
|-boost|p1a: Toxa|def|1
|-boost|p1a: Toxa|spd|1
|move|p2a: Gholdengo|Thunder Wave|p1a: Toxa
|-status|p1a: Toxa|par
|
|-heal|p1a: Toxa|53/100 par|[from] item: Leftovers
|upkeep
|turn|12
|inactive|PheonixOfRa has 120 seconds left.
|
|t:|1779907192
|move|p2a: Gholdengo|Hex|p1a: Toxa
|-damage|p1a: Toxa|28/100 par
|move|p1a: Toxa|Toxic Spikes|p2a: Gholdengo
|-sidestart|p2: PheonixOfRa|move: Toxic Spikes
|
|-heal|p1a: Toxa|34/100 par|[from] item: Leftovers
|upkeep
|turn|13
|inactive|PheonixOfRa has 120 seconds left.
|
|t:|1779907202
|move|p2a: Gholdengo|Hex|p1a: Toxa
|-damage|p1a: Toxa|7/100 par
|cant|p1a: Toxa|par
|
|-heal|p1a: Toxa|14/100 par|[from] item: Leftovers
|upkeep
|turn|14
|
|t:|1779907209
|move|p2a: Gholdengo|Hex|p1a: Toxa
|-damage|p1a: Toxa|0 fnt
|faint|p1a: Toxa
|
|upkeep
|
|t:|1779907219
|switch|p1a: Gargamel|Garganacl, M|100/100
|-damage|p1a: Gargamel|75/100|[from] Spikes
|-damage|p1a: Gargamel|63/100|[from] Stealth Rock
|turn|15
|
|t:|1779907224
|switch|p2a: Glimmora|Glimmora, F|22/100
|-damage|p2a: Glimmora|10/100|[from] Stealth Rock
|-sideend|p2: PheonixOfRa|move: Toxic Spikes|[of] p2a: Glimmora
|move|p1a: Gargamel|Protect||[still]
|-fail|p1a: Gargamel
|
|-heal|p1a: Gargamel|69/100|[from] item: Leftovers
|upkeep
|turn|16
|
|t:|1779907235
|move|p2a: Glimmora|Power Gem|p1a: Gargamel
|-damage|p1a: Gargamel|46/100
|move|p1a: Gargamel|Salt Cure|p2a: Glimmora
|-damage|p2a: Glimmora|0 fnt
|-activate|p2a: Glimmora|ability: Toxic Debris
|-sidestart|p1: gwergou|move: Toxic Spikes
|faint|p2a: Glimmora
|
|-heal|p1a: Gargamel|52/100|[from] item: Leftovers
|upkeep
|inactive|PheonixOfRa has 120 seconds left.
|
|t:|1779907272
|switch|p2a: Dragapult|Dragapult, F|100/100
|-damage|p2a: Dragapult|88/100|[from] Stealth Rock
|turn|17
|
|t:|1779907284
|switch|p1a: Eon|Umbreon, M|100/100 par
|move|p2a: Dragapult|Flamethrower|p1a: Eon
|-damage|p1a: Eon|86/100 par
|-damage|p2a: Dragapult|78/100|[from] item: Life Orb
|
|upkeep
|turn|18
|
|t:|1779907295
|move|p2a: Dragapult|U-turn|p1a: Eon
|-supereffective|p1a: Eon
|-damage|p1a: Eon|38/100 par
|-damage|p2a: Dragapult|69/100|[from] item: Life Orb
|
|t:|1779907305
|switch|p2a: Grimmsnarl|Grimmsnarl, M|100/100|[from] U-turn
|-damage|p2a: Grimmsnarl|88/100|[from] Stealth Rock
|move|p1a: Eon|Snarl|p2a: Grimmsnarl
|-resisted|p2a: Grimmsnarl
|-damage|p2a: Grimmsnarl|86/100
|-unboost|p2a: Grimmsnarl|spa|1
|
|upkeep
|turn|19
|
|t:|1779907313
|move|p2a: Grimmsnarl|Reflect|p2a: Grimmsnarl
|-sidestart|p2: PheonixOfRa|Reflect
|move|p1a: Eon|Toxic|p2a: Grimmsnarl
|-status|p2a: Grimmsnarl|tox
|
|-damage|p2a: Grimmsnarl|80/100 tox|[from] psn
|upkeep
|turn|20
|
|t:|1779907338
|switch|p2a: Kingambit|Kingambit, F|100/100
|-damage|p2a: Kingambit|94/100|[from] Stealth Rock
|-activate|p2a: Kingambit|ability: Supreme Overlord
|-start|p2a: Kingambit|fallen1|[silent]
|move|p1a: Eon|Wish|p1a: Eon
|
|upkeep
|turn|21
|
|t:|1779907353
|switch|p1a: Birb|Corviknight, M, shiny|100/100 par
|-damage|p1a: Birb|88/100 par|[from] Stealth Rock
|-ability|p1a: Birb|Pressure
|move|p2a: Kingambit|Swords Dance|p2a: Kingambit
|-boost|p2a: Kingambit|atk|2
|
|-heal|p1a: Birb|100/100 par|[from] move: Wish|[wisher] Eon
|upkeep
|turn|22
|
|t:|1779907359
|move|p2a: Kingambit|Kowtow Cleave|p1a: Birb
|-damage|p1a: Birb|12/100 par
|-damage|p2a: Kingambit|78/100|[from] item: Rocky Helmet|[of] p1a: Birb
|move|p1a: Birb|Iron Defense|p1a: Birb
|-boost|p1a: Birb|def|2
|
|upkeep
|turn|23
|
|t:|1779907367
|move|p2a: Kingambit|Kowtow Cleave|p1a: Birb
|-damage|p1a: Birb|0 fnt
|-damage|p2a: Kingambit|61/100|[from] item: Rocky Helmet|[of] p1a: Birb
|faint|p1a: Birb
|
|upkeep
|-message|gwergou forfeited.
|
|win|PheonixOfRa
|raw|gwergou's rating: 1377 &rarr; <strong>1359</strong><br />(-18 for losing)
|raw|PheonixOfRa's rating: 1411 &rarr; <strong>1429</strong><br />(+18 for winning)
|l|☆gwergou
|player|p1|
|l|‽PheonixOfRa
|player|p2|
