|j|☆atem20022
|j|☆huyuyang
|t:|1779873622
|gametype|singles
|player|p1|atem20022|veteran|1060
|player|p2|huyuyang|iris|1040
|gen|9
|tier|[Gen 9] OU
|rated|
|rule|HP Percentage Mod: HP is shown in percentages
|rule|Endless Battle Clause: Forcing endless battles is banned
|rule|Species Clause: Limit one of each Pokémon
|rule|OHKO Clause: OHKO moves are banned
|rule|Evasion Items Clause: Evasion items are banned
|rule|Evasion Moves Clause: Evasion moves are banned
|rule|Evasion Abilities Clause: Evasion abilities are banned
|rule|Sleep Moves Clause: Sleep-inducing moves are banned
|clearpoke
|poke|p1|Darkrai|
|poke|p1|Infernape, M|
|poke|p1|Staraptor, M|
|poke|p1|Garchomp, M|
|poke|p1|Manaphy|
|poke|p1|Sceptile, M|
|poke|p2|Azumarill, F|
|poke|p2|Zapdos|
|poke|p2|Skarmory, F|
|poke|p2|Politoed, M|
|poke|p2|Hatterene, F|
|poke|p2|Kingdra, M|
|teampreview
|inactive|Battle timer is ON: inactive players will automatically lose when time's up. (requested by huyuyang)
|
|t:|1779873626
|teamsize|p1|6
|teamsize|p2|6
|start
|switch|p1a: Darkrai|Darkrai|100/100
|switch|p2a: Hatterene|Hatterene, F|100/100
|turn|1
|inactive|atem20022 has 120 seconds left.
|c|☆huyuyang|🐤
|inactive|atem20022 has 90 seconds left.
|c|☆huyuyang|哥们儿不要磨叽好不好？
|c|☆huyuyang|You are so slow.
|
|t:|1779873711
|move|p1a: Darkrai|Dark Pulse|p2a: Hatterene
|-damage|p2a: Hatterene|45/100
|-damage|p1a: Darkrai|91/100|[from] item: Life Orb
|move|p2a: Hatterene|Trick Room|p2a: Hatterene
|-fieldstart|move: Trick Room|[of] p2a: Hatterene
|
|upkeep
|turn|2
|
|t:|1779873719
|move|p2a: Hatterene|Dazzling Gleam|p1a: Darkrai
|-supereffective|p1a: Darkrai
|-damage|p1a: Darkrai|0 fnt
|faint|p1a: Darkrai
|
|upkeep
|
|t:|1779873727
|switch|p1a: Infernape|Infernape, M|100/100
|turn|3
|
|t:|1779873733
|switch|p2a: Azumarill|Azumarill, F|100/100
|move|p1a: Infernape|Flamethrower|p2a: Azumarill
|-resisted|p2a: Azumarill
|-damage|p2a: Azumarill|75/100
|-damage|p1a: Infernape|91/100|[from] item: Life Orb
|
|upkeep
|turn|4
|inactive|atem20022 has 60 seconds left.
|c|☆huyuyang|再磨叽死M
|
|t:|1779873782
|-terastallize|p2a: Azumarill|Water
|move|p2a: Azumarill|Waterfall|p1a: Infernape
|-supereffective|p1a: Infernape
|-damage|p1a: Infernape|0 fnt
|faint|p1a: Infernape
|
|upkeep
|
|t:|1779873788
|switch|p1a: Sceptile|Sceptile, M|100/100
|turn|5
|
|t:|1779873792
|move|p2a: Azumarill|Ice Punch|p1a: Sceptile
|-supereffective|p1a: Sceptile
|-damage|p1a: Sceptile|0 fnt
|faint|p1a: Sceptile
|
|-fieldend|move: Trick Room
|upkeep
|
|t:|1779873798
|switch|p1a: Staraptor|Staraptor, M|100/100
|-ability|p1a: Staraptor|Intimidate|boost
|-unboost|p2a: Azumarill|atk|1
|turn|6
|inactive|atem20022 has 60 seconds left.
|
|t:|1779873813
|switch|p2a: Politoed|Politoed, M|100/100
|-weather|RainDance|[from] ability: Drizzle|[of] p2a: Politoed
|move|p1a: Staraptor|Brave Bird|p2a: Politoed
|-damage|p2a: Politoed|58/100
|-damage|p1a: Staraptor|83/100|[from] Recoil
|
|-weather|RainDance|[upkeep]
|upkeep
|turn|7
|inactive|atem20022 has 60 seconds left.
|
|t:|1779873824
|move|p1a: Staraptor|Brave Bird|p2a: Politoed
|-damage|p2a: Politoed|16/100
|-damage|p1a: Staraptor|66/100|[from] Recoil
|move|p2a: Politoed|Ice Beam|p1a: Staraptor
|-supereffective|p1a: Staraptor
|-damage|p1a: Staraptor|1/100
|
|-weather|RainDance|[upkeep]
|upkeep
|turn|8
|inactive|atem20022 has 60 seconds left.
|
|t:|1779873836
|move|p1a: Staraptor|Brave Bird|p2a: Politoed
|-damage|p2a: Politoed|0 fnt
|faint|p2a: Politoed
|-damage|p1a: Staraptor|0 fnt|[from] Recoil
|faint|p1a: Staraptor
|
|-weather|RainDance|[upkeep]
|upkeep
|inactive|atem20022 has 60 seconds left.
|
|t:|1779873860
|switch|p1a: Manaphy|Manaphy|100/100
|switch|p2a: Kingdra|Kingdra, M, shiny|100/100
|turn|9
|
|t:|1779873871
|switch|p2a: Zapdos|Zapdos|100/100
|move|p1a: Manaphy|Ice Beam|p2a: Zapdos
|-supereffective|p2a: Zapdos
|-damage|p2a: Zapdos|51/100
|
|-weather|RainDance|[upkeep]
|upkeep
|turn|10
|
|t:|1779873897
|move|p1a: Manaphy|Ice Beam|p2a: Zapdos
|-supereffective|p2a: Zapdos
|-damage|p2a: Zapdos|1/100
|move|p2a: Zapdos|Hurricane|p1a: Manaphy
|-damage|p1a: Manaphy|28/100
|-start|p1a: Manaphy|confusion
|-damage|p2a: Zapdos|0 fnt|[from] item: Life Orb
|faint|p2a: Zapdos
|
|-weather|RainDance|[upkeep]
|-heal|p1a: Manaphy|34/100|[from] item: Leftovers
|upkeep
|
|t:|1779873913
|switch|p2a: Hatterene|Hatterene, F|45/100
|turn|11
|
|t:|1779873919
|-activate|p1a: Manaphy|confusion
|move|p1a: Manaphy|Surf|p2a: Hatterene
|-damage|p2a: Hatterene|4/100
|-enditem|p2a: Hatterene|Aguav Berry|[eat]
|-heal|p2a: Hatterene|37/100|[from] item: Aguav Berry
|move|p2a: Hatterene|Trick Room|p2a: Hatterene
|-fieldstart|move: Trick Room|[of] p2a: Hatterene
|
|-weather|RainDance|[upkeep]
|-heal|p1a: Manaphy|40/100|[from] item: Leftovers
|upkeep
|turn|12
|
|t:|1779873932
|switch|p2a: Azumarill|Azumarill, F, tera:Water|75/100
|-activate|p1a: Manaphy|confusion
|-damage|p1a: Manaphy|33/100|[from] confusion
|
|-weather|RainDance|[upkeep]
|-heal|p1a: Manaphy|39/100|[from] item: Leftovers
|upkeep
|turn|13
|
|t:|1779873944
|move|p2a: Azumarill|Body Slam|p1a: Manaphy
|-damage|p1a: Manaphy|9/100
|-status|p1a: Manaphy|par
|-end|p1a: Manaphy|confusion
|move|p1a: Manaphy|Shadow Ball|p2a: Azumarill
|-damage|p2a: Azumarill|55/100
|-unboost|p2a: Azumarill|spd|1
|
|-weather|none
|-heal|p1a: Manaphy|15/100 par|[from] item: Leftovers
|upkeep
|turn|14
|
|t:|1779873957
|move|p2a: Azumarill|Body Slam|p1a: Manaphy
|-damage|p1a: Manaphy|0 fnt
|faint|p1a: Manaphy
|
|upkeep
|
|t:|1779873962
|switch|p1a: Garchomp|Garchomp, M, shiny|100/100
|turn|15
|
|t:|1779873967
|move|p2a: Azumarill|Ice Punch|p1a: Garchomp
|-supereffective|p1a: Garchomp
|-damage|p1a: Garchomp|0 fnt
|-damage|p2a: Azumarill|43/100|[from] ability: Rough Skin|[of] p1a: Garchomp
|faint|p1a: Garchomp
|
|win|huyuyang
|raw|atem20022's rating: 1060 &rarr; <strong>1040</strong><br />(-20 for losing)
|raw|huyuyang's rating: 1040 &rarr; <strong>1076</strong><br />(+36 for winning)
|l|☆atem20022
|player|p1|
