|j|☆kefflonie
|j|☆Justtheduckman
|t:|1779971576
|gametype|singles
|player|p1|kefflonie|policeman|1142
|player|p2|Justtheduckman|miku-grass|1189
|gen|9
|tier|[Gen 9] OU
|rated|
|rule|HP Percentage Mod: HP is shown in percentages
|rule|Endless Battle Clause: Forcing endless battles is banned
|rule|Species Clause: Limit one of each Pokémon
|rule|OHKO Clause: OHKO moves are banned
|rule|Evasion Items Clause: Evasion items are banned
|rule|Evasion Moves Clause: Evasion moves are banned
|rule|Evasion Abilities Clause: Evasion abilities are banned
|rule|Sleep Moves Clause: Sleep-inducing moves are banned
|clearpoke
|poke|p1|Toucannon, M|
|poke|p1|Gliscor, M|
|poke|p1|Yanmega, M|
|poke|p1|Dewgong, F|
|poke|p1|Cloyster, F|
|poke|p1|Cryogonal|
|poke|p2|Spidops, F|
|poke|p2|Alomomola, M|
|poke|p2|Hydreigon, M|
|poke|p2|Clodsire, F|
|poke|p2|Gholdengo|
|poke|p2|Great Tusk|
|teampreview
|inactive|Battle timer is ON: inactive players will automatically lose when time's up. (requested by Justtheduckman)
|
|t:|1779971605
|teamsize|p1|6
|teamsize|p2|6
|start
|switch|p1a: Cloyster|Cloyster, F|100/100
|switch|p2a: Spied on my Opps|Spidops, F|100/100
|turn|1
|
|t:|1779971615
|move|p1a: Cloyster|Shell Smash|p1a: Cloyster
|-unboost|p1a: Cloyster|def|1
|-unboost|p1a: Cloyster|spd|1
|-boost|p1a: Cloyster|atk|2
|-boost|p1a: Cloyster|spa|2
|-boost|p1a: Cloyster|spe|2
|-enditem|p1a: Cloyster|White Herb
|-clearnegativeboost|p1a: Cloyster|[silent]
|move|p2a: Spied on my Opps|Sticky Web|p1a: Cloyster
|-sidestart|p1: kefflonie|move: Sticky Web
|
|upkeep
|turn|2
|
|t:|1779971630
|switch|p2a: Remember the Alomo|Alomomola, M|100/100
|move|p1a: Cloyster|Icicle Spear|p2a: Remember the Alomo
|-resisted|p2a: Remember the Alomo
|-damage|p2a: Remember the Alomo|94/100
|-resisted|p2a: Remember the Alomo
|-damage|p2a: Remember the Alomo|89/100
|-resisted|p2a: Remember the Alomo
|-damage|p2a: Remember the Alomo|82/100
|-resisted|p2a: Remember the Alomo
|-damage|p2a: Remember the Alomo|77/100
|-resisted|p2a: Remember the Alomo
|-damage|p2a: Remember the Alomo|71/100
|-hitcount|p2a: Remember the Alomo|5
|
|upkeep
|turn|3
|
|t:|1779971648
|move|p1a: Cloyster|Shell Smash|p1a: Cloyster
|-unboost|p1a: Cloyster|def|1
|-unboost|p1a: Cloyster|spd|1
|-boost|p1a: Cloyster|atk|2
|-boost|p1a: Cloyster|spa|2
|-boost|p1a: Cloyster|spe|2
|move|p2a: Remember the Alomo|Tickle|p1a: Cloyster
|-unboost|p1a: Cloyster|atk|1
|-unboost|p1a: Cloyster|def|1
|
|upkeep
|turn|4
|
|t:|1779971667
|move|p1a: Cloyster|Waterfall|p2a: Remember the Alomo
|-resisted|p2a: Remember the Alomo
|-damage|p2a: Remember the Alomo|46/100
|-damage|p1a: Cloyster|84/100|[from] item: Rocky Helmet|[of] p2a: Remember the Alomo
|move|p2a: Remember the Alomo|Tickle|p1a: Cloyster
|-unboost|p1a: Cloyster|atk|1
|-unboost|p1a: Cloyster|def|1
|
|upkeep
|turn|5
|
|t:|1779971677
|move|p1a: Cloyster|Shell Smash|p1a: Cloyster
|-unboost|p1a: Cloyster|def|1
|-unboost|p1a: Cloyster|spd|1
|-boost|p1a: Cloyster|atk|2
|-boost|p1a: Cloyster|spa|2
|-boost|p1a: Cloyster|spe|2
|move|p2a: Remember the Alomo|Flip Turn|p1a: Cloyster
|-resisted|p1a: Cloyster
|-damage|p1a: Cloyster|62/100
|
|t:|1779971686
|switch|p2a: Spied on my Opps|Spidops, F|100/100|[from] Flip Turn
|
|upkeep
|turn|6
|
|t:|1779971691
|move|p2a: Spied on my Opps|First Impression|p1a: Cloyster
|-damage|p1a: Cloyster|0 fnt
|faint|p1a: Cloyster
|
|upkeep
|
|t:|1779971696
|switch|p1a: Cryogonal|Cryogonal|100/100
|turn|7
|
|t:|1779971714
|switch|p2a: Childish Gholdengo|Gholdengo|100/100
|move|p1a: Cryogonal|Rapid Spin|p2a: Childish Gholdengo
|-immune|p2a: Childish Gholdengo
|
|upkeep
|turn|8
|
|t:|1779971723
|switch|p1a: Toucannon|Toucannon, M|100/100
|move|p2a: Childish Gholdengo|Trick|p1a: Toucannon
|-activate|p2a: Childish Gholdengo|move: Trick|[of] p1a: Toucannon
|-item|p1a: Toucannon|Choice Scarf|[from] move: Trick
|-item|p2a: Childish Gholdengo|Life Orb|[from] move: Trick
|
|upkeep
|turn|9
|
|t:|1779971736
|switch|p2a: Spied on my Opps|Spidops, F|100/100
|-singleturn|p1a: Toucannon|move: Beak Blast
|move|p1a: Toucannon|Beak Blast|p2a: Spied on my Opps
|-supereffective|p2a: Spied on my Opps
|-damage|p2a: Spied on my Opps|0 fnt
|faint|p2a: Spied on my Opps
|
|upkeep
|inactive|Justtheduckman has 120 seconds left.
|inactive|Justtheduckman has 90 seconds left.
|
|t:|1779971792
|switch|p2a: Childish Gholdengo|Gholdengo|100/100
|turn|10
|
|t:|1779971795
|-singleturn|p1a: Toucannon|move: Beak Blast
|move|p2a: Childish Gholdengo|Nasty Plot|p2a: Childish Gholdengo
|-boost|p2a: Childish Gholdengo|spa|2
|move|p1a: Toucannon|Beak Blast|p2a: Childish Gholdengo
|-resisted|p2a: Childish Gholdengo
|-damage|p2a: Childish Gholdengo|69/100
|
|upkeep
|turn|11
|
|t:|1779971807
|-singleturn|p1a: Toucannon|move: Beak Blast
|move|p2a: Childish Gholdengo|Make It Rain|p1a: Toucannon
|-damage|p1a: Toucannon|0 fnt
|-unboost|p2a: Childish Gholdengo|spa|1
|faint|p1a: Toucannon
|-damage|p2a: Childish Gholdengo|60/100|[from] item: Life Orb
|
|upkeep
|
|t:|1779971819
|switch|p1a: Gliscor|Gliscor, M|100/100
|turn|12
|
|t:|1779971829
|switch|p2a: Remember the Alomo|Alomomola, M|79/100
|move|p1a: Gliscor|Swords Dance|p1a: Gliscor
|-boost|p1a: Gliscor|atk|2
|
|-status|p1a: Gliscor|tox|[from] item: Toxic Orb
|upkeep
|turn|13
|
|t:|1779971840
|-terastallize|p1a: Gliscor|Normal
|move|p1a: Gliscor|Swords Dance|p1a: Gliscor
|-boost|p1a: Gliscor|atk|2
|move|p2a: Remember the Alomo|Tickle|p1a: Gliscor
|-unboost|p1a: Gliscor|atk|1
|-unboost|p1a: Gliscor|def|1
|
|upkeep
|turn|14
|inactive|Justtheduckman has 120 seconds left.
|
|t:|1779971853
|move|p1a: Gliscor|Facade|p2a: Remember the Alomo
|-damage|p2a: Remember the Alomo|3/100
|-damage|p1a: Gliscor|84/100 tox|[from] item: Rocky Helmet|[of] p2a: Remember the Alomo
|move|p2a: Remember the Alomo|Tickle|p1a: Gliscor
|-unboost|p1a: Gliscor|atk|1
|-unboost|p1a: Gliscor|def|1
|
|-heal|p1a: Gliscor|96/100 tox|[from] ability: Poison Heal
|upkeep
|turn|15
|inactive|Justtheduckman has 120 seconds left.
|
|t:|1779971865
|move|p1a: Gliscor|Earthquake|p2a: Remember the Alomo
|-damage|p2a: Remember the Alomo|0 fnt
|faint|p2a: Remember the Alomo
|
|-heal|p1a: Gliscor|100/100 tox|[from] ability: Poison Heal
|upkeep
|
|t:|1779971893
|switch|p2a: Elon Tusk|Great Tusk|100/100
|-enditem|p2a: Elon Tusk|Booster Energy
|-activate|p2a: Elon Tusk|ability: Protosynthesis|[fromitem]
|-start|p2a: Elon Tusk|protosynthesisatk
|turn|16
|
|t:|1779971906
|switch|p1a: Dewgong|Dewgong, F|100/100
|-activate|p1a: Dewgong|move: Sticky Web
|-unboost|p1a: Dewgong|spe|1
|move|p2a: Elon Tusk|Headlong Rush|p1a: Dewgong
|-damage|p1a: Dewgong|8/100
|-unboost|p2a: Elon Tusk|def|1
|-unboost|p2a: Elon Tusk|spd|1
|-damage|p2a: Elon Tusk|84/100|[from] item: Rocky Helmet|[of] p1a: Dewgong
|
|upkeep
|turn|17
|
|t:|1779971919
|move|p1a: Dewgong|Fake Out|p2a: Elon Tusk
|-damage|p2a: Elon Tusk|73/100
|cant|p2a: Elon Tusk|flinch
|
|upkeep
|turn|18
|
|t:|1779971925
|move|p1a: Dewgong|Ice Shard|p2a: Elon Tusk
|-supereffective|p2a: Elon Tusk
|-damage|p2a: Elon Tusk|37/100
|move|p2a: Elon Tusk|Temper Flare|p1a: Dewgong
|-crit|p1a: Dewgong
|-damage|p1a: Dewgong|0 fnt
|-damage|p2a: Elon Tusk|21/100|[from] item: Rocky Helmet|[of] p1a: Dewgong
|faint|p1a: Dewgong
|
|upkeep
|
|t:|1779971939
|switch|p1a: Cryogonal|Cryogonal|100/100
|turn|19
|
|t:|1779971949
|-end|p2a: Elon Tusk|Protosynthesis|[silent]
|switch|p2a: Childish Gholdengo|Gholdengo|60/100
|move|p1a: Cryogonal|Freeze-Dry|p2a: Childish Gholdengo
|-resisted|p2a: Childish Gholdengo
|-damage|p2a: Childish Gholdengo|41/100
|
|upkeep
|turn|20
|
|t:|1779971958
|move|p1a: Cryogonal|Ancient Power|p2a: Childish Gholdengo
|-resisted|p2a: Childish Gholdengo
|-damage|p2a: Childish Gholdengo|32/100
|-boost|p1a: Cryogonal|atk|1
|-boost|p1a: Cryogonal|def|1
|-boost|p1a: Cryogonal|spa|1
|-boost|p1a: Cryogonal|spd|1
|-boost|p1a: Cryogonal|spe|1
|move|p2a: Childish Gholdengo|Shadow Ball|p1a: Cryogonal
|-damage|p1a: Cryogonal|68/100
|-unboost|p1a: Cryogonal|spd|1
|-damage|p2a: Childish Gholdengo|22/100|[from] item: Life Orb
|
|upkeep
|turn|21
|inactive|Justtheduckman has 120 seconds left.
|
|t:|1779971970
|move|p1a: Cryogonal|Freeze-Dry|p2a: Childish Gholdengo
|-resisted|p2a: Childish Gholdengo
|-damage|p2a: Childish Gholdengo|0 fnt
|faint|p2a: Childish Gholdengo
|
|upkeep
|
|t:|1779971978
|switch|p2a: Hidden Ray Gun|Hydreigon, M|100/100
|turn|22
|inactive|Justtheduckman has 120 seconds left.
|
|t:|1779971988
|-terastallize|p2a: Hidden Ray Gun|Steel
|move|p1a: Cryogonal|Freeze-Dry|p2a: Hidden Ray Gun
|-resisted|p2a: Hidden Ray Gun
|-damage|p2a: Hidden Ray Gun|75/100
|move|p2a: Hidden Ray Gun|Flash Cannon|p1a: Cryogonal
|-supereffective|p1a: Cryogonal
|-damage|p1a: Cryogonal|0 fnt
|faint|p1a: Cryogonal
|
|upkeep
|
|t:|1779972005
|switch|p1a: Yanmega|Yanmega, M|100/100
|turn|23
|
|t:|1779972013
|move|p2a: Hidden Ray Gun|Flash Cannon|p1a: Yanmega
|-damage|p1a: Yanmega|0 fnt
|faint|p1a: Yanmega
|
|upkeep
|
|t:|1779972018
|switch|p1a: Gliscor|Gliscor, M, tera:Normal|100/100 tox
|-activate|p1a: Gliscor|move: Sticky Web
|-unboost|p1a: Gliscor|spe|1
|turn|24
|
|t:|1779972026
|move|p2a: Hidden Ray Gun|Flash Cannon|p1a: Gliscor
|-damage|p1a: Gliscor|8/100 tox
|move|p1a: Gliscor|Swords Dance|p1a: Gliscor
|-boost|p1a: Gliscor|atk|2
|
|-heal|p1a: Gliscor|21/100 tox|[from] ability: Poison Heal
|upkeep
|turn|25
|
|t:|1779972034
|move|p2a: Hidden Ray Gun|Flash Cannon|p1a: Gliscor
|-damage|p1a: Gliscor|0 fnt
|faint|p1a: Gliscor
|
|win|Justtheduckman
|raw|kefflonie's rating: 1142 &rarr; <strong>1120</strong><br />(-22 for losing)
|raw|Justtheduckman's rating: 1189 &rarr; <strong>1211</strong><br />(+22 for winning)
|l|☆kefflonie
|player|p1|
|l|☆Justtheduckman
|player|p2|
