|j|☆omari p
|j|☆ytggu
|t:|1779663073
|gametype|singles
|player|p1|omari p|pokemonrangerf|1690
|player|p2|ytggu|265|1703
|gen|9
|tier|[Gen 9] OU
|rated|
|rule|HP Percentage Mod: HP is shown in percentages
|rule|Endless Battle Clause: Forcing endless battles is banned
|rule|Species Clause: Limit one of each Pokémon
|rule|OHKO Clause: OHKO moves are banned
|rule|Evasion Items Clause: Evasion items are banned
|rule|Evasion Moves Clause: Evasion moves are banned
|rule|Evasion Abilities Clause: Evasion abilities are banned
|rule|Sleep Moves Clause: Sleep-inducing moves are banned
|clearpoke
|poke|p1|Hoopa|
|poke|p1|Cinderace, F|
|poke|p1|Mandibuzz, F|
|poke|p1|Kyurem|
|poke|p1|Ting-Lu|
|poke|p1|Manaphy|
|poke|p2|Tyranitar, F|
|poke|p2|Samurott-Hisui, M|
|poke|p2|Rillaboom, M|
|poke|p2|Slowking-Galar, M|
|poke|p2|Excadrill, F|
|poke|p2|Pawmot, F|
|teampreview
|inactive|Battle timer is ON: inactive players will automatically lose when time's up. (requested by ytggu)
|inactive|omari p has 120 seconds left.
|
|t:|1779663117
|teamsize|p1|6
|teamsize|p2|6
|start
|switch|p1a: Cinderace|Cinderace, F|100/100
|switch|p2a: Slowking|Slowking-Galar, M|100/100
|turn|1
|
|t:|1779663121
|move|p1a: Cinderace|Pyro Ball|p2a: Slowking
|-damage|p2a: Slowking|50/100
|move|p2a: Slowking|Sludge Bomb|p1a: Cinderace
|-damage|p1a: Cinderace|49/100
|-status|p1a: Cinderace|psn
|
|-damage|p1a: Cinderace|36/100 psn|[from] psn
|upkeep
|turn|2
|j| kanaete onegai
|j| Wildkoter
|inactive|omari p has 120 seconds left.
|inactive|ytggu has 120 seconds left.
|
|t:|1779663153
|-terastallize|p2a: Slowking|Dragon
|move|p1a: Cinderace|High Jump Kick|p2a: Slowking
|-start|p1a: Cinderace|typechange|Fighting|[from] ability: Libero
|-damage|p2a: Slowking|2/100
|move|p2a: Slowking|Sludge Bomb|p1a: Cinderace
|-damage|p1a: Cinderace|0 fnt
|faint|p1a: Cinderace
|
|upkeep
|inactive|omari p has 120 seconds left.
|
|t:|1779663160
|switch|p1a: Ting-Lucifer|Ting-Lu|100/100
|-ability|p1a: Ting-Lucifer|Vessel of Ruin
|turn|3
|
|t:|1779663165
|switch|p2a: Rillaboom|Rillaboom, M|100/100
|-fieldstart|move: Grassy Terrain|[from] ability: Grassy Surge|[of] p2a: Rillaboom
|move|p1a: Ting-Lucifer|Stealth Rock|p2a: Rillaboom
|-sidestart|p2: ytggu|move: Stealth Rock
|
|upkeep
|turn|4
|
|t:|1779663180
|switch|p1a: Mandibuzz|Mandibuzz, F, shiny|100/100
|move|p2a: Rillaboom|U-turn|p1a: Mandibuzz
|-damage|p1a: Mandibuzz|77/100
|-damage|p2a: Rillaboom|84/100|[from] item: Rocky Helmet|[of] p1a: Mandibuzz
|
|t:|1779663183
|switch|p2a: Slowking|Slowking-Galar, M, tera:Dragon|35/100|[from] U-turn
|-damage|p2a: Slowking|23/100|[from] Stealth Rock
|
|-heal|p2a: Slowking|29/100|[from] Grassy Terrain
|upkeep
|turn|5
|
|t:|1779663185
|move|p1a: Mandibuzz|Toxic|p2a: Slowking
|-status|p2a: Slowking|tox
|-prepare|p2a: Slowking|Chilly Reception|[premajor]
|move|p2a: Slowking|Chilly Reception|p2a: Slowking
|-weather|Snowscape
|
|t:|1779663198
|switch|p2a: Excadrill|Excadrill, F|100/100|[from] Chilly Reception
|-damage|p2a: Excadrill|97/100|[from] Stealth Rock
|
|-weather|Snowscape|[upkeep]
|-heal|p2a: Excadrill|100/100|[from] Grassy Terrain
|upkeep
|turn|6
|inactive|omari p has 120 seconds left.
|inactive|omari p has 90 seconds left.
|
|t:|1779663258
|switch|p1a: Hoopa|Hoopa|100/100
|move|p2a: Excadrill|Stealth Rock|p1a: Hoopa
|-sidestart|p1: omari p|move: Stealth Rock
|
|-weather|Snowscape|[upkeep]
|upkeep
|turn|7
|
|t:|1779663267
|move|p2a: Excadrill|Iron Head|p1a: Hoopa
|-damage|p1a: Hoopa|27/100
|move|p1a: Hoopa|Focus Blast|p2a: Excadrill
|-supereffective|p2a: Excadrill
|-damage|p2a: Excadrill|0 fnt
|faint|p2a: Excadrill
|
|-weather|Snowscape|[upkeep]
|-heal|p1a: Hoopa|33/100|[from] Grassy Terrain
|-fieldend|move: Grassy Terrain
|upkeep
|
|t:|1779663277
|switch|p2a: Pawmot|Pawmot, F|100/100
|-damage|p2a: Pawmot|94/100|[from] Stealth Rock
|turn|8
|
|t:|1779663283
|move|p2a: Pawmot|Double Shock|p1a: Hoopa
|-damage|p1a: Hoopa|0 fnt
|-start|p2a: Pawmot|typechange|???/Fighting|[from] move: Double Shock
|faint|p1a: Hoopa
|
|-weather|Snowscape|[upkeep]
|upkeep
|
|t:|1779663286
|switch|p1a: Manaphy|Manaphy|100/100
|-damage|p1a: Manaphy|88/100|[from] Stealth Rock
|turn|9
|
|t:|1779663293
|switch|p2a: Rillaboom|Rillaboom, M|84/100
|-damage|p2a: Rillaboom|72/100|[from] Stealth Rock
|-fieldstart|move: Grassy Terrain|[from] ability: Grassy Surge|[of] p2a: Rillaboom
|move|p1a: Manaphy|Tail Glow|p1a: Manaphy
|-boost|p1a: Manaphy|spa|3
|
|-weather|none
|-heal|p1a: Manaphy|94/100|[from] Grassy Terrain
|-heal|p1a: Manaphy|100/100|[from] item: Leftovers
|-heal|p2a: Rillaboom|78/100|[from] Grassy Terrain
|upkeep
|turn|10
|
|t:|1779663306
|switch|p2a: Slowking|Slowking-Galar, M, tera:Dragon|62/100 tox
|-damage|p2a: Slowking|50/100 tox|[from] Stealth Rock
|-terastallize|p1a: Manaphy|Poison
|move|p1a: Manaphy|Alluring Voice|p2a: Slowking
|-supereffective|p2a: Slowking
|-damage|p2a: Slowking|0 fnt
|faint|p2a: Slowking
|
|upkeep
|
|t:|1779663323
|switch|p2a: Pawmot|Pawmot, F|94/100
|-damage|p2a: Pawmot|88/100|[from] Stealth Rock
|turn|11
|inactive|omari p has 120 seconds left.
|
|t:|1779663360
|move|p2a: Pawmot|Revival Blessing|p2a: Pawmot
|
|t:|1779663364
|-heal|p2: Excadrill|50/100|[from] move: Revival Blessing
|move|p1a: Manaphy|Scald|p2a: Pawmot
|-damage|p2a: Pawmot|0 fnt
|faint|p2a: Pawmot
|
|upkeep
|
|t:|1779663370
|switch|p2a: Tyranitar|Tyranitar, F|100/100
|-damage|p2a: Tyranitar|88/100|[from] Stealth Rock
|-weather|Sandstorm|[from] ability: Sand Stream|[of] p2a: Tyranitar
|turn|12
|
|t:|1779663377
|switch|p2a: Samurott|Samurott-Hisui, M|100/100
|-damage|p2a: Samurott|88/100|[from] Stealth Rock
|move|p1a: Manaphy|Scald|p2a: Samurott
|-resisted|p2a: Samurott
|-damage|p2a: Samurott|57/100
|-status|p2a: Samurott|brn
|
|-weather|Sandstorm|[upkeep]
|-damage|p1a: Manaphy|94/100|[from] Sandstorm
|-damage|p2a: Samurott|51/100 brn|[from] Sandstorm
|-heal|p1a: Manaphy|100/100|[from] Grassy Terrain
|-heal|p2a: Samurott|57/100 brn|[from] Grassy Terrain
|-damage|p2a: Samurott|51/100 brn|[from] brn
|upkeep
|turn|13
|
|t:|1779663385
|move|p1a: Manaphy|Alluring Voice|p2a: Samurott
|-supereffective|p2a: Samurott
|-damage|p2a: Samurott|0 fnt
|faint|p2a: Samurott
|
|-weather|Sandstorm|[upkeep]
|-damage|p1a: Manaphy|94/100|[from] Sandstorm
|-heal|p1a: Manaphy|100/100|[from] Grassy Terrain
|-fieldend|move: Grassy Terrain
|upkeep
|
|t:|1779663388
|switch|p2a: Excadrill|Excadrill, F|50/100
|-damage|p2a: Excadrill|47/100|[from] Stealth Rock
|turn|14
|
|t:|1779663392
|move|p2a: Excadrill|Earthquake|p1a: Manaphy
|-supereffective|p1a: Manaphy
|-damage|p1a: Manaphy|4/100
|move|p1a: Manaphy|Scald|p2a: Excadrill
|-supereffective|p2a: Excadrill
|-damage|p2a: Excadrill|0 fnt
|faint|p2a: Excadrill
|
|-weather|Sandstorm|[upkeep]
|-damage|p1a: Manaphy|0 fnt|[from] Sandstorm
|faint|p1a: Manaphy
|upkeep
|
|t:|1779663402
|switch|p1a: Mandibuzz|Mandibuzz, F, shiny|77/100
|switch|p2a: Tyranitar|Tyranitar, F|88/100
|-damage|p1a: Mandibuzz|52/100|[from] Stealth Rock
|-damage|p2a: Tyranitar|76/100|[from] Stealth Rock
|turn|15
|c|☆omari p|ya
|
|t:|1779663407
|move|p1a: Mandibuzz|Roost|p1a: Mandibuzz
|-heal|p1a: Mandibuzz|100/100
|-singleturn|p1a: Mandibuzz|move: Roost
|move|p2a: Tyranitar|Power Gem|p1a: Mandibuzz
|-damage|p1a: Mandibuzz|67/100
|
|-weather|Sandstorm|[upkeep]
|upkeep
|turn|16
|
|t:|1779663415
|move|p1a: Mandibuzz|Defog|p2a: Tyranitar
|-unboost|p2a: Tyranitar|evasion|1
|-sideend|p2: ytggu|Stealth Rock|[from] move: Defog|[of] p1a: Mandibuzz
|-sideend|p1: omari p|Stealth Rock|[from] move: Defog|[of] p1a: Mandibuzz
|move|p2a: Tyranitar|Power Gem|p1a: Mandibuzz
|-supereffective|p1a: Mandibuzz
|-damage|p1a: Mandibuzz|3/100
|
|-weather|none
|upkeep
|turn|17
|
|t:|1779663426
|move|p1a: Mandibuzz|Roost|p1a: Mandibuzz
|-heal|p1a: Mandibuzz|53/100
|-singleturn|p1a: Mandibuzz|move: Roost
|move|p2a: Tyranitar|Ice Beam|p1a: Mandibuzz
|-damage|p1a: Mandibuzz|31/100
|
|upkeep
|turn|18
|
|t:|1779663432
|move|p1a: Mandibuzz|Roost|p1a: Mandibuzz
|-heal|p1a: Mandibuzz|81/100
|-singleturn|p1a: Mandibuzz|move: Roost
|move|p2a: Tyranitar|Ice Beam|p1a: Mandibuzz
|-damage|p1a: Mandibuzz|58/100
|-status|p1a: Mandibuzz|frz
|
|upkeep
|turn|19
|
|t:|1779663435
|cant|p1a: Mandibuzz|frz
|move|p2a: Tyranitar|Power Gem|p1a: Mandibuzz
|-supereffective|p1a: Mandibuzz
|-damage|p1a: Mandibuzz|0 fnt
|faint|p1a: Mandibuzz
|
|upkeep
|
|t:|1779663437
|switch|p1a: Ting-Lucifer|Ting-Lu|100/100
|-ability|p1a: Ting-Lucifer|Vessel of Ruin
|turn|20
|
|t:|1779663442
|switch|p2a: Rillaboom|Rillaboom, M|78/100
|-fieldstart|move: Grassy Terrain|[from] ability: Grassy Surge|[of] p2a: Rillaboom
|move|p1a: Ting-Lucifer|Stealth Rock|p2a: Rillaboom
|-sidestart|p2: ytggu|move: Stealth Rock
|
|-heal|p2a: Rillaboom|84/100|[from] Grassy Terrain
|upkeep
|turn|21
|
|t:|1779663448
|move|p2a: Rillaboom|Wood Hammer|p1a: Ting-Lucifer
|-supereffective|p1a: Ting-Lucifer
|-damage|p1a: Ting-Lucifer|0 fnt
|faint|p1a: Ting-Lucifer
|-damage|p2a: Rillaboom|43/100|[from] Recoil
|
|-heal|p2a: Rillaboom|49/100|[from] Grassy Terrain
|upkeep
|
|t:|1779663451
|switch|p1a: Kyurem|Kyurem|100/100
|-ability|p1a: Kyurem|Pressure
|turn|22
|
|t:|1779663458
|move|p1a: Kyurem|Ice Beam|p2a: Rillaboom
|-supereffective|p2a: Rillaboom
|-damage|p2a: Rillaboom|0 fnt
|faint|p2a: Rillaboom
|
|upkeep
|
|t:|1779663461
|switch|p2a: Tyranitar|Tyranitar, F|76/100
|-damage|p2a: Tyranitar|64/100|[from] Stealth Rock
|-weather|Sandstorm|[from] ability: Sand Stream|[of] p2a: Tyranitar
|turn|23
|
|t:|1779663464
|move|p1a: Kyurem|Ice Beam|p2a: Tyranitar
|-damage|p2a: Tyranitar|44/100
|move|p2a: Tyranitar|Power Gem|p1a: Kyurem
|-supereffective|p1a: Kyurem
|-damage|p1a: Kyurem|36/100
|
|-weather|Sandstorm|[upkeep]
|-damage|p1a: Kyurem|29/100|[from] Sandstorm
|-heal|p1a: Kyurem|36/100|[from] Grassy Terrain
|-heal|p2a: Tyranitar|51/100|[from] Grassy Terrain
|upkeep
|turn|24
|
|t:|1779663467
|move|p1a: Kyurem|Ice Beam|p2a: Tyranitar
|-damage|p2a: Tyranitar|33/100
|-status|p2a: Tyranitar|frz
|cant|p2a: Tyranitar|frz
|
|-weather|Sandstorm|[upkeep]
|-damage|p1a: Kyurem|29/100|[from] Sandstorm
|-heal|p1a: Kyurem|36/100|[from] Grassy Terrain
|-heal|p2a: Tyranitar|40/100 frz|[from] Grassy Terrain
|-fieldend|move: Grassy Terrain
|upkeep
|turn|25
|
|t:|1779663471
|move|p1a: Kyurem|Ice Beam|p2a: Tyranitar
|-damage|p2a: Tyranitar|21/100 frz
|cant|p2a: Tyranitar|frz
|
|-weather|Sandstorm|[upkeep]
|-damage|p1a: Kyurem|29/100|[from] Sandstorm
|upkeep
|turn|26
|
|t:|1779663473
|move|p1a: Kyurem|Ice Beam|p2a: Tyranitar
|-damage|p2a: Tyranitar|2/100 frz
|cant|p2a: Tyranitar|frz
|
|-weather|Sandstorm|[upkeep]
|-damage|p1a: Kyurem|23/100|[from] Sandstorm
|upkeep
|turn|27
|
|t:|1779663477
|move|p1a: Kyurem|Ice Beam|p2a: Tyranitar
|-damage|p2a: Tyranitar|0 fnt
|faint|p2a: Tyranitar
|
|win|omari p
|raw|omari p's rating: 1690 &rarr; <strong>1711</strong><br />(+21 for winning)
|raw|ytggu's rating: 1703 &rarr; <strong>1682</strong><br />(-21 for losing)
|l|☆ytggu
|player|p2|
|l| Wildkoter
