|j|☆slowlyfadingaway
|j|☆qwp1027
|t:|1779707135
|gametype|singles
|player|p1|slowlyfadingaway|veteran|1311
|player|p2|qwp1027|pokemonrangerf-gen4|1376
|gen|9
|tier|[Gen 9] OU
|rated|
|rule|HP Percentage Mod: HP is shown in percentages
|rule|Endless Battle Clause: Forcing endless battles is banned
|rule|Species Clause: Limit one of each Pokémon
|rule|OHKO Clause: OHKO moves are banned
|rule|Evasion Items Clause: Evasion items are banned
|rule|Evasion Moves Clause: Evasion moves are banned
|rule|Evasion Abilities Clause: Evasion abilities are banned
|rule|Sleep Moves Clause: Sleep-inducing moves are banned
|clearpoke
|poke|p1|Greninja-*, F|
|poke|p1|Forretress, F|
|poke|p1|Samurott-Hisui, F|
|poke|p1|Garchomp, F|
|poke|p1|Scizor, F|
|poke|p1|Diancie|
|poke|p2|Gliscor, M|
|poke|p2|Raging Bolt|
|poke|p2|Iron Moth|
|poke|p2|Zamazenta-*|
|poke|p2|Hatterene, F|
|poke|p2|Dragonite, F|
|teampreview
|inactive|Battle timer is ON: inactive players will automatically lose when time's up. (requested by slowlyfadingaway)
|
|t:|1779707143
|teamsize|p1|6
|teamsize|p2|6
|start
|switch|p1a: Greninja|Greninja, F|100/100
|switch|p2a: Zamazenta|Zamazenta|100/100
|-ability|p2a: Zamazenta|Dauntless Shield|boost
|-boost|p2a: Zamazenta|def|1
|turn|1
|
|t:|1779707149
|switch|p1a: Forretress|Forretress, F|100/100
|move|p2a: Zamazenta|Light Screen|p2a: Zamazenta
|-sidestart|p2: qwp1027|move: Light Screen
|
|upkeep
|turn|2
|
|t:|1779707152
|move|p2a: Zamazenta|Reflect|p2a: Zamazenta
|-sidestart|p2: qwp1027|Reflect
|move|p1a: Forretress|Stealth Rock|p2a: Zamazenta
|-sidestart|p2: qwp1027|move: Stealth Rock
|
|upkeep
|turn|3
|
|t:|1779707156
|switch|p1a: Scizor|Scizor, F|100/100
|move|p2a: Zamazenta|Close Combat|p1a: Scizor
|-damage|p1a: Scizor|52/100
|-unboost|p2a: Zamazenta|def|1
|-unboost|p2a: Zamazenta|spd|1
|
|upkeep
|turn|4
|
|t:|1779707161
|switch|p2a: Iron Moth|Iron Moth|100/100
|-damage|p2a: Iron Moth|75/100|[from] Stealth Rock
|-enditem|p2a: Iron Moth|Booster Energy
|-activate|p2a: Iron Moth|ability: Quark Drive|[fromitem]
|-start|p2a: Iron Moth|quarkdrivespe
|move|p1a: Scizor|Counter||[still]
|-fail|p1a: Scizor
|
|upkeep
|turn|5
|
|t:|1779707165
|switch|p1a: Samurott|Samurott-Hisui, F|100/100
|move|p2a: Iron Moth|Fiery Dance|p1a: Samurott
|-resisted|p1a: Samurott
|-damage|p1a: Samurott|68/100
|-boost|p2a: Iron Moth|spa|1
|
|upkeep
|turn|6
|
|t:|1779707171
|move|p1a: Samurott|Aqua Jet|p2a: Iron Moth
|-supereffective|p2a: Iron Moth
|-damage|p2a: Iron Moth|46/100
|move|p2a: Iron Moth|Energy Ball|p1a: Samurott
|-supereffective|p1a: Samurott
|-damage|p1a: Samurott|0 fnt
|faint|p1a: Samurott
|
|upkeep
|
|t:|1779707175
|switch|p1a: Diancie|Diancie|100/100
|turn|7
|
|t:|1779707180
|-terastallize|p1a: Diancie|Dragon
|move|p2a: Iron Moth|Energy Ball|p1a: Diancie
|-resisted|p1a: Diancie
|-damage|p1a: Diancie|79/100
|move|p1a: Diancie|Moonblast|p2a: Iron Moth
|-resisted|p2a: Iron Moth
|-damage|p2a: Iron Moth|41/100
|
|upkeep
|turn|8
|
|t:|1779707187
|move|p2a: Iron Moth|Sludge Wave|p1a: Diancie
|-damage|p1a: Diancie|17/100
|-status|p1a: Diancie|psn
|move|p1a: Diancie|Meteor Beam||[still]
|-prepare|p1a: Diancie|Meteor Beam
|-boost|p1a: Diancie|spa|1
|-enditem|p1a: Diancie|Power Herb
|-anim|p1a: Diancie|Meteor Beam|p2a: Iron Moth
|-supereffective|p2a: Iron Moth
|-damage|p2a: Iron Moth|0 fnt
|faint|p2a: Iron Moth
|-end|p2a: Iron Moth|Quark Drive|[silent]
|
|-damage|p1a: Diancie|4/100 psn|[from] psn
|-sideend|p2: qwp1027|move: Light Screen
|upkeep
|
|t:|1779707197
|switch|p2a: Dragonite|Dragonite, F|100/100
|-damage|p2a: Dragonite|76/100|[from] Stealth Rock
|turn|9
|
|t:|1779707203
|switch|p1a: Forretress|Forretress, F|100/100
|move|p2a: Dragonite|Dragon Dance|p2a: Dragonite
|-boost|p2a: Dragonite|atk|1
|-boost|p2a: Dragonite|spe|1
|
|-sideend|p2: qwp1027|Reflect
|upkeep
|turn|10
|
|t:|1779707208
|move|p2a: Dragonite|Earthquake|p1a: Forretress
|-damage|p1a: Forretress|68/100
|move|p1a: Forretress|Rapid Spin|p2a: Dragonite
|-damage|p2a: Dragonite|66/100
|-boost|p1a: Forretress|spe|1
|
|upkeep
|turn|11
|
|t:|1779707215
|move|p2a: Dragonite|Dragon Dance|p2a: Dragonite
|-boost|p2a: Dragonite|atk|1
|-boost|p2a: Dragonite|spe|1
|move|p1a: Forretress|Body Press|p2a: Dragonite
|-resisted|p2a: Dragonite
|-damage|p2a: Dragonite|49/100
|
|upkeep
|turn|12
|
|t:|1779707218
|move|p2a: Dragonite|Dragon Dance|p2a: Dragonite
|-boost|p2a: Dragonite|atk|1
|-boost|p2a: Dragonite|spe|1
|move|p1a: Forretress|Body Press|p2a: Dragonite
|-resisted|p2a: Dragonite
|-damage|p2a: Dragonite|31/100
|
|upkeep
|turn|13
|
|t:|1779707221
|move|p2a: Dragonite|Earthquake|p1a: Forretress
|-damage|p1a: Forretress|18/100
|move|p1a: Forretress|Body Press|p2a: Dragonite
|-resisted|p2a: Dragonite
|-damage|p2a: Dragonite|15/100
|
|upkeep
|turn|14
|-enditem|p1a: Forretress|Custap Berry|[eat]
|-activate|p1a: Forretress|item: Custap Berry|[consumed]
|
|t:|1779707225
|move|p1a: Forretress|Body Press|p2a: Dragonite
|-resisted|p2a: Dragonite
|-damage|p2a: Dragonite|0 fnt
|faint|p2a: Dragonite
|
|upkeep
|
|t:|1779707229
|switch|p2a: Zamazenta|Zamazenta|100/100
|-damage|p2a: Zamazenta|94/100|[from] Stealth Rock
|turn|15
|c|☆slowlyfadingaway|gottem
|
|t:|1779707234
|move|p2a: Zamazenta|Light Screen|p2a: Zamazenta
|-sidestart|p2: qwp1027|move: Light Screen
|move|p1a: Forretress|Body Press|p2a: Zamazenta
|-damage|p2a: Zamazenta|67/100
|
|upkeep
|turn|16
|
|t:|1779707242
|move|p2a: Zamazenta|Reflect|p2a: Zamazenta
|-sidestart|p2: qwp1027|Reflect
|move|p1a: Forretress|Body Press|p2a: Zamazenta
|-damage|p2a: Zamazenta|54/100
|
|upkeep
|turn|17
|
|t:|1779707246
|switch|p2a: Gliscor|Gliscor, M|100/100
|-damage|p2a: Gliscor|88/100|[from] Stealth Rock
|move|p1a: Forretress|Endure||[still]
|-fail|p1a: Forretress
|
|-status|p2a: Gliscor|tox|[from] item: Toxic Orb
|upkeep
|turn|18
|
|t:|1779707250
|move|p1a: Forretress|Endure|p1a: Forretress
|-singleturn|p1a: Forretress|move: Endure
|move|p2a: Gliscor|Agility|p2a: Gliscor
|-boost|p2a: Gliscor|spe|2
|
|-heal|p2a: Gliscor|100/100 tox|[from] ability: Poison Heal
|upkeep
|turn|19
|
|t:|1779707252
|move|p2a: Gliscor|Swords Dance|p2a: Gliscor
|-boost|p2a: Gliscor|atk|2
|move|p1a: Forretress|Body Press|p2a: Gliscor
|-resisted|p2a: Gliscor
|-damage|p2a: Gliscor|94/100 tox
|
|-heal|p2a: Gliscor|100/100 tox|[from] ability: Poison Heal
|upkeep
|turn|20
|
|t:|1779707255
|move|p2a: Gliscor|Swords Dance|p2a: Gliscor
|-boost|p2a: Gliscor|atk|2
|move|p1a: Forretress|Body Press|p2a: Gliscor
|-resisted|p2a: Gliscor
|-damage|p2a: Gliscor|94/100 tox
|
|-heal|p2a: Gliscor|100/100 tox|[from] ability: Poison Heal
|upkeep
|turn|21
|
|t:|1779707260
|move|p2a: Gliscor|Swords Dance|p2a: Gliscor
|-boost|p2a: Gliscor|atk|2
|move|p1a: Forretress|Body Press|p2a: Gliscor
|-resisted|p2a: Gliscor
|-damage|p2a: Gliscor|94/100 tox
|
|-heal|p2a: Gliscor|100/100 tox|[from] ability: Poison Heal
|upkeep
|turn|22
|
|t:|1779707263
|move|p1a: Forretress|Endure|p1a: Forretress
|-singleturn|p1a: Forretress|move: Endure
|move|p2a: Gliscor|Knock Off|p1a: Forretress
|-activate|p1a: Forretress|move: Endure
|-damage|p1a: Forretress|1/100
|
|-sideend|p2: qwp1027|move: Light Screen
|upkeep
|turn|23
|
|t:|1779707267
|move|p2a: Gliscor|Knock Off|p1a: Forretress
|-damage|p1a: Forretress|0 fnt
|faint|p1a: Forretress
|
|-sideend|p2: qwp1027|Reflect
|upkeep
|
|t:|1779707273
|switch|p1a: Scizor|Scizor, F|52/100
|turn|24
|
|t:|1779707281
|move|p2a: Gliscor|Knock Off|p1a: Scizor
|-damage|p1a: Scizor|0 fnt
|-enditem|p1a: Scizor|Focus Sash|[from] move: Knock Off|[of] p2a: Gliscor
|faint|p1a: Scizor
|
|upkeep
|
|t:|1779707294
|switch|p1a: Greninja|Greninja, F|100/100
|turn|25
|
|t:|1779707302
|move|p2a: Gliscor|Facade|p1a: Greninja
|-damage|p1a: Greninja|0 fnt
|faint|p1a: Greninja
|
|upkeep
|-message|slowlyfadingaway forfeited.
|
|win|qwp1027
|raw|slowlyfadingaway's rating: 1311 &rarr; <strong>1295</strong><br />(-16 for losing)
|raw|qwp1027's rating: 1376 &rarr; <strong>1392</strong><br />(+16 for winning)
|l|☆slowlyfadingaway
|player|p1|
|l|☆qwp1027
|player|p2|
