|j|‽Ponponstar6
|j|☆Sombyr2
|t:|1779610857
|gametype|singles
|player|p1|Ponponstar6|harlequin|1228
|player|p2|Sombyr2|lady-gen4|1225
|gen|9
|tier|[Gen 9] OU
|rated|
|rule|HP Percentage Mod: HP is shown in percentages
|rule|Endless Battle Clause: Forcing endless battles is banned
|rule|Species Clause: Limit one of each Pokémon
|rule|OHKO Clause: OHKO moves are banned
|rule|Evasion Items Clause: Evasion items are banned
|rule|Evasion Moves Clause: Evasion moves are banned
|rule|Evasion Abilities Clause: Evasion abilities are banned
|rule|Sleep Moves Clause: Sleep-inducing moves are banned
|clearpoke
|poke|p1|Torkoal, M|
|poke|p1|Lilligant-Hisui, F|
|poke|p1|Walking Wake|
|poke|p1|Ninetales, M|
|poke|p1|Raging Bolt|
|poke|p1|Great Tusk|
|poke|p2|Corviknight, M|
|poke|p2|Gholdengo|
|poke|p2|Necrozma|
|poke|p2|Umbreon, F|
|poke|p2|Dragonite, F|
|poke|p2|Kommo-o, M|
|teampreview
|inactive|Battle timer is ON: inactive players will automatically lose when time's up. (requested by Ponponstar6)
|
|t:|1779610866
|teamsize|p1|6
|teamsize|p2|6
|start
|switch|p1a: Torkoal|Torkoal, M, shiny|100/100
|switch|p2a: Necrozma|Necrozma|100/100
|-weather|SunnyDay|[from] ability: Drought|[of] p1a: Torkoal
|turn|1
|
|t:|1779610874
|move|p2a: Necrozma|Calm Mind|p2a: Necrozma
|-boost|p2a: Necrozma|spa|1
|-boost|p2a: Necrozma|spd|1
|move|p1a: Torkoal|Stealth Rock|p2a: Necrozma
|-sidestart|p2: Sombyr2|move: Stealth Rock
|
|-weather|SunnyDay|[upkeep]
|upkeep
|turn|2
|
|t:|1779610889
|switch|p1a: Great Tusk|Great Tusk, shiny|100/100
|-activate|p1a: Great Tusk|ability: Protosynthesis
|-start|p1a: Great Tusk|protosynthesisatk
|move|p2a: Necrozma|Photon Geyser|p1a: Great Tusk
|-supereffective|p1a: Great Tusk
|-damage|p1a: Great Tusk|0 fnt
|faint|p1a: Great Tusk
|-end|p1a: Great Tusk|Protosynthesis|[silent]
|
|-weather|SunnyDay|[upkeep]
|upkeep
|
|t:|1779610908
|switch|p1a: Lilligant|Lilligant-Hisui, F, shiny|100/100
|turn|3
|
|t:|1779610921
|move|p1a: Lilligant|Solar Blade||[still]
|-prepare|p1a: Lilligant|Solar Blade
|-anim|p1a: Lilligant|Solar Blade|p2a: Necrozma
|-damage|p2a: Necrozma|47/100
|-damage|p1a: Lilligant|84/100|[from] item: Rocky Helmet|[of] p2a: Necrozma
|-damage|p1a: Lilligant|74/100|[from] item: Life Orb
|move|p2a: Necrozma|Photon Geyser|p1a: Lilligant
|-supereffective|p1a: Lilligant
|-damage|p1a: Lilligant|0 fnt
|faint|p1a: Lilligant
|
|-weather|SunnyDay|[upkeep]
|upkeep
|inactive|Ponponstar6 has 120 seconds left.
|
|t:|1779610939
|switch|p1a: Walking Wake|Walking Wake|100/100
|-activate|p1a: Walking Wake|ability: Protosynthesis
|-start|p1a: Walking Wake|protosynthesisspe
|turn|4
|inactive|Ponponstar6 has 120 seconds left.
|
|t:|1779610947
|move|p1a: Walking Wake|Hydro Steam|p2a: Necrozma
|-damage|p2a: Necrozma|0 fnt
|faint|p2a: Necrozma
|
|-weather|SunnyDay|[upkeep]
|upkeep
|
|t:|1779610956
|switch|p2a: Kommo-o|Kommo-o, M|100/100
|-damage|p2a: Kommo-o|94/100|[from] Stealth Rock
|turn|5
|
|t:|1779610965
|move|p2a: Kommo-o|Vacuum Wave|p1a: Walking Wake
|-damage|p1a: Walking Wake|80/100
|move|p1a: Walking Wake|Hydro Steam|p2a: Kommo-o
|-resisted|p2a: Kommo-o
|-damage|p2a: Kommo-o|50/100
|
|-weather|SunnyDay|[upkeep]
|-heal|p2a: Kommo-o|57/100|[from] item: Leftovers
|upkeep
|turn|6
|
|t:|1779610974
|move|p1a: Walking Wake|Hydro Steam|p2a: Kommo-o
|-resisted|p2a: Kommo-o
|-damage|p2a: Kommo-o|17/100
|move|p2a: Kommo-o|Drain Punch|p1a: Walking Wake
|-damage|p1a: Walking Wake|49/100
|-heal|p2a: Kommo-o|32/100|[from] drain|[of] p1a: Walking Wake
|
|-weather|SunnyDay|[upkeep]
|-heal|p2a: Kommo-o|38/100|[from] item: Leftovers
|upkeep
|turn|7
|
|t:|1779610985
|move|p2a: Kommo-o|Vacuum Wave|p1a: Walking Wake
|-damage|p1a: Walking Wake|30/100
|move|p1a: Walking Wake|Hydro Steam|p2a: Kommo-o
|-resisted|p2a: Kommo-o
|-damage|p2a: Kommo-o|0 fnt
|faint|p2a: Kommo-o
|
|-weather|SunnyDay|[upkeep]
|upkeep
|
|t:|1779610992
|switch|p2a: Dragonite|Dragonite, F|100/100
|turn|8
|
|t:|1779610998
|-terastallize|p2a: Dragonite|Normal
|move|p2a: Dragonite|Extreme Speed|p1a: Walking Wake
|-damage|p1a: Walking Wake|0 fnt
|faint|p1a: Walking Wake
|-end|p1a: Walking Wake|Protosynthesis|[silent]
|
|-weather|none
|upkeep
|
|t:|1779611006
|switch|p1a: Torkoal|Torkoal, M, shiny|100/100
|-weather|SunnyDay|[from] ability: Drought|[of] p1a: Torkoal
|turn|9
|
|t:|1779611014
|move|p2a: Dragonite|Dragon Dance|p2a: Dragonite
|-boost|p2a: Dragonite|atk|1
|-boost|p2a: Dragonite|spe|1
|move|p1a: Torkoal|Lava Plume|p2a: Dragonite
|-damage|p2a: Dragonite|83/100
|
|-weather|SunnyDay|[upkeep]
|upkeep
|turn|10
|
|t:|1779611022
|move|p2a: Dragonite|Extreme Speed|p1a: Torkoal
|-crit|p1a: Torkoal
|-damage|p1a: Torkoal|23/100
|move|p1a: Torkoal|Lava Plume|p2a: Dragonite
|-damage|p2a: Dragonite|50/100
|-status|p2a: Dragonite|brn
|
|-weather|SunnyDay|[upkeep]
|-damage|p2a: Dragonite|44/100 brn|[from] brn
|upkeep
|turn|11
|
|t:|1779611038
|move|p2a: Dragonite|Extreme Speed|p1a: Torkoal
|-damage|p1a: Torkoal|0 fnt
|faint|p1a: Torkoal
|
|-weather|SunnyDay|[upkeep]
|-damage|p2a: Dragonite|38/100 brn|[from] brn
|upkeep
|
|t:|1779611045
|switch|p1a: Raging Bolt|Raging Bolt|100/100
|-activate|p1a: Raging Bolt|ability: Protosynthesis
|-start|p1a: Raging Bolt|protosynthesisspa
|turn|12
|
|t:|1779611050
|move|p2a: Dragonite|Extreme Speed|p1a: Raging Bolt
|-damage|p1a: Raging Bolt|72/100
|move|p1a: Raging Bolt|Calm Mind|p1a: Raging Bolt
|-boost|p1a: Raging Bolt|spa|1
|-boost|p1a: Raging Bolt|spd|1
|
|-weather|SunnyDay|[upkeep]
|-heal|p1a: Raging Bolt|78/100|[from] item: Leftovers
|-damage|p2a: Dragonite|32/100 brn|[from] brn
|upkeep
|turn|13
|
|t:|1779611066
|move|p1a: Raging Bolt|Thunderbolt|p2a: Dragonite
|-damage|p2a: Dragonite|0 fnt
|faint|p2a: Dragonite
|
|-weather|SunnyDay|[upkeep]
|-heal|p1a: Raging Bolt|84/100|[from] item: Leftovers
|upkeep
|
|t:|1779611075
|switch|p2a: Umbreon|Umbreon, F, shiny|100/100
|-damage|p2a: Umbreon|88/100|[from] Stealth Rock
|turn|14
|
|t:|1779611083
|move|p1a: Raging Bolt|Thunderbolt|p2a: Umbreon
|-damage|p2a: Umbreon|23/100
|-status|p2a: Umbreon|par
|move|p2a: Umbreon|Calm Mind|p2a: Umbreon
|-boost|p2a: Umbreon|spa|1
|-boost|p2a: Umbreon|spd|1
|
|-weather|SunnyDay|[upkeep]
|-heal|p1a: Raging Bolt|91/100|[from] item: Leftovers
|-heal|p2a: Umbreon|29/100 par|[from] item: Leftovers
|upkeep
|turn|15
|
|t:|1779611097
|move|p1a: Raging Bolt|Calm Mind|p1a: Raging Bolt
|-boost|p1a: Raging Bolt|spa|1
|-boost|p1a: Raging Bolt|spd|1
|move|p2a: Umbreon|Wish|p2a: Umbreon
|
|-weather|SunnyDay|[upkeep]
|-heal|p1a: Raging Bolt|97/100|[from] item: Leftovers
|-heal|p2a: Umbreon|35/100 par|[from] item: Leftovers
|upkeep
|turn|16
|
|t:|1779611106
|move|p1a: Raging Bolt|Calm Mind|p1a: Raging Bolt
|-boost|p1a: Raging Bolt|spa|1
|-boost|p1a: Raging Bolt|spd|1
|cant|p2a: Umbreon|par
|
|-weather|none
|-end|p1a: Raging Bolt|Protosynthesis
|-heal|p2a: Umbreon|85/100 par|[from] move: Wish|[wisher] Umbreon
|-heal|p1a: Raging Bolt|100/100|[from] item: Leftovers
|-heal|p2a: Umbreon|91/100 par|[from] item: Leftovers
|upkeep
|turn|17
|
|t:|1779611116
|move|p1a: Raging Bolt|Thunderbolt|p2a: Umbreon
|-damage|p2a: Umbreon|34/100 par
|cant|p2a: Umbreon|par
|
|-heal|p2a: Umbreon|40/100 par|[from] item: Leftovers
|upkeep
|turn|18
|
|t:|1779611123
|move|p1a: Raging Bolt|Thunderbolt|p2a: Umbreon
|-damage|p2a: Umbreon|0 fnt
|faint|p2a: Umbreon
|
|upkeep
|
|t:|1779611127
|switch|p2a: Gholdengo|Gholdengo|100/100
|-damage|p2a: Gholdengo|94/100|[from] Stealth Rock
|turn|19
|
|t:|1779611136
|move|p2a: Gholdengo|Shadow Ball|p1a: Raging Bolt
|-damage|p1a: Raging Bolt|88/100
|-unboost|p1a: Raging Bolt|spd|1
|move|p1a: Raging Bolt|Thunderbolt|p2a: Gholdengo
|-damage|p2a: Gholdengo|0 fnt
|faint|p2a: Gholdengo
|
|-heal|p1a: Raging Bolt|94/100|[from] item: Leftovers
|upkeep
|-message|Sombyr2 forfeited.
|
|win|Ponponstar6
|raw|Ponponstar6's rating: 1228 &rarr; <strong>1253</strong><br />(+25 for winning)
|raw|Sombyr2's rating: 1225 &rarr; <strong>1200</strong><br />(-25 for losing)
|l|☆Sombyr2
|player|p2|
|l|‽Ponponstar6
|player|p1|
