|j|‽wlr26_
|j|☆ainasucks
|t:|1779687192
|gametype|singles
|player|p1|wlr26_|102|1181
|player|p2|ainasucks|265|1239
|gen|9
|tier|[Gen 9] OU
|rated|
|rule|HP Percentage Mod: HP is shown in percentages
|rule|Endless Battle Clause: Forcing endless battles is banned
|rule|Species Clause: Limit one of each Pokémon
|rule|OHKO Clause: OHKO moves are banned
|rule|Evasion Items Clause: Evasion items are banned
|rule|Evasion Moves Clause: Evasion moves are banned
|rule|Evasion Abilities Clause: Evasion abilities are banned
|rule|Sleep Moves Clause: Sleep-inducing moves are banned
|clearpoke
|poke|p1|Rillaboom, F|
|poke|p1|Gholdengo|
|poke|p1|Hawlucha, M|
|poke|p1|Landorus-Therian, M|
|poke|p1|Kyurem|
|poke|p1|Samurott-Hisui, M|
|poke|p2|Zamazenta-*|
|poke|p2|Garchomp, F|
|poke|p2|Kingambit, F|
|poke|p2|Iron Moth|
|poke|p2|Darkrai|
|poke|p2|Zarude-Dada|
|teampreview
|inactive|Battle timer is ON: inactive players will automatically lose when time's up. (requested by ainasucks)
|
|t:|1779687213
|teamsize|p1|6
|teamsize|p2|6
|start
|switch|p1a: Samurott|Samurott-Hisui, M|100/100
|switch|p2a: Zamazenta|Zamazenta|100/100
|-ability|p2a: Zamazenta|Dauntless Shield|boost
|-boost|p2a: Zamazenta|def|1
|turn|1
|
|t:|1779687224
|switch|p1a: Landorus|Landorus-Therian, M|100/100
|-ability|p1a: Landorus|Intimidate|boost
|-unboost|p2a: Zamazenta|atk|1
|move|p2a: Zamazenta|Iron Defense|p2a: Zamazenta
|-boost|p2a: Zamazenta|def|2
|
|upkeep
|turn|2
|
|t:|1779687235
|move|p2a: Zamazenta|Iron Defense|p2a: Zamazenta
|-boost|p2a: Zamazenta|def|2
|move|p1a: Landorus|Taunt|p2a: Zamazenta
|-start|p2a: Zamazenta|move: Taunt
|
|upkeep
|turn|3
|
|t:|1779687239
|move|p2a: Zamazenta|Body Press|p1a: Landorus
|-resisted|p1a: Landorus
|-damage|p1a: Landorus|24/100
|-damage|p2a: Zamazenta|84/100|[from] item: Rocky Helmet|[of] p1a: Landorus
|move|p1a: Landorus|U-turn|p2a: Zamazenta
|-resisted|p2a: Zamazenta
|-damage|p2a: Zamazenta|82/100
|
|t:|1779687263
|switch|p1a: Gholdengo|Gholdengo|100/100|[from] U-turn
|
|-heal|p2a: Zamazenta|88/100|[from] item: Leftovers
|upkeep
|turn|4
|
|t:|1779687272
|move|p1a: Gholdengo|Make It Rain|p2a: Zamazenta
|-damage|p2a: Zamazenta|36/100
|-unboost|p1a: Gholdengo|spa|1
|move|p2a: Zamazenta|Crunch|p1a: Gholdengo
|-supereffective|p1a: Gholdengo
|-crit|p1a: Gholdengo
|-damage|p1a: Gholdengo|26/100
|
|-heal|p2a: Zamazenta|43/100|[from] item: Leftovers
|upkeep
|turn|5
|
|t:|1779687282
|switch|p1a: Landorus|Landorus-Therian, M|24/100
|-ability|p1a: Landorus|Intimidate|boost
|-unboost|p2a: Zamazenta|atk|1
|move|p2a: Zamazenta|Crunch|p1a: Landorus
|-damage|p1a: Landorus|14/100
|-unboost|p1a: Landorus|def|1
|-damage|p2a: Zamazenta|26/100|[from] item: Rocky Helmet|[of] p1a: Landorus
|
|-heal|p2a: Zamazenta|32/100|[from] item: Leftovers
|-end|p2a: Zamazenta|move: Taunt
|upkeep
|turn|6
|
|t:|1779687293
|move|p2a: Zamazenta|Body Press|p1a: Landorus
|-resisted|p1a: Landorus
|-damage|p1a: Landorus|0 fnt
|-damage|p2a: Zamazenta|16/100|[from] item: Rocky Helmet|[of] p1a: Landorus
|faint|p1a: Landorus
|
|-heal|p2a: Zamazenta|22/100|[from] item: Leftovers
|upkeep
|
|t:|1779687303
|switch|p1a: Gholdengo|Gholdengo|26/100
|turn|7
|
|t:|1779687313
|move|p1a: Gholdengo|Shadow Ball|p2a: Zamazenta
|-damage|p2a: Zamazenta|0 fnt
|faint|p2a: Zamazenta
|
|upkeep
|
|t:|1779687316
|switch|p2a: Kingambit|Kingambit, F|100/100
|-activate|p2a: Kingambit|ability: Supreme Overlord
|-start|p2a: Kingambit|fallen1|[silent]
|turn|8
|
|t:|1779687321
|switch|p1a: Samurott|Samurott-Hisui, M|100/100
|move|p2a: Kingambit|Swords Dance|p2a: Kingambit
|-boost|p2a: Kingambit|atk|2
|
|upkeep
|turn|9
|
|t:|1779687343
|move|p1a: Samurott|Razor Shell|p2a: Kingambit
|-damage|p2a: Kingambit|64/100
|move|p2a: Kingambit|Swords Dance|p2a: Kingambit
|-boost|p2a: Kingambit|atk|2
|
|upkeep
|turn|10
|
|t:|1779687349
|move|p1a: Samurott|Ceaseless Edge|p2a: Kingambit
|-resisted|p2a: Kingambit
|-damage|p2a: Kingambit|49/100
|-sidestart|p2: ainasucks|Spikes
|move|p2a: Kingambit|Kowtow Cleave|p1a: Samurott
|-resisted|p1a: Samurott
|-damage|p1a: Samurott|0 fnt
|faint|p1a: Samurott
|-damage|p2a: Kingambit|39/100|[from] item: Life Orb
|
|upkeep
|
|t:|1779687357
|switch|p1a: Rillaboom|Rillaboom, F|100/100
|-fieldstart|move: Grassy Terrain|[from] ability: Grassy Surge|[of] p1a: Rillaboom
|turn|11
|
|t:|1779687364
|move|p1a: Rillaboom|Grassy Glide|p2a: Kingambit
|-resisted|p2a: Kingambit
|-damage|p2a: Kingambit|20/100
|-damage|p1a: Rillaboom|91/100|[from] item: Life Orb
|move|p2a: Kingambit|Sucker Punch||[still]
|-fail|p2a: Kingambit
|
|-heal|p1a: Rillaboom|97/100|[from] Grassy Terrain
|-heal|p2a: Kingambit|26/100|[from] Grassy Terrain
|upkeep
|turn|12
|
|t:|1779687378
|move|p1a: Rillaboom|Wood Hammer|p2a: Kingambit
|-resisted|p2a: Kingambit
|-damage|p2a: Kingambit|0 fnt
|faint|p2a: Kingambit
|-end|p2a: Kingambit|fallen1|[silent]
|-damage|p1a: Rillaboom|87/100|[from] Recoil
|-damage|p1a: Rillaboom|77/100|[from] item: Life Orb
|
|-heal|p1a: Rillaboom|83/100|[from] Grassy Terrain
|upkeep
|
|t:|1779687384
|switch|p2a: Darkrai|Darkrai|100/100
|-damage|p2a: Darkrai|88/100|[from] Spikes
|turn|13
|
|t:|1779687399
|move|p1a: Rillaboom|Grassy Glide|p2a: Darkrai
|-damage|p2a: Darkrai|24/100
|-damage|p1a: Rillaboom|73/100|[from] item: Life Orb
|move|p2a: Darkrai|Sludge Bomb|p1a: Rillaboom
|-supereffective|p1a: Rillaboom
|-damage|p1a: Rillaboom|0 fnt
|faint|p1a: Rillaboom
|
|-heal|p2a: Darkrai|30/100|[from] Grassy Terrain
|upkeep
|
|t:|1779687408
|switch|p1a: Hawlucha|Hawlucha, M|100/100
|-enditem|p1a: Hawlucha|Grassy Seed
|-boost|p1a: Hawlucha|def|1|[from] item: Grassy Seed
|turn|14
|
|t:|1779687423
|move|p1a: Hawlucha|Acrobatics|p2a: Darkrai
|-damage|p2a: Darkrai|0 fnt
|faint|p2a: Darkrai
|
|upkeep
|
|t:|1779687426
|switch|p2a: Garchomp|Garchomp, F|100/100
|-damage|p2a: Garchomp|88/100|[from] Spikes
|turn|15
|
|t:|1779687431
|move|p1a: Hawlucha|Swords Dance|p1a: Hawlucha
|-boost|p1a: Hawlucha|atk|2
|move|p2a: Garchomp|Stone Edge|p1a: Hawlucha
|-damage|p1a: Hawlucha|68/100
|
|-heal|p2a: Garchomp|94/100|[from] Grassy Terrain
|-fieldend|move: Grassy Terrain
|upkeep
|turn|16
|
|t:|1779687438
|move|p1a: Hawlucha|Swords Dance|p1a: Hawlucha
|-boost|p1a: Hawlucha|atk|2
|move|p2a: Garchomp|Stone Edge|p1a: Hawlucha
|-damage|p1a: Hawlucha|36/100
|
|upkeep
|turn|17
|
|t:|1779687445
|-terastallize|p1a: Hawlucha|Flying
|move|p1a: Hawlucha|Acrobatics|p2a: Garchomp
|-damage|p2a: Garchomp|0 fnt
|-damage|p1a: Hawlucha|24/100|[from] ability: Rough Skin|[of] p2a: Garchomp
|faint|p2a: Garchomp
|
|upkeep
|
|t:|1779687452
|switch|p2a: Iron Moth|Iron Moth|100/100
|-damage|p2a: Iron Moth|88/100|[from] Spikes
|-enditem|p2a: Iron Moth|Booster Energy
|-activate|p2a: Iron Moth|ability: Quark Drive|[fromitem]
|-start|p2a: Iron Moth|quarkdrivespa
|turn|18
|
|t:|1779687459
|move|p1a: Hawlucha|Acrobatics|p2a: Iron Moth
|-damage|p2a: Iron Moth|0 fnt
|faint|p2a: Iron Moth
|-end|p2a: Iron Moth|Quark Drive|[silent]
|
|upkeep
|
|t:|1779687461
|switch|p2a: Zarude|Zarude-Dada|100/100
|-damage|p2a: Zarude|88/100|[from] Spikes
|turn|19
|
|t:|1779687469
|-terastallize|p2a: Zarude|Dark
|move|p1a: Hawlucha|Acrobatics|p2a: Zarude
|-damage|p2a: Zarude|0 fnt
|faint|p2a: Zarude
|
|win|wlr26_
|raw|wlr26_'s rating: 1181 &rarr; <strong>1213</strong><br />(+32 for winning)
|raw|ainasucks's rating: 1288 &rarr; <strong>1256</strong><br />(-32 for losing)
|l|☆ainasucks
|player|p2|
|l|‽wlr26_
|player|p1|
