|j|☆Crackysap
|j|☆Exilos
|t:|1779561718
|gametype|singles
|player|p1|Crackysap|102|1405
|player|p2|Exilos|101|1350
|gen|9
|tier|[Gen 9] OU
|rated|
|rule|HP Percentage Mod: HP is shown in percentages
|rule|Endless Battle Clause: Forcing endless battles is banned
|rule|Species Clause: Limit one of each Pokémon
|rule|OHKO Clause: OHKO moves are banned
|rule|Evasion Items Clause: Evasion items are banned
|rule|Evasion Moves Clause: Evasion moves are banned
|rule|Evasion Abilities Clause: Evasion abilities are banned
|rule|Sleep Moves Clause: Sleep-inducing moves are banned
|clearpoke
|poke|p1|Kleavor, M|
|poke|p1|Landorus-Therian, M|
|poke|p1|Gholdengo|
|poke|p1|Dragonite, F|
|poke|p1|Hatterene, F|
|poke|p1|Darkrai|
|poke|p2|Clawitzer, M|
|poke|p2|Raging Bolt|
|poke|p2|Zamazenta-*|
|poke|p2|Slowking-Galar, F|
|poke|p2|Moltres|
|poke|p2|Dragapult, M|
|teampreview
|inactive|Battle timer is ON: inactive players will automatically lose when time's up. (requested by Exilos)
|
|t:|1779561730
|teamsize|p1|6
|teamsize|p2|6
|start
|switch|p1a: Landorus|Landorus-Therian, M|100/100
|switch|p2a: Moltres|Moltres|100/100
|-ability|p1a: Landorus|Intimidate|boost
|-unboost|p2a: Moltres|atk|1
|turn|1
|
|t:|1779561735
|move|p1a: Landorus|Stone Edge|p2a: Moltres|[miss]
|-miss|p1a: Landorus|p2a: Moltres
|move|p2a: Moltres|U-turn|p1a: Landorus
|-resisted|p1a: Landorus
|-damage|p1a: Landorus|96/100
|-damage|p2a: Moltres|84/100|[from] item: Rocky Helmet|[of] p1a: Landorus
|
|t:|1779561742
|switch|p2a: boom|Clawitzer, M, shiny|100/100|[from] U-turn
|
|upkeep
|turn|2
|
|t:|1779561748
|switch|p1a: Alba|Dragonite, F, shiny|100/100
|move|p2a: boom|Water Pulse|p1a: Alba
|-resisted|p1a: Alba
|-damage|p1a: Alba|82/100
|
|upkeep
|turn|3
|
|t:|1779561764
|switch|p1a: Hattie|Hatterene, F|100/100
|move|p2a: boom|Water Pulse|p1a: Hattie
|-damage|p1a: Hattie|58/100
|
|upkeep
|turn|4
|
|t:|1779561786
|switch|p2a: Slowking|Slowking-Galar, F|100/100
|move|p1a: Hattie|Nuzzle|p2a: Slowking
|-damage|p2a: Slowking|97/100
|-status|p2a: Slowking|par
|
|upkeep
|turn|5
|
|t:|1779561797
|move|p1a: Hattie|Psyshock|p2a: Slowking
|-damage|p2a: Slowking|54/100 par
|move|p2a: Slowking|Sludge Bomb|p1a: Hattie
|-supereffective|p1a: Hattie
|-damage|p1a: Hattie|7/100
|-status|p1a: Hattie|psn
|
|-damage|p1a: Hattie|0 fnt|[from] psn
|faint|p1a: Hattie
|upkeep
|
|t:|1779561809
|switch|p1a: Alba|Dragonite, F, shiny|82/100
|turn|6
|
|t:|1779561814
|move|p1a: Alba|Dragon Dance|p1a: Alba
|-boost|p1a: Alba|atk|1
|-boost|p1a: Alba|spe|1
|move|p2a: Slowking|Ice Beam|p1a: Alba
|-supereffective|p1a: Alba
|-damage|p1a: Alba|0 fnt
|faint|p1a: Alba
|
|upkeep
|
|t:|1779561820
|switch|p1a: Filo Señorial|Kleavor, M|100/100
|turn|7
|
|t:|1779561823
|switch|p2a: Moltres|Moltres|84/100
|move|p1a: Filo Señorial|Stone Axe|p2a: Moltres
|-supereffective|p2a: Moltres
|-damage|p2a: Moltres|0 fnt
|-status|p1a: Filo Señorial|brn|[from] ability: Flame Body|[of] p2a: Moltres
|-sidestart|p2: Exilos|move: Stealth Rock
|faint|p2a: Moltres
|
|-damage|p1a: Filo Señorial|94/100 brn|[from] brn
|upkeep
|
|t:|1779561833
|switch|p2a: boom|Clawitzer, M, shiny|100/100
|-damage|p2a: boom|88/100|[from] Stealth Rock
|turn|8
|
|t:|1779561841
|move|p1a: Filo Señorial|Stone Axe|p2a: boom
|-damage|p2a: boom|52/100
|move|p2a: boom|Water Pulse|p1a: Filo Señorial
|-supereffective|p1a: Filo Señorial
|-damage|p1a: Filo Señorial|0 fnt
|faint|p1a: Filo Señorial
|
|upkeep
|
|t:|1779561854
|switch|p1a: Landorus|Landorus-Therian, M|96/100
|-ability|p1a: Landorus|Intimidate|boost
|-unboost|p2a: boom|atk|1
|turn|9
|
|t:|1779561859
|move|p1a: Landorus|Earthquake|p2a: boom
|-damage|p2a: boom|0 fnt
|faint|p2a: boom
|
|upkeep
|
|t:|1779561881
|switch|p2a: Zamazenta|Zamazenta|100/100
|-ability|p2a: Zamazenta|Dauntless Shield|boost
|-boost|p2a: Zamazenta|def|1
|turn|10
|
|t:|1779561889
|move|p2a: Zamazenta|Stone Edge|p1a: Landorus
|-damage|p1a: Landorus|64/100
|move|p1a: Landorus|Taunt|p2a: Zamazenta
|-start|p2a: Zamazenta|move: Taunt
|
|upkeep
|turn|11
|
|t:|1779561904
|move|p2a: Zamazenta|Stone Edge|p1a: Landorus
|-damage|p1a: Landorus|29/100
|move|p1a: Landorus|U-turn|p2a: Zamazenta
|-resisted|p2a: Zamazenta
|-damage|p2a: Zamazenta|93/100
|inactive|Crackysap has 120 seconds left.
|
|t:|1779561940
|switch|p1a: Duke|Darkrai, shiny|100/100|[from] U-turn
|
|upkeep
|turn|12
|
|t:|1779561945
|move|p2a: Zamazenta|Close Combat|p1a: Duke
|-supereffective|p1a: Duke
|-damage|p1a: Duke|0 fnt
|-unboost|p2a: Zamazenta|def|1
|-unboost|p2a: Zamazenta|spd|1
|faint|p1a: Duke
|
|upkeep
|
|t:|1779561952
|switch|p1a: A Penny|Gholdengo|100/100
|-item|p1a: A Penny|Air Balloon
|turn|13
|
|t:|1779561957
|move|p2a: Zamazenta|Crunch|p1a: A Penny
|-supereffective|p1a: A Penny
|-damage|p1a: A Penny|41/100
|-enditem|p1a: A Penny|Air Balloon
|move|p1a: A Penny|Nasty Plot|p1a: A Penny
|-boost|p1a: A Penny|spa|2
|
|-end|p2a: Zamazenta|move: Taunt
|upkeep
|turn|14
|
|t:|1779561963
|move|p2a: Zamazenta|Crunch|p1a: A Penny
|-supereffective|p1a: A Penny
|-damage|p1a: A Penny|0 fnt
|faint|p1a: A Penny
|
|upkeep
|-message|Crackysap forfeited.
|
|win|Exilos
|raw|Crackysap's rating: 1405 &rarr; <strong>1382</strong><br />(-23 for losing)
|raw|Exilos's rating: 1350 &rarr; <strong>1373</strong><br />(+23 for winning)
|l|☆Crackysap
|player|p1|
|l|☆Exilos
|player|p2|
