|j|☆Legendary King 55
|j|☆AmandinhaBr
|t:|1779691865
|gametype|singles
|player|p1|Legendary King 55|riley|1026
|player|p2|AmandinhaBr|juggler|1054
|gen|9
|tier|[Gen 9] OU
|rated|
|rule|HP Percentage Mod: HP is shown in percentages
|rule|Endless Battle Clause: Forcing endless battles is banned
|rule|Species Clause: Limit one of each Pokémon
|rule|OHKO Clause: OHKO moves are banned
|rule|Evasion Items Clause: Evasion items are banned
|rule|Evasion Moves Clause: Evasion moves are banned
|rule|Evasion Abilities Clause: Evasion abilities are banned
|rule|Sleep Moves Clause: Sleep-inducing moves are banned
|clearpoke
|poke|p1|Venusaur, F|
|poke|p2|Slowking-Galar, M|
|poke|p2|Alomomola, M|
|poke|p2|Farigiraf, M|
|poke|p2|Mimikyu, F|
|poke|p2|Diancie|
|poke|p2|Porygon2|
|teampreview
|inactive|Battle timer is ON: inactive players will automatically lose when time's up. (requested by AmandinhaBr)
|
|t:|1779691871
|teamsize|p1|1
|teamsize|p2|6
|start
|switch|p1a: Venusaur|Venusaur, F, shiny|100/100
|switch|p2a: Farigiraf|Farigiraf, M|100/100
|turn|1
|
|t:|1779691881
|move|p1a: Venusaur|Leech Seed|p2a: Farigiraf
|-start|p2a: Farigiraf|move: Leech Seed
|move|p2a: Farigiraf|Trick Room|p2a: Farigiraf
|-fieldstart|move: Trick Room|[of] p2a: Farigiraf
|
|-damage|p2a: Farigiraf|88/100|[from] Leech Seed|[of] p1a: Venusaur
|upkeep
|turn|2
|
|t:|1779691889
|move|p1a: Venusaur|Protect|p1a: Venusaur
|-singleturn|p1a: Venusaur|Protect
|move|p2a: Farigiraf|Psychic|p1a: Venusaur
|-activate|p1a: Venusaur|move: Protect
|
|-damage|p2a: Farigiraf|76/100|[from] Leech Seed|[of] p1a: Venusaur
|upkeep
|turn|3
|
|t:|1779691898
|-terastallize|p1a: Venusaur|Water
|move|p2a: Farigiraf|Psychic|p1a: Venusaur
|-damage|p1a: Venusaur|56/100
|move|p1a: Venusaur|Giga Drain|p2a: Farigiraf
|-damage|p2a: Farigiraf|36/100
|-heal|p1a: Venusaur|86/100|[from] drain|[of] p2a: Farigiraf
|
|-damage|p2a: Farigiraf|23/100|[from] Leech Seed|[of] p1a: Venusaur
|-heal|p1a: Venusaur|100/100|[silent]
|upkeep
|turn|4
|
|t:|1779691910
|move|p1a: Venusaur|Protect|p1a: Venusaur
|-singleturn|p1a: Venusaur|Protect
|move|p2a: Farigiraf|Hyper Voice|p1a: Venusaur
|-activate|p1a: Venusaur|move: Protect
|
|-damage|p2a: Farigiraf|11/100|[from] Leech Seed|[of] p1a: Venusaur
|upkeep
|turn|5
|
|t:|1779691918
|move|p2a: Farigiraf|Hyper Voice|p1a: Venusaur
|-damage|p1a: Venusaur|58/100
|-enditem|p2a: Farigiraf|Throat Spray
|-boost|p2a: Farigiraf|spa|1|[from] item: Throat Spray
|move|p1a: Venusaur|Giga Drain|p2a: Farigiraf
|-damage|p2a: Farigiraf|0 fnt
|-heal|p1a: Venusaur|66/100|[from] drain|[of] p2a: Farigiraf
|faint|p2a: Farigiraf
|
|-fieldend|move: Trick Room
|upkeep
|
|t:|1779691923
|switch|p2a: Slowking|Slowking-Galar, M|100/100
|turn|6
|
|t:|1779691937
|move|p1a: Venusaur|Leech Seed|p2a: Slowking
|-start|p2a: Slowking|move: Leech Seed
|move|p2a: Slowking|Trick Room|p2a: Slowking
|-fieldstart|move: Trick Room|[of] p2a: Slowking
|
|-damage|p2a: Slowking|88/100|[from] Leech Seed|[of] p1a: Venusaur
|-heal|p1a: Venusaur|82/100|[silent]
|upkeep
|turn|7
|
|t:|1779691950
|switch|p2a: Mimikyu|Mimikyu, F|100/100
|move|p1a: Venusaur|Protect||[still]
|-fail|p1a: Venusaur
|
|upkeep
|turn|8
|-message|Legendary King 55 forfeited.
|
|win|AmandinhaBr
|raw|Legendary King 55's rating: 1026 &rarr; <strong>1013</strong><br />(-13 for losing)
|raw|AmandinhaBr's rating: 1054 &rarr; <strong>1083</strong><br />(+29 for winning)
|l|☆Legendary King 55
|player|p1|
