|inactive|Battle timer is ON: inactive players will automatically lose when time's up.
|t:|1779646512
|gametype|singles
|player|p1|Duckycrater|265|
|player|p2|TPP|#bwpliicrustlepalace|
|gen|9
|tier|[Gen 9] OU
|rule|HP Percentage Mod: HP is shown in percentages
|rule|Endless Battle Clause: Forcing endless battles is banned
|rule|Species Clause: Limit one of each Pokémon
|rule|OHKO Clause: OHKO moves are banned
|rule|Evasion Items Clause: Evasion items are banned
|rule|Evasion Moves Clause: Evasion moves are banned
|rule|Evasion Abilities Clause: Evasion abilities are banned
|rule|Sleep Moves Clause: Sleep-inducing moves are banned
|clearpoke
|poke|p1|Zapdos|
|poke|p1|Great Tusk|
|poke|p1|Cinderace, M|
|poke|p1|Zamazenta-*|
|poke|p1|Gliscor, F|
|poke|p1|Slowking, M|
|poke|p2|Samurott-Hisui, F|
|poke|p2|Darkrai|
|poke|p2|Gholdengo|
|poke|p2|Landorus-Therian, M|
|poke|p2|Iron Valiant|
|poke|p2|Raging Bolt|
|teampreview
|c|☆TPP|glhf
|c|☆Duckycrater|Glhf
|inactive|Duckycrater has 270 seconds left.
|
|t:|1779646547
|teamsize|p1|6
|teamsize|p2|6
|start
|switch|p1a: Gliscor|Gliscor, F|100/100
|switch|p2a: Samurott|Samurott-Hisui, F|100/100
|turn|1
|
|t:|1779646558
|move|p1a: Gliscor|Protect|p1a: Gliscor
|-singleturn|p1a: Gliscor|Protect
|move|p2a: Samurott|Knock Off|p1a: Gliscor
|-activate|p1a: Gliscor|move: Protect
|
|-status|p1a: Gliscor|tox|[from] item: Toxic Orb
|upkeep
|turn|2
|
|t:|1779646564
|switch|p1a: Zapdos|Zapdos|100/100
|move|p2a: Samurott|Razor Shell|p1a: Zapdos
|-damage|p1a: Zapdos|58/100
|
|upkeep
|turn|3
|
|t:|1779646578
|move|p2a: Samurott|Ceaseless Edge|p1a: Zapdos
|-damage|p1a: Zapdos|20/100
|-sidestart|p1: Duckycrater|Spikes
|move|p1a: Zapdos|Roost|p1a: Zapdos
|-heal|p1a: Zapdos|70/100
|-singleturn|p1a: Zapdos|move: Roost
|
|upkeep
|turn|4
|
|t:|1779646587
|switch|p2a: Landorus|Landorus-Therian, M|100/100
|-ability|p2a: Landorus|Intimidate|boost
|-unboost|p1a: Zapdos|atk|1
|move|p1a: Zapdos|Roost|p1a: Zapdos
|-heal|p1a: Zapdos|100/100
|-singleturn|p1a: Zapdos|move: Roost
|
|upkeep
|turn|5
|
|t:|1779646607
|switch|p2a: Gholdengo|Gholdengo|100/100
|move|p1a: Zapdos|Hurricane|p2a: Gholdengo
|-resisted|p2a: Gholdengo
|-damage|p2a: Gholdengo|72/100
|
|upkeep
|turn|6
|
|t:|1779646616
|switch|p1a: Gliscor|Gliscor, F|100/100 tox
|move|p2a: Gholdengo|Shadow Ball|p1a: Gliscor
|-damage|p1a: Gliscor|43/100 tox
|
|-heal|p1a: Gliscor|55/100 tox|[from] ability: Poison Heal
|upkeep
|turn|7
|
|t:|1779646633
|switch|p2a: Samurott|Samurott-Hisui, F|100/100
|switch|p1a: Cinderace|Cinderace, M|100/100
|
|upkeep
|turn|8
|
|t:|1779646643
|move|p1a: Cinderace|U-turn|p2a: Samurott
|-supereffective|p2a: Samurott
|-damage|p2a: Samurott|50/100
|
|t:|1779646645
|switch|p1a: Zapdos|Zapdos|100/100|[from] U-turn
|move|p2a: Samurott|Razor Shell|p1a: Zapdos
|-damage|p1a: Zapdos|61/100
|
|upkeep
|turn|9
|
|t:|1779646652
|switch|p2a: Gholdengo|Gholdengo|72/100
|move|p1a: Zapdos|Roost|p1a: Zapdos
|-heal|p1a: Zapdos|100/100
|-singleturn|p1a: Zapdos|move: Roost
|
|upkeep
|turn|10
|inactive|Duckycrater disconnected and has 300 seconds to reconnect!
|player|p1|
|inactive|Duckycrater has 270 seconds to reconnect!
|inactive|Duckycrater reconnected and has 280 seconds left.
|player|p1|Duckycrater|265|
|inactive|Duckycrater has 270 seconds left.
|
|t:|1779646736
|switch|p1a: Cinderace|Cinderace, M|100/100
|move|p2a: Gholdengo|Shadow Ball|p1a: Cinderace
|-damage|p1a: Cinderace|21/100
|-unboost|p1a: Cinderace|spd|1
|
|upkeep
|turn|11
|
|t:|1779646755
|switch|p2a: Samurott|Samurott-Hisui, F|50/100
|move|p1a: Cinderace|Court Change|p1a: Cinderace
|-swapsideconditions
|-activate|p1a: Cinderace|move: Court Change
|
|upkeep
|turn|12
|
|t:|1779646760
|switch|p1a: Zapdos|Zapdos|100/100
|move|p2a: Samurott|Sucker Punch||[still]
|-fail|p2a: Samurott
|
|upkeep
|turn|13
|inactive|Duckycrater has 270 seconds left.
|inactive|TPP has 270 seconds left.
|
|t:|1779646799
|move|p2a: Samurott|Ceaseless Edge|p1a: Zapdos
|-damage|p1a: Zapdos|63/100
|-sidestart|p1: Duckycrater|Spikes
|move|p1a: Zapdos|Volt Switch|p2a: Samurott
|-supereffective|p2a: Samurott
|-damage|p2a: Samurott|0 fnt
|faint|p2a: Samurott
|inactive|Duckycrater has 270 seconds left.
|
|t:|1779646817
|switch|p1a: Cinderace|Cinderace, M|21/100|[from] Volt Switch
|
|upkeep
|inactive|TPP has 270 seconds left.
|
|t:|1779646833
|switch|p2a: Darkrai|Darkrai|100/100
|-damage|p2a: Darkrai|88/100|[from] Spikes
|turn|14
|inactive|Duckycrater has 270 seconds left.
|inactive|Duckycrater disconnected and has 260 seconds to reconnect!
|player|p1|
|inactive|Duckycrater has 240 seconds to reconnect!
|inactive|Duckycrater reconnected and has 255 seconds left.
|player|p1|Duckycrater|265|
|
|t:|1779646908
|switch|p1a: Zamazenta|Zamazenta|100/100
|-damage|p1a: Zamazenta|88/100|[from] Spikes
|-ability|p1a: Zamazenta|Dauntless Shield|boost
|-boost|p1a: Zamazenta|def|1
|move|p2a: Darkrai|Dark Pulse|p1a: Zamazenta
|-resisted|p1a: Zamazenta
|-damage|p1a: Zamazenta|68/100
|
|upkeep
|turn|15
|inactive|TPP has 270 seconds left.
|inactive|Duckycrater has 240 seconds left.
|inactive|TPP has 240 seconds left.
|
|t:|1779646960
|switch|p1a: Gliscor|Gliscor, F|55/100 tox
|move|p2a: Darkrai|Psychic|p1a: Gliscor
|-damage|p1a: Gliscor|28/100 tox
|
|-heal|p1a: Gliscor|41/100 tox|[from] ability: Poison Heal
|upkeep
|turn|16
|
|t:|1779646972
|move|p1a: Gliscor|Protect|p1a: Gliscor
|-singleturn|p1a: Gliscor|Protect
|move|p2a: Darkrai|Nasty Plot|p2a: Darkrai
|-boost|p2a: Darkrai|spa|2
|
|-heal|p1a: Gliscor|53/100 tox|[from] ability: Poison Heal
|upkeep
|turn|17
|
|t:|1779646985
|switch|p1a: Zapdos|Zapdos|63/100
|move|p2a: Darkrai|Dark Pulse|p1a: Zapdos
|-crit|p1a: Zapdos
|-damage|p1a: Zapdos|0 fnt
|faint|p1a: Zapdos
|
|upkeep
|
|t:|1779646987
|switch|p1a: Zamazenta|Zamazenta|68/100
|-damage|p1a: Zamazenta|56/100|[from] Spikes
|turn|18
|
|t:|1779646994
|move|p1a: Zamazenta|Close Combat|p2a: Darkrai
|-supereffective|p2a: Darkrai
|-enditem|p2a: Darkrai|Chople Berry|[eat]
|-enditem|p2a: Darkrai|Chople Berry|[weaken]
|-damage|p2a: Darkrai|0 fnt
|-unboost|p1a: Zamazenta|def|1
|-unboost|p1a: Zamazenta|spd|1
|faint|p2a: Darkrai
|
|upkeep
|
|t:|1779647002
|switch|p2a: Gholdengo|Gholdengo|72/100
|-damage|p2a: Gholdengo|60/100|[from] Spikes
|turn|19
|
|t:|1779647007
|switch|p1a: Gliscor|Gliscor, F|53/100 tox
|move|p2a: Gholdengo|Shadow Ball|p1a: Gliscor
|-damage|p1a: Gliscor|0 fnt
|faint|p1a: Gliscor
|
|upkeep
|
|t:|1779647009
|switch|p1a: Cinderace|Cinderace, M|21/100
|turn|20
|inactive|TPP has 270 seconds left.
|inactive|TPP has 240 seconds left.
|
|t:|1779647068
|switch|p2a: Landorus|Landorus-Therian, M|100/100
|-ability|p2a: Landorus|Intimidate|boost
|-unboost|p1a: Cinderace|atk|1
|move|p1a: Cinderace|Pyro Ball|p2a: Landorus
|-damage|p2a: Landorus|56/100
|
|upkeep
|turn|21
|inactive|Duckycrater has 270 seconds left.
|inactive|Duckycrater disconnected and has 220 seconds to reconnect!
|player|p1|
|inactive|Duckycrater has 210 seconds to reconnect!
|inactive|Duckycrater has 180 seconds to reconnect!
|inactive|Duckycrater has 150 seconds to reconnect!
|inactive|Duckycrater reconnected and has 260 seconds left.
|player|p1|Duckycrater|265|
|
|t:|1779647179
|move|p1a: Cinderace|Pyro Ball|p2a: Landorus
|-crit|p2a: Landorus
|-damage|p2a: Landorus|0 fnt
|faint|p2a: Landorus
|
|upkeep
|c|☆Duckycrater|Mb
|inactive|TPP has 210 seconds left.
|
|t:|1779647195
|switch|p2a: Iron Valiant|Iron Valiant|100/100
|-damage|p2a: Iron Valiant|88/100|[from] Spikes
|-enditem|p2a: Iron Valiant|Booster Energy
|-activate|p2a: Iron Valiant|ability: Quark Drive|[fromitem]
|-start|p2a: Iron Valiant|quarkdrivespe
|turn|22
|inactive|TPP has 210 seconds left.
|
|t:|1779647212
|move|p2a: Iron Valiant|Knock Off|p1a: Cinderace
|-damage|p1a: Cinderace|0 fnt
|-enditem|p1a: Cinderace|Heavy-Duty Boots|[from] move: Knock Off|[of] p2a: Iron Valiant
|faint|p1a: Cinderace
|
|upkeep
|
|t:|1779647216
|switch|p1a: Slowking|Slowking, M|100/100
|turn|23
|
|t:|1779647225
|-end|p2a: Iron Valiant|Quark Drive|[silent]
|switch|p2a: Gholdengo|Gholdengo|60/100
|-damage|p2a: Gholdengo|47/100|[from] Spikes
|move|p1a: Slowking|Thunder Wave|p2a: Gholdengo
|-immune|p2a: Gholdengo|[from] ability: Good as Gold
|
|upkeep
|turn|24
|
|t:|1779647237
|move|p2a: Gholdengo|Shadow Ball|p1a: Slowking
|-supereffective|p1a: Slowking
|-damage|p1a: Slowking|27/100
|move|p1a: Slowking|Future Sight|p2a: Gholdengo
|-start|p1a: Slowking|move: Future Sight
|
|upkeep
|turn|25
|inactive|Duckycrater has 270 seconds left.
|
|t:|1779647250
|move|p2a: Gholdengo|Shadow Ball|p1a: Slowking
|-supereffective|p1a: Slowking
|-damage|p1a: Slowking|0 fnt
|faint|p1a: Slowking
|
|upkeep
|
|t:|1779647257
|switch|p1a: Zamazenta|Zamazenta|56/100
|-damage|p1a: Zamazenta|43/100|[from] Spikes
|turn|26
|
|t:|1779647265
|move|p1a: Zamazenta|Crunch|p2a: Gholdengo
|-supereffective|p2a: Gholdengo
|-damage|p2a: Gholdengo|0 fnt
|faint|p2a: Gholdengo
|
|-hint|Future Sight did not hit because the target is fainted.
|upkeep
|
|t:|1779647282
|switch|p2a: Iron Valiant|Iron Valiant|88/100
|-damage|p2a: Iron Valiant|76/100|[from] Spikes
|turn|27
|
|t:|1779647285
|move|p1a: Zamazenta|Crunch|p2a: Iron Valiant
|-resisted|p2a: Iron Valiant
|-damage|p2a: Iron Valiant|63/100
|move|p2a: Iron Valiant|Swords Dance|p2a: Iron Valiant
|-boost|p2a: Iron Valiant|atk|2
|
|upkeep
|turn|28
|inactive|TPP has 240 seconds left.
|
|t:|1779647302
|move|p1a: Zamazenta|Crunch|p2a: Iron Valiant
|-resisted|p2a: Iron Valiant
|-damage|p2a: Iron Valiant|51/100
|move|p2a: Iron Valiant|Close Combat|p1a: Zamazenta
|-damage|p1a: Zamazenta|0 fnt
|-unboost|p2a: Iron Valiant|def|1
|-unboost|p2a: Iron Valiant|spd|1
|faint|p1a: Zamazenta
|
|upkeep
|
|t:|1779647314
|switch|p1a: Great Tusk|Great Tusk|100/100
|-damage|p1a: Great Tusk|88/100|[from] Spikes
|-enditem|p1a: Great Tusk|Booster Energy
|-activate|p1a: Great Tusk|ability: Protosynthesis|[fromitem]
|-start|p1a: Great Tusk|protosynthesisspe
|turn|29
|inactive|TPP has 240 seconds left.
|
|t:|1779647331
|move|p1a: Great Tusk|Headlong Rush|p2a: Iron Valiant
|-damage|p2a: Iron Valiant|0 fnt
|-unboost|p1a: Great Tusk|def|1
|-unboost|p1a: Great Tusk|spd|1
|faint|p2a: Iron Valiant
|-end|p2a: Iron Valiant|Quark Drive|[silent]
|
|upkeep
|
|t:|1779647333
|switch|p2a: Raging Bolt|Raging Bolt|100/100
|-damage|p2a: Raging Bolt|88/100|[from] Spikes
|-enditem|p2a: Raging Bolt|Booster Energy
|-activate|p2a: Raging Bolt|ability: Protosynthesis|[fromitem]
|-start|p2a: Raging Bolt|protosynthesisspa
|turn|30
|
|t:|1779647342
|-terastallize|p2a: Raging Bolt|Bug
|move|p1a: Great Tusk|Headlong Rush|p2a: Raging Bolt
|-resisted|p2a: Raging Bolt
|-damage|p2a: Raging Bolt|64/100
|-unboost|p1a: Great Tusk|def|1
|-unboost|p1a: Great Tusk|spd|1
|move|p2a: Raging Bolt|Dragon Pulse|p1a: Great Tusk
|-damage|p1a: Great Tusk|0 fnt
|faint|p1a: Great Tusk
|-end|p1a: Great Tusk|Protosynthesis|[silent]
|
|win|TPP
