|j|☆Baptou26
|j|☆Ferits
|t:|1779658553
|gametype|singles
|player|p1|Baptou26|101|1092
|player|p2|Ferits|169|1074
|gen|9
|tier|[Gen 9] OU
|rated|
|rule|HP Percentage Mod: HP is shown in percentages
|rule|Endless Battle Clause: Forcing endless battles is banned
|rule|Species Clause: Limit one of each Pokémon
|rule|OHKO Clause: OHKO moves are banned
|rule|Evasion Items Clause: Evasion items are banned
|rule|Evasion Moves Clause: Evasion moves are banned
|rule|Evasion Abilities Clause: Evasion abilities are banned
|rule|Sleep Moves Clause: Sleep-inducing moves are banned
|clearpoke
|poke|p1|Gliscor, M|
|poke|p1|Iron Valiant|
|poke|p1|Ceruledge, F|
|poke|p1|Meowscarada, F|
|poke|p1|Primarina, M|
|poke|p1|Basculin-Blue-Striped, F|
|poke|p2|Sylveon, F|
|poke|p2|Gible, F|
|poke|p2|Gardevoir, M|
|poke|p2|Slither Wing|
|poke|p2|Hatterene, F|
|poke|p2|Ceruledge, M|
|teampreview
|
|t:|1779658565
|teamsize|p1|6
|teamsize|p2|6
|start
|switch|p1a: Angy Candle|Ceruledge, F|100/100
|switch|p2a: Estrogen|Sylveon, F|100/100
|turn|1
|
|t:|1779658574
|move|p1a: Angy Candle|Poltergeist|p2a: Estrogen
|-activate|p2a: Estrogen|move: Poltergeist|Leftovers
|-damage|p2a: Estrogen|34/100
|move|p2a: Estrogen|Shadow Ball|p1a: Angy Candle
|-supereffective|p1a: Angy Candle
|-damage|p1a: Angy Candle|61/100
|-unboost|p1a: Angy Candle|spd|1
|
|-heal|p2a: Estrogen|40/100|[from] item: Leftovers
|upkeep
|turn|2
|
|t:|1779658590
|move|p1a: Angy Candle|Bitter Blade|p2a: Estrogen
|-damage|p2a: Estrogen|0 fnt
|-heal|p1a: Angy Candle|88/100|[from] drain|[of] p2a: Estrogen
|faint|p2a: Estrogen
|
|upkeep
|
|t:|1779658597
|switch|p2a: Gender envy|Ceruledge, M|100/100
|turn|3
|
|t:|1779658602
|switch|p1a: Fih|Basculin-Blue-Striped, F|100/100
|-ability|p1a: Fih|Mold Breaker
|move|p2a: Gender envy|Swords Dance|p2a: Gender envy
|-boost|p2a: Gender envy|atk|2
|
|upkeep
|turn|4
|
|t:|1779658614
|move|p1a: Fih|Aqua Jet|p2a: Gender envy
|-supereffective|p2a: Gender envy
|-damage|p2a: Gender envy|51/100
|-ability|p2a: Gender envy|Weak Armor|boost
|-unboost|p2a: Gender envy|def|1
|-boost|p2a: Gender envy|spe|2
|move|p2a: Gender envy|Close Combat|p1a: Fih
|-damage|p1a: Fih|0 fnt
|-unboost|p2a: Gender envy|def|1
|-unboost|p2a: Gender envy|spd|1
|faint|p1a: Fih
|
|upkeep
|
|t:|1779658627
|switch|p1a: Angy Candle|Ceruledge, F|88/100
|turn|5
|
|t:|1779658640
|move|p1a: Angy Candle|Shadow Sneak|p2a: Gender envy
|-supereffective|p2a: Gender envy
|-damage|p2a: Gender envy|0 fnt
|faint|p2a: Gender envy
|
|upkeep
|
|t:|1779658647
|switch|p2a: Femboy|Gardevoir, M, shiny|100/100
|turn|6
|-activate|p2a: Femboy|item: Quick Claw
|
|t:|1779658654
|move|p2a: Femboy|Destiny Bond|p2a: Femboy
|-singlemove|p2a: Femboy|Destiny Bond
|move|p1a: Angy Candle|Poltergeist|p2a: Femboy
|-activate|p2a: Femboy|move: Poltergeist|Quick Claw
|-supereffective|p2a: Femboy
|-crit|p2a: Femboy
|-damage|p2a: Femboy|0 fnt
|faint|p2a: Femboy
|-activate|p2a: Femboy|move: Destiny Bond
|faint|p1a: Angy Candle
|
|upkeep
|
|t:|1779658669
|switch|p1a: Stay With Me|Iron Valiant|100/100
|switch|p2a: Fluffy|Slither Wing|100/100
|-enditem|p1a: Stay With Me|Booster Energy
|-activate|p1a: Stay With Me|ability: Quark Drive|[fromitem]
|-start|p1a: Stay With Me|quarkdrivespe
|-enditem|p2a: Fluffy|Booster Energy
|-activate|p2a: Fluffy|ability: Protosynthesis|[fromitem]
|-start|p2a: Fluffy|protosynthesisatk
|turn|7
|
|t:|1779658682
|move|p2a: Fluffy|First Impression|p1a: Stay With Me
|-resisted|p1a: Stay With Me
|-damage|p1a: Stay With Me|85/100
|move|p1a: Stay With Me|Destiny Bond|p1a: Stay With Me
|-singlemove|p1a: Stay With Me|Destiny Bond
|
|upkeep
|turn|8
|
|t:|1779658700
|-end|p2a: Fluffy|Protosynthesis|[silent]
|switch|p2a: Blåhaj|Gible, F|100/100
|move|p1a: Stay With Me|Psycho Cut|p2a: Blåhaj
|-damage|p2a: Blåhaj|49/100
|
|upkeep
|turn|9
|-activate|p2a: Blåhaj|item: Quick Claw
|
|t:|1779658711
|move|p2a: Blåhaj|Earthquake|p1a: Stay With Me
|-damage|p1a: Stay With Me|40/100
|move|p1a: Stay With Me|Spirit Break|p2a: Blåhaj
|-supereffective|p2a: Blåhaj
|-damage|p2a: Blåhaj|0 fnt
|-damage|p1a: Stay With Me|27/100|[from] ability: Rough Skin|[of] p2a: Blåhaj
|faint|p2a: Blåhaj
|
|upkeep
|
|t:|1779658722
|switch|p2a: Hatsune Miku|Hatterene, F|100/100
|turn|10
|
|t:|1779658734
|move|p1a: Stay With Me|Destiny Bond|p1a: Stay With Me
|-singlemove|p1a: Stay With Me|Destiny Bond
|move|p2a: Hatsune Miku|Giga Drain|p1a: Stay With Me
|-damage|p1a: Stay With Me|0 fnt
|faint|p1a: Stay With Me
|-activate|p1a: Stay With Me|move: Destiny Bond
|-end|p1a: Stay With Me|Quark Drive|[silent]
|faint|p2a: Hatsune Miku
|
|upkeep
|
|t:|1779658743
|switch|p1a: FAHHH|Gliscor, M|100/100
|switch|p2a: Fluffy|Slither Wing|100/100
|turn|11
|
|t:|1779658755
|move|p1a: FAHHH|Swords Dance|p1a: FAHHH
|-boost|p1a: FAHHH|atk|2
|move|p2a: Fluffy|Close Combat|p1a: FAHHH
|-resisted|p1a: FAHHH
|-damage|p1a: FAHHH|75/100
|-unboost|p2a: Fluffy|def|1
|-unboost|p2a: Fluffy|spd|1
|
|-status|p1a: FAHHH|tox|[from] item: Toxic Orb
|upkeep
|turn|12
|
|t:|1779658771
|-terastallize|p2a: Fluffy|Bug
|move|p1a: FAHHH|Facade|p2a: Fluffy
|-damage|p2a: Fluffy|0 fnt
|faint|p2a: Fluffy
|-end|p2a: Fluffy|Protosynthesis|[silent]
|
|win|Baptou26
|raw|Baptou26's rating: 1092 &rarr; <strong>1117</strong><br />(+25 for winning)
|raw|Ferits's rating: 1074 &rarr; <strong>1054</strong><br />(-20 for losing)
|l|☆Baptou26
|player|p1|
|l|☆Ferits
|player|p2|
