|j|☆Gabrielp26
|j|☆germanybro
|t:|1779710880
|gametype|singles
|player|p1|Gabrielp26|169|1079
|player|p2|germanybro|flannery|1120
|gen|9
|tier|[Gen 9] OU
|rated|
|rule|HP Percentage Mod: HP is shown in percentages
|rule|Endless Battle Clause: Forcing endless battles is banned
|rule|Species Clause: Limit one of each Pokémon
|rule|OHKO Clause: OHKO moves are banned
|rule|Evasion Items Clause: Evasion items are banned
|rule|Evasion Moves Clause: Evasion moves are banned
|rule|Evasion Abilities Clause: Evasion abilities are banned
|rule|Sleep Moves Clause: Sleep-inducing moves are banned
|clearpoke
|poke|p1|Victreebel, F|
|poke|p1|Tentacruel, M|
|poke|p1|Hawlucha, M|
|poke|p1|Chandelure, M|
|poke|p1|Excadrill, M|
|poke|p1|Hatterene, F|
|poke|p2|Moltres-Galar|
|poke|p2|Dragapult, M|
|poke|p2|Glimmora, M|
|poke|p2|Reuniclus, F|
|poke|p2|Corviknight, M|
|poke|p2|Garchomp, M|
|teampreview
|inactive|Battle timer is ON: inactive players will automatically lose when time's up. (requested by Gabrielp26)
|
|t:|1779710885
|teamsize|p1|6
|teamsize|p2|6
|start
|switch|p1a: Excadrill|Excadrill, M|100/100
|switch|p2a: Glimmora|Glimmora, M|100/100
|-ability|p1a: Excadrill|Mold Breaker
|turn|1
|
|t:|1779710897
|move|p1a: Excadrill|Earthquake|p2a: Glimmora
|-supereffective|p2a: Glimmora
|-enditem|p2a: Glimmora|Focus Sash
|-damage|p2a: Glimmora|1/100
|-activate|p2a: Glimmora|ability: Toxic Debris
|-sidestart|p1: Gabrielp26|move: Toxic Spikes
|move|p2a: Glimmora|Power Gem|p1a: Excadrill
|-resisted|p1a: Excadrill
|-damage|p1a: Excadrill|89/100
|
|-heal|p1a: Excadrill|95/100|[from] item: Leftovers
|upkeep
|turn|2
|
|t:|1779710909
|move|p2a: Glimmora|Spiky Shield|p2a: Glimmora
|-singleturn|p2a: Glimmora|move: Protect
|move|p1a: Excadrill|Rapid Spin|p2a: Glimmora
|-activate|p2a: Glimmora|move: Protect
|-damage|p1a: Excadrill|82/100|[from] Spiky Shield|[of] p2a: Glimmora
|
|-heal|p1a: Excadrill|88/100|[from] item: Leftovers
|upkeep
|turn|3
|
|t:|1779710918
|switch|p2a: Dragapult|Dragapult, M|100/100
|move|p1a: Excadrill|Rapid Spin|p2a: Dragapult
|-immune|p2a: Dragapult
|
|-heal|p1a: Excadrill|94/100|[from] item: Leftovers
|upkeep
|turn|4
|
|t:|1779710926
|move|p2a: Dragapult|Will-O-Wisp|p1a: Excadrill|[miss]
|-miss|p2a: Dragapult|p1a: Excadrill
|move|p1a: Excadrill|Stealth Rock|p2a: Dragapult
|-sidestart|p2: germanybro|move: Stealth Rock
|
|-heal|p1a: Excadrill|100/100|[from] item: Leftovers
|upkeep
|turn|5
|
|t:|1779710935
|move|p2a: Dragapult|Will-O-Wisp|p1a: Excadrill
|-status|p1a: Excadrill|brn
|move|p1a: Excadrill|Iron Head|p2a: Dragapult
|-damage|p2a: Dragapult|70/100
|
|-damage|p1a: Excadrill|94/100 brn|[from] brn
|upkeep
|turn|6
|
|t:|1779710943
|move|p2a: Dragapult|Hex|p1a: Excadrill
|-damage|p1a: Excadrill|31/100 brn
|move|p1a: Excadrill|Iron Head|p2a: Dragapult
|-damage|p2a: Dragapult|40/100
|
|-heal|p1a: Excadrill|37/100 brn|[from] item: Leftovers
|-damage|p1a: Excadrill|31/100 brn|[from] brn
|upkeep
|turn|7
|
|t:|1779710960
|move|p2a: Dragapult|Hex|p1a: Excadrill
|-damage|p1a: Excadrill|0 fnt
|faint|p1a: Excadrill
|
|upkeep
|
|t:|1779710965
|switch|p1a: Tentacruel|Tentacruel, M|100/100
|-sideend|p1: Gabrielp26|move: Toxic Spikes|[of] p1a: Tentacruel
|turn|8
|
|t:|1779710970
|move|p2a: Dragapult|Dragon Darts|p1a: Tentacruel
|-damage|p1a: Tentacruel|74/100
|-anim|p2a: Dragapult|Dragon Darts|p1a: Tentacruel
|-damage|p1a: Tentacruel|45/100
|move|p1a: Tentacruel|Knock Off|p2a: Dragapult
|-supereffective|p2a: Dragapult
|-damage|p2a: Dragapult|0 fnt
|-enditem|p2a: Dragapult|Heavy-Duty Boots|[from] move: Knock Off|[of] p1a: Tentacruel
|faint|p2a: Dragapult
|
|-heal|p1a: Tentacruel|51/100|[from] item: Black Sludge
|upkeep
|
|t:|1779710977
|switch|p2a: Reuniclus|Reuniclus, F|100/100
|turn|9
|
|t:|1779710983
|move|p1a: Tentacruel|Knock Off|p2a: Reuniclus
|-supereffective|p2a: Reuniclus
|-damage|p2a: Reuniclus|81/100
|-enditem|p2a: Reuniclus|Leftovers|[from] move: Knock Off|[of] p1a: Tentacruel
|move|p2a: Reuniclus|Calm Mind|p2a: Reuniclus
|-boost|p2a: Reuniclus|spa|1
|-boost|p2a: Reuniclus|spd|1
|
|-heal|p1a: Tentacruel|57/100|[from] item: Black Sludge
|upkeep
|turn|10
|
|t:|1779710993
|move|p1a: Tentacruel|Knock Off|p2a: Reuniclus
|-supereffective|p2a: Reuniclus
|-damage|p2a: Reuniclus|67/100
|move|p2a: Reuniclus|Calm Mind|p2a: Reuniclus
|-boost|p2a: Reuniclus|spa|1
|-boost|p2a: Reuniclus|spd|1
|
|-heal|p1a: Tentacruel|63/100|[from] item: Black Sludge
|upkeep
|turn|11
|
|t:|1779711001
|move|p1a: Tentacruel|Knock Off|p2a: Reuniclus
|-supereffective|p2a: Reuniclus
|-damage|p2a: Reuniclus|52/100
|move|p2a: Reuniclus|Calm Mind|p2a: Reuniclus
|-boost|p2a: Reuniclus|spa|1
|-boost|p2a: Reuniclus|spd|1
|
|-heal|p1a: Tentacruel|69/100|[from] item: Black Sludge
|upkeep
|turn|12
|
|t:|1779711010
|move|p1a: Tentacruel|Toxic Spikes|p2a: Reuniclus
|-sidestart|p2: germanybro|move: Toxic Spikes
|move|p2a: Reuniclus|Recover|p2a: Reuniclus
|-heal|p2a: Reuniclus|100/100
|
|-heal|p1a: Tentacruel|75/100|[from] item: Black Sludge
|upkeep
|turn|13
|
|t:|1779711017
|move|p1a: Tentacruel|Surf|p2a: Reuniclus
|-damage|p2a: Reuniclus|90/100
|move|p2a: Reuniclus|Calm Mind|p2a: Reuniclus
|-boost|p2a: Reuniclus|spa|1
|-boost|p2a: Reuniclus|spd|1
|
|-heal|p1a: Tentacruel|81/100|[from] item: Black Sludge
|upkeep
|turn|14
|
|t:|1779711024
|move|p1a: Tentacruel|Knock Off|p2a: Reuniclus
|-supereffective|p2a: Reuniclus
|-damage|p2a: Reuniclus|75/100
|move|p2a: Reuniclus|Stored Power|p1a: Tentacruel
|-supereffective|p1a: Tentacruel
|-damage|p1a: Tentacruel|0 fnt
|faint|p1a: Tentacruel
|
|upkeep
|
|t:|1779711035
|switch|p1a: Chandelure|Chandelure, M|100/100
|turn|15
|
|t:|1779711038
|move|p1a: Chandelure|Shadow Ball|p2a: Reuniclus
|-supereffective|p2a: Reuniclus
|-damage|p2a: Reuniclus|48/100
|move|p2a: Reuniclus|Stored Power|p1a: Chandelure
|-damage|p1a: Chandelure|0 fnt
|faint|p1a: Chandelure
|
|upkeep
|
|t:|1779711049
|switch|p1a: Victreebel|Victreebel, F|100/100
|turn|16
|
|t:|1779711054
|move|p1a: Victreebel|Sucker Punch|p2a: Reuniclus
|-supereffective|p2a: Reuniclus
|-damage|p2a: Reuniclus|19/100
|-damage|p1a: Victreebel|91/100|[from] item: Life Orb
|move|p2a: Reuniclus|Stored Power|p1a: Victreebel
|-supereffective|p1a: Victreebel
|-damage|p1a: Victreebel|0 fnt
|faint|p1a: Victreebel
|
|upkeep
|
|t:|1779711062
|switch|p1a: Hawlucha|Hawlucha, M|100/100
|turn|17
|
|t:|1779711069
|move|p1a: Hawlucha|Acrobatics|p2a: Reuniclus
|-damage|p2a: Reuniclus|2/100
|move|p2a: Reuniclus|Recover|p2a: Reuniclus
|-heal|p2a: Reuniclus|52/100
|
|upkeep
|turn|18
|
|t:|1779711079
|move|p1a: Hawlucha|Sky Attack||[still]
|-prepare|p1a: Hawlucha|Sky Attack
|-enditem|p1a: Hawlucha|Power Herb
|-anim|p1a: Hawlucha|Sky Attack|p2a: Reuniclus
|-crit|p2a: Reuniclus
|-damage|p2a: Reuniclus|0 fnt
|faint|p2a: Reuniclus
|
|upkeep
|
|t:|1779711085
|switch|p2a: Moltres|Moltres-Galar|100/100
|-damage|p2a: Moltres|76/100|[from] Stealth Rock
|turn|19
|
|t:|1779711093
|move|p1a: Hawlucha|Sky Attack||[still]
|-prepare|p1a: Hawlucha|Sky Attack
|move|p2a: Moltres|Air Slash|p1a: Hawlucha
|-supereffective|p1a: Hawlucha
|-damage|p1a: Hawlucha|0 fnt
|faint|p1a: Hawlucha
|
|upkeep
|
|t:|1779711099
|switch|p1a: Hatterene|Hatterene, F|100/100
|turn|20
|
|t:|1779711103
|move|p2a: Moltres|Agility|p2a: Moltres
|-boost|p2a: Moltres|spe|2
|move|p1a: Hatterene|Draining Kiss|p2a: Moltres
|-supereffective|p2a: Moltres
|-damage|p2a: Moltres|32/100
|-enditem|p2a: Moltres|Weakness Policy
|-boost|p2a: Moltres|atk|2|[from] item: Weakness Policy
|-boost|p2a: Moltres|spa|2|[from] item: Weakness Policy
|-ability|p2a: Moltres|Berserk|boost
|-boost|p2a: Moltres|spa|1
|
|upkeep
|turn|21
|
|t:|1779711113
|move|p2a: Moltres|Fiery Wrath|p1a: Hatterene
|-damage|p1a: Hatterene|0 fnt
|faint|p1a: Hatterene
|
|win|germanybro
|raw|Gabrielp26's rating: 1079 &rarr; <strong>1060</strong><br />(-19 for losing)
|raw|germanybro's rating: 1120 &rarr; <strong>1142</strong><br />(+22 for winning)
|l|☆Gabrielp26
|player|p1|
|l|☆germanybro
|player|p2|
