|j|☆anisstad
|j|☆Liiiy
|t:|1779648113
|gametype|singles
|player|p1|anisstad|170|1490
|player|p2|Liiiy|170|1418
|gen|9
|tier|[Gen 9] OU
|rated|
|rule|HP Percentage Mod: HP is shown in percentages
|rule|Endless Battle Clause: Forcing endless battles is banned
|rule|Species Clause: Limit one of each Pokémon
|rule|OHKO Clause: OHKO moves are banned
|rule|Evasion Items Clause: Evasion items are banned
|rule|Evasion Moves Clause: Evasion moves are banned
|rule|Evasion Abilities Clause: Evasion abilities are banned
|rule|Sleep Moves Clause: Sleep-inducing moves are banned
|clearpoke
|poke|p1|Pelipper, M|
|poke|p1|Barraskewda, M|
|poke|p1|Zapdos|
|poke|p1|Goodra-Hisui, M|
|poke|p1|Poliwrath, M|
|poke|p1|Golduck, M|
|poke|p2|Politoed, F|
|poke|p2|Poliwrath, F|
|poke|p2|Iron Crown|
|poke|p2|Regieleki|
|poke|p2|Ogerpon-Wellspring, F|
|poke|p2|Tornadus-Therian, M|
|teampreview
|
|t:|1779648127
|teamsize|p1|6
|teamsize|p2|6
|start
|switch|p1a: Pelipper|Pelipper, M|100/100
|switch|p2a: Fuji Kileki|Regieleki|100/100
|-weather|RainDance|[from] ability: Drizzle|[of] p1a: Pelipper
|turn|1
|
|t:|1779648133
|switch|p1a: Goodra|Goodra-Hisui, M|100/100
|move|p2a: Fuji Kileki|Volt Switch|p1a: Goodra
|-resisted|p1a: Goodra
|-damage|p1a: Goodra|91/100
|
|t:|1779648139
|switch|p2a: Mejiro Wrathmonu|Poliwrath, F|100/100|[from] Volt Switch
|
|-weather|RainDance|[upkeep]
|upkeep
|turn|2
|
|t:|1779648151
|move|p2a: Mejiro Wrathmonu|Substitute|p2a: Mejiro Wrathmonu
|-start|p2a: Mejiro Wrathmonu|Substitute
|-damage|p2a: Mejiro Wrathmonu|76/100
|move|p1a: Goodra|Thunder|p2a: Mejiro Wrathmonu
|-supereffective|p2a: Mejiro Wrathmonu
|-end|p2a: Mejiro Wrathmonu|Substitute
|
|-weather|RainDance|[upkeep]
|upkeep
|turn|3
|
|t:|1779648158
|move|p2a: Mejiro Wrathmonu|Drain Punch|p1a: Goodra
|-supereffective|p1a: Goodra
|-damage|p1a: Goodra|23/100
|-heal|p2a: Mejiro Wrathmonu|100/100|[from] drain|[of] p1a: Goodra
|-ability|p1a: Goodra|Gooey
|-unboost|p2a: Mejiro Wrathmonu|spe|1
|move|p1a: Goodra|Thunder|p2a: Mejiro Wrathmonu
|-supereffective|p2a: Mejiro Wrathmonu
|-damage|p2a: Mejiro Wrathmonu|15/100
|-enditem|p2a: Mejiro Wrathmonu|Salac Berry|[eat]
|-boost|p2a: Mejiro Wrathmonu|spe|1|[from] item: Salac Berry
|
|-weather|RainDance|[upkeep]
|upkeep
|turn|4
|
|t:|1779648173
|move|p2a: Mejiro Wrathmonu|Liquidation|p1a: Goodra
|-resisted|p1a: Goodra
|-damage|p1a: Goodra|0 fnt
|-ability|p1a: Goodra|Gooey
|-unboost|p2a: Mejiro Wrathmonu|spe|1
|faint|p1a: Goodra
|
|-weather|RainDance|[upkeep]
|upkeep
|
|t:|1779648182
|switch|p1a: Zapdos|Zapdos|100/100
|turn|5
|
|t:|1779648190
|move|p2a: Mejiro Wrathmonu|Liquidation|p1a: Zapdos
|-damage|p1a: Zapdos|58/100
|move|p1a: Zapdos|Volt Switch|p2a: Mejiro Wrathmonu
|-supereffective|p2a: Mejiro Wrathmonu
|-damage|p2a: Mejiro Wrathmonu|0 fnt
|faint|p2a: Mejiro Wrathmonu
|
|t:|1779648198
|switch|p1a: Barraskewda|Barraskewda, M|100/100|[from] Volt Switch
|
|-weather|RainDance|[upkeep]
|upkeep
|
|t:|1779648201
|switch|p2a: Mejiro Doberpon|Ogerpon-Wellspring, F|100/100
|turn|6
|
|t:|1779648204
|switch|p2a: Torena|Tornadus-Therian, M|100/100
|move|p1a: Barraskewda|Poison Jab|p2a: Torena
|-damage|p2a: Torena|45/100
|-damage|p1a: Barraskewda|91/100|[from] item: Life Orb
|
|-weather|RainDance|[upkeep]
|upkeep
|turn|7
|
|t:|1779648219
|switch|p2a: Meisho Dotoed|Politoed, F|100/100
|move|p1a: Barraskewda|Liquidation|p2a: Meisho Dotoed
|-resisted|p2a: Meisho Dotoed
|-damage|p2a: Meisho Dotoed|54/100
|-damage|p1a: Barraskewda|81/100|[from] item: Life Orb
|
|-weather|RainDance|[upkeep]
|upkeep
|turn|8
|
|t:|1779648230
|move|p1a: Barraskewda|Liquidation|p2a: Meisho Dotoed
|-resisted|p2a: Meisho Dotoed
|-damage|p2a: Meisho Dotoed|9/100
|-damage|p1a: Barraskewda|71/100|[from] item: Life Orb
|move|p2a: Meisho Dotoed|Surf|p1a: Barraskewda
|-resisted|p1a: Barraskewda
|-damage|p1a: Barraskewda|25/100
|
|-weather|none
|upkeep
|turn|9
|
|t:|1779648237
|move|p1a: Barraskewda|Poison Jab|p2a: Meisho Dotoed
|-damage|p2a: Meisho Dotoed|0 fnt
|faint|p2a: Meisho Dotoed
|-damage|p1a: Barraskewda|15/100|[from] item: Life Orb
|
|upkeep
|
|t:|1779648240
|switch|p2a: Fuji Kileki|Regieleki|100/100
|turn|10
|
|t:|1779648248
|switch|p1a: Pelipper|Pelipper, M|100/100
|-weather|RainDance|[from] ability: Drizzle|[of] p1a: Pelipper
|move|p2a: Fuji Kileki|Rapid Spin|p1a: Pelipper
|-damage|p1a: Pelipper|90/100
|-boost|p2a: Fuji Kileki|spe|1
|
|-weather|RainDance|[upkeep]
|upkeep
|turn|11
|
|t:|1779648263
|switch|p1a: Zapdos|Zapdos|58/100
|move|p2a: Fuji Kileki|Thunder|p1a: Zapdos
|-damage|p1a: Zapdos|0 fnt
|faint|p1a: Zapdos
|
|-weather|RainDance|[upkeep]
|upkeep
|
|t:|1779648278
|switch|p1a: Barraskewda|Barraskewda, M|15/100
|turn|12
|
|t:|1779648295
|move|p2a: Fuji Kileki|Volt Switch|p1a: Barraskewda
|-supereffective|p1a: Barraskewda
|-damage|p1a: Barraskewda|0 fnt
|faint|p1a: Barraskewda
|
|t:|1779648298
|switch|p2a: Torena|Tornadus-Therian, M|78/100|[from] Volt Switch
|
|-weather|RainDance|[upkeep]
|upkeep
|
|t:|1779648303
|switch|p1a: Golduck|Golduck, M|100/100
|turn|13
|
|t:|1779648307
|move|p1a: Golduck|Nasty Plot|p1a: Golduck
|-boost|p1a: Golduck|spa|2
|move|p2a: Torena|Hurricane|p1a: Golduck
|-damage|p1a: Golduck|26/100
|
|-weather|RainDance|[upkeep]
|upkeep
|turn|14
|
|t:|1779648318
|switch|p2a: Mejiro Doberpon|Ogerpon-Wellspring, F|100/100
|move|p1a: Golduck|Ice Beam|p2a: Mejiro Doberpon
|-damage|p2a: Mejiro Doberpon|21/100
|-damage|p1a: Golduck|16/100|[from] item: Life Orb
|
|-weather|RainDance|[upkeep]
|upkeep
|turn|15
|
|t:|1779648327
|move|p1a: Golduck|Ice Beam|p2a: Mejiro Doberpon
|-damage|p2a: Mejiro Doberpon|0 fnt
|faint|p2a: Mejiro Doberpon
|-damage|p1a: Golduck|6/100|[from] item: Life Orb
|
|-weather|RainDance|[upkeep]
|upkeep
|
|t:|1779648335
|switch|p2a: Agnes Tachyon|Iron Crown|100/100
|turn|16
|
|t:|1779648338
|-end|p2a: Agnes Tachyon|Quark Drive|[silent]
|switch|p2a: Torena|Tornadus-Therian, M|100/100
|move|p1a: Golduck|Surf|p2a: Torena
|-damage|p2a: Torena|0 fnt
|faint|p2a: Torena
|-damage|p1a: Golduck|0 fnt|[from] item: Life Orb
|faint|p1a: Golduck
|
|-weather|RainDance|[upkeep]
|upkeep
|
|t:|1779648356
|switch|p2a: Fuji Kileki|Regieleki|100/100
|switch|p1a: Poliwrath|Poliwrath, M|100/100
|turn|17
|
|t:|1779648361
|-terastallize|p1a: Poliwrath|Grass
|move|p2a: Fuji Kileki|Volt Switch|p1a: Poliwrath
|-resisted|p1a: Poliwrath
|-damage|p1a: Poliwrath|79/100
|
|t:|1779648365
|switch|p2a: Agnes Tachyon|Iron Crown|100/100|[from] Volt Switch
|move|p1a: Poliwrath|Liquidation|p2a: Agnes Tachyon
|-damage|p2a: Agnes Tachyon|35/100
|
|-weather|none
|upkeep
|turn|18
|
|t:|1779648380
|switch|p1a: Pelipper|Pelipper, M|90/100
|-weather|RainDance|[from] ability: Drizzle|[of] p1a: Pelipper
|move|p2a: Agnes Tachyon|Volt Switch|p1a: Pelipper
|-supereffective|p1a: Pelipper
|-damage|p1a: Pelipper|0 fnt
|faint|p1a: Pelipper
|
|t:|1779648382
|-end|p2a: Agnes Tachyon|Quark Drive|[silent]
|switch|p2a: Fuji Kileki|Regieleki|100/100|[from] Volt Switch
|
|-weather|RainDance|[upkeep]
|upkeep
|
|t:|1779648390
|switch|p1a: Poliwrath|Poliwrath, M, tera:Grass|79/100
|turn|19
|
|t:|1779648393
|-terastallize|p2a: Fuji Kileki|Electric
|move|p2a: Fuji Kileki|Volt Switch|p1a: Poliwrath
|-resisted|p1a: Poliwrath
|-damage|p1a: Poliwrath|47/100
|-enditem|p1a: Poliwrath|Sitrus Berry|[eat]
|-heal|p1a: Poliwrath|72/100|[from] item: Sitrus Berry
|
|t:|1779648398
|switch|p2a: Agnes Tachyon|Iron Crown|35/100|[from] Volt Switch
|move|p1a: Poliwrath|Liquidation|p2a: Agnes Tachyon
|-damage|p2a: Agnes Tachyon|0 fnt
|faint|p2a: Agnes Tachyon
|-end|p2a: Agnes Tachyon|Quark Drive|[silent]
|
|-weather|RainDance|[upkeep]
|upkeep
|
|t:|1779648400
|switch|p2a: Fuji Kileki|Regieleki, tera:Electric|100/100
|turn|20
|
|t:|1779648408
|move|p2a: Fuji Kileki|Thunder|p1a: Poliwrath
|-resisted|p1a: Poliwrath
|-damage|p1a: Poliwrath|20/100
|-status|p1a: Poliwrath|par
|move|p1a: Poliwrath|Liquidation|p2a: Fuji Kileki
|-damage|p2a: Fuji Kileki|0 fnt
|faint|p2a: Fuji Kileki
|
|win|anisstad
|raw|anisstad's rating: 1490 &rarr; <strong>1506</strong><br />(+16 for winning)
|raw|Liiiy's rating: 1418 &rarr; <strong>1402</strong><br />(-16 for losing)
|l|☆anisstad
|player|p1|
|l|☆Liiiy
|player|p2|
