|j|☆waterdrinker48
|j|☆Linkinfernodouglas
|t:|1779562681
|gametype|singles
|player|p1|waterdrinker48|miku-ghost|1188
|player|p2|Linkinfernodouglas|266|1175
|gen|9
|tier|[Gen 9] OU
|rated|
|rule|HP Percentage Mod: HP is shown in percentages
|rule|Endless Battle Clause: Forcing endless battles is banned
|rule|Species Clause: Limit one of each Pokémon
|rule|OHKO Clause: OHKO moves are banned
|rule|Evasion Items Clause: Evasion items are banned
|rule|Evasion Moves Clause: Evasion moves are banned
|rule|Evasion Abilities Clause: Evasion abilities are banned
|rule|Sleep Moves Clause: Sleep-inducing moves are banned
|clearpoke
|poke|p1|Magnezone|
|poke|p1|Alomomola, M|
|poke|p1|Slowking-Galar, F|
|poke|p1|Cinderace, F|
|poke|p1|Landorus-Therian, M|
|poke|p1|Primarina, F|
|poke|p2|Dragonite, F|
|poke|p2|Cinderace, M|
|poke|p2|Glimmora, M|
|poke|p2|Deoxys-Speed|
|poke|p2|Ceruledge, F|
|poke|p2|Kingambit, F|
|teampreview
|inactive|Battle timer is ON: inactive players will automatically lose when time's up. (requested by waterdrinker48)
|
|t:|1779562686
|teamsize|p1|6
|teamsize|p2|6
|start
|switch|p1a: Slowking|Slowking-Galar, F|100/100
|switch|p2a: Glimmora|Glimmora, M|100/100
|turn|1
|
|t:|1779562696
|move|p2a: Glimmora|Toxic|p1a: Slowking
|-status|p1a: Slowking|tox
|move|p1a: Slowking|Future Sight|p2a: Glimmora
|-start|p1a: Slowking|move: Future Sight
|
|-damage|p1a: Slowking|94/100 tox|[from] psn
|upkeep
|turn|2
|inactive|Linkinfernodouglas has 120 seconds left.
|
|t:|1779562732
|switch|p2a: Kingambit|Kingambit, F|100/100
|-ability|p2a: Kingambit|Pressure
|-prepare|p1a: Slowking|Chilly Reception|[premajor]
|move|p1a: Slowking|Chilly Reception|p1a: Slowking
|-weather|Snowscape
|
|t:|1779562739
|switch|p1a: Landorus|Landorus-Therian, M|100/100|[from] Chilly Reception
|-ability|p1a: Landorus|Intimidate|boost
|-unboost|p2a: Kingambit|atk|1
|
|-weather|Snowscape|[upkeep]
|upkeep
|turn|3
|inactive|Linkinfernodouglas has 120 seconds left.
|
|t:|1779562767
|switch|p2a: Dragonite|Dragonite, F|100/100
|move|p1a: Landorus|Earthquake|p2a: Dragonite
|-immune|p2a: Dragonite
|
|-weather|Snowscape|[upkeep]
|-end|p2a: Dragonite|move: Future Sight
|-damage|p2a: Dragonite|82/100
|upkeep
|turn|4
|
|t:|1779562781
|switch|p1a: Primarina|Primarina, F|100/100
|move|p2a: Dragonite|Ice Beam|p1a: Primarina
|-resisted|p1a: Primarina
|-damage|p1a: Primarina|95/100
|
|-weather|Snowscape|[upkeep]
|upkeep
|turn|5
|inactive|Linkinfernodouglas has 90 seconds left.
|
|t:|1779562809
|move|p2a: Dragonite|Roost|p2a: Dragonite
|-heal|p2a: Dragonite|100/100
|-singleturn|p2a: Dragonite|move: Roost
|move|p1a: Primarina|Moonblast|p2a: Dragonite
|-supereffective|p2a: Dragonite
|-damage|p2a: Dragonite|50/100
|
|-weather|Snowscape|[upkeep]
|upkeep
|turn|6
|
|t:|1779562819
|switch|p2a: Glimmora|Glimmora, M|100/100
|move|p1a: Primarina|Moonblast|p2a: Glimmora
|-resisted|p2a: Glimmora
|-damage|p2a: Glimmora|73/100
|
|-weather|none
|-heal|p2a: Glimmora|79/100|[from] item: Leftovers
|upkeep
|turn|7
|
|t:|1779562826
|switch|p1a: Slowking|Slowking-Galar, F|100/100 tox
|move|p2a: Glimmora|Toxic|p1a: Slowking
|-fail|p1a: Slowking|tox
|
|-heal|p2a: Glimmora|86/100|[from] item: Leftovers
|-damage|p1a: Slowking|94/100 tox|[from] psn
|upkeep
|turn|8
|
|t:|1779562838
|move|p2a: Glimmora|Earth Power|p1a: Slowking
|-supereffective|p1a: Slowking
|-damage|p1a: Slowking|55/100 tox
|move|p1a: Slowking|Future Sight|p2a: Glimmora
|-start|p1a: Slowking|move: Future Sight
|
|-heal|p2a: Glimmora|92/100|[from] item: Leftovers
|-damage|p1a: Slowking|43/100 tox|[from] psn
|upkeep
|turn|9
|inactive|Linkinfernodouglas has 90 seconds left.
|
|t:|1779562867
|move|p2a: Glimmora|Earth Power|p1a: Slowking
|-supereffective|p1a: Slowking
|-damage|p1a: Slowking|3/100 tox
|-prepare|p1a: Slowking|Chilly Reception|[premajor]
|move|p1a: Slowking|Chilly Reception|p1a: Slowking
|-weather|Snowscape
|
|t:|1779562872
|switch|p1a: Landorus|Landorus-Therian, M|100/100|[from] Chilly Reception
|-ability|p1a: Landorus|Intimidate|boost
|-unboost|p2a: Glimmora|atk|1
|
|-weather|Snowscape|[upkeep]
|-heal|p2a: Glimmora|98/100|[from] item: Leftovers
|upkeep
|turn|10
|inactive|Linkinfernodouglas has 90 seconds left.
|
|t:|1779562884
|move|p2a: Glimmora|Spiky Shield|p2a: Glimmora
|-singleturn|p2a: Glimmora|move: Protect
|move|p1a: Landorus|U-turn|p2a: Glimmora
|-activate|p2a: Glimmora|move: Protect
|-damage|p1a: Landorus|88/100|[from] Spiky Shield|[of] p2a: Glimmora
|
|-weather|Snowscape|[upkeep]
|-end|p2a: Glimmora|move: Future Sight
|-supereffective|p2a: Glimmora
|-damage|p2a: Glimmora|0 fnt
|faint|p2a: Glimmora
|upkeep
|inactive|Linkinfernodouglas has 90 seconds left.
|
|t:|1779562902
|switch|p2a: Dragonite|Dragonite, F|50/100
|turn|11
|
|t:|1779562906
|move|p1a: Landorus|U-turn|p2a: Dragonite
|-resisted|p2a: Dragonite
|-damage|p2a: Dragonite|40/100
|-damage|p1a: Landorus|72/100|[from] item: Rocky Helmet|[of] p2a: Dragonite
|
|t:|1779562908
|switch|p1a: Primarina|Primarina, F|95/100|[from] U-turn
|move|p2a: Dragonite|Thunder Wave|p1a: Primarina
|-status|p1a: Primarina|par
|
|-weather|Snowscape|[upkeep]
|upkeep
|turn|12
|inactive|Linkinfernodouglas has 90 seconds left.
|inactive|Linkinfernodouglas has 60 seconds left.
|
|t:|1779562968
|switch|p2a: Ceruledge|Ceruledge, F|100/100
|cant|p1a: Primarina|par
|
|-weather|Snowscape|[upkeep]
|upkeep
|turn|13
|
|t:|1779562985
|move|p2a: Ceruledge|Taunt|p1a: Primarina
|-start|p1a: Primarina|move: Taunt
|cant|p1a: Primarina|par
|
|-weather|none
|upkeep
|turn|14
|
|t:|1779562993
|move|p2a: Ceruledge|Bulk Up|p2a: Ceruledge
|-boost|p2a: Ceruledge|atk|1
|-boost|p2a: Ceruledge|def|1
|move|p1a: Primarina|Psychic Noise|p2a: Ceruledge
|-supereffective|p2a: Ceruledge
|-damage|p2a: Ceruledge|39/100
|
|upkeep
|turn|15
|inactive|Linkinfernodouglas has 30 seconds left.
|
|t:|1779563020
|switch|p2a: Dragonite|Dragonite, F|40/100
|move|p1a: Primarina|Psychic Noise|p2a: Dragonite
|-resisted|p2a: Dragonite
|-damage|p2a: Dragonite|21/100
|-start|p2a: Dragonite|move: Heal Block
|
|-end|p1a: Primarina|move: Taunt
|upkeep
|turn|16
|
|t:|1779563029
|move|p2a: Dragonite|Ice Beam|p1a: Primarina
|-resisted|p1a: Primarina
|-damage|p1a: Primarina|90/100 par
|move|p1a: Primarina|Moonblast|p2a: Dragonite
|-supereffective|p2a: Dragonite
|-damage|p2a: Dragonite|0 fnt
|faint|p2a: Dragonite
|
|upkeep
|inactive|Linkinfernodouglas has 30 seconds left.
|inactive|Linkinfernodouglas has 20 seconds left.
|inactive|Linkinfernodouglas has 15 seconds left.
|
|t:|1779563055
|switch|p2a: Deoxys|Deoxys-Speed|100/100
|-ability|p2a: Deoxys|Pressure
|turn|17
|inactive|Linkinfernodouglas has 25 seconds left this turn.
|inactive|Linkinfernodouglas has 20 seconds left.
|
|t:|1779563061
|move|p2a: Deoxys|Cosmic Power|p2a: Deoxys
|-boost|p2a: Deoxys|def|1
|-boost|p2a: Deoxys|spd|1
|cant|p1a: Primarina|par
|
|upkeep
|turn|18
|inactive|Linkinfernodouglas has 30 seconds left this turn.
|
|t:|1779563068
|switch|p1a: Landorus|Landorus-Therian, M|72/100
|-ability|p1a: Landorus|Intimidate|boost
|-unboost|p2a: Deoxys|atk|1
|move|p2a: Deoxys|Cosmic Power|p2a: Deoxys
|-boost|p2a: Deoxys|def|1
|-boost|p2a: Deoxys|spd|1
|
|upkeep
|turn|19
|inactive|Linkinfernodouglas has 30 seconds left.
|
|t:|1779563088
|move|p1a: Landorus|U-turn|p2a: Deoxys
|-supereffective|p2a: Deoxys
|-damage|p2a: Deoxys|75/100
|-enditem|p2a: Deoxys|Weakness Policy
|-boost|p2a: Deoxys|atk|2|[from] item: Weakness Policy
|-boost|p2a: Deoxys|spa|2|[from] item: Weakness Policy
|
|t:|1779563096
|switch|p1a: Cinderace|Cinderace, F|100/100|[from] U-turn
|move|p2a: Deoxys|Cosmic Power|p2a: Deoxys
|-boost|p2a: Deoxys|def|1
|-boost|p2a: Deoxys|spd|1
|
|upkeep
|turn|20
|inactive|Linkinfernodouglas has 30 seconds left.
|
|t:|1779563106
|move|p2a: Deoxys|Stored Power|p1a: Cinderace
|-damage|p1a: Cinderace|0 fnt
|faint|p1a: Cinderace
|
|upkeep
|-message|waterdrinker48 forfeited.
|
|win|Linkinfernodouglas
|raw|waterdrinker48's rating: 1188 &rarr; <strong>1162</strong><br />(-26 for losing)
|raw|Linkinfernodouglas's rating: 1175 &rarr; <strong>1201</strong><br />(+26 for winning)
|l|☆waterdrinker48
|player|p1|
|c|☆Linkinfernodouglas|gg
