|j|☆Hashhtag1
|j|☆hcdghb
|t:|1779605419
|gametype|singles
|player|p1|Hashhtag1|emmet|1103
|player|p2|hcdghb|101|1076
|gen|9
|tier|[Gen 9] OU
|rated|
|rule|HP Percentage Mod: HP is shown in percentages
|rule|Endless Battle Clause: Forcing endless battles is banned
|rule|Species Clause: Limit one of each Pokémon
|rule|OHKO Clause: OHKO moves are banned
|rule|Evasion Items Clause: Evasion items are banned
|rule|Evasion Moves Clause: Evasion moves are banned
|rule|Evasion Abilities Clause: Evasion abilities are banned
|rule|Sleep Moves Clause: Sleep-inducing moves are banned
|clearpoke
|poke|p1|Dragapult, F|
|poke|p1|Probopass, F|
|poke|p1|Enamorus, F|
|poke|p1|Ribombee, M|
|poke|p1|Iron Moth|
|poke|p1|Iron Crown|
|poke|p2|Hatterene, F|
|poke|p2|Volcanion|
|poke|p2|Iron Hands|
|poke|p2|Sinistcha|
|poke|p2|Glastrier|
|poke|p2|Ursaluna, M|
|teampreview
|
|t:|1779605424
|teamsize|p1|6
|teamsize|p2|6
|start
|switch|p1a: Ribombee|Ribombee, M|100/100
|switch|p2a: Hatterene|Hatterene, F|100/100
|turn|1
|
|t:|1779605434
|move|p1a: Ribombee|Moonblast|p2a: Hatterene
|-damage|p2a: Hatterene|51/100
|move|p2a: Hatterene|Draining Kiss|p1a: Ribombee
|-damage|p1a: Ribombee|53/100
|-heal|p2a: Hatterene|85/100|[from] drain|[of] p1a: Ribombee
|
|upkeep
|turn|2
|
|t:|1779605442
|move|p1a: Ribombee|Moonblast|p2a: Hatterene
|-damage|p2a: Hatterene|32/100
|move|p2a: Hatterene|Trick Room|p2a: Hatterene
|-fieldstart|move: Trick Room|[of] p2a: Hatterene
|
|upkeep
|turn|3
|
|t:|1779605453
|move|p2a: Hatterene|Draining Kiss|p1a: Ribombee
|-damage|p1a: Ribombee|2/100
|-heal|p2a: Hatterene|68/100|[from] drain|[of] p1a: Ribombee
|move|p1a: Ribombee|Moonblast|p2a: Hatterene
|-damage|p2a: Hatterene|21/100
|-unboost|p2a: Hatterene|spa|1
|
|upkeep
|turn|4
|
|t:|1779605473
|move|p2a: Hatterene|Draining Kiss|p1a: Ribombee
|-damage|p1a: Ribombee|0 fnt
|-heal|p2a: Hatterene|22/100|[from] drain|[of] p1a: Ribombee
|faint|p1a: Ribombee
|
|upkeep
|
|t:|1779605476
|switch|p1a: Iron Crown|Iron Crown|100/100
|turn|5
|
|t:|1779605499
|move|p2a: Hatterene|Mystical Fire|p1a: Iron Crown
|-supereffective|p1a: Iron Crown
|-damage|p1a: Iron Crown|59/100
|-unboost|p1a: Iron Crown|spa|1
|move|p1a: Iron Crown|Tachyon Cutter|p2a: Hatterene
|-supereffective|p2a: Hatterene
|-damage|p2a: Hatterene|0 fnt
|faint|p2a: Hatterene
|-hitcount|p2: Hatterene|1
|
|upkeep
|
|t:|1779605520
|switch|p2a: Ursaluna|Ursaluna, M|100/100
|turn|6
|
|t:|1779605536
|-end|p1a: Iron Crown|Quark Drive|[silent]
|switch|p1a: Probopass|Probopass, F|100/100
|move|p2a: Ursaluna|Fire Punch|p1a: Probopass
|-damage|p1a: Probopass|82/100
|-status|p1a: Probopass|brn
|-damage|p2a: Ursaluna|84/100|[from] item: Rocky Helmet|[of] p1a: Probopass
|
|-damage|p1a: Probopass|75/100 brn|[from] brn
|-fieldend|move: Trick Room
|-status|p2a: Ursaluna|brn|[from] item: Flame Orb
|upkeep
|turn|7
|inactive|Battle timer is ON: inactive players will automatically lose when time's up. (requested by Hashhtag1)
|
|t:|1779605552
|move|p1a: Probopass|Stealth Rock|p2a: Ursaluna
|-sidestart|p2: hcdghb|move: Stealth Rock
|move|p2a: Ursaluna|Drain Punch|p1a: Probopass
|-supereffective|p1a: Probopass
|-damage|p1a: Probopass|0 fnt
|-heal|p2a: Ursaluna|100/100 brn|[from] drain|[of] p1a: Probopass
|-damage|p2a: Ursaluna|84/100 brn|[from] item: Rocky Helmet|[of] p1a: Probopass
|faint|p1a: Probopass
|
|-damage|p2a: Ursaluna|78/100 brn|[from] brn
|upkeep
|
|t:|1779605560
|switch|p1a: Iron Crown|Iron Crown|59/100
|turn|8
|
|t:|1779605569
|move|p1a: Iron Crown|Focus Blast|p2a: Ursaluna
|-supereffective|p2a: Ursaluna
|-damage|p2a: Ursaluna|0 fnt
|faint|p2a: Ursaluna
|
|upkeep
|
|t:|1779605579
|switch|p2a: Sinistcha|Sinistcha|100/100
|-damage|p2a: Sinistcha|88/100|[from] Stealth Rock
|turn|9
|
|t:|1779605585
|-end|p1a: Iron Crown|Quark Drive|[silent]
|switch|p1a: Iron Moth|Iron Moth|100/100
|move|p2a: Sinistcha|Trick Room|p2a: Sinistcha
|-fieldstart|move: Trick Room|[of] p2a: Sinistcha
|
|upkeep
|turn|10
|
|t:|1779605610
|switch|p2a: Volcanion|Volcanion|100/100
|-damage|p2a: Volcanion|75/100|[from] Stealth Rock
|move|p1a: Iron Moth|Meteor Beam||[still]
|-prepare|p1a: Iron Moth|Meteor Beam
|-boost|p1a: Iron Moth|spa|1
|-enditem|p1a: Iron Moth|Power Herb
|-anim|p1a: Iron Moth|Meteor Beam|p2a: Volcanion
|-supereffective|p2a: Volcanion
|-damage|p2a: Volcanion|0 fnt
|faint|p2a: Volcanion
|
|upkeep
|inactive|hcdghb has 120 seconds left.
|
|t:|1779605626
|switch|p2a: Glastrier|Glastrier|100/100
|-damage|p2a: Glastrier|76/100|[from] Stealth Rock
|turn|11
|
|t:|1779605639
|move|p2a: Glastrier|High Horsepower|p1a: Iron Moth
|-supereffective|p1a: Iron Moth
|-damage|p1a: Iron Moth|0 fnt
|faint|p1a: Iron Moth
|-end|p1a: Iron Moth|Quark Drive|[silent]
|-ability|p2a: Glastrier|Chilling Neigh|boost
|-boost|p2a: Glastrier|atk|1
|
|upkeep
|
|t:|1779605645
|switch|p1a: Enamorus|Enamorus, F|100/100
|turn|12
|
|t:|1779605649
|switch|p1a: Iron Crown|Iron Crown|59/100
|move|p2a: Glastrier|Icicle Crash|p1a: Iron Crown
|-resisted|p1a: Iron Crown
|-damage|p1a: Iron Crown|15/100
|
|upkeep
|turn|13
|
|t:|1779605664
|-end|p1a: Iron Crown|Quark Drive|[silent]
|switch|p1a: Enamorus|Enamorus, F|100/100
|move|p2a: Glastrier|Icicle Crash|p1a: Enamorus
|-supereffective|p1a: Enamorus
|-damage|p1a: Enamorus|0 fnt
|faint|p1a: Enamorus
|-ability|p2a: Glastrier|Chilling Neigh|boost
|-boost|p2a: Glastrier|atk|1
|
|-fieldend|move: Trick Room
|upkeep
|
|t:|1779605667
|switch|p1a: Iron Crown|Iron Crown|15/100
|turn|14
|
|t:|1779605688
|-terastallize|p2a: Glastrier|Water
|move|p1a: Iron Crown|Tachyon Cutter|p2a: Glastrier
|-resisted|p2a: Glastrier
|-damage|p2a: Glastrier|60/100
|-resisted|p2a: Glastrier
|-damage|p2a: Glastrier|41/100
|-hitcount|p2a: Glastrier|2
|move|p2a: Glastrier|High Horsepower|p1a: Iron Crown
|-supereffective|p1a: Iron Crown
|-damage|p1a: Iron Crown|0 fnt
|faint|p1a: Iron Crown
|-end|p1a: Iron Crown|Quark Drive|[silent]
|-ability|p2a: Glastrier|Chilling Neigh|boost
|-boost|p2a: Glastrier|atk|1
|
|upkeep
|
|t:|1779605693
|switch|p1a: Dragapult|Dragapult, F|100/100
|turn|15
|
|t:|1779605705
|-terastallize|p1a: Dragapult|Dragon
|move|p1a: Dragapult|Dragon Darts|p2a: Glastrier
|-damage|p2a: Glastrier|19/100
|-anim|p1a: Dragapult|Dragon Darts|p2a: Glastrier
|-damage|p2a: Glastrier|0 fnt
|faint|p2a: Glastrier
|-damage|p1a: Dragapult|91/100|[from] item: Life Orb
|
|upkeep
|
|t:|1779605720
|switch|p2a: Iron Hands|Iron Hands|100/100
|-damage|p2a: Iron Hands|94/100|[from] Stealth Rock
|turn|16
|
|t:|1779605725
|move|p1a: Dragapult|Draco Meteor|p2a: Iron Hands
|-damage|p2a: Iron Hands|41/100
|-unboost|p1a: Dragapult|spa|2
|-damage|p1a: Dragapult|81/100|[from] item: Life Orb
|move|p2a: Iron Hands|Ice Punch|p1a: Dragapult
|-supereffective|p1a: Dragapult
|-damage|p1a: Dragapult|0 fnt
|faint|p1a: Dragapult
|
|win|hcdghb
|raw|Hashhtag1's rating: 1103 &rarr; <strong>1076</strong><br />(-27 for losing)
|raw|hcdghb's rating: 1076 &rarr; <strong>1107</strong><br />(+31 for winning)
|l|☆Hashhtag1
|player|p1|
|l|☆hcdghb
|player|p2|
