|j|☆Thederpa1
|j|☆18e5
|t:|1779636505
|gametype|singles
|player|p1|Thederpa1|swimmer-gen4dp|1478
|player|p2|18e5|cynthia|1487
|gen|9
|tier|[Gen 9] OU
|rated|
|rule|HP Percentage Mod: HP is shown in percentages
|rule|Endless Battle Clause: Forcing endless battles is banned
|rule|Species Clause: Limit one of each Pokémon
|rule|OHKO Clause: OHKO moves are banned
|rule|Evasion Items Clause: Evasion items are banned
|rule|Evasion Moves Clause: Evasion moves are banned
|rule|Evasion Abilities Clause: Evasion abilities are banned
|rule|Sleep Moves Clause: Sleep-inducing moves are banned
|clearpoke
|poke|p1|Iron Treads|
|poke|p1|Conkeldurr, F|
|poke|p1|Alomomola, F|
|poke|p1|Slowking-Galar, M|
|poke|p1|Darkrai|
|poke|p1|Kyurem|
|poke|p2|Ninetales, M|
|poke|p2|Great Tusk|
|poke|p2|Walking Wake|
|poke|p2|Raging Bolt|
|poke|p2|Iron Valiant|
|poke|p2|Bronzong|
|teampreview
|inactive|Battle timer is ON: inactive players will automatically lose when time's up. (requested by 18e5)
|c|☆18e5|glhf
|
|t:|1779636514
|teamsize|p1|6
|teamsize|p2|6
|start
|switch|p1a: Darkrai|Darkrai|100/100
|switch|p2a: Ninetales|Ninetales, M|100/100
|-weather|SunnyDay|[from] ability: Drought|[of] p2a: Ninetales
|turn|1
|
|t:|1779636542
|move|p1a: Darkrai|Sludge Bomb|p2a: Ninetales
|-damage|p2a: Ninetales|56/100
|-status|p2a: Ninetales|psn
|move|p2a: Ninetales|Weather Ball|p1a: Darkrai
|-damage|p1a: Darkrai|48/100
|
|-weather|SunnyDay|[upkeep]
|-damage|p2a: Ninetales|44/100 psn|[from] psn
|upkeep
|turn|2
|inactive|18e5 has 120 seconds left.
|
|t:|1779636565
|switch|p1a: Slowking|Slowking-Galar, M|100/100
|switch|p2a: Bronzong|Bronzong|100/100
|
|-weather|SunnyDay|[upkeep]
|upkeep
|turn|3
|
|t:|1779636578
|move|p1a: Slowking|Thunder Wave|p2a: Bronzong
|-status|p2a: Bronzong|par
|cant|p2a: Bronzong|par
|
|-weather|SunnyDay|[upkeep]
|upkeep
|turn|4
|
|t:|1779636582
|move|p1a: Slowking|Future Sight|p2a: Bronzong
|-start|p1a: Slowking|move: Future Sight
|move|p2a: Bronzong|Stealth Rock|p1a: Slowking
|-sidestart|p1: Thederpa1|move: Stealth Rock
|
|-weather|SunnyDay|[upkeep]
|upkeep
|turn|5
|
|t:|1779636587
|-prepare|p1a: Slowking|Chilly Reception|[premajor]
|move|p1a: Slowking|Chilly Reception|p1a: Slowking
|-weather|Snowscape
|
|t:|1779636592
|switch|p1a: Alomomola|Alomomola, F|100/100|[from] Chilly Reception
|-damage|p1a: Alomomola|88/100|[from] Stealth Rock
|move|p2a: Bronzong|Iron Defense|p2a: Bronzong
|-boost|p2a: Bronzong|def|2
|
|-weather|Snowscape|[upkeep]
|upkeep
|turn|6
|
|t:|1779636597
|move|p1a: Alomomola|Wish|p1a: Alomomola
|cant|p2a: Bronzong|par
|
|-weather|Snowscape|[upkeep]
|-end|p2a: Bronzong|move: Future Sight
|-resisted|p2a: Bronzong
|-damage|p2a: Bronzong|91/100 par
|-heal|p2a: Bronzong|98/100 par|[from] item: Leftovers
|upkeep
|turn|7
|
|t:|1779636601
|move|p1a: Alomomola|Flip Turn|p2a: Bronzong
|-damage|p2a: Bronzong|92/100 par
|
|t:|1779636611
|switch|p1a: Conkeldurr|Conkeldurr, F|100/100|[from] Flip Turn
|-damage|p1a: Conkeldurr|94/100|[from] Stealth Rock
|move|p2a: Bronzong|Body Press|p1a: Conkeldurr
|-damage|p1a: Conkeldurr|43/100
|
|-weather|Snowscape|[upkeep]
|-heal|p1a: Conkeldurr|100/100|[from] move: Wish|[wisher] Alomomola
|-heal|p2a: Bronzong|98/100 par|[from] item: Leftovers
|-status|p1a: Conkeldurr|brn|[from] item: Flame Orb
|upkeep
|turn|8
|
|t:|1779636619
|move|p1a: Conkeldurr|Knock Off|p2a: Bronzong
|-supereffective|p2a: Bronzong
|-crit|p2a: Bronzong
|-damage|p2a: Bronzong|0 fnt
|-enditem|p2a: Bronzong|Leftovers|[from] move: Knock Off|[of] p1a: Conkeldurr
|faint|p2a: Bronzong
|
|-weather|Snowscape|[upkeep]
|-damage|p1a: Conkeldurr|94/100 brn|[from] brn
|upkeep
|inactive|18e5 has 120 seconds left.
|
|t:|1779636676
|switch|p2a: Ninetales|Ninetales, M|44/100 psn
|-weather|SunnyDay|[from] ability: Drought|[of] p2a: Ninetales
|turn|9
|
|t:|1779636689
|switch|p1a: Slowking|Slowking-Galar, M|100/100
|move|p2a: Ninetales|Encore||[still]
|-fail|p2a: Ninetales
|
|-weather|SunnyDay|[upkeep]
|-damage|p2a: Ninetales|32/100 psn|[from] psn
|upkeep
|turn|10
|
|t:|1779636701
|switch|p2a: Raging Bolt|Raging Bolt|100/100
|-activate|p2a: Raging Bolt|ability: Protosynthesis
|-start|p2a: Raging Bolt|protosynthesisspa
|-prepare|p1a: Slowking|Chilly Reception|[premajor]
|move|p1a: Slowking|Chilly Reception|p1a: Slowking
|-weather|Snowscape
|-end|p2a: Raging Bolt|Protosynthesis
|
|t:|1779636705
|switch|p1a: Iron Treads|Iron Treads|100/100|[from] Chilly Reception
|-damage|p1a: Iron Treads|97/100|[from] Stealth Rock
|-enditem|p1a: Iron Treads|Booster Energy
|-activate|p1a: Iron Treads|ability: Quark Drive|[fromitem]
|-start|p1a: Iron Treads|quarkdrivespe
|
|-weather|Snowscape|[upkeep]
|upkeep
|turn|11
|
|t:|1779636713
|-end|p2a: Raging Bolt|Protosynthesis|[silent]
|switch|p2a: Ninetales|Ninetales, M|32/100 psn
|-weather|SunnyDay|[from] ability: Drought|[of] p2a: Ninetales
|move|p1a: Iron Treads|Earthquake|p2a: Ninetales
|-supereffective|p2a: Ninetales
|-damage|p2a: Ninetales|0 fnt
|faint|p2a: Ninetales
|
|-weather|SunnyDay|[upkeep]
|upkeep
|
|t:|1779636724
|switch|p2a: Walking Wake|Walking Wake|100/100
|-activate|p2a: Walking Wake|ability: Protosynthesis
|-start|p2a: Walking Wake|protosynthesisspe
|turn|12
|
|t:|1779636752
|-end|p1a: Iron Treads|Quark Drive|[silent]
|switch|p1a: Alomomola|Alomomola, F|100/100
|-damage|p1a: Alomomola|88/100|[from] Stealth Rock
|move|p2a: Walking Wake|Hydro Steam|p1a: Alomomola
|-resisted|p1a: Alomomola
|-damage|p1a: Alomomola|36/100
|
|-weather|SunnyDay|[upkeep]
|upkeep
|turn|13
|
|t:|1779636755
|move|p1a: Alomomola|Protect|p1a: Alomomola
|-singleturn|p1a: Alomomola|Protect
|move|p2a: Walking Wake|Hydro Steam|p1a: Alomomola
|-activate|p1a: Alomomola|move: Protect
|
|-weather|SunnyDay|[upkeep]
|upkeep
|turn|14
|
|t:|1779636764
|switch|p1a: Slowking|Slowking-Galar, M|100/100
|move|p2a: Walking Wake|Hydro Steam|p1a: Slowking
|-damage|p1a: Slowking|49/100
|
|-weather|SunnyDay|[upkeep]
|upkeep
|turn|15
|
|t:|1779636772
|-terastallize|p1a: Slowking|Water
|move|p2a: Walking Wake|Hydro Steam|p1a: Slowking
|-resisted|p1a: Slowking
|-damage|p1a: Slowking|21/100
|-prepare|p1a: Slowking|Chilly Reception|[premajor]
|move|p1a: Slowking|Chilly Reception|p1a: Slowking
|-weather|Snowscape
|-end|p2a: Walking Wake|Protosynthesis
|
|t:|1779636778
|switch|p1a: Kyurem|Kyurem|100/100|[from] Chilly Reception
|-ability|p1a: Kyurem|Pressure
|
|-weather|Snowscape|[upkeep]
|upkeep
|turn|16
|
|t:|1779636788
|-end|p2a: Walking Wake|Protosynthesis|[silent]
|switch|p2a: Iron Valiant|Iron Valiant|100/100
|-enditem|p2a: Iron Valiant|Booster Energy
|-activate|p2a: Iron Valiant|ability: Quark Drive|[fromitem]
|-start|p2a: Iron Valiant|quarkdrivespe
|move|p1a: Kyurem|Substitute|p1a: Kyurem
|-start|p1a: Kyurem|Substitute
|-damage|p1a: Kyurem|76/100
|
|-weather|Snowscape|[upkeep]
|upkeep
|turn|17
|
|t:|1779636792
|move|p2a: Iron Valiant|Encore|p1a: Kyurem
|-start|p1a: Kyurem|Encore
|move|p1a: Kyurem|Substitute|p1a: Kyurem
|-fail|p1a: Kyurem|move: Substitute
|
|-weather|Snowscape|[upkeep]
|upkeep
|turn|18
|
|t:|1779636797
|switch|p1a: Alomomola|Alomomola, F|69/100
|-damage|p1a: Alomomola|57/100|[from] Stealth Rock
|move|p2a: Iron Valiant|Swords Dance|p2a: Iron Valiant
|-boost|p2a: Iron Valiant|atk|2
|
|-weather|Snowscape|[upkeep]
|upkeep
|turn|19
|
|t:|1779636805
|switch|p1a: Conkeldurr|Conkeldurr, F|94/100 brn
|-damage|p1a: Conkeldurr|88/100 brn|[from] Stealth Rock
|move|p2a: Iron Valiant|Close Combat|p1a: Conkeldurr
|-damage|p1a: Conkeldurr|0 fnt
|-unboost|p2a: Iron Valiant|def|1
|-unboost|p2a: Iron Valiant|spd|1
|faint|p1a: Conkeldurr
|
|-weather|none
|upkeep
|
|t:|1779636811
|switch|p1a: Alomomola|Alomomola, F|90/100
|-damage|p1a: Alomomola|78/100|[from] Stealth Rock
|turn|20
|
|t:|1779636817
|move|p2a: Iron Valiant|Swords Dance|p2a: Iron Valiant
|-boost|p2a: Iron Valiant|atk|2
|move|p1a: Alomomola|Flip Turn|p2a: Iron Valiant
|-damage|p2a: Iron Valiant|70/100
|
|t:|1779636824
|switch|p1a: Iron Treads|Iron Treads|97/100|[from] Flip Turn
|-damage|p1a: Iron Treads|94/100|[from] Stealth Rock
|
|upkeep
|turn|21
|
|t:|1779636829
|move|p2a: Iron Valiant|Close Combat|p1a: Iron Treads
|-supereffective|p1a: Iron Treads
|-damage|p1a: Iron Treads|0 fnt
|-unboost|p2a: Iron Valiant|def|1
|-unboost|p2a: Iron Valiant|spd|1
|faint|p1a: Iron Treads
|-end|p1a: Iron Treads|Quark Drive|[silent]
|
|upkeep
|
|t:|1779636833
|switch|p1a: Alomomola|Alomomola, F|100/100
|-damage|p1a: Alomomola|88/100|[from] Stealth Rock
|turn|22
|
|t:|1779636836
|move|p2a: Iron Valiant|Close Combat|p1a: Alomomola
|-damage|p1a: Alomomola|0 fnt
|-unboost|p2a: Iron Valiant|def|1
|-unboost|p2a: Iron Valiant|spd|1
|-damage|p2a: Iron Valiant|53/100|[from] item: Rocky Helmet|[of] p1a: Alomomola
|faint|p1a: Alomomola
|
|upkeep
|-message|Thederpa1 forfeited.
|
|win|18e5
|raw|Thederpa1's rating: 1478 &rarr; <strong>1459</strong><br />(-19 for losing)
|raw|18e5's rating: 1487 &rarr; <strong>1506</strong><br />(+19 for winning)
|l|☆Thederpa1
|player|p1|
|c|☆18e5|gg
|l|☆18e5
|player|p2|
