|j|☆T_me1on
|j|☆PotatoSalesman233
|t:|1779612283
|gametype|singles
|player|p1|T_me1on|pilot|
|player|p2|PotatoSalesman233|2|
|gen|9
|tier|[Gen 9] OU
|rule|HP Percentage Mod: HP is shown in percentages
|rule|Endless Battle Clause: Forcing endless battles is banned
|rule|Species Clause: Limit one of each Pokémon
|rule|OHKO Clause: OHKO moves are banned
|rule|Evasion Items Clause: Evasion items are banned
|rule|Evasion Moves Clause: Evasion moves are banned
|rule|Evasion Abilities Clause: Evasion abilities are banned
|rule|Sleep Moves Clause: Sleep-inducing moves are banned
|clearpoke
|poke|p1|Meowscarada, F|
|poke|p1|Rillaboom, F|
|poke|p1|Venusaur, F|
|poke|p1|Breloom, F|
|poke|p1|Torterra, M|
|poke|p1|Dedenne, F|
|poke|p2|Scovillain, M|
|poke|p2|Regice|
|poke|p2|Spiritomb, M|
|poke|p2|Hydreigon, M|
|poke|p2|Mamoswine, F|
|poke|p2|Torkoal, F|
|teampreview
|
|t:|1779612298
|teamsize|p1|6
|teamsize|p2|6
|start
|switch|p1a: Meowscarada|Meowscarada, F|100/100
|switch|p2a: Torkoal|Torkoal, F|100/100
|-weather|SunnyDay|[from] ability: Drought|[of] p2a: Torkoal
|turn|1
|inactive|Battle timer is ON: inactive players will automatically lose when time's up. (requested by PotatoSalesman233)
|inactive|T_me1on has 270 seconds left.
|
|t:|1779612350
|move|p1a: Meowscarada|U-turn|p2a: Torkoal
|-start|p1a: Meowscarada|typechange|Bug|[from] ability: Protean
|-resisted|p2a: Torkoal
|-damage|p2a: Torkoal|91/100
|
|t:|1779612358
|switch|p1a: Dedenne|Dedenne, F|100/100|[from] U-turn
|move|p2a: Torkoal|Body Press|p1a: Dedenne
|-resisted|p1a: Dedenne
|-damage|p1a: Dedenne|71/100
|
|-weather|SunnyDay|[upkeep]
|upkeep
|turn|2
|
|t:|1779612374
|move|p1a: Dedenne|Volt Switch|p2a: Torkoal
|-damage|p2a: Torkoal|35/100
|
|t:|1779612379
|switch|p1a: Torterra|Torterra, M|100/100|[from] Volt Switch
|move|p2a: Torkoal|Body Press|p1a: Torterra
|-damage|p1a: Torterra|68/100
|
|-weather|SunnyDay|[upkeep]
|upkeep
|turn|3
|
|t:|1779612391
|move|p1a: Torterra|Rock Tomb|p2a: Torkoal
|-supereffective|p2a: Torkoal
|-damage|p2a: Torkoal|13/100
|-unboost|p2a: Torkoal|spe|1
|move|p2a: Torkoal|Lava Plume|p1a: Torterra
|-supereffective|p1a: Torterra
|-damage|p1a: Torterra|0 fnt
|faint|p1a: Torterra
|
|-weather|SunnyDay|[upkeep]
|upkeep
|
|t:|1779612407
|switch|p1a: Dedenne|Dedenne, F|71/100
|turn|4
|
|t:|1779612412
|move|p1a: Dedenne|Volt Switch|p2a: Torkoal
|-damage|p2a: Torkoal|0 fnt
|faint|p2a: Torkoal
|
|t:|1779612417
|switch|p1a: Rillaboom|Rillaboom, F|100/100|[from] Volt Switch
|-fieldstart|move: Grassy Terrain|[from] ability: Grassy Surge|[of] p1a: Rillaboom
|-enditem|p1a: Rillaboom|Grassy Seed
|-boost|p1a: Rillaboom|def|1|[from] item: Grassy Seed
|
|-weather|SunnyDay|[upkeep]
|upkeep
|
|t:|1779612420
|switch|p2a: Scovillain|Scovillain, M|100/100
|turn|5
|
|t:|1779612428
|-terastallize|p2a: Scovillain|Grass
|move|p2a: Scovillain|Growth|p2a: Scovillain
|-boost|p2a: Scovillain|atk|2
|-boost|p2a: Scovillain|spa|2
|move|p1a: Rillaboom|Earthquake|p2a: Scovillain
|-resisted|p2a: Scovillain
|-damage|p2a: Scovillain|84/100
|
|-weather|SunnyDay|[upkeep]
|-heal|p2a: Scovillain|90/100|[from] Grassy Terrain
|upkeep
|turn|6
|
|t:|1779612443
|switch|p2a: Hydreigon|Hydreigon, M|100/100
|move|p1a: Rillaboom|Swords Dance|p1a: Rillaboom
|-boost|p1a: Rillaboom|atk|2
|
|-weather|SunnyDay|[upkeep]
|upkeep
|turn|7
|inactive|T_me1on has 270 seconds left.
|
|t:|1779612469
|move|p2a: Hydreigon|Flamethrower|p1a: Rillaboom
|-supereffective|p1a: Rillaboom
|-damage|p1a: Rillaboom|0 fnt
|faint|p1a: Rillaboom
|-damage|p2a: Hydreigon|91/100|[from] item: Life Orb
|
|-weather|SunnyDay|[upkeep]
|upkeep
|inactive|T_me1on has 270 seconds left.
|
|t:|1779612478
|switch|p1a: Dedenne|Dedenne, F|71/100
|turn|8
|
|t:|1779612487
|move|p1a: Dedenne|Dazzling Gleam|p2a: Hydreigon
|-supereffective|p2a: Hydreigon
|-damage|p2a: Hydreigon|0 fnt
|faint|p2a: Hydreigon
|
|-weather|none
|-heal|p1a: Dedenne|78/100|[from] Grassy Terrain
|-fieldend|move: Grassy Terrain
|upkeep
|
|t:|1779612494
|switch|p2a: Scovillain|Scovillain, M, tera:Grass|90/100
|turn|9
|
|t:|1779612499
|move|p1a: Dedenne|Dazzling Gleam|p2a: Scovillain
|-damage|p2a: Scovillain|5/100
|move|p2a: Scovillain|Flamethrower|p1a: Dedenne
|-damage|p1a: Dedenne|0 fnt
|faint|p1a: Dedenne
|
|upkeep
|
|t:|1779612507
|switch|p1a: Meowscarada|Meowscarada, F|100/100
|turn|10
|
|t:|1779612511
|move|p1a: Meowscarada|U-turn|p2a: Scovillain
|-start|p1a: Meowscarada|typechange|Bug|[from] ability: Protean
|-supereffective|p2a: Scovillain
|-damage|p2a: Scovillain|0 fnt
|faint|p2a: Scovillain
|
|t:|1779612519
|switch|p1a: Venusaur|Venusaur, F|100/100|[from] U-turn
|
|upkeep
|
|t:|1779612526
|switch|p2a: Regice|Regice|100/100
|turn|11
|
|t:|1779612533
|move|p1a: Venusaur|Sludge Bomb|p2a: Regice
|-damage|p2a: Regice|89/100
|move|p2a: Regice|Amnesia|p2a: Regice
|-boost|p2a: Regice|spd|2
|
|-heal|p2a: Regice|95/100|[from] item: Leftovers
|upkeep
|turn|12
|
|t:|1779612543
|move|p1a: Venusaur|Giga Drain|p2a: Regice
|-crit|p2a: Regice
|-damage|p2a: Regice|77/100
|move|p2a: Regice|Amnesia|p2a: Regice
|-boost|p2a: Regice|spd|2
|
|-heal|p2a: Regice|83/100|[from] item: Leftovers
|upkeep
|turn|13
|
|t:|1779612551
|move|p1a: Venusaur|Sludge Bomb|p2a: Regice
|-damage|p2a: Regice|78/100
|move|p2a: Regice|Amnesia|p2a: Regice
|-boost|p2a: Regice|spd|2
|
|-heal|p2a: Regice|84/100|[from] item: Leftovers
|upkeep
|turn|14
|
|t:|1779612559
|move|p1a: Venusaur|Sludge Bomb|p2a: Regice
|-damage|p2a: Regice|81/100
|move|p2a: Regice|Ice Beam|p1a: Venusaur
|-supereffective|p1a: Venusaur
|-damage|p1a: Venusaur|46/100
|
|-heal|p1a: Venusaur|52/100|[from] item: Black Sludge
|-heal|p2a: Regice|87/100|[from] item: Leftovers
|upkeep
|turn|15
|
|t:|1779612570
|move|p1a: Venusaur|Body Slam|p2a: Regice
|-damage|p2a: Regice|72/100
|move|p2a: Regice|Ice Beam|p1a: Venusaur
|-supereffective|p1a: Venusaur
|-damage|p1a: Venusaur|0 fnt
|faint|p1a: Venusaur
|
|-heal|p2a: Regice|78/100|[from] item: Leftovers
|upkeep
|
|t:|1779612579
|switch|p1a: Meowscarada|Meowscarada, F|100/100
|turn|16
|inactive|T_me1on has 270 seconds left.
|
|t:|1779612611
|move|p1a: Meowscarada|Sucker Punch|p2a: Regice
|-start|p1a: Meowscarada|typechange|Dark|[from] ability: Protean
|-damage|p2a: Regice|49/100
|move|p2a: Regice|Ice Beam|p1a: Meowscarada
|-damage|p1a: Meowscarada|56/100
|
|-heal|p2a: Regice|55/100|[from] item: Leftovers
|upkeep
|turn|17
|
|t:|1779612620
|move|p1a: Meowscarada|Sucker Punch|p2a: Regice
|-damage|p2a: Regice|22/100
|move|p2a: Regice|Ice Beam|p1a: Meowscarada
|-damage|p1a: Meowscarada|11/100
|
|-heal|p2a: Regice|28/100|[from] item: Leftovers
|upkeep
|turn|18
|
|t:|1779612628
|move|p1a: Meowscarada|Sucker Punch|p2a: Regice
|-damage|p2a: Regice|0 fnt
|faint|p2a: Regice
|
|upkeep
|
|t:|1779612633
|switch|p2a: Spiritomb|Spiritomb, M|100/100
|turn|19
|
|t:|1779612638
|switch|p1a: Breloom|Breloom, F|100/100
|move|p2a: Spiritomb|Trick Room|p2a: Spiritomb
|-fieldstart|move: Trick Room|[of] p2a: Spiritomb
|
|upkeep
|turn|20
|
|t:|1779612645
|move|p2a: Spiritomb|Poltergeist|p1a: Breloom
|-activate|p1a: Breloom|move: Poltergeist|Life Orb
|-damage|p1a: Breloom|15/100
|move|p1a: Breloom|Bullet Seed|p2a: Spiritomb
|-damage|p2a: Spiritomb|73/100
|-damage|p2a: Spiritomb|42/100
|-hitcount|p2a: Spiritomb|2
|-damage|p1a: Breloom|5/100|[from] item: Life Orb
|
|upkeep
|turn|21
|
|t:|1779612665
|-terastallize|p1a: Breloom|Grass
|move|p2a: Spiritomb|Sucker Punch|p1a: Breloom
|-damage|p1a: Breloom|0 fnt
|faint|p1a: Breloom
|
|upkeep
|
|t:|1779612673
|switch|p1a: Meowscarada|Meowscarada, F|11/100
|turn|22
|
|t:|1779612678
|move|p2a: Spiritomb|Sucker Punch|p1a: Meowscarada
|-resisted|p1a: Meowscarada
|-damage|p1a: Meowscarada|0 fnt
|faint|p1a: Meowscarada
|
|win|PotatoSalesman233
