|j|☆draconotmeteor
|j|☆CherryzardX
|t:|1779699317
|gametype|singles
|player|p1|draconotmeteor|shauntal|1331
|player|p2|CherryzardX|266|1303
|gen|9
|tier|[Gen 9] OU
|rated|
|rule|HP Percentage Mod: HP is shown in percentages
|rule|Endless Battle Clause: Forcing endless battles is banned
|rule|Species Clause: Limit one of each Pokémon
|rule|OHKO Clause: OHKO moves are banned
|rule|Evasion Items Clause: Evasion items are banned
|rule|Evasion Moves Clause: Evasion moves are banned
|rule|Evasion Abilities Clause: Evasion abilities are banned
|rule|Sleep Moves Clause: Sleep-inducing moves are banned
|clearpoke
|poke|p1|Cyclizar, M|
|poke|p1|Corviknight, F|
|poke|p1|Ting-Lu|
|poke|p1|Slowking-Galar, F|
|poke|p1|Kyurem|
|poke|p1|Garganacl, F|
|poke|p2|Kyurem|
|poke|p2|Alomomola, F|
|poke|p2|Heatran, F|
|poke|p2|Kingambit, F|
|poke|p2|Brambleghast, M|
|poke|p2|Slowking-Galar, F|
|teampreview
|inactive|Battle timer is ON: inactive players will automatically lose when time's up. (requested by CherryzardX)
|
|t:|1779699335
|teamsize|p1|6
|teamsize|p2|6
|start
|switch|p1a: Kyurem|Kyurem|100/100
|switch|p2a: Kyurem|Kyurem|100/100
|-ability|p1a: Kyurem|Pressure
|-ability|p2a: Kyurem|Pressure
|turn|1
|
|t:|1779699343
|switch|p1a: Slowking|Slowking-Galar, F|100/100
|move|p2a: Kyurem|Protect||[still]
|-fail|p2a: Kyurem
|
|upkeep
|turn|2
|
|t:|1779699346
|move|p2a: Kyurem|Substitute|p2a: Kyurem
|-start|p2a: Kyurem|Substitute
|-damage|p2a: Kyurem|75/100
|move|p1a: Slowking|Sludge Bomb|p2a: Kyurem
|-end|p2a: Kyurem|Substitute
|
|-heal|p2a: Kyurem|82/100|[from] item: Leftovers
|upkeep
|turn|3
|
|t:|1779699351
|move|p2a: Kyurem|Protect|p2a: Kyurem
|-singleturn|p2a: Kyurem|Protect
|move|p1a: Slowking|Future Sight|p2a: Kyurem
|-start|p1a: Slowking|move: Future Sight
|
|-heal|p2a: Kyurem|88/100|[from] item: Leftovers
|upkeep
|turn|4
|
|t:|1779699355
|move|p2a: Kyurem|Substitute|p2a: Kyurem
|-start|p2a: Kyurem|Substitute
|-damage|p2a: Kyurem|63/100
|move|p1a: Slowking|Sludge Bomb|p2a: Kyurem
|-end|p2a: Kyurem|Substitute
|
|-heal|p2a: Kyurem|69/100|[from] item: Leftovers
|upkeep
|turn|5
|
|t:|1779699358
|switch|p2a: Kingambit|Kingambit, F|100/100
|move|p1a: Slowking|Sludge Bomb|p2a: Kingambit
|-immune|p2a: Kingambit
|
|-end|p2a: Kingambit|move: Future Sight
|-immune|p2a: Kingambit
|upkeep
|turn|6
|
|t:|1779699365
|-end|p2a: Kingambit|fallenundefined|[silent]
|switch|p2a: Heatran|Heatran, F|100/100
|-item|p2a: Heatran|Air Balloon
|switch|p1a: Ting-Lu|Ting-Lu|100/100
|-ability|p1a: Ting-Lu|Vessel of Ruin
|
|upkeep
|turn|7
|
|t:|1779699371
|move|p2a: Heatran|Taunt|p1a: Ting-Lu
|-start|p1a: Ting-Lu|move: Taunt
|cant|p1a: Ting-Lu|move: Taunt|Stealth Rock
|
|upkeep
|turn|8
|
|t:|1779699376
|move|p2a: Heatran|Stealth Rock|p1a: Ting-Lu
|-sidestart|p1: draconotmeteor|move: Stealth Rock
|move|p1a: Ting-Lu|Ruination|p2a: Heatran
|-damage|p2a: Heatran|50/100
|-enditem|p2a: Heatran|Air Balloon
|
|upkeep
|turn|9
|
|t:|1779699383
|switch|p2a: Brambleghast|Brambleghast, M|100/100
|move|p1a: Ting-Lu|Ruination|p2a: Brambleghast
|-damage|p2a: Brambleghast|50/100
|
|-end|p1a: Ting-Lu|move: Taunt
|upkeep
|turn|10
|
|t:|1779699388
|switch|p1a: Corviknight|Corviknight, F|100/100
|-damage|p1a: Corviknight|88/100|[from] Stealth Rock
|-ability|p1a: Corviknight|Pressure
|move|p2a: Brambleghast|Strength Sap|p1a: Corviknight
|-unboost|p1a: Corviknight|atk|1
|-heal|p2a: Brambleghast|100/100
|
|upkeep
|turn|11
|
|t:|1779699394
|move|p2a: Brambleghast|Poltergeist|p1a: Corviknight
|-activate|p1a: Corviknight|move: Poltergeist|Rocky Helmet
|-damage|p1a: Corviknight|63/100
|move|p1a: Corviknight|Defog|p2a: Brambleghast
|-unboost|p2a: Brambleghast|evasion|1
|-sideend|p1: draconotmeteor|Stealth Rock|[from] move: Defog|[of] p1a: Corviknight
|
|upkeep
|turn|12
|
|t:|1779699404
|switch|p2a: Alomomola|Alomomola, F|100/100
|move|p1a: Corviknight|U-turn|p2a: Alomomola
|-damage|p2a: Alomomola|95/100
|-damage|p1a: Corviknight|46/100|[from] item: Rocky Helmet|[of] p2a: Alomomola
|
|t:|1779699407
|switch|p1a: Kyurem|Kyurem|100/100|[from] U-turn
|-ability|p1a: Kyurem|Pressure
|
|upkeep
|turn|13
|
|t:|1779699412
|move|p2a: Alomomola|Protect|p2a: Alomomola
|-singleturn|p2a: Alomomola|Protect
|move|p1a: Kyurem|Substitute|p1a: Kyurem
|-start|p1a: Kyurem|Substitute
|-damage|p1a: Kyurem|75/100
|
|-heal|p1a: Kyurem|82/100|[from] item: Leftovers
|upkeep
|turn|14
|
|t:|1779699418
|move|p1a: Kyurem|Freeze-Dry|p2a: Alomomola
|-supereffective|p2a: Alomomola
|-damage|p2a: Alomomola|9/100
|move|p2a: Alomomola|Wish|p2a: Alomomola
|
|-heal|p1a: Kyurem|88/100|[from] item: Leftovers
|upkeep
|turn|15
|
|t:|1779699431
|switch|p2a: Kyurem|Kyurem|69/100
|-ability|p2a: Kyurem|Pressure
|move|p1a: Kyurem|Earth Power|p2a: Kyurem
|-damage|p2a: Kyurem|42/100
|
|-heal|p2a: Kyurem|100/100|[from] move: Wish|[wisher] Alomomola
|-heal|p1a: Kyurem|94/100|[from] item: Leftovers
|upkeep
|turn|16
|
|t:|1779699439
|move|p2a: Kyurem|Substitute|p2a: Kyurem
|-start|p2a: Kyurem|Substitute
|-damage|p2a: Kyurem|75/100
|move|p1a: Kyurem|Freeze-Dry|p2a: Kyurem
|-end|p2a: Kyurem|Substitute
|
|-heal|p2a: Kyurem|82/100|[from] item: Leftovers
|-heal|p1a: Kyurem|99/100|[from] item: Leftovers
|upkeep
|turn|17
|
|t:|1779699449
|switch|p1a: Slowking|Slowking-Galar, F|100/100
|move|p2a: Kyurem|Freeze-Dry|p1a: Slowking
|-damage|p1a: Slowking|78/100
|
|-heal|p2a: Kyurem|88/100|[from] item: Leftovers
|upkeep
|turn|18
|
|t:|1779699454
|move|p2a: Kyurem|Substitute|p2a: Kyurem
|-start|p2a: Kyurem|Substitute
|-damage|p2a: Kyurem|63/100
|move|p1a: Slowking|Future Sight|p2a: Kyurem
|-start|p1a: Slowking|move: Future Sight
|
|-heal|p2a: Kyurem|69/100|[from] item: Leftovers
|upkeep
|turn|19
|
|t:|1779699459
|move|p2a: Kyurem|Earth Power|p1a: Slowking
|-supereffective|p1a: Slowking
|-damage|p1a: Slowking|45/100
|move|p1a: Slowking|Thunder Wave||[still]
|-fail|p1a: Slowking
|
|-heal|p2a: Kyurem|75/100|[from] item: Leftovers
|upkeep
|turn|20
|
|t:|1779699465
|move|p2a: Kyurem|Earth Power|p1a: Slowking
|-supereffective|p1a: Slowking
|-damage|p1a: Slowking|7/100
|move|p1a: Slowking|Sludge Bomb|p2a: Kyurem
|-end|p2a: Kyurem|Substitute
|
|-end|p2a: Kyurem|move: Future Sight
|-damage|p2a: Kyurem|33/100
|-heal|p2a: Kyurem|40/100|[from] item: Leftovers
|upkeep
|turn|21
|
|t:|1779699474
|switch|p1a: Garganacl|Garganacl, F|100/100
|move|p2a: Kyurem|Substitute|p2a: Kyurem
|-start|p2a: Kyurem|Substitute
|-damage|p2a: Kyurem|15/100
|
|-heal|p2a: Kyurem|21/100|[from] item: Leftovers
|upkeep
|turn|22
|
|t:|1779699477
|move|p2a: Kyurem|Earth Power|p1a: Garganacl
|-supereffective|p1a: Garganacl
|-crit|p1a: Garganacl
|-damage|p1a: Garganacl|42/100
|-unboost|p1a: Garganacl|spd|1
|move|p1a: Garganacl|Stealth Rock|p2a: Kyurem
|-sidestart|p2: CherryzardX|move: Stealth Rock
|
|-heal|p2a: Kyurem|27/100|[from] item: Leftovers
|-heal|p1a: Garganacl|48/100|[from] item: Leftovers
|upkeep
|turn|23
|
|t:|1779699484
|switch|p1a: Ting-Lu|Ting-Lu|100/100
|-ability|p1a: Ting-Lu|Vessel of Ruin
|move|p2a: Kyurem|Earth Power|p1a: Ting-Lu
|-damage|p1a: Ting-Lu|88/100
|
|-heal|p2a: Kyurem|33/100|[from] item: Leftovers
|-heal|p1a: Ting-Lu|94/100|[from] item: Leftovers
|upkeep
|turn|24
|
|t:|1779699487
|move|p2a: Kyurem|Freeze-Dry|p1a: Ting-Lu
|-supereffective|p1a: Ting-Lu
|-damage|p1a: Ting-Lu|66/100
|move|p1a: Ting-Lu|Whirlwind|p2a: Kyurem
|drag|p2a: Slowking|Slowking-Galar, F|100/100
|
|-heal|p1a: Ting-Lu|72/100|[from] item: Leftovers
|upkeep
|turn|25
|
|t:|1779699495
|switch|p1a: Garganacl|Garganacl, F|48/100
|-prepare|p2a: Slowking|Chilly Reception|[premajor]
|move|p2a: Slowking|Chilly Reception|p2a: Slowking
|-weather|Snowscape
|
|t:|1779699499
|switch|p2a: Brambleghast|Brambleghast, M|100/100|[from] Chilly Reception
|-damage|p2a: Brambleghast|88/100|[from] Stealth Rock
|
|-weather|Snowscape|[upkeep]
|-heal|p1a: Garganacl|54/100|[from] item: Leftovers
|upkeep
|turn|26
|
|t:|1779699502
|move|p1a: Garganacl|Protect|p1a: Garganacl
|-singleturn|p1a: Garganacl|Protect
|move|p2a: Brambleghast|Rapid Spin|p1a: Garganacl
|-activate|p1a: Garganacl|move: Protect
|
|-weather|Snowscape|[upkeep]
|-heal|p1a: Garganacl|61/100|[from] item: Leftovers
|upkeep
|turn|27
|
|t:|1779699508
|switch|p1a: Corviknight|Corviknight, F|46/100
|-ability|p1a: Corviknight|Pressure
|move|p2a: Brambleghast|Rapid Spin|p1a: Corviknight
|-resisted|p1a: Corviknight
|-crit|p1a: Corviknight
|-damage|p1a: Corviknight|41/100
|-boost|p2a: Brambleghast|spe|1
|-damage|p2a: Brambleghast|72/100|[from] item: Rocky Helmet|[of] p1a: Corviknight
|-sideend|p2: CherryzardX|Stealth Rock|[from] move: Rapid Spin|[of] p2a: Brambleghast
|
|-weather|Snowscape|[upkeep]
|upkeep
|turn|28
|
|t:|1779699513
|switch|p2a: Alomomola|Alomomola, F|42/100
|move|p1a: Corviknight|Roost|p1a: Corviknight
|-heal|p1a: Corviknight|91/100
|-singleturn|p1a: Corviknight|move: Roost
|
|-weather|Snowscape|[upkeep]
|upkeep
|turn|29
|
|t:|1779699516
|move|p1a: Corviknight|U-turn|p2a: Alomomola
|-damage|p2a: Alomomola|34/100
|-damage|p1a: Corviknight|74/100|[from] item: Rocky Helmet|[of] p2a: Alomomola
|
|t:|1779699517
|switch|p1a: Kyurem|Kyurem|99/100|[from] U-turn
|-ability|p1a: Kyurem|Pressure
|move|p2a: Alomomola|Wish|p2a: Alomomola
|
|-weather|none
|-heal|p1a: Kyurem|100/100|[from] item: Leftovers
|upkeep
|turn|30
|
|t:|1779699524
|switch|p2a: Heatran|Heatran, F|50/100
|move|p1a: Kyurem|Freeze-Dry|p2a: Heatran
|-resisted|p2a: Heatran
|-damage|p2a: Heatran|45/100
|
|-heal|p2a: Heatran|100/100|[from] move: Wish|[wisher] Alomomola
|upkeep
|turn|31
|
|t:|1779699546
|switch|p2a: Slowking|Slowking-Galar, F|100/100
|move|p1a: Kyurem|Substitute|p1a: Kyurem
|-start|p1a: Kyurem|Substitute
|-damage|p1a: Kyurem|75/100
|
|-heal|p1a: Kyurem|82/100|[from] item: Leftovers
|upkeep
|turn|32
|
|t:|1779699551
|move|p1a: Kyurem|Earth Power|p2a: Slowking
|-supereffective|p2a: Slowking
|-damage|p2a: Slowking|62/100
|move|p2a: Slowking|Future Sight|p1a: Kyurem
|-start|p2a: Slowking|move: Future Sight
|
|-heal|p1a: Kyurem|88/100|[from] item: Leftovers
|upkeep
|turn|33
|
|t:|1779699557
|-terastallize|p1a: Kyurem|Ground
|move|p1a: Kyurem|Earth Power|p2a: Slowking
|-supereffective|p2a: Slowking
|-damage|p2a: Slowking|12/100
|move|p2a: Slowking|Sludge Bomb|p1a: Kyurem
|-resisted|p1a: Kyurem
|-activate|p1a: Kyurem|move: Substitute|[damage]
|
|-heal|p1a: Kyurem|94/100|[from] item: Leftovers
|upkeep
|turn|34
|
|t:|1779699566
|switch|p2a: Brambleghast|Brambleghast, M|72/100
|move|p1a: Kyurem|Earth Power|p2a: Brambleghast
|-resisted|p2a: Brambleghast
|-damage|p2a: Brambleghast|33/100
|
|-end|p1a: Kyurem|move: Future Sight
|-end|p1a: Kyurem|Substitute
|-heal|p1a: Kyurem|99/100|[from] item: Leftovers
|upkeep
|turn|35
|
|t:|1779699580
|move|p1a: Kyurem|Freeze-Dry|p2a: Brambleghast
|-supereffective|p2a: Brambleghast
|-damage|p2a: Brambleghast|0 fnt
|faint|p2a: Brambleghast
|
|-heal|p1a: Kyurem|100/100|[from] item: Leftovers
|upkeep
|
|t:|1779699582
|switch|p2a: Kyurem|Kyurem|33/100
|-ability|p2a: Kyurem|Pressure
|turn|36
|
|t:|1779699590
|switch|p1a: Slowking|Slowking-Galar, F|40/100
|move|p2a: Kyurem|Protect||[still]
|-fail|p2a: Kyurem
|
|-heal|p2a: Kyurem|39/100|[from] item: Leftovers
|upkeep
|turn|37
|
|t:|1779699593
|move|p2a: Kyurem|Substitute|p2a: Kyurem
|-start|p2a: Kyurem|Substitute
|-damage|p2a: Kyurem|14/100
|move|p1a: Slowking|Sludge Bomb|p2a: Kyurem
|-end|p2a: Kyurem|Substitute
|
|-heal|p2a: Kyurem|21/100|[from] item: Leftovers
|upkeep
|turn|38
|
|t:|1779699598
|move|p2a: Kyurem|Protect|p2a: Kyurem
|-singleturn|p2a: Kyurem|Protect
|move|p1a: Slowking|Future Sight|p2a: Kyurem
|-start|p1a: Slowking|move: Future Sight
|
|-heal|p2a: Kyurem|27/100|[from] item: Leftovers
|upkeep
|turn|39
|
|t:|1779699605
|move|p2a: Kyurem|Substitute|p2a: Kyurem
|-start|p2a: Kyurem|Substitute
|-damage|p2a: Kyurem|2/100
|move|p1a: Slowking|Sludge Bomb|p2a: Kyurem
|-end|p2a: Kyurem|Substitute
|
|-heal|p2a: Kyurem|8/100|[from] item: Leftovers
|upkeep
|turn|40
|
|t:|1779699610
|switch|p2a: Kingambit|Kingambit, F|100/100
|-activate|p2a: Kingambit|ability: Supreme Overlord
|-start|p2a: Kingambit|fallen1|[silent]
|-prepare|p1a: Slowking|Chilly Reception|[premajor]
|move|p1a: Slowking|Chilly Reception|p1a: Slowking
|-weather|Snowscape
|
|t:|1779699619
|switch|p1a: Kyurem|Kyurem, tera:Ground|100/100|[from] Chilly Reception
|-ability|p1a: Kyurem|Pressure
|
|-weather|Snowscape|[upkeep]
|-end|p2a: Kingambit|move: Future Sight
|-immune|p2a: Kingambit
|upkeep
|turn|41
|
|t:|1779699625
|move|p2a: Kingambit|Sucker Punch||[still]
|-fail|p2a: Kingambit
|move|p1a: Kyurem|Substitute|p1a: Kyurem
|-start|p1a: Kyurem|Substitute
|-damage|p1a: Kyurem|75/100
|
|-weather|Snowscape|[upkeep]
|-heal|p1a: Kyurem|82/100|[from] item: Leftovers
|upkeep
|turn|42
|
|t:|1779699634
|move|p1a: Kyurem|Protect|p1a: Kyurem
|-singleturn|p1a: Kyurem|Protect
|move|p2a: Kingambit|Low Kick|p1a: Kyurem
|-activate|p1a: Kyurem|move: Protect
|
|-weather|Snowscape|[upkeep]
|-heal|p1a: Kyurem|88/100|[from] item: Leftovers
|upkeep
|turn|43
|
|t:|1779699641
|-terastallize|p2a: Kingambit|Ghost
|move|p1a: Kyurem|Earth Power|p2a: Kingambit
|-crit|p2a: Kingambit
|-damage|p2a: Kingambit|21/100
|move|p2a: Kingambit|Low Kick|p1a: Kyurem
|-end|p1a: Kyurem|Substitute
|
|-weather|Snowscape|[upkeep]
|-heal|p1a: Kyurem|94/100|[from] item: Leftovers
|upkeep
|turn|44
|
|t:|1779699648
|move|p1a: Kyurem|Substitute|p1a: Kyurem
|-start|p1a: Kyurem|Substitute
|-damage|p1a: Kyurem|69/100
|move|p2a: Kingambit|Swords Dance|p2a: Kingambit
|-boost|p2a: Kingambit|atk|2
|
|-weather|none
|-heal|p1a: Kyurem|75/100|[from] item: Leftovers
|upkeep
|turn|45
|
|t:|1779699651
|move|p1a: Kyurem|Earth Power|p2a: Kingambit
|-damage|p2a: Kingambit|0 fnt
|faint|p2a: Kingambit
|-end|p2a: Kingambit|fallen1|[silent]
|
|-heal|p1a: Kyurem|81/100|[from] item: Leftovers
|upkeep
|-message|CherryzardX forfeited.
|
|win|draconotmeteor
|raw|draconotmeteor's rating: 1331 &rarr; <strong>1349</strong><br />(+18 for winning)
|raw|CherryzardX's rating: 1303 &rarr; <strong>1285</strong><br />(-18 for losing)
|l|☆CherryzardX
|player|p2|
