|j|☆Sauce or smthn
|j|☆Heroicshadow123
|t:|1779612989
|gametype|singles
|player|p1|Sauce or smthn|lance|1243
|player|p2|Heroicshadow123|265|1151
|gen|9
|tier|[Gen 9] OU
|rated|
|rule|HP Percentage Mod: HP is shown in percentages
|rule|Endless Battle Clause: Forcing endless battles is banned
|rule|Species Clause: Limit one of each Pokémon
|rule|OHKO Clause: OHKO moves are banned
|rule|Evasion Items Clause: Evasion items are banned
|rule|Evasion Moves Clause: Evasion moves are banned
|rule|Evasion Abilities Clause: Evasion abilities are banned
|rule|Sleep Moves Clause: Sleep-inducing moves are banned
|clearpoke
|poke|p1|Maushold|
|poke|p1|Dragapult, M|
|poke|p1|Kingambit, F|
|poke|p1|Meowscarada, F|
|poke|p1|Kyurem|
|poke|p1|Quaquaval, F|
|poke|p2|Lokix, M|
|poke|p2|Alomomola, F|
|poke|p2|Corviknight, F|
|poke|p2|Ceruledge, M|
|poke|p2|Dragapult, M|
|poke|p2|Great Tusk|
|teampreview
|
|t:|1779613014
|teamsize|p1|6
|teamsize|p2|6
|start
|switch|p1a: Quaquaval|Quaquaval, F|100/100
|switch|p2a: Lokix|Lokix, M|100/100
|turn|1
|inactive|Battle timer is ON: inactive players will automatically lose when time's up. (requested by Sauce or smthn)
|c|☆Sauce or smthn|Good luck
|c|☆Sauce or smthn|I just faced an offensive glowking so I’m ready for anything
|
|t:|1779613043
|move|p2a: Lokix|First Impression|p1a: Quaquaval
|-resisted|p1a: Quaquaval
|-damage|p1a: Quaquaval|19/100
|-damage|p2a: Lokix|91/100|[from] item: Life Orb
|move|p1a: Quaquaval|Aqua Step|p2a: Lokix
|-damage|p2a: Lokix|14/100
|-boost|p1a: Quaquaval|spe|1
|-damage|p1a: Quaquaval|10/100|[from] item: Life Orb
|
|upkeep
|turn|2
|
|t:|1779613058
|move|p1a: Quaquaval|Aqua Jet|p2a: Lokix
|-damage|p2a: Lokix|0 fnt
|faint|p2a: Lokix
|-ability|p1a: Quaquaval|Moxie|boost
|-boost|p1a: Quaquaval|atk|1
|-damage|p1a: Quaquaval|0 fnt|[from] item: Life Orb
|faint|p1a: Quaquaval
|
|upkeep
|inactive|Sauce or smthn has 120 seconds left.
|
|t:|1779613084
|switch|p2a: Dragapult|Dragapult, M|100/100
|switch|p1a: Meowscarada|Meowscarada, F|100/100
|turn|3
|
|t:|1779613101
|move|p2a: Dragapult|Dragon Darts|p1a: Meowscarada
|-damage|p1a: Meowscarada|69/100
|-anim|p2a: Dragapult|Dragon Darts|p1a: Meowscarada
|-damage|p1a: Meowscarada|38/100
|move|p1a: Meowscarada|Knock Off|p2a: Dragapult
|-start|p1a: Meowscarada|typechange|Dark|[from] ability: Protean
|-supereffective|p2a: Dragapult
|-damage|p2a: Dragapult|0 fnt
|-enditem|p2a: Dragapult|Heavy-Duty Boots|[from] move: Knock Off|[of] p1a: Meowscarada
|faint|p2a: Dragapult
|
|upkeep
|
|t:|1779613119
|switch|p2a: Corviknight|Corviknight, F|100/100
|-ability|p2a: Corviknight|Pressure
|turn|4
|
|t:|1779613124
|move|p1a: Meowscarada|Knock Off|p2a: Corviknight
|-damage|p2a: Corviknight|55/100
|-damage|p1a: Meowscarada|21/100|[from] item: Rocky Helmet|[of] p2a: Corviknight
|-enditem|p2a: Corviknight|Rocky Helmet|[from] move: Knock Off|[of] p1a: Meowscarada
|move|p2a: Corviknight|Iron Defense|p2a: Corviknight
|-boost|p2a: Corviknight|def|2
|
|upkeep
|turn|5
|
|t:|1779613132
|move|p1a: Meowscarada|Knock Off|p2a: Corviknight
|-damage|p2a: Corviknight|41/100
|move|p2a: Corviknight|Body Press|p1a: Meowscarada
|-supereffective|p1a: Meowscarada
|-damage|p1a: Meowscarada|0 fnt
|faint|p1a: Meowscarada
|
|upkeep
|
|t:|1779613141
|switch|p1a: Kyurem|Kyurem|100/100
|-ability|p1a: Kyurem|Pressure
|turn|6
|
|t:|1779613159
|move|p1a: Kyurem|Ice Beam|p2a: Corviknight
|-damage|p2a: Corviknight|0 fnt
|faint|p2a: Corviknight
|
|upkeep
|
|t:|1779613166
|switch|p2a: Ceruledge|Ceruledge, M|100/100
|turn|7
|
|t:|1779613169
|move|p1a: Kyurem|Ice Beam|p2a: Ceruledge
|-resisted|p2a: Ceruledge
|-damage|p2a: Ceruledge|76/100
|move|p2a: Ceruledge|Bulk Up|p2a: Ceruledge
|-boost|p2a: Ceruledge|atk|1
|-boost|p2a: Ceruledge|def|1
|
|upkeep
|turn|8
|
|t:|1779613179
|switch|p1a: Kingambit|Kingambit, F|100/100
|-activate|p1a: Kingambit|ability: Supreme Overlord
|-start|p1a: Kingambit|fallen2|[silent]
|move|p2a: Ceruledge|Bitter Blade|p1a: Kingambit
|-supereffective|p1a: Kingambit
|-damage|p1a: Kingambit|3/100
|-heal|p2a: Ceruledge|100/100|[from] drain|[of] p1a: Kingambit
|
|upkeep
|turn|9
|inactive|Heroicshadow123 has 120 seconds left.
|
|t:|1779613213
|move|p2a: Ceruledge|Shadow Sneak|p1a: Kingambit
|-resisted|p1a: Kingambit
|-damage|p1a: Kingambit|0 fnt
|faint|p1a: Kingambit
|-end|p1a: Kingambit|fallen2|[silent]
|
|upkeep
|
|t:|1779613223
|switch|p1a: Maushold|Maushold|100/100
|turn|10
|
|t:|1779613228
|move|p1a: Maushold|Encore|p2a: Ceruledge
|-start|p2a: Ceruledge|Encore
|move|p2a: Ceruledge|Shadow Sneak|p1a: Maushold
|-immune|p1a: Maushold
|
|upkeep
|turn|11
|
|t:|1779613232
|switch|p2a: Great Tusk|Great Tusk|100/100
|move|p1a: Maushold|Tidy Up|p1a: Maushold
|-boost|p1a: Maushold|atk|1
|-boost|p1a: Maushold|spe|1
|
|upkeep
|turn|12
|
|t:|1779613247
|move|p1a: Maushold|Population Bomb|p2a: Great Tusk
|-damage|p2a: Great Tusk|88/100
|-damage|p2a: Great Tusk|77/100
|-damage|p2a: Great Tusk|64/100
|-damage|p2a: Great Tusk|52/100
|-damage|p2a: Great Tusk|40/100
|-damage|p2a: Great Tusk|29/100
|-damage|p2a: Great Tusk|17/100
|-damage|p2a: Great Tusk|4/100
|-damage|p2a: Great Tusk|0 fnt
|faint|p2a: Great Tusk
|-end|p2a: Great Tusk|Protosynthesis|[silent]
|-hitcount|p2: Great Tusk|9
|
|upkeep
|
|t:|1779613252
|switch|p2a: Ceruledge|Ceruledge, M|100/100
|turn|13
|
|t:|1779613265
|move|p1a: Maushold|Bite|p2a: Ceruledge
|-supereffective|p2a: Ceruledge
|-damage|p2a: Ceruledge|29/100
|move|p2a: Ceruledge|Bitter Blade|p1a: Maushold
|-damage|p1a: Maushold|37/100
|-heal|p2a: Ceruledge|55/100|[from] drain|[of] p1a: Maushold
|
|upkeep
|turn|14
|
|t:|1779613274
|-terastallize|p2a: Ceruledge|Bug
|move|p1a: Maushold|Bite|p2a: Ceruledge
|-damage|p2a: Ceruledge|16/100
|move|p2a: Ceruledge|Bitter Blade|p1a: Maushold
|-damage|p1a: Maushold|0 fnt
|-heal|p2a: Ceruledge|31/100|[from] drain|[of] p1a: Maushold
|faint|p1a: Maushold
|
|upkeep
|
|t:|1779613286
|switch|p1a: Dragapult|Dragapult, M|100/100
|turn|15
|
|t:|1779613293
|move|p2a: Ceruledge|Shadow Sneak|p1a: Dragapult
|-supereffective|p1a: Dragapult
|-damage|p1a: Dragapult|53/100
|move|p1a: Dragapult|Shadow Ball|p2a: Ceruledge
|-crit|p2a: Ceruledge
|-damage|p2a: Ceruledge|0 fnt
|faint|p2a: Ceruledge
|
|upkeep
|
|t:|1779613295
|switch|p2a: Alomomola|Alomomola, F|100/100
|turn|16
|
|t:|1779613302
|move|p1a: Dragapult|Shadow Ball|p2a: Alomomola
|-damage|p2a: Alomomola|42/100
|move|p2a: Alomomola|Wish|p2a: Alomomola
|
|upkeep
|turn|17
|
|t:|1779613307
|move|p2a: Alomomola|Protect|p2a: Alomomola
|-singleturn|p2a: Alomomola|Protect
|move|p1a: Dragapult|Shadow Ball|p2a: Alomomola
|-activate|p2a: Alomomola|move: Protect
|
|-heal|p2a: Alomomola|92/100|[from] move: Wish|[wisher] Alomomola
|upkeep
|turn|18
|
|t:|1779613314
|move|p1a: Dragapult|Shadow Ball|p2a: Alomomola
|-damage|p2a: Alomomola|26/100
|move|p2a: Alomomola|Scald|p1a: Dragapult
|-resisted|p1a: Dragapult
|-crit|p1a: Dragapult
|-damage|p1a: Dragapult|38/100
|-status|p1a: Dragapult|brn
|
|-damage|p1a: Dragapult|32/100 brn|[from] brn
|upkeep
|turn|19
|
|t:|1779613324
|move|p1a: Dragapult|Shadow Ball|p2a: Alomomola
|-damage|p2a: Alomomola|0 fnt
|faint|p2a: Alomomola
|
|win|Sauce or smthn
|raw|Sauce or smthn's rating: 1243 &rarr; <strong>1262</strong><br />(+19 for winning)
|raw|Heroicshadow123's rating: 1151 &rarr; <strong>1132</strong><br />(-19 for losing)
|l|☆Sauce or smthn
|player|p1|
