|j|☆mikael_ita
|j|☆MaxTitanium6121
|t:|1779694115
|gametype|singles
|player|p1|mikael_ita|ethan|1200
|player|p2|MaxTitanium6121|byron|1199
|gen|9
|tier|[Gen 9] OU
|rated|
|rule|HP Percentage Mod: HP is shown in percentages
|rule|Endless Battle Clause: Forcing endless battles is banned
|rule|Species Clause: Limit one of each Pokémon
|rule|OHKO Clause: OHKO moves are banned
|rule|Evasion Items Clause: Evasion items are banned
|rule|Evasion Moves Clause: Evasion moves are banned
|rule|Evasion Abilities Clause: Evasion abilities are banned
|rule|Sleep Moves Clause: Sleep-inducing moves are banned
|clearpoke
|poke|p1|Cinderace, F|
|poke|p1|Zoroark-Hisui, M|
|poke|p1|Ogerpon-Wellspring, F|
|poke|p1|Iron Valiant|
|poke|p1|Dragonite, M|
|poke|p1|Kingambit, M|
|poke|p2|Torterra, M|
|poke|p2|Yanmega, M|
|poke|p2|Bastiodon, M|
|poke|p2|Cinderace, M|
|poke|p2|Samurott-Hisui, M|
|poke|p2|Whimsicott, F|
|teampreview
|inactive|Battle timer is ON: inactive players will automatically lose when time's up. (requested by mikael_ita)
|
|t:|1779694119
|teamsize|p1|6
|teamsize|p2|6
|start
|switch|p1a: Cinderace|Cinderace, F|100/100
|switch|p2a: Torterror|Torterra, M|100/100
|turn|1
|
|t:|1779694126
|switch|p2a: Samurott|Samurott-Hisui, M, shiny|100/100
|move|p1a: Cinderace|U-turn|p2a: Samurott
|-start|p1a: Cinderace|typechange|Bug|[from] ability: Libero
|-supereffective|p2a: Samurott
|-damage|p2a: Samurott|9/100
|
|t:|1779694132
|switch|p1a: Ogerpon|Ogerpon-Wellspring, F|100/100|[from] U-turn
|
|upkeep
|turn|2
|
|t:|1779694139
|move|p1a: Ogerpon|U-turn|p2a: Samurott
|-supereffective|p2a: Samurott
|-damage|p2a: Samurott|0 fnt
|faint|p2a: Samurott
|
|t:|1779694143
|switch|p1a: Dragonite|Dragonite, M|100/100|[from] U-turn
|
|upkeep
|
|t:|1779694149
|switch|p2a: Torterror|Torterra, M|100/100
|turn|3
|
|t:|1779694153
|move|p1a: Dragonite|Dragon Dance|p1a: Dragonite
|-boost|p1a: Dragonite|atk|1
|-boost|p1a: Dragonite|spe|1
|move|p2a: Torterror|Shell Smash|p2a: Torterror
|-unboost|p2a: Torterror|def|1
|-unboost|p2a: Torterror|spd|1
|-boost|p2a: Torterror|atk|2
|-boost|p2a: Torterror|spa|2
|-boost|p2a: Torterror|spe|2
|
|upkeep
|turn|4
|
|t:|1779694171
|-terastallize|p1a: Dragonite|Normal
|move|p1a: Dragonite|Extreme Speed|p2a: Torterror
|-damage|p2a: Torterror|0 fnt
|faint|p2a: Torterror
|
|upkeep
|
|t:|1779694178
|switch|p2a: Cinderace|Cinderace, M|100/100
|turn|5
|
|t:|1779694183
|move|p1a: Dragonite|Dragon Dance|p1a: Dragonite
|-boost|p1a: Dragonite|atk|1
|-boost|p1a: Dragonite|spe|1
|move|p2a: Cinderace|High Jump Kick|p1a: Dragonite|[miss]
|-start|p2a: Cinderace|typechange|Fighting|[from] ability: Libero
|-miss|p2a: Cinderace|p1a: Dragonite
|-damage|p2a: Cinderace|51/100|[from] highjumpkick
|
|upkeep
|turn|6
|-message|MaxTitanium6121 forfeited.
|
|win|mikael_ita
|raw|mikael_ita's rating: 1200 &rarr; <strong>1225</strong><br />(+25 for winning)
|raw|MaxTitanium6121's rating: 1199 &rarr; <strong>1174</strong><br />(-25 for losing)
|l|☆MaxTitanium6121
|player|p2|
|l|☆mikael_ita
|player|p1|
