|j|☆amaannn
|j|☆GwopMerchant
|t:|1779647214
|gametype|singles
|player|p1|amaannn|biker-gen4|1127
|player|p2|GwopMerchant|170|1073
|gen|9
|tier|[Gen 9] OU
|rated|
|rule|HP Percentage Mod: HP is shown in percentages
|rule|Endless Battle Clause: Forcing endless battles is banned
|rule|Species Clause: Limit one of each Pokémon
|rule|OHKO Clause: OHKO moves are banned
|rule|Evasion Items Clause: Evasion items are banned
|rule|Evasion Moves Clause: Evasion moves are banned
|rule|Evasion Abilities Clause: Evasion abilities are banned
|rule|Sleep Moves Clause: Sleep-inducing moves are banned
|clearpoke
|poke|p1|Tyranitar, M|
|poke|p1|Darkrai|
|poke|p1|Dragonite, M|
|poke|p1|Excadrill, M|
|poke|p1|Serperior, M|
|poke|p1|Zoroark-Hisui, F|
|poke|p2|Talonflame, M|
|poke|p2|Seviper, M|
|poke|p2|Cryogonal|
|poke|p2|Gligar, M|
|poke|p2|Conkeldurr, M|
|poke|p2|Latios, M|
|teampreview
|
|t:|1779647233
|teamsize|p1|6
|teamsize|p2|6
|start
|switch|p1a: Dragonite|Dragonite, M|100/100
|switch|p2a: Dua Lipa|Gligar, M, shiny|100/100
|turn|1
|inactive|Battle timer is ON: inactive players will automatically lose when time's up. (requested by GwopMerchant)
|
|t:|1779647242
|move|p1a: Dragonite|Dragon Dance|p1a: Dragonite
|-boost|p1a: Dragonite|atk|1
|-boost|p1a: Dragonite|spe|1
|move|p2a: Dua Lipa|Stealth Rock|p1a: Dragonite
|-sidestart|p1: amaannn|move: Stealth Rock
|
|upkeep
|turn|2
|
|t:|1779647271
|move|p1a: Dragonite|Ice Spinner|p2a: Dua Lipa
|-supereffective|p2a: Dua Lipa
|-damage|p2a: Dua Lipa|8/100
|move|p2a: Dua Lipa|Knock Off|p1a: Dragonite
|-damage|p1a: Dragonite|91/100
|-enditem|p1a: Dragonite|Heavy-Duty Boots|[from] move: Knock Off|[of] p2a: Dua Lipa
|
|upkeep
|turn|3
|
|t:|1779647279
|move|p1a: Dragonite|Extreme Speed|p2a: Dua Lipa
|-damage|p2a: Dua Lipa|0 fnt
|faint|p2a: Dua Lipa
|
|upkeep
|inactive|GwopMerchant has 120 seconds left.
|
|t:|1779647298
|switch|p2a: Frozone|Cryogonal|100/100
|turn|4
|
|t:|1779647319
|move|p1a: Dragonite|Earthquake|p2a: Frozone
|-immune|p2a: Frozone|[from] ability: Levitate
|move|p2a: Frozone|Freeze-Dry|p1a: Dragonite
|-supereffective|p1a: Dragonite
|-damage|p1a: Dragonite|0 fnt
|faint|p1a: Dragonite
|
|upkeep
|
|t:|1779647329
|switch|p1a: Tyranitar|Tyranitar, M|100/100
|-damage|p1a: Tyranitar|88/100|[from] Stealth Rock
|-weather|Sandstorm|[from] ability: Sand Stream|[of] p1a: Tyranitar
|turn|5
|
|t:|1779647350
|switch|p2a: Rico|Conkeldurr, M|100/100
|move|p1a: Tyranitar|Stone Edge|p2a: Rico
|-resisted|p2a: Rico
|-damage|p2a: Rico|77/100
|
|-weather|Sandstorm|[upkeep]
|-damage|p2a: Rico|71/100|[from] Sandstorm
|upkeep
|turn|6
|
|t:|1779647359
|switch|p1a: Serperior|Serperior, M|100/100
|-damage|p1a: Serperior|88/100|[from] Stealth Rock
|move|p2a: Rico|Dynamic Punch|p1a: Serperior|[miss]
|-miss|p2a: Rico|p1a: Serperior
|-enditem|p2a: Rico|Blunder Policy
|-boost|p2a: Rico|spe|2
|
|-weather|Sandstorm|[upkeep]
|-damage|p2a: Rico|65/100|[from] Sandstorm
|-damage|p1a: Serperior|82/100|[from] Sandstorm
|-heal|p1a: Serperior|88/100|[from] item: Leftovers
|upkeep
|turn|7
|
|t:|1779647373
|-terastallize|p1a: Serperior|Fire
|move|p2a: Rico|Drain Punch|p1a: Serperior
|-damage|p1a: Serperior|33/100
|-heal|p2a: Rico|92/100|[from] drain|[of] p1a: Serperior
|move|p1a: Serperior|Leaf Storm|p2a: Rico
|-damage|p2a: Rico|38/100
|-boost|p1a: Serperior|spa|2
|
|-weather|Sandstorm|[upkeep]
|-damage|p2a: Rico|32/100|[from] Sandstorm
|-damage|p1a: Serperior|27/100|[from] Sandstorm
|-heal|p1a: Serperior|33/100|[from] item: Leftovers
|upkeep
|turn|8
|
|t:|1779647388
|move|p2a: Rico|Drain Punch|p1a: Serperior
|-damage|p1a: Serperior|0 fnt
|-heal|p2a: Rico|48/100|[from] drain|[of] p1a: Serperior
|faint|p1a: Serperior
|
|-weather|Sandstorm|[upkeep]
|-damage|p2a: Rico|42/100|[from] Sandstorm
|upkeep
|
|t:|1779647396
|switch|p1a: Darkrai|Darkrai|100/100
|-damage|p1a: Darkrai|88/100|[from] Stealth Rock
|turn|9
|
|t:|1779647405
|move|p2a: Rico|Drain Punch|p1a: Darkrai
|-immune|p1a: Darkrai
|move|p1a: Darkrai|Shadow Ball|p2a: Rico
|-damage|p2a: Rico|0 fnt
|faint|p2a: Rico
|
|-weather|none
|upkeep
|
|t:|1779647420
|switch|p2a: Frozone|Cryogonal|100/100
|turn|10
|
|t:|1779647430
|move|p1a: Darkrai|Nasty Plot|p1a: Darkrai
|-boost|p1a: Darkrai|spa|2
|move|p2a: Frozone|Freeze-Dry|p1a: Darkrai
|-damage|p1a: Darkrai|29/100
|replace|p1a: Zoroark|Zoroark-Hisui, F
|-end|p1a: Zoroark|Illusion
|
|upkeep
|turn|11
|inactive|GwopMerchant has 120 seconds left.
|
|t:|1779647468
|move|p1a: Zoroark|Focus Blast|p2a: Frozone
|-supereffective|p2a: Frozone
|-damage|p2a: Frozone|0 fnt
|faint|p2a: Frozone
|
|upkeep
|
|t:|1779647475
|switch|p2a: Bosh Bird|Talonflame, M|100/100
|turn|12
|
|t:|1779647491
|move|p2a: Bosh Bird|Brave Bird|p1a: Zoroark
|-damage|p1a: Zoroark|0 fnt
|faint|p1a: Zoroark
|-damage|p2a: Bosh Bird|94/100|[from] Recoil
|
|upkeep
|
|t:|1779647508
|switch|p1a: Tyranitar|Tyranitar, M|88/100
|-damage|p1a: Tyranitar|76/100|[from] Stealth Rock
|-weather|Sandstorm|[from] ability: Sand Stream|[of] p1a: Tyranitar
|turn|13
|
|t:|1779647521
|move|p2a: Bosh Bird|U-turn|p1a: Tyranitar
|-supereffective|p1a: Tyranitar
|-damage|p1a: Tyranitar|56/100
|
|t:|1779647528
|switch|p2a: BadaBing|Latios, M|100/100|[from] U-turn
|move|p1a: Tyranitar|Stone Edge|p2a: BadaBing
|-damage|p2a: BadaBing|40/100
|
|-weather|Sandstorm|[upkeep]
|-damage|p2a: BadaBing|34/100|[from] Sandstorm
|upkeep
|turn|14
|
|t:|1779647536
|move|p2a: BadaBing|Earthquake|p1a: Tyranitar
|-supereffective|p1a: Tyranitar
|-damage|p1a: Tyranitar|16/100
|move|p1a: Tyranitar|Knock Off|p2a: BadaBing
|-supereffective|p2a: BadaBing
|-damage|p2a: BadaBing|0 fnt
|-enditem|p2a: BadaBing|Soul Dew|[from] move: Knock Off|[of] p1a: Tyranitar
|faint|p2a: BadaBing
|
|-weather|Sandstorm|[upkeep]
|upkeep
|
|t:|1779647558
|switch|p2a: Boogie|Seviper, M, shiny|100/100
|turn|15
|
|t:|1779647562
|move|p2a: Boogie|Trailblaze|p1a: Tyranitar
|-supereffective|p1a: Tyranitar
|-damage|p1a: Tyranitar|0 fnt
|-boost|p2a: Boogie|spe|1
|faint|p1a: Tyranitar
|
|-weather|Sandstorm|[upkeep]
|-damage|p2a: Boogie|95/100|[from] Sandstorm
|-heal|p2a: Boogie|100/100|[from] item: Leftovers
|upkeep
|
|t:|1779647571
|switch|p1a: Excadrill|Excadrill, M|100/100
|-damage|p1a: Excadrill|97/100|[from] Stealth Rock
|turn|16
|
|t:|1779647582
|-terastallize|p2a: Boogie|Ground
|move|p1a: Excadrill|Swords Dance|p1a: Excadrill
|-boost|p1a: Excadrill|atk|2
|move|p2a: Boogie|Earthquake|p1a: Excadrill
|-supereffective|p1a: Excadrill
|-damage|p1a: Excadrill|0 fnt
|faint|p1a: Excadrill
|
|-weather|Sandstorm|[upkeep]
|upkeep
|
|t:|1779647591
|switch|p1a: Darkrai|Darkrai|100/100
|-damage|p1a: Darkrai|88/100|[from] Stealth Rock
|turn|17
|
|t:|1779647605
|move|p1a: Darkrai|Ice Beam|p2a: Boogie
|-supereffective|p2a: Boogie
|-damage|p2a: Boogie|0 fnt
|faint|p2a: Boogie
|-damage|p1a: Darkrai|78/100|[from] item: Life Orb
|
|-weather|none
|upkeep
|
|t:|1779647607
|switch|p2a: Bosh Bird|Talonflame, M|94/100
|turn|18
|
|t:|1779647619
|move|p2a: Bosh Bird|U-turn|p1a: Darkrai
|-supereffective|p1a: Darkrai
|-damage|p1a: Darkrai|43/100
|move|p1a: Darkrai|Dark Pulse|p2a: Bosh Bird
|-damage|p2a: Bosh Bird|22/100
|-damage|p1a: Darkrai|33/100|[from] item: Life Orb
|
|upkeep
|turn|19
|
|t:|1779647627
|move|p2a: Bosh Bird|Brave Bird|p1a: Darkrai
|-damage|p1a: Darkrai|0 fnt
|faint|p1a: Darkrai
|-damage|p2a: Bosh Bird|14/100|[from] Recoil
|
|win|GwopMerchant
|raw|amaannn's rating: 1127 &rarr; <strong>1098</strong><br />(-29 for losing)
|raw|GwopMerchant's rating: 1073 &rarr; <strong>1107</strong><br />(+34 for winning)
|l|☆amaannn
|player|p1|
|c|☆GwopMerchant|gg
|l|☆GwopMerchant
|player|p2|
