|j|☆runningdan
|j|☆cnette
|t:|1779716606
|gametype|singles
|player|p1|runningdan|102|1447
|player|p2|cnette|erika|1477
|gen|9
|tier|[Gen 9] OU
|rated|
|rule|HP Percentage Mod: HP is shown in percentages
|rule|Endless Battle Clause: Forcing endless battles is banned
|rule|Species Clause: Limit one of each Pokémon
|rule|OHKO Clause: OHKO moves are banned
|rule|Evasion Items Clause: Evasion items are banned
|rule|Evasion Moves Clause: Evasion moves are banned
|rule|Evasion Abilities Clause: Evasion abilities are banned
|rule|Sleep Moves Clause: Sleep-inducing moves are banned
|clearpoke
|poke|p1|Pelipper, F|
|poke|p1|Barraskewda, M|
|poke|p1|Ogerpon-Wellspring, F|
|poke|p1|Scizor, F|
|poke|p1|Walking Wake|
|poke|p1|Raging Bolt|
|poke|p2|Lilligant-Hisui, F|
|poke|p2|Arcanine-Hisui, M|
|poke|p2|Walking Wake|
|poke|p2|Torkoal, M|
|poke|p2|Great Tusk|
|poke|p2|Corviknight, M|
|teampreview
|inactive|Battle timer is ON: inactive players will automatically lose when time's up. (requested by runningdan)
|inactive|cnette also wants the timer to be on.
|
|t:|1779716618
|teamsize|p1|6
|teamsize|p2|6
|start
|switch|p1a: Walking Wake|Walking Wake|100/100
|switch|p2a: Corviknight|Corviknight, M|100/100
|-ability|p2a: Corviknight|Pressure
|turn|1
|
|t:|1779716627
|switch|p2a: Walking Wake|Walking Wake|100/100
|move|p1a: Walking Wake|Hydro Steam|p2a: Walking Wake
|-resisted|p2a: Walking Wake
|-damage|p2a: Walking Wake|82/100
|
|upkeep
|turn|2
|
|t:|1779716634
|-end|p1a: Walking Wake|Protosynthesis|[silent]
|switch|p1a: Scizor|Scizor, F|100/100
|move|p2a: Walking Wake|Draco Meteor|p1a: Scizor|[miss]
|-miss|p2a: Walking Wake|p1a: Scizor
|
|upkeep
|turn|3
|
|t:|1779716646
|-end|p2a: Walking Wake|Protosynthesis|[silent]
|switch|p2a: Corviknight|Corviknight, M|100/100
|-ability|p2a: Corviknight|Pressure
|move|p1a: Scizor|U-turn|p2a: Corviknight
|-resisted|p2a: Corviknight
|-damage|p2a: Corviknight|94/100
|-damage|p1a: Scizor|84/100|[from] item: Rocky Helmet|[of] p2a: Corviknight
|
|t:|1779716650
|switch|p1a: Raging Bolt|Raging Bolt|100/100|[from] U-turn
|-enditem|p1a: Raging Bolt|Booster Energy
|-activate|p1a: Raging Bolt|ability: Protosynthesis|[fromitem]
|-start|p1a: Raging Bolt|protosynthesisspa
|
|upkeep
|turn|4
|
|t:|1779716660
|switch|p2a: Great Tusk|Great Tusk|100/100
|move|p1a: Raging Bolt|Draco Meteor|p2a: Great Tusk
|-damage|p2a: Great Tusk|0 fnt
|-unboost|p1a: Raging Bolt|spa|2
|faint|p2a: Great Tusk
|-end|p2a: Great Tusk|Protosynthesis|[silent]
|
|upkeep
|
|t:|1779716667
|switch|p2a: Walking Wake|Walking Wake|82/100
|turn|5
|
|t:|1779716672
|-end|p1a: Raging Bolt|Protosynthesis|[silent]
|switch|p1a: Scizor|Scizor, F|84/100
|move|p2a: Walking Wake|Flamethrower|p1a: Scizor
|-supereffective|p1a: Scizor
|-damage|p1a: Scizor|0 fnt
|faint|p1a: Scizor
|
|upkeep
|
|t:|1779716685
|switch|p1a: Walking Wake|Walking Wake|100/100
|turn|6
|
|t:|1779716695
|-end|p2a: Walking Wake|Protosynthesis|[silent]
|switch|p2a: Corviknight|Corviknight, M|94/100
|-ability|p2a: Corviknight|Pressure
|move|p1a: Walking Wake|Draco Meteor|p2a: Corviknight
|-resisted|p2a: Corviknight
|-damage|p2a: Corviknight|44/100
|-unboost|p1a: Walking Wake|spa|2
|
|upkeep
|turn|7
|
|t:|1779716708
|-end|p1a: Walking Wake|Protosynthesis|[silent]
|switch|p1a: Pelipper|Pelipper, F|100/100
|-weather|RainDance|[from] ability: Drizzle|[of] p1a: Pelipper
|move|p2a: Corviknight|U-turn|p1a: Pelipper
|-resisted|p1a: Pelipper
|-damage|p1a: Pelipper|93/100
|
|t:|1779716717
|switch|p2a: Arcanine|Arcanine-Hisui, M|100/100|[from] U-turn
|
|-weather|RainDance|[upkeep]
|upkeep
|turn|8
|
|t:|1779716727
|move|p1a: Pelipper|Protect|p1a: Pelipper
|-singleturn|p1a: Pelipper|Protect
|move|p2a: Arcanine|Head Smash|p1a: Pelipper
|-activate|p1a: Pelipper|move: Protect
|
|-weather|RainDance|[upkeep]
|upkeep
|turn|9
|
|t:|1779716751
|switch|p1a: Raging Bolt|Raging Bolt|100/100
|move|p2a: Arcanine|Head Smash|p1a: Raging Bolt
|-damage|p1a: Raging Bolt|0 fnt
|faint|p1a: Raging Bolt
|-end|p1a: Raging Bolt|Protosynthesis|[silent]
|
|-weather|RainDance|[upkeep]
|upkeep
|
|t:|1779716755
|switch|p1a: Walking Wake|Walking Wake|100/100
|turn|10
|
|t:|1779716760
|switch|p2a: Corviknight|Corviknight, M|44/100
|-ability|p2a: Corviknight|Pressure
|move|p1a: Walking Wake|Flip Turn|p2a: Corviknight
|-damage|p2a: Corviknight|29/100
|-damage|p1a: Walking Wake|84/100|[from] item: Rocky Helmet|[of] p2a: Corviknight
|
|t:|1779716767
|-end|p1a: Walking Wake|Protosynthesis|[silent]
|switch|p1a: Demonic Entity|Ogerpon-Wellspring, F|100/100|[from] Flip Turn
|
|-weather|RainDance|[upkeep]
|upkeep
|turn|11
|
|t:|1779716779
|move|p1a: Demonic Entity|Ivy Cudgel|p2a: Corviknight|[anim] Ivy Cudgel Water
|-damage|p2a: Corviknight|0 fnt
|faint|p2a: Corviknight
|
|-weather|RainDance|[upkeep]
|upkeep
|
|t:|1779716784
|switch|p2a: Torkoal|Torkoal, M|100/100
|-weather|SunnyDay|[from] ability: Drought|[of] p2a: Torkoal
|turn|12
|
|t:|1779716791
|switch|p1a: Pelipper|Pelipper, F|93/100
|-weather|RainDance|[from] ability: Drizzle|[of] p1a: Pelipper
|switch|p2a: Walking Wake|Walking Wake|82/100
|
|-weather|RainDance|[upkeep]
|upkeep
|turn|13
|
|t:|1779716798
|move|p1a: Pelipper|Protect|p1a: Pelipper
|-singleturn|p1a: Pelipper|Protect
|move|p2a: Walking Wake|Draco Meteor|p1a: Pelipper
|-activate|p1a: Pelipper|move: Protect
|
|-weather|RainDance|[upkeep]
|upkeep
|turn|14
|
|t:|1779716810
|switch|p1a: Walking Wake|Walking Wake|84/100
|move|p2a: Walking Wake|Draco Meteor|p1a: Walking Wake
|-supereffective|p1a: Walking Wake
|-damage|p1a: Walking Wake|0 fnt
|-unboost|p2a: Walking Wake|spa|2
|faint|p1a: Walking Wake
|-end|p1a: Walking Wake|Protosynthesis|[silent]
|
|-weather|RainDance|[upkeep]
|upkeep
|
|t:|1779716826
|switch|p1a: Demonic Entity|Ogerpon-Wellspring, F|100/100
|turn|15
|
|t:|1779716836
|-end|p2a: Walking Wake|Protosynthesis|[silent]
|switch|p2a: Torkoal|Torkoal, M|100/100
|-weather|SunnyDay|[from] ability: Drought|[of] p2a: Torkoal
|-terastallize|p1a: Demonic Entity|Water
|detailschange|p1a: Demonic Entity|Ogerpon-Wellspring-Tera, F, tera:Water
|-ability|p1a: Demonic Entity|Embody Aspect (Wellspring)|boost
|-boost|p1a: Demonic Entity|spd|1
|move|p1a: Demonic Entity|Swords Dance|p1a: Demonic Entity
|-boost|p1a: Demonic Entity|atk|2
|
|-weather|SunnyDay|[upkeep]
|upkeep
|turn|16
|
|t:|1779716852
|-terastallize|p2a: Torkoal|Fairy
|move|p1a: Demonic Entity|Ivy Cudgel|p2a: Torkoal|[anim] Ivy Cudgel Water
|-damage|p2a: Torkoal|37/100
|move|p2a: Torkoal|Clear Smog|p1a: Demonic Entity
|-damage|p1a: Demonic Entity|90/100
|-clearboost|p1a: Demonic Entity
|
|-weather|SunnyDay|[upkeep]
|upkeep
|turn|17
|
|t:|1779716866
|switch|p1a: Pelipper|Pelipper, F|93/100
|-weather|RainDance|[from] ability: Drizzle|[of] p1a: Pelipper
|switch|p2a: Walking Wake|Walking Wake|82/100
|
|-weather|RainDance|[upkeep]
|upkeep
|turn|18
|
|t:|1779716874
|move|p2a: Walking Wake|Draco Meteor|p1a: Pelipper
|-damage|p1a: Pelipper|0 fnt
|-unboost|p2a: Walking Wake|spa|2
|faint|p1a: Pelipper
|
|-weather|RainDance|[upkeep]
|upkeep
|
|t:|1779716877
|switch|p1a: Barraskewda|Barraskewda, M|100/100
|turn|19
|
|t:|1779716884
|-end|p2a: Walking Wake|Protosynthesis|[silent]
|switch|p2a: Torkoal|Torkoal, M, tera:Fairy|37/100
|-weather|SunnyDay|[from] ability: Drought|[of] p2a: Torkoal
|move|p1a: Barraskewda|Close Combat|p2a: Torkoal
|-resisted|p2a: Torkoal
|-damage|p2a: Torkoal|8/100
|-unboost|p1a: Barraskewda|def|1
|-unboost|p1a: Barraskewda|spd|1
|
|-weather|SunnyDay|[upkeep]
|upkeep
|turn|20
|
|t:|1779716893
|move|p1a: Barraskewda|Close Combat|p2a: Torkoal
|-resisted|p2a: Torkoal
|-crit|p2a: Torkoal
|-damage|p2a: Torkoal|0 fnt
|-unboost|p1a: Barraskewda|def|1
|-unboost|p1a: Barraskewda|spd|1
|faint|p2a: Torkoal
|
|-weather|SunnyDay|[upkeep]
|upkeep
|
|t:|1779716901
|switch|p2a: Lilligant|Lilligant-Hisui, F|100/100
|turn|21
|
|t:|1779716904
|move|p2a: Lilligant|Solar Blade||[still]
|-prepare|p2a: Lilligant|Solar Blade
|-anim|p2a: Lilligant|Solar Blade|p1a: Barraskewda
|-supereffective|p1a: Barraskewda
|-damage|p1a: Barraskewda|0 fnt
|faint|p1a: Barraskewda
|-damage|p2a: Lilligant|91/100|[from] item: Life Orb
|
|-weather|SunnyDay|[upkeep]
|upkeep
|
|t:|1779716907
|switch|p1a: Demonic Entity|Ogerpon-Wellspring-Tera, F, tera:Water|90/100
|-ability|p1a: Demonic Entity|Embody Aspect (Wellspring)|boost
|-boost|p1a: Demonic Entity|spd|1
|turn|22
|
|t:|1779716914
|move|p2a: Lilligant|Solar Blade||[still]
|-prepare|p2a: Lilligant|Solar Blade
|-anim|p2a: Lilligant|Solar Blade|p1a: Demonic Entity
|-supereffective|p1a: Demonic Entity
|-damage|p1a: Demonic Entity|0 fnt
|faint|p1a: Demonic Entity
|detailschange|p1: Demonic Entity|Ogerpon-Wellspring, F|[silent]
|-damage|p2a: Lilligant|81/100|[from] item: Life Orb
|
|win|cnette
|raw|runningdan's rating: 1447 &rarr; <strong>1429</strong><br />(-18 for losing)
|raw|cnette's rating: 1477 &rarr; <strong>1495</strong><br />(+18 for winning)
|l|☆runningdan
|player|p1|
