|j|☆askkw
|j|☆mehouf440
|t:|1779669678
|gametype|singles
|player|p1|askkw|101|1290
|player|p2|mehouf440|169|1286
|gen|9
|tier|[Gen 9] OU
|rated|
|rule|HP Percentage Mod: HP is shown in percentages
|rule|Endless Battle Clause: Forcing endless battles is banned
|rule|Species Clause: Limit one of each Pokémon
|rule|OHKO Clause: OHKO moves are banned
|rule|Evasion Items Clause: Evasion items are banned
|rule|Evasion Moves Clause: Evasion moves are banned
|rule|Evasion Abilities Clause: Evasion abilities are banned
|rule|Sleep Moves Clause: Sleep-inducing moves are banned
|clearpoke
|poke|p1|Lilligant, F|
|poke|p1|Ninetales, F|
|poke|p1|Great Tusk|
|poke|p1|Walking Wake|
|poke|p1|Kingambit, M|
|poke|p1|Hatterene, F|
|poke|p2|Ceruledge, F|
|poke|p2|Alomomola, F|
|poke|p2|Great Tusk|
|poke|p2|Glimmora, M|
|poke|p2|Hatterene, F|
|poke|p2|Meowscarada, M|
|teampreview
|l|☆askkw
|player|p1|
|j|☆askkw
|player|p1|askkw|101|
|
|t:|1779669739
|teamsize|p1|6
|teamsize|p2|6
|start
|switch|p1a: Ninetales|Ninetales, F, shiny|100/100
|switch|p2a: Meowscarada|Meowscarada, M|100/100
|-weather|SunnyDay|[from] ability: Drought|[of] p1a: Ninetales
|turn|1
|
|t:|1779669760
|move|p2a: Meowscarada|U-turn|p1a: Ninetales
|-start|p2a: Meowscarada|typechange|Bug|[from] ability: Protean
|-resisted|p1a: Ninetales
|-damage|p1a: Ninetales|69/100
|
|t:|1779669767
|switch|p2a: Glimmora|Glimmora, M|100/100|[from] U-turn
|move|p1a: Ninetales|Overheat|p2a: Glimmora
|-resisted|p2a: Glimmora
|-damage|p2a: Glimmora|71/100
|-unboost|p1a: Ninetales|spa|2
|
|-weather|SunnyDay|[upkeep]
|upkeep
|turn|2
|
|t:|1779669788
|switch|p1a: Hatterene|Hatterene, F|100/100
|move|p2a: Glimmora|Mortal Spin|p1a: Hatterene
|-supereffective|p1a: Hatterene
|-damage|p1a: Hatterene|89/100
|-status|p1a: Hatterene|psn
|-enditem|p1a: Hatterene|Eject Button
|
|t:|1779669794
|switch|p1a: Walking Wake|Walking Wake|100/100
|-activate|p1a: Walking Wake|ability: Protosynthesis
|-start|p1a: Walking Wake|protosynthesisspe
|
|-weather|SunnyDay|[upkeep]
|upkeep
|turn|3
|
|t:|1779669800
|switch|p2a: Alomomola|Alomomola, F|100/100
|move|p1a: Walking Wake|Hydro Steam|p2a: Alomomola
|-resisted|p2a: Alomomola
|-damage|p2a: Alomomola|47/100
|
|-weather|SunnyDay|[upkeep]
|upkeep
|turn|4
|
|t:|1779669810
|move|p2a: Alomomola|Protect|p2a: Alomomola
|-singleturn|p2a: Alomomola|Protect
|move|p1a: Walking Wake|Hydro Steam|p2a: Alomomola
|-activate|p2a: Alomomola|move: Protect
|
|-weather|SunnyDay|[upkeep]
|upkeep
|turn|5
|
|t:|1779669833
|move|p1a: Walking Wake|Hydro Steam|p2a: Alomomola
|-resisted|p2a: Alomomola
|-damage|p2a: Alomomola|0 fnt
|faint|p2a: Alomomola
|
|-weather|SunnyDay|[upkeep]
|upkeep
|
|t:|1779669841
|switch|p2a: Hatterene|Hatterene, F|100/100
|turn|6
|
|t:|1779669853
|-terastallize|p1a: Walking Wake|Water
|move|p1a: Walking Wake|Hydro Steam|p2a: Hatterene
|-damage|p2a: Hatterene|0 fnt
|faint|p2a: Hatterene
|
|-weather|SunnyDay|[upkeep]
|upkeep
|
|t:|1779669859
|switch|p2a: Meowscarada|Meowscarada, M|100/100
|turn|7
|
|t:|1779669874
|-end|p1a: Walking Wake|Protosynthesis|[silent]
|switch|p1a: Hatterene|Hatterene, F|89/100 psn
|switch|p2a: Glimmora|Glimmora, M|71/100
|
|-weather|SunnyDay|[upkeep]
|-damage|p1a: Hatterene|77/100 psn|[from] psn
|upkeep
|turn|8
|
|t:|1779669882
|move|p2a: Glimmora|Sludge Wave|p1a: Hatterene
|-supereffective|p1a: Hatterene
|-damage|p1a: Hatterene|0 fnt
|faint|p1a: Hatterene
|
|-weather|none
|upkeep
|
|t:|1779669889
|switch|p1a: Ninetales|Ninetales, F, shiny|69/100
|-weather|SunnyDay|[from] ability: Drought|[of] p1a: Ninetales
|turn|9
|
|t:|1779669893
|switch|p1a: Kingambit|Kingambit, M|100/100
|-activate|p1a: Kingambit|ability: Supreme Overlord
|-start|p1a: Kingambit|fallen1|[silent]
|move|p2a: Glimmora|Power Gem|p1a: Kingambit
|-resisted|p1a: Kingambit
|-damage|p1a: Kingambit|77/100
|
|-weather|SunnyDay|[upkeep]
|upkeep
|turn|10
|
|t:|1779669902
|switch|p2a: Great Tusk|Great Tusk|100/100
|-activate|p2a: Great Tusk|ability: Protosynthesis
|-start|p2a: Great Tusk|protosynthesisatk
|move|p1a: Kingambit|Iron Head|p2a: Great Tusk
|-damage|p2a: Great Tusk|70/100
|
|-weather|SunnyDay|[upkeep]
|-heal|p2a: Great Tusk|76/100|[from] item: Leftovers
|upkeep
|turn|11
|
|t:|1779669917
|-end|p1a: Kingambit|fallen1|[silent]
|switch|p1a: Lilligant|Lilligant, F|100/100
|move|p2a: Great Tusk|Body Press|p1a: Lilligant
|-damage|p1a: Lilligant|33/100
|
|-weather|SunnyDay|[upkeep]
|-heal|p2a: Great Tusk|82/100|[from] item: Leftovers
|upkeep
|turn|12
|
|t:|1779669930
|-end|p2a: Great Tusk|Protosynthesis|[silent]
|switch|p2a: Meowscarada|Meowscarada, M|100/100
|move|p1a: Lilligant|Giga Drain|p2a: Meowscarada
|-resisted|p2a: Meowscarada
|-damage|p2a: Meowscarada|66/100
|-heal|p1a: Lilligant|51/100|[from] drain|[of] p2a: Meowscarada
|-damage|p1a: Lilligant|41/100|[from] item: Life Orb
|
|-weather|SunnyDay|[upkeep]
|upkeep
|turn|13
|
|t:|1779669936
|move|p1a: Lilligant|Weather Ball|p2a: Meowscarada
|-supereffective|p2a: Meowscarada
|-damage|p2a: Meowscarada|0 fnt
|faint|p2a: Meowscarada
|-damage|p1a: Lilligant|31/100|[from] item: Life Orb
|
|-weather|SunnyDay|[upkeep]
|upkeep
|
|t:|1779669939
|switch|p2a: Ceruledge|Ceruledge, F|100/100
|-item|p2a: Ceruledge|Air Balloon
|turn|14
|
|t:|1779669947
|switch|p1a: Ninetales|Ninetales, F, shiny|69/100
|move|p2a: Ceruledge|Swords Dance|p2a: Ceruledge
|-boost|p2a: Ceruledge|atk|2
|
|-weather|SunnyDay|[upkeep]
|upkeep
|turn|15
|
|t:|1779669955
|move|p1a: Ninetales|Encore|p2a: Ceruledge
|-start|p2a: Ceruledge|Encore
|move|p2a: Ceruledge|Swords Dance|p2a: Ceruledge
|-boost|p2a: Ceruledge|atk|2
|
|-weather|SunnyDay|[upkeep]
|upkeep
|turn|16
|
|t:|1779669959
|switch|p1a: Kingambit|Kingambit, M|77/100
|-activate|p1a: Kingambit|ability: Supreme Overlord
|-start|p1a: Kingambit|fallen1|[silent]
|move|p2a: Ceruledge|Swords Dance|p2a: Ceruledge
|-boost|p2a: Ceruledge|atk|2
|
|-weather|none
|upkeep
|turn|17
|
|t:|1779669968
|-terastallize|p2a: Ceruledge|Fighting
|move|p2a: Ceruledge|Swords Dance|p2a: Ceruledge
|-boost|p2a: Ceruledge|atk|0
|move|p1a: Kingambit|Iron Head|p2a: Ceruledge
|-damage|p2a: Ceruledge|20/100
|-ability|p2a: Ceruledge|Weak Armor|boost
|-unboost|p2a: Ceruledge|def|1
|-boost|p2a: Ceruledge|spe|2
|-enditem|p2a: Ceruledge|Air Balloon
|
|-end|p2a: Ceruledge|Encore
|upkeep
|turn|18
|
|t:|1779669976
|move|p1a: Kingambit|Sucker Punch|p2a: Ceruledge
|-resisted|p2a: Ceruledge
|-damage|p2a: Ceruledge|0 fnt
|faint|p2a: Ceruledge
|
|upkeep
|
|t:|1779669979
|switch|p2a: Great Tusk|Great Tusk|82/100
|turn|19
|
|t:|1779669985
|-end|p1a: Kingambit|fallen1|[silent]
|switch|p1a: Ninetales|Ninetales, F, shiny|69/100
|-weather|SunnyDay|[from] ability: Drought|[of] p1a: Ninetales
|-activate|p2a: Great Tusk|ability: Protosynthesis
|-start|p2a: Great Tusk|protosynthesisatk
|move|p2a: Great Tusk|Bulk Up|p2a: Great Tusk
|-boost|p2a: Great Tusk|atk|1
|-boost|p2a: Great Tusk|def|1
|
|-weather|SunnyDay|[upkeep]
|-heal|p2a: Great Tusk|89/100|[from] item: Leftovers
|upkeep
|turn|20
|
|t:|1779669993
|move|p1a: Ninetales|Encore|p2a: Great Tusk
|-start|p2a: Great Tusk|Encore
|move|p2a: Great Tusk|Bulk Up|p2a: Great Tusk
|-boost|p2a: Great Tusk|atk|1
|-boost|p2a: Great Tusk|def|1
|
|-weather|SunnyDay|[upkeep]
|-heal|p2a: Great Tusk|95/100|[from] item: Leftovers
|upkeep
|turn|21
|
|t:|1779669996
|move|p1a: Ninetales|Healing Wish|p1a: Ninetales
|faint|p1a: Ninetales
|move|p2a: Great Tusk|Bulk Up|p2a: Great Tusk
|-boost|p2a: Great Tusk|atk|1
|-boost|p2a: Great Tusk|def|1
|
|-weather|SunnyDay|[upkeep]
|-heal|p2a: Great Tusk|100/100|[from] item: Leftovers
|upkeep
|
|t:|1779670006
|switch|p1a: Walking Wake|Walking Wake, tera:Water|100/100
|-activate|p1a: Walking Wake|ability: Protosynthesis
|-start|p1a: Walking Wake|protosynthesisspe
|turn|22
|
|t:|1779670010
|move|p1a: Walking Wake|Hydro Steam|p2a: Great Tusk
|-supereffective|p2a: Great Tusk
|-damage|p2a: Great Tusk|0 fnt
|faint|p2a: Great Tusk
|-end|p2a: Great Tusk|Protosynthesis|[silent]
|
|-weather|SunnyDay|[upkeep]
|upkeep
|-message|mehouf440 forfeited.
|
|win|askkw
|raw|askkw's rating: 1290 &rarr; <strong>1315</strong><br />(+25 for winning)
|raw|mehouf440's rating: 1286 &rarr; <strong>1261</strong><br />(-25 for losing)
|l|☆mehouf440
|player|p2|
