|j|☆t7pu
|j|☆slowlyfadingaway
|t:|1779706305
|gametype|singles
|player|p1|t7pu|clair|1271
|player|p2|slowlyfadingaway|veteran|1303
|gen|9
|tier|[Gen 9] OU
|rated|
|rule|HP Percentage Mod: HP is shown in percentages
|rule|Endless Battle Clause: Forcing endless battles is banned
|rule|Species Clause: Limit one of each Pokémon
|rule|OHKO Clause: OHKO moves are banned
|rule|Evasion Items Clause: Evasion items are banned
|rule|Evasion Moves Clause: Evasion moves are banned
|rule|Evasion Abilities Clause: Evasion abilities are banned
|rule|Sleep Moves Clause: Sleep-inducing moves are banned
|clearpoke
|poke|p1|Ninetales-Alola, F|
|poke|p1|Rillaboom, M|
|poke|p1|Great Tusk|
|poke|p1|Manaphy|
|poke|p1|Iron Moth|
|poke|p1|Dragonite, M|
|poke|p2|Greninja-*, M|
|poke|p2|Forretress, M|
|poke|p2|Samurott-Hisui, M|
|poke|p2|Garchomp, F|
|poke|p2|Scizor, F|
|poke|p2|Diancie|
|teampreview
|inactive|Battle timer is ON: inactive players will automatically lose when time's up. (requested by slowlyfadingaway)
|
|t:|1779706319
|teamsize|p1|6
|teamsize|p2|6
|start
|switch|p1a: Ninetales|Ninetales-Alola, F|100/100
|switch|p2a: Scizor|Scizor, F|100/100
|-weather|Snowscape|[from] ability: Snow Warning|[of] p1a: Ninetales
|turn|1
|
|t:|1779706340
|switch|p1a: Iron Moth|Iron Moth|100/100
|-enditem|p1a: Iron Moth|Booster Energy
|-activate|p1a: Iron Moth|ability: Quark Drive|[fromitem]
|-start|p1a: Iron Moth|quarkdrivespe
|move|p2a: Scizor|Bullet Punch|p1a: Iron Moth
|-resisted|p1a: Iron Moth
|-crit|p1a: Iron Moth
|-damage|p1a: Iron Moth|66/100
|
|-weather|Snowscape|[upkeep]
|upkeep
|turn|2
|
|t:|1779706353
|switch|p2a: Samurott|Samurott-Hisui, M|100/100
|move|p1a: Iron Moth|Substitute|p1a: Iron Moth
|-start|p1a: Iron Moth|Substitute
|-damage|p1a: Iron Moth|41/100
|
|-weather|Snowscape|[upkeep]
|upkeep
|turn|3
|
|t:|1779706365
|move|p1a: Iron Moth|Dazzling Gleam|p2a: Samurott
|-supereffective|p2a: Samurott
|-damage|p2a: Samurott|24/100
|move|p2a: Samurott|Ceaseless Edge|p1a: Iron Moth
|-end|p1a: Iron Moth|Substitute
|-sidestart|p1: t7pu|Spikes
|
|-weather|Snowscape|[upkeep]
|upkeep
|turn|4
|
|t:|1779706372
|move|p2a: Samurott|Aqua Jet|p1a: Iron Moth
|-supereffective|p1a: Iron Moth
|-damage|p1a: Iron Moth|0 fnt
|faint|p1a: Iron Moth
|-end|p1a: Iron Moth|Quark Drive|[silent]
|
|-weather|Snowscape|[upkeep]
|upkeep
|
|t:|1779706379
|switch|p1a: Rillaboom|Rillaboom, M|100/100
|-damage|p1a: Rillaboom|88/100|[from] Spikes
|-fieldstart|move: Grassy Terrain|[from] ability: Grassy Surge|[of] p1a: Rillaboom
|turn|5
|
|t:|1779706384
|switch|p2a: Forretress|Forretress, M|100/100
|move|p1a: Rillaboom|Grassy Glide|p2a: Forretress
|-resisted|p2a: Forretress
|-crit|p2a: Forretress
|-damage|p2a: Forretress|87/100
|
|-weather|none
|-heal|p1a: Rillaboom|94/100|[from] Grassy Terrain
|-heal|p2a: Forretress|93/100|[from] Grassy Terrain
|upkeep
|turn|6
|
|t:|1779706389
|switch|p1a: Great Tusk|Great Tusk|100/100
|-damage|p1a: Great Tusk|88/100|[from] Spikes
|-enditem|p1a: Great Tusk|Booster Energy
|-activate|p1a: Great Tusk|ability: Protosynthesis|[fromitem]
|-start|p1a: Great Tusk|protosynthesisspe
|move|p2a: Forretress|Stealth Rock|p1a: Great Tusk
|-sidestart|p1: t7pu|move: Stealth Rock
|
|-heal|p1a: Great Tusk|94/100|[from] Grassy Terrain
|-heal|p2a: Forretress|99/100|[from] Grassy Terrain
|upkeep
|turn|7
|
|t:|1779706394
|move|p1a: Great Tusk|Bulk Up|p1a: Great Tusk
|-boost|p1a: Great Tusk|atk|1
|-boost|p1a: Great Tusk|def|1
|move|p2a: Forretress|Body Press|p1a: Great Tusk
|-damage|p1a: Great Tusk|80/100
|
|-heal|p1a: Great Tusk|86/100|[from] Grassy Terrain
|-heal|p2a: Forretress|100/100|[from] Grassy Terrain
|upkeep
|turn|8
|
|t:|1779706403
|switch|p2a: Samurott|Samurott-Hisui, M|24/100
|move|p1a: Great Tusk|Rapid Spin|p2a: Samurott
|-damage|p2a: Samurott|0 fnt
|-boost|p1a: Great Tusk|spe|1
|-sideend|p1: t7pu|Spikes|[from] move: Rapid Spin|[of] p1a: Great Tusk
|-sideend|p1: t7pu|Stealth Rock|[from] move: Rapid Spin|[of] p1a: Great Tusk
|faint|p2a: Samurott
|
|-heal|p1a: Great Tusk|92/100|[from] Grassy Terrain
|upkeep
|
|t:|1779706408
|switch|p2a: Scizor|Scizor, F|100/100
|turn|9
|
|t:|1779706417
|move|p1a: Great Tusk|Bulk Up|p1a: Great Tusk
|-boost|p1a: Great Tusk|atk|1
|-boost|p1a: Great Tusk|def|1
|move|p2a: Scizor|Counter||[still]
|-fail|p2a: Scizor
|
|-heal|p1a: Great Tusk|98/100|[from] Grassy Terrain
|-fieldend|move: Grassy Terrain
|upkeep
|turn|10
|
|t:|1779706424
|move|p1a: Great Tusk|Headlong Rush|p2a: Scizor
|-damage|p2a: Scizor|5/100
|-unboost|p1a: Great Tusk|def|1
|-unboost|p1a: Great Tusk|spd|1
|move|p2a: Scizor|U-turn|p1a: Great Tusk
|-resisted|p1a: Great Tusk
|-damage|p1a: Great Tusk|90/100
|
|t:|1779706432
|switch|p2a: Greninja|Greninja, M|100/100|[from] U-turn
|
|upkeep
|turn|11
|
|t:|1779706443
|-end|p1a: Great Tusk|Protosynthesis|[silent]
|switch|p1a: Manaphy|Manaphy|100/100
|move|p2a: Greninja|Hydro Pump|p1a: Manaphy|[miss]
|-start|p2a: Greninja|typechange|Water|[from] ability: Protean
|-miss|p2a: Greninja|p1a: Manaphy
|
|upkeep
|turn|12
|
|t:|1779706452
|switch|p2a: Scizor|Scizor, F|5/100
|move|p1a: Manaphy|Acid Armor|p1a: Manaphy
|-boost|p1a: Manaphy|def|2
|
|upkeep
|turn|13
|
|t:|1779706460
|move|p1a: Manaphy|Take Heart|p1a: Manaphy
|-boost|p1a: Manaphy|spa|1
|-boost|p1a: Manaphy|spd|1
|move|p2a: Scizor|U-turn|p1a: Manaphy
|-damage|p1a: Manaphy|82/100
|
|t:|1779706467
|switch|p2a: Greninja|Greninja, M|100/100|[from] U-turn
|
|-heal|p1a: Manaphy|89/100|[from] item: Leftovers
|upkeep
|turn|14
|
|t:|1779706471
|move|p2a: Greninja|Dark Pulse|p1a: Manaphy
|-start|p2a: Greninja|typechange|Dark|[from] ability: Protean
|-damage|p1a: Manaphy|56/100
|move|p1a: Manaphy|Take Heart|p1a: Manaphy
|-boost|p1a: Manaphy|spa|1
|-boost|p1a: Manaphy|spd|1
|
|-heal|p1a: Manaphy|62/100|[from] item: Leftovers
|upkeep
|turn|15
|
|t:|1779706478
|move|p2a: Greninja|Dark Pulse|p1a: Manaphy
|-damage|p1a: Manaphy|40/100
|move|p1a: Manaphy|Take Heart|p1a: Manaphy
|-boost|p1a: Manaphy|spa|1
|-boost|p1a: Manaphy|spd|1
|
|-heal|p1a: Manaphy|46/100|[from] item: Leftovers
|upkeep
|turn|16
|
|t:|1779706485
|move|p2a: Greninja|Dark Pulse|p1a: Manaphy
|-damage|p1a: Manaphy|29/100
|cant|p1a: Manaphy|flinch
|
|-heal|p1a: Manaphy|35/100|[from] item: Leftovers
|upkeep
|turn|17
|
|t:|1779706489
|move|p2a: Greninja|Dark Pulse|p1a: Manaphy
|-damage|p1a: Manaphy|18/100
|move|p1a: Manaphy|Scald|p2a: Greninja
|-crit|p2a: Greninja
|-damage|p2a: Greninja|0 fnt
|faint|p2a: Greninja
|
|-heal|p1a: Manaphy|25/100|[from] item: Leftovers
|upkeep
|
|t:|1779706495
|switch|p2a: Garchomp|Garchomp, F|100/100
|turn|18
|
|t:|1779706501
|move|p2a: Garchomp|Scale Shot|p1a: Manaphy
|-damage|p1a: Manaphy|19/100
|-damage|p1a: Manaphy|13/100
|-damage|p1a: Manaphy|7/100
|-damage|p1a: Manaphy|2/100
|-hitcount|p1a: Manaphy|4
|-unboost|p2a: Garchomp|def|1
|-boost|p2a: Garchomp|spe|1
|move|p1a: Manaphy|Stored Power|p2a: Garchomp
|-damage|p2a: Garchomp|0 fnt
|faint|p2a: Garchomp
|
|-heal|p1a: Manaphy|8/100|[from] item: Leftovers
|upkeep
|
|t:|1779706508
|switch|p2a: Scizor|Scizor, F|5/100
|turn|19
|
|t:|1779706513
|move|p2a: Scizor|Bullet Punch|p1a: Manaphy
|-resisted|p1a: Manaphy
|-damage|p1a: Manaphy|0 fnt
|faint|p1a: Manaphy
|
|upkeep
|
|t:|1779706530
|switch|p1a: Great Tusk|Great Tusk|90/100
|turn|20
|
|t:|1779706533
|move|p1a: Great Tusk|Bulk Up|p1a: Great Tusk
|-boost|p1a: Great Tusk|atk|1
|-boost|p1a: Great Tusk|def|1
|move|p2a: Scizor|U-turn|p1a: Great Tusk
|-resisted|p1a: Great Tusk
|-damage|p1a: Great Tusk|81/100
|
|t:|1779706535
|switch|p2a: Diancie|Diancie|100/100|[from] U-turn
|
|upkeep
|turn|21
|
|t:|1779706542
|-terastallize|p2a: Diancie|Dragon
|move|p1a: Great Tusk|Headlong Rush|p2a: Diancie
|-crit|p2a: Diancie
|-damage|p2a: Diancie|0 fnt
|-unboost|p1a: Great Tusk|def|1
|-unboost|p1a: Great Tusk|spd|1
|faint|p2a: Diancie
|
|upkeep
|c|☆slowlyfadingaway|there's my crit
|c|☆slowlyfadingaway|welp
|c|☆slowlyfadingaway|ggs
|-message|slowlyfadingaway forfeited.
|
|win|t7pu
|raw|t7pu's rating: 1271 &rarr; <strong>1298</strong><br />(+27 for winning)
|raw|slowlyfadingaway's rating: 1303 &rarr; <strong>1281</strong><br />(-22 for losing)
|l|☆slowlyfadingaway
|player|p2|
|l|☆t7pu
|player|p1|
