|j|☆fullmelmetal101
|j|☆xzcssdzx
|t:|1779560423
|gametype|singles
|player|p1|fullmelmetal101|plasmagrunt-gen5bw|1067
|player|p2|xzcssdzx|101|1056
|gen|9
|tier|[Gen 9] OU
|rated|
|rule|HP Percentage Mod: HP is shown in percentages
|rule|Endless Battle Clause: Forcing endless battles is banned
|rule|Species Clause: Limit one of each Pokémon
|rule|OHKO Clause: OHKO moves are banned
|rule|Evasion Items Clause: Evasion items are banned
|rule|Evasion Moves Clause: Evasion moves are banned
|rule|Evasion Abilities Clause: Evasion abilities are banned
|rule|Sleep Moves Clause: Sleep-inducing moves are banned
|clearpoke
|poke|p1|Garganacl, M|
|poke|p1|Volcanion|
|poke|p1|Weezing, M|
|poke|p1|Maushold-Four|
|poke|p1|Chimecho, M|
|poke|p1|Deoxys-Speed|
|poke|p2|Weavile, F|
|poke|p2|Pecharunt|
|poke|p2|Ting-Lu|
|poke|p2|Tinkaton, F|
|poke|p2|Keldeo-Resolute|
|poke|p2|Dragonite, F|
|teampreview
|inactive|Battle timer is ON: inactive players will automatically lose when time's up. (requested by xzcssdzx)
|inactive|fullmelmetal101 has 120 seconds left.
|
|t:|1779560461
|teamsize|p1|6
|teamsize|p2|6
|start
|switch|p1a: Maushold|Maushold-Four, shiny|100/100
|switch|p2a: Tinkaton|Tinkaton, F|100/100
|-item|p2a: Tinkaton|Air Balloon
|turn|1
|
|t:|1779560484
|switch|p1a: Volcanion|Volcanion|100/100
|move|p2a: Tinkaton|Thunder Wave|p1a: Volcanion
|-status|p1a: Volcanion|par
|
|upkeep
|turn|2
|
|t:|1779560497
|switch|p2a: Dragonite|Dragonite, F|100/100
|move|p1a: Volcanion|Flamethrower|p2a: Dragonite
|-resisted|p2a: Dragonite
|-damage|p2a: Dragonite|90/100
|
|upkeep
|turn|3
|
|t:|1779560507
|switch|p1a: Garganacl|Garganacl, M, shiny|100/100
|move|p2a: Dragonite|Earthquake|p1a: Garganacl
|-supereffective|p1a: Garganacl
|-damage|p1a: Garganacl|50/100
|
|-heal|p1a: Garganacl|56/100|[from] item: Leftovers
|upkeep
|turn|4
|
|t:|1779560522
|switch|p2a: Ting-Lu|Ting-Lu|100/100
|-ability|p2a: Ting-Lu|Vessel of Ruin
|move|p1a: Garganacl|Protect||[still]
|-fail|p1a: Garganacl
|
|-heal|p1a: Garganacl|62/100|[from] item: Leftovers
|upkeep
|turn|5
|
|t:|1779560531
|move|p2a: Ting-Lu|Spikes|p1a: Garganacl
|-sidestart|p1: fullmelmetal101|Spikes
|move|p1a: Garganacl|Recover|p1a: Garganacl
|-heal|p1a: Garganacl|100/100
|
|upkeep
|turn|6
|
|t:|1779560543
|move|p2a: Ting-Lu|Spikes|p1a: Garganacl
|-sidestart|p1: fullmelmetal101|Spikes
|move|p1a: Garganacl|Salt Cure|p2a: Ting-Lu
|-resisted|p2a: Ting-Lu
|-damage|p2a: Ting-Lu|97/100
|-start|p2a: Ting-Lu|Salt Cure
|
|-damage|p2a: Ting-Lu|85/100|[from] Salt Cure
|upkeep
|turn|7
|
|t:|1779560554
|switch|p1a: Weezing|Weezing, M, shiny|100/100
|-ability|p1a: Weezing|Neutralizing Gas
|-damage|p1a: Weezing|84/100|[from] Spikes
|move|p2a: Ting-Lu|Whirlwind|p1a: Weezing
|-end|p1a: Weezing|ability: Neutralizing Gas
|-ability|p2a: Ting-Lu|Vessel of Ruin
|drag|p1a: Garganacl|Garganacl, M, shiny|100/100
|-damage|p1a: Garganacl|84/100|[from] Spikes
|
|-heal|p1a: Garganacl|90/100|[from] item: Leftovers
|-damage|p2a: Ting-Lu|73/100|[from] Salt Cure
|upkeep
|turn|8
|
|t:|1779560578
|switch|p2a: Tinkaton|Tinkaton, F|100/100
|-item|p2a: Tinkaton|Air Balloon
|move|p1a: Garganacl|Salt Cure|p2a: Tinkaton
|-resisted|p2a: Tinkaton
|-damage|p2a: Tinkaton|93/100
|-start|p2a: Tinkaton|Salt Cure
|-enditem|p2a: Tinkaton|Air Balloon
|
|-heal|p1a: Garganacl|96/100|[from] item: Leftovers
|-damage|p2a: Tinkaton|68/100|[from] Salt Cure
|upkeep
|turn|9
|inactive|fullmelmetal101 has 120 seconds left.
|
|t:|1779560606
|switch|p2a: Ting-Lu|Ting-Lu|73/100
|-ability|p2a: Ting-Lu|Vessel of Ruin
|switch|p1a: Weezing|Weezing, M, shiny|84/100
|-ability|p1a: Weezing|Neutralizing Gas
|-damage|p1a: Weezing|68/100|[from] Spikes
|
|upkeep
|turn|10
|inactive|fullmelmetal101 has 120 seconds left.
|
|t:|1779560617
|move|p1a: Weezing|Toxic|p2a: Ting-Lu
|-status|p2a: Ting-Lu|tox
|move|p2a: Ting-Lu|Spikes|p1a: Weezing
|-sidestart|p1: fullmelmetal101|Spikes
|
|-damage|p2a: Ting-Lu|66/100 tox|[from] psn
|upkeep
|turn|11
|inactive|fullmelmetal101 has 120 seconds left.
|
|t:|1779560633
|switch|p2a: Tinkaton|Tinkaton, F|68/100
|move|p1a: Weezing|Flamethrower|p2a: Tinkaton
|-supereffective|p2a: Tinkaton
|-damage|p2a: Tinkaton|34/100
|
|upkeep
|turn|12
|inactive|fullmelmetal101 has 120 seconds left.
|
|t:|1779560644
|move|p2a: Tinkaton|Stealth Rock|p1a: Weezing
|-sidestart|p1: fullmelmetal101|move: Stealth Rock
|move|p1a: Weezing|Will-O-Wisp|p2a: Tinkaton
|-status|p2a: Tinkaton|brn
|
|-damage|p2a: Tinkaton|27/100 brn|[from] brn
|upkeep
|turn|13
|inactive|fullmelmetal101 has 120 seconds left.
|
|t:|1779560653
|move|p2a: Tinkaton|Encore|p1a: Weezing
|-start|p1a: Weezing|Encore
|move|p1a: Weezing|Will-O-Wisp|p2a: Tinkaton
|-fail|p2a: Tinkaton|brn
|
|-damage|p2a: Tinkaton|21/100 brn|[from] brn
|upkeep
|turn|14
|
|t:|1779560661
|move|p2a: Tinkaton|Thunder Wave|p1a: Weezing
|-status|p1a: Weezing|par
|move|p1a: Weezing|Will-O-Wisp|p2a: Tinkaton
|-fail|p2a: Tinkaton|brn
|
|-damage|p2a: Tinkaton|15/100 brn|[from] brn
|upkeep
|turn|15
|
|t:|1779560671
|move|p2a: Tinkaton|Gigaton Hammer|p1a: Weezing
|-damage|p1a: Weezing|48/100 par
|cant|p1a: Weezing|par
|
|-damage|p2a: Tinkaton|9/100 brn|[from] brn
|-end|p1a: Weezing|Encore
|upkeep
|turn|16
|
|t:|1779560683
|move|p2a: Tinkaton|Encore|p1a: Weezing
|-start|p1a: Weezing|Encore
|move|p1a: Weezing|Will-O-Wisp|p2a: Tinkaton
|-fail|p2a: Tinkaton|brn
|
|-damage|p2a: Tinkaton|3/100 brn|[from] brn
|upkeep
|turn|17
|
|t:|1779560691
|move|p2a: Tinkaton|Gigaton Hammer|p1a: Weezing
|-damage|p1a: Weezing|30/100 par
|move|p1a: Weezing|Will-O-Wisp|p2a: Tinkaton
|-fail|p2a: Tinkaton|brn
|
|-damage|p2a: Tinkaton|0 fnt|[from] brn
|faint|p2a: Tinkaton
|upkeep
|
|t:|1779560708
|switch|p2a: Weavile|Weavile, F|100/100
|turn|18
|
|t:|1779560712
|move|p2a: Weavile|Ice Punch|p1a: Weezing
|-damage|p1a: Weezing|0 fnt
|faint|p1a: Weezing
|-end|p1a: Weezing|ability: Neutralizing Gas
|-ability|p2a: Weavile|Pressure
|
|upkeep
|
|t:|1779560727
|switch|p1a: Maushold|Maushold-Four, shiny|100/100
|-damage|p1a: Maushold|76/100|[from] Spikes
|-damage|p1a: Maushold|63/100|[from] Stealth Rock
|turn|19
|
|t:|1779560733
|move|p2a: Weavile|Ice Punch|p1a: Maushold
|-damage|p1a: Maushold|2/100
|move|p1a: Maushold|Tidy Up|p1a: Maushold
|-sideend|p1: fullmelmetal101|Spikes
|-sideend|p1: fullmelmetal101|Stealth Rock
|-activate|p1a: Maushold|move: Tidy Up
|-boost|p1a: Maushold|atk|1
|-boost|p1a: Maushold|spe|1
|
|upkeep
|turn|20
|
|t:|1779560742
|move|p2a: Weavile|Ice Shard|p1a: Maushold
|-crit|p1a: Maushold
|-damage|p1a: Maushold|0 fnt
|faint|p1a: Maushold
|
|upkeep
|
|t:|1779560749
|switch|p1a: Volcanion|Volcanion|100/100 par
|turn|21
|
|t:|1779560757
|switch|p2a: Dragonite|Dragonite, F|90/100
|move|p1a: Volcanion|Flamethrower|p2a: Dragonite
|-resisted|p2a: Dragonite
|-damage|p2a: Dragonite|70/100
|
|upkeep
|turn|22
|
|t:|1779560765
|move|p2a: Dragonite|Earthquake|p1a: Volcanion
|-supereffective|p1a: Volcanion
|-damage|p1a: Volcanion|40/100 par
|cant|p1a: Volcanion|par
|
|-heal|p1a: Volcanion|46/100 par|[from] item: Leftovers
|upkeep
|turn|23
|
|t:|1779560775
|switch|p1a: Chimecho|Chimecho, M, shiny|100/100
|move|p2a: Dragonite|Earthquake|p1a: Chimecho
|-immune|p1a: Chimecho|[from] ability: Levitate
|
|upkeep
|turn|24
|
|t:|1779560787
|switch|p2a: Ting-Lu|Ting-Lu|66/100 tox
|-ability|p2a: Ting-Lu|Vessel of Ruin
|-terastallize|p1a: Chimecho|Electric
|move|p1a: Chimecho|Cosmic Power|p1a: Chimecho
|-boost|p1a: Chimecho|def|1
|-boost|p1a: Chimecho|spd|1
|
|-damage|p2a: Ting-Lu|60/100 tox|[from] psn
|upkeep
|turn|25
|inactive|fullmelmetal101 has 120 seconds left.
|
|t:|1779560821
|switch|p1a: Garganacl|Garganacl, M, shiny|96/100
|move|p2a: Ting-Lu|Whirlwind|p1a: Garganacl
|drag|p1a: Volcanion|Volcanion|46/100 par
|
|-heal|p1a: Volcanion|52/100 par|[from] item: Leftovers
|-damage|p2a: Ting-Lu|48/100 tox|[from] psn
|upkeep
|turn|26
|inactive|fullmelmetal101 has 120 seconds left.
|
|t:|1779560832
|move|p2a: Ting-Lu|Ruination|p1a: Volcanion
|-damage|p1a: Volcanion|26/100 par
|cant|p1a: Volcanion|par
|
|-heal|p1a: Volcanion|32/100 par|[from] item: Leftovers
|-damage|p2a: Ting-Lu|30/100 tox|[from] psn
|upkeep
|turn|27
|
|t:|1779560840
|switch|p2a: Pecharunt|Pecharunt|100/100
|move|p1a: Volcanion|Steam Eruption|p2a: Pecharunt
|-damage|p2a: Pecharunt|46/100
|-status|p2a: Pecharunt|brn
|
|-heal|p1a: Volcanion|38/100 par|[from] item: Leftovers
|-damage|p2a: Pecharunt|40/100 brn|[from] brn
|upkeep
|turn|28
|inactive|fullmelmetal101 has 120 seconds left.
|
|t:|1779560857
|move|p2a: Pecharunt|Recover|p2a: Pecharunt
|-heal|p2a: Pecharunt|90/100 brn
|move|p1a: Volcanion|Flamethrower|p2a: Pecharunt
|-damage|p2a: Pecharunt|45/100 brn
|
|-heal|p1a: Volcanion|44/100 par|[from] item: Leftovers
|-damage|p2a: Pecharunt|38/100 brn|[from] brn
|upkeep
|turn|29
|inactive|fullmelmetal101 has 120 seconds left.
|
|t:|1779560868
|move|p2a: Pecharunt|Recover|p2a: Pecharunt
|-heal|p2a: Pecharunt|89/100 brn
|move|p1a: Volcanion|Flamethrower|p2a: Pecharunt
|-damage|p2a: Pecharunt|46/100 brn
|
|-heal|p1a: Volcanion|50/100 par|[from] item: Leftovers
|-damage|p2a: Pecharunt|40/100 brn|[from] brn
|upkeep
|turn|30
|
|t:|1779560877
|move|p2a: Pecharunt|Recover|p2a: Pecharunt
|-heal|p2a: Pecharunt|90/100 brn
|move|p1a: Volcanion|Flamethrower|p2a: Pecharunt
|-damage|p2a: Pecharunt|49/100 brn
|
|-heal|p1a: Volcanion|57/100 par|[from] item: Leftovers
|-damage|p2a: Pecharunt|43/100 brn|[from] brn
|upkeep
|turn|31
|
|t:|1779560886
|-terastallize|p2a: Pecharunt|Ghost
|move|p2a: Pecharunt|Hex|p1a: Volcanion
|-crit|p1a: Volcanion
|-damage|p1a: Volcanion|0 fnt
|faint|p1a: Volcanion
|
|-damage|p2a: Pecharunt|37/100 brn|[from] brn
|upkeep
|
|t:|1779560895
|switch|p1a: Garganacl|Garganacl, M, shiny|96/100
|turn|32
|
|t:|1779560898
|move|p2a: Pecharunt|Parting Shot|p1a: Garganacl
|-unboost|p1a: Garganacl|atk|1
|-unboost|p1a: Garganacl|spa|1
|
|t:|1779560902
|switch|p2a: Ting-Lu|Ting-Lu|30/100 tox|[from] Parting Shot
|-ability|p2a: Ting-Lu|Vessel of Ruin
|move|p1a: Garganacl|Salt Cure|p2a: Ting-Lu
|-resisted|p2a: Ting-Lu
|-damage|p2a: Ting-Lu|28/100 tox
|-start|p2a: Ting-Lu|Salt Cure
|
|-heal|p1a: Garganacl|100/100|[from] item: Leftovers
|-damage|p2a: Ting-Lu|22/100 tox|[from] psn
|-damage|p2a: Ting-Lu|9/100 tox|[from] Salt Cure
|upkeep
|turn|33
|
|t:|1779560918
|move|p2a: Ting-Lu|Ruination|p1a: Garganacl
|-damage|p1a: Garganacl|50/100
|move|p1a: Garganacl|Curse|p1a: Garganacl
|-unboost|p1a: Garganacl|spe|1
|-boost|p1a: Garganacl|atk|1
|-boost|p1a: Garganacl|def|1
|
|-heal|p1a: Garganacl|57/100|[from] item: Leftovers
|-damage|p2a: Ting-Lu|0 fnt|[from] psn
|faint|p2a: Ting-Lu
|upkeep
|
|t:|1779560923
|switch|p2a: Keldeo|Keldeo-Resolute|100/100
|turn|34
|
|t:|1779560939
|move|p2a: Keldeo|Secret Sword|p1a: Garganacl
|-supereffective|p1a: Garganacl
|-damage|p1a: Garganacl|19/100
|move|p1a: Garganacl|Recover|p1a: Garganacl
|-heal|p1a: Garganacl|69/100
|
|-heal|p1a: Garganacl|75/100|[from] item: Leftovers
|upkeep
|turn|35
|
|t:|1779560948
|move|p2a: Keldeo|Hydro Pump|p1a: Garganacl
|-supereffective|p1a: Garganacl
|-damage|p1a: Garganacl|0 fnt
|faint|p1a: Garganacl
|
|upkeep
|
|t:|1779560956
|switch|p1a: Chimecho|Chimecho, M, shiny, tera:Electric|100/100
|turn|36
|
|t:|1779560961
|move|p2a: Keldeo|Flip Turn|p1a: Chimecho
|-damage|p1a: Chimecho|84/100
|
|t:|1779560966
|switch|p2a: Pecharunt|Pecharunt, tera:Ghost|37/100 brn|[from] Flip Turn
|move|p1a: Chimecho|Cosmic Power|p1a: Chimecho
|-boost|p1a: Chimecho|def|1
|-boost|p1a: Chimecho|spd|1
|
|-heal|p1a: Chimecho|90/100|[from] item: Leftovers
|-damage|p2a: Pecharunt|31/100 brn|[from] brn
|upkeep
|turn|37
|
|t:|1779560980
|move|p2a: Pecharunt|Malignant Chain|p1a: Chimecho
|-crit|p1a: Chimecho
|-damage|p1a: Chimecho|38/100
|move|p1a: Chimecho|Cosmic Power|p1a: Chimecho
|-boost|p1a: Chimecho|def|1
|-boost|p1a: Chimecho|spd|1
|
|-heal|p1a: Chimecho|44/100|[from] item: Leftovers
|-damage|p2a: Pecharunt|25/100 brn|[from] brn
|upkeep
|turn|38
|
|t:|1779560991
|move|p2a: Pecharunt|Malignant Chain|p1a: Chimecho
|-damage|p1a: Chimecho|28/100
|move|p1a: Chimecho|Recover|p1a: Chimecho
|-heal|p1a: Chimecho|78/100
|
|-heal|p1a: Chimecho|84/100|[from] item: Leftovers
|-damage|p2a: Pecharunt|19/100 brn|[from] brn
|upkeep
|turn|39
|
|t:|1779561002
|move|p2a: Pecharunt|Malignant Chain|p1a: Chimecho
|-damage|p1a: Chimecho|67/100
|-status|p1a: Chimecho|tox
|-start|p1a: Chimecho|confusion|[from] ability: Poison Puppeteer|[of] p2a: Pecharunt
|-activate|p1a: Chimecho|confusion
|move|p1a: Chimecho|Charge Beam|p2a: Pecharunt
|-damage|p2a: Pecharunt|0 fnt
|faint|p2a: Pecharunt
|
|-heal|p1a: Chimecho|74/100 tox|[from] item: Leftovers
|-damage|p1a: Chimecho|67/100 tox|[from] psn
|upkeep
|
|t:|1779561008
|switch|p2a: Weavile|Weavile, F|100/100
|-ability|p2a: Weavile|Pressure
|turn|40
|
|t:|1779561023
|switch|p2a: Dragonite|Dragonite, F|70/100
|-activate|p1a: Chimecho|confusion
|move|p1a: Chimecho|Charge Beam|p2a: Dragonite|[miss]
|-miss|p1a: Chimecho|p2a: Dragonite
|
|-heal|p1a: Chimecho|74/100 tox|[from] item: Leftovers
|-damage|p1a: Chimecho|61/100 tox|[from] psn
|upkeep
|turn|41
|inactive|fullmelmetal101 has 120 seconds left.
|
|t:|1779561055
|move|p2a: Dragonite|Roost|p2a: Dragonite
|-heal|p2a: Dragonite|100/100
|-singleturn|p2a: Dragonite|move: Roost
|-activate|p1a: Chimecho|confusion
|move|p1a: Chimecho|Cosmic Power|p1a: Chimecho
|-boost|p1a: Chimecho|def|1
|-boost|p1a: Chimecho|spd|1
|
|-heal|p1a: Chimecho|67/100 tox|[from] item: Leftovers
|-damage|p1a: Chimecho|49/100 tox|[from] psn
|upkeep
|turn|42
|inactive|fullmelmetal101 has 120 seconds left.
|
|t:|1779561069
|move|p2a: Dragonite|Extreme Speed|p1a: Chimecho
|-damage|p1a: Chimecho|36/100 tox
|-activate|p1a: Chimecho|confusion
|move|p1a: Chimecho|Recover|p1a: Chimecho
|-heal|p1a: Chimecho|86/100 tox
|
|-heal|p1a: Chimecho|93/100 tox|[from] item: Leftovers
|-damage|p1a: Chimecho|68/100 tox|[from] psn
|upkeep
|turn|43
|
|t:|1779561079
|move|p2a: Dragonite|Extreme Speed|p1a: Chimecho
|-damage|p1a: Chimecho|54/100 tox
|-end|p1a: Chimecho|confusion
|move|p1a: Chimecho|Cosmic Power|p1a: Chimecho
|-boost|p1a: Chimecho|def|1
|-boost|p1a: Chimecho|spd|1
|
|-heal|p1a: Chimecho|60/100 tox|[from] item: Leftovers
|-damage|p1a: Chimecho|29/100 tox|[from] psn
|upkeep
|turn|44
|
|t:|1779561092
|move|p2a: Dragonite|Hurricane|p1a: Chimecho|[miss]
|-miss|p2a: Dragonite|p1a: Chimecho
|move|p1a: Chimecho|Recover|p1a: Chimecho
|-heal|p1a: Chimecho|79/100 tox
|
|-heal|p1a: Chimecho|85/100 tox|[from] item: Leftovers
|-damage|p1a: Chimecho|48/100 tox|[from] psn
|upkeep
|turn|45
|
|t:|1779561101
|move|p2a: Dragonite|Hurricane|p1a: Chimecho|[miss]
|-miss|p2a: Dragonite|p1a: Chimecho
|move|p1a: Chimecho|Stored Power|p2a: Dragonite
|-damage|p2a: Dragonite|66/100
|
|-heal|p1a: Chimecho|54/100 tox|[from] item: Leftovers
|-damage|p1a: Chimecho|10/100 tox|[from] psn
|upkeep
|turn|46
|
|t:|1779561112
|move|p2a: Dragonite|Roost|p2a: Dragonite
|-heal|p2a: Dragonite|100/100
|-singleturn|p2a: Dragonite|move: Roost
|move|p1a: Chimecho|Stored Power|p2a: Dragonite
|-damage|p2a: Dragonite|68/100
|
|-heal|p1a: Chimecho|17/100 tox|[from] item: Leftovers
|-damage|p1a: Chimecho|0 fnt|[from] psn
|faint|p1a: Chimecho
|upkeep
|
|t:|1779561123
|switch|p1a: Deoxys|Deoxys-Speed, shiny|100/100
|-ability|p1a: Deoxys|Pressure
|turn|47
|
|t:|1779561129
|move|p2a: Dragonite|Extreme Speed|p1a: Deoxys
|-damage|p1a: Deoxys|61/100
|move|p1a: Deoxys|Cosmic Power|p1a: Deoxys
|-boost|p1a: Deoxys|def|1
|-boost|p1a: Deoxys|spd|1
|
|-heal|p1a: Deoxys|68/100|[from] item: Leftovers
|upkeep
|turn|48
|
|t:|1779561138
|move|p1a: Deoxys|Cosmic Power|p1a: Deoxys
|-boost|p1a: Deoxys|def|1
|-boost|p1a: Deoxys|spd|1
|move|p2a: Dragonite|Hurricane|p1a: Deoxys
|-damage|p1a: Deoxys|45/100
|-start|p1a: Deoxys|confusion
|
|-heal|p1a: Deoxys|51/100|[from] item: Leftovers
|upkeep
|turn|49
|
|t:|1779561149
|switch|p2a: Weavile|Weavile, F|100/100
|-ability|p2a: Weavile|Pressure
|-activate|p1a: Deoxys|confusion
|-damage|p1a: Deoxys|47/100|[from] confusion
|
|-heal|p1a: Deoxys|53/100|[from] item: Leftovers
|upkeep
|turn|50
|
|t:|1779561160
|-activate|p1a: Deoxys|confusion
|move|p1a: Deoxys|Recover|p1a: Deoxys
|-heal|p1a: Deoxys|100/100
|move|p2a: Weavile|Knock Off|p1a: Deoxys
|-supereffective|p1a: Deoxys
|-damage|p1a: Deoxys|43/100
|-enditem|p1a: Deoxys|Leftovers|[from] move: Knock Off|[of] p2a: Weavile
|
|upkeep
|turn|51
|inactive|fullmelmetal101 has 120 seconds left.
|c|☆fullmelmetal101|Lucky bitch
|-message|fullmelmetal101 forfeited.
|
|win|xzcssdzx
|raw|fullmelmetal101's rating: 1067 &rarr; <strong>1046</strong><br />(-21 for losing)
|raw|xzcssdzx's rating: 1056 &rarr; <strong>1089</strong><br />(+33 for winning)
|l|☆fullmelmetal101
|player|p1|
|j|☆fullmelmetal101
|player|p1|fullmelmetal101|plasmagrunt-gen5bw|
|l|☆fullmelmetal101
|player|p1|
|l|☆xzcssdzx
|player|p2|
