|j|☆panzershock
|j|☆zelfish
|t:|1779700454
|gametype|singles
|player|p1|panzershock|266|1192
|player|p2|zelfish|alder|1245
|gen|9
|tier|[Gen 9] OU
|rated|
|rule|HP Percentage Mod: HP is shown in percentages
|rule|Endless Battle Clause: Forcing endless battles is banned
|rule|Species Clause: Limit one of each Pokémon
|rule|OHKO Clause: OHKO moves are banned
|rule|Evasion Items Clause: Evasion items are banned
|rule|Evasion Moves Clause: Evasion moves are banned
|rule|Evasion Abilities Clause: Evasion abilities are banned
|rule|Sleep Moves Clause: Sleep-inducing moves are banned
|clearpoke
|poke|p1|Squawkabilly-White, F|
|poke|p1|Ting-Lu|
|poke|p1|Cloyster, F|
|poke|p1|Cinderace, M|
|poke|p1|Cetitan, F|
|poke|p1|Gholdengo|
|poke|p2|Kingambit, M|
|poke|p2|Great Tusk|
|poke|p2|Slowking-Galar, F|
|poke|p2|Moltres|
|poke|p2|Dragapult, M|
|poke|p2|Iron Valiant|
|teampreview
|
|t:|1779700475
|teamsize|p1|6
|teamsize|p2|6
|start
|switch|p1a: Squawkabilly|Squawkabilly-White, F|100/100
|switch|p2a: Great Tusk|Great Tusk|100/100
|-ability|p1a: Squawkabilly|Intimidate|boost
|-unboost|p2a: Great Tusk|atk|1
|turn|1
|
|t:|1779700481
|move|p1a: Squawkabilly|Final Gambit|p2a: Great Tusk
|-damage|p2a: Great Tusk|6/100
|faint|p1a: Squawkabilly
|move|p2a: Great Tusk|Stealth Rock|p1: Squawkabilly
|-sidestart|p1: panzershock|move: Stealth Rock
|
|upkeep
|
|t:|1779700499
|switch|p1a: Cinderace|Cinderace, M|100/100
|turn|2
|
|t:|1779700514
|move|p1a: Cinderace|Iron Head|p2a: Great Tusk
|-start|p1a: Cinderace|typechange|Steel|[from] ability: Libero
|-damage|p2a: Great Tusk|0 fnt
|faint|p2a: Great Tusk
|-end|p2a: Great Tusk|Protosynthesis|[silent]
|
|upkeep
|
|t:|1779700520
|switch|p2a: Iron Valiant|Iron Valiant|100/100
|-enditem|p2a: Iron Valiant|Booster Energy
|-activate|p2a: Iron Valiant|ability: Quark Drive|[fromitem]
|-start|p2a: Iron Valiant|quarkdrivespe
|turn|3
|
|t:|1779700526
|switch|p1a: Gholdengo|Gholdengo|100/100
|-damage|p1a: Gholdengo|94/100|[from] Stealth Rock
|move|p2a: Iron Valiant|Close Combat|p1a: Gholdengo
|-immune|p1a: Gholdengo
|
|upkeep
|turn|4
|
|t:|1779700539
|-terastallize|p2a: Iron Valiant|Steel
|move|p2a: Iron Valiant|Knock Off|p1a: Gholdengo
|-supereffective|p1a: Gholdengo
|-damage|p1a: Gholdengo|14/100
|-enditem|p1a: Gholdengo|Expert Belt|[from] move: Knock Off|[of] p2a: Iron Valiant
|move|p1a: Gholdengo|Charge Beam|p2a: Iron Valiant|[miss]
|-miss|p1a: Gholdengo|p2a: Iron Valiant
|
|upkeep
|turn|5
|
|t:|1779700547
|move|p2a: Iron Valiant|Swords Dance|p2a: Iron Valiant
|-boost|p2a: Iron Valiant|atk|2
|move|p1a: Gholdengo|Dazzling Gleam|p2a: Iron Valiant
|-resisted|p2a: Iron Valiant
|-damage|p2a: Iron Valiant|70/100
|
|upkeep
|turn|6
|
|t:|1779700552
|move|p2a: Iron Valiant|Knock Off|p1a: Gholdengo
|-supereffective|p1a: Gholdengo
|-damage|p1a: Gholdengo|0 fnt
|faint|p1a: Gholdengo
|
|upkeep
|
|t:|1779700569
|switch|p1a: Ting-Lu|Ting-Lu|100/100
|-damage|p1a: Ting-Lu|94/100|[from] Stealth Rock
|-ability|p1a: Ting-Lu|Vessel of Ruin
|turn|7
|
|t:|1779700584
|-terastallize|p1a: Ting-Lu|Water
|move|p2a: Iron Valiant|Close Combat|p1a: Ting-Lu
|-damage|p1a: Ting-Lu|26/100
|-unboost|p2a: Iron Valiant|def|1
|-unboost|p2a: Iron Valiant|spd|1
|move|p1a: Ting-Lu|Earthquake|p2a: Iron Valiant
|-supereffective|p2a: Iron Valiant
|-damage|p2a: Iron Valiant|0 fnt
|faint|p2a: Iron Valiant
|-end|p2a: Iron Valiant|Quark Drive|[silent]
|
|upkeep
|
|t:|1779700595
|switch|p2a: Dragapult|Dragapult, M|100/100
|turn|8
|
|t:|1779700599
|move|p2a: Dragapult|Draco Meteor|p1a: Ting-Lu
|-damage|p1a: Ting-Lu|0 fnt
|-unboost|p2a: Dragapult|spa|2
|faint|p1a: Ting-Lu
|
|upkeep
|inactive|Battle timer is ON: inactive players will automatically lose when time's up. (requested by zelfish)
|
|t:|1779700619
|switch|p1a: Cetitan|Cetitan, F|100/100
|-damage|p1a: Cetitan|76/100|[from] Stealth Rock
|turn|9
|
|t:|1779700632
|switch|p2a: Slowking|Slowking-Galar, F|100/100
|move|p1a: Cetitan|Icicle Crash|p2a: Slowking
|-damage|p2a: Slowking|23/100
|
|upkeep
|turn|10
|
|t:|1779700645
|switch|p2a: Moltres|Moltres|100/100
|move|p1a: Cetitan|Icicle Crash|p2a: Moltres
|-damage|p2a: Moltres|53/100
|
|upkeep
|turn|11
|
|t:|1779700652
|move|p2a: Moltres|Flamethrower|p1a: Cetitan
|-supereffective|p1a: Cetitan
|-damage|p1a: Cetitan|0 fnt
|faint|p1a: Cetitan
|
|upkeep
|
|t:|1779700656
|switch|p1a: Cloyster|Cloyster, F|100/100
|-damage|p1a: Cloyster|76/100|[from] Stealth Rock
|turn|12
|
|t:|1779700667
|move|p1a: Cloyster|Rock Blast|p2a: Moltres
|-supereffective|p2a: Moltres
|-damage|p2a: Moltres|32/100
|-supereffective|p2a: Moltres
|-damage|p2a: Moltres|10/100
|-supereffective|p2a: Moltres
|-damage|p2a: Moltres|0 fnt
|faint|p2a: Moltres
|-hitcount|p2: Moltres|3
|
|upkeep
|
|t:|1779700680
|switch|p2a: Dragapult|Dragapult, M|100/100
|turn|13
|
|t:|1779700684
|move|p1a: Cloyster|Ice Shard|p2a: Dragapult
|-supereffective|p2a: Dragapult
|-damage|p2a: Dragapult|44/100
|move|p2a: Dragapult|Shadow Ball|p1a: Cloyster
|-damage|p1a: Cloyster|0 fnt
|faint|p1a: Cloyster
|
|upkeep
|
|t:|1779700690
|switch|p1a: Cinderace|Cinderace, M|100/100
|turn|14
|
|t:|1779700703
|move|p2a: Dragapult|Shadow Ball|p1a: Cinderace
|-damage|p1a: Cinderace|28/100
|move|p1a: Cinderace|Iron Head|p2a: Dragapult
|-start|p1a: Cinderace|typechange|Steel|[from] ability: Libero
|-damage|p2a: Dragapult|0 fnt
|faint|p2a: Dragapult
|
|upkeep
|
|t:|1779700711
|switch|p2a: Kingambit|Kingambit, M|100/100
|-activate|p2a: Kingambit|ability: Supreme Overlord
|-start|p2a: Kingambit|fallen4|[silent]
|turn|15
|
|t:|1779700714
|move|p2a: Kingambit|Sucker Punch||[still]
|-fail|p2a: Kingambit
|move|p1a: Cinderace|Will-O-Wisp|p2a: Kingambit|[miss]
|-miss|p1a: Cinderace|p2a: Kingambit
|
|upkeep
|turn|16
|
|t:|1779700718
|-end|p2a: Kingambit|fallen4|[silent]
|switch|p2a: Slowking|Slowking-Galar, F|57/100
|move|p1a: Cinderace|Will-O-Wisp|p2a: Slowking
|-status|p2a: Slowking|brn
|
|-damage|p2a: Slowking|50/100 brn|[from] brn
|upkeep
|turn|17
|
|t:|1779700725
|move|p1a: Cinderace|Iron Head|p2a: Slowking
|-damage|p2a: Slowking|14/100 brn
|-enditem|p2a: Slowking|Eject Button
|
|t:|1779700728
|switch|p2a: Kingambit|Kingambit, M|100/100
|-activate|p2a: Kingambit|ability: Supreme Overlord
|-start|p2a: Kingambit|fallen4|[silent]
|
|upkeep
|turn|18
|
|t:|1779700733
|move|p1a: Cinderace|Will-O-Wisp|p2a: Kingambit
|-status|p2a: Kingambit|brn
|move|p2a: Kingambit|Low Kick|p1a: Cinderace
|-supereffective|p1a: Cinderace
|-damage|p1a: Cinderace|0 fnt
|faint|p1a: Cinderace
|
|win|zelfish
|raw|panzershock's rating: 1192 &rarr; <strong>1171</strong><br />(-21 for losing)
|raw|zelfish's rating: 1245 &rarr; <strong>1266</strong><br />(+21 for winning)
