|j|☆saad.2
|j|☆2(sweet)
|t:|1779668178
|gametype|singles
|player|p1|saad.2|2|1352
|player|p2|2(sweet)|1|1384
|gen|9
|tier|[Gen 9] OU
|rated|
|rule|HP Percentage Mod: HP is shown in percentages
|rule|Endless Battle Clause: Forcing endless battles is banned
|rule|Species Clause: Limit one of each Pokémon
|rule|OHKO Clause: OHKO moves are banned
|rule|Evasion Items Clause: Evasion items are banned
|rule|Evasion Moves Clause: Evasion moves are banned
|rule|Evasion Abilities Clause: Evasion abilities are banned
|rule|Sleep Moves Clause: Sleep-inducing moves are banned
|clearpoke
|poke|p1|Walking Wake|
|poke|p1|Great Tusk|
|poke|p1|Ninetales, F|
|poke|p1|Cresselia, F|
|poke|p1|Zarude|
|poke|p1|Ceruledge, F|
|poke|p2|Hatterene, F|
|poke|p2|Emboar, F|
|poke|p2|Ursaluna, F|
|poke|p2|Clawitzer, F|
|poke|p2|Indeedee, M|
|poke|p2|Sinistcha-Masterpiece|
|teampreview
|
|t:|1779668219
|teamsize|p1|6
|teamsize|p2|6
|start
|switch|p1a: Ninetales|Ninetales, F|100/100
|switch|p2a: Emboar|Emboar, F|100/100
|-weather|SunnyDay|[from] ability: Drought|[of] p1a: Ninetales
|turn|1
|inactive|Battle timer is ON: inactive players will automatically lose when time's up. (requested by 2(sweet))
|
|t:|1779668225
|switch|p1a: Cresselia|Cresselia, F|100/100
|move|p2a: Emboar|Earthquake|p1a: Cresselia
|-immune|p1a: Cresselia|[from] ability: Levitate
|
|-weather|SunnyDay|[upkeep]
|upkeep
|turn|2
|
|t:|1779668229
|move|p1a: Cresselia|Thunder Wave|p2a: Emboar
|-status|p2a: Emboar|par
|move|p2a: Emboar|Flare Blitz|p1a: Cresselia
|-damage|p1a: Cresselia|5/100
|-damage|p2a: Emboar|68/100 par|[from] Recoil
|-damage|p2a: Emboar|58/100 par|[from] item: Life Orb
|
|-weather|SunnyDay|[upkeep]
|-heal|p1a: Cresselia|12/100|[from] item: Leftovers
|upkeep
|turn|3
|
|t:|1779668240
|switch|p1a: Walking Wake|Walking Wake|100/100
|-activate|p1a: Walking Wake|ability: Protosynthesis
|-start|p1a: Walking Wake|protosynthesisspe
|cant|p2a: Emboar|par
|
|-weather|SunnyDay|[upkeep]
|upkeep
|turn|4
|
|t:|1779668249
|switch|p2a: Sinistcha|Sinistcha-Masterpiece|100/100
|move|p1a: Walking Wake|Hydro Steam|p2a: Sinistcha
|-resisted|p2a: Sinistcha
|-damage|p2a: Sinistcha|60/100
|
|-weather|SunnyDay|[upkeep]
|-heal|p2a: Sinistcha|66/100|[from] item: Leftovers
|upkeep
|turn|5
|
|t:|1779668253
|move|p1a: Walking Wake|Weather Ball|p2a: Sinistcha
|-supereffective|p2a: Sinistcha
|-damage|p2a: Sinistcha|0 fnt
|faint|p2a: Sinistcha
|
|-weather|SunnyDay|[upkeep]
|upkeep
|
|t:|1779668257
|switch|p2a: Clawitzer|Clawitzer, F|100/100
|turn|6
|
|t:|1779668260
|-end|p1a: Walking Wake|Protosynthesis|[silent]
|switch|p1a: Zarude|Zarude|100/100
|move|p2a: Clawitzer|Dragon Pulse|p1a: Zarude
|-damage|p1a: Zarude|45/100
|-damage|p2a: Clawitzer|91/100|[from] item: Life Orb
|
|-weather|SunnyDay|[upkeep]
|-heal|p1a: Zarude|51/100|[from] item: Leftovers
|upkeep
|turn|7
|inactive|2(sweet) has 120 seconds left.
|
|t:|1779668294
|switch|p2a: Emboar|Emboar, F|58/100 par
|move|p1a: Zarude|Power Whip|p2a: Emboar
|-resisted|p2a: Emboar
|-damage|p2a: Emboar|27/100 par
|
|-weather|SunnyDay|[upkeep]
|-heal|p1a: Zarude|57/100|[from] item: Leftovers
|upkeep
|turn|8
|
|t:|1779668299
|move|p1a: Zarude|Knock Off|p2a: Emboar
|-resisted|p2a: Emboar
|-damage|p2a: Emboar|0 fnt
|-enditem|p2a: Emboar|Life Orb|[from] move: Knock Off|[of] p1a: Zarude
|faint|p2a: Emboar
|
|-weather|none
|-heal|p1a: Zarude|63/100|[from] item: Leftovers
|upkeep
|
|t:|1779668307
|switch|p2a: Ursaluna|Ursaluna, F|100/100
|turn|9
|
|t:|1779668315
|-terastallize|p2a: Ursaluna|Ghost
|move|p1a: Zarude|Power Whip|p2a: Ursaluna
|-damage|p2a: Ursaluna|65/100
|move|p2a: Ursaluna|Drain Punch|p1a: Zarude
|-supereffective|p1a: Zarude
|-damage|p1a: Zarude|6/100
|-heal|p2a: Ursaluna|90/100|[from] drain|[of] p1a: Zarude
|
|-heal|p1a: Zarude|12/100|[from] item: Leftovers
|-status|p2a: Ursaluna|brn|[from] item: Flame Orb
|upkeep
|turn|10
|
|t:|1779668321
|switch|p2a: Clawitzer|Clawitzer, F|91/100
|move|p1a: Zarude|Knock Off|p2a: Clawitzer
|-crit|p2a: Clawitzer
|-damage|p2a: Clawitzer|15/100
|-enditem|p2a: Clawitzer|Life Orb|[from] move: Knock Off|[of] p1a: Zarude
|
|-heal|p1a: Zarude|18/100|[from] item: Leftovers
|upkeep
|turn|11
|
|t:|1779668327
|switch|p2a: Hatterene|Hatterene, F|100/100
|move|p1a: Zarude|Knock Off|p2a: Hatterene
|-damage|p2a: Hatterene|59/100
|-enditem|p2a: Hatterene|Leftovers|[from] move: Knock Off|[of] p1a: Zarude
|
|-heal|p1a: Zarude|24/100|[from] item: Leftovers
|upkeep
|turn|12
|
|t:|1779668334
|move|p1a: Zarude|Knock Off|p2a: Hatterene
|-damage|p2a: Hatterene|30/100
|move|p2a: Hatterene|Trick Room|p2a: Hatterene
|-fieldstart|move: Trick Room|[of] p2a: Hatterene
|
|-heal|p1a: Zarude|31/100|[from] item: Leftovers
|upkeep
|turn|13
|
|t:|1779668337
|move|p2a: Hatterene|Draining Kiss|p1a: Zarude
|-supereffective|p1a: Zarude
|-damage|p1a: Zarude|0 fnt
|-heal|p2a: Hatterene|58/100|[from] drain|[of] p1a: Zarude
|faint|p1a: Zarude
|
|upkeep
|
|t:|1779668344
|switch|p1a: Ceruledge|Ceruledge, F|100/100
|turn|14
|
|t:|1779668347
|move|p2a: Hatterene|Psyshock|p1a: Ceruledge
|-damage|p1a: Ceruledge|42/100
|move|p1a: Ceruledge|Poltergeist||[still]
|-fail|p1a: Ceruledge
|
|upkeep
|turn|15
|
|t:|1779668352
|move|p2a: Hatterene|Psyshock|p1a: Ceruledge
|-damage|p1a: Ceruledge|0 fnt
|faint|p1a: Ceruledge
|
|upkeep
|
|t:|1779668355
|switch|p1a: Ninetales|Ninetales, F|100/100
|-weather|SunnyDay|[from] ability: Drought|[of] p1a: Ninetales
|turn|16
|
|t:|1779668367
|move|p2a: Hatterene|Calm Mind|p2a: Hatterene
|-boost|p2a: Hatterene|spa|1
|-boost|p2a: Hatterene|spd|1
|move|p1a: Ninetales|Overheat|p2a: Hatterene
|-damage|p2a: Hatterene|11/100
|-unboost|p1a: Ninetales|spa|2
|
|-weather|SunnyDay|[upkeep]
|-fieldend|move: Trick Room
|upkeep
|turn|17
|
|t:|1779668372
|move|p1a: Ninetales|Overheat|p2a: Hatterene
|-damage|p2a: Hatterene|0 fnt
|-unboost|p1a: Ninetales|spa|2
|faint|p2a: Hatterene
|
|-weather|SunnyDay|[upkeep]
|upkeep
|
|t:|1779668375
|switch|p2a: Indeedee|Indeedee, M|100/100
|-fieldstart|move: Psychic Terrain|[from] ability: Psychic Surge|[of] p2a: Indeedee
|turn|18
|
|t:|1779668384
|switch|p1a: Cresselia|Cresselia, F|12/100
|move|p2a: Indeedee|Trick Room|p2a: Indeedee
|-fieldstart|move: Trick Room|[of] p2a: Indeedee
|
|-weather|SunnyDay|[upkeep]
|-heal|p1a: Cresselia|18/100|[from] item: Leftovers
|upkeep
|turn|19
|
|t:|1779668386
|move|p2a: Indeedee|Expanding Force|p1a: Cresselia
|-resisted|p1a: Cresselia
|-damage|p1a: Cresselia|0 fnt
|faint|p1a: Cresselia
|
|-weather|SunnyDay|[upkeep]
|upkeep
|
|t:|1779668401
|switch|p1a: Walking Wake|Walking Wake|100/100
|-activate|p1a: Walking Wake|ability: Protosynthesis
|-start|p1a: Walking Wake|protosynthesisspe
|turn|20
|
|t:|1779668407
|move|p2a: Indeedee|Expanding Force|p1a: Walking Wake
|-damage|p1a: Walking Wake|29/100
|move|p1a: Walking Wake|Draco Meteor|p2a: Indeedee
|-damage|p2a: Indeedee|28/100
|-unboost|p1a: Walking Wake|spa|2
|
|-weather|SunnyDay|[upkeep]
|upkeep
|turn|21
|
|t:|1779668410
|-end|p1a: Walking Wake|Protosynthesis|[silent]
|switch|p1a: Great Tusk|Great Tusk|100/100
|-activate|p1a: Great Tusk|ability: Protosynthesis
|-start|p1a: Great Tusk|protosynthesisatk
|move|p2a: Indeedee|Expanding Force|p1a: Great Tusk
|-supereffective|p1a: Great Tusk
|-damage|p1a: Great Tusk|0 fnt
|faint|p1a: Great Tusk
|-end|p1a: Great Tusk|Protosynthesis|[silent]
|
|-weather|SunnyDay|[upkeep]
|upkeep
|
|t:|1779668414
|switch|p1a: Ninetales|Ninetales, F|100/100
|turn|22
|
|t:|1779668433
|move|p2a: Indeedee|Healing Wish|p2a: Indeedee
|faint|p2a: Indeedee
|move|p1a: Ninetales|Healing Wish|p1a: Ninetales
|faint|p1a: Ninetales
|
|-weather|SunnyDay|[upkeep]
|-fieldend|move: Trick Room
|-fieldend|move: Psychic Terrain
|upkeep
|
|t:|1779668439
|switch|p1a: Walking Wake|Walking Wake|29/100
|switch|p2a: Clawitzer|Clawitzer, F|15/100
|-heal|p1a: Walking Wake|100/100|[from] move: Healing Wish
|-heal|p2a: Clawitzer|100/100|[from] move: Healing Wish
|-activate|p1a: Walking Wake|ability: Protosynthesis
|-start|p1a: Walking Wake|protosynthesisspe
|turn|23
|
|t:|1779668446
|-terastallize|p1a: Walking Wake|Fairy
|move|p1a: Walking Wake|Hydro Steam|p2a: Clawitzer
|-resisted|p2a: Clawitzer
|-damage|p2a: Clawitzer|67/100
|move|p2a: Clawitzer|Dragon Pulse|p1a: Walking Wake
|-immune|p1a: Walking Wake
|
|-weather|none
|-end|p1a: Walking Wake|Protosynthesis
|upkeep
|turn|24
|
|t:|1779668457
|move|p1a: Walking Wake|Hydro Steam|p2a: Clawitzer
|-resisted|p2a: Clawitzer
|-damage|p2a: Clawitzer|44/100
|move|p2a: Clawitzer|Water Pulse|p1a: Walking Wake
|-damage|p1a: Walking Wake|47/100
|
|upkeep
|turn|25
|
|t:|1779668461
|move|p1a: Walking Wake|Draco Meteor|p2a: Clawitzer
|-damage|p2a: Clawitzer|0 fnt
|-unboost|p1a: Walking Wake|spa|2
|faint|p2a: Clawitzer
|
|upkeep
|
|t:|1779668463
|switch|p2a: Ursaluna|Ursaluna, F, tera:Ghost|90/100 brn
|turn|26
|
|t:|1779668465
|move|p1a: Walking Wake|Draco Meteor|p2a: Ursaluna
|-damage|p2a: Ursaluna|52/100 brn
|-unboost|p1a: Walking Wake|spa|2
|move|p2a: Ursaluna|Facade|p1a: Walking Wake
|-damage|p1a: Walking Wake|0 fnt
|faint|p1a: Walking Wake
|-end|p1a: Walking Wake|Protosynthesis|[silent]
|
|win|2(sweet)
|raw|saad.2's rating: 1352 &rarr; <strong>1334</strong><br />(-18 for losing)
|raw|2(sweet)'s rating: 1384 &rarr; <strong>1402</strong><br />(+18 for winning)
|l|☆saad.2
|player|p1|
|l|☆2(sweet)
|player|p2|
