|j|☆private_numero
|j|☆WomenPostingLs
|t:|1779682598
|gametype|singles
|player|p1|private_numero|102|1013
|player|p2|WomenPostingLs|lady-gen4|1000
|gen|9
|tier|[Gen 9] OU
|rated|
|rule|HP Percentage Mod: HP is shown in percentages
|rule|Endless Battle Clause: Forcing endless battles is banned
|rule|Species Clause: Limit one of each Pokémon
|rule|OHKO Clause: OHKO moves are banned
|rule|Evasion Items Clause: Evasion items are banned
|rule|Evasion Moves Clause: Evasion moves are banned
|rule|Evasion Abilities Clause: Evasion abilities are banned
|rule|Sleep Moves Clause: Sleep-inducing moves are banned
|clearpoke
|poke|p1|Dragapult, M|
|poke|p1|Mimikyu, M|
|poke|p1|Excadrill, F|
|poke|p1|Tyranitar, F|
|poke|p1|Spidops, M|
|poke|p1|Alomomola, M|
|poke|p2|Garganacl, M|
|poke|p2|Zamazenta-*|
|poke|p2|Tinkaton, F|
|poke|p2|Tornadus-Therian, M|
|poke|p2|Zapdos|
|poke|p2|Iron Valiant|
|teampreview
|
|t:|1779682614
|teamsize|p1|6
|teamsize|p2|6
|start
|switch|p1a: Spidops|Spidops, M|100/100
|switch|p2a: Garganacl|Garganacl, M|100/100
|turn|1
|inactive|Battle timer is ON: inactive players will automatically lose when time's up. (requested by WomenPostingLs)
|
|t:|1779682620
|move|p1a: Spidops|Sticky Web|p2a: Garganacl
|-sidestart|p2: WomenPostingLs|move: Sticky Web
|move|p2a: Garganacl|Curse|p2a: Garganacl
|-unboost|p2a: Garganacl|spe|1
|-boost|p2a: Garganacl|atk|1
|-boost|p2a: Garganacl|def|1
|
|upkeep
|turn|2
|
|t:|1779682626
|move|p2a: Garganacl|Salt Cure|p1a: Spidops
|-supereffective|p1a: Spidops
|-damage|p1a: Spidops|49/100
|-start|p1a: Spidops|Salt Cure
|move|p1a: Spidops|Circle Throw|p2a: Garganacl
|-supereffective|p2a: Garganacl
|-damage|p2a: Garganacl|91/100
|drag|p2a: Tornadus|Tornadus-Therian, M|100/100
|
|-damage|p1a: Spidops|36/100|[from] Salt Cure
|upkeep
|turn|3
|
|t:|1779682641
|move|p2a: Tornadus|Heat Wave|p1a: Spidops
|-supereffective|p1a: Spidops
|-damage|p1a: Spidops|0 fnt
|faint|p1a: Spidops
|
|upkeep
|
|t:|1779682649
|switch|p1a: Tyranitar|Tyranitar, F|100/100
|-weather|Sandstorm|[from] ability: Sand Stream|[of] p1a: Tyranitar
|turn|4
|
|t:|1779682658
|move|p1a: Tyranitar|Protect|p1a: Tyranitar
|-singleturn|p1a: Tyranitar|Protect
|move|p2a: Tornadus|U-turn|p1a: Tyranitar
|-activate|p1a: Tyranitar|move: Protect
|
|-weather|Sandstorm|[upkeep]
|-damage|p2a: Tornadus|94/100|[from] Sandstorm
|upkeep
|turn|5
|
|t:|1779682665
|move|p2a: Tornadus|U-turn|p1a: Tyranitar
|-supereffective|p1a: Tyranitar
|-damage|p1a: Tyranitar|76/100
|
|t:|1779682669
|switch|p2a: Garganacl|Garganacl, M|91/100|[from] U-turn
|-activate|p2a: Garganacl|move: Sticky Web
|-unboost|p2a: Garganacl|spe|1
|move|p1a: Tyranitar|Stealth Rock|p2a: Garganacl
|-sidestart|p2: WomenPostingLs|move: Stealth Rock
|
|-weather|Sandstorm|[upkeep]
|-heal|p1a: Tyranitar|83/100|[from] item: Leftovers
|-heal|p2a: Garganacl|97/100|[from] item: Leftovers
|upkeep
|turn|6
|
|t:|1779682678
|move|p1a: Tyranitar|Knock Off|p2a: Garganacl
|-damage|p2a: Garganacl|71/100
|-enditem|p2a: Garganacl|Leftovers|[from] move: Knock Off|[of] p1a: Tyranitar
|move|p2a: Garganacl|Salt Cure|p1a: Tyranitar
|-damage|p1a: Tyranitar|72/100
|-start|p1a: Tyranitar|Salt Cure
|
|-weather|Sandstorm|[upkeep]
|-heal|p1a: Tyranitar|78/100|[from] item: Leftovers
|-damage|p1a: Tyranitar|66/100|[from] Salt Cure
|upkeep
|turn|7
|
|t:|1779682689
|move|p1a: Tyranitar|Knock Off|p2a: Garganacl
|-damage|p2a: Garganacl|51/100
|move|p2a: Garganacl|Curse|p2a: Garganacl
|-unboost|p2a: Garganacl|spe|1
|-boost|p2a: Garganacl|atk|1
|-boost|p2a: Garganacl|def|1
|
|-weather|Sandstorm|[upkeep]
|-heal|p1a: Tyranitar|72/100|[from] item: Leftovers
|-damage|p1a: Tyranitar|60/100|[from] Salt Cure
|upkeep
|turn|8
|
|t:|1779682699
|move|p1a: Tyranitar|Thunder Wave|p2a: Garganacl
|-immune|p2a: Garganacl|[from] ability: Purifying Salt
|move|p2a: Garganacl|Recover|p2a: Garganacl
|-heal|p2a: Garganacl|100/100
|
|-weather|none
|-heal|p1a: Tyranitar|66/100|[from] item: Leftovers
|-damage|p1a: Tyranitar|54/100|[from] Salt Cure
|upkeep
|turn|9
|
|t:|1779682708
|switch|p1a: Alomomola|Alomomola, M|100/100
|move|p2a: Garganacl|Salt Cure|p1a: Alomomola
|-damage|p1a: Alomomola|88/100
|-start|p1a: Alomomola|Salt Cure
|
|-heal|p1a: Alomomola|94/100|[from] item: Leftovers
|-damage|p1a: Alomomola|69/100|[from] Salt Cure
|upkeep
|turn|10
|
|t:|1779682718
|move|p1a: Alomomola|Wish|p1a: Alomomola
|move|p2a: Garganacl|Curse|p2a: Garganacl
|-unboost|p2a: Garganacl|spe|1
|-boost|p2a: Garganacl|atk|1
|-boost|p2a: Garganacl|def|1
|
|-heal|p1a: Alomomola|75/100|[from] item: Leftovers
|-damage|p1a: Alomomola|50/100|[from] Salt Cure
|upkeep
|turn|11
|
|t:|1779682728
|move|p1a: Alomomola|Flip Turn|p2a: Garganacl
|-supereffective|p2a: Garganacl
|-damage|p2a: Garganacl|89/100
|-message|private_numero forfeited.
|
|win|WomenPostingLs
|raw|private_numero's rating: 1013 &rarr; <strong>1001</strong><br />(-12 for losing)
|raw|WomenPostingLs's rating: 1000 &rarr; <strong>1041</strong><br />(+41 for winning)
|l|☆private_numero
|player|p1|
