|j|☆Linkinfernodouglas
|j|☆Eduardo3321
|t:|1779563626
|gametype|singles
|player|p1|Linkinfernodouglas|266|1172
|player|p2|Eduardo3321|volkner|1131
|gen|9
|tier|[Gen 9] OU
|rated|
|rule|HP Percentage Mod: HP is shown in percentages
|rule|Endless Battle Clause: Forcing endless battles is banned
|rule|Species Clause: Limit one of each Pokémon
|rule|OHKO Clause: OHKO moves are banned
|rule|Evasion Items Clause: Evasion items are banned
|rule|Evasion Moves Clause: Evasion moves are banned
|rule|Evasion Abilities Clause: Evasion abilities are banned
|rule|Sleep Moves Clause: Sleep-inducing moves are banned
|clearpoke
|poke|p1|Dragonite, M|
|poke|p1|Cinderace, F|
|poke|p1|Glimmora, F|
|poke|p1|Deoxys-Speed|
|poke|p1|Ceruledge, F|
|poke|p1|Kingambit, M|
|poke|p2|Grimmsnarl, M|
|poke|p2|Dragapult, F|
|poke|p2|Kingambit, M|
|poke|p2|Gholdengo|
|poke|p2|Great Tusk|
|poke|p2|Rillaboom, M|
|teampreview
|inactive|Battle timer is ON: inactive players will automatically lose when time's up. (requested by Linkinfernodouglas)
|
|t:|1779563640
|teamsize|p1|6
|teamsize|p2|6
|start
|switch|p1a: Dragonite|Dragonite, M|100/100
|switch|p2a: Great Tusk|Great Tusk|100/100
|-enditem|p2a: Great Tusk|Booster Energy
|-activate|p2a: Great Tusk|ability: Protosynthesis|[fromitem]
|-start|p2a: Great Tusk|protosynthesisatk
|turn|1
|
|t:|1779563662
|move|p2a: Great Tusk|Rapid Spin|p1a: Dragonite
|-damage|p1a: Dragonite|93/100
|-boost|p2a: Great Tusk|spe|1
|-damage|p2a: Great Tusk|84/100|[from] item: Rocky Helmet|[of] p1a: Dragonite
|move|p1a: Dragonite|Ice Beam|p2a: Great Tusk
|-supereffective|p2a: Great Tusk
|-damage|p2a: Great Tusk|28/100
|
|upkeep
|turn|2
|
|t:|1779563673
|move|p2a: Great Tusk|Ice Spinner|p1a: Dragonite
|-supereffective|p1a: Dragonite
|-damage|p1a: Dragonite|0 fnt
|-damage|p2a: Great Tusk|12/100|[from] item: Rocky Helmet|[of] p1a: Dragonite
|faint|p1a: Dragonite
|
|upkeep
|
|t:|1779563686
|switch|p1a: Ceruledge|Ceruledge, F|100/100
|turn|3
|
|t:|1779563693
|move|p1a: Ceruledge|Shadow Sneak|p2a: Great Tusk
|-damage|p2a: Great Tusk|0 fnt
|faint|p2a: Great Tusk
|-end|p2a: Great Tusk|Protosynthesis|[silent]
|
|upkeep
|
|t:|1779563698
|switch|p2a: Kingambit|Kingambit, M|100/100
|-activate|p2a: Kingambit|ability: Supreme Overlord
|-start|p2a: Kingambit|fallen1|[silent]
|turn|4
|
|t:|1779563723
|switch|p1a: Cinderace|Cinderace, F|100/100
|move|p2a: Kingambit|Kowtow Cleave|p1a: Cinderace
|-damage|p1a: Cinderace|39/100
|
|upkeep
|turn|5
|
|t:|1779563739
|move|p1a: Cinderace|Will-O-Wisp|p2a: Kingambit|[miss]
|-miss|p1a: Cinderace|p2a: Kingambit
|move|p2a: Kingambit|Kowtow Cleave|p1a: Cinderace
|-damage|p1a: Cinderace|0 fnt
|faint|p1a: Cinderace
|
|upkeep
|inactive|Linkinfernodouglas has 120 seconds left.
|
|t:|1779563759
|switch|p1a: Glimmora|Glimmora, F|100/100
|turn|6
|
|t:|1779563774
|move|p1a: Glimmora|Toxic|p2a: Kingambit
|-status|p2a: Kingambit|tox
|move|p2a: Kingambit|Swords Dance|p2a: Kingambit
|-boost|p2a: Kingambit|atk|2
|
|-damage|p2a: Kingambit|94/100 tox|[from] psn
|upkeep
|turn|7
|
|t:|1779563782
|move|p1a: Glimmora|Earth Power|p2a: Kingambit
|-supereffective|p2a: Kingambit
|-damage|p2a: Kingambit|41/100 tox
|move|p2a: Kingambit|Iron Head|p1a: Glimmora
|-supereffective|p1a: Glimmora
|-damage|p1a: Glimmora|0 fnt
|faint|p1a: Glimmora
|
|-damage|p2a: Kingambit|29/100 tox|[from] psn
|upkeep
|inactive|Linkinfernodouglas has 120 seconds left.
|
|t:|1779563823
|switch|p1a: Deoxys|Deoxys-Speed|100/100
|-ability|p1a: Deoxys|Pressure
|turn|8
|inactive|Eduardo3321 has 120 seconds left.
|
|t:|1779563856
|move|p1a: Deoxys|Cosmic Power|p1a: Deoxys
|-boost|p1a: Deoxys|def|1
|-boost|p1a: Deoxys|spd|1
|move|p2a: Kingambit|Kowtow Cleave|p1a: Deoxys
|-supereffective|p1a: Deoxys
|-damage|p1a: Deoxys|0 fnt
|faint|p1a: Deoxys
|
|-damage|p2a: Kingambit|10/100 tox|[from] psn
|upkeep
|
|t:|1779563867
|switch|p1a: Kingambit|Kingambit, M|100/100
|-ability|p1a: Kingambit|Pressure
|turn|9
|inactive|Linkinfernodouglas has 90 seconds left.
|
|t:|1779563895
|move|p1a: Kingambit|Protect|p1a: Kingambit
|-singleturn|p1a: Kingambit|Protect
|move|p2a: Kingambit|Kowtow Cleave|p1a: Kingambit
|-activate|p1a: Kingambit|move: Protect
|
|-damage|p2a: Kingambit|0 fnt|[from] psn
|faint|p2a: Kingambit
|-end|p2a: Kingambit|fallen1|[silent]
|upkeep
|inactive|Eduardo3321 has 120 seconds left.
|
|t:|1779563918
|switch|p2a: Gholdengo|Gholdengo|100/100
|turn|10
|inactive|Linkinfernodouglas has 90 seconds left.
|inactive|Eduardo3321 has 120 seconds left.
|
|t:|1779563939
|move|p2a: Gholdengo|Focus Blast|p1a: Kingambit|[miss]
|-miss|p2a: Gholdengo|p1a: Kingambit
|move|p1a: Kingambit|Substitute|p1a: Kingambit
|-start|p1a: Kingambit|Substitute
|-damage|p1a: Kingambit|76/100
|
|-heal|p1a: Kingambit|82/100|[from] item: Leftovers
|upkeep
|turn|11
|
|t:|1779563946
|move|p2a: Gholdengo|Nasty Plot|p2a: Gholdengo
|-boost|p2a: Gholdengo|spa|2
|move|p1a: Kingambit|Kowtow Cleave|p2a: Gholdengo
|-supereffective|p2a: Gholdengo
|-damage|p2a: Gholdengo|5/100
|
|-heal|p1a: Kingambit|88/100|[from] item: Leftovers
|upkeep
|turn|12
|inactive|Eduardo3321 has 120 seconds left.
|
|t:|1779563955
|move|p2a: Gholdengo|Shadow Ball|p1a: Kingambit
|-resisted|p1a: Kingambit
|-end|p1a: Kingambit|Substitute
|move|p1a: Kingambit|Kowtow Cleave|p2a: Gholdengo
|-supereffective|p2a: Gholdengo
|-damage|p2a: Gholdengo|0 fnt
|faint|p2a: Gholdengo
|
|-heal|p1a: Kingambit|94/100|[from] item: Leftovers
|upkeep
|inactive|Eduardo3321 has 120 seconds left.
|
|t:|1779563969
|switch|p2a: Rillaboom|Rillaboom, M|100/100
|-fieldstart|move: Grassy Terrain|[from] ability: Grassy Surge|[of] p2a: Rillaboom
|turn|13
|inactive|Eduardo3321 has 120 seconds left.
|
|t:|1779563989
|move|p1a: Kingambit|Protect|p1a: Kingambit
|-singleturn|p1a: Kingambit|Protect
|move|p2a: Rillaboom|U-turn|p1a: Kingambit
|-activate|p1a: Kingambit|move: Protect
|
|-heal|p1a: Kingambit|100/100|[from] Grassy Terrain
|upkeep
|turn|14
|inactive|Linkinfernodouglas has 90 seconds left.
|
|t:|1779564012
|move|p2a: Rillaboom|U-turn|p1a: Kingambit
|-damage|p1a: Kingambit|73/100
|
|t:|1779564015
|switch|p2a: Grimmsnarl|Grimmsnarl, M|100/100|[from] U-turn
|move|p1a: Kingambit|Swords Dance|p1a: Kingambit
|-boost|p1a: Kingambit|atk|2
|
|-heal|p1a: Kingambit|79/100|[from] Grassy Terrain
|-heal|p1a: Kingambit|85/100|[from] item: Leftovers
|upkeep
|turn|15
|
|t:|1779564025
|move|p1a: Kingambit|Kowtow Cleave|p2a: Grimmsnarl
|-resisted|p2a: Grimmsnarl
|-damage|p2a: Grimmsnarl|80/100
|move|p2a: Grimmsnarl|Spirit Break|p1a: Kingambit
|-damage|p1a: Kingambit|64/100
|-unboost|p1a: Kingambit|spa|1
|
|-heal|p1a: Kingambit|70/100|[from] Grassy Terrain
|-heal|p1a: Kingambit|76/100|[from] item: Leftovers
|-heal|p2a: Grimmsnarl|86/100|[from] Grassy Terrain
|upkeep
|turn|16
|inactive|Linkinfernodouglas has 90 seconds left.
|
|t:|1779564045
|move|p2a: Grimmsnarl|Reflect|p2a: Grimmsnarl
|-sidestart|p2: Eduardo3321|Reflect
|move|p1a: Kingambit|Substitute|p1a: Kingambit
|-start|p1a: Kingambit|Substitute
|-damage|p1a: Kingambit|51/100
|
|-heal|p1a: Kingambit|57/100|[from] Grassy Terrain
|-heal|p1a: Kingambit|64/100|[from] item: Leftovers
|-heal|p2a: Grimmsnarl|92/100|[from] Grassy Terrain
|upkeep
|turn|17
|
|t:|1779564049
|move|p1a: Kingambit|Swords Dance|p1a: Kingambit
|-boost|p1a: Kingambit|atk|2
|move|p2a: Grimmsnarl|Spirit Break|p1a: Kingambit
|-activate|p1a: Kingambit|move: Substitute|[damage]
|
|-heal|p1a: Kingambit|70/100|[from] Grassy Terrain
|-heal|p1a: Kingambit|76/100|[from] item: Leftovers
|-heal|p2a: Grimmsnarl|98/100|[from] Grassy Terrain
|-fieldend|move: Grassy Terrain
|upkeep
|turn|18
|
|t:|1779564056
|move|p1a: Kingambit|Swords Dance|p1a: Kingambit
|-boost|p1a: Kingambit|atk|2
|move|p2a: Grimmsnarl|Spirit Break|p1a: Kingambit
|-end|p1a: Kingambit|Substitute
|
|-heal|p1a: Kingambit|82/100|[from] item: Leftovers
|upkeep
|turn|19
|
|t:|1779564061
|move|p1a: Kingambit|Substitute|p1a: Kingambit
|-start|p1a: Kingambit|Substitute
|-damage|p1a: Kingambit|57/100
|move|p2a: Grimmsnarl|Spirit Break|p1a: Kingambit
|-activate|p1a: Kingambit|move: Substitute|[damage]
|
|-heal|p1a: Kingambit|64/100|[from] item: Leftovers
|upkeep
|turn|20
|
|t:|1779564068
|move|p1a: Kingambit|Protect|p1a: Kingambit
|-singleturn|p1a: Kingambit|Protect
|move|p2a: Grimmsnarl|Reflect||[still]
|-fail|p2a: Grimmsnarl
|
|-heal|p1a: Kingambit|70/100|[from] item: Leftovers
|upkeep
|turn|21
|inactive|Linkinfernodouglas has 120 seconds left.
|
|t:|1779564075
|move|p1a: Kingambit|Kowtow Cleave|p2a: Grimmsnarl
|-resisted|p2a: Grimmsnarl
|-damage|p2a: Grimmsnarl|77/100
|move|p2a: Grimmsnarl|Spirit Break|p1a: Kingambit
|-end|p1a: Kingambit|Substitute
|
|-heal|p1a: Kingambit|76/100|[from] item: Leftovers
|upkeep
|turn|22
|
|t:|1779564086
|move|p1a: Kingambit|Protect|p1a: Kingambit
|-singleturn|p1a: Kingambit|Protect
|move|p2a: Grimmsnarl|Spirit Break|p1a: Kingambit
|-activate|p1a: Kingambit|move: Protect
|
|-heal|p1a: Kingambit|82/100|[from] item: Leftovers
|upkeep
|turn|23
|
|t:|1779564101
|move|p1a: Kingambit|Kowtow Cleave|p2a: Grimmsnarl
|-resisted|p2a: Grimmsnarl
|-damage|p2a: Grimmsnarl|56/100
|move|p2a: Grimmsnarl|Spirit Break|p1a: Kingambit
|-damage|p1a: Kingambit|61/100
|-unboost|p1a: Kingambit|spa|1
|
|-heal|p1a: Kingambit|67/100|[from] item: Leftovers
|-sideend|p2: Eduardo3321|Reflect
|upkeep
|turn|24
|inactive|Linkinfernodouglas has 120 seconds left.
|
|t:|1779564117
|move|p2a: Grimmsnarl|Reflect|p2a: Grimmsnarl
|-sidestart|p2: Eduardo3321|Reflect
|move|p1a: Kingambit|Substitute|p1a: Kingambit
|-start|p1a: Kingambit|Substitute
|-damage|p1a: Kingambit|42/100
|
|-heal|p1a: Kingambit|49/100|[from] item: Leftovers
|upkeep
|turn|25
|
|t:|1779564125
|move|p1a: Kingambit|Protect|p1a: Kingambit
|-singleturn|p1a: Kingambit|Protect
|move|p2a: Grimmsnarl|Spirit Break|p1a: Kingambit
|-activate|p1a: Kingambit|move: Protect
|
|-heal|p1a: Kingambit|55/100|[from] item: Leftovers
|upkeep
|turn|26
|
|t:|1779564140
|move|p1a: Kingambit|Kowtow Cleave|p2a: Grimmsnarl
|-resisted|p2a: Grimmsnarl
|-damage|p2a: Grimmsnarl|35/100
|move|p2a: Grimmsnarl|Spirit Break|p1a: Kingambit
|-activate|p1a: Kingambit|move: Substitute|[damage]
|
|-heal|p1a: Kingambit|61/100|[from] item: Leftovers
|upkeep
|turn|27
|
|t:|1779564150
|move|p1a: Kingambit|Protect|p1a: Kingambit
|-singleturn|p1a: Kingambit|Protect
|move|p2a: Grimmsnarl|Spirit Break|p1a: Kingambit
|-activate|p1a: Kingambit|move: Protect
|
|-heal|p1a: Kingambit|67/100|[from] item: Leftovers
|upkeep
|turn|28
|
|t:|1779564155
|move|p1a: Kingambit|Kowtow Cleave|p2a: Grimmsnarl
|-resisted|p2a: Grimmsnarl
|-damage|p2a: Grimmsnarl|15/100
|move|p2a: Grimmsnarl|Spirit Break|p1a: Kingambit
|-end|p1a: Kingambit|Substitute
|
|-heal|p1a: Kingambit|73/100|[from] item: Leftovers
|upkeep
|turn|29
|
|t:|1779564164
|move|p1a: Kingambit|Protect|p1a: Kingambit
|-singleturn|p1a: Kingambit|Protect
|move|p2a: Grimmsnarl|Spirit Break|p1a: Kingambit
|-activate|p1a: Kingambit|move: Protect
|
|-heal|p1a: Kingambit|80/100|[from] item: Leftovers
|upkeep
|turn|30
|
|t:|1779564174
|move|p2a: Grimmsnarl|Parting Shot|p1a: Kingambit
|-hint|Since gen 7, Dark is immune to Prankster moves.
|-immune|p1a: Kingambit
|move|p1a: Kingambit|Substitute|p1a: Kingambit
|-start|p1a: Kingambit|Substitute
|-damage|p1a: Kingambit|55/100
|
|-heal|p1a: Kingambit|61/100|[from] item: Leftovers
|upkeep
|turn|31
|
|t:|1779564181
|move|p2a: Grimmsnarl|Parting Shot|p1a: Kingambit
|-hint|Since gen 7, Dark is immune to Prankster moves.
|-immune|p1a: Kingambit
|move|p1a: Kingambit|Kowtow Cleave|p2a: Grimmsnarl
|-resisted|p2a: Grimmsnarl
|-damage|p2a: Grimmsnarl|0 fnt
|faint|p2a: Grimmsnarl
|
|-heal|p1a: Kingambit|67/100|[from] item: Leftovers
|-sideend|p2: Eduardo3321|Reflect
|upkeep
|
|t:|1779564193
|switch|p2a: Dragapult|Dragapult, F|100/100
|turn|32
|
|t:|1779564210
|-terastallize|p2a: Dragapult|Dragon
|move|p2a: Dragapult|Dragon Darts|p1a: Kingambit
|-resisted|p1a: Kingambit
|-activate|p1a: Kingambit|move: Substitute|[damage]
|-anim|p2a: Dragapult|Dragon Darts|p1a: Kingambit
|-resisted|p1a: Kingambit
|-end|p1a: Kingambit|Substitute
|move|p1a: Kingambit|Kowtow Cleave|p2a: Dragapult
|-damage|p2a: Dragapult|0 fnt
|faint|p2a: Dragapult
|
|-heal|p1a: Kingambit|73/100|[from] item: Leftovers
|upkeep
|
|t:|1779564216
|switch|p2a: Rillaboom|Rillaboom, M|100/100
|-fieldstart|move: Grassy Terrain|[from] ability: Grassy Surge|[of] p2a: Rillaboom
|turn|33
|
|t:|1779564226
|move|p2a: Rillaboom|Grassy Glide|p1a: Kingambit
|-resisted|p1a: Kingambit
|-damage|p1a: Kingambit|55/100
|move|p1a: Kingambit|Kowtow Cleave|p2a: Rillaboom
|-damage|p2a: Rillaboom|0 fnt
|faint|p2a: Rillaboom
|
|win|Linkinfernodouglas
|raw|Linkinfernodouglas's rating: 1172 &rarr; <strong>1194</strong><br />(+22 for winning)
|raw|Eduardo3321's rating: 1131 &rarr; <strong>1109</strong><br />(-22 for losing)
|l|☆Eduardo3321
|player|p2|
|c|☆Linkinfernodouglas|gg
