|j|☆bobrumba
|j|☆samohi0
|t:|1779675951
|gametype|singles
|player|p1|bobrumba|cynthia-gen4|1715
|player|p2|samohi0|hoopster|1752
|gen|9
|tier|[Gen 9] OU
|rated|
|rule|HP Percentage Mod: HP is shown in percentages
|rule|Endless Battle Clause: Forcing endless battles is banned
|rule|Species Clause: Limit one of each Pokémon
|rule|OHKO Clause: OHKO moves are banned
|rule|Evasion Items Clause: Evasion items are banned
|rule|Evasion Moves Clause: Evasion moves are banned
|rule|Evasion Abilities Clause: Evasion abilities are banned
|rule|Sleep Moves Clause: Sleep-inducing moves are banned
|clearpoke
|poke|p1|Dondozo, M|
|poke|p1|Blissey, F|
|poke|p1|Corviknight, M|
|poke|p1|Weezing-Galar, F|
|poke|p1|Gliscor, F|
|poke|p1|Toxapex, F|
|poke|p2|Dragapult, F|
|poke|p2|Lokix, F|
|poke|p2|Alomomola, F|
|poke|p2|Great Tusk|
|poke|p2|Enamorus, F|
|poke|p2|Iron Crown|
|teampreview
|inactive|Battle timer is ON: inactive players will automatically lose when time's up. (requested by bobrumba)
|
|t:|1779675972
|teamsize|p1|6
|teamsize|p2|6
|start
|switch|p1a: Gliscor|Gliscor, F|100/100
|switch|p2a: Iron Crown|Iron Crown|100/100
|turn|1
|
|t:|1779675979
|move|p2a: Iron Crown|Psychic Noise|p1a: Gliscor
|-damage|p1a: Gliscor|49/100
|-start|p1a: Gliscor|move: Heal Block
|move|p1a: Gliscor|Earthquake|p2a: Iron Crown
|-supereffective|p2a: Iron Crown
|-damage|p2a: Iron Crown|31/100
|
|-status|p1a: Gliscor|tox|[from] item: Toxic Orb
|upkeep
|turn|2
|
|t:|1779675997
|move|p1a: Gliscor|Protect|p1a: Gliscor
|-singleturn|p1a: Gliscor|Protect
|move|p2a: Iron Crown|Psychic Noise|p1a: Gliscor
|-activate|p1a: Gliscor|move: Protect
|
|-end|p1a: Gliscor|move: Heal Block
|upkeep
|turn|3
|
|t:|1779676008
|switch|p1a: Blissey|Blissey, F|100/100
|move|p2a: Iron Crown|Psychic Noise|p1a: Blissey
|-damage|p1a: Blissey|83/100
|-start|p1a: Blissey|move: Heal Block
|
|upkeep
|turn|4
|j| liptight
|
|t:|1779676018
|-end|p2a: Iron Crown|Quark Drive|[silent]
|switch|p2a: Lokix|Lokix, F|100/100
|switch|p1a: Gliscor|Gliscor, F|49/100 tox
|
|-heal|p1a: Gliscor|62/100 tox|[from] ability: Poison Heal
|upkeep
|turn|5
|
|t:|1779676026
|move|p1a: Gliscor|Protect|p1a: Gliscor
|-singleturn|p1a: Gliscor|Protect
|move|p2a: Lokix|U-turn|p1a: Gliscor
|-activate|p1a: Gliscor|move: Protect
|
|-heal|p1a: Gliscor|74/100 tox|[from] ability: Poison Heal
|upkeep
|turn|6
|
|t:|1779676032
|switch|p1a: Weezing|Weezing-Galar, F|100/100
|-ability|p1a: Weezing|Neutralizing Gas
|move|p2a: Lokix|U-turn|p1a: Weezing
|-resisted|p1a: Weezing
|-damage|p1a: Weezing|92/100
|
|t:|1779676035
|switch|p2a: Iron Crown|Iron Crown|31/100|[from] U-turn
|
|upkeep
|turn|7
|
|t:|1779676044
|-end|p1a: Weezing|ability: Neutralizing Gas
|switch|p1a: Blissey|Blissey, F|83/100
|move|p2a: Iron Crown|Volt Switch|p1a: Blissey
|-damage|p1a: Blissey|72/100
|
|t:|1779676053
|-end|p2a: Iron Crown|Quark Drive|[silent]
|switch|p2a: Lokix|Lokix, F|100/100|[from] Volt Switch
|
|-heal|p1a: Blissey|78/100|[from] item: Leftovers
|upkeep
|turn|8
|
|t:|1779676059
|switch|p1a: Weezing|Weezing-Galar, F|92/100
|-ability|p1a: Weezing|Neutralizing Gas
|move|p2a: Lokix|Knock Off|p1a: Weezing
|-resisted|p1a: Weezing
|-damage|p1a: Weezing|69/100
|-enditem|p1a: Weezing|Heavy-Duty Boots|[from] move: Knock Off|[of] p2a: Lokix
|
|upkeep
|turn|9
|
|t:|1779676065
|switch|p2a: Iron Crown|Iron Crown|31/100
|move|p1a: Weezing|Toxic Spikes|p2a: Iron Crown
|-sidestart|p2: samohi0|move: Toxic Spikes
|
|upkeep
|turn|10
|
|t:|1779676071
|-end|p1a: Weezing|ability: Neutralizing Gas
|switch|p1a: Blissey|Blissey, F|78/100
|move|p2a: Iron Crown|Psychic Noise|p1a: Blissey
|-damage|p1a: Blissey|63/100
|-start|p1a: Blissey|move: Heal Block
|
|upkeep
|turn|11
|
|t:|1779676083
|-end|p2a: Iron Crown|Quark Drive|[silent]
|switch|p2a: Enamorus|Enamorus, F|100/100
|move|p1a: Blissey|Seismic Toss|p2a: Enamorus
|-damage|p2a: Enamorus|66/100
|
|-end|p1a: Blissey|move: Heal Block
|upkeep
|turn|12
|inactive|bobrumba has 120 seconds left.
|
|t:|1779676119
|switch|p1a: Gliscor|Gliscor, F|74/100 tox
|move|p2a: Enamorus|Healing Wish|p2a: Enamorus
|faint|p2a: Enamorus
|
|-heal|p1a: Gliscor|87/100 tox|[from] ability: Poison Heal
|upkeep
|
|t:|1779676127
|switch|p2a: Great Tusk|Great Tusk|100/100
|turn|13
|j| CLOUTXODIA
|
|t:|1779676133
|move|p1a: Gliscor|Protect|p1a: Gliscor
|-singleturn|p1a: Gliscor|Protect
|move|p2a: Great Tusk|Stealth Rock|p1a: Gliscor
|-sidestart|p1: bobrumba|move: Stealth Rock
|
|-heal|p1a: Gliscor|99/100 tox|[from] ability: Poison Heal
|upkeep
|turn|14
|
|t:|1779676138
|switch|p1a: Corviknight|Corviknight, M|100/100
|-damage|p1a: Corviknight|88/100|[from] Stealth Rock
|-ability|p1a: Corviknight|Pressure
|move|p2a: Great Tusk|Ice Spinner|p1a: Corviknight
|-damage|p1a: Corviknight|70/100
|
|-heal|p1a: Corviknight|77/100|[from] item: Leftovers
|upkeep
|turn|15
|
|t:|1779676150
|-end|p2a: Great Tusk|Protosynthesis|[silent]
|switch|p2a: Iron Crown|Iron Crown|31/100
|-heal|p2a: Iron Crown|100/100|[from] move: Healing Wish
|move|p1a: Corviknight|Body Press|p2a: Iron Crown
|-damage|p2a: Iron Crown|70/100
|
|-heal|p1a: Corviknight|83/100|[from] item: Leftovers
|upkeep
|turn|16
|
|t:|1779676158
|switch|p1a: Blissey|Blissey, F|63/100
|-damage|p1a: Blissey|50/100|[from] Stealth Rock
|move|p2a: Iron Crown|Volt Switch|p1a: Blissey
|-crit|p1a: Blissey
|-damage|p1a: Blissey|35/100
|
|t:|1779676163
|-end|p2a: Iron Crown|Quark Drive|[silent]
|switch|p2a: Great Tusk|Great Tusk|100/100|[from] Volt Switch
|
|-heal|p1a: Blissey|42/100|[from] item: Leftovers
|upkeep
|turn|17
|
|t:|1779676167
|-end|p2a: Great Tusk|Protosynthesis|[silent]
|switch|p2a: Iron Crown|Iron Crown|70/100
|switch|p1a: Corviknight|Corviknight, M|83/100
|-damage|p1a: Corviknight|70/100|[from] Stealth Rock
|-ability|p1a: Corviknight|Pressure
|
|-heal|p1a: Corviknight|77/100|[from] item: Leftovers
|upkeep
|turn|18
|
|t:|1779676178
|switch|p1a: Gliscor|Gliscor, F|99/100 tox
|-damage|p1a: Gliscor|87/100 tox|[from] Stealth Rock
|move|p2a: Iron Crown|Psychic Noise|p1a: Gliscor
|-damage|p1a: Gliscor|38/100 tox
|-start|p1a: Gliscor|move: Heal Block
|
|upkeep
|turn|19
|
|t:|1779676182
|move|p1a: Gliscor|Protect|p1a: Gliscor
|-singleturn|p1a: Gliscor|Protect
|move|p2a: Iron Crown|Psychic Noise|p1a: Gliscor
|-activate|p1a: Gliscor|move: Protect
|
|-end|p1a: Gliscor|move: Heal Block
|upkeep
|turn|20
|
|t:|1779676188
|switch|p1a: Corviknight|Corviknight, M|77/100
|-damage|p1a: Corviknight|64/100|[from] Stealth Rock
|-ability|p1a: Corviknight|Pressure
|move|p2a: Iron Crown|Psychic Noise|p1a: Corviknight
|-resisted|p1a: Corviknight
|-damage|p1a: Corviknight|36/100
|-start|p1a: Corviknight|move: Heal Block
|
|upkeep
|turn|21
|
|t:|1779676196
|move|p2a: Iron Crown|Psychic Noise|p1a: Corviknight
|-resisted|p1a: Corviknight
|-damage|p1a: Corviknight|8/100
|move|p1a: Corviknight|Body Press|p2a: Iron Crown
|-damage|p2a: Iron Crown|43/100
|
|-end|p1a: Corviknight|move: Heal Block
|upkeep
|turn|22
|
|t:|1779676204
|move|p2a: Iron Crown|Psychic Noise|p1a: Corviknight
|-resisted|p1a: Corviknight
|-damage|p1a: Corviknight|0 fnt
|faint|p1a: Corviknight
|
|upkeep
|
|t:|1779676207
|switch|p1a: Blissey|Blissey, F|42/100
|-damage|p1a: Blissey|29/100|[from] Stealth Rock
|turn|23
|
|t:|1779676210
|-terastallize|p1a: Blissey|Dark
|move|p2a: Iron Crown|Psychic Noise|p1a: Blissey
|-immune|p1a: Blissey
|move|p1a: Blissey|Soft-Boiled|p1a: Blissey
|-heal|p1a: Blissey|79/100
|
|-heal|p1a: Blissey|85/100|[from] item: Leftovers
|upkeep
|turn|24
|
|t:|1779676223
|-end|p2a: Iron Crown|Quark Drive|[silent]
|switch|p2a: Great Tusk|Great Tusk|100/100
|switch|p1a: Gliscor|Gliscor, F|38/100 tox
|-damage|p1a: Gliscor|25/100 tox|[from] Stealth Rock
|
|-heal|p1a: Gliscor|38/100 tox|[from] ability: Poison Heal
|upkeep
|turn|25
|
|t:|1779676227
|move|p1a: Gliscor|Protect|p1a: Gliscor
|-singleturn|p1a: Gliscor|Protect
|move|p2a: Great Tusk|Ice Spinner|p1a: Gliscor
|-activate|p1a: Gliscor|move: Protect
|
|-heal|p1a: Gliscor|50/100 tox|[from] ability: Poison Heal
|upkeep
|turn|26
|
|t:|1779676232
|switch|p1a: Dondozo|Dondozo, M|100/100
|-damage|p1a: Dondozo|88/100|[from] Stealth Rock
|move|p2a: Great Tusk|Ice Spinner|p1a: Dondozo
|-resisted|p1a: Dondozo
|-damage|p1a: Dondozo|82/100
|
|-heal|p1a: Dondozo|88/100|[from] item: Leftovers
|upkeep
|turn|27
|
|t:|1779676237
|move|p2a: Great Tusk|Rapid Spin|p1a: Dondozo
|-damage|p1a: Dondozo|80/100
|-boost|p2a: Great Tusk|spe|1
|-sideend|p2: samohi0|Toxic Spikes|[from] move: Rapid Spin|[of] p2a: Great Tusk
|move|p1a: Dondozo|Body Press|p2a: Great Tusk
|-damage|p2a: Great Tusk|81/100
|
|-heal|p1a: Dondozo|86/100|[from] item: Leftovers
|upkeep
|turn|28
|
|t:|1779676246
|-end|p2a: Great Tusk|Protosynthesis|[silent]
|switch|p2a: Lokix|Lokix, F|100/100
|move|p1a: Dondozo|Avalanche|p2a: Lokix
|-damage|p2a: Lokix|81/100
|
|-heal|p1a: Dondozo|93/100|[from] item: Leftovers
|upkeep
|turn|29
|
|t:|1779676254
|move|p2a: Lokix|Knock Off|p1a: Dondozo
|-damage|p1a: Dondozo|61/100
|-enditem|p1a: Dondozo|Leftovers|[from] move: Knock Off|[of] p2a: Lokix
|move|p1a: Dondozo|Body Press|p2a: Lokix
|-damage|p2a: Lokix|35/100
|
|upkeep
|turn|30
|
|t:|1779676279
|switch|p2a: Iron Crown|Iron Crown|43/100
|move|p1a: Dondozo|Rest|p1a: Dondozo
|-status|p1a: Dondozo|slp|[from] move: Rest
|-heal|p1a: Dondozo|100/100 slp|[silent]
|
|upkeep
|turn|31
|
|t:|1779676288
|switch|p1a: Blissey|Blissey, F, tera:Dark|85/100
|-damage|p1a: Blissey|73/100|[from] Stealth Rock
|move|p2a: Iron Crown|Focus Blast|p1a: Blissey
|-supereffective|p1a: Blissey
|-damage|p1a: Blissey|36/100
|
|-heal|p1a: Blissey|43/100|[from] item: Leftovers
|upkeep
|turn|32
|
|t:|1779676296
|-end|p2a: Iron Crown|Quark Drive|[silent]
|switch|p2a: Lokix|Lokix, F|35/100
|move|p1a: Blissey|Soft-Boiled|p1a: Blissey
|-heal|p1a: Blissey|93/100
|
|-heal|p1a: Blissey|99/100|[from] item: Leftovers
|upkeep
|turn|33
|
|t:|1779676301
|switch|p1a: Weezing|Weezing-Galar, F|69/100
|-ability|p1a: Weezing|Neutralizing Gas
|-damage|p1a: Weezing|56/100|[from] Stealth Rock
|move|p2a: Lokix|U-turn|p1a: Weezing
|-resisted|p1a: Weezing
|-damage|p1a: Weezing|48/100
|
|t:|1779676309
|switch|p2a: Iron Crown|Iron Crown|43/100|[from] U-turn
|
|upkeep
|turn|34
|j| nesnot
|
|t:|1779676316
|-end|p1a: Weezing|ability: Neutralizing Gas
|switch|p1a: Gliscor|Gliscor, F|50/100 tox
|-damage|p1a: Gliscor|38/100 tox|[from] Stealth Rock
|move|p2a: Iron Crown|Volt Switch|p1a: Gliscor
|-immune|p1a: Gliscor
|
|-heal|p1a: Gliscor|50/100 tox|[from] ability: Poison Heal
|upkeep
|turn|35
|
|t:|1779676331
|-end|p2a: Iron Crown|Quark Drive|[silent]
|switch|p2a: Great Tusk|Great Tusk|81/100
|move|p1a: Gliscor|Knock Off|p2a: Great Tusk
|-resisted|p2a: Great Tusk
|-damage|p2a: Great Tusk|73/100
|-enditem|p2a: Great Tusk|Heavy-Duty Boots|[from] move: Knock Off|[of] p1a: Gliscor
|
|-heal|p1a: Gliscor|63/100 tox|[from] ability: Poison Heal
|upkeep
|turn|36
|
|t:|1779676338
|move|p1a: Gliscor|Protect|p1a: Gliscor
|-singleturn|p1a: Gliscor|Protect
|move|p2a: Great Tusk|Ice Spinner|p1a: Gliscor
|-activate|p1a: Gliscor|move: Protect
|
|-heal|p1a: Gliscor|75/100 tox|[from] ability: Poison Heal
|upkeep
|turn|37
|
|t:|1779676343
|switch|p1a: Dondozo|Dondozo, M|100/100 slp
|-damage|p1a: Dondozo|88/100 slp|[from] Stealth Rock
|move|p2a: Great Tusk|Ice Spinner|p1a: Dondozo
|-resisted|p1a: Dondozo
|-crit|p1a: Dondozo
|-damage|p1a: Dondozo|79/100 slp
|
|upkeep
|turn|38
|
|t:|1779676346
|-end|p2a: Great Tusk|Protosynthesis|[silent]
|switch|p2a: Iron Crown|Iron Crown|43/100
|cant|p1a: Dondozo|slp
|move|p1a: Dondozo|Sleep Talk|p1a: Dondozo
|move|p1a: Dondozo|Rest||[from] move: Sleep Talk|[still]
|-fail|p1a: Dondozo
|
|upkeep
|turn|39
|l| CLOUTXODIA
|
|t:|1779676354
|switch|p1a: Blissey|Blissey, F, tera:Dark|99/100
|-damage|p1a: Blissey|86/100|[from] Stealth Rock
|move|p2a: Iron Crown|Volt Switch|p1a: Blissey
|-damage|p1a: Blissey|75/100
|
|t:|1779676358
|-end|p2a: Iron Crown|Quark Drive|[silent]
|switch|p2a: Lokix|Lokix, F|35/100|[from] Volt Switch
|
|-heal|p1a: Blissey|81/100|[from] item: Leftovers
|upkeep
|turn|40
|
|t:|1779676378
|switch|p1a: Weezing|Weezing-Galar, F|48/100
|-ability|p1a: Weezing|Neutralizing Gas
|-damage|p1a: Weezing|36/100|[from] Stealth Rock
|move|p2a: Lokix|U-turn|p1a: Weezing
|-resisted|p1a: Weezing
|-damage|p1a: Weezing|27/100
|inactive|samohi0 has 120 seconds left.
|
|t:|1779676401
|switch|p2a: Iron Crown|Iron Crown|43/100|[from] U-turn
|
|upkeep
|turn|41
|inactive|samohi0 has 120 seconds left.
|
|t:|1779676409
|-end|p1a: Weezing|ability: Neutralizing Gas
|switch|p1a: Blissey|Blissey, F, tera:Dark|81/100
|-damage|p1a: Blissey|69/100|[from] Stealth Rock
|move|p2a: Iron Crown|Volt Switch|p1a: Blissey
|-damage|p1a: Blissey|58/100
|
|t:|1779676412
|-end|p2a: Iron Crown|Quark Drive|[silent]
|switch|p2a: Lokix|Lokix, F|35/100|[from] Volt Switch
|
|-heal|p1a: Blissey|65/100|[from] item: Leftovers
|upkeep
|turn|42
|inactive|samohi0 has 120 seconds left.
|
|t:|1779676427
|switch|p1a: Toxapex|Toxapex, F|100/100
|-damage|p1a: Toxapex|88/100|[from] Stealth Rock
|-terastallize|p2a: Lokix|Bug
|move|p2a: Lokix|Leech Life|p1a: Toxapex
|-resisted|p1a: Toxapex
|-damage|p1a: Toxapex|27/100
|-heal|p2a: Lokix|68/100|[from] drain|[of] p1a: Toxapex
|
|-heal|p1a: Toxapex|33/100|[from] item: Black Sludge
|upkeep
|turn|43
|
|t:|1779676442
|move|p2a: Lokix|Leech Life|p1a: Toxapex
|-resisted|p1a: Toxapex
|-damage|p1a: Toxapex|0 fnt
|-heal|p2a: Lokix|86/100|[from] drain|[of] p1a: Toxapex
|faint|p1a: Toxapex
|
|upkeep
|
|t:|1779676446
|switch|p1a: Dondozo|Dondozo, M|79/100 slp
|-damage|p1a: Dondozo|67/100 slp|[from] Stealth Rock
|turn|44
|
|t:|1779676449
|move|p2a: Lokix|Leech Life|p1a: Dondozo
|-damage|p1a: Dondozo|30/100 slp
|-heal|p2a: Lokix|100/100|[from] drain|[of] p1a: Dondozo
|cant|p1a: Dondozo|slp
|move|p1a: Dondozo|Sleep Talk|p1a: Dondozo
|move|p1a: Dondozo|Body Press|p2a: Lokix|[from] move: Sleep Talk
|-resisted|p2a: Lokix
|-damage|p2a: Lokix|79/100
|
|upkeep
|turn|45
|
|t:|1779676456
|move|p2a: Lokix|Leech Life|p1a: Dondozo
|-damage|p1a: Dondozo|0 fnt
|-heal|p2a: Lokix|100/100|[from] drain|[of] p1a: Dondozo
|faint|p1a: Dondozo
|
|upkeep
|-message|bobrumba forfeited.
|
|win|samohi0
|raw|bobrumba's rating: 1715 &rarr; <strong>1697</strong><br />(-18 for losing)
|raw|samohi0's rating: 1752 &rarr; <strong>1770</strong><br />(+18 for winning)
|l|☆bobrumba
|player|p1|
|l| liptight
|j| CLOUTXODIA
|l|☆samohi0
|player|p2|
