|j|☆samohi0
|j|☆drop a baby
|t:|1779675429
|gametype|singles
|player|p1|samohi0|hoopster|1712
|player|p2|drop a baby|chase|1736
|gen|9
|tier|[Gen 9] OU
|rated|
|rule|HP Percentage Mod: HP is shown in percentages
|rule|Endless Battle Clause: Forcing endless battles is banned
|rule|Species Clause: Limit one of each Pokémon
|rule|OHKO Clause: OHKO moves are banned
|rule|Evasion Items Clause: Evasion items are banned
|rule|Evasion Moves Clause: Evasion moves are banned
|rule|Evasion Abilities Clause: Evasion abilities are banned
|rule|Sleep Moves Clause: Sleep-inducing moves are banned
|clearpoke
|poke|p1|Dragapult, M|
|poke|p1|Lokix, M|
|poke|p1|Alomomola, F|
|poke|p1|Great Tusk|
|poke|p1|Enamorus, F|
|poke|p1|Iron Crown|
|poke|p2|Darkrai|
|poke|p2|Deoxys-Speed|
|poke|p2|Raging Bolt|
|poke|p2|Kingambit, M|
|poke|p2|Iron Valiant|
|poke|p2|Great Tusk|
|teampreview
|j| dlflf
|l| dlflf
|c|☆drop a baby|Hf big bro
|
|t:|1779675473
|teamsize|p1|6
|teamsize|p2|6
|start
|switch|p1a: Dragapult|Dragapult, M|100/100
|switch|p2a: IMU|Darkrai|100/100
|turn|1
|inactive|Battle timer is ON: inactive players will automatically lose when time's up. (requested by drop a baby)
|
|t:|1779675494
|switch|p1a: Alomomola|Alomomola, F|100/100
|move|p2a: IMU|Sludge Bomb|p1a: Alomomola
|-damage|p1a: Alomomola|83/100
|
|upkeep
|turn|2
|
|t:|1779675497
|switch|p2a: Speedy Gonzales|Deoxys-Speed, shiny|100/100
|-ability|p2a: Speedy Gonzales|Pressure
|move|p1a: Alomomola|Flip Turn|p2a: Speedy Gonzales
|-crit|p2a: Speedy Gonzales
|-damage|p2a: Speedy Gonzales|60/100
|
|t:|1779675499
|switch|p1a: Lokix|Lokix, M|100/100|[from] Flip Turn
|
|upkeep
|turn|3
|
|t:|1779675501
|switch|p2a: BROTD|Great Tusk, shiny|100/100
|-enditem|p2a: BROTD|Booster Energy
|-activate|p2a: BROTD|ability: Protosynthesis|[fromitem]
|-start|p2a: BROTD|protosynthesisspe
|move|p1a: Lokix|U-turn|p2a: BROTD
|-resisted|p2a: BROTD
|-damage|p2a: BROTD|69/100
|
|t:|1779675504
|switch|p1a: Enamorus|Enamorus, F|100/100|[from] U-turn
|
|upkeep
|turn|4
|
|t:|1779675508
|move|p1a: Enamorus|Moonblast|p2a: BROTD
|-supereffective|p2a: BROTD
|-damage|p2a: BROTD|0 fnt
|faint|p2a: BROTD
|-end|p2a: BROTD|Protosynthesis|[silent]
|
|upkeep
|
|t:|1779675510
|switch|p2a: Hito no mi Model⚡️|Raging Bolt|100/100
|-enditem|p2a: Hito no mi Model⚡️|Booster Energy
|-activate|p2a: Hito no mi Model⚡️|ability: Protosynthesis|[fromitem]
|-start|p2a: Hito no mi Model⚡️|protosynthesisspa
|turn|5
|
|t:|1779675512
|move|p1a: Enamorus|Moonblast|p2a: Hito no mi Model⚡️
|-supereffective|p2a: Hito no mi Model⚡️
|-damage|p2a: Hito no mi Model⚡️|0 fnt
|faint|p2a: Hito no mi Model⚡️
|-end|p2a: Hito no mi Model⚡️|Protosynthesis|[silent]
|
|upkeep
|c|☆samohi0|so far am
|
|t:|1779675530
|switch|p2a: Mihawk|Kingambit, M|100/100
|-activate|p2a: Mihawk|ability: Supreme Overlord
|-start|p2a: Mihawk|fallen2|[silent]
|turn|6
|
|t:|1779675532
|move|p1a: Enamorus|Moonblast|p2a: Mihawk
|-damage|p2a: Mihawk|41/100
|move|p2a: Mihawk|Iron Head|p1a: Enamorus
|-supereffective|p1a: Enamorus
|-crit|p1a: Enamorus
|-damage|p1a: Enamorus|0 fnt
|faint|p1a: Enamorus
|
|upkeep
|
|t:|1779675536
|switch|p1a: Great Tusk|Great Tusk|100/100
|turn|7
|
|t:|1779675539
|-end|p2a: Mihawk|fallen2|[silent]
|switch|p2a: Speedy Gonzales|Deoxys-Speed, shiny|60/100
|-ability|p2a: Speedy Gonzales|Pressure
|move|p1a: Great Tusk|Headlong Rush|p2a: Speedy Gonzales
|-damage|p2a: Speedy Gonzales|0 fnt
|-unboost|p1a: Great Tusk|def|1
|-unboost|p1a: Great Tusk|spd|1
|faint|p2a: Speedy Gonzales
|
|upkeep
|
|t:|1779675540
|switch|p2a: IMU|Darkrai|100/100
|turn|8
|
|t:|1779675544
|-end|p1a: Great Tusk|Protosynthesis|[silent]
|switch|p1a: Alomomola|Alomomola, F|100/100
|move|p2a: IMU|Nasty Plot|p2a: IMU
|-boost|p2a: IMU|spa|2
|
|upkeep
|turn|9
|
|t:|1779675548
|move|p2a: IMU|Sludge Bomb|p1a: Alomomola
|-damage|p1a: Alomomola|67/100
|move|p1a: Alomomola|Flip Turn|p2a: IMU
|-damage|p2a: IMU|78/100
|
|t:|1779675549
|switch|p1a: Dragapult|Dragapult, M|100/100|[from] Flip Turn
|
|upkeep
|turn|10
|
|t:|1779675554
|move|p1a: Dragapult|U-turn|p2a: IMU
|-supereffective|p2a: IMU
|-damage|p2a: IMU|0 fnt
|faint|p2a: IMU
|
|t:|1779675559
|switch|p1a: Iron Crown|Iron Crown|100/100|[from] U-turn
|
|upkeep
|
|t:|1779675563
|switch|p2a: Mihawk|Kingambit, M|41/100
|-activate|p2a: Mihawk|ability: Supreme Overlord
|-start|p2a: Mihawk|fallen4|[silent]
|turn|11
|
|t:|1779675565
|-end|p1a: Iron Crown|Quark Drive|[silent]
|switch|p1a: Great Tusk|Great Tusk|100/100
|move|p2a: Mihawk|Iron Head|p1a: Great Tusk
|-damage|p1a: Great Tusk|50/100
|
|upkeep
|turn|12
|
|t:|1779675572
|move|p2a: Mihawk|Sucker Punch|p1a: Great Tusk
|-resisted|p1a: Great Tusk
|-damage|p1a: Great Tusk|24/100
|move|p1a: Great Tusk|Headlong Rush|p2a: Mihawk
|-supereffective|p2a: Mihawk
|-damage|p2a: Mihawk|0 fnt
|-unboost|p1a: Great Tusk|def|1
|-unboost|p1a: Great Tusk|spd|1
|faint|p2a: Mihawk
|-end|p2a: Mihawk|fallen4|[silent]
|
|upkeep
|
|t:|1779675574
|switch|p2a: 🎭|Iron Valiant, shiny|100/100
|-enditem|p2a: 🎭|Booster Energy
|-activate|p2a: 🎭|ability: Quark Drive|[fromitem]
|-start|p2a: 🎭|quarkdrivespe
|turn|13
|
|t:|1779675576
|move|p2a: 🎭|Moonblast|p1a: Great Tusk
|-supereffective|p1a: Great Tusk
|-damage|p1a: Great Tusk|0 fnt
|faint|p1a: Great Tusk
|-end|p1a: Great Tusk|Protosynthesis|[silent]
|
|upkeep
|
|t:|1779675578
|switch|p1a: Iron Crown|Iron Crown|100/100
|turn|14
|
|t:|1779675590
|-terastallize|p2a: 🎭|Ghost
|move|p2a: 🎭|Calm Mind|p2a: 🎭
|-boost|p2a: 🎭|spa|1
|-boost|p2a: 🎭|spd|1
|move|p1a: Iron Crown|Tachyon Cutter|p2a: 🎭
|-damage|p2a: 🎭|57/100
|-damage|p2a: 🎭|12/100
|-hitcount|p2a: 🎭|2
|
|upkeep
|turn|15
|
|t:|1779675602
|move|p2a: 🎭|Shadow Ball|p1a: Iron Crown
|-supereffective|p1a: Iron Crown
|-damage|p1a: Iron Crown|0 fnt
|faint|p1a: Iron Crown
|-end|p1a: Iron Crown|Quark Drive|[silent]
|
|upkeep
|
|t:|1779675604
|switch|p1a: Lokix|Lokix, M|100/100
|turn|16
|
|t:|1779675610
|move|p1a: Lokix|First Impression|p2a: 🎭
|-resisted|p2a: 🎭
|-damage|p2a: 🎭|0 fnt
|faint|p2a: 🎭
|-end|p2a: 🎭|Quark Drive|[silent]
|
|win|samohi0
|raw|samohi0's rating: 1712 &rarr; <strong>1733</strong><br />(+21 for winning)
|raw|drop a baby's rating: 1736 &rarr; <strong>1715</strong><br />(-21 for losing)
|l|☆drop a baby
|player|p2|
|l|☆samohi0
|player|p1|
