|j|☆James2464
|j|☆my 100lb pug
|t:|1779676639
|gametype|singles
|player|p1|James2464|miku-ghost|1671
|player|p2|my 100lb pug|169|1648
|gen|9
|tier|[Gen 9] OU
|rated|
|rule|HP Percentage Mod: HP is shown in percentages
|rule|Endless Battle Clause: Forcing endless battles is banned
|rule|Species Clause: Limit one of each Pokémon
|rule|OHKO Clause: OHKO moves are banned
|rule|Evasion Items Clause: Evasion items are banned
|rule|Evasion Moves Clause: Evasion moves are banned
|rule|Evasion Abilities Clause: Evasion abilities are banned
|rule|Sleep Moves Clause: Sleep-inducing moves are banned
|clearpoke
|poke|p1|Emboar, F|
|poke|p1|Ogerpon-Wellspring, F|
|poke|p1|Slowking-Galar, F|
|poke|p1|Dragonite, M|
|poke|p1|Enamorus, F|
|poke|p1|Great Tusk|
|poke|p2|Delphox, M|
|poke|p2|Raging Bolt|
|poke|p2|Samurott-Hisui, M|
|poke|p2|Hatterene, F|
|poke|p2|Great Tusk|
|poke|p2|Kyurem|
|teampreview
|inactive|Battle timer is ON: inactive players will automatically lose when time's up. (requested by James2464)
|
|t:|1779676652
|teamsize|p1|6
|teamsize|p2|6
|start
|switch|p1a: Ogerpon|Ogerpon-Wellspring, F|100/100
|switch|p2a: Samurott|Samurott-Hisui, M|100/100
|turn|1
|
|t:|1779676655
|move|p2a: Samurott|Ceaseless Edge|p1a: Ogerpon
|-damage|p1a: Ogerpon|39/100
|-sidestart|p1: James2464|Spikes
|move|p1a: Ogerpon|U-turn|p2a: Samurott
|-supereffective|p2a: Samurott
|-damage|p2a: Samurott|31/100
|j| liptight
|
|t:|1779676659
|switch|p1a: Enamorus|Enamorus, F|100/100|[from] U-turn
|
|upkeep
|turn|2
|
|t:|1779676662
|switch|p2a: Hatterene|Hatterene, F|100/100
|move|p1a: Enamorus|Moonblast|p2a: Hatterene
|-damage|p2a: Hatterene|45/100
|
|upkeep
|turn|3
|
|t:|1779676668
|move|p1a: Enamorus|Moonblast|p2a: Hatterene
|-damage|p2a: Hatterene|0 fnt
|faint|p2a: Hatterene
|
|upkeep
|
|t:|1779676676
|switch|p2a: Kyurem|Kyurem|100/100
|-ability|p2a: Kyurem|Pressure
|turn|4
|
|t:|1779676681
|-terastallize|p1a: Enamorus|Fairy
|-terastallize|p2a: Kyurem|Fire
|move|p1a: Enamorus|Moonblast|p2a: Kyurem
|-resisted|p2a: Kyurem
|-damage|p2a: Kyurem|50/100
|-unboost|p2a: Kyurem|spa|1
|move|p2a: Kyurem|Freeze-Dry|p1a: Enamorus
|-damage|p1a: Enamorus|67/100
|
|upkeep
|turn|5
|
|t:|1779676690
|move|p1a: Enamorus|Moonblast|p2a: Kyurem
|-resisted|p2a: Kyurem
|-crit|p2a: Kyurem
|-damage|p2a: Kyurem|0 fnt
|faint|p2a: Kyurem
|
|upkeep
|
|t:|1779676693
|switch|p2a: Samurott|Samurott-Hisui, M|31/100
|turn|6
|
|t:|1779676699
|switch|p1a: Ogerpon|Ogerpon-Wellspring, F|39/100
|-damage|p1a: Ogerpon|26/100|[from] Spikes
|move|p2a: Samurott|Aqua Cutter|p1a: Ogerpon
|-heal|p1a: Ogerpon|51/100|[from] ability: Water Absorb|[of] p2a: Samurott
|
|upkeep
|turn|7
|
|t:|1779676705
|switch|p2a: Raging Bolt|Raging Bolt|100/100
|-enditem|p2a: Raging Bolt|Booster Energy
|-activate|p2a: Raging Bolt|ability: Protosynthesis|[fromitem]
|-start|p2a: Raging Bolt|protosynthesisspa
|move|p1a: Ogerpon|U-turn|p2a: Raging Bolt
|-damage|p2a: Raging Bolt|78/100
|
|t:|1779676708
|switch|p1a: Great Tusk|Great Tusk|100/100|[from] U-turn
|-damage|p1a: Great Tusk|88/100|[from] Spikes
|
|upkeep
|turn|8
|
|t:|1779676717
|-end|p2a: Raging Bolt|Protosynthesis|[silent]
|switch|p2a: Great Tusk|Great Tusk|100/100
|move|p1a: Great Tusk|Headlong Rush|p2a: Great Tusk
|-damage|p2a: Great Tusk|73/100
|-unboost|p1a: Great Tusk|def|1
|-unboost|p1a: Great Tusk|spd|1
|
|upkeep
|turn|9
|
|t:|1779676722
|move|p1a: Great Tusk|Rapid Spin|p2a: Great Tusk
|-damage|p2a: Great Tusk|65/100
|-boost|p1a: Great Tusk|spe|1
|-sideend|p1: James2464|Spikes|[from] move: Rapid Spin|[of] p1a: Great Tusk
|move|p2a: Great Tusk|Rapid Spin|p1a: Great Tusk
|-damage|p1a: Great Tusk|74/100
|-boost|p2a: Great Tusk|spe|1
|-damage|p2a: Great Tusk|48/100|[from] item: Rocky Helmet|[of] p1a: Great Tusk
|
|upkeep
|turn|10
|
|t:|1779676725
|move|p1a: Great Tusk|Rapid Spin|p2a: Great Tusk
|-damage|p2a: Great Tusk|40/100
|-boost|p1a: Great Tusk|spe|1
|move|p2a: Great Tusk|Knock Off|p1a: Great Tusk
|-resisted|p1a: Great Tusk
|-damage|p1a: Great Tusk|61/100
|-damage|p2a: Great Tusk|24/100|[from] item: Rocky Helmet|[of] p1a: Great Tusk
|-enditem|p1a: Great Tusk|Rocky Helmet|[from] move: Knock Off|[of] p2a: Great Tusk
|
|upkeep
|turn|11
|
|t:|1779676729
|move|p1a: Great Tusk|Ice Spinner|p2a: Great Tusk
|-supereffective|p2a: Great Tusk
|-damage|p2a: Great Tusk|0 fnt
|faint|p2a: Great Tusk
|-end|p2a: Great Tusk|Protosynthesis|[silent]
|
|upkeep
|
|t:|1779676734
|switch|p2a: Samurott|Samurott-Hisui, M|31/100
|turn|12
|
|t:|1779676738
|move|p1a: Great Tusk|Stealth Rock|p2a: Samurott
|-sidestart|p2: my 100lb pug|move: Stealth Rock
|move|p2a: Samurott|Aqua Cutter|p1a: Great Tusk
|-supereffective|p1a: Great Tusk
|-damage|p1a: Great Tusk|0 fnt
|faint|p1a: Great Tusk
|-end|p1a: Great Tusk|Protosynthesis|[silent]
|
|upkeep
|
|t:|1779676742
|switch|p1a: Ogerpon|Ogerpon-Wellspring, F|51/100
|turn|13
|
|t:|1779676744
|switch|p2a: Raging Bolt|Raging Bolt|78/100
|-damage|p2a: Raging Bolt|65/100|[from] Stealth Rock
|move|p1a: Ogerpon|Ivy Cudgel|p2a: Raging Bolt|[anim] Ivy Cudgel Water
|-resisted|p2a: Raging Bolt
|-damage|p2a: Raging Bolt|42/100
|
|upkeep
|turn|14
|
|t:|1779676748
|move|p1a: Ogerpon|Ivy Cudgel|p2a: Raging Bolt|[anim] Ivy Cudgel Water
|-resisted|p2a: Raging Bolt
|-damage|p2a: Raging Bolt|19/100
|move|p2a: Raging Bolt|Calm Mind|p2a: Raging Bolt
|-boost|p2a: Raging Bolt|spa|1
|-boost|p2a: Raging Bolt|spd|1
|
|upkeep
|turn|15
|
|t:|1779676750
|move|p2a: Raging Bolt|Thunderclap|p1a: Ogerpon
|-damage|p1a: Ogerpon|0 fnt
|faint|p1a: Ogerpon
|
|upkeep
|
|t:|1779676755
|switch|p1a: Slowking|Slowking-Galar, F|100/100
|turn|16
|
|t:|1779676757
|move|p2a: Raging Bolt|Thunderbolt|p1a: Slowking
|-damage|p1a: Slowking|55/100
|move|p1a: Slowking|Sludge Bomb|p2a: Raging Bolt
|-damage|p2a: Raging Bolt|0 fnt
|faint|p2a: Raging Bolt
|-end|p2a: Raging Bolt|Protosynthesis|[silent]
|
|upkeep
|
|t:|1779676762
|switch|p2a: Samurott|Samurott-Hisui, M|31/100
|-damage|p2a: Samurott|19/100|[from] Stealth Rock
|turn|17
|
|t:|1779676768
|move|p2a: Samurott|Ceaseless Edge|p1a: Slowking
|-supereffective|p1a: Slowking
|-damage|p1a: Slowking|0 fnt
|-sidestart|p1: James2464|Spikes
|faint|p1a: Slowking
|
|upkeep
|
|t:|1779676770
|switch|p1a: Emboar|Emboar, F|100/100
|-damage|p1a: Emboar|88/100|[from] Spikes
|turn|18
|
|t:|1779676774
|move|p2a: Samurott|Ceaseless Edge|p1a: Emboar
|-resisted|p1a: Emboar
|-damage|p1a: Emboar|62/100
|-sidestart|p1: James2464|Spikes
|move|p1a: Emboar|Flare Blitz|p2a: Samurott
|-resisted|p2a: Samurott
|-damage|p2a: Samurott|0 fnt
|faint|p2a: Samurott
|-damage|p1a: Emboar|57/100|[from] Recoil
|
|upkeep
|
|t:|1779676777
|switch|p2a: Delphox|Delphox, M|100/100
|-damage|p2a: Delphox|76/100|[from] Stealth Rock
|turn|19
|
|t:|1779676781
|move|p1a: Emboar|Sucker Punch|p2a: Delphox
|-supereffective|p2a: Delphox
|-damage|p2a: Delphox|0 fnt
|faint|p2a: Delphox
|
|win|James2464
|raw|James2464's rating: 1671 &rarr; <strong>1690</strong><br />(+19 for winning)
|raw|my 100lb pug's rating: 1648 &rarr; <strong>1629</strong><br />(-19 for losing)
|l|☆James2464
|player|p1|
|l|☆my 100lb pug
|player|p2|
|l| liptight
