|j|‽aaagislash
|j|☆ihymyly
|t:|1779626027
|gametype|singles
|player|p1|aaagislash|102|1523
|player|p2|ihymyly|102|1511
|gen|9
|tier|[Gen 9] OU
|rated|
|rule|HP Percentage Mod: HP is shown in percentages
|rule|Endless Battle Clause: Forcing endless battles is banned
|rule|Species Clause: Limit one of each Pokémon
|rule|OHKO Clause: OHKO moves are banned
|rule|Evasion Items Clause: Evasion items are banned
|rule|Evasion Moves Clause: Evasion moves are banned
|rule|Evasion Abilities Clause: Evasion abilities are banned
|rule|Sleep Moves Clause: Sleep-inducing moves are banned
|clearpoke
|poke|p1|Dragapult, F|
|poke|p1|Drifblim, F|
|poke|p1|Hatterene, F|
|poke|p1|Weezing-Galar, M|
|poke|p1|Kingambit, M|
|poke|p1|Meowscarada, M|
|poke|p2|Darkrai|
|poke|p2|Kingambit, M|
|poke|p2|Samurott-Hisui, M|
|poke|p2|Gliscor, F|
|poke|p2|Great Tusk|
|poke|p2|Pecharunt|
|teampreview
|
|t:|1779626053
|teamsize|p1|6
|teamsize|p2|6
|start
|switch|p1a: Drifblim|Drifblim, F|100/100
|switch|p2a: Blue Dice|Samurott-Hisui, M|100/100
|turn|1
|j| Wanyamon
|
|t:|1779626062
|move|p2a: Blue Dice|Ceaseless Edge|p1a: Drifblim
|-supereffective|p1a: Drifblim
|-damage|p1a: Drifblim|0 fnt
|-damage|p2a: Blue Dice|76/100|[from] ability: Aftermath|[of] p1a: Drifblim
|-sidestart|p1: aaagislash|Spikes
|faint|p1a: Drifblim
|
|upkeep
|
|t:|1779626070
|switch|p1a: Meowscarada|Meowscarada, M|100/100
|-damage|p1a: Meowscarada|88/100|[from] Spikes
|turn|2
|
|t:|1779626083
|switch|p2a: Samurai Sultan|Kingambit, M, shiny|100/100
|move|p1a: Meowscarada|Spikes|p2a: Samurai Sultan
|-sidestart|p2: ihymyly|Spikes
|
|upkeep
|turn|3
|
|t:|1779626098
|move|p1a: Meowscarada|Knock Off|p2a: Samurai Sultan
|-resisted|p2a: Samurai Sultan
|-damage|p2a: Samurai Sultan|86/100
|-enditem|p2a: Samurai Sultan|Lum Berry|[from] move: Knock Off|[of] p1a: Meowscarada
|move|p2a: Samurai Sultan|Swords Dance|p2a: Samurai Sultan
|-boost|p2a: Samurai Sultan|atk|2
|
|upkeep
|turn|4
|
|t:|1779626110
|move|p2a: Samurai Sultan|Kowtow Cleave|p1a: Meowscarada
|-resisted|p1a: Meowscarada
|-damage|p1a: Meowscarada|42/100
|-damage|p2a: Samurai Sultan|69/100|[from] item: Rocky Helmet|[of] p1a: Meowscarada
|move|p1a: Meowscarada|Trick Room|p1a: Meowscarada
|-fieldstart|move: Trick Room|[of] p1a: Meowscarada
|
|upkeep
|turn|5
|
|t:|1779626122
|move|p2a: Samurai Sultan|Kowtow Cleave|p1a: Meowscarada
|-resisted|p1a: Meowscarada
|-damage|p1a: Meowscarada|0 fnt
|-damage|p2a: Samurai Sultan|52/100|[from] item: Rocky Helmet|[of] p1a: Meowscarada
|faint|p1a: Meowscarada
|
|upkeep
|
|t:|1779626126
|switch|p1a: Kingambit|Kingambit, M|100/100
|-damage|p1a: Kingambit|88/100|[from] Spikes
|-activate|p1a: Kingambit|ability: Supreme Overlord
|-start|p1a: Kingambit|fallen2|[silent]
|turn|6
|
|t:|1779626130
|move|p1a: Kingambit|Low Kick|p2a: Samurai Sultan
|-supereffective|p2a: Samurai Sultan
|-damage|p2a: Samurai Sultan|0 fnt
|faint|p2a: Samurai Sultan
|-end|p2a: Samurai Sultan|fallenundefined|[silent]
|-damage|p1a: Kingambit|78/100|[from] item: Life Orb
|
|upkeep
|
|t:|1779626141
|switch|p2a: Great Tusk|Great Tusk|100/100
|turn|7
|
|t:|1779626146
|move|p1a: Kingambit|Iron Head|p2a: Great Tusk
|-damage|p2a: Great Tusk|54/100
|-damage|p1a: Kingambit|68/100|[from] item: Life Orb
|move|p2a: Great Tusk|Headlong Rush|p1a: Kingambit
|-supereffective|p1a: Kingambit
|-damage|p1a: Kingambit|0 fnt
|-unboost|p2a: Great Tusk|def|1
|-unboost|p2a: Great Tusk|spd|1
|faint|p1a: Kingambit
|-end|p1a: Kingambit|fallen2|[silent]
|
|upkeep
|
|t:|1779626150
|switch|p1a: Weezing|Weezing-Galar, M|100/100
|-ability|p1a: Weezing|Neutralizing Gas
|-damage|p1a: Weezing|88/100|[from] Spikes
|turn|8
|
|t:|1779626157
|-end|p2a: Great Tusk|Protosynthesis|[silent]
|switch|p2a: Gliscor|Gliscor, F|100/100
|move|p1a: Weezing|Strange Steam|p2a: Gliscor
|-damage|p2a: Gliscor|54/100
|
|-fieldend|move: Trick Room
|-status|p2a: Gliscor|tox|[from] item: Toxic Orb
|upkeep
|turn|9
|
|t:|1779626163
|switch|p2a: Pecharunt|Pecharunt|100/100
|move|p1a: Weezing|Strange Steam|p2a: Pecharunt
|-resisted|p2a: Pecharunt
|-damage|p2a: Pecharunt|72/100
|
|upkeep
|turn|10
|
|t:|1779626169
|move|p2a: Pecharunt|Shadow Ball|p1a: Weezing
|-damage|p1a: Weezing|57/100
|move|p1a: Weezing|Strange Steam|p2a: Pecharunt
|-resisted|p2a: Pecharunt
|-damage|p2a: Pecharunt|41/100
|-start|p2a: Pecharunt|confusion
|
|upkeep
|turn|11
|
|t:|1779626176
|-activate|p2a: Pecharunt|confusion
|-damage|p2a: Pecharunt|38/100|[from] confusion
|move|p1a: Weezing|Strange Steam|p2a: Pecharunt
|-resisted|p2a: Pecharunt
|-damage|p2a: Pecharunt|8/100
|
|upkeep
|turn|12
|
|t:|1779626181
|-end|p1a: Weezing|ability: Neutralizing Gas
|switch|p1a: Hatterene|Hatterene, F|100/100
|-damage|p1a: Hatterene|88/100|[from] Spikes
|-activate|p2a: Pecharunt|confusion
|move|p2a: Pecharunt|Recover|p2a: Pecharunt
|-heal|p2a: Pecharunt|58/100
|
|upkeep
|turn|13
|
|t:|1779626186
|-activate|p2a: Pecharunt|confusion
|-damage|p2a: Pecharunt|55/100|[from] confusion
|move|p1a: Hatterene|Trick Room|p1a: Hatterene
|-fieldstart|move: Trick Room|[of] p1a: Hatterene
|
|upkeep
|turn|14
|
|t:|1779626198
|switch|p2a: Blue Dice|Samurott-Hisui, M|76/100
|-damage|p2a: Blue Dice|63/100|[from] Spikes
|move|p1a: Hatterene|Psychic|p2a: Blue Dice
|-immune|p2a: Blue Dice
|
|upkeep
|turn|15
|
|t:|1779626208
|move|p1a: Hatterene|Misty Explosion|p2a: Blue Dice
|-supereffective|p2a: Blue Dice
|-damage|p2a: Blue Dice|0 fnt
|faint|p1a: Hatterene
|faint|p2a: Blue Dice
|
|upkeep
|
|t:|1779626217
|switch|p1a: Dragapult|Dragapult, F|100/100
|switch|p2a: almost evil jordan|Darkrai, shiny|100/100
|-damage|p1a: Dragapult|88/100|[from] Spikes
|-damage|p2a: almost evil jordan|88/100|[from] Spikes
|turn|16
|
|t:|1779626235
|move|p1a: Dragapult|Dragon Darts|p2a: almost evil jordan
|-damage|p2a: almost evil jordan|59/100
|-anim|p1a: Dragapult|Dragon Darts|p2a: almost evil jordan
|-damage|p2a: almost evil jordan|29/100
|move|p2a: almost evil jordan|Dark Pulse|p1a: Dragapult
|-supereffective|p1a: Dragapult
|-damage|p1a: Dragapult|0 fnt
|faint|p1a: Dragapult
|
|-heal|p2a: almost evil jordan|35/100|[from] item: Leftovers
|upkeep
|
|t:|1779626238
|switch|p1a: Weezing|Weezing-Galar, M|57/100
|-ability|p1a: Weezing|Neutralizing Gas
|-damage|p1a: Weezing|45/100|[from] Spikes
|turn|17
|
|t:|1779626246
|switch|p2a: Gliscor|Gliscor, F|54/100 tox
|-terastallize|p1a: Weezing|Dark
|move|p1a: Weezing|Dark Pulse|p2a: Gliscor
|-damage|p2a: Gliscor|12/100 tox
|
|-damage|p2a: Gliscor|5/100 tox|[from] psn
|-fieldend|move: Trick Room
|upkeep
|turn|18
|-message|aaagislash forfeited.
|
|win|ihymyly
|raw|aaagislash's rating: 1523 &rarr; <strong>1502</strong><br />(-21 for losing)
|raw|ihymyly's rating: 1511 &rarr; <strong>1532</strong><br />(+21 for winning)
|l|‽aaagislash
|player|p1|
|l|☆ihymyly
|player|p2|
|l| Wanyamon
