|j|‽iaremoose
|j|☆pirineo
|t:|1779693620
|gametype|singles
|player|p1|iaremoose|harlequin|1359
|player|p2|pirineo|101|1352
|gen|9
|tier|[Gen 9] OU
|rated|
|rule|HP Percentage Mod: HP is shown in percentages
|rule|Endless Battle Clause: Forcing endless battles is banned
|rule|Species Clause: Limit one of each Pokémon
|rule|OHKO Clause: OHKO moves are banned
|rule|Evasion Items Clause: Evasion items are banned
|rule|Evasion Moves Clause: Evasion moves are banned
|rule|Evasion Abilities Clause: Evasion abilities are banned
|rule|Sleep Moves Clause: Sleep-inducing moves are banned
|clearpoke
|poke|p1|Lycanroc-Dusk, M|
|poke|p1|Grimmsnarl, M|
|poke|p1|Iron Valiant|
|poke|p1|Serperior, F|
|poke|p1|Iron Treads|
|poke|p1|Haxorus, F|
|poke|p2|Ogerpon, F|
|poke|p2|Conkeldurr, F|
|poke|p2|Tyranitar, F|
|poke|p2|Mandibuzz, F|
|poke|p2|Enamorus, F|
|poke|p2|Sinistcha|
|teampreview
|inactive|Battle timer is ON: inactive players will automatically lose when time's up. (requested by pirineo)
|
|t:|1779693635
|teamsize|p1|6
|teamsize|p2|6
|start
|switch|p1a: Serperior|Serperior, F, shiny|100/100
|switch|p2a: Conkeldurr|Conkeldurr, F|100/100
|turn|1
|
|t:|1779693638
|move|p1a: Serperior|Leaf Storm|p2a: Conkeldurr
|-damage|p2a: Conkeldurr|43/100
|-boost|p1a: Serperior|spa|2
|move|p2a: Conkeldurr|Drain Punch|p1a: Serperior
|-damage|p1a: Serperior|46/100
|-heal|p2a: Conkeldurr|62/100|[from] drain|[of] p1a: Serperior
|
|-status|p2a: Conkeldurr|brn|[from] item: Flame Orb
|upkeep
|turn|2
|
|t:|1779693648
|switch|p2a: Enamorus|Enamorus, F|100/100
|move|p1a: Serperior|Leaf Storm|p2a: Enamorus
|-resisted|p2a: Enamorus
|-damage|p2a: Enamorus|32/100
|-boost|p1a: Serperior|spa|2
|
|upkeep
|turn|3
|
|t:|1779693656
|switch|p1a: Iron Treads|Iron Treads|100/100
|-enditem|p1a: Iron Treads|Booster Energy
|-activate|p1a: Iron Treads|ability: Quark Drive|[fromitem]
|-start|p1a: Iron Treads|quarkdrivespe
|move|p2a: Enamorus|Mystical Fire|p1a: Iron Treads
|-supereffective|p1a: Iron Treads
|-damage|p1a: Iron Treads|35/100
|-unboost|p1a: Iron Treads|spa|1
|
|upkeep
|turn|4
|
|t:|1779693659
|move|p1a: Iron Treads|Stealth Rock|p2a: Enamorus
|-sidestart|p2: pirineo|move: Stealth Rock
|move|p2a: Enamorus|Mystical Fire|p1a: Iron Treads
|-supereffective|p1a: Iron Treads
|-damage|p1a: Iron Treads|0 fnt
|faint|p1a: Iron Treads
|-end|p1a: Iron Treads|Quark Drive|[silent]
|
|upkeep
|
|t:|1779693664
|switch|p1a: Lycanroc|Lycanroc-Dusk, M, shiny|100/100
|turn|5
|
|t:|1779693669
|switch|p2a: Sinistcha|Sinistcha|100/100
|-damage|p2a: Sinistcha|88/100|[from] Stealth Rock
|move|p1a: Lycanroc|Accelerock|p2a: Sinistcha
|-damage|p2a: Sinistcha|59/100
|-damage|p1a: Lycanroc|84/100|[from] item: Rocky Helmet|[of] p2a: Sinistcha
|-damage|p1a: Lycanroc|74/100|[from] item: Life Orb
|
|upkeep
|turn|6
|
|t:|1779693681
|switch|p1a: Grimmsnarl|Grimmsnarl, M, shiny|100/100
|move|p2a: Sinistcha|Strength Sap|p1a: Grimmsnarl
|-unboost|p1a: Grimmsnarl|atk|1
|-heal|p2a: Sinistcha|100/100
|
|upkeep
|turn|7
|
|t:|1779693684
|switch|p2a: Mandibuzz|Mandibuzz, F|100/100
|-damage|p2a: Mandibuzz|76/100|[from] Stealth Rock
|move|p1a: Grimmsnarl|Light Screen|p1a: Grimmsnarl
|-sidestart|p1: iaremoose|move: Light Screen
|
|upkeep
|turn|8
|
|t:|1779693693
|switch|p1a: Serperior|Serperior, F, shiny|46/100
|move|p2a: Mandibuzz|Defog|p1a: Serperior
|-boost|p1a: Serperior|evasion|1
|-sideend|p1: iaremoose|move: Light Screen
|-sideend|p2: pirineo|Stealth Rock|[from] move: Defog|[of] p2a: Mandibuzz
|
|upkeep
|turn|9
|
|t:|1779693697
|move|p1a: Serperior|Synthesis|p1a: Serperior
|-heal|p1a: Serperior|95/100
|move|p2a: Mandibuzz|U-turn|p1a: Serperior
|-supereffective|p1a: Serperior
|-damage|p1a: Serperior|68/100
|
|t:|1779693701
|switch|p2a: Tyranitar|Tyranitar, F|100/100|[from] U-turn
|-weather|Sandstorm|[from] ability: Sand Stream|[of] p2a: Tyranitar
|
|-weather|Sandstorm|[upkeep]
|-damage|p1a: Serperior|62/100|[from] Sandstorm
|upkeep
|turn|10
|
|t:|1779693705
|move|p1a: Serperior|Leaf Storm|p2a: Tyranitar
|-supereffective|p2a: Tyranitar
|-damage|p2a: Tyranitar|75/100
|-boost|p1a: Serperior|spa|2
|move|p2a: Tyranitar|Knock Off|p1a: Serperior
|-damage|p1a: Serperior|13/100
|-enditem|p1a: Serperior|Leppa Berry|[from] move: Knock Off|[of] p2a: Tyranitar
|
|-weather|Sandstorm|[upkeep]
|-damage|p1a: Serperior|7/100|[from] Sandstorm
|upkeep
|turn|11
|
|t:|1779693716
|move|p1a: Serperior|Leaf Storm|p2a: Tyranitar
|-supereffective|p2a: Tyranitar
|-damage|p2a: Tyranitar|23/100
|-boost|p1a: Serperior|spa|2
|move|p2a: Tyranitar|Knock Off|p1a: Serperior
|-damage|p1a: Serperior|0 fnt
|faint|p1a: Serperior
|
|-weather|Sandstorm|[upkeep]
|upkeep
|
|t:|1779693721
|switch|p1a: Lycanroc|Lycanroc-Dusk, M, shiny|74/100
|turn|12
|
|t:|1779693732
|switch|p2a: Mandibuzz|Mandibuzz, F|76/100
|move|p1a: Lycanroc|Close Combat|p2a: Mandibuzz
|-damage|p2a: Mandibuzz|39/100
|-unboost|p1a: Lycanroc|def|1
|-unboost|p1a: Lycanroc|spd|1
|-damage|p1a: Lycanroc|58/100|[from] item: Rocky Helmet|[of] p2a: Mandibuzz
|-damage|p1a: Lycanroc|48/100|[from] item: Life Orb
|
|-weather|Sandstorm|[upkeep]
|upkeep
|turn|13
|
|t:|1779693745
|-terastallize|p1a: Lycanroc|Fighting
|move|p1a: Lycanroc|Close Combat|p2a: Mandibuzz
|-damage|p2a: Mandibuzz|0 fnt
|-unboost|p1a: Lycanroc|def|1
|-unboost|p1a: Lycanroc|spd|1
|-damage|p1a: Lycanroc|31/100|[from] item: Rocky Helmet|[of] p2a: Mandibuzz
|faint|p2a: Mandibuzz
|-damage|p1a: Lycanroc|21/100|[from] item: Life Orb
|
|-weather|none
|upkeep
|
|t:|1779693752
|switch|p2a: Conkeldurr|Conkeldurr, F|62/100 brn
|turn|14
|
|t:|1779693756
|switch|p1a: Iron Valiant|Iron Valiant, shiny|100/100
|move|p2a: Conkeldurr|Mach Punch|p1a: Iron Valiant
|-resisted|p1a: Iron Valiant
|-damage|p1a: Iron Valiant|76/100
|
|-damage|p2a: Conkeldurr|56/100 brn|[from] brn
|upkeep
|turn|15
|
|t:|1779693762
|switch|p2a: Tyranitar|Tyranitar, F|23/100
|-weather|Sandstorm|[from] ability: Sand Stream|[of] p2a: Tyranitar
|move|p1a: Iron Valiant|Moonblast|p2a: Tyranitar
|-supereffective|p2a: Tyranitar
|-damage|p2a: Tyranitar|0 fnt
|faint|p2a: Tyranitar
|-damage|p1a: Iron Valiant|66/100|[from] item: Life Orb
|
|-weather|Sandstorm|[upkeep]
|-damage|p1a: Iron Valiant|60/100|[from] Sandstorm
|upkeep
|
|t:|1779693764
|switch|p2a: Enamorus|Enamorus, F|32/100
|turn|16
|
|t:|1779693770
|move|p2a: Enamorus|Moonblast|p1a: Iron Valiant
|-supereffective|p1a: Iron Valiant
|-damage|p1a: Iron Valiant|0 fnt
|faint|p1a: Iron Valiant
|-end|p1a: Iron Valiant|Quark Drive|[silent]
|
|-weather|Sandstorm|[upkeep]
|-damage|p2a: Enamorus|26/100|[from] Sandstorm
|upkeep
|
|t:|1779693771
|switch|p1a: Grimmsnarl|Grimmsnarl, M, shiny|100/100
|turn|17
|
|t:|1779693778
|move|p1a: Grimmsnarl|Light Screen|p1a: Grimmsnarl
|-sidestart|p1: iaremoose|move: Light Screen
|move|p2a: Enamorus|Moonblast|p1a: Grimmsnarl
|-supereffective|p1a: Grimmsnarl
|-damage|p1a: Grimmsnarl|43/100
|
|-weather|Sandstorm|[upkeep]
|-damage|p2a: Enamorus|20/100|[from] Sandstorm
|-damage|p1a: Grimmsnarl|37/100|[from] Sandstorm
|upkeep
|turn|18
|
|t:|1779693788
|switch|p2a: Ogerpon|Ogerpon, F|100/100
|move|p1a: Grimmsnarl|Reflect|p1a: Grimmsnarl
|-sidestart|p1: iaremoose|Reflect
|
|-weather|Sandstorm|[upkeep]
|-damage|p2a: Ogerpon|95/100|[from] Sandstorm
|-damage|p1a: Grimmsnarl|31/100|[from] Sandstorm
|upkeep
|turn|19
|
|t:|1779693793
|move|p1a: Grimmsnarl|Parting Shot|p2a: Ogerpon
|-unboost|p2a: Ogerpon|atk|1
|-ability|p2a: Ogerpon|Defiant|boost
|-boost|p2a: Ogerpon|atk|2
|-unboost|p2a: Ogerpon|spa|1
|-ability|p2a: Ogerpon|Defiant|boost
|-boost|p2a: Ogerpon|atk|2
|
|t:|1779693799
|switch|p1a: Lycanroc|Lycanroc-Dusk, M, shiny, tera:Fighting|21/100|[from] Parting Shot
|move|p2a: Ogerpon|Knock Off|p1a: Lycanroc
|-resisted|p1a: Lycanroc
|-damage|p1a: Lycanroc|0 fnt
|-enditem|p1a: Lycanroc|Life Orb|[from] move: Knock Off|[of] p2a: Ogerpon
|faint|p1a: Lycanroc
|
|-weather|none
|upkeep
|
|t:|1779693801
|switch|p1a: Haxorus|Haxorus, F, shiny|100/100
|-ability|p1a: Haxorus|Mold Breaker
|turn|20
|
|t:|1779693812
|move|p2a: Ogerpon|Play Rough|p1a: Haxorus
|-supereffective|p1a: Haxorus
|-damage|p1a: Haxorus|10/100
|move|p1a: Haxorus|Scale Shot|p2a: Ogerpon
|-damage|p2a: Ogerpon|76/100
|-damage|p2a: Ogerpon|58/100
|-damage|p2a: Ogerpon|38/100
|-damage|p2a: Ogerpon|20/100
|-damage|p2a: Ogerpon|0 fnt
|faint|p2a: Ogerpon
|-hitcount|p2: Ogerpon|5
|-unboost|p1a: Haxorus|def|1
|-boost|p1a: Haxorus|spe|1
|
|upkeep
|
|t:|1779693818
|switch|p2a: Conkeldurr|Conkeldurr, F|56/100 brn
|turn|21
|
|t:|1779693822
|-terastallize|p2a: Conkeldurr|Fighting
|move|p2a: Conkeldurr|Mach Punch|p1a: Haxorus
|-damage|p1a: Haxorus|0 fnt
|faint|p1a: Haxorus
|
|-damage|p2a: Conkeldurr|50/100 brn|[from] brn
|upkeep
|
|t:|1779693824
|switch|p1a: Grimmsnarl|Grimmsnarl, M, shiny|31/100
|turn|22
|
|t:|1779693828
|move|p2a: Conkeldurr|Mach Punch|p1a: Grimmsnarl
|-damage|p1a: Grimmsnarl|9/100
|move|p1a: Grimmsnarl|Spirit Break|p2a: Conkeldurr
|-supereffective|p2a: Conkeldurr
|-damage|p2a: Conkeldurr|0 fnt
|faint|p2a: Conkeldurr
|
|upkeep
|
|t:|1779693830
|switch|p2a: Enamorus|Enamorus, F|20/100
|turn|23
|
|t:|1779693833
|move|p2a: Enamorus|Moonblast|p1a: Grimmsnarl
|-supereffective|p1a: Grimmsnarl
|-damage|p1a: Grimmsnarl|0 fnt
|faint|p1a: Grimmsnarl
|
|win|pirineo
|raw|iaremoose's rating: 1359 &rarr; <strong>1339</strong><br />(-20 for losing)
|raw|pirineo's rating: 1352 &rarr; <strong>1372</strong><br />(+20 for winning)
|l|☆pirineo
|player|p2|
|l|‽iaremoose
|player|p1|
