|j|☆iclipsestigma
|j|☆NlGER RAPlST FUK
|t:|1779607647
|gametype|singles
|player|p1|iclipsestigma|1|1040
|player|p2|NlGER RAPlST FUK|101|1043
|gen|9
|tier|[Gen 9] OU
|rated|
|rule|HP Percentage Mod: HP is shown in percentages
|rule|Endless Battle Clause: Forcing endless battles is banned
|rule|Species Clause: Limit one of each Pokémon
|rule|OHKO Clause: OHKO moves are banned
|rule|Evasion Items Clause: Evasion items are banned
|rule|Evasion Moves Clause: Evasion moves are banned
|rule|Evasion Abilities Clause: Evasion abilities are banned
|rule|Sleep Moves Clause: Sleep-inducing moves are banned
|clearpoke
|poke|p1|Latias, F|
|poke|p1|Great Tusk|
|poke|p1|Iron Valiant|
|poke|p1|Pincurchin, F|
|poke|p1|Kingambit, F|
|poke|p1|Ting-Lu|
|poke|p2|Grimmsnarl, M|
|poke|p2|Hariyama, M|
|poke|p2|Iron Hands|
|poke|p2|Kingambit, F|
|poke|p2|Enamorus-Therian, F|
|poke|p2|Slowbro-Galar, M|
|teampreview
|
|t:|1779607654
|teamsize|p1|6
|teamsize|p2|6
|start
|switch|p1a: Iron Valiant|Iron Valiant|100/100
|switch|p2a: Hariyama|Hariyama, M, shiny|100/100
|turn|1
|
|t:|1779607663
|switch|p2a: Slowbro|Slowbro-Galar, M, shiny|100/100
|move|p1a: Iron Valiant|Spirit Break|p2a: Slowbro
|-resisted|p2a: Slowbro
|-damage|p2a: Slowbro|82/100
|-unboost|p2a: Slowbro|spa|1
|
|upkeep
|turn|2
|inactive|Battle timer is ON: inactive players will automatically lose when time's up. (requested by NlGER RAPlST FUK)
|
|t:|1779607704
|-terastallize|p1a: Iron Valiant|Ghost
|move|p1a: Iron Valiant|Swords Dance|p1a: Iron Valiant
|-boost|p1a: Iron Valiant|atk|2
|move|p2a: Slowbro|Sludge Bomb|p1a: Iron Valiant
|-resisted|p1a: Iron Valiant
|-damage|p1a: Iron Valiant|76/100
|-status|p1a: Iron Valiant|psn
|
|-damage|p1a: Iron Valiant|63/100 psn|[from] psn
|upkeep
|turn|3
|-activate|p2a: Slowbro|ability: Quick Draw
|
|t:|1779607723
|move|p2a: Slowbro|Psyshock|p1a: Iron Valiant
|-damage|p1a: Iron Valiant|29/100 psn
|move|p1a: Iron Valiant|Spirit Break|p2a: Slowbro
|-resisted|p2a: Slowbro
|-damage|p2a: Slowbro|48/100
|-unboost|p2a: Slowbro|spa|1
|
|-damage|p1a: Iron Valiant|16/100 psn|[from] psn
|upkeep
|turn|4
|
|t:|1779607742
|move|p1a: Iron Valiant|Spirit Break|p2a: Slowbro
|-resisted|p2a: Slowbro
|-damage|p2a: Slowbro|10/100
|-unboost|p2a: Slowbro|spa|1
|move|p2a: Slowbro|Psyshock|p1a: Iron Valiant
|-damage|p1a: Iron Valiant|0 fnt
|faint|p1a: Iron Valiant
|-end|p1a: Iron Valiant|Quark Drive|[silent]
|
|upkeep
|
|t:|1779607751
|switch|p1a: Pincurchin|Pincurchin, F|100/100
|-fieldstart|move: Electric Terrain|[from] ability: Electric Surge|[of] p1a: Pincurchin
|turn|5
|-activate|p2a: Slowbro|ability: Quick Draw
|
|t:|1779607759
|move|p2a: Slowbro|Sludge Bomb|p1a: Pincurchin
|-crit|p1a: Pincurchin
|-damage|p1a: Pincurchin|10/100
|move|p1a: Pincurchin|Toxic Spikes|p2a: Slowbro
|-sidestart|p2: NlGER RAPlST FUK|move: Toxic Spikes
|
|upkeep
|turn|6
|
|t:|1779607768
|switch|p2a: Hariyama|Hariyama, M, shiny|100/100
|-status|p2a: Hariyama|psn
|move|p1a: Pincurchin|Memento|p2a: Hariyama
|-unboost|p2a: Hariyama|atk|2
|-unboost|p2a: Hariyama|spa|2
|faint|p1a: Pincurchin
|
|-damage|p2a: Hariyama|88/100 psn|[from] psn
|upkeep
|
|t:|1779607777
|switch|p1a: Latias|Latias, F, shiny|100/100
|turn|7
|
|t:|1779607786
|switch|p2a: Grimmsnarl|Grimmsnarl, M, shiny|100/100
|-status|p2a: Grimmsnarl|psn
|move|p1a: Latias|Calm Mind|p1a: Latias
|-boost|p1a: Latias|spa|1
|-boost|p1a: Latias|spd|1
|
|-damage|p2a: Grimmsnarl|88/100 psn|[from] psn
|upkeep
|turn|8
|
|t:|1779607799
|move|p2a: Grimmsnarl|Taunt|p1a: Latias
|-start|p1a: Latias|move: Taunt
|move|p1a: Latias|Draining Kiss|p2a: Grimmsnarl
|-supereffective|p2a: Grimmsnarl
|-damage|p2a: Grimmsnarl|48/100 psn
|
|-damage|p2a: Grimmsnarl|36/100 psn|[from] psn
|upkeep
|turn|9
|
|t:|1779607811
|move|p2a: Grimmsnarl|Light Screen|p2a: Grimmsnarl
|-sidestart|p2: NlGER RAPlST FUK|move: Light Screen
|move|p1a: Latias|Draining Kiss|p2a: Grimmsnarl
|-supereffective|p2a: Grimmsnarl
|-damage|p2a: Grimmsnarl|16/100 psn
|
|-damage|p2a: Grimmsnarl|3/100 psn|[from] psn
|upkeep
|turn|10
|
|t:|1779607819
|switch|p2a: Slowbro|Slowbro-Galar, M, shiny|10/100
|-sideend|p2: NlGER RAPlST FUK|move: Toxic Spikes|[of] p2a: Slowbro
|move|p1a: Latias|Draining Kiss|p2a: Slowbro
|-resisted|p2a: Slowbro
|-damage|p2a: Slowbro|5/100
|
|-end|p1a: Latias|move: Taunt
|upkeep
|turn|11
|
|t:|1779607838
|move|p1a: Latias|Draining Kiss|p2a: Slowbro
|-resisted|p2a: Slowbro
|-damage|p2a: Slowbro|0 fnt
|faint|p2a: Slowbro
|
|upkeep
|
|t:|1779607841
|switch|p2a: Kingambit|Kingambit, F, shiny|100/100
|-activate|p2a: Kingambit|ability: Supreme Overlord
|-start|p2a: Kingambit|fallen1|[silent]
|turn|12
|
|t:|1779607848
|move|p1a: Latias|Substitute|p1a: Latias
|-start|p1a: Latias|Substitute
|-damage|p1a: Latias|75/100
|move|p2a: Kingambit|Kowtow Cleave|p1a: Latias
|-supereffective|p1a: Latias
|-end|p1a: Latias|Substitute
|
|-heal|p1a: Latias|82/100|[from] item: Leftovers
|-fieldend|move: Electric Terrain
|upkeep
|turn|13
|
|t:|1779607858
|move|p1a: Latias|Calm Mind|p1a: Latias
|-boost|p1a: Latias|spa|1
|-boost|p1a: Latias|spd|1
|move|p2a: Kingambit|Swords Dance|p2a: Kingambit
|-boost|p2a: Kingambit|atk|2
|
|-heal|p1a: Latias|88/100|[from] item: Leftovers
|upkeep
|turn|14
|-activate|p2a: Kingambit|item: Quick Claw
|
|t:|1779607866
|move|p2a: Kingambit|Kowtow Cleave|p1a: Latias
|-supereffective|p1a: Latias
|-damage|p1a: Latias|0 fnt
|faint|p1a: Latias
|
|upkeep
|
|t:|1779607875
|switch|p1a: Great Tusk|Great Tusk|100/100
|turn|15
|
|t:|1779607881
|-terastallize|p2a: Kingambit|Flying
|move|p1a: Great Tusk|Close Combat|p2a: Kingambit
|-resisted|p2a: Kingambit
|-damage|p2a: Kingambit|79/100
|-unboost|p1a: Great Tusk|def|1
|-unboost|p1a: Great Tusk|spd|1
|move|p2a: Kingambit|Kowtow Cleave|p1a: Great Tusk
|-resisted|p1a: Great Tusk
|-damage|p1a: Great Tusk|39/100
|
|-heal|p1a: Great Tusk|46/100|[from] item: Leftovers
|upkeep
|turn|16
|
|t:|1779607894
|-end|p1a: Great Tusk|Protosynthesis|[silent]
|switch|p1a: Ting-Lu|Ting-Lu|100/100
|-ability|p1a: Ting-Lu|Vessel of Ruin
|move|p2a: Kingambit|Kowtow Cleave|p1a: Ting-Lu
|-resisted|p1a: Ting-Lu
|-damage|p1a: Ting-Lu|71/100
|
|-heal|p1a: Ting-Lu|77/100|[from] item: Leftovers
|-sideend|p2: NlGER RAPlST FUK|move: Light Screen
|upkeep
|turn|17
|
|t:|1779607909
|move|p2a: Kingambit|Low Kick|p1a: Ting-Lu
|-supereffective|p1a: Ting-Lu
|-damage|p1a: Ting-Lu|0 fnt
|faint|p1a: Ting-Lu
|
|upkeep
|
|t:|1779607914
|switch|p1a: Great Tusk|Great Tusk|46/100
|turn|18
|-message|iclipsestigma forfeited.
|
|win|NlGER RAPlST FUK
|raw|iclipsestigma's rating: 1040 &rarr; <strong>1026</strong><br />(-14 for losing)
|raw|NlGER RAPlST FUK's rating: 1073 &rarr; <strong>1099</strong><br />(+26 for winning)
|l|☆iclipsestigma
|player|p1|
