|j|☆kopv
|j|☆tuanquewang
|t:|1779642489
|gametype|singles
|player|p1|kopv|bugcatcher-gen4dp|1576
|player|p2|tuanquewang|backersf|1619
|gen|9
|tier|[Gen 9] OU
|rated|
|rule|HP Percentage Mod: HP is shown in percentages
|rule|Endless Battle Clause: Forcing endless battles is banned
|rule|Species Clause: Limit one of each Pokémon
|rule|OHKO Clause: OHKO moves are banned
|rule|Evasion Items Clause: Evasion items are banned
|rule|Evasion Moves Clause: Evasion moves are banned
|rule|Evasion Abilities Clause: Evasion abilities are banned
|rule|Sleep Moves Clause: Sleep-inducing moves are banned
|clearpoke
|poke|p1|Pelipper, M|
|poke|p1|Barraskewda, M|
|poke|p1|Iron Treads|
|poke|p1|Bruxish, F|
|poke|p1|Raging Bolt|
|poke|p1|Enamorus, F|
|poke|p2|Slowking-Galar, M|
|poke|p2|Hydrapple, F|
|poke|p2|Cinderace, M|
|poke|p2|Iron Crown|
|poke|p2|Alomomola, F|
|poke|p2|Mamoswine, F|
|teampreview
|inactive|Battle timer is ON: inactive players will automatically lose when time's up. (requested by tuanquewang)
|
|t:|1779642514
|teamsize|p1|6
|teamsize|p2|6
|start
|switch|p1a: Barraskewda|Barraskewda, M|100/100
|switch|p2a: Slowking|Slowking-Galar, M|100/100
|turn|1
|
|t:|1779642530
|move|p1a: Barraskewda|Poison Jab|p2a: Slowking
|-resisted|p2a: Slowking
|-damage|p2a: Slowking|80/100
|-damage|p1a: Barraskewda|91/100|[from] item: Life Orb
|-prepare|p2a: Slowking|Chilly Reception|[premajor]
|move|p2a: Slowking|Chilly Reception|p2a: Slowking
|-weather|Snowscape
|
|t:|1779642538
|switch|p2a: Iron Crown|Iron Crown|100/100|[from] Chilly Reception
|
|-weather|Snowscape|[upkeep]
|upkeep
|turn|2
|
|t:|1779642546
|move|p2a: Iron Crown|Volt Switch|p1a: Barraskewda
|-supereffective|p1a: Barraskewda
|-damage|p1a: Barraskewda|0 fnt
|faint|p1a: Barraskewda
|
|t:|1779642552
|-end|p2a: Iron Crown|Quark Drive|[silent]
|switch|p2a: Slowking|Slowking-Galar, M|100/100|[from] Volt Switch
|
|-weather|Snowscape|[upkeep]
|upkeep
|
|t:|1779642557
|switch|p1a: 'Ello gov'na|Bruxish, F|100/100
|turn|3
|
|t:|1779642563
|move|p1a: 'Ello gov'na|Flip Turn|p2a: Slowking
|-damage|p2a: Slowking|56/100
|
|t:|1779642567
|switch|p1a: Iron Treads|Iron Treads|100/100|[from] Flip Turn
|-prepare|p2a: Slowking|Chilly Reception|[premajor]
|move|p2a: Slowking|Chilly Reception|p2a: Slowking
|
|t:|1779642575
|switch|p2a: Hydrapple|Hydrapple, F, shiny|100/100|[from] Chilly Reception
|
|-weather|Snowscape|[upkeep]
|upkeep
|turn|4
|
|t:|1779642581
|-end|p1a: Iron Treads|Quark Drive|[silent]
|switch|p1a: Enamorus|Enamorus, F|100/100
|move|p2a: Hydrapple|Hydro Pump|p1a: Enamorus
|-damage|p1a: Enamorus|22/100
|
|-weather|Snowscape|[upkeep]
|upkeep
|turn|5
|
|t:|1779642591
|switch|p2a: Slowking|Slowking-Galar, M|90/100
|move|p1a: Enamorus|Earth Power|p2a: Slowking
|-supereffective|p2a: Slowking
|-damage|p2a: Slowking|49/100
|
|-weather|none
|-heal|p2a: Slowking|56/100|[from] item: Black Sludge
|upkeep
|turn|6
|
|t:|1779642598
|switch|p2a: Alomomola|Alomomola, F|100/100
|move|p1a: Enamorus|Earth Power|p2a: Alomomola
|-damage|p2a: Alomomola|61/100
|-unboost|p2a: Alomomola|spd|1
|
|-heal|p2a: Alomomola|67/100|[from] item: Leftovers
|upkeep
|turn|7
|
|t:|1779642604
|move|p2a: Alomomola|Protect|p2a: Alomomola
|-singleturn|p2a: Alomomola|Protect
|move|p1a: Enamorus|Earth Power|p2a: Alomomola
|-activate|p2a: Alomomola|move: Protect
|
|-heal|p2a: Alomomola|73/100|[from] item: Leftovers
|upkeep
|turn|8
|
|t:|1779642611
|switch|p1a: Raging Bolt|Raging Bolt|100/100
|switch|p2a: Hydrapple|Hydrapple, F, shiny|100/100
|
|upkeep
|turn|9
|
|t:|1779642619
|switch|p2a: Slowking|Slowking-Galar, M|89/100
|move|p1a: Raging Bolt|Thunder|p2a: Slowking
|-damage|p2a: Slowking|48/100
|
|-heal|p2a: Slowking|55/100|[from] item: Black Sludge
|upkeep
|turn|10
|
|t:|1779642630
|move|p1a: Raging Bolt|Thunder|p2a: Slowking|[miss]
|-miss|p1a: Raging Bolt|p2a: Slowking
|-prepare|p2a: Slowking|Chilly Reception|[premajor]
|move|p2a: Slowking|Chilly Reception|p2a: Slowking
|-weather|Snowscape
|
|t:|1779642633
|switch|p2a: Mamoswine|Mamoswine, F|100/100|[from] Chilly Reception
|
|-weather|Snowscape|[upkeep]
|upkeep
|turn|11
|
|t:|1779642640
|-end|p1a: Raging Bolt|Protosynthesis|[silent]
|switch|p1a: Pelipper|Pelipper, M|100/100
|-weather|RainDance|[from] ability: Drizzle|[of] p1a: Pelipper
|move|p2a: Mamoswine|Stone Edge|p1a: Pelipper
|-supereffective|p1a: Pelipper
|-damage|p1a: Pelipper|14/100
|
|-weather|RainDance|[upkeep]
|upkeep
|turn|12
|
|t:|1779642651
|switch|p2a: Alomomola|Alomomola, F|100/100
|switch|p1a: Iron Treads|Iron Treads|100/100
|
|-weather|RainDance|[upkeep]
|upkeep
|turn|13
|
|t:|1779642654
|move|p1a: Iron Treads|Stealth Rock|p2a: Alomomola
|-sidestart|p2: tuanquewang|move: Stealth Rock
|move|p2a: Alomomola|Flip Turn|p1a: Iron Treads
|-supereffective|p1a: Iron Treads
|-damage|p1a: Iron Treads|58/100
|
|t:|1779642659
|switch|p2a: Cinderace|Cinderace, M|100/100|[from] Flip Turn
|
|-weather|RainDance|[upkeep]
|-heal|p1a: Iron Treads|64/100|[from] item: Leftovers
|upkeep
|turn|14
|
|t:|1779642665
|move|p2a: Cinderace|U-turn|p1a: Iron Treads
|-start|p2a: Cinderace|typechange|Bug|[from] ability: Libero
|-resisted|p1a: Iron Treads
|-damage|p1a: Iron Treads|47/100
|
|t:|1779642667
|switch|p2a: Alomomola|Alomomola, F|100/100|[from] U-turn
|-damage|p2a: Alomomola|88/100|[from] Stealth Rock
|move|p1a: Iron Treads|Stealth Rock||[still]
|-fail|p1a: Iron Treads
|
|-weather|RainDance|[upkeep]
|-heal|p1a: Iron Treads|53/100|[from] item: Leftovers
|-heal|p2a: Alomomola|94/100|[from] item: Leftovers
|upkeep
|turn|15
|
|t:|1779642672
|-end|p1a: Iron Treads|Quark Drive|[silent]
|switch|p1a: Raging Bolt|Raging Bolt|100/100
|move|p2a: Alomomola|Flip Turn|p1a: Raging Bolt
|-resisted|p1a: Raging Bolt
|-crit|p1a: Raging Bolt
|-damage|p1a: Raging Bolt|84/100
|
|t:|1779642675
|switch|p2a: Slowking|Slowking-Galar, M|88/100|[from] Flip Turn
|-damage|p2a: Slowking|75/100|[from] Stealth Rock
|
|-weather|RainDance|[upkeep]
|-heal|p1a: Raging Bolt|90/100|[from] item: Leftovers
|-heal|p2a: Slowking|81/100|[from] item: Black Sludge
|upkeep
|turn|16
|
|t:|1779642679
|move|p1a: Raging Bolt|Thunder|p2a: Slowking
|-damage|p2a: Slowking|46/100
|-prepare|p2a: Slowking|Chilly Reception|[premajor]
|move|p2a: Slowking|Chilly Reception|p2a: Slowking
|-weather|Snowscape
|
|t:|1779642685
|switch|p2a: Cinderace|Cinderace, M|100/100|[from] Chilly Reception
|
|-weather|Snowscape|[upkeep]
|-heal|p1a: Raging Bolt|96/100|[from] item: Leftovers
|upkeep
|turn|17
|
|t:|1779642690
|move|p2a: Cinderace|Court Change|p2a: Cinderace
|-start|p2a: Cinderace|typechange|Normal|[from] ability: Libero
|-swapsideconditions
|-activate|p2a: Cinderace|move: Court Change
|move|p1a: Raging Bolt|Thunder|p2a: Cinderace
|-damage|p2a: Cinderace|1/100
|
|-weather|Snowscape|[upkeep]
|-heal|p1a: Raging Bolt|100/100|[from] item: Leftovers
|upkeep
|turn|18
|
|t:|1779642701
|switch|p2a: Mamoswine|Mamoswine, F|100/100
|move|p1a: Raging Bolt|Weather Ball|p2a: Mamoswine
|-damage|p2a: Mamoswine|74/100
|
|-weather|Snowscape|[upkeep]
|upkeep
|turn|19
|
|t:|1779642713
|move|p2a: Mamoswine|Ice Shard|p1a: Raging Bolt
|-supereffective|p1a: Raging Bolt
|-damage|p1a: Raging Bolt|35/100
|move|p1a: Raging Bolt|Draco Meteor|p2a: Mamoswine
|-damage|p2a: Mamoswine|0 fnt
|-unboost|p1a: Raging Bolt|spa|2
|faint|p2a: Mamoswine
|
|-weather|Snowscape|[upkeep]
|-heal|p1a: Raging Bolt|41/100|[from] item: Leftovers
|upkeep
|
|t:|1779642720
|switch|p2a: Slowking|Slowking-Galar, M|80/100
|turn|20
|
|t:|1779642726
|move|p1a: Raging Bolt|Thunder|p2a: Slowking
|-damage|p2a: Slowking|60/100
|-prepare|p2a: Slowking|Chilly Reception|[premajor]
|move|p2a: Slowking|Chilly Reception|p2a: Slowking
|
|t:|1779642732
|switch|p2a: Iron Crown|Iron Crown|100/100|[from] Chilly Reception
|
|-weather|none
|-heal|p1a: Raging Bolt|47/100|[from] item: Leftovers
|upkeep
|turn|21
|
|t:|1779642744
|move|p2a: Iron Crown|Psychic|p1a: Raging Bolt
|-damage|p1a: Raging Bolt|0 fnt
|faint|p1a: Raging Bolt
|-end|p1a: Raging Bolt|Protosynthesis|[silent]
|
|upkeep
|
|t:|1779642747
|switch|p1a: Iron Treads|Iron Treads|53/100
|-damage|p1a: Iron Treads|50/100|[from] Stealth Rock
|turn|22
|
|t:|1779642754
|-end|p2a: Iron Crown|Quark Drive|[silent]
|switch|p2a: Alomomola|Alomomola, F|100/100
|move|p1a: Iron Treads|Rapid Spin|p2a: Alomomola
|-damage|p2a: Alomomola|94/100
|-boost|p1a: Iron Treads|spe|1
|-sideend|p1: kopv|Stealth Rock|[from] move: Rapid Spin|[of] p1a: Iron Treads
|
|-heal|p1a: Iron Treads|56/100|[from] item: Leftovers
|-heal|p2a: Alomomola|99/100|[from] item: Leftovers
|upkeep
|turn|23
|-message|kopv forfeited.
|
|win|tuanquewang
|raw|kopv's rating: 1576 &rarr; <strong>1558</strong><br />(-18 for losing)
|raw|tuanquewang's rating: 1619 &rarr; <strong>1637</strong><br />(+18 for winning)
|l|☆kopv
|player|p1|
|l|☆tuanquewang
|player|p2|
