|j|☆bajidakuangfeng
|j|☆imaginethat_17
|t:|1779696993
|gametype|singles
|player|p1|bajidakuangfeng|swimmerf|1374
|player|p2|imaginethat_17|birdkeeper|1330
|gen|9
|tier|[Gen 9] OU
|rated|
|rule|HP Percentage Mod: HP is shown in percentages
|rule|Endless Battle Clause: Forcing endless battles is banned
|rule|Species Clause: Limit one of each Pokémon
|rule|OHKO Clause: OHKO moves are banned
|rule|Evasion Items Clause: Evasion items are banned
|rule|Evasion Moves Clause: Evasion moves are banned
|rule|Evasion Abilities Clause: Evasion abilities are banned
|rule|Sleep Moves Clause: Sleep-inducing moves are banned
|clearpoke
|poke|p1|Great Tusk|
|poke|p1|Iron Valiant|
|poke|p1|Gallade, M|
|poke|p1|Lucario, F|
|poke|p1|Emboar, M|
|poke|p1|Zapdos-Galar|
|poke|p2|Ogerpon-Cornerstone, F|
|poke|p2|Dragonite, M|
|poke|p2|Weavile, M|
|poke|p2|Iron Moth|
|poke|p2|Yanmega, F|
|poke|p2|Greninja-*, M|
|teampreview
|inactive|Battle timer is ON: inactive players will automatically lose when time's up. (requested by bajidakuangfeng)
|
|t:|1779697011
|teamsize|p1|6
|teamsize|p2|6
|start
|switch|p1a: Zapdos|Zapdos-Galar, shiny|100/100
|switch|p2a: Weavile|Weavile, M|100/100
|-ability|p2a: Weavile|Pressure
|turn|1
|
|t:|1779697017
|move|p1a: Zapdos|Close Combat|p2a: Weavile
|-supereffective|p2a: Weavile
|-enditem|p2a: Weavile|Focus Sash
|-damage|p2a: Weavile|1/100
|-unboost|p1a: Zapdos|def|1
|-unboost|p1a: Zapdos|spd|1
|move|p2a: Weavile|Swords Dance|p2a: Weavile
|-boost|p2a: Weavile|atk|2
|
|upkeep
|turn|2
|
|t:|1779697025
|move|p2a: Weavile|Ice Shard|p1a: Zapdos
|-supereffective|p1a: Zapdos
|-damage|p1a: Zapdos|0 fnt
|faint|p1a: Zapdos
|
|upkeep
|
|t:|1779697036
|switch|p1a: Emboar|Emboar, M, shiny|100/100
|turn|3
|
|t:|1779697042
|move|p2a: Weavile|Knock Off|p1a: Emboar
|-resisted|p1a: Emboar
|-damage|p1a: Emboar|44/100
|-enditem|p1a: Emboar|Assault Vest|[from] move: Knock Off|[of] p2a: Weavile
|move|p1a: Emboar|Flare Blitz|p2a: Weavile
|-supereffective|p2a: Weavile
|-damage|p2a: Weavile|0 fnt
|faint|p2a: Weavile
|-damage|p1a: Emboar|44/100|[from] Recoil
|
|upkeep
|
|t:|1779697053
|switch|p2a: Greninja|Greninja, M|100/100
|turn|4
|
|t:|1779697071
|move|p2a: Greninja|Surf|p1a: Emboar
|-supereffective|p1a: Emboar
|-damage|p1a: Emboar|0 fnt
|faint|p1a: Emboar
|-ability|p2a: Greninja|Battle Bond|boost
|-boost|p2a: Greninja|atk|1
|-boost|p2a: Greninja|spa|1
|-boost|p2a: Greninja|spe|1
|-activate|p2a: Greninja|ability: Battle Bond
|-damage|p2a: Greninja|91/100|[from] item: Life Orb
|
|upkeep
|
|t:|1779697076
|switch|p1a: Iron Valiant|Iron Valiant|100/100
|-enditem|p1a: Iron Valiant|Booster Energy
|-activate|p1a: Iron Valiant|ability: Quark Drive|[fromitem]
|-start|p1a: Iron Valiant|quarkdrivespe
|turn|5
|
|t:|1779697085
|move|p2a: Greninja|Surf|p1a: Iron Valiant
|-damage|p1a: Iron Valiant|0 fnt
|faint|p1a: Iron Valiant
|-end|p1a: Iron Valiant|Quark Drive|[silent]
|-damage|p2a: Greninja|81/100|[from] item: Life Orb
|
|upkeep
|
|t:|1779697089
|switch|p1a: Gallade|Gallade, M|100/100
|turn|6
|
|t:|1779697095
|move|p2a: Greninja|Dark Pulse|p1a: Gallade
|-damage|p1a: Gallade|24/100
|-damage|p2a: Greninja|71/100|[from] item: Life Orb
|move|p1a: Gallade|Sacred Sword|p2a: Greninja
|-supereffective|p2a: Greninja
|-damage|p2a: Greninja|0 fnt
|faint|p2a: Greninja
|
|upkeep
|
|t:|1779697108
|switch|p2a: Yanmega|Yanmega, F|100/100
|turn|7
|-message|bajidakuangfeng forfeited.
|
|win|imaginethat_17
|raw|bajidakuangfeng's rating: 1374 &rarr; <strong>1351</strong><br />(-23 for losing)
|raw|imaginethat_17's rating: 1330 &rarr; <strong>1353</strong><br />(+23 for winning)
|l|☆bajidakuangfeng
|player|p1|
|l|☆imaginethat_17
|player|p2|
