|j|☆npctypebeat
|j|☆Legend 93
|t:|1779589878
|gametype|singles
|player|p1|npctypebeat|2|1161
|player|p2|Legend 93|steven|1175
|gen|9
|tier|[Gen 9] OU
|rated|
|rule|HP Percentage Mod: HP is shown in percentages
|rule|Endless Battle Clause: Forcing endless battles is banned
|rule|Species Clause: Limit one of each Pokémon
|rule|OHKO Clause: OHKO moves are banned
|rule|Evasion Items Clause: Evasion items are banned
|rule|Evasion Moves Clause: Evasion moves are banned
|rule|Evasion Abilities Clause: Evasion abilities are banned
|rule|Sleep Moves Clause: Sleep-inducing moves are banned
|clearpoke
|poke|p1|Gliscor, M|
|poke|p1|Gholdengo|
|poke|p1|Zamazenta-*|
|poke|p1|Blissey, F|
|poke|p1|Skarmory, F|
|poke|p1|Pecharunt|
|poke|p2|Greninja-*, M|
|poke|p2|Dragonite, F|
|poke|p2|Kyurem|
|poke|p2|Latias, F|
|poke|p2|Scizor, M|
|poke|p2|Cinderace, M|
|teampreview
|inactive|Battle timer is ON: inactive players will automatically lose when time's up. (requested by Legend 93)
|c|☆npctypebeat|hf
|inactive|npctypebeat has 120 seconds left.
|
|t:|1779589918
|teamsize|p1|6
|teamsize|p2|6
|start
|switch|p1a: Skarmory|Skarmory, F|100/100
|switch|p2a: Greninja|Greninja, M|100/100
|turn|1
|inactive|npctypebeat also wants the timer to be on.
|
|t:|1779589935
|switch|p2a: Cinderace|Cinderace, M|100/100
|move|p1a: Skarmory|Spikes|p2a: Cinderace
|-sidestart|p2: Legend 93|Spikes
|
|upkeep
|turn|2
|
|t:|1779589946
|move|p2a: Cinderace|Pyro Ball|p1a: Skarmory|[miss]
|-miss|p2a: Cinderace|p1a: Skarmory
|move|p1a: Skarmory|Spikes|p2a: Cinderace
|-sidestart|p2: Legend 93|Spikes
|
|upkeep
|turn|3
|
|t:|1779589955
|switch|p1a: Pecharunt|Pecharunt|100/100
|move|p2a: Cinderace|Pyro Ball|p1a: Pecharunt
|-damage|p1a: Pecharunt|72/100
|
|upkeep
|turn|4
|
|t:|1779589970
|move|p2a: Cinderace|Sucker Punch||[still]
|-fail|p2a: Cinderace
|move|p1a: Pecharunt|Toxic|p2a: Cinderace
|-status|p2a: Cinderace|tox
|-start|p2a: Cinderace|confusion|[from] ability: Poison Puppeteer|[of] p1a: Pecharunt
|
|-damage|p2a: Cinderace|95/100 tox|[from] psn
|upkeep
|turn|5
|
|t:|1779589977
|-activate|p2a: Cinderace|confusion
|move|p2a: Cinderace|Sucker Punch||[still]
|-fail|p2a: Cinderace
|move|p1a: Pecharunt|Recover|p1a: Pecharunt
|-heal|p1a: Pecharunt|100/100
|
|-damage|p2a: Cinderace|83/100 tox|[from] psn
|upkeep
|turn|6
|
|t:|1779589991
|-activate|p2a: Cinderace|confusion
|-damage|p2a: Cinderace|61/100 tox|[from] confusion
|move|p1a: Pecharunt|Shadow Ball|p2a: Cinderace
|-damage|p2a: Cinderace|24/100 tox
|
|-damage|p2a: Cinderace|6/100 tox|[from] psn
|upkeep
|turn|7
|
|t:|1779590014
|switch|p1a: Gliscor|Gliscor, M|100/100
|-activate|p2a: Cinderace|confusion
|move|p2a: Cinderace|Sucker Punch||[still]
|-fail|p2a: Cinderace
|
|-damage|p2a: Cinderace|0 fnt|[from] psn
|faint|p2a: Cinderace
|-status|p1a: Gliscor|tox|[from] item: Toxic Orb
|upkeep
|
|t:|1779590017
|switch|p2a: Greninja|Greninja, M|100/100
|-damage|p2a: Greninja|84/100|[from] Spikes
|turn|8
|
|t:|1779590031
|switch|p1a: Zamazenta|Zamazenta|100/100
|-ability|p1a: Zamazenta|Dauntless Shield|boost
|-boost|p1a: Zamazenta|def|1
|move|p2a: Greninja|Ice Beam|p1a: Zamazenta
|-damage|p1a: Zamazenta|72/100
|
|upkeep
|turn|9
|inactive|npctypebeat has 120 seconds left.
|
|t:|1779590058
|switch|p2a: Latias|Latias, F|100/100
|move|p1a: Zamazenta|Close Combat|p2a: Latias
|-resisted|p2a: Latias
|-damage|p2a: Latias|71/100
|-unboost|p1a: Zamazenta|def|1
|-unboost|p1a: Zamazenta|spd|1
|
|-heal|p2a: Latias|77/100|[from] item: Leftovers
|upkeep
|turn|10
|inactive|npctypebeat has 120 seconds left.
|
|t:|1779590076
|-terastallize|p2a: Latias|Fairy
|move|p1a: Zamazenta|Crunch|p2a: Latias
|-resisted|p2a: Latias
|-damage|p2a: Latias|63/100
|-unboost|p2a: Latias|def|1
|move|p2a: Latias|Calm Mind|p2a: Latias
|-boost|p2a: Latias|spa|1
|-boost|p2a: Latias|spd|1
|
|-heal|p2a: Latias|69/100|[from] item: Leftovers
|upkeep
|turn|11
|inactive|npctypebeat has 120 seconds left.
|
|t:|1779590087
|move|p1a: Zamazenta|Heavy Slam|p2a: Latias
|-supereffective|p2a: Latias
|-damage|p2a: Latias|0 fnt
|faint|p2a: Latias
|
|upkeep
|
|t:|1779590094
|switch|p2a: Greninja|Greninja, M|84/100
|-damage|p2a: Greninja|68/100|[from] Spikes
|turn|12
|
|t:|1779590097
|move|p1a: Zamazenta|Close Combat|p2a: Greninja
|-supereffective|p2a: Greninja
|-damage|p2a: Greninja|0 fnt
|-unboost|p1a: Zamazenta|def|1
|-unboost|p1a: Zamazenta|spd|1
|faint|p2a: Greninja
|
|upkeep
|
|t:|1779590104
|switch|p2a: Dragonite|Dragonite, F|100/100
|turn|13
|
|t:|1779590107
|move|p1a: Zamazenta|Close Combat|p2a: Dragonite
|-resisted|p2a: Dragonite
|-damage|p2a: Dragonite|84/100
|-unboost|p1a: Zamazenta|def|1
|-unboost|p1a: Zamazenta|spd|1
|move|p2a: Dragonite|Dragon Dance|p2a: Dragonite
|-boost|p2a: Dragonite|atk|1
|-boost|p2a: Dragonite|spe|1
|
|-heal|p2a: Dragonite|91/100|[from] item: Leftovers
|upkeep
|turn|14
|
|t:|1779590135
|move|p2a: Dragonite|Extreme Speed|p1a: Zamazenta
|-damage|p1a: Zamazenta|0 fnt
|faint|p1a: Zamazenta
|
|-heal|p2a: Dragonite|97/100|[from] item: Leftovers
|upkeep
|inactive|npctypebeat has 120 seconds left.
|
|t:|1779590151
|switch|p1a: Skarmory|Skarmory, F|100/100
|turn|15
|inactive|npctypebeat has 120 seconds left.
|
|t:|1779590174
|move|p2a: Dragonite|Dragon Dance|p2a: Dragonite
|-boost|p2a: Dragonite|atk|1
|-boost|p2a: Dragonite|spe|1
|move|p1a: Skarmory|Whirlwind|p2a: Dragonite
|drag|p2a: Kyurem|Kyurem, shiny|100/100
|-damage|p2a: Kyurem|84/100|[from] Spikes
|-ability|p2a: Kyurem|Pressure
|
|-heal|p2a: Kyurem|90/100|[from] item: Leftovers
|upkeep
|turn|16
|
|t:|1779590185
|switch|p1a: Blissey|Blissey, F|100/100
|move|p2a: Kyurem|Freeze-Dry|p1a: Blissey
|-damage|p1a: Blissey|89/100
|-status|p1a: Blissey|frz
|
|-heal|p2a: Kyurem|96/100|[from] item: Leftovers
|upkeep
|turn|17
|
|t:|1779590202
|switch|p2a: Scizor|Scizor, M|100/100
|-damage|p2a: Scizor|84/100|[from] Spikes
|cant|p1a: Blissey|frz
|
|upkeep
|turn|18
|
|t:|1779590209
|cant|p1a: Blissey|frz
|move|p2a: Scizor|Swords Dance|p2a: Scizor
|-boost|p2a: Scizor|atk|2
|
|upkeep
|turn|19
|
|t:|1779590220
|cant|p1a: Blissey|frz
|move|p2a: Scizor|Swords Dance|p2a: Scizor
|-boost|p2a: Scizor|atk|2
|
|upkeep
|turn|20
|
|t:|1779590227
|-curestatus|p1a: Blissey|frz|[from] ability: Natural Cure|[silent]
|switch|p1a: Pecharunt|Pecharunt|100/100
|move|p2a: Scizor|Bullet Punch|p1a: Pecharunt
|-damage|p1a: Pecharunt|51/100
|
|upkeep
|turn|21
|
|t:|1779590241
|move|p1a: Pecharunt|Shadow Ball|p2a: Scizor
|-damage|p2a: Scizor|52/100
|move|p2a: Scizor|Swords Dance|p2a: Scizor
|-boost|p2a: Scizor|atk|2
|
|upkeep
|turn|22
|
|t:|1779590248
|switch|p1a: Skarmory|Skarmory, F|100/100
|move|p2a: Scizor|Bullet Punch|p1a: Skarmory
|-resisted|p1a: Skarmory
|-damage|p1a: Skarmory|57/100
|
|upkeep
|turn|23
|inactive|npctypebeat has 120 seconds left.
|
|t:|1779590257
|move|p2a: Scizor|Dual Wingbeat|p1a: Skarmory
|-resisted|p1a: Skarmory
|-damage|p1a: Skarmory|31/100
|-resisted|p1a: Skarmory
|-damage|p1a: Skarmory|3/100
|-hitcount|p1a: Skarmory|2
|move|p1a: Skarmory|Whirlwind|p2a: Scizor
|drag|p2a: Dragonite|Dragonite, F|97/100
|
|-heal|p2a: Dragonite|100/100|[from] item: Leftovers
|upkeep
|turn|24
|inactive|npctypebeat has 120 seconds left.
|
|t:|1779590270
|move|p2a: Dragonite|Ice Spinner|p1a: Skarmory
|-damage|p1a: Skarmory|0 fnt
|faint|p1a: Skarmory
|
|upkeep
|inactive|npctypebeat has 120 seconds left.
|
|t:|1779590280
|switch|p1a: Pecharunt|Pecharunt|51/100
|turn|25
|inactive|npctypebeat has 120 seconds left.
|
|t:|1779590288
|move|p2a: Dragonite|Dragon Dance|p2a: Dragonite
|-boost|p2a: Dragonite|atk|1
|-boost|p2a: Dragonite|spe|1
|move|p1a: Pecharunt|Recover|p1a: Pecharunt
|-heal|p1a: Pecharunt|100/100
|
|upkeep
|turn|26
|inactive|npctypebeat has 120 seconds left.
|
|t:|1779590312
|move|p2a: Dragonite|Earthquake|p1a: Pecharunt
|-supereffective|p1a: Pecharunt
|-damage|p1a: Pecharunt|43/100
|move|p1a: Pecharunt|Parting Shot|p2a: Dragonite
|-unboost|p2a: Dragonite|atk|1
|-unboost|p2a: Dragonite|spa|1
|
|t:|1779590324
|switch|p1a: Gholdengo|Gholdengo|100/100|[from] Parting Shot
|
|upkeep
|turn|27
|
|t:|1779590337
|move|p2a: Dragonite|Earthquake|p1a: Gholdengo
|-supereffective|p1a: Gholdengo
|-damage|p1a: Gholdengo|44/100
|move|p1a: Gholdengo|Hex|p2a: Dragonite
|-crit|p2a: Dragonite
|-damage|p2a: Dragonite|77/100
|
|-heal|p2a: Dragonite|83/100|[from] item: Leftovers
|upkeep
|turn|28
|
|t:|1779590347
|move|p2a: Dragonite|Earthquake|p1a: Gholdengo
|-supereffective|p1a: Gholdengo
|-damage|p1a: Gholdengo|0 fnt
|faint|p1a: Gholdengo
|
|-heal|p2a: Dragonite|89/100|[from] item: Leftovers
|upkeep
|
|t:|1779590357
|switch|p1a: Pecharunt|Pecharunt|43/100
|turn|29
|inactive|npctypebeat has 90 seconds left.
|
|t:|1779590389
|move|p2a: Dragonite|Earthquake|p1a: Pecharunt
|-supereffective|p1a: Pecharunt
|-damage|p1a: Pecharunt|4/100
|move|p1a: Pecharunt|Recover|p1a: Pecharunt
|-heal|p1a: Pecharunt|54/100
|
|-heal|p2a: Dragonite|96/100|[from] item: Leftovers
|upkeep
|turn|30
|inactive|npctypebeat has 90 seconds left.
|
|t:|1779590399
|move|p2a: Dragonite|Dragon Dance|p2a: Dragonite
|-boost|p2a: Dragonite|atk|1
|-boost|p2a: Dragonite|spe|1
|move|p1a: Pecharunt|Parting Shot|p2a: Dragonite
|-unboost|p2a: Dragonite|atk|1
|-unboost|p2a: Dragonite|spa|1
|inactive|npctypebeat has 90 seconds left.
|
|t:|1779590408
|switch|p1a: Blissey|Blissey, F|89/100|[from] Parting Shot
|
|-heal|p2a: Dragonite|100/100|[from] item: Leftovers
|upkeep
|turn|31
|inactive|npctypebeat has 90 seconds left.
|
|t:|1779590423
|move|p2a: Dragonite|Earthquake|p1a: Blissey
|-damage|p1a: Blissey|50/100
|move|p1a: Blissey|Shadow Ball|p2a: Dragonite
|-damage|p2a: Dragonite|93/100
|
|-heal|p2a: Dragonite|99/100|[from] item: Leftovers
|upkeep
|turn|32
|inactive|npctypebeat has 90 seconds left.
|
|t:|1779590440
|move|p2a: Dragonite|Dragon Dance|p2a: Dragonite
|-boost|p2a: Dragonite|atk|1
|-boost|p2a: Dragonite|spe|1
|move|p1a: Blissey|Soft-Boiled|p1a: Blissey
|-heal|p1a: Blissey|99/100
|
|-heal|p2a: Dragonite|100/100|[from] item: Leftovers
|upkeep
|turn|33
|
|t:|1779590458
|move|p2a: Dragonite|Dragon Dance|p2a: Dragonite
|-boost|p2a: Dragonite|atk|1
|-boost|p2a: Dragonite|spe|1
|move|p1a: Blissey|Shadow Ball|p2a: Dragonite
|-damage|p2a: Dragonite|93/100
|
|-heal|p2a: Dragonite|99/100|[from] item: Leftovers
|upkeep
|turn|34
|
|t:|1779590468
|switch|p1a: Pecharunt|Pecharunt|54/100
|move|p2a: Dragonite|Earthquake|p1a: Pecharunt
|-supereffective|p1a: Pecharunt
|-damage|p1a: Pecharunt|0 fnt
|faint|p1a: Pecharunt
|
|-heal|p2a: Dragonite|100/100|[from] item: Leftovers
|upkeep
|
|t:|1779590475
|switch|p1a: Blissey|Blissey, F|99/100
|turn|35
|
|t:|1779590488
|move|p2a: Dragonite|Earthquake|p1a: Blissey
|-damage|p1a: Blissey|24/100
|move|p1a: Blissey|Shadow Ball|p2a: Dragonite
|-damage|p2a: Dragonite|93/100
|
|-heal|p2a: Dragonite|99/100|[from] item: Leftovers
|upkeep
|turn|36
|
|t:|1779590506
|switch|p1a: Gliscor|Gliscor, M|100/100 tox
|move|p2a: Dragonite|Ice Spinner|p1a: Gliscor
|-supereffective|p1a: Gliscor
|-damage|p1a: Gliscor|0 fnt
|faint|p1a: Gliscor
|
|-heal|p2a: Dragonite|100/100|[from] item: Leftovers
|upkeep
|inactive|npctypebeat has 60 seconds left.
|
|t:|1779590525
|switch|p1a: Blissey|Blissey, F|24/100
|turn|37
|inactive|npctypebeat has 60 seconds left.
|
|t:|1779590540
|move|p2a: Dragonite|Earthquake|p1a: Blissey
|-damage|p1a: Blissey|0 fnt
|faint|p1a: Blissey
|
|win|Legend 93
|raw|npctypebeat's rating: 1134 &rarr; <strong>1112</strong><br />(-22 for losing)
|raw|Legend 93's rating: 1175 &rarr; <strong>1197</strong><br />(+22 for winning)
|c|☆npctypebeat|gg
|l|☆Legend 93
|player|p2|
