|j|☆FavoriteElectivire
|j|☆WalnutKurumi
|t:|1779714201
|gametype|singles
|player|p1|FavoriteElectivire|volkner|1047
|player|p2|WalnutKurumi|cynthia|1037
|gen|9
|tier|[Gen 9] OU
|rated|
|rule|HP Percentage Mod: HP is shown in percentages
|rule|Endless Battle Clause: Forcing endless battles is banned
|rule|Species Clause: Limit one of each Pokémon
|rule|OHKO Clause: OHKO moves are banned
|rule|Evasion Items Clause: Evasion items are banned
|rule|Evasion Moves Clause: Evasion moves are banned
|rule|Evasion Abilities Clause: Evasion abilities are banned
|rule|Sleep Moves Clause: Sleep-inducing moves are banned
|clearpoke
|poke|p1|Electivire, M|
|poke|p1|Infernape, M|
|poke|p1|Greninja-*, M|
|poke|p1|Iron Valiant|
|poke|p1|Garchomp, M|
|poke|p1|Lucario, M|
|poke|p2|Glimmora, F|
|poke|p2|Zamazenta-*|
|poke|p2|Kingambit, M|
|poke|p2|Slowbro, F|
|poke|p2|Primarina, F|
|poke|p2|Dragonite, F|
|teampreview
|inactive|Battle timer is ON: inactive players will automatically lose when time's up. (requested by WalnutKurumi)
|inactive|FavoriteElectivire also wants the timer to be on.
|
|t:|1779714212
|teamsize|p1|6
|teamsize|p2|6
|start
|switch|p1a: Electro Bolt|Electivire, M|100/100
|switch|p2a: Glimmora|Glimmora, F, shiny|100/100
|turn|1
|
|t:|1779714224
|-terastallize|p1a: Electro Bolt|Flying
|move|p1a: Electro Bolt|Earthquake|p2a: Glimmora
|-supereffective|p2a: Glimmora
|-enditem|p2a: Glimmora|Focus Sash
|-damage|p2a: Glimmora|1/100
|-activate|p2a: Glimmora|ability: Toxic Debris
|-sidestart|p1: FavoriteElectivire|move: Toxic Spikes
|-damage|p1a: Electro Bolt|91/100|[from] item: Life Orb
|move|p2a: Glimmora|Earth Power|p1a: Electro Bolt
|-immune|p1a: Electro Bolt
|
|upkeep
|turn|2
|
|t:|1779714237
|move|p1a: Electro Bolt|Ice Punch|p2a: Glimmora
|-damage|p2a: Glimmora|0 fnt
|-activate|p2a: Glimmora|ability: Toxic Debris
|-sidestart|p1: FavoriteElectivire|move: Toxic Spikes
|faint|p2a: Glimmora
|-damage|p1a: Electro Bolt|81/100|[from] item: Life Orb
|
|upkeep
|
|t:|1779714252
|switch|p2a: Primarina|Primarina, F|100/100
|turn|3
|
|t:|1779714261
|-terastallize|p2a: Primarina|Ground
|move|p1a: Electro Bolt|Wild Charge|p2a: Primarina
|-immune|p2a: Primarina
|move|p2a: Primarina|Sparkling Aria|p1a: Electro Bolt
|-damage|p1a: Electro Bolt|20/100
|
|upkeep
|turn|4
|
|t:|1779714276
|move|p1a: Electro Bolt|Ice Punch|p2a: Primarina
|-supereffective|p2a: Primarina
|-damage|p2a: Primarina|32/100
|-damage|p1a: Electro Bolt|10/100|[from] item: Life Orb
|move|p2a: Primarina|Sparkling Aria|p1a: Electro Bolt
|-damage|p1a: Electro Bolt|0 fnt
|faint|p1a: Electro Bolt
|
|upkeep
|
|t:|1779714282
|switch|p1a: Aura Cario|Lucario, M|100/100
|turn|5
|
|t:|1779714295
|move|p1a: Aura Cario|Swords Dance|p1a: Aura Cario
|-boost|p1a: Aura Cario|atk|2
|move|p2a: Primarina|Light Screen|p2a: Primarina
|-sidestart|p2: WalnutKurumi|move: Light Screen
|
|upkeep
|turn|6
|
|t:|1779714305
|move|p1a: Aura Cario|Earthquake|p2a: Primarina
|-damage|p2a: Primarina|0 fnt
|faint|p2a: Primarina
|-damage|p1a: Aura Cario|91/100|[from] item: Life Orb
|
|upkeep
|
|t:|1779714326
|switch|p2a: Slowbro|Slowbro, F|100/100
|turn|7
|
|t:|1779714331
|move|p1a: Aura Cario|Swords Dance|p1a: Aura Cario
|-boost|p1a: Aura Cario|atk|2
|move|p2a: Slowbro|Trick Room|p2a: Slowbro
|-fieldstart|move: Trick Room|[of] p2a: Slowbro
|
|upkeep
|turn|8
|
|t:|1779714338
|move|p2a: Slowbro|Psychic|p1a: Aura Cario
|-damage|p1a: Aura Cario|31/100
|move|p1a: Aura Cario|Earthquake|p2a: Slowbro
|-damage|p2a: Slowbro|5/100
|-damage|p1a: Aura Cario|21/100|[from] item: Life Orb
|
|-heal|p2a: Slowbro|11/100|[from] item: Leftovers
|upkeep
|turn|9
|
|t:|1779714345
|move|p2a: Slowbro|Psychic|p1a: Aura Cario
|-damage|p1a: Aura Cario|0 fnt
|faint|p1a: Aura Cario
|
|-heal|p2a: Slowbro|17/100|[from] item: Leftovers
|-sideend|p2: WalnutKurumi|move: Light Screen
|upkeep
|
|t:|1779714352
|switch|p1a: Draco Rage|Garchomp, M|100/100
|-status|p1a: Draco Rage|tox
|turn|10
|
|t:|1779714358
|move|p2a: Slowbro|Ice Beam|p1a: Draco Rage
|-supereffective|p1a: Draco Rage
|-damage|p1a: Draco Rage|0 fnt
|faint|p1a: Draco Rage
|
|-heal|p2a: Slowbro|23/100|[from] item: Leftovers
|upkeep
|
|t:|1779714363
|switch|p1a: Hydro Shuriken|Greninja, M|100/100
|-status|p1a: Hydro Shuriken|tox
|turn|11
|
|t:|1779714370
|move|p2a: Slowbro|Ice Beam|p1a: Hydro Shuriken
|-resisted|p1a: Hydro Shuriken
|-damage|p1a: Hydro Shuriken|79/100 tox
|move|p1a: Hydro Shuriken|Dark Pulse|p2a: Slowbro
|-supereffective|p2a: Slowbro
|-damage|p2a: Slowbro|0 fnt
|faint|p2a: Slowbro
|-ability|p1a: Hydro Shuriken|Battle Bond|boost
|-boost|p1a: Hydro Shuriken|atk|1
|-boost|p1a: Hydro Shuriken|spa|1
|-boost|p1a: Hydro Shuriken|spe|1
|-activate|p1a: Hydro Shuriken|ability: Battle Bond
|-damage|p1a: Hydro Shuriken|69/100 tox|[from] item: Life Orb
|
|-damage|p1a: Hydro Shuriken|63/100 tox|[from] psn
|-fieldend|move: Trick Room
|upkeep
|
|t:|1779714395
|switch|p2a: Zamazenta|Zamazenta|100/100
|-ability|p2a: Zamazenta|Dauntless Shield|boost
|-boost|p2a: Zamazenta|def|1
|turn|12
|
|t:|1779714405
|move|p1a: Hydro Shuriken|Surf|p2a: Zamazenta
|-crit|p2a: Zamazenta
|-damage|p2a: Zamazenta|8/100
|-damage|p1a: Hydro Shuriken|53/100 tox|[from] item: Life Orb
|move|p2a: Zamazenta|Play Rough|p1a: Hydro Shuriken
|-supereffective|p1a: Hydro Shuriken
|-damage|p1a: Hydro Shuriken|0 fnt
|faint|p1a: Hydro Shuriken
|
|-heal|p2a: Zamazenta|14/100|[from] item: Leftovers
|upkeep
|
|t:|1779714414
|switch|p1a: Inferno Blitz|Infernape, M|100/100
|-status|p1a: Inferno Blitz|tox
|turn|13
|
|t:|1779714420
|move|p2a: Zamazenta|Protect|p2a: Zamazenta
|-singleturn|p2a: Zamazenta|Protect
|move|p1a: Inferno Blitz|Flare Blitz|p2a: Zamazenta
|-activate|p2a: Zamazenta|move: Protect
|
|-heal|p2a: Zamazenta|20/100|[from] item: Leftovers
|-damage|p1a: Inferno Blitz|94/100 tox|[from] psn
|upkeep
|turn|14
|
|t:|1779714434
|switch|p2a: Dragonite|Dragonite, F|100/100
|move|p1a: Inferno Blitz|Flare Blitz|p2a: Dragonite
|-resisted|p2a: Dragonite
|-damage|p2a: Dragonite|85/100
|-damage|p1a: Inferno Blitz|89/100 tox|[from] Recoil
|-damage|p1a: Inferno Blitz|79/100 tox|[from] item: Life Orb
|
|-damage|p1a: Inferno Blitz|67/100 tox|[from] psn
|upkeep
|turn|15
|
|t:|1779714447
|move|p1a: Inferno Blitz|Thunder Punch|p2a: Dragonite
|-damage|p2a: Dragonite|52/100
|-damage|p1a: Inferno Blitz|57/100 tox|[from] item: Life Orb
|move|p2a: Dragonite|Dragon Dance|p2a: Dragonite
|-boost|p2a: Dragonite|atk|1
|-boost|p2a: Dragonite|spe|1
|
|-damage|p1a: Inferno Blitz|38/100 tox|[from] psn
|upkeep
|turn|16
|
|t:|1779714462
|move|p2a: Dragonite|Extreme Speed|p1a: Inferno Blitz
|-damage|p1a: Inferno Blitz|0 fnt
|faint|p1a: Inferno Blitz
|
|upkeep
|
|t:|1779714466
|switch|p1a: Aura Blade|Iron Valiant|100/100
|-status|p1a: Aura Blade|tox
|-enditem|p1a: Aura Blade|Booster Energy
|-activate|p1a: Aura Blade|ability: Quark Drive|[fromitem]
|-start|p1a: Aura Blade|quarkdrivespe
|turn|17
|
|t:|1779714474
|move|p2a: Dragonite|Extreme Speed|p1a: Aura Blade
|-damage|p1a: Aura Blade|32/100 tox
|move|p1a: Aura Blade|Spirit Break|p2a: Dragonite
|-supereffective|p2a: Dragonite
|-damage|p2a: Dragonite|0 fnt
|faint|p2a: Dragonite
|
|-damage|p1a: Aura Blade|25/100 tox|[from] psn
|upkeep
|
|t:|1779714484
|switch|p2a: Kingambit|Kingambit, M|100/100
|-activate|p2a: Kingambit|ability: Supreme Overlord
|-start|p2a: Kingambit|fallen4|[silent]
|turn|18
|
|t:|1779714491
|move|p1a: Aura Blade|Close Combat|p2a: Kingambit
|-supereffective|p2a: Kingambit
|-damage|p2a: Kingambit|0 fnt
|-unboost|p1a: Aura Blade|def|1
|-unboost|p1a: Aura Blade|spd|1
|faint|p2a: Kingambit
|-end|p2a: Kingambit|fallen4|[silent]
|
|-damage|p1a: Aura Blade|13/100 tox|[from] psn
|upkeep
|
|t:|1779714500
|switch|p2a: Zamazenta|Zamazenta|20/100
|turn|19
|
|t:|1779714504
|move|p2a: Zamazenta|Protect|p2a: Zamazenta
|-singleturn|p2a: Zamazenta|Protect
|move|p1a: Aura Blade|Spirit Break|p2a: Zamazenta
|-activate|p2a: Zamazenta|move: Protect
|
|-heal|p2a: Zamazenta|27/100|[from] item: Leftovers
|-damage|p1a: Aura Blade|0 fnt|[from] psn
|faint|p1a: Aura Blade
|-end|p1a: Aura Blade|Quark Drive|[silent]
|
|win|WalnutKurumi
|raw|FavoriteElectivire's rating: 1047 &rarr; <strong>1029</strong><br />(-18 for losing)
|raw|WalnutKurumi's rating: 1037 &rarr; <strong>1072</strong><br />(+35 for winning)
