|j|☆creepuhawman
|j|☆not thatone pls
|t:|1779595707
|gametype|singles
|player|p1|creepuhawman|101|1186
|player|p2|not thatone pls|266|1135
|gen|9
|tier|[Gen 9] OU
|rated|
|rule|HP Percentage Mod: HP is shown in percentages
|rule|Endless Battle Clause: Forcing endless battles is banned
|rule|Species Clause: Limit one of each Pokémon
|rule|OHKO Clause: OHKO moves are banned
|rule|Evasion Items Clause: Evasion items are banned
|rule|Evasion Moves Clause: Evasion moves are banned
|rule|Evasion Abilities Clause: Evasion abilities are banned
|rule|Sleep Moves Clause: Sleep-inducing moves are banned
|clearpoke
|poke|p1|Ursaluna, M|
|poke|p1|Rillaboom, F|
|poke|p1|Cinderace, F|
|poke|p1|Hatterene, F|
|poke|p1|Kyurem|
|poke|p1|Zamazenta-*|
|poke|p2|Blissey, F|
|poke|p2|Toxapex, F|
|poke|p2|Corviknight, M|
|poke|p2|Clodsire, M|
|poke|p2|Salazzle, F|
|poke|p2|Hoopa-Unbound|
|teampreview
|
|t:|1779595736
|teamsize|p1|6
|teamsize|p2|6
|start
|switch|p1a: 5th one to die|Kyurem|100/100
|switch|p2a: Blissey|Blissey, F|100/100
|-ability|p1a: 5th one to die|Pressure
|turn|1
|inactive|Battle timer is ON: inactive players will automatically lose when time's up. (requested by not thatone pls)
|
|t:|1779595758
|switch|p2a: Toxapex|Toxapex, F|100/100
|move|p1a: 5th one to die|Ice Beam|p2a: Toxapex
|-resisted|p2a: Toxapex
|-damage|p2a: Toxapex|81/100
|
|upkeep
|turn|2
|
|t:|1779595783
|move|p2a: Toxapex|Baneful Bunker|p2a: Toxapex
|-singleturn|p2a: Toxapex|move: Protect
|move|p1a: 5th one to die|Freeze-Dry|p2a: Toxapex
|-activate|p2a: Toxapex|move: Protect
|
|upkeep
|turn|3
|
|t:|1779595789
|switch|p2a: Blissey|Blissey, F|100/100
|move|p1a: 5th one to die|Freeze-Dry|p2a: Blissey
|-damage|p2a: Blissey|89/100
|
|upkeep
|turn|4
|
|t:|1779595798
|move|p1a: 5th one to die|Draco Meteor|p2a: Blissey
|-damage|p2a: Blissey|69/100
|-unboost|p1a: 5th one to die|spa|2
|move|p2a: Blissey|Stealth Rock|p1a: 5th one to die
|-sidestart|p1: creepuhawman|move: Stealth Rock
|
|upkeep
|turn|5
|
|t:|1779595809
|move|p1a: 5th one to die|Draco Meteor|p2a: Blissey
|-damage|p2a: Blissey|58/100
|-unboost|p1a: 5th one to die|spa|2
|move|p2a: Blissey|Thunder Wave|p1a: 5th one to die
|-status|p1a: 5th one to die|par
|
|upkeep
|turn|6
|
|t:|1779595824
|switch|p1a: 6th one to die|Zamazenta|100/100
|-damage|p1a: 6th one to die|94/100|[from] Stealth Rock
|-ability|p1a: 6th one to die|Dauntless Shield|boost
|-boost|p1a: 6th one to die|def|1
|move|p2a: Blissey|Soft-Boiled|p2a: Blissey
|-heal|p2a: Blissey|100/100
|
|upkeep
|turn|7
|
|t:|1779595833
|switch|p2a: Toxapex|Toxapex, F|100/100
|move|p1a: 6th one to die|Close Combat|p2a: Toxapex
|-resisted|p2a: Toxapex
|-damage|p2a: Toxapex|77/100
|-unboost|p1a: 6th one to die|def|1
|-unboost|p1a: 6th one to die|spd|1
|-damage|p1a: 6th one to die|78/100|[from] item: Rocky Helmet|[of] p2a: Toxapex
|-damage|p1a: 6th one to die|68/100|[from] item: Life Orb
|
|upkeep
|turn|8
|
|t:|1779595844
|-terastallize|p1a: 6th one to die|Dark
|move|p1a: 6th one to die|Crunch|p2a: Toxapex
|-damage|p2a: Toxapex|49/100
|-damage|p1a: 6th one to die|51/100|[from] item: Rocky Helmet|[of] p2a: Toxapex
|-damage|p1a: 6th one to die|41/100|[from] item: Life Orb
|move|p2a: Toxapex|Toxic Spikes|p1a: 6th one to die
|-sidestart|p1: creepuhawman|move: Toxic Spikes
|
|upkeep
|turn|9
|
|t:|1779595851
|move|p2a: Toxapex|Baneful Bunker|p2a: Toxapex
|-singleturn|p2a: Toxapex|move: Protect
|move|p1a: 6th one to die|Crunch|p2a: Toxapex
|-activate|p2a: Toxapex|move: Protect
|-status|p1a: 6th one to die|psn
|
|-damage|p1a: 6th one to die|29/100 psn|[from] psn
|upkeep
|turn|10
|
|t:|1779595860
|move|p1a: 6th one to die|Heavy Slam|p2a: Toxapex
|-resisted|p2a: Toxapex
|-crit|p2a: Toxapex
|-damage|p2a: Toxapex|27/100
|-damage|p1a: 6th one to die|12/100 psn|[from] item: Rocky Helmet|[of] p2a: Toxapex
|-damage|p1a: 6th one to die|3/100 psn|[from] item: Life Orb
|move|p2a: Toxapex|Recover|p2a: Toxapex
|-heal|p2a: Toxapex|77/100
|
|-damage|p1a: 6th one to die|0 fnt|[from] psn
|faint|p1a: 6th one to die
|upkeep
|
|t:|1779595880
|switch|p1a: 4rth one to die|Hatterene, F|100/100
|-damage|p1a: 4rth one to die|88/100|[from] Stealth Rock
|-status|p1a: 4rth one to die|psn
|turn|11
|
|t:|1779595888
|switch|p2a: Blissey|Blissey, F|100/100
|move|p1a: 4rth one to die|Psychic Noise|p2a: Blissey
|-damage|p2a: Blissey|90/100
|-start|p2a: Blissey|move: Heal Block
|
|-damage|p1a: 4rth one to die|76/100 psn|[from] psn
|upkeep
|turn|12
|
|t:|1779595897
|move|p2a: Blissey|Seismic Toss|p1a: 4rth one to die
|-damage|p1a: 4rth one to die|45/100 psn
|-damage|p2a: Blissey|74/100|[from] item: Rocky Helmet|[of] p1a: 4rth one to die
|move|p1a: 4rth one to die|Nuzzle|p2a: Blissey
|-damage|p2a: Blissey|66/100
|-status|p2a: Blissey|par
|
|-damage|p1a: 4rth one to die|32/100 psn|[from] psn
|-end|p2a: Blissey|move: Heal Block
|upkeep
|turn|13
|
|t:|1779595907
|move|p1a: 4rth one to die|Pain Split|p2a: Blissey
|-sethp|p2a: Blissey|40/100 par|[from] move: Pain Split|[silent]
|-sethp|p1a: 4rth one to die|90/100 psn|[from] move: Pain Split
|move|p2a: Blissey|Seismic Toss|p1a: 4rth one to die
|-damage|p1a: 4rth one to die|59/100 psn
|-damage|p2a: Blissey|24/100 par|[from] item: Rocky Helmet|[of] p1a: 4rth one to die
|
|-damage|p1a: 4rth one to die|46/100 psn|[from] psn
|upkeep
|turn|14
|
|t:|1779595916
|move|p1a: 4rth one to die|Pain Split|p2a: Blissey
|-sethp|p2a: Blissey|22/100 par|[from] move: Pain Split|[silent]
|-sethp|p1a: 4rth one to die|50/100 psn|[from] move: Pain Split
|move|p2a: Blissey|Soft-Boiled|p2a: Blissey
|-heal|p2a: Blissey|72/100 par
|
|-damage|p1a: 4rth one to die|37/100 psn|[from] psn
|upkeep
|turn|15
|
|t:|1779595925
|-curestatus|p2a: Blissey|par|[from] ability: Natural Cure|[silent]
|switch|p2a: Hoopa|Hoopa-Unbound|100/100
|move|p1a: 4rth one to die|Pain Split|p2a: Hoopa
|-sethp|p2a: Hoopa|70/100|[from] move: Pain Split|[silent]
|-sethp|p1a: 4rth one to die|66/100 psn|[from] move: Pain Split
|
|-damage|p1a: 4rth one to die|54/100 psn|[from] psn
|upkeep
|turn|16
|
|t:|1779595935
|move|p2a: Hoopa|Hyperspace Fury|p1a: 4rth one to die
|-damage|p1a: 4rth one to die|0 fnt
|-unboost|p2a: Hoopa|def|1
|faint|p1a: 4rth one to die
|
|upkeep
|
|t:|1779595942
|switch|p1a: 2nd one to die|Rillaboom, F|100/100
|-damage|p1a: 2nd one to die|88/100|[from] Stealth Rock
|-status|p1a: 2nd one to die|psn
|-fieldstart|move: Grassy Terrain|[from] ability: Grassy Surge|[of] p1a: 2nd one to die
|turn|17
|
|t:|1779595951
|switch|p2a: Corviknight|Corviknight, M|100/100
|move|p1a: 2nd one to die|U-turn|p2a: Corviknight
|-resisted|p2a: Corviknight
|-damage|p2a: Corviknight|96/100
|
|t:|1779595962
|switch|p1a: 5th one to die|Kyurem|100/100 par|[from] U-turn
|-damage|p1a: 5th one to die|76/100 par|[from] Stealth Rock
|-ability|p1a: 5th one to die|Pressure
|
|-heal|p2a: Corviknight|100/100|[from] item: Leftovers
|-heal|p1a: 5th one to die|82/100 par|[from] Grassy Terrain
|upkeep
|turn|18
|
|t:|1779595974
|switch|p2a: Blissey|Blissey, F|72/100
|move|p1a: 5th one to die|Freeze-Dry|p2a: Blissey
|-crit|p2a: Blissey
|-damage|p2a: Blissey|55/100
|
|-heal|p2a: Blissey|61/100|[from] Grassy Terrain
|-heal|p1a: 5th one to die|88/100 par|[from] Grassy Terrain
|upkeep
|turn|19
|
|t:|1779595987
|switch|p1a: 1rst one to die|Ursaluna, M|100/100
|-damage|p1a: 1rst one to die|94/100|[from] Stealth Rock
|-status|p1a: 1rst one to die|psn
|move|p2a: Blissey|Soft-Boiled|p2a: Blissey
|-heal|p2a: Blissey|100/100
|
|-heal|p1a: 1rst one to die|100/100 psn|[from] Grassy Terrain
|-damage|p1a: 1rst one to die|88/100 psn|[from] psn
|upkeep
|turn|20
|
|t:|1779595997
|switch|p2a: Corviknight|Corviknight, M|100/100
|move|p1a: 1rst one to die|Headlong Rush|p2a: Corviknight
|-immune|p2a: Corviknight
|
|-heal|p1a: 1rst one to die|94/100 psn|[from] Grassy Terrain
|-damage|p1a: 1rst one to die|82/100 psn|[from] psn
|upkeep
|turn|21
|
|t:|1779596005
|move|p1a: 1rst one to die|Facade|p2a: Corviknight
|-resisted|p2a: Corviknight
|-damage|p2a: Corviknight|61/100
|move|p2a: Corviknight|Iron Head|p1a: 1rst one to die
|-damage|p1a: 1rst one to die|63/100 psn
|
|-heal|p1a: 1rst one to die|69/100 psn|[from] Grassy Terrain
|-heal|p2a: Corviknight|67/100|[from] item: Leftovers
|-damage|p1a: 1rst one to die|57/100 psn|[from] psn
|-fieldend|move: Grassy Terrain
|upkeep
|turn|22
|
|t:|1779596015
|move|p1a: 1rst one to die|Facade|p2a: Corviknight
|-resisted|p2a: Corviknight
|-damage|p2a: Corviknight|28/100
|move|p2a: Corviknight|Roost|p2a: Corviknight
|-heal|p2a: Corviknight|78/100
|-singleturn|p2a: Corviknight|move: Roost
|
|-heal|p2a: Corviknight|84/100|[from] item: Leftovers
|-damage|p1a: 1rst one to die|44/100 psn|[from] psn
|upkeep
|turn|23
|
|t:|1779596026
|move|p1a: 1rst one to die|Fire Punch|p2a: Corviknight
|-supereffective|p2a: Corviknight
|-damage|p2a: Corviknight|34/100
|move|p2a: Corviknight|Roost|p2a: Corviknight
|-heal|p2a: Corviknight|84/100
|-singleturn|p2a: Corviknight|move: Roost
|
|-heal|p2a: Corviknight|91/100|[from] item: Leftovers
|-damage|p1a: 1rst one to die|32/100 psn|[from] psn
|upkeep
|turn|24
|
|t:|1779596040
|switch|p2a: Toxapex|Toxapex, F|100/100
|move|p1a: 1rst one to die|Fire Punch|p2a: Toxapex
|-resisted|p2a: Toxapex
|-damage|p2a: Toxapex|87/100
|-damage|p1a: 1rst one to die|15/100 psn|[from] item: Rocky Helmet|[of] p2a: Toxapex
|
|-damage|p1a: 1rst one to die|3/100 psn|[from] psn
|upkeep
|turn|25
|
|t:|1779596054
|move|p2a: Toxapex|Baneful Bunker|p2a: Toxapex
|-singleturn|p2a: Toxapex|move: Protect
|move|p1a: 1rst one to die|Headlong Rush|p2a: Toxapex
|-activate|p2a: Toxapex|move: Protect
|
|-damage|p1a: 1rst one to die|0 fnt|[from] psn
|faint|p1a: 1rst one to die
|upkeep
|
|t:|1779596070
|switch|p1a: 5th one to die|Kyurem|88/100 par
|-damage|p1a: 5th one to die|63/100 par|[from] Stealth Rock
|-ability|p1a: 5th one to die|Pressure
|turn|26
|
|t:|1779596077
|switch|p2a: Blissey|Blissey, F|100/100
|move|p1a: 5th one to die|Freeze-Dry|p2a: Blissey
|-damage|p2a: Blissey|89/100
|
|upkeep
|turn|27
|
|t:|1779596097
|move|p2a: Blissey|Seismic Toss|p1a: 5th one to die
|-damage|p1a: 5th one to die|39/100 par
|move|p1a: 5th one to die|Earth Power|p2a: Blissey
|-damage|p2a: Blissey|79/100
|
|upkeep
|turn|28
|
|t:|1779596104
|move|p2a: Blissey|Seismic Toss|p1a: 5th one to die
|-damage|p1a: 5th one to die|15/100 par
|move|p1a: 5th one to die|Earth Power|p2a: Blissey
|-damage|p2a: Blissey|70/100
|
|upkeep
|turn|29
|
|t:|1779596120
|move|p2a: Blissey|Seismic Toss|p1a: 5th one to die
|-damage|p1a: 5th one to die|0 fnt
|faint|p1a: 5th one to die
|
|upkeep
|
|t:|1779596130
|switch|p1a: 2nd one to die|Rillaboom, F|88/100 psn
|-damage|p1a: 2nd one to die|75/100 psn|[from] Stealth Rock
|-fieldstart|move: Grassy Terrain|[from] ability: Grassy Surge|[of] p1a: 2nd one to die
|turn|30
|inactive|not thatone pls has 120 seconds left.
|
|t:|1779596161
|move|p1a: 2nd one to die|Grassy Glide|p2a: Blissey
|-crit|p2a: Blissey
|-damage|p2a: Blissey|0 fnt
|faint|p2a: Blissey
|
|-heal|p1a: 2nd one to die|82/100 psn|[from] Grassy Terrain
|-damage|p1a: 2nd one to die|69/100 psn|[from] psn
|upkeep
|
|t:|1779596165
|switch|p2a: Salazzle|Salazzle, F|100/100
|turn|31
|
|t:|1779596172
|move|p2a: Salazzle|Protect|p2a: Salazzle
|-singleturn|p2a: Salazzle|Protect
|move|p1a: 2nd one to die|Knock Off|p2a: Salazzle
|-activate|p2a: Salazzle|move: Protect
|
|-heal|p1a: 2nd one to die|75/100 psn|[from] Grassy Terrain
|-damage|p1a: 2nd one to die|63/100 psn|[from] psn
|upkeep
|turn|32
|
|t:|1779596180
|switch|p2a: Toxapex|Toxapex, F|100/100
|move|p1a: 2nd one to die|Knock Off|p2a: Toxapex
|-damage|p2a: Toxapex|79/100
|-damage|p1a: 2nd one to die|46/100 psn|[from] item: Rocky Helmet|[of] p2a: Toxapex
|-enditem|p2a: Toxapex|Rocky Helmet|[from] move: Knock Off|[of] p1a: 2nd one to die
|
|-heal|p1a: 2nd one to die|52/100 psn|[from] Grassy Terrain
|-heal|p2a: Toxapex|85/100|[from] Grassy Terrain
|-damage|p1a: 2nd one to die|40/100 psn|[from] psn
|upkeep
|turn|33
|
|t:|1779596191
|move|p2a: Toxapex|Baneful Bunker|p2a: Toxapex
|-singleturn|p2a: Toxapex|move: Protect
|move|p1a: 2nd one to die|Grassy Glide|p2a: Toxapex
|-activate|p2a: Toxapex|move: Protect
|
|-heal|p1a: 2nd one to die|46/100 psn|[from] Grassy Terrain
|-heal|p2a: Toxapex|92/100|[from] Grassy Terrain
|-damage|p1a: 2nd one to die|33/100 psn|[from] psn
|upkeep
|turn|34
|inactive|not thatone pls has 120 seconds left.
|
|t:|1779596245
|move|p1a: 2nd one to die|Grassy Glide|p2a: Toxapex
|-damage|p2a: Toxapex|67/100
|move|p2a: Toxapex|Toxic Spikes|p1a: 2nd one to die
|-sidestart|p1: creepuhawman|move: Toxic Spikes
|
|-heal|p1a: 2nd one to die|40/100 psn|[from] Grassy Terrain
|-heal|p2a: Toxapex|73/100|[from] Grassy Terrain
|-damage|p1a: 2nd one to die|27/100 psn|[from] psn
|-fieldend|move: Grassy Terrain
|upkeep
|turn|35
|
|t:|1779596254
|move|p2a: Toxapex|Baneful Bunker|p2a: Toxapex
|-singleturn|p2a: Toxapex|move: Protect
|move|p1a: 2nd one to die|U-turn|p2a: Toxapex
|-activate|p2a: Toxapex|move: Protect
|
|-damage|p1a: 2nd one to die|15/100 psn|[from] psn
|upkeep
|turn|36
|
|t:|1779596265
|switch|p2a: Corviknight|Corviknight, M|91/100
|move|p1a: 2nd one to die|U-turn|p2a: Corviknight
|-resisted|p2a: Corviknight
|-damage|p2a: Corviknight|87/100
|
|t:|1779596273
|switch|p1a: 3rd one to die|Cinderace, F|100/100|[from] U-turn
|
|-heal|p2a: Corviknight|93/100|[from] item: Leftovers
|upkeep
|turn|37
|
|t:|1779596281
|move|p1a: 3rd one to die|Pyro Ball|p2a: Corviknight
|-supereffective|p2a: Corviknight
|-damage|p2a: Corviknight|37/100
|move|p2a: Corviknight|U-turn|p1a: 3rd one to die
|-resisted|p1a: 3rd one to die
|-damage|p1a: 3rd one to die|92/100
|
|t:|1779596286
|switch|p2a: Salazzle|Salazzle, F|100/100|[from] U-turn
|
|upkeep
|turn|38
|
|t:|1779596294
|move|p1a: 3rd one to die|Court Change|p1a: 3rd one to die
|-swapsideconditions
|-activate|p1a: 3rd one to die|move: Court Change
|move|p2a: Salazzle|Toxic|p1a: 3rd one to die
|-status|p1a: 3rd one to die|tox
|
|-damage|p1a: 3rd one to die|86/100 tox|[from] psn
|upkeep
|turn|39
|
|t:|1779596302
|move|p2a: Salazzle|Protect|p2a: Salazzle
|-singleturn|p2a: Salazzle|Protect
|move|p1a: 3rd one to die|Pyro Ball|p2a: Salazzle
|-activate|p2a: Salazzle|move: Protect
|
|-damage|p1a: 3rd one to die|74/100 tox|[from] psn
|upkeep
|turn|40
|
|t:|1779596311
|move|p1a: 3rd one to die|U-turn|p2a: Salazzle
|-resisted|p2a: Salazzle
|-damage|p2a: Salazzle|91/100
|
|t:|1779596314
|switch|p1a: 2nd one to die|Rillaboom, F|15/100 psn|[from] U-turn
|-fieldstart|move: Grassy Terrain|[from] ability: Grassy Surge|[of] p1a: 2nd one to die
|move|p2a: Salazzle|Encore||[still]
|-fail|p2a: Salazzle
|
|-heal|p2a: Salazzle|97/100|[from] Grassy Terrain
|-heal|p1a: 2nd one to die|21/100 psn|[from] Grassy Terrain
|-damage|p1a: 2nd one to die|8/100 psn|[from] psn
|upkeep
|turn|41
|
|t:|1779596325
|move|p2a: Salazzle|Protect|p2a: Salazzle
|-singleturn|p2a: Salazzle|Protect
|move|p1a: 2nd one to die|Knock Off|p2a: Salazzle
|-activate|p2a: Salazzle|move: Protect
|
|-heal|p2a: Salazzle|100/100|[from] Grassy Terrain
|-heal|p1a: 2nd one to die|14/100 psn|[from] Grassy Terrain
|-damage|p1a: 2nd one to die|2/100 psn|[from] psn
|upkeep
|turn|42
|
|t:|1779596337
|move|p2a: Salazzle|Protect|p2a: Salazzle
|-singleturn|p2a: Salazzle|Protect
|move|p1a: 2nd one to die|Grassy Glide|p2a: Salazzle
|-activate|p2a: Salazzle|move: Protect
|
|-heal|p1a: 2nd one to die|8/100 psn|[from] Grassy Terrain
|-damage|p1a: 2nd one to die|0 fnt|[from] psn
|faint|p1a: 2nd one to die
|upkeep
|
|t:|1779596346
|switch|p1a: 3rd one to die|Cinderace, F|74/100 tox
|turn|43
|
|t:|1779596357
|move|p1a: 3rd one to die|Pyro Ball|p2a: Salazzle
|-resisted|p2a: Salazzle
|-damage|p2a: Salazzle|57/100
|move|p2a: Salazzle|Encore|p1a: 3rd one to die
|-start|p1a: 3rd one to die|Encore
|
|-heal|p1a: 3rd one to die|80/100 tox|[from] Grassy Terrain
|-heal|p2a: Salazzle|63/100|[from] Grassy Terrain
|-damage|p1a: 3rd one to die|74/100 tox|[from] psn
|upkeep
|turn|44
|
|t:|1779596366
|switch|p2a: Toxapex|Toxapex, F|100/100
|-damage|p2a: Toxapex|88/100|[from] Stealth Rock
|-sideend|p2: not thatone pls|move: Toxic Spikes|[of] p2a: Toxapex
|move|p1a: 3rd one to die|Pyro Ball|p2a: Toxapex
|-resisted|p2a: Toxapex
|-damage|p2a: Toxapex|73/100
|
|-heal|p1a: 3rd one to die|80/100 tox|[from] Grassy Terrain
|-heal|p2a: Toxapex|79/100|[from] Grassy Terrain
|-damage|p1a: 3rd one to die|67/100 tox|[from] psn
|-fieldend|move: Grassy Terrain
|upkeep
|turn|45
|
|t:|1779596377
|move|p2a: Toxapex|Baneful Bunker|p2a: Toxapex
|-singleturn|p2a: Toxapex|move: Protect
|move|p1a: 3rd one to die|Pyro Ball|p2a: Toxapex
|-activate|p2a: Toxapex|move: Protect
|
|-damage|p1a: 3rd one to die|49/100 tox|[from] psn
|upkeep
|turn|46
|
|t:|1779596384
|move|p1a: 3rd one to die|Pyro Ball|p2a: Toxapex
|-resisted|p2a: Toxapex
|-damage|p2a: Toxapex|66/100
|move|p2a: Toxapex|Recover|p2a: Toxapex
|-heal|p2a: Toxapex|100/100
|
|-damage|p1a: 3rd one to die|24/100 tox|[from] psn
|-end|p1a: 3rd one to die|Encore
|upkeep
|turn|47
|
|t:|1779596393
|move|p2a: Toxapex|Baneful Bunker|p2a: Toxapex
|-singleturn|p2a: Toxapex|move: Protect
|move|p1a: 3rd one to die|Court Change|p1a: 3rd one to die
|-swapsideconditions
|-activate|p1a: 3rd one to die|move: Court Change
|
|-damage|p1a: 3rd one to die|0 fnt|[from] psn
|faint|p1a: 3rd one to die
|
|win|not thatone pls
|raw|creepuhawman's rating: 1186 &rarr; <strong>1157</strong><br />(-29 for losing)
|raw|not thatone pls's rating: 1135 &rarr; <strong>1164</strong><br />(+29 for winning)
|l|☆creepuhawman
|player|p1|
