|j|☆etherproselyte
|j|☆Rubicouss
|t:|1779689257
|gametype|singles
|player|p1|etherproselyte|miku-water|1421
|player|p2|Rubicouss|gambler|1373
|gen|9
|tier|[Gen 9] OU
|rated|
|rule|HP Percentage Mod: HP is shown in percentages
|rule|Endless Battle Clause: Forcing endless battles is banned
|rule|Species Clause: Limit one of each Pokémon
|rule|OHKO Clause: OHKO moves are banned
|rule|Evasion Items Clause: Evasion items are banned
|rule|Evasion Moves Clause: Evasion moves are banned
|rule|Evasion Abilities Clause: Evasion abilities are banned
|rule|Sleep Moves Clause: Sleep-inducing moves are banned
|clearpoke
|poke|p1|Ribombee, M|
|poke|p1|Glimmora, M|
|poke|p1|Landorus-Therian, M|
|poke|p1|Iron Moth|
|poke|p1|Greninja-*, M|
|poke|p1|Gholdengo|
|poke|p2|Beartic, F|
|poke|p2|Abomasnow, F|
|poke|p2|Slowking-Galar, L99, M|
|poke|p2|Dondozo, M|
|poke|p2|Chandelure, F|
|poke|p2|Eiscue, M|
|teampreview
|inactive|Battle timer is ON: inactive players will automatically lose when time's up. (requested by etherproselyte)
|
|t:|1779689267
|teamsize|p1|6
|teamsize|p2|6
|start
|switch|p1a: steam driven girl|Iron Moth|100/100
|switch|p2a: Abomasnow|Abomasnow, F|100/100
|-weather|Snowscape|[from] ability: Snow Warning|[of] p2a: Abomasnow
|-enditem|p1a: steam driven girl|Booster Energy
|-activate|p1a: steam driven girl|ability: Quark Drive|[fromitem]
|-start|p1a: steam driven girl|quarkdrivespa
|turn|1
|
|t:|1779689275
|-terastallize|p2a: Abomasnow|Water
|move|p1a: steam driven girl|Fiery Dance|p2a: Abomasnow
|-resisted|p2a: Abomasnow
|-damage|p2a: Abomasnow|82/100
|-boost|p1a: steam driven girl|spa|1
|move|p2a: Abomasnow|Aurora Veil|p2a: Abomasnow
|-sidestart|p2: Rubicouss|move: Aurora Veil
|
|-weather|Snowscape|[upkeep]
|upkeep
|turn|2
|
|t:|1779689290
|switch|p2a: Slowking|Slowking-Galar, L99, M|100/100
|move|p1a: steam driven girl|Energy Ball|p2a: Slowking
|-resisted|p2a: Slowking
|-damage|p2a: Slowking|92/100
|
|-weather|Snowscape|[upkeep]
|upkeep
|turn|3
|
|t:|1779689300
|move|p1a: steam driven girl|Fiery Dance|p2a: Slowking
|-damage|p2a: Slowking|67/100
|move|p2a: Slowking|Future Sight|p1a: steam driven girl
|-start|p2a: Slowking|move: Future Sight
|
|-weather|Snowscape|[upkeep]
|upkeep
|turn|4
|
|t:|1779689306
|move|p1a: steam driven girl|Fiery Dance|p2a: Slowking
|-damage|p2a: Slowking|40/100
|-prepare|p2a: Slowking|Chilly Reception|[premajor]
|move|p2a: Slowking|Chilly Reception|p2a: Slowking
|
|t:|1779689316
|switch|p2a: Beartic|Beartic, F|100/100|[from] Chilly Reception
|
|-weather|Snowscape|[upkeep]
|upkeep
|turn|5
|
|t:|1779689323
|move|p2a: Beartic|Earthquake|p1a: steam driven girl
|-supereffective|p1a: steam driven girl
|-damage|p1a: steam driven girl|0 fnt
|faint|p1a: steam driven girl
|-end|p1a: steam driven girl|Quark Drive|[silent]
|-damage|p2a: Beartic|91/100|[from] item: Life Orb
|
|-weather|none
|-hint|Future Sight did not hit because the target is fainted.
|upkeep
|
|t:|1779689332
|switch|p1a: aphelion point|Glimmora, M|100/100
|turn|6
|
|t:|1779689340
|move|p1a: aphelion point|Stealth Rock|p2a: Beartic
|-sidestart|p2: Rubicouss|move: Stealth Rock
|move|p2a: Beartic|Earthquake|p1a: aphelion point
|-supereffective|p1a: aphelion point
|-enditem|p1a: aphelion point|Focus Sash
|-damage|p1a: aphelion point|1/100
|-activate|p1a: aphelion point|ability: Toxic Debris
|-sidestart|p2: Rubicouss|move: Toxic Spikes
|-damage|p2a: Beartic|81/100|[from] item: Life Orb
|
|upkeep
|turn|7
|
|t:|1779689350
|switch|p2a: Slowking|Slowking-Galar, L99, M|74/100
|-damage|p2a: Slowking|62/100|[from] Stealth Rock
|-sideend|p2: Rubicouss|move: Toxic Spikes|[of] p2a: Slowking
|move|p1a: aphelion point|Power Gem|p2a: Slowking
|-damage|p2a: Slowking|50/100
|
|upkeep
|turn|8
|
|t:|1779689366
|move|p1a: aphelion point|Power Gem|p2a: Slowking
|-damage|p2a: Slowking|38/100
|move|p2a: Slowking|Future Sight|p1a: aphelion point
|-start|p2a: Slowking|move: Future Sight
|
|-sideend|p2: Rubicouss|move: Aurora Veil
|upkeep
|turn|9
|
|t:|1779689378
|switch|p1a: magnolia city|Landorus-Therian, M, shiny|100/100
|-ability|p1a: magnolia city|Intimidate|boost
|-unboost|p2a: Slowking|atk|1
|-prepare|p2a: Slowking|Chilly Reception|[premajor]
|move|p2a: Slowking|Chilly Reception|p2a: Slowking
|-weather|Snowscape
|
|t:|1779689386
|switch|p2a: Abomasnow|Abomasnow, F, tera:Water|82/100|[from] Chilly Reception
|-damage|p2a: Abomasnow|69/100|[from] Stealth Rock
|
|-weather|Snowscape|[upkeep]
|upkeep
|turn|10
|
|t:|1779689390
|move|p1a: magnolia city|Earthquake|p2a: Abomasnow
|-damage|p2a: Abomasnow|0 fnt
|faint|p2a: Abomasnow
|
|-weather|Snowscape|[upkeep]
|-end|p1a: magnolia city|move: Future Sight
|-damage|p1a: magnolia city|44/100
|upkeep
|
|t:|1779689398
|switch|p2a: Eiscue|Eiscue, M|100/100
|-damage|p2a: Eiscue|76/100|[from] Stealth Rock
|turn|11
|
|t:|1779689407
|move|p1a: magnolia city|Earthquake|p2a: Eiscue
|-activate|p2a: Eiscue|ability: Ice Face
|-damage|p2a: Eiscue|76/100
|detailschange|p2a: Eiscue|Eiscue-Noice, M
|move|p2a: Eiscue|Substitute|p2a: Eiscue
|-start|p2a: Eiscue|Substitute
|-damage|p2a: Eiscue|51/100
|
|-weather|Snowscape|[upkeep]
|upkeep
|turn|12
|
|t:|1779689424
|move|p2a: Eiscue|Belly Drum|p2a: Eiscue
|-damage|p2a: Eiscue|1/100
|-setboost|p2a: Eiscue|atk|6|[from] move: Belly Drum
|-enditem|p2a: Eiscue|Salac Berry|[eat]
|-boost|p2a: Eiscue|spe|1|[from] item: Salac Berry
|move|p1a: magnolia city|Earthquake|p2a: Eiscue
|-end|p2a: Eiscue|Substitute
|
|-weather|Snowscape|[upkeep]
|upkeep
|turn|13
|
|t:|1779689438
|move|p2a: Eiscue|Liquidation|p1a: magnolia city
|-supereffective|p1a: magnolia city
|-damage|p1a: magnolia city|0 fnt
|faint|p1a: magnolia city
|
|-weather|Snowscape|[upkeep]
|upkeep
|
|t:|1779689443
|switch|p1a: alpine blue|Greninja, M|100/100
|turn|14
|
|t:|1779689451
|move|p2a: Eiscue|Icicle Crash|p1a: alpine blue
|-resisted|p1a: alpine blue
|-damage|p1a: alpine blue|3/100
|move|p1a: alpine blue|Liquidation|p2a: Eiscue
|-damage|p2a: Eiscue|0 fnt
|faint|p2a: Eiscue
|-ability|p1a: alpine blue|Battle Bond|boost
|-boost|p1a: alpine blue|atk|1
|-boost|p1a: alpine blue|spa|1
|-boost|p1a: alpine blue|spe|1
|-activate|p1a: alpine blue|ability: Battle Bond
|
|-weather|Snowscape|[upkeep]
|upkeep
|
|t:|1779689462
|switch|p2a: Dondozo|Dondozo, M|100/100
|-damage|p2a: Dondozo|88/100|[from] Stealth Rock
|turn|15
|
|t:|1779689468
|move|p1a: alpine blue|Gunk Shot|p2a: Dondozo
|-damage|p2a: Dondozo|69/100
|-status|p2a: Dondozo|psn
|move|p2a: Dondozo|Liquidation|p1a: alpine blue
|-resisted|p1a: alpine blue
|-damage|p1a: alpine blue|0 fnt
|faint|p1a: alpine blue
|
|-weather|Snowscape|[upkeep]
|-damage|p2a: Dondozo|57/100 psn|[from] psn
|upkeep
|
|t:|1779689470
|switch|p1a: lilac slumber|Ribombee, M, shiny|100/100
|turn|16
|
|t:|1779689483
|switch|p2a: Slowking|Slowking-Galar, L99, M|72/100
|-damage|p2a: Slowking|59/100|[from] Stealth Rock
|move|p1a: lilac slumber|Sticky Web|p2a: Slowking
|-sidestart|p2: Rubicouss|move: Sticky Web
|
|-weather|none
|upkeep
|turn|17
|
|t:|1779689494
|move|p1a: lilac slumber|Skill Swap|p2a: Slowking
|-activate|p1a: lilac slumber|Skill Swap|Regenerator|Shield Dust|[of] p2a: Slowking
|move|p2a: Slowking|Future Sight|p1a: lilac slumber
|-start|p2a: Slowking|move: Future Sight
|
|upkeep
|turn|18
|
|t:|1779689504
|move|p1a: lilac slumber|Moonblast|p2a: Slowking
|-resisted|p2a: Slowking
|-damage|p2a: Slowking|47/100
|-prepare|p2a: Slowking|Chilly Reception|[premajor]
|move|p2a: Slowking|Chilly Reception|p2a: Slowking
|-weather|Snowscape
|
|t:|1779689513
|switch|p2a: Chandelure|Chandelure, F|100/100|[from] Chilly Reception
|-damage|p2a: Chandelure|76/100|[from] Stealth Rock
|-activate|p2a: Chandelure|move: Sticky Web
|-unboost|p2a: Chandelure|spe|1
|
|-weather|Snowscape|[upkeep]
|upkeep
|turn|19
|
|t:|1779689522
|move|p1a: lilac slumber|Moonblast|p2a: Chandelure
|-resisted|p2a: Chandelure
|-damage|p2a: Chandelure|46/100
|move|p2a: Chandelure|Flamethrower|p1a: lilac slumber
|-supereffective|p1a: lilac slumber
|-enditem|p1a: lilac slumber|Focus Sash
|-damage|p1a: lilac slumber|1/100
|-status|p1a: lilac slumber|brn
|
|-weather|Snowscape|[upkeep]
|-end|p1a: lilac slumber|move: Future Sight
|-damage|p1a: lilac slumber|0 fnt
|faint|p1a: lilac slumber
|upkeep
|
|t:|1779689530
|switch|p1a: dear ghost|Gholdengo, shiny|100/100
|turn|20
|
|t:|1779689541
|move|p1a: dear ghost|Shadow Ball|p2a: Chandelure
|-supereffective|p2a: Chandelure
|-damage|p2a: Chandelure|0 fnt
|faint|p2a: Chandelure
|
|-weather|Snowscape|[upkeep]
|upkeep
|
|t:|1779689547
|switch|p2a: Beartic|Beartic, F|81/100
|-damage|p2a: Beartic|56/100|[from] Stealth Rock
|-activate|p2a: Beartic|move: Sticky Web
|-unboost|p2a: Beartic|spe|1
|turn|21
|
|t:|1779689567
|move|p1a: dear ghost|Focus Blast|p2a: Beartic|[miss]
|-miss|p1a: dear ghost|p2a: Beartic
|move|p2a: Beartic|Earthquake|p1a: dear ghost
|-supereffective|p1a: dear ghost
|-enditem|p1a: dear ghost|Shuca Berry|[eat]
|-enditem|p1a: dear ghost|Shuca Berry|[weaken]
|-damage|p1a: dear ghost|51/100
|-damage|p2a: Beartic|47/100|[from] item: Life Orb
|
|-weather|Snowscape|[upkeep]
|upkeep
|turn|22
|
|t:|1779689574
|move|p1a: dear ghost|Shadow Ball|p2a: Beartic
|-damage|p2a: Beartic|0 fnt
|faint|p2a: Beartic
|
|-weather|Snowscape|[upkeep]
|upkeep
|
|t:|1779689586
|switch|p2a: Dondozo|Dondozo, M|57/100 psn
|-damage|p2a: Dondozo|44/100 psn|[from] Stealth Rock
|-activate|p2a: Dondozo|move: Sticky Web
|-unboost|p2a: Dondozo|spe|1
|turn|23
|
|t:|1779689591
|move|p1a: dear ghost|Shadow Ball|p2a: Dondozo
|-damage|p2a: Dondozo|16/100 psn
|move|p2a: Dondozo|Rest|p2a: Dondozo
|-status|p2a: Dondozo|slp|[from] move: Rest
|-heal|p2a: Dondozo|100/100 slp|[silent]
|-enditem|p2a: Dondozo|Chesto Berry|[eat]
|-curestatus|p2a: Dondozo|slp|[msg]
|
|-weather|Snowscape|[upkeep]
|upkeep
|turn|24
|
|t:|1779689599
|move|p1a: dear ghost|Shadow Ball|p2a: Dondozo
|-damage|p2a: Dondozo|73/100
|-unboost|p2a: Dondozo|spd|1
|move|p2a: Dondozo|Liquidation|p1a: dear ghost
|-damage|p1a: dear ghost|15/100
|
|-weather|Snowscape|[upkeep]
|upkeep
|turn|25
|
|t:|1779689609
|move|p1a: dear ghost|Shadow Ball|p2a: Dondozo
|-damage|p2a: Dondozo|31/100
|move|p2a: Dondozo|Liquidation|p1a: dear ghost
|-damage|p1a: dear ghost|0 fnt
|faint|p1a: dear ghost
|
|-weather|none
|upkeep
|
|t:|1779689612
|switch|p1a: aphelion point|Glimmora, M|1/100
|turn|26
|
|t:|1779689620
|move|p1a: aphelion point|Power Gem|p2a: Dondozo
|-crit|p2a: Dondozo
|-damage|p2a: Dondozo|0 fnt
|faint|p2a: Dondozo
|
|upkeep
|
|t:|1779689625
|switch|p2a: Slowking|Slowking-Galar, L99, M|47/100
|-damage|p2a: Slowking|35/100|[from] Stealth Rock
|-activate|p2a: Slowking|move: Sticky Web
|-unboost|p2a: Slowking|spe|1
|turn|27
|
|t:|1779689633
|-terastallize|p1a: aphelion point|Ghost
|move|p1a: aphelion point|Power Gem|p2a: Slowking
|-damage|p2a: Slowking|9/100
|move|p2a: Slowking|Sludge Bomb|p1a: aphelion point
|-resisted|p1a: aphelion point
|-damage|p1a: aphelion point|0 fnt
|faint|p1a: aphelion point
|
|win|Rubicouss
|raw|etherproselyte's rating: 1421 &rarr; <strong>1398</strong><br />(-23 for losing)
|raw|Rubicouss's rating: 1373 &rarr; <strong>1396</strong><br />(+23 for winning)
|l|☆etherproselyte
|player|p1|
|l|☆Rubicouss
|player|p2|
