|j|☆ulost2agirl
|j|☆h3rxh
|t:|1779700335
|gametype|singles
|player|p1|ulost2agirl|beauty-gen3|1221
|player|p2|h3rxh|plasmagrunt-gen5bw|1210
|gen|9
|tier|[Gen 9] OU
|rated|
|rule|HP Percentage Mod: HP is shown in percentages
|rule|Endless Battle Clause: Forcing endless battles is banned
|rule|Species Clause: Limit one of each Pokémon
|rule|OHKO Clause: OHKO moves are banned
|rule|Evasion Items Clause: Evasion items are banned
|rule|Evasion Moves Clause: Evasion moves are banned
|rule|Evasion Abilities Clause: Evasion abilities are banned
|rule|Sleep Moves Clause: Sleep-inducing moves are banned
|clearpoke
|poke|p1|Hoopa-Unbound|
|poke|p1|Rillaboom, F|
|poke|p1|Heatran, M|
|poke|p1|Great Tusk|
|poke|p1|Raging Bolt|
|poke|p1|Keldeo-Resolute|
|poke|p2|Dragonite, F|
|poke|p2|Samurott-Hisui, F|
|poke|p2|Gholdengo|
|poke|p2|Pecharunt|
|poke|p2|Walking Wake|
|poke|p2|Ting-Lu|
|teampreview
|inactive|Battle timer is ON: inactive players will automatically lose when time's up. (requested by h3rxh)
|
|t:|1779700357
|teamsize|p1|6
|teamsize|p2|6
|start
|switch|p1a: Rillaboom|Rillaboom, F|100/100
|switch|p2a: Pecharunt|Pecharunt|100/100
|-fieldstart|move: Grassy Terrain|[from] ability: Grassy Surge|[of] p1a: Rillaboom
|turn|1
|
|t:|1779700366
|switch|p1a: Heatran|Heatran, M|100/100
|move|p2a: Pecharunt|Nasty Plot|p2a: Pecharunt
|-boost|p2a: Pecharunt|spa|2
|
|upkeep
|turn|2
|
|t:|1779700374
|move|p2a: Pecharunt|Shadow Ball|p1a: Heatran
|-damage|p1a: Heatran|61/100
|move|p1a: Heatran|Magma Storm|p2a: Pecharunt|[miss]
|-miss|p1a: Heatran|p2a: Pecharunt
|
|-heal|p1a: Heatran|67/100|[from] Grassy Terrain
|-heal|p1a: Heatran|73/100|[from] item: Leftovers
|upkeep
|turn|3
|
|t:|1779700382
|move|p2a: Pecharunt|Shadow Ball|p1a: Heatran
|-damage|p1a: Heatran|32/100
|move|p1a: Heatran|Magma Storm|p2a: Pecharunt
|-damage|p2a: Pecharunt|59/100
|-activate|p2a: Pecharunt|move: Magma Storm|[of] p1a: Heatran
|
|-heal|p2a: Pecharunt|65/100|[from] Grassy Terrain
|-heal|p1a: Heatran|38/100|[from] Grassy Terrain
|-heal|p1a: Heatran|44/100|[from] item: Leftovers
|-damage|p2a: Pecharunt|53/100|[from] move: Magma Storm|[partiallytrapped]
|upkeep
|turn|4
|
|t:|1779700392
|move|p1a: Heatran|Protect|p1a: Heatran
|-singleturn|p1a: Heatran|Protect
|move|p2a: Pecharunt|Shadow Ball|p1a: Heatran
|-activate|p1a: Heatran|move: Protect
|
|-heal|p2a: Pecharunt|59/100|[from] Grassy Terrain
|-heal|p1a: Heatran|50/100|[from] Grassy Terrain
|-heal|p1a: Heatran|57/100|[from] item: Leftovers
|-damage|p2a: Pecharunt|47/100|[from] move: Magma Storm|[partiallytrapped]
|upkeep
|turn|5
|
|t:|1779700401
|move|p2a: Pecharunt|Recover|p2a: Pecharunt
|-heal|p2a: Pecharunt|97/100
|move|p1a: Heatran|Flash Cannon|p2a: Pecharunt
|-damage|p2a: Pecharunt|61/100
|
|-heal|p2a: Pecharunt|67/100|[from] Grassy Terrain
|-heal|p1a: Heatran|63/100|[from] Grassy Terrain
|-heal|p1a: Heatran|69/100|[from] item: Leftovers
|-damage|p2a: Pecharunt|55/100|[from] move: Magma Storm|[partiallytrapped]
|-fieldend|move: Grassy Terrain
|upkeep
|turn|6
|
|t:|1779700410
|move|p2a: Pecharunt|Shadow Ball|p1a: Heatran
|-damage|p1a: Heatran|24/100
|move|p1a: Heatran|Flash Cannon|p2a: Pecharunt
|-damage|p2a: Pecharunt|19/100
|
|-heal|p1a: Heatran|30/100|[from] item: Leftovers
|-damage|p2a: Pecharunt|7/100|[from] move: Magma Storm|[partiallytrapped]
|upkeep
|turn|7
|
|t:|1779700418
|move|p2a: Pecharunt|Recover|p2a: Pecharunt
|-heal|p2a: Pecharunt|57/100
|move|p1a: Heatran|Flash Cannon|p2a: Pecharunt
|-damage|p2a: Pecharunt|22/100
|-unboost|p2a: Pecharunt|spd|1
|
|-heal|p1a: Heatran|36/100|[from] item: Leftovers
|-end|p2a: Pecharunt|Magma Storm|[partiallytrapped]
|upkeep
|turn|8
|
|t:|1779700426
|move|p2a: Pecharunt|Shadow Ball|p1a: Heatran
|-damage|p1a: Heatran|0 fnt
|faint|p1a: Heatran
|
|upkeep
|
|t:|1779700433
|switch|p1a: Keldeo|Keldeo-Resolute|100/100
|turn|9
|
|t:|1779700441
|switch|p2a: Samurott|Samurott-Hisui, F|100/100
|move|p1a: Keldeo|Surf|p2a: Samurott
|-resisted|p2a: Samurott
|-damage|p2a: Samurott|85/100
|
|upkeep
|turn|10
|
|t:|1779700448
|move|p1a: Keldeo|Secret Sword|p2a: Samurott
|-supereffective|p2a: Samurott
|-damage|p2a: Samurott|0 fnt
|faint|p2a: Samurott
|
|upkeep
|
|t:|1779700452
|switch|p2a: Gholdengo|Gholdengo|100/100
|turn|11
|
|t:|1779700456
|move|p2a: Gholdengo|Shadow Ball|p1a: Keldeo
|-crit|p1a: Keldeo
|-damage|p1a: Keldeo|26/100
|move|p1a: Keldeo|Flip Turn|p2a: Gholdengo
|-damage|p2a: Gholdengo|84/100
|
|t:|1779700464
|switch|p1a: Rillaboom|Rillaboom, F|100/100|[from] Flip Turn
|-fieldstart|move: Grassy Terrain|[from] ability: Grassy Surge|[of] p1a: Rillaboom
|
|-heal|p2a: Gholdengo|90/100|[from] Grassy Terrain
|upkeep
|turn|12
|
|t:|1779700469
|move|p2a: Gholdengo|Shadow Ball|p1a: Rillaboom
|-damage|p1a: Rillaboom|77/100
|move|p1a: Rillaboom|Knock Off|p2a: Gholdengo
|-supereffective|p2a: Gholdengo
|-damage|p2a: Gholdengo|23/100
|-enditem|p2a: Gholdengo|Choice Scarf|[from] move: Knock Off|[of] p1a: Rillaboom
|
|-heal|p2a: Gholdengo|29/100|[from] Grassy Terrain
|-heal|p1a: Rillaboom|83/100|[from] Grassy Terrain
|upkeep
|turn|13
|
|t:|1779700478
|move|p2a: Gholdengo|Recover|p2a: Gholdengo
|-heal|p2a: Gholdengo|80/100
|move|p1a: Rillaboom|U-turn|p2a: Gholdengo
|-resisted|p2a: Gholdengo
|-damage|p2a: Gholdengo|74/100
|
|t:|1779700487
|switch|p1a: Hoopa|Hoopa-Unbound|100/100|[from] U-turn
|-enditem|p1a: Hoopa|Grassy Seed
|-boost|p1a: Hoopa|def|1|[from] item: Grassy Seed
|
|-heal|p2a: Gholdengo|80/100|[from] Grassy Terrain
|upkeep
|turn|14
|
|t:|1779700494
|switch|p2a: Ting-Lu|Ting-Lu|100/100
|-ability|p2a: Ting-Lu|Vessel of Ruin
|move|p1a: Hoopa|Calm Mind|p1a: Hoopa
|-boost|p1a: Hoopa|spa|1
|-boost|p1a: Hoopa|spd|1
|
|upkeep
|turn|15
|
|t:|1779700502
|move|p1a: Hoopa|Focus Blast|p2a: Ting-Lu
|-supereffective|p2a: Ting-Lu
|-damage|p2a: Ting-Lu|34/100
|-item|p1a: Hoopa|Leftovers|[from] ability: Magician|[of] p2a: Ting-Lu
|move|p2a: Ting-Lu|Whirlwind|p1a: Hoopa
|drag|p1a: Rillaboom|Rillaboom, F|83/100
|
|-heal|p1a: Rillaboom|90/100|[from] Grassy Terrain
|-heal|p2a: Ting-Lu|40/100|[from] Grassy Terrain
|-fieldend|move: Grassy Terrain
|upkeep
|turn|16
|
|t:|1779700512
|move|p1a: Rillaboom|U-turn|p2a: Ting-Lu
|-supereffective|p2a: Ting-Lu
|-damage|p2a: Ting-Lu|20/100
|
|t:|1779700517
|switch|p1a: Hoopa|Hoopa-Unbound|100/100|[from] U-turn
|move|p2a: Ting-Lu|Stealth Rock|p1a: Hoopa
|-sidestart|p1: ulost2agirl|move: Stealth Rock
|
|upkeep
|turn|17
|
|t:|1779700523
|move|p1a: Hoopa|Focus Blast|p2a: Ting-Lu|[miss]
|-miss|p1a: Hoopa|p2a: Ting-Lu
|move|p2a: Ting-Lu|Ruination|p1a: Hoopa
|-damage|p1a: Hoopa|50/100
|
|-heal|p1a: Hoopa|57/100|[from] item: Leftovers
|upkeep
|turn|18
|
|t:|1779700530
|move|p1a: Hoopa|Focus Blast|p2a: Ting-Lu
|-supereffective|p2a: Ting-Lu
|-damage|p2a: Ting-Lu|0 fnt
|faint|p2a: Ting-Lu
|
|-heal|p1a: Hoopa|63/100|[from] item: Leftovers
|upkeep
|
|t:|1779700535
|switch|p2a: Walking Wake|Walking Wake|100/100
|turn|19
|
|t:|1779700544
|move|p2a: Walking Wake|Knock Off|p1a: Hoopa
|-damage|p1a: Hoopa|36/100
|-enditem|p1a: Hoopa|Leftovers|[from] move: Knock Off|[of] p2a: Walking Wake
|move|p1a: Hoopa|Dark Pulse|p2a: Walking Wake
|-damage|p2a: Walking Wake|42/100
|-item|p1a: Hoopa|Heavy-Duty Boots|[from] ability: Magician|[of] p2a: Walking Wake
|
|upkeep
|turn|20
|
|t:|1779700555
|switch|p1a: Raging Bolt|Raging Bolt|100/100
|-damage|p1a: Raging Bolt|88/100|[from] Stealth Rock
|move|p2a: Walking Wake|Draco Meteor|p1a: Raging Bolt|[miss]
|-miss|p2a: Walking Wake|p1a: Raging Bolt
|
|upkeep
|turn|21
|
|t:|1779700562
|move|p2a: Walking Wake|Draco Meteor|p1a: Raging Bolt
|-supereffective|p1a: Raging Bolt
|-damage|p1a: Raging Bolt|0 fnt
|-unboost|p2a: Walking Wake|spa|2
|faint|p1a: Raging Bolt
|-end|p1a: Raging Bolt|Protosynthesis|[silent]
|
|upkeep
|c|☆h3rxh|Are u fr
|c|☆ulost2agirl|xaxaxaxa
|
|t:|1779700578
|switch|p1a: Great Tusk|Great Tusk|100/100
|turn|22
|
|t:|1779700584
|move|p2a: Walking Wake|Flip Turn|p1a: Great Tusk
|-supereffective|p1a: Great Tusk
|-damage|p1a: Great Tusk|76/100
|
|t:|1779700587
|-end|p2a: Walking Wake|Protosynthesis|[silent]
|switch|p2a: Pecharunt|Pecharunt|22/100|[from] Flip Turn
|move|p1a: Great Tusk|Headlong Rush|p2a: Pecharunt
|-supereffective|p2a: Pecharunt
|-crit|p2a: Pecharunt
|-damage|p2a: Pecharunt|0 fnt
|-unboost|p1a: Great Tusk|def|1
|-unboost|p1a: Great Tusk|spd|1
|faint|p2a: Pecharunt
|
|upkeep
|
|t:|1779700590
|switch|p2a: Walking Wake|Walking Wake|42/100
|turn|23
|
|t:|1779700600
|-end|p1a: Great Tusk|Protosynthesis|[silent]
|switch|p1a: Keldeo|Keldeo-Resolute|26/100
|move|p2a: Walking Wake|Hydro Steam|p1a: Keldeo
|-resisted|p1a: Keldeo
|-damage|p1a: Keldeo|3/100
|
|upkeep
|turn|24
|
|t:|1779700609
|move|p2a: Walking Wake|Flip Turn|p1a: Keldeo
|-resisted|p1a: Keldeo
|-damage|p1a: Keldeo|0 fnt
|faint|p1a: Keldeo
|
|t:|1779700613
|-end|p2a: Walking Wake|Protosynthesis|[silent]
|switch|p2a: Dragonite|Dragonite, F|100/100|[from] Flip Turn
|
|upkeep
|
|t:|1779700618
|switch|p1a: Great Tusk|Great Tusk|76/100
|turn|25
|
|t:|1779700622
|move|p1a: Great Tusk|Rapid Spin|p2a: Dragonite
|-damage|p2a: Dragonite|92/100
|-boost|p1a: Great Tusk|spe|1
|-sideend|p1: ulost2agirl|Stealth Rock|[from] move: Rapid Spin|[of] p1a: Great Tusk
|move|p2a: Dragonite|Dragon Tail|p1a: Great Tusk
|-damage|p1a: Great Tusk|52/100
|-end|p1a: Great Tusk|Protosynthesis|[silent]
|drag|p1a: Rillaboom|Rillaboom, F|90/100
|-fieldstart|move: Grassy Terrain|[from] ability: Grassy Surge|[of] p1a: Rillaboom
|
|-heal|p1a: Rillaboom|96/100|[from] Grassy Terrain
|upkeep
|turn|26
|
|t:|1779700633
|move|p1a: Rillaboom|U-turn|p2a: Dragonite
|-resisted|p2a: Dragonite
|-damage|p2a: Dragonite|84/100
|
|t:|1779700638
|switch|p1a: Great Tusk|Great Tusk|52/100|[from] U-turn
|move|p2a: Dragonite|Dragon Tail|p1a: Great Tusk
|-damage|p1a: Great Tusk|25/100
|-end|p1a: Great Tusk|Protosynthesis|[silent]
|drag|p1a: Hoopa|Hoopa-Unbound|36/100
|
|-heal|p1a: Hoopa|42/100|[from] Grassy Terrain
|upkeep
|turn|27
|
|t:|1779700649
|move|p1a: Hoopa|Psychic Noise|p2a: Dragonite
|-damage|p2a: Dragonite|40/100
|-start|p2a: Dragonite|move: Heal Block
|move|p2a: Dragonite|Low Kick|p1a: Hoopa
|-damage|p1a: Hoopa|0 fnt
|faint|p1a: Hoopa
|
|upkeep
|
|t:|1779700657
|switch|p1a: Great Tusk|Great Tusk|25/100
|turn|28
|
|t:|1779700661
|switch|p2a: Gholdengo|Gholdengo|80/100
|move|p1a: Great Tusk|Ice Spinner|p2a: Gholdengo
|-resisted|p2a: Gholdengo
|-damage|p2a: Gholdengo|65/100
|-fieldend|move: Grassy Terrain
|
|upkeep
|turn|29
|
|t:|1779700665
|move|p1a: Great Tusk|Ice Spinner|p2a: Gholdengo
|-resisted|p2a: Gholdengo
|-damage|p2a: Gholdengo|49/100
|move|p2a: Gholdengo|Shadow Ball|p1a: Great Tusk
|-damage|p1a: Great Tusk|0 fnt
|faint|p1a: Great Tusk
|-end|p1a: Great Tusk|Protosynthesis|[silent]
|
|upkeep
|
|t:|1779700668
|switch|p1a: Rillaboom|Rillaboom, F|96/100
|-fieldstart|move: Grassy Terrain|[from] ability: Grassy Surge|[of] p1a: Rillaboom
|turn|30
|
|t:|1779700676
|move|p2a: Gholdengo|Recover|p2a: Gholdengo
|-heal|p2a: Gholdengo|99/100
|move|p1a: Rillaboom|Knock Off|p2a: Gholdengo
|-supereffective|p2a: Gholdengo
|-damage|p2a: Gholdengo|56/100
|
|-heal|p2a: Gholdengo|62/100|[from] Grassy Terrain
|-heal|p1a: Rillaboom|100/100|[from] Grassy Terrain
|upkeep
|turn|31
|-message|ulost2agirl forfeited.
|
|win|h3rxh
|raw|ulost2agirl's rating: 1221 &rarr; <strong>1195</strong><br />(-26 for losing)
|raw|h3rxh's rating: 1210 &rarr; <strong>1236</strong><br />(+26 for winning)
|l|☆ulost2agirl
|player|p1|
|c|☆h3rxh|ggs
