|j|☆SlNGULARlTY
|j|☆t0usei
|t:|1779716937
|gametype|singles
|player|p1|SlNGULARlTY|koga|1502
|player|p2|t0usei|ghetsis|1532
|gen|9
|tier|[Gen 9] OU
|rated|
|rule|HP Percentage Mod: HP is shown in percentages
|rule|Endless Battle Clause: Forcing endless battles is banned
|rule|Species Clause: Limit one of each Pokémon
|rule|OHKO Clause: OHKO moves are banned
|rule|Evasion Items Clause: Evasion items are banned
|rule|Evasion Moves Clause: Evasion moves are banned
|rule|Evasion Abilities Clause: Evasion abilities are banned
|rule|Sleep Moves Clause: Sleep-inducing moves are banned
|clearpoke
|poke|p1|Ogerpon-Wellspring, F|
|poke|p1|Moltres|
|poke|p1|Gholdengo|
|poke|p1|Garganacl, M|
|poke|p1|Hatterene, F|
|poke|p1|Heatran, F|
|poke|p2|Zamazenta-*|
|poke|p2|Dragonite, M|
|poke|p2|Samurott-Hisui, M|
|poke|p2|Iron Treads|
|poke|p2|Pelipper, F|
|poke|p2|Basculegion-F, F|
|teampreview
|inactive|Battle timer is ON: inactive players will automatically lose when time's up. (requested by t0usei)
|inactive|SlNGULARlTY also wants the timer to be on.
|
|t:|1779716952
|teamsize|p1|6
|teamsize|p2|6
|start
|switch|p1a: Hatterene|Hatterene, F|100/100
|switch|p2a: Pelipper|Pelipper, F|100/100
|-weather|RainDance|[from] ability: Drizzle|[of] p2a: Pelipper
|turn|1
|
|t:|1779716958
|move|p2a: Pelipper|Weather Ball|p1a: Hatterene
|-damage|p1a: Hatterene|10/100
|move|p1a: Hatterene|Calm Mind|p1a: Hatterene
|-boost|p1a: Hatterene|spa|1
|-boost|p1a: Hatterene|spd|1
|
|-weather|RainDance|[upkeep]
|upkeep
|turn|2
|
|t:|1779716961
|switch|p1a: Ogerpon|Ogerpon-Wellspring, F|100/100
|move|p2a: Pelipper|Weather Ball|p1a: Ogerpon
|-immune|p1a: Ogerpon|[from] ability: Water Absorb
|
|-weather|RainDance|[upkeep]
|upkeep
|turn|3
|
|t:|1779716973
|switch|p2a: Dragonite|Dragonite, M|100/100
|move|p1a: Ogerpon|Ivy Cudgel|p2a: Dragonite|[anim] Ivy Cudgel Water
|-resisted|p2a: Dragonite
|-damage|p2a: Dragonite|78/100
|
|-weather|RainDance|[upkeep]
|upkeep
|turn|4
|
|t:|1779716979
|switch|p1a: Moltres|Moltres|100/100
|move|p2a: Dragonite|Extreme Speed|p1a: Moltres
|-damage|p1a: Moltres|80/100
|
|-weather|RainDance|[upkeep]
|upkeep
|turn|5
|
|t:|1779716991
|switch|p2a: Basculegion|Basculegion-F, F|100/100
|move|p1a: Moltres|Will-O-Wisp|p2a: Basculegion|[miss]
|-miss|p1a: Moltres|p2a: Basculegion
|
|-weather|none
|upkeep
|turn|6
|
|t:|1779716994
|switch|p1a: Ogerpon|Ogerpon-Wellspring, F|100/100
|move|p2a: Basculegion|Surf|p1a: Ogerpon
|-immune|p1a: Ogerpon|[from] ability: Water Absorb
|
|upkeep
|turn|7
|
|t:|1779717002
|switch|p2a: Pelipper|Pelipper, F|100/100
|-weather|RainDance|[from] ability: Drizzle|[of] p2a: Pelipper
|move|p1a: Ogerpon|Ivy Cudgel|p2a: Pelipper|[anim] Ivy Cudgel Water
|-resisted|p2a: Pelipper
|-damage|p2a: Pelipper|54/100
|
|-weather|RainDance|[upkeep]
|upkeep
|turn|8
|
|t:|1779717005
|switch|p1a: Garganacl|Garganacl, M|100/100
|move|p2a: Pelipper|Hurricane|p1a: Garganacl
|-resisted|p1a: Garganacl
|-damage|p1a: Garganacl|78/100
|-start|p1a: Garganacl|confusion
|
|-weather|RainDance|[upkeep]
|-heal|p1a: Garganacl|84/100|[from] item: Leftovers
|upkeep
|turn|9
|
|t:|1779717008
|switch|p2a: Basculegion|Basculegion-F, F|100/100
|-activate|p1a: Garganacl|confusion
|move|p1a: Garganacl|Salt Cure|p2a: Basculegion
|-damage|p2a: Basculegion|84/100
|-start|p2a: Basculegion|Salt Cure
|
|-weather|RainDance|[upkeep]
|-heal|p1a: Garganacl|91/100|[from] item: Leftovers
|-damage|p2a: Basculegion|59/100|[from] Salt Cure
|upkeep
|turn|10
|
|t:|1779717012
|switch|p1a: Hatterene|Hatterene, F|10/100
|move|p2a: Basculegion|Shadow Ball|p1a: Hatterene
|-supereffective|p1a: Hatterene
|-crit|p1a: Hatterene
|-damage|p1a: Hatterene|0 fnt
|faint|p1a: Hatterene
|
|-weather|RainDance|[upkeep]
|-damage|p2a: Basculegion|34/100|[from] Salt Cure
|upkeep
|
|t:|1779717017
|switch|p1a: Garganacl|Garganacl, M|91/100
|turn|11
|
|t:|1779717021
|switch|p2a: Samurott|Samurott-Hisui, M|100/100
|move|p1a: Garganacl|Salt Cure|p2a: Samurott
|-damage|p2a: Samurott|86/100
|-start|p2a: Samurott|Salt Cure
|
|-weather|none
|-heal|p1a: Garganacl|97/100|[from] item: Leftovers
|-damage|p2a: Samurott|61/100|[from] Salt Cure
|upkeep
|turn|12
|
|t:|1779717024
|move|p2a: Samurott|Ceaseless Edge|p1a: Garganacl
|-damage|p1a: Garganacl|68/100
|-sidestart|p1: SlNGULARlTY|Spikes
|move|p1a: Garganacl|Stealth Rock|p2a: Samurott
|-sidestart|p2: t0usei|move: Stealth Rock
|
|-heal|p1a: Garganacl|74/100|[from] item: Leftovers
|-damage|p2a: Samurott|36/100|[from] Salt Cure
|upkeep
|turn|13
|
|t:|1779717027
|move|p2a: Samurott|Ceaseless Edge|p1a: Garganacl
|-damage|p1a: Garganacl|46/100
|-sidestart|p1: SlNGULARlTY|Spikes
|move|p1a: Garganacl|Recover|p1a: Garganacl
|-heal|p1a: Garganacl|96/100
|
|-heal|p1a: Garganacl|100/100|[from] item: Leftovers
|-damage|p2a: Samurott|11/100|[from] Salt Cure
|upkeep
|turn|14
|
|t:|1779717029
|move|p2a: Samurott|Ceaseless Edge|p1a: Garganacl
|-damage|p1a: Garganacl|70/100
|-sidestart|p1: SlNGULARlTY|Spikes
|move|p1a: Garganacl|Recover|p1a: Garganacl
|-heal|p1a: Garganacl|100/100
|
|-damage|p2a: Samurott|0 fnt|[from] Salt Cure
|faint|p2a: Samurott
|upkeep
|
|t:|1779717032
|switch|p2a: Iron Treads|Iron Treads|100/100
|-damage|p2a: Iron Treads|97/100|[from] Stealth Rock
|turn|15
|
|t:|1779717037
|move|p2a: Iron Treads|Stealth Rock|p1a: Garganacl
|-sidestart|p1: SlNGULARlTY|move: Stealth Rock
|move|p1a: Garganacl|Salt Cure|p2a: Iron Treads
|-resisted|p2a: Iron Treads
|-damage|p2a: Iron Treads|95/100
|-start|p2a: Iron Treads|Salt Cure
|
|-heal|p2a: Iron Treads|100/100|[from] item: Leftovers
|-damage|p2a: Iron Treads|75/100|[from] Salt Cure
|upkeep
|turn|16
|
|t:|1779717038
|switch|p1a: Gholdengo|Gholdengo|100/100
|-damage|p1a: Gholdengo|94/100|[from] Stealth Rock
|-item|p1a: Gholdengo|Air Balloon
|move|p2a: Iron Treads|Earthquake|p1a: Gholdengo
|-immune|p1a: Gholdengo
|
|-heal|p2a: Iron Treads|82/100|[from] item: Leftovers
|-damage|p2a: Iron Treads|57/100|[from] Salt Cure
|upkeep
|turn|17
|
|t:|1779717041
|move|p2a: Iron Treads|Knock Off|p1a: Gholdengo
|-supereffective|p1a: Gholdengo
|-damage|p1a: Gholdengo|42/100
|-enditem|p1a: Gholdengo|Air Balloon
|move|p1a: Gholdengo|Shadow Ball|p2a: Iron Treads
|-damage|p2a: Iron Treads|11/100
|-unboost|p2a: Iron Treads|spd|1
|
|-heal|p2a: Iron Treads|18/100|[from] item: Leftovers
|-damage|p2a: Iron Treads|0 fnt|[from] Salt Cure
|faint|p2a: Iron Treads
|-end|p2a: Iron Treads|Quark Drive|[silent]
|upkeep
|
|t:|1779717063
|switch|p2a: Dragonite|Dragonite, M|78/100
|turn|18
|
|t:|1779717066
|move|p1a: Gholdengo|Make It Rain|p2a: Dragonite
|-damage|p2a: Dragonite|13/100
|-unboost|p1a: Gholdengo|spa|1
|move|p2a: Dragonite|Dragon Dance|p2a: Dragonite
|-boost|p2a: Dragonite|atk|1
|-boost|p2a: Dragonite|spe|1
|
|upkeep
|turn|19
|
|t:|1779717070
|move|p2a: Dragonite|Earthquake|p1a: Gholdengo
|-supereffective|p1a: Gholdengo
|-damage|p1a: Gholdengo|0 fnt
|faint|p1a: Gholdengo
|
|upkeep
|
|t:|1779717073
|switch|p1a: Moltres|Moltres|80/100
|turn|20
|
|t:|1779717081
|switch|p2a: Pelipper|Pelipper, F|54/100
|-damage|p2a: Pelipper|29/100|[from] Stealth Rock
|-weather|RainDance|[from] ability: Drizzle|[of] p2a: Pelipper
|move|p1a: Moltres|Will-O-Wisp|p2a: Pelipper
|-status|p2a: Pelipper|brn
|
|-weather|RainDance|[upkeep]
|-damage|p2a: Pelipper|23/100 brn|[from] brn
|upkeep
|turn|21
|inactive|t0usei has 120 seconds left.
|
|t:|1779717116
|switch|p1a: Heatran|Heatran, F|100/100
|-damage|p1a: Heatran|76/100|[from] Spikes
|-damage|p1a: Heatran|63/100|[from] Stealth Rock
|move|p2a: Pelipper|Weather Ball|p1a: Heatran
|-supereffective|p1a: Heatran
|-damage|p1a: Heatran|0 fnt
|faint|p1a: Heatran
|
|-weather|RainDance|[upkeep]
|-damage|p2a: Pelipper|17/100 brn|[from] brn
|upkeep
|
|t:|1779717125
|switch|p1a: Ogerpon|Ogerpon-Wellspring, F|100/100
|-damage|p1a: Ogerpon|76/100|[from] Spikes
|-damage|p1a: Ogerpon|63/100|[from] Stealth Rock
|turn|22
|
|t:|1779717129
|move|p1a: Ogerpon|Synthesis|p1a: Ogerpon
|-heal|p1a: Ogerpon|88/100
|move|p2a: Pelipper|Weather Ball|p1a: Ogerpon
|-heal|p1a: Ogerpon|100/100|[from] ability: Water Absorb|[of] p2a: Pelipper
|
|-weather|RainDance|[upkeep]
|-damage|p2a: Pelipper|11/100 brn|[from] brn
|upkeep
|turn|23
|
|t:|1779717132
|switch|p2a: Dragonite|Dragonite, M|13/100
|move|p1a: Ogerpon|Swords Dance|p1a: Ogerpon
|-boost|p1a: Ogerpon|atk|2
|
|-weather|RainDance|[upkeep]
|upkeep
|turn|24
|
|t:|1779717137
|move|p2a: Dragonite|Extreme Speed|p1a: Ogerpon
|-damage|p1a: Ogerpon|56/100
|move|p1a: Ogerpon|Trailblaze|p2a: Dragonite
|-resisted|p2a: Dragonite
|-damage|p2a: Dragonite|0 fnt
|-boost|p1a: Ogerpon|spe|1
|faint|p2a: Dragonite
|
|-weather|none
|upkeep
|
|t:|1779717146
|switch|p2a: Zamazenta|Zamazenta|100/100
|-damage|p2a: Zamazenta|94/100|[from] Stealth Rock
|-ability|p2a: Zamazenta|Dauntless Shield|boost
|-boost|p2a: Zamazenta|def|1
|turn|25
|
|t:|1779717149
|move|p1a: Ogerpon|Ivy Cudgel|p2a: Zamazenta|[anim] Ivy Cudgel Water
|-damage|p2a: Zamazenta|34/100
|move|p2a: Zamazenta|Iron Defense|p2a: Zamazenta
|-boost|p2a: Zamazenta|def|2
|
|-heal|p2a: Zamazenta|40/100|[from] item: Leftovers
|upkeep
|turn|26
|
|t:|1779717154
|move|p1a: Ogerpon|Ivy Cudgel|p2a: Zamazenta|[anim] Ivy Cudgel Water
|-crit|p2a: Zamazenta
|-damage|p2a: Zamazenta|0 fnt
|faint|p2a: Zamazenta
|
|upkeep
|-message|t0usei forfeited.
|
|win|SlNGULARlTY
|raw|SlNGULARlTY's rating: 1502 &rarr; <strong>1524</strong><br />(+22 for winning)
|raw|t0usei's rating: 1532 &rarr; <strong>1510</strong><br />(-22 for losing)
|l|☆t0usei
|player|p2|
|l|☆SlNGULARlTY
|player|p1|
