|inactive|Battle timer is ON: inactive players will automatically lose when time's up.
|t:|1779654117
|gametype|singles
|player|p1|ONLY PLAYING FADED|#omclihearttakers|
|player|p2|Zachary Jettle|lucas|
|gen|9
|tier|[Gen 9] OU
|rule|HP Percentage Mod: HP is shown in percentages
|rule|Endless Battle Clause: Forcing endless battles is banned
|rule|Species Clause: Limit one of each Pokémon
|rule|OHKO Clause: OHKO moves are banned
|rule|Evasion Items Clause: Evasion items are banned
|rule|Evasion Moves Clause: Evasion moves are banned
|rule|Evasion Abilities Clause: Evasion abilities are banned
|rule|Sleep Moves Clause: Sleep-inducing moves are banned
|clearpoke
|poke|p1|Dragonite, M|
|poke|p1|Great Tusk|
|poke|p1|Gholdengo|
|poke|p1|Glimmora, M|
|poke|p1|Iron Valiant|
|poke|p1|Samurott-Hisui, M|
|poke|p2|Gliscor, M|
|poke|p2|Slowking-Galar, M|
|poke|p2|Kyurem|
|poke|p2|Dragonite, M|
|poke|p2|Great Tusk|
|poke|p2|Gholdengo|
|teampreview
|c|☆Zachary Jettle|/log Zachary Jettle made the replay of this battle unlisted.
|c|☆Zachary Jettle|hf
|c|☆ONLY PLAYING FADED|hf
|inactive|ONLY PLAYING FADED has 270 seconds left.
|inactive|Zachary Jettle has 270 seconds left.
|inactive|ONLY PLAYING FADED has 240 seconds left.
|inactive|ONLY PLAYING FADED has 210 seconds left.
|
|t:|1779654216
|teamsize|p1|6
|teamsize|p2|6
|start
|switch|p1a: Gholdengo|Gholdengo|100/100
|switch|p2a: Kyurem|Kyurem|100/100
|-ability|p2a: Kyurem|Pressure
|-item|p1a: Gholdengo|Air Balloon
|turn|1
|inactive|ONLY PLAYING FADED has 270 seconds left.
|inactive|Zachary Jettle has 270 seconds left.
|
|t:|1779654252
|switch|p2a: Gliscor|Gliscor, M|100/100
|move|p1a: Gholdengo|Make It Rain|p2a: Gliscor
|-damage|p2a: Gliscor|45/100
|-unboost|p1a: Gholdengo|spa|1
|
|-status|p2a: Gliscor|tox|[from] item: Toxic Orb
|upkeep
|turn|2
|inactive|ONLY PLAYING FADED has 240 seconds left.
|
|t:|1779654287
|move|p1a: Gholdengo|Nasty Plot|p1a: Gholdengo
|-boost|p1a: Gholdengo|spa|2
|move|p2a: Gliscor|Knock Off|p1a: Gholdengo
|-supereffective|p1a: Gholdengo
|-crit|p1a: Gholdengo
|-damage|p1a: Gholdengo|30/100
|-enditem|p1a: Gholdengo|Air Balloon
|
|-heal|p2a: Gliscor|57/100 tox|[from] ability: Poison Heal
|upkeep
|turn|3
|inactive|ONLY PLAYING FADED has 240 seconds left.
|
|t:|1779654299
|move|p2a: Gliscor|Protect|p2a: Gliscor
|-singleturn|p2a: Gliscor|Protect
|move|p1a: Gholdengo|Make It Rain|p2a: Gliscor
|-activate|p2a: Gliscor|move: Protect
|
|-heal|p2a: Gliscor|70/100 tox|[from] ability: Poison Heal
|upkeep
|turn|4
|
|t:|1779654305
|move|p1a: Gholdengo|Make It Rain|p2a: Gliscor
|-damage|p2a: Gliscor|0 fnt
|-unboost|p1a: Gholdengo|spa|1
|faint|p2a: Gliscor
|
|upkeep
|
|t:|1779654307
|switch|p2a: Kyurem|Kyurem|100/100
|-ability|p2a: Kyurem|Pressure
|turn|5
|
|t:|1779654318
|switch|p1a: Samurott|Samurott-Hisui, M|100/100
|move|p2a: Kyurem|Ice Beam|p1a: Samurott
|-resisted|p1a: Samurott
|-damage|p1a: Samurott|73/100
|
|upkeep
|turn|6
|inactive|ONLY PLAYING FADED has 240 seconds left.
|
|t:|1779654339
|switch|p2a: Great Tusk|Great Tusk|100/100
|move|p1a: Samurott|Flip Turn|p2a: Great Tusk
|-supereffective|p2a: Great Tusk
|-damage|p2a: Great Tusk|65/100
|inactive|ONLY PLAYING FADED has 240 seconds left.
|
|t:|1779654345
|switch|p1a: Great Tusk|Great Tusk|100/100|[from] Flip Turn
|-enditem|p1a: Great Tusk|Booster Energy
|-activate|p1a: Great Tusk|ability: Protosynthesis|[fromitem]
|-start|p1a: Great Tusk|protosynthesisspe
|
|upkeep
|turn|7
|
|t:|1779654351
|-end|p2a: Great Tusk|Protosynthesis|[silent]
|switch|p2a: Dragonite|Dragonite, M|100/100
|move|p1a: Great Tusk|Bulk Up|p1a: Great Tusk
|-boost|p1a: Great Tusk|atk|1
|-boost|p1a: Great Tusk|def|1
|
|upkeep
|turn|8
|
|t:|1779654355
|move|p1a: Great Tusk|Head Smash|p2a: Dragonite
|-supereffective|p2a: Dragonite
|-damage|p2a: Dragonite|46/100
|-damage|p1a: Great Tusk|76/100|[from] Recoil
|move|p2a: Dragonite|Dragon Tail|p1a: Great Tusk
|-damage|p1a: Great Tusk|62/100
|-end|p1a: Great Tusk|Protosynthesis|[silent]
|drag|p1a: Samurott|Samurott-Hisui, M|73/100
|
|upkeep
|turn|9
|
|t:|1779654360
|switch|p2a: Great Tusk|Great Tusk|65/100
|move|p1a: Samurott|Ceaseless Edge|p2a: Great Tusk
|-resisted|p2a: Great Tusk
|-damage|p2a: Great Tusk|49/100
|-sidestart|p2: Zachary Jettle|Spikes
|
|upkeep
|turn|10
|
|t:|1779654367
|switch|p1a: Gholdengo|Gholdengo|30/100
|move|p2a: Great Tusk|Stealth Rock|p1a: Gholdengo
|-sidestart|p1: ONLY PLAYING FADED|move: Stealth Rock
|
|upkeep
|turn|11
|
|t:|1779654370
|move|p2a: Great Tusk|Headlong Rush|p1a: Gholdengo
|-supereffective|p1a: Gholdengo
|-damage|p1a: Gholdengo|0 fnt
|-unboost|p2a: Great Tusk|def|1
|-unboost|p2a: Great Tusk|spd|1
|faint|p1a: Gholdengo
|
|upkeep
|
|t:|1779654378
|switch|p1a: Great Tusk|Great Tusk|62/100
|-damage|p1a: Great Tusk|59/100|[from] Stealth Rock
|turn|12
|
|t:|1779654380
|move|p1a: Great Tusk|Headlong Rush|p2a: Great Tusk
|-damage|p2a: Great Tusk|0 fnt
|-unboost|p1a: Great Tusk|def|1
|-unboost|p1a: Great Tusk|spd|1
|faint|p2a: Great Tusk
|-end|p2a: Great Tusk|Protosynthesis|[silent]
|
|upkeep
|
|t:|1779654383
|switch|p2a: Kyurem|Kyurem|100/100
|-damage|p2a: Kyurem|88/100|[from] Spikes
|-ability|p2a: Kyurem|Pressure
|turn|13
|
|t:|1779654388
|move|p2a: Kyurem|Freeze-Dry|p1a: Great Tusk
|-supereffective|p1a: Great Tusk
|-damage|p1a: Great Tusk|0 fnt
|faint|p1a: Great Tusk
|-end|p1a: Great Tusk|Protosynthesis|[silent]
|
|upkeep
|
|t:|1779654394
|switch|p1a: Glimmora|Glimmora, M|100/100
|-damage|p1a: Glimmora|88/100|[from] Stealth Rock
|turn|14
|
|t:|1779654399
|switch|p2a: Gholdengo|Gholdengo|100/100
|-damage|p2a: Gholdengo|88/100|[from] Spikes
|move|p1a: Glimmora|Stealth Rock|p2a: Gholdengo
|-sidestart|p2: Zachary Jettle|move: Stealth Rock
|
|upkeep
|turn|15
|
|t:|1779654403
|move|p2a: Gholdengo|Make It Rain|p1a: Glimmora
|-supereffective|p1a: Glimmora
|-damage|p1a: Glimmora|0 fnt
|-unboost|p2a: Gholdengo|spa|1
|faint|p1a: Glimmora
|
|upkeep
|inactive|ONLY PLAYING FADED has 270 seconds left.
|inactive|ONLY PLAYING FADED has 240 seconds left.
|inactive|ONLY PLAYING FADED has 210 seconds left.
|
|t:|1779654518
|switch|p1a: Samurott|Samurott-Hisui, M|73/100
|-damage|p1a: Samurott|61/100|[from] Stealth Rock
|turn|16
|inactive|ONLY PLAYING FADED has 180 seconds left.
|
|t:|1779654554
|switch|p2a: Kyurem|Kyurem|88/100
|-damage|p2a: Kyurem|76/100|[from] Spikes
|-damage|p2a: Kyurem|51/100|[from] Stealth Rock
|-ability|p2a: Kyurem|Pressure
|move|p1a: Samurott|Knock Off|p2a: Kyurem
|-damage|p2a: Kyurem|7/100
|-enditem|p2a: Kyurem|Choice Specs|[from] move: Knock Off|[of] p1a: Samurott
|
|upkeep
|turn|17
|
|t:|1779654565
|switch|p2a: Dragonite|Dragonite, M|46/100
|move|p1a: Samurott|Ceaseless Edge|p2a: Dragonite
|-damage|p2a: Dragonite|11/100
|-sidestart|p2: Zachary Jettle|Spikes
|
|upkeep
|turn|18
|
|t:|1779654577
|move|p2a: Dragonite|Extreme Speed|p1a: Samurott
|-damage|p1a: Samurott|32/100
|move|p1a: Samurott|Knock Off|p2a: Dragonite
|-damage|p2a: Dragonite|0 fnt
|-enditem|p2a: Dragonite|Heavy-Duty Boots|[from] move: Knock Off|[of] p1a: Samurott
|faint|p2a: Dragonite
|
|upkeep
|
|t:|1779654586
|switch|p2a: Gholdengo|Gholdengo|88/100
|-damage|p2a: Gholdengo|72/100|[from] Spikes
|-damage|p2a: Gholdengo|66/100|[from] Stealth Rock
|turn|19
|
|t:|1779654589
|move|p2a: Gholdengo|Make It Rain|p1a: Samurott
|-resisted|p1a: Samurott
|-damage|p1a: Samurott|7/100
|-unboost|p2a: Gholdengo|spa|1
|move|p1a: Samurott|Knock Off|p2a: Gholdengo
|-supereffective|p2a: Gholdengo
|-damage|p2a: Gholdengo|0 fnt
|-enditem|p2a: Gholdengo|Choice Scarf|[from] move: Knock Off|[of] p1a: Samurott
|faint|p2a: Gholdengo
|
|upkeep
|
|t:|1779654593
|switch|p2a: Slowking|Slowking-Galar, M|100/100
|turn|20
|
|t:|1779654596
|-terastallize|p2a: Slowking|Water
|move|p1a: Samurott|Knock Off|p2a: Slowking
|-damage|p2a: Slowking|58/100
|-enditem|p2a: Slowking|Heavy-Duty Boots|[from] move: Knock Off|[of] p1a: Samurott
|move|p2a: Slowking|Sludge Bomb|p1a: Samurott
|-damage|p1a: Samurott|0 fnt
|faint|p1a: Samurott
|
|upkeep
|
|t:|1779654599
|switch|p1a: Dragonite|Dragonite, M|100/100
|turn|21
|
|t:|1779654604
|-terastallize|p1a: Dragonite|Normal
|move|p1a: Dragonite|Extreme Speed|p2a: Slowking
|-damage|p2a: Slowking|13/100
|move|p2a: Slowking|Thunder Wave|p1a: Dragonite
|-status|p1a: Dragonite|par
|
|upkeep
|turn|22
|
|t:|1779654608
|move|p1a: Dragonite|Extreme Speed|p2a: Slowking
|-damage|p2a: Slowking|0 fnt
|faint|p2a: Slowking
|
|upkeep
|
|t:|1779654610
|switch|p2a: Kyurem|Kyurem|7/100
|-damage|p2a: Kyurem|0 fnt|[from] Spikes
|faint|p2a: Kyurem
|
|win|ONLY PLAYING FADED
|c|☆Zachary Jettle|gg
|c|☆ONLY PLAYING FADED|gg
|player|p2|
|c|@calaaa!!!|zachary jettle can you relist replay
|player|p2|Zachary Jettle|lucas|
|c|☆Zachary Jettle|ye
|player|p2|
|c|@calaaa!!!|ty
