|j|☆blah0blah1blah2
|j|☆A$AP PUCK
|t:|1779720445
|gametype|singles
|player|p1|blah0blah1blah2|1|1490
|player|p2|A$AP PUCK|grimsley|1532
|gen|9
|tier|[Gen 9] OU
|rated|
|rule|HP Percentage Mod: HP is shown in percentages
|rule|Endless Battle Clause: Forcing endless battles is banned
|rule|Species Clause: Limit one of each Pokémon
|rule|OHKO Clause: OHKO moves are banned
|rule|Evasion Items Clause: Evasion items are banned
|rule|Evasion Moves Clause: Evasion moves are banned
|rule|Evasion Abilities Clause: Evasion abilities are banned
|rule|Sleep Moves Clause: Sleep-inducing moves are banned
|clearpoke
|poke|p1|Regidrago|
|poke|p1|Regieleki|
|poke|p1|Iron Treads|
|poke|p1|Primarina, F|
|poke|p1|Dragonite, F|
|poke|p1|Azelf|
|poke|p2|Tyranitar, F|
|poke|p2|Excadrill, M|
|poke|p2|Moltres|
|poke|p2|Houndstone, M|
|poke|p2|Weezing-Galar, F|
|poke|p2|Darkrai|
|teampreview
|inactive|Battle timer is ON: inactive players will automatically lose when time's up. (requested by blah0blah1blah2)
|
|t:|1779720463
|teamsize|p1|6
|teamsize|p2|6
|start
|switch|p1a: Iron Treads|Iron Treads|100/100
|switch|p2a: Darkrai|Darkrai|100/100
|turn|1
|
|t:|1779720480
|move|p2a: Darkrai|Nasty Plot|p2a: Darkrai
|-boost|p2a: Darkrai|spa|2
|move|p1a: Iron Treads|Stealth Rock|p2a: Darkrai
|-sidestart|p2: A$AP PUCK|move: Stealth Rock
|
|upkeep
|turn|2
|
|t:|1779720483
|-end|p1a: Iron Treads|Quark Drive|[silent]
|switch|p1a: Primarina|Primarina, F|100/100
|move|p2a: Darkrai|Dark Pulse|p1a: Primarina
|-resisted|p1a: Primarina
|-damage|p1a: Primarina|75/100
|
|upkeep
|turn|3
|
|t:|1779720488
|move|p2a: Darkrai|Sludge Bomb|p1a: Primarina
|-supereffective|p1a: Primarina
|-damage|p1a: Primarina|10/100
|-status|p1a: Primarina|psn
|move|p1a: Primarina|Moonblast|p2a: Darkrai
|-supereffective|p2a: Darkrai
|-damage|p2a: Darkrai|0 fnt
|faint|p2a: Darkrai
|
|-damage|p1a: Primarina|0 fnt|[from] psn
|faint|p1a: Primarina
|upkeep
|
|t:|1779720503
|switch|p2a: Tyranitar|Tyranitar, F|100/100
|switch|p1a: Azelf|Azelf|100/100
|-weather|Sandstorm|[from] ability: Sand Stream|[of] p2a: Tyranitar
|turn|4
|
|t:|1779720508
|switch|p2a: Moltres|Moltres|100/100
|move|p1a: Azelf|U-turn|p2a: Moltres
|-resisted|p2a: Moltres
|-damage|p2a: Moltres|98/100
|
|t:|1779720521
|switch|p1a: Regidrago|Regidrago|100/100|[from] U-turn
|
|-weather|Sandstorm|[upkeep]
|-damage|p1a: Regidrago|94/100|[from] Sandstorm
|-damage|p2a: Moltres|92/100|[from] Sandstorm
|upkeep
|turn|5
|
|t:|1779720525
|switch|p2a: Weezing|Weezing-Galar, F|100/100
|-damage|p2a: Weezing|88/100|[from] Stealth Rock
|-terastallize|p1a: Regidrago|Dragon
|move|p1a: Regidrago|Dragon Energy|p2a: Weezing
|-immune|p2a: Weezing
|
|-weather|Sandstorm|[upkeep]
|-damage|p1a: Regidrago|88/100|[from] Sandstorm
|-damage|p2a: Weezing|82/100|[from] Sandstorm
|-heal|p2a: Weezing|88/100|[from] item: Black Sludge
|upkeep
|turn|6
|
|t:|1779720531
|switch|p1a: Azelf|Azelf|100/100
|move|p2a: Weezing|Toxic|p1a: Azelf
|-status|p1a: Azelf|tox
|
|-weather|Sandstorm|[upkeep]
|-damage|p1a: Azelf|95/100 tox|[from] Sandstorm
|-damage|p2a: Weezing|82/100|[from] Sandstorm
|-heal|p2a: Weezing|88/100|[from] item: Black Sludge
|-damage|p1a: Azelf|89/100 tox|[from] psn
|upkeep
|turn|7
|
|t:|1779720541
|switch|p2a: Houndstone|Houndstone, M|100/100
|-damage|p2a: Houndstone|88/100|[from] Stealth Rock
|move|p1a: Azelf|Trick|p2a: Houndstone
|-activate|p1a: Azelf|move: Trick|[of] p2a: Houndstone
|-item|p2a: Houndstone|Ring Target|[from] move: Trick
|-item|p1a: Azelf|Choice Band|[from] move: Trick
|
|-weather|Sandstorm|[upkeep]
|-damage|p1a: Azelf|83/100 tox|[from] Sandstorm
|-damage|p1a: Azelf|71/100 tox|[from] psn
|upkeep
|turn|8
|
|t:|1779720546
|move|p2a: Houndstone|Shadow Sneak|p1a: Azelf
|-supereffective|p1a: Azelf
|-damage|p1a: Azelf|9/100 tox
|move|p1a: Azelf|Psychic|p2a: Houndstone
|-damage|p2a: Houndstone|33/100
|
|-weather|none
|-damage|p1a: Azelf|0 fnt|[from] psn
|faint|p1a: Azelf
|upkeep
|
|t:|1779720559
|switch|p1a: Dragonite|Dragonite, F|100/100
|turn|9
|
|t:|1779720565
|move|p1a: Dragonite|Dragon Dance|p1a: Dragonite
|-boost|p1a: Dragonite|atk|1
|-boost|p1a: Dragonite|spe|1
|move|p2a: Houndstone|Trick|p1a: Dragonite
|-activate|p2a: Houndstone|move: Trick|[of] p1a: Dragonite
|-item|p1a: Dragonite|Ring Target|[from] move: Trick
|-item|p2a: Houndstone|Heavy-Duty Boots|[from] move: Trick
|
|upkeep
|turn|10
|
|t:|1779720581
|switch|p2a: Weezing|Weezing-Galar, F|88/100
|-damage|p2a: Weezing|76/100|[from] Stealth Rock
|move|p1a: Dragonite|Dragon Dance|p1a: Dragonite
|-boost|p1a: Dragonite|atk|1
|-boost|p1a: Dragonite|spe|1
|
|-heal|p2a: Weezing|82/100|[from] item: Black Sludge
|upkeep
|turn|11
|
|t:|1779720591
|move|p1a: Dragonite|Extreme Speed|p2a: Weezing
|-damage|p2a: Weezing|40/100
|move|p2a: Weezing|Toxic|p1a: Dragonite
|-status|p1a: Dragonite|tox
|
|-heal|p2a: Weezing|46/100|[from] item: Black Sludge
|-damage|p1a: Dragonite|94/100 tox|[from] psn
|upkeep
|turn|12
|
|t:|1779720599
|move|p1a: Dragonite|Extreme Speed|p2a: Weezing
|-damage|p2a: Weezing|4/100
|move|p2a: Weezing|Pain Split|p1a: Dragonite
|-sethp|p1a: Dragonite|49/100 tox|[from] move: Pain Split|[silent]
|-sethp|p2a: Weezing|48/100|[from] move: Pain Split
|
|-heal|p2a: Weezing|54/100|[from] item: Black Sludge
|-damage|p1a: Dragonite|37/100 tox|[from] psn
|upkeep
|turn|13
|
|t:|1779720610
|move|p1a: Dragonite|Roost|p1a: Dragonite
|-heal|p1a: Dragonite|87/100 tox
|-singleturn|p1a: Dragonite|move: Roost
|move|p2a: Weezing|Defog|p1a: Dragonite
|-unboost|p1a: Dragonite|evasion|1
|-sideend|p2: A$AP PUCK|Stealth Rock|[from] move: Defog|[of] p2a: Weezing
|
|-heal|p2a: Weezing|60/100|[from] item: Black Sludge
|-damage|p1a: Dragonite|68/100 tox|[from] psn
|upkeep
|turn|14
|
|t:|1779720630
|move|p1a: Dragonite|Extreme Speed|p2a: Weezing
|-damage|p2a: Weezing|17/100
|move|p2a: Weezing|Pain Split|p1a: Dragonite
|-sethp|p1a: Dragonite|43/100 tox|[from] move: Pain Split|[silent]
|-sethp|p2a: Weezing|42/100|[from] move: Pain Split
|
|-heal|p2a: Weezing|48/100|[from] item: Black Sludge
|-damage|p1a: Dragonite|18/100 tox|[from] psn
|upkeep
|turn|15
|
|t:|1779720648
|switch|p2a: Houndstone|Houndstone, M|33/100
|move|p1a: Dragonite|Roost|p1a: Dragonite
|-heal|p1a: Dragonite|68/100 tox
|-singleturn|p1a: Dragonite|move: Roost
|
|-damage|p1a: Dragonite|37/100 tox|[from] psn
|upkeep
|turn|16
|
|t:|1779720656
|switch|p2a: Weezing|Weezing-Galar, F|48/100
|move|p1a: Dragonite|Roost|p1a: Dragonite
|-heal|p1a: Dragonite|87/100 tox
|-singleturn|p1a: Dragonite|move: Roost
|
|-heal|p2a: Weezing|53/100|[from] item: Black Sludge
|-damage|p1a: Dragonite|50/100 tox|[from] psn
|upkeep
|turn|17
|
|t:|1779720674
|move|p1a: Dragonite|Dragon Dance|p1a: Dragonite
|-boost|p1a: Dragonite|atk|1
|-boost|p1a: Dragonite|spe|1
|move|p2a: Weezing|Pain Split|p1a: Dragonite
|-sethp|p1a: Dragonite|53/100 tox|[from] move: Pain Split|[silent]
|-sethp|p2a: Weezing|51/100|[from] move: Pain Split
|
|-heal|p2a: Weezing|57/100|[from] item: Black Sludge
|-damage|p1a: Dragonite|9/100 tox|[from] psn
|upkeep
|turn|18
|
|t:|1779720684
|switch|p2a: Houndstone|Houndstone, M|33/100
|move|p1a: Dragonite|Roost|p1a: Dragonite
|-heal|p1a: Dragonite|59/100 tox
|-singleturn|p1a: Dragonite|move: Roost
|
|-damage|p1a: Dragonite|10/100 tox|[from] psn
|upkeep
|turn|19
|
|t:|1779720689
|move|p1a: Dragonite|Extreme Speed|p2a: Houndstone
|-immune|p2a: Houndstone
|move|p2a: Houndstone|Shadow Sneak|p1a: Dragonite
|-damage|p1a: Dragonite|0 fnt
|faint|p1a: Dragonite
|
|upkeep
|
|t:|1779720700
|switch|p1a: Iron Treads|Iron Treads|100/100
|turn|20
|
|t:|1779720705
|switch|p2a: Moltres|Moltres|92/100
|move|p1a: Iron Treads|Knock Off|p2a: Moltres
|-damage|p2a: Moltres|75/100
|-status|p1a: Iron Treads|brn|[from] ability: Flame Body|[of] p2a: Moltres
|-enditem|p2a: Moltres|Heavy-Duty Boots|[from] move: Knock Off|[of] p1a: Iron Treads
|
|-damage|p1a: Iron Treads|94/100 brn|[from] brn
|upkeep
|turn|21
|
|t:|1779720708
|move|p1a: Iron Treads|Stealth Rock|p2a: Moltres
|-sidestart|p2: A$AP PUCK|move: Stealth Rock
|move|p2a: Moltres|Flamethrower|p1a: Iron Treads
|-supereffective|p1a: Iron Treads
|-damage|p1a: Iron Treads|0 fnt
|faint|p1a: Iron Treads
|-end|p1a: Iron Treads|Quark Drive|[silent]
|
|upkeep
|
|t:|1779720712
|switch|p1a: Regieleki|Regieleki|100/100
|turn|22
|
|t:|1779720715
|switch|p2a: Excadrill|Excadrill, M|100/100
|-damage|p2a: Excadrill|97/100|[from] Stealth Rock
|move|p1a: Regieleki|Reflect|p1a: Regieleki
|-sidestart|p1: blah0blah1blah2|Reflect
|
|upkeep
|turn|23
|
|t:|1779720719
|switch|p1a: Regidrago|Regidrago, tera:Dragon|88/100
|move|p2a: Excadrill|Rapid Spin|p1a: Regidrago
|-damage|p1a: Regidrago|74/100
|-boost|p2a: Excadrill|spe|1
|-sideend|p2: A$AP PUCK|Stealth Rock|[from] move: Rapid Spin|[of] p2a: Excadrill
|-damage|p2a: Excadrill|87/100|[from] item: Life Orb
|
|upkeep
|turn|24
|
|t:|1779720724
|switch|p2a: Weezing|Weezing-Galar, F|57/100
|move|p1a: Regidrago|Dragon Pulse|p2a: Weezing
|-immune|p2a: Weezing
|
|-heal|p2a: Weezing|63/100|[from] item: Black Sludge
|upkeep
|turn|25
|
|t:|1779720728
|switch|p1a: Regieleki|Regieleki|100/100
|move|p2a: Weezing|Toxic|p1a: Regieleki
|-status|p1a: Regieleki|tox
|
|-heal|p2a: Weezing|69/100|[from] item: Black Sludge
|-damage|p1a: Regieleki|95/100 tox|[from] psn
|upkeep
|turn|26
|-message|blah0blah1blah2 forfeited.
|
|win|A$AP PUCK
|raw|blah0blah1blah2's rating: 1490 &rarr; <strong>1472</strong><br />(-18 for losing)
|raw|A$AP PUCK's rating: 1532 &rarr; <strong>1550</strong><br />(+18 for winning)
|l|☆blah0blah1blah2
|player|p1|
|l|☆A$AP PUCK
|player|p2|
