|j|☆American Noodle
|j|☆dazhigg
|t:|1779583871
|gametype|singles
|player|p1|American Noodle|266|1266
|player|p2|dazhigg|schoolkid-gen4|1273
|gen|9
|tier|[Gen 9] OU
|rated|
|rule|HP Percentage Mod: HP is shown in percentages
|rule|Endless Battle Clause: Forcing endless battles is banned
|rule|Species Clause: Limit one of each Pokémon
|rule|OHKO Clause: OHKO moves are banned
|rule|Evasion Items Clause: Evasion items are banned
|rule|Evasion Moves Clause: Evasion moves are banned
|rule|Evasion Abilities Clause: Evasion abilities are banned
|rule|Sleep Moves Clause: Sleep-inducing moves are banned
|clearpoke
|poke|p1|Toucannon, M|
|poke|p1|Kyurem|
|poke|p1|Iron Treads|
|poke|p1|Iron Moth|
|poke|p1|Zamazenta-*|
|poke|p1|Ogerpon-Wellspring, F|
|poke|p2|Whimsicott, M|
|poke|p2|Great Tusk|
|poke|p2|Dragonite, F|
|poke|p2|Iron Moth|
|poke|p2|Ninetales, M|
|poke|p2|Walking Wake|
|teampreview
|inactive|Battle timer is ON: inactive players will automatically lose when time's up. (requested by dazhigg)
|
|t:|1779583979
|teamsize|p1|6
|teamsize|p2|6
|start
|switch|p1a: Toucannon|Toucannon, M|100/100
|switch|p2a: Ninetales|Ninetales, M|100/100
|-weather|SunnyDay|[from] ability: Drought|[of] p2a: Ninetales
|turn|1
|
|t:|1779583991
|-singleturn|p1a: Toucannon|move: Beak Blast
|move|p2a: Ninetales|Will-O-Wisp|p1a: Toucannon
|-status|p1a: Toucannon|brn
|move|p1a: Toucannon|Beak Blast|p2a: Ninetales
|-damage|p2a: Ninetales|48/100
|
|-weather|SunnyDay|[upkeep]
|-damage|p1a: Toucannon|94/100 brn|[from] brn
|upkeep
|turn|2
|
|t:|1779584015
|-singleturn|p1a: Toucannon|move: Beak Blast
|move|p2a: Ninetales|Overheat|p1a: Toucannon
|-damage|p1a: Toucannon|23/100 brn
|-unboost|p2a: Ninetales|spa|2
|move|p1a: Toucannon|Beak Blast|p2a: Ninetales
|-damage|p2a: Ninetales|0 fnt
|faint|p2a: Ninetales
|
|-weather|SunnyDay|[upkeep]
|-damage|p1a: Toucannon|16/100 brn|[from] brn
|upkeep
|
|t:|1779584029
|switch|p2a: Iron Moth|Iron Moth|100/100
|-enditem|p2a: Iron Moth|Booster Energy
|-activate|p2a: Iron Moth|ability: Quark Drive|[fromitem]
|-start|p2a: Iron Moth|quarkdrivespe
|turn|3
|
|t:|1779584036
|-singleturn|p1a: Toucannon|move: Beak Blast
|move|p2a: Iron Moth|Fiery Dance|p1a: Toucannon
|-damage|p1a: Toucannon|0 fnt
|faint|p1a: Toucannon
|
|-weather|SunnyDay|[upkeep]
|upkeep
|
|t:|1779584051
|switch|p1a: Kyurem|Kyurem|100/100
|-ability|p1a: Kyurem|Pressure
|turn|4
|
|t:|1779584063
|-terastallize|p2a: Iron Moth|Grass
|move|p2a: Iron Moth|Fiery Dance|p1a: Kyurem
|-damage|p1a: Kyurem|69/100
|-boost|p2a: Iron Moth|spa|1
|move|p1a: Kyurem|Earth Power|p2a: Iron Moth
|-resisted|p2a: Iron Moth
|-damage|p2a: Iron Moth|85/100
|
|-weather|SunnyDay|[upkeep]
|upkeep
|turn|5
|
|t:|1779584076
|move|p2a: Iron Moth|Dazzling Gleam|p1a: Kyurem
|-supereffective|p1a: Kyurem
|-crit|p1a: Kyurem
|-damage|p1a: Kyurem|1/100
|move|p1a: Kyurem|Ice Beam|p2a: Iron Moth
|-supereffective|p2a: Iron Moth
|-damage|p2a: Iron Moth|0 fnt
|faint|p2a: Iron Moth
|-end|p2a: Iron Moth|Quark Drive|[silent]
|
|-weather|SunnyDay|[upkeep]
|upkeep
|inactive|dazhigg has 120 seconds left.
|
|t:|1779584100
|switch|p2a: Great Tusk|Great Tusk|100/100
|-activate|p2a: Great Tusk|ability: Protosynthesis
|-start|p2a: Great Tusk|protosynthesisspe
|turn|6
|
|t:|1779584111
|move|p2a: Great Tusk|Rapid Spin|p1a: Kyurem
|-damage|p1a: Kyurem|0 fnt
|-boost|p2a: Great Tusk|spe|1
|faint|p1a: Kyurem
|
|-weather|SunnyDay|[upkeep]
|upkeep
|
|t:|1779584125
|switch|p1a: Iron Moth|Iron Moth|100/100
|-enditem|p1a: Iron Moth|Booster Energy
|-activate|p1a: Iron Moth|ability: Quark Drive|[fromitem]
|-start|p1a: Iron Moth|quarkdrivespe
|turn|7
|
|t:|1779584131
|-terastallize|p1a: Iron Moth|Fairy
|move|p2a: Great Tusk|Headlong Rush|p1a: Iron Moth
|-damage|p1a: Iron Moth|29/100
|-unboost|p2a: Great Tusk|def|1
|-unboost|p2a: Great Tusk|spd|1
|move|p1a: Iron Moth|Dazzling Gleam|p2a: Great Tusk
|-supereffective|p2a: Great Tusk
|-damage|p2a: Great Tusk|0 fnt
|faint|p2a: Great Tusk
|-end|p2a: Great Tusk|Protosynthesis|[silent]
|
|-weather|SunnyDay|[upkeep]
|upkeep
|
|t:|1779584145
|switch|p2a: Dragonite|Dragonite, F|100/100
|turn|8
|
|t:|1779584169
|-end|p1a: Iron Moth|Quark Drive|[silent]
|switch|p1a: Iron Treads|Iron Treads|100/100
|move|p2a: Dragonite|Extreme Speed|p1a: Iron Treads
|-resisted|p1a: Iron Treads
|-damage|p1a: Iron Treads|85/100
|
|-weather|none
|-heal|p1a: Iron Treads|91/100|[from] item: Leftovers
|upkeep
|turn|9
|
|t:|1779584182
|move|p1a: Iron Treads|Earthquake|p2a: Dragonite
|-immune|p2a: Dragonite
|move|p2a: Dragonite|Dragon Dance|p2a: Dragonite
|-boost|p2a: Dragonite|atk|1
|-boost|p2a: Dragonite|spe|1
|
|-heal|p1a: Iron Treads|98/100|[from] item: Leftovers
|upkeep
|turn|10
|
|t:|1779584199
|move|p2a: Dragonite|Earthquake|p1a: Iron Treads
|-supereffective|p1a: Iron Treads
|-damage|p1a: Iron Treads|0 fnt
|faint|p1a: Iron Treads
|-end|p1a: Iron Treads|Quark Drive|[silent]
|
|upkeep
|
|t:|1779584202
|switch|p1a: Zamazenta|Zamazenta|100/100
|-ability|p1a: Zamazenta|Dauntless Shield|boost
|-boost|p1a: Zamazenta|def|1
|turn|11
|
|t:|1779584210
|move|p2a: Dragonite|Earthquake|p1a: Zamazenta
|-damage|p1a: Zamazenta|74/100
|move|p1a: Zamazenta|Roar|p2a: Dragonite
|drag|p2a: Walking Wake|Walking Wake|100/100
|
|-heal|p1a: Zamazenta|80/100|[from] item: Leftovers
|upkeep
|turn|12
|
|t:|1779584227
|move|p1a: Zamazenta|Body Press|p2a: Walking Wake
|-damage|p2a: Walking Wake|47/100
|move|p2a: Walking Wake|Draco Meteor|p1a: Zamazenta|[miss]
|-miss|p2a: Walking Wake|p1a: Zamazenta
|
|-heal|p1a: Zamazenta|86/100|[from] item: Leftovers
|upkeep
|turn|13
|
|t:|1779584236
|-end|p2a: Walking Wake|Protosynthesis|[silent]
|switch|p2a: Whimsicott|Whimsicott, M|100/100
|move|p1a: Zamazenta|Body Press|p2a: Whimsicott
|-resisted|p2a: Whimsicott
|-crit|p2a: Whimsicott
|-damage|p2a: Whimsicott|57/100
|
|-heal|p1a: Zamazenta|92/100|[from] item: Leftovers
|upkeep
|turn|14
|
|t:|1779584245
|move|p1a: Zamazenta|Body Press|p2a: Whimsicott
|-resisted|p2a: Whimsicott
|-damage|p2a: Whimsicott|28/100
|move|p2a: Whimsicott|Growth|p2a: Whimsicott
|-boost|p2a: Whimsicott|atk|1
|-boost|p2a: Whimsicott|spa|1
|
|-heal|p1a: Zamazenta|98/100|[from] item: Leftovers
|upkeep
|turn|15
|
|t:|1779584255
|move|p1a: Zamazenta|Body Press|p2a: Whimsicott
|-resisted|p2a: Whimsicott
|-damage|p2a: Whimsicott|0 fnt
|faint|p2a: Whimsicott
|
|-heal|p1a: Zamazenta|100/100|[from] item: Leftovers
|upkeep
|
|t:|1779584263
|switch|p2a: Dragonite|Dragonite, F|100/100
|turn|16
|
|t:|1779584272
|move|p1a: Zamazenta|Iron Defense|p1a: Zamazenta
|-boost|p1a: Zamazenta|def|2
|move|p2a: Dragonite|Dragon Dance|p2a: Dragonite
|-boost|p2a: Dragonite|atk|1
|-boost|p2a: Dragonite|spe|1
|
|upkeep
|turn|17
|
|t:|1779584279
|move|p1a: Zamazenta|Iron Defense|p1a: Zamazenta
|-boost|p1a: Zamazenta|def|2
|move|p2a: Dragonite|Dragon Dance|p2a: Dragonite
|-boost|p2a: Dragonite|atk|1
|-boost|p2a: Dragonite|spe|1
|
|upkeep
|turn|18
|
|t:|1779584289
|move|p2a: Dragonite|Earthquake|p1a: Zamazenta
|-damage|p1a: Zamazenta|84/100
|move|p1a: Zamazenta|Body Press|p2a: Dragonite
|-resisted|p2a: Dragonite
|-damage|p2a: Dragonite|66/100
|
|-heal|p1a: Zamazenta|90/100|[from] item: Leftovers
|upkeep
|turn|19
|
|t:|1779584302
|move|p2a: Dragonite|Earthquake|p1a: Zamazenta
|-damage|p1a: Zamazenta|73/100
|move|p1a: Zamazenta|Crunch|p2a: Dragonite
|-damage|p2a: Dragonite|42/100
|-unboost|p2a: Dragonite|def|1
|
|-heal|p1a: Zamazenta|80/100|[from] item: Leftovers
|upkeep
|turn|20
|
|t:|1779584315
|move|p2a: Dragonite|Earthquake|p1a: Zamazenta
|-damage|p1a: Zamazenta|64/100
|move|p1a: Zamazenta|Body Press|p2a: Dragonite
|-resisted|p2a: Dragonite
|-damage|p2a: Dragonite|0 fnt
|faint|p2a: Dragonite
|
|-heal|p1a: Zamazenta|70/100|[from] item: Leftovers
|upkeep
|
|t:|1779584325
|switch|p2a: Walking Wake|Walking Wake|47/100
|turn|21
|
|t:|1779584338
|move|p1a: Zamazenta|Body Press|p2a: Walking Wake
|-damage|p2a: Walking Wake|0 fnt
|faint|p2a: Walking Wake
|-end|p2a: Walking Wake|Protosynthesis|[silent]
|
|win|American Noodle
|raw|American Noodle's rating: 1266 &rarr; <strong>1292</strong><br />(+26 for winning)
|raw|dazhigg's rating: 1273 &rarr; <strong>1247</strong><br />(-26 for losing)
|l|☆American Noodle
|player|p1|
|l|☆dazhigg
|player|p2|
