|j|‽DevotedToaster
|j|☆barrman1313
|t:|1779582088
|gametype|singles
|player|p1|DevotedToaster|2|1335
|player|p2|barrman1313|janitor|1293
|gen|9
|tier|[Gen 9] OU
|rated|
|rule|HP Percentage Mod: HP is shown in percentages
|rule|Endless Battle Clause: Forcing endless battles is banned
|rule|Species Clause: Limit one of each Pokémon
|rule|OHKO Clause: OHKO moves are banned
|rule|Evasion Items Clause: Evasion items are banned
|rule|Evasion Moves Clause: Evasion moves are banned
|rule|Evasion Abilities Clause: Evasion abilities are banned
|rule|Sleep Moves Clause: Sleep-inducing moves are banned
|clearpoke
|poke|p1|Glimmora, F|
|poke|p1|Tyranitar, F|
|poke|p1|Conkeldurr, M|
|poke|p1|Sudowoodo, L1, M|
|poke|p1|Ceruledge, F|
|poke|p1|Hippowdon, M|
|poke|p2|Hatterene, F|
|poke|p2|Pelipper, F|
|poke|p2|Hariyama, M|
|poke|p2|Cresselia, F|
|poke|p2|Ursaluna, F|
|poke|p2|Porygon2|
|teampreview
|inactive|Battle timer is ON: inactive players will automatically lose when time's up. (requested by DevotedToaster)
|
|t:|1779582110
|teamsize|p1|6
|teamsize|p2|6
|start
|switch|p1a: Sudowoodo|Sudowoodo, L1, M|100/100
|switch|p2a: Porygon2|Porygon2|100/100
|-ability|p2a: Porygon2|Download|boost
|-boost|p2a: Porygon2|spa|1
|turn|1
|
|t:|1779582119
|move|p1a: Sudowoodo|Protect|p1a: Sudowoodo
|-singleturn|p1a: Sudowoodo|Protect
|move|p2a: Porygon2|Trick Room|p2a: Porygon2
|-fieldstart|move: Trick Room|[of] p2a: Porygon2
|
|upkeep
|turn|2
|
|t:|1779582132
|switch|p2a: Pelipper|Pelipper, F|100/100
|-weather|RainDance|[from] ability: Drizzle|[of] p2a: Pelipper
|move|p1a: Sudowoodo|Endeavor|p2a: Pelipper
|-damage|p2a: Pelipper|4/100
|
|-weather|RainDance|[upkeep]
|upkeep
|turn|3
|
|t:|1779582140
|switch|p1a: Tyranitar|Tyranitar, F|100/100
|-weather|Sandstorm|[from] ability: Sand Stream|[of] p1a: Tyranitar
|move|p2a: Pelipper|Weather Ball|p1a: Tyranitar
|-damage|p1a: Tyranitar|84/100
|
|-weather|Sandstorm|[upkeep]
|-damage|p2a: Pelipper|0 fnt|[from] Sandstorm
|faint|p2a: Pelipper
|upkeep
|
|t:|1779582153
|switch|p2a: Hariyama|Hariyama, M|100/100
|turn|4
|
|t:|1779582165
|switch|p1a: Ceruledge|Ceruledge, F|100/100
|move|p2a: Hariyama|Knock Off|p1a: Ceruledge
|-supereffective|p1a: Ceruledge
|-crit|p1a: Ceruledge
|-enditem|p1a: Ceruledge|Focus Sash
|-damage|p1a: Ceruledge|1/100
|-ability|p1a: Ceruledge|Weak Armor|boost
|-unboost|p1a: Ceruledge|def|1
|-boost|p1a: Ceruledge|spe|2
|
|-weather|Sandstorm|[upkeep]
|-damage|p2a: Hariyama|94/100|[from] Sandstorm
|-damage|p1a: Ceruledge|0 fnt|[from] Sandstorm
|faint|p1a: Ceruledge
|upkeep
|
|t:|1779582187
|switch|p1a: Glimmora|Glimmora, F|100/100
|turn|5
|
|t:|1779582197
|switch|p2a: Hatterene|Hatterene, F|100/100
|move|p1a: Glimmora|Mortal Spin|p2a: Hatterene
|-supereffective|p2a: Hatterene
|-damage|p2a: Hatterene|85/100
|-status|p2a: Hatterene|psn
|
|-weather|Sandstorm|[upkeep]
|-damage|p2a: Hatterene|79/100 psn|[from] Sandstorm
|-damage|p2a: Hatterene|67/100 psn|[from] psn
|-fieldend|move: Trick Room
|upkeep
|turn|6
|
|t:|1779582206
|switch|p1a: Sudowoodo|Sudowoodo, L1, M|100/100
|move|p2a: Hatterene|Trick Room|p2a: Hatterene
|-fieldstart|move: Trick Room|[of] p2a: Hatterene
|
|-weather|Sandstorm|[upkeep]
|-damage|p2a: Hatterene|61/100 psn|[from] Sandstorm
|-damage|p2a: Hatterene|49/100 psn|[from] psn
|upkeep
|turn|7
|
|t:|1779582213
|move|p1a: Sudowoodo|Endeavor|p2a: Hatterene
|-damage|p2a: Hatterene|4/100 psn
|move|p2a: Hatterene|Psychic Noise|p1a: Sudowoodo
|-ability|p1a: Sudowoodo|Sturdy
|-damage|p1a: Sudowoodo|9/100
|-start|p1a: Sudowoodo|move: Heal Block
|
|-weather|none
|-damage|p2a: Hatterene|0 fnt|[from] psn
|faint|p2a: Hatterene
|upkeep
|
|t:|1779582236
|switch|p2a: Hariyama|Hariyama, M|94/100
|turn|8
|
|t:|1779582242
|move|p1a: Sudowoodo|Protect|p1a: Sudowoodo
|-singleturn|p1a: Sudowoodo|Protect
|move|p2a: Hariyama|Bullet Punch|p1a: Sudowoodo
|-activate|p1a: Sudowoodo|move: Protect
|
|-end|p1a: Sudowoodo|move: Heal Block
|upkeep
|turn|9
|
|t:|1779582253
|move|p1a: Sudowoodo|Endeavor|p2a: Hariyama
|-damage|p2a: Hariyama|1/100
|-enditem|p2a: Hariyama|Sitrus Berry|[eat]
|-heal|p2a: Hariyama|26/100|[from] item: Sitrus Berry
|-heal|p1a: Sudowoodo|100/100|[from] item: Shell Bell|[of] p2a: Hariyama
|move|p2a: Hariyama|Knock Off|p1a: Sudowoodo
|-ability|p1a: Sudowoodo|Sturdy
|-damage|p1a: Sudowoodo|9/100
|-enditem|p1a: Sudowoodo|Shell Bell|[from] move: Knock Off|[of] p2a: Hariyama
|
|upkeep
|turn|10
|c|☆barrman1313|Wait what
|
|t:|1779582276
|move|p2a: Hariyama|Bullet Punch|p1a: Sudowoodo
|-supereffective|p1a: Sudowoodo
|-damage|p1a: Sudowoodo|0 fnt
|faint|p1a: Sudowoodo
|
|-fieldend|move: Trick Room
|upkeep
|
|t:|1779582281
|switch|p1a: Hippowdon|Hippowdon, M|100/100
|-weather|Sandstorm|[from] ability: Sand Stream|[of] p1a: Hippowdon
|turn|11
|c|☆barrman1313|I thought
|c|☆barrman1313|Idfk
|
|t:|1779582299
|switch|p2a: Cresselia|Cresselia, F|100/100
|move|p1a: Hippowdon|Earthquake|p2a: Cresselia
|-immune|p2a: Cresselia|[from] ability: Levitate
|
|-weather|Sandstorm|[upkeep]
|-damage|p2a: Cresselia|94/100|[from] Sandstorm
|upkeep
|turn|12
|
|t:|1779582307
|move|p1a: Hippowdon|Stealth Rock|p2a: Cresselia
|-sidestart|p2: barrman1313|move: Stealth Rock
|move|p2a: Cresselia|Trick Room|p2a: Cresselia
|-fieldstart|move: Trick Room|[of] p2a: Cresselia
|
|-weather|Sandstorm|[upkeep]
|-damage|p2a: Cresselia|88/100|[from] Sandstorm
|upkeep
|turn|13
|
|t:|1779582318
|switch|p1a: Tyranitar|Tyranitar, F|84/100
|switch|p2a: Ursaluna|Ursaluna, F|100/100
|-damage|p2a: Ursaluna|94/100|[from] Stealth Rock
|
|-weather|Sandstorm|[upkeep]
|-status|p2a: Ursaluna|brn|[from] item: Flame Orb
|upkeep
|turn|14
|
|t:|1779582335
|move|p2a: Ursaluna|Headlong Rush|p1a: Tyranitar
|-supereffective|p1a: Tyranitar
|-damage|p1a: Tyranitar|0 fnt
|-unboost|p2a: Ursaluna|def|1
|-unboost|p2a: Ursaluna|spd|1
|faint|p1a: Tyranitar
|
|-weather|Sandstorm|[upkeep]
|-damage|p2a: Ursaluna|88/100 brn|[from] brn
|upkeep
|
|t:|1779582346
|switch|p1a: Conkeldurr|Conkeldurr, M|100/100
|turn|15
|
|t:|1779582365
|-terastallize|p2a: Ursaluna|Normal
|move|p1a: Conkeldurr|Mach Punch|p2a: Ursaluna
|-supereffective|p2a: Ursaluna
|-damage|p2a: Ursaluna|37/100 brn
|move|p2a: Ursaluna|Facade|p1a: Conkeldurr
|-damage|p1a: Conkeldurr|0 fnt
|faint|p1a: Conkeldurr
|
|-weather|none
|-damage|p2a: Ursaluna|31/100 brn|[from] brn
|upkeep
|
|t:|1779582380
|switch|p1a: Hippowdon|Hippowdon, M|100/100
|-weather|Sandstorm|[from] ability: Sand Stream|[of] p1a: Hippowdon
|turn|16
|
|t:|1779582384
|move|p2a: Ursaluna|Facade|p1a: Hippowdon
|-crit|p1a: Hippowdon
|-damage|p1a: Hippowdon|0 fnt
|faint|p1a: Hippowdon
|
|-weather|Sandstorm|[upkeep]
|-damage|p2a: Ursaluna|24/100 brn|[from] Sandstorm
|-damage|p2a: Ursaluna|18/100 brn|[from] brn
|-fieldend|move: Trick Room
|upkeep
|
|t:|1779582390
|switch|p1a: Glimmora|Glimmora, F|100/100
|turn|17
|
|t:|1779582408
|switch|p2a: Porygon2|Porygon2|100/100
|-damage|p2a: Porygon2|88/100|[from] Stealth Rock
|-ability|p2a: Porygon2|Download|boost
|-boost|p2a: Porygon2|spa|1
|-terastallize|p1a: Glimmora|Flying
|move|p1a: Glimmora|Mortal Spin|p2a: Porygon2
|-damage|p2a: Porygon2|84/100
|-status|p2a: Porygon2|psn
|
|-weather|Sandstorm|[upkeep]
|-damage|p1a: Glimmora|94/100|[from] Sandstorm
|-damage|p2a: Porygon2|78/100 psn|[from] Sandstorm
|-damage|p2a: Porygon2|65/100 psn|[from] psn
|upkeep
|turn|18
|
|t:|1779582417
|move|p1a: Glimmora|Spikes|p2a: Porygon2
|-sidestart|p2: barrman1313|Spikes
|move|p2a: Porygon2|Trick Room|p2a: Porygon2
|-fieldstart|move: Trick Room|[of] p2a: Porygon2
|
|-weather|Sandstorm|[upkeep]
|-damage|p2a: Porygon2|59/100 psn|[from] Sandstorm
|-damage|p1a: Glimmora|88/100|[from] Sandstorm
|-damage|p2a: Porygon2|47/100 psn|[from] psn
|upkeep
|turn|19
|
|t:|1779582426
|move|p2a: Porygon2|Ice Beam|p1a: Glimmora
|-supereffective|p1a: Glimmora
|-damage|p1a: Glimmora|0 fnt
|faint|p1a: Glimmora
|
|win|barrman1313
|raw|DevotedToaster's rating: 1335 &rarr; <strong>1313</strong><br />(-22 for losing)
|raw|barrman1313's rating: 1293 &rarr; <strong>1321</strong><br />(+28 for winning)
|l|‽DevotedToaster
|player|p1|
|l|☆barrman1313
|player|p2|
