|j|☆drstone420
|j|☆lostexits
|t:|1779600264
|gametype|singles
|player|p1|drstone420|lucas|1296
|player|p2|lostexits|2|1286
|gen|9
|tier|[Gen 9] OU
|rated|
|rule|HP Percentage Mod: HP is shown in percentages
|rule|Endless Battle Clause: Forcing endless battles is banned
|rule|Species Clause: Limit one of each Pokémon
|rule|OHKO Clause: OHKO moves are banned
|rule|Evasion Items Clause: Evasion items are banned
|rule|Evasion Moves Clause: Evasion moves are banned
|rule|Evasion Abilities Clause: Evasion abilities are banned
|rule|Sleep Moves Clause: Sleep-inducing moves are banned
|clearpoke
|poke|p1|Dragonite, M|
|poke|p1|Serperior, M|
|poke|p1|Tyranitar, F|
|poke|p1|Excadrill, M|
|poke|p1|Skeledirge, M|
|poke|p1|Zapdos|
|poke|p2|Arcanine-Hisui, F|
|poke|p2|Noivern, F|
|poke|p2|Zoroark-Hisui, M|
|poke|p2|Ogerpon-Wellspring, F|
|poke|p2|Jolteon, M|
|poke|p2|Corviknight, F|
|teampreview
|
|t:|1779600273
|teamsize|p1|6
|teamsize|p2|6
|start
|switch|p1a: Tyranitar|Tyranitar, F, shiny|100/100
|switch|p2a: Jolteon|Jolteon, M|100/100
|-weather|Sandstorm|[from] ability: Sand Stream|[of] p1a: Tyranitar
|turn|1
|inactive|Battle timer is ON: inactive players will automatically lose when time's up. (requested by lostexits)
|
|t:|1779600279
|move|p2a: Jolteon|Alluring Voice|p1a: Tyranitar
|-supereffective|p1a: Tyranitar
|-damage|p1a: Tyranitar|71/100
|move|p1a: Tyranitar|Knock Off|p2a: Jolteon
|-damage|p2a: Jolteon|22/100
|-enditem|p2a: Jolteon|Choice Specs|[from] move: Knock Off|[of] p1a: Tyranitar
|
|-weather|Sandstorm|[upkeep]
|-damage|p2a: Jolteon|16/100|[from] Sandstorm
|-heal|p1a: Tyranitar|77/100|[from] item: Leftovers
|upkeep
|turn|2
|
|t:|1779600288
|switch|p2a: Corviknight|Corviknight, F|100/100
|move|p1a: Tyranitar|Stealth Rock|p2a: Corviknight
|-sidestart|p2: lostexits|move: Stealth Rock
|
|-weather|Sandstorm|[upkeep]
|-heal|p1a: Tyranitar|84/100|[from] item: Leftovers
|upkeep
|turn|3
|
|t:|1779600295
|switch|p1a: Skeledirge|Skeledirge, M|100/100
|move|p2a: Corviknight|Body Press|p1a: Skeledirge
|-immune|p1a: Skeledirge
|
|-weather|Sandstorm|[upkeep]
|-damage|p1a: Skeledirge|94/100|[from] Sandstorm
|upkeep
|turn|4
|
|t:|1779600303
|switch|p2a: Noivern|Noivern, F|100/100
|-damage|p2a: Noivern|76/100|[from] Stealth Rock
|-item|p1a: Skeledirge|Heavy-Duty Boots|[from] ability: Frisk|[of] p2a: Noivern
|move|p1a: Skeledirge|Torch Song|p2a: Noivern
|-resisted|p2a: Noivern
|-damage|p2a: Noivern|55/100
|-boost|p1a: Skeledirge|spa|1
|
|-weather|Sandstorm|[upkeep]
|-damage|p2a: Noivern|49/100|[from] Sandstorm
|-damage|p1a: Skeledirge|88/100|[from] Sandstorm
|upkeep
|turn|5
|
|t:|1779600310
|move|p2a: Noivern|Defog|p1a: Skeledirge
|-unboost|p1a: Skeledirge|evasion|1
|-sideend|p2: lostexits|Stealth Rock|[from] move: Defog|[of] p2a: Noivern
|move|p1a: Skeledirge|Hex|p2a: Noivern
|-damage|p2a: Noivern|2/100
|-enditem|p2a: Noivern|Salac Berry|[eat]
|-boost|p2a: Noivern|spe|1|[from] item: Salac Berry
|
|-weather|none
|upkeep
|turn|6
|
|t:|1779600319
|switch|p1a: Tyranitar|Tyranitar, F, shiny|84/100
|-weather|Sandstorm|[from] ability: Sand Stream|[of] p1a: Tyranitar
|move|p2a: Noivern|Draco Meteor|p1a: Tyranitar
|-damage|p1a: Tyranitar|62/100
|-unboost|p2a: Noivern|spa|2
|
|-weather|Sandstorm|[upkeep]
|-damage|p2a: Noivern|0 fnt|[from] Sandstorm
|faint|p2a: Noivern
|-heal|p1a: Tyranitar|68/100|[from] item: Leftovers
|upkeep
|
|t:|1779600323
|switch|p2a: Ogerpon|Ogerpon-Wellspring, F|100/100
|turn|7
|
|t:|1779600333
|switch|p1a: Serperior|Serperior, M, shiny|100/100
|move|p2a: Ogerpon|Swords Dance|p2a: Ogerpon
|-boost|p2a: Ogerpon|atk|2
|
|-weather|Sandstorm|[upkeep]
|-damage|p1a: Serperior|94/100|[from] Sandstorm
|-damage|p2a: Ogerpon|95/100|[from] Sandstorm
|-heal|p1a: Serperior|100/100|[from] item: Leftovers
|upkeep
|turn|8
|
|t:|1779600338
|move|p1a: Serperior|Glare|p2a: Ogerpon
|-status|p2a: Ogerpon|par
|move|p2a: Ogerpon|Horn Leech|p1a: Serperior
|-resisted|p1a: Serperior
|-damage|p1a: Serperior|47/100
|-heal|p2a: Ogerpon|100/100 par|[from] drain|[of] p1a: Serperior
|
|-weather|Sandstorm|[upkeep]
|-damage|p1a: Serperior|41/100|[from] Sandstorm
|-damage|p2a: Ogerpon|95/100 par|[from] Sandstorm
|-heal|p1a: Serperior|47/100|[from] item: Leftovers
|upkeep
|turn|9
|
|t:|1779600348
|switch|p1a: Zapdos|Zapdos|100/100
|move|p2a: Ogerpon|Horn Leech|p1a: Zapdos
|-resisted|p1a: Zapdos
|-crit|p1a: Zapdos
|-damage|p1a: Zapdos|53/100
|-heal|p2a: Ogerpon|100/100 par|[from] drain|[of] p1a: Zapdos
|
|-weather|Sandstorm|[upkeep]
|-damage|p1a: Zapdos|47/100|[from] Sandstorm
|-damage|p2a: Ogerpon|95/100 par|[from] Sandstorm
|upkeep
|turn|10
|
|t:|1779600354
|move|p1a: Zapdos|Hurricane|p2a: Ogerpon
|-supereffective|p2a: Ogerpon
|-damage|p2a: Ogerpon|0 fnt
|faint|p2a: Ogerpon
|
|-weather|none
|upkeep
|
|t:|1779600359
|switch|p2a: Arcanine|Arcanine-Hisui, F|100/100
|-ability|p2a: Arcanine|Intimidate|boost
|-unboost|p1a: Zapdos|atk|1
|turn|11
|
|t:|1779600367
|move|p2a: Arcanine|Stone Edge|p1a: Zapdos
|-supereffective|p1a: Zapdos
|-damage|p1a: Zapdos|0 fnt
|faint|p1a: Zapdos
|-damage|p2a: Arcanine|91/100|[from] item: Life Orb
|
|upkeep
|
|t:|1779600371
|switch|p1a: Tyranitar|Tyranitar, F, shiny|68/100
|-weather|Sandstorm|[from] ability: Sand Stream|[of] p1a: Tyranitar
|turn|12
|
|t:|1779600383
|switch|p1a: Skeledirge|Skeledirge, M|88/100
|move|p2a: Arcanine|Close Combat|p1a: Skeledirge
|-immune|p1a: Skeledirge
|
|-weather|Sandstorm|[upkeep]
|-damage|p1a: Skeledirge|82/100|[from] Sandstorm
|upkeep
|turn|13
|
|t:|1779600396
|move|p2a: Arcanine|Stone Edge|p1a: Skeledirge
|-supereffective|p1a: Skeledirge
|-damage|p1a: Skeledirge|0 fnt
|faint|p1a: Skeledirge
|-damage|p2a: Arcanine|81/100|[from] item: Life Orb
|
|-weather|Sandstorm|[upkeep]
|upkeep
|
|t:|1779600399
|switch|p1a: Excadrill|Excadrill, M|100/100
|turn|14
|
|t:|1779600406
|switch|p2a: Corviknight|Corviknight, F|100/100
|move|p1a: Excadrill|Earthquake|p2a: Corviknight
|-immune|p2a: Corviknight
|
|-weather|Sandstorm|[upkeep]
|upkeep
|turn|15
|
|t:|1779600414
|switch|p1a: Tyranitar|Tyranitar, F, shiny|68/100
|move|p2a: Corviknight|Iron Defense|p2a: Corviknight
|-boost|p2a: Corviknight|def|2
|
|-weather|Sandstorm|[upkeep]
|-heal|p1a: Tyranitar|75/100|[from] item: Leftovers
|upkeep
|turn|16
|
|t:|1779600421
|move|p2a: Corviknight|Body Press|p1a: Tyranitar
|-supereffective|p1a: Tyranitar
|-damage|p1a: Tyranitar|0 fnt
|faint|p1a: Tyranitar
|
|-weather|none
|upkeep
|
|t:|1779600426
|switch|p1a: Serperior|Serperior, M, shiny|47/100
|turn|17
|
|t:|1779600430
|move|p1a: Serperior|Glare|p2a: Corviknight
|-status|p2a: Corviknight|par
|move|p2a: Corviknight|Brave Bird|p1a: Serperior
|-supereffective|p1a: Serperior
|-damage|p1a: Serperior|0 fnt
|faint|p1a: Serperior
|-damage|p2a: Corviknight|89/100 par|[from] Recoil
|
|upkeep
|
|t:|1779600439
|switch|p1a: Dragonite|Dragonite, M, shiny|100/100
|turn|18
|
|t:|1779600441
|move|p1a: Dragonite|Dragon Dance|p1a: Dragonite
|-boost|p1a: Dragonite|atk|1
|-boost|p1a: Dragonite|spe|1
|move|p2a: Corviknight|Iron Defense|p2a: Corviknight
|-boost|p2a: Corviknight|def|2
|
|upkeep
|turn|19
|
|t:|1779600447
|move|p1a: Dragonite|Dragon Dance|p1a: Dragonite
|-boost|p1a: Dragonite|atk|1
|-boost|p1a: Dragonite|spe|1
|move|p2a: Corviknight|Iron Defense|p2a: Corviknight
|-boost|p2a: Corviknight|def|2
|
|upkeep
|turn|20
|
|t:|1779600451
|move|p1a: Dragonite|Dragon Dance|p1a: Dragonite
|-boost|p1a: Dragonite|atk|1
|-boost|p1a: Dragonite|spe|1
|move|p2a: Corviknight|Body Press|p1a: Dragonite
|-resisted|p1a: Dragonite
|-damage|p1a: Dragonite|80/100
|
|upkeep
|turn|21
|
|t:|1779600457
|move|p1a: Dragonite|Fire Punch|p2a: Corviknight
|-supereffective|p2a: Corviknight
|-damage|p2a: Corviknight|62/100 par
|-damage|p1a: Dragonite|64/100|[from] item: Rocky Helmet|[of] p2a: Corviknight
|move|p2a: Corviknight|Body Press|p1a: Dragonite
|-resisted|p1a: Dragonite
|-damage|p1a: Dragonite|24/100
|
|upkeep
|turn|22
|-message|drstone420 forfeited.
|
|win|lostexits
|raw|drstone420's rating: 1296 &rarr; <strong>1270</strong><br />(-26 for losing)
|raw|lostexits's rating: 1286 &rarr; <strong>1312</strong><br />(+26 for winning)
|l|☆drstone420
|player|p1|
|l|☆lostexits
|player|p2|
