|j|☆Sunds
|j|☆randomcan42
|t:|1779563750
|gametype|singles
|player|p1|Sunds|1|1395
|player|p2|randomcan42|2|1358
|gen|9
|tier|[Gen 9] OU
|rated|
|rule|HP Percentage Mod: HP is shown in percentages
|rule|Endless Battle Clause: Forcing endless battles is banned
|rule|Species Clause: Limit one of each Pokémon
|rule|OHKO Clause: OHKO moves are banned
|rule|Evasion Items Clause: Evasion items are banned
|rule|Evasion Moves Clause: Evasion moves are banned
|rule|Evasion Abilities Clause: Evasion abilities are banned
|rule|Sleep Moves Clause: Sleep-inducing moves are banned
|clearpoke
|poke|p1|Great Tusk|
|poke|p1|Gholdengo|
|poke|p1|Dragonite, F|
|poke|p1|Skeledirge, F|
|poke|p1|Ting-Lu|
|poke|p1|Iron Valiant|
|poke|p2|Hatterene, F|
|poke|p2|Dragonite, M|
|poke|p2|Alomomola, M|
|poke|p2|Raichu, M|
|poke|p2|Dragapult, F|
|poke|p2|Great Tusk|
|teampreview
|inactive|Battle timer is ON: inactive players will automatically lose when time's up. (requested by randomcan42)
|
|t:|1779563798
|teamsize|p1|6
|teamsize|p2|6
|start
|switch|p1a: Ting-Lu|Ting-Lu|100/100
|switch|p2a: Raichu|Raichu, M|100/100
|-ability|p1a: Ting-Lu|Vessel of Ruin
|turn|1
|l|☆Sunds
|inactive|Sunds disconnected and has a minute to reconnect!
|player|p1|
|
|t:|1779563813
|move|p2a: Raichu|Surf|p1a: Ting-Lu
|-supereffective|p1a: Ting-Lu
|-damage|p1a: Ting-Lu|70/100
|move|p1a: Ting-Lu|Earthquake|p2a: Raichu
|-supereffective|p2a: Raichu
|-damage|p2a: Raichu|0 fnt
|faint|p2a: Raichu
|
|-heal|p1a: Ting-Lu|76/100|[from] item: Leftovers
|upkeep
|
|t:|1779563816
|switch|p2a: Dragapult|Dragapult, F|100/100
|turn|2
|j|☆Sunds
|inactive|Sunds reconnected and has 125 seconds left.
|player|p1|Sunds|1|
|
|t:|1779563844
|move|p2a: Dragapult|U-turn|p1a: Ting-Lu
|-supereffective|p1a: Ting-Lu
|-damage|p1a: Ting-Lu|39/100
|
|t:|1779563857
|switch|p2a: Hatterene|Hatterene, F, shiny|100/100|[from] U-turn
|move|p1a: Ting-Lu|Ruination|p2a: Hatterene
|-damage|p2a: Hatterene|50/100
|
|-heal|p1a: Ting-Lu|45/100|[from] item: Leftovers
|-heal|p2a: Hatterene|56/100|[from] item: Leftovers
|upkeep
|turn|3
|l|☆Sunds
|inactive|Sunds disconnected and has a minute to reconnect!
|player|p1|
|inactive|Sunds has 30 seconds to reconnect!
|j|☆Sunds
|inactive|Sunds reconnected and has 105 seconds left.
|player|p1|Sunds|1|
|
|t:|1779563896
|move|p2a: Hatterene|Draining Kiss|p1a: Ting-Lu
|-supereffective|p1a: Ting-Lu
|-damage|p1a: Ting-Lu|25/100
|-heal|p2a: Hatterene|81/100|[from] drain|[of] p1a: Ting-Lu
|move|p1a: Ting-Lu|Whirlwind|p2a: Hatterene
|move|p2a: Hatterene|Whirlwind|p1a: Ting-Lu|[from] ability: Magic Bounce
|drag|p1a: Great Tusk|Great Tusk|100/100
|
|-heal|p2a: Hatterene|87/100|[from] item: Leftovers
|upkeep
|turn|4
|
|t:|1779563916
|-end|p1a: Great Tusk|Protosynthesis|[silent]
|switch|p1a: Skeledirge|Skeledirge, F|100/100
|move|p2a: Hatterene|Calm Mind|p2a: Hatterene
|-boost|p2a: Hatterene|spa|1
|-boost|p2a: Hatterene|spd|1
|
|-heal|p2a: Hatterene|93/100|[from] item: Leftovers
|upkeep
|turn|5
|
|t:|1779563919
|move|p1a: Skeledirge|Will-O-Wisp|p2a: Hatterene
|move|p2a: Hatterene|Will-O-Wisp|p1a: Skeledirge|[from] ability: Magic Bounce
|-immune|p1a: Skeledirge
|move|p2a: Hatterene|Nuzzle|p1a: Skeledirge
|-damage|p1a: Skeledirge|98/100
|-status|p1a: Skeledirge|par
|
|-heal|p2a: Hatterene|99/100|[from] item: Leftovers
|upkeep
|turn|6
|
|t:|1779563928
|switch|p2a: Great Tusk|Great Tusk|100/100
|move|p1a: Skeledirge|Hex|p2a: Great Tusk
|-damage|p2a: Great Tusk|80/100
|
|upkeep
|turn|7
|
|t:|1779563933
|move|p2a: Great Tusk|Earthquake|p1a: Skeledirge
|-supereffective|p1a: Skeledirge
|-damage|p1a: Skeledirge|29/100 par
|move|p1a: Skeledirge|Will-O-Wisp|p2a: Great Tusk|[miss]
|-miss|p1a: Skeledirge|p2a: Great Tusk
|
|upkeep
|turn|8
|
|t:|1779563937
|switch|p1a: Dragonite|Dragonite, F|100/100
|move|p2a: Great Tusk|Knock Off|p1a: Dragonite
|-damage|p1a: Dragonite|81/100
|-enditem|p1a: Dragonite|Heavy-Duty Boots|[from] move: Knock Off|[of] p2a: Great Tusk
|
|upkeep
|turn|9
|
|t:|1779563940
|-terastallize|p1a: Dragonite|Normal
|move|p1a: Dragonite|Dragon Dance|p1a: Dragonite
|-boost|p1a: Dragonite|atk|1
|-boost|p1a: Dragonite|spe|1
|move|p2a: Great Tusk|Ice Spinner|p1a: Dragonite
|-damage|p1a: Dragonite|49/100
|
|upkeep
|turn|10
|
|t:|1779563961
|move|p1a: Dragonite|Roost|p1a: Dragonite
|-heal|p1a: Dragonite|99/100
|move|p2a: Great Tusk|Earthquake|p1a: Dragonite
|-damage|p1a: Dragonite|40/100
|
|upkeep
|turn|11
|-message|Sunds forfeited.
|
|win|randomcan42
|raw|Sunds's rating: 1395 &rarr; <strong>1373</strong><br />(-22 for losing)
|raw|randomcan42's rating: 1358 &rarr; <strong>1380</strong><br />(+22 for winning)
|l|☆Sunds
|player|p1|
|l|☆randomcan42
|player|p2|
