|j|☆CIOCCCOLATA
|j|☆mrtipoxd
|t:|1779676119
|gametype|singles
|player|p1|CIOCCCOLATA|marshal|1127
|player|p2|mrtipoxd|lucas-gen4pt|1162
|gen|9
|tier|[Gen 9] OU
|rated|
|rule|HP Percentage Mod: HP is shown in percentages
|rule|Endless Battle Clause: Forcing endless battles is banned
|rule|Species Clause: Limit one of each Pokémon
|rule|OHKO Clause: OHKO moves are banned
|rule|Evasion Items Clause: Evasion items are banned
|rule|Evasion Moves Clause: Evasion moves are banned
|rule|Evasion Abilities Clause: Evasion abilities are banned
|rule|Sleep Moves Clause: Sleep-inducing moves are banned
|clearpoke
|poke|p1|Cresselia, F|
|poke|p1|Rillaboom, M|
|poke|p1|Garchomp, M|
|poke|p1|Conkeldurr, F|
|poke|p1|Arcanine-Hisui, F|
|poke|p1|Iron Valiant|
|poke|p2|Gholdengo|
|poke|p2|Kyurem|
|poke|p2|Corviknight, M|
|poke|p2|Ceruledge, F|
|poke|p2|Grimmsnarl, M|
|poke|p2|Rillaboom, M|
|teampreview
|
|t:|1779676123
|teamsize|p1|6
|teamsize|p2|6
|start
|switch|p1a: Garchomp|Garchomp, M|100/100
|switch|p2a: Grimmsnarl|Grimmsnarl, M|100/100
|turn|1
|inactive|Battle timer is ON: inactive players will automatically lose when time's up. (requested by CIOCCCOLATA)
|
|t:|1779676131
|move|p2a: Grimmsnarl|Reflect|p2a: Grimmsnarl
|-sidestart|p2: mrtipoxd|Reflect
|move|p1a: Garchomp|Stealth Rock|p2a: Grimmsnarl
|-sidestart|p2: mrtipoxd|move: Stealth Rock
|
|upkeep
|turn|2
|
|t:|1779676139
|move|p1a: Garchomp|Spikes|p2a: Grimmsnarl
|-sidestart|p2: mrtipoxd|Spikes
|move|p2a: Grimmsnarl|Spirit Break|p1a: Garchomp
|-supereffective|p1a: Garchomp
|-damage|p1a: Garchomp|42/100
|-unboost|p1a: Garchomp|spa|1
|-damage|p2a: Grimmsnarl|88/100|[from] ability: Rough Skin|[of] p1a: Garchomp
|-damage|p2a: Grimmsnarl|72/100|[from] item: Rocky Helmet|[of] p1a: Garchomp
|
|upkeep
|turn|3
|
|t:|1779676150
|switch|p1a: Rillaboom|Rillaboom, M|100/100
|-fieldstart|move: Grassy Terrain|[from] ability: Grassy Surge|[of] p1a: Rillaboom
|move|p2a: Grimmsnarl|Spirit Break|p1a: Rillaboom
|-damage|p1a: Rillaboom|68/100
|-unboost|p1a: Rillaboom|spa|1
|
|-heal|p1a: Rillaboom|74/100|[from] Grassy Terrain
|-heal|p2a: Grimmsnarl|78/100|[from] Grassy Terrain
|upkeep
|turn|4
|
|t:|1779676163
|move|p2a: Grimmsnarl|Parting Shot|p1a: Rillaboom
|-unboost|p1a: Rillaboom|atk|1
|-unboost|p1a: Rillaboom|spa|1
|
|t:|1779676167
|switch|p2a: Corviknight|Corviknight, M|100/100|[from] Parting Shot
|-damage|p2a: Corviknight|88/100|[from] Stealth Rock
|move|p1a: Rillaboom|U-turn|p2a: Corviknight
|-resisted|p2a: Corviknight
|-damage|p2a: Corviknight|85/100
|
|t:|1779676174
|switch|p1a: Arcanine|Arcanine-Hisui, F|100/100|[from] U-turn
|
|-heal|p2a: Corviknight|92/100|[from] item: Leftovers
|upkeep
|turn|5
|
|t:|1779676183
|move|p1a: Arcanine|Flare Blitz|p2a: Corviknight
|-supereffective|p2a: Corviknight
|-damage|p2a: Corviknight|26/100
|move|p2a: Corviknight|Defog|p1a: Arcanine
|-unboost|p1a: Arcanine|evasion|1
|-sideend|p2: mrtipoxd|Spikes|[from] move: Defog|[of] p2a: Corviknight
|-sideend|p2: mrtipoxd|Stealth Rock|[from] move: Defog|[of] p2a: Corviknight
|-fieldend|move: Grassy Terrain
|
|-heal|p2a: Corviknight|32/100|[from] item: Leftovers
|upkeep
|turn|6
|
|t:|1779676197
|switch|p1a: Conkeldurr|Conkeldurr, F|100/100
|switch|p2a: Grimmsnarl|Grimmsnarl, M|78/100
|
|-status|p1a: Conkeldurr|brn|[from] item: Flame Orb
|upkeep
|turn|7
|
|t:|1779676206
|move|p2a: Grimmsnarl|Reflect||[still]
|-fail|p2a: Grimmsnarl
|move|p1a: Conkeldurr|Drain Punch|p2a: Grimmsnarl
|-damage|p2a: Grimmsnarl|42/100
|
|-damage|p1a: Conkeldurr|94/100 brn|[from] brn
|upkeep
|turn|8
|
|t:|1779676214
|move|p2a: Grimmsnarl|Parting Shot|p1a: Conkeldurr
|-unboost|p1a: Conkeldurr|atk|1
|-unboost|p1a: Conkeldurr|spa|1
|
|t:|1779676218
|switch|p2a: Gholdengo|Gholdengo|100/100|[from] Parting Shot
|move|p1a: Conkeldurr|Drain Punch|p2a: Gholdengo
|-immune|p2a: Gholdengo
|
|-damage|p1a: Conkeldurr|88/100 brn|[from] brn
|-sideend|p2: mrtipoxd|Reflect
|upkeep
|turn|9
|
|t:|1779676224
|move|p2a: Gholdengo|Hex|p1a: Conkeldurr
|-damage|p1a: Conkeldurr|7/100 brn
|-damage|p2a: Gholdengo|91/100|[from] item: Life Orb
|move|p1a: Conkeldurr|Knock Off|p2a: Gholdengo
|-supereffective|p2a: Gholdengo
|-damage|p2a: Gholdengo|31/100
|-enditem|p2a: Gholdengo|Life Orb|[from] move: Knock Off|[of] p1a: Conkeldurr
|
|-damage|p1a: Conkeldurr|1/100 brn|[from] brn
|upkeep
|turn|10
|
|t:|1779676249
|move|p2a: Gholdengo|Hex|p1a: Conkeldurr
|-damage|p1a: Conkeldurr|0 fnt
|faint|p1a: Conkeldurr
|
|upkeep
|
|t:|1779676257
|switch|p1a: Garchomp|Garchomp, M|42/100
|turn|11
|c|☆mrtipoxd|cool Jojo reference
|
|t:|1779676271
|switch|p2a: Corviknight|Corviknight, M|32/100
|move|p1a: Garchomp|Stealth Rock|p2a: Corviknight
|-sidestart|p2: mrtipoxd|move: Stealth Rock
|
|-heal|p2a: Corviknight|38/100|[from] item: Leftovers
|upkeep
|turn|12
|
|t:|1779676281
|switch|p1a: Arcanine|Arcanine-Hisui, F|100/100
|move|p2a: Corviknight|Iron Defense|p2a: Corviknight
|-boost|p2a: Corviknight|def|2
|
|-heal|p2a: Corviknight|44/100|[from] item: Leftovers
|upkeep
|turn|13
|
|t:|1779676291
|move|p1a: Arcanine|Flare Blitz|p2a: Corviknight
|-supereffective|p2a: Corviknight
|-damage|p2a: Corviknight|0 fnt
|faint|p2a: Corviknight
|
|upkeep
|
|t:|1779676297
|switch|p2a: Rillaboom|Rillaboom, M|100/100
|-damage|p2a: Rillaboom|88/100|[from] Stealth Rock
|-fieldstart|move: Grassy Terrain|[from] ability: Grassy Surge|[of] p2a: Rillaboom
|turn|14
|
|t:|1779676301
|move|p2a: Rillaboom|Grassy Glide|p1a: Arcanine
|-crit|p1a: Arcanine
|-damage|p1a: Arcanine|27/100
|move|p1a: Arcanine|Flare Blitz|p2a: Rillaboom
|-supereffective|p2a: Rillaboom
|-damage|p2a: Rillaboom|0 fnt
|faint|p2a: Rillaboom
|
|-heal|p1a: Arcanine|33/100|[from] Grassy Terrain
|upkeep
|
|t:|1779676318
|switch|p2a: Ceruledge|Ceruledge, F|100/100
|-damage|p2a: Ceruledge|76/100|[from] Stealth Rock
|turn|15
|
|t:|1779676329
|switch|p1a: Iron Valiant|Iron Valiant|100/100
|move|p2a: Ceruledge|Bulk Up|p2a: Ceruledge
|-boost|p2a: Ceruledge|atk|1
|-boost|p2a: Ceruledge|def|1
|
|-heal|p2a: Ceruledge|82/100|[from] Grassy Terrain
|upkeep
|turn|16
|
|t:|1779676347
|move|p1a: Iron Valiant|Destiny Bond|p1a: Iron Valiant
|-singlemove|p1a: Iron Valiant|Destiny Bond
|move|p2a: Ceruledge|Shadow Claw|p1a: Iron Valiant
|-damage|p1a: Iron Valiant|32/100
|
|-heal|p1a: Iron Valiant|38/100|[from] Grassy Terrain
|-heal|p2a: Ceruledge|88/100|[from] Grassy Terrain
|upkeep
|turn|17
|
|t:|1779676360
|-end|p1a: Iron Valiant|Quark Drive|[silent]
|switch|p1a: Garchomp|Garchomp, M|42/100
|move|p2a: Ceruledge|Bulk Up|p2a: Ceruledge
|-boost|p2a: Ceruledge|atk|1
|-boost|p2a: Ceruledge|def|1
|
|-heal|p1a: Garchomp|48/100|[from] Grassy Terrain
|-heal|p2a: Ceruledge|94/100|[from] Grassy Terrain
|upkeep
|turn|18
|
|t:|1779676367
|move|p2a: Ceruledge|Shadow Claw|p1a: Garchomp
|-damage|p1a: Garchomp|0 fnt
|-damage|p2a: Ceruledge|82/100|[from] ability: Rough Skin|[of] p1a: Garchomp
|-damage|p2a: Ceruledge|65/100|[from] item: Rocky Helmet|[of] p1a: Garchomp
|faint|p1a: Garchomp
|
|-heal|p2a: Ceruledge|72/100|[from] Grassy Terrain
|-fieldend|move: Grassy Terrain
|upkeep
|
|t:|1779676376
|switch|p1a: Iron Valiant|Iron Valiant|38/100
|turn|19
|
|t:|1779676403
|move|p2a: Ceruledge|Shadow Sneak|p1a: Iron Valiant
|-crit|p1a: Iron Valiant
|-damage|p1a: Iron Valiant|0 fnt
|faint|p1a: Iron Valiant
|-end|p1a: Iron Valiant|Quark Drive|[silent]
|
|upkeep
|
|t:|1779676409
|switch|p1a: Rillaboom|Rillaboom, M|74/100
|-fieldstart|move: Grassy Terrain|[from] ability: Grassy Surge|[of] p1a: Rillaboom
|turn|20
|
|t:|1779676426
|move|p2a: Ceruledge|Bitter Blade|p1a: Rillaboom
|-supereffective|p1a: Rillaboom
|-damage|p1a: Rillaboom|0 fnt
|-heal|p2a: Ceruledge|100/100|[from] drain|[of] p1a: Rillaboom
|faint|p1a: Rillaboom
|
|upkeep
|
|t:|1779676430
|switch|p1a: Arcanine|Arcanine-Hisui, F|33/100
|turn|21
|
|t:|1779676434
|move|p1a: Arcanine|Head Smash|p2a: Ceruledge|[miss]
|-miss|p1a: Arcanine|p2a: Ceruledge
|move|p2a: Ceruledge|Shadow Claw|p1a: Arcanine
|-damage|p1a: Arcanine|0 fnt
|faint|p1a: Arcanine
|
|upkeep
|
|t:|1779676437
|switch|p1a: Cresselia|Cresselia, F|100/100
|-enditem|p1a: Cresselia|Grassy Seed
|-boost|p1a: Cresselia|def|1|[from] item: Grassy Seed
|turn|22
|c|☆mrtipoxd|let's gooooooooooooooooooooo
|c|☆mrtipoxd|I'm giorno geovanna
|
|t:|1779676466
|-terastallize|p1a: Cresselia|Poison
|move|p2a: Ceruledge|Shadow Claw|p1a: Cresselia
|-damage|p1a: Cresselia|76/100
|move|p1a: Cresselia|Stored Power|p2a: Ceruledge
|-damage|p2a: Ceruledge|87/100
|
|-heal|p2a: Ceruledge|93/100|[from] Grassy Terrain
|upkeep
|turn|23
|
|t:|1779676475
|move|p2a: Ceruledge|Bitter Blade|p1a: Cresselia
|-damage|p1a: Cresselia|47/100
|-heal|p2a: Ceruledge|100/100|[from] drain|[of] p1a: Cresselia
|move|p1a: Cresselia|Calm Mind|p1a: Cresselia
|-boost|p1a: Cresselia|spa|1
|-boost|p1a: Cresselia|spd|1
|
|upkeep
|turn|24
|
|t:|1779676481
|move|p2a: Ceruledge|Bitter Blade|p1a: Cresselia
|-damage|p1a: Cresselia|18/100
|move|p1a: Cresselia|Moonlight|p1a: Cresselia
|-heal|p1a: Cresselia|68/100
|
|-fieldend|move: Grassy Terrain
|upkeep
|turn|25
|
|t:|1779676491
|move|p2a: Ceruledge|Bitter Blade|p1a: Cresselia
|-damage|p1a: Cresselia|37/100
|move|p1a: Cresselia|Calm Mind|p1a: Cresselia
|-boost|p1a: Cresselia|spa|1
|-boost|p1a: Cresselia|spd|1
|
|upkeep
|turn|26
|
|t:|1779676498
|move|p2a: Ceruledge|Bitter Blade|p1a: Cresselia
|-crit|p1a: Cresselia
|-damage|p1a: Cresselia|0 fnt
|faint|p1a: Cresselia
|
|win|mrtipoxd
|raw|CIOCCCOLATA's rating: 1127 &rarr; <strong>1105</strong><br />(-22 for losing)
|raw|mrtipoxd's rating: 1162 &rarr; <strong>1184</strong><br />(+22 for winning)
|c|☆mrtipoxd|wait
|c|☆mrtipoxd|maybe not
|l|☆CIOCCCOLATA
|player|p1|
|c|☆mrtipoxd|oh forgot it
|c|☆mrtipoxd|lol
|c|☆mrtipoxd|XDDDDDDDDDDDDd
