|j|☆BrainOffHeadEmpty
|j|☆Coolradguy
|t:|1779687448
|gametype|singles
|player|p1|BrainOffHeadEmpty|hilda-wonderlauncher|1471
|player|p2|Coolradguy|102|1449
|gen|9
|tier|[Gen 9] OU
|rated|
|rule|HP Percentage Mod: HP is shown in percentages
|rule|Endless Battle Clause: Forcing endless battles is banned
|rule|Species Clause: Limit one of each Pokémon
|rule|OHKO Clause: OHKO moves are banned
|rule|Evasion Items Clause: Evasion items are banned
|rule|Evasion Moves Clause: Evasion moves are banned
|rule|Evasion Abilities Clause: Evasion abilities are banned
|rule|Sleep Moves Clause: Sleep-inducing moves are banned
|clearpoke
|poke|p1|Great Tusk|
|poke|p1|Walking Wake|
|poke|p1|Kingambit, M|
|poke|p1|Venusaur, M|
|poke|p1|Ninetales, F|
|poke|p1|Raging Bolt|
|poke|p2|Kingambit, F|
|poke|p2|Ting-Lu|
|poke|p2|Pawmot, M|
|poke|p2|Dragonite, M|
|poke|p2|Pecharunt|
|poke|p2|Hatterene, F|
|teampreview
|inactive|Battle timer is ON: inactive players will automatically lose when time's up. (requested by BrainOffHeadEmpty)
|
|t:|1779687459
|teamsize|p1|6
|teamsize|p2|6
|start
|switch|p1a: Ninetales|Ninetales, F|100/100
|switch|p2a: Pecharunt|Pecharunt|100/100
|-weather|SunnyDay|[from] ability: Drought|[of] p1a: Ninetales
|turn|1
|
|t:|1779687471
|switch|p1a: Venusaur|Venusaur, M|100/100
|move|p2a: Pecharunt|Malignant Chain|p1a: Venusaur
|-damage|p1a: Venusaur|65/100
|
|-weather|SunnyDay|[upkeep]
|upkeep
|turn|2
|
|t:|1779687482
|move|p1a: Venusaur|Weather Ball|p2a: Pecharunt
|-damage|p2a: Pecharunt|47/100
|-damage|p1a: Venusaur|55/100|[from] item: Life Orb
|move|p2a: Pecharunt|Parting Shot|p1a: Venusaur
|-unboost|p1a: Venusaur|atk|1
|-unboost|p1a: Venusaur|spa|1
|
|t:|1779687506
|switch|p2a: Pawmot|Pawmot, M|100/100|[from] Parting Shot
|
|-weather|SunnyDay|[upkeep]
|upkeep
|turn|3
|
|t:|1779687513
|move|p1a: Venusaur|Giga Drain|p2a: Pawmot
|-damage|p2a: Pawmot|46/100
|-heal|p1a: Venusaur|80/100|[from] drain|[of] p2a: Pawmot
|-damage|p1a: Venusaur|70/100|[from] item: Life Orb
|move|p2a: Pawmot|Ice Punch|p1a: Venusaur
|-supereffective|p1a: Venusaur
|-damage|p1a: Venusaur|0 fnt
|faint|p1a: Venusaur
|
|-weather|SunnyDay|[upkeep]
|upkeep
|
|t:|1779687521
|switch|p1a: Ninetales|Ninetales, F|100/100
|turn|4
|
|t:|1779687528
|switch|p2a: Hatterene|Hatterene, F|100/100
|move|p1a: Ninetales|Weather Ball|p2a: Hatterene
|-damage|p2a: Hatterene|68/100
|
|-weather|SunnyDay|[upkeep]
|upkeep
|turn|5
|
|t:|1779687537
|switch|p1a: Kingambit|Kingambit, M|100/100
|-activate|p1a: Kingambit|ability: Supreme Overlord
|-start|p1a: Kingambit|fallen1|[silent]
|-item|p1a: Kingambit|Air Balloon
|move|p2a: Hatterene|Nuzzle|p1a: Kingambit
|-damage|p1a: Kingambit|97/100
|-status|p1a: Kingambit|par
|-enditem|p1a: Kingambit|Air Balloon
|
|-weather|SunnyDay|[upkeep]
|upkeep
|turn|6
|
|t:|1779687544
|switch|p2a: Ting-Lu|Ting-Lu|100/100
|-ability|p2a: Ting-Lu|Vessel of Ruin
|-end|p1a: Kingambit|fallen1|[silent]
|switch|p1a: Walking Wake|Walking Wake|100/100
|-activate|p1a: Walking Wake|ability: Protosynthesis
|-start|p1a: Walking Wake|protosynthesisspe
|
|-weather|SunnyDay|[upkeep]
|upkeep
|turn|7
|
|t:|1779687564
|switch|p2a: Pecharunt|Pecharunt|47/100
|move|p1a: Walking Wake|Hydro Steam|p2a: Pecharunt
|-damage|p2a: Pecharunt|0 fnt
|faint|p2a: Pecharunt
|
|-weather|SunnyDay|[upkeep]
|upkeep
|inactive|Coolradguy has 120 seconds left.
|
|t:|1779687589
|switch|p2a: Dragonite|Dragonite, M, shiny|100/100
|turn|8
|
|t:|1779687597
|move|p1a: Walking Wake|Flip Turn|p2a: Dragonite
|-resisted|p2a: Dragonite
|-damage|p2a: Dragonite|99/100
|
|t:|1779687602
|-end|p1a: Walking Wake|Protosynthesis|[silent]
|switch|p1a: Ninetales|Ninetales, F|100/100|[from] Flip Turn
|move|p2a: Dragonite|Dragon Dance|p2a: Dragonite
|-boost|p2a: Dragonite|atk|1
|-boost|p2a: Dragonite|spe|1
|
|-weather|none
|upkeep
|turn|9
|inactive|Coolradguy has 120 seconds left.
|
|t:|1779687617
|switch|p1a: Raging Bolt|Raging Bolt|100/100
|-item|p1a: Raging Bolt|Air Balloon
|move|p2a: Dragonite|Extreme Speed|p1a: Raging Bolt
|-damage|p1a: Raging Bolt|56/100
|-enditem|p1a: Raging Bolt|Air Balloon
|
|upkeep
|turn|10
|inactive|Coolradguy has 120 seconds left.
|
|t:|1779687635
|-terastallize|p2a: Dragonite|Normal
|move|p2a: Dragonite|Extreme Speed|p1a: Raging Bolt
|-damage|p1a: Raging Bolt|0 fnt
|faint|p1a: Raging Bolt
|-end|p1a: Raging Bolt|Protosynthesis|[silent]
|
|upkeep
|
|t:|1779687642
|switch|p1a: Walking Wake|Walking Wake|100/100
|turn|11
|
|t:|1779687653
|-terastallize|p1a: Walking Wake|Ghost
|move|p2a: Dragonite|Extreme Speed|p1a: Walking Wake
|-immune|p1a: Walking Wake
|move|p1a: Walking Wake|Flamethrower|p2a: Dragonite
|-damage|p2a: Dragonite|67/100
|-status|p2a: Dragonite|brn
|
|-damage|p2a: Dragonite|61/100 brn|[from] brn
|upkeep
|turn|12
|
|t:|1779687668
|move|p1a: Walking Wake|Draco Meteor|p2a: Dragonite
|-damage|p2a: Dragonite|1/100 brn
|-unboost|p1a: Walking Wake|spa|2
|move|p2a: Dragonite|Roost|p2a: Dragonite
|-heal|p2a: Dragonite|51/100 brn
|
|-damage|p2a: Dragonite|45/100 brn|[from] brn
|upkeep
|turn|13
|
|t:|1779687677
|-end|p1a: Walking Wake|Protosynthesis|[silent]
|switch|p1a: Ninetales|Ninetales, F|100/100
|-weather|SunnyDay|[from] ability: Drought|[of] p1a: Ninetales
|move|p2a: Dragonite|Roost|p2a: Dragonite
|-heal|p2a: Dragonite|95/100 brn
|
|-weather|SunnyDay|[upkeep]
|-damage|p2a: Dragonite|88/100 brn|[from] brn
|upkeep
|turn|14
|
|t:|1779687687
|move|p2a: Dragonite|Extreme Speed|p1a: Ninetales
|-damage|p1a: Ninetales|58/100
|move|p1a: Ninetales|Weather Ball|p2a: Dragonite
|-damage|p2a: Dragonite|50/100 brn
|
|-weather|SunnyDay|[upkeep]
|-damage|p2a: Dragonite|44/100 brn|[from] brn
|upkeep
|turn|15
|
|t:|1779687696
|switch|p1a: Walking Wake|Walking Wake, tera:Ghost|100/100
|-activate|p1a: Walking Wake|ability: Protosynthesis
|-start|p1a: Walking Wake|protosynthesisspe
|move|p2a: Dragonite|Roost|p2a: Dragonite
|-heal|p2a: Dragonite|94/100 brn
|
|-weather|SunnyDay|[upkeep]
|-damage|p2a: Dragonite|88/100 brn|[from] brn
|upkeep
|turn|16
|
|t:|1779687718
|move|p1a: Walking Wake|Hydro Steam|p2a: Dragonite
|-damage|p2a: Dragonite|24/100 brn
|move|p2a: Dragonite|Dragon Tail|p1a: Walking Wake
|-damage|p1a: Walking Wake|72/100
|-end|p1a: Walking Wake|Protosynthesis|[silent]
|drag|p1a: Great Tusk|Great Tusk|100/100
|-activate|p1a: Great Tusk|ability: Protosynthesis
|-start|p1a: Great Tusk|protosynthesisatk
|
|-weather|SunnyDay|[upkeep]
|-damage|p2a: Dragonite|18/100 brn|[from] brn
|upkeep
|turn|17
|
|t:|1779687731
|move|p2a: Dragonite|Extreme Speed|p1a: Great Tusk
|-damage|p1a: Great Tusk|79/100
|move|p1a: Great Tusk|Ice Spinner|p2a: Dragonite
|-damage|p2a: Dragonite|0 fnt
|faint|p2a: Dragonite
|
|-weather|SunnyDay|[upkeep]
|upkeep
|inactive|Coolradguy has 120 seconds left.
|
|t:|1779687763
|switch|p2a: Pawmot|Pawmot, M|46/100
|turn|18
|
|t:|1779687787
|switch|p2a: Ting-Lu|Ting-Lu|100/100
|-ability|p2a: Ting-Lu|Vessel of Ruin
|move|p1a: Great Tusk|Close Combat|p2a: Ting-Lu
|-supereffective|p2a: Ting-Lu
|-damage|p2a: Ting-Lu|35/100
|-unboost|p1a: Great Tusk|def|1
|-unboost|p1a: Great Tusk|spd|1
|
|-weather|SunnyDay|[upkeep]
|-heal|p2a: Ting-Lu|41/100|[from] item: Leftovers
|upkeep
|turn|19
|
|t:|1779687799
|switch|p2a: Hatterene|Hatterene, F|68/100
|move|p1a: Great Tusk|Headlong Rush|p2a: Hatterene
|-damage|p2a: Hatterene|0 fnt
|-unboost|p1a: Great Tusk|def|1
|-unboost|p1a: Great Tusk|spd|1
|-damage|p1a: Great Tusk|63/100|[from] item: Rocky Helmet|[of] p2a: Hatterene
|faint|p2a: Hatterene
|
|-weather|SunnyDay|[upkeep]
|upkeep
|
|t:|1779687805
|switch|p2a: Pawmot|Pawmot, M|46/100
|turn|20
|
|t:|1779687810
|-end|p1a: Great Tusk|Protosynthesis|[silent]
|switch|p1a: Walking Wake|Walking Wake, tera:Ghost|72/100
|-activate|p1a: Walking Wake|ability: Protosynthesis
|-start|p1a: Walking Wake|protosynthesisspe
|move|p2a: Pawmot|Close Combat|p1a: Walking Wake
|-immune|p1a: Walking Wake
|
|-weather|none
|-end|p1a: Walking Wake|Protosynthesis
|upkeep
|turn|21
|
|t:|1779687818
|switch|p2a: Kingambit|Kingambit, F|100/100
|-activate|p2a: Kingambit|ability: Supreme Overlord
|-start|p2a: Kingambit|fallen3|[silent]
|move|p1a: Walking Wake|Hydro Steam|p2a: Kingambit
|-damage|p2a: Kingambit|59/100
|
|-heal|p2a: Kingambit|65/100|[from] item: Leftovers
|upkeep
|turn|22
|
|t:|1779687831
|-end|p1a: Walking Wake|Protosynthesis|[silent]
|switch|p1a: Ninetales|Ninetales, F|58/100
|-weather|SunnyDay|[from] ability: Drought|[of] p1a: Ninetales
|move|p2a: Kingambit|Swords Dance|p2a: Kingambit
|-boost|p2a: Kingambit|atk|2
|
|-weather|SunnyDay|[upkeep]
|-heal|p2a: Kingambit|71/100|[from] item: Leftovers
|upkeep
|turn|23
|
|t:|1779687839
|move|p1a: Ninetales|Will-O-Wisp|p2a: Kingambit
|-status|p2a: Kingambit|brn
|move|p2a: Kingambit|Kowtow Cleave|p1a: Ninetales
|-damage|p1a: Ninetales|0 fnt
|faint|p1a: Ninetales
|
|-weather|SunnyDay|[upkeep]
|-heal|p2a: Kingambit|78/100 brn|[from] item: Leftovers
|-damage|p2a: Kingambit|71/100 brn|[from] brn
|upkeep
|
|t:|1779687843
|switch|p1a: Great Tusk|Great Tusk|63/100
|-activate|p1a: Great Tusk|ability: Protosynthesis
|-start|p1a: Great Tusk|protosynthesisatk
|turn|24
|
|t:|1779687849
|move|p2a: Kingambit|Sucker Punch|p1a: Great Tusk
|-resisted|p1a: Great Tusk
|-damage|p1a: Great Tusk|45/100
|move|p1a: Great Tusk|Close Combat|p2a: Kingambit
|-supereffective|p2a: Kingambit
|-damage|p2a: Kingambit|0 fnt
|-unboost|p1a: Great Tusk|def|1
|-unboost|p1a: Great Tusk|spd|1
|faint|p2a: Kingambit
|-end|p2a: Kingambit|fallen3|[silent]
|
|-weather|SunnyDay|[upkeep]
|upkeep
|
|t:|1779687877
|switch|p2a: Pawmot|Pawmot, M|46/100
|turn|25
|
|t:|1779687888
|-end|p1a: Great Tusk|Protosynthesis|[silent]
|switch|p1a: Walking Wake|Walking Wake, tera:Ghost|72/100
|-activate|p1a: Walking Wake|ability: Protosynthesis
|-start|p1a: Walking Wake|protosynthesisspe
|move|p2a: Pawmot|Ice Punch|p1a: Walking Wake
|-damage|p1a: Walking Wake|39/100
|
|-weather|SunnyDay|[upkeep]
|upkeep
|turn|26
|inactive|Coolradguy has 120 seconds left.
|
|t:|1779687910
|switch|p2a: Ting-Lu|Ting-Lu|41/100
|-ability|p2a: Ting-Lu|Vessel of Ruin
|move|p1a: Walking Wake|Hydro Steam|p2a: Ting-Lu
|-supereffective|p2a: Ting-Lu
|-damage|p2a: Ting-Lu|0 fnt
|faint|p2a: Ting-Lu
|
|-weather|SunnyDay|[upkeep]
|upkeep
|
|t:|1779687912
|switch|p2a: Pawmot|Pawmot, M|46/100
|turn|27
|
|t:|1779687919
|move|p1a: Walking Wake|Hydro Steam|p2a: Pawmot
|-damage|p2a: Pawmot|0 fnt
|faint|p2a: Pawmot
|
|win|BrainOffHeadEmpty
|raw|BrainOffHeadEmpty's rating: 1471 &rarr; <strong>1490</strong><br />(+19 for winning)
|raw|Coolradguy's rating: 1449 &rarr; <strong>1430</strong><br />(-19 for losing)
|l|☆BrainOffHeadEmpty
|player|p1|
|l|☆Coolradguy
|player|p2|
