|j|☆zk1314
|j|☆TrentMercer
|t:|1779600673
|gametype|singles
|player|p1|zk1314|n|1356
|player|p2|TrentMercer|cynthia-gen4|1482
|gen|9
|tier|[Gen 9] OU
|rated|
|rule|HP Percentage Mod: HP is shown in percentages
|rule|Endless Battle Clause: Forcing endless battles is banned
|rule|Species Clause: Limit one of each Pokémon
|rule|OHKO Clause: OHKO moves are banned
|rule|Evasion Items Clause: Evasion items are banned
|rule|Evasion Moves Clause: Evasion moves are banned
|rule|Evasion Abilities Clause: Evasion abilities are banned
|rule|Sleep Moves Clause: Sleep-inducing moves are banned
|clearpoke
|poke|p1|Armarouge, M|
|poke|p1|Glimmora, M|
|poke|p1|Corviknight, F|
|poke|p1|Iron Valiant|
|poke|p1|Slowking-Galar, M|
|poke|p1|Hawlucha, M|
|poke|p2|Slowking-Galar, M|
|poke|p2|Corviknight, M|
|poke|p2|Great Tusk|
|poke|p2|Ogerpon-Wellspring, F|
|poke|p2|Zamazenta-*|
|poke|p2|Darkrai|
|teampreview
|inactive|Battle timer is ON: inactive players will automatically lose when time's up. (requested by zk1314)
|
|t:|1779600695
|teamsize|p1|6
|teamsize|p2|6
|start
|switch|p1a: Glimmora|Glimmora, M|100/100
|switch|p2a: Slowking|Slowking-Galar, M, shiny|100/100
|turn|1
|
|t:|1779600723
|switch|p1a: Corviknight|Corviknight, F|100/100
|move|p2a: Slowking|Psyshock|p1a: Corviknight
|-resisted|p1a: Corviknight
|-damage|p1a: Corviknight|88/100
|
|upkeep
|turn|2
|
|t:|1779600741
|move|p1a: Corviknight|Roost|p1a: Corviknight
|-heal|p1a: Corviknight|100/100
|-singleturn|p1a: Corviknight|move: Roost
|move|p2a: Slowking|Psyshock|p1a: Corviknight
|-resisted|p1a: Corviknight
|-damage|p1a: Corviknight|90/100
|
|upkeep
|turn|3
|
|t:|1779600751
|move|p1a: Corviknight|U-turn|p2a: Slowking
|-damage|p2a: Slowking|86/100
|
|t:|1779600755
|switch|p1a: Slowking|Slowking-Galar, M|100/100|[from] U-turn
|move|p2a: Slowking|Flamethrower|p1a: Slowking
|-damage|p1a: Slowking|85/100
|
|upkeep
|turn|4
|
|t:|1779600763
|move|p2a: Slowking|Psyshock|p1a: Slowking
|-damage|p1a: Slowking|43/100
|move|p1a: Slowking|Psychic Terrain|p1a: Slowking
|-fieldstart|move: Psychic Terrain
|
|upkeep
|turn|5
|
|t:|1779600770
|switch|p1a: Corviknight|Corviknight, F|90/100
|move|p2a: Slowking|Psyshock|p1a: Corviknight
|-resisted|p1a: Corviknight
|-damage|p1a: Corviknight|74/100
|
|upkeep
|turn|6
|
|t:|1779600782
|switch|p1a: Hawlucha|Hawlucha, M|100/100
|-enditem|p1a: Hawlucha|Psychic Seed
|-boost|p1a: Hawlucha|spd|1|[from] item: Psychic Seed
|move|p2a: Slowking|Flamethrower|p1a: Hawlucha
|-damage|p1a: Hawlucha|70/100
|
|upkeep
|turn|7
|
|t:|1779600796
|-terastallize|p1a: Hawlucha|Dark
|move|p1a: Hawlucha|Throat Chop|p2a: Slowking
|-supereffective|p2a: Slowking
|-damage|p2a: Slowking|12/100
|-start|p2a: Slowking|Throat Chop|[silent]
|move|p2a: Slowking|Psyshock|p1a: Hawlucha
|-immune|p1a: Hawlucha
|
|upkeep
|turn|8
|
|t:|1779600814
|switch|p2a: Corviknight|Corviknight, M, shiny|100/100
|-ability|p2a: Corviknight|Pressure
|move|p1a: Hawlucha|Swords Dance|p1a: Hawlucha
|-boost|p1a: Hawlucha|atk|2
|
|upkeep
|turn|9
|
|t:|1779600822
|move|p1a: Hawlucha|Close Combat|p2a: Corviknight
|-damage|p2a: Corviknight|41/100
|-unboost|p1a: Hawlucha|def|1
|-unboost|p1a: Hawlucha|spd|1
|-damage|p1a: Hawlucha|54/100|[from] item: Rocky Helmet|[of] p2a: Corviknight
|move|p2a: Corviknight|U-turn|p1a: Hawlucha
|-supereffective|p1a: Hawlucha
|-damage|p1a: Hawlucha|0 fnt
|faint|p1a: Hawlucha
|
|t:|1779600831
|switch|p2a: Slowking|Slowking-Galar, M, shiny|45/100|[from] U-turn
|
|upkeep
|
|t:|1779600841
|switch|p1a: Glimmora|Glimmora, M|100/100
|turn|10
|
|t:|1779600853
|switch|p2a: Corviknight|Corviknight, M, shiny|41/100
|-ability|p2a: Corviknight|Pressure
|move|p1a: Glimmora|Meteor Beam||[still]
|-prepare|p1a: Glimmora|Meteor Beam
|-boost|p1a: Glimmora|spa|1
|-enditem|p1a: Glimmora|Power Herb
|-anim|p1a: Glimmora|Meteor Beam|p2a: Corviknight
|-damage|p2a: Corviknight|0 fnt
|faint|p2a: Corviknight
|
|upkeep
|
|t:|1779600857
|switch|p2a: Slowking|Slowking-Galar, M, shiny|79/100
|turn|11
|inactive|zk1314 has 120 seconds left.
|
|t:|1779600898
|move|p1a: Glimmora|Meteor Beam||[still]
|-prepare|p1a: Glimmora|Meteor Beam
|-boost|p1a: Glimmora|spa|1
|move|p2a: Slowking|Psyshock|p1a: Glimmora
|-supereffective|p1a: Glimmora
|-damage|p1a: Glimmora|0 fnt
|faint|p1a: Glimmora
|
|-fieldend|move: Psychic Terrain
|upkeep
|-message|zk1314 forfeited.
|
|win|TrentMercer
|raw|zk1314's rating: 1356 &rarr; <strong>1343</strong><br />(-13 for losing)
|raw|TrentMercer's rating: 1482 &rarr; <strong>1495</strong><br />(+13 for winning)
|l|☆zk1314
|player|p1|
|l|☆TrentMercer
|player|p2|
