|j|☆DropAFreezeDry
|j|☆and so they
|t:|1779657139
|gametype|singles
|player|p1|DropAFreezeDry|candice|1453
|player|p2|and so they|ingo-masters|1464
|gen|9
|tier|[Gen 9] OU
|rated|
|rule|HP Percentage Mod: HP is shown in percentages
|rule|Endless Battle Clause: Forcing endless battles is banned
|rule|Species Clause: Limit one of each Pokémon
|rule|OHKO Clause: OHKO moves are banned
|rule|Evasion Items Clause: Evasion items are banned
|rule|Evasion Moves Clause: Evasion moves are banned
|rule|Evasion Abilities Clause: Evasion abilities are banned
|rule|Sleep Moves Clause: Sleep-inducing moves are banned
|clearpoke
|poke|p1|Glaceon, F|
|poke|p1|Ninetales-Alola, F|
|poke|p1|Basculegion-F, F|
|poke|p1|Ogerpon-Wellspring, F|
|poke|p1|Iron Treads|
|poke|p1|Weavile, F|
|poke|p2|Pelipper, F|
|poke|p2|Garchomp, F|
|poke|p2|Quaquaval, F|
|poke|p2|Kingdra, M|
|poke|p2|Kingambit, M|
|poke|p2|Iron Crown|
|teampreview
|inactive|Battle timer is ON: inactive players will automatically lose when time's up. (requested by and so they)
|inactive|DropAFreezeDry also wants the timer to be on.
|
|t:|1779657143
|teamsize|p1|6
|teamsize|p2|6
|start
|switch|p1a: Glaceon|Glaceon, F|100/100
|switch|p2a: okayy|Iron Crown|100/100
|turn|1
|
|t:|1779657151
|switch|p1a: Iron Treads|Iron Treads|100/100
|-enditem|p1a: Iron Treads|Booster Energy
|-activate|p1a: Iron Treads|ability: Quark Drive|[fromitem]
|-start|p1a: Iron Treads|quarkdriveatk
|move|p2a: okayy|Tachyon Cutter|p1a: Iron Treads
|-resisted|p1a: Iron Treads
|-damage|p1a: Iron Treads|82/100
|-resisted|p1a: Iron Treads
|-damage|p1a: Iron Treads|63/100
|-hitcount|p1a: Iron Treads|2
|
|upkeep
|turn|2
|
|t:|1779657173
|move|p2a: okayy|Focus Blast|p1a: Iron Treads|[miss]
|-miss|p2a: okayy|p1a: Iron Treads
|move|p1a: Iron Treads|Rapid Spin|p2a: okayy
|-resisted|p2a: okayy
|-damage|p2a: okayy|90/100
|-boost|p1a: Iron Treads|spe|1
|
|upkeep
|turn|3
|
|t:|1779657177
|-end|p2a: okayy|Quark Drive|[silent]
|switch|p2a: washed|Pelipper, F|100/100
|-weather|RainDance|[from] ability: Drizzle|[of] p2a: washed
|move|p1a: Iron Treads|Earthquake|p2a: washed
|-immune|p2a: washed
|
|-weather|RainDance|[upkeep]
|upkeep
|turn|4
|
|t:|1779657179
|-end|p1a: Iron Treads|Quark Drive|[silent]
|switch|p1a: Ninetales|Ninetales-Alola, F|100/100
|-weather|Snowscape|[from] ability: Snow Warning|[of] p1a: Ninetales
|switch|p2a: stance something|Garchomp, F|100/100
|
|-weather|Snowscape|[upkeep]
|upkeep
|turn|5
|
|t:|1779657184
|switch|p2a: okayy|Iron Crown|90/100
|move|p1a: Ninetales|Aurora Veil|p1a: Ninetales
|-sidestart|p1: DropAFreezeDry|move: Aurora Veil
|
|-weather|Snowscape|[upkeep]
|upkeep
|turn|6
|
|t:|1779657202
|switch|p1a: Basculegion|Basculegion-F, F|100/100
|move|p2a: okayy|Tachyon Cutter|p1a: Basculegion
|-resisted|p1a: Basculegion
|-damage|p1a: Basculegion|93/100
|-resisted|p1a: Basculegion
|-damage|p1a: Basculegion|86/100
|-hitcount|p1a: Basculegion|2
|
|-weather|Snowscape|[upkeep]
|upkeep
|turn|7
|
|t:|1779657206
|move|p1a: Basculegion|Shadow Ball|p2a: okayy
|-supereffective|p2a: okayy
|-damage|p2a: okayy|22/100
|move|p2a: okayy|Volt Switch|p1a: Basculegion
|-supereffective|p1a: Basculegion
|-damage|p1a: Basculegion|60/100
|
|t:|1779657208
|-end|p2a: okayy|Quark Drive|[silent]
|switch|p2a: bluemode|Kingambit, M, shiny|100/100|[from] Volt Switch
|
|-weather|Snowscape|[upkeep]
|upkeep
|turn|8
|
|t:|1779657216
|switch|p1a: Weavile|Weavile, F|100/100
|-ability|p1a: Weavile|Pressure
|move|p2a: bluemode|Iron Head|p1a: Weavile
|-supereffective|p1a: Weavile
|-damage|p1a: Weavile|47/100
|
|-weather|none
|upkeep
|turn|9
|
|t:|1779657221
|-end|p2a: bluemode|fallenundefined|[silent]
|switch|p2a: washed|Pelipper, F|100/100
|-weather|RainDance|[from] ability: Drizzle|[of] p2a: washed
|move|p1a: Weavile|Low Kick|p2a: washed
|-resisted|p2a: washed
|-damage|p2a: washed|93/100
|
|-weather|RainDance|[upkeep]
|upkeep
|turn|10
|
|t:|1779657226
|move|p1a: Weavile|Knock Off|p2a: washed
|-damage|p2a: washed|55/100
|-enditem|p2a: washed|Damp Rock|[from] move: Knock Off|[of] p1a: Weavile
|move|p2a: washed|U-turn|p1a: Weavile
|-supereffective|p1a: Weavile
|-damage|p1a: Weavile|30/100
|
|t:|1779657229
|switch|p2a: mac and cheese|Kingdra, M|100/100|[from] U-turn
|
|-weather|RainDance|[upkeep]
|upkeep
|turn|11
|
|t:|1779657232
|switch|p1a: Ninetales|Ninetales-Alola, F|100/100
|-weather|Snowscape|[from] ability: Snow Warning|[of] p1a: Ninetales
|move|p2a: mac and cheese|Flip Turn|p1a: Ninetales
|-damage|p1a: Ninetales|92/100
|
|t:|1779657234
|switch|p2a: washed|Pelipper, F|55/100|[from] Flip Turn
|-weather|RainDance|[from] ability: Drizzle|[of] p2a: washed
|
|-weather|RainDance|[upkeep]
|upkeep
|turn|12
|
|t:|1779657236
|switch|p2a: okayy|Iron Crown|22/100
|move|p1a: Ninetales|Freeze-Dry|p2a: okayy
|-resisted|p2a: okayy
|-damage|p2a: okayy|13/100
|
|-weather|RainDance|[upkeep]
|-sideend|p1: DropAFreezeDry|move: Aurora Veil
|upkeep
|turn|13
|
|t:|1779657243
|move|p1a: Ninetales|Moonblast|p2a: okayy
|-resisted|p2a: okayy
|-damage|p2a: okayy|1/100
|move|p2a: okayy|Volt Switch|p1a: Ninetales
|-damage|p1a: Ninetales|66/100
|
|t:|1779657245
|-end|p2a: okayy|Quark Drive|[silent]
|switch|p2a: mac and cheese|Kingdra, M|100/100|[from] Volt Switch
|
|-weather|RainDance|[upkeep]
|upkeep
|turn|14
|
|t:|1779657250
|switch|p1a: Ogerpon|Ogerpon-Wellspring, F|100/100
|move|p2a: mac and cheese|Hurricane|p1a: Ogerpon
|-supereffective|p1a: Ogerpon
|-crit|p1a: Ogerpon
|-damage|p1a: Ogerpon|0 fnt
|faint|p1a: Ogerpon
|
|-weather|RainDance|[upkeep]
|upkeep
|
|t:|1779657256
|switch|p1a: Ninetales|Ninetales-Alola, F|66/100
|-weather|Snowscape|[from] ability: Snow Warning|[of] p1a: Ninetales
|turn|15
|
|t:|1779657257
|switch|p2a: washed|Pelipper, F|55/100
|-weather|RainDance|[from] ability: Drizzle|[of] p2a: washed
|move|p1a: Ninetales|Freeze-Dry|p2a: washed
|-supereffective|p2a: washed
|-damage|p2a: washed|0 fnt
|faint|p2a: washed
|
|-weather|RainDance|[upkeep]
|upkeep
|
|t:|1779657259
|switch|p2a: stance something|Garchomp, F|100/100
|turn|16
|
|t:|1779657261
|move|p1a: Ninetales|Freeze-Dry|p2a: stance something
|-supereffective|p2a: stance something
|-damage|p2a: stance something|3/100
|move|p2a: stance something|Stealth Rock|p1a: Ninetales
|-sidestart|p1: DropAFreezeDry|move: Stealth Rock
|
|-weather|RainDance|[upkeep]
|upkeep
|turn|17
|
|t:|1779657266
|move|p1a: Ninetales|Freeze-Dry|p2a: stance something
|-supereffective|p2a: stance something
|-damage|p2a: stance something|0 fnt
|faint|p2a: stance something
|
|-weather|RainDance|[upkeep]
|upkeep
|
|t:|1779657268
|switch|p2a: mac and cheese|Kingdra, M|100/100
|turn|18
|
|t:|1779657273
|switch|p1a: Weavile|Weavile, F|30/100
|-ability|p1a: Weavile|Pressure
|move|p2a: mac and cheese|Weather Ball|p1a: Weavile
|-damage|p1a: Weavile|0 fnt
|faint|p1a: Weavile
|
|-weather|RainDance|[upkeep]
|upkeep
|
|t:|1779657275
|switch|p1a: Ninetales|Ninetales-Alola, F|66/100
|-damage|p1a: Ninetales|42/100|[from] Stealth Rock
|-weather|Snowscape|[from] ability: Snow Warning|[of] p1a: Ninetales
|turn|19
|
|t:|1779657277
|switch|p2a: okayy|Iron Crown|1/100
|move|p1a: Ninetales|Aurora Veil|p1a: Ninetales
|-sidestart|p1: DropAFreezeDry|move: Aurora Veil
|
|-weather|Snowscape|[upkeep]
|upkeep
|turn|20
|
|t:|1779657279
|move|p1a: Ninetales|Moonblast|p2a: okayy
|-resisted|p2a: okayy
|-damage|p2a: okayy|0 fnt
|faint|p2a: okayy
|-end|p2a: okayy|Quark Drive|[silent]
|
|-weather|Snowscape|[upkeep]
|upkeep
|
|t:|1779657282
|switch|p2a: mac and cheese|Kingdra, M|100/100
|turn|21
|
|t:|1779657285
|move|p1a: Ninetales|Freeze-Dry|p2a: mac and cheese
|-supereffective|p2a: mac and cheese
|-damage|p2a: mac and cheese|0 fnt
|faint|p2a: mac and cheese
|
|-weather|Snowscape|[upkeep]
|upkeep
|
|t:|1779657288
|switch|p2a: bluemode|Kingambit, M, shiny|100/100
|-activate|p2a: bluemode|ability: Supreme Overlord
|-start|p2a: bluemode|fallen4|[silent]
|turn|22
|
|t:|1779657291
|move|p1a: Ninetales|Moonblast|p2a: bluemode
|-damage|p2a: bluemode|55/100
|move|p2a: bluemode|Iron Head|p1a: Ninetales
|-supereffective|p1a: Ninetales
|-damage|p1a: Ninetales|0 fnt
|faint|p1a: Ninetales
|
|-weather|Snowscape|[upkeep]
|-heal|p2a: bluemode|61/100|[from] item: Leftovers
|upkeep
|
|t:|1779657299
|switch|p1a: Iron Treads|Iron Treads|63/100
|-damage|p1a: Iron Treads|60/100|[from] Stealth Rock
|turn|23
|
|t:|1779657308
|move|p2a: bluemode|Sucker Punch|p1a: Iron Treads
|-damage|p1a: Iron Treads|34/100
|move|p1a: Iron Treads|Earthquake|p2a: bluemode
|-supereffective|p2a: bluemode
|-damage|p2a: bluemode|0 fnt
|faint|p2a: bluemode
|-end|p2a: bluemode|fallen4|[silent]
|
|-weather|none
|upkeep
|
|t:|1779657310
|switch|p2a: suavemente|Quaquaval, F|100/100
|turn|24
|
|t:|1779657315
|-end|p1a: Iron Treads|Quark Drive|[silent]
|switch|p1a: Basculegion|Basculegion-F, F|60/100
|-damage|p1a: Basculegion|48/100|[from] Stealth Rock
|-terastallize|p2a: suavemente|Water
|move|p2a: suavemente|Aqua Step|p1a: Basculegion
|-resisted|p1a: Basculegion
|-damage|p1a: Basculegion|22/100
|-boost|p2a: suavemente|spe|1
|
|upkeep
|turn|25
|
|t:|1779657319
|move|p1a: Basculegion|Shadow Ball|p2a: suavemente
|-damage|p2a: suavemente|33/100
|move|p2a: suavemente|Aqua Step|p1a: Basculegion
|-resisted|p1a: Basculegion
|-damage|p1a: Basculegion|0 fnt
|-boost|p2a: suavemente|spe|1
|faint|p1a: Basculegion
|-ability|p2a: suavemente|Moxie|boost
|-boost|p2a: suavemente|atk|1
|
|upkeep
|
|t:|1779657321
|switch|p1a: Glaceon|Glaceon, F|100/100
|-damage|p1a: Glaceon|76/100|[from] Stealth Rock
|turn|26
|
|t:|1779657325
|-terastallize|p1a: Glaceon|Fairy
|move|p2a: suavemente|Aqua Step|p1a: Glaceon
|-damage|p1a: Glaceon|16/100
|-boost|p2a: suavemente|spe|1
|move|p1a: Glaceon|Freeze-Dry|p2a: suavemente
|-supereffective|p2a: suavemente
|-damage|p2a: suavemente|0 fnt
|faint|p2a: suavemente
|
|win|DropAFreezeDry
|raw|DropAFreezeDry's rating: 1453 &rarr; <strong>1474</strong><br />(+21 for winning)
|raw|and so they's rating: 1464 &rarr; <strong>1443</strong><br />(-21 for losing)
|l|☆and so they
|player|p2|
|l|☆DropAFreezeDry
|player|p1|
