|j|☆qqmatic
|j|☆Maxxxxilla
|t:|1779567744
|gametype|singles
|player|p1|qqmatic|102|1251
|player|p2|Maxxxxilla|alder|1210
|gen|9
|tier|[Gen 9] OU
|rated|
|rule|HP Percentage Mod: HP is shown in percentages
|rule|Endless Battle Clause: Forcing endless battles is banned
|rule|Species Clause: Limit one of each Pokémon
|rule|OHKO Clause: OHKO moves are banned
|rule|Evasion Items Clause: Evasion items are banned
|rule|Evasion Moves Clause: Evasion moves are banned
|rule|Evasion Abilities Clause: Evasion abilities are banned
|rule|Sleep Moves Clause: Sleep-inducing moves are banned
|clearpoke
|poke|p1|Zoroark-Hisui, M|
|poke|p1|Darkrai|
|poke|p1|Ceruledge, M|
|poke|p1|Hydreigon, M|
|poke|p1|Gholdengo|
|poke|p1|Ribombee, M|
|poke|p2|Ceruledge, M|
|poke|p2|Corviknight, F|
|poke|p2|Dragonite, M|
|poke|p2|Iron Valiant|
|poke|p2|Raikou|
|poke|p2|Revavroom, F|
|teampreview
|
|t:|1779567765
|teamsize|p1|6
|teamsize|p2|6
|start
|switch|p1a: Ribombee|Ribombee, M|100/100
|switch|p2a: Revavroom|Revavroom, F|100/100
|-item|p2a: Revavroom|Air Balloon
|turn|1
|
|t:|1779567773
|move|p1a: Ribombee|Trick|p2a: Revavroom
|-activate|p1a: Ribombee|move: Trick|[of] p2a: Revavroom
|-item|p2a: Revavroom|Choice Scarf|[from] move: Trick
|-item|p1a: Ribombee|Air Balloon
|-item|p1a: Ribombee|Air Balloon|[from] move: Trick
|move|p2a: Revavroom|Shift Gear|p2a: Revavroom
|-boost|p2a: Revavroom|spe|2
|-boost|p2a: Revavroom|atk|1
|
|upkeep
|turn|2
|
|t:|1779567789
|switch|p2a: Corviknight|Corviknight, F|100/100
|move|p1a: Ribombee|Sticky Web|p2a: Corviknight
|-sidestart|p2: Maxxxxilla|move: Sticky Web
|
|upkeep
|turn|3
|
|t:|1779567794
|switch|p1a: Gholdengo|Gholdengo|100/100
|-item|p1a: Gholdengo|Air Balloon
|move|p2a: Corviknight|U-turn|p1a: Gholdengo
|-resisted|p1a: Gholdengo
|-damage|p1a: Gholdengo|98/100
|-enditem|p1a: Gholdengo|Air Balloon
|
|t:|1779567802
|switch|p2a: Revavroom|Revavroom, F|100/100|[from] U-turn
|-activate|p2a: Revavroom|move: Sticky Web
|-unboost|p2a: Revavroom|spe|1
|
|upkeep
|turn|4
|
|t:|1779567809
|switch|p1a: Ribombee|Ribombee, M|100/100
|-item|p1a: Ribombee|Air Balloon
|move|p2a: Revavroom|High Horsepower|p1a: Ribombee
|-immune|p1a: Ribombee
|
|upkeep
|turn|5
|
|t:|1779567821
|switch|p2a: Corviknight|Corviknight, F|100/100
|move|p1a: Ribombee|Stun Spore|p2a: Corviknight
|-status|p2a: Corviknight|par
|
|upkeep
|turn|6
|
|t:|1779567826
|move|p1a: Ribombee|Trick|p2a: Corviknight
|-activate|p1a: Ribombee|move: Trick|[of] p2a: Corviknight
|-item|p2a: Corviknight|Air Balloon
|-item|p2a: Corviknight|Air Balloon|[from] move: Trick
|-item|p1a: Ribombee|Leftovers|[from] move: Trick
|move|p2a: Corviknight|U-turn|p1a: Ribombee
|-resisted|p1a: Ribombee
|-damage|p1a: Ribombee|88/100
|
|t:|1779567845
|switch|p2a: Dragonite|Dragonite, M|100/100|[from] U-turn
|
|-heal|p1a: Ribombee|94/100|[from] item: Leftovers
|upkeep
|turn|7
|
|t:|1779567850
|-terastallize|p2a: Dragonite|Normal
|move|p2a: Dragonite|Extreme Speed|p1a: Ribombee
|-damage|p1a: Ribombee|13/100
|move|p1a: Ribombee|Moonblast|p2a: Dragonite
|-damage|p2a: Dragonite|78/100
|
|-heal|p1a: Ribombee|20/100|[from] item: Leftovers
|upkeep
|turn|8
|
|t:|1779567860
|move|p1a: Ribombee|Stun Spore|p2a: Dragonite
|-status|p2a: Dragonite|par
|-enditem|p2a: Dragonite|Lum Berry|[eat]
|-curestatus|p2a: Dragonite|par|[msg]
|move|p2a: Dragonite|Dragon Dance|p2a: Dragonite
|-boost|p2a: Dragonite|atk|1
|-boost|p2a: Dragonite|spe|1
|
|-heal|p1a: Ribombee|26/100|[from] item: Leftovers
|upkeep
|turn|9
|
|t:|1779567869
|move|p2a: Dragonite|Extreme Speed|p1a: Ribombee
|-damage|p1a: Ribombee|0 fnt
|faint|p1a: Ribombee
|
|upkeep
|
|t:|1779567872
|switch|p1a: Hydreigon|Hydreigon, M|100/100
|turn|10
|
|t:|1779567878
|move|p2a: Dragonite|Dragon Claw|p1a: Hydreigon
|-enditem|p1a: Hydreigon|Focus Sash
|-damage|p1a: Hydreigon|1/100
|replace|p1a: Zoroark|Zoroark-Hisui, M
|-end|p1a: Zoroark|Illusion
|move|p1a: Zoroark|Low Kick|p2a: Dragonite
|-supereffective|p2a: Dragonite
|-damage|p2a: Dragonite|0 fnt
|faint|p2a: Dragonite
|
|upkeep
|
|t:|1779567891
|switch|p2a: Corviknight|Corviknight, F|100/100 par
|-item|p2a: Corviknight|Air Balloon
|turn|11
|
|t:|1779567898
|switch|p1a: Gholdengo|Gholdengo|98/100
|move|p2a: Corviknight|Defog|p1a: Gholdengo
|-immune|p1a: Gholdengo|[from] ability: Good as Gold
|
|upkeep
|turn|12
|
|t:|1779567904
|move|p1a: Gholdengo|Nasty Plot|p1a: Gholdengo
|-boost|p1a: Gholdengo|spa|2
|move|p2a: Corviknight|U-turn|p1a: Gholdengo
|-resisted|p1a: Gholdengo
|-damage|p1a: Gholdengo|94/100
|j| onclemondrop
|
|t:|1779567909
|switch|p2a: Revavroom|Revavroom, F|100/100|[from] U-turn
|-activate|p2a: Revavroom|move: Sticky Web
|-unboost|p2a: Revavroom|spe|1
|
|upkeep
|turn|13
|
|t:|1779567913
|move|p2a: Revavroom|High Horsepower|p1a: Gholdengo
|-supereffective|p1a: Gholdengo
|-damage|p1a: Gholdengo|42/100
|move|p1a: Gholdengo|Shadow Ball|p2a: Revavroom
|-crit|p2a: Revavroom
|-damage|p2a: Revavroom|0 fnt
|faint|p2a: Revavroom
|
|upkeep
|
|t:|1779567926
|switch|p2a: Ceruledge|Ceruledge, M|100/100
|-activate|p2a: Ceruledge|move: Sticky Web
|-unboost|p2a: Ceruledge|spe|1
|turn|14
|
|t:|1779567933
|move|p1a: Gholdengo|Shadow Ball|p2a: Ceruledge
|-supereffective|p2a: Ceruledge
|-enditem|p2a: Ceruledge|Focus Sash
|-damage|p2a: Ceruledge|1/100
|-unboost|p2a: Ceruledge|spd|1
|move|p2a: Ceruledge|Bitter Blade|p1a: Gholdengo
|-supereffective|p1a: Gholdengo
|-damage|p1a: Gholdengo|0 fnt
|-heal|p2a: Ceruledge|28/100|[from] drain|[of] p1a: Gholdengo
|faint|p1a: Gholdengo
|
|upkeep
|
|t:|1779567940
|switch|p1a: Hydreigon|Hydreigon, M|1/100
|turn|15
|l| onclemondrop
|
|t:|1779567948
|move|p1a: Hydreigon|Shadow Sneak|p2a: Ceruledge
|-supereffective|p2a: Ceruledge
|-damage|p2a: Ceruledge|0 fnt
|faint|p2a: Ceruledge
|
|upkeep
|
|t:|1779567953
|switch|p2a: Corviknight|Corviknight, F|100/100 par
|-item|p2a: Corviknight|Air Balloon
|turn|16
|
|t:|1779567964
|switch|p1a: Ceruledge|Ceruledge, M|100/100
|move|p2a: Corviknight|Defog|p1a: Ceruledge
|-unboost|p1a: Ceruledge|evasion|1
|-sideend|p2: Maxxxxilla|Sticky Web|[from] move: Defog|[of] p2a: Corviknight
|
|upkeep
|turn|17
|inactive|Battle timer is ON: inactive players will automatically lose when time's up. (requested by qqmatic)
|
|t:|1779567990
|move|p1a: Ceruledge|Swords Dance|p1a: Ceruledge
|-boost|p1a: Ceruledge|atk|2
|move|p2a: Corviknight|U-turn|p1a: Ceruledge
|-resisted|p1a: Ceruledge
|-damage|p1a: Ceruledge|95/100
|-ability|p1a: Ceruledge|Weak Armor|boost
|-unboost|p1a: Ceruledge|def|1
|-boost|p1a: Ceruledge|spe|2
|
|t:|1779568005
|switch|p2a: Raikou|Raikou|100/100|[from] U-turn
|-ability|p2a: Raikou|Pressure
|
|upkeep
|turn|18
|
|t:|1779568010
|-terastallize|p1a: Ceruledge|Grass
|move|p1a: Ceruledge|Poltergeist|p2a: Raikou
|-activate|p2a: Raikou|move: Poltergeist|Life Orb
|-damage|p2a: Raikou|0 fnt
|faint|p2a: Raikou
|
|upkeep
|
|t:|1779568019
|switch|p2a: Iron Valiant|Iron Valiant|100/100
|-enditem|p2a: Iron Valiant|Booster Energy
|-activate|p2a: Iron Valiant|ability: Quark Drive|[fromitem]
|-start|p2a: Iron Valiant|quarkdrivespe
|turn|19
|
|t:|1779568024
|move|p1a: Ceruledge|Poltergeist||[still]
|-fail|p1a: Ceruledge
|move|p2a: Iron Valiant|Moonblast|p1a: Ceruledge
|-damage|p1a: Ceruledge|45/100
|
|upkeep
|turn|20
|
|t:|1779568030
|move|p1a: Ceruledge|Bitter Blade|p2a: Iron Valiant
|-damage|p2a: Iron Valiant|0 fnt
|-heal|p1a: Ceruledge|95/100|[from] drain|[of] p2a: Iron Valiant
|faint|p2a: Iron Valiant
|-end|p2a: Iron Valiant|Quark Drive|[silent]
|
|upkeep
|
|t:|1779568032
|switch|p2a: Corviknight|Corviknight, F|100/100 par
|-item|p2a: Corviknight|Air Balloon
|turn|21
|
|t:|1779568034
|move|p1a: Ceruledge|Bitter Blade|p2a: Corviknight
|-supereffective|p2a: Corviknight
|-damage|p2a: Corviknight|0 fnt
|-heal|p1a: Ceruledge|100/100|[from] drain|[of] p2a: Corviknight
|-enditem|p2a: Corviknight|Air Balloon
|faint|p2a: Corviknight
|
|win|qqmatic
|raw|qqmatic's rating: 1251 &rarr; <strong>1273</strong><br />(+22 for winning)
|raw|Maxxxxilla's rating: 1210 &rarr; <strong>1188</strong><br />(-22 for losing)
|l|☆Maxxxxilla
|player|p2|
|c|☆qqmatic|gg
|l|☆qqmatic
|player|p1|
|j|☆qqmatic
|player|p1|qqmatic|102|
