|j|☆claudechamp
|j|☆JohnnyOregano
|t:|1779698524
|gametype|singles
|player|p1|claudechamp|169|1198
|player|p2|JohnnyOregano|lance-masters|1208
|gen|9
|tier|[Gen 9] OU
|rated|
|rule|HP Percentage Mod: HP is shown in percentages
|rule|Endless Battle Clause: Forcing endless battles is banned
|rule|Species Clause: Limit one of each Pokémon
|rule|OHKO Clause: OHKO moves are banned
|rule|Evasion Items Clause: Evasion items are banned
|rule|Evasion Moves Clause: Evasion moves are banned
|rule|Evasion Abilities Clause: Evasion abilities are banned
|rule|Sleep Moves Clause: Sleep-inducing moves are banned
|clearpoke
|poke|p1|Gliscor, F|
|poke|p1|Ogerpon, F|
|poke|p1|Walking Wake|
|poke|p1|Blissey, F|
|poke|p1|Corviknight, F|
|poke|p1|Pecharunt|
|poke|p2|Gliscor, F|
|poke|p2|Kingambit, F|
|poke|p2|Regieleki|
|poke|p2|Glimmora, M|
|poke|p2|Skeledirge, F|
|poke|p2|Quaquaval, M|
|teampreview
|c|☆claudechamp|hf
|inactive|Battle timer is ON: inactive players will automatically lose when time's up. (requested by claudechamp)
|c|☆JohnnyOregano|u too!
|
|t:|1779698532
|teamsize|p1|6
|teamsize|p2|6
|start
|switch|p1a: Gliscor|Gliscor, F|100/100
|switch|p2a: Quaquaval|Quaquaval, M|100/100
|turn|1
|
|t:|1779698538
|move|p2a: Quaquaval|Aqua Step|p1a: Gliscor
|-supereffective|p1a: Gliscor
|-damage|p1a: Gliscor|38/100
|-boost|p2a: Quaquaval|spe|1
|move|p1a: Gliscor|Toxic|p2a: Quaquaval
|-status|p2a: Quaquaval|tox
|
|-damage|p2a: Quaquaval|94/100 tox|[from] psn
|-status|p1a: Gliscor|tox|[from] item: Toxic Orb
|upkeep
|turn|2
|
|t:|1779698554
|switch|p1a: Walking Wake|Walking Wake|100/100
|move|p2a: Quaquaval|Aqua Step|p1a: Walking Wake
|-resisted|p1a: Walking Wake
|-damage|p1a: Walking Wake|90/100
|-boost|p2a: Quaquaval|spe|1
|
|-damage|p2a: Quaquaval|82/100 tox|[from] psn
|upkeep
|turn|3
|
|t:|1779698563
|move|p2a: Quaquaval|Low Kick|p1a: Walking Wake
|-damage|p1a: Walking Wake|25/100
|move|p1a: Walking Wake|Surf|p2a: Quaquaval
|-resisted|p2a: Quaquaval
|-damage|p2a: Quaquaval|48/100 tox
|
|-damage|p2a: Quaquaval|30/100 tox|[from] psn
|upkeep
|turn|4
|
|t:|1779698575
|move|p2a: Quaquaval|Knock Off|p1a: Walking Wake
|-damage|p1a: Walking Wake|0 fnt
|-enditem|p1a: Walking Wake|Heavy-Duty Boots|[from] move: Knock Off|[of] p2a: Quaquaval
|faint|p1a: Walking Wake
|-end|p1a: Walking Wake|Protosynthesis|[silent]
|-ability|p2a: Quaquaval|Moxie|boost
|-boost|p2a: Quaquaval|atk|1
|
|-damage|p2a: Quaquaval|5/100 tox|[from] psn
|upkeep
|
|t:|1779698584
|switch|p1a: Gliscor|Gliscor, F|38/100 tox
|turn|5
|c|☆JohnnyOregano|why is quackaval frauding
|c|☆JohnnyOregano|:sob
|
|t:|1779698594
|move|p2a: Quaquaval|Aqua Jet|p1a: Gliscor
|-supereffective|p1a: Gliscor
|-damage|p1a: Gliscor|0 fnt
|faint|p1a: Gliscor
|-ability|p2a: Quaquaval|Moxie|boost
|-boost|p2a: Quaquaval|atk|1
|
|-damage|p2a: Quaquaval|0 fnt|[from] psn
|faint|p2a: Quaquaval
|upkeep
|
|t:|1779698604
|switch|p2a: Skeledirge|Skeledirge, F|100/100
|switch|p1a: Corviknight|Corviknight, F|100/100
|-ability|p1a: Corviknight|Pressure
|turn|6
|
|t:|1779698611
|switch|p1a: Ogerpon|Ogerpon, F|100/100
|move|p2a: Skeledirge|Will-O-Wisp|p1a: Ogerpon
|-status|p1a: Ogerpon|brn
|
|-damage|p1a: Ogerpon|95/100 brn|[from] brn
|upkeep
|turn|7
|
|t:|1779698621
|move|p1a: Ogerpon|U-turn|p2a: Skeledirge
|-resisted|p2a: Skeledirge
|-damage|p2a: Skeledirge|99/100
|
|t:|1779698624
|switch|p1a: Blissey|Blissey, F|100/100|[from] U-turn
|move|p2a: Skeledirge|Torch Song|p1a: Blissey
|-damage|p1a: Blissey|91/100
|-boost|p2a: Skeledirge|spa|1
|
|upkeep
|turn|8
|
|t:|1779698629
|-terastallize|p1a: Blissey|Dark
|move|p2a: Skeledirge|Torch Song|p1a: Blissey
|-damage|p1a: Blissey|78/100
|-boost|p2a: Skeledirge|spa|1
|move|p1a: Blissey|Calm Mind|p1a: Blissey
|-boost|p1a: Blissey|spa|1
|-boost|p1a: Blissey|spd|1
|
|upkeep
|turn|9
|
|t:|1779698646
|switch|p1a: Corviknight|Corviknight, F|100/100
|-ability|p1a: Corviknight|Pressure
|move|p2a: Skeledirge|Torch Song|p1a: Corviknight
|-supereffective|p1a: Corviknight
|-damage|p1a: Corviknight|0 fnt
|-boost|p2a: Skeledirge|spa|1
|faint|p1a: Corviknight
|
|upkeep
|
|t:|1779698656
|switch|p1a: Blissey|Blissey, F, tera:Dark|78/100
|turn|10
|
|t:|1779698661
|switch|p1a: Pecharunt|Pecharunt|100/100
|move|p2a: Skeledirge|Torch Song|p1a: Pecharunt
|-damage|p1a: Pecharunt|31/100
|-boost|p2a: Skeledirge|spa|1
|
|upkeep
|turn|11
|
|t:|1779698664
|move|p1a: Pecharunt|Malignant Chain|p2a: Skeledirge
|-resisted|p2a: Skeledirge
|-damage|p2a: Skeledirge|82/100
|-status|p2a: Skeledirge|tox
|-start|p2a: Skeledirge|confusion|[from] ability: Poison Puppeteer|[of] p1a: Pecharunt
|-activate|p2a: Skeledirge|confusion
|move|p2a: Skeledirge|Torch Song|p1a: Pecharunt
|-damage|p1a: Pecharunt|0 fnt
|-boost|p2a: Skeledirge|spa|1
|faint|p1a: Pecharunt
|
|-damage|p2a: Skeledirge|76/100 tox|[from] psn
|upkeep
|
|t:|1779698667
|switch|p1a: Blissey|Blissey, F, tera:Dark|78/100
|turn|12
|
|t:|1779698678
|switch|p1a: Ogerpon|Ogerpon, F|95/100 brn
|-activate|p2a: Skeledirge|confusion
|move|p2a: Skeledirge|Torch Song|p1a: Ogerpon
|-supereffective|p1a: Ogerpon
|-damage|p1a: Ogerpon|0 fnt
|-boost|p2a: Skeledirge|spa|1
|faint|p1a: Ogerpon
|
|-damage|p2a: Skeledirge|64/100 tox|[from] psn
|upkeep
|
|t:|1779698680
|switch|p1a: Blissey|Blissey, F, tera:Dark|78/100
|turn|13
|
|t:|1779698684
|-activate|p2a: Skeledirge|confusion
|move|p2a: Skeledirge|Will-O-Wisp|p1a: Blissey
|-status|p1a: Blissey|brn
|move|p1a: Blissey|Soft-Boiled|p1a: Blissey
|-heal|p1a: Blissey|100/100 brn
|
|-damage|p2a: Skeledirge|46/100 tox|[from] psn
|-damage|p1a: Blissey|94/100 brn|[from] brn
|upkeep
|turn|14
|
|t:|1779698691
|switch|p2a: Gliscor|Gliscor, F|100/100
|move|p1a: Blissey|Stealth Rock|p2a: Gliscor
|-sidestart|p2: JohnnyOregano|move: Stealth Rock
|
|-damage|p1a: Blissey|88/100 brn|[from] brn
|-status|p2a: Gliscor|tox|[from] item: Toxic Orb
|upkeep
|turn|15
|
|t:|1779698697
|move|p2a: Gliscor|Facade|p1a: Blissey
|-damage|p1a: Blissey|52/100 brn
|move|p1a: Blissey|Soft-Boiled|p1a: Blissey
|-heal|p1a: Blissey|100/100 brn
|
|-damage|p1a: Blissey|94/100 brn|[from] brn
|upkeep
|turn|16
|
|t:|1779698703
|move|p2a: Gliscor|Swords Dance|p2a: Gliscor
|-boost|p2a: Gliscor|atk|2
|move|p1a: Blissey|Soft-Boiled|p1a: Blissey
|-heal|p1a: Blissey|100/100 brn
|
|-damage|p1a: Blissey|94/100 brn|[from] brn
|upkeep
|turn|17
|
|t:|1779698706
|-terastallize|p2a: Gliscor|Normal
|move|p2a: Gliscor|Facade|p1a: Blissey
|-damage|p1a: Blissey|0 fnt
|faint|p1a: Blissey
|
|win|JohnnyOregano
|raw|claudechamp's rating: 1165 &rarr; <strong>1143</strong><br />(-22 for losing)
|raw|JohnnyOregano's rating: 1208 &rarr; <strong>1230</strong><br />(+22 for winning)
|c|☆claudechamp|gg
|c|☆JohnnyOregano|gg
