|j|☆acauthen2007
|j|☆claclabar6
|t:|1779686778
|gametype|singles
|player|p1|acauthen2007|gambler|1329
|player|p2|claclabar6|zinzolin|1311
|gen|9
|tier|[Gen 9] OU
|rated|
|rule|HP Percentage Mod: HP is shown in percentages
|rule|Endless Battle Clause: Forcing endless battles is banned
|rule|Species Clause: Limit one of each Pokémon
|rule|OHKO Clause: OHKO moves are banned
|rule|Evasion Items Clause: Evasion items are banned
|rule|Evasion Moves Clause: Evasion moves are banned
|rule|Evasion Abilities Clause: Evasion abilities are banned
|rule|Sleep Moves Clause: Sleep-inducing moves are banned
|clearpoke
|poke|p1|Torkoal, F|
|poke|p1|Ribombee, M|
|poke|p1|Charizard, F|
|poke|p1|Clodsire, M|
|poke|p1|Zamazenta-*|
|poke|p1|Dragonite, F|
|poke|p2|Ninetales-Alola, F|
|poke|p2|Kyurem|
|poke|p2|Moltres-Galar|
|poke|p2|Ogerpon-Wellspring, F|
|poke|p2|Glimmora, M|
|poke|p2|Blaziken, M|
|teampreview
|inactive|Battle timer is ON: inactive players will automatically lose when time's up. (requested by claclabar6)
|
|t:|1779686782
|teamsize|p1|6
|teamsize|p2|6
|start
|switch|p1a: Torkoal|Torkoal, F|100/100
|switch|p2a: Glimmora|Glimmora, M|100/100
|-weather|SunnyDay|[from] ability: Drought|[of] p1a: Torkoal
|turn|1
|
|t:|1779686792
|switch|p1a: Clodsire|Clodsire, M|100/100
|move|p2a: Glimmora|Stealth Rock|p1a: Clodsire
|-sidestart|p1: acauthen2007|move: Stealth Rock
|
|-weather|SunnyDay|[upkeep]
|upkeep
|turn|2
|
|t:|1779686795
|move|p2a: Glimmora|Toxic|p1a: Clodsire
|-status|p1a: Clodsire|tox
|move|p1a: Clodsire|Earthquake|p2a: Glimmora
|-supereffective|p2a: Glimmora
|-enditem|p2a: Glimmora|Focus Sash
|-damage|p2a: Glimmora|1/100
|
|-weather|SunnyDay|[upkeep]
|-damage|p1a: Clodsire|94/100 tox|[from] psn
|upkeep
|turn|3
|
|t:|1779686803
|switch|p2a: Moltres|Moltres-Galar|100/100
|move|p1a: Clodsire|Earthquake|p2a: Moltres
|-immune|p2a: Moltres
|
|-weather|SunnyDay|[upkeep]
|-heal|p1a: Clodsire|100/100 tox|[from] item: Leftovers
|-damage|p1a: Clodsire|88/100 tox|[from] psn
|upkeep
|turn|4
|
|t:|1779686807
|move|p2a: Moltres|Agility|p2a: Moltres
|-boost|p2a: Moltres|spe|2
|move|p1a: Clodsire|Toxic|p2a: Moltres
|-status|p2a: Moltres|tox
|
|-weather|SunnyDay|[upkeep]
|-heal|p1a: Clodsire|94/100 tox|[from] item: Leftovers
|-damage|p2a: Moltres|94/100 tox|[from] psn
|-damage|p1a: Clodsire|75/100 tox|[from] psn
|upkeep
|turn|5
|
|t:|1779686810
|move|p2a: Moltres|Nasty Plot|p2a: Moltres
|-boost|p2a: Moltres|spa|2
|move|p1a: Clodsire|Spikes|p2a: Moltres
|-sidestart|p2: claclabar6|Spikes
|
|-weather|SunnyDay|[upkeep]
|-heal|p1a: Clodsire|82/100 tox|[from] item: Leftovers
|-damage|p2a: Moltres|82/100 tox|[from] psn
|-damage|p1a: Clodsire|57/100 tox|[from] psn
|upkeep
|turn|6
|
|t:|1779686816
|move|p2a: Moltres|Fiery Wrath|p1a: Clodsire
|-damage|p1a: Clodsire|13/100 tox
|cant|p1a: Clodsire|flinch
|
|-weather|SunnyDay|[upkeep]
|-heal|p1a: Clodsire|20/100 tox|[from] item: Leftovers
|-damage|p2a: Moltres|63/100 tox|[from] psn
|-damage|p1a: Clodsire|0 fnt|[from] psn
|faint|p1a: Clodsire
|upkeep
|
|t:|1779686828
|switch|p1a: Dragonite|Dragonite, F|100/100
|turn|7
|
|t:|1779686833
|-terastallize|p1a: Dragonite|Normal
|move|p2a: Moltres|Fiery Wrath|p1a: Dragonite
|-damage|p1a: Dragonite|66/100
|move|p1a: Dragonite|Dragon Dance|p1a: Dragonite
|-boost|p1a: Dragonite|atk|1
|-boost|p1a: Dragonite|spe|1
|
|-weather|SunnyDay|[upkeep]
|-damage|p2a: Moltres|38/100 tox|[from] psn
|upkeep
|-enditem|p2a: Moltres|Sitrus Berry|[eat]
|-heal|p2a: Moltres|63/100 tox|[from] item: Sitrus Berry
|turn|8
|
|t:|1779686838
|-terastallize|p2a: Moltres|Fairy
|move|p1a: Dragonite|Extreme Speed|p2a: Moltres
|-damage|p2a: Moltres|0 fnt
|faint|p2a: Moltres
|
|-weather|none
|upkeep
|
|t:|1779686846
|switch|p2a: Ninetales|Ninetales-Alola, F|100/100
|-damage|p2a: Ninetales|88/100|[from] Spikes
|-weather|Snowscape|[from] ability: Snow Warning|[of] p2a: Ninetales
|turn|9
|
|t:|1779686851
|move|p2a: Ninetales|Aurora Veil|p2a: Ninetales
|-sidestart|p2: claclabar6|move: Aurora Veil
|move|p1a: Dragonite|Roost|p1a: Dragonite
|-heal|p1a: Dragonite|100/100
|
|-weather|Snowscape|[upkeep]
|upkeep
|turn|10
|
|t:|1779686856
|switch|p1a: Torkoal|Torkoal, F|100/100
|-damage|p1a: Torkoal|76/100|[from] Stealth Rock
|-weather|SunnyDay|[from] ability: Drought|[of] p1a: Torkoal
|move|p2a: Ninetales|Moonblast|p1a: Torkoal
|-resisted|p1a: Torkoal
|-damage|p1a: Torkoal|50/100
|-unboost|p1a: Torkoal|spa|1
|
|-weather|SunnyDay|[upkeep]
|upkeep
|turn|11
|
|t:|1779686864
|switch|p2a: Kyurem|Kyurem|100/100
|-damage|p2a: Kyurem|88/100|[from] Spikes
|-ability|p2a: Kyurem|Pressure
|move|p1a: Torkoal|Stealth Rock|p2a: Kyurem
|-sidestart|p2: claclabar6|move: Stealth Rock
|
|-weather|SunnyDay|[upkeep]
|upkeep
|turn|12
|
|t:|1779686870
|move|p2a: Kyurem|Dragon Pulse|p1a: Torkoal
|-damage|p1a: Torkoal|0 fnt
|faint|p1a: Torkoal
|
|-weather|SunnyDay|[upkeep]
|upkeep
|
|t:|1779686879
|switch|p1a: Charizard|Charizard, F|100/100
|-damage|p1a: Charizard|51/100|[from] Stealth Rock
|turn|13
|
|t:|1779686882
|move|p2a: Kyurem|Dragon Pulse|p1a: Charizard
|-damage|p1a: Charizard|0 fnt
|faint|p1a: Charizard
|
|-weather|SunnyDay|[upkeep]
|upkeep
|
|t:|1779686886
|switch|p1a: Zamazenta|Zamazenta|100/100
|-damage|p1a: Zamazenta|94/100|[from] Stealth Rock
|-ability|p1a: Zamazenta|Dauntless Shield|boost
|-boost|p1a: Zamazenta|def|1
|turn|14
|
|t:|1779686894
|move|p2a: Kyurem|Dragon Pulse|p1a: Zamazenta
|-damage|p1a: Zamazenta|47/100
|move|p1a: Zamazenta|Close Combat|p2a: Kyurem
|-supereffective|p2a: Kyurem
|-damage|p2a: Kyurem|7/100
|-unboost|p1a: Zamazenta|def|1
|-unboost|p1a: Zamazenta|spd|1
|
|-weather|SunnyDay|[upkeep]
|upkeep
|turn|15
|
|t:|1779686899
|switch|p1a: Ribombee|Ribombee, M|100/100
|-damage|p1a: Ribombee|76/100|[from] Stealth Rock
|move|p2a: Kyurem|Dragon Pulse|p1a: Ribombee
|-immune|p1a: Ribombee
|
|-weather|SunnyDay|[upkeep]
|upkeep
|turn|16
|
|t:|1779686904
|switch|p2a: Glimmora|Glimmora, M|1/100
|-damage|p2a: Glimmora|0 fnt|[from] Spikes
|faint|p2a: Glimmora
|move|p1a: Ribombee|Sticky Web|p2: Glimmora
|-sidestart|p2: claclabar6|move: Sticky Web
|
|-weather|SunnyDay|[upkeep]
|-sideend|p2: claclabar6|move: Aurora Veil
|upkeep
|
|t:|1779686908
|switch|p2a: Ogerpon|Ogerpon-Wellspring, F|100/100
|-damage|p2a: Ogerpon|88/100|[from] Spikes
|-damage|p2a: Ogerpon|76/100|[from] Stealth Rock
|-activate|p2a: Ogerpon|move: Sticky Web
|-unboost|p2a: Ogerpon|spe|1
|turn|17
|
|t:|1779686914
|switch|p2a: Ninetales|Ninetales-Alola, F|88/100
|-damage|p2a: Ninetales|76/100|[from] Spikes
|-damage|p2a: Ninetales|51/100|[from] Stealth Rock
|-activate|p2a: Ninetales|move: Sticky Web
|-unboost|p2a: Ninetales|spe|1
|-weather|Snowscape|[from] ability: Snow Warning|[of] p2a: Ninetales
|move|p1a: Ribombee|Moonblast|p2a: Ninetales
|-damage|p2a: Ninetales|1/100
|
|-weather|Snowscape|[upkeep]
|upkeep
|turn|18
|
|t:|1779686918
|move|p1a: Ribombee|Moonblast|p2a: Ninetales
|-damage|p2a: Ninetales|0 fnt
|faint|p2a: Ninetales
|
|-weather|Snowscape|[upkeep]
|upkeep
|
|t:|1779686923
|switch|p2a: Blaziken|Blaziken, M|100/100
|-damage|p2a: Blaziken|88/100|[from] Spikes
|-damage|p2a: Blaziken|76/100|[from] Stealth Rock
|-activate|p2a: Blaziken|move: Sticky Web
|-unboost|p2a: Blaziken|spe|1
|turn|19
|
|t:|1779686927
|move|p2a: Blaziken|Protect|p2a: Blaziken
|-singleturn|p2a: Blaziken|Protect
|move|p1a: Ribombee|Stun Spore|p2a: Blaziken
|-activate|p2a: Blaziken|move: Protect
|
|-weather|Snowscape|[upkeep]
|-ability|p2a: Blaziken|Speed Boost|boost
|-boost|p2a: Blaziken|spe|1
|upkeep
|turn|20
|
|t:|1779686932
|move|p1a: Ribombee|Stun Spore|p2a: Blaziken
|-status|p2a: Blaziken|par
|move|p2a: Blaziken|Swords Dance|p2a: Blaziken
|-boost|p2a: Blaziken|atk|2
|
|-weather|Snowscape|[upkeep]
|-ability|p2a: Blaziken|Speed Boost|boost
|-boost|p2a: Blaziken|spe|1
|upkeep
|turn|21
|
|t:|1779686935
|cant|p2a: Blaziken|par
|move|p1a: Ribombee|Moonblast|p2a: Blaziken
|-damage|p2a: Blaziken|12/100 par
|
|-weather|none
|-ability|p2a: Blaziken|Speed Boost|boost
|-boost|p2a: Blaziken|spe|1
|upkeep
|turn|22
|
|t:|1779686942
|move|p2a: Blaziken|Protect|p2a: Blaziken
|-singleturn|p2a: Blaziken|Protect
|move|p1a: Ribombee|Moonblast|p2a: Blaziken
|-activate|p2a: Blaziken|move: Protect
|
|-ability|p2a: Blaziken|Speed Boost|boost
|-boost|p2a: Blaziken|spe|1
|upkeep
|turn|23
|
|t:|1779686945
|move|p1a: Ribombee|Skill Swap|p2a: Blaziken
|-activate|p1a: Ribombee|Skill Swap|Speed Boost|Shield Dust|[of] p2a: Blaziken
|move|p2a: Blaziken|Acrobatics|p1a: Ribombee
|-supereffective|p1a: Ribombee
|-damage|p1a: Ribombee|0 fnt
|faint|p1a: Ribombee
|
|upkeep
|
|t:|1779686951
|switch|p1a: Zamazenta|Zamazenta|47/100
|-damage|p1a: Zamazenta|40/100|[from] Stealth Rock
|turn|24
|
|t:|1779686964
|move|p2a: Blaziken|Protect|p2a: Blaziken
|-singleturn|p2a: Blaziken|Protect
|move|p1a: Zamazenta|Close Combat|p2a: Blaziken
|-activate|p2a: Blaziken|move: Protect
|
|upkeep
|turn|25
|
|t:|1779686966
|move|p1a: Zamazenta|Close Combat|p2a: Blaziken
|-damage|p2a: Blaziken|0 fnt
|-unboost|p1a: Zamazenta|def|1
|-unboost|p1a: Zamazenta|spd|1
|faint|p2a: Blaziken
|
|upkeep
|
|t:|1779686971
|switch|p2a: Kyurem|Kyurem|7/100
|-damage|p2a: Kyurem|0 fnt|[from] Spikes
|faint|p2a: Kyurem
|
|t:|1779686972
|switch|p2a: Ogerpon|Ogerpon-Wellspring, F|76/100
|-damage|p2a: Ogerpon|64/100|[from] Spikes
|-damage|p2a: Ogerpon|51/100|[from] Stealth Rock
|-activate|p2a: Ogerpon|move: Sticky Web
|-unboost|p2a: Ogerpon|spe|1
|turn|26
|
|t:|1779686975
|move|p1a: Zamazenta|Close Combat|p2a: Ogerpon
|-damage|p2a: Ogerpon|0 fnt
|-unboost|p1a: Zamazenta|def|1
|-unboost|p1a: Zamazenta|spd|1
|faint|p2a: Ogerpon
|
|win|acauthen2007
|raw|acauthen2007's rating: 1329 &rarr; <strong>1347</strong><br />(+18 for winning)
|raw|claclabar6's rating: 1288 &rarr; <strong>1266</strong><br />(-22 for losing)
|l|☆claclabar6
|player|p2|
|l|☆acauthen2007
|player|p1|
