|j|☆mid0na/vaaty
|j|☆EmX_14
|t:|1779659125
|gametype|singles
|player|p1|mid0na/vaaty|cynthia|1157
|player|p2|EmX_14|swimmer-gen4dp|1210
|gen|9
|tier|[Gen 9] OU
|rated|
|rule|HP Percentage Mod: HP is shown in percentages
|rule|Endless Battle Clause: Forcing endless battles is banned
|rule|Species Clause: Limit one of each Pokémon
|rule|OHKO Clause: OHKO moves are banned
|rule|Evasion Items Clause: Evasion items are banned
|rule|Evasion Moves Clause: Evasion moves are banned
|rule|Evasion Abilities Clause: Evasion abilities are banned
|rule|Sleep Moves Clause: Sleep-inducing moves are banned
|clearpoke
|poke|p1|Garchomp, M|
|poke|p1|Quaquaval, M|
|poke|p1|Moltres|
|poke|p1|Polteageist|
|poke|p1|Espeon, M|
|poke|p1|Scizor, F|
|poke|p2|Gholdengo|
|poke|p2|Glimmora, M|
|poke|p2|Greninja-*, M|
|poke|p2|Slowking-Galar, F|
|poke|p2|Dragonite, F|
|poke|p2|Pecharunt|
|teampreview
|inactive|Battle timer is ON: inactive players will automatically lose when time's up. (requested by mid0na/vaaty)
|
|t:|1779659148
|teamsize|p1|6
|teamsize|p2|6
|start
|switch|p1a: Espeon|Espeon, M, shiny|100/100
|switch|p2a: Greninja|Greninja, M|100/100
|turn|1
|
|t:|1779659157
|move|p2a: Greninja|U-turn|p1a: Espeon
|-supereffective|p1a: Espeon
|-damage|p1a: Espeon|46/100
|
|t:|1779659175
|switch|p2a: Dragonite|Dragonite, F|100/100|[from] U-turn
|move|p1a: Espeon|Trick|p2a: Dragonite
|-activate|p1a: Espeon|move: Trick|[of] p2a: Dragonite
|-item|p2a: Dragonite|Black Sludge|[from] move: Trick
|-item|p1a: Espeon|Heavy-Duty Boots|[from] move: Trick
|
|-damage|p2a: Dragonite|88/100|[from] item: Black Sludge
|upkeep
|turn|2
|
|t:|1779659189
|move|p2a: Dragonite|Extreme Speed|p1a: Espeon
|-damage|p1a: Espeon|0 fnt
|faint|p1a: Espeon
|
|-damage|p2a: Dragonite|76/100|[from] item: Black Sludge
|upkeep
|
|t:|1779659196
|switch|p1a: Polteageist|Polteageist, shiny|100/100
|turn|3
|
|t:|1779659200
|move|p1a: Polteageist|Strength Sap|p2a: Dragonite
|-unboost|p2a: Dragonite|atk|1
|move|p2a: Dragonite|Earthquake|p1a: Polteageist
|-damage|p1a: Polteageist|50/100
|
|-damage|p2a: Dragonite|63/100|[from] item: Black Sludge
|upkeep
|turn|4
|
|t:|1779659208
|switch|p2a: Pecharunt|Pecharunt|100/100
|move|p1a: Polteageist|Strength Sap|p2a: Pecharunt
|-unboost|p2a: Pecharunt|atk|1
|-heal|p1a: Polteageist|100/100
|
|upkeep
|turn|5
|
|t:|1779659220
|-terastallize|p1a: Polteageist|Normal
|move|p1a: Polteageist|Calm Mind|p1a: Polteageist
|-boost|p1a: Polteageist|spa|1
|-boost|p1a: Polteageist|spd|1
|move|p2a: Pecharunt|Parting Shot|p1a: Polteageist
|-unboost|p1a: Polteageist|atk|1
|-unboost|p1a: Polteageist|spa|1
|
|t:|1779659227
|switch|p2a: Gholdengo|Gholdengo|100/100|[from] Parting Shot
|-item|p2a: Gholdengo|Air Balloon
|
|upkeep
|turn|6
|
|t:|1779659233
|move|p1a: Polteageist|Shadow Ball|p2a: Gholdengo
|-supereffective|p2a: Gholdengo
|-damage|p2a: Gholdengo|0 fnt
|-enditem|p2a: Gholdengo|Air Balloon
|faint|p2a: Gholdengo
|-damage|p1a: Polteageist|91/100|[from] item: Life Orb
|
|upkeep
|
|t:|1779659241
|switch|p2a: Pecharunt|Pecharunt|100/100
|turn|7
|
|t:|1779659246
|move|p1a: Polteageist|Shadow Ball|p2a: Pecharunt
|-supereffective|p2a: Pecharunt
|-damage|p2a: Pecharunt|0 fnt
|faint|p2a: Pecharunt
|-damage|p1a: Polteageist|81/100|[from] item: Life Orb
|
|upkeep
|
|t:|1779659253
|switch|p2a: Dragonite|Dragonite, F|63/100
|turn|8
|
|t:|1779659257
|move|p1a: Polteageist|Strength Sap|p2a: Dragonite
|-unboost|p2a: Dragonite|atk|1
|-heal|p1a: Polteageist|100/100
|move|p2a: Dragonite|Earthquake|p1a: Polteageist
|-damage|p1a: Polteageist|48/100
|
|-damage|p2a: Dragonite|51/100|[from] item: Black Sludge
|upkeep
|turn|9
|
|t:|1779659266
|move|p1a: Polteageist|Strength Sap|p2a: Dragonite
|-unboost|p2a: Dragonite|atk|1
|-heal|p1a: Polteageist|100/100
|move|p2a: Dragonite|Earthquake|p1a: Polteageist
|-damage|p1a: Polteageist|66/100
|
|-damage|p2a: Dragonite|38/100|[from] item: Black Sludge
|upkeep
|turn|10
|
|t:|1779659276
|move|p1a: Polteageist|Will-O-Wisp|p2a: Dragonite
|-status|p2a: Dragonite|brn
|move|p2a: Dragonite|Roost|p2a: Dragonite
|-heal|p2a: Dragonite|88/100 brn
|-singleturn|p2a: Dragonite|move: Roost
|
|-damage|p2a: Dragonite|76/100 brn|[from] item: Black Sludge
|-damage|p2a: Dragonite|70/100 brn|[from] brn
|upkeep
|turn|11
|
|t:|1779659287
|move|p1a: Polteageist|Strength Sap|p2a: Dragonite
|-unboost|p2a: Dragonite|atk|1
|-heal|p1a: Polteageist|100/100
|move|p2a: Dragonite|Roost|p2a: Dragonite
|-heal|p2a: Dragonite|100/100 brn
|-singleturn|p2a: Dragonite|move: Roost
|
|-damage|p2a: Dragonite|88/100 brn|[from] item: Black Sludge
|-damage|p2a: Dragonite|82/100 brn|[from] brn
|upkeep
|turn|12
|
|t:|1779659299
|switch|p2a: Greninja|Greninja, M|100/100
|move|p1a: Polteageist|Calm Mind|p1a: Polteageist
|-boost|p1a: Polteageist|spa|1
|-boost|p1a: Polteageist|spd|1
|
|upkeep
|turn|13
|
|t:|1779659306
|move|p2a: Greninja|Surf|p1a: Polteageist
|-damage|p1a: Polteageist|66/100
|move|p1a: Polteageist|Shadow Ball|p2a: Greninja
|-resisted|p2a: Greninja
|-damage|p2a: Greninja|40/100
|-damage|p1a: Polteageist|56/100|[from] item: Life Orb
|
|upkeep
|turn|14
|
|t:|1779659315
|move|p2a: Greninja|Surf|p1a: Polteageist
|-crit|p1a: Polteageist
|-damage|p1a: Polteageist|0 fnt
|faint|p1a: Polteageist
|-ability|p2a: Greninja|Battle Bond|boost
|-boost|p2a: Greninja|atk|1
|-boost|p2a: Greninja|spa|1
|-boost|p2a: Greninja|spe|1
|-activate|p2a: Greninja|ability: Battle Bond
|
|upkeep
|
|t:|1779659328
|switch|p1a: Scizor|Scizor, F, shiny|100/100
|turn|15
|
|t:|1779659342
|switch|p2a: Dragonite|Dragonite, F|82/100 brn
|move|p1a: Scizor|Bullet Punch|p2a: Dragonite
|-damage|p2a: Dragonite|52/100 brn
|
|-damage|p2a: Dragonite|40/100 brn|[from] item: Black Sludge
|-damage|p2a: Dragonite|34/100 brn|[from] brn
|upkeep
|turn|16
|
|t:|1779659351
|move|p1a: Scizor|Bullet Punch|p2a: Dragonite
|-damage|p2a: Dragonite|2/100 brn
|move|p2a: Dragonite|Roost|p2a: Dragonite
|-heal|p2a: Dragonite|52/100 brn
|-singleturn|p2a: Dragonite|move: Roost
|
|-damage|p2a: Dragonite|39/100 brn|[from] item: Black Sludge
|-damage|p2a: Dragonite|33/100 brn|[from] brn
|upkeep
|turn|17
|
|t:|1779659362
|move|p1a: Scizor|Bullet Punch|p2a: Dragonite
|-damage|p2a: Dragonite|1/100 brn
|move|p2a: Dragonite|Roost|p2a: Dragonite
|-heal|p2a: Dragonite|51/100 brn
|-singleturn|p2a: Dragonite|move: Roost
|
|-damage|p2a: Dragonite|39/100 brn|[from] item: Black Sludge
|-damage|p2a: Dragonite|33/100 brn|[from] brn
|upkeep
|turn|18
|
|t:|1779659372
|move|p1a: Scizor|Bullet Punch|p2a: Dragonite
|-damage|p2a: Dragonite|0 fnt
|faint|p2a: Dragonite
|
|upkeep
|
|t:|1779659384
|switch|p2a: Glimmora|Glimmora, M, shiny|100/100
|turn|19
|
|t:|1779659390
|move|p2a: Glimmora|Stealth Rock|p1a: Scizor
|-sidestart|p1: mid0na/vaaty|move: Stealth Rock
|move|p1a: Scizor|Knock Off|p2a: Glimmora
|-damage|p2a: Glimmora|64/100
|-activate|p2a: Glimmora|ability: Toxic Debris
|-sidestart|p1: mid0na/vaaty|move: Toxic Spikes
|-enditem|p2a: Glimmora|Red Card|[from] move: Knock Off|[of] p1a: Scizor
|
|upkeep
|turn|20
|
|t:|1779659401
|move|p1a: Scizor|Bullet Punch|p2a: Glimmora
|-supereffective|p2a: Glimmora
|-damage|p2a: Glimmora|0 fnt
|-activate|p2a: Glimmora|ability: Toxic Debris
|-sidestart|p1: mid0na/vaaty|move: Toxic Spikes
|faint|p2a: Glimmora
|
|upkeep
|
|t:|1779659404
|switch|p2a: Slowking|Slowking-Galar, F|100/100
|turn|21
|
|t:|1779659412
|move|p1a: Scizor|Knock Off|p2a: Slowking
|-supereffective|p2a: Slowking
|-damage|p2a: Slowking|21/100
|-enditem|p2a: Slowking|Heavy-Duty Boots|[from] move: Knock Off|[of] p1a: Scizor
|move|p2a: Slowking|Future Sight|p1a: Scizor
|-start|p2a: Slowking|move: Future Sight
|
|upkeep
|turn|22
|
|t:|1779659419
|move|p1a: Scizor|Knock Off|p2a: Slowking
|-supereffective|p2a: Slowking
|-damage|p2a: Slowking|0 fnt
|faint|p2a: Slowking
|
|upkeep
|
|t:|1779659422
|switch|p2a: Greninja|Greninja, M|40/100
|turn|23
|l|☆EmX_14
|inactive|EmX_14 disconnected and has a minute to reconnect!
|player|p2|
|
|t:|1779659429
|move|p2a: Greninja|Surf|p1a: Scizor
|-damage|p1a: Scizor|12/100
|move|p1a: Scizor|Trailblaze|p2a: Greninja
|-supereffective|p2a: Greninja
|-damage|p2a: Greninja|0 fnt
|-boost|p1a: Scizor|spe|1
|faint|p2a: Greninja
|
|win|mid0na/vaaty
|raw|mid0na&#x2f;vaaty's rating: 1157 &rarr; <strong>1186</strong><br />(+29 for winning)
|raw|EmX_14's rating: 1210 &rarr; <strong>1181</strong><br />(-29 for losing)
