|j|☆never say glhf
|j|‽wheezsumbeez
|t:|1779583992
|gametype|singles
|player|p1|never say glhf|gwynn|1525
|player|p2|wheezsumbeez|roxie|1460
|gen|9
|tier|[Gen 9] OU
|rated|
|rule|HP Percentage Mod: HP is shown in percentages
|rule|Endless Battle Clause: Forcing endless battles is banned
|rule|Species Clause: Limit one of each Pokémon
|rule|OHKO Clause: OHKO moves are banned
|rule|Evasion Items Clause: Evasion items are banned
|rule|Evasion Moves Clause: Evasion moves are banned
|rule|Evasion Abilities Clause: Evasion abilities are banned
|rule|Sleep Moves Clause: Sleep-inducing moves are banned
|clearpoke
|poke|p1|Tornadus-Therian, M|
|poke|p1|Slowking-Galar, M|
|poke|p1|Iron Valiant|
|poke|p1|Iron Treads|
|poke|p1|Dragapult, F|
|poke|p1|Kingambit, M|
|poke|p2|Weezing-Galar, M|
|poke|p2|Heatran, F|
|poke|p2|Primarina, F|
|poke|p2|Mamoswine, F|
|poke|p2|Ogerpon-Wellspring, F|
|poke|p2|Dragapult, F|
|teampreview
|c|☆never say glhf|gl
|inactive|Battle timer is ON: inactive players will automatically lose when time's up. (requested by never say glhf)
|inactive|wheezsumbeez has 120 seconds left.
|
|t:|1779584047
|teamsize|p1|6
|teamsize|p2|6
|start
|switch|p1a: Dragapult|Dragapult, F|100/100
|switch|p2a: Weezing|Weezing-Galar, M|100/100
|turn|1
|
|t:|1779584061
|switch|p2a: Heatran|Heatran, F|100/100
|move|p1a: Dragapult|U-turn|p2a: Heatran
|-resisted|p2a: Heatran
|-crit|p2a: Heatran
|-damage|p2a: Heatran|94/100
|
|t:|1779584065
|switch|p1a: Iron Treads|Iron Treads|100/100|[from] U-turn
|
|-heal|p2a: Heatran|99/100|[from] item: Leftovers
|upkeep
|turn|2
|
|t:|1779584093
|switch|p2a: Weezing|Weezing-Galar, M|100/100
|move|p1a: Iron Treads|Earthquake|p2a: Weezing
|-immune|p2a: Weezing|[from] ability: Levitate
|
|upkeep
|turn|3
|
|t:|1779584098
|-end|p1a: Iron Treads|Quark Drive|[silent]
|switch|p1a: Slowking|Slowking-Galar, M|100/100
|move|p2a: Weezing|Will-O-Wisp|p1a: Slowking
|-status|p1a: Slowking|brn
|
|-damage|p1a: Slowking|94/100 brn|[from] brn
|upkeep
|turn|4
|
|t:|1779584105
|switch|p2a: Heatran|Heatran, F|99/100
|move|p1a: Slowking|Psychic Noise|p2a: Heatran
|-resisted|p2a: Heatran
|-damage|p2a: Heatran|91/100
|-start|p2a: Heatran|move: Heal Block
|
|-damage|p1a: Slowking|88/100 brn|[from] brn
|upkeep
|turn|5
|
|t:|1779584116
|move|p2a: Heatran|Stealth Rock|p1a: Slowking
|-sidestart|p1: never say glhf|move: Stealth Rock
|-prepare|p1a: Slowking|Chilly Reception|[premajor]
|move|p1a: Slowking|Chilly Reception|p1a: Slowking
|-weather|Snowscape
|
|t:|1779584123
|switch|p1a: Iron Valiant|Iron Valiant|100/100|[from] Chilly Reception
|-damage|p1a: Iron Valiant|94/100|[from] Stealth Rock
|-enditem|p1a: Iron Valiant|Booster Energy
|-activate|p1a: Iron Valiant|ability: Quark Drive|[fromitem]
|-start|p1a: Iron Valiant|quarkdrivespe
|
|-weather|Snowscape|[upkeep]
|-end|p2a: Heatran|move: Heal Block
|upkeep
|turn|6
|
|t:|1779584131
|switch|p2a: Weezing|Weezing-Galar, M|100/100
|move|p1a: Iron Valiant|Encore||[still]
|-fail|p1a: Iron Valiant
|
|-weather|Snowscape|[upkeep]
|upkeep
|turn|7
|
|t:|1779584142
|-end|p1a: Iron Valiant|Quark Drive|[silent]
|switch|p1a: Slowking|Slowking-Galar, M|100/100 brn
|move|p2a: Weezing|Strange Steam|p1a: Slowking
|-resisted|p1a: Slowking
|-damage|p1a: Slowking|92/100 brn
|
|-weather|Snowscape|[upkeep]
|-damage|p1a: Slowking|86/100 brn|[from] brn
|upkeep
|turn|8
|
|t:|1779584150
|switch|p2a: Heatran|Heatran, F|91/100
|-prepare|p1a: Slowking|Chilly Reception|[premajor]
|move|p1a: Slowking|Chilly Reception|p1a: Slowking
|
|t:|1779584163
|switch|p1a: Iron Treads|Iron Treads|100/100|[from] Chilly Reception
|-damage|p1a: Iron Treads|97/100|[from] Stealth Rock
|
|-weather|Snowscape|[upkeep]
|-heal|p1a: Iron Treads|100/100|[from] item: Leftovers
|-heal|p2a: Heatran|98/100|[from] item: Leftovers
|upkeep
|turn|9
|inactive|wheezsumbeez has 120 seconds left.
|
|t:|1779584201
|move|p1a: Iron Treads|Stealth Rock|p2a: Heatran
|-sidestart|p2: wheezsumbeez|move: Stealth Rock
|move|p2a: Heatran|Magma Storm|p1a: Iron Treads
|-supereffective|p1a: Iron Treads
|-damage|p1a: Iron Treads|0 fnt
|faint|p1a: Iron Treads
|-end|p1a: Iron Treads|Quark Drive|[silent]
|
|-weather|none
|-heal|p2a: Heatran|100/100|[from] item: Leftovers
|upkeep
|c|☆never say glhf|lowkey
|c|☆never say glhf|how do i even get past this mon
|inactive|never say glhf has 120 seconds left.
|inactive|never say glhf has 90 seconds left.
|
|t:|1779584273
|switch|p1a: Iron Valiant|Iron Valiant|94/100
|-damage|p1a: Iron Valiant|88/100|[from] Stealth Rock
|turn|10
|inactive|wheezsumbeez has 120 seconds left.
|
|t:|1779584295
|switch|p2a: Weezing|Weezing-Galar, M|100/100
|-damage|p2a: Weezing|88/100|[from] Stealth Rock
|move|p1a: Iron Valiant|Calm Mind|p1a: Iron Valiant
|-boost|p1a: Iron Valiant|spa|1
|-boost|p1a: Iron Valiant|spd|1
|
|-heal|p2a: Weezing|94/100|[from] item: Leftovers
|upkeep
|turn|11
|
|t:|1779584305
|switch|p2a: Heatran|Heatran, F|100/100
|-damage|p2a: Heatran|88/100|[from] Stealth Rock
|-terastallize|p1a: Iron Valiant|Ghost
|move|p1a: Iron Valiant|Calm Mind|p1a: Iron Valiant
|-boost|p1a: Iron Valiant|spa|1
|-boost|p1a: Iron Valiant|spd|1
|
|-heal|p2a: Heatran|94/100|[from] item: Leftovers
|upkeep
|turn|12
|
|t:|1779584318
|move|p1a: Iron Valiant|Shadow Ball|p2a: Heatran
|-damage|p2a: Heatran|42/100
|move|p2a: Heatran|Magma Storm|p1a: Iron Valiant
|-damage|p1a: Iron Valiant|53/100
|-activate|p1a: Iron Valiant|move: Magma Storm|[of] p2a: Heatran
|
|-heal|p2a: Heatran|48/100|[from] item: Leftovers
|-damage|p1a: Iron Valiant|40/100|[from] move: Magma Storm|[partiallytrapped]
|upkeep
|turn|13
|
|t:|1779584326
|move|p2a: Heatran|Protect|p2a: Heatran
|-singleturn|p2a: Heatran|Protect
|move|p1a: Iron Valiant|Shadow Ball|p2a: Heatran
|-activate|p2a: Heatran|move: Protect
|
|-heal|p2a: Heatran|54/100|[from] item: Leftovers
|-damage|p1a: Iron Valiant|28/100|[from] move: Magma Storm|[partiallytrapped]
|upkeep
|turn|14
|inactive|wheezsumbeez has 120 seconds left.
|
|t:|1779584340
|switch|p2a: Primarina|Primarina, F|100/100
|-damage|p2a: Primarina|88/100|[from] Stealth Rock
|move|p1a: Iron Valiant|Shadow Ball|p2a: Primarina
|-damage|p2a: Primarina|35/100
|
|-end|p1a: Iron Valiant|Magma Storm|[partiallytrapped]|[silent]
|upkeep
|turn|15
|j| venom10cay
|inactive|wheezsumbeez has 120 seconds left.
|
|t:|1779584349
|move|p1a: Iron Valiant|Shadow Ball|p2a: Primarina
|-damage|p2a: Primarina|0 fnt
|faint|p2a: Primarina
|
|upkeep
|
|t:|1779584353
|switch|p2a: Mamoswine|Mamoswine, F|100/100
|-damage|p2a: Mamoswine|88/100|[from] Stealth Rock
|turn|16
|
|t:|1779584370
|move|p2a: Mamoswine|Ice Shard|p1a: Iron Valiant
|-damage|p1a: Iron Valiant|0 fnt
|faint|p1a: Iron Valiant
|-end|p1a: Iron Valiant|Quark Drive|[silent]
|
|upkeep
|
|t:|1779584375
|switch|p1a: Kingambit|Kingambit, M|100/100
|-damage|p1a: Kingambit|94/100|[from] Stealth Rock
|-activate|p1a: Kingambit|ability: Supreme Overlord
|-start|p1a: Kingambit|fallen2|[silent]
|turn|17
|
|t:|1779584384
|switch|p2a: Weezing|Weezing-Galar, M|94/100
|-damage|p2a: Weezing|82/100|[from] Stealth Rock
|move|p1a: Kingambit|Swords Dance|p1a: Kingambit
|-boost|p1a: Kingambit|atk|2
|
|-heal|p2a: Weezing|88/100|[from] item: Leftovers
|-heal|p1a: Kingambit|100/100|[from] item: Leftovers
|upkeep
|turn|18
|
|t:|1779584394
|-terastallize|p2a: Weezing|Steel
|move|p2a: Weezing|Will-O-Wisp|p1a: Kingambit
|-status|p1a: Kingambit|brn
|move|p1a: Kingambit|Swords Dance|p1a: Kingambit
|-boost|p1a: Kingambit|atk|2
|
|-heal|p2a: Weezing|94/100|[from] item: Leftovers
|-damage|p1a: Kingambit|94/100 brn|[from] brn
|upkeep
|turn|19
|
|t:|1779584407
|move|p2a: Weezing|Defog|p1a: Kingambit
|-unboost|p1a: Kingambit|evasion|1
|-sideend|p1: never say glhf|Stealth Rock|[from] move: Defog|[of] p2a: Weezing
|-sideend|p2: wheezsumbeez|Stealth Rock|[from] move: Defog|[of] p2a: Weezing
|move|p1a: Kingambit|Swords Dance|p1a: Kingambit
|-boost|p1a: Kingambit|atk|2
|
|-heal|p2a: Weezing|99/100|[from] item: Leftovers
|-heal|p1a: Kingambit|100/100 brn|[from] item: Leftovers
|-damage|p1a: Kingambit|94/100 brn|[from] brn
|upkeep
|turn|20
|
|t:|1779584424
|move|p2a: Weezing|Strange Steam|p1a: Kingambit
|-damage|p1a: Kingambit|67/100 brn
|move|p1a: Kingambit|Kowtow Cleave|p2a: Weezing
|-damage|p2a: Weezing|21/100
|
|-heal|p2a: Weezing|27/100|[from] item: Leftovers
|-heal|p1a: Kingambit|74/100 brn|[from] item: Leftovers
|-damage|p1a: Kingambit|67/100 brn|[from] brn
|upkeep
|turn|21
|
|t:|1779584432
|move|p2a: Weezing|Strange Steam|p1a: Kingambit
|-damage|p1a: Kingambit|41/100 brn
|move|p1a: Kingambit|Kowtow Cleave|p2a: Weezing
|-damage|p2a: Weezing|0 fnt
|faint|p2a: Weezing
|
|-heal|p1a: Kingambit|47/100 brn|[from] item: Leftovers
|-damage|p1a: Kingambit|41/100 brn|[from] brn
|upkeep
|
|t:|1779584444
|switch|p2a: Heatran|Heatran, F|54/100
|turn|22
|
|t:|1779584450
|move|p2a: Heatran|Protect|p2a: Heatran
|-singleturn|p2a: Heatran|Protect
|move|p1a: Kingambit|Sucker Punch||[still]
|-fail|p1a: Kingambit
|
|-heal|p2a: Heatran|60/100|[from] item: Leftovers
|-heal|p1a: Kingambit|47/100 brn|[from] item: Leftovers
|-damage|p1a: Kingambit|41/100 brn|[from] brn
|upkeep
|turn|23
|
|t:|1779584458
|move|p1a: Kingambit|Sucker Punch|p2a: Heatran
|-damage|p2a: Heatran|0 fnt
|faint|p2a: Heatran
|
|-heal|p1a: Kingambit|47/100 brn|[from] item: Leftovers
|-damage|p1a: Kingambit|41/100 brn|[from] brn
|upkeep
|
|t:|1779584475
|switch|p2a: Ogerpon|Ogerpon-Wellspring, F|100/100
|turn|24
|
|t:|1779584490
|move|p1a: Kingambit|Sucker Punch|p2a: Ogerpon
|-damage|p2a: Ogerpon|0 fnt
|faint|p2a: Ogerpon
|
|-heal|p1a: Kingambit|47/100 brn|[from] item: Leftovers
|-damage|p1a: Kingambit|41/100 brn|[from] brn
|upkeep
|
|t:|1779584497
|switch|p2a: Mamoswine|Mamoswine, F|88/100
|turn|25
|
|t:|1779584507
|move|p1a: Kingambit|Sucker Punch|p2a: Mamoswine
|-damage|p2a: Mamoswine|0 fnt
|faint|p2a: Mamoswine
|
|-heal|p1a: Kingambit|47/100 brn|[from] item: Leftovers
|-damage|p1a: Kingambit|41/100 brn|[from] brn
|upkeep
|c|☆never say glhf|oh nvm
|c|☆never say glhf|gg
|-message|wheezsumbeez forfeited.
|
|win|never say glhf
|raw|never say glhf's rating: 1525 &rarr; <strong>1541</strong><br />(+16 for winning)
|raw|wheezsumbeez's rating: 1460 &rarr; <strong>1444</strong><br />(-16 for losing)
|l|‽wheezsumbeez
|player|p2|
