|j|☆crimson night raid
|j|☆yoribori
|t:|1779577740
|gametype|singles
|player|p1|crimson night raid|unknownf|1668
|player|p2|yoribori|flannery|1685
|gen|9
|tier|[Gen 9] OU
|rated|
|rule|HP Percentage Mod: HP is shown in percentages
|rule|Endless Battle Clause: Forcing endless battles is banned
|rule|Species Clause: Limit one of each Pokémon
|rule|OHKO Clause: OHKO moves are banned
|rule|Evasion Items Clause: Evasion items are banned
|rule|Evasion Moves Clause: Evasion moves are banned
|rule|Evasion Abilities Clause: Evasion abilities are banned
|rule|Sleep Moves Clause: Sleep-inducing moves are banned
|clearpoke
|poke|p1|Great Tusk|
|poke|p1|Deoxys-Speed|
|poke|p1|Iron Valiant|
|poke|p1|Ceruledge, F|
|poke|p1|Kyurem|
|poke|p1|Kingambit, F|
|poke|p2|Tyranitar, M|
|poke|p2|Excadrill, F|
|poke|p2|Rotom-Wash|
|poke|p2|Hydrapple, M|
|poke|p2|Fezandipiti, M|
|poke|p2|Blaziken, M|
|teampreview
|inactive|Battle timer is ON: inactive players will automatically lose when time's up. (requested by yoribori)
|inactive|crimson night raid also wants the timer to be on.
|
|t:|1779577755
|teamsize|p1|6
|teamsize|p2|6
|start
|switch|p1a: Kingambit|Kingambit, F|100/100
|switch|p2a: Tyranitar|Tyranitar, M|100/100
|-weather|Sandstorm|[from] ability: Sand Stream|[of] p2a: Tyranitar
|turn|1
|
|t:|1779577767
|-end|p1a: Kingambit|fallenundefined|[silent]
|switch|p1a: Great Tusk|Great Tusk|100/100
|-enditem|p1a: Great Tusk|Booster Energy
|-activate|p1a: Great Tusk|ability: Protosynthesis|[fromitem]
|-start|p1a: Great Tusk|protosynthesisspe
|switch|p2a: Rotom|Rotom-Wash|100/100
|
|-weather|Sandstorm|[upkeep]
|-damage|p2a: Rotom|94/100|[from] Sandstorm
|upkeep
|turn|2
|
|t:|1779577773
|-end|p1a: Great Tusk|Protosynthesis|[silent]
|switch|p1a: Deoxys|Deoxys-Speed|100/100
|-ability|p1a: Deoxys|Pressure
|move|p2a: Rotom|Hydro Pump|p1a: Deoxys
|-damage|p1a: Deoxys|35/100
|-enditem|p1a: Deoxys|Red Card|[of] p2a: Rotom
|drag|p2a: Hydrapple|Hydrapple, M|100/100
|
|-weather|Sandstorm|[upkeep]
|-damage|p1a: Deoxys|29/100|[from] Sandstorm
|-damage|p2a: Hydrapple|94/100|[from] Sandstorm
|upkeep
|turn|3
|
|t:|1779577781
|move|p1a: Deoxys|Stealth Rock|p2a: Hydrapple
|-sidestart|p2: yoribori|move: Stealth Rock
|move|p2a: Hydrapple|Giga Drain|p1a: Deoxys
|-damage|p1a: Deoxys|0 fnt
|-heal|p2a: Hydrapple|100/100|[from] drain|[of] p1a: Deoxys
|faint|p1a: Deoxys
|-damage|p2a: Hydrapple|91/100|[from] item: Life Orb
|
|-weather|Sandstorm|[upkeep]
|-damage|p2a: Hydrapple|84/100|[from] Sandstorm
|upkeep
|
|t:|1779577783
|switch|p1a: Kyurem|Kyurem|100/100
|-ability|p1a: Kyurem|Pressure
|turn|4
|
|t:|1779577788
|switch|p2a: Tyranitar|Tyranitar, M|100/100
|-damage|p2a: Tyranitar|88/100|[from] Stealth Rock
|move|p1a: Kyurem|Dragon Dance|p1a: Kyurem
|-boost|p1a: Kyurem|atk|1
|-boost|p1a: Kyurem|spe|1
|
|-weather|Sandstorm|[upkeep]
|-damage|p1a: Kyurem|94/100|[from] Sandstorm
|-heal|p2a: Tyranitar|94/100|[from] item: Leftovers
|upkeep
|turn|5
|
|t:|1779577797
|switch|p1a: Kingambit|Kingambit, F|100/100
|-activate|p1a: Kingambit|ability: Supreme Overlord
|-start|p1a: Kingambit|fallen1|[silent]
|move|p2a: Tyranitar|Roar|p1a: Kingambit
|-end|p1a: Kingambit|fallen1|[silent]
|drag|p1a: Iron Valiant|Iron Valiant|100/100
|-enditem|p1a: Iron Valiant|Booster Energy
|-activate|p1a: Iron Valiant|ability: Quark Drive|[fromitem]
|-start|p1a: Iron Valiant|quarkdrivespe
|
|-weather|none
|-heal|p2a: Tyranitar|100/100|[from] item: Leftovers
|upkeep
|turn|6
|
|t:|1779577803
|switch|p2a: Fezandipiti|Fezandipiti, M|100/100
|move|p1a: Iron Valiant|Knock Off|p2a: Fezandipiti
|-resisted|p2a: Fezandipiti
|-damage|p2a: Fezandipiti|85/100
|-enditem|p2a: Fezandipiti|Heavy-Duty Boots|[from] move: Knock Off|[of] p1a: Iron Valiant
|
|upkeep
|turn|7
|
|t:|1779577810
|-end|p1a: Iron Valiant|Quark Drive|[silent]
|switch|p1a: Kingambit|Kingambit, F|100/100
|-activate|p1a: Kingambit|ability: Supreme Overlord
|-start|p1a: Kingambit|fallen1|[silent]
|move|p2a: Fezandipiti|Play Rough|p1a: Kingambit
|-damage|p1a: Kingambit|73/100
|
|-heal|p1a: Kingambit|79/100|[from] item: Leftovers
|upkeep
|turn|8
|
|t:|1779577825
|move|p2a: Fezandipiti|U-turn|p1a: Kingambit
|-damage|p1a: Kingambit|64/100
|
|t:|1779577828
|switch|p2a: Rotom|Rotom-Wash|94/100|[from] U-turn
|-damage|p2a: Rotom|82/100|[from] Stealth Rock
|move|p1a: Kingambit|Swords Dance|p1a: Kingambit
|-boost|p1a: Kingambit|atk|2
|
|-heal|p1a: Kingambit|70/100|[from] item: Leftovers
|upkeep
|turn|9
|
|t:|1779577856
|-end|p1a: Kingambit|fallen1|[silent]
|switch|p1a: Ceruledge|Ceruledge, F|100/100
|-item|p1a: Ceruledge|Air Balloon
|move|p2a: Rotom|Will-O-Wisp|p1a: Ceruledge|[miss]
|-miss|p2a: Rotom|p1a: Ceruledge
|
|upkeep
|turn|10
|
|t:|1779577868
|switch|p2a: Tyranitar|Tyranitar, M|100/100
|-damage|p2a: Tyranitar|88/100|[from] Stealth Rock
|-weather|Sandstorm|[from] ability: Sand Stream|[of] p2a: Tyranitar
|move|p1a: Ceruledge|Poltergeist|p2a: Tyranitar
|-activate|p2a: Tyranitar|move: Poltergeist|Leftovers
|-resisted|p2a: Tyranitar
|-damage|p2a: Tyranitar|65/100
|
|-weather|Sandstorm|[upkeep]
|-damage|p1a: Ceruledge|94/100|[from] Sandstorm
|-heal|p2a: Tyranitar|71/100|[from] item: Leftovers
|upkeep
|turn|11
|
|t:|1779577874
|switch|p1a: Great Tusk|Great Tusk|100/100
|move|p2a: Tyranitar|Knock Off|p1a: Great Tusk
|-resisted|p1a: Great Tusk
|-damage|p1a: Great Tusk|92/100
|
|-weather|Sandstorm|[upkeep]
|-heal|p2a: Tyranitar|77/100|[from] item: Leftovers
|upkeep
|turn|12
|
|t:|1779577880
|switch|p2a: Rotom|Rotom-Wash|82/100
|-damage|p2a: Rotom|69/100|[from] Stealth Rock
|move|p1a: Great Tusk|Bulk Up|p1a: Great Tusk
|-boost|p1a: Great Tusk|atk|1
|-boost|p1a: Great Tusk|def|1
|
|-weather|Sandstorm|[upkeep]
|-damage|p2a: Rotom|63/100|[from] Sandstorm
|upkeep
|turn|13
|
|t:|1779577895
|move|p2a: Rotom|Hydro Pump|p1a: Great Tusk
|-supereffective|p1a: Great Tusk
|-damage|p1a: Great Tusk|0 fnt
|faint|p1a: Great Tusk
|-end|p1a: Great Tusk|Protosynthesis|[silent]
|
|-weather|Sandstorm|[upkeep]
|-damage|p2a: Rotom|57/100|[from] Sandstorm
|upkeep
|
|t:|1779577901
|switch|p1a: Kyurem|Kyurem|94/100
|-ability|p1a: Kyurem|Pressure
|turn|14
|j| Rheidarion
|
|t:|1779577914
|switch|p2a: Blaziken|Blaziken, M|100/100
|-damage|p2a: Blaziken|88/100|[from] Stealth Rock
|move|p1a: Kyurem|Icicle Spear|p2a: Blaziken
|-resisted|p2a: Blaziken
|-damage|p2a: Blaziken|79/100
|-resisted|p2a: Blaziken
|-damage|p2a: Blaziken|69/100
|-resisted|p2a: Blaziken
|-damage|p2a: Blaziken|60/100
|-resisted|p2a: Blaziken
|-damage|p2a: Blaziken|50/100
|-hitcount|p2a: Blaziken|4
|
|-weather|none
|upkeep
|turn|15
|
|t:|1779577923
|switch|p1a: Ceruledge|Ceruledge, F|94/100
|-item|p1a: Ceruledge|Air Balloon
|move|p2a: Blaziken|Stone Edge|p1a: Ceruledge
|-supereffective|p1a: Ceruledge
|-damage|p1a: Ceruledge|1/100
|-ability|p1a: Ceruledge|Weak Armor|boost
|-unboost|p1a: Ceruledge|def|1
|-boost|p1a: Ceruledge|spe|2
|-enditem|p1a: Ceruledge|Air Balloon
|
|-ability|p2a: Blaziken|Speed Boost|boost
|-boost|p2a: Blaziken|spe|1
|upkeep
|turn|16
|
|t:|1779577933
|move|p1a: Ceruledge|Poltergeist|p2a: Blaziken
|-activate|p2a: Blaziken|move: Poltergeist|Soft Sand
|-damage|p2a: Blaziken|0 fnt
|faint|p2a: Blaziken
|
|upkeep
|
|t:|1779577953
|switch|p2a: Tyranitar|Tyranitar, M|77/100
|-damage|p2a: Tyranitar|65/100|[from] Stealth Rock
|-weather|Sandstorm|[from] ability: Sand Stream|[of] p2a: Tyranitar
|turn|17
|
|t:|1779577962
|move|p1a: Ceruledge|Poltergeist|p2a: Tyranitar
|-activate|p2a: Tyranitar|move: Poltergeist|Leftovers
|-resisted|p2a: Tyranitar
|-damage|p2a: Tyranitar|44/100
|move|p2a: Tyranitar|Stealth Rock|p1a: Ceruledge
|-sidestart|p1: crimson night raid|move: Stealth Rock
|
|-weather|Sandstorm|[upkeep]
|-damage|p1a: Ceruledge|0 fnt|[from] Sandstorm
|faint|p1a: Ceruledge
|-heal|p2a: Tyranitar|50/100|[from] item: Leftovers
|upkeep
|
|t:|1779577972
|switch|p1a: Iron Valiant|Iron Valiant|100/100
|-damage|p1a: Iron Valiant|94/100|[from] Stealth Rock
|turn|18
|j| Quiver Merchant
|inactive|yoribori has 120 seconds left.
|
|t:|1779578007
|move|p1a: Iron Valiant|Moonblast|p2a: Tyranitar
|-supereffective|p2a: Tyranitar
|-damage|p2a: Tyranitar|15/100
|move|p2a: Tyranitar|Roar|p1a: Iron Valiant
|-end|p1a: Iron Valiant|Quark Drive|[silent]
|drag|p1a: Kingambit|Kingambit, F|70/100
|-damage|p1a: Kingambit|64/100|[from] Stealth Rock
|-activate|p1a: Kingambit|ability: Supreme Overlord
|-start|p1a: Kingambit|fallen3|[silent]
|
|-weather|Sandstorm|[upkeep]
|-heal|p1a: Kingambit|70/100|[from] item: Leftovers
|-heal|p2a: Tyranitar|21/100|[from] item: Leftovers
|upkeep
|turn|19
|
|t:|1779578016
|move|p1a: Kingambit|Iron Head|p2a: Tyranitar
|-supereffective|p2a: Tyranitar
|-damage|p2a: Tyranitar|0 fnt
|faint|p2a: Tyranitar
|
|-weather|Sandstorm|[upkeep]
|-heal|p1a: Kingambit|76/100|[from] item: Leftovers
|upkeep
|inactive|yoribori has 120 seconds left.
|j| No Bithes?????
|
|t:|1779578060
|switch|p2a: Excadrill|Excadrill, F|100/100
|-damage|p2a: Excadrill|97/100|[from] Stealth Rock
|-item|p2a: Excadrill|Air Balloon
|turn|20
|
|t:|1779578086
|-terastallize|p1a: Kingambit|Ghost
|move|p2a: Excadrill|Substitute|p2a: Excadrill
|-start|p2a: Excadrill|Substitute
|-damage|p2a: Excadrill|73/100
|move|p1a: Kingambit|Low Kick|p2a: Excadrill
|-supereffective|p2a: Excadrill
|-end|p2a: Excadrill|Substitute
|-enditem|p2a: Excadrill|Air Balloon
|
|-weather|Sandstorm|[upkeep]
|-damage|p1a: Kingambit|70/100|[from] Sandstorm
|-heal|p1a: Kingambit|76/100|[from] item: Leftovers
|upkeep
|turn|21
|
|t:|1779578095
|switch|p2a: Rotom|Rotom-Wash|57/100
|-damage|p2a: Rotom|44/100|[from] Stealth Rock
|move|p1a: Kingambit|Iron Head|p2a: Rotom
|-resisted|p2a: Rotom
|-damage|p2a: Rotom|25/100
|
|-weather|none
|-heal|p1a: Kingambit|82/100|[from] item: Leftovers
|upkeep
|turn|22
|
|t:|1779578099
|-end|p1a: Kingambit|fallen3|[silent]
|switch|p1a: Iron Valiant|Iron Valiant|94/100
|-damage|p1a: Iron Valiant|88/100|[from] Stealth Rock
|move|p2a: Rotom|Will-O-Wisp|p1a: Iron Valiant
|-status|p1a: Iron Valiant|brn
|
|-damage|p1a: Iron Valiant|82/100 brn|[from] brn
|upkeep
|turn|23
|
|t:|1779578107
|switch|p2a: Fezandipiti|Fezandipiti, M|85/100
|-damage|p2a: Fezandipiti|73/100|[from] Stealth Rock
|-end|p1a: Iron Valiant|Quark Drive|[silent]
|switch|p1a: Kingambit|Kingambit, F, tera:Ghost|82/100
|-damage|p1a: Kingambit|70/100|[from] Stealth Rock
|-activate|p1a: Kingambit|ability: Supreme Overlord
|-start|p1a: Kingambit|fallen3|[silent]
|
|-heal|p1a: Kingambit|76/100|[from] item: Leftovers
|upkeep
|turn|24
|
|t:|1779578115
|-terastallize|p2a: Fezandipiti|Dark
|move|p2a: Fezandipiti|Beat Up|p1a: Kingambit
|-supereffective|p1a: Kingambit
|-crit|p1a: Kingambit
|-damage|p1a: Kingambit|62/100
|-supereffective|p1a: Kingambit
|-damage|p1a: Kingambit|53/100
|-supereffective|p1a: Kingambit
|-damage|p1a: Kingambit|46/100
|-status|p1a: Kingambit|tox|[from] ability: Toxic Chain|[of] p2a: Fezandipiti
|-supereffective|p1a: Kingambit
|-damage|p1a: Kingambit|33/100 tox
|-hitcount|p1a: Kingambit|4
|move|p1a: Kingambit|Iron Head|p2a: Fezandipiti
|-damage|p2a: Fezandipiti|13/100
|
|-heal|p1a: Kingambit|40/100 tox|[from] item: Leftovers
|-damage|p1a: Kingambit|33/100 tox|[from] psn
|upkeep
|turn|25
|
|t:|1779578130
|move|p2a: Fezandipiti|Roost|p2a: Fezandipiti
|-heal|p2a: Fezandipiti|63/100
|move|p1a: Kingambit|Low Kick|p2a: Fezandipiti
|-supereffective|p2a: Fezandipiti
|-crit|p2a: Fezandipiti
|-damage|p2a: Fezandipiti|0 fnt
|faint|p2a: Fezandipiti
|
|-heal|p1a: Kingambit|40/100 tox|[from] item: Leftovers
|-damage|p1a: Kingambit|27/100 tox|[from] psn
|upkeep
|
|t:|1779578136
|switch|p2a: Excadrill|Excadrill, F|73/100
|-damage|p2a: Excadrill|69/100|[from] Stealth Rock
|turn|26
|
|t:|1779578140
|move|p2a: Excadrill|Earthquake|p1a: Kingambit
|-damage|p1a: Kingambit|0 fnt
|faint|p1a: Kingambit
|-end|p1a: Kingambit|fallen3|[silent]
|
|upkeep
|
|t:|1779578148
|switch|p1a: Iron Valiant|Iron Valiant|82/100 brn
|-damage|p1a: Iron Valiant|76/100 brn|[from] Stealth Rock
|turn|27
|
|t:|1779578151
|switch|p2a: Hydrapple|Hydrapple, M|100/100
|-damage|p2a: Hydrapple|88/100|[from] Stealth Rock
|move|p1a: Iron Valiant|Close Combat|p2a: Hydrapple
|-damage|p2a: Hydrapple|68/100
|-unboost|p1a: Iron Valiant|def|1
|-unboost|p1a: Iron Valiant|spd|1
|
|-damage|p1a: Iron Valiant|69/100 brn|[from] brn
|upkeep
|turn|28
|
|t:|1779578158
|move|p1a: Iron Valiant|Moonblast|p2a: Hydrapple
|-supereffective|p2a: Hydrapple
|-damage|p2a: Hydrapple|0 fnt
|faint|p2a: Hydrapple
|
|-damage|p1a: Iron Valiant|63/100 brn|[from] brn
|upkeep
|
|t:|1779578160
|switch|p2a: Rotom|Rotom-Wash|25/100
|-damage|p2a: Rotom|13/100|[from] Stealth Rock
|turn|29
|
|t:|1779578163
|move|p2a: Rotom|Volt Switch|p1a: Iron Valiant
|-damage|p1a: Iron Valiant|0 fnt
|faint|p1a: Iron Valiant
|-end|p1a: Iron Valiant|Quark Drive|[silent]
|
|t:|1779578165
|switch|p2a: Excadrill|Excadrill, F|69/100|[from] Volt Switch
|-damage|p2a: Excadrill|66/100|[from] Stealth Rock
|
|upkeep
|
|t:|1779578167
|switch|p1a: Kyurem|Kyurem|94/100
|-damage|p1a: Kyurem|70/100|[from] Stealth Rock
|-ability|p1a: Kyurem|Pressure
|turn|30
|
|t:|1779578171
|move|p1a: Kyurem|Icicle Spear|p2a: Excadrill
|-damage|p2a: Excadrill|47/100
|-damage|p2a: Excadrill|28/100
|-damage|p2a: Excadrill|11/100
|-damage|p2a: Excadrill|0 fnt
|faint|p2a: Excadrill
|-hitcount|p2: Excadrill|4
|
|upkeep
|
|t:|1779578173
|switch|p2a: Rotom|Rotom-Wash|13/100
|-damage|p2a: Rotom|0 fnt|[from] Stealth Rock
|faint|p2a: Rotom
|
|win|crimson night raid
|raw|crimson night raid's rating: 1668 &rarr; <strong>1688</strong><br />(+20 for winning)
|raw|yoribori's rating: 1660 &rarr; <strong>1640</strong><br />(-20 for losing)
|l|☆crimson night raid
|player|p1|
|l| Rheidarion
|l| No Bithes?????
|l|☆yoribori
|player|p2|
