|j|☆xuxanchengaloser
|j|☆cydyl
|t:|1779602848
|gametype|singles
|player|p1|xuxanchengaloser|swimmerf-gen4|1415
|player|p2|cydyl|rancher|1306
|gen|9
|tier|[Gen 9] OU
|rated|
|rule|HP Percentage Mod: HP is shown in percentages
|rule|Endless Battle Clause: Forcing endless battles is banned
|rule|Species Clause: Limit one of each Pokémon
|rule|OHKO Clause: OHKO moves are banned
|rule|Evasion Items Clause: Evasion items are banned
|rule|Evasion Moves Clause: Evasion moves are banned
|rule|Evasion Abilities Clause: Evasion abilities are banned
|rule|Sleep Moves Clause: Sleep-inducing moves are banned
|clearpoke
|poke|p1|Kingambit, F|
|poke|p1|Raging Bolt|
|poke|p1|Glimmora, M|
|poke|p1|Meowscarada, F|
|poke|p1|Cinderace, M|
|poke|p1|Ogerpon-Wellspring, F|
|poke|p2|Walking Wake|
|poke|p2|Torkoal, M|
|poke|p2|Ceruledge, F|
|poke|p2|Gliscor, M|
|poke|p2|Sawsbuck, M|
|poke|p2|Hatterene, F|
|teampreview
|
|t:|1779602854
|teamsize|p1|6
|teamsize|p2|6
|start
|switch|p1a: Glimmora|Glimmora, M|100/100
|switch|p2a: Torkoal|Torkoal, M|100/100
|-weather|SunnyDay|[from] ability: Drought|[of] p2a: Torkoal
|turn|1
|
|t:|1779602863
|switch|p2a: Hatterene|Hatterene, F, shiny|100/100
|move|p1a: Glimmora|Earth Power|p2a: Hatterene
|-damage|p2a: Hatterene|74/100
|-enditem|p2a: Hatterene|Eject Button
|inactive|Battle timer is ON: inactive players will automatically lose when time's up. (requested by cydyl)
|
|t:|1779602874
|switch|p2a: Gliscor|Gliscor, M|100/100
|
|-weather|SunnyDay|[upkeep]
|-status|p2a: Gliscor|tox|[from] item: Toxic Orb
|upkeep
|turn|2
|
|t:|1779602889
|move|p1a: Glimmora|Energy Ball|p2a: Gliscor
|-damage|p2a: Gliscor|70/100 tox
|move|p2a: Gliscor|Earthquake|p1a: Glimmora
|-supereffective|p1a: Glimmora
|-enditem|p1a: Glimmora|Focus Sash
|-damage|p1a: Glimmora|1/100
|-activate|p1a: Glimmora|ability: Toxic Debris
|-sidestart|p2: cydyl|move: Toxic Spikes
|
|-weather|SunnyDay|[upkeep]
|-heal|p2a: Gliscor|82/100 tox|[from] ability: Poison Heal
|upkeep
|turn|3
|
|t:|1779602903
|move|p1a: Glimmora|Energy Ball|p2a: Gliscor
|-damage|p2a: Gliscor|53/100 tox
|-unboost|p2a: Gliscor|spd|1
|move|p2a: Gliscor|Earthquake|p1a: Glimmora
|-supereffective|p1a: Glimmora
|-damage|p1a: Glimmora|0 fnt
|-activate|p1a: Glimmora|ability: Toxic Debris
|-sidestart|p2: cydyl|move: Toxic Spikes
|faint|p1a: Glimmora
|
|-weather|SunnyDay|[upkeep]
|-heal|p2a: Gliscor|65/100 tox|[from] ability: Poison Heal
|upkeep
|
|t:|1779602918
|switch|p1a: Ogerpon|Ogerpon-Wellspring, F|100/100
|turn|4
|
|t:|1779602927
|switch|p2a: Torkoal|Torkoal, M|100/100
|-status|p2a: Torkoal|tox
|move|p1a: Ogerpon|Horn Leech|p2a: Torkoal
|-resisted|p2a: Torkoal
|-damage|p2a: Torkoal|88/100 tox
|
|-weather|SunnyDay|[upkeep]
|-damage|p2a: Torkoal|82/100 tox|[from] psn
|upkeep
|turn|5
|
|t:|1779602938
|move|p1a: Ogerpon|Ivy Cudgel|p2a: Torkoal|[anim] Ivy Cudgel Water
|-supereffective|p2a: Torkoal
|-damage|p2a: Torkoal|48/100 tox
|move|p2a: Torkoal|Rapid Spin|p1a: Ogerpon
|-damage|p1a: Ogerpon|90/100
|-boost|p2a: Torkoal|spe|1
|-sideend|p2: cydyl|Toxic Spikes|[from] move: Rapid Spin|[of] p2a: Torkoal
|
|-weather|SunnyDay|[upkeep]
|-damage|p2a: Torkoal|36/100 tox|[from] psn
|upkeep
|turn|6
|
|t:|1779602960
|switch|p2a: Sawsbuck|Sawsbuck, M, shiny|100/100
|move|p1a: Ogerpon|Swords Dance|p1a: Ogerpon
|-boost|p1a: Ogerpon|atk|2
|
|-weather|SunnyDay|[upkeep]
|upkeep
|turn|7
|
|t:|1779602974
|move|p2a: Sawsbuck|Double-Edge|p1a: Ogerpon
|-damage|p1a: Ogerpon|0 fnt
|faint|p1a: Ogerpon
|-damage|p2a: Sawsbuck|71/100|[from] Recoil
|
|-weather|SunnyDay|[upkeep]
|upkeep
|
|t:|1779602983
|switch|p1a: Cinderace|Cinderace, M|100/100
|turn|8
|
|t:|1779602992
|move|p2a: Sawsbuck|Double-Edge|p1a: Cinderace
|-damage|p1a: Cinderace|0 fnt
|faint|p1a: Cinderace
|-damage|p2a: Sawsbuck|38/100|[from] Recoil
|
|-weather|none
|upkeep
|c|☆cydyl|respect sawsbuck
|
|t:|1779603000
|switch|p1a: Meowscarada|Meowscarada, F|100/100
|turn|9
|
|t:|1779603006
|switch|p2a: Torkoal|Torkoal, M|36/100 tox
|-weather|SunnyDay|[from] ability: Drought|[of] p2a: Torkoal
|move|p1a: Meowscarada|Knock Off|p2a: Torkoal
|-start|p1a: Meowscarada|typechange|Dark|[from] ability: Protean
|-damage|p2a: Torkoal|10/100 tox
|-enditem|p2a: Torkoal|Heat Rock|[from] move: Knock Off|[of] p1a: Meowscarada
|
|-weather|SunnyDay|[upkeep]
|-damage|p2a: Torkoal|4/100 tox|[from] psn
|upkeep
|turn|10
|
|t:|1779603020
|switch|p2a: Hatterene|Hatterene, F, shiny|74/100
|move|p1a: Meowscarada|Knock Off|p2a: Hatterene
|-damage|p2a: Hatterene|42/100
|
|-weather|SunnyDay|[upkeep]
|upkeep
|turn|11
|
|t:|1779603029
|move|p1a: Meowscarada|Knock Off|p2a: Hatterene
|-damage|p2a: Hatterene|10/100
|move|p2a: Hatterene|Draining Kiss|p1a: Meowscarada
|-supereffective|p1a: Meowscarada
|-damage|p1a: Meowscarada|24/100
|-heal|p2a: Hatterene|63/100|[from] drain|[of] p1a: Meowscarada
|
|-weather|SunnyDay|[upkeep]
|upkeep
|turn|12
|
|t:|1779603038
|move|p1a: Meowscarada|Knock Off|p2a: Hatterene
|-damage|p2a: Hatterene|28/100
|move|p2a: Hatterene|Draining Kiss|p1a: Meowscarada
|-supereffective|p1a: Meowscarada
|-damage|p1a: Meowscarada|0 fnt
|-heal|p2a: Hatterene|45/100|[from] drain|[of] p1a: Meowscarada
|faint|p1a: Meowscarada
|
|-weather|SunnyDay|[upkeep]
|upkeep
|
|t:|1779603048
|switch|p1a: Raging Bolt|Raging Bolt|100/100
|-activate|p1a: Raging Bolt|ability: Protosynthesis
|-start|p1a: Raging Bolt|protosynthesisspa
|turn|13
|
|t:|1779603060
|move|p1a: Raging Bolt|Calm Mind|p1a: Raging Bolt
|-boost|p1a: Raging Bolt|spa|1
|-boost|p1a: Raging Bolt|spd|1
|move|p2a: Hatterene|Draining Kiss|p1a: Raging Bolt
|-supereffective|p1a: Raging Bolt
|-crit|p1a: Raging Bolt
|-damage|p1a: Raging Bolt|30/100
|-heal|p2a: Hatterene|100/100|[from] drain|[of] p1a: Raging Bolt
|
|-weather|SunnyDay|[upkeep]
|upkeep
|turn|14
|
|t:|1779603074
|-terastallize|p1a: Raging Bolt|Fairy
|move|p1a: Raging Bolt|Thunderbolt|p2a: Hatterene
|-damage|p2a: Hatterene|21/100
|move|p2a: Hatterene|Psyshock|p1a: Raging Bolt
|-damage|p1a: Raging Bolt|0 fnt
|faint|p1a: Raging Bolt
|-end|p1a: Raging Bolt|Protosynthesis|[silent]
|
|-weather|SunnyDay|[upkeep]
|upkeep
|
|t:|1779603084
|switch|p1a: Kingambit|Kingambit, F|100/100
|-activate|p1a: Kingambit|ability: Supreme Overlord
|-start|p1a: Kingambit|fallen5|[silent]
|turn|15
|
|t:|1779603090
|move|p1a: Kingambit|Sucker Punch||[still]
|-fail|p1a: Kingambit
|move|p2a: Hatterene|Healing Wish|p2a: Hatterene
|faint|p2a: Hatterene
|
|-weather|SunnyDay|[upkeep]
|upkeep
|
|t:|1779603095
|switch|p2a: Torkoal|Torkoal, M|4/100 tox
|-heal|p2a: Torkoal|100/100|[from] move: Healing Wish
|turn|16
|
|t:|1779603103
|move|p1a: Kingambit|Kowtow Cleave|p2a: Torkoal
|-damage|p2a: Torkoal|56/100
|move|p2a: Torkoal|Will-O-Wisp|p1a: Kingambit
|-status|p1a: Kingambit|brn
|
|-weather|none
|-damage|p1a: Kingambit|94/100 brn|[from] brn
|upkeep
|turn|17
|c|☆cydyl|gg
|
|t:|1779603117
|switch|p2a: Gliscor|Gliscor, M|65/100 tox
|move|p1a: Kingambit|Kowtow Cleave|p2a: Gliscor
|-damage|p2a: Gliscor|34/100 tox
|
|-heal|p2a: Gliscor|47/100 tox|[from] ability: Poison Heal
|-damage|p1a: Kingambit|88/100 brn|[from] brn
|upkeep
|turn|18
|
|t:|1779603128
|move|p1a: Kingambit|Sucker Punch|p2a: Gliscor
|-damage|p2a: Gliscor|24/100 tox
|move|p2a: Gliscor|Earthquake|p1a: Kingambit
|-supereffective|p1a: Kingambit
|-damage|p1a: Kingambit|42/100 brn
|
|-heal|p2a: Gliscor|37/100 tox|[from] ability: Poison Heal
|-damage|p1a: Kingambit|35/100 brn|[from] brn
|upkeep
|turn|19
|
|t:|1779603138
|move|p2a: Gliscor|Earthquake|p1a: Kingambit
|-supereffective|p1a: Kingambit
|-crit|p1a: Kingambit
|-damage|p1a: Kingambit|0 fnt
|faint|p1a: Kingambit
|-end|p1a: Kingambit|fallen5|[silent]
|
|win|cydyl
|raw|xuxanchengaloser's rating: 1415 &rarr; <strong>1389</strong><br />(-26 for losing)
|raw|cydyl's rating: 1306 &rarr; <strong>1332</strong><br />(+26 for winning)
|l|☆xuxanchengaloser
|player|p1|
|l|☆cydyl
|player|p2|
