|j|☆nyxiongg
|j|☆bvcnmkor85471
|t:|1779717798
|gametype|singles
|player|p1|nyxiongg|steven|1223
|player|p2|bvcnmkor85471|policeman-gen4|1175
|gen|9
|tier|[Gen 9] OU
|rated|
|rule|HP Percentage Mod: HP is shown in percentages
|rule|Endless Battle Clause: Forcing endless battles is banned
|rule|Species Clause: Limit one of each Pokémon
|rule|OHKO Clause: OHKO moves are banned
|rule|Evasion Items Clause: Evasion items are banned
|rule|Evasion Moves Clause: Evasion moves are banned
|rule|Evasion Abilities Clause: Evasion abilities are banned
|rule|Sleep Moves Clause: Sleep-inducing moves are banned
|clearpoke
|poke|p1|Ninetales, F|
|poke|p1|Cresselia, F|
|poke|p1|Raging Bolt|
|poke|p1|Iron Moth|
|poke|p1|Great Tusk|
|poke|p1|Walking Wake|
|poke|p2|Tyranitar, F|
|poke|p2|Houndstone, M|
|poke|p2|Tsareena, F|
|poke|p2|Sandslash, F|
|poke|p2|Tornadus-Therian, M|
|poke|p2|Rotom-Wash|
|teampreview
|inactive|Battle timer is ON: inactive players will automatically lose when time's up. (requested by nyxiongg)
|
|t:|1779717811
|teamsize|p1|6
|teamsize|p2|6
|start
|switch|p1a: Ninetales|Ninetales, F|100/100
|switch|p2a: Tyranitar|Tyranitar, F|100/100
|-weather|SunnyDay|[from] ability: Drought|[of] p1a: Ninetales
|-weather|Sandstorm|[from] ability: Sand Stream|[of] p2a: Tyranitar
|turn|1
|
|t:|1779717821
|switch|p1a: Great Tusk|Great Tusk|100/100
|move|p2a: Tyranitar|Stealth Rock|p1a: Great Tusk
|-sidestart|p1: nyxiongg|move: Stealth Rock
|
|-weather|Sandstorm|[upkeep]
|upkeep
|turn|2
|
|t:|1779717829
|switch|p2a: Houndstone|Houndstone, M, shiny|100/100
|move|p1a: Great Tusk|Rapid Spin|p2a: Houndstone
|-immune|p2a: Houndstone
|
|-weather|Sandstorm|[upkeep]
|upkeep
|turn|3
|
|t:|1779717837
|switch|p2a: Rotom|Rotom-Wash|100/100
|move|p1a: Great Tusk|Stealth Rock|p2a: Rotom
|-sidestart|p2: bvcnmkor85471|move: Stealth Rock
|
|-weather|Sandstorm|[upkeep]
|-damage|p2a: Rotom|95/100|[from] Sandstorm
|-heal|p2a: Rotom|100/100|[from] item: Leftovers
|upkeep
|turn|4
|
|t:|1779717845
|move|p1a: Great Tusk|Rapid Spin|p2a: Rotom
|-damage|p2a: Rotom|85/100
|-boost|p1a: Great Tusk|spe|1
|-sideend|p1: nyxiongg|Stealth Rock|[from] move: Rapid Spin|[of] p1a: Great Tusk
|move|p2a: Rotom|Hydro Pump|p1a: Great Tusk
|-supereffective|p1a: Great Tusk
|-damage|p1a: Great Tusk|0 fnt
|faint|p1a: Great Tusk
|-end|p1a: Great Tusk|Protosynthesis|[silent]
|
|-weather|Sandstorm|[upkeep]
|-damage|p2a: Rotom|79/100|[from] Sandstorm
|-heal|p2a: Rotom|85/100|[from] item: Leftovers
|upkeep
|
|t:|1779717861
|switch|p1a: Raging Bolt|Raging Bolt|100/100
|turn|5
|
|t:|1779717875
|switch|p2a: Sandslash|Sandslash, F, shiny|100/100
|-damage|p2a: Sandslash|94/100|[from] Stealth Rock
|move|p1a: Raging Bolt|Thunderbolt|p2a: Sandslash
|-immune|p2a: Sandslash
|
|-weather|Sandstorm|[upkeep]
|-damage|p1a: Raging Bolt|94/100|[from] Sandstorm
|upkeep
|turn|6
|
|t:|1779717888
|-end|p1a: Raging Bolt|Protosynthesis|[silent]
|switch|p1a: Cresselia|Cresselia, F|100/100
|move|p2a: Sandslash|Earthquake|p1a: Cresselia
|-immune|p1a: Cresselia|[from] ability: Levitate
|
|-weather|Sandstorm|[upkeep]
|-damage|p1a: Cresselia|94/100|[from] Sandstorm
|upkeep
|turn|7
|
|t:|1779717896
|move|p2a: Sandslash|Rapid Spin|p1a: Cresselia
|-damage|p1a: Cresselia|83/100
|-boost|p2a: Sandslash|spe|1
|-sideend|p2: bvcnmkor85471|Stealth Rock|[from] move: Rapid Spin|[of] p2a: Sandslash
|-enditem|p1a: Cresselia|Eject Button
|-damage|p2a: Sandslash|84/100|[from] item: Life Orb
|
|t:|1779717903
|switch|p1a: Ninetales|Ninetales, F|100/100
|-weather|SunnyDay|[from] ability: Drought|[of] p1a: Ninetales
|
|-weather|SunnyDay|[upkeep]
|upkeep
|turn|8
|
|t:|1779717910
|switch|p2a: Tyranitar|Tyranitar, F|100/100
|-weather|Sandstorm|[from] ability: Sand Stream|[of] p2a: Tyranitar
|switch|p1a: Walking Wake|Walking Wake|100/100
|
|-weather|Sandstorm|[upkeep]
|-damage|p1a: Walking Wake|94/100|[from] Sandstorm
|upkeep
|turn|9
|
|t:|1779717929
|move|p1a: Walking Wake|Hydro Steam|p2a: Tyranitar
|-supereffective|p2a: Tyranitar
|-damage|p2a: Tyranitar|52/100
|move|p2a: Tyranitar|Thunder Wave|p1a: Walking Wake
|-status|p1a: Walking Wake|par
|
|-weather|Sandstorm|[upkeep]
|-damage|p1a: Walking Wake|88/100 par|[from] Sandstorm
|upkeep
|turn|10
|
|t:|1779717939
|-end|p1a: Walking Wake|Protosynthesis|[silent]
|switch|p1a: Cresselia|Cresselia, F|83/100
|switch|p2a: Tornadus|Tornadus-Therian, M, shiny|100/100
|
|-weather|Sandstorm|[upkeep]
|-damage|p2a: Tornadus|94/100|[from] Sandstorm
|-damage|p1a: Cresselia|77/100|[from] Sandstorm
|upkeep
|turn|11
|
|t:|1779717960
|move|p2a: Tornadus|U-turn|p1a: Cresselia
|-supereffective|p1a: Cresselia
|-damage|p1a: Cresselia|60/100
|
|t:|1779717962
|switch|p2a: Sandslash|Sandslash, F, shiny|84/100|[from] U-turn
|move|p1a: Cresselia|Ice Beam|p2a: Sandslash
|-supereffective|p2a: Sandslash
|-crit|p2a: Sandslash
|-damage|p2a: Sandslash|0 fnt
|faint|p2a: Sandslash
|
|-weather|Sandstorm|[upkeep]
|-damage|p1a: Cresselia|54/100|[from] Sandstorm
|upkeep
|
|t:|1779717975
|switch|p2a: Tsareena|Tsareena, F|100/100
|turn|12
|
|t:|1779717982
|move|p1a: Cresselia|Moonlight|p1a: Cresselia
|-heal|p1a: Cresselia|79/100
|move|p2a: Tsareena|Power Whip|p1a: Cresselia
|-damage|p1a: Cresselia|48/100
|
|-weather|Sandstorm|[upkeep]
|-damage|p1a: Cresselia|42/100|[from] Sandstorm
|-damage|p2a: Tsareena|94/100|[from] Sandstorm
|-heal|p2a: Tsareena|100/100|[from] item: Leftovers
|upkeep
|turn|13
|
|t:|1779717992
|move|p1a: Cresselia|Ice Beam|p2a: Tsareena
|-supereffective|p2a: Tsareena
|-crit|p2a: Tsareena
|-damage|p2a: Tsareena|48/100
|move|p2a: Tsareena|U-turn|p1a: Cresselia
|-supereffective|p1a: Cresselia
|-damage|p1a: Cresselia|14/100
|
|t:|1779718003
|switch|p2a: Houndstone|Houndstone, M, shiny|100/100|[from] U-turn
|
|-weather|Sandstorm|[upkeep]
|-damage|p1a: Cresselia|8/100|[from] Sandstorm
|upkeep
|turn|14
|
|t:|1779718011
|move|p2a: Houndstone|Shadow Sneak|p1a: Cresselia
|-supereffective|p1a: Cresselia
|-damage|p1a: Cresselia|0 fnt
|faint|p1a: Cresselia
|
|-weather|Sandstorm|[upkeep]
|upkeep
|
|t:|1779718022
|switch|p1a: Iron Moth|Iron Moth|100/100
|-enditem|p1a: Iron Moth|Booster Energy
|-activate|p1a: Iron Moth|ability: Quark Drive|[fromitem]
|-start|p1a: Iron Moth|quarkdrivespe
|turn|15
|
|t:|1779718033
|move|p2a: Houndstone|Shadow Sneak|p1a: Iron Moth
|-damage|p1a: Iron Moth|57/100
|move|p1a: Iron Moth|Fiery Dance|p2a: Houndstone
|-damage|p2a: Houndstone|55/100
|-boost|p1a: Iron Moth|spa|1
|
|-weather|none
|upkeep
|turn|16
|
|t:|1779718045
|-terastallize|p2a: Houndstone|Ghost
|move|p2a: Houndstone|Shadow Sneak|p1a: Iron Moth
|-damage|p1a: Iron Moth|0 fnt
|faint|p1a: Iron Moth
|-end|p1a: Iron Moth|Quark Drive|[silent]
|
|upkeep
|
|t:|1779718056
|switch|p1a: Raging Bolt|Raging Bolt|94/100
|turn|17
|
|t:|1779718077
|switch|p2a: Rotom|Rotom-Wash|85/100
|move|p1a: Raging Bolt|Thunderbolt|p2a: Rotom
|-damage|p2a: Rotom|10/100
|-damage|p1a: Raging Bolt|84/100|[from] item: Life Orb
|
|-heal|p2a: Rotom|16/100|[from] item: Leftovers
|upkeep
|turn|18
|
|t:|1779718086
|move|p1a: Raging Bolt|Thunderbolt|p2a: Rotom
|-crit|p2a: Rotom
|-damage|p2a: Rotom|0 fnt
|faint|p2a: Rotom
|-damage|p1a: Raging Bolt|74/100|[from] item: Life Orb
|
|upkeep
|
|t:|1779718091
|switch|p2a: Tyranitar|Tyranitar, F|52/100
|-weather|Sandstorm|[from] ability: Sand Stream|[of] p2a: Tyranitar
|turn|19
|
|t:|1779718105
|move|p1a: Raging Bolt|Thunderbolt|p2a: Tyranitar
|-damage|p2a: Tyranitar|23/100
|-damage|p1a: Raging Bolt|64/100|[from] item: Life Orb
|move|p2a: Tyranitar|Knock Off|p1a: Raging Bolt
|-damage|p1a: Raging Bolt|24/100
|-enditem|p1a: Raging Bolt|Life Orb|[from] move: Knock Off|[of] p2a: Tyranitar
|
|-weather|Sandstorm|[upkeep]
|-damage|p1a: Raging Bolt|18/100|[from] Sandstorm
|upkeep
|turn|20
|
|t:|1779718115
|switch|p2a: Tsareena|Tsareena, F|48/100
|move|p1a: Raging Bolt|Dragon Pulse|p2a: Tsareena
|-damage|p2a: Tsareena|0 fnt
|faint|p2a: Tsareena
|
|-weather|Sandstorm|[upkeep]
|-damage|p1a: Raging Bolt|12/100|[from] Sandstorm
|upkeep
|
|t:|1779718118
|switch|p2a: Houndstone|Houndstone, M, shiny, tera:Ghost|55/100
|turn|21
|
|t:|1779718124
|move|p2a: Houndstone|Shadow Sneak|p1a: Raging Bolt
|-damage|p1a: Raging Bolt|0 fnt
|faint|p1a: Raging Bolt
|-end|p1a: Raging Bolt|Protosynthesis|[silent]
|
|-weather|Sandstorm|[upkeep]
|upkeep
|
|t:|1779718131
|switch|p1a: Walking Wake|Walking Wake|88/100 par
|turn|22
|
|t:|1779718141
|switch|p2a: Tornadus|Tornadus-Therian, M, shiny|100/100
|move|p1a: Walking Wake|Hydro Steam|p2a: Tornadus
|-damage|p2a: Tornadus|49/100
|
|-weather|Sandstorm|[upkeep]
|-damage|p2a: Tornadus|43/100|[from] Sandstorm
|-damage|p1a: Walking Wake|82/100 par|[from] Sandstorm
|upkeep
|turn|23
|
|t:|1779718156
|move|p2a: Tornadus|Weather Ball|p1a: Walking Wake
|-damage|p1a: Walking Wake|44/100 par
|move|p1a: Walking Wake|Hydro Steam|p2a: Tornadus
|-damage|p2a: Tornadus|0 fnt
|faint|p2a: Tornadus
|
|-weather|Sandstorm|[upkeep]
|-damage|p1a: Walking Wake|38/100 par|[from] Sandstorm
|upkeep
|
|t:|1779718159
|switch|p2a: Houndstone|Houndstone, M, shiny, tera:Ghost|55/100
|turn|24
|
|t:|1779718172
|-terastallize|p1a: Walking Wake|Water
|move|p2a: Houndstone|Shadow Sneak|p1a: Walking Wake
|-damage|p1a: Walking Wake|0 fnt
|faint|p1a: Walking Wake
|-end|p1a: Walking Wake|Protosynthesis|[silent]
|
|-weather|Sandstorm|[upkeep]
|upkeep
|
|t:|1779718177
|switch|p1a: Ninetales|Ninetales, F|100/100
|-weather|SunnyDay|[from] ability: Drought|[of] p1a: Ninetales
|turn|25
|
|t:|1779718185
|switch|p2a: Tyranitar|Tyranitar, F|23/100
|-weather|Sandstorm|[from] ability: Sand Stream|[of] p2a: Tyranitar
|move|p1a: Ninetales|Will-O-Wisp|p2a: Tyranitar
|-status|p2a: Tyranitar|brn
|
|-weather|Sandstorm|[upkeep]
|-damage|p1a: Ninetales|94/100|[from] Sandstorm
|-damage|p2a: Tyranitar|17/100 brn|[from] brn
|upkeep
|turn|26
|
|t:|1779718198
|move|p1a: Ninetales|Encore||[still]
|-fail|p1a: Ninetales
|move|p2a: Tyranitar|Body Press|p1a: Ninetales
|-damage|p1a: Ninetales|82/100
|
|-weather|Sandstorm|[upkeep]
|-damage|p1a: Ninetales|76/100|[from] Sandstorm
|-damage|p2a: Tyranitar|11/100 brn|[from] brn
|upkeep
|turn|27
|
|t:|1779718207
|move|p1a: Ninetales|Encore|p2a: Tyranitar
|-start|p2a: Tyranitar|Encore
|move|p2a: Tyranitar|Body Press|p1a: Ninetales
|-damage|p1a: Ninetales|64/100
|
|-weather|Sandstorm|[upkeep]
|-damage|p1a: Ninetales|58/100|[from] Sandstorm
|-damage|p2a: Tyranitar|5/100 brn|[from] brn
|upkeep
|turn|28
|
|t:|1779718216
|move|p1a: Ninetales|Healing Wish||[still]
|-fail|p1a: Ninetales
|move|p2a: Tyranitar|Body Press|p1a: Ninetales
|-damage|p1a: Ninetales|46/100
|
|-weather|Sandstorm|[upkeep]
|-damage|p1a: Ninetales|40/100|[from] Sandstorm
|-damage|p2a: Tyranitar|0 fnt|[from] brn
|faint|p2a: Tyranitar
|upkeep
|
|t:|1779718233
|switch|p2a: Houndstone|Houndstone, M, shiny, tera:Ghost|55/100
|turn|29
|
|t:|1779718237
|move|p2a: Houndstone|Shadow Sneak|p1a: Ninetales
|-damage|p1a: Ninetales|0 fnt
|faint|p1a: Ninetales
|
|win|bvcnmkor85471
|raw|nyxiongg's rating: 1223 &rarr; <strong>1195</strong><br />(-28 for losing)
|raw|bvcnmkor85471's rating: 1175 &rarr; <strong>1203</strong><br />(+28 for winning)
|l|☆nyxiongg
|player|p1|
|l|☆bvcnmkor85471
|player|p2|
