|j|☆cubemotivation
|j|☆goldhugo
|t:|1779575967
|gametype|singles
|player|p1|cubemotivation|169|1208
|player|p2|goldhugo|marlon|1232
|gen|9
|tier|[Gen 9] OU
|rated|
|rule|HP Percentage Mod: HP is shown in percentages
|rule|Endless Battle Clause: Forcing endless battles is banned
|rule|Species Clause: Limit one of each Pokémon
|rule|OHKO Clause: OHKO moves are banned
|rule|Evasion Items Clause: Evasion items are banned
|rule|Evasion Moves Clause: Evasion moves are banned
|rule|Evasion Abilities Clause: Evasion abilities are banned
|rule|Sleep Moves Clause: Sleep-inducing moves are banned
|clearpoke
|poke|p1|Glimmora, F|
|poke|p1|Pecharunt|
|poke|p1|Porygon-Z|
|poke|p1|Duraludon, M|
|poke|p1|Haxorus, F|
|poke|p1|Iron Jugulis|
|poke|p2|Clefable, M|
|poke|p2|Kyurem|
|poke|p2|Kingambit, M|
|poke|p2|Landorus-Therian, M|
|poke|p2|Mimikyu, M|
|poke|p2|Zapdos|
|teampreview
|inactive|Battle timer is ON: inactive players will automatically lose when time's up. (requested by cubemotivation)
|
|t:|1779575976
|teamsize|p1|6
|teamsize|p2|6
|start
|switch|p1a: Shiny|Glimmora, F, shiny|100/100
|switch|p2a: Landorus|Landorus-Therian, M|100/100
|-ability|p2a: Landorus|Intimidate|boost
|-unboost|p1a: Shiny|atk|1
|-item|p1a: Shiny|Air Balloon
|turn|1
|
|t:|1779575987
|move|p1a: Shiny|Spiky Shield|p1a: Shiny
|-singleturn|p1a: Shiny|move: Protect
|move|p2a: Landorus|U-turn|p1a: Shiny
|-activate|p1a: Shiny|move: Protect
|-damage|p2a: Landorus|88/100|[from] Spiky Shield|[of] p1a: Shiny
|
|upkeep
|turn|2
|
|t:|1779575992
|move|p2a: Landorus|U-turn|p1a: Shiny
|-resisted|p1a: Shiny
|-damage|p1a: Shiny|88/100
|-activate|p1a: Shiny|ability: Toxic Debris
|-sidestart|p2: goldhugo|move: Toxic Spikes
|-enditem|p1a: Shiny|Air Balloon
|
|t:|1779575996
|switch|p2a: Kingambit|Kingambit, M|100/100|[from] U-turn
|move|p1a: Shiny|Stealth Rock|p2a: Kingambit
|-sidestart|p2: goldhugo|move: Stealth Rock
|
|upkeep
|turn|3
|
|t:|1779576002
|move|p1a: Shiny|Spikes|p2a: Kingambit
|-sidestart|p2: goldhugo|Spikes
|move|p2a: Kingambit|Iron Head|p1a: Shiny
|-supereffective|p1a: Shiny
|-damage|p1a: Shiny|0 fnt
|-activate|p1a: Shiny|ability: Toxic Debris
|-sidestart|p2: goldhugo|move: Toxic Spikes
|faint|p1a: Shiny
|
|upkeep
|
|t:|1779576015
|switch|p1a: Mini-THE WALL|Duraludon, M, shiny|100/100
|turn|4
|
|t:|1779576027
|-end|p2a: Kingambit|fallenundefined|[silent]
|switch|p2a: Landorus|Landorus-Therian, M|88/100
|-damage|p2a: Landorus|76/100|[from] Stealth Rock
|-ability|p2a: Landorus|Intimidate|boost
|-unboost|p1a: Mini-THE WALL|atk|1
|move|p1a: Mini-THE WALL|Body Press|p2a: Landorus
|-resisted|p2a: Landorus
|-damage|p2a: Landorus|62/100
|-damage|p1a: Mini-THE WALL|84/100|[from] item: Rocky Helmet|[of] p2a: Landorus
|
|upkeep
|turn|5
|
|t:|1779576045
|switch|p1a: Iron Jugulis|Iron Jugulis|100/100
|-enditem|p1a: Iron Jugulis|Booster Energy
|-activate|p1a: Iron Jugulis|ability: Quark Drive|[fromitem]
|-start|p1a: Iron Jugulis|quarkdrivespe
|move|p2a: Landorus|Earthquake|p1a: Iron Jugulis
|-immune|p1a: Iron Jugulis
|
|upkeep
|turn|6
|
|t:|1779576056
|move|p1a: Iron Jugulis|Flamethrower|p2a: Landorus
|-damage|p2a: Landorus|17/100
|move|p2a: Landorus|U-turn|p1a: Iron Jugulis
|-damage|p1a: Iron Jugulis|71/100
|
|t:|1779576060
|switch|p2a: Zapdos|Zapdos|100/100|[from] U-turn
|-damage|p2a: Zapdos|76/100|[from] Stealth Rock
|
|upkeep
|turn|7
|
|t:|1779576064
|move|p1a: Iron Jugulis|Dark Pulse|p2a: Zapdos
|-damage|p2a: Zapdos|30/100
|move|p2a: Zapdos|Thunderbolt|p1a: Iron Jugulis
|-supereffective|p1a: Iron Jugulis
|-damage|p1a: Iron Jugulis|0 fnt
|faint|p1a: Iron Jugulis
|-end|p1a: Iron Jugulis|Quark Drive|[silent]
|
|upkeep
|
|t:|1779576072
|switch|p1a: Nuke|Porygon-Z, shiny|100/100
|turn|8
|
|t:|1779576075
|switch|p2a: Landorus|Landorus-Therian, M|17/100
|-damage|p2a: Landorus|5/100|[from] Stealth Rock
|-ability|p2a: Landorus|Intimidate|boost
|-unboost|p1a: Nuke|atk|1
|move|p1a: Nuke|Ice Beam|p2a: Landorus
|-supereffective|p2a: Landorus
|-damage|p2a: Landorus|0 fnt
|faint|p2a: Landorus
|
|upkeep
|
|t:|1779576086
|switch|p2a: Mimikyu|Mimikyu, M|100/100
|-status|p2a: Mimikyu|tox
|-damage|p2a: Mimikyu|88/100 tox|[from] Stealth Rock
|-damage|p2a: Mimikyu|76/100 tox|[from] Spikes
|turn|9
|
|t:|1779576091
|move|p1a: Nuke|Ice Beam|p2a: Mimikyu
|-activate|p2a: Mimikyu|ability: Disguise
|-damage|p2a: Mimikyu|76/100 tox
|detailschange|p2a: Mimikyu|Mimikyu-Busted, M
|-damage|p2a: Mimikyu|63/100 tox|[from] pokemon: Mimikyu-Busted
|-enditem|p2a: Mimikyu|Red Card|[of] p1a: Nuke
|drag|p1a: Runt|Pecharunt|100/100
|move|p2a: Mimikyu|Swords Dance|p2a: Mimikyu
|-boost|p2a: Mimikyu|atk|2
|
|-damage|p2a: Mimikyu|57/100 tox|[from] psn
|upkeep
|turn|10
|
|t:|1779576102
|move|p1a: Runt|Protect|p1a: Runt
|-singleturn|p1a: Runt|Protect
|move|p2a: Mimikyu|Shadow Sneak|p1a: Runt
|-activate|p1a: Runt|move: Protect
|
|-damage|p2a: Mimikyu|46/100 tox|[from] psn
|upkeep
|turn|11
|
|t:|1779576111
|-terastallize|p1a: Runt|Dark
|move|p2a: Mimikyu|Shadow Sneak|p1a: Runt
|-resisted|p1a: Runt
|-damage|p1a: Runt|92/100
|move|p1a: Runt|Malignant Chain|p2a: Mimikyu
|-damage|p2a: Mimikyu|5/100 tox
|
|-heal|p1a: Runt|98/100|[from] item: Leftovers
|-damage|p2a: Mimikyu|0 fnt|[from] psn
|faint|p2a: Mimikyu
|upkeep
|
|t:|1779576117
|switch|p2a: Clefable|Clefable, M, shiny|100/100
|-status|p2a: Clefable|tox
|-damage|p2a: Clefable|88/100 tox|[from] Stealth Rock
|-damage|p2a: Clefable|76/100 tox|[from] Spikes
|turn|12
|
|t:|1779576123
|move|p1a: Runt|Malignant Chain|p2a: Clefable
|-supereffective|p2a: Clefable
|-damage|p2a: Clefable|31/100 tox
|move|p2a: Clefable|Stored Power|p1a: Runt
|-immune|p1a: Runt
|
|-heal|p1a: Runt|100/100|[from] item: Leftovers
|-heal|p2a: Clefable|37/100 tox|[from] item: Leftovers
|-damage|p2a: Clefable|31/100 tox|[from] psn
|upkeep
|turn|13
|-message|goldhugo forfeited.
|
|win|cubemotivation
|raw|cubemotivation's rating: 1208 &rarr; <strong>1235</strong><br />(+27 for winning)
|raw|goldhugo's rating: 1232 &rarr; <strong>1205</strong><br />(-27 for losing)
|l|☆goldhugo
|player|p2|
|l|☆cubemotivation
|player|p1|
