|j|☆Ryanop92
|j|☆volkron zz
|t:|1779663667
|gametype|singles
|player|p1|Ryanop92|2|1165
|player|p2|volkron zz|unknownf|1169
|gen|9
|tier|[Gen 9] OU
|rated|
|rule|HP Percentage Mod: HP is shown in percentages
|rule|Endless Battle Clause: Forcing endless battles is banned
|rule|Species Clause: Limit one of each Pokémon
|rule|OHKO Clause: OHKO moves are banned
|rule|Evasion Items Clause: Evasion items are banned
|rule|Evasion Moves Clause: Evasion moves are banned
|rule|Evasion Abilities Clause: Evasion abilities are banned
|rule|Sleep Moves Clause: Sleep-inducing moves are banned
|clearpoke
|poke|p1|Gengar, M|
|poke|p1|Terrakion|
|poke|p1|Empoleon, M|
|poke|p1|Corviknight, M|
|poke|p1|Garchomp, M|
|poke|p1|Darkrai|
|poke|p2|Mamoswine, F|
|poke|p2|Samurott-Hisui, F|
|poke|p2|Gholdengo|
|poke|p2|Iron Treads|
|poke|p2|Hydrapple, F|
|poke|p2|Thundurus-Therian, M|
|teampreview
|inactive|Battle timer is ON: inactive players will automatically lose when time's up. (requested by volkron zz)
|
|t:|1779663683
|teamsize|p1|6
|teamsize|p2|6
|start
|switch|p1a: Plague|Corviknight, M|100/100
|switch|p2a: Samurott|Samurott-Hisui, F|100/100
|-ability|p1a: Plague|Pressure
|turn|1
|
|t:|1779663692
|move|p2a: Samurott|Knock Off|p1a: Plague
|-damage|p1a: Plague|73/100
|-enditem|p1a: Plague|Heavy-Duty Boots|[from] move: Knock Off|[of] p2a: Samurott
|move|p1a: Plague|U-turn|p2a: Samurott
|-supereffective|p2a: Samurott
|-damage|p2a: Samurott|62/100
|
|t:|1779663704
|switch|p1a: Brawn|Terrakion|100/100|[from] U-turn
|
|upkeep
|turn|2
|
|t:|1779663713
|move|p1a: Brawn|Close Combat|p2a: Samurott
|-supereffective|p2a: Samurott
|-damage|p2a: Samurott|0 fnt
|-unboost|p1a: Brawn|def|1
|-unboost|p1a: Brawn|spd|1
|faint|p2a: Samurott
|
|upkeep
|
|t:|1779663721
|switch|p2a: Iron Treads|Iron Treads|100/100
|turn|3
|
|t:|1779663728
|switch|p1a: Plague|Corviknight, M|73/100
|-ability|p1a: Plague|Pressure
|move|p2a: Iron Treads|Earthquake|p1a: Plague
|-immune|p1a: Plague
|
|upkeep
|turn|4
|
|t:|1779663736
|move|p2a: Iron Treads|Stealth Rock|p1a: Plague
|-sidestart|p1: Ryanop92|move: Stealth Rock
|move|p1a: Plague|U-turn|p2a: Iron Treads
|-resisted|p2a: Iron Treads
|-damage|p2a: Iron Treads|93/100
|
|t:|1779663748
|switch|p1a: Joker|Gengar, M|100/100|[from] U-turn
|-damage|p1a: Joker|88/100|[from] Stealth Rock
|
|-heal|p2a: Iron Treads|99/100|[from] item: Leftovers
|upkeep
|turn|5
|
|t:|1779663756
|-terastallize|p1a: Joker|Ghost
|move|p1a: Joker|Shadow Ball|p2a: Iron Treads
|-damage|p2a: Iron Treads|0 fnt
|faint|p2a: Iron Treads
|-end|p2a: Iron Treads|Quark Drive|[silent]
|
|upkeep
|
|t:|1779663767
|switch|p2a: Son 😭|Thundurus-Therian, M|100/100
|turn|6
|
|t:|1779663773
|switch|p1a: Shreptar|Garchomp, M|100/100
|-damage|p1a: Shreptar|94/100|[from] Stealth Rock
|move|p2a: Son 😭|Thunderbolt|p1a: Shreptar
|-immune|p1a: Shreptar
|
|-heal|p1a: Shreptar|100/100|[from] item: Leftovers
|upkeep
|turn|7
|
|t:|1779663785
|switch|p2a: Folk 😭|Mamoswine, F|100/100
|switch|p1a: Midas|Empoleon, M|100/100
|-damage|p1a: Midas|94/100|[from] Stealth Rock
|
|-heal|p1a: Midas|100/100|[from] item: Leftovers
|upkeep
|turn|8
|
|t:|1779663794
|switch|p1a: Plague|Corviknight, M|73/100
|-damage|p1a: Plague|61/100|[from] Stealth Rock
|-ability|p1a: Plague|Pressure
|-terastallize|p2a: Folk 😭|Ice
|move|p2a: Folk 😭|Earthquake|p1a: Plague
|-immune|p1a: Plague
|
|upkeep
|turn|9
|
|t:|1779663804
|switch|p2a: Son 😭|Thundurus-Therian, M|100/100
|move|p1a: Plague|Roost|p1a: Plague
|-heal|p1a: Plague|100/100
|-singleturn|p1a: Plague|move: Roost
|
|upkeep
|turn|10
|inactive|Ryanop92 has 120 seconds left.
|
|t:|1779663839
|switch|p2a: Folk 😭|Mamoswine, F, tera:Ice|100/100
|switch|p1a: Brawn|Terrakion|100/100
|-damage|p1a: Brawn|94/100|[from] Stealth Rock
|
|upkeep
|turn|11
|inactive|Ryanop92 has 120 seconds left.
|
|t:|1779663859
|switch|p1a: Joker|Gengar, M, tera:Ghost|88/100
|-damage|p1a: Joker|76/100|[from] Stealth Rock
|switch|p2a: Hydrapple|Hydrapple, F|100/100
|
|upkeep
|turn|12
|
|t:|1779663874
|switch|p2a: Gholdengo|Gholdengo|100/100
|move|p1a: Joker|Sludge Wave|p2a: Gholdengo
|-immune|p2a: Gholdengo
|
|upkeep
|turn|13
|
|t:|1779663891
|switch|p1a: Midas|Empoleon, M|100/100
|-damage|p1a: Midas|94/100|[from] Stealth Rock
|move|p2a: Gholdengo|Focus Blast|p1a: Midas
|-supereffective|p1a: Midas
|-damage|p1a: Midas|42/100
|
|-heal|p1a: Midas|48/100|[from] item: Leftovers
|upkeep
|turn|14
|
|t:|1779663902
|switch|p2a: Folk 😭|Mamoswine, F, tera:Ice|100/100
|switch|p1a: Joker|Gengar, M, tera:Ghost|76/100
|-damage|p1a: Joker|64/100|[from] Stealth Rock
|
|upkeep
|turn|15
|
|t:|1779663912
|switch|p1a: Midas|Empoleon, M|48/100
|-damage|p1a: Midas|42/100|[from] Stealth Rock
|move|p2a: Folk 😭|Ice Shard|p1a: Midas
|-resisted|p1a: Midas
|-damage|p1a: Midas|30/100
|
|-heal|p1a: Midas|36/100|[from] item: Leftovers
|upkeep
|turn|16
|
|t:|1779663923
|switch|p2a: Hydrapple|Hydrapple, F|100/100
|switch|p1a: Plague|Corviknight, M|100/100
|-damage|p1a: Plague|88/100|[from] Stealth Rock
|-ability|p1a: Plague|Pressure
|
|upkeep
|turn|17
|
|t:|1779663932
|switch|p2a: Folk 😭|Mamoswine, F, tera:Ice|100/100
|move|p1a: Plague|U-turn|p2a: Folk 😭
|-damage|p2a: Folk 😭|85/100
|
|t:|1779663941
|switch|p1a: Brawn|Terrakion|94/100|[from] U-turn
|-damage|p1a: Brawn|88/100|[from] Stealth Rock
|
|upkeep
|turn|18
|
|t:|1779663957
|switch|p1a: Joker|Gengar, M, tera:Ghost|64/100
|-damage|p1a: Joker|51/100|[from] Stealth Rock
|move|p2a: Folk 😭|Icicle Crash|p1a: Joker
|-damage|p1a: Joker|0 fnt
|faint|p1a: Joker
|
|upkeep
|inactive|Ryanop92 has 90 seconds left.
|
|t:|1779663982
|switch|p1a: Grievous|Darkrai|100/100
|-damage|p1a: Grievous|88/100|[from] Stealth Rock
|turn|19
|inactive|Ryanop92 has 90 seconds left.
|
|t:|1779663997
|switch|p1a: Midas|Empoleon, M|36/100
|-damage|p1a: Midas|30/100|[from] Stealth Rock
|switch|p2a: Hydrapple|Hydrapple, F|100/100
|
|-heal|p1a: Midas|36/100|[from] item: Leftovers
|upkeep
|turn|20
|
|t:|1779664008
|switch|p2a: Son 😭|Thundurus-Therian, M|100/100
|switch|p1a: Plague|Corviknight, M|88/100
|-damage|p1a: Plague|75/100|[from] Stealth Rock
|-ability|p1a: Plague|Pressure
|
|upkeep
|turn|21
|inactive|Ryanop92 has 60 seconds left.
|
|t:|1779664042
|switch|p1a: Shreptar|Garchomp, M|100/100
|-damage|p1a: Shreptar|94/100|[from] Stealth Rock
|move|p2a: Son 😭|Volt Switch|p1a: Shreptar
|-immune|p1a: Shreptar
|
|-heal|p1a: Shreptar|100/100|[from] item: Leftovers
|upkeep
|turn|22
|
|t:|1779664050
|switch|p2a: Hydrapple|Hydrapple, F|100/100
|move|p1a: Shreptar|Stealth Rock|p2a: Hydrapple
|-sidestart|p2: volkron zz|move: Stealth Rock
|
|upkeep
|turn|23
|
|t:|1779664061
|switch|p1a: Plague|Corviknight, M|75/100
|-damage|p1a: Plague|63/100|[from] Stealth Rock
|-ability|p1a: Plague|Pressure
|move|p2a: Hydrapple|Fickle Beam|p1a: Plague
|-resisted|p1a: Plague
|-damage|p1a: Plague|47/100
|
|upkeep
|turn|24
|
|t:|1779664076
|move|p1a: Plague|U-turn|p2a: Hydrapple
|-supereffective|p2a: Hydrapple
|-damage|p2a: Hydrapple|85/100
|-damage|p1a: Plague|30/100|[from] item: Rocky Helmet|[of] p2a: Hydrapple
|
|t:|1779664084
|switch|p1a: Midas|Empoleon, M|36/100|[from] U-turn
|-damage|p1a: Midas|30/100|[from] Stealth Rock
|move|p2a: Hydrapple|Fickle Beam|p1a: Midas|[anim] Fickle Beam All Out
|-activate|p2a: Hydrapple|move: Fickle Beam
|-resisted|p1a: Midas
|-damage|p1a: Midas|8/100
|
|-heal|p1a: Midas|14/100|[from] item: Leftovers
|upkeep
|turn|25
|
|t:|1779664095
|move|p2a: Hydrapple|Giga Drain|p1a: Midas
|-damage|p1a: Midas|0 fnt
|-heal|p2a: Hydrapple|91/100|[from] drain|[of] p1a: Midas
|faint|p1a: Midas
|
|upkeep
|
|t:|1779664102
|switch|p1a: Grievous|Darkrai|88/100
|-damage|p1a: Grievous|76/100|[from] Stealth Rock
|turn|26
|
|t:|1779664106
|move|p1a: Grievous|Ice Beam|p2a: Hydrapple
|-supereffective|p2a: Hydrapple
|-crit|p2a: Hydrapple
|-damage|p2a: Hydrapple|0 fnt
|faint|p2a: Hydrapple
|
|-heal|p1a: Grievous|82/100|[from] item: Leftovers
|upkeep
|
|t:|1779664109
|switch|p2a: Folk 😭|Mamoswine, F, tera:Ice|85/100
|-damage|p2a: Folk 😭|60/100|[from] Stealth Rock
|turn|27
|
|t:|1779664135
|move|p1a: Grievous|Dark Pulse|p2a: Folk 😭
|-damage|p2a: Folk 😭|2/100
|move|p2a: Folk 😭|Icicle Crash|p1a: Grievous
|-damage|p1a: Grievous|0 fnt
|faint|p1a: Grievous
|
|upkeep
|
|t:|1779664143
|switch|p1a: Brawn|Terrakion|88/100
|-damage|p1a: Brawn|82/100|[from] Stealth Rock
|turn|28
|
|t:|1779664155
|move|p1a: Brawn|Earthquake|p2a: Folk 😭
|-damage|p2a: Folk 😭|0 fnt
|faint|p2a: Folk 😭
|
|upkeep
|
|t:|1779664164
|switch|p2a: Gholdengo|Gholdengo|100/100
|-damage|p2a: Gholdengo|94/100|[from] Stealth Rock
|turn|29
|inactive|Ryanop92 has 60 seconds left.
|
|t:|1779664193
|move|p1a: Brawn|Earthquake|p2a: Gholdengo
|-supereffective|p2a: Gholdengo
|-damage|p2a: Gholdengo|11/100
|move|p2a: Gholdengo|Make It Rain|p1a: Brawn
|-supereffective|p1a: Brawn
|-damage|p1a: Brawn|0 fnt
|-unboost|p2a: Gholdengo|spa|1
|faint|p1a: Brawn
|
|upkeep
|
|t:|1779664203
|switch|p1a: Shreptar|Garchomp, M|100/100
|-damage|p1a: Shreptar|94/100|[from] Stealth Rock
|turn|30
|inactive|Ryanop92 has 60 seconds left.
|
|t:|1779664211
|switch|p2a: Son 😭|Thundurus-Therian, M|100/100
|-damage|p2a: Son 😭|76/100|[from] Stealth Rock
|move|p1a: Shreptar|Dragon Tail|p2a: Son 😭
|-damage|p2a: Son 😭|34/100
|drag|p2a: Gholdengo|Gholdengo|11/100
|-damage|p2a: Gholdengo|5/100|[from] Stealth Rock
|
|-heal|p1a: Shreptar|100/100|[from] item: Leftovers
|upkeep
|turn|31
|inactive|Ryanop92 has 60 seconds left.
|
|t:|1779664224
|move|p2a: Gholdengo|Make It Rain|p1a: Shreptar
|-damage|p1a: Shreptar|42/100
|-unboost|p2a: Gholdengo|spa|1
|move|p1a: Shreptar|Dragon Tail|p2a: Gholdengo
|-resisted|p2a: Gholdengo
|-damage|p2a: Gholdengo|0 fnt
|faint|p2a: Gholdengo
|
|-heal|p1a: Shreptar|48/100|[from] item: Leftovers
|upkeep
|
|t:|1779664227
|switch|p2a: Son 😭|Thundurus-Therian, M|34/100
|-damage|p2a: Son 😭|9/100|[from] Stealth Rock
|turn|32
|
|t:|1779664239
|move|p2a: Son 😭|Grass Knot|p1a: Shreptar
|-damage|p1a: Shreptar|8/100
|-damage|p2a: Son 😭|0 fnt|[from] ability: Rough Skin|[of] p1a: Shreptar
|faint|p2a: Son 😭
|
|win|Ryanop92
|raw|Ryanop92's rating: 1165 &rarr; <strong>1190</strong><br />(+25 for winning)
|raw|volkron zz's rating: 1169 &rarr; <strong>1144</strong><br />(-25 for losing)
|l|☆Ryanop92
|player|p1|
|l|☆volkron zz
|player|p2|
