|j|☆Maxxxxilla
|j|☆wantsomelove
|t:|1779572624
|gametype|singles
|player|p1|Maxxxxilla|alder|1140
|player|p2|wantsomelove|169|1130
|gen|9
|tier|[Gen 9] OU
|rated|
|rule|HP Percentage Mod: HP is shown in percentages
|rule|Endless Battle Clause: Forcing endless battles is banned
|rule|Species Clause: Limit one of each Pokémon
|rule|OHKO Clause: OHKO moves are banned
|rule|Evasion Items Clause: Evasion items are banned
|rule|Evasion Moves Clause: Evasion moves are banned
|rule|Evasion Abilities Clause: Evasion abilities are banned
|rule|Sleep Moves Clause: Sleep-inducing moves are banned
|clearpoke
|poke|p1|Pikachu-Kalos, M|
|poke|p1|Charizard, F|
|poke|p1|Greninja-*, M|
|poke|p1|Gliscor, M|
|poke|p1|Hawlucha, M|
|poke|p1|Lucario, M|
|poke|p2|Skeledirge, F|
|poke|p2|Rillaboom, F|
|poke|p2|Enamorus, F|
|poke|p2|Weavile, F|
|poke|p2|Great Tusk|
|poke|p2|Slowking-Galar, F|
|teampreview
|inactive|Battle timer is ON: inactive players will automatically lose when time's up. (requested by wantsomelove)
|
|t:|1779572633
|teamsize|p1|6
|teamsize|p2|6
|start
|switch|p1a: Charizard|Charizard, F|100/100
|switch|p2a: Allumer le feu!!!!|Skeledirge, F|100/100
|turn|1
|
|t:|1779572643
|move|p1a: Charizard|Scorching Sands|p2a: Allumer le feu!!!!
|-supereffective|p2a: Allumer le feu!!!!
|-damage|p2a: Allumer le feu!!!!|45/100
|move|p2a: Allumer le feu!!!!|Substitute|p2a: Allumer le feu!!!!
|-start|p2a: Allumer le feu!!!!|Substitute
|-damage|p2a: Allumer le feu!!!!|20/100
|
|-heal|p2a: Allumer le feu!!!!|26/100|[from] item: Leftovers
|upkeep
|turn|2
|
|t:|1779572656
|move|p1a: Charizard|Scorching Sands|p2a: Allumer le feu!!!!
|-supereffective|p2a: Allumer le feu!!!!
|-end|p2a: Allumer le feu!!!!|Substitute
|move|p2a: Allumer le feu!!!!|Torch Song|p1a: Charizard
|-resisted|p1a: Charizard
|-damage|p1a: Charizard|75/100
|-boost|p2a: Allumer le feu!!!!|spa|1
|
|-heal|p2a: Allumer le feu!!!!|32/100|[from] item: Leftovers
|upkeep
|turn|3
|
|t:|1779572667
|-terastallize|p2a: Allumer le feu!!!!|Ghost
|move|p1a: Charizard|Scorching Sands|p2a: Allumer le feu!!!!
|-damage|p2a: Allumer le feu!!!!|6/100
|-status|p2a: Allumer le feu!!!!|brn
|move|p2a: Allumer le feu!!!!|Hex|p1a: Charizard
|-damage|p1a: Charizard|0 fnt
|faint|p1a: Charizard
|
|-heal|p2a: Allumer le feu!!!!|12/100 brn|[from] item: Leftovers
|-damage|p2a: Allumer le feu!!!!|6/100 brn|[from] brn
|upkeep
|
|t:|1779572685
|switch|p1a: Greninja|Greninja, M|100/100
|turn|4
|
|t:|1779572693
|switch|p2a: DAAAMN LES GENS!!!|Rillaboom, F|100/100
|-fieldstart|move: Grassy Terrain|[from] ability: Grassy Surge|[of] p2a: DAAAMN LES GENS!!!
|move|p1a: Greninja|Water Shuriken|p2a: DAAAMN LES GENS!!!
|-start|p1a: Greninja|typechange|Water|[from] ability: Protean
|-resisted|p2a: DAAAMN LES GENS!!!
|-damage|p2a: DAAAMN LES GENS!!!|95/100
|-resisted|p2a: DAAAMN LES GENS!!!
|-damage|p2a: DAAAMN LES GENS!!!|89/100
|-resisted|p2a: DAAAMN LES GENS!!!
|-damage|p2a: DAAAMN LES GENS!!!|83/100
|-hitcount|p2a: DAAAMN LES GENS!!!|3
|
|-heal|p2a: DAAAMN LES GENS!!!|89/100|[from] Grassy Terrain
|upkeep
|turn|5
|
|t:|1779572713
|switch|p1a: Gliscor|Gliscor, M|100/100
|move|p2a: DAAAMN LES GENS!!!|Wood Hammer|p1a: Gliscor
|-damage|p1a: Gliscor|5/100
|-damage|p2a: DAAAMN LES GENS!!!|65/100|[from] Recoil
|
|-heal|p2a: DAAAMN LES GENS!!!|71/100|[from] Grassy Terrain
|-status|p1a: Gliscor|tox|[from] item: Toxic Orb
|upkeep
|turn|6
|inactive|wantsomelove has 120 seconds left.
|
|t:|1779572744
|switch|p2a: Ugly Thing|Enamorus, F|100/100
|move|p1a: Gliscor|Protect||[still]
|-fail|p1a: Gliscor
|
|-heal|p1a: Gliscor|17/100 tox|[from] ability: Poison Heal
|upkeep
|turn|7
|
|t:|1779572757
|move|p2a: Ugly Thing|Moonblast|p1a: Gliscor
|-damage|p1a: Gliscor|0 fnt
|faint|p1a: Gliscor
|
|upkeep
|
|t:|1779572765
|switch|p1a: Hawlucha|Hawlucha, M|100/100
|turn|8
|
|t:|1779572769
|move|p2a: Ugly Thing|Moonblast|p1a: Hawlucha
|-supereffective|p1a: Hawlucha
|-enditem|p1a: Hawlucha|Focus Sash
|-damage|p1a: Hawlucha|1/100
|-unboost|p1a: Hawlucha|spa|1
|move|p1a: Hawlucha|Swords Dance|p1a: Hawlucha
|-boost|p1a: Hawlucha|atk|2
|
|-fieldend|move: Grassy Terrain
|upkeep
|turn|9
|
|t:|1779572782
|switch|p2a: PopGoesTheWeavile|Weavile, F|100/100
|-ability|p2a: PopGoesTheWeavile|Pressure
|move|p1a: Hawlucha|Thunder Punch|p2a: PopGoesTheWeavile
|-damage|p2a: PopGoesTheWeavile|28/100
|
|upkeep
|turn|10
|
|t:|1779572791
|move|p2a: PopGoesTheWeavile|Ice Shard|p1a: Hawlucha
|-supereffective|p1a: Hawlucha
|-damage|p1a: Hawlucha|0 fnt
|faint|p1a: Hawlucha
|
|upkeep
|
|t:|1779572803
|switch|p1a: Lucario|Lucario, M|100/100
|turn|11
|
|t:|1779572808
|move|p1a: Lucario|Extreme Speed|p2a: PopGoesTheWeavile
|-damage|p2a: PopGoesTheWeavile|0 fnt
|faint|p2a: PopGoesTheWeavile
|-damage|p1a: Lucario|91/100|[from] item: Life Orb
|
|upkeep
|
|t:|1779572818
|switch|p2a: Greater Than Lando|Great Tusk|100/100
|turn|12
|
|t:|1779572833
|move|p1a: Lucario|Close Combat|p2a: Greater Than Lando
|-damage|p2a: Greater Than Lando|58/100
|-unboost|p1a: Lucario|def|1
|-unboost|p1a: Lucario|spd|1
|-damage|p1a: Lucario|81/100|[from] item: Life Orb
|move|p2a: Greater Than Lando|Rapid Spin|p1a: Lucario
|-resisted|p1a: Lucario
|-damage|p1a: Lucario|62/100
|-boost|p2a: Greater Than Lando|spe|1
|
|upkeep
|turn|13
|
|t:|1779572849
|-terastallize|p1a: Lucario|Normal
|move|p1a: Lucario|Extreme Speed|p2a: Greater Than Lando
|-damage|p2a: Greater Than Lando|26/100
|-damage|p1a: Lucario|52/100|[from] item: Life Orb
|move|p2a: Greater Than Lando|Headlong Rush|p1a: Lucario
|-damage|p1a: Lucario|0 fnt
|-unboost|p2a: Greater Than Lando|def|1
|-unboost|p2a: Greater Than Lando|spd|1
|faint|p1a: Lucario
|
|upkeep
|
|t:|1779572852
|switch|p1a: Greninja|Greninja, M|100/100
|turn|14
|
|t:|1779572864
|move|p1a: Greninja|Water Shuriken|p2a: Greater Than Lando
|-start|p1a: Greninja|typechange|Water|[from] ability: Protean
|-supereffective|p2a: Greater Than Lando
|-damage|p2a: Greater Than Lando|0 fnt
|faint|p2a: Greater Than Lando
|-end|p2a: Greater Than Lando|Protosynthesis|[silent]
|-hitcount|p2: Greater Than Lando|1
|
|upkeep
|
|t:|1779572873
|switch|p2a: DAAAMN LES GENS!!!|Rillaboom, F|71/100
|-fieldstart|move: Grassy Terrain|[from] ability: Grassy Surge|[of] p2a: DAAAMN LES GENS!!!
|turn|15
|
|t:|1779572881
|switch|p1a: Pikachu|Pikachu-Kalos, M|100/100
|move|p2a: DAAAMN LES GENS!!!|Grassy Glide|p1a: Pikachu
|-damage|p1a: Pikachu|0 fnt
|faint|p1a: Pikachu
|
|-heal|p2a: DAAAMN LES GENS!!!|77/100|[from] Grassy Terrain
|upkeep
|
|t:|1779572883
|switch|p1a: Greninja|Greninja, M|100/100
|turn|16
|
|t:|1779572896
|move|p2a: DAAAMN LES GENS!!!|Grassy Glide|p1a: Greninja
|-supereffective|p1a: Greninja
|-damage|p1a: Greninja|0 fnt
|faint|p1a: Greninja
|
|win|wantsomelove
|raw|Maxxxxilla's rating: 1140 &rarr; <strong>1114</strong><br />(-26 for losing)
|raw|wantsomelove's rating: 1130 &rarr; <strong>1156</strong><br />(+26 for winning)
|l|☆Maxxxxilla
|player|p1|
|l|☆wantsomelove
|player|p2|
