|j|☆npctypebeat
|j|☆a2533540231
|t:|1779591897
|gametype|singles
|player|p1|npctypebeat|2|1152
|player|p2|a2533540231|265|1189
|gen|9
|tier|[Gen 9] OU
|rated|
|rule|HP Percentage Mod: HP is shown in percentages
|rule|Endless Battle Clause: Forcing endless battles is banned
|rule|Species Clause: Limit one of each Pokémon
|rule|OHKO Clause: OHKO moves are banned
|rule|Evasion Items Clause: Evasion items are banned
|rule|Evasion Moves Clause: Evasion moves are banned
|rule|Evasion Abilities Clause: Evasion abilities are banned
|rule|Sleep Moves Clause: Sleep-inducing moves are banned
|clearpoke
|poke|p1|Gliscor, F|
|poke|p1|Gholdengo|
|poke|p1|Zamazenta-*|
|poke|p1|Blissey, F|
|poke|p1|Skarmory, F|
|poke|p1|Pecharunt|
|poke|p2|Corviknight, M|
|poke|p2|Hatterene, F|
|poke|p2|Clefable, F|
|poke|p2|Alomomola, M|
|poke|p2|Garchomp, F|
|poke|p2|Iron Treads|
|teampreview
|c|☆npctypebeat|hf
|inactive|Battle timer is ON: inactive players will automatically lose when time's up. (requested by a2533540231)
|
|t:|1779591914
|teamsize|p1|6
|teamsize|p2|6
|start
|switch|p1a: Skarmory|Skarmory, F|100/100
|switch|p2a: Iron Treads|Iron Treads|100/100
|turn|1
|inactive|npctypebeat also wants the timer to be on.
|
|t:|1779591926
|-end|p2a: Iron Treads|Quark Drive|[silent]
|switch|p2a: Hatterene|Hatterene, F|100/100
|move|p1a: Skarmory|Spikes|p2a: Hatterene
|move|p2a: Hatterene|Spikes|p1a: Skarmory|[from] ability: Magic Bounce
|-sidestart|p1: npctypebeat|Spikes
|
|upkeep
|turn|2
|
|t:|1779591936
|-terastallize|p2a: Hatterene|Dark
|move|p1a: Skarmory|Body Press|p2a: Hatterene
|-supereffective|p2a: Hatterene
|-damage|p2a: Hatterene|43/100
|move|p2a: Hatterene|Trick|p1a: Skarmory
|-activate|p2a: Hatterene|move: Trick|[of] p1a: Skarmory
|-item|p1a: Skarmory|Choice Scarf|[from] move: Trick
|-item|p2a: Hatterene|Heavy-Duty Boots|[from] move: Trick
|
|upkeep
|turn|3
|
|t:|1779591954
|switch|p2a: Garchomp|Garchomp, F|100/100
|move|p1a: Skarmory|Body Press|p2a: Garchomp
|-damage|p2a: Garchomp|80/100
|-damage|p1a: Skarmory|88/100|[from] ability: Rough Skin|[of] p2a: Garchomp
|-damage|p1a: Skarmory|72/100|[from] item: Rocky Helmet|[of] p2a: Garchomp
|
|upkeep
|turn|4
|
|t:|1779591964
|move|p1a: Skarmory|Body Press|p2a: Garchomp
|-damage|p2a: Garchomp|57/100
|-damage|p1a: Skarmory|59/100|[from] ability: Rough Skin|[of] p2a: Garchomp
|-damage|p1a: Skarmory|43/100|[from] item: Rocky Helmet|[of] p2a: Garchomp
|move|p2a: Garchomp|Stealth Rock|p1a: Skarmory
|-sidestart|p1: npctypebeat|move: Stealth Rock
|
|upkeep
|turn|5
|
|t:|1779591971
|switch|p1a: Gliscor|Gliscor, F|100/100
|-damage|p1a: Gliscor|88/100|[from] Stealth Rock
|switch|p2a: Alomomola|Alomomola, M|100/100
|
|-status|p1a: Gliscor|tox|[from] item: Toxic Orb
|upkeep
|turn|6
|
|t:|1779591975
|move|p1a: Gliscor|Swords Dance|p1a: Gliscor
|-boost|p1a: Gliscor|atk|2
|move|p2a: Alomomola|Wish|p2a: Alomomola
|
|-heal|p1a: Gliscor|100/100 tox|[from] ability: Poison Heal
|upkeep
|turn|7
|
|t:|1779591979
|move|p1a: Gliscor|Earthquake|p2a: Alomomola
|-damage|p2a: Alomomola|56/100
|move|p2a: Alomomola|Flip Turn|p1a: Gliscor
|-supereffective|p1a: Gliscor
|-damage|p1a: Gliscor|77/100 tox
|
|t:|1779591982
|switch|p2a: Garchomp|Garchomp, F|57/100|[from] Flip Turn
|
|-heal|p2a: Garchomp|100/100|[from] move: Wish|[wisher] Alomomola
|-heal|p1a: Gliscor|89/100 tox|[from] ability: Poison Heal
|upkeep
|turn|8
|
|t:|1779591985
|move|p1a: Gliscor|Earthquake|p2a: Garchomp
|-damage|p2a: Garchomp|52/100
|move|p2a: Garchomp|Dragon Tail|p1a: Gliscor
|-damage|p1a: Gliscor|66/100 tox
|drag|p1a: Blissey|Blissey, F|100/100
|
|upkeep
|turn|9
|
|t:|1779591994
|switch|p2a: Alomomola|Alomomola, M|89/100
|move|p1a: Blissey|Stealth Rock|p2a: Alomomola
|-sidestart|p2: a2533540231|move: Stealth Rock
|
|upkeep
|turn|10
|
|t:|1779592000
|switch|p1a: Gliscor|Gliscor, F|66/100 tox
|-damage|p1a: Gliscor|54/100 tox|[from] Stealth Rock
|move|p2a: Alomomola|Wish|p2a: Alomomola
|
|-heal|p1a: Gliscor|66/100 tox|[from] ability: Poison Heal
|upkeep
|turn|11
|
|t:|1779592003
|move|p1a: Gliscor|Swords Dance|p1a: Gliscor
|-boost|p1a: Gliscor|atk|2
|move|p2a: Alomomola|Flip Turn|p1a: Gliscor
|-supereffective|p1a: Gliscor
|-damage|p1a: Gliscor|37/100 tox
|
|t:|1779592006
|switch|p2a: Garchomp|Garchomp, F|52/100|[from] Flip Turn
|-damage|p2a: Garchomp|46/100|[from] Stealth Rock
|
|-heal|p2a: Garchomp|100/100|[from] move: Wish|[wisher] Alomomola
|-heal|p1a: Gliscor|50/100 tox|[from] ability: Poison Heal
|upkeep
|turn|12
|
|t:|1779592014
|move|p1a: Gliscor|Protect|p1a: Gliscor
|-singleturn|p1a: Gliscor|Protect
|move|p2a: Garchomp|Swords Dance|p2a: Garchomp
|-boost|p2a: Garchomp|atk|2
|
|-heal|p1a: Gliscor|62/100 tox|[from] ability: Poison Heal
|upkeep
|turn|13
|
|t:|1779592019
|move|p1a: Gliscor|Earthquake|p2a: Garchomp
|-damage|p2a: Garchomp|55/100
|move|p2a: Garchomp|Dragon Tail|p1a: Gliscor
|-damage|p1a: Gliscor|24/100 tox
|drag|p1a: Skarmory|Skarmory, F|43/100
|-damage|p1a: Skarmory|31/100|[from] Stealth Rock
|
|upkeep
|turn|14
|
|t:|1779592025
|switch|p2a: Hatterene|Hatterene, F, tera:Dark|43/100
|move|p1a: Skarmory|Whirlwind|p2a: Hatterene
|move|p2a: Hatterene|Whirlwind|p1a: Skarmory|[from] ability: Magic Bounce
|drag|p1a: Gholdengo|Gholdengo|100/100
|-damage|p1a: Gholdengo|88/100|[from] Spikes
|-damage|p1a: Gholdengo|82/100|[from] Stealth Rock
|
|upkeep
|turn|15
|
|t:|1779592039
|move|p1a: Gholdengo|Nasty Plot|p1a: Gholdengo
|-boost|p1a: Gholdengo|spa|2
|move|p2a: Hatterene|Pain Split|p1a: Gholdengo
|-immune|p1a: Gholdengo|[from] ability: Good as Gold
|
|upkeep
|turn|16
|
|t:|1779592052
|switch|p2a: Corviknight|Corviknight, M|100/100
|-damage|p2a: Corviknight|88/100|[from] Stealth Rock
|-ability|p2a: Corviknight|Pressure
|move|p1a: Gholdengo|Hex|p2a: Corviknight
|-damage|p2a: Corviknight|29/100
|
|upkeep
|turn|17
|
|t:|1779592067
|move|p1a: Gholdengo|Thunder Wave|p2a: Corviknight
|-status|p2a: Corviknight|par
|move|p2a: Corviknight|Roost|p2a: Corviknight
|-heal|p2a: Corviknight|79/100 par
|-singleturn|p2a: Corviknight|move: Roost
|
|upkeep
|turn|18
|
|t:|1779592077
|switch|p2a: Alomomola|Alomomola, M|100/100
|-damage|p2a: Alomomola|88/100|[from] Stealth Rock
|move|p1a: Gholdengo|Nasty Plot|p1a: Gholdengo
|-boost|p1a: Gholdengo|spa|2
|
|upkeep
|turn|19
|
|t:|1779592082
|move|p1a: Gholdengo|Hex|p2a: Alomomola
|-damage|p2a: Alomomola|22/100
|move|p2a: Alomomola|Mirror Coat|p1a: Gholdengo
|-damage|p1a: Gholdengo|0 fnt
|faint|p1a: Gholdengo
|
|upkeep
|
|t:|1779592100
|switch|p1a: Zamazenta|Zamazenta|100/100
|-ability|p1a: Zamazenta|Dauntless Shield|boost
|-boost|p1a: Zamazenta|def|1
|turn|20
|
|t:|1779592119
|switch|p2a: Corviknight|Corviknight, M|79/100 par
|-damage|p2a: Corviknight|67/100 par|[from] Stealth Rock
|-ability|p2a: Corviknight|Pressure
|move|p1a: Zamazenta|Close Combat|p2a: Corviknight
|-damage|p2a: Corviknight|30/100 par
|-unboost|p1a: Zamazenta|def|1
|-unboost|p1a: Zamazenta|spd|1
|-damage|p1a: Zamazenta|84/100|[from] item: Rocky Helmet|[of] p2a: Corviknight
|
|upkeep
|turn|21
|inactive|a2533540231 has 120 seconds left.
|
|t:|1779592145
|move|p1a: Zamazenta|Close Combat|p2a: Corviknight
|-damage|p2a: Corviknight|0 fnt
|-unboost|p1a: Zamazenta|def|1
|-unboost|p1a: Zamazenta|spd|1
|-damage|p1a: Zamazenta|67/100|[from] item: Rocky Helmet|[of] p2a: Corviknight
|faint|p2a: Corviknight
|
|upkeep
|
|t:|1779592147
|switch|p2a: Garchomp|Garchomp, F|55/100
|-damage|p2a: Garchomp|49/100|[from] Stealth Rock
|turn|22
|
|t:|1779592152
|move|p1a: Zamazenta|Close Combat|p2a: Garchomp
|-damage|p2a: Garchomp|9/100
|-unboost|p1a: Zamazenta|def|1
|-unboost|p1a: Zamazenta|spd|1
|-damage|p1a: Zamazenta|55/100|[from] ability: Rough Skin|[of] p2a: Garchomp
|-damage|p1a: Zamazenta|38/100|[from] item: Rocky Helmet|[of] p2a: Garchomp
|move|p2a: Garchomp|Earthquake|p1a: Zamazenta
|-damage|p1a: Zamazenta|0 fnt
|faint|p1a: Zamazenta
|
|upkeep
|
|t:|1779592152
|switch|p1a: Blissey|Blissey, F|100/100
|turn|23
|
|t:|1779592159
|switch|p2a: Alomomola|Alomomola, M|55/100
|-damage|p2a: Alomomola|43/100|[from] Stealth Rock
|move|p1a: Blissey|Shadow Ball|p2a: Alomomola
|-damage|p2a: Alomomola|30/100
|
|upkeep
|turn|24
|
|t:|1779592167
|switch|p1a: Pecharunt|Pecharunt|100/100
|move|p2a: Alomomola|Flip Turn|p1a: Pecharunt
|-damage|p1a: Pecharunt|92/100
|
|t:|1779592191
|switch|p2a: Hatterene|Hatterene, F, tera:Dark|43/100|[from] Flip Turn
|
|upkeep
|turn|25
|
|t:|1779592200
|move|p1a: Pecharunt|Shadow Ball|p2a: Hatterene
|-resisted|p2a: Hatterene
|-damage|p2a: Hatterene|33/100
|-unboost|p2a: Hatterene|spd|1
|move|p2a: Hatterene|Pain Split|p1a: Pecharunt
|-sethp|p1a: Pecharunt|60/100|[from] move: Pain Split|[silent]
|-sethp|p2a: Hatterene|71/100|[from] move: Pain Split
|
|upkeep
|turn|26
|
|t:|1779592222
|move|p1a: Pecharunt|Shadow Ball|p2a: Hatterene
|-resisted|p2a: Hatterene
|-damage|p2a: Hatterene|56/100
|move|p2a: Hatterene|Calm Mind|p2a: Hatterene
|-boost|p2a: Hatterene|spa|1
|-boost|p2a: Hatterene|spd|1
|
|upkeep
|turn|27
|
|t:|1779592229
|move|p1a: Pecharunt|Shadow Ball|p2a: Hatterene
|-resisted|p2a: Hatterene
|-damage|p2a: Hatterene|45/100
|move|p2a: Hatterene|Calm Mind|p2a: Hatterene
|-boost|p2a: Hatterene|spa|1
|-boost|p2a: Hatterene|spd|1
|
|upkeep
|turn|28
|
|t:|1779592244
|switch|p1a: Gliscor|Gliscor, F|24/100 tox
|-damage|p1a: Gliscor|11/100 tox|[from] Stealth Rock
|move|p2a: Hatterene|Calm Mind|p2a: Hatterene
|-boost|p2a: Hatterene|spa|1
|-boost|p2a: Hatterene|spd|1
|
|-heal|p1a: Gliscor|24/100 tox|[from] ability: Poison Heal
|upkeep
|turn|29
|
|t:|1779592256
|move|p1a: Gliscor|Earthquake|p2a: Hatterene
|-damage|p2a: Hatterene|10/100
|move|p2a: Hatterene|Stored Power|p1a: Gliscor
|-damage|p1a: Gliscor|0 fnt
|faint|p1a: Gliscor
|
|upkeep
|
|t:|1779592260
|switch|p1a: Skarmory|Skarmory, F|31/100
|-damage|p1a: Skarmory|18/100|[from] Stealth Rock
|turn|30
|
|t:|1779592267
|move|p1a: Skarmory|Body Press|p2a: Hatterene
|-supereffective|p2a: Hatterene
|-damage|p2a: Hatterene|0 fnt
|faint|p2a: Hatterene
|
|upkeep
|
|t:|1779592270
|switch|p2a: Alomomola|Alomomola, M|63/100
|-damage|p2a: Alomomola|51/100|[from] Stealth Rock
|turn|31
|
|t:|1779592277
|switch|p1a: Pecharunt|Pecharunt|60/100
|move|p2a: Alomomola|Wish|p2a: Alomomola
|
|upkeep
|turn|32
|
|t:|1779592304
|move|p1a: Pecharunt|Recover|p1a: Pecharunt
|-heal|p1a: Pecharunt|100/100
|move|p2a: Alomomola|Mirror Coat||[still]
|-fail|p2a: Alomomola
|
|-heal|p2a: Alomomola|100/100|[from] move: Wish|[wisher] Alomomola
|upkeep
|turn|33
|l|☆npctypebeat
|inactive|npctypebeat disconnected and has a minute to reconnect!
|player|p1|
|j|☆npctypebeat
|inactive|npctypebeat reconnected and has 135 seconds left.
|player|p1|npctypebeat|2|
|inactive|npctypebeat has 120 seconds left.
|inactive|npctypebeat has 90 seconds left.
|
|t:|1779592352
|move|p1a: Pecharunt|Parting Shot|p2a: Alomomola
|-unboost|p2a: Alomomola|atk|1
|-unboost|p2a: Alomomola|spa|1
|inactive|npctypebeat has 90 seconds left.
|
|t:|1779592361
|switch|p1a: Blissey|Blissey, F|100/100|[from] Parting Shot
|move|p2a: Alomomola|Wish|p2a: Alomomola
|
|upkeep
|turn|34
|
|t:|1779592370
|move|p2a: Alomomola|Flip Turn|p1a: Blissey
|-damage|p1a: Blissey|89/100
|
|t:|1779592392
|switch|p2a: Garchomp|Garchomp, F|9/100|[from] Flip Turn
|-damage|p2a: Garchomp|3/100|[from] Stealth Rock
|move|p1a: Blissey|Shadow Ball|p2a: Garchomp
|-damage|p2a: Garchomp|0 fnt
|faint|p2a: Garchomp
|
|upkeep
|inactive|a2533540231 has 120 seconds left.
|
|t:|1779592416
|switch|p2a: Iron Treads|Iron Treads|100/100
|turn|35
|
|t:|1779592424
|switch|p1a: Skarmory|Skarmory, F|18/100
|-damage|p1a: Skarmory|6/100|[from] Stealth Rock
|move|p2a: Iron Treads|Earthquake|p1a: Skarmory
|-immune|p1a: Skarmory
|
|upkeep
|turn|36
|
|t:|1779592435
|move|p2a: Iron Treads|Knock Off|p1a: Skarmory
|-damage|p1a: Skarmory|0 fnt
|-enditem|p1a: Skarmory|Choice Scarf|[from] move: Knock Off|[of] p2a: Iron Treads
|faint|p1a: Skarmory
|
|upkeep
|
|t:|1779592453
|switch|p1a: Blissey|Blissey, F|89/100
|turn|37
|
|t:|1779592464
|move|p2a: Iron Treads|Earthquake|p1a: Blissey
|-damage|p1a: Blissey|42/100
|move|p1a: Blissey|Calm Mind|p1a: Blissey
|-boost|p1a: Blissey|spa|1
|-boost|p1a: Blissey|spd|1
|
|upkeep
|turn|38
|
|t:|1779592477
|switch|p1a: Pecharunt|Pecharunt|100/100
|move|p2a: Iron Treads|Earthquake|p1a: Pecharunt
|-supereffective|p1a: Pecharunt
|-crit|p1a: Pecharunt
|-damage|p1a: Pecharunt|44/100
|
|upkeep
|turn|39
|
|t:|1779592492
|move|p2a: Iron Treads|Knock Off|p1a: Pecharunt
|-supereffective|p1a: Pecharunt
|-damage|p1a: Pecharunt|16/100
|-enditem|p1a: Pecharunt|Heavy-Duty Boots|[from] move: Knock Off|[of] p2a: Iron Treads
|move|p1a: Pecharunt|Recover|p1a: Pecharunt
|-heal|p1a: Pecharunt|66/100
|
|upkeep
|turn|40
|
|t:|1779592509
|move|p2a: Iron Treads|Earthquake|p1a: Pecharunt
|-supereffective|p1a: Pecharunt
|-damage|p1a: Pecharunt|23/100
|move|p1a: Pecharunt|Recover|p1a: Pecharunt
|-heal|p1a: Pecharunt|73/100
|
|upkeep
|turn|41
|
|t:|1779592523
|move|p2a: Iron Treads|Earthquake|p1a: Pecharunt
|-supereffective|p1a: Pecharunt
|-damage|p1a: Pecharunt|35/100
|move|p1a: Pecharunt|Recover|p1a: Pecharunt
|-heal|p1a: Pecharunt|85/100
|
|upkeep
|turn|42
|inactive|npctypebeat has 90 seconds left.
|
|t:|1779592539
|move|p2a: Iron Treads|Earthquake|p1a: Pecharunt
|-supereffective|p1a: Pecharunt
|-damage|p1a: Pecharunt|46/100
|move|p1a: Pecharunt|Recover|p1a: Pecharunt
|-heal|p1a: Pecharunt|96/100
|
|upkeep
|turn|43
|inactive|npctypebeat has 90 seconds left.
|
|t:|1779592559
|move|p2a: Iron Treads|Earthquake|p1a: Pecharunt
|-supereffective|p1a: Pecharunt
|-damage|p1a: Pecharunt|58/100
|move|p1a: Pecharunt|Parting Shot|p2a: Iron Treads
|-unboost|p2a: Iron Treads|atk|1
|-unboost|p2a: Iron Treads|spa|1
|
|t:|1779592575
|switch|p1a: Blissey|Blissey, F|42/100|[from] Parting Shot
|
|upkeep
|turn|44
|inactive|npctypebeat has 60 seconds left.
|
|t:|1779592604
|move|p2a: Iron Treads|Rapid Spin|p1a: Blissey
|-damage|p1a: Blissey|31/100
|-boost|p2a: Iron Treads|spe|1
|-sideend|p2: a2533540231|Stealth Rock|[from] move: Rapid Spin|[of] p2a: Iron Treads
|move|p1a: Blissey|Soft-Boiled|p1a: Blissey
|-heal|p1a: Blissey|81/100
|
|upkeep
|turn|45
|inactive|npctypebeat has 60 seconds left.
|
|t:|1779592631
|-end|p2a: Iron Treads|Quark Drive|[silent]
|switch|p2a: Clefable|Clefable, F|100/100
|move|p1a: Blissey|Stealth Rock|p2a: Clefable
|-sidestart|p2: a2533540231|move: Stealth Rock
|
|upkeep
|turn|46
|
|t:|1779592647
|move|p2a: Clefable|Calm Mind|p2a: Clefable
|-boost|p2a: Clefable|spa|1
|-boost|p2a: Clefable|spd|1
|move|p1a: Blissey|Soft-Boiled|p1a: Blissey
|-heal|p1a: Blissey|100/100
|
|upkeep
|turn|47
|
|t:|1779592665
|move|p2a: Clefable|Calm Mind|p2a: Clefable
|-boost|p2a: Clefable|spa|1
|-boost|p2a: Clefable|spd|1
|move|p1a: Blissey|Shadow Ball|p2a: Clefable
|-damage|p2a: Clefable|95/100
|-unboost|p2a: Clefable|spd|1
|
|-heal|p2a: Clefable|100/100|[from] item: Leftovers
|upkeep
|turn|48
|inactive|npctypebeat has 30 seconds left.
|
|t:|1779592687
|move|p2a: Clefable|Calm Mind|p2a: Clefable
|-boost|p2a: Clefable|spa|1
|-boost|p2a: Clefable|spd|1
|move|p1a: Blissey|Shadow Ball|p2a: Clefable
|-damage|p2a: Clefable|95/100
|
|-heal|p2a: Clefable|100/100|[from] item: Leftovers
|upkeep
|turn|49
|inactive|npctypebeat has 30 seconds left.
|
|t:|1779592701
|move|p2a: Clefable|Calm Mind|p2a: Clefable
|-boost|p2a: Clefable|spa|1
|-boost|p2a: Clefable|spd|1
|move|p1a: Blissey|Shadow Ball|p2a: Clefable
|-damage|p2a: Clefable|96/100
|
|-heal|p2a: Clefable|100/100|[from] item: Leftovers
|upkeep
|turn|50
|inactive|npctypebeat has 30 seconds left.
|
|t:|1779592719
|switch|p1a: Pecharunt|Pecharunt|58/100
|-damage|p1a: Pecharunt|46/100|[from] Spikes
|-damage|p1a: Pecharunt|34/100|[from] Stealth Rock
|move|p2a: Clefable|Calm Mind|p2a: Clefable
|-boost|p2a: Clefable|spa|1
|-boost|p2a: Clefable|spd|1
|
|upkeep
|turn|51
|inactive|npctypebeat has 30 seconds left.
|
|t:|1779592724
|switch|p1a: Blissey|Blissey, F|100/100
|move|p2a: Clefable|Stored Power|p1a: Blissey
|-damage|p1a: Blissey|52/100
|
|upkeep
|turn|52
|
|t:|1779592733
|move|p2a: Clefable|Calm Mind|p2a: Clefable
|-boost|p2a: Clefable|spa|1
|-boost|p2a: Clefable|spd|1
|move|p1a: Blissey|Soft-Boiled|p1a: Blissey
|-heal|p1a: Blissey|100/100
|
|upkeep
|turn|53
|
|t:|1779592738
|move|p2a: Clefable|Stored Power|p1a: Blissey
|-damage|p1a: Blissey|32/100
|move|p1a: Blissey|Shadow Ball|p2a: Clefable
|-damage|p2a: Clefable|97/100
|
|-heal|p2a: Clefable|100/100|[from] item: Leftovers
|upkeep
|turn|54
|inactive|npctypebeat has 30 seconds left.
|
|t:|1779592770
|move|p2a: Clefable|Stored Power|p1a: Blissey
|-damage|p1a: Blissey|0 fnt
|faint|p1a: Blissey
|
|upkeep
|inactive|npctypebeat has 30 seconds left this turn.
|
|t:|1779592779
|switch|p1a: Pecharunt|Pecharunt|34/100
|-damage|p1a: Pecharunt|21/100|[from] Spikes
|-damage|p1a: Pecharunt|9/100|[from] Stealth Rock
|turn|55
|inactive|npctypebeat has 30 seconds left.
|
|t:|1779592785
|move|p1a: Pecharunt|Shadow Ball|p2a: Clefable
|-damage|p2a: Clefable|95/100
|-unboost|p2a: Clefable|spd|1
|move|p2a: Clefable|Stored Power|p1a: Pecharunt
|-supereffective|p1a: Pecharunt
|-damage|p1a: Pecharunt|0 fnt
|faint|p1a: Pecharunt
|
|win|a2533540231
|raw|npctypebeat's rating: 1181 &rarr; <strong>1157</strong><br />(-24 for losing)
|raw|a2533540231's rating: 1189 &rarr; <strong>1213</strong><br />(+24 for winning)
|c|☆npctypebeat|gg
