|j|☆encore21768768
|j|☆Abyssal Bot
|t:|1779628507
|gametype|singles
|player|p1|encore21768768|266|
|player|p2|Abyssal Bot|supernerd|
|teamsize|p1|6
|teamsize|p2|6
|gen|9
|tier|[Gen 9] OU
|rule|Species Clause: Limit one of each Pokémon
|rule|OHKO Clause: OHKO moves are banned
|rule|Evasion Items Clause: Evasion items are banned
|rule|Evasion Moves Clause: Evasion moves are banned
|rule|Endless Battle Clause: Forcing endless battles is banned
|rule|HP Percentage Mod: HP is shown in percentages
|rule|Sleep Moves Clause: Sleep-inducing moves are banned
|clearpoke
|poke|p1|Clefable, F|
|poke|p1|Kommo-o, F|
|poke|p1|Deoxys-Speed|
|poke|p1|Arboliva, M|
|poke|p1|Dragalge, M|
|poke|p1|Ogerpon, F|
|poke|p2|Gholdengo|
|poke|p2|Ting-Lu|
|poke|p2|Deoxys-Speed|
|poke|p2|Garganacl, M|
|poke|p2|Ogerpon, F|
|poke|p2|Gliscor, F|
|teampreview
|c|☆Abyssal Bot|Good Luck and Have Fun my Friend!
|inactive|Battle timer is ON: inactive players will automatically lose when time's up. (requested by Abyssal Bot)
|j|*Turbo Bottttt
|
|t:|1779628509
|start
|switch|p1a: coconut|Kommo-o, F|100/100
|switch|p2a: Gholdengo|Gholdengo|100/100
|turn|1
|
|t:|1779628511
|move|p1a: coconut|Clangorous Soul|p1a: coconut
|-boost|p1a: coconut|atk|1
|-boost|p1a: coconut|def|1
|-boost|p1a: coconut|spa|1
|-boost|p1a: coconut|spd|1
|-boost|p1a: coconut|spe|1
|-damage|p1a: coconut|68/100
|move|p2a: Gholdengo|Hex|p1a: coconut
|-damage|p1a: coconut|50/100
|
|upkeep
|turn|2
|
|t:|1779628514
|move|p1a: coconut|Flamethrower|p2a: Gholdengo
|-supereffective|p2a: Gholdengo
|-damage|p2a: Gholdengo|26/100
|-damage|p1a: coconut|40/100|[from] item: Life Orb
|move|p2a: Gholdengo|Focus Blast|p1a: coconut
|-immune|p1a: coconut|[from] ability: Bulletproof
|
|upkeep
|turn|3
|
|t:|1779628517
|move|p1a: coconut|Flamethrower|p2a: Gholdengo
|-supereffective|p2a: Gholdengo
|-damage|p2a: Gholdengo|0
|faint|p2a: Gholdengo
|-damage|p1a: coconut|30/100|[from] item: Life Orb
|
|upkeep
|
|t:|1779628517
|switch|p2a: Deoxys|Deoxys-Speed|100/100
|-ability|p2a: Deoxys|Pressure
|turn|4
|
|t:|1779628529
|switch|p1a: financial|Deoxys-Speed|100/100
|-ability|p1a: financial|Pressure
|move|p2a: Deoxys|Superpower|p1a: financial
|-resisted|p1a: financial
|-damage|p1a: financial|76/100
|-unboost|p2a: Deoxys|atk|1
|-unboost|p2a: Deoxys|def|1
|
|upkeep
|turn|5
|
|t:|1779628534
|move|p1a: financial|Stealth Rock|p2a: Deoxys
|-sidestart|p2: Abyssal Bot|move: Stealth Rock
|move|p2a: Deoxys|Psycho Boost|p1a: financial
|-resisted|p1a: financial
|-damage|p1a: financial|25/100
|-unboost|p2a: Deoxys|spa|2
|
|upkeep
|turn|6
|
|t:|1779628541
|switch|p1a: circumstances|Ogerpon, F|100/100
|move|p2a: Deoxys|Psycho Boost|p1a: circumstances
|-damage|p1a: circumstances|71/100
|-unboost|p2a: Deoxys|spa|2
|
|upkeep
|turn|7
|
|t:|1779628543
|switch|p2a: Ogerpon|Ogerpon, F|100/100
|move|p1a: circumstances|Swords Dance|p1a: circumstances
|-boost|p1a: circumstances|atk|2
|
|upkeep
|turn|8
|
|t:|1779628545
|move|p2a: Ogerpon|U-turn|p1a: circumstances
|-supereffective|p1a: circumstances
|-damage|p1a: circumstances|18/100
|
|t:|1779628545
|switch|p2a: Deoxys|Deoxys-Speed|100/100|[from] U-turn
|-ability|p2a: Deoxys|Pressure
|move|p1a: circumstances|Trailblaze|p2a: Deoxys
|-damage|p2a: Deoxys|38/100
|-boost|p1a: circumstances|spe|1
|
|upkeep
|turn|9
|
|t:|1779628548
|move|p1a: circumstances|Trailblaze|p2a: Deoxys
|-damage|p2a: Deoxys|0
|-boost|p1a: circumstances|spe|1
|faint|p2a: Deoxys
|
|upkeep
|
|t:|1779628548
|switch|p2a: Ogerpon|Ogerpon, F|100/100
|turn|10
|
|t:|1779628550
|move|p1a: circumstances|Knock Off|p2a: Ogerpon
|-damage|p2a: Ogerpon|27/100
|-enditem|p2a: Ogerpon|Heavy-Duty Boots|[from] move: Knock Off|[of] p1a: circumstances
|move|p2a: Ogerpon|Knock Off|p1a: circumstances
|-damage|p1a: circumstances|0
|-enditem|p1a: circumstances|Heavy-Duty Boots|[from] move: Knock Off|[of] p2a: Ogerpon
|faint|p1a: circumstances
|
|upkeep
|
|t:|1779628559
|switch|p1a: financial|Deoxys-Speed|25/100
|-ability|p1a: financial|Pressure
|turn|11
|
|t:|1779628562
|move|p1a: financial|Psychic Noise|p2a: Ogerpon
|-damage|p2a: Ogerpon|0
|faint|p2a: Ogerpon
|
|upkeep
|
|t:|1779628562
|switch|p2a: Ting-Lu|Ting-Lu|100/100
|-ability|p2a: Ting-Lu|Vessel of Ruin
|turn|12
|
|t:|1779628566
|switch|p1a: the idea|Arboliva, M|100/100
|move|p2a: Ting-Lu|Earthquake|p1a: the idea
|-resisted|p1a: the idea
|-damage|p1a: the idea|87/100
|-fieldstart|move: Grassy Terrain|[from] ability: Seed Sower|[of] p1a: the idea
|
|-heal|p1a: the idea|93/100|[from] Grassy Terrain
|upkeep
|turn|13
|
|t:|1779628569
|switch|p2a: Gliscor|Gliscor, F|100/100
|-damage|p2a: Gliscor|88/100|[from] Stealth Rock|[of] p1: financial
|move|p1a: the idea|Leech Seed|p2a: Gliscor
|-start|p2a: Gliscor|move: Leech Seed
|
|-heal|p1a: the idea|99/100|[from] Grassy Terrain
|-damage|p2a: Gliscor|75/100|[from] Leech Seed|[of] p1a: the idea
|-heal|p1a: the idea|100/100|[silent]
|-status|p2a: Gliscor|tox|[from] item: Toxic Orb
|upkeep
|turn|14
|
|t:|1779628571
|move|p2a: Gliscor|U-turn|p1a: the idea
|-supereffective|p1a: the idea
|-damage|p1a: the idea|78/100
|
|t:|1779628572
|switch|p2a: Garganacl|Garganacl, M|100/100|[from] U-turn
|-damage|p2a: Garganacl|88/100|[from] Stealth Rock|[of] p1: financial
|move|p1a: the idea|Giga Drain|p2a: Garganacl
|-supereffective|p2a: Garganacl
|-damage|p2a: Garganacl|16/100
|-heal|p1a: the idea|100/100|[from] drain|[of] p2a: Garganacl
|
|-heal|p2a: Garganacl|23/100|[from] Grassy Terrain
|-heal|p2a: Garganacl|29/100|[from] item: Leftovers
|upkeep
|turn|15
|
|t:|1779628574
|switch|p2a: Gliscor|Gliscor, F|75/100 tox
|-damage|p2a: Gliscor|63/100 tox|[from] Stealth Rock|[of] p1: financial
|move|p1a: the idea|Giga Drain|p2a: Gliscor
|-damage|p2a: Gliscor|25/100 tox
|
|-heal|p2a: Gliscor|38/100 tox|[from] ability: Poison Heal
|upkeep
|turn|16
|
|t:|1779628575
|move|p2a: Gliscor|Protect|p2a: Gliscor
|-singleturn|p2a: Gliscor|Protect
|move|p1a: the idea|Leech Seed|p2a: Gliscor
|-activate|p2a: Gliscor|move: Protect
|
|-heal|p2a: Gliscor|50/100 tox|[from] ability: Poison Heal
|upkeep
|turn|17
|
|t:|1779628577
|move|p2a: Gliscor|Toxic|p1a: the idea
|-status|p1a: the idea|tox
|move|p1a: the idea|Leech Seed|p2a: Gliscor
|-start|p2a: Gliscor|move: Leech Seed
|
|-damage|p2a: Gliscor|38/100 tox|[from] Leech Seed|[of] p1a: the idea
|-heal|p2a: Gliscor|50/100 tox|[from] ability: Poison Heal
|-damage|p1a: the idea|94/100 tox|[from] psn|[of] p2a: Gliscor
|upkeep
|turn|18
|
|t:|1779628579
|move|p2a: Gliscor|U-turn|p1a: the idea
|-supereffective|p1a: the idea
|-damage|p1a: the idea|69/100 tox
|
|t:|1779628579
|switch|p2a: Garganacl|Garganacl, M|29/100|[from] U-turn
|-damage|p2a: Garganacl|16/100|[from] Stealth Rock|[of] p1: financial
|move|p1a: the idea|Giga Drain|p2a: Garganacl
|-supereffective|p2a: Garganacl
|-damage|p2a: Garganacl|0
|-heal|p1a: the idea|78/100 tox|[from] drain|[of] p2a: Garganacl
|faint|p2a: Garganacl
|
|-heal|p1a: the idea|85/100 tox|[from] Grassy Terrain
|-damage|p1a: the idea|72/100 tox|[from] psn|[of] p2: Gliscor
|upkeep
|
|t:|1779628579
|switch|p2a: Gliscor|Gliscor, F|50/100 tox
|-damage|p2a: Gliscor|38/100 tox|[from] Stealth Rock|[of] p1: financial
|turn|19
|
|t:|1779628580
|move|p2a: Gliscor|U-turn|p1a: the idea
|-supereffective|p1a: the idea
|-damage|p1a: the idea|48/100 tox
|
|t:|1779628581
|switch|p2a: Ting-Lu|Ting-Lu|100/100|[from] U-turn
|-ability|p2a: Ting-Lu|Vessel of Ruin
|move|p1a: the idea|Giga Drain|p2a: Ting-Lu
|-supereffective|p2a: Ting-Lu
|-damage|p2a: Ting-Lu|65/100
|-heal|p1a: the idea|73/100 tox|[from] drain|[of] p2a: Ting-Lu
|
|-heal|p2a: Ting-Lu|72/100|[from] Grassy Terrain
|-heal|p1a: the idea|80/100 tox|[from] Grassy Terrain
|-damage|p1a: the idea|61/100 tox|[from] psn|[of] p2: Gliscor
|-fieldend|move: Grassy Terrain
|upkeep
|turn|20
|
|t:|1779628583
|switch|p2a: Gliscor|Gliscor, F|38/100 tox
|-damage|p2a: Gliscor|25/100 tox|[from] Stealth Rock|[of] p1: financial
|move|p1a: the idea|Leech Seed|p2a: Gliscor
|-start|p2a: Gliscor|move: Leech Seed
|
|-damage|p2a: Gliscor|13/100 tox|[from] Leech Seed|[of] p1a: the idea
|-heal|p1a: the idea|73/100 tox|[silent]
|-heal|p2a: Gliscor|25/100 tox|[from] ability: Poison Heal
|-damage|p1a: the idea|49/100 tox|[from] psn|[of] p2a: Gliscor
|upkeep
|turn|21
|
|t:|1779628585
|move|p2a: Gliscor|Protect|p2a: Gliscor
|-singleturn|p2a: Gliscor|Protect
|move|p1a: the idea|Giga Drain|p2a: Gliscor
|-activate|p2a: Gliscor|move: Protect
|
|-damage|p2a: Gliscor|13/100 tox|[from] Leech Seed|[of] p1a: the idea
|-heal|p1a: the idea|61/100 tox|[silent]
|-heal|p2a: Gliscor|25/100 tox|[from] ability: Poison Heal
|-damage|p1a: the idea|30/100 tox|[from] psn|[of] p2a: Gliscor
|upkeep
|turn|22
|
|t:|1779628587
|move|p2a: Gliscor|U-turn|p1a: the idea
|-supereffective|p1a: the idea
|-damage|p1a: the idea|6/100 tox
|-fieldstart|move: Grassy Terrain|[from] ability: Seed Sower|[of] p1a: the idea
|
|t:|1779628587
|switch|p2a: Ting-Lu|Ting-Lu|72/100|[from] U-turn
|-ability|p2a: Ting-Lu|Vessel of Ruin
|move|p1a: the idea|Giga Drain|p2a: Ting-Lu
|-supereffective|p2a: Ting-Lu
|-damage|p2a: Ting-Lu|37/100
|-heal|p1a: the idea|32/100 tox|[from] drain|[of] p2a: Ting-Lu
|
|-heal|p2a: Ting-Lu|43/100|[from] Grassy Terrain
|-heal|p1a: the idea|38/100 tox|[from] Grassy Terrain
|-damage|p1a: the idea|0 tox|[from] psn|[of] p2: Gliscor
|faint|p1a: the idea
|upkeep
|
|t:|1779628590
|switch|p1a: coconut|Kommo-o, F|30/100
|turn|23
|
|t:|1779628591
|move|p1a: coconut|Clangorous Soul||[still]
|-fail|p1a: coconut
|move|p2a: Ting-Lu|Earthquake|p1a: coconut
|-damage|p1a: coconut|13/100
|
|-heal|p1a: coconut|20/100|[from] Grassy Terrain
|-heal|p2a: Ting-Lu|49/100|[from] Grassy Terrain
|upkeep
|turn|24
|
|t:|1779628594
|move|p1a: coconut|Low Kick|p2a: Ting-Lu
|-supereffective|p2a: Ting-Lu
|-crit|p2a: Ting-Lu
|-damage|p2a: Ting-Lu|0
|faint|p2a: Ting-Lu
|-damage|p1a: coconut|10/100|[from] item: Life Orb
|
|-heal|p1a: coconut|16/100|[from] Grassy Terrain
|upkeep
|c|☆Abyssal Bot|I should be the one who gets hax ;-;
|
|t:|1779628594
|switch|p2a: Gliscor|Gliscor, F|25/100 tox
|-damage|p2a: Gliscor|13/100 tox|[from] Stealth Rock|[of] p1: financial
|turn|25
|
|t:|1779628597
|move|p1a: coconut|Ice Punch|p2a: Gliscor
|-supereffective|p2a: Gliscor
|-damage|p2a: Gliscor|0 tox
|faint|p2a: Gliscor
|-damage|p1a: coconut|6/100|[from] item: Life Orb
|
|win|encore21768768
|c|☆Abyssal Bot|Well Played.
|l|☆Abyssal Bot
|player|p2|
|l|*Turbo Bottttt
