|j|☆akamint
|j|☆Mouu'D
|t:|1779714550
|gametype|singles
|player|p1|akamint|alder|1324
|player|p2|Mouu'D|youngster-gen4dp|1356
|gen|9
|tier|[Gen 9] OU
|rated|
|rule|HP Percentage Mod: HP is shown in percentages
|rule|Endless Battle Clause: Forcing endless battles is banned
|rule|Species Clause: Limit one of each Pokémon
|rule|OHKO Clause: OHKO moves are banned
|rule|Evasion Items Clause: Evasion items are banned
|rule|Evasion Moves Clause: Evasion moves are banned
|rule|Evasion Abilities Clause: Evasion abilities are banned
|rule|Sleep Moves Clause: Sleep-inducing moves are banned
|clearpoke
|poke|p1|Dragapult, F|
|poke|p1|Kyurem|
|poke|p1|Cinderace, M|
|poke|p1|Zoroark-Hisui, M|
|poke|p1|Great Tusk|
|poke|p1|Kingambit, M|
|poke|p2|Deoxys-Defense|
|poke|p2|Diancie|
|poke|p2|Glastrier|
|poke|p2|Ursaluna, M|
|poke|p2|Exeggutor-Alola, F|
|poke|p2|Conkeldurr, F|
|teampreview
|l|☆akamint
|player|p1|
|j|☆akamint
|player|p1|akamint|alder|
|inactive|Battle timer is ON: inactive players will automatically lose when time's up. (requested by Mouu'D)
|
|t:|1779714599
|teamsize|p1|6
|teamsize|p2|6
|start
|switch|p1a: Cinderace|Cinderace, M|100/100
|switch|p2a: Joz|Diancie|100/100
|turn|1
|
|t:|1779714625
|switch|p1a: Dragapult|Dragapult, F|100/100
|move|p2a: Joz|Trick Room|p2a: Joz
|-fieldstart|move: Trick Room|[of] p2a: Joz
|
|upkeep
|turn|2
|
|t:|1779714633
|switch|p1a: Kingambit|Kingambit, M|100/100
|move|p2a: Joz|Moonblast|p1a: Kingambit
|-damage|p1a: Kingambit|57/100
|
|upkeep
|turn|3
|
|t:|1779714645
|move|p2a: Joz|Earth Power|p1a: Kingambit
|-supereffective|p1a: Kingambit
|-crit|p1a: Kingambit
|-damage|p1a: Kingambit|0 fnt
|faint|p1a: Kingambit
|-end|p1a: Kingambit|fallenundefined|[silent]
|
|upkeep
|
|t:|1779714656
|switch|p1a: Kyurem|Kyurem|100/100
|-ability|p1a: Kyurem|Pressure
|turn|4
|
|t:|1779714666
|-terastallize|p1a: Kyurem|Fairy
|move|p2a: Joz|Moonblast|p1a: Kyurem
|-damage|p1a: Kyurem|58/100
|move|p1a: Kyurem|Earth Power|p2a: Joz
|-supereffective|p2a: Joz
|-damage|p2a: Joz|50/100
|
|-heal|p1a: Kyurem|64/100|[from] item: Leftovers
|upkeep
|turn|5
|inactive|Mouu'D has 120 seconds left.
|
|t:|1779714701
|move|p2a: Joz|Moonblast|p1a: Kyurem
|-damage|p1a: Kyurem|20/100
|move|p1a: Kyurem|Substitute|p1a: Kyurem
|-fail|p1a: Kyurem|move: Substitute|[weak]
|
|-heal|p1a: Kyurem|26/100|[from] item: Leftovers
|-fieldend|move: Trick Room
|upkeep
|turn|6
|
|t:|1779714708
|move|p1a: Kyurem|Earth Power|p2a: Joz
|-supereffective|p2a: Joz
|-damage|p2a: Joz|5/100
|move|p2a: Joz|Trick Room|p2a: Joz
|-fieldstart|move: Trick Room|[of] p2a: Joz
|
|-heal|p1a: Kyurem|33/100|[from] item: Leftovers
|upkeep
|turn|7
|
|t:|1779714716
|move|p2a: Joz|Moonblast|p1a: Kyurem
|-damage|p1a: Kyurem|0 fnt
|faint|p1a: Kyurem
|
|upkeep
|
|t:|1779714721
|switch|p1a: Dragapult|Dragapult, F|100/100
|turn|8
|
|t:|1779714724
|move|p1a: Dragapult|Sucker Punch|p2a: Joz
|-resisted|p2a: Joz
|-damage|p2a: Joz|0 fnt
|faint|p2a: Joz
|
|upkeep
|
|t:|1779714728
|switch|p2a: Luffy gear 4th|Conkeldurr, F|100/100
|turn|9
|
|t:|1779714733
|move|p1a: Dragapult|Sucker Punch|p2a: Luffy gear 4th
|-resisted|p2a: Luffy gear 4th
|-damage|p2a: Luffy gear 4th|86/100
|move|p2a: Luffy gear 4th|Knock Off|p1a: Dragapult
|-supereffective|p1a: Dragapult
|-damage|p1a: Dragapult|0 fnt
|-enditem|p1a: Dragapult|Choice Band|[from] move: Knock Off|[of] p2a: Luffy gear 4th
|faint|p1a: Dragapult
|
|-status|p2a: Luffy gear 4th|brn|[from] item: Flame Orb
|upkeep
|
|t:|1779714739
|switch|p1a: Great Tusk|Great Tusk|100/100
|turn|10
|
|t:|1779714748
|move|p2a: Luffy gear 4th|Ice Punch|p1a: Great Tusk
|-supereffective|p1a: Great Tusk
|-damage|p1a: Great Tusk|55/100
|move|p1a: Great Tusk|Earthquake|p2a: Luffy gear 4th
|-damage|p2a: Luffy gear 4th|46/100 brn
|
|-heal|p1a: Great Tusk|62/100|[from] item: Leftovers
|-damage|p2a: Luffy gear 4th|40/100 brn|[from] brn
|-fieldend|move: Trick Room
|upkeep
|turn|11
|
|t:|1779714754
|move|p1a: Great Tusk|Earthquake|p2a: Luffy gear 4th
|-damage|p2a: Luffy gear 4th|6/100 brn
|move|p2a: Luffy gear 4th|Drain Punch|p1a: Great Tusk
|-damage|p1a: Great Tusk|28/100
|-heal|p2a: Luffy gear 4th|24/100 brn|[from] drain|[of] p1a: Great Tusk
|
|-heal|p1a: Great Tusk|34/100|[from] item: Leftovers
|-damage|p2a: Luffy gear 4th|18/100 brn|[from] brn
|upkeep
|turn|12
|
|t:|1779714763
|move|p2a: Luffy gear 4th|Mach Punch|p1a: Great Tusk
|-damage|p1a: Great Tusk|16/100
|move|p1a: Great Tusk|Earthquake|p2a: Luffy gear 4th
|-damage|p2a: Luffy gear 4th|0 fnt
|faint|p2a: Luffy gear 4th
|
|-heal|p1a: Great Tusk|22/100|[from] item: Leftovers
|upkeep
|
|t:|1779714774
|switch|p2a: Vegapunk 03|Deoxys-Defense, shiny|100/100
|-ability|p2a: Vegapunk 03|Pressure
|turn|13
|
|t:|1779714779
|move|p1a: Great Tusk|Knock Off|p2a: Vegapunk 03
|-supereffective|p2a: Vegapunk 03
|-enditem|p2a: Vegapunk 03|Colbur Berry|[eat]
|-enditem|p2a: Vegapunk 03|Colbur Berry|[weaken]
|-damage|p2a: Vegapunk 03|78/100
|move|p2a: Vegapunk 03|Trick Room|p2a: Vegapunk 03
|-fieldstart|move: Trick Room|[of] p2a: Vegapunk 03
|
|-heal|p1a: Great Tusk|28/100|[from] item: Leftovers
|upkeep
|turn|14
|
|t:|1779714788
|move|p2a: Vegapunk 03|Psycho Boost|p1a: Great Tusk
|-supereffective|p1a: Great Tusk
|-damage|p1a: Great Tusk|0 fnt
|-unboost|p2a: Vegapunk 03|spa|2
|faint|p1a: Great Tusk
|-end|p1a: Great Tusk|Protosynthesis|[silent]
|
|upkeep
|
|t:|1779714792
|switch|p1a: Cinderace|Cinderace, M|100/100
|turn|15
|
|t:|1779714802
|switch|p2a: Stronger|Glastrier|100/100
|move|p1a: Cinderace|Bitter Malice|p2a: Stronger
|-damage|p2a: Stronger|82/100
|-unboost|p2a: Stronger|atk|1
|
|upkeep
|turn|16
|
|t:|1779714814
|move|p2a: Stronger|Crunch|p1a: Cinderace
|-supereffective|p1a: Cinderace
|-damage|p1a: Cinderace|10/100
|replace|p1a: Zoroark|Zoroark-Hisui, M
|-end|p1a: Zoroark|Illusion
|move|p1a: Zoroark|Flamethrower|p2a: Stronger
|-supereffective|p2a: Stronger
|-damage|p2a: Stronger|49/100
|-status|p2a: Stronger|brn
|
|-damage|p2a: Stronger|43/100 brn|[from] brn
|upkeep
|turn|17
|
|t:|1779714824
|move|p2a: Stronger|Crunch|p1a: Zoroark
|-supereffective|p1a: Zoroark
|-damage|p1a: Zoroark|0 fnt
|faint|p1a: Zoroark
|-ability|p2a: Stronger|Chilling Neigh|boost
|-boost|p2a: Stronger|atk|1
|
|-damage|p2a: Stronger|37/100 brn|[from] brn
|-fieldend|move: Trick Room
|upkeep
|
|t:|1779714825
|switch|p1a: Cinderace|Cinderace, M|100/100
|turn|18
|
|t:|1779714835
|move|p1a: Cinderace|Pyro Ball|p2a: Stronger
|-supereffective|p2a: Stronger
|-damage|p2a: Stronger|0 fnt
|faint|p2a: Stronger
|
|upkeep
|
|t:|1779714838
|switch|p2a: Vegapunk 03|Deoxys-Defense, shiny|78/100
|-ability|p2a: Vegapunk 03|Pressure
|turn|19
|
|t:|1779714842
|move|p1a: Cinderace|Pyro Ball|p2a: Vegapunk 03
|-damage|p2a: Vegapunk 03|33/100
|move|p2a: Vegapunk 03|Trick Room|p2a: Vegapunk 03
|-fieldstart|move: Trick Room|[of] p2a: Vegapunk 03
|
|upkeep
|turn|20
|
|t:|1779714848
|move|p2a: Vegapunk 03|Psycho Boost|p1a: Cinderace
|-damage|p1a: Cinderace|47/100
|-unboost|p2a: Vegapunk 03|spa|2
|move|p1a: Cinderace|Will-O-Wisp|p2a: Vegapunk 03
|-status|p2a: Vegapunk 03|brn
|
|-damage|p2a: Vegapunk 03|27/100 brn|[from] brn
|upkeep
|turn|21
|
|t:|1779714860
|switch|p2a: Kuma|Ursaluna, M|100/100
|move|p1a: Cinderace|U-turn|p2a: Kuma
|-start|p1a: Cinderace|typechange|Bug|[from] ability: Libero
|-damage|p2a: Kuma|75/100
|
|-status|p2a: Kuma|brn|[from] item: Flame Orb
|upkeep
|turn|22
|
|t:|1779714870
|move|p2a: Kuma|Earthquake|p1a: Cinderace
|-resisted|p1a: Cinderace
|-damage|p1a: Cinderace|0 fnt
|faint|p1a: Cinderace
|
|win|Mouu'D
|raw|akamint's rating: 1324 &rarr; <strong>1306</strong><br />(-18 for losing)
|raw|Mouu&apos;D's rating: 1356 &rarr; <strong>1374</strong><br />(+18 for winning)
|l|☆akamint
|player|p1|
|l|☆Mouu'D
|player|p2|
