|j|☆vapelordell
|j|☆BrainOffHeadEmpty
|t:|1779580710
|gametype|singles
|player|p1|vapelordell|101|1499
|player|p2|BrainOffHeadEmpty|hilda-wonderlauncher|1464
|gen|9
|tier|[Gen 9] OU
|rated|
|rule|HP Percentage Mod: HP is shown in percentages
|rule|Endless Battle Clause: Forcing endless battles is banned
|rule|Species Clause: Limit one of each Pokémon
|rule|OHKO Clause: OHKO moves are banned
|rule|Evasion Items Clause: Evasion items are banned
|rule|Evasion Moves Clause: Evasion moves are banned
|rule|Evasion Abilities Clause: Evasion abilities are banned
|rule|Sleep Moves Clause: Sleep-inducing moves are banned
|clearpoke
|poke|p1|Arcanine-Hisui, F|
|poke|p1|Darkrai|
|poke|p1|Gholdengo|
|poke|p1|Landorus-Therian, M|
|poke|p1|Kyurem|
|poke|p1|Zamazenta-*|
|poke|p2|Great Tusk|
|poke|p2|Walking Wake|
|poke|p2|Kingambit, M|
|poke|p2|Venusaur, M|
|poke|p2|Ninetales, M|
|poke|p2|Raging Bolt|
|teampreview
|inactive|Battle timer is ON: inactive players will automatically lose when time's up. (requested by BrainOffHeadEmpty)
|
|t:|1779580751
|teamsize|p1|6
|teamsize|p2|6
|start
|switch|p1a: Arcanine|Arcanine-Hisui, F|100/100
|switch|p2a: Ninetales|Ninetales, M|100/100
|-weather|SunnyDay|[from] ability: Drought|[of] p2a: Ninetales
|turn|1
|
|t:|1779580761
|switch|p2a: Great Tusk|Great Tusk|100/100
|-activate|p2a: Great Tusk|ability: Protosynthesis
|-start|p2a: Great Tusk|protosynthesisatk
|move|p1a: Arcanine|Head Smash|p2a: Great Tusk
|-resisted|p2a: Great Tusk
|-crit|p2a: Great Tusk
|-damage|p2a: Great Tusk|73/100
|
|-weather|SunnyDay|[upkeep]
|upkeep
|turn|2
|
|t:|1779580773
|switch|p1a: Zamazenta|Zamazenta|100/100
|-ability|p1a: Zamazenta|Dauntless Shield|boost
|-boost|p1a: Zamazenta|def|1
|move|p2a: Great Tusk|Headlong Rush|p1a: Zamazenta
|-damage|p1a: Zamazenta|51/100
|-unboost|p2a: Great Tusk|def|1
|-unboost|p2a: Great Tusk|spd|1
|
|-weather|SunnyDay|[upkeep]
|upkeep
|turn|3
|
|t:|1779580781
|-end|p2a: Great Tusk|Protosynthesis|[silent]
|switch|p2a: Ninetales|Ninetales, M|100/100
|move|p1a: Zamazenta|Close Combat|p2a: Ninetales
|-damage|p2a: Ninetales|0 fnt
|-unboost|p1a: Zamazenta|def|1
|-unboost|p1a: Zamazenta|spd|1
|faint|p2a: Ninetales
|
|-weather|SunnyDay|[upkeep]
|upkeep
|
|t:|1779580792
|switch|p2a: Venusaur|Venusaur, M|100/100
|turn|4
|
|t:|1779580811
|switch|p1a: Kyurem|Kyurem|100/100
|-ability|p1a: Kyurem|Pressure
|move|p2a: Venusaur|Growth|p2a: Venusaur
|-boost|p2a: Venusaur|atk|2
|-boost|p2a: Venusaur|spa|2
|
|-weather|SunnyDay|[upkeep]
|upkeep
|turn|5
|
|t:|1779580822
|switch|p1a: Gholdengo|Gholdengo|100/100
|-terastallize|p2a: Venusaur|Fire
|move|p2a: Venusaur|Weather Ball|p1a: Gholdengo
|-supereffective|p1a: Gholdengo
|-damage|p1a: Gholdengo|0 fnt
|faint|p1a: Gholdengo
|-damage|p2a: Venusaur|91/100|[from] item: Life Orb
|
|-weather|SunnyDay|[upkeep]
|upkeep
|inactive|vapelordell has 120 seconds left.
|
|t:|1779580854
|switch|p1a: Landorus|Landorus-Therian, M|100/100
|-ability|p1a: Landorus|Intimidate|boost
|-unboost|p2a: Venusaur|atk|1
|turn|6
|
|t:|1779580861
|move|p2a: Venusaur|Weather Ball|p1a: Landorus
|-damage|p1a: Landorus|0 fnt
|faint|p1a: Landorus
|-damage|p2a: Venusaur|81/100|[from] item: Life Orb
|
|-weather|SunnyDay|[upkeep]
|upkeep
|
|t:|1779580870
|switch|p1a: Arcanine|Arcanine-Hisui, F|100/100
|turn|7
|
|t:|1779580873
|move|p2a: Venusaur|Giga Drain|p1a: Arcanine
|-damage|p1a: Arcanine|0 fnt
|-heal|p2a: Venusaur|100/100|[from] drain|[of] p1a: Arcanine
|faint|p1a: Arcanine
|-damage|p2a: Venusaur|91/100|[from] item: Life Orb
|
|-weather|SunnyDay|[upkeep]
|upkeep
|
|t:|1779580875
|switch|p1a: Darkrai|Darkrai, shiny|100/100
|turn|8
|
|t:|1779580879
|move|p2a: Venusaur|Giga Drain|p1a: Darkrai
|-damage|p1a: Darkrai|0 fnt
|-heal|p2a: Venusaur|100/100|[from] drain|[of] p1a: Darkrai
|faint|p1a: Darkrai
|-damage|p2a: Venusaur|91/100|[from] item: Life Orb
|
|-weather|none
|upkeep
|
|t:|1779580893
|switch|p1a: Zamazenta|Zamazenta|51/100
|turn|9
|
|t:|1779580901
|move|p1a: Zamazenta|Close Combat|p2a: Venusaur
|-damage|p2a: Venusaur|0 fnt
|-unboost|p1a: Zamazenta|def|1
|-unboost|p1a: Zamazenta|spd|1
|faint|p2a: Venusaur
|
|upkeep
|
|t:|1779580912
|switch|p2a: Walking Wake|Walking Wake|100/100
|turn|10
|
|t:|1779580918
|move|p1a: Zamazenta|Close Combat|p2a: Walking Wake
|-damage|p2a: Walking Wake|5/100
|-unboost|p1a: Zamazenta|def|1
|-unboost|p1a: Zamazenta|spd|1
|move|p2a: Walking Wake|Draco Meteor|p1a: Zamazenta
|-damage|p1a: Zamazenta|0 fnt
|-unboost|p2a: Walking Wake|spa|2
|faint|p1a: Zamazenta
|
|upkeep
|
|t:|1779580920
|switch|p1a: Kyurem|Kyurem|100/100
|-ability|p1a: Kyurem|Pressure
|turn|11
|
|t:|1779580926
|move|p2a: Walking Wake|Flip Turn|p1a: Kyurem
|-resisted|p1a: Kyurem
|-damage|p1a: Kyurem|93/100
|
|t:|1779580931
|-end|p2a: Walking Wake|Protosynthesis|[silent]
|switch|p2a: Great Tusk|Great Tusk|73/100|[from] Flip Turn
|move|p1a: Kyurem|Freeze-Dry|p2a: Great Tusk
|-supereffective|p2a: Great Tusk
|-damage|p2a: Great Tusk|0 fnt
|faint|p2a: Great Tusk
|-end|p2a: Great Tusk|Protosynthesis|[silent]
|
|upkeep
|
|t:|1779580935
|switch|p2a: Walking Wake|Walking Wake|5/100
|turn|12
|
|t:|1779580940
|move|p2a: Walking Wake|Draco Meteor|p1a: Kyurem
|-supereffective|p1a: Kyurem
|-damage|p1a: Kyurem|0 fnt
|-unboost|p2a: Walking Wake|spa|2
|faint|p1a: Kyurem
|
|win|BrainOffHeadEmpty
|raw|vapelordell's rating: 1499 &rarr; <strong>1477</strong><br />(-22 for losing)
|raw|BrainOffHeadEmpty's rating: 1464 &rarr; <strong>1486</strong><br />(+22 for winning)
|l|☆vapelordell
|player|p1|
