|j|☆Random_Impulse
|j|☆elementalbalance
|t:|1779696154
|gametype|singles
|player|p1|Random_Impulse|2|1082
|player|p2|elementalbalance|ghetsis|1056
|gen|9
|tier|[Gen 9] OU
|rated|
|rule|HP Percentage Mod: HP is shown in percentages
|rule|Endless Battle Clause: Forcing endless battles is banned
|rule|Species Clause: Limit one of each Pokémon
|rule|OHKO Clause: OHKO moves are banned
|rule|Evasion Items Clause: Evasion items are banned
|rule|Evasion Moves Clause: Evasion moves are banned
|rule|Evasion Abilities Clause: Evasion abilities are banned
|rule|Sleep Moves Clause: Sleep-inducing moves are banned
|clearpoke
|poke|p1|Scizor, F|
|poke|p1|Great Tusk|
|poke|p1|Zamazenta-*|
|poke|p1|Raging Bolt|
|poke|p1|Whimsicott, F|
|poke|p1|Ceruledge, F|
|poke|p2|Pelipper, F|
|poke|p2|Tauros-Paldea-Aqua, M|
|poke|p2|Politoed, F|
|poke|p2|Basculegion, M|
|poke|p2|Kingdra, M|
|poke|p2|Floatzel, F|
|teampreview
|
|t:|1779696168
|teamsize|p1|6
|teamsize|p2|6
|start
|switch|p1a: Raging Bolt|Raging Bolt|100/100
|switch|p2a: Politoed|Politoed, F, shiny|100/100
|turn|1
|
|t:|1779696175
|move|p1a: Raging Bolt|Discharge|p2a: Politoed
|-supereffective|p2a: Politoed
|-crit|p2a: Politoed
|-damage|p2a: Politoed|0 fnt
|faint|p2a: Politoed
|
|upkeep
|inactive|Battle timer is ON: inactive players will automatically lose when time's up. (requested by Random_Impulse)
|
|t:|1779696199
|switch|p2a: Pelipper|Pelipper, F|100/100
|turn|2
|
|t:|1779696209
|-terastallize|p2a: Pelipper|Normal
|move|p1a: Raging Bolt|Discharge|p2a: Pelipper
|-damage|p2a: Pelipper|42/100
|move|p2a: Pelipper|Rain Dance|p2a: Pelipper
|-weather|RainDance
|
|-weather|RainDance|[upkeep]
|-heal|p2a: Pelipper|48/100|[from] ability: Rain Dish
|upkeep
|turn|3
|c|☆Random_Impulse|y arent u using drizzile
|inactive|elementalbalance has 120 seconds left.
|c|☆elementalbalance|Everyone uses drizzle
|c|☆elementalbalance|Gotta be unique amirite
|
|t:|1779696251
|switch|p2a: Kingdra|Kingdra, M|100/100
|move|p1a: Raging Bolt|Discharge|p2a: Kingdra
|-damage|p2a: Kingdra|43/100
|
|-weather|RainDance|[upkeep]
|upkeep
|turn|4
|c|☆Random_Impulse|theres a reason but u do u ig
|c|☆Random_Impulse|respect
|
|t:|1779696262
|move|p2a: Kingdra|Wave Crash|p1a: Raging Bolt
|-resisted|p1a: Raging Bolt
|-damage|p1a: Raging Bolt|38/100
|-damage|p2a: Kingdra|15/100|[from] Recoil
|move|p1a: Raging Bolt|Discharge|p2a: Kingdra
|-damage|p2a: Kingdra|0 fnt
|faint|p2a: Kingdra
|
|-weather|RainDance|[upkeep]
|upkeep
|inactive|elementalbalance has 120 seconds left.
|
|t:|1779696273
|switch|p2a: Basculegion|Basculegion, M|100/100
|turn|5
|
|t:|1779696279
|-end|p1a: Raging Bolt|Protosynthesis|[silent]
|switch|p1a: Ceruledge|Ceruledge, F|100/100
|move|p2a: Basculegion|Wave Crash|p1a: Ceruledge
|-supereffective|p1a: Ceruledge
|-damage|p1a: Ceruledge|0 fnt
|faint|p1a: Ceruledge
|-damage|p2a: Basculegion|75/100|[from] Recoil
|
|-weather|RainDance|[upkeep]
|upkeep
|
|t:|1779696285
|switch|p1a: Whimsicott|Whimsicott, F|100/100
|turn|6
|
|t:|1779696291
|move|p2a: Basculegion|Wave Crash|p1a: Whimsicott
|-resisted|p1a: Whimsicott
|-enditem|p1a: Whimsicott|Focus Sash
|-damage|p1a: Whimsicott|1/100
|-damage|p2a: Basculegion|53/100|[from] Recoil
|move|p1a: Whimsicott|Dazzling Gleam|p2a: Basculegion
|-damage|p2a: Basculegion|21/100
|
|-weather|RainDance|[upkeep]
|upkeep
|turn|7
|
|t:|1779696299
|move|p1a: Whimsicott|Tailwind|p1a: Whimsicott
|-sidestart|p1: Random_Impulse|move: Tailwind
|move|p2a: Basculegion|Wave Crash|p1a: Whimsicott
|-resisted|p1a: Whimsicott
|-damage|p1a: Whimsicott|0 fnt
|faint|p1a: Whimsicott
|-damage|p2a: Basculegion|21/100|[from] Recoil
|
|-weather|RainDance|[upkeep]
|upkeep
|
|t:|1779696302
|switch|p1a: Scizor|Scizor, F|100/100
|turn|8
|
|t:|1779696315
|move|p1a: Scizor|Bullet Punch|p2a: Basculegion
|-resisted|p2a: Basculegion
|-damage|p2a: Basculegion|0 fnt
|faint|p2a: Basculegion
|-damage|p1a: Scizor|91/100|[from] item: Life Orb
|
|-weather|RainDance|[upkeep]
|upkeep
|
|t:|1779696319
|switch|p2a: Tauros|Tauros-Paldea-Aqua, M|100/100
|turn|9
|
|t:|1779696327
|move|p2a: Tauros|Wave Crash|p1a: Scizor
|-damage|p1a: Scizor|0 fnt
|faint|p1a: Scizor
|-damage|p2a: Tauros|65/100|[from] Recoil
|
|-weather|none
|upkeep
|
|t:|1779696330
|switch|p1a: Zamazenta|Zamazenta|100/100
|-ability|p1a: Zamazenta|Dauntless Shield|boost
|-boost|p1a: Zamazenta|def|1
|turn|10
|
|t:|1779696340
|-terastallize|p1a: Zamazenta|Electric
|move|p1a: Zamazenta|Wild Charge|p2a: Tauros
|-supereffective|p2a: Tauros
|-damage|p2a: Tauros|0 fnt
|faint|p2a: Tauros
|-damage|p1a: Zamazenta|86/100|[from] Recoil
|
|-sideend|p1: Random_Impulse|move: Tailwind
|upkeep
|
|t:|1779696344
|switch|p2a: Pelipper|Pelipper, F, tera:Normal|48/100
|turn|11
|
|t:|1779696346
|move|p1a: Zamazenta|Wild Charge|p2a: Pelipper
|-damage|p2a: Pelipper|0 fnt
|faint|p2a: Pelipper
|-damage|p1a: Zamazenta|74/100|[from] Recoil
|
|upkeep
|
|t:|1779696352
|switch|p2a: Floatzel|Floatzel, F, shiny|100/100
|turn|12
|
|t:|1779696355
|move|p1a: Zamazenta|Wild Charge|p2a: Floatzel
|-supereffective|p2a: Floatzel
|-damage|p2a: Floatzel|0 fnt
|faint|p2a: Floatzel
|-damage|p1a: Zamazenta|50/100|[from] Recoil
|
|win|Random_Impulse
|raw|Random_Impulse's rating: 1082 &rarr; <strong>1110</strong><br />(+28 for winning)
|raw|elementalbalance's rating: 1089 &rarr; <strong>1065</strong><br />(-24 for losing)
|c|☆elementalbalance|Gg
|l|☆Random_Impulse
|player|p1|
|l|☆elementalbalance
|player|p2|
