|j|☆Kogasscarf
|j|☆greynolabar
|t:|1779720236
|gametype|singles
|player|p1|Kogasscarf|koga|1355
|player|p2|greynolabar|brock|1384
|gen|9
|tier|[Gen 9] OU
|rated|
|rule|HP Percentage Mod: HP is shown in percentages
|rule|Endless Battle Clause: Forcing endless battles is banned
|rule|Species Clause: Limit one of each Pokémon
|rule|OHKO Clause: OHKO moves are banned
|rule|Evasion Items Clause: Evasion items are banned
|rule|Evasion Moves Clause: Evasion moves are banned
|rule|Evasion Abilities Clause: Evasion abilities are banned
|rule|Sleep Moves Clause: Sleep-inducing moves are banned
|clearpoke
|poke|p1|Deoxys-Speed|
|poke|p1|Iron Treads|
|poke|p1|Polteageist|
|poke|p1|Iron Moth|
|poke|p1|Dragonite, M|
|poke|p1|Gholdengo|
|poke|p2|Skeledirge, M|
|poke|p2|Serperior, F|
|poke|p2|Ditto|
|poke|p2|Malamar, F|
|poke|p2|Azumarill, F|
|poke|p2|Corviknight, M|
|teampreview
|inactive|Battle timer is ON: inactive players will automatically lose when time's up. (requested by Kogasscarf)
|
|t:|1779720248
|teamsize|p1|6
|teamsize|p2|6
|start
|switch|p1a: Iron Treads|Iron Treads|100/100
|switch|p2a: Corviknight|Corviknight, M|100/100
|turn|1
|
|t:|1779720255
|move|p1a: Iron Treads|Stealth Rock|p2a: Corviknight
|-sidestart|p2: greynolabar|move: Stealth Rock
|move|p2a: Corviknight|Nasty Plot|p2a: Corviknight
|-boost|p2a: Corviknight|spa|2
|
|upkeep
|turn|2
|
|t:|1779720262
|move|p1a: Iron Treads|Volt Switch|p2a: Corviknight
|-supereffective|p2a: Corviknight
|-damage|p2a: Corviknight|67/100
|
|t:|1779720265
|-end|p1a: Iron Treads|Quark Drive|[silent]
|switch|p1a: Gholdengo|Gholdengo|100/100|[from] Volt Switch
|move|p2a: Corviknight|Nasty Plot|p2a: Corviknight
|-boost|p2a: Corviknight|spa|2
|
|upkeep
|turn|3
|
|t:|1779720276
|move|p1a: Gholdengo|Shadow Ball|p2a: Corviknight
|-damage|p2a: Corviknight|22/100
|-ability|p2a: Corviknight|Mirror Armor
|-unboost|p1a: Gholdengo|spd|1
|move|p2a: Corviknight|Air Slash|p1a: Gholdengo
|-resisted|p1a: Gholdengo
|-damage|p1a: Gholdengo|50/100
|
|-heal|p1a: Gholdengo|57/100|[from] item: Leftovers
|upkeep
|turn|4
|
|t:|1779720294
|switch|p2a: Serperior|Serperior, F|100/100
|-damage|p2a: Serperior|88/100|[from] Stealth Rock
|move|p1a: Gholdengo|Shadow Ball|p2a: Serperior
|-damage|p2a: Serperior|34/100
|
|-heal|p1a: Gholdengo|63/100|[from] item: Leftovers
|upkeep
|turn|5
|
|t:|1779720304
|move|p2a: Serperior|Light Screen|p2a: Serperior
|-sidestart|p2: greynolabar|move: Light Screen
|move|p1a: Gholdengo|Shadow Ball|p2a: Serperior
|-damage|p2a: Serperior|7/100
|
|-heal|p1a: Gholdengo|69/100|[from] item: Leftovers
|upkeep
|turn|6
|
|t:|1779720310
|move|p2a: Serperior|Reflect|p2a: Serperior
|-sidestart|p2: greynolabar|Reflect
|move|p1a: Gholdengo|Shadow Ball|p2a: Serperior
|-damage|p2a: Serperior|0 fnt
|faint|p2a: Serperior
|
|-heal|p1a: Gholdengo|75/100|[from] item: Leftovers
|upkeep
|
|t:|1779720323
|switch|p2a: Ditto|Ditto|100/100
|-damage|p2a: Ditto|88/100|[from] Stealth Rock
|-transform|p2a: Ditto|p1a: Gholdengo|[from] ability: Imposter
|turn|7
|
|t:|1779720329
|move|p2a: Ditto|Shadow Ball|p1a: Gholdengo
|-supereffective|p1a: Gholdengo
|-damage|p1a: Gholdengo|0 fnt
|faint|p1a: Gholdengo
|
|upkeep
|
|t:|1779720336
|switch|p1a: Dragonite|Dragonite, M|100/100
|turn|8
|
|t:|1779720352
|switch|p2a: Corviknight|Corviknight, M|22/100
|-damage|p2a: Corviknight|9/100|[from] Stealth Rock
|move|p1a: Dragonite|Earthquake|p2a: Corviknight
|-immune|p2a: Corviknight
|
|upkeep
|turn|9
|
|t:|1779720358
|move|p1a: Dragonite|Ice Spinner|p2a: Corviknight
|-damage|p2a: Corviknight|0 fnt
|-damage|p1a: Dragonite|84/100|[from] item: Rocky Helmet|[of] p2a: Corviknight
|faint|p2a: Corviknight
|
|upkeep
|
|t:|1779720364
|switch|p2a: Azumarill|Azumarill, F|100/100
|-damage|p2a: Azumarill|88/100|[from] Stealth Rock
|turn|10
|
|t:|1779720367
|move|p1a: Dragonite|Earthquake|p2a: Azumarill
|-damage|p2a: Azumarill|68/100
|move|p2a: Azumarill|Belly Drum|p2a: Azumarill
|-damage|p2a: Azumarill|18/100
|-setboost|p2a: Azumarill|atk|6|[from] move: Belly Drum
|-enditem|p2a: Azumarill|Sitrus Berry|[eat]
|-heal|p2a: Azumarill|43/100|[from] item: Sitrus Berry
|
|upkeep
|turn|11
|
|t:|1779720386
|switch|p1a: Deoxys|Deoxys-Speed|100/100
|-ability|p1a: Deoxys|Pressure
|move|p2a: Azumarill|Play Rough|p1a: Deoxys
|-damage|p1a: Deoxys|0 fnt
|faint|p1a: Deoxys
|
|upkeep
|inactive|Kogasscarf has 120 seconds left.
|
|t:|1779720412
|switch|p1a: Iron Moth|Iron Moth|100/100
|turn|12
|
|t:|1779720417
|-terastallize|p1a: Iron Moth|Fairy
|move|p2a: Azumarill|Aqua Jet|p1a: Iron Moth
|-damage|p1a: Iron Moth|0 fnt
|faint|p1a: Iron Moth
|-end|p1a: Iron Moth|Quark Drive|[silent]
|
|-sideend|p2: greynolabar|move: Light Screen
|upkeep
|
|t:|1779720421
|switch|p1a: Dragonite|Dragonite, M|84/100
|turn|13
|
|t:|1779720430
|switch|p1a: Iron Treads|Iron Treads|100/100
|-terastallize|p2a: Azumarill|Ghost
|move|p2a: Azumarill|Aqua Jet|p1a: Iron Treads
|-supereffective|p1a: Iron Treads
|-damage|p1a: Iron Treads|0 fnt
|-damage|p2a: Azumarill|26/100|[from] item: Rocky Helmet|[of] p1a: Iron Treads
|faint|p1a: Iron Treads
|-end|p1a: Iron Treads|Quark Drive|[silent]
|
|-sideend|p2: greynolabar|Reflect
|upkeep
|
|t:|1779720431
|switch|p1a: Dragonite|Dragonite, M|84/100
|turn|14
|
|t:|1779720440
|move|p2a: Azumarill|Aqua Jet|p1a: Dragonite
|-resisted|p1a: Dragonite
|-damage|p1a: Dragonite|29/100
|move|p1a: Dragonite|Earthquake|p2a: Azumarill
|-damage|p2a: Azumarill|0 fnt
|faint|p2a: Azumarill
|
|upkeep
|
|t:|1779720457
|switch|p2a: Ditto|Ditto|88/100
|-damage|p2a: Ditto|76/100|[from] Stealth Rock
|-transform|p2a: Ditto|p1a: Dragonite|[from] ability: Imposter
|turn|15
|
|t:|1779720465
|move|p2a: Ditto|Ice Spinner|p1a: Dragonite
|-supereffective|p1a: Dragonite
|-damage|p1a: Dragonite|0 fnt
|faint|p1a: Dragonite
|
|upkeep
|
|t:|1779720467
|switch|p1a: Polteageist|Polteageist|100/100
|turn|16
|
|t:|1779720478
|switch|p2a: Ursula|Malamar, F|100/100
|-damage|p2a: Ursula|88/100|[from] Stealth Rock
|move|p1a: Polteageist|Shell Smash|p1a: Polteageist
|-unboost|p1a: Polteageist|def|1
|-unboost|p1a: Polteageist|spd|1
|-boost|p1a: Polteageist|atk|2
|-boost|p1a: Polteageist|spa|2
|-boost|p1a: Polteageist|spe|2
|-enditem|p1a: Polteageist|White Herb
|-clearnegativeboost|p1a: Polteageist|[silent]
|
|-heal|p2a: Ursula|94/100|[from] item: Leftovers
|upkeep
|turn|17
|
|t:|1779720492
|move|p1a: Polteageist|Shadow Ball|p2a: Ursula
|-damage|p2a: Ursula|18/100
|move|p2a: Ursula|Knock Off|p1a: Polteageist
|-supereffective|p1a: Polteageist
|-damage|p1a: Polteageist|27/100
|
|-heal|p2a: Ursula|24/100|[from] item: Leftovers
|upkeep
|turn|18
|
|t:|1779720499
|move|p1a: Polteageist|Shadow Ball|p2a: Ursula
|-damage|p2a: Ursula|0 fnt
|faint|p2a: Ursula
|
|upkeep
|
|t:|1779720504
|switch|p2a: Skeledirge|Skeledirge, M|100/100
|-damage|p2a: Skeledirge|76/100|[from] Stealth Rock
|turn|19
|
|t:|1779720508
|move|p1a: Polteageist|Strength Sap|p2a: Skeledirge
|-unboost|p2a: Skeledirge|atk|1
|-heal|p1a: Polteageist|80/100
|move|p2a: Skeledirge|Shadow Ball|p1a: Polteageist
|-supereffective|p1a: Polteageist
|-damage|p1a: Polteageist|0 fnt
|faint|p1a: Polteageist
|
|win|greynolabar
|raw|Kogasscarf's rating: 1355 &rarr; <strong>1337</strong><br />(-18 for losing)
|raw|greynolabar's rating: 1384 &rarr; <strong>1402</strong><br />(+18 for winning)
|l|☆Kogasscarf
|player|p1|
