|j|☆fregene97
|j|☆missingmagius
|t:|1779622281
|gametype|singles
|player|p1|fregene97|cyclist-gen4|1332
|player|p2|missingmagius|anabel-gen7|1326
|gen|9
|tier|[Gen 9] OU
|rated|
|rule|HP Percentage Mod: HP is shown in percentages
|rule|Endless Battle Clause: Forcing endless battles is banned
|rule|Species Clause: Limit one of each Pokémon
|rule|OHKO Clause: OHKO moves are banned
|rule|Evasion Items Clause: Evasion items are banned
|rule|Evasion Moves Clause: Evasion moves are banned
|rule|Evasion Abilities Clause: Evasion abilities are banned
|rule|Sleep Moves Clause: Sleep-inducing moves are banned
|clearpoke
|poke|p1|Kingambit, F|
|poke|p1|Iron Valiant|
|poke|p1|Glimmora, F|
|poke|p1|Raging Bolt|
|poke|p1|Ceruledge, M|
|poke|p1|Cloyster, F|
|poke|p2|Gliscor, F|
|poke|p2|Ting-Lu|
|poke|p2|Vileplume, M|
|poke|p2|Heatran, M|
|poke|p2|Dragonite, F|
|poke|p2|Gholdengo|
|teampreview
|inactive|Battle timer is ON: inactive players will automatically lose when time's up. (requested by missingmagius)
|
|t:|1779622284
|teamsize|p1|6
|teamsize|p2|6
|start
|switch|p1a: Glimmora|Glimmora, F|100/100
|switch|p2a: did unc snap|Heatran, M|100/100
|-item|p2a: did unc snap|Air Balloon
|turn|1
|
|t:|1779622289
|move|p1a: Glimmora|Meteor Beam||[still]
|-prepare|p1a: Glimmora|Meteor Beam
|-boost|p1a: Glimmora|spa|1
|-enditem|p1a: Glimmora|Power Herb
|-anim|p1a: Glimmora|Meteor Beam|p2a: did unc snap
|-damage|p2a: did unc snap|4/100
|-enditem|p2a: did unc snap|Air Balloon
|move|p2a: did unc snap|Taunt|p1a: Glimmora
|-start|p1a: Glimmora|move: Taunt
|
|upkeep
|turn|2
|inactive|missingmagius has 120 seconds left.
|
|t:|1779622332
|switch|p2a: looks at larp|Gliscor, F|100/100
|move|p1a: Glimmora|Earth Power|p2a: looks at larp
|-immune|p2a: looks at larp
|
|-status|p2a: looks at larp|tox|[from] item: Toxic Orb
|upkeep
|turn|3
|
|t:|1779622344
|move|p1a: Glimmora|Meteor Beam||[still]
|-prepare|p1a: Glimmora|Meteor Beam
|-boost|p1a: Glimmora|spa|1
|move|p2a: looks at larp|Earthquake|p1a: Glimmora
|-supereffective|p1a: Glimmora
|-damage|p1a: Glimmora|0 fnt
|-activate|p1a: Glimmora|ability: Toxic Debris
|-sidestart|p2: missingmagius|move: Toxic Spikes
|faint|p1a: Glimmora
|
|upkeep
|
|t:|1779622348
|switch|p1a: Cloyster|Cloyster, F, shiny|100/100
|turn|4
|inactive|missingmagius has 120 seconds left.
|
|t:|1779622371
|switch|p2a: the gold standard|Gholdengo|100/100
|move|p1a: Cloyster|Shell Smash|p1a: Cloyster
|-unboost|p1a: Cloyster|def|1
|-unboost|p1a: Cloyster|spd|1
|-boost|p1a: Cloyster|atk|2
|-boost|p1a: Cloyster|spa|2
|-boost|p1a: Cloyster|spe|2
|
|upkeep
|turn|5
|
|t:|1779622384
|move|p1a: Cloyster|Icicle Spear|p2a: the gold standard
|-resisted|p2a: the gold standard
|-damage|p2a: the gold standard|84/100
|-resisted|p2a: the gold standard
|-damage|p2a: the gold standard|67/100
|-resisted|p2a: the gold standard
|-damage|p2a: the gold standard|51/100
|-resisted|p2a: the gold standard
|-damage|p2a: the gold standard|36/100
|-resisted|p2a: the gold standard
|-damage|p2a: the gold standard|22/100
|-hitcount|p2a: the gold standard|5
|-damage|p1a: Cloyster|91/100|[from] item: Life Orb
|move|p2a: the gold standard|Shadow Ball|p1a: Cloyster
|-damage|p1a: Cloyster|0 fnt
|faint|p1a: Cloyster
|
|upkeep
|
|t:|1779622390
|switch|p1a: Ceruledge|Ceruledge, M|100/100
|turn|6
|
|t:|1779622400
|move|p1a: Ceruledge|Shadow Sneak|p2a: the gold standard
|-supereffective|p2a: the gold standard
|-damage|p2a: the gold standard|0 fnt
|faint|p2a: the gold standard
|-damage|p1a: Ceruledge|91/100|[from] item: Life Orb
|
|upkeep
|
|t:|1779622410
|switch|p2a: Tung-Tung-Tung-Lu|Ting-Lu, shiny|100/100
|-status|p2a: Tung-Tung-Tung-Lu|psn
|-ability|p2a: Tung-Tung-Tung-Lu|Vessel of Ruin
|turn|7
|inactive|missingmagius has 120 seconds left.
|
|t:|1779622425
|switch|p1a: Iron Valiant|Iron Valiant|100/100
|-enditem|p1a: Iron Valiant|Booster Energy
|-activate|p1a: Iron Valiant|ability: Quark Drive|[fromitem]
|-start|p1a: Iron Valiant|quarkdrivespe
|move|p2a: Tung-Tung-Tung-Lu|Earthquake|p1a: Iron Valiant
|-damage|p1a: Iron Valiant|55/100
|
|-damage|p2a: Tung-Tung-Tung-Lu|88/100 psn|[from] psn
|upkeep
|turn|8
|inactive|missingmagius has 120 seconds left.
|
|t:|1779622448
|switch|p2a: tiki tiki|Vileplume, M|100/100
|-sideend|p2: missingmagius|move: Toxic Spikes|[of] p2a: tiki tiki
|move|p1a: Iron Valiant|Moonblast|p2a: tiki tiki
|-resisted|p2a: tiki tiki
|-damage|p2a: tiki tiki|78/100
|
|upkeep
|turn|9
|
|t:|1779622458
|-terastallize|p1a: Iron Valiant|Ghost
|move|p1a: Iron Valiant|Calm Mind|p1a: Iron Valiant
|-boost|p1a: Iron Valiant|spa|1
|-boost|p1a: Iron Valiant|spd|1
|move|p2a: tiki tiki|Giga Drain|p1a: Iron Valiant
|-damage|p1a: Iron Valiant|20/100
|-heal|p2a: tiki tiki|92/100|[from] drain|[of] p1a: Iron Valiant
|
|upkeep
|turn|10
|
|t:|1779622482
|move|p1a: Iron Valiant|Shadow Ball|p2a: tiki tiki
|-damage|p2a: tiki tiki|26/100
|move|p2a: tiki tiki|Giga Drain|p1a: Iron Valiant
|-damage|p1a: Iron Valiant|0 fnt
|-heal|p2a: tiki tiki|35/100|[from] drain|[of] p1a: Iron Valiant
|faint|p1a: Iron Valiant
|-end|p1a: Iron Valiant|Quark Drive|[silent]
|
|upkeep
|
|t:|1779622486
|switch|p1a: Ceruledge|Ceruledge, M|91/100
|turn|11
|inactive|missingmagius has 120 seconds left.
|
|t:|1779622516
|switch|p2a: did unc snap|Heatran, M|4/100
|move|p1a: Ceruledge|Swords Dance|p1a: Ceruledge
|-boost|p1a: Ceruledge|atk|2
|
|upkeep
|turn|12
|
|t:|1779622529
|move|p1a: Ceruledge|Shadow Sneak|p2a: did unc snap
|-damage|p2a: did unc snap|0 fnt
|faint|p2a: did unc snap
|-damage|p1a: Ceruledge|81/100|[from] item: Life Orb
|
|upkeep
|
|t:|1779622535
|switch|p2a: looks at larp|Gliscor, F|100/100 tox
|turn|13
|
|t:|1779622539
|move|p1a: Ceruledge|Poltergeist|p2a: looks at larp
|-activate|p2a: looks at larp|move: Poltergeist|Toxic Orb
|-damage|p2a: looks at larp|0 fnt
|faint|p2a: looks at larp
|-damage|p1a: Ceruledge|71/100|[from] item: Life Orb
|
|upkeep
|inactive|missingmagius has 120 seconds left.
|
|t:|1779622549
|switch|p2a: Tung-Tung-Tung-Lu|Ting-Lu, shiny|88/100 psn
|-ability|p2a: Tung-Tung-Tung-Lu|Vessel of Ruin
|turn|14
|
|t:|1779622561
|move|p1a: Ceruledge|Bitter Blade|p2a: Tung-Tung-Tung-Lu
|-damage|p2a: Tung-Tung-Tung-Lu|24/100 psn
|-heal|p1a: Ceruledge|100/100|[from] drain|[of] p2a: Tung-Tung-Tung-Lu
|-damage|p1a: Ceruledge|91/100|[from] item: Life Orb
|move|p2a: Tung-Tung-Tung-Lu|Earthquake|p1a: Ceruledge
|-supereffective|p1a: Ceruledge
|-damage|p1a: Ceruledge|0 fnt
|faint|p1a: Ceruledge
|
|-heal|p2a: Tung-Tung-Tung-Lu|30/100 psn|[from] item: Leftovers
|-damage|p2a: Tung-Tung-Tung-Lu|17/100 psn|[from] psn
|upkeep
|
|t:|1779622566
|switch|p1a: Raging Bolt|Raging Bolt|100/100
|-enditem|p1a: Raging Bolt|Booster Energy
|-activate|p1a: Raging Bolt|ability: Protosynthesis|[fromitem]
|-start|p1a: Raging Bolt|protosynthesisspa
|turn|15
|
|t:|1779622571
|move|p1a: Raging Bolt|Dragon Pulse|p2a: Tung-Tung-Tung-Lu
|-damage|p2a: Tung-Tung-Tung-Lu|0 fnt
|faint|p2a: Tung-Tung-Tung-Lu
|
|upkeep
|
|t:|1779622577
|switch|p2a: nothing much|Dragonite, F, shiny|100/100
|turn|16
|
|t:|1779622601
|-terastallize|p2a: nothing much|Normal
|move|p1a: Raging Bolt|Dragon Pulse|p2a: nothing much
|-damage|p2a: nothing much|70/100
|move|p2a: nothing much|Earthquake|p1a: Raging Bolt
|-supereffective|p1a: Raging Bolt
|-damage|p1a: Raging Bolt|25/100
|
|upkeep
|turn|17
|
|t:|1779622609
|move|p2a: nothing much|Extreme Speed|p1a: Raging Bolt
|-damage|p1a: Raging Bolt|0 fnt
|faint|p1a: Raging Bolt
|-end|p1a: Raging Bolt|Protosynthesis|[silent]
|
|upkeep
|
|t:|1779622611
|switch|p1a: Kingambit|Kingambit, F|100/100
|-activate|p1a: Kingambit|ability: Supreme Overlord
|-start|p1a: Kingambit|fallen5|[silent]
|turn|18
|
|t:|1779622618
|move|p1a: Kingambit|Sucker Punch|p2a: nothing much
|-crit|p2a: nothing much
|-damage|p2a: nothing much|0 fnt
|faint|p2a: nothing much
|
|upkeep
|
|t:|1779622621
|switch|p2a: tiki tiki|Vileplume, M|35/100
|turn|19
|
|t:|1779622623
|move|p1a: Kingambit|Iron Head|p2a: tiki tiki
|-damage|p2a: tiki tiki|0 fnt
|-damage|p1a: Kingambit|84/100|[from] item: Rocky Helmet|[of] p2a: tiki tiki
|-status|p1a: Kingambit|slp|[from] ability: Effect Spore|[of] p2a: tiki tiki
|faint|p2a: tiki tiki
|
|win|fregene97
|raw|fregene97's rating: 1333 &rarr; <strong>1353</strong><br />(+20 for winning)
|raw|missingmagius's rating: 1326 &rarr; <strong>1306</strong><br />(-20 for losing)
|l|☆missingmagius
|player|p2|
|l|☆fregene97
|player|p1|
