|j|☆1331798aaa0
|j|☆XLerouxe
|t:|1779610962
|gametype|singles
|player|p1|1331798aaa0|dawn|1054
|player|p2|XLerouxe|byron|1062
|gen|9
|tier|[Gen 9] OU
|rated|
|rule|HP Percentage Mod: HP is shown in percentages
|rule|Endless Battle Clause: Forcing endless battles is banned
|rule|Species Clause: Limit one of each Pokémon
|rule|OHKO Clause: OHKO moves are banned
|rule|Evasion Items Clause: Evasion items are banned
|rule|Evasion Moves Clause: Evasion moves are banned
|rule|Evasion Abilities Clause: Evasion abilities are banned
|rule|Sleep Moves Clause: Sleep-inducing moves are banned
|clearpoke
|poke|p1|Tyranitar, M|
|poke|p1|Great Tusk|
|poke|p1|Excadrill, M|
|poke|p1|Hippowdon, F|
|poke|p1|Ursaluna, M|
|poke|p1|Corviknight, F|
|poke|p2|Politoed, M|
|poke|p2|Azumarill, M|
|poke|p2|Jirachi|
|poke|p2|Sudowoodo, L1, M|
|poke|p2|Kingdra, M|
|poke|p2|Kingambit, F|
|teampreview
|inactive|Battle timer is ON: inactive players will automatically lose when time's up. (requested by 1331798aaa0)
|
|t:|1779610974
|teamsize|p1|6
|teamsize|p2|6
|start
|switch|p1a: Ursaluna|Ursaluna, M|100/100
|switch|p2a: Sudowoodo|Sudowoodo, L1, M, shiny|100/100
|turn|1
|
|t:|1779610981
|move|p1a: Ursaluna|Bulk Up|p1a: Ursaluna
|-boost|p1a: Ursaluna|atk|1
|-boost|p1a: Ursaluna|def|1
|move|p2a: Sudowoodo|Endeavor|p1a: Ursaluna
|-damage|p1a: Ursaluna|3/100
|
|-status|p1a: Ursaluna|brn|[from] item: Flame Orb
|upkeep
|turn|2
|
|t:|1779610991
|switch|p2a: Politoed|Politoed, M|100/100
|-weather|RainDance|[from] ability: Drizzle|[of] p2a: Politoed
|move|p1a: Ursaluna|Close Combat|p2a: Politoed
|-damage|p2a: Politoed|0 fnt
|-unboost|p1a: Ursaluna|def|1
|-unboost|p1a: Ursaluna|spd|1
|faint|p2a: Politoed
|
|-weather|RainDance|[upkeep]
|-damage|p1a: Ursaluna|0 fnt|[from] brn
|faint|p1a: Ursaluna
|upkeep
|
|t:|1779611007
|switch|p2a: Kingdra|Kingdra, M, shiny|100/100
|switch|p1a: Hippowdon|Hippowdon, F|100/100
|-weather|Sandstorm|[from] ability: Sand Stream|[of] p1a: Hippowdon
|turn|3
|
|t:|1779611015
|move|p2a: Kingdra|Muddy Water|p1a: Hippowdon|[miss]
|-miss|p2a: Kingdra|p1a: Hippowdon
|move|p1a: Hippowdon|Stealth Rock|p2a: Kingdra
|-sidestart|p2: XLerouxe|move: Stealth Rock
|
|-weather|Sandstorm|[upkeep]
|-damage|p2a: Kingdra|94/100|[from] Sandstorm
|upkeep
|turn|4
|
|t:|1779611024
|move|p2a: Kingdra|Muddy Water|p1a: Hippowdon
|-supereffective|p1a: Hippowdon
|-damage|p1a: Hippowdon|0 fnt
|faint|p1a: Hippowdon
|-damage|p2a: Kingdra|84/100|[from] item: Life Orb
|
|-weather|Sandstorm|[upkeep]
|-damage|p2a: Kingdra|78/100|[from] Sandstorm
|upkeep
|
|t:|1779611032
|switch|p1a: Corviknight|Corviknight, F|100/100
|-ability|p1a: Corviknight|Pressure
|turn|5
|
|t:|1779611036
|move|p2a: Kingdra|Muddy Water|p1a: Corviknight|[miss]
|-miss|p2a: Kingdra|p1a: Corviknight
|move|p1a: Corviknight|Brave Bird|p2a: Kingdra
|-crit|p2a: Kingdra
|-damage|p2a: Kingdra|0 fnt
|faint|p2a: Kingdra
|-damage|p1a: Corviknight|82/100|[from] Recoil
|
|-weather|Sandstorm|[upkeep]
|upkeep
|
|t:|1779611039
|switch|p2a: Azure Dragon|Azumarill, M, shiny|100/100
|-damage|p2a: Azure Dragon|88/100|[from] Stealth Rock
|turn|6
|
|t:|1779611046
|-terastallize|p2a: Azure Dragon|Stellar
|move|p2a: Azure Dragon|Belly Drum|p2a: Azure Dragon
|-damage|p2a: Azure Dragon|38/100
|-setboost|p2a: Azure Dragon|atk|6|[from] move: Belly Drum
|-enditem|p2a: Azure Dragon|Sitrus Berry|[eat]
|-heal|p2a: Azure Dragon|63/100|[from] item: Sitrus Berry
|move|p1a: Corviknight|Brave Bird|p2a: Azure Dragon
|-damage|p2a: Azure Dragon|0 fnt
|faint|p2a: Azure Dragon
|-damage|p1a: Corviknight|64/100|[from] Recoil
|
|-weather|Sandstorm|[upkeep]
|upkeep
|
|t:|1779611059
|switch|p2a: Sudowoodo|Sudowoodo, L1, M, shiny|100/100
|-damage|p2a: Sudowoodo|92/100|[from] Stealth Rock
|turn|7
|l|☆1331798aaa0
|inactive|1331798aaa0 disconnected and has a minute to reconnect!
|player|p1|
|j|☆1331798aaa0
|inactive|1331798aaa0 reconnected and has 120 seconds left.
|player|p1|1331798aaa0|dawn|
|
|t:|1779611099
|move|p2a: Sudowoodo|Sucker Punch|p1a: Corviknight
|-damage|p1a: Corviknight|64/100
|-damage|p2a: Sudowoodo|75/100|[from] item: Rocky Helmet|[of] p1a: Corviknight
|-heal|p2a: Sudowoodo|84/100|[from] item: Shell Bell|[of] p1a: Corviknight
|move|p1a: Corviknight|Iron Head|p2a: Sudowoodo
|-supereffective|p2a: Sudowoodo
|-damage|p2a: Sudowoodo|0 fnt
|faint|p2a: Sudowoodo
|
|-weather|Sandstorm|[upkeep]
|upkeep
|
|t:|1779611109
|switch|p2a: Jirachi|Jirachi|100/100
|-damage|p2a: Jirachi|94/100|[from] Stealth Rock
|turn|8
|inactive|1331798aaa0 has 120 seconds left.
|
|t:|1779611121
|move|p2a: Jirachi|Iron Head|p1a: Corviknight
|-resisted|p1a: Corviknight
|-damage|p1a: Corviknight|48/100
|-damage|p2a: Jirachi|78/100|[from] item: Rocky Helmet|[of] p1a: Corviknight
|move|p1a: Corviknight|U-turn|p2a: Jirachi
|-damage|p2a: Jirachi|59/100
|inactive|1331798aaa0 has 120 seconds left.
|
|t:|1779611128
|switch|p1a: Great Tusk|Great Tusk|100/100|[from] U-turn
|-enditem|p1a: Great Tusk|Booster Energy
|-activate|p1a: Great Tusk|ability: Protosynthesis|[fromitem]
|-start|p1a: Great Tusk|protosynthesisatk
|
|-weather|Sandstorm|[upkeep]
|upkeep
|turn|9
|
|t:|1779611137
|move|p2a: Jirachi|Iron Head|p1a: Great Tusk
|-damage|p1a: Great Tusk|77/100
|move|p1a: Great Tusk|Bulk Up|p1a: Great Tusk
|-boost|p1a: Great Tusk|atk|1
|-boost|p1a: Great Tusk|def|1
|
|-weather|Sandstorm|[upkeep]
|upkeep
|turn|10
|
|t:|1779611144
|move|p2a: Jirachi|Iron Head|p1a: Great Tusk
|-damage|p1a: Great Tusk|60/100
|move|p1a: Great Tusk|Rapid Spin|p2a: Jirachi
|-resisted|p2a: Jirachi
|-damage|p2a: Jirachi|41/100
|-boost|p1a: Great Tusk|spe|1
|
|-weather|none
|upkeep
|turn|11
|
|t:|1779611152
|move|p1a: Great Tusk|Bulk Up|p1a: Great Tusk
|-boost|p1a: Great Tusk|atk|1
|-boost|p1a: Great Tusk|def|1
|move|p2a: Jirachi|Iron Head|p1a: Great Tusk
|-damage|p1a: Great Tusk|48/100
|
|upkeep
|turn|12
|
|t:|1779611158
|move|p1a: Great Tusk|Bulk Up|p1a: Great Tusk
|-boost|p1a: Great Tusk|atk|1
|-boost|p1a: Great Tusk|def|1
|move|p2a: Jirachi|Iron Head|p1a: Great Tusk
|-damage|p1a: Great Tusk|38/100
|
|upkeep
|turn|13
|
|t:|1779611165
|move|p1a: Great Tusk|Bulk Up|p1a: Great Tusk
|-boost|p1a: Great Tusk|atk|1
|-boost|p1a: Great Tusk|def|1
|move|p2a: Jirachi|Iron Head|p1a: Great Tusk
|-damage|p1a: Great Tusk|29/100
|
|upkeep
|turn|14
|
|t:|1779611169
|move|p1a: Great Tusk|Bulk Up|p1a: Great Tusk
|-boost|p1a: Great Tusk|atk|1
|-boost|p1a: Great Tusk|def|1
|move|p2a: Jirachi|Drain Punch|p1a: Great Tusk
|-damage|p1a: Great Tusk|25/100
|-heal|p2a: Jirachi|43/100|[from] drain|[of] p1a: Great Tusk
|
|upkeep
|turn|15
|
|t:|1779611178
|move|p1a: Great Tusk|Bulk Up|p1a: Great Tusk
|-boost|p1a: Great Tusk|atk|1
|-boost|p1a: Great Tusk|def|1
|move|p2a: Jirachi|Drain Punch|p1a: Great Tusk
|-damage|p1a: Great Tusk|21/100
|-heal|p2a: Jirachi|46/100|[from] drain|[of] p1a: Great Tusk
|
|upkeep
|turn|16
|
|t:|1779611189
|move|p1a: Great Tusk|Rapid Spin|p2a: Jirachi
|-resisted|p2a: Jirachi
|-damage|p2a: Jirachi|0 fnt
|-boost|p1a: Great Tusk|spe|1
|faint|p2a: Jirachi
|
|upkeep
|
|t:|1779611200
|switch|p2a: Kingambit|Kingambit, F|100/100
|-damage|p2a: Kingambit|94/100|[from] Stealth Rock
|-activate|p2a: Kingambit|ability: Supreme Overlord
|-start|p2a: Kingambit|fallen5|[silent]
|turn|17
|l|☆1331798aaa0
|inactive|1331798aaa0 disconnected and has a minute to reconnect!
|player|p1|
|j|☆1331798aaa0
|inactive|1331798aaa0 reconnected and has 105 seconds left.
|player|p1|1331798aaa0|dawn|
|
|t:|1779611253
|move|p1a: Great Tusk|Bulk Up|p1a: Great Tusk
|-boost|p1a: Great Tusk|atk|0
|-boost|p1a: Great Tusk|def|0
|move|p2a: Kingambit|Swords Dance|p2a: Kingambit
|-boost|p2a: Kingambit|atk|2
|
|upkeep
|turn|18
|
|t:|1779611260
|move|p1a: Great Tusk|Close Combat|p2a: Kingambit
|-supereffective|p2a: Kingambit
|-damage|p2a: Kingambit|0 fnt
|-unboost|p1a: Great Tusk|def|1
|-unboost|p1a: Great Tusk|spd|1
|faint|p2a: Kingambit
|-end|p2a: Kingambit|fallen5|[silent]
|
|win|1331798aaa0
|raw|1331798aaa0's rating: 1054 &rarr; <strong>1087</strong><br />(+33 for winning)
|raw|XLerouxe's rating: 1062 &rarr; <strong>1042</strong><br />(-20 for losing)
|l|☆XLerouxe
|player|p2|
|l|☆1331798aaa0
|player|p1|
|j|☆1331798aaa0
|player|p1|1331798aaa0|dawn|
|l|☆1331798aaa0
|player|p1|
