|j|☆Princessjosie1001!
|j|☆Mas0n23
|t:|1779654889
|gametype|singles
|player|p1|Princessjosie1001!|nurse|1505
|player|p2|Mas0n23|drayden|1477
|gen|9
|tier|[Gen 9] OU
|rated|
|rule|HP Percentage Mod: HP is shown in percentages
|rule|Endless Battle Clause: Forcing endless battles is banned
|rule|Species Clause: Limit one of each Pokémon
|rule|OHKO Clause: OHKO moves are banned
|rule|Evasion Items Clause: Evasion items are banned
|rule|Evasion Moves Clause: Evasion moves are banned
|rule|Evasion Abilities Clause: Evasion abilities are banned
|rule|Sleep Moves Clause: Sleep-inducing moves are banned
|clearpoke
|poke|p1|Polteageist|
|poke|p1|Cloyster, F|
|poke|p1|Salazzle, F|
|poke|p1|Espeon, M|
|poke|p1|Alcremie, F|
|poke|p1|Dragonite, M|
|poke|p2|Barraskewda, M|
|poke|p2|Pelipper, M|
|poke|p2|Raging Bolt|
|poke|p2|Overqwil, F|
|poke|p2|Kingambit, F|
|poke|p2|Iron Treads|
|teampreview
|
|t:|1779654908
|teamsize|p1|6
|teamsize|p2|6
|start
|switch|p1a: No hazard allowed|Espeon, M|100/100
|switch|p2a: Pelipper|Pelipper, M|100/100
|-weather|RainDance|[from] ability: Drizzle|[of] p2a: Pelipper
|turn|1
|inactive|Battle timer is ON: inactive players will automatically lose when time's up. (requested by Princessjosie1001!)
|
|t:|1779654915
|move|p1a: No hazard allowed|Trick|p2a: Pelipper
|-activate|p1a: No hazard allowed|move: Trick|[of] p2a: Pelipper
|-item|p2a: Pelipper|Choice Scarf|[from] move: Trick
|-item|p1a: No hazard allowed|Damp Rock|[from] move: Trick
|move|p2a: Pelipper|U-turn|p1a: No hazard allowed
|-supereffective|p1a: No hazard allowed
|-damage|p1a: No hazard allowed|68/100
|
|t:|1779654932
|switch|p2a: Barraskewda|Barraskewda, M|100/100|[from] U-turn
|
|-weather|RainDance|[upkeep]
|upkeep
|turn|2
|
|t:|1779654936
|move|p2a: Barraskewda|Flip Turn|p1a: No hazard allowed
|-damage|p1a: No hazard allowed|0 fnt
|faint|p1a: No hazard allowed
|
|t:|1779654942
|switch|p2a: Iron Treads|Iron Treads|100/100|[from] Flip Turn
|-enditem|p2a: Iron Treads|Booster Energy
|-activate|p2a: Iron Treads|ability: Quark Drive|[fromitem]
|-start|p2a: Iron Treads|quarkdrivespe
|
|-weather|RainDance|[upkeep]
|upkeep
|
|t:|1779654955
|switch|p1a: Polteageist|Polteageist|100/100
|turn|3
|
|t:|1779654964
|move|p2a: Iron Treads|Stealth Rock|p1a: Polteageist
|-sidestart|p1: Princessjosie1001!|move: Stealth Rock
|move|p1a: Polteageist|Shell Smash|p1a: Polteageist
|-unboost|p1a: Polteageist|def|1
|-unboost|p1a: Polteageist|spd|1
|-boost|p1a: Polteageist|atk|2
|-boost|p1a: Polteageist|spa|2
|-boost|p1a: Polteageist|spe|2
|
|-weather|RainDance|[upkeep]
|upkeep
|turn|4
|
|t:|1779654973
|move|p1a: Polteageist|Shell Smash|p1a: Polteageist
|-unboost|p1a: Polteageist|def|1
|-unboost|p1a: Polteageist|spd|1
|-boost|p1a: Polteageist|atk|2
|-boost|p1a: Polteageist|spa|2
|-boost|p1a: Polteageist|spe|2
|move|p2a: Iron Treads|Steel Beam|p1a: Polteageist
|-damage|p1a: Polteageist|9/100
|-damage|p2a: Iron Treads|50/100|[from] steelbeam
|
|-weather|RainDance|[upkeep]
|upkeep
|turn|5
|
|t:|1779654983
|move|p1a: Polteageist|Giga Drain|p2a: Iron Treads
|-damage|p2a: Iron Treads|0 fnt
|-heal|p1a: Polteageist|39/100|[from] drain|[of] p2a: Iron Treads
|faint|p2a: Iron Treads
|-end|p2a: Iron Treads|Quark Drive|[silent]
|
|-weather|RainDance|[upkeep]
|upkeep
|
|t:|1779654985
|switch|p2a: Barraskewda|Barraskewda, M|100/100
|turn|6
|
|t:|1779654990
|move|p2a: Barraskewda|Aqua Jet|p1a: Polteageist
|-damage|p1a: Polteageist|0 fnt
|faint|p1a: Polteageist
|
|-weather|RainDance|[upkeep]
|upkeep
|
|t:|1779654996
|switch|p1a: Cloyster|Cloyster, F|100/100
|-damage|p1a: Cloyster|76/100|[from] Stealth Rock
|turn|7
|
|t:|1779655003
|switch|p2a: Raging Bolt|Raging Bolt|100/100
|-enditem|p2a: Raging Bolt|Booster Energy
|-activate|p2a: Raging Bolt|ability: Protosynthesis|[fromitem]
|-start|p2a: Raging Bolt|protosynthesisspa
|move|p1a: Cloyster|Rock Blast|p2a: Raging Bolt
|-damage|p2a: Raging Bolt|94/100
|-damage|p2a: Raging Bolt|87/100
|-damage|p2a: Raging Bolt|81/100
|-damage|p2a: Raging Bolt|75/100
|-damage|p2a: Raging Bolt|68/100
|-hitcount|p2a: Raging Bolt|5
|
|-weather|RainDance|[upkeep]
|upkeep
|turn|8
|
|t:|1779655019
|move|p1a: Cloyster|Icicle Spear|p2a: Raging Bolt
|-supereffective|p2a: Raging Bolt
|-damage|p2a: Raging Bolt|48/100
|-supereffective|p2a: Raging Bolt
|-damage|p2a: Raging Bolt|28/100
|-supereffective|p2a: Raging Bolt
|-damage|p2a: Raging Bolt|8/100
|-supereffective|p2a: Raging Bolt
|-damage|p2a: Raging Bolt|0 fnt
|faint|p2a: Raging Bolt
|-end|p2a: Raging Bolt|Protosynthesis|[silent]
|-hitcount|p2: Raging Bolt|4
|
|-weather|none
|upkeep
|
|t:|1779655025
|switch|p2a: Pelipper|Pelipper, M|100/100
|-weather|RainDance|[from] ability: Drizzle|[of] p2a: Pelipper
|turn|9
|
|t:|1779655031
|move|p2a: Pelipper|U-turn|p1a: Cloyster
|-damage|p1a: Cloyster|69/100
|
|t:|1779655033
|switch|p2a: Overqwil|Overqwil, F|100/100|[from] U-turn
|move|p1a: Cloyster|Shell Smash|p1a: Cloyster
|-unboost|p1a: Cloyster|def|1
|-unboost|p1a: Cloyster|spd|1
|-boost|p1a: Cloyster|atk|2
|-boost|p1a: Cloyster|spa|2
|-boost|p1a: Cloyster|spe|2
|
|-weather|RainDance|[upkeep]
|upkeep
|turn|10
|
|t:|1779655052
|-terastallize|p2a: Overqwil|Dark
|move|p2a: Overqwil|Crunch|p1a: Cloyster
|-damage|p1a: Cloyster|0 fnt
|faint|p1a: Cloyster
|
|-weather|RainDance|[upkeep]
|-damage|p2a: Overqwil|88/100|[from] item: Black Sludge
|upkeep
|
|t:|1779655062
|switch|p1a: Dragonite|Dragonite, M|100/100
|-damage|p1a: Dragonite|76/100|[from] Stealth Rock
|turn|11
|
|t:|1779655067
|move|p2a: Overqwil|Crunch|p1a: Dragonite
|-damage|p1a: Dragonite|18/100
|move|p1a: Dragonite|Dragon Dance|p1a: Dragonite
|-boost|p1a: Dragonite|atk|1
|-boost|p1a: Dragonite|spe|1
|
|-weather|RainDance|[upkeep]
|-damage|p2a: Overqwil|76/100|[from] item: Black Sludge
|upkeep
|turn|12
|
|t:|1779655075
|move|p1a: Dragonite|Extreme Speed|p2a: Overqwil
|-damage|p2a: Overqwil|20/100
|move|p2a: Overqwil|Crunch|p1a: Dragonite
|-damage|p1a: Dragonite|0 fnt
|faint|p1a: Dragonite
|
|-weather|RainDance|[upkeep]
|-damage|p2a: Overqwil|8/100|[from] item: Black Sludge
|upkeep
|
|t:|1779655085
|switch|p1a: Salazzle|Salazzle, F|100/100
|-damage|p1a: Salazzle|76/100|[from] Stealth Rock
|turn|13
|
|t:|1779655090
|move|p2a: Overqwil|Liquidation|p1a: Salazzle
|-supereffective|p1a: Salazzle
|-damage|p1a: Salazzle|0 fnt
|faint|p1a: Salazzle
|
|-weather|none
|-damage|p2a: Overqwil|0 fnt|[from] item: Black Sludge
|faint|p2a: Overqwil
|upkeep
|
|t:|1779655100
|switch|p1a: Alcremie|Alcremie, F|100/100
|switch|p2a: Kingambit|Kingambit, F|100/100
|-damage|p1a: Alcremie|88/100|[from] Stealth Rock
|-activate|p2a: Kingambit|ability: Supreme Overlord
|-start|p2a: Kingambit|fallen3|[silent]
|turn|14
|
|t:|1779655108
|-terastallize|p1a: Alcremie|Steel
|move|p1a: Alcremie|Acid Armor|p1a: Alcremie
|-boost|p1a: Alcremie|def|2
|move|p2a: Kingambit|Iron Head|p1a: Alcremie
|-resisted|p1a: Alcremie
|-damage|p1a: Alcremie|70/100
|
|upkeep
|turn|15
|
|t:|1779655116
|move|p1a: Alcremie|Acid Armor|p1a: Alcremie
|-boost|p1a: Alcremie|def|2
|move|p2a: Kingambit|Swords Dance|p2a: Kingambit
|-boost|p2a: Kingambit|atk|2
|
|upkeep
|turn|16
|
|t:|1779655121
|move|p1a: Alcremie|Acid Armor|p1a: Alcremie
|-boost|p1a: Alcremie|def|2
|move|p2a: Kingambit|Kowtow Cleave|p1a: Alcremie
|-crit|p1a: Alcremie
|-damage|p1a: Alcremie|0 fnt
|faint|p1a: Alcremie
|
|win|Mas0n23
|raw|Princessjosie1001!'s rating: 1505 &rarr; <strong>1483</strong><br />(-22 for losing)
|raw|Mas0n23's rating: 1477 &rarr; <strong>1499</strong><br />(+22 for winning)
|l|☆Princessjosie1001!
|player|p1|
|l|☆Mas0n23
|player|p2|
