|j|☆eros maniac
|j|‽GyaradosDragon
|t:|1779605091
|gametype|singles
|player|p1|eros maniac|hilbert-wonderlauncher|1639
|player|p2|GyaradosDragon|rocketgrunt|1724
|gen|9
|tier|[Gen 9] OU
|rated|
|rule|HP Percentage Mod: HP is shown in percentages
|rule|Endless Battle Clause: Forcing endless battles is banned
|rule|Species Clause: Limit one of each Pokémon
|rule|OHKO Clause: OHKO moves are banned
|rule|Evasion Items Clause: Evasion items are banned
|rule|Evasion Moves Clause: Evasion moves are banned
|rule|Evasion Abilities Clause: Evasion abilities are banned
|rule|Sleep Moves Clause: Sleep-inducing moves are banned
|clearpoke
|poke|p1|Frosmoth, F|
|poke|p1|Maushold-Four|
|poke|p1|Okidogi, M|
|poke|p1|Sinistcha|
|poke|p1|Alomomola, F|
|poke|p1|Weezing-Galar, M|
|poke|p2|Ninetales-Alola, M|
|poke|p2|Klefki, F|
|poke|p2|Maushold-Four|
|poke|p2|Latias, F|
|poke|p2|Okidogi, M|
|poke|p2|Kyurem|
|teampreview
|inactive|Battle timer is ON: inactive players will automatically lose when time's up. (requested by eros maniac)
|
|t:|1779605107
|teamsize|p1|6
|teamsize|p2|6
|start
|switch|p1a: Okidogi|Okidogi, M|100/100
|switch|p2a: Klefki|Klefki, F|100/100
|turn|1
|
|t:|1779605110
|move|p2a: Klefki|Reflect|p2a: Klefki
|-sidestart|p2: GyaradosDragon|Reflect
|move|p1a: Okidogi|Knock Off|p2a: Klefki
|-resisted|p2a: Klefki
|-damage|p2a: Klefki|87/100
|-enditem|p2a: Klefki|Light Clay|[from] move: Knock Off|[of] p1a: Okidogi
|
|upkeep
|turn|2
|
|t:|1779605114
|switch|p1a: Weezing|Weezing-Galar, M|100/100
|-ability|p1a: Weezing|Neutralizing Gas
|move|p2a: Klefki|Light Screen|p2a: Klefki
|-sidestart|p2: GyaradosDragon|move: Light Screen
|
|upkeep
|turn|3
|
|t:|1779605117
|move|p1a: Weezing|Defog|p2a: Klefki
|-unboost|p2a: Klefki|evasion|1
|-sideend|p2: GyaradosDragon|Reflect
|-sideend|p2: GyaradosDragon|move: Light Screen
|move|p2a: Klefki|Thunder Wave|p1a: Weezing
|-status|p1a: Weezing|par
|
|upkeep
|turn|4
|
|t:|1779605124
|-end|p1a: Weezing|ability: Neutralizing Gas
|switch|p1a: Okidogi|Okidogi, M|100/100
|move|p2a: Klefki|Light Screen|p2a: Klefki
|-sidestart|p2: GyaradosDragon|move: Light Screen
|
|upkeep
|turn|5
|
|t:|1779605129
|move|p2a: Klefki|Thunder Wave|p1a: Okidogi
|-status|p1a: Okidogi|par
|move|p1a: Okidogi|High Horsepower|p2a: Klefki
|-supereffective|p2a: Klefki
|-damage|p2a: Klefki|0 fnt
|faint|p2a: Klefki
|
|upkeep
|
|t:|1779605138
|switch|p2a: Ninetales|Ninetales-Alola, M|100/100
|-weather|Snowscape|[from] ability: Snow Warning|[of] p2a: Ninetales
|turn|6
|
|t:|1779605143
|move|p2a: Ninetales|Aurora Veil|p2a: Ninetales
|-sidestart|p2: GyaradosDragon|move: Aurora Veil
|move|p1a: Okidogi|High Horsepower|p2a: Ninetales
|-damage|p2a: Ninetales|79/100
|-status|p2a: Ninetales|tox|[from] ability: Toxic Chain|[of] p1a: Okidogi
|
|-weather|Snowscape|[upkeep]
|-damage|p2a: Ninetales|73/100 tox|[from] psn
|upkeep
|turn|7
|
|t:|1779605149
|switch|p2a: Okidogi|Okidogi, M|100/100
|switch|p1a: Alomomola|Alomomola, F, shiny|100/100
|
|-weather|Snowscape|[upkeep]
|upkeep
|turn|8
|c|☆eros maniac|Bro
|c|☆eros maniac|It does not stack
|
|t:|1779605161
|move|p2a: Okidogi|Knock Off|p1a: Alomomola
|-damage|p1a: Alomomola|78/100
|-damage|p2a: Okidogi|84/100|[from] item: Rocky Helmet|[of] p1a: Alomomola
|-enditem|p1a: Alomomola|Rocky Helmet|[from] move: Knock Off|[of] p2a: Okidogi
|move|p1a: Alomomola|Flip Turn|p2a: Okidogi
|-damage|p2a: Okidogi|77/100
|
|t:|1779605163
|switch|p1a: Weezing|Weezing-Galar, M|100/100 par|[from] Flip Turn
|-ability|p1a: Weezing|Neutralizing Gas
|
|-weather|Snowscape|[upkeep]
|-heal|p2a: Okidogi|83/100|[from] item: Leftovers
|-sideend|p2: GyaradosDragon|move: Light Screen
|upkeep
|turn|9
|
|t:|1779605167
|move|p2a: Okidogi|Bulk Up|p2a: Okidogi
|-boost|p2a: Okidogi|atk|1
|-boost|p2a: Okidogi|def|1
|cant|p1a: Weezing|par
|
|-weather|Snowscape|[upkeep]
|-heal|p2a: Okidogi|89/100|[from] item: Leftovers
|upkeep
|turn|10
|
|t:|1779605172
|move|p2a: Okidogi|Bulk Up|p2a: Okidogi
|-boost|p2a: Okidogi|atk|1
|-boost|p2a: Okidogi|def|1
|cant|p1a: Weezing|par
|
|-weather|none
|-heal|p2a: Okidogi|95/100|[from] item: Leftovers
|upkeep
|turn|11
|
|t:|1779605176
|move|p2a: Okidogi|Bulk Up|p2a: Okidogi
|-boost|p2a: Okidogi|atk|1
|-boost|p2a: Okidogi|def|1
|cant|p1a: Weezing|par
|
|-heal|p2a: Okidogi|100/100|[from] item: Leftovers
|upkeep
|turn|12
|
|t:|1779605181
|move|p2a: Okidogi|Bulk Up|p2a: Okidogi
|-boost|p2a: Okidogi|atk|1
|-boost|p2a: Okidogi|def|1
|move|p1a: Weezing|Will-O-Wisp|p2a: Okidogi
|-status|p2a: Okidogi|brn
|
|-damage|p2a: Okidogi|94/100 brn|[from] brn
|upkeep
|turn|13
|
|t:|1779605187
|move|p2a: Okidogi|Facade|p1a: Weezing
|-damage|p1a: Weezing|0 fnt
|faint|p1a: Weezing
|-end|p1a: Weezing|ability: Neutralizing Gas
|
|-heal|p2a: Okidogi|100/100 brn|[from] item: Leftovers
|-damage|p2a: Okidogi|94/100 brn|[from] brn
|-sideend|p2: GyaradosDragon|move: Aurora Veil
|upkeep
|
|t:|1779605190
|switch|p1a: Sinistcha|Sinistcha, shiny|100/100
|turn|14
|
|t:|1779605195
|move|p2a: Okidogi|Knock Off|p1a: Sinistcha
|-supereffective|p1a: Sinistcha
|-crit|p1a: Sinistcha
|-enditem|p1a: Sinistcha|Colbur Berry|[eat]
|-enditem|p1a: Sinistcha|Colbur Berry|[weaken]
|-damage|p1a: Sinistcha|37/100
|move|p1a: Sinistcha|Strength Sap|p2a: Okidogi
|-unboost|p2a: Okidogi|atk|1
|-heal|p1a: Sinistcha|100/100
|
|-heal|p2a: Okidogi|100/100 brn|[from] item: Leftovers
|-damage|p2a: Okidogi|94/100 brn|[from] brn
|upkeep
|turn|15
|
|t:|1779605200
|move|p2a: Okidogi|Knock Off|p1a: Sinistcha
|-supereffective|p1a: Sinistcha
|-damage|p1a: Sinistcha|59/100
|move|p1a: Sinistcha|Strength Sap|p2a: Okidogi
|-unboost|p2a: Okidogi|atk|1
|-heal|p1a: Sinistcha|100/100
|
|-heal|p2a: Okidogi|100/100 brn|[from] item: Leftovers
|-damage|p2a: Okidogi|94/100 brn|[from] brn
|upkeep
|turn|16
|
|t:|1779605207
|move|p2a: Okidogi|Bulk Up|p2a: Okidogi
|-boost|p2a: Okidogi|atk|1
|-boost|p2a: Okidogi|def|1
|move|p1a: Sinistcha|Shadow Ball|p2a: Okidogi
|-damage|p2a: Okidogi|58/100 brn
|
|-heal|p2a: Okidogi|64/100 brn|[from] item: Leftovers
|-damage|p2a: Okidogi|58/100 brn|[from] brn
|upkeep
|turn|17
|
|t:|1779605213
|move|p2a: Okidogi|Knock Off|p1a: Sinistcha
|-supereffective|p1a: Sinistcha
|-damage|p1a: Sinistcha|52/100
|move|p1a: Sinistcha|Strength Sap|p2a: Okidogi
|-unboost|p2a: Okidogi|atk|1
|-heal|p1a: Sinistcha|100/100
|
|-heal|p2a: Okidogi|64/100 brn|[from] item: Leftovers
|-damage|p2a: Okidogi|58/100 brn|[from] brn
|upkeep
|turn|18
|
|t:|1779605215
|move|p2a: Okidogi|Knock Off|p1a: Sinistcha
|-supereffective|p1a: Sinistcha
|-damage|p1a: Sinistcha|64/100
|move|p1a: Sinistcha|Shadow Ball|p2a: Okidogi
|-damage|p2a: Okidogi|25/100 brn
|
|-heal|p2a: Okidogi|31/100 brn|[from] item: Leftovers
|-damage|p2a: Okidogi|25/100 brn|[from] brn
|upkeep
|turn|19
|
|t:|1779605219
|switch|p2a: Ninetales|Ninetales-Alola, M|73/100 tox
|-weather|Snowscape|[from] ability: Snow Warning|[of] p2a: Ninetales
|move|p1a: Sinistcha|Strength Sap|p2a: Ninetales
|-unboost|p2a: Ninetales|atk|1
|-heal|p1a: Sinistcha|100/100
|
|-weather|Snowscape|[upkeep]
|-damage|p2a: Ninetales|67/100 tox|[from] psn
|upkeep
|turn|20
|
|t:|1779605222
|switch|p1a: Maushold|Maushold-Four|100/100
|move|p2a: Ninetales|Aurora Veil|p2a: Ninetales
|-sidestart|p2: GyaradosDragon|move: Aurora Veil
|
|-weather|Snowscape|[upkeep]
|-damage|p2a: Ninetales|55/100 tox|[from] psn
|upkeep
|turn|21
|
|t:|1779605226
|move|p1a: Maushold|Population Bomb|p2a: Ninetales
|-damage|p2a: Ninetales|51/100 tox
|-damage|p2a: Ninetales|46/100 tox
|-damage|p2a: Ninetales|42/100 tox
|-damage|p2a: Ninetales|38/100 tox
|-damage|p2a: Ninetales|34/100 tox
|-damage|p2a: Ninetales|29/100 tox
|-damage|p2a: Ninetales|25/100 tox
|-damage|p2a: Ninetales|20/100 tox
|-damage|p2a: Ninetales|16/100 tox
|-damage|p2a: Ninetales|12/100 tox
|-hitcount|p2a: Ninetales|10
|move|p2a: Ninetales|Encore|p1a: Maushold
|-start|p1a: Maushold|Encore
|
|-weather|Snowscape|[upkeep]
|-damage|p2a: Ninetales|0 fnt|[from] psn
|faint|p2a: Ninetales
|upkeep
|
|t:|1779605230
|switch|p2a: Kyurem|Kyurem, shiny|100/100
|-ability|p2a: Kyurem|Pressure
|turn|22
|
|t:|1779605234
|move|p1a: Maushold|Population Bomb|p2a: Kyurem
|-damage|p2a: Kyurem|97/100
|-damage|p2a: Kyurem|93/100
|-damage|p2a: Kyurem|89/100
|-damage|p2a: Kyurem|86/100
|-damage|p2a: Kyurem|82/100
|-damage|p2a: Kyurem|79/100
|-damage|p2a: Kyurem|76/100
|-damage|p2a: Kyurem|72/100
|-damage|p2a: Kyurem|69/100
|-damage|p2a: Kyurem|65/100
|-hitcount|p2a: Kyurem|10
|move|p2a: Kyurem|Dragon Dance|p2a: Kyurem
|-boost|p2a: Kyurem|atk|1
|-boost|p2a: Kyurem|spe|1
|
|-weather|Snowscape|[upkeep]
|upkeep
|turn|23
|
|t:|1779605239
|switch|p1a: Okidogi|Okidogi, M|100/100 par
|move|p2a: Kyurem|Dragon Dance|p2a: Kyurem
|-boost|p2a: Kyurem|atk|1
|-boost|p2a: Kyurem|spe|1
|
|-weather|none
|upkeep
|turn|24
|
|t:|1779605241
|move|p2a: Kyurem|Earth Power|p1a: Okidogi
|-supereffective|p1a: Okidogi
|-damage|p1a: Okidogi|24/100 par
|move|p1a: Okidogi|Close Combat|p2a: Kyurem
|-supereffective|p2a: Kyurem
|-damage|p2a: Kyurem|0 fnt
|-unboost|p1a: Okidogi|def|1
|-unboost|p1a: Okidogi|spd|1
|faint|p2a: Kyurem
|
|upkeep
|
|t:|1779605244
|switch|p2a: Maushold|Maushold-Four|100/100
|turn|25
|
|t:|1779605248
|switch|p1a: Sinistcha|Sinistcha, shiny|100/100
|-terastallize|p2a: Maushold|Ghost
|move|p2a: Maushold|Tidy Up|p2a: Maushold
|-boost|p2a: Maushold|atk|1
|-boost|p2a: Maushold|spe|1
|
|upkeep
|turn|26
|
|t:|1779605254
|move|p2a: Maushold|Tidy Up|p2a: Maushold
|-boost|p2a: Maushold|atk|1
|-boost|p2a: Maushold|spe|1
|move|p1a: Sinistcha|Strength Sap|p2a: Maushold
|-unboost|p2a: Maushold|atk|1
|
|upkeep
|turn|27
|
|t:|1779605258
|move|p2a: Maushold|Encore|p1a: Sinistcha
|-start|p1a: Sinistcha|Encore
|move|p1a: Sinistcha|Strength Sap|p2a: Maushold
|-unboost|p2a: Maushold|atk|1
|
|-sideend|p2: GyaradosDragon|move: Aurora Veil
|upkeep
|turn|28
|
|t:|1779605262
|switch|p1a: Alomomola|Alomomola, F, shiny|100/100
|move|p2a: Maushold|Tidy Up|p2a: Maushold
|-boost|p2a: Maushold|atk|1
|-boost|p2a: Maushold|spe|1
|
|upkeep
|turn|29
|
|t:|1779605264
|move|p2a: Maushold|Tidy Up|p2a: Maushold
|-boost|p2a: Maushold|atk|1
|-boost|p2a: Maushold|spe|1
|move|p1a: Alomomola|Flip Turn|p2a: Maushold
|-damage|p2a: Maushold|76/100
|
|t:|1779605266
|switch|p1a: Sinistcha|Sinistcha, shiny|100/100|[from] Flip Turn
|
|upkeep
|turn|30
|
|t:|1779605268
|move|p2a: Maushold|Bite|p1a: Sinistcha
|-supereffective|p1a: Sinistcha
|-damage|p1a: Sinistcha|34/100
|move|p1a: Sinistcha|Shadow Ball|p2a: Maushold
|-supereffective|p2a: Maushold
|-damage|p2a: Maushold|0 fnt
|faint|p2a: Maushold
|
|upkeep
|
|t:|1779605271
|switch|p2a: Latias|Latias, F|100/100
|turn|31
|
|t:|1779605273
|switch|p1a: Maushold|Maushold-Four|100/100
|move|p2a: Latias|Calm Mind|p2a: Latias
|-boost|p2a: Latias|spa|1
|-boost|p2a: Latias|spd|1
|
|upkeep
|turn|32
|
|t:|1779605276
|switch|p2a: Okidogi|Okidogi, M|25/100 brn
|move|p1a: Maushold|Encore||[still]
|-fail|p1a: Maushold
|
|-heal|p2a: Okidogi|31/100 brn|[from] item: Leftovers
|-damage|p2a: Okidogi|25/100 brn|[from] brn
|upkeep
|turn|33
|
|t:|1779605278
|move|p1a: Maushold|Population Bomb|p2a: Okidogi
|-damage|p2a: Okidogi|17/100 brn
|-damage|p2a: Okidogi|8/100 brn
|-damage|p2a: Okidogi|0 fnt
|faint|p2a: Okidogi
|-hitcount|p2: Okidogi|3
|
|upkeep
|
|t:|1779605280
|switch|p2a: Latias|Latias, F|100/100
|turn|34
|
|t:|1779605281
|move|p1a: Maushold|Population Bomb|p2a: Latias
|-damage|p2a: Latias|90/100
|-damage|p2a: Latias|79/100
|-damage|p2a: Latias|69/100
|-damage|p2a: Latias|59/100
|-damage|p2a: Latias|48/100
|-damage|p2a: Latias|38/100
|-damage|p2a: Latias|27/100
|-damage|p2a: Latias|16/100
|-damage|p2a: Latias|6/100
|-damage|p2a: Latias|0 fnt
|faint|p2a: Latias
|-hitcount|p2: Latias|10
|
|win|eros maniac
|raw|eros maniac's rating: 1639 &rarr; <strong>1664</strong><br />(+25 for winning)
|raw|GyaradosDragon's rating: 1724 &rarr; <strong>1699</strong><br />(-25 for losing)
|l|‽GyaradosDragon
|player|p2|
|l|☆eros maniac
|player|p1|
