|j|☆metallettuce52
|j|☆pirlococo
|t:|1779719125
|gametype|singles
|player|p1|metallettuce52|elesa|1171
|player|p2|pirlococo|fisherman|1207
|gen|9
|tier|[Gen 9] OU
|rated|
|rule|HP Percentage Mod: HP is shown in percentages
|rule|Endless Battle Clause: Forcing endless battles is banned
|rule|Species Clause: Limit one of each Pokémon
|rule|OHKO Clause: OHKO moves are banned
|rule|Evasion Items Clause: Evasion items are banned
|rule|Evasion Moves Clause: Evasion moves are banned
|rule|Evasion Abilities Clause: Evasion abilities are banned
|rule|Sleep Moves Clause: Sleep-inducing moves are banned
|clearpoke
|poke|p1|Oricorio-Sensu, F|
|poke|p1|Alomomola, M|
|poke|p1|Glimmora, F|
|poke|p1|Meowscarada, M|
|poke|p1|Cloyster, F|
|poke|p1|Arcanine-Hisui, F|
|poke|p2|Ribombee, F|
|poke|p2|Cinderace, M|
|poke|p2|Serperior, M|
|poke|p2|Mimikyu, F|
|poke|p2|Dragapult, M|
|poke|p2|Bisharp, M|
|teampreview
|inactive|Battle timer is ON: inactive players will automatically lose when time's up. (requested by pirlococo)
|inactive|metallettuce52 also wants the timer to be on.
|
|t:|1779719128
|teamsize|p1|6
|teamsize|p2|6
|start
|switch|p1a: Asmongold|Glimmora, F|100/100
|switch|p2a: Ribombee|Ribombee, F|100/100
|turn|1
|
|t:|1779719135
|move|p2a: Ribombee|Psychic Noise|p1a: Asmongold
|-supereffective|p1a: Asmongold
|-damage|p1a: Asmongold|38/100
|-start|p1a: Asmongold|move: Heal Block
|move|p1a: Asmongold|Stealth Rock|p2a: Ribombee
|-sidestart|p2: pirlococo|move: Stealth Rock
|
|upkeep
|turn|2
|
|t:|1779719159
|switch|p1a: Fih|Alomomola, M|100/100
|move|p2a: Ribombee|Sticky Web|p1a: Fih
|-sidestart|p1: metallettuce52|move: Sticky Web
|
|upkeep
|turn|3
|
|t:|1779719166
|move|p2a: Ribombee|Stun Spore|p1a: Fih
|-status|p1a: Fih|par
|move|p1a: Fih|Flip Turn|p2a: Ribombee
|-damage|p2a: Ribombee|68/100
|inactive|metallettuce52 has 120 seconds left.
|
|t:|1779719192
|switch|p1a: Assreaper|Oricorio-Sensu, F|100/100|[from] Flip Turn
|
|upkeep
|turn|4
|inactive|metallettuce52 has 120 seconds left.
|
|t:|1779719205
|move|p2a: Ribombee|Moonblast|p1a: Assreaper
|-damage|p1a: Assreaper|52/100
|move|p1a: Assreaper|Quiver Dance|p1a: Assreaper
|-boost|p1a: Assreaper|spa|1
|-boost|p1a: Assreaper|spd|1
|-boost|p1a: Assreaper|spe|1
|
|upkeep
|turn|5
|inactive|metallettuce52 has 120 seconds left.
|
|t:|1779719219
|move|p2a: Ribombee|Moonblast|p1a: Assreaper
|-damage|p1a: Assreaper|16/100
|move|p1a: Assreaper|Hurricane|p2a: Ribombee
|-supereffective|p2a: Ribombee
|-damage|p2a: Ribombee|0 fnt
|faint|p2a: Ribombee
|
|upkeep
|
|t:|1779719224
|switch|p2a: Cinderace|Cinderace, M|100/100
|turn|6
|inactive|metallettuce52 has 120 seconds left.
|
|t:|1779719238
|switch|p2a: Mimikyu|Mimikyu, F|100/100
|-damage|p2a: Mimikyu|88/100|[from] Stealth Rock
|move|p1a: Assreaper|Roost|p1a: Assreaper
|-heal|p1a: Assreaper|66/100
|-singleturn|p1a: Assreaper|move: Roost
|
|upkeep
|turn|7
|
|t:|1779719248
|-terastallize|p1a: Assreaper|Fairy
|move|p1a: Assreaper|Revelation Dance|p2a: Mimikyu
|-activate|p2a: Mimikyu|ability: Disguise
|-damage|p2a: Mimikyu|88/100
|detailschange|p2a: Mimikyu|Mimikyu-Busted, F
|-damage|p2a: Mimikyu|76/100|[from] pokemon: Mimikyu-Busted
|-enditem|p2a: Mimikyu|Red Card|[of] p1a: Assreaper
|drag|p1a: Flesh|Cloyster, F|100/100
|-activate|p1a: Flesh|move: Sticky Web
|-unboost|p1a: Flesh|spe|1
|-enditem|p1a: Flesh|White Herb
|-clearnegativeboost|p1a: Flesh|[silent]
|move|p2a: Mimikyu|Shadow Claw|p1a: Flesh
|-damage|p1a: Flesh|78/100
|
|upkeep
|turn|8
|inactive|metallettuce52 has 120 seconds left.
|
|t:|1779719267
|move|p2a: Mimikyu|Destiny Bond|p2a: Mimikyu
|-singlemove|p2a: Mimikyu|Destiny Bond
|move|p1a: Flesh|Shell Smash|p1a: Flesh
|-unboost|p1a: Flesh|def|1
|-unboost|p1a: Flesh|spd|1
|-boost|p1a: Flesh|atk|2
|-boost|p1a: Flesh|spa|2
|-boost|p1a: Flesh|spe|2
|
|upkeep
|turn|9
|inactive|metallettuce52 has 120 seconds left.
|
|t:|1779719286
|move|p1a: Flesh|Shell Smash|p1a: Flesh
|-unboost|p1a: Flesh|def|1
|-unboost|p1a: Flesh|spd|1
|-boost|p1a: Flesh|atk|2
|-boost|p1a: Flesh|spa|2
|-boost|p1a: Flesh|spe|2
|move|p2a: Mimikyu|Play Rough|p1a: Flesh|[miss]
|-miss|p2a: Mimikyu|p1a: Flesh
|
|upkeep
|turn|10
|inactive|metallettuce52 has 120 seconds left.
|
|t:|1779719297
|move|p1a: Flesh|Icicle Spear|p2a: Mimikyu
|-damage|p2a: Mimikyu|19/100
|-damage|p2a: Mimikyu|0 fnt
|faint|p2a: Mimikyu
|-hitcount|p2: Mimikyu|2
|
|upkeep
|
|t:|1779719302
|switch|p2a: Bisharp|Bisharp, M|100/100
|-damage|p2a: Bisharp|95/100|[from] Stealth Rock
|turn|11
|inactive|metallettuce52 has 120 seconds left.
|
|t:|1779719318
|move|p2a: Bisharp|Sucker Punch|p1a: Flesh
|-damage|p1a: Flesh|16/100
|move|p1a: Flesh|Icicle Spear|p2a: Bisharp
|-resisted|p2a: Bisharp
|-damage|p2a: Bisharp|82/100
|-resisted|p2a: Bisharp
|-damage|p2a: Bisharp|70/100
|-resisted|p2a: Bisharp
|-damage|p2a: Bisharp|59/100
|-resisted|p2a: Bisharp
|-damage|p2a: Bisharp|47/100
|-resisted|p2a: Bisharp
|-damage|p2a: Bisharp|35/100
|-hitcount|p2a: Bisharp|5
|
|upkeep
|turn|12
|inactive|metallettuce52 has 120 seconds left.
|
|t:|1779719331
|move|p2a: Bisharp|Sucker Punch||[still]
|-fail|p2a: Bisharp
|move|p1a: Flesh|Shell Smash|p1a: Flesh
|-unboost|p1a: Flesh|def|1
|-unboost|p1a: Flesh|spd|1
|-boost|p1a: Flesh|atk|2
|-boost|p1a: Flesh|spa|2
|-boost|p1a: Flesh|spe|2
|
|upkeep
|turn|13
|
|t:|1779719340
|move|p1a: Flesh|Ice Shard|p2a: Bisharp
|-resisted|p2a: Bisharp
|-damage|p2a: Bisharp|12/100
|move|p2a: Bisharp|Sucker Punch||[still]
|-fail|p2a: Bisharp
|
|upkeep
|turn|14
|-message|pirlococo forfeited.
|
|t:|1779719347
|move|p1a: Flesh|Ice Shard|p2a: Bisharp
|-resisted|p2a: Bisharp
|-damage|p2a: Bisharp|0 fnt
|faint|p2a: Bisharp
|
|upkeep
|
|win|metallettuce52
|raw|metallettuce52's rating: 1171 &rarr; <strong>1199</strong><br />(+28 for winning)
|raw|pirlococo's rating: 1207 &rarr; <strong>1179</strong><br />(-28 for losing)
|l|☆pirlococo
|player|p2|
|l|☆metallettuce52
|player|p1|
|j|☆metallettuce52
|player|p1|metallettuce52|elesa|
|l|☆metallettuce52
|player|p1|
