|j|☆wxcvbb
|j|☆vaxanon
|t:|1779715807
|gametype|singles
|player|p1|wxcvbb|cynthia-gen4|1265
|player|p2|vaxanon|169|1248
|gen|9
|tier|[Gen 9] OU
|rated|
|rule|HP Percentage Mod: HP is shown in percentages
|rule|Endless Battle Clause: Forcing endless battles is banned
|rule|Species Clause: Limit one of each Pokémon
|rule|OHKO Clause: OHKO moves are banned
|rule|Evasion Items Clause: Evasion items are banned
|rule|Evasion Moves Clause: Evasion moves are banned
|rule|Evasion Abilities Clause: Evasion abilities are banned
|rule|Sleep Moves Clause: Sleep-inducing moves are banned
|clearpoke
|poke|p1|Meowscarada, M|
|poke|p1|Dragonite, M|
|poke|p1|Iron Valiant|
|poke|p1|Gliscor, M|
|poke|p1|Swampert, M|
|poke|p1|Raging Bolt|
|poke|p2|Meowscarada, F|
|poke|p2|Gastrodon-East, M|
|poke|p2|Ambipom, M|
|poke|p2|Cinderace, M|
|poke|p2|Whimsicott, M|
|poke|p2|Sableye, M|
|teampreview
|inactive|Battle timer is ON: inactive players will automatically lose when time's up. (requested by vaxanon)
|
|t:|1779715815
|teamsize|p1|6
|teamsize|p2|6
|start
|switch|p1a: Meowscarada|Meowscarada, M|100/100
|switch|p2a: Whimsicott|Whimsicott, M|100/100
|turn|1
|
|t:|1779715828
|move|p2a: Whimsicott|Switcheroo|p1a: Meowscarada
|-hint|Since gen 7, Dark is immune to Prankster moves.
|-immune|p1a: Meowscarada
|move|p1a: Meowscarada|Triple Axel|p2a: Whimsicott
|-start|p1a: Meowscarada|typechange|Ice|[from] ability: Protean
|-supereffective|p2a: Whimsicott
|-damage|p2a: Whimsicott|69/100
|-supereffective|p2a: Whimsicott
|-damage|p2a: Whimsicott|12/100
|-supereffective|p2a: Whimsicott
|-damage|p2a: Whimsicott|0 fnt
|faint|p2a: Whimsicott
|-hitcount|p2: Whimsicott|3
|
|upkeep
|
|t:|1779715841
|switch|p2a: Ambipom|Ambipom, M, shiny|100/100
|turn|2
|
|t:|1779715847
|-terastallize|p2a: Ambipom|Normal
|move|p2a: Ambipom|Fake Out|p1a: Meowscarada
|-damage|p1a: Meowscarada|37/100
|cant|p1a: Meowscarada|flinch
|
|upkeep
|turn|3
|
|t:|1779715856
|move|p1a: Meowscarada|Triple Axel|p2a: Ambipom
|-damage|p2a: Ambipom|80/100
|-damage|p2a: Ambipom|37/100
|-hitcount|p2a: Ambipom|2
|move|p2a: Ambipom|Double Hit|p1a: Meowscarada
|-damage|p1a: Meowscarada|0 fnt
|faint|p1a: Meowscarada
|-hitcount|p1: Meowscarada|1
|
|upkeep
|
|t:|1779715868
|switch|p1a: Swampert|Swampert, M|100/100
|turn|4
|
|t:|1779715872
|move|p2a: Ambipom|U-turn|p1a: Swampert
|-damage|p1a: Swampert|86/100
|
|t:|1779715876
|switch|p2a: Gastrodon|Gastrodon-East, M|100/100|[from] U-turn
|move|p1a: Swampert|Earthquake|p2a: Gastrodon
|-damage|p2a: Gastrodon|71/100
|
|-heal|p1a: Swampert|92/100|[from] item: Leftovers
|upkeep
|turn|5
|
|t:|1779715888
|move|p1a: Swampert|Stealth Rock|p2a: Gastrodon
|-sidestart|p2: vaxanon|move: Stealth Rock
|move|p2a: Gastrodon|Chilling Water|p1a: Swampert
|-damage|p1a: Swampert|79/100
|-unboost|p1a: Swampert|atk|1
|
|-heal|p1a: Swampert|85/100|[from] item: Leftovers
|upkeep
|turn|6
|
|t:|1779715901
|switch|p1a: Gliscor|Gliscor, M|100/100
|move|p2a: Gastrodon|Earth Power|p1a: Gliscor
|-immune|p1a: Gliscor
|
|-status|p1a: Gliscor|tox|[from] item: Toxic Orb
|upkeep
|turn|7
|
|t:|1779715910
|move|p1a: Gliscor|Toxic|p2a: Gastrodon
|-status|p2a: Gastrodon|tox
|move|p2a: Gastrodon|Ice Beam|p1a: Gliscor
|-supereffective|p1a: Gliscor
|-damage|p1a: Gliscor|6/100 tox
|
|-heal|p1a: Gliscor|19/100 tox|[from] ability: Poison Heal
|-damage|p2a: Gastrodon|65/100 tox|[from] psn
|upkeep
|turn|8
|
|t:|1779715920
|move|p1a: Gliscor|Protect|p1a: Gliscor
|-singleturn|p1a: Gliscor|Protect
|move|p2a: Gastrodon|Ice Beam|p1a: Gliscor
|-activate|p1a: Gliscor|move: Protect
|
|-heal|p1a: Gliscor|31/100 tox|[from] ability: Poison Heal
|-damage|p2a: Gastrodon|53/100 tox|[from] psn
|upkeep
|turn|9
|
|t:|1779715933
|move|p1a: Gliscor|Knock Off|p2a: Gastrodon
|-damage|p2a: Gastrodon|36/100 tox
|-damage|p1a: Gliscor|15/100 tox|[from] item: Rocky Helmet|[of] p2a: Gastrodon
|-enditem|p2a: Gastrodon|Rocky Helmet|[from] move: Knock Off|[of] p1a: Gliscor
|move|p2a: Gastrodon|Ice Beam|p1a: Gliscor
|-supereffective|p1a: Gliscor
|-damage|p1a: Gliscor|0 fnt
|faint|p1a: Gliscor
|
|-damage|p2a: Gastrodon|18/100 tox|[from] psn
|upkeep
|
|t:|1779715949
|switch|p1a: Iron Valiant|Iron Valiant|100/100
|-enditem|p1a: Iron Valiant|Booster Energy
|-activate|p1a: Iron Valiant|ability: Quark Drive|[fromitem]
|-start|p1a: Iron Valiant|quarkdrivespe
|turn|10
|
|t:|1779715959
|move|p1a: Iron Valiant|Moonblast|p2a: Gastrodon
|-damage|p2a: Gastrodon|0 fnt
|faint|p2a: Gastrodon
|
|upkeep
|
|t:|1779715963
|switch|p2a: Ambipom|Ambipom, M, shiny, tera:Normal|37/100
|-damage|p2a: Ambipom|25/100|[from] Stealth Rock
|turn|11
|
|t:|1779715971
|move|p2a: Ambipom|Fake Out|p1a: Iron Valiant
|-damage|p1a: Iron Valiant|42/100
|cant|p1a: Iron Valiant|flinch
|
|upkeep
|turn|12
|
|t:|1779715984
|switch|p2a: Cinderace|Cinderace, M, shiny|100/100
|move|p1a: Iron Valiant|Moonblast|p2a: Cinderace
|-resisted|p2a: Cinderace
|-damage|p2a: Cinderace|69/100
|
|upkeep
|turn|13
|
|t:|1779715992
|move|p1a: Iron Valiant|Shadow Ball|p2a: Cinderace
|-damage|p2a: Cinderace|32/100
|move|p2a: Cinderace|Court Change|p2a: Cinderace
|-start|p2a: Cinderace|typechange|Normal|[from] ability: Libero
|-swapsideconditions
|-activate|p2a: Cinderace|move: Court Change
|
|upkeep
|turn|14
|
|t:|1779716001
|move|p1a: Iron Valiant|Shadow Ball|p2a: Cinderace
|-immune|p2a: Cinderace
|move|p2a: Cinderace|Pyro Ball|p1a: Iron Valiant
|-damage|p1a: Iron Valiant|0 fnt
|faint|p1a: Iron Valiant
|-end|p1a: Iron Valiant|Quark Drive|[silent]
|
|upkeep
|
|t:|1779716010
|switch|p1a: Swampert|Swampert, M|85/100
|-damage|p1a: Swampert|79/100|[from] Stealth Rock
|turn|15
|
|t:|1779716019
|move|p2a: Cinderace|U-turn|p1a: Swampert
|-damage|p1a: Swampert|62/100
|
|t:|1779716023
|switch|p2a: Meowscarada|Meowscarada, F, shiny|100/100|[from] U-turn
|move|p1a: Swampert|Waterfall|p2a: Meowscarada
|-resisted|p2a: Meowscarada
|-damage|p2a: Meowscarada|78/100
|
|-heal|p1a: Swampert|69/100|[from] item: Leftovers
|upkeep
|turn|16
|
|t:|1779716039
|move|p2a: Meowscarada|Triple Axel|p1a: Swampert
|-start|p2a: Meowscarada|typechange|Ice|[from] ability: Protean
|-damage|p1a: Swampert|61/100
|-damage|p1a: Swampert|49/100
|-damage|p1a: Swampert|28/100
|-hitcount|p1a: Swampert|3
|move|p1a: Swampert|Avalanche|p2a: Meowscarada
|-resisted|p2a: Meowscarada
|-damage|p2a: Meowscarada|54/100
|
|-heal|p1a: Swampert|34/100|[from] item: Leftovers
|upkeep
|turn|17
|
|t:|1779716054
|move|p2a: Meowscarada|Triple Axel|p1a: Swampert
|-damage|p1a: Swampert|27/100
|-damage|p1a: Swampert|14/100
|-damage|p1a: Swampert|0 fnt
|faint|p1a: Swampert
|-hitcount|p1: Swampert|3
|
|upkeep
|
|t:|1779716062
|switch|p1a: Dragonite|Dragonite, M|100/100
|turn|18
|
|t:|1779716067
|switch|p2a: Sableye|Sableye, M|100/100
|-terastallize|p1a: Dragonite|Normal
|move|p1a: Dragonite|Dragon Dance|p1a: Dragonite
|-boost|p1a: Dragonite|atk|1
|-boost|p1a: Dragonite|spe|1
|
|upkeep
|turn|19
|
|t:|1779716078
|move|p2a: Sableye|Encore|p1a: Dragonite
|-start|p1a: Dragonite|Encore
|move|p1a: Dragonite|Dragon Dance|p1a: Dragonite
|-boost|p1a: Dragonite|atk|1
|-boost|p1a: Dragonite|spe|1
|
|upkeep
|turn|20
|
|t:|1779716085
|move|p2a: Sableye|Will-O-Wisp|p1a: Dragonite
|-status|p1a: Dragonite|brn
|move|p1a: Dragonite|Dragon Dance|p1a: Dragonite
|-boost|p1a: Dragonite|atk|1
|-boost|p1a: Dragonite|spe|1
|
|-damage|p1a: Dragonite|94/100 brn|[from] brn
|upkeep
|turn|21
|
|t:|1779716094
|move|p1a: Dragonite|Dragon Dance|p1a: Dragonite
|-boost|p1a: Dragonite|atk|1
|-boost|p1a: Dragonite|spe|1
|move|p2a: Sableye|Knock Off|p1a: Dragonite
|-damage|p1a: Dragonite|64/100 brn
|-enditem|p1a: Dragonite|Heavy-Duty Boots|[from] move: Knock Off|[of] p2a: Sableye
|
|-damage|p1a: Dragonite|58/100 brn|[from] brn
|-end|p1a: Dragonite|Encore
|upkeep
|turn|22
|
|t:|1779716107
|move|p2a: Sableye|Encore|p1a: Dragonite
|-start|p1a: Dragonite|Encore
|move|p1a: Dragonite|Dragon Dance|p1a: Dragonite
|-boost|p1a: Dragonite|atk|1
|-boost|p1a: Dragonite|spe|1
|
|-damage|p1a: Dragonite|52/100 brn|[from] brn
|upkeep
|turn|23
|
|t:|1779716119
|switch|p1a: Raging Bolt|Raging Bolt|100/100
|-damage|p1a: Raging Bolt|88/100|[from] Stealth Rock
|move|p2a: Sableye|Knock Off|p1a: Raging Bolt
|-damage|p1a: Raging Bolt|62/100
|-enditem|p1a: Raging Bolt|Choice Specs|[from] move: Knock Off|[of] p2a: Sableye
|
|upkeep
|turn|24
|inactive|wxcvbb has 120 seconds left.
|
|t:|1779716150
|move|p2a: Sableye|Will-O-Wisp|p1a: Raging Bolt|[miss]
|-miss|p2a: Sableye|p1a: Raging Bolt
|move|p1a: Raging Bolt|Thunderbolt|p2a: Sableye
|-damage|p2a: Sableye|20/100
|
|-heal|p2a: Sableye|26/100|[from] item: Leftovers
|upkeep
|turn|25
|inactive|wxcvbb has 120 seconds left.
|
|t:|1779716161
|move|p1a: Raging Bolt|Thunderclap||[still]
|-fail|p1a: Raging Bolt
|move|p2a: Sableye|Will-O-Wisp|p1a: Raging Bolt|[miss]
|-miss|p2a: Sableye|p1a: Raging Bolt
|
|-heal|p2a: Sableye|32/100|[from] item: Leftovers
|upkeep
|turn|26
|
|t:|1779716168
|move|p2a: Sableye|Will-O-Wisp|p1a: Raging Bolt
|-status|p1a: Raging Bolt|brn
|move|p1a: Raging Bolt|Thunderbolt|p2a: Sableye
|-damage|p2a: Sableye|0 fnt
|faint|p2a: Sableye
|
|-damage|p1a: Raging Bolt|56/100 brn|[from] brn
|upkeep
|
|t:|1779716177
|switch|p2a: Ambipom|Ambipom, M, shiny, tera:Normal|25/100
|turn|27
|
|t:|1779716184
|move|p2a: Ambipom|Fake Out|p1a: Raging Bolt
|-damage|p1a: Raging Bolt|13/100 brn
|cant|p1a: Raging Bolt|flinch
|
|-damage|p1a: Raging Bolt|7/100 brn|[from] brn
|upkeep
|turn|28
|
|t:|1779716194
|switch|p2a: Cinderace|Cinderace, M, shiny|32/100
|move|p1a: Raging Bolt|Dragon Pulse|p2a: Cinderace
|-damage|p2a: Cinderace|0 fnt
|faint|p2a: Cinderace
|
|-damage|p1a: Raging Bolt|0 fnt|[from] brn
|faint|p1a: Raging Bolt
|-end|p1a: Raging Bolt|Protosynthesis|[silent]
|upkeep
|
|t:|1779716207
|switch|p2a: Ambipom|Ambipom, M, shiny, tera:Normal|25/100
|switch|p1a: Dragonite|Dragonite, M, tera:Normal|52/100 brn
|-damage|p1a: Dragonite|40/100 brn|[from] Stealth Rock
|turn|29
|
|t:|1779716216
|move|p2a: Ambipom|Fake Out|p1a: Dragonite
|-damage|p1a: Dragonite|0 fnt
|faint|p1a: Dragonite
|
|win|vaxanon
|raw|wxcvbb's rating: 1265 &rarr; <strong>1239</strong><br />(-26 for losing)
|raw|vaxanon's rating: 1248 &rarr; <strong>1274</strong><br />(+26 for winning)
|l|☆wxcvbb
|player|p1|
|l|☆vaxanon
|player|p2|
