|j|☆big bod3
|j|☆miamiaquatic
|t:|1779636129
|gametype|singles
|player|p1|big bod3|marshal|1122
|player|p2|miamiaquatic|brycen|1157
|gen|9
|tier|[Gen 9] OU
|rated|
|rule|HP Percentage Mod: HP is shown in percentages
|rule|Endless Battle Clause: Forcing endless battles is banned
|rule|Species Clause: Limit one of each Pokémon
|rule|OHKO Clause: OHKO moves are banned
|rule|Evasion Items Clause: Evasion items are banned
|rule|Evasion Moves Clause: Evasion moves are banned
|rule|Evasion Abilities Clause: Evasion abilities are banned
|rule|Sleep Moves Clause: Sleep-inducing moves are banned
|clearpoke
|poke|p1|Deoxys-Defense|
|poke|p1|Reuniclus, F|
|poke|p1|Darkrai|
|poke|p1|Gengar, F|
|poke|p1|Glimmora, F|
|poke|p1|Slowking-Galar, F|
|poke|p2|Dragonite, M|
|poke|p2|Clefable, F|
|poke|p2|Scizor, M|
|poke|p2|Ceruledge, M|
|poke|p2|Blastoise, M|
|poke|p2|Umbreon, M|
|teampreview
|j| juliuskingsley003
|
|t:|1779636135
|teamsize|p1|6
|teamsize|p2|6
|start
|switch|p1a: #727|Reuniclus, F|100/100
|switch|p2a: Umbreon|Umbreon, M, shiny|100/100
|turn|1
|
|t:|1779636149
|move|p2a: Umbreon|Thunder Wave|p1a: #727
|-status|p1a: #727|par
|move|p1a: #727|Focus Blast|p2a: Umbreon
|-supereffective|p2a: Umbreon
|-damage|p2a: Umbreon|53/100
|
|-heal|p2a: Umbreon|59/100|[from] item: Leftovers
|upkeep
|turn|2
|
|t:|1779636161
|move|p2a: Umbreon|Confuse Ray|p1a: #727
|-start|p1a: #727|confusion
|-activate|p1a: #727|confusion
|move|p1a: #727|Focus Blast|p2a: Umbreon
|-supereffective|p2a: Umbreon
|-damage|p2a: Umbreon|6/100
|
|-heal|p2a: Umbreon|12/100|[from] item: Leftovers
|upkeep
|turn|3
|l| juliuskingsley003
|
|t:|1779636173
|move|p2a: Umbreon|Bite|p1a: #727
|-supereffective|p1a: #727
|-damage|p1a: #727|71/100 par
|-activate|p1a: #727|confusion
|cant|p1a: #727|par
|
|-heal|p2a: Umbreon|18/100|[from] item: Leftovers
|-heal|p1a: #727|77/100 par|[from] item: Leftovers
|upkeep
|turn|4
|
|t:|1779636182
|move|p2a: Umbreon|Bite|p1a: #727
|-supereffective|p1a: #727
|-damage|p1a: #727|49/100 par
|-activate|p1a: #727|confusion
|cant|p1a: #727|par
|
|-heal|p2a: Umbreon|24/100|[from] item: Leftovers
|-heal|p1a: #727|55/100 par|[from] item: Leftovers
|upkeep
|turn|5
|
|t:|1779636190
|move|p2a: Umbreon|Bite|p1a: #727
|-supereffective|p1a: #727
|-damage|p1a: #727|25/100 par
|-activate|p1a: #727|confusion
|-damage|p1a: #727|19/100 par|[from] confusion
|
|-heal|p2a: Umbreon|30/100|[from] item: Leftovers
|-heal|p1a: #727|25/100 par|[from] item: Leftovers
|upkeep
|turn|6
|
|t:|1779636199
|move|p2a: Umbreon|Bite|p1a: #727
|-supereffective|p1a: #727
|-damage|p1a: #727|0 fnt
|faint|p1a: #727
|
|-heal|p2a: Umbreon|36/100|[from] item: Leftovers
|upkeep
|
|t:|1779636211
|switch|p1a: rai|Darkrai|100/100
|turn|7
|
|t:|1779636216
|move|p1a: rai|Will-O-Wisp|p2a: Umbreon
|-status|p2a: Umbreon|brn
|-activate|p2a: Umbreon|ability: Synchronize
|-status|p1a: rai|brn
|move|p2a: Umbreon|Thunder Wave|p1a: rai|[miss]
|-miss|p2a: Umbreon|p1a: rai
|
|-heal|p2a: Umbreon|42/100 brn|[from] item: Leftovers
|-damage|p1a: rai|94/100 brn|[from] brn
|-damage|p2a: Umbreon|36/100 brn|[from] brn
|upkeep
|turn|8
|
|t:|1779636229
|move|p1a: rai|Hex|p2a: Umbreon
|-resisted|p2a: Umbreon
|-damage|p2a: Umbreon|15/100 brn
|move|p2a: Umbreon|Confuse Ray|p1a: rai
|-start|p1a: rai|confusion
|
|-heal|p1a: rai|100/100 brn|[from] item: Leftovers
|-heal|p2a: Umbreon|21/100 brn|[from] item: Leftovers
|-damage|p1a: rai|94/100 brn|[from] brn
|-damage|p2a: Umbreon|15/100 brn|[from] brn
|upkeep
|turn|9
|
|t:|1779636242
|-activate|p1a: rai|confusion
|move|p1a: rai|Hex|p2a: Umbreon
|-resisted|p2a: Umbreon
|-damage|p2a: Umbreon|0 fnt
|faint|p2a: Umbreon
|
|-heal|p1a: rai|100/100 brn|[from] item: Leftovers
|-damage|p1a: rai|94/100 brn|[from] brn
|upkeep
|
|t:|1779636247
|switch|p2a: Scizor|Scizor, M|100/100
|turn|10
|
|t:|1779636253
|-activate|p1a: rai|confusion
|move|p1a: rai|Will-O-Wisp|p2a: Scizor
|-status|p2a: Scizor|brn
|move|p2a: Scizor|Swords Dance|p2a: Scizor
|-boost|p2a: Scizor|atk|2
|
|-heal|p1a: rai|100/100 brn|[from] item: Leftovers
|-damage|p1a: rai|94/100 brn|[from] brn
|-damage|p2a: Scizor|94/100 brn|[from] brn
|upkeep
|turn|11
|
|t:|1779636269
|-activate|p1a: rai|confusion
|move|p1a: rai|Hex|p2a: Scizor
|-damage|p2a: Scizor|21/100 brn
|-enditem|p2a: Scizor|Sitrus Berry|[eat]
|-heal|p2a: Scizor|46/100 brn|[from] item: Sitrus Berry
|move|p2a: Scizor|Swords Dance|p2a: Scizor
|-boost|p2a: Scizor|atk|2
|
|-heal|p1a: rai|100/100 brn|[from] item: Leftovers
|-damage|p1a: rai|94/100 brn|[from] brn
|-damage|p2a: Scizor|40/100 brn|[from] brn
|upkeep
|turn|12
|
|t:|1779636281
|move|p2a: Scizor|Bullet Punch|p1a: rai
|-damage|p1a: rai|38/100 brn
|-end|p1a: rai|confusion
|move|p1a: rai|Hex|p2a: Scizor
|-damage|p2a: Scizor|0 fnt
|faint|p2a: Scizor
|
|-heal|p1a: rai|44/100 brn|[from] item: Leftovers
|-damage|p1a: rai|38/100 brn|[from] brn
|upkeep
|
|t:|1779636284
|switch|p2a: Blastoise|Blastoise, M|100/100
|turn|13
|
|t:|1779636302
|move|p1a: rai|Thunder Wave|p2a: Blastoise
|-status|p2a: Blastoise|par
|move|p2a: Blastoise|Shell Smash|p2a: Blastoise
|-unboost|p2a: Blastoise|def|1
|-unboost|p2a: Blastoise|spd|1
|-boost|p2a: Blastoise|atk|2
|-boost|p2a: Blastoise|spa|2
|-boost|p2a: Blastoise|spe|2
|-enditem|p2a: Blastoise|White Herb
|-clearnegativeboost|p2a: Blastoise|[silent]
|
|-heal|p1a: rai|44/100 brn|[from] item: Leftovers
|-damage|p1a: rai|38/100 brn|[from] brn
|upkeep
|turn|14
|
|t:|1779636317
|move|p1a: rai|Hex|p2a: Blastoise
|-damage|p2a: Blastoise|43/100 par
|move|p2a: Blastoise|Surf|p1a: rai
|-crit|p1a: rai
|-damage|p1a: rai|0 fnt
|faint|p1a: rai
|
|upkeep
|
|t:|1779636338
|switch|p1a: annadu|Gengar, F|100/100
|turn|15
|inactive|Battle timer is ON: inactive players will automatically lose when time's up. (requested by miamiaquatic)
|
|t:|1779636342
|move|p1a: annadu|Hex|p2a: Blastoise
|-damage|p2a: Blastoise|0 fnt
|faint|p2a: Blastoise
|
|upkeep
|
|t:|1779636348
|switch|p2a: Ceruledge|Ceruledge, M|100/100
|turn|16
|
|t:|1779636367
|-terastallize|p1a: annadu|Fairy
|move|p1a: annadu|Hex|p2a: Ceruledge
|-supereffective|p2a: Ceruledge
|-damage|p2a: Ceruledge|18/100
|move|p2a: Ceruledge|Swords Dance|p2a: Ceruledge
|-boost|p2a: Ceruledge|atk|2
|
|upkeep
|turn|17
|
|t:|1779636376
|move|p2a: Ceruledge|Shadow Sneak|p1a: annadu
|-damage|p1a: annadu|19/100
|move|p1a: annadu|Hex|p2a: Ceruledge
|-supereffective|p2a: Ceruledge
|-damage|p2a: Ceruledge|0 fnt
|faint|p2a: Ceruledge
|
|upkeep
|
|t:|1779636379
|switch|p2a: Dragonite|Dragonite, M|100/100
|turn|18
|
|t:|1779636388
|move|p1a: annadu|Dazzling Gleam|p2a: Dragonite
|-supereffective|p2a: Dragonite
|-damage|p2a: Dragonite|55/100
|move|p2a: Dragonite|Dragon Dance|p2a: Dragonite
|-boost|p2a: Dragonite|atk|1
|-boost|p2a: Dragonite|spe|1
|
|upkeep
|turn|19
|
|t:|1779636395
|move|p2a: Dragonite|Extreme Speed|p1a: annadu
|-damage|p1a: annadu|0 fnt
|-start|p2a: Dragonite|Disable|Extreme Speed|[from] ability: Cursed Body|[of] p1a: annadu
|faint|p1a: annadu
|
|upkeep
|
|t:|1779636407
|switch|p1a: glimmer|Glimmora, F|100/100
|turn|20
|inactive|miamiaquatic has 120 seconds left.
|
|t:|1779636438
|move|p2a: Dragonite|Iron Head|p1a: glimmer
|-supereffective|p1a: glimmer
|-damage|p1a: glimmer|32/100
|-activate|p1a: glimmer|ability: Toxic Debris
|-sidestart|p2: miamiaquatic|move: Toxic Spikes
|move|p1a: glimmer|Mortal Spin|p2a: Dragonite
|-crit|p2a: Dragonite
|-damage|p2a: Dragonite|43/100
|-status|p2a: Dragonite|psn
|-enditem|p2a: Dragonite|Lum Berry|[eat]
|-curestatus|p2a: Dragonite|psn|[msg]
|
|upkeep
|turn|21
|inactive|miamiaquatic has 120 seconds left.
|
|t:|1779636457
|move|p2a: Dragonite|Iron Head|p1a: glimmer
|-supereffective|p1a: glimmer
|-damage|p1a: glimmer|0 fnt
|-activate|p1a: glimmer|ability: Toxic Debris
|-sidestart|p2: miamiaquatic|move: Toxic Spikes
|faint|p1a: glimmer
|
|upkeep
|
|t:|1779636475
|switch|p1a: oxy|Deoxys-Defense|100/100
|-ability|p1a: oxy|Pressure
|turn|22
|l|☆miamiaquatic
|inactive|miamiaquatic disconnected and has a minute to reconnect!
|player|p2|
|j|☆miamiaquatic
|inactive|miamiaquatic reconnected and has 110 seconds left.
|player|p2|miamiaquatic|brycen|
|
|t:|1779636502
|move|p2a: Dragonite|Iron Head|p1a: oxy
|-damage|p1a: oxy|50/100
|move|p1a: oxy|Ice Beam|p2a: Dragonite
|-supereffective|p2a: Dragonite
|-damage|p2a: Dragonite|0 fnt
|faint|p2a: Dragonite
|-damage|p1a: oxy|40/100|[from] item: Life Orb
|
|upkeep
|
|t:|1779636507
|switch|p2a: Clefable|Clefable, F|100/100
|-status|p2a: Clefable|tox
|turn|23
|
|t:|1779636522
|-terastallize|p2a: Clefable|Poison
|move|p1a: oxy|Knock Off|p2a: Clefable
|-damage|p2a: Clefable|75/100 tox
|-enditem|p2a: Clefable|Mirror Herb|[from] move: Knock Off|[of] p1a: oxy
|-damage|p1a: oxy|30/100|[from] item: Life Orb
|move|p2a: Clefable|Cosmic Power|p2a: Clefable
|-boost|p2a: Clefable|def|1
|-boost|p2a: Clefable|spd|1
|
|-damage|p2a: Clefable|69/100 tox|[from] psn
|upkeep
|turn|24
|
|t:|1779636537
|move|p1a: oxy|Drain Punch|p2a: Clefable
|-resisted|p2a: Clefable
|-damage|p2a: Clefable|63/100 tox
|-heal|p1a: oxy|35/100|[from] drain|[of] p2a: Clefable
|-damage|p1a: oxy|25/100|[from] item: Life Orb
|move|p2a: Clefable|Calm Mind|p2a: Clefable
|-boost|p2a: Clefable|spa|1
|-boost|p2a: Clefable|spd|1
|
|-damage|p2a: Clefable|51/100 tox|[from] psn
|upkeep
|turn|25
|
|t:|1779636548
|move|p1a: oxy|Ice Beam|p2a: Clefable
|-damage|p2a: Clefable|42/100 tox
|-damage|p1a: oxy|15/100|[from] item: Life Orb
|move|p2a: Clefable|Draining Kiss|p1a: oxy
|-damage|p1a: oxy|0 fnt
|-heal|p2a: Clefable|50/100 tox|[from] drain|[of] p1a: oxy
|faint|p1a: oxy
|
|-damage|p2a: Clefable|32/100 tox|[from] psn
|upkeep
|
|t:|1779636560
|switch|p1a: bella|Slowking-Galar, F|100/100
|turn|26
|
|t:|1779636569
|move|p2a: Clefable|Stored Power|p1a: bella
|-damage|p1a: bella|75/100
|move|p1a: bella|Sludge Bomb|p2a: Clefable
|-resisted|p2a: Clefable
|-damage|p2a: Clefable|19/100 tox
|-damage|p1a: bella|65/100|[from] item: Life Orb
|
|-damage|p2a: Clefable|0 fnt|[from] psn
|faint|p2a: Clefable
|
|win|big bod3
|raw|big bod3's rating: 1122 &rarr; <strong>1150</strong><br />(+28 for winning)
|raw|miamiaquatic's rating: 1157 &rarr; <strong>1129</strong><br />(-28 for losing)
|l|☆miamiaquatic
|player|p2|
