|j|☆sword over shield
|j|☆ihymyly
|t:|1779687376
|gametype|singles
|player|p1|sword over shield|170|1480
|player|p2|ihymyly|266|1535
|gen|9
|tier|[Gen 9] OU
|rated|
|rule|HP Percentage Mod: HP is shown in percentages
|rule|Endless Battle Clause: Forcing endless battles is banned
|rule|Species Clause: Limit one of each Pokémon
|rule|OHKO Clause: OHKO moves are banned
|rule|Evasion Items Clause: Evasion items are banned
|rule|Evasion Moves Clause: Evasion moves are banned
|rule|Evasion Abilities Clause: Evasion abilities are banned
|rule|Sleep Moves Clause: Sleep-inducing moves are banned
|clearpoke
|poke|p1|Araquanid, F|
|poke|p1|Ceruledge, M|
|poke|p1|Garchomp, F|
|poke|p1|Ogerpon-Wellspring, F|
|poke|p1|Gholdengo|
|poke|p1|Enamorus, F|
|poke|p2|Darkrai|
|poke|p2|Skarmory, M|
|poke|p2|Great Tusk|
|poke|p2|Latios, M|
|poke|p2|Weavile, M|
|poke|p2|Ogerpon-Wellspring, F|
|teampreview
|
|t:|1779687396
|teamsize|p1|6
|teamsize|p2|6
|start
|switch|p1a: Araquanid|Araquanid, F|100/100
|switch|p2a: Ogerpon|Ogerpon-Wellspring, F|100/100
|turn|1
|
|t:|1779687403
|move|p2a: Ogerpon|Knock Off|p1a: Araquanid
|-damage|p1a: Araquanid|58/100
|-enditem|p1a: Araquanid|Mental Herb|[from] move: Knock Off|[of] p2a: Ogerpon
|move|p1a: Araquanid|Leech Life|p2a: Ogerpon
|-supereffective|p2a: Ogerpon
|-damage|p2a: Ogerpon|15/100
|-heal|p1a: Araquanid|96/100|[from] drain|[of] p2a: Ogerpon
|
|upkeep
|turn|2
|
|t:|1779687411
|move|p2a: Ogerpon|Horn Leech|p1a: Araquanid
|-damage|p1a: Araquanid|45/100
|-heal|p2a: Ogerpon|43/100|[from] drain|[of] p1a: Araquanid
|move|p1a: Araquanid|Sticky Web|p2a: Ogerpon
|-sidestart|p2: ihymyly|move: Sticky Web
|
|upkeep
|turn|3
|
|t:|1779687420
|move|p2a: Ogerpon|Horn Leech|p1a: Araquanid
|-damage|p1a: Araquanid|0 fnt
|-heal|p2a: Ogerpon|69/100|[from] drain|[of] p1a: Araquanid
|faint|p1a: Araquanid
|
|upkeep
|
|t:|1779687429
|switch|p1a: Enamorus|Enamorus, F|100/100
|turn|4
|
|t:|1779687461
|move|p2a: Ogerpon|Ivy Cudgel|p1a: Enamorus|[anim] Ivy Cudgel Water
|-damage|p1a: Enamorus|14/100
|move|p1a: Enamorus|Moonblast|p2a: Ogerpon
|-damage|p2a: Ogerpon|0 fnt
|faint|p2a: Ogerpon
|
|upkeep
|
|t:|1779687466
|switch|p2a: Mr. -ice Guy|Weavile, M|100/100
|-ability|p2a: Mr. -ice Guy|Pressure
|turn|5
|
|t:|1779687477
|move|p2a: Mr. -ice Guy|Knock Off|p1a: Enamorus
|-resisted|p1a: Enamorus
|-damage|p1a: Enamorus|0 fnt
|-enditem|p1a: Enamorus|Choice Specs|[from] move: Knock Off|[of] p2a: Mr. -ice Guy
|faint|p1a: Enamorus
|
|upkeep
|
|t:|1779687498
|switch|p1a: Garchomp|Garchomp, F|100/100
|turn|6
|
|t:|1779687521
|-terastallize|p1a: Garchomp|Fire
|move|p2a: Mr. -ice Guy|Swords Dance|p2a: Mr. -ice Guy
|-boost|p2a: Mr. -ice Guy|atk|2
|move|p1a: Garchomp|Swords Dance|p1a: Garchomp
|-boost|p1a: Garchomp|atk|2
|
|upkeep
|turn|7
|
|t:|1779687529
|move|p2a: Mr. -ice Guy|Knock Off|p1a: Garchomp
|-damage|p1a: Garchomp|1/100
|-damage|p2a: Mr. -ice Guy|88/100|[from] ability: Rough Skin|[of] p1a: Garchomp
|-enditem|p1a: Garchomp|Loaded Dice|[from] move: Knock Off|[of] p2a: Mr. -ice Guy
|move|p1a: Garchomp|Scale Shot|p2a: Mr. -ice Guy
|-damage|p2a: Mr. -ice Guy|41/100
|-damage|p2a: Mr. -ice Guy|0 fnt
|faint|p2a: Mr. -ice Guy
|-hitcount|p2: Mr. -ice Guy|2
|-unboost|p1a: Garchomp|def|1
|-boost|p1a: Garchomp|spe|1
|
|upkeep
|
|t:|1779687540
|switch|p2a: Red Bull|Skarmory, M|100/100
|turn|8
|
|t:|1779687545
|move|p1a: Garchomp|Fire Fang|p2a: Red Bull
|-supereffective|p2a: Red Bull
|-damage|p2a: Red Bull|8/100
|-damage|p1a: Garchomp|0 fnt|[from] item: Rocky Helmet|[of] p2a: Red Bull
|faint|p1a: Garchomp
|move|p2a: Red Bull|Spikes|p1: Garchomp
|-sidestart|p1: sword over shield|Spikes
|
|upkeep
|
|t:|1779687553
|switch|p1a: Ceruledge|Ceruledge, M|100/100
|-damage|p1a: Ceruledge|88/100|[from] Spikes
|turn|9
|
|t:|1779687558
|switch|p2a: Primal Schnoz|Great Tusk|100/100
|move|p1a: Ceruledge|Swords Dance|p1a: Ceruledge
|-boost|p1a: Ceruledge|atk|2
|
|upkeep
|turn|10
|
|t:|1779687566
|move|p2a: Primal Schnoz|Headlong Rush|p1a: Ceruledge
|-supereffective|p1a: Ceruledge
|-damage|p1a: Ceruledge|0 fnt
|-unboost|p2a: Primal Schnoz|def|1
|-unboost|p2a: Primal Schnoz|spd|1
|faint|p1a: Ceruledge
|
|upkeep
|
|t:|1779687570
|switch|p1a: Ogerpon|Ogerpon-Wellspring, F|100/100
|-damage|p1a: Ogerpon|88/100|[from] Spikes
|turn|11
|
|t:|1779687576
|move|p1a: Ogerpon|Swords Dance|p1a: Ogerpon
|-boost|p1a: Ogerpon|atk|2
|move|p2a: Primal Schnoz|Rapid Spin|p1a: Ogerpon
|-damage|p1a: Ogerpon|68/100
|-boost|p2a: Primal Schnoz|spe|1
|-sideend|p2: ihymyly|Sticky Web|[from] move: Rapid Spin|[of] p2a: Primal Schnoz
|
|upkeep
|turn|12
|
|t:|1779687583
|-end|p2a: Primal Schnoz|Protosynthesis|[silent]
|switch|p2a: Red Bull|Skarmory, M|8/100
|move|p1a: Ogerpon|Ivy Cudgel|p2a: Red Bull|[anim] Ivy Cudgel Water
|-damage|p2a: Red Bull|0 fnt
|faint|p2a: Red Bull
|
|upkeep
|
|t:|1779687589
|switch|p2a: Latios|Latios, M|100/100
|turn|13
|
|t:|1779687592
|move|p2a: Latios|Draco Meteor|p1a: Ogerpon
|-damage|p1a: Ogerpon|0 fnt
|-unboost|p2a: Latios|spa|2
|faint|p1a: Ogerpon
|
|upkeep
|
|t:|1779687599
|switch|p1a: Gholdengo|Gholdengo|100/100
|-damage|p1a: Gholdengo|88/100|[from] Spikes
|turn|14
|
|t:|1779687611
|switch|p2a: almost*evil*jordan|Darkrai, shiny|100/100
|move|p1a: Gholdengo|Dazzling Gleam|p2a: almost*evil*jordan
|-supereffective|p2a: almost*evil*jordan
|-damage|p2a: almost*evil*jordan|35/100
|
|-heal|p2a: almost*evil*jordan|41/100|[from] item: Leftovers
|upkeep
|turn|15
|
|t:|1779687629
|-terastallize|p2a: almost*evil*jordan|Poison
|move|p1a: Gholdengo|Dazzling Gleam|p2a: almost*evil*jordan
|-resisted|p2a: almost*evil*jordan
|-damage|p2a: almost*evil*jordan|23/100
|move|p2a: almost*evil*jordan|Dark Pulse|p1a: Gholdengo
|-supereffective|p1a: Gholdengo
|-damage|p1a: Gholdengo|2/100
|
|-heal|p2a: almost*evil*jordan|29/100|[from] item: Leftovers
|upkeep
|turn|16
|-message|sword over shield forfeited.
|
|win|ihymyly
|raw|sword over shield's rating: 1480 &rarr; <strong>1461</strong><br />(-19 for losing)
|raw|ihymyly's rating: 1504 &rarr; <strong>1523</strong><br />(+19 for winning)
|l|☆sword over shield
|player|p1|
|l|☆ihymyly
|player|p2|
