|j|☆PikaMax9
|j|☆SpidrGamerYT
|t:|1779631919
|gametype|singles
|player|p1|PikaMax9|unknown|1091
|player|p2|SpidrGamerYT|pokekid|1087
|gen|9
|tier|[Gen 9] OU
|rated|
|rule|HP Percentage Mod: HP is shown in percentages
|rule|Endless Battle Clause: Forcing endless battles is banned
|rule|Species Clause: Limit one of each Pokémon
|rule|OHKO Clause: OHKO moves are banned
|rule|Evasion Items Clause: Evasion items are banned
|rule|Evasion Moves Clause: Evasion moves are banned
|rule|Evasion Abilities Clause: Evasion abilities are banned
|rule|Sleep Moves Clause: Sleep-inducing moves are banned
|clearpoke
|poke|p1|Gliscor, F|
|poke|p1|Ogerpon-Cornerstone, F|
|poke|p1|Iron Valiant|
|poke|p1|Dragapult, M|
|poke|p1|Iron Moth|
|poke|p1|Scizor, M|
|poke|p2|Meowscarada, F|
|poke|p2|Raichu, M|
|poke|p2|Ceruledge, M|
|poke|p2|Clawitzer, M|
|poke|p2|Krookodile, M|
|poke|p2|Noivern, M|
|teampreview
|
|t:|1779631935
|teamsize|p1|6
|teamsize|p2|6
|start
|switch|p1a: Dragapult|Dragapult, M|100/100
|switch|p2a: Clawitzer|Clawitzer, M|100/100
|turn|1
|
|t:|1779631944
|move|p1a: Dragapult|Thunderbolt|p2a: Clawitzer
|-supereffective|p2a: Clawitzer
|-damage|p2a: Clawitzer|24/100
|move|p2a: Clawitzer|Dragon Pulse|p1a: Dragapult
|-supereffective|p1a: Dragapult
|-damage|p1a: Dragapult|0 fnt
|faint|p1a: Dragapult
|
|upkeep
|
|t:|1779631967
|switch|p1a: Scizor|Scizor, M|100/100
|turn|2
|
|t:|1779631976
|move|p2a: Clawitzer|Water Pulse|p1a: Scizor
|-damage|p1a: Scizor|50/100
|move|p1a: Scizor|Substitute|p1a: Scizor
|-start|p1a: Scizor|Substitute
|-damage|p1a: Scizor|25/100
|
|-heal|p1a: Scizor|31/100|[from] item: Leftovers
|upkeep
|turn|3
|
|t:|1779631984
|move|p2a: Clawitzer|Dark Pulse|p1a: Scizor
|-end|p1a: Scizor|Substitute
|move|p1a: Scizor|Swords Dance|p1a: Scizor
|-boost|p1a: Scizor|atk|2
|
|-heal|p1a: Scizor|37/100|[from] item: Leftovers
|upkeep
|turn|4
|
|t:|1779631996
|move|p1a: Scizor|Bullet Punch|p2a: Clawitzer
|-resisted|p2a: Clawitzer
|-damage|p2a: Clawitzer|0 fnt
|faint|p2a: Clawitzer
|
|-heal|p1a: Scizor|43/100|[from] item: Leftovers
|upkeep
|
|t:|1779632003
|switch|p2a: Ceruledge|Ceruledge, M|100/100
|turn|5
|
|t:|1779632006
|move|p1a: Scizor|Bullet Punch|p2a: Ceruledge
|-resisted|p2a: Ceruledge
|-crit|p2a: Ceruledge
|-damage|p2a: Ceruledge|42/100
|-ability|p2a: Ceruledge|Weak Armor|boost
|-unboost|p2a: Ceruledge|def|1
|-boost|p2a: Ceruledge|spe|2
|move|p2a: Ceruledge|Bitter Blade|p1a: Scizor
|-supereffective|p1a: Scizor
|-damage|p1a: Scizor|0 fnt
|-heal|p2a: Ceruledge|63/100|[from] drain|[of] p1a: Scizor
|faint|p1a: Scizor
|
|upkeep
|
|t:|1779632024
|switch|p1a: Gliscor|Gliscor, F|100/100
|turn|6
|
|t:|1779632029
|move|p2a: Ceruledge|Psycho Cut|p1a: Gliscor
|-damage|p1a: Gliscor|81/100
|move|p1a: Gliscor|Earthquake|p2a: Ceruledge
|-supereffective|p2a: Ceruledge
|-damage|p2a: Ceruledge|0 fnt
|faint|p2a: Ceruledge
|
|upkeep
|
|t:|1779632035
|switch|p2a: Meowscarada|Meowscarada, F|100/100
|turn|7
|
|t:|1779632046
|switch|p1a: Ogerpon|Ogerpon-Cornerstone, F|100/100
|move|p2a: Meowscarada|Flower Trick|p1a: Ogerpon
|-crit|p1a: Ogerpon
|-damage|p1a: Ogerpon|41/100
|
|upkeep
|turn|8
|
|t:|1779632058
|move|p1a: Ogerpon|Rock Tomb|p2a: Meowscarada
|-damage|p2a: Meowscarada|48/100
|-unboost|p2a: Meowscarada|spe|1
|move|p2a: Meowscarada|Shadow Claw|p1a: Ogerpon
|-damage|p1a: Ogerpon|14/100
|
|upkeep
|turn|9
|
|t:|1779632066
|move|p1a: Ogerpon|Horn Leech|p2a: Meowscarada
|-resisted|p2a: Meowscarada
|-damage|p2a: Meowscarada|16/100
|-heal|p1a: Ogerpon|29/100|[from] drain|[of] p2a: Meowscarada
|move|p2a: Meowscarada|Flower Trick|p1a: Ogerpon
|-crit|p1a: Ogerpon
|-damage|p1a: Ogerpon|0 fnt
|faint|p1a: Ogerpon
|
|upkeep
|
|t:|1779632078
|switch|p1a: Iron Moth|Iron Moth|100/100
|turn|10
|
|t:|1779632089
|move|p1a: Iron Moth|Fiery Dance|p2a: Meowscarada
|-supereffective|p2a: Meowscarada
|-damage|p2a: Meowscarada|0 fnt
|faint|p2a: Meowscarada
|
|upkeep
|
|t:|1779632096
|switch|p2a: Krookodile|Krookodile, M|100/100
|turn|11
|
|t:|1779632108
|move|p1a: Iron Moth|Fiery Dance|p2a: Krookodile
|-damage|p2a: Krookodile|42/100
|move|p2a: Krookodile|Earthquake|p1a: Iron Moth
|-supereffective|p1a: Iron Moth
|-damage|p1a: Iron Moth|0 fnt
|faint|p1a: Iron Moth
|-end|p1a: Iron Moth|Quark Drive|[silent]
|
|upkeep
|
|t:|1779632118
|switch|p1a: Iron Valiant|Iron Valiant|100/100
|turn|12
|
|t:|1779632127
|move|p1a: Iron Valiant|Dazzling Gleam|p2a: Krookodile
|-supereffective|p2a: Krookodile
|-damage|p2a: Krookodile|0 fnt
|faint|p2a: Krookodile
|-damage|p1a: Iron Valiant|91/100|[from] item: Life Orb
|
|upkeep
|
|t:|1779632131
|switch|p2a: Raichu|Raichu, M|100/100
|turn|13
|
|t:|1779632138
|-end|p1a: Iron Valiant|Quark Drive|[silent]
|switch|p1a: Gliscor|Gliscor, F|81/100
|move|p2a: Raichu|Iron Tail|p1a: Gliscor
|-damage|p1a: Gliscor|54/100
|-unboost|p1a: Gliscor|def|1
|
|upkeep
|turn|14
|
|t:|1779632144
|move|p2a: Raichu|Trailblaze|p1a: Gliscor
|-damage|p1a: Gliscor|34/100
|-boost|p2a: Raichu|spe|1
|move|p1a: Gliscor|Earthquake|p2a: Raichu
|-supereffective|p2a: Raichu
|-damage|p2a: Raichu|0 fnt
|faint|p2a: Raichu
|
|upkeep
|
|t:|1779632147
|switch|p2a: Noivern|Noivern, M|100/100
|turn|15
|
|t:|1779632157
|-terastallize|p2a: Noivern|Flying
|move|p1a: Gliscor|Knock Off|p2a: Noivern
|-damage|p2a: Noivern|80/100
|move|p2a: Noivern|Hurricane|p1a: Gliscor
|-damage|p1a: Gliscor|0 fnt
|faint|p1a: Gliscor
|
|upkeep
|
|t:|1779632164
|switch|p1a: Iron Valiant|Iron Valiant|91/100
|turn|16
|
|t:|1779632176
|move|p1a: Iron Valiant|Dazzling Gleam|p2a: Noivern
|-damage|p2a: Noivern|21/100
|-damage|p1a: Iron Valiant|81/100|[from] item: Life Orb
|move|p2a: Noivern|Hurricane|p1a: Iron Valiant
|-supereffective|p1a: Iron Valiant
|-damage|p1a: Iron Valiant|0 fnt
|faint|p1a: Iron Valiant
|-end|p1a: Iron Valiant|Quark Drive|[silent]
|
|win|SpidrGamerYT
|raw|PikaMax9's rating: 1091 &rarr; <strong>1067</strong><br />(-24 for losing)
|raw|SpidrGamerYT's rating: 1087 &rarr; <strong>1114</strong><br />(+27 for winning)
|l|☆PikaMax9
|player|p1|
|l|☆SpidrGamerYT
|player|p2|
