|badge|p1|bronze|gen9randombattle|100-9
|uhtml|medal-msg|<div class="broadcast-blue">Curious what those medals under the avatar are? PS now has Ladder Seasons! For more information, check out the <a href="https://www.smogon.com/forums/threads/3740067/">thread on Smogon.</a></div>
|j|☆Gloriousplays
|j|☆Mortifi
|t:|1779648362
|gametype|singles
|player|p1|Gloriousplays|ash|1595
|player|p2|Mortifi|pokemaniac|1617
|gen|9
|tier|[Gen 9] OU
|rated|
|rule|HP Percentage Mod: HP is shown in percentages
|rule|Endless Battle Clause: Forcing endless battles is banned
|rule|Species Clause: Limit one of each Pokémon
|rule|OHKO Clause: OHKO moves are banned
|rule|Evasion Items Clause: Evasion items are banned
|rule|Evasion Moves Clause: Evasion moves are banned
|rule|Evasion Abilities Clause: Evasion abilities are banned
|rule|Sleep Moves Clause: Sleep-inducing moves are banned
|clearpoke
|poke|p1|Hoopa|
|poke|p1|Cinderace, M|
|poke|p1|Mandibuzz, F|
|poke|p1|Kyurem|
|poke|p1|Ting-Lu|
|poke|p1|Manaphy|
|poke|p2|Zapdos-Galar|
|poke|p2|Slowking-Galar, F|
|poke|p2|Alomomola, M|
|poke|p2|Great Tusk|
|poke|p2|Weavile, F|
|poke|p2|Skarmory, F|
|teampreview
|inactive|Battle timer is ON: inactive players will automatically lose when time's up. (requested by Mortifi)
|
|t:|1779648378
|teamsize|p1|6
|teamsize|p2|6
|start
|switch|p1a: Ting-Lucifer|Ting-Lu|100/100
|switch|p2a: Zapdos|Zapdos-Galar|100/100
|-ability|p1a: Ting-Lucifer|Vessel of Ruin
|turn|1
|inactive|Gloriousplays has 120 seconds left.
|
|t:|1779648420
|switch|p1a: Mandibuzz|Mandibuzz, F, shiny|100/100
|move|p2a: Zapdos|Thunderous Kick|p1a: Mandibuzz
|-damage|p1a: Mandibuzz|75/100
|-unboost|p1a: Mandibuzz|def|1
|
|upkeep
|turn|2
|
|t:|1779648431
|switch|p1a: Hoopa|Hoopa|100/100
|move|p2a: Zapdos|Thunderous Kick|p1a: Hoopa
|-immune|p1a: Hoopa
|
|upkeep
|turn|3
|inactive|Gloriousplays has 120 seconds left.
|
|t:|1779648446
|move|p2a: Zapdos|Knock Off|p1a: Hoopa
|-supereffective|p1a: Hoopa
|-damage|p1a: Hoopa|0 fnt
|-enditem|p1a: Hoopa|Aguav Berry|[from] move: Knock Off|[of] p2a: Zapdos
|faint|p1a: Hoopa
|
|upkeep
|
|t:|1779648449
|switch|p1a: Kyurem|Kyurem|100/100
|-ability|p1a: Kyurem|Pressure
|turn|4
|
|t:|1779648462
|switch|p2a: Slowking|Slowking-Galar, F|100/100
|move|p1a: Kyurem|Ice Beam|p2a: Slowking
|-damage|p2a: Slowking|73/100
|
|upkeep
|turn|5
|
|t:|1779648473
|switch|p1a: Ting-Lucifer|Ting-Lu|100/100
|-ability|p1a: Ting-Lucifer|Vessel of Ruin
|-prepare|p2a: Slowking|Chilly Reception|[premajor]
|move|p2a: Slowking|Chilly Reception|p2a: Slowking
|-weather|Snowscape
|inactive|Mortifi has 120 seconds left.
|
|t:|1779648515
|switch|p2a: Zapdos|Zapdos-Galar|100/100|[from] Chilly Reception
|
|-weather|Snowscape|[upkeep]
|upkeep
|turn|6
|
|t:|1779648534
|-terastallize|p1a: Ting-Lucifer|Steel
|move|p2a: Zapdos|Thunderous Kick|p1a: Ting-Lucifer
|-supereffective|p1a: Ting-Lucifer
|-damage|p1a: Ting-Lucifer|46/100
|-unboost|p1a: Ting-Lucifer|def|1
|-enditem|p1a: Ting-Lucifer|Weakness Policy
|-boost|p1a: Ting-Lucifer|atk|2|[from] item: Weakness Policy
|-boost|p1a: Ting-Lucifer|spa|2|[from] item: Weakness Policy
|move|p1a: Ting-Lucifer|Heavy Slam|p2a: Zapdos
|-damage|p2a: Zapdos|0 fnt
|faint|p2a: Zapdos
|
|-weather|Snowscape|[upkeep]
|upkeep
|
|t:|1779648554
|switch|p2a: Great Tusk|Great Tusk|100/100
|turn|7
|
|t:|1779648559
|switch|p1a: Kyurem|Kyurem|100/100
|-ability|p1a: Kyurem|Pressure
|move|p2a: Great Tusk|Headlong Rush|p1a: Kyurem
|-damage|p1a: Kyurem|60/100
|-unboost|p2a: Great Tusk|def|1
|-unboost|p2a: Great Tusk|spd|1
|
|-weather|Snowscape|[upkeep]
|upkeep
|turn|8
|
|t:|1779648571
|-end|p2a: Great Tusk|Protosynthesis|[silent]
|switch|p2a: Slowking|Slowking-Galar, F|100/100
|move|p1a: Kyurem|Freeze-Dry|p2a: Slowking
|-damage|p2a: Slowking|79/100
|
|-weather|Snowscape|[upkeep]
|upkeep
|turn|9
|inactive|Mortifi has 120 seconds left.
|
|t:|1779648580
|switch|p1a: Ting-Lucifer|Ting-Lu, tera:Steel|46/100
|-ability|p1a: Ting-Lucifer|Vessel of Ruin
|move|p2a: Slowking|Thunder Wave|p1a: Ting-Lucifer
|-status|p1a: Ting-Lucifer|par
|
|-weather|none
|upkeep
|turn|10
|inactive|Mortifi has 120 seconds left.
|inactive|Gloriousplays has 120 seconds left.
|
|t:|1779648638
|switch|p2a: Skarmory|Skarmory, F|100/100
|move|p1a: Ting-Lucifer|Earthquake|p2a: Skarmory
|-immune|p2a: Skarmory
|
|upkeep
|turn|11
|inactive|Mortifi has 120 seconds left.
|
|t:|1779648643
|move|p2a: Skarmory|Spikes|p1a: Ting-Lucifer
|-sidestart|p1: Gloriousplays|Spikes
|move|p1a: Ting-Lucifer|Stealth Rock|p2a: Skarmory
|-sidestart|p2: Mortifi|move: Stealth Rock
|
|upkeep
|turn|12
|
|t:|1779648660
|switch|p1a: Cinderace|Cinderace, M|100/100
|-damage|p1a: Cinderace|88/100|[from] Spikes
|move|p2a: Skarmory|Spikes|p1a: Cinderace
|-sidestart|p1: Gloriousplays|Spikes
|
|upkeep
|turn|13
|inactive|Mortifi has 120 seconds left.
|
|t:|1779648697
|switch|p2a: Alomomola|Alomomola, M|100/100
|-damage|p2a: Alomomola|88/100|[from] Stealth Rock
|move|p1a: Cinderace|Pyro Ball|p2a: Alomomola
|-resisted|p2a: Alomomola
|-damage|p2a: Alomomola|67/100
|
|upkeep
|turn|14
|
|t:|1779648706
|move|p1a: Cinderace|U-turn|p2a: Alomomola
|-start|p1a: Cinderace|typechange|Bug|[from] ability: Libero
|-crit|p2a: Alomomola
|-damage|p2a: Alomomola|38/100
|
|t:|1779648719
|switch|p1a: Manaphy|Manaphy|100/100|[from] U-turn
|-damage|p1a: Manaphy|84/100|[from] Spikes
|move|p2a: Alomomola|Flip Turn|p1a: Manaphy
|-resisted|p1a: Manaphy
|-damage|p1a: Manaphy|77/100
|
|t:|1779648732
|switch|p2a: Weavile|Weavile, F|100/100|[from] Flip Turn
|-damage|p2a: Weavile|76/100|[from] Stealth Rock
|-ability|p2a: Weavile|Pressure
|
|-heal|p1a: Manaphy|83/100|[from] item: Leftovers
|upkeep
|turn|15
|
|t:|1779648739
|switch|p1a: Ting-Lucifer|Ting-Lu, tera:Steel|46/100 par
|-damage|p1a: Ting-Lucifer|29/100 par|[from] Spikes
|-ability|p1a: Ting-Lucifer|Vessel of Ruin
|move|p2a: Weavile|Knock Off|p1a: Ting-Lucifer
|-damage|p1a: Ting-Lucifer|0 fnt
|faint|p1a: Ting-Lucifer
|
|upkeep
|
|t:|1779648757
|switch|p1a: Mandibuzz|Mandibuzz, F, shiny|75/100
|turn|16
|
|t:|1779648767
|switch|p2a: Alomomola|Alomomola, M|72/100
|-damage|p2a: Alomomola|59/100|[from] Stealth Rock
|move|p1a: Mandibuzz|Foul Play|p2a: Alomomola
|-damage|p2a: Alomomola|44/100
|
|upkeep
|turn|17
|
|t:|1779648773
|move|p1a: Mandibuzz|Toxic|p2a: Alomomola
|-status|p2a: Alomomola|tox
|move|p2a: Alomomola|Flip Turn|p1a: Mandibuzz
|-damage|p1a: Mandibuzz|65/100
|-damage|p2a: Alomomola|28/100 tox|[from] item: Rocky Helmet|[of] p1a: Mandibuzz
|
|t:|1779648780
|switch|p2a: Great Tusk|Great Tusk|100/100|[from] Flip Turn
|
|upkeep
|turn|18
|
|t:|1779648788
|move|p2a: Great Tusk|Rapid Spin|p1a: Mandibuzz
|-damage|p1a: Mandibuzz|54/100
|-boost|p2a: Great Tusk|spe|1
|-damage|p2a: Great Tusk|84/100|[from] item: Rocky Helmet|[of] p1a: Mandibuzz
|-sideend|p2: Mortifi|Stealth Rock|[from] move: Rapid Spin|[of] p2a: Great Tusk
|move|p1a: Mandibuzz|Toxic|p2a: Great Tusk
|-status|p2a: Great Tusk|tox
|
|-damage|p2a: Great Tusk|78/100 tox|[from] psn
|upkeep
|turn|19
|
|t:|1779648797
|-end|p2a: Great Tusk|Protosynthesis|[silent]
|switch|p2a: Alomomola|Alomomola, M|61/100 tox
|move|p1a: Mandibuzz|Roost|p1a: Mandibuzz
|-heal|p1a: Mandibuzz|100/100
|-singleturn|p1a: Mandibuzz|move: Roost
|
|-damage|p2a: Alomomola|55/100 tox|[from] psn
|upkeep
|turn|20
|j| hattybatty304
|inactive|Gloriousplays has 120 seconds left.
|
|t:|1779648848
|move|p1a: Mandibuzz|Foul Play|p2a: Alomomola
|-damage|p2a: Alomomola|39/100 tox
|move|p2a: Alomomola|Flip Turn|p1a: Mandibuzz
|-damage|p1a: Mandibuzz|92/100
|-damage|p2a: Alomomola|22/100 tox|[from] item: Rocky Helmet|[of] p1a: Mandibuzz
|
|t:|1779648855
|switch|p2a: Weavile|Weavile, F|76/100|[from] Flip Turn
|-ability|p2a: Weavile|Pressure
|
|upkeep
|turn|21
|
|t:|1779648864
|move|p2a: Weavile|Ice Spinner|p1a: Mandibuzz
|-supereffective|p1a: Mandibuzz
|-damage|p1a: Mandibuzz|19/100
|-damage|p2a: Weavile|59/100|[from] item: Rocky Helmet|[of] p1a: Mandibuzz
|move|p1a: Mandibuzz|Foul Play|p2a: Weavile
|-resisted|p2a: Weavile
|-damage|p2a: Weavile|15/100
|
|upkeep
|turn|22
|
|t:|1779648873
|move|p2a: Weavile|Ice Spinner|p1a: Mandibuzz
|-supereffective|p1a: Mandibuzz
|-damage|p1a: Mandibuzz|0 fnt
|-damage|p2a: Weavile|0 fnt|[from] item: Rocky Helmet|[of] p1a: Mandibuzz
|faint|p1a: Mandibuzz
|faint|p2a: Weavile
|
|upkeep
|
|t:|1779648892
|switch|p2a: Skarmory|Skarmory, F|100/100
|switch|p1a: Manaphy|Manaphy|83/100
|-damage|p1a: Manaphy|67/100|[from] Spikes
|turn|23
|
|t:|1779648897
|move|p1a: Manaphy|Scald|p2a: Skarmory
|-damage|p2a: Skarmory|61/100
|move|p2a: Skarmory|Whirlwind|p1a: Manaphy
|drag|p1a: Kyurem|Kyurem|60/100
|-damage|p1a: Kyurem|43/100|[from] Spikes
|-ability|p1a: Kyurem|Pressure
|
|upkeep
|turn|24
|
|t:|1779648906
|switch|p2a: Slowking|Slowking-Galar, F|100/100
|move|p1a: Kyurem|Ice Beam|p2a: Slowking
|-crit|p2a: Slowking
|-damage|p2a: Slowking|59/100
|
|upkeep
|turn|25
|
|t:|1779648913
|switch|p1a: Cinderace|Cinderace, M|88/100
|-damage|p1a: Cinderace|72/100|[from] Spikes
|move|p2a: Slowking|Sludge Bomb|p1a: Cinderace
|-damage|p1a: Cinderace|23/100
|
|upkeep
|turn|26
|
|t:|1779648927
|switch|p2a: Alomomola|Alomomola, M|56/100 tox
|move|p1a: Cinderace|Court Change|p1a: Cinderace
|-start|p1a: Cinderace|typechange|Normal|[from] ability: Libero
|-swapsideconditions
|-activate|p1a: Cinderace|move: Court Change
|
|-damage|p2a: Alomomola|49/100 tox|[from] psn
|upkeep
|turn|27
|
|t:|1779648935
|move|p1a: Cinderace|U-turn|p2a: Alomomola
|-damage|p2a: Alomomola|35/100 tox
|j| Weleedo
|inactive|Gloriousplays has 120 seconds left.
|
|t:|1779648974
|switch|p1a: Manaphy|Manaphy|67/100|[from] U-turn
|move|p2a: Alomomola|Flip Turn|p1a: Manaphy
|-resisted|p1a: Manaphy
|-damage|p1a: Manaphy|61/100
|
|t:|1779648987
|switch|p2a: Great Tusk|Great Tusk|78/100 tox|[from] Flip Turn
|
|-heal|p1a: Manaphy|67/100|[from] item: Leftovers
|-damage|p2a: Great Tusk|72/100 tox|[from] psn
|upkeep
|turn|28
|
|t:|1779648993
|move|p1a: Manaphy|Scald|p2a: Great Tusk
|-supereffective|p2a: Great Tusk
|-damage|p2a: Great Tusk|0 fnt
|faint|p2a: Great Tusk
|-end|p2a: Great Tusk|Protosynthesis|[silent]
|
|-heal|p1a: Manaphy|73/100|[from] item: Leftovers
|upkeep
|
|t:|1779649001
|switch|p2a: Slowking|Slowking-Galar, F|92/100
|turn|29
|inactive|Gloriousplays has 120 seconds left.
|
|t:|1779649026
|switch|p1a: Cinderace|Cinderace, M|23/100
|move|p2a: Slowking|Sludge Bomb|p1a: Cinderace
|-damage|p1a: Cinderace|0 fnt
|faint|p1a: Cinderace
|
|upkeep
|inactive|Gloriousplays has 120 seconds left.
|
|t:|1779649034
|switch|p1a: Manaphy|Manaphy|73/100
|turn|30
|l| Weleedo
|j| Weleedo
|l| Weleedo
|
|t:|1779649061
|move|p1a: Manaphy|Tail Glow|p1a: Manaphy
|-boost|p1a: Manaphy|spa|3
|move|p2a: Slowking|Sludge Bomb|p1a: Manaphy
|-damage|p1a: Manaphy|45/100
|
|-heal|p1a: Manaphy|51/100|[from] item: Leftovers
|upkeep
|turn|31
|
|t:|1779649068
|move|p1a: Manaphy|Take Heart|p1a: Manaphy
|-boost|p1a: Manaphy|spa|1
|-boost|p1a: Manaphy|spd|1
|move|p2a: Slowking|Sludge Bomb|p1a: Manaphy
|-damage|p1a: Manaphy|30/100
|
|-heal|p1a: Manaphy|36/100|[from] item: Leftovers
|upkeep
|turn|32
|
|t:|1779649076
|move|p1a: Manaphy|Scald|p2a: Slowking
|-damage|p2a: Slowking|46/100
|-status|p2a: Slowking|brn
|move|p2a: Slowking|Sludge Bomb|p1a: Manaphy
|-damage|p1a: Manaphy|18/100
|
|-heal|p1a: Manaphy|25/100|[from] item: Leftovers
|-damage|p2a: Slowking|40/100 brn|[from] brn
|upkeep
|turn|33
|
|t:|1779649085
|-terastallize|p2a: Slowking|Water
|move|p1a: Manaphy|Scald|p2a: Slowking
|-resisted|p2a: Slowking
|-damage|p2a: Slowking|13/100 brn
|move|p2a: Slowking|Sludge Bomb|p1a: Manaphy
|-damage|p1a: Manaphy|5/100
|-status|p1a: Manaphy|psn
|
|-heal|p1a: Manaphy|11/100 psn|[from] item: Leftovers
|-damage|p1a: Manaphy|0 fnt|[from] psn
|faint|p1a: Manaphy
|-damage|p2a: Slowking|7/100 brn|[from] brn
|upkeep
|
|t:|1779649094
|switch|p1a: Kyurem|Kyurem|43/100
|-ability|p1a: Kyurem|Pressure
|turn|34
|inactive|Mortifi has 120 seconds left.
|inactive|Mortifi has 90 seconds left.
|
|t:|1779649162
|switch|p2a: Alomomola|Alomomola, M|69/100 tox
|-damage|p2a: Alomomola|52/100 tox|[from] Spikes
|move|p1a: Kyurem|Freeze-Dry|p2a: Alomomola
|-supereffective|p2a: Alomomola
|-damage|p2a: Alomomola|0 fnt
|faint|p2a: Alomomola
|
|upkeep
|
|t:|1779649169
|switch|p2a: Skarmory|Skarmory, F|61/100
|turn|35
|inactive|Mortifi has 90 seconds left.
|
|t:|1779649179
|move|p1a: Kyurem|Freeze-Dry|p2a: Skarmory
|-crit|p2a: Skarmory
|-damage|p2a: Skarmory|0 fnt
|faint|p2a: Skarmory
|
|upkeep
|inactive|Mortifi has 90 seconds left.
|
|t:|1779649185
|switch|p2a: Slowking|Slowking-Galar, F, tera:Water|40/100 brn
|turn|36
|
|t:|1779649198
|move|p1a: Kyurem|Freeze-Dry|p2a: Slowking
|-supereffective|p2a: Slowking
|-damage|p2a: Slowking|0 fnt
|faint|p2a: Slowking
|
|win|Gloriousplays
|raw|Gloriousplays's rating: 1595 &rarr; <strong>1616</strong><br />(+21 for winning)
|raw|Mortifi's rating: 1617 &rarr; <strong>1596</strong><br />(-21 for losing)
|l|☆Mortifi
|player|p2|
|l| hattybatty304
|l|☆Gloriousplays
|player|p1|
