|j|☆lapadaseca
|j|☆DropAFreezeDry
|t:|1779587696
|gametype|singles
|player|p1|lapadaseca|janitor|1389
|player|p2|DropAFreezeDry|candice|1364
|gen|9
|tier|[Gen 9] OU
|rated|
|rule|HP Percentage Mod: HP is shown in percentages
|rule|Endless Battle Clause: Forcing endless battles is banned
|rule|Species Clause: Limit one of each Pokémon
|rule|OHKO Clause: OHKO moves are banned
|rule|Evasion Items Clause: Evasion items are banned
|rule|Evasion Moves Clause: Evasion moves are banned
|rule|Evasion Abilities Clause: Evasion abilities are banned
|rule|Sleep Moves Clause: Sleep-inducing moves are banned
|clearpoke
|poke|p1|Golurk|
|poke|p1|Dragapult, M|
|poke|p1|Primarina, F|
|poke|p1|Great Tusk|
|poke|p1|Kingambit, M|
|poke|p1|Amoonguss, M|
|poke|p2|Glaceon, F|
|poke|p2|Ninetales-Alola, F|
|poke|p2|Basculegion-F, F|
|poke|p2|Ogerpon-Wellspring, F|
|poke|p2|Iron Treads|
|poke|p2|Weavile, F|
|teampreview
|inactive|Battle timer is ON: inactive players will automatically lose when time's up. (requested by DropAFreezeDry)
|
|t:|1779587708
|teamsize|p1|6
|teamsize|p2|6
|start
|switch|p1a: Carlinhos|Golurk, shiny|100/100
|switch|p2a: Basculegion|Basculegion-F, F|100/100
|turn|1
|
|t:|1779587712
|switch|p1a: Amoonguss|Amoonguss, M|100/100
|move|p2a: Basculegion|Surf|p1a: Amoonguss
|-resisted|p1a: Amoonguss
|-damage|p1a: Amoonguss|78/100
|
|upkeep
|turn|2
|
|t:|1779587717
|switch|p2a: Iron Treads|Iron Treads|100/100
|-enditem|p2a: Iron Treads|Booster Energy
|-activate|p2a: Iron Treads|ability: Quark Drive|[fromitem]
|-start|p2a: Iron Treads|quarkdriveatk
|move|p1a: Amoonguss|Leaf Storm|p2a: Iron Treads
|-damage|p2a: Iron Treads|43/100
|-unboost|p1a: Amoonguss|spa|2
|-enditem|p1a: Amoonguss|Eject Pack
|
|t:|1779587730
|switch|p1a: Carlinhos|Golurk, shiny|100/100
|
|upkeep
|turn|3
|
|t:|1779587737
|move|p2a: Iron Treads|Ice Spinner|p1a: Carlinhos
|-supereffective|p1a: Carlinhos
|-damage|p1a: Carlinhos|12/100
|move|p1a: Carlinhos|Earthquake|p2a: Iron Treads
|-supereffective|p2a: Iron Treads
|-damage|p2a: Iron Treads|0 fnt
|faint|p2a: Iron Treads
|-end|p2a: Iron Treads|Quark Drive|[silent]
|
|upkeep
|
|t:|1779587747
|switch|p2a: Basculegion|Basculegion-F, F|100/100
|turn|4
|
|t:|1779587753
|switch|p1a: Amoonguss|Amoonguss, M|100/100
|move|p2a: Basculegion|Flip Turn|p1a: Amoonguss
|-resisted|p1a: Amoonguss
|-damage|p1a: Amoonguss|93/100
|
|t:|1779587777
|switch|p2a: Glaceon|Glaceon, F|100/100|[from] Flip Turn
|
|upkeep
|turn|5
|
|t:|1779587788
|switch|p1a: Kingambit|Kingambit, M|100/100
|move|p2a: Glaceon|Blizzard|p1a: Kingambit
|-resisted|p1a: Kingambit
|-damage|p1a: Kingambit|50/100
|
|upkeep
|turn|6
|
|t:|1779587798
|-end|p1a: Kingambit|fallenundefined|[silent]
|switch|p1a: Primarina|Primarina, F|100/100
|move|p2a: Glaceon|Blizzard|p1a: Primarina
|-resisted|p1a: Primarina
|-damage|p1a: Primarina|77/100
|
|upkeep
|turn|7
|
|t:|1779587803
|switch|p2a: Ogerpon|Ogerpon-Wellspring, F|100/100
|move|p1a: Primarina|Moonblast|p2a: Ogerpon
|-damage|p2a: Ogerpon|35/100
|-unboost|p2a: Ogerpon|spa|1
|
|upkeep
|turn|8
|
|t:|1779587807
|switch|p1a: Amoonguss|Amoonguss, M|100/100
|move|p2a: Ogerpon|Horn Leech|p1a: Amoonguss
|-resisted|p1a: Amoonguss
|-damage|p1a: Amoonguss|93/100
|-heal|p2a: Ogerpon|41/100|[from] drain|[of] p1a: Amoonguss
|
|upkeep
|turn|9
|
|t:|1779587810
|move|p2a: Ogerpon|U-turn|p1a: Amoonguss
|-damage|p1a: Amoonguss|74/100
|
|t:|1779587815
|switch|p2a: Glaceon|Glaceon, F|100/100|[from] U-turn
|move|p1a: Amoonguss|Leaf Storm|p2a: Glaceon
|-damage|p2a: Glaceon|58/100
|-unboost|p1a: Amoonguss|spa|2
|
|upkeep
|turn|10
|
|t:|1779587822
|switch|p1a: Carlinhos|Golurk, shiny|12/100
|move|p2a: Glaceon|Blizzard|p1a: Carlinhos
|-supereffective|p1a: Carlinhos
|-damage|p1a: Carlinhos|0 fnt
|faint|p1a: Carlinhos
|
|upkeep
|
|t:|1779587827
|switch|p1a: Primarina|Primarina, F|77/100
|turn|11
|
|t:|1779587830
|switch|p2a: Ninetales|Ninetales-Alola, F|100/100
|-weather|Snowscape|[from] ability: Snow Warning|[of] p2a: Ninetales
|move|p1a: Primarina|Moonblast|p2a: Ninetales
|-damage|p2a: Ninetales|34/100
|-unboost|p2a: Ninetales|spa|1
|
|-weather|Snowscape|[upkeep]
|upkeep
|turn|12
|
|t:|1779587833
|move|p2a: Ninetales|Aurora Veil|p2a: Ninetales
|-sidestart|p2: DropAFreezeDry|move: Aurora Veil
|move|p1a: Primarina|Moonblast|p2a: Ninetales
|-damage|p2a: Ninetales|5/100
|
|-weather|Snowscape|[upkeep]
|upkeep
|turn|13
|
|t:|1779587837
|move|p2a: Ninetales|Freeze-Dry|p1a: Primarina
|-supereffective|p1a: Primarina
|-damage|p1a: Primarina|55/100
|move|p1a: Primarina|Flip Turn|p2a: Ninetales
|-damage|p2a: Ninetales|0 fnt
|faint|p2a: Ninetales
|
|t:|1779587843
|switch|p1a: Dragapult|Dragapult, M|100/100|[from] Flip Turn
|
|-weather|Snowscape|[upkeep]
|upkeep
|
|t:|1779587850
|switch|p2a: Weavile|Weavile, F|100/100
|-ability|p2a: Weavile|Pressure
|turn|14
|
|t:|1779587857
|move|p1a: Dragapult|Will-O-Wisp|p2a: Weavile
|-status|p2a: Weavile|brn
|move|p2a: Weavile|Triple Axel|p1a: Dragapult
|-supereffective|p1a: Dragapult
|-damage|p1a: Dragapult|86/100
|-supereffective|p1a: Dragapult
|-damage|p1a: Dragapult|60/100
|-supereffective|p1a: Dragapult
|-damage|p1a: Dragapult|17/100
|-hitcount|p1a: Dragapult|3
|
|-weather|Snowscape|[upkeep]
|-damage|p2a: Weavile|94/100 brn|[from] brn
|upkeep
|turn|15
|
|t:|1779587867
|move|p1a: Dragapult|Hex|p2a: Weavile
|-resisted|p2a: Weavile
|-damage|p2a: Weavile|54/100 brn
|move|p2a: Weavile|Knock Off|p1a: Dragapult
|-supereffective|p1a: Dragapult
|-damage|p1a: Dragapult|0 fnt
|-enditem|p1a: Dragapult|Heavy-Duty Boots|[from] move: Knock Off|[of] p2a: Weavile
|faint|p1a: Dragapult
|
|-weather|none
|-damage|p2a: Weavile|48/100 brn|[from] brn
|upkeep
|
|t:|1779587876
|switch|p1a: Great Tusk|Great Tusk|100/100
|-enditem|p1a: Great Tusk|Booster Energy
|-activate|p1a: Great Tusk|ability: Protosynthesis|[fromitem]
|-start|p1a: Great Tusk|protosynthesisspe
|turn|16
|
|t:|1779587880
|move|p1a: Great Tusk|Stealth Rock|p2a: Weavile
|-sidestart|p2: DropAFreezeDry|move: Stealth Rock
|move|p2a: Weavile|Triple Axel|p1a: Great Tusk
|-supereffective|p1a: Great Tusk
|-damage|p1a: Great Tusk|94/100
|-supereffective|p1a: Great Tusk
|-damage|p1a: Great Tusk|81/100
|-supereffective|p1a: Great Tusk
|-damage|p1a: Great Tusk|62/100
|-hitcount|p1a: Great Tusk|3
|
|-damage|p2a: Weavile|42/100 brn|[from] brn
|upkeep
|turn|17
|
|t:|1779587888
|move|p1a: Great Tusk|Headlong Rush|p2a: Weavile
|-damage|p2a: Weavile|0 fnt
|-unboost|p1a: Great Tusk|def|1
|-unboost|p1a: Great Tusk|spd|1
|faint|p2a: Weavile
|
|upkeep
|
|t:|1779587897
|switch|p2a: Glaceon|Glaceon, F|58/100
|-damage|p2a: Glaceon|33/100|[from] Stealth Rock
|turn|18
|
|t:|1779587900
|move|p1a: Great Tusk|Headlong Rush|p2a: Glaceon
|-damage|p2a: Glaceon|8/100
|-unboost|p1a: Great Tusk|def|1
|-unboost|p1a: Great Tusk|spd|1
|move|p2a: Glaceon|Freeze-Dry|p1a: Great Tusk
|-supereffective|p1a: Great Tusk
|-damage|p1a: Great Tusk|0 fnt
|faint|p1a: Great Tusk
|-end|p1a: Great Tusk|Protosynthesis|[silent]
|
|upkeep
|
|t:|1779587908
|switch|p1a: Kingambit|Kingambit, M|50/100
|-activate|p1a: Kingambit|ability: Supreme Overlord
|-start|p1a: Kingambit|fallen3|[silent]
|turn|19
|
|t:|1779587910
|move|p1a: Kingambit|Sucker Punch|p2a: Glaceon
|-damage|p2a: Glaceon|0 fnt
|faint|p2a: Glaceon
|
|-sideend|p2: DropAFreezeDry|move: Aurora Veil
|upkeep
|
|t:|1779587913
|switch|p2a: Basculegion|Basculegion-F, F|100/100
|-damage|p2a: Basculegion|88/100|[from] Stealth Rock
|turn|20
|
|t:|1779587919
|-terastallize|p2a: Basculegion|Water
|move|p1a: Kingambit|Sucker Punch|p2a: Basculegion
|-damage|p2a: Basculegion|2/100
|move|p2a: Basculegion|Surf|p1a: Kingambit
|-crit|p1a: Kingambit
|-damage|p1a: Kingambit|0 fnt
|faint|p1a: Kingambit
|-end|p1a: Kingambit|fallen3|[silent]
|
|upkeep
|
|t:|1779587926
|switch|p1a: Amoonguss|Amoonguss, M|100/100
|turn|21
|
|t:|1779587929
|move|p2a: Basculegion|Surf|p1a: Amoonguss
|-resisted|p1a: Amoonguss
|-damage|p1a: Amoonguss|75/100
|move|p1a: Amoonguss|Clear Smog|p2a: Basculegion
|-damage|p2a: Basculegion|0 fnt
|-clearboost|p2a: Basculegion
|faint|p2a: Basculegion
|
|upkeep
|
|t:|1779587933
|switch|p2a: Ogerpon|Ogerpon-Wellspring, F|41/100
|-damage|p2a: Ogerpon|29/100|[from] Stealth Rock
|turn|22
|
|t:|1779587936
|move|p2a: Ogerpon|Ivy Cudgel|p1a: Amoonguss|[anim] Ivy Cudgel Water
|-resisted|p1a: Amoonguss
|-damage|p1a: Amoonguss|52/100
|move|p1a: Amoonguss|Leaf Storm|p2a: Ogerpon
|-damage|p2a: Ogerpon|0 fnt
|-unboost|p1a: Amoonguss|spa|2
|faint|p2a: Ogerpon
|
|win|lapadaseca
|raw|lapadaseca's rating: 1389 &rarr; <strong>1408</strong><br />(+19 for winning)
|raw|DropAFreezeDry's rating: 1364 &rarr; <strong>1345</strong><br />(-19 for losing)
|l|☆lapadaseca
|player|p1|
|l|☆DropAFreezeDry
|player|p2|
