|j|☆lilpoem
|j|☆AJ1207
|t:|1779556794
|gametype|singles
|player|p1|lilpoem|pokefanf-gen4|1328
|player|p2|AJ1207|flannery|1359
|gen|9
|tier|[Gen 9] OU
|rated|
|rule|HP Percentage Mod: HP is shown in percentages
|rule|Endless Battle Clause: Forcing endless battles is banned
|rule|Species Clause: Limit one of each Pokémon
|rule|OHKO Clause: OHKO moves are banned
|rule|Evasion Items Clause: Evasion items are banned
|rule|Evasion Moves Clause: Evasion moves are banned
|rule|Evasion Abilities Clause: Evasion abilities are banned
|rule|Sleep Moves Clause: Sleep-inducing moves are banned
|clearpoke
|poke|p1|Okidogi, M|
|poke|p1|Sneasel-Hisui, F|
|poke|p1|Iron Hands|
|poke|p1|Zamazenta-*|
|poke|p1|Iron Valiant|
|poke|p1|Keldeo|
|poke|p2|Ting-Lu|
|poke|p2|Gholdengo|
|poke|p2|Rotom-Wash|
|poke|p2|Zamazenta-*|
|poke|p2|Iron Treads|
|poke|p2|Ogerpon-Wellspring, F|
|teampreview
|inactive|Battle timer is ON: inactive players will automatically lose when time's up. (requested by lilpoem)
|
|t:|1779556815
|teamsize|p1|6
|teamsize|p2|6
|start
|switch|p1a: Iron Hands|Iron Hands|100/100
|switch|p2a: Rotom|Rotom-Wash|100/100
|-enditem|p1a: Iron Hands|Booster Energy
|-activate|p1a: Iron Hands|ability: Quark Drive|[fromitem]
|-start|p1a: Iron Hands|quarkdriveatk
|turn|1
|
|t:|1779556820
|-terastallize|p1a: Iron Hands|Normal
|move|p1a: Iron Hands|Fake Out|p2a: Rotom
|-damage|p2a: Rotom|64/100
|cant|p2a: Rotom|flinch
|
|-heal|p2a: Rotom|70/100|[from] item: Leftovers
|upkeep
|turn|2
|
|t:|1779556826
|move|p2a: Rotom|Will-O-Wisp|p1a: Iron Hands|[miss]
|-miss|p2a: Rotom|p1a: Iron Hands
|move|p1a: Iron Hands|Wild Charge|p2a: Rotom
|-damage|p2a: Rotom|0 fnt
|faint|p2a: Rotom
|-damage|p1a: Iron Hands|89/100|[from] Recoil
|
|upkeep
|
|t:|1779556829
|switch|p2a: Ting-Lu|Ting-Lu|100/100
|-ability|p2a: Ting-Lu|Vessel of Ruin
|turn|3
|
|t:|1779556835
|move|p1a: Iron Hands|Ice Punch|p2a: Ting-Lu
|-supereffective|p2a: Ting-Lu
|-damage|p2a: Ting-Lu|66/100
|-damage|p1a: Iron Hands|72/100|[from] item: Rocky Helmet|[of] p2a: Ting-Lu
|move|p2a: Ting-Lu|Whirlwind|p1a: Iron Hands
|-end|p1a: Iron Hands|Quark Drive|[silent]
|drag|p1a: Dark Aura|Zamazenta|100/100
|-ability|p1a: Dark Aura|Dauntless Shield|boost
|-boost|p1a: Dark Aura|def|1
|
|upkeep
|turn|4
|
|t:|1779556842
|move|p1a: Dark Aura|Close Combat|p2a: Ting-Lu
|-supereffective|p2a: Ting-Lu
|-damage|p2a: Ting-Lu|16/100
|-unboost|p1a: Dark Aura|def|1
|-unboost|p1a: Dark Aura|spd|1
|-damage|p1a: Dark Aura|84/100|[from] item: Rocky Helmet|[of] p2a: Ting-Lu
|move|p2a: Ting-Lu|Whirlwind|p1a: Dark Aura
|drag|p1a: Keldeo|Keldeo|100/100
|
|upkeep
|turn|5
|
|t:|1779556850
|switch|p2a: Ogerpon|Ogerpon-Wellspring, F|100/100
|move|p1a: Keldeo|Icy Wind|p2a: Ogerpon
|-damage|p2a: Ogerpon|77/100
|-unboost|p2a: Ogerpon|spe|1
|
|upkeep
|turn|6
|
|t:|1779556867
|switch|p1a: Fn bb|Sneasel-Hisui, F|100/100
|move|p2a: Ogerpon|Power Whip|p1a: Fn bb|[miss]
|-miss|p2a: Ogerpon|p1a: Fn bb
|
|upkeep
|turn|7
|
|t:|1779556877
|switch|p2a: Ting-Lu|Ting-Lu|16/100
|-ability|p2a: Ting-Lu|Vessel of Ruin
|move|p1a: Fn bb|Gunk Shot|p2a: Ting-Lu
|-resisted|p2a: Ting-Lu
|-damage|p2a: Ting-Lu|5/100
|
|upkeep
|turn|8
|
|t:|1779556902
|move|p1a: Fn bb|Gunk Shot|p2a: Ting-Lu
|-resisted|p2a: Ting-Lu
|-damage|p2a: Ting-Lu|0 fnt
|faint|p2a: Ting-Lu
|
|upkeep
|
|t:|1779556906
|switch|p2a: Iron Treads|Iron Treads|100/100
|-enditem|p2a: Iron Treads|Booster Energy
|-activate|p2a: Iron Treads|ability: Quark Drive|[fromitem]
|-start|p2a: Iron Treads|quarkdrivespe
|turn|9
|
|t:|1779556910
|move|p2a: Iron Treads|Earthquake|p1a: Fn bb
|-supereffective|p1a: Fn bb
|-damage|p1a: Fn bb|0 fnt
|faint|p1a: Fn bb
|
|upkeep
|
|t:|1779556914
|switch|p1a: Dark Aura|Zamazenta|84/100
|turn|10
|
|t:|1779556918
|move|p2a: Iron Treads|Stealth Rock|p1a: Dark Aura
|-sidestart|p1: lilpoem|move: Stealth Rock
|move|p1a: Dark Aura|Close Combat|p2a: Iron Treads
|-supereffective|p2a: Iron Treads
|-damage|p2a: Iron Treads|0 fnt
|-unboost|p1a: Dark Aura|def|1
|-unboost|p1a: Dark Aura|spd|1
|faint|p2a: Iron Treads
|-end|p2a: Iron Treads|Quark Drive|[silent]
|
|upkeep
|
|t:|1779556928
|switch|p2a: Gholdengo|Gholdengo|100/100
|turn|11
|
|t:|1779556950
|move|p2a: Gholdengo|Make It Rain|p1a: Dark Aura
|-damage|p1a: Dark Aura|0 fnt
|-unboost|p2a: Gholdengo|spa|1
|faint|p1a: Dark Aura
|
|upkeep
|
|t:|1779556958
|switch|p1a: Iron Hands|Iron Hands, tera:Normal|72/100
|-damage|p1a: Iron Hands|60/100|[from] Stealth Rock
|turn|12
|
|t:|1779556971
|switch|p2a: Zamazenta|Zamazenta|100/100
|-ability|p2a: Zamazenta|Dauntless Shield|boost
|-boost|p2a: Zamazenta|def|1
|move|p1a: Iron Hands|Earthquake|p2a: Zamazenta
|-damage|p2a: Zamazenta|77/100
|
|upkeep
|turn|13
|
|t:|1779556993
|-end|p1a: Iron Hands|Quark Drive|[silent]
|switch|p1a: SOL TAKER|Iron Valiant|100/100
|-damage|p1a: SOL TAKER|94/100|[from] Stealth Rock
|-enditem|p1a: SOL TAKER|Booster Energy
|-activate|p1a: SOL TAKER|ability: Quark Drive|[fromitem]
|-start|p1a: SOL TAKER|quarkdrivespe
|move|p2a: Zamazenta|Close Combat|p1a: SOL TAKER
|-resisted|p1a: SOL TAKER
|-damage|p1a: SOL TAKER|54/100
|-unboost|p2a: Zamazenta|def|1
|-unboost|p2a: Zamazenta|spd|1
|
|upkeep
|turn|14
|
|t:|1779557000
|move|p1a: SOL TAKER|Moonblast|p2a: Zamazenta
|-supereffective|p2a: Zamazenta
|-damage|p2a: Zamazenta|0 fnt
|faint|p2a: Zamazenta
|
|upkeep
|
|t:|1779557002
|switch|p2a: Ogerpon|Ogerpon-Wellspring, F|77/100
|turn|15
|
|t:|1779557009
|-terastallize|p2a: Ogerpon|Water
|detailschange|p2a: Ogerpon|Ogerpon-Wellspring-Tera, F, tera:Water
|-ability|p2a: Ogerpon|Embody Aspect (Wellspring)|boost
|-boost|p2a: Ogerpon|spd|1
|move|p1a: SOL TAKER|Moonblast|p2a: Ogerpon
|-damage|p2a: Ogerpon|41/100
|move|p2a: Ogerpon|Ivy Cudgel|p1a: SOL TAKER|[anim] Ivy Cudgel Water
|-damage|p1a: SOL TAKER|0 fnt
|faint|p1a: SOL TAKER
|-end|p1a: SOL TAKER|Quark Drive|[silent]
|
|upkeep
|
|t:|1779557025
|switch|p1a: Iron Hands|Iron Hands, tera:Normal|60/100
|-damage|p1a: Iron Hands|47/100|[from] Stealth Rock
|turn|16
|
|t:|1779557027
|switch|p2a: Gholdengo|Gholdengo|100/100
|move|p1a: Iron Hands|Fake Out|p2a: Gholdengo
|-immune|p2a: Gholdengo
|
|upkeep
|turn|17
|
|t:|1779557032
|move|p2a: Gholdengo|Make It Rain|p1a: Iron Hands
|-damage|p1a: Iron Hands|0 fnt
|-unboost|p2a: Gholdengo|spa|1
|faint|p1a: Iron Hands
|-end|p1a: Iron Hands|Quark Drive|[silent]
|
|upkeep
|
|t:|1779557039
|switch|p1a: Okidoge|Okidogi, M|100/100
|-damage|p1a: Okidoge|94/100|[from] Stealth Rock
|turn|18
|
|t:|1779557045
|move|p2a: Gholdengo|Make It Rain|p1a: Okidoge
|-damage|p1a: Okidoge|56/100
|-unboost|p2a: Gholdengo|spa|1
|move|p1a: Okidoge|Fling|p2a: Gholdengo
|-supereffective|p2a: Gholdengo
|-damage|p2a: Gholdengo|75/100
|-status|p2a: Gholdengo|par
|-enditem|p1a: Okidoge|Light Ball|[from] move: Fling
|
|upkeep
|turn|19
|
|t:|1779557053
|switch|p2a: Ogerpon|Ogerpon-Wellspring-Tera, F, tera:Water|41/100
|-ability|p2a: Ogerpon|Embody Aspect (Wellspring)|boost
|-boost|p2a: Ogerpon|spd|1
|move|p1a: Okidoge|Knock Off|p2a: Ogerpon
|-damage|p2a: Ogerpon|10/100
|
|upkeep
|turn|20
|c|☆AJ1207|fling tech
|c|☆AJ1207|nice
|
|t:|1779557082
|switch|p1a: Keldeo|Keldeo|100/100
|-damage|p1a: Keldeo|94/100|[from] Stealth Rock
|move|p2a: Ogerpon|Ivy Cudgel|p1a: Keldeo|[anim] Ivy Cudgel Water
|-resisted|p1a: Keldeo
|-damage|p1a: Keldeo|49/100
|
|upkeep
|turn|21
|
|t:|1779557093
|move|p1a: Keldeo|Vacuum Wave|p2a: Ogerpon
|-damage|p2a: Ogerpon|0 fnt
|faint|p2a: Ogerpon
|detailschange|p2: Ogerpon|Ogerpon-Wellspring, F|[silent]
|
|upkeep
|
|t:|1779557098
|switch|p2a: Gholdengo|Gholdengo|75/100 par
|turn|22
|
|t:|1779557101
|switch|p1a: Okidoge|Okidogi, M|56/100
|-damage|p1a: Okidoge|49/100|[from] Stealth Rock
|cant|p2a: Gholdengo|par
|
|upkeep
|turn|23
|
|t:|1779557106
|move|p2a: Gholdengo|Shadow Ball|p1a: Okidoge
|-damage|p1a: Okidoge|8/100
|move|p1a: Okidoge|Knock Off|p2a: Gholdengo
|-supereffective|p2a: Gholdengo
|-damage|p2a: Gholdengo|0 fnt
|-enditem|p2a: Gholdengo|Choice Scarf|[from] move: Knock Off|[of] p1a: Okidoge
|faint|p2a: Gholdengo
|
|win|lilpoem
|raw|lilpoem's rating: 1328 &rarr; <strong>1350</strong><br />(+22 for winning)
|raw|AJ1207's rating: 1359 &rarr; <strong>1337</strong><br />(-22 for losing)
|c|☆AJ1207|gg
|c|☆lilpoem|Gg
|c|☆lilpoem|thanks
|l|☆AJ1207
|player|p2|
|l|☆lilpoem
|player|p1|
