|j|☆TokinoZo
|j|☆bjls
|t:|1779626087
|gametype|singles
|player|p1|TokinoZo|n|1526
|player|p2|bjls|hilda|1558
|gen|9
|tier|[Gen 9] OU
|rated|
|rule|HP Percentage Mod: HP is shown in percentages
|rule|Endless Battle Clause: Forcing endless battles is banned
|rule|Species Clause: Limit one of each Pokémon
|rule|OHKO Clause: OHKO moves are banned
|rule|Evasion Items Clause: Evasion items are banned
|rule|Evasion Moves Clause: Evasion moves are banned
|rule|Evasion Abilities Clause: Evasion abilities are banned
|rule|Sleep Moves Clause: Sleep-inducing moves are banned
|clearpoke
|poke|p1|Gliscor, F|
|poke|p1|Weezing-Galar, F|
|poke|p1|Alomomola, F|
|poke|p1|Dondozo, M|
|poke|p1|Blissey, F|
|poke|p1|Ting-Lu|
|poke|p2|Pelipper, M|
|poke|p2|Basculegion, M|
|poke|p2|Iron Jugulis|
|poke|p2|Raging Bolt|
|poke|p2|Iron Treads|
|poke|p2|Kingambit, M|
|teampreview
|inactive|Battle timer is ON: inactive players will automatically lose when time's up. (requested by bjls)
|inactive|TokinoZo also wants the timer to be on.
|j| Maddof
|l| Maddof
|inactive|TokinoZo has 120 seconds left.
|
|t:|1779626147
|teamsize|p1|6
|teamsize|p2|6
|start
|switch|p1a: Gliscor|Gliscor, F, shiny|100/100
|switch|p2a: 大卫·戴|Pelipper, M|100/100
|-weather|RainDance|[from] ability: Drizzle|[of] p2a: 大卫·戴
|turn|1
|
|t:|1779626155
|-terastallize|p1a: Gliscor|Dragon
|move|p1a: Gliscor|Toxic|p2a: 大卫·戴
|-status|p2a: 大卫·戴|tox
|move|p2a: 大卫·戴|Weather Ball|p1a: Gliscor
|-resisted|p1a: Gliscor
|-damage|p1a: Gliscor|70/100
|
|-weather|RainDance|[upkeep]
|-damage|p2a: 大卫·戴|94/100 tox|[from] psn
|-status|p1a: Gliscor|tox|[from] item: Toxic Orb
|upkeep
|turn|2
|
|t:|1779626163
|switch|p2a: 驭雷掣电天尊|Raging Bolt|100/100
|-enditem|p2a: 驭雷掣电天尊|Booster Energy
|-activate|p2a: 驭雷掣电天尊|ability: Protosynthesis|[fromitem]
|-start|p2a: 驭雷掣电天尊|protosynthesisspa
|move|p1a: Gliscor|Knock Off|p2a: 驭雷掣电天尊
|-damage|p2a: 驭雷掣电天尊|88/100
|
|-weather|RainDance|[upkeep]
|-heal|p1a: Gliscor|82/100 tox|[from] ability: Poison Heal
|upkeep
|turn|3
|
|t:|1779626169
|switch|p1a: Ting-Lu|Ting-Lu, shiny|100/100
|-ability|p1a: Ting-Lu|Vessel of Ruin
|move|p2a: 驭雷掣电天尊|Draco Meteor|p1a: Ting-Lu
|-damage|p1a: Ting-Lu|70/100
|-unboost|p2a: 驭雷掣电天尊|spa|2
|
|-weather|RainDance|[upkeep]
|upkeep
|turn|4
|
|t:|1779626176
|-end|p2a: 驭雷掣电天尊|Protosynthesis|[silent]
|switch|p2a: 一汽·大运|Basculegion, M|100/100
|move|p1a: Ting-Lu|Ruination|p2a: 一汽·大运
|-damage|p2a: 一汽·大运|50/100
|
|-weather|RainDance|[upkeep]
|upkeep
|turn|5
|
|t:|1779626183
|move|p2a: 一汽·大运|Wave Crash|p1a: Ting-Lu
|-supereffective|p1a: Ting-Lu
|-damage|p1a: Ting-Lu|0 fnt
|faint|p1a: Ting-Lu
|-damage|p2a: 一汽·大运|20/100|[from] Recoil
|
|-weather|RainDance|[upkeep]
|upkeep
|
|t:|1779626192
|switch|p1a: Dondozo|Dondozo, M, shiny|100/100
|turn|6
|
|t:|1779626204
|move|p2a: 一汽·大运|Wave Crash|p1a: Dondozo
|-resisted|p1a: Dondozo
|-damage|p1a: Dondozo|70/100
|-damage|p2a: 一汽·大运|7/100|[from] Recoil
|move|p1a: Dondozo|Crunch|p2a: 一汽·大运
|-supereffective|p2a: 一汽·大运
|-damage|p2a: 一汽·大运|0 fnt
|faint|p2a: 一汽·大运
|
|-weather|RainDance|[upkeep]
|upkeep
|
|t:|1779626206
|switch|p2a: 大卫·戴|Pelipper, M|94/100 tox
|turn|7
|
|t:|1779626210
|switch|p1a: Blissey|Blissey, F, shiny|100/100
|move|p2a: 大卫·戴|Hurricane|p1a: Blissey
|-damage|p1a: Blissey|89/100
|-start|p1a: Blissey|confusion
|
|-weather|RainDance|[upkeep]
|-damage|p2a: 大卫·戴|88/100 tox|[from] psn
|upkeep
|turn|8
|
|t:|1779626215
|switch|p2a: 驭雷掣电天尊|Raging Bolt|88/100
|-activate|p1a: Blissey|confusion
|-damage|p1a: Blissey|88/100|[from] confusion
|
|-weather|none
|upkeep
|turn|9
|
|t:|1779626222
|move|p2a: 驭雷掣电天尊|Thunderbolt|p1a: Blissey
|-damage|p1a: Blissey|73/100
|-activate|p1a: Blissey|confusion
|-damage|p1a: Blissey|72/100|[from] confusion
|
|upkeep
|turn|10
|
|t:|1779626228
|move|p2a: 驭雷掣电天尊|Thunderbolt|p1a: Blissey
|-damage|p1a: Blissey|57/100
|-activate|p1a: Blissey|confusion
|move|p1a: Blissey|Stealth Rock|p2a: 驭雷掣电天尊
|-sidestart|p2: bjls|move: Stealth Rock
|
|upkeep
|turn|11
|
|t:|1779626234
|move|p2a: 驭雷掣电天尊|Thunderbolt|p1a: Blissey
|-damage|p1a: Blissey|40/100
|-end|p1a: Blissey|confusion
|move|p1a: Blissey|Soft-Boiled|p1a: Blissey
|-heal|p1a: Blissey|90/100
|
|upkeep
|turn|12
|
|t:|1779626242
|move|p2a: 驭雷掣电天尊|Thunderbolt|p1a: Blissey
|-damage|p1a: Blissey|74/100
|move|p1a: Blissey|Shadow Ball|p2a: 驭雷掣电天尊
|-damage|p2a: 驭雷掣电天尊|77/100
|
|upkeep
|turn|13
|
|t:|1779626247
|move|p2a: 驭雷掣电天尊|Thunderbolt|p1a: Blissey
|-damage|p1a: Blissey|58/100
|move|p1a: Blissey|Calm Mind|p1a: Blissey
|-boost|p1a: Blissey|spa|1
|-boost|p1a: Blissey|spd|1
|
|upkeep
|turn|14
|
|t:|1779626251
|-end|p2a: 驭雷掣电天尊|Protosynthesis|[silent]
|switch|p2a: 帝车超光所向捷|Iron Treads|100/100
|-damage|p2a: 帝车超光所向捷|97/100|[from] Stealth Rock
|-enditem|p2a: 帝车超光所向捷|Booster Energy
|-activate|p2a: 帝车超光所向捷|ability: Quark Drive|[fromitem]
|-start|p2a: 帝车超光所向捷|quarkdrivespe
|move|p1a: Blissey|Soft-Boiled|p1a: Blissey
|-heal|p1a: Blissey|100/100
|
|upkeep
|turn|15
|
|t:|1779626258
|move|p2a: 帝车超光所向捷|Earthquake|p1a: Blissey
|-damage|p1a: Blissey|52/100
|move|p1a: Blissey|Shadow Ball|p2a: 帝车超光所向捷
|-damage|p2a: 帝车超光所向捷|67/100
|-unboost|p2a: 帝车超光所向捷|spd|1
|
|upkeep
|turn|16
|
|t:|1779626264
|switch|p1a: Weezing|Weezing-Galar, F, shiny|100/100
|move|p2a: 帝车超光所向捷|Rapid Spin|p1a: Weezing
|-damage|p1a: Weezing|91/100
|-boost|p2a: 帝车超光所向捷|spe|1
|-sideend|p2: bjls|Stealth Rock|[from] move: Rapid Spin|[of] p2a: 帝车超光所向捷
|
|upkeep
|turn|17
|
|t:|1779626269
|move|p2a: 帝车超光所向捷|Iron Head|p1a: Weezing
|-supereffective|p1a: Weezing
|-damage|p1a: Weezing|40/100
|move|p1a: Weezing|Will-O-Wisp|p2a: 帝车超光所向捷
|-status|p2a: 帝车超光所向捷|brn
|
|-damage|p2a: 帝车超光所向捷|61/100 brn|[from] brn
|upkeep
|turn|18
|
|t:|1779626279
|-end|p2a: 帝车超光所向捷|Quark Drive|[silent]
|switch|p2a: 大卫·戴|Pelipper, M|88/100 tox
|-weather|RainDance|[from] ability: Drizzle|[of] p2a: 大卫·戴
|switch|p1a: Alomomola|Alomomola, F, shiny|100/100
|
|-weather|RainDance|[upkeep]
|-damage|p2a: 大卫·戴|82/100 tox|[from] psn
|upkeep
|turn|19
|
|t:|1779626282
|move|p2a: 大卫·戴|U-turn|p1a: Alomomola
|-damage|p1a: Alomomola|95/100
|
|t:|1779626285
|switch|p2a: 驭雷掣电天尊|Raging Bolt|77/100|[from] U-turn
|move|p1a: Alomomola|Wish|p1a: Alomomola
|
|-weather|RainDance|[upkeep]
|upkeep
|turn|20
|
|t:|1779626291
|switch|p1a: Blissey|Blissey, F, shiny|52/100
|move|p2a: 驭雷掣电天尊|Thunderbolt|p1a: Blissey
|-damage|p1a: Blissey|34/100
|
|-weather|RainDance|[upkeep]
|-heal|p1a: Blissey|74/100|[from] move: Wish|[wisher] Alomomola
|upkeep
|turn|21
|
|t:|1779626300
|move|p2a: 驭雷掣电天尊|Weather Ball|p1a: Blissey
|-damage|p1a: Blissey|54/100
|move|p1a: Blissey|Stealth Rock|p2a: 驭雷掣电天尊
|-sidestart|p2: bjls|move: Stealth Rock
|
|-weather|RainDance|[upkeep]
|upkeep
|turn|22
|
|t:|1779626312
|move|p2a: 驭雷掣电天尊|Weather Ball|p1a: Blissey
|-damage|p1a: Blissey|36/100
|move|p1a: Blissey|Soft-Boiled|p1a: Blissey
|-heal|p1a: Blissey|86/100
|
|-weather|RainDance|[upkeep]
|upkeep
|turn|23
|
|t:|1779626317
|move|p2a: 驭雷掣电天尊|Weather Ball|p1a: Blissey
|-damage|p1a: Blissey|67/100
|move|p1a: Blissey|Calm Mind|p1a: Blissey
|-boost|p1a: Blissey|spa|1
|-boost|p1a: Blissey|spd|1
|
|-weather|RainDance|[upkeep]
|upkeep
|turn|24
|
|t:|1779626325
|move|p2a: 驭雷掣电天尊|Weather Ball|p1a: Blissey
|-damage|p1a: Blissey|54/100
|move|p1a: Blissey|Shadow Ball|p2a: 驭雷掣电天尊
|-damage|p2a: 驭雷掣电天尊|58/100
|
|-weather|RainDance|[upkeep]
|upkeep
|turn|25
|
|t:|1779626330
|-end|p2a: 驭雷掣电天尊|Protosynthesis|[silent]
|switch|p2a: 万夫莫敌|Kingambit, M|100/100
|-damage|p2a: 万夫莫敌|94/100|[from] Stealth Rock
|-activate|p2a: 万夫莫敌|ability: Supreme Overlord
|-start|p2a: 万夫莫敌|fallen1|[silent]
|-item|p2a: 万夫莫敌|Air Balloon
|move|p1a: Blissey|Shadow Ball|p2a: 万夫莫敌
|-resisted|p2a: 万夫莫敌
|-damage|p2a: 万夫莫敌|82/100
|-enditem|p2a: 万夫莫敌|Air Balloon
|
|-weather|none
|upkeep
|turn|26
|
|t:|1779626334
|switch|p1a: Dondozo|Dondozo, M, shiny|70/100
|move|p2a: 万夫莫敌|Kowtow Cleave|p1a: Dondozo
|-damage|p1a: Dondozo|44/100
|
|upkeep
|turn|27
|
|t:|1779626337
|move|p2a: 万夫莫敌|Kowtow Cleave|p1a: Dondozo
|-crit|p1a: Dondozo
|-damage|p1a: Dondozo|9/100
|move|p1a: Dondozo|Rest|p1a: Dondozo
|-status|p1a: Dondozo|slp|[from] move: Rest
|-heal|p1a: Dondozo|100/100 slp|[silent]
|
|upkeep
|turn|28
|
|t:|1779626344
|-end|p2a: 万夫莫敌|fallen1|[silent]
|switch|p2a: 驭雷掣电天尊|Raging Bolt|58/100
|-damage|p2a: 驭雷掣电天尊|46/100|[from] Stealth Rock
|cant|p1a: Dondozo|slp
|move|p1a: Dondozo|Sleep Talk|p1a: Dondozo
|move|p1a: Dondozo|Crunch|p2a: 驭雷掣电天尊|[from] move: Sleep Talk
|-damage|p2a: 驭雷掣电天尊|31/100
|
|upkeep
|turn|29
|
|t:|1779626354
|switch|p1a: Blissey|Blissey, F, shiny|54/100
|move|p2a: 驭雷掣电天尊|Thunderbolt|p1a: Blissey
|-damage|p1a: Blissey|38/100
|
|upkeep
|turn|30
|
|t:|1779626357
|move|p2a: 驭雷掣电天尊|Draco Meteor|p1a: Blissey
|-damage|p1a: Blissey|14/100
|-unboost|p2a: 驭雷掣电天尊|spa|2
|move|p1a: Blissey|Soft-Boiled|p1a: Blissey
|-heal|p1a: Blissey|65/100
|
|upkeep
|turn|31
|
|t:|1779626361
|-end|p2a: 驭雷掣电天尊|Protosynthesis|[silent]
|switch|p2a: 帝车超光所向捷|Iron Treads|61/100 brn
|-damage|p2a: 帝车超光所向捷|58/100 brn|[from] Stealth Rock
|move|p1a: Blissey|Shadow Ball|p2a: 帝车超光所向捷
|-damage|p2a: 帝车超光所向捷|36/100 brn
|
|-damage|p2a: 帝车超光所向捷|30/100 brn|[from] brn
|upkeep
|turn|32
|
|t:|1779626367
|switch|p1a: Alomomola|Alomomola, F, shiny|100/100
|move|p2a: 帝车超光所向捷|Rapid Spin|p1a: Alomomola
|-damage|p1a: Alomomola|95/100
|-boost|p2a: 帝车超光所向捷|spe|1
|-sideend|p2: bjls|Stealth Rock|[from] move: Rapid Spin|[of] p2a: 帝车超光所向捷
|
|-damage|p2a: 帝车超光所向捷|23/100 brn|[from] brn
|upkeep
|turn|33
|
|t:|1779626371
|move|p2a: 帝车超光所向捷|Earthquake|p1a: Alomomola
|-damage|p1a: Alomomola|79/100
|move|p1a: Alomomola|Wish|p1a: Alomomola
|
|-damage|p2a: 帝车超光所向捷|17/100 brn|[from] brn
|upkeep
|turn|34
|
|t:|1779626373
|move|p2a: 帝车超光所向捷|Earthquake|p1a: Alomomola
|-damage|p1a: Alomomola|63/100
|move|p1a: Alomomola|Flip Turn|p2a: 帝车超光所向捷
|-supereffective|p2a: 帝车超光所向捷
|-damage|p2a: 帝车超光所向捷|0 fnt
|faint|p2a: 帝车超光所向捷
|-end|p2a: 帝车超光所向捷|Quark Drive|[silent]
|
|t:|1779626377
|switch|p1a: Weezing|Weezing-Galar, F, shiny|40/100|[from] Flip Turn
|
|-heal|p1a: Weezing|100/100|[from] move: Wish|[wisher] Alomomola
|upkeep
|
|t:|1779626381
|switch|p2a: 大卫·戴|Pelipper, M|82/100 tox
|-weather|RainDance|[from] ability: Drizzle|[of] p2a: 大卫·戴
|turn|35
|
|t:|1779626389
|switch|p1a: Alomomola|Alomomola, F, shiny|96/100
|move|p2a: 大卫·戴|Weather Ball|p1a: Alomomola
|-resisted|p1a: Alomomola
|-damage|p1a: Alomomola|78/100
|
|-weather|RainDance|[upkeep]
|-damage|p2a: 大卫·戴|76/100 tox|[from] psn
|upkeep
|turn|36
|
|t:|1779626394
|move|p2a: 大卫·戴|Hurricane|p1a: Alomomola
|-damage|p1a: Alomomola|49/100
|-start|p1a: Alomomola|confusion
|-activate|p1a: Alomomola|confusion
|move|p1a: Alomomola|Wish|p1a: Alomomola
|
|-weather|RainDance|[upkeep]
|-damage|p2a: 大卫·戴|63/100 tox|[from] psn
|upkeep
|turn|37
|
|t:|1779626403
|switch|p2a: 驭雷掣电天尊|Raging Bolt|31/100
|-end|p1a: Alomomola|confusion
|move|p1a: Alomomola|Protect||[still]
|-fail|p1a: Alomomola
|
|-weather|RainDance|[upkeep]
|-heal|p1a: Alomomola|99/100|[from] move: Wish|[wisher] Alomomola
|upkeep
|turn|38
|
|t:|1779626409
|switch|p1a: Blissey|Blissey, F, shiny|65/100
|move|p2a: 驭雷掣电天尊|Thunderbolt|p1a: Blissey
|-damage|p1a: Blissey|49/100
|
|-weather|RainDance|[upkeep]
|upkeep
|turn|39
|
|t:|1779626423
|move|p2a: 驭雷掣电天尊|Thunderbolt|p1a: Blissey
|-damage|p1a: Blissey|31/100
|move|p1a: Blissey|Soft-Boiled|p1a: Blissey
|-heal|p1a: Blissey|82/100
|
|-weather|RainDance|[upkeep]
|upkeep
|turn|40
|
|t:|1779626427
|move|p2a: 驭雷掣电天尊|Thunderbolt|p1a: Blissey
|-damage|p1a: Blissey|65/100
|move|p1a: Blissey|Stealth Rock|p2a: 驭雷掣电天尊
|-sidestart|p2: bjls|move: Stealth Rock
|
|-weather|RainDance|[upkeep]
|upkeep
|turn|41
|
|t:|1779626434
|move|p2a: 驭雷掣电天尊|Weather Ball|p1a: Blissey
|-damage|p1a: Blissey|47/100
|move|p1a: Blissey|Calm Mind|p1a: Blissey
|-boost|p1a: Blissey|spa|1
|-boost|p1a: Blissey|spd|1
|
|-weather|RainDance|[upkeep]
|upkeep
|turn|42
|
|t:|1779626439
|move|p2a: 驭雷掣电天尊|Weather Ball|p1a: Blissey
|-damage|p1a: Blissey|35/100
|move|p1a: Blissey|Shadow Ball|p2a: 驭雷掣电天尊
|-damage|p2a: 驭雷掣电天尊|15/100
|
|-weather|none
|upkeep
|turn|43
|
|t:|1779626445
|move|p2a: 驭雷掣电天尊|Draco Meteor|p1a: Blissey
|-damage|p1a: Blissey|19/100
|-unboost|p2a: 驭雷掣电天尊|spa|2
|move|p1a: Blissey|Soft-Boiled|p1a: Blissey
|-heal|p1a: Blissey|70/100
|
|upkeep
|turn|44
|
|t:|1779626450
|move|p2a: 驭雷掣电天尊|Thunderbolt|p1a: Blissey
|-damage|p1a: Blissey|65/100
|move|p1a: Blissey|Shadow Ball|p2a: 驭雷掣电天尊
|-damage|p2a: 驭雷掣电天尊|0 fnt
|faint|p2a: 驭雷掣电天尊
|-end|p2a: 驭雷掣电天尊|Protosynthesis|[silent]
|
|upkeep
|
|t:|1779626455
|switch|p2a: 万夫莫敌|Kingambit, M|82/100
|-damage|p2a: 万夫莫敌|76/100|[from] Stealth Rock
|-activate|p2a: 万夫莫敌|ability: Supreme Overlord
|-start|p2a: 万夫莫敌|fallen3|[silent]
|turn|45
|
|t:|1779626460
|switch|p1a: Dondozo|Dondozo, M, shiny|100/100 slp
|move|p2a: 万夫莫敌|Kowtow Cleave|p1a: Dondozo
|-damage|p1a: Dondozo|72/100 slp
|
|upkeep
|turn|46
|
|t:|1779626463
|move|p2a: 万夫莫敌|Kowtow Cleave|p1a: Dondozo
|-damage|p1a: Dondozo|42/100 slp
|cant|p1a: Dondozo|slp
|move|p1a: Dondozo|Sleep Talk|p1a: Dondozo
|move|p1a: Dondozo|Body Press|p2a: 万夫莫敌|[from] move: Sleep Talk
|-supereffective|p2a: 万夫莫敌
|-damage|p2a: 万夫莫敌|0 fnt
|faint|p2a: 万夫莫敌
|-end|p2a: 万夫莫敌|fallen3|[silent]
|
|upkeep
|
|t:|1779626469
|switch|p2a: 大卫·戴|Pelipper, M|63/100 tox
|-damage|p2a: 大卫·戴|38/100 tox|[from] Stealth Rock
|-weather|RainDance|[from] ability: Drizzle|[of] p2a: 大卫·戴
|turn|47
|
|t:|1779626476
|switch|p1a: Alomomola|Alomomola, F, shiny|100/100
|move|p2a: 大卫·戴|U-turn|p1a: Alomomola
|-damage|p1a: Alomomola|95/100
|
|t:|1779626479
|switch|p2a: 特瓦林|Iron Jugulis|100/100|[from] U-turn
|-damage|p2a: 特瓦林|76/100|[from] Stealth Rock
|-enditem|p2a: 特瓦林|Booster Energy
|-activate|p2a: 特瓦林|ability: Quark Drive|[fromitem]
|-start|p2a: 特瓦林|quarkdrivespe
|
|-weather|RainDance|[upkeep]
|upkeep
|turn|48
|
|t:|1779626481
|move|p2a: 特瓦林|Hurricane|p1a: Alomomola
|-damage|p1a: Alomomola|48/100
|-start|p1a: Alomomola|confusion
|-activate|p1a: Alomomola|confusion
|-damage|p1a: Alomomola|43/100|[from] confusion
|
|-weather|RainDance|[upkeep]
|upkeep
|turn|49
|c|☆TokinoZo|我了个百分百混乱
|c|☆TokinoZo|你玩不玩
|
|t:|1779626499
|-activate|p1a: Alomomola|confusion
|move|p1a: Alomomola|Protect|p1a: Alomomola
|-singleturn|p1a: Alomomola|Protect
|move|p2a: 特瓦林|Hurricane|p1a: Alomomola
|-activate|p1a: Alomomola|move: Protect
|
|-weather|RainDance|[upkeep]
|upkeep
|turn|50
|
|t:|1779626505
|switch|p1a: Blissey|Blissey, F, shiny|65/100
|move|p2a: 特瓦林|Hurricane|p1a: Blissey
|-damage|p1a: Blissey|47/100
|-start|p1a: Blissey|confusion
|
|-weather|RainDance|[upkeep]
|upkeep
|turn|51
|
|t:|1779626511
|move|p2a: 特瓦林|Focus Blast|p1a: Blissey
|-supereffective|p1a: Blissey
|-crit|p1a: Blissey
|-damage|p1a: Blissey|8/100
|-activate|p1a: Blissey|confusion
|-damage|p1a: Blissey|7/100|[from] confusion
|
|-weather|RainDance|[upkeep]
|upkeep
|turn|52
|
|t:|1779626518
|switch|p1a: Weezing|Weezing-Galar, F, shiny|100/100
|move|p2a: 特瓦林|Hurricane|p1a: Weezing
|-damage|p1a: Weezing|31/100
|
|-weather|RainDance|[upkeep]
|upkeep
|turn|53
|
|t:|1779626524
|move|p2a: 特瓦林|Hurricane|p1a: Weezing
|-damage|p1a: Weezing|0 fnt
|faint|p1a: Weezing
|
|-weather|RainDance|[upkeep]
|upkeep
|
|t:|1779626527
|switch|p1a: Alomomola|Alomomola, F, shiny|76/100
|turn|54
|
|t:|1779626531
|move|p1a: Alomomola|Protect|p1a: Alomomola
|-singleturn|p1a: Alomomola|Protect
|move|p2a: 特瓦林|Hurricane|p1a: Alomomola
|-activate|p1a: Alomomola|move: Protect
|
|-weather|none
|upkeep
|turn|55
|
|t:|1779626536
|switch|p1a: Dondozo|Dondozo, M, shiny|42/100 slp
|move|p2a: 特瓦林|Dark Pulse|p1a: Dondozo
|-damage|p1a: Dondozo|0 fnt
|faint|p1a: Dondozo
|
|upkeep
|
|t:|1779626539
|switch|p1a: Alomomola|Alomomola, F, shiny|100/100
|turn|56
|
|t:|1779626545
|move|p2a: 特瓦林|Dark Pulse|p1a: Alomomola
|-damage|p1a: Alomomola|65/100
|move|p1a: Alomomola|Wish|p1a: Alomomola
|
|upkeep
|turn|57
|
|t:|1779626550
|move|p2a: 特瓦林|Dark Pulse|p1a: Alomomola
|-damage|p1a: Alomomola|32/100
|move|p1a: Alomomola|Flip Turn|p2a: 特瓦林
|-damage|p2a: 特瓦林|56/100
|
|t:|1779626555
|switch|p1a: Blissey|Blissey, F, shiny|7/100|[from] Flip Turn
|
|-heal|p1a: Blissey|47/100|[from] move: Wish|[wisher] Alomomola
|upkeep
|turn|58
|
|t:|1779626558
|move|p2a: 特瓦林|Focus Blast|p1a: Blissey
|-supereffective|p1a: Blissey
|-damage|p1a: Blissey|23/100
|move|p1a: Blissey|Soft-Boiled|p1a: Blissey
|-heal|p1a: Blissey|73/100
|
|upkeep
|turn|59
|
|t:|1779626566
|move|p2a: 特瓦林|Focus Blast|p1a: Blissey
|-supereffective|p1a: Blissey
|-damage|p1a: Blissey|48/100
|move|p1a: Blissey|Calm Mind|p1a: Blissey
|-boost|p1a: Blissey|spa|1
|-boost|p1a: Blissey|spd|1
|
|upkeep
|turn|60
|
|t:|1779626572
|-end|p2a: 特瓦林|Quark Drive|[silent]
|switch|p2a: 大卫·戴|Pelipper, M|38/100 tox
|-damage|p2a: 大卫·戴|13/100 tox|[from] Stealth Rock
|-weather|RainDance|[from] ability: Drizzle|[of] p2a: 大卫·戴
|move|p1a: Blissey|Soft-Boiled|p1a: Blissey
|-heal|p1a: Blissey|98/100
|
|-weather|RainDance|[upkeep]
|-damage|p2a: 大卫·戴|7/100 tox|[from] psn
|upkeep
|turn|61
|
|t:|1779626574
|move|p2a: 大卫·戴|Hurricane|p1a: Blissey
|-damage|p1a: Blissey|90/100
|move|p1a: Blissey|Shadow Ball|p2a: 大卫·戴
|-damage|p2a: 大卫·戴|0 fnt
|faint|p2a: 大卫·戴
|
|-weather|RainDance|[upkeep]
|upkeep
|c|☆TokinoZo|GG
|
|t:|1779626581
|switch|p2a: 特瓦林|Iron Jugulis|56/100
|-damage|p2a: 特瓦林|31/100|[from] Stealth Rock
|turn|62
|
|t:|1779626586
|move|p2a: 特瓦林|Focus Blast|p1a: Blissey
|-supereffective|p1a: Blissey
|-damage|p1a: Blissey|74/100
|move|p1a: Blissey|Calm Mind|p1a: Blissey
|-boost|p1a: Blissey|spa|1
|-boost|p1a: Blissey|spd|1
|
|-weather|RainDance|[upkeep]
|upkeep
|turn|63
|
|t:|1779626591
|move|p2a: 特瓦林|Hurricane|p1a: Blissey
|-damage|p1a: Blissey|65/100
|-start|p1a: Blissey|confusion
|-activate|p1a: Blissey|confusion
|-damage|p1a: Blissey|64/100|[from] confusion
|
|-weather|RainDance|[upkeep]
|upkeep
|turn|64
|
|t:|1779626604
|move|p2a: 特瓦林|Focus Blast|p1a: Blissey|[miss]
|-miss|p2a: 特瓦林|p1a: Blissey
|-activate|p1a: Blissey|confusion
|-damage|p1a: Blissey|63/100|[from] confusion
|
|-weather|RainDance|[upkeep]
|upkeep
|turn|65
|
|t:|1779626610
|move|p2a: 特瓦林|Focus Blast|p1a: Blissey
|-supereffective|p1a: Blissey
|-damage|p1a: Blissey|51/100
|-activate|p1a: Blissey|confusion
|-damage|p1a: Blissey|50/100|[from] confusion
|
|-weather|RainDance|[upkeep]
|upkeep
|turn|66
|c|☆TokinoZo|不是哥们
|c|☆TokinoZo|你玩不玩
|
|t:|1779626632
|move|p2a: 特瓦林|Dark Pulse|p1a: Blissey
|-damage|p1a: Blissey|44/100
|-end|p1a: Blissey|confusion
|move|p1a: Blissey|Calm Mind|p1a: Blissey
|-boost|p1a: Blissey|spa|1
|-boost|p1a: Blissey|spd|1
|
|-weather|RainDance|[upkeep]
|upkeep
|turn|67
|
|t:|1779626640
|move|p2a: 特瓦林|Hurricane|p1a: Blissey
|-damage|p1a: Blissey|37/100
|-start|p1a: Blissey|confusion
|-activate|p1a: Blissey|confusion
|-damage|p1a: Blissey|36/100|[from] confusion
|
|-weather|none
|upkeep
|turn|68
|
|t:|1779626648
|move|p2a: 特瓦林|Dark Pulse|p1a: Blissey
|-damage|p1a: Blissey|32/100
|-activate|p1a: Blissey|confusion
|move|p1a: Blissey|Shadow Ball|p2a: 特瓦林
|-resisted|p2a: 特瓦林
|-damage|p2a: 特瓦林|8/100
|
|upkeep
|turn|69
|
|t:|1779626655
|move|p2a: 特瓦林|Dark Pulse|p1a: Blissey
|-damage|p1a: Blissey|27/100
|-activate|p1a: Blissey|confusion
|move|p1a: Blissey|Shadow Ball|p2a: 特瓦林
|-resisted|p2a: 特瓦林
|-damage|p2a: 特瓦林|0 fnt
|faint|p2a: 特瓦林
|-end|p2a: 特瓦林|Quark Drive|[silent]
|
|win|TokinoZo
|raw|TokinoZo's rating: 1526 &rarr; <strong>1548</strong><br />(+22 for winning)
|raw|bjls's rating: 1558 &rarr; <strong>1536</strong><br />(-22 for losing)
|l|☆bjls
|player|p2|
