|j|☆hennyhardaway1
|j|☆huuuehuueekk
|t:|1779598315
|gametype|singles
|player|p1|hennyhardaway1|morty|1318
|player|p2|huuuehuueekk|steven|1299
|gen|9
|tier|[Gen 9] OU
|rated|
|rule|HP Percentage Mod: HP is shown in percentages
|rule|Endless Battle Clause: Forcing endless battles is banned
|rule|Species Clause: Limit one of each Pokémon
|rule|OHKO Clause: OHKO moves are banned
|rule|Evasion Items Clause: Evasion items are banned
|rule|Evasion Moves Clause: Evasion moves are banned
|rule|Evasion Abilities Clause: Evasion abilities are banned
|rule|Sleep Moves Clause: Sleep-inducing moves are banned
|clearpoke
|poke|p1|Clefable, F|
|poke|p1|Araquanid, M|
|poke|p1|Dragonite, M|
|poke|p1|Great Tusk|
|poke|p1|Kingambit, M|
|poke|p1|Dragapult, F|
|poke|p2|Suicune|
|poke|p2|Dragonite, M|
|poke|p2|Cinderace, M|
|poke|p2|Zamazenta-*|
|poke|p2|Pecharunt|
|poke|p2|Zapdos-Galar|
|teampreview
|inactive|Battle timer is ON: inactive players will automatically lose when time's up. (requested by huuuehuueekk)
|inactive|hennyhardaway1 has 120 seconds left.
|
|t:|1779598352
|teamsize|p1|6
|teamsize|p2|6
|start
|switch|p1a: Clefable|Clefable, F|100/100
|switch|p2a: Pecharunt|Pecharunt|100/100
|turn|1
|inactive|huuuehuueekk has 120 seconds left.
|
|t:|1779598398
|switch|p1a: Kingambit|Kingambit, M|100/100
|move|p2a: Pecharunt|Malignant Chain|p1a: Kingambit
|-immune|p1a: Kingambit
|
|upkeep
|turn|2
|
|t:|1779598407
|-end|p1a: Kingambit|fallenundefined|[silent]
|switch|p1a: Araquanid|Araquanid, M|100/100
|move|p2a: Pecharunt|Parting Shot|p1a: Araquanid
|-unboost|p1a: Araquanid|atk|1
|-unboost|p1a: Araquanid|spa|1
|
|t:|1779598413
|switch|p2a: Zapdos|Zapdos-Galar|100/100|[from] Parting Shot
|
|upkeep
|turn|3
|
|t:|1779598429
|move|p2a: Zapdos|Substitute|p2a: Zapdos
|-start|p2a: Zapdos|Substitute
|-damage|p2a: Zapdos|76/100
|move|p1a: Araquanid|Sticky Web|p2a: Zapdos
|-sidestart|p2: huuuehuueekk|move: Sticky Web
|
|-heal|p2a: Zapdos|82/100|[from] item: Leftovers
|upkeep
|turn|4
|
|t:|1779598432
|move|p2a: Zapdos|Bulk Up|p2a: Zapdos
|-boost|p2a: Zapdos|atk|1
|-boost|p2a: Zapdos|def|1
|move|p1a: Araquanid|Surf|p2a: Zapdos
|-end|p2a: Zapdos|Substitute
|
|-heal|p2a: Zapdos|88/100|[from] item: Leftovers
|upkeep
|turn|5
|
|t:|1779598439
|move|p2a: Zapdos|Thunderous Kick|p1a: Araquanid
|-resisted|p1a: Araquanid
|-damage|p1a: Araquanid|63/100
|-unboost|p1a: Araquanid|def|1
|move|p1a: Araquanid|Surf|p2a: Zapdos
|-damage|p2a: Zapdos|59/100
|
|-heal|p2a: Zapdos|65/100|[from] item: Leftovers
|upkeep
|turn|6
|
|t:|1779598450
|switch|p1a: Dragapult|Dragapult, F|100/100
|move|p2a: Zapdos|Knock Off|p1a: Dragapult
|-supereffective|p1a: Dragapult
|-damage|p1a: Dragapult|0 fnt
|-enditem|p1a: Dragapult|Choice Specs|[from] move: Knock Off|[of] p2a: Zapdos
|faint|p1a: Dragapult
|
|-heal|p2a: Zapdos|71/100|[from] item: Leftovers
|upkeep
|
|t:|1779598457
|switch|p1a: Dragonite|Dragonite, M|100/100
|turn|7
|
|t:|1779598461
|move|p2a: Zapdos|Thunderous Kick|p1a: Dragonite
|-resisted|p1a: Dragonite
|-damage|p1a: Dragonite|81/100
|-unboost|p1a: Dragonite|def|1
|move|p1a: Dragonite|Dragon Dance|p1a: Dragonite
|-boost|p1a: Dragonite|atk|1
|-boost|p1a: Dragonite|spe|1
|
|-heal|p2a: Zapdos|77/100|[from] item: Leftovers
|upkeep
|turn|8
|
|t:|1779598471
|move|p1a: Dragonite|Dragon Claw|p2a: Zapdos
|-damage|p2a: Zapdos|24/100
|move|p2a: Zapdos|Knock Off|p1a: Dragonite
|-damage|p1a: Dragonite|0 fnt
|-enditem|p1a: Dragonite|Heavy-Duty Boots|[from] move: Knock Off|[of] p2a: Zapdos
|faint|p1a: Dragonite
|
|-heal|p2a: Zapdos|30/100|[from] item: Leftovers
|upkeep
|
|t:|1779598485
|switch|p1a: Great Tusk|Great Tusk|100/100
|turn|9
|
|t:|1779598495
|-terastallize|p1a: Great Tusk|Ghost
|move|p2a: Zapdos|Thunderous Kick|p1a: Great Tusk
|-immune|p1a: Great Tusk
|move|p1a: Great Tusk|Bulk Up|p1a: Great Tusk
|-boost|p1a: Great Tusk|atk|1
|-boost|p1a: Great Tusk|def|1
|
|-heal|p2a: Zapdos|36/100|[from] item: Leftovers
|upkeep
|turn|10
|
|t:|1779598503
|move|p2a: Zapdos|Knock Off|p1a: Great Tusk
|-supereffective|p1a: Great Tusk
|-damage|p1a: Great Tusk|68/100
|-enditem|p1a: Great Tusk|Leftovers|[from] move: Knock Off|[of] p2a: Zapdos
|move|p1a: Great Tusk|Rapid Spin|p2a: Zapdos
|-damage|p2a: Zapdos|20/100
|-boost|p1a: Great Tusk|spe|1
|
|-heal|p2a: Zapdos|26/100|[from] item: Leftovers
|upkeep
|turn|11
|
|t:|1779598511
|move|p2a: Zapdos|Knock Off|p1a: Great Tusk
|-supereffective|p1a: Great Tusk
|-crit|p1a: Great Tusk
|-damage|p1a: Great Tusk|21/100
|move|p1a: Great Tusk|Rapid Spin|p2a: Zapdos
|-damage|p2a: Zapdos|9/100
|-boost|p1a: Great Tusk|spe|1
|
|-heal|p2a: Zapdos|15/100|[from] item: Leftovers
|upkeep
|turn|12
|
|t:|1779598518
|move|p1a: Great Tusk|Body Press|p2a: Zapdos
|-resisted|p2a: Zapdos
|-damage|p2a: Zapdos|0 fnt
|faint|p2a: Zapdos
|
|upkeep
|
|t:|1779598527
|switch|p2a: Dragonite|Dragonite, M, shiny|100/100
|turn|13
|
|t:|1779598543
|move|p1a: Great Tusk|Body Press|p2a: Dragonite
|-resisted|p2a: Dragonite
|-damage|p2a: Dragonite|82/100
|move|p2a: Dragonite|Earthquake|p1a: Great Tusk
|-damage|p1a: Great Tusk|9/100
|
|upkeep
|turn|14
|
|t:|1779598553
|switch|p2a: Pecharunt|Pecharunt|100/100
|-activate|p2a: Pecharunt|move: Sticky Web
|-unboost|p2a: Pecharunt|spe|1
|move|p1a: Great Tusk|Body Press|p2a: Pecharunt
|-immune|p2a: Pecharunt
|
|upkeep
|turn|15
|
|t:|1779598563
|move|p1a: Great Tusk|Earthquake|p2a: Pecharunt
|-supereffective|p2a: Pecharunt
|-damage|p2a: Pecharunt|40/100
|move|p2a: Pecharunt|Shadow Ball|p1a: Great Tusk
|-supereffective|p1a: Great Tusk
|-damage|p1a: Great Tusk|0 fnt
|faint|p1a: Great Tusk
|-end|p1a: Great Tusk|Protosynthesis|[silent]
|
|upkeep
|
|t:|1779598571
|switch|p1a: Kingambit|Kingambit, M|100/100
|-activate|p1a: Kingambit|ability: Supreme Overlord
|-start|p1a: Kingambit|fallen3|[silent]
|turn|16
|
|t:|1779598574
|move|p2a: Pecharunt|Parting Shot|p1a: Kingambit
|-unboost|p1a: Kingambit|atk|1
|-unboost|p1a: Kingambit|spa|1
|
|t:|1779598580
|switch|p2a: Zamazenta|Zamazenta|100/100|[from] Parting Shot
|-activate|p2a: Zamazenta|move: Sticky Web
|-unboost|p2a: Zamazenta|spe|1
|-ability|p2a: Zamazenta|Dauntless Shield|boost
|-boost|p2a: Zamazenta|def|1
|move|p1a: Kingambit|Kowtow Cleave|p2a: Zamazenta
|-resisted|p2a: Zamazenta
|-damage|p2a: Zamazenta|89/100
|
|-heal|p2a: Zamazenta|95/100|[from] item: Leftovers
|upkeep
|turn|17
|
|t:|1779598605
|-end|p1a: Kingambit|fallen3|[silent]
|switch|p1a: Clefable|Clefable, F|100/100
|move|p2a: Zamazenta|Body Press|p1a: Clefable
|-resisted|p1a: Clefable
|-damage|p1a: Clefable|75/100
|
|-heal|p2a: Zamazenta|100/100|[from] item: Leftovers
|-heal|p1a: Clefable|81/100|[from] item: Leftovers
|upkeep
|turn|18
|
|t:|1779598614
|switch|p2a: Cinderace|Cinderace, M|100/100
|-activate|p2a: Cinderace|move: Sticky Web
|-unboost|p2a: Cinderace|spe|1
|switch|p1a: Araquanid|Araquanid, M|63/100
|
|upkeep
|turn|19
|
|t:|1779598619
|move|p2a: Cinderace|Court Change|p2a: Cinderace
|-start|p2a: Cinderace|typechange|Normal|[from] ability: Libero
|-swapsideconditions
|-activate|p2a: Cinderace|move: Court Change
|move|p1a: Araquanid|Surf|p2a: Cinderace
|-damage|p2a: Cinderace|48/100
|
|upkeep
|turn|20
|
|t:|1779598646
|move|p2a: Cinderace|U-turn|p1a: Araquanid
|-damage|p1a: Araquanid|37/100
|
|t:|1779598652
|switch|p2a: Suicune|Suicune, shiny|100/100|[from] U-turn
|-ability|p2a: Suicune|Pressure
|move|p1a: Araquanid|Surf|p2a: Suicune
|-resisted|p2a: Suicune
|-damage|p2a: Suicune|87/100
|
|-heal|p2a: Suicune|93/100|[from] item: Leftovers
|upkeep
|turn|21
|inactive|hennyhardaway1 has 120 seconds left.
|
|t:|1779598693
|move|p2a: Suicune|Calm Mind|p2a: Suicune
|-boost|p2a: Suicune|spa|1
|-boost|p2a: Suicune|spd|1
|move|p1a: Araquanid|Endeavor|p2a: Suicune
|-damage|p2a: Suicune|32/100
|
|-heal|p2a: Suicune|38/100|[from] item: Leftovers
|upkeep
|turn|22
|
|t:|1779598718
|move|p2a: Suicune|Calm Mind|p2a: Suicune
|-boost|p2a: Suicune|spa|1
|-boost|p2a: Suicune|spd|1
|move|p1a: Araquanid|Endeavor|p2a: Suicune
|-damage|p2a: Suicune|32/100
|
|-heal|p2a: Suicune|38/100|[from] item: Leftovers
|upkeep
|turn|23
|
|t:|1779598727
|move|p2a: Suicune|Calm Mind|p2a: Suicune
|-boost|p2a: Suicune|spa|1
|-boost|p2a: Suicune|spd|1
|move|p1a: Araquanid|Endeavor|p2a: Suicune
|-damage|p2a: Suicune|32/100
|
|-heal|p2a: Suicune|38/100|[from] item: Leftovers
|upkeep
|turn|24
|-message|hennyhardaway1 forfeited.
|
|win|huuuehuueekk
|raw|hennyhardaway1's rating: 1318 &rarr; <strong>1297</strong><br />(-21 for losing)
|raw|huuuehuueekk's rating: 1299 &rarr; <strong>1325</strong><br />(+26 for winning)
|l|☆hennyhardaway1
|player|p1|
|l|☆huuuehuueekk
|player|p2|
