|j|☆shortsleeveamerica
|j|☆imaginethat_17
|t:|1779723337
|gametype|singles
|player|p1|shortsleeveamerica|drake-gen3|1408
|player|p2|imaginethat_17|birdkeeper|1377
|gen|9
|tier|[Gen 9] OU
|rated|
|rule|HP Percentage Mod: HP is shown in percentages
|rule|Endless Battle Clause: Forcing endless battles is banned
|rule|Species Clause: Limit one of each Pokémon
|rule|OHKO Clause: OHKO moves are banned
|rule|Evasion Items Clause: Evasion items are banned
|rule|Evasion Moves Clause: Evasion moves are banned
|rule|Evasion Abilities Clause: Evasion abilities are banned
|rule|Sleep Moves Clause: Sleep-inducing moves are banned
|clearpoke
|poke|p1|Kingambit, F|
|poke|p1|Latios, M|
|poke|p1|Alomomola, M|
|poke|p1|Pecharunt|
|poke|p1|Ting-Lu|
|poke|p1|Iron Valiant|
|poke|p2|Ogerpon-Cornerstone, F|
|poke|p2|Dragonite, M|
|poke|p2|Weavile, F|
|poke|p2|Iron Moth|
|poke|p2|Yanmega, M|
|poke|p2|Greninja-*, M|
|teampreview
|inactive|Battle timer is ON: inactive players will automatically lose when time's up. (requested by shortsleeveamerica)
|inactive|shortsleeveamerica has 120 seconds left.
|inactive|imaginethat_17 has 120 seconds left.
|
|t:|1779723373
|teamsize|p1|6
|teamsize|p2|6
|start
|switch|p1a: Iron Valiant|Iron Valiant|100/100
|switch|p2a: Yanmega|Yanmega, M|100/100
|turn|1
|
|t:|1779723393
|move|p1a: Iron Valiant|Thunderbolt|p2a: Yanmega
|-supereffective|p2a: Yanmega
|-damage|p2a: Yanmega|0 fnt
|faint|p2a: Yanmega
|-damage|p1a: Iron Valiant|91/100|[from] item: Life Orb
|
|upkeep
|
|t:|1779723399
|switch|p2a: Dragonite|Dragonite, M|100/100
|turn|2
|
|t:|1779723402
|-terastallize|p2a: Dragonite|Normal
|move|p1a: Iron Valiant|Moonblast|p2a: Dragonite
|-damage|p2a: Dragonite|69/100
|-damage|p1a: Iron Valiant|81/100|[from] item: Life Orb
|move|p2a: Dragonite|Dragon Dance|p2a: Dragonite
|-boost|p2a: Dragonite|atk|1
|-boost|p2a: Dragonite|spe|1
|
|upkeep
|turn|3
|
|t:|1779723411
|-terastallize|p1a: Iron Valiant|Ghost
|move|p2a: Dragonite|Extreme Speed|p1a: Iron Valiant
|-immune|p1a: Iron Valiant
|move|p1a: Iron Valiant|Close Combat|p2a: Dragonite
|-supereffective|p2a: Dragonite
|-damage|p2a: Dragonite|0 fnt
|-unboost|p1a: Iron Valiant|def|1
|-unboost|p1a: Iron Valiant|spd|1
|faint|p2a: Dragonite
|-damage|p1a: Iron Valiant|71/100|[from] item: Life Orb
|
|upkeep
|c|☆shortsleeveamerica|the boldest man on planet earth
|
|t:|1779723422
|switch|p2a: Weavile|Weavile, F|100/100
|-ability|p2a: Weavile|Pressure
|turn|4
|c|☆shortsleeveamerica|man frame 1 went for the dnite sweep
|
|t:|1779723438
|-end|p1a: Iron Valiant|Quark Drive|[silent]
|switch|p1a: Kingambit|Kingambit, F|100/100
|move|p2a: Weavile|Swords Dance|p2a: Weavile
|-boost|p2a: Weavile|atk|2
|
|upkeep
|turn|5
|
|t:|1779723450
|move|p2a: Weavile|Ice Shard|p1a: Kingambit
|-resisted|p1a: Kingambit
|-damage|p1a: Kingambit|83/100
|move|p1a: Kingambit|Low Kick|p2a: Weavile
|-supereffective|p2a: Weavile
|-enditem|p2a: Weavile|Focus Sash
|-damage|p2a: Weavile|1/100
|
|upkeep
|turn|6
|
|t:|1779723459
|move|p2a: Weavile|Ice Shard|p1a: Kingambit
|-resisted|p1a: Kingambit
|-damage|p1a: Kingambit|66/100
|move|p1a: Kingambit|Kowtow Cleave|p2a: Weavile
|-resisted|p2a: Weavile
|-damage|p2a: Weavile|0 fnt
|faint|p2a: Weavile
|
|upkeep
|
|t:|1779723471
|switch|p2a: Ogerpon|Ogerpon-Cornerstone, F|100/100
|turn|7
|
|t:|1779723476
|move|p2a: Ogerpon|Swords Dance|p2a: Ogerpon
|-boost|p2a: Ogerpon|atk|2
|move|p1a: Kingambit|Kowtow Cleave|p2a: Ogerpon
|-damage|p2a: Ogerpon|25/100
|
|upkeep
|turn|8
|
|t:|1779723481
|move|p1a: Kingambit|Sucker Punch|p2a: Ogerpon
|-damage|p2a: Ogerpon|0 fnt
|faint|p2a: Ogerpon
|
|upkeep
|-message|imaginethat_17 forfeited.
|
|win|shortsleeveamerica
|raw|shortsleeveamerica's rating: 1408 &rarr; <strong>1426</strong><br />(+18 for winning)
|raw|imaginethat_17's rating: 1377 &rarr; <strong>1359</strong><br />(-18 for losing)
|l|☆imaginethat_17
|player|p2|
|c|☆shortsleeveamerica|like holy shit he's so bold
|c|☆shortsleeveamerica|he is THE boldest man
