|j|☆tukocazador
|j|☆ju2508
|t:|1779721758
|gametype|singles
|player|p1|tukocazador|bugcatcher-gen4dp|1229
|player|p2|ju2508|101|1210
|gen|9
|tier|[Gen 9] OU
|rated|
|rule|HP Percentage Mod: HP is shown in percentages
|rule|Endless Battle Clause: Forcing endless battles is banned
|rule|Species Clause: Limit one of each Pokémon
|rule|OHKO Clause: OHKO moves are banned
|rule|Evasion Items Clause: Evasion items are banned
|rule|Evasion Moves Clause: Evasion moves are banned
|rule|Evasion Abilities Clause: Evasion abilities are banned
|rule|Sleep Moves Clause: Sleep-inducing moves are banned
|clearpoke
|poke|p1|Ceruledge, F|
|poke|p1|Garganacl, F|
|poke|p1|Glimmora, M|
|poke|p1|Armarouge, M|
|poke|p1|Regieleki|
|poke|p1|Hatterene, F|
|poke|p2|Feraligatr, F|
|poke|p2|Donphan, M|
|poke|p2|Sylveon, M|
|poke|p2|Magneton|
|poke|p2|Serperior, F|
|poke|p2|Flamigo, M|
|teampreview
|inactive|Battle timer is ON: inactive players will automatically lose when time's up. (requested by ju2508)
|
|t:|1779721766
|teamsize|p1|6
|teamsize|p2|6
|start
|switch|p1a: Hatterene|Hatterene, F|100/100
|switch|p2a: Serperior|Serperior, F|100/100
|turn|1
|
|t:|1779721776
|switch|p2a: Magneton|Magneton|100/100
|move|p1a: Hatterene|Nuzzle|p2a: Magneton
|-resisted|p2a: Magneton
|-crit|p2a: Magneton
|-damage|p2a: Magneton|98/100
|
|upkeep
|turn|2
|
|t:|1779721792
|switch|p1a: Glimmora|Glimmora, M|100/100
|move|p2a: Magneton|Flash Cannon|p1a: Glimmora
|-supereffective|p1a: Glimmora
|-damage|p1a: Glimmora|0 fnt
|faint|p1a: Glimmora
|
|upkeep
|
|t:|1779721799
|switch|p1a: Armarouge|Armarouge, M|100/100
|turn|3
|
|t:|1779721807
|switch|p2a: Sylveon|Sylveon, M|100/100
|move|p1a: Armarouge|Iron Defense|p1a: Armarouge
|-boost|p1a: Armarouge|def|2
|
|upkeep
|turn|4
|
|t:|1779721814
|move|p1a: Armarouge|Calm Mind|p1a: Armarouge
|-boost|p1a: Armarouge|spa|1
|-boost|p1a: Armarouge|spd|1
|move|p2a: Sylveon|Calm Mind|p2a: Sylveon
|-boost|p2a: Sylveon|spa|1
|-boost|p2a: Sylveon|spd|1
|
|upkeep
|turn|5
|
|t:|1779721822
|move|p1a: Armarouge|Calm Mind|p1a: Armarouge
|-boost|p1a: Armarouge|spa|1
|-boost|p1a: Armarouge|spd|1
|move|p2a: Sylveon|Calm Mind|p2a: Sylveon
|-boost|p2a: Sylveon|spa|1
|-boost|p2a: Sylveon|spd|1
|
|upkeep
|turn|6
|
|t:|1779721828
|move|p1a: Armarouge|Calm Mind|p1a: Armarouge
|-boost|p1a: Armarouge|spa|1
|-boost|p1a: Armarouge|spd|1
|move|p2a: Sylveon|Calm Mind|p2a: Sylveon
|-boost|p2a: Sylveon|spa|1
|-boost|p2a: Sylveon|spd|1
|
|upkeep
|turn|7
|
|t:|1779721836
|move|p1a: Armarouge|Calm Mind|p1a: Armarouge
|-boost|p1a: Armarouge|spa|1
|-boost|p1a: Armarouge|spd|1
|move|p2a: Sylveon|Hyper Voice|p1a: Armarouge
|-resisted|p1a: Armarouge
|-damage|p1a: Armarouge|83/100
|
|upkeep
|turn|8
|
|t:|1779721843
|move|p1a: Armarouge|Calm Mind|p1a: Armarouge
|-boost|p1a: Armarouge|spa|1
|-boost|p1a: Armarouge|spd|1
|move|p2a: Sylveon|Calm Mind|p2a: Sylveon
|-boost|p2a: Sylveon|spa|1
|-boost|p2a: Sylveon|spd|1
|
|upkeep
|turn|9
|
|t:|1779721850
|move|p1a: Armarouge|Stored Power|p2a: Sylveon
|-damage|p2a: Sylveon|16/100
|move|p2a: Sylveon|Calm Mind|p2a: Sylveon
|-boost|p2a: Sylveon|spa|1
|-boost|p2a: Sylveon|spd|1
|
|-heal|p2a: Sylveon|22/100|[from] item: Leftovers
|upkeep
|turn|10
|
|t:|1779721860
|move|p2a: Sylveon|Protect|p2a: Sylveon
|-singleturn|p2a: Sylveon|Protect
|move|p1a: Armarouge|Stored Power|p2a: Sylveon
|-activate|p2a: Sylveon|move: Protect
|
|-heal|p2a: Sylveon|28/100|[from] item: Leftovers
|upkeep
|turn|11
|
|t:|1779721868
|move|p1a: Armarouge|Stored Power|p2a: Sylveon
|-damage|p2a: Sylveon|0 fnt
|faint|p2a: Sylveon
|
|upkeep
|
|t:|1779721875
|switch|p2a: Serperior|Serperior, F|100/100
|turn|12
|
|t:|1779721879
|move|p2a: Serperior|Glare|p1a: Armarouge
|-status|p1a: Armarouge|par
|move|p1a: Armarouge|Stored Power|p2a: Serperior
|-damage|p2a: Serperior|0 fnt
|faint|p2a: Serperior
|
|upkeep
|
|t:|1779721892
|switch|p2a: Feraligatr|Feraligatr, F|100/100
|turn|13
|
|t:|1779721897
|-terastallize|p2a: Feraligatr|Water
|move|p2a: Feraligatr|Liquidation|p1a: Armarouge
|-supereffective|p1a: Armarouge
|-damage|p1a: Armarouge|0 fnt
|faint|p1a: Armarouge
|
|upkeep
|
|t:|1779721910
|switch|p1a: Garganacl|Garganacl, F|100/100
|turn|14
|
|t:|1779721914
|move|p2a: Feraligatr|Liquidation|p1a: Garganacl
|-supereffective|p1a: Garganacl
|-damage|p1a: Garganacl|0 fnt
|faint|p1a: Garganacl
|
|upkeep
|
|t:|1779721943
|switch|p1a: Regieleki|Regieleki|100/100
|turn|15
|inactive|tukocazador has 120 seconds left.
|
|t:|1779721964
|switch|p1a: Ceruledge|Ceruledge, F|100/100
|switch|p2a: Donphan|Donphan, M|100/100
|
|upkeep
|turn|16
|
|t:|1779721977
|move|p1a: Ceruledge|Iron Defense|p1a: Ceruledge
|-boost|p1a: Ceruledge|def|2
|move|p2a: Donphan|Bulldoze|p1a: Ceruledge
|-supereffective|p1a: Ceruledge
|-damage|p1a: Ceruledge|75/100
|-unboost|p1a: Ceruledge|spe|1
|-ability|p1a: Ceruledge|Weak Armor|boost
|-unboost|p1a: Ceruledge|def|1
|-boost|p1a: Ceruledge|spe|2
|-enditem|p1a: Ceruledge|Weakness Policy
|-boost|p1a: Ceruledge|atk|2|[from] item: Weakness Policy
|-boost|p1a: Ceruledge|spa|2|[from] item: Weakness Policy
|
|upkeep
|turn|17
|
|t:|1779721989
|move|p1a: Ceruledge|Iron Defense|p1a: Ceruledge
|-boost|p1a: Ceruledge|def|2
|move|p2a: Donphan|Bulldoze|p1a: Ceruledge
|-supereffective|p1a: Ceruledge
|-damage|p1a: Ceruledge|52/100
|-unboost|p1a: Ceruledge|spe|1
|-ability|p1a: Ceruledge|Weak Armor|boost
|-unboost|p1a: Ceruledge|def|1
|-boost|p1a: Ceruledge|spe|2
|
|upkeep
|turn|18
|
|t:|1779722003
|-terastallize|p1a: Ceruledge|Ghost
|move|p1a: Ceruledge|Bitter Blade|p2a: Donphan
|-damage|p2a: Donphan|47/100
|-heal|p1a: Ceruledge|81/100|[from] drain|[of] p2a: Donphan
|move|p2a: Donphan|Bulldoze|p1a: Ceruledge
|-damage|p1a: Ceruledge|68/100
|-unboost|p1a: Ceruledge|spe|1
|-ability|p1a: Ceruledge|Weak Armor|boost
|-unboost|p1a: Ceruledge|def|1
|-boost|p1a: Ceruledge|spe|2
|
|-heal|p2a: Donphan|54/100|[from] item: Leftovers
|upkeep
|turn|19
|inactive|tukocazador has 120 seconds left.
|
|t:|1779722019
|move|p1a: Ceruledge|Bitter Blade|p2a: Donphan
|-damage|p2a: Donphan|1/100
|-heal|p1a: Ceruledge|97/100|[from] drain|[of] p2a: Donphan
|move|p2a: Donphan|Bulldoze|p1a: Ceruledge
|-damage|p1a: Ceruledge|80/100
|-unboost|p1a: Ceruledge|spe|1
|-ability|p1a: Ceruledge|Weak Armor|boost
|-unboost|p1a: Ceruledge|def|1
|-boost|p1a: Ceruledge|spe|2
|
|-heal|p2a: Donphan|7/100|[from] item: Leftovers
|upkeep
|turn|20
|inactive|tukocazador has 120 seconds left.
|
|t:|1779722038
|move|p1a: Ceruledge|Shadow Sneak|p2a: Donphan
|-damage|p2a: Donphan|0 fnt
|faint|p2a: Donphan
|
|upkeep
|
|t:|1779722042
|switch|p2a: Feraligatr|Feraligatr, F, tera:Water|100/100
|turn|21
|
|t:|1779722049
|move|p1a: Ceruledge|Iron Defense|p1a: Ceruledge
|-boost|p1a: Ceruledge|def|2
|move|p2a: Feraligatr|Liquidation|p1a: Ceruledge
|-damage|p1a: Ceruledge|22/100
|-ability|p1a: Ceruledge|Weak Armor|boost
|-unboost|p1a: Ceruledge|def|1
|-boost|p1a: Ceruledge|spe|2
|
|upkeep
|turn|22
|
|t:|1779722058
|move|p1a: Ceruledge|Shadow Sneak|p2a: Feraligatr
|-damage|p2a: Feraligatr|32/100
|move|p2a: Feraligatr|Liquidation|p1a: Ceruledge
|-damage|p1a: Ceruledge|0 fnt
|faint|p1a: Ceruledge
|
|upkeep
|
|t:|1779722065
|switch|p1a: Regieleki|Regieleki|100/100
|turn|23
|
|t:|1779722072
|switch|p2a: Magneton|Magneton|98/100
|move|p1a: Regieleki|Thunderbolt|p2a: Magneton
|-resisted|p2a: Magneton
|-damage|p2a: Magneton|60/100
|
|upkeep
|turn|24
|
|t:|1779722079
|move|p1a: Regieleki|Thunderbolt|p2a: Magneton
|-resisted|p2a: Magneton
|-damage|p2a: Magneton|25/100
|move|p2a: Magneton|Tri Attack|p1a: Regieleki
|-crit|p1a: Regieleki
|-damage|p1a: Regieleki|12/100
|
|upkeep
|turn|25
|
|t:|1779722087
|move|p1a: Regieleki|Thunderbolt|p2a: Magneton
|-resisted|p2a: Magneton
|-damage|p2a: Magneton|0 fnt
|faint|p2a: Magneton
|
|upkeep
|
|t:|1779722093
|switch|p2a: Flamigo|Flamigo, M|100/100
|turn|26
|
|t:|1779722097
|move|p1a: Regieleki|Thunderbolt|p2a: Flamigo
|-supereffective|p2a: Flamigo
|-damage|p2a: Flamigo|0 fnt
|faint|p2a: Flamigo
|
|upkeep
|-message|ju2508 forfeited.
|
|win|tukocazador
|raw|tukocazador's rating: 1229 &rarr; <strong>1253</strong><br />(+24 for winning)
|raw|ju2508's rating: 1210 &rarr; <strong>1186</strong><br />(-24 for losing)
|l|☆ju2508
|player|p2|
|l|☆tukocazador
|player|p1|
