|j|☆MichaelDestroyedU
|j|☆SnorlaxDude_143
|t:|1779581554
|gametype|singles
|player|p1|MichaelDestroyedU|101|1147
|player|p2|SnorlaxDude_143|unknown|1150
|gen|9
|tier|[Gen 9] OU
|rated|
|rule|HP Percentage Mod: HP is shown in percentages
|rule|Endless Battle Clause: Forcing endless battles is banned
|rule|Species Clause: Limit one of each Pokémon
|rule|OHKO Clause: OHKO moves are banned
|rule|Evasion Items Clause: Evasion items are banned
|rule|Evasion Moves Clause: Evasion moves are banned
|rule|Evasion Abilities Clause: Evasion abilities are banned
|rule|Sleep Moves Clause: Sleep-inducing moves are banned
|clearpoke
|poke|p1|Clefable, F|
|poke|p1|Ninetales, F|
|poke|p1|Gardevoir, F|
|poke|p1|Dragonite, M|
|poke|p1|Glimmora, F|
|poke|p1|Hatterene, F|
|poke|p2|Minior-Yellow|
|poke|p2|Electrode-Hisui|
|poke|p2|Ribombee, F|
|poke|p2|Great Tusk|
|poke|p2|Skeledirge, M|
|poke|p2|Porygon2|
|teampreview
|inactive|Battle timer is ON: inactive players will automatically lose when time's up. (requested by SnorlaxDude_143)
|c|☆MichaelDestroyedU|Glhf
|
|t:|1779581574
|teamsize|p1|6
|teamsize|p2|6
|start
|switch|p1a: Hatterene|Hatterene, F|100/100
|switch|p2a: Ribombee|Ribombee, F|100/100
|turn|1
|
|t:|1779581589
|move|p2a: Ribombee|Stun Spore|p1a: Hatterene
|move|p1a: Hatterene|Stun Spore|p2a: Ribombee|[from] ability: Magic Bounce
|-status|p2a: Ribombee|par
|move|p1a: Hatterene|Future Sight|p2a: Ribombee
|-start|p1a: Hatterene|move: Future Sight
|
|upkeep
|turn|2
|
|t:|1779581600
|move|p2a: Ribombee|Tailwind|p2a: Ribombee
|-sidestart|p2: SnorlaxDude_143|move: Tailwind
|move|p1a: Hatterene|Light Screen|p1a: Hatterene
|-sidestart|p1: MichaelDestroyedU|move: Light Screen
|
|upkeep
|turn|3
|
|t:|1779581606
|move|p2a: Ribombee|Moonblast|p1a: Hatterene
|-damage|p1a: Hatterene|86/100
|-unboost|p1a: Hatterene|spa|1
|move|p1a: Hatterene|Reflect|p1a: Hatterene
|-sidestart|p1: MichaelDestroyedU|Reflect
|
|-end|p2a: Ribombee|move: Future Sight
|-damage|p2a: Ribombee|46/100 par
|upkeep
|turn|4
|
|t:|1779581619
|switch|p2a: Electrode|Electrode-Hisui|100/100
|move|p1a: Hatterene|Future Sight|p2a: Electrode
|-start|p1a: Hatterene|move: Future Sight
|
|upkeep
|turn|5
|
|t:|1779581627
|move|p2a: Electrode|Thunderbolt|p1a: Hatterene
|-damage|p1a: Hatterene|62/100
|move|p1a: Hatterene|Draining Kiss|p2a: Electrode
|-damage|p2a: Electrode|75/100
|-heal|p1a: Hatterene|78/100|[from] drain|[of] p2a: Electrode
|
|-sideend|p2: SnorlaxDude_143|move: Tailwind
|upkeep
|turn|6
|
|t:|1779581640
|switch|p1a: GarDIVAr|Gardevoir, F, shiny|100/100
|-ability|p1a: GarDIVAr|Aftermath|Trace|[from] ability: Trace|[of] p2a: Electrode
|move|p2a: Electrode|Thunderbolt|p1a: GarDIVAr
|-damage|p1a: GarDIVAr|78/100
|
|-end|p2a: Electrode|move: Future Sight
|-damage|p2a: Electrode|0 fnt
|faint|p2a: Electrode
|upkeep
|
|t:|1779581658
|switch|p2a: Minior|Minior-Yellow|100/100
|-formechange|p2a: Minior|Minior-Meteor||[from] ability: Shields Down
|turn|7
|
|t:|1779581665
|move|p2a: Minior|Shell Smash|p2a: Minior
|-unboost|p2a: Minior|def|1
|-unboost|p2a: Minior|spd|1
|-boost|p2a: Minior|atk|2
|-boost|p2a: Minior|spa|2
|-boost|p2a: Minior|spe|2
|-enditem|p2a: Minior|White Herb
|-clearnegativeboost|p2a: Minior|[silent]
|move|p1a: GarDIVAr|Moonblast|p2a: Minior
|-damage|p2a: Minior|1/100
|
|-formechange|p2a: Minior|Minior-Yellow||[from] ability: Shields Down
|upkeep
|turn|8
|
|t:|1779581678
|switch|p1a: Fre Sha Vacado|Clefable, F, shiny|100/100
|move|p2a: Minior|Acrobatics|p1a: Fre Sha Vacado
|-damage|p1a: Fre Sha Vacado|83/100
|
|-heal|p1a: Fre Sha Vacado|90/100|[from] item: Leftovers
|upkeep
|turn|9
|
|t:|1779581686
|move|p2a: Minior|Stone Edge|p1a: Fre Sha Vacado|[miss]
|-miss|p2a: Minior|p1a: Fre Sha Vacado
|move|p1a: Fre Sha Vacado|Copycat|p1a: Fre Sha Vacado
|move|p1a: Fre Sha Vacado|Stone Edge|p2a: Minior|[from] move: Copycat
|-supereffective|p2a: Minior
|-damage|p2a: Minior|0 fnt
|faint|p2a: Minior
|
|-heal|p1a: Fre Sha Vacado|96/100|[from] item: Leftovers
|-sideend|p1: MichaelDestroyedU|move: Light Screen
|upkeep
|
|t:|1779581697
|switch|p2a: Porygon2|Porygon2|100/100
|-ability|p2a: Porygon2|Unaware|Trace|[from] ability: Trace|[of] p1a: Fre Sha Vacado
|turn|10
|
|t:|1779581706
|move|p1a: Fre Sha Vacado|Wish|p1a: Fre Sha Vacado
|move|p2a: Porygon2|Thunder Wave|p1a: Fre Sha Vacado|[miss]
|-miss|p2a: Porygon2|p1a: Fre Sha Vacado
|
|-heal|p1a: Fre Sha Vacado|100/100|[from] item: Leftovers
|-sideend|p1: MichaelDestroyedU|Reflect
|upkeep
|turn|11
|
|t:|1779581713
|switch|p1a: Hatterene|Hatterene, F|78/100
|move|p2a: Porygon2|Thunder Wave|p1a: Hatterene
|move|p1a: Hatterene|Thunder Wave|p2a: Porygon2|[from] ability: Magic Bounce
|-status|p2a: Porygon2|par
|
|-heal|p1a: Hatterene|100/100|[from] move: Wish|[wisher] Fre Sha Vacado
|upkeep
|turn|12
|-message|SnorlaxDude_143 forfeited.
|
|win|MichaelDestroyedU
|raw|MichaelDestroyedU's rating: 1147 &rarr; <strong>1172</strong><br />(+25 for winning)
|raw|SnorlaxDude_143's rating: 1150 &rarr; <strong>1125</strong><br />(-25 for losing)
|l|☆SnorlaxDude_143
|player|p2|
|l|☆MichaelDestroyedU
|player|p1|
