|j|☆texett
|j|☆harrolux
|t:|1779681772
|gametype|singles
|player|p1|texett|lady|1443
|player|p2|harrolux|steven|1458
|gen|9
|tier|[Gen 9] OU
|rated|
|rule|HP Percentage Mod: HP is shown in percentages
|rule|Endless Battle Clause: Forcing endless battles is banned
|rule|Species Clause: Limit one of each Pokémon
|rule|OHKO Clause: OHKO moves are banned
|rule|Evasion Items Clause: Evasion items are banned
|rule|Evasion Moves Clause: Evasion moves are banned
|rule|Evasion Abilities Clause: Evasion abilities are banned
|rule|Sleep Moves Clause: Sleep-inducing moves are banned
|clearpoke
|poke|p1|Slither Wing|
|poke|p1|Meowscarada, F|
|poke|p1|Magnezone|
|poke|p1|Glimmora, M|
|poke|p1|Dragonite, M|
|poke|p1|Landorus-Therian, M|
|poke|p2|Zamazenta-*|
|poke|p2|Mimikyu, F|
|poke|p2|Rotom-Wash|
|poke|p2|Kyurem|
|poke|p2|Araquanid, M|
|poke|p2|Hoopa-Unbound|
|teampreview
|inactive|Battle timer is ON: inactive players will automatically lose when time's up. (requested by texett)
|
|t:|1779681782
|teamsize|p1|6
|teamsize|p2|6
|start
|switch|p1a: Meowscarada|Meowscarada, F, shiny|100/100
|switch|p2a: Red Hood|Rotom-Wash, shiny|100/100
|turn|1
|
|t:|1779681798
|-terastallize|p2a: Red Hood|Electric
|move|p1a: Meowscarada|U-turn|p2a: Red Hood
|-start|p1a: Meowscarada|typechange|Bug|[from] ability: Protean
|-damage|p2a: Red Hood|79/100
|
|t:|1779681805
|switch|p1a: Landorus|Landorus-Therian, M, shiny|100/100|[from] U-turn
|-ability|p1a: Landorus|Intimidate|boost
|-unboost|p2a: Red Hood|atk|1
|move|p2a: Red Hood|Will-O-Wisp|p1a: Landorus
|-status|p1a: Landorus|brn
|
|-heal|p2a: Red Hood|85/100|[from] item: Leftovers
|-damage|p1a: Landorus|95/100 brn|[from] brn
|upkeep
|turn|2
|
|t:|1779681815
|move|p1a: Landorus|U-turn|p2a: Red Hood
|-damage|p2a: Red Hood|73/100
|
|t:|1779681818
|switch|p1a: Magnezone|Magnezone|100/100|[from] U-turn
|move|p2a: Red Hood|Eerie Impulse|p1a: Magnezone
|-unboost|p1a: Magnezone|spa|2
|
|-heal|p2a: Red Hood|79/100|[from] item: Leftovers
|upkeep
|turn|3
|
|t:|1779681825
|move|p1a: Magnezone|Volt Switch|p2a: Red Hood
|-resisted|p2a: Red Hood
|-damage|p2a: Red Hood|65/100
|
|t:|1779681829
|switch|p1a: Landorus|Landorus-Therian, M, shiny|95/100 brn|[from] Volt Switch
|-ability|p1a: Landorus|Intimidate|boost
|-unboost|p2a: Red Hood|atk|1
|move|p2a: Red Hood|Dark Pulse|p1a: Landorus
|-damage|p1a: Landorus|62/100 brn
|-enditem|p1a: Landorus|Eject Button
|
|t:|1779681835
|switch|p1a: Meowscarada|Meowscarada, F, shiny|100/100
|
|-heal|p2a: Red Hood|71/100|[from] item: Leftovers
|upkeep
|turn|4
|
|t:|1779681842
|move|p1a: Meowscarada|Shadow Ball|p2a: Red Hood
|-start|p1a: Meowscarada|typechange|Ghost|[from] ability: Protean
|-damage|p2a: Red Hood|18/100
|move|p2a: Red Hood|Will-O-Wisp|p1a: Meowscarada
|-status|p1a: Meowscarada|brn
|
|-heal|p2a: Red Hood|24/100|[from] item: Leftovers
|-damage|p1a: Meowscarada|94/100 brn|[from] brn
|upkeep
|turn|5
|
|t:|1779681854
|move|p1a: Meowscarada|Shadow Ball|p2a: Red Hood
|-damage|p2a: Red Hood|0 fnt
|faint|p2a: Red Hood
|
|-damage|p1a: Meowscarada|88/100 brn|[from] brn
|upkeep
|
|t:|1779681859
|switch|p2a: Raven|Mimikyu, F, shiny|100/100
|turn|6
|
|t:|1779681864
|switch|p1a: Landorus|Landorus-Therian, M, shiny|62/100 brn
|-ability|p1a: Landorus|Intimidate|boost
|-unboost|p2a: Raven|atk|1
|move|p2a: Raven|Swords Dance|p2a: Raven
|-boost|p2a: Raven|atk|2
|
|-damage|p1a: Landorus|56/100 brn|[from] brn
|upkeep
|turn|7
|
|t:|1779681872
|switch|p1a: Glimmora|Glimmora, M, shiny|100/100
|move|p2a: Raven|Swords Dance|p2a: Raven
|-boost|p2a: Raven|atk|2
|
|upkeep
|turn|8
|
|t:|1779681879
|move|p1a: Glimmora|Stealth Rock|p2a: Raven
|-sidestart|p2: harrolux|move: Stealth Rock
|move|p2a: Raven|Swords Dance|p2a: Raven
|-boost|p2a: Raven|atk|2
|
|upkeep
|turn|9
|
|t:|1779681889
|switch|p1a: Landorus|Landorus-Therian, M, shiny|56/100 brn
|-ability|p1a: Landorus|Intimidate|boost
|-unboost|p2a: Raven|atk|1
|move|p2a: Raven|Shadow Sneak|p1a: Landorus
|-damage|p1a: Landorus|0 fnt
|faint|p1a: Landorus
|-damage|p2a: Raven|91/100|[from] item: Life Orb
|
|upkeep
|
|t:|1779681897
|switch|p1a: Glimmora|Glimmora, M, shiny|100/100
|turn|10
|
|t:|1779681900
|move|p2a: Raven|Shadow Sneak|p1a: Glimmora
|-damage|p1a: Glimmora|15/100
|-activate|p1a: Glimmora|ability: Toxic Debris
|-sidestart|p2: harrolux|move: Toxic Spikes
|-enditem|p1a: Glimmora|Red Card|[of] p2a: Raven
|drag|p2a: Deathstroke|Hoopa-Unbound|100/100
|-damage|p2a: Deathstroke|88/100|[from] Stealth Rock
|-status|p2a: Deathstroke|psn
|move|p1a: Glimmora|Sludge Wave|p2a: Deathstroke
|-damage|p2a: Deathstroke|45/100 psn
|
|-damage|p2a: Deathstroke|33/100 psn|[from] psn
|upkeep
|turn|11
|
|t:|1779681914
|move|p1a: Glimmora|Sludge Wave|p2a: Deathstroke
|-damage|p2a: Deathstroke|0 fnt
|faint|p2a: Deathstroke
|
|upkeep
|
|t:|1779681919
|switch|p2a: Raven|Mimikyu, F, shiny|91/100
|-damage|p2a: Raven|78/100|[from] Stealth Rock
|-status|p2a: Raven|psn
|turn|12
|
|t:|1779681927
|move|p1a: Glimmora|Sludge Wave|p2a: Raven
|-activate|p2a: Raven|ability: Disguise
|-damage|p2a: Raven|78/100 psn
|detailschange|p2a: Raven|Mimikyu-Busted, F, shiny
|-damage|p2a: Raven|66/100 psn|[from] pokemon: Mimikyu-Busted
|move|p2a: Raven|Swords Dance|p2a: Raven
|-boost|p2a: Raven|atk|2
|
|-damage|p2a: Raven|53/100 psn|[from] psn
|upkeep
|turn|13
|
|t:|1779681936
|move|p2a: Raven|Shadow Sneak|p1a: Glimmora
|-damage|p1a: Glimmora|0 fnt
|-activate|p1a: Glimmora|ability: Toxic Debris
|-sidestart|p2: harrolux|move: Toxic Spikes
|faint|p1a: Glimmora
|-damage|p2a: Raven|44/100 psn|[from] item: Life Orb
|
|-damage|p2a: Raven|31/100 psn|[from] psn
|upkeep
|
|t:|1779681941
|switch|p1a: Meowscarada|Meowscarada, F, shiny|88/100 brn
|turn|14
|
|t:|1779681948
|move|p2a: Raven|Shadow Sneak|p1a: Meowscarada
|-resisted|p1a: Meowscarada
|-damage|p1a: Meowscarada|52/100 brn
|-damage|p2a: Raven|21/100 psn|[from] item: Life Orb
|move|p1a: Meowscarada|Shadow Ball|p2a: Raven
|-start|p1a: Meowscarada|typechange|Ghost|[from] ability: Protean
|-supereffective|p2a: Raven
|-crit|p2a: Raven
|-damage|p2a: Raven|0 fnt
|faint|p2a: Raven
|
|-damage|p1a: Meowscarada|46/100 brn|[from] brn
|upkeep
|
|t:|1779681967
|switch|p2a: Peter Parker|Araquanid, M|100/100
|-damage|p2a: Peter Parker|76/100|[from] Stealth Rock
|-status|p2a: Peter Parker|tox
|turn|15
|
|t:|1779681972
|switch|p1a: Dragonite|Dragonite, M, shiny|100/100
|move|p2a: Peter Parker|Liquidation|p1a: Dragonite
|-resisted|p1a: Dragonite
|-damage|p1a: Dragonite|83/100
|
|-damage|p2a: Peter Parker|70/100 tox|[from] psn
|upkeep
|turn|16
|
|t:|1779681981
|move|p1a: Dragonite|Encore|p2a: Peter Parker
|-start|p2a: Peter Parker|Encore
|move|p2a: Peter Parker|Liquidation|p1a: Dragonite
|-resisted|p1a: Dragonite
|-damage|p1a: Dragonite|45/100
|
|-damage|p2a: Peter Parker|57/100 tox|[from] psn
|upkeep
|turn|17
|
|t:|1779681988
|move|p1a: Dragonite|Roost|p1a: Dragonite
|-heal|p1a: Dragonite|95/100
|-singleturn|p1a: Dragonite|move: Roost
|move|p2a: Peter Parker|Liquidation|p1a: Dragonite
|-resisted|p1a: Dragonite
|-damage|p1a: Dragonite|61/100
|
|-damage|p2a: Peter Parker|39/100 tox|[from] psn
|upkeep
|turn|18
|
|t:|1779682014
|move|p1a: Dragonite|Roost|p1a: Dragonite
|-heal|p1a: Dragonite|100/100
|-singleturn|p1a: Dragonite|move: Roost
|move|p2a: Peter Parker|Liquidation|p1a: Dragonite
|-resisted|p1a: Dragonite
|-damage|p1a: Dragonite|82/100
|
|-damage|p2a: Peter Parker|15/100 tox|[from] psn
|-end|p2a: Peter Parker|Encore
|upkeep
|turn|19
|
|t:|1779682023
|move|p1a: Dragonite|Air Slash|p2a: Peter Parker
|-supereffective|p2a: Peter Parker
|-damage|p2a: Peter Parker|0 fnt
|faint|p2a: Peter Parker
|
|upkeep
|
|t:|1779682036
|switch|p2a: Hawk|Kyurem, shiny|100/100
|-damage|p2a: Hawk|75/100|[from] Stealth Rock
|-status|p2a: Hawk|tox
|-ability|p2a: Hawk|Pressure
|turn|20
|
|t:|1779682053
|switch|p1a: Magnezone|Magnezone|100/100
|move|p2a: Hawk|Ice Beam|p1a: Magnezone
|-resisted|p1a: Magnezone
|-damage|p1a: Magnezone|69/100
|
|-damage|p2a: Hawk|69/100 tox|[from] psn
|upkeep
|turn|21
|
|t:|1779682060
|move|p1a: Magnezone|Flash Cannon|p2a: Hawk
|-supereffective|p2a: Hawk
|-damage|p2a: Hawk|0 fnt
|faint|p2a: Hawk
|
|upkeep
|
|t:|1779682064
|switch|p2a: Nightwing|Zamazenta|100/100
|-damage|p2a: Nightwing|94/100|[from] Stealth Rock
|-status|p2a: Nightwing|tox
|-ability|p2a: Nightwing|Dauntless Shield|boost
|-boost|p2a: Nightwing|def|1
|turn|22
|
|t:|1779682071
|move|p2a: Nightwing|Body Press|p1a: Magnezone
|-supereffective|p1a: Magnezone
|-damage|p1a: Magnezone|0 fnt
|faint|p1a: Magnezone
|
|-damage|p2a: Nightwing|88/100 tox|[from] psn
|upkeep
|
|t:|1779682074
|switch|p1a: Slither Wing|Slither Wing, shiny|100/100
|-enditem|p1a: Slither Wing|Booster Energy
|-activate|p1a: Slither Wing|ability: Protosynthesis|[fromitem]
|-start|p1a: Slither Wing|protosynthesisspe
|turn|23
|
|t:|1779682083
|move|p1a: Slither Wing|Bulk Up|p1a: Slither Wing
|-boost|p1a: Slither Wing|atk|1
|-boost|p1a: Slither Wing|def|1
|move|p2a: Nightwing|Stone Edge|p1a: Slither Wing|[miss]
|-miss|p2a: Nightwing|p1a: Slither Wing
|
|-damage|p2a: Nightwing|76/100 tox|[from] psn
|upkeep
|turn|24
|-message|harrolux forfeited.
|
|win|texett
|raw|texett's rating: 1443 &rarr; <strong>1464</strong><br />(+21 for winning)
|raw|harrolux's rating: 1458 &rarr; <strong>1437</strong><br />(-21 for losing)
|l|☆harrolux
|player|p2|
|l|☆texett
|player|p1|
