|j|‽kerom.pk
|j|☆will-i-am2
|t:|1779591244
|gametype|singles
|player|p1|kerom.pk|169|1601
|player|p2|will-i-am2|169|1673
|gen|9
|tier|[Gen 9] OU
|rated|
|rule|HP Percentage Mod: HP is shown in percentages
|rule|Endless Battle Clause: Forcing endless battles is banned
|rule|Species Clause: Limit one of each Pokémon
|rule|OHKO Clause: OHKO moves are banned
|rule|Evasion Items Clause: Evasion items are banned
|rule|Evasion Moves Clause: Evasion moves are banned
|rule|Evasion Abilities Clause: Evasion abilities are banned
|rule|Sleep Moves Clause: Sleep-inducing moves are banned
|clearpoke
|poke|p1|Clodsire, F|
|poke|p1|Alomomola, M|
|poke|p1|Hydrapple, M|
|poke|p1|Meowscarada, F|
|poke|p1|Primarina, F|
|poke|p1|Weezing-Galar, F|
|poke|p2|Hydreigon, F|
|poke|p2|Registeel|
|poke|p2|Mandibuzz, F|
|poke|p2|Pawmot, M|
|poke|p2|Mamoswine, M|
|poke|p2|Slowbro, M|
|teampreview
|inactive|Battle timer is ON: inactive players will automatically lose when time's up. (requested by kerom.pk)
|
|t:|1779591259
|teamsize|p1|6
|teamsize|p2|6
|start
|switch|p1a: Alomomola|Alomomola, M|100/100
|switch|p2a: Mamoswine|Mamoswine, M|100/100
|turn|1
|
|t:|1779591264
|switch|p2a: Registeel|Registeel|100/100
|move|p1a: Alomomola|Flip Turn|p2a: Registeel
|-damage|p2a: Registeel|90/100
|
|t:|1779591275
|switch|p1a: Meowscarada|Meowscarada, F|100/100|[from] Flip Turn
|
|-heal|p2a: Registeel|96/100|[from] item: Leftovers
|upkeep
|turn|2
|
|t:|1779591297
|move|p1a: Meowscarada|Low Kick|p2a: Registeel
|-start|p1a: Meowscarada|typechange|Fighting|[from] ability: Protean
|-supereffective|p2a: Registeel
|-damage|p2a: Registeel|0 fnt
|faint|p2a: Registeel
|
|upkeep
|
|t:|1779591307
|switch|p2a: Slowbro|Slowbro, M|100/100
|turn|3
|
|t:|1779591313
|switch|p1a: Alomomola|Alomomola, M|100/100
|move|p2a: Slowbro|Scald|p1a: Alomomola
|-resisted|p1a: Alomomola
|-damage|p1a: Alomomola|83/100
|
|upkeep
|turn|4
|
|t:|1779591319
|move|p1a: Alomomola|Flip Turn|p2a: Slowbro
|-resisted|p2a: Slowbro
|-damage|p2a: Slowbro|94/100
|
|t:|1779591321
|switch|p1a: Hydrapple|Hydrapple, M|100/100|[from] Flip Turn
|move|p2a: Slowbro|Scald|p1a: Hydrapple
|-resisted|p1a: Hydrapple
|-damage|p1a: Hydrapple|93/100
|
|-heal|p2a: Slowbro|99/100|[from] item: Leftovers
|upkeep
|turn|5
|j| FaronAan
|
|t:|1779591331
|move|p1a: Hydrapple|Fickle Beam|p2a: Slowbro
|-damage|p2a: Slowbro|38/100
|move|p2a: Slowbro|Psychic|p1a: Hydrapple
|-damage|p1a: Hydrapple|60/100
|
|-heal|p2a: Slowbro|45/100|[from] item: Leftovers
|upkeep
|turn|6
|
|t:|1779591342
|switch|p2a: Mandibuzz|Mandibuzz, F|100/100
|move|p1a: Hydrapple|Fickle Beam|p2a: Mandibuzz
|-damage|p2a: Mandibuzz|56/100
|
|upkeep
|turn|7
|
|t:|1779591347
|move|p2a: Mandibuzz|Roost|p2a: Mandibuzz
|-heal|p2a: Mandibuzz|100/100
|-singleturn|p2a: Mandibuzz|move: Roost
|move|p1a: Hydrapple|Fickle Beam|p2a: Mandibuzz
|-damage|p2a: Mandibuzz|52/100
|
|upkeep
|turn|8
|
|t:|1779591350
|move|p2a: Mandibuzz|Roost|p2a: Mandibuzz
|-heal|p2a: Mandibuzz|100/100
|-singleturn|p2a: Mandibuzz|move: Roost
|move|p1a: Hydrapple|Fickle Beam|p2a: Mandibuzz
|-damage|p2a: Mandibuzz|51/100
|
|upkeep
|turn|9
|
|t:|1779591355
|switch|p1a: Weezing|Weezing-Galar, F|100/100
|-ability|p1a: Weezing|Neutralizing Gas
|move|p2a: Mandibuzz|Roost|p2a: Mandibuzz
|-heal|p2a: Mandibuzz|100/100
|-singleturn|p2a: Mandibuzz|move: Roost
|
|upkeep
|turn|10
|
|t:|1779591359
|switch|p2a: Slowbro|Slowbro, M|78/100
|move|p1a: Weezing|Will-O-Wisp|p2a: Slowbro
|-status|p2a: Slowbro|brn
|
|-heal|p2a: Slowbro|84/100 brn|[from] item: Leftovers
|-damage|p2a: Slowbro|78/100 brn|[from] brn
|upkeep
|turn|11
|
|t:|1779591364
|move|p1a: Weezing|Strange Steam|p2a: Slowbro
|-damage|p2a: Slowbro|51/100 brn
|move|p2a: Slowbro|Scald|p1a: Weezing
|-damage|p1a: Weezing|56/100
|-status|p1a: Weezing|brn
|
|-heal|p1a: Weezing|62/100 brn|[from] item: Leftovers
|-heal|p2a: Slowbro|57/100 brn|[from] item: Leftovers
|-damage|p1a: Weezing|56/100 brn|[from] brn
|-damage|p2a: Slowbro|51/100 brn|[from] brn
|upkeep
|turn|12
|
|t:|1779591377
|move|p1a: Weezing|Strange Steam|p2a: Slowbro
|-damage|p2a: Slowbro|24/100 brn
|move|p2a: Slowbro|Psychic|p1a: Weezing
|-supereffective|p1a: Weezing
|-damage|p1a: Weezing|0 fnt
|faint|p1a: Weezing
|-end|p1a: Weezing|ability: Neutralizing Gas
|
|-heal|p2a: Slowbro|31/100 brn|[from] item: Leftovers
|-damage|p2a: Slowbro|24/100 brn|[from] brn
|upkeep
|
|t:|1779591383
|switch|p1a: Meowscarada|Meowscarada, F|100/100
|turn|13
|
|t:|1779591385
|switch|p2a: Mandibuzz|Mandibuzz, F|100/100
|move|p1a: Meowscarada|Knock Off|p2a: Mandibuzz
|-start|p1a: Meowscarada|typechange|Dark|[from] ability: Protean
|-resisted|p2a: Mandibuzz
|-damage|p2a: Mandibuzz|81/100
|-damage|p1a: Meowscarada|84/100|[from] item: Rocky Helmet|[of] p2a: Mandibuzz
|-enditem|p2a: Mandibuzz|Rocky Helmet|[from] move: Knock Off|[of] p1a: Meowscarada
|
|upkeep
|turn|14
|
|t:|1779591398
|switch|p1a: Alomomola|Alomomola, M|100/100
|move|p2a: Mandibuzz|Foul Play|p1a: Alomomola
|-crit|p1a: Alomomola
|-damage|p1a: Alomomola|76/100
|
|upkeep
|turn|15
|
|t:|1779591404
|move|p2a: Mandibuzz|Foul Play|p1a: Alomomola
|-damage|p1a: Alomomola|60/100
|move|p1a: Alomomola|Flip Turn|p2a: Mandibuzz
|-damage|p2a: Mandibuzz|70/100
|
|t:|1779591408
|switch|p1a: Primarina|Primarina, F|100/100|[from] Flip Turn
|
|upkeep
|turn|16
|
|t:|1779591414
|switch|p2a: Mamoswine|Mamoswine, M|100/100
|move|p1a: Primarina|Moonblast|p2a: Mamoswine
|-damage|p2a: Mamoswine|45/100
|-unboost|p2a: Mamoswine|spa|1
|
|upkeep
|turn|17
|
|t:|1779591421
|move|p2a: Mamoswine|Earthquake|p1a: Primarina
|-damage|p1a: Primarina|24/100
|move|p1a: Primarina|Moonblast|p2a: Mamoswine
|-damage|p2a: Mamoswine|0 fnt
|faint|p2a: Mamoswine
|
|-heal|p1a: Primarina|31/100|[from] item: Leftovers
|upkeep
|
|t:|1779591426
|switch|p2a: Pawmot|Pawmot, M|100/100
|turn|18
|
|t:|1779591432
|move|p2a: Pawmot|Ice Punch|p1a: Primarina
|-resisted|p1a: Primarina
|-damage|p1a: Primarina|15/100
|-damage|p2a: Pawmot|91/100|[from] item: Life Orb
|move|p1a: Primarina|Moonblast|p2a: Pawmot
|-supereffective|p2a: Pawmot
|-damage|p2a: Pawmot|0 fnt
|faint|p2a: Pawmot
|
|-heal|p1a: Primarina|21/100|[from] item: Leftovers
|upkeep
|
|t:|1779591435
|switch|p2a: Hydreigon|Hydreigon, F|100/100
|turn|19
|
|t:|1779591438
|move|p1a: Primarina|Protect|p1a: Primarina
|-singleturn|p1a: Primarina|Protect
|move|p2a: Hydreigon|Earth Power|p1a: Primarina
|-activate|p1a: Primarina|move: Protect
|
|-heal|p1a: Primarina|27/100|[from] item: Leftovers
|upkeep
|turn|20
|
|t:|1779591443
|switch|p1a: Alomomola|Alomomola, M|93/100
|move|p2a: Hydreigon|Nasty Plot|p2a: Hydreigon
|-boost|p2a: Hydreigon|spa|2
|
|upkeep
|turn|21
|
|t:|1779591448
|move|p2a: Hydreigon|Nasty Plot|p2a: Hydreigon
|-boost|p2a: Hydreigon|spa|2
|move|p1a: Alomomola|Wish|p1a: Alomomola
|
|upkeep
|turn|22
|
|t:|1779591454
|move|p2a: Hydreigon|Earth Power|p1a: Alomomola
|-damage|p1a: Alomomola|18/100
|move|p1a: Alomomola|Flip Turn|p2a: Hydreigon
|-resisted|p2a: Hydreigon
|-damage|p2a: Hydreigon|92/100
|
|t:|1779591457
|switch|p1a: Primarina|Primarina, F|27/100|[from] Flip Turn
|
|-heal|p1a: Primarina|94/100|[from] move: Wish|[wisher] Alomomola
|-heal|p1a: Primarina|99/100|[from] item: Leftovers
|upkeep
|turn|23
|
|t:|1779591460
|-terastallize|p2a: Hydreigon|Ground
|move|p2a: Hydreigon|Earth Power|p1a: Primarina
|-damage|p1a: Primarina|0 fnt
|faint|p1a: Primarina
|
|upkeep
|
|t:|1779591465
|switch|p1a: Meowscarada|Meowscarada, F|84/100
|turn|24
|
|t:|1779591474
|switch|p2a: Mandibuzz|Mandibuzz, F|70/100
|move|p1a: Meowscarada|Triple Axel|p2a: Mandibuzz
|-start|p1a: Meowscarada|typechange|Ice|[from] ability: Protean
|-supereffective|p2a: Mandibuzz
|-damage|p2a: Mandibuzz|54/100
|-supereffective|p2a: Mandibuzz
|-damage|p2a: Mandibuzz|20/100
|-hitcount|p2a: Mandibuzz|2
|
|upkeep
|turn|25
|
|t:|1779591478
|switch|p2a: Slowbro|Slowbro, M|58/100 brn
|move|p1a: Meowscarada|Triple Axel|p2a: Slowbro
|-resisted|p2a: Slowbro
|-damage|p2a: Slowbro|52/100 brn
|-hitcount|p2a: Slowbro|1
|
|-heal|p2a: Slowbro|58/100 brn|[from] item: Leftovers
|-damage|p2a: Slowbro|52/100 brn|[from] brn
|upkeep
|turn|26
|
|t:|1779591485
|switch|p1a: Alomomola|Alomomola, M|51/100
|switch|p2a: Hydreigon|Hydreigon, F, tera:Ground|92/100
|
|upkeep
|turn|27
|
|t:|1779591489
|move|p2a: Hydreigon|Earth Power|p1a: Alomomola
|-damage|p1a: Alomomola|10/100
|move|p1a: Alomomola|Flip Turn|p2a: Hydreigon
|-supereffective|p2a: Hydreigon
|-damage|p2a: Hydreigon|51/100
|
|t:|1779591494
|switch|p1a: Meowscarada|Meowscarada, F|84/100|[from] Flip Turn
|
|upkeep
|turn|28
|
|t:|1779591500
|switch|p2a: Mandibuzz|Mandibuzz, F|20/100
|move|p1a: Meowscarada|U-turn|p2a: Mandibuzz
|-start|p1a: Meowscarada|typechange|Bug|[from] ability: Protean
|-damage|p2a: Mandibuzz|0 fnt
|faint|p2a: Mandibuzz
|
|t:|1779591506
|switch|p1a: Alomomola|Alomomola, M|43/100|[from] U-turn
|
|upkeep
|
|t:|1779591510
|switch|p2a: Hydreigon|Hydreigon, F, tera:Ground|51/100
|turn|29
|
|t:|1779591513
|move|p2a: Hydreigon|Draco Meteor|p1a: Alomomola
|-damage|p1a: Alomomola|0 fnt
|-unboost|p2a: Hydreigon|spa|2
|faint|p1a: Alomomola
|
|upkeep
|
|t:|1779591516
|switch|p1a: Meowscarada|Meowscarada, F|84/100
|turn|30
|
|t:|1779591521
|move|p1a: Meowscarada|Knock Off|p2a: Hydreigon
|-start|p1a: Meowscarada|typechange|Dark|[from] ability: Protean
|-damage|p2a: Hydreigon|0 fnt
|-enditem|p2a: Hydreigon|Expert Belt|[from] move: Knock Off|[of] p1a: Meowscarada
|faint|p2a: Hydreigon
|
|upkeep
|-message|will-i-am2 forfeited.
|
|win|kerom.pk
|raw|kerom.pk's rating: 1601 &rarr; <strong>1625</strong><br />(+24 for winning)
|raw|will-i-am2's rating: 1673 &rarr; <strong>1649</strong><br />(-24 for losing)
|l|☆will-i-am2
|player|p2|
|l|‽kerom.pk
|player|p1|
|l| FaronAan
