|j|☆gulp1
|j|☆GITANO CON ESO
|t:|1779706673
|gametype|singles
|player|p1|gulp1|266|1243
|player|p2|GITANO CON ESO|169|1282
|gen|9
|tier|[Gen 9] OU
|rated|
|rule|HP Percentage Mod: HP is shown in percentages
|rule|Endless Battle Clause: Forcing endless battles is banned
|rule|Species Clause: Limit one of each Pokémon
|rule|OHKO Clause: OHKO moves are banned
|rule|Evasion Items Clause: Evasion items are banned
|rule|Evasion Moves Clause: Evasion moves are banned
|rule|Evasion Abilities Clause: Evasion abilities are banned
|rule|Sleep Moves Clause: Sleep-inducing moves are banned
|clearpoke
|poke|p1|Glimmora, F|
|poke|p1|Bronzong|
|poke|p1|Dragapult, M|
|poke|p1|Clefable, F|
|poke|p1|Lapras, F|
|poke|p1|Pawmot, F|
|poke|p2|Ninetales, M|
|poke|p2|Ceruledge, F|
|poke|p2|Venusaur, F|
|poke|p2|Hatterene, F|
|poke|p2|Great Tusk|
|poke|p2|Walking Wake|
|teampreview
|inactive|Battle timer is ON: inactive players will automatically lose when time's up. (requested by GITANO CON ESO)
|
|t:|1779706685
|teamsize|p1|6
|teamsize|p2|6
|start
|switch|p1a: Bronzong|Bronzong, shiny|100/100
|switch|p2a: Ninetales|Ninetales, M|100/100
|-weather|SunnyDay|[from] ability: Drought|[of] p2a: Ninetales
|turn|1
|
|t:|1779706694
|switch|p1a: Glimmora|Glimmora, F, shiny|100/100
|move|p2a: Ninetales|Flamethrower|p1a: Glimmora
|-resisted|p1a: Glimmora
|-crit|p1a: Glimmora
|-damage|p1a: Glimmora|68/100
|
|-weather|SunnyDay|[upkeep]
|-heal|p1a: Glimmora|74/100|[from] item: Leftovers
|upkeep
|turn|2
|
|t:|1779706705
|switch|p2a: Hatterene|Hatterene, F|100/100
|move|p1a: Glimmora|Light Screen|p1a: Glimmora
|-sidestart|p1: gulp1|move: Light Screen
|
|-weather|SunnyDay|[upkeep]
|-heal|p1a: Glimmora|80/100|[from] item: Leftovers
|upkeep
|turn|3
|
|t:|1779706713
|move|p1a: Glimmora|Mortal Spin|p2a: Hatterene
|-supereffective|p2a: Hatterene
|-damage|p2a: Hatterene|87/100
|-status|p2a: Hatterene|psn
|-enditem|p2a: Hatterene|Eject Button
|
|t:|1779706720
|switch|p2a: Great Tusk|Great Tusk|100/100
|-activate|p2a: Great Tusk|ability: Protosynthesis
|-start|p2a: Great Tusk|protosynthesisspe
|
|-weather|SunnyDay|[upkeep]
|-heal|p1a: Glimmora|86/100|[from] item: Leftovers
|upkeep
|turn|4
|
|t:|1779706729
|move|p1a: Glimmora|Spiky Shield|p1a: Glimmora
|-singleturn|p1a: Glimmora|move: Protect
|move|p2a: Great Tusk|Headlong Rush|p1a: Glimmora
|-activate|p1a: Glimmora|move: Protect
|-damage|p2a: Great Tusk|88/100|[from] Spiky Shield|[of] p1a: Glimmora
|
|-weather|SunnyDay|[upkeep]
|-heal|p1a: Glimmora|92/100|[from] item: Leftovers
|upkeep
|turn|5
|
|t:|1779706738
|switch|p1a: Bronzong|Bronzong, shiny|100/100
|move|p2a: Great Tusk|Headlong Rush|p1a: Bronzong
|-immune|p1a: Bronzong|[from] ability: Levitate
|
|-weather|SunnyDay|[upkeep]
|-damage|p1a: Bronzong|88/100|[from] item: Sticky Barb
|upkeep
|turn|6
|
|t:|1779706745
|-end|p2a: Great Tusk|Protosynthesis|[silent]
|switch|p2a: Hatterene|Hatterene, F|87/100 psn
|move|p1a: Bronzong|Trick|p2a: Hatterene
|-activate|p1a: Bronzong|move: Trick|[of] p2a: Hatterene
|-item|p2a: Hatterene|Sticky Barb|[from] move: Trick
|-enditem|p1a: Bronzong|Sticky Barb|[silent]|[from] move: Trick
|
|-weather|SunnyDay|[upkeep]
|-damage|p2a: Hatterene|75/100 psn|[from] psn
|-sideend|p1: gulp1|move: Light Screen
|-damage|p2a: Hatterene|63/100 psn|[from] item: Sticky Barb
|upkeep
|turn|7
|
|t:|1779706760
|move|p1a: Bronzong|Night Shade|p2a: Hatterene
|-damage|p2a: Hatterene|31/100 psn
|move|p2a: Hatterene|Nuzzle|p1a: Bronzong
|-damage|p1a: Bronzong|85/100
|-status|p1a: Bronzong|par
|
|-weather|SunnyDay|[upkeep]
|-damage|p2a: Hatterene|19/100 psn|[from] psn
|-damage|p2a: Hatterene|7/100 psn|[from] item: Sticky Barb
|upkeep
|turn|8
|
|t:|1779706773
|move|p2a: Hatterene|Healing Wish|p2a: Hatterene
|faint|p2a: Hatterene
|move|p1a: Bronzong|Future Sight|p2: Hatterene
|-start|p1a: Bronzong|move: Future Sight
|
|-weather|none
|upkeep
|
|t:|1779706781
|switch|p2a: Ninetales|Ninetales, M|100/100
|-weather|SunnyDay|[from] ability: Drought|[of] p2a: Ninetales
|turn|9
|
|t:|1779706789
|switch|p1a: Glimmora|Glimmora, F, shiny|92/100
|move|p2a: Ninetales|Flamethrower|p1a: Glimmora
|-resisted|p1a: Glimmora
|-damage|p1a: Glimmora|73/100
|
|-weather|SunnyDay|[upkeep]
|-heal|p1a: Glimmora|79/100|[from] item: Leftovers
|upkeep
|turn|10
|
|t:|1779706796
|move|p2a: Ninetales|Will-O-Wisp|p1a: Glimmora
|-status|p1a: Glimmora|brn
|move|p1a: Glimmora|Light Screen|p1a: Glimmora
|-sidestart|p1: gulp1|move: Light Screen
|
|-weather|SunnyDay|[upkeep]
|-end|p2a: Ninetales|move: Future Sight
|-damage|p2a: Ninetales|68/100
|-heal|p1a: Glimmora|85/100 brn|[from] item: Leftovers
|-damage|p1a: Glimmora|79/100 brn|[from] brn
|upkeep
|turn|11
|
|t:|1779706806
|move|p2a: Ninetales|Encore|p1a: Glimmora
|-start|p1a: Glimmora|Encore
|move|p1a: Glimmora|Light Screen||[still]
|-fail|p1a: Glimmora
|
|-weather|SunnyDay|[upkeep]
|-heal|p1a: Glimmora|85/100 brn|[from] item: Leftovers
|-damage|p1a: Glimmora|79/100 brn|[from] brn
|upkeep
|turn|12
|
|t:|1779706818
|switch|p2a: Walking Wake|Walking Wake|100/100
|-activate|p2a: Walking Wake|ability: Protosynthesis
|-start|p2a: Walking Wake|protosynthesisspa
|move|p1a: Glimmora|Light Screen||[still]
|-fail|p1a: Glimmora
|
|-weather|SunnyDay|[upkeep]
|-heal|p1a: Glimmora|85/100 brn|[from] item: Leftovers
|-damage|p1a: Glimmora|79/100 brn|[from] brn
|upkeep
|turn|13
|
|t:|1779706827
|switch|p1a: Lapras|Lapras, F, shiny|100/100
|move|p2a: Walking Wake|Hydro Steam|p1a: Lapras
|-immune|p1a: Lapras|[from] ability: Water Absorb
|
|-weather|SunnyDay|[upkeep]
|upkeep
|turn|14
|c|☆GITANO CON ESO|hhang urself jewie
|inactive|GITANO CON ESO has 120 seconds left.
|-message|GITANO CON ESO forfeited.
|
|win|gulp1
