|j|☆cekongzi
|j|☆goodra62
|t:|1779716873
|gametype|singles
|player|p1|cekongzi|youngster-gen4dp|1192
|player|p2|goodra62|ghetsis-gen5bw|1112
|gen|9
|tier|[Gen 9] OU
|rated|
|rule|HP Percentage Mod: HP is shown in percentages
|rule|Endless Battle Clause: Forcing endless battles is banned
|rule|Species Clause: Limit one of each Pokémon
|rule|OHKO Clause: OHKO moves are banned
|rule|Evasion Items Clause: Evasion items are banned
|rule|Evasion Moves Clause: Evasion moves are banned
|rule|Evasion Abilities Clause: Evasion abilities are banned
|rule|Sleep Moves Clause: Sleep-inducing moves are banned
|clearpoke
|poke|p1|Flareon, M|
|poke|p1|Inteleon, M|
|poke|p1|Zoroark-Hisui, M|
|poke|p1|Great Tusk|
|poke|p1|Meowscarada, F|
|poke|p1|Raging Bolt|
|poke|p2|Froslass, F|
|poke|p2|Cinderace, M|
|poke|p2|Heatran, M|
|poke|p2|Pecharunt|
|poke|p2|Raging Bolt|
|poke|p2|Gliscor, M|
|teampreview
|inactive|Battle timer is ON: inactive players will automatically lose when time's up. (requested by cekongzi)
|
|t:|1779716888
|teamsize|p1|6
|teamsize|p2|6
|start
|switch|p1a: Great Tusk|Great Tusk|100/100
|switch|p2a: Pecharunt|Pecharunt|100/100
|turn|1
|
|t:|1779716895
|-terastallize|p1a: Great Tusk|Steel
|move|p1a: Great Tusk|Headlong Rush|p2a: Pecharunt
|-supereffective|p2a: Pecharunt
|-damage|p2a: Pecharunt|30/100
|-unboost|p1a: Great Tusk|def|1
|-unboost|p1a: Great Tusk|spd|1
|-damage|p1a: Great Tusk|84/100|[from] item: Rocky Helmet|[of] p2a: Pecharunt
|move|p2a: Pecharunt|Malignant Chain|p1a: Great Tusk
|-immune|p1a: Great Tusk
|
|-heal|p1a: Great Tusk|90/100|[from] item: Leftovers
|upkeep
|turn|2
|
|t:|1779716912
|switch|p2a: Gliscor|Gliscor, M|100/100
|move|p1a: Great Tusk|Ice Spinner|p2a: Gliscor
|-supereffective|p2a: Gliscor
|-damage|p2a: Gliscor|26/100
|
|-heal|p1a: Great Tusk|96/100|[from] item: Leftovers
|-status|p2a: Gliscor|tox|[from] item: Toxic Orb
|upkeep
|turn|3
|
|t:|1779716921
|move|p2a: Gliscor|Protect|p2a: Gliscor
|-singleturn|p2a: Gliscor|Protect
|move|p1a: Great Tusk|Ice Spinner|p2a: Gliscor
|-activate|p2a: Gliscor|move: Protect
|
|-heal|p1a: Great Tusk|100/100|[from] item: Leftovers
|-heal|p2a: Gliscor|38/100 tox|[from] ability: Poison Heal
|upkeep
|turn|4
|
|t:|1779716935
|switch|p2a: Cinderace|Cinderace, M|100/100
|move|p1a: Great Tusk|Ice Spinner|p2a: Cinderace
|-resisted|p2a: Cinderace
|-damage|p2a: Cinderace|81/100
|
|upkeep
|turn|5
|
|t:|1779716941
|-end|p1a: Great Tusk|Protosynthesis|[silent]
|switch|p1a: Flareon|Flareon, M|100/100
|move|p2a: Cinderace|High Jump Kick|p1a: Flareon
|-start|p2a: Cinderace|typechange|Fighting|[from] ability: Libero
|-crit|p1a: Flareon
|-damage|p1a: Flareon|0 fnt
|faint|p1a: Flareon
|
|upkeep
|
|t:|1779716947
|switch|p1a: Great Tusk|Great Tusk, tera:Steel|100/100
|turn|6
|
|t:|1779716950
|-end|p1a: Great Tusk|Protosynthesis|[silent]
|switch|p1a: Meowscarada|Meowscarada, F|100/100
|move|p2a: Cinderace|High Jump Kick|p1a: Meowscarada
|-immune|p1a: Meowscarada
|-damage|p2a: Cinderace|31/100|[from] highjumpkick
|
|upkeep
|turn|7
|
|t:|1779716969
|switch|p2a: Froslass|Froslass, F|100/100
|move|p1a: Meowscarada|Bitter Malice|p2a: Froslass
|-supereffective|p2a: Froslass
|-enditem|p2a: Froslass|Focus Sash
|-damage|p2a: Froslass|1/100
|-unboost|p2a: Froslass|atk|1
|
|upkeep
|turn|8
|
|t:|1779716978
|move|p1a: Meowscarada|Bitter Malice|p2a: Froslass
|-supereffective|p2a: Froslass
|-damage|p2a: Froslass|0 fnt
|faint|p2a: Froslass
|
|upkeep
|
|t:|1779716989
|switch|p2a: Raging Bolt|Raging Bolt|100/100
|-enditem|p2a: Raging Bolt|Booster Energy
|-activate|p2a: Raging Bolt|ability: Protosynthesis|[fromitem]
|-start|p2a: Raging Bolt|protosynthesisspa
|turn|9
|
|t:|1779716994
|move|p2a: Raging Bolt|Thunderclap||[still]
|-fail|p2a: Raging Bolt
|move|p1a: Meowscarada|Taunt|p2a: Raging Bolt
|-start|p2a: Raging Bolt|move: Taunt
|
|upkeep
|turn|10
|
|t:|1779717002
|switch|p1a: Great Tusk|Great Tusk, tera:Steel|100/100
|move|p2a: Raging Bolt|Thunderclap||[still]
|-fail|p2a: Raging Bolt
|
|upkeep
|turn|11
|
|t:|1779717011
|-end|p2a: Raging Bolt|Protosynthesis|[silent]
|switch|p2a: Gliscor|Gliscor, M|38/100 tox
|move|p1a: Great Tusk|Headlong Rush|p2a: Gliscor
|-immune|p2a: Gliscor
|
|-heal|p2a: Gliscor|51/100 tox|[from] ability: Poison Heal
|upkeep
|turn|12
|
|t:|1779717019
|move|p1a: Great Tusk|Ice Spinner|p2a: Gliscor
|-supereffective|p2a: Gliscor
|-damage|p2a: Gliscor|0 fnt
|faint|p2a: Gliscor
|
|upkeep
|-message|goodra62 forfeited.
|
|win|cekongzi
|raw|cekongzi's rating: 1192 &rarr; <strong>1211</strong><br />(+19 for winning)
|raw|goodra62's rating: 1112 &rarr; <strong>1093</strong><br />(-19 for losing)
|l|☆goodra62
|player|p2|
|l|☆cekongzi
|player|p1|
