|j|☆alt1 lord greed
|j|☆antzinmypantz
|t:|1779711364
|gametype|singles
|player|p1|alt1 lord greed|265|1460
|player|p2|antzinmypantz|102|1447
|gen|9
|tier|[Gen 9] OU
|rated|
|rule|HP Percentage Mod: HP is shown in percentages
|rule|Endless Battle Clause: Forcing endless battles is banned
|rule|Species Clause: Limit one of each Pokémon
|rule|OHKO Clause: OHKO moves are banned
|rule|Evasion Items Clause: Evasion items are banned
|rule|Evasion Moves Clause: Evasion moves are banned
|rule|Evasion Abilities Clause: Evasion abilities are banned
|rule|Sleep Moves Clause: Sleep-inducing moves are banned
|clearpoke
|poke|p1|Glastrier|
|poke|p1|Slowking-Galar, M|
|poke|p1|Heatran, M|
|poke|p1|Tornadus-Therian, M|
|poke|p1|Hydrapple, F|
|poke|p1|Great Tusk|
|poke|p2|Dondozo, F|
|poke|p2|Clefable, F|
|poke|p2|Ting-Lu|
|poke|p2|Corviknight, M|
|poke|p2|Skeledirge, M|
|poke|p2|Latias, F|
|teampreview
|inactive|Battle timer is ON: inactive players will automatically lose when time's up. (requested by alt1 lord greed)
|
|t:|1779711383
|teamsize|p1|6
|teamsize|p2|6
|start
|switch|p1a: Tornadus|Tornadus-Therian, M|100/100
|switch|p2a: Dondozo|Dondozo, F|100/100
|turn|1
|
|t:|1779711389
|move|p1a: Tornadus|Knock Off|p2a: Dondozo
|-damage|p2a: Dondozo|88/100
|-enditem|p2a: Dondozo|Choice Band|[from] move: Knock Off|[of] p1a: Tornadus
|move|p2a: Dondozo|Wave Crash|p1a: Tornadus
|-damage|p1a: Tornadus|41/100
|-damage|p2a: Dondozo|74/100|[from] Recoil
|
|upkeep
|turn|2
|
|t:|1779711405
|switch|p1a: Hydrapple|Hydrapple, F, shiny|100/100
|move|p2a: Dondozo|Ice Fang|p1a: Hydrapple
|-supereffective|p1a: Hydrapple
|-damage|p1a: Hydrapple|37/100
|
|upkeep
|turn|3
|
|t:|1779711417
|move|p1a: Hydrapple|Leaf Storm|p2a: Dondozo
|-supereffective|p2a: Dondozo
|-damage|p2a: Dondozo|0 fnt
|-unboost|p1a: Hydrapple|spa|2
|faint|p2a: Dondozo
|
|upkeep
|
|t:|1779711425
|switch|p2a: Corviknight|Corviknight, M|100/100
|-ability|p2a: Corviknight|Pressure
|turn|4
|
|t:|1779711437
|switch|p1a: Tornadus|Tornadus-Therian, M|74/100
|move|p2a: Corviknight|Bulk Up|p2a: Corviknight
|-boost|p2a: Corviknight|atk|1
|-boost|p2a: Corviknight|def|1
|
|upkeep
|turn|5
|
|t:|1779711440
|move|p1a: Tornadus|Heat Wave|p2a: Corviknight
|-supereffective|p2a: Corviknight
|-damage|p2a: Corviknight|42/100
|-enditem|p2a: Corviknight|Weakness Policy
|-boost|p2a: Corviknight|atk|2|[from] item: Weakness Policy
|-boost|p2a: Corviknight|spa|2|[from] item: Weakness Policy
|move|p2a: Corviknight|Agility|p2a: Corviknight
|-boost|p2a: Corviknight|spe|2
|
|upkeep
|turn|6
|
|t:|1779711449
|-terastallize|p1a: Tornadus|Steel
|move|p2a: Corviknight|Power Trip|p1a: Tornadus
|-damage|p1a: Tornadus|0 fnt
|faint|p1a: Tornadus
|
|upkeep
|
|t:|1779711452
|switch|p1a: Heatran|Heatran, M, shiny|100/100
|turn|7
|
|t:|1779711457
|move|p2a: Corviknight|Power Trip|p1a: Heatran
|-damage|p1a: Heatran|0 fnt
|faint|p1a: Heatran
|
|upkeep
|
|t:|1779711467
|switch|p1a: Glastrier|Glastrier|100/100
|turn|8
|-activate|p1a: Glastrier|item: Quick Claw
|
|t:|1779711473
|move|p1a: Glastrier|Icicle Crash|p2a: Corviknight|[miss]
|-miss|p1a: Glastrier|p2a: Corviknight
|move|p2a: Corviknight|Power Trip|p1a: Glastrier
|-damage|p1a: Glastrier|5/100
|
|upkeep
|turn|9
|
|t:|1779711480
|move|p2a: Corviknight|Power Trip|p1a: Glastrier
|-damage|p1a: Glastrier|0 fnt
|faint|p1a: Glastrier
|
|upkeep
|
|t:|1779711482
|switch|p1a: Great Tusk|Great Tusk|100/100
|turn|10
|
|t:|1779711487
|move|p2a: Corviknight|Brave Bird|p1a: Great Tusk
|-supereffective|p1a: Great Tusk
|-damage|p1a: Great Tusk|0 fnt
|faint|p1a: Great Tusk
|-end|p1a: Great Tusk|Protosynthesis|[silent]
|-damage|p2a: Corviknight|6/100|[from] Recoil
|
|upkeep
|
|t:|1779711492
|switch|p1a: Hydrapple|Hydrapple, F, shiny|70/100
|turn|11
|
|t:|1779711498
|switch|p1a: Slowking|Slowking-Galar, M|100/100
|move|p2a: Corviknight|Power Trip|p1a: Slowking
|-supereffective|p1a: Slowking
|-damage|p1a: Slowking|0 fnt
|faint|p1a: Slowking
|
|upkeep
|
|t:|1779711499
|switch|p1a: Hydrapple|Hydrapple, F, shiny|100/100
|turn|12
|
|t:|1779711501
|move|p2a: Corviknight|Brave Bird|p1a: Hydrapple
|-supereffective|p1a: Hydrapple
|-damage|p1a: Hydrapple|0 fnt
|faint|p1a: Hydrapple
|-damage|p2a: Corviknight|0 fnt|[from] Recoil
|faint|p2a: Corviknight
|
|win|antzinmypantz
|raw|alt1 lord greed's rating: 1460 &rarr; <strong>1439</strong><br />(-21 for losing)
|raw|antzinmypantz's rating: 1447 &rarr; <strong>1468</strong><br />(+21 for winning)
|l|☆alt1 lord greed
|player|p1|
