|j|☆xp180
|j|‽aaagislash
|t:|1779702659
|gametype|singles
|player|p1|xp180|102|1479
|player|p2|aaagislash|1|1497
|gen|9
|tier|[Gen 9] OU
|rated|
|rule|HP Percentage Mod: HP is shown in percentages
|rule|Endless Battle Clause: Forcing endless battles is banned
|rule|Species Clause: Limit one of each Pokémon
|rule|OHKO Clause: OHKO moves are banned
|rule|Evasion Items Clause: Evasion items are banned
|rule|Evasion Moves Clause: Evasion moves are banned
|rule|Evasion Abilities Clause: Evasion abilities are banned
|rule|Sleep Moves Clause: Sleep-inducing moves are banned
|clearpoke
|poke|p1|Araquanid, M|
|poke|p1|Gholdengo|
|poke|p1|Raging Bolt|
|poke|p1|Iron Valiant|
|poke|p1|Ceruledge, M|
|poke|p1|Deoxys-Speed|
|poke|p2|Kommo-o, F|
|poke|p2|Moltres|
|poke|p2|Iron Valiant|
|poke|p2|Meowscarada, M|
|poke|p2|Scizor, M|
|poke|p2|Great Tusk|
|teampreview
|
|t:|1779702676
|teamsize|p1|6
|teamsize|p2|6
|start
|switch|p1a: Araquanid|Araquanid, M|100/100
|switch|p2a: Moltres|Moltres|100/100
|turn|1
|
|t:|1779702683
|move|p2a: Moltres|Hurricane|p1a: Araquanid
|-supereffective|p1a: Araquanid
|-damage|p1a: Araquanid|0 fnt
|faint|p1a: Araquanid
|-damage|p2a: Moltres|91/100|[from] item: Life Orb
|
|upkeep
|
|t:|1779702688
|switch|p1a: Raging Bolt|Raging Bolt|100/100
|-enditem|p1a: Raging Bolt|Booster Energy
|-activate|p1a: Raging Bolt|ability: Protosynthesis|[fromitem]
|-start|p1a: Raging Bolt|protosynthesisspa
|turn|2
|
|t:|1779702694
|-terastallize|p2a: Moltres|Ground
|move|p2a: Moltres|Agility|p2a: Moltres
|-boost|p2a: Moltres|spe|2
|move|p1a: Raging Bolt|Dragon Pulse|p2a: Moltres
|-damage|p2a: Moltres|21/100
|
|upkeep
|turn|3
|
|t:|1779702699
|move|p2a: Moltres|Scorching Sands|p1a: Raging Bolt
|-supereffective|p1a: Raging Bolt
|-crit|p1a: Raging Bolt
|-damage|p1a: Raging Bolt|0 fnt
|faint|p1a: Raging Bolt
|-end|p1a: Raging Bolt|Protosynthesis|[silent]
|-damage|p2a: Moltres|11/100|[from] item: Life Orb
|
|upkeep
|
|t:|1779702706
|switch|p1a: Iron Valiant|Iron Valiant|100/100
|-enditem|p1a: Iron Valiant|Booster Energy
|-activate|p1a: Iron Valiant|ability: Quark Drive|[fromitem]
|-start|p1a: Iron Valiant|quarkdrivespa
|turn|4
|
|t:|1779702710
|switch|p2a: Scizor|Scizor, M|100/100
|move|p1a: Iron Valiant|Moonblast|p2a: Scizor
|-resisted|p2a: Scizor
|-damage|p2a: Scizor|52/100
|-unboost|p2a: Scizor|spa|1
|
|-heal|p2a: Scizor|58/100|[from] item: Leftovers
|upkeep
|turn|5
|
|t:|1779702718
|-end|p1a: Iron Valiant|Quark Drive|[silent]
|switch|p1a: Ceruledge|Ceruledge, M|100/100
|move|p2a: Scizor|Bullet Punch|p1a: Ceruledge
|-resisted|p1a: Ceruledge
|-damage|p1a: Ceruledge|80/100
|-ability|p1a: Ceruledge|Weak Armor|boost
|-unboost|p1a: Ceruledge|def|1
|-boost|p1a: Ceruledge|spe|2
|
|-heal|p2a: Scizor|64/100|[from] item: Leftovers
|upkeep
|turn|6
|
|t:|1779702723
|switch|p2a: Kommo-o|Kommo-o, F|100/100
|move|p1a: Ceruledge|Swords Dance|p1a: Ceruledge
|-boost|p1a: Ceruledge|atk|2
|
|upkeep
|turn|7
|
|t:|1779702732
|switch|p2a: Iron Valiant|Iron Valiant|100/100
|-enditem|p2a: Iron Valiant|Booster Energy
|-activate|p2a: Iron Valiant|ability: Quark Drive|[fromitem]
|-start|p2a: Iron Valiant|quarkdrivespe
|move|p1a: Ceruledge|Bitter Blade|p2a: Iron Valiant
|-damage|p2a: Iron Valiant|0 fnt
|-heal|p1a: Ceruledge|100/100|[from] drain|[of] p2a: Iron Valiant
|faint|p2a: Iron Valiant
|-end|p2a: Iron Valiant|Quark Drive|[silent]
|
|upkeep
|
|t:|1779702736
|switch|p2a: Scizor|Scizor, M|64/100
|turn|8
|
|t:|1779702743
|switch|p2a: Moltres|Moltres, tera:Ground|11/100
|move|p1a: Ceruledge|Bitter Blade|p2a: Moltres
|-damage|p2a: Moltres|0 fnt
|faint|p2a: Moltres
|
|upkeep
|
|t:|1779702745
|switch|p2a: Great Tusk|Great Tusk|100/100
|-enditem|p2a: Great Tusk|Booster Energy
|-activate|p2a: Great Tusk|ability: Protosynthesis|[fromitem]
|-start|p2a: Great Tusk|protosynthesisatk
|turn|9
|
|t:|1779702753
|move|p1a: Ceruledge|Bitter Blade|p2a: Great Tusk
|-crit|p2a: Great Tusk
|-damage|p2a: Great Tusk|3/100
|move|p2a: Great Tusk|Headlong Rush|p1a: Ceruledge
|-supereffective|p1a: Ceruledge
|-enditem|p1a: Ceruledge|Focus Sash
|-damage|p1a: Ceruledge|1/100
|-unboost|p2a: Great Tusk|def|1
|-unboost|p2a: Great Tusk|spd|1
|-ability|p1a: Ceruledge|Weak Armor|boost
|-unboost|p1a: Ceruledge|def|1
|-boost|p1a: Ceruledge|spe|2
|
|upkeep
|turn|10
|
|t:|1779702759
|move|p1a: Ceruledge|Bitter Blade|p2a: Great Tusk
|-damage|p2a: Great Tusk|0 fnt
|-heal|p1a: Ceruledge|2/100|[from] drain|[of] p2a: Great Tusk
|faint|p2a: Great Tusk
|-end|p2a: Great Tusk|Protosynthesis|[silent]
|
|upkeep
|
|t:|1779702761
|switch|p2a: Scizor|Scizor, M|64/100
|turn|11
|
|t:|1779702766
|move|p1a: Ceruledge|Shadow Sneak|p2a: Scizor
|-damage|p2a: Scizor|9/100
|move|p2a: Scizor|Bullet Punch|p1a: Ceruledge
|-resisted|p1a: Ceruledge
|-damage|p1a: Ceruledge|0 fnt
|faint|p1a: Ceruledge
|
|-heal|p2a: Scizor|15/100|[from] item: Leftovers
|upkeep
|
|t:|1779702774
|switch|p1a: Gholdengo|Gholdengo|100/100
|-item|p1a: Gholdengo|Air Balloon
|turn|12
|
|t:|1779702780
|move|p1a: Gholdengo|Shadow Ball|p2a: Scizor
|-damage|p2a: Scizor|0 fnt
|faint|p2a: Scizor
|
|upkeep
|
|t:|1779702786
|switch|p2a: Kommo-o|Kommo-o, F|100/100
|turn|13
|
|t:|1779702790
|move|p2a: Kommo-o|Dragon Dance|p2a: Kommo-o
|-boost|p2a: Kommo-o|atk|1
|-boost|p2a: Kommo-o|spe|1
|move|p1a: Gholdengo|Nasty Plot|p1a: Gholdengo
|-boost|p1a: Gholdengo|spa|2
|
|upkeep
|turn|14
|
|t:|1779702795
|move|p2a: Kommo-o|Outrage|p1a: Gholdengo
|-resisted|p1a: Gholdengo
|-damage|p1a: Gholdengo|36/100
|-enditem|p1a: Gholdengo|Air Balloon
|-damage|p2a: Kommo-o|91/100|[from] item: Life Orb
|move|p1a: Gholdengo|Make It Rain|p2a: Kommo-o
|-damage|p2a: Kommo-o|0 fnt
|-unboost|p1a: Gholdengo|spa|1
|faint|p2a: Kommo-o
|
|upkeep
|
|t:|1779702799
|switch|p2a: Meowscarada|Meowscarada, M|100/100
|turn|15
|
|t:|1779702810
|move|p2a: Meowscarada|Endure|p2a: Meowscarada
|-singleturn|p2a: Meowscarada|move: Endure
|move|p1a: Gholdengo|Make It Rain|p2a: Meowscarada
|-activate|p2a: Meowscarada|move: Endure
|-damage|p2a: Meowscarada|1/100
|-unboost|p1a: Gholdengo|spa|1
|-enditem|p2a: Meowscarada|Liechi Berry|[eat]
|-boost|p2a: Meowscarada|atk|1|[from] item: Liechi Berry
|
|upkeep
|turn|16
|
|t:|1779702814
|move|p2a: Meowscarada|Flower Trick|p1a: Gholdengo
|-resisted|p1a: Gholdengo
|-crit|p1a: Gholdengo
|-damage|p1a: Gholdengo|0 fnt
|faint|p1a: Gholdengo
|
|upkeep
|
|t:|1779702817
|switch|p1a: Deoxys|Deoxys-Speed|100/100
|-ability|p1a: Deoxys|Pressure
|turn|17
|
|t:|1779702823
|move|p2a: Meowscarada|Sucker Punch|p1a: Deoxys
|-supereffective|p1a: Deoxys
|-damage|p1a: Deoxys|0 fnt
|faint|p1a: Deoxys
|
|upkeep
|
|t:|1779702825
|switch|p1a: Iron Valiant|Iron Valiant|100/100
|turn|18
|c|☆xp180|gg
|
|t:|1779702829
|move|p2a: Meowscarada|Endure|p2a: Meowscarada
|-singleturn|p2a: Meowscarada|move: Endure
|move|p1a: Iron Valiant|Vacuum Wave|p2a: Meowscarada
|-supereffective|p2a: Meowscarada
|-activate|p2a: Meowscarada|move: Endure
|-damage|p2a: Meowscarada|1/100
|
|upkeep
|turn|19
|
|t:|1779702834
|move|p1a: Iron Valiant|Vacuum Wave|p2a: Meowscarada
|-supereffective|p2a: Meowscarada
|-damage|p2a: Meowscarada|0 fnt
|faint|p2a: Meowscarada
|
|win|xp180
|raw|xp180's rating: 1479 &rarr; <strong>1500</strong><br />(+21 for winning)
|raw|aaagislash's rating: 1497 &rarr; <strong>1476</strong><br />(-21 for losing)
|l|‽aaagislash
|player|p2|
|l|☆xp180
|player|p1|
