|j|☆ballsmcgrabbin
|j|☆BoGosse971
|t:|1779630927
|gametype|singles
|player|p1|ballsmcgrabbin|1|1230
|player|p2|BoGosse971|guitarist-gen4|1183
|gen|9
|tier|[Gen 9] OU
|rated|
|rule|HP Percentage Mod: HP is shown in percentages
|rule|Endless Battle Clause: Forcing endless battles is banned
|rule|Species Clause: Limit one of each Pokémon
|rule|OHKO Clause: OHKO moves are banned
|rule|Evasion Items Clause: Evasion items are banned
|rule|Evasion Moves Clause: Evasion moves are banned
|rule|Evasion Abilities Clause: Evasion abilities are banned
|rule|Sleep Moves Clause: Sleep-inducing moves are banned
|clearpoke
|poke|p1|Clefable, F|
|poke|p1|Dondozo, F|
|poke|p1|Iron Crown|
|poke|p1|Great Tusk|
|poke|p1|Ursaluna, M|
|poke|p1|Zamazenta-*|
|poke|p2|Pelipper, F|
|poke|p2|Politoed, M|
|poke|p2|Barraskewda, F|
|poke|p2|Kingdra, F|
|poke|p2|Ludicolo, M|
|poke|p2|Floatzel, M|
|teampreview
|inactive|Battle timer is ON: inactive players will automatically lose when time's up. (requested by BoGosse971)
|
|t:|1779630949
|teamsize|p1|6
|teamsize|p2|6
|start
|switch|p1a: Iron Crown|Iron Crown|100/100
|switch|p2a: Pelipper|Pelipper, F|100/100
|-weather|RainDance|[from] ability: Drizzle|[of] p2a: Pelipper
|turn|1
|
|t:|1779630969
|move|p1a: Iron Crown|Volt Switch|p2a: Pelipper
|-supereffective|p2a: Pelipper
|-damage|p2a: Pelipper|0 fnt
|faint|p2a: Pelipper
|
|t:|1779630980
|-end|p1a: Iron Crown|Quark Drive|[silent]
|switch|p1a: Dondozo|Dondozo, F|100/100|[from] Volt Switch
|
|-weather|RainDance|[upkeep]
|upkeep
|
|t:|1779630997
|switch|p2a: Ludicolo|Ludicolo, M|100/100
|turn|2
|
|t:|1779631012
|switch|p1a: Zamazenta|Zamazenta|100/100
|-ability|p1a: Zamazenta|Dauntless Shield|boost
|-boost|p1a: Zamazenta|def|1
|move|p2a: Ludicolo|Energy Ball|p1a: Zamazenta
|-damage|p1a: Zamazenta|57/100
|
|-weather|RainDance|[upkeep]
|-heal|p1a: Zamazenta|63/100|[from] item: Leftovers
|upkeep
|turn|3
|
|t:|1779631025
|move|p2a: Ludicolo|Energy Ball|p1a: Zamazenta
|-damage|p1a: Zamazenta|19/100
|move|p1a: Zamazenta|Body Press|p2a: Ludicolo
|-damage|p2a: Ludicolo|30/100
|
|-weather|RainDance|[upkeep]
|-heal|p1a: Zamazenta|25/100|[from] item: Leftovers
|upkeep
|turn|4
|
|t:|1779631045
|switch|p1a: Dondozo|Dondozo, F|100/100
|move|p2a: Ludicolo|Energy Ball|p1a: Dondozo
|-supereffective|p1a: Dondozo
|-crit|p1a: Dondozo
|-damage|p1a: Dondozo|0 fnt
|faint|p1a: Dondozo
|
|-weather|RainDance|[upkeep]
|upkeep
|
|t:|1779631053
|switch|p1a: Iron Crown|Iron Crown|100/100
|turn|5
|
|t:|1779631062
|switch|p2a: Kingdra|Kingdra, F|100/100
|move|p1a: Iron Crown|Volt Switch|p2a: Kingdra
|-damage|p2a: Kingdra|55/100
|
|t:|1779631066
|-end|p1a: Iron Crown|Quark Drive|[silent]
|switch|p1a: Clefable|Clefable, F|100/100|[from] Volt Switch
|
|-weather|RainDance|[upkeep]
|upkeep
|turn|6
|
|t:|1779631073
|move|p2a: Kingdra|Surf|p1a: Clefable
|-damage|p1a: Clefable|9/100
|move|p1a: Clefable|Calm Mind|p1a: Clefable
|-boost|p1a: Clefable|spa|1
|-boost|p1a: Clefable|spd|1
|
|-weather|RainDance|[upkeep]
|upkeep
|turn|7
|
|t:|1779631080
|move|p2a: Kingdra|Surf|p1a: Clefable
|-damage|p1a: Clefable|0 fnt
|faint|p1a: Clefable
|
|-weather|RainDance|[upkeep]
|upkeep
|
|t:|1779631081
|switch|p1a: Iron Crown|Iron Crown|100/100
|turn|8
|
|t:|1779631087
|move|p2a: Kingdra|Surf|p1a: Iron Crown
|-damage|p1a: Iron Crown|6/100
|move|p1a: Iron Crown|Psyshock|p2a: Kingdra
|-damage|p2a: Kingdra|0 fnt
|faint|p2a: Kingdra
|
|-weather|none
|upkeep
|
|t:|1779631093
|switch|p2a: Politoed|Politoed, M|100/100
|-weather|RainDance|[from] ability: Drizzle|[of] p2a: Politoed
|turn|9
|
|t:|1779631101
|-end|p1a: Iron Crown|Quark Drive|[silent]
|switch|p1a: Zamazenta|Zamazenta|25/100
|-terastallize|p2a: Politoed|Ground
|move|p2a: Politoed|Weather Ball|p1a: Zamazenta
|-damage|p1a: Zamazenta|0 fnt
|faint|p1a: Zamazenta
|
|-weather|RainDance|[upkeep]
|upkeep
|
|t:|1779631106
|switch|p1a: Great Tusk|Great Tusk|100/100
|turn|10
|
|t:|1779631119
|-terastallize|p1a: Great Tusk|Steel
|move|p1a: Great Tusk|Rapid Spin|p2a: Politoed
|-damage|p2a: Politoed|82/100
|-boost|p1a: Great Tusk|spe|1
|move|p2a: Politoed|Weather Ball|p1a: Great Tusk
|-damage|p1a: Great Tusk|6/100
|
|-weather|RainDance|[upkeep]
|upkeep
|turn|11
|
|t:|1779631132
|move|p1a: Great Tusk|Ice Spinner|p2a: Politoed
|-supereffective|p2a: Politoed
|-damage|p2a: Politoed|21/100
|move|p2a: Politoed|Weather Ball|p1a: Great Tusk
|-damage|p1a: Great Tusk|0 fnt
|faint|p1a: Great Tusk
|-end|p1a: Great Tusk|Protosynthesis|[silent]
|
|-weather|RainDance|[upkeep]
|upkeep
|
|t:|1779631136
|switch|p1a: Ursaluna|Ursaluna, M|100/100
|turn|12
|
|t:|1779631142
|switch|p2a: Ludicolo|Ludicolo, M|30/100
|move|p1a: Ursaluna|Headlong Rush|p2a: Ludicolo
|-resisted|p2a: Ludicolo
|-crit|p2a: Ludicolo
|-damage|p2a: Ludicolo|0 fnt
|-unboost|p1a: Ursaluna|def|1
|-unboost|p1a: Ursaluna|spd|1
|faint|p2a: Ludicolo
|
|-weather|RainDance|[upkeep]
|-status|p1a: Ursaluna|brn|[from] item: Flame Orb
|upkeep
|-message|ballsmcgrabbin forfeited.
|
|win|BoGosse971
|raw|ballsmcgrabbin's rating: 1230 &rarr; <strong>1202</strong><br />(-28 for losing)
|raw|BoGosse971's rating: 1183 &rarr; <strong>1211</strong><br />(+28 for winning)
|l|☆ballsmcgrabbin
|player|p1|
|l|☆BoGosse971
|player|p2|
