|j|☆nbsaya
|j|☆ianbenkenobi
|t:|1779714610
|gametype|singles
|player|p1|nbsaya|benga|1157
|player|p2|ianbenkenobi|chuck|1192
|gen|9
|tier|[Gen 9] OU
|rated|
|rule|HP Percentage Mod: HP is shown in percentages
|rule|Endless Battle Clause: Forcing endless battles is banned
|rule|Species Clause: Limit one of each Pokémon
|rule|OHKO Clause: OHKO moves are banned
|rule|Evasion Items Clause: Evasion items are banned
|rule|Evasion Moves Clause: Evasion moves are banned
|rule|Evasion Abilities Clause: Evasion abilities are banned
|rule|Sleep Moves Clause: Sleep-inducing moves are banned
|clearpoke
|poke|p1|Glimmora, M|
|poke|p1|Gholdengo|
|poke|p1|Great Tusk|
|poke|p1|Dragapult, F|
|poke|p1|Kingambit, F|
|poke|p1|Ogerpon-Wellspring, F|
|poke|p2|Lapras, F|
|poke|p2|Weezing-Galar, M|
|poke|p2|Hawlucha, M|
|poke|p2|Darkrai|
|poke|p2|Latios, M|
|poke|p2|Blissey, F|
|teampreview
|
|t:|1779714614
|teamsize|p1|6
|teamsize|p2|6
|start
|switch|p1a: Glimmora|Glimmora, M|100/100
|switch|p2a: Latios|Latios, M|100/100
|turn|1
|
|t:|1779714620
|move|p1a: Glimmora|Stealth Rock|p2a: Latios
|-sidestart|p2: ianbenkenobi|move: Stealth Rock
|move|p2a: Latios|Psychic|p1a: Glimmora
|-supereffective|p1a: Glimmora
|-enditem|p1a: Glimmora|Focus Sash
|-damage|p1a: Glimmora|1/100
|
|upkeep
|turn|2
|
|t:|1779714624
|move|p1a: Glimmora|Mortal Spin|p2a: Latios
|-damage|p2a: Latios|94/100
|-status|p2a: Latios|psn
|move|p2a: Latios|Psychic|p1a: Glimmora
|-supereffective|p1a: Glimmora
|-damage|p1a: Glimmora|0 fnt
|faint|p1a: Glimmora
|
|-heal|p2a: Latios|99/100 psn|[from] item: Leftovers
|-damage|p2a: Latios|87/100 psn|[from] psn
|upkeep
|
|t:|1779714628
|switch|p1a: Gholdengo|Gholdengo|100/100
|-item|p1a: Gholdengo|Air Balloon
|turn|3
|
|t:|1779714634
|-terastallize|p1a: Gholdengo|Flying
|move|p1a: Gholdengo|Nasty Plot|p1a: Gholdengo
|-boost|p1a: Gholdengo|spa|2
|move|p2a: Latios|Dual Wingbeat|p1a: Gholdengo
|-damage|p1a: Gholdengo|88/100
|-enditem|p1a: Gholdengo|Air Balloon
|-damage|p1a: Gholdengo|76/100
|-hitcount|p1a: Gholdengo|2
|
|-heal|p2a: Latios|93/100 psn|[from] item: Leftovers
|-damage|p2a: Latios|81/100 psn|[from] psn
|upkeep
|turn|4
|
|t:|1779714643
|move|p1a: Gholdengo|Shadow Ball|p2a: Latios
|-supereffective|p2a: Latios
|-damage|p2a: Latios|0 fnt
|faint|p2a: Latios
|
|upkeep
|
|t:|1779714647
|switch|p2a: Blissey|Blissey, F|100/100
|-damage|p2a: Blissey|88/100|[from] Stealth Rock
|turn|5
|
|t:|1779714651
|move|p1a: Gholdengo|Make It Rain|p2a: Blissey
|-damage|p2a: Blissey|40/100
|-unboost|p1a: Gholdengo|spa|1
|move|p2a: Blissey|Thunderbolt|p1a: Gholdengo
|-supereffective|p1a: Gholdengo
|-damage|p1a: Gholdengo|21/100
|
|-heal|p2a: Blissey|47/100|[from] item: Leftovers
|upkeep
|turn|6
|
|t:|1779714658
|move|p1a: Gholdengo|Recover|p1a: Gholdengo
|-heal|p1a: Gholdengo|72/100
|move|p2a: Blissey|Thunderbolt|p1a: Gholdengo
|-supereffective|p1a: Gholdengo
|-damage|p1a: Gholdengo|22/100
|
|-heal|p2a: Blissey|53/100|[from] item: Leftovers
|upkeep
|turn|7
|inactive|Battle timer is ON: inactive players will automatically lose when time's up. (requested by nbsaya)
|
|t:|1779714661
|move|p1a: Gholdengo|Make It Rain|p2a: Blissey
|-damage|p2a: Blissey|14/100
|-unboost|p1a: Gholdengo|spa|1
|move|p2a: Blissey|Thunderbolt|p1a: Gholdengo
|-supereffective|p1a: Gholdengo
|-damage|p1a: Gholdengo|0 fnt
|faint|p1a: Gholdengo
|
|-heal|p2a: Blissey|20/100|[from] item: Leftovers
|upkeep
|
|t:|1779714665
|switch|p1a: Great Tusk|Great Tusk|100/100
|turn|8
|
|t:|1779714668
|move|p1a: Great Tusk|Rapid Spin|p2a: Blissey
|-damage|p2a: Blissey|4/100
|-boost|p1a: Great Tusk|spe|1
|move|p2a: Blissey|Ice Beam|p1a: Great Tusk
|-supereffective|p1a: Great Tusk
|-crit|p1a: Great Tusk
|-damage|p1a: Great Tusk|9/100
|
|-heal|p1a: Great Tusk|15/100|[from] item: Leftovers
|-heal|p2a: Blissey|11/100|[from] item: Leftovers
|upkeep
|turn|9
|
|t:|1779714676
|move|p1a: Great Tusk|Rapid Spin|p2a: Blissey
|-damage|p2a: Blissey|0 fnt
|-boost|p1a: Great Tusk|spe|1
|faint|p2a: Blissey
|
|-heal|p1a: Great Tusk|22/100|[from] item: Leftovers
|upkeep
|
|t:|1779714680
|switch|p2a: Weezing|Weezing-Galar, M|100/100
|-damage|p2a: Weezing|88/100|[from] Stealth Rock
|turn|10
|
|t:|1779714687
|move|p1a: Great Tusk|Ice Spinner|p2a: Weezing
|-damage|p2a: Weezing|63/100
|move|p2a: Weezing|Flamethrower|p1a: Great Tusk
|-damage|p1a: Great Tusk|0 fnt
|faint|p1a: Great Tusk
|-end|p1a: Great Tusk|Protosynthesis|[silent]
|
|-heal|p2a: Weezing|69/100|[from] item: Leftovers
|upkeep
|
|t:|1779714690
|switch|p1a: Dragapult|Dragapult, F|100/100
|turn|11
|
|t:|1779714699
|move|p1a: Dragapult|Flamethrower|p2a: Weezing
|-damage|p2a: Weezing|20/100
|move|p2a: Weezing|Will-O-Wisp|p1a: Dragapult|[miss]
|-miss|p2a: Weezing|p1a: Dragapult
|
|-heal|p2a: Weezing|26/100|[from] item: Leftovers
|upkeep
|turn|12
|
|t:|1779714705
|move|p1a: Dragapult|Flamethrower|p2a: Weezing
|-damage|p2a: Weezing|0 fnt
|faint|p2a: Weezing
|
|upkeep
|
|t:|1779714707
|switch|p2a: Lydia|Lapras, F|100/100
|-damage|p2a: Lydia|75/100|[from] Stealth Rock
|turn|13
|
|t:|1779714710
|move|p1a: Dragapult|Flamethrower|p2a: Lydia
|-damage|p2a: Lydia|47/100
|move|p2a: Lydia|Freeze-Dry|p1a: Dragapult
|-supereffective|p1a: Dragapult
|-damage|p1a: Dragapult|15/100
|
|-heal|p2a: Lydia|54/100|[from] item: Leftovers
|upkeep
|turn|14
|
|t:|1779714716
|move|p1a: Dragapult|Flamethrower|p2a: Lydia
|-damage|p2a: Lydia|25/100
|move|p2a: Lydia|Freeze-Dry|p1a: Dragapult
|-supereffective|p1a: Dragapult
|-damage|p1a: Dragapult|0 fnt
|faint|p1a: Dragapult
|
|-heal|p2a: Lydia|31/100|[from] item: Leftovers
|upkeep
|
|t:|1779714719
|switch|p1a: Ogerpon|Ogerpon-Wellspring, F|100/100
|turn|15
|
|t:|1779714724
|move|p1a: Ogerpon|Power Whip|p2a: Lydia
|-supereffective|p2a: Lydia
|-damage|p2a: Lydia|0 fnt
|faint|p2a: Lydia
|
|upkeep
|
|t:|1779714730
|switch|p2a: Comeback Kid|Hawlucha, M, shiny|100/100
|-damage|p2a: Comeback Kid|88/100|[from] Stealth Rock
|turn|16
|
|t:|1779714737
|move|p1a: Ogerpon|Ivy Cudgel|p2a: Comeback Kid|[anim] Ivy Cudgel Water
|-damage|p2a: Comeback Kid|9/100
|move|p2a: Comeback Kid|Close Combat|p1a: Ogerpon
|-damage|p1a: Ogerpon|30/100
|-unboost|p2a: Comeback Kid|def|1
|-unboost|p2a: Comeback Kid|spd|1
|-enditem|p2a: Comeback Kid|White Herb
|-clearnegativeboost|p2a: Comeback Kid|[silent]
|
|upkeep
|turn|17
|
|t:|1779714746
|move|p2a: Comeback Kid|Acrobatics|p1a: Ogerpon
|-supereffective|p1a: Ogerpon
|-damage|p1a: Ogerpon|0 fnt
|faint|p1a: Ogerpon
|
|upkeep
|
|t:|1779714748
|switch|p1a: Kingambit|Kingambit, F|100/100
|-activate|p1a: Kingambit|ability: Supreme Overlord
|-start|p1a: Kingambit|fallen5|[silent]
|turn|18
|
|t:|1779714753
|move|p1a: Kingambit|Sucker Punch|p2a: Comeback Kid
|-resisted|p2a: Comeback Kid
|-damage|p2a: Comeback Kid|0 fnt
|faint|p2a: Comeback Kid
|
|upkeep
|
|t:|1779714755
|switch|p2a: Darkrai|Darkrai|100/100
|-damage|p2a: Darkrai|88/100|[from] Stealth Rock
|turn|19
|
|t:|1779714763
|-terastallize|p2a: Darkrai|Fighting
|move|p2a: Darkrai|Drain Punch|p1a: Kingambit
|-supereffective|p1a: Kingambit
|-damage|p1a: Kingambit|7/100
|-heal|p2a: Darkrai|100/100|[from] drain|[of] p1a: Kingambit
|move|p1a: Kingambit|Swords Dance|p1a: Kingambit
|-boost|p1a: Kingambit|atk|2
|
|upkeep
|turn|20
|
|t:|1779714771
|move|p2a: Darkrai|Drain Punch|p1a: Kingambit
|-supereffective|p1a: Kingambit
|-damage|p1a: Kingambit|0 fnt
|faint|p1a: Kingambit
|-end|p1a: Kingambit|fallen5|[silent]
|
|win|ianbenkenobi
|raw|nbsaya's rating: 1157 &rarr; <strong>1135</strong><br />(-22 for losing)
|raw|ianbenkenobi's rating: 1192 &rarr; <strong>1214</strong><br />(+22 for winning)
|l|☆nbsaya
|player|p1|
|l|☆ianbenkenobi
|player|p2|
