|j|☆ejejdjfhfjfjf
|j|☆shauryagarchamp
|t:|1779620111
|gametype|singles
|player|p1|ejejdjfhfjfjf|scientist|1087
|player|p2|shauryagarchamp|elesa-masters3|1044
|gen|9
|tier|[Gen 9] OU
|rated|
|rule|HP Percentage Mod: HP is shown in percentages
|rule|Endless Battle Clause: Forcing endless battles is banned
|rule|Species Clause: Limit one of each Pokémon
|rule|OHKO Clause: OHKO moves are banned
|rule|Evasion Items Clause: Evasion items are banned
|rule|Evasion Moves Clause: Evasion moves are banned
|rule|Evasion Abilities Clause: Evasion abilities are banned
|rule|Sleep Moves Clause: Sleep-inducing moves are banned
|clearpoke
|poke|p1|Smeargle, F|
|poke|p1|Gholdengo|
|poke|p1|Glimmora, F|
|poke|p1|Alomomola, M|
|poke|p1|Dragonite, M|
|poke|p1|Dondozo, M|
|poke|p2|Ceruledge, M|
|poke|p2|Weavile, F|
|poke|p2|Gastrodon-East, F|
|poke|p2|Thundurus-Therian, M|
|teampreview
|inactive|Battle timer is ON: inactive players will automatically lose when time's up. (requested by shauryagarchamp)
|
|t:|1779620115
|teamsize|p1|6
|teamsize|p2|4
|start
|switch|p1a: Smeargle|Smeargle, F|100/100
|switch|p2a: Full utility|Weavile, F|100/100
|turn|1
|
|t:|1779620126
|move|p2a: Full utility|Taunt|p1a: Smeargle
|-start|p1a: Smeargle|move: Taunt
|cant|p1a: Smeargle|move: Taunt|Destiny Bond
|
|upkeep
|turn|2
|
|t:|1779620133
|move|p2a: Full utility|Knock Off|p1a: Smeargle
|-enditem|p1a: Smeargle|Focus Sash
|-damage|p1a: Smeargle|1/100
|move|p1a: Smeargle|Ceaseless Edge|p2a: Full utility
|-resisted|p2a: Full utility
|-damage|p2a: Full utility|96/100
|-sidestart|p2: shauryagarchamp|Spikes
|
|upkeep
|turn|3
|
|t:|1779620142
|move|p2a: Full utility|Ice Shard|p1a: Smeargle
|-damage|p1a: Smeargle|0 fnt
|faint|p1a: Smeargle
|
|upkeep
|
|t:|1779620151
|switch|p1a: Glimmora|Glimmora, F|100/100
|turn|4
|
|t:|1779620155
|move|p2a: Full utility|Taunt|p1a: Glimmora
|-start|p1a: Glimmora|move: Taunt
|move|p1a: Glimmora|Meteor Beam||[still]
|-prepare|p1a: Glimmora|Meteor Beam
|-boost|p1a: Glimmora|spa|1
|-enditem|p1a: Glimmora|Power Herb
|-anim|p1a: Glimmora|Meteor Beam|p2a: Full utility
|-supereffective|p2a: Full utility
|-damage|p2a: Full utility|0 fnt
|faint|p2a: Full utility
|
|upkeep
|
|t:|1779620171
|switch|p2a: Thundurus|Thundurus-Therian, M|100/100
|turn|5
|
|t:|1779620181
|move|p1a: Glimmora|Sludge Wave|p2a: Thundurus
|-damage|p2a: Thundurus|3/100
|move|p2a: Thundurus|Agility|p2a: Thundurus
|-boost|p2a: Thundurus|spe|2
|
|upkeep
|turn|6
|
|t:|1779620194
|-terastallize|p1a: Glimmora|Grass
|move|p2a: Thundurus|Psychic|p1a: Glimmora
|-damage|p1a: Glimmora|50/100
|move|p1a: Glimmora|Sludge Wave|p2a: Thundurus
|-damage|p2a: Thundurus|0 fnt
|faint|p2a: Thundurus
|
|-end|p1a: Glimmora|move: Taunt
|upkeep
|
|t:|1779620203
|switch|p2a: Long time bud|Ceruledge, M, shiny|100/100
|-damage|p2a: Long time bud|88/100|[from] Spikes
|turn|7
|
|t:|1779620208
|move|p1a: Glimmora|Earth Power|p2a: Long time bud
|-supereffective|p2a: Long time bud
|-damage|p2a: Long time bud|0 fnt
|faint|p2a: Long time bud
|
|upkeep
|
|t:|1779620212
|switch|p2a: Gastrodon|Gastrodon-East, F|100/100
|-damage|p2a: Gastrodon|88/100|[from] Spikes
|turn|8
|
|t:|1779620215
|move|p1a: Glimmora|Energy Ball|p2a: Gastrodon
|-supereffective|p2a: Gastrodon
|-damage|p2a: Gastrodon|0 fnt
|faint|p2a: Gastrodon
|
|win|ejejdjfhfjfjf
|raw|ejejdjfhfjfjf's rating: 1087 &rarr; <strong>1111</strong><br />(+24 for winning)
|raw|shauryagarchamp's rating: 1044 &rarr; <strong>1029</strong><br />(-15 for losing)
|c|☆ejejdjfhfjfjf|Bro
|l|☆shauryagarchamp
|player|p2|
|c|☆ejejdjfhfjfjf|Why only four
