|j|☆xsilver069623
|j|☆TINT'24
|t:|1779596070
|gametype|singles
|player|p1|xsilver069623|silver|1310
|player|p2|TINT'24|riley|1310
|gen|9
|tier|[Gen 9] OU
|rated|
|rule|HP Percentage Mod: HP is shown in percentages
|rule|Endless Battle Clause: Forcing endless battles is banned
|rule|Species Clause: Limit one of each Pokémon
|rule|OHKO Clause: OHKO moves are banned
|rule|Evasion Items Clause: Evasion items are banned
|rule|Evasion Moves Clause: Evasion moves are banned
|rule|Evasion Abilities Clause: Evasion abilities are banned
|rule|Sleep Moves Clause: Sleep-inducing moves are banned
|clearpoke
|poke|p1|Volcanion|
|poke|p1|Zoroark-Hisui, F|
|poke|p1|Reuniclus, F|
|poke|p1|Scizor, M|
|poke|p1|Darkrai|
|poke|p1|Kommo-o, M|
|poke|p2|Ceruledge, M|
|poke|p2|Dragapult, M|
|poke|p2|Great Tusk|
|poke|p2|Gliscor, F|
|poke|p2|Dragonite, M|
|poke|p2|Cinderace, M|
|teampreview
|inactive|Battle timer is ON: inactive players will automatically lose when time's up. (requested by xsilver069623)
|
|t:|1779596083
|teamsize|p1|6
|teamsize|p2|6
|start
|switch|p1a: Reuniclus|Reuniclus, F|100/100
|switch|p2a: Ceruledge|Ceruledge, M, shiny|100/100
|turn|1
|
|t:|1779596091
|move|p2a: Ceruledge|Swords Dance|p2a: Ceruledge
|-boost|p2a: Ceruledge|atk|2
|move|p1a: Reuniclus|Reflect|p1a: Reuniclus
|-sidestart|p1: xsilver069623|Reflect
|
|upkeep
|turn|2
|
|t:|1779596097
|move|p2a: Ceruledge|Shadow Sneak|p1a: Reuniclus
|-supereffective|p1a: Reuniclus
|-damage|p1a: Reuniclus|63/100
|move|p1a: Reuniclus|Thunder Wave|p2a: Ceruledge
|-status|p2a: Ceruledge|par
|
|upkeep
|turn|3
|
|t:|1779596105
|switch|p2a: Gliscor|Gliscor, F|100/100
|switch|p1a: Darkrai|Darkrai|100/100
|
|-status|p2a: Gliscor|tox|[from] item: Toxic Orb
|upkeep
|turn|4
|
|t:|1779596121
|move|p1a: Darkrai|Nasty Plot|p1a: Darkrai
|-boost|p1a: Darkrai|spa|2
|move|p2a: Gliscor|Brick Break|p1a: Darkrai
|-immune|p1a: Darkrai
|
|upkeep
|turn|5
|
|t:|1779596128
|move|p1a: Darkrai|Shadow Ball|p2a: Gliscor
|-damage|p2a: Gliscor|0 fnt
|faint|p2a: Gliscor
|
|upkeep
|
|t:|1779596135
|switch|p2a: Dragapult|Dragapult, M, shiny|100/100
|turn|6
|
|t:|1779596139
|move|p2a: Dragapult|Shadow Ball|p1a: Darkrai
|-immune|p1a: Darkrai
|move|p1a: Darkrai|Shadow Ball|p2a: Dragapult
|-supereffective|p2a: Dragapult
|-damage|p2a: Dragapult|0 fnt
|faint|p2a: Dragapult
|
|upkeep
|
|t:|1779596151
|switch|p2a: Cinderace|Cinderace, M, shiny|100/100
|turn|7
|
|t:|1779596155
|move|p2a: Cinderace|Pyro Ball|p1a: Darkrai
|-damage|p1a: Darkrai|47/100
|replace|p1a: Zoroark|Zoroark-Hisui, F
|-end|p1a: Zoroark|Illusion
|move|p1a: Zoroark|Shadow Ball|p2a: Cinderace
|-damage|p2a: Cinderace|0 fnt
|faint|p2a: Cinderace
|
|upkeep
|
|t:|1779596159
|switch|p2a: Great Tusk|Great Tusk|100/100
|-enditem|p2a: Great Tusk|Booster Energy
|-activate|p2a: Great Tusk|ability: Protosynthesis|[fromitem]
|-start|p2a: Great Tusk|protosynthesisatk
|turn|8
|
|t:|1779596167
|move|p1a: Zoroark|Shadow Ball|p2a: Great Tusk
|-damage|p2a: Great Tusk|0 fnt
|faint|p2a: Great Tusk
|-end|p2a: Great Tusk|Protosynthesis|[silent]
|
|-sideend|p1: xsilver069623|Reflect
|upkeep
|
|t:|1779596172
|switch|p2a: Ceruledge|Ceruledge, M, shiny|100/100 par
|turn|9
|
|t:|1779596175
|move|p1a: Zoroark|Shadow Ball|p2a: Ceruledge
|-supereffective|p2a: Ceruledge
|-enditem|p2a: Ceruledge|Focus Sash
|-damage|p2a: Ceruledge|1/100 par
|move|p2a: Ceruledge|Bitter Blade|p1a: Zoroark
|-damage|p1a: Zoroark|0 fnt
|-heal|p2a: Ceruledge|21/100 par|[from] drain|[of] p1a: Zoroark
|faint|p1a: Zoroark
|
|upkeep
|
|t:|1779596197
|switch|p1a: Volcanion|Volcanion|100/100
|turn|10
|
|t:|1779596202
|move|p1a: Volcanion|Steam Eruption|p2a: Ceruledge
|-supereffective|p2a: Ceruledge
|-damage|p2a: Ceruledge|0 fnt
|faint|p2a: Ceruledge
|
|upkeep
|
|t:|1779596204
|switch|p2a: Dragonite|Dragonite, M|100/100
|turn|11
|
|t:|1779596208
|-terastallize|p2a: Dragonite|Normal
|move|p2a: Dragonite|Extreme Speed|p1a: Volcanion
|-damage|p1a: Volcanion|46/100
|move|p1a: Volcanion|Taunt|p2a: Dragonite
|-start|p2a: Dragonite|move: Taunt
|
|-heal|p1a: Volcanion|52/100|[from] item: Leftovers
|upkeep
|turn|12
|
|t:|1779596218
|switch|p1a: Reuniclus|Reuniclus, F|96/100
|move|p2a: Dragonite|Extreme Speed|p1a: Reuniclus
|-damage|p1a: Reuniclus|48/100
|
|upkeep
|turn|13
|
|t:|1779596225
|move|p2a: Dragonite|Extreme Speed|p1a: Reuniclus
|-damage|p1a: Reuniclus|0 fnt
|faint|p1a: Reuniclus
|
|upkeep
|
|t:|1779596230
|switch|p1a: Kommo-o|Kommo-o, M|100/100
|turn|14
|
|t:|1779596233
|move|p2a: Dragonite|Extreme Speed|p1a: Kommo-o
|-crit|p1a: Kommo-o
|-damage|p1a: Kommo-o|24/100
|move|p1a: Kommo-o|Drain Punch|p2a: Dragonite
|-supereffective|p2a: Dragonite
|-damage|p2a: Dragonite|66/100
|-heal|p1a: Kommo-o|42/100|[from] drain|[of] p2a: Dragonite
|
|-end|p2a: Dragonite|move: Taunt
|upkeep
|turn|15
|
|t:|1779596244
|-terastallize|p1a: Kommo-o|Steel
|move|p2a: Dragonite|Extreme Speed|p1a: Kommo-o
|-resisted|p1a: Kommo-o
|-damage|p1a: Kommo-o|14/100
|move|p1a: Kommo-o|Drain Punch|p2a: Dragonite
|-supereffective|p2a: Dragonite
|-damage|p2a: Dragonite|3/100
|-heal|p1a: Kommo-o|47/100|[from] drain|[of] p2a: Dragonite
|
|upkeep
|turn|16
|
|t:|1779596254
|move|p2a: Dragonite|Extreme Speed|p1a: Kommo-o
|-resisted|p1a: Kommo-o
|-damage|p1a: Kommo-o|18/100
|move|p1a: Kommo-o|Drain Punch|p2a: Dragonite
|-supereffective|p2a: Dragonite
|-damage|p2a: Dragonite|0 fnt
|-heal|p1a: Kommo-o|19/100|[from] drain|[of] p2a: Dragonite
|faint|p2a: Dragonite
|
|win|xsilver069623
|raw|xsilver069623's rating: 1310 &rarr; <strong>1330</strong><br />(+20 for winning)
|raw|TINT&apos;24's rating: 1310 &rarr; <strong>1290</strong><br />(-20 for losing)
|l|☆TINT'24
|player|p2|
|l|☆xsilver069623
|player|p1|
