|j|☆backw1thm1lk
|j|☆hide on top10
|t:|1779613916
|gametype|singles
|player|p1|backw1thm1lk|101|1512
|player|p2|hide on top10|169|1544
|gen|9
|tier|[Gen 9] OU
|rated|
|rule|HP Percentage Mod: HP is shown in percentages
|rule|Endless Battle Clause: Forcing endless battles is banned
|rule|Species Clause: Limit one of each Pokémon
|rule|OHKO Clause: OHKO moves are banned
|rule|Evasion Items Clause: Evasion items are banned
|rule|Evasion Moves Clause: Evasion moves are banned
|rule|Evasion Abilities Clause: Evasion abilities are banned
|rule|Sleep Moves Clause: Sleep-inducing moves are banned
|clearpoke
|poke|p1|Araquanid, F|
|poke|p1|Kingambit, F|
|poke|p1|Dragalge, M|
|poke|p1|Cinderace, M|
|poke|p1|Serperior, M|
|poke|p1|Sandy Shocks|
|poke|p2|Tyranitar, F|
|poke|p2|Excadrill, M|
|poke|p2|Keldeo-Resolute|
|poke|p2|Tornadus-Therian, M|
|poke|p2|Heatran, M|
|poke|p2|Hydrapple, F|
|teampreview
|inactive|Battle timer is ON: inactive players will automatically lose when time's up. (requested by backw1thm1lk)
|l|☆hide on top10
|inactive|hide on top10 disconnected and has a minute to reconnect!
|player|p2|
|inactive|hide on top10 has 30 seconds to reconnect!
|j|☆hide on top10
|inactive|hide on top10 reconnected and has 110 seconds left.
|player|p2|hide on top10|169|
|
|t:|1779613980
|teamsize|p1|6
|teamsize|p2|6
|start
|switch|p1a: Cinderace|Cinderace, M|100/100
|switch|p2a: Tornadus|Tornadus-Therian, M|100/100
|turn|1
|l|☆hide on top10
|inactive|hide on top10 disconnected and has a minute to reconnect!
|player|p2|
|j|☆hide on top10
|inactive|hide on top10 reconnected and has 110 seconds left.
|player|p2|hide on top10|169|
|
|t:|1779614025
|move|p1a: Cinderace|Pyro Ball|p2a: Tornadus
|-damage|p2a: Tornadus|40/100
|move|p2a: Tornadus|Bleakwind Storm|p1a: Cinderace
|-damage|p1a: Cinderace|44/100
|
|upkeep
|turn|2
|
|t:|1779614036
|switch|p2a: Heatran|Heatran, M|100/100
|move|p1a: Cinderace|Pyro Ball|p2a: Heatran
|-crit|p2a: Heatran
|-damage|p2a: Heatran|33/100
|
|-heal|p2a: Heatran|40/100|[from] item: Leftovers
|upkeep
|turn|3
|
|t:|1779614054
|switch|p2a: Hydrapple|Hydrapple, F|100/100
|move|p1a: Cinderace|High Jump Kick|p2a: Hydrapple
|-start|p1a: Cinderace|typechange|Fighting|[from] ability: Libero
|-damage|p2a: Hydrapple|66/100
|-damage|p1a: Cinderace|28/100|[from] item: Rocky Helmet|[of] p2a: Hydrapple
|
|upkeep
|turn|4
|c|☆backw1thm1lk|bro running flame body heatran and really forgot
|inactive|hide on top10 has 90 seconds left.
|
|t:|1779614091
|switch|p1a: Kingambit|Kingambit, F|100/100
|switch|p2a: Tornadus|Tornadus-Therian, M|74/100
|
|upkeep
|turn|5
|c|☆hide on top10|thougt you would cliick u turn
|
|t:|1779614116
|move|p2a: Tornadus|Heat Wave|p1a: Kingambit
|-supereffective|p1a: Kingambit
|-damage|p1a: Kingambit|58/100
|move|p1a: Kingambit|Swords Dance|p1a: Kingambit
|-boost|p1a: Kingambit|atk|2
|
|upkeep
|turn|6
|inactive|hide on top10 has 60 seconds left.
|
|t:|1779614132
|switch|p2a: Heatran|Heatran, M|40/100
|move|p1a: Kingambit|Sucker Punch||[still]
|-fail|p1a: Kingambit
|
|-heal|p2a: Heatran|46/100|[from] item: Leftovers
|upkeep
|turn|7
|
|t:|1779614141
|move|p1a: Kingambit|Sucker Punch||[still]
|-fail|p1a: Kingambit
|move|p2a: Heatran|Stealth Rock|p1a: Kingambit
|-sidestart|p1: backw1thm1lk|move: Stealth Rock
|
|-heal|p2a: Heatran|52/100|[from] item: Leftovers
|upkeep
|turn|8
|
|t:|1779614144
|move|p1a: Kingambit|Sucker Punch||[still]
|-fail|p1a: Kingambit
|move|p2a: Heatran|Taunt|p1a: Kingambit
|-start|p1a: Kingambit|move: Taunt
|
|-heal|p2a: Heatran|58/100|[from] item: Leftovers
|upkeep
|turn|9
|
|t:|1779614161
|switch|p2a: Hydrapple|Hydrapple, F|99/100
|move|p1a: Kingambit|Sucker Punch||[still]
|-fail|p1a: Kingambit
|
|upkeep
|turn|10
|
|t:|1779614167
|move|p1a: Kingambit|Kowtow Cleave|p2a: Hydrapple
|-damage|p2a: Hydrapple|46/100
|-damage|p1a: Kingambit|41/100|[from] item: Rocky Helmet|[of] p2a: Hydrapple
|move|p2a: Hydrapple|Earth Power|p1a: Kingambit
|-supereffective|p1a: Kingambit
|-damage|p1a: Kingambit|0 fnt
|faint|p1a: Kingambit
|-end|p1a: Kingambit|fallenundefined|[silent]
|
|upkeep
|
|t:|1779614176
|switch|p1a: Cinderace|Cinderace, M|28/100
|turn|11
|inactive|hide on top10 has 90 seconds left.
|
|t:|1779614183
|move|p1a: Cinderace|Court Change|p1a: Cinderace
|-start|p1a: Cinderace|typechange|Normal|[from] ability: Libero
|-swapsideconditions
|-activate|p1a: Cinderace|move: Court Change
|move|p2a: Hydrapple|Earth Power|p1a: Cinderace
|-damage|p1a: Cinderace|0 fnt
|faint|p1a: Cinderace
|
|upkeep
|
|t:|1779614194
|switch|p1a: Dragalge|Dragalge, M|100/100
|turn|12
|inactive|hide on top10 has 90 seconds left.
|
|t:|1779614216
|move|p1a: Dragalge|Sludge Bomb|p2a: Hydrapple
|-supereffective|p2a: Hydrapple
|-damage|p2a: Hydrapple|0 fnt
|faint|p2a: Hydrapple
|
|upkeep
|inactive|hide on top10 has 60 seconds left.
|
|t:|1779614251
|switch|p2a: Excadrill|Excadrill, M|100/100
|-damage|p2a: Excadrill|97/100|[from] Stealth Rock
|-item|p2a: Excadrill|Air Balloon
|turn|13
|inactive|hide on top10 has 60 seconds left.
|
|t:|1779614261
|-terastallize|p1a: Dragalge|Water
|move|p2a: Excadrill|Rapid Spin|p1a: Dragalge
|-damage|p1a: Dragalge|77/100
|-boost|p2a: Excadrill|spe|1
|-sideend|p2: hide on top10|Stealth Rock|[from] move: Rapid Spin|[of] p2a: Excadrill
|move|p1a: Dragalge|Hydro Pump|p2a: Excadrill
|-supereffective|p2a: Excadrill
|-damage|p2a: Excadrill|0 fnt
|-enditem|p2a: Excadrill|Air Balloon
|faint|p2a: Excadrill
|
|upkeep
|inactive|hide on top10 has 60 seconds left.
|
|t:|1779614272
|switch|p2a: Tornadus|Tornadus-Therian, M|100/100
|turn|14
|
|t:|1779614278
|move|p2a: Tornadus|Bleakwind Storm|p1a: Dragalge|[miss]
|-miss|p2a: Tornadus|p1a: Dragalge
|move|p1a: Dragalge|Sludge Bomb|p2a: Tornadus
|-damage|p2a: Tornadus|55/100
|-status|p2a: Tornadus|psn
|
|-damage|p2a: Tornadus|42/100 psn|[from] psn
|upkeep
|turn|15
|
|t:|1779614286
|move|p2a: Tornadus|Bleakwind Storm|p1a: Dragalge|[miss]
|-miss|p2a: Tornadus|p1a: Dragalge
|move|p1a: Dragalge|Sludge Bomb|p2a: Tornadus
|-damage|p2a: Tornadus|0 fnt
|faint|p2a: Tornadus
|
|upkeep
|
|t:|1779614291
|switch|p2a: Keldeo|Keldeo-Resolute|100/100
|turn|16
|
|t:|1779614298
|move|p2a: Keldeo|Secret Sword|p1a: Dragalge
|-damage|p1a: Dragalge|5/100
|move|p1a: Dragalge|Sludge Bomb|p2a: Keldeo
|-damage|p2a: Keldeo|48/100
|
|upkeep
|turn|17
|
|t:|1779614305
|switch|p1a: Araquanid|Araquanid, F|100/100
|move|p2a: Keldeo|Secret Sword|p1a: Araquanid
|-resisted|p1a: Araquanid
|-damage|p1a: Araquanid|64/100
|
|upkeep
|turn|18
|inactive|hide on top10 has 90 seconds left.
|
|t:|1779614325
|move|p2a: Keldeo|Secret Sword|p1a: Araquanid
|-resisted|p1a: Araquanid
|-damage|p1a: Araquanid|30/100
|move|p1a: Araquanid|Liquidation|p2a: Keldeo
|-resisted|p2a: Keldeo
|-damage|p2a: Keldeo|0 fnt
|faint|p2a: Keldeo
|
|upkeep
|
|t:|1779614337
|switch|p2a: Tyranitar|Tyranitar, F|100/100
|-weather|Sandstorm|[from] ability: Sand Stream|[of] p2a: Tyranitar
|turn|19
|
|t:|1779614343
|move|p2a: Tyranitar|Knock Off|p1a: Araquanid
|-damage|p1a: Araquanid|0 fnt
|-enditem|p1a: Araquanid|Choice Band|[from] move: Knock Off|[of] p2a: Tyranitar
|faint|p1a: Araquanid
|
|-weather|Sandstorm|[upkeep]
|upkeep
|
|t:|1779614349
|switch|p1a: Serperior|Serperior, M|100/100
|turn|20
|
|t:|1779614357
|-terastallize|p2a: Tyranitar|Flying
|move|p1a: Serperior|Leaf Storm|p2a: Tyranitar
|-resisted|p2a: Tyranitar
|-damage|p2a: Tyranitar|76/100
|-boost|p1a: Serperior|spa|2
|move|p2a: Tyranitar|Knock Off|p1a: Serperior
|-damage|p1a: Serperior|0 fnt
|-enditem|p1a: Serperior|Leftovers|[from] move: Knock Off|[of] p2a: Tyranitar
|faint|p1a: Serperior
|
|-weather|Sandstorm|[upkeep]
|-damage|p2a: Tyranitar|70/100|[from] Sandstorm
|upkeep
|
|t:|1779614361
|switch|p1a: Sandy Shocks|Sandy Shocks|100/100
|-enditem|p1a: Sandy Shocks|Booster Energy
|-activate|p1a: Sandy Shocks|ability: Protosynthesis|[fromitem]
|-start|p1a: Sandy Shocks|protosynthesisspe
|turn|21
|inactive|hide on top10 has 90 seconds left.
|inactive|hide on top10 has 60 seconds left.
|
|t:|1779614424
|switch|p2a: Heatran|Heatran, M|58/100
|move|p1a: Sandy Shocks|Thunderbolt|p2a: Heatran
|-damage|p2a: Heatran|32/100
|
|-weather|Sandstorm|[upkeep]
|-heal|p2a: Heatran|38/100|[from] item: Leftovers
|upkeep
|turn|22
|
|t:|1779614430
|move|p1a: Sandy Shocks|Earth Power|p2a: Heatran
|-supereffective|p2a: Heatran
|-damage|p2a: Heatran|0 fnt
|faint|p2a: Heatran
|
|-weather|Sandstorm|[upkeep]
|upkeep
|
|t:|1779614433
|switch|p2a: Tyranitar|Tyranitar, F, tera:Flying|70/100
|turn|23
|
|t:|1779614436
|move|p1a: Sandy Shocks|Thunderbolt|p2a: Tyranitar
|-supereffective|p2a: Tyranitar
|-damage|p2a: Tyranitar|0 fnt
|faint|p2a: Tyranitar
|
|win|backw1thm1lk
|raw|backw1thm1lk's rating: 1512 &rarr; <strong>1534</strong><br />(+22 for winning)
|raw|hide on top10's rating: 1544 &rarr; <strong>1522</strong><br />(-22 for losing)
|c|☆hide on top10|gg
|l|☆hide on top10
|player|p2|
|l|☆backw1thm1lk
|player|p1|
