|j|☆pokenoob123p
|j|☆MarcElf22
|t:|1779690191
|gametype|singles
|player|p1|pokenoob123p|2|
|player|p2|MarcElf22|hilbert-wonderlauncher|
|gen|9
|tier|[Gen 9] OU
|rule|HP Percentage Mod: HP is shown in percentages
|rule|Endless Battle Clause: Forcing endless battles is banned
|rule|Species Clause: Limit one of each Pokémon
|rule|OHKO Clause: OHKO moves are banned
|rule|Evasion Items Clause: Evasion items are banned
|rule|Evasion Moves Clause: Evasion moves are banned
|rule|Evasion Abilities Clause: Evasion abilities are banned
|rule|Sleep Moves Clause: Sleep-inducing moves are banned
|clearpoke
|poke|p1|Weavile, M|
|poke|p1|Umbreon, M|
|poke|p1|Dragonite, M|
|poke|p1|Kingambit, F|
|poke|p1|Regirock|
|poke|p1|Heatran, F|
|poke|p2|Breloom, M|
|poke|p2|Gliscor, F|
|poke|p2|Zangoose, F|
|poke|p2|Jolteon, M|
|poke|p2|Umbreon, F|
|poke|p2|Gengar, F|
|teampreview
|
|t:|1779690197
|teamsize|p1|6
|teamsize|p2|6
|start
|switch|p1a: Heatran|Heatran, F|100/100
|switch|p2a: Mori|Gliscor, F|100/100
|turn|1
|
|t:|1779690206
|move|p2a: Mori|Earthquake|p1a: Heatran
|-supereffective|p1a: Heatran
|-damage|p1a: Heatran|0 fnt
|faint|p1a: Heatran
|
|-status|p2a: Mori|tox|[from] item: Toxic Orb
|upkeep
|
|t:|1779690224
|switch|p1a: Weavile|Weavile, M|100/100
|-ability|p1a: Weavile|Pressure
|turn|2
|
|t:|1779690285
|move|p2a: Mori|Swords Dance|p2a: Mori
|-boost|p2a: Mori|atk|2
|move|p1a: Weavile|Counter||[still]
|-fail|p1a: Weavile
|
|upkeep
|turn|3
|
|t:|1779690305
|switch|p1a: Regirock|Regirock|100/100
|move|p2a: Mori|Knock Off|p1a: Regirock
|-damage|p1a: Regirock|80/100
|-enditem|p1a: Regirock|Heavy-Duty Boots|[from] move: Knock Off|[of] p2a: Mori
|
|upkeep
|turn|4
|
|t:|1779690482
|-terastallize|p1a: Regirock|Ghost
|move|p2a: Mori|Earthquake|p1a: Regirock
|-damage|p1a: Regirock|43/100
|move|p1a: Regirock|Curse|p2a: Mori
|-start|p2a: Mori|Curse|[of] p1a: Regirock
|-damage|p1a: Regirock|0 fnt
|faint|p1a: Regirock
|
|-damage|p2a: Mori|75/100 tox|[from] Curse
|upkeep
|c|☆MarcElf22|ah. my own strt
|c|☆MarcElf22|*my own strat
|
|t:|1779690501
|switch|p1a: Umbreon|Umbreon, M|100/100
|turn|5
|
|t:|1779690510
|move|p2a: Mori|Knock Off|p1a: Umbreon
|-resisted|p1a: Umbreon
|-damage|p1a: Umbreon|78/100
|-damage|p2a: Mori|59/100 tox|[from] item: Rocky Helmet|[of] p1a: Umbreon
|-enditem|p1a: Umbreon|Rocky Helmet|[from] move: Knock Off|[of] p2a: Mori
|move|p1a: Umbreon|Wish|p1a: Umbreon
|
|-heal|p2a: Mori|71/100 tox|[from] ability: Poison Heal
|-damage|p2a: Mori|46/100 tox|[from] Curse
|upkeep
|turn|6
|
|t:|1779690533
|move|p2a: Mori|Knock Off|p1a: Umbreon
|-resisted|p1a: Umbreon
|-damage|p1a: Umbreon|64/100
|move|p1a: Umbreon|Roar|p2a: Mori
|drag|p2a: Laurence|Breloom, M, shiny|100/100
|
|-heal|p1a: Umbreon|100/100|[from] move: Wish|[wisher] Umbreon
|upkeep
|turn|7
|
|t:|1779690544
|move|p2a: Laurence|Swords Dance|p2a: Laurence
|-boost|p2a: Laurence|atk|2
|move|p1a: Umbreon|Toxic|p2a: Laurence
|-status|p2a: Laurence|tox
|
|upkeep
|turn|8
|
|t:|1779690552
|move|p2a: Laurence|Bullet Seed|p1a: Umbreon
|-damage|p1a: Umbreon|81/100
|-damage|p1a: Umbreon|62/100
|-damage|p1a: Umbreon|43/100
|-hitcount|p1a: Umbreon|3
|move|p1a: Umbreon|Roar|p2a: Laurence
|drag|p2a: Azula|Zangoose, F, shiny|100/100
|
|upkeep
|turn|9
|
|t:|1779690574
|move|p2a: Azula|Poison Jab|p1a: Umbreon
|-damage|p1a: Umbreon|21/100
|move|p1a: Umbreon|Wish|p1a: Umbreon
|
|upkeep
|turn|10
|
|t:|1779690583
|move|p1a: Umbreon|Protect|p1a: Umbreon
|-singleturn|p1a: Umbreon|Protect
|move|p2a: Azula|Poison Jab|p1a: Umbreon
|-activate|p1a: Umbreon|move: Protect
|
|-heal|p1a: Umbreon|71/100|[from] move: Wish|[wisher] Umbreon
|upkeep
|turn|11
|
|t:|1779690591
|move|p2a: Azula|Poison Jab|p1a: Umbreon
|-damage|p1a: Umbreon|46/100
|move|p1a: Umbreon|Wish|p1a: Umbreon
|
|upkeep
|turn|12
|
|t:|1779690638
|move|p1a: Umbreon|Protect|p1a: Umbreon
|-singleturn|p1a: Umbreon|Protect
|move|p2a: Azula|Poison Jab|p1a: Umbreon
|-activate|p1a: Umbreon|move: Protect
|
|-heal|p1a: Umbreon|96/100|[from] move: Wish|[wisher] Umbreon
|upkeep
|turn|13
|
|t:|1779690647
|move|p2a: Azula|Poison Jab|p1a: Umbreon
|-damage|p1a: Umbreon|75/100
|move|p1a: Umbreon|Wish|p1a: Umbreon
|
|upkeep
|turn|14
|
|t:|1779690657
|move|p2a: Azula|Poison Jab|p1a: Umbreon
|-damage|p1a: Umbreon|54/100
|move|p1a: Umbreon|Toxic|p2a: Azula
|-status|p2a: Azula|tox
|
|-heal|p1a: Umbreon|100/100|[from] move: Wish|[wisher] Umbreon
|-damage|p2a: Azula|94/100 tox|[from] psn
|upkeep
|turn|15
|c|☆MarcElf22|finally
|c|☆pokenoob123p|mmmmm
|c|☆pokenoob123p|why?
|c|☆pokenoob123p|is there a trap?
|c|☆pokenoob123p|oh toxic boostr
|c|☆pokenoob123p|i see
|c|☆MarcElf22|according to keikaku
|
|t:|1779690701
|move|p1a: Umbreon|Protect|p1a: Umbreon
|-singleturn|p1a: Umbreon|Protect
|move|p2a: Azula|Facade|p1a: Umbreon
|-activate|p1a: Umbreon|move: Protect
|
|-damage|p2a: Azula|82/100 tox|[from] psn
|upkeep
|turn|16
|
|t:|1779690710
|move|p2a: Azula|Facade|p1a: Umbreon
|-damage|p1a: Umbreon|19/100
|move|p1a: Umbreon|Wish|p1a: Umbreon
|
|-damage|p2a: Azula|63/100 tox|[from] psn
|upkeep
|turn|17
|
|t:|1779690716
|switch|p2a: Laurence|Breloom, M, shiny|100/100 tox
|move|p1a: Umbreon|Protect||[still]
|-fail|p1a: Umbreon
|
|-heal|p1a: Umbreon|69/100|[from] move: Wish|[wisher] Umbreon
|upkeep
|turn|18
|
|t:|1779690729
|move|p2a: Laurence|Bullet Seed|p1a: Umbreon
|-damage|p1a: Umbreon|58/100
|-damage|p1a: Umbreon|47/100
|-damage|p1a: Umbreon|37/100
|-hitcount|p1a: Umbreon|3
|move|p1a: Umbreon|Wish|p1a: Umbreon
|
|upkeep
|turn|19
|
|t:|1779690740
|move|p2a: Laurence|Swords Dance|p2a: Laurence
|-boost|p2a: Laurence|atk|2
|move|p1a: Umbreon|Roar|p2a: Laurence
|drag|p2a: Bolt|Jolteon, M|100/100
|
|-heal|p1a: Umbreon|87/100|[from] move: Wish|[wisher] Umbreon
|-status|p2a: Bolt|brn|[from] item: Flame Orb
|upkeep
|turn|20
|
|t:|1779690756
|move|p2a: Bolt|Volt Switch|p1a: Umbreon
|-damage|p1a: Umbreon|69/100
|
|t:|1779690764
|switch|p2a: Kirsche|Umbreon, F|100/100|[from] Volt Switch
|move|p1a: Umbreon|Wish|p1a: Umbreon
|
|upkeep
|turn|21
|
|t:|1779690770
|-terastallize|p2a: Kirsche|Poison
|move|p2a: Kirsche|Toxic|p1a: Umbreon
|-status|p1a: Umbreon|tox
|move|p1a: Umbreon|Roar|p2a: Kirsche
|drag|p2a: Mori|Gliscor, F|46/100 tox
|
|-heal|p1a: Umbreon|100/100 tox|[from] move: Wish|[wisher] Umbreon
|-heal|p2a: Mori|59/100 tox|[from] ability: Poison Heal
|-damage|p1a: Umbreon|94/100 tox|[from] psn
|upkeep
|turn|22
|
|t:|1779690782
|move|p2a: Mori|Earthquake|p1a: Umbreon
|-damage|p1a: Umbreon|62/100 tox
|move|p1a: Umbreon|Roar|p2a: Mori
|drag|p2a: Kirsche|Umbreon, F, tera:Poison|100/100
|
|-damage|p1a: Umbreon|49/100 tox|[from] psn
|upkeep
|turn|23
|
|t:|1779690792
|move|p1a: Umbreon|Wish|p1a: Umbreon
|move|p2a: Kirsche|Foul Play|p1a: Umbreon
|-resisted|p1a: Umbreon
|-damage|p1a: Umbreon|43/100 tox
|
|-damage|p1a: Umbreon|25/100 tox|[from] psn
|upkeep
|turn|24
|
|t:|1779690798
|move|p1a: Umbreon|Protect|p1a: Umbreon
|-singleturn|p1a: Umbreon|Protect
|move|p2a: Kirsche|Wish|p2a: Kirsche
|
|-heal|p1a: Umbreon|75/100 tox|[from] move: Wish|[wisher] Umbreon
|-damage|p1a: Umbreon|51/100 tox|[from] psn
|upkeep
|turn|25
|
|t:|1779690829
|move|p1a: Umbreon|Wish|p1a: Umbreon
|move|p2a: Kirsche|Wish||[still]
|-fail|p2a: Kirsche
|
|-damage|p1a: Umbreon|20/100 tox|[from] psn
|upkeep
|turn|26
|c|☆pokenoob123p|is there an item which leaves me immune to poison?
|
|t:|1779690847
|switch|p2a: Azula|Zangoose, F, shiny|63/100 tox
|move|p1a: Umbreon|Wish||[still]
|-fail|p1a: Umbreon
|
|-heal|p1a: Umbreon|70/100 tox|[from] move: Wish|[wisher] Umbreon
|-damage|p2a: Azula|57/100 tox|[from] psn
|-damage|p1a: Umbreon|34/100 tox|[from] psn
|upkeep
|turn|27
|c|☆MarcElf22|nope
|c|☆MarcElf22|you can use a Lum berry to get rid of poison
|c|☆MarcElf22|but it can happen again
|
|t:|1779690877
|move|p1a: Umbreon|Protect|p1a: Umbreon
|-singleturn|p1a: Umbreon|Protect
|move|p2a: Azula|Facade|p1a: Umbreon
|-activate|p1a: Umbreon|move: Protect
|
|-damage|p2a: Azula|44/100 tox|[from] psn
|-damage|p1a: Umbreon|0 fnt|[from] psn
|faint|p1a: Umbreon
|upkeep
|
|t:|1779690892
|switch|p1a: Weavile|Weavile, M|100/100
|-ability|p1a: Weavile|Pressure
|turn|28
|
|t:|1779690898
|move|p1a: Weavile|Fake Out|p2a: Azula
|-damage|p2a: Azula|22/100 tox
|cant|p2a: Azula|flinch
|
|-damage|p2a: Azula|3/100 tox|[from] psn
|upkeep
|turn|29
|
|t:|1779690911
|switch|p1a: Dragonite|Dragonite, M|100/100
|switch|p2a: Kirsche|Umbreon, F, tera:Poison|100/100
|
|upkeep
|turn|30
|
|t:|1779690920
|move|p1a: Dragonite|Encore||[still]
|-fail|p1a: Dragonite
|move|p2a: Kirsche|Toxic|p1a: Dragonite
|-status|p1a: Dragonite|tox
|
|-damage|p1a: Dragonite|94/100 tox|[from] psn
|upkeep
|turn|31
|c|☆pokenoob123p|why did encore failed, i knew you would do that...
|c|☆MarcElf22|cause you were faster and they just came in
|c|☆MarcElf22|no prior moves
|c|☆MarcElf22|were used
|c|☆pokenoob123p|oh
|
|t:|1779690962
|move|p1a: Dragonite|Extreme Speed|p2a: Kirsche
|-damage|p2a: Kirsche|87/100
|move|p2a: Kirsche|Foul Play|p1a: Dragonite
|-damage|p1a: Dragonite|58/100 tox
|
|-heal|p1a: Dragonite|64/100 tox|[from] item: Leftovers
|-heal|p2a: Kirsche|93/100|[from] item: Leftovers
|-damage|p1a: Dragonite|52/100 tox|[from] psn
|upkeep
|turn|32
|
|t:|1779690974
|move|p1a: Dragonite|Roost|p1a: Dragonite
|-heal|p1a: Dragonite|100/100 tox
|-singleturn|p1a: Dragonite|move: Roost
|move|p2a: Kirsche|Wish|p2a: Kirsche
|
|-heal|p2a: Kirsche|99/100|[from] item: Leftovers
|-damage|p1a: Dragonite|82/100 tox|[from] psn
|upkeep
|turn|33
|
|t:|1779690984
|move|p1a: Dragonite|Encore|p2a: Kirsche
|-start|p2a: Kirsche|Encore
|move|p2a: Kirsche|Wish||[still]
|-fail|p2a: Kirsche
|
|-heal|p2a: Kirsche|100/100|[from] move: Wish|[wisher] Kirsche
|-heal|p1a: Dragonite|88/100 tox|[from] item: Leftovers
|-damage|p1a: Dragonite|63/100 tox|[from] psn
|upkeep
|turn|34
|
|t:|1779690995
|move|p1a: Dragonite|Extreme Speed|p2a: Kirsche
|-crit|p2a: Kirsche
|-damage|p2a: Kirsche|81/100
|move|p2a: Kirsche|Wish|p2a: Kirsche
|
|-heal|p1a: Dragonite|69/100 tox|[from] item: Leftovers
|-heal|p2a: Kirsche|87/100|[from] item: Leftovers
|-damage|p1a: Dragonite|38/100 tox|[from] psn
|upkeep
|turn|35
|
|t:|1779691005
|move|p1a: Dragonite|Roost|p1a: Dragonite
|-heal|p1a: Dragonite|88/100 tox
|-singleturn|p1a: Dragonite|move: Roost
|move|p2a: Kirsche|Wish||[still]
|-fail|p2a: Kirsche
|
|-heal|p2a: Kirsche|100/100|[from] move: Wish|[wisher] Kirsche
|-heal|p1a: Dragonite|95/100 tox|[from] item: Leftovers
|-damage|p1a: Dragonite|57/100 tox|[from] psn
|-end|p2a: Kirsche|Encore
|upkeep
|turn|36
|
|t:|1779691030
|switch|p2a: Azula|Zangoose, F, shiny|3/100 tox
|move|p1a: Dragonite|Encore||[still]
|-fail|p1a: Dragonite
|
|-heal|p1a: Dragonite|63/100 tox|[from] item: Leftovers
|-damage|p2a: Azula|0 fnt|[from] psn
|faint|p2a: Azula
|-damage|p1a: Dragonite|20/100 tox|[from] psn
|upkeep
|c|☆MarcElf22|ah
|c|☆MarcElf22|the wish failed
|c|☆pokenoob123p|bruh
|
|t:|1779691059
|switch|p2a: Bolt|Jolteon, M|100/100 brn
|turn|37
|
|t:|1779691064
|move|p2a: Bolt|Protect|p2a: Bolt
|-singleturn|p2a: Bolt|Protect
|move|p1a: Dragonite|Extreme Speed|p2a: Bolt
|-activate|p2a: Bolt|move: Protect
|
|-heal|p1a: Dragonite|26/100 tox|[from] item: Leftovers
|-damage|p1a: Dragonite|0 fnt|[from] psn
|faint|p1a: Dragonite
|-damage|p2a: Bolt|94/100 brn|[from] brn
|upkeep
|
|t:|1779691077
|switch|p1a: Weavile|Weavile, M|100/100
|-ability|p1a: Weavile|Pressure
|turn|38
|
|t:|1779691084
|move|p1a: Weavile|Fake Out|p2a: Bolt
|-damage|p2a: Bolt|70/100 brn
|cant|p2a: Bolt|flinch
|
|-damage|p2a: Bolt|64/100 brn|[from] brn
|upkeep
|turn|39
|
|t:|1779691092
|move|p2a: Bolt|Volt Switch|p1a: Weavile
|-damage|p1a: Weavile|57/100
|
|t:|1779691101
|switch|p2a: Laurence|Breloom, M, shiny|100/100 tox|[from] Volt Switch
|move|p1a: Weavile|Counter||[still]
|-fail|p1a: Weavile
|
|upkeep
|turn|40
|
|t:|1779691112
|-singleturn|p1a: Weavile|move: Focus Punch
|move|p2a: Laurence|Mach Punch|p1a: Weavile
|-supereffective|p1a: Weavile
|-damage|p1a: Weavile|0 fnt
|faint|p1a: Weavile
|
|upkeep
|
|t:|1779691118
|switch|p1a: Kingambit|Kingambit, F|100/100
|-activate|p1a: Kingambit|ability: Supreme Overlord
|-start|p1a: Kingambit|fallen5|[silent]
|turn|41
|
|t:|1779691127
|move|p2a: Laurence|Drain Punch|p1a: Kingambit
|-supereffective|p1a: Kingambit
|-damage|p1a: Kingambit|0 fnt
|faint|p1a: Kingambit
|-end|p1a: Kingambit|fallen5|[silent]
|
|win|MarcElf22
|c|☆MarcElf22|gg
|l|☆pokenoob123p
|player|p1|
