|j|☆Transit Policy
|j|☆rockeater9000
|t:|1779642574
|gametype|singles
|player|p1|Transit Policy|gentleman-gen4dp|1385
|player|p2|rockeater9000|dawn|1431
|gen|9
|tier|[Gen 9] OU
|rated|
|rule|HP Percentage Mod: HP is shown in percentages
|rule|Endless Battle Clause: Forcing endless battles is banned
|rule|Species Clause: Limit one of each Pokémon
|rule|OHKO Clause: OHKO moves are banned
|rule|Evasion Items Clause: Evasion items are banned
|rule|Evasion Moves Clause: Evasion moves are banned
|rule|Evasion Abilities Clause: Evasion abilities are banned
|rule|Sleep Moves Clause: Sleep-inducing moves are banned
|clearpoke
|poke|p1|Slither Wing|
|poke|p1|Pecharunt|
|poke|p1|Ting-Lu|
|poke|p1|Ogerpon-Wellspring, F|
|poke|p1|Raging Bolt|
|poke|p1|Cinderace, F|
|poke|p2|Hydrapple, F|
|poke|p2|Clodsire, F|
|poke|p2|Bronzong|
|poke|p2|Regieleki|
|poke|p2|Pecharunt|
|poke|p2|Walking Wake|
|teampreview
|inactive|Battle timer is ON: inactive players will automatically lose when time's up. (requested by rockeater9000)
|
|t:|1779642582
|teamsize|p1|6
|teamsize|p2|6
|start
|switch|p1a: Cupquakke|Ting-Lu, shiny|100/100
|switch|p2a: Bronzong|Bronzong|100/100
|-ability|p1a: Cupquakke|Vessel of Ruin
|turn|1
|
|t:|1779642585
|move|p1a: Cupquakke|Stealth Rock|p2a: Bronzong
|-sidestart|p2: rockeater9000|move: Stealth Rock
|move|p2a: Bronzong|Stealth Rock|p1a: Cupquakke
|-sidestart|p1: Transit Policy|move: Stealth Rock
|
|upkeep
|turn|2
|
|t:|1779642589
|move|p1a: Cupquakke|Ruination|p2a: Bronzong
|-damage|p2a: Bronzong|50/100
|move|p2a: Bronzong|Body Press|p1a: Cupquakke
|-supereffective|p1a: Cupquakke
|-damage|p1a: Cupquakke|79/100
|
|-heal|p1a: Cupquakke|85/100|[from] item: Leftovers
|-heal|p2a: Bronzong|57/100|[from] item: Leftovers
|upkeep
|turn|3
|
|t:|1779642596
|move|p1a: Cupquakke|Ruination|p2a: Bronzong
|-damage|p2a: Bronzong|29/100
|move|p2a: Bronzong|Body Press|p1a: Cupquakke
|-supereffective|p1a: Cupquakke
|-damage|p1a: Cupquakke|62/100
|
|-heal|p1a: Cupquakke|68/100|[from] item: Leftovers
|-heal|p2a: Bronzong|35/100|[from] item: Leftovers
|upkeep
|turn|4
|
|t:|1779642603
|switch|p1a: Chief Peech|Pecharunt|100/100
|move|p2a: Bronzong|Iron Head|p1a: Chief Peech
|-damage|p1a: Chief Peech|88/100
|
|-heal|p2a: Bronzong|41/100|[from] item: Leftovers
|upkeep
|turn|5
|
|t:|1779642611
|switch|p1a: Cupquakke|Ting-Lu, shiny|68/100
|-damage|p1a: Cupquakke|62/100|[from] Stealth Rock
|-ability|p1a: Cupquakke|Vessel of Ruin
|switch|p2a: Clodsire|Clodsire, F|100/100
|-damage|p2a: Clodsire|94/100|[from] Stealth Rock
|
|-heal|p1a: Cupquakke|68/100|[from] item: Leftovers
|-heal|p2a: Clodsire|100/100|[from] item: Leftovers
|upkeep
|turn|6
|
|t:|1779642618
|move|p1a: Cupquakke|Earthquake|p2a: Clodsire
|-supereffective|p2a: Clodsire
|-damage|p2a: Clodsire|15/100
|move|p2a: Clodsire|Toxic|p1a: Cupquakke
|-status|p1a: Cupquakke|tox
|
|-heal|p1a: Cupquakke|74/100 tox|[from] item: Leftovers
|-heal|p2a: Clodsire|21/100|[from] item: Leftovers
|-damage|p1a: Cupquakke|68/100 tox|[from] psn
|upkeep
|turn|7
|
|t:|1779642625
|switch|p2a: Bronzong|Bronzong|41/100
|-damage|p2a: Bronzong|35/100|[from] Stealth Rock
|move|p1a: Cupquakke|Earthquake|p2a: Bronzong
|-immune|p2a: Bronzong|[from] ability: Levitate
|
|-heal|p1a: Cupquakke|74/100 tox|[from] item: Leftovers
|-heal|p2a: Bronzong|41/100|[from] item: Leftovers
|-damage|p1a: Cupquakke|62/100 tox|[from] psn
|upkeep
|turn|8
|
|t:|1779642629
|move|p2a: Bronzong|Psychic Noise|p1a: Cupquakke
|-immune|p1a: Cupquakke
|move|p1a: Cupquakke|Whirlwind|p2a: Bronzong
|drag|p2a: Clodsire|Clodsire, F|21/100
|-damage|p2a: Clodsire|15/100|[from] Stealth Rock
|
|-heal|p1a: Cupquakke|68/100 tox|[from] item: Leftovers
|-heal|p2a: Clodsire|21/100|[from] item: Leftovers
|-damage|p1a: Cupquakke|49/100 tox|[from] psn
|upkeep
|turn|9
|
|t:|1779642638
|switch|p2a: Hydrapple|Hydrapple, F|100/100
|-damage|p2a: Hydrapple|88/100|[from] Stealth Rock
|move|p1a: Cupquakke|Earthquake|p2a: Hydrapple
|-resisted|p2a: Hydrapple
|-damage|p2a: Hydrapple|77/100
|
|-heal|p1a: Cupquakke|55/100 tox|[from] item: Leftovers
|-damage|p1a: Cupquakke|30/100 tox|[from] psn
|upkeep
|turn|10
|
|t:|1779642649
|move|p1a: Cupquakke|Ruination|p2a: Hydrapple
|-damage|p2a: Hydrapple|39/100
|move|p2a: Hydrapple|Earth Power|p1a: Cupquakke
|-damage|p1a: Cupquakke|19/100 tox
|
|-heal|p1a: Cupquakke|26/100 tox|[from] item: Leftovers
|-damage|p1a: Cupquakke|0 fnt|[from] psn
|faint|p1a: Cupquakke
|upkeep
|
|t:|1779642654
|switch|p1a: Slitha|Slither Wing, shiny|100/100
|-damage|p1a: Slitha|88/100|[from] Stealth Rock
|turn|11
|
|t:|1779642658
|switch|p2a: Pecharunt|Pecharunt|100/100
|move|p1a: Slitha|U-turn|p2a: Pecharunt
|-resisted|p2a: Pecharunt
|-damage|p2a: Pecharunt|91/100
|
|t:|1779642669
|-end|p1a: Slitha|Protosynthesis|[silent]
|switch|p1a: Bolt The Sweeper|Raging Bolt|100/100|[from] U-turn
|-damage|p1a: Bolt The Sweeper|88/100|[from] Stealth Rock
|
|upkeep
|turn|12
|
|t:|1779642673
|move|p2a: Pecharunt|Parting Shot|p1a: Bolt The Sweeper
|-unboost|p1a: Bolt The Sweeper|atk|1
|-unboost|p1a: Bolt The Sweeper|spa|1
|
|t:|1779642675
|switch|p2a: Clodsire|Clodsire, F|21/100|[from] Parting Shot
|-damage|p2a: Clodsire|15/100|[from] Stealth Rock
|move|p1a: Bolt The Sweeper|Draco Meteor|p2a: Clodsire
|-damage|p2a: Clodsire|0 fnt
|-unboost|p1a: Bolt The Sweeper|spa|2
|faint|p2a: Clodsire
|
|upkeep
|
|t:|1779642678
|switch|p2a: Walking Wake|Walking Wake|100/100
|turn|13
|
|t:|1779642694
|-terastallize|p1a: Bolt The Sweeper|Fairy
|move|p2a: Walking Wake|Dragon Pulse|p1a: Bolt The Sweeper
|-immune|p1a: Bolt The Sweeper
|move|p1a: Bolt The Sweeper|Draco Meteor|p2a: Walking Wake
|-supereffective|p2a: Walking Wake
|-crit|p2a: Walking Wake
|-damage|p2a: Walking Wake|0 fnt
|-unboost|p1a: Bolt The Sweeper|spa|2
|faint|p2a: Walking Wake
|-end|p2a: Walking Wake|Protosynthesis|[silent]
|
|upkeep
|
|t:|1779642698
|switch|p2a: Pecharunt|Pecharunt|91/100
|turn|14
|
|t:|1779642706
|-end|p1a: Bolt The Sweeper|Protosynthesis|[silent]
|switch|p1a: Polo C|Cinderace, F|100/100
|move|p2a: Pecharunt|Malignant Chain|p1a: Polo C
|-damage|p1a: Polo C|52/100
|
|upkeep
|turn|15
|
|t:|1779642716
|move|p1a: Polo C|Will-O-Wisp|p2a: Pecharunt
|-status|p2a: Pecharunt|brn
|move|p2a: Pecharunt|Malignant Chain|p1a: Polo C
|-damage|p1a: Polo C|5/100
|-status|p1a: Polo C|tox
|-start|p1a: Polo C|confusion|[from] ability: Poison Puppeteer|[of] p2a: Pecharunt
|
|-damage|p1a: Polo C|0 fnt|[from] psn
|faint|p1a: Polo C
|-damage|p2a: Pecharunt|85/100 brn|[from] brn
|upkeep
|
|t:|1779642719
|switch|p1a: Chief Peech|Pecharunt|88/100
|turn|16
|
|t:|1779642727
|switch|p2a: Bronzong|Bronzong|41/100
|-damage|p2a: Bronzong|35/100|[from] Stealth Rock
|move|p1a: Chief Peech|Shadow Ball|p2a: Bronzong
|-supereffective|p2a: Bronzong
|-damage|p2a: Bronzong|3/100
|
|-heal|p2a: Bronzong|9/100|[from] item: Leftovers
|upkeep
|turn|17
|
|t:|1779642732
|move|p1a: Chief Peech|Shadow Ball|p2a: Bronzong
|-supereffective|p2a: Bronzong
|-damage|p2a: Bronzong|0 fnt
|faint|p2a: Bronzong
|
|upkeep
|
|t:|1779642734
|switch|p2a: Regieleki|Regieleki|100/100
|turn|18
|
|t:|1779642740
|-terastallize|p2a: Regieleki|Electric
|move|p2a: Regieleki|Volt Switch|p1a: Chief Peech
|-damage|p1a: Chief Peech|30/100
|
|t:|1779642742
|switch|p2a: Hydrapple|Hydrapple, F|72/100|[from] Volt Switch
|-damage|p2a: Hydrapple|60/100|[from] Stealth Rock
|move|p1a: Chief Peech|Malignant Chain|p2a: Hydrapple
|-supereffective|p2a: Hydrapple
|-damage|p2a: Hydrapple|0 fnt
|faint|p2a: Hydrapple
|
|upkeep
|
|t:|1779642744
|switch|p2a: Regieleki|Regieleki, tera:Electric|100/100
|turn|19
|
|t:|1779642763
|move|p2a: Regieleki|Thunderbolt|p1a: Chief Peech
|-damage|p1a: Chief Peech|0 fnt
|faint|p1a: Chief Peech
|
|upkeep
|
|t:|1779642765
|switch|p1a: Slitha|Slither Wing, shiny|88/100
|-damage|p1a: Slitha|76/100|[from] Stealth Rock
|turn|20
|
|t:|1779642768
|switch|p2a: Pecharunt|Pecharunt|85/100 brn
|move|p1a: Slitha|First Impression|p2a: Pecharunt
|-resisted|p2a: Pecharunt
|-damage|p2a: Pecharunt|72/100 brn
|
|-damage|p2a: Pecharunt|66/100 brn|[from] brn
|upkeep
|turn|21
|
|t:|1779642777
|-end|p1a: Slitha|Protosynthesis|[silent]
|switch|p1a: Bolt The Sweeper|Raging Bolt, tera:Fairy|88/100
|-damage|p1a: Bolt The Sweeper|76/100|[from] Stealth Rock
|move|p2a: Pecharunt|Parting Shot|p1a: Bolt The Sweeper
|-unboost|p1a: Bolt The Sweeper|atk|1
|-unboost|p1a: Bolt The Sweeper|spa|1
|
|t:|1779642783
|switch|p2a: Regieleki|Regieleki, tera:Electric|100/100|[from] Parting Shot
|
|upkeep
|turn|22
|
|t:|1779642793
|-end|p1a: Bolt The Sweeper|Protosynthesis|[silent]
|switch|p1a: King Pon|Ogerpon-Wellspring, F|100/100
|-damage|p1a: King Pon|88/100|[from] Stealth Rock
|move|p2a: Regieleki|Substitute|p2a: Regieleki
|-start|p2a: Regieleki|Substitute
|-damage|p2a: Regieleki|76/100
|
|upkeep
|turn|23
|
|t:|1779642822
|move|p2a: Regieleki|Thunderbolt|p1a: King Pon
|-damage|p1a: King Pon|10/100
|move|p1a: King Pon|Ivy Cudgel|p2a: Regieleki|[anim] Ivy Cudgel Water
|-end|p2a: Regieleki|Substitute
|
|upkeep
|turn|24
|
|t:|1779642826
|move|p2a: Regieleki|Thunderbolt|p1a: King Pon
|-crit|p1a: King Pon
|-damage|p1a: King Pon|0 fnt
|faint|p1a: King Pon
|
|upkeep
|
|t:|1779642830
|switch|p1a: Slitha|Slither Wing, shiny|76/100
|-damage|p1a: Slitha|64/100|[from] Stealth Rock
|turn|25
|
|t:|1779642833
|switch|p2a: Pecharunt|Pecharunt|66/100 brn
|-end|p1a: Slitha|Protosynthesis|[silent]
|switch|p1a: Bolt The Sweeper|Raging Bolt, tera:Fairy|76/100
|-damage|p1a: Bolt The Sweeper|64/100|[from] Stealth Rock
|
|-damage|p2a: Pecharunt|60/100 brn|[from] brn
|upkeep
|turn|26
|
|t:|1779642843
|move|p2a: Pecharunt|Malignant Chain|p1a: Bolt The Sweeper
|-supereffective|p1a: Bolt The Sweeper
|-damage|p1a: Bolt The Sweeper|3/100
|-status|p1a: Bolt The Sweeper|tox
|-start|p1a: Bolt The Sweeper|confusion|[from] ability: Poison Puppeteer|[of] p2a: Pecharunt
|-activate|p1a: Bolt The Sweeper|confusion
|move|p1a: Bolt The Sweeper|Thunderbolt|p2a: Pecharunt
|-damage|p2a: Pecharunt|0 fnt
|faint|p2a: Pecharunt
|
|-damage|p1a: Bolt The Sweeper|0 fnt|[from] psn
|faint|p1a: Bolt The Sweeper
|-end|p1a: Bolt The Sweeper|Protosynthesis|[silent]
|upkeep
|
|t:|1779642852
|switch|p2a: Regieleki|Regieleki, tera:Electric|76/100
|switch|p1a: Slitha|Slither Wing, shiny|64/100
|-damage|p1a: Slitha|52/100|[from] Stealth Rock
|turn|27
|
|t:|1779642855
|move|p1a: Slitha|First Impression|p2a: Regieleki
|-damage|p2a: Regieleki|0 fnt
|faint|p2a: Regieleki
|
|win|Transit Policy
|raw|Transit Policy's rating: 1385 &rarr; <strong>1408</strong><br />(+23 for winning)
|raw|rockeater9000's rating: 1431 &rarr; <strong>1408</strong><br />(-23 for losing)
|l|☆rockeater9000
|player|p2|
|l|☆Transit Policy
|player|p1|
