|j|☆npctypebeat
|j|☆PokeAbl052417015ub
|t:|1779656775
|gametype|singles
|player|p1|npctypebeat|101|1142
|player|p2|PokeAbl052417015ub|101|1099
|gen|9
|tier|[Gen 9] OU
|rated|
|rule|HP Percentage Mod: HP is shown in percentages
|rule|Endless Battle Clause: Forcing endless battles is banned
|rule|Species Clause: Limit one of each Pokémon
|rule|OHKO Clause: OHKO moves are banned
|rule|Evasion Items Clause: Evasion items are banned
|rule|Evasion Moves Clause: Evasion moves are banned
|rule|Evasion Abilities Clause: Evasion abilities are banned
|rule|Sleep Moves Clause: Sleep-inducing moves are banned
|clearpoke
|poke|p1|Gliscor, M|
|poke|p1|Ogerpon, F|
|poke|p1|Walking Wake|
|poke|p1|Blissey, F|
|poke|p1|Corviknight, F|
|poke|p1|Pecharunt|
|poke|p2|Glimmora, M|
|poke|p2|Great Tusk|
|poke|p2|Gholdengo|
|poke|p2|Dragapult, M|
|poke|p2|Primarina, F|
|poke|p2|Kingambit, F|
|teampreview
|c|☆npctypebeat|hf
|inactive|Battle timer is ON: inactive players will automatically lose when time's up. (requested by PokeAbl052417015ub)
|
|t:|1779656783
|teamsize|p1|6
|teamsize|p2|6
|start
|switch|p1a: Gliscor|Gliscor, M|100/100
|switch|p2a: Kingambit|Kingambit, F|100/100
|turn|1
|inactive|npctypebeat also wants the timer to be on.
|
|t:|1779656796
|move|p1a: Gliscor|Spikes|p2a: Kingambit
|-sidestart|p2: PokeAbl052417015ub|Spikes
|move|p2a: Kingambit|Swords Dance|p2a: Kingambit
|-boost|p2a: Kingambit|atk|2
|
|-status|p1a: Gliscor|tox|[from] item: Toxic Orb
|upkeep
|turn|2
|
|t:|1779656801
|-terastallize|p2a: Kingambit|Dark
|move|p1a: Gliscor|Earthquake|p2a: Kingambit
|-damage|p2a: Kingambit|75/100
|move|p2a: Kingambit|Kowtow Cleave|p1a: Gliscor
|-damage|p1a: Gliscor|0 fnt
|faint|p1a: Gliscor
|
|upkeep
|
|t:|1779656819
|switch|p1a: Corviknight|Corviknight, F|100/100
|-ability|p1a: Corviknight|Pressure
|turn|3
|
|t:|1779656825
|move|p1a: Corviknight|Body Press|p2a: Kingambit
|-supereffective|p2a: Kingambit
|-damage|p2a: Kingambit|36/100
|move|p2a: Kingambit|Kowtow Cleave|p1a: Corviknight
|-damage|p1a: Corviknight|1/100
|
|upkeep
|turn|4
|
|t:|1779656835
|move|p2a: Kingambit|Sucker Punch|p1a: Corviknight
|-crit|p1a: Corviknight
|-damage|p1a: Corviknight|0 fnt
|faint|p1a: Corviknight
|
|upkeep
|
|t:|1779656844
|switch|p1a: Ogerpon|Ogerpon, F|100/100
|turn|5
|
|t:|1779656849
|move|p2a: Kingambit|Sucker Punch|p1a: Ogerpon
|-damage|p1a: Ogerpon|0 fnt
|faint|p1a: Ogerpon
|
|upkeep
|
|t:|1779656852
|switch|p1a: Walking Wake|Walking Wake|100/100
|turn|6
|
|t:|1779656857
|move|p2a: Kingambit|Sucker Punch|p1a: Walking Wake
|-damage|p1a: Walking Wake|0 fnt
|faint|p1a: Walking Wake
|-end|p1a: Walking Wake|Protosynthesis|[silent]
|
|upkeep
|
|t:|1779656867
|switch|p1a: Blissey|Blissey, F|100/100
|turn|7
|
|t:|1779656874
|move|p2a: Kingambit|Kowtow Cleave|p1a: Blissey
|-damage|p1a: Blissey|0 fnt
|faint|p1a: Blissey
|
|upkeep
|
|t:|1779656886
|switch|p1a: Pecharunt|Pecharunt|100/100
|turn|8
|
|t:|1779656895
|move|p1a: Pecharunt|Malignant Chain|p2a: Kingambit
|-damage|p2a: Kingambit|4/100
|-status|p2a: Kingambit|tox
|-start|p2a: Kingambit|confusion|[from] ability: Poison Puppeteer|[of] p1a: Pecharunt
|-activate|p2a: Kingambit|confusion
|move|p2a: Kingambit|Kowtow Cleave|p1a: Pecharunt
|-supereffective|p1a: Pecharunt
|-damage|p1a: Pecharunt|0 fnt
|faint|p1a: Pecharunt
|
|win|PokeAbl052417015ub
|raw|npctypebeat's rating: 1168 &rarr; <strong>1138</strong><br />(-30 for losing)
|raw|PokeAbl052417015ub's rating: 1099 &rarr; <strong>1129</strong><br />(+30 for winning)
|c|☆npctypebeat|gg
|l|☆PokeAbl052417015ub
|player|p2|
