|j|☆Chechoide
|j|☆aw777
|t:|1779684484
|gametype|singles
|player|p1|Chechoide|clown|1114
|player|p2|aw777|102|1071
|gen|9
|tier|[Gen 9] OU
|rated|
|rule|HP Percentage Mod: HP is shown in percentages
|rule|Endless Battle Clause: Forcing endless battles is banned
|rule|Species Clause: Limit one of each Pokémon
|rule|OHKO Clause: OHKO moves are banned
|rule|Evasion Items Clause: Evasion items are banned
|rule|Evasion Moves Clause: Evasion moves are banned
|rule|Evasion Abilities Clause: Evasion abilities are banned
|rule|Sleep Moves Clause: Sleep-inducing moves are banned
|clearpoke
|poke|p1|Blissey, F|
|poke|p1|Gliscor, M|
|poke|p1|Dondozo, F|
|poke|p1|Clodsire, M|
|poke|p1|Alomomola, M|
|poke|p1|Weezing-Galar, M|
|poke|p2|Hatterene, F|
|poke|p2|Garganacl, M|
|poke|p2|Torterra, M|
|poke|p2|Salazzle, F|
|poke|p2|Salamence, M|
|poke|p2|Walking Wake|
|teampreview
|
|t:|1779684516
|teamsize|p1|6
|teamsize|p2|6
|start
|switch|p1a: Luis Vargas|Gliscor, M|100/100
|switch|p2a: Salazzle|Salazzle, F|100/100
|turn|1
|
|t:|1779684529
|move|p1a: Luis Vargas|Protect|p1a: Luis Vargas
|-singleturn|p1a: Luis Vargas|Protect
|move|p2a: Salazzle|Will-O-Wisp|p1a: Luis Vargas
|-activate|p1a: Luis Vargas|move: Protect
|
|-status|p1a: Luis Vargas|tox|[from] item: Toxic Orb
|upkeep
|turn|2
|
|t:|1779684544
|switch|p2a: Walking Wake|Walking Wake|100/100
|-enditem|p2a: Walking Wake|Booster Energy
|-activate|p2a: Walking Wake|ability: Protosynthesis|[fromitem]
|-start|p2a: Walking Wake|protosynthesisspa
|switch|p1a: Bebezuka1|Clodsire, M|100/100
|
|upkeep
|turn|3
|inactive|Battle timer is ON: inactive players will automatically lose when time's up. (requested by aw777)
|
|t:|1779684585
|-terastallize|p1a: Bebezuka1|Steel
|move|p2a: Walking Wake|Dragon Pulse|p1a: Bebezuka1
|-resisted|p1a: Bebezuka1
|-damage|p1a: Bebezuka1|86/100
|move|p1a: Bebezuka1|Toxic|p2a: Walking Wake
|-status|p2a: Walking Wake|tox
|
|-damage|p2a: Walking Wake|94/100 tox|[from] psn
|upkeep
|turn|4
|
|t:|1779684596
|move|p2a: Walking Wake|Flamethrower|p1a: Bebezuka1
|-supereffective|p1a: Bebezuka1
|-damage|p1a: Bebezuka1|36/100
|move|p1a: Bebezuka1|Amnesia|p1a: Bebezuka1
|-boost|p1a: Bebezuka1|spd|2
|
|-damage|p2a: Walking Wake|82/100 tox|[from] psn
|upkeep
|turn|5
|
|t:|1779684619
|switch|p1a: Bebezuka2|Alomomola, M|100/100
|move|p2a: Walking Wake|Flamethrower|p1a: Bebezuka2
|-resisted|p1a: Bebezuka2
|-damage|p1a: Bebezuka2|84/100
|
|-damage|p2a: Walking Wake|63/100 tox|[from] psn
|upkeep
|turn|6
|
|t:|1779684632
|move|p2a: Walking Wake|Dragon Pulse|p1a: Bebezuka2
|-damage|p1a: Bebezuka2|28/100
|move|p1a: Bebezuka2|Flip Turn|p2a: Walking Wake
|-resisted|p2a: Walking Wake
|-damage|p2a: Walking Wake|59/100 tox
|
|t:|1779684644
|switch|p1a: Aimep3|Blissey, F|100/100|[from] Flip Turn
|
|-damage|p2a: Walking Wake|34/100 tox|[from] psn
|upkeep
|turn|7
|
|t:|1779684663
|move|p2a: Walking Wake|Surf|p1a: Aimep3
|-damage|p1a: Aimep3|82/100
|move|p1a: Aimep3|Seismic Toss|p2a: Walking Wake
|-damage|p2a: Walking Wake|5/100 tox
|
|-damage|p2a: Walking Wake|0 fnt|[from] psn
|faint|p2a: Walking Wake
|-end|p2a: Walking Wake|Protosynthesis|[silent]
|upkeep
|
|t:|1779684677
|switch|p2a: Torterra|Torterra, M|100/100
|turn|8
|inactive|Chechoide has 120 seconds left.
|
|t:|1779684719
|switch|p1a: Luis Vargas|Gliscor, M|100/100 tox
|move|p2a: Torterra|Leech Seed|p1a: Luis Vargas|[miss]
|-miss|p2a: Torterra|p1a: Luis Vargas
|
|upkeep
|turn|9
|
|t:|1779684729
|move|p1a: Luis Vargas|Toxic|p2a: Torterra|[miss]
|-miss|p1a: Luis Vargas|p2a: Torterra
|move|p2a: Torterra|Leech Seed|p1a: Luis Vargas
|-start|p1a: Luis Vargas|move: Leech Seed
|
|-damage|p1a: Luis Vargas|88/100 tox|[from] Leech Seed|[of] p2a: Torterra
|-heal|p1a: Luis Vargas|100/100 tox|[from] ability: Poison Heal
|upkeep
|turn|10
|
|t:|1779684740
|switch|p2a: Salazzle|Salazzle, F|100/100
|move|p1a: Luis Vargas|Toxic|p2a: Salazzle
|-immune|p2a: Salazzle
|
|-damage|p1a: Luis Vargas|88/100 tox|[from] Leech Seed|[of] p2a: Salazzle
|-heal|p1a: Luis Vargas|100/100 tox|[from] ability: Poison Heal
|upkeep
|turn|11
|
|t:|1779684756
|move|p2a: Salazzle|Sludge Bomb|p1a: Luis Vargas
|-resisted|p1a: Luis Vargas
|-damage|p1a: Luis Vargas|81/100 tox
|move|p1a: Luis Vargas|Knock Off|p2a: Salazzle
|-damage|p2a: Salazzle|67/100
|-enditem|p2a: Salazzle|Focus Sash|[from] move: Knock Off|[of] p1a: Luis Vargas
|
|-damage|p1a: Luis Vargas|68/100 tox|[from] Leech Seed|[of] p2a: Salazzle
|-heal|p2a: Salazzle|80/100|[silent]
|-heal|p1a: Luis Vargas|81/100 tox|[from] ability: Poison Heal
|upkeep
|turn|12
|
|t:|1779684770
|switch|p1a: Aimep3|Blissey, F|82/100
|move|p2a: Salazzle|Flamethrower|p1a: Aimep3
|-damage|p1a: Aimep3|73/100
|
|upkeep
|turn|13
|
|t:|1779684780
|move|p2a: Salazzle|Toxic|p1a: Aimep3
|-status|p1a: Aimep3|tox
|move|p1a: Aimep3|Stealth Rock|p2a: Salazzle
|-sidestart|p2: aw777|move: Stealth Rock
|
|-damage|p1a: Aimep3|66/100 tox|[from] psn
|upkeep
|turn|14
|
|t:|1779684789
|move|p2a: Salazzle|Sludge Bomb|p1a: Aimep3
|-damage|p1a: Aimep3|55/100 tox
|move|p1a: Aimep3|Seismic Toss|p2a: Salazzle
|-damage|p2a: Salazzle|50/100
|
|-damage|p1a: Aimep3|43/100 tox|[from] psn
|upkeep
|turn|15
|
|t:|1779684800
|move|p2a: Salazzle|Flamethrower|p1a: Aimep3
|-damage|p1a: Aimep3|32/100 tox
|move|p1a: Aimep3|Soft-Boiled|p1a: Aimep3
|-heal|p1a: Aimep3|82/100 tox
|
|-damage|p1a: Aimep3|64/100 tox|[from] psn
|upkeep
|turn|16
|
|t:|1779684811
|-curestatus|p1a: Aimep3|tox|[from] ability: Natural Cure|[silent]
|switch|p1a: Bagrezuko|Dondozo, F|100/100
|move|p2a: Salazzle|Flamethrower|p1a: Bagrezuko
|-resisted|p1a: Bagrezuko
|-damage|p1a: Bagrezuko|85/100
|-status|p1a: Bagrezuko|brn
|
|-damage|p1a: Bagrezuko|78/100 brn|[from] brn
|upkeep
|turn|17
|
|t:|1779684825
|switch|p2a: Torterra|Torterra, M|100/100
|-damage|p2a: Torterra|94/100|[from] Stealth Rock
|move|p1a: Bagrezuko|Rest|p1a: Bagrezuko
|-status|p1a: Bagrezuko|slp|[from] move: Rest
|-heal|p1a: Bagrezuko|100/100 slp|[silent]
|
|-heal|p2a: Torterra|100/100|[from] item: Leftovers
|upkeep
|turn|18
|
|t:|1779684835
|switch|p1a: Dr Sexo|Weezing-Galar, M|100/100
|-ability|p1a: Dr Sexo|Neutralizing Gas
|move|p2a: Torterra|Leech Seed|p1a: Dr Sexo
|-start|p1a: Dr Sexo|move: Leech Seed
|
|-damage|p1a: Dr Sexo|88/100|[from] Leech Seed|[of] p2a: Torterra
|upkeep
|turn|19
|
|t:|1779684846
|move|p1a: Dr Sexo|Defog|p2a: Torterra
|-unboost|p2a: Torterra|evasion|1
|-sideend|p2: aw777|Stealth Rock|[from] move: Defog|[of] p1a: Dr Sexo
|move|p2a: Torterra|Iron Defense|p2a: Torterra
|-boost|p2a: Torterra|def|2
|
|-damage|p1a: Dr Sexo|76/100|[from] Leech Seed|[of] p2a: Torterra
|upkeep
|turn|20
|
|t:|1779684855
|move|p1a: Dr Sexo|Will-O-Wisp|p2a: Torterra
|-status|p2a: Torterra|brn
|move|p2a: Torterra|Iron Defense|p2a: Torterra
|-boost|p2a: Torterra|def|2
|
|-damage|p1a: Dr Sexo|64/100|[from] Leech Seed|[of] p2a: Torterra
|-damage|p2a: Torterra|94/100 brn|[from] brn
|upkeep
|turn|21
|
|t:|1779684866
|move|p1a: Dr Sexo|Pain Split|p2a: Torterra
|-sethp|p2a: Torterra|74/100 brn|[from] move: Pain Split|[silent]
|-sethp|p1a: Dr Sexo|87/100|[from] move: Pain Split
|move|p2a: Torterra|Iron Defense|p2a: Torterra
|-boost|p2a: Torterra|def|2
|
|-heal|p2a: Torterra|80/100 brn|[from] item: Leftovers
|-damage|p1a: Dr Sexo|75/100|[from] Leech Seed|[of] p2a: Torterra
|-heal|p2a: Torterra|91/100 brn|[silent]
|-damage|p2a: Torterra|85/100 brn|[from] brn
|upkeep
|turn|22
|
|t:|1779684887
|-end|p1a: Dr Sexo|ability: Neutralizing Gas
|switch|p1a: Bagrezuko|Dondozo, F|100/100 slp
|move|p2a: Torterra|Body Press|p1a: Bagrezuko
|-damage|p1a: Bagrezuko|96/100 slp
|
|-heal|p2a: Torterra|91/100 brn|[from] item: Leftovers
|-damage|p2a: Torterra|85/100 brn|[from] brn
|upkeep
|turn|23
|
|t:|1779684898
|move|p2a: Torterra|Leech Seed|p1a: Bagrezuko
|-start|p1a: Bagrezuko|move: Leech Seed
|cant|p1a: Bagrezuko|slp
|move|p1a: Bagrezuko|Sleep Talk|p1a: Bagrezuko
|move|p1a: Bagrezuko|Waterfall|p2a: Torterra|[from] move: Sleep Talk
|-damage|p2a: Torterra|62/100 brn
|
|-heal|p2a: Torterra|69/100 brn|[from] item: Leftovers
|-damage|p1a: Bagrezuko|84/100 slp|[from] Leech Seed|[of] p2a: Torterra
|-heal|p2a: Torterra|85/100 brn|[silent]
|-damage|p2a: Torterra|78/100 brn|[from] brn
|upkeep
|turn|24
|
|t:|1779684917
|switch|p1a: Luis Vargas|Gliscor, M|81/100 tox
|move|p2a: Torterra|Body Press|p1a: Luis Vargas
|-resisted|p1a: Luis Vargas
|-damage|p1a: Luis Vargas|71/100 tox
|
|-heal|p2a: Torterra|85/100 brn|[from] item: Leftovers
|-heal|p1a: Luis Vargas|83/100 tox|[from] ability: Poison Heal
|-damage|p2a: Torterra|78/100 brn|[from] brn
|upkeep
|turn|25
|
|t:|1779684929
|move|p1a: Luis Vargas|Knock Off|p2a: Torterra
|-damage|p2a: Torterra|74/100 brn
|-enditem|p2a: Torterra|Leftovers|[from] move: Knock Off|[of] p1a: Luis Vargas
|move|p2a: Torterra|Leech Seed|p1a: Luis Vargas
|-start|p1a: Luis Vargas|move: Leech Seed
|
|-damage|p1a: Luis Vargas|71/100 tox|[from] Leech Seed|[of] p2a: Torterra
|-heal|p2a: Torterra|85/100 brn|[silent]
|-heal|p1a: Luis Vargas|83/100 tox|[from] ability: Poison Heal
|-damage|p2a: Torterra|79/100 brn|[from] brn
|upkeep
|turn|26
|
|t:|1779684941
|switch|p1a: Bebezuka1|Clodsire, M, tera:Steel|36/100
|move|p2a: Torterra|Body Press|p1a: Bebezuka1
|-supereffective|p1a: Bebezuka1
|-damage|p1a: Bebezuka1|16/100
|
|-damage|p2a: Torterra|73/100 brn|[from] brn
|upkeep
|turn|27
|
|t:|1779684950
|move|p2a: Torterra|Leech Seed|p1a: Bebezuka1
|-start|p1a: Bebezuka1|move: Leech Seed
|move|p1a: Bebezuka1|Recover|p1a: Bebezuka1
|-heal|p1a: Bebezuka1|66/100
|
|-damage|p1a: Bebezuka1|54/100|[from] Leech Seed|[of] p2a: Torterra
|-heal|p2a: Torterra|87/100 brn|[silent]
|-damage|p2a: Torterra|80/100 brn|[from] brn
|upkeep
|turn|28
|
|t:|1779684959
|move|p2a: Torterra|Body Press|p1a: Bebezuka1
|-supereffective|p1a: Bebezuka1
|-damage|p1a: Bebezuka1|34/100
|move|p1a: Bebezuka1|Recover|p1a: Bebezuka1
|-heal|p1a: Bebezuka1|84/100
|
|-damage|p1a: Bebezuka1|71/100|[from] Leech Seed|[of] p2a: Torterra
|-heal|p2a: Torterra|94/100 brn|[silent]
|-damage|p2a: Torterra|88/100 brn|[from] brn
|upkeep
|turn|29
|
|t:|1779684972
|move|p2a: Torterra|Body Press|p1a: Bebezuka1
|-supereffective|p1a: Bebezuka1
|-damage|p1a: Bebezuka1|52/100
|move|p1a: Bebezuka1|Poison Jab|p2a: Torterra
|-damage|p2a: Torterra|69/100 brn
|
|-damage|p1a: Bebezuka1|40/100|[from] Leech Seed|[of] p2a: Torterra
|-heal|p2a: Torterra|83/100 brn|[silent]
|-damage|p2a: Torterra|77/100 brn|[from] brn
|upkeep
|turn|30
|
|t:|1779684983
|move|p2a: Torterra|Body Press|p1a: Bebezuka1
|-supereffective|p1a: Bebezuka1
|-damage|p1a: Bebezuka1|21/100
|move|p1a: Bebezuka1|Recover|p1a: Bebezuka1
|-heal|p1a: Bebezuka1|71/100
|
|-damage|p1a: Bebezuka1|59/100|[from] Leech Seed|[of] p2a: Torterra
|-heal|p2a: Torterra|90/100 brn|[silent]
|-damage|p2a: Torterra|84/100 brn|[from] brn
|upkeep
|turn|31
|
|t:|1779684994
|move|p2a: Torterra|Body Press|p1a: Bebezuka1
|-supereffective|p1a: Bebezuka1
|-damage|p1a: Bebezuka1|39/100
|move|p1a: Bebezuka1|Recover|p1a: Bebezuka1
|-heal|p1a: Bebezuka1|89/100
|
|-damage|p1a: Bebezuka1|76/100|[from] Leech Seed|[of] p2a: Torterra
|-heal|p2a: Torterra|97/100 brn|[silent]
|-damage|p2a: Torterra|91/100 brn|[from] brn
|upkeep
|turn|32
|
|t:|1779685007
|switch|p1a: Bagrezuko|Dondozo, F|84/100 slp
|move|p2a: Torterra|Body Press|p1a: Bagrezuko
|-damage|p1a: Bagrezuko|80/100 slp
|
|-damage|p2a: Torterra|85/100 brn|[from] brn
|upkeep
|turn|33
|
|t:|1779685016
|move|p2a: Torterra|Leech Seed|p1a: Bagrezuko
|-start|p1a: Bagrezuko|move: Leech Seed
|cant|p1a: Bagrezuko|slp
|move|p1a: Bagrezuko|Sleep Talk|p1a: Bagrezuko
|move|p1a: Bagrezuko|Waterfall|p2a: Torterra|[from] move: Sleep Talk
|-damage|p2a: Torterra|64/100 brn
|
|-damage|p1a: Bagrezuko|68/100 slp|[from] Leech Seed|[of] p2a: Torterra
|-heal|p2a: Torterra|80/100 brn|[silent]
|-damage|p2a: Torterra|74/100 brn|[from] brn
|upkeep
|turn|34
|
|t:|1779685036
|switch|p1a: Bebezuka1|Clodsire, M, tera:Steel|76/100
|move|p2a: Torterra|Body Press|p1a: Bebezuka1
|-supereffective|p1a: Bebezuka1
|-damage|p1a: Bebezuka1|59/100
|
|-damage|p2a: Torterra|68/100 brn|[from] brn
|upkeep
|turn|35
|
|t:|1779685045
|move|p2a: Torterra|Leech Seed|p1a: Bebezuka1
|-start|p1a: Bebezuka1|move: Leech Seed
|move|p1a: Bebezuka1|Recover|p1a: Bebezuka1
|-heal|p1a: Bebezuka1|100/100
|
|-damage|p1a: Bebezuka1|88/100|[from] Leech Seed|[of] p2a: Torterra
|-heal|p2a: Torterra|81/100 brn|[silent]
|-damage|p2a: Torterra|75/100 brn|[from] brn
|upkeep
|turn|36
|
|t:|1779685055
|switch|p1a: Bagrezuko|Dondozo, F|68/100 slp
|move|p2a: Torterra|Body Press|p1a: Bagrezuko
|-damage|p1a: Bagrezuko|64/100 slp
|
|-damage|p2a: Torterra|69/100 brn|[from] brn
|upkeep
|turn|37
|
|t:|1779685071
|switch|p1a: Bebezuka1|Clodsire, M, tera:Steel|88/100
|move|p2a: Torterra|Synthesis|p2a: Torterra
|-heal|p2a: Torterra|100/100 brn
|
|-damage|p2a: Torterra|94/100 brn|[from] brn
|upkeep
|turn|38
|
|t:|1779685084
|move|p2a: Torterra|Leech Seed|p1a: Bebezuka1
|-start|p1a: Bebezuka1|move: Leech Seed
|move|p1a: Bebezuka1|Poison Jab|p2a: Torterra
|-damage|p2a: Torterra|78/100 brn
|
|-damage|p1a: Bebezuka1|76/100|[from] Leech Seed|[of] p2a: Torterra
|-heal|p2a: Torterra|91/100 brn|[silent]
|-damage|p2a: Torterra|85/100 brn|[from] brn
|upkeep
|turn|39
|
|t:|1779685100
|switch|p1a: Bagrezuko|Dondozo, F|64/100 slp
|move|p2a: Torterra|Body Press|p1a: Bagrezuko
|-damage|p1a: Bagrezuko|60/100 slp
|
|-damage|p2a: Torterra|79/100 brn|[from] brn
|upkeep
|turn|40
|
|t:|1779685111
|move|p2a: Torterra|Leech Seed|p1a: Bagrezuko
|-start|p1a: Bagrezuko|move: Leech Seed
|-curestatus|p1a: Bagrezuko|slp|[msg]
|move|p1a: Bagrezuko|Waterfall|p2a: Torterra
|-damage|p2a: Torterra|54/100 brn
|
|-damage|p1a: Bagrezuko|47/100|[from] Leech Seed|[of] p2a: Torterra
|-heal|p2a: Torterra|70/100 brn|[silent]
|-damage|p2a: Torterra|64/100 brn|[from] brn
|upkeep
|turn|41
|
|t:|1779685123
|move|p2a: Torterra|Synthesis|p2a: Torterra
|-heal|p2a: Torterra|100/100 brn
|move|p1a: Bagrezuko|Rest|p1a: Bagrezuko
|-status|p1a: Bagrezuko|slp|[from] move: Rest
|-heal|p1a: Bagrezuko|100/100 slp|[silent]
|
|-damage|p1a: Bagrezuko|88/100 slp|[from] Leech Seed|[of] p2a: Torterra
|-damage|p2a: Torterra|94/100 brn|[from] brn
|upkeep
|turn|42
|
|t:|1779685138
|switch|p2a: Salazzle|Salazzle, F|50/100
|switch|p1a: Bebezuka1|Clodsire, M, tera:Steel|76/100
|
|upkeep
|turn|43
|
|t:|1779685150
|switch|p1a: Aimep3|Blissey, F|64/100
|move|p2a: Salazzle|Toxic|p1a: Aimep3
|-status|p1a: Aimep3|tox
|
|-damage|p1a: Aimep3|58/100 tox|[from] psn
|upkeep
|turn|44
|
|t:|1779685167
|switch|p2a: Garganacl|Garganacl, M|100/100
|move|p1a: Aimep3|Soft-Boiled|p1a: Aimep3
|-heal|p1a: Aimep3|100/100 tox
|
|-damage|p1a: Aimep3|88/100 tox|[from] psn
|upkeep
|turn|45
|inactive|Chechoide has 120 seconds left.
|
|t:|1779685218
|move|p1a: Aimep3|Stealth Rock|p2a: Garganacl
|-sidestart|p2: aw777|move: Stealth Rock
|move|p2a: Garganacl|Curse|p2a: Garganacl
|-unboost|p2a: Garganacl|spe|1
|-boost|p2a: Garganacl|atk|1
|-boost|p2a: Garganacl|def|1
|
|-damage|p1a: Aimep3|70/100 tox|[from] psn
|upkeep
|turn|46
|
|t:|1779685231
|-curestatus|p1a: Aimep3|tox|[from] ability: Natural Cure|[silent]
|switch|p1a: Bebezuka1|Clodsire, M, tera:Steel|76/100
|move|p2a: Garganacl|Curse|p2a: Garganacl
|-unboost|p2a: Garganacl|spe|1
|-boost|p2a: Garganacl|atk|1
|-boost|p2a: Garganacl|def|1
|
|upkeep
|turn|47
|
|t:|1779685242
|move|p1a: Bebezuka1|Poison Jab|p2a: Garganacl
|-resisted|p2a: Garganacl
|-damage|p2a: Garganacl|93/100
|-damage|p1a: Bebezuka1|59/100|[from] item: Rocky Helmet|[of] p2a: Garganacl
|move|p2a: Garganacl|Curse|p2a: Garganacl
|-unboost|p2a: Garganacl|spe|1
|-boost|p2a: Garganacl|atk|1
|-boost|p2a: Garganacl|def|1
|
|upkeep
|turn|48
|
|t:|1779685252
|move|p1a: Bebezuka1|Recover|p1a: Bebezuka1
|-heal|p1a: Bebezuka1|100/100
|move|p2a: Garganacl|Salt Cure|p1a: Bebezuka1
|-resisted|p1a: Bebezuka1
|-damage|p1a: Bebezuka1|93/100
|-start|p1a: Bebezuka1|Salt Cure
|
|-damage|p1a: Bebezuka1|68/100|[from] Salt Cure
|upkeep
|turn|49
|inactive|Chechoide has 120 seconds left.
|
|t:|1779685264
|switch|p1a: Bagrezuko|Dondozo, F|88/100 slp
|move|p2a: Garganacl|Curse|p2a: Garganacl
|-unboost|p2a: Garganacl|spe|1
|-boost|p2a: Garganacl|atk|1
|-boost|p2a: Garganacl|def|1
|
|upkeep
|turn|50
|
|t:|1779685274
|cant|p1a: Bagrezuko|slp
|move|p2a: Garganacl|Salt Cure|p1a: Bagrezuko
|-damage|p1a: Bagrezuko|82/100 slp
|-start|p1a: Bagrezuko|Salt Cure
|
|-damage|p1a: Bagrezuko|57/100 slp|[from] Salt Cure
|upkeep
|turn|51
|
|t:|1779685284
|cant|p1a: Bagrezuko|slp
|move|p2a: Garganacl|Curse|p2a: Garganacl
|-unboost|p2a: Garganacl|spe|1
|-boost|p2a: Garganacl|atk|1
|-boost|p2a: Garganacl|def|1
|
|-damage|p1a: Bagrezuko|32/100 slp|[from] Salt Cure
|upkeep
|turn|52
|
|t:|1779685296
|-curestatus|p1a: Bagrezuko|slp|[msg]
|move|p1a: Bagrezuko|Rest|p1a: Bagrezuko
|-status|p1a: Bagrezuko|slp|[from] move: Rest
|-heal|p1a: Bagrezuko|100/100 slp|[silent]
|move|p2a: Garganacl|Curse|p2a: Garganacl
|-unboost|p2a: Garganacl|spe|1
|-boost|p2a: Garganacl|atk|1
|-boost|p2a: Garganacl|def|1
|
|-damage|p1a: Bagrezuko|75/100 slp|[from] Salt Cure
|upkeep
|turn|53
|
|t:|1779685310
|cant|p1a: Bagrezuko|slp
|move|p1a: Bagrezuko|Sleep Talk|p1a: Bagrezuko
|move|p1a: Bagrezuko|Waterfall|p2a: Garganacl|[from] move: Sleep Talk
|-supereffective|p2a: Garganacl
|-damage|p2a: Garganacl|55/100
|-damage|p1a: Bagrezuko|59/100 slp|[from] item: Rocky Helmet|[of] p2a: Garganacl
|cant|p2a: Garganacl|flinch
|
|-damage|p1a: Bagrezuko|34/100 slp|[from] Salt Cure
|upkeep
|turn|54
|
|t:|1779685334
|cant|p1a: Bagrezuko|slp
|move|p1a: Bagrezuko|Sleep Talk|p1a: Bagrezuko
|move|p1a: Bagrezuko|Rest||[from] move: Sleep Talk|[still]
|-fail|p1a: Bagrezuko
|move|p2a: Garganacl|Recover|p2a: Garganacl
|-heal|p2a: Garganacl|100/100
|
|-damage|p1a: Bagrezuko|9/100 slp|[from] Salt Cure
|upkeep
|turn|55
|
|t:|1779685359
|switch|p1a: Bebezuka1|Clodsire, M, tera:Steel|68/100
|move|p2a: Garganacl|Ice Punch|p1a: Bebezuka1
|-resisted|p1a: Bebezuka1
|-damage|p1a: Bebezuka1|60/100
|
|upkeep
|turn|56
|inactive|Chechoide has 120 seconds left.
|
|t:|1779685375
|move|p1a: Bebezuka1|Recover|p1a: Bebezuka1
|-heal|p1a: Bebezuka1|100/100
|move|p2a: Garganacl|Salt Cure|p1a: Bebezuka1
|-resisted|p1a: Bebezuka1
|-damage|p1a: Bebezuka1|94/100
|-start|p1a: Bebezuka1|Salt Cure
|
|-damage|p1a: Bebezuka1|69/100|[from] Salt Cure
|upkeep
|turn|57
|
|t:|1779685386
|switch|p1a: Bebezuka2|Alomomola, M|62/100
|move|p2a: Garganacl|Ice Punch|p1a: Bebezuka2
|-resisted|p1a: Bebezuka2
|-damage|p1a: Bebezuka2|43/100
|
|upkeep
|turn|58
|
|t:|1779685393
|move|p1a: Bebezuka2|Wish|p1a: Bebezuka2
|move|p2a: Garganacl|Salt Cure|p1a: Bebezuka2
|-damage|p1a: Bebezuka2|13/100
|-start|p1a: Bebezuka2|Salt Cure
|
|-damage|p1a: Bebezuka2|0 fnt|[from] Salt Cure
|faint|p1a: Bebezuka2
|upkeep
|
|t:|1779685404
|switch|p1a: Bagrezuko|Dondozo, F|9/100 slp
|turn|59
|
|t:|1779685413
|switch|p1a: Dr Sexo|Weezing-Galar, M|75/100
|-ability|p1a: Dr Sexo|Neutralizing Gas
|move|p2a: Garganacl|Salt Cure|p1a: Dr Sexo
|-damage|p1a: Dr Sexo|31/100
|-start|p1a: Dr Sexo|Salt Cure
|
|-heal|p1a: Dr Sexo|100/100|[from] move: Wish|[wisher] Bebezuka2
|-damage|p1a: Dr Sexo|88/100|[from] Salt Cure
|upkeep
|turn|60
|
|t:|1779685426
|move|p1a: Dr Sexo|Will-O-Wisp|p2a: Garganacl
|-status|p2a: Garganacl|brn
|move|p2a: Garganacl|Salt Cure|p1a: Dr Sexo
|-damage|p1a: Dr Sexo|68/100
|
|-damage|p2a: Garganacl|94/100 brn|[from] brn
|-damage|p1a: Dr Sexo|56/100|[from] Salt Cure
|upkeep
|turn|61
|
|t:|1779685438
|move|p1a: Dr Sexo|Sludge Bomb|p2a: Garganacl
|-resisted|p2a: Garganacl
|-damage|p2a: Garganacl|85/100 brn
|move|p2a: Garganacl|Salt Cure|p1a: Dr Sexo
|-damage|p1a: Dr Sexo|34/100
|
|-damage|p2a: Garganacl|78/100 brn|[from] brn
|-damage|p1a: Dr Sexo|22/100|[from] Salt Cure
|upkeep
|turn|62
|
|t:|1779685448
|move|p1a: Dr Sexo|Pain Split|p2a: Garganacl
|-sethp|p2a: Garganacl|48/100 brn|[from] move: Pain Split|[silent]
|-sethp|p1a: Dr Sexo|58/100|[from] move: Pain Split
|move|p2a: Garganacl|Salt Cure|p1a: Dr Sexo
|-damage|p1a: Dr Sexo|37/100
|
|-damage|p2a: Garganacl|42/100 brn|[from] brn
|-damage|p1a: Dr Sexo|25/100|[from] Salt Cure
|upkeep
|turn|63
|
|t:|1779685466
|-end|p1a: Dr Sexo|ability: Neutralizing Gas
|switch|p1a: Luis Vargas|Gliscor, M|83/100 tox
|move|p2a: Garganacl|Recover|p2a: Garganacl
|-heal|p2a: Garganacl|92/100 brn
|
|-heal|p1a: Luis Vargas|96/100 tox|[from] ability: Poison Heal
|-damage|p2a: Garganacl|86/100 brn|[from] brn
|upkeep
|turn|64
|
|t:|1779685477
|move|p1a: Luis Vargas|Knock Off|p2a: Garganacl
|-damage|p2a: Garganacl|82/100 brn
|-damage|p1a: Luis Vargas|79/100 tox|[from] item: Rocky Helmet|[of] p2a: Garganacl
|-enditem|p2a: Garganacl|Rocky Helmet|[from] move: Knock Off|[of] p1a: Luis Vargas
|move|p2a: Garganacl|Salt Cure|p1a: Luis Vargas
|-damage|p1a: Luis Vargas|62/100 tox
|-start|p1a: Luis Vargas|Salt Cure
|
|-heal|p1a: Luis Vargas|75/100 tox|[from] ability: Poison Heal
|-damage|p2a: Garganacl|76/100 brn|[from] brn
|-damage|p1a: Luis Vargas|62/100 tox|[from] Salt Cure
|upkeep
|turn|65
|
|t:|1779685492
|move|p1a: Luis Vargas|Spikes|p2a: Garganacl
|-sidestart|p2: aw777|Spikes
|move|p2a: Garganacl|Ice Punch|p1a: Luis Vargas
|-supereffective|p1a: Luis Vargas
|-damage|p1a: Luis Vargas|0 fnt
|faint|p1a: Luis Vargas
|
|-damage|p2a: Garganacl|70/100 brn|[from] brn
|upkeep
|
|t:|1779685499
|switch|p1a: Dr Sexo|Weezing-Galar, M|25/100
|-ability|p1a: Dr Sexo|Neutralizing Gas
|turn|66
|
|t:|1779685504
|move|p1a: Dr Sexo|Pain Split|p2a: Garganacl
|-sethp|p2a: Garganacl|45/100 brn|[from] move: Pain Split|[silent]
|-sethp|p1a: Dr Sexo|54/100|[from] move: Pain Split
|move|p2a: Garganacl|Salt Cure|p1a: Dr Sexo
|-damage|p1a: Dr Sexo|34/100
|-start|p1a: Dr Sexo|Salt Cure
|
|-damage|p2a: Garganacl|39/100 brn|[from] brn
|-damage|p1a: Dr Sexo|21/100|[from] Salt Cure
|upkeep
|turn|67
|
|t:|1779685515
|move|p1a: Dr Sexo|Pain Split|p2a: Garganacl
|-sethp|p2a: Garganacl|28/100 brn|[from] move: Pain Split|[silent]
|-sethp|p1a: Dr Sexo|34/100|[from] move: Pain Split
|move|p2a: Garganacl|Recover|p2a: Garganacl
|-heal|p2a: Garganacl|78/100 brn
|
|-damage|p2a: Garganacl|72/100 brn|[from] brn
|-damage|p1a: Dr Sexo|22/100|[from] Salt Cure
|upkeep
|turn|68
|
|t:|1779685527
|move|p1a: Dr Sexo|Pain Split|p2a: Garganacl
|-sethp|p2a: Garganacl|45/100 brn|[from] move: Pain Split|[silent]
|-sethp|p1a: Dr Sexo|54/100|[from] move: Pain Split
|move|p2a: Garganacl|Salt Cure|p1a: Dr Sexo
|-damage|p1a: Dr Sexo|33/100
|
|-damage|p2a: Garganacl|39/100 brn|[from] brn
|-damage|p1a: Dr Sexo|21/100|[from] Salt Cure
|upkeep
|turn|69
|
|t:|1779685543
|move|p1a: Dr Sexo|Pain Split|p2a: Garganacl
|-sethp|p2a: Garganacl|28/100 brn|[from] move: Pain Split|[silent]
|-sethp|p1a: Dr Sexo|34/100|[from] move: Pain Split
|move|p2a: Garganacl|Salt Cure|p1a: Dr Sexo
|-damage|p1a: Dr Sexo|15/100
|
|-damage|p2a: Garganacl|22/100 brn|[from] brn
|-damage|p1a: Dr Sexo|2/100|[from] Salt Cure
|upkeep
|turn|70
|inactive|Chechoide has 120 seconds left.
|
|t:|1779685569
|-end|p1a: Dr Sexo|ability: Neutralizing Gas
|switch|p1a: Aimep3|Blissey, F|70/100
|move|p2a: Garganacl|Recover|p2a: Garganacl
|-heal|p2a: Garganacl|72/100 brn
|
|-damage|p2a: Garganacl|66/100 brn|[from] brn
|upkeep
|turn|71
|
|t:|1779685580
|move|p1a: Aimep3|Soft-Boiled|p1a: Aimep3
|-heal|p1a: Aimep3|100/100
|move|p2a: Garganacl|Salt Cure|p1a: Aimep3
|-damage|p1a: Aimep3|72/100
|-start|p1a: Aimep3|Salt Cure
|
|-damage|p2a: Garganacl|59/100 brn|[from] brn
|-damage|p1a: Aimep3|60/100|[from] Salt Cure
|upkeep
|turn|72
|
|t:|1779685591
|move|p1a: Aimep3|Soft-Boiled|p1a: Aimep3
|-heal|p1a: Aimep3|100/100
|move|p2a: Garganacl|Ice Punch|p1a: Aimep3
|-damage|p1a: Aimep3|63/100
|
|-damage|p2a: Garganacl|53/100 brn|[from] brn
|-damage|p1a: Aimep3|51/100|[from] Salt Cure
|upkeep
|turn|73
|
|t:|1779685600
|move|p1a: Aimep3|Soft-Boiled|p1a: Aimep3
|-heal|p1a: Aimep3|100/100
|move|p2a: Garganacl|Recover|p2a: Garganacl
|-heal|p2a: Garganacl|100/100 brn
|
|-damage|p2a: Garganacl|94/100 brn|[from] brn
|-damage|p1a: Aimep3|88/100|[from] Salt Cure
|upkeep
|turn|74
|
|t:|1779685611
|move|p1a: Aimep3|Seismic Toss|p2a: Garganacl
|-damage|p2a: Garganacl|70/100 brn
|move|p2a: Garganacl|Salt Cure|p1a: Aimep3
|-damage|p1a: Aimep3|58/100
|
|-damage|p2a: Garganacl|63/100 brn|[from] brn
|-damage|p1a: Aimep3|45/100|[from] Salt Cure
|upkeep
|turn|75
|
|t:|1779685622
|move|p1a: Aimep3|Soft-Boiled|p1a: Aimep3
|-heal|p1a: Aimep3|95/100
|move|p2a: Garganacl|Recover|p2a: Garganacl
|-heal|p2a: Garganacl|100/100 brn
|
|-damage|p2a: Garganacl|94/100 brn|[from] brn
|-damage|p1a: Aimep3|83/100|[from] Salt Cure
|upkeep
|turn|76
|
|t:|1779685634
|move|p1a: Aimep3|Seismic Toss|p2a: Garganacl
|-damage|p2a: Garganacl|70/100 brn
|move|p2a: Garganacl|Ice Punch|p1a: Aimep3
|-damage|p1a: Aimep3|48/100
|
|-damage|p2a: Garganacl|63/100 brn|[from] brn
|-damage|p1a: Aimep3|36/100|[from] Salt Cure
|upkeep
|turn|77
|
|t:|1779685647
|move|p1a: Aimep3|Soft-Boiled|p1a: Aimep3
|-heal|p1a: Aimep3|86/100
|move|p2a: Garganacl|Ice Punch|p1a: Aimep3
|-crit|p1a: Aimep3
|-damage|p1a: Aimep3|34/100
|
|-damage|p2a: Garganacl|57/100 brn|[from] brn
|-damage|p1a: Aimep3|22/100|[from] Salt Cure
|upkeep
|turn|78
|
|t:|1779685660
|move|p1a: Aimep3|Soft-Boiled|p1a: Aimep3
|-heal|p1a: Aimep3|72/100
|move|p2a: Garganacl|Salt Cure|p1a: Aimep3
|-damage|p1a: Aimep3|42/100
|
|-damage|p2a: Garganacl|51/100 brn|[from] brn
|-damage|p1a: Aimep3|30/100|[from] Salt Cure
|upkeep
|turn|79
|
|t:|1779685675
|move|p1a: Aimep3|Seismic Toss|p2a: Garganacl
|-damage|p2a: Garganacl|26/100 brn
|move|p2a: Garganacl|Ice Punch|p1a: Aimep3
|-damage|p1a: Aimep3|0 fnt
|faint|p1a: Aimep3
|
|-damage|p2a: Garganacl|20/100 brn|[from] brn
|upkeep
|
|t:|1779685681
|switch|p1a: Dr Sexo|Weezing-Galar, M|2/100
|-ability|p1a: Dr Sexo|Neutralizing Gas
|turn|80
|
|t:|1779685690
|move|p1a: Dr Sexo|Pain Split|p2a: Garganacl
|-sethp|p2a: Garganacl|11/100 brn|[from] move: Pain Split|[silent]
|-sethp|p1a: Dr Sexo|13/100|[from] move: Pain Split
|move|p2a: Garganacl|Recover|p2a: Garganacl
|-heal|p2a: Garganacl|61/100 brn
|
|-damage|p2a: Garganacl|55/100 brn|[from] brn
|upkeep
|turn|81
|
|t:|1779685700
|move|p1a: Dr Sexo|Pain Split|p2a: Garganacl
|-sethp|p2a: Garganacl|33/100 brn|[from] move: Pain Split|[silent]
|-sethp|p1a: Dr Sexo|39/100|[from] move: Pain Split
|move|p2a: Garganacl|Salt Cure|p1a: Dr Sexo
|-damage|p1a: Dr Sexo|17/100
|-start|p1a: Dr Sexo|Salt Cure
|
|-damage|p2a: Garganacl|26/100 brn|[from] brn
|-damage|p1a: Dr Sexo|5/100|[from] Salt Cure
|upkeep
|turn|82
|
|t:|1779685714
|move|p1a: Dr Sexo|Pain Split|p2a: Garganacl
|-sethp|p2a: Garganacl|15/100 brn|[from] move: Pain Split|[silent]
|-sethp|p1a: Dr Sexo|18/100|[from] move: Pain Split
|move|p2a: Garganacl|Recover|p2a: Garganacl
|-heal|p2a: Garganacl|65/100 brn
|
|-damage|p2a: Garganacl|59/100 brn|[from] brn
|-damage|p1a: Dr Sexo|6/100|[from] Salt Cure
|upkeep
|turn|83
|
|t:|1779685727
|move|p1a: Dr Sexo|Pain Split|p2a: Garganacl
|-sethp|p2a: Garganacl|32/100 brn|[from] move: Pain Split|[silent]
|-sethp|p1a: Dr Sexo|39/100|[from] move: Pain Split
|move|p2a: Garganacl|Ice Punch|p1a: Dr Sexo
|-damage|p1a: Dr Sexo|14/100
|
|-damage|p2a: Garganacl|26/100 brn|[from] brn
|-damage|p1a: Dr Sexo|2/100|[from] Salt Cure
|upkeep
|turn|84
|
|t:|1779685739
|move|p1a: Dr Sexo|Pain Split|p2a: Garganacl
|-sethp|p2a: Garganacl|14/100 brn|[from] move: Pain Split|[silent]
|-sethp|p1a: Dr Sexo|17/100|[from] move: Pain Split
|move|p2a: Garganacl|Salt Cure|p1a: Dr Sexo
|-damage|p1a: Dr Sexo|0 fnt
|faint|p1a: Dr Sexo
|-end|p1a: Dr Sexo|ability: Neutralizing Gas
|
|-damage|p2a: Garganacl|8/100 brn|[from] brn
|upkeep
|
|t:|1779685751
|switch|p1a: Bebezuka1|Clodsire, M, tera:Steel|69/100
|turn|85
|
|t:|1779685756
|move|p1a: Bebezuka1|Poison Jab|p2a: Garganacl
|-resisted|p2a: Garganacl
|-damage|p2a: Garganacl|0 fnt
|faint|p2a: Garganacl
|
|upkeep
|
|t:|1779685763
|switch|p2a: Salazzle|Salazzle, F|50/100
|-damage|p2a: Salazzle|25/100|[from] Stealth Rock
|-damage|p2a: Salazzle|13/100|[from] Spikes
|turn|86
|
|t:|1779685777
|move|p2a: Salazzle|Sludge Bomb|p1a: Bebezuka1
|-immune|p1a: Bebezuka1
|move|p1a: Bebezuka1|Poison Jab|p2a: Salazzle
|-resisted|p2a: Salazzle
|-damage|p2a: Salazzle|0 fnt
|faint|p2a: Salazzle
|
|upkeep
|
|t:|1779685788
|switch|p2a: Torterra|Torterra, M|94/100 brn
|-damage|p2a: Torterra|88/100 brn|[from] Stealth Rock
|-damage|p2a: Torterra|76/100 brn|[from] Spikes
|turn|87
|
|t:|1779685796
|move|p2a: Torterra|Leech Seed|p1a: Bebezuka1|[miss]
|-miss|p2a: Torterra|p1a: Bebezuka1
|move|p1a: Bebezuka1|Poison Jab|p2a: Torterra
|-damage|p2a: Torterra|58/100 brn
|
|-damage|p2a: Torterra|52/100 brn|[from] brn
|upkeep
|turn|88
|
|t:|1779685810
|move|p2a: Torterra|Leech Seed|p1a: Bebezuka1
|-start|p1a: Bebezuka1|move: Leech Seed
|move|p1a: Bebezuka1|Poison Jab|p2a: Torterra
|-damage|p2a: Torterra|34/100 brn
|
|-damage|p1a: Bebezuka1|57/100|[from] Leech Seed|[of] p2a: Torterra
|-heal|p2a: Torterra|48/100 brn|[silent]
|-damage|p2a: Torterra|42/100 brn|[from] brn
|upkeep
|turn|89
|
|t:|1779685822
|move|p2a: Torterra|Iron Defense|p2a: Torterra
|-boost|p2a: Torterra|def|2
|move|p1a: Bebezuka1|Poison Jab|p2a: Torterra
|-damage|p2a: Torterra|23/100 brn
|
|-damage|p1a: Bebezuka1|44/100|[from] Leech Seed|[of] p2a: Torterra
|-heal|p2a: Torterra|37/100 brn|[silent]
|-damage|p2a: Torterra|31/100 brn|[from] brn
|upkeep
|turn|90
|
|t:|1779685832
|move|p2a: Torterra|Synthesis|p2a: Torterra
|-heal|p2a: Torterra|81/100 brn
|move|p1a: Bebezuka1|Recover|p1a: Bebezuka1
|-heal|p1a: Bebezuka1|94/100
|
|-damage|p1a: Bebezuka1|82/100|[from] Leech Seed|[of] p2a: Torterra
|-heal|p2a: Torterra|94/100 brn|[silent]
|-damage|p2a: Torterra|88/100 brn|[from] brn
|upkeep
|turn|91
|
|t:|1779685842
|switch|p1a: Bagrezuko|Dondozo, F|9/100 slp
|move|p2a: Torterra|Iron Defense|p2a: Torterra
|-boost|p2a: Torterra|def|2
|
|-damage|p2a: Torterra|82/100 brn|[from] brn
|upkeep
|turn|92
|
|t:|1779685853
|move|p2a: Torterra|Body Press|p1a: Bagrezuko
|-damage|p1a: Bagrezuko|4/100 slp
|-curestatus|p1a: Bagrezuko|slp|[msg]
|move|p1a: Bagrezuko|Rest|p1a: Bagrezuko
|-status|p1a: Bagrezuko|slp|[from] move: Rest
|-heal|p1a: Bagrezuko|100/100 slp|[silent]
|
|-damage|p2a: Torterra|76/100 brn|[from] brn
|upkeep
|turn|93
|
|t:|1779685865
|move|p2a: Torterra|Leech Seed|p1a: Bagrezuko
|-start|p1a: Bagrezuko|move: Leech Seed
|cant|p1a: Bagrezuko|slp
|move|p1a: Bagrezuko|Sleep Talk|p1a: Bagrezuko
|move|p1a: Bagrezuko|Curse|p1a: Bagrezuko|[from] move: Sleep Talk
|-unboost|p1a: Bagrezuko|spe|1
|-boost|p1a: Bagrezuko|atk|1
|-boost|p1a: Bagrezuko|def|1
|
|-damage|p1a: Bagrezuko|88/100 slp|[from] Leech Seed|[of] p2a: Torterra
|-heal|p2a: Torterra|92/100 brn|[silent]
|-damage|p2a: Torterra|86/100 brn|[from] brn
|upkeep
|turn|94
|
|t:|1779685879
|move|p2a: Torterra|Iron Defense|p2a: Torterra
|-boost|p2a: Torterra|def|2
|cant|p1a: Bagrezuko|slp
|move|p1a: Bagrezuko|Sleep Talk|p1a: Bagrezuko
|move|p1a: Bagrezuko|Rest||[from] move: Sleep Talk|[still]
|-fail|p1a: Bagrezuko
|
|-damage|p1a: Bagrezuko|75/100 slp|[from] Leech Seed|[of] p2a: Torterra
|-heal|p2a: Torterra|100/100 brn|[silent]
|-damage|p2a: Torterra|94/100 brn|[from] brn
|upkeep
|turn|95
|
|t:|1779685896
|move|p2a: Torterra|Body Press|p1a: Bagrezuko
|-damage|p1a: Bagrezuko|73/100 slp
|-curestatus|p1a: Bagrezuko|slp|[msg]
|move|p1a: Bagrezuko|Waterfall|p2a: Torterra
|-damage|p2a: Torterra|61/100 brn
|
|-damage|p1a: Bagrezuko|60/100|[from] Leech Seed|[of] p2a: Torterra
|-heal|p2a: Torterra|77/100 brn|[silent]
|-damage|p2a: Torterra|71/100 brn|[from] brn
|upkeep
|turn|96
|
|t:|1779685912
|move|p2a: Torterra|Synthesis|p2a: Torterra
|-heal|p2a: Torterra|100/100 brn
|move|p1a: Bagrezuko|Waterfall|p2a: Torterra
|-damage|p2a: Torterra|66/100 brn
|
|-damage|p1a: Bagrezuko|48/100|[from] Leech Seed|[of] p2a: Torterra
|-heal|p2a: Torterra|82/100 brn|[silent]
|-damage|p2a: Torterra|76/100 brn|[from] brn
|upkeep
|turn|97
|
|t:|1779685924
|move|p2a: Torterra|Body Press|p1a: Bagrezuko
|-damage|p1a: Bagrezuko|45/100
|move|p1a: Bagrezuko|Waterfall|p2a: Torterra
|-damage|p2a: Torterra|40/100 brn
|
|-damage|p1a: Bagrezuko|33/100|[from] Leech Seed|[of] p2a: Torterra
|-heal|p2a: Torterra|56/100 brn|[silent]
|-damage|p2a: Torterra|50/100 brn|[from] brn
|upkeep
|turn|98
|
|t:|1779685938
|move|p2a: Torterra|Body Press|p1a: Bagrezuko
|-damage|p1a: Bagrezuko|30/100
|move|p1a: Bagrezuko|Waterfall|p2a: Torterra
|-damage|p2a: Torterra|19/100 brn
|
|-damage|p1a: Bagrezuko|17/100|[from] Leech Seed|[of] p2a: Torterra
|-heal|p2a: Torterra|35/100 brn|[silent]
|-damage|p2a: Torterra|28/100 brn|[from] brn
|upkeep
|turn|99
|
|t:|1779685949
|move|p2a: Torterra|Synthesis|p2a: Torterra
|-heal|p2a: Torterra|78/100 brn
|move|p1a: Bagrezuko|Rest|p1a: Bagrezuko
|-status|p1a: Bagrezuko|slp|[from] move: Rest
|-heal|p1a: Bagrezuko|100/100 slp|[silent]
|
|-damage|p1a: Bagrezuko|88/100 slp|[from] Leech Seed|[of] p2a: Torterra
|-heal|p2a: Torterra|94/100 brn|[silent]
|-damage|p2a: Torterra|88/100 brn|[from] brn
|upkeep
|turn|100
|
|t:|1779685962
|move|p2a: Torterra|Body Press|p1a: Bagrezuko
|-damage|p1a: Bagrezuko|85/100 slp
|cant|p1a: Bagrezuko|slp
|move|p1a: Bagrezuko|Sleep Talk|p1a: Bagrezuko
|move|p1a: Bagrezuko|Curse|p1a: Bagrezuko|[from] move: Sleep Talk
|-unboost|p1a: Bagrezuko|spe|1
|-boost|p1a: Bagrezuko|atk|1
|-boost|p1a: Bagrezuko|def|1
|
|-damage|p1a: Bagrezuko|73/100 slp|[from] Leech Seed|[of] p2a: Torterra
|-heal|p2a: Torterra|100/100 brn|[silent]
|-damage|p2a: Torterra|94/100 brn|[from] brn
|upkeep
|turn|101
|inactive|aw777 has 120 seconds left.
|
|t:|1779685980
|move|p2a: Torterra|Iron Defense|p2a: Torterra
|-boost|p2a: Torterra|def|0
|cant|p1a: Bagrezuko|slp
|move|p1a: Bagrezuko|Sleep Talk|p1a: Bagrezuko
|move|p1a: Bagrezuko|Waterfall|p2a: Torterra|[from] move: Sleep Talk
|-damage|p2a: Torterra|49/100 brn
|
|-damage|p1a: Bagrezuko|60/100 slp|[from] Leech Seed|[of] p2a: Torterra
|-heal|p2a: Torterra|65/100 brn|[silent]
|-damage|p2a: Torterra|59/100 brn|[from] brn
|upkeep
|turn|102
|inactive|aw777 has 120 seconds left.
|inactive|aw777 has 90 seconds left.
|
|t:|1779686020
|switch|p2a: Hatterene|Hatterene, F|100/100
|-damage|p2a: Hatterene|88/100|[from] Stealth Rock
|-damage|p2a: Hatterene|76/100|[from] Spikes
|-curestatus|p1a: Bagrezuko|slp|[msg]
|move|p1a: Bagrezuko|Waterfall|p2a: Hatterene
|-damage|p2a: Hatterene|33/100
|
|-heal|p2a: Hatterene|39/100|[from] item: Leftovers
|-damage|p1a: Bagrezuko|48/100|[from] Leech Seed|[of] p2a: Hatterene
|-heal|p2a: Hatterene|59/100|[silent]
|upkeep
|turn|103
|inactive|aw777 has 90 seconds left.
|
|t:|1779686040
|switch|p1a: Bebezuka1|Clodsire, M, tera:Steel|82/100
|move|p2a: Hatterene|Calm Mind|p2a: Hatterene
|-boost|p2a: Hatterene|spa|1
|-boost|p2a: Hatterene|spd|1
|
|-heal|p2a: Hatterene|65/100|[from] item: Leftovers
|upkeep
|turn|104
|
|t:|1779686053
|move|p2a: Hatterene|Calm Mind|p2a: Hatterene
|-boost|p2a: Hatterene|spa|1
|-boost|p2a: Hatterene|spd|1
|move|p1a: Bebezuka1|Amnesia|p1a: Bebezuka1
|-boost|p1a: Bebezuka1|spd|2
|
|-heal|p2a: Hatterene|71/100|[from] item: Leftovers
|upkeep
|turn|105
|
|t:|1779686069
|move|p2a: Hatterene|Calm Mind|p2a: Hatterene
|-boost|p2a: Hatterene|spa|1
|-boost|p2a: Hatterene|spd|1
|move|p1a: Bebezuka1|Amnesia|p1a: Bebezuka1
|-boost|p1a: Bebezuka1|spd|2
|
|-heal|p2a: Hatterene|77/100|[from] item: Leftovers
|upkeep
|turn|106
|
|t:|1779686078
|move|p2a: Hatterene|Calm Mind|p2a: Hatterene
|-boost|p2a: Hatterene|spa|1
|-boost|p2a: Hatterene|spd|1
|move|p1a: Bebezuka1|Poison Jab|p2a: Hatterene
|-supereffective|p2a: Hatterene
|-damage|p2a: Hatterene|45/100
|
|-heal|p2a: Hatterene|51/100|[from] item: Leftovers
|upkeep
|turn|107
|
|t:|1779686087
|move|p2a: Hatterene|Calm Mind|p2a: Hatterene
|-boost|p2a: Hatterene|spa|1
|-boost|p2a: Hatterene|spd|1
|move|p1a: Bebezuka1|Poison Jab|p2a: Hatterene
|-supereffective|p2a: Hatterene
|-damage|p2a: Hatterene|15/100
|
|-heal|p2a: Hatterene|21/100|[from] item: Leftovers
|upkeep
|turn|108
|inactive|aw777 has 60 seconds left.
|
|t:|1779686097
|move|p2a: Hatterene|Stored Power|p1a: Bebezuka1
|-resisted|p1a: Bebezuka1
|-damage|p1a: Bebezuka1|72/100
|move|p1a: Bebezuka1|Poison Jab|p2a: Hatterene
|-supereffective|p2a: Hatterene
|-damage|p2a: Hatterene|0 fnt
|faint|p2a: Hatterene
|
|upkeep
|inactive|aw777 has 60 seconds left.
|
|t:|1779686110
|switch|p2a: Torterra|Torterra, M|59/100 brn
|-damage|p2a: Torterra|53/100 brn|[from] Stealth Rock
|-damage|p2a: Torterra|41/100 brn|[from] Spikes
|turn|109
|
|t:|1779686123
|move|p2a: Torterra|Leech Seed|p1a: Bebezuka1|[miss]
|-miss|p2a: Torterra|p1a: Bebezuka1
|move|p1a: Bebezuka1|Poison Jab|p2a: Torterra
|-damage|p2a: Torterra|22/100 brn
|
|-damage|p2a: Torterra|15/100 brn|[from] brn
|upkeep
|turn|110
|
|t:|1779686131
|move|p2a: Torterra|Leech Seed|p1a: Bebezuka1
|-start|p1a: Bebezuka1|move: Leech Seed
|move|p1a: Bebezuka1|Poison Jab|p2a: Torterra
|-damage|p2a: Torterra|0 fnt
|faint|p2a: Torterra
|
|upkeep
|
|t:|1779686138
|switch|p2a: Salamence|Salamence, M|100/100
|-damage|p2a: Salamence|76/100|[from] Stealth Rock
|turn|111
|
|t:|1779686149
|move|p2a: Salamence|Dragon Dance|p2a: Salamence
|-boost|p2a: Salamence|atk|1
|-boost|p2a: Salamence|spe|1
|move|p1a: Bebezuka1|Toxic|p2a: Salamence
|-status|p2a: Salamence|tox
|
|-damage|p1a: Bebezuka1|59/100|[from] Leech Seed|[of] p2a: Salamence
|-heal|p2a: Salamence|92/100 tox|[silent]
|-damage|p2a: Salamence|86/100 tox|[from] psn
|upkeep
|turn|112
|
|t:|1779686163
|move|p2a: Salamence|Dragon Dance|p2a: Salamence
|-boost|p2a: Salamence|atk|1
|-boost|p2a: Salamence|spe|1
|move|p1a: Bebezuka1|Poison Jab|p2a: Salamence
|-damage|p2a: Salamence|60/100 tox
|
|-damage|p1a: Bebezuka1|47/100|[from] Leech Seed|[of] p2a: Salamence
|-heal|p2a: Salamence|76/100 tox|[silent]
|-damage|p2a: Salamence|64/100 tox|[from] psn
|upkeep
|turn|113
|inactive|aw777 has 30 seconds left.
|-message|aw777 forfeited.
|
|win|Chechoide
|raw|Chechoide's rating: 1114 &rarr; <strong>1136</strong><br />(+22 for winning)
|raw|aw777's rating: 1071 &rarr; <strong>1053</strong><br />(-18 for losing)
|l|☆aw777
|player|p2|
|l|☆Chechoide
|player|p1|
