|j|☆party girl 2004
|j|☆TheManOfSausage
|t:|1779623504
|gametype|singles
|player|p1|party girl 2004|lass-gen4dp|1337
|player|p2|TheManOfSausage|miku-water|1393
|gen|9
|tier|[Gen 9] OU
|rated|
|rule|HP Percentage Mod: HP is shown in percentages
|rule|Endless Battle Clause: Forcing endless battles is banned
|rule|Species Clause: Limit one of each Pokémon
|rule|OHKO Clause: OHKO moves are banned
|rule|Evasion Items Clause: Evasion items are banned
|rule|Evasion Moves Clause: Evasion moves are banned
|rule|Evasion Abilities Clause: Evasion abilities are banned
|rule|Sleep Moves Clause: Sleep-inducing moves are banned
|clearpoke
|poke|p1|Serperior, F|
|poke|p1|Skarmory, M|
|poke|p1|Blaziken, M|
|poke|p1|Kommo-o, M|
|poke|p1|Indeedee, M|
|poke|p1|Polteageist|
|poke|p2|Tyranitar, M|
|poke|p2|Excadrill, M|
|poke|p2|Ogerpon-Wellspring, F|
|poke|p2|Corviknight, F|
|poke|p2|Kyurem|
|poke|p2|Zapdos|
|teampreview
|inactive|Battle timer is ON: inactive players will automatically lose when time's up. (requested by party girl 2004)
|
|t:|1779623514
|teamsize|p1|6
|teamsize|p2|6
|start
|switch|p1a: MVP|Serperior, F, shiny|100/100
|switch|p2a: Tyranitar|Tyranitar, M|100/100
|-weather|Sandstorm|[from] ability: Sand Stream|[of] p2a: Tyranitar
|turn|1
|
|t:|1779623521
|move|p1a: MVP|Taunt|p2a: Tyranitar
|-start|p2a: Tyranitar|move: Taunt
|cant|p2a: Tyranitar|move: Taunt|Stealth Rock
|
|-weather|Sandstorm|[upkeep]
|-damage|p1a: MVP|94/100|[from] Sandstorm
|upkeep
|turn|2
|
|t:|1779623526
|move|p1a: MVP|Glare|p2a: Tyranitar
|-status|p2a: Tyranitar|par
|cant|p2a: Tyranitar|par
|
|-weather|Sandstorm|[upkeep]
|-damage|p1a: MVP|88/100|[from] Sandstorm
|upkeep
|turn|3
|
|t:|1779623528
|move|p1a: MVP|Reflect|p1a: MVP
|-sidestart|p1: party girl 2004|Reflect
|move|p2a: Tyranitar|Knock Off|p1a: MVP
|-damage|p1a: MVP|55/100
|-enditem|p1a: MVP|Focus Sash|[from] move: Knock Off|[of] p2a: Tyranitar
|
|-weather|Sandstorm|[upkeep]
|-damage|p1a: MVP|49/100|[from] Sandstorm
|-end|p2a: Tyranitar|move: Taunt
|upkeep
|turn|4
|
|t:|1779623533
|switch|p2a: Zapdos|Zapdos|100/100
|move|p1a: MVP|Taunt|p2a: Zapdos
|-start|p2a: Zapdos|move: Taunt
|
|-weather|Sandstorm|[upkeep]
|-damage|p1a: MVP|43/100|[from] Sandstorm
|-damage|p2a: Zapdos|94/100|[from] Sandstorm
|upkeep
|turn|5
|
|t:|1779623536
|move|p1a: MVP|Leaf Storm|p2a: Zapdos
|-resisted|p2a: Zapdos
|-damage|p2a: Zapdos|73/100
|-boost|p1a: MVP|spa|2
|move|p2a: Zapdos|Volt Switch|p1a: MVP
|-resisted|p1a: MVP
|-crit|p1a: MVP
|-damage|p1a: MVP|18/100
|
|t:|1779623540
|switch|p2a: Excadrill|Excadrill, M|100/100|[from] Volt Switch
|
|-weather|Sandstorm|[upkeep]
|-damage|p1a: MVP|12/100|[from] Sandstorm
|upkeep
|turn|6
|
|t:|1779623544
|move|p2a: Excadrill|Iron Head|p1a: MVP
|-damage|p1a: MVP|0 fnt
|faint|p1a: MVP
|
|-weather|Sandstorm|[upkeep]
|upkeep
|
|t:|1779623561
|switch|p1a: Mane Tank|Skarmory, M, shiny|100/100
|turn|7
|
|t:|1779623568
|switch|p2a: Zapdos|Zapdos|73/100
|move|p1a: Mane Tank|Stealth Rock|p2a: Zapdos
|-sidestart|p2: TheManOfSausage|move: Stealth Rock
|
|-weather|Sandstorm|[upkeep]
|-damage|p2a: Zapdos|67/100|[from] Sandstorm
|-sideend|p1: party girl 2004|Reflect
|upkeep
|turn|8
|
|t:|1779623573
|move|p1a: Mane Tank|Taunt|p2a: Zapdos
|-start|p2a: Zapdos|move: Taunt
|cant|p2a: Zapdos|move: Taunt|Thunder Wave
|
|-weather|none
|upkeep
|turn|9
|
|t:|1779623583
|move|p1a: Mane Tank|Brave Bird|p2a: Zapdos
|-resisted|p2a: Zapdos
|-damage|p2a: Zapdos|51/100
|-status|p1a: Mane Tank|par|[from] ability: Static|[of] p2a: Zapdos
|-damage|p1a: Mane Tank|94/100 par|[from] Recoil
|move|p2a: Zapdos|Volt Switch|p1a: Mane Tank
|-supereffective|p1a: Mane Tank
|-damage|p1a: Mane Tank|0 fnt
|faint|p1a: Mane Tank
|
|t:|1779623591
|switch|p2a: Tyranitar|Tyranitar, M|100/100 par|[from] Volt Switch
|-damage|p2a: Tyranitar|88/100 par|[from] Stealth Rock
|-weather|Sandstorm|[from] ability: Sand Stream|[of] p2a: Tyranitar
|
|-weather|Sandstorm|[upkeep]
|upkeep
|
|t:|1779623602
|switch|p1a: Scolipede X|Blaziken, M, shiny|100/100
|turn|10
|
|t:|1779623609
|switch|p2a: Zapdos|Zapdos|51/100
|move|p1a: Scolipede X|Swords Dance|p1a: Scolipede X
|-boost|p1a: Scolipede X|atk|2
|
|-weather|Sandstorm|[upkeep]
|-damage|p1a: Scolipede X|95/100|[from] Sandstorm
|-damage|p2a: Zapdos|45/100|[from] Sandstorm
|-ability|p1a: Scolipede X|Speed Boost|boost
|-boost|p1a: Scolipede X|spe|1
|upkeep
|turn|11
|
|t:|1779623615
|-terastallize|p1a: Scolipede X|Fighting
|move|p1a: Scolipede X|Close Combat|p2a: Zapdos
|-resisted|p2a: Zapdos
|-damage|p2a: Zapdos|0 fnt
|-unboost|p1a: Scolipede X|def|1
|-unboost|p1a: Scolipede X|spd|1
|faint|p2a: Zapdos
|
|-weather|Sandstorm|[upkeep]
|-damage|p1a: Scolipede X|89/100|[from] Sandstorm
|-ability|p1a: Scolipede X|Speed Boost|boost
|-boost|p1a: Scolipede X|spe|1
|upkeep
|
|t:|1779623626
|switch|p2a: Corviknight|Corviknight, F|100/100
|-damage|p2a: Corviknight|88/100|[from] Stealth Rock
|-ability|p2a: Corviknight|Pressure
|turn|12
|
|t:|1779623634
|-terastallize|p2a: Corviknight|Dragon
|move|p1a: Scolipede X|Close Combat|p2a: Corviknight
|-damage|p2a: Corviknight|0 fnt
|-unboost|p1a: Scolipede X|def|1
|-unboost|p1a: Scolipede X|spd|1
|-damage|p1a: Scolipede X|72/100|[from] item: Rocky Helmet|[of] p2a: Corviknight
|faint|p2a: Corviknight
|
|-weather|Sandstorm|[upkeep]
|-damage|p1a: Scolipede X|66/100|[from] Sandstorm
|-ability|p1a: Scolipede X|Speed Boost|boost
|-boost|p1a: Scolipede X|spe|1
|upkeep
|
|t:|1779623641
|switch|p2a: Tyranitar|Tyranitar, M|88/100 par
|-damage|p2a: Tyranitar|76/100 par|[from] Stealth Rock
|turn|13
|-message|TheManOfSausage forfeited.
|
|win|party girl 2004
|raw|party girl 2004's rating: 1337 &rarr; <strong>1360</strong><br />(+23 for winning)
|raw|TheManOfSausage's rating: 1393 &rarr; <strong>1370</strong><br />(-23 for losing)
|l|☆TheManOfSausage
|player|p2|
