|j|☆breakfastskipper
|j|☆SAURHEAD and PAIN
|t:|1779646758
|gametype|singles
|player|p1|breakfastskipper|boarder|1355
|player|p2|SAURHEAD and PAIN|byron|1428
|gen|9
|tier|[Gen 9] OU
|rated|
|rule|HP Percentage Mod: HP is shown in percentages
|rule|Endless Battle Clause: Forcing endless battles is banned
|rule|Species Clause: Limit one of each Pokémon
|rule|OHKO Clause: OHKO moves are banned
|rule|Evasion Items Clause: Evasion items are banned
|rule|Evasion Moves Clause: Evasion moves are banned
|rule|Evasion Abilities Clause: Evasion abilities are banned
|rule|Sleep Moves Clause: Sleep-inducing moves are banned
|clearpoke
|poke|p1|Landorus-Therian, M|
|poke|p1|Sinistcha|
|poke|p1|Tinkaton, F|
|poke|p1|Moltres|
|poke|p1|Samurott-Hisui, M|
|poke|p1|Hydreigon, M|
|poke|p2|Regieleki|
|poke|p2|Grafaiai, M|
|poke|p2|Corviknight, M|
|poke|p2|Zamazenta-*|
|poke|p2|Alomomola, F|
|poke|p2|Gliscor, F|
|teampreview
|inactive|Battle timer is ON: inactive players will automatically lose when time's up. (requested by SAURHEAD and PAIN)
|inactive|breakfastskipper has 120 seconds left.
|inactive|breakfastskipper has 90 seconds left.
|
|t:|1779646821
|teamsize|p1|6
|teamsize|p2|6
|start
|switch|p1a: Enten|Landorus-Therian, M, shiny|100/100
|switch|p2a: PROUDEST MONKEY|Grafaiai, M|100/100
|-ability|p1a: Enten|Intimidate|boost
|-unboost|p2a: PROUDEST MONKEY|atk|1
|turn|1
|
|t:|1779646831
|move|p2a: PROUDEST MONKEY|Switcheroo|p1a: Enten
|-activate|p2a: PROUDEST MONKEY|move: Trick|[of] p1a: Enten
|-item|p1a: Enten|Ring Target|[from] move: Switcheroo
|-item|p2a: PROUDEST MONKEY|Choice Scarf|[from] move: Switcheroo
|move|p1a: Enten|Earthquake|p2a: PROUDEST MONKEY
|-supereffective|p2a: PROUDEST MONKEY
|-damage|p2a: PROUDEST MONKEY|0 fnt
|faint|p2a: PROUDEST MONKEY
|
|upkeep
|
|t:|1779646839
|switch|p2a: BLOOD AND THUNDER|Regieleki|100/100
|turn|2
|
|t:|1779646864
|-terastallize|p1a: Enten|Ground
|move|p2a: BLOOD AND THUNDER|Volt Switch|p1a: Enten
|-damage|p1a: Enten|5/100
|
|t:|1779646868
|switch|p2a: 78 BIRDS|Corviknight, M|100/100|[from] Volt Switch
|-ability|p2a: 78 BIRDS|Pressure
|move|p1a: Enten|Earthquake|p2a: 78 BIRDS
|-immune|p2a: 78 BIRDS
|
|upkeep
|turn|3
|
|t:|1779646874
|switch|p1a: Phoenix|Moltres, shiny|100/100
|move|p2a: 78 BIRDS|U-turn|p1a: Phoenix
|-resisted|p1a: Phoenix
|-damage|p1a: Phoenix|97/100
|-status|p2a: 78 BIRDS|brn|[from] ability: Flame Body|[of] p1a: Phoenix
|
|t:|1779646877
|switch|p2a: BLOOD AND THUNDER|Regieleki|100/100|[from] U-turn
|
|upkeep
|turn|4
|
|t:|1779646884
|switch|p1a: Enten|Landorus-Therian, M, shiny, tera:Ground|5/100
|-ability|p1a: Enten|Intimidate|boost
|-unboost|p2a: BLOOD AND THUNDER|atk|1
|move|p2a: BLOOD AND THUNDER|Volt Switch|p1a: Enten
|-damage|p1a: Enten|0 fnt
|faint|p1a: Enten
|
|t:|1779646888
|switch|p2a: SOFA KING|Gliscor, F|100/100|[from] Volt Switch
|
|-status|p2a: SOFA KING|tox|[from] item: Toxic Orb
|upkeep
|
|t:|1779646914
|switch|p1a: Jack Sparrow|Samurott-Hisui, M, shiny|100/100
|turn|5
|
|t:|1779646919
|switch|p2a: DOGTOOTH|Zamazenta|100/100
|-ability|p2a: DOGTOOTH|Dauntless Shield|boost
|-boost|p2a: DOGTOOTH|def|1
|move|p1a: Jack Sparrow|Ceaseless Edge|p2a: DOGTOOTH
|-resisted|p2a: DOGTOOTH
|-damage|p2a: DOGTOOTH|84/100
|-sidestart|p2: SAURHEAD and PAIN|Spikes
|
|upkeep
|turn|6
|
|t:|1779646928
|switch|p1a: Phoenix|Moltres, shiny|97/100
|move|p2a: DOGTOOTH|Stone Edge|p1a: Phoenix
|-supereffective|p1a: Phoenix
|-damage|p1a: Phoenix|0 fnt
|faint|p1a: Phoenix
|
|upkeep
|
|t:|1779646933
|switch|p1a: Sagittarius|Sinistcha, shiny|100/100
|turn|7
|
|t:|1779646935
|switch|p2a: SOFA KING|Gliscor, F|100/100 tox
|move|p1a: Sagittarius|Calm Mind|p1a: Sagittarius
|-boost|p1a: Sagittarius|spa|1
|-boost|p1a: Sagittarius|spd|1
|
|upkeep
|turn|8
|
|t:|1779646939
|move|p2a: SOFA KING|Swords Dance|p2a: SOFA KING
|-boost|p2a: SOFA KING|atk|2
|move|p1a: Sagittarius|Matcha Gotcha|p2a: SOFA KING
|-damage|p2a: SOFA KING|54/100 tox
|
|-heal|p2a: SOFA KING|67/100 tox|[from] ability: Poison Heal
|upkeep
|turn|9
|
|t:|1779646950
|move|p2a: SOFA KING|Swords Dance|p2a: SOFA KING
|-boost|p2a: SOFA KING|atk|2
|move|p1a: Sagittarius|Matcha Gotcha|p2a: SOFA KING
|-damage|p2a: SOFA KING|23/100 tox
|
|-heal|p2a: SOFA KING|36/100 tox|[from] ability: Poison Heal
|upkeep
|turn|10
|
|t:|1779646956
|switch|p1a: Smile.exe|Tinkaton, F, shiny|100/100
|-item|p1a: Smile.exe|Air Balloon
|move|p2a: SOFA KING|Knock Off|p1a: Smile.exe
|-resisted|p1a: Smile.exe
|-damage|p1a: Smile.exe|57/100
|-enditem|p1a: Smile.exe|Air Balloon
|-enditem|p2a: SOFA KING|Toxic Orb|[silent]|[from] ability: Pickpocket|[of] p2a: SOFA KING
|-item|p1a: Smile.exe|Toxic Orb|[from] ability: Pickpocket|[of] p2a: SOFA KING
|
|-heal|p2a: SOFA KING|48/100 tox|[from] ability: Poison Heal
|upkeep
|turn|11
|
|t:|1779646965
|move|p1a: Smile.exe|Ice Hammer|p2a: SOFA KING
|-supereffective|p2a: SOFA KING
|-damage|p2a: SOFA KING|0 fnt
|-unboost|p1a: Smile.exe|spe|1
|faint|p2a: SOFA KING
|
|upkeep
|
|t:|1779646972
|switch|p2a: BLOOD AND THUNDER|Regieleki|100/100
|-damage|p2a: BLOOD AND THUNDER|88/100|[from] Spikes
|turn|12
|
|t:|1779646974
|-terastallize|p2a: BLOOD AND THUNDER|Electric
|move|p2a: BLOOD AND THUNDER|Volt Switch|p1a: Smile.exe
|-damage|p1a: Smile.exe|0 fnt
|faint|p1a: Smile.exe
|
|t:|1779646989
|switch|p2a: DOGTOOTH|Zamazenta|84/100|[from] Volt Switch
|-damage|p2a: DOGTOOTH|72/100|[from] Spikes
|
|upkeep
|
|t:|1779646993
|switch|p1a: Jack Sparrow|Samurott-Hisui, M, shiny|100/100
|turn|13
|
|t:|1779646996
|switch|p1a: Sagittarius|Sinistcha, shiny|100/100
|move|p2a: DOGTOOTH|Close Combat|p1a: Sagittarius
|-immune|p1a: Sagittarius
|
|upkeep
|turn|14
|
|t:|1779647002
|switch|p2a: THE FISH|Alomomola, F|100/100
|-damage|p2a: THE FISH|88/100|[from] Spikes
|move|p1a: Sagittarius|Calm Mind|p1a: Sagittarius
|-boost|p1a: Sagittarius|spa|1
|-boost|p1a: Sagittarius|spd|1
|
|upkeep
|turn|15
|
|t:|1779647006
|move|p1a: Sagittarius|Matcha Gotcha|p2a: THE FISH
|-supereffective|p2a: THE FISH
|-damage|p2a: THE FISH|36/100
|move|p2a: THE FISH|Mirror Coat|p1a: Sagittarius
|-damage|p1a: Sagittarius|0 fnt
|faint|p1a: Sagittarius
|
|upkeep
|
|t:|1779647011
|switch|p1a: Hybrid|Hydreigon, M, shiny|100/100
|turn|16
|
|t:|1779647018
|move|p1a: Hybrid|Draco Meteor|p2a: THE FISH
|-damage|p2a: THE FISH|0 fnt
|-unboost|p1a: Hybrid|spa|2
|faint|p2a: THE FISH
|
|upkeep
|
|t:|1779647024
|switch|p2a: BLOOD AND THUNDER|Regieleki, tera:Electric|88/100
|-damage|p2a: BLOOD AND THUNDER|76/100|[from] Spikes
|turn|17
|
|t:|1779647027
|move|p2a: BLOOD AND THUNDER|Volt Switch|p1a: Hybrid
|-resisted|p1a: Hybrid
|-damage|p1a: Hybrid|50/100
|
|t:|1779647030
|switch|p2a: 78 BIRDS|Corviknight, M|100/100 brn|[from] Volt Switch
|-ability|p2a: 78 BIRDS|Pressure
|move|p1a: Hybrid|Draco Meteor|p2a: 78 BIRDS
|-resisted|p2a: 78 BIRDS
|-damage|p2a: 78 BIRDS|78/100 brn
|-unboost|p1a: Hybrid|spa|2
|
|-damage|p2a: 78 BIRDS|72/100 brn|[from] brn
|upkeep
|turn|18
|
|t:|1779647032
|switch|p1a: Jack Sparrow|Samurott-Hisui, M, shiny|100/100
|move|p2a: 78 BIRDS|U-turn|p1a: Jack Sparrow
|-supereffective|p1a: Jack Sparrow
|-damage|p1a: Jack Sparrow|81/100
|
|t:|1779647035
|switch|p2a: DOGTOOTH|Zamazenta|72/100|[from] U-turn
|-damage|p2a: DOGTOOTH|60/100|[from] Spikes
|
|upkeep
|turn|19
|
|t:|1779647037
|move|p2a: DOGTOOTH|Close Combat|p1a: Jack Sparrow
|-supereffective|p1a: Jack Sparrow
|-damage|p1a: Jack Sparrow|0 fnt
|-unboost|p2a: DOGTOOTH|def|1
|-unboost|p2a: DOGTOOTH|spd|1
|faint|p1a: Jack Sparrow
|
|upkeep
|-message|breakfastskipper forfeited.
|
|win|SAURHEAD and PAIN
|raw|breakfastskipper's rating: 1355 &rarr; <strong>1339</strong><br />(-16 for losing)
|raw|SAURHEAD and PAIN's rating: 1428 &rarr; <strong>1444</strong><br />(+16 for winning)
|l|☆breakfastskipper
|player|p1|
|c|☆SAURHEAD and PAIN|gg
|l|☆SAURHEAD and PAIN
|player|p2|
