|j|☆cuerodeolancho
|j|☆louwilliamzz
|t:|1779633467
|gametype|singles
|player|p1|cuerodeolancho|iris-gen5bw2|1429
|player|p2|louwilliamzz|1|1531
|gen|9
|tier|[Gen 9] OU
|rated|
|rule|HP Percentage Mod: HP is shown in percentages
|rule|Endless Battle Clause: Forcing endless battles is banned
|rule|Species Clause: Limit one of each Pokémon
|rule|OHKO Clause: OHKO moves are banned
|rule|Evasion Items Clause: Evasion items are banned
|rule|Evasion Moves Clause: Evasion moves are banned
|rule|Evasion Abilities Clause: Evasion abilities are banned
|rule|Sleep Moves Clause: Sleep-inducing moves are banned
|clearpoke
|poke|p1|Dragonite, F|
|poke|p1|Samurott-Hisui, F|
|poke|p1|Gholdengo|
|poke|p1|Pecharunt|
|poke|p1|Walking Wake|
|poke|p1|Ting-Lu|
|poke|p2|Cinderace, M|
|poke|p2|Chesnaught, M|
|poke|p2|Gholdengo|
|poke|p2|Primarina, F|
|poke|p2|Ting-Lu|
|poke|p2|Salamence, M|
|teampreview
|inactive|Battle timer is ON: inactive players will automatically lose when time's up. (requested by cuerodeolancho)
|
|t:|1779633481
|teamsize|p1|6
|teamsize|p2|6
|start
|switch|p1a: Pecharunt|Pecharunt|100/100
|switch|p2a: Cinderace|Cinderace, M|100/100
|turn|1
|
|t:|1779633492
|move|p2a: Cinderace|U-turn|p1a: Pecharunt
|-resisted|p1a: Pecharunt
|-damage|p1a: Pecharunt|98/100
|
|t:|1779633500
|switch|p2a: Gholdengo|Gholdengo|100/100|[from] U-turn
|move|p1a: Pecharunt|Malignant Chain|p2a: Gholdengo
|-immune|p2a: Gholdengo
|
|upkeep
|turn|2
|
|t:|1779633514
|switch|p1a: Samurott|Samurott-Hisui, F|100/100
|move|p2a: Gholdengo|Trick|p1a: Samurott
|-activate|p2a: Gholdengo|move: Trick|[of] p1a: Samurott
|-item|p1a: Samurott|Choice Scarf|[from] move: Trick
|-item|p2a: Gholdengo|Assault Vest|[from] move: Trick
|
|upkeep
|turn|3
|
|t:|1779633522
|switch|p2a: Chesnaught|Chesnaught, M, shiny|100/100
|move|p1a: Samurott|Flip Turn|p2a: Chesnaught
|-resisted|p2a: Chesnaught
|-damage|p2a: Chesnaught|93/100
|-damage|p1a: Samurott|84/100|[from] item: Rocky Helmet|[of] p2a: Chesnaught
|
|t:|1779633542
|switch|p1a: Gholdengo|Gholdengo|100/100|[from] Flip Turn
|
|upkeep
|turn|4
|
|t:|1779633549
|switch|p2a: Ting-Lu|Ting-Lu, shiny|100/100
|-ability|p2a: Ting-Lu|Vessel of Ruin
|move|p1a: Gholdengo|Make It Rain|p2a: Ting-Lu
|-damage|p2a: Ting-Lu|75/100
|-unboost|p1a: Gholdengo|spa|1
|
|-heal|p2a: Ting-Lu|82/100|[from] item: Leftovers
|upkeep
|turn|5
|
|t:|1779633560
|switch|p1a: Samurott|Samurott-Hisui, F|84/100
|move|p2a: Ting-Lu|Spikes|p1a: Samurott
|-sidestart|p1: cuerodeolancho|Spikes
|
|-heal|p2a: Ting-Lu|88/100|[from] item: Leftovers
|upkeep
|turn|6
|
|t:|1779633565
|switch|p2a: Chesnaught|Chesnaught, M, shiny|93/100
|move|p1a: Samurott|Ceaseless Edge|p2a: Chesnaught
|-resisted|p2a: Chesnaught
|-damage|p2a: Chesnaught|82/100
|-damage|p1a: Samurott|67/100|[from] item: Rocky Helmet|[of] p2a: Chesnaught
|-sidestart|p2: louwilliamzz|Spikes
|
|upkeep
|turn|7
|
|t:|1779633583
|move|p1a: Samurott|Ceaseless Edge|p2a: Chesnaught
|-resisted|p2a: Chesnaught
|-damage|p2a: Chesnaught|71/100
|-damage|p1a: Samurott|51/100|[from] item: Rocky Helmet|[of] p2a: Chesnaught
|-sidestart|p2: louwilliamzz|Spikes
|move|p2a: Chesnaught|Body Press|p1a: Samurott
|-supereffective|p1a: Samurott
|-damage|p1a: Samurott|0 fnt
|faint|p1a: Samurott
|
|upkeep
|
|t:|1779633594
|switch|p1a: Gholdengo|Gholdengo|100/100
|-damage|p1a: Gholdengo|88/100|[from] Spikes
|turn|8
|
|t:|1779633598
|switch|p2a: Ting-Lu|Ting-Lu, shiny|88/100
|-damage|p2a: Ting-Lu|71/100|[from] Spikes
|-ability|p2a: Ting-Lu|Vessel of Ruin
|move|p1a: Gholdengo|Make It Rain|p2a: Ting-Lu
|-damage|p2a: Ting-Lu|45/100
|-unboost|p1a: Gholdengo|spa|1
|
|-heal|p2a: Ting-Lu|52/100|[from] item: Leftovers
|upkeep
|turn|9
|
|t:|1779633605
|switch|p1a: Walking Wake|Walking Wake|100/100
|move|p2a: Ting-Lu|Spikes|p1a: Walking Wake
|-sidestart|p1: cuerodeolancho|Spikes
|
|-heal|p2a: Ting-Lu|58/100|[from] item: Leftovers
|upkeep
|turn|10
|
|t:|1779633614
|switch|p2a: Primarina|Primarina, F, shiny|100/100
|-damage|p2a: Primarina|84/100|[from] Spikes
|move|p1a: Walking Wake|Knock Off|p2a: Primarina
|-resisted|p2a: Primarina
|-damage|p2a: Primarina|72/100
|-enditem|p2a: Primarina|Assault Vest|[from] move: Knock Off|[of] p1a: Walking Wake
|
|upkeep
|turn|11
|
|t:|1779633626
|move|p1a: Walking Wake|Flip Turn|p2a: Primarina
|-resisted|p2a: Primarina
|-damage|p2a: Primarina|61/100
|
|t:|1779633647
|-end|p1a: Walking Wake|Protosynthesis|[silent]
|switch|p1a: Pecharunt|Pecharunt|98/100|[from] Flip Turn
|move|p2a: Primarina|Flip Turn|p1a: Pecharunt
|-damage|p1a: Pecharunt|89/100
|
|t:|1779633658
|switch|p2a: Gholdengo|Gholdengo|100/100|[from] Flip Turn
|-damage|p2a: Gholdengo|84/100|[from] Spikes
|
|upkeep
|turn|12
|
|t:|1779633666
|switch|p1a: Ting-Lu|Ting-Lu|100/100
|-damage|p1a: Ting-Lu|84/100|[from] Spikes
|-ability|p1a: Ting-Lu|Vessel of Ruin
|move|p2a: Gholdengo|Shadow Ball|p1a: Ting-Lu
|-resisted|p1a: Ting-Lu
|-damage|p1a: Ting-Lu|75/100
|-unboost|p1a: Ting-Lu|spd|1
|
|-heal|p1a: Ting-Lu|81/100|[from] item: Leftovers
|upkeep
|turn|13
|
|t:|1779633676
|switch|p2a: Chesnaught|Chesnaught, M, shiny|71/100
|-damage|p2a: Chesnaught|55/100|[from] Spikes
|move|p1a: Ting-Lu|Stealth Rock|p2a: Chesnaught
|-sidestart|p2: louwilliamzz|move: Stealth Rock
|
|-heal|p1a: Ting-Lu|87/100|[from] item: Leftovers
|upkeep
|turn|14
|
|t:|1779633679
|move|p2a: Chesnaught|Synthesis|p2a: Chesnaught
|-heal|p2a: Chesnaught|100/100
|move|p1a: Ting-Lu|Whirlwind|p2a: Chesnaught
|drag|p2a: Cinderace|Cinderace, M|100/100
|
|-heal|p1a: Ting-Lu|93/100|[from] item: Leftovers
|upkeep
|turn|15
|
|t:|1779633692
|move|p2a: Cinderace|Court Change|p2a: Cinderace
|-swapsideconditions
|-activate|p2a: Cinderace|move: Court Change
|move|p1a: Ting-Lu|Ruination|p2a: Cinderace
|-damage|p2a: Cinderace|51/100
|
|-heal|p1a: Ting-Lu|99/100|[from] item: Leftovers
|upkeep
|turn|16
|
|t:|1779633697
|move|p2a: Cinderace|U-turn|p1a: Ting-Lu
|-supereffective|p1a: Ting-Lu
|-damage|p1a: Ting-Lu|78/100
|
|t:|1779633705
|switch|p2a: Chesnaught|Chesnaught, M, shiny|100/100|[from] U-turn
|-damage|p2a: Chesnaught|84/100|[from] Spikes
|move|p1a: Ting-Lu|Stealth Rock|p2a: Chesnaught
|-sidestart|p2: louwilliamzz|move: Stealth Rock
|
|-heal|p1a: Ting-Lu|84/100|[from] item: Leftovers
|upkeep
|turn|17
|
|t:|1779633715
|move|p2a: Chesnaught|Knock Off|p1a: Ting-Lu
|-resisted|p1a: Ting-Lu
|-crit|p1a: Ting-Lu
|-damage|p1a: Ting-Lu|75/100
|-enditem|p1a: Ting-Lu|Leftovers|[from] move: Knock Off|[of] p2a: Chesnaught
|move|p1a: Ting-Lu|Whirlwind|p2a: Chesnaught
|drag|p2a: Ting-Lu|Ting-Lu, shiny|58/100
|-damage|p2a: Ting-Lu|41/100|[from] Spikes
|-damage|p2a: Ting-Lu|35/100|[from] Stealth Rock
|-ability|p2a: Ting-Lu|Vessel of Ruin
|
|-heal|p2a: Ting-Lu|41/100|[from] item: Leftovers
|upkeep
|turn|18
|
|t:|1779633726
|move|p2a: Ting-Lu|Spikes|p1a: Ting-Lu
|-sidestart|p1: cuerodeolancho|Spikes
|move|p1a: Ting-Lu|Earthquake|p2a: Ting-Lu
|-damage|p2a: Ting-Lu|22/100
|
|-heal|p2a: Ting-Lu|28/100|[from] item: Leftovers
|upkeep
|turn|19
|
|t:|1779633731
|move|p2a: Ting-Lu|Ruination|p1a: Ting-Lu
|-damage|p1a: Ting-Lu|38/100
|move|p1a: Ting-Lu|Earthquake|p2a: Ting-Lu
|-damage|p2a: Ting-Lu|7/100
|
|-heal|p2a: Ting-Lu|14/100|[from] item: Leftovers
|upkeep
|turn|20
|
|t:|1779633736
|move|p2a: Ting-Lu|Earthquake|p1a: Ting-Lu
|-damage|p1a: Ting-Lu|18/100
|move|p1a: Ting-Lu|Whirlwind|p2a: Ting-Lu
|drag|p2a: Salamence|Salamence, M|100/100
|-ability|p2a: Salamence|Intimidate|boost
|-unboost|p1a: Ting-Lu|atk|1
|
|upkeep
|turn|21
|
|t:|1779633746
|move|p2a: Salamence|Earthquake|p1a: Ting-Lu
|-damage|p1a: Ting-Lu|0 fnt
|faint|p1a: Ting-Lu
|
|upkeep
|
|t:|1779633751
|switch|p1a: Walking Wake|Walking Wake|100/100
|turn|22
|
|t:|1779633756
|switch|p2a: Ting-Lu|Ting-Lu, shiny|14/100
|-damage|p2a: Ting-Lu|0 fnt|[from] Spikes
|faint|p2a: Ting-Lu
|move|p1a: Walking Wake|Knock Off|p2: Ting-Lu|[notarget]
|-fail|p1a: Walking Wake
|
|upkeep
|
|t:|1779633765
|switch|p2a: Primarina|Primarina, F, shiny|61/100
|-damage|p2a: Primarina|44/100|[from] Spikes
|-damage|p2a: Primarina|32/100|[from] Stealth Rock
|turn|23
|
|t:|1779633770
|move|p1a: Walking Wake|Flip Turn|p2a: Primarina
|-resisted|p2a: Primarina
|-damage|p2a: Primarina|20/100
|
|t:|1779633775
|-end|p1a: Walking Wake|Protosynthesis|[silent]
|switch|p1a: Dragonite|Dragonite, F|100/100|[from] Flip Turn
|move|p2a: Primarina|Moonblast|p1a: Dragonite
|-supereffective|p1a: Dragonite
|-damage|p1a: Dragonite|55/100
|
|upkeep
|turn|24
|
|t:|1779633781
|move|p1a: Dragonite|Extreme Speed|p2a: Primarina
|-damage|p2a: Primarina|0 fnt
|faint|p2a: Primarina
|
|upkeep
|
|t:|1779633794
|switch|p2a: Salamence|Salamence, M|100/100
|-ability|p2a: Salamence|Intimidate|boost
|-unboost|p1a: Dragonite|atk|1
|turn|25
|inactive|louwilliamzz has 120 seconds left.
|
|t:|1779633835
|-terastallize|p2a: Salamence|Steel
|move|p2a: Salamence|Dragon Dance|p2a: Salamence
|-boost|p2a: Salamence|atk|1
|-boost|p2a: Salamence|spe|1
|move|p1a: Dragonite|Dragon Tail|p2a: Salamence
|-resisted|p2a: Salamence
|-damage|p2a: Salamence|86/100
|drag|p2a: Chesnaught|Chesnaught, M, shiny|84/100
|-damage|p2a: Chesnaught|67/100|[from] Spikes
|-damage|p2a: Chesnaught|61/100|[from] Stealth Rock
|
|upkeep
|turn|26
|inactive|louwilliamzz has 120 seconds left.
|
|t:|1779633856
|move|p2a: Chesnaught|Body Press|p1a: Dragonite
|-resisted|p1a: Dragonite
|-damage|p1a: Dragonite|34/100
|move|p1a: Dragonite|Dragon Tail|p2a: Chesnaught
|-damage|p2a: Chesnaught|49/100
|-damage|p1a: Dragonite|17/100|[from] item: Rocky Helmet|[of] p2a: Chesnaught
|drag|p2a: Salamence|Salamence, M, tera:Steel|86/100
|-ability|p2a: Salamence|Intimidate|boost
|-unboost|p1a: Dragonite|atk|1
|
|upkeep
|turn|27
|inactive|cuerodeolancho has 120 seconds left.
|
|t:|1779633875
|move|p2a: Salamence|Dual Wingbeat|p1a: Dragonite|[miss]
|-miss|p2a: Salamence|p1a: Dragonite
|move|p1a: Dragonite|Low Kick|p2a: Salamence
|-supereffective|p2a: Salamence
|-damage|p2a: Salamence|37/100
|
|upkeep
|turn|28
|
|t:|1779633881
|move|p2a: Salamence|Dual Wingbeat|p1a: Dragonite
|-damage|p1a: Dragonite|0 fnt
|faint|p1a: Dragonite
|-hitcount|p1: Dragonite|1
|
|upkeep
|
|t:|1779633888
|switch|p1a: Walking Wake|Walking Wake|100/100
|turn|29
|
|t:|1779633899
|switch|p2a: Chesnaught|Chesnaught, M, shiny|49/100
|-damage|p2a: Chesnaught|32/100|[from] Spikes
|-damage|p2a: Chesnaught|26/100|[from] Stealth Rock
|move|p1a: Walking Wake|Surf|p2a: Chesnaught
|-resisted|p2a: Chesnaught
|-damage|p2a: Chesnaught|0 fnt
|faint|p2a: Chesnaught
|
|upkeep
|inactive|louwilliamzz has 120 seconds left.
|
|t:|1779633910
|switch|p2a: Gholdengo|Gholdengo|84/100
|-damage|p2a: Gholdengo|67/100|[from] Spikes
|-damage|p2a: Gholdengo|61/100|[from] Stealth Rock
|turn|30
|
|t:|1779633922
|move|p1a: Walking Wake|Knock Off|p2a: Gholdengo
|-supereffective|p2a: Gholdengo
|-damage|p2a: Gholdengo|25/100
|-enditem|p2a: Gholdengo|Assault Vest|[from] move: Knock Off|[of] p1a: Walking Wake
|move|p2a: Gholdengo|Shadow Ball|p1a: Walking Wake
|-damage|p1a: Walking Wake|55/100
|
|upkeep
|turn|31
|
|t:|1779633931
|move|p1a: Walking Wake|Surf|p2a: Gholdengo
|-damage|p2a: Gholdengo|0 fnt
|faint|p2a: Gholdengo
|
|upkeep
|c|☆cuerodeolancho|gg
|
|t:|1779633935
|switch|p2a: Cinderace|Cinderace, M|51/100
|turn|32
|
|t:|1779633941
|move|p2a: Cinderace|U-turn|p1a: Walking Wake
|-damage|p1a: Walking Wake|33/100
|
|t:|1779633945
|switch|p2a: Salamence|Salamence, M, tera:Steel|37/100|[from] U-turn
|-ability|p2a: Salamence|Intimidate|boost
|-unboost|p1a: Walking Wake|atk|1
|move|p1a: Walking Wake|Surf|p2a: Salamence
|-damage|p2a: Salamence|0 fnt
|faint|p2a: Salamence
|
|upkeep
|
|t:|1779633948
|switch|p2a: Cinderace|Cinderace, M|51/100
|turn|33
|
|t:|1779633953
|move|p2a: Cinderace|Pyro Ball|p1a: Walking Wake|[miss]
|-miss|p2a: Cinderace|p1a: Walking Wake
|move|p1a: Walking Wake|Surf|p2a: Cinderace
|-supereffective|p2a: Cinderace
|-damage|p2a: Cinderace|0 fnt
|faint|p2a: Cinderace
|
|win|cuerodeolancho
|raw|cuerodeolancho's rating: 1429 &rarr; <strong>1455</strong><br />(+26 for winning)
|raw|louwilliamzz's rating: 1531 &rarr; <strong>1505</strong><br />(-26 for losing)
|l|☆louwilliamzz
|player|p2|
