|j|☆naichalover
|j|☆Kourkrang2
|t:|1779673664
|gametype|singles
|player|p1|naichalover|pokemonbreeder|1081
|player|p2|Kourkrang2|170|1099
|gen|9
|tier|[Gen 9] OU
|rated|
|rule|HP Percentage Mod: HP is shown in percentages
|rule|Endless Battle Clause: Forcing endless battles is banned
|rule|Species Clause: Limit one of each Pokémon
|rule|OHKO Clause: OHKO moves are banned
|rule|Evasion Items Clause: Evasion items are banned
|rule|Evasion Moves Clause: Evasion moves are banned
|rule|Evasion Abilities Clause: Evasion abilities are banned
|rule|Sleep Moves Clause: Sleep-inducing moves are banned
|clearpoke
|poke|p1|Kingambit, M|
|poke|p1|Kommo-o, F|
|poke|p1|Iron Valiant|
|poke|p1|Kyurem|
|poke|p1|Iron Treads|
|poke|p1|Iron Crown|
|poke|p2|Glimmora, M|
|poke|p2|Hawlucha, M|
|poke|p2|Sableye, M|
|poke|p2|Zoroark-Hisui, M|
|poke|p2|Lurantis, F|
|poke|p2|Greninja-*, M|
|teampreview
|inactive|Battle timer is ON: inactive players will automatically lose when time's up. (requested by Kourkrang2)
|inactive|naichalover has 120 seconds left.
|
|t:|1779673711
|teamsize|p1|6
|teamsize|p2|6
|start
|switch|p1a: Iron Treads|Iron Treads|100/100
|switch|p2a: Florence Mathis|Glimmora, M, shiny|100/100
|-enditem|p1a: Iron Treads|Booster Energy
|-activate|p1a: Iron Treads|ability: Quark Drive|[fromitem]
|-start|p1a: Iron Treads|quarkdrivespe
|turn|1
|
|t:|1779673728
|switch|p2a: Francis Ngannou|Hawlucha, M, shiny|100/100
|move|p1a: Iron Treads|Earthquake|p2a: Francis Ngannou
|-immune|p2a: Francis Ngannou
|
|upkeep
|turn|2
|
|t:|1779673743
|move|p1a: Iron Treads|Stealth Rock|p2a: Francis Ngannou
|-sidestart|p2: Kourkrang2|move: Stealth Rock
|move|p2a: Francis Ngannou|Swords Dance|p2a: Francis Ngannou
|-boost|p2a: Francis Ngannou|atk|2
|
|upkeep
|turn|3
|
|t:|1779673752
|move|p1a: Iron Treads|Rapid Spin|p2a: Francis Ngannou
|-damage|p2a: Francis Ngannou|81/100
|-boost|p1a: Iron Treads|spe|1
|move|p2a: Francis Ngannou|Close Combat|p1a: Iron Treads
|-supereffective|p1a: Iron Treads
|-damage|p1a: Iron Treads|0 fnt
|-unboost|p2a: Francis Ngannou|def|1
|-unboost|p2a: Francis Ngannou|spd|1
|faint|p1a: Iron Treads
|-end|p1a: Iron Treads|Quark Drive|[silent]
|-enditem|p2a: Francis Ngannou|White Herb
|-clearnegativeboost|p2a: Francis Ngannou|[silent]
|
|upkeep
|
|t:|1779673782
|switch|p1a: Kingambit|Kingambit, M|100/100
|-activate|p1a: Kingambit|ability: Supreme Overlord
|-start|p1a: Kingambit|fallen1|[silent]
|turn|4
|
|t:|1779673788
|-terastallize|p1a: Kingambit|Ghost
|move|p2a: Francis Ngannou|Close Combat|p1a: Kingambit
|-immune|p1a: Kingambit
|move|p1a: Kingambit|Iron Head|p2a: Francis Ngannou
|-damage|p2a: Francis Ngannou|7/100
|
|upkeep
|turn|5
|
|t:|1779673796
|move|p1a: Kingambit|Sucker Punch|p2a: Francis Ngannou
|-resisted|p2a: Francis Ngannou
|-damage|p2a: Francis Ngannou|0 fnt
|faint|p2a: Francis Ngannou
|
|upkeep
|
|t:|1779673806
|switch|p2a: THE GOAT|Greninja, M|100/100
|-damage|p2a: THE GOAT|88/100|[from] Stealth Rock
|turn|6
|
|t:|1779673813
|-end|p1a: Kingambit|fallen1|[silent]
|switch|p1a: Kommo-o|Kommo-o, F|100/100
|move|p2a: THE GOAT|Trick|p1a: Kommo-o
|-activate|p2a: THE GOAT|move: Trick|[of] p1a: Kommo-o
|-item|p1a: Kommo-o|Toxic Orb|[from] move: Trick
|-item|p2a: THE GOAT|Leftovers|[from] move: Trick
|
|-heal|p2a: THE GOAT|94/100|[from] item: Leftovers
|-status|p1a: Kommo-o|tox|[from] item: Toxic Orb
|upkeep
|turn|7
|
|t:|1779673830
|move|p2a: THE GOAT|Hyper Voice|p1a: Kommo-o
|-immune|p1a: Kommo-o|[from] ability: Soundproof
|move|p1a: Kommo-o|Drain Punch|p2a: THE GOAT
|-immune|p2a: THE GOAT
|
|-heal|p2a: THE GOAT|99/100|[from] item: Leftovers
|-damage|p1a: Kommo-o|94/100 tox|[from] psn
|upkeep
|turn|8
|
|t:|1779673837
|move|p2a: THE GOAT|Shadow Ball|p1a: Kommo-o
|-damage|p1a: Kommo-o|55/100 tox
|move|p1a: Kommo-o|Shadow Claw|p2a: THE GOAT
|-immune|p2a: THE GOAT
|
|-heal|p2a: THE GOAT|100/100|[from] item: Leftovers
|-damage|p1a: Kommo-o|43/100 tox|[from] psn
|upkeep
|turn|9
|
|t:|1779673848
|move|p2a: THE GOAT|Shadow Ball|p1a: Kommo-o
|-damage|p1a: Kommo-o|6/100 tox
|move|p1a: Kommo-o|Shadow Claw|p2a: THE GOAT
|-immune|p2a: THE GOAT
|
|-damage|p1a: Kommo-o|0 fnt|[from] psn
|faint|p1a: Kommo-o
|upkeep
|
|t:|1779673856
|switch|p1a: Iron Crown|Iron Crown|100/100
|-enditem|p1a: Iron Crown|Booster Energy
|-activate|p1a: Iron Crown|ability: Quark Drive|[fromitem]
|-start|p1a: Iron Crown|quarkdrivespe
|turn|10
|
|t:|1779673868
|move|p1a: Iron Crown|Calm Mind|p1a: Iron Crown
|-boost|p1a: Iron Crown|spa|1
|-boost|p1a: Iron Crown|spd|1
|move|p2a: THE GOAT|Shadow Ball|p1a: Iron Crown
|-supereffective|p1a: Iron Crown
|-damage|p1a: Iron Crown|48/100
|
|upkeep
|turn|11
|
|t:|1779673876
|move|p1a: Iron Crown|Tachyon Cutter|p2a: THE GOAT
|-damage|p2a: THE GOAT|24/100
|replace|p2a: Jul|Zoroark-Hisui, M, shiny
|-end|p2a: Jul|Illusion
|-damage|p2a: Jul|0 fnt
|faint|p2a: Jul
|-hitcount|p2: Jul|2
|
|upkeep
|
|t:|1779673888
|switch|p2a: Florence Mathis|Glimmora, M, shiny|100/100
|-damage|p2a: Florence Mathis|88/100|[from] Stealth Rock
|turn|12
|
|t:|1779673893
|move|p1a: Iron Crown|Tachyon Cutter|p2a: Florence Mathis
|-supereffective|p2a: Florence Mathis
|-damage|p2a: Florence Mathis|0 fnt
|faint|p2a: Florence Mathis
|-hitcount|p2: Florence Mathis|1
|
|upkeep
|
|t:|1779673906
|switch|p2a: Macron|Sableye, M, shiny|100/100
|-damage|p2a: Macron|88/100|[from] Stealth Rock
|turn|13
|
|t:|1779673915
|move|p2a: Macron|Fake Out|p1a: Iron Crown
|-resisted|p1a: Iron Crown
|-damage|p1a: Iron Crown|44/100
|cant|p1a: Iron Crown|flinch
|
|-heal|p2a: Macron|94/100|[from] item: Leftovers
|upkeep
|turn|14
|
|t:|1779673930
|move|p2a: Macron|Will-O-Wisp|p1a: Iron Crown
|-status|p1a: Iron Crown|brn
|move|p1a: Iron Crown|Tachyon Cutter|p2a: Macron
|-damage|p2a: Macron|58/100
|-damage|p2a: Macron|19/100
|-hitcount|p2a: Macron|2
|
|-heal|p2a: Macron|25/100|[from] item: Leftovers
|-damage|p1a: Iron Crown|38/100 brn|[from] brn
|upkeep
|turn|15
|
|t:|1779673937
|move|p1a: Iron Crown|Tachyon Cutter|p2a: Macron
|-damage|p2a: Macron|0 fnt
|faint|p2a: Macron
|-hitcount|p2: Macron|1
|
|-damage|p1a: Iron Crown|32/100 brn|[from] brn
|upkeep
|
|t:|1779673947
|switch|p2a: Florent Mathis|Lurantis, F|100/100
|turn|16
|
|t:|1779673957
|move|p1a: Iron Crown|Tachyon Cutter|p2a: Florent Mathis
|-crit|p2a: Florent Mathis
|-damage|p2a: Florent Mathis|46/100
|-damage|p2a: Florent Mathis|4/100
|-hitcount|p2a: Florent Mathis|2
|move|p2a: Florent Mathis|Superpower|p1a: Iron Crown
|-damage|p1a: Iron Crown|4/100 brn
|-boost|p2a: Florent Mathis|atk|1
|-boost|p2a: Florent Mathis|def|1
|
|-damage|p1a: Iron Crown|0 fnt|[from] brn
|faint|p1a: Iron Crown
|-end|p1a: Iron Crown|Quark Drive|[silent]
|upkeep
|
|t:|1779673960
|switch|p1a: Kyurem|Kyurem|100/100
|-ability|p1a: Kyurem|Pressure
|turn|17
|
|t:|1779673977
|move|p1a: Kyurem|Scale Shot|p2a: Florent Mathis
|-damage|p2a: Florent Mathis|0 fnt
|faint|p2a: Florent Mathis
|-hitcount|p2: Florent Mathis|1
|-unboost|p1a: Kyurem|def|1
|-boost|p1a: Kyurem|spe|1
|
|upkeep
|
|t:|1779673984
|switch|p2a: THE GOAT|Greninja, M|100/100
|-damage|p2a: THE GOAT|88/100|[from] Stealth Rock
|turn|18
|
|t:|1779673993
|-terastallize|p2a: THE GOAT|Ice
|move|p1a: Kyurem|Scale Shot|p2a: THE GOAT
|-damage|p2a: THE GOAT|67/100
|-damage|p2a: THE GOAT|43/100
|-damage|p2a: THE GOAT|22/100
|-damage|p2a: THE GOAT|0 fnt
|faint|p2a: THE GOAT
|-hitcount|p2: THE GOAT|4
|
|win|naichalover
|raw|naichalover's rating: 1081 &rarr; <strong>1110</strong><br />(+29 for winning)
|raw|Kourkrang2's rating: 1099 &rarr; <strong>1073</strong><br />(-26 for losing)
|l|☆Kourkrang2
|player|p2|
|l|☆naichalover
|player|p1|
