|j|☆cryrob9909
|j|☆jsmikelol
|t:|1779582220
|gametype|singles
|player|p1|cryrob9909|plasmagruntf-gen5bw|
|player|p2|jsmikelol|ninjaboy|
|gen|9
|tier|[Gen 9] OU
|rule|HP Percentage Mod: HP is shown in percentages
|rule|Endless Battle Clause: Forcing endless battles is banned
|rule|Species Clause: Limit one of each Pokémon
|rule|OHKO Clause: OHKO moves are banned
|rule|Evasion Items Clause: Evasion items are banned
|rule|Evasion Moves Clause: Evasion moves are banned
|rule|Evasion Abilities Clause: Evasion abilities are banned
|rule|Sleep Moves Clause: Sleep-inducing moves are banned
|clearpoke
|poke|p1|Ursaluna, M|
|poke|p1|Porygon2|
|poke|p1|Pawmot, M|
|poke|p1|Iron Hands|
|poke|p1|Arboliva, F|
|poke|p1|Kingambit, F|
|poke|p2|Blaziken, F|
|poke|p2|Iron Boulder|
|poke|p2|Iron Hands|
|poke|p2|Kingambit, M|
|poke|p2|Hatterene, F|
|poke|p2|Weavile, M|
|teampreview
|inactive|Battle timer is ON: inactive players will automatically lose when time's up. (requested by cryrob9909)
|inactive|jsmikelol also wants the timer to be on.
|
|t:|1779582231
|teamsize|p1|6
|teamsize|p2|6
|start
|switch|p1a: Domain expansion|Porygon2, shiny|100/100
|switch|p2a: Familiar Face|Hatterene, F|100/100
|-ability|p1a: Domain expansion|Download|boost
|-boost|p1a: Domain expansion|atk|1
|turn|1
|
|t:|1779582238
|move|p1a: Domain expansion|Shadow Ball|p2a: Familiar Face
|-supereffective|p2a: Familiar Face
|-damage|p2a: Familiar Face|58/100
|-unboost|p2a: Familiar Face|spd|1
|move|p2a: Familiar Face|Calm Mind|p2a: Familiar Face
|-boost|p2a: Familiar Face|spa|1
|-boost|p2a: Familiar Face|spd|1
|
|upkeep
|turn|2
|
|t:|1779582248
|move|p1a: Domain expansion|Shadow Ball|p2a: Familiar Face
|-supereffective|p2a: Familiar Face
|-damage|p2a: Familiar Face|19/100
|-unboost|p2a: Familiar Face|spd|1
|move|p2a: Familiar Face|Draining Kiss|p1a: Domain expansion
|-damage|p1a: Domain expansion|80/100
|-heal|p2a: Familiar Face|37/100|[from] drain|[of] p1a: Domain expansion
|
|upkeep
|turn|3
|
|t:|1779582264
|switch|p2a: King|Kingambit, M|100/100
|move|p1a: Domain expansion|Shadow Ball|p2a: King
|-resisted|p2a: King
|-damage|p2a: King|92/100
|
|upkeep
|turn|4
|
|t:|1779582271
|move|p2a: King|Low Kick|p1a: Domain expansion
|-supereffective|p1a: Domain expansion
|-damage|p1a: Domain expansion|49/100
|move|p1a: Domain expansion|Trick Room|p1a: Domain expansion
|-fieldstart|move: Trick Room|[of] p1a: Domain expansion
|
|upkeep
|turn|5
|
|t:|1779582280
|switch|p1a: Maxpower Smokey|Ursaluna, M, shiny|100/100
|move|p2a: King|Iron Head|p1a: Maxpower Smokey
|-damage|p1a: Maxpower Smokey|67/100
|
|-status|p1a: Maxpower Smokey|brn|[from] item: Flame Orb
|upkeep
|turn|6
|
|t:|1779582293
|-end|p2a: King|fallenundefined|[silent]
|switch|p2a: Tori|Blaziken, F, shiny|100/100
|move|p1a: Maxpower Smokey|Earthquake|p2a: Tori
|-supereffective|p2a: Tori
|-enditem|p2a: Tori|Focus Sash
|-damage|p2a: Tori|1/100
|
|-damage|p1a: Maxpower Smokey|61/100 brn|[from] brn
|upkeep
|turn|7
|
|t:|1779582301
|move|p1a: Maxpower Smokey|Play Rough|p2a: Tori
|-damage|p2a: Tori|0 fnt
|faint|p2a: Tori
|
|-damage|p1a: Maxpower Smokey|55/100 brn|[from] brn
|upkeep
|
|t:|1779582305
|switch|p2a: Familiar Face|Hatterene, F|37/100
|turn|8
|
|t:|1779582316
|switch|p1a: Grass|Arboliva, F, shiny|100/100
|move|p2a: Familiar Face|Dark Pulse|p1a: Grass
|-damage|p1a: Grass|75/100
|
|-fieldend|move: Trick Room
|upkeep
|turn|9
|
|t:|1779582325
|move|p1a: Grass|Giga Drain|p2a: Familiar Face
|-damage|p2a: Familiar Face|4/100
|-heal|p1a: Grass|90/100|[from] drain|[of] p2a: Familiar Face
|move|p2a: Familiar Face|Expanding Force|p1a: Grass
|-damage|p1a: Grass|56/100
|
|upkeep
|turn|10
|
|t:|1779582340
|move|p1a: Grass|Giga Drain|p2a: Familiar Face
|-damage|p2a: Familiar Face|0 fnt
|-heal|p1a: Grass|57/100|[from] drain|[of] p2a: Familiar Face
|faint|p2a: Familiar Face
|
|upkeep
|
|t:|1779582348
|switch|p2a: One Punch|Iron Hands, shiny|100/100
|-enditem|p2a: One Punch|Booster Energy
|-activate|p2a: One Punch|ability: Quark Drive|[fromitem]
|-start|p2a: One Punch|quarkdriveatk
|turn|11
|
|t:|1779582356
|-terastallize|p1a: Grass|Fire
|move|p2a: One Punch|Ice Punch|p1a: Grass
|-resisted|p1a: Grass
|-damage|p1a: Grass|42/100
|-enditem|p1a: Grass|Sitrus Berry|[eat]
|-heal|p1a: Grass|67/100|[from] item: Sitrus Berry
|move|p1a: Grass|Strength Sap|p2a: One Punch
|-unboost|p2a: One Punch|atk|1
|-heal|p1a: Grass|100/100
|
|-item|p1a: Grass|Sitrus Berry|[from] ability: Harvest
|upkeep
|turn|12
|
|t:|1779582368
|move|p2a: One Punch|Drain Punch|p1a: Grass
|-damage|p1a: Grass|68/100
|move|p1a: Grass|Leech Seed|p2a: One Punch
|-start|p2a: One Punch|move: Leech Seed
|
|-damage|p2a: One Punch|88/100|[from] Leech Seed|[of] p1a: Grass
|-heal|p1a: Grass|84/100|[silent]
|upkeep
|turn|13
|
|t:|1779582377
|-terastallize|p2a: One Punch|Flying
|move|p2a: One Punch|Swords Dance|p2a: One Punch
|-boost|p2a: One Punch|atk|2
|move|p1a: Grass|Earth Power|p2a: One Punch
|-immune|p2a: One Punch
|
|-damage|p2a: One Punch|76/100|[from] Leech Seed|[of] p1a: Grass
|-heal|p1a: Grass|99/100|[silent]
|upkeep
|turn|14
|
|t:|1779582386
|move|p2a: One Punch|Drain Punch|p1a: Grass
|-crit|p1a: Grass
|-damage|p1a: Grass|0 fnt
|-heal|p2a: One Punch|100/100|[from] drain|[of] p1a: Grass
|faint|p1a: Grass
|
|upkeep
|c|☆jsmikelol|JACKPOOOOOOOOOOT
|
|t:|1779582407
|switch|p1a: last drop|Pawmot, M|100/100
|turn|15
|
|t:|1779582425
|move|p1a: last drop|Ice Punch|p2a: One Punch
|-supereffective|p2a: One Punch
|-damage|p2a: One Punch|59/100
|move|p2a: One Punch|Ice Punch|p1a: last drop
|-damage|p1a: last drop|33/100
|
|-damage|p2a: One Punch|46/100|[from] Leech Seed|[of] p1a: last drop
|-heal|p1a: last drop|51/100|[silent]
|upkeep
|turn|16
|
|t:|1779582434
|move|p1a: last drop|Ice Punch|p2a: One Punch
|-supereffective|p2a: One Punch
|-damage|p2a: One Punch|4/100
|move|p2a: One Punch|Drain Punch|p1a: last drop
|-damage|p1a: last drop|0 fnt
|-heal|p2a: One Punch|21/100|[from] drain|[of] p1a: last drop
|faint|p1a: last drop
|
|upkeep
|
|t:|1779582442
|switch|p1a: Domain expansion|Porygon2, shiny|49/100
|-ability|p1a: Domain expansion|Download|boost
|-boost|p1a: Domain expansion|spa|1
|turn|17
|c|☆jsmikelol|WHY YOU WANNA TEST YOUR  LUCK WHEN IM ON A ROLL?
|
|t:|1779582459
|move|p2a: One Punch|Drain Punch|p1a: Domain expansion
|-supereffective|p1a: Domain expansion
|-damage|p1a: Domain expansion|0 fnt
|-heal|p2a: One Punch|41/100|[from] drain|[of] p1a: Domain expansion
|faint|p1a: Domain expansion
|
|upkeep
|
|t:|1779582465
|switch|p1a: King Gamble|Kingambit, F|100/100
|-activate|p1a: King Gamble|ability: Supreme Overlord
|-start|p1a: King Gamble|fallen3|[silent]
|turn|18
|
|t:|1779582477
|move|p1a: King Gamble|Sucker Punch|p2a: One Punch
|-damage|p2a: One Punch|0 fnt
|faint|p2a: One Punch
|-end|p2a: One Punch|Quark Drive|[silent]
|
|upkeep
|
|t:|1779582483
|switch|p2a: Big Man|Iron Boulder|100/100
|-enditem|p2a: Big Man|Booster Energy
|-activate|p2a: Big Man|ability: Quark Drive|[fromitem]
|-start|p2a: Big Man|quarkdrivespe
|turn|19
|
|t:|1779582490
|move|p2a: Big Man|Swords Dance|p2a: Big Man
|-boost|p2a: Big Man|atk|2
|move|p1a: King Gamble|Kowtow Cleave|p2a: Big Man
|-supereffective|p2a: Big Man
|-damage|p2a: Big Man|0 fnt
|faint|p2a: Big Man
|-end|p2a: Big Man|Quark Drive|[silent]
|
|upkeep
|
|t:|1779582498
|switch|p2a: Iced Out|Weavile, M, shiny|100/100
|-ability|p2a: Iced Out|Pressure
|turn|20
|
|t:|1779582504
|move|p2a: Iced Out|Knock Off|p1a: King Gamble
|-resisted|p1a: King Gamble
|-damage|p1a: King Gamble|84/100
|-enditem|p1a: King Gamble|Assault Vest|[from] move: Knock Off|[of] p2a: Iced Out
|move|p1a: King Gamble|Stone Edge|p2a: Iced Out
|-supereffective|p2a: Iced Out
|-damage|p2a: Iced Out|0 fnt
|faint|p2a: Iced Out
|
|upkeep
|
|t:|1779582513
|switch|p2a: King|Kingambit, M|92/100
|-activate|p2a: King|ability: Supreme Overlord
|-start|p2a: King|fallen5|[silent]
|turn|21
|
|t:|1779582520
|move|p2a: King|Low Kick|p1a: King Gamble
|-supereffective|p1a: King Gamble
|-damage|p1a: King Gamble|0 fnt
|faint|p1a: King Gamble
|-end|p1a: King Gamble|fallen3|[silent]
|
|upkeep
|
|t:|1779582526
|switch|p1a: Iron Goat|Iron Hands, shiny|100/100
|-enditem|p1a: Iron Goat|Booster Energy
|-activate|p1a: Iron Goat|ability: Quark Drive|[fromitem]
|-start|p1a: Iron Goat|quarkdriveatk
|turn|22
|
|t:|1779582533
|move|p2a: King|Swords Dance|p2a: King
|-boost|p2a: King|atk|2
|move|p1a: Iron Goat|Drain Punch|p2a: King
|-supereffective|p2a: King
|-damage|p2a: King|0 fnt
|-damage|p1a: Iron Goat|84/100|[from] item: Rocky Helmet|[of] p2a: King
|faint|p2a: King
|-end|p2a: King|fallen5|[silent]
|
|win|cryrob9909
|l|☆jsmikelol
|player|p2|
