|j|☆James2464
|j|☆samohi0
|t:|1779674295
|gametype|singles
|player|p1|James2464|miku-ghost|1709
|player|p2|samohi0|hoopster|1741
|gen|9
|tier|[Gen 9] OU
|rated|
|rule|HP Percentage Mod: HP is shown in percentages
|rule|Endless Battle Clause: Forcing endless battles is banned
|rule|Species Clause: Limit one of each Pokémon
|rule|OHKO Clause: OHKO moves are banned
|rule|Evasion Items Clause: Evasion items are banned
|rule|Evasion Moves Clause: Evasion moves are banned
|rule|Evasion Abilities Clause: Evasion abilities are banned
|rule|Sleep Moves Clause: Sleep-inducing moves are banned
|clearpoke
|poke|p1|Lycanroc-Dusk, F|
|poke|p1|Kingambit, M|
|poke|p1|Moltres|
|poke|p1|Great Tusk|
|poke|p1|Ogerpon, F|
|poke|p1|Hatterene, F|
|poke|p2|Dragapult, F|
|poke|p2|Lokix, F|
|poke|p2|Alomomola, F|
|poke|p2|Great Tusk|
|poke|p2|Enamorus, F|
|poke|p2|Iron Crown|
|teampreview
|inactive|Battle timer is ON: inactive players will automatically lose when time's up. (requested by James2464)
|inactive|James2464 has 120 seconds left.
|
|t:|1779674350
|teamsize|p1|6
|teamsize|p2|6
|start
|switch|p1a: Hatterene|Hatterene, F|100/100
|switch|p2a: Iron Crown|Iron Crown|100/100
|turn|1
|
|t:|1779674367
|switch|p1a: Kingambit|Kingambit, M|100/100
|move|p2a: Iron Crown|Tachyon Cutter|p1a: Kingambit
|-resisted|p1a: Kingambit
|-damage|p1a: Kingambit|82/100
|-resisted|p1a: Kingambit
|-damage|p1a: Kingambit|62/100
|-hitcount|p1a: Kingambit|2
|
|-heal|p1a: Kingambit|68/100|[from] item: Leftovers
|upkeep
|turn|2
|
|t:|1779674373
|-end|p2a: Iron Crown|Quark Drive|[silent]
|switch|p2a: Alomomola|Alomomola, F|100/100
|-end|p1a: Kingambit|fallenundefined|[silent]
|switch|p1a: Ogerpon|Ogerpon, F|100/100
|
|upkeep
|turn|3
|
|t:|1779674380
|move|p1a: Ogerpon|Ivy Cudgel|p2a: Alomomola
|-supereffective|p2a: Alomomola
|-damage|p2a: Alomomola|36/100
|move|p2a: Alomomola|Flip Turn|p1a: Ogerpon
|-resisted|p1a: Ogerpon
|-damage|p1a: Ogerpon|89/100
|
|t:|1779674387
|switch|p2a: Lokix|Lokix, F|100/100|[from] Flip Turn
|
|upkeep
|turn|4
|
|t:|1779674392
|switch|p1a: Moltres|Moltres|100/100
|move|p2a: Lokix|Knock Off|p1a: Moltres
|-damage|p1a: Moltres|55/100
|-enditem|p1a: Moltres|Heavy-Duty Boots|[from] move: Knock Off|[of] p2a: Lokix
|
|upkeep
|turn|5
|
|t:|1779674398
|switch|p2a: Iron Crown|Iron Crown|100/100
|move|p1a: Moltres|Roost|p1a: Moltres
|-heal|p1a: Moltres|100/100
|-singleturn|p1a: Moltres|move: Roost
|
|upkeep
|turn|6
|
|t:|1779674401
|move|p2a: Iron Crown|Volt Switch|p1a: Moltres
|-supereffective|p1a: Moltres
|-damage|p1a: Moltres|24/100
|
|t:|1779674409
|-end|p2a: Iron Crown|Quark Drive|[silent]
|switch|p2a: Alomomola|Alomomola, F|70/100|[from] Volt Switch
|move|p1a: Moltres|Will-O-Wisp|p2a: Alomomola
|-status|p2a: Alomomola|brn
|
|-damage|p2a: Alomomola|64/100 brn|[from] brn
|upkeep
|turn|7
|
|t:|1779674413
|move|p1a: Moltres|Roost|p1a: Moltres
|-heal|p1a: Moltres|74/100
|-singleturn|p1a: Moltres|move: Roost
|move|p2a: Alomomola|Flip Turn|p1a: Moltres
|-supereffective|p1a: Moltres
|-damage|p1a: Moltres|63/100
|
|t:|1779674419
|switch|p2a: Iron Crown|Iron Crown|100/100|[from] Flip Turn
|
|upkeep
|turn|8
|
|t:|1779674424
|switch|p1a: Kingambit|Kingambit, M|68/100
|move|p2a: Iron Crown|Psychic Noise|p1a: Kingambit
|-immune|p1a: Kingambit
|
|-heal|p1a: Kingambit|74/100|[from] item: Leftovers
|upkeep
|turn|9
|
|t:|1779674430
|-end|p2a: Iron Crown|Quark Drive|[silent]
|switch|p2a: Great Tusk|Great Tusk|100/100
|move|p1a: Kingambit|Swords Dance|p1a: Kingambit
|-boost|p1a: Kingambit|atk|2
|
|-heal|p1a: Kingambit|81/100|[from] item: Leftovers
|upkeep
|turn|10
|
|t:|1779674434
|-end|p1a: Kingambit|fallenundefined|[silent]
|switch|p1a: Great Tusk|Great Tusk|100/100
|move|p2a: Great Tusk|Stealth Rock|p1a: Great Tusk
|-sidestart|p1: James2464|move: Stealth Rock
|
|upkeep
|turn|11
|
|t:|1779674439
|move|p2a: Great Tusk|Headlong Rush|p1a: Great Tusk
|-damage|p1a: Great Tusk|60/100
|-unboost|p2a: Great Tusk|def|1
|-unboost|p2a: Great Tusk|spd|1
|-damage|p2a: Great Tusk|84/100|[from] item: Rocky Helmet|[of] p1a: Great Tusk
|move|p1a: Great Tusk|Stealth Rock|p2a: Great Tusk
|-sidestart|p2: samohi0|move: Stealth Rock
|
|upkeep
|turn|12
|
|t:|1779674442
|move|p2a: Great Tusk|Rapid Spin|p1a: Great Tusk
|-damage|p1a: Great Tusk|49/100
|-boost|p2a: Great Tusk|spe|1
|-damage|p2a: Great Tusk|68/100|[from] item: Rocky Helmet|[of] p1a: Great Tusk
|-sideend|p2: samohi0|Stealth Rock|[from] move: Rapid Spin|[of] p2a: Great Tusk
|move|p1a: Great Tusk|Rapid Spin|p2a: Great Tusk
|-crit|p2a: Great Tusk
|-damage|p2a: Great Tusk|42/100
|-boost|p1a: Great Tusk|spe|1
|-sideend|p1: James2464|Stealth Rock|[from] move: Rapid Spin|[of] p1a: Great Tusk
|
|upkeep
|turn|13
|
|t:|1779674453
|move|p1a: Great Tusk|Ice Spinner|p2a: Great Tusk
|-supereffective|p2a: Great Tusk
|-damage|p2a: Great Tusk|0 fnt
|faint|p2a: Great Tusk
|-end|p2a: Great Tusk|Protosynthesis|[silent]
|
|upkeep
|
|t:|1779674456
|switch|p2a: Enamorus|Enamorus, F|100/100
|turn|14
|
|t:|1779674466
|move|p2a: Enamorus|Moonblast|p1a: Great Tusk
|-supereffective|p1a: Great Tusk
|-damage|p1a: Great Tusk|0 fnt
|faint|p1a: Great Tusk
|-end|p1a: Great Tusk|Protosynthesis|[silent]
|
|upkeep
|
|t:|1779674471
|switch|p1a: Lycanroc|Lycanroc-Dusk, F|100/100
|turn|15
|
|t:|1779674475
|move|p2a: Enamorus|Moonblast|p1a: Lycanroc
|-damage|p1a: Lycanroc|20/100
|move|p1a: Lycanroc|Swords Dance|p1a: Lycanroc
|-boost|p1a: Lycanroc|atk|2
|
|upkeep
|turn|16
|
|t:|1779674493
|move|p1a: Lycanroc|Accelerock|p2a: Enamorus
|-supereffective|p2a: Enamorus
|-damage|p2a: Enamorus|0 fnt
|faint|p2a: Enamorus
|-damage|p1a: Lycanroc|10/100|[from] item: Life Orb
|
|upkeep
|
|t:|1779674498
|switch|p2a: Dragapult|Dragapult, F|100/100
|turn|17
|
|t:|1779674506
|move|p2a: Dragapult|Quick Attack|p1a: Lycanroc
|-resisted|p1a: Lycanroc
|-damage|p1a: Lycanroc|0 fnt
|faint|p1a: Lycanroc
|
|upkeep
|
|t:|1779674519
|switch|p1a: Ogerpon|Ogerpon, F|89/100
|turn|18
|
|t:|1779674524
|switch|p2a: Alomomola|Alomomola, F|97/100 brn
|move|p1a: Ogerpon|Knock Off|p2a: Alomomola
|-damage|p2a: Alomomola|75/100 brn
|-enditem|p2a: Alomomola|Assault Vest|[from] move: Knock Off|[of] p1a: Ogerpon
|
|-damage|p2a: Alomomola|69/100 brn|[from] brn
|upkeep
|turn|19
|
|t:|1779674530
|move|p1a: Ogerpon|Ivy Cudgel|p2a: Alomomola
|-supereffective|p2a: Alomomola
|-damage|p2a: Alomomola|8/100 brn
|move|p2a: Alomomola|Flip Turn|p1a: Ogerpon
|-resisted|p1a: Ogerpon
|-damage|p1a: Ogerpon|84/100
|
|t:|1779674533
|switch|p2a: Dragapult|Dragapult, F|100/100|[from] Flip Turn
|
|upkeep
|turn|20
|
|t:|1779674536
|switch|p1a: Kingambit|Kingambit, M|81/100
|-activate|p1a: Kingambit|ability: Supreme Overlord
|-start|p1a: Kingambit|fallen2|[silent]
|move|p2a: Dragapult|U-turn|p1a: Kingambit
|-damage|p1a: Kingambit|54/100
|
|t:|1779674538
|switch|p2a: Lokix|Lokix, F|100/100|[from] U-turn
|
|-heal|p1a: Kingambit|60/100|[from] item: Leftovers
|upkeep
|turn|21
|
|t:|1779674542
|-end|p1a: Kingambit|fallen2|[silent]
|switch|p1a: Hatterene|Hatterene, F|100/100
|move|p2a: Lokix|U-turn|p1a: Hatterene
|-damage|p1a: Hatterene|59/100
|-damage|p2a: Lokix|84/100|[from] item: Rocky Helmet|[of] p1a: Hatterene
|
|t:|1779674545
|switch|p2a: Iron Crown|Iron Crown|100/100|[from] U-turn
|
|upkeep
|turn|22
|
|t:|1779674550
|-terastallize|p1a: Hatterene|Water
|move|p2a: Iron Crown|Tachyon Cutter|p1a: Hatterene
|-resisted|p1a: Hatterene
|-damage|p1a: Hatterene|41/100
|-resisted|p1a: Hatterene
|-damage|p1a: Hatterene|19/100
|-hitcount|p1a: Hatterene|2
|move|p1a: Hatterene|Nuzzle|p2a: Iron Crown
|-damage|p2a: Iron Crown|96/100
|-status|p2a: Iron Crown|par
|
|upkeep
|turn|23
|
|t:|1779674560
|move|p2a: Iron Crown|Tachyon Cutter|p1a: Hatterene
|-resisted|p1a: Hatterene
|-damage|p1a: Hatterene|0 fnt
|faint|p1a: Hatterene
|-hitcount|p1: Hatterene|1
|
|upkeep
|
|t:|1779674562
|switch|p1a: Moltres|Moltres|63/100
|turn|24
|
|t:|1779674564
|-end|p2a: Iron Crown|Quark Drive|[silent]
|switch|p2a: Alomomola|Alomomola, F|41/100 brn
|move|p1a: Moltres|Roost|p1a: Moltres
|-heal|p1a: Moltres|100/100
|-singleturn|p1a: Moltres|move: Roost
|
|-damage|p2a: Alomomola|35/100 brn|[from] brn
|upkeep
|turn|25
|
|t:|1779674574
|switch|p1a: Ogerpon|Ogerpon, F|84/100
|move|p2a: Alomomola|Flip Turn|p1a: Ogerpon
|-resisted|p1a: Ogerpon
|-damage|p1a: Ogerpon|79/100
|
|t:|1779674578
|switch|p2a: Dragapult|Dragapult, F|100/100|[from] Flip Turn
|
|upkeep
|turn|26
|
|t:|1779674583
|switch|p1a: Kingambit|Kingambit, M|60/100
|-activate|p1a: Kingambit|ability: Supreme Overlord
|-start|p1a: Kingambit|fallen3|[silent]
|move|p2a: Dragapult|Dragon Darts|p1a: Kingambit
|-resisted|p1a: Kingambit
|-damage|p1a: Kingambit|44/100
|-anim|p2a: Dragapult|Dragon Darts|p1a: Kingambit
|-resisted|p1a: Kingambit
|-damage|p1a: Kingambit|31/100
|
|-heal|p1a: Kingambit|37/100|[from] item: Leftovers
|upkeep
|turn|27
|
|t:|1779674591
|-terastallize|p2a: Dragapult|Dragon
|move|p2a: Dragapult|Dragon Darts|p1a: Kingambit
|-resisted|p1a: Kingambit
|-damage|p1a: Kingambit|16/100
|-anim|p2a: Dragapult|Dragon Darts|p1a: Kingambit
|-resisted|p1a: Kingambit
|-damage|p1a: Kingambit|0 fnt
|faint|p1a: Kingambit
|-end|p1a: Kingambit|fallen3|[silent]
|
|upkeep
|
|t:|1779674594
|switch|p1a: Moltres|Moltres|100/100
|turn|28
|
|t:|1779674597
|move|p2a: Dragapult|Dragon Darts|p1a: Moltres
|-damage|p1a: Moltres|67/100
|-anim|p2a: Dragapult|Dragon Darts|p1a: Moltres
|-damage|p1a: Moltres|34/100
|move|p1a: Moltres|Will-O-Wisp|p2a: Dragapult
|-status|p2a: Dragapult|brn
|
|-damage|p2a: Dragapult|95/100 brn|[from] brn
|upkeep
|turn|29
|
|t:|1779674602
|move|p2a: Dragapult|Dragon Darts|p1a: Moltres
|-damage|p1a: Moltres|18/100
|-anim|p2a: Dragapult|Dragon Darts|p1a: Moltres
|-damage|p1a: Moltres|2/100
|move|p1a: Moltres|Roost|p1a: Moltres
|-heal|p1a: Moltres|52/100
|-singleturn|p1a: Moltres|move: Roost
|
|-damage|p2a: Dragapult|89/100 brn|[from] brn
|upkeep
|turn|30
|
|t:|1779674608
|switch|p2a: Iron Crown|Iron Crown|96/100 par
|move|p1a: Moltres|Roost|p1a: Moltres
|-heal|p1a: Moltres|100/100
|-singleturn|p1a: Moltres|move: Roost
|
|upkeep
|turn|31
|
|t:|1779674611
|move|p1a: Moltres|Flamethrower|p2a: Iron Crown
|-supereffective|p2a: Iron Crown
|-damage|p2a: Iron Crown|16/100 par
|move|p2a: Iron Crown|Psychic Noise|p1a: Moltres
|-damage|p1a: Moltres|45/100
|-start|p1a: Moltres|move: Heal Block
|
|upkeep
|turn|32
|
|t:|1779674625
|move|p1a: Moltres|Flamethrower|p2a: Iron Crown
|-supereffective|p2a: Iron Crown
|-damage|p2a: Iron Crown|0 fnt
|faint|p2a: Iron Crown
|-end|p2a: Iron Crown|Quark Drive|[silent]
|
|-end|p1a: Moltres|move: Heal Block
|upkeep
|
|t:|1779674633
|switch|p2a: Dragapult|Dragapult, F, tera:Dragon|89/100 brn
|turn|33
|
|t:|1779674636
|move|p2a: Dragapult|Dragon Darts|p1a: Moltres
|-damage|p1a: Moltres|28/100
|-anim|p2a: Dragapult|Dragon Darts|p1a: Moltres
|-damage|p1a: Moltres|12/100
|move|p1a: Moltres|Roost|p1a: Moltres
|-heal|p1a: Moltres|62/100
|-singleturn|p1a: Moltres|move: Roost
|
|-damage|p2a: Dragapult|83/100 brn|[from] brn
|upkeep
|turn|34
|
|t:|1779674640
|move|p2a: Dragapult|Dragon Darts|p1a: Moltres
|-damage|p1a: Moltres|45/100
|-anim|p2a: Dragapult|Dragon Darts|p1a: Moltres
|-damage|p1a: Moltres|27/100
|move|p1a: Moltres|Roost|p1a: Moltres
|-heal|p1a: Moltres|77/100
|-singleturn|p1a: Moltres|move: Roost
|
|-damage|p2a: Dragapult|77/100 brn|[from] brn
|upkeep
|turn|35
|
|t:|1779674649
|move|p2a: Dragapult|Dragon Darts|p1a: Moltres
|-damage|p1a: Moltres|60/100
|-anim|p2a: Dragapult|Dragon Darts|p1a: Moltres
|-damage|p1a: Moltres|42/100
|move|p1a: Moltres|Roost|p1a: Moltres
|-heal|p1a: Moltres|92/100
|-singleturn|p1a: Moltres|move: Roost
|
|-damage|p2a: Dragapult|71/100 brn|[from] brn
|upkeep
|turn|36
|
|t:|1779674657
|move|p2a: Dragapult|Dragon Darts|p1a: Moltres
|-damage|p1a: Moltres|74/100
|-anim|p2a: Dragapult|Dragon Darts|p1a: Moltres
|-damage|p1a: Moltres|57/100
|move|p1a: Moltres|U-turn|p2a: Dragapult
|-damage|p2a: Dragapult|49/100 brn
|
|t:|1779674658
|switch|p1a: Ogerpon|Ogerpon, F|79/100|[from] U-turn
|
|-damage|p2a: Dragapult|43/100 brn|[from] brn
|upkeep
|turn|37
|
|t:|1779674663
|move|p2a: Dragapult|Dragon Darts|p1a: Ogerpon
|-crit|p1a: Ogerpon
|-damage|p1a: Ogerpon|34/100
|-anim|p2a: Dragapult|Dragon Darts|p1a: Ogerpon
|-damage|p1a: Ogerpon|4/100
|move|p1a: Ogerpon|Knock Off|p2a: Dragapult
|-damage|p2a: Dragapult|0 fnt
|-enditem|p2a: Dragapult|Choice Band|[from] move: Knock Off|[of] p1a: Ogerpon
|faint|p2a: Dragapult
|
|upkeep
|
|t:|1779674667
|switch|p2a: Lokix|Lokix, F|84/100
|turn|38
|
|t:|1779674674
|switch|p1a: Moltres|Moltres|57/100
|move|p2a: Lokix|First Impression|p1a: Moltres
|-resisted|p1a: Moltres
|-damage|p1a: Moltres|34/100
|
|upkeep
|turn|39
|
|t:|1779674678
|switch|p2a: Alomomola|Alomomola, F|68/100 brn
|move|p1a: Moltres|U-turn|p2a: Alomomola
|-damage|p2a: Alomomola|59/100 brn
|
|t:|1779674680
|switch|p1a: Ogerpon|Ogerpon, F|4/100|[from] U-turn
|
|-damage|p2a: Alomomola|53/100 brn|[from] brn
|upkeep
|turn|40
|
|t:|1779674685
|move|p1a: Ogerpon|U-turn|p2a: Alomomola
|-damage|p2a: Alomomola|39/100 brn
|
|t:|1779674687
|switch|p1a: Moltres|Moltres|34/100|[from] U-turn
|move|p2a: Alomomola|Flip Turn|p1a: Moltres
|-supereffective|p1a: Moltres
|-damage|p1a: Moltres|23/100
|
|t:|1779674689
|switch|p2a: Lokix|Lokix, F|84/100|[from] Flip Turn
|
|upkeep
|turn|41
|
|t:|1779674693
|move|p2a: Lokix|First Impression|p1a: Moltres
|-resisted|p1a: Moltres
|-damage|p1a: Moltres|2/100
|-status|p2a: Lokix|brn|[from] ability: Flame Body|[of] p1a: Moltres
|move|p1a: Moltres|U-turn|p2a: Lokix
|-supereffective|p2a: Lokix
|-damage|p2a: Lokix|41/100 brn
|
|t:|1779674697
|switch|p1a: Ogerpon|Ogerpon, F|4/100|[from] U-turn
|
|-damage|p2a: Lokix|35/100 brn|[from] brn
|upkeep
|turn|42
|
|t:|1779674707
|move|p2a: Lokix|First Impression||[still]
|-hint|First Impression only works on your first turn out.
|-fail|p2a: Lokix
|move|p1a: Ogerpon|Ivy Cudgel|p2a: Lokix
|-resisted|p2a: Lokix
|-damage|p2a: Lokix|0 fnt
|faint|p2a: Lokix
|
|upkeep
|
|t:|1779674709
|switch|p2a: Alomomola|Alomomola, F|72/100 brn
|turn|43
|
|t:|1779674713
|move|p1a: Ogerpon|Ivy Cudgel|p2a: Alomomola
|-supereffective|p2a: Alomomola
|-crit|p2a: Alomomola
|-damage|p2a: Alomomola|0 fnt
|faint|p2a: Alomomola
|
|win|James2464
|raw|James2464's rating: 1709 &rarr; <strong>1731</strong><br />(+22 for winning)
|raw|samohi0's rating: 1741 &rarr; <strong>1719</strong><br />(-22 for losing)
|l|☆samohi0
|player|p2|
|l|☆James2464
|player|p1|
