|j|☆Mrweston
|j|☆Spongenoodles
|t:|1779562292
|gametype|singles
|player|p1|Mrweston|ghetsis-gen5bw|1369
|player|p2|Spongenoodles|red|1433
|gen|9
|tier|[Gen 9] OU
|rated|
|rule|HP Percentage Mod: HP is shown in percentages
|rule|Endless Battle Clause: Forcing endless battles is banned
|rule|Species Clause: Limit one of each Pokémon
|rule|OHKO Clause: OHKO moves are banned
|rule|Evasion Items Clause: Evasion items are banned
|rule|Evasion Moves Clause: Evasion moves are banned
|rule|Evasion Abilities Clause: Evasion abilities are banned
|rule|Sleep Moves Clause: Sleep-inducing moves are banned
|clearpoke
|poke|p1|Hawlucha, F|
|poke|p1|Blaziken, M|
|poke|p1|Magnezone|
|poke|p1|Haunter, F|
|poke|p1|Donphan, F|
|poke|p1|Latios, M|
|poke|p2|Venusaur, F|
|poke|p2|Torkoal, F|
|poke|p2|Walking Wake|
|poke|p2|Hatterene, F|
|poke|p2|Landorus-Therian, M|
|poke|p2|Corviknight, M|
|teampreview
|
|t:|1779562297
|teamsize|p1|6
|teamsize|p2|6
|start
|switch|p1a: Magnezone|Magnezone, shiny|100/100
|switch|p2a: Torkoal|Torkoal, F|100/100
|-weather|SunnyDay|[from] ability: Drought|[of] p2a: Torkoal
|turn|1
|
|t:|1779562300
|move|p1a: Magnezone|Volt Switch|p2a: Torkoal
|-damage|p2a: Torkoal|58/100
|
|t:|1779562303
|switch|p1a: Donphan|Donphan, F|100/100|[from] Volt Switch
|move|p2a: Torkoal|Overheat|p1a: Donphan
|-ability|p1a: Donphan|Sturdy
|-damage|p1a: Donphan|1/100
|-unboost|p2a: Torkoal|spa|2
|
|-weather|SunnyDay|[upkeep]
|upkeep
|turn|2
|inactive|Battle timer is ON: inactive players will automatically lose when time's up. (requested by Mrweston)
|
|t:|1779562312
|switch|p2a: Corviknight|Corviknight, M|100/100
|move|p1a: Donphan|Knock Off|p2a: Corviknight
|-damage|p2a: Corviknight|78/100
|-damage|p1a: Donphan|0 fnt|[from] item: Rocky Helmet|[of] p2a: Corviknight
|faint|p1a: Donphan
|
|-weather|SunnyDay|[upkeep]
|upkeep
|
|t:|1779562317
|switch|p1a: Magnezone|Magnezone, shiny|100/100
|turn|3
|
|t:|1779562334
|-terastallize|p2a: Corviknight|Fighting
|move|p1a: Magnezone|Thunderbolt|p2a: Corviknight
|-damage|p2a: Corviknight|41/100
|-status|p2a: Corviknight|par
|move|p2a: Corviknight|Body Press|p1a: Magnezone
|-supereffective|p1a: Magnezone
|-damage|p1a: Magnezone|38/100
|
|-weather|SunnyDay|[upkeep]
|upkeep
|turn|4
|
|t:|1779562342
|move|p1a: Magnezone|Thunderbolt|p2a: Corviknight
|-damage|p2a: Corviknight|0 fnt
|faint|p2a: Corviknight
|
|-weather|SunnyDay|[upkeep]
|upkeep
|
|t:|1779562346
|switch|p2a: Walking Wake|Walking Wake|100/100
|-activate|p2a: Walking Wake|ability: Protosynthesis
|-start|p2a: Walking Wake|protosynthesisspa
|turn|5
|
|t:|1779562348
|move|p2a: Walking Wake|Hydro Steam|p1a: Magnezone
|-damage|p1a: Magnezone|0 fnt
|faint|p1a: Magnezone
|
|-weather|SunnyDay|[upkeep]
|upkeep
|
|t:|1779562358
|switch|p1a: Latios|Latios, M|100/100
|turn|6
|
|t:|1779562361
|-end|p2a: Walking Wake|Protosynthesis|[silent]
|switch|p2a: Hatterene|Hatterene, F|100/100
|move|p1a: Latios|Draco Meteor|p2a: Hatterene
|-immune|p2a: Hatterene
|
|-weather|SunnyDay|[upkeep]
|upkeep
|turn|7
|
|t:|1779562365
|switch|p1a: Haunter|Haunter, F|100/100
|move|p2a: Hatterene|Nuzzle|p1a: Haunter
|-damage|p1a: Haunter|90/100
|-status|p1a: Haunter|par
|
|-weather|SunnyDay|[upkeep]
|upkeep
|turn|8
|
|t:|1779562370
|move|p1a: Haunter|Sludge Wave|p2a: Hatterene
|-supereffective|p2a: Hatterene
|-damage|p2a: Hatterene|51/100
|move|p2a: Hatterene|Psyshock|p1a: Haunter
|-supereffective|p1a: Haunter
|-damage|p1a: Haunter|0 fnt
|faint|p1a: Haunter
|
|-weather|none
|upkeep
|
|t:|1779562379
|switch|p1a: Hawlucha|Hawlucha, F, shiny|100/100
|-ability|p1a: Hawlucha|Mold Breaker
|turn|9
|
|t:|1779562381
|move|p1a: Hawlucha|Brave Bird|p2a: Hatterene
|-damage|p2a: Hatterene|0 fnt
|faint|p2a: Hatterene
|-damage|p1a: Hawlucha|83/100|[from] Recoil
|
|upkeep
|
|t:|1779562384
|switch|p2a: Landorus|Landorus-Therian, M|100/100
|-ability|p2a: Landorus|Intimidate|boost
|-unboost|p1a: Hawlucha|atk|1
|turn|10
|
|t:|1779562388
|switch|p1a: Latios|Latios, M|100/100
|move|p2a: Landorus|U-turn|p1a: Latios
|-supereffective|p1a: Latios
|-damage|p1a: Latios|27/100
|
|t:|1779562393
|switch|p2a: Torkoal|Torkoal, F|58/100|[from] U-turn
|-weather|SunnyDay|[from] ability: Drought|[of] p2a: Torkoal
|
|-weather|SunnyDay|[upkeep]
|upkeep
|turn|11
|
|t:|1779562397
|move|p1a: Latios|Draco Meteor|p2a: Torkoal|[miss]
|-miss|p1a: Latios|p2a: Torkoal
|move|p2a: Torkoal|Overheat|p1a: Latios
|-resisted|p1a: Latios
|-damage|p1a: Latios|0 fnt
|-unboost|p2a: Torkoal|spa|2
|faint|p1a: Latios
|
|-weather|SunnyDay|[upkeep]
|upkeep
|
|t:|1779562401
|switch|p1a: Blaziken|Blaziken, M|100/100
|turn|12
|
|t:|1779562405
|switch|p2a: Landorus|Landorus-Therian, M|100/100
|-ability|p2a: Landorus|Intimidate|boost
|-unboost|p1a: Blaziken|atk|1
|move|p1a: Blaziken|Swords Dance|p1a: Blaziken
|-boost|p1a: Blaziken|atk|2
|
|-weather|SunnyDay|[upkeep]
|-ability|p1a: Blaziken|Speed Boost|boost
|-boost|p1a: Blaziken|spe|1
|upkeep
|turn|13
|
|t:|1779562410
|-terastallize|p1a: Blaziken|Flying
|move|p2a: Landorus|U-turn|p1a: Blaziken
|-resisted|p1a: Blaziken
|-damage|p1a: Blaziken|79/100
|
|t:|1779562415
|switch|p2a: Torkoal|Torkoal, F|58/100|[from] U-turn
|move|p1a: Blaziken|Swords Dance|p1a: Blaziken
|-boost|p1a: Blaziken|atk|2
|
|-weather|SunnyDay|[upkeep]
|-ability|p1a: Blaziken|Speed Boost|boost
|-boost|p1a: Blaziken|spe|1
|upkeep
|turn|14
|
|t:|1779562420
|move|p1a: Blaziken|Close Combat|p2a: Torkoal
|-damage|p2a: Torkoal|0 fnt
|-unboost|p1a: Blaziken|def|1
|-unboost|p1a: Blaziken|spd|1
|faint|p2a: Torkoal
|
|-weather|SunnyDay|[upkeep]
|-ability|p1a: Blaziken|Speed Boost|boost
|-boost|p1a: Blaziken|spe|1
|upkeep
|
|t:|1779562427
|switch|p2a: Walking Wake|Walking Wake|100/100
|-activate|p2a: Walking Wake|ability: Protosynthesis
|-start|p2a: Walking Wake|protosynthesisspa
|turn|15
|
|t:|1779562429
|move|p1a: Blaziken|Close Combat|p2a: Walking Wake
|-damage|p2a: Walking Wake|0 fnt
|-unboost|p1a: Blaziken|def|1
|-unboost|p1a: Blaziken|spd|1
|faint|p2a: Walking Wake
|-end|p2a: Walking Wake|Protosynthesis|[silent]
|
|-weather|SunnyDay|[upkeep]
|-ability|p1a: Blaziken|Speed Boost|boost
|-boost|p1a: Blaziken|spe|1
|upkeep
|
|t:|1779562432
|switch|p2a: Landorus|Landorus-Therian, M|100/100
|-ability|p2a: Landorus|Intimidate|boost
|-unboost|p1a: Blaziken|atk|1
|turn|16
|
|t:|1779562435
|move|p1a: Blaziken|Temper Flare|p2a: Landorus
|-damage|p2a: Landorus|0 fnt
|faint|p2a: Landorus
|
|-weather|SunnyDay|[upkeep]
|-ability|p1a: Blaziken|Speed Boost|boost
|-boost|p1a: Blaziken|spe|1
|upkeep
|
|t:|1779562437
|switch|p2a: Venusaur|Venusaur, F|100/100
|turn|17
|
|t:|1779562441
|move|p1a: Blaziken|Close Combat|p2a: Venusaur
|-resisted|p2a: Venusaur
|-damage|p2a: Venusaur|15/100
|-unboost|p1a: Blaziken|def|1
|-unboost|p1a: Blaziken|spd|1
|move|p2a: Venusaur|Weather Ball|p1a: Blaziken
|-damage|p1a: Blaziken|0 fnt
|faint|p1a: Blaziken
|-damage|p2a: Venusaur|5/100|[from] item: Life Orb
|
|-weather|none
|upkeep
|
|t:|1779562443
|switch|p1a: Hawlucha|Hawlucha, F, shiny|83/100
|-ability|p1a: Hawlucha|Mold Breaker
|turn|18
|
|t:|1779562446
|move|p1a: Hawlucha|Brave Bird|p2a: Venusaur
|-supereffective|p2a: Venusaur
|-damage|p2a: Venusaur|0 fnt
|faint|p2a: Venusaur
|-damage|p1a: Hawlucha|81/100|[from] Recoil
|
|win|Mrweston
|raw|Mrweston's rating: 1369 &rarr; <strong>1393</strong><br />(+24 for winning)
|raw|Spongenoodles's rating: 1433 &rarr; <strong>1409</strong><br />(-24 for losing)
|l|☆Mrweston
|player|p1|
|l|☆Spongenoodles
|player|p2|
