|inactive|Battle timer is ON: inactive players will automatically lose when time's up.
|t:|1779646323
|gametype|singles
|player|p1|Cicada|#wcop2026france|
|player|p2|schwipper|#mplxmeloettas|
|gen|9
|tier|[Gen 9] OU
|rule|HP Percentage Mod: HP is shown in percentages
|rule|Endless Battle Clause: Forcing endless battles is banned
|rule|Species Clause: Limit one of each Pokémon
|rule|OHKO Clause: OHKO moves are banned
|rule|Evasion Items Clause: Evasion items are banned
|rule|Evasion Moves Clause: Evasion moves are banned
|rule|Evasion Abilities Clause: Evasion abilities are banned
|rule|Sleep Moves Clause: Sleep-inducing moves are banned
|clearpoke
|poke|p1|Goodra-Hisui, M|
|poke|p1|Cinderace, F|
|poke|p1|Kyurem|
|poke|p1|Clefable, M|
|poke|p1|Alomomola, M|
|poke|p1|Landorus-Therian, M|
|poke|p2|Dragonite, F|
|poke|p2|Gholdengo|
|poke|p2|Ogerpon-Wellspring, F|
|poke|p2|Great Tusk|
|poke|p2|Iron Valiant|
|poke|p2|Darkrai|
|teampreview
|c|☆Cicada|hf
|c|☆schwipper|u2
|inactive|schwipper has 270 seconds left.
|
|t:|1779646363
|teamsize|p1|6
|teamsize|p2|6
|start
|switch|p1a: Landorus|Landorus-Therian, M|100/100
|switch|p2a: Great Tusk|Great Tusk|100/100
|-ability|p1a: Landorus|Intimidate|boost
|-unboost|p2a: Great Tusk|atk|1
|turn|1
|
|t:|1779646371
|move|p1a: Landorus|U-turn|p2a: Great Tusk
|-resisted|p2a: Great Tusk
|-damage|p2a: Great Tusk|92/100
|-damage|p1a: Landorus|84/100|[from] item: Rocky Helmet|[of] p2a: Great Tusk
|
|t:|1779646373
|switch|p1a: Kyurem|Kyurem|100/100|[from] U-turn
|-ability|p1a: Kyurem|Pressure
|move|p2a: Great Tusk|Stealth Rock|p1a: Kyurem
|-sidestart|p1: Cicada|move: Stealth Rock
|
|upkeep
|turn|2
|
|t:|1779646381
|-end|p2a: Great Tusk|Protosynthesis|[silent]
|switch|p2a: Gholdengo|Gholdengo|100/100
|-item|p2a: Gholdengo|Air Balloon
|move|p1a: Kyurem|Ice Beam|p2a: Gholdengo
|-resisted|p2a: Gholdengo
|-damage|p2a: Gholdengo|67/100
|-enditem|p2a: Gholdengo|Air Balloon
|
|upkeep
|turn|3
|
|t:|1779646386
|switch|p1a: Goodra|Goodra-Hisui, M|100/100
|-damage|p1a: Goodra|94/100|[from] Stealth Rock
|move|p2a: Gholdengo|Recover|p2a: Gholdengo
|-heal|p2a: Gholdengo|100/100
|
|upkeep
|turn|4
|
|t:|1779646397
|switch|p2a: Great Tusk|Great Tusk|92/100
|move|p1a: Goodra|Earthquake|p2a: Great Tusk
|-damage|p2a: Great Tusk|79/100
|
|upkeep
|turn|5
|
|t:|1779646402
|switch|p1a: Alomomola|Alomomola, M|100/100
|move|p2a: Great Tusk|Ice Spinner|p1a: Alomomola
|-resisted|p1a: Alomomola
|-damage|p1a: Alomomola|94/100
|
|upkeep
|turn|6
|
|t:|1779646406
|move|p2a: Great Tusk|Headlong Rush|p1a: Alomomola
|-damage|p1a: Alomomola|68/100
|-unboost|p2a: Great Tusk|def|1
|-unboost|p2a: Great Tusk|spd|1
|move|p1a: Alomomola|Wish|p1a: Alomomola
|
|upkeep
|turn|7
|
|t:|1779646413
|-end|p2a: Great Tusk|Protosynthesis|[silent]
|switch|p2a: Ogerpon|Ogerpon-Wellspring, F|100/100
|switch|p1a: Landorus|Landorus-Therian, M|84/100
|-damage|p1a: Landorus|72/100|[from] Stealth Rock
|-ability|p1a: Landorus|Intimidate|boost
|-unboost|p2a: Ogerpon|atk|1
|
|-heal|p1a: Landorus|100/100|[from] move: Wish|[wisher] Alomomola
|upkeep
|turn|8
|
|t:|1779646421
|switch|p2a: Great Tusk|Great Tusk|79/100
|move|p1a: Landorus|U-turn|p2a: Great Tusk
|-resisted|p2a: Great Tusk
|-damage|p2a: Great Tusk|70/100
|-damage|p1a: Landorus|84/100|[from] item: Rocky Helmet|[of] p2a: Great Tusk
|
|t:|1779646427
|switch|p1a: Kyurem|Kyurem|100/100|[from] U-turn
|-damage|p1a: Kyurem|76/100|[from] Stealth Rock
|-ability|p1a: Kyurem|Pressure
|
|upkeep
|turn|9
|
|t:|1779646433
|-end|p2a: Great Tusk|Protosynthesis|[silent]
|switch|p2a: Gholdengo|Gholdengo|100/100
|move|p1a: Kyurem|Earth Power|p2a: Gholdengo
|-supereffective|p2a: Gholdengo
|-damage|p2a: Gholdengo|13/100
|
|upkeep
|turn|10
|
|t:|1779646445
|switch|p1a: Cinderace|Cinderace, F|100/100
|move|p2a: Gholdengo|Recover|p2a: Gholdengo
|-heal|p2a: Gholdengo|63/100
|
|upkeep
|turn|11
|
|t:|1779646454
|switch|p2a: Great Tusk|Great Tusk|70/100
|move|p1a: Cinderace|Court Change|p1a: Cinderace
|-swapsideconditions
|-activate|p1a: Cinderace|move: Court Change
|
|upkeep
|turn|12
|
|t:|1779646461
|move|p1a: Cinderace|Will-O-Wisp|p2a: Great Tusk
|-status|p2a: Great Tusk|brn
|move|p2a: Great Tusk|Rapid Spin|p1a: Cinderace
|-damage|p1a: Cinderace|92/100
|-boost|p2a: Great Tusk|spe|1
|-sideend|p2: schwipper|Stealth Rock|[from] move: Rapid Spin|[of] p2a: Great Tusk
|
|-damage|p2a: Great Tusk|64/100 brn|[from] brn
|upkeep
|turn|13
|
|t:|1779646471
|switch|p1a: Kyurem|Kyurem|76/100
|-ability|p1a: Kyurem|Pressure
|move|p2a: Great Tusk|Stealth Rock|p1a: Kyurem
|-sidestart|p1: Cicada|move: Stealth Rock
|
|-damage|p2a: Great Tusk|58/100 brn|[from] brn
|upkeep
|turn|14
|
|t:|1779646489
|-end|p2a: Great Tusk|Protosynthesis|[silent]
|switch|p2a: Gholdengo|Gholdengo|63/100
|move|p1a: Kyurem|Ice Beam|p2a: Gholdengo
|-resisted|p2a: Gholdengo
|-damage|p2a: Gholdengo|31/100
|
|upkeep
|turn|15
|
|t:|1779646503
|switch|p2a: Iron Valiant|Iron Valiant|100/100
|-enditem|p2a: Iron Valiant|Booster Energy
|-activate|p2a: Iron Valiant|ability: Quark Drive|[fromitem]
|-start|p2a: Iron Valiant|quarkdrivespe
|move|p1a: Kyurem|Ice Beam|p2a: Iron Valiant
|-damage|p2a: Iron Valiant|0 fnt
|faint|p2a: Iron Valiant
|-end|p2a: Iron Valiant|Quark Drive|[silent]
|
|upkeep
|
|t:|1779646507
|switch|p2a: Darkrai|Darkrai|100/100
|turn|16
|inactive|Cicada has 270 seconds left.
|
|t:|1779646540
|switch|p1a: Landorus|Landorus-Therian, M|84/100
|-damage|p1a: Landorus|72/100|[from] Stealth Rock
|-ability|p1a: Landorus|Intimidate|boost
|-unboost|p2a: Darkrai|atk|1
|move|p2a: Darkrai|Dark Pulse|p1a: Landorus
|-damage|p1a: Landorus|0 fnt
|faint|p1a: Landorus
|
|upkeep
|inactive|Cicada has 270 seconds left.
|
|t:|1779646550
|switch|p1a: Clefable|Clefable, M|100/100
|-damage|p1a: Clefable|88/100|[from] Stealth Rock
|turn|17
|
|t:|1779646559
|switch|p2a: Great Tusk|Great Tusk|58/100 brn
|move|p1a: Clefable|Cosmic Power|p1a: Clefable
|-boost|p1a: Clefable|def|1
|-boost|p1a: Clefable|spd|1
|
|-heal|p1a: Clefable|94/100|[from] item: Leftovers
|-damage|p2a: Great Tusk|52/100 brn|[from] brn
|upkeep
|turn|18
|
|t:|1779646563
|-end|p2a: Great Tusk|Protosynthesis|[silent]
|switch|p2a: Gholdengo|Gholdengo|31/100
|move|p1a: Clefable|Cosmic Power|p1a: Clefable
|-boost|p1a: Clefable|def|1
|-boost|p1a: Clefable|spd|1
|
|-heal|p1a: Clefable|99/100|[from] item: Leftovers
|upkeep
|turn|19
|
|t:|1779646575
|-terastallize|p1a: Clefable|Steel
|move|p2a: Gholdengo|Thunder Wave|p1a: Clefable
|-status|p1a: Clefable|par
|move|p1a: Clefable|Cosmic Power|p1a: Clefable
|-boost|p1a: Clefable|def|1
|-boost|p1a: Clefable|spd|1
|
|-heal|p1a: Clefable|100/100 par|[from] item: Leftovers
|upkeep
|turn|20
|
|t:|1779646582
|move|p2a: Gholdengo|Recover|p2a: Gholdengo
|-heal|p2a: Gholdengo|81/100
|move|p1a: Clefable|Cosmic Power|p1a: Clefable
|-boost|p1a: Clefable|def|1
|-boost|p1a: Clefable|spd|1
|
|upkeep
|turn|21
|
|t:|1779646590
|move|p2a: Gholdengo|Hex|p1a: Clefable
|-damage|p1a: Clefable|82/100 par
|move|p1a: Clefable|Cosmic Power|p1a: Clefable
|-boost|p1a: Clefable|def|1
|-boost|p1a: Clefable|spd|1
|
|-heal|p1a: Clefable|88/100 par|[from] item: Leftovers
|upkeep
|turn|22
|
|t:|1779646592
|move|p2a: Gholdengo|Hex|p1a: Clefable
|-damage|p1a: Clefable|72/100 par
|cant|p1a: Clefable|par
|
|-heal|p1a: Clefable|78/100 par|[from] item: Leftovers
|upkeep
|turn|23
|
|t:|1779646595
|move|p2a: Gholdengo|Hex|p1a: Clefable
|-damage|p1a: Clefable|62/100 par
|move|p1a: Clefable|Cosmic Power|p1a: Clefable
|-boost|p1a: Clefable|def|1
|-boost|p1a: Clefable|spd|1
|
|-heal|p1a: Clefable|68/100 par|[from] item: Leftovers
|upkeep
|turn|24
|
|t:|1779646598
|move|p2a: Gholdengo|Hex|p1a: Clefable
|-damage|p1a: Clefable|54/100 par
|cant|p1a: Clefable|par
|
|-heal|p1a: Clefable|60/100 par|[from] item: Leftovers
|upkeep
|turn|25
|
|t:|1779646601
|move|p2a: Gholdengo|Hex|p1a: Clefable
|-damage|p1a: Clefable|45/100 par
|cant|p1a: Clefable|par
|
|-heal|p1a: Clefable|51/100 par|[from] item: Leftovers
|upkeep
|turn|26
|
|t:|1779646604
|move|p2a: Gholdengo|Hex|p1a: Clefable
|-damage|p1a: Clefable|37/100 par
|move|p1a: Clefable|Moonlight|p1a: Clefable
|-heal|p1a: Clefable|87/100 par
|
|-heal|p1a: Clefable|93/100 par|[from] item: Leftovers
|upkeep
|turn|27
|
|t:|1779646607
|move|p2a: Gholdengo|Hex|p1a: Clefable
|-damage|p1a: Clefable|80/100 par
|move|p1a: Clefable|Stored Power|p2a: Gholdengo
|-resisted|p2a: Gholdengo
|-damage|p2a: Gholdengo|55/100
|
|-heal|p1a: Clefable|86/100 par|[from] item: Leftovers
|upkeep
|turn|28
|
|t:|1779646614
|move|p2a: Gholdengo|Hex|p1a: Clefable
|-damage|p1a: Clefable|71/100 par
|move|p1a: Clefable|Stored Power|p2a: Gholdengo
|-resisted|p2a: Gholdengo
|-damage|p2a: Gholdengo|26/100
|
|-heal|p1a: Clefable|77/100 par|[from] item: Leftovers
|upkeep
|turn|29
|
|t:|1779646619
|move|p2a: Gholdengo|Recover|p2a: Gholdengo
|-heal|p2a: Gholdengo|76/100
|move|p1a: Clefable|Stored Power|p2a: Gholdengo
|-resisted|p2a: Gholdengo
|-damage|p2a: Gholdengo|49/100
|
|-heal|p1a: Clefable|83/100 par|[from] item: Leftovers
|upkeep
|turn|30
|
|t:|1779646621
|move|p2a: Gholdengo|Recover|p2a: Gholdengo
|-heal|p2a: Gholdengo|99/100
|move|p1a: Clefable|Stored Power|p2a: Gholdengo
|-resisted|p2a: Gholdengo
|-damage|p2a: Gholdengo|72/100
|
|-heal|p1a: Clefable|89/100 par|[from] item: Leftovers
|upkeep
|turn|31
|
|t:|1779646624
|move|p2a: Gholdengo|Hex|p1a: Clefable
|-damage|p1a: Clefable|74/100 par
|move|p1a: Clefable|Stored Power|p2a: Gholdengo
|-resisted|p2a: Gholdengo
|-damage|p2a: Gholdengo|47/100
|
|-heal|p1a: Clefable|80/100 par|[from] item: Leftovers
|upkeep
|turn|32
|
|t:|1779646627
|switch|p2a: Darkrai|Darkrai|100/100
|move|p1a: Clefable|Stored Power|p2a: Darkrai
|-immune|p2a: Darkrai
|
|-heal|p1a: Clefable|86/100 par|[from] item: Leftovers
|upkeep
|turn|33
|inactive|Cicada has 270 seconds left.
|
|t:|1779646657
|switch|p2a: Gholdengo|Gholdengo|47/100
|switch|p1a: Goodra|Goodra-Hisui, M|94/100
|-damage|p1a: Goodra|88/100|[from] Stealth Rock
|
|upkeep
|turn|34
|
|t:|1779646665
|move|p2a: Gholdengo|Recover|p2a: Gholdengo
|-heal|p2a: Gholdengo|97/100
|move|p1a: Goodra|Earthquake|p2a: Gholdengo
|-supereffective|p2a: Gholdengo
|-damage|p2a: Gholdengo|64/100
|
|upkeep
|turn|35
|
|t:|1779646673
|move|p2a: Gholdengo|Thunder Wave|p1a: Goodra
|-status|p1a: Goodra|par
|move|p1a: Goodra|Earthquake|p2a: Gholdengo
|-supereffective|p2a: Gholdengo
|-damage|p2a: Gholdengo|33/100
|
|upkeep
|turn|36
|
|t:|1779646675
|move|p2a: Gholdengo|Recover|p2a: Gholdengo
|-heal|p2a: Gholdengo|83/100
|move|p1a: Goodra|Earthquake|p2a: Gholdengo
|-supereffective|p2a: Gholdengo
|-damage|p2a: Gholdengo|53/100
|
|upkeep
|turn|37
|
|t:|1779646678
|switch|p2a: Dragonite|Dragonite, F|100/100
|cant|p1a: Goodra|par
|
|upkeep
|turn|38
|
|t:|1779646693
|switch|p1a: Alomomola|Alomomola, M|100/100
|move|p2a: Dragonite|Earthquake|p1a: Alomomola
|-damage|p1a: Alomomola|81/100
|
|upkeep
|turn|39
|
|t:|1779646696
|switch|p2a: Ogerpon|Ogerpon-Wellspring, F|100/100
|move|p1a: Alomomola|Wish|p1a: Alomomola
|
|upkeep
|turn|40
|
|t:|1779646705
|switch|p1a: Goodra|Goodra-Hisui, M|88/100 par
|-damage|p1a: Goodra|82/100 par|[from] Stealth Rock
|move|p2a: Ogerpon|Swords Dance|p2a: Ogerpon
|-boost|p2a: Ogerpon|atk|2
|
|-heal|p1a: Goodra|100/100 par|[from] move: Wish|[wisher] Alomomola
|upkeep
|turn|41
|
|t:|1779646710
|move|p2a: Ogerpon|Play Rough|p1a: Goodra
|-damage|p1a: Goodra|36/100 par
|-ability|p1a: Goodra|Gooey
|-unboost|p2a: Ogerpon|spe|1
|cant|p1a: Goodra|par
|
|upkeep
|turn|42
|inactive|Cicada has 270 seconds left.
|
|t:|1779646755
|switch|p1a: Kyurem|Kyurem|76/100
|-damage|p1a: Kyurem|51/100|[from] Stealth Rock
|-ability|p1a: Kyurem|Pressure
|move|p2a: Ogerpon|Ivy Cudgel|p1a: Kyurem|[anim] Ivy Cudgel Water
|-resisted|p1a: Kyurem
|-damage|p1a: Kyurem|0 fnt
|faint|p1a: Kyurem
|
|upkeep
|
|t:|1779646758
|switch|p1a: Cinderace|Cinderace, F|92/100
|turn|43
|inactive|Cicada has 270 seconds left.
|
|t:|1779646766
|switch|p2a: Great Tusk|Great Tusk|52/100 brn
|move|p1a: Cinderace|Will-O-Wisp|p2a: Great Tusk
|-fail|p2a: Great Tusk|brn
|
|-damage|p2a: Great Tusk|45/100 brn|[from] brn
|upkeep
|turn|44
|
|t:|1779646774
|move|p1a: Cinderace|Court Change|p1a: Cinderace
|-swapsideconditions
|-activate|p1a: Cinderace|move: Court Change
|move|p2a: Great Tusk|Rapid Spin|p1a: Cinderace
|-damage|p1a: Cinderace|83/100
|-boost|p2a: Great Tusk|spe|1
|-sideend|p2: schwipper|Stealth Rock|[from] move: Rapid Spin|[of] p2a: Great Tusk
|
|-damage|p2a: Great Tusk|39/100 brn|[from] brn
|upkeep
|turn|45
|
|t:|1779646780
|move|p2a: Great Tusk|Stealth Rock|p1a: Cinderace
|-sidestart|p1: Cicada|move: Stealth Rock
|move|p1a: Cinderace|Pyro Ball|p2a: Great Tusk
|-damage|p2a: Great Tusk|9/100 brn
|
|-damage|p2a: Great Tusk|2/100 brn|[from] brn
|upkeep
|turn|46
|
|t:|1779646782
|move|p2a: Great Tusk|Headlong Rush|p1a: Cinderace
|-supereffective|p1a: Cinderace
|-damage|p1a: Cinderace|18/100
|-unboost|p2a: Great Tusk|def|1
|-unboost|p2a: Great Tusk|spd|1
|move|p1a: Cinderace|Court Change|p1a: Cinderace
|-swapsideconditions
|-activate|p1a: Cinderace|move: Court Change
|
|-damage|p2a: Great Tusk|0 fnt|[from] brn
|faint|p2a: Great Tusk
|-end|p2a: Great Tusk|Protosynthesis|[silent]
|upkeep
|
|t:|1779646787
|switch|p2a: Darkrai|Darkrai|100/100
|-damage|p2a: Darkrai|88/100|[from] Stealth Rock
|turn|47
|
|t:|1779646793
|move|p2a: Darkrai|Dark Pulse|p1a: Cinderace
|-damage|p1a: Cinderace|0 fnt
|faint|p1a: Cinderace
|
|upkeep
|
|t:|1779646807
|switch|p1a: Alomomola|Alomomola, M|100/100
|turn|48
|
|t:|1779646810
|-terastallize|p2a: Darkrai|Dark
|move|p2a: Darkrai|Dark Pulse|p1a: Alomomola
|-damage|p1a: Alomomola|7/100
|move|p1a: Alomomola|Wish|p1a: Alomomola
|
|upkeep
|turn|49
|
|t:|1779646820
|switch|p1a: Goodra|Goodra-Hisui, M|36/100 par
|move|p2a: Darkrai|Dark Pulse|p1a: Goodra
|-damage|p1a: Goodra|0 fnt
|faint|p1a: Goodra
|
|upkeep
|
|t:|1779646823
|switch|p1a: Clefable|Clefable, M, tera:Steel|86/100 par
|turn|50
|
|t:|1779646826
|move|p2a: Darkrai|Dark Pulse|p1a: Clefable
|-damage|p1a: Clefable|11/100 par
|move|p1a: Clefable|Cosmic Power|p1a: Clefable
|-boost|p1a: Clefable|def|1
|-boost|p1a: Clefable|spd|1
|
|-heal|p1a: Clefable|17/100 par|[from] item: Leftovers
|upkeep
|turn|51
|c|☆Cicada|gg
|c|☆schwipper|gg
|-message|Cicada forfeited.
|
|win|schwipper
