|j|☆Skiddris
|j|☆sickofme
|t:|1779662512
|gametype|singles
|player|p1|Skiddris|artist|1540
|player|p2|sickofme|miku-water|1520
|gen|9
|tier|[Gen 9] OU
|rated|
|rule|HP Percentage Mod: HP is shown in percentages
|rule|Endless Battle Clause: Forcing endless battles is banned
|rule|Species Clause: Limit one of each Pokémon
|rule|OHKO Clause: OHKO moves are banned
|rule|Evasion Items Clause: Evasion items are banned
|rule|Evasion Moves Clause: Evasion moves are banned
|rule|Evasion Abilities Clause: Evasion abilities are banned
|rule|Sleep Moves Clause: Sleep-inducing moves are banned
|clearpoke
|poke|p1|Whiscash, M|
|poke|p1|Ceruledge, F|
|poke|p1|Basculegion-F, F|
|poke|p1|Salamence, M|
|poke|p1|Politoed, F|
|poke|p1|Walking Wake|
|poke|p2|Hatterene, F|
|poke|p2|Weezing-Galar, F|
|poke|p2|Alomomola, L99, M|
|poke|p2|Landorus-Therian, M|
|poke|p2|Kyurem|
|poke|p2|Blaziken, M|
|teampreview
|inactive|Battle timer is ON: inactive players will automatically lose when time's up. (requested by Skiddris)
|inactiveoff|Battle timer is now OFF.
|
|t:|1779662550
|teamsize|p1|6
|teamsize|p2|6
|start
|switch|p1a: Politoed|Politoed, F, shiny|100/100
|switch|p2a: Kyurem|Kyurem|100/100
|-ability|p2a: Kyurem|Pressure
|-weather|RainDance|[from] ability: Drizzle|[of] p1a: Politoed
|turn|1
|
|t:|1779662604
|switch|p1a: Basculegion|Basculegion-F, F, shiny|100/100
|-terastallize|p2a: Kyurem|Ice
|move|p2a: Kyurem|Freeze-Dry|p1a: Basculegion
|-supereffective|p1a: Basculegion
|-damage|p1a: Basculegion|0 fnt
|faint|p1a: Basculegion
|
|-weather|RainDance|[upkeep]
|upkeep
|
|t:|1779662624
|switch|p1a: Ceruledge|Ceruledge, F, shiny|100/100
|turn|2
|
|t:|1779662660
|switch|p2a: Alomomola|Alomomola, L99, M|100/100
|move|p1a: Ceruledge|Poltergeist|p2a: Alomomola
|-activate|p2a: Alomomola|move: Poltergeist|Rocky Helmet
|-damage|p2a: Alomomola|47/100
|-damage|p1a: Ceruledge|91/100|[from] item: Life Orb
|
|-weather|RainDance|[upkeep]
|upkeep
|turn|3
|inactive|Battle timer is ON: inactive players will automatically lose when time's up. (requested by sickofme)
|
|t:|1779662671
|move|p1a: Ceruledge|Poltergeist|p2a: Alomomola|[miss]
|-miss|p1a: Ceruledge|p2a: Alomomola
|move|p2a: Alomomola|Flip Turn|p1a: Ceruledge
|-supereffective|p1a: Ceruledge
|-damage|p1a: Ceruledge|20/100
|
|t:|1779662684
|switch|p2a: Blaziken|Blaziken, M|100/100|[from] Flip Turn
|
|-weather|RainDance|[upkeep]
|upkeep
|turn|4
|
|t:|1779662694
|move|p2a: Blaziken|Protect|p2a: Blaziken
|-singleturn|p2a: Blaziken|Protect
|move|p1a: Ceruledge|Destiny Bond|p1a: Ceruledge
|-singlemove|p1a: Ceruledge|Destiny Bond
|
|-weather|RainDance|[upkeep]
|-ability|p2a: Blaziken|Speed Boost|boost
|-boost|p2a: Blaziken|spe|1
|upkeep
|turn|5
|
|t:|1779662720
|switch|p1a: Walking Wake|Walking Wake|100/100
|-enditem|p1a: Walking Wake|Booster Energy
|-activate|p1a: Walking Wake|ability: Protosynthesis|[fromitem]
|-start|p1a: Walking Wake|protosynthesisspa
|move|p2a: Blaziken|Will-O-Wisp|p1a: Walking Wake
|-status|p1a: Walking Wake|brn
|
|-weather|RainDance|[upkeep]
|-damage|p1a: Walking Wake|94/100 brn|[from] brn
|-ability|p2a: Blaziken|Speed Boost|boost
|-boost|p2a: Blaziken|spe|1
|upkeep
|turn|6
|
|t:|1779662733
|move|p2a: Blaziken|Protect|p2a: Blaziken
|-singleturn|p2a: Blaziken|Protect
|move|p1a: Walking Wake|Weather Ball|p2a: Blaziken
|-activate|p2a: Blaziken|move: Protect
|
|-weather|RainDance|[upkeep]
|-damage|p1a: Walking Wake|88/100 brn|[from] brn
|-ability|p2a: Blaziken|Speed Boost|boost
|-boost|p2a: Blaziken|spe|1
|upkeep
|turn|7
|
|t:|1779662746
|switch|p2a: Alomomola|Alomomola, L99, M|80/100
|move|p1a: Walking Wake|Weather Ball|p2a: Alomomola
|-resisted|p2a: Alomomola
|-damage|p2a: Alomomola|45/100
|
|-weather|RainDance|[upkeep]
|-damage|p1a: Walking Wake|82/100 brn|[from] brn
|upkeep
|turn|8
|
|t:|1779662755
|move|p1a: Walking Wake|Hurricane|p2a: Alomomola
|-damage|p2a: Alomomola|8/100
|-start|p2a: Alomomola|confusion
|-activate|p2a: Alomomola|confusion
|move|p2a: Alomomola|Flip Turn|p1a: Walking Wake
|-resisted|p1a: Walking Wake
|-damage|p1a: Walking Wake|75/100 brn
|
|t:|1779662763
|switch|p2a: Landorus|Landorus-Therian, M|100/100|[from] Flip Turn
|-ability|p2a: Landorus|Intimidate|boost
|-unboost|p1a: Walking Wake|atk|1
|
|-weather|none
|-damage|p1a: Walking Wake|69/100 brn|[from] brn
|upkeep
|turn|9
|inactive|Skiddris has 120 seconds left.
|
|t:|1779662788
|-end|p1a: Walking Wake|Protosynthesis|[silent]
|switch|p1a: Politoed|Politoed, F, shiny|100/100
|-weather|RainDance|[from] ability: Drizzle|[of] p1a: Politoed
|move|p2a: Landorus|U-turn|p1a: Politoed
|-damage|p1a: Politoed|69/100
|
|t:|1779662792
|switch|p2a: Kyurem|Kyurem, tera:Ice|100/100|[from] U-turn
|-ability|p2a: Kyurem|Pressure
|
|-weather|RainDance|[upkeep]
|upkeep
|turn|10
|inactive|Skiddris has 120 seconds left.
|
|t:|1779662817
|switch|p1a: Ceruledge|Ceruledge, F, shiny|20/100
|move|p2a: Kyurem|Freeze-Dry|p1a: Ceruledge
|-resisted|p1a: Ceruledge
|-damage|p1a: Ceruledge|0 fnt
|faint|p1a: Ceruledge
|
|-weather|RainDance|[upkeep]
|upkeep
|
|t:|1779662835
|switch|p1a: Walking Wake|Walking Wake|69/100 brn
|turn|11
|
|t:|1779662859
|switch|p2a: Hatterene|Hatterene, F|100/100
|move|p1a: Walking Wake|Weather Ball|p2a: Hatterene
|-damage|p2a: Hatterene|23/100
|
|-weather|RainDance|[upkeep]
|-damage|p1a: Walking Wake|63/100 brn|[from] brn
|upkeep
|turn|12
|
|t:|1779662872
|move|p1a: Walking Wake|Weather Ball|p2a: Hatterene
|-damage|p2a: Hatterene|0 fnt
|faint|p2a: Hatterene
|
|-weather|RainDance|[upkeep]
|-damage|p1a: Walking Wake|57/100 brn|[from] brn
|upkeep
|inactive|sickofme has 120 seconds left.
|
|t:|1779662909
|switch|p2a: Landorus|Landorus-Therian, M|100/100
|-ability|p2a: Landorus|Intimidate|boost
|-unboost|p1a: Walking Wake|atk|1
|turn|13
|
|t:|1779662916
|move|p2a: Landorus|Earthquake|p1a: Walking Wake
|-damage|p1a: Walking Wake|0 fnt
|faint|p1a: Walking Wake
|-end|p1a: Walking Wake|Protosynthesis|[silent]
|
|-weather|RainDance|[upkeep]
|upkeep
|
|t:|1779662930
|switch|p1a: Salamence|Salamence, M|100/100
|-ability|p1a: Salamence|Intimidate|boost
|-unboost|p2a: Landorus|atk|1
|turn|14
|inactive|Skiddris has 90 seconds left.
|
|t:|1779662952
|switch|p2a: Weezing|Weezing-Galar, F|100/100
|-ability|p2a: Weezing|Neutralizing Gas
|move|p1a: Salamence|Outrage|p2a: Weezing
|-immune|p2a: Weezing
|
|-weather|RainDance|[upkeep]
|upkeep
|turn|15
|inactive|Skiddris has 90 seconds left.
|
|t:|1779662968
|switch|p1a: BARBI GOATESK|Whiscash, M, shiny|100/100
|move|p2a: Weezing|Will-O-Wisp|p1a: BARBI GOATESK
|-status|p1a: BARBI GOATESK|brn
|
|-weather|RainDance|[upkeep]
|-damage|p1a: BARBI GOATESK|94/100 brn|[from] brn
|upkeep
|turn|16
|inactive|Skiddris has 90 seconds left.
|inactive|Skiddris has 60 seconds left.
|
|t:|1779663004
|-end|p2a: Weezing|ability: Neutralizing Gas
|switch|p2a: Alomomola|Alomomola, L99, M|41/100
|move|p1a: BARBI GOATESK|Stealth Rock|p2a: Alomomola
|-sidestart|p2: sickofme|move: Stealth Rock
|
|-weather|none
|-damage|p1a: BARBI GOATESK|88/100 brn|[from] brn
|upkeep
|turn|17
|inactive|Skiddris has 60 seconds left.
|
|t:|1779663014
|move|p1a: BARBI GOATESK|Rain Dance|p1a: BARBI GOATESK
|-weather|RainDance
|move|p2a: Alomomola|Flip Turn|p1a: BARBI GOATESK
|-damage|p1a: BARBI GOATESK|68/100 brn
|
|t:|1779663021
|switch|p2a: Weezing|Weezing-Galar, F|100/100|[from] Flip Turn
|-ability|p2a: Weezing|Neutralizing Gas
|
|-weather|RainDance|[upkeep]
|-damage|p1a: BARBI GOATESK|62/100 brn|[from] brn
|upkeep
|turn|18
|
|t:|1779663035
|move|p1a: BARBI GOATESK|Earthquake|p2a: Weezing
|-supereffective|p2a: Weezing
|-damage|p2a: Weezing|74/100
|move|p2a: Weezing|Defog|p1a: BARBI GOATESK
|-unboost|p1a: BARBI GOATESK|evasion|1
|-sideend|p2: sickofme|Stealth Rock|[from] move: Defog|[of] p2a: Weezing
|
|-weather|RainDance|[upkeep]
|-damage|p1a: BARBI GOATESK|56/100 brn|[from] brn
|upkeep
|turn|19
|inactive|Skiddris has 60 seconds left.
|
|t:|1779663052
|switch|p1a: Salamence|Salamence, M|100/100
|move|p2a: Weezing|Strange Steam|p1a: Salamence
|-supereffective|p1a: Salamence
|-damage|p1a: Salamence|32/100
|
|-weather|RainDance|[upkeep]
|upkeep
|turn|20
|inactive|Skiddris has 60 seconds left.
|
|t:|1779663062
|move|p1a: Salamence|Iron Head|p2a: Weezing
|-supereffective|p2a: Weezing
|-damage|p2a: Weezing|2/100
|move|p2a: Weezing|Strange Steam|p1a: Salamence
|-supereffective|p1a: Salamence
|-damage|p1a: Salamence|0 fnt
|faint|p1a: Salamence
|
|-weather|RainDance|[upkeep]
|upkeep
|inactive|Skiddris has 60 seconds left.
|
|t:|1779663070
|switch|p1a: BARBI GOATESK|Whiscash, M, shiny|56/100 brn
|turn|21
|
|t:|1779663075
|move|p2a: Weezing|Strange Steam|p1a: BARBI GOATESK
|-damage|p1a: BARBI GOATESK|32/100 brn
|move|p1a: BARBI GOATESK|Stone Edge|p2a: Weezing
|-damage|p2a: Weezing|0 fnt
|faint|p2a: Weezing
|-end|p2a: Weezing|ability: Neutralizing Gas
|
|-weather|none
|-damage|p1a: BARBI GOATESK|26/100 brn|[from] brn
|upkeep
|inactive|sickofme has 120 seconds left.
|
|t:|1779663112
|switch|p2a: Kyurem|Kyurem, tera:Ice|100/100
|-ability|p2a: Kyurem|Pressure
|turn|22
|
|t:|1779663127
|-terastallize|p1a: BARBI GOATESK|Steel
|move|p2a: Kyurem|Freeze-Dry|p1a: BARBI GOATESK
|-resisted|p1a: BARBI GOATESK
|-damage|p1a: BARBI GOATESK|0 fnt
|faint|p1a: BARBI GOATESK
|
|upkeep
|
|t:|1779663135
|switch|p1a: Politoed|Politoed, F, shiny|69/100
|-weather|RainDance|[from] ability: Drizzle|[of] p1a: Politoed
|turn|23
|inactive|Skiddris has 60 seconds left.
|
|t:|1779663162
|move|p2a: Kyurem|Freeze-Dry|p1a: Politoed
|-supereffective|p1a: Politoed
|-damage|p1a: Politoed|0 fnt
|faint|p1a: Politoed
|
|win|sickofme
|raw|Skiddris's rating: 1540 &rarr; <strong>1519</strong><br />(-21 for losing)
|raw|sickofme's rating: 1520 &rarr; <strong>1541</strong><br />(+21 for winning)
|l|☆Skiddris
|player|p1|
|l|☆sickofme
|player|p2|
