|j|☆xamsir
|j|☆Hallommora
|t:|1779604235
|gametype|singles
|player|p1|xamsir|grimsley|1545
|player|p2|Hallommora|clown|1526
|gen|9
|tier|[Gen 9] OU
|rated|
|rule|HP Percentage Mod: HP is shown in percentages
|rule|Endless Battle Clause: Forcing endless battles is banned
|rule|Species Clause: Limit one of each Pokémon
|rule|OHKO Clause: OHKO moves are banned
|rule|Evasion Items Clause: Evasion items are banned
|rule|Evasion Moves Clause: Evasion moves are banned
|rule|Evasion Abilities Clause: Evasion abilities are banned
|rule|Sleep Moves Clause: Sleep-inducing moves are banned
|clearpoke
|poke|p1|Ting-Lu|
|poke|p1|Gholdengo|
|poke|p1|Enamorus, F|
|poke|p1|Gliscor, F|
|poke|p1|Ceruledge, M|
|poke|p1|Ogerpon-Wellspring, F|
|poke|p2|Garganacl, M|
|poke|p2|Gliscor, M|
|poke|p2|Clefable, F|
|poke|p2|Zamazenta-*|
|poke|p2|Gholdengo|
|poke|p2|Samurott-Hisui, M|
|teampreview
|inactive|Battle timer is ON: inactive players will automatically lose when time's up. (requested by Hallommora)
|
|t:|1779604241
|teamsize|p1|6
|teamsize|p2|6
|start
|switch|p1a: Ogerpon|Ogerpon-Wellspring, F|100/100
|switch|p2a: Samurott|Samurott-Hisui, M|100/100
|turn|1
|
|t:|1779604247
|switch|p2a: Clefable|Clefable, F|100/100
|move|p1a: Ogerpon|Horn Leech|p2a: Clefable
|-damage|p2a: Clefable|68/100
|-damage|p1a: Ogerpon|84/100|[from] item: Rocky Helmet|[of] p2a: Clefable
|
|upkeep
|turn|2
|
|t:|1779604256
|move|p1a: Ogerpon|Swords Dance|p1a: Ogerpon
|-boost|p1a: Ogerpon|atk|2
|move|p2a: Clefable|Moonblast|p1a: Ogerpon
|-damage|p1a: Ogerpon|47/100
|
|upkeep
|turn|3
|
|t:|1779604272
|-terastallize|p2a: Clefable|Poison
|move|p1a: Ogerpon|Ivy Cudgel|p2a: Clefable|[anim] Ivy Cudgel Water
|-damage|p2a: Clefable|0 fnt
|faint|p2a: Clefable
|
|upkeep
|
|t:|1779604277
|switch|p2a: Zamazenta|Zamazenta|100/100
|-ability|p2a: Zamazenta|Dauntless Shield|boost
|-boost|p2a: Zamazenta|def|1
|turn|4
|
|t:|1779604281
|switch|p1a: Gholdengo|Gholdengo|100/100
|-item|p1a: Gholdengo|Air Balloon
|move|p2a: Zamazenta|Close Combat|p1a: Gholdengo
|-immune|p1a: Gholdengo
|
|upkeep
|turn|5
|
|t:|1779604307
|switch|p1a: Enamorus|Enamorus, F|100/100
|move|p2a: Zamazenta|Crunch|p1a: Enamorus
|-resisted|p1a: Enamorus
|-damage|p1a: Enamorus|78/100
|
|upkeep
|turn|6
|
|t:|1779604314
|switch|p2a: Gholdengo|Gholdengo|100/100
|move|p1a: Enamorus|Moonblast|p2a: Gholdengo
|-resisted|p2a: Gholdengo
|-damage|p2a: Gholdengo|76/100
|-unboost|p2a: Gholdengo|spa|1
|
|upkeep
|turn|7
|
|t:|1779604318
|switch|p1a: Ting-Lu|Ting-Lu|100/100
|-ability|p1a: Ting-Lu|Vessel of Ruin
|switch|p2a: Zamazenta|Zamazenta|100/100
|
|upkeep
|turn|8
|
|t:|1779604321
|move|p2a: Zamazenta|Close Combat|p1a: Ting-Lu
|-supereffective|p1a: Ting-Lu
|-damage|p1a: Ting-Lu|31/100
|-unboost|p2a: Zamazenta|def|1
|-unboost|p2a: Zamazenta|spd|1
|move|p1a: Ting-Lu|Stealth Rock|p2a: Zamazenta
|-sidestart|p2: Hallommora|move: Stealth Rock
|
|-heal|p1a: Ting-Lu|37/100|[from] item: Leftovers
|upkeep
|turn|9
|
|t:|1779604327
|switch|p1a: Enamorus|Enamorus, F|78/100
|move|p2a: Zamazenta|Heavy Slam|p1a: Enamorus
|-supereffective|p1a: Enamorus
|-damage|p1a: Enamorus|0 fnt
|faint|p1a: Enamorus
|
|upkeep
|
|t:|1779604330
|switch|p1a: Gholdengo|Gholdengo|100/100
|-item|p1a: Gholdengo|Air Balloon
|turn|10
|inactive|Hallommora has 120 seconds left.
|
|t:|1779604367
|switch|p2a: Samurott|Samurott-Hisui, M|100/100
|move|p1a: Gholdengo|Shadow Ball|p2a: Samurott
|-resisted|p2a: Samurott
|-damage|p2a: Samurott|71/100
|-unboost|p2a: Samurott|spd|1
|
|upkeep
|turn|11
|j| Kakimori
|c|☆Hallommora|lol
|
|t:|1779604375
|move|p1a: Gholdengo|Nasty Plot|p1a: Gholdengo
|-boost|p1a: Gholdengo|spa|2
|move|p2a: Samurott|Ceaseless Edge|p1a: Gholdengo
|-supereffective|p1a: Gholdengo
|-damage|p1a: Gholdengo|1/100
|-enditem|p1a: Gholdengo|Air Balloon
|-sidestart|p1: xamsir|Spikes
|
|upkeep
|turn|12
|
|t:|1779604386
|move|p1a: Gholdengo|Make It Rain|p2a: Samurott
|-resisted|p2a: Samurott
|-damage|p2a: Samurott|0 fnt
|-unboost|p1a: Gholdengo|spa|1
|faint|p2a: Samurott
|
|upkeep
|
|t:|1779604392
|switch|p2a: Zamazenta|Zamazenta|100/100
|turn|13
|
|t:|1779604395
|move|p2a: Zamazenta|Crunch|p1a: Gholdengo
|-supereffective|p1a: Gholdengo
|-crit|p1a: Gholdengo
|-damage|p1a: Gholdengo|0 fnt
|faint|p1a: Gholdengo
|
|upkeep
|
|t:|1779604397
|switch|p1a: Gliscor|Gliscor, F|100/100
|turn|14
|
|t:|1779604406
|move|p2a: Zamazenta|Ice Fang|p1a: Gliscor
|-supereffective|p1a: Gliscor
|-damage|p1a: Gliscor|51/100
|move|p1a: Gliscor|Knock Off|p2a: Zamazenta
|-resisted|p2a: Zamazenta
|-damage|p2a: Zamazenta|91/100
|-enditem|p2a: Zamazenta|Heavy-Duty Boots|[from] move: Knock Off|[of] p1a: Gliscor
|
|-status|p1a: Gliscor|tox|[from] item: Toxic Orb
|upkeep
|turn|15
|
|t:|1779604419
|switch|p2a: Gliscor|Gliscor, M|100/100
|-damage|p2a: Gliscor|88/100|[from] Stealth Rock
|move|p1a: Gliscor|Protect||[still]
|-fail|p1a: Gliscor
|
|-heal|p1a: Gliscor|63/100 tox|[from] ability: Poison Heal
|-status|p2a: Gliscor|tox|[from] item: Toxic Orb
|upkeep
|turn|16
|
|t:|1779604429
|switch|p2a: Zamazenta|Zamazenta|91/100
|-damage|p2a: Zamazenta|85/100|[from] Stealth Rock
|switch|p1a: Ting-Lu|Ting-Lu|37/100
|-damage|p1a: Ting-Lu|25/100|[from] Spikes
|-ability|p1a: Ting-Lu|Vessel of Ruin
|
|-heal|p1a: Ting-Lu|31/100|[from] item: Leftovers
|upkeep
|turn|17
|
|t:|1779604433
|move|p2a: Zamazenta|Close Combat|p1a: Ting-Lu
|-supereffective|p1a: Ting-Lu
|-damage|p1a: Ting-Lu|0 fnt
|-unboost|p2a: Zamazenta|def|1
|-unboost|p2a: Zamazenta|spd|1
|faint|p1a: Ting-Lu
|
|upkeep
|
|t:|1779604437
|switch|p1a: Ceruledge|Ceruledge, M|100/100
|turn|18
|l| Kakimori
|
|t:|1779604462
|switch|p2a: Garganacl|Garganacl, M|100/100
|-terastallize|p1a: Ceruledge|Bug
|move|p1a: Ceruledge|Swords Dance|p1a: Ceruledge
|-boost|p1a: Ceruledge|atk|2
|
|upkeep
|turn|19
|
|t:|1779604466
|move|p1a: Ceruledge|Close Combat|p2a: Garganacl
|-supereffective|p2a: Garganacl
|-damage|p2a: Garganacl|5/100
|-unboost|p1a: Ceruledge|def|1
|-unboost|p1a: Ceruledge|spd|1
|move|p2a: Garganacl|Iron Defense|p2a: Garganacl
|-boost|p2a: Garganacl|def|2
|
|upkeep
|turn|20
|
|t:|1779604480
|move|p1a: Ceruledge|Bitter Blade|p2a: Garganacl
|-resisted|p2a: Garganacl
|-damage|p2a: Garganacl|0 fnt
|faint|p2a: Garganacl
|
|upkeep
|inactive|Hallommora has 120 seconds left.
|
|t:|1779604506
|switch|p2a: Gliscor|Gliscor, M|88/100 tox
|-damage|p2a: Gliscor|76/100 tox|[from] Stealth Rock
|turn|21
|
|t:|1779604511
|move|p1a: Ceruledge|Bitter Blade|p2a: Gliscor
|-damage|p2a: Gliscor|17/100 tox
|move|p2a: Gliscor|Toxic|p1a: Ceruledge
|-status|p1a: Ceruledge|tox
|
|-damage|p1a: Ceruledge|94/100 tox|[from] psn
|-heal|p2a: Gliscor|30/100 tox|[from] ability: Poison Heal
|upkeep
|turn|22
|inactive|Hallommora has 120 seconds left.
|
|t:|1779604535
|move|p1a: Ceruledge|Swords Dance|p1a: Ceruledge
|-boost|p1a: Ceruledge|atk|2
|move|p2a: Gliscor|Earthquake|p1a: Ceruledge
|-resisted|p1a: Ceruledge
|-damage|p1a: Ceruledge|59/100 tox
|
|-damage|p1a: Ceruledge|47/100 tox|[from] psn
|-heal|p2a: Gliscor|42/100 tox|[from] ability: Poison Heal
|upkeep
|turn|23
|
|t:|1779604542
|move|p2a: Gliscor|Protect|p2a: Gliscor
|-singleturn|p2a: Gliscor|Protect
|move|p1a: Ceruledge|Bitter Blade|p2a: Gliscor
|-activate|p2a: Gliscor|move: Protect
|
|-damage|p1a: Ceruledge|28/100 tox|[from] psn
|-heal|p2a: Gliscor|54/100 tox|[from] ability: Poison Heal
|upkeep
|turn|24
|
|t:|1779604552
|move|p2a: Gliscor|Protect||[still]
|-fail|p2a: Gliscor
|move|p1a: Ceruledge|Bitter Blade|p2a: Gliscor
|-damage|p2a: Gliscor|0 fnt
|-heal|p1a: Ceruledge|61/100 tox|[from] drain|[of] p2a: Gliscor
|faint|p2a: Gliscor
|
|-damage|p1a: Ceruledge|37/100 tox|[from] psn
|upkeep
|
|t:|1779604558
|switch|p2a: Zamazenta|Zamazenta|85/100
|-damage|p2a: Zamazenta|79/100|[from] Stealth Rock
|turn|25
|
|t:|1779604562
|move|p1a: Ceruledge|Shadow Sneak|p2a: Zamazenta
|-crit|p2a: Zamazenta
|-damage|p2a: Zamazenta|0 fnt
|faint|p2a: Zamazenta
|
|-damage|p1a: Ceruledge|6/100 tox|[from] psn
|upkeep
|-message|Hallommora forfeited.
|
|win|xamsir
|raw|xamsir's rating: 1545 &rarr; <strong>1564</strong><br />(+19 for winning)
|raw|Hallommora's rating: 1526 &rarr; <strong>1507</strong><br />(-19 for losing)
|l|☆Hallommora
|player|p2|
|l|☆xamsir
|player|p1|
