|j|☆MeioPotato
|j|☆Elite Four Ozzy
|t:|1779572027
|gametype|singles
|player|p1|MeioPotato|rosa|1491
|player|p2|Elite Four Ozzy|101|1512
|gen|9
|tier|[Gen 9] OU
|rated|
|rule|HP Percentage Mod: HP is shown in percentages
|rule|Endless Battle Clause: Forcing endless battles is banned
|rule|Species Clause: Limit one of each Pokémon
|rule|OHKO Clause: OHKO moves are banned
|rule|Evasion Items Clause: Evasion items are banned
|rule|Evasion Moves Clause: Evasion moves are banned
|rule|Evasion Abilities Clause: Evasion abilities are banned
|rule|Sleep Moves Clause: Sleep-inducing moves are banned
|clearpoke
|poke|p1|Latias, F|
|poke|p1|Iron Moth|
|poke|p1|Polteageist|
|poke|p1|Ogerpon-Wellspring, F|
|poke|p1|Kingambit, M|
|poke|p1|Zamazenta-*|
|poke|p2|Dragapult, F|
|poke|p2|Ting-Lu|
|poke|p2|Kingambit, M|
|poke|p2|Gholdengo|
|poke|p2|Dragonite, M|
|poke|p2|Ogerpon-Wellspring, F|
|teampreview
|inactive|Battle timer is ON: inactive players will automatically lose when time's up. (requested by MeioPotato)
|
|t:|1779572044
|teamsize|p1|6
|teamsize|p2|6
|start
|switch|p1a: Kinkajou|Ogerpon-Wellspring, F|100/100
|switch|p2a: Dragapult|Dragapult, F|100/100
|turn|1
|
|t:|1779572049
|move|p2a: Dragapult|U-turn|p1a: Kinkajou
|-supereffective|p1a: Kinkajou
|-damage|p1a: Kinkajou|56/100
|
|t:|1779572054
|switch|p2a: Ogerpon|Ogerpon-Wellspring, F|100/100|[from] U-turn
|move|p1a: Kinkajou|Swords Dance|p1a: Kinkajou
|-boost|p1a: Kinkajou|atk|2
|
|upkeep
|turn|2
|
|t:|1779572071
|switch|p2a: Ting-Lu|Ting-Lu|100/100
|-ability|p2a: Ting-Lu|Vessel of Ruin
|move|p1a: Kinkajou|Horn Leech|p2a: Ting-Lu
|-supereffective|p2a: Ting-Lu
|-damage|p2a: Ting-Lu|1/100
|-heal|p1a: Kinkajou|100/100|[from] drain|[of] p2a: Ting-Lu
|-damage|p1a: Kinkajou|84/100|[from] item: Rocky Helmet|[of] p2a: Ting-Lu
|
|upkeep
|turn|3
|
|t:|1779572082
|move|p1a: Kinkajou|Ivy Cudgel|p2a: Ting-Lu|[anim] Ivy Cudgel Water
|-supereffective|p2a: Ting-Lu
|-damage|p2a: Ting-Lu|0 fnt
|faint|p2a: Ting-Lu
|
|upkeep
|
|t:|1779572089
|switch|p2a: Dragapult|Dragapult, F|100/100
|turn|4
|
|t:|1779572093
|move|p2a: Dragapult|Thunder Wave|p1a: Kinkajou
|-status|p1a: Kinkajou|par
|cant|p1a: Kinkajou|par
|
|upkeep
|turn|5
|
|t:|1779572099
|move|p2a: Dragapult|U-turn|p1a: Kinkajou
|-supereffective|p1a: Kinkajou
|-damage|p1a: Kinkajou|37/100 par
|
|t:|1779572102
|switch|p2a: Dragonite|Dragonite, M|100/100|[from] U-turn
|move|p1a: Kinkajou|Knock Off|p2a: Dragonite
|-damage|p2a: Dragonite|64/100
|-enditem|p2a: Dragonite|Heavy-Duty Boots|[from] move: Knock Off|[of] p1a: Kinkajou
|
|upkeep
|turn|6
|
|t:|1779572108
|move|p2a: Dragonite|Roost|p2a: Dragonite
|-heal|p2a: Dragonite|100/100
|-singleturn|p2a: Dragonite|move: Roost
|move|p1a: Kinkajou|Knock Off|p2a: Dragonite
|-damage|p2a: Dragonite|75/100
|
|upkeep
|turn|7
|
|t:|1779572111
|move|p2a: Dragonite|Roost|p2a: Dragonite
|-heal|p2a: Dragonite|100/100
|-singleturn|p2a: Dragonite|move: Roost
|move|p1a: Kinkajou|Knock Off|p2a: Dragonite
|-damage|p2a: Dragonite|76/100
|
|upkeep
|turn|8
|
|t:|1779572114
|move|p2a: Dragonite|Roost|p2a: Dragonite
|-heal|p2a: Dragonite|100/100
|-singleturn|p2a: Dragonite|move: Roost
|move|p1a: Kinkajou|Knock Off|p2a: Dragonite
|-damage|p2a: Dragonite|74/100
|
|upkeep
|turn|9
|
|t:|1779572120
|move|p2a: Dragonite|Roost|p2a: Dragonite
|-heal|p2a: Dragonite|100/100
|-singleturn|p2a: Dragonite|move: Roost
|move|p1a: Kinkajou|Knock Off|p2a: Dragonite
|-damage|p2a: Dragonite|75/100
|
|upkeep
|turn|10
|
|t:|1779572126
|move|p2a: Dragonite|Roost|p2a: Dragonite
|-heal|p2a: Dragonite|100/100
|-singleturn|p2a: Dragonite|move: Roost
|cant|p1a: Kinkajou|par
|
|upkeep
|turn|11
|
|t:|1779572138
|move|p2a: Dragonite|Extreme Speed|p1a: Kinkajou
|-damage|p1a: Kinkajou|0 fnt
|faint|p1a: Kinkajou
|
|upkeep
|
|t:|1779572152
|switch|p1a: Boa|Polteageist|100/100
|turn|12
|
|t:|1779572166
|move|p1a: Boa|Shadow Ball|p2a: Dragonite
|-damage|p2a: Dragonite|80/100
|move|p2a: Dragonite|Earthquake|p1a: Boa
|-damage|p1a: Boa|22/100
|-ability|p1a: Boa|Weak Armor|boost
|-unboost|p1a: Boa|def|1
|-boost|p1a: Boa|spe|2
|
|upkeep
|turn|13
|
|t:|1779572172
|move|p1a: Boa|Shadow Ball|p2a: Dragonite
|-damage|p2a: Dragonite|33/100
|-unboost|p2a: Dragonite|spd|1
|move|p2a: Dragonite|Earthquake|p1a: Boa
|-damage|p1a: Boa|0 fnt
|faint|p1a: Boa
|
|upkeep
|
|t:|1779572177
|switch|p1a: Luna|Iron Moth|100/100
|turn|14
|
|t:|1779572187
|move|p2a: Dragonite|Extreme Speed|p1a: Luna
|-damage|p1a: Luna|47/100
|move|p1a: Luna|Fiery Dance|p2a: Dragonite
|-resisted|p2a: Dragonite
|-damage|p2a: Dragonite|1/100
|-boost|p1a: Luna|spa|1
|
|upkeep
|turn|15
|
|t:|1779572207
|move|p2a: Dragonite|Extreme Speed|p1a: Luna
|-damage|p1a: Luna|0 fnt
|faint|p1a: Luna
|-end|p1a: Luna|Quark Drive|[silent]
|
|upkeep
|
|t:|1779572213
|switch|p1a: Peril|Zamazenta|100/100
|-ability|p1a: Peril|Dauntless Shield|boost
|-boost|p1a: Peril|def|1
|turn|16
|inactive|Elite Four Ozzy has 120 seconds left.
|
|t:|1779572264
|move|p1a: Peril|Crunch|p2a: Dragonite
|-damage|p2a: Dragonite|0 fnt
|faint|p2a: Dragonite
|
|upkeep
|
|t:|1779572272
|switch|p2a: Ogerpon|Ogerpon-Wellspring, F|100/100
|turn|17
|
|t:|1779572279
|move|p1a: Peril|Iron Defense|p1a: Peril
|-boost|p1a: Peril|def|2
|move|p2a: Ogerpon|Play Rough|p1a: Peril|[miss]
|-miss|p2a: Ogerpon|p1a: Peril
|
|upkeep
|turn|18
|
|t:|1779572288
|switch|p2a: Dragapult|Dragapult, F|100/100
|move|p1a: Peril|Body Press|p2a: Dragapult
|-immune|p2a: Dragapult
|
|upkeep
|turn|19
|
|t:|1779572291
|-terastallize|p1a: Peril|Fire
|move|p2a: Dragapult|Thunder Wave|p1a: Peril
|-status|p1a: Peril|par
|move|p1a: Peril|Crunch|p2a: Dragapult
|-supereffective|p2a: Dragapult
|-damage|p2a: Dragapult|27/100
|-unboost|p2a: Dragapult|def|1
|
|upkeep
|turn|20
|inactive|Elite Four Ozzy has 120 seconds left.
|
|t:|1779572303
|move|p2a: Dragapult|U-turn|p1a: Peril
|-resisted|p1a: Peril
|-damage|p1a: Peril|97/100 par
|
|t:|1779572306
|switch|p2a: Ogerpon|Ogerpon-Wellspring, F|100/100|[from] U-turn
|move|p1a: Peril|Crunch|p2a: Ogerpon
|-damage|p2a: Ogerpon|65/100
|
|-heal|p1a: Peril|100/100 par|[from] item: Leftovers
|upkeep
|turn|21
|inactive|Elite Four Ozzy has 120 seconds left.
|
|t:|1779572318
|move|p2a: Ogerpon|Ivy Cudgel|p1a: Peril|[anim] Ivy Cudgel Water
|-supereffective|p1a: Peril
|-crit|p1a: Peril
|-damage|p1a: Peril|0 fnt
|faint|p1a: Peril
|
|upkeep
|
|t:|1779572322
|switch|p1a: Clearsight|Latias, F|100/100
|turn|22
|
|t:|1779572329
|move|p2a: Ogerpon|Swords Dance|p2a: Ogerpon
|-boost|p2a: Ogerpon|atk|2
|move|p1a: Clearsight|Agility|p1a: Clearsight
|-boost|p1a: Clearsight|spe|2
|
|upkeep
|turn|23
|
|t:|1779572337
|move|p1a: Clearsight|Stored Power|p2a: Ogerpon
|-damage|p2a: Ogerpon|34/100
|move|p2a: Ogerpon|Knock Off|p1a: Clearsight
|-supereffective|p1a: Clearsight
|-damage|p1a: Clearsight|0 fnt
|-enditem|p1a: Clearsight|Weakness Policy|[from] move: Knock Off|[of] p2a: Ogerpon
|faint|p1a: Clearsight
|
|upkeep
|
|t:|1779572343
|switch|p1a: Darkstalker|Kingambit, M|100/100
|turn|24
|
|t:|1779572356
|move|p1a: Darkstalker|Sucker Punch|p2a: Ogerpon
|-crit|p2a: Ogerpon
|-damage|p2a: Ogerpon|0 fnt
|faint|p2a: Ogerpon
|
|upkeep
|inactive|Elite Four Ozzy has 120 seconds left.
|
|t:|1779572395
|switch|p2a: Kingambit|Kingambit, M|100/100
|-activate|p2a: Kingambit|ability: Supreme Overlord
|-start|p2a: Kingambit|fallen3|[silent]
|turn|25
|
|t:|1779572399
|move|p1a: Darkstalker|Low Kick|p2a: Kingambit
|-supereffective|p2a: Kingambit
|-damage|p2a: Kingambit|0 fnt
|faint|p2a: Kingambit
|-end|p2a: Kingambit|fallen3|[silent]
|
|upkeep
|inactive|Elite Four Ozzy has 120 seconds left.
|
|t:|1779572412
|switch|p2a: Dragapult|Dragapult, F|27/100
|turn|26
|
|t:|1779572416
|move|p2a: Dragapult|Thunder Wave|p1a: Darkstalker
|-status|p1a: Darkstalker|par
|move|p1a: Darkstalker|Iron Head|p2a: Dragapult
|-damage|p2a: Dragapult|0 fnt
|faint|p2a: Dragapult
|
|upkeep
|
|t:|1779572419
|switch|p2a: Gholdengo|Gholdengo|100/100
|turn|27
|inactive|Elite Four Ozzy has 120 seconds left.
|
|t:|1779572440
|-terastallize|p2a: Gholdengo|Steel
|move|p1a: Darkstalker|Sucker Punch|p2a: Gholdengo
|-damage|p2a: Gholdengo|56/100
|move|p2a: Gholdengo|Focus Blast|p1a: Darkstalker
|-supereffective|p1a: Darkstalker
|-damage|p1a: Darkstalker|0 fnt
|faint|p1a: Darkstalker
|
|win|Elite Four Ozzy
|raw|MeioPotato's rating: 1491 &rarr; <strong>1472</strong><br />(-19 for losing)
|raw|Elite Four Ozzy's rating: 1512 &rarr; <strong>1531</strong><br />(+19 for winning)
|l|☆MeioPotato
|player|p1|
|l|☆Elite Four Ozzy
|player|p2|
