|j|☆Fessoune
|j|☆engeruzimmer
|t:|1779584251
|gametype|singles
|player|p1|Fessoune|clair|1184
|player|p2|engeruzimmer|266|1142
|gen|9
|tier|[Gen 9] OU
|rated|
|rule|HP Percentage Mod: HP is shown in percentages
|rule|Endless Battle Clause: Forcing endless battles is banned
|rule|Species Clause: Limit one of each Pokémon
|rule|OHKO Clause: OHKO moves are banned
|rule|Evasion Items Clause: Evasion items are banned
|rule|Evasion Moves Clause: Evasion moves are banned
|rule|Evasion Abilities Clause: Evasion abilities are banned
|rule|Sleep Moves Clause: Sleep-inducing moves are banned
|clearpoke
|poke|p1|Rillaboom, M|
|poke|p1|Hawlucha, F|
|poke|p1|Gholdengo|
|poke|p1|Glimmora, M|
|poke|p1|Meowscarada, M|
|poke|p1|Raging Bolt|
|poke|p2|Skeledirge, F|
|poke|p2|Sableye, F|
|poke|p2|Torkoal, M|
|poke|p2|Gastrodon, M|
|poke|p2|Salamence, F|
|poke|p2|Victreebel, M|
|teampreview
|
|t:|1779584264
|teamsize|p1|6
|teamsize|p2|6
|start
|switch|p1a: Glimmora|Glimmora, M|100/100
|switch|p2a: Sableye|Sableye, F|100/100
|turn|1
|inactive|Battle timer is ON: inactive players will automatically lose when time's up. (requested by Fessoune)
|
|t:|1779584272
|move|p2a: Sableye|Light Screen|p2a: Sableye
|-sidestart|p2: engeruzimmer|move: Light Screen
|move|p1a: Glimmora|Stealth Rock|p2a: Sableye
|-sidestart|p2: engeruzimmer|move: Stealth Rock
|
|upkeep
|turn|2
|
|t:|1779584286
|move|p2a: Sableye|Will-O-Wisp|p1a: Glimmora
|-status|p1a: Glimmora|brn
|move|p1a: Glimmora|Mortal Spin|p2a: Sableye
|-resisted|p2a: Sableye
|-damage|p2a: Sableye|99/100
|-status|p2a: Sableye|psn
|
|-damage|p2a: Sableye|87/100 psn|[from] psn
|-damage|p1a: Glimmora|94/100 brn|[from] brn
|upkeep
|turn|3
|
|t:|1779584306
|switch|p1a: Rillaboom|Rillaboom, M|100/100
|-fieldstart|move: Grassy Terrain|[from] ability: Grassy Surge|[of] p1a: Rillaboom
|move|p2a: Sableye|Reflect|p2a: Sableye
|-sidestart|p2: engeruzimmer|Reflect
|
|-heal|p2a: Sableye|93/100 psn|[from] Grassy Terrain
|-damage|p2a: Sableye|80/100 psn|[from] psn
|upkeep
|turn|4
|
|t:|1779584319
|switch|p1a: Gholdengo|Gholdengo|100/100
|move|p2a: Sableye|Will-O-Wisp|p1a: Gholdengo
|-immune|p1a: Gholdengo|[from] ability: Good as Gold
|
|-heal|p2a: Sableye|87/100 psn|[from] Grassy Terrain
|-damage|p2a: Sableye|74/100 psn|[from] psn
|upkeep
|turn|5
|
|t:|1779584332
|switch|p2a: Torkoal|Torkoal, M|100/100
|-damage|p2a: Torkoal|75/100|[from] Stealth Rock
|-weather|SunnyDay|[from] ability: Drought|[of] p2a: Torkoal
|move|p1a: Gholdengo|Shadow Ball|p2a: Torkoal
|-damage|p2a: Torkoal|47/100
|-unboost|p2a: Torkoal|spd|1
|
|-weather|SunnyDay|[upkeep]
|-heal|p2a: Torkoal|53/100|[from] Grassy Terrain
|upkeep
|turn|6
|
|t:|1779584348
|switch|p1a: Glimmora|Glimmora, M|94/100 brn
|move|p2a: Torkoal|Weather Ball|p1a: Glimmora
|-resisted|p1a: Glimmora
|-crit|p1a: Glimmora
|-damage|p1a: Glimmora|49/100 brn
|-enditem|p1a: Glimmora|Red Card|[of] p2a: Torkoal
|drag|p2a: Sableye|Sableye, F|74/100 psn
|-damage|p2a: Sableye|62/100 psn|[from] Stealth Rock
|
|-weather|SunnyDay|[upkeep]
|-heal|p1a: Glimmora|56/100 brn|[from] Grassy Terrain
|-heal|p2a: Sableye|68/100 psn|[from] Grassy Terrain
|-damage|p2a: Sableye|55/100 psn|[from] psn
|-damage|p1a: Glimmora|49/100 brn|[from] brn
|upkeep
|turn|7
|inactive|Fessoune has 120 seconds left.
|inactive|engeruzimmer has 120 seconds left.
|
|t:|1779584382
|move|p2a: Sableye|Recover|p2a: Sableye
|-heal|p2a: Sableye|100/100 psn
|move|p1a: Glimmora|Power Gem|p2a: Sableye
|-damage|p2a: Sableye|74/100 psn
|
|-weather|SunnyDay|[upkeep]
|-heal|p1a: Glimmora|56/100 brn|[from] Grassy Terrain
|-heal|p2a: Sableye|80/100 psn|[from] Grassy Terrain
|-damage|p2a: Sableye|68/100 psn|[from] psn
|-damage|p1a: Glimmora|49/100 brn|[from] brn
|upkeep
|turn|8
|inactive|engeruzimmer has 120 seconds left.
|
|t:|1779584403
|switch|p2a: Salamence|Salamence, F, shiny|100/100
|move|p1a: Glimmora|Power Gem|p2a: Salamence
|-supereffective|p2a: Salamence
|-crit|p2a: Salamence
|-damage|p2a: Salamence|0 fnt
|faint|p2a: Salamence
|
|-weather|SunnyDay|[upkeep]
|-heal|p1a: Glimmora|56/100 brn|[from] Grassy Terrain
|-damage|p1a: Glimmora|49/100 brn|[from] brn
|-sideend|p2: engeruzimmer|move: Light Screen
|upkeep
|c|☆Fessoune|???
|
|t:|1779584413
|switch|p2a: Victreebel|Victreebel, M, shiny|100/100
|-damage|p2a: Victreebel|88/100|[from] Stealth Rock
|turn|9
|inactive|Fessoune has 120 seconds left.
|
|t:|1779584432
|move|p2a: Victreebel|Growth|p2a: Victreebel
|-boost|p2a: Victreebel|atk|2
|-boost|p2a: Victreebel|spa|2
|move|p1a: Glimmora|Sludge Wave|p2a: Victreebel
|-damage|p2a: Victreebel|12/100
|
|-weather|SunnyDay|[upkeep]
|-heal|p2a: Victreebel|18/100|[from] Grassy Terrain
|-heal|p1a: Glimmora|56/100 brn|[from] Grassy Terrain
|-damage|p1a: Glimmora|49/100 brn|[from] brn
|upkeep
|turn|10
|inactive|engeruzimmer has 120 seconds left.
|
|t:|1779584454
|move|p2a: Victreebel|Solar Beam||[still]
|-prepare|p2a: Victreebel|Solar Beam
|-anim|p2a: Victreebel|Solar Beam|p1a: Glimmora
|-damage|p1a: Glimmora|0 fnt
|faint|p1a: Glimmora
|
|-weather|SunnyDay|[upkeep]
|-heal|p2a: Victreebel|24/100|[from] Grassy Terrain
|-sideend|p2: engeruzimmer|Reflect
|-fieldend|move: Grassy Terrain
|upkeep
|
|t:|1779584471
|switch|p1a: Rillaboom|Rillaboom, M|100/100
|-fieldstart|move: Grassy Terrain|[from] ability: Grassy Surge|[of] p1a: Rillaboom
|turn|11
|
|t:|1779584482
|-terastallize|p2a: Victreebel|Fire
|move|p2a: Victreebel|Weather Ball|p1a: Rillaboom
|-supereffective|p1a: Rillaboom
|-damage|p1a: Rillaboom|0 fnt
|faint|p1a: Rillaboom
|
|-weather|SunnyDay|[upkeep]
|-heal|p2a: Victreebel|30/100|[from] Grassy Terrain
|upkeep
|
|t:|1779584492
|switch|p1a: Hawlucha|Hawlucha, F|100/100
|-enditem|p1a: Hawlucha|Grassy Seed
|-boost|p1a: Hawlucha|def|1|[from] item: Grassy Seed
|turn|12
|inactive|engeruzimmer has 120 seconds left.
|
|t:|1779584501
|move|p1a: Hawlucha|Acrobatics|p2a: Victreebel
|-damage|p2a: Victreebel|0 fnt
|faint|p2a: Victreebel
|
|-weather|none
|upkeep
|inactive|engeruzimmer has 120 seconds left.
|
|t:|1779584507
|switch|p2a: Sableye|Sableye, F|68/100 psn
|-damage|p2a: Sableye|55/100 psn|[from] Stealth Rock
|turn|13
|inactive|Fessoune has 120 seconds left.
|
|t:|1779584515
|move|p2a: Sableye|Recover|p2a: Sableye
|-heal|p2a: Sableye|100/100 psn
|move|p1a: Hawlucha|Acrobatics|p2a: Sableye
|-damage|p2a: Sableye|41/100 psn
|
|-heal|p2a: Sableye|48/100 psn|[from] Grassy Terrain
|-damage|p2a: Sableye|35/100 psn|[from] psn
|upkeep
|turn|14
|
|t:|1779584524
|move|p2a: Sableye|Will-O-Wisp|p1a: Hawlucha
|-status|p1a: Hawlucha|brn
|move|p1a: Hawlucha|Swords Dance|p1a: Hawlucha
|-boost|p1a: Hawlucha|atk|2
|
|-heal|p2a: Sableye|41/100 psn|[from] Grassy Terrain
|-damage|p2a: Sableye|29/100 psn|[from] psn
|-damage|p1a: Hawlucha|94/100 brn|[from] brn
|upkeep
|turn|15
|
|t:|1779584535
|move|p2a: Sableye|Reflect|p2a: Sableye
|-sidestart|p2: engeruzimmer|Reflect
|move|p1a: Hawlucha|Swords Dance|p1a: Hawlucha
|-boost|p1a: Hawlucha|atk|2
|
|-heal|p2a: Sableye|35/100 psn|[from] Grassy Terrain
|-damage|p2a: Sableye|23/100 psn|[from] psn
|-damage|p1a: Hawlucha|88/100 brn|[from] brn
|upkeep
|turn|16
|
|t:|1779584544
|move|p2a: Sableye|Recover|p2a: Sableye
|-heal|p2a: Sableye|73/100 psn
|move|p1a: Hawlucha|Swords Dance|p1a: Hawlucha
|-boost|p1a: Hawlucha|atk|2
|
|-heal|p2a: Sableye|79/100 psn|[from] Grassy Terrain
|-damage|p2a: Sableye|66/100 psn|[from] psn
|-damage|p1a: Hawlucha|82/100 brn|[from] brn
|upkeep
|turn|17
|
|t:|1779584559
|move|p2a: Sableye|Light Screen|p2a: Sableye
|-sidestart|p2: engeruzimmer|move: Light Screen
|move|p1a: Hawlucha|Substitute|p1a: Hawlucha
|-start|p1a: Hawlucha|Substitute
|-damage|p1a: Hawlucha|57/100 brn
|
|-heal|p2a: Sableye|73/100 psn|[from] Grassy Terrain
|-damage|p2a: Sableye|60/100 psn|[from] psn
|-damage|p1a: Hawlucha|51/100 brn|[from] brn
|upkeep
|turn|18
|
|t:|1779584570
|switch|p2a: Skeledirge|Skeledirge, F|100/100
|-damage|p2a: Skeledirge|75/100|[from] Stealth Rock
|-terastallize|p1a: Hawlucha|Flying
|move|p1a: Hawlucha|Acrobatics|p2a: Skeledirge
|-damage|p2a: Skeledirge|62/100
|
|-heal|p2a: Skeledirge|68/100|[from] Grassy Terrain
|-heal|p2a: Skeledirge|75/100|[from] item: Leftovers
|-damage|p1a: Hawlucha|45/100 brn|[from] brn
|-fieldend|move: Grassy Terrain
|upkeep
|turn|19
|inactive|Fessoune has 120 seconds left.
|
|t:|1779584593
|switch|p1a: Raging Bolt|Raging Bolt|100/100
|-enditem|p1a: Raging Bolt|Booster Energy
|-activate|p1a: Raging Bolt|ability: Protosynthesis|[fromitem]
|-start|p1a: Raging Bolt|protosynthesisspa
|move|p2a: Skeledirge|Torch Song|p1a: Raging Bolt
|-resisted|p1a: Raging Bolt
|-damage|p1a: Raging Bolt|87/100
|-boost|p2a: Skeledirge|spa|1
|
|-heal|p2a: Skeledirge|81/100|[from] item: Leftovers
|upkeep
|turn|20
|inactive|Fessoune has 120 seconds left.
|
|t:|1779584612
|switch|p2a: Gastrodon|Gastrodon, M|100/100
|-damage|p2a: Gastrodon|94/100|[from] Stealth Rock
|move|p1a: Raging Bolt|Thunderbolt|p2a: Gastrodon
|-immune|p2a: Gastrodon
|
|-heal|p2a: Gastrodon|100/100|[from] item: Leftovers
|upkeep
|turn|21
|inactive|Fessoune has 120 seconds left.
|
|t:|1779584622
|-end|p1a: Raging Bolt|Protosynthesis|[silent]
|switch|p1a: Meowscarada|Meowscarada, M|100/100
|move|p2a: Gastrodon|Spikes|p1a: Meowscarada
|-sidestart|p1: Fessoune|Spikes
|
|upkeep
|turn|22
|inactive|Fessoune has 120 seconds left.
|
|t:|1779584631
|switch|p2a: Torkoal|Torkoal, M|53/100
|-damage|p2a: Torkoal|28/100|[from] Stealth Rock
|-weather|SunnyDay|[from] ability: Drought|[of] p2a: Torkoal
|move|p1a: Meowscarada|Flower Trick|p2a: Torkoal
|-start|p1a: Meowscarada|typechange|Grass|[from] ability: Protean
|-resisted|p2a: Torkoal
|-crit|p2a: Torkoal
|-damage|p2a: Torkoal|5/100
|
|-weather|SunnyDay|[upkeep]
|-sideend|p2: engeruzimmer|Reflect
|upkeep
|turn|23
|inactive|Fessoune has 120 seconds left.
|
|t:|1779584646
|move|p1a: Meowscarada|Flower Trick|p2a: Torkoal
|-resisted|p2a: Torkoal
|-crit|p2a: Torkoal
|-damage|p2a: Torkoal|0 fnt
|faint|p2a: Torkoal
|
|-weather|SunnyDay|[upkeep]
|upkeep
|
|t:|1779584652
|switch|p2a: Sableye|Sableye, F|60/100 psn
|-damage|p2a: Sableye|48/100 psn|[from] Stealth Rock
|turn|24
|
|t:|1779584656
|move|p2a: Sableye|Recover|p2a: Sableye
|-heal|p2a: Sableye|98/100 psn
|move|p1a: Meowscarada|Flower Trick|p2a: Sableye
|-crit|p2a: Sableye
|-damage|p2a: Sableye|15/100 psn
|
|-weather|SunnyDay|[upkeep]
|-damage|p2a: Sableye|3/100 psn|[from] psn
|-sideend|p2: engeruzimmer|move: Light Screen
|upkeep
|turn|25
|
|t:|1779584666
|move|p2a: Sableye|Will-O-Wisp|p1a: Meowscarada
|-status|p1a: Meowscarada|brn
|move|p1a: Meowscarada|Flower Trick|p2a: Sableye
|-crit|p2a: Sableye
|-damage|p2a: Sableye|0 fnt
|faint|p2a: Sableye
|
|-weather|SunnyDay|[upkeep]
|-damage|p1a: Meowscarada|94/100 brn|[from] brn
|upkeep
|
|t:|1779584676
|switch|p2a: Skeledirge|Skeledirge, F|81/100
|-damage|p2a: Skeledirge|56/100|[from] Stealth Rock
|turn|26
|
|t:|1779584687
|switch|p1a: Hawlucha|Hawlucha, F, tera:Flying|45/100 brn
|move|p2a: Skeledirge|Slack Off|p2a: Skeledirge
|-heal|p2a: Skeledirge|100/100
|
|-weather|SunnyDay|[upkeep]
|-damage|p1a: Hawlucha|39/100 brn|[from] brn
|upkeep
|turn|27
|
|t:|1779584699
|move|p1a: Hawlucha|Acrobatics|p2a: Skeledirge
|-damage|p2a: Skeledirge|74/100
|move|p2a: Skeledirge|Torch Song|p1a: Hawlucha
|-damage|p1a: Hawlucha|0 fnt
|-boost|p2a: Skeledirge|spa|1
|faint|p1a: Hawlucha
|
|-weather|SunnyDay|[upkeep]
|-heal|p2a: Skeledirge|80/100|[from] item: Leftovers
|upkeep
|
|t:|1779584711
|switch|p1a: Meowscarada|Meowscarada, M|94/100 brn
|-damage|p1a: Meowscarada|82/100 brn|[from] Spikes
|turn|28
|
|t:|1779584716
|move|p1a: Meowscarada|Knock Off|p2a: Skeledirge
|-start|p1a: Meowscarada|typechange|Dark|[from] ability: Protean
|-supereffective|p2a: Skeledirge
|-damage|p2a: Skeledirge|21/100
|-enditem|p2a: Skeledirge|Leftovers|[from] move: Knock Off|[of] p1a: Meowscarada
|move|p2a: Skeledirge|Torch Song|p1a: Meowscarada
|-damage|p1a: Meowscarada|0 fnt
|-boost|p2a: Skeledirge|spa|1
|faint|p1a: Meowscarada
|
|-weather|SunnyDay|[upkeep]
|upkeep
|
|t:|1779584738
|switch|p1a: Gholdengo|Gholdengo|100/100
|-damage|p1a: Gholdengo|88/100|[from] Spikes
|turn|29
|
|t:|1779584746
|move|p1a: Gholdengo|Shadow Ball|p2a: Skeledirge
|-supereffective|p2a: Skeledirge
|-damage|p2a: Skeledirge|0 fnt
|faint|p2a: Skeledirge
|
|-weather|none
|upkeep
|
|t:|1779584751
|switch|p2a: Gastrodon|Gastrodon, M|100/100
|-damage|p2a: Gastrodon|94/100|[from] Stealth Rock
|turn|30
|
|t:|1779584756
|move|p1a: Gholdengo|Shadow Ball|p2a: Gastrodon
|-damage|p2a: Gastrodon|61/100
|move|p2a: Gastrodon|Earth Power|p1a: Gholdengo
|-supereffective|p1a: Gholdengo
|-damage|p1a: Gholdengo|16/100
|
|-heal|p2a: Gastrodon|67/100|[from] item: Leftovers
|upkeep
|turn|31
|
|t:|1779584769
|move|p1a: Gholdengo|Shadow Ball|p2a: Gastrodon
|-damage|p2a: Gastrodon|33/100
|move|p2a: Gastrodon|Recover|p2a: Gastrodon
|-heal|p2a: Gastrodon|83/100
|
|-heal|p2a: Gastrodon|89/100|[from] item: Leftovers
|upkeep
|turn|32
|
|t:|1779584777
|move|p1a: Gholdengo|Shadow Ball|p2a: Gastrodon
|-damage|p2a: Gastrodon|55/100
|move|p2a: Gastrodon|Earth Power|p1a: Gholdengo
|-supereffective|p1a: Gholdengo
|-damage|p1a: Gholdengo|0 fnt
|faint|p1a: Gholdengo
|
|-heal|p2a: Gastrodon|62/100|[from] item: Leftovers
|upkeep
|
|t:|1779584787
|switch|p1a: Raging Bolt|Raging Bolt|87/100
|-damage|p1a: Raging Bolt|75/100|[from] Spikes
|turn|33
|
|t:|1779584809
|move|p1a: Raging Bolt|Calm Mind|p1a: Raging Bolt
|-boost|p1a: Raging Bolt|spa|1
|-boost|p1a: Raging Bolt|spd|1
|move|p2a: Gastrodon|Earth Power|p1a: Raging Bolt
|-supereffective|p1a: Raging Bolt
|-damage|p1a: Raging Bolt|40/100
|-unboost|p1a: Raging Bolt|spd|1
|
|-heal|p2a: Gastrodon|68/100|[from] item: Leftovers
|upkeep
|turn|34
|
|t:|1779584824
|move|p1a: Raging Bolt|Calm Mind|p1a: Raging Bolt
|-boost|p1a: Raging Bolt|spa|1
|-boost|p1a: Raging Bolt|spd|1
|move|p2a: Gastrodon|Earth Power|p1a: Raging Bolt
|-supereffective|p1a: Raging Bolt
|-damage|p1a: Raging Bolt|0 fnt
|faint|p1a: Raging Bolt
|-end|p1a: Raging Bolt|Protosynthesis|[silent]
|
|win|engeruzimmer
|raw|Fessoune's rating: 1184 &rarr; <strong>1156</strong><br />(-28 for losing)
|raw|engeruzimmer's rating: 1142 &rarr; <strong>1170</strong><br />(+28 for winning)
|c|☆engeruzimmer|gg
|l|☆engeruzimmer
|player|p2|
|l|☆Fessoune
|player|p1|
