|j|☆SaiyanSage
|j|☆Papermario<3
|t:|1779663632
|gametype|singles
|player|p1|SaiyanSage|hoopster|1178
|player|p2|Papermario<3|2|1113
|gen|9
|tier|[Gen 9] OU
|rated|
|rule|HP Percentage Mod: HP is shown in percentages
|rule|Endless Battle Clause: Forcing endless battles is banned
|rule|Species Clause: Limit one of each Pokémon
|rule|OHKO Clause: OHKO moves are banned
|rule|Evasion Items Clause: Evasion items are banned
|rule|Evasion Moves Clause: Evasion moves are banned
|rule|Evasion Abilities Clause: Evasion abilities are banned
|rule|Sleep Moves Clause: Sleep-inducing moves are banned
|clearpoke
|poke|p1|Raging Bolt|
|poke|p1|Corviknight, F|
|poke|p1|Brute Bonnet|
|poke|p1|Walking Wake|
|poke|p1|Ogerpon-Wellspring, F|
|poke|p1|Maushold-Four|
|poke|p2|Golduck, M|
|poke|p2|Jumpluff, F|
|poke|p2|Victreebel, M|
|poke|p2|Gothitelle, F|
|poke|p2|Klefki, F|
|poke|p2|Ursaring, M|
|teampreview
|inactive|Battle timer is ON: inactive players will automatically lose when time's up. (requested by Papermario<3)
|
|t:|1779663645
|teamsize|p1|6
|teamsize|p2|6
|start
|switch|p1a: Maushold|Maushold-Four|100/100
|switch|p2a: Gothitelle|Gothitelle, F|100/100
|turn|1
|
|t:|1779663655
|switch|p2a: Jumpluff|Jumpluff, F|100/100
|move|p1a: Maushold|Population Bomb|p2a: Jumpluff
|-damage|p2a: Jumpluff|88/100
|-damage|p1a: Maushold|84/100|[from] item: Rocky Helmet|[of] p2a: Jumpluff
|-damage|p2a: Jumpluff|75/100
|-damage|p1a: Maushold|67/100|[from] item: Rocky Helmet|[of] p2a: Jumpluff
|-damage|p2a: Jumpluff|63/100
|-damage|p1a: Maushold|51/100|[from] item: Rocky Helmet|[of] p2a: Jumpluff
|-damage|p2a: Jumpluff|50/100
|-damage|p1a: Maushold|34/100|[from] item: Rocky Helmet|[of] p2a: Jumpluff
|-damage|p2a: Jumpluff|38/100
|-damage|p1a: Maushold|17/100|[from] item: Rocky Helmet|[of] p2a: Jumpluff
|-damage|p2a: Jumpluff|26/100
|-damage|p1a: Maushold|1/100|[from] item: Rocky Helmet|[of] p2a: Jumpluff
|-damage|p2a: Jumpluff|15/100
|-damage|p1a: Maushold|0 fnt|[from] item: Rocky Helmet|[of] p2a: Jumpluff
|faint|p1a: Maushold
|-hitcount|p2a: Jumpluff|7
|
|upkeep
|
|t:|1779663678
|switch|p1a: Brute Bonnet|Brute Bonnet|100/100
|turn|2
|
|t:|1779663685
|move|p1a: Brute Bonnet|Sucker Punch||[still]
|-fail|p1a: Brute Bonnet
|move|p2a: Jumpluff|Strength Sap|p1a: Brute Bonnet
|-unboost|p1a: Brute Bonnet|atk|1
|-heal|p2a: Jumpluff|100/100
|
|upkeep
|turn|3
|
|t:|1779663691
|move|p1a: Brute Bonnet|Sucker Punch|p2a: Jumpluff
|-damage|p2a: Jumpluff|67/100
|-damage|p1a: Brute Bonnet|84/100|[from] item: Rocky Helmet|[of] p2a: Jumpluff
|move|p2a: Jumpluff|Lunge|p1a: Brute Bonnet
|-supereffective|p1a: Brute Bonnet
|-damage|p1a: Brute Bonnet|50/100
|-unboost|p1a: Brute Bonnet|atk|1
|
|upkeep
|turn|4
|
|t:|1779663699
|-end|p1a: Brute Bonnet|Protosynthesis|[silent]
|switch|p1a: Zeus|Raging Bolt|100/100
|move|p2a: Jumpluff|Lunge|p1a: Zeus
|-damage|p1a: Zeus|93/100
|-unboost|p1a: Zeus|atk|1
|
|upkeep
|turn|5
|
|t:|1779663703
|move|p2a: Jumpluff|Leech Seed|p1a: Zeus
|-start|p1a: Zeus|move: Leech Seed
|move|p1a: Zeus|Charge Beam|p2a: Jumpluff
|-damage|p2a: Jumpluff|31/100
|-boost|p1a: Zeus|spa|1
|
|-damage|p1a: Zeus|80/100|[from] Leech Seed|[of] p2a: Jumpluff
|-heal|p2a: Jumpluff|46/100|[silent]
|upkeep
|turn|6
|
|t:|1779663719
|move|p2a: Jumpluff|Lunge|p1a: Zeus
|-damage|p1a: Zeus|73/100
|-unboost|p1a: Zeus|atk|1
|move|p1a: Zeus|Thunderbolt|p2a: Jumpluff
|-damage|p2a: Jumpluff|0 fnt
|faint|p2a: Jumpluff
|
|upkeep
|
|t:|1779663731
|switch|p2a: Victreebel|Victreebel, M|100/100
|turn|7
|
|t:|1779663736
|move|p2a: Victreebel|Sludge Bomb|p1a: Zeus
|-damage|p1a: Zeus|34/100
|move|p1a: Zeus|Draco Meteor|p2a: Victreebel
|-damage|p2a: Victreebel|0 fnt
|-unboost|p1a: Zeus|spa|2
|faint|p2a: Victreebel
|
|upkeep
|
|t:|1779663743
|switch|p2a: Ursaring|Ursaring, M|100/100
|turn|8
|
|t:|1779663745
|-end|p1a: Zeus|Protosynthesis|[silent]
|switch|p1a: Corviknight|Corviknight, F|100/100
|move|p2a: Ursaring|Trailblaze|p1a: Corviknight
|-resisted|p1a: Corviknight
|-damage|p1a: Corviknight|98/100
|-boost|p2a: Ursaring|spe|1
|
|upkeep
|turn|9
|
|t:|1779663756
|move|p2a: Ursaring|Trailblaze|p1a: Corviknight
|-resisted|p1a: Corviknight
|-damage|p1a: Corviknight|95/100
|-boost|p2a: Ursaring|spe|1
|move|p1a: Corviknight|Sunny Day|p1a: Corviknight
|-weather|SunnyDay
|
|-weather|SunnyDay|[upkeep]
|upkeep
|turn|10
|
|t:|1779663765
|move|p2a: Ursaring|Trailblaze|p1a: Corviknight
|-resisted|p1a: Corviknight
|-damage|p1a: Corviknight|93/100
|-boost|p2a: Ursaring|spe|1
|move|p1a: Corviknight|Iron Defense|p1a: Corviknight
|-boost|p1a: Corviknight|def|2
|
|-weather|SunnyDay|[upkeep]
|upkeep
|turn|11
|
|t:|1779663775
|move|p2a: Ursaring|Trailblaze|p1a: Corviknight
|-resisted|p1a: Corviknight
|-damage|p1a: Corviknight|91/100
|-boost|p2a: Ursaring|spe|1
|move|p1a: Corviknight|Body Press|p2a: Ursaring
|-supereffective|p2a: Ursaring
|-damage|p2a: Ursaring|55/100
|
|-weather|SunnyDay|[upkeep]
|upkeep
|turn|12
|
|t:|1779663779
|-terastallize|p2a: Ursaring|Ghost
|move|p2a: Ursaring|Trailblaze|p1a: Corviknight
|-resisted|p1a: Corviknight
|-damage|p1a: Corviknight|90/100
|-boost|p2a: Ursaring|spe|1
|move|p1a: Corviknight|Iron Defense|p1a: Corviknight
|-boost|p1a: Corviknight|def|2
|
|-weather|SunnyDay|[upkeep]
|upkeep
|turn|13
|
|t:|1779663787
|switch|p1a: Brute Bonnet|Brute Bonnet|50/100
|-activate|p1a: Brute Bonnet|ability: Protosynthesis
|-start|p1a: Brute Bonnet|protosynthesisatk
|move|p2a: Ursaring|Trailblaze|p1a: Brute Bonnet
|-resisted|p1a: Brute Bonnet
|-damage|p1a: Brute Bonnet|45/100
|-boost|p2a: Ursaring|spe|1
|
|-weather|SunnyDay|[upkeep]
|upkeep
|turn|14
|
|t:|1779663793
|move|p2a: Ursaring|Facade|p1a: Brute Bonnet
|-damage|p1a: Brute Bonnet|21/100
|move|p1a: Brute Bonnet|Growth|p1a: Brute Bonnet
|-boost|p1a: Brute Bonnet|atk|2
|-boost|p1a: Brute Bonnet|spa|2
|
|-weather|SunnyDay|[upkeep]
|upkeep
|turn|15
|
|t:|1779663800
|move|p1a: Brute Bonnet|Sucker Punch|p2a: Ursaring
|-supereffective|p2a: Ursaring
|-damage|p2a: Ursaring|0 fnt
|faint|p2a: Ursaring
|
|-weather|SunnyDay|[upkeep]
|upkeep
|inactive|Papermario<3 has 120 seconds left.
|
|t:|1779663845
|switch|p2a: Gothitelle|Gothitelle, F|100/100
|turn|16
|
|t:|1779663851
|move|p1a: Brute Bonnet|Sucker Punch||[still]
|-fail|p1a: Brute Bonnet
|move|p2a: Gothitelle|Trick|p1a: Brute Bonnet
|-activate|p2a: Gothitelle|move: Trick|[of] p1a: Brute Bonnet
|-item|p1a: Brute Bonnet|Choice Specs|[from] move: Trick
|-item|p2a: Gothitelle|Black Glasses|[from] move: Trick
|
|-weather|none
|-end|p1a: Brute Bonnet|Protosynthesis
|upkeep
|turn|17
|inactive|Papermario<3 has 120 seconds left.
|
|t:|1779663857
|switch|p2a: Klefki|Klefki, F|100/100
|move|p1a: Brute Bonnet|Sucker Punch||[still]
|-fail|p1a: Brute Bonnet
|
|upkeep
|turn|18
|
|t:|1779663867
|-end|p1a: Brute Bonnet|Protosynthesis|[silent]
|switch|p1a: Walking Wake|Walking Wake|100/100
|move|p2a: Klefki|Calm Mind|p2a: Klefki
|-boost|p2a: Klefki|spa|1
|-boost|p2a: Klefki|spd|1
|
|upkeep
|turn|19
|
|t:|1779663877
|move|p2a: Klefki|Calm Mind|p2a: Klefki
|-boost|p2a: Klefki|spa|1
|-boost|p2a: Klefki|spd|1
|move|p1a: Walking Wake|Sunny Day|p1a: Walking Wake
|-weather|SunnyDay
|-activate|p1a: Walking Wake|ability: Protosynthesis
|-start|p1a: Walking Wake|protosynthesisspa
|
|-weather|SunnyDay|[upkeep]
|upkeep
|turn|20
|
|t:|1779663882
|move|p1a: Walking Wake|Flamethrower|p2a: Klefki
|-supereffective|p2a: Klefki
|-damage|p2a: Klefki|12/100
|-enditem|p2a: Klefki|Sitrus Berry|[eat]
|-heal|p2a: Klefki|37/100|[from] item: Sitrus Berry
|-damage|p1a: Walking Wake|91/100|[from] item: Life Orb
|move|p2a: Klefki|Draining Kiss|p1a: Walking Wake
|-supereffective|p1a: Walking Wake
|-damage|p1a: Walking Wake|24/100
|-heal|p2a: Klefki|96/100|[from] drain|[of] p1a: Walking Wake
|
|-weather|SunnyDay|[upkeep]
|upkeep
|turn|21
|
|t:|1779663896
|move|p1a: Walking Wake|Flamethrower|p2a: Klefki
|-supereffective|p2a: Klefki
|-damage|p2a: Klefki|0 fnt
|faint|p2a: Klefki
|-damage|p1a: Walking Wake|14/100|[from] item: Life Orb
|
|-weather|SunnyDay|[upkeep]
|upkeep
|
|t:|1779663907
|switch|p2a: Golduck|Golduck, M|100/100
|-ability|p2a: Golduck|Cloud Nine
|-end|p1a: Walking Wake|Protosynthesis
|turn|22
|
|t:|1779663934
|move|p1a: Walking Wake|Dragon Pulse|p2a: Golduck
|-damage|p2a: Golduck|34/100
|-damage|p1a: Walking Wake|4/100|[from] item: Life Orb
|move|p2a: Golduck|Knock Off|p1a: Walking Wake
|-damage|p1a: Walking Wake|0 fnt
|-enditem|p1a: Walking Wake|Life Orb|[from] move: Knock Off|[of] p2a: Golduck
|faint|p1a: Walking Wake
|-end|p1a: Walking Wake|Protosynthesis|[silent]
|
|-weather|SunnyDay|[upkeep]
|-heal|p2a: Golduck|41/100|[from] item: Leftovers
|upkeep
|
|t:|1779663937
|switch|p1a: Zeus|Raging Bolt|34/100
|turn|23
|
|t:|1779663941
|move|p2a: Golduck|Knock Off|p1a: Zeus
|-damage|p1a: Zeus|20/100
|-enditem|p1a: Zeus|Magnet|[from] move: Knock Off|[of] p2a: Golduck
|move|p1a: Zeus|Charge Beam|p2a: Golduck
|-supereffective|p2a: Golduck
|-damage|p2a: Golduck|0 fnt
|-boost|p1a: Zeus|spa|1
|faint|p2a: Golduck
|-activate|p1a: Zeus|ability: Protosynthesis
|-start|p1a: Zeus|protosynthesisspa
|
|-weather|none
|-end|p1a: Zeus|Protosynthesis
|upkeep
|
|t:|1779663947
|switch|p2a: Gothitelle|Gothitelle, F|100/100
|turn|24
|
|t:|1779663950
|-terastallize|p1a: Zeus|Electric
|move|p1a: Zeus|Thunderclap|p2a: Gothitelle
|-damage|p2a: Gothitelle|35/100
|move|p2a: Gothitelle|Psychic|p1a: Zeus
|-damage|p1a: Zeus|0 fnt
|faint|p1a: Zeus
|-end|p1a: Zeus|Protosynthesis|[silent]
|
|upkeep
|
|t:|1779663955
|switch|p1a: Ogerpon|Ogerpon-Wellspring, F|100/100
|turn|25
|
|t:|1779663957
|move|p1a: Ogerpon|Ivy Cudgel|p2a: Gothitelle|[anim] Ivy Cudgel Water
|-crit|p2a: Gothitelle
|-damage|p2a: Gothitelle|0 fnt
|faint|p2a: Gothitelle
|
|win|SaiyanSage
|raw|SaiyanSage's rating: 1178 &rarr; <strong>1198</strong><br />(+20 for winning)
|raw|Papermario&lt;3's rating: 1113 &rarr; <strong>1093</strong><br />(-20 for losing)
|l|☆Papermario<3
|player|p2|
|l|☆SaiyanSage
|player|p1|
