|j|☆RGC_SHADE
|j|☆SillySushi
|t:|1779587670
|gametype|singles
|player|p1|RGC_SHADE|boarder|1330
|player|p2|SillySushi|maid|1284
|gen|9
|tier|[Gen 9] OU
|rated|
|rule|HP Percentage Mod: HP is shown in percentages
|rule|Endless Battle Clause: Forcing endless battles is banned
|rule|Species Clause: Limit one of each Pokémon
|rule|OHKO Clause: OHKO moves are banned
|rule|Evasion Items Clause: Evasion items are banned
|rule|Evasion Moves Clause: Evasion moves are banned
|rule|Evasion Abilities Clause: Evasion abilities are banned
|rule|Sleep Moves Clause: Sleep-inducing moves are banned
|clearpoke
|poke|p1|Great Tusk|
|poke|p1|Ogerpon-Cornerstone, F|
|poke|p1|Rillaboom, M|
|poke|p1|Tyranitar, F|
|poke|p1|Corviknight, F|
|poke|p1|Dragapult, F|
|poke|p2|Pelipper, M|
|poke|p2|Kingdra, F|
|poke|p2|Barraskewda, M|
|poke|p2|Tornadus-Therian, M|
|poke|p2|Iron Moth|
|poke|p2|Iron Treads|
|teampreview
|inactive|Battle timer is ON: inactive players will automatically lose when time's up. (requested by RGC_SHADE)
|inactive|RGC_SHADE has 120 seconds left.
|
|t:|1779587705
|teamsize|p1|6
|teamsize|p2|6
|start
|switch|p1a: Ogerpon|Ogerpon-Cornerstone, F|100/100
|switch|p2a: Pelipper|Pelipper, M|100/100
|-weather|RainDance|[from] ability: Drizzle|[of] p2a: Pelipper
|turn|1
|
|t:|1779587714
|switch|p2a: Iron Treads|Iron Treads|100/100
|-item|p2a: Iron Treads|Air Balloon
|move|p1a: Ogerpon|Swords Dance|p1a: Ogerpon
|-boost|p1a: Ogerpon|atk|2
|
|-weather|RainDance|[upkeep]
|upkeep
|turn|2
|
|t:|1779587724
|move|p1a: Ogerpon|Low Kick|p2a: Iron Treads
|-supereffective|p2a: Iron Treads
|-damage|p2a: Iron Treads|0 fnt
|-enditem|p2a: Iron Treads|Air Balloon
|faint|p2a: Iron Treads
|-end|p2a: Iron Treads|Quark Drive|[silent]
|
|-weather|RainDance|[upkeep]
|upkeep
|
|t:|1779587729
|switch|p2a: Barraskewda|Barraskewda, M|100/100
|turn|3
|
|t:|1779587750
|move|p2a: Barraskewda|Flip Turn|p1a: Ogerpon
|-ability|p1a: Ogerpon|Sturdy
|-damage|p1a: Ogerpon|1/100
|
|t:|1779587757
|switch|p2a: Kingdra|Kingdra, F|100/100|[from] Flip Turn
|move|p1a: Ogerpon|Horn Leech|p2a: Kingdra
|-damage|p2a: Kingdra|0 fnt
|-heal|p1a: Ogerpon|49/100|[from] drain|[of] p2a: Kingdra
|faint|p2a: Kingdra
|
|-weather|RainDance|[upkeep]
|upkeep
|
|t:|1779587759
|switch|p2a: Barraskewda|Barraskewda, M|100/100
|turn|4
|
|t:|1779587774
|switch|p1a: Rillaboom|Rillaboom, M|100/100
|-fieldstart|move: Grassy Terrain|[from] ability: Grassy Surge|[of] p1a: Rillaboom
|move|p2a: Barraskewda|Flip Turn|p1a: Rillaboom
|-resisted|p1a: Rillaboom
|-damage|p1a: Rillaboom|61/100
|
|t:|1779587779
|switch|p2a: Tornadus|Tornadus-Therian, M|100/100|[from] Flip Turn
|
|-weather|RainDance|[upkeep]
|-heal|p1a: Rillaboom|67/100|[from] Grassy Terrain
|upkeep
|turn|5
|
|t:|1779587788
|switch|p1a: Tyranitar|Tyranitar, F|100/100
|-weather|Sandstorm|[from] ability: Sand Stream|[of] p1a: Tyranitar
|move|p2a: Tornadus|Nasty Plot|p2a: Tornadus
|-boost|p2a: Tornadus|spa|2
|
|-weather|Sandstorm|[upkeep]
|-damage|p2a: Tornadus|94/100|[from] Sandstorm
|upkeep
|turn|6
|
|t:|1779587796
|move|p2a: Tornadus|Focus Blast|p1a: Tyranitar
|-supereffective|p1a: Tyranitar
|-damage|p1a: Tyranitar|0 fnt
|faint|p1a: Tyranitar
|
|-weather|Sandstorm|[upkeep]
|-damage|p2a: Tornadus|88/100|[from] Sandstorm
|upkeep
|
|t:|1779587804
|switch|p1a: Great Tusk|Great Tusk|100/100
|turn|7
|
|t:|1779587811
|move|p2a: Tornadus|Hurricane|p1a: Great Tusk
|-supereffective|p1a: Great Tusk
|-damage|p1a: Great Tusk|0 fnt
|faint|p1a: Great Tusk
|-end|p1a: Great Tusk|Protosynthesis|[silent]
|
|-weather|Sandstorm|[upkeep]
|-damage|p2a: Tornadus|82/100|[from] Sandstorm
|upkeep
|
|t:|1779587817
|switch|p1a: Dragapult|Dragapult, F, shiny|100/100
|turn|8
|
|t:|1779587823
|switch|p2a: Pelipper|Pelipper, M|100/100
|-weather|RainDance|[from] ability: Drizzle|[of] p2a: Pelipper
|move|p1a: Dragapult|Dragon Darts|p2a: Pelipper
|-damage|p2a: Pelipper|85/100
|-anim|p1a: Dragapult|Dragon Darts|p2a: Pelipper
|-damage|p2a: Pelipper|69/100
|
|-weather|RainDance|[upkeep]
|-fieldend|move: Grassy Terrain
|upkeep
|turn|9
|
|t:|1779587832
|move|p1a: Dragapult|Will-O-Wisp|p2a: Pelipper
|-status|p2a: Pelipper|brn
|move|p2a: Pelipper|U-turn|p1a: Dragapult
|-resisted|p1a: Dragapult
|-damage|p1a: Dragapult|98/100
|
|t:|1779587836
|switch|p2a: Barraskewda|Barraskewda, M|100/100|[from] U-turn
|
|-weather|RainDance|[upkeep]
|-heal|p1a: Dragapult|100/100|[from] item: Leftovers
|upkeep
|turn|10
|
|t:|1779587840
|-terastallize|p2a: Barraskewda|Water
|move|p2a: Barraskewda|Flip Turn|p1a: Dragapult
|-resisted|p1a: Dragapult
|-damage|p1a: Dragapult|40/100
|
|t:|1779587850
|switch|p2a: Iron Moth|Iron Moth|100/100|[from] Flip Turn
|move|p1a: Dragapult|Will-O-Wisp|p2a: Iron Moth
|-immune|p2a: Iron Moth
|
|-weather|RainDance|[upkeep]
|-heal|p1a: Dragapult|46/100|[from] item: Leftovers
|upkeep
|turn|11
|
|t:|1779587857
|move|p1a: Dragapult|Dragon Darts|p2a: Iron Moth
|-damage|p2a: Iron Moth|74/100
|-anim|p1a: Dragapult|Dragon Darts|p2a: Iron Moth
|-damage|p2a: Iron Moth|48/100
|move|p2a: Iron Moth|Hurricane|p1a: Dragapult
|-damage|p1a: Dragapult|7/100
|-start|p1a: Dragapult|confusion
|
|-weather|RainDance|[upkeep]
|-heal|p1a: Dragapult|13/100|[from] item: Leftovers
|upkeep
|turn|12
|
|t:|1779587863
|-activate|p1a: Dragapult|confusion
|move|p1a: Dragapult|Dragon Darts|p2a: Iron Moth
|-damage|p2a: Iron Moth|19/100
|-anim|p1a: Dragapult|Dragon Darts|p2a: Iron Moth
|-damage|p2a: Iron Moth|0 fnt
|faint|p2a: Iron Moth
|-end|p2a: Iron Moth|Quark Drive|[silent]
|
|-weather|RainDance|[upkeep]
|-heal|p1a: Dragapult|19/100|[from] item: Leftovers
|upkeep
|
|t:|1779587866
|switch|p2a: Barraskewda|Barraskewda, M, tera:Water|100/100
|turn|13
|
|t:|1779587875
|move|p2a: Barraskewda|Flip Turn|p1a: Dragapult
|-resisted|p1a: Dragapult
|-damage|p1a: Dragapult|0 fnt
|faint|p1a: Dragapult
|
|t:|1779587882
|switch|p2a: Tornadus|Tornadus-Therian, M|100/100|[from] Flip Turn
|
|-weather|RainDance|[upkeep]
|upkeep
|
|t:|1779587886
|switch|p1a: Rillaboom|Rillaboom, M|67/100
|-fieldstart|move: Grassy Terrain|[from] ability: Grassy Surge|[of] p1a: Rillaboom
|turn|14
|
|t:|1779587899
|switch|p1a: Corviknight|Corviknight, F|100/100
|-ability|p1a: Corviknight|Pressure
|move|p2a: Tornadus|Hurricane|p1a: Corviknight
|-resisted|p1a: Corviknight
|-damage|p1a: Corviknight|73/100
|
|-weather|RainDance|[upkeep]
|upkeep
|turn|15
|
|t:|1779587912
|move|p2a: Tornadus|Weather Ball|p1a: Corviknight
|-damage|p1a: Corviknight|26/100
|move|p1a: Corviknight|Brave Bird|p2a: Tornadus
|-damage|p2a: Tornadus|36/100
|-damage|p1a: Corviknight|9/100|[from] Recoil
|
|-weather|none
|upkeep
|turn|16
|
|t:|1779587921
|switch|p2a: Pelipper|Pelipper, M|69/100 brn
|-weather|RainDance|[from] ability: Drizzle|[of] p2a: Pelipper
|move|p1a: Corviknight|Roost|p1a: Corviknight
|-heal|p1a: Corviknight|59/100
|-singleturn|p1a: Corviknight|move: Roost
|
|-weather|RainDance|[upkeep]
|-heal|p1a: Corviknight|65/100|[from] Grassy Terrain
|-damage|p2a: Pelipper|63/100 brn|[from] brn
|upkeep
|turn|17
|
|t:|1779587928
|move|p1a: Corviknight|Roost|p1a: Corviknight
|-heal|p1a: Corviknight|100/100
|-singleturn|p1a: Corviknight|move: Roost
|move|p2a: Pelipper|U-turn|p1a: Corviknight
|-resisted|p1a: Corviknight
|-damage|p1a: Corviknight|99/100
|-damage|p2a: Pelipper|46/100 brn|[from] item: Rocky Helmet|[of] p1a: Corviknight
|
|t:|1779587940
|switch|p2a: Tornadus|Tornadus-Therian, M|69/100|[from] U-turn
|
|-weather|RainDance|[upkeep]
|-heal|p1a: Corviknight|100/100|[from] Grassy Terrain
|upkeep
|turn|18
|
|t:|1779587947
|move|p2a: Tornadus|Nasty Plot|p2a: Tornadus
|-boost|p2a: Tornadus|spa|2
|move|p1a: Corviknight|Brave Bird|p2a: Tornadus
|-damage|p2a: Tornadus|11/100
|-damage|p1a: Corviknight|85/100|[from] Recoil
|
|-weather|RainDance|[upkeep]
|-fieldend|move: Grassy Terrain
|upkeep
|turn|19
|
|t:|1779587962
|move|p2a: Tornadus|Weather Ball|p1a: Corviknight
|-damage|p1a: Corviknight|0 fnt
|faint|p1a: Corviknight
|
|-weather|RainDance|[upkeep]
|upkeep
|
|t:|1779587969
|switch|p1a: Rillaboom|Rillaboom, M|67/100
|-fieldstart|move: Grassy Terrain|[from] ability: Grassy Surge|[of] p1a: Rillaboom
|turn|20
|
|t:|1779587983
|switch|p2a: Pelipper|Pelipper, M|46/100 brn
|-terastallize|p1a: Rillaboom|Grass
|move|p1a: Rillaboom|Grassy Glide|p2a: Pelipper
|-damage|p2a: Pelipper|0 fnt
|faint|p2a: Pelipper
|
|-weather|RainDance|[upkeep]
|-heal|p1a: Rillaboom|73/100|[from] Grassy Terrain
|upkeep
|inactive|SillySushi has 120 seconds left.
|
|t:|1779588013
|switch|p2a: Tornadus|Tornadus-Therian, M|44/100
|turn|21
|inactive|SillySushi has 120 seconds left.
|
|t:|1779588022
|switch|p2a: Barraskewda|Barraskewda, M, tera:Water|100/100
|move|p1a: Rillaboom|Grassy Glide|p2a: Barraskewda
|-supereffective|p2a: Barraskewda
|-damage|p2a: Barraskewda|0 fnt
|faint|p2a: Barraskewda
|
|-weather|RainDance|[upkeep]
|-heal|p1a: Rillaboom|79/100|[from] Grassy Terrain
|upkeep
|
|t:|1779588024
|switch|p2a: Tornadus|Tornadus-Therian, M|77/100
|turn|22
|
|t:|1779588034
|move|p1a: Rillaboom|Grassy Glide|p2a: Tornadus
|-resisted|p2a: Tornadus
|-damage|p2a: Tornadus|26/100
|move|p2a: Tornadus|Hurricane|p1a: Rillaboom
|-supereffective|p1a: Rillaboom
|-damage|p1a: Rillaboom|0 fnt
|faint|p1a: Rillaboom
|
|-weather|RainDance|[upkeep]
|upkeep
|
|t:|1779588041
|switch|p1a: Ogerpon|Ogerpon-Cornerstone, F|49/100
|turn|23
|
|t:|1779588054
|move|p2a: Tornadus|Hurricane|p1a: Ogerpon
|-damage|p1a: Ogerpon|0 fnt
|faint|p1a: Ogerpon
|
|win|SillySushi
|raw|RGC_SHADE's rating: 1330 &rarr; <strong>1307</strong><br />(-23 for losing)
|raw|SillySushi's rating: 1284 &rarr; <strong>1312</strong><br />(+28 for winning)
|c|☆RGC_SHADE|gg
|l|☆RGC_SHADE
|player|p1|
