|j|☆blabab
|j|☆scorpion257
|t:|1779581592
|gametype|singles
|player|p1|blabab|miku-ground|1527
|player|p2|scorpion257|benga|1506
|gen|9
|tier|[Gen 9] OU
|rated|
|rule|HP Percentage Mod: HP is shown in percentages
|rule|Endless Battle Clause: Forcing endless battles is banned
|rule|Species Clause: Limit one of each Pokémon
|rule|OHKO Clause: OHKO moves are banned
|rule|Evasion Items Clause: Evasion items are banned
|rule|Evasion Moves Clause: Evasion moves are banned
|rule|Evasion Abilities Clause: Evasion abilities are banned
|rule|Sleep Moves Clause: Sleep-inducing moves are banned
|clearpoke
|poke|p1|Mandibuzz, F|
|poke|p1|Kingambit, M|
|poke|p1|Ogerpon-Cornerstone, F|
|poke|p1|Primarina, F|
|poke|p1|Gholdengo|
|poke|p1|Blaziken, F|
|poke|p2|Cresselia, F|
|poke|p2|Hatterene, F|
|poke|p2|Porygon2|
|poke|p2|Ursaluna, F|
|poke|p2|Iron Hands|
|poke|p2|Enamorus-Therian, F|
|teampreview
|inactive|Battle timer is ON: inactive players will automatically lose when time's up. (requested by scorpion257)
|inactive|blabab also wants the timer to be on.
|
|t:|1779581605
|teamsize|p1|6
|teamsize|p2|6
|start
|switch|p1a: Gholdengo|Gholdengo|100/100
|switch|p2a: ERASERHEAD|Porygon2|100/100
|-ability|p2a: ERASERHEAD|Download|boost
|-boost|p2a: ERASERHEAD|spa|1
|turn|1
|
|t:|1779581609
|move|p1a: Gholdengo|Trick|p2a: ERASERHEAD
|-activate|p1a: Gholdengo|move: Trick|[of] p2a: ERASERHEAD
|-item|p2a: ERASERHEAD|Choice Scarf|[from] move: Trick
|-item|p1a: Gholdengo|Eviolite|[from] move: Trick
|move|p2a: ERASERHEAD|Trick Room|p2a: ERASERHEAD
|-fieldstart|move: Trick Room|[of] p2a: ERASERHEAD
|
|upkeep
|turn|2
|l|☆blabab
|inactive|blabab disconnected and has a minute to reconnect!
|player|p1|
|j|☆blabab
|inactive|blabab reconnected and has 140 seconds left.
|player|p1|blabab|miku-ground|
|
|t:|1779581625
|switch|p2a: THE ELEPHANT MAN|Iron Hands|100/100
|move|p1a: Gholdengo|Thunder Wave|p2a: THE ELEPHANT MAN
|-immune|p2a: THE ELEPHANT MAN
|
|upkeep
|turn|3
|
|t:|1779581644
|move|p2a: THE ELEPHANT MAN|Earthquake|p1a: Gholdengo
|-supereffective|p1a: Gholdengo
|-damage|p1a: Gholdengo|0 fnt
|faint|p1a: Gholdengo
|-damage|p2a: THE ELEPHANT MAN|91/100|[from] item: Life Orb
|
|upkeep
|
|t:|1779581661
|switch|p1a: Blaziken|Blaziken, F|100/100
|turn|4
|
|t:|1779581668
|move|p1a: Blaziken|Protect|p1a: Blaziken
|-singleturn|p1a: Blaziken|Protect
|move|p2a: THE ELEPHANT MAN|Close Combat|p1a: Blaziken
|-activate|p1a: Blaziken|move: Protect
|
|-ability|p1a: Blaziken|Speed Boost|boost
|-boost|p1a: Blaziken|spe|1
|upkeep
|turn|5
|
|t:|1779581671
|switch|p1a: Mandibuzz|Mandibuzz, F|100/100
|move|p2a: THE ELEPHANT MAN|Close Combat|p1a: Mandibuzz
|-crit|p1a: Mandibuzz
|-damage|p1a: Mandibuzz|26/100
|-unboost|p2a: THE ELEPHANT MAN|def|1
|-unboost|p2a: THE ELEPHANT MAN|spd|1
|-damage|p2a: THE ELEPHANT MAN|81/100|[from] item: Life Orb
|
|-fieldend|move: Trick Room
|upkeep
|turn|6
|
|t:|1779581676
|move|p1a: Mandibuzz|Toxic|p2a: THE ELEPHANT MAN
|-status|p2a: THE ELEPHANT MAN|tox
|move|p2a: THE ELEPHANT MAN|Close Combat|p1a: Mandibuzz
|-damage|p1a: Mandibuzz|0 fnt
|-unboost|p2a: THE ELEPHANT MAN|def|1
|-unboost|p2a: THE ELEPHANT MAN|spd|1
|faint|p1a: Mandibuzz
|-damage|p2a: THE ELEPHANT MAN|71/100 tox|[from] item: Life Orb
|
|-damage|p2a: THE ELEPHANT MAN|64/100 tox|[from] psn
|upkeep
|
|t:|1779581684
|switch|p1a: Primarina|Primarina, F|100/100
|turn|7
|
|t:|1779581688
|-end|p2a: THE ELEPHANT MAN|Quark Drive|[silent]
|switch|p2a: LOST HIGHWAY|Cresselia, F|100/100
|move|p1a: Primarina|Moonblast|p2a: LOST HIGHWAY
|-damage|p2a: LOST HIGHWAY|63/100
|
|upkeep
|turn|8
|
|t:|1779581696
|move|p1a: Primarina|Substitute|p1a: Primarina
|-start|p1a: Primarina|Substitute
|-damage|p1a: Primarina|75/100
|move|p2a: LOST HIGHWAY|Trick Room|p2a: LOST HIGHWAY
|-fieldstart|move: Trick Room|[of] p2a: LOST HIGHWAY
|
|upkeep
|turn|9
|
|t:|1779581703
|move|p1a: Primarina|Calm Mind|p1a: Primarina
|-boost|p1a: Primarina|spa|1
|-boost|p1a: Primarina|spd|1
|move|p2a: LOST HIGHWAY|Lunar Dance|p2a: LOST HIGHWAY
|faint|p2a: LOST HIGHWAY
|
|upkeep
|
|t:|1779581709
|switch|p2a: INLAND EMPIRE|Enamorus-Therian, F|100/100
|turn|10
|
|t:|1779581716
|move|p2a: INLAND EMPIRE|Alluring Voice|p1a: Primarina
|-damage|p1a: Primarina|44/100
|-damage|p2a: INLAND EMPIRE|91/100|[from] item: Life Orb
|move|p1a: Primarina|Calm Mind|p1a: Primarina
|-boost|p1a: Primarina|spa|1
|-boost|p1a: Primarina|spd|1
|
|upkeep
|turn|11
|
|t:|1779581724
|move|p2a: INLAND EMPIRE|Alluring Voice|p1a: Primarina
|-damage|p1a: Primarina|18/100
|-damage|p2a: INLAND EMPIRE|81/100|[from] item: Life Orb
|move|p1a: Primarina|Surf|p2a: INLAND EMPIRE
|-damage|p2a: INLAND EMPIRE|0 fnt
|faint|p2a: INLAND EMPIRE
|
|upkeep
|
|t:|1779581733
|switch|p2a: ERASERHEAD|Porygon2|100/100
|-heal|p2a: ERASERHEAD|100/100|[from] move: Lunar Dance
|-ability|p2a: ERASERHEAD|Download|boost
|-boost|p2a: ERASERHEAD|atk|1
|turn|12
|-enditem|p1a: Primarina|Custap Berry|[eat]
|-activate|p1a: Primarina|item: Custap Berry|[consumed]
|
|t:|1779581740
|move|p1a: Primarina|Surf|p2a: ERASERHEAD
|-damage|p2a: ERASERHEAD|0 fnt
|faint|p2a: ERASERHEAD
|
|-fieldend|move: Trick Room
|upkeep
|
|t:|1779581745
|switch|p2a: BLUE VELVET|Hatterene, F|100/100
|turn|13
|
|t:|1779581750
|move|p1a: Primarina|Surf|p2a: BLUE VELVET
|-enditem|p2a: BLUE VELVET|Focus Sash
|-damage|p2a: BLUE VELVET|1/100
|move|p2a: BLUE VELVET|Trick Room|p2a: BLUE VELVET
|-fieldstart|move: Trick Room|[of] p2a: BLUE VELVET
|
|upkeep
|turn|14
|
|t:|1779581754
|move|p2a: BLUE VELVET|Psychic Noise|p1a: Primarina
|-damage|p1a: Primarina|4/100
|-start|p1a: Primarina|move: Heal Block
|move|p1a: Primarina|Surf|p2a: BLUE VELVET
|-damage|p2a: BLUE VELVET|0 fnt
|faint|p2a: BLUE VELVET
|
|upkeep
|-message|scorpion257 forfeited.
|
|win|blabab
|raw|blabab's rating: 1527 &rarr; <strong>1546</strong><br />(+19 for winning)
|raw|scorpion257's rating: 1506 &rarr; <strong>1487</strong><br />(-19 for losing)
|l|☆scorpion257
|player|p2|
|l|☆blabab
|player|p1|
