|j|☆lvl1ralts
|j|☆oubreezy
|t:|1779701500
|gametype|singles
|player|p1|lvl1ralts|265|1393
|player|p2|oubreezy|169|1343
|gen|9
|tier|[Gen 9] OU
|rated|
|rule|HP Percentage Mod: HP is shown in percentages
|rule|Endless Battle Clause: Forcing endless battles is banned
|rule|Species Clause: Limit one of each Pokémon
|rule|OHKO Clause: OHKO moves are banned
|rule|Evasion Items Clause: Evasion items are banned
|rule|Evasion Moves Clause: Evasion moves are banned
|rule|Evasion Abilities Clause: Evasion abilities are banned
|rule|Sleep Moves Clause: Sleep-inducing moves are banned
|clearpoke
|poke|p1|Reuniclus, M|
|poke|p1|Kingambit, M|
|poke|p1|Ogerpon-Wellspring, F|
|poke|p1|Landorus-Therian, M|
|poke|p1|Iron Valiant|
|poke|p1|Cinderace, F|
|poke|p2|Meowscarada, F|
|poke|p2|Pecharunt|
|poke|p2|Enamorus, F|
|poke|p2|Iron Treads|
|poke|p2|Skarmory, M|
|poke|p2|Slowking, M|
|teampreview
|inactive|Battle timer is ON: inactive players will automatically lose when time's up. (requested by lvl1ralts)
|inactive|oubreezy also wants the timer to be on.
|
|t:|1779701512
|teamsize|p1|6
|teamsize|p2|6
|start
|switch|p1a: Cinderace|Cinderace, F|100/100
|switch|p2a: Meowscarada|Meowscarada, F|100/100
|turn|1
|inactive|oubreezy has 120 seconds left.
|
|t:|1779701547
|move|p2a: Meowscarada|U-turn|p1a: Cinderace
|-start|p2a: Meowscarada|typechange|Bug|[from] ability: Protean
|-resisted|p1a: Cinderace
|-damage|p1a: Cinderace|64/100
|inactive|oubreezy has 120 seconds left.
|
|t:|1779701555
|switch|p2a: Pecharunt|Pecharunt|100/100|[from] U-turn
|move|p1a: Cinderace|U-turn|p2a: Pecharunt
|-start|p1a: Cinderace|typechange|Bug|[from] ability: Libero
|-resisted|p2a: Pecharunt
|-damage|p2a: Pecharunt|97/100
|-damage|p1a: Cinderace|47/100|[from] item: Rocky Helmet|[of] p2a: Pecharunt
|l|☆lvl1ralts
|inactive|lvl1ralts disconnected and has a minute to reconnect!
|player|p1|
|j|☆lvl1ralts
|inactive|lvl1ralts reconnected and has 120 seconds left.
|player|p1|lvl1ralts|265|
|
|t:|1779701597
|switch|p1a: Metastasis|Reuniclus, M|100/100|[from] U-turn
|
|upkeep
|turn|2
|inactive|oubreezy has 120 seconds left.
|
|t:|1779701621
|move|p2a: Pecharunt|Parting Shot|p1a: Metastasis
|-unboost|p1a: Metastasis|atk|1
|-unboost|p1a: Metastasis|spa|1
|
|t:|1779701634
|switch|p2a: Slowking|Slowking, M|100/100|[from] Parting Shot
|move|p1a: Metastasis|Psychic Noise|p2a: Slowking
|-resisted|p2a: Slowking
|-damage|p2a: Slowking|92/100
|-start|p2a: Slowking|move: Heal Block
|
|upkeep
|turn|3
|
|t:|1779701646
|switch|p2a: Meowscarada|Meowscarada, F|100/100
|switch|p1a: Ogerpon|Ogerpon-Wellspring, F|100/100
|
|upkeep
|turn|4
|inactive|oubreezy has 120 seconds left.
|
|t:|1779701651
|switch|p1a: Landorus|Landorus-Therian, M|100/100
|-ability|p1a: Landorus|Intimidate|boost
|-unboost|p2a: Meowscarada|atk|1
|move|p2a: Meowscarada|U-turn|p1a: Landorus
|-start|p2a: Meowscarada|typechange|Bug|[from] ability: Protean
|-resisted|p1a: Landorus
|-damage|p1a: Landorus|86/100
|-damage|p2a: Meowscarada|84/100|[from] item: Rocky Helmet|[of] p1a: Landorus
|inactive|oubreezy has 120 seconds left.
|
|t:|1779701656
|switch|p2a: Slowking|Slowking, M|100/100|[from] U-turn
|
|upkeep
|turn|5
|
|t:|1779701664
|move|p1a: Landorus|Taunt|p2a: Slowking
|-start|p2a: Slowking|move: Taunt
|move|p2a: Slowking|Future Sight|p1a: Landorus
|-start|p2a: Slowking|move: Future Sight
|
|upkeep
|turn|6
|inactive|oubreezy has 120 seconds left.
|
|t:|1779701684
|move|p1a: Landorus|Stealth Rock|p2a: Slowking
|-sidestart|p2: oubreezy|move: Stealth Rock
|move|p2a: Slowking|Scald|p1a: Landorus
|-supereffective|p1a: Landorus
|-damage|p1a: Landorus|25/100
|
|upkeep
|turn|7
|inactive|oubreezy has 120 seconds left.
|
|t:|1779701691
|move|p1a: Landorus|U-turn|p2a: Slowking
|-supereffective|p2a: Slowking
|-damage|p2a: Slowking|58/100
|
|t:|1779701694
|switch|p1a: Kingambit|Kingambit, M|100/100|[from] U-turn
|move|p2a: Slowking|Scald|p1a: Kingambit
|-damage|p1a: Kingambit|73/100
|
|-end|p1a: Kingambit|move: Future Sight
|-immune|p1a: Kingambit
|-heal|p1a: Kingambit|79/100|[from] item: Leftovers
|-end|p2a: Slowking|move: Taunt
|upkeep
|turn|8
|
|t:|1779701706
|-end|p1a: Kingambit|fallenundefined|[silent]
|switch|p1a: Cinderace|Cinderace, F|47/100
|switch|p2a: Iron Treads|Iron Treads|100/100
|-damage|p2a: Iron Treads|98/100|[from] Stealth Rock
|
|-heal|p2a: Iron Treads|100/100|[from] item: Leftovers
|upkeep
|turn|9
|
|t:|1779701714
|move|p1a: Cinderace|Pyro Ball|p2a: Iron Treads
|-supereffective|p2a: Iron Treads
|-damage|p2a: Iron Treads|8/100
|move|p2a: Iron Treads|Rapid Spin|p1a: Cinderace
|-damage|p1a: Cinderace|30/100
|-boost|p2a: Iron Treads|spe|1
|-sideend|p2: oubreezy|Stealth Rock|[from] move: Rapid Spin|[of] p2a: Iron Treads
|
|-heal|p2a: Iron Treads|14/100|[from] item: Leftovers
|upkeep
|turn|10
|
|t:|1779701723
|switch|p1a: Landorus|Landorus-Therian, M|25/100
|-ability|p1a: Landorus|Intimidate|boost
|-unboost|p2a: Iron Treads|atk|1
|move|p2a: Iron Treads|Stealth Rock|p1a: Landorus
|-sidestart|p1: lvl1ralts|move: Stealth Rock
|
|-heal|p2a: Iron Treads|20/100|[from] item: Leftovers
|upkeep
|turn|11
|-message|lvl1ralts forfeited.
|
|win|oubreezy
|raw|lvl1ralts's rating: 1393 &rarr; <strong>1370</strong><br />(-23 for losing)
|raw|oubreezy's rating: 1343 &rarr; <strong>1366</strong><br />(+23 for winning)
|l|☆lvl1ralts
|player|p1|
|l|☆oubreezy
|player|p2|
