|j|☆hat40
|j|☆Dragavian NTK
|t:|1779638573
|gametype|singles
|player|p1|hat40|265|1478
|player|p2|Dragavian NTK|gentleman-gen4|1487
|gen|9
|tier|[Gen 9] OU
|rated|
|rule|HP Percentage Mod: HP is shown in percentages
|rule|Endless Battle Clause: Forcing endless battles is banned
|rule|Species Clause: Limit one of each Pokémon
|rule|OHKO Clause: OHKO moves are banned
|rule|Evasion Items Clause: Evasion items are banned
|rule|Evasion Moves Clause: Evasion moves are banned
|rule|Evasion Abilities Clause: Evasion abilities are banned
|rule|Sleep Moves Clause: Sleep-inducing moves are banned
|clearpoke
|poke|p1|Pelipper, M|
|poke|p1|Manaphy|
|poke|p1|Bruxish, F|
|poke|p1|Overqwil, M|
|poke|p1|Iron Treads|
|poke|p1|Raging Bolt|
|poke|p2|Dragonite, M|
|poke|p2|Dragapult, F|
|poke|p2|Cresselia, F|
|poke|p2|Ogerpon-Wellspring, F|
|poke|p2|Great Tusk|
|poke|p2|Gengar, M|
|teampreview
|inactive|Battle timer is ON: inactive players will automatically lose when time's up. (requested by Dragavian NTK)
|inactive|Dragavian NTK has 120 seconds left.
|j| himejijou
|l| himejijou
|inactive|Dragavian NTK has 90 seconds left.
|inactive|Dragavian NTK has 60 seconds left.
|
|t:|1779638675
|teamsize|p1|6
|teamsize|p2|6
|start
|switch|p1a: Pelipper|Pelipper, M|100/100
|switch|p2a: Ogerpon|Ogerpon-Wellspring, F|100/100
|-weather|RainDance|[from] ability: Drizzle|[of] p1a: Pelipper
|turn|1
|
|t:|1779638682
|move|p2a: Ogerpon|U-turn|p1a: Pelipper
|-resisted|p1a: Pelipper
|-damage|p1a: Pelipper|91/100
|
|t:|1779638686
|switch|p2a: Dragapult|Dragapult, F|100/100|[from] U-turn
|move|p1a: Pelipper|Hurricane|p2a: Dragapult
|-damage|p2a: Dragapult|50/100
|
|-weather|RainDance|[upkeep]
|upkeep
|turn|2
|
|t:|1779638695
|switch|p1a: Iron Treads|Iron Treads|100/100
|-enditem|p1a: Iron Treads|Booster Energy
|-activate|p1a: Iron Treads|ability: Quark Drive|[fromitem]
|-start|p1a: Iron Treads|quarkdrivespe
|move|p2a: Dragapult|Draco Meteor|p1a: Iron Treads
|-resisted|p1a: Iron Treads
|-damage|p1a: Iron Treads|57/100
|-unboost|p2a: Dragapult|spa|2
|
|-weather|RainDance|[upkeep]
|upkeep
|turn|3
|
|t:|1779638706
|switch|p2a: Great Tusk|Great Tusk, shiny|100/100
|move|p1a: Iron Treads|Knock Off|p2a: Great Tusk
|-resisted|p2a: Great Tusk
|-crit|p2a: Great Tusk
|-damage|p2a: Great Tusk|89/100
|-damage|p1a: Iron Treads|41/100|[from] item: Rocky Helmet|[of] p2a: Great Tusk
|-enditem|p2a: Great Tusk|Rocky Helmet|[from] move: Knock Off|[of] p1a: Iron Treads
|
|-weather|RainDance|[upkeep]
|upkeep
|turn|4
|
|t:|1779638718
|-end|p1a: Iron Treads|Quark Drive|[silent]
|switch|p1a: Pelipper|Pelipper, M|91/100
|move|p2a: Great Tusk|Headlong Rush|p1a: Pelipper
|-immune|p1a: Pelipper
|
|-weather|RainDance|[upkeep]
|upkeep
|turn|5
|
|t:|1779638726
|-end|p2a: Great Tusk|Protosynthesis|[silent]
|switch|p2a: Gengar|Gengar, M|100/100
|move|p1a: Pelipper|Hurricane|p2a: Gengar
|-damage|p2a: Gengar|50/100
|-start|p2a: Gengar|confusion
|-start|p1a: Pelipper|Disable|Hurricane|[from] ability: Cursed Body|[of] p2a: Gengar
|
|-weather|RainDance|[upkeep]
|upkeep
|turn|6
|
|t:|1779638735
|switch|p1a: Overqwil|Overqwil, M|100/100
|-activate|p2a: Gengar|confusion
|-damage|p2a: Gengar|41/100|[from] confusion
|
|-weather|RainDance|[upkeep]
|upkeep
|turn|7
|
|t:|1779638742
|switch|p2a: Ogerpon|Ogerpon-Wellspring, F|100/100
|move|p1a: Overqwil|Crunch|p2a: Ogerpon
|-damage|p2a: Ogerpon|30/100
|-unboost|p2a: Ogerpon|def|1
|-damage|p1a: Overqwil|91/100|[from] item: Life Orb
|
|-weather|RainDance|[upkeep]
|upkeep
|turn|8
|
|t:|1779638752
|move|p1a: Overqwil|Crunch|p2a: Ogerpon
|-damage|p2a: Ogerpon|0 fnt
|faint|p2a: Ogerpon
|-damage|p1a: Overqwil|81/100|[from] item: Life Orb
|
|-weather|none
|upkeep
|
|t:|1779638757
|switch|p2a: Gengar|Gengar, M|41/100
|turn|9
|
|t:|1779638766
|move|p2a: Gengar|Thunder Wave|p1a: Overqwil
|-status|p1a: Overqwil|par
|cant|p1a: Overqwil|par
|
|upkeep
|turn|10
|
|t:|1779638773
|switch|p2a: Great Tusk|Great Tusk, shiny|89/100
|move|p1a: Overqwil|Crunch|p2a: Great Tusk
|-resisted|p2a: Great Tusk
|-damage|p2a: Great Tusk|72/100
|-unboost|p2a: Great Tusk|def|1
|-damage|p1a: Overqwil|71/100 par|[from] item: Life Orb
|
|upkeep
|turn|11
|
|t:|1779638778
|switch|p1a: Pelipper|Pelipper, M|91/100
|-weather|RainDance|[from] ability: Drizzle|[of] p1a: Pelipper
|move|p2a: Great Tusk|Headlong Rush|p1a: Pelipper
|-immune|p1a: Pelipper
|
|-weather|RainDance|[upkeep]
|upkeep
|turn|12
|
|t:|1779638788
|-end|p2a: Great Tusk|Protosynthesis|[silent]
|switch|p2a: Dragapult|Dragapult, F|50/100
|move|p1a: Pelipper|Hurricane|p2a: Dragapult
|-damage|p2a: Dragapult|0 fnt
|faint|p2a: Dragapult
|
|-weather|RainDance|[upkeep]
|upkeep
|
|t:|1779638799
|switch|p2a: Dragonite|Dragonite, M|100/100
|turn|13
|
|t:|1779638803
|move|p2a: Dragonite|Dragon Dance|p2a: Dragonite
|-boost|p2a: Dragonite|atk|1
|-boost|p2a: Dragonite|spe|1
|move|p1a: Pelipper|Hurricane|p2a: Dragonite
|-damage|p2a: Dragonite|84/100
|
|-weather|RainDance|[upkeep]
|upkeep
|turn|14
|
|t:|1779638812
|move|p2a: Dragonite|Dragon Dance|p2a: Dragonite
|-boost|p2a: Dragonite|atk|1
|-boost|p2a: Dragonite|spe|1
|move|p1a: Pelipper|U-turn|p2a: Dragonite
|-resisted|p2a: Dragonite
|-damage|p2a: Dragonite|80/100
|
|t:|1779638813
|switch|p1a: Raging Bolt|Raging Bolt|100/100|[from] U-turn
|-enditem|p1a: Raging Bolt|Booster Energy
|-activate|p1a: Raging Bolt|ability: Protosynthesis|[fromitem]
|-start|p1a: Raging Bolt|protosynthesisspa
|
|-weather|RainDance|[upkeep]
|upkeep
|turn|15
|
|t:|1779638824
|-terastallize|p1a: Raging Bolt|Fairy
|move|p2a: Dragonite|Earthquake|p1a: Raging Bolt
|-damage|p1a: Raging Bolt|31/100
|move|p1a: Raging Bolt|Dragon Pulse|p2a: Dragonite
|-supereffective|p2a: Dragonite
|-damage|p2a: Dragonite|0 fnt
|faint|p2a: Dragonite
|
|-weather|RainDance|[upkeep]
|upkeep
|
|t:|1779638831
|switch|p2a: Great Tusk|Great Tusk, shiny|72/100
|turn|16
|
|t:|1779638833
|move|p2a: Great Tusk|Headlong Rush|p1a: Raging Bolt
|-damage|p1a: Raging Bolt|0 fnt
|-unboost|p2a: Great Tusk|def|1
|-unboost|p2a: Great Tusk|spd|1
|faint|p1a: Raging Bolt
|-end|p1a: Raging Bolt|Protosynthesis|[silent]
|
|-weather|RainDance|[upkeep]
|upkeep
|
|t:|1779638838
|switch|p1a: Bruxish|Bruxish, F|100/100
|turn|17
|
|t:|1779638846
|move|p1a: Bruxish|Wave Crash|p2a: Great Tusk
|-supereffective|p2a: Great Tusk
|-damage|p2a: Great Tusk|0 fnt
|faint|p2a: Great Tusk
|-end|p2a: Great Tusk|Protosynthesis|[silent]
|-damage|p1a: Bruxish|66/100|[from] Recoil
|
|-weather|RainDance|[upkeep]
|upkeep
|
|t:|1779638852
|switch|p2a: Gengar|Gengar, M|41/100
|turn|18
|
|t:|1779638858
|move|p1a: Bruxish|Wave Crash|p2a: Gengar
|-damage|p2a: Gengar|0 fnt
|-start|p1a: Bruxish|Disable|Wave Crash|[from] ability: Cursed Body|[of] p2a: Gengar
|faint|p2a: Gengar
|-damage|p1a: Bruxish|50/100|[from] Recoil
|
|-weather|none
|upkeep
|
|t:|1779638863
|switch|p2a: Cresselia|Cresselia, F|100/100
|turn|19
|
|t:|1779638866
|switch|p1a: Pelipper|Pelipper, M|91/100
|-weather|RainDance|[from] ability: Drizzle|[of] p1a: Pelipper
|move|p2a: Cresselia|Calm Mind|p2a: Cresselia
|-boost|p2a: Cresselia|spa|1
|-boost|p2a: Cresselia|spd|1
|
|-weather|RainDance|[upkeep]
|upkeep
|turn|20
|
|t:|1779638880
|move|p2a: Cresselia|Calm Mind|p2a: Cresselia
|-boost|p2a: Cresselia|spa|1
|-boost|p2a: Cresselia|spd|1
|move|p1a: Pelipper|U-turn|p2a: Cresselia
|-supereffective|p2a: Cresselia
|-damage|p2a: Cresselia|92/100
|
|t:|1779638882
|switch|p1a: Overqwil|Overqwil, M|71/100 par|[from] U-turn
|
|-weather|RainDance|[upkeep]
|-heal|p2a: Cresselia|98/100|[from] item: Leftovers
|upkeep
|turn|21
|
|t:|1779638890
|-terastallize|p2a: Cresselia|Poison
|move|p1a: Overqwil|Crunch|p2a: Cresselia
|-damage|p2a: Cresselia|72/100
|-unboost|p2a: Cresselia|def|1
|-damage|p1a: Overqwil|61/100 par|[from] item: Life Orb
|move|p2a: Cresselia|Moonblast|p1a: Overqwil
|-damage|p1a: Overqwil|9/100 par
|
|-weather|RainDance|[upkeep]
|-heal|p2a: Cresselia|78/100|[from] item: Leftovers
|upkeep
|turn|22
|
|t:|1779638900
|move|p1a: Overqwil|Crunch|p2a: Cresselia
|-damage|p2a: Cresselia|38/100
|-damage|p1a: Overqwil|0 fnt|[from] item: Life Orb
|faint|p1a: Overqwil
|move|p2a: Cresselia|Moonblast|p1: Overqwil|[notarget]
|-fail|p2a: Cresselia
|
|-weather|RainDance|[upkeep]
|-heal|p2a: Cresselia|44/100|[from] item: Leftovers
|upkeep
|
|t:|1779638903
|switch|p1a: Iron Treads|Iron Treads|41/100
|turn|23
|
|t:|1779638911
|move|p1a: Iron Treads|Knock Off|p2a: Cresselia
|-damage|p2a: Cresselia|25/100
|-enditem|p2a: Cresselia|Leftovers|[from] move: Knock Off|[of] p1a: Iron Treads
|move|p2a: Cresselia|Moonlight|p2a: Cresselia
|-heal|p2a: Cresselia|50/100
|
|-weather|RainDance|[upkeep]
|upkeep
|turn|24
|
|t:|1779638923
|move|p1a: Iron Treads|Knock Off|p2a: Cresselia
|-damage|p2a: Cresselia|37/100
|move|p2a: Cresselia|Moonlight|p2a: Cresselia
|-heal|p2a: Cresselia|62/100
|
|-weather|RainDance|[upkeep]
|upkeep
|turn|25
|
|t:|1779638928
|-end|p1a: Iron Treads|Quark Drive|[silent]
|switch|p1a: Bruxish|Bruxish, F|50/100
|move|p2a: Cresselia|Calm Mind|p2a: Cresselia
|-boost|p2a: Cresselia|spa|1
|-boost|p2a: Cresselia|spd|1
|
|-weather|RainDance|[upkeep]
|upkeep
|turn|26
|
|t:|1779638939
|move|p1a: Bruxish|Wave Crash|p2a: Cresselia
|-damage|p2a: Cresselia|0 fnt
|faint|p2a: Cresselia
|-damage|p1a: Bruxish|19/100|[from] Recoil
|
|win|hat40
|raw|hat40's rating: 1478 &rarr; <strong>1499</strong><br />(+21 for winning)
|raw|Dragavian NTK's rating: 1487 &rarr; <strong>1466</strong><br />(-21 for losing)
|l|☆Dragavian NTK
|player|p2|
|l|☆hat40
|player|p1|
