|j|☆delacroixxx
|j|☆FiiFiFoFum
|t:|1779618636
|gametype|singles
|player|p1|delacroixxx|az|1357
|player|p2|FiiFiFoFum|erika-gen1rb|1384
|gen|9
|tier|[Gen 9] OU
|rated|
|rule|HP Percentage Mod: HP is shown in percentages
|rule|Endless Battle Clause: Forcing endless battles is banned
|rule|Species Clause: Limit one of each Pokémon
|rule|OHKO Clause: OHKO moves are banned
|rule|Evasion Items Clause: Evasion items are banned
|rule|Evasion Moves Clause: Evasion moves are banned
|rule|Evasion Abilities Clause: Evasion abilities are banned
|rule|Sleep Moves Clause: Sleep-inducing moves are banned
|clearpoke
|poke|p1|Deoxys-Speed|
|poke|p1|Garchomp, M|
|poke|p1|Darkrai|
|poke|p1|Ogerpon-Wellspring, F|
|poke|p1|Zamazenta-*|
|poke|p1|Azumarill, F|
|poke|p2|Scizor, M|
|poke|p2|Samurott-Hisui, F|
|poke|p2|Gholdengo|
|poke|p2|Landorus-Therian, M|
|poke|p2|Great Tusk|
|poke|p2|Raging Bolt|
|teampreview
|inactive|Battle timer is ON: inactive players will automatically lose when time's up. (requested by delacroixxx)
|
|t:|1779618645
|teamsize|p1|6
|teamsize|p2|6
|start
|switch|p1a: Deoxys|Deoxys-Speed|100/100
|switch|p2a: Scizor|Scizor, M|100/100
|-ability|p1a: Deoxys|Pressure
|turn|1
|
|t:|1779618650
|move|p1a: Deoxys|Reflect|p1a: Deoxys
|-sidestart|p1: delacroixxx|Reflect
|move|p2a: Scizor|U-turn|p1a: Deoxys
|-supereffective|p1a: Deoxys
|-damage|p1a: Deoxys|30/100
|
|t:|1779618659
|switch|p2a: Samurott|Samurott-Hisui, F|100/100|[from] U-turn
|
|upkeep
|turn|2
|
|t:|1779618662
|move|p1a: Deoxys|Light Screen|p1a: Deoxys
|-sidestart|p1: delacroixxx|move: Light Screen
|move|p2a: Samurott|Ceaseless Edge|p1a: Deoxys
|-supereffective|p1a: Deoxys
|-damage|p1a: Deoxys|0 fnt
|-sidestart|p1: delacroixxx|Spikes
|faint|p1a: Deoxys
|
|upkeep
|
|t:|1779618676
|switch|p1a: Ogerpon|Ogerpon-Wellspring, F|100/100
|-damage|p1a: Ogerpon|88/100|[from] Spikes
|turn|3
|
|t:|1779618680
|move|p1a: Ogerpon|Swords Dance|p1a: Ogerpon
|-boost|p1a: Ogerpon|atk|2
|move|p2a: Samurott|Ceaseless Edge|p1a: Ogerpon
|-damage|p1a: Ogerpon|62/100
|-sidestart|p1: delacroixxx|Spikes
|
|upkeep
|turn|4
|
|t:|1779618683
|move|p1a: Ogerpon|Power Whip|p2a: Samurott
|-supereffective|p2a: Samurott
|-damage|p2a: Samurott|0 fnt
|faint|p2a: Samurott
|
|upkeep
|
|t:|1779618690
|switch|p2a: Landorus|Landorus-Therian, M|100/100
|-ability|p2a: Landorus|Intimidate|boost
|-unboost|p1a: Ogerpon|atk|1
|turn|5
|
|t:|1779618694
|move|p1a: Ogerpon|Ivy Cudgel|p2a: Landorus|[anim] Ivy Cudgel Water
|-supereffective|p2a: Landorus
|-damage|p2a: Landorus|0 fnt
|faint|p2a: Landorus
|
|upkeep
|
|t:|1779618701
|switch|p2a: Raging Bolt|Raging Bolt|100/100
|turn|6
|
|t:|1779618706
|move|p1a: Ogerpon|Ivy Cudgel|p2a: Raging Bolt|[anim] Ivy Cudgel Water
|-resisted|p2a: Raging Bolt
|-damage|p2a: Raging Bolt|61/100
|move|p2a: Raging Bolt|Thunderbolt|p1a: Ogerpon
|-damage|p1a: Ogerpon|21/100
|
|upkeep
|turn|7
|
|t:|1779618713
|move|p2a: Raging Bolt|Thunderclap|p1a: Ogerpon
|-damage|p1a: Ogerpon|0 fnt
|faint|p1a: Ogerpon
|
|upkeep
|
|t:|1779618717
|switch|p1a: Garchomp|Garchomp, M|100/100
|-damage|p1a: Garchomp|84/100|[from] Spikes
|turn|8
|
|t:|1779618721
|move|p1a: Garchomp|Earthquake|p2a: Raging Bolt
|-supereffective|p2a: Raging Bolt
|-damage|p2a: Raging Bolt|0 fnt
|faint|p2a: Raging Bolt
|-end|p2a: Raging Bolt|Protosynthesis|[silent]
|
|-sideend|p1: delacroixxx|Reflect
|upkeep
|
|t:|1779618725
|switch|p2a: Great Tusk|Great Tusk|100/100
|-enditem|p2a: Great Tusk|Booster Energy
|-activate|p2a: Great Tusk|ability: Protosynthesis|[fromitem]
|-start|p2a: Great Tusk|protosynthesisspe
|turn|9
|
|t:|1779618729
|move|p2a: Great Tusk|Bulk Up|p2a: Great Tusk
|-boost|p2a: Great Tusk|atk|1
|-boost|p2a: Great Tusk|def|1
|move|p1a: Garchomp|Swords Dance|p1a: Garchomp
|-boost|p1a: Garchomp|atk|2
|
|-sideend|p1: delacroixxx|move: Light Screen
|upkeep
|turn|10
|
|t:|1779618735
|move|p2a: Great Tusk|Ice Spinner|p1a: Garchomp
|-supereffective|p1a: Garchomp
|-damage|p1a: Garchomp|0 fnt
|-damage|p2a: Great Tusk|88/100|[from] ability: Rough Skin|[of] p1a: Garchomp
|faint|p1a: Garchomp
|
|upkeep
|
|t:|1779618740
|switch|p1a: Zamazenta|Zamazenta, shiny|100/100
|-damage|p1a: Zamazenta|84/100|[from] Spikes
|-ability|p1a: Zamazenta|Dauntless Shield|boost
|-boost|p1a: Zamazenta|def|1
|turn|11
|
|t:|1779618745
|move|p2a: Great Tusk|Headlong Rush|p1a: Zamazenta
|-damage|p1a: Zamazenta|44/100
|-unboost|p2a: Great Tusk|def|1
|-unboost|p2a: Great Tusk|spd|1
|move|p1a: Zamazenta|Roar|p2a: Great Tusk
|-end|p2a: Great Tusk|Protosynthesis|[silent]
|drag|p2a: Gholdengo|Gholdengo|100/100
|
|-heal|p1a: Zamazenta|50/100|[from] item: Leftovers
|upkeep
|turn|12
|
|t:|1779618756
|move|p2a: Gholdengo|Make It Rain|p1a: Zamazenta
|-damage|p1a: Zamazenta|0 fnt
|-unboost|p2a: Gholdengo|spa|1
|faint|p1a: Zamazenta
|
|upkeep
|
|t:|1779618766
|switch|p1a: Azumarill|Azumarill, F, shiny|100/100
|-damage|p1a: Azumarill|84/100|[from] Spikes
|turn|13
|
|t:|1779618771
|-terastallize|p1a: Azumarill|Steel
|move|p2a: Gholdengo|Make It Rain|p1a: Azumarill
|-resisted|p1a: Azumarill
|-crit|p1a: Azumarill
|-damage|p1a: Azumarill|32/100
|-unboost|p2a: Gholdengo|spa|1
|-enditem|p1a: Azumarill|Sitrus Berry|[eat]
|-heal|p1a: Azumarill|57/100|[from] item: Sitrus Berry
|move|p1a: Azumarill|Belly Drum|p1a: Azumarill
|-damage|p1a: Azumarill|7/100
|-setboost|p1a: Azumarill|atk|6|[from] move: Belly Drum
|
|upkeep
|turn|14
|
|t:|1779618777
|move|p1a: Azumarill|Aqua Jet|p2a: Gholdengo
|-damage|p2a: Gholdengo|0 fnt
|faint|p2a: Gholdengo
|
|upkeep
|
|t:|1779618779
|switch|p2a: Scizor|Scizor, M|100/100
|turn|15
|
|t:|1779618782
|move|p2a: Scizor|Bullet Punch|p1a: Azumarill
|-resisted|p1a: Azumarill
|-damage|p1a: Azumarill|0 fnt
|faint|p1a: Azumarill
|
|upkeep
|
|t:|1779618784
|switch|p1a: Darkrai|Darkrai|100/100
|-damage|p1a: Darkrai|84/100|[from] Spikes
|turn|16
|
|t:|1779618789
|-terastallize|p2a: Scizor|Steel
|move|p2a: Scizor|Bullet Punch|p1a: Darkrai
|-damage|p1a: Darkrai|0 fnt
|faint|p1a: Darkrai
|
|win|FiiFiFoFum
|raw|delacroixxx's rating: 1357 &rarr; <strong>1339</strong><br />(-18 for losing)
|raw|FiiFiFoFum's rating: 1384 &rarr; <strong>1402</strong><br />(+18 for winning)
|l|☆delacroixxx
|player|p1|
|l|☆FiiFiFoFum
|player|p2|
