|j|☆my shitters
|j|☆BigCungusxRemix
|t:|1779666154
|gametype|singles
|player|p1|my shitters|preschooler|1390
|player|p2|BigCungusxRemix|101|1374
|gen|9
|tier|[Gen 9] OU
|rated|
|rule|HP Percentage Mod: HP is shown in percentages
|rule|Endless Battle Clause: Forcing endless battles is banned
|rule|Species Clause: Limit one of each Pokémon
|rule|OHKO Clause: OHKO moves are banned
|rule|Evasion Items Clause: Evasion items are banned
|rule|Evasion Moves Clause: Evasion moves are banned
|rule|Evasion Abilities Clause: Evasion abilities are banned
|rule|Sleep Moves Clause: Sleep-inducing moves are banned
|clearpoke
|poke|p1|Sableye, F|
|poke|p1|Alcremie-Ruby-Swirl, F|
|poke|p1|Squawkabilly-Blue, F|
|poke|p1|Primeape, M|
|poke|p1|Brute Bonnet|
|poke|p1|Ursaring, M|
|poke|p2|Volcanion|
|poke|p2|Samurott-Hisui, F|
|poke|p2|Pecharunt|
|poke|p2|Quaquaval, M|
|poke|p2|Gliscor, M|
|poke|p2|Rotom-Wash|
|teampreview
|inactive|Battle timer is ON: inactive players will automatically lose when time's up. (requested by my shitters)
|inactive|BigCungusxRemix has 120 seconds left.
|
|t:|1779666202
|teamsize|p1|6
|teamsize|p2|6
|start
|switch|p1a: BillyBlutcher|Squawkabilly-Blue, F|100/100
|switch|p2a: Samurott|Samurott-Hisui, F|100/100
|-ability|p1a: BillyBlutcher|Intimidate|boost
|-unboost|p2a: Samurott|atk|1
|turn|1
|
|t:|1779666208
|move|p1a: BillyBlutcher|U-turn|p2a: Samurott
|-supereffective|p2a: Samurott
|-damage|p2a: Samurott|66/100
|inactive|my shitters has 120 seconds left.
|
|t:|1779666255
|switch|p1a: PonnieColeman|Primeape, M|100/100|[from] U-turn
|move|p2a: Samurott|Ceaseless Edge|p1a: PonnieColeman
|-resisted|p1a: PonnieColeman
|-damage|p1a: PonnieColeman|85/100
|-sidestart|p1: my shitters|Spikes
|
|upkeep
|turn|2
|
|t:|1779666271
|switch|p2a: Pecharunt|Pecharunt|100/100
|-item|p2a: Pecharunt|Air Balloon
|move|p1a: PonnieColeman|Drain Punch|p2a: Pecharunt
|-immune|p2a: Pecharunt
|
|upkeep
|turn|3
|inactive|my shitters has 120 seconds left.
|
|t:|1779666285
|switch|p1a: BillyBlutcher|Squawkabilly-Blue, F|100/100
|-ability|p1a: BillyBlutcher|Intimidate|boost
|-unboost|p2a: Pecharunt|atk|1
|move|p2a: Pecharunt|Malignant Chain|p1a: BillyBlutcher
|-damage|p1a: BillyBlutcher|55/100
|-status|p1a: BillyBlutcher|tox
|-start|p1a: BillyBlutcher|confusion|[from] ability: Poison Puppeteer|[of] p2a: Pecharunt
|
|-damage|p1a: BillyBlutcher|49/100 tox|[from] psn
|upkeep
|turn|4
|inactive|my shitters has 120 seconds left.
|
|t:|1779666297
|switch|p2a: Rotom|Rotom-Wash|100/100
|-activate|p1a: BillyBlutcher|confusion
|move|p1a: BillyBlutcher|U-turn|p2a: Rotom
|-damage|p2a: Rotom|80/100
|
|t:|1779666301
|switch|p1a: OnePunchBear|Ursaring, M|100/100|[from] U-turn
|-damage|p1a: OnePunchBear|88/100|[from] Spikes
|
|-status|p1a: OnePunchBear|brn|[from] item: Flame Orb
|upkeep
|turn|5
|inactive|my shitters has 120 seconds left.
|
|t:|1779666316
|move|p2a: Rotom|Volt Switch|p1a: OnePunchBear
|-damage|p1a: OnePunchBear|44/100 brn
|
|t:|1779666319
|switch|p2a: Pecharunt|Pecharunt|100/100|[from] Volt Switch
|-item|p2a: Pecharunt|Air Balloon
|move|p1a: OnePunchBear|Facade|p2a: Pecharunt
|-immune|p2a: Pecharunt
|
|-damage|p1a: OnePunchBear|38/100 brn|[from] brn
|upkeep
|turn|6
|
|t:|1779666329
|move|p2a: Pecharunt|Malignant Chain|p1a: OnePunchBear
|-damage|p1a: OnePunchBear|0 fnt
|faint|p1a: OnePunchBear
|
|upkeep
|
|t:|1779666333
|switch|p1a: GemPostin|Sableye, F|100/100
|-damage|p1a: GemPostin|88/100|[from] Spikes
|turn|7
|
|t:|1779666341
|move|p1a: GemPostin|Light Screen|p1a: GemPostin
|-sidestart|p1: my shitters|move: Light Screen
|move|p2a: Pecharunt|Toxic|p1a: GemPostin
|-status|p1a: GemPostin|tox
|-start|p1a: GemPostin|confusion|[from] ability: Poison Puppeteer|[of] p2a: Pecharunt
|
|-damage|p1a: GemPostin|82/100 tox|[from] psn
|upkeep
|turn|8
|
|t:|1779666350
|switch|p2a: Samurott|Samurott-Hisui, F|66/100
|-activate|p1a: GemPostin|confusion
|move|p1a: GemPostin|Reflect|p1a: GemPostin
|-sidestart|p1: my shitters|Reflect
|
|-damage|p1a: GemPostin|70/100 tox|[from] psn
|upkeep
|turn|9
|
|t:|1779666359
|switch|p1a: PonnieColeman|Primeape, M|85/100
|-damage|p1a: PonnieColeman|73/100|[from] Spikes
|move|p2a: Samurott|Ceaseless Edge|p1a: PonnieColeman
|-resisted|p1a: PonnieColeman
|-damage|p1a: PonnieColeman|59/100
|-sidestart|p1: my shitters|Spikes
|
|upkeep
|turn|10
|
|t:|1779666367
|switch|p2a: Pecharunt|Pecharunt|100/100
|-item|p2a: Pecharunt|Air Balloon
|move|p1a: PonnieColeman|Rage Fist|p2a: Pecharunt
|-supereffective|p2a: Pecharunt
|-damage|p2a: Pecharunt|59/100
|-enditem|p2a: Pecharunt|Air Balloon
|
|upkeep
|turn|11
|inactive|BigCungusxRemix has 120 seconds left.
|inactive|my shitters has 120 seconds left.
|inactive|BigCungusxRemix has 90 seconds left.
|inactive|my shitters has 90 seconds left.
|
|t:|1779666456
|switch|p1a: BillyBlutcher|Squawkabilly-Blue, F|49/100 tox
|-ability|p1a: BillyBlutcher|Intimidate|boost
|-unboost|p2a: Pecharunt|atk|1
|move|p2a: Pecharunt|Toxic|p1a: BillyBlutcher
|-fail|p1a: BillyBlutcher|tox
|
|-damage|p1a: BillyBlutcher|43/100 tox|[from] psn
|upkeep
|turn|12
|
|t:|1779666477
|switch|p2a: Gliscor|Gliscor, M|100/100
|move|p1a: BillyBlutcher|Parting Shot|p2a: Gliscor
|-unboost|p2a: Gliscor|atk|1
|-unboost|p2a: Gliscor|spa|1
|
|t:|1779666480
|switch|p1a: RobotAlcremicDrive|Alcremie-Ruby-Swirl, F|100/100|[from] Parting Shot
|-damage|p1a: RobotAlcremicDrive|84/100|[from] Spikes
|
|-heal|p1a: RobotAlcremicDrive|90/100|[from] item: Leftovers
|-status|p2a: Gliscor|tox|[from] item: Toxic Orb
|upkeep
|turn|13
|
|t:|1779666498
|move|p2a: Gliscor|Toxic|p1a: RobotAlcremicDrive
|-status|p1a: RobotAlcremicDrive|tox
|move|p1a: RobotAlcremicDrive|Acid Armor|p1a: RobotAlcremicDrive
|-boost|p1a: RobotAlcremicDrive|def|2
|
|-heal|p1a: RobotAlcremicDrive|96/100 tox|[from] item: Leftovers
|-damage|p1a: RobotAlcremicDrive|90/100 tox|[from] psn
|upkeep
|turn|14
|
|t:|1779666507
|move|p2a: Gliscor|Taunt|p1a: RobotAlcremicDrive
|-block|p1a: RobotAlcremicDrive|ability: Aroma Veil|[of] p1a: RobotAlcremicDrive
|move|p1a: RobotAlcremicDrive|Calm Mind|p1a: RobotAlcremicDrive
|-boost|p1a: RobotAlcremicDrive|spa|1
|-boost|p1a: RobotAlcremicDrive|spd|1
|
|-heal|p1a: RobotAlcremicDrive|96/100 tox|[from] item: Leftovers
|-damage|p1a: RobotAlcremicDrive|84/100 tox|[from] psn
|-sideend|p1: my shitters|move: Light Screen
|upkeep
|turn|15
|
|t:|1779666517
|move|p2a: Gliscor|Knock Off|p1a: RobotAlcremicDrive
|-resisted|p1a: RobotAlcremicDrive
|-damage|p1a: RobotAlcremicDrive|82/100 tox
|-enditem|p1a: RobotAlcremicDrive|Leftovers|[from] move: Knock Off|[of] p2a: Gliscor
|move|p1a: RobotAlcremicDrive|Calm Mind|p1a: RobotAlcremicDrive
|-boost|p1a: RobotAlcremicDrive|spa|1
|-boost|p1a: RobotAlcremicDrive|spd|1
|
|-damage|p1a: RobotAlcremicDrive|64/100 tox|[from] psn
|-sideend|p1: my shitters|Reflect
|upkeep
|turn|16
|inactive|my shitters has 90 seconds left.
|inactive|BigCungusxRemix has 90 seconds left.
|
|t:|1779666529
|move|p2a: Gliscor|Earthquake|p1a: RobotAlcremicDrive
|-damage|p1a: RobotAlcremicDrive|53/100 tox
|move|p1a: RobotAlcremicDrive|Draining Kiss|p2a: Gliscor
|-damage|p2a: Gliscor|62/100 tox
|-heal|p1a: RobotAlcremicDrive|84/100 tox|[from] drain|[of] p2a: Gliscor
|
|-heal|p2a: Gliscor|74/100 tox|[from] ability: Poison Heal
|-damage|p1a: RobotAlcremicDrive|60/100 tox|[from] psn
|upkeep
|turn|17
|inactive|my shitters has 90 seconds left.
|inactive|BigCungusxRemix has 90 seconds left.
|
|t:|1779666543
|move|p2a: Gliscor|Earthquake|p1a: RobotAlcremicDrive
|-damage|p1a: RobotAlcremicDrive|49/100 tox
|move|p1a: RobotAlcremicDrive|Draining Kiss|p2a: Gliscor
|-damage|p2a: Gliscor|41/100 tox
|-heal|p1a: RobotAlcremicDrive|76/100 tox|[from] drain|[of] p2a: Gliscor
|
|-heal|p2a: Gliscor|53/100 tox|[from] ability: Poison Heal
|-damage|p1a: RobotAlcremicDrive|46/100 tox|[from] psn
|upkeep
|turn|18
|inactive|BigCungusxRemix has 90 seconds left.
|inactive|my shitters has 90 seconds left.
|inactive|my shitters has 60 seconds left.
|
|t:|1779666595
|move|p2a: Gliscor|Earthquake|p1a: RobotAlcremicDrive
|-damage|p1a: RobotAlcremicDrive|35/100 tox
|move|p1a: RobotAlcremicDrive|Stored Power|p2a: Gliscor
|-damage|p2a: Gliscor|0 fnt
|faint|p2a: Gliscor
|
|-damage|p1a: RobotAlcremicDrive|0 fnt|[from] psn
|faint|p1a: RobotAlcremicDrive
|upkeep
|inactive|BigCungusxRemix has 90 seconds left.
|
|t:|1779666605
|switch|p2a: Rotom|Rotom-Wash|80/100
|switch|p1a: GemPostin|Sableye, F|70/100 tox
|-damage|p1a: GemPostin|54/100 tox|[from] Spikes
|turn|19
|inactive|my shitters has 60 seconds left.
|inactive|BigCungusxRemix has 90 seconds left.
|
|t:|1779666612
|move|p1a: GemPostin|Light Screen|p1a: GemPostin
|-sidestart|p1: my shitters|move: Light Screen
|move|p2a: Rotom|Hydro Pump|p1a: GemPostin
|-damage|p1a: GemPostin|12/100 tox
|
|-damage|p1a: GemPostin|6/100 tox|[from] psn
|upkeep
|turn|20
|
|t:|1779666619
|move|p1a: GemPostin|Reflect|p1a: GemPostin
|-sidestart|p1: my shitters|Reflect
|move|p2a: Rotom|Hydro Pump|p1a: GemPostin
|-damage|p1a: GemPostin|0 fnt
|faint|p1a: GemPostin
|
|upkeep
|inactive|my shitters has 60 seconds left.
|
|t:|1779666642
|switch|p1a: PonnieColeman|Primeape, M|59/100
|-damage|p1a: PonnieColeman|43/100|[from] Spikes
|turn|21
|inactive|my shitters has 60 seconds left.
|
|t:|1779666670
|switch|p2a: Pecharunt|Pecharunt|59/100
|move|p1a: PonnieColeman|Bulk Up|p1a: PonnieColeman
|-boost|p1a: PonnieColeman|atk|1
|-boost|p1a: PonnieColeman|def|1
|
|upkeep
|turn|22
|
|t:|1779666676
|move|p1a: PonnieColeman|Rage Fist|p2a: Pecharunt
|-supereffective|p2a: Pecharunt
|-damage|p2a: Pecharunt|0 fnt
|faint|p2a: Pecharunt
|
|upkeep
|
|t:|1779666684
|switch|p2a: Rotom|Rotom-Wash|80/100
|turn|23
|
|t:|1779666691
|move|p2a: Rotom|Trick|p1a: PonnieColeman
|-activate|p2a: Rotom|move: Trick|[of] p1a: PonnieColeman
|-item|p1a: PonnieColeman|Choice Scarf|[from] move: Trick
|-item|p2a: Rotom|Eviolite|[from] move: Trick
|move|p1a: PonnieColeman|Drain Punch|p2a: Rotom
|-damage|p2a: Rotom|27/100
|-heal|p1a: PonnieColeman|62/100|[from] drain|[of] p2a: Rotom
|
|upkeep
|turn|24
|inactive|BigCungusxRemix has 120 seconds left.
|
|t:|1779666718
|switch|p2a: Samurott|Samurott-Hisui, F|66/100
|move|p1a: PonnieColeman|Drain Punch|p2a: Samurott
|-supereffective|p2a: Samurott
|-damage|p2a: Samurott|0 fnt
|-heal|p1a: PonnieColeman|99/100|[from] drain|[of] p2a: Samurott
|faint|p2a: Samurott
|
|upkeep
|
|t:|1779666726
|switch|p2a: Volcanion|Volcanion|100/100
|turn|25
|
|t:|1779666748
|-terastallize|p2a: Volcanion|Ghost
|move|p1a: PonnieColeman|Drain Punch|p2a: Volcanion
|-immune|p2a: Volcanion
|move|p2a: Volcanion|Sludge Bomb|p1a: PonnieColeman
|-damage|p1a: PonnieColeman|77/100
|-status|p1a: PonnieColeman|psn
|
|-damage|p1a: PonnieColeman|65/100 psn|[from] psn
|upkeep
|turn|26
|
|t:|1779666758
|switch|p1a: BillyBlutcher|Squawkabilly-Blue, F|43/100 tox
|-ability|p1a: BillyBlutcher|Intimidate|boost
|-unboost|p2a: Volcanion|atk|1
|move|p2a: Volcanion|Sludge Bomb|p1a: BillyBlutcher
|-damage|p1a: BillyBlutcher|18/100 tox
|
|-damage|p1a: BillyBlutcher|12/100 tox|[from] psn
|-sideend|p1: my shitters|move: Light Screen
|upkeep
|turn|27
|
|t:|1779666787
|switch|p2a: Rotom|Rotom-Wash|27/100
|move|p1a: BillyBlutcher|Brave Bird|p2a: Rotom
|-resisted|p2a: Rotom
|-damage|p2a: Rotom|0 fnt
|faint|p2a: Rotom
|-damage|p1a: BillyBlutcher|6/100 tox|[from] Recoil
|
|-damage|p1a: BillyBlutcher|0 fnt|[from] psn
|faint|p1a: BillyBlutcher
|-sideend|p1: my shitters|Reflect
|upkeep
|inactive|BigCungusxRemix has 90 seconds left.
|
|t:|1779666802
|switch|p1a: PonnieColeman|Primeape, M|65/100 psn
|switch|p2a: Quaquaval|Quaquaval, M|100/100
|-damage|p1a: PonnieColeman|48/100 psn|[from] Spikes
|turn|28
|inactive|BigCungusxRemix has 90 seconds left.
|
|t:|1779666815
|move|p1a: PonnieColeman|Rage Fist|p2a: Quaquaval
|-damage|p2a: Quaquaval|35/100
|move|p2a: Quaquaval|Close Combat|p1a: PonnieColeman
|-damage|p1a: PonnieColeman|0 fnt
|-unboost|p2a: Quaquaval|def|1
|-unboost|p2a: Quaquaval|spd|1
|faint|p1a: PonnieColeman
|-ability|p2a: Quaquaval|Moxie|boost
|-boost|p2a: Quaquaval|atk|1
|
|upkeep
|
|t:|1779666820
|switch|p1a: UngaBoonguss|Brute Bonnet|100/100
|-damage|p1a: UngaBoonguss|84/100|[from] Spikes
|-enditem|p1a: UngaBoonguss|Booster Energy
|-activate|p1a: UngaBoonguss|ability: Protosynthesis|[fromitem]
|-start|p1a: UngaBoonguss|protosynthesisatk
|turn|29
|inactive|my shitters has 90 seconds left.
|inactive|BigCungusxRemix has 90 seconds left.
|
|t:|1779666838
|-terastallize|p1a: UngaBoonguss|Poison
|move|p2a: Quaquaval|Aqua Step|p1a: UngaBoonguss
|-damage|p1a: UngaBoonguss|33/100
|-boost|p2a: Quaquaval|spe|1
|move|p1a: UngaBoonguss|Seed Bomb|p2a: Quaquaval
|-supereffective|p2a: Quaquaval
|-damage|p2a: Quaquaval|0 fnt
|faint|p2a: Quaquaval
|
|upkeep
|
|t:|1779666847
|switch|p2a: Volcanion|Volcanion, tera:Ghost|100/100
|turn|30
|
|t:|1779666849
|move|p1a: UngaBoonguss|Sucker Punch|p2a: Volcanion
|-supereffective|p2a: Volcanion
|-damage|p2a: Volcanion|17/100
|move|p2a: Volcanion|Steam Eruption|p1a: UngaBoonguss
|-damage|p1a: UngaBoonguss|0 fnt
|faint|p1a: UngaBoonguss
|-end|p1a: UngaBoonguss|Protosynthesis|[silent]
|
|win|BigCungusxRemix
|raw|my shitters's rating: 1370 &rarr; <strong>1350</strong><br />(-20 for losing)
|raw|BigCungusxRemix's rating: 1374 &rarr; <strong>1394</strong><br />(+20 for winning)
