|j|☆Linkinfernodouglas
|j|☆Test g17
|t:|1779635714
|gametype|singles
|player|p1|Linkinfernodouglas|169|1321
|player|p2|Test g17|hilbert|1368
|gen|9
|tier|[Gen 9] OU
|rated|
|rule|HP Percentage Mod: HP is shown in percentages
|rule|Endless Battle Clause: Forcing endless battles is banned
|rule|Species Clause: Limit one of each Pokémon
|rule|OHKO Clause: OHKO moves are banned
|rule|Evasion Items Clause: Evasion items are banned
|rule|Evasion Moves Clause: Evasion moves are banned
|rule|Evasion Abilities Clause: Evasion abilities are banned
|rule|Sleep Moves Clause: Sleep-inducing moves are banned
|clearpoke
|poke|p1|Dragonite, F|
|poke|p1|Cinderace, F|
|poke|p1|Glimmora, M|
|poke|p1|Deoxys-Speed|
|poke|p1|Ceruledge, M|
|poke|p1|Kingambit, F|
|poke|p2|Feraligatr, M|
|poke|p2|Pelipper, M|
|poke|p2|Raikou|
|poke|p2|Tornadus-Therian, M|
|poke|p2|Iron Treads|
|poke|p2|Samurott-Hisui, M|
|teampreview
|inactive|Battle timer is ON: inactive players will automatically lose when time's up. (requested by Linkinfernodouglas)
|inactive|Linkinfernodouglas has 120 seconds left.
|inactive|Linkinfernodouglas has 90 seconds left.
|
|t:|1779635788
|teamsize|p1|6
|teamsize|p2|6
|start
|switch|p1a: Glimmora|Glimmora, M|100/100
|switch|p2a: Samurott|Samurott-Hisui, M|100/100
|turn|1
|
|t:|1779635809
|move|p1a: Glimmora|Toxic|p2a: Samurott
|-status|p2a: Samurott|tox
|move|p2a: Samurott|Ceaseless Edge|p1a: Glimmora
|-damage|p1a: Glimmora|54/100
|-sidestart|p1: Linkinfernodouglas|Spikes
|
|-heal|p1a: Glimmora|60/100|[from] item: Leftovers
|-damage|p2a: Samurott|94/100 tox|[from] psn
|upkeep
|turn|2
|
|t:|1779635825
|move|p1a: Glimmora|Spiky Shield|p1a: Glimmora
|-singleturn|p1a: Glimmora|move: Protect
|move|p2a: Samurott|Aqua Cutter|p1a: Glimmora
|-activate|p1a: Glimmora|move: Protect
|
|-heal|p1a: Glimmora|67/100|[from] item: Leftovers
|-damage|p2a: Samurott|82/100 tox|[from] psn
|upkeep
|turn|3
|inactive|Linkinfernodouglas has 120 seconds left.
|inactive|Linkinfernodouglas has 90 seconds left.
|
|t:|1779635895
|-terastallize|p1a: Glimmora|Grass
|move|p1a: Glimmora|Power Gem|p2a: Samurott
|-damage|p2a: Samurott|46/100 tox
|move|p2a: Samurott|Ceaseless Edge|p1a: Glimmora
|-damage|p1a: Glimmora|18/100
|-sidestart|p1: Linkinfernodouglas|Spikes
|
|-heal|p1a: Glimmora|25/100|[from] item: Leftovers
|-damage|p2a: Samurott|28/100 tox|[from] psn
|upkeep
|turn|4
|inactive|Linkinfernodouglas has 60 seconds left.
|
|t:|1779635913
|switch|p2a: Iron Treads|Iron Treads|100/100
|-enditem|p2a: Iron Treads|Booster Energy
|-activate|p2a: Iron Treads|ability: Quark Drive|[fromitem]
|-start|p2a: Iron Treads|quarkdrivespe
|move|p1a: Glimmora|Spiky Shield||[still]
|-fail|p1a: Glimmora
|
|-heal|p1a: Glimmora|31/100|[from] item: Leftovers
|upkeep
|turn|5
|
|t:|1779635921
|move|p2a: Iron Treads|Earthquake|p1a: Glimmora
|-resisted|p1a: Glimmora
|-damage|p1a: Glimmora|9/100
|move|p1a: Glimmora|Toxic|p2a: Iron Treads
|-status|p2a: Iron Treads|tox
|
|-heal|p1a: Glimmora|15/100|[from] item: Leftovers
|-damage|p2a: Iron Treads|94/100 tox|[from] psn
|upkeep
|turn|6
|inactive|Linkinfernodouglas has 60 seconds left.
|
|t:|1779635939
|-end|p2a: Iron Treads|Quark Drive|[silent]
|switch|p2a: Raikou|Raikou, shiny|100/100
|-ability|p2a: Raikou|Pressure
|move|p1a: Glimmora|Spiky Shield||[still]
|-fail|p1a: Glimmora
|
|-heal|p1a: Glimmora|22/100|[from] item: Leftovers
|upkeep
|turn|7
|
|t:|1779635952
|move|p1a: Glimmora|Spiky Shield|p1a: Glimmora
|-singleturn|p1a: Glimmora|move: Protect
|move|p2a: Raikou|Volt Switch|p1a: Glimmora
|-activate|p1a: Glimmora|move: Protect
|
|-heal|p1a: Glimmora|28/100|[from] item: Leftovers
|upkeep
|turn|8
|
|t:|1779635961
|move|p2a: Raikou|Volt Switch|p1a: Glimmora
|-resisted|p1a: Glimmora
|-damage|p1a: Glimmora|9/100
|
|t:|1779635966
|switch|p2a: Iron Treads|Iron Treads|94/100 tox|[from] Volt Switch
|move|p1a: Glimmora|Toxic|p2a: Iron Treads
|-fail|p2a: Iron Treads|tox
|
|-heal|p1a: Glimmora|15/100|[from] item: Leftovers
|-damage|p2a: Iron Treads|88/100 tox|[from] psn
|upkeep
|turn|9
|
|t:|1779635976
|move|p1a: Glimmora|Spiky Shield|p1a: Glimmora
|-singleturn|p1a: Glimmora|move: Protect
|move|p2a: Iron Treads|Ice Spinner|p1a: Glimmora
|-activate|p1a: Glimmora|move: Protect
|-damage|p2a: Iron Treads|76/100 tox|[from] Spiky Shield|[of] p1a: Glimmora
|
|-heal|p1a: Glimmora|21/100|[from] item: Leftovers
|-damage|p2a: Iron Treads|63/100 tox|[from] psn
|upkeep
|turn|10
|
|t:|1779635990
|move|p2a: Iron Treads|Ice Spinner|p1a: Glimmora
|-supereffective|p1a: Glimmora
|-damage|p1a: Glimmora|0 fnt
|faint|p1a: Glimmora
|
|-damage|p2a: Iron Treads|44/100 tox|[from] psn
|upkeep
|inactive|Linkinfernodouglas has 60 seconds left.
|
|t:|1779636012
|switch|p1a: Cinderace|Cinderace, F|100/100
|turn|11
|
|t:|1779636016
|move|p1a: Cinderace|Court Change|p1a: Cinderace
|-start|p1a: Cinderace|typechange|Normal|[from] ability: Libero
|-swapsideconditions
|-activate|p1a: Cinderace|move: Court Change
|move|p2a: Iron Treads|Rapid Spin|p1a: Cinderace
|-damage|p1a: Cinderace|83/100
|-boost|p2a: Iron Treads|spe|1
|-sideend|p2: Test g17|Spikes|[from] move: Rapid Spin|[of] p2a: Iron Treads
|
|-damage|p2a: Iron Treads|20/100 tox|[from] psn
|upkeep
|turn|12
|
|t:|1779636026
|move|p2a: Iron Treads|Earthquake|p1a: Cinderace
|-damage|p1a: Cinderace|23/100
|move|p1a: Cinderace|Pyro Ball|p2a: Iron Treads
|-supereffective|p2a: Iron Treads
|-damage|p2a: Iron Treads|0 fnt
|faint|p2a: Iron Treads
|-end|p2a: Iron Treads|Quark Drive|[silent]
|
|upkeep
|
|t:|1779636031
|switch|p2a: Pelipper|Pelipper, M|100/100
|-weather|RainDance|[from] ability: Drizzle|[of] p2a: Pelipper
|turn|13
|
|t:|1779636036
|move|p1a: Cinderace|U-turn|p2a: Pelipper
|-resisted|p2a: Pelipper
|-damage|p2a: Pelipper|94/100
|
|t:|1779636040
|switch|p1a: Dragonite|Dragonite, F|100/100|[from] U-turn
|move|p2a: Pelipper|U-turn|p1a: Dragonite
|-resisted|p1a: Dragonite
|-damage|p1a: Dragonite|99/100
|-damage|p2a: Pelipper|78/100|[from] item: Rocky Helmet|[of] p1a: Dragonite
|
|t:|1779636045
|switch|p2a: Feraligatr|Feraligatr, M|100/100|[from] U-turn
|
|-weather|RainDance|[upkeep]
|upkeep
|turn|14
|
|t:|1779636051
|move|p2a: Feraligatr|Ice Punch|p1a: Dragonite
|-supereffective|p1a: Dragonite
|-damage|p1a: Dragonite|0 fnt
|-damage|p2a: Feraligatr|84/100|[from] item: Rocky Helmet|[of] p1a: Dragonite
|faint|p1a: Dragonite
|
|-weather|RainDance|[upkeep]
|upkeep
|
|t:|1779636059
|switch|p1a: Kingambit|Kingambit, F|100/100
|-ability|p1a: Kingambit|Pressure
|turn|15
|
|t:|1779636065
|move|p2a: Feraligatr|Liquidation|p1a: Kingambit
|-damage|p1a: Kingambit|31/100
|move|p1a: Kingambit|Substitute|p1a: Kingambit
|-start|p1a: Kingambit|Substitute
|-damage|p1a: Kingambit|6/100
|
|-weather|RainDance|[upkeep]
|-heal|p1a: Kingambit|12/100|[from] item: Leftovers
|upkeep
|turn|16
|
|t:|1779636070
|move|p1a: Kingambit|Protect|p1a: Kingambit
|-singleturn|p1a: Kingambit|Protect
|move|p2a: Feraligatr|Liquidation|p1a: Kingambit
|-activate|p1a: Kingambit|move: Protect
|
|-weather|RainDance|[upkeep]
|-heal|p1a: Kingambit|18/100|[from] item: Leftovers
|upkeep
|turn|17
|
|t:|1779636078
|move|p2a: Feraligatr|Liquidation|p1a: Kingambit
|-end|p1a: Kingambit|Substitute
|move|p1a: Kingambit|Kowtow Cleave|p2a: Feraligatr
|-damage|p2a: Feraligatr|36/100
|
|-weather|RainDance|[upkeep]
|-heal|p1a: Kingambit|24/100|[from] item: Leftovers
|upkeep
|turn|18
|inactive|Linkinfernodouglas has 120 seconds left.
|
|t:|1779636090
|move|p1a: Kingambit|Protect|p1a: Kingambit
|-singleturn|p1a: Kingambit|Protect
|move|p2a: Feraligatr|Liquidation|p1a: Kingambit
|-activate|p1a: Kingambit|move: Protect
|
|-weather|RainDance|[upkeep]
|-heal|p1a: Kingambit|31/100|[from] item: Leftovers
|upkeep
|turn|19
|inactive|Linkinfernodouglas has 120 seconds left.
|
|t:|1779636105
|move|p2a: Feraligatr|Liquidation|p1a: Kingambit
|-damage|p1a: Kingambit|0 fnt
|faint|p1a: Kingambit
|
|-weather|RainDance|[upkeep]
|upkeep
|
|t:|1779636128
|switch|p1a: Deoxys|Deoxys-Speed|100/100
|-ability|p1a: Deoxys|Pressure
|turn|20
|
|t:|1779636136
|move|p1a: Deoxys|Cosmic Power|p1a: Deoxys
|-boost|p1a: Deoxys|def|1
|-boost|p1a: Deoxys|spd|1
|move|p2a: Feraligatr|Liquidation|p1a: Deoxys
|-damage|p1a: Deoxys|34/100
|
|-weather|none
|upkeep
|turn|21
|
|t:|1779636147
|move|p1a: Deoxys|Recover|p1a: Deoxys
|-heal|p1a: Deoxys|84/100
|move|p2a: Feraligatr|Crunch|p1a: Deoxys
|-supereffective|p1a: Deoxys
|-damage|p1a: Deoxys|27/100
|-enditem|p1a: Deoxys|Weakness Policy
|-boost|p1a: Deoxys|atk|2|[from] item: Weakness Policy
|-boost|p1a: Deoxys|spa|2|[from] item: Weakness Policy
|
|upkeep
|turn|22
|
|t:|1779636163
|move|p1a: Deoxys|Stored Power|p2a: Feraligatr
|-damage|p2a: Feraligatr|0 fnt
|faint|p2a: Feraligatr
|
|upkeep
|
|t:|1779636177
|switch|p2a: Pelipper|Pelipper, M|78/100
|-weather|RainDance|[from] ability: Drizzle|[of] p2a: Pelipper
|turn|23
|inactive|Linkinfernodouglas has 90 seconds left.
|
|t:|1779636204
|switch|p2a: Samurott|Samurott-Hisui, M|28/100 tox
|move|p1a: Deoxys|Cosmic Power|p1a: Deoxys
|-boost|p1a: Deoxys|def|1
|-boost|p1a: Deoxys|spd|1
|
|-weather|RainDance|[upkeep]
|-damage|p2a: Samurott|21/100 tox|[from] psn
|upkeep
|turn|24
|
|t:|1779636209
|move|p2a: Samurott|Aqua Jet|p1a: Deoxys
|-damage|p1a: Deoxys|15/100
|move|p1a: Deoxys|Recover|p1a: Deoxys
|-heal|p1a: Deoxys|65/100
|
|-weather|RainDance|[upkeep]
|-damage|p2a: Samurott|9/100 tox|[from] psn
|upkeep
|turn|25
|
|t:|1779636218
|move|p1a: Deoxys|Cosmic Power|p1a: Deoxys
|-boost|p1a: Deoxys|def|1
|-boost|p1a: Deoxys|spd|1
|move|p2a: Samurott|Ceaseless Edge|p1a: Deoxys
|-supereffective|p1a: Deoxys
|-damage|p1a: Deoxys|29/100
|-sidestart|p1: Linkinfernodouglas|Spikes
|
|-weather|RainDance|[upkeep]
|-damage|p2a: Samurott|0 fnt|[from] psn
|faint|p2a: Samurott
|upkeep
|
|t:|1779636224
|switch|p2a: Tornadus|Tornadus-Therian, M|100/100
|turn|26
|
|t:|1779636243
|-terastallize|p2a: Tornadus|Flying
|move|p1a: Deoxys|Recover|p1a: Deoxys
|-heal|p1a: Deoxys|79/100
|move|p2a: Tornadus|Hurricane|p1a: Deoxys
|-damage|p1a: Deoxys|29/100
|
|-weather|RainDance|[upkeep]
|upkeep
|turn|27
|
|t:|1779636256
|move|p1a: Deoxys|Stored Power|p2a: Tornadus
|-damage|p2a: Tornadus|0 fnt
|faint|p2a: Tornadus
|
|-weather|RainDance|[upkeep]
|upkeep
|
|t:|1779636259
|switch|p2a: Raikou|Raikou, shiny|100/100
|-ability|p2a: Raikou|Pressure
|turn|28
|
|t:|1779636266
|move|p1a: Deoxys|Stored Power|p2a: Raikou
|-damage|p2a: Raikou|0 fnt
|faint|p2a: Raikou
|
|-weather|RainDance|[upkeep]
|upkeep
|
|t:|1779636268
|switch|p2a: Pelipper|Pelipper, M|78/100
|turn|29
|
|t:|1779636275
|move|p1a: Deoxys|Stored Power|p2a: Pelipper
|-damage|p2a: Pelipper|0 fnt
|faint|p2a: Pelipper
|
|win|Linkinfernodouglas
|raw|Linkinfernodouglas's rating: 1321 &rarr; <strong>1344</strong><br />(+23 for winning)
|raw|Test g17's rating: 1368 &rarr; <strong>1345</strong><br />(-23 for losing)
|c|☆Test g17|No skill
|c|☆Linkinfernodouglas|gg
|c|☆Test g17|Loser
|l|☆Test g17
|player|p2|
|c|☆Linkinfernodouglas|Bro got tricked lmao
