|j|☆Sloth&friends
|j|☆didierbomboclap2
|t:|1779685661
|gametype|singles
|player|p1|Sloth&friends|266|1139
|player|p2|didierbomboclap2|2|1117
|gen|9
|tier|[Gen 9] OU
|rated|
|rule|HP Percentage Mod: HP is shown in percentages
|rule|Endless Battle Clause: Forcing endless battles is banned
|rule|Species Clause: Limit one of each Pokémon
|rule|OHKO Clause: OHKO moves are banned
|rule|Evasion Items Clause: Evasion items are banned
|rule|Evasion Moves Clause: Evasion moves are banned
|rule|Evasion Abilities Clause: Evasion abilities are banned
|rule|Sleep Moves Clause: Sleep-inducing moves are banned
|clearpoke
|poke|p1|Staraptor, M|
|poke|p1|Maushold-Four|
|poke|p1|Gliscor, M|
|poke|p1|Rotom-Wash|
|poke|p1|Typhlosion-Hisui, F|
|poke|p1|Ditto|
|poke|p2|Iron Hands|
|poke|p2|Garganacl, F|
|poke|p2|Amoonguss, M|
|poke|p2|Gliscor, F|
|poke|p2|Kingambit, M|
|poke|p2|Bisharp, F|
|teampreview
|
|t:|1779685676
|teamsize|p1|6
|teamsize|p2|6
|start
|switch|p1a: Fuller House|Maushold-Four|100/100
|switch|p2a: Bisharp|Bisharp, F|100/100
|turn|1
|
|t:|1779685695
|move|p1a: Fuller House|Tidy Up|p1a: Fuller House
|-boost|p1a: Fuller House|atk|1
|-boost|p1a: Fuller House|spe|1
|move|p2a: Bisharp|Swords Dance|p2a: Bisharp
|-boost|p2a: Bisharp|atk|2
|
|upkeep
|turn|2
|
|t:|1779685707
|move|p2a: Bisharp|Sucker Punch|p1a: Fuller House
|-damage|p1a: Fuller House|0 fnt
|faint|p1a: Fuller House
|
|upkeep
|
|t:|1779685717
|switch|p1a: Play-Doh|Ditto|100/100
|-transform|p1a: Play-Doh|p2a: Bisharp|[from] ability: Imposter
|turn|3
|
|t:|1779685728
|move|p2a: Bisharp|Sucker Punch|p1a: Play-Doh
|-resisted|p1a: Play-Doh
|-damage|p1a: Play-Doh|61/100
|move|p1a: Play-Doh|Iron Head|p2a: Bisharp
|-resisted|p2a: Bisharp
|-damage|p2a: Bisharp|61/100
|
|upkeep
|turn|4
|
|t:|1779685741
|move|p2a: Bisharp|Sucker Punch|p1a: Play-Doh
|-resisted|p1a: Play-Doh
|-damage|p1a: Play-Doh|23/100
|move|p1a: Play-Doh|Iron Head|p2a: Bisharp
|-resisted|p2a: Bisharp
|-damage|p2a: Bisharp|22/100
|
|upkeep
|turn|5
|
|t:|1779685754
|move|p2a: Bisharp|Sucker Punch|p1a: Play-Doh
|-resisted|p1a: Play-Doh
|-damage|p1a: Play-Doh|0 fnt
|faint|p1a: Play-Doh
|
|upkeep
|
|t:|1779685774
|switch|p1a: It's Gotta Be Tide|Rotom-Wash|100/100
|turn|6
|
|t:|1779685783
|move|p2a: Bisharp|Sucker Punch|p1a: It's Gotta Be Tide
|-damage|p1a: It's Gotta Be Tide|2/100
|move|p1a: It's Gotta Be Tide|Discharge|p2a: Bisharp
|-damage|p2a: Bisharp|0 fnt
|faint|p2a: Bisharp
|
|upkeep
|
|t:|1779685793
|switch|p2a: Garganacl|Garganacl, F|100/100
|turn|7
|
|t:|1779685799
|move|p1a: It's Gotta Be Tide|Discharge|p2a: Garganacl
|-crit|p2a: Garganacl
|-damage|p2a: Garganacl|59/100
|move|p2a: Garganacl|Salt Cure|p1a: It's Gotta Be Tide
|-damage|p1a: It's Gotta Be Tide|0 fnt
|faint|p1a: It's Gotta Be Tide
|
|-heal|p2a: Garganacl|65/100|[from] item: Leftovers
|upkeep
|
|t:|1779685821
|switch|p1a: Bully McGuire|Staraptor, M|100/100
|turn|8
|
|t:|1779685829
|-terastallize|p2a: Garganacl|Flying
|move|p2a: Garganacl|Protect|p2a: Garganacl
|-singleturn|p2a: Garganacl|Protect
|move|p1a: Bully McGuire|Close Combat|p2a: Garganacl
|-activate|p2a: Garganacl|move: Protect
|
|-heal|p2a: Garganacl|71/100|[from] item: Leftovers
|upkeep
|turn|9
|
|t:|1779685857
|switch|p1a: Deathdrop|Gliscor, M|100/100
|move|p2a: Garganacl|Salt Cure|p1a: Deathdrop
|-damage|p1a: Deathdrop|88/100
|-start|p1a: Deathdrop|Salt Cure
|
|-heal|p2a: Garganacl|77/100|[from] item: Leftovers
|-damage|p1a: Deathdrop|76/100|[from] Salt Cure
|-status|p1a: Deathdrop|tox|[from] item: Toxic Orb
|upkeep
|turn|10
|
|t:|1779685874
|move|p1a: Deathdrop|Knock Off|p2a: Garganacl
|-crit|p2a: Garganacl
|-damage|p2a: Garganacl|54/100
|-enditem|p2a: Garganacl|Leftovers|[from] move: Knock Off|[of] p1a: Deathdrop
|move|p2a: Garganacl|Body Press|p1a: Deathdrop
|-resisted|p1a: Deathdrop
|-damage|p1a: Deathdrop|62/100 tox
|
|-heal|p1a: Deathdrop|74/100 tox|[from] ability: Poison Heal
|-damage|p1a: Deathdrop|62/100 tox|[from] Salt Cure
|upkeep
|turn|11
|
|t:|1779685889
|move|p2a: Garganacl|Protect|p2a: Garganacl
|-singleturn|p2a: Garganacl|Protect
|move|p1a: Deathdrop|Swords Dance|p1a: Deathdrop
|-boost|p1a: Deathdrop|atk|2
|
|-heal|p1a: Deathdrop|74/100 tox|[from] ability: Poison Heal
|-damage|p1a: Deathdrop|62/100 tox|[from] Salt Cure
|upkeep
|turn|12
|
|t:|1779685915
|move|p1a: Deathdrop|Swords Dance|p1a: Deathdrop
|-boost|p1a: Deathdrop|atk|2
|move|p2a: Garganacl|Recover|p2a: Garganacl
|-heal|p2a: Garganacl|100/100
|
|-heal|p1a: Deathdrop|74/100 tox|[from] ability: Poison Heal
|-damage|p1a: Deathdrop|62/100 tox|[from] Salt Cure
|upkeep
|turn|13
|
|t:|1779685930
|move|p1a: Deathdrop|Swords Dance|p1a: Deathdrop
|-boost|p1a: Deathdrop|atk|2
|move|p2a: Garganacl|Salt Cure|p1a: Deathdrop
|-damage|p1a: Deathdrop|48/100 tox
|
|-heal|p1a: Deathdrop|60/100 tox|[from] ability: Poison Heal
|-damage|p1a: Deathdrop|48/100 tox|[from] Salt Cure
|upkeep
|turn|14
|
|t:|1779685946
|move|p2a: Garganacl|Protect|p2a: Garganacl
|-singleturn|p2a: Garganacl|Protect
|move|p1a: Deathdrop|Knock Off|p2a: Garganacl
|-activate|p2a: Garganacl|move: Protect
|
|-heal|p1a: Deathdrop|60/100 tox|[from] ability: Poison Heal
|-damage|p1a: Deathdrop|48/100 tox|[from] Salt Cure
|upkeep
|turn|15
|
|t:|1779685957
|move|p1a: Deathdrop|Knock Off|p2a: Garganacl
|-damage|p2a: Garganacl|58/100
|move|p2a: Garganacl|Salt Cure|p1a: Deathdrop
|-damage|p1a: Deathdrop|35/100 tox
|
|-heal|p1a: Deathdrop|47/100 tox|[from] ability: Poison Heal
|-damage|p1a: Deathdrop|35/100 tox|[from] Salt Cure
|upkeep
|turn|16
|
|t:|1779685970
|move|p1a: Deathdrop|Knock Off|p2a: Garganacl
|-damage|p2a: Garganacl|21/100
|move|p2a: Garganacl|Recover|p2a: Garganacl
|-heal|p2a: Garganacl|71/100
|
|-heal|p1a: Deathdrop|47/100 tox|[from] ability: Poison Heal
|-damage|p1a: Deathdrop|35/100 tox|[from] Salt Cure
|upkeep
|turn|17
|
|t:|1779685980
|move|p1a: Deathdrop|Knock Off|p2a: Garganacl
|-damage|p2a: Garganacl|27/100
|move|p2a: Garganacl|Salt Cure|p1a: Deathdrop
|-damage|p1a: Deathdrop|21/100 tox
|
|-heal|p1a: Deathdrop|34/100 tox|[from] ability: Poison Heal
|-damage|p1a: Deathdrop|21/100 tox|[from] Salt Cure
|upkeep
|turn|18
|
|t:|1779685993
|move|p2a: Garganacl|Protect|p2a: Garganacl
|-singleturn|p2a: Garganacl|Protect
|move|p1a: Deathdrop|Knock Off|p2a: Garganacl
|-activate|p2a: Garganacl|move: Protect
|
|-heal|p1a: Deathdrop|34/100 tox|[from] ability: Poison Heal
|-damage|p1a: Deathdrop|21/100 tox|[from] Salt Cure
|upkeep
|turn|19
|
|t:|1779686008
|move|p1a: Deathdrop|Dual Wingbeat|p2a: Garganacl
|-damage|p2a: Garganacl|0 fnt
|faint|p2a: Garganacl
|-hitcount|p2: Garganacl|1
|
|-heal|p1a: Deathdrop|34/100 tox|[from] ability: Poison Heal
|-damage|p1a: Deathdrop|21/100 tox|[from] Salt Cure
|upkeep
|
|t:|1779686020
|switch|p2a: Gliscor|Gliscor, F|100/100
|turn|20
|
|t:|1779686052
|move|p1a: Deathdrop|Knock Off|p2a: Gliscor
|-damage|p2a: Gliscor|24/100
|-enditem|p2a: Gliscor|Toxic Orb|[from] move: Knock Off|[of] p1a: Deathdrop
|move|p2a: Gliscor|Stealth Rock|p1a: Deathdrop
|-sidestart|p1: Sloth&friends|move: Stealth Rock
|
|-heal|p1a: Deathdrop|34/100 tox|[from] ability: Poison Heal
|-damage|p1a: Deathdrop|21/100 tox|[from] Salt Cure
|upkeep
|turn|21
|
|t:|1779686090
|move|p2a: Gliscor|Protect|p2a: Gliscor
|-singleturn|p2a: Gliscor|Protect
|move|p1a: Deathdrop|Dual Wingbeat|p2a: Gliscor
|-activate|p2a: Gliscor|move: Protect
|
|-heal|p1a: Deathdrop|34/100 tox|[from] ability: Poison Heal
|-damage|p1a: Deathdrop|21/100 tox|[from] Salt Cure
|upkeep
|turn|22
|
|t:|1779686104
|switch|p2a: Amoonguss|Amoonguss, M|100/100
|move|p1a: Deathdrop|Dual Wingbeat|p2a: Amoonguss
|-supereffective|p2a: Amoonguss
|-damage|p2a: Amoonguss|0 fnt
|faint|p2a: Amoonguss
|-hitcount|p2: Amoonguss|1
|
|-heal|p1a: Deathdrop|34/100 tox|[from] ability: Poison Heal
|-damage|p1a: Deathdrop|21/100 tox|[from] Salt Cure
|upkeep
|
|t:|1779686116
|switch|p2a: Iron Hands|Iron Hands|100/100
|turn|23
|
|t:|1779686124
|move|p1a: Deathdrop|Earthquake|p2a: Iron Hands
|-supereffective|p2a: Iron Hands
|-damage|p2a: Iron Hands|0 fnt
|faint|p2a: Iron Hands
|-end|p2a: Iron Hands|Quark Drive|[silent]
|
|-heal|p1a: Deathdrop|34/100 tox|[from] ability: Poison Heal
|-damage|p1a: Deathdrop|21/100 tox|[from] Salt Cure
|upkeep
|
|t:|1779686133
|switch|p2a: Kingambit|Kingambit, M|100/100
|-activate|p2a: Kingambit|ability: Supreme Overlord
|-start|p2a: Kingambit|fallen4|[silent]
|turn|24
|
|t:|1779686140
|move|p2a: Kingambit|Sucker Punch|p1a: Deathdrop
|-damage|p1a: Deathdrop|0 fnt
|faint|p1a: Deathdrop
|
|upkeep
|
|t:|1779686149
|switch|p1a: Vesuvius|Typhlosion-Hisui, F|100/100
|-damage|p1a: Vesuvius|76/100|[from] Stealth Rock
|-item|p2a: Kingambit|Black Glasses|[from] ability: Frisk|[of] p1a: Vesuvius
|turn|25
|
|t:|1779686163
|-terastallize|p1a: Vesuvius|Fire
|move|p2a: Kingambit|Protect|p2a: Kingambit
|-singleturn|p2a: Kingambit|Protect
|move|p1a: Vesuvius|Lava Plume|p2a: Kingambit
|-activate|p2a: Kingambit|move: Protect
|
|upkeep
|turn|26
|
|t:|1779686175
|move|p2a: Kingambit|Sucker Punch|p1a: Vesuvius
|-damage|p1a: Vesuvius|0 fnt
|faint|p1a: Vesuvius
|
|upkeep
|
|t:|1779686189
|switch|p1a: Bully McGuire|Staraptor, M|100/100
|-damage|p1a: Bully McGuire|76/100|[from] Stealth Rock
|turn|27
|
|t:|1779686197
|move|p2a: Kingambit|Sucker Punch|p1a: Bully McGuire
|-damage|p1a: Bully McGuire|0 fnt
|faint|p1a: Bully McGuire
|
|win|didierbomboclap2
|raw|Sloth&amp;friends's rating: 1139 &rarr; <strong>1112</strong><br />(-27 for losing)
|raw|didierbomboclap2's rating: 1117 &rarr; <strong>1144</strong><br />(+27 for winning)
|l|☆Sloth&friends
|player|p1|
