|j|☆FeetSnifferXO
|j|☆39% gxe
|t:|1779559875
|gametype|singles
|player|p1|FeetSnifferXO|169|1134
|player|p2|39% gxe|2|1125
|gen|9
|tier|[Gen 9] OU
|rated|
|rule|HP Percentage Mod: HP is shown in percentages
|rule|Endless Battle Clause: Forcing endless battles is banned
|rule|Species Clause: Limit one of each Pokémon
|rule|OHKO Clause: OHKO moves are banned
|rule|Evasion Items Clause: Evasion items are banned
|rule|Evasion Moves Clause: Evasion moves are banned
|rule|Evasion Abilities Clause: Evasion abilities are banned
|rule|Sleep Moves Clause: Sleep-inducing moves are banned
|clearpoke
|poke|p1|Garganacl, M|
|poke|p1|Alomomola, F|
|poke|p1|Maushold-Four|
|poke|p1|Gliscor, F|
|poke|p1|Corviknight, F|
|poke|p1|Blissey, F|
|poke|p2|Iron Crown|
|poke|p2|Moltres|
|poke|p2|Great Tusk|
|poke|p2|Wo-Chien|
|poke|p2|Iron Valiant|
|poke|p2|Kyurem|
|teampreview
|inactive|Battle timer is ON: inactive players will automatically lose when time's up. (requested by 39% gxe)
|c|☆FeetSnifferXO|wrong team fck
|
|t:|1779559899
|teamsize|p1|6
|teamsize|p2|6
|start
|switch|p1a: Garganacl|Garganacl, M|100/100
|switch|p2a: shaq|Great Tusk|100/100
|turn|1
|
|t:|1779559912
|-terastallize|p1a: Garganacl|Bug
|move|p2a: shaq|Rapid Spin|p1a: Garganacl
|-damage|p1a: Garganacl|90/100
|-boost|p2a: shaq|spe|1
|move|p1a: Garganacl|Salt Cure|p2a: shaq
|-resisted|p2a: shaq
|-damage|p2a: shaq|98/100
|-start|p2a: shaq|Salt Cure
|
|-heal|p1a: Garganacl|96/100|[from] item: Leftovers
|-damage|p2a: shaq|86/100|[from] Salt Cure
|upkeep
|turn|2
|
|t:|1779559924
|move|p2a: shaq|Stealth Rock|p1a: Garganacl
|-sidestart|p1: FeetSnifferXO|move: Stealth Rock
|move|p1a: Garganacl|Iron Defense|p1a: Garganacl
|-boost|p1a: Garganacl|def|2
|
|-heal|p1a: Garganacl|100/100|[from] item: Leftovers
|-damage|p2a: shaq|73/100|[from] Salt Cure
|upkeep
|turn|3
|
|t:|1779559931
|-end|p2a: shaq|Protosynthesis|[silent]
|switch|p2a: Boolymon|Kyurem|100/100
|-ability|p2a: Boolymon|Pressure
|move|p1a: Garganacl|Iron Defense|p1a: Garganacl
|-boost|p1a: Garganacl|def|2
|
|upkeep
|turn|4
|
|t:|1779559945
|move|p2a: Boolymon|Substitute|p2a: Boolymon
|-start|p2a: Boolymon|Substitute
|-damage|p2a: Boolymon|75/100
|move|p1a: Garganacl|Body Press|p2a: Boolymon
|-supereffective|p2a: Boolymon
|-end|p2a: Boolymon|Substitute
|
|-heal|p2a: Boolymon|82/100|[from] item: Leftovers
|upkeep
|turn|5
|
|t:|1779559955
|-terastallize|p2a: Boolymon|Ground
|move|p2a: Boolymon|Freeze-Dry|p1a: Garganacl
|-damage|p1a: Garganacl|74/100
|move|p1a: Garganacl|Body Press|p2a: Boolymon
|-damage|p2a: Boolymon|11/100
|
|-heal|p2a: Boolymon|17/100|[from] item: Leftovers
|-heal|p1a: Garganacl|80/100|[from] item: Leftovers
|upkeep
|turn|6
|
|t:|1779559965
|move|p2a: Boolymon|Freeze-Dry|p1a: Garganacl
|-damage|p1a: Garganacl|50/100
|move|p1a: Garganacl|Body Press|p2a: Boolymon
|-damage|p2a: Boolymon|0 fnt
|faint|p2a: Boolymon
|
|-heal|p1a: Garganacl|56/100|[from] item: Leftovers
|upkeep
|
|t:|1779559979
|switch|p2a: freaky ahh bird|Moltres|100/100
|turn|7
|
|t:|1779559983
|move|p2a: freaky ahh bird|Flamethrower|p1a: Garganacl
|-supereffective|p1a: Garganacl
|-damage|p1a: Garganacl|0 fnt
|faint|p1a: Garganacl
|
|upkeep
|
|t:|1779559998
|switch|p1a: Gliscor|Gliscor, F|100/100
|-damage|p1a: Gliscor|88/100|[from] Stealth Rock
|turn|8
|
|t:|1779560022
|switch|p2a: shaq|Great Tusk|73/100
|move|p1a: Gliscor|Toxic|p2a: shaq
|-status|p2a: shaq|tox
|
|-damage|p2a: shaq|67/100 tox|[from] psn
|-status|p1a: Gliscor|tox|[from] item: Toxic Orb
|upkeep
|turn|9
|
|t:|1779560037
|move|p2a: shaq|Rapid Spin|p1a: Gliscor
|-damage|p1a: Gliscor|77/100 tox
|-boost|p2a: shaq|spe|1
|move|p1a: Gliscor|Spikes|p2a: shaq
|-sidestart|p2: 39% gxe|Spikes
|
|-damage|p2a: shaq|55/100 tox|[from] psn
|-heal|p1a: Gliscor|90/100 tox|[from] ability: Poison Heal
|upkeep
|turn|10
|
|t:|1779560047
|move|p2a: shaq|Ice Spinner|p1a: Gliscor
|-supereffective|p1a: Gliscor
|-damage|p1a: Gliscor|21/100 tox
|move|p1a: Gliscor|Spikes|p2a: shaq
|-sidestart|p2: 39% gxe|Spikes
|
|-damage|p2a: shaq|36/100 tox|[from] psn
|-heal|p1a: Gliscor|33/100 tox|[from] ability: Poison Heal
|upkeep
|turn|11
|
|t:|1779560058
|move|p1a: Gliscor|Protect|p1a: Gliscor
|-singleturn|p1a: Gliscor|Protect
|move|p2a: shaq|Ice Spinner|p1a: Gliscor
|-activate|p1a: Gliscor|move: Protect
|
|-damage|p2a: shaq|11/100 tox|[from] psn
|-heal|p1a: Gliscor|46/100 tox|[from] ability: Poison Heal
|upkeep
|turn|12
|
|t:|1779560068
|-end|p2a: shaq|Protosynthesis|[silent]
|switch|p2a: dudeman|Iron Crown|100/100
|-damage|p2a: dudeman|84/100|[from] Spikes
|switch|p1a: Alomomola|Alomomola, F|100/100
|-damage|p1a: Alomomola|88/100|[from] Stealth Rock
|
|-heal|p1a: Alomomola|94/100|[from] item: Leftovers
|upkeep
|turn|13
|
|t:|1779560080
|move|p2a: dudeman|Focus Blast|p1a: Alomomola
|-crit|p1a: Alomomola
|-damage|p1a: Alomomola|9/100
|-unboost|p1a: Alomomola|spd|1
|move|p1a: Alomomola|Wish|p1a: Alomomola
|
|-heal|p1a: Alomomola|15/100|[from] item: Leftovers
|upkeep
|turn|14
|
|t:|1779560097
|-end|p2a: dudeman|Quark Drive|[silent]
|switch|p2a: what set am i?|Iron Valiant|100/100
|-damage|p2a: what set am i?|84/100|[from] Spikes
|-enditem|p2a: what set am i?|Booster Energy
|-activate|p2a: what set am i?|ability: Quark Drive|[fromitem]
|-start|p2a: what set am i?|quarkdrivespe
|move|p1a: Alomomola|Flip Turn|p2a: what set am i?
|-damage|p2a: what set am i?|62/100
|
|t:|1779560107
|switch|p1a: Gliscor|Gliscor, F|46/100 tox|[from] Flip Turn
|-damage|p1a: Gliscor|33/100 tox|[from] Stealth Rock
|
|-heal|p1a: Gliscor|100/100 tox|[from] move: Wish|[wisher] Alomomola
|upkeep
|turn|15
|
|t:|1779560118
|-end|p2a: what set am i?|Quark Drive|[silent]
|switch|p2a: dudeman|Iron Crown|84/100
|-damage|p2a: dudeman|67/100|[from] Spikes
|move|p1a: Gliscor|Toxic|p2a: dudeman|[miss]
|-miss|p1a: Gliscor|p2a: dudeman
|
|upkeep
|turn|16
|
|t:|1779560126
|move|p2a: dudeman|Tachyon Cutter|p1a: Gliscor
|-damage|p1a: Gliscor|56/100 tox
|-damage|p1a: Gliscor|10/100 tox
|-hitcount|p1a: Gliscor|2
|move|p1a: Gliscor|Earthquake|p2a: dudeman
|-supereffective|p2a: dudeman
|-damage|p2a: dudeman|2/100
|
|-heal|p1a: Gliscor|23/100 tox|[from] ability: Poison Heal
|upkeep
|turn|17
|
|t:|1779560144
|move|p2a: dudeman|Tachyon Cutter|p1a: Gliscor
|-damage|p1a: Gliscor|0 fnt
|faint|p1a: Gliscor
|-hitcount|p1: Gliscor|1
|
|upkeep
|
|t:|1779560154
|switch|p1a: Maushold|Maushold-Four|100/100
|-damage|p1a: Maushold|88/100|[from] Stealth Rock
|turn|18
|
|t:|1779560164
|-end|p2a: dudeman|Quark Drive|[silent]
|switch|p2a: freaky ahh bird|Moltres|100/100
|move|p1a: Maushold|Population Bomb|p2a: freaky ahh bird
|-damage|p2a: freaky ahh bird|93/100
|-damage|p2a: freaky ahh bird|86/100
|-status|p1a: Maushold|brn|[from] ability: Flame Body|[of] p2a: freaky ahh bird
|-damage|p2a: freaky ahh bird|82/100
|-crit|p2a: freaky ahh bird
|-damage|p2a: freaky ahh bird|76/100
|-damage|p2a: freaky ahh bird|72/100
|-damage|p2a: freaky ahh bird|69/100
|-damage|p2a: freaky ahh bird|65/100
|-damage|p2a: freaky ahh bird|61/100
|-damage|p2a: freaky ahh bird|57/100
|-damage|p2a: freaky ahh bird|54/100
|-hitcount|p2a: freaky ahh bird|10
|
|-damage|p1a: Maushold|82/100 brn|[from] brn
|upkeep
|turn|19
|
|t:|1779560184
|move|p1a: Maushold|Population Bomb|p2a: freaky ahh bird
|-damage|p2a: freaky ahh bird|50/100
|-damage|p2a: freaky ahh bird|46/100
|-hitcount|p2a: freaky ahh bird|2
|move|p2a: freaky ahh bird|Roost|p2a: freaky ahh bird
|-heal|p2a: freaky ahh bird|96/100
|-singleturn|p2a: freaky ahh bird|move: Roost
|
|-damage|p1a: Maushold|76/100 brn|[from] brn
|upkeep
|turn|20
|
|t:|1779560198
|switch|p1a: Blissey|Blissey, F|100/100
|move|p2a: freaky ahh bird|Flamethrower|p1a: Blissey
|-damage|p1a: Blissey|89/100
|
|upkeep
|turn|21
|
|t:|1779560205
|move|p2a: freaky ahh bird|U-turn|p1a: Blissey
|-damage|p1a: Blissey|76/100
|
|t:|1779560211
|switch|p2a: Osamason|Wo-Chien|100/100|[from] U-turn
|-damage|p2a: Osamason|84/100|[from] Spikes
|-ability|p2a: Osamason|Tablets of Ruin
|move|p1a: Blissey|Thunder Wave|p2a: Osamason
|-status|p2a: Osamason|par
|
|-heal|p2a: Osamason|90/100 par|[from] item: Leftovers
|upkeep
|turn|22
|
|t:|1779560222
|move|p1a: Blissey|Stealth Rock|p2a: Osamason
|-sidestart|p2: 39% gxe|move: Stealth Rock
|move|p2a: Osamason|Leech Seed|p1a: Blissey
|-start|p1a: Blissey|move: Leech Seed
|
|-heal|p2a: Osamason|96/100 par|[from] item: Leftovers
|-damage|p1a: Blissey|63/100|[from] Leech Seed|[of] p2a: Osamason
|-heal|p2a: Osamason|100/100 par|[silent]
|upkeep
|turn|23
|
|t:|1779560233
|switch|p1a: Alomomola|Alomomola, F|15/100
|-damage|p1a: Alomomola|2/100|[from] Stealth Rock
|cant|p2a: Osamason|par
|
|-heal|p1a: Alomomola|9/100|[from] item: Leftovers
|upkeep
|turn|24
|
|t:|1779560241
|move|p1a: Alomomola|Wish|p1a: Alomomola
|move|p2a: Osamason|Knock Off|p1a: Alomomola
|-damage|p1a: Alomomola|0 fnt
|-enditem|p1a: Alomomola|Leftovers|[from] move: Knock Off|[of] p2a: Osamason
|faint|p1a: Alomomola
|
|upkeep
|
|t:|1779560251
|switch|p1a: Maushold|Maushold-Four|76/100 brn
|-damage|p1a: Maushold|63/100 brn|[from] Stealth Rock
|turn|25
|
|t:|1779560259
|move|p1a: Maushold|Population Bomb|p2a: Osamason
|-damage|p2a: Osamason|97/100 par
|-damage|p2a: Osamason|94/100 par
|-damage|p2a: Osamason|90/100 par
|-damage|p2a: Osamason|87/100 par
|-damage|p2a: Osamason|83/100 par
|-damage|p2a: Osamason|79/100 par
|-crit|p2a: Osamason
|-damage|p2a: Osamason|73/100 par
|-hitcount|p2a: Osamason|7
|move|p2a: Osamason|Leech Seed|p1a: Maushold
|-start|p1a: Maushold|move: Leech Seed
|
|-heal|p1a: Maushold|100/100 brn|[from] move: Wish|[wisher] Alomomola
|-heal|p2a: Osamason|80/100 par|[from] item: Leftovers
|-damage|p1a: Maushold|88/100 brn|[from] Leech Seed|[of] p2a: Osamason
|-heal|p2a: Osamason|89/100 par|[silent]
|-damage|p1a: Maushold|82/100 brn|[from] brn
|upkeep
|turn|26
|
|t:|1779560278
|switch|p1a: Corviknight|Corviknight, F|100/100
|-damage|p1a: Corviknight|88/100|[from] Stealth Rock
|-ability|p1a: Corviknight|Pressure
|move|p2a: Osamason|Leech Seed|p1a: Corviknight
|-start|p1a: Corviknight|move: Leech Seed
|
|-heal|p2a: Osamason|95/100 par|[from] item: Leftovers
|-damage|p1a: Corviknight|76/100|[from] Leech Seed|[of] p2a: Osamason
|-heal|p2a: Osamason|100/100 par|[silent]
|upkeep
|turn|27
|
|t:|1779560288
|move|p2a: Osamason|Protect|p2a: Osamason
|-singleturn|p2a: Osamason|Protect
|move|p1a: Corviknight|Brave Bird|p2a: Osamason
|-activate|p2a: Osamason|move: Protect
|
|-damage|p1a: Corviknight|64/100|[from] Leech Seed|[of] p2a: Osamason
|upkeep
|turn|28
|-message|FeetSnifferXO forfeited.
|
|win|39% gxe
|raw|FeetSnifferXO's rating: 1134 &rarr; <strong>1108</strong><br />(-26 for losing)
|raw|39% gxe's rating: 1125 &rarr; <strong>1151</strong><br />(+26 for winning)
|l|☆FeetSnifferXO
|player|p1|
