|j|☆yeroVH
|j|☆tmrrxw
|t:|1779569323
|gametype|singles
|player|p1|yeroVH|hilbert|1167
|player|p2|tmrrxw|iris-gen5bw2|1273
|gen|9
|tier|[Gen 9] OU
|rated|
|rule|HP Percentage Mod: HP is shown in percentages
|rule|Endless Battle Clause: Forcing endless battles is banned
|rule|Species Clause: Limit one of each Pokémon
|rule|OHKO Clause: OHKO moves are banned
|rule|Evasion Items Clause: Evasion items are banned
|rule|Evasion Moves Clause: Evasion moves are banned
|rule|Evasion Abilities Clause: Evasion abilities are banned
|rule|Sleep Moves Clause: Sleep-inducing moves are banned
|clearpoke
|poke|p1|Torkoal, F|
|poke|p1|Camerupt, M|
|poke|p1|Metagross|
|poke|p1|Venusaur, M|
|poke|p1|Shiftry, M|
|poke|p1|Whimsicott, M|
|poke|p2|Reuniclus, F|
|poke|p2|Darkrai|
|poke|p2|Samurott-Hisui, M|
|poke|p2|Primarina, F|
|poke|p2|Gholdengo|
|poke|p2|Landorus-Therian, M|
|teampreview
|
|t:|1779569351
|teamsize|p1|6
|teamsize|p2|6
|start
|switch|p1a: Metagross|Metagross|100/100
|switch|p2a: Samurott|Samurott-Hisui, M|100/100
|turn|1
|
|t:|1779569365
|move|p2a: Samurott|Ceaseless Edge|p1a: Metagross
|-supereffective|p1a: Metagross
|-damage|p1a: Metagross|21/100
|-sidestart|p1: yeroVH|Spikes
|move|p1a: Metagross|Meteor Mash|p2a: Samurott
|-resisted|p2a: Samurott
|-damage|p2a: Samurott|71/100
|-boost|p1a: Metagross|atk|1
|
|-heal|p1a: Metagross|27/100|[from] item: Leftovers
|upkeep
|turn|2
|
|t:|1779569381
|switch|p1a: Whimsicott|Whimsicott, M, shiny|100/100
|-damage|p1a: Whimsicott|88/100|[from] Spikes
|move|p2a: Samurott|Sucker Punch||[still]
|-fail|p2a: Samurott
|
|upkeep
|turn|3
|
|t:|1779569403
|switch|p2a: Metastasis|Reuniclus, F|100/100
|move|p1a: Whimsicott|Moonblast|p2a: Metastasis
|-damage|p2a: Metastasis|61/100
|
|upkeep
|turn|4
|
|t:|1779569412
|move|p1a: Whimsicott|Tailwind|p1a: Whimsicott
|-sidestart|p1: yeroVH|move: Tailwind
|move|p2a: Metastasis|Trick Room|p2a: Metastasis
|-fieldstart|move: Trick Room|[of] p2a: Metastasis
|
|upkeep
|turn|5
|
|t:|1779569456
|switch|p1a: Shiftry|Shiftry, M|100/100
|-damage|p1a: Shiftry|88/100|[from] Spikes
|-ability|p1a: Shiftry|Wind Rider|boost
|-boost|p1a: Shiftry|atk|1
|move|p2a: Metastasis|Psychic Noise|p1a: Shiftry
|-immune|p1a: Shiftry
|
|upkeep
|turn|6
|
|t:|1779569467
|move|p1a: Shiftry|Sucker Punch|p2a: Metastasis
|-supereffective|p2a: Metastasis
|-damage|p2a: Metastasis|0 fnt
|faint|p2a: Metastasis
|
|upkeep
|
|t:|1779569472
|switch|p2a: Primarina|Primarina, F|100/100
|turn|7
|
|t:|1779569482
|switch|p1a: Whimsicott|Whimsicott, M, shiny|88/100
|-damage|p1a: Whimsicott|76/100|[from] Spikes
|move|p2a: Primarina|Psychic Noise|p1a: Whimsicott
|-resisted|p1a: Whimsicott
|-damage|p1a: Whimsicott|21/100
|-start|p1a: Whimsicott|move: Heal Block
|
|-sideend|p1: yeroVH|move: Tailwind
|upkeep
|turn|8
|
|t:|1779569495
|move|p1a: Whimsicott|Encore|p2a: Primarina
|-start|p2a: Primarina|Encore
|move|p2a: Primarina|Psychic Noise|p1a: Whimsicott
|-resisted|p1a: Whimsicott
|-damage|p1a: Whimsicott|0 fnt
|faint|p1a: Whimsicott
|
|-fieldend|move: Trick Room
|upkeep
|
|t:|1779569497
|switch|p1a: Shiftry|Shiftry, M|88/100
|-damage|p1a: Shiftry|76/100|[from] Spikes
|turn|9
|
|t:|1779569500
|move|p1a: Shiftry|Tailwind|p1a: Shiftry
|-sidestart|p1: yeroVH|move: Tailwind
|-ability|p1a: Shiftry|Wind Rider|boost
|-boost|p1a: Shiftry|atk|1
|move|p2a: Primarina|Psychic Noise|p1a: Shiftry
|-resisted|p1a: Shiftry
|-damage|p1a: Shiftry|28/100
|-start|p1a: Shiftry|move: Heal Block
|
|upkeep
|turn|10
|
|t:|1779569511
|move|p1a: Shiftry|Leaf Blade|p2a: Primarina
|-supereffective|p2a: Primarina
|-damage|p2a: Primarina|0 fnt
|faint|p2a: Primarina
|
|-end|p1a: Shiftry|move: Heal Block
|upkeep
|
|t:|1779569516
|switch|p2a: Samurott|Samurott-Hisui, M|71/100
|turn|11
|
|t:|1779569522
|move|p1a: Shiftry|Leaf Blade|p2a: Samurott
|-supereffective|p2a: Samurott
|-damage|p2a: Samurott|0 fnt
|faint|p2a: Samurott
|
|upkeep
|
|t:|1779569525
|switch|p2a: Landorus|Landorus-Therian, M|100/100
|-ability|p2a: Landorus|Intimidate|boost
|-unboost|p1a: Shiftry|atk|1
|turn|12
|-message|tmrrxw forfeited.
|
|win|yeroVH
|raw|yeroVH's rating: 1167 &rarr; <strong>1199</strong><br />(+32 for winning)
|raw|tmrrxw's rating: 1273 &rarr; <strong>1241</strong><br />(-32 for losing)
|l|☆tmrrxw
|player|p2|
|l|☆yeroVH
|player|p1|
