|j|☆DropAFreezeDry
|j|☆goon with spoon
|t:|1779642838
|gametype|singles
|player|p1|DropAFreezeDry|candice|1366
|player|p2|goon with spoon|palmer|1403
|gen|9
|tier|[Gen 9] OU
|rated|
|rule|HP Percentage Mod: HP is shown in percentages
|rule|Endless Battle Clause: Forcing endless battles is banned
|rule|Species Clause: Limit one of each Pokémon
|rule|OHKO Clause: OHKO moves are banned
|rule|Evasion Items Clause: Evasion items are banned
|rule|Evasion Moves Clause: Evasion moves are banned
|rule|Evasion Abilities Clause: Evasion abilities are banned
|rule|Sleep Moves Clause: Sleep-inducing moves are banned
|clearpoke
|poke|p1|Glaceon, F|
|poke|p1|Ninetales-Alola, F|
|poke|p1|Basculegion-F, F|
|poke|p1|Ogerpon-Wellspring, F|
|poke|p1|Iron Treads|
|poke|p1|Weavile, F|
|poke|p2|Zamazenta-*|
|poke|p2|Gliscor, M|
|poke|p2|Great Tusk|
|poke|p2|Kyurem|
|poke|p2|Gholdengo|
|poke|p2|Rillaboom, F|
|teampreview
|inactive|Battle timer is ON: inactive players will automatically lose when time's up. (requested by DropAFreezeDry)
|
|t:|1779642866
|teamsize|p1|6
|teamsize|p2|6
|start
|switch|p1a: Basculegion|Basculegion-F, F|100/100
|switch|p2a: THEY STAY UP|Gholdengo|100/100
|-item|p2a: THEY STAY UP|Air Balloon
|turn|1
|
|t:|1779642884
|switch|p2a: OO OO|Rillaboom, F|100/100
|-fieldstart|move: Grassy Terrain|[from] ability: Grassy Surge|[of] p2a: OO OO
|move|p1a: Basculegion|Shadow Ball|p2a: OO OO
|-damage|p2a: OO OO|67/100
|
|-heal|p2a: OO OO|73/100|[from] Grassy Terrain
|upkeep
|turn|2
|
|t:|1779642891
|switch|p1a: Ninetales|Ninetales-Alola, F|100/100
|-weather|Snowscape|[from] ability: Snow Warning|[of] p1a: Ninetales
|move|p2a: OO OO|Grassy Glide|p1a: Ninetales
|-damage|p1a: Ninetales|60/100
|
|-weather|Snowscape|[upkeep]
|-heal|p1a: Ninetales|66/100|[from] Grassy Terrain
|-heal|p2a: OO OO|79/100|[from] Grassy Terrain
|upkeep
|turn|3
|
|t:|1779642908
|move|p1a: Ninetales|Aurora Veil|p1a: Ninetales
|-sidestart|p1: DropAFreezeDry|move: Aurora Veil
|move|p2a: OO OO|Knock Off|p1a: Ninetales
|-resisted|p1a: Ninetales
|-damage|p1a: Ninetales|57/100
|-enditem|p1a: Ninetales|Light Clay|[from] move: Knock Off|[of] p2a: OO OO
|
|-weather|Snowscape|[upkeep]
|-heal|p1a: Ninetales|63/100|[from] Grassy Terrain
|-heal|p2a: OO OO|85/100|[from] Grassy Terrain
|upkeep
|turn|4
|
|t:|1779642929
|switch|p1a: Glaceon|Glaceon, F|100/100
|move|p2a: OO OO|U-turn|p1a: Glaceon
|-damage|p1a: Glaceon|92/100
|inactive|goon with spoon has 120 seconds left.
|
|t:|1779642958
|switch|p2a: Zamazenta|Zamazenta|100/100|[from] U-turn
|-ability|p2a: Zamazenta|Dauntless Shield|boost
|-boost|p2a: Zamazenta|def|1
|
|-weather|Snowscape|[upkeep]
|-heal|p1a: Glaceon|98/100|[from] ability: Ice Body
|-heal|p1a: Glaceon|100/100|[from] Grassy Terrain
|upkeep
|turn|5
|
|t:|1779642975
|move|p2a: Zamazenta|Iron Defense|p2a: Zamazenta
|-boost|p2a: Zamazenta|def|2
|move|p1a: Glaceon|Alluring Voice|p2a: Zamazenta
|-supereffective|p2a: Zamazenta
|-damage|p2a: Zamazenta|31/100
|-start|p2a: Zamazenta|confusion
|
|-weather|Snowscape|[upkeep]
|-heal|p2a: Zamazenta|37/100|[from] Grassy Terrain
|-heal|p2a: Zamazenta|43/100|[from] item: Leftovers
|-fieldend|move: Grassy Terrain
|upkeep
|turn|6
|inactive|goon with spoon has 90 seconds left.
|
|t:|1779643023
|switch|p2a: THEY STAY UP|Gholdengo|100/100
|-item|p2a: THEY STAY UP|Air Balloon
|move|p1a: Glaceon|Alluring Voice|p2a: THEY STAY UP
|-resisted|p2a: THEY STAY UP
|-damage|p2a: THEY STAY UP|76/100
|-enditem|p2a: THEY STAY UP|Air Balloon
|
|-weather|none
|upkeep
|turn|7
|
|t:|1779643030
|switch|p1a: Iron Treads|Iron Treads|100/100
|-enditem|p1a: Iron Treads|Booster Energy
|-activate|p1a: Iron Treads|ability: Quark Drive|[fromitem]
|-start|p1a: Iron Treads|quarkdriveatk
|move|p2a: THEY STAY UP|Nasty Plot|p2a: THEY STAY UP
|-boost|p2a: THEY STAY UP|spa|2
|
|upkeep
|turn|8
|
|t:|1779643042
|switch|p2a: HEDGE|Gliscor, M|100/100
|move|p1a: Iron Treads|Earthquake|p2a: HEDGE
|-immune|p2a: HEDGE
|
|-status|p2a: HEDGE|tox|[from] item: Toxic Orb
|upkeep
|turn|9
|
|t:|1779643058
|-terastallize|p2a: HEDGE|Water
|move|p1a: Iron Treads|Ice Spinner|p2a: HEDGE
|-resisted|p2a: HEDGE
|-damage|p2a: HEDGE|87/100 tox
|move|p2a: HEDGE|Spikes|p1a: Iron Treads
|-sidestart|p1: DropAFreezeDry|Spikes
|
|-heal|p2a: HEDGE|99/100 tox|[from] ability: Poison Heal
|upkeep
|turn|10
|
|t:|1779643067
|switch|p2a: THEY STAY UP|Gholdengo|76/100
|move|p1a: Iron Treads|Earthquake|p2a: THEY STAY UP
|-supereffective|p2a: THEY STAY UP
|-damage|p2a: THEY STAY UP|0 fnt
|faint|p2a: THEY STAY UP
|
|-sideend|p1: DropAFreezeDry|move: Aurora Veil
|upkeep
|
|t:|1779643080
|switch|p2a: THE DON|Kyurem|100/100
|-ability|p2a: THE DON|Pressure
|turn|11
|
|t:|1779643087
|-end|p1a: Iron Treads|Quark Drive|[silent]
|switch|p1a: Ninetales|Ninetales-Alola, F|63/100
|-damage|p1a: Ninetales|50/100|[from] Spikes
|-weather|Snowscape|[from] ability: Snow Warning|[of] p1a: Ninetales
|move|p2a: THE DON|Earth Power|p1a: Ninetales
|-damage|p1a: Ninetales|0 fnt
|faint|p1a: Ninetales
|
|-weather|Snowscape|[upkeep]
|upkeep
|
|t:|1779643098
|switch|p1a: Glaceon|Glaceon, F|100/100
|-damage|p1a: Glaceon|88/100|[from] Spikes
|turn|12
|
|t:|1779643113
|move|p2a: THE DON|Earth Power|p1a: Glaceon
|-damage|p1a: Glaceon|42/100
|-unboost|p1a: Glaceon|spd|1
|move|p1a: Glaceon|Blizzard|p2a: THE DON
|-damage|p2a: THE DON|10/100
|
|-weather|Snowscape|[upkeep]
|-heal|p1a: Glaceon|48/100|[from] ability: Ice Body
|upkeep
|turn|13
|
|t:|1779643130
|move|p2a: THE DON|Earth Power|p1a: Glaceon
|-damage|p1a: Glaceon|0 fnt
|faint|p1a: Glaceon
|
|-weather|Snowscape|[upkeep]
|upkeep
|
|t:|1779643131
|switch|p1a: Basculegion|Basculegion-F, F|100/100
|-damage|p1a: Basculegion|88/100|[from] Spikes
|turn|14
|inactive|goon with spoon has 90 seconds left.
|
|t:|1779643146
|switch|p2a: OO OO|Rillaboom, F|85/100
|-fieldstart|move: Grassy Terrain|[from] ability: Grassy Surge|[of] p2a: OO OO
|move|p1a: Basculegion|Flip Turn|p2a: OO OO
|-resisted|p2a: OO OO
|-damage|p2a: OO OO|74/100
|
|t:|1779643157
|switch|p1a: Iron Treads|Iron Treads|100/100|[from] Flip Turn
|-damage|p1a: Iron Treads|88/100|[from] Spikes
|
|-weather|Snowscape|[upkeep]
|-heal|p1a: Iron Treads|94/100|[from] Grassy Terrain
|-heal|p2a: OO OO|81/100|[from] Grassy Terrain
|upkeep
|turn|15
|
|t:|1779643165
|move|p1a: Iron Treads|Ice Spinner|p2a: OO OO
|-supereffective|p2a: OO OO
|-damage|p2a: OO OO|28/100
|-fieldend|move: Grassy Terrain
|move|p2a: OO OO|Low Kick|p1a: Iron Treads
|-supereffective|p1a: Iron Treads
|-damage|p1a: Iron Treads|18/100
|
|-weather|none
|upkeep
|turn|16
|
|t:|1779643179
|switch|p2a: Zamazenta|Zamazenta|43/100
|move|p1a: Iron Treads|Rapid Spin|p2a: Zamazenta
|-damage|p2a: Zamazenta|30/100
|-boost|p1a: Iron Treads|spe|1
|-sideend|p1: DropAFreezeDry|Spikes|[from] move: Rapid Spin|[of] p1a: Iron Treads
|
|-heal|p2a: Zamazenta|36/100|[from] item: Leftovers
|upkeep
|turn|17
|
|t:|1779643184
|move|p1a: Iron Treads|Earthquake|p2a: Zamazenta
|-damage|p2a: Zamazenta|0 fnt
|faint|p2a: Zamazenta
|
|upkeep
|
|t:|1779643187
|switch|p2a: HEDGE|Gliscor, M, tera:Water|99/100 tox
|turn|18
|
|t:|1779643199
|move|p1a: Iron Treads|Earthquake|p2a: HEDGE
|-damage|p2a: HEDGE|57/100 tox
|move|p2a: HEDGE|Spikes|p1a: Iron Treads
|-sidestart|p1: DropAFreezeDry|Spikes
|
|-heal|p2a: HEDGE|70/100 tox|[from] ability: Poison Heal
|upkeep
|turn|19
|
|t:|1779643206
|move|p1a: Iron Treads|Rapid Spin|p2a: HEDGE
|-damage|p2a: HEDGE|57/100 tox
|-boost|p1a: Iron Treads|spe|1
|-sideend|p1: DropAFreezeDry|Spikes|[from] move: Rapid Spin|[of] p1a: Iron Treads
|move|p2a: HEDGE|Knock Off|p1a: Iron Treads
|-damage|p1a: Iron Treads|4/100
|
|-heal|p2a: HEDGE|70/100 tox|[from] ability: Poison Heal
|upkeep
|turn|20
|
|t:|1779643213
|move|p2a: HEDGE|Protect|p2a: HEDGE
|-singleturn|p2a: HEDGE|Protect
|move|p1a: Iron Treads|Earthquake|p2a: HEDGE
|-activate|p2a: HEDGE|move: Protect
|
|-heal|p2a: HEDGE|82/100 tox|[from] ability: Poison Heal
|upkeep
|turn|21
|inactive|goon with spoon has 120 seconds left.
|
|t:|1779643220
|move|p1a: Iron Treads|Earthquake|p2a: HEDGE
|-damage|p2a: HEDGE|39/100 tox
|move|p2a: HEDGE|Knock Off|p1a: Iron Treads
|-damage|p1a: Iron Treads|0 fnt
|faint|p1a: Iron Treads
|-end|p1a: Iron Treads|Quark Drive|[silent]
|
|-heal|p2a: HEDGE|52/100 tox|[from] ability: Poison Heal
|upkeep
|
|t:|1779643223
|switch|p1a: Ogerpon|Ogerpon-Wellspring, F|100/100
|turn|22
|
|t:|1779643231
|move|p1a: Ogerpon|Swords Dance|p1a: Ogerpon
|-boost|p1a: Ogerpon|atk|2
|move|p2a: HEDGE|Toxic|p1a: Ogerpon
|-status|p1a: Ogerpon|tox
|
|-damage|p1a: Ogerpon|95/100 tox|[from] psn
|-heal|p2a: HEDGE|64/100 tox|[from] ability: Poison Heal
|upkeep
|turn|23
|
|t:|1779643243
|move|p1a: Ogerpon|Horn Leech|p2a: HEDGE
|-supereffective|p2a: HEDGE
|-damage|p2a: HEDGE|0 fnt
|-heal|p1a: Ogerpon|100/100 tox|[from] drain|[of] p2a: HEDGE
|faint|p2a: HEDGE
|
|-damage|p1a: Ogerpon|89/100 tox|[from] psn
|upkeep
|inactive|goon with spoon has 120 seconds left.
|
|t:|1779643268
|switch|p2a: THE DON|Kyurem|10/100
|-ability|p2a: THE DON|Pressure
|turn|24
|
|t:|1779643273
|move|p1a: Ogerpon|Ivy Cudgel|p2a: THE DON|[anim] Ivy Cudgel Water
|-resisted|p2a: THE DON
|-damage|p2a: THE DON|0 fnt
|faint|p2a: THE DON
|
|-damage|p1a: Ogerpon|71/100 tox|[from] psn
|upkeep
|
|t:|1779643279
|switch|p2a: OO OO|Rillaboom, F|28/100
|-fieldstart|move: Grassy Terrain|[from] ability: Grassy Surge|[of] p2a: OO OO
|turn|25
|
|t:|1779643287
|move|p2a: OO OO|Grassy Glide|p1a: Ogerpon
|-damage|p1a: Ogerpon|16/100 tox
|move|p1a: Ogerpon|U-turn|p2a: OO OO
|-supereffective|p2a: OO OO
|-damage|p2a: OO OO|0 fnt
|faint|p2a: OO OO
|
|t:|1779643290
|switch|p1a: Weavile|Weavile, F|100/100|[from] U-turn
|-ability|p1a: Weavile|Pressure
|
|upkeep
|
|t:|1779643300
|switch|p2a: ADDRESS ME|Great Tusk|100/100
|turn|26
|
|t:|1779643312
|move|p1a: Weavile|Triple Axel|p2a: ADDRESS ME
|-supereffective|p2a: ADDRESS ME
|-damage|p2a: ADDRESS ME|86/100
|-supereffective|p2a: ADDRESS ME
|-damage|p2a: ADDRESS ME|57/100
|-supereffective|p2a: ADDRESS ME
|-damage|p2a: ADDRESS ME|10/100
|-hitcount|p2a: ADDRESS ME|3
|move|p2a: ADDRESS ME|Rapid Spin|p1a: Weavile
|-damage|p1a: Weavile|72/100
|-boost|p2a: ADDRESS ME|spe|1
|
|-heal|p2a: ADDRESS ME|16/100|[from] Grassy Terrain
|-heal|p1a: Weavile|78/100|[from] Grassy Terrain
|upkeep
|turn|27
|
|t:|1779643320
|-terastallize|p1a: Weavile|Ice
|move|p1a: Weavile|Ice Shard|p2a: ADDRESS ME
|-supereffective|p2a: ADDRESS ME
|-damage|p2a: ADDRESS ME|0 fnt
|faint|p2a: ADDRESS ME
|-end|p2a: ADDRESS ME|Protosynthesis|[silent]
|
|win|DropAFreezeDry
|raw|DropAFreezeDry's rating: 1366 &rarr; <strong>1388</strong><br />(+22 for winning)
|raw|goon with spoon's rating: 1403 &rarr; <strong>1381</strong><br />(-22 for losing)
|l|☆goon with spoon
|player|p2|
|l|☆DropAFreezeDry
|player|p1|
