|j|☆PieCubed^3
|j|☆khoai3
|t:|1779589493
|gametype|singles
|player|p1|PieCubed^3|hilda-wonderlauncher|1467
|player|p2|khoai3|n|1472
|gen|9
|tier|[Gen 9] OU
|rated|
|rule|HP Percentage Mod: HP is shown in percentages
|rule|Endless Battle Clause: Forcing endless battles is banned
|rule|Species Clause: Limit one of each Pokémon
|rule|OHKO Clause: OHKO moves are banned
|rule|Evasion Items Clause: Evasion items are banned
|rule|Evasion Moves Clause: Evasion moves are banned
|rule|Evasion Abilities Clause: Evasion abilities are banned
|rule|Sleep Moves Clause: Sleep-inducing moves are banned
|clearpoke
|poke|p1|Ceruledge, F|
|poke|p1|Gholdengo|
|poke|p1|Zamazenta-*|
|poke|p1|Glimmora, F|
|poke|p1|Deoxys-Speed|
|poke|p1|Darkrai|
|poke|p2|Dragapult, F|
|poke|p2|Hoopa-Unbound|
|poke|p2|Lokix, M|
|poke|p2|Slowking-Galar, F|
|poke|p2|Landorus-Therian, M|
|poke|p2|Cinderace, F|
|teampreview
|
|t:|1779589515
|teamsize|p1|6
|teamsize|p2|6
|start
|switch|p1a: Bite and Break|Zamazenta|100/100
|switch|p2a: Landorus|Landorus-Therian, M|100/100
|-ability|p1a: Bite and Break|Dauntless Shield|boost
|-boost|p1a: Bite and Break|def|1
|-ability|p2a: Landorus|Intimidate|boost
|-unboost|p1a: Bite and Break|atk|1
|turn|1
|inactive|Battle timer is ON: inactive players will automatically lose when time's up. (requested by khoai3)
|
|t:|1779589520
|move|p1a: Bite and Break|Reflect|p1a: Bite and Break
|-sidestart|p1: PieCubed^3|Reflect
|move|p2a: Landorus|Taunt|p1a: Bite and Break
|-start|p1a: Bite and Break|move: Taunt
|
|upkeep
|turn|2
|c|☆PieCubed^3|first person who recognized zama was a screens set so far
|
|t:|1779589545
|switch|p1a: Darkrai|Darkrai|100/100
|move|p2a: Landorus|U-turn|p1a: Darkrai
|-supereffective|p1a: Darkrai
|-damage|p1a: Darkrai|72/100
|c|☆khoai3|lmao
|
|t:|1779589573
|switch|p2a: Cinderace|Cinderace, F|100/100|[from] U-turn
|
|-heal|p1a: Darkrai|78/100|[from] item: Leftovers
|upkeep
|turn|3
|
|t:|1779589587
|switch|p1a: Folly|Ceruledge, F|100/100
|move|p2a: Cinderace|Court Change|p2a: Cinderace
|-start|p2a: Cinderace|typechange|Normal|[from] ability: Libero
|-swapsideconditions
|-activate|p2a: Cinderace|move: Court Change
|
|upkeep
|turn|4
|
|t:|1779589595
|move|p2a: Cinderace|U-turn|p1a: Folly
|-resisted|p1a: Folly
|-damage|p1a: Folly|93/100
|-ability|p1a: Folly|Weak Armor|boost
|-unboost|p1a: Folly|def|1
|-boost|p1a: Folly|spe|2
|
|t:|1779589599
|switch|p2a: Landorus|Landorus-Therian, M|100/100|[from] U-turn
|-ability|p2a: Landorus|Intimidate|boost
|-unboost|p1a: Folly|atk|1
|move|p1a: Folly|Swords Dance|p1a: Folly
|-boost|p1a: Folly|atk|2
|
|upkeep
|turn|5
|
|t:|1779589625
|move|p1a: Folly|Poltergeist|p2a: Landorus
|-activate|p2a: Landorus|move: Poltergeist|Rocky Helmet
|-damage|p2a: Landorus|51/100
|-damage|p1a: Folly|83/100|[from] item: Life Orb
|move|p2a: Landorus|Earthquake|p1a: Folly
|-supereffective|p1a: Folly
|-damage|p1a: Folly|0 fnt
|faint|p1a: Folly
|
|upkeep
|
|t:|1779589634
|switch|p1a: Bite and Break|Zamazenta|100/100
|turn|6
|inactive|PieCubed^3 has 120 seconds left.
|
|t:|1779589660
|move|p1a: Bite and Break|Reflect|p1a: Bite and Break
|-sidestart|p1: PieCubed^3|Reflect
|move|p2a: Landorus|U-turn|p1a: Bite and Break
|-resisted|p1a: Bite and Break
|-damage|p1a: Bite and Break|96/100
|
|t:|1779589665
|switch|p2a: Dragapult|Dragapult, F|100/100|[from] U-turn
|
|upkeep
|turn|7
|
|t:|1779589670
|move|p2a: Dragapult|Will-O-Wisp|p1a: Bite and Break
|-status|p1a: Bite and Break|brn
|move|p1a: Bite and Break|Light Screen|p1a: Bite and Break
|-sidestart|p1: PieCubed^3|move: Light Screen
|
|-damage|p1a: Bite and Break|90/100 brn|[from] brn
|upkeep
|turn|8
|
|t:|1779589682
|move|p2a: Dragapult|Hex|p1a: Bite and Break
|-damage|p1a: Bite and Break|44/100 brn
|move|p1a: Bite and Break|Crunch|p2a: Dragapult
|-supereffective|p2a: Dragapult
|-damage|p2a: Dragapult|87/100
|
|-damage|p1a: Bite and Break|38/100 brn|[from] brn
|-sideend|p2: khoai3|Reflect
|upkeep
|turn|9
|
|t:|1779589693
|move|p2a: Dragapult|U-turn|p1a: Bite and Break
|-resisted|p1a: Bite and Break
|-damage|p1a: Bite and Break|30/100 brn
|
|t:|1779589696
|switch|p2a: Landorus|Landorus-Therian, M|51/100|[from] U-turn
|-ability|p2a: Landorus|Intimidate|boost
|-unboost|p1a: Bite and Break|atk|1
|move|p1a: Bite and Break|Crunch|p2a: Landorus
|-damage|p2a: Landorus|44/100
|-damage|p1a: Bite and Break|13/100 brn|[from] item: Rocky Helmet|[of] p2a: Landorus
|
|-damage|p1a: Bite and Break|7/100 brn|[from] brn
|upkeep
|turn|10
|
|t:|1779589705
|move|p1a: Bite and Break|Close Combat|p2a: Landorus
|-resisted|p2a: Landorus
|-damage|p2a: Landorus|36/100
|-unboost|p1a: Bite and Break|def|1
|-unboost|p1a: Bite and Break|spd|1
|-damage|p1a: Bite and Break|0 fnt|[from] item: Rocky Helmet|[of] p2a: Landorus
|faint|p1a: Bite and Break
|move|p2a: Landorus|U-turn|p1: Bite and Break|[notarget]
|-fail|p2a: Landorus
|
|upkeep
|
|t:|1779589722
|switch|p1a: Gholdman sacs|Gholdengo|100/100
|-item|p1a: Gholdman sacs|Air Balloon
|turn|11
|
|t:|1779589729
|move|p2a: Landorus|U-turn|p1a: Gholdman sacs
|-resisted|p1a: Gholdman sacs
|-damage|p1a: Gholdman sacs|97/100
|-enditem|p1a: Gholdman sacs|Air Balloon
|
|t:|1779589736
|switch|p2a: Cinderace|Cinderace, F|100/100|[from] U-turn
|move|p1a: Gholdman sacs|Nasty Plot|p1a: Gholdman sacs
|-boost|p1a: Gholdman sacs|spa|2
|
|upkeep
|turn|12
|
|t:|1779589753
|move|p2a: Cinderace|Court Change|p2a: Cinderace
|-start|p2a: Cinderace|typechange|Normal|[from] ability: Libero
|-swapsideconditions
|-activate|p2a: Cinderace|move: Court Change
|move|p1a: Gholdman sacs|Shadow Ball|p2a: Cinderace
|-immune|p2a: Cinderace
|
|upkeep
|turn|13
|c|☆PieCubed^3|oh right libero
|c|☆PieCubed^3|screens player moment
|-message|PieCubed^3 forfeited.
|
|win|khoai3
|raw|PieCubed^3's rating: 1467 &rarr; <strong>1447</strong><br />(-20 for losing)
|raw|khoai3's rating: 1472 &rarr; <strong>1492</strong><br />(+20 for winning)
|c|☆khoai3|kkk
|l|☆PieCubed^3
|player|p1|
|c|☆khoai3|screen player
