|j|☆cadmunt
|j|☆SparkyBoomBoomBoiY
|t:|1779602420
|gametype|singles
|player|p1|cadmunt|169|1167
|player|p2|SparkyBoomBoomBoiY|marlon|1103
|gen|9
|tier|[Gen 9] OU
|rated|
|rule|HP Percentage Mod: HP is shown in percentages
|rule|Endless Battle Clause: Forcing endless battles is banned
|rule|Species Clause: Limit one of each Pokémon
|rule|OHKO Clause: OHKO moves are banned
|rule|Evasion Items Clause: Evasion items are banned
|rule|Evasion Moves Clause: Evasion moves are banned
|rule|Evasion Abilities Clause: Evasion abilities are banned
|rule|Sleep Moves Clause: Sleep-inducing moves are banned
|clearpoke
|poke|p1|Grimmsnarl, M|
|poke|p1|Dragonite, M|
|poke|p1|Arcanine, M|
|poke|p1|Kyurem|
|poke|p1|Clodsire, M|
|poke|p1|Ditto|
|poke|p2|Tornadus-Therian, M|
|poke|p2|Tsareena, F|
|poke|p2|Cramorant, F|
|poke|p2|Cryogonal|
|poke|p2|Grafaiai, F|
|poke|p2|Dragapult, F|
|teampreview
|inactive|Battle timer is ON: inactive players will automatically lose when time's up. (requested by cadmunt)
|
|t:|1779602448
|teamsize|p1|6
|teamsize|p2|6
|start
|switch|p1a: Grimmsnarl|Grimmsnarl, M, shiny|100/100
|switch|p2a: Cryogonal|Cryogonal, shiny|100/100
|turn|1
|
|t:|1779602461
|move|p1a: Grimmsnarl|Thunder Wave|p2a: Cryogonal
|-status|p2a: Cryogonal|par
|move|p2a: Cryogonal|Flash Cannon|p1a: Grimmsnarl
|-supereffective|p1a: Grimmsnarl
|-crit|p1a: Grimmsnarl
|-damage|p1a: Grimmsnarl|21/100
|
|upkeep
|turn|2
|
|t:|1779602481
|switch|p1a: Arcanine|Arcanine, M, shiny|100/100
|-ability|p1a: Arcanine|Intimidate|boost
|-unboost|p2a: Cryogonal|atk|1
|move|p2a: Cryogonal|Flash Cannon|p1a: Arcanine
|-resisted|p1a: Arcanine
|-damage|p1a: Arcanine|89/100
|
|-heal|p1a: Arcanine|96/100|[from] item: Leftovers
|upkeep
|turn|3
|
|t:|1779602494
|switch|p2a: Guzzler|Cramorant, F|100/100
|move|p1a: Arcanine|Flare Blitz|p2a: Guzzler
|-resisted|p2a: Guzzler
|-damage|p2a: Guzzler|71/100
|-damage|p1a: Arcanine|89/100|[from] Recoil
|
|-heal|p2a: Guzzler|77/100|[from] item: Leftovers
|-heal|p1a: Arcanine|95/100|[from] item: Leftovers
|upkeep
|turn|4
|
|t:|1779602505
|move|p2a: Guzzler|Surf|p1a: Arcanine
|-formechange|p2a: Guzzler|Cramorant-Gulping|
|-supereffective|p1a: Arcanine
|-damage|p1a: Arcanine|34/100
|move|p1a: Arcanine|Will-O-Wisp|p2a: Guzzler
|-status|p2a: Guzzler|brn
|
|-heal|p2a: Guzzler|83/100 brn|[from] item: Leftovers
|-heal|p1a: Arcanine|40/100|[from] item: Leftovers
|-damage|p2a: Guzzler|77/100 brn|[from] brn
|upkeep
|turn|5
|
|t:|1779602517
|switch|p1a: Clodsire|Clodsire, M, shiny|100/100
|move|p2a: Guzzler|Stockpile|p2a: Guzzler
|-start|p2a: Guzzler|stockpile1
|-boost|p2a: Guzzler|def|1
|-boost|p2a: Guzzler|spd|1
|
|-heal|p2a: Guzzler|83/100 brn|[from] item: Leftovers
|-damage|p2a: Guzzler|77/100 brn|[from] brn
|upkeep
|turn|6
|
|t:|1779602527
|move|p2a: Guzzler|Stockpile|p2a: Guzzler
|-start|p2a: Guzzler|stockpile2
|-boost|p2a: Guzzler|def|1
|-boost|p2a: Guzzler|spd|1
|move|p1a: Clodsire|Curse|p1a: Clodsire
|-unboost|p1a: Clodsire|spe|1
|-boost|p1a: Clodsire|atk|1
|-boost|p1a: Clodsire|def|1
|
|-heal|p2a: Guzzler|83/100 brn|[from] item: Leftovers
|-damage|p2a: Guzzler|77/100 brn|[from] brn
|upkeep
|turn|7
|
|t:|1779602539
|move|p2a: Guzzler|Stockpile|p2a: Guzzler
|-start|p2a: Guzzler|stockpile3
|-boost|p2a: Guzzler|def|1
|-boost|p2a: Guzzler|spd|1
|move|p1a: Clodsire|Curse|p1a: Clodsire
|-unboost|p1a: Clodsire|spe|1
|-boost|p1a: Clodsire|atk|1
|-boost|p1a: Clodsire|def|1
|
|-heal|p2a: Guzzler|83/100 brn|[from] item: Leftovers
|-damage|p2a: Guzzler|77/100 brn|[from] brn
|upkeep
|turn|8
|
|t:|1779602551
|move|p2a: Guzzler|Surf|p1a: Clodsire
|-immune|p1a: Clodsire|[from] ability: Water Absorb
|move|p1a: Clodsire|Poison Jab|p2a: Guzzler
|-damage|p2a: Guzzler|55/100 brn
|-damage|p1a: Clodsire|75/100|[from] ability: Gulp Missile|[of] p2a: Guzzler
|-unboost|p1a: Clodsire|def|1
|-formechange|p2a: Guzzler|Cramorant|
|
|-heal|p2a: Guzzler|61/100 brn|[from] item: Leftovers
|-heal|p1a: Clodsire|82/100|[from] item: Black Sludge
|-damage|p2a: Guzzler|55/100 brn|[from] brn
|upkeep
|turn|9
|
|t:|1779602566
|move|p2a: Guzzler|Air Slash|p1a: Clodsire
|-damage|p1a: Clodsire|71/100
|move|p1a: Clodsire|Poison Jab|p2a: Guzzler
|-damage|p2a: Guzzler|30/100 brn
|
|-heal|p2a: Guzzler|36/100 brn|[from] item: Leftovers
|-heal|p1a: Clodsire|77/100|[from] item: Black Sludge
|-damage|p2a: Guzzler|30/100 brn|[from] brn
|upkeep
|turn|10
|
|t:|1779602577
|move|p2a: Guzzler|Swallow|p2a: Guzzler
|-heal|p2a: Guzzler|100/100 brn
|-unboost|p2a: Guzzler|def|3
|-unboost|p2a: Guzzler|spd|3
|-end|p2a: Guzzler|Stockpile
|move|p1a: Clodsire|Curse|p1a: Clodsire
|-unboost|p1a: Clodsire|spe|1
|-boost|p1a: Clodsire|atk|1
|-boost|p1a: Clodsire|def|1
|
|-heal|p1a: Clodsire|83/100|[from] item: Black Sludge
|-damage|p2a: Guzzler|94/100 brn|[from] brn
|upkeep
|turn|11
|
|t:|1779602590
|switch|p2a: Grafaiai|Grafaiai, F|100/100
|move|p1a: Clodsire|Curse|p1a: Clodsire
|-unboost|p1a: Clodsire|spe|1
|-boost|p1a: Clodsire|atk|1
|-boost|p1a: Clodsire|def|1
|
|-heal|p1a: Clodsire|89/100|[from] item: Black Sludge
|upkeep
|turn|12
|
|t:|1779602601
|-terastallize|p2a: Grafaiai|Flying
|move|p2a: Grafaiai|Taunt|p1a: Clodsire
|-start|p1a: Clodsire|move: Taunt
|move|p1a: Clodsire|Earthquake|p2a: Grafaiai
|-immune|p2a: Grafaiai
|
|-damage|p2a: Grafaiai|88/100|[from] item: Black Sludge
|-heal|p1a: Clodsire|96/100|[from] item: Black Sludge
|upkeep
|turn|13
|inactive|SparkyBoomBoomBoiY has 120 seconds left.
|
|t:|1779602636
|switch|p2a: Dragapult|Dragapult, F|100/100
|move|p1a: Clodsire|Poison Jab|p2a: Dragapult
|-resisted|p2a: Dragapult
|-damage|p2a: Dragapult|55/100
|-status|p2a: Dragapult|psn
|
|-heal|p2a: Dragapult|61/100 psn|[from] item: Leftovers
|-heal|p1a: Clodsire|100/100|[from] item: Black Sludge
|-damage|p2a: Dragapult|49/100 psn|[from] psn
|upkeep
|turn|14
|inactive|SparkyBoomBoomBoiY has 120 seconds left.
|
|t:|1779602650
|move|p2a: Dragapult|Psychic Fangs|p1a: Clodsire
|-supereffective|p1a: Clodsire
|-damage|p1a: Clodsire|76/100
|move|p1a: Clodsire|Poison Jab|p2a: Dragapult
|-resisted|p2a: Dragapult
|-damage|p2a: Dragapult|8/100 psn
|
|-heal|p2a: Dragapult|14/100 psn|[from] item: Leftovers
|-heal|p1a: Clodsire|82/100|[from] item: Black Sludge
|-damage|p2a: Dragapult|2/100 psn|[from] psn
|-end|p1a: Clodsire|move: Taunt
|upkeep
|turn|15
|inactive|SparkyBoomBoomBoiY has 120 seconds left.
|
|t:|1779602682
|switch|p2a: Cryogonal|Cryogonal, shiny|100/100 par
|move|p1a: Clodsire|Poison Jab|p2a: Cryogonal
|-damage|p2a: Cryogonal|0 fnt
|faint|p2a: Cryogonal
|
|-heal|p1a: Clodsire|88/100|[from] item: Black Sludge
|upkeep
|inactive|SparkyBoomBoomBoiY has 90 seconds left.
|inactive|SparkyBoomBoomBoiY has 60 seconds left.
|
|t:|1779602724
|switch|p2a: In-the-back|Tornadus-Therian, M|100/100
|turn|16
|
|t:|1779602737
|move|p2a: In-the-back|Bleakwind Storm|p1a: Clodsire
|-crit|p1a: Clodsire
|-damage|p1a: Clodsire|39/100
|-unboost|p1a: Clodsire|spe|1
|-damage|p2a: In-the-back|90/100|[from] item: Life Orb
|move|p1a: Clodsire|Poison Jab|p2a: In-the-back
|-damage|p2a: In-the-back|8/100
|-status|p2a: In-the-back|psn
|
|-heal|p1a: Clodsire|45/100|[from] item: Black Sludge
|-damage|p2a: In-the-back|0 fnt|[from] psn
|faint|p2a: In-the-back
|upkeep
|inactive|SparkyBoomBoomBoiY has 60 seconds left.
|c|☆SparkyBoomBoomBoiY|Ggs
|-message|SparkyBoomBoomBoiY forfeited.
|
|win|cadmunt
|raw|cadmunt's rating: 1167 &rarr; <strong>1187</strong><br />(+20 for winning)
|raw|SparkyBoomBoomBoiY's rating: 1103 &rarr; <strong>1083</strong><br />(-20 for losing)
|l|☆SparkyBoomBoomBoiY
|player|p2|
|l|☆cadmunt
|player|p1|
