|j|☆Panic_Attack420
|j|☆beentheredonepat
|t:|1779657164
|gametype|singles
|player|p1|Panic_Attack420|roxie|1372
|player|p2|beentheredonepat|spark-casual|1341
|gen|9
|tier|[Gen 9] OU
|rated|
|rule|HP Percentage Mod: HP is shown in percentages
|rule|Endless Battle Clause: Forcing endless battles is banned
|rule|Species Clause: Limit one of each Pokémon
|rule|OHKO Clause: OHKO moves are banned
|rule|Evasion Items Clause: Evasion items are banned
|rule|Evasion Moves Clause: Evasion moves are banned
|rule|Evasion Abilities Clause: Evasion abilities are banned
|rule|Sleep Moves Clause: Sleep-inducing moves are banned
|clearpoke
|poke|p1|Torkoal, F|
|poke|p1|Walking Wake|
|poke|p1|Araquanid, F|
|poke|p1|Charizard, F|
|poke|p1|Great Tusk|
|poke|p1|Kyurem|
|poke|p2|Typhlosion, M|
|poke|p2|Ninetales, F|
|poke|p2|Torkoal, F|
|poke|p2|Shiftry, M|
|poke|p2|Hatterene, F|
|poke|p2|Blissey, F|
|teampreview
|inactive|Battle timer is ON: inactive players will automatically lose when time's up. (requested by beentheredonepat)
|inactive|Panic_Attack420 also wants the timer to be on.
|c|☆Panic_Attack420|gl
|
|t:|1779657184
|teamsize|p1|6
|teamsize|p2|6
|start
|switch|p1a: Stick Bug|Araquanid, F|100/100
|switch|p2a: Shiftry|Shiftry, M|100/100
|turn|1
|
|t:|1779657188
|switch|p2a: Hatterene|Hatterene, F|100/100
|move|p1a: Stick Bug|Infestation|p2a: Hatterene
|-damage|p2a: Hatterene|94/100
|-activate|p2a: Hatterene|move: Infestation|[of] p1a: Stick Bug
|
|-heal|p2a: Hatterene|99/100|[from] item: Leftovers
|-damage|p2a: Hatterene|88/100|[from] move: Infestation|[partiallytrapped]
|upkeep
|turn|2
|
|t:|1779657204
|switch|p1a: Red Shell|Torkoal, F|100/100
|-weather|SunnyDay|[from] ability: Drought|[of] p1a: Red Shell
|move|p2a: Hatterene|Calm Mind|p2a: Hatterene
|-boost|p2a: Hatterene|spa|1
|-boost|p2a: Hatterene|spd|1
|
|-weather|SunnyDay|[upkeep]
|-heal|p2a: Hatterene|94/100|[from] item: Leftovers
|-end|p2a: Hatterene|Infestation|[partiallytrapped]|[silent]
|upkeep
|turn|3
|
|t:|1779657213
|move|p2a: Hatterene|Psyshock|p1a: Red Shell
|-damage|p1a: Red Shell|53/100
|move|p1a: Red Shell|Will-O-Wisp|p2a: Hatterene
|move|p2a: Hatterene|Will-O-Wisp|p1a: Red Shell|[from] ability: Magic Bounce
|-immune|p1a: Red Shell
|
|-weather|SunnyDay|[upkeep]
|-heal|p2a: Hatterene|99/100|[from] item: Leftovers
|upkeep
|turn|4
|c|☆Panic_Attack420|second game in a row ive done that
|c|☆Panic_Attack420|curse my intellect
|
|t:|1779657232
|move|p2a: Hatterene|Calm Mind|p2a: Hatterene
|-boost|p2a: Hatterene|spa|1
|-boost|p2a: Hatterene|spd|1
|move|p1a: Red Shell|Rapid Spin|p2a: Hatterene
|-damage|p2a: Hatterene|90/100
|-boost|p1a: Red Shell|spe|1
|
|-weather|SunnyDay|[upkeep]
|-heal|p2a: Hatterene|96/100|[from] item: Leftovers
|upkeep
|turn|5
|
|t:|1779657238
|move|p1a: Red Shell|Rapid Spin|p2a: Hatterene
|-damage|p2a: Hatterene|88/100
|-boost|p1a: Red Shell|spe|1
|move|p2a: Hatterene|Psyshock|p1a: Red Shell
|-damage|p1a: Red Shell|0 fnt
|faint|p1a: Red Shell
|
|-weather|SunnyDay|[upkeep]
|-heal|p2a: Hatterene|94/100|[from] item: Leftovers
|upkeep
|
|t:|1779657242
|switch|p1a: Unsuspicious Bush|Charizard, F|100/100
|turn|6
|
|t:|1779657253
|move|p1a: Unsuspicious Bush|Air Slash|p2a: Hatterene
|-damage|p2a: Hatterene|46/100
|cant|p2a: Hatterene|flinch
|
|-weather|SunnyDay|[upkeep]
|-damage|p1a: Unsuspicious Bush|88/100|[from] ability: Solar Power|[of] p1a: Unsuspicious Bush
|-heal|p2a: Hatterene|52/100|[from] item: Leftovers
|upkeep
|turn|7
|
|t:|1779657259
|move|p1a: Unsuspicious Bush|Air Slash|p2a: Hatterene
|-damage|p2a: Hatterene|10/100
|cant|p2a: Hatterene|flinch
|
|-weather|SunnyDay|[upkeep]
|-damage|p1a: Unsuspicious Bush|76/100|[from] ability: Solar Power|[of] p1a: Unsuspicious Bush
|-heal|p2a: Hatterene|16/100|[from] item: Leftovers
|upkeep
|turn|8
|
|t:|1779657265
|switch|p2a: Blissey|Blissey, F|100/100
|move|p1a: Unsuspicious Bush|Air Slash|p2a: Blissey
|-damage|p2a: Blissey|76/100
|
|-weather|SunnyDay|[upkeep]
|-damage|p1a: Unsuspicious Bush|63/100|[from] ability: Solar Power|[of] p1a: Unsuspicious Bush
|upkeep
|turn|9
|
|t:|1779657271
|switch|p1a: Gambler|Kyurem|100/100
|-ability|p1a: Gambler|Pressure
|move|p2a: Blissey|Trick|p1a: Gambler
|-activate|p2a: Blissey|move: Trick|[of] p1a: Gambler
|-item|p1a: Gambler|Lagging Tail|[from] move: Trick
|-item|p2a: Blissey|Loaded Dice|[from] move: Trick
|
|-weather|none
|upkeep
|turn|10
|
|t:|1779657282
|switch|p2a: Ninetales|Ninetales, F|100/100
|-weather|SunnyDay|[from] ability: Drought|[of] p2a: Ninetales
|move|p1a: Gambler|Icicle Spear|p2a: Ninetales
|-resisted|p2a: Ninetales
|-damage|p2a: Ninetales|92/100
|-resisted|p2a: Ninetales
|-damage|p2a: Ninetales|83/100
|-hitcount|p2a: Ninetales|2
|
|-weather|SunnyDay|[upkeep]
|upkeep
|turn|11
|
|t:|1779657299
|move|p2a: Ninetales|Overheat|p1a: Gambler
|-damage|p1a: Gambler|43/100
|-unboost|p2a: Ninetales|spa|2
|-enditem|p2a: Ninetales|Eject Pack
|
|t:|1779657305
|switch|p2a: Shiftry|Shiftry, M|100/100
|move|p1a: Gambler|Scale Shot|p2a: Shiftry
|-damage|p2a: Shiftry|81/100
|-damage|p2a: Shiftry|58/100
|-hitcount|p2a: Shiftry|2
|-unboost|p1a: Gambler|def|1
|-boost|p1a: Gambler|spe|1
|
|-weather|SunnyDay|[upkeep]
|upkeep
|turn|12
|c|☆Panic_Attack420|a plague upon your house
|
|t:|1779657313
|move|p2a: Shiftry|Knock Off|p1a: Gambler
|-damage|p1a: Gambler|0 fnt
|-enditem|p1a: Gambler|Lagging Tail|[from] move: Knock Off|[of] p2a: Shiftry
|faint|p1a: Gambler
|
|-weather|SunnyDay|[upkeep]
|upkeep
|
|t:|1779657318
|switch|p1a: Stick Bug|Araquanid, F|100/100
|turn|13
|
|t:|1779657330
|move|p2a: Shiftry|Tailwind|p2a: Shiftry
|-sidestart|p2: beentheredonepat|move: Tailwind
|move|p1a: Stick Bug|Infestation|p2a: Shiftry
|-supereffective|p2a: Shiftry
|-damage|p2a: Shiftry|16/100
|-activate|p2a: Shiftry|move: Infestation|[of] p1a: Stick Bug
|
|-weather|SunnyDay|[upkeep]
|-damage|p2a: Shiftry|4/100|[from] move: Infestation|[partiallytrapped]
|upkeep
|turn|14
|
|t:|1779657337
|move|p2a: Shiftry|Explosion|p1a: Stick Bug
|-damage|p1a: Stick Bug|22/100
|faint|p2a: Shiftry
|move|p1a: Stick Bug|Sticky Web|p2: Shiftry
|-sidestart|p2: beentheredonepat|move: Sticky Web
|
|-weather|none
|upkeep
|
|t:|1779657342
|switch|p2a: Torkoal|Torkoal, F|100/100
|-activate|p2a: Torkoal|move: Sticky Web
|-unboost|p2a: Torkoal|spe|1
|-weather|SunnyDay|[from] ability: Drought|[of] p2a: Torkoal
|turn|15
|-enditem|p1a: Stick Bug|Custap Berry|[eat]
|-activate|p1a: Stick Bug|item: Custap Berry|[consumed]
|
|t:|1779657349
|move|p1a: Stick Bug|Surf|p2a: Torkoal
|-supereffective|p2a: Torkoal
|-damage|p2a: Torkoal|23/100
|move|p2a: Torkoal|Rapid Spin|p1a: Stick Bug
|-damage|p1a: Stick Bug|10/100
|-boost|p2a: Torkoal|spe|1
|-sideend|p2: beentheredonepat|Sticky Web|[from] move: Rapid Spin|[of] p2a: Torkoal
|
|-weather|SunnyDay|[upkeep]
|upkeep
|turn|16
|
|t:|1779657359
|move|p2a: Torkoal|Stealth Rock|p1a: Stick Bug
|-sidestart|p1: Panic_Attack420|move: Stealth Rock
|move|p1a: Stick Bug|Sticky Web|p2a: Torkoal
|-sidestart|p2: beentheredonepat|move: Sticky Web
|
|-weather|SunnyDay|[upkeep]
|-sideend|p2: beentheredonepat|move: Tailwind
|upkeep
|turn|17
|
|t:|1779657367
|switch|p1a: Elon Tusk|Great Tusk|100/100
|-activate|p1a: Elon Tusk|ability: Protosynthesis
|-start|p1a: Elon Tusk|protosynthesisatk
|move|p2a: Torkoal|Rapid Spin|p1a: Elon Tusk
|-damage|p1a: Elon Tusk|93/100
|-boost|p2a: Torkoal|spe|1
|-sideend|p2: beentheredonepat|Sticky Web|[from] move: Rapid Spin|[of] p2a: Torkoal
|
|-weather|SunnyDay|[upkeep]
|upkeep
|turn|18
|
|t:|1779657376
|move|p1a: Elon Tusk|Rapid Spin|p2a: Torkoal
|-damage|p2a: Torkoal|8/100
|-boost|p1a: Elon Tusk|spe|1
|-sideend|p1: Panic_Attack420|Stealth Rock|[from] move: Rapid Spin|[of] p1a: Elon Tusk
|move|p2a: Torkoal|Flare Blitz|p1a: Elon Tusk
|-damage|p1a: Elon Tusk|53/100
|-damage|p2a: Torkoal|0 fnt|[from] Recoil
|faint|p2a: Torkoal
|
|-weather|SunnyDay|[upkeep]
|upkeep
|
|t:|1779657390
|switch|p2a: Blissey|Blissey, F|76/100
|turn|19
|
|t:|1779657401
|-terastallize|p1a: Elon Tusk|Dark
|-terastallize|p2a: Blissey|Ghost
|move|p1a: Elon Tusk|Close Combat|p2a: Blissey
|-immune|p2a: Blissey
|move|p2a: Blissey|Seismic Toss|p1a: Elon Tusk
|-damage|p1a: Elon Tusk|30/100
|
|-weather|SunnyDay|[upkeep]
|upkeep
|turn|20
|
|t:|1779657407
|move|p1a: Elon Tusk|Knock Off|p2a: Blissey
|-supereffective|p2a: Blissey
|-damage|p2a: Blissey|0 fnt
|-enditem|p2a: Blissey|Loaded Dice|[from] move: Knock Off|[of] p1a: Elon Tusk
|faint|p2a: Blissey
|
|-weather|SunnyDay|[upkeep]
|upkeep
|
|t:|1779657412
|switch|p2a: Ninetales|Ninetales, F|83/100
|turn|21
|
|t:|1779657423
|move|p1a: Elon Tusk|Headlong Rush|p2a: Ninetales
|-supereffective|p2a: Ninetales
|-damage|p2a: Ninetales|0 fnt
|-unboost|p1a: Elon Tusk|def|1
|-unboost|p1a: Elon Tusk|spd|1
|faint|p2a: Ninetales
|
|-weather|SunnyDay|[upkeep]
|upkeep
|-message|beentheredonepat forfeited.
|
|win|Panic_Attack420
|raw|Panic_Attack420's rating: 1372 &rarr; <strong>1390</strong><br />(+18 for winning)
|raw|beentheredonepat's rating: 1341 &rarr; <strong>1323</strong><br />(-18 for losing)
|l|☆beentheredonepat
|player|p2|
|l|☆Panic_Attack420
|player|p1|
