|j|☆xrootz
|j|☆Billythekid95
|t:|1779650719
|gametype|singles
|player|p1|xrootz|dancer|1597
|player|p2|Billythekid95|102|1678
|gen|9
|tier|[Gen 9] OU
|rated|
|rule|HP Percentage Mod: HP is shown in percentages
|rule|Endless Battle Clause: Forcing endless battles is banned
|rule|Species Clause: Limit one of each Pokémon
|rule|OHKO Clause: OHKO moves are banned
|rule|Evasion Items Clause: Evasion items are banned
|rule|Evasion Moves Clause: Evasion moves are banned
|rule|Evasion Abilities Clause: Evasion abilities are banned
|rule|Sleep Moves Clause: Sleep-inducing moves are banned
|clearpoke
|poke|p1|Ting-Lu|
|poke|p1|Alomomola, F|
|poke|p1|Dragapult, F|
|poke|p1|Great Tusk|
|poke|p1|Slowking-Galar, F|
|poke|p1|Meowscarada, F|
|poke|p2|Iron Crown|
|poke|p2|Ninetales-Alola, M|
|poke|p2|Great Tusk|
|poke|p2|Ogerpon-Wellspring, F|
|poke|p2|Moltres-Galar|
|poke|p2|Ceruledge, M|
|teampreview
|inactive|Battle timer is ON: inactive players will automatically lose when time's up. (requested by Billythekid95)
|
|t:|1779650737
|teamsize|p1|6
|teamsize|p2|6
|start
|switch|p1a: Slowking|Slowking-Galar, F|100/100
|switch|p2a: Ogerpon|Ogerpon-Wellspring, F|100/100
|turn|1
|
|t:|1779650752
|move|p2a: Ogerpon|Ivy Cudgel|p1a: Slowking|[anim] Ivy Cudgel Water
|-damage|p1a: Slowking|37/100
|move|p1a: Slowking|Thunder Wave|p2a: Ogerpon
|-status|p2a: Ogerpon|par
|
|upkeep
|turn|2
|
|t:|1779650766
|switch|p1a: Ting-Lu|Ting-Lu|100/100
|-ability|p1a: Ting-Lu|Vessel of Ruin
|cant|p2a: Ogerpon|par
|
|upkeep
|turn|3
|
|t:|1779650777
|-terastallize|p1a: Ting-Lu|Ghost
|cant|p2a: Ogerpon|par
|move|p1a: Ting-Lu|Stealth Rock|p2a: Ogerpon
|-sidestart|p2: Billythekid95|move: Stealth Rock
|
|upkeep
|turn|4
|
|t:|1779650784
|move|p2a: Ogerpon|Encore|p1a: Ting-Lu
|-start|p1a: Ting-Lu|Encore
|move|p1a: Ting-Lu|Stealth Rock||[still]
|-fail|p1a: Ting-Lu
|
|upkeep
|turn|5
|
|t:|1779650794
|cant|p2a: Ogerpon|par
|move|p1a: Ting-Lu|Stealth Rock||[still]
|-fail|p1a: Ting-Lu
|
|upkeep
|turn|6
|
|t:|1779650800
|switch|p1a: Meowscarada|Meowscarada, F|100/100
|move|p2a: Ogerpon|U-turn|p1a: Meowscarada
|-supereffective|p1a: Meowscarada
|-damage|p1a: Meowscarada|0 fnt
|faint|p1a: Meowscarada
|
|t:|1779650816
|switch|p2a: Ninetales|Ninetales-Alola, M|100/100|[from] U-turn
|-damage|p2a: Ninetales|76/100|[from] Stealth Rock
|-weather|Snowscape|[from] ability: Snow Warning|[of] p2a: Ninetales
|
|-weather|Snowscape|[upkeep]
|upkeep
|
|t:|1779650830
|switch|p1a: Dragapult|Dragapult, F|100/100
|turn|7
|
|t:|1779650840
|move|p1a: Dragapult|Flamethrower|p2a: Ninetales
|-supereffective|p2a: Ninetales
|-damage|p2a: Ninetales|0 fnt
|faint|p2a: Ninetales
|
|-weather|Snowscape|[upkeep]
|upkeep
|
|t:|1779650851
|switch|p2a: Great Tusk|Great Tusk|100/100
|-damage|p2a: Great Tusk|97/100|[from] Stealth Rock
|turn|8
|
|t:|1779650856
|switch|p1a: Ting-Lu|Ting-Lu, tera:Ghost|100/100
|-ability|p1a: Ting-Lu|Vessel of Ruin
|move|p2a: Great Tusk|Knock Off|p1a: Ting-Lu
|-supereffective|p1a: Ting-Lu
|-damage|p1a: Ting-Lu|77/100
|-enditem|p1a: Ting-Lu|Leftovers|[from] move: Knock Off|[of] p2a: Great Tusk
|
|-weather|Snowscape|[upkeep]
|upkeep
|turn|9
|
|t:|1779650865
|move|p2a: Great Tusk|Earthquake|p1a: Ting-Lu
|-crit|p1a: Ting-Lu
|-damage|p1a: Ting-Lu|51/100
|move|p1a: Ting-Lu|Ruination|p2a: Great Tusk
|-damage|p2a: Great Tusk|49/100
|
|-weather|Snowscape|[upkeep]
|upkeep
|turn|10
|
|t:|1779650874
|move|p2a: Great Tusk|Earthquake|p1a: Ting-Lu
|-damage|p1a: Ting-Lu|31/100
|move|p1a: Ting-Lu|Earthquake|p2a: Great Tusk
|-damage|p2a: Great Tusk|24/100
|
|-weather|none
|upkeep
|turn|11
|
|t:|1779650882
|switch|p1a: Alomomola|Alomomola, F|100/100
|move|p2a: Great Tusk|Earthquake|p1a: Alomomola
|-damage|p1a: Alomomola|78/100
|
|upkeep
|turn|12
|
|t:|1779650889
|move|p2a: Great Tusk|Rapid Spin|p1a: Alomomola
|-damage|p1a: Alomomola|70/100
|-boost|p2a: Great Tusk|spe|1
|-sideend|p2: Billythekid95|Stealth Rock|[from] move: Rapid Spin|[of] p2a: Great Tusk
|move|p1a: Alomomola|Wish|p1a: Alomomola
|
|upkeep
|turn|13
|
|t:|1779650896
|-end|p2a: Great Tusk|Protosynthesis|[silent]
|switch|p2a: Ogerpon|Ogerpon-Wellspring, F|100/100 par
|switch|p1a: Ting-Lu|Ting-Lu, tera:Ghost|31/100
|-ability|p1a: Ting-Lu|Vessel of Ruin
|
|-heal|p1a: Ting-Lu|83/100|[from] move: Wish|[wisher] Alomomola
|upkeep
|turn|14
|
|t:|1779650907
|move|p2a: Ogerpon|Ivy Cudgel|p1a: Ting-Lu|[anim] Ivy Cudgel Water
|-damage|p1a: Ting-Lu|58/100
|move|p1a: Ting-Lu|Stealth Rock|p2a: Ogerpon
|-sidestart|p2: Billythekid95|move: Stealth Rock
|
|upkeep
|turn|15
|
|t:|1779650917
|switch|p1a: Dragapult|Dragapult, F|100/100
|cant|p2a: Ogerpon|par
|
|upkeep
|turn|16
|
|t:|1779650923
|move|p1a: Dragapult|U-turn|p2a: Ogerpon
|-supereffective|p2a: Ogerpon
|-damage|p2a: Ogerpon|54/100 par
|
|t:|1779650931
|switch|p1a: Ting-Lu|Ting-Lu, tera:Ghost|58/100|[from] U-turn
|-ability|p1a: Ting-Lu|Vessel of Ruin
|move|p2a: Ogerpon|Ivy Cudgel|p1a: Ting-Lu|[anim] Ivy Cudgel Water
|-damage|p1a: Ting-Lu|34/100
|
|upkeep
|turn|17
|
|t:|1779650947
|move|p2a: Ogerpon|Ivy Cudgel|p1a: Ting-Lu|[anim] Ivy Cudgel Water
|-damage|p1a: Ting-Lu|9/100
|move|p1a: Ting-Lu|Whirlwind|p2a: Ogerpon
|drag|p2a: Great Tusk|Great Tusk|24/100
|-damage|p2a: Great Tusk|21/100|[from] Stealth Rock
|
|upkeep
|turn|18
|
|t:|1779650955
|switch|p1a: Alomomola|Alomomola, F|100/100
|move|p2a: Great Tusk|Earthquake|p1a: Alomomola
|-damage|p1a: Alomomola|77/100
|
|upkeep
|turn|19
|
|t:|1779650962
|move|p2a: Great Tusk|Rapid Spin|p1a: Alomomola
|-damage|p1a: Alomomola|69/100
|-boost|p2a: Great Tusk|spe|1
|-sideend|p2: Billythekid95|Stealth Rock|[from] move: Rapid Spin|[of] p2a: Great Tusk
|move|p1a: Alomomola|Wish|p1a: Alomomola
|
|upkeep
|turn|20
|
|t:|1779650972
|-end|p2a: Great Tusk|Protosynthesis|[silent]
|switch|p2a: Moltres|Moltres-Galar|100/100
|move|p1a: Alomomola|Flip Turn|p2a: Moltres
|-damage|p2a: Moltres|82/100
|
|t:|1779650978
|switch|p1a: Ting-Lu|Ting-Lu, tera:Ghost|9/100|[from] Flip Turn
|-ability|p1a: Ting-Lu|Vessel of Ruin
|
|-heal|p1a: Ting-Lu|61/100|[from] move: Wish|[wisher] Alomomola
|upkeep
|turn|21
|
|t:|1779650987
|move|p2a: Moltres|Taunt|p1a: Ting-Lu
|-start|p1a: Ting-Lu|move: Taunt
|cant|p1a: Ting-Lu|move: Taunt|Whirlwind
|
|upkeep
|turn|22
|j| hattybatty304
|
|t:|1779650999
|move|p2a: Moltres|Nasty Plot|p2a: Moltres
|-boost|p2a: Moltres|spa|2
|move|p1a: Ting-Lu|Ruination|p2a: Moltres|[miss]
|-miss|p1a: Ting-Lu|p2a: Moltres
|
|upkeep
|turn|23
|
|t:|1779651009
|move|p2a: Moltres|Fiery Wrath|p1a: Ting-Lu
|-supereffective|p1a: Ting-Lu
|-damage|p1a: Ting-Lu|0 fnt
|faint|p1a: Ting-Lu
|
|upkeep
|
|t:|1779651016
|switch|p1a: Dragapult|Dragapult, F|100/100
|turn|24
|
|t:|1779651027
|move|p1a: Dragapult|U-turn|p2a: Moltres
|-damage|p2a: Moltres|63/100
|-message|xrootz forfeited.
|
|win|Billythekid95
|raw|xrootz's rating: 1597 &rarr; <strong>1582</strong><br />(-15 for losing)
|raw|Billythekid95's rating: 1678 &rarr; <strong>1693</strong><br />(+15 for winning)
|l|☆xrootz
|player|p1|
|l| hattybatty304
|l|☆Billythekid95
|player|p2|
