|j|☆GBC_Peepers
|j|☆SuperMetalCharz
|t:|1779683198
|gametype|singles
|player|p1|GBC_Peepers|n|1286
|player|p2|SuperMetalCharz|170|1313
|gen|9
|tier|[Gen 9] OU
|rated|
|rule|HP Percentage Mod: HP is shown in percentages
|rule|Endless Battle Clause: Forcing endless battles is banned
|rule|Species Clause: Limit one of each Pokémon
|rule|OHKO Clause: OHKO moves are banned
|rule|Evasion Items Clause: Evasion items are banned
|rule|Evasion Moves Clause: Evasion moves are banned
|rule|Evasion Abilities Clause: Evasion abilities are banned
|rule|Sleep Moves Clause: Sleep-inducing moves are banned
|clearpoke
|poke|p1|Snorlax, F|
|poke|p1|Raging Bolt|
|poke|p1|Latios, M|
|poke|p1|Tinkaton, F|
|poke|p1|Great Tusk|
|poke|p1|Cinderace, F|
|poke|p2|Dragonite, F|
|poke|p2|Garganacl, F|
|poke|p2|Rotom-Wash|
|poke|p2|Scizor, F|
|poke|p2|Gardevoir, F|
|poke|p2|Mamoswine, M|
|teampreview
|inactive|Battle timer is ON: inactive players will automatically lose when time's up. (requested by SuperMetalCharz)
|
|t:|1779683218
|teamsize|p1|6
|teamsize|p2|6
|start
|switch|p1a: Ace In The Hole|Cinderace, F|100/100
|switch|p2a: Rotom|Rotom-Wash|100/100
|turn|1
|
|t:|1779683227
|move|p1a: Ace In The Hole|U-turn|p2a: Rotom
|-damage|p2a: Rotom|87/100
|
|t:|1779683247
|switch|p1a: NorthKorean Armory|Latios, M|100/100|[from] U-turn
|move|p2a: Rotom|Will-O-Wisp|p1a: NorthKorean Armory
|-status|p1a: NorthKorean Armory|brn
|
|-damage|p1a: NorthKorean Armory|95/100 brn|[from] brn
|upkeep
|turn|2
|
|t:|1779683258
|move|p1a: NorthKorean Armory|Luster Purge|p2a: Rotom
|-damage|p2a: Rotom|34/100
|-unboost|p2a: Rotom|spd|1
|move|p2a: Rotom|Volt Switch|p1a: NorthKorean Armory
|-resisted|p1a: NorthKorean Armory
|-damage|p1a: NorthKorean Armory|82/100 brn
|
|t:|1779683262
|switch|p2a: Scizor|Scizor, F|100/100|[from] Volt Switch
|
|-damage|p1a: NorthKorean Armory|76/100 brn|[from] brn
|upkeep
|turn|3
|
|t:|1779683268
|switch|p1a: The Wheel|Great Tusk|100/100
|move|p2a: Scizor|Knock Off|p1a: The Wheel
|-resisted|p1a: The Wheel
|-damage|p1a: The Wheel|88/100
|-damage|p2a: Scizor|84/100|[from] item: Rocky Helmet|[of] p1a: The Wheel
|-enditem|p1a: The Wheel|Rocky Helmet|[from] move: Knock Off|[of] p2a: Scizor
|
|-heal|p2a: Scizor|90/100|[from] item: Leftovers
|upkeep
|turn|4
|
|t:|1779683287
|move|p1a: The Wheel|Headlong Rush|p2a: Scizor
|-damage|p2a: Scizor|25/100
|-unboost|p1a: The Wheel|def|1
|-unboost|p1a: The Wheel|spd|1
|move|p2a: Scizor|U-turn|p1a: The Wheel
|-resisted|p1a: The Wheel
|-damage|p1a: The Wheel|65/100
|inactive|SuperMetalCharz has 120 seconds left.
|
|t:|1779683322
|switch|p2a: Gardevoir|Gardevoir, F|100/100|[from] U-turn
|
|upkeep
|turn|5
|
|t:|1779683330
|-end|p1a: The Wheel|Protosynthesis|[silent]
|switch|p1a: Gnomus the Great|Tinkaton, F, shiny|100/100
|-ability|p2a: Gardevoir|Mold Breaker|Trace|[from] ability: Trace|[of] p1a: Gnomus the Great
|-ability|p2a: Gardevoir|Mold Breaker
|-ability|p1a: Gnomus the Great|Mold Breaker
|-item|p1a: Gnomus the Great|Air Balloon
|move|p2a: Gardevoir|Moonblast|p1a: Gnomus the Great
|-resisted|p1a: Gnomus the Great
|-damage|p1a: Gnomus the Great|79/100
|-enditem|p1a: Gnomus the Great|Air Balloon
|
|upkeep
|turn|6
|
|t:|1779683339
|switch|p2a: Rotom|Rotom-Wash|34/100
|move|p1a: Gnomus the Great|Stealth Rock|p2a: Rotom
|-sidestart|p2: SuperMetalCharz|move: Stealth Rock
|
|upkeep
|turn|7
|
|t:|1779683348
|move|p1a: Gnomus the Great|Encore||[still]
|-fail|p1a: Gnomus the Great
|move|p2a: Rotom|Will-O-Wisp|p1a: Gnomus the Great
|-status|p1a: Gnomus the Great|brn
|
|-damage|p1a: Gnomus the Great|73/100 brn|[from] brn
|upkeep
|turn|8
|
|t:|1779683357
|move|p1a: Gnomus the Great|Thunder Wave|p2a: Rotom|[miss]
|-miss|p1a: Gnomus the Great|p2a: Rotom
|move|p2a: Rotom|Hydro Pump|p1a: Gnomus the Great|[miss]
|-miss|p2a: Rotom|p1a: Gnomus the Great
|
|-damage|p1a: Gnomus the Great|66/100 brn|[from] brn
|upkeep
|turn|9
|
|t:|1779683368
|switch|p1a: NorthKorean Armory|Latios, M|76/100 brn
|move|p2a: Rotom|Hydro Pump|p1a: NorthKorean Armory
|-resisted|p1a: NorthKorean Armory
|-damage|p1a: NorthKorean Armory|55/100 brn
|
|-damage|p1a: NorthKorean Armory|49/100 brn|[from] brn
|upkeep
|turn|10
|
|t:|1779683377
|move|p1a: NorthKorean Armory|Luster Purge|p2a: Rotom
|-damage|p2a: Rotom|0 fnt
|faint|p2a: Rotom
|
|-damage|p1a: NorthKorean Armory|43/100 brn|[from] brn
|upkeep
|
|t:|1779683387
|switch|p2a: Garganacl|Garganacl, F|100/100
|-damage|p2a: Garganacl|88/100|[from] Stealth Rock
|turn|11
|inactive|GBC_Peepers has 120 seconds left.
|
|t:|1779683417
|switch|p1a: Gnomus the Great|Tinkaton, F, shiny|66/100 brn
|-ability|p1a: Gnomus the Great|Mold Breaker
|move|p2a: Garganacl|Salt Cure|p1a: Gnomus the Great
|-resisted|p1a: Gnomus the Great
|-damage|p1a: Gnomus the Great|58/100 brn
|-start|p1a: Gnomus the Great|Salt Cure
|
|-damage|p1a: Gnomus the Great|52/100 brn|[from] brn
|-damage|p1a: Gnomus the Great|27/100 brn|[from] Salt Cure
|upkeep
|turn|12
|
|t:|1779683429
|move|p1a: Gnomus the Great|Gigaton Hammer|p2a: Garganacl
|-supereffective|p2a: Garganacl
|-crit|p2a: Garganacl
|-damage|p2a: Garganacl|41/100
|move|p2a: Garganacl|Recover|p2a: Garganacl
|-heal|p2a: Garganacl|91/100
|
|-damage|p1a: Gnomus the Great|21/100 brn|[from] brn
|-damage|p1a: Gnomus the Great|0 fnt|[from] Salt Cure
|faint|p1a: Gnomus the Great
|upkeep
|
|t:|1779683440
|switch|p1a: NorthKorean Armory|Latios, M|43/100 brn
|turn|13
|
|t:|1779683446
|move|p1a: NorthKorean Armory|Trick|p2a: Garganacl
|-activate|p1a: NorthKorean Armory|move: Trick|[of] p2a: Garganacl
|-item|p2a: Garganacl|Choice Scarf|[from] move: Trick
|-item|p1a: NorthKorean Armory|Rocky Helmet|[from] move: Trick
|move|p2a: Garganacl|Salt Cure|p1a: NorthKorean Armory
|-damage|p1a: NorthKorean Armory|24/100 brn
|-start|p1a: NorthKorean Armory|Salt Cure
|
|-damage|p1a: NorthKorean Armory|18/100 brn|[from] brn
|-damage|p1a: NorthKorean Armory|6/100 brn|[from] Salt Cure
|upkeep
|turn|14
|
|t:|1779683459
|move|p1a: NorthKorean Armory|Draco Meteor|p2a: Garganacl
|-damage|p2a: Garganacl|44/100
|-unboost|p1a: NorthKorean Armory|spa|2
|move|p2a: Garganacl|Salt Cure|p1a: NorthKorean Armory
|-damage|p1a: NorthKorean Armory|0 fnt
|faint|p1a: NorthKorean Armory
|
|upkeep
|
|t:|1779683463
|switch|p1a: The Wheel|Great Tusk|65/100
|turn|15
|
|t:|1779683471
|move|p1a: The Wheel|Close Combat|p2a: Garganacl
|-supereffective|p2a: Garganacl
|-damage|p2a: Garganacl|0 fnt
|-unboost|p1a: The Wheel|def|1
|-unboost|p1a: The Wheel|spd|1
|faint|p2a: Garganacl
|
|upkeep
|
|t:|1779683486
|switch|p2a: Gardevoir|Gardevoir, F|100/100
|-damage|p2a: Gardevoir|88/100|[from] Stealth Rock
|turn|16
|
|t:|1779683493
|-end|p1a: The Wheel|Protosynthesis|[silent]
|switch|p1a: My 600-lb Life|Snorlax, F, shiny|100/100
|-ability|p2a: Gardevoir|Immunity|Trace|[from] ability: Trace|[of] p1a: My 600-lb Life
|move|p2a: Gardevoir|Moonblast|p1a: My 600-lb Life
|-damage|p1a: My 600-lb Life|71/100
|
|-heal|p1a: My 600-lb Life|77/100|[from] item: Leftovers
|upkeep
|turn|17
|
|t:|1779683502
|switch|p2a: Scizor|Scizor, F|25/100
|-damage|p2a: Scizor|13/100|[from] Stealth Rock
|move|p1a: My 600-lb Life|Curse|p1a: My 600-lb Life
|-unboost|p1a: My 600-lb Life|spe|1
|-boost|p1a: My 600-lb Life|atk|1
|-boost|p1a: My 600-lb Life|def|1
|
|-heal|p2a: Scizor|19/100|[from] item: Leftovers
|-heal|p1a: My 600-lb Life|83/100|[from] item: Leftovers
|upkeep
|turn|18
|
|t:|1779683510
|move|p2a: Scizor|Defog|p1a: My 600-lb Life
|-unboost|p1a: My 600-lb Life|evasion|1
|-sideend|p2: SuperMetalCharz|Stealth Rock|[from] move: Defog|[of] p2a: Scizor
|move|p1a: My 600-lb Life|Earthquake|p2a: Scizor
|-damage|p2a: Scizor|0 fnt
|faint|p2a: Scizor
|
|-heal|p1a: My 600-lb Life|90/100|[from] item: Leftovers
|upkeep
|
|t:|1779683515
|switch|p2a: Mamoswine|Mamoswine, M|100/100
|turn|19
|
|t:|1779683522
|move|p1a: My 600-lb Life|Protect|p1a: My 600-lb Life
|-singleturn|p1a: My 600-lb Life|Protect
|move|p2a: Mamoswine|Trailblaze|p1a: My 600-lb Life
|-activate|p1a: My 600-lb Life|move: Protect
|
|-heal|p1a: My 600-lb Life|96/100|[from] item: Leftovers
|upkeep
|turn|20
|
|t:|1779683527
|move|p2a: Mamoswine|Trailblaze|p1a: My 600-lb Life
|-damage|p1a: My 600-lb Life|86/100
|-boost|p2a: Mamoswine|spe|1
|move|p1a: My 600-lb Life|Double-Edge|p2a: Mamoswine
|-damage|p2a: Mamoswine|1/100
|-damage|p1a: My 600-lb Life|61/100|[from] Recoil
|
|-heal|p1a: My 600-lb Life|67/100|[from] item: Leftovers
|upkeep
|turn|21
|
|t:|1779683536
|move|p1a: My 600-lb Life|Protect|p1a: My 600-lb Life
|-singleturn|p1a: My 600-lb Life|Protect
|move|p2a: Mamoswine|Icicle Spear|p1a: My 600-lb Life
|-activate|p1a: My 600-lb Life|move: Protect
|
|-heal|p1a: My 600-lb Life|73/100|[from] item: Leftovers
|upkeep
|turn|22
|
|t:|1779683543
|move|p2a: Mamoswine|Icicle Spear|p1a: My 600-lb Life
|-damage|p1a: My 600-lb Life|66/100
|-damage|p1a: My 600-lb Life|59/100
|-damage|p1a: My 600-lb Life|52/100
|-damage|p1a: My 600-lb Life|45/100
|-damage|p1a: My 600-lb Life|38/100
|-hitcount|p1a: My 600-lb Life|5
|move|p1a: My 600-lb Life|Earthquake|p2a: Mamoswine
|-damage|p2a: Mamoswine|0 fnt
|faint|p2a: Mamoswine
|
|-heal|p1a: My 600-lb Life|44/100|[from] item: Leftovers
|upkeep
|
|t:|1779683552
|switch|p2a: Dragonite|Dragonite, F|100/100
|turn|23
|
|t:|1779683560
|move|p2a: Dragonite|Dragon Dance|p2a: Dragonite
|-boost|p2a: Dragonite|atk|1
|-boost|p2a: Dragonite|spe|1
|move|p1a: My 600-lb Life|Curse|p1a: My 600-lb Life
|-unboost|p1a: My 600-lb Life|spe|1
|-boost|p1a: My 600-lb Life|atk|1
|-boost|p1a: My 600-lb Life|def|1
|
|-heal|p1a: My 600-lb Life|50/100|[from] item: Leftovers
|upkeep
|turn|24
|
|t:|1779683568
|move|p1a: My 600-lb Life|Protect|p1a: My 600-lb Life
|-singleturn|p1a: My 600-lb Life|Protect
|move|p2a: Dragonite|Dragon Dance|p2a: Dragonite
|-boost|p2a: Dragonite|atk|1
|-boost|p2a: Dragonite|spe|1
|
|-heal|p1a: My 600-lb Life|56/100|[from] item: Leftovers
|upkeep
|turn|25
|
|t:|1779683575
|move|p2a: Dragonite|Earthquake|p1a: My 600-lb Life
|-damage|p1a: My 600-lb Life|28/100
|move|p1a: My 600-lb Life|Curse|p1a: My 600-lb Life
|-unboost|p1a: My 600-lb Life|spe|1
|-boost|p1a: My 600-lb Life|atk|1
|-boost|p1a: My 600-lb Life|def|1
|
|-heal|p1a: My 600-lb Life|34/100|[from] item: Leftovers
|upkeep
|turn|26
|
|t:|1779683581
|move|p2a: Dragonite|Dragon Dance|p2a: Dragonite
|-boost|p2a: Dragonite|atk|1
|-boost|p2a: Dragonite|spe|1
|move|p1a: My 600-lb Life|Double-Edge|p2a: Dragonite
|-damage|p2a: Dragonite|22/100
|-damage|p1a: My 600-lb Life|17/100|[from] Recoil
|
|-heal|p1a: My 600-lb Life|23/100|[from] item: Leftovers
|upkeep
|turn|27
|
|t:|1779683585
|move|p1a: My 600-lb Life|Protect|p1a: My 600-lb Life
|-singleturn|p1a: My 600-lb Life|Protect
|move|p2a: Dragonite|Earthquake|p1a: My 600-lb Life
|-activate|p1a: My 600-lb Life|move: Protect
|
|-heal|p1a: My 600-lb Life|29/100|[from] item: Leftovers
|upkeep
|turn|28
|
|t:|1779683588
|move|p2a: Dragonite|Earthquake|p1a: My 600-lb Life
|-damage|p1a: My 600-lb Life|0 fnt
|faint|p1a: My 600-lb Life
|
|upkeep
|
|t:|1779683598
|switch|p1a: The Wheel|Great Tusk|65/100
|turn|29
|
|t:|1779683609
|move|p2a: Dragonite|Extreme Speed|p1a: The Wheel
|-damage|p1a: The Wheel|6/100
|move|p1a: The Wheel|Knock Off|p2a: Dragonite
|-damage|p2a: Dragonite|0 fnt
|-enditem|p2a: Dragonite|Heavy-Duty Boots|[from] move: Knock Off|[of] p1a: The Wheel
|faint|p2a: Dragonite
|
|upkeep
|
|t:|1779683616
|switch|p2a: Gardevoir|Gardevoir, F|88/100
|turn|30
|
|t:|1779683619
|move|p2a: Gardevoir|Moonblast|p1a: The Wheel
|-supereffective|p1a: The Wheel
|-damage|p1a: The Wheel|0 fnt
|faint|p1a: The Wheel
|-end|p1a: The Wheel|Protosynthesis|[silent]
|
|upkeep
|
|t:|1779683622
|switch|p1a: Head In The Clouds|Raging Bolt|100/100
|turn|31
|
|t:|1779683628
|move|p1a: Head In The Clouds|Thunderclap|p2a: Gardevoir
|-damage|p2a: Gardevoir|33/100
|move|p2a: Gardevoir|Moonblast|p1a: Head In The Clouds
|-supereffective|p1a: Head In The Clouds
|-damage|p1a: Head In The Clouds|7/100
|
|upkeep
|turn|32
|
|t:|1779683632
|move|p1a: Head In The Clouds|Thunderclap|p2a: Gardevoir
|-damage|p2a: Gardevoir|0 fnt
|faint|p2a: Gardevoir
|
|win|GBC_Peepers
|raw|GBC_Peepers's rating: 1286 &rarr; <strong>1313</strong><br />(+27 for winning)
|raw|SuperMetalCharz's rating: 1313 &rarr; <strong>1291</strong><br />(-22 for losing)
|l|☆SuperMetalCharz
|player|p2|
|l|☆GBC_Peepers
|player|p1|
