|j|☆gydrax_starlight
|j|☆hat40
|t:|1779560071
|gametype|singles
|player|p1|gydrax_starlight|170|1323
|player|p2|hat40|1|1307
|gen|9
|tier|[Gen 9] OU
|rated|
|rule|HP Percentage Mod: HP is shown in percentages
|rule|Endless Battle Clause: Forcing endless battles is banned
|rule|Species Clause: Limit one of each Pokémon
|rule|OHKO Clause: OHKO moves are banned
|rule|Evasion Items Clause: Evasion items are banned
|rule|Evasion Moves Clause: Evasion moves are banned
|rule|Evasion Abilities Clause: Evasion abilities are banned
|rule|Sleep Moves Clause: Sleep-inducing moves are banned
|clearpoke
|poke|p1|Great Tusk|
|poke|p1|Ogerpon-Wellspring, F|
|poke|p1|Slowking-Galar, F|
|poke|p1|Kyurem|
|poke|p1|Ceruledge, M|
|poke|p1|Glimmora, M|
|poke|p2|Pelipper, M|
|poke|p2|Manaphy|
|poke|p2|Bruxish, M|
|poke|p2|Overqwil, M|
|poke|p2|Iron Treads|
|poke|p2|Raging Bolt|
|teampreview
|
|t:|1779560076
|teamsize|p1|6
|teamsize|p2|6
|start
|switch|p1a: Glimmora|Glimmora, M|100/100
|switch|p2a: Iron Treads|Iron Treads|100/100
|-enditem|p2a: Iron Treads|Booster Energy
|-activate|p2a: Iron Treads|ability: Quark Drive|[fromitem]
|-start|p2a: Iron Treads|quarkdrivespe
|turn|1
|
|t:|1779560082
|move|p2a: Iron Treads|Earthquake|p1a: Glimmora
|-supereffective|p1a: Glimmora
|-enditem|p1a: Glimmora|Focus Sash
|-damage|p1a: Glimmora|1/100
|-activate|p1a: Glimmora|ability: Toxic Debris
|-sidestart|p2: hat40|move: Toxic Spikes
|move|p1a: Glimmora|Earth Power|p2a: Iron Treads
|-supereffective|p2a: Iron Treads
|-damage|p2a: Iron Treads|43/100
|
|upkeep
|turn|2
|
|t:|1779560092
|switch|p1a: Ceruledge|Ceruledge, M|100/100
|move|p2a: Iron Treads|Earthquake|p1a: Ceruledge
|-supereffective|p1a: Ceruledge
|-enditem|p1a: Ceruledge|Focus Sash
|-damage|p1a: Ceruledge|1/100
|-ability|p1a: Ceruledge|Weak Armor|boost
|-unboost|p1a: Ceruledge|def|1
|-boost|p1a: Ceruledge|spe|2
|
|upkeep
|turn|3
|
|t:|1779560101
|move|p1a: Ceruledge|Bitter Blade|p2a: Iron Treads
|-supereffective|p2a: Iron Treads
|-damage|p2a: Iron Treads|0 fnt
|-heal|p1a: Ceruledge|29/100|[from] drain|[of] p2a: Iron Treads
|faint|p2a: Iron Treads
|-end|p2a: Iron Treads|Quark Drive|[silent]
|
|upkeep
|
|t:|1779560110
|switch|p2a: Pelipper|Pelipper, M|100/100
|-weather|RainDance|[from] ability: Drizzle|[of] p2a: Pelipper
|turn|4
|
|t:|1779560115
|move|p1a: Ceruledge|Poltergeist|p2a: Pelipper
|-activate|p2a: Pelipper|move: Poltergeist|Damp Rock
|-damage|p2a: Pelipper|60/100
|move|p2a: Pelipper|U-turn|p1a: Ceruledge
|-resisted|p1a: Ceruledge
|-damage|p1a: Ceruledge|25/100
|-ability|p1a: Ceruledge|Weak Armor|boost
|-unboost|p1a: Ceruledge|def|1
|-boost|p1a: Ceruledge|spe|2
|
|t:|1779560122
|switch|p2a: Bruxish|Bruxish, M|100/100|[from] U-turn
|-status|p2a: Bruxish|psn
|
|-weather|RainDance|[upkeep]
|-damage|p2a: Bruxish|88/100 psn|[from] psn
|upkeep
|turn|5
|
|t:|1779560125
|move|p2a: Bruxish|Aqua Jet|p1a: Ceruledge
|-supereffective|p1a: Ceruledge
|-damage|p1a: Ceruledge|0 fnt
|faint|p1a: Ceruledge
|
|-weather|RainDance|[upkeep]
|-damage|p2a: Bruxish|76/100 psn|[from] psn
|upkeep
|
|t:|1779560136
|switch|p1a: Ogerpon|Ogerpon-Wellspring, F|100/100
|turn|6
|
|t:|1779560141
|switch|p2a: Overqwil|Overqwil, M|100/100
|-sideend|p2: hat40|move: Toxic Spikes|[of] p2a: Overqwil
|move|p1a: Ogerpon|Swords Dance|p1a: Ogerpon
|-boost|p1a: Ogerpon|atk|2
|
|-weather|RainDance|[upkeep]
|upkeep
|turn|7
|
|t:|1779560146
|-terastallize|p1a: Ogerpon|Water
|detailschange|p1a: Ogerpon|Ogerpon-Wellspring-Tera, F, tera:Water
|-ability|p1a: Ogerpon|Embody Aspect (Wellspring)|boost
|-boost|p1a: Ogerpon|spd|1
|move|p2a: Overqwil|Gunk Shot|p1a: Ogerpon
|-damage|p1a: Ogerpon|2/100
|-damage|p2a: Overqwil|91/100|[from] item: Life Orb
|move|p1a: Ogerpon|Ivy Cudgel|p2a: Overqwil|[anim] Ivy Cudgel Water
|-damage|p2a: Overqwil|0 fnt
|faint|p2a: Overqwil
|
|-weather|RainDance|[upkeep]
|upkeep
|
|t:|1779560159
|switch|p2a: Bruxish|Bruxish, M|76/100 psn
|turn|8
|
|t:|1779560167
|switch|p1a: Glimmora|Glimmora, M|1/100
|move|p2a: Bruxish|Psychic Fangs|p1a: Glimmora
|-supereffective|p1a: Glimmora
|-damage|p1a: Glimmora|0 fnt
|-activate|p1a: Glimmora|ability: Toxic Debris
|-sidestart|p2: hat40|move: Toxic Spikes
|faint|p1a: Glimmora
|
|-weather|RainDance|[upkeep]
|-damage|p2a: Bruxish|64/100 psn|[from] psn
|upkeep
|
|t:|1779560190
|switch|p1a: Kyurem|Kyurem|100/100
|-ability|p1a: Kyurem|Pressure
|turn|9
|
|t:|1779560196
|move|p1a: Kyurem|Freeze-Dry|p2a: Bruxish
|-supereffective|p2a: Bruxish
|-damage|p2a: Bruxish|0 fnt
|faint|p2a: Bruxish
|
|-weather|RainDance|[upkeep]
|upkeep
|
|t:|1779560203
|switch|p2a: Raging Bolt|Raging Bolt|100/100
|-status|p2a: Raging Bolt|psn
|-enditem|p2a: Raging Bolt|Booster Energy
|-activate|p2a: Raging Bolt|ability: Protosynthesis|[fromitem]
|-start|p2a: Raging Bolt|protosynthesisspa
|turn|10
|
|t:|1779560209
|-terastallize|p2a: Raging Bolt|Fairy
|move|p1a: Kyurem|Freeze-Dry|p2a: Raging Bolt
|-damage|p2a: Raging Bolt|68/100 psn
|move|p2a: Raging Bolt|Dragon Pulse|p1a: Kyurem
|-supereffective|p1a: Kyurem
|-damage|p1a: Kyurem|0 fnt
|faint|p1a: Kyurem
|
|-weather|RainDance|[upkeep]
|-damage|p2a: Raging Bolt|55/100 psn|[from] psn
|upkeep
|
|t:|1779560219
|switch|p1a: Slowking|Slowking-Galar, F|100/100
|turn|11
|
|t:|1779560224
|move|p2a: Raging Bolt|Thunderbolt|p1a: Slowking
|-damage|p1a: Slowking|63/100
|move|p1a: Slowking|Future Sight|p2a: Raging Bolt
|-start|p1a: Slowking|move: Future Sight
|
|-weather|none
|-heal|p1a: Slowking|69/100|[from] item: Leftovers
|-damage|p2a: Raging Bolt|43/100 psn|[from] psn
|upkeep
|turn|12
|
|t:|1779560228
|move|p2a: Raging Bolt|Thunderbolt|p1a: Slowking
|-damage|p1a: Slowking|26/100
|move|p1a: Slowking|Sludge Bomb|p2a: Raging Bolt
|-supereffective|p2a: Raging Bolt
|-damage|p2a: Raging Bolt|0 fnt
|faint|p2a: Raging Bolt
|-end|p2a: Raging Bolt|Protosynthesis|[silent]
|
|-heal|p1a: Slowking|32/100|[from] item: Leftovers
|upkeep
|
|t:|1779560231
|switch|p2a: Pelipper|Pelipper, M|60/100
|-weather|RainDance|[from] ability: Drizzle|[of] p2a: Pelipper
|turn|13
|
|t:|1779560243
|move|p2a: Pelipper|Weather Ball|p1a: Slowking
|-damage|p1a: Slowking|2/100
|-prepare|p1a: Slowking|Chilly Reception|[premajor]
|move|p1a: Slowking|Chilly Reception|p1a: Slowking
|-weather|Snowscape
|
|t:|1779560248
|switch|p1a: Great Tusk|Great Tusk|100/100|[from] Chilly Reception
|
|-weather|Snowscape|[upkeep]
|-end|p2a: Pelipper|move: Future Sight
|-damage|p2a: Pelipper|1/100
|upkeep
|turn|14
|
|t:|1779560252
|-end|p1a: Great Tusk|Protosynthesis|[silent]
|switch|p1a: Slowking|Slowking-Galar, F|35/100
|move|p2a: Pelipper|Weather Ball|p1a: Slowking
|-damage|p1a: Slowking|21/100
|
|-weather|Snowscape|[upkeep]
|-heal|p1a: Slowking|27/100|[from] item: Leftovers
|upkeep
|turn|15
|
|t:|1779560256
|move|p2a: Pelipper|Roost|p2a: Pelipper
|-heal|p2a: Pelipper|51/100
|-singleturn|p2a: Pelipper|move: Roost
|move|p1a: Slowking|Thunder Wave|p2a: Pelipper
|-status|p2a: Pelipper|par
|
|-weather|Snowscape|[upkeep]
|-heal|p1a: Slowking|33/100|[from] item: Leftovers
|upkeep
|turn|16
|
|t:|1779560260
|move|p2a: Pelipper|Roost|p2a: Pelipper
|-heal|p2a: Pelipper|100/100 par
|-singleturn|p2a: Pelipper|move: Roost
|move|p1a: Slowking|Sludge Bomb|p2a: Pelipper
|-damage|p2a: Pelipper|55/100 par
|
|-weather|Snowscape|[upkeep]
|-heal|p1a: Slowking|39/100|[from] item: Leftovers
|upkeep
|turn|17
|
|t:|1779560263
|move|p2a: Pelipper|Roost|p2a: Pelipper
|-heal|p2a: Pelipper|100/100 par
|-singleturn|p2a: Pelipper|move: Roost
|move|p1a: Slowking|Sludge Bomb|p2a: Pelipper
|-damage|p2a: Pelipper|53/100 par
|
|-weather|none
|-heal|p1a: Slowking|45/100|[from] item: Leftovers
|upkeep
|turn|18
|
|t:|1779560267
|move|p2a: Pelipper|Roost|p2a: Pelipper
|-heal|p2a: Pelipper|100/100 par
|-singleturn|p2a: Pelipper|move: Roost
|move|p1a: Slowking|Future Sight|p2a: Pelipper
|-start|p1a: Slowking|move: Future Sight
|
|-heal|p1a: Slowking|52/100|[from] item: Leftovers
|upkeep
|turn|19
|
|t:|1779560272
|move|p2a: Pelipper|Hurricane|p1a: Slowking
|-damage|p1a: Slowking|30/100
|move|p1a: Slowking|Sludge Bomb|p2a: Pelipper
|-damage|p2a: Pelipper|51/100 par
|
|-heal|p1a: Slowking|36/100|[from] item: Leftovers
|upkeep
|turn|20
|
|t:|1779560281
|cant|p2a: Pelipper|par
|move|p1a: Slowking|Sludge Bomb|p2a: Pelipper
|-damage|p2a: Pelipper|2/100 par
|
|-end|p2a: Pelipper|move: Future Sight
|-damage|p2a: Pelipper|0 fnt
|faint|p2a: Pelipper
|-heal|p1a: Slowking|42/100|[from] item: Leftovers
|upkeep
|
|t:|1779560283
|switch|p2a: Manaphy|Manaphy|100/100
|-status|p2a: Manaphy|psn
|turn|21
|
|t:|1779560287
|move|p2a: Manaphy|Tail Glow|p2a: Manaphy
|-boost|p2a: Manaphy|spa|3
|move|p1a: Slowking|Future Sight|p2a: Manaphy
|-start|p1a: Slowking|move: Future Sight
|
|-heal|p1a: Slowking|48/100|[from] item: Leftovers
|-damage|p2a: Manaphy|88/100 psn|[from] psn
|upkeep
|turn|22
|
|t:|1779560290
|move|p2a: Manaphy|Energy Ball|p1a: Slowking
|-resisted|p1a: Slowking
|-damage|p1a: Slowking|29/100
|move|p1a: Slowking|Sludge Bomb|p2a: Manaphy
|-damage|p2a: Manaphy|54/100 psn
|
|-heal|p1a: Slowking|35/100|[from] item: Leftovers
|-damage|p2a: Manaphy|42/100 psn|[from] psn
|upkeep
|turn|23
|-message|hat40 forfeited.
|
|win|gydrax_starlight
|raw|gydrax_starlight's rating: 1323 &rarr; <strong>1342</strong><br />(+19 for winning)
|raw|hat40's rating: 1307 &rarr; <strong>1288</strong><br />(-19 for losing)
|l|☆hat40
|player|p2|
|l|☆gydrax_starlight
|player|p1|
