|j|☆gymnopedie end
|j|☆Nikfire48
|t:|1779665258
|gametype|singles
|player|p1|gymnopedie end|touristf|1065
|player|p2|Nikfire48|1|1120
|gen|9
|tier|[Gen 9] OU
|rated|
|rule|HP Percentage Mod: HP is shown in percentages
|rule|Endless Battle Clause: Forcing endless battles is banned
|rule|Species Clause: Limit one of each Pokémon
|rule|OHKO Clause: OHKO moves are banned
|rule|Evasion Items Clause: Evasion items are banned
|rule|Evasion Moves Clause: Evasion moves are banned
|rule|Evasion Abilities Clause: Evasion abilities are banned
|rule|Sleep Moves Clause: Sleep-inducing moves are banned
|clearpoke
|poke|p1|Umbreon, F|
|poke|p1|Mandibuzz, F|
|poke|p1|Clodsire, M|
|poke|p1|Hatterene, F|
|poke|p1|Slowking, M|
|poke|p1|Crocalor, M|
|poke|p2|Ogerpon-Wellspring, F|
|poke|p2|Gholdengo|
|poke|p2|Kingambit, M|
|poke|p2|Grimmsnarl, M|
|poke|p2|Great Tusk|
|poke|p2|Moltres|
|teampreview
|inactive|Battle timer is ON: inactive players will automatically lose when time's up. (requested by gymnopedie end)
|
|t:|1779665263
|teamsize|p1|6
|teamsize|p2|6
|start
|switch|p1a: Checktung|Slowking, M|100/100
|switch|p2a: Ogerpon|Ogerpon-Wellspring, F|100/100
|turn|1
|
|t:|1779665272
|switch|p1a: Checking|Mandibuzz, F|100/100
|move|p2a: Ogerpon|Horn Leech|p1a: Checking
|-resisted|p1a: Checking
|-damage|p1a: Checking|88/100
|
|upkeep
|turn|2
|
|t:|1779665282
|move|p2a: Ogerpon|Ivy Cudgel|p1a: Checking|[anim] Ivy Cudgel Water
|-damage|p1a: Checking|56/100
|move|p1a: Checking|Toxic|p2a: Ogerpon
|-status|p2a: Ogerpon|tox
|
|-damage|p2a: Ogerpon|95/100 tox|[from] psn
|upkeep
|turn|3
|
|t:|1779665290
|move|p2a: Ogerpon|Ivy Cudgel|p1a: Checking|[anim] Ivy Cudgel Water
|-damage|p1a: Checking|20/100
|move|p1a: Checking|Roost|p1a: Checking
|-heal|p1a: Checking|70/100
|-singleturn|p1a: Checking|move: Roost
|
|-damage|p2a: Ogerpon|83/100 tox|[from] psn
|upkeep
|turn|4
|
|t:|1779665314
|switch|p2a: Grimmsnarl|Grimmsnarl, M|100/100
|move|p1a: Checking|Roost|p1a: Checking
|-heal|p1a: Checking|100/100
|-singleturn|p1a: Checking|move: Roost
|
|upkeep
|turn|5
|
|t:|1779665324
|move|p2a: Grimmsnarl|Parting Shot|p1a: Checking
|-hint|Since gen 7, Dark is immune to Prankster moves.
|-immune|p1a: Checking
|move|p1a: Checking|Toxic|p2a: Grimmsnarl
|-status|p2a: Grimmsnarl|tox
|
|-damage|p2a: Grimmsnarl|94/100 tox|[from] psn
|upkeep
|turn|6
|
|t:|1779665337
|move|p2a: Grimmsnarl|Light Screen|p2a: Grimmsnarl
|-sidestart|p2: Nikfire48|move: Light Screen
|move|p1a: Checking|Foul Play|p2a: Grimmsnarl
|-resisted|p2a: Grimmsnarl
|-damage|p2a: Grimmsnarl|85/100 tox
|
|-damage|p2a: Grimmsnarl|72/100 tox|[from] psn
|upkeep
|turn|7
|
|t:|1779665345
|move|p2a: Grimmsnarl|Reflect|p2a: Grimmsnarl
|-sidestart|p2: Nikfire48|Reflect
|move|p1a: Checking|Defog|p2a: Grimmsnarl
|-unboost|p2a: Grimmsnarl|evasion|1
|-sideend|p2: Nikfire48|Reflect
|-sideend|p2: Nikfire48|move: Light Screen
|
|-damage|p2a: Grimmsnarl|54/100 tox|[from] psn
|upkeep
|turn|8
|
|t:|1779665357
|switch|p2a: Great Tusk|Great Tusk|100/100
|-enditem|p2a: Great Tusk|Booster Energy
|-activate|p2a: Great Tusk|ability: Protosynthesis|[fromitem]
|-start|p2a: Great Tusk|protosynthesisatk
|move|p1a: Checking|Foul Play|p2a: Great Tusk
|-resisted|p2a: Great Tusk
|-damage|p2a: Great Tusk|84/100
|
|upkeep
|turn|9
|
|t:|1779665366
|move|p2a: Great Tusk|Ice Spinner|p1a: Checking
|-supereffective|p1a: Checking
|-damage|p1a: Checking|60/100
|move|p1a: Checking|Toxic|p2a: Great Tusk
|-status|p2a: Great Tusk|tox
|
|-damage|p2a: Great Tusk|77/100 tox|[from] psn
|upkeep
|turn|10
|
|t:|1779665376
|-end|p2a: Great Tusk|Protosynthesis|[silent]
|switch|p2a: Gholdengo|Gholdengo|100/100
|-item|p2a: Gholdengo|Air Balloon
|move|p1a: Checking|Roost|p1a: Checking
|-heal|p1a: Checking|100/100
|-singleturn|p1a: Checking|move: Roost
|
|upkeep
|turn|11
|
|t:|1779665387
|move|p2a: Gholdengo|Nasty Plot|p2a: Gholdengo
|-boost|p2a: Gholdengo|spa|2
|move|p1a: Checking|Foul Play|p2a: Gholdengo
|-supereffective|p2a: Gholdengo
|-damage|p2a: Gholdengo|64/100
|-enditem|p2a: Gholdengo|Air Balloon
|
|upkeep
|turn|12
|
|t:|1779665396
|switch|p1a: Checkelung|Clodsire, M|100/100
|move|p2a: Gholdengo|Nasty Plot|p2a: Gholdengo
|-boost|p2a: Gholdengo|spa|2
|
|upkeep
|turn|13
|
|t:|1779665406
|-terastallize|p2a: Gholdengo|Flying
|move|p2a: Gholdengo|Make It Rain|p1a: Checkelung
|-damage|p1a: Checkelung|0 fnt
|-unboost|p2a: Gholdengo|spa|1
|faint|p1a: Checkelung
|
|upkeep
|
|t:|1779665411
|switch|p1a: Checkaloo|Crocalor, M|100/100
|turn|14
|
|t:|1779665419
|move|p2a: Gholdengo|Shadow Ball|p1a: Checkaloo
|-damage|p1a: Checkaloo|62/100
|move|p1a: Checkaloo|Fire Spin|p2a: Gholdengo
|-damage|p2a: Gholdengo|51/100
|-activate|p2a: Gholdengo|move: Fire Spin|[of] p1a: Checkaloo
|
|-damage|p2a: Gholdengo|39/100|[from] move: Fire Spin|[partiallytrapped]
|upkeep
|turn|15
|
|t:|1779665431
|move|p2a: Gholdengo|Make It Rain|p1a: Checkaloo
|-resisted|p1a: Checkaloo
|-damage|p1a: Checkaloo|31/100
|-unboost|p2a: Gholdengo|spa|1
|move|p1a: Checkaloo|Slack Off|p1a: Checkaloo
|-heal|p1a: Checkaloo|82/100
|
|-damage|p2a: Gholdengo|26/100|[from] move: Fire Spin|[partiallytrapped]
|upkeep
|turn|16
|
|t:|1779665442
|move|p2a: Gholdengo|Nasty Plot|p2a: Gholdengo
|-boost|p2a: Gholdengo|spa|2
|move|p1a: Checkaloo|Slack Off|p1a: Checkaloo
|-heal|p1a: Checkaloo|100/100
|
|-damage|p2a: Gholdengo|14/100|[from] move: Fire Spin|[partiallytrapped]
|upkeep
|turn|17
|
|t:|1779665451
|move|p2a: Gholdengo|Shadow Ball|p1a: Checkaloo
|-damage|p1a: Checkaloo|62/100
|move|p1a: Checkaloo|Flamethrower|p2a: Gholdengo
|-damage|p2a: Gholdengo|0 fnt
|faint|p2a: Gholdengo
|
|upkeep
|
|t:|1779665464
|switch|p2a: Grimmsnarl|Grimmsnarl, M|54/100 tox
|turn|18
|
|t:|1779665468
|switch|p1a: Checking|Mandibuzz, F|100/100
|move|p2a: Grimmsnarl|Light Screen|p2a: Grimmsnarl
|-sidestart|p2: Nikfire48|move: Light Screen
|
|-damage|p2a: Grimmsnarl|48/100 tox|[from] psn
|upkeep
|turn|19
|
|t:|1779665475
|move|p2a: Grimmsnarl|Reflect|p2a: Grimmsnarl
|-sidestart|p2: Nikfire48|Reflect
|move|p1a: Checking|Defog|p2a: Grimmsnarl
|-unboost|p2a: Grimmsnarl|evasion|1
|-sideend|p2: Nikfire48|Reflect
|-sideend|p2: Nikfire48|move: Light Screen
|
|-damage|p2a: Grimmsnarl|36/100 tox|[from] psn
|upkeep
|turn|20
|
|t:|1779665489
|switch|p2a: Ogerpon|Ogerpon-Wellspring, F|83/100 tox
|move|p1a: Checking|Foul Play|p2a: Ogerpon
|-damage|p2a: Ogerpon|25/100 tox
|
|-damage|p2a: Ogerpon|19/100 tox|[from] psn
|upkeep
|turn|21
|
|t:|1779665498
|switch|p1a: Check|Hatterene, F|100/100
|move|p2a: Ogerpon|Ivy Cudgel|p1a: Check|[anim] Ivy Cudgel Water
|-damage|p1a: Check|57/100
|
|-heal|p1a: Check|63/100|[from] item: Leftovers
|-damage|p2a: Ogerpon|7/100 tox|[from] psn
|upkeep
|turn|22
|
|t:|1779665509
|move|p2a: Ogerpon|Horn Leech|p1a: Check
|-damage|p1a: Check|27/100
|-heal|p2a: Ogerpon|26/100 tox|[from] drain|[of] p1a: Check
|move|p1a: Check|Draining Kiss|p2a: Ogerpon
|-damage|p2a: Ogerpon|1/100 tox
|-heal|p1a: Check|44/100|[from] drain|[of] p2a: Ogerpon
|
|-heal|p1a: Check|50/100|[from] item: Leftovers
|-damage|p2a: Ogerpon|0 fnt|[from] psn
|faint|p2a: Ogerpon
|upkeep
|
|t:|1779665526
|switch|p2a: Great Tusk|Great Tusk|77/100 tox
|turn|23
|inactive|Nikfire48 has 120 seconds left.
|l|☆Nikfire48
|inactive|Nikfire48 disconnected and has a minute to reconnect!
|player|p2|
|j|☆Nikfire48
|inactive|Nikfire48 reconnected and has 95 seconds left.
|player|p2|Nikfire48|1|
|inactive|Nikfire48 has 90 seconds left.
|
|t:|1779665578
|move|p2a: Great Tusk|Headlong Rush|p1a: Check
|-damage|p1a: Check|4/100
|-unboost|p2a: Great Tusk|def|1
|-unboost|p2a: Great Tusk|spd|1
|move|p1a: Check|Draining Kiss|p2a: Great Tusk
|-supereffective|p2a: Great Tusk
|-damage|p2a: Great Tusk|0 fnt
|-heal|p1a: Check|71/100|[from] drain|[of] p2a: Great Tusk
|faint|p2a: Great Tusk
|-end|p2a: Great Tusk|Protosynthesis|[silent]
|
|-heal|p1a: Check|77/100|[from] item: Leftovers
|upkeep
|inactive|Nikfire48 has 90 seconds left.
|
|t:|1779665593
|switch|p2a: Kingambit|Kingambit, M|100/100
|-activate|p2a: Kingambit|ability: Supreme Overlord
|-start|p2a: Kingambit|fallen3|[silent]
|turn|24
|inactive|Nikfire48 has 90 seconds left.
|-message|Nikfire48 forfeited.
|
|win|gymnopedie end
|raw|gymnopedie end's rating: 1090 &rarr; <strong>1119</strong><br />(+29 for winning)
|raw|Nikfire48's rating: 1120 &rarr; <strong>1093</strong><br />(-27 for losing)
|l|☆Nikfire48
|player|p2|
|l|☆gymnopedie end
|player|p1|
