|j|☆louwilliamzz
|j|☆Mrweston
|t:|1779722242
|gametype|singles
|player|p1|louwilliamzz|101|1380
|player|p2|Mrweston|ghetsis-gen5bw|1416
|gen|9
|tier|[Gen 9] OU
|rated|
|rule|HP Percentage Mod: HP is shown in percentages
|rule|Endless Battle Clause: Forcing endless battles is banned
|rule|Species Clause: Limit one of each Pokémon
|rule|OHKO Clause: OHKO moves are banned
|rule|Evasion Items Clause: Evasion items are banned
|rule|Evasion Moves Clause: Evasion moves are banned
|rule|Evasion Abilities Clause: Evasion abilities are banned
|rule|Sleep Moves Clause: Sleep-inducing moves are banned
|clearpoke
|poke|p1|Indeedee, M|
|poke|p1|Armarouge, M|
|poke|p1|Ting-Lu|
|poke|p1|Hawlucha, M|
|poke|p1|Polteageist-Antique|
|poke|p1|Hatterene, F|
|poke|p2|Hawlucha, F|
|poke|p2|Blaziken, F|
|poke|p2|Magnezone|
|poke|p2|Haunter, M|
|poke|p2|Donphan, F|
|poke|p2|Latios, M|
|teampreview
|inactive|Battle timer is ON: inactive players will automatically lose when time's up. (requested by Mrweston)
|
|t:|1779722262
|teamsize|p1|6
|teamsize|p2|6
|start
|switch|p1a: Hatterene|Hatterene, F|100/100
|switch|p2a: Magnezone|Magnezone, shiny|100/100
|turn|1
|
|t:|1779722273
|switch|p1a: Ting-Lu|Ting-Lu|100/100
|-ability|p1a: Ting-Lu|Vessel of Ruin
|move|p2a: Magnezone|Flash Cannon|p1a: Ting-Lu
|-damage|p1a: Ting-Lu|87/100
|
|-heal|p1a: Ting-Lu|93/100|[from] item: Leftovers
|upkeep
|turn|2
|
|t:|1779722289
|switch|p2a: Donphan|Donphan, F|100/100
|move|p1a: Ting-Lu|Stealth Rock|p2a: Donphan
|-sidestart|p2: Mrweston|move: Stealth Rock
|
|-heal|p1a: Ting-Lu|99/100|[from] item: Leftovers
|upkeep
|turn|3
|
|t:|1779722296
|switch|p1a: Hatterene|Hatterene, F|100/100
|move|p2a: Donphan|Knock Off|p1a: Hatterene
|-damage|p1a: Hatterene|70/100
|-enditem|p1a: Hatterene|Leftovers|[from] move: Knock Off|[of] p2a: Donphan
|
|upkeep
|turn|4
|
|t:|1779722304
|move|p2a: Donphan|Rapid Spin|p1a: Hatterene
|-damage|p1a: Hatterene|54/100
|-boost|p2a: Donphan|spe|1
|-sideend|p2: Mrweston|Stealth Rock|[from] move: Rapid Spin|[of] p2a: Donphan
|move|p1a: Hatterene|Mystical Fire|p2a: Donphan
|-damage|p2a: Donphan|65/100
|-unboost|p2a: Donphan|spa|1
|
|upkeep
|turn|5
|
|t:|1779722309
|move|p2a: Donphan|Earthquake|p1a: Hatterene
|-damage|p1a: Hatterene|12/100
|move|p1a: Hatterene|Draining Kiss|p2a: Donphan
|-damage|p2a: Donphan|31/100
|-heal|p1a: Hatterene|37/100|[from] drain|[of] p2a: Donphan
|
|upkeep
|turn|6
|
|t:|1779722328
|move|p2a: Donphan|Earthquake|p1a: Hatterene
|-damage|p1a: Hatterene|0 fnt
|faint|p1a: Hatterene
|
|upkeep
|
|t:|1779722337
|switch|p1a: Indeedee|Indeedee, M|100/100
|-fieldstart|move: Psychic Terrain|[from] ability: Psychic Surge|[of] p1a: Indeedee
|turn|7
|
|t:|1779722342
|move|p1a: Indeedee|Psyshock|p2a: Donphan
|-damage|p2a: Donphan|0 fnt
|faint|p2a: Donphan
|
|upkeep
|
|t:|1779722350
|switch|p2a: Magnezone|Magnezone, shiny|100/100
|turn|8
|
|t:|1779722354
|switch|p1a: Ting-Lu|Ting-Lu|99/100
|-ability|p1a: Ting-Lu|Vessel of Ruin
|switch|p2a: Blaziken|Blaziken, F|100/100
|
|-heal|p1a: Ting-Lu|100/100|[from] item: Leftovers
|upkeep
|turn|9
|
|t:|1779722366
|-terastallize|p2a: Blaziken|Flying
|-terastallize|p1a: Ting-Lu|Water
|move|p2a: Blaziken|Swords Dance|p2a: Blaziken
|-boost|p2a: Blaziken|atk|2
|move|p1a: Ting-Lu|Earthquake|p2a: Blaziken
|-immune|p2a: Blaziken
|
|-ability|p2a: Blaziken|Speed Boost|boost
|-boost|p2a: Blaziken|spe|1
|upkeep
|turn|10
|
|t:|1779722374
|move|p2a: Blaziken|Close Combat|p1a: Ting-Lu
|-damage|p1a: Ting-Lu|33/100
|-unboost|p2a: Blaziken|def|1
|-unboost|p2a: Blaziken|spd|1
|move|p1a: Ting-Lu|Whirlwind|p2a: Blaziken
|drag|p2a: Haunter|Haunter, M|100/100
|
|-heal|p1a: Ting-Lu|39/100|[from] item: Leftovers
|upkeep
|turn|11
|
|t:|1779722384
|move|p2a: Haunter|Sludge Wave|p1a: Ting-Lu
|-damage|p1a: Ting-Lu|21/100
|-status|p1a: Ting-Lu|psn
|move|p1a: Ting-Lu|Stealth Rock|p2a: Haunter
|-sidestart|p2: Mrweston|move: Stealth Rock
|
|-heal|p1a: Ting-Lu|27/100 psn|[from] item: Leftovers
|-damage|p1a: Ting-Lu|15/100 psn|[from] psn
|upkeep
|turn|12
|
|t:|1779722394
|move|p2a: Haunter|Hex|p1a: Ting-Lu
|-crit|p1a: Ting-Lu
|-damage|p1a: Ting-Lu|0 fnt
|faint|p1a: Ting-Lu
|
|upkeep
|
|t:|1779722410
|switch|p1a: Indeedee|Indeedee, M|100/100
|turn|13
|
|t:|1779722415
|switch|p2a: Magnezone|Magnezone, shiny|100/100
|-damage|p2a: Magnezone|94/100|[from] Stealth Rock
|move|p1a: Indeedee|Psyshock|p2a: Magnezone
|-resisted|p2a: Magnezone
|-damage|p2a: Magnezone|78/100
|
|upkeep
|turn|14
|inactive|louwilliamzz has 120 seconds left.
|
|t:|1779722449
|switch|p1a: Armarouge|Armarouge, M|100/100
|move|p2a: Magnezone|Volt Switch|p1a: Armarouge
|-damage|p1a: Armarouge|62/100
|
|t:|1779722455
|switch|p2a: Hawlucha|Hawlucha, F, shiny|100/100|[from] Volt Switch
|-damage|p2a: Hawlucha|88/100|[from] Stealth Rock
|-ability|p2a: Hawlucha|Mold Breaker
|
|-fieldend|move: Psychic Terrain
|upkeep
|turn|15
|
|t:|1779722466
|move|p2a: Hawlucha|Defog|p1a: Armarouge
|-unboost|p1a: Armarouge|evasion|1
|-sideend|p2: Mrweston|Stealth Rock|[from] move: Defog|[of] p2a: Hawlucha
|move|p1a: Armarouge|Expanding Force|p2a: Hawlucha
|-supereffective|p2a: Hawlucha
|-damage|p2a: Hawlucha|0 fnt
|faint|p2a: Hawlucha
|
|upkeep
|
|t:|1779722476
|switch|p2a: Haunter|Haunter, M|100/100
|turn|16
|
|t:|1779722480
|switch|p1a: Indeedee|Indeedee, M|100/100
|-fieldstart|move: Psychic Terrain|[from] ability: Psychic Surge|[of] p1a: Indeedee
|move|p2a: Haunter|Hex|p1a: Indeedee
|-immune|p1a: Indeedee
|
|upkeep
|turn|17
|
|t:|1779722493
|switch|p1a: Armarouge|Armarouge, M|62/100
|move|p2a: Haunter|Sludge Wave|p1a: Armarouge
|-crit|p1a: Armarouge
|-damage|p1a: Armarouge|0 fnt
|faint|p1a: Armarouge
|
|upkeep
|
|t:|1779722509
|switch|p1a: Polteageist|Polteageist-Antique|100/100
|turn|18
|
|t:|1779722517
|move|p2a: Haunter|Hex|p1a: Polteageist
|-supereffective|p1a: Polteageist
|-damage|p1a: Polteageist|29/100
|move|p1a: Polteageist|Shell Smash|p1a: Polteageist
|-unboost|p1a: Polteageist|def|1
|-unboost|p1a: Polteageist|spd|1
|-boost|p1a: Polteageist|atk|2
|-boost|p1a: Polteageist|spa|2
|-boost|p1a: Polteageist|spe|2
|
|upkeep
|turn|19
|
|t:|1779722524
|move|p1a: Polteageist|Shadow Ball|p2a: Haunter
|-supereffective|p2a: Haunter
|-enditem|p2a: Haunter|Focus Sash
|-damage|p2a: Haunter|1/100
|move|p2a: Haunter|Hex|p1a: Polteageist
|-supereffective|p1a: Polteageist
|-damage|p1a: Polteageist|0 fnt
|faint|p1a: Polteageist
|
|upkeep
|inactive|louwilliamzz has 120 seconds left.
|
|t:|1779722552
|switch|p1a: Indeedee|Indeedee, M|100/100
|turn|20
|
|t:|1779722557
|move|p1a: Indeedee|Psyshock|p2a: Haunter
|-supereffective|p2a: Haunter
|-damage|p2a: Haunter|0 fnt
|faint|p2a: Haunter
|
|upkeep
|
|t:|1779722563
|switch|p2a: Magnezone|Magnezone, shiny|78/100
|turn|21
|
|t:|1779722581
|move|p1a: Indeedee|Psyshock|p2a: Magnezone
|-resisted|p2a: Magnezone
|-damage|p2a: Magnezone|59/100
|move|p2a: Magnezone|Thunderbolt|p1a: Indeedee
|-damage|p1a: Indeedee|44/100
|
|upkeep
|turn|22
|
|t:|1779722587
|move|p1a: Indeedee|Psyshock|p2a: Magnezone
|-resisted|p2a: Magnezone
|-damage|p2a: Magnezone|43/100
|move|p2a: Magnezone|Thunderbolt|p1a: Indeedee
|-damage|p1a: Indeedee|0 fnt
|faint|p1a: Indeedee
|
|upkeep
|
|t:|1779722592
|switch|p1a: Hawlucha|Hawlucha, M|100/100
|-enditem|p1a: Hawlucha|Psychic Seed
|-boost|p1a: Hawlucha|spd|1|[from] item: Psychic Seed
|turn|23
|
|t:|1779722611
|move|p1a: Hawlucha|Swords Dance|p1a: Hawlucha
|-boost|p1a: Hawlucha|atk|2
|move|p2a: Magnezone|Thunderbolt|p1a: Hawlucha
|-supereffective|p1a: Hawlucha
|-damage|p1a: Hawlucha|22/100
|
|-fieldend|move: Psychic Terrain
|upkeep
|turn|24
|
|t:|1779722623
|move|p1a: Hawlucha|Close Combat|p2a: Magnezone
|-supereffective|p2a: Magnezone
|-damage|p2a: Magnezone|0 fnt
|-unboost|p1a: Hawlucha|def|1
|-unboost|p1a: Hawlucha|spd|1
|faint|p2a: Magnezone
|
|upkeep
|
|t:|1779722625
|switch|p2a: Latios|Latios, M|100/100
|turn|25
|
|t:|1779722633
|move|p1a: Hawlucha|Acrobatics|p2a: Latios
|-damage|p2a: Latios|0 fnt
|faint|p2a: Latios
|
|upkeep
|
|t:|1779722639
|switch|p2a: Blaziken|Blaziken, F, tera:Flying|100/100
|turn|26
|
|t:|1779722643
|move|p1a: Hawlucha|Acrobatics|p2a: Blaziken
|-enditem|p2a: Blaziken|Focus Sash
|-damage|p2a: Blaziken|1/100
|move|p2a: Blaziken|Temper Flare|p1a: Hawlucha
|-damage|p1a: Hawlucha|0 fnt
|faint|p1a: Hawlucha
|
|win|Mrweston
|raw|louwilliamzz's rating: 1380 &rarr; <strong>1362</strong><br />(-18 for losing)
|raw|Mrweston's rating: 1416 &rarr; <strong>1434</strong><br />(+18 for winning)
|l|☆louwilliamzz
|player|p1|
|l|☆Mrweston
|player|p2|
