|j|☆my shitters
|j|☆Buildingbros2016
|t:|1779625945
|gametype|singles
|player|p1|my shitters|preschooler|1299
|player|p2|Buildingbros2016|101|1273
|gen|9
|tier|[Gen 9] OU
|rated|
|rule|HP Percentage Mod: HP is shown in percentages
|rule|Endless Battle Clause: Forcing endless battles is banned
|rule|Species Clause: Limit one of each Pokémon
|rule|OHKO Clause: OHKO moves are banned
|rule|Evasion Items Clause: Evasion items are banned
|rule|Evasion Moves Clause: Evasion moves are banned
|rule|Evasion Abilities Clause: Evasion abilities are banned
|rule|Sleep Moves Clause: Sleep-inducing moves are banned
|clearpoke
|poke|p1|Sableye, M|
|poke|p1|Primeape, F|
|poke|p1|Alcremie-Ruby-Swirl, F|
|poke|p1|Ursaring, M|
|poke|p1|Jolteon, F|
|poke|p1|Brute Bonnet|
|poke|p2|Gholdengo|
|poke|p2|Iron Treads|
|poke|p2|Moltres|
|poke|p2|Zamazenta-*|
|poke|p2|Samurott-Hisui, F|
|poke|p2|Garganacl, M|
|teampreview
|inactive|Battle timer is ON: inactive players will automatically lose when time's up. (requested by my shitters)
|inactive|Buildingbros2016 has 120 seconds left.
|
|t:|1779625977
|teamsize|p1|6
|teamsize|p2|6
|start
|switch|p1a: Brute Bonnet|Brute Bonnet|100/100
|switch|p2a: Moltres|Moltres|100/100
|-enditem|p1a: Brute Bonnet|Booster Energy
|-activate|p1a: Brute Bonnet|ability: Protosynthesis|[fromitem]
|-start|p1a: Brute Bonnet|protosynthesisatk
|turn|1
|
|t:|1779625985
|move|p2a: Moltres|U-turn|p1a: Brute Bonnet
|-supereffective|p1a: Brute Bonnet
|-damage|p1a: Brute Bonnet|43/100
|
|t:|1779625995
|switch|p2a: Zamazenta|Zamazenta|100/100|[from] U-turn
|-ability|p2a: Zamazenta|Dauntless Shield|boost
|-boost|p2a: Zamazenta|def|1
|move|p1a: Brute Bonnet|Crunch|p2a: Zamazenta
|-resisted|p2a: Zamazenta
|-damage|p2a: Zamazenta|83/100
|
|upkeep
|turn|2
|
|t:|1779626005
|-end|p1a: Brute Bonnet|Protosynthesis|[silent]
|switch|p1a: Sableye|Sableye, M|100/100
|move|p2a: Zamazenta|Ice Fang|p1a: Sableye
|-damage|p1a: Sableye|78/100
|
|upkeep
|turn|3
|
|t:|1779626017
|switch|p2a: Gholdengo|Gholdengo|100/100
|-item|p2a: Gholdengo|Air Balloon
|move|p1a: Sableye|Reflect|p1a: Sableye
|-sidestart|p1: my shitters|Reflect
|
|upkeep
|turn|4
|
|t:|1779626026
|move|p1a: Sableye|Light Screen|p1a: Sableye
|-sidestart|p1: my shitters|move: Light Screen
|move|p2a: Gholdengo|Nasty Plot|p2a: Gholdengo
|-boost|p2a: Gholdengo|spa|2
|
|upkeep
|turn|5
|
|t:|1779626032
|switch|p1a: Brute Bonnet|Brute Bonnet|43/100
|move|p2a: Gholdengo|Make It Rain|p1a: Brute Bonnet
|-damage|p1a: Brute Bonnet|0 fnt
|-unboost|p2a: Gholdengo|spa|1
|faint|p1a: Brute Bonnet
|-end|p1a: Brute Bonnet|Protosynthesis|[silent]
|
|upkeep
|
|t:|1779626039
|switch|p1a: Jolteon|Jolteon, F|100/100
|turn|6
|
|t:|1779626044
|switch|p2a: Iron Treads|Iron Treads|100/100
|move|p1a: Jolteon|Calm Mind|p1a: Jolteon
|-boost|p1a: Jolteon|spa|1
|-boost|p1a: Jolteon|spd|1
|
|upkeep
|turn|7
|
|t:|1779626051
|move|p1a: Jolteon|Shadow Ball|p2a: Iron Treads
|-damage|p2a: Iron Treads|58/100
|move|p2a: Iron Treads|Earthquake|p1a: Jolteon
|-supereffective|p1a: Jolteon
|-damage|p1a: Jolteon|17/100
|
|upkeep
|turn|8
|
|t:|1779626058
|move|p1a: Jolteon|Shadow Ball|p2a: Iron Treads
|-damage|p2a: Iron Treads|16/100
|move|p2a: Iron Treads|Rapid Spin|p1a: Jolteon
|-damage|p1a: Jolteon|3/100
|-boost|p2a: Iron Treads|spe|1
|
|upkeep
|turn|9
|
|t:|1779626063
|move|p2a: Iron Treads|Earthquake|p1a: Jolteon
|-supereffective|p1a: Jolteon
|-damage|p1a: Jolteon|0 fnt
|faint|p1a: Jolteon
|
|upkeep
|
|t:|1779626066
|switch|p1a: PonnieColeman|Primeape, F|100/100
|turn|10
|
|t:|1779626069
|move|p2a: Iron Treads|Earthquake|p1a: PonnieColeman
|-damage|p1a: PonnieColeman|80/100
|move|p1a: PonnieColeman|Bulk Up|p1a: PonnieColeman
|-boost|p1a: PonnieColeman|atk|1
|-boost|p1a: PonnieColeman|def|1
|
|-sideend|p1: my shitters|Reflect
|upkeep
|turn|11
|
|t:|1779626075
|move|p2a: Iron Treads|Earthquake|p1a: PonnieColeman
|-damage|p1a: PonnieColeman|49/100
|move|p1a: PonnieColeman|Bulk Up|p1a: PonnieColeman
|-boost|p1a: PonnieColeman|atk|1
|-boost|p1a: PonnieColeman|def|1
|
|-sideend|p1: my shitters|move: Light Screen
|upkeep
|turn|12
|
|t:|1779626091
|move|p2a: Iron Treads|Earthquake|p1a: PonnieColeman
|-damage|p1a: PonnieColeman|26/100
|move|p1a: PonnieColeman|Bulk Up|p1a: PonnieColeman
|-boost|p1a: PonnieColeman|atk|1
|-boost|p1a: PonnieColeman|def|1
|
|upkeep
|turn|13
|
|t:|1779626094
|move|p2a: Iron Treads|Earthquake|p1a: PonnieColeman
|-damage|p1a: PonnieColeman|9/100
|move|p1a: PonnieColeman|Rest|p1a: PonnieColeman
|-status|p1a: PonnieColeman|slp|[from] move: Rest
|-heal|p1a: PonnieColeman|100/100 slp|[silent]
|
|upkeep
|turn|14
|
|t:|1779626100
|-end|p2a: Iron Treads|Quark Drive|[silent]
|switch|p2a: Moltres|Moltres|100/100
|cant|p1a: PonnieColeman|slp
|
|upkeep
|turn|15
|
|t:|1779626102
|cant|p1a: PonnieColeman|slp
|move|p2a: Moltres|Roar|p1a: PonnieColeman
|drag|p1a: Sableye|Sableye, M|78/100
|
|upkeep
|turn|16
|
|t:|1779626110
|move|p1a: Sableye|Light Screen|p1a: Sableye
|-sidestart|p1: my shitters|move: Light Screen
|move|p2a: Moltres|Flamethrower|p1a: Sableye
|-damage|p1a: Sableye|50/100
|-status|p1a: Sableye|brn
|
|-damage|p1a: Sableye|44/100 brn|[from] brn
|upkeep
|turn|17
|
|t:|1779626118
|switch|p2a: Gholdengo|Gholdengo|100/100
|-item|p2a: Gholdengo|Air Balloon
|move|p1a: Sableye|Reflect|p1a: Sableye
|-sidestart|p1: my shitters|Reflect
|
|-damage|p1a: Sableye|38/100 brn|[from] brn
|upkeep
|turn|18
|
|t:|1779626124
|switch|p1a: Only4CubLinx|Ursaring, M|100/100
|move|p2a: Gholdengo|Nasty Plot|p2a: Gholdengo
|-boost|p2a: Gholdengo|spa|2
|
|-status|p1a: Only4CubLinx|brn|[from] item: Flame Orb
|upkeep
|turn|19
|
|t:|1779626127
|move|p2a: Gholdengo|Make It Rain|p1a: Only4CubLinx
|-damage|p1a: Only4CubLinx|10/100 brn
|-unboost|p2a: Gholdengo|spa|1
|move|p1a: Only4CubLinx|Throat Chop|p2a: Gholdengo
|-supereffective|p2a: Gholdengo
|-damage|p2a: Gholdengo|17/100
|-start|p2a: Gholdengo|Throat Chop|[silent]
|-enditem|p2a: Gholdengo|Air Balloon
|
|-damage|p1a: Only4CubLinx|4/100 brn|[from] brn
|upkeep
|turn|20
|
|t:|1779626135
|move|p2a: Gholdengo|Thunderbolt|p1a: Only4CubLinx
|-damage|p1a: Only4CubLinx|0 fnt
|faint|p1a: Only4CubLinx
|
|-end|p2a: Gholdengo|Throat Chop|[silent]
|upkeep
|
|t:|1779626139
|switch|p1a: PonnieColeman|Primeape, F|100/100 slp
|turn|21
|
|t:|1779626143
|-curestatus|p1a: PonnieColeman|slp|[msg]
|move|p1a: PonnieColeman|Bulk Up|p1a: PonnieColeman
|-boost|p1a: PonnieColeman|atk|1
|-boost|p1a: PonnieColeman|def|1
|move|p2a: Gholdengo|Make It Rain|p1a: PonnieColeman
|-damage|p1a: PonnieColeman|55/100
|-unboost|p2a: Gholdengo|spa|1
|
|upkeep
|turn|22
|
|t:|1779626153
|move|p1a: PonnieColeman|Rage Fist|p2a: Gholdengo
|-supereffective|p2a: Gholdengo
|-damage|p2a: Gholdengo|0 fnt
|faint|p2a: Gholdengo
|
|upkeep
|
|t:|1779626168
|switch|p2a: Moltres|Moltres|100/100
|turn|23
|
|t:|1779626173
|move|p1a: PonnieColeman|Rage Fist|p2a: Moltres
|-damage|p2a: Moltres|33/100
|move|p2a: Moltres|Roost|p2a: Moltres
|-heal|p2a: Moltres|83/100
|-singleturn|p2a: Moltres|move: Roost
|
|-sideend|p1: my shitters|move: Light Screen
|upkeep
|turn|24
|
|t:|1779626179
|move|p1a: PonnieColeman|Rage Fist|p2a: Moltres
|-damage|p2a: Moltres|5/100
|-status|p1a: PonnieColeman|brn|[from] ability: Flame Body|[of] p2a: Moltres
|move|p2a: Moltres|Flamethrower|p1a: PonnieColeman
|-damage|p1a: PonnieColeman|24/100 brn
|
|-damage|p1a: PonnieColeman|18/100 brn|[from] brn
|-sideend|p1: my shitters|Reflect
|upkeep
|turn|25
|
|t:|1779626189
|move|p1a: PonnieColeman|Drain Punch|p2a: Moltres
|-resisted|p2a: Moltres
|-damage|p2a: Moltres|0 fnt
|-heal|p1a: PonnieColeman|20/100 brn|[from] drain|[of] p2a: Moltres
|faint|p2a: Moltres
|
|-damage|p1a: PonnieColeman|14/100 brn|[from] brn
|upkeep
|
|t:|1779626193
|switch|p2a: Zamazenta|Zamazenta|83/100
|turn|26
|
|t:|1779626196
|move|p2a: Zamazenta|Close Combat|p1a: PonnieColeman
|-damage|p1a: PonnieColeman|0 fnt
|-unboost|p2a: Zamazenta|def|1
|-unboost|p2a: Zamazenta|spd|1
|faint|p1a: PonnieColeman
|
|upkeep
|
|t:|1779626200
|switch|p1a: Sableye|Sableye, M|38/100 brn
|turn|27
|
|t:|1779626202
|move|p1a: Sableye|Reflect|p1a: Sableye
|-sidestart|p1: my shitters|Reflect
|move|p2a: Zamazenta|Stone Edge|p1a: Sableye
|-damage|p1a: Sableye|21/100 brn
|
|-damage|p1a: Sableye|15/100 brn|[from] brn
|upkeep
|turn|28
|
|t:|1779626206
|move|p1a: Sableye|Light Screen|p1a: Sableye
|-sidestart|p1: my shitters|move: Light Screen
|move|p2a: Zamazenta|Stone Edge|p1a: Sableye
|-damage|p1a: Sableye|0 fnt
|faint|p1a: Sableye
|
|upkeep
|
|t:|1779626207
|switch|p1a: CremDeLaCreamie|Alcremie-Ruby-Swirl, F|100/100
|turn|29
|
|t:|1779626211
|switch|p2a: Garganacl|Garganacl, M|100/100
|move|p1a: CremDeLaCreamie|Acid Armor|p1a: CremDeLaCreamie
|-boost|p1a: CremDeLaCreamie|def|2
|
|upkeep
|turn|30
|
|t:|1779626213
|move|p1a: CremDeLaCreamie|Calm Mind|p1a: CremDeLaCreamie
|-boost|p1a: CremDeLaCreamie|spa|1
|-boost|p1a: CremDeLaCreamie|spd|1
|move|p2a: Garganacl|Salt Cure|p1a: CremDeLaCreamie
|-damage|p1a: CremDeLaCreamie|97/100
|-start|p1a: CremDeLaCreamie|Salt Cure
|
|-heal|p1a: CremDeLaCreamie|100/100|[from] item: Leftovers
|-damage|p1a: CremDeLaCreamie|88/100|[from] Salt Cure
|upkeep
|turn|31
|
|t:|1779626225
|switch|p2a: Iron Treads|Iron Treads|16/100
|move|p1a: CremDeLaCreamie|Calm Mind|p1a: CremDeLaCreamie
|-boost|p1a: CremDeLaCreamie|spa|1
|-boost|p1a: CremDeLaCreamie|spd|1
|
|-heal|p1a: CremDeLaCreamie|94/100|[from] item: Leftovers
|-damage|p1a: CremDeLaCreamie|82/100|[from] Salt Cure
|upkeep
|turn|32
|
|t:|1779626231
|move|p2a: Iron Treads|Knock Off|p1a: CremDeLaCreamie
|-resisted|p1a: CremDeLaCreamie
|-damage|p1a: CremDeLaCreamie|79/100
|-enditem|p1a: CremDeLaCreamie|Leftovers|[from] move: Knock Off|[of] p2a: Iron Treads
|move|p1a: CremDeLaCreamie|Acid Armor|p1a: CremDeLaCreamie
|-boost|p1a: CremDeLaCreamie|def|2
|
|-damage|p1a: CremDeLaCreamie|67/100|[from] Salt Cure
|upkeep
|turn|33
|
|t:|1779626239
|move|p2a: Iron Treads|Earthquake|p1a: CremDeLaCreamie
|-crit|p1a: CremDeLaCreamie
|-damage|p1a: CremDeLaCreamie|7/100
|move|p1a: CremDeLaCreamie|Draining Kiss|p2a: Iron Treads
|-resisted|p2a: Iron Treads
|-damage|p2a: Iron Treads|0 fnt
|-heal|p1a: CremDeLaCreamie|19/100|[from] drain|[of] p2a: Iron Treads
|faint|p2a: Iron Treads
|-end|p2a: Iron Treads|Quark Drive|[silent]
|
|-damage|p1a: CremDeLaCreamie|7/100|[from] Salt Cure
|upkeep
|
|t:|1779626244
|switch|p2a: Zamazenta|Zamazenta|83/100
|turn|34
|
|t:|1779626250
|move|p2a: Zamazenta|Close Combat|p1a: CremDeLaCreamie
|-resisted|p1a: CremDeLaCreamie
|-damage|p1a: CremDeLaCreamie|2/100
|-unboost|p2a: Zamazenta|def|1
|-unboost|p2a: Zamazenta|spd|1
|move|p1a: CremDeLaCreamie|Draining Kiss|p2a: Zamazenta
|-supereffective|p2a: Zamazenta
|-damage|p2a: Zamazenta|0 fnt
|-heal|p1a: CremDeLaCreamie|62/100|[from] drain|[of] p2a: Zamazenta
|faint|p2a: Zamazenta
|
|-damage|p1a: CremDeLaCreamie|50/100|[from] Salt Cure
|-sideend|p1: my shitters|Reflect
|upkeep
|
|t:|1779626259
|switch|p2a: Samurott|Samurott-Hisui, F|100/100
|turn|35
|
|t:|1779626271
|-terastallize|p2a: Samurott|Poison
|move|p2a: Samurott|Razor Shell|p1a: CremDeLaCreamie
|-crit|p1a: CremDeLaCreamie
|-damage|p1a: CremDeLaCreamie|0 fnt
|faint|p1a: CremDeLaCreamie
|
|win|Buildingbros2016
|raw|my shitters's rating: 1299 &rarr; <strong>1272</strong><br />(-27 for losing)
|raw|Buildingbros2016's rating: 1273 &rarr; <strong>1300</strong><br />(+27 for winning)
|l|☆Buildingbros2016
|player|p2|
|l|☆my shitters
|player|p1|
|j|☆my shitters
|player|p1|my shitters|preschooler|
|l|☆my shitters
|player|p1|
