|j|☆GDYIB
|j|☆wtnb
|t:|1779605646
|gametype|singles
|player|p1|GDYIB|rocketgrunt|1159
|player|p2|wtnb|hilda|1114
|gen|9
|tier|[Gen 9] OU
|rated|
|rule|HP Percentage Mod: HP is shown in percentages
|rule|Endless Battle Clause: Forcing endless battles is banned
|rule|Species Clause: Limit one of each Pokémon
|rule|OHKO Clause: OHKO moves are banned
|rule|Evasion Items Clause: Evasion items are banned
|rule|Evasion Moves Clause: Evasion moves are banned
|rule|Evasion Abilities Clause: Evasion abilities are banned
|rule|Sleep Moves Clause: Sleep-inducing moves are banned
|clearpoke
|poke|p1|Kingambit, M|
|poke|p1|Gengar, F|
|poke|p1|Great Tusk|
|poke|p1|Heatran, M|
|poke|p1|Tornadus-Therian, M|
|poke|p1|Walking Wake|
|poke|p2|Primarina, M|
|poke|p2|Scizor, F|
|poke|p2|Gliscor, M|
|poke|p2|Hydreigon, F|
|poke|p2|Skeledirge, M|
|poke|p2|Magnezone|
|teampreview
|
|t:|1779605661
|teamsize|p1|6
|teamsize|p2|6
|start
|switch|p1a: Heatran|Heatran, M|100/100
|switch|p2a: Primarina|Primarina, M|100/100
|turn|1
|
|t:|1779605670
|move|p1a: Heatran|Earth Power|p2a: Primarina
|-damage|p2a: Primarina|84/100
|move|p2a: Primarina|Hyper Voice|p1a: Heatran
|-supereffective|p1a: Heatran
|-damage|p1a: Heatran|39/100
|
|upkeep
|turn|2
|
|t:|1779605679
|move|p1a: Heatran|Stealth Rock|p2a: Primarina
|-sidestart|p2: wtnb|move: Stealth Rock
|move|p2a: Primarina|Hyper Voice|p1a: Heatran
|-supereffective|p1a: Heatran
|-damage|p1a: Heatran|0 fnt
|faint|p1a: Heatran
|
|upkeep
|
|t:|1779605696
|switch|p1a: Gengar|Gengar, F|100/100
|turn|3
|
|t:|1779605707
|move|p1a: Gengar|Shadow Ball|p2a: Primarina
|-damage|p2a: Primarina|57/100
|-unboost|p2a: Primarina|spd|1
|move|p2a: Primarina|Hyper Voice|p1a: Gengar
|-damage|p1a: Gengar|40/100
|-start|p2a: Primarina|Disable|Hyper Voice|[from] ability: Cursed Body|[of] p1a: Gengar
|
|upkeep
|turn|4
|
|t:|1779605720
|move|p1a: Gengar|Shadow Ball|p2a: Primarina
|-damage|p2a: Primarina|13/100
|move|p2a: Primarina|Moonblast|p1a: Gengar
|-resisted|p1a: Gengar
|-damage|p1a: Gengar|9/100
|-unboost|p1a: Gengar|spa|1
|
|upkeep
|turn|5
|
|t:|1779605728
|move|p1a: Gengar|Shadow Ball|p2a: Primarina
|-damage|p2a: Primarina|0 fnt
|faint|p2a: Primarina
|
|upkeep
|
|t:|1779605736
|switch|p2a: Scizor|Scizor, F|100/100
|-damage|p2a: Scizor|88/100|[from] Stealth Rock
|turn|6
|
|t:|1779605741
|switch|p1a: Walking Wake|Walking Wake|100/100
|-enditem|p1a: Walking Wake|Booster Energy
|-activate|p1a: Walking Wake|ability: Protosynthesis|[fromitem]
|-start|p1a: Walking Wake|protosynthesisspa
|move|p2a: Scizor|Bullet Punch|p1a: Walking Wake
|-resisted|p1a: Walking Wake
|-damage|p1a: Walking Wake|84/100
|
|upkeep
|turn|7
|
|t:|1779605755
|switch|p2a: Hydreigon|Hydreigon, F|100/100
|-damage|p2a: Hydreigon|88/100|[from] Stealth Rock
|move|p1a: Walking Wake|Flamethrower|p2a: Hydreigon
|-resisted|p2a: Hydreigon
|-damage|p2a: Hydreigon|67/100
|
|upkeep
|turn|8
|
|t:|1779605764
|move|p2a: Hydreigon|Draco Meteor|p1a: Walking Wake
|-supereffective|p1a: Walking Wake
|-damage|p1a: Walking Wake|0 fnt
|-unboost|p2a: Hydreigon|spa|2
|faint|p1a: Walking Wake
|-end|p1a: Walking Wake|Protosynthesis|[silent]
|
|upkeep
|
|t:|1779605774
|switch|p1a: Great Tusk|Great Tusk|100/100
|turn|9
|
|t:|1779605778
|switch|p2a: Skeledirge|Skeledirge, M|100/100
|-damage|p2a: Skeledirge|76/100|[from] Stealth Rock
|move|p1a: Great Tusk|Ice Spinner|p2a: Skeledirge
|-resisted|p2a: Skeledirge
|-damage|p2a: Skeledirge|64/100
|
|upkeep
|turn|10
|
|t:|1779605802
|-end|p1a: Great Tusk|Protosynthesis|[silent]
|switch|p1a: Tornadus|Tornadus-Therian, M|100/100
|move|p2a: Skeledirge|Earth Power|p1a: Tornadus
|-immune|p1a: Tornadus
|
|upkeep
|turn|11
|
|t:|1779605809
|move|p1a: Tornadus|Knock Off|p2a: Skeledirge
|-supereffective|p2a: Skeledirge
|-damage|p2a: Skeledirge|24/100
|-enditem|p2a: Skeledirge|Assault Vest|[from] move: Knock Off|[of] p1a: Tornadus
|move|p2a: Skeledirge|Torch Song|p1a: Tornadus
|-damage|p1a: Tornadus|74/100
|-boost|p2a: Skeledirge|spa|1
|
|upkeep
|turn|12
|
|t:|1779605819
|move|p1a: Tornadus|Bleakwind Storm|p2a: Skeledirge
|-damage|p2a: Skeledirge|0 fnt
|faint|p2a: Skeledirge
|
|upkeep
|
|t:|1779605831
|switch|p2a: Magnezone|Magnezone|100/100
|-damage|p2a: Magnezone|94/100|[from] Stealth Rock
|turn|13
|
|t:|1779605842
|move|p1a: Tornadus|U-turn|p2a: Magnezone
|-resisted|p2a: Magnezone
|-damage|p2a: Magnezone|87/100
|
|t:|1779605845
|switch|p1a: Great Tusk|Great Tusk|100/100|[from] U-turn
|move|p2a: Magnezone|Flash Cannon|p1a: Great Tusk
|-damage|p1a: Great Tusk|39/100
|
|-heal|p1a: Great Tusk|45/100|[from] item: Leftovers
|-heal|p2a: Magnezone|93/100|[from] item: Leftovers
|upkeep
|turn|14
|
|t:|1779605856
|-terastallize|p2a: Magnezone|Flying
|move|p1a: Great Tusk|Headlong Rush|p2a: Magnezone
|-immune|p2a: Magnezone
|move|p2a: Magnezone|Flash Cannon|p1a: Great Tusk
|-damage|p1a: Great Tusk|0 fnt
|faint|p1a: Great Tusk
|-end|p1a: Great Tusk|Protosynthesis|[silent]
|
|-heal|p2a: Magnezone|99/100|[from] item: Leftovers
|upkeep
|
|t:|1779605869
|switch|p1a: Gengar|Gengar, F|9/100
|turn|15
|
|t:|1779605875
|move|p1a: Gengar|Shadow Ball|p2a: Magnezone
|-damage|p2a: Magnezone|36/100
|move|p2a: Magnezone|Thunderbolt|p1a: Gengar
|-damage|p1a: Gengar|0 fnt
|faint|p1a: Gengar
|
|-heal|p2a: Magnezone|42/100|[from] item: Leftovers
|upkeep
|
|t:|1779605885
|switch|p1a: Kingambit|Kingambit, M|100/100
|-activate|p1a: Kingambit|ability: Supreme Overlord
|-start|p1a: Kingambit|fallen4|[silent]
|turn|16
|
|t:|1779605892
|-terastallize|p1a: Kingambit|Ghost
|move|p2a: Magnezone|Volt Switch|p1a: Kingambit
|-damage|p1a: Kingambit|66/100
|
|t:|1779605898
|switch|p2a: Gliscor|Gliscor, M|100/100|[from] Volt Switch
|-damage|p2a: Gliscor|88/100|[from] Stealth Rock
|move|p1a: Kingambit|Swords Dance|p1a: Kingambit
|-boost|p1a: Kingambit|atk|2
|
|-status|p2a: Gliscor|tox|[from] item: Toxic Orb
|upkeep
|turn|17
|
|t:|1779605913
|move|p1a: Kingambit|Sucker Punch|p2a: Gliscor
|-damage|p2a: Gliscor|11/100 tox
|move|p2a: Gliscor|Knock Off|p1a: Kingambit
|-supereffective|p1a: Kingambit
|-damage|p1a: Kingambit|32/100
|-enditem|p1a: Kingambit|Covert Cloak|[from] move: Knock Off|[of] p2a: Gliscor
|
|-heal|p2a: Gliscor|23/100 tox|[from] ability: Poison Heal
|upkeep
|turn|18
|
|t:|1779605923
|move|p2a: Gliscor|Protect|p2a: Gliscor
|-singleturn|p2a: Gliscor|Protect
|move|p1a: Kingambit|Sucker Punch||[still]
|-fail|p1a: Kingambit
|
|-heal|p2a: Gliscor|36/100 tox|[from] ability: Poison Heal
|upkeep
|turn|19
|
|t:|1779605931
|move|p1a: Kingambit|Sucker Punch||[still]
|-fail|p1a: Kingambit
|move|p2a: Gliscor|Stealth Rock|p1a: Kingambit
|-sidestart|p1: GDYIB|move: Stealth Rock
|
|-heal|p2a: Gliscor|48/100 tox|[from] ability: Poison Heal
|upkeep
|turn|20
|
|t:|1779605939
|move|p2a: Gliscor|Protect|p2a: Gliscor
|-singleturn|p2a: Gliscor|Protect
|move|p1a: Kingambit|Kowtow Cleave|p2a: Gliscor
|-activate|p2a: Gliscor|move: Protect
|
|-heal|p2a: Gliscor|60/100 tox|[from] ability: Poison Heal
|upkeep
|turn|21
|
|t:|1779605951
|move|p2a: Gliscor|Knock Off|p1a: Kingambit
|-supereffective|p1a: Kingambit
|-damage|p1a: Kingambit|11/100
|move|p1a: Kingambit|Kowtow Cleave|p2a: Gliscor
|-damage|p2a: Gliscor|0 fnt
|faint|p2a: Gliscor
|
|upkeep
|
|t:|1779605959
|switch|p2a: Scizor|Scizor, F|88/100
|-damage|p2a: Scizor|76/100|[from] Stealth Rock
|turn|22
|
|t:|1779605964
|move|p2a: Scizor|Bullet Punch|p1a: Kingambit
|-damage|p1a: Kingambit|0 fnt
|faint|p1a: Kingambit
|-end|p1a: Kingambit|fallen4|[silent]
|
|upkeep
|
|t:|1779605969
|switch|p1a: Tornadus|Tornadus-Therian, M|100/100
|-damage|p1a: Tornadus|76/100|[from] Stealth Rock
|turn|23
|
|t:|1779605974
|move|p1a: Tornadus|Heat Wave|p2a: Scizor
|-supereffective|p2a: Scizor
|-damage|p2a: Scizor|0 fnt
|faint|p2a: Scizor
|
|upkeep
|
|t:|1779605980
|switch|p2a: Hydreigon|Hydreigon, F|67/100
|-damage|p2a: Hydreigon|55/100|[from] Stealth Rock
|turn|24
|
|t:|1779605986
|move|p2a: Hydreigon|Draco Meteor|p1a: Tornadus|[miss]
|-miss|p2a: Hydreigon|p1a: Tornadus
|move|p1a: Tornadus|U-turn|p2a: Hydreigon
|-supereffective|p2a: Hydreigon
|-damage|p2a: Hydreigon|15/100
|
|upkeep
|turn|25
|
|t:|1779605993
|move|p2a: Hydreigon|Draco Meteor|p1a: Tornadus
|-damage|p1a: Tornadus|24/100
|-unboost|p2a: Hydreigon|spa|2
|move|p1a: Tornadus|U-turn|p2a: Hydreigon
|-supereffective|p2a: Hydreigon
|-damage|p2a: Hydreigon|0 fnt
|faint|p2a: Hydreigon
|
|upkeep
|
|t:|1779606002
|switch|p2a: Magnezone|Magnezone, tera:Flying|42/100
|-damage|p2a: Magnezone|18/100|[from] Stealth Rock
|turn|26
|
|t:|1779606007
|move|p1a: Tornadus|Heat Wave|p2a: Magnezone
|-damage|p2a: Magnezone|0 fnt
|faint|p2a: Magnezone
|
|win|GDYIB
|raw|GDYIB's rating: 1159 &rarr; <strong>1181</strong><br />(+22 for winning)
|raw|wtnb's rating: 1114 &rarr; <strong>1092</strong><br />(-22 for losing)
|l|☆wtnb
|player|p2|
