|j|☆kitakami kitchen
|j|☆rblt ryo
|t:|1779601225
|gametype|singles
|player|p1|kitakami kitchen|roxie|1586
|player|p2|rblt ryo|grimsley-gen7|1647
|gen|9
|tier|[Gen 9] OU
|rated|
|rule|HP Percentage Mod: HP is shown in percentages
|rule|Endless Battle Clause: Forcing endless battles is banned
|rule|Species Clause: Limit one of each Pokémon
|rule|OHKO Clause: OHKO moves are banned
|rule|Evasion Items Clause: Evasion items are banned
|rule|Evasion Moves Clause: Evasion moves are banned
|rule|Evasion Abilities Clause: Evasion abilities are banned
|rule|Sleep Moves Clause: Sleep-inducing moves are banned
|clearpoke
|poke|p1|Primarina, F|
|poke|p1|Gliscor, F|
|poke|p1|Slowking-Galar, F|
|poke|p1|Avalugg, M|
|poke|p1|Dragapult, F|
|poke|p1|Kingambit, M|
|poke|p2|Metagross|
|poke|p2|Keldeo-Resolute|
|poke|p2|Ting-Lu|
|poke|p2|Pecharunt|
|poke|p2|Dragapult, M|
|poke|p2|Zapdos|
|teampreview
|
|t:|1779601249
|teamsize|p1|6
|teamsize|p2|6
|start
|switch|p1a: Primarina|Primarina, F|100/100
|switch|p2a: Ting-Lu|Ting-Lu|100/100
|-ability|p2a: Ting-Lu|Vessel of Ruin
|turn|1
|
|t:|1779601258
|-terastallize|p2a: Ting-Lu|Water
|move|p1a: Primarina|Surf|p2a: Ting-Lu
|-resisted|p2a: Ting-Lu
|-damage|p2a: Ting-Lu|90/100
|move|p2a: Ting-Lu|Earthquake|p1a: Primarina
|-damage|p1a: Primarina|50/100
|
|-heal|p2a: Ting-Lu|96/100|[from] item: Leftovers
|upkeep
|turn|2
|
|t:|1779601268
|move|p1a: Primarina|Flip Turn|p2a: Ting-Lu
|-resisted|p2a: Ting-Lu
|-damage|p2a: Ting-Lu|92/100
|
|t:|1779601270
|switch|p1a: Gliscor|Gliscor, F|100/100|[from] Flip Turn
|move|p2a: Ting-Lu|Stealth Rock|p1a: Gliscor
|-sidestart|p1: kitakami kitchen|move: Stealth Rock
|
|-heal|p2a: Ting-Lu|98/100|[from] item: Leftovers
|-status|p1a: Gliscor|tox|[from] item: Toxic Orb
|upkeep
|turn|3
|
|t:|1779601274
|move|p1a: Gliscor|Spikes|p2a: Ting-Lu
|-sidestart|p2: rblt ryo|Spikes
|move|p2a: Ting-Lu|Ruination|p1a: Gliscor
|-damage|p1a: Gliscor|50/100 tox
|
|-heal|p2a: Ting-Lu|100/100|[from] item: Leftovers
|-heal|p1a: Gliscor|63/100 tox|[from] ability: Poison Heal
|upkeep
|turn|4
|
|t:|1779601276
|move|p1a: Gliscor|Knock Off|p2a: Ting-Lu
|-crit|p2a: Ting-Lu
|-damage|p2a: Ting-Lu|83/100
|-enditem|p2a: Ting-Lu|Leftovers|[from] move: Knock Off|[of] p1a: Gliscor
|move|p2a: Ting-Lu|Whirlwind|p1a: Gliscor
|drag|p1a: Slowking|Slowking-Galar, F|100/100
|
|upkeep
|turn|5
|
|t:|1779601284
|switch|p1a: Gliscor|Gliscor, F|63/100 tox
|-damage|p1a: Gliscor|50/100 tox|[from] Stealth Rock
|move|p2a: Ting-Lu|Earthquake|p1a: Gliscor
|-immune|p1a: Gliscor
|
|-heal|p1a: Gliscor|63/100 tox|[from] ability: Poison Heal
|upkeep
|turn|6
|
|t:|1779601287
|move|p1a: Gliscor|Spikes|p2a: Ting-Lu
|-sidestart|p2: rblt ryo|Spikes
|move|p2a: Ting-Lu|Ruination|p1a: Gliscor
|-damage|p1a: Gliscor|32/100 tox
|
|-heal|p1a: Gliscor|44/100 tox|[from] ability: Poison Heal
|upkeep
|turn|7
|
|t:|1779601291
|move|p1a: Gliscor|Earthquake|p2a: Ting-Lu
|-crit|p2a: Ting-Lu
|-damage|p2a: Ting-Lu|54/100
|move|p2a: Ting-Lu|Whirlwind|p1a: Gliscor
|drag|p1a: Primarina|Primarina, F|50/100
|-damage|p1a: Primarina|37/100|[from] Stealth Rock
|
|upkeep
|turn|8
|
|t:|1779601307
|move|p1a: Primarina|Moonblast|p2a: Ting-Lu
|-damage|p2a: Ting-Lu|32/100
|-unboost|p2a: Ting-Lu|spa|1
|move|p2a: Ting-Lu|Ruination|p1a: Primarina
|-damage|p1a: Primarina|19/100
|
|upkeep
|turn|9
|
|t:|1779601314
|move|p1a: Primarina|Moonblast|p2a: Ting-Lu
|-damage|p2a: Ting-Lu|9/100
|-unboost|p2a: Ting-Lu|spa|1
|move|p2a: Ting-Lu|Ruination|p1a: Primarina
|-damage|p1a: Primarina|10/100
|
|upkeep
|turn|10
|
|t:|1779601319
|move|p1a: Primarina|Moonblast|p2a: Ting-Lu
|-damage|p2a: Ting-Lu|0 fnt
|faint|p2a: Ting-Lu
|
|upkeep
|
|t:|1779601321
|switch|p2a: Zapdos|Zapdos|100/100
|turn|11
|
|t:|1779601327
|switch|p1a: Slowking|Slowking-Galar, F|100/100
|move|p2a: Zapdos|Volt Switch|p1a: Slowking
|-damage|p1a: Slowking|78/100
|
|t:|1779601330
|switch|p2a: Metagross|Metagross, shiny|100/100|[from] Volt Switch
|-damage|p2a: Metagross|84/100|[from] Spikes
|
|upkeep
|turn|12
|
|t:|1779601337
|switch|p1a: Avalugg|Avalugg, M|100/100
|move|p2a: Metagross|Knock Off|p1a: Avalugg
|-damage|p1a: Avalugg|85/100
|-enditem|p1a: Avalugg|Heavy-Duty Boots|[from] move: Knock Off|[of] p2a: Metagross
|
|upkeep
|turn|13
|
|t:|1779601342
|switch|p2a: Pecharunt|Pecharunt|100/100
|move|p1a: Avalugg|Avalanche|p2a: Pecharunt
|-damage|p2a: Pecharunt|88/100
|
|upkeep
|turn|14
|
|t:|1779601352
|switch|p1a: Gliscor|Gliscor, F|44/100 tox
|-damage|p1a: Gliscor|32/100 tox|[from] Stealth Rock
|move|p2a: Pecharunt|Foul Play|p1a: Gliscor
|-damage|p1a: Gliscor|16/100 tox
|
|-heal|p1a: Gliscor|28/100 tox|[from] ability: Poison Heal
|upkeep
|turn|15
|
|t:|1779601368
|switch|p2a: Keldeo|Keldeo-Resolute, shiny|100/100
|-damage|p2a: Keldeo|84/100|[from] Spikes
|move|p1a: Gliscor|Knock Off|p2a: Keldeo
|-resisted|p2a: Keldeo
|-damage|p2a: Keldeo|72/100
|-ability|p2a: Keldeo|Justified|boost
|-boost|p2a: Keldeo|atk|1
|-enditem|p2a: Keldeo|Choice Specs|[from] move: Knock Off|[of] p1a: Gliscor
|
|-heal|p1a: Gliscor|41/100 tox|[from] ability: Poison Heal
|upkeep
|turn|16
|
|t:|1779601373
|switch|p1a: Slowking|Slowking-Galar, F|100/100
|move|p2a: Keldeo|Surf|p1a: Slowking
|-damage|p1a: Slowking|74/100
|
|upkeep
|turn|17
|
|t:|1779601389
|move|p2a: Keldeo|Surf|p1a: Slowking
|-damage|p1a: Slowking|46/100
|move|p1a: Slowking|Thunder Wave|p2a: Keldeo
|-status|p2a: Keldeo|par
|
|upkeep
|turn|18
|
|t:|1779601394
|move|p2a: Keldeo|Surf|p1a: Slowking
|-damage|p1a: Slowking|18/100
|move|p1a: Slowking|Psychic Noise|p2a: Keldeo
|-supereffective|p2a: Keldeo
|-damage|p2a: Keldeo|9/100 par
|-start|p2a: Keldeo|move: Heal Block
|
|upkeep
|turn|19
|
|t:|1779601403
|switch|p1a: Primarina|Primarina, F|10/100
|-damage|p1a: Primarina|0 fnt|[from] Stealth Rock
|faint|p1a: Primarina
|move|p2a: Keldeo|Surf|p1: Primarina|[notarget]
|-fail|p2a: Keldeo
|
|-end|p2a: Keldeo|move: Heal Block
|upkeep
|
|t:|1779601418
|switch|p1a: Dragapult|Dragapult, F|100/100
|-damage|p1a: Dragapult|88/100|[from] Stealth Rock
|turn|20
|
|t:|1779601421
|move|p1a: Dragapult|Shadow Ball|p2a: Keldeo
|-damage|p2a: Keldeo|0 fnt
|faint|p2a: Keldeo
|
|upkeep
|
|t:|1779601424
|switch|p2a: Dragapult|Dragapult, M|100/100
|-damage|p2a: Dragapult|84/100|[from] Spikes
|turn|21
|
|t:|1779601459
|move|p2a: Dragapult|Will-O-Wisp|p1a: Dragapult|[miss]
|-miss|p2a: Dragapult|p1a: Dragapult
|move|p1a: Dragapult|Shadow Ball|p2a: Dragapult
|-supereffective|p2a: Dragapult
|-damage|p2a: Dragapult|0 fnt
|faint|p2a: Dragapult
|
|upkeep
|-message|rblt ryo forfeited.
|
|win|kitakami kitchen
|raw|kitakami kitchen's rating: 1586 &rarr; <strong>1609</strong><br />(+23 for winning)
|raw|rblt ryo's rating: 1647 &rarr; <strong>1624</strong><br />(-23 for losing)
|l|☆kitakami kitchen
|player|p1|
