|j|☆critsignature
|j|☆trippielmc
|t:|1779604920
|gametype|singles
|player|p1|critsignature|170|1242
|player|p2|trippielmc|n|1264
|gen|9
|tier|[Gen 9] OU
|rated|
|rule|HP Percentage Mod: HP is shown in percentages
|rule|Endless Battle Clause: Forcing endless battles is banned
|rule|Species Clause: Limit one of each Pokémon
|rule|OHKO Clause: OHKO moves are banned
|rule|Evasion Items Clause: Evasion items are banned
|rule|Evasion Moves Clause: Evasion moves are banned
|rule|Evasion Abilities Clause: Evasion abilities are banned
|rule|Sleep Moves Clause: Sleep-inducing moves are banned
|clearpoke
|poke|p1|Raging Bolt|
|poke|p1|Great Tusk|
|poke|p1|Iron Moth|
|poke|p1|Ogerpon-Wellspring, F|
|poke|p1|Rillaboom, M|
|poke|p1|Kingambit, F|
|poke|p2|Scizor, F|
|poke|p2|Ceruledge, M|
|poke|p2|Greninja-*, F|
|poke|p2|Gardevoir, F|
|poke|p2|Kingambit, M|
|poke|p2|Salamence, M|
|teampreview
|inactive|Battle timer is ON: inactive players will automatically lose when time's up. (requested by critsignature)
|
|t:|1779604929
|teamsize|p1|6
|teamsize|p2|6
|start
|switch|p1a: Rillaboom|Rillaboom, M|100/100
|switch|p2a: Scizor|Scizor, F, shiny|100/100
|-fieldstart|move: Grassy Terrain|[from] ability: Grassy Surge|[of] p1a: Rillaboom
|turn|1
|
|t:|1779604934
|move|p1a: Rillaboom|U-turn|p2a: Scizor
|-resisted|p2a: Scizor
|-damage|p2a: Scizor|90/100
|
|t:|1779604955
|switch|p1a: Iron Moth|Iron Moth|100/100|[from] U-turn
|-enditem|p1a: Iron Moth|Booster Energy
|-activate|p1a: Iron Moth|ability: Quark Drive|[fromitem]
|-start|p1a: Iron Moth|quarkdrivespe
|move|p2a: Scizor|X-Scissor|p1a: Iron Moth
|-resisted|p1a: Iron Moth
|-crit|p1a: Iron Moth
|-damage|p1a: Iron Moth|65/100
|-damage|p2a: Scizor|80/100|[from] item: Life Orb
|
|-heal|p1a: Iron Moth|71/100|[from] Grassy Terrain
|-heal|p2a: Scizor|86/100|[from] Grassy Terrain
|upkeep
|turn|2
|
|t:|1779604961
|switch|p2a: Greninja|Greninja, F, shiny|100/100
|move|p1a: Iron Moth|Fiery Dance|p2a: Greninja
|-resisted|p2a: Greninja
|-damage|p2a: Greninja|68/100
|-boost|p1a: Iron Moth|spa|1
|
|-heal|p1a: Iron Moth|78/100|[from] Grassy Terrain
|-heal|p2a: Greninja|74/100|[from] Grassy Terrain
|upkeep
|turn|3
|
|t:|1779604965
|move|p1a: Iron Moth|Dazzling Gleam|p2a: Greninja
|-supereffective|p2a: Greninja
|-damage|p2a: Greninja|0 fnt
|faint|p2a: Greninja
|
|-heal|p1a: Iron Moth|84/100|[from] Grassy Terrain
|upkeep
|
|t:|1779604984
|switch|p2a: Gardevoir|Gardevoir, F, shiny|100/100
|turn|4
|
|t:|1779604988
|move|p1a: Iron Moth|Sludge Wave|p2a: Gardevoir
|-supereffective|p2a: Gardevoir
|-damage|p2a: Gardevoir|0 fnt
|faint|p2a: Gardevoir
|
|-heal|p1a: Iron Moth|90/100|[from] Grassy Terrain
|upkeep
|
|t:|1779604994
|switch|p2a: Ceruledge|Ceruledge, M, shiny|100/100
|turn|5
|
|t:|1779604997
|move|p1a: Iron Moth|Discharge|p2a: Ceruledge
|-damage|p2a: Ceruledge|53/100
|-status|p2a: Ceruledge|par
|move|p2a: Ceruledge|Swords Dance|p2a: Ceruledge
|-boost|p2a: Ceruledge|atk|2
|
|-heal|p1a: Iron Moth|96/100|[from] Grassy Terrain
|-heal|p2a: Ceruledge|59/100 par|[from] Grassy Terrain
|upkeep
|turn|6
|
|t:|1779605005
|move|p2a: Ceruledge|Shadow Sneak|p1a: Iron Moth
|-damage|p1a: Iron Moth|27/100
|move|p1a: Iron Moth|Discharge|p2a: Ceruledge
|-damage|p2a: Ceruledge|15/100 par
|
|-heal|p1a: Iron Moth|33/100|[from] Grassy Terrain
|-heal|p2a: Ceruledge|21/100 par|[from] Grassy Terrain
|upkeep
|turn|7
|
|t:|1779605010
|move|p2a: Ceruledge|Shadow Sneak|p1a: Iron Moth
|-damage|p1a: Iron Moth|0 fnt
|faint|p1a: Iron Moth
|-end|p1a: Iron Moth|Quark Drive|[silent]
|
|-heal|p2a: Ceruledge|27/100 par|[from] Grassy Terrain
|upkeep
|
|t:|1779605016
|switch|p1a: Ogerpon|Ogerpon-Wellspring, F|100/100
|turn|8
|
|t:|1779605020
|move|p2a: Ceruledge|Shadow Sneak|p1a: Ogerpon
|-crit|p1a: Ogerpon
|-damage|p1a: Ogerpon|14/100
|move|p1a: Ogerpon|Ivy Cudgel|p2a: Ceruledge|[anim] Ivy Cudgel Water
|-supereffective|p2a: Ceruledge
|-damage|p2a: Ceruledge|0 fnt
|faint|p2a: Ceruledge
|
|-heal|p1a: Ogerpon|20/100|[from] Grassy Terrain
|-fieldend|move: Grassy Terrain
|upkeep
|
|t:|1779605023
|switch|p2a: Scizor|Scizor, F, shiny|86/100
|turn|9
|
|t:|1779605031
|switch|p1a: Great Tusk|Great Tusk|100/100
|-enditem|p1a: Great Tusk|Booster Energy
|-activate|p1a: Great Tusk|ability: Protosynthesis|[fromitem]
|-start|p1a: Great Tusk|protosynthesisatk
|move|p2a: Scizor|Swords Dance|p2a: Scizor
|-boost|p2a: Scizor|atk|2
|
|upkeep
|turn|10
|
|t:|1779605037
|move|p2a: Scizor|Bullet Punch|p1a: Great Tusk
|-damage|p1a: Great Tusk|31/100
|-damage|p2a: Scizor|76/100|[from] item: Life Orb
|move|p1a: Great Tusk|Close Combat|p2a: Scizor
|-damage|p2a: Scizor|0 fnt
|-unboost|p1a: Great Tusk|def|1
|-unboost|p1a: Great Tusk|spd|1
|faint|p2a: Scizor
|
|upkeep
|
|t:|1779605040
|switch|p2a: Salamence|Salamence, M, shiny|100/100
|turn|11
|
|t:|1779605053
|move|p1a: Great Tusk|Head Smash|p2a: Salamence
|-supereffective|p2a: Salamence
|-damage|p2a: Salamence|0 fnt
|faint|p2a: Salamence
|-damage|p1a: Great Tusk|0 fnt|[from] Recoil
|faint|p1a: Great Tusk
|-end|p1a: Great Tusk|Protosynthesis|[silent]
|
|upkeep
|
|t:|1779605057
|switch|p1a: Rillaboom|Rillaboom, M|100/100
|switch|p2a: Kingambit|Kingambit, M, shiny|100/100
|-fieldstart|move: Grassy Terrain|[from] ability: Grassy Surge|[of] p1a: Rillaboom
|-activate|p2a: Kingambit|ability: Supreme Overlord
|-start|p2a: Kingambit|fallen5|[silent]
|turn|12
|
|t:|1779605064
|-terastallize|p2a: Kingambit|Dark
|move|p2a: Kingambit|Sucker Punch|p1a: Rillaboom
|-damage|p1a: Rillaboom|0 fnt
|faint|p1a: Rillaboom
|
|upkeep
|
|t:|1779605070
|switch|p1a: Ogerpon|Ogerpon-Wellspring, F|20/100
|turn|13
|
|t:|1779605072
|move|p2a: Kingambit|Sucker Punch||[still]
|-fail|p2a: Kingambit
|move|p1a: Ogerpon|Swords Dance|p1a: Ogerpon
|-boost|p1a: Ogerpon|atk|2
|
|-heal|p1a: Ogerpon|26/100|[from] Grassy Terrain
|upkeep
|turn|14
|
|t:|1779605084
|move|p1a: Ogerpon|Grassy Glide|p2a: Kingambit
|-crit|p2a: Kingambit
|-damage|p2a: Kingambit|14/100
|move|p2a: Kingambit|Sucker Punch||[still]
|-fail|p2a: Kingambit
|
|-heal|p1a: Ogerpon|32/100|[from] Grassy Terrain
|-heal|p2a: Kingambit|21/100|[from] Grassy Terrain
|upkeep
|turn|15
|
|t:|1779605090
|move|p1a: Ogerpon|Grassy Glide|p2a: Kingambit
|-damage|p2a: Kingambit|0 fnt
|faint|p2a: Kingambit
|-end|p2a: Kingambit|fallen5|[silent]
|
|win|critsignature
|raw|critsignature's rating: 1242 &rarr; <strong>1269</strong><br />(+27 for winning)
|raw|trippielmc's rating: 1264 &rarr; <strong>1237</strong><br />(-27 for losing)
|l|☆trippielmc
|player|p2|
|l|☆critsignature
|player|p1|
