|j|☆a2533540231
|j|☆ryanman7
|t:|1779576499
|gametype|singles
|player|p1|a2533540231|265|1339
|player|p2|ryanman7|skier|1403
|gen|9
|tier|[Gen 9] OU
|rated|
|rule|HP Percentage Mod: HP is shown in percentages
|rule|Endless Battle Clause: Forcing endless battles is banned
|rule|Species Clause: Limit one of each Pokémon
|rule|OHKO Clause: OHKO moves are banned
|rule|Evasion Items Clause: Evasion items are banned
|rule|Evasion Moves Clause: Evasion moves are banned
|rule|Evasion Abilities Clause: Evasion abilities are banned
|rule|Sleep Moves Clause: Sleep-inducing moves are banned
|clearpoke
|poke|p1|Garganacl, F|
|poke|p1|Gliscor, M|
|poke|p1|Corviknight, M|
|poke|p1|Clodsire, M|
|poke|p1|Dondozo, F|
|poke|p1|Blissey, F|
|poke|p2|Gyarados, M|
|poke|p2|Ursaluna, M|
|poke|p2|Clefable, F|
|poke|p2|Dragapult, F|
|poke|p2|Amoonguss, M|
|poke|p2|Iron Treads|
|teampreview
|
|t:|1779576510
|teamsize|p1|6
|teamsize|p2|6
|start
|switch|p1a: Garganacl|Garganacl, F|100/100
|switch|p2a: Dragapult|Dragapult, F|100/100
|turn|1
|inactive|Battle timer is ON: inactive players will automatically lose when time's up. (requested by a2533540231)
|
|t:|1779576520
|move|p2a: Dragapult|U-turn|p1a: Garganacl
|-damage|p1a: Garganacl|90/100
|
|t:|1779576522
|switch|p2a: Ursaluna|Ursaluna, M|100/100|[from] U-turn
|move|p1a: Garganacl|Salt Cure|p2a: Ursaluna
|-resisted|p2a: Ursaluna
|-damage|p2a: Ursaluna|95/100
|-start|p2a: Ursaluna|Salt Cure
|
|-heal|p1a: Garganacl|96/100|[from] item: Leftovers
|-damage|p2a: Ursaluna|82/100|[from] Salt Cure
|-status|p2a: Ursaluna|brn|[from] item: Flame Orb
|upkeep
|turn|2
|
|t:|1779576532
|move|p2a: Ursaluna|Swords Dance|p2a: Ursaluna
|-boost|p2a: Ursaluna|atk|2
|move|p1a: Garganacl|Substitute|p1a: Garganacl
|-start|p1a: Garganacl|Substitute
|-damage|p1a: Garganacl|71/100
|
|-heal|p1a: Garganacl|77/100|[from] item: Leftovers
|-damage|p2a: Ursaluna|76/100 brn|[from] brn
|-damage|p2a: Ursaluna|64/100 brn|[from] Salt Cure
|upkeep
|turn|3
|
|t:|1779576536
|move|p1a: Garganacl|Protect|p1a: Garganacl
|-singleturn|p1a: Garganacl|Protect
|move|p2a: Ursaluna|Facade|p1a: Garganacl
|-activate|p1a: Garganacl|move: Protect
|
|-heal|p1a: Garganacl|84/100|[from] item: Leftovers
|-damage|p2a: Ursaluna|57/100 brn|[from] brn
|-damage|p2a: Ursaluna|45/100 brn|[from] Salt Cure
|upkeep
|turn|4
|
|t:|1779576542
|move|p2a: Ursaluna|Facade|p1a: Garganacl
|-resisted|p1a: Garganacl
|-end|p1a: Garganacl|Substitute
|move|p1a: Garganacl|Substitute|p1a: Garganacl
|-start|p1a: Garganacl|Substitute
|-damage|p1a: Garganacl|59/100
|
|-heal|p1a: Garganacl|65/100|[from] item: Leftovers
|-damage|p2a: Ursaluna|39/100 brn|[from] brn
|-damage|p2a: Ursaluna|26/100 brn|[from] Salt Cure
|upkeep
|turn|5
|
|t:|1779576552
|switch|p2a: Dragapult|Dragapult, F|100/100
|move|p1a: Garganacl|Protect||[still]
|-fail|p1a: Garganacl
|
|-heal|p1a: Garganacl|71/100|[from] item: Leftovers
|upkeep
|turn|6
|
|t:|1779576555
|move|p2a: Dragapult|Draco Meteor|p1a: Garganacl
|-damage|p1a: Garganacl|10/100
|-unboost|p2a: Dragapult|spa|2
|move|p1a: Garganacl|Salt Cure|p2a: Dragapult
|-damage|p2a: Dragapult|83/100
|-start|p2a: Dragapult|Salt Cure
|
|-heal|p1a: Garganacl|16/100|[from] item: Leftovers
|-damage|p2a: Dragapult|70/100|[from] Salt Cure
|upkeep
|turn|7
|
|t:|1779576562
|-terastallize|p1a: Garganacl|Fairy
|move|p2a: Dragapult|Draco Meteor|p1a: Garganacl
|-immune|p1a: Garganacl
|move|p1a: Garganacl|Recover|p1a: Garganacl
|-heal|p1a: Garganacl|66/100
|
|-heal|p1a: Garganacl|72/100|[from] item: Leftovers
|-damage|p2a: Dragapult|58/100|[from] Salt Cure
|upkeep
|turn|8
|
|t:|1779576577
|switch|p2a: Amoonguss|Amoonguss, M|100/100
|move|p1a: Garganacl|Protect||[still]
|-fail|p1a: Garganacl
|
|-heal|p1a: Garganacl|78/100|[from] item: Leftovers
|upkeep
|turn|9
|
|t:|1779576580
|move|p1a: Garganacl|Salt Cure|p2a: Amoonguss
|-damage|p2a: Amoonguss|91/100
|-start|p2a: Amoonguss|Salt Cure
|move|p2a: Amoonguss|Clear Smog|p1a: Garganacl
|-supereffective|p1a: Garganacl
|-activate|p1a: Garganacl|move: Substitute|[damage]
|
|-heal|p1a: Garganacl|85/100|[from] item: Leftovers
|-damage|p2a: Amoonguss|79/100|[from] Salt Cure
|upkeep
|turn|10
|
|t:|1779576592
|move|p1a: Garganacl|Protect|p1a: Garganacl
|-singleturn|p1a: Garganacl|Protect
|move|p2a: Amoonguss|Clear Smog|p1a: Garganacl
|-activate|p1a: Garganacl|move: Protect
|
|-heal|p1a: Garganacl|91/100|[from] item: Leftovers
|-damage|p2a: Amoonguss|67/100|[from] Salt Cure
|upkeep
|turn|11
|
|t:|1779576604
|switch|p2a: Iron Treads|Iron Treads|100/100
|move|p1a: Garganacl|Substitute|p1a: Garganacl
|-fail|p1a: Garganacl|move: Substitute
|
|-heal|p1a: Garganacl|97/100|[from] item: Leftovers
|upkeep
|turn|12
|
|t:|1779576608
|move|p2a: Iron Treads|Stealth Rock|p1a: Garganacl
|-sidestart|p1: a2533540231|move: Stealth Rock
|move|p1a: Garganacl|Salt Cure|p2a: Iron Treads
|-resisted|p2a: Iron Treads
|-damage|p2a: Iron Treads|97/100
|-start|p2a: Iron Treads|Salt Cure
|
|-heal|p2a: Iron Treads|100/100|[from] item: Leftovers
|-heal|p1a: Garganacl|100/100|[from] item: Leftovers
|-damage|p2a: Iron Treads|76/100|[from] Salt Cure
|upkeep
|turn|13
|
|t:|1779576611
|move|p1a: Garganacl|Protect|p1a: Garganacl
|-singleturn|p1a: Garganacl|Protect
|move|p2a: Iron Treads|Earthquake|p1a: Garganacl
|-activate|p1a: Garganacl|move: Protect
|
|-heal|p2a: Iron Treads|82/100|[from] item: Leftovers
|-damage|p2a: Iron Treads|57/100|[from] Salt Cure
|upkeep
|turn|14
|
|t:|1779576616
|move|p2a: Iron Treads|Earthquake|p1a: Garganacl
|-end|p1a: Garganacl|Substitute
|move|p1a: Garganacl|Substitute|p1a: Garganacl
|-start|p1a: Garganacl|Substitute
|-damage|p1a: Garganacl|75/100
|
|-heal|p2a: Iron Treads|63/100|[from] item: Leftovers
|-heal|p1a: Garganacl|82/100|[from] item: Leftovers
|-damage|p2a: Iron Treads|38/100|[from] Salt Cure
|upkeep
|turn|15
|
|t:|1779576624
|move|p1a: Garganacl|Protect|p1a: Garganacl
|-singleturn|p1a: Garganacl|Protect
|move|p2a: Iron Treads|Earthquake|p1a: Garganacl
|-activate|p1a: Garganacl|move: Protect
|
|-heal|p2a: Iron Treads|44/100|[from] item: Leftovers
|-heal|p1a: Garganacl|88/100|[from] item: Leftovers
|-damage|p2a: Iron Treads|20/100|[from] Salt Cure
|upkeep
|turn|16
|
|t:|1779576630
|move|p2a: Iron Treads|Earthquake|p1a: Garganacl
|-end|p1a: Garganacl|Substitute
|move|p1a: Garganacl|Substitute|p1a: Garganacl
|-start|p1a: Garganacl|Substitute
|-damage|p1a: Garganacl|63/100
|
|-heal|p2a: Iron Treads|26/100|[from] item: Leftovers
|-heal|p1a: Garganacl|69/100|[from] item: Leftovers
|-damage|p2a: Iron Treads|1/100|[from] Salt Cure
|upkeep
|turn|17
|
|t:|1779576640
|-end|p2a: Iron Treads|Quark Drive|[silent]
|switch|p2a: Clefable|Clefable, F|100/100
|move|p1a: Garganacl|Protect||[still]
|-fail|p1a: Garganacl
|
|-heal|p1a: Garganacl|75/100|[from] item: Leftovers
|upkeep
|turn|18
|
|t:|1779576644
|move|p2a: Clefable|Moonblast|p1a: Garganacl
|-activate|p1a: Garganacl|move: Substitute|[damage]
|move|p1a: Garganacl|Salt Cure|p2a: Clefable
|-damage|p2a: Clefable|90/100
|-start|p2a: Clefable|Salt Cure
|
|-heal|p1a: Garganacl|81/100|[from] item: Leftovers
|-damage|p2a: Clefable|78/100|[from] Salt Cure
|upkeep
|turn|19
|
|t:|1779576649
|move|p1a: Garganacl|Protect|p1a: Garganacl
|-singleturn|p1a: Garganacl|Protect
|move|p2a: Clefable|Moonblast|p1a: Garganacl
|-activate|p1a: Garganacl|move: Protect
|
|-heal|p1a: Garganacl|88/100|[from] item: Leftovers
|-damage|p2a: Clefable|65/100|[from] Salt Cure
|upkeep
|turn|20
|
|t:|1779576660
|move|p2a: Clefable|Moonblast|p1a: Garganacl
|-end|p1a: Garganacl|Substitute
|move|p1a: Garganacl|Substitute|p1a: Garganacl
|-start|p1a: Garganacl|Substitute
|-damage|p1a: Garganacl|63/100
|
|-heal|p1a: Garganacl|69/100|[from] item: Leftovers
|-damage|p2a: Clefable|53/100|[from] Salt Cure
|upkeep
|turn|21
|
|t:|1779576667
|move|p1a: Garganacl|Protect|p1a: Garganacl
|-singleturn|p1a: Garganacl|Protect
|move|p2a: Clefable|Moonlight|p2a: Clefable
|-heal|p2a: Clefable|100/100
|
|-heal|p1a: Garganacl|75/100|[from] item: Leftovers
|-damage|p2a: Clefable|88/100|[from] Salt Cure
|upkeep
|turn|22
|
|t:|1779576678
|move|p2a: Clefable|Moonblast|p1a: Garganacl
|-end|p1a: Garganacl|Substitute
|move|p1a: Garganacl|Substitute|p1a: Garganacl
|-start|p1a: Garganacl|Substitute
|-damage|p1a: Garganacl|50/100
|
|-heal|p1a: Garganacl|56/100|[from] item: Leftovers
|-damage|p2a: Clefable|76/100|[from] Salt Cure
|upkeep
|turn|23
|
|t:|1779576685
|move|p1a: Garganacl|Protect|p1a: Garganacl
|-singleturn|p1a: Garganacl|Protect
|move|p2a: Clefable|Moonblast|p1a: Garganacl
|-activate|p1a: Garganacl|move: Protect
|
|-heal|p1a: Garganacl|62/100|[from] item: Leftovers
|-damage|p2a: Clefable|63/100|[from] Salt Cure
|upkeep
|turn|24
|
|t:|1779576705
|move|p2a: Clefable|Moonblast|p1a: Garganacl
|-activate|p1a: Garganacl|move: Substitute|[damage]
|move|p1a: Garganacl|Substitute|p1a: Garganacl
|-fail|p1a: Garganacl|move: Substitute
|
|-heal|p1a: Garganacl|69/100|[from] item: Leftovers
|-damage|p2a: Clefable|51/100|[from] Salt Cure
|upkeep
|turn|25
|
|t:|1779576713
|move|p1a: Garganacl|Protect|p1a: Garganacl
|-singleturn|p1a: Garganacl|Protect
|move|p2a: Clefable|Moonblast|p1a: Garganacl
|-activate|p1a: Garganacl|move: Protect
|
|-heal|p1a: Garganacl|75/100|[from] item: Leftovers
|-damage|p2a: Clefable|38/100|[from] Salt Cure
|upkeep
|turn|26
|
|t:|1779576718
|move|p2a: Clefable|Moonblast|p1a: Garganacl
|-end|p1a: Garganacl|Substitute
|move|p1a: Garganacl|Substitute|p1a: Garganacl
|-start|p1a: Garganacl|Substitute
|-damage|p1a: Garganacl|50/100
|
|-heal|p1a: Garganacl|56/100|[from] item: Leftovers
|-damage|p2a: Clefable|26/100|[from] Salt Cure
|upkeep
|turn|27
|
|t:|1779576728
|move|p1a: Garganacl|Protect|p1a: Garganacl
|-singleturn|p1a: Garganacl|Protect
|move|p2a: Clefable|Moonlight|p2a: Clefable
|-heal|p2a: Clefable|76/100
|
|-heal|p1a: Garganacl|62/100|[from] item: Leftovers
|-damage|p2a: Clefable|63/100|[from] Salt Cure
|upkeep
|turn|28
|
|t:|1779576734
|move|p2a: Clefable|Moonblast|p1a: Garganacl
|-end|p1a: Garganacl|Substitute
|move|p1a: Garganacl|Recover|p1a: Garganacl
|-heal|p1a: Garganacl|100/100
|
|-damage|p2a: Clefable|51/100|[from] Salt Cure
|upkeep
|turn|29
|
|t:|1779576737
|move|p2a: Clefable|Moonlight|p2a: Clefable
|-heal|p2a: Clefable|100/100
|move|p1a: Garganacl|Substitute|p1a: Garganacl
|-start|p1a: Garganacl|Substitute
|-damage|p1a: Garganacl|75/100
|
|-heal|p1a: Garganacl|82/100|[from] item: Leftovers
|-damage|p2a: Clefable|88/100|[from] Salt Cure
|upkeep
|turn|30
|
|t:|1779576744
|move|p1a: Garganacl|Protect|p1a: Garganacl
|-singleturn|p1a: Garganacl|Protect
|move|p2a: Clefable|Moonblast|p1a: Garganacl
|-activate|p1a: Garganacl|move: Protect
|
|-heal|p1a: Garganacl|88/100|[from] item: Leftovers
|-damage|p2a: Clefable|76/100|[from] Salt Cure
|upkeep
|turn|31
|
|t:|1779576756
|move|p2a: Clefable|Moonblast|p1a: Garganacl
|-end|p1a: Garganacl|Substitute
|move|p1a: Garganacl|Substitute|p1a: Garganacl
|-start|p1a: Garganacl|Substitute
|-damage|p1a: Garganacl|63/100
|
|-heal|p1a: Garganacl|69/100|[from] item: Leftovers
|-damage|p2a: Clefable|63/100|[from] Salt Cure
|upkeep
|turn|32
|
|t:|1779576765
|move|p2a: Clefable|Stealth Rock||[still]
|-fail|p2a: Clefable
|move|p1a: Garganacl|Salt Cure|p2a: Clefable
|-damage|p2a: Clefable|53/100
|
|-heal|p1a: Garganacl|75/100|[from] item: Leftovers
|-damage|p2a: Clefable|41/100|[from] Salt Cure
|upkeep
|turn|33
|
|t:|1779576775
|move|p2a: Clefable|Moonlight|p2a: Clefable
|-heal|p2a: Clefable|91/100
|move|p1a: Garganacl|Salt Cure|p2a: Clefable
|-damage|p2a: Clefable|81/100
|
|-heal|p1a: Garganacl|81/100|[from] item: Leftovers
|-damage|p2a: Clefable|69/100|[from] Salt Cure
|upkeep
|turn|34
|
|t:|1779576791
|move|p2a: Clefable|Moonblast|p1a: Garganacl
|-activate|p1a: Garganacl|move: Substitute|[damage]
|move|p1a: Garganacl|Salt Cure|p2a: Clefable
|-damage|p2a: Clefable|59/100
|
|-heal|p1a: Garganacl|88/100|[from] item: Leftovers
|-damage|p2a: Clefable|46/100|[from] Salt Cure
|upkeep
|turn|35
|
|t:|1779576795
|move|p2a: Clefable|Moonblast|p1a: Garganacl
|-end|p1a: Garganacl|Substitute
|move|p1a: Garganacl|Substitute|p1a: Garganacl
|-start|p1a: Garganacl|Substitute
|-damage|p1a: Garganacl|63/100
|
|-heal|p1a: Garganacl|69/100|[from] item: Leftovers
|-damage|p2a: Clefable|34/100|[from] Salt Cure
|upkeep
|turn|36
|
|t:|1779576798
|move|p2a: Clefable|Moonlight|p2a: Clefable
|-heal|p2a: Clefable|84/100
|move|p1a: Garganacl|Salt Cure|p2a: Clefable
|-damage|p2a: Clefable|74/100
|
|-heal|p1a: Garganacl|75/100|[from] item: Leftovers
|-damage|p2a: Clefable|61/100|[from] Salt Cure
|upkeep
|turn|37
|
|t:|1779576802
|move|p2a: Clefable|Moonblast|p1a: Garganacl
|-activate|p1a: Garganacl|move: Substitute|[damage]
|move|p1a: Garganacl|Salt Cure|p2a: Clefable
|-damage|p2a: Clefable|51/100
|
|-heal|p1a: Garganacl|81/100|[from] item: Leftovers
|-damage|p2a: Clefable|39/100|[from] Salt Cure
|upkeep
|turn|38
|
|t:|1779576819
|move|p2a: Clefable|Moonlight|p2a: Clefable
|-heal|p2a: Clefable|89/100
|move|p1a: Garganacl|Substitute|p1a: Garganacl
|-fail|p1a: Garganacl|move: Substitute
|
|-heal|p1a: Garganacl|87/100|[from] item: Leftovers
|-damage|p2a: Clefable|76/100|[from] Salt Cure
|upkeep
|turn|39
|
|t:|1779576822
|move|p2a: Clefable|Moonblast|p1a: Garganacl
|-end|p1a: Garganacl|Substitute
|move|p1a: Garganacl|Salt Cure|p2a: Clefable
|-damage|p2a: Clefable|65/100
|
|-heal|p1a: Garganacl|94/100|[from] item: Leftovers
|-damage|p2a: Clefable|53/100|[from] Salt Cure
|upkeep
|turn|40
|
|t:|1779576828
|move|p2a: Clefable|Moonlight|p2a: Clefable
|-heal|p2a: Clefable|100/100
|move|p1a: Garganacl|Substitute|p1a: Garganacl
|-start|p1a: Garganacl|Substitute
|-damage|p1a: Garganacl|69/100
|
|-heal|p1a: Garganacl|75/100|[from] item: Leftovers
|-damage|p2a: Clefable|88/100|[from] Salt Cure
|upkeep
|turn|41
|
|t:|1779576830
|move|p2a: Clefable|Moonblast|p1a: Garganacl
|-activate|p1a: Garganacl|move: Substitute|[damage]
|move|p1a: Garganacl|Salt Cure|p2a: Clefable
|-damage|p2a: Clefable|77/100
|
|-heal|p1a: Garganacl|81/100|[from] item: Leftovers
|-damage|p2a: Clefable|65/100|[from] Salt Cure
|upkeep
|turn|42
|
|t:|1779576835
|move|p1a: Garganacl|Protect|p1a: Garganacl
|-singleturn|p1a: Garganacl|Protect
|move|p2a: Clefable|Moonblast|p1a: Garganacl
|-activate|p1a: Garganacl|move: Protect
|
|-heal|p1a: Garganacl|87/100|[from] item: Leftovers
|-damage|p2a: Clefable|53/100|[from] Salt Cure
|upkeep
|turn|43
|
|t:|1779576844
|move|p2a: Clefable|Moonblast|p1a: Garganacl
|-end|p1a: Garganacl|Substitute
|move|p1a: Garganacl|Salt Cure|p2a: Clefable
|-damage|p2a: Clefable|43/100
|
|-heal|p1a: Garganacl|93/100|[from] item: Leftovers
|-damage|p2a: Clefable|30/100|[from] Salt Cure
|upkeep
|turn|44
|
|t:|1779576849
|move|p2a: Clefable|Moonlight|p2a: Clefable
|-heal|p2a: Clefable|80/100
|move|p1a: Garganacl|Substitute|p1a: Garganacl
|-start|p1a: Garganacl|Substitute
|-damage|p1a: Garganacl|68/100
|
|-heal|p1a: Garganacl|75/100|[from] item: Leftovers
|-damage|p2a: Clefable|68/100|[from] Salt Cure
|upkeep
|turn|45
|
|t:|1779576860
|move|p1a: Garganacl|Protect|p1a: Garganacl
|-singleturn|p1a: Garganacl|Protect
|move|p2a: Clefable|Moonblast|p1a: Garganacl
|-activate|p1a: Garganacl|move: Protect
|
|-heal|p1a: Garganacl|81/100|[from] item: Leftovers
|-damage|p2a: Clefable|55/100|[from] Salt Cure
|upkeep
|turn|46
|
|t:|1779576865
|move|p2a: Clefable|Moonblast|p1a: Garganacl
|-activate|p1a: Garganacl|move: Substitute|[damage]
|move|p1a: Garganacl|Salt Cure|p2a: Clefable
|-damage|p2a: Clefable|45/100
|
|-heal|p1a: Garganacl|87/100|[from] item: Leftovers
|-damage|p2a: Clefable|33/100|[from] Salt Cure
|upkeep
|turn|47
|
|t:|1779576871
|move|p2a: Clefable|Moonblast|p1a: Garganacl
|-end|p1a: Garganacl|Substitute
|move|p1a: Garganacl|Salt Cure|p2a: Clefable
|-damage|p2a: Clefable|23/100
|
|-heal|p1a: Garganacl|93/100|[from] item: Leftovers
|-damage|p2a: Clefable|10/100|[from] Salt Cure
|upkeep
|turn|48
|
|t:|1779576872
|move|p2a: Clefable|Moonblast|p1a: Garganacl
|-damage|p1a: Garganacl|70/100
|move|p1a: Garganacl|Substitute|p1a: Garganacl
|-start|p1a: Garganacl|Substitute
|-damage|p1a: Garganacl|45/100
|
|-heal|p1a: Garganacl|51/100|[from] item: Leftovers
|-damage|p2a: Clefable|0 fnt|[from] Salt Cure
|faint|p2a: Clefable
|upkeep
|
|t:|1779576880
|switch|p2a: Gyarados|Gyarados, M|100/100
|turn|49
|
|t:|1779576883
|-terastallize|p2a: Gyarados|Ground
|move|p2a: Gyarados|Substitute|p2a: Gyarados
|-start|p2a: Gyarados|Substitute
|-damage|p2a: Gyarados|76/100
|move|p1a: Garganacl|Salt Cure|p2a: Gyarados
|-resisted|p2a: Gyarados
|-activate|p2a: Gyarados|move: Substitute|[damage]
|
|-heal|p2a: Gyarados|82/100|[from] item: Leftovers
|-heal|p1a: Garganacl|57/100|[from] item: Leftovers
|upkeep
|turn|50
|
|t:|1779576899
|move|p2a: Gyarados|Earthquake|p1a: Garganacl
|-end|p1a: Garganacl|Substitute
|move|p1a: Garganacl|Salt Cure|p2a: Gyarados
|-resisted|p2a: Gyarados
|-activate|p2a: Gyarados|move: Substitute|[damage]
|
|-heal|p2a: Gyarados|88/100|[from] item: Leftovers
|-heal|p1a: Garganacl|63/100|[from] item: Leftovers
|upkeep
|turn|51
|
|t:|1779576915
|switch|p1a: Gliscor|Gliscor, M|100/100
|-damage|p1a: Gliscor|88/100|[from] Stealth Rock
|move|p2a: Gyarados|Earthquake|p1a: Gliscor
|-immune|p1a: Gliscor
|
|-heal|p2a: Gyarados|94/100|[from] item: Leftovers
|-status|p1a: Gliscor|tox|[from] item: Toxic Orb
|upkeep
|turn|52
|
|t:|1779576921
|switch|p1a: Dondozo|Dondozo, F|100/100
|-damage|p1a: Dondozo|88/100|[from] Stealth Rock
|move|p2a: Gyarados|Waterfall|p1a: Dondozo
|-resisted|p1a: Dondozo
|-crit|p1a: Dondozo
|-damage|p1a: Dondozo|75/100
|
|-heal|p2a: Gyarados|99/100|[from] item: Leftovers
|-heal|p1a: Dondozo|81/100|[from] item: Leftovers
|upkeep
|turn|53
|
|t:|1779576924
|move|p2a: Gyarados|Earthquake|p1a: Dondozo
|-damage|p1a: Dondozo|58/100
|move|p1a: Dondozo|Curse|p1a: Dondozo
|-unboost|p1a: Dondozo|spe|1
|-boost|p1a: Dondozo|atk|1
|-boost|p1a: Dondozo|def|1
|
|-heal|p2a: Gyarados|100/100|[from] item: Leftovers
|-heal|p1a: Dondozo|64/100|[from] item: Leftovers
|upkeep
|turn|54
|
|t:|1779576930
|switch|p2a: Dragapult|Dragapult, F|58/100
|move|p1a: Dondozo|Curse|p1a: Dondozo
|-unboost|p1a: Dondozo|spe|1
|-boost|p1a: Dondozo|atk|1
|-boost|p1a: Dondozo|def|1
|
|-heal|p1a: Dondozo|70/100|[from] item: Leftovers
|upkeep
|turn|55
|
|t:|1779576935
|switch|p1a: Garganacl|Garganacl, F, tera:Fairy|63/100
|-damage|p1a: Garganacl|51/100|[from] Stealth Rock
|move|p2a: Dragapult|U-turn|p1a: Garganacl
|-resisted|p1a: Garganacl
|-damage|p1a: Garganacl|46/100
|
|t:|1779576950
|switch|p2a: Ursaluna|Ursaluna, M|26/100 brn|[from] U-turn
|
|-heal|p1a: Garganacl|52/100|[from] item: Leftovers
|-damage|p2a: Ursaluna|20/100 brn|[from] brn
|upkeep
|turn|56
|
|t:|1779576955
|move|p2a: Ursaluna|Facade|p1a: Garganacl
|-damage|p1a: Garganacl|0 fnt
|faint|p1a: Garganacl
|
|-damage|p2a: Ursaluna|14/100 brn|[from] brn
|upkeep
|
|t:|1779576963
|switch|p1a: Corviknight|Corviknight, M|100/100
|-damage|p1a: Corviknight|88/100|[from] Stealth Rock
|-ability|p1a: Corviknight|Pressure
|turn|57
|
|t:|1779576968
|move|p2a: Ursaluna|Fire Punch|p1a: Corviknight
|-supereffective|p1a: Corviknight
|-damage|p1a: Corviknight|35/100
|-damage|p2a: Ursaluna|0 fnt|[from] item: Rocky Helmet|[of] p1a: Corviknight
|faint|p2a: Ursaluna
|move|p1a: Corviknight|Defog|p2: Ursaluna|[notarget]
|-fail|p1a: Corviknight
|
|upkeep
|
|t:|1779576971
|switch|p2a: Dragapult|Dragapult, F|58/100
|turn|58
|
|t:|1779576979
|switch|p1a: Blissey|Blissey, F|100/100
|-damage|p1a: Blissey|88/100|[from] Stealth Rock
|move|p2a: Dragapult|U-turn|p1a: Blissey
|-damage|p1a: Blissey|74/100
|
|t:|1779576981
|switch|p2a: Gyarados|Gyarados, M, tera:Ground|100/100|[from] U-turn
|
|-heal|p1a: Blissey|80/100|[from] item: Leftovers
|upkeep
|turn|59
|
|t:|1779576986
|switch|p1a: Dondozo|Dondozo, F|70/100
|-damage|p1a: Dondozo|58/100|[from] Stealth Rock
|move|p2a: Gyarados|Earthquake|p1a: Dondozo
|-damage|p1a: Dondozo|35/100
|
|-heal|p1a: Dondozo|41/100|[from] item: Leftovers
|upkeep
|turn|60
|
|t:|1779576990
|switch|p2a: Dragapult|Dragapult, F|58/100
|move|p1a: Dondozo|Rest|p1a: Dondozo
|-status|p1a: Dondozo|slp|[from] move: Rest
|-heal|p1a: Dondozo|100/100 slp|[silent]
|
|upkeep
|turn|61
|
|t:|1779576994
|switch|p1a: Blissey|Blissey, F|80/100
|-damage|p1a: Blissey|68/100|[from] Stealth Rock
|move|p2a: Dragapult|U-turn|p1a: Blissey
|-damage|p1a: Blissey|52/100
|
|t:|1779576996
|switch|p2a: Gyarados|Gyarados, M, tera:Ground|100/100|[from] U-turn
|
|-heal|p1a: Blissey|58/100|[from] item: Leftovers
|upkeep
|turn|62
|
|t:|1779577002
|move|p2a: Gyarados|Earthquake|p1a: Blissey
|-crit|p1a: Blissey
|-damage|p1a: Blissey|0 fnt
|faint|p1a: Blissey
|-ability|p2a: Gyarados|Moxie|boost
|-boost|p2a: Gyarados|atk|1
|
|upkeep
|
|t:|1779577008
|switch|p1a: Gliscor|Gliscor, M|88/100 tox
|-damage|p1a: Gliscor|76/100 tox|[from] Stealth Rock
|turn|63
|
|t:|1779577012
|move|p2a: Gyarados|Substitute|p2a: Gyarados
|-start|p2a: Gyarados|Substitute
|-damage|p2a: Gyarados|76/100
|move|p1a: Gliscor|Toxic||[still]
|-fail|p1a: Gliscor
|
|-heal|p2a: Gyarados|82/100|[from] item: Leftovers
|-heal|p1a: Gliscor|88/100 tox|[from] ability: Poison Heal
|upkeep
|turn|64
|
|t:|1779577016
|move|p2a: Gyarados|Waterfall|p1a: Gliscor
|-supereffective|p1a: Gliscor
|-crit|p1a: Gliscor
|-damage|p1a: Gliscor|0 fnt
|faint|p1a: Gliscor
|-ability|p2a: Gyarados|Moxie|boost
|-boost|p2a: Gyarados|atk|1
|
|-heal|p2a: Gyarados|88/100|[from] item: Leftovers
|upkeep
|
|t:|1779577019
|switch|p1a: Dondozo|Dondozo, F|100/100 slp
|-damage|p1a: Dondozo|88/100 slp|[from] Stealth Rock
|turn|65
|
|t:|1779577022
|move|p2a: Gyarados|Earthquake|p1a: Dondozo
|-damage|p1a: Dondozo|64/100 slp
|cant|p1a: Dondozo|slp
|
|-heal|p2a: Gyarados|94/100|[from] item: Leftovers
|-heal|p1a: Dondozo|70/100 slp|[from] item: Leftovers
|upkeep
|turn|66
|
|t:|1779577025
|switch|p2a: Dragapult|Dragapult, F|58/100
|cant|p1a: Dondozo|slp
|
|-heal|p1a: Dondozo|76/100 slp|[from] item: Leftovers
|upkeep
|turn|67
|
|t:|1779577035
|move|p2a: Dragapult|Draco Meteor|p1a: Dondozo
|-damage|p1a: Dondozo|0 fnt
|-unboost|p2a: Dragapult|spa|2
|faint|p1a: Dondozo
|
|upkeep
|-message|a2533540231 forfeited.
|
|win|ryanman7
|raw|a2533540231's rating: 1339 &rarr; <strong>1323</strong><br />(-16 for losing)
|raw|ryanman7's rating: 1403 &rarr; <strong>1419</strong><br />(+16 for winning)
|l|☆a2533540231
|player|p1|
|c|☆ryanman7|get shit on
