|j|☆lolcano46
|j|☆overheat xyz
|t:|1779589207
|gametype|singles
|player|p1|lolcano46|fisherman-gen4|1597
|player|p2|overheat xyz|265|1678
|gen|9
|tier|[Gen 9] OU
|rated|
|rule|HP Percentage Mod: HP is shown in percentages
|rule|Endless Battle Clause: Forcing endless battles is banned
|rule|Species Clause: Limit one of each Pokémon
|rule|OHKO Clause: OHKO moves are banned
|rule|Evasion Items Clause: Evasion items are banned
|rule|Evasion Moves Clause: Evasion moves are banned
|rule|Evasion Abilities Clause: Evasion abilities are banned
|rule|Sleep Moves Clause: Sleep-inducing moves are banned
|clearpoke
|poke|p1|Azelf|
|poke|p1|Ogerpon-Wellspring, F|
|poke|p1|Scizor, M|
|poke|p1|Gengar, M|
|poke|p1|Raging Bolt|
|poke|p1|Cinderace, F|
|poke|p2|Dragapult, F|
|poke|p2|Garganacl, F|
|poke|p2|Rillaboom, F|
|poke|p2|Slowking-Galar, F|
|poke|p2|Kingambit, F|
|poke|p2|Corviknight, F|
|teampreview
|inactive|Battle timer is ON: inactive players will automatically lose when time's up. (requested by lolcano46)
|inactive|overheat xyz has 120 seconds left.
|
|t:|1779589251
|teamsize|p1|6
|teamsize|p2|6
|start
|switch|p1a: Gengar|Gengar, M|100/100
|switch|p2a: Rillaboom|Rillaboom, F|100/100
|-fieldstart|move: Grassy Terrain|[from] ability: Grassy Surge|[of] p2a: Rillaboom
|turn|1
|
|t:|1779589258
|switch|p2a: Slowking|Slowking-Galar, F|100/100
|move|p1a: Gengar|Sludge Bomb|p2a: Slowking
|-resisted|p2a: Slowking
|-crit|p2a: Slowking
|-damage|p2a: Slowking|83/100
|
|-heal|p2a: Slowking|89/100|[from] Grassy Terrain
|upkeep
|turn|2
|
|t:|1779589268
|switch|p1a: Cinderace|Cinderace, F|100/100
|move|p2a: Slowking|Fire Blast|p1a: Cinderace
|-resisted|p1a: Cinderace
|-damage|p1a: Cinderace|75/100
|
|-heal|p1a: Cinderace|81/100|[from] Grassy Terrain
|-heal|p2a: Slowking|95/100|[from] Grassy Terrain
|upkeep
|turn|3
|
|t:|1779589275
|switch|p1a: Gengar|Gengar, M|100/100
|move|p2a: Slowking|Sludge Bomb|p1a: Gengar
|-resisted|p1a: Gengar
|-damage|p1a: Gengar|81/100
|
|-heal|p1a: Gengar|87/100|[from] Grassy Terrain
|-heal|p2a: Slowking|100/100|[from] Grassy Terrain
|upkeep
|turn|4
|
|t:|1779589281
|move|p1a: Gengar|Trick|p2a: Slowking
|-activate|p1a: Gengar|move: Trick|[of] p2a: Slowking
|-item|p2a: Slowking|Choice Scarf|[from] move: Trick
|-item|p1a: Gengar|Assault Vest|[from] move: Trick
|move|p2a: Slowking|Psychic Noise|p1a: Gengar
|-supereffective|p1a: Gengar
|-damage|p1a: Gengar|0 fnt
|faint|p1a: Gengar
|
|upkeep
|
|t:|1779589288
|switch|p1a: Scizor|Scizor, M|100/100
|turn|5
|
|t:|1779589293
|switch|p2a: Corviknight|Corviknight, F|100/100
|-ability|p2a: Corviknight|Pressure
|move|p1a: Scizor|Swords Dance|p1a: Scizor
|-boost|p1a: Scizor|atk|2
|
|-fieldend|move: Grassy Terrain
|upkeep
|turn|6
|
|t:|1779589296
|move|p1a: Scizor|Knock Off|p2a: Corviknight
|-damage|p2a: Corviknight|53/100
|-damage|p1a: Scizor|84/100|[from] item: Rocky Helmet|[of] p2a: Corviknight
|-enditem|p2a: Corviknight|Rocky Helmet|[from] move: Knock Off|[of] p1a: Scizor
|move|p2a: Corviknight|Iron Defense|p2a: Corviknight
|-boost|p2a: Corviknight|def|2
|
|upkeep
|turn|7
|
|t:|1779589303
|switch|p1a: Raging Bolt|Raging Bolt|100/100
|-enditem|p1a: Raging Bolt|Booster Energy
|-activate|p1a: Raging Bolt|ability: Protosynthesis|[fromitem]
|-start|p1a: Raging Bolt|protosynthesisspa
|move|p2a: Corviknight|Roost|p2a: Corviknight
|-heal|p2a: Corviknight|100/100
|-singleturn|p2a: Corviknight|move: Roost
|
|upkeep
|turn|8
|
|t:|1779589321
|-terastallize|p2a: Corviknight|Dragon
|move|p1a: Raging Bolt|Calm Mind|p1a: Raging Bolt
|-boost|p1a: Raging Bolt|spa|1
|-boost|p1a: Raging Bolt|spd|1
|move|p2a: Corviknight|Body Press|p1a: Raging Bolt
|-damage|p1a: Raging Bolt|51/100
|
|upkeep
|turn|9
|
|t:|1779589333
|switch|p2a: Slowking|Slowking-Galar, F|100/100
|move|p1a: Raging Bolt|Dragon Pulse|p2a: Slowking
|-damage|p2a: Slowking|24/100
|
|upkeep
|turn|10
|j| ArtistsRendition
|
|t:|1779589340
|move|p1a: Raging Bolt|Dragon Pulse|p2a: Slowking
|-damage|p2a: Slowking|0 fnt
|faint|p2a: Slowking
|
|upkeep
|
|t:|1779589343
|switch|p2a: Garganacl|Garganacl, F|100/100
|turn|11
|
|t:|1779589348
|move|p1a: Raging Bolt|Thunderbolt|p2a: Garganacl
|-damage|p2a: Garganacl|30/100
|move|p2a: Garganacl|Salt Cure|p1a: Raging Bolt
|-damage|p1a: Raging Bolt|39/100
|-start|p1a: Raging Bolt|Salt Cure
|
|-heal|p2a: Garganacl|37/100|[from] item: Leftovers
|-damage|p1a: Raging Bolt|27/100|[from] Salt Cure
|upkeep
|turn|12
|
|t:|1779589357
|-end|p1a: Raging Bolt|Protosynthesis|[silent]
|switch|p1a: Ogerpon|Ogerpon-Wellspring, F|100/100
|move|p2a: Garganacl|Protect||[still]
|-fail|p2a: Garganacl
|
|-heal|p2a: Garganacl|43/100|[from] item: Leftovers
|upkeep
|turn|13
|
|t:|1779589362
|move|p1a: Ogerpon|Ivy Cudgel|p2a: Garganacl|[anim] Ivy Cudgel Water
|-supereffective|p2a: Garganacl
|-damage|p2a: Garganacl|0 fnt
|faint|p2a: Garganacl
|
|upkeep
|
|t:|1779589373
|switch|p2a: Rillaboom|Rillaboom, F|100/100
|-fieldstart|move: Grassy Terrain|[from] ability: Grassy Surge|[of] p2a: Rillaboom
|turn|14
|
|t:|1779589381
|switch|p1a: Cinderace|Cinderace, F|81/100
|move|p2a: Rillaboom|U-turn|p1a: Cinderace
|-resisted|p1a: Cinderace
|-damage|p1a: Cinderace|54/100
|l| ArtistsRendition
|
|t:|1779589398
|switch|p2a: Dragapult|Dragapult, F|100/100|[from] U-turn
|
|-heal|p1a: Cinderace|60/100|[from] Grassy Terrain
|upkeep
|turn|15
|
|t:|1779589403
|move|p1a: Cinderace|Sucker Punch|p2a: Dragapult
|-start|p1a: Cinderace|typechange|Dark|[from] ability: Libero
|-supereffective|p2a: Dragapult
|-damage|p2a: Dragapult|15/100
|move|p2a: Dragapult|Draco Meteor|p1a: Cinderace
|-damage|p1a: Cinderace|0 fnt
|-unboost|p2a: Dragapult|spa|2
|faint|p1a: Cinderace
|
|-heal|p2a: Dragapult|21/100|[from] Grassy Terrain
|upkeep
|
|t:|1779589407
|switch|p1a: Scizor|Scizor, M|84/100
|turn|16
|
|t:|1779589422
|switch|p2a: Corviknight|Corviknight, F, tera:Dragon|100/100
|-ability|p2a: Corviknight|Pressure
|switch|p1a: Azelf|Azelf|100/100
|
|upkeep
|turn|17
|
|t:|1779589433
|switch|p2a: Dragapult|Dragapult, F|21/100
|-terastallize|p1a: Azelf|Fairy
|move|p1a: Azelf|Dazzling Gleam|p2a: Dragapult
|-supereffective|p2a: Dragapult
|-damage|p2a: Dragapult|0 fnt
|faint|p2a: Dragapult
|
|upkeep
|
|t:|1779589444
|switch|p2a: Kingambit|Kingambit, F|100/100
|-activate|p2a: Kingambit|ability: Supreme Overlord
|-start|p2a: Kingambit|fallen3|[silent]
|-enditem|p2a: Kingambit|Grassy Seed
|-boost|p2a: Kingambit|def|1|[from] item: Grassy Seed
|turn|18
|
|t:|1779589449
|move|p1a: Azelf|Flamethrower|p2a: Kingambit
|-supereffective|p2a: Kingambit
|-crit|p2a: Kingambit
|-damage|p2a: Kingambit|0 fnt
|faint|p2a: Kingambit
|-end|p2a: Kingambit|fallen3|[silent]
|
|-fieldend|move: Grassy Terrain
|upkeep
|-message|overheat xyz forfeited.
|
|win|lolcano46
|raw|lolcano46's rating: 1597 &rarr; <strong>1622</strong><br />(+25 for winning)
|raw|overheat xyz's rating: 1678 &rarr; <strong>1653</strong><br />(-25 for losing)
|l|☆overheat xyz
|player|p2|
