|j|☆slowlyfadingaway
|j|☆motorbike
|t:|1779699665
|gametype|singles
|player|p1|slowlyfadingaway|veteran|1193
|player|p2|motorbike|biker-gen4|1261
|gen|9
|tier|[Gen 9] OU
|rated|
|rule|HP Percentage Mod: HP is shown in percentages
|rule|Endless Battle Clause: Forcing endless battles is banned
|rule|Species Clause: Limit one of each Pokémon
|rule|OHKO Clause: OHKO moves are banned
|rule|Evasion Items Clause: Evasion items are banned
|rule|Evasion Moves Clause: Evasion moves are banned
|rule|Evasion Abilities Clause: Evasion abilities are banned
|rule|Sleep Moves Clause: Sleep-inducing moves are banned
|clearpoke
|poke|p1|Kingambit, F|
|poke|p1|Azelf|
|poke|p1|Samurott-Hisui, M|
|poke|p1|Duraludon, F|
|poke|p1|Chandelure, M|
|poke|p1|Iron Treads|
|poke|p2|Skarmory, F|
|poke|p2|Tyranitar, M|
|poke|p2|Excadrill, F|
|poke|p2|Haxorus, M|
|poke|p2|Dragapult, F|
|poke|p2|Enamorus, F|
|teampreview
|inactive|Battle timer is ON: inactive players will automatically lose when time's up. (requested by slowlyfadingaway)
|
|t:|1779699673
|teamsize|p1|6
|teamsize|p2|6
|start
|switch|p1a: Chandelure|Chandelure, M|100/100
|switch|p2a: Skarmory|Skarmory, F|100/100
|turn|1
|
|t:|1779699683
|move|p1a: Chandelure|Energy Ball|p2a: Skarmory
|-resisted|p2a: Skarmory
|-damage|p2a: Skarmory|85/100
|move|p2a: Skarmory|Stealth Rock|p1a: Chandelure
|-sidestart|p1: slowlyfadingaway|move: Stealth Rock
|
|upkeep
|turn|2
|
|t:|1779699690
|switch|p1a: Iron Treads|Iron Treads|100/100
|-damage|p1a: Iron Treads|97/100|[from] Stealth Rock
|move|p2a: Skarmory|Spikes|p1a: Iron Treads
|-sidestart|p1: slowlyfadingaway|Spikes
|
|upkeep
|turn|3
|
|t:|1779699697
|switch|p2a: Dragapult|Dragapult, F|100/100
|move|p1a: Iron Treads|Rapid Spin|p2a: Dragapult
|-immune|p2a: Dragapult
|
|upkeep
|turn|4
|
|t:|1779699703
|move|p2a: Dragapult|Will-O-Wisp|p1a: Iron Treads|[miss]
|-miss|p2a: Dragapult|p1a: Iron Treads
|move|p1a: Iron Treads|Hard Press|p2a: Dragapult
|-damage|p2a: Dragapult|50/100
|
|upkeep
|turn|5
|
|t:|1779699711
|-end|p1a: Iron Treads|Quark Drive|[silent]
|switch|p1a: Duraludon|Duraludon, F|100/100
|-damage|p1a: Duraludon|94/100|[from] Stealth Rock
|-damage|p1a: Duraludon|82/100|[from] Spikes
|move|p2a: Dragapult|Dragon Tail|p1a: Duraludon
|-damage|p1a: Duraludon|70/100
|drag|p1a: Samurott|Samurott-Hisui, M|100/100
|-damage|p1a: Samurott|88/100|[from] Stealth Rock
|-damage|p1a: Samurott|76/100|[from] Spikes
|
|upkeep
|turn|6
|
|t:|1779699723
|move|p2a: Dragapult|Will-O-Wisp|p1a: Samurott|[miss]
|-miss|p2a: Dragapult|p1a: Samurott
|move|p1a: Samurott|Ceaseless Edge|p2a: Dragapult
|-supereffective|p2a: Dragapult
|-damage|p2a: Dragapult|0 fnt
|-sidestart|p2: motorbike|Spikes
|faint|p2a: Dragapult
|
|upkeep
|c|☆slowlyfadingaway|unlucky man
|
|t:|1779699736
|switch|p2a: Skarmory|Skarmory, F|85/100
|turn|7
|
|t:|1779699740
|move|p1a: Samurott|Ceaseless Edge|p2a: Skarmory
|-damage|p2a: Skarmory|46/100
|-sidestart|p2: motorbike|Spikes
|move|p2a: Skarmory|Spikes|p1a: Samurott
|-sidestart|p1: slowlyfadingaway|Spikes
|
|upkeep
|turn|8
|
|t:|1779699747
|move|p1a: Samurott|Ceaseless Edge|p2a: Skarmory
|-damage|p2a: Skarmory|6/100
|-sidestart|p2: motorbike|Spikes
|move|p2a: Skarmory|Spikes|p1a: Samurott
|-sidestart|p1: slowlyfadingaway|Spikes
|
|upkeep
|turn|9
|-enditem|p2a: Skarmory|Custap Berry|[eat]
|-activate|p2a: Skarmory|item: Custap Berry|[consumed]
|
|t:|1779699753
|move|p2a: Skarmory|Iron Head|p1a: Samurott
|-resisted|p1a: Samurott
|-damage|p1a: Samurott|58/100
|move|p1a: Samurott|Aqua Cutter|p2a: Skarmory
|-damage|p2a: Skarmory|0 fnt
|faint|p2a: Skarmory
|
|upkeep
|c|☆slowlyfadingaway|use custap berry explosion or reversal at that rate man
|
|t:|1779699771
|switch|p2a: Enamorus|Enamorus, F|100/100
|turn|10
|
|t:|1779699778
|move|p2a: Enamorus|Moonblast|p1a: Samurott
|-supereffective|p1a: Samurott
|-damage|p1a: Samurott|0 fnt
|faint|p1a: Samurott
|
|upkeep
|
|t:|1779699780
|switch|p1a: Iron Treads|Iron Treads|97/100
|-damage|p1a: Iron Treads|94/100|[from] Stealth Rock
|-damage|p1a: Iron Treads|69/100|[from] Spikes
|turn|11
|
|t:|1779699800
|move|p1a: Iron Treads|Hard Press|p2a: Enamorus
|-supereffective|p2a: Enamorus
|-damage|p2a: Enamorus|0 fnt
|faint|p2a: Enamorus
|
|upkeep
|c|☆slowlyfadingaway|man hard press is OP
|
|t:|1779699816
|switch|p2a: Tyranitar|Tyranitar, M|100/100
|-damage|p2a: Tyranitar|76/100|[from] Spikes
|-weather|Sandstorm|[from] ability: Sand Stream|[of] p2a: Tyranitar
|turn|12
|c|☆slowlyfadingaway|its literally just a 100% accurate iron tail at max hp
|
|t:|1779699822
|-terastallize|p2a: Tyranitar|Ghost
|move|p1a: Iron Treads|Rapid Spin|p2a: Tyranitar
|-immune|p2a: Tyranitar
|move|p2a: Tyranitar|Dragon Dance|p2a: Tyranitar
|-boost|p2a: Tyranitar|atk|1
|-boost|p2a: Tyranitar|spe|1
|
|-weather|Sandstorm|[upkeep]
|-damage|p2a: Tyranitar|69/100|[from] Sandstorm
|upkeep
|turn|13
|c|☆slowlyfadingaway|rlly bro..
|
|t:|1779699833
|move|p1a: Iron Treads|Stealth Rock|p2a: Tyranitar
|-sidestart|p2: motorbike|move: Stealth Rock
|move|p2a: Tyranitar|Earthquake|p1a: Iron Treads
|-supereffective|p1a: Iron Treads
|-damage|p1a: Iron Treads|0 fnt
|faint|p1a: Iron Treads
|-end|p1a: Iron Treads|Quark Drive|[silent]
|
|-weather|Sandstorm|[upkeep]
|-damage|p2a: Tyranitar|63/100|[from] Sandstorm
|upkeep
|c|☆slowlyfadingaway|i forgot there was tera in OU
|
|t:|1779699856
|switch|p1a: Kingambit|Kingambit, F|100/100
|-damage|p1a: Kingambit|94/100|[from] Stealth Rock
|-damage|p1a: Kingambit|69/100|[from] Spikes
|turn|14
|
|t:|1779699863
|move|p2a: Tyranitar|Earthquake|p1a: Kingambit
|-supereffective|p1a: Kingambit
|-damage|p1a: Kingambit|0 fnt
|faint|p1a: Kingambit
|
|-weather|Sandstorm|[upkeep]
|-damage|p2a: Tyranitar|57/100|[from] Sandstorm
|upkeep
|inactive|slowlyfadingaway has 120 seconds left.
|
|t:|1779699897
|switch|p1a: Chandelure|Chandelure, M|100/100
|-damage|p1a: Chandelure|76/100|[from] Stealth Rock
|-damage|p1a: Chandelure|51/100|[from] Spikes
|turn|15
|
|t:|1779699906
|move|p1a: Chandelure|Shadow Ball|p2a: Tyranitar
|-supereffective|p2a: Tyranitar
|-damage|p2a: Tyranitar|0 fnt
|faint|p2a: Tyranitar
|
|-weather|Sandstorm|[upkeep]
|-damage|p1a: Chandelure|45/100|[from] Sandstorm
|upkeep
|
|t:|1779699914
|switch|p2a: Excadrill|Excadrill, F|100/100
|-damage|p2a: Excadrill|76/100|[from] Spikes
|-damage|p2a: Excadrill|73/100|[from] Stealth Rock
|turn|16
|inactive|slowlyfadingaway has 120 seconds left.
|j| Adi4
|
|t:|1779699953
|switch|p1a: Azelf|Azelf|100/100
|-damage|p1a: Azelf|88/100|[from] Stealth Rock
|move|p2a: Excadrill|Earthquake|p1a: Azelf
|-immune|p1a: Azelf|[from] ability: Levitate
|
|-weather|Sandstorm|[upkeep]
|-damage|p1a: Azelf|82/100|[from] Sandstorm
|upkeep
|turn|17
|
|t:|1779699963
|move|p2a: Excadrill|Swords Dance|p2a: Excadrill
|-boost|p2a: Excadrill|atk|2
|move|p1a: Azelf|Calm Mind|p1a: Azelf
|-boost|p1a: Azelf|spa|1
|-boost|p1a: Azelf|spd|1
|
|-weather|Sandstorm|[upkeep]
|-damage|p1a: Azelf|76/100|[from] Sandstorm
|upkeep
|turn|18
|c|☆slowlyfadingaway|YOOO
|c|☆slowlyfadingaway|hey man how's it going
|
|t:|1779699980
|move|p2a: Excadrill|Iron Head|p1a: Azelf
|-damage|p1a: Azelf|0 fnt
|faint|p1a: Azelf
|-damage|p2a: Excadrill|63/100|[from] item: Life Orb
|
|-weather|Sandstorm|[upkeep]
|upkeep
|
|t:|1779699984
|switch|p1a: Duraludon|Duraludon, F|70/100
|-damage|p1a: Duraludon|64/100|[from] Stealth Rock
|-damage|p1a: Duraludon|39/100|[from] Spikes
|turn|19
|
|t:|1779699992
|move|p2a: Excadrill|Earthquake|p1a: Duraludon
|-supereffective|p1a: Duraludon
|-damage|p1a: Duraludon|0 fnt
|faint|p1a: Duraludon
|-damage|p2a: Excadrill|53/100|[from] item: Life Orb
|
|-weather|none
|upkeep
|
|t:|1779699994
|switch|p1a: Chandelure|Chandelure, M|45/100
|-damage|p1a: Chandelure|20/100|[from] Stealth Rock
|-damage|p1a: Chandelure|0 fnt|[from] Spikes
|faint|p1a: Chandelure
|
|win|motorbike
|raw|slowlyfadingaway's rating: 1193 &rarr; <strong>1173</strong><br />(-20 for losing)
|raw|motorbike's rating: 1261 &rarr; <strong>1281</strong><br />(+20 for winning)
|l|☆slowlyfadingaway
|player|p1|
|c|☆motorbike|He faded away lol
|l|☆motorbike
|player|p2|
