|j|☆Cantarope
|j|☆kitakami kitchen
|t:|1779677884
|gametype|singles
|player|p1|Cantarope|kieran|1531
|player|p2|kitakami kitchen|roxie|1576
|gen|9
|tier|[Gen 9] OU
|rated|
|rule|HP Percentage Mod: HP is shown in percentages
|rule|Endless Battle Clause: Forcing endless battles is banned
|rule|Species Clause: Limit one of each Pokémon
|rule|OHKO Clause: OHKO moves are banned
|rule|Evasion Items Clause: Evasion items are banned
|rule|Evasion Moves Clause: Evasion moves are banned
|rule|Evasion Abilities Clause: Evasion abilities are banned
|rule|Sleep Moves Clause: Sleep-inducing moves are banned
|clearpoke
|poke|p1|Muk, M|
|poke|p1|Corviknight, F|
|poke|p1|Darkrai|
|poke|p1|Gholdengo|
|poke|p1|Ogerpon-Wellspring, F|
|poke|p1|Cinderace, M|
|poke|p2|Dragonite, F|
|poke|p2|Glimmora, F|
|poke|p2|Gholdengo|
|poke|p2|Blaziken, M|
|poke|p2|Samurott-Hisui, M|
|poke|p2|Ogerpon-Wellspring, F|
|teampreview
|inactive|Battle timer is ON: inactive players will automatically lose when time's up. (requested by Cantarope)
|c|☆Cantarope|glhf
|c|☆kitakami kitchen|hf
|
|t:|1779677907
|teamsize|p1|6
|teamsize|p2|6
|start
|switch|p1a: Ogerpon|Ogerpon-Wellspring, F|100/100
|switch|p2a: Ogerpon|Ogerpon-Wellspring, F|100/100
|turn|1
|
|t:|1779677921
|move|p1a: Ogerpon|Substitute|p1a: Ogerpon
|-start|p1a: Ogerpon|Substitute
|-damage|p1a: Ogerpon|76/100
|move|p2a: Ogerpon|Swords Dance|p2a: Ogerpon
|-boost|p2a: Ogerpon|atk|2
|
|upkeep
|turn|2
|
|t:|1779677929
|move|p1a: Ogerpon|Horn Leech|p2a: Ogerpon
|-damage|p2a: Ogerpon|44/100
|-heal|p1a: Ogerpon|100/100|[from] drain|[of] p2a: Ogerpon
|move|p2a: Ogerpon|Play Rough|p1a: Ogerpon
|-end|p1a: Ogerpon|Substitute
|
|upkeep
|turn|3
|
|t:|1779677935
|move|p2a: Ogerpon|Power Whip|p1a: Ogerpon
|-damage|p1a: Ogerpon|0 fnt
|faint|p1a: Ogerpon
|
|upkeep
|
|t:|1779677954
|switch|p1a: Darkrai|Darkrai|100/100
|turn|4
|
|t:|1779677969
|-terastallize|p2a: Ogerpon|Water
|detailschange|p2a: Ogerpon|Ogerpon-Wellspring-Tera, F, tera:Water
|-ability|p2a: Ogerpon|Embody Aspect (Wellspring)|boost
|-boost|p2a: Ogerpon|spd|1
|move|p1a: Darkrai|Sludge Bomb|p2a: Ogerpon
|-damage|p2a: Ogerpon|12/100
|-damage|p1a: Darkrai|91/100|[from] item: Life Orb
|move|p2a: Ogerpon|Ivy Cudgel|p1a: Darkrai|[anim] Ivy Cudgel Water
|-damage|p1a: Darkrai|0 fnt
|faint|p1a: Darkrai
|
|upkeep
|
|t:|1779677985
|switch|p1a: Gholdengo|Gholdengo|100/100
|turn|5
|
|t:|1779677989
|switch|p2a: Samurott|Samurott-Hisui, M|100/100
|move|p1a: Gholdengo|Shadow Ball|p2a: Samurott
|-resisted|p2a: Samurott
|-damage|p2a: Samurott|71/100
|
|upkeep
|turn|6
|
|t:|1779677995
|switch|p1a: Corviknight|Corviknight, F|100/100
|-ability|p1a: Corviknight|Pressure
|move|p2a: Samurott|Knock Off|p1a: Corviknight
|-damage|p1a: Corviknight|65/100
|-damage|p2a: Samurott|54/100|[from] item: Rocky Helmet|[of] p1a: Corviknight
|-enditem|p1a: Corviknight|Rocky Helmet|[from] move: Knock Off|[of] p2a: Samurott
|
|upkeep
|turn|7
|
|t:|1779678001
|move|p2a: Samurott|Ceaseless Edge|p1a: Corviknight
|-damage|p1a: Corviknight|31/100
|-sidestart|p1: Cantarope|Spikes
|move|p1a: Corviknight|Body Press|p2a: Samurott
|-supereffective|p2a: Samurott
|-damage|p2a: Samurott|0 fnt
|faint|p2a: Samurott
|
|upkeep
|
|t:|1779678010
|switch|p2a: Ogerpon|Ogerpon-Wellspring-Tera, F, tera:Water|12/100
|-ability|p2a: Ogerpon|Embody Aspect (Wellspring)|boost
|-boost|p2a: Ogerpon|spd|1
|turn|8
|
|t:|1779678016
|move|p2a: Ogerpon|Ivy Cudgel|p1a: Corviknight|[anim] Ivy Cudgel Water
|-damage|p1a: Corviknight|0 fnt
|faint|p1a: Corviknight
|
|upkeep
|
|t:|1779678022
|switch|p1a: Gholdengo|Gholdengo|100/100
|-damage|p1a: Gholdengo|88/100|[from] Spikes
|turn|9
|
|t:|1779678034
|move|p1a: Gholdengo|Dazzling Gleam|p2a: Ogerpon
|-damage|p2a: Ogerpon|0 fnt
|faint|p2a: Ogerpon
|detailschange|p2: Ogerpon|Ogerpon-Wellspring, F|[silent]
|
|upkeep
|
|t:|1779678037
|switch|p2a: Glimmora|Glimmora, F|100/100
|turn|10
|
|t:|1779678054
|switch|p1a: Me Ne Sbatto|Muk, M|100/100
|-damage|p1a: Me Ne Sbatto|88/100|[from] Spikes
|move|p2a: Glimmora|Power Gem|p1a: Me Ne Sbatto
|-damage|p1a: Me Ne Sbatto|66/100
|
|upkeep
|turn|11
|
|t:|1779678065
|move|p2a: Glimmora|Earth Power|p1a: Me Ne Sbatto
|-supereffective|p1a: Me Ne Sbatto
|-damage|p1a: Me Ne Sbatto|33/100
|move|p1a: Me Ne Sbatto|Drain Punch|p2a: Glimmora
|-damage|p2a: Glimmora|72/100
|-heal|p1a: Me Ne Sbatto|44/100|[from] drain|[of] p2a: Glimmora
|-activate|p2a: Glimmora|ability: Toxic Debris
|-sidestart|p1: Cantarope|move: Toxic Spikes
|
|upkeep
|turn|12
|
|t:|1779678076
|move|p2a: Glimmora|Earth Power|p1a: Me Ne Sbatto
|-supereffective|p1a: Me Ne Sbatto
|-damage|p1a: Me Ne Sbatto|9/100
|move|p1a: Me Ne Sbatto|Drain Punch|p2a: Glimmora
|-damage|p2a: Glimmora|41/100
|-heal|p1a: Me Ne Sbatto|21/100|[from] drain|[of] p2a: Glimmora
|-activate|p2a: Glimmora|ability: Toxic Debris
|-sidestart|p1: Cantarope|move: Toxic Spikes
|
|upkeep
|turn|13
|
|t:|1779678092
|-terastallize|p1a: Me Ne Sbatto|Dark
|move|p2a: Glimmora|Earth Power|p1a: Me Ne Sbatto
|-crit|p1a: Me Ne Sbatto
|-damage|p1a: Me Ne Sbatto|0 fnt
|faint|p1a: Me Ne Sbatto
|
|upkeep
|
|t:|1779678103
|switch|p1a: Gholdengo|Gholdengo|88/100
|-damage|p1a: Gholdengo|76/100|[from] Spikes
|turn|14
|
|t:|1779678112
|move|p1a: Gholdengo|Shadow Ball|p2a: Glimmora
|-damage|p2a: Glimmora|0 fnt
|faint|p2a: Glimmora
|
|upkeep
|
|t:|1779678116
|switch|p2a: Dragonite|Dragonite, F|100/100
|turn|15
|
|t:|1779678122
|move|p1a: Gholdengo|Shadow Ball|p2a: Dragonite
|-crit|p2a: Dragonite
|-damage|p2a: Dragonite|68/100
|-unboost|p2a: Dragonite|spd|1
|move|p2a: Dragonite|Earthquake|p1a: Gholdengo
|-supereffective|p1a: Gholdengo
|-damage|p1a: Gholdengo|0 fnt
|faint|p1a: Gholdengo
|
|upkeep
|
|t:|1779678128
|switch|p1a: Cinderace|Cinderace, M|100/100
|turn|16
|
|t:|1779678133
|move|p1a: Cinderace|Gunk Shot|p2a: Dragonite|[miss]
|-start|p1a: Cinderace|typechange|Poison|[from] ability: Libero
|-miss|p1a: Cinderace|p2a: Dragonite
|move|p2a: Dragonite|Dragon Dance|p2a: Dragonite
|-boost|p2a: Dragonite|atk|1
|-boost|p2a: Dragonite|spe|1
|
|upkeep
|turn|17
|
|t:|1779678135
|move|p2a: Dragonite|Earthquake|p1a: Cinderace
|-supereffective|p1a: Cinderace
|-damage|p1a: Cinderace|0 fnt
|faint|p1a: Cinderace
|
|win|kitakami kitchen
|raw|Cantarope's rating: 1531 &rarr; <strong>1514</strong><br />(-17 for losing)
|raw|kitakami kitchen's rating: 1576 &rarr; <strong>1593</strong><br />(+17 for winning)
|c|☆Cantarope|gg
|c|☆kitakami kitchen|gg
|l|☆Cantarope
|player|p1|
|l|☆kitakami kitchen
|player|p2|
