|j|☆Anfitrass
|j|☆Recsinger
|t:|1779607557
|gametype|singles
|player|p1|Anfitrass|colress|1086
|player|p2|Recsinger|iris-gen5bw2|1069
|gen|9
|tier|[Gen 9] OU
|rated|
|rule|HP Percentage Mod: HP is shown in percentages
|rule|Endless Battle Clause: Forcing endless battles is banned
|rule|Species Clause: Limit one of each Pokémon
|rule|OHKO Clause: OHKO moves are banned
|rule|Evasion Items Clause: Evasion items are banned
|rule|Evasion Moves Clause: Evasion moves are banned
|rule|Evasion Abilities Clause: Evasion abilities are banned
|rule|Sleep Moves Clause: Sleep-inducing moves are banned
|clearpoke
|poke|p1|Slowking-Galar, F|
|poke|p1|Zoroark, M|
|poke|p1|Grafaiai, F|
|poke|p1|Gengar, F|
|poke|p1|Iron Moth|
|poke|p1|Toxtricity, F|
|poke|p2|Toxapex, F|
|poke|p2|Gliscor, F|
|poke|p2|Glimmora, F|
|poke|p2|Gholdengo|
|poke|p2|Iron Valiant|
|poke|p2|Zapdos|
|teampreview
|
|t:|1779607581
|teamsize|p1|6
|teamsize|p2|6
|start
|switch|p1a: Apollo|Iron Moth|100/100
|switch|p2a: Glimmora|Glimmora, F, shiny|100/100
|-enditem|p1a: Apollo|Booster Energy
|-activate|p1a: Apollo|ability: Quark Drive|[fromitem]
|-start|p1a: Apollo|quarkdrivespa
|turn|1
|
|t:|1779607598
|move|p2a: Glimmora|Stealth Rock|p1a: Apollo
|-sidestart|p1: Anfitrass|move: Stealth Rock
|move|p1a: Apollo|Toxic Spikes|p2a: Glimmora
|-sidestart|p2: Recsinger|move: Toxic Spikes
|
|upkeep
|turn|2
|
|t:|1779607603
|move|p2a: Glimmora|Power Gem|p1a: Apollo
|-supereffective|p1a: Apollo
|-damage|p1a: Apollo|34/100
|move|p1a: Apollo|Toxic Spikes|p2a: Glimmora
|-sidestart|p2: Recsinger|move: Toxic Spikes
|
|upkeep
|turn|3
|
|t:|1779607613
|-end|p1a: Apollo|Quark Drive|[silent]
|switch|p1a: Simon|Slowking-Galar, F|100/100
|move|p2a: Glimmora|Power Gem|p1a: Simon
|-damage|p1a: Simon|75/100
|
|upkeep
|turn|4
|
|t:|1779607625
|move|p2a: Glimmora|Power Gem|p1a: Simon
|-damage|p1a: Simon|48/100
|move|p1a: Simon|Psychic Noise|p2a: Glimmora
|-supereffective|p2a: Glimmora
|-damage|p2a: Glimmora|22/100
|-start|p2a: Glimmora|move: Heal Block
|
|upkeep
|turn|5
|
|t:|1779607654
|switch|p2a: Gholdengo|Gholdengo|100/100
|move|p1a: Simon|Psychic Noise|p2a: Gholdengo
|-resisted|p2a: Gholdengo
|-damage|p2a: Gholdengo|84/100
|-start|p2a: Gholdengo|move: Heal Block
|
|upkeep
|turn|6
|
|t:|1779607664
|switch|p1a: Totoro|Gengar, F|100/100
|-damage|p1a: Totoro|88/100|[from] Stealth Rock
|move|p2a: Gholdengo|Shadow Ball|p1a: Totoro
|-supereffective|p1a: Totoro
|-damage|p1a: Totoro|0 fnt
|-start|p2a: Gholdengo|Disable|Shadow Ball|[from] ability: Cursed Body|[of] p1a: Totoro
|faint|p1a: Totoro
|
|-end|p2a: Gholdengo|move: Heal Block
|upkeep
|
|t:|1779607678
|switch|p1a: Apollo|Iron Moth|100/100
|-damage|p1a: Apollo|88/100|[from] Stealth Rock
|turn|7
|
|t:|1779607697
|switch|p2a: Toxapex|Toxapex, F|100/100
|-sideend|p2: Recsinger|move: Toxic Spikes|[of] p2a: Toxapex
|move|p1a: Apollo|Dark Pulse|p2a: Toxapex
|-damage|p2a: Toxapex|58/100
|
|-heal|p2a: Toxapex|64/100|[from] item: Black Sludge
|upkeep
|turn|8
|
|t:|1779607709
|switch|p1a: PunkRocker|Toxtricity, F|100/100
|-damage|p1a: PunkRocker|88/100|[from] Stealth Rock
|move|p2a: Toxapex|Recover|p2a: Toxapex
|-heal|p2a: Toxapex|100/100
|
|upkeep
|turn|9
|
|t:|1779607720
|switch|p2a: Gliscor|Gliscor, F|100/100
|move|p1a: PunkRocker|Boomburst|p2a: Gliscor
|-damage|p2a: Gliscor|28/100
|-enditem|p1a: PunkRocker|Throat Spray
|-boost|p1a: PunkRocker|spa|1|[from] item: Throat Spray
|
|-status|p2a: Gliscor|tox|[from] item: Toxic Orb
|upkeep
|turn|10
|
|t:|1779607733
|move|p2a: Gliscor|Earthquake|p1a: PunkRocker
|-supereffective|p1a: PunkRocker
|-damage|p1a: PunkRocker|0 fnt
|faint|p1a: PunkRocker
|
|-heal|p2a: Gliscor|40/100 tox|[from] ability: Poison Heal
|upkeep
|
|t:|1779607750
|switch|p1a: Apollo|Iron Moth|88/100
|-damage|p1a: Apollo|76/100|[from] Stealth Rock
|turn|11
|
|t:|1779607758
|move|p1a: Apollo|Dark Pulse|p2a: Gliscor
|-damage|p2a: Gliscor|0 fnt
|faint|p2a: Gliscor
|
|upkeep
|
|t:|1779607764
|switch|p2a: Gholdengo|Gholdengo|84/100
|turn|12
|
|t:|1779607776
|move|p1a: Apollo|Dark Pulse|p2a: Gholdengo
|-supereffective|p2a: Gholdengo
|-damage|p2a: Gholdengo|0 fnt
|faint|p2a: Gholdengo
|
|upkeep
|
|t:|1779607782
|switch|p2a: Iron Valiant|Iron Valiant|100/100
|turn|13
|
|t:|1779607797
|switch|p1a: TERROR TERRÍVEL|Grafaiai, F|100/100
|move|p2a: Iron Valiant|Spirit Break|p1a: TERROR TERRÍVEL
|-resisted|p1a: TERROR TERRÍVEL
|-damage|p1a: TERROR TERRÍVEL|61/100
|-unboost|p1a: TERROR TERRÍVEL|spa|1
|
|upkeep
|turn|14
|
|t:|1779607809
|move|p1a: TERROR TERRÍVEL|Parting Shot|p2a: Iron Valiant
|-unboost|p2a: Iron Valiant|atk|1
|-unboost|p2a: Iron Valiant|spa|1
|
|t:|1779607812
|switch|p1a: Simon|Slowking-Galar, F|81/100|[from] Parting Shot
|move|p2a: Iron Valiant|Close Combat|p1a: Simon
|-resisted|p1a: Simon
|-crit|p1a: Simon
|-damage|p1a: Simon|57/100
|-unboost|p2a: Iron Valiant|def|1
|-unboost|p2a: Iron Valiant|spd|1
|
|upkeep
|turn|15
|
|t:|1779607827
|-end|p2a: Iron Valiant|Quark Drive|[silent]
|switch|p2a: Toxapex|Toxapex, F|100/100
|move|p1a: Simon|Sludge Bomb|p2a: Toxapex
|-resisted|p2a: Toxapex
|-damage|p2a: Toxapex|88/100
|
|-heal|p2a: Toxapex|94/100|[from] item: Black Sludge
|upkeep
|turn|16
|
|t:|1779607838
|move|p2a: Toxapex|Gunk Shot|p1a: Simon
|-resisted|p1a: Simon
|-crit|p1a: Simon
|-damage|p1a: Simon|34/100
|move|p1a: Simon|Psychic Noise|p2a: Toxapex
|-supereffective|p2a: Toxapex
|-damage|p2a: Toxapex|54/100
|-start|p2a: Toxapex|move: Heal Block
|
|upkeep
|turn|17
|
|t:|1779607853
|move|p2a: Toxapex|Gunk Shot|p1a: Simon
|-resisted|p1a: Simon
|-damage|p1a: Simon|21/100
|move|p1a: Simon|Psychic Noise|p2a: Toxapex
|-supereffective|p2a: Toxapex
|-damage|p2a: Toxapex|15/100
|
|-end|p2a: Toxapex|move: Heal Block
|upkeep
|turn|18
|
|t:|1779607866
|switch|p2a: Zapdos|Zapdos|100/100
|switch|p1a: TERROR TERRÍVEL|Grafaiai, F|61/100
|
|upkeep
|turn|19
|
|t:|1779607876
|move|p1a: TERROR TERRÍVEL|Knock Off|p2a: Zapdos
|-damage|p2a: Zapdos|79/100
|-enditem|p2a: Zapdos|Leftovers|[from] move: Knock Off|[of] p1a: TERROR TERRÍVEL
|move|p2a: Zapdos|Hurricane|p1a: TERROR TERRÍVEL
|-damage|p1a: TERROR TERRÍVEL|0 fnt
|faint|p1a: TERROR TERRÍVEL
|
|upkeep
|
|t:|1779607887
|switch|p1a: Apollo|Iron Moth|34/100
|-damage|p1a: Apollo|9/100|[from] Stealth Rock
|turn|20
|
|t:|1779607896
|move|p1a: Apollo|Fiery Dance|p2a: Zapdos
|-damage|p2a: Zapdos|28/100
|-boost|p1a: Apollo|spa|1
|move|p2a: Zapdos|Thunderbolt|p1a: Apollo
|-damage|p1a: Apollo|0 fnt
|faint|p1a: Apollo
|-end|p1a: Apollo|Quark Drive|[silent]
|
|upkeep
|
|t:|1779607905
|switch|p1a: Simon|Slowking-Galar, F|76/100
|-damage|p1a: Simon|64/100|[from] Stealth Rock
|turn|21
|
|t:|1779607918
|move|p1a: Simon|Sludge Bomb|p2a: Zapdos
|-damage|p2a: Zapdos|0 fnt
|faint|p2a: Zapdos
|
|upkeep
|
|t:|1779607929
|switch|p2a: Iron Valiant|Iron Valiant|100/100
|turn|22
|
|t:|1779607941
|-terastallize|p2a: Iron Valiant|Steel
|move|p1a: Simon|Sludge Bomb|p2a: Iron Valiant
|-immune|p2a: Iron Valiant
|move|p2a: Iron Valiant|Liquidation|p1a: Simon
|-damage|p1a: Simon|3/100
|replace|p1a: Harlequin|Zoroark, M, shiny
|-end|p1a: Harlequin|Illusion
|
|upkeep
|turn|23
|
|t:|1779607958
|switch|p1a: Simon|Slowking-Galar, F|54/100
|move|p2a: Iron Valiant|Spirit Break|p1a: Simon
|-resisted|p1a: Simon
|-damage|p1a: Simon|35/100
|-unboost|p1a: Simon|spa|1
|
|upkeep
|turn|24
|
|t:|1779607971
|move|p2a: Iron Valiant|Liquidation|p1a: Simon
|-crit|p1a: Simon
|-damage|p1a: Simon|0 fnt
|faint|p1a: Simon
|
|upkeep
|-message|Anfitrass forfeited.
|
|win|Recsinger
|raw|Anfitrass's rating: 1086 &rarr; <strong>1062</strong><br />(-24 for losing)
|raw|Recsinger's rating: 1069 &rarr; <strong>1100</strong><br />(+31 for winning)
|l|☆Anfitrass
|player|p1|
