|j|☆NotoriousPink
|j|☆supercatheroes2
|t:|1779611388
|gametype|singles
|player|p1|NotoriousPink|170|1134
|player|p2|supercatheroes2|red|1085
|gen|9
|tier|[Gen 9] OU
|rated|
|rule|HP Percentage Mod: HP is shown in percentages
|rule|Endless Battle Clause: Forcing endless battles is banned
|rule|Species Clause: Limit one of each Pokémon
|rule|OHKO Clause: OHKO moves are banned
|rule|Evasion Items Clause: Evasion items are banned
|rule|Evasion Moves Clause: Evasion moves are banned
|rule|Evasion Abilities Clause: Evasion abilities are banned
|rule|Sleep Moves Clause: Sleep-inducing moves are banned
|clearpoke
|poke|p1|Spidops, F|
|poke|p1|Deoxys-Defense|
|poke|p1|Corviknight, F|
|poke|p1|Weezing-Galar, M|
|poke|p1|Blissey, F|
|poke|p1|Alomomola, F|
|poke|p2|Toxapex, M|
|poke|p2|Zangoose, M|
|poke|p2|Iron Valiant|
|poke|p2|Quaquaval, M|
|poke|p2|Maushold|
|poke|p2|Garganacl, F|
|teampreview
|
|t:|1779611414
|teamsize|p1|6
|teamsize|p2|6
|start
|switch|p1a: Spidops|Spidops, F|100/100
|switch|p2a: Zangoose|Zangoose, M|100/100
|turn|1
|
|t:|1779611422
|move|p2a: Zangoose|Swords Dance|p2a: Zangoose
|-boost|p2a: Zangoose|atk|2
|move|p1a: Spidops|Knock Off|p2a: Zangoose
|-damage|p2a: Zangoose|35/100
|-enditem|p2a: Zangoose|Toxic Orb|[from] move: Knock Off|[of] p1a: Spidops
|
|upkeep
|turn|2
|
|t:|1779611434
|switch|p1a: Corviknight|Corviknight, F|100/100
|-ability|p1a: Corviknight|Pressure
|move|p2a: Zangoose|Facade|p1a: Corviknight
|-resisted|p1a: Corviknight
|-damage|p1a: Corviknight|80/100
|
|upkeep
|turn|3
|
|t:|1779611443
|move|p2a: Zangoose|Close Combat|p1a: Corviknight
|-damage|p1a: Corviknight|30/100
|-unboost|p2a: Zangoose|def|1
|-unboost|p2a: Zangoose|spd|1
|move|p1a: Corviknight|U-turn|p2a: Zangoose
|-damage|p2a: Zangoose|0 fnt
|faint|p2a: Zangoose
|
|t:|1779611448
|switch|p1a: Spidops|Spidops, F|100/100|[from] U-turn
|
|upkeep
|
|t:|1779611461
|switch|p2a: Toxapex|Toxapex, M|100/100
|turn|4
|
|t:|1779611466
|move|p1a: Spidops|Knock Off|p2a: Toxapex
|-damage|p2a: Toxapex|69/100
|-enditem|p2a: Toxapex|Black Sludge|[from] move: Knock Off|[of] p1a: Spidops
|move|p2a: Toxapex|Toxic Spikes|p1a: Spidops
|-sidestart|p1: NotoriousPink|move: Toxic Spikes
|
|upkeep
|turn|5
|
|t:|1779611477
|switch|p1a: Weezing|Weezing-Galar, M|100/100
|-ability|p1a: Weezing|Neutralizing Gas
|-sideend|p1: NotoriousPink|move: Toxic Spikes|[of] p1a: Weezing
|move|p2a: Toxapex|Toxic Spikes|p1a: Weezing
|-sidestart|p1: NotoriousPink|move: Toxic Spikes
|
|upkeep
|turn|6
|
|t:|1779611488
|move|p1a: Weezing|Will-O-Wisp|p2a: Toxapex
|-status|p2a: Toxapex|brn
|move|p2a: Toxapex|Toxic Spikes|p1a: Weezing
|-sidestart|p1: NotoriousPink|move: Toxic Spikes
|
|-damage|p2a: Toxapex|63/100 brn|[from] brn
|upkeep
|turn|7
|
|t:|1779611499
|move|p1a: Weezing|Defog|p2a: Toxapex
|-unboost|p2a: Toxapex|evasion|1
|-sideend|p1: NotoriousPink|Toxic Spikes|[from] move: Defog|[of] p1a: Weezing
|move|p2a: Toxapex|Chilling Water|p1a: Weezing
|-crit|p1a: Weezing
|-damage|p1a: Weezing|81/100
|-unboost|p1a: Weezing|atk|1
|
|-damage|p2a: Toxapex|57/100 brn|[from] brn
|upkeep
|turn|8
|
|t:|1779611512
|move|p1a: Weezing|Strange Steam|p2a: Toxapex
|-resisted|p2a: Toxapex
|-damage|p2a: Toxapex|46/100 brn
|-start|p2a: Toxapex|confusion
|-activate|p2a: Toxapex|confusion
|-damage|p2a: Toxapex|42/100 brn|[from] confusion
|
|-damage|p2a: Toxapex|36/100 brn|[from] brn
|upkeep
|turn|9
|
|t:|1779611522
|move|p1a: Weezing|Strange Steam|p2a: Toxapex
|-resisted|p2a: Toxapex
|-damage|p2a: Toxapex|23/100 brn
|-activate|p2a: Toxapex|confusion
|move|p2a: Toxapex|Chilling Water|p1a: Weezing
|-damage|p1a: Weezing|67/100
|-unboost|p1a: Weezing|atk|1
|
|-damage|p2a: Toxapex|17/100 brn|[from] brn
|upkeep
|turn|10
|
|t:|1779611532
|move|p1a: Weezing|Strange Steam|p2a: Toxapex
|-resisted|p2a: Toxapex
|-damage|p2a: Toxapex|5/100 brn
|-activate|p2a: Toxapex|confusion
|move|p2a: Toxapex|Chilling Water|p1a: Weezing
|-damage|p1a: Weezing|54/100
|-unboost|p1a: Weezing|atk|1
|
|-damage|p2a: Toxapex|0 fnt|[from] brn
|faint|p2a: Toxapex
|upkeep
|
|t:|1779611551
|switch|p2a: Maushold|Maushold|100/100
|turn|11
|
|t:|1779611569
|-end|p1a: Weezing|ability: Neutralizing Gas
|switch|p1a: Alomomola|Alomomola, F|100/100
|move|p2a: Maushold|Tidy Up|p2a: Maushold
|-boost|p2a: Maushold|atk|1
|-boost|p2a: Maushold|spe|1
|
|upkeep
|turn|12
|
|t:|1779611579
|move|p2a: Maushold|Population Bomb|p1a: Alomomola
|-damage|p1a: Alomomola|89/100
|-damage|p1a: Alomomola|78/100
|-damage|p1a: Alomomola|67/100
|-damage|p1a: Alomomola|55/100
|-hitcount|p1a: Alomomola|4
|move|p1a: Alomomola|Wish|p1a: Alomomola
|
|upkeep
|turn|13
|
|t:|1779611588
|move|p1a: Alomomola|Protect|p1a: Alomomola
|-singleturn|p1a: Alomomola|Protect
|move|p2a: Maushold|Population Bomb|p1a: Alomomola
|-activate|p1a: Alomomola|move: Protect
|
|-heal|p1a: Alomomola|100/100|[from] move: Wish|[wisher] Alomomola
|upkeep
|turn|14
|inactive|Battle timer is ON: inactive players will automatically lose when time's up. (requested by NotoriousPink)
|
|t:|1779611598
|move|p2a: Maushold|Tidy Up|p2a: Maushold
|-boost|p2a: Maushold|atk|1
|-boost|p2a: Maushold|spe|1
|move|p1a: Alomomola|Wish|p1a: Alomomola
|
|upkeep
|turn|15
|
|t:|1779611605
|move|p2a: Maushold|Tidy Up|p2a: Maushold
|-boost|p2a: Maushold|atk|1
|-boost|p2a: Maushold|spe|1
|move|p1a: Alomomola|Flip Turn|p2a: Maushold
|-damage|p2a: Maushold|74/100
|
|t:|1779611607
|switch|p1a: Spidops|Spidops, F|100/100|[from] Flip Turn
|
|upkeep
|turn|16
|
|t:|1779611617
|move|p1a: Spidops|First Impression|p2a: Maushold
|-damage|p2a: Maushold|0 fnt
|faint|p2a: Maushold
|
|upkeep
|
|t:|1779611626
|switch|p2a: Quaquaval|Quaquaval, M|100/100
|turn|17
|
|t:|1779611632
|switch|p1a: Alomomola|Alomomola, F|100/100
|move|p2a: Quaquaval|Aqua Step|p1a: Alomomola
|-resisted|p1a: Alomomola
|-damage|p1a: Alomomola|88/100
|-boost|p2a: Quaquaval|spe|1
|
|upkeep
|turn|18
|
|t:|1779611642
|move|p2a: Quaquaval|Close Combat|p1a: Alomomola
|-damage|p1a: Alomomola|48/100
|-unboost|p2a: Quaquaval|def|1
|-unboost|p2a: Quaquaval|spd|1
|move|p1a: Alomomola|Wish|p1a: Alomomola
|
|upkeep
|turn|19
|
|t:|1779611652
|switch|p1a: Weezing|Weezing-Galar, M|54/100
|-ability|p1a: Weezing|Neutralizing Gas
|move|p2a: Quaquaval|Close Combat|p1a: Weezing
|-resisted|p1a: Weezing
|-crit|p1a: Weezing
|-damage|p1a: Weezing|37/100
|-unboost|p2a: Quaquaval|def|1
|-unboost|p2a: Quaquaval|spd|1
|
|-heal|p1a: Weezing|100/100|[from] move: Wish|[wisher] Alomomola
|upkeep
|turn|20
|
|t:|1779611666
|move|p2a: Quaquaval|Aqua Step|p1a: Weezing
|-damage|p1a: Weezing|71/100
|-boost|p2a: Quaquaval|spe|1
|move|p1a: Weezing|Will-O-Wisp|p2a: Quaquaval
|-status|p2a: Quaquaval|brn
|
|-damage|p2a: Quaquaval|94/100 brn|[from] brn
|upkeep
|turn|21
|
|t:|1779611677
|switch|p2a: Garganacl|Garganacl, F|100/100
|move|p1a: Weezing|Strange Steam|p2a: Garganacl
|-damage|p2a: Garganacl|83/100
|
|-heal|p2a: Garganacl|89/100|[from] item: Leftovers
|upkeep
|turn|22
|
|t:|1779611700
|-end|p1a: Weezing|ability: Neutralizing Gas
|switch|p1a: Alomomola|Alomomola, F|81/100
|move|p2a: Garganacl|Salt Cure|p1a: Alomomola
|-damage|p1a: Alomomola|73/100
|-start|p1a: Alomomola|Salt Cure
|
|-heal|p2a: Garganacl|95/100|[from] item: Leftovers
|-damage|p1a: Alomomola|48/100|[from] Salt Cure
|upkeep
|turn|23
|
|t:|1779611715
|switch|p1a: Deoxys|Deoxys-Defense|100/100
|-ability|p1a: Deoxys|Pressure
|move|p2a: Garganacl|Recover|p2a: Garganacl
|-heal|p2a: Garganacl|100/100
|
|upkeep
|turn|24
|
|t:|1779611723
|move|p1a: Deoxys|Psychic Noise|p2a: Garganacl
|-damage|p2a: Garganacl|89/100
|-start|p2a: Garganacl|move: Heal Block
|move|p2a: Garganacl|Salt Cure|p1a: Deoxys
|-crit|p1a: Deoxys
|-damage|p1a: Deoxys|83/100
|-start|p1a: Deoxys|Salt Cure
|
|-damage|p1a: Deoxys|71/100|[from] Salt Cure
|upkeep
|turn|25
|
|t:|1779611735
|move|p2a: Garganacl|Salt Cure|p1a: Deoxys
|-damage|p1a: Deoxys|60/100
|move|p1a: Deoxys|Teleport|p1a: Deoxys
|
|t:|1779611739
|switch|p1a: Spidops|Spidops, F|100/100|[from] Teleport
|
|-end|p2a: Garganacl|move: Heal Block
|upkeep
|turn|26
|
|t:|1779611746
|move|p2a: Garganacl|Salt Cure|p1a: Spidops
|-supereffective|p1a: Spidops
|-crit|p1a: Spidops
|-damage|p1a: Spidops|53/100
|-start|p1a: Spidops|Salt Cure
|move|p1a: Spidops|Knock Off|p2a: Garganacl
|-damage|p2a: Garganacl|59/100
|-enditem|p2a: Garganacl|Leftovers|[from] move: Knock Off|[of] p1a: Spidops
|
|-damage|p1a: Spidops|41/100|[from] Salt Cure
|upkeep
|turn|27
|
|t:|1779611757
|switch|p1a: Deoxys|Deoxys-Defense|60/100
|-ability|p1a: Deoxys|Pressure
|move|p2a: Garganacl|Recover|p2a: Garganacl
|-heal|p2a: Garganacl|100/100
|
|upkeep
|turn|28
|
|t:|1779611765
|move|p1a: Deoxys|Recover|p1a: Deoxys
|-heal|p1a: Deoxys|100/100
|move|p2a: Garganacl|Salt Cure|p1a: Deoxys
|-damage|p1a: Deoxys|91/100
|-start|p1a: Deoxys|Salt Cure
|
|-damage|p1a: Deoxys|78/100|[from] Salt Cure
|upkeep
|turn|29
|
|t:|1779611779
|move|p2a: Garganacl|Stealth Rock|p1a: Deoxys
|-sidestart|p1: NotoriousPink|move: Stealth Rock
|move|p1a: Deoxys|Teleport|p1a: Deoxys
|
|t:|1779611782
|switch|p1a: Alomomola|Alomomola, F|81/100|[from] Teleport
|
|upkeep
|turn|30
|
|t:|1779611788
|switch|p1a: Deoxys|Deoxys-Defense|78/100
|-ability|p1a: Deoxys|Pressure
|move|p2a: Garganacl|Salt Cure|p1a: Deoxys
|-damage|p1a: Deoxys|68/100
|-start|p1a: Deoxys|Salt Cure
|
|-damage|p1a: Deoxys|56/100|[from] Salt Cure
|upkeep
|turn|31
|
|t:|1779611802
|move|p1a: Deoxys|Recover|p1a: Deoxys
|-heal|p1a: Deoxys|100/100
|move|p2a: Garganacl|Salt Cure|p1a: Deoxys
|-damage|p1a: Deoxys|90/100
|
|-damage|p1a: Deoxys|78/100|[from] Salt Cure
|upkeep
|turn|32
|
|t:|1779611813
|move|p1a: Deoxys|Protect|p1a: Deoxys
|-singleturn|p1a: Deoxys|Protect
|move|p2a: Garganacl|Salt Cure|p1a: Deoxys
|-activate|p1a: Deoxys|move: Protect
|
|-damage|p1a: Deoxys|65/100|[from] Salt Cure
|upkeep
|turn|33
|
|t:|1779611827
|move|p2a: Garganacl|Salt Cure|p1a: Deoxys
|-damage|p1a: Deoxys|55/100
|move|p1a: Deoxys|Teleport|p1a: Deoxys
|
|t:|1779611829
|switch|p1a: Alomomola|Alomomola, F|100/100|[from] Teleport
|
|upkeep
|turn|34
|
|t:|1779611836
|switch|p1a: Deoxys|Deoxys-Defense|55/100
|-ability|p1a: Deoxys|Pressure
|move|p2a: Garganacl|Salt Cure|p1a: Deoxys
|-damage|p1a: Deoxys|44/100
|-start|p1a: Deoxys|Salt Cure
|
|-damage|p1a: Deoxys|31/100|[from] Salt Cure
|upkeep
|turn|35
|
|t:|1779611851
|switch|p2a: Iron Valiant|Iron Valiant|100/100
|-enditem|p2a: Iron Valiant|Booster Energy
|-activate|p2a: Iron Valiant|ability: Quark Drive|[fromitem]
|-start|p2a: Iron Valiant|quarkdrivespe
|move|p1a: Deoxys|Recover|p1a: Deoxys
|-heal|p1a: Deoxys|81/100
|
|-damage|p1a: Deoxys|69/100|[from] Salt Cure
|upkeep
|turn|36
|
|t:|1779611867
|-terastallize|p2a: Iron Valiant|Fairy
|move|p2a: Iron Valiant|Swords Dance|p2a: Iron Valiant
|-boost|p2a: Iron Valiant|atk|2
|move|p1a: Deoxys|Teleport|p1a: Deoxys
|
|t:|1779611870
|switch|p1a: Weezing|Weezing-Galar, M|71/100|[from] Teleport
|-ability|p1a: Weezing|Neutralizing Gas
|
|upkeep
|turn|37
|
|t:|1779611891
|move|p2a: Iron Valiant|Close Combat|p1a: Weezing
|-resisted|p1a: Weezing
|-damage|p1a: Weezing|51/100
|-unboost|p2a: Iron Valiant|def|1
|-unboost|p2a: Iron Valiant|spd|1
|move|p1a: Weezing|Will-O-Wisp|p2a: Iron Valiant
|-status|p2a: Iron Valiant|brn
|
|-damage|p2a: Iron Valiant|94/100 brn|[from] brn
|upkeep
|turn|38
|
|t:|1779611907
|-end|p1a: Weezing|ability: Neutralizing Gas
|switch|p1a: Deoxys|Deoxys-Defense|69/100
|-ability|p1a: Deoxys|Pressure
|move|p2a: Iron Valiant|Swords Dance|p2a: Iron Valiant
|-boost|p2a: Iron Valiant|atk|2
|
|-damage|p2a: Iron Valiant|88/100 brn|[from] brn
|upkeep
|turn|39
|
|t:|1779611918
|move|p2a: Iron Valiant|Knock Off|p1a: Deoxys
|-supereffective|p1a: Deoxys
|-damage|p1a: Deoxys|0 fnt
|-enditem|p1a: Deoxys|Heavy-Duty Boots|[from] move: Knock Off|[of] p2a: Iron Valiant
|faint|p1a: Deoxys
|
|-damage|p2a: Iron Valiant|82/100 brn|[from] brn
|upkeep
|
|t:|1779611921
|switch|p1a: Spidops|Spidops, F|41/100
|-damage|p1a: Spidops|16/100|[from] Stealth Rock
|turn|40
|
|t:|1779611936
|move|p1a: Spidops|First Impression|p2a: Iron Valiant
|-resisted|p2a: Iron Valiant
|-damage|p2a: Iron Valiant|32/100 brn
|move|p2a: Iron Valiant|Swords Dance|p2a: Iron Valiant
|-boost|p2a: Iron Valiant|atk|2
|
|-damage|p2a: Iron Valiant|26/100 brn|[from] brn
|upkeep
|turn|41
|
|t:|1779611951
|switch|p1a: Corviknight|Corviknight, F|30/100
|-ability|p1a: Corviknight|Pressure
|move|p2a: Iron Valiant|Knock Off|p1a: Corviknight
|-damage|p1a: Corviknight|0 fnt
|-enditem|p1a: Corviknight|Heavy-Duty Boots|[from] move: Knock Off|[of] p2a: Iron Valiant
|faint|p1a: Corviknight
|
|-damage|p2a: Iron Valiant|20/100 brn|[from] brn
|upkeep
|
|t:|1779611956
|switch|p1a: Alomomola|Alomomola, F|100/100
|turn|42
|inactive|supercatheroes2 has 120 seconds left.
|
|t:|1779611981
|move|p2a: Iron Valiant|Close Combat|p1a: Alomomola
|-damage|p1a: Alomomola|25/100
|-unboost|p2a: Iron Valiant|def|1
|-unboost|p2a: Iron Valiant|spd|1
|move|p1a: Alomomola|Wish|p1a: Alomomola
|
|-damage|p2a: Iron Valiant|13/100 brn|[from] brn
|upkeep
|turn|43
|inactive|supercatheroes2 has 120 seconds left.
|
|t:|1779611991
|switch|p1a: Weezing|Weezing-Galar, M|51/100
|-ability|p1a: Weezing|Neutralizing Gas
|move|p2a: Iron Valiant|Close Combat|p1a: Weezing
|-resisted|p1a: Weezing
|-damage|p1a: Weezing|29/100
|-unboost|p2a: Iron Valiant|def|1
|-unboost|p2a: Iron Valiant|spd|1
|
|-heal|p1a: Weezing|99/100|[from] move: Wish|[wisher] Alomomola
|-damage|p2a: Iron Valiant|7/100 brn|[from] brn
|upkeep
|turn|44
|inactive|supercatheroes2 has 120 seconds left.
|
|t:|1779612006
|move|p2a: Iron Valiant|Knock Off|p1a: Weezing
|-resisted|p1a: Weezing
|-damage|p1a: Weezing|77/100
|-enditem|p1a: Weezing|Heavy-Duty Boots|[from] move: Knock Off|[of] p2a: Iron Valiant
|move|p1a: Weezing|Strange Steam|p2a: Iron Valiant
|-damage|p2a: Iron Valiant|0 fnt
|faint|p2a: Iron Valiant
|-end|p2a: Iron Valiant|Quark Drive|[silent]
|
|upkeep
|inactive|supercatheroes2 has 120 seconds left.
|
|t:|1779612015
|switch|p2a: Garganacl|Garganacl, F|100/100
|turn|45
|
|t:|1779612021
|move|p1a: Weezing|Defog|p2a: Garganacl
|-unboost|p2a: Garganacl|evasion|1
|-sideend|p1: NotoriousPink|Stealth Rock|[from] move: Defog|[of] p1a: Weezing
|move|p2a: Garganacl|Salt Cure|p1a: Weezing
|-damage|p1a: Weezing|68/100
|-start|p1a: Weezing|Salt Cure
|
|-damage|p1a: Weezing|55/100|[from] Salt Cure
|upkeep
|turn|46
|
|t:|1779612033
|-end|p1a: Weezing|ability: Neutralizing Gas
|switch|p1a: Blissey|Blissey, F|100/100
|move|p2a: Garganacl|Salt Cure|p1a: Blissey
|-damage|p1a: Blissey|86/100
|-start|p1a: Blissey|Salt Cure
|
|-damage|p1a: Blissey|73/100|[from] Salt Cure
|upkeep
|turn|47
|
|t:|1779612044
|move|p1a: Blissey|Seismic Toss|p2a: Garganacl
|-damage|p2a: Garganacl|76/100
|move|p2a: Garganacl|Salt Cure|p1a: Blissey
|-damage|p1a: Blissey|60/100
|
|-damage|p1a: Blissey|47/100|[from] Salt Cure
|upkeep
|turn|48
|
|t:|1779612055
|move|p1a: Blissey|Soft-Boiled|p1a: Blissey
|-heal|p1a: Blissey|97/100
|move|p2a: Garganacl|Salt Cure|p1a: Blissey
|-damage|p1a: Blissey|84/100
|
|-damage|p1a: Blissey|71/100|[from] Salt Cure
|upkeep
|turn|49
|
|t:|1779612068
|move|p1a: Blissey|Stealth Rock|p2a: Garganacl
|-sidestart|p2: supercatheroes2|move: Stealth Rock
|move|p2a: Garganacl|Body Press|p1a: Blissey
|-supereffective|p1a: Blissey
|-damage|p1a: Blissey|23/100
|
|-damage|p1a: Blissey|10/100|[from] Salt Cure
|upkeep
|turn|50
|
|t:|1779612084
|-terastallize|p1a: Blissey|Fairy
|move|p1a: Blissey|Soft-Boiled|p1a: Blissey
|-heal|p1a: Blissey|60/100
|move|p2a: Garganacl|Body Press|p1a: Blissey
|-resisted|p1a: Blissey
|-damage|p1a: Blissey|49/100
|
|-damage|p1a: Blissey|36/100|[from] Salt Cure
|upkeep
|turn|51
|
|t:|1779612101
|switch|p2a: Quaquaval|Quaquaval, M|94/100 brn
|-damage|p2a: Quaquaval|88/100 brn|[from] Stealth Rock
|move|p1a: Blissey|Soft-Boiled|p1a: Blissey
|-heal|p1a: Blissey|87/100
|
|-heal|p2a: Quaquaval|94/100 brn|[from] item: Leftovers
|-damage|p2a: Quaquaval|88/100 brn|[from] brn
|-damage|p1a: Blissey|74/100|[from] Salt Cure
|upkeep
|turn|52
|
|t:|1779612112
|switch|p1a: Alomomola|Alomomola, F|58/100
|move|p2a: Quaquaval|Aqua Step|p1a: Alomomola
|-resisted|p1a: Alomomola
|-damage|p1a: Alomomola|51/100
|-boost|p2a: Quaquaval|spe|1
|
|-heal|p2a: Quaquaval|94/100 brn|[from] item: Leftovers
|-damage|p2a: Quaquaval|88/100 brn|[from] brn
|upkeep
|turn|53
|
|t:|1779612124
|move|p2a: Quaquaval|Close Combat|p1a: Alomomola
|-damage|p1a: Alomomola|32/100
|-unboost|p2a: Quaquaval|def|1
|-unboost|p2a: Quaquaval|spd|1
|move|p1a: Alomomola|Wish|p1a: Alomomola
|
|-heal|p2a: Quaquaval|94/100 brn|[from] item: Leftovers
|-damage|p2a: Quaquaval|88/100 brn|[from] brn
|upkeep
|turn|54
|
|t:|1779612134
|move|p1a: Alomomola|Protect|p1a: Alomomola
|-singleturn|p1a: Alomomola|Protect
|move|p2a: Quaquaval|Close Combat|p1a: Alomomola
|-activate|p1a: Alomomola|move: Protect
|
|-heal|p1a: Alomomola|82/100|[from] move: Wish|[wisher] Alomomola
|-heal|p2a: Quaquaval|94/100 brn|[from] item: Leftovers
|-damage|p2a: Quaquaval|88/100 brn|[from] brn
|upkeep
|turn|55
|
|t:|1779612150
|move|p2a: Quaquaval|Close Combat|p1a: Alomomola
|-damage|p1a: Alomomola|62/100
|-unboost|p2a: Quaquaval|def|1
|-unboost|p2a: Quaquaval|spd|1
|move|p1a: Alomomola|Wish|p1a: Alomomola
|
|-heal|p2a: Quaquaval|94/100 brn|[from] item: Leftovers
|-damage|p2a: Quaquaval|88/100 brn|[from] brn
|upkeep
|turn|56
|inactive|supercatheroes2 has 120 seconds left.
|inactive|supercatheroes2 has 90 seconds left.
|inactive|supercatheroes2 has 60 seconds left.
|inactive|supercatheroes2 has 30 seconds left.
|inactive|supercatheroes2 has 20 seconds left.
|inactive|supercatheroes2 has 15 seconds left.
|inactive|supercatheroes2 has 10 seconds left.
|inactive|supercatheroes2 has 5 seconds left.
|-message|supercatheroes2 lost due to inactivity.
|
|win|NotoriousPink
|raw|NotoriousPink's rating: 1134 &rarr; <strong>1155</strong><br />(+21 for winning)
|raw|supercatheroes2's rating: 1085 &rarr; <strong>1065</strong><br />(-20 for losing)
|l|☆NotoriousPink
|player|p1|
