|j|☆acerrillo6970
|j|☆fregene97
|t:|1779563615
|gametype|singles
|player|p1|acerrillo6970|2|1343
|player|p2|fregene97|camper|1326
|gen|9
|tier|[Gen 9] OU
|rated|
|rule|HP Percentage Mod: HP is shown in percentages
|rule|Endless Battle Clause: Forcing endless battles is banned
|rule|Species Clause: Limit one of each Pokémon
|rule|OHKO Clause: OHKO moves are banned
|rule|Evasion Items Clause: Evasion items are banned
|rule|Evasion Moves Clause: Evasion moves are banned
|rule|Evasion Abilities Clause: Evasion abilities are banned
|rule|Sleep Moves Clause: Sleep-inducing moves are banned
|clearpoke
|poke|p1|Flamigo, M|
|poke|p1|Tentacruel, M|
|poke|p1|Meowscarada, F|
|poke|p1|Comfey, F|
|poke|p1|Darkrai|
|poke|p1|Cramorant, F|
|poke|p2|Gholdengo|
|poke|p2|Hitmonlee, M|
|poke|p2|Rillaboom, M|
|poke|p2|Samurott-Hisui, M|
|poke|p2|Glimmora, M|
|poke|p2|Raging Bolt|
|teampreview
|
|t:|1779563622
|teamsize|p1|6
|teamsize|p2|6
|start
|switch|p1a: Darkrai|Darkrai|100/100
|switch|p2a: Rillaboom|Rillaboom, M, shiny|100/100
|-fieldstart|move: Grassy Terrain|[from] ability: Grassy Surge|[of] p2a: Rillaboom
|turn|1
|
|t:|1779563635
|-terastallize|p2a: Rillaboom|Electric
|move|p1a: Darkrai|Sludge Bomb|p2a: Rillaboom
|-damage|p2a: Rillaboom|56/100
|-status|p2a: Rillaboom|psn
|move|p2a: Rillaboom|Swords Dance|p2a: Rillaboom
|-boost|p2a: Rillaboom|atk|2
|
|-heal|p2a: Rillaboom|62/100 psn|[from] Grassy Terrain
|-damage|p2a: Rillaboom|50/100 psn|[from] psn
|upkeep
|turn|2
|
|t:|1779563656
|switch|p1a: Cramorant|Cramorant, F|100/100
|move|p2a: Rillaboom|Grassy Glide|p1a: Cramorant
|-damage|p1a: Cramorant|0 fnt
|faint|p1a: Cramorant
|-damage|p2a: Rillaboom|40/100 psn|[from] item: Life Orb
|
|-heal|p2a: Rillaboom|46/100 psn|[from] Grassy Terrain
|-damage|p2a: Rillaboom|34/100 psn|[from] psn
|upkeep
|
|t:|1779563670
|switch|p1a: Tentacruel|Tentacruel, M|100/100
|turn|3
|
|t:|1779563674
|move|p2a: Rillaboom|High Horsepower|p1a: Tentacruel
|-supereffective|p1a: Tentacruel
|-damage|p1a: Tentacruel|0 fnt
|faint|p1a: Tentacruel
|-damage|p2a: Rillaboom|24/100 psn|[from] item: Life Orb
|
|-heal|p2a: Rillaboom|30/100 psn|[from] Grassy Terrain
|-damage|p2a: Rillaboom|18/100 psn|[from] psn
|upkeep
|
|t:|1779563677
|switch|p1a: Comfey|Comfey, F|100/100
|turn|4
|
|t:|1779563679
|move|p1a: Comfey|Draining Kiss|p2a: Rillaboom
|-damage|p2a: Rillaboom|0 fnt
|faint|p2a: Rillaboom
|
|upkeep
|
|t:|1779563681
|switch|p2a: Glimmora|Glimmora, M, shiny|100/100
|turn|5
|
|t:|1779563688
|switch|p1a: Darkrai|Darkrai|100/100
|move|p2a: Glimmora|Mortal Spin|p1a: Darkrai
|-damage|p1a: Darkrai|92/100
|-status|p1a: Darkrai|psn
|
|-heal|p1a: Darkrai|98/100 psn|[from] Grassy Terrain
|-heal|p1a: Darkrai|100/100 psn|[from] item: Leftovers
|-damage|p1a: Darkrai|88/100 psn|[from] psn
|-fieldend|move: Grassy Terrain
|upkeep
|turn|6
|inactive|Battle timer is ON: inactive players will automatically lose when time's up. (requested by fregene97)
|
|t:|1779563705
|move|p1a: Darkrai|Nasty Plot|p1a: Darkrai
|-boost|p1a: Darkrai|spa|2
|move|p2a: Glimmora|Power Gem|p1a: Darkrai
|-damage|p1a: Darkrai|40/100 psn
|
|-heal|p1a: Darkrai|46/100 psn|[from] item: Leftovers
|-damage|p1a: Darkrai|33/100 psn|[from] psn
|upkeep
|turn|7
|
|t:|1779563708
|move|p1a: Darkrai|Psychic|p2a: Glimmora
|-supereffective|p2a: Glimmora
|-damage|p2a: Glimmora|0 fnt
|faint|p2a: Glimmora
|
|-heal|p1a: Darkrai|39/100 psn|[from] item: Leftovers
|-damage|p1a: Darkrai|27/100 psn|[from] psn
|upkeep
|
|t:|1779563723
|switch|p2a: Hitmonlee|Hitmonlee, M|100/100
|turn|8
|
|t:|1779563727
|move|p2a: Hitmonlee|Bullet Punch|p1a: Darkrai
|-damage|p1a: Darkrai|8/100 psn
|move|p1a: Darkrai|Psychic|p2a: Hitmonlee
|-supereffective|p2a: Hitmonlee
|-damage|p2a: Hitmonlee|0 fnt
|faint|p2a: Hitmonlee
|
|-heal|p1a: Darkrai|14/100 psn|[from] item: Leftovers
|-damage|p1a: Darkrai|2/100 psn|[from] psn
|upkeep
|
|t:|1779563731
|switch|p2a: Samurott|Samurott-Hisui, M, shiny|100/100
|turn|9
|
|t:|1779563737
|move|p2a: Samurott|Aqua Jet|p1a: Darkrai
|-damage|p1a: Darkrai|0 fnt
|faint|p1a: Darkrai
|
|upkeep
|
|t:|1779563743
|switch|p1a: Flamigo|Flamigo, M|100/100
|turn|10
|
|t:|1779563746
|move|p1a: Flamigo|Close Combat|p2a: Samurott
|-supereffective|p2a: Samurott
|-damage|p2a: Samurott|0 fnt
|-unboost|p1a: Flamigo|def|1
|-unboost|p1a: Flamigo|spd|1
|faint|p2a: Samurott
|
|upkeep
|
|t:|1779563749
|switch|p2a: Raging Bolt|Raging Bolt|100/100
|-enditem|p2a: Raging Bolt|Booster Energy
|-activate|p2a: Raging Bolt|ability: Protosynthesis|[fromitem]
|-start|p2a: Raging Bolt|protosynthesisspa
|turn|11
|
|t:|1779563752
|switch|p1a: Meowscarada|Meowscarada, F|100/100
|move|p2a: Raging Bolt|Thunderbolt|p1a: Meowscarada
|-resisted|p1a: Meowscarada
|-damage|p1a: Meowscarada|45/100
|
|upkeep
|turn|12
|
|t:|1779563755
|move|p2a: Raging Bolt|Thunderclap|p1a: Meowscarada
|-resisted|p1a: Meowscarada
|-damage|p1a: Meowscarada|3/100
|move|p1a: Meowscarada|Knock Off|p2a: Raging Bolt
|-start|p1a: Meowscarada|typechange|Dark|[from] ability: Protean
|-damage|p2a: Raging Bolt|62/100
|
|upkeep
|turn|13
|
|t:|1779563760
|move|p1a: Meowscarada|Knock Off|p2a: Raging Bolt
|-damage|p2a: Raging Bolt|20/100
|move|p2a: Raging Bolt|Dragon Pulse|p1a: Meowscarada
|-damage|p1a: Meowscarada|0 fnt
|faint|p1a: Meowscarada
|
|upkeep
|
|t:|1779563763
|switch|p1a: Comfey|Comfey, F|100/100
|turn|14
|
|t:|1779563767
|-terastallize|p1a: Comfey|Ground
|move|p2a: Raging Bolt|Thunderclap||[still]
|-fail|p2a: Raging Bolt
|move|p1a: Comfey|Calm Mind|p1a: Comfey
|-boost|p1a: Comfey|spa|1
|-boost|p1a: Comfey|spd|1
|
|upkeep
|turn|15
|
|t:|1779563771
|move|p1a: Comfey|Calm Mind|p1a: Comfey
|-boost|p1a: Comfey|spa|1
|-boost|p1a: Comfey|spd|1
|move|p2a: Raging Bolt|Dragon Pulse|p1a: Comfey
|-damage|p1a: Comfey|60/100
|
|upkeep
|turn|16
|
|t:|1779563773
|move|p1a: Comfey|Calm Mind|p1a: Comfey
|-boost|p1a: Comfey|spa|1
|-boost|p1a: Comfey|spd|1
|move|p2a: Raging Bolt|Dragon Pulse|p1a: Comfey
|-damage|p1a: Comfey|28/100
|
|upkeep
|turn|17
|
|t:|1779563776
|move|p1a: Comfey|Draining Kiss|p2a: Raging Bolt
|-supereffective|p2a: Raging Bolt
|-damage|p2a: Raging Bolt|0 fnt
|-heal|p1a: Comfey|51/100|[from] drain|[of] p2a: Raging Bolt
|faint|p2a: Raging Bolt
|-end|p2a: Raging Bolt|Protosynthesis|[silent]
|
|upkeep
|
|t:|1779563778
|switch|p2a: Gholdengo|Gholdengo, shiny|100/100
|turn|18
|
|t:|1779563783
|move|p1a: Comfey|Stored Power|p2a: Gholdengo
|-resisted|p2a: Gholdengo
|-damage|p2a: Gholdengo|50/100
|move|p2a: Gholdengo|Shadow Ball|p1a: Comfey
|-damage|p1a: Comfey|33/100
|
|upkeep
|turn|19
|
|t:|1779563786
|move|p1a: Comfey|Draining Kiss|p2a: Gholdengo
|-resisted|p2a: Gholdengo
|-damage|p2a: Gholdengo|20/100
|-heal|p1a: Comfey|65/100|[from] drain|[of] p2a: Gholdengo
|move|p2a: Gholdengo|Shadow Ball|p1a: Comfey
|-damage|p1a: Comfey|50/100
|
|upkeep
|turn|20
|
|t:|1779563789
|move|p1a: Comfey|Draining Kiss|p2a: Gholdengo
|-resisted|p2a: Gholdengo
|-damage|p2a: Gholdengo|0 fnt
|-heal|p1a: Comfey|70/100|[from] drain|[of] p2a: Gholdengo
|faint|p2a: Gholdengo
|
|win|acerrillo6970
|raw|acerrillo6970's rating: 1343 &rarr; <strong>1363</strong><br />(+20 for winning)
|raw|fregene97's rating: 1345 &rarr; <strong>1325</strong><br />(-20 for losing)
|l|☆fregene97
|player|p2|
|l|☆acerrillo6970
|player|p1|
