|j|☆cr aries
|j|☆LT02
|t:|1779622164
|gametype|singles
|player|p1|cr aries|sisandbro|1363
|player|p2|LT02|2|1368
|gen|9
|tier|[Gen 9] OU
|rated|
|rule|HP Percentage Mod: HP is shown in percentages
|rule|Endless Battle Clause: Forcing endless battles is banned
|rule|Species Clause: Limit one of each Pokémon
|rule|OHKO Clause: OHKO moves are banned
|rule|Evasion Items Clause: Evasion items are banned
|rule|Evasion Moves Clause: Evasion moves are banned
|rule|Evasion Abilities Clause: Evasion abilities are banned
|rule|Sleep Moves Clause: Sleep-inducing moves are banned
|clearpoke
|poke|p1|Sandy Shocks|
|poke|p1|Gholdengo|
|poke|p1|Clefable, M|
|poke|p1|Great Tusk|
|poke|p1|Slowking-Galar, F|
|poke|p1|Weavile, F|
|poke|p2|Hoopa-Unbound|
|poke|p2|Slowking-Galar, M|
|poke|p2|Rillaboom, F|
|poke|p2|Alomomola, F|
|poke|p2|Cinderace, F|
|poke|p2|Ting-Lu|
|teampreview
|inactive|Battle timer is ON: inactive players will automatically lose when time's up. (requested by LT02)
|inactive|cr aries has 120 seconds left.
|
|t:|1779622198
|teamsize|p1|6
|teamsize|p2|6
|start
|switch|p1a: Sandy Shocks|Sandy Shocks|100/100
|switch|p2a: Rillaboom|Rillaboom, F|100/100
|-fieldstart|move: Grassy Terrain|[from] ability: Grassy Surge|[of] p2a: Rillaboom
|-enditem|p1a: Sandy Shocks|Booster Energy
|-activate|p1a: Sandy Shocks|ability: Protosynthesis|[fromitem]
|-start|p1a: Sandy Shocks|protosynthesisspe
|turn|1
|
|t:|1779622206
|-end|p1a: Sandy Shocks|Protosynthesis|[silent]
|switch|p1a: Gholdengo|Gholdengo|100/100
|move|p2a: Rillaboom|Grassy Glide|p1a: Gholdengo
|-resisted|p1a: Gholdengo
|-damage|p1a: Gholdengo|80/100
|
|-heal|p1a: Gholdengo|86/100|[from] Grassy Terrain
|upkeep
|turn|2
|
|t:|1779622220
|switch|p2a: Ting-Lu|Ting-Lu|100/100
|-ability|p2a: Ting-Lu|Vessel of Ruin
|move|p1a: Gholdengo|Shadow Ball|p2a: Ting-Lu
|-resisted|p2a: Ting-Lu
|-crit|p2a: Ting-Lu
|-damage|p2a: Ting-Lu|84/100
|-unboost|p2a: Ting-Lu|spd|1
|
|-heal|p1a: Gholdengo|92/100|[from] Grassy Terrain
|-heal|p2a: Ting-Lu|90/100|[from] Grassy Terrain
|-heal|p2a: Ting-Lu|96/100|[from] item: Leftovers
|upkeep
|turn|3
|inactive|LT02 has 120 seconds left.
|
|t:|1779622256
|switch|p1a: Clefable|Clefable, M|100/100
|move|p2a: Ting-Lu|Ruination|p1a: Clefable
|-damage|p1a: Clefable|50/100
|
|-heal|p1a: Clefable|57/100|[from] Grassy Terrain
|-heal|p2a: Ting-Lu|100/100|[from] Grassy Terrain
|upkeep
|turn|4
|inactive|LT02 has 120 seconds left.
|j| norwaytm
|
|t:|1779622265
|move|p1a: Clefable|Moonblast|p2a: Ting-Lu
|-supereffective|p2a: Ting-Lu
|-damage|p2a: Ting-Lu|0 fnt
|faint|p2a: Ting-Lu
|
|-heal|p1a: Clefable|63/100|[from] Grassy Terrain
|upkeep
|l| norwaytm
|inactive|LT02 has 120 seconds left.
|
|t:|1779622273
|switch|p2a: Rillaboom|Rillaboom, F|100/100
|turn|5
|
|t:|1779622288
|switch|p1a: Gholdengo|Gholdengo|92/100
|move|p2a: Rillaboom|Wood Hammer|p1a: Gholdengo
|-resisted|p1a: Gholdengo
|-damage|p1a: Gholdengo|47/100
|-damage|p2a: Rillaboom|85/100|[from] Recoil
|
|-heal|p2a: Rillaboom|91/100|[from] Grassy Terrain
|-heal|p1a: Gholdengo|53/100|[from] Grassy Terrain
|-fieldend|move: Grassy Terrain
|upkeep
|turn|6
|
|t:|1779622302
|switch|p2a: Cinderace|Cinderace, F|100/100
|move|p1a: Gholdengo|Recover|p1a: Gholdengo
|-heal|p1a: Gholdengo|100/100
|
|upkeep
|turn|7
|
|t:|1779622307
|switch|p1a: Great Tusk|Great Tusk|100/100
|move|p2a: Cinderace|U-turn|p1a: Great Tusk
|-resisted|p1a: Great Tusk
|-damage|p1a: Great Tusk|96/100
|
|t:|1779622315
|switch|p2a: Rillaboom|Rillaboom, F|91/100|[from] U-turn
|-fieldstart|move: Grassy Terrain|[from] ability: Grassy Surge|[of] p2a: Rillaboom
|
|-heal|p2a: Rillaboom|97/100|[from] Grassy Terrain
|-heal|p1a: Great Tusk|100/100|[from] Grassy Terrain
|upkeep
|turn|8
|
|t:|1779622329
|move|p2a: Rillaboom|Knock Off|p1a: Great Tusk
|-resisted|p1a: Great Tusk
|-damage|p1a: Great Tusk|89/100
|-enditem|p1a: Great Tusk|Leftovers|[from] move: Knock Off|[of] p2a: Rillaboom
|move|p1a: Great Tusk|Ice Spinner|p2a: Rillaboom
|-supereffective|p2a: Rillaboom
|-damage|p2a: Rillaboom|46/100
|-fieldend|move: Grassy Terrain
|
|upkeep
|turn|9
|
|t:|1779622336
|switch|p2a: Alomomola|Alomomola, F|100/100
|move|p1a: Great Tusk|Stealth Rock|p2a: Alomomola
|-sidestart|p2: LT02|move: Stealth Rock
|
|upkeep
|turn|10
|
|t:|1779622363
|-end|p1a: Great Tusk|Protosynthesis|[silent]
|switch|p1a: Slowking|Slowking-Galar, F|100/100
|move|p2a: Alomomola|Tickle|p1a: Slowking
|-unboost|p1a: Slowking|atk|1
|-unboost|p1a: Slowking|def|1
|
|upkeep
|turn|11
|
|t:|1779622369
|move|p2a: Alomomola|Flip Turn|p1a: Slowking
|-damage|p1a: Slowking|74/100
|
|t:|1779622371
|switch|p2a: Hoopa|Hoopa-Unbound|100/100|[from] Flip Turn
|-damage|p2a: Hoopa|88/100|[from] Stealth Rock
|-prepare|p1a: Slowking|Chilly Reception|[premajor]
|move|p1a: Slowking|Chilly Reception|p1a: Slowking
|-weather|Snowscape
|inactive|cr aries has 120 seconds left.
|
|t:|1779622401
|switch|p1a: Weavile|Weavile, F|100/100|[from] Chilly Reception
|
|-weather|Snowscape|[upkeep]
|upkeep
|turn|12
|
|t:|1779622409
|switch|p2a: Alomomola|Alomomola, F|100/100
|-damage|p2a: Alomomola|88/100|[from] Stealth Rock
|move|p1a: Weavile|Knock Off|p2a: Alomomola
|-damage|p2a: Alomomola|63/100
|-damage|p1a: Weavile|84/100|[from] item: Rocky Helmet|[of] p2a: Alomomola
|-enditem|p2a: Alomomola|Rocky Helmet|[from] move: Knock Off|[of] p1a: Weavile
|
|-weather|Snowscape|[upkeep]
|upkeep
|turn|13
|
|t:|1779622416
|switch|p1a: Clefable|Clefable, M|63/100
|move|p2a: Alomomola|Flip Turn|p1a: Clefable
|-damage|p1a: Clefable|43/100
|
|t:|1779622418
|switch|p2a: Cinderace|Cinderace, F|100/100|[from] Flip Turn
|
|-weather|Snowscape|[upkeep]
|upkeep
|turn|14
|
|t:|1779622421
|move|p2a: Cinderace|Pyro Ball|p1a: Clefable
|-damage|p1a: Clefable|0 fnt
|faint|p1a: Clefable
|
|-weather|Snowscape|[upkeep]
|upkeep
|
|t:|1779622423
|switch|p1a: Sandy Shocks|Sandy Shocks|100/100
|turn|15
|
|t:|1779622427
|move|p2a: Cinderace|Court Change|p2a: Cinderace
|-swapsideconditions
|-activate|p2a: Cinderace|move: Court Change
|move|p1a: Sandy Shocks|Spikes|p2a: Cinderace
|-sidestart|p2: LT02|Spikes
|
|-weather|none
|upkeep
|turn|16
|
|t:|1779622433
|move|p2a: Cinderace|U-turn|p1a: Sandy Shocks
|-damage|p1a: Sandy Shocks|81/100
|
|t:|1779622434
|switch|p2a: Rillaboom|Rillaboom, F|46/100|[from] U-turn
|-damage|p2a: Rillaboom|34/100|[from] Spikes
|-fieldstart|move: Grassy Terrain|[from] ability: Grassy Surge|[of] p2a: Rillaboom
|move|p1a: Sandy Shocks|Earth Power|p2a: Rillaboom
|-resisted|p2a: Rillaboom
|-damage|p2a: Rillaboom|5/100
|
|-heal|p1a: Sandy Shocks|87/100|[from] Grassy Terrain
|-heal|p2a: Rillaboom|11/100|[from] Grassy Terrain
|upkeep
|turn|17
|
|t:|1779622438
|-end|p1a: Sandy Shocks|Protosynthesis|[silent]
|switch|p1a: Gholdengo|Gholdengo|100/100
|-damage|p1a: Gholdengo|94/100|[from] Stealth Rock
|move|p2a: Rillaboom|U-turn|p1a: Gholdengo
|-resisted|p1a: Gholdengo
|-damage|p1a: Gholdengo|88/100
|
|t:|1779622442
|switch|p2a: Alomomola|Alomomola, F|96/100|[from] U-turn
|-damage|p2a: Alomomola|84/100|[from] Spikes
|
|-heal|p1a: Gholdengo|94/100|[from] Grassy Terrain
|-heal|p2a: Alomomola|90/100|[from] Grassy Terrain
|upkeep
|turn|18
|
|t:|1779622448
|move|p1a: Gholdengo|Shadow Ball|p2a: Alomomola
|-damage|p2a: Alomomola|45/100
|move|p2a: Alomomola|Flip Turn|p1a: Gholdengo
|-damage|p1a: Gholdengo|83/100
|
|t:|1779622450
|switch|p2a: Cinderace|Cinderace, F|100/100|[from] Flip Turn
|
|-heal|p1a: Gholdengo|89/100|[from] Grassy Terrain
|upkeep
|turn|19
|
|t:|1779622454
|switch|p1a: Great Tusk|Great Tusk|89/100
|-damage|p1a: Great Tusk|86/100|[from] Stealth Rock
|move|p2a: Cinderace|Pyro Ball|p1a: Great Tusk
|-damage|p1a: Great Tusk|63/100
|-status|p1a: Great Tusk|brn
|
|-heal|p1a: Great Tusk|70/100 brn|[from] Grassy Terrain
|-damage|p1a: Great Tusk|63/100 brn|[from] brn
|upkeep
|turn|20
|
|t:|1779622458
|move|p2a: Cinderace|U-turn|p1a: Great Tusk
|-resisted|p1a: Great Tusk
|-damage|p1a: Great Tusk|59/100 brn
|
|t:|1779622462
|switch|p2a: Alomomola|Alomomola, F|78/100|[from] U-turn
|-damage|p2a: Alomomola|66/100|[from] Spikes
|move|p1a: Great Tusk|Headlong Rush|p2a: Alomomola
|-damage|p2a: Alomomola|52/100
|-unboost|p1a: Great Tusk|def|1
|-unboost|p1a: Great Tusk|spd|1
|
|-heal|p1a: Great Tusk|65/100 brn|[from] Grassy Terrain
|-heal|p2a: Alomomola|58/100|[from] Grassy Terrain
|-damage|p1a: Great Tusk|59/100 brn|[from] brn
|-fieldend|move: Grassy Terrain
|upkeep
|turn|21
|
|t:|1779622465
|-end|p1a: Great Tusk|Protosynthesis|[silent]
|switch|p1a: Slowking|Slowking-Galar, F|100/100
|move|p2a: Alomomola|Wish|p2a: Alomomola
|
|upkeep
|turn|22
|
|t:|1779622472
|move|p2a: Alomomola|Protect|p2a: Alomomola
|-singleturn|p2a: Alomomola|Protect
|move|p1a: Slowking|Future Sight|p2a: Alomomola
|-start|p1a: Slowking|move: Future Sight
|
|-heal|p2a: Alomomola|100/100|[from] move: Wish|[wisher] Alomomola
|upkeep
|turn|23
|
|t:|1779622476
|move|p2a: Alomomola|Tickle|p1a: Slowking
|-unboost|p1a: Slowking|atk|1
|-unboost|p1a: Slowking|def|1
|move|p1a: Slowking|Sludge Bomb|p2a: Alomomola
|-crit|p2a: Alomomola
|-damage|p2a: Alomomola|37/100
|
|upkeep
|turn|24
|
|t:|1779622485
|move|p2a: Alomomola|Flip Turn|p1a: Slowking
|-damage|p1a: Slowking|77/100
|
|t:|1779622488
|switch|p2a: Hoopa|Hoopa-Unbound|88/100|[from] Flip Turn
|-damage|p2a: Hoopa|76/100|[from] Spikes
|move|p1a: Slowking|Toxic Spikes|p2a: Hoopa
|-sidestart|p2: LT02|move: Toxic Spikes
|
|-end|p2a: Hoopa|move: Future Sight
|-immune|p2a: Hoopa
|upkeep
|turn|25
|
|t:|1779622498
|switch|p1a: Great Tusk|Great Tusk|59/100 brn
|-damage|p1a: Great Tusk|56/100 brn|[from] Stealth Rock
|move|p2a: Hoopa|Zen Headbutt|p1a: Great Tusk
|-supereffective|p1a: Great Tusk
|-damage|p1a: Great Tusk|0 fnt
|faint|p1a: Great Tusk
|-end|p1a: Great Tusk|Protosynthesis|[silent]
|
|upkeep
|
|t:|1779622503
|switch|p1a: Weavile|Weavile, F|84/100
|turn|26
|
|t:|1779622511
|switch|p2a: Cinderace|Cinderace, F|100/100
|move|p1a: Weavile|Knock Off|p2a: Cinderace
|-damage|p2a: Cinderace|45/100
|-enditem|p2a: Cinderace|Heavy-Duty Boots|[from] move: Knock Off|[of] p1a: Weavile
|
|upkeep
|turn|27
|
|t:|1779622523
|-terastallize|p1a: Weavile|Ghost
|move|p1a: Weavile|Knock Off|p2a: Cinderace
|-damage|p2a: Cinderace|3/100
|move|p2a: Cinderace|Pyro Ball|p1a: Weavile
|-damage|p1a: Weavile|0 fnt
|faint|p1a: Weavile
|
|upkeep
|
|t:|1779622534
|switch|p1a: Sandy Shocks|Sandy Shocks|87/100
|-damage|p1a: Sandy Shocks|81/100|[from] Stealth Rock
|turn|28
|
|t:|1779622537
|-terastallize|p2a: Cinderace|Fire
|move|p2a: Cinderace|Pyro Ball|p1a: Sandy Shocks
|-damage|p1a: Sandy Shocks|0 fnt
|faint|p1a: Sandy Shocks
|-end|p1a: Sandy Shocks|Protosynthesis|[silent]
|
|upkeep
|
|t:|1779622541
|switch|p1a: Slowking|Slowking-Galar, F|100/100
|turn|29
|
|t:|1779622543
|move|p2a: Cinderace|Pyro Ball|p1a: Slowking
|-damage|p1a: Slowking|0 fnt
|faint|p1a: Slowking
|
|upkeep
|-message|cr aries forfeited.
|
|win|LT02
|raw|cr aries's rating: 1363 &rarr; <strong>1343</strong><br />(-20 for losing)
|raw|LT02's rating: 1368 &rarr; <strong>1388</strong><br />(+20 for winning)
|l|☆cr aries
|player|p1|
|l|☆LT02
|player|p2|
|j|☆LT02
|player|p2|LT02|2|
