|j|☆Alisyem
|j|☆wassou21
|t:|1779560325
|gametype|singles
|player|p1|Alisyem|hanbei-conquest|1449
|player|p2|wassou21|red|1507
|gen|9
|tier|[Gen 9] OU
|rated|
|rule|HP Percentage Mod: HP is shown in percentages
|rule|Endless Battle Clause: Forcing endless battles is banned
|rule|Species Clause: Limit one of each Pokémon
|rule|OHKO Clause: OHKO moves are banned
|rule|Evasion Items Clause: Evasion items are banned
|rule|Evasion Moves Clause: Evasion moves are banned
|rule|Evasion Abilities Clause: Evasion abilities are banned
|rule|Sleep Moves Clause: Sleep-inducing moves are banned
|clearpoke
|poke|p1|Keldeo-Resolute|
|poke|p1|Ting-Lu|
|poke|p1|Hatterene, F|
|poke|p1|Dragonite, F|
|poke|p1|Weavile, M|
|poke|p1|Iron Treads|
|poke|p2|Araquanid, M|
|poke|p2|Cinderace, M|
|poke|p2|Serperior, M|
|poke|p2|Comfey, F|
|poke|p2|Dragapult, F|
|poke|p2|Bisharp, F|
|teampreview
|
|t:|1779560364
|teamsize|p1|6
|teamsize|p2|6
|start
|switch|p1a: Hatterene|Hatterene, F|100/100
|switch|p2a: Araquanid|Araquanid, M|100/100
|turn|1
|
|t:|1779560374
|move|p2a: Araquanid|Sticky Web|p1a: Hatterene
|move|p1a: Hatterene|Sticky Web|p2a: Araquanid|[from] ability: Magic Bounce
|-sidestart|p2: wassou21|move: Sticky Web
|move|p1a: Hatterene|Nuzzle|p2a: Araquanid
|-supereffective|p2a: Araquanid
|-damage|p2a: Araquanid|91/100
|-status|p2a: Araquanid|par
|
|upkeep
|turn|2
|
|t:|1779560383
|move|p1a: Hatterene|Dazzling Gleam|p2a: Araquanid
|-damage|p2a: Araquanid|65/100 par
|move|p2a: Araquanid|Surf|p1a: Hatterene
|-damage|p1a: Hatterene|42/100
|
|upkeep
|turn|3
|inactive|Battle timer is ON: inactive players will automatically lose when time's up. (requested by wassou21)
|inactive|Alisyem has 120 seconds left.
|inactive|Alisyem has 90 seconds left.
|
|t:|1779560504
|move|p1a: Hatterene|Dazzling Gleam|p2a: Araquanid
|-damage|p2a: Araquanid|36/100 par
|move|p2a: Araquanid|Sticky Web|p1a: Hatterene
|move|p1a: Hatterene|Sticky Web||[from] ability: Magic Bounce|[still]
|-fail|p1a: Hatterene
|
|upkeep
|turn|4
|inactive|Alisyem has 120 seconds left.
|
|t:|1779560531
|move|p1a: Hatterene|Dazzling Gleam|p2a: Araquanid
|-damage|p2a: Araquanid|10/100 par
|move|p2a: Araquanid|Sticky Web|p1a: Hatterene
|move|p1a: Hatterene|Sticky Web||[from] ability: Magic Bounce|[still]
|-fail|p1a: Hatterene
|
|upkeep
|turn|5
|inactive|Alisyem has 120 seconds left.
|
|t:|1779560542
|switch|p2a: Bisharp|Bisharp, F|100/100
|-activate|p2a: Bisharp|move: Sticky Web
|-unboost|p2a: Bisharp|spe|1
|-ability|p2a: Bisharp|Defiant|boost
|-boost|p2a: Bisharp|atk|2
|move|p1a: Hatterene|Dazzling Gleam|p2a: Bisharp
|-damage|p2a: Bisharp|65/100
|
|upkeep
|turn|6
|inactive|Alisyem has 120 seconds left.
|
|t:|1779560552
|switch|p1a: Ting-Lu|Ting-Lu|100/100
|-ability|p1a: Ting-Lu|Vessel of Ruin
|move|p2a: Bisharp|Iron Head|p1a: Ting-Lu
|-damage|p1a: Ting-Lu|57/100
|-damage|p2a: Bisharp|48/100|[from] item: Rocky Helmet|[of] p1a: Ting-Lu
|
|upkeep
|turn|7
|
|t:|1779560560
|move|p2a: Bisharp|Iron Head|p1a: Ting-Lu
|-damage|p1a: Ting-Lu|18/100
|-damage|p2a: Bisharp|32/100|[from] item: Rocky Helmet|[of] p1a: Ting-Lu
|move|p1a: Ting-Lu|Earthquake|p2a: Bisharp
|-supereffective|p2a: Bisharp
|-damage|p2a: Bisharp|0 fnt
|faint|p2a: Bisharp
|
|upkeep
|
|t:|1779560566
|switch|p2a: Serperior|Serperior, M|100/100
|-activate|p2a: Serperior|move: Sticky Web
|-boost|p2a: Serperior|spe|1
|turn|8
|inactive|Alisyem has 120 seconds left.
|inactive|Alisyem has 90 seconds left.
|
|t:|1779560632
|move|p2a: Serperior|Leaf Storm|p1a: Ting-Lu
|-supereffective|p1a: Ting-Lu
|-damage|p1a: Ting-Lu|0 fnt
|-boost|p2a: Serperior|spa|2
|faint|p1a: Ting-Lu
|
|upkeep
|
|t:|1779560634
|switch|p1a: Dragonite|Dragonite, F|100/100
|turn|9
|
|t:|1779560651
|switch|p1a: Hatterene|Hatterene, F|42/100
|move|p2a: Serperior|Leaf Storm|p1a: Hatterene
|-damage|p1a: Hatterene|0 fnt
|-boost|p2a: Serperior|spa|2
|faint|p1a: Hatterene
|
|upkeep
|
|t:|1779560655
|switch|p1a: Dragonite|Dragonite, F|100/100
|turn|10
|
|t:|1779560663
|move|p2a: Serperior|Leaf Storm|p1a: Dragonite
|-resisted|p1a: Dragonite
|-damage|p1a: Dragonite|82/100
|-boost|p2a: Serperior|spa|2
|move|p1a: Dragonite|Dragon Dance|p1a: Dragonite
|-boost|p1a: Dragonite|atk|1
|-boost|p1a: Dragonite|spe|1
|
|upkeep
|turn|11
|
|t:|1779560675
|move|p2a: Serperior|Dragon Pulse|p1a: Dragonite
|-supereffective|p1a: Dragonite
|-crit|p1a: Dragonite
|-damage|p1a: Dragonite|0 fnt
|faint|p1a: Dragonite
|
|upkeep
|
|t:|1779560688
|switch|p1a: Keldeo|Keldeo-Resolute|100/100
|turn|12
|
|t:|1779560692
|move|p1a: Keldeo|Vacuum Wave|p2a: Serperior
|-damage|p2a: Serperior|64/100
|move|p2a: Serperior|Leaf Storm|p1a: Keldeo
|-supereffective|p1a: Keldeo
|-damage|p1a: Keldeo|0 fnt
|faint|p1a: Keldeo
|
|-heal|p2a: Serperior|71/100|[from] item: Leftovers
|upkeep
|
|t:|1779560698
|switch|p1a: Weavile|Weavile, M|100/100
|-ability|p1a: Weavile|Pressure
|turn|13
|
|t:|1779560708
|switch|p1a: Iron Treads|Iron Treads|100/100
|move|p2a: Serperior|Leaf Storm|p1a: Iron Treads
|-damage|p1a: Iron Treads|0 fnt
|faint|p1a: Iron Treads
|-end|p1a: Iron Treads|Quark Drive|[silent]
|
|-heal|p2a: Serperior|77/100|[from] item: Leftovers
|upkeep
|-message|Alisyem forfeited.
|
|win|wassou21
|raw|Alisyem's rating: 1449 &rarr; <strong>1432</strong><br />(-17 for losing)
|raw|wassou21's rating: 1507 &rarr; <strong>1524</strong><br />(+17 for winning)
|l|☆Alisyem
|player|p1|
|l|☆wassou21
|player|p2|
