|inactive|Battle timer is ON: inactive players will automatically lose when time's up.
|t:|1779632188
|gametype|singles
|player|p1|ticktackplayz|170|
|player|p2|electraineheart|irida|
|gen|9
|tier|[Gen 9] OU
|rule|HP Percentage Mod: HP is shown in percentages
|rule|Endless Battle Clause: Forcing endless battles is banned
|rule|Species Clause: Limit one of each Pokémon
|rule|OHKO Clause: OHKO moves are banned
|rule|Evasion Items Clause: Evasion items are banned
|rule|Evasion Moves Clause: Evasion moves are banned
|rule|Evasion Abilities Clause: Evasion abilities are banned
|rule|Sleep Moves Clause: Sleep-inducing moves are banned
|clearpoke
|poke|p1|Pecharunt|
|poke|p1|Hoopa-Unbound|
|poke|p1|Great Tusk|
|poke|p1|Dragonite, F|
|poke|p1|Deoxys-Speed|
|poke|p1|Kingambit, F|
|poke|p2|Deoxys-Speed|
|poke|p2|Pecharunt|
|poke|p2|Ting-Lu|
|poke|p2|Kingambit, F|
|poke|p2|Iron Valiant|
|poke|p2|Kyurem|
|teampreview
|c|☆electraineheart|hf
|c|☆ticktackplayz|hf
|inactive|ticktackplayz has 270 seconds left.
|inactive|electraineheart has 270 seconds left.
|inactive|electraineheart has 240 seconds left.
|
|t:|1779632272
|teamsize|p1|6
|teamsize|p2|6
|start
|switch|p1a: Hoopa|Hoopa-Unbound|100/100
|switch|p2a: Ting-Lu|Ting-Lu|100/100
|-ability|p2a: Ting-Lu|Vessel of Ruin
|turn|1
|
|t:|1779632277
|move|p1a: Hoopa|Knock Off|p2a: Ting-Lu
|-resisted|p2a: Ting-Lu
|-damage|p2a: Ting-Lu|88/100
|-damage|p1a: Hoopa|84/100|[from] item: Rocky Helmet|[of] p2a: Ting-Lu
|-enditem|p2a: Ting-Lu|Rocky Helmet|[from] move: Knock Off|[of] p1a: Hoopa
|move|p2a: Ting-Lu|Stealth Rock|p1a: Hoopa
|-sidestart|p1: ticktackplayz|move: Stealth Rock
|
|upkeep
|turn|2
|
|t:|1779632291
|move|p1a: Hoopa|Drain Punch|p2a: Ting-Lu
|-supereffective|p2a: Ting-Lu
|-crit|p2a: Ting-Lu
|-damage|p2a: Ting-Lu|52/100
|-heal|p1a: Hoopa|100/100|[from] drain|[of] p2a: Ting-Lu
|move|p2a: Ting-Lu|Ruination|p1a: Hoopa|[miss]
|-miss|p2a: Ting-Lu|p1a: Hoopa
|
|upkeep
|turn|3
|
|t:|1779632307
|move|p1a: Hoopa|Drain Punch|p2a: Ting-Lu
|-supereffective|p2a: Ting-Lu
|-damage|p2a: Ting-Lu|27/100
|move|p2a: Ting-Lu|Spikes|p1a: Hoopa
|-sidestart|p1: ticktackplayz|Spikes
|
|upkeep
|turn|4
|
|t:|1779632329
|move|p1a: Hoopa|Knock Off|p2a: Ting-Lu
|-resisted|p2a: Ting-Lu
|-damage|p2a: Ting-Lu|18/100
|move|p2a: Ting-Lu|Ruination|p1a: Hoopa
|-damage|p1a: Hoopa|50/100
|
|upkeep
|turn|5
|
|t:|1779632339
|move|p1a: Hoopa|Drain Punch|p2a: Ting-Lu
|-supereffective|p2a: Ting-Lu
|-damage|p2a: Ting-Lu|0 fnt
|-heal|p1a: Hoopa|63/100|[from] drain|[of] p2a: Ting-Lu
|faint|p2a: Ting-Lu
|
|upkeep
|inactive|electraineheart has 270 seconds left.
|inactive|electraineheart has 240 seconds left.
|inactive|electraineheart has 210 seconds left.
|inactive|electraineheart has 180 seconds left.
|inactive|electraineheart has 150 seconds left.
|inactive|electraineheart has 120 seconds left.
|
|t:|1779632519
|switch|p2a: Deoxys|Deoxys-Speed|100/100
|-ability|p2a: Deoxys|Pressure
|turn|6
|inactive|ticktackplayz has 270 seconds left.
|inactive|electraineheart has 120 seconds left.
|
|t:|1779632565
|move|p2a: Deoxys|Superpower|p1a: Hoopa
|-damage|p1a: Hoopa|31/100
|-unboost|p2a: Deoxys|atk|1
|-unboost|p2a: Deoxys|def|1
|-enditem|p2a: Deoxys|Eject Pack
|
|t:|1779632568
|switch|p2a: Iron Valiant|Iron Valiant|100/100
|-enditem|p2a: Iron Valiant|Booster Energy
|-activate|p2a: Iron Valiant|ability: Quark Drive|[fromitem]
|-start|p2a: Iron Valiant|quarkdrivespe
|move|p1a: Hoopa|Knock Off|p2a: Iron Valiant
|-resisted|p2a: Iron Valiant
|-damage|p2a: Iron Valiant|90/100
|
|upkeep
|turn|7
|inactive|electraineheart has 120 seconds left.
|inactive|ticktackplayz has 240 seconds left.
|inactive|electraineheart has 90 seconds left.
|inactive|electraineheart disconnected and has 300 seconds to reconnect!
|player|p2|
|inactive|electraineheart reconnected and has 75 seconds left.
|player|p2|electraineheart|irida|
|inactive|ticktackplayz has 210 seconds left.
|
|t:|1779632634
|move|p2a: Iron Valiant|Moonblast|p1a: Hoopa
|-supereffective|p1a: Hoopa
|-damage|p1a: Hoopa|0 fnt
|faint|p1a: Hoopa
|
|upkeep
|inactive|ticktackplayz has 210 seconds left.
|
|t:|1779632651
|switch|p1a: Pecharunt|Pecharunt|100/100
|turn|8
|
|t:|1779632664
|-end|p2a: Iron Valiant|Quark Drive|[silent]
|switch|p2a: Deoxys|Deoxys-Speed|100/100
|-ability|p2a: Deoxys|Pressure
|move|p1a: Pecharunt|Malignant Chain|p2a: Deoxys
|-damage|p2a: Deoxys|49/100
|
|upkeep
|turn|9
|inactive|ticktackplayz has 210 seconds left.
|
|t:|1779632690
|switch|p1a: Kingambit|Kingambit, F|100/100
|-damage|p1a: Kingambit|94/100|[from] Stealth Rock
|-damage|p1a: Kingambit|82/100|[from] Spikes
|-activate|p1a: Kingambit|ability: Supreme Overlord
|-start|p1a: Kingambit|fallen1|[silent]
|move|p2a: Deoxys|Knock Off|p1a: Kingambit
|-resisted|p1a: Kingambit
|-damage|p1a: Kingambit|73/100
|-enditem|p1a: Kingambit|Black Glasses|[from] move: Knock Off|[of] p2a: Deoxys
|
|upkeep
|turn|10
|inactive|electraineheart has 60 seconds left.
|
|t:|1779632715
|-end|p1a: Kingambit|fallen1|[silent]
|switch|p1a: Deoxys|Deoxys-Speed, shiny|100/100
|-ability|p1a: Deoxys|Pressure
|move|p2a: Deoxys|Superpower|p1a: Deoxys
|-resisted|p1a: Deoxys
|-damage|p1a: Deoxys|77/100
|-unboost|p2a: Deoxys|atk|1
|-unboost|p2a: Deoxys|def|1
|
|upkeep
|turn|11
|inactive|ticktackplayz has 180 seconds left.
|
|t:|1779632743
|move|p1a: Deoxys|Thunderbolt|p2a: Deoxys
|-damage|p2a: Deoxys|3/100
|move|p2a: Deoxys|Knock Off|p1a: Deoxys
|-supereffective|p1a: Deoxys
|-crit|p1a: Deoxys
|-damage|p1a: Deoxys|0 fnt
|-enditem|p1a: Deoxys|Heavy-Duty Boots|[from] move: Knock Off|[of] p2a: Deoxys
|faint|p1a: Deoxys
|
|upkeep
|
|t:|1779632757
|switch|p1a: Kingambit|Kingambit, F|73/100
|-damage|p1a: Kingambit|67/100|[from] Stealth Rock
|-damage|p1a: Kingambit|55/100|[from] Spikes
|-activate|p1a: Kingambit|ability: Supreme Overlord
|-start|p1a: Kingambit|fallen2|[silent]
|turn|12
|
|t:|1779632760
|move|p1a: Kingambit|Sucker Punch||[still]
|-fail|p1a: Kingambit
|move|p2a: Deoxys|Taunt|p1a: Kingambit
|-start|p1a: Kingambit|move: Taunt
|
|upkeep
|turn|13
|
|t:|1779632764
|move|p1a: Kingambit|Sucker Punch|p2a: Deoxys
|-supereffective|p2a: Deoxys
|-damage|p2a: Deoxys|0 fnt
|faint|p2a: Deoxys
|
|upkeep
|inactive|electraineheart has 90 seconds left.
|
|t:|1779632774
|switch|p2a: Iron Valiant|Iron Valiant|90/100
|turn|14
|
|t:|1779632777
|-end|p1a: Kingambit|fallen2|[silent]
|switch|p1a: Pecharunt|Pecharunt|100/100
|move|p2a: Iron Valiant|Calm Mind|p2a: Iron Valiant
|-boost|p2a: Iron Valiant|spa|1
|-boost|p2a: Iron Valiant|spd|1
|
|upkeep
|turn|15
|inactive|electraineheart has 90 seconds left.
|inactive|ticktackplayz has 180 seconds left.
|inactive|electraineheart has 60 seconds left.
|
|t:|1779632822
|-terastallize|p1a: Pecharunt|Grass
|move|p2a: Iron Valiant|Shadow Ball|p1a: Pecharunt
|-damage|p1a: Pecharunt|61/100
|move|p1a: Pecharunt|Malignant Chain|p2a: Iron Valiant
|-supereffective|p2a: Iron Valiant
|-damage|p2a: Iron Valiant|14/100
|-status|p2a: Iron Valiant|tox
|-start|p2a: Iron Valiant|confusion|[from] ability: Poison Puppeteer|[of] p1a: Pecharunt
|
|-damage|p2a: Iron Valiant|8/100 tox|[from] psn
|upkeep
|turn|16
|
|t:|1779632831
|-activate|p2a: Iron Valiant|confusion
|move|p2a: Iron Valiant|Moonblast|p1a: Pecharunt
|-damage|p1a: Pecharunt|0 fnt
|faint|p1a: Pecharunt
|
|-damage|p2a: Iron Valiant|0 fnt|[from] psn
|faint|p2a: Iron Valiant
|-end|p2a: Iron Valiant|Quark Drive|[silent]
|upkeep
|inactive|electraineheart has 60 seconds left.
|
|t:|1779632848
|switch|p2a: Kyurem|Kyurem|100/100
|switch|p1a: Kingambit|Kingambit, F|55/100
|-ability|p2a: Kyurem|Pressure
|-damage|p1a: Kingambit|48/100|[from] Stealth Rock
|-damage|p1a: Kingambit|36/100|[from] Spikes
|-activate|p1a: Kingambit|ability: Supreme Overlord
|-start|p1a: Kingambit|fallen3|[silent]
|turn|17
|inactive|ticktackplayz has 180 seconds left.
|
|t:|1779632854
|move|p1a: Kingambit|Sucker Punch||[still]
|-fail|p1a: Kingambit
|move|p2a: Kyurem|Substitute|p2a: Kyurem
|-start|p2a: Kyurem|Substitute
|-damage|p2a: Kyurem|76/100
|
|upkeep
|turn|18
|
|t:|1779632856
|move|p1a: Kingambit|Sucker Punch|p2a: Kyurem
|-end|p2a: Kyurem|Substitute
|move|p2a: Kyurem|Earth Power|p1a: Kingambit
|-supereffective|p1a: Kingambit
|-damage|p1a: Kingambit|0 fnt
|faint|p1a: Kingambit
|-end|p1a: Kingambit|fallen3|[silent]
|
|upkeep
|
|t:|1779632861
|switch|p1a: Great Tusk|Great Tusk, shiny|100/100
|-damage|p1a: Great Tusk|98/100|[from] Stealth Rock
|-damage|p1a: Great Tusk|85/100|[from] Spikes
|turn|19
|
|t:|1779632864
|move|p2a: Kyurem|Ice Beam|p1a: Great Tusk
|-supereffective|p1a: Great Tusk
|-damage|p1a: Great Tusk|0 fnt
|faint|p1a: Great Tusk
|-end|p1a: Great Tusk|Protosynthesis|[silent]
|
|upkeep
|
|t:|1779632866
|switch|p1a: Dragonite|Dragonite, F, shiny|100/100
|-damage|p1a: Dragonite|76/100|[from] Stealth Rock
|turn|20
|
|t:|1779632868
|move|p2a: Kyurem|Ice Beam|p1a: Dragonite
|-supereffective|p1a: Dragonite
|-damage|p1a: Dragonite|0 fnt
|faint|p1a: Dragonite
|
|win|electraineheart
|c|☆electraineheart|gg
|c|☆ticktackplayz|gg
