|j|☆Tharealist1
|j|☆PapposPizzeria
|t:|1779565522
|gametype|singles
|player|p1|Tharealist1|101|
|player|p2|PapposPizzeria|170|
|gen|9
|tier|[Gen 9] OU
|rule|HP Percentage Mod: HP is shown in percentages
|rule|Endless Battle Clause: Forcing endless battles is banned
|rule|Species Clause: Limit one of each Pokémon
|rule|OHKO Clause: OHKO moves are banned
|rule|Evasion Items Clause: Evasion items are banned
|rule|Evasion Moves Clause: Evasion moves are banned
|rule|Evasion Abilities Clause: Evasion abilities are banned
|rule|Sleep Moves Clause: Sleep-inducing moves are banned
|clearpoke
|poke|p1|Clodsire, M|
|poke|p1|Chesnaught, M|
|poke|p1|Zapdos|
|poke|p1|Gholdengo|
|poke|p1|Darkrai|
|poke|p1|Arcanine-Hisui, M|
|poke|p2|Landorus-Therian, M|
|poke|p2|Kingambit, M|
|poke|p2|Primarina, M|
|poke|p2|Raging Bolt|
|poke|p2|Typhlosion-Hisui, F|
|poke|p2|Ribombee, F|
|teampreview
|j| Ace D Portuguese
|j| LuckiLlamas
|
|t:|1779565545
|teamsize|p1|6
|teamsize|p2|6
|start
|switch|p1a: LargeDosOfZaps|Zapdos|100/100
|switch|p2a: Typhlosion|Typhlosion-Hisui, F, shiny|100/100
|turn|1
|
|t:|1779565570
|switch|p1a: MudPuppy|Clodsire, M|100/100
|move|p2a: Typhlosion|Eruption|p1a: MudPuppy
|-damage|p1a: MudPuppy|62/100
|
|upkeep
|turn|2
|
|t:|1779565582
|move|p2a: Typhlosion|Eruption|p1a: MudPuppy
|-damage|p1a: MudPuppy|21/100
|move|p1a: MudPuppy|Amnesia|p1a: MudPuppy
|-boost|p1a: MudPuppy|spd|2
|
|upkeep
|turn|3
|
|t:|1779565591
|move|p2a: Typhlosion|Eruption|p1a: MudPuppy
|-damage|p1a: MudPuppy|2/100
|move|p1a: MudPuppy|Recover|p1a: MudPuppy
|-heal|p1a: MudPuppy|52/100
|
|upkeep
|turn|4
|l|☆Tharealist1
|player|p1|
|j|☆Tharealist1
|player|p1|Tharealist1|101|
|l|☆Tharealist1
|player|p1|
|j|☆Tharealist1
|player|p1|Tharealist1|101|
|n|☆Tharealist1|tharealist1
|n|☆Tharealist1|tharealist1
|
|t:|1779565658
|move|p2a: Typhlosion|Eruption|p1a: MudPuppy
|-damage|p1a: MudPuppy|34/100
|move|p1a: MudPuppy|Recover|p1a: MudPuppy
|-heal|p1a: MudPuppy|84/100
|
|upkeep
|turn|5
|c|☆PapposPizzeria|do we need to do it later?
|l|☆Tharealist1
|player|p1|
|j|☆Tharealist1
|player|p1|Tharealist1|101|
|
|t:|1779565690
|move|p2a: Typhlosion|Eruption|p1a: MudPuppy
|-damage|p1a: MudPuppy|62/100
|move|p1a: MudPuppy|Toxic|p2a: Typhlosion
|-status|p2a: Typhlosion|tox
|
|-damage|p2a: Typhlosion|95/100 tox|[from] psn
|upkeep
|turn|6
|
|t:|1779565716
|switch|p2a: Landorus|Landorus-Therian, M|100/100
|-ability|p2a: Landorus|Intimidate|boost
|-unboost|p1a: MudPuppy|atk|1
|move|p1a: MudPuppy|Earthquake|p2a: Landorus
|-immune|p2a: Landorus
|
|upkeep
|turn|7
|
|t:|1779565729
|switch|p1a: SayItWitYaChes|Chesnaught, M|100/100
|move|p2a: Landorus|Earthquake|p1a: SayItWitYaChes
|-resisted|p1a: SayItWitYaChes
|-damage|p1a: SayItWitYaChes|88/100
|
|upkeep
|turn|8
|c|☆Tharealist1|my internet was tripping
|
|t:|1779565760
|move|p2a: Landorus|U-turn|p1a: SayItWitYaChes
|-damage|p1a: SayItWitYaChes|75/100
|-damage|p2a: Landorus|84/100|[from] item: Rocky Helmet|[of] p1a: SayItWitYaChes
|
|t:|1779565764
|switch|p2a: Typhlosion|Typhlosion-Hisui, F, shiny|95/100 tox|[from] U-turn
|move|p1a: SayItWitYaChes|Leech Seed|p2a: Typhlosion
|-start|p2a: Typhlosion|move: Leech Seed
|
|-damage|p2a: Typhlosion|82/100 tox|[from] Leech Seed|[of] p1a: SayItWitYaChes
|-heal|p1a: SayItWitYaChes|84/100|[silent]
|-damage|p2a: Typhlosion|76/100 tox|[from] psn
|upkeep
|turn|9
|
|t:|1779565774
|switch|p1a: MudPuppy|Clodsire, M|62/100
|move|p2a: Typhlosion|Flamethrower|p1a: MudPuppy
|-damage|p1a: MudPuppy|38/100
|
|-damage|p2a: Typhlosion|64/100 tox|[from] Leech Seed|[of] p1a: MudPuppy
|-heal|p1a: MudPuppy|46/100|[silent]
|-damage|p2a: Typhlosion|52/100 tox|[from] psn
|upkeep
|turn|10
|
|t:|1779565786
|move|p2a: Typhlosion|Flamethrower|p1a: MudPuppy
|-damage|p1a: MudPuppy|23/100
|move|p1a: MudPuppy|Recover|p1a: MudPuppy
|-heal|p1a: MudPuppy|73/100
|
|-damage|p2a: Typhlosion|40/100 tox|[from] Leech Seed|[of] p1a: MudPuppy
|-heal|p1a: MudPuppy|81/100|[silent]
|-damage|p2a: Typhlosion|22/100 tox|[from] psn
|upkeep
|turn|11
|
|t:|1779565799
|switch|p2a: Landorus|Landorus-Therian, M|84/100
|-ability|p2a: Landorus|Intimidate|boost
|-unboost|p1a: MudPuppy|atk|1
|move|p1a: MudPuppy|Earthquake|p2a: Landorus
|-immune|p2a: Landorus
|
|upkeep
|turn|12
|
|t:|1779565807
|switch|p1a: SayItWitYaChes|Chesnaught, M|84/100
|move|p2a: Landorus|Earthquake|p1a: SayItWitYaChes
|-resisted|p1a: SayItWitYaChes
|-damage|p1a: SayItWitYaChes|71/100
|
|upkeep
|turn|13
|
|t:|1779565817
|move|p2a: Landorus|U-turn|p1a: SayItWitYaChes
|-damage|p1a: SayItWitYaChes|57/100
|-damage|p2a: Landorus|68/100|[from] item: Rocky Helmet|[of] p1a: SayItWitYaChes
|
|t:|1779565821
|switch|p2a: Raging Bolt|Raging Bolt|100/100|[from] U-turn
|-enditem|p2a: Raging Bolt|Booster Energy
|-activate|p2a: Raging Bolt|ability: Protosynthesis|[fromitem]
|-start|p2a: Raging Bolt|protosynthesisspa
|move|p1a: SayItWitYaChes|Leech Seed|p2a: Raging Bolt
|-start|p2a: Raging Bolt|move: Leech Seed
|
|-damage|p2a: Raging Bolt|88/100|[from] Leech Seed|[of] p1a: SayItWitYaChes
|-heal|p1a: SayItWitYaChes|72/100|[silent]
|upkeep
|turn|14
|l| Ace D Portuguese
|
|t:|1779565836
|switch|p1a: MudPuppy|Clodsire, M|81/100
|move|p2a: Raging Bolt|Draco Meteor|p1a: MudPuppy
|-damage|p1a: MudPuppy|25/100
|-unboost|p2a: Raging Bolt|spa|2
|
|-damage|p2a: Raging Bolt|76/100|[from] Leech Seed|[of] p1a: MudPuppy
|-heal|p1a: MudPuppy|37/100|[silent]
|upkeep
|turn|15
|
|t:|1779565847
|move|p2a: Raging Bolt|Draco Meteor|p1a: MudPuppy
|-damage|p1a: MudPuppy|0 fnt
|-unboost|p2a: Raging Bolt|spa|2
|faint|p1a: MudPuppy
|
|upkeep
|l|☆Tharealist1
|player|p1|
|j|☆Tharealist1
|player|p1|Tharealist1|101|
|
|t:|1779565878
|switch|p1a: Freddy|Darkrai|100/100
|turn|16
|
|t:|1779565890
|-end|p2a: Raging Bolt|Protosynthesis|[silent]
|switch|p2a: Typhlosion|Typhlosion-Hisui, F, shiny|22/100 tox
|move|p1a: Freddy|Ice Beam|p2a: Typhlosion
|-resisted|p2a: Typhlosion
|-damage|p2a: Typhlosion|0 fnt
|faint|p2a: Typhlosion
|
|upkeep
|
|t:|1779565897
|switch|p2a: Ribombee|Ribombee, F|100/100
|turn|17
|
|t:|1779565914
|-terastallize|p1a: Freddy|Poison
|move|p1a: Freddy|Sludge Bomb|p2a: Ribombee
|-supereffective|p2a: Ribombee
|-enditem|p2a: Ribombee|Focus Sash
|-damage|p2a: Ribombee|1/100
|move|p2a: Ribombee|Moonblast|p1a: Freddy
|-resisted|p1a: Freddy
|-damage|p1a: Freddy|73/100
|-unboost|p1a: Freddy|spa|1
|
|upkeep
|turn|18
|
|t:|1779565936
|move|p1a: Freddy|Ice Beam|p2a: Ribombee
|-damage|p2a: Ribombee|0 fnt
|faint|p2a: Ribombee
|
|upkeep
|
|t:|1779565959
|switch|p2a: Raging Bolt|Raging Bolt|76/100
|turn|19
|
|t:|1779565972
|switch|p1a: Moneymaker|Gholdengo|100/100
|-item|p1a: Moneymaker|Air Balloon
|move|p2a: Raging Bolt|Thunderclap||[still]
|-fail|p2a: Raging Bolt
|
|upkeep
|turn|20
|
|t:|1779565981
|move|p1a: Moneymaker|Shadow Ball|p2a: Raging Bolt
|-damage|p2a: Raging Bolt|47/100
|move|p2a: Raging Bolt|Draco Meteor|p1a: Moneymaker
|-resisted|p1a: Moneymaker
|-damage|p1a: Moneymaker|64/100
|-unboost|p2a: Raging Bolt|spa|2
|-enditem|p1a: Moneymaker|Air Balloon
|
|upkeep
|turn|21
|
|t:|1779565998
|move|p1a: Moneymaker|Nasty Plot|p1a: Moneymaker
|-boost|p1a: Moneymaker|spa|2
|move|p2a: Raging Bolt|Volt Switch|p1a: Moneymaker
|-damage|p1a: Moneymaker|43/100
|
|t:|1779566005
|-end|p2a: Raging Bolt|Protosynthesis|[silent]
|switch|p2a: Kingambit|Kingambit, M|100/100|[from] Volt Switch
|-activate|p2a: Kingambit|ability: Supreme Overlord
|-start|p2a: Kingambit|fallen2|[silent]
|
|upkeep
|turn|22
|
|t:|1779566014
|move|p2a: Kingambit|Sucker Punch||[still]
|-fail|p2a: Kingambit
|move|p1a: Moneymaker|Recover|p1a: Moneymaker
|-heal|p1a: Moneymaker|93/100
|
|upkeep
|turn|23
|
|t:|1779566020
|switch|p1a: SayItWitYaChes|Chesnaught, M|72/100
|move|p2a: Kingambit|Sucker Punch||[still]
|-fail|p2a: Kingambit
|
|upkeep
|turn|24
|
|t:|1779566049
|-end|p2a: Kingambit|fallen2|[silent]
|switch|p2a: Primarina|Primarina, M|100/100
|move|p1a: SayItWitYaChes|Leech Seed|p2a: Primarina
|-start|p2a: Primarina|move: Leech Seed
|
|-damage|p2a: Primarina|88/100|[from] Leech Seed|[of] p1a: SayItWitYaChes
|-heal|p1a: SayItWitYaChes|84/100|[silent]
|upkeep
|turn|25
|
|t:|1779566060
|switch|p1a: LargeDosOfZaps|Zapdos|100/100
|move|p2a: Primarina|Moonblast|p1a: LargeDosOfZaps
|-damage|p1a: LargeDosOfZaps|39/100
|-unboost|p1a: LargeDosOfZaps|spa|1
|
|-damage|p2a: Primarina|76/100|[from] Leech Seed|[of] p1a: LargeDosOfZaps
|-heal|p1a: LargeDosOfZaps|53/100|[silent]
|upkeep
|turn|26
|
|t:|1779566090
|move|p1a: LargeDosOfZaps|Roost|p1a: LargeDosOfZaps
|-heal|p1a: LargeDosOfZaps|100/100
|-singleturn|p1a: LargeDosOfZaps|move: Roost
|move|p2a: Primarina|Ice Beam|p1a: LargeDosOfZaps
|-crit|p1a: LargeDosOfZaps
|-damage|p1a: LargeDosOfZaps|37/100
|
|-damage|p2a: Primarina|63/100|[from] Leech Seed|[of] p1a: LargeDosOfZaps
|-heal|p1a: LargeDosOfZaps|51/100|[silent]
|upkeep
|turn|27
|j| freekruler99
|
|t:|1779566102
|move|p1a: LargeDosOfZaps|Roost|p1a: LargeDosOfZaps
|-heal|p1a: LargeDosOfZaps|100/100
|-singleturn|p1a: LargeDosOfZaps|move: Roost
|move|p2a: Primarina|Psychic Noise|p1a: LargeDosOfZaps
|-damage|p1a: LargeDosOfZaps|66/100
|-start|p1a: LargeDosOfZaps|move: Heal Block
|
|-damage|p2a: Primarina|51/100|[from] Leech Seed|[of] p1a: LargeDosOfZaps
|upkeep
|turn|28
|
|t:|1779566115
|switch|p1a: Freddy|Darkrai, tera:Poison|73/100
|move|p2a: Primarina|Ice Beam|p1a: Freddy
|-crit|p1a: Freddy
|-damage|p1a: Freddy|4/100
|
|-damage|p2a: Primarina|39/100|[from] Leech Seed|[of] p1a: Freddy
|-heal|p1a: Freddy|20/100|[silent]
|upkeep
|turn|29
|
|t:|1779566125
|move|p1a: Freddy|Sludge Bomb|p2a: Primarina
|-supereffective|p2a: Primarina
|-damage|p2a: Primarina|0 fnt
|faint|p2a: Primarina
|
|upkeep
|
|t:|1779566131
|switch|p2a: Raging Bolt|Raging Bolt|47/100
|turn|30
|
|t:|1779566135
|move|p2a: Raging Bolt|Thunderclap|p1a: Freddy
|-damage|p1a: Freddy|0 fnt
|faint|p1a: Freddy
|
|upkeep
|
|t:|1779566142
|switch|p1a: Moneymaker|Gholdengo|93/100
|turn|31
|
|t:|1779566152
|move|p2a: Raging Bolt|Thunderclap||[still]
|-fail|p2a: Raging Bolt
|move|p1a: Moneymaker|Nasty Plot|p1a: Moneymaker
|-boost|p1a: Moneymaker|spa|2
|
|upkeep
|turn|32
|
|t:|1779566159
|move|p2a: Raging Bolt|Thunderclap|p1a: Moneymaker
|-damage|p1a: Moneymaker|54/100
|move|p1a: Moneymaker|Shadow Ball|p2a: Raging Bolt
|-damage|p2a: Raging Bolt|0 fnt
|faint|p2a: Raging Bolt
|-end|p2a: Raging Bolt|Protosynthesis|[silent]
|
|upkeep
|
|t:|1779566166
|switch|p2a: Kingambit|Kingambit, M|100/100
|-activate|p2a: Kingambit|ability: Supreme Overlord
|-start|p2a: Kingambit|fallen4|[silent]
|turn|33
|
|t:|1779566173
|switch|p1a: SayItWitYaChes|Chesnaught, M|84/100
|move|p2a: Kingambit|Sucker Punch||[still]
|-fail|p2a: Kingambit
|
|upkeep
|turn|34
|
|t:|1779566182
|-end|p2a: Kingambit|fallen4|[silent]
|switch|p2a: Landorus|Landorus-Therian, M|68/100
|-ability|p2a: Landorus|Intimidate|boost
|-unboost|p1a: SayItWitYaChes|atk|1
|move|p1a: SayItWitYaChes|Body Press|p2a: Landorus
|-resisted|p2a: Landorus
|-damage|p2a: Landorus|53/100
|-damage|p1a: SayItWitYaChes|67/100|[from] item: Rocky Helmet|[of] p2a: Landorus
|
|upkeep
|turn|35
|
|t:|1779566201
|move|p2a: Landorus|Stone Edge|p1a: SayItWitYaChes
|-resisted|p1a: SayItWitYaChes
|-damage|p1a: SayItWitYaChes|58/100
|move|p1a: SayItWitYaChes|Leech Seed|p2a: Landorus
|-start|p2a: Landorus|move: Leech Seed
|
|-damage|p2a: Landorus|41/100|[from] Leech Seed|[of] p1a: SayItWitYaChes
|-heal|p1a: SayItWitYaChes|70/100|[silent]
|upkeep
|turn|36
|
|t:|1779566212
|move|p2a: Landorus|Earthquake|p1a: SayItWitYaChes
|-resisted|p1a: SayItWitYaChes
|-damage|p1a: SayItWitYaChes|58/100
|move|p1a: SayItWitYaChes|Iron Defense|p1a: SayItWitYaChes
|-boost|p1a: SayItWitYaChes|def|2
|
|-damage|p2a: Landorus|29/100|[from] Leech Seed|[of] p1a: SayItWitYaChes
|-heal|p1a: SayItWitYaChes|70/100|[silent]
|upkeep
|turn|37
|
|t:|1779566222
|move|p2a: Landorus|U-turn|p1a: SayItWitYaChes
|-damage|p1a: SayItWitYaChes|63/100
|-damage|p2a: Landorus|12/100|[from] item: Rocky Helmet|[of] p1a: SayItWitYaChes
|
|t:|1779566225
|switch|p2a: Kingambit|Kingambit, M|100/100|[from] U-turn
|-activate|p2a: Kingambit|ability: Supreme Overlord
|-start|p2a: Kingambit|fallen4|[silent]
|move|p1a: SayItWitYaChes|Iron Defense|p1a: SayItWitYaChes
|-boost|p1a: SayItWitYaChes|def|2
|
|upkeep
|turn|38
|
|t:|1779566244
|-terastallize|p2a: Kingambit|Dark
|move|p1a: SayItWitYaChes|Body Press|p2a: Kingambit
|-supereffective|p2a: Kingambit
|-damage|p2a: Kingambit|0 fnt
|faint|p2a: Kingambit
|-end|p2a: Kingambit|fallen4|[silent]
|
|upkeep
|
|t:|1779566251
|switch|p2a: Landorus|Landorus-Therian, M|12/100
|-ability|p2a: Landorus|Intimidate|boost
|-unboost|p1a: SayItWitYaChes|atk|1
|turn|39
|
|t:|1779566256
|move|p2a: Landorus|Stealth Rock|p1a: SayItWitYaChes
|-sidestart|p1: Tharealist1|move: Stealth Rock
|move|p1a: SayItWitYaChes|Body Press|p2a: Landorus
|-resisted|p2a: Landorus
|-damage|p2a: Landorus|0 fnt
|-damage|p1a: SayItWitYaChes|47/100|[from] item: Rocky Helmet|[of] p2a: Landorus
|faint|p2a: Landorus
|
|win|Tharealist1
|l|☆PapposPizzeria
|player|p2|
