|inactive|Battle timer is ON: inactive players will automatically lose when time's up.
|t:|1779567132
|gametype|singles
|player|p1|triangles|#wcop2024uk|
|player|p2|1LDK|#wcop2026chile2|
|gen|9
|tier|[Gen 9] OU
|rule|HP Percentage Mod: HP is shown in percentages
|rule|Endless Battle Clause: Forcing endless battles is banned
|rule|Species Clause: Limit one of each Pokémon
|rule|OHKO Clause: OHKO moves are banned
|rule|Evasion Items Clause: Evasion items are banned
|rule|Evasion Moves Clause: Evasion moves are banned
|rule|Evasion Abilities Clause: Evasion abilities are banned
|rule|Sleep Moves Clause: Sleep-inducing moves are banned
|clearpoke
|poke|p1|Iron Treads|
|poke|p1|Zamazenta-*|
|poke|p1|Meowscarada, M|
|poke|p1|Raging Bolt|
|poke|p1|Zapdos|
|poke|p1|Slowking-Galar, F|
|poke|p2|Tyranitar, M|
|poke|p2|Excadrill, M|
|poke|p2|Indeedee, M|
|poke|p2|Ogerpon-Wellspring, F|
|poke|p2|Zapdos|
|poke|p2|Zamazenta-*|
|teampreview
|c|☆1LDK|glhf
|c|☆triangles|hf
|inactive|triangles has 270 seconds left.
|inactive|1LDK has 270 seconds left.
|
|t:|1779567182
|teamsize|p1|6
|teamsize|p2|6
|start
|switch|p1a: Big Floppa|Meowscarada, M|100/100
|switch|p2a: Zapdos|Zapdos|100/100
|turn|1
|
|t:|1779567206
|move|p1a: Big Floppa|Knock Off|p2a: Zapdos
|-start|p1a: Big Floppa|typechange|Dark|[from] ability: Protean
|-damage|p2a: Zapdos|50/100
|-status|p1a: Big Floppa|par|[from] ability: Static|[of] p2a: Zapdos
|-enditem|p2a: Zapdos|Heavy-Duty Boots|[from] move: Knock Off|[of] p1a: Big Floppa
|move|p2a: Zapdos|Hurricane|p1a: Big Floppa
|-damage|p1a: Big Floppa|31/100 par
|
|upkeep
|turn|2
|
|t:|1779567222
|switch|p1a: Phil Donphy|Iron Treads|100/100
|move|p2a: Zapdos|Roost|p2a: Zapdos
|-heal|p2a: Zapdos|100/100
|-singleturn|p2a: Zapdos|move: Roost
|
|upkeep
|turn|3
|
|t:|1779567229
|switch|p2a: Ogerpon|Ogerpon-Wellspring, F|100/100
|move|p1a: Phil Donphy|Stealth Rock|p2a: Ogerpon
|-sidestart|p2: 1LDK|move: Stealth Rock
|
|upkeep
|turn|4
|inactive|triangles has 270 seconds left.
|
|t:|1779567252
|-end|p1a: Phil Donphy|Quark Drive|[silent]
|switch|p1a: Shock Collar|Raging Bolt|100/100
|-enditem|p1a: Shock Collar|Booster Energy
|-activate|p1a: Shock Collar|ability: Protosynthesis|[fromitem]
|-start|p1a: Shock Collar|protosynthesisspa
|move|p2a: Ogerpon|Ivy Cudgel|p1a: Shock Collar|[anim] Ivy Cudgel Water
|-resisted|p1a: Shock Collar
|-damage|p1a: Shock Collar|72/100
|
|upkeep
|turn|5
|inactive|triangles has 270 seconds left.
|inactive|1LDK has 270 seconds left.
|inactive|triangles has 240 seconds left.
|
|t:|1779567323
|switch|p2a: Tyranitar|Tyranitar, M|100/100
|-damage|p2a: Tyranitar|88/100|[from] Stealth Rock
|-weather|Sandstorm|[from] ability: Sand Stream|[of] p2a: Tyranitar
|move|p1a: Shock Collar|Dragon Pulse|p2a: Tyranitar
|-damage|p2a: Tyranitar|60/100
|
|-weather|Sandstorm|[upkeep]
|-damage|p1a: Shock Collar|66/100|[from] Sandstorm
|upkeep
|turn|6
|
|t:|1779567336
|move|p1a: Shock Collar|Dragon Pulse|p2a: Tyranitar
|-damage|p2a: Tyranitar|34/100
|move|p2a: Tyranitar|Stone Edge|p1a: Shock Collar|[miss]
|-miss|p2a: Tyranitar|p1a: Shock Collar
|
|-weather|Sandstorm|[upkeep]
|-damage|p1a: Shock Collar|60/100|[from] Sandstorm
|upkeep
|turn|7
|
|t:|1779567347
|-end|p1a: Shock Collar|Protosynthesis|[silent]
|switch|p1a: Phil Donphy|Iron Treads|100/100
|move|p2a: Tyranitar|Ice Beam|p1a: Phil Donphy
|-damage|p1a: Phil Donphy|78/100
|
|-weather|Sandstorm|[upkeep]
|upkeep
|turn|8
|
|t:|1779567356
|switch|p2a: Ogerpon|Ogerpon-Wellspring, F|100/100
|-damage|p2a: Ogerpon|88/100|[from] Stealth Rock
|move|p1a: Phil Donphy|Earthquake|p2a: Ogerpon
|-resisted|p2a: Ogerpon
|-crit|p2a: Ogerpon
|-damage|p2a: Ogerpon|50/100
|
|-weather|Sandstorm|[upkeep]
|-damage|p2a: Ogerpon|44/100|[from] Sandstorm
|upkeep
|turn|9
|
|t:|1779567369
|-end|p1a: Phil Donphy|Quark Drive|[silent]
|switch|p1a: Big Floppa|Meowscarada, M|31/100 par
|move|p2a: Ogerpon|Horn Leech|p1a: Big Floppa
|-resisted|p1a: Big Floppa
|-damage|p1a: Big Floppa|0 fnt
|-heal|p2a: Ogerpon|59/100|[from] drain|[of] p1a: Big Floppa
|faint|p1a: Big Floppa
|
|-weather|Sandstorm|[upkeep]
|-damage|p2a: Ogerpon|53/100|[from] Sandstorm
|upkeep
|inactive|triangles has 210 seconds left.
|
|t:|1779567392
|switch|p1a: Mister|Slowking-Galar, F|100/100
|turn|10
|inactive|1LDK has 270 seconds left.
|
|t:|1779567413
|switch|p2a: Indeedee|Indeedee, M|100/100
|-damage|p2a: Indeedee|88/100|[from] Stealth Rock
|-fieldstart|move: Psychic Terrain|[from] ability: Psychic Surge|[of] p2a: Indeedee
|-prepare|p1a: Mister|Chilly Reception|[premajor]
|move|p1a: Mister|Chilly Reception|p1a: Mister
|-weather|Snowscape
|inactive|triangles has 210 seconds left.
|
|t:|1779567437
|switch|p1a: Phil Donphy|Iron Treads|78/100|[from] Chilly Reception
|
|-weather|Snowscape|[upkeep]
|upkeep
|turn|11
|inactive|1LDK has 270 seconds left.
|
|t:|1779567452
|switch|p2a: Zamazenta|Zamazenta|100/100
|-ability|p2a: Zamazenta|Dauntless Shield|boost
|-boost|p2a: Zamazenta|def|1
|move|p1a: Phil Donphy|Earthquake|p2a: Zamazenta
|-damage|p2a: Zamazenta|74/100
|
|-weather|Snowscape|[upkeep]
|upkeep
|turn|12
|inactive|triangles has 210 seconds left.
|
|t:|1779567470
|move|p2a: Zamazenta|Stone Edge|p1a: Phil Donphy
|-resisted|p1a: Phil Donphy
|-damage|p1a: Phil Donphy|72/100
|move|p1a: Phil Donphy|Earthquake|p2a: Zamazenta
|-damage|p2a: Zamazenta|49/100
|
|-weather|Snowscape|[upkeep]
|upkeep
|turn|13
|inactive|triangles has 210 seconds left.
|
|t:|1779567487
|-end|p1a: Phil Donphy|Quark Drive|[silent]
|switch|p1a: Mister|Slowking-Galar, F|100/100
|move|p2a: Zamazenta|Stone Edge|p1a: Mister
|-damage|p1a: Mister|68/100
|
|-weather|Snowscape|[upkeep]
|upkeep
|turn|14
|inactive|triangles has 210 seconds left.
|
|t:|1779567502
|switch|p1a: Beak|Zapdos|100/100
|move|p2a: Zamazenta|Crunch|p1a: Beak
|-damage|p1a: Beak|67/100
|
|-weather|none
|-fieldend|move: Psychic Terrain
|upkeep
|turn|15
|inactive|triangles has 210 seconds left.
|
|t:|1779567532
|switch|p1a: Smallservice|Zamazenta|100/100
|-ability|p1a: Smallservice|Dauntless Shield|boost
|-boost|p1a: Smallservice|def|1
|move|p2a: Zamazenta|Stone Edge|p1a: Smallservice
|-resisted|p1a: Smallservice
|-damage|p1a: Smallservice|91/100
|
|-heal|p1a: Smallservice|98/100|[from] item: Leftovers
|upkeep
|turn|16
|
|t:|1779567545
|switch|p2a: Zapdos|Zapdos|100/100
|-damage|p2a: Zapdos|76/100|[from] Stealth Rock
|move|p1a: Smallservice|Roar|p2a: Zapdos
|drag|p2a: Excadrill|Excadrill, M|100/100
|-damage|p2a: Excadrill|97/100|[from] Stealth Rock
|
|-heal|p1a: Smallservice|100/100|[from] item: Leftovers
|-heal|p2a: Excadrill|100/100|[from] item: Leftovers
|upkeep
|turn|17
|
|t:|1779567567
|switch|p2a: Zapdos|Zapdos|76/100
|-damage|p2a: Zapdos|51/100|[from] Stealth Rock
|move|p1a: Smallservice|Roar|p2a: Zapdos
|drag|p2a: Excadrill|Excadrill, M|100/100
|-damage|p2a: Excadrill|97/100|[from] Stealth Rock
|
|-heal|p2a: Excadrill|100/100|[from] item: Leftovers
|upkeep
|turn|18
|inactive|triangles has 180 seconds left.
|
|t:|1779567598
|switch|p2a: Zamazenta|Zamazenta|49/100
|move|p1a: Smallservice|Iron Defense|p1a: Smallservice
|-boost|p1a: Smallservice|def|2
|
|upkeep
|turn|19
|inactive|1LDK has 270 seconds left.
|
|t:|1779567626
|move|p2a: Zamazenta|Close Combat|p1a: Smallservice
|-damage|p1a: Smallservice|80/100
|-unboost|p2a: Zamazenta|def|1
|-unboost|p2a: Zamazenta|spd|1
|move|p1a: Smallservice|Body Press|p2a: Zamazenta
|-damage|p2a: Zamazenta|0 fnt
|faint|p2a: Zamazenta
|
|-heal|p1a: Smallservice|86/100|[from] item: Leftovers
|upkeep
|
|t:|1779567629
|switch|p2a: Zapdos|Zapdos|51/100
|-damage|p2a: Zapdos|26/100|[from] Stealth Rock
|turn|20
|inactive|triangles has 180 seconds left.
|
|t:|1779567651
|move|p1a: Smallservice|Body Press|p2a: Zapdos
|-resisted|p2a: Zapdos
|-damage|p2a: Zapdos|0 fnt
|-status|p1a: Smallservice|par|[from] ability: Static|[of] p2a: Zapdos
|faint|p2a: Zapdos
|
|-heal|p1a: Smallservice|93/100 par|[from] item: Leftovers
|upkeep
|c|☆triangles|fucks sake
|inactive|1LDK has 270 seconds left.
|c|☆1LDK|I cant say sorry on  good faith because yes I 100% needed that
|c|☆triangles|nah
|c|☆triangles|we both knew what we were getting into
|inactive|1LDK has 240 seconds left.
|inactive|1LDK has 210 seconds left.
|inactive|1LDK has 180 seconds left.
|
|t:|1779567767
|switch|p2a: Indeedee|Indeedee, M|88/100
|-damage|p2a: Indeedee|76/100|[from] Stealth Rock
|-fieldstart|move: Psychic Terrain|[from] ability: Psychic Surge|[of] p2a: Indeedee
|turn|21
|inactive|triangles has 180 seconds left.
|inactive|triangles has 150 seconds left.
|
|t:|1779567806
|switch|p1a: Mister|Slowking-Galar, F|100/100
|move|p2a: Indeedee|Dazzling Gleam|p1a: Mister
|-resisted|p1a: Mister
|-damage|p1a: Mister|90/100
|
|upkeep
|turn|22
|inactive|triangles has 150 seconds left.
|
|t:|1779567820
|switch|p2a: Ogerpon|Ogerpon-Wellspring, F|53/100
|-damage|p2a: Ogerpon|41/100|[from] Stealth Rock
|-prepare|p1a: Mister|Chilly Reception|[premajor]
|move|p1a: Mister|Chilly Reception|p1a: Mister
|-weather|Snowscape
|inactive|triangles has 150 seconds left.
|
|t:|1779567841
|switch|p1a: Shock Collar|Raging Bolt|60/100|[from] Chilly Reception
|
|-weather|Snowscape|[upkeep]
|upkeep
|turn|23
|
|t:|1779567861
|move|p2a: Ogerpon|Ivy Cudgel|p1a: Shock Collar|[anim] Ivy Cudgel Water
|-resisted|p1a: Shock Collar
|-damage|p1a: Shock Collar|34/100
|move|p1a: Shock Collar|Dragon Pulse|p2a: Ogerpon
|-damage|p2a: Ogerpon|0 fnt
|faint|p2a: Ogerpon
|
|-weather|Snowscape|[upkeep]
|upkeep
|inactive|1LDK has 150 seconds left.
|
|t:|1779567881
|switch|p2a: Indeedee|Indeedee, M|76/100
|-damage|p2a: Indeedee|64/100|[from] Stealth Rock
|turn|24
|
|t:|1779567892
|-end|p1a: Shock Collar|Protosynthesis|[silent]
|switch|p1a: Mister|Slowking-Galar, F|100/100
|move|p2a: Indeedee|Expanding Force|p1a: Mister
|-damage|p1a: Mister|35/100
|
|-weather|Snowscape|[upkeep]
|upkeep
|turn|25
|
|t:|1779567905
|move|p2a: Indeedee|Expanding Force|p1a: Mister
|-damage|p1a: Mister|0 fnt
|faint|p1a: Mister
|
|-weather|Snowscape|[upkeep]
|-fieldend|move: Psychic Terrain
|upkeep
|
|t:|1779567920
|switch|p1a: Phil Donphy|Iron Treads|72/100
|turn|26
|
|t:|1779567941
|move|p1a: Phil Donphy|Earthquake|p2a: Indeedee
|-damage|p2a: Indeedee|0 fnt
|faint|p2a: Indeedee
|
|-weather|none
|upkeep
|
|t:|1779567944
|switch|p2a: Tyranitar|Tyranitar, M|34/100
|-damage|p2a: Tyranitar|22/100|[from] Stealth Rock
|-weather|Sandstorm|[from] ability: Sand Stream|[of] p2a: Tyranitar
|turn|27
|inactive|triangles has 150 seconds left.
|
|t:|1779567960
|move|p1a: Phil Donphy|Earthquake|p2a: Tyranitar
|-supereffective|p2a: Tyranitar
|-damage|p2a: Tyranitar|0 fnt
|faint|p2a: Tyranitar
|
|-weather|Sandstorm|[upkeep]
|upkeep
|
|t:|1779567962
|switch|p2a: Excadrill|Excadrill, M|100/100
|-damage|p2a: Excadrill|97/100|[from] Stealth Rock
|turn|28
|
|t:|1779567977
|-terastallize|p1a: Phil Donphy|Ghost
|move|p2a: Excadrill|Earthquake|p1a: Phil Donphy
|-damage|p1a: Phil Donphy|26/100
|move|p1a: Phil Donphy|Earthquake|p2a: Excadrill
|-supereffective|p2a: Excadrill
|-damage|p2a: Excadrill|0 fnt
|faint|p2a: Excadrill
|
|win|triangles
|c|☆1LDK|gg
|c|☆triangles|gg
