|j|☆linosRed
|j|☆tympole mybeloved
|t:|1779596010
|gametype|singles
|player|p1|linosRed|flannery|1374
|player|p2|tympole mybeloved|pokemonranger-gen4|1397
|gen|9
|tier|[Gen 9] OU
|rated|
|rule|HP Percentage Mod: HP is shown in percentages
|rule|Endless Battle Clause: Forcing endless battles is banned
|rule|Species Clause: Limit one of each Pokémon
|rule|OHKO Clause: OHKO moves are banned
|rule|Evasion Items Clause: Evasion items are banned
|rule|Evasion Moves Clause: Evasion moves are banned
|rule|Evasion Abilities Clause: Evasion abilities are banned
|rule|Sleep Moves Clause: Sleep-inducing moves are banned
|clearpoke
|poke|p1|Great Tusk|
|poke|p1|Walking Wake|
|poke|p1|Kingambit, F|
|poke|p1|Venusaur, M|
|poke|p1|Ninetales, F|
|poke|p1|Raging Bolt|
|poke|p2|Great Tusk|
|poke|p2|Dragonite, M|
|poke|p2|Arcanine-Hisui, M|
|poke|p2|Corviknight, F|
|poke|p2|Alomomola, F|
|poke|p2|Primarina, F|
|teampreview
|inactive|Battle timer is ON: inactive players will automatically lose when time's up. (requested by tympole mybeloved)
|
|t:|1779596017
|teamsize|p1|6
|teamsize|p2|6
|start
|switch|p1a: Ninetales|Ninetales, F|100/100
|switch|p2a: Great Tusk|Great Tusk|100/100
|-weather|SunnyDay|[from] ability: Drought|[of] p1a: Ninetales
|-activate|p2a: Great Tusk|ability: Protosynthesis
|-start|p2a: Great Tusk|protosynthesisspe
|turn|1
|j| crust king kahn
|
|t:|1779596025
|switch|p1a: Raging Bolt|Raging Bolt|100/100
|-item|p1a: Raging Bolt|Air Balloon
|-activate|p1a: Raging Bolt|ability: Protosynthesis
|-start|p1a: Raging Bolt|protosynthesisspa
|move|p2a: Great Tusk|Stealth Rock|p1a: Raging Bolt
|-sidestart|p1: linosRed|move: Stealth Rock
|
|-weather|SunnyDay|[upkeep]
|upkeep
|turn|2
|
|t:|1779596035
|move|p2a: Great Tusk|Knock Off|p1a: Raging Bolt
|-damage|p1a: Raging Bolt|73/100
|-enditem|p1a: Raging Bolt|Air Balloon
|move|p1a: Raging Bolt|Calm Mind|p1a: Raging Bolt
|-boost|p1a: Raging Bolt|spa|1
|-boost|p1a: Raging Bolt|spd|1
|
|-weather|SunnyDay|[upkeep]
|upkeep
|turn|3
|
|t:|1779596043
|-terastallize|p1a: Raging Bolt|Fairy
|move|p2a: Great Tusk|Headlong Rush|p1a: Raging Bolt
|-crit|p1a: Raging Bolt
|-damage|p1a: Raging Bolt|0 fnt
|-unboost|p2a: Great Tusk|def|1
|-unboost|p2a: Great Tusk|spd|1
|faint|p1a: Raging Bolt
|-end|p1a: Raging Bolt|Protosynthesis|[silent]
|
|-weather|SunnyDay|[upkeep]
|upkeep
|
|t:|1779596052
|switch|p1a: Venusaur|Venusaur, M|100/100
|-damage|p1a: Venusaur|88/100|[from] Stealth Rock
|turn|4
|
|t:|1779596058
|-end|p2a: Great Tusk|Protosynthesis|[silent]
|switch|p2a: Corviknight|Corviknight, F|100/100
|-ability|p2a: Corviknight|Pressure
|move|p1a: Venusaur|Growth|p1a: Venusaur
|-boost|p1a: Venusaur|atk|2
|-boost|p1a: Venusaur|spa|2
|
|-weather|SunnyDay|[upkeep]
|upkeep
|turn|5
|
|t:|1779596067
|move|p1a: Venusaur|Weather Ball|p2a: Corviknight
|-supereffective|p2a: Corviknight
|-damage|p2a: Corviknight|0 fnt
|faint|p2a: Corviknight
|-damage|p1a: Venusaur|78/100|[from] item: Life Orb
|
|-weather|SunnyDay|[upkeep]
|upkeep
|
|t:|1779596089
|switch|p2a: Alomomola|Alomomola, F|100/100
|turn|6
|
|t:|1779596092
|move|p2a: Alomomola|Protect|p2a: Alomomola
|-singleturn|p2a: Alomomola|Protect
|move|p1a: Venusaur|Giga Drain|p2a: Alomomola
|-activate|p2a: Alomomola|move: Protect
|
|-weather|SunnyDay|[upkeep]
|upkeep
|turn|7
|
|t:|1779596105
|-terastallize|p2a: Alomomola|Poison
|move|p1a: Venusaur|Giga Drain|p2a: Alomomola
|-resisted|p2a: Alomomola
|-damage|p2a: Alomomola|68/100
|-heal|p1a: Venusaur|100/100|[from] drain|[of] p2a: Alomomola
|-damage|p1a: Venusaur|91/100|[from] item: Life Orb
|move|p2a: Alomomola|Icy Wind|p1a: Venusaur
|-supereffective|p1a: Venusaur
|-damage|p1a: Venusaur|76/100
|-unboost|p1a: Venusaur|spe|1
|
|-weather|SunnyDay|[upkeep]
|upkeep
|turn|8
|
|t:|1779596117
|move|p2a: Alomomola|Protect|p2a: Alomomola
|-singleturn|p2a: Alomomola|Protect
|move|p1a: Venusaur|Weather Ball|p2a: Alomomola
|-activate|p2a: Alomomola|move: Protect
|
|-weather|none
|upkeep
|turn|9
|
|t:|1779596131
|switch|p1a: Ninetales|Ninetales, F|100/100
|-damage|p1a: Ninetales|76/100|[from] Stealth Rock
|-weather|SunnyDay|[from] ability: Drought|[of] p1a: Ninetales
|move|p2a: Alomomola|Flip Turn|p1a: Ninetales
|-supereffective|p1a: Ninetales
|-damage|p1a: Ninetales|58/100
|
|t:|1779596139
|switch|p2a: Arcanine|Arcanine-Hisui, M|100/100|[from] Flip Turn
|
|-weather|SunnyDay|[upkeep]
|upkeep
|turn|10
|
|t:|1779596146
|switch|p1a: Great Tusk|Great Tusk|100/100
|-damage|p1a: Great Tusk|98/100|[from] Stealth Rock
|-activate|p1a: Great Tusk|ability: Protosynthesis
|-start|p1a: Great Tusk|protosynthesisatk
|move|p2a: Arcanine|Head Smash|p1a: Great Tusk
|-resisted|p1a: Great Tusk
|-damage|p1a: Great Tusk|85/100
|
|-weather|SunnyDay|[upkeep]
|upkeep
|turn|11
|
|t:|1779596158
|switch|p2a: Great Tusk|Great Tusk|100/100
|-activate|p2a: Great Tusk|ability: Protosynthesis
|-start|p2a: Great Tusk|protosynthesisspe
|move|p1a: Great Tusk|Rapid Spin|p2a: Great Tusk
|-damage|p2a: Great Tusk|87/100
|-boost|p1a: Great Tusk|spe|1
|-damage|p1a: Great Tusk|69/100|[from] item: Rocky Helmet|[of] p2a: Great Tusk
|-sideend|p1: linosRed|Stealth Rock|[from] move: Rapid Spin|[of] p1a: Great Tusk
|
|-weather|SunnyDay|[upkeep]
|upkeep
|turn|12
|l| crust king kahn
|
|t:|1779596169
|move|p2a: Great Tusk|Knock Off|p1a: Great Tusk
|-resisted|p1a: Great Tusk
|-damage|p1a: Great Tusk|59/100
|-enditem|p1a: Great Tusk|Assault Vest|[from] move: Knock Off|[of] p2a: Great Tusk
|move|p1a: Great Tusk|Ice Spinner|p2a: Great Tusk
|-supereffective|p2a: Great Tusk
|-damage|p2a: Great Tusk|37/100
|-damage|p1a: Great Tusk|43/100|[from] item: Rocky Helmet|[of] p2a: Great Tusk
|
|-weather|SunnyDay|[upkeep]
|upkeep
|turn|13
|
|t:|1779596183
|-end|p2a: Great Tusk|Protosynthesis|[silent]
|switch|p2a: Primarina|Primarina, F|100/100
|move|p1a: Great Tusk|Ice Spinner|p2a: Primarina
|-resisted|p2a: Primarina
|-damage|p2a: Primarina|78/100
|
|-weather|SunnyDay|[upkeep]
|upkeep
|turn|14
|
|t:|1779596192
|move|p1a: Great Tusk|Headlong Rush|p2a: Primarina
|-damage|p2a: Primarina|0 fnt
|-unboost|p1a: Great Tusk|def|1
|-unboost|p1a: Great Tusk|spd|1
|faint|p2a: Primarina
|
|-weather|SunnyDay|[upkeep]
|upkeep
|
|t:|1779596212
|switch|p2a: Dragonite|Dragonite, M|100/100
|turn|15
|
|t:|1779596219
|move|p2a: Dragonite|Extreme Speed|p1a: Great Tusk
|-damage|p1a: Great Tusk|0 fnt
|faint|p1a: Great Tusk
|-end|p1a: Great Tusk|Protosynthesis|[silent]
|
|-weather|SunnyDay|[upkeep]
|upkeep
|
|t:|1779596226
|switch|p1a: Walking Wake|Walking Wake|100/100
|-activate|p1a: Walking Wake|ability: Protosynthesis
|-start|p1a: Walking Wake|protosynthesisspe
|turn|16
|
|t:|1779596235
|switch|p2a: Alomomola|Alomomola, F, tera:Poison|100/100
|move|p1a: Walking Wake|Draco Meteor|p2a: Alomomola
|-damage|p2a: Alomomola|50/100
|-unboost|p1a: Walking Wake|spa|2
|
|-weather|none
|-end|p1a: Walking Wake|Protosynthesis
|upkeep
|turn|17
|
|t:|1779596245
|-end|p1a: Walking Wake|Protosynthesis|[silent]
|switch|p1a: Ninetales|Ninetales, F|58/100
|-weather|SunnyDay|[from] ability: Drought|[of] p1a: Ninetales
|move|p2a: Alomomola|Flip Turn|p1a: Ninetales
|-supereffective|p1a: Ninetales
|-damage|p1a: Ninetales|41/100
|
|t:|1779596253
|switch|p2a: Great Tusk|Great Tusk|37/100|[from] Flip Turn
|-activate|p2a: Great Tusk|ability: Protosynthesis
|-start|p2a: Great Tusk|protosynthesisspe
|
|-weather|SunnyDay|[upkeep]
|upkeep
|turn|18
|
|t:|1779596267
|switch|p1a: Walking Wake|Walking Wake|100/100
|-activate|p1a: Walking Wake|ability: Protosynthesis
|-start|p1a: Walking Wake|protosynthesisspe
|move|p2a: Great Tusk|Stealth Rock|p1a: Walking Wake
|-sidestart|p1: linosRed|move: Stealth Rock
|
|-weather|SunnyDay|[upkeep]
|upkeep
|turn|19
|
|t:|1779596277
|move|p1a: Walking Wake|Hydro Steam|p2a: Great Tusk
|-supereffective|p2a: Great Tusk
|-damage|p2a: Great Tusk|0 fnt
|faint|p2a: Great Tusk
|-end|p2a: Great Tusk|Protosynthesis|[silent]
|
|-weather|SunnyDay|[upkeep]
|upkeep
|
|t:|1779596301
|switch|p2a: Dragonite|Dragonite, M|100/100
|turn|20
|inactive|linosRed has 120 seconds left.
|
|t:|1779596351
|move|p1a: Walking Wake|Draco Meteor|p2a: Dragonite
|-supereffective|p2a: Dragonite
|-damage|p2a: Dragonite|41/100
|-unboost|p1a: Walking Wake|spa|2
|move|p2a: Dragonite|Outrage|p1a: Walking Wake
|-supereffective|p1a: Walking Wake
|-crit|p1a: Walking Wake
|-damage|p1a: Walking Wake|0 fnt
|faint|p1a: Walking Wake
|-end|p1a: Walking Wake|Protosynthesis|[silent]
|
|-weather|SunnyDay|[upkeep]
|upkeep
|
|t:|1779596360
|switch|p1a: Kingambit|Kingambit, F|100/100
|-damage|p1a: Kingambit|94/100|[from] Stealth Rock
|-activate|p1a: Kingambit|ability: Supreme Overlord
|-start|p1a: Kingambit|fallen3|[silent]
|-item|p1a: Kingambit|Air Balloon
|turn|21
|
|t:|1779596365
|move|p2a: Dragonite|Outrage|p1a: Kingambit|[from] lockedmove
|-resisted|p1a: Kingambit
|-damage|p1a: Kingambit|56/100
|-enditem|p1a: Kingambit|Air Balloon
|-start|p2a: Dragonite|confusion|[fatigue]
|move|p1a: Kingambit|Kowtow Cleave|p2a: Dragonite
|-damage|p2a: Dragonite|0 fnt
|faint|p2a: Dragonite
|
|-weather|SunnyDay|[upkeep]
|upkeep
|
|t:|1779596376
|switch|p2a: Arcanine|Arcanine-Hisui, M|100/100
|turn|22
|j| Brazilian Boys
|inactive|linosRed has 120 seconds left.
|
|t:|1779596384
|move|p1a: Kingambit|Sucker Punch|p2a: Arcanine
|-damage|p2a: Arcanine|38/100
|move|p2a: Arcanine|Flare Blitz|p1a: Kingambit
|-supereffective|p1a: Kingambit
|-damage|p1a: Kingambit|0 fnt
|faint|p1a: Kingambit
|-end|p1a: Kingambit|fallen3|[silent]
|
|-weather|SunnyDay|[upkeep]
|upkeep
|c| Brazilian Boys|Oi lindos
|inactive|linosRed has 120 seconds left.
|
|t:|1779596389
|switch|p1a: Venusaur|Venusaur, M|76/100
|-damage|p1a: Venusaur|64/100|[from] Stealth Rock
|turn|23
|c| Brazilian Boys|Linos*
|
|t:|1779596395
|switch|p2a: Alomomola|Alomomola, F, tera:Poison|84/100
|move|p1a: Venusaur|Giga Drain|p2a: Alomomola
|-resisted|p2a: Alomomola
|-damage|p2a: Alomomola|68/100
|-heal|p1a: Venusaur|78/100|[from] drain|[of] p2a: Alomomola
|-damage|p1a: Venusaur|68/100|[from] item: Life Orb
|
|-weather|SunnyDay|[upkeep]
|upkeep
|turn|24
|
|t:|1779596405
|move|p2a: Alomomola|Protect|p2a: Alomomola
|-singleturn|p2a: Alomomola|Protect
|move|p1a: Venusaur|Growth|p1a: Venusaur
|-boost|p1a: Venusaur|atk|2
|-boost|p1a: Venusaur|spa|2
|
|-weather|none
|upkeep
|turn|25
|
|t:|1779596411
|move|p1a: Venusaur|Sludge Bomb|p2a: Alomomola
|-resisted|p2a: Alomomola
|-damage|p2a: Alomomola|28/100
|-damage|p1a: Venusaur|58/100|[from] item: Life Orb
|move|p2a: Alomomola|Wish|p2a: Alomomola
|
|upkeep
|turn|26
|
|t:|1779596423
|move|p1a: Venusaur|Giga Drain|p2a: Alomomola
|-resisted|p2a: Alomomola
|-damage|p2a: Alomomola|0 fnt
|-heal|p1a: Venusaur|82/100|[from] drain|[of] p2a: Alomomola
|faint|p2a: Alomomola
|-damage|p1a: Venusaur|72/100|[from] item: Life Orb
|
|upkeep
|
|t:|1779596427
|switch|p2a: Arcanine|Arcanine-Hisui, M|38/100
|turn|27
|c|☆linosRed|oi
|c|☆linosRed|quem e ??
|
|t:|1779596436
|switch|p1a: Ninetales|Ninetales, F|41/100
|-damage|p1a: Ninetales|16/100|[from] Stealth Rock
|-weather|SunnyDay|[from] ability: Drought|[of] p1a: Ninetales
|move|p2a: Arcanine|Head Smash|p1a: Ninetales
|-supereffective|p1a: Ninetales
|-damage|p1a: Ninetales|0 fnt
|faint|p1a: Ninetales
|
|-weather|SunnyDay|[upkeep]
|upkeep
|
|t:|1779596443
|switch|p1a: Venusaur|Venusaur, M|72/100
|-damage|p1a: Venusaur|60/100|[from] Stealth Rock
|turn|28
|c|☆tympole mybeloved|gg
|
|t:|1779596449
|move|p1a: Venusaur|Giga Drain|p2a: Arcanine
|-damage|p2a: Arcanine|0 fnt
|-heal|p1a: Venusaur|81/100|[from] drain|[of] p2a: Arcanine
|faint|p2a: Arcanine
|-damage|p1a: Venusaur|71/100|[from] item: Life Orb
|
|win|linosRed
|raw|linosRed's rating: 1369 &rarr; <strong>1391</strong><br />(+22 for winning)
|raw|tympole mybeloved's rating: 1397 &rarr; <strong>1375</strong><br />(-22 for losing)
|l|☆tympole mybeloved
|player|p2|
|l|☆linosRed
|player|p1|
|l| Brazilian Boys
