|j|☆SaintEndless
|j|☆A1vinZenith
|t:|1779722488
|gametype|singles
|player|p1|SaintEndless|lucas|1040
|player|p2|A1vinZenith|alder|1053
|gen|9
|tier|[Gen 9] OU
|rated|
|rule|HP Percentage Mod: HP is shown in percentages
|rule|Endless Battle Clause: Forcing endless battles is banned
|rule|Species Clause: Limit one of each Pokémon
|rule|OHKO Clause: OHKO moves are banned
|rule|Evasion Items Clause: Evasion items are banned
|rule|Evasion Moves Clause: Evasion moves are banned
|rule|Evasion Abilities Clause: Evasion abilities are banned
|rule|Sleep Moves Clause: Sleep-inducing moves are banned
|clearpoke
|poke|p1|Dragonite, F|
|poke|p1|Dragapult, M|
|poke|p1|Ogerpon-Wellspring, F|
|poke|p1|Great Tusk|
|poke|p1|Kingambit, F|
|poke|p1|Iron Valiant|
|poke|p2|Greninja-*, F|
|poke|p2|Venusaur, M|
|poke|p2|Metagross|
|poke|p2|Blaziken, F|
|poke|p2|Latios, M|
|poke|p2|Kingambit, F|
|teampreview
|
|t:|1779722507
|teamsize|p1|6
|teamsize|p2|6
|start
|switch|p1a: Ogerpon|Ogerpon-Wellspring, F|100/100
|switch|p2a: Latios|Latios, M, shiny|100/100
|turn|1
|
|t:|1779722517
|move|p1a: Ogerpon|U-turn|p2a: Latios
|-supereffective|p2a: Latios
|-damage|p2a: Latios|31/100
|
|t:|1779722532
|switch|p1a: Kingambit|Kingambit, F|100/100|[from] U-turn
|move|p2a: Latios|Luster Purge|p1a: Kingambit
|-immune|p1a: Kingambit
|
|upkeep
|turn|2
|
|t:|1779722554
|switch|p2a: Blaziken|Blaziken, F|100/100
|move|p1a: Kingambit|Sucker Punch||[still]
|-fail|p1a: Kingambit
|
|upkeep
|turn|3
|
|t:|1779722561
|-end|p1a: Kingambit|fallenundefined|[silent]
|switch|p1a: Great Tusk|Great Tusk|100/100
|move|p2a: Blaziken|Close Combat|p1a: Great Tusk
|-damage|p1a: Great Tusk|47/100
|-unboost|p2a: Blaziken|def|1
|-unboost|p2a: Blaziken|spd|1
|-damage|p2a: Blaziken|91/100|[from] item: Life Orb
|
|-ability|p2a: Blaziken|Speed Boost|boost
|-boost|p2a: Blaziken|spe|1
|upkeep
|turn|4
|
|t:|1779722587
|-terastallize|p2a: Blaziken|Fighting
|move|p2a: Blaziken|Flare Blitz|p1a: Great Tusk
|-damage|p1a: Great Tusk|0 fnt
|faint|p1a: Great Tusk
|-end|p1a: Great Tusk|Protosynthesis|[silent]
|-damage|p2a: Blaziken|69/100|[from] Recoil
|-damage|p2a: Blaziken|59/100|[from] item: Life Orb
|
|-ability|p2a: Blaziken|Speed Boost|boost
|-boost|p2a: Blaziken|spe|1
|upkeep
|
|t:|1779722615
|switch|p1a: Dragapult|Dragapult, M|100/100
|turn|5
|
|t:|1779722632
|switch|p2a: Venusaur|Venusaur, M|100/100
|move|p1a: Dragapult|Shadow Ball|p2a: Venusaur
|-damage|p2a: Venusaur|38/100
|
|upkeep
|turn|6
|
|t:|1779722641
|move|p1a: Dragapult|Shadow Ball|p2a: Venusaur
|-damage|p2a: Venusaur|0 fnt
|faint|p2a: Venusaur
|
|upkeep
|
|t:|1779722647
|switch|p2a: Greninja|Greninja, F, shiny|100/100
|turn|7
|
|t:|1779722667
|switch|p1a: Ogerpon|Ogerpon-Wellspring, F|100/100
|move|p2a: Greninja|Ice Beam|p1a: Ogerpon
|-start|p2a: Greninja|typechange|Ice|[from] ability: Protean
|-damage|p1a: Ogerpon|57/100
|-status|p1a: Ogerpon|frz
|
|upkeep
|turn|8
|c|☆SaintEndless|Bruh
|
|t:|1779722690
|move|p2a: Greninja|U-turn|p1a: Ogerpon
|-supereffective|p1a: Ogerpon
|-damage|p1a: Ogerpon|18/100 frz
|
|t:|1779722694
|switch|p2a: Blaziken|Blaziken, F, tera:Fighting|59/100|[from] U-turn
|cant|p1a: Ogerpon|frz
|
|upkeep
|turn|9
|
|t:|1779722701
|cant|p1a: Ogerpon|frz
|move|p2a: Blaziken|Close Combat|p1a: Ogerpon
|-damage|p1a: Ogerpon|0 fnt
|-unboost|p2a: Blaziken|def|1
|-unboost|p2a: Blaziken|spd|1
|faint|p1a: Ogerpon
|-damage|p2a: Blaziken|49/100|[from] item: Life Orb
|
|-ability|p2a: Blaziken|Speed Boost|boost
|-boost|p2a: Blaziken|spe|1
|upkeep
|
|t:|1779722719
|switch|p1a: Dragonite|Dragonite, F|100/100
|turn|10
|
|t:|1779722727
|move|p2a: Blaziken|Flare Blitz|p1a: Dragonite
|-resisted|p1a: Dragonite
|-damage|p1a: Dragonite|78/100
|-status|p1a: Dragonite|brn
|-damage|p2a: Blaziken|41/100|[from] Recoil
|-damage|p2a: Blaziken|31/100|[from] item: Life Orb
|move|p1a: Dragonite|Dragon Dance|p1a: Dragonite
|-boost|p1a: Dragonite|atk|1
|-boost|p1a: Dragonite|spe|1
|
|-damage|p1a: Dragonite|71/100 brn|[from] brn
|-ability|p2a: Blaziken|Speed Boost|boost
|-boost|p2a: Blaziken|spe|1
|upkeep
|turn|11
|c|☆SaintEndless|Alright
|
|t:|1779722750
|move|p2a: Blaziken|Swords Dance|p2a: Blaziken
|-boost|p2a: Blaziken|atk|2
|move|p1a: Dragonite|Roost|p1a: Dragonite
|-heal|p1a: Dragonite|100/100 brn
|-singleturn|p1a: Dragonite|move: Roost
|
|-damage|p1a: Dragonite|94/100 brn|[from] brn
|-ability|p2a: Blaziken|Speed Boost|boost
|-boost|p2a: Blaziken|spe|1
|upkeep
|turn|12
|
|t:|1779722759
|move|p1a: Dragonite|Extreme Speed|p2a: Blaziken
|-damage|p2a: Blaziken|0 fnt
|faint|p2a: Blaziken
|
|-damage|p1a: Dragonite|88/100 brn|[from] brn
|upkeep
|
|t:|1779722767
|switch|p2a: Latios|Latios, M, shiny|31/100
|turn|13
|
|t:|1779722771
|move|p1a: Dragonite|Extreme Speed|p2a: Latios
|-damage|p2a: Latios|0 fnt
|faint|p2a: Latios
|
|-damage|p1a: Dragonite|82/100 brn|[from] brn
|upkeep
|
|t:|1779722777
|switch|p2a: Metagross|Metagross|100/100
|turn|14
|
|t:|1779722782
|move|p2a: Metagross|Bullet Punch|p1a: Dragonite
|-damage|p1a: Dragonite|54/100 brn
|move|p1a: Dragonite|Earthquake|p2a: Metagross
|-supereffective|p2a: Metagross
|-damage|p2a: Metagross|46/100
|
|-damage|p1a: Dragonite|48/100 brn|[from] brn
|upkeep
|turn|15
|
|t:|1779722789
|move|p1a: Dragonite|Roost|p1a: Dragonite
|-heal|p1a: Dragonite|98/100 brn
|-singleturn|p1a: Dragonite|move: Roost
|move|p2a: Metagross|Meteor Mash|p1a: Dragonite
|-damage|p1a: Dragonite|33/100 brn
|
|-damage|p1a: Dragonite|27/100 brn|[from] brn
|upkeep
|turn|16
|
|t:|1779722798
|move|p2a: Metagross|Bullet Punch|p1a: Dragonite
|-damage|p1a: Dragonite|0 fnt
|faint|p1a: Dragonite
|
|upkeep
|
|t:|1779722807
|switch|p1a: Dragapult|Dragapult, M|100/100
|turn|17
|
|t:|1779722815
|move|p1a: Dragapult|Shadow Ball|p2a: Metagross
|-supereffective|p2a: Metagross
|-damage|p2a: Metagross|0 fnt
|faint|p2a: Metagross
|
|upkeep
|
|t:|1779722820
|switch|p2a: Greninja|Greninja, F, shiny|100/100
|turn|18
|
|t:|1779722835
|switch|p1a: Kingambit|Kingambit, F|100/100
|-activate|p1a: Kingambit|ability: Supreme Overlord
|-start|p1a: Kingambit|fallen3|[silent]
|move|p2a: Greninja|Dark Pulse|p1a: Kingambit
|-start|p2a: Greninja|typechange|Dark|[from] ability: Protean
|-resisted|p1a: Kingambit
|-damage|p1a: Kingambit|83/100
|
|-heal|p1a: Kingambit|89/100|[from] item: Leftovers
|upkeep
|turn|19
|
|t:|1779722850
|move|p2a: Greninja|Hydro Pump|p1a: Kingambit
|-damage|p1a: Kingambit|59/100
|move|p1a: Kingambit|Iron Head|p2a: Greninja
|-damage|p2a: Greninja|3/100
|
|-heal|p1a: Kingambit|65/100|[from] item: Leftovers
|upkeep
|turn|20
|
|t:|1779722858
|move|p1a: Kingambit|Sucker Punch|p2a: Greninja
|-resisted|p2a: Greninja
|-damage|p2a: Greninja|0 fnt
|faint|p2a: Greninja
|
|-heal|p1a: Kingambit|72/100|[from] item: Leftovers
|upkeep
|
|t:|1779722865
|switch|p2a: Kingambit|Kingambit, F|100/100
|-activate|p2a: Kingambit|ability: Supreme Overlord
|-start|p2a: Kingambit|fallen5|[silent]
|turn|21
|
|t:|1779722878
|move|p2a: Kingambit|Sucker Punch|p1a: Kingambit
|-resisted|p1a: Kingambit
|-damage|p1a: Kingambit|43/100
|move|p1a: Kingambit|Kowtow Cleave|p2a: Kingambit
|-resisted|p2a: Kingambit
|-damage|p2a: Kingambit|76/100
|
|-heal|p1a: Kingambit|49/100|[from] item: Leftovers
|upkeep
|turn|22
|
|t:|1779722886
|move|p2a: Kingambit|Kowtow Cleave|p1a: Kingambit
|-resisted|p1a: Kingambit
|-damage|p1a: Kingambit|13/100
|move|p1a: Kingambit|Kowtow Cleave|p2a: Kingambit
|-resisted|p2a: Kingambit
|-damage|p2a: Kingambit|49/100
|
|-heal|p1a: Kingambit|20/100|[from] item: Leftovers
|upkeep
|turn|23
|
|t:|1779722895
|move|p1a: Kingambit|Sucker Punch|p2a: Kingambit
|-resisted|p2a: Kingambit
|-damage|p2a: Kingambit|29/100
|move|p2a: Kingambit|Iron Head|p1a: Kingambit
|-resisted|p1a: Kingambit
|-damage|p1a: Kingambit|0 fnt
|faint|p1a: Kingambit
|-end|p1a: Kingambit|fallen3|[silent]
|
|upkeep
|
|t:|1779722900
|switch|p1a: Dragapult|Dragapult, M|100/100
|turn|24
|
|t:|1779722905
|-terastallize|p1a: Dragapult|Dragon
|move|p2a: Kingambit|Sucker Punch|p1a: Dragapult
|-damage|p1a: Dragapult|2/100
|move|p1a: Dragapult|Flamethrower|p2a: Kingambit
|-supereffective|p2a: Kingambit
|-damage|p2a: Kingambit|0 fnt
|faint|p2a: Kingambit
|-end|p2a: Kingambit|fallen5|[silent]
|
|win|SaintEndless
|raw|SaintEndless's rating: 1040 &rarr; <strong>1075</strong><br />(+35 for winning)
|raw|A1vinZenith's rating: 1053 &rarr; <strong>1034</strong><br />(-19 for losing)
|l|☆A1vinZenith
|player|p2|
|c|☆SaintEndless|ggs
