|j|☆onionxking
|j|☆gardevoirandvapo
|t:|1779628037
|gametype|singles
|player|p1|onionxking|pokemaniac|1107
|player|p2|gardevoirandvapo|169|1098
|gen|9
|tier|[Gen 9] OU
|rated|
|rule|HP Percentage Mod: HP is shown in percentages
|rule|Endless Battle Clause: Forcing endless battles is banned
|rule|Species Clause: Limit one of each Pokémon
|rule|OHKO Clause: OHKO moves are banned
|rule|Evasion Items Clause: Evasion items are banned
|rule|Evasion Moves Clause: Evasion moves are banned
|rule|Evasion Abilities Clause: Evasion abilities are banned
|rule|Sleep Moves Clause: Sleep-inducing moves are banned
|clearpoke
|poke|p1|Greninja-*, M|
|poke|p1|Great Tusk|
|poke|p1|Braviary-Hisui, M|
|poke|p1|Dragapult, M|
|poke|p1|Iron Valiant|
|poke|p1|Ribombee, F|
|poke|p2|Tinkaton, F|
|poke|p2|Raichu-Alola, M|
|poke|p2|Smeargle, M|
|poke|p2|Dragapult, M|
|poke|p2|Basculegion-F, F|
|poke|p2|Mew|
|teampreview
|inactive|Battle timer is ON: inactive players will automatically lose when time's up. (requested by onionxking)
|
|t:|1779628049
|teamsize|p1|6
|teamsize|p2|6
|start
|switch|p1a: Ribombee|Ribombee, F|100/100
|switch|p2a: Smeargle|Smeargle, M|100/100
|turn|1
|
|t:|1779628059
|move|p1a: Ribombee|Stun Spore|p2a: Smeargle|[miss]
|-miss|p1a: Ribombee|p2a: Smeargle
|move|p2a: Smeargle|Toxic Spikes|p1a: Ribombee
|-sidestart|p1: onionxking|move: Toxic Spikes
|
|upkeep
|turn|2
|
|t:|1779628067
|move|p1a: Ribombee|Sticky Web|p2a: Smeargle
|-sidestart|p2: gardevoirandvapo|move: Sticky Web
|move|p2a: Smeargle|Stone Axe|p1a: Ribombee
|-supereffective|p1a: Ribombee
|-damage|p1a: Ribombee|83/100
|-sidestart|p1: onionxking|move: Stealth Rock
|
|upkeep
|turn|3
|
|t:|1779628079
|move|p1a: Ribombee|Moonblast|p2a: Smeargle
|-damage|p2a: Smeargle|12/100
|move|p2a: Smeargle|Ceaseless Edge|p1a: Ribombee
|-resisted|p1a: Ribombee
|-damage|p1a: Ribombee|78/100
|-sidestart|p1: onionxking|Spikes
|
|upkeep
|turn|4
|
|t:|1779628092
|move|p1a: Ribombee|Moonblast|p2a: Smeargle
|-damage|p2a: Smeargle|0 fnt
|faint|p2a: Smeargle
|
|upkeep
|inactive|gardevoirandvapo has 120 seconds left.
|
|t:|1779628125
|switch|p2a: Basculegion|Basculegion-F, F|100/100
|-activate|p2a: Basculegion|move: Sticky Web
|-unboost|p2a: Basculegion|spe|1
|turn|5
|inactive|gardevoirandvapo has 120 seconds left.
|
|t:|1779628132
|move|p1a: Ribombee|Stun Spore|p2a: Basculegion
|-status|p2a: Basculegion|par
|move|p2a: Basculegion|Agility|p2a: Basculegion
|-boost|p2a: Basculegion|spe|2
|
|upkeep
|turn|6
|
|t:|1779628141
|move|p1a: Ribombee|Trick|p2a: Basculegion
|-activate|p1a: Ribombee|move: Trick|[of] p2a: Basculegion
|-item|p2a: Basculegion|Focus Sash|[from] move: Trick
|-item|p1a: Ribombee|Focus Sash|[from] move: Trick
|move|p2a: Basculegion|Agility|p2a: Basculegion
|-boost|p2a: Basculegion|spe|2
|
|upkeep
|turn|7
|
|t:|1779628151
|move|p1a: Ribombee|Moonblast|p2a: Basculegion
|-damage|p2a: Basculegion|52/100 par
|-unboost|p2a: Basculegion|spa|1
|move|p2a: Basculegion|Agility|p2a: Basculegion
|-boost|p2a: Basculegion|spe|2
|
|upkeep
|turn|8
|
|t:|1779628164
|move|p2a: Basculegion|Hydro Pump|p1a: Ribombee
|-damage|p1a: Ribombee|3/100
|move|p1a: Ribombee|Moonblast|p2a: Basculegion
|-damage|p2a: Basculegion|11/100 par
|-unboost|p2a: Basculegion|spa|1
|
|upkeep
|turn|9
|
|t:|1779628175
|cant|p2a: Basculegion|par
|move|p1a: Ribombee|Moonblast|p2a: Basculegion
|-damage|p2a: Basculegion|0 fnt
|faint|p2a: Basculegion
|
|upkeep
|inactive|gardevoirandvapo has 120 seconds left.
|
|t:|1779628205
|switch|p2a: Mew|Mew|100/100
|-activate|p2a: Mew|move: Sticky Web
|-unboost|p2a: Mew|spe|1
|turn|10
|
|t:|1779628209
|move|p1a: Ribombee|Trick|p2a: Mew
|-activate|p1a: Ribombee|move: Trick|[of] p2a: Mew
|-item|p2a: Mew|Focus Sash|[from] move: Trick
|-item|p1a: Ribombee|Sitrus Berry|[from] move: Trick
|-enditem|p1a: Ribombee|Sitrus Berry|[eat]
|-heal|p1a: Ribombee|28/100|[from] item: Sitrus Berry
|move|p2a: Mew|Electric Terrain|p2a: Mew
|-fieldstart|move: Electric Terrain
|
|upkeep
|turn|11
|inactive|gardevoirandvapo has 120 seconds left.
|
|t:|1779628220
|move|p1a: Ribombee|Moonblast|p2a: Mew
|-damage|p2a: Mew|70/100
|move|p2a: Mew|Volt Switch|p1a: Ribombee
|-damage|p1a: Ribombee|0 fnt
|faint|p1a: Ribombee
|
|t:|1779628226
|switch|p2a: Raichu|Raichu-Alola, M|100/100|[from] Volt Switch
|-activate|p2a: Raichu|move: Sticky Web
|-unboost|p2a: Raichu|spe|1
|
|upkeep
|
|t:|1779628249
|switch|p1a: Great Tusk|Great Tusk|100/100
|turn|12
|inactive|gardevoirandvapo has 120 seconds left.
|inactive|gardevoirandvapo has 90 seconds left.
|
|t:|1779628295
|switch|p2a: Dragapult|Dragapult, M|100/100
|-activate|p2a: Dragapult|move: Sticky Web
|-unboost|p2a: Dragapult|spe|1
|-terastallize|p1a: Great Tusk|Steel
|move|p1a: Great Tusk|Rapid Spin|p2a: Dragapult
|-immune|p2a: Dragapult
|
|upkeep
|turn|13
|inactive|gardevoirandvapo has 90 seconds left.
|
|t:|1779628316
|move|p1a: Great Tusk|Ice Spinner|p2a: Dragapult
|-supereffective|p2a: Dragapult
|-damage|p2a: Dragapult|27/100
|-fieldend|move: Electric Terrain
|move|p2a: Dragapult|Flamethrower|p1a: Great Tusk
|-supereffective|p1a: Great Tusk
|-damage|p1a: Great Tusk|0 fnt
|faint|p1a: Great Tusk
|-end|p1a: Great Tusk|Protosynthesis|[silent]
|
|upkeep
|
|t:|1779628324
|switch|p1a: Dragapult|Dragapult, M, shiny|100/100
|turn|14
|inactive|gardevoirandvapo has 90 seconds left.
|
|t:|1779628341
|move|p1a: Dragapult|Dragon Darts|p2a: Dragapult
|-supereffective|p2a: Dragapult
|-damage|p2a: Dragapult|0 fnt
|faint|p2a: Dragapult
|
|upkeep
|inactive|gardevoirandvapo has 60 seconds left.
|c|☆gardevoirandvapo|Yo is ir boots squad? I mean fr
|l|☆onionxking
|inactive|onionxking disconnected and has a minute to reconnect!
|player|p1|
|
|t:|1779628400
|switch|p2a: Tinkaton|Tinkaton, F|100/100
|-activate|p2a: Tinkaton|move: Sticky Web
|-unboost|p2a: Tinkaton|spe|1
|-ability|p2a: Tinkaton|Mold Breaker
|turn|15
|j|☆onionxking
|inactive|onionxking reconnected and has 150 seconds left.
|player|p1|onionxking|pokemaniac|
|
|t:|1779628407
|move|p1a: Dragapult|U-turn|p2a: Tinkaton
|-resisted|p2a: Tinkaton
|-damage|p2a: Tinkaton|95/100
|
|t:|1779628414
|switch|p1a: Greninja|Greninja, M|100/100|[from] U-turn
|-status|p1a: Greninja|psn
|-damage|p1a: Greninja|88/100 psn|[from] Stealth Rock
|-damage|p1a: Greninja|76/100 psn|[from] Spikes
|move|p2a: Tinkaton|Thunder Wave||[still]
|-fail|p2a: Tinkaton
|
|-heal|p2a: Tinkaton|100/100|[from] item: Leftovers
|-damage|p1a: Greninja|64/100 psn|[from] psn
|upkeep
|turn|16
|
|t:|1779628434
|move|p1a: Greninja|Water Shuriken|p2a: Tinkaton
|-damage|p2a: Tinkaton|94/100
|-damage|p2a: Tinkaton|87/100
|-damage|p2a: Tinkaton|80/100
|-damage|p2a: Tinkaton|73/100
|-damage|p2a: Tinkaton|66/100
|-hitcount|p2a: Tinkaton|5
|move|p2a: Tinkaton|Gigaton Hammer|p1a: Greninja
|-resisted|p1a: Greninja
|-damage|p1a: Greninja|29/100 psn
|
|-heal|p2a: Tinkaton|72/100|[from] item: Leftovers
|-damage|p1a: Greninja|17/100 psn|[from] psn
|upkeep
|turn|17
|inactive|gardevoirandvapo has 30 seconds left.
|inactive|gardevoirandvapo has 20 seconds left.
|inactive|gardevoirandvapo has 15 seconds left.
|
|t:|1779628477
|switch|p2a: Raichu|Raichu-Alola, M|100/100
|-activate|p2a: Raichu|move: Sticky Web
|-unboost|p2a: Raichu|spe|1
|move|p1a: Greninja|Water Shuriken|p2a: Raichu
|-damage|p2a: Raichu|89/100
|-damage|p2a: Raichu|77/100
|-damage|p2a: Raichu|66/100
|-damage|p2a: Raichu|55/100
|-hitcount|p2a: Raichu|4
|
|-damage|p1a: Greninja|4/100 psn|[from] psn
|upkeep
|turn|18
|inactive|gardevoirandvapo has 25 seconds left this turn.
|inactive|gardevoirandvapo has 20 seconds left.
|
|t:|1779628490
|move|p2a: Raichu|Upper Hand|p1a: Greninja
|-supereffective|p1a: Greninja
|-damage|p1a: Greninja|0 fnt
|faint|p1a: Greninja
|-damage|p2a: Raichu|46/100|[from] item: Life Orb
|
|upkeep
|
|t:|1779628497
|switch|p1a: Braviary|Braviary-Hisui, M|100/100
|-damage|p1a: Braviary|76/100|[from] Stealth Rock
|turn|19
|inactive|gardevoirandvapo has 30 seconds left.
|
|t:|1779628504
|move|p2a: Raichu|Thunderbolt|p1a: Braviary
|-supereffective|p1a: Braviary
|-damage|p1a: Braviary|0 fnt
|faint|p1a: Braviary
|-damage|p2a: Raichu|36/100|[from] item: Life Orb
|
|upkeep
|
|t:|1779628508
|switch|p1a: Iron Valiant|Iron Valiant|100/100
|-status|p1a: Iron Valiant|psn
|-damage|p1a: Iron Valiant|94/100 psn|[from] Stealth Rock
|-damage|p1a: Iron Valiant|82/100 psn|[from] Spikes
|-enditem|p1a: Iron Valiant|Booster Energy
|-activate|p1a: Iron Valiant|ability: Quark Drive|[fromitem]
|-start|p1a: Iron Valiant|quarkdrivespe
|turn|20
|
|t:|1779628521
|move|p1a: Iron Valiant|Moonblast|p2a: Raichu
|-damage|p2a: Raichu|0 fnt
|faint|p2a: Raichu
|
|-damage|p1a: Iron Valiant|69/100 psn|[from] psn
|upkeep
|inactive|gardevoirandvapo has 30 seconds left.
|inactive|gardevoirandvapo has 20 seconds left.
|
|t:|1779628543
|switch|p2a: Mew|Mew|70/100
|-activate|p2a: Mew|move: Sticky Web
|-unboost|p2a: Mew|spe|1
|turn|21
|inactive|gardevoirandvapo has 30 seconds left this turn.
|
|t:|1779628550
|move|p1a: Iron Valiant|Moonblast|p2a: Mew
|-damage|p2a: Mew|34/100
|move|p2a: Mew|Expanding Force|p1a: Iron Valiant
|-supereffective|p1a: Iron Valiant
|-damage|p1a: Iron Valiant|0 fnt
|faint|p1a: Iron Valiant
|-end|p1a: Iron Valiant|Quark Drive|[silent]
|
|upkeep
|
|t:|1779628559
|switch|p1a: Dragapult|Dragapult, M, shiny|100/100
|turn|22
|
|t:|1779628563
|move|p1a: Dragapult|Dragon Darts|p2a: Mew
|-damage|p2a: Mew|15/100
|-anim|p1a: Dragapult|Dragon Darts|p2a: Mew
|-damage|p2a: Mew|0 fnt
|faint|p2a: Mew
|
|upkeep
|
|t:|1779628567
|switch|p2a: Tinkaton|Tinkaton, F|72/100
|-activate|p2a: Tinkaton|move: Sticky Web
|-unboost|p2a: Tinkaton|spe|1
|-ability|p2a: Tinkaton|Mold Breaker
|turn|23
|
|t:|1779628578
|move|p1a: Dragapult|Phantom Force||[still]
|-prepare|p1a: Dragapult|Phantom Force
|move|p2a: Tinkaton|Thunder Wave|p1a: Dragapult|[miss]
|-miss|p2a: Tinkaton|p1a: Dragapult
|
|-heal|p2a: Tinkaton|79/100|[from] item: Leftovers
|upkeep
|turn|24
|inactive|gardevoirandvapo has 60 seconds left.
|
|t:|1779628584
|move|p1a: Dragapult|Phantom Force|p2a: Tinkaton|[from] lockedmove
|-damage|p2a: Tinkaton|34/100
|move|p2a: Tinkaton|Thunder Wave|p1a: Dragapult|[miss]
|-miss|p2a: Tinkaton|p1a: Dragapult
|
|-heal|p2a: Tinkaton|41/100|[from] item: Leftovers
|upkeep
|turn|25
|inactive|gardevoirandvapo has 60 seconds left.
|
|t:|1779628596
|move|p1a: Dragapult|Phantom Force||[still]
|-prepare|p1a: Dragapult|Phantom Force
|move|p2a: Tinkaton|Thunder Wave|p1a: Dragapult|[miss]
|-miss|p2a: Tinkaton|p1a: Dragapult
|
|-heal|p2a: Tinkaton|47/100|[from] item: Leftovers
|upkeep
|turn|26
|
|t:|1779628600
|move|p1a: Dragapult|Phantom Force|p2a: Tinkaton|[from] lockedmove
|-damage|p2a: Tinkaton|5/100
|move|p2a: Tinkaton|Thunder Wave|p1a: Dragapult
|-status|p1a: Dragapult|par
|
|-heal|p2a: Tinkaton|11/100|[from] item: Leftovers
|upkeep
|turn|27
|
|t:|1779628607
|move|p1a: Dragapult|Sucker Punch|p2a: Tinkaton
|-resisted|p2a: Tinkaton
|-damage|p2a: Tinkaton|0 fnt
|faint|p2a: Tinkaton
|
|win|onionxking
|raw|onionxking's rating: 1107 &rarr; <strong>1131</strong><br />(+24 for winning)
|raw|gardevoirandvapo's rating: 1098 &rarr; <strong>1074</strong><br />(-24 for losing)
|c|☆gardevoirandvapo|gg
|c|☆onionxking|Gg
|l|☆onionxking
|player|p1|
