|j|☆rocky012
|j|☆Cono de la Correze
|t:|1779611749
|gametype|singles
|player|p1|rocky012|1|1538
|player|p2|Cono de la Correze|hilbert|1629
|gen|9
|tier|[Gen 9] OU
|rated|
|rule|HP Percentage Mod: HP is shown in percentages
|rule|Endless Battle Clause: Forcing endless battles is banned
|rule|Species Clause: Limit one of each Pokémon
|rule|OHKO Clause: OHKO moves are banned
|rule|Evasion Items Clause: Evasion items are banned
|rule|Evasion Moves Clause: Evasion moves are banned
|rule|Evasion Abilities Clause: Evasion abilities are banned
|rule|Sleep Moves Clause: Sleep-inducing moves are banned
|clearpoke
|poke|p1|Weavile, M|
|poke|p1|Samurott-Hisui, F|
|poke|p1|Slowking-Galar, M|
|poke|p1|Iron Valiant|
|poke|p1|Landorus-Therian, M|
|poke|p1|Ogerpon-Wellspring, F|
|poke|p2|Dragapult, F|
|poke|p2|Gliscor, F|
|poke|p2|Ogerpon-Wellspring, F|
|poke|p2|Iron Crown|
|poke|p2|Ting-Lu|
|poke|p2|Kingambit, F|
|teampreview
|
|t:|1779611776
|teamsize|p1|6
|teamsize|p2|6
|start
|switch|p1a: Weavile|Weavile, M|100/100
|switch|p2a: Ogerpon|Ogerpon-Wellspring, F|100/100
|-ability|p1a: Weavile|Pressure
|turn|1
|
|t:|1779611794
|switch|p1a: Ogerpon|Ogerpon-Wellspring, F|100/100
|move|p2a: Ogerpon|U-turn|p1a: Ogerpon
|-supereffective|p1a: Ogerpon
|-damage|p1a: Ogerpon|23/100
|
|t:|1779611800
|switch|p2a: Dragapult|Dragapult, F|100/100|[from] U-turn
|
|upkeep
|turn|2
|
|t:|1779611804
|switch|p1a: Slowking|Slowking-Galar, M|100/100
|move|p2a: Dragapult|U-turn|p1a: Slowking
|-damage|p1a: Slowking|82/100
|
|t:|1779611828
|switch|p2a: Ting-Lu|Ting-Lu|100/100|[from] U-turn
|-ability|p2a: Ting-Lu|Vessel of Ruin
|
|upkeep
|turn|3
|
|t:|1779611837
|move|p2a: Ting-Lu|Stealth Rock|p1a: Slowking
|-sidestart|p1: rocky012|move: Stealth Rock
|-prepare|p1a: Slowking|Chilly Reception|[premajor]
|move|p1a: Slowking|Chilly Reception|p1a: Slowking
|-weather|Snowscape
|
|t:|1779611847
|switch|p1a: Samurott|Samurott-Hisui, F|100/100|[from] Chilly Reception
|
|-weather|Snowscape|[upkeep]
|upkeep
|turn|4
|
|t:|1779611853
|move|p1a: Samurott|Knock Off|p2a: Ting-Lu
|-resisted|p2a: Ting-Lu
|-damage|p2a: Ting-Lu|87/100
|-damage|p1a: Samurott|84/100|[from] item: Rocky Helmet|[of] p2a: Ting-Lu
|-enditem|p2a: Ting-Lu|Rocky Helmet|[from] move: Knock Off|[of] p1a: Samurott
|move|p2a: Ting-Lu|Ruination|p1a: Samurott
|-damage|p1a: Samurott|42/100
|
|-weather|Snowscape|[upkeep]
|upkeep
|turn|5
|inactive|Battle timer is ON: inactive players will automatically lose when time's up. (requested by rocky012)
|
|t:|1779611863
|switch|p2a: Ogerpon|Ogerpon-Wellspring, F|100/100
|move|p1a: Samurott|Ceaseless Edge|p2a: Ogerpon
|-damage|p2a: Ogerpon|46/100
|-sidestart|p2: Cono de la Correze|Spikes
|
|-weather|Snowscape|[upkeep]
|upkeep
|turn|6
|
|t:|1779611871
|switch|p1a: Landorus|Landorus-Therian, M|100/100
|-damage|p1a: Landorus|88/100|[from] Stealth Rock
|-ability|p1a: Landorus|Intimidate|boost
|-unboost|p2a: Ogerpon|atk|1
|move|p2a: Ogerpon|U-turn|p1a: Landorus
|-resisted|p1a: Landorus
|-damage|p1a: Landorus|82/100
|-damage|p2a: Ogerpon|29/100|[from] item: Rocky Helmet|[of] p1a: Landorus
|
|t:|1779611876
|switch|p2a: Gliscor|Gliscor, F|100/100|[from] U-turn
|
|-weather|Snowscape|[upkeep]
|-status|p2a: Gliscor|tox|[from] item: Toxic Orb
|upkeep
|turn|7
|
|t:|1779611885
|switch|p1a: Slowking|Slowking-Galar, M|100/100
|move|p2a: Gliscor|Toxic Spikes|p1a: Slowking
|-sidestart|p1: rocky012|move: Toxic Spikes
|
|-weather|none
|upkeep
|turn|8
|
|t:|1779611892
|move|p2a: Gliscor|Earthquake|p1a: Slowking
|-supereffective|p1a: Slowking
|-damage|p1a: Slowking|38/100
|move|p1a: Slowking|Ice Beam|p2a: Gliscor
|-supereffective|p2a: Gliscor
|-damage|p2a: Gliscor|15/100 tox
|
|-heal|p2a: Gliscor|28/100 tox|[from] ability: Poison Heal
|upkeep
|turn|9
|
|t:|1779611899
|switch|p1a: Landorus|Landorus-Therian, M|82/100
|-damage|p1a: Landorus|69/100|[from] Stealth Rock
|-ability|p1a: Landorus|Intimidate|boost
|-unboost|p2a: Gliscor|atk|1
|move|p2a: Gliscor|Earthquake|p1a: Landorus
|-immune|p1a: Landorus
|
|-heal|p2a: Gliscor|40/100 tox|[from] ability: Poison Heal
|upkeep
|turn|10
|
|t:|1779611909
|switch|p1a: Slowking|Slowking-Galar, M|71/100
|-sideend|p1: rocky012|move: Toxic Spikes|[of] p1a: Slowking
|move|p2a: Gliscor|Toxic|p1a: Slowking
|-immune|p1a: Slowking
|
|-heal|p2a: Gliscor|53/100 tox|[from] ability: Poison Heal
|upkeep
|turn|11
|
|t:|1779611916
|move|p2a: Gliscor|Protect|p2a: Gliscor
|-singleturn|p2a: Gliscor|Protect
|move|p1a: Slowking|Ice Beam|p2a: Gliscor
|-activate|p2a: Gliscor|move: Protect
|
|-heal|p2a: Gliscor|65/100 tox|[from] ability: Poison Heal
|upkeep
|turn|12
|j| heatraniac
|l| heatraniac
|j| Grace PHM
|c| Grace PHM|rocky we need to stop the astrophage
|inactive|Cono de la Correze has 120 seconds left.
|l| Grace PHM
|
|t:|1779611959
|switch|p2a: Kingambit|Kingambit, F|100/100
|-item|p2a: Kingambit|Air Balloon
|-prepare|p1a: Slowking|Chilly Reception|[premajor]
|move|p1a: Slowking|Chilly Reception|p1a: Slowking
|-weather|Snowscape
|c|☆rocky012|he uses gliscor protect lol
|inactive|rocky012 has 120 seconds left.
|
|t:|1779611995
|switch|p1a: Landorus|Landorus-Therian, M|69/100|[from] Chilly Reception
|-damage|p1a: Landorus|57/100|[from] Stealth Rock
|-ability|p1a: Landorus|Intimidate|boost
|-unboost|p2a: Kingambit|atk|1
|
|-weather|Snowscape|[upkeep]
|upkeep
|turn|13
|inactive|Cono de la Correze has 120 seconds left.
|
|t:|1779612003
|-end|p2a: Kingambit|fallenundefined|[silent]
|switch|p2a: Gliscor|Gliscor, F|65/100 tox
|move|p1a: Landorus|U-turn|p2a: Gliscor
|-resisted|p2a: Gliscor
|-damage|p2a: Gliscor|57/100 tox
|
|t:|1779612009
|switch|p1a: Weavile|Weavile, M|100/100|[from] U-turn
|-ability|p1a: Weavile|Pressure
|
|-weather|Snowscape|[upkeep]
|-heal|p2a: Gliscor|70/100 tox|[from] ability: Poison Heal
|upkeep
|turn|14
|inactive|Cono de la Correze has 120 seconds left.
|
|t:|1779612027
|switch|p2a: Iron Crown|Iron Crown|100/100
|-damage|p2a: Iron Crown|88/100|[from] Spikes
|-enditem|p2a: Iron Crown|Booster Energy
|-activate|p2a: Iron Crown|ability: Quark Drive|[fromitem]
|-start|p2a: Iron Crown|quarkdrivespe
|move|p1a: Weavile|Swords Dance|p1a: Weavile
|-boost|p1a: Weavile|atk|2
|
|-weather|Snowscape|[upkeep]
|upkeep
|turn|15
|
|t:|1779612032
|switch|p1a: Slowking|Slowking-Galar, M|100/100
|move|p2a: Iron Crown|Tachyon Cutter|p1a: Slowking
|-damage|p1a: Slowking|87/100
|-damage|p1a: Slowking|73/100
|-hitcount|p1a: Slowking|2
|
|-weather|Snowscape|[upkeep]
|upkeep
|turn|16
|
|t:|1779612043
|move|p2a: Iron Crown|Calm Mind|p2a: Iron Crown
|-boost|p2a: Iron Crown|spa|1
|-boost|p2a: Iron Crown|spd|1
|-prepare|p1a: Slowking|Chilly Reception|[premajor]
|move|p1a: Slowking|Chilly Reception|p1a: Slowking
|
|t:|1779612070
|switch|p1a: Samurott|Samurott-Hisui, F|42/100|[from] Chilly Reception
|
|-weather|none
|upkeep
|turn|17
|
|t:|1779612079
|move|p2a: Iron Crown|Focus Blast|p1a: Samurott
|-supereffective|p1a: Samurott
|-damage|p1a: Samurott|0 fnt
|faint|p1a: Samurott
|
|upkeep
|
|t:|1779612086
|switch|p1a: Iron Valiant|Iron Valiant|100/100
|-damage|p1a: Iron Valiant|94/100|[from] Stealth Rock
|-enditem|p1a: Iron Valiant|Booster Energy
|-activate|p1a: Iron Valiant|ability: Quark Drive|[fromitem]
|-start|p1a: Iron Valiant|quarkdrivespe
|turn|18
|
|t:|1779612092
|-terastallize|p1a: Iron Valiant|Ghost
|move|p1a: Iron Valiant|Shadow Ball|p2a: Iron Crown
|-supereffective|p2a: Iron Crown
|-damage|p2a: Iron Crown|34/100
|-unboost|p2a: Iron Crown|spd|1
|move|p2a: Iron Crown|Tachyon Cutter|p1a: Iron Valiant
|-damage|p1a: Iron Valiant|32/100
|-damage|p1a: Iron Valiant|0 fnt
|faint|p1a: Iron Valiant
|-end|p1a: Iron Valiant|Quark Drive|[silent]
|-hitcount|p1: Iron Valiant|2
|
|upkeep
|-message|rocky012 forfeited.
|
|win|Cono de la Correze
|raw|rocky012's rating: 1538 &rarr; <strong>1523</strong><br />(-15 for losing)
|raw|Cono de la Correze's rating: 1629 &rarr; <strong>1644</strong><br />(+15 for winning)
|l|☆rocky012
|player|p1|
|l|☆Cono de la Correze
|player|p2|
