|j|☆rockeater9000
|j|☆yoribori
|t:|1779578119
|gametype|singles
|player|p1|rockeater9000|102|1606
|player|p2|yoribori|flannery|1685
|gen|9
|tier|[Gen 9] OU
|rated|
|rule|HP Percentage Mod: HP is shown in percentages
|rule|Endless Battle Clause: Forcing endless battles is banned
|rule|Species Clause: Limit one of each Pokémon
|rule|OHKO Clause: OHKO moves are banned
|rule|Evasion Items Clause: Evasion items are banned
|rule|Evasion Moves Clause: Evasion moves are banned
|rule|Evasion Abilities Clause: Evasion abilities are banned
|rule|Sleep Moves Clause: Sleep-inducing moves are banned
|clearpoke
|poke|p1|Hydrapple, M|
|poke|p1|Clodsire, M|
|poke|p1|Bronzong|
|poke|p1|Regieleki|
|poke|p1|Pecharunt|
|poke|p1|Walking Wake|
|poke|p2|Tyranitar, M|
|poke|p2|Excadrill, M|
|poke|p2|Rotom-Wash|
|poke|p2|Hydrapple, F|
|poke|p2|Fezandipiti, M|
|poke|p2|Blaziken, M|
|teampreview
|inactive|Battle timer is ON: inactive players will automatically lose when time's up. (requested by yoribori)
|inactive|rockeater9000 also wants the timer to be on.
|inactive|yoribori has 120 seconds left.
|j| noobcloyster
|inactive|yoribori has 90 seconds left.
|
|t:|1779578188
|teamsize|p1|6
|teamsize|p2|6
|start
|switch|p1a: Walking Wake|Walking Wake|100/100
|switch|p2a: Tyranitar|Tyranitar, M|100/100
|-weather|Sandstorm|[from] ability: Sand Stream|[of] p2a: Tyranitar
|turn|1
|j| Faye Asteria
|l| Faye Asteria
|
|t:|1779578203
|switch|p2a: Fezandipiti|Fezandipiti, M|100/100
|move|p1a: Walking Wake|Surf|p2a: Fezandipiti
|-damage|p2a: Fezandipiti|70/100
|
|-weather|Sandstorm|[upkeep]
|-damage|p1a: Walking Wake|94/100|[from] Sandstorm
|-damage|p2a: Fezandipiti|64/100|[from] Sandstorm
|upkeep
|turn|2
|
|t:|1779578208
|-end|p1a: Walking Wake|Protosynthesis|[silent]
|switch|p1a: Clodsire|Clodsire, M|100/100
|move|p2a: Fezandipiti|U-turn|p1a: Clodsire
|-resisted|p1a: Clodsire
|-damage|p1a: Clodsire|91/100
|
|t:|1779578214
|switch|p2a: Rotom|Rotom-Wash|100/100|[from] U-turn
|
|-weather|Sandstorm|[upkeep]
|-damage|p2a: Rotom|94/100|[from] Sandstorm
|-heal|p1a: Clodsire|98/100|[from] item: Leftovers
|upkeep
|turn|3
|
|t:|1779578219
|move|p2a: Rotom|Trick|p1a: Clodsire
|-activate|p2a: Rotom|move: Trick|[of] p1a: Clodsire
|-item|p1a: Clodsire|Choice Scarf|[from] move: Trick
|-item|p2a: Rotom|Leftovers|[from] move: Trick
|move|p1a: Clodsire|Toxic|p2a: Rotom
|-status|p2a: Rotom|tox
|
|-weather|Sandstorm|[upkeep]
|-damage|p2a: Rotom|88/100 tox|[from] Sandstorm
|-heal|p2a: Rotom|94/100 tox|[from] item: Leftovers
|-damage|p2a: Rotom|88/100 tox|[from] psn
|upkeep
|turn|4
|j| Faye Asteria
|
|t:|1779578228
|switch|p1a: Hydrapple|Hydrapple, M|100/100
|move|p2a: Rotom|Will-O-Wisp|p1a: Hydrapple
|-status|p1a: Hydrapple|brn
|
|-weather|Sandstorm|[upkeep]
|-damage|p2a: Rotom|82/100 tox|[from] Sandstorm
|-damage|p1a: Hydrapple|94/100 brn|[from] Sandstorm
|-heal|p2a: Rotom|88/100 tox|[from] item: Leftovers
|-damage|p2a: Rotom|76/100 tox|[from] psn
|-damage|p1a: Hydrapple|88/100 brn|[from] brn
|upkeep
|turn|5
|
|t:|1779578232
|move|p2a: Rotom|Volt Switch|p1a: Hydrapple
|-resisted|p1a: Hydrapple
|-damage|p1a: Hydrapple|81/100 brn
|
|t:|1779578234
|switch|p2a: Fezandipiti|Fezandipiti, M|64/100|[from] Volt Switch
|move|p1a: Hydrapple|Earth Power|p2a: Fezandipiti
|-supereffective|p2a: Fezandipiti
|-damage|p2a: Fezandipiti|32/100
|
|-weather|none
|-damage|p1a: Hydrapple|75/100 brn|[from] brn
|upkeep
|turn|6
|
|t:|1779578242
|switch|p1a: Bronzong|Bronzong|100/100
|move|p2a: Fezandipiti|Roost|p2a: Fezandipiti
|-heal|p2a: Fezandipiti|83/100
|-singleturn|p2a: Fezandipiti|move: Roost
|
|upkeep
|turn|7
|
|t:|1779578246
|move|p2a: Fezandipiti|U-turn|p1a: Bronzong
|-damage|p1a: Bronzong|84/100
|
|t:|1779578252
|switch|p2a: Tyranitar|Tyranitar, M|100/100|[from] U-turn
|-weather|Sandstorm|[from] ability: Sand Stream|[of] p2a: Tyranitar
|move|p1a: Bronzong|Stealth Rock|p2a: Tyranitar
|-sidestart|p2: yoribori|move: Stealth Rock
|
|-weather|Sandstorm|[upkeep]
|-heal|p1a: Bronzong|90/100|[from] item: Leftovers
|upkeep
|turn|8
|
|t:|1779578259
|switch|p1a: Hydrapple|Hydrapple, M|100/100 brn
|move|p2a: Tyranitar|Knock Off|p1a: Hydrapple
|-damage|p1a: Hydrapple|76/100 brn
|-damage|p2a: Tyranitar|84/100|[from] item: Rocky Helmet|[of] p1a: Hydrapple
|-enditem|p1a: Hydrapple|Rocky Helmet|[from] move: Knock Off|[of] p2a: Tyranitar
|
|-weather|Sandstorm|[upkeep]
|-damage|p1a: Hydrapple|70/100 brn|[from] Sandstorm
|-heal|p2a: Tyranitar|90/100|[from] item: Leftovers
|-damage|p1a: Hydrapple|64/100 brn|[from] brn
|upkeep
|turn|9
|
|t:|1779578268
|switch|p1a: Walking Wake|Walking Wake|94/100
|move|p2a: Tyranitar|Stealth Rock|p1a: Walking Wake
|-sidestart|p1: rockeater9000|move: Stealth Rock
|
|-weather|Sandstorm|[upkeep]
|-damage|p1a: Walking Wake|88/100|[from] Sandstorm
|-heal|p2a: Tyranitar|96/100|[from] item: Leftovers
|upkeep
|turn|10
|
|t:|1779578274
|move|p1a: Walking Wake|Surf|p2a: Tyranitar
|-supereffective|p2a: Tyranitar
|-damage|p2a: Tyranitar|57/100
|move|p2a: Tyranitar|Knock Off|p1a: Walking Wake
|-damage|p1a: Walking Wake|43/100
|-enditem|p1a: Walking Wake|Heavy-Duty Boots|[from] move: Knock Off|[of] p2a: Tyranitar
|
|-weather|Sandstorm|[upkeep]
|-damage|p1a: Walking Wake|36/100|[from] Sandstorm
|-heal|p2a: Tyranitar|63/100|[from] item: Leftovers
|upkeep
|turn|11
|
|t:|1779578280
|switch|p2a: Fezandipiti|Fezandipiti, M|83/100
|move|p1a: Walking Wake|Surf|p2a: Fezandipiti
|-crit|p2a: Fezandipiti
|-damage|p2a: Fezandipiti|37/100
|
|-weather|none
|upkeep
|turn|12
|
|t:|1779578284
|move|p1a: Walking Wake|Surf|p2a: Fezandipiti
|-damage|p2a: Fezandipiti|9/100
|move|p2a: Fezandipiti|Roost|p2a: Fezandipiti
|-heal|p2a: Fezandipiti|59/100
|-singleturn|p2a: Fezandipiti|move: Roost
|
|upkeep
|turn|13
|
|t:|1779578288
|-end|p1a: Walking Wake|Protosynthesis|[silent]
|switch|p1a: Regieleki|Regieleki|100/100
|move|p2a: Fezandipiti|Roost|p2a: Fezandipiti
|-heal|p2a: Fezandipiti|100/100
|-singleturn|p2a: Fezandipiti|move: Roost
|
|upkeep
|turn|14
|
|t:|1779578294
|switch|p2a: Excadrill|Excadrill, M|100/100
|-damage|p2a: Excadrill|97/100|[from] Stealth Rock
|-item|p2a: Excadrill|Air Balloon
|move|p1a: Regieleki|Rapid Spin|p2a: Excadrill
|-resisted|p2a: Excadrill
|-damage|p2a: Excadrill|90/100
|-boost|p1a: Regieleki|spe|1
|-enditem|p2a: Excadrill|Air Balloon
|-sideend|p1: rockeater9000|Stealth Rock|[from] move: Rapid Spin|[of] p1a: Regieleki
|
|upkeep
|turn|15
|
|t:|1779578299
|switch|p1a: Hydrapple|Hydrapple, M|97/100 brn
|move|p2a: Excadrill|Rapid Spin|p1a: Hydrapple
|-damage|p1a: Hydrapple|87/100 brn
|-boost|p2a: Excadrill|spe|1
|-sideend|p2: yoribori|Stealth Rock|[from] move: Rapid Spin|[of] p2a: Excadrill
|
|-damage|p1a: Hydrapple|80/100 brn|[from] brn
|upkeep
|turn|16
|
|t:|1779578305
|switch|p2a: Fezandipiti|Fezandipiti, M|100/100
|move|p1a: Hydrapple|Giga Drain|p2a: Fezandipiti
|-resisted|p2a: Fezandipiti
|-damage|p2a: Fezandipiti|91/100
|-heal|p1a: Hydrapple|85/100 brn|[from] drain|[of] p2a: Fezandipiti
|
|-damage|p1a: Hydrapple|79/100 brn|[from] brn
|upkeep
|turn|17
|
|t:|1779578311
|switch|p1a: Bronzong|Bronzong|90/100
|move|p2a: Fezandipiti|Play Rough|p1a: Bronzong|[miss]
|-miss|p2a: Fezandipiti|p1a: Bronzong
|
|-heal|p1a: Bronzong|96/100|[from] item: Leftovers
|upkeep
|turn|18
|
|t:|1779578315
|move|p2a: Fezandipiti|U-turn|p1a: Bronzong
|-damage|p1a: Bronzong|81/100
|
|t:|1779578317
|switch|p2a: Tyranitar|Tyranitar, M|63/100|[from] U-turn
|-weather|Sandstorm|[from] ability: Sand Stream|[of] p2a: Tyranitar
|move|p1a: Bronzong|Body Press|p2a: Tyranitar
|-supereffective|p2a: Tyranitar
|-damage|p2a: Tyranitar|0 fnt
|faint|p2a: Tyranitar
|
|-weather|Sandstorm|[upkeep]
|-heal|p1a: Bronzong|87/100|[from] item: Leftovers
|upkeep
|
|t:|1779578319
|switch|p2a: Blaziken|Blaziken, M|100/100
|turn|19
|
|t:|1779578322
|move|p2a: Blaziken|Swords Dance|p2a: Blaziken
|-boost|p2a: Blaziken|atk|2
|move|p1a: Bronzong|Psychic Noise|p2a: Blaziken
|-supereffective|p2a: Blaziken
|-crit|p2a: Blaziken
|-damage|p2a: Blaziken|4/100
|-start|p2a: Blaziken|move: Heal Block
|
|-weather|Sandstorm|[upkeep]
|-damage|p2a: Blaziken|0 fnt|[from] Sandstorm
|faint|p2a: Blaziken
|-heal|p1a: Bronzong|93/100|[from] item: Leftovers
|upkeep
|-message|yoribori forfeited.
|
|win|rockeater9000
|raw|rockeater9000's rating: 1606 &rarr; <strong>1628</strong><br />(+22 for winning)
|raw|yoribori's rating: 1640 &rarr; <strong>1618</strong><br />(-22 for losing)
|l|☆yoribori
|player|p2|
|l| noobcloyster
|l| Faye Asteria
