|j|☆Erikinhooo
|j|☆onionxking
|t:|1779574866
|gametype|singles
|player|p1|Erikinhooo|palmer|1201
|player|p2|onionxking|pokemaniac|1162
|gen|9
|tier|[Gen 9] OU
|rated|
|rule|HP Percentage Mod: HP is shown in percentages
|rule|Endless Battle Clause: Forcing endless battles is banned
|rule|Species Clause: Limit one of each Pokémon
|rule|OHKO Clause: OHKO moves are banned
|rule|Evasion Items Clause: Evasion items are banned
|rule|Evasion Moves Clause: Evasion moves are banned
|rule|Evasion Abilities Clause: Evasion abilities are banned
|rule|Sleep Moves Clause: Sleep-inducing moves are banned
|clearpoke
|poke|p1|Samurott-Hisui, M|
|poke|p1|Slither Wing|
|poke|p1|Haxorus, M|
|poke|p1|Landorus-Therian, M|
|poke|p1|Serperior, M|
|poke|p1|Tinkaton, F|
|poke|p2|Garganacl, F|
|poke|p2|Kingambit, M|
|poke|p2|Iron Valiant|
|poke|p2|Quaquaval, M|
|poke|p2|Lurantis, M|
|poke|p2|Corviknight, F|
|teampreview
|inactive|Battle timer is ON: inactive players will automatically lose when time's up. (requested by onionxking)
|
|t:|1779574876
|teamsize|p1|6
|teamsize|p2|6
|start
|switch|p1a: London|Landorus-Therian, M|100/100
|switch|p2a: Lurantis|Lurantis, M|100/100
|-ability|p1a: London|Intimidate|boost
|-boost|p2a: Lurantis|atk|1
|turn|1
|
|t:|1779574883
|move|p1a: London|U-turn|p2a: Lurantis
|-supereffective|p2a: Lurantis
|-damage|p2a: Lurantis|46/100
|
|t:|1779574886
|switch|p1a: Marselo|Tinkaton, F|100/100|[from] U-turn
|-ability|p1a: Marselo|Mold Breaker
|move|p2a: Lurantis|Leaf Storm|p1a: Marselo
|-resisted|p1a: Marselo
|-damage|p1a: Marselo|86/100
|-boost|p2a: Lurantis|spa|2
|
|-heal|p1a: Marselo|92/100|[from] item: Leftovers
|upkeep
|turn|2
|
|t:|1779574896
|move|p1a: Marselo|Thunder Wave|p2a: Lurantis|[miss]
|-miss|p1a: Marselo|p2a: Lurantis
|move|p2a: Lurantis|Superpower|p1a: Marselo
|-damage|p1a: Marselo|37/100
|-boost|p2a: Lurantis|atk|1
|-boost|p2a: Lurantis|def|1
|
|-heal|p1a: Marselo|43/100|[from] item: Leftovers
|upkeep
|turn|3
|
|t:|1779574900
|move|p1a: Marselo|Gigaton Hammer|p2a: Lurantis
|-damage|p2a: Lurantis|15/100
|move|p2a: Lurantis|Superpower|p1a: Marselo
|-damage|p1a: Marselo|0 fnt
|-boost|p2a: Lurantis|atk|1
|-boost|p2a: Lurantis|def|1
|faint|p1a: Marselo
|
|upkeep
|
|t:|1779574907
|switch|p1a: Meta|Serperior, M|100/100
|turn|4
|
|t:|1779574910
|move|p1a: Meta|Leaf Storm|p2a: Lurantis
|-resisted|p2a: Lurantis
|-damage|p2a: Lurantis|0 fnt
|-boost|p1a: Meta|spa|2
|faint|p2a: Lurantis
|
|upkeep
|
|t:|1779574914
|switch|p2a: Corviknight|Corviknight, F|100/100
|-ability|p2a: Corviknight|Pressure
|turn|5
|
|t:|1779574919
|move|p2a: Corviknight|Protect|p2a: Corviknight
|-singleturn|p2a: Corviknight|Protect
|move|p1a: Meta|Glare|p2a: Corviknight
|-activate|p2a: Corviknight|move: Protect
|
|upkeep
|turn|6
|
|t:|1779574926
|switch|p1a: Roger|Samurott-Hisui, M, shiny|100/100
|switch|p2a: Garganacl|Garganacl, F, shiny|100/100
|
|upkeep
|turn|7
|
|t:|1779574931
|move|p2a: Garganacl|Protect|p2a: Garganacl
|-singleturn|p2a: Garganacl|Protect
|move|p1a: Roger|Ceaseless Edge|p2a: Garganacl
|-activate|p2a: Garganacl|move: Protect
|
|upkeep
|turn|8
|
|t:|1779574938
|move|p1a: Roger|Ceaseless Edge|p2a: Garganacl
|-damage|p2a: Garganacl|67/100
|-sidestart|p2: onionxking|Spikes
|move|p2a: Garganacl|Salt Cure|p1a: Roger
|-damage|p1a: Roger|81/100
|-start|p1a: Roger|Salt Cure
|
|-heal|p2a: Garganacl|73/100|[from] item: Leftovers
|-damage|p1a: Roger|57/100|[from] Salt Cure
|upkeep
|turn|9
|
|t:|1779574942
|move|p2a: Garganacl|Protect|p2a: Garganacl
|-singleturn|p2a: Garganacl|Protect
|move|p1a: Roger|Razor Shell|p2a: Garganacl
|-activate|p2a: Garganacl|move: Protect
|
|-heal|p2a: Garganacl|79/100|[from] item: Leftovers
|-damage|p1a: Roger|32/100|[from] Salt Cure
|upkeep
|turn|10
|
|t:|1779574958
|move|p1a: Roger|Razor Shell|p2a: Garganacl
|-supereffective|p2a: Garganacl
|-damage|p2a: Garganacl|9/100
|move|p2a: Garganacl|Recover|p2a: Garganacl
|-heal|p2a: Garganacl|59/100
|
|-heal|p2a: Garganacl|65/100|[from] item: Leftovers
|-damage|p1a: Roger|7/100|[from] Salt Cure
|upkeep
|turn|11
|
|t:|1779574963
|switch|p1a: Meta|Serperior, M|100/100
|move|p2a: Garganacl|Protect||[still]
|-fail|p2a: Garganacl
|
|-heal|p2a: Garganacl|71/100|[from] item: Leftovers
|upkeep
|turn|12
|
|t:|1779574968
|-terastallize|p2a: Garganacl|Electric
|move|p1a: Meta|Substitute|p1a: Meta
|-start|p1a: Meta|Substitute
|-damage|p1a: Meta|76/100
|move|p2a: Garganacl|Salt Cure|p1a: Meta
|-activate|p1a: Meta|move: Substitute|[damage]
|
|-heal|p1a: Meta|82/100|[from] item: Leftovers
|-heal|p2a: Garganacl|77/100|[from] item: Leftovers
|upkeep
|turn|13
|
|t:|1779574973
|move|p2a: Garganacl|Protect|p2a: Garganacl
|-singleturn|p2a: Garganacl|Protect
|move|p1a: Meta|Leaf Storm|p2a: Garganacl
|-activate|p2a: Garganacl|move: Protect
|
|-heal|p1a: Meta|88/100|[from] item: Leftovers
|-heal|p2a: Garganacl|83/100|[from] item: Leftovers
|upkeep
|turn|14
|
|t:|1779574979
|move|p1a: Meta|Leaf Storm|p2a: Garganacl
|-damage|p2a: Garganacl|50/100
|-boost|p1a: Meta|spa|2
|move|p2a: Garganacl|Salt Cure|p1a: Meta
|-end|p1a: Meta|Substitute
|
|-heal|p1a: Meta|94/100|[from] item: Leftovers
|-heal|p2a: Garganacl|56/100|[from] item: Leftovers
|upkeep
|turn|15
|
|t:|1779574985
|move|p1a: Meta|Substitute|p1a: Meta
|-start|p1a: Meta|Substitute
|-damage|p1a: Meta|70/100
|move|p2a: Garganacl|Salt Cure|p1a: Meta
|-activate|p1a: Meta|move: Substitute|[damage]
|
|-heal|p1a: Meta|76/100|[from] item: Leftovers
|-heal|p2a: Garganacl|62/100|[from] item: Leftovers
|upkeep
|turn|16
|
|t:|1779574988
|move|p2a: Garganacl|Protect|p2a: Garganacl
|-singleturn|p2a: Garganacl|Protect
|move|p1a: Meta|Leaf Storm|p2a: Garganacl
|-activate|p2a: Garganacl|move: Protect
|
|-heal|p1a: Meta|82/100|[from] item: Leftovers
|-heal|p2a: Garganacl|68/100|[from] item: Leftovers
|upkeep
|turn|17
|
|t:|1779574995
|move|p1a: Meta|Leaf Storm|p2a: Garganacl
|-damage|p2a: Garganacl|3/100
|-boost|p1a: Meta|spa|2
|move|p2a: Garganacl|Salt Cure|p1a: Meta
|-end|p1a: Meta|Substitute
|
|-heal|p1a: Meta|88/100|[from] item: Leftovers
|-heal|p2a: Garganacl|9/100|[from] item: Leftovers
|upkeep
|turn|18
|
|t:|1779574998
|move|p2a: Garganacl|Protect|p2a: Garganacl
|-singleturn|p2a: Garganacl|Protect
|move|p1a: Meta|Substitute|p1a: Meta
|-start|p1a: Meta|Substitute
|-damage|p1a: Meta|63/100
|
|-heal|p1a: Meta|70/100|[from] item: Leftovers
|-heal|p2a: Garganacl|15/100|[from] item: Leftovers
|upkeep
|turn|19
|
|t:|1779575004
|move|p1a: Meta|Leaf Storm|p2a: Garganacl
|-damage|p2a: Garganacl|0 fnt
|-boost|p1a: Meta|spa|2
|faint|p2a: Garganacl
|
|-heal|p1a: Meta|76/100|[from] item: Leftovers
|upkeep
|
|t:|1779575006
|switch|p2a: Corviknight|Corviknight, F|100/100
|-ability|p2a: Corviknight|Pressure
|turn|20
|
|t:|1779575008
|move|p2a: Corviknight|Protect|p2a: Corviknight
|-singleturn|p2a: Corviknight|Protect
|move|p1a: Meta|Dragon Pulse|p2a: Corviknight
|-activate|p2a: Corviknight|move: Protect
|
|-heal|p1a: Meta|82/100|[from] item: Leftovers
|upkeep
|turn|21
|
|t:|1779575013
|move|p1a: Meta|Dragon Pulse|p2a: Corviknight
|-resisted|p2a: Corviknight
|-damage|p2a: Corviknight|58/100
|move|p2a: Corviknight|Substitute|p2a: Corviknight
|-start|p2a: Corviknight|Substitute
|-damage|p2a: Corviknight|33/100
|
|-heal|p1a: Meta|88/100|[from] item: Leftovers
|-heal|p2a: Corviknight|39/100|[from] item: Leftovers
|upkeep
|turn|22
|
|t:|1779575018
|move|p2a: Corviknight|Protect|p2a: Corviknight
|-singleturn|p2a: Corviknight|Protect
|move|p1a: Meta|Dragon Pulse|p2a: Corviknight
|-activate|p2a: Corviknight|move: Protect
|
|-heal|p1a: Meta|94/100|[from] item: Leftovers
|-heal|p2a: Corviknight|45/100|[from] item: Leftovers
|upkeep
|turn|23
|
|t:|1779575023
|move|p1a: Meta|Dragon Pulse|p2a: Corviknight
|-resisted|p2a: Corviknight
|-end|p2a: Corviknight|Substitute
|move|p2a: Corviknight|Steel Wing|p1a: Meta
|-end|p1a: Meta|Substitute
|-boost|p2a: Corviknight|def|1
|
|-heal|p1a: Meta|100/100|[from] item: Leftovers
|-heal|p2a: Corviknight|51/100|[from] item: Leftovers
|upkeep
|turn|24
|
|t:|1779575030
|move|p2a: Corviknight|Protect|p2a: Corviknight
|-singleturn|p2a: Corviknight|Protect
|move|p1a: Meta|Dragon Pulse|p2a: Corviknight
|-activate|p2a: Corviknight|move: Protect
|
|-heal|p2a: Corviknight|57/100|[from] item: Leftovers
|upkeep
|turn|25
|
|t:|1779575036
|move|p1a: Meta|Dragon Pulse|p2a: Corviknight
|-resisted|p2a: Corviknight
|-damage|p2a: Corviknight|14/100
|move|p2a: Corviknight|Substitute|p2a: Corviknight
|-fail|p2a: Corviknight|move: Substitute|[weak]
|
|-heal|p2a: Corviknight|20/100|[from] item: Leftovers
|upkeep
|turn|26
|
|t:|1779575040
|move|p2a: Corviknight|Protect|p2a: Corviknight
|-singleturn|p2a: Corviknight|Protect
|move|p1a: Meta|Dragon Pulse|p2a: Corviknight
|-activate|p2a: Corviknight|move: Protect
|
|-heal|p2a: Corviknight|26/100|[from] item: Leftovers
|upkeep
|turn|27
|
|t:|1779575046
|move|p2a: Corviknight|Protect||[still]
|-fail|p2a: Corviknight
|move|p1a: Meta|Dragon Pulse|p2a: Corviknight
|-resisted|p2a: Corviknight
|-damage|p2a: Corviknight|0 fnt
|faint|p2a: Corviknight
|
|upkeep
|
|t:|1779575056
|switch|p2a: Kingambit|Kingambit, M, shiny|100/100
|-damage|p2a: Kingambit|88/100|[from] Spikes
|-activate|p2a: Kingambit|ability: Supreme Overlord
|-start|p2a: Kingambit|fallen3|[silent]
|turn|28
|
|t:|1779575059
|move|p2a: Kingambit|Sucker Punch|p1a: Meta
|-damage|p1a: Meta|20/100
|move|p1a: Meta|Leaf Storm|p2a: Kingambit
|-resisted|p2a: Kingambit
|-damage|p2a: Kingambit|0 fnt
|faint|p2a: Kingambit
|-end|p2a: Kingambit|fallen3|[silent]
|
|-heal|p1a: Meta|26/100|[from] item: Leftovers
|upkeep
|
|t:|1779575074
|switch|p2a: Iron Valiant|Iron Valiant|100/100
|-damage|p2a: Iron Valiant|88/100|[from] Spikes
|-enditem|p2a: Iron Valiant|Booster Energy
|-activate|p2a: Iron Valiant|ability: Quark Drive|[fromitem]
|-start|p2a: Iron Valiant|quarkdrivespe
|turn|29
|
|t:|1779575078
|move|p2a: Iron Valiant|Moonblast|p1a: Meta
|-damage|p1a: Meta|0 fnt
|faint|p1a: Meta
|
|upkeep
|
|t:|1779575107
|switch|p1a: London|Landorus-Therian, M|100/100
|-ability|p1a: London|Intimidate|boost
|-unboost|p2a: Iron Valiant|atk|1
|turn|30
|
|t:|1779575113
|move|p2a: Iron Valiant|Knock Off|p1a: London
|-damage|p1a: London|79/100
|-enditem|p1a: London|Leftovers|[from] move: Knock Off|[of] p2a: Iron Valiant
|move|p1a: London|Earthquake|p2a: Iron Valiant
|-damage|p2a: Iron Valiant|14/100
|
|upkeep
|turn|31
|
|t:|1779575118
|move|p2a: Iron Valiant|Moonblast|p1a: London
|-crit|p1a: London
|-damage|p1a: London|0 fnt
|faint|p1a: London
|
|upkeep
|
|t:|1779575123
|switch|p1a: Roger|Samurott-Hisui, M, shiny|7/100
|turn|32
|
|t:|1779575125
|move|p2a: Iron Valiant|Vacuum Wave|p1a: Roger
|-supereffective|p1a: Roger
|-damage|p1a: Roger|0 fnt
|faint|p1a: Roger
|
|upkeep
|
|t:|1779575130
|switch|p1a: Jhon Milton|Slither Wing|100/100
|-enditem|p1a: Jhon Milton|Booster Energy
|-activate|p1a: Jhon Milton|ability: Protosynthesis|[fromitem]
|-start|p1a: Jhon Milton|protosynthesisatk
|turn|33
|
|t:|1779575133
|move|p1a: Jhon Milton|First Impression|p2a: Iron Valiant
|-resisted|p2a: Iron Valiant
|-damage|p2a: Iron Valiant|0 fnt
|faint|p2a: Iron Valiant
|-end|p2a: Iron Valiant|Quark Drive|[silent]
|
|upkeep
|
|t:|1779575135
|switch|p2a: Quaquaval|Quaquaval, M, shiny|100/100
|-damage|p2a: Quaquaval|88/100|[from] Spikes
|turn|34
|
|t:|1779575142
|move|p2a: Quaquaval|Aqua Step|p1a: Jhon Milton
|-damage|p1a: Jhon Milton|51/100
|-boost|p2a: Quaquaval|spe|1
|move|p1a: Jhon Milton|Close Combat|p2a: Quaquaval
|-damage|p2a: Quaquaval|0 fnt
|-unboost|p1a: Jhon Milton|def|1
|-unboost|p1a: Jhon Milton|spd|1
|faint|p2a: Quaquaval
|
|win|Erikinhooo
|raw|Erikinhooo's rating: 1201 &rarr; <strong>1223</strong><br />(+22 for winning)
|raw|onionxking's rating: 1162 &rarr; <strong>1140</strong><br />(-22 for losing)
|l|☆Erikinhooo
|player|p1|
|l|☆onionxking
|player|p2|
