|j|☆MiddleOU
|j|☆Genesis13974
|t:|1779701544
|gametype|singles
|player|p1|MiddleOU|170|1124
|player|p2|Genesis13974|brycen|1149
|gen|9
|tier|[Gen 9] OU
|rated|
|rule|HP Percentage Mod: HP is shown in percentages
|rule|Endless Battle Clause: Forcing endless battles is banned
|rule|Species Clause: Limit one of each Pokémon
|rule|OHKO Clause: OHKO moves are banned
|rule|Evasion Items Clause: Evasion items are banned
|rule|Evasion Moves Clause: Evasion moves are banned
|rule|Evasion Abilities Clause: Evasion abilities are banned
|rule|Sleep Moves Clause: Sleep-inducing moves are banned
|clearpoke
|poke|p1|Comfey, M|
|poke|p1|Bruxish, F|
|poke|p1|Mudsdale, M|
|poke|p1|Eelektross, F|
|poke|p1|Brambleghast, M|
|poke|p1|Emboar, M|
|poke|p2|Garchomp, F|
|poke|p2|Glaceon, F|
|poke|p2|Cresselia, F|
|poke|p2|Darkrai|
|poke|p2|Shiftry, M|
|poke|p2|Slowking-Galar, F|
|teampreview
|inactive|Battle timer is ON: inactive players will automatically lose when time's up. (requested by Genesis13974)
|
|t:|1779701565
|teamsize|p1|6
|teamsize|p2|6
|start
|switch|p1a: Brambleghast|Brambleghast, M|100/100
|switch|p2a: Slowking|Slowking-Galar, F|100/100
|turn|1
|
|t:|1779701588
|move|p1a: Brambleghast|Poltergeist|p2a: Slowking|[miss]
|-miss|p1a: Brambleghast|p2a: Slowking
|move|p2a: Slowking|Toxic|p1a: Brambleghast
|-status|p1a: Brambleghast|tox
|
|-damage|p1a: Brambleghast|95/100 tox|[from] psn
|upkeep
|turn|2
|
|t:|1779701601
|move|p1a: Brambleghast|Poltergeist|p2a: Slowking
|-activate|p2a: Slowking|move: Poltergeist|Heavy-Duty Boots
|-supereffective|p2a: Slowking
|-damage|p2a: Slowking|0 fnt
|faint|p2a: Slowking
|
|-damage|p1a: Brambleghast|83/100 tox|[from] psn
|upkeep
|
|t:|1779701610
|switch|p2a: Darkrai|Darkrai|100/100
|turn|3
|
|t:|1779701619
|switch|p1a: Emboar|Emboar, M|100/100
|move|p2a: Darkrai|Dark Pulse|p1a: Emboar
|-resisted|p1a: Emboar
|-damage|p1a: Emboar|66/100
|
|upkeep
|turn|4
|
|t:|1779701627
|switch|p2a: Cresselia|Cresselia, F|100/100
|move|p1a: Emboar|Drain Punch|p2a: Cresselia
|-resisted|p2a: Cresselia
|-damage|p2a: Cresselia|86/100
|-heal|p1a: Emboar|73/100|[from] drain|[of] p2a: Cresselia
|-heal|p1a: Emboar|75/100|[from] item: Shell Bell|[of] p2a: Cresselia
|
|upkeep
|turn|5
|
|t:|1779701639
|move|p2a: Cresselia|Thunder Wave|p1a: Emboar
|-status|p1a: Emboar|par
|cant|p1a: Emboar|par
|
|upkeep
|turn|6
|
|t:|1779701649
|switch|p2a: Garchomp|Garchomp, F|100/100
|move|p1a: Emboar|Flare Blitz|p2a: Garchomp
|-resisted|p2a: Garchomp
|-damage|p2a: Garchomp|64/100
|-status|p2a: Garchomp|brn
|-damage|p1a: Emboar|62/100 par|[from] ability: Rough Skin|[of] p2a: Garchomp
|-damage|p1a: Emboar|52/100 par|[from] Recoil
|-heal|p1a: Emboar|56/100 par|[from] item: Shell Bell|[of] p2a: Garchomp
|
|-damage|p2a: Garchomp|58/100 brn|[from] brn
|upkeep
|turn|7
|
|t:|1779701666
|switch|p1a: Eelektross|Eelektross, F|100/100
|move|p2a: Garchomp|Swords Dance|p2a: Garchomp
|-boost|p2a: Garchomp|atk|2
|
|-damage|p2a: Garchomp|52/100 brn|[from] brn
|upkeep
|turn|8
|
|t:|1779701676
|switch|p2a: Cresselia|Cresselia, F|86/100
|move|p1a: Eelektross|Giga Drain|p2a: Cresselia
|-damage|p2a: Cresselia|73/100
|
|upkeep
|turn|9
|
|t:|1779701691
|move|p2a: Cresselia|Lunar Dance|p2a: Cresselia
|faint|p2a: Cresselia
|move|p1a: Eelektross|Knock Off|p2: Cresselia|[notarget]
|-fail|p1a: Eelektross
|
|upkeep
|
|t:|1779701697
|switch|p2a: Garchomp|Garchomp, F|52/100 brn
|-heal|p2a: Garchomp|100/100|[from] move: Lunar Dance
|turn|10
|
|t:|1779701709
|switch|p1a: Bruxish|Bruxish, F|100/100
|move|p2a: Garchomp|Swords Dance|p2a: Garchomp
|-boost|p2a: Garchomp|atk|2
|
|upkeep
|turn|11
|
|t:|1779701720
|move|p2a: Garchomp|Scale Shot|p1a: Bruxish
|-damage|p1a: Bruxish|59/100
|-damage|p1a: Bruxish|17/100
|-damage|p1a: Bruxish|0 fnt
|faint|p1a: Bruxish
|-hitcount|p1: Bruxish|3
|-unboost|p2a: Garchomp|def|1
|-boost|p2a: Garchomp|spe|1
|
|upkeep
|
|t:|1779701732
|switch|p1a: Comfey|Comfey, M|100/100
|turn|12
|
|t:|1779701741
|move|p1a: Comfey|Draining Kiss|p2a: Garchomp
|-supereffective|p2a: Garchomp
|-damage|p2a: Garchomp|67/100
|-damage|p1a: Comfey|88/100|[from] ability: Rough Skin|[of] p2a: Garchomp
|move|p2a: Garchomp|Earthquake|p1a: Comfey
|-damage|p1a: Comfey|0 fnt
|faint|p1a: Comfey
|
|upkeep
|
|t:|1779701753
|switch|p1a: Brambleghast|Brambleghast, M|83/100 tox
|turn|13
|
|t:|1779701759
|move|p2a: Garchomp|Scale Shot|p1a: Brambleghast
|-damage|p1a: Brambleghast|31/100 tox
|-damage|p1a: Brambleghast|0 fnt
|faint|p1a: Brambleghast
|-hitcount|p1: Brambleghast|2
|-unboost|p2a: Garchomp|def|1
|-boost|p2a: Garchomp|spe|1
|
|upkeep
|
|t:|1779701762
|switch|p1a: Eelektross|Eelektross, F|100/100
|turn|14
|
|t:|1779701770
|move|p2a: Garchomp|Scale Shot|p1a: Eelektross
|-damage|p1a: Eelektross|72/100
|-damage|p1a: Eelektross|42/100
|-damage|p1a: Eelektross|13/100
|-damage|p1a: Eelektross|0 fnt
|faint|p1a: Eelektross
|-hitcount|p1: Eelektross|4
|-unboost|p2a: Garchomp|def|1
|-boost|p2a: Garchomp|spe|1
|
|upkeep
|c|☆MiddleOU|Ts is so cringe
|
|t:|1779701784
|switch|p1a: Mudsdale|Mudsdale, M|100/100
|turn|15
|
|t:|1779701797
|switch|p2a: Shiftry|Shiftry, M|100/100
|move|p1a: Mudsdale|Earthquake|p2a: Shiftry
|-resisted|p2a: Shiftry
|-damage|p2a: Shiftry|64/100
|
|upkeep
|turn|16
|
|t:|1779701805
|move|p2a: Shiftry|Tailwind|p2a: Shiftry
|-sidestart|p2: Genesis13974|move: Tailwind
|-ability|p2a: Shiftry|Wind Rider|boost
|-boost|p2a: Shiftry|atk|1
|move|p1a: Mudsdale|Body Press|p2a: Shiftry
|-supereffective|p2a: Shiftry
|-damage|p2a: Shiftry|0 fnt
|faint|p2a: Shiftry
|
|upkeep
|
|t:|1779701825
|switch|p2a: Glaceon|Glaceon, F, shiny|100/100
|turn|17
|
|t:|1779701833
|switch|p1a: Emboar|Emboar, M|56/100 par
|move|p2a: Glaceon|Blizzard|p1a: Emboar
|-resisted|p1a: Emboar
|-damage|p1a: Emboar|23/100 par
|
|upkeep
|turn|18
|
|t:|1779701841
|move|p2a: Glaceon|Blizzard|p1a: Emboar
|-resisted|p1a: Emboar
|-damage|p1a: Emboar|0 fnt
|faint|p1a: Emboar
|
|upkeep
|
|t:|1779701843
|switch|p1a: Mudsdale|Mudsdale, M|100/100
|turn|19
|
|t:|1779701850
|move|p2a: Glaceon|Blizzard|p1a: Mudsdale
|-supereffective|p1a: Mudsdale
|-damage|p1a: Mudsdale|0 fnt
|faint|p1a: Mudsdale
|
|win|Genesis13974
|raw|MiddleOU's rating: 1124 &rarr; <strong>1101</strong><br />(-23 for losing)
|raw|Genesis13974's rating: 1149 &rarr; <strong>1172</strong><br />(+23 for winning)
|l|☆MiddleOU
|player|p1|
|l|☆Genesis13974
|player|p2|
