|j|☆impersonxtor
|j|☆LanceStern
|t:|1779640145
|gametype|singles
|player|p1|impersonxtor|#wcop2026uk2|1566
|player|p2|LanceStern|brock|1621
|gen|9
|tier|[Gen 9] OU
|rated|
|rule|HP Percentage Mod: HP is shown in percentages
|rule|Endless Battle Clause: Forcing endless battles is banned
|rule|Species Clause: Limit one of each Pokémon
|rule|OHKO Clause: OHKO moves are banned
|rule|Evasion Items Clause: Evasion items are banned
|rule|Evasion Moves Clause: Evasion moves are banned
|rule|Evasion Abilities Clause: Evasion abilities are banned
|rule|Sleep Moves Clause: Sleep-inducing moves are banned
|clearpoke
|poke|p1|Raging Bolt|
|poke|p1|Zamazenta-*|
|poke|p1|Gliscor, F|
|poke|p1|Iron Moth|
|poke|p1|Hatterene, F|
|poke|p1|Ogerpon-Wellspring, F|
|poke|p2|Deoxys-Speed|
|poke|p2|Iron Moth|
|poke|p2|Samurott-Hisui, F|
|poke|p2|Great Tusk|
|poke|p2|Scizor, F|
|poke|p2|Sinistcha-Masterpiece|
|teampreview
|
|t:|1779640189
|teamsize|p1|6
|teamsize|p2|6
|start
|switch|p1a: Hatterene|Hatterene, F|100/100
|switch|p2a: Scizor|Scizor, F|100/100
|turn|1
|inactive|Battle timer is ON: inactive players will automatically lose when time's up. (requested by impersonxtor)
|
|t:|1779640201
|move|p2a: Scizor|U-turn|p1a: Hatterene
|-damage|p1a: Hatterene|54/100
|
|t:|1779640204
|switch|p2a: Sinistcha|Sinistcha-Masterpiece|100/100|[from] U-turn
|move|p1a: Hatterene|Mystical Fire|p2a: Sinistcha
|-supereffective|p2a: Sinistcha
|-damage|p2a: Sinistcha|73/100
|
|-heal|p1a: Hatterene|60/100|[from] item: Leftovers
|upkeep
|turn|2
|
|t:|1779640216
|switch|p1a: Gliscor|Gliscor, F|100/100
|move|p2a: Sinistcha|Shadow Ball|p1a: Gliscor
|-damage|p1a: Gliscor|57/100
|
|-status|p1a: Gliscor|tox|[from] item: Toxic Orb
|upkeep
|turn|3
|
|t:|1779640228
|switch|p2a: Scizor|Scizor, F|100/100
|move|p1a: Gliscor|Earthquake|p2a: Scizor
|-damage|p2a: Scizor|52/100
|
|-heal|p1a: Gliscor|69/100 tox|[from] ability: Poison Heal
|upkeep
|turn|4
|
|t:|1779640234
|move|p2a: Scizor|Bullet Punch|p1a: Gliscor
|-damage|p1a: Gliscor|23/100 tox
|move|p1a: Gliscor|Earthquake|p2a: Scizor
|-damage|p2a: Scizor|7/100
|
|-heal|p1a: Gliscor|36/100 tox|[from] ability: Poison Heal
|upkeep
|turn|5
|
|t:|1779640242
|switch|p1a: Iron Moth|Iron Moth|100/100
|-enditem|p1a: Iron Moth|Booster Energy
|-activate|p1a: Iron Moth|ability: Quark Drive|[fromitem]
|-start|p1a: Iron Moth|quarkdrivespe
|move|p2a: Scizor|Bullet Punch|p1a: Iron Moth
|-resisted|p1a: Iron Moth
|-damage|p1a: Iron Moth|63/100
|
|upkeep
|turn|6
|
|t:|1779640256
|move|p2a: Scizor|Bullet Punch|p1a: Iron Moth
|-resisted|p1a: Iron Moth
|-damage|p1a: Iron Moth|26/100
|move|p1a: Iron Moth|Fiery Dance|p2a: Scizor
|-supereffective|p2a: Scizor
|-damage|p2a: Scizor|0 fnt
|faint|p2a: Scizor
|
|upkeep
|
|t:|1779640266
|switch|p2a: Samurott|Samurott-Hisui, F|100/100
|turn|7
|
|t:|1779640276
|move|p1a: Iron Moth|U-turn|p2a: Samurott
|-supereffective|p2a: Samurott
|-damage|p2a: Samurott|71/100
|
|t:|1779640278
|-end|p1a: Iron Moth|Quark Drive|[silent]
|switch|p1a: Zamazenta|Zamazenta|100/100|[from] U-turn
|-ability|p1a: Zamazenta|Dauntless Shield|boost
|-boost|p1a: Zamazenta|def|1
|move|p2a: Samurott|Ceaseless Edge|p1a: Zamazenta
|-resisted|p1a: Zamazenta
|-damage|p1a: Zamazenta|89/100
|-sidestart|p1: impersonxtor|Spikes
|
|upkeep
|turn|8
|
|t:|1779640287
|move|p1a: Zamazenta|Reflect|p1a: Zamazenta
|-sidestart|p1: impersonxtor|Reflect
|move|p2a: Samurott|Encore|p1a: Zamazenta
|-start|p1a: Zamazenta|Encore
|
|upkeep
|turn|9
|
|t:|1779640295
|switch|p1a: Gliscor|Gliscor, F|36/100 tox
|move|p2a: Samurott|Ceaseless Edge|p1a: Gliscor
|-damage|p1a: Gliscor|18/100 tox
|-sidestart|p1: impersonxtor|Spikes
|
|-heal|p1a: Gliscor|31/100 tox|[from] ability: Poison Heal
|upkeep
|turn|10
|
|t:|1779640301
|move|p2a: Samurott|Aqua Cutter|p1a: Gliscor
|-supereffective|p1a: Gliscor
|-damage|p1a: Gliscor|0 fnt
|faint|p1a: Gliscor
|
|upkeep
|
|t:|1779640304
|switch|p1a: Ogerpon|Ogerpon-Wellspring, F|100/100
|-damage|p1a: Ogerpon|84/100|[from] Spikes
|turn|11
|
|t:|1779640307
|move|p1a: Ogerpon|Swords Dance|p1a: Ogerpon
|-boost|p1a: Ogerpon|atk|2
|move|p2a: Samurott|Ceaseless Edge|p1a: Ogerpon
|-damage|p1a: Ogerpon|54/100
|-sidestart|p1: impersonxtor|Spikes
|
|upkeep
|turn|12
|
|t:|1779640312
|move|p1a: Ogerpon|Ivy Cudgel|p2a: Samurott|[anim] Ivy Cudgel Water
|-resisted|p2a: Samurott
|-damage|p2a: Samurott|0 fnt
|faint|p2a: Samurott
|
|upkeep
|
|t:|1779640319
|switch|p2a: Iron Moth|Iron Moth|100/100
|-enditem|p2a: Iron Moth|Booster Energy
|-activate|p2a: Iron Moth|ability: Quark Drive|[fromitem]
|-start|p2a: Iron Moth|quarkdrivespe
|turn|13
|
|t:|1779640321
|-terastallize|p2a: Iron Moth|Grass
|-terastallize|p1a: Ogerpon|Water
|detailschange|p1a: Ogerpon|Ogerpon-Wellspring-Tera, F, tera:Water
|-ability|p1a: Ogerpon|Embody Aspect (Wellspring)|boost
|-boost|p1a: Ogerpon|spd|1
|move|p2a: Iron Moth|Energy Ball|p1a: Ogerpon
|-supereffective|p1a: Ogerpon
|-damage|p1a: Ogerpon|0 fnt
|faint|p1a: Ogerpon
|detailschange|p1: Ogerpon|Ogerpon-Wellspring, F|[silent]
|
|upkeep
|
|t:|1779640326
|switch|p1a: Zamazenta|Zamazenta|89/100
|-damage|p1a: Zamazenta|64/100|[from] Spikes
|turn|14
|
|t:|1779640337
|move|p2a: Iron Moth|Dazzling Gleam|p1a: Zamazenta
|-supereffective|p1a: Zamazenta
|-damage|p1a: Zamazenta|23/100
|move|p1a: Zamazenta|Light Screen|p1a: Zamazenta
|-sidestart|p1: impersonxtor|move: Light Screen
|
|upkeep
|turn|15
|
|t:|1779640345
|-end|p2a: Iron Moth|Quark Drive|[silent]
|switch|p2a: Sinistcha|Sinistcha-Masterpiece|73/100
|move|p1a: Zamazenta|Close Combat|p2a: Sinistcha
|-immune|p2a: Sinistcha
|
|-sideend|p1: impersonxtor|Reflect
|upkeep
|turn|16
|
|t:|1779640353
|switch|p1a: Iron Moth|Iron Moth|26/100
|-damage|p1a: Iron Moth|1/100|[from] Spikes
|move|p2a: Sinistcha|Matcha Gotcha|p1a: Iron Moth
|-resisted|p1a: Iron Moth
|-damage|p1a: Iron Moth|0 fnt
|-heal|p2a: Sinistcha|73/100|[from] drain|[of] p1a: Iron Moth
|faint|p1a: Iron Moth
|-end|p1a: Iron Moth|Quark Drive|[silent]
|
|upkeep
|
|t:|1779640355
|switch|p1a: Raging Bolt|Raging Bolt|100/100
|-damage|p1a: Raging Bolt|76/100|[from] Spikes
|-enditem|p1a: Raging Bolt|Booster Energy
|-activate|p1a: Raging Bolt|ability: Protosynthesis|[fromitem]
|-start|p1a: Raging Bolt|protosynthesisspa
|turn|17
|
|t:|1779640372
|move|p1a: Raging Bolt|Dragon Pulse|p2a: Sinistcha
|-damage|p2a: Sinistcha|0 fnt
|faint|p2a: Sinistcha
|
|upkeep
|
|t:|1779640384
|switch|p2a: Deoxys|Deoxys-Speed|100/100
|-ability|p2a: Deoxys|Pressure
|turn|18
|
|t:|1779640387
|move|p2a: Deoxys|Ice Beam|p1a: Raging Bolt
|-supereffective|p1a: Raging Bolt
|-damage|p1a: Raging Bolt|46/100
|move|p1a: Raging Bolt|Thunderbolt|p2a: Deoxys
|-damage|p2a: Deoxys|0 fnt
|faint|p2a: Deoxys
|
|upkeep
|
|t:|1779640392
|switch|p2a: Great Tusk|Great Tusk|100/100
|turn|19
|
|t:|1779640394
|move|p2a: Great Tusk|Headlong Rush|p1a: Raging Bolt
|-supereffective|p1a: Raging Bolt
|-damage|p1a: Raging Bolt|0 fnt
|-unboost|p2a: Great Tusk|def|1
|-unboost|p2a: Great Tusk|spd|1
|faint|p1a: Raging Bolt
|-end|p1a: Raging Bolt|Protosynthesis|[silent]
|
|upkeep
|
|t:|1779640398
|switch|p1a: Hatterene|Hatterene, F|60/100
|-damage|p1a: Hatterene|35/100|[from] Spikes
|turn|20
|-message|impersonxtor forfeited.
|
|win|LanceStern
|raw|impersonxtor's rating: 1566 &rarr; <strong>1549</strong><br />(-17 for losing)
|raw|LanceStern's rating: 1621 &rarr; <strong>1638</strong><br />(+17 for winning)
|l|☆impersonxtor
|player|p1|
|l|☆LanceStern
|player|p2|
