|j|☆dfghyu
|j|☆asw990117
|t:|1779688530
|gametype|singles
|player|p1|dfghyu|2|1126
|player|p2|asw990117|266|1208
|gen|9
|tier|[Gen 9] OU
|rated|
|rule|HP Percentage Mod: HP is shown in percentages
|rule|Endless Battle Clause: Forcing endless battles is banned
|rule|Species Clause: Limit one of each Pokémon
|rule|OHKO Clause: OHKO moves are banned
|rule|Evasion Items Clause: Evasion items are banned
|rule|Evasion Moves Clause: Evasion moves are banned
|rule|Evasion Abilities Clause: Evasion abilities are banned
|rule|Sleep Moves Clause: Sleep-inducing moves are banned
|clearpoke
|poke|p1|Ceruledge, M|
|poke|p1|Pecharunt|
|poke|p1|Garganacl, F|
|poke|p1|Great Tusk|
|poke|p1|Dragapult, F|
|poke|p1|Ribombee, M|
|poke|p2|Breloom, M|
|poke|p2|Dragonite, F|
|poke|p2|Corviknight, F|
|poke|p2|Blaziken, M|
|poke|p2|Swampert, M|
|poke|p2|Gholdengo|
|teampreview
|inactive|Battle timer is ON: inactive players will automatically lose when time's up. (requested by asw990117)
|
|t:|1779688542
|teamsize|p1|6
|teamsize|p2|6
|start
|switch|p1a: Ceruledge|Ceruledge, M|100/100
|switch|p2a: Gholdengo|Gholdengo|100/100
|-item|p2a: Gholdengo|Air Balloon
|turn|1
|
|t:|1779688551
|move|p1a: Ceruledge|Shadow Sneak|p2a: Gholdengo
|-supereffective|p2a: Gholdengo
|-damage|p2a: Gholdengo|40/100
|-enditem|p2a: Gholdengo|Air Balloon
|-damage|p1a: Ceruledge|91/100|[from] item: Life Orb
|move|p2a: Gholdengo|Shadow Ball|p1a: Ceruledge
|-supereffective|p1a: Ceruledge
|-damage|p1a: Ceruledge|0 fnt
|faint|p1a: Ceruledge
|
|upkeep
|
|t:|1779688571
|switch|p1a: Dragapult|Dragapult, F, shiny|100/100
|turn|2
|
|t:|1779688583
|switch|p2a: Swampert|Swampert, M|100/100
|move|p1a: Dragapult|Shadow Ball|p2a: Swampert
|-damage|p2a: Swampert|50/100
|-unboost|p2a: Swampert|spd|1
|
|-heal|p2a: Swampert|56/100|[from] item: Leftovers
|upkeep
|turn|3
|
|t:|1779688592
|move|p1a: Dragapult|Shadow Ball|p2a: Swampert
|-damage|p2a: Swampert|0 fnt
|faint|p2a: Swampert
|
|upkeep
|
|t:|1779688604
|switch|p2a: Dragonite|Dragonite, F|100/100
|turn|4
|
|t:|1779688626
|switch|p1a: Garganacl|Garganacl, F, shiny|100/100
|-terastallize|p2a: Dragonite|Normal
|move|p2a: Dragonite|Ice Spinner|p1a: Garganacl
|-damage|p1a: Garganacl|85/100
|
|-heal|p1a: Garganacl|91/100|[from] item: Leftovers
|upkeep
|turn|5
|
|t:|1779688638
|switch|p2a: Gholdengo|Gholdengo|40/100
|move|p1a: Garganacl|Salt Cure|p2a: Gholdengo
|-resisted|p2a: Gholdengo
|-damage|p2a: Gholdengo|33/100
|-start|p2a: Gholdengo|Salt Cure
|
|-heal|p1a: Garganacl|98/100|[from] item: Leftovers
|-damage|p2a: Gholdengo|8/100|[from] Salt Cure
|upkeep
|turn|6
|
|t:|1779688649
|move|p2a: Gholdengo|Flash Cannon|p1a: Garganacl
|-supereffective|p1a: Garganacl
|-damage|p1a: Garganacl|9/100
|move|p1a: Garganacl|Recover|p1a: Garganacl
|-heal|p1a: Garganacl|59/100
|
|-heal|p1a: Garganacl|66/100|[from] item: Leftovers
|-damage|p2a: Gholdengo|0 fnt|[from] Salt Cure
|faint|p2a: Gholdengo
|upkeep
|
|t:|1779688653
|switch|p2a: Breloom|Breloom, M|100/100
|turn|7
|inactive|dfghyu has 120 seconds left.
|
|t:|1779688691
|-terastallize|p1a: Garganacl|Ghost
|move|p2a: Breloom|Bullet Seed|p1a: Garganacl
|-damage|p1a: Garganacl|54/100
|-damage|p1a: Garganacl|42/100
|-damage|p1a: Garganacl|29/100
|-damage|p1a: Garganacl|17/100
|-damage|p1a: Garganacl|5/100
|-hitcount|p1a: Garganacl|5
|move|p1a: Garganacl|Salt Cure|p2a: Breloom
|-resisted|p2a: Breloom
|-damage|p2a: Breloom|89/100
|-start|p2a: Breloom|Salt Cure
|
|-heal|p1a: Garganacl|12/100|[from] item: Leftovers
|-damage|p2a: Breloom|77/100|[from] Salt Cure
|upkeep
|turn|8
|
|t:|1779688713
|switch|p2a: Blaziken|Blaziken, M|100/100
|move|p1a: Garganacl|Recover|p1a: Garganacl
|-heal|p1a: Garganacl|62/100
|
|-heal|p1a: Garganacl|68/100|[from] item: Leftovers
|upkeep
|turn|9
|
|t:|1779688730
|switch|p2a: Breloom|Breloom, M|77/100
|move|p1a: Garganacl|Recover|p1a: Garganacl
|-heal|p1a: Garganacl|100/100
|
|upkeep
|turn|10
|
|t:|1779688751
|switch|p1a: Dragapult|Dragapult, F, shiny|100/100
|move|p2a: Breloom|Toxic|p1a: Dragapult
|-status|p1a: Dragapult|tox
|
|-damage|p1a: Dragapult|95/100 tox|[from] psn
|upkeep
|turn|11
|inactive|asw990117 has 120 seconds left.
|
|t:|1779688782
|switch|p2a: Dragonite|Dragonite, F, tera:Normal|100/100
|move|p1a: Dragapult|Flamethrower|p2a: Dragonite
|-damage|p2a: Dragonite|81/100
|
|-heal|p2a: Dragonite|87/100|[from] item: Leftovers
|-damage|p1a: Dragapult|83/100 tox|[from] psn
|upkeep
|turn|12
|inactive|dfghyu has 90 seconds left.
|
|t:|1779688801
|switch|p1a: Ribombee|Ribombee, M, shiny|100/100
|move|p2a: Dragonite|Ice Spinner|p1a: Ribombee
|-damage|p1a: Ribombee|43/100
|
|-heal|p2a: Dragonite|94/100|[from] item: Leftovers
|upkeep
|turn|13
|inactive|dfghyu has 90 seconds left.
|
|t:|1779688813
|move|p2a: Dragonite|Extreme Speed|p1a: Ribombee
|-crit|p1a: Ribombee
|-damage|p1a: Ribombee|0 fnt
|faint|p1a: Ribombee
|
|-heal|p2a: Dragonite|99/100|[from] item: Leftovers
|upkeep
|inactive|dfghyu has 90 seconds left.
|
|t:|1779688820
|switch|p1a: Dragapult|Dragapult, F, shiny|83/100 tox
|turn|14
|
|t:|1779688831
|move|p1a: Dragapult|Draco Meteor|p2a: Dragonite
|-damage|p2a: Dragonite|26/100
|-unboost|p1a: Dragapult|spa|2
|move|p2a: Dragonite|Ice Spinner|p1a: Dragapult
|-supereffective|p1a: Dragapult
|-damage|p1a: Dragapult|4/100 tox
|
|-heal|p2a: Dragonite|32/100|[from] item: Leftovers
|-damage|p1a: Dragapult|0 fnt|[from] psn
|faint|p1a: Dragapult
|upkeep
|inactive|dfghyu has 90 seconds left.
|
|t:|1779688843
|switch|p1a: Great Tusk|Great Tusk|100/100
|-enditem|p1a: Great Tusk|Booster Energy
|-activate|p1a: Great Tusk|ability: Protosynthesis|[fromitem]
|-start|p1a: Great Tusk|protosynthesisdef
|turn|15
|
|t:|1779688850
|switch|p2a: Corviknight|Corviknight, F|100/100
|move|p1a: Great Tusk|Close Combat|p2a: Corviknight
|-crit|p2a: Corviknight
|-damage|p2a: Corviknight|51/100
|-unboost|p1a: Great Tusk|def|1
|-unboost|p1a: Great Tusk|spd|1
|
|-heal|p2a: Corviknight|57/100|[from] item: Leftovers
|upkeep
|turn|16
|inactive|dfghyu has 90 seconds left.
|
|t:|1779688869
|-end|p1a: Great Tusk|Protosynthesis|[silent]
|switch|p1a: Pecharunt|Pecharunt|100/100
|move|p2a: Corviknight|Iron Defense|p2a: Corviknight
|-boost|p2a: Corviknight|def|2
|
|-heal|p2a: Corviknight|63/100|[from] item: Leftovers
|upkeep
|turn|17
|inactive|dfghyu has 90 seconds left.
|
|t:|1779688881
|move|p1a: Pecharunt|Parting Shot|p2a: Corviknight
|-ability|p2a: Corviknight|Mirror Armor
|-unboost|p1a: Pecharunt|atk|1
|-ability|p2a: Corviknight|Mirror Armor
|-unboost|p1a: Pecharunt|spa|1
|inactive|dfghyu has 90 seconds left.
|
|t:|1779688889
|switch|p1a: Great Tusk|Great Tusk|100/100|[from] Parting Shot
|move|p2a: Corviknight|Iron Defense|p2a: Corviknight
|-boost|p2a: Corviknight|def|2
|
|-heal|p2a: Corviknight|69/100|[from] item: Leftovers
|upkeep
|turn|18
|inactive|dfghyu has 90 seconds left.
|
|t:|1779688901
|move|p1a: Great Tusk|Stealth Rock|p2a: Corviknight
|-sidestart|p2: asw990117|move: Stealth Rock
|move|p2a: Corviknight|Brave Bird|p1a: Great Tusk
|-supereffective|p1a: Great Tusk
|-damage|p1a: Great Tusk|65/100
|-damage|p2a: Corviknight|57/100|[from] Recoil
|
|-heal|p2a: Corviknight|63/100|[from] item: Leftovers
|upkeep
|turn|19
|
|t:|1779688909
|-end|p1a: Great Tusk|Protosynthesis|[silent]
|switch|p1a: Pecharunt|Pecharunt|100/100
|move|p2a: Corviknight|Defog|p1a: Pecharunt
|-unboost|p1a: Pecharunt|evasion|1
|-sideend|p2: asw990117|Stealth Rock|[from] move: Defog|[of] p2a: Corviknight
|
|-heal|p2a: Corviknight|69/100|[from] item: Leftovers
|upkeep
|turn|20
|
|t:|1779688920
|move|p1a: Pecharunt|Hex|p2a: Corviknight
|-damage|p2a: Corviknight|48/100
|move|p2a: Corviknight|Iron Defense|p2a: Corviknight
|-boost|p2a: Corviknight|def|2
|
|-heal|p2a: Corviknight|54/100|[from] item: Leftovers
|upkeep
|turn|21
|
|t:|1779688927
|move|p1a: Pecharunt|Nasty Plot|p1a: Pecharunt
|-boost|p1a: Pecharunt|spa|2
|move|p2a: Corviknight|Brave Bird|p1a: Pecharunt
|-damage|p1a: Pecharunt|76/100
|-damage|p2a: Corviknight|48/100|[from] Recoil
|
|-heal|p1a: Pecharunt|82/100|[from] item: Black Sludge
|-heal|p2a: Corviknight|54/100|[from] item: Leftovers
|upkeep
|turn|22
|
|t:|1779688937
|switch|p2a: Dragonite|Dragonite, F, tera:Normal|32/100
|move|p1a: Pecharunt|Nasty Plot|p1a: Pecharunt
|-boost|p1a: Pecharunt|spa|2
|
|-heal|p1a: Pecharunt|88/100|[from] item: Black Sludge
|-heal|p2a: Dragonite|38/100|[from] item: Leftovers
|upkeep
|turn|23
|
|t:|1779688947
|move|p1a: Pecharunt|Malignant Chain|p2a: Dragonite
|-damage|p2a: Dragonite|0 fnt
|faint|p2a: Dragonite
|
|-heal|p1a: Pecharunt|94/100|[from] item: Black Sludge
|upkeep
|
|t:|1779688952
|switch|p2a: Blaziken|Blaziken, M|100/100
|turn|24
|
|t:|1779688962
|move|p1a: Pecharunt|Malignant Chain|p2a: Blaziken
|-enditem|p2a: Blaziken|Focus Sash
|-damage|p2a: Blaziken|1/100
|-status|p2a: Blaziken|tox
|-start|p2a: Blaziken|confusion|[from] ability: Poison Puppeteer|[of] p1a: Pecharunt
|-activate|p2a: Blaziken|confusion
|move|p2a: Blaziken|Swords Dance|p2a: Blaziken
|-boost|p2a: Blaziken|atk|2
|
|-heal|p1a: Pecharunt|99/100|[from] item: Black Sludge
|-damage|p2a: Blaziken|0 fnt|[from] psn
|faint|p2a: Blaziken
|upkeep
|
|t:|1779688980
|switch|p2a: Corviknight|Corviknight, F|54/100
|turn|25
|
|t:|1779688985
|move|p1a: Pecharunt|Hex|p2a: Corviknight
|-crit|p2a: Corviknight
|-damage|p2a: Corviknight|0 fnt
|faint|p2a: Corviknight
|
|-heal|p1a: Pecharunt|100/100|[from] item: Black Sludge
|upkeep
|
|t:|1779688989
|switch|p2a: Breloom|Breloom, M|77/100
|turn|26
|-message|asw990117 forfeited.
|
|win|dfghyu
|raw|dfghyu's rating: 1126 &rarr; <strong>1157</strong><br />(+31 for winning)
|raw|asw990117's rating: 1208 &rarr; <strong>1177</strong><br />(-31 for losing)
|l|☆asw990117
|player|p2|
|l|☆dfghyu
|player|p1|
