|j|☆lethalwolf
|j|☆sushisav chef
|t:|1779642130
|gametype|singles
|player|p1|lethalwolf|101|1316
|player|p2|sushisav chef|cynthia|1316
|gen|9
|tier|[Gen 9] OU
|rated|
|rule|HP Percentage Mod: HP is shown in percentages
|rule|Endless Battle Clause: Forcing endless battles is banned
|rule|Species Clause: Limit one of each Pokémon
|rule|OHKO Clause: OHKO moves are banned
|rule|Evasion Items Clause: Evasion items are banned
|rule|Evasion Moves Clause: Evasion moves are banned
|rule|Evasion Abilities Clause: Evasion abilities are banned
|rule|Sleep Moves Clause: Sleep-inducing moves are banned
|clearpoke
|poke|p1|Regirock|
|poke|p1|Hydrapple, F|
|poke|p1|Scizor, M|
|poke|p1|Deoxys-Speed|
|poke|p1|Mismagius, F|
|poke|p1|Corviknight, F|
|poke|p2|Gliscor, M|
|poke|p2|Alomomola, F|
|poke|p2|Gholdengo|
|poke|p2|Hoopa-Unbound|
|poke|p2|Cinderace, F|
|poke|p2|Zamazenta-*|
|teampreview
|inactive|Battle timer is ON: inactive players will automatically lose when time's up. (requested by lethalwolf)
|inactive|sushisav chef also wants the timer to be on.
|
|t:|1779642155
|teamsize|p1|6
|teamsize|p2|6
|start
|switch|p1a: Regirock|Regirock|100/100
|switch|p2a: Alomomola|Alomomola, F|100/100
|turn|1
|
|t:|1779642163
|move|p1a: Regirock|Stealth Rock|p2a: Alomomola
|-sidestart|p2: sushisav chef|move: Stealth Rock
|move|p2a: Alomomola|Flip Turn|p1a: Regirock
|-supereffective|p1a: Regirock
|-damage|p1a: Regirock|87/100
|
|t:|1779642177
|switch|p2a: Hoopa|Hoopa-Unbound|100/100|[from] Flip Turn
|-damage|p2a: Hoopa|88/100|[from] Stealth Rock
|
|-heal|p1a: Regirock|93/100|[from] item: Leftovers
|upkeep
|turn|2
|
|t:|1779642189
|move|p2a: Hoopa|Knock Off|p1a: Regirock
|-damage|p1a: Regirock|73/100
|-enditem|p1a: Regirock|Leftovers|[from] move: Knock Off|[of] p2a: Hoopa
|move|p1a: Regirock|Body Press|p2a: Hoopa
|-damage|p2a: Hoopa|46/100
|
|upkeep
|turn|3
|
|t:|1779642207
|switch|p2a: Gholdengo|Gholdengo|100/100
|-damage|p2a: Gholdengo|94/100|[from] Stealth Rock
|move|p1a: Regirock|Body Press|p2a: Gholdengo
|-immune|p2a: Gholdengo
|
|upkeep
|turn|4
|
|t:|1779642222
|switch|p1a: Corviknight|Corviknight, F|100/100
|-ability|p1a: Corviknight|Pressure
|move|p2a: Gholdengo|Shadow Ball|p1a: Corviknight
|-damage|p1a: Corviknight|69/100
|
|upkeep
|turn|5
|
|t:|1779642230
|switch|p2a: Alomomola|Alomomola, F|100/100
|-damage|p2a: Alomomola|88/100|[from] Stealth Rock
|move|p1a: Corviknight|Roost|p1a: Corviknight
|-heal|p1a: Corviknight|100/100
|-singleturn|p1a: Corviknight|move: Roost
|
|upkeep
|turn|6
|
|t:|1779642239
|move|p1a: Corviknight|Brave Bird|p2a: Alomomola
|-damage|p2a: Alomomola|68/100
|-damage|p1a: Corviknight|91/100|[from] Recoil
|-enditem|p2a: Alomomola|Red Card|[of] p1a: Corviknight
|drag|p1a: Regirock|Regirock|73/100
|move|p2a: Alomomola|Flip Turn|p1a: Regirock
|-supereffective|p1a: Regirock
|-damage|p1a: Regirock|58/100
|
|t:|1779642244
|switch|p2a: Gholdengo|Gholdengo|94/100|[from] Flip Turn
|-damage|p2a: Gholdengo|88/100|[from] Stealth Rock
|
|upkeep
|turn|7
|
|t:|1779642252
|switch|p1a: Corviknight|Corviknight, F|91/100
|-ability|p1a: Corviknight|Pressure
|move|p2a: Gholdengo|Trick|p1a: Corviknight
|-activate|p2a: Gholdengo|move: Trick|[of] p1a: Corviknight
|-item|p1a: Corviknight|Choice Scarf|[from] move: Trick
|-item|p2a: Gholdengo|Rocky Helmet|[from] move: Trick
|
|upkeep
|turn|8
|
|t:|1779642265
|switch|p2a: Alomomola|Alomomola, F|100/100
|-damage|p2a: Alomomola|88/100|[from] Stealth Rock
|move|p1a: Corviknight|Brave Bird|p2a: Alomomola
|-damage|p2a: Alomomola|68/100
|-damage|p1a: Corviknight|82/100|[from] Recoil
|
|upkeep
|turn|9
|
|t:|1779642285
|move|p1a: Corviknight|Brave Bird|p2a: Alomomola
|-damage|p2a: Alomomola|49/100
|-damage|p1a: Corviknight|74/100|[from] Recoil
|move|p2a: Alomomola|Flip Turn|p1a: Corviknight
|-damage|p1a: Corviknight|61/100
|
|t:|1779642295
|switch|p2a: Gliscor|Gliscor, M|100/100|[from] Flip Turn
|-damage|p2a: Gliscor|88/100|[from] Stealth Rock
|
|-status|p2a: Gliscor|tox|[from] item: Toxic Orb
|upkeep
|turn|10
|
|t:|1779642305
|move|p1a: Corviknight|Brave Bird|p2a: Gliscor
|-damage|p2a: Gliscor|59/100 tox
|-damage|p1a: Corviknight|53/100|[from] Recoil
|move|p2a: Gliscor|Swords Dance|p2a: Gliscor
|-boost|p2a: Gliscor|atk|2
|
|-heal|p2a: Gliscor|71/100 tox|[from] ability: Poison Heal
|upkeep
|turn|11
|
|t:|1779642318
|move|p2a: Gliscor|Protect|p2a: Gliscor
|-singleturn|p2a: Gliscor|Protect
|move|p1a: Corviknight|Brave Bird|p2a: Gliscor
|-activate|p2a: Gliscor|move: Protect
|
|-heal|p2a: Gliscor|84/100 tox|[from] ability: Poison Heal
|upkeep
|turn|12
|
|t:|1779642333
|switch|p1a: Hydrapple|Hydrapple, F|100/100
|move|p2a: Gliscor|Facade|p1a: Hydrapple
|-damage|p1a: Hydrapple|53/100
|
|-heal|p2a: Gliscor|96/100 tox|[from] ability: Poison Heal
|upkeep
|turn|13
|
|t:|1779642340
|-terastallize|p2a: Gliscor|Normal
|move|p2a: Gliscor|Facade|p1a: Hydrapple
|-damage|p1a: Hydrapple|0 fnt
|faint|p1a: Hydrapple
|
|-heal|p2a: Gliscor|100/100 tox|[from] ability: Poison Heal
|upkeep
|
|t:|1779642345
|switch|p1a: Mismagius|Mismagius, F|100/100
|turn|14
|
|t:|1779642355
|switch|p2a: Alomomola|Alomomola, F|82/100
|-damage|p2a: Alomomola|70/100|[from] Stealth Rock
|move|p1a: Mismagius|Substitute|p1a: Mismagius
|-start|p1a: Mismagius|Substitute
|-damage|p1a: Mismagius|76/100
|
|-heal|p1a: Mismagius|82/100|[from] item: Leftovers
|upkeep
|turn|15
|
|t:|1779642359
|move|p1a: Mismagius|Will-O-Wisp|p2a: Alomomola
|-status|p2a: Alomomola|brn
|move|p2a: Alomomola|Wish|p2a: Alomomola
|
|-heal|p1a: Mismagius|88/100|[from] item: Leftovers
|-damage|p2a: Alomomola|64/100 brn|[from] brn
|upkeep
|turn|16
|
|t:|1779642365
|move|p1a: Mismagius|Hex|p2a: Alomomola
|-damage|p2a: Alomomola|0 fnt
|faint|p2a: Alomomola
|
|-heal|p1a: Mismagius|94/100|[from] item: Leftovers
|upkeep
|
|t:|1779642368
|switch|p2a: Hoopa|Hoopa-Unbound|46/100
|-damage|p2a: Hoopa|34/100|[from] Stealth Rock
|turn|17
|
|t:|1779642389
|move|p1a: Mismagius|Hex|p2a: Hoopa
|-damage|p2a: Hoopa|18/100
|move|p2a: Hoopa|Knock Off|p1a: Mismagius
|-supereffective|p1a: Mismagius
|-end|p1a: Mismagius|Substitute
|
|-heal|p1a: Mismagius|99/100|[from] item: Leftovers
|upkeep
|turn|18
|
|t:|1779642396
|switch|p1a: Corviknight|Corviknight, F|53/100
|-ability|p1a: Corviknight|Pressure
|move|p2a: Hoopa|Knock Off|p1a: Corviknight
|-damage|p1a: Corviknight|10/100
|-enditem|p1a: Corviknight|Choice Scarf|[from] move: Knock Off|[of] p2a: Hoopa
|
|upkeep
|turn|19
|inactive|sushisav chef has 120 seconds left.
|
|t:|1779642429
|switch|p2a: Gholdengo|Gholdengo|88/100
|-damage|p2a: Gholdengo|82/100|[from] Stealth Rock
|move|p1a: Corviknight|Roost|p1a: Corviknight
|-heal|p1a: Corviknight|60/100
|-singleturn|p1a: Corviknight|move: Roost
|
|upkeep
|turn|20
|
|t:|1779642434
|switch|p2a: Cinderace|Cinderace, F|100/100
|move|p1a: Corviknight|Roost|p1a: Corviknight
|-heal|p1a: Corviknight|100/100
|-singleturn|p1a: Corviknight|move: Roost
|
|upkeep
|turn|21
|inactive|sushisav chef has 120 seconds left.
|
|t:|1779642451
|switch|p1a: Regirock|Regirock|58/100
|move|p2a: Cinderace|Will-O-Wisp|p1a: Regirock
|-status|p1a: Regirock|brn
|
|-damage|p1a: Regirock|52/100 brn|[from] brn
|upkeep
|turn|22
|inactive|sushisav chef has 120 seconds left.
|
|t:|1779642462
|switch|p2a: Gliscor|Gliscor, M, tera:Normal|100/100 tox
|-damage|p2a: Gliscor|88/100 tox|[from] Stealth Rock
|move|p1a: Regirock|Body Press|p2a: Gliscor
|-supereffective|p2a: Gliscor
|-damage|p2a: Gliscor|53/100 tox
|
|-heal|p2a: Gliscor|66/100 tox|[from] ability: Poison Heal
|-damage|p1a: Regirock|46/100 brn|[from] brn
|upkeep
|turn|23
|inactive|sushisav chef has 120 seconds left.
|
|t:|1779642473
|switch|p2a: Gholdengo|Gholdengo|82/100
|-damage|p2a: Gholdengo|76/100|[from] Stealth Rock
|move|p1a: Regirock|Body Press|p2a: Gholdengo
|-immune|p2a: Gholdengo
|
|-damage|p1a: Regirock|40/100 brn|[from] brn
|upkeep
|turn|24
|inactive|sushisav chef has 120 seconds left.
|
|t:|1779642484
|switch|p1a: Corviknight|Corviknight, F|100/100
|-ability|p1a: Corviknight|Pressure
|move|p2a: Gholdengo|Shadow Ball|p1a: Corviknight
|-damage|p1a: Corviknight|70/100
|-unboost|p1a: Corviknight|spd|1
|
|upkeep
|turn|25
|
|t:|1779642496
|switch|p1a: Regirock|Regirock|40/100 brn
|move|p2a: Gholdengo|Shadow Ball|p1a: Regirock
|-damage|p1a: Regirock|0 fnt
|faint|p1a: Regirock
|
|upkeep
|
|t:|1779642506
|switch|p1a: Scizor|Scizor, M|100/100
|turn|26
|
|t:|1779642516
|move|p2a: Gholdengo|Shadow Ball|p1a: Scizor
|-damage|p1a: Scizor|37/100
|-unboost|p1a: Scizor|spd|1
|move|p1a: Scizor|Knock Off|p2a: Gholdengo
|-supereffective|p2a: Gholdengo
|-damage|p2a: Gholdengo|0 fnt
|-damage|p1a: Scizor|21/100|[from] item: Rocky Helmet|[of] p2a: Gholdengo
|-enditem|p2a: Gholdengo|Rocky Helmet|[from] move: Knock Off|[of] p1a: Scizor
|faint|p2a: Gholdengo
|-damage|p1a: Scizor|11/100|[from] item: Life Orb
|
|upkeep
|
|t:|1779642522
|switch|p2a: Cinderace|Cinderace, F|100/100
|turn|27
|
|t:|1779642532
|move|p1a: Scizor|Bullet Punch|p2a: Cinderace
|-resisted|p2a: Cinderace
|-damage|p2a: Cinderace|69/100
|-damage|p1a: Scizor|1/100|[from] item: Life Orb
|move|p2a: Cinderace|Pyro Ball|p1a: Scizor
|-supereffective|p1a: Scizor
|-damage|p1a: Scizor|0 fnt
|faint|p1a: Scizor
|
|upkeep
|
|t:|1779642547
|switch|p1a: Deoxys|Deoxys-Speed|100/100
|-ability|p1a: Deoxys|Pressure
|turn|28
|
|t:|1779642559
|move|p2a: Cinderace|Sucker Punch||[still]
|-fail|p2a: Cinderace
|move|p1a: Deoxys|Cosmic Power|p1a: Deoxys
|-boost|p1a: Deoxys|def|1
|-boost|p1a: Deoxys|spd|1
|
|upkeep
|turn|29
|
|t:|1779642563
|move|p1a: Deoxys|Cosmic Power|p1a: Deoxys
|-boost|p1a: Deoxys|def|1
|-boost|p1a: Deoxys|spd|1
|move|p2a: Cinderace|Court Change|p2a: Cinderace
|-start|p2a: Cinderace|typechange|Normal|[from] ability: Libero
|-swapsideconditions
|-activate|p2a: Cinderace|move: Court Change
|
|upkeep
|turn|30
|
|t:|1779642568
|move|p1a: Deoxys|Cosmic Power|p1a: Deoxys
|-boost|p1a: Deoxys|def|1
|-boost|p1a: Deoxys|spd|1
|move|p2a: Cinderace|Will-O-Wisp|p1a: Deoxys
|-status|p1a: Deoxys|brn
|
|-damage|p1a: Deoxys|94/100 brn|[from] brn
|upkeep
|turn|31
|
|t:|1779642576
|move|p1a: Deoxys|Cosmic Power|p1a: Deoxys
|-boost|p1a: Deoxys|def|1
|-boost|p1a: Deoxys|spd|1
|move|p2a: Cinderace|Pyro Ball|p1a: Deoxys
|-damage|p1a: Deoxys|77/100 brn
|
|-heal|p1a: Deoxys|84/100 brn|[from] item: Leftovers
|-damage|p1a: Deoxys|77/100 brn|[from] brn
|upkeep
|turn|32
|
|t:|1779642583
|move|p2a: Cinderace|Sucker Punch||[still]
|-fail|p2a: Cinderace
|move|p1a: Deoxys|Cosmic Power|p1a: Deoxys
|-boost|p1a: Deoxys|def|1
|-boost|p1a: Deoxys|spd|1
|
|-heal|p1a: Deoxys|84/100 brn|[from] item: Leftovers
|-damage|p1a: Deoxys|77/100 brn|[from] brn
|upkeep
|turn|33
|
|t:|1779642586
|move|p2a: Cinderace|Sucker Punch||[still]
|-fail|p2a: Cinderace
|move|p1a: Deoxys|Cosmic Power|p1a: Deoxys
|-boost|p1a: Deoxys|def|1
|-boost|p1a: Deoxys|spd|1
|
|-heal|p1a: Deoxys|84/100 brn|[from] item: Leftovers
|-damage|p1a: Deoxys|77/100 brn|[from] brn
|upkeep
|turn|34
|
|t:|1779642589
|move|p2a: Cinderace|Sucker Punch||[still]
|-fail|p2a: Cinderace
|move|p1a: Deoxys|Recover|p1a: Deoxys
|-heal|p1a: Deoxys|100/100 brn
|
|-damage|p1a: Deoxys|94/100 brn|[from] brn
|upkeep
|turn|35
|
|t:|1779642595
|move|p1a: Deoxys|Stored Power|p2a: Cinderace
|-damage|p2a: Cinderace|0 fnt
|faint|p2a: Cinderace
|
|-heal|p1a: Deoxys|100/100 brn|[from] item: Leftovers
|-damage|p1a: Deoxys|94/100 brn|[from] brn
|upkeep
|
|t:|1779642602
|switch|p2a: Hoopa|Hoopa-Unbound|18/100
|turn|36
|
|t:|1779642605
|move|p1a: Deoxys|Focus Blast|p2a: Hoopa
|-crit|p2a: Hoopa
|-damage|p2a: Hoopa|0 fnt
|faint|p2a: Hoopa
|
|-heal|p1a: Deoxys|100/100 brn|[from] item: Leftovers
|-damage|p1a: Deoxys|94/100 brn|[from] brn
|upkeep
|
|t:|1779642611
|switch|p2a: Gliscor|Gliscor, M, tera:Normal|66/100 tox
|turn|37
|
|t:|1779642616
|move|p1a: Deoxys|Stored Power|p2a: Gliscor
|-damage|p2a: Gliscor|0 fnt
|faint|p2a: Gliscor
|
|-heal|p1a: Deoxys|100/100 brn|[from] item: Leftovers
|-damage|p1a: Deoxys|94/100 brn|[from] brn
|upkeep
|
|t:|1779642618
|switch|p2a: Zamazenta|Zamazenta|100/100
|-ability|p2a: Zamazenta|Dauntless Shield|boost
|-boost|p2a: Zamazenta|def|1
|turn|38
|
|t:|1779642621
|move|p1a: Deoxys|Stored Power|p2a: Zamazenta
|-supereffective|p2a: Zamazenta
|-damage|p2a: Zamazenta|0 fnt
|faint|p2a: Zamazenta
|
|win|lethalwolf
|raw|lethalwolf's rating: 1316 &rarr; <strong>1336</strong><br />(+20 for winning)
|raw|sushisav chef's rating: 1316 &rarr; <strong>1296</strong><br />(-20 for losing)
|l|☆sushisav chef
|player|p2|
|l|☆lethalwolf
|player|p1|
