|j|☆greatteams123
|j|☆PieCubed^3
|t:|1779687620
|gametype|singles
|player|p1|greatteams123|lucas|1297
|player|p2|PieCubed^3|hilda-wonderlauncher|1420
|gen|9
|tier|[Gen 9] OU
|rated|
|rule|HP Percentage Mod: HP is shown in percentages
|rule|Endless Battle Clause: Forcing endless battles is banned
|rule|Species Clause: Limit one of each Pokémon
|rule|OHKO Clause: OHKO moves are banned
|rule|Evasion Items Clause: Evasion items are banned
|rule|Evasion Moves Clause: Evasion moves are banned
|rule|Evasion Abilities Clause: Evasion abilities are banned
|rule|Sleep Moves Clause: Sleep-inducing moves are banned
|clearpoke
|poke|p1|Dragapult, F|
|poke|p1|Corviknight, M|
|poke|p1|Blissey, F|
|poke|p1|Alomomola, F|
|poke|p1|Gliscor, F|
|poke|p1|Orthworm, M|
|poke|p2|Ninetales, F|
|poke|p2|Raging Bolt|
|poke|p2|Ceruledge, M|
|poke|p2|Hatterene, F|
|poke|p2|Leafeon, F|
|poke|p2|Great Tusk|
|teampreview
|inactive|Battle timer is ON: inactive players will automatically lose when time's up. (requested by PieCubed^3)
|
|t:|1779687633
|teamsize|p1|6
|teamsize|p2|6
|start
|switch|p1a: Dragapult|Dragapult, F|100/100
|switch|p2a: Ninetales|Ninetales, F|100/100
|-weather|SunnyDay|[from] ability: Drought|[of] p2a: Ninetales
|turn|1
|inactive|PieCubed^3 has 120 seconds left.
|
|t:|1779687680
|switch|p2a: Hatterene|Hatterene, F|100/100
|move|p1a: Dragapult|Shadow Ball|p2a: Hatterene
|-supereffective|p2a: Hatterene
|-damage|p2a: Hatterene|0 fnt
|faint|p2a: Hatterene
|
|-weather|SunnyDay|[upkeep]
|upkeep
|
|t:|1779687686
|switch|p2a: Raging Bolt|Raging Bolt|100/100
|-activate|p2a: Raging Bolt|ability: Protosynthesis
|-start|p2a: Raging Bolt|protosynthesisspa
|turn|2
|
|t:|1779687693
|switch|p1a: Blissey|Blissey, F|100/100
|-terastallize|p2a: Raging Bolt|Fire
|move|p2a: Raging Bolt|Weather Ball|p1a: Blissey
|-crit|p1a: Blissey
|-damage|p1a: Blissey|21/100
|
|-weather|SunnyDay|[upkeep]
|upkeep
|turn|3
|inactive|greatteams123 has 120 seconds left.
|inactive|greatteams123 has 90 seconds left.
|inactive|greatteams123 has 60 seconds left.
|
|t:|1779687795
|switch|p1a: Orthworm|Orthworm, M|100/100
|move|p2a: Raging Bolt|Weather Ball|p1a: Orthworm
|-supereffective|p1a: Orthworm
|-damage|p1a: Orthworm|0 fnt
|faint|p1a: Orthworm
|
|-weather|SunnyDay|[upkeep]
|upkeep
|
|t:|1779687797
|switch|p1a: Dragapult|Dragapult, F|100/100
|turn|4
|inactive|PieCubed^3 has 120 seconds left.
|
|t:|1779687817
|-terastallize|p1a: Dragapult|Dragon
|move|p1a: Dragapult|Draco Meteor|p2a: Raging Bolt
|-damage|p2a: Raging Bolt|0 fnt
|-unboost|p1a: Dragapult|spa|2
|faint|p2a: Raging Bolt
|-end|p2a: Raging Bolt|Protosynthesis|[silent]
|
|-weather|SunnyDay|[upkeep]
|upkeep
|
|t:|1779687829
|switch|p2a: Ceruledge|Ceruledge, M|100/100
|turn|5
|
|t:|1779687842
|switch|p1a: Gliscor|Gliscor, F|100/100
|move|p2a: Ceruledge|Swords Dance|p2a: Ceruledge
|-boost|p2a: Ceruledge|atk|2
|
|-weather|SunnyDay|[upkeep]
|-status|p1a: Gliscor|tox|[from] item: Toxic Orb
|upkeep
|turn|6
|
|t:|1779687849
|move|p2a: Ceruledge|Bitter Blade|p1a: Gliscor
|-damage|p1a: Gliscor|0 fnt
|faint|p1a: Gliscor
|-damage|p2a: Ceruledge|91/100|[from] item: Life Orb
|
|-weather|SunnyDay|[upkeep]
|upkeep
|
|t:|1779687854
|switch|p1a: Dragapult|Dragapult, F, tera:Dragon|100/100
|turn|7
|inactive|greatteams123 has 90 seconds left.
|inactive|PieCubed^3 has 120 seconds left.
|
|t:|1779687875
|switch|p2a: Great Tusk|Great Tusk|100/100
|-activate|p2a: Great Tusk|ability: Protosynthesis
|-start|p2a: Great Tusk|protosynthesisspe
|move|p1a: Dragapult|Shadow Ball|p2a: Great Tusk
|-damage|p2a: Great Tusk|28/100
|
|-weather|SunnyDay|[upkeep]
|upkeep
|turn|8
|
|t:|1779687883
|move|p2a: Great Tusk|Headlong Rush|p1a: Dragapult
|-damage|p1a: Dragapult|25/100
|-unboost|p2a: Great Tusk|def|1
|-unboost|p2a: Great Tusk|spd|1
|move|p1a: Dragapult|Shadow Ball|p2a: Great Tusk
|-damage|p2a: Great Tusk|0 fnt
|faint|p2a: Great Tusk
|-end|p2a: Great Tusk|Protosynthesis|[silent]
|
|-weather|none
|upkeep
|
|t:|1779687889
|switch|p2a: Ninetales|Ninetales, F|100/100
|-weather|SunnyDay|[from] ability: Drought|[of] p2a: Ninetales
|turn|9
|
|t:|1779687896
|switch|p1a: Alomomola|Alomomola, F|100/100
|move|p2a: Ninetales|Weather Ball|p1a: Alomomola
|-resisted|p1a: Alomomola
|-damage|p1a: Alomomola|73/100
|
|-weather|SunnyDay|[upkeep]
|upkeep
|turn|10
|inactive|greatteams123 has 120 seconds left.
|
|t:|1779687909
|switch|p2a: Leafeon|Leafeon, F|100/100
|move|p1a: Alomomola|Scald|p2a: Leafeon
|-resisted|p2a: Leafeon
|-damage|p2a: Leafeon|95/100
|-status|p2a: Leafeon|brn
|
|-weather|SunnyDay|[upkeep]
|-damage|p2a: Leafeon|89/100 brn|[from] brn
|upkeep
|turn|11
|inactive|greatteams123 has 120 seconds left.
|
|t:|1779687916
|switch|p2a: Ceruledge|Ceruledge, M|91/100
|move|p1a: Alomomola|Wish|p1a: Alomomola
|
|-weather|SunnyDay|[upkeep]
|upkeep
|turn|12
|inactive|greatteams123 has 120 seconds left.
|
|t:|1779687927
|move|p2a: Ceruledge|Swords Dance|p2a: Ceruledge
|-boost|p2a: Ceruledge|atk|2
|move|p1a: Alomomola|Scald|p2a: Ceruledge
|-supereffective|p2a: Ceruledge
|-damage|p2a: Ceruledge|75/100
|
|-weather|SunnyDay|[upkeep]
|-heal|p1a: Alomomola|100/100|[from] move: Wish|[wisher] Alomomola
|upkeep
|turn|13
|
|t:|1779687942
|switch|p1a: Blissey|Blissey, F|21/100
|move|p2a: Ceruledge|Swords Dance|p2a: Ceruledge
|-boost|p2a: Ceruledge|atk|2
|
|-weather|SunnyDay|[upkeep]
|upkeep
|turn|14
|
|t:|1779687944
|move|p2a: Ceruledge|Bitter Blade|p1a: Blissey
|-damage|p1a: Blissey|0 fnt
|-heal|p2a: Ceruledge|99/100|[from] drain|[of] p1a: Blissey
|faint|p1a: Blissey
|-damage|p2a: Ceruledge|89/100|[from] item: Life Orb
|
|-weather|SunnyDay|[upkeep]
|upkeep
|
|t:|1779687946
|switch|p1a: Dragapult|Dragapult, F, tera:Dragon|25/100
|turn|15
|
|t:|1779687948
|move|p2a: Ceruledge|Shadow Sneak|p1a: Dragapult
|-damage|p1a: Dragapult|0 fnt
|faint|p1a: Dragapult
|-damage|p2a: Ceruledge|79/100|[from] item: Life Orb
|
|-weather|SunnyDay|[upkeep]
|upkeep
|
|t:|1779687951
|switch|p1a: Corviknight|Corviknight, M|100/100
|-ability|p1a: Corviknight|Pressure
|turn|16
|
|t:|1779687953
|move|p2a: Ceruledge|Bitter Blade|p1a: Corviknight
|-supereffective|p1a: Corviknight
|-damage|p1a: Corviknight|0 fnt
|-heal|p2a: Ceruledge|100/100|[from] drain|[of] p1a: Corviknight
|faint|p1a: Corviknight
|-damage|p2a: Ceruledge|91/100|[from] item: Life Orb
|
|-weather|none
|upkeep
|
|t:|1779687956
|switch|p1a: Alomomola|Alomomola, F|100/100
|turn|17
|c|☆PieCubed^3|gg
|
|t:|1779687960
|move|p2a: Ceruledge|Poltergeist|p1a: Alomomola
|-activate|p1a: Alomomola|move: Poltergeist|Heavy-Duty Boots
|-damage|p1a: Alomomola|0 fnt
|faint|p1a: Alomomola
|-damage|p2a: Ceruledge|81/100|[from] item: Life Orb
|
|win|PieCubed^3
|raw|greatteams123's rating: 1297 &rarr; <strong>1280</strong><br />(-17 for losing)
|raw|PieCubed^3's rating: 1420 &rarr; <strong>1433</strong><br />(+13 for winning)
|l|☆greatteams123
|player|p1|
|l|☆PieCubed^3
|player|p2|
