|j|☆Luisowbro
|j|☆Aleph501!
|t:|1779621229
|gametype|singles
|player|p1|Luisowbro|ingo|1400
|player|p2|Aleph501!|169|1433
|gen|9
|tier|[Gen 9] OU
|rated|
|rule|HP Percentage Mod: HP is shown in percentages
|rule|Endless Battle Clause: Forcing endless battles is banned
|rule|Species Clause: Limit one of each Pokémon
|rule|OHKO Clause: OHKO moves are banned
|rule|Evasion Items Clause: Evasion items are banned
|rule|Evasion Moves Clause: Evasion moves are banned
|rule|Evasion Abilities Clause: Evasion abilities are banned
|rule|Sleep Moves Clause: Sleep-inducing moves are banned
|clearpoke
|poke|p1|Haxorus, M|
|poke|p1|Moltres-Galar|
|poke|p1|Volcanion|
|poke|p1|Regieleki|
|poke|p1|Scizor, M|
|poke|p1|Deoxys-Speed|
|poke|p2|Garchomp, F|
|poke|p2|Tyranitar, F|
|poke|p2|Corviknight, F|
|poke|p2|Clefable, F|
|poke|p2|Scizor, M|
|poke|p2|Volcanion|
|teampreview
|inactive|Battle timer is ON: inactive players will automatically lose when time's up. (requested by Aleph501!)
|inactive|Luisowbro has 120 seconds left.
|
|t:|1779621278
|teamsize|p1|6
|teamsize|p2|6
|start
|switch|p1a: Volcanion|Volcanion|100/100
|switch|p2a: Scizor|Scizor, M|100/100
|turn|1
|
|t:|1779621291
|switch|p2a: Volcanion|Volcanion|100/100
|move|p1a: Volcanion|Earth Power|p2a: Volcanion
|-supereffective|p2a: Volcanion
|-damage|p2a: Volcanion|63/100
|
|upkeep
|turn|2
|
|t:|1779621299
|-terastallize|p2a: Volcanion|Ground
|move|p2a: Volcanion|Earth Power|p1a: Volcanion
|-supereffective|p1a: Volcanion
|-damage|p1a: Volcanion|40/100
|move|p1a: Volcanion|Earth Power|p2a: Volcanion
|-damage|p2a: Volcanion|42/100
|
|upkeep
|turn|3
|
|t:|1779621309
|move|p1a: Volcanion|Steam Eruption|p2a: Volcanion
|-heal|p2a: Volcanion|67/100|[from] ability: Water Absorb|[of] p1a: Volcanion
|move|p2a: Volcanion|Sludge Bomb|p1a: Volcanion
|-damage|p1a: Volcanion|20/100
|
|upkeep
|turn|4
|
|t:|1779621318
|move|p1a: Volcanion|Flamethrower|p2a: Volcanion
|-damage|p2a: Volcanion|39/100
|move|p2a: Volcanion|Earth Power|p1a: Volcanion
|-supereffective|p1a: Volcanion
|-damage|p1a: Volcanion|0 fnt
|faint|p1a: Volcanion
|
|upkeep
|
|t:|1779621330
|switch|p1a: Scizor|Scizor, M, shiny|100/100
|turn|5
|
|t:|1779621338
|switch|p2a: Garchomp|Garchomp, F|100/100
|move|p1a: Scizor|U-turn|p2a: Garchomp
|-damage|p2a: Garchomp|66/100
|-damage|p1a: Scizor|88/100|[from] ability: Rough Skin|[of] p2a: Garchomp
|-damage|p1a: Scizor|72/100|[from] item: Rocky Helmet|[of] p2a: Garchomp
|
|t:|1779621346
|switch|p1a: Deoxys|Deoxys-Speed, shiny|100/100|[from] U-turn
|-ability|p1a: Deoxys|Pressure
|
|upkeep
|turn|6
|
|t:|1779621353
|switch|p2a: Tyranitar|Tyranitar, F|100/100
|-weather|Sandstorm|[from] ability: Sand Stream|[of] p2a: Tyranitar
|move|p1a: Deoxys|Ice Beam|p2a: Tyranitar
|-damage|p2a: Tyranitar|85/100
|-status|p2a: Tyranitar|frz
|
|-weather|Sandstorm|[upkeep]
|-damage|p1a: Deoxys|94/100|[from] Sandstorm
|upkeep
|turn|7
|
|t:|1779621365
|switch|p2a: Scizor|Scizor, M|100/100
|move|p1a: Deoxys|Superpower|p2a: Scizor
|-damage|p2a: Scizor|68/100
|-unboost|p1a: Deoxys|atk|1
|-unboost|p1a: Deoxys|def|1
|-enditem|p1a: Deoxys|Eject Pack
|inactive|Luisowbro has 120 seconds left.
|
|t:|1779621394
|switch|p1a: Regieleki|Regieleki, shiny|100/100
|
|-weather|Sandstorm|[upkeep]
|-damage|p1a: Regieleki|94/100|[from] Sandstorm
|-heal|p2a: Scizor|74/100|[from] item: Leftovers
|upkeep
|turn|8
|
|t:|1779621402
|move|p2a: Scizor|Bullet Punch|p1a: Regieleki
|-resisted|p1a: Regieleki
|-damage|p1a: Regieleki|69/100
|move|p1a: Regieleki|Reflect|p1a: Regieleki
|-sidestart|p1: Luisowbro|Reflect
|
|-weather|Sandstorm|[upkeep]
|-damage|p1a: Regieleki|63/100|[from] Sandstorm
|-heal|p2a: Scizor|80/100|[from] item: Leftovers
|upkeep
|turn|9
|
|t:|1779621412
|move|p1a: Regieleki|Light Screen|p1a: Regieleki
|-sidestart|p1: Luisowbro|move: Light Screen
|move|p2a: Scizor|Knock Off|p1a: Regieleki
|-damage|p1a: Regieleki|34/100
|-enditem|p1a: Regieleki|Light Clay|[from] move: Knock Off|[of] p2a: Scizor
|
|-weather|Sandstorm|[upkeep]
|-damage|p1a: Regieleki|28/100|[from] Sandstorm
|-heal|p2a: Scizor|86/100|[from] item: Leftovers
|upkeep
|turn|10
|
|t:|1779621421
|move|p1a: Regieleki|Volt Switch|p2a: Scizor
|-damage|p2a: Scizor|50/100
|
|t:|1779621430
|switch|p1a: Scizor|Scizor, M, shiny|72/100|[from] Volt Switch
|move|p2a: Scizor|Swords Dance|p2a: Scizor
|-boost|p2a: Scizor|atk|2
|
|-weather|none
|-heal|p2a: Scizor|56/100|[from] item: Leftovers
|upkeep
|turn|11
|
|t:|1779621441
|move|p2a: Scizor|Knock Off|p1a: Scizor
|-damage|p1a: Scizor|38/100
|-enditem|p1a: Scizor|Choice Band|[from] move: Knock Off|[of] p2a: Scizor
|move|p1a: Scizor|Close Combat|p2a: Scizor
|-damage|p2a: Scizor|13/100
|-unboost|p1a: Scizor|def|1
|-unboost|p1a: Scizor|spd|1
|
|-heal|p2a: Scizor|19/100|[from] item: Leftovers
|upkeep
|turn|12
|
|t:|1779621456
|switch|p2a: Corviknight|Corviknight, F|100/100
|-ability|p2a: Corviknight|Pressure
|move|p1a: Scizor|Bullet Punch|p2a: Corviknight
|-resisted|p2a: Corviknight
|-damage|p2a: Corviknight|91/100
|-damage|p1a: Scizor|21/100|[from] item: Rocky Helmet|[of] p2a: Corviknight
|
|upkeep
|turn|13
|
|t:|1779621467
|move|p2a: Corviknight|U-turn|p1a: Scizor
|-resisted|p1a: Scizor
|-damage|p1a: Scizor|16/100
|
|t:|1779621469
|switch|p2a: Garchomp|Garchomp, F|66/100|[from] U-turn
|move|p1a: Scizor|U-turn|p2a: Garchomp
|-damage|p2a: Garchomp|40/100
|-damage|p1a: Scizor|4/100|[from] ability: Rough Skin|[of] p2a: Garchomp
|-damage|p1a: Scizor|0 fnt|[from] item: Rocky Helmet|[of] p2a: Garchomp
|faint|p1a: Scizor
|
|upkeep
|
|t:|1779621496
|switch|p1a: Moltres|Moltres-Galar, shiny|100/100
|turn|14
|
|t:|1779621500
|move|p1a: Moltres|Agility|p1a: Moltres
|-boost|p1a: Moltres|spe|2
|move|p2a: Garchomp|Dragon Tail|p1a: Moltres|[miss]
|-miss|p2a: Garchomp|p1a: Moltres
|
|upkeep
|turn|15
|
|t:|1779621511
|move|p1a: Moltres|Fiery Wrath|p2a: Garchomp
|-damage|p2a: Garchomp|2/100
|cant|p2a: Garchomp|flinch
|
|-sideend|p1: Luisowbro|Reflect
|upkeep
|turn|16
|
|t:|1779621519
|move|p1a: Moltres|Fiery Wrath|p2a: Garchomp
|-damage|p2a: Garchomp|0 fnt
|faint|p2a: Garchomp
|
|-sideend|p1: Luisowbro|move: Light Screen
|upkeep
|
|t:|1779621525
|switch|p2a: Tyranitar|Tyranitar, F|85/100 frz
|-weather|Sandstorm|[from] ability: Sand Stream|[of] p2a: Tyranitar
|turn|17
|
|t:|1779621530
|move|p1a: Moltres|Nasty Plot|p1a: Moltres
|-boost|p1a: Moltres|spa|2
|-curestatus|p2a: Tyranitar|frz|[msg]
|move|p2a: Tyranitar|Dragon Tail|p1a: Moltres
|-damage|p1a: Moltres|79/100
|drag|p1a: Regieleki|Regieleki, shiny|28/100
|
|-weather|Sandstorm|[upkeep]
|-damage|p1a: Regieleki|22/100|[from] Sandstorm
|upkeep
|turn|18
|
|t:|1779621543
|move|p1a: Regieleki|Light Screen|p1a: Regieleki
|-sidestart|p1: Luisowbro|move: Light Screen
|move|p2a: Tyranitar|Knock Off|p1a: Regieleki
|-crit|p1a: Regieleki
|-damage|p1a: Regieleki|0 fnt
|faint|p1a: Regieleki
|
|-weather|Sandstorm|[upkeep]
|upkeep
|
|t:|1779621553
|switch|p1a: Deoxys|Deoxys-Speed, shiny|94/100
|-ability|p1a: Deoxys|Pressure
|turn|19
|
|t:|1779621563
|switch|p2a: Corviknight|Corviknight, F|91/100
|-ability|p2a: Corviknight|Pressure
|move|p1a: Deoxys|Ice Beam|p2a: Corviknight
|-damage|p2a: Corviknight|66/100
|
|-weather|Sandstorm|[upkeep]
|-damage|p1a: Deoxys|88/100|[from] Sandstorm
|upkeep
|turn|20
|
|t:|1779621577
|move|p1a: Deoxys|Ice Beam|p2a: Corviknight
|-damage|p2a: Corviknight|42/100
|move|p2a: Corviknight|U-turn|p1a: Deoxys
|-supereffective|p1a: Deoxys
|-damage|p1a: Deoxys|42/100
|
|t:|1779621584
|switch|p2a: Scizor|Scizor, M|19/100|[from] U-turn
|
|-weather|Sandstorm|[upkeep]
|-damage|p1a: Deoxys|35/100|[from] Sandstorm
|-heal|p2a: Scizor|25/100|[from] item: Leftovers
|upkeep
|turn|21
|
|t:|1779621595
|move|p2a: Scizor|Bullet Punch|p1a: Deoxys
|-damage|p1a: Deoxys|0 fnt
|faint|p1a: Deoxys
|
|-weather|none
|-heal|p2a: Scizor|31/100|[from] item: Leftovers
|upkeep
|
|t:|1779621601
|switch|p1a: Haxorus|Haxorus, M, shiny|100/100
|-ability|p1a: Haxorus|Mold Breaker
|turn|22
|
|t:|1779621612
|move|p1a: Haxorus|Scale Shot|p2a: Scizor
|-resisted|p2a: Scizor
|-damage|p2a: Scizor|25/100
|-resisted|p2a: Scizor
|-damage|p2a: Scizor|18/100
|-resisted|p2a: Scizor
|-damage|p2a: Scizor|11/100
|-resisted|p2a: Scizor
|-damage|p2a: Scizor|4/100
|-resisted|p2a: Scizor
|-damage|p2a: Scizor|0 fnt
|faint|p2a: Scizor
|-hitcount|p2: Scizor|5
|-unboost|p1a: Haxorus|def|1
|-boost|p1a: Haxorus|spe|1
|
|-sideend|p1: Luisowbro|move: Light Screen
|upkeep
|j|+panure
|
|t:|1779621627
|switch|p2a: Clefable|Clefable, F|100/100
|turn|23
|
|t:|1779621639
|-terastallize|p1a: Haxorus|Steel
|move|p1a: Haxorus|Swords Dance|p1a: Haxorus
|-boost|p1a: Haxorus|atk|2
|move|p2a: Clefable|Moonblast|p1a: Haxorus
|-resisted|p1a: Haxorus
|-damage|p1a: Haxorus|61/100
|-unboost|p1a: Haxorus|spa|1
|
|upkeep
|turn|24
|
|t:|1779621650
|move|p1a: Haxorus|Swords Dance|p1a: Haxorus
|-boost|p1a: Haxorus|atk|2
|move|p2a: Clefable|Flamethrower|p1a: Haxorus
|-supereffective|p1a: Haxorus
|-damage|p1a: Haxorus|0 fnt
|faint|p1a: Haxorus
|
|upkeep
|
|t:|1779621657
|switch|p1a: Moltres|Moltres-Galar, shiny|79/100
|turn|25
|
|t:|1779621668
|move|p1a: Moltres|Nasty Plot|p1a: Moltres
|-boost|p1a: Moltres|spa|2
|move|p2a: Clefable|Moonblast|p1a: Moltres
|-supereffective|p1a: Moltres
|-damage|p1a: Moltres|0 fnt
|faint|p1a: Moltres
|
|win|Aleph501!
|raw|Luisowbro's rating: 1400 &rarr; <strong>1382</strong><br />(-18 for losing)
|raw|Aleph501!'s rating: 1433 &rarr; <strong>1451</strong><br />(+18 for winning)
|l|☆Luisowbro
|player|p1|
|l|☆Aleph501!
|player|p2|
|l|+panure
