|j|☆washcaps7019
|j|☆sigmundtuff41
|t:|1779580674
|gametype|singles
|player|p1|washcaps7019|steven|1063
|player|p2|sigmundtuff41|roxie|1115
|gen|9
|tier|[Gen 9] OU
|rated|
|rule|HP Percentage Mod: HP is shown in percentages
|rule|Endless Battle Clause: Forcing endless battles is banned
|rule|Species Clause: Limit one of each Pokémon
|rule|OHKO Clause: OHKO moves are banned
|rule|Evasion Items Clause: Evasion items are banned
|rule|Evasion Moves Clause: Evasion moves are banned
|rule|Evasion Abilities Clause: Evasion abilities are banned
|rule|Sleep Moves Clause: Sleep-inducing moves are banned
|clearpoke
|poke|p1|Yanmega, F|
|poke|p1|Darkrai|
|poke|p1|Rillaboom, M|
|poke|p1|Hatterene, F|
|poke|p1|Pelipper, M|
|poke|p1|Landorus-Therian, M|
|poke|p2|Raging Bolt|
|poke|p2|Glimmora, M|
|poke|p2|Blaziken, F|
|poke|p2|Latios, M|
|poke|p2|Garganacl, M|
|poke|p2|Ninetales-Alola, M|
|teampreview
|inactive|Battle timer is ON: inactive players will automatically lose when time's up. (requested by washcaps7019)
|inactive|sigmundtuff41 has 120 seconds left.
|
|t:|1779580712
|teamsize|p1|6
|teamsize|p2|6
|start
|switch|p1a: Hatterene|Hatterene, F|100/100
|switch|p2a: Quartz|Garganacl, M, shiny|100/100
|turn|1
|
|t:|1779580722
|move|p2a: Quartz|Salt Cure|p1a: Hatterene
|-crit|p1a: Hatterene
|-damage|p1a: Hatterene|71/100
|-start|p1a: Hatterene|Salt Cure
|move|p1a: Hatterene|Psychic Noise|p2a: Quartz
|-damage|p2a: Quartz|59/100
|-start|p2a: Quartz|move: Heal Block
|
|-damage|p1a: Hatterene|59/100|[from] Salt Cure
|upkeep
|turn|2
|
|t:|1779580734
|switch|p2a: Ninetales|Ninetales-Alola, M, shiny|100/100
|-weather|Snowscape|[from] ability: Snow Warning|[of] p2a: Ninetales
|switch|p1a: Rillaboom|Rillaboom, M|100/100
|-fieldstart|move: Grassy Terrain|[from] ability: Grassy Surge|[of] p1a: Rillaboom
|
|-weather|Snowscape|[upkeep]
|upkeep
|turn|3
|
|t:|1779580749
|move|p2a: Ninetales|Aurora Veil|p2a: Ninetales
|-sidestart|p2: sigmundtuff41|move: Aurora Veil
|move|p1a: Rillaboom|Knock Off|p2a: Ninetales
|-resisted|p2a: Ninetales
|-damage|p2a: Ninetales|96/100
|
|-weather|Snowscape|[upkeep]
|-heal|p2a: Ninetales|100/100|[from] Grassy Terrain
|upkeep
|turn|4
|
|t:|1779580759
|move|p1a: Rillaboom|Grassy Glide|p2a: Ninetales
|-damage|p2a: Ninetales|86/100
|move|p2a: Ninetales|Blizzard|p1a: Rillaboom
|-supereffective|p1a: Rillaboom
|-damage|p1a: Rillaboom|28/100
|
|-weather|Snowscape|[upkeep]
|-heal|p2a: Ninetales|92/100|[from] Grassy Terrain
|-heal|p1a: Rillaboom|35/100|[from] Grassy Terrain
|upkeep
|turn|5
|
|t:|1779580773
|move|p2a: Ninetales|Moonblast|p1a: Rillaboom
|-damage|p1a: Rillaboom|3/100
|-unboost|p1a: Rillaboom|spa|1
|move|p1a: Rillaboom|Knock Off|p2a: Ninetales
|-resisted|p2a: Ninetales
|-damage|p2a: Ninetales|87/100
|
|-weather|Snowscape|[upkeep]
|-heal|p2a: Ninetales|93/100|[from] Grassy Terrain
|-heal|p1a: Rillaboom|10/100|[from] Grassy Terrain
|upkeep
|turn|6
|
|t:|1779580792
|move|p2a: Ninetales|Blizzard|p1a: Rillaboom
|-supereffective|p1a: Rillaboom
|-damage|p1a: Rillaboom|0 fnt
|faint|p1a: Rillaboom
|
|-weather|none
|-heal|p2a: Ninetales|99/100|[from] Grassy Terrain
|-fieldend|move: Grassy Terrain
|upkeep
|
|t:|1779580799
|switch|p1a: Landorus|Landorus-Therian, M|100/100
|-ability|p1a: Landorus|Intimidate|boost
|-unboost|p2a: Ninetales|atk|1
|turn|7
|
|t:|1779580824
|move|p2a: Ninetales|Blizzard|p1a: Landorus
|-supereffective|p1a: Landorus
|-damage|p1a: Landorus|0 fnt
|faint|p1a: Landorus
|
|-sideend|p2: sigmundtuff41|move: Aurora Veil
|upkeep
|
|t:|1779580832
|switch|p1a: Darkrai|Darkrai|100/100
|turn|8
|inactive|sigmundtuff41 has 120 seconds left.
|
|t:|1779580861
|switch|p2a: Quartz|Garganacl, M, shiny|59/100
|move|p1a: Darkrai|Nasty Plot|p1a: Darkrai
|-boost|p1a: Darkrai|spa|2
|
|-heal|p2a: Quartz|65/100|[from] item: Leftovers
|upkeep
|turn|9
|inactive|sigmundtuff41 has 120 seconds left.
|
|t:|1779580870
|move|p1a: Darkrai|Dark Pulse|p2a: Quartz
|-damage|p2a: Quartz|0 fnt
|faint|p2a: Quartz
|
|upkeep
|inactive|sigmundtuff41 has 120 seconds left.
|
|t:|1779580875
|switch|p2a: Ninetales|Ninetales-Alola, M, shiny|99/100
|-weather|Snowscape|[from] ability: Snow Warning|[of] p2a: Ninetales
|turn|10
|
|t:|1779580881
|move|p1a: Darkrai|Thunder|p2a: Ninetales
|-damage|p2a: Ninetales|8/100
|move|p2a: Ninetales|Aurora Veil|p2a: Ninetales
|-sidestart|p2: sigmundtuff41|move: Aurora Veil
|
|-weather|Snowscape|[upkeep]
|upkeep
|turn|11
|
|t:|1779580898
|switch|p2a: K(ung)F(u)C|Blaziken, F|100/100
|move|p1a: Darkrai|Knock Off|p2a: K(ung)F(u)C
|-resisted|p2a: K(ung)F(u)C
|-damage|p2a: K(ung)F(u)C|90/100
|-enditem|p2a: K(ung)F(u)C|Heavy-Duty Boots|[from] move: Knock Off|[of] p1a: Darkrai
|
|-weather|Snowscape|[upkeep]
|upkeep
|turn|12
|
|t:|1779580911
|move|p1a: Darkrai|Thunder|p2a: K(ung)F(u)C|[miss]
|-miss|p1a: Darkrai|p2a: K(ung)F(u)C
|move|p2a: K(ung)F(u)C|U-turn|p1a: Darkrai
|-supereffective|p1a: Darkrai
|-damage|p1a: Darkrai|36/100
|
|t:|1779580919
|switch|p2a: X-Wing|Latios, M|100/100|[from] U-turn
|
|-weather|Snowscape|[upkeep]
|upkeep
|turn|13
|
|t:|1779580928
|move|p1a: Darkrai|Dark Pulse|p2a: X-Wing
|-supereffective|p2a: X-Wing
|-damage|p2a: X-Wing|19/100
|move|p2a: X-Wing|Dragon Pulse|p1a: Darkrai
|-damage|p1a: Darkrai|0 fnt
|faint|p1a: Darkrai
|
|-weather|Snowscape|[upkeep]
|upkeep
|
|t:|1779580947
|switch|p1a: Hatterene|Hatterene, F|59/100
|turn|14
|
|t:|1779580955
|move|p1a: Hatterene|Draining Kiss|p2a: X-Wing
|-supereffective|p2a: X-Wing
|-damage|p2a: X-Wing|0 fnt
|-heal|p1a: Hatterene|72/100|[from] drain|[of] p2a: X-Wing
|faint|p2a: X-Wing
|
|-weather|none
|-sideend|p2: sigmundtuff41|move: Aurora Veil
|upkeep
|
|t:|1779580963
|switch|p2a: K(ung)F(u)C|Blaziken, F|90/100
|turn|15
|
|t:|1779580968
|move|p2a: K(ung)F(u)C|Shadow Claw|p1a: Hatterene
|-supereffective|p1a: Hatterene
|-damage|p1a: Hatterene|21/100
|-damage|p2a: K(ung)F(u)C|74/100|[from] item: Rocky Helmet|[of] p1a: Hatterene
|move|p1a: Hatterene|Psychic Noise|p2a: K(ung)F(u)C
|-supereffective|p2a: K(ung)F(u)C
|-damage|p2a: K(ung)F(u)C|0 fnt
|faint|p2a: K(ung)F(u)C
|
|upkeep
|
|t:|1779580974
|switch|p2a: Ninetales|Ninetales-Alola, M, shiny|8/100
|-weather|Snowscape|[from] ability: Snow Warning|[of] p2a: Ninetales
|turn|16
|
|t:|1779580983
|move|p2a: Ninetales|Aurora Veil|p2a: Ninetales
|-sidestart|p2: sigmundtuff41|move: Aurora Veil
|move|p1a: Hatterene|Mystical Fire|p2a: Ninetales
|-supereffective|p2a: Ninetales
|-damage|p2a: Ninetales|0 fnt
|faint|p2a: Ninetales
|
|-weather|Snowscape|[upkeep]
|upkeep
|
|t:|1779580991
|switch|p2a: Baging Rolt|Raging Bolt|100/100
|-enditem|p2a: Baging Rolt|Booster Energy
|-activate|p2a: Baging Rolt|ability: Protosynthesis|[fromitem]
|-start|p2a: Baging Rolt|protosynthesisspa
|turn|17
|
|t:|1779580998
|-terastallize|p2a: Baging Rolt|Fairy
|move|p2a: Baging Rolt|Thunderclap|p1a: Hatterene
|-damage|p1a: Hatterene|0 fnt
|faint|p1a: Hatterene
|
|-weather|Snowscape|[upkeep]
|upkeep
|
|t:|1779581004
|switch|p1a: Pelipper|Pelipper, M|100/100
|-weather|RainDance|[from] ability: Drizzle|[of] p1a: Pelipper
|turn|18
|
|t:|1779581014
|move|p2a: Baging Rolt|Thunderbolt|p1a: Pelipper
|-supereffective|p1a: Pelipper
|-damage|p1a: Pelipper|0 fnt
|faint|p1a: Pelipper
|
|-weather|RainDance|[upkeep]
|upkeep
|
|t:|1779581019
|switch|p1a: sixmillyzyn|Yanmega, F|100/100
|turn|19
|
|t:|1779581025
|move|p1a: sixmillyzyn|Detect|p1a: sixmillyzyn
|-singleturn|p1a: sixmillyzyn|Protect
|move|p2a: Baging Rolt|Thunderclap||[still]
|-fail|p2a: Baging Rolt
|
|-weather|RainDance|[upkeep]
|-ability|p1a: sixmillyzyn|Speed Boost|boost
|-boost|p1a: sixmillyzyn|spe|1
|upkeep
|turn|20
|
|t:|1779581037
|move|p1a: sixmillyzyn|Air Slash|p2a: Baging Rolt
|-crit|p2a: Baging Rolt
|-damage|p2a: Baging Rolt|51/100
|move|p2a: Baging Rolt|Thunderbolt|p1a: sixmillyzyn
|-supereffective|p1a: sixmillyzyn
|-damage|p1a: sixmillyzyn|0 fnt
|faint|p1a: sixmillyzyn
|
|win|sigmundtuff41
|raw|washcaps7019's rating: 1063 &rarr; <strong>1046</strong><br />(-17 for losing)
|raw|sigmundtuff41's rating: 1115 &rarr; <strong>1136</strong><br />(+21 for winning)
|l|☆washcaps7019
|player|p1|
