|j|☆vapelordell
|j|☆capitalist duck
|t:|1779627875
|gametype|singles
|player|p1|vapelordell|101|1435
|player|p2|capitalist duck|cyclist|1477
|gen|9
|tier|[Gen 9] OU
|rated|
|rule|HP Percentage Mod: HP is shown in percentages
|rule|Endless Battle Clause: Forcing endless battles is banned
|rule|Species Clause: Limit one of each Pokémon
|rule|OHKO Clause: OHKO moves are banned
|rule|Evasion Items Clause: Evasion items are banned
|rule|Evasion Moves Clause: Evasion moves are banned
|rule|Evasion Abilities Clause: Evasion abilities are banned
|rule|Sleep Moves Clause: Sleep-inducing moves are banned
|clearpoke
|poke|p1|Darkrai|
|poke|p1|Gholdengo|
|poke|p1|Landorus-Therian, M|
|poke|p1|Kyurem|
|poke|p1|Zamazenta-*|
|poke|p1|Ribombee, M|
|poke|p2|Magnezone|
|poke|p2|Latios, M|
|poke|p2|Meowscarada, F|
|poke|p2|Landorus-Therian, M|
|poke|p2|Slowking-Galar, F|
|poke|p2|Zamazenta-*|
|teampreview
|inactive|Battle timer is ON: inactive players will automatically lose when time's up. (requested by capitalist duck)
|
|t:|1779627897
|teamsize|p1|6
|teamsize|p2|6
|start
|switch|p1a: Ribombee|Ribombee, M|100/100
|switch|p2a: Meowscarada|Meowscarada, F|100/100
|turn|1
|
|t:|1779627905
|move|p2a: Meowscarada|Triple Axel|p1a: Ribombee|[miss]
|-start|p2a: Meowscarada|typechange|Ice|[from] ability: Protean
|-miss|p2a: Meowscarada|p1a: Ribombee
|move|p1a: Ribombee|Sticky Web|p2a: Meowscarada
|-sidestart|p2: capitalist duck|move: Sticky Web
|
|upkeep
|turn|2
|
|t:|1779627909
|move|p2a: Meowscarada|Triple Axel|p1a: Ribombee
|-damage|p1a: Ribombee|80/100
|-damage|p1a: Ribombee|43/100
|-damage|p1a: Ribombee|0 fnt
|faint|p1a: Ribombee
|-hitcount|p1: Ribombee|3
|
|upkeep
|
|t:|1779627917
|switch|p1a: Gholdengo|Gholdengo|100/100
|turn|3
|
|t:|1779627929
|switch|p2a: Slowking|Slowking-Galar, F|100/100
|-activate|p2a: Slowking|move: Sticky Web
|-unboost|p2a: Slowking|spe|1
|move|p1a: Gholdengo|Make It Rain|p2a: Slowking
|-damage|p2a: Slowking|38/100
|-unboost|p1a: Gholdengo|spa|1
|
|upkeep
|turn|4
|
|t:|1779627937
|switch|p2a: Magnezone|Magnezone|100/100
|-activate|p2a: Magnezone|move: Sticky Web
|-unboost|p2a: Magnezone|spe|1
|move|p1a: Gholdengo|Make It Rain|p2a: Magnezone
|-resisted|p2a: Magnezone
|-crit|p2a: Magnezone
|-damage|p2a: Magnezone|45/100
|-unboost|p1a: Gholdengo|spa|1
|
|upkeep
|turn|5
|
|t:|1779627945
|switch|p1a: Landorus|Landorus-Therian, M|100/100
|-ability|p1a: Landorus|Intimidate|boost
|-unboost|p2a: Magnezone|atk|1
|move|p2a: Magnezone|Flash Cannon|p1a: Landorus
|-damage|p1a: Landorus|18/100
|
|upkeep
|turn|6
|
|t:|1779627952
|switch|p2a: Landorus|Landorus-Therian, M|100/100
|-ability|p2a: Landorus|Intimidate|boost
|-unboost|p1a: Landorus|atk|1
|move|p1a: Landorus|Earthquake|p2a: Landorus
|-immune|p2a: Landorus
|
|upkeep
|turn|7
|
|t:|1779627957
|switch|p1a: Kyurem|Kyurem|100/100
|-ability|p1a: Kyurem|Pressure
|move|p2a: Landorus|Stealth Rock|p1a: Kyurem
|-sidestart|p1: vapelordell|move: Stealth Rock
|
|upkeep
|turn|8
|
|t:|1779627967
|switch|p2a: Slowking|Slowking-Galar, F|71/100
|-activate|p2a: Slowking|move: Sticky Web
|-unboost|p2a: Slowking|spe|1
|move|p1a: Kyurem|Ice Beam|p2a: Slowking
|-damage|p2a: Slowking|28/100
|
|upkeep
|turn|9
|inactive|capitalist duck has 120 seconds left.
|
|t:|1779628015
|switch|p2a: Magnezone|Magnezone|45/100
|-activate|p2a: Magnezone|move: Sticky Web
|-unboost|p2a: Magnezone|spe|1
|move|p1a: Kyurem|Ice Beam|p2a: Magnezone
|-resisted|p2a: Magnezone
|-damage|p2a: Magnezone|2/100
|
|upkeep
|turn|10
|
|t:|1779628021
|move|p1a: Kyurem|Ice Beam|p2a: Magnezone
|-resisted|p2a: Magnezone
|-damage|p2a: Magnezone|0 fnt
|faint|p2a: Magnezone
|
|upkeep
|
|t:|1779628023
|switch|p2a: Latios|Latios, M|100/100
|turn|11
|inactive|capitalist duck has 120 seconds left.
|
|t:|1779628031
|switch|p1a: Gholdengo|Gholdengo|100/100
|-damage|p1a: Gholdengo|94/100|[from] Stealth Rock
|-terastallize|p2a: Latios|Steel
|move|p2a: Latios|Calm Mind|p2a: Latios
|-boost|p2a: Latios|spa|1
|-boost|p2a: Latios|spd|1
|
|upkeep
|turn|12
|
|t:|1779628037
|move|p2a: Latios|Psychic Noise|p1a: Gholdengo
|-resisted|p1a: Gholdengo
|-damage|p1a: Gholdengo|52/100
|-start|p1a: Gholdengo|move: Heal Block
|move|p1a: Gholdengo|Shadow Ball|p2a: Latios
|-damage|p2a: Latios|51/100
|-unboost|p2a: Latios|spd|1
|
|upkeep
|turn|13
|
|t:|1779628046
|move|p2a: Latios|Calm Mind|p2a: Latios
|-boost|p2a: Latios|spa|1
|-boost|p2a: Latios|spd|1
|move|p1a: Gholdengo|Shadow Ball|p2a: Latios
|-damage|p2a: Latios|1/100
|-unboost|p2a: Latios|spd|1
|
|-end|p1a: Gholdengo|move: Heal Block
|upkeep
|turn|14
|
|t:|1779628055
|move|p2a: Latios|Dragon Pulse|p1a: Gholdengo
|-resisted|p1a: Gholdengo
|-damage|p1a: Gholdengo|0 fnt
|faint|p1a: Gholdengo
|
|upkeep
|
|t:|1779628064
|switch|p1a: Darkrai|Darkrai, shiny|100/100
|-damage|p1a: Darkrai|88/100|[from] Stealth Rock
|turn|15
|
|t:|1779628073
|switch|p2a: Zamazenta|Zamazenta|100/100
|-activate|p2a: Zamazenta|move: Sticky Web
|-unboost|p2a: Zamazenta|spe|1
|-ability|p2a: Zamazenta|Dauntless Shield|boost
|-boost|p2a: Zamazenta|def|1
|move|p1a: Darkrai|Dark Pulse|p2a: Zamazenta
|-resisted|p2a: Zamazenta
|-damage|p2a: Zamazenta|74/100
|-damage|p1a: Darkrai|78/100|[from] item: Life Orb
|
|upkeep
|turn|16
|
|t:|1779628081
|move|p1a: Darkrai|Sludge Bomb|p2a: Zamazenta
|-damage|p2a: Zamazenta|35/100
|-damage|p1a: Darkrai|68/100|[from] item: Life Orb
|move|p2a: Zamazenta|Close Combat|p1a: Darkrai
|-supereffective|p1a: Darkrai
|-damage|p1a: Darkrai|0 fnt
|-unboost|p2a: Zamazenta|def|1
|-unboost|p2a: Zamazenta|spd|1
|faint|p1a: Darkrai
|-damage|p2a: Zamazenta|25/100|[from] item: Life Orb
|
|upkeep
|
|t:|1779628091
|switch|p1a: Landorus|Landorus-Therian, M|18/100
|-damage|p1a: Landorus|6/100|[from] Stealth Rock
|-ability|p1a: Landorus|Intimidate|boost
|-unboost|p2a: Zamazenta|atk|1
|turn|17
|
|t:|1779628096
|switch|p2a: Landorus|Landorus-Therian, M|100/100
|-ability|p2a: Landorus|Intimidate|boost
|-unboost|p1a: Landorus|atk|1
|move|p1a: Landorus|Rock Slide|p2a: Landorus
|-crit|p2a: Landorus
|-damage|p2a: Landorus|38/100
|
|upkeep
|turn|18
|
|t:|1779628103
|move|p2a: Landorus|U-turn|p1a: Landorus
|-resisted|p1a: Landorus
|-damage|p1a: Landorus|0 fnt
|faint|p1a: Landorus
|
|t:|1779628112
|switch|p2a: Latios|Latios, M, tera:Steel|1/100|[from] U-turn
|
|upkeep
|
|t:|1779628114
|switch|p1a: Zamazenta|Zamazenta|100/100
|-damage|p1a: Zamazenta|94/100|[from] Stealth Rock
|-ability|p1a: Zamazenta|Dauntless Shield|boost
|-boost|p1a: Zamazenta|def|1
|turn|19
|
|t:|1779628123
|switch|p2a: Zamazenta|Zamazenta|25/100
|-activate|p2a: Zamazenta|move: Sticky Web
|-unboost|p2a: Zamazenta|spe|1
|move|p1a: Zamazenta|Close Combat|p2a: Zamazenta
|-damage|p2a: Zamazenta|0 fnt
|-unboost|p1a: Zamazenta|def|1
|-unboost|p1a: Zamazenta|spd|1
|faint|p2a: Zamazenta
|
|upkeep
|
|t:|1779628126
|switch|p2a: Landorus|Landorus-Therian, M|38/100
|-ability|p2a: Landorus|Intimidate|boost
|-unboost|p1a: Zamazenta|atk|1
|turn|20
|
|t:|1779628132
|-terastallize|p1a: Zamazenta|Fighting
|move|p1a: Zamazenta|Close Combat|p2a: Landorus
|-resisted|p2a: Landorus
|-damage|p2a: Landorus|1/100
|-unboost|p1a: Zamazenta|def|1
|-unboost|p1a: Zamazenta|spd|1
|-damage|p1a: Zamazenta|78/100|[from] item: Rocky Helmet|[of] p2a: Landorus
|move|p2a: Landorus|Earth Power|p1a: Zamazenta
|-damage|p1a: Zamazenta|18/100
|
|upkeep
|turn|21
|
|t:|1779628143
|switch|p2a: Slowking|Slowking-Galar, F|61/100
|-activate|p2a: Slowking|move: Sticky Web
|-unboost|p2a: Slowking|spe|1
|move|p1a: Zamazenta|Close Combat|p2a: Slowking
|-resisted|p2a: Slowking
|-damage|p2a: Slowking|39/100
|-unboost|p1a: Zamazenta|def|1
|-unboost|p1a: Zamazenta|spd|1
|
|upkeep
|turn|22
|
|t:|1779628149
|switch|p1a: Kyurem|Kyurem|100/100
|-damage|p1a: Kyurem|76/100|[from] Stealth Rock
|-ability|p1a: Kyurem|Pressure
|switch|p2a: Landorus|Landorus-Therian, M|1/100
|-ability|p2a: Landorus|Intimidate|boost
|-unboost|p1a: Kyurem|atk|1
|
|upkeep
|turn|23
|inactive|capitalist duck has 120 seconds left.
|
|t:|1779628183
|move|p1a: Kyurem|Ice Beam|p2a: Landorus
|-supereffective|p2a: Landorus
|-crit|p2a: Landorus
|-damage|p2a: Landorus|0 fnt
|faint|p2a: Landorus
|
|upkeep
|inactive|capitalist duck has 120 seconds left.
|
|t:|1779628190
|switch|p2a: Latios|Latios, M, tera:Steel|1/100
|turn|24
|
|t:|1779628196
|move|p2a: Latios|Dragon Pulse|p1a: Kyurem
|-supereffective|p1a: Kyurem
|-damage|p1a: Kyurem|0 fnt
|faint|p1a: Kyurem
|
|upkeep
|
|t:|1779628198
|switch|p1a: Zamazenta|Zamazenta, tera:Fighting|18/100
|-damage|p1a: Zamazenta|12/100|[from] Stealth Rock
|turn|25
|
|t:|1779628216
|move|p1a: Zamazenta|Close Combat|p2a: Latios
|-supereffective|p2a: Latios
|-crit|p2a: Latios
|-damage|p2a: Latios|0 fnt
|-unboost|p1a: Zamazenta|def|1
|-unboost|p1a: Zamazenta|spd|1
|faint|p2a: Latios
|
|upkeep
|
|t:|1779628220
|switch|p2a: Slowking|Slowking-Galar, F|73/100
|-activate|p2a: Slowking|move: Sticky Web
|-unboost|p2a: Slowking|spe|1
|turn|26
|
|t:|1779628226
|switch|p2a: Meowscarada|Meowscarada, F|100/100
|-activate|p2a: Meowscarada|move: Sticky Web
|-unboost|p2a: Meowscarada|spe|1
|move|p1a: Zamazenta|Close Combat|p2a: Meowscarada
|-supereffective|p2a: Meowscarada
|-damage|p2a: Meowscarada|0 fnt
|-unboost|p1a: Zamazenta|def|1
|-unboost|p1a: Zamazenta|spd|1
|faint|p2a: Meowscarada
|
|upkeep
|
|t:|1779628230
|switch|p2a: Slowking|Slowking-Galar, F|100/100
|-activate|p2a: Slowking|move: Sticky Web
|-unboost|p2a: Slowking|spe|1
|turn|27
|
|t:|1779628234
|move|p1a: Zamazenta|Close Combat|p2a: Slowking
|-resisted|p2a: Slowking
|-damage|p2a: Slowking|72/100
|-unboost|p1a: Zamazenta|def|1
|-unboost|p1a: Zamazenta|spd|1
|move|p2a: Slowking|Surf|p1a: Zamazenta
|-damage|p1a: Zamazenta|0 fnt
|faint|p1a: Zamazenta
|
|win|capitalist duck
|raw|vapelordell's rating: 1435 &rarr; <strong>1417</strong><br />(-18 for losing)
|raw|capitalist duck's rating: 1477 &rarr; <strong>1495</strong><br />(+18 for winning)
|l|☆vapelordell
|player|p1|
|l|☆capitalist duck
|player|p2|
