|j|☆mpreg fantasies
|j|☆slitherwing ily ><
|t:|1779713827
|gametype|singles
|player|p1|mpreg fantasies|102|1690
|player|p2|slitherwing ily ><|iono-masters|1788
|gen|9
|tier|[Gen 9] OU
|rated|
|rule|HP Percentage Mod: HP is shown in percentages
|rule|Endless Battle Clause: Forcing endless battles is banned
|rule|Species Clause: Limit one of each Pokémon
|rule|OHKO Clause: OHKO moves are banned
|rule|Evasion Items Clause: Evasion items are banned
|rule|Evasion Moves Clause: Evasion moves are banned
|rule|Evasion Abilities Clause: Evasion abilities are banned
|rule|Sleep Moves Clause: Sleep-inducing moves are banned
|clearpoke
|poke|p1|Gholdengo|
|poke|p1|Raging Bolt|
|poke|p1|Ceruledge, M|
|poke|p1|Ribombee, F|
|poke|p1|Dragonite, M|
|poke|p1|Great Tusk|
|poke|p2|Iron Jugulis|
|poke|p2|Deoxys-Speed|
|poke|p2|Ogerpon-Wellspring, F|
|poke|p2|Ceruledge, F|
|poke|p2|Glimmora, F|
|poke|p2|Zamazenta-*|
|teampreview
|inactive|Battle timer is ON: inactive players will automatically lose when time's up. (requested by mpreg fantasies)
|c|☆slitherwing ily ><|hf
|
|t:|1779713854
|teamsize|p1|6
|teamsize|p2|6
|start
|switch|p1a: Ribombee|Ribombee, F|100/100
|switch|p2a: Deoxys|Deoxys-Speed|100/100
|-ability|p2a: Deoxys|Pressure
|turn|1
|
|t:|1779713858
|move|p2a: Deoxys|Taunt|p1a: Ribombee
|-start|p1a: Ribombee|move: Taunt
|move|p1a: Ribombee|Moonblast|p2a: Deoxys
|-damage|p2a: Deoxys|55/100
|-unboost|p2a: Deoxys|spa|1
|
|upkeep
|turn|2
|
|t:|1779713867
|switch|p1a: Gholdengo|Gholdengo|100/100
|-item|p1a: Gholdengo|Air Balloon
|move|p2a: Deoxys|Light Screen|p2a: Deoxys
|-sidestart|p2: slitherwing ily ><|move: Light Screen
|
|upkeep
|turn|3
|
|t:|1779713881
|move|p2a: Deoxys|Stealth Rock|p1a: Gholdengo
|-sidestart|p1: mpreg fantasies|move: Stealth Rock
|move|p1a: Gholdengo|Nasty Plot|p1a: Gholdengo
|-boost|p1a: Gholdengo|spa|2
|
|upkeep
|turn|4
|
|t:|1779713886
|move|p2a: Deoxys|Reflect|p2a: Deoxys
|-sidestart|p2: slitherwing ily ><|Reflect
|move|p1a: Gholdengo|Nasty Plot|p1a: Gholdengo
|-boost|p1a: Gholdengo|spa|2
|
|upkeep
|turn|5
|
|t:|1779713894
|switch|p2a: Ogerpon|Ogerpon-Wellspring, F|100/100
|move|p1a: Gholdengo|Nasty Plot|p1a: Gholdengo
|-boost|p1a: Gholdengo|spa|2
|
|upkeep
|turn|6
|
|t:|1779713899
|move|p2a: Ogerpon|Ivy Cudgel|p1a: Gholdengo|[anim] Ivy Cudgel Water
|-damage|p1a: Gholdengo|37/100
|-enditem|p1a: Gholdengo|Air Balloon
|move|p1a: Gholdengo|Shadow Ball|p2a: Ogerpon
|-damage|p2a: Ogerpon|0 fnt
|faint|p2a: Ogerpon
|
|upkeep
|
|t:|1779713906
|switch|p2a: Iron Jugulis|Iron Jugulis|100/100
|-enditem|p2a: Iron Jugulis|Booster Energy
|-activate|p2a: Iron Jugulis|ability: Quark Drive|[fromitem]
|-start|p2a: Iron Jugulis|quarkdrivespe
|turn|7
|
|t:|1779713912
|-terastallize|p1a: Gholdengo|Fairy
|move|p2a: Iron Jugulis|Earth Power|p1a: Gholdengo
|-damage|p1a: Gholdengo|0 fnt
|faint|p1a: Gholdengo
|
|upkeep
|
|t:|1779713916
|switch|p1a: Great Tusk|Great Tusk|100/100
|-damage|p1a: Great Tusk|98/100|[from] Stealth Rock
|-enditem|p1a: Great Tusk|Booster Energy
|-activate|p1a: Great Tusk|ability: Protosynthesis|[fromitem]
|-start|p1a: Great Tusk|protosynthesisatk
|turn|8
|
|t:|1779713920
|move|p2a: Iron Jugulis|Hurricane|p1a: Great Tusk
|-supereffective|p1a: Great Tusk
|-damage|p1a: Great Tusk|0 fnt
|faint|p1a: Great Tusk
|-end|p1a: Great Tusk|Protosynthesis|[silent]
|
|upkeep
|
|t:|1779713925
|switch|p1a: Raging Bolt|Raging Bolt|100/100
|-damage|p1a: Raging Bolt|88/100|[from] Stealth Rock
|-enditem|p1a: Raging Bolt|Booster Energy
|-activate|p1a: Raging Bolt|ability: Protosynthesis|[fromitem]
|-start|p1a: Raging Bolt|protosynthesisspa
|turn|9
|
|t:|1779713928
|-terastallize|p2a: Iron Jugulis|Ground
|move|p2a: Iron Jugulis|Earth Power|p1a: Raging Bolt
|-supereffective|p1a: Raging Bolt
|-damage|p1a: Raging Bolt|0 fnt
|faint|p1a: Raging Bolt
|-end|p1a: Raging Bolt|Protosynthesis|[silent]
|
|-sideend|p2: slitherwing ily ><|move: Light Screen
|upkeep
|-message|mpreg fantasies forfeited.
|
|win|slitherwing ily ><
|raw|mpreg fantasies's rating: 1690 &rarr; <strong>1675</strong><br />(-15 for losing)
|raw|slitherwing ily &gt;&lt;'s rating: 1788 &rarr; <strong>1803</strong><br />(+15 for winning)
|l|☆mpreg fantasies
|player|p1|
