|j|☆fractal_face
|j|☆cubemotivation
|t:|1779627763
|gametype|singles
|player|p1|fractal_face|ghetsis-gen5bw|1206
|player|p2|cubemotivation|266|1166
|gen|9
|tier|[Gen 9] OU
|rated|
|rule|HP Percentage Mod: HP is shown in percentages
|rule|Endless Battle Clause: Forcing endless battles is banned
|rule|Species Clause: Limit one of each Pokémon
|rule|OHKO Clause: OHKO moves are banned
|rule|Evasion Items Clause: Evasion items are banned
|rule|Evasion Moves Clause: Evasion moves are banned
|rule|Evasion Abilities Clause: Evasion abilities are banned
|rule|Sleep Moves Clause: Sleep-inducing moves are banned
|clearpoke
|poke|p1|Enamorus, F|
|poke|p1|Regieleki|
|poke|p1|Toxapex, M|
|poke|p1|Smeargle, M|
|poke|p1|Grimmsnarl, M|
|poke|p1|Corviknight, F|
|poke|p2|Glimmora, F|
|poke|p2|Pecharunt|
|poke|p2|Porygon-Z|
|poke|p2|Haxorus, F|
|poke|p2|Regieleki|
|poke|p2|Chansey, F|
|teampreview
|inactive|Battle timer is ON: inactive players will automatically lose when time's up. (requested by fractal_face)
|inactive|cubemotivation also wants the timer to be on.
|
|t:|1779627766
|teamsize|p1|6
|teamsize|p2|6
|start
|switch|p1a: Smeargle|Smeargle, M, shiny|100/100
|switch|p2a: Shiny|Glimmora, F, shiny|100/100
|-item|p2a: Shiny|Air Balloon
|turn|1
|
|t:|1779627773
|move|p2a: Shiny|Spiky Shield|p2a: Shiny
|-singleturn|p2a: Shiny|move: Protect
|move|p1a: Smeargle|Shell Smash|p1a: Smeargle
|-unboost|p1a: Smeargle|def|1
|-unboost|p1a: Smeargle|spd|1
|-boost|p1a: Smeargle|atk|2
|-boost|p1a: Smeargle|spa|2
|-boost|p1a: Smeargle|spe|2
|-enditem|p1a: Smeargle|White Herb
|-clearnegativeboost|p1a: Smeargle|[silent]
|
|upkeep
|turn|2
|
|t:|1779627778
|move|p1a: Smeargle|Surging Strikes|p2a: Shiny
|-supereffective|p2a: Shiny
|-crit|p2a: Shiny
|-damage|p2a: Shiny|66/100
|-activate|p2a: Shiny|ability: Toxic Debris
|-sidestart|p1: fractal_face|move: Toxic Spikes
|-enditem|p2a: Shiny|Air Balloon
|-supereffective|p2a: Shiny
|-crit|p2a: Shiny
|-damage|p2a: Shiny|34/100
|-activate|p2a: Shiny|ability: Toxic Debris
|-sidestart|p1: fractal_face|move: Toxic Spikes
|-supereffective|p2a: Shiny
|-crit|p2a: Shiny
|-damage|p2a: Shiny|0 fnt
|faint|p2a: Shiny
|-hitcount|p2: Shiny|3
|
|upkeep
|
|t:|1779627791
|switch|p2a: Haxorus|Haxorus, F, shiny|100/100
|-ability|p2a: Haxorus|Mold Breaker
|turn|3
|
|t:|1779627797
|move|p1a: Smeargle|Population Bomb|p2a: Haxorus
|-damage|p2a: Haxorus|85/100
|-damage|p2a: Haxorus|67/100
|-damage|p2a: Haxorus|51/100
|-damage|p2a: Haxorus|35/100
|-damage|p2a: Haxorus|17/100
|-damage|p2a: Haxorus|0 fnt
|faint|p2a: Haxorus
|-hitcount|p2: Haxorus|6
|
|upkeep
|
|t:|1779627803
|switch|p2a: Runt|Pecharunt|100/100
|turn|4
|
|t:|1779627811
|-terastallize|p1a: Smeargle|Water
|move|p1a: Smeargle|Surging Strikes|p2a: Runt
|-crit|p2a: Runt
|-damage|p2a: Runt|87/100
|-crit|p2a: Runt
|-damage|p2a: Runt|72/100
|-crit|p2a: Runt
|-damage|p2a: Runt|57/100
|-hitcount|p2a: Runt|3
|move|p2a: Runt|Malignant Chain|p1a: Smeargle
|-crit|p1a: Smeargle
|-damage|p1a: Smeargle|0 fnt
|faint|p1a: Smeargle
|
|-heal|p2a: Runt|63/100|[from] item: Leftovers
|upkeep
|
|t:|1779627822
|switch|p1a: Toxapex|Toxapex, M, shiny|100/100
|-sideend|p1: fractal_face|move: Toxic Spikes|[of] p1a: Toxapex
|turn|5
|
|t:|1779627831
|move|p2a: Runt|Parting Shot|p1a: Toxapex
|-unboost|p1a: Toxapex|atk|1
|-unboost|p1a: Toxapex|spa|1
|
|t:|1779627836
|switch|p2a: Regieleki|Regieleki, shiny|100/100|[from] Parting Shot
|move|p1a: Toxapex|Toxic Spikes|p2a: Regieleki
|-sidestart|p2: cubemotivation|move: Toxic Spikes
|
|upkeep
|turn|6
|
|t:|1779627841
|move|p1a: Toxapex|Baneful Bunker|p1a: Toxapex
|-singleturn|p1a: Toxapex|move: Protect
|move|p2a: Regieleki|Volt Switch|p1a: Toxapex
|-activate|p1a: Toxapex|move: Protect
|
|upkeep
|turn|7
|
|t:|1779627849
|move|p2a: Regieleki|Volt Switch|p1a: Toxapex
|-supereffective|p1a: Toxapex
|-damage|p1a: Toxapex|0 fnt
|faint|p1a: Toxapex
|
|t:|1779627853
|switch|p2a: Runt|Pecharunt|63/100|[from] Volt Switch
|-sideend|p2: cubemotivation|move: Toxic Spikes|[of] p2a: Runt
|
|-heal|p2a: Runt|69/100|[from] item: Leftovers
|upkeep
|
|t:|1779627864
|switch|p1a: Grimmsnarl|Grimmsnarl, M, shiny|100/100
|turn|8
|
|t:|1779627875
|switch|p1a: Corviknight|Corviknight, F, shiny|100/100
|move|p2a: Runt|Malignant Chain|p1a: Corviknight
|-immune|p1a: Corviknight
|
|-heal|p2a: Runt|75/100|[from] item: Leftovers
|upkeep
|turn|9
|
|t:|1779627886
|move|p2a: Runt|Parting Shot|p1a: Corviknight
|-ability|p1a: Corviknight|Mirror Armor
|-unboost|p2a: Runt|atk|1
|-ability|p1a: Corviknight|Mirror Armor
|-unboost|p2a: Runt|spa|1
|
|t:|1779627895
|switch|p2a: Regieleki|Regieleki, shiny|100/100|[from] Parting Shot
|move|p1a: Corviknight|Tailwind|p1a: Corviknight
|-sidestart|p1: fractal_face|move: Tailwind
|
|upkeep
|turn|10
|
|t:|1779627910
|switch|p1a: Grimmsnarl|Grimmsnarl, M, shiny|100/100
|move|p2a: Regieleki|Volt Switch|p1a: Grimmsnarl
|-damage|p1a: Grimmsnarl|33/100
|
|t:|1779627918
|switch|p2a: Runt|Pecharunt|75/100|[from] Volt Switch
|
|-heal|p2a: Runt|81/100|[from] item: Leftovers
|upkeep
|turn|11
|
|t:|1779627926
|move|p1a: Grimmsnarl|Throat Chop|p2a: Runt
|-supereffective|p2a: Runt
|-damage|p2a: Runt|35/100
|-start|p2a: Runt|Throat Chop|[silent]
|move|p2a: Runt|Malignant Chain|p1a: Grimmsnarl
|-supereffective|p1a: Grimmsnarl
|-damage|p1a: Grimmsnarl|0 fnt
|faint|p1a: Grimmsnarl
|
|-heal|p2a: Runt|41/100|[from] item: Leftovers
|upkeep
|
|t:|1779627939
|switch|p1a: Regieleki|Regieleki, shiny|100/100
|-item|p1a: Regieleki|Air Balloon
|turn|12
|
|t:|1779627948
|move|p2a: Runt|Protect|p2a: Runt
|-singleturn|p2a: Runt|Protect
|move|p1a: Regieleki|Volt Switch|p2a: Runt
|-activate|p2a: Runt|move: Protect
|
|-heal|p2a: Runt|47/100|[from] item: Leftovers
|-end|p2a: Runt|Throat Chop|[silent]
|-sideend|p1: fractal_face|move: Tailwind
|upkeep
|turn|13
|
|t:|1779627953
|move|p1a: Regieleki|Volt Switch|p2a: Runt
|-damage|p2a: Runt|10/100
|
|t:|1779627960
|switch|p1a: Corviknight|Corviknight, F, shiny|100/100|[from] Volt Switch
|move|p2a: Runt|Recover|p2a: Runt
|-heal|p2a: Runt|60/100
|
|-heal|p2a: Runt|66/100|[from] item: Leftovers
|upkeep
|turn|14
|
|t:|1779627968
|move|p2a: Runt|Recover|p2a: Runt
|-heal|p2a: Runt|100/100
|move|p1a: Corviknight|Tailwind|p1a: Corviknight
|-sidestart|p1: fractal_face|move: Tailwind
|
|upkeep
|turn|15
|
|t:|1779627979
|move|p1a: Corviknight|Iron Defense|p1a: Corviknight
|-boost|p1a: Corviknight|def|2
|move|p2a: Runt|Parting Shot|p1a: Corviknight
|-ability|p1a: Corviknight|Mirror Armor
|-unboost|p2a: Runt|atk|1
|-ability|p1a: Corviknight|Mirror Armor
|-unboost|p2a: Runt|spa|1
|
|t:|1779627983
|switch|p2a: Regieleki|Regieleki, shiny|100/100|[from] Parting Shot
|
|upkeep
|turn|16
|
|t:|1779628000
|move|p2a: Regieleki|Thunderbolt|p1a: Corviknight
|-supereffective|p1a: Corviknight
|-damage|p1a: Corviknight|0 fnt
|faint|p1a: Corviknight
|
|upkeep
|
|t:|1779628003
|switch|p1a: Regieleki|Regieleki, shiny|100/100
|-item|p1a: Regieleki|Air Balloon
|turn|17
|
|t:|1779628007
|move|p1a: Regieleki|Thunderbolt|p2a: Regieleki
|-resisted|p2a: Regieleki
|-damage|p2a: Regieleki|51/100
|move|p2a: Regieleki|Thunderbolt|p1a: Regieleki
|-resisted|p1a: Regieleki
|-damage|p1a: Regieleki|13/100
|-enditem|p1a: Regieleki|Air Balloon
|
|-sideend|p1: fractal_face|move: Tailwind
|upkeep
|turn|18
|
|t:|1779628019
|move|p1a: Regieleki|Explosion|p2a: Regieleki
|-damage|p2a: Regieleki|0 fnt
|faint|p1a: Regieleki
|faint|p2a: Regieleki
|
|upkeep
|
|t:|1779628025
|switch|p1a: Enamorus|Enamorus, F, shiny|100/100
|switch|p2a: Runt|Pecharunt|100/100
|turn|19
|
|t:|1779628032
|move|p1a: Enamorus|Iron Head|p2a: Runt
|-damage|p2a: Runt|86/100
|cant|p2a: Runt|flinch
|
|-heal|p2a: Runt|92/100|[from] item: Leftovers
|upkeep
|turn|20
|
|t:|1779628047
|move|p2a: Runt|Protect|p2a: Runt
|-singleturn|p2a: Runt|Protect
|move|p1a: Enamorus|Mystical Fire|p2a: Runt
|-activate|p2a: Runt|move: Protect
|
|-heal|p2a: Runt|98/100|[from] item: Leftovers
|upkeep
|turn|21
|
|t:|1779628051
|move|p1a: Enamorus|Mystical Fire|p2a: Runt
|-damage|p2a: Runt|76/100
|-unboost|p2a: Runt|spa|1
|move|p2a: Runt|Malignant Chain|p1a: Enamorus
|-supereffective|p1a: Enamorus
|-damage|p1a: Enamorus|59/100
|
|-heal|p2a: Runt|82/100|[from] item: Leftovers
|upkeep
|turn|22
|
|t:|1779628061
|move|p1a: Enamorus|Mystical Fire|p2a: Runt
|-damage|p2a: Runt|62/100
|-unboost|p2a: Runt|spa|1
|move|p2a: Runt|Malignant Chain|p1a: Enamorus
|-supereffective|p1a: Enamorus
|-damage|p1a: Enamorus|27/100
|
|-heal|p2a: Runt|68/100|[from] item: Leftovers
|upkeep
|turn|23
|
|t:|1779628076
|move|p1a: Enamorus|Iron Head|p2a: Runt
|-damage|p2a: Runt|53/100
|move|p2a: Runt|Recover|p2a: Runt
|-heal|p2a: Runt|100/100
|
|upkeep
|turn|24
|
|t:|1779628081
|move|p1a: Enamorus|Mystical Fire|p2a: Runt
|-damage|p2a: Runt|81/100
|-unboost|p2a: Runt|spa|1
|move|p2a: Runt|Malignant Chain|p1a: Enamorus
|-supereffective|p1a: Enamorus
|-crit|p1a: Enamorus
|-damage|p1a: Enamorus|0 fnt
|faint|p1a: Enamorus
|
|win|cubemotivation
|raw|fractal_face's rating: 1206 &rarr; <strong>1178</strong><br />(-28 for losing)
|raw|cubemotivation's rating: 1166 &rarr; <strong>1194</strong><br />(+28 for winning)
|l|☆cubemotivation
|player|p2|
