|j|☆fulls
|j|☆tommytt22
|inactive|Battle timer is ON: inactive players will automatically lose when time's up.
|t:|1779598039
|gametype|singles
|player|p1|fulls|sabi|
|player|p2|tommytt22|shadowtriad|
|gen|9
|tier|[Gen 9] OU
|rated|Tournament battle
|rule|HP Percentage Mod: HP is shown in percentages
|rule|Endless Battle Clause: Forcing endless battles is banned
|rule|Species Clause: Limit one of each Pokémon
|rule|OHKO Clause: OHKO moves are banned
|rule|Evasion Items Clause: Evasion items are banned
|rule|Evasion Moves Clause: Evasion moves are banned
|rule|Evasion Abilities Clause: Evasion abilities are banned
|rule|Sleep Moves Clause: Sleep-inducing moves are banned
|clearpoke
|poke|p1|Zamazenta-*|
|poke|p1|Dragapult, F|
|poke|p1|Dragonite, F|
|poke|p1|Azumarill, M|
|poke|p1|Deoxys-Speed|
|poke|p1|Iron Treads|
|poke|p2|Pelipper, F|
|poke|p2|Poliwrath, F|
|poke|p2|Ogerpon-Wellspring, F|
|poke|p2|Iron Treads|
|poke|p2|Dragonite, M|
|poke|p2|Zamazenta-*|
|teampreview
|inactive|fulls also wants the timer to be on.
|j| ANGEL ENGINE
|j| ehhehdbdd
|l| ehhehdbdd
|j| yomaalt
|c| yomaalt|go fulls
|inactive|fulls has 120 seconds left.
|inactive|tommytt22 has 120 seconds left.
|inactive|tommytt22 has 90 seconds left.
|l| yomaalt
|
|t:|1779598102
|teamsize|p1|6
|teamsize|p2|6
|start
|switch|p1a: Deoxys|Deoxys-Speed|100/100
|switch|p2a: Pelipper|Pelipper, F|100/100
|-ability|p1a: Deoxys|Pressure
|-weather|RainDance|[from] ability: Drizzle|[of] p2a: Pelipper
|turn|1
|j| Finkachu
|j| diancie The pearl
|inactive|fulls has 120 seconds left.
|
|t:|1779598146
|switch|p2a: Iron Treads|Iron Treads|100/100
|move|p1a: Deoxys|Psycho Boost|p2a: Iron Treads
|-resisted|p2a: Iron Treads
|-damage|p2a: Iron Treads|42/100
|-unboost|p1a: Deoxys|spa|2
|-damage|p1a: Deoxys|91/100|[from] item: Life Orb
|
|-weather|RainDance|[upkeep]
|-heal|p2a: Iron Treads|48/100|[from] item: Leftovers
|upkeep
|turn|2
|
|t:|1779598163
|move|p1a: Deoxys|Focus Blast|p2a: Iron Treads
|-supereffective|p2a: Iron Treads
|-damage|p2a: Iron Treads|0 fnt
|faint|p2a: Iron Treads
|-end|p2a: Iron Treads|Quark Drive|[silent]
|-damage|p1a: Deoxys|81/100|[from] item: Life Orb
|
|-weather|RainDance|[upkeep]
|upkeep
|
|t:|1779598169
|switch|p2a: Poliwrath|Poliwrath, F|100/100
|turn|3
|inactive|fulls has 120 seconds left.
|
|t:|1779598186
|switch|p1a: Azumarill|Azumarill, M|100/100
|move|p2a: Poliwrath|Liquidation|p1a: Azumarill
|-resisted|p1a: Azumarill
|-damage|p1a: Azumarill|61/100
|-damage|p2a: Poliwrath|91/100|[from] item: Life Orb
|
|-weather|RainDance|[upkeep]
|upkeep
|turn|4
|inactive|tommytt22 has 120 seconds left.
|
|t:|1779598227
|switch|p2a: Pelipper|Pelipper, F|100/100
|move|p1a: Azumarill|Play Rough|p2a: Pelipper|[miss]
|-miss|p1a: Azumarill|p2a: Pelipper
|
|-weather|RainDance|[upkeep]
|upkeep
|turn|5
|inactive|fulls has 120 seconds left.
|
|t:|1779598249
|move|p1a: Azumarill|Play Rough|p2a: Pelipper
|-damage|p2a: Pelipper|58/100
|move|p2a: Pelipper|Hurricane|p1a: Azumarill
|-damage|p1a: Azumarill|15/100
|-enditem|p1a: Azumarill|Sitrus Berry|[eat]
|-heal|p1a: Azumarill|40/100|[from] item: Sitrus Berry
|
|-weather|RainDance|[upkeep]
|upkeep
|turn|6
|inactive|fulls has 120 seconds left.
|inactive|tommytt22 has 120 seconds left.
|
|t:|1779598260
|move|p1a: Azumarill|Play Rough|p2a: Pelipper
|-damage|p2a: Pelipper|12/100
|move|p2a: Pelipper|Hurricane|p1a: Azumarill
|-damage|p1a: Azumarill|0 fnt
|faint|p1a: Azumarill
|
|-weather|RainDance|[upkeep]
|upkeep
|j| 99DoubleX
|
|t:|1779598266
|switch|p1a: Iron Treads|Iron Treads|100/100
|-enditem|p1a: Iron Treads|Booster Energy
|-activate|p1a: Iron Treads|ability: Quark Drive|[fromitem]
|-start|p1a: Iron Treads|quarkdrivespe
|turn|7
|inactive|fulls has 120 seconds left.
|inactive|tommytt22 has 120 seconds left.
|
|t:|1779598290
|switch|p2a: Poliwrath|Poliwrath, F|91/100
|move|p1a: Iron Treads|Ice Spinner|p2a: Poliwrath
|-resisted|p2a: Poliwrath
|-damage|p2a: Poliwrath|76/100
|
|-weather|RainDance|[upkeep]
|upkeep
|turn|8
|inactive|tommytt22 has 120 seconds left.
|
|t:|1779598295
|move|p2a: Poliwrath|Liquidation|p1a: Iron Treads
|-supereffective|p1a: Iron Treads
|-damage|p1a: Iron Treads|0 fnt
|faint|p1a: Iron Treads
|-end|p1a: Iron Treads|Quark Drive|[silent]
|-damage|p2a: Poliwrath|66/100|[from] item: Life Orb
|
|-weather|none
|upkeep
|c|☆fulls|jolly
|c|☆fulls|lol
|inactive|fulls has 120 seconds left.
|
|t:|1779598315
|switch|p1a: Dragapult|Dragapult, F|100/100
|turn|9
|inactive|fulls has 120 seconds left.
|
|t:|1779598328
|switch|p2a: Pelipper|Pelipper, F|12/100
|-weather|RainDance|[from] ability: Drizzle|[of] p2a: Pelipper
|move|p1a: Dragapult|Dragon Darts|p2a: Pelipper
|-damage|p2a: Pelipper|0 fnt
|faint|p2a: Pelipper
|
|-weather|RainDance|[upkeep]
|upkeep
|c|☆tommytt22|outspeed nothing if its adamant
|inactive|tommytt22 has 120 seconds left.
|
|t:|1779598350
|switch|p2a: Zamazenta|Zamazenta|100/100
|-ability|p2a: Zamazenta|Dauntless Shield|boost
|-boost|p2a: Zamazenta|def|1
|turn|10
|c|☆fulls|fair
|c|☆fulls|you're also weak asf if you're jolly
|inactive|fulls has 120 seconds left.
|
|t:|1779598368
|move|p1a: Dragapult|Will-O-Wisp|p2a: Zamazenta|[miss]
|-miss|p1a: Dragapult|p2a: Zamazenta
|move|p2a: Zamazenta|Crunch|p1a: Dragapult
|-supereffective|p1a: Dragapult
|-damage|p1a: Dragapult|13/100
|
|-weather|RainDance|[upkeep]
|upkeep
|turn|11
|inactive|fulls has 120 seconds left.
|inactive|tommytt22 has 120 seconds left.
|
|t:|1779598390
|move|p1a: Dragapult|Thunder Wave|p2a: Zamazenta
|-status|p2a: Zamazenta|par
|cant|p2a: Zamazenta|par
|
|-weather|RainDance|[upkeep]
|upkeep
|turn|12
|
|t:|1779598395
|move|p1a: Dragapult|Hex|p2a: Zamazenta
|-damage|p2a: Zamazenta|55/100 par
|move|p2a: Zamazenta|Crunch|p1a: Dragapult
|-supereffective|p1a: Dragapult
|-damage|p1a: Dragapult|0 fnt
|faint|p1a: Dragapult
|
|-weather|RainDance|[upkeep]
|upkeep
|inactive|fulls has 120 seconds left.
|
|t:|1779598400
|switch|p1a: Deoxys|Deoxys-Speed|81/100
|-ability|p1a: Deoxys|Pressure
|turn|13
|c|☆tommytt22|has setup
|inactive|fulls has 120 seconds left.
|
|t:|1779598413
|move|p1a: Deoxys|Psycho Boost|p2a: Zamazenta
|-supereffective|p2a: Zamazenta
|-damage|p2a: Zamazenta|0 fnt
|-unboost|p1a: Deoxys|spa|2
|faint|p2a: Zamazenta
|-damage|p1a: Deoxys|71/100|[from] item: Life Orb
|
|-weather|RainDance|[upkeep]
|upkeep
|
|t:|1779598422
|switch|p2a: Poliwrath|Poliwrath, F|66/100
|turn|14
|
|t:|1779598425
|move|p2a: Poliwrath|Liquidation|p1a: Deoxys
|-damage|p1a: Deoxys|0 fnt
|faint|p1a: Deoxys
|-damage|p2a: Poliwrath|56/100|[from] item: Life Orb
|
|-weather|RainDance|[upkeep]
|upkeep
|
|t:|1779598439
|switch|p1a: Dragonite|Dragonite, F|100/100
|turn|15
|inactive|fulls has 120 seconds left.
|
|t:|1779598467
|move|p2a: Poliwrath|Ice Punch|p1a: Dragonite
|-supereffective|p1a: Dragonite
|-damage|p1a: Dragonite|43/100
|-status|p1a: Dragonite|frz
|-damage|p2a: Poliwrath|46/100|[from] item: Life Orb
|cant|p1a: Dragonite|frz
|
|-weather|RainDance|[upkeep]
|upkeep
|turn|16
|c|☆fulls|alr
|inactive|fulls has 120 seconds left.
|c|☆tommytt22|yikes
|
|t:|1779598481
|-curestatus|p1a: Dragonite|frz|[msg]
|move|p1a: Dragonite|Extreme Speed|p2a: Poliwrath
|-damage|p2a: Poliwrath|1/100
|-damage|p1a: Dragonite|33/100|[from] item: Life Orb
|move|p2a: Poliwrath|Ice Punch|p1a: Dragonite
|-supereffective|p1a: Dragonite
|-damage|p1a: Dragonite|0 fnt
|faint|p1a: Dragonite
|-damage|p2a: Poliwrath|0 fnt|[from] item: Life Orb
|faint|p2a: Poliwrath
|
|-weather|none
|upkeep
|inactive|fulls has 120 seconds left.
|l| diancie The pearl
|
|t:|1779598492
|switch|p2a: Dragonite|Dragonite, M|100/100
|switch|p1a: Zamazenta|Zamazenta|100/100
|-ability|p1a: Zamazenta|Dauntless Shield|boost
|-boost|p1a: Zamazenta|def|1
|turn|17
|inactive|fulls has 120 seconds left.
|
|t:|1779598500
|move|p1a: Zamazenta|Iron Defense|p1a: Zamazenta
|-boost|p1a: Zamazenta|def|2
|move|p2a: Dragonite|Hurricane|p1a: Zamazenta|[miss]
|-miss|p2a: Dragonite|p1a: Zamazenta
|
|upkeep
|turn|18
|
|t:|1779598503
|-terastallize|p1a: Zamazenta|Dark
|move|p1a: Zamazenta|Iron Defense|p1a: Zamazenta
|-boost|p1a: Zamazenta|def|2
|move|p2a: Dragonite|Hurricane|p1a: Zamazenta
|-damage|p1a: Zamazenta|67/100
|
|upkeep
|turn|19
|l| 99DoubleX
|
|t:|1779598509
|move|p1a: Zamazenta|Body Press|p2a: Dragonite
|-resisted|p2a: Dragonite
|-damage|p2a: Dragonite|82/100
|move|p2a: Dragonite|Hurricane|p1a: Zamazenta
|-damage|p1a: Zamazenta|31/100
|-start|p1a: Zamazenta|confusion
|
|upkeep
|turn|20
|
|t:|1779598514
|-activate|p1a: Zamazenta|confusion
|move|p1a: Zamazenta|Rest|p1a: Zamazenta
|-status|p1a: Zamazenta|slp|[from] move: Rest
|-heal|p1a: Zamazenta|100/100 slp|[silent]
|-enditem|p1a: Zamazenta|Chesto Berry|[eat]
|-curestatus|p1a: Zamazenta|slp|[msg]
|move|p2a: Dragonite|Hurricane|p1a: Zamazenta|[miss]
|-miss|p2a: Dragonite|p1a: Zamazenta
|
|upkeep
|turn|21
|
|t:|1779598519
|-activate|p1a: Zamazenta|confusion
|move|p1a: Zamazenta|Body Press|p2a: Dragonite
|-resisted|p2a: Dragonite
|-damage|p2a: Dragonite|46/100
|move|p2a: Dragonite|Roost|p2a: Dragonite
|-heal|p2a: Dragonite|96/100
|-singleturn|p2a: Dragonite|move: Roost
|
|upkeep
|turn|22
|c|☆fulls|bold hurricane dnite
|c|☆fulls|sure
|inactive|fulls has 120 seconds left.
|
|t:|1779598566
|-end|p1a: Zamazenta|confusion
|move|p1a: Zamazenta|Iron Defense|p1a: Zamazenta
|-boost|p1a: Zamazenta|def|1
|move|p2a: Dragonite|Roost|p2a: Dragonite
|-heal|p2a: Dragonite|100/100
|-singleturn|p2a: Dragonite|move: Roost
|
|upkeep
|turn|23
|
|t:|1779598570
|move|p1a: Zamazenta|Body Press|p2a: Dragonite
|-resisted|p2a: Dragonite
|-crit|p2a: Dragonite
|-damage|p2a: Dragonite|69/100
|move|p2a: Dragonite|Hurricane|p1a: Zamazenta
|-damage|p1a: Zamazenta|65/100
|
|upkeep
|turn|24
|
|t:|1779598576
|move|p1a: Zamazenta|Body Press|p2a: Dragonite
|-resisted|p2a: Dragonite
|-damage|p2a: Dragonite|27/100
|move|p2a: Dragonite|Roost|p2a: Dragonite
|-heal|p2a: Dragonite|77/100
|-singleturn|p2a: Dragonite|move: Roost
|
|upkeep
|turn|25
|
|t:|1779598581
|move|p1a: Zamazenta|Crunch|p2a: Dragonite
|-damage|p2a: Dragonite|50/100
|move|p2a: Dragonite|Roost|p2a: Dragonite
|-heal|p2a: Dragonite|99/100
|-singleturn|p2a: Dragonite|move: Roost
|
|upkeep
|turn|26
|
|t:|1779598586
|move|p1a: Zamazenta|Body Press|p2a: Dragonite
|-resisted|p2a: Dragonite
|-damage|p2a: Dragonite|61/100
|move|p2a: Dragonite|Roost|p2a: Dragonite
|-heal|p2a: Dragonite|100/100
|-singleturn|p2a: Dragonite|move: Roost
|
|upkeep
|turn|27
|
|t:|1779598589
|move|p1a: Zamazenta|Crunch|p2a: Dragonite
|-damage|p2a: Dragonite|87/100
|-unboost|p2a: Dragonite|def|1
|move|p2a: Dragonite|Hurricane|p1a: Zamazenta|[miss]
|-miss|p2a: Dragonite|p1a: Zamazenta
|
|upkeep
|turn|28
|
|t:|1779598594
|switch|p2a: Ogerpon|Ogerpon-Wellspring, F|100/100
|move|p1a: Zamazenta|Body Press|p2a: Ogerpon
|-damage|p2a: Ogerpon|0 fnt
|faint|p2a: Ogerpon
|
|upkeep
|c|☆tommytt22|well you cant complain about luck now ive missed so many hurricanes
|
|t:|1779598614
|switch|p2a: Dragonite|Dragonite, M|87/100
|turn|29
|
|t:|1779598623
|move|p1a: Zamazenta|Crunch|p2a: Dragonite
|-damage|p2a: Dragonite|61/100
|-unboost|p2a: Dragonite|def|1
|move|p2a: Dragonite|Roost|p2a: Dragonite
|-heal|p2a: Dragonite|100/100
|-singleturn|p2a: Dragonite|move: Roost
|
|upkeep
|turn|30
|c|☆tommytt22|aight
|c|☆fulls|yea im very lucky here
|c|☆fulls|sorry
|c|☆tommytt22|gg
|c|☆fulls|gg
|
|t:|1779598634
|move|p1a: Zamazenta|Body Press|p2a: Dragonite
|-resisted|p2a: Dragonite
|-damage|p2a: Dragonite|68/100
|move|p2a: Dragonite|Hurricane|p1a: Zamazenta
|-damage|p1a: Zamazenta|29/100
|
|upkeep
|turn|31
|c|☆fulls|i mean
|c|☆fulls|u just win if you hit 3 canes
|
|t:|1779598653
|move|p1a: Zamazenta|Rest|p1a: Zamazenta
|-status|p1a: Zamazenta|slp|[from] move: Rest
|-heal|p1a: Zamazenta|100/100 slp|[silent]
|move|p2a: Dragonite|Hurricane|p1a: Zamazenta|[miss]
|-miss|p2a: Dragonite|p1a: Zamazenta
|
|upkeep
|turn|32
|c|☆tommytt22|but of course i wouldnt
|
|t:|1779598670
|cant|p1a: Zamazenta|slp
|move|p2a: Dragonite|Roost|p2a: Dragonite
|-heal|p2a: Dragonite|100/100
|-singleturn|p2a: Dragonite|move: Roost
|
|upkeep
|turn|33
|
|t:|1779598672
|cant|p1a: Zamazenta|slp
|move|p2a: Dragonite|Hurricane|p1a: Zamazenta
|-damage|p1a: Zamazenta|64/100 slp
|
|upkeep
|turn|34
|
|t:|1779598681
|-curestatus|p1a: Zamazenta|slp|[msg]
|move|p1a: Zamazenta|Body Press|p2a: Dragonite
|-resisted|p2a: Dragonite
|-damage|p2a: Dragonite|68/100
|move|p2a: Dragonite|Hurricane|p1a: Zamazenta
|-damage|p1a: Zamazenta|31/100
|-start|p1a: Zamazenta|confusion
|
|upkeep
|turn|35
|
|t:|1779598690
|-activate|p1a: Zamazenta|confusion
|move|p1a: Zamazenta|Rest|p1a: Zamazenta
|-status|p1a: Zamazenta|slp|[from] move: Rest
|-heal|p1a: Zamazenta|100/100 slp|[silent]
|move|p2a: Dragonite|Hurricane|p1a: Zamazenta|[miss]
|-miss|p2a: Dragonite|p1a: Zamazenta
|
|upkeep
|turn|36
|
|t:|1779598695
|cant|p1a: Zamazenta|slp
|move|p2a: Dragonite|Roost|p2a: Dragonite
|-heal|p2a: Dragonite|100/100
|-singleturn|p2a: Dragonite|move: Roost
|
|upkeep
|turn|37
|
|t:|1779598698
|cant|p1a: Zamazenta|slp
|move|p2a: Dragonite|Hurricane|p1a: Zamazenta
|-damage|p1a: Zamazenta|64/100 slp
|
|upkeep
|turn|38
|
|t:|1779598703
|-curestatus|p1a: Zamazenta|slp|[msg]
|-activate|p1a: Zamazenta|confusion
|-damage|p1a: Zamazenta|61/100|[from] confusion
|move|p2a: Dragonite|Hurricane|p1a: Zamazenta|[miss]
|-miss|p2a: Dragonite|p1a: Zamazenta
|
|upkeep
|turn|39
|
|t:|1779598707
|-end|p1a: Zamazenta|confusion
|move|p1a: Zamazenta|Rest|p1a: Zamazenta
|-status|p1a: Zamazenta|slp|[from] move: Rest
|-heal|p1a: Zamazenta|100/100 slp|[silent]
|move|p2a: Dragonite|Hurricane|p1a: Zamazenta
|-damage|p1a: Zamazenta|67/100 slp
|
|upkeep
|turn|40
|
|t:|1779598711
|cant|p1a: Zamazenta|slp
|move|p2a: Dragonite|Hurricane|p1a: Zamazenta|[miss]
|-miss|p2a: Dragonite|p1a: Zamazenta
|
|upkeep
|turn|41
|
|t:|1779598713
|cant|p1a: Zamazenta|slp
|move|p2a: Dragonite|Hurricane|p1a: Zamazenta
|-damage|p1a: Zamazenta|33/100 slp
|
|upkeep
|turn|42
|c|☆tommytt22|aight
|c|☆tommytt22|how many of 16 did i hit this is crazy
|
|t:|1779598737
|-curestatus|p1a: Zamazenta|slp|[msg]
|move|p1a: Zamazenta|Rest|p1a: Zamazenta
|-status|p1a: Zamazenta|slp|[from] move: Rest
|-heal|p1a: Zamazenta|100/100 slp|[silent]
|move|p2a: Dragonite|Earthquake|p1a: Zamazenta
|-damage|p1a: Zamazenta|93/100 slp
|
|upkeep
|turn|43
|
|t:|1779598741
|cant|p1a: Zamazenta|slp
|move|p2a: Dragonite|Earthquake|p1a: Zamazenta
|-damage|p1a: Zamazenta|86/100 slp
|
|upkeep
|turn|44
|
|t:|1779598743
|cant|p1a: Zamazenta|slp
|move|p2a: Dragonite|Earthquake|p1a: Zamazenta
|-damage|p1a: Zamazenta|79/100 slp
|
|upkeep
|turn|45
|
|t:|1779598746
|-terastallize|p2a: Dragonite|Fairy
|-curestatus|p1a: Zamazenta|slp|[msg]
|move|p1a: Zamazenta|Body Press|p2a: Dragonite
|-resisted|p2a: Dragonite
|-damage|p2a: Dragonite|72/100
|move|p2a: Dragonite|Earthquake|p1a: Zamazenta
|-damage|p1a: Zamazenta|72/100
|
|upkeep
|turn|46
|
|t:|1779598751
|move|p1a: Zamazenta|Body Press|p2a: Dragonite
|-resisted|p2a: Dragonite
|-damage|p2a: Dragonite|6/100
|move|p2a: Dragonite|Earthquake|p1a: Zamazenta
|-damage|p1a: Zamazenta|65/100
|
|upkeep
|turn|47
|
|t:|1779598753
|move|p1a: Zamazenta|Body Press|p2a: Dragonite
|-resisted|p2a: Dragonite
|-damage|p2a: Dragonite|0 fnt
|faint|p2a: Dragonite
|
|win|fulls
|n|☆fulls|fulls
|n|☆tommytt22|tommytt22
|n| ANGEL ENGINE|angelengine
|n| Finkachu|finkachu
|l|☆fulls
|player|p1|
|l|☆tommytt22
|player|p2|
|l| Finkachu
|l| ANGEL ENGINE
|j| Finkachu
