|j|☆icewizardlair☃
|j|☆Richy035
|t:|1779639049
|gametype|singles
|player|p1|icewizardlair☃|lorelei-lgpe|1059
|player|p2|Richy035|karen|1107
|gen|9
|tier|[Gen 9] OU
|rated|
|rule|HP Percentage Mod: HP is shown in percentages
|rule|Endless Battle Clause: Forcing endless battles is banned
|rule|Species Clause: Limit one of each Pokémon
|rule|OHKO Clause: OHKO moves are banned
|rule|Evasion Items Clause: Evasion items are banned
|rule|Evasion Moves Clause: Evasion moves are banned
|rule|Evasion Abilities Clause: Evasion abilities are banned
|rule|Sleep Moves Clause: Sleep-inducing moves are banned
|clearpoke
|poke|p1|Chesnaught, M|
|poke|p1|Ninetales-Alola, F|
|poke|p1|Kilowattrel, M|
|poke|p1|Flygon, F|
|poke|p1|Lurantis, F|
|poke|p1|Grafaiai, M|
|poke|p2|Torkoal, M|
|poke|p2|Cinderace, M|
|poke|p2|Talonflame, F|
|poke|p2|Volcanion|
|poke|p2|Heatran, F|
|poke|p2|Iron Moth|
|teampreview
|inactive|Battle timer is ON: inactive players will automatically lose when time's up. (requested by icewizardlair☃)
|
|t:|1779639062
|teamsize|p1|6
|teamsize|p2|6
|start
|switch|p1a: Flygon|Flygon, F|100/100
|switch|p2a: Torkoal|Torkoal, M, shiny|100/100
|-weather|SunnyDay|[from] ability: Drought|[of] p2a: Torkoal
|turn|1
|
|t:|1779639068
|move|p1a: Flygon|Earthquake|p2a: Torkoal
|-supereffective|p2a: Torkoal
|-damage|p2a: Torkoal|23/100
|-damage|p1a: Flygon|91/100|[from] item: Life Orb
|move|p2a: Torkoal|Will-O-Wisp|p1a: Flygon
|-status|p1a: Flygon|brn
|
|-weather|SunnyDay|[upkeep]
|-heal|p2a: Torkoal|29/100|[from] item: Leftovers
|-damage|p1a: Flygon|85/100 brn|[from] brn
|upkeep
|turn|2
|
|t:|1779639075
|move|p1a: Flygon|Earthquake|p2a: Torkoal
|-supereffective|p2a: Torkoal
|-damage|p2a: Torkoal|0 fnt
|faint|p2a: Torkoal
|-damage|p1a: Flygon|75/100 brn|[from] item: Life Orb
|
|-weather|SunnyDay|[upkeep]
|-damage|p1a: Flygon|69/100 brn|[from] brn
|upkeep
|
|t:|1779639082
|switch|p2a: Talonflame|Talonflame, F|100/100
|turn|3
|
|t:|1779639087
|switch|p2a: Heatran|Heatran, F|100/100
|-item|p2a: Heatran|Air Balloon
|move|p1a: Flygon|Outrage|p2a: Heatran
|-resisted|p2a: Heatran
|-damage|p2a: Heatran|85/100
|-enditem|p2a: Heatran|Air Balloon
|-damage|p1a: Flygon|59/100 brn|[from] item: Life Orb
|
|-weather|SunnyDay|[upkeep]
|-damage|p1a: Flygon|53/100 brn|[from] brn
|upkeep
|turn|4
|
|t:|1779639094
|move|p1a: Flygon|Outrage|p2a: Heatran|[from] lockedmove
|-resisted|p2a: Heatran
|-damage|p2a: Heatran|70/100
|-damage|p1a: Flygon|43/100 brn|[from] item: Life Orb
|move|p2a: Heatran|Solar Beam||[still]
|-prepare|p2a: Heatran|Solar Beam
|-anim|p2a: Heatran|Solar Beam|p1a: Flygon
|-damage|p1a: Flygon|0 fnt
|faint|p1a: Flygon
|
|-weather|SunnyDay|[upkeep]
|upkeep
|
|t:|1779639100
|switch|p1a: Chesnaught|Chesnaught, M, shiny|100/100
|turn|5
|
|t:|1779639102
|-terastallize|p1a: Chesnaught|Rock
|move|p1a: Chesnaught|Belly Drum|p1a: Chesnaught
|-damage|p1a: Chesnaught|50/100
|-setboost|p1a: Chesnaught|atk|6|[from] move: Belly Drum
|move|p2a: Heatran|Magma Storm|p1a: Chesnaught
|-resisted|p1a: Chesnaught
|-damage|p1a: Chesnaught|0 fnt
|faint|p1a: Chesnaught
|
|-weather|none
|upkeep
|
|t:|1779639116
|switch|p1a: Lurantis|Lurantis, F|100/100
|turn|6
|
|t:|1779639124
|move|p2a: Heatran|Magma Storm|p1a: Lurantis
|-supereffective|p1a: Lurantis
|-damage|p1a: Lurantis|0 fnt
|faint|p1a: Lurantis
|
|upkeep
|-message|icewizardlair☃ forfeited.
|
|win|Richy035
|raw|icewizardlair☃'s rating: 1059 &rarr; <strong>1043</strong><br />(-16 for losing)
|raw|Richy035's rating: 1107 &rarr; <strong>1129</strong><br />(+22 for winning)
|l|☆icewizardlair☃
|player|p1|
|l|☆Richy035
|player|p2|
