|j|☆my shitters
|j|☆MemesOnToast
|t:|1779628229
|gametype|singles
|player|p1|my shitters|preschooler|1364
|player|p2|MemesOnToast|clown|1324
|gen|9
|tier|[Gen 9] OU
|rated|
|rule|HP Percentage Mod: HP is shown in percentages
|rule|Endless Battle Clause: Forcing endless battles is banned
|rule|Species Clause: Limit one of each Pokémon
|rule|OHKO Clause: OHKO moves are banned
|rule|Evasion Items Clause: Evasion items are banned
|rule|Evasion Moves Clause: Evasion moves are banned
|rule|Evasion Abilities Clause: Evasion abilities are banned
|rule|Sleep Moves Clause: Sleep-inducing moves are banned
|clearpoke
|poke|p1|Sableye, F|
|poke|p1|Primeape, M|
|poke|p1|Alcremie-Ruby-Swirl, F|
|poke|p1|Ursaring, M|
|poke|p1|Jolteon, F|
|poke|p1|Brute Bonnet|
|poke|p2|Moltres-Galar|
|poke|p2|Comfey, F|
|poke|p2|Pecharunt|
|poke|p2|Ogerpon-Wellspring, F|
|poke|p2|Raging Bolt|
|poke|p2|Iron Treads|
|teampreview
|inactive|Battle timer is ON: inactive players will automatically lose when time's up. (requested by my shitters)
|
|t:|1779628234
|teamsize|p1|6
|teamsize|p2|6
|start
|switch|p1a: Sableye|Sableye, F|100/100
|switch|p2a: Moltres|Moltres-Galar|100/100
|turn|1
|c|☆MemesOnToast|ooo fun team
|c|☆my shitters|thanks! its my first time making my own team
|c|☆my shitters|im using my favorites :3
|
|t:|1779628255
|switch|p2a: Raging Bolt|Raging Bolt|100/100
|switch|p1a: Jolteon|Jolteon, F|100/100
|
|upkeep
|turn|2
|c|☆MemesOnToast|its interesting
|
|t:|1779628263
|move|p1a: Jolteon|Calm Mind|p1a: Jolteon
|-boost|p1a: Jolteon|spa|1
|-boost|p1a: Jolteon|spd|1
|move|p2a: Raging Bolt|Calm Mind|p2a: Raging Bolt
|-boost|p2a: Raging Bolt|spa|1
|-boost|p2a: Raging Bolt|spd|1
|
|upkeep
|turn|3
|c|☆my shitters|i hope you like it :3
|
|t:|1779628274
|move|p1a: Jolteon|Alluring Voice|p2a: Raging Bolt
|-supereffective|p2a: Raging Bolt
|-damage|p2a: Raging Bolt|48/100
|-damage|p1a: Jolteon|91/100|[from] item: Life Orb
|move|p2a: Raging Bolt|Calm Mind|p2a: Raging Bolt
|-boost|p2a: Raging Bolt|spa|1
|-boost|p2a: Raging Bolt|spd|1
|
|upkeep
|turn|4
|
|t:|1779628279
|move|p1a: Jolteon|Alluring Voice|p2a: Raging Bolt
|-supereffective|p2a: Raging Bolt
|-damage|p2a: Raging Bolt|5/100
|-damage|p1a: Jolteon|81/100|[from] item: Life Orb
|move|p2a: Raging Bolt|Draco Meteor|p1a: Jolteon
|-damage|p1a: Jolteon|0 fnt
|-unboost|p2a: Raging Bolt|spa|2
|faint|p1a: Jolteon
|-damage|p2a: Raging Bolt|0 fnt|[from] item: Life Orb
|faint|p2a: Raging Bolt
|-end|p2a: Raging Bolt|Protosynthesis|[silent]
|
|upkeep
|
|t:|1779628288
|switch|p1a: Only4CubLinx|Ursaring, M|100/100
|switch|p2a: Iron Treads|Iron Treads|100/100
|-enditem|p2a: Iron Treads|Booster Energy
|-activate|p2a: Iron Treads|ability: Quark Drive|[fromitem]
|-start|p2a: Iron Treads|quarkdrivespe
|turn|5
|
|t:|1779628301
|move|p2a: Iron Treads|Knock Off|p1a: Only4CubLinx
|-damage|p1a: Only4CubLinx|60/100
|-enditem|p1a: Only4CubLinx|Flame Orb|[from] move: Knock Off|[of] p2a: Iron Treads
|move|p1a: Only4CubLinx|Swords Dance|p1a: Only4CubLinx
|-boost|p1a: Only4CubLinx|atk|2
|
|upkeep
|turn|6
|
|t:|1779628310
|move|p2a: Iron Treads|Volt Switch|p1a: Only4CubLinx
|-damage|p1a: Only4CubLinx|44/100
|
|t:|1779628316
|-end|p2a: Iron Treads|Quark Drive|[silent]
|switch|p2a: Pecharunt|Pecharunt|100/100|[from] Volt Switch
|move|p1a: Only4CubLinx|Throat Chop|p2a: Pecharunt
|-supereffective|p2a: Pecharunt
|-damage|p2a: Pecharunt|48/100
|-start|p2a: Pecharunt|Throat Chop|[silent]
|
|-heal|p2a: Pecharunt|54/100|[from] item: Leftovers
|upkeep
|turn|7
|
|t:|1779628332
|switch|p2a: Iron Treads|Iron Treads|100/100
|move|p1a: Only4CubLinx|Throat Chop|p2a: Iron Treads
|-damage|p2a: Iron Treads|50/100
|-start|p2a: Iron Treads|Throat Chop|[silent]
|
|upkeep
|turn|8
|
|t:|1779628340
|move|p2a: Iron Treads|Earthquake|p1a: Only4CubLinx
|-damage|p1a: Only4CubLinx|0 fnt
|faint|p1a: Only4CubLinx
|
|-end|p2a: Iron Treads|Throat Chop|[silent]
|upkeep
|
|t:|1779628344
|switch|p1a: Brute Bonnet|Brute Bonnet|100/100
|-enditem|p1a: Brute Bonnet|Booster Energy
|-activate|p1a: Brute Bonnet|ability: Protosynthesis|[fromitem]
|-start|p1a: Brute Bonnet|protosynthesisatk
|turn|9
|
|t:|1779628355
|move|p2a: Iron Treads|Knock Off|p1a: Brute Bonnet
|-resisted|p1a: Brute Bonnet
|-crit|p1a: Brute Bonnet
|-damage|p1a: Brute Bonnet|89/100
|move|p1a: Brute Bonnet|Close Combat|p2a: Iron Treads
|-supereffective|p2a: Iron Treads
|-damage|p2a: Iron Treads|0 fnt
|-unboost|p1a: Brute Bonnet|def|1
|-unboost|p1a: Brute Bonnet|spd|1
|faint|p2a: Iron Treads
|-end|p2a: Iron Treads|Quark Drive|[silent]
|
|upkeep
|
|t:|1779628376
|switch|p2a: Comfey|Comfey, F|100/100
|turn|10
|
|t:|1779628385
|move|p2a: Comfey|Calm Mind|p2a: Comfey
|-boost|p2a: Comfey|spa|1
|-boost|p2a: Comfey|spd|1
|move|p1a: Brute Bonnet|Seed Bomb|p2a: Comfey
|-damage|p2a: Comfey|33/100
|
|upkeep
|turn|11
|
|t:|1779628406
|move|p2a: Comfey|Draining Kiss|p1a: Brute Bonnet
|-supereffective|p1a: Brute Bonnet
|-damage|p1a: Brute Bonnet|9/100
|-heal|p2a: Comfey|100/100|[from] drain|[of] p1a: Brute Bonnet
|move|p1a: Brute Bonnet|Sucker Punch||[still]
|-fail|p1a: Brute Bonnet
|
|upkeep
|turn|12
|
|t:|1779628413
|move|p2a: Comfey|Draining Kiss|p1a: Brute Bonnet
|-supereffective|p1a: Brute Bonnet
|-damage|p1a: Brute Bonnet|0 fnt
|faint|p1a: Brute Bonnet
|-end|p1a: Brute Bonnet|Protosynthesis|[silent]
|
|upkeep
|
|t:|1779628421
|switch|p1a: CremDeLaCreamie|Alcremie-Ruby-Swirl, F|100/100
|turn|13
|
|t:|1779628426
|-terastallize|p1a: CremDeLaCreamie|Steel
|move|p2a: Comfey|Substitute|p2a: Comfey
|-start|p2a: Comfey|Substitute
|-damage|p2a: Comfey|76/100
|move|p1a: CremDeLaCreamie|Calm Mind|p1a: CremDeLaCreamie
|-boost|p1a: CremDeLaCreamie|spa|1
|-boost|p1a: CremDeLaCreamie|spd|1
|
|upkeep
|turn|14
|
|t:|1779628430
|move|p2a: Comfey|Calm Mind|p2a: Comfey
|-boost|p2a: Comfey|spa|1
|-boost|p2a: Comfey|spd|1
|move|p1a: CremDeLaCreamie|Calm Mind|p1a: CremDeLaCreamie
|-boost|p1a: CremDeLaCreamie|spa|1
|-boost|p1a: CremDeLaCreamie|spd|1
|
|upkeep
|turn|15
|
|t:|1779628434
|move|p2a: Comfey|Calm Mind|p2a: Comfey
|-boost|p2a: Comfey|spa|1
|-boost|p2a: Comfey|spd|1
|move|p1a: CremDeLaCreamie|Calm Mind|p1a: CremDeLaCreamie
|-boost|p1a: CremDeLaCreamie|spa|1
|-boost|p1a: CremDeLaCreamie|spd|1
|
|upkeep
|turn|16
|
|t:|1779628436
|move|p2a: Comfey|Calm Mind|p2a: Comfey
|-boost|p2a: Comfey|spa|1
|-boost|p2a: Comfey|spd|1
|move|p1a: CremDeLaCreamie|Calm Mind|p1a: CremDeLaCreamie
|-boost|p1a: CremDeLaCreamie|spa|1
|-boost|p1a: CremDeLaCreamie|spd|1
|
|upkeep
|turn|17
|
|t:|1779628437
|move|p2a: Comfey|Calm Mind|p2a: Comfey
|-boost|p2a: Comfey|spa|1
|-boost|p2a: Comfey|spd|1
|move|p1a: CremDeLaCreamie|Calm Mind|p1a: CremDeLaCreamie
|-boost|p1a: CremDeLaCreamie|spa|1
|-boost|p1a: CremDeLaCreamie|spd|1
|
|upkeep
|turn|18
|
|t:|1779628438
|move|p2a: Comfey|Calm Mind|p2a: Comfey
|-boost|p2a: Comfey|spa|1
|-boost|p2a: Comfey|spd|1
|move|p1a: CremDeLaCreamie|Calm Mind|p1a: CremDeLaCreamie
|-boost|p1a: CremDeLaCreamie|spa|1
|-boost|p1a: CremDeLaCreamie|spd|1
|
|upkeep
|turn|19
|
|t:|1779628445
|move|p2a: Comfey|Draining Kiss|p1a: CremDeLaCreamie
|-resisted|p1a: CremDeLaCreamie
|-damage|p1a: CremDeLaCreamie|92/100
|-heal|p2a: Comfey|84/100|[from] drain|[of] p1a: CremDeLaCreamie
|move|p1a: CremDeLaCreamie|Draining Kiss|p2a: Comfey
|-activate|p2a: Comfey|move: Substitute|[damage]
|-heal|p1a: CremDeLaCreamie|100/100|[from] drain|[of] p2a: Comfey
|
|upkeep
|turn|20
|
|t:|1779628454
|move|p2a: Comfey|Giga Drain|p1a: CremDeLaCreamie
|-resisted|p1a: CremDeLaCreamie
|-damage|p1a: CremDeLaCreamie|91/100
|-heal|p2a: Comfey|91/100|[from] drain|[of] p1a: CremDeLaCreamie
|move|p1a: CremDeLaCreamie|Acid Armor|p1a: CremDeLaCreamie
|-boost|p1a: CremDeLaCreamie|def|2
|
|-heal|p1a: CremDeLaCreamie|97/100|[from] item: Leftovers
|upkeep
|turn|21
|
|t:|1779628460
|move|p2a: Comfey|Giga Drain|p1a: CremDeLaCreamie
|-resisted|p1a: CremDeLaCreamie
|-damage|p1a: CremDeLaCreamie|88/100
|-heal|p2a: Comfey|98/100|[from] drain|[of] p1a: CremDeLaCreamie
|move|p1a: CremDeLaCreamie|Acid Armor|p1a: CremDeLaCreamie
|-boost|p1a: CremDeLaCreamie|def|2
|
|-heal|p1a: CremDeLaCreamie|94/100|[from] item: Leftovers
|upkeep
|turn|22
|
|t:|1779628466
|move|p2a: Comfey|Giga Drain|p1a: CremDeLaCreamie
|-resisted|p1a: CremDeLaCreamie
|-damage|p1a: CremDeLaCreamie|85/100
|-heal|p2a: Comfey|100/100|[from] drain|[of] p1a: CremDeLaCreamie
|move|p1a: CremDeLaCreamie|Acid Armor|p1a: CremDeLaCreamie
|-boost|p1a: CremDeLaCreamie|def|2
|
|-heal|p1a: CremDeLaCreamie|91/100|[from] item: Leftovers
|upkeep
|turn|23
|
|t:|1779628470
|move|p2a: Comfey|Giga Drain|p1a: CremDeLaCreamie
|-resisted|p1a: CremDeLaCreamie
|-damage|p1a: CremDeLaCreamie|82/100
|move|p1a: CremDeLaCreamie|Draining Kiss|p2a: Comfey
|-end|p2a: Comfey|Substitute
|-heal|p1a: CremDeLaCreamie|85/100|[from] drain|[of] p2a: Comfey
|
|-heal|p1a: CremDeLaCreamie|91/100|[from] item: Leftovers
|upkeep
|turn|24
|
|t:|1779628475
|move|p2a: Comfey|Substitute|p2a: Comfey
|-start|p2a: Comfey|Substitute
|-damage|p2a: Comfey|76/100
|move|p1a: CremDeLaCreamie|Stored Power|p2a: Comfey
|-end|p2a: Comfey|Substitute
|
|-heal|p1a: CremDeLaCreamie|97/100|[from] item: Leftovers
|upkeep
|turn|25
|c|☆MemesOnToast|oh no
|
|t:|1779628486
|move|p2a: Comfey|Draining Kiss|p1a: CremDeLaCreamie
|-resisted|p1a: CremDeLaCreamie
|-damage|p1a: CremDeLaCreamie|87/100
|-heal|p2a: Comfey|86/100|[from] drain|[of] p1a: CremDeLaCreamie
|move|p1a: CremDeLaCreamie|Stored Power|p2a: Comfey
|-damage|p2a: Comfey|0 fnt
|faint|p2a: Comfey
|
|-heal|p1a: CremDeLaCreamie|93/100|[from] item: Leftovers
|upkeep
|c|☆my shitters|?
|c|☆my shitters|did i do smth wrong :(
|c|☆MemesOnToast|ive lost
|c|☆my shitters|my first win!
|
|t:|1779628507
|switch|p2a: Ogerpon|Ogerpon-Wellspring, F|100/100
|turn|26
|
|t:|1779628512
|move|p2a: Ogerpon|Ivy Cudgel|p1a: CremDeLaCreamie|[anim] Ivy Cudgel Water
|-damage|p1a: CremDeLaCreamie|78/100
|move|p1a: CremDeLaCreamie|Stored Power|p2a: Ogerpon
|-damage|p2a: Ogerpon|0 fnt
|faint|p2a: Ogerpon
|
|-heal|p1a: CremDeLaCreamie|84/100|[from] item: Leftovers
|upkeep
|
|t:|1779628520
|switch|p2a: Moltres|Moltres-Galar|100/100
|turn|27
|
|t:|1779628527
|move|p2a: Moltres|Fiery Wrath|p1a: CremDeLaCreamie
|-damage|p1a: CremDeLaCreamie|75/100
|move|p1a: CremDeLaCreamie|Draining Kiss|p2a: Moltres
|-supereffective|p2a: Moltres
|-damage|p2a: Moltres|0 fnt
|-heal|p1a: CremDeLaCreamie|100/100|[from] drain|[of] p2a: Moltres
|faint|p2a: Moltres
|
|upkeep
|
|t:|1779628531
|switch|p2a: Pecharunt|Pecharunt|54/100
|turn|28
|
|t:|1779628534
|-terastallize|p2a: Pecharunt|Poison
|move|p2a: Pecharunt|Toxic|p1a: CremDeLaCreamie
|-immune|p1a: CremDeLaCreamie
|move|p1a: CremDeLaCreamie|Stored Power|p2a: Pecharunt
|-supereffective|p2a: Pecharunt
|-crit|p2a: Pecharunt
|-damage|p2a: Pecharunt|0 fnt
|faint|p2a: Pecharunt
|
|win|my shitters
|raw|my shitters's rating: 1364 &rarr; <strong>1382</strong><br />(+18 for winning)
|raw|MemesOnToast's rating: 1324 &rarr; <strong>1306</strong><br />(-18 for losing)
|c|☆MemesOnToast|gg
|c|☆my shitters|yay!
|c|☆my shitters|gg
|l|☆my shitters
|player|p1|
|l|☆MemesOnToast
|player|p2|
