|j|☆shunnybun
|j|☆The Hamm
|t:|1779603417
|gametype|singles
|player|p1|shunnybun|101|1084
|player|p2|The Hamm|artist-gen4|1065
|gen|9
|tier|[Gen 9] OU
|rated|
|rule|HP Percentage Mod: HP is shown in percentages
|rule|Endless Battle Clause: Forcing endless battles is banned
|rule|Species Clause: Limit one of each Pokémon
|rule|OHKO Clause: OHKO moves are banned
|rule|Evasion Items Clause: Evasion items are banned
|rule|Evasion Moves Clause: Evasion moves are banned
|rule|Evasion Abilities Clause: Evasion abilities are banned
|rule|Sleep Moves Clause: Sleep-inducing moves are banned
|clearpoke
|poke|p1|Toxapex, F|
|poke|p1|Tropius, F|
|poke|p1|Gliscor, F|
|poke|p1|Grimmsnarl, M|
|poke|p1|Sableye, M|
|poke|p1|Corviknight, M|
|poke|p2|Hitmonlee, M|
|poke|p2|Clefable, M|
|poke|p2|Blastoise, M|
|poke|p2|Dragonite, F|
|poke|p2|Weezing, F|
|poke|p2|Snorlax, F|
|teampreview
|
|t:|1779603431
|teamsize|p1|6
|teamsize|p2|6
|start
|switch|p1a: Gliscor|Gliscor, F|100/100
|switch|p2a: Clefable|Clefable, M|100/100
|turn|1
|inactive|Battle timer is ON: inactive players will automatically lose when time's up. (requested by The Hamm)
|
|t:|1779603443
|switch|p2a: Weezing|Weezing, F|100/100
|-ability|p2a: Weezing|Neutralizing Gas
|move|p1a: Gliscor|Toxic|p2a: Weezing
|-immune|p2a: Weezing
|
|-status|p1a: Gliscor|tox|[from] item: Toxic Orb
|upkeep
|turn|2
|
|t:|1779603453
|move|p1a: Gliscor|Earthquake|p2a: Weezing
|-supereffective|p2a: Weezing
|-crit|p2a: Weezing
|-damage|p2a: Weezing|41/100
|move|p2a: Weezing|Toxic Spikes|p1a: Gliscor
|-sidestart|p1: shunnybun|move: Toxic Spikes
|
|-damage|p1a: Gliscor|94/100 tox|[from] psn
|upkeep
|turn|3
|
|t:|1779603464
|-end|p2a: Weezing|ability: Neutralizing Gas
|switch|p2a: Snorlax|Snorlax, F|100/100
|move|p1a: Gliscor|Earthquake|p2a: Snorlax
|-damage|p2a: Snorlax|68/100
|
|-heal|p1a: Gliscor|100/100 tox|[from] ability: Poison Heal
|upkeep
|turn|4
|
|t:|1779603474
|move|p1a: Gliscor|Toxic|p2a: Snorlax
|-status|p2a: Snorlax|tox
|-enditem|p2a: Snorlax|Lum Berry|[eat]
|-curestatus|p2a: Snorlax|tox|[msg]
|move|p2a: Snorlax|Curse|p2a: Snorlax
|-unboost|p2a: Snorlax|spe|1
|-boost|p2a: Snorlax|atk|1
|-boost|p2a: Snorlax|def|1
|
|upkeep
|turn|5
|
|t:|1779603486
|move|p1a: Gliscor|Toxic|p2a: Snorlax
|-status|p2a: Snorlax|tox
|move|p2a: Snorlax|Curse|p2a: Snorlax
|-unboost|p2a: Snorlax|spe|1
|-boost|p2a: Snorlax|atk|1
|-boost|p2a: Snorlax|def|1
|
|-damage|p2a: Snorlax|62/100 tox|[from] psn
|upkeep
|turn|6
|
|t:|1779603496
|move|p1a: Gliscor|Protect|p1a: Gliscor
|-singleturn|p1a: Gliscor|Protect
|move|p2a: Snorlax|Rest|p2a: Snorlax
|-status|p2a: Snorlax|slp|[from] move: Rest
|-heal|p2a: Snorlax|100/100 slp|[silent]
|
|upkeep
|turn|7
|
|t:|1779603517
|switch|p1a: Sableye|Sableye, M|100/100
|cant|p2a: Snorlax|slp
|
|upkeep
|turn|8
|
|t:|1779603529
|move|p1a: Sableye|Knock Off|p2a: Snorlax
|-damage|p2a: Snorlax|92/100 slp
|cant|p2a: Snorlax|slp
|
|upkeep
|turn|9
|
|t:|1779603541
|move|p1a: Sableye|Knock Off|p2a: Snorlax
|-damage|p2a: Snorlax|84/100 slp
|-curestatus|p2a: Snorlax|slp|[msg]
|move|p2a: Snorlax|Ice Punch|p1a: Sableye
|-damage|p1a: Sableye|39/100
|
|upkeep
|turn|10
|
|t:|1779603556
|switch|p1a: Him|Toxapex, F|100/100
|-sideend|p1: shunnybun|move: Toxic Spikes|[of] p1a: Him
|move|p2a: Snorlax|Ice Punch|p1a: Him
|-resisted|p1a: Him
|-damage|p1a: Him|83/100
|
|-heal|p1a: Him|90/100|[from] item: Black Sludge
|upkeep
|turn|11
|
|t:|1779603565
|move|p1a: Him|Haze|p1a: Him
|-clearallboost
|move|p2a: Snorlax|Earthquake|p1a: Him
|-supereffective|p1a: Him
|-damage|p1a: Him|42/100
|
|-heal|p1a: Him|48/100|[from] item: Black Sludge
|upkeep
|turn|12
|
|t:|1779603576
|switch|p2a: Weezing|Weezing, F|41/100
|-ability|p2a: Weezing|Neutralizing Gas
|switch|p1a: Gliscor|Gliscor, F|100/100 tox
|
|-damage|p1a: Gliscor|94/100 tox|[from] psn
|upkeep
|turn|13
|
|t:|1779603588
|-end|p2a: Weezing|ability: Neutralizing Gas
|switch|p2a: Snorlax|Snorlax, F|84/100
|move|p1a: Gliscor|Spikes|p2a: Snorlax
|-sidestart|p2: The Hamm|Spikes
|
|-heal|p1a: Gliscor|100/100 tox|[from] ability: Poison Heal
|upkeep
|turn|14
|
|t:|1779603597
|move|p1a: Gliscor|Toxic|p2a: Snorlax
|-status|p2a: Snorlax|tox
|move|p2a: Snorlax|Curse|p2a: Snorlax
|-unboost|p2a: Snorlax|spe|1
|-boost|p2a: Snorlax|atk|1
|-boost|p2a: Snorlax|def|1
|
|-damage|p2a: Snorlax|78/100 tox|[from] psn
|upkeep
|turn|15
|
|t:|1779603608
|move|p1a: Gliscor|Spikes|p2a: Snorlax
|-sidestart|p2: The Hamm|Spikes
|move|p2a: Snorlax|Ice Punch|p1a: Gliscor
|-supereffective|p1a: Gliscor
|-damage|p1a: Gliscor|0 fnt
|faint|p1a: Gliscor
|
|-damage|p2a: Snorlax|65/100 tox|[from] psn
|upkeep
|
|t:|1779603620
|switch|p1a: Grimmsnarl|Grimmsnarl, M|100/100
|turn|16
|
|t:|1779603625
|move|p1a: Grimmsnarl|Taunt|p2a: Snorlax
|-start|p2a: Snorlax|move: Taunt
|cant|p2a: Snorlax|move: Taunt|Rest
|
|-damage|p2a: Snorlax|47/100 tox|[from] psn
|upkeep
|turn|17
|
|t:|1779603637
|switch|p2a: Blastoise|Blastoise, M|100/100
|move|p1a: Grimmsnarl|Spirit Break|p2a: Blastoise
|-damage|p2a: Blastoise|66/100
|-unboost|p2a: Blastoise|spa|1
|
|upkeep
|turn|18
|
|t:|1779603652
|move|p1a: Grimmsnarl|Parting Shot|p2a: Blastoise
|-unboost|p2a: Blastoise|atk|1
|-unboost|p2a: Blastoise|spa|1
|
|t:|1779603655
|switch|p1a: Tropius|Tropius, F|100/100|[from] Parting Shot
|move|p2a: Blastoise|Rapid Spin|p1a: Tropius
|-damage|p1a: Tropius|96/100
|-boost|p2a: Blastoise|spe|1
|-sideend|p2: The Hamm|Spikes|[from] move: Rapid Spin|[of] p2a: Blastoise
|
|upkeep
|turn|19
|
|t:|1779603667
|switch|p2a: Clefable|Clefable, M|100/100
|move|p1a: Tropius|Leech Seed|p2a: Clefable
|-start|p2a: Clefable|move: Leech Seed
|
|upkeep
|turn|20
|
|t:|1779603676
|switch|p1a: Corviknight|Corviknight, M|100/100
|-ability|p1a: Corviknight|Pressure
|move|p2a: Clefable|Reflect|p2a: Clefable
|-sidestart|p2: The Hamm|Reflect
|
|upkeep
|turn|21
|
|t:|1779603693
|switch|p2a: Weezing|Weezing, F|41/100
|-ability|p2a: Weezing|Neutralizing Gas
|move|p1a: Corviknight|Defog|p2a: Weezing
|-unboost|p2a: Weezing|evasion|1
|-sideend|p2: The Hamm|Reflect
|
|upkeep
|turn|22
|
|t:|1779603714
|switch|p1a: Him|Toxapex, F|48/100
|move|p2a: Weezing|Pain Split|p1a: Him
|-sethp|p1a: Him|46/100|[from] move: Pain Split|[silent]
|-sethp|p2a: Weezing|42/100|[from] move: Pain Split
|
|-heal|p1a: Him|52/100|[from] item: Black Sludge
|upkeep
|turn|23
|
|t:|1779603731
|-end|p2a: Weezing|ability: Neutralizing Gas
|switch|p2a: Snorlax|Snorlax, F|47/100 tox
|move|p1a: Him|Surf|p2a: Snorlax
|-damage|p2a: Snorlax|36/100 tox
|
|-heal|p1a: Him|59/100|[from] item: Black Sludge
|-damage|p2a: Snorlax|30/100 tox|[from] psn
|upkeep
|turn|24
|inactive|shunnybun has 120 seconds left.
|
|t:|1779603750
|switch|p1a: Sableye|Sableye, M|39/100
|move|p2a: Snorlax|Rest|p2a: Snorlax
|-status|p2a: Snorlax|slp|[from] move: Rest
|-heal|p2a: Snorlax|100/100 slp|[silent]
|
|upkeep
|turn|25
|
|t:|1779603758
|move|p1a: Sableye|Encore|p2a: Snorlax
|-start|p2a: Snorlax|Encore
|cant|p2a: Snorlax|slp
|
|upkeep
|turn|26
|
|t:|1779603766
|move|p1a: Sableye|Recover|p1a: Sableye
|-heal|p1a: Sableye|89/100
|cant|p2a: Snorlax|slp
|
|upkeep
|turn|27
|
|t:|1779603786
|switch|p1a: Tropius|Tropius, F|96/100
|switch|p2a: Hitmonlee|Hitmonlee, M|100/100
|
|upkeep
|turn|28
|
|t:|1779603793
|move|p2a: Hitmonlee|Focus Energy|p2a: Hitmonlee
|-start|p2a: Hitmonlee|move: Focus Energy
|move|p1a: Tropius|Leech Seed|p2a: Hitmonlee
|-start|p2a: Hitmonlee|move: Leech Seed
|
|-damage|p2a: Hitmonlee|88/100|[from] Leech Seed|[of] p1a: Tropius
|-heal|p1a: Tropius|100/100|[silent]
|upkeep
|turn|29
|
|t:|1779603803
|move|p1a: Tropius|Protect|p1a: Tropius
|-singleturn|p1a: Tropius|Protect
|move|p2a: Hitmonlee|Stone Edge|p1a: Tropius
|-activate|p1a: Tropius|move: Protect
|
|-damage|p2a: Hitmonlee|76/100|[from] Leech Seed|[of] p1a: Tropius
|upkeep
|turn|30
|
|t:|1779603819
|switch|p1a: Him|Toxapex, F|92/100
|move|p2a: Hitmonlee|Stone Edge|p1a: Him|[miss]
|-miss|p2a: Hitmonlee|p1a: Him
|
|-heal|p1a: Him|98/100|[from] item: Black Sludge
|-damage|p2a: Hitmonlee|63/100|[from] Leech Seed|[of] p1a: Him
|-heal|p1a: Him|100/100|[silent]
|upkeep
|turn|31
|
|t:|1779603835
|switch|p2a: Clefable|Clefable, M|100/100
|move|p1a: Him|Toxic|p2a: Clefable
|-status|p2a: Clefable|tox
|
|upkeep
|turn|32
|
|t:|1779603844
|switch|p1a: Corviknight|Corviknight, M|100/100
|-ability|p1a: Corviknight|Pressure
|move|p2a: Clefable|Light Screen|p2a: Clefable
|-sidestart|p2: The Hamm|move: Light Screen
|
|upkeep
|turn|33
|
|t:|1779603857
|switch|p2a: Dragonite|Dragonite, F|100/100
|move|p1a: Corviknight|Defog|p2a: Dragonite
|-unboost|p2a: Dragonite|evasion|1
|-sideend|p2: The Hamm|move: Light Screen
|
|upkeep
|turn|34
|
|t:|1779603866
|move|p2a: Dragonite|Thunderbolt|p1a: Corviknight
|-supereffective|p1a: Corviknight
|-damage|p1a: Corviknight|13/100
|move|p1a: Corviknight|U-turn|p2a: Dragonite
|-resisted|p2a: Dragonite
|-damage|p2a: Dragonite|96/100
|
|t:|1779603874
|switch|p1a: Grimmsnarl|Grimmsnarl, M|100/100|[from] U-turn
|
|upkeep
|turn|35
|
|t:|1779603895
|switch|p2a: Weezing|Weezing, F|42/100
|-ability|p2a: Weezing|Neutralizing Gas
|move|p1a: Grimmsnarl|Spirit Break|p2a: Weezing
|-resisted|p2a: Weezing
|-damage|p2a: Weezing|32/100
|-unboost|p2a: Weezing|spa|1
|
|upkeep
|turn|36
|
|t:|1779603907
|move|p1a: Grimmsnarl|Parting Shot|p2a: Weezing
|-unboost|p2a: Weezing|atk|1
|-unboost|p2a: Weezing|spa|1
|
|t:|1779603918
|switch|p1a: Sableye|Sableye, M|89/100|[from] Parting Shot
|move|p2a: Weezing|Will-O-Wisp|p1a: Sableye|[miss]
|-miss|p2a: Weezing|p1a: Sableye
|
|upkeep
|turn|37
|
|t:|1779603934
|move|p2a: Weezing|Pain Split|p1a: Sableye
|-sethp|p1a: Sableye|62/100|[from] move: Pain Split|[silent]
|-sethp|p2a: Weezing|56/100|[from] move: Pain Split
|move|p1a: Sableye|Knock Off|p2a: Weezing
|-crit|p2a: Weezing
|-damage|p2a: Weezing|30/100
|-enditem|p2a: Weezing|Wide Lens|[from] move: Knock Off|[of] p1a: Sableye
|
|upkeep
|turn|38
|
|t:|1779603950
|-end|p2a: Weezing|ability: Neutralizing Gas
|switch|p2a: Hitmonlee|Hitmonlee, M|63/100
|switch|p1a: Corviknight|Corviknight, M|13/100
|-ability|p1a: Corviknight|Pressure
|
|-heal|p1a: Corviknight|20/100|[from] item: Leftovers
|upkeep
|turn|39
|
|t:|1779603962
|switch|p1a: Sableye|Sableye, M|62/100
|move|p2a: Hitmonlee|Blaze Kick|p1a: Sableye
|-crit|p1a: Sableye
|-damage|p1a: Sableye|6/100
|
|upkeep
|turn|40
|
|t:|1779603974
|move|p1a: Sableye|Will-O-Wisp|p2a: Hitmonlee
|-status|p2a: Hitmonlee|brn
|move|p2a: Hitmonlee|Blaze Kick|p1a: Sableye
|-crit|p1a: Sableye
|-damage|p1a: Sableye|0 fnt
|faint|p1a: Sableye
|
|-damage|p2a: Hitmonlee|57/100 brn|[from] brn
|upkeep
|
|t:|1779603988
|switch|p1a: Him|Toxapex, F|100/100
|turn|41
|inactive|The Hamm has 120 seconds left.
|
|t:|1779604020
|switch|p2a: Dragonite|Dragonite, F|96/100
|move|p1a: Him|Surf|p2a: Dragonite
|-resisted|p2a: Dragonite
|-damage|p2a: Dragonite|86/100
|
|upkeep
|turn|42
|
|t:|1779604031
|switch|p1a: Grimmsnarl|Grimmsnarl, M|100/100
|move|p2a: Dragonite|Thunderbolt|p1a: Grimmsnarl
|-damage|p1a: Grimmsnarl|70/100
|
|-heal|p1a: Grimmsnarl|76/100|[from] item: Leftovers
|upkeep
|turn|43
|
|t:|1779604044
|switch|p2a: Clefable|Clefable, M|100/100 tox
|move|p1a: Grimmsnarl|Spirit Break|p2a: Clefable
|-damage|p2a: Clefable|67/100 tox
|-unboost|p2a: Clefable|spa|1
|
|-heal|p1a: Grimmsnarl|82/100|[from] item: Leftovers
|upkeep
|turn|44
|
|t:|1779604058
|move|p2a: Clefable|Moonblast|p1a: Grimmsnarl
|-supereffective|p1a: Grimmsnarl
|-damage|p1a: Grimmsnarl|51/100
|move|p1a: Grimmsnarl|Spirit Break|p2a: Clefable
|-damage|p2a: Clefable|35/100 tox
|-unboost|p2a: Clefable|spa|1
|
|-heal|p1a: Grimmsnarl|57/100|[from] item: Leftovers
|upkeep
|turn|45
|inactive|The Hamm has 120 seconds left.
|
|t:|1779604083
|move|p1a: Grimmsnarl|Spirit Break|p2a: Clefable
|-damage|p2a: Clefable|0 fnt
|faint|p2a: Clefable
|
|-heal|p1a: Grimmsnarl|63/100|[from] item: Leftovers
|upkeep
|inactive|The Hamm has 120 seconds left.
|
|t:|1779604093
|switch|p2a: Hitmonlee|Hitmonlee, M|57/100 brn
|turn|46
|inactive|The Hamm has 120 seconds left.
|
|t:|1779604104
|-terastallize|p1a: Grimmsnarl|Ghost
|move|p2a: Hitmonlee|Focus Energy|p2a: Hitmonlee
|-start|p2a: Hitmonlee|move: Focus Energy
|move|p1a: Grimmsnarl|Spirit Break|p2a: Hitmonlee
|-supereffective|p2a: Hitmonlee
|-damage|p2a: Hitmonlee|0 fnt
|faint|p2a: Hitmonlee
|
|-heal|p1a: Grimmsnarl|69/100|[from] item: Leftovers
|upkeep
|inactive|The Hamm has 120 seconds left.
|
|t:|1779604120
|switch|p2a: Snorlax|Snorlax, F|100/100 slp
|turn|47
|
|t:|1779604132
|move|p1a: Grimmsnarl|Parting Shot|p2a: Snorlax
|-unboost|p2a: Snorlax|atk|1
|-unboost|p2a: Snorlax|spa|1
|
|t:|1779604138
|switch|p1a: Him|Toxapex, F|100/100|[from] Parting Shot
|-curestatus|p2a: Snorlax|slp|[msg]
|move|p2a: Snorlax|Ice Punch|p1a: Him
|-resisted|p1a: Him
|-damage|p1a: Him|95/100
|
|-heal|p1a: Him|100/100|[from] item: Black Sludge
|upkeep
|turn|48
|inactive|The Hamm has 120 seconds left.
|
|t:|1779604155
|move|p2a: Snorlax|Curse|p2a: Snorlax
|-unboost|p2a: Snorlax|spe|1
|-boost|p2a: Snorlax|atk|1
|-boost|p2a: Snorlax|def|1
|move|p1a: Him|Surf|p2a: Snorlax
|-damage|p2a: Snorlax|89/100
|
|upkeep
|turn|49
|
|t:|1779604166
|move|p1a: Him|Toxic|p2a: Snorlax
|-status|p2a: Snorlax|tox
|move|p2a: Snorlax|Curse|p2a: Snorlax
|-unboost|p2a: Snorlax|spe|1
|-boost|p2a: Snorlax|atk|1
|-boost|p2a: Snorlax|def|1
|
|-damage|p2a: Snorlax|83/100 tox|[from] psn
|upkeep
|turn|50
|
|t:|1779604177
|move|p1a: Him|Haze|p1a: Him
|-clearallboost
|move|p2a: Snorlax|Rest|p2a: Snorlax
|-status|p2a: Snorlax|slp|[from] move: Rest
|-heal|p2a: Snorlax|100/100 slp|[silent]
|
|upkeep
|turn|51
|
|t:|1779604185
|switch|p1a: Tropius|Tropius, F|100/100
|cant|p2a: Snorlax|slp
|
|upkeep
|turn|52
|
|t:|1779604194
|switch|p2a: Dragonite|Dragonite, F|86/100
|move|p1a: Tropius|Leech Seed|p2a: Dragonite
|-start|p2a: Dragonite|move: Leech Seed
|
|-damage|p2a: Dragonite|73/100|[from] Leech Seed|[of] p1a: Tropius
|upkeep
|turn|53
|
|t:|1779604214
|switch|p2a: Weezing|Weezing, F|30/100
|-ability|p2a: Weezing|Neutralizing Gas
|move|p1a: Tropius|Protect||[still]
|-fail|p1a: Tropius
|
|upkeep
|turn|54
|
|t:|1779604224
|move|p2a: Weezing|Pain Split|p1a: Tropius
|-sethp|p1a: Tropius|63/100|[from] move: Pain Split|[silent]
|-sethp|p2a: Weezing|75/100|[from] move: Pain Split
|move|p1a: Tropius|Substitute|p1a: Tropius
|-start|p1a: Tropius|Substitute
|-damage|p1a: Tropius|38/100
|-enditem|p1a: Tropius|Sitrus Berry|[eat]
|-heal|p1a: Tropius|63/100|[from] item: Sitrus Berry
|
|upkeep
|turn|55
|inactive|The Hamm has 120 seconds left.
|
|t:|1779604272
|-end|p2a: Weezing|ability: Neutralizing Gas
|switch|p2a: Dragonite|Dragonite, F|73/100
|move|p1a: Tropius|Leech Seed|p2a: Dragonite
|-start|p2a: Dragonite|move: Leech Seed
|
|-damage|p2a: Dragonite|61/100|[from] Leech Seed|[of] p1a: Tropius
|-heal|p1a: Tropius|73/100|[silent]
|-item|p1a: Tropius|Sitrus Berry|[from] ability: Harvest
|upkeep
|turn|56
|
|t:|1779604288
|switch|p2a: Snorlax|Snorlax, F|100/100 slp
|move|p1a: Tropius|Dragon Tail|p2a: Snorlax
|-damage|p2a: Snorlax|92/100 slp
|drag|p2a: Dragonite|Dragonite, F|61/100
|
|upkeep
|turn|57
|
|t:|1779604300
|switch|p2a: Snorlax|Snorlax, F|92/100 slp
|move|p1a: Tropius|Dragon Tail|p2a: Snorlax
|-damage|p2a: Snorlax|84/100 slp
|drag|p2a: Blastoise|Blastoise, M|66/100
|
|upkeep
|turn|58
|
|t:|1779604312
|move|p2a: Blastoise|Rapid Spin|p1a: Tropius
|-activate|p1a: Tropius|move: Substitute|[damage]
|-boost|p2a: Blastoise|spe|1
|move|p1a: Tropius|Leech Seed|p2a: Blastoise
|-start|p2a: Blastoise|move: Leech Seed
|
|-damage|p2a: Blastoise|54/100|[from] Leech Seed|[of] p1a: Tropius
|-heal|p1a: Tropius|82/100|[silent]
|upkeep
|turn|59
|
|t:|1779604321
|move|p1a: Tropius|Protect|p1a: Tropius
|-singleturn|p1a: Tropius|Protect
|move|p2a: Blastoise|Rapid Spin|p1a: Tropius
|-activate|p1a: Tropius|move: Protect
|
|-damage|p2a: Blastoise|41/100|[from] Leech Seed|[of] p1a: Tropius
|-heal|p1a: Tropius|91/100|[silent]
|upkeep
|turn|60
|
|t:|1779604336
|move|p2a: Blastoise|Rapid Spin|p1a: Tropius
|-activate|p1a: Tropius|move: Substitute|[damage]
|-end|p2a: Blastoise|Leech Seed|[from] move: Rapid Spin|[of] p2a: Blastoise
|-boost|p2a: Blastoise|spe|1
|move|p1a: Tropius|Substitute|p1a: Tropius
|-fail|p1a: Tropius|move: Substitute
|
|upkeep
|turn|61
|inactive|The Hamm has 120 seconds left.
|
|t:|1779604359
|switch|p2a: Weezing|Weezing, F|75/100
|-ability|p2a: Weezing|Neutralizing Gas
|move|p1a: Tropius|Leech Seed|p2a: Weezing
|-start|p2a: Weezing|move: Leech Seed
|
|-damage|p2a: Weezing|63/100|[from] Leech Seed|[of] p1a: Tropius
|-heal|p1a: Tropius|100/100|[silent]
|upkeep
|turn|62
|-message|The Hamm forfeited.
|
|win|shunnybun
|raw|shunnybun's rating: 1084 &rarr; <strong>1110</strong><br />(+26 for winning)
|raw|The Hamm's rating: 1065 &rarr; <strong>1046</strong><br />(-19 for losing)
|l|☆The Hamm
|player|p2|
|l|☆shunnybun
|player|p1|
