|j|☆Yukinoshitafan1234
|j|☆nightcoore
|t:|1779717571
|gametype|singles
|player|p1|Yukinoshitafan1234|ghetsis|1138
|player|p2|nightcoore|2|1133
|gen|9
|tier|[Gen 9] OU
|rated|
|rule|HP Percentage Mod: HP is shown in percentages
|rule|Endless Battle Clause: Forcing endless battles is banned
|rule|Species Clause: Limit one of each Pokémon
|rule|OHKO Clause: OHKO moves are banned
|rule|Evasion Items Clause: Evasion items are banned
|rule|Evasion Moves Clause: Evasion moves are banned
|rule|Evasion Abilities Clause: Evasion abilities are banned
|rule|Sleep Moves Clause: Sleep-inducing moves are banned
|clearpoke
|poke|p1|Krookodile, M|
|poke|p1|Yanmega, F|
|poke|p1|Garchomp, M|
|poke|p1|Araquanid, M|
|poke|p1|Zoroark-Hisui, M|
|poke|p1|Corviknight, M|
|poke|p2|Persian, M|
|poke|p2|Gholdengo|
|poke|p2|Dragonite, M|
|poke|p2|Rotom-Wash|
|poke|p2|Iron Valiant|
|poke|p2|Great Tusk|
|teampreview
|
|t:|1779717579
|teamsize|p1|6
|teamsize|p2|6
|start
|switch|p1a: Araquanid|Araquanid, M|100/100
|switch|p2a: Great Tusk|Great Tusk|100/100
|turn|1
|
|t:|1779717586
|move|p2a: Great Tusk|Stealth Rock|p1a: Araquanid
|-sidestart|p1: Yukinoshitafan1234|move: Stealth Rock
|move|p1a: Araquanid|Liquidation|p2a: Great Tusk
|-supereffective|p2a: Great Tusk
|-damage|p2a: Great Tusk|51/100
|-damage|p1a: Araquanid|84/100|[from] item: Rocky Helmet|[of] p2a: Great Tusk
|
|upkeep
|turn|2
|
|t:|1779717592
|move|p2a: Great Tusk|Knock Off|p1a: Araquanid
|-damage|p1a: Araquanid|51/100
|-enditem|p1a: Araquanid|Heavy-Duty Boots|[from] move: Knock Off|[of] p2a: Great Tusk
|move|p1a: Araquanid|Liquidation|p2a: Great Tusk
|-supereffective|p2a: Great Tusk
|-damage|p2a: Great Tusk|2/100
|-damage|p1a: Araquanid|35/100|[from] item: Rocky Helmet|[of] p2a: Great Tusk
|
|upkeep
|turn|3
|
|t:|1779717603
|move|p2a: Great Tusk|Knock Off|p1a: Araquanid
|-damage|p1a: Araquanid|14/100
|move|p1a: Araquanid|Liquidation|p2a: Great Tusk
|-supereffective|p2a: Great Tusk
|-damage|p2a: Great Tusk|0 fnt
|-damage|p1a: Araquanid|0 fnt|[from] item: Rocky Helmet|[of] p2a: Great Tusk
|faint|p2a: Great Tusk
|-end|p2a: Great Tusk|Protosynthesis|[silent]
|faint|p1a: Araquanid
|
|upkeep
|
|t:|1779717613
|switch|p2a: Persian|Persian, M|100/100
|switch|p1a: Corviknight|Corviknight, M|100/100
|turn|4
|
|t:|1779717618
|move|p2a: Persian|Fake Out|p1a: Corviknight
|-resisted|p1a: Corviknight
|-damage|p1a: Corviknight|95/100
|cant|p1a: Corviknight|flinch
|
|upkeep
|turn|5
|
|t:|1779717625
|move|p2a: Persian|Knock Off|p1a: Corviknight
|-damage|p1a: Corviknight|84/100
|-enditem|p1a: Corviknight|Heavy-Duty Boots|[from] move: Knock Off|[of] p2a: Persian
|move|p1a: Corviknight|Defog|p2a: Persian
|-unboost|p2a: Persian|evasion|1
|-sideend|p1: Yukinoshitafan1234|Stealth Rock|[from] move: Defog|[of] p1a: Corviknight
|
|upkeep
|turn|6
|
|t:|1779717632
|move|p2a: Persian|U-turn|p1a: Corviknight
|-resisted|p1a: Corviknight
|-damage|p1a: Corviknight|82/100
|
|t:|1779717641
|switch|p2a: Rotom|Rotom-Wash|100/100|[from] U-turn
|move|p1a: Corviknight|U-turn|p2a: Rotom
|-damage|p2a: Rotom|89/100
|
|t:|1779717659
|switch|p1a: Yanmega|Yanmega, F|100/100|[from] U-turn
|
|-heal|p2a: Rotom|95/100|[from] item: Leftovers
|upkeep
|turn|7
|
|t:|1779717667
|move|p1a: Yanmega|Protect|p1a: Yanmega
|-singleturn|p1a: Yanmega|Protect
|move|p2a: Rotom|Will-O-Wisp|p1a: Yanmega
|-activate|p1a: Yanmega|move: Protect
|
|-heal|p2a: Rotom|100/100|[from] item: Leftovers
|-ability|p1a: Yanmega|Speed Boost|boost
|-boost|p1a: Yanmega|spe|1
|upkeep
|turn|8
|
|t:|1779717677
|move|p1a: Yanmega|Air Slash|p2a: Rotom
|-resisted|p2a: Rotom
|-damage|p2a: Rotom|83/100
|move|p2a: Rotom|Will-O-Wisp|p1a: Yanmega
|-status|p1a: Yanmega|brn
|
|-heal|p2a: Rotom|89/100|[from] item: Leftovers
|-damage|p1a: Yanmega|94/100 brn|[from] brn
|-ability|p1a: Yanmega|Speed Boost|boost
|-boost|p1a: Yanmega|spe|1
|upkeep
|turn|9
|
|t:|1779717687
|move|p1a: Yanmega|Bug Buzz|p2a: Rotom
|-damage|p2a: Rotom|40/100
|move|p2a: Rotom|Volt Switch|p1a: Yanmega
|-supereffective|p1a: Yanmega
|-damage|p1a: Yanmega|10/100 brn
|
|t:|1779717695
|switch|p2a: Persian|Persian, M|100/100|[from] Volt Switch
|
|-damage|p1a: Yanmega|4/100 brn|[from] brn
|-ability|p1a: Yanmega|Speed Boost|boost
|-boost|p1a: Yanmega|spe|1
|upkeep
|turn|10
|
|t:|1779717702
|switch|p1a: Garchomp|Garchomp, M, shiny|100/100
|move|p2a: Persian|Fake Out|p1a: Garchomp
|-immune|p1a: Garchomp
|
|upkeep
|turn|11
|
|t:|1779717707
|move|p2a: Persian|Knock Off|p1a: Garchomp
|-supereffective|p1a: Garchomp
|-damage|p1a: Garchomp|23/100
|replace|p1a: Zoroark|Zoroark-Hisui, M
|-end|p1a: Zoroark|Illusion
|-enditem|p1a: Zoroark|Focus Sash|[from] move: Knock Off|[of] p2a: Persian
|move|p1a: Zoroark|Nasty Plot|p1a: Zoroark
|-boost|p1a: Zoroark|spa|2
|
|upkeep
|turn|12
|
|t:|1779717715
|move|p2a: Persian|Knock Off|p1a: Zoroark
|-supereffective|p1a: Zoroark
|-damage|p1a: Zoroark|0 fnt
|faint|p1a: Zoroark
|
|upkeep
|
|t:|1779717717
|switch|p1a: Krookodile|Krookodile, M|100/100
|-ability|p1a: Krookodile|Intimidate|boost
|-unboost|p2a: Persian|atk|1
|turn|13
|
|t:|1779717723
|-terastallize|p1a: Krookodile|Bug
|move|p2a: Persian|U-turn|p1a: Krookodile
|-damage|p1a: Krookodile|93/100
|
|t:|1779717735
|switch|p2a: Dragonite|Dragonite, M|100/100|[from] U-turn
|move|p1a: Krookodile|Bulk Up|p1a: Krookodile
|-boost|p1a: Krookodile|atk|1
|-boost|p1a: Krookodile|def|1
|
|-heal|p1a: Krookodile|99/100|[from] item: Leftovers
|upkeep
|turn|14
|
|t:|1779717746
|move|p2a: Dragonite|Dragon Dance|p2a: Dragonite
|-boost|p2a: Dragonite|atk|1
|-boost|p2a: Dragonite|spe|1
|move|p1a: Krookodile|Foul Play|p2a: Dragonite
|-damage|p2a: Dragonite|52/100
|
|-heal|p1a: Krookodile|100/100|[from] item: Leftovers
|upkeep
|turn|15
|
|t:|1779717755
|move|p2a: Dragonite|Fire Punch|p1a: Krookodile
|-supereffective|p1a: Krookodile
|-damage|p1a: Krookodile|39/100
|move|p1a: Krookodile|Foul Play|p2a: Dragonite
|-damage|p2a: Dragonite|0 fnt
|faint|p2a: Dragonite
|
|-heal|p1a: Krookodile|45/100|[from] item: Leftovers
|upkeep
|
|t:|1779717767
|switch|p2a: Persian|Persian, M|100/100
|turn|16
|
|t:|1779717773
|move|p2a: Persian|Fake Out|p1a: Krookodile
|-damage|p1a: Krookodile|34/100
|cant|p1a: Krookodile|flinch
|
|-heal|p1a: Krookodile|40/100|[from] item: Leftovers
|upkeep
|turn|17
|
|t:|1779717780
|move|p2a: Persian|Thunder Wave|p1a: Krookodile
|-status|p1a: Krookodile|par
|move|p1a: Krookodile|Foul Play|p2a: Persian
|-damage|p2a: Persian|63/100
|
|-heal|p1a: Krookodile|46/100 par|[from] item: Leftovers
|upkeep
|turn|18
|
|t:|1779717787
|switch|p1a: Yanmega|Yanmega, F|4/100 brn
|move|p2a: Persian|Knock Off|p1a: Yanmega
|-damage|p1a: Yanmega|0 fnt
|-enditem|p1a: Yanmega|Heavy-Duty Boots|[from] move: Knock Off|[of] p2a: Persian
|faint|p1a: Yanmega
|
|upkeep
|
|t:|1779717789
|switch|p1a: Garchomp|Garchomp, M, shiny|100/100
|turn|19
|
|t:|1779717797
|move|p2a: Persian|Knock Off|p1a: Garchomp
|-damage|p1a: Garchomp|83/100
|-damage|p2a: Persian|51/100|[from] ability: Rough Skin|[of] p1a: Garchomp
|-enditem|p1a: Garchomp|Heavy-Duty Boots|[from] move: Knock Off|[of] p2a: Persian
|move|p1a: Garchomp|Iron Head|p2a: Persian
|-damage|p2a: Persian|7/100
|
|upkeep
|turn|20
|
|t:|1779717805
|move|p2a: Persian|U-turn|p1a: Garchomp
|-damage|p1a: Garchomp|71/100
|-damage|p2a: Persian|0 fnt|[from] ability: Rough Skin|[of] p1a: Garchomp
|faint|p2a: Persian
|move|p1a: Garchomp|Swords Dance|p1a: Garchomp
|-boost|p1a: Garchomp|atk|2
|
|upkeep
|
|t:|1779717813
|switch|p2a: Gholdengo|Gholdengo|100/100
|turn|21
|
|t:|1779717820
|move|p1a: Garchomp|Liquidation|p2a: Gholdengo
|-damage|p2a: Gholdengo|57/100
|move|p2a: Gholdengo|Shadow Ball|p1a: Garchomp
|-damage|p1a: Garchomp|28/100
|-unboost|p1a: Garchomp|spd|1
|
|-heal|p2a: Gholdengo|63/100|[from] item: Leftovers
|upkeep
|turn|22
|
|t:|1779717834
|move|p1a: Garchomp|Liquidation|p2a: Gholdengo
|-damage|p2a: Gholdengo|19/100
|-unboost|p2a: Gholdengo|def|1
|move|p2a: Gholdengo|Shadow Ball|p1a: Garchomp
|-damage|p1a: Garchomp|0 fnt
|faint|p1a: Garchomp
|
|-heal|p2a: Gholdengo|25/100|[from] item: Leftovers
|upkeep
|
|t:|1779717837
|switch|p1a: Corviknight|Corviknight, M|82/100
|turn|23
|
|t:|1779717854
|move|p2a: Gholdengo|Recover|p2a: Gholdengo
|-heal|p2a: Gholdengo|75/100
|move|p1a: Corviknight|Roost|p1a: Corviknight
|-heal|p1a: Corviknight|100/100
|-singleturn|p1a: Corviknight|move: Roost
|
|-heal|p2a: Gholdengo|81/100|[from] item: Leftovers
|upkeep
|turn|24
|
|t:|1779717864
|move|p2a: Gholdengo|Shadow Ball|p1a: Corviknight
|-damage|p1a: Corviknight|69/100
|move|p1a: Corviknight|Brave Bird|p2a: Gholdengo
|-resisted|p2a: Gholdengo
|-damage|p2a: Gholdengo|61/100
|-damage|p1a: Corviknight|62/100|[from] Recoil
|
|-heal|p2a: Gholdengo|67/100|[from] item: Leftovers
|upkeep
|turn|25
|-message|Yukinoshitafan1234 forfeited.
|
|win|nightcoore
|raw|Yukinoshitafan1234's rating: 1138 &rarr; <strong>1113</strong><br />(-25 for losing)
|raw|nightcoore's rating: 1133 &rarr; <strong>1158</strong><br />(+25 for winning)
|l|☆Yukinoshitafan1234
|player|p1|
|l|☆nightcoore
|player|p2|
