|j|☆tuanquewang
|j|‽Come on mon
|t:|1779598737
|gametype|singles
|player|p1|tuanquewang|backersf|1705
|player|p2|Come on mon|rocketgrunt|1720
|gen|9
|tier|[Gen 9] OU
|rated|
|rule|HP Percentage Mod: HP is shown in percentages
|rule|Endless Battle Clause: Forcing endless battles is banned
|rule|Species Clause: Limit one of each Pokémon
|rule|OHKO Clause: OHKO moves are banned
|rule|Evasion Items Clause: Evasion items are banned
|rule|Evasion Moves Clause: Evasion moves are banned
|rule|Evasion Abilities Clause: Evasion abilities are banned
|rule|Sleep Moves Clause: Sleep-inducing moves are banned
|clearpoke
|poke|p1|Slowking-Galar, M|
|poke|p1|Hydrapple, F|
|poke|p1|Cinderace, M|
|poke|p1|Iron Crown|
|poke|p1|Alomomola, F|
|poke|p1|Eiscue, M|
|poke|p2|Ninetales-Alola, M|
|poke|p2|Klefki, F|
|poke|p2|Maushold-Four|
|poke|p2|Latias, F|
|poke|p2|Okidogi, M|
|poke|p2|Kyurem|
|teampreview
|inactive|Battle timer is ON: inactive players will automatically lose when time's up. (requested by tuanquewang)
|j| euphoricpoptarts
|
|t:|1779598744
|teamsize|p1|6
|teamsize|p2|6
|start
|switch|p1a: Iron Crown|Iron Crown|100/100
|switch|p2a: Klefki|Klefki, F|100/100
|turn|1
|
|t:|1779598751
|move|p2a: Klefki|Thunder Wave|p1a: Iron Crown|[miss]
|-miss|p2a: Klefki|p1a: Iron Crown
|move|p1a: Iron Crown|Tachyon Cutter|p2a: Klefki
|-damage|p2a: Klefki|70/100
|-damage|p2a: Klefki|37/100
|-hitcount|p2a: Klefki|2
|
|upkeep
|turn|2
|
|t:|1779598768
|move|p2a: Klefki|Light Screen|p2a: Klefki
|-sidestart|p2: Come on mon|move: Light Screen
|move|p1a: Iron Crown|Tachyon Cutter|p2a: Klefki
|-damage|p2a: Klefki|21/100
|-damage|p2a: Klefki|6/100
|-hitcount|p2a: Klefki|2
|
|upkeep
|turn|3
|
|t:|1779598775
|move|p2a: Klefki|Thunder Wave|p1a: Iron Crown
|-status|p1a: Iron Crown|par
|move|p1a: Iron Crown|Tachyon Cutter|p2a: Klefki
|-damage|p2a: Klefki|0 fnt
|faint|p2a: Klefki
|-hitcount|p2: Klefki|1
|
|upkeep
|
|t:|1779598779
|switch|p2a: Maushold|Maushold-Four|100/100
|turn|4
|
|t:|1779598787
|move|p2a: Maushold|Tidy Up|p2a: Maushold
|-boost|p2a: Maushold|atk|1
|-boost|p2a: Maushold|spe|1
|move|p1a: Iron Crown|Tachyon Cutter|p2a: Maushold
|-damage|p2a: Maushold|80/100
|-damage|p2a: Maushold|59/100
|-hitcount|p2a: Maushold|2
|
|upkeep
|turn|5
|
|t:|1779598795
|-terastallize|p1a: Iron Crown|Steel
|move|p2a: Maushold|Bite|p1a: Iron Crown
|-damage|p1a: Iron Crown|64/100 par
|move|p1a: Iron Crown|Tachyon Cutter|p2a: Maushold
|-damage|p2a: Maushold|34/100
|-damage|p2a: Maushold|8/100
|-hitcount|p2a: Maushold|2
|
|upkeep
|turn|6
|
|t:|1779598807
|move|p2a: Maushold|Population Bomb|p1a: Iron Crown
|-resisted|p1a: Iron Crown
|-damage|p1a: Iron Crown|53/100 par
|-resisted|p1a: Iron Crown
|-damage|p1a: Iron Crown|44/100 par
|-resisted|p1a: Iron Crown
|-damage|p1a: Iron Crown|35/100 par
|-resisted|p1a: Iron Crown
|-damage|p1a: Iron Crown|26/100 par
|-resisted|p1a: Iron Crown
|-damage|p1a: Iron Crown|17/100 par
|-resisted|p1a: Iron Crown
|-damage|p1a: Iron Crown|7/100 par
|-resisted|p1a: Iron Crown
|-damage|p1a: Iron Crown|0 fnt
|faint|p1a: Iron Crown
|-end|p1a: Iron Crown|Quark Drive|[silent]
|-hitcount|p1: Iron Crown|7
|
|upkeep
|
|t:|1779598810
|switch|p1a: Alomomola|Alomomola, F|100/100
|turn|7
|
|t:|1779598812
|move|p2a: Maushold|Population Bomb|p1a: Alomomola
|-damage|p1a: Alomomola|91/100
|-damage|p1a: Alomomola|82/100
|-damage|p1a: Alomomola|73/100
|-damage|p1a: Alomomola|62/100
|-damage|p1a: Alomomola|52/100
|-damage|p1a: Alomomola|43/100
|-damage|p1a: Alomomola|34/100
|-damage|p1a: Alomomola|24/100
|-damage|p1a: Alomomola|15/100
|-damage|p1a: Alomomola|6/100
|-hitcount|p1a: Alomomola|10
|move|p1a: Alomomola|Flip Turn|p2a: Maushold
|-damage|p2a: Maushold|0 fnt
|faint|p2a: Maushold
|
|t:|1779598816
|switch|p1a: Eiscue|Eiscue, M|100/100|[from] Flip Turn
|
|upkeep
|
|t:|1779598823
|switch|p2a: Latias|Latias, F|100/100
|turn|8
|
|t:|1779598826
|switch|p1a: Slowking|Slowking-Galar, M|100/100
|move|p2a: Latias|Agility|p2a: Latias
|-boost|p2a: Latias|spe|2
|
|upkeep
|turn|9
|
|t:|1779598831
|move|p2a: Latias|Calm Mind|p2a: Latias
|-boost|p2a: Latias|spa|1
|-boost|p2a: Latias|spd|1
|move|p1a: Slowking|Toxic|p2a: Latias
|-status|p2a: Latias|tox
|
|-damage|p2a: Latias|95/100 tox|[from] psn
|-sideend|p2: Come on mon|move: Light Screen
|upkeep
|turn|10
|
|t:|1779598835
|move|p2a: Latias|Calm Mind|p2a: Latias
|-boost|p2a: Latias|spa|1
|-boost|p2a: Latias|spd|1
|move|p1a: Slowking|Trick|p2a: Latias
|-activate|p1a: Slowking|move: Trick|[of] p2a: Latias
|-item|p2a: Latias|Black Sludge|[from] move: Trick
|-item|p1a: Slowking|Weakness Policy|[from] move: Trick
|
|-damage|p2a: Latias|82/100 tox|[from] item: Black Sludge
|-damage|p2a: Latias|70/100 tox|[from] psn
|upkeep
|turn|11
|
|t:|1779598838
|move|p2a: Latias|Stored Power|p1a: Slowking
|-damage|p1a: Slowking|11/100
|-prepare|p1a: Slowking|Chilly Reception|[premajor]
|move|p1a: Slowking|Chilly Reception|p1a: Slowking
|-weather|Snowscape
|
|t:|1779598839
|switch|p1a: Alomomola|Alomomola, F|39/100|[from] Chilly Reception
|
|-weather|Snowscape|[upkeep]
|-damage|p2a: Latias|58/100 tox|[from] item: Black Sludge
|-heal|p1a: Alomomola|45/100|[from] item: Leftovers
|-damage|p2a: Latias|40/100 tox|[from] psn
|upkeep
|turn|12
|
|t:|1779598842
|move|p1a: Alomomola|Protect|p1a: Alomomola
|-singleturn|p1a: Alomomola|Protect
|move|p2a: Latias|Stored Power|p1a: Alomomola
|-activate|p1a: Alomomola|move: Protect
|
|-weather|Snowscape|[upkeep]
|-damage|p2a: Latias|28/100 tox|[from] item: Black Sludge
|-heal|p1a: Alomomola|51/100|[from] item: Leftovers
|-damage|p2a: Latias|4/100 tox|[from] psn
|upkeep
|turn|13
|
|t:|1779598847
|switch|p1a: Slowking|Slowking-Galar, M|45/100
|move|p2a: Latias|Stored Power|p1a: Slowking
|-damage|p1a: Slowking|0 fnt
|faint|p1a: Slowking
|
|-weather|Snowscape|[upkeep]
|-damage|p2a: Latias|0 fnt|[from] item: Black Sludge
|faint|p2a: Latias
|upkeep
|
|t:|1779598858
|switch|p2a: Ninetales|Ninetales-Alola, M|100/100
|switch|p1a: Eiscue|Eiscue, M|100/100
|turn|14
|
|t:|1779598862
|move|p2a: Ninetales|Aurora Veil|p2a: Ninetales
|-sidestart|p2: Come on mon|move: Aurora Veil
|move|p1a: Eiscue|Iron Head|p2a: Ninetales
|-supereffective|p2a: Ninetales
|-damage|p2a: Ninetales|51/100
|
|-weather|Snowscape|[upkeep]
|upkeep
|turn|15
|
|t:|1779598867
|switch|p1a: Cinderace|Cinderace, M|100/100
|move|p2a: Ninetales|Freeze-Dry|p1a: Cinderace
|-resisted|p1a: Cinderace
|-damage|p1a: Cinderace|85/100
|
|-weather|none
|upkeep
|turn|16
|
|t:|1779598871
|move|p1a: Cinderace|Court Change|p1a: Cinderace
|-start|p1a: Cinderace|typechange|Normal|[from] ability: Libero
|-swapsideconditions
|-activate|p1a: Cinderace|move: Court Change
|move|p2a: Ninetales|Encore|p1a: Cinderace
|-start|p1a: Cinderace|Encore
|
|upkeep
|turn|17
|
|t:|1779598880
|switch|p1a: Eiscue|Eiscue, M|100/100
|switch|p2a: Okidogi|Okidogi, M|100/100
|
|upkeep
|turn|18
|
|t:|1779598885
|switch|p2a: Ninetales|Ninetales-Alola, M|51/100
|-weather|Snowscape|[from] ability: Snow Warning|[of] p2a: Ninetales
|move|p1a: Eiscue|Icicle Crash|p2a: Ninetales
|-resisted|p2a: Ninetales
|-damage|p2a: Ninetales|29/100
|
|-weather|Snowscape|[upkeep]
|upkeep
|turn|19
|
|t:|1779598892
|move|p2a: Ninetales|Aurora Veil|p2a: Ninetales
|-sidestart|p2: Come on mon|move: Aurora Veil
|move|p1a: Eiscue|Icicle Crash|p2a: Ninetales
|-resisted|p2a: Ninetales
|-damage|p2a: Ninetales|19/100
|
|-weather|Snowscape|[upkeep]
|upkeep
|turn|20
|
|t:|1779598897
|switch|p2a: Kyurem|Kyurem, shiny|100/100
|-ability|p2a: Kyurem|Pressure
|switch|p1a: Cinderace|Cinderace, M|85/100
|
|-weather|Snowscape|[upkeep]
|upkeep
|turn|21
|
|t:|1779598901
|move|p1a: Cinderace|High Jump Kick|p2a: Kyurem
|-start|p1a: Cinderace|typechange|Fighting|[from] ability: Libero
|-supereffective|p2a: Kyurem
|-damage|p2a: Kyurem|63/100
|move|p2a: Kyurem|Dragon Dance|p2a: Kyurem
|-boost|p2a: Kyurem|atk|1
|-boost|p2a: Kyurem|spe|1
|
|-weather|Snowscape|[upkeep]
|-heal|p2a: Kyurem|70/100|[from] item: Leftovers
|-sideend|p1: tuanquewang|move: Aurora Veil
|upkeep
|turn|22
|
|t:|1779598912
|switch|p1a: Alomomola|Alomomola, F|85/100
|move|p2a: Kyurem|Icicle Spear|p1a: Alomomola
|-resisted|p1a: Alomomola
|-damage|p1a: Alomomola|81/100
|-resisted|p1a: Alomomola
|-damage|p1a: Alomomola|76/100
|-resisted|p1a: Alomomola
|-damage|p1a: Alomomola|72/100
|-resisted|p1a: Alomomola
|-damage|p1a: Alomomola|68/100
|-resisted|p1a: Alomomola
|-damage|p1a: Alomomola|64/100
|-hitcount|p1a: Alomomola|5
|
|-weather|none
|-heal|p2a: Kyurem|76/100|[from] item: Leftovers
|-heal|p1a: Alomomola|70/100|[from] item: Leftovers
|upkeep
|turn|23
|
|t:|1779598917
|move|p2a: Kyurem|Freeze-Dry|p1a: Alomomola
|-supereffective|p1a: Alomomola
|-crit|p1a: Alomomola
|-damage|p1a: Alomomola|0 fnt
|faint|p1a: Alomomola
|
|-heal|p2a: Kyurem|82/100|[from] item: Leftovers
|upkeep
|
|t:|1779598921
|switch|p1a: Eiscue|Eiscue, M|100/100
|turn|24
|
|t:|1779598926
|move|p2a: Kyurem|Earth Power|p1a: Eiscue
|-damage|p1a: Eiscue|59/100
|move|p1a: Eiscue|Head Smash|p2a: Kyurem
|-supereffective|p2a: Kyurem
|-damage|p2a: Kyurem|22/100
|-damage|p1a: Eiscue|19/100|[from] Recoil
|
|-heal|p2a: Kyurem|28/100|[from] item: Leftovers
|upkeep
|turn|25
|-message|tuanquewang forfeited.
|
|win|Come on mon
|raw|tuanquewang's rating: 1705 &rarr; <strong>1686</strong><br />(-19 for losing)
|raw|Come on mon's rating: 1720 &rarr; <strong>1739</strong><br />(+19 for winning)
|l|☆tuanquewang
|player|p1|
|l| euphoricpoptarts
|l|‽Come on mon
|player|p2|
