|j|☆depecos
|j|☆jekar
|t:|1779620003
|gametype|singles
|player|p1|depecos|266|1420
|player|p2|jekar|2|1430
|gen|9
|tier|[Gen 9] OU
|rated|
|rule|HP Percentage Mod: HP is shown in percentages
|rule|Endless Battle Clause: Forcing endless battles is banned
|rule|Species Clause: Limit one of each Pokémon
|rule|OHKO Clause: OHKO moves are banned
|rule|Evasion Items Clause: Evasion items are banned
|rule|Evasion Moves Clause: Evasion moves are banned
|rule|Evasion Abilities Clause: Evasion abilities are banned
|rule|Sleep Moves Clause: Sleep-inducing moves are banned
|clearpoke
|poke|p1|Salamence, M|
|poke|p1|Ninetales-Alola, F|
|poke|p1|Ursaluna, F|
|poke|p1|Hatterene, F|
|poke|p1|Kingambit, F|
|poke|p1|Ceruledge, M|
|poke|p2|Sandy Shocks|
|poke|p2|Walking Wake|
|poke|p2|Samurott-Hisui, F|
|poke|p2|Iron Valiant|
|poke|p2|Gholdengo|
|poke|p2|Dragonite, F|
|teampreview
|inactive|Battle timer is ON: inactive players will automatically lose when time's up. (requested by jekar)
|inactive|depecos also wants the timer to be on.
|
|t:|1779620006
|teamsize|p1|6
|teamsize|p2|6
|start
|switch|p1a: Ninetales|Ninetales-Alola, F|100/100
|switch|p2a: Samurott|Samurott-Hisui, F|100/100
|-weather|Snowscape|[from] ability: Snow Warning|[of] p1a: Ninetales
|turn|1
|
|t:|1779620008
|move|p1a: Ninetales|Aurora Veil|p1a: Ninetales
|-sidestart|p1: depecos|move: Aurora Veil
|move|p2a: Samurott|Knock Off|p1a: Ninetales
|-resisted|p1a: Ninetales
|-damage|p1a: Ninetales|92/100
|-enditem|p1a: Ninetales|Light Clay|[from] move: Knock Off|[of] p2a: Samurott
|
|-weather|Snowscape|[upkeep]
|upkeep
|turn|2
|
|t:|1779620017
|move|p1a: Ninetales|Freeze-Dry|p2a: Samurott
|-supereffective|p2a: Samurott
|-damage|p2a: Samurott|31/100
|move|p2a: Samurott|Ceaseless Edge|p1a: Ninetales
|-resisted|p1a: Ninetales
|-damage|p1a: Ninetales|83/100
|-sidestart|p1: depecos|Spikes
|
|-weather|Snowscape|[upkeep]
|upkeep
|turn|3
|
|t:|1779620032
|switch|p2a: Gholdengo|Gholdengo|100/100
|-item|p2a: Gholdengo|Air Balloon
|move|p1a: Ninetales|Freeze-Dry|p2a: Gholdengo
|-resisted|p2a: Gholdengo
|-damage|p2a: Gholdengo|90/100
|-enditem|p2a: Gholdengo|Air Balloon
|
|-weather|Snowscape|[upkeep]
|upkeep
|turn|4
|
|t:|1779620040
|switch|p1a: Ursaluna|Ursaluna, F|100/100
|-damage|p1a: Ursaluna|88/100|[from] Spikes
|move|p2a: Gholdengo|Shadow Ball|p1a: Ursaluna
|-immune|p1a: Ursaluna
|
|-weather|Snowscape|[upkeep]
|-status|p1a: Ursaluna|brn|[from] item: Flame Orb
|upkeep
|turn|5
|
|t:|1779620048
|switch|p2a: Samurott|Samurott-Hisui, F|31/100
|move|p1a: Ursaluna|Swords Dance|p1a: Ursaluna
|-boost|p1a: Ursaluna|atk|2
|
|-weather|none
|-damage|p1a: Ursaluna|82/100 brn|[from] brn
|upkeep
|turn|6
|
|t:|1779620052
|move|p2a: Samurott|Aqua Jet|p1a: Ursaluna
|-supereffective|p1a: Ursaluna
|-damage|p1a: Ursaluna|70/100 brn
|move|p1a: Ursaluna|Facade|p2a: Samurott
|-damage|p2a: Samurott|0 fnt
|faint|p2a: Samurott
|
|-damage|p1a: Ursaluna|64/100 brn|[from] brn
|upkeep
|
|t:|1779620066
|switch|p2a: Walking Wake|Walking Wake|100/100
|-enditem|p2a: Walking Wake|Booster Energy
|-activate|p2a: Walking Wake|ability: Protosynthesis|[fromitem]
|-start|p2a: Walking Wake|protosynthesisspa
|turn|7
|
|t:|1779620074
|move|p2a: Walking Wake|Substitute|p2a: Walking Wake
|-start|p2a: Walking Wake|Substitute
|-damage|p2a: Walking Wake|76/100
|move|p1a: Ursaluna|Facade|p2a: Walking Wake
|-end|p2a: Walking Wake|Substitute
|
|-damage|p1a: Ursaluna|58/100 brn|[from] brn
|upkeep
|turn|8
|
|t:|1779620092
|move|p2a: Walking Wake|Substitute|p2a: Walking Wake
|-start|p2a: Walking Wake|Substitute
|-damage|p2a: Walking Wake|51/100
|move|p1a: Ursaluna|Facade|p2a: Walking Wake
|-end|p2a: Walking Wake|Substitute
|
|-damage|p1a: Ursaluna|52/100 brn|[from] brn
|-sideend|p1: depecos|move: Aurora Veil
|upkeep
|turn|9
|
|t:|1779620116
|move|p2a: Walking Wake|Surf|p1a: Ursaluna
|-supereffective|p1a: Ursaluna
|-damage|p1a: Ursaluna|0 fnt
|faint|p1a: Ursaluna
|
|upkeep
|
|t:|1779620122
|switch|p1a: Ninetales|Ninetales-Alola, F|83/100
|-damage|p1a: Ninetales|70/100|[from] Spikes
|-weather|Snowscape|[from] ability: Snow Warning|[of] p1a: Ninetales
|turn|10
|
|t:|1779620124
|move|p1a: Ninetales|Aurora Veil|p1a: Ninetales
|-sidestart|p1: depecos|move: Aurora Veil
|move|p2a: Walking Wake|Substitute|p2a: Walking Wake
|-start|p2a: Walking Wake|Substitute
|-damage|p2a: Walking Wake|26/100
|
|-weather|Snowscape|[upkeep]
|upkeep
|turn|11
|
|t:|1779620144
|move|p1a: Ninetales|Encore|p2a: Walking Wake
|-start|p2a: Walking Wake|Encore
|move|p2a: Walking Wake|Substitute|p2a: Walking Wake
|-fail|p2a: Walking Wake|move: Substitute
|
|-weather|Snowscape|[upkeep]
|upkeep
|turn|12
|
|t:|1779620154
|switch|p1a: Salamence|Salamence, M|100/100
|-end|p2a: Walking Wake|Protosynthesis|[silent]
|switch|p2a: Gholdengo|Gholdengo|90/100
|
|-weather|Snowscape|[upkeep]
|upkeep
|turn|13
|
|t:|1779620162
|move|p1a: Salamence|Dragon Dance|p1a: Salamence
|-boost|p1a: Salamence|atk|1
|-boost|p1a: Salamence|spe|1
|move|p2a: Gholdengo|Nasty Plot|p2a: Gholdengo
|-boost|p2a: Gholdengo|spa|2
|
|-weather|Snowscape|[upkeep]
|upkeep
|turn|14
|
|t:|1779620166
|move|p1a: Salamence|Temper Flare|p2a: Gholdengo
|-supereffective|p2a: Gholdengo
|-damage|p2a: Gholdengo|0 fnt
|faint|p2a: Gholdengo
|-ability|p1a: Salamence|Moxie|boost
|-boost|p1a: Salamence|atk|1
|
|-weather|none
|-sideend|p1: depecos|move: Aurora Veil
|upkeep
|
|t:|1779620171
|switch|p2a: Iron Valiant|Iron Valiant|100/100
|-enditem|p2a: Iron Valiant|Booster Energy
|-activate|p2a: Iron Valiant|ability: Quark Drive|[fromitem]
|-start|p2a: Iron Valiant|quarkdrivespe
|turn|15
|
|t:|1779620177
|-terastallize|p1a: Salamence|Fire
|move|p2a: Iron Valiant|Encore|p1a: Salamence
|-start|p1a: Salamence|Encore
|move|p1a: Salamence|Temper Flare|p2a: Iron Valiant
|-damage|p2a: Iron Valiant|0 fnt
|faint|p2a: Iron Valiant
|-end|p2a: Iron Valiant|Quark Drive|[silent]
|-ability|p1a: Salamence|Moxie|boost
|-boost|p1a: Salamence|atk|1
|
|upkeep
|
|t:|1779620184
|switch|p2a: Dragonite|Dragonite, F|100/100
|turn|16
|
|t:|1779620190
|switch|p1a: Hatterene|Hatterene, F|100/100
|-damage|p1a: Hatterene|88/100|[from] Spikes
|move|p2a: Dragonite|Dragon Dance|p2a: Dragonite
|-boost|p2a: Dragonite|atk|1
|-boost|p2a: Dragonite|spe|1
|
|-heal|p1a: Hatterene|94/100|[from] item: Leftovers
|upkeep
|turn|17
|
|t:|1779620194
|-terastallize|p2a: Dragonite|Normal
|move|p2a: Dragonite|Dragon Dance|p2a: Dragonite
|-boost|p2a: Dragonite|atk|1
|-boost|p2a: Dragonite|spe|1
|move|p1a: Hatterene|Nuzzle|p2a: Dragonite
|-damage|p2a: Dragonite|98/100
|-status|p2a: Dragonite|par
|
|-heal|p1a: Hatterene|99/100|[from] item: Leftovers
|upkeep
|turn|18
|
|t:|1779620199
|move|p2a: Dragonite|Dragon Dance|p2a: Dragonite
|-boost|p2a: Dragonite|atk|1
|-boost|p2a: Dragonite|spe|1
|move|p1a: Hatterene|Psychic Noise|p2a: Dragonite
|-damage|p2a: Dragonite|61/100 par
|-start|p2a: Dragonite|move: Heal Block
|
|-heal|p1a: Hatterene|100/100|[from] item: Leftovers
|upkeep
|turn|19
|
|t:|1779620202
|cant|p2a: Dragonite|par
|move|p1a: Hatterene|Psychic Noise|p2a: Dragonite
|-damage|p2a: Dragonite|24/100 par
|
|-end|p2a: Dragonite|move: Heal Block
|upkeep
|turn|20
|
|t:|1779620204
|move|p2a: Dragonite|Extreme Speed|p1a: Hatterene
|-damage|p1a: Hatterene|7/100
|move|p1a: Hatterene|Psychic Noise|p2a: Dragonite
|-damage|p2a: Dragonite|0 fnt
|faint|p2a: Dragonite
|
|-heal|p1a: Hatterene|13/100|[from] item: Leftovers
|upkeep
|
|t:|1779620208
|switch|p2a: Sandy Shocks|Sandy Shocks|100/100
|-enditem|p2a: Sandy Shocks|Booster Energy
|-activate|p2a: Sandy Shocks|ability: Protosynthesis|[fromitem]
|-start|p2a: Sandy Shocks|protosynthesisspe
|turn|21
|
|t:|1779620218
|move|p2a: Sandy Shocks|Thunderbolt|p1a: Hatterene
|-damage|p1a: Hatterene|0 fnt
|faint|p1a: Hatterene
|
|upkeep
|inactive|depecos has 120 seconds left.
|
|t:|1779620258
|switch|p1a: Ninetales|Ninetales-Alola, F|70/100
|-damage|p1a: Ninetales|58/100|[from] Spikes
|-weather|Snowscape|[from] ability: Snow Warning|[of] p1a: Ninetales
|turn|22
|
|t:|1779620269
|move|p2a: Sandy Shocks|Thunder Wave|p1a: Ninetales
|-status|p1a: Ninetales|par
|move|p1a: Ninetales|Aurora Veil|p1a: Ninetales
|-sidestart|p1: depecos|move: Aurora Veil
|
|-weather|Snowscape|[upkeep]
|upkeep
|turn|23
|
|t:|1779620277
|move|p2a: Sandy Shocks|Stealth Rock|p1a: Ninetales
|-sidestart|p1: depecos|move: Stealth Rock
|cant|p1a: Ninetales|par
|
|-weather|Snowscape|[upkeep]
|upkeep
|turn|24
|
|t:|1779620284
|move|p2a: Sandy Shocks|Earth Power|p1a: Ninetales
|-damage|p1a: Ninetales|37/100 par
|move|p1a: Ninetales|Freeze-Dry|p2a: Sandy Shocks
|-supereffective|p2a: Sandy Shocks
|-damage|p2a: Sandy Shocks|52/100
|
|-weather|Snowscape|[upkeep]
|upkeep
|turn|25
|
|t:|1779620289
|move|p2a: Sandy Shocks|Earth Power|p1a: Ninetales
|-damage|p1a: Ninetales|16/100 par
|cant|p1a: Ninetales|par
|
|-weather|Snowscape|[upkeep]
|upkeep
|turn|26
|
|t:|1779620294
|move|p2a: Sandy Shocks|Earth Power|p1a: Ninetales
|-damage|p1a: Ninetales|0 fnt
|faint|p1a: Ninetales
|
|-weather|none
|-sideend|p1: depecos|move: Aurora Veil
|upkeep
|
|t:|1779620300
|switch|p1a: Ceruledge|Ceruledge, M|100/100
|-damage|p1a: Ceruledge|88/100|[from] Spikes
|-damage|p1a: Ceruledge|63/100|[from] Stealth Rock
|turn|27
|
|t:|1779620303
|move|p1a: Ceruledge|Shadow Sneak|p2a: Sandy Shocks
|-damage|p2a: Sandy Shocks|32/100
|move|p2a: Sandy Shocks|Earth Power|p1a: Ceruledge
|-supereffective|p1a: Ceruledge
|-damage|p1a: Ceruledge|0 fnt
|faint|p1a: Ceruledge
|
|upkeep
|
|t:|1779620307
|switch|p1a: Salamence|Salamence, M, tera:Fire|100/100
|-damage|p1a: Salamence|88/100|[from] Spikes
|-damage|p1a: Salamence|63/100|[from] Stealth Rock
|turn|28
|
|t:|1779620311
|move|p2a: Sandy Shocks|Earth Power|p1a: Salamence
|-supereffective|p1a: Salamence
|-damage|p1a: Salamence|0 fnt
|faint|p1a: Salamence
|
|upkeep
|
|t:|1779620314
|switch|p1a: Kingambit|Kingambit, F|100/100
|-damage|p1a: Kingambit|88/100|[from] Spikes
|-damage|p1a: Kingambit|82/100|[from] Stealth Rock
|-activate|p1a: Kingambit|ability: Supreme Overlord
|-start|p1a: Kingambit|fallen5|[silent]
|turn|29
|
|t:|1779620316
|move|p1a: Kingambit|Sucker Punch||[still]
|-fail|p1a: Kingambit
|move|p2a: Sandy Shocks|Thunder Wave|p1a: Kingambit
|-status|p1a: Kingambit|par
|
|-heal|p1a: Kingambit|88/100 par|[from] item: Leftovers
|upkeep
|turn|30
|
|t:|1779620323
|move|p1a: Kingambit|Sucker Punch|p2a: Sandy Shocks
|-damage|p2a: Sandy Shocks|0 fnt
|faint|p2a: Sandy Shocks
|-end|p2a: Sandy Shocks|Protosynthesis|[silent]
|
|-heal|p1a: Kingambit|94/100 par|[from] item: Leftovers
|upkeep
|
|t:|1779620325
|switch|p2a: Walking Wake|Walking Wake|26/100
|turn|31
|
|t:|1779620329
|move|p2a: Walking Wake|Substitute|p2a: Walking Wake
|-start|p2a: Walking Wake|Substitute
|-damage|p2a: Walking Wake|1/100
|move|p1a: Kingambit|Kowtow Cleave|p2a: Walking Wake
|-end|p2a: Walking Wake|Substitute
|
|-heal|p1a: Kingambit|100/100 par|[from] item: Leftovers
|upkeep
|turn|32
|
|t:|1779620334
|move|p1a: Kingambit|Sucker Punch|p2a: Walking Wake
|-damage|p2a: Walking Wake|0 fnt
|faint|p2a: Walking Wake
|-end|p2a: Walking Wake|Protosynthesis|[silent]
|
|win|depecos
|raw|depecos's rating: 1420 &rarr; <strong>1441</strong><br />(+21 for winning)
|raw|jekar's rating: 1430 &rarr; <strong>1409</strong><br />(-21 for losing)
|l|☆jekar
|player|p2|
|l|☆depecos
|player|p1|
