|j|☆Dodiabla
|j|☆yotsuuba
|t:|1779686132
|gametype|singles
|player|p1|Dodiabla|blue|1294
|player|p2|yotsuuba|clair|1322
|gen|9
|tier|[Gen 9] OU
|rated|
|rule|HP Percentage Mod: HP is shown in percentages
|rule|Endless Battle Clause: Forcing endless battles is banned
|rule|Species Clause: Limit one of each Pokémon
|rule|OHKO Clause: OHKO moves are banned
|rule|Evasion Items Clause: Evasion items are banned
|rule|Evasion Moves Clause: Evasion moves are banned
|rule|Evasion Abilities Clause: Evasion abilities are banned
|rule|Sleep Moves Clause: Sleep-inducing moves are banned
|clearpoke
|poke|p1|Conkeldurr, F|
|poke|p1|Iron Crown|
|poke|p1|Glimmora, M|
|poke|p1|Enamorus, F|
|poke|p1|Clodsire, M|
|poke|p1|Zapdos|
|poke|p2|Crawdaunt, M|
|poke|p2|Pelipper, M|
|poke|p2|Azumarill, M|
|poke|p2|Regieleki|
|poke|p2|Slowking-Galar, F|
|poke|p2|Lokix, M|
|teampreview
|
|t:|1779686146
|teamsize|p1|6
|teamsize|p2|6
|start
|switch|p1a: Glimmora|Glimmora, M|100/100
|switch|p2a: Lokix|Lokix, M|100/100
|turn|1
|
|t:|1779686160
|switch|p2a: Regieleki|Regieleki|100/100
|move|p1a: Glimmora|Stealth Rock|p2a: Regieleki
|-sidestart|p2: yotsuuba|move: Stealth Rock
|
|upkeep
|turn|2
|
|t:|1779686165
|move|p2a: Regieleki|Volt Switch|p1a: Glimmora
|-damage|p1a: Glimmora|39/100
|-damage|p2a: Regieleki|91/100|[from] item: Life Orb
|
|t:|1779686170
|switch|p2a: Pelipper|Pelipper, M|100/100|[from] Volt Switch
|-damage|p2a: Pelipper|75/100|[from] Stealth Rock
|-weather|RainDance|[from] ability: Drizzle|[of] p2a: Pelipper
|move|p1a: Glimmora|Earth Power|p2a: Pelipper
|-immune|p2a: Pelipper
|
|-weather|RainDance|[upkeep]
|upkeep
|turn|3
|
|t:|1779686177
|move|p1a: Glimmora|Mortal Spin|p2a: Pelipper
|-damage|p2a: Pelipper|71/100
|-status|p2a: Pelipper|psn
|move|p2a: Pelipper|Surf|p1a: Glimmora
|-supereffective|p1a: Glimmora
|-damage|p1a: Glimmora|0 fnt
|faint|p1a: Glimmora
|
|-weather|RainDance|[upkeep]
|-damage|p2a: Pelipper|58/100 psn|[from] psn
|upkeep
|
|t:|1779686185
|switch|p1a: Iron Crown|Iron Crown|100/100
|-enditem|p1a: Iron Crown|Booster Energy
|-activate|p1a: Iron Crown|ability: Quark Drive|[fromitem]
|-start|p1a: Iron Crown|quarkdrivespa
|turn|4
|
|t:|1779686191
|move|p1a: Iron Crown|Volt Switch|p2a: Pelipper
|-supereffective|p2a: Pelipper
|-damage|p2a: Pelipper|0 fnt
|faint|p2a: Pelipper
|
|t:|1779686196
|-end|p1a: Iron Crown|Quark Drive|[silent]
|switch|p1a: Enamorus|Enamorus, F|100/100|[from] Volt Switch
|
|-weather|RainDance|[upkeep]
|upkeep
|
|t:|1779686204
|switch|p2a: Slowking|Slowking-Galar, F|100/100
|-damage|p2a: Slowking|88/100|[from] Stealth Rock
|turn|5
|
|t:|1779686207
|move|p1a: Enamorus|Earth Power|p2a: Slowking
|-supereffective|p2a: Slowking
|-damage|p2a: Slowking|43/100
|-unboost|p2a: Slowking|spd|1
|move|p2a: Slowking|Thunder Wave|p1a: Enamorus
|-status|p1a: Enamorus|par
|
|-weather|RainDance|[upkeep]
|upkeep
|turn|6
|
|t:|1779686218
|switch|p2a: Azumarill|Azumarill, M|100/100
|-damage|p2a: Azumarill|88/100|[from] Stealth Rock
|move|p1a: Enamorus|Earth Power|p2a: Azumarill
|-damage|p2a: Azumarill|45/100
|
|-weather|RainDance|[upkeep]
|-heal|p2a: Azumarill|51/100|[from] item: Leftovers
|upkeep
|turn|7
|
|t:|1779686226
|switch|p1a: Clodsire|Clodsire, M|100/100
|move|p2a: Azumarill|Liquidation|p1a: Clodsire
|-immune|p1a: Clodsire|[from] ability: Water Absorb
|
|-weather|RainDance|[upkeep]
|-heal|p2a: Azumarill|57/100|[from] item: Leftovers
|upkeep
|turn|8
|
|t:|1779686229
|move|p2a: Azumarill|Knock Off|p1a: Clodsire
|-damage|p1a: Clodsire|52/100
|-damage|p2a: Azumarill|41/100|[from] item: Rocky Helmet|[of] p1a: Clodsire
|-enditem|p1a: Clodsire|Rocky Helmet|[from] move: Knock Off|[of] p2a: Azumarill
|move|p1a: Clodsire|Earthquake|p2a: Azumarill
|-damage|p2a: Azumarill|11/100
|
|-weather|RainDance|[upkeep]
|-heal|p2a: Azumarill|17/100|[from] item: Leftovers
|upkeep
|turn|9
|
|t:|1779686245
|move|p2a: Azumarill|Knock Off|p1a: Clodsire
|-damage|p1a: Clodsire|20/100
|move|p1a: Clodsire|Recover|p1a: Clodsire
|-heal|p1a: Clodsire|70/100
|
|-weather|none
|-heal|p2a: Azumarill|23/100|[from] item: Leftovers
|upkeep
|turn|10
|
|t:|1779686263
|move|p2a: Azumarill|Knock Off|p1a: Clodsire
|-damage|p1a: Clodsire|38/100
|move|p1a: Clodsire|Earthquake|p2a: Azumarill
|-damage|p2a: Azumarill|0 fnt
|faint|p2a: Azumarill
|
|upkeep
|
|t:|1779686269
|switch|p2a: Lokix|Lokix, M|100/100
|-damage|p2a: Lokix|76/100|[from] Stealth Rock
|turn|11
|
|t:|1779686284
|move|p2a: Lokix|U-turn|p1a: Clodsire
|-resisted|p1a: Clodsire
|-damage|p1a: Clodsire|0 fnt
|faint|p1a: Clodsire
|
|t:|1779686293
|switch|p2a: Slowking|Slowking-Galar, F|76/100|[from] U-turn
|-damage|p2a: Slowking|64/100|[from] Stealth Rock
|
|upkeep
|
|t:|1779686298
|switch|p1a: Iron Crown|Iron Crown|100/100
|turn|12
|
|t:|1779686301
|move|p1a: Iron Crown|Psyshock|p2a: Slowking
|-damage|p2a: Slowking|23/100
|move|p2a: Slowking|Thunder Wave|p1a: Iron Crown
|-status|p1a: Iron Crown|par
|
|upkeep
|turn|13
|
|t:|1779686314
|switch|p2a: Lokix|Lokix, M|76/100
|-damage|p2a: Lokix|51/100|[from] Stealth Rock
|cant|p1a: Iron Crown|par
|
|upkeep
|turn|14
|
|t:|1779686323
|move|p2a: Lokix|Knock Off|p1a: Iron Crown
|-supereffective|p1a: Iron Crown
|-damage|p1a: Iron Crown|3/100 par
|cant|p1a: Iron Crown|par
|
|upkeep
|turn|15
|
|t:|1779686328
|move|p2a: Lokix|Knock Off|p1a: Iron Crown
|-supereffective|p1a: Iron Crown
|-damage|p1a: Iron Crown|0 fnt
|faint|p1a: Iron Crown
|-end|p1a: Iron Crown|Quark Drive|[silent]
|
|upkeep
|
|t:|1779686330
|switch|p1a: Zapdos|Zapdos|100/100
|turn|16
|
|t:|1779686336
|switch|p2a: Slowking|Slowking-Galar, F|57/100
|-damage|p2a: Slowking|44/100|[from] Stealth Rock
|move|p1a: Zapdos|Hurricane|p2a: Slowking|[miss]
|-miss|p1a: Zapdos|p2a: Slowking
|
|upkeep
|turn|17
|
|t:|1779686342
|move|p1a: Zapdos|Hurricane|p2a: Slowking
|-damage|p2a: Slowking|11/100
|-prepare|p2a: Slowking|Chilly Reception|[premajor]
|move|p2a: Slowking|Chilly Reception|p2a: Slowking
|-weather|Snowscape
|
|t:|1779686353
|switch|p2a: Lokix|Lokix, M|51/100|[from] Chilly Reception
|-damage|p2a: Lokix|26/100|[from] Stealth Rock
|
|-weather|Snowscape|[upkeep]
|upkeep
|turn|18
|
|t:|1779686360
|move|p2a: Lokix|First Impression|p1a: Zapdos
|-resisted|p1a: Zapdos
|-damage|p1a: Zapdos|38/100
|-status|p2a: Lokix|par|[from] ability: Static|[of] p1a: Zapdos
|move|p1a: Zapdos|Heat Wave|p2a: Lokix
|-supereffective|p2a: Lokix
|-damage|p2a: Lokix|0 fnt
|faint|p2a: Lokix
|
|-weather|Snowscape|[upkeep]
|upkeep
|
|t:|1779686370
|switch|p2a: Regieleki|Regieleki|91/100
|-damage|p2a: Regieleki|78/100|[from] Stealth Rock
|turn|19
|
|t:|1779686386
|move|p2a: Regieleki|Volt Switch|p1a: Zapdos
|-damage|p1a: Zapdos|0 fnt
|faint|p1a: Zapdos
|-damage|p2a: Regieleki|68/100|[from] item: Life Orb
|
|t:|1779686393
|switch|p2a: Slowking|Slowking-Galar, F|44/100|[from] Volt Switch
|-damage|p2a: Slowking|32/100|[from] Stealth Rock
|
|-weather|Snowscape|[upkeep]
|upkeep
|
|t:|1779686396
|switch|p1a: Conkeldurr|Conkeldurr, F|100/100
|turn|20
|
|t:|1779686400
|move|p1a: Conkeldurr|High Horsepower|p2a: Slowking
|-supereffective|p2a: Slowking
|-damage|p2a: Slowking|0 fnt
|-damage|p1a: Conkeldurr|84/100|[from] item: Rocky Helmet|[of] p2a: Slowking
|faint|p2a: Slowking
|-damage|p1a: Conkeldurr|74/100|[from] item: Life Orb
|
|-weather|Snowscape|[upkeep]
|upkeep
|
|t:|1779686404
|switch|p2a: Crawdaunt|Crawdaunt, M|100/100
|-damage|p2a: Crawdaunt|88/100|[from] Stealth Rock
|turn|21
|
|t:|1779686410
|-terastallize|p2a: Crawdaunt|Water
|move|p1a: Conkeldurr|Mach Punch|p2a: Crawdaunt
|-damage|p2a: Crawdaunt|30/100
|-damage|p1a: Conkeldurr|64/100|[from] item: Life Orb
|move|p2a: Crawdaunt|Crabhammer|p1a: Conkeldurr|[miss]
|-miss|p2a: Crawdaunt|p1a: Conkeldurr
|
|-weather|none
|upkeep
|turn|22
|
|t:|1779686417
|switch|p2a: Regieleki|Regieleki|68/100
|-damage|p2a: Regieleki|56/100|[from] Stealth Rock
|move|p1a: Conkeldurr|Mach Punch|p2a: Regieleki
|-damage|p2a: Regieleki|0 fnt
|faint|p2a: Regieleki
|-damage|p1a: Conkeldurr|54/100|[from] item: Life Orb
|
|upkeep
|
|t:|1779686422
|switch|p2a: Crawdaunt|Crawdaunt, M, tera:Water|30/100
|-damage|p2a: Crawdaunt|17/100|[from] Stealth Rock
|turn|23
|
|t:|1779686425
|move|p2a: Crawdaunt|Aqua Jet|p1a: Conkeldurr
|-damage|p1a: Conkeldurr|13/100
|move|p1a: Conkeldurr|Mach Punch|p2a: Crawdaunt
|-damage|p2a: Crawdaunt|0 fnt
|faint|p2a: Crawdaunt
|-damage|p1a: Conkeldurr|3/100|[from] item: Life Orb
|
|win|Dodiabla
|raw|Dodiabla's rating: 1294 &rarr; <strong>1321</strong><br />(+27 for winning)
|raw|yotsuuba's rating: 1322 &rarr; <strong>1300</strong><br />(-22 for losing)
|l|☆yotsuuba
|player|p2|
|l|☆Dodiabla
|player|p1|
