|j|☆WonderGuardWill
|j|☆bug fan5762
|t:|1779563755
|gametype|singles
|player|p1|WonderGuardWill|dancer|1616
|player|p2|bug fan5762|byron|1687
|gen|9
|tier|[Gen 9] OU
|rated|
|rule|HP Percentage Mod: HP is shown in percentages
|rule|Endless Battle Clause: Forcing endless battles is banned
|rule|Species Clause: Limit one of each Pokémon
|rule|OHKO Clause: OHKO moves are banned
|rule|Evasion Items Clause: Evasion items are banned
|rule|Evasion Moves Clause: Evasion moves are banned
|rule|Evasion Abilities Clause: Evasion abilities are banned
|rule|Sleep Moves Clause: Sleep-inducing moves are banned
|clearpoke
|poke|p1|Darkrai|
|poke|p1|Garganacl, M|
|poke|p1|Espeon, F|
|poke|p1|Clodsire, M|
|poke|p1|Heatran, F|
|poke|p1|Gholdengo|
|poke|p2|Yanmega, F|
|poke|p2|Garchomp, M|
|poke|p2|Ogerpon-Wellspring, F|
|poke|p2|Alomomola, M|
|poke|p2|Regieleki|
|poke|p2|Hatterene, F|
|teampreview
|
|t:|1779563767
|teamsize|p1|6
|teamsize|p2|6
|start
|switch|p1a: Gholdengo|Gholdengo|100/100
|switch|p2a: Yanmega|Yanmega, F, shiny|100/100
|turn|1
|inactive|Battle timer is ON: inactive players will automatically lose when time's up. (requested by WonderGuardWill)
|
|t:|1779563772
|switch|p2a: Alomomola|Alomomola, M|100/100
|move|p1a: Gholdengo|Trick|p2a: Alomomola
|-activate|p1a: Gholdengo|move: Trick|[of] p2a: Alomomola
|-item|p2a: Alomomola|Choice Scarf|[from] move: Trick
|-item|p1a: Gholdengo|Heavy-Duty Boots|[from] move: Trick
|
|upkeep
|turn|2
|
|t:|1779563778
|move|p1a: Gholdengo|Shadow Ball|p2a: Alomomola
|-damage|p2a: Alomomola|49/100
|move|p2a: Alomomola|Flip Turn|p1a: Gholdengo
|-damage|p1a: Gholdengo|83/100
|
|t:|1779563781
|switch|p2a: Garchomp|Garchomp, M|100/100|[from] Flip Turn
|
|upkeep
|turn|3
|
|t:|1779563785
|switch|p1a: Espeon|Espeon, F|100/100
|move|p2a: Garchomp|Earthquake|p1a: Espeon
|-damage|p1a: Espeon|13/100
|
|upkeep
|turn|4
|
|t:|1779563790
|move|p1a: Espeon|Trick|p2a: Garchomp
|-activate|p1a: Espeon|move: Trick|[of] p2a: Garchomp
|-item|p2a: Garchomp|Choice Scarf|[from] move: Trick
|-item|p1a: Espeon|Rocky Helmet|[from] move: Trick
|move|p2a: Garchomp|Earthquake|p1a: Espeon
|-damage|p1a: Espeon|0 fnt
|faint|p1a: Espeon
|
|upkeep
|
|t:|1779563794
|switch|p1a: Heatran|Heatran, F|100/100
|-item|p1a: Heatran|Air Balloon
|turn|5
|
|t:|1779563799
|switch|p2a: Ogerpon|Ogerpon-Wellspring, F|100/100
|move|p1a: Heatran|Flash Cannon|p2a: Ogerpon
|-resisted|p2a: Ogerpon
|-damage|p2a: Ogerpon|74/100
|
|upkeep
|turn|6
|
|t:|1779563803
|switch|p1a: Clodsire|Clodsire, M|100/100
|move|p2a: Ogerpon|U-turn|p1a: Clodsire
|-resisted|p1a: Clodsire
|-damage|p1a: Clodsire|84/100
|
|t:|1779563808
|switch|p2a: Yanmega|Yanmega, F, shiny|100/100|[from] U-turn
|
|-heal|p1a: Clodsire|91/100|[from] item: Leftovers
|upkeep
|turn|7
|
|t:|1779563810
|move|p2a: Yanmega|Psychic Noise|p1a: Clodsire
|-supereffective|p1a: Clodsire
|-damage|p1a: Clodsire|50/100
|-start|p1a: Clodsire|move: Heal Block
|move|p1a: Clodsire|Toxic Spikes|p2a: Yanmega
|-sidestart|p2: bug fan5762|move: Toxic Spikes
|
|upkeep
|turn|8
|
|t:|1779563813
|switch|p1a: Darkrai|Darkrai|100/100
|move|p2a: Yanmega|Psychic Noise|p1a: Darkrai
|-immune|p1a: Darkrai
|
|upkeep
|turn|9
|
|t:|1779563820
|switch|p2a: Alomomola|Alomomola, M|82/100
|-status|p2a: Alomomola|psn
|move|p1a: Darkrai|Sludge Bomb|p2a: Alomomola
|-damage|p2a: Alomomola|46/100 psn
|
|-damage|p2a: Alomomola|34/100 psn|[from] psn
|upkeep
|turn|10
|
|t:|1779563825
|switch|p1a: Clodsire|Clodsire, M|50/100
|move|p2a: Alomomola|Flip Turn|p1a: Clodsire
|-heal|p1a: Clodsire|75/100|[from] ability: Water Absorb|[of] p2a: Alomomola
|
|-heal|p1a: Clodsire|81/100|[from] item: Leftovers
|-damage|p2a: Alomomola|22/100 psn|[from] psn
|upkeep
|turn|11
|
|t:|1779563831
|switch|p2a: Yanmega|Yanmega, F, shiny|100/100
|switch|p1a: Darkrai|Darkrai|100/100
|
|upkeep
|turn|12
|
|t:|1779563834
|-terastallize|p2a: Yanmega|Bug
|move|p1a: Darkrai|Sludge Bomb|p2a: Yanmega
|-damage|p2a: Yanmega|37/100
|move|p2a: Yanmega|Bug Buzz|p1a: Darkrai
|-supereffective|p1a: Darkrai
|-damage|p1a: Darkrai|0 fnt
|faint|p1a: Darkrai
|
|upkeep
|
|t:|1779563836
|switch|p1a: Gholdengo|Gholdengo|83/100
|turn|13
|
|t:|1779563843
|switch|p2a: Alomomola|Alomomola, M|55/100 psn
|move|p1a: Gholdengo|Shadow Ball|p2a: Alomomola
|-damage|p2a: Alomomola|6/100 psn
|
|-damage|p2a: Alomomola|0 fnt|[from] psn
|faint|p2a: Alomomola
|upkeep
|
|t:|1779563847
|switch|p2a: Regieleki|Regieleki|100/100
|turn|14
|
|t:|1779563849
|switch|p1a: Clodsire|Clodsire, M|81/100
|move|p2a: Regieleki|Substitute|p2a: Regieleki
|-start|p2a: Regieleki|Substitute
|-damage|p2a: Regieleki|76/100
|
|-heal|p1a: Clodsire|87/100|[from] item: Leftovers
|upkeep
|turn|15
|
|t:|1779563851
|move|p2a: Regieleki|Rapid Spin|p1a: Clodsire
|-damage|p1a: Clodsire|75/100
|-boost|p2a: Regieleki|spe|1
|-sideend|p2: bug fan5762|Toxic Spikes|[from] move: Rapid Spin|[of] p2a: Regieleki
|move|p1a: Clodsire|Earthquake|p2a: Regieleki
|-supereffective|p2a: Regieleki
|-end|p2a: Regieleki|Substitute
|
|-heal|p1a: Clodsire|81/100|[from] item: Leftovers
|upkeep
|turn|16
|
|t:|1779563854
|switch|p2a: Hatterene|Hatterene, F|100/100
|move|p1a: Clodsire|Earthquake|p2a: Hatterene
|-damage|p2a: Hatterene|77/100
|
|-heal|p2a: Hatterene|83/100|[from] item: Leftovers
|-heal|p1a: Clodsire|87/100|[from] item: Leftovers
|upkeep
|turn|17
|
|t:|1779563861
|switch|p1a: Heatran|Heatran, F|100/100
|-item|p1a: Heatran|Air Balloon
|move|p2a: Hatterene|Psychic Noise|p1a: Heatran
|-resisted|p1a: Heatran
|-damage|p1a: Heatran|86/100
|-start|p1a: Heatran|move: Heal Block
|-enditem|p1a: Heatran|Air Balloon
|
|-heal|p2a: Hatterene|89/100|[from] item: Leftovers
|upkeep
|turn|18
|
|t:|1779563864
|switch|p2a: Ogerpon|Ogerpon-Wellspring, F|74/100
|move|p1a: Heatran|Flash Cannon|p2a: Ogerpon
|-resisted|p2a: Ogerpon
|-damage|p2a: Ogerpon|45/100
|-unboost|p2a: Ogerpon|spd|1
|
|-end|p1a: Heatran|move: Heal Block
|upkeep
|turn|19
|
|t:|1779563868
|move|p2a: Ogerpon|Knock Off|p1a: Heatran
|-damage|p1a: Heatran|66/100
|move|p1a: Heatran|Stealth Rock|p2a: Ogerpon
|-sidestart|p2: bug fan5762|move: Stealth Rock
|
|upkeep
|turn|20
|
|t:|1779563872
|switch|p1a: Clodsire|Clodsire, M|87/100
|move|p2a: Ogerpon|U-turn|p1a: Clodsire
|-resisted|p1a: Clodsire
|-damage|p1a: Clodsire|72/100
|
|t:|1779563876
|switch|p2a: Garchomp|Garchomp, M|100/100|[from] U-turn
|-damage|p2a: Garchomp|94/100|[from] Stealth Rock
|
|-heal|p1a: Clodsire|79/100|[from] item: Leftovers
|upkeep
|turn|21
|
|t:|1779563888
|switch|p1a: Garganacl|Garganacl, M|100/100
|move|p2a: Garchomp|Earthquake|p1a: Garganacl
|-supereffective|p1a: Garganacl
|-damage|p1a: Garganacl|52/100
|
|-heal|p1a: Garganacl|59/100|[from] item: Leftovers
|upkeep
|turn|22
|
|t:|1779563899
|switch|p2a: Ogerpon|Ogerpon-Wellspring, F|45/100
|-damage|p2a: Ogerpon|33/100|[from] Stealth Rock
|-terastallize|p1a: Garganacl|Flying
|move|p1a: Garganacl|Salt Cure|p2a: Ogerpon
|-damage|p2a: Ogerpon|13/100
|-start|p2a: Ogerpon|Salt Cure
|
|-heal|p1a: Garganacl|65/100|[from] item: Leftovers
|-damage|p2a: Ogerpon|0 fnt|[from] Salt Cure
|faint|p2a: Ogerpon
|upkeep
|
|t:|1779563903
|switch|p2a: Hatterene|Hatterene, F|89/100
|-damage|p2a: Hatterene|77/100|[from] Stealth Rock
|turn|23
|
|t:|1779563905
|switch|p1a: Gholdengo|Gholdengo|83/100
|move|p2a: Hatterene|Psychic Noise|p1a: Gholdengo
|-resisted|p1a: Gholdengo
|-damage|p1a: Gholdengo|63/100
|-start|p1a: Gholdengo|move: Heal Block
|
|-heal|p2a: Hatterene|83/100|[from] item: Leftovers
|upkeep
|turn|24
|
|t:|1779563908
|switch|p2a: Garchomp|Garchomp, M|94/100
|-damage|p2a: Garchomp|88/100|[from] Stealth Rock
|move|p1a: Gholdengo|Make It Rain|p2a: Garchomp
|-damage|p2a: Garchomp|48/100
|-unboost|p1a: Gholdengo|spa|1
|
|-end|p1a: Gholdengo|move: Heal Block
|upkeep
|turn|25
|
|t:|1779563913
|move|p2a: Garchomp|Stealth Rock|p1a: Gholdengo
|-sidestart|p1: WonderGuardWill|move: Stealth Rock
|move|p1a: Gholdengo|Dazzling Gleam|p2a: Garchomp
|-supereffective|p2a: Garchomp
|-damage|p2a: Garchomp|20/100
|
|upkeep
|turn|26
|
|t:|1779563923
|move|p2a: Garchomp|Stealth Rock||[still]
|-fail|p2a: Garchomp
|move|p1a: Gholdengo|Shadow Ball|p2a: Garchomp
|-damage|p2a: Garchomp|2/100
|
|upkeep
|turn|27
|
|t:|1779563934
|switch|p1a: Garganacl|Garganacl, M, tera:Flying|65/100
|-damage|p1a: Garganacl|40/100|[from] Stealth Rock
|move|p2a: Garchomp|Stealth Rock||[still]
|-fail|p2a: Garchomp
|
|-heal|p1a: Garganacl|46/100|[from] item: Leftovers
|upkeep
|turn|28
|
|t:|1779563936
|switch|p2a: Regieleki|Regieleki|76/100
|move|p1a: Garganacl|Recover|p1a: Garganacl
|-heal|p1a: Garganacl|96/100
|
|-heal|p1a: Garganacl|100/100|[from] item: Leftovers
|upkeep
|turn|29
|
|t:|1779563938
|switch|p1a: Clodsire|Clodsire, M|79/100
|-damage|p1a: Clodsire|72/100|[from] Stealth Rock
|move|p2a: Regieleki|Rapid Spin|p1a: Clodsire
|-damage|p1a: Clodsire|60/100
|-boost|p2a: Regieleki|spe|1
|-sideend|p2: bug fan5762|Stealth Rock|[from] move: Rapid Spin|[of] p2a: Regieleki
|
|-heal|p1a: Clodsire|66/100|[from] item: Leftovers
|upkeep
|turn|30
|
|t:|1779563944
|switch|p2a: Yanmega|Yanmega, F, shiny, tera:Bug|37/100
|move|p1a: Clodsire|Earthquake|p2a: Yanmega
|-resisted|p2a: Yanmega
|-damage|p2a: Yanmega|22/100
|
|-heal|p1a: Clodsire|72/100|[from] item: Leftovers
|upkeep
|turn|31
|
|t:|1779563951
|move|p2a: Yanmega|Psychic Noise|p1a: Clodsire
|-supereffective|p1a: Clodsire
|-damage|p1a: Clodsire|30/100
|-start|p1a: Clodsire|move: Heal Block
|move|p1a: Clodsire|Earthquake|p2a: Yanmega
|-resisted|p2a: Yanmega
|-damage|p2a: Yanmega|5/100
|
|upkeep
|turn|32
|
|t:|1779563953
|switch|p1a: Gholdengo|Gholdengo|63/100
|move|p2a: Yanmega|Psychic Noise|p1a: Gholdengo
|-resisted|p1a: Gholdengo
|-damage|p1a: Gholdengo|21/100
|-start|p1a: Gholdengo|move: Heal Block
|
|upkeep
|turn|33
|
|t:|1779563958
|move|p2a: Yanmega|Psychic Noise|p1a: Gholdengo
|-resisted|p1a: Gholdengo
|-damage|p1a: Gholdengo|0 fnt
|faint|p1a: Gholdengo
|
|upkeep
|
|t:|1779563960
|switch|p1a: Heatran|Heatran, F|66/100
|-damage|p1a: Heatran|53/100|[from] Stealth Rock
|turn|34
|
|t:|1779563970
|switch|p2a: Garchomp|Garchomp, M|2/100
|move|p1a: Heatran|Stealth Rock|p2a: Garchomp
|-sidestart|p2: bug fan5762|move: Stealth Rock
|
|upkeep
|turn|35
|
|t:|1779563973
|switch|p1a: Garganacl|Garganacl, M, tera:Flying|100/100
|-damage|p1a: Garganacl|75/100|[from] Stealth Rock
|move|p2a: Garchomp|Dragon Tail|p1a: Garganacl
|-damage|p1a: Garganacl|63/100
|drag|p1a: Clodsire|Clodsire, M|30/100
|-damage|p1a: Clodsire|24/100|[from] Stealth Rock
|
|-heal|p1a: Clodsire|30/100|[from] item: Leftovers
|upkeep
|turn|36
|
|t:|1779563979
|switch|p2a: Regieleki|Regieleki|76/100
|move|p1a: Clodsire|Recover|p1a: Clodsire
|-heal|p1a: Clodsire|80/100
|
|-heal|p1a: Clodsire|86/100|[from] item: Leftovers
|upkeep
|turn|37
|
|t:|1779563983
|move|p2a: Regieleki|Rapid Spin|p1a: Clodsire
|-damage|p1a: Clodsire|75/100
|-boost|p2a: Regieleki|spe|1
|-sideend|p2: bug fan5762|Stealth Rock|[from] move: Rapid Spin|[of] p2a: Regieleki
|move|p1a: Clodsire|Toxic|p2a: Regieleki
|-status|p2a: Regieleki|tox
|
|-heal|p1a: Clodsire|81/100|[from] item: Leftovers
|-damage|p2a: Regieleki|70/100 tox|[from] psn
|upkeep
|turn|38
|
|t:|1779563986
|switch|p2a: Hatterene|Hatterene, F|83/100
|move|p1a: Clodsire|Toxic Spikes|p2a: Hatterene
|move|p2a: Hatterene|Toxic Spikes|p1a: Clodsire|[from] ability: Magic Bounce
|-sidestart|p1: WonderGuardWill|move: Toxic Spikes
|
|-heal|p2a: Hatterene|89/100|[from] item: Leftovers
|-heal|p1a: Clodsire|87/100|[from] item: Leftovers
|upkeep
|turn|39
|
|t:|1779563991
|switch|p1a: Heatran|Heatran, F|53/100
|-damage|p1a: Heatran|41/100|[from] Stealth Rock
|move|p2a: Hatterene|Psychic Noise|p1a: Heatran
|-resisted|p1a: Heatran
|-damage|p1a: Heatran|27/100
|-start|p1a: Heatran|move: Heal Block
|
|-heal|p2a: Hatterene|95/100|[from] item: Leftovers
|upkeep
|turn|40
|
|t:|1779563999
|move|p1a: Heatran|Flash Cannon|p2a: Hatterene
|-supereffective|p2a: Hatterene
|-damage|p2a: Hatterene|2/100
|move|p2a: Hatterene|Nuzzle|p1a: Heatran
|-damage|p1a: Heatran|24/100
|-status|p1a: Heatran|par
|
|-heal|p2a: Hatterene|8/100|[from] item: Leftovers
|-end|p1a: Heatran|move: Heal Block
|upkeep
|turn|41
|
|t:|1779564006
|move|p2a: Hatterene|Psychic Noise|p1a: Heatran
|-resisted|p1a: Heatran
|-damage|p1a: Heatran|11/100 par
|-start|p1a: Heatran|move: Heal Block
|move|p1a: Heatran|Stealth Rock|p2a: Hatterene
|move|p2a: Hatterene|Stealth Rock||[from] ability: Magic Bounce|[still]
|-fail|p2a: Hatterene
|
|-heal|p2a: Hatterene|14/100|[from] item: Leftovers
|upkeep
|turn|42
|
|t:|1779564008
|move|p2a: Hatterene|Psychic Noise|p1a: Heatran
|-resisted|p1a: Heatran
|-damage|p1a: Heatran|0 fnt
|faint|p1a: Heatran
|
|-heal|p2a: Hatterene|20/100|[from] item: Leftovers
|upkeep
|
|t:|1779564010
|switch|p1a: Clodsire|Clodsire, M|87/100
|-damage|p1a: Clodsire|81/100|[from] Stealth Rock
|-sideend|p1: WonderGuardWill|move: Toxic Spikes|[of] p1a: Clodsire
|turn|43
|
|t:|1779564013
|move|p2a: Hatterene|Psychic Noise|p1a: Clodsire
|-supereffective|p1a: Clodsire
|-damage|p1a: Clodsire|46/100
|-start|p1a: Clodsire|move: Heal Block
|move|p1a: Clodsire|Earthquake|p2a: Hatterene
|-damage|p2a: Hatterene|0 fnt
|faint|p2a: Hatterene
|
|upkeep
|
|t:|1779564014
|switch|p2a: Yanmega|Yanmega, F, shiny, tera:Bug|5/100
|turn|44
|
|t:|1779564016
|move|p2a: Yanmega|Bug Buzz|p1a: Clodsire
|-resisted|p1a: Clodsire
|-damage|p1a: Clodsire|1/100
|move|p1a: Clodsire|Toxic|p2a: Yanmega
|-status|p2a: Yanmega|tox
|
|-damage|p2a: Yanmega|0 fnt|[from] psn
|faint|p2a: Yanmega
|-end|p1a: Clodsire|move: Heal Block
|upkeep
|
|t:|1779564024
|switch|p2a: Regieleki|Regieleki|70/100 tox
|turn|45
|
|t:|1779564026
|move|p2a: Regieleki|Swift|p1a: Clodsire
|-damage|p1a: Clodsire|0 fnt
|faint|p1a: Clodsire
|
|-damage|p2a: Regieleki|64/100 tox|[from] psn
|upkeep
|
|t:|1779564029
|switch|p1a: Garganacl|Garganacl, M, tera:Flying|63/100
|-damage|p1a: Garganacl|38/100|[from] Stealth Rock
|turn|46
|
|t:|1779564030
|move|p2a: Regieleki|Thunderbolt|p1a: Garganacl
|-supereffective|p1a: Garganacl
|-damage|p1a: Garganacl|0 fnt
|faint|p1a: Garganacl
|
|win|bug fan5762
|raw|WonderGuardWill's rating: 1616 &rarr; <strong>1600</strong><br />(-16 for losing)
|raw|bug fan5762's rating: 1687 &rarr; <strong>1703</strong><br />(+16 for winning)
|l|☆WonderGuardWill
|player|p1|
|l|☆bug fan5762
|player|p2|
