|j|☆sawquarete
|j|☆SWAGGER_W2F
|t:|1779606506
|gametype|singles
|player|p1|sawquarete|policeman-gen4|1549
|player|p2|SWAGGER_W2F|2|1578
|gen|9
|tier|[Gen 9] OU
|rated|
|rule|HP Percentage Mod: HP is shown in percentages
|rule|Endless Battle Clause: Forcing endless battles is banned
|rule|Species Clause: Limit one of each Pokémon
|rule|OHKO Clause: OHKO moves are banned
|rule|Evasion Items Clause: Evasion items are banned
|rule|Evasion Moves Clause: Evasion moves are banned
|rule|Evasion Abilities Clause: Evasion abilities are banned
|rule|Sleep Moves Clause: Sleep-inducing moves are banned
|clearpoke
|poke|p1|Rillaboom, M|
|poke|p1|Pecharunt|
|poke|p1|Ogerpon, F|
|poke|p1|Raging Bolt|
|poke|p1|Iron Treads|
|poke|p1|Hatterene, F|
|poke|p2|Ceruledge, F|
|poke|p2|Scizor, F|
|poke|p2|Raging Bolt|
|poke|p2|Primarina, F|
|poke|p2|Mandibuzz, F|
|poke|p2|Great Tusk|
|teampreview
|
|t:|1779606518
|teamsize|p1|6
|teamsize|p2|6
|start
|switch|p1a: Pecharunt|Pecharunt|100/100
|switch|p2a: Mandibuzz|Mandibuzz, F|100/100
|turn|1
|
|t:|1779606525
|switch|p2a: Scizor|Scizor, F|100/100
|move|p1a: Pecharunt|Parting Shot|p2a: Scizor
|-unboost|p2a: Scizor|atk|1
|-unboost|p2a: Scizor|spa|1
|
|t:|1779606552
|switch|p1a: Rillaboom|Rillaboom, M|100/100|[from] Parting Shot
|-fieldstart|move: Grassy Terrain|[from] ability: Grassy Surge|[of] p1a: Rillaboom
|
|upkeep
|turn|2
|
|t:|1779606558
|move|p1a: Rillaboom|Knock Off|p2a: Scizor
|-damage|p2a: Scizor|60/100
|-enditem|p2a: Scizor|Choice Band|[from] move: Knock Off|[of] p1a: Rillaboom
|move|p2a: Scizor|U-turn|p1a: Rillaboom
|-supereffective|p1a: Rillaboom
|-damage|p1a: Rillaboom|47/100
|
|t:|1779606575
|switch|p2a: Mandibuzz|Mandibuzz, F|100/100|[from] U-turn
|
|-heal|p1a: Rillaboom|53/100|[from] Grassy Terrain
|upkeep
|turn|3
|
|t:|1779606581
|switch|p1a: Ogerpon|Ogerpon, F|100/100
|move|p2a: Mandibuzz|Foul Play|p1a: Ogerpon
|-crit|p1a: Ogerpon
|-damage|p1a: Ogerpon|13/100
|
|-heal|p1a: Ogerpon|19/100|[from] Grassy Terrain
|upkeep
|turn|4
|
|t:|1779606591
|move|p1a: Ogerpon|U-turn|p2a: Mandibuzz
|-crit|p2a: Mandibuzz
|-damage|p2a: Mandibuzz|70/100
|
|t:|1779606594
|switch|p1a: Pecharunt|Pecharunt|100/100|[from] U-turn
|move|p2a: Mandibuzz|Foul Play|p1a: Pecharunt
|-supereffective|p1a: Pecharunt
|-damage|p1a: Pecharunt|81/100
|
|-heal|p1a: Pecharunt|87/100|[from] Grassy Terrain
|upkeep
|turn|5
|
|t:|1779606604
|switch|p2a: Scizor|Scizor, F|60/100
|move|p1a: Pecharunt|Toxic|p2a: Scizor
|-immune|p2a: Scizor
|
|-heal|p1a: Pecharunt|93/100|[from] Grassy Terrain
|-heal|p2a: Scizor|66/100|[from] Grassy Terrain
|upkeep
|turn|6
|
|t:|1779606613
|move|p1a: Pecharunt|Parting Shot|p2a: Scizor
|-unboost|p2a: Scizor|atk|1
|-unboost|p2a: Scizor|spa|1
|
|t:|1779606618
|switch|p1a: Iron Treads|Iron Treads|100/100|[from] Parting Shot
|move|p2a: Scizor|Knock Off|p1a: Iron Treads
|-damage|p1a: Iron Treads|77/100
|-enditem|p1a: Iron Treads|Leftovers|[from] move: Knock Off|[of] p2a: Scizor
|
|-heal|p1a: Iron Treads|83/100|[from] Grassy Terrain
|-heal|p2a: Scizor|72/100|[from] Grassy Terrain
|upkeep
|turn|7
|
|t:|1779606635
|move|p1a: Iron Treads|Stealth Rock|p2a: Scizor
|-sidestart|p2: SWAGGER_W2F|move: Stealth Rock
|move|p2a: Scizor|U-turn|p1a: Iron Treads
|-resisted|p1a: Iron Treads
|-damage|p1a: Iron Treads|71/100
|
|t:|1779606641
|switch|p2a: Mandibuzz|Mandibuzz, F|70/100|[from] U-turn
|
|-heal|p1a: Iron Treads|77/100|[from] Grassy Terrain
|upkeep
|turn|8
|
|t:|1779606647
|move|p1a: Iron Treads|Knock Off|p2a: Mandibuzz
|-resisted|p2a: Mandibuzz
|-damage|p2a: Mandibuzz|62/100
|-enditem|p2a: Mandibuzz|Heavy-Duty Boots|[from] move: Knock Off|[of] p1a: Iron Treads
|move|p2a: Mandibuzz|Defog|p1a: Iron Treads
|-unboost|p1a: Iron Treads|evasion|1
|-sideend|p2: SWAGGER_W2F|Stealth Rock|[from] move: Defog|[of] p2a: Mandibuzz
|-fieldend|move: Grassy Terrain
|
|upkeep
|turn|9
|
|t:|1779606655
|move|p1a: Iron Treads|Stealth Rock|p2a: Mandibuzz
|-sidestart|p2: SWAGGER_W2F|move: Stealth Rock
|move|p2a: Mandibuzz|Foul Play|p1a: Iron Treads
|-damage|p1a: Iron Treads|36/100
|
|upkeep
|turn|10
|
|t:|1779606662
|-end|p1a: Iron Treads|Quark Drive|[silent]
|switch|p1a: Raging Bolt|Raging Bolt|100/100
|-enditem|p1a: Raging Bolt|Booster Energy
|-activate|p1a: Raging Bolt|ability: Protosynthesis|[fromitem]
|-start|p1a: Raging Bolt|protosynthesisspa
|move|p2a: Mandibuzz|Defog|p1a: Raging Bolt
|-unboost|p1a: Raging Bolt|evasion|1
|-sideend|p2: SWAGGER_W2F|Stealth Rock|[from] move: Defog|[of] p2a: Mandibuzz
|
|upkeep
|turn|11
|
|t:|1779606676
|switch|p2a: Ceruledge|Ceruledge, F|100/100
|move|p1a: Raging Bolt|Calm Mind|p1a: Raging Bolt
|-boost|p1a: Raging Bolt|spa|1
|-boost|p1a: Raging Bolt|spd|1
|
|upkeep
|turn|12
|
|t:|1779606683
|move|p1a: Raging Bolt|Thunderbolt|p2a: Ceruledge
|-damage|p2a: Ceruledge|35/100
|move|p2a: Ceruledge|Bitter Blade|p1a: Raging Bolt
|-resisted|p1a: Raging Bolt
|-damage|p1a: Raging Bolt|78/100
|-heal|p2a: Ceruledge|48/100|[from] drain|[of] p1a: Raging Bolt
|
|upkeep
|turn|13
|
|t:|1779606691
|move|p2a: Ceruledge|Shadow Sneak|p1a: Raging Bolt
|-damage|p1a: Raging Bolt|55/100
|move|p1a: Raging Bolt|Thunderbolt|p2a: Ceruledge
|-damage|p2a: Ceruledge|0 fnt
|faint|p2a: Ceruledge
|
|upkeep
|
|t:|1779606699
|switch|p2a: Great Tusk|Great Tusk|100/100
|turn|14
|
|t:|1779606704
|-end|p1a: Raging Bolt|Protosynthesis|[silent]
|switch|p1a: Rillaboom|Rillaboom, M|53/100
|-fieldstart|move: Grassy Terrain|[from] ability: Grassy Surge|[of] p1a: Rillaboom
|move|p2a: Great Tusk|Headlong Rush|p1a: Rillaboom
|-resisted|p1a: Rillaboom
|-damage|p1a: Rillaboom|24/100
|-unboost|p2a: Great Tusk|def|1
|-unboost|p2a: Great Tusk|spd|1
|
|-heal|p1a: Rillaboom|30/100|[from] Grassy Terrain
|upkeep
|turn|15
|
|t:|1779606718
|-end|p2a: Great Tusk|Protosynthesis|[silent]
|switch|p2a: Mandibuzz|Mandibuzz, F|62/100
|move|p1a: Rillaboom|U-turn|p2a: Mandibuzz
|-damage|p2a: Mandibuzz|48/100
|
|t:|1779606721
|switch|p1a: Raging Bolt|Raging Bolt|55/100|[from] U-turn
|
|-heal|p1a: Raging Bolt|62/100|[from] Grassy Terrain
|upkeep
|turn|16
|
|t:|1779606729
|move|p1a: Raging Bolt|Dragon Pulse|p2a: Mandibuzz
|-damage|p2a: Mandibuzz|6/100
|move|p2a: Mandibuzz|U-turn|p1a: Raging Bolt
|-damage|p1a: Raging Bolt|51/100
|
|t:|1779606736
|switch|p2a: Great Tusk|Great Tusk|100/100|[from] U-turn
|
|-heal|p1a: Raging Bolt|57/100|[from] Grassy Terrain
|upkeep
|turn|17
|
|t:|1779606743
|-end|p1a: Raging Bolt|Protosynthesis|[silent]
|switch|p1a: Iron Treads|Iron Treads|36/100
|move|p2a: Great Tusk|Headlong Rush|p1a: Iron Treads
|-supereffective|p1a: Iron Treads
|-damage|p1a: Iron Treads|0 fnt
|-unboost|p2a: Great Tusk|def|1
|-unboost|p2a: Great Tusk|spd|1
|faint|p1a: Iron Treads
|-end|p1a: Iron Treads|Quark Drive|[silent]
|
|upkeep
|
|t:|1779606749
|switch|p1a: Ogerpon|Ogerpon, F|19/100
|turn|18
|
|t:|1779606756
|move|p2a: Great Tusk|Headlong Rush|p1a: Ogerpon
|-resisted|p1a: Ogerpon
|-damage|p1a: Ogerpon|0 fnt
|-unboost|p2a: Great Tusk|def|1
|-unboost|p2a: Great Tusk|spd|1
|faint|p1a: Ogerpon
|
|upkeep
|
|t:|1779606764
|switch|p1a: Hatterene|Hatterene, F, shiny|100/100
|-enditem|p1a: Hatterene|Grassy Seed
|-boost|p1a: Hatterene|def|1|[from] item: Grassy Seed
|turn|19
|
|t:|1779606771
|-end|p2a: Great Tusk|Protosynthesis|[silent]
|switch|p2a: Scizor|Scizor, F|72/100
|move|p1a: Hatterene|Calm Mind|p1a: Hatterene
|-boost|p1a: Hatterene|spa|1
|-boost|p1a: Hatterene|spd|1
|
|-heal|p2a: Scizor|78/100|[from] Grassy Terrain
|upkeep
|turn|20
|
|t:|1779606780
|-terastallize|p2a: Scizor|Steel
|move|p2a: Scizor|Bullet Punch|p1a: Hatterene
|-supereffective|p1a: Hatterene
|-damage|p1a: Hatterene|44/100
|move|p1a: Hatterene|Mystical Fire|p2a: Scizor
|-supereffective|p2a: Scizor
|-damage|p2a: Scizor|0 fnt
|faint|p2a: Scizor
|
|-heal|p1a: Hatterene|50/100|[from] Grassy Terrain
|upkeep
|
|t:|1779606794
|switch|p2a: Raging Bolt|Raging Bolt|100/100
|turn|21
|
|t:|1779606799
|move|p2a: Raging Bolt|Volt Switch|p1a: Hatterene
|-damage|p1a: Hatterene|10/100
|
|t:|1779606802
|-end|p2a: Raging Bolt|Protosynthesis|[silent]
|switch|p2a: Mandibuzz|Mandibuzz, F|6/100|[from] Volt Switch
|move|p1a: Hatterene|Draining Kiss|p2a: Mandibuzz
|-supereffective|p2a: Mandibuzz
|-damage|p2a: Mandibuzz|0 fnt
|-heal|p1a: Hatterene|15/100|[from] drain|[of] p2a: Mandibuzz
|faint|p2a: Mandibuzz
|
|-heal|p1a: Hatterene|21/100|[from] Grassy Terrain
|-fieldend|move: Grassy Terrain
|upkeep
|
|t:|1779606814
|switch|p2a: Raging Bolt|Raging Bolt|100/100
|turn|22
|
|t:|1779606822
|move|p2a: Raging Bolt|Volt Switch|p1a: Hatterene
|-damage|p1a: Hatterene|0 fnt
|faint|p1a: Hatterene
|
|t:|1779606828
|-end|p2a: Raging Bolt|Protosynthesis|[silent]
|switch|p2a: Great Tusk|Great Tusk|100/100|[from] Volt Switch
|
|upkeep
|
|t:|1779606838
|switch|p1a: Pecharunt|Pecharunt|93/100
|turn|23
|
|t:|1779606846
|move|p2a: Great Tusk|Headlong Rush|p1a: Pecharunt
|-supereffective|p1a: Pecharunt
|-damage|p1a: Pecharunt|29/100
|-unboost|p2a: Great Tusk|def|1
|-unboost|p2a: Great Tusk|spd|1
|move|p1a: Pecharunt|Toxic|p2a: Great Tusk
|-status|p2a: Great Tusk|tox
|-start|p2a: Great Tusk|confusion|[from] ability: Poison Puppeteer|[of] p1a: Pecharunt
|
|-damage|p2a: Great Tusk|94/100 tox|[from] psn
|upkeep
|turn|24
|
|t:|1779606858
|-end|p2a: Great Tusk|Protosynthesis|[silent]
|switch|p2a: Raging Bolt|Raging Bolt|100/100
|move|p1a: Pecharunt|Recover|p1a: Pecharunt
|-heal|p1a: Pecharunt|79/100
|
|upkeep
|turn|25
|
|t:|1779606870
|switch|p1a: Rillaboom|Rillaboom, M|30/100
|-fieldstart|move: Grassy Terrain|[from] ability: Grassy Surge|[of] p1a: Rillaboom
|move|p2a: Raging Bolt|Draco Meteor|p1a: Rillaboom
|-damage|p1a: Rillaboom|0 fnt
|-unboost|p2a: Raging Bolt|spa|2
|faint|p1a: Rillaboom
|
|upkeep
|
|t:|1779606873
|switch|p1a: Raging Bolt|Raging Bolt|57/100
|turn|26
|
|t:|1779606883
|-end|p2a: Raging Bolt|Protosynthesis|[silent]
|switch|p2a: Primarina|Primarina, F|100/100
|-terastallize|p1a: Raging Bolt|Fairy
|move|p1a: Raging Bolt|Dragon Pulse|p2a: Primarina
|-immune|p2a: Primarina
|
|-heal|p1a: Raging Bolt|63/100|[from] Grassy Terrain
|upkeep
|turn|27
|
|t:|1779606893
|move|p1a: Raging Bolt|Calm Mind|p1a: Raging Bolt
|-boost|p1a: Raging Bolt|spa|1
|-boost|p1a: Raging Bolt|spd|1
|move|p2a: Primarina|Psychic Noise|p1a: Raging Bolt
|-damage|p1a: Raging Bolt|45/100
|-start|p1a: Raging Bolt|move: Heal Block
|
|upkeep
|turn|28
|
|t:|1779606902
|move|p1a: Raging Bolt|Thunderbolt|p2a: Primarina
|-supereffective|p2a: Primarina
|-damage|p2a: Primarina|0 fnt
|faint|p2a: Primarina
|
|-end|p1a: Raging Bolt|move: Heal Block
|upkeep
|
|t:|1779606909
|switch|p2a: Great Tusk|Great Tusk|94/100 tox
|turn|29
|
|t:|1779606914
|move|p2a: Great Tusk|Headlong Rush|p1a: Raging Bolt
|-damage|p1a: Raging Bolt|0 fnt
|-unboost|p2a: Great Tusk|def|1
|-unboost|p2a: Great Tusk|spd|1
|faint|p1a: Raging Bolt
|-end|p1a: Raging Bolt|Protosynthesis|[silent]
|
|-heal|p2a: Great Tusk|100/100 tox|[from] Grassy Terrain
|-damage|p2a: Great Tusk|94/100 tox|[from] psn
|upkeep
|
|t:|1779606916
|switch|p1a: Pecharunt|Pecharunt|79/100
|turn|30
|
|t:|1779606926
|move|p2a: Great Tusk|Headlong Rush|p1a: Pecharunt
|-supereffective|p1a: Pecharunt
|-damage|p1a: Pecharunt|15/100
|-unboost|p2a: Great Tusk|def|1
|-unboost|p2a: Great Tusk|spd|1
|move|p1a: Pecharunt|Recover|p1a: Pecharunt
|-heal|p1a: Pecharunt|65/100
|
|-heal|p2a: Great Tusk|100/100 tox|[from] Grassy Terrain
|-heal|p1a: Pecharunt|71/100|[from] Grassy Terrain
|-damage|p2a: Great Tusk|88/100 tox|[from] psn
|upkeep
|turn|31
|
|t:|1779606937
|move|p2a: Great Tusk|Headlong Rush|p1a: Pecharunt
|-supereffective|p1a: Pecharunt
|-damage|p1a: Pecharunt|6/100
|-unboost|p2a: Great Tusk|def|1
|-unboost|p2a: Great Tusk|spd|1
|move|p1a: Pecharunt|Recover|p1a: Pecharunt
|-heal|p1a: Pecharunt|56/100
|
|-heal|p2a: Great Tusk|94/100 tox|[from] Grassy Terrain
|-heal|p1a: Pecharunt|62/100|[from] Grassy Terrain
|-damage|p2a: Great Tusk|76/100 tox|[from] psn
|upkeep
|turn|32
|
|t:|1779606949
|move|p2a: Great Tusk|Headlong Rush|p1a: Pecharunt
|-supereffective|p1a: Pecharunt
|-damage|p1a: Pecharunt|8/100
|-unboost|p2a: Great Tusk|def|1
|-unboost|p2a: Great Tusk|spd|1
|move|p1a: Pecharunt|Shadow Ball|p2a: Great Tusk
|-crit|p2a: Great Tusk
|-damage|p2a: Great Tusk|0 fnt
|faint|p2a: Great Tusk
|-end|p2a: Great Tusk|Protosynthesis|[silent]
|
|-heal|p1a: Pecharunt|14/100|[from] Grassy Terrain
|-fieldend|move: Grassy Terrain
|upkeep
|-message|sawquarete forfeited.
|
|win|SWAGGER_W2F
|raw|sawquarete's rating: 1549 &rarr; <strong>1531</strong><br />(-18 for losing)
|raw|SWAGGER_W2F's rating: 1578 &rarr; <strong>1596</strong><br />(+18 for winning)
|l|☆sawquarete
|player|p1|
|l|☆SWAGGER_W2F
|player|p2|
