|j|☆mansonabuluting
|j|☆ihymyly
|t:|1779632976
|gametype|singles
|player|p1|mansonabuluting|2|1705
|player|p2|ihymyly|102|1708
|gen|9
|tier|[Gen 9] OU
|rated|
|rule|HP Percentage Mod: HP is shown in percentages
|rule|Endless Battle Clause: Forcing endless battles is banned
|rule|Species Clause: Limit one of each Pokémon
|rule|OHKO Clause: OHKO moves are banned
|rule|Evasion Items Clause: Evasion items are banned
|rule|Evasion Moves Clause: Evasion moves are banned
|rule|Evasion Abilities Clause: Evasion abilities are banned
|rule|Sleep Moves Clause: Sleep-inducing moves are banned
|clearpoke
|poke|p1|Volcanion|
|poke|p1|Rillaboom, F|
|poke|p1|Hawlucha, F|
|poke|p1|Thundurus-Therian, M|
|poke|p1|Goodra-Hisui, F|
|poke|p1|Great Tusk|
|poke|p2|Darkrai|
|poke|p2|Weavile, M|
|poke|p2|Samurott-Hisui, M|
|poke|p2|Great Tusk|
|poke|p2|Dragapult, F|
|poke|p2|Tinkaton, F|
|teampreview
|
|t:|1779632984
|teamsize|p1|6
|teamsize|p2|6
|start
|switch|p1a: Volcanion|Volcanion|100/100
|switch|p2a: Tinkaton|Tinkaton, F|100/100
|-item|p2a: Tinkaton|Air Balloon
|turn|1
|
|t:|1779632989
|move|p2a: Tinkaton|Stealth Rock|p1a: Volcanion
|-sidestart|p1: mansonabuluting|move: Stealth Rock
|move|p1a: Volcanion|Steam Eruption|p2a: Tinkaton
|-damage|p2a: Tinkaton|17/100
|-status|p2a: Tinkaton|brn
|-enditem|p2a: Tinkaton|Air Balloon
|
|-damage|p2a: Tinkaton|11/100 brn|[from] brn
|upkeep
|turn|2
|
|t:|1779632998
|move|p2a: Tinkaton|Thunder Wave|p1a: Volcanion
|-status|p1a: Volcanion|par
|move|p1a: Volcanion|Steam Eruption|p2a: Tinkaton|[miss]
|-miss|p1a: Volcanion|p2a: Tinkaton
|
|-damage|p2a: Tinkaton|5/100 brn|[from] brn
|upkeep
|turn|3
|
|t:|1779633003
|move|p2a: Tinkaton|Gigaton Hammer|p1a: Volcanion
|-resisted|p1a: Volcanion
|-damage|p1a: Volcanion|97/100 par
|move|p1a: Volcanion|Steam Eruption|p2a: Tinkaton
|-damage|p2a: Tinkaton|0 fnt
|faint|p2a: Tinkaton
|
|upkeep
|
|t:|1779633014
|switch|p2a: Dragapult|Dragapult, F|100/100
|turn|4
|
|t:|1779633037
|switch|p2a: Samurott|Samurott-Hisui, M|100/100
|switch|p1a: Goodra|Goodra-Hisui, F|100/100
|-damage|p1a: Goodra|94/100|[from] Stealth Rock
|
|upkeep
|turn|5
|
|t:|1779633045
|switch|p1a: Rillaboom|Rillaboom, F|100/100
|-damage|p1a: Rillaboom|88/100|[from] Stealth Rock
|-fieldstart|move: Grassy Terrain|[from] ability: Grassy Surge|[of] p1a: Rillaboom
|move|p2a: Samurott|Knock Off|p1a: Rillaboom
|-damage|p1a: Rillaboom|50/100
|-enditem|p1a: Rillaboom|Choice Band|[from] move: Knock Off|[of] p2a: Samurott
|
|-heal|p1a: Rillaboom|56/100|[from] Grassy Terrain
|upkeep
|turn|6
|l|☆mansonabuluting
|player|p1|
|j|☆mansonabuluting
|player|p1|mansonabuluting|2|
|inactive|Battle timer is ON: inactive players will automatically lose when time's up. (requested by ihymyly)
|
|t:|1779633113
|move|p2a: Samurott|Razor Shell|p1a: Rillaboom
|-resisted|p1a: Rillaboom
|-damage|p1a: Rillaboom|34/100
|-unboost|p1a: Rillaboom|def|1
|move|p1a: Rillaboom|Wood Hammer|p2a: Samurott
|-supereffective|p2a: Samurott
|-damage|p2a: Samurott|0 fnt
|faint|p2a: Samurott
|-damage|p1a: Rillaboom|2/100|[from] Recoil
|
|-heal|p1a: Rillaboom|9/100|[from] Grassy Terrain
|upkeep
|
|t:|1779633124
|switch|p2a: Mr. -ice Guy|Weavile, M|100/100
|-ability|p2a: Mr. -ice Guy|Pressure
|turn|7
|
|t:|1779633130
|switch|p1a: Volcanion|Volcanion|97/100 par
|-damage|p1a: Volcanion|72/100 par|[from] Stealth Rock
|move|p2a: Mr. -ice Guy|Ice Shard|p1a: Volcanion
|-resisted|p1a: Volcanion
|-damage|p1a: Volcanion|68/100 par
|
|-heal|p1a: Volcanion|74/100 par|[from] Grassy Terrain
|upkeep
|turn|8
|
|t:|1779633138
|switch|p2a: Dragapult|Dragapult, F|100/100
|move|p1a: Volcanion|Steam Eruption|p2a: Dragapult
|-resisted|p2a: Dragapult
|-damage|p2a: Dragapult|39/100
|
|-heal|p2a: Dragapult|45/100|[from] Grassy Terrain
|-heal|p1a: Volcanion|80/100 par|[from] Grassy Terrain
|upkeep
|turn|9
|
|t:|1779633152
|move|p2a: Dragapult|Draco Meteor|p1a: Volcanion
|-damage|p1a: Volcanion|0 fnt
|-unboost|p2a: Dragapult|spa|2
|faint|p1a: Volcanion
|
|-heal|p2a: Dragapult|51/100|[from] Grassy Terrain
|-fieldend|move: Grassy Terrain
|upkeep
|
|t:|1779633155
|switch|p1a: Goodra|Goodra-Hisui, F|94/100
|-damage|p1a: Goodra|88/100|[from] Stealth Rock
|turn|10
|
|t:|1779633162
|switch|p2a: Primal Schnoz|Great Tusk|100/100
|move|p1a: Goodra|Flash Cannon|p2a: Primal Schnoz
|-damage|p2a: Primal Schnoz|46/100
|
|upkeep
|turn|11
|
|t:|1779633172
|switch|p1a: Great Tusk|Great Tusk|100/100
|-damage|p1a: Great Tusk|97/100|[from] Stealth Rock
|move|p2a: Primal Schnoz|Ice Spinner|p1a: Great Tusk
|-supereffective|p1a: Great Tusk
|-damage|p1a: Great Tusk|75/100
|-damage|p2a: Primal Schnoz|29/100|[from] item: Rocky Helmet|[of] p1a: Great Tusk
|
|upkeep
|turn|12
|
|t:|1779633177
|-end|p2a: Primal Schnoz|Protosynthesis|[silent]
|switch|p2a: Dragapult|Dragapult, F|51/100
|move|p1a: Great Tusk|Ice Spinner|p2a: Dragapult
|-supereffective|p2a: Dragapult
|-damage|p2a: Dragapult|0 fnt
|faint|p2a: Dragapult
|
|upkeep
|
|t:|1779633185
|switch|p2a: almost*evil*jordan|Darkrai, shiny|100/100
|turn|13
|
|t:|1779633198
|-end|p1a: Great Tusk|Protosynthesis|[silent]
|switch|p1a: Goodra|Goodra-Hisui, F|88/100
|-damage|p1a: Goodra|82/100|[from] Stealth Rock
|move|p2a: almost*evil*jordan|Ice Beam|p1a: Goodra
|-damage|p1a: Goodra|70/100
|
|upkeep
|turn|14
|
|t:|1779633209
|move|p2a: almost*evil*jordan|Nasty Plot|p2a: almost*evil*jordan
|-boost|p2a: almost*evil*jordan|spa|2
|move|p1a: Goodra|Flash Cannon|p2a: almost*evil*jordan
|-damage|p2a: almost*evil*jordan|46/100
|
|-heal|p2a: almost*evil*jordan|52/100|[from] item: Leftovers
|upkeep
|turn|15
|
|t:|1779633215
|move|p2a: almost*evil*jordan|Dark Pulse|p1a: Goodra
|-damage|p1a: Goodra|37/100
|move|p1a: Goodra|Flash Cannon|p2a: almost*evil*jordan
|-damage|p2a: almost*evil*jordan|0 fnt
|faint|p2a: almost*evil*jordan
|
|upkeep
|
|t:|1779633222
|switch|p2a: Mr. -ice Guy|Weavile, M|100/100
|-ability|p2a: Mr. -ice Guy|Pressure
|turn|16
|
|t:|1779633232
|move|p2a: Mr. -ice Guy|Swords Dance|p2a: Mr. -ice Guy
|-boost|p2a: Mr. -ice Guy|atk|2
|move|p1a: Goodra|Flash Cannon|p2a: Mr. -ice Guy
|-supereffective|p2a: Mr. -ice Guy
|-damage|p2a: Mr. -ice Guy|0 fnt
|faint|p2a: Mr. -ice Guy
|
|upkeep
|-message|ihymyly forfeited.
|
|win|mansonabuluting
|raw|mansonabuluting's rating: 1705 &rarr; <strong>1725</strong><br />(+20 for winning)
|raw|ihymyly's rating: 1708 &rarr; <strong>1688</strong><br />(-20 for losing)
|l|☆ihymyly
|player|p2|
|l|☆mansonabuluting
|player|p1|
