|j|☆maximilk
|j|☆Dreisu
|t:|1779556165
|gametype|singles
|player|p1|maximilk|baker|1440
|player|p2|Dreisu|benga|1438
|gen|9
|tier|[Gen 9] OU
|rated|
|rule|HP Percentage Mod: HP is shown in percentages
|rule|Endless Battle Clause: Forcing endless battles is banned
|rule|Species Clause: Limit one of each Pokémon
|rule|OHKO Clause: OHKO moves are banned
|rule|Evasion Items Clause: Evasion items are banned
|rule|Evasion Moves Clause: Evasion moves are banned
|rule|Evasion Abilities Clause: Evasion abilities are banned
|rule|Sleep Moves Clause: Sleep-inducing moves are banned
|clearpoke
|poke|p1|Zamazenta-*|
|poke|p1|Rillaboom, M|
|poke|p1|Dragapult, M|
|poke|p1|Cresselia, F|
|poke|p1|Alomomola, M|
|poke|p1|Regieleki|
|poke|p2|Gallade, M|
|poke|p2|Porygon-Z|
|poke|p2|Ninetales-Alola, M|
|poke|p2|Deoxys-Speed|
|poke|p2|Darkrai|
|poke|p2|Iron Hands|
|teampreview
|inactive|Battle timer is ON: inactive players will automatically lose when time's up. (requested by maximilk)
|
|t:|1779556179
|teamsize|p1|6
|teamsize|p2|6
|start
|switch|p1a: Regieleki|Regieleki|100/100
|switch|p2a: Ninetales|Ninetales-Alola, M|100/100
|-weather|Snowscape|[from] ability: Snow Warning|[of] p2a: Ninetales
|turn|1
|
|t:|1779556183
|move|p1a: Regieleki|Volt Switch|p2a: Ninetales
|-damage|p2a: Ninetales|52/100
|
|t:|1779556189
|switch|p1a: Cresselia|Cresselia, F|100/100|[from] Volt Switch
|move|p2a: Ninetales|Aurora Veil|p2a: Ninetales
|-sidestart|p2: Dreisu|move: Aurora Veil
|
|-weather|Snowscape|[upkeep]
|upkeep
|turn|2
|
|t:|1779556204
|switch|p2a: Porygon-Z|Porygon-Z|100/100
|move|p1a: Cresselia|Thunder Wave|p2a: Porygon-Z
|-status|p2a: Porygon-Z|par
|
|-weather|Snowscape|[upkeep]
|upkeep
|turn|3
|
|t:|1779556212
|switch|p1a: Dragapult|Dragapult, M|100/100
|cant|p2a: Porygon-Z|par
|
|-weather|Snowscape|[upkeep]
|upkeep
|turn|4
|
|t:|1779556221
|switch|p1a: Zamazenta|Zamazenta|100/100
|-ability|p1a: Zamazenta|Dauntless Shield|boost
|-boost|p1a: Zamazenta|def|1
|move|p2a: Porygon-Z|Nasty Plot|p2a: Porygon-Z
|-boost|p2a: Porygon-Z|spa|2
|
|-weather|Snowscape|[upkeep]
|upkeep
|turn|5
|
|t:|1779556231
|move|p1a: Zamazenta|Close Combat|p2a: Porygon-Z
|-supereffective|p2a: Porygon-Z
|-damage|p2a: Porygon-Z|1/100 par
|-unboost|p1a: Zamazenta|def|1
|-unboost|p1a: Zamazenta|spd|1
|-damage|p1a: Zamazenta|91/100|[from] item: Life Orb
|move|p2a: Porygon-Z|Tri Attack|p1a: Zamazenta
|-damage|p1a: Zamazenta|0 fnt
|faint|p1a: Zamazenta
|
|-weather|none
|upkeep
|
|t:|1779556240
|switch|p1a: Regieleki|Regieleki|100/100
|turn|6
|
|t:|1779556244
|move|p1a: Regieleki|Rapid Spin|p2a: Porygon-Z
|-damage|p2a: Porygon-Z|0 fnt
|-boost|p1a: Regieleki|spe|1
|faint|p2a: Porygon-Z
|
|upkeep
|
|t:|1779556248
|switch|p2a: Gallade|Gallade, M|100/100
|turn|7
|
|t:|1779556254
|move|p1a: Regieleki|Volt Switch|p2a: Gallade
|-damage|p2a: Gallade|80/100
|
|t:|1779556262
|switch|p1a: Dragapult|Dragapult, M|100/100|[from] Volt Switch
|move|p2a: Gallade|Agility|p2a: Gallade
|-boost|p2a: Gallade|spe|2
|
|upkeep
|turn|8
|
|t:|1779556284
|switch|p1a: Rillaboom|Rillaboom, M|100/100
|-fieldstart|move: Grassy Terrain|[from] ability: Grassy Surge|[of] p1a: Rillaboom
|move|p2a: Gallade|Psycho Cut|p1a: Rillaboom
|-damage|p1a: Rillaboom|16/100
|-damage|p2a: Gallade|70/100|[from] item: Life Orb
|
|-heal|p2a: Gallade|76/100|[from] Grassy Terrain
|-heal|p1a: Rillaboom|22/100|[from] Grassy Terrain
|-sideend|p2: Dreisu|move: Aurora Veil
|upkeep
|turn|9
|
|t:|1779556293
|move|p1a: Rillaboom|Grassy Glide|p2a: Gallade
|-damage|p2a: Gallade|0 fnt
|faint|p2a: Gallade
|
|-heal|p1a: Rillaboom|28/100|[from] Grassy Terrain
|upkeep
|
|t:|1779556295
|switch|p2a: Ninetales|Ninetales-Alola, M|52/100
|-weather|Snowscape|[from] ability: Snow Warning|[of] p2a: Ninetales
|turn|10
|-message|Dreisu forfeited.
|
|win|maximilk
|raw|maximilk's rating: 1440 &rarr; <strong>1460</strong><br />(+20 for winning)
|raw|Dreisu's rating: 1438 &rarr; <strong>1418</strong><br />(-20 for losing)
|l|☆Dreisu
|player|p2|
|l|☆maximilk
|player|p1|
