|j|☆ytggu
|j|☆slitherwing ily ><
|t:|1779663757
|gametype|singles
|player|p1|ytggu|265|1702
|player|p2|slitherwing ily ><|iono-masters|1764
|gen|9
|tier|[Gen 9] OU
|rated|
|rule|HP Percentage Mod: HP is shown in percentages
|rule|Endless Battle Clause: Forcing endless battles is banned
|rule|Species Clause: Limit one of each Pokémon
|rule|OHKO Clause: OHKO moves are banned
|rule|Evasion Items Clause: Evasion items are banned
|rule|Evasion Moves Clause: Evasion moves are banned
|rule|Evasion Abilities Clause: Evasion abilities are banned
|rule|Sleep Moves Clause: Sleep-inducing moves are banned
|clearpoke
|poke|p1|Tyranitar, M|
|poke|p1|Samurott-Hisui, M|
|poke|p1|Rillaboom, M|
|poke|p1|Slowking-Galar, M|
|poke|p1|Excadrill, M|
|poke|p1|Pawmot, M|
|poke|p2|Pecharunt|
|poke|p2|Great Tusk|
|poke|p2|Ogerpon-Wellspring, F|
|poke|p2|Iron Crown|
|poke|p2|Landorus-Therian, M|
|poke|p2|Samurott-Hisui, F|
|teampreview
|c|☆slitherwing ily ><|hf
|
|t:|1779663773
|teamsize|p1|6
|teamsize|p2|6
|start
|switch|p1a: Rillaboom|Rillaboom, M|100/100
|switch|p2a: Furry|Landorus-Therian, M|100/100
|-ability|p2a: Furry|Intimidate|boost
|-unboost|p1a: Rillaboom|atk|1
|-fieldstart|move: Grassy Terrain|[from] ability: Grassy Surge|[of] p1a: Rillaboom
|turn|1
|j| yuureisuisei
|
|t:|1779663788
|-terastallize|p1a: Rillaboom|Grass
|move|p2a: Furry|U-turn|p1a: Rillaboom
|-supereffective|p1a: Rillaboom
|-damage|p1a: Rillaboom|50/100
|inactive|Battle timer is ON: inactive players will automatically lose when time's up. (requested by ytggu)
|
|t:|1779663794
|switch|p2a: mei kinosaki|Pecharunt|100/100|[from] U-turn
|move|p1a: Rillaboom|Wood Hammer|p2a: mei kinosaki
|-resisted|p2a: mei kinosaki
|-damage|p2a: mei kinosaki|65/100
|-damage|p1a: Rillaboom|33/100|[from] item: Rocky Helmet|[of] p2a: mei kinosaki
|-damage|p1a: Rillaboom|22/100|[from] Recoil
|
|-heal|p2a: mei kinosaki|71/100|[from] Grassy Terrain
|-heal|p1a: Rillaboom|28/100|[from] Grassy Terrain
|upkeep
|turn|2
|
|t:|1779663806
|switch|p2a: Ronin|Samurott-Hisui, F|100/100
|switch|p1a: Excadrill|Excadrill, M|100/100
|
|upkeep
|turn|3
|
|t:|1779663811
|move|p1a: Excadrill|Stealth Rock|p2a: Ronin
|-sidestart|p2: slitherwing ily ><|move: Stealth Rock
|move|p2a: Ronin|Ceaseless Edge|p1a: Excadrill|[miss]
|-miss|p2a: Ronin|p1a: Excadrill
|
|upkeep
|turn|4
|
|t:|1779663818
|switch|p1a: Samurott|Samurott-Hisui, M|100/100
|move|p2a: Ronin|Ceaseless Edge|p1a: Samurott
|-resisted|p1a: Samurott
|-damage|p1a: Samurott|75/100
|-sidestart|p1: ytggu|Spikes
|
|-heal|p1a: Samurott|82/100|[from] Grassy Terrain
|upkeep
|turn|5
|
|t:|1779663823
|move|p2a: Ronin|Ceaseless Edge|p1a: Samurott
|-resisted|p1a: Samurott
|-damage|p1a: Samurott|58/100
|-sidestart|p1: ytggu|Spikes
|move|p1a: Samurott|Sacred Sword|p2a: Ronin
|-supereffective|p2a: Ronin
|-damage|p2a: Ronin|2/100
|
|-heal|p2a: Ronin|8/100|[from] Grassy Terrain
|-heal|p1a: Samurott|65/100|[from] Grassy Terrain
|-fieldend|move: Grassy Terrain
|upkeep
|turn|6
|
|t:|1779663826
|move|p2a: Ronin|Ceaseless Edge|p1a: Samurott|[miss]
|-miss|p2a: Ronin|p1a: Samurott
|move|p1a: Samurott|Ceaseless Edge|p2a: Ronin
|-resisted|p2a: Ronin
|-damage|p2a: Ronin|0 fnt
|-sidestart|p2: slitherwing ily ><|Spikes
|faint|p2a: Ronin
|
|upkeep
|
|t:|1779663829
|switch|p2a: Nah I'd spin|Great Tusk, shiny|100/100
|-damage|p2a: Nah I'd spin|97/100|[from] Stealth Rock
|-damage|p2a: Nah I'd spin|85/100|[from] Spikes
|-enditem|p2a: Nah I'd spin|Booster Energy
|-activate|p2a: Nah I'd spin|ability: Protosynthesis|[fromitem]
|-start|p2a: Nah I'd spin|protosynthesisspe
|turn|7
|
|t:|1779663836
|move|p2a: Nah I'd spin|Stealth Rock|p1a: Samurott
|-sidestart|p1: ytggu|move: Stealth Rock
|move|p1a: Samurott|Razor Shell|p2a: Nah I'd spin
|-supereffective|p2a: Nah I'd spin
|-damage|p2a: Nah I'd spin|17/100
|
|upkeep
|turn|8
|
|t:|1779663854
|move|p2a: Nah I'd spin|Rapid Spin|p1a: Samurott
|-damage|p1a: Samurott|49/100
|-boost|p2a: Nah I'd spin|spe|1
|-sideend|p2: slitherwing ily ><|Spikes|[from] move: Rapid Spin|[of] p2a: Nah I'd spin
|-sideend|p2: slitherwing ily ><|Stealth Rock|[from] move: Rapid Spin|[of] p2a: Nah I'd spin
|move|p1a: Samurott|Razor Shell|p2a: Nah I'd spin
|-supereffective|p2a: Nah I'd spin
|-damage|p2a: Nah I'd spin|0 fnt
|faint|p2a: Nah I'd spin
|-end|p2a: Nah I'd spin|Protosynthesis|[silent]
|
|upkeep
|
|t:|1779663860
|switch|p2a: Furry|Landorus-Therian, M|100/100
|-ability|p2a: Furry|Intimidate|boost
|-unboost|p1a: Samurott|atk|1
|turn|9
|inactive|ytggu has 120 seconds left.
|
|t:|1779663908
|move|p1a: Samurott|Sucker Punch|p2a: Furry
|-damage|p2a: Furry|72/100
|move|p2a: Furry|U-turn|p1a: Samurott
|-supereffective|p1a: Samurott
|-damage|p1a: Samurott|0 fnt
|faint|p1a: Samurott
|
|t:|1779663917
|switch|p2a: Shrek|Ogerpon-Wellspring, F|100/100|[from] U-turn
|
|upkeep
|
|t:|1779663926
|switch|p1a: Slowking|Slowking-Galar, M|100/100
|-damage|p1a: Slowking|84/100|[from] Spikes
|-damage|p1a: Slowking|71/100|[from] Stealth Rock
|turn|10
|
|t:|1779663934
|move|p2a: Shrek|U-turn|p1a: Slowking
|-damage|p1a: Slowking|50/100
|
|t:|1779663936
|switch|p2a: Agnes Tachyon|Iron Crown|100/100|[from] U-turn
|move|p1a: Slowking|Sludge Bomb|p2a: Agnes Tachyon
|-immune|p2a: Agnes Tachyon
|
|upkeep
|turn|11
|
|t:|1779663942
|move|p2a: Agnes Tachyon|Tachyon Cutter|p1a: Slowking
|-damage|p1a: Slowking|18/100
|-damage|p1a: Slowking|0 fnt
|faint|p1a: Slowking
|-hitcount|p1: Slowking|2
|
|upkeep
|
|t:|1779663946
|switch|p1a: Excadrill|Excadrill, M|100/100
|-damage|p1a: Excadrill|84/100|[from] Spikes
|-damage|p1a: Excadrill|81/100|[from] Stealth Rock
|turn|12
|
|t:|1779663954
|-end|p2a: Agnes Tachyon|Quark Drive|[silent]
|switch|p2a: mei kinosaki|Pecharunt|71/100
|move|p1a: Excadrill|Earthquake|p2a: mei kinosaki
|-supereffective|p2a: mei kinosaki
|-damage|p2a: mei kinosaki|0 fnt
|faint|p2a: mei kinosaki
|
|-heal|p1a: Excadrill|87/100|[from] item: Leftovers
|upkeep
|
|t:|1779663962
|switch|p2a: Shrek|Ogerpon-Wellspring, F|100/100
|turn|13
|
|t:|1779663973
|switch|p1a: Tyranitar|Tyranitar, M|100/100
|-damage|p1a: Tyranitar|84/100|[from] Spikes
|-damage|p1a: Tyranitar|72/100|[from] Stealth Rock
|-weather|Sandstorm|[from] ability: Sand Stream|[of] p1a: Tyranitar
|-terastallize|p2a: Shrek|Water
|detailschange|p2a: Shrek|Ogerpon-Wellspring-Tera, F, tera:Water
|-ability|p2a: Shrek|Embody Aspect (Wellspring)|boost
|-boost|p2a: Shrek|spd|1
|move|p2a: Shrek|Ivy Cudgel|p1a: Tyranitar|[anim] Ivy Cudgel Water
|-supereffective|p1a: Tyranitar
|-damage|p1a: Tyranitar|0 fnt
|faint|p1a: Tyranitar
|
|-weather|Sandstorm|[upkeep]
|-damage|p2a: Shrek|95/100|[from] Sandstorm
|upkeep
|
|t:|1779663976
|switch|p1a: Excadrill|Excadrill, M|87/100
|-damage|p1a: Excadrill|70/100|[from] Spikes
|-damage|p1a: Excadrill|67/100|[from] Stealth Rock
|turn|14
|
|t:|1779663984
|move|p1a: Excadrill|Rapid Spin|p2a: Shrek
|-damage|p2a: Shrek|70/100
|-boost|p1a: Excadrill|spe|1
|-sideend|p1: ytggu|Spikes|[from] move: Rapid Spin|[of] p1a: Excadrill
|-sideend|p1: ytggu|Stealth Rock|[from] move: Rapid Spin|[of] p1a: Excadrill
|move|p2a: Shrek|Ivy Cudgel|p1a: Excadrill|[anim] Ivy Cudgel Water
|-supereffective|p1a: Excadrill
|-damage|p1a: Excadrill|0 fnt
|faint|p1a: Excadrill
|
|-weather|Sandstorm|[upkeep]
|-damage|p2a: Shrek|64/100|[from] Sandstorm
|upkeep
|
|t:|1779663990
|switch|p1a: Rillaboom|Rillaboom, M, tera:Grass|28/100
|-fieldstart|move: Grassy Terrain|[from] ability: Grassy Surge|[of] p1a: Rillaboom
|turn|15
|
|t:|1779663998
|move|p1a: Rillaboom|Grassy Glide|p2a: Shrek
|-supereffective|p2a: Shrek
|-crit|p2a: Shrek
|-damage|p2a: Shrek|0 fnt
|faint|p2a: Shrek
|detailschange|p2: Shrek|Ogerpon-Wellspring, F|[silent]
|
|-weather|Sandstorm|[upkeep]
|-damage|p1a: Rillaboom|22/100|[from] Sandstorm
|-heal|p1a: Rillaboom|28/100|[from] Grassy Terrain
|upkeep
|
|t:|1779664002
|switch|p2a: Agnes Tachyon|Iron Crown|100/100
|turn|16
|
|t:|1779664011
|switch|p1a: Pawmot|Pawmot, M|100/100
|move|p2a: Agnes Tachyon|Psychic Noise|p1a: Pawmot
|-supereffective|p1a: Pawmot
|-enditem|p1a: Pawmot|Focus Sash
|-damage|p1a: Pawmot|1/100
|-start|p1a: Pawmot|move: Heal Block
|
|-weather|Sandstorm|[upkeep]
|-damage|p1a: Pawmot|0 fnt|[from] Sandstorm
|faint|p1a: Pawmot
|upkeep
|-message|ytggu forfeited.
|
|win|slitherwing ily ><
|raw|ytggu's rating: 1702 &rarr; <strong>1686</strong><br />(-16 for losing)
|raw|slitherwing ily &gt;&lt;'s rating: 1764 &rarr; <strong>1780</strong><br />(+16 for winning)
|l|☆ytggu
|player|p1|
|l|☆slitherwing ily ><
|player|p2|
|l| yuureisuisei
