|j|☆HAJIGOO24
|j|☆danger123456
|t:|1779599849
|gametype|singles
|player|p1|HAJIGOO24|iris-gen5bw2|1308
|player|p2|danger123456|cyclist|1358
|gen|9
|tier|[Gen 9] OU
|rated|
|rule|HP Percentage Mod: HP is shown in percentages
|rule|Endless Battle Clause: Forcing endless battles is banned
|rule|Species Clause: Limit one of each Pokémon
|rule|OHKO Clause: OHKO moves are banned
|rule|Evasion Items Clause: Evasion items are banned
|rule|Evasion Moves Clause: Evasion moves are banned
|rule|Evasion Abilities Clause: Evasion abilities are banned
|rule|Sleep Moves Clause: Sleep-inducing moves are banned
|clearpoke
|poke|p1|Conkeldurr, M|
|poke|p1|Garchomp, F|
|poke|p1|Ogerpon-Wellspring, F|
|poke|p1|Armarouge, F|
|poke|p1|Darkrai|
|poke|p1|Fezandipiti, M|
|poke|p2|Iron Treads|
|poke|p2|Regieleki|
|poke|p2|Indeedee, M|
|poke|p2|Blaziken, M|
|poke|p2|Enamorus, F|
|poke|p2|Inteleon, F|
|teampreview
|inactive|Battle timer is ON: inactive players will automatically lose when time's up. (requested by HAJIGOO24)
|inactive|danger123456 also wants the timer to be on.
|
|t:|1779599864
|teamsize|p1|6
|teamsize|p2|6
|start
|switch|p1a: 人民万岁|Conkeldurr, M|100/100
|switch|p2a: Iron Treads|Iron Treads|100/100
|-enditem|p2a: Iron Treads|Booster Energy
|-activate|p2a: Iron Treads|ability: Quark Drive|[fromitem]
|-start|p2a: Iron Treads|quarkdrivespe
|turn|1
|
|t:|1779599881
|move|p2a: Iron Treads|Stealth Rock|p1a: 人民万岁
|-sidestart|p1: HAJIGOO24|move: Stealth Rock
|move|p1a: 人民万岁|Ice Punch|p2a: Iron Treads
|-damage|p2a: Iron Treads|77/100
|
|-status|p1a: 人民万岁|brn|[from] item: Flame Orb
|upkeep
|turn|2
|
|t:|1779599890
|move|p2a: Iron Treads|Iron Head|p1a: 人民万岁
|-damage|p1a: 人民万岁|77/100 brn
|move|p1a: 人民万岁|Drain Punch|p2a: Iron Treads
|-supereffective|p2a: Iron Treads
|-damage|p2a: Iron Treads|0 fnt
|-heal|p1a: 人民万岁|100/100 brn|[from] drain|[of] p2a: Iron Treads
|faint|p2a: Iron Treads
|-end|p2a: Iron Treads|Quark Drive|[silent]
|
|-damage|p1a: 人民万岁|94/100 brn|[from] brn
|upkeep
|inactive|danger123456 has 120 seconds left.
|
|t:|1779599920
|switch|p2a: Enamorus|Enamorus, F|100/100
|turn|3
|
|t:|1779599925
|switch|p1a: 坤|Fezandipiti, M|100/100
|-damage|p1a: 坤|88/100|[from] Stealth Rock
|move|p2a: Enamorus|Superpower|p1a: 坤
|-resisted|p1a: 坤
|-damage|p1a: 坤|80/100
|-boost|p2a: Enamorus|atk|1
|-boost|p2a: Enamorus|def|1
|
|-heal|p1a: 坤|86/100|[from] item: Black Sludge
|upkeep
|turn|4
|
|t:|1779599936
|move|p2a: Enamorus|Earth Power|p1a: 坤
|-supereffective|p1a: 坤
|-damage|p1a: 坤|50/100
|move|p1a: 坤|Toxic|p2a: Enamorus
|-status|p2a: Enamorus|tox
|
|-heal|p1a: 坤|56/100|[from] item: Black Sludge
|-damage|p2a: Enamorus|94/100 tox|[from] psn
|upkeep
|turn|5
|
|t:|1779599947
|move|p2a: Enamorus|Earth Power|p1a: 坤
|-supereffective|p1a: 坤
|-crit|p1a: 坤
|-damage|p1a: 坤|5/100
|move|p1a: 坤|Roost|p1a: 坤
|-heal|p1a: 坤|55/100
|-singleturn|p1a: 坤|move: Roost
|
|-heal|p1a: 坤|61/100|[from] item: Black Sludge
|-damage|p2a: Enamorus|82/100 tox|[from] psn
|upkeep
|turn|6
|
|t:|1779599963
|switch|p2a: Regieleki|Regieleki|100/100
|move|p1a: 坤|Protect||[still]
|-fail|p1a: 坤
|
|-heal|p1a: 坤|67/100|[from] item: Black Sludge
|upkeep
|turn|7
|
|t:|1779599977
|move|p2a: Regieleki|Thunderbolt|p1a: 坤
|-damage|p1a: 坤|26/100
|-damage|p2a: Regieleki|91/100|[from] item: Life Orb
|move|p1a: 坤|Toxic|p2a: Regieleki
|-status|p2a: Regieleki|tox
|
|-heal|p1a: 坤|32/100|[from] item: Black Sludge
|-damage|p2a: Regieleki|85/100 tox|[from] psn
|upkeep
|turn|8
|
|t:|1779599995
|move|p1a: 坤|Protect|p1a: 坤
|-singleturn|p1a: 坤|Protect
|move|p2a: Regieleki|Thunderbolt|p1a: 坤
|-activate|p1a: 坤|move: Protect
|
|-heal|p1a: 坤|38/100|[from] item: Black Sludge
|-damage|p2a: Regieleki|73/100 tox|[from] psn
|upkeep
|turn|9
|
|t:|1779600004
|switch|p1a: 梦龙|Garchomp, F|100/100
|-damage|p1a: 梦龙|94/100|[from] Stealth Rock
|move|p2a: Regieleki|Explosion|p1a: 梦龙
|-damage|p1a: 梦龙|41/100
|faint|p2a: Regieleki
|
|upkeep
|
|t:|1779600019
|switch|p2a: Inteleon|Inteleon, F|100/100
|turn|10
|
|t:|1779600032
|switch|p1a: 图图犬谋杀案|Darkrai|100/100
|-damage|p1a: 图图犬谋杀案|88/100|[from] Stealth Rock
|move|p2a: Inteleon|Snipe Shot|p1a: 图图犬谋杀案
|-damage|p1a: 图图犬谋杀案|36/100
|
|upkeep
|turn|11
|inactive|danger123456 has 120 seconds left.
|
|t:|1779600053
|move|p2a: Inteleon|Snipe Shot|p1a: 图图犬谋杀案
|-crit|p1a: 图图犬谋杀案
|-damage|p1a: 图图犬谋杀案|0 fnt
|faint|p1a: 图图犬谋杀案
|
|upkeep
|
|t:|1779600059
|switch|p1a: 波尼酱|Ogerpon-Wellspring, F|100/100
|-damage|p1a: 波尼酱|88/100|[from] Stealth Rock
|turn|12
|
|t:|1779600064
|move|p2a: Inteleon|Air Cutter|p1a: 波尼酱
|-supereffective|p1a: 波尼酱
|-crit|p1a: 波尼酱
|-damage|p1a: 波尼酱|0 fnt
|faint|p1a: 波尼酱
|
|upkeep
|
|t:|1779600071
|switch|p1a: 最后一舞|Armarouge, F, shiny|100/100
|turn|13
|
|t:|1779600076
|-terastallize|p2a: Inteleon|Water
|-terastallize|p1a: 最后一舞|Grass
|move|p2a: Inteleon|Snipe Shot|p1a: 最后一舞
|-resisted|p1a: 最后一舞
|-damage|p1a: 最后一舞|72/100
|move|p1a: 最后一舞|Energy Ball|p2a: Inteleon
|-supereffective|p2a: Inteleon
|-damage|p2a: Inteleon|0 fnt
|faint|p2a: Inteleon
|
|upkeep
|
|t:|1779600087
|switch|p2a: Enamorus|Enamorus, F|82/100 tox
|turn|14
|
|t:|1779600092
|move|p2a: Enamorus|Superpower|p1a: 最后一舞
|-damage|p1a: 最后一舞|36/100
|-boost|p2a: Enamorus|atk|1
|-boost|p2a: Enamorus|def|1
|move|p1a: 最后一舞|Flash Cannon|p2a: Enamorus
|-supereffective|p2a: Enamorus
|-damage|p2a: Enamorus|33/100 tox
|
|-damage|p2a: Enamorus|26/100 tox|[from] psn
|upkeep
|turn|15
|
|t:|1779600103
|switch|p1a: 坤|Fezandipiti, M|38/100
|-damage|p1a: 坤|26/100|[from] Stealth Rock
|move|p2a: Enamorus|Superpower|p1a: 坤
|-resisted|p1a: 坤
|-damage|p1a: 坤|14/100
|-boost|p2a: Enamorus|atk|1
|-boost|p2a: Enamorus|def|1
|
|-heal|p1a: 坤|20/100|[from] item: Black Sludge
|-damage|p2a: Enamorus|14/100 tox|[from] psn
|upkeep
|turn|16
|
|t:|1779600115
|move|p2a: Enamorus|Superpower|p1a: 坤
|-resisted|p1a: 坤
|-damage|p1a: 坤|4/100
|-boost|p2a: Enamorus|atk|1
|-boost|p2a: Enamorus|def|1
|move|p1a: 坤|Roost|p1a: 坤
|-heal|p1a: 坤|54/100
|-singleturn|p1a: 坤|move: Roost
|
|-heal|p1a: 坤|60/100|[from] item: Black Sludge
|-damage|p2a: Enamorus|0 fnt|[from] psn
|faint|p2a: Enamorus
|upkeep
|
|t:|1779600127
|switch|p2a: Indeedee|Indeedee, M|100/100
|-fieldstart|move: Psychic Terrain|[from] ability: Psychic Surge|[of] p2a: Indeedee
|turn|17
|
|t:|1779600137
|move|p2a: Indeedee|Expanding Force|p1a: 坤
|-supereffective|p1a: 坤
|-damage|p1a: 坤|0 fnt
|faint|p1a: 坤
|
|upkeep
|
|t:|1779600144
|switch|p1a: 梦龙|Garchomp, F|41/100
|-damage|p1a: 梦龙|35/100|[from] Stealth Rock
|turn|18
|
|t:|1779600150
|move|p2a: Indeedee|Expanding Force|p1a: 梦龙
|-damage|p1a: 梦龙|0 fnt
|faint|p1a: 梦龙
|
|upkeep
|
|t:|1779600155
|switch|p1a: 最后一舞|Armarouge, F, shiny, tera:Grass|36/100
|turn|19
|
|t:|1779600161
|move|p2a: Indeedee|Expanding Force|p1a: 最后一舞
|-damage|p1a: 最后一舞|0 fnt
|faint|p1a: 最后一舞
|
|upkeep
|
|t:|1779600166
|switch|p1a: 人民万岁|Conkeldurr, M|94/100 brn
|-damage|p1a: 人民万岁|88/100 brn|[from] Stealth Rock
|turn|20
|
|t:|1779600171
|move|p1a: 人民万岁|Mach Punch|p2a: Indeedee
|-activate|p2a: Indeedee|move: Psychic Terrain
|move|p2a: Indeedee|Expanding Force|p1a: 人民万岁
|-supereffective|p1a: 人民万岁
|-damage|p1a: 人民万岁|0 fnt
|faint|p1a: 人民万岁
|
|win|danger123456
|raw|HAJIGOO24's rating: 1308 &rarr; <strong>1291</strong><br />(-17 for losing)
|raw|danger123456's rating: 1358 &rarr; <strong>1375</strong><br />(+17 for winning)
|l|☆HAJIGOO24
|player|p1|
|l|☆danger123456
|player|p2|
