|j|☆ihymyly
|j|☆Stealthalo
|t:|1779683209
|gametype|singles
|player|p1|ihymyly|266|1562
|player|p2|Stealthalo|1|1542
|gen|9
|tier|[Gen 9] OU
|rated|
|rule|HP Percentage Mod: HP is shown in percentages
|rule|Endless Battle Clause: Forcing endless battles is banned
|rule|Species Clause: Limit one of each Pokémon
|rule|OHKO Clause: OHKO moves are banned
|rule|Evasion Items Clause: Evasion items are banned
|rule|Evasion Moves Clause: Evasion moves are banned
|rule|Evasion Abilities Clause: Evasion abilities are banned
|rule|Sleep Moves Clause: Sleep-inducing moves are banned
|clearpoke
|poke|p1|Darkrai|
|poke|p1|Skarmory, M|
|poke|p1|Great Tusk|
|poke|p1|Latios, M|
|poke|p1|Weavile, M|
|poke|p1|Ogerpon-Wellspring, F|
|poke|p2|Mamoswine, F|
|poke|p2|Weezing-Galar, F|
|poke|p2|Moltres|
|poke|p2|Glimmora, F|
|poke|p2|Dragapult, M|
|poke|p2|Ogerpon-Wellspring, F|
|teampreview
|
|t:|1779683223
|teamsize|p1|6
|teamsize|p2|6
|start
|switch|p1a: almost*evil*jordan|Darkrai, shiny|100/100
|switch|p2a: Ogerpon|Ogerpon-Wellspring, F|100/100
|turn|1
|
|t:|1779683231
|-terastallize|p2a: Ogerpon|Water
|detailschange|p2a: Ogerpon|Ogerpon-Wellspring-Tera, F, tera:Water
|-ability|p2a: Ogerpon|Embody Aspect (Wellspring)|boost
|-boost|p2a: Ogerpon|spd|1
|move|p1a: almost*evil*jordan|Nasty Plot|p1a: almost*evil*jordan
|-boost|p1a: almost*evil*jordan|spa|2
|move|p2a: Ogerpon|Ivy Cudgel|p1a: almost*evil*jordan|[anim] Ivy Cudgel Water
|-crit|p1a: almost*evil*jordan
|-damage|p1a: almost*evil*jordan|0 fnt
|faint|p1a: almost*evil*jordan
|
|upkeep
|
|t:|1779683261
|switch|p1a: Ogerpon|Ogerpon-Wellspring, F|100/100
|turn|2
|j| Eternity o2
|
|t:|1779683279
|switch|p2a: Weezing|Weezing-Galar, F|100/100
|move|p1a: Ogerpon|Swords Dance|p1a: Ogerpon
|-boost|p1a: Ogerpon|atk|2
|
|upkeep
|turn|3
|
|t:|1779683319
|move|p1a: Ogerpon|Ivy Cudgel|p2a: Weezing|[anim] Ivy Cudgel Water
|-damage|p2a: Weezing|11/100
|move|p2a: Weezing|Pain Split|p1a: Ogerpon
|-sethp|p1a: Ogerpon|56/100|[from] move: Pain Split|[silent]
|-sethp|p2a: Weezing|50/100|[from] move: Pain Split
|
|-heal|p2a: Weezing|56/100|[from] item: Leftovers
|upkeep
|turn|4
|
|t:|1779683330
|move|p1a: Ogerpon|Ivy Cudgel|p2a: Weezing|[anim] Ivy Cudgel Water
|-damage|p2a: Weezing|0 fnt
|faint|p2a: Weezing
|
|upkeep
|
|t:|1779683335
|switch|p2a: Dragapult|Dragapult, M|100/100
|turn|5
|
|t:|1779683339
|move|p2a: Dragapult|Dragon Darts|p1a: Ogerpon
|-damage|p1a: Ogerpon|23/100
|-anim|p2a: Dragapult|Dragon Darts|p1a: Ogerpon
|-damage|p1a: Ogerpon|0 fnt
|faint|p1a: Ogerpon
|
|upkeep
|
|t:|1779683351
|switch|p1a: Red Bull|Skarmory, M|100/100
|turn|6
|
|t:|1779683356
|switch|p2a: Glimmora|Glimmora, F|100/100
|move|p1a: Red Bull|Spikes|p2a: Glimmora
|-sidestart|p2: Stealthalo|Spikes
|
|upkeep
|turn|7
|j| wuxinshushu1
|
|t:|1779683393
|switch|p1a: Primal Schnoz|Great Tusk|100/100
|move|p2a: Glimmora|Stealth Rock|p1a: Primal Schnoz
|-sidestart|p1: ihymyly|move: Stealth Rock
|
|upkeep
|turn|8
|
|t:|1779683403
|move|p1a: Primal Schnoz|Headlong Rush|p2a: Glimmora
|-supereffective|p2a: Glimmora
|-damage|p2a: Glimmora|0 fnt
|-unboost|p1a: Primal Schnoz|def|1
|-unboost|p1a: Primal Schnoz|spd|1
|-activate|p2a: Glimmora|ability: Toxic Debris
|-sidestart|p1: ihymyly|move: Toxic Spikes
|faint|p2a: Glimmora
|
|upkeep
|
|t:|1779683412
|switch|p2a: Dragapult|Dragapult, M|100/100
|-damage|p2a: Dragapult|88/100|[from] Spikes
|turn|9
|j| fdsls
|inactive|Battle timer is ON: inactive players will automatically lose when time's up. (requested by Stealthalo)
|l| wuxinshushu1
|j| testingrainteam1
|inactive|ihymyly has 120 seconds left.
|l| testingrainteam1
|
|t:|1779683527
|-end|p1a: Primal Schnoz|Protosynthesis|[silent]
|switch|p1a: Red Bull|Skarmory, M|100/100
|-damage|p1a: Red Bull|88/100|[from] Stealth Rock
|move|p2a: Dragapult|Dragon Darts|p1a: Red Bull
|-resisted|p1a: Red Bull
|-damage|p1a: Red Bull|80/100
|-anim|p2a: Dragapult|Dragon Darts|p1a: Red Bull
|-resisted|p1a: Red Bull
|-damage|p1a: Red Bull|73/100
|
|-heal|p2a: Dragapult|94/100|[from] item: Leftovers
|upkeep
|turn|10
|inactive|ihymyly has 120 seconds left.
|
|t:|1779683576
|switch|p2a: Moltres|Moltres|100/100
|move|p1a: Red Bull|Brave Bird|p2a: Moltres
|-damage|p2a: Moltres|76/100
|-damage|p1a: Red Bull|64/100|[from] Recoil
|
|upkeep
|turn|11
|
|t:|1779683586
|switch|p1a: Latios|Latios, M|100/100
|-damage|p1a: Latios|88/100|[from] Stealth Rock
|move|p2a: Moltres|Flamethrower|p1a: Latios
|-resisted|p1a: Latios
|-damage|p1a: Latios|70/100
|
|upkeep
|turn|12
|inactive|ihymyly has 120 seconds left.
|
|t:|1779683605
|switch|p2a: Mamoswine|Mamoswine, F|100/100
|-damage|p2a: Mamoswine|88/100|[from] Spikes
|move|p1a: Latios|Luster Purge|p2a: Mamoswine
|-damage|p2a: Mamoswine|8/100
|
|upkeep
|turn|13
|
|t:|1779683613
|switch|p1a: Red Bull|Skarmory, M|64/100
|-damage|p1a: Red Bull|51/100|[from] Stealth Rock
|move|p2a: Mamoswine|Ice Shard|p1a: Red Bull
|-damage|p1a: Red Bull|37/100
|
|upkeep
|turn|14
|inactive|ihymyly has 120 seconds left.
|
|t:|1779683622
|move|p2a: Mamoswine|Icicle Spear|p1a: Red Bull
|-damage|p1a: Red Bull|27/100
|-damage|p1a: Red Bull|18/100
|-damage|p1a: Red Bull|10/100
|-damage|p1a: Red Bull|1/100
|-hitcount|p1a: Red Bull|4
|move|p1a: Red Bull|Roost|p1a: Red Bull
|-heal|p1a: Red Bull|51/100
|-singleturn|p1a: Red Bull|move: Roost
|
|upkeep
|turn|15
|
|t:|1779683633
|move|p2a: Mamoswine|Icicle Spear|p1a: Red Bull
|-damage|p1a: Red Bull|42/100
|-damage|p1a: Red Bull|33/100
|-damage|p1a: Red Bull|24/100
|-damage|p1a: Red Bull|14/100
|-hitcount|p1a: Red Bull|4
|move|p1a: Red Bull|Roost|p1a: Red Bull
|-heal|p1a: Red Bull|64/100
|-singleturn|p1a: Red Bull|move: Roost
|
|upkeep
|turn|16
|inactive|ihymyly has 120 seconds left.
|
|t:|1779683654
|move|p2a: Mamoswine|Icicle Spear|p1a: Red Bull
|-damage|p1a: Red Bull|54/100
|-damage|p1a: Red Bull|44/100
|-damage|p1a: Red Bull|35/100
|-damage|p1a: Red Bull|26/100
|-hitcount|p1a: Red Bull|4
|move|p1a: Red Bull|Roost|p1a: Red Bull
|-heal|p1a: Red Bull|76/100
|-singleturn|p1a: Red Bull|move: Roost
|
|upkeep
|turn|17
|
|t:|1779683665
|move|p2a: Mamoswine|Icicle Spear|p1a: Red Bull
|-damage|p1a: Red Bull|66/100
|-damage|p1a: Red Bull|56/100
|-damage|p1a: Red Bull|48/100
|-damage|p1a: Red Bull|38/100
|-damage|p1a: Red Bull|29/100
|-hitcount|p1a: Red Bull|5
|move|p1a: Red Bull|Roost|p1a: Red Bull
|-heal|p1a: Red Bull|79/100
|-singleturn|p1a: Red Bull|move: Roost
|
|upkeep
|turn|18
|
|t:|1779683676
|move|p2a: Mamoswine|Icicle Spear|p1a: Red Bull
|-damage|p1a: Red Bull|69/100
|-damage|p1a: Red Bull|60/100
|-damage|p1a: Red Bull|50/100
|-damage|p1a: Red Bull|40/100
|-damage|p1a: Red Bull|31/100
|-hitcount|p1a: Red Bull|5
|move|p1a: Red Bull|Brave Bird|p2a: Mamoswine
|-damage|p2a: Mamoswine|0 fnt
|faint|p2a: Mamoswine
|-damage|p1a: Red Bull|29/100|[from] Recoil
|
|upkeep
|
|t:|1779683689
|switch|p2a: Moltres|Moltres|76/100
|turn|19
|
|t:|1779683695
|move|p2a: Moltres|Flamethrower|p1a: Red Bull
|-supereffective|p1a: Red Bull
|-damage|p1a: Red Bull|0 fnt
|faint|p1a: Red Bull
|
|upkeep
|
|t:|1779683707
|switch|p1a: Latios|Latios, M|70/100
|-damage|p1a: Latios|58/100|[from] Stealth Rock
|turn|20
|
|t:|1779683719
|switch|p2a: Dragapult|Dragapult, M|94/100
|-damage|p2a: Dragapult|82/100|[from] Spikes
|move|p1a: Latios|Recover|p1a: Latios
|-heal|p1a: Latios|100/100
|
|-heal|p2a: Dragapult|88/100|[from] item: Leftovers
|upkeep
|turn|21
|
|t:|1779683732
|-terastallize|p1a: Latios|Steel
|move|p2a: Dragapult|Dragon Darts|p1a: Latios
|-resisted|p1a: Latios
|-damage|p1a: Latios|84/100
|-anim|p2a: Dragapult|Dragon Darts|p1a: Latios
|-resisted|p1a: Latios
|-damage|p1a: Latios|67/100
|move|p1a: Latios|Draco Meteor|p2a: Dragapult
|-supereffective|p2a: Dragapult
|-damage|p2a: Dragapult|0 fnt
|-unboost|p1a: Latios|spa|2
|faint|p2a: Dragapult
|
|upkeep
|
|t:|1779683745
|switch|p2a: Ogerpon|Ogerpon-Wellspring-Tera, F, tera:Water|100/100
|-damage|p2a: Ogerpon|88/100|[from] Spikes
|-ability|p2a: Ogerpon|Embody Aspect (Wellspring)|boost
|-boost|p2a: Ogerpon|spd|1
|turn|22
|
|t:|1779683761
|switch|p1a: Primal Schnoz|Great Tusk|100/100
|move|p2a: Ogerpon|Ivy Cudgel|p1a: Primal Schnoz|[anim] Ivy Cudgel Water
|-supereffective|p1a: Primal Schnoz
|-damage|p1a: Primal Schnoz|7/100
|
|upkeep
|turn|23
|
|t:|1779683767
|move|p2a: Ogerpon|Ivy Cudgel|p1a: Primal Schnoz|[anim] Ivy Cudgel Water
|-supereffective|p1a: Primal Schnoz
|-damage|p1a: Primal Schnoz|0 fnt
|faint|p1a: Primal Schnoz
|-end|p1a: Primal Schnoz|Protosynthesis|[silent]
|
|upkeep
|
|t:|1779683771
|switch|p1a: Latios|Latios, M, tera:Steel|67/100
|-damage|p1a: Latios|61/100|[from] Stealth Rock
|turn|24
|
|t:|1779683776
|move|p1a: Latios|Draco Meteor|p2a: Ogerpon
|-damage|p2a: Ogerpon|22/100
|-unboost|p1a: Latios|spa|2
|move|p2a: Ogerpon|Ivy Cudgel|p1a: Latios|[anim] Ivy Cudgel Water
|-damage|p1a: Latios|0 fnt
|faint|p1a: Latios
|
|upkeep
|
|t:|1779683780
|switch|p1a: Mr. -ice Guy|Weavile, M|100/100
|-ability|p1a: Mr. -ice Guy|Pressure
|turn|25
|
|t:|1779683788
|move|p1a: Mr. -ice Guy|Knock Off|p2a: Ogerpon
|-damage|p2a: Ogerpon|0 fnt
|faint|p2a: Ogerpon
|detailschange|p2: Ogerpon|Ogerpon-Wellspring, F|[silent]
|
|upkeep
|
|t:|1779683793
|switch|p2a: Moltres|Moltres|76/100
|turn|26
|
|t:|1779683796
|move|p1a: Mr. -ice Guy|Swords Dance|p1a: Mr. -ice Guy
|-boost|p1a: Mr. -ice Guy|atk|2
|move|p2a: Moltres|Flamethrower|p1a: Mr. -ice Guy
|-supereffective|p1a: Mr. -ice Guy
|-damage|p1a: Mr. -ice Guy|4/100
|
|upkeep
|turn|27
|
|t:|1779683803
|move|p1a: Mr. -ice Guy|Triple Axel|p2a: Moltres
|-damage|p2a: Moltres|61/100
|-status|p1a: Mr. -ice Guy|brn|[from] ability: Flame Body|[of] p2a: Moltres
|-hitcount|p2a: Moltres|1
|move|p2a: Moltres|Flamethrower|p1a: Mr. -ice Guy
|-supereffective|p1a: Mr. -ice Guy
|-damage|p1a: Mr. -ice Guy|0 fnt
|faint|p1a: Mr. -ice Guy
|
|win|Stealthalo
|raw|ihymyly's rating: 1584 &rarr; <strong>1562</strong><br />(-22 for losing)
|raw|Stealthalo's rating: 1542 &rarr; <strong>1564</strong><br />(+22 for winning)
|l|☆ihymyly
|player|p1|
|l|☆Stealthalo
|player|p2|
