|j|☆sk_pk123
|j|☆The ZU Wanderer
|t:|1779602496
|gametype|singles
|player|p1|sk_pk123|red|1184
|player|p2|The ZU Wanderer|roughneck|1140
|gen|9
|tier|[Gen 9] OU
|rated|
|rule|HP Percentage Mod: HP is shown in percentages
|rule|Endless Battle Clause: Forcing endless battles is banned
|rule|Species Clause: Limit one of each Pokémon
|rule|OHKO Clause: OHKO moves are banned
|rule|Evasion Items Clause: Evasion items are banned
|rule|Evasion Moves Clause: Evasion moves are banned
|rule|Evasion Abilities Clause: Evasion abilities are banned
|rule|Sleep Moves Clause: Sleep-inducing moves are banned
|clearpoke
|poke|p1|Greninja-*, M|
|poke|p1|Pelipper, M|
|poke|p1|Volbeat, L20, M|
|poke|p1|Hawlucha, F|
|poke|p1|Basculegion, M|
|poke|p1|Walking Wake|
|poke|p2|Komala, F|
|poke|p2|Mesprit|
|poke|p2|Spiritomb, F|
|poke|p2|Poliwrath, M|
|poke|p2|Sandaconda, F|
|poke|p2|Tauros, M|
|teampreview
|inactive|Battle timer is ON: inactive players will automatically lose when time's up. (requested by sk_pk123)
|
|t:|1779602508
|teamsize|p1|6
|teamsize|p2|6
|start
|switch|p1a: Pelipper|Pelipper, M|100/100
|switch|p2a: Sandaconda|Sandaconda, F, shiny|100/100
|-weather|RainDance|[from] ability: Drizzle|[of] p1a: Pelipper
|turn|1
|
|t:|1779602515
|switch|p2a: Poliwrath|Poliwrath, M, shiny|100/100
|move|p1a: Pelipper|U-turn|p2a: Poliwrath
|-resisted|p2a: Poliwrath
|-damage|p2a: Poliwrath|96/100
|
|t:|1779602518
|switch|p1a: Walking Wake|Walking Wake|100/100|[from] U-turn
|-enditem|p1a: Walking Wake|Booster Energy
|-activate|p1a: Walking Wake|ability: Protosynthesis|[fromitem]
|-start|p1a: Walking Wake|protosynthesisspa
|
|-weather|RainDance|[upkeep]
|upkeep
|turn|2
|
|t:|1779602525
|-terastallize|p2a: Poliwrath|Fairy
|move|p1a: Walking Wake|Hurricane|p2a: Poliwrath
|-damage|p2a: Poliwrath|61/100
|move|p2a: Poliwrath|Drain Punch|p1a: Walking Wake
|-crit|p1a: Walking Wake
|-damage|p1a: Walking Wake|62/100
|-heal|p2a: Poliwrath|78/100|[from] drain|[of] p1a: Walking Wake
|
|-weather|RainDance|[upkeep]
|upkeep
|turn|3
|l|☆sk_pk123
|inactive|sk_pk123 disconnected and has a minute to reconnect!
|player|p1|
|j|☆sk_pk123
|inactive|sk_pk123 reconnected and has 125 seconds left.
|player|p1|sk_pk123|red|
|inactive|sk_pk123 has 120 seconds left.
|
|t:|1779602555
|move|p1a: Walking Wake|Weather Ball|p2a: Poliwrath
|-heal|p2a: Poliwrath|100/100|[from] ability: Water Absorb|[of] p1a: Walking Wake
|move|p2a: Poliwrath|Drain Punch|p1a: Walking Wake
|-damage|p1a: Walking Wake|37/100
|
|-weather|RainDance|[upkeep]
|upkeep
|turn|4
|inactive|sk_pk123 has 120 seconds left.
|inactive|The ZU Wanderer has 120 seconds left.
|
|t:|1779602586
|move|p1a: Walking Wake|Hurricane|p2a: Poliwrath
|-damage|p2a: Poliwrath|70/100
|move|p2a: Poliwrath|Drain Punch|p1a: Walking Wake
|-damage|p1a: Walking Wake|12/100
|-heal|p2a: Poliwrath|81/100|[from] drain|[of] p1a: Walking Wake
|
|-weather|RainDance|[upkeep]
|upkeep
|turn|5
|
|t:|1779602593
|move|p1a: Walking Wake|Hurricane|p2a: Poliwrath
|-damage|p2a: Poliwrath|45/100
|move|p2a: Poliwrath|Drain Punch|p1a: Walking Wake
|-damage|p1a: Walking Wake|0 fnt
|-heal|p2a: Poliwrath|50/100|[from] drain|[of] p1a: Walking Wake
|faint|p1a: Walking Wake
|-end|p1a: Walking Wake|Protosynthesis|[silent]
|
|-weather|RainDance|[upkeep]
|upkeep
|
|t:|1779602606
|switch|p1a: Hawlucha|Hawlucha, F|100/100
|turn|6
|
|t:|1779602616
|switch|p2a: Spiritomb|Spiritomb, F, shiny|100/100
|move|p1a: Hawlucha|Endure||[still]
|-fail|p1a: Hawlucha
|
|-weather|RainDance|[upkeep]
|upkeep
|turn|7
|l|☆sk_pk123
|inactive|sk_pk123 disconnected and has a minute to reconnect!
|player|p1|
|j|☆sk_pk123
|inactive|sk_pk123 reconnected and has 120 seconds left.
|player|p1|sk_pk123|red|
|
|t:|1779602653
|switch|p1a: Basculegion|Basculegion, M|100/100
|move|p2a: Spiritomb|Will-O-Wisp|p1a: Basculegion
|-status|p1a: Basculegion|brn
|
|-weather|RainDance|[upkeep]
|-damage|p1a: Basculegion|94/100 brn|[from] brn
|upkeep
|turn|8
|
|t:|1779602664
|switch|p2a: Poliwrath|Poliwrath, M, shiny, tera:Fairy|50/100
|move|p1a: Basculegion|Crunch|p2a: Poliwrath
|-resisted|p2a: Poliwrath
|-damage|p2a: Poliwrath|43/100
|
|-weather|none
|-damage|p1a: Basculegion|88/100 brn|[from] brn
|upkeep
|turn|9
|
|t:|1779602673
|switch|p1a: Pelipper|Pelipper, M|100/100
|-weather|RainDance|[from] ability: Drizzle|[of] p1a: Pelipper
|move|p2a: Poliwrath|Liquidation|p1a: Pelipper
|-resisted|p1a: Pelipper
|-damage|p1a: Pelipper|79/100
|
|-weather|RainDance|[upkeep]
|upkeep
|turn|10
|
|t:|1779602684
|switch|p2a: Mesprit|Mesprit, shiny|100/100
|move|p1a: Pelipper|Hurricane|p2a: Mesprit
|-crit|p2a: Mesprit
|-damage|p2a: Mesprit|34/100
|-start|p2a: Mesprit|confusion
|
|-weather|RainDance|[upkeep]
|-heal|p2a: Mesprit|40/100|[from] item: Leftovers
|upkeep
|turn|11
|
|t:|1779602693
|-activate|p2a: Mesprit|confusion
|-damage|p2a: Mesprit|34/100|[from] confusion
|move|p1a: Pelipper|U-turn|p2a: Mesprit
|-supereffective|p2a: Mesprit
|-damage|p2a: Mesprit|19/100
|
|t:|1779602711
|switch|p1a: Greninja|Greninja, M|100/100|[from] U-turn
|
|-weather|RainDance|[upkeep]
|-heal|p2a: Mesprit|25/100|[from] item: Leftovers
|upkeep
|turn|12
|
|t:|1779602720
|switch|p2a: Poliwrath|Poliwrath, M, shiny, tera:Fairy|43/100
|move|p1a: Greninja|Ice Beam|p2a: Poliwrath
|-damage|p2a: Poliwrath|18/100
|-damage|p1a: Greninja|91/100|[from] item: Life Orb
|
|-weather|RainDance|[upkeep]
|upkeep
|turn|13
|
|t:|1779602727
|switch|p2a: Komala|Komala, F, shiny|100/100
|-ability|p2a: Komala|Comatose
|move|p1a: Greninja|Ice Beam|p2a: Komala
|-damage|p2a: Komala|76/100
|-damage|p1a: Greninja|81/100|[from] item: Life Orb
|
|-weather|RainDance|[upkeep]
|upkeep
|turn|14
|inactive|The ZU Wanderer has 120 seconds left.
|
|t:|1779602757
|-terastallize|p1a: Greninja|Water
|move|p1a: Greninja|Surf|p2a: Komala
|-damage|p2a: Komala|0 fnt
|faint|p2a: Komala
|-ability|p1a: Greninja|Battle Bond|boost
|-boost|p1a: Greninja|atk|1
|-boost|p1a: Greninja|spa|1
|-boost|p1a: Greninja|spe|1
|-activate|p1a: Greninja|ability: Battle Bond
|-damage|p1a: Greninja|71/100|[from] item: Life Orb
|
|-weather|RainDance|[upkeep]
|upkeep
|inactive|The ZU Wanderer has 120 seconds left.
|
|t:|1779602770
|switch|p2a: Sandaconda|Sandaconda, F, shiny|100/100
|turn|15
|
|t:|1779602782
|switch|p2a: Poliwrath|Poliwrath, M, shiny, tera:Fairy|18/100
|move|p1a: Greninja|Ice Beam|p2a: Poliwrath
|-damage|p2a: Poliwrath|0 fnt
|faint|p2a: Poliwrath
|-damage|p1a: Greninja|61/100|[from] item: Life Orb
|
|-weather|RainDance|[upkeep]
|upkeep
|c|☆sk_pk123|Nah uh
|-message|The ZU Wanderer forfeited.
|
|win|sk_pk123
|raw|sk_pk123's rating: 1184 &rarr; <strong>1208</strong><br />(+24 for winning)
|raw|The ZU Wanderer's rating: 1169 &rarr; <strong>1145</strong><br />(-24 for losing)
|l|☆The ZU Wanderer
|player|p2|
|l|☆sk_pk123
|player|p1|
