|j|☆3rdWardDoves
|j|‽Taidar04ka
|t:|1779561315
|gametype|singles
|player|p1|3rdWardDoves|roughneck|1148
|player|p2|Taidar04ka|pokekid|1139
|gen|9
|tier|[Gen 9] OU
|rated|
|rule|HP Percentage Mod: HP is shown in percentages
|rule|Endless Battle Clause: Forcing endless battles is banned
|rule|Species Clause: Limit one of each Pokémon
|rule|OHKO Clause: OHKO moves are banned
|rule|Evasion Items Clause: Evasion items are banned
|rule|Evasion Moves Clause: Evasion moves are banned
|rule|Evasion Abilities Clause: Evasion abilities are banned
|rule|Sleep Moves Clause: Sleep-inducing moves are banned
|clearpoke
|poke|p1|Hippowdon, M|
|poke|p1|Excadrill, M|
|poke|p1|Kingambit, M|
|poke|p1|Heatran, M|
|poke|p1|Gholdengo|
|poke|p1|Iron Treads|
|poke|p2|Meowscarada, F|
|poke|p2|Great Tusk|
|poke|p2|Slowking-Galar, M|
|poke|p2|Dragapult, M|
|poke|p2|Alomomola, M|
|poke|p2|Garchomp, F|
|teampreview
|inactive|Battle timer is ON: inactive players will automatically lose when time's up. (requested by 3rdWardDoves)
|
|t:|1779561331
|teamsize|p1|6
|teamsize|p2|6
|start
|switch|p1a: Le gloria|Hippowdon, M, shiny|100/100
|switch|p2a: Garchomp|Garchomp, F|100/100
|-weather|Sandstorm|[from] ability: Sand Stream|[of] p1a: Le gloria
|turn|1
|
|t:|1779561352
|move|p2a: Garchomp|Stealth Rock|p1a: Le gloria
|-sidestart|p1: 3rdWardDoves|move: Stealth Rock
|move|p1a: Le gloria|Whirlwind|p2a: Garchomp
|drag|p2a: Meowscarada|Meowscarada, F|100/100
|
|-weather|Sandstorm|[upkeep]
|-damage|p2a: Meowscarada|94/100|[from] Sandstorm
|upkeep
|turn|2
|
|t:|1779561371
|switch|p1a: Le misstran|Heatran, M, shiny|100/100
|-damage|p1a: Le misstran|88/100|[from] Stealth Rock
|-terastallize|p2a: Meowscarada|Grass
|move|p2a: Meowscarada|Flower Trick|p1a: Le misstran
|-resisted|p1a: Le misstran
|-crit|p1a: Le misstran
|-damage|p1a: Le misstran|74/100
|
|-weather|Sandstorm|[upkeep]
|-damage|p2a: Meowscarada|88/100|[from] Sandstorm
|-heal|p1a: Le misstran|81/100|[from] item: Leftovers
|upkeep
|turn|3
|inactive|Taidar04ka has 120 seconds left.
|
|t:|1779561401
|switch|p2a: Great Tusk|Great Tusk|100/100
|move|p1a: Le misstran|Magma Storm|p2a: Great Tusk|[miss]
|-miss|p1a: Le misstran|p2a: Great Tusk
|
|-weather|Sandstorm|[upkeep]
|-heal|p1a: Le misstran|87/100|[from] item: Leftovers
|upkeep
|turn|4
|inactive|Taidar04ka has 120 seconds left.
|
|t:|1779561415
|-terastallize|p1a: Le misstran|Flying
|move|p2a: Great Tusk|Headlong Rush|p1a: Le misstran
|-immune|p1a: Le misstran
|move|p1a: Le misstran|Magma Storm|p2a: Great Tusk
|-damage|p2a: Great Tusk|33/100
|-activate|p2a: Great Tusk|move: Magma Storm|[of] p1a: Le misstran
|
|-weather|Sandstorm|[upkeep]
|-damage|p1a: Le misstran|81/100|[from] Sandstorm
|-heal|p1a: Le misstran|87/100|[from] item: Leftovers
|-damage|p2a: Great Tusk|20/100|[from] move: Magma Storm|[partiallytrapped]
|upkeep
|turn|5
|inactive|Taidar04ka has 120 seconds left.
|
|t:|1779561430
|move|p1a: Le misstran|Protect|p1a: Le misstran
|-singleturn|p1a: Le misstran|Protect
|move|p2a: Great Tusk|Ice Spinner|p1a: Le misstran
|-activate|p1a: Le misstran|move: Protect
|
|-weather|Sandstorm|[upkeep]
|-damage|p1a: Le misstran|81/100|[from] Sandstorm
|-heal|p1a: Le misstran|87/100|[from] item: Leftovers
|-damage|p2a: Great Tusk|8/100|[from] move: Magma Storm|[partiallytrapped]
|upkeep
|turn|6
|inactive|Taidar04ka has 120 seconds left.
|
|t:|1779561450
|move|p2a: Great Tusk|Ice Spinner|p1a: Le misstran
|-supereffective|p1a: Le misstran
|-damage|p1a: Le misstran|41/100
|move|p1a: Le misstran|Earth Power|p2a: Great Tusk
|-damage|p2a: Great Tusk|0 fnt
|faint|p2a: Great Tusk
|-end|p2a: Great Tusk|Protosynthesis|[silent]
|
|-weather|Sandstorm|[upkeep]
|-damage|p1a: Le misstran|35/100|[from] Sandstorm
|-heal|p1a: Le misstran|41/100|[from] item: Leftovers
|upkeep
|inactive|Taidar04ka has 120 seconds left.
|
|t:|1779561459
|switch|p2a: Meowscarada|Meowscarada, F, tera:Grass|88/100
|turn|7
|inactive|Taidar04ka has 120 seconds left.
|
|t:|1779561472
|switch|p2a: Alomomola|Alomomola, M|100/100
|move|p1a: Le misstran|Protect||[still]
|-fail|p1a: Le misstran
|
|-weather|Sandstorm|[upkeep]
|-damage|p1a: Le misstran|35/100|[from] Sandstorm
|-damage|p2a: Alomomola|94/100|[from] Sandstorm
|-heal|p1a: Le misstran|41/100|[from] item: Leftovers
|upkeep
|turn|8
|inactive|Taidar04ka has 120 seconds left.
|
|t:|1779561495
|move|p1a: Le misstran|Taunt|p2a: Alomomola
|-start|p2a: Alomomola|move: Taunt
|move|p2a: Alomomola|Play Rough|p1a: Le misstran
|-damage|p1a: Le misstran|27/100
|
|-weather|none
|-heal|p1a: Le misstran|33/100|[from] item: Leftovers
|upkeep
|turn|9
|
|t:|1779561504
|move|p1a: Le misstran|Protect|p1a: Le misstran
|-singleturn|p1a: Le misstran|Protect
|move|p2a: Alomomola|Ice Beam|p1a: Le misstran
|-activate|p1a: Le misstran|move: Protect
|
|-heal|p1a: Le misstran|39/100|[from] item: Leftovers
|upkeep
|turn|10
|inactive|3rdWardDoves has 120 seconds left.
|
|t:|1779561532
|switch|p1a: Le aura|Gholdengo, shiny|100/100
|-damage|p1a: Le aura|94/100|[from] Stealth Rock
|move|p2a: Alomomola|Ice Beam|p1a: Le aura
|-resisted|p1a: Le aura
|-damage|p1a: Le aura|89/100
|
|-end|p2a: Alomomola|move: Taunt
|upkeep
|turn|11
|inactive|3rdWardDoves has 120 seconds left.
|
|t:|1779561553
|move|p1a: Le aura|Trick|p2a: Alomomola
|-activate|p1a: Le aura|move: Trick|[of] p2a: Alomomola
|-item|p2a: Alomomola|Choice Scarf|[from] move: Trick
|-item|p1a: Le aura|Assault Vest|[from] move: Trick
|move|p2a: Alomomola|Mirror Coat||[still]
|-fail|p2a: Alomomola
|
|upkeep
|turn|12
|
|t:|1779561564
|move|p1a: Le aura|Focus Blast|p2a: Alomomola
|-damage|p2a: Alomomola|57/100
|move|p2a: Alomomola|Mirror Coat|p1a: Le aura
|-damage|p1a: Le aura|0 fnt
|faint|p1a: Le aura
|
|upkeep
|
|t:|1779561575
|switch|p1a: Le gloria|Hippowdon, M, shiny|100/100
|-damage|p1a: Le gloria|94/100|[from] Stealth Rock
|-weather|Sandstorm|[from] ability: Sand Stream|[of] p1a: Le gloria
|turn|13
|
|t:|1779561593
|switch|p2a: Slowking|Slowking-Galar, M|100/100
|move|p1a: Le gloria|Thunder Fang|p2a: Slowking
|-damage|p2a: Slowking|88/100
|
|-weather|Sandstorm|[upkeep]
|-damage|p2a: Slowking|82/100|[from] Sandstorm
|upkeep
|turn|14
|
|t:|1779561604
|switch|p1a: Le chromeVSKFS|Iron Treads, shiny|100/100
|move|p2a: Slowking|Ice Beam|p1a: Le chromeVSKFS
|-damage|p1a: Le chromeVSKFS|66/100
|
|-weather|Sandstorm|[upkeep]
|-damage|p2a: Slowking|76/100|[from] Sandstorm
|upkeep
|turn|15
|
|t:|1779561616
|switch|p2a: Garchomp|Garchomp, F|100/100
|move|p1a: Le chromeVSKFS|Rapid Spin|p2a: Garchomp
|-damage|p2a: Garchomp|90/100
|-boost|p1a: Le chromeVSKFS|spe|1
|-damage|p1a: Le chromeVSKFS|53/100|[from] ability: Rough Skin|[of] p2a: Garchomp
|-damage|p1a: Le chromeVSKFS|37/100|[from] item: Rocky Helmet|[of] p2a: Garchomp
|-sideend|p1: 3rdWardDoves|Stealth Rock|[from] move: Rapid Spin|[of] p1a: Le chromeVSKFS
|
|-weather|Sandstorm|[upkeep]
|upkeep
|turn|16
|
|t:|1779561631
|move|p1a: Le chromeVSKFS|Ice Spinner|p2a: Garchomp
|-supereffective|p2a: Garchomp
|-damage|p2a: Garchomp|23/100
|-damage|p1a: Le chromeVSKFS|24/100|[from] ability: Rough Skin|[of] p2a: Garchomp
|-damage|p1a: Le chromeVSKFS|8/100|[from] item: Rocky Helmet|[of] p2a: Garchomp
|move|p2a: Garchomp|Stealth Rock|p1a: Le chromeVSKFS
|-sidestart|p1: 3rdWardDoves|move: Stealth Rock
|
|-weather|Sandstorm|[upkeep]
|upkeep
|turn|17
|
|t:|1779561648
|switch|p2a: Slowking|Slowking-Galar, M|100/100
|move|p1a: Le chromeVSKFS|Rapid Spin|p2a: Slowking
|-damage|p2a: Slowking|88/100
|-boost|p1a: Le chromeVSKFS|spe|1
|-sideend|p1: 3rdWardDoves|Stealth Rock|[from] move: Rapid Spin|[of] p1a: Le chromeVSKFS
|
|-weather|Sandstorm|[upkeep]
|-damage|p2a: Slowking|81/100|[from] Sandstorm
|upkeep
|turn|18
|inactive|Taidar04ka has 120 seconds left.
|
|t:|1779561674
|switch|p2a: Alomomola|Alomomola, M|90/100
|move|p1a: Le chromeVSKFS|Earthquake|p2a: Alomomola
|-damage|p2a: Alomomola|61/100
|
|-weather|Sandstorm|[upkeep]
|-damage|p2a: Alomomola|55/100|[from] Sandstorm
|upkeep
|turn|19
|
|t:|1779561687
|-end|p1a: Le chromeVSKFS|Quark Drive|[silent]
|switch|p1a: Le misstran|Heatran, M, shiny, tera:Flying|39/100
|move|p2a: Alomomola|Play Rough|p1a: Le misstran
|-damage|p1a: Le misstran|25/100
|
|-weather|Sandstorm|[upkeep]
|-damage|p1a: Le misstran|19/100|[from] Sandstorm
|-damage|p2a: Alomomola|49/100|[from] Sandstorm
|-heal|p1a: Le misstran|25/100|[from] item: Leftovers
|upkeep
|turn|20
|inactive|Taidar04ka has 120 seconds left.
|
|t:|1779561700
|switch|p2a: Slowking|Slowking-Galar, M|100/100
|move|p1a: Le misstran|Taunt|p2a: Slowking
|-start|p2a: Slowking|move: Taunt
|
|-weather|none
|-heal|p1a: Le misstran|31/100|[from] item: Leftovers
|upkeep
|turn|21
|inactive|Taidar04ka has 120 seconds left.
|
|t:|1779561712
|move|p1a: Le misstran|Earth Power|p2a: Slowking
|-supereffective|p2a: Slowking
|-damage|p2a: Slowking|66/100
|move|p2a: Slowking|Ice Beam|p1a: Le misstran
|-supereffective|p1a: Le misstran
|-damage|p1a: Le misstran|4/100
|
|-heal|p1a: Le misstran|10/100|[from] item: Leftovers
|upkeep
|turn|22
|inactive|Taidar04ka has 120 seconds left.
|
|t:|1779561721
|move|p1a: Le misstran|Earth Power|p2a: Slowking
|-supereffective|p2a: Slowking
|-damage|p2a: Slowking|29/100
|move|p2a: Slowking|Future Sight|p1a: Le misstran
|-start|p2a: Slowking|move: Future Sight
|
|-heal|p1a: Le misstran|17/100|[from] item: Leftovers
|-end|p2a: Slowking|move: Taunt
|upkeep
|turn|23
|inactive|Taidar04ka has 120 seconds left.
|
|t:|1779561733
|switch|p2a: Garchomp|Garchomp, F|23/100
|move|p1a: Le misstran|Earth Power|p2a: Garchomp
|-damage|p2a: Garchomp|0 fnt
|faint|p2a: Garchomp
|
|-heal|p1a: Le misstran|23/100|[from] item: Leftovers
|upkeep
|inactive|Taidar04ka has 120 seconds left.
|
|t:|1779561741
|switch|p2a: Dragapult|Dragapult, M|100/100
|turn|24
|
|t:|1779561747
|move|p1a: Le misstran|Protect|p1a: Le misstran
|-singleturn|p1a: Le misstran|Protect
|move|p2a: Dragapult|Draco Meteor|p1a: Le misstran
|-activate|p1a: Le misstran|move: Protect
|
|-end|p1a: Le misstran|move: Future Sight
|-damage|p1a: Le misstran|0 fnt
|faint|p1a: Le misstran
|upkeep
|
|t:|1779561762
|switch|p1a: Le gloria|Hippowdon, M, shiny|94/100
|-weather|Sandstorm|[from] ability: Sand Stream|[of] p1a: Le gloria
|turn|25
|
|t:|1779561768
|move|p2a: Dragapult|Draco Meteor|p1a: Le gloria
|-damage|p1a: Le gloria|0 fnt
|-unboost|p2a: Dragapult|spa|2
|faint|p1a: Le gloria
|
|-weather|Sandstorm|[upkeep]
|-damage|p2a: Dragapult|95/100|[from] Sandstorm
|upkeep
|
|t:|1779561777
|switch|p1a: Le breach|Excadrill, M, shiny|100/100
|turn|26
|
|t:|1779561784
|switch|p2a: Alomomola|Alomomola, M|82/100
|move|p1a: Le breach|Iron Head|p2a: Alomomola
|-resisted|p2a: Alomomola
|-damage|p2a: Alomomola|66/100
|-damage|p1a: Le breach|91/100|[from] item: Life Orb
|
|-weather|Sandstorm|[upkeep]
|-damage|p2a: Alomomola|60/100|[from] Sandstorm
|upkeep
|turn|27
|
|t:|1779561795
|move|p1a: Le breach|Swords Dance|p1a: Le breach
|-boost|p1a: Le breach|atk|2
|move|p2a: Alomomola|Flip Turn|p1a: Le breach
|-supereffective|p1a: Le breach
|-damage|p1a: Le breach|40/100
|
|t:|1779561802
|switch|p2a: Dragapult|Dragapult, M|95/100|[from] Flip Turn
|
|-weather|Sandstorm|[upkeep]
|-damage|p2a: Dragapult|89/100|[from] Sandstorm
|upkeep
|turn|28
|
|t:|1779561809
|move|p1a: Le breach|Earthquake|p2a: Dragapult
|-damage|p2a: Dragapult|0 fnt
|faint|p2a: Dragapult
|-damage|p1a: Le breach|30/100|[from] item: Life Orb
|
|-weather|Sandstorm|[upkeep]
|upkeep
|
|t:|1779561818
|switch|p2a: Alomomola|Alomomola, M|94/100
|turn|29
|
|t:|1779561823
|move|p1a: Le breach|Earthquake|p2a: Alomomola
|-damage|p2a: Alomomola|5/100
|-damage|p1a: Le breach|20/100|[from] item: Life Orb
|move|p2a: Alomomola|Flip Turn|p1a: Le breach
|-supereffective|p1a: Le breach
|-crit|p1a: Le breach
|-damage|p1a: Le breach|0 fnt
|faint|p1a: Le breach
|
|t:|1779561833
|switch|p2a: Meowscarada|Meowscarada, F, tera:Grass|88/100|[from] Flip Turn
|
|-weather|Sandstorm|[upkeep]
|-damage|p2a: Meowscarada|82/100|[from] Sandstorm
|upkeep
|
|t:|1779561836
|switch|p1a: Le chromeVSKFS|Iron Treads, shiny|8/100
|turn|30
|
|t:|1779561841
|move|p2a: Meowscarada|Low Kick|p1a: Le chromeVSKFS
|-supereffective|p1a: Le chromeVSKFS
|-damage|p1a: Le chromeVSKFS|0 fnt
|faint|p1a: Le chromeVSKFS
|-end|p1a: Le chromeVSKFS|Quark Drive|[silent]
|
|-weather|Sandstorm|[upkeep]
|-damage|p2a: Meowscarada|76/100|[from] Sandstorm
|upkeep
|
|t:|1779561844
|switch|p1a: Le gambler|Kingambit, M, shiny|100/100
|-activate|p1a: Le gambler|ability: Supreme Overlord
|-start|p1a: Le gambler|fallen5|[silent]
|turn|31
|
|t:|1779561850
|move|p2a: Meowscarada|Low Kick|p1a: Le gambler
|-supereffective|p1a: Le gambler
|-damage|p1a: Le gambler|12/100
|move|p1a: Le gambler|Swords Dance|p1a: Le gambler
|-boost|p1a: Le gambler|atk|2
|
|-weather|Sandstorm|[upkeep]
|-damage|p2a: Meowscarada|70/100|[from] Sandstorm
|upkeep
|turn|32
|
|t:|1779561857
|move|p1a: Le gambler|Sucker Punch|p2a: Meowscarada
|-damage|p2a: Meowscarada|0 fnt
|faint|p2a: Meowscarada
|
|-weather|none
|upkeep
|
|t:|1779561868
|switch|p2a: Alomomola|Alomomola, M|38/100
|turn|33
|
|t:|1779561874
|move|p1a: Le gambler|Sucker Punch|p2a: Alomomola
|-damage|p2a: Alomomola|0 fnt
|faint|p2a: Alomomola
|
|upkeep
|
|t:|1779561878
|switch|p2a: Slowking|Slowking-Galar, M|63/100
|turn|34
|
|t:|1779561890
|move|p1a: Le gambler|Sucker Punch|p2a: Slowking
|-supereffective|p2a: Slowking
|-damage|p2a: Slowking|0 fnt
|faint|p2a: Slowking
|
|win|3rdWardDoves
|raw|3rdWardDoves's rating: 1148 &rarr; <strong>1172</strong><br />(+24 for winning)
|raw|Taidar04ka's rating: 1139 &rarr; <strong>1115</strong><br />(-24 for losing)
