|j|☆magikarp soup
|j|☆PapaJoJo
|t:|1779634606
|gametype|singles
|player|p1|magikarp soup|medium|1465
|player|p2|PapaJoJo|fisherman-gen4|1480
|gen|9
|tier|[Gen 9] OU
|rated|
|rule|HP Percentage Mod: HP is shown in percentages
|rule|Endless Battle Clause: Forcing endless battles is banned
|rule|Species Clause: Limit one of each Pokémon
|rule|OHKO Clause: OHKO moves are banned
|rule|Evasion Items Clause: Evasion items are banned
|rule|Evasion Moves Clause: Evasion moves are banned
|rule|Evasion Abilities Clause: Evasion abilities are banned
|rule|Sleep Moves Clause: Sleep-inducing moves are banned
|clearpoke
|poke|p1|Cramorant, F|
|poke|p1|Ceruledge, M|
|poke|p1|Kyurem|
|poke|p1|Gyarados, M|
|poke|p1|Kingambit, F|
|poke|p1|Tornadus-Therian, M|
|poke|p2|Samurott-Hisui, M|
|poke|p2|Dragonite, M|
|poke|p2|Kingambit, M|
|poke|p2|Iron Moth|
|poke|p2|Iron Valiant|
|poke|p2|Moltres-Galar|
|teampreview
|
|t:|1779634610
|teamsize|p1|6
|teamsize|p2|6
|start
|switch|p1a: Cramorant|Cramorant, F|100/100
|switch|p2a: Samurott|Samurott-Hisui, M|100/100
|turn|1
|
|t:|1779634617
|move|p1a: Cramorant|Tailwind|p1a: Cramorant
|-sidestart|p1: magikarp soup|move: Tailwind
|move|p2a: Samurott|Ceaseless Edge|p1a: Cramorant|[miss]
|-miss|p2a: Samurott|p1a: Cramorant
|
|upkeep
|turn|2
|
|t:|1779634622
|move|p1a: Cramorant|Surf|p2a: Samurott
|-formechange|p1a: Cramorant|Cramorant-Gulping|
|-resisted|p2a: Samurott
|-damage|p2a: Samurott|75/100
|move|p2a: Samurott|Ceaseless Edge|p1a: Cramorant
|-damage|p1a: Cramorant|2/100
|-damage|p2a: Samurott|50/100|[from] ability: Gulp Missile|[of] p1a: Cramorant
|-unboost|p2a: Samurott|def|1
|-formechange|p1a: Cramorant|Cramorant|
|-sidestart|p1: magikarp soup|Spikes
|
|upkeep
|turn|3
|
|t:|1779634634
|move|p2a: Samurott|Sucker Punch|p1a: Cramorant
|-damage|p1a: Cramorant|0 fnt
|faint|p1a: Cramorant
|
|upkeep
|
|t:|1779634642
|switch|p1a: Gyarados|Gyarados, M|100/100
|turn|4
|
|t:|1779634648
|move|p1a: Gyarados|Dragon Dance|p1a: Gyarados
|-boost|p1a: Gyarados|atk|1
|-boost|p1a: Gyarados|spe|1
|move|p2a: Samurott|Ceaseless Edge|p1a: Gyarados|[miss]
|-miss|p2a: Samurott|p1a: Gyarados
|
|-sideend|p1: magikarp soup|move: Tailwind
|upkeep
|turn|5
|
|t:|1779634655
|move|p2a: Samurott|Sucker Punch|p1a: Gyarados
|-damage|p1a: Gyarados|59/100
|move|p1a: Gyarados|Waterfall|p2a: Samurott
|-resisted|p2a: Samurott
|-damage|p2a: Samurott|0 fnt
|faint|p2a: Samurott
|-ability|p1a: Gyarados|Moxie|boost
|-boost|p1a: Gyarados|atk|1
|-damage|p1a: Gyarados|49/100|[from] item: Life Orb
|
|upkeep
|
|t:|1779634684
|switch|p2a: Moltres|Moltres-Galar|100/100
|turn|6
|inactive|Battle timer is ON: inactive players will automatically lose when time's up. (requested by PapaJoJo)
|
|t:|1779634716
|move|p1a: Gyarados|Waterfall|p2a: Moltres
|-damage|p2a: Moltres|0 fnt
|faint|p2a: Moltres
|-ability|p1a: Gyarados|Moxie|boost
|-boost|p1a: Gyarados|atk|1
|-damage|p1a: Gyarados|39/100|[from] item: Life Orb
|
|upkeep
|
|t:|1779634722
|switch|p2a: Kingambit|Kingambit, M|100/100
|-activate|p2a: Kingambit|ability: Supreme Overlord
|-start|p2a: Kingambit|fallen2|[silent]
|-item|p2a: Kingambit|Air Balloon
|turn|7
|
|t:|1779634725
|move|p2a: Kingambit|Sucker Punch||[still]
|-fail|p2a: Kingambit
|move|p1a: Gyarados|Dragon Dance|p1a: Gyarados
|-boost|p1a: Gyarados|atk|1
|-boost|p1a: Gyarados|spe|1
|
|upkeep
|turn|8
|
|t:|1779634727
|move|p2a: Kingambit|Sucker Punch||[still]
|-fail|p2a: Kingambit
|move|p1a: Gyarados|Dragon Dance|p1a: Gyarados
|-boost|p1a: Gyarados|atk|1
|-boost|p1a: Gyarados|spe|1
|
|upkeep
|turn|9
|
|t:|1779634732
|move|p1a: Gyarados|Dragon Dance|p1a: Gyarados
|-boost|p1a: Gyarados|atk|1
|-boost|p1a: Gyarados|spe|1
|move|p2a: Kingambit|Swords Dance|p2a: Kingambit
|-boost|p2a: Kingambit|atk|2
|
|upkeep
|turn|10
|
|t:|1779634735
|move|p2a: Kingambit|Sucker Punch||[still]
|-fail|p2a: Kingambit
|move|p1a: Gyarados|Dragon Dance|p1a: Gyarados
|-boost|p1a: Gyarados|atk|0
|-boost|p1a: Gyarados|spe|1
|
|upkeep
|turn|11
|
|t:|1779634741
|move|p2a: Kingambit|Sucker Punch|p1a: Gyarados
|-damage|p1a: Gyarados|0 fnt
|faint|p1a: Gyarados
|
|upkeep
|
|t:|1779634745
|switch|p1a: Ceruledge|Ceruledge, M|100/100
|-damage|p1a: Ceruledge|88/100|[from] Spikes
|turn|12
|
|t:|1779634754
|move|p1a: Ceruledge|Destiny Bond|p1a: Ceruledge
|-singlemove|p1a: Ceruledge|Destiny Bond
|move|p2a: Kingambit|Iron Head|p1a: Ceruledge
|-resisted|p1a: Ceruledge
|-damage|p1a: Ceruledge|10/100
|-ability|p1a: Ceruledge|Weak Armor|boost
|-unboost|p1a: Ceruledge|def|1
|-boost|p1a: Ceruledge|spe|2
|
|upkeep
|turn|13
|
|t:|1779634763
|move|p2a: Kingambit|Sucker Punch|p1a: Ceruledge
|-supereffective|p1a: Ceruledge
|-damage|p1a: Ceruledge|0 fnt
|faint|p1a: Ceruledge
|-activate|p1a: Ceruledge|move: Destiny Bond
|faint|p2a: Kingambit
|-end|p2a: Kingambit|fallen2|[silent]
|
|upkeep
|
|t:|1779634785
|switch|p1a: Tornadus|Tornadus-Therian, M|100/100
|switch|p2a: Dragonite|Dragonite, M|100/100
|turn|14
|
|t:|1779634791
|move|p1a: Tornadus|Bleakwind Storm|p2a: Dragonite|[miss]
|-miss|p1a: Tornadus|p2a: Dragonite
|move|p2a: Dragonite|Dragon Dance|p2a: Dragonite
|-boost|p2a: Dragonite|atk|1
|-boost|p2a: Dragonite|spe|1
|
|upkeep
|turn|15
|
|t:|1779634797
|move|p2a: Dragonite|Outrage|p1a: Tornadus
|-damage|p1a: Tornadus|0 fnt
|faint|p1a: Tornadus
|
|upkeep
|
|t:|1779634802
|switch|p1a: Kingambit|Kingambit, F|100/100
|-damage|p1a: Kingambit|88/100|[from] Spikes
|-activate|p1a: Kingambit|ability: Supreme Overlord
|-start|p1a: Kingambit|fallen4|[silent]
|turn|16
|
|t:|1779634807
|move|p2a: Dragonite|Outrage|p1a: Kingambit|[from] lockedmove
|-resisted|p1a: Kingambit
|-damage|p1a: Kingambit|46/100
|move|p1a: Kingambit|Zen Headbutt|p2a: Dragonite
|-damage|p2a: Dragonite|73/100
|
|upkeep
|turn|17
|
|t:|1779634815
|move|p1a: Kingambit|Sucker Punch|p2a: Dragonite
|-damage|p2a: Dragonite|17/100
|move|p2a: Dragonite|Outrage|p1a: Kingambit|[from] lockedmove
|-resisted|p1a: Kingambit
|-damage|p1a: Kingambit|5/100
|-start|p2a: Dragonite|confusion|[fatigue]
|
|upkeep
|turn|18
|
|t:|1779634828
|-activate|p2a: Dragonite|confusion
|move|p2a: Dragonite|Extreme Speed|p1a: Kingambit
|-resisted|p1a: Kingambit
|-damage|p1a: Kingambit|0 fnt
|faint|p1a: Kingambit
|-end|p1a: Kingambit|fallen4|[silent]
|
|upkeep
|
|t:|1779634830
|switch|p1a: Kyurem|Kyurem|100/100
|-damage|p1a: Kyurem|88/100|[from] Spikes
|-ability|p1a: Kyurem|Pressure
|turn|19
|
|t:|1779634833
|-end|p2a: Dragonite|confusion
|move|p2a: Dragonite|Outrage|p1a: Kyurem
|-supereffective|p1a: Kyurem
|-damage|p1a: Kyurem|0 fnt
|faint|p1a: Kyurem
|
|win|PapaJoJo
|raw|magikarp soup's rating: 1465 &rarr; <strong>1446</strong><br />(-19 for losing)
|raw|PapaJoJo's rating: 1480 &rarr; <strong>1499</strong><br />(+19 for winning)
|l|☆magikarp soup
|player|p1|
|c|☆PapaJoJo|gg
|l|☆PapaJoJo
|player|p2|
