|j|☆pokylemon
|j|☆Slyki
|t:|1779606614
|gametype|singles
|player|p1|pokylemon|170|1043
|player|p2|Slyki|sightseerf|1065
|gen|9
|tier|[Gen 9] OU
|rated|
|rule|HP Percentage Mod: HP is shown in percentages
|rule|Endless Battle Clause: Forcing endless battles is banned
|rule|Species Clause: Limit one of each Pokémon
|rule|OHKO Clause: OHKO moves are banned
|rule|Evasion Items Clause: Evasion items are banned
|rule|Evasion Moves Clause: Evasion moves are banned
|rule|Evasion Abilities Clause: Evasion abilities are banned
|rule|Sleep Moves Clause: Sleep-inducing moves are banned
|clearpoke
|poke|p1|Landorus-Therian, M|
|poke|p1|Alomomola, M|
|poke|p1|Skeledirge, M|
|poke|p1|Slowking-Galar, F|
|poke|p1|Regieleki|
|poke|p1|Zapdos-Galar|
|poke|p2|Pikachu-Alola, M|
|poke|p2|Dragapult, F|
|poke|p2|Slowking, M|
|poke|p2|Tsareena, F|
|poke|p2|Pelipper, F|
|poke|p2|Flygon, M|
|teampreview
|inactive|Battle timer is ON: inactive players will automatically lose when time's up. (requested by pokylemon)
|
|t:|1779606628
|teamsize|p1|6
|teamsize|p2|6
|start
|switch|p1a: Maybe I'm a Lion|Landorus-Therian, M|100/100
|switch|p2a: Aqua|Pelipper, F|100/100
|-ability|p1a: Maybe I'm a Lion|Intimidate|boost
|-unboost|p2a: Aqua|atk|1
|-weather|RainDance|[from] ability: Drizzle|[of] p2a: Aqua
|turn|1
|
|t:|1779606646
|switch|p1a: Jesus is King|Slowking-Galar, F|100/100
|move|p2a: Aqua|Knock Off|p1a: Jesus is King
|-supereffective|p1a: Jesus is King
|-damage|p1a: Jesus is King|82/100
|-enditem|p1a: Jesus is King|Heavy-Duty Boots|[from] move: Knock Off|[of] p2a: Aqua
|
|-weather|RainDance|[upkeep]
|upkeep
|turn|2
|
|t:|1779606657
|move|p2a: Aqua|U-turn|p1a: Jesus is King
|-damage|p1a: Jesus is King|75/100
|
|t:|1779606671
|switch|p2a: Ai|Pikachu-Alola, M|100/100|[from] U-turn
|-prepare|p1a: Jesus is King|Chilly Reception|[premajor]
|move|p1a: Jesus is King|Chilly Reception|p1a: Jesus is King
|-weather|Snowscape
|inactive|pokylemon has 120 seconds left.
|
|t:|1779606707
|switch|p1a: Maybe I'm a Lion|Landorus-Therian, M|100/100|[from] Chilly Reception
|-ability|p1a: Maybe I'm a Lion|Intimidate|boost
|-unboost|p2a: Ai|atk|1
|
|-weather|Snowscape|[upkeep]
|upkeep
|turn|3
|
|t:|1779606711
|move|p2a: Ai|Fake Out|p1a: Maybe I'm a Lion
|-damage|p1a: Maybe I'm a Lion|92/100
|cant|p1a: Maybe I'm a Lion|flinch
|
|-weather|Snowscape|[upkeep]
|-heal|p1a: Maybe I'm a Lion|98/100|[from] item: Leftovers
|upkeep
|turn|4
|
|t:|1779606719
|switch|p2a: Aqua|Pelipper, F|100/100
|-weather|RainDance|[from] ability: Drizzle|[of] p2a: Aqua
|move|p1a: Maybe I'm a Lion|Stealth Rock|p2a: Aqua
|-sidestart|p2: Slyki|move: Stealth Rock
|
|-weather|RainDance|[upkeep]
|-heal|p1a: Maybe I'm a Lion|100/100|[from] item: Leftovers
|upkeep
|turn|5
|
|t:|1779606733
|switch|p1a: Jesus is King|Slowking-Galar, F|100/100
|move|p2a: Aqua|Hurricane|p1a: Jesus is King
|-damage|p1a: Jesus is King|77/100
|
|-weather|RainDance|[upkeep]
|upkeep
|turn|6
|
|t:|1779606745
|move|p2a: Aqua|U-turn|p1a: Jesus is King
|-damage|p1a: Jesus is King|67/100
|
|t:|1779606747
|switch|p2a: Raiden|Tsareena, F, shiny|100/100|[from] U-turn
|-prepare|p1a: Jesus is King|Chilly Reception|[premajor]
|move|p1a: Jesus is King|Chilly Reception|p1a: Jesus is King
|-weather|Snowscape
|inactive|pokylemon has 120 seconds left.
|
|t:|1779606773
|switch|p1a: Bird Up|Zapdos-Galar|100/100|[from] Chilly Reception
|
|-weather|Snowscape|[upkeep]
|upkeep
|turn|7
|inactive|pokylemon has 120 seconds left.
|
|t:|1779606783
|move|p1a: Bird Up|U-turn|p2a: Raiden
|-supereffective|p2a: Raiden
|-damage|p2a: Raiden|35/100
|inactive|pokylemon has 120 seconds left.
|
|t:|1779606789
|switch|p1a: The Croc is Lava|Skeledirge, M|100/100|[from] U-turn
|move|p2a: Raiden|Rapid Spin|p1a: The Croc is Lava
|-immune|p1a: The Croc is Lava
|
|-weather|Snowscape|[upkeep]
|upkeep
|turn|8
|inactive|pokylemon has 120 seconds left.
|
|t:|1779606827
|switch|p1a: Jesus is King|Slowking-Galar, F|100/100
|move|p2a: Raiden|Knock Off|p1a: Jesus is King
|-supereffective|p1a: Jesus is King
|-damage|p1a: Jesus is King|54/100
|
|-weather|Snowscape|[upkeep]
|upkeep
|turn|9
|
|t:|1779606844
|move|p2a: Raiden|U-turn|p1a: Jesus is King
|-damage|p1a: Jesus is King|31/100
|
|t:|1779606853
|switch|p2a: Aqua|Pelipper, F|100/100|[from] U-turn
|-damage|p2a: Aqua|76/100|[from] Stealth Rock
|-weather|RainDance|[from] ability: Drizzle|[of] p2a: Aqua
|move|p1a: Jesus is King|Sludge Bomb|p2a: Aqua
|-damage|p2a: Aqua|28/100
|
|-weather|RainDance|[upkeep]
|upkeep
|turn|10
|
|t:|1779606858
|move|p2a: Aqua|Hurricane|p1a: Jesus is King
|-damage|p1a: Jesus is King|12/100
|-start|p1a: Jesus is King|confusion
|-prepare|p1a: Jesus is King|Chilly Reception|[premajor]
|-activate|p1a: Jesus is King|confusion
|move|p1a: Jesus is King|Chilly Reception|p1a: Jesus is King
|-weather|Snowscape
|inactive|pokylemon has 90 seconds left.
|
|t:|1779606899
|switch|p1a: Bird Up|Zapdos-Galar|100/100|[from] Chilly Reception
|
|-weather|Snowscape|[upkeep]
|upkeep
|turn|11
|
|t:|1779606912
|switch|p2a: Aura|Slowking, M|100/100
|-damage|p2a: Aura|88/100|[from] Stealth Rock
|move|p1a: Bird Up|Brave Bird|p2a: Aura
|-damage|p2a: Aura|0 fnt
|faint|p2a: Aura
|-damage|p1a: Bird Up|65/100|[from] Recoil
|
|-weather|Snowscape|[upkeep]
|upkeep
|
|t:|1779606929
|switch|p2a: Ai|Pikachu-Alola, M|100/100
|-damage|p2a: Ai|88/100|[from] Stealth Rock
|turn|12
|inactive|pokylemon has 90 seconds left.
|
|t:|1779606940
|switch|p1a: Maybe I'm a Lion|Landorus-Therian, M|100/100
|-ability|p1a: Maybe I'm a Lion|Intimidate|boost
|-unboost|p2a: Ai|atk|1
|move|p2a: Ai|Fake Out|p1a: Maybe I'm a Lion
|-damage|p1a: Maybe I'm a Lion|92/100
|
|-weather|Snowscape|[upkeep]
|-heal|p1a: Maybe I'm a Lion|98/100|[from] item: Leftovers
|upkeep
|turn|13
|inactive|pokylemon has 90 seconds left.
|
|t:|1779606951
|switch|p2a: In Memoriam|Flygon, M|100/100
|-damage|p2a: In Memoriam|95/100|[from] Stealth Rock
|move|p1a: Maybe I'm a Lion|U-turn|p2a: In Memoriam
|-damage|p2a: In Memoriam|58/100
|inactive|pokylemon has 90 seconds left.
|
|t:|1779606965
|switch|p1a: Fish Fear Me|Alomomola, M|100/100|[from] U-turn
|
|-weather|Snowscape|[upkeep]
|upkeep
|turn|14
|
|t:|1779606978
|move|p2a: In Memoriam|U-turn|p1a: Fish Fear Me
|-damage|p1a: Fish Fear Me|88/100
|
|t:|1779606981
|switch|p2a: Raiden|Tsareena, F, shiny|35/100|[from] U-turn
|move|p1a: Fish Fear Me|Flip Turn|p2a: Raiden
|-resisted|p2a: Raiden
|-damage|p2a: Raiden|28/100
|inactive|pokylemon has 90 seconds left.
|
|t:|1779607001
|switch|p1a: Bird Up|Zapdos-Galar|65/100|[from] Flip Turn
|
|-weather|none
|upkeep
|turn|15
|
|t:|1779607019
|switch|p2a: In Memoriam|Flygon, M|58/100
|-damage|p2a: In Memoriam|52/100|[from] Stealth Rock
|move|p1a: Bird Up|U-turn|p2a: In Memoriam
|-damage|p2a: In Memoriam|4/100
|-enditem|p2a: In Memoriam|Salac Berry|[eat]
|-boost|p2a: In Memoriam|spe|1|[from] item: Salac Berry
|inactive|pokylemon has 90 seconds left.
|
|t:|1779607037
|switch|p1a: Maybe I'm a Lion|Landorus-Therian, M|98/100|[from] U-turn
|-ability|p1a: Maybe I'm a Lion|Intimidate|boost
|-unboost|p2a: In Memoriam|atk|1
|
|-heal|p1a: Maybe I'm a Lion|100/100|[from] item: Leftovers
|upkeep
|turn|16
|
|t:|1779607043
|move|p2a: In Memoriam|U-turn|p1a: Maybe I'm a Lion
|-resisted|p1a: Maybe I'm a Lion
|-damage|p1a: Maybe I'm a Lion|92/100
|
|t:|1779607047
|switch|p2a: Raiden|Tsareena, F, shiny|28/100|[from] U-turn
|move|p1a: Maybe I'm a Lion|U-turn|p2a: Raiden
|-supereffective|p2a: Raiden
|-damage|p2a: Raiden|0 fnt
|faint|p2a: Raiden
|-message|Slyki forfeited.
|
|win|pokylemon
|raw|pokylemon's rating: 1043 &rarr; <strong>1079</strong><br />(+36 for winning)
|raw|Slyki's rating: 1065 &rarr; <strong>1044</strong><br />(-21 for losing)
|l|☆Slyki
|player|p2|
