|j|☆omari p
|j|☆Team10thPlanet
|t:|1779664338
|gametype|singles
|player|p1|omari p|pokemonrangerf|1712
|player|p2|Team10thPlanet|veteran|1672
|gen|9
|tier|[Gen 9] OU
|rated|
|rule|HP Percentage Mod: HP is shown in percentages
|rule|Endless Battle Clause: Forcing endless battles is banned
|rule|Species Clause: Limit one of each Pokémon
|rule|OHKO Clause: OHKO moves are banned
|rule|Evasion Items Clause: Evasion items are banned
|rule|Evasion Moves Clause: Evasion moves are banned
|rule|Evasion Abilities Clause: Evasion abilities are banned
|rule|Sleep Moves Clause: Sleep-inducing moves are banned
|clearpoke
|poke|p1|Hoopa|
|poke|p1|Cinderace, M|
|poke|p1|Mandibuzz, F|
|poke|p1|Kyurem|
|poke|p1|Ting-Lu|
|poke|p1|Manaphy|
|poke|p2|Zamazenta-*|
|poke|p2|Dragonite, M|
|poke|p2|Araquanid, M|
|poke|p2|Iron Treads|
|poke|p2|Raikou|
|poke|p2|Hoopa-Unbound|
|teampreview
|j| broflopieopp
|
|t:|1779664369
|teamsize|p1|6
|teamsize|p2|6
|start
|switch|p1a: Ting-Lucifer|Ting-Lu|100/100
|switch|p2a: Diego ⚡️|Raikou|100/100
|-ability|p2a: Diego ⚡️|Pressure
|-ability|p1a: Ting-Lucifer|Vessel of Ruin
|turn|1
|inactive|Battle timer is ON: inactive players will automatically lose when time's up. (requested by omari p)
|
|t:|1779664381
|switch|p2a: Johnny Tsunami 🌊|Araquanid, M|100/100
|move|p1a: Ting-Lucifer|Earthquake|p2a: Johnny Tsunami 🌊
|-resisted|p2a: Johnny Tsunami 🌊
|-damage|p2a: Johnny Tsunami 🌊|74/100
|
|upkeep
|turn|2
|
|t:|1779664388
|move|p1a: Ting-Lucifer|Stone Edge|p2a: Johnny Tsunami 🌊
|-supereffective|p2a: Johnny Tsunami 🌊
|-damage|p2a: Johnny Tsunami 🌊|0 fnt
|faint|p2a: Johnny Tsunami 🌊
|
|upkeep
|
|t:|1779664411
|switch|p2a: Iron Treads|Iron Treads|100/100
|-enditem|p2a: Iron Treads|Booster Energy
|-activate|p2a: Iron Treads|ability: Quark Drive|[fromitem]
|-start|p2a: Iron Treads|quarkdrivespe
|turn|3
|
|t:|1779664424
|move|p2a: Iron Treads|Earthquake|p1a: Ting-Lucifer
|-damage|p1a: Ting-Lucifer|72/100
|move|p1a: Ting-Lucifer|Earthquake|p2a: Iron Treads
|-supereffective|p2a: Iron Treads
|-damage|p2a: Iron Treads|5/100
|
|upkeep
|turn|4
|
|t:|1779664433
|move|p2a: Iron Treads|Endeavor|p1a: Ting-Lucifer
|-damage|p1a: Ting-Lucifer|3/100
|move|p1a: Ting-Lucifer|Earthquake|p2a: Iron Treads
|-supereffective|p2a: Iron Treads
|-damage|p2a: Iron Treads|0 fnt
|faint|p2a: Iron Treads
|-end|p2a: Iron Treads|Quark Drive|[silent]
|
|upkeep
|
|t:|1779664445
|switch|p2a: Hoopa|Hoopa-Unbound|100/100
|turn|5
|
|t:|1779664453
|move|p2a: Hoopa|Dark Pulse|p1a: Ting-Lucifer
|-resisted|p1a: Ting-Lucifer
|-damage|p1a: Ting-Lucifer|0 fnt
|faint|p1a: Ting-Lucifer
|
|upkeep
|
|t:|1779664455
|switch|p1a: Cinderace|Cinderace, M|100/100
|turn|6
|inactive|Team10thPlanet has 120 seconds left.
|
|t:|1779664505
|move|p2a: Hoopa|Dark Pulse|p1a: Cinderace
|-damage|p1a: Cinderace|29/100
|move|p1a: Cinderace|Pyro Ball|p2a: Hoopa
|-damage|p2a: Hoopa|0 fnt
|faint|p2a: Hoopa
|
|upkeep
|
|t:|1779664517
|switch|p2a: Diego ⚡️|Raikou|100/100
|-ability|p2a: Diego ⚡️|Pressure
|turn|7
|
|t:|1779664527
|switch|p2a: Fat Boy|Dragonite, M, shiny|100/100
|move|p1a: Cinderace|Pyro Ball|p2a: Fat Boy
|-resisted|p2a: Fat Boy
|-damage|p2a: Fat Boy|85/100
|
|upkeep
|turn|8
|
|t:|1779664539
|-terastallize|p2a: Fat Boy|Normal
|move|p1a: Cinderace|U-turn|p2a: Fat Boy
|-start|p1a: Cinderace|typechange|Bug|[from] ability: Libero
|-damage|p2a: Fat Boy|51/100
|
|t:|1779664542
|switch|p1a: Mandibuzz|Mandibuzz, F, shiny|100/100|[from] U-turn
|move|p2a: Fat Boy|Outrage|p1a: Mandibuzz
|-damage|p1a: Mandibuzz|34/100
|-damage|p2a: Fat Boy|35/100|[from] item: Rocky Helmet|[of] p1a: Mandibuzz
|
|upkeep
|turn|9
|
|t:|1779664552
|-terastallize|p1a: Mandibuzz|Fairy
|move|p1a: Mandibuzz|Roost|p1a: Mandibuzz
|-heal|p1a: Mandibuzz|84/100
|move|p2a: Fat Boy|Outrage|p1a: Mandibuzz|[from] lockedmove
|-immune|p1a: Mandibuzz
|
|upkeep
|turn|10
|c|☆Team10thPlanet|that went from yes!!
|c|☆omari p|why on earth am i faster
|c|☆Team10thPlanet|to oh f me
|c|☆Team10thPlanet|lol
|inactive|Team10thPlanet has 90 seconds left.
|c|☆omari p|also that's funny lol
|c|☆Team10thPlanet|bulky! 252 hp 25 atk
|
|t:|1779664597
|switch|p2a: Diego ⚡️|Raikou|100/100
|-ability|p2a: Diego ⚡️|Pressure
|move|p1a: Mandibuzz|Toxic|p2a: Diego ⚡️
|-status|p2a: Diego ⚡️|tox
|
|-damage|p2a: Diego ⚡️|94/100 tox|[from] psn
|upkeep
|turn|11
|
|t:|1779664608
|switch|p1a: Kyurem|Kyurem|100/100
|-ability|p1a: Kyurem|Pressure
|move|p2a: Diego ⚡️|Thunderbolt|p1a: Kyurem
|-resisted|p1a: Kyurem
|-damage|p1a: Kyurem|68/100
|
|-damage|p2a: Diego ⚡️|82/100 tox|[from] psn
|upkeep
|turn|12
|
|t:|1779664619
|switch|p2a: Zamazenta|Zamazenta|100/100
|-ability|p2a: Zamazenta|Dauntless Shield|boost
|-boost|p2a: Zamazenta|def|1
|move|p1a: Kyurem|Ice Beam|p2a: Zamazenta
|-damage|p2a: Zamazenta|54/100
|
|upkeep
|turn|13
|
|t:|1779664628
|switch|p1a: Mandibuzz|Mandibuzz, F, shiny, tera:Fairy|84/100
|move|p2a: Zamazenta|Crunch|p1a: Mandibuzz
|-resisted|p1a: Mandibuzz
|-damage|p1a: Mandibuzz|73/100
|-damage|p2a: Zamazenta|37/100|[from] item: Rocky Helmet|[of] p1a: Mandibuzz
|
|upkeep
|turn|14
|-message|Team10thPlanet forfeited.
|
|win|omari p
|raw|omari p's rating: 1712 &rarr; <strong>1730</strong><br />(+18 for winning)
|raw|Team10thPlanet's rating: 1672 &rarr; <strong>1654</strong><br />(-18 for losing)
|l|☆Team10thPlanet
|player|p2|
|l| broflopieopp
