|j|☆greatteams123
|j|☆YumeKasumi76
|t:|1779693341
|gametype|singles
|player|p1|greatteams123|lucas|1362
|player|p2|YumeKasumi76|101|1356
|gen|9
|tier|[Gen 9] OU
|rated|
|rule|HP Percentage Mod: HP is shown in percentages
|rule|Endless Battle Clause: Forcing endless battles is banned
|rule|Species Clause: Limit one of each Pokémon
|rule|OHKO Clause: OHKO moves are banned
|rule|Evasion Items Clause: Evasion items are banned
|rule|Evasion Moves Clause: Evasion moves are banned
|rule|Evasion Abilities Clause: Evasion abilities are banned
|rule|Sleep Moves Clause: Sleep-inducing moves are banned
|clearpoke
|poke|p1|Dragapult, M|
|poke|p1|Corviknight, M|
|poke|p1|Blissey, F|
|poke|p1|Gliscor, M|
|poke|p1|Amoonguss, M|
|poke|p1|Orthworm, F|
|poke|p2|Dragapult, M|
|poke|p2|Bisharp, F|
|poke|p2|Glimmora, F|
|poke|p2|Entei|
|poke|p2|Braviary-Hisui, M|
|poke|p2|Cloyster, F|
|teampreview
|inactive|Battle timer is ON: inactive players will automatically lose when time's up. (requested by YumeKasumi76)
|
|t:|1779693349
|teamsize|p1|6
|teamsize|p2|6
|start
|switch|p1a: Gliscor|Gliscor, M|100/100
|switch|p2a: Sovereign|Entei|100/100
|turn|1
|
|t:|1779693352
|move|p1a: Gliscor|Protect|p1a: Gliscor
|-singleturn|p1a: Gliscor|Protect
|move|p2a: Sovereign|Roar|p1a: Gliscor
|drag|p1a: Corviknight|Corviknight, M|100/100
|-ability|p1a: Corviknight|Pressure
|
|upkeep
|turn|2
|
|t:|1779693356
|switch|p1a: Gliscor|Gliscor, M|100/100
|move|p2a: Sovereign|Sacred Fire|p1a: Gliscor
|-damage|p1a: Gliscor|57/100
|-status|p1a: Gliscor|brn
|
|-damage|p1a: Gliscor|51/100 brn|[from] brn
|upkeep
|turn|3
|
|t:|1779693363
|switch|p2a: Bellator|Bisharp, F, shiny|100/100
|move|p1a: Gliscor|Toxic|p2a: Bellator
|-immune|p2a: Bellator
|
|-damage|p1a: Gliscor|45/100 brn|[from] brn
|upkeep
|turn|4
|
|t:|1779693366
|switch|p1a: Orthworm|Orthworm, F|100/100
|move|p2a: Bellator|Stealth Rock|p1a: Orthworm
|-sidestart|p1: greatteams123|move: Stealth Rock
|
|upkeep
|turn|5
|
|t:|1779693372
|switch|p2a: Mentalist|Braviary-Hisui, M|100/100
|move|p1a: Orthworm|Body Press|p2a: Mentalist
|-resisted|p2a: Mentalist
|-damage|p2a: Mentalist|91/100
|
|upkeep
|turn|6
|
|t:|1779693375
|move|p2a: Mentalist|Esper Wing|p1a: Orthworm
|-resisted|p1a: Orthworm
|-damage|p1a: Orthworm|59/100
|-boost|p2a: Mentalist|spe|1
|move|p1a: Orthworm|Iron Defense|p1a: Orthworm
|-boost|p1a: Orthworm|def|2
|
|-heal|p1a: Orthworm|65/100|[from] item: Leftovers
|upkeep
|turn|7
|
|t:|1779693383
|move|p2a: Mentalist|Esper Wing|p1a: Orthworm
|-resisted|p1a: Orthworm
|-damage|p1a: Orthworm|21/100
|-boost|p2a: Mentalist|spe|1
|move|p1a: Orthworm|Rest|p1a: Orthworm
|-status|p1a: Orthworm|slp|[from] move: Rest
|-heal|p1a: Orthworm|100/100 slp|[silent]
|
|upkeep
|turn|8
|
|t:|1779693389
|switch|p1a: Blissey|Blissey, F|100/100
|move|p2a: Mentalist|Hurricane|p1a: Blissey|[miss]
|-miss|p2a: Mentalist|p1a: Blissey
|
|upkeep
|turn|9
|
|t:|1779693412
|move|p2a: Mentalist|Close Combat|p1a: Blissey
|-supereffective|p1a: Blissey
|-damage|p1a: Blissey|52/100
|-unboost|p2a: Mentalist|def|1
|-unboost|p2a: Mentalist|spd|1
|move|p1a: Blissey|Shadow Ball|p2a: Mentalist
|-supereffective|p2a: Mentalist
|-damage|p2a: Mentalist|39/100
|-unboost|p2a: Mentalist|spd|1
|-enditem|p2a: Mentalist|Weakness Policy
|-boost|p2a: Mentalist|atk|2|[from] item: Weakness Policy
|-boost|p2a: Mentalist|spa|2|[from] item: Weakness Policy
|
|upkeep
|turn|10
|
|t:|1779693430
|switch|p1a: Gliscor|Gliscor, M|45/100 brn
|-damage|p1a: Gliscor|32/100 brn|[from] Stealth Rock
|move|p2a: Mentalist|Roost|p2a: Mentalist
|-heal|p2a: Mentalist|89/100
|-singleturn|p2a: Mentalist|move: Roost
|
|-damage|p1a: Gliscor|26/100 brn|[from] brn
|upkeep
|turn|11
|
|t:|1779693433
|move|p2a: Mentalist|Esper Wing|p1a: Gliscor
|-damage|p1a: Gliscor|0 fnt
|-boost|p2a: Mentalist|spe|1
|faint|p1a: Gliscor
|
|upkeep
|
|t:|1779693444
|switch|p1a: Corviknight|Corviknight, M|100/100
|-damage|p1a: Corviknight|88/100|[from] Stealth Rock
|-ability|p1a: Corviknight|Pressure
|turn|12
|
|t:|1779693456
|move|p2a: Mentalist|Hurricane|p1a: Corviknight|[miss]
|-miss|p2a: Mentalist|p1a: Corviknight
|move|p1a: Corviknight|Brave Bird|p2a: Mentalist
|-damage|p2a: Mentalist|18/100
|-damage|p1a: Corviknight|67/100|[from] Recoil
|
|-heal|p1a: Corviknight|73/100|[from] item: Leftovers
|upkeep
|turn|13
|
|t:|1779693459
|move|p2a: Mentalist|Hurricane|p1a: Corviknight
|-resisted|p1a: Corviknight
|-damage|p1a: Corviknight|0 fnt
|faint|p1a: Corviknight
|
|upkeep
|-message|greatteams123 forfeited.
|
|win|YumeKasumi76
|raw|greatteams123's rating: 1362 &rarr; <strong>1342</strong><br />(-20 for losing)
|raw|YumeKasumi76's rating: 1356 &rarr; <strong>1376</strong><br />(+20 for winning)
|l|☆YumeKasumi76
|player|p2|
|l|☆greatteams123
|player|p1|
