|j|☆1dbqp Drraakkee
|j|☆NASTYGRINGO
|t:|1779661130
|gametype|singles
|player|p1|1dbqp Drraakkee|lucas|1141
|player|p2|NASTYGRINGO|n|1202
|gen|9
|tier|[Gen 9] OU
|rated|
|rule|HP Percentage Mod: HP is shown in percentages
|rule|Endless Battle Clause: Forcing endless battles is banned
|rule|Species Clause: Limit one of each Pokémon
|rule|OHKO Clause: OHKO moves are banned
|rule|Evasion Items Clause: Evasion items are banned
|rule|Evasion Moves Clause: Evasion moves are banned
|rule|Evasion Abilities Clause: Evasion abilities are banned
|rule|Sleep Moves Clause: Sleep-inducing moves are banned
|clearpoke
|poke|p1|Ogerpon, F|
|poke|p1|Darkrai|
|poke|p1|Kyurem|
|poke|p1|Landorus-Therian, M|
|poke|p1|Iron Crown|
|poke|p1|Iron Moth|
|poke|p2|Great Tusk|
|poke|p2|Volcanion|
|poke|p2|Zapdos|
|poke|p2|Meowscarada, F|
|poke|p2|Hatterene, F|
|poke|p2|Kingambit, F|
|teampreview
|
|t:|1779661146
|teamsize|p1|6
|teamsize|p2|6
|start
|switch|p1a: Iron Moth|Iron Moth|100/100
|switch|p2a: Great Tusk|Great Tusk|100/100
|turn|1
|
|t:|1779661159
|move|p1a: Iron Moth|Hurricane|p2a: Great Tusk
|-supereffective|p2a: Great Tusk
|-damage|p2a: Great Tusk|0 fnt
|faint|p2a: Great Tusk
|-end|p2a: Great Tusk|Protosynthesis|[silent]
|
|upkeep
|
|t:|1779661168
|switch|p2a: Zapdos|Zapdos|100/100
|turn|2
|
|t:|1779661175
|move|p1a: Iron Moth|Meteor Beam||[still]
|-prepare|p1a: Iron Moth|Meteor Beam
|-boost|p1a: Iron Moth|spa|1
|-enditem|p1a: Iron Moth|Power Herb
|-anim|p1a: Iron Moth|Meteor Beam|p2a: Zapdos|[miss]
|-miss|p1a: Iron Moth|p2a: Zapdos
|move|p2a: Zapdos|Thunder Wave|p1a: Iron Moth
|-status|p1a: Iron Moth|par
|
|upkeep
|turn|3
|
|t:|1779661207
|move|p2a: Zapdos|Volt Switch|p1a: Iron Moth
|-damage|p1a: Iron Moth|70/100 par
|
|t:|1779661220
|switch|p2a: Volcanion|Volcanion|100/100|[from] Volt Switch
|move|p1a: Iron Moth|Sludge Wave|p2a: Volcanion
|-damage|p2a: Volcanion|27/100
|
|upkeep
|turn|4
|
|t:|1779661236
|move|p2a: Volcanion|Earth Power|p1a: Iron Moth
|-supereffective|p1a: Iron Moth
|-damage|p1a: Iron Moth|0 fnt
|faint|p1a: Iron Moth
|-end|p1a: Iron Moth|Quark Drive|[silent]
|
|upkeep
|
|t:|1779661253
|switch|p1a: Darkrai|Darkrai|100/100
|-item|p1a: Darkrai|Air Balloon
|turn|5
|
|t:|1779661275
|switch|p2a: Kingambit|Kingambit, F|100/100
|-activate|p2a: Kingambit|ability: Supreme Overlord
|-start|p2a: Kingambit|fallen1|[silent]
|move|p1a: Darkrai|Sludge Bomb|p2a: Kingambit
|-immune|p2a: Kingambit
|
|upkeep
|turn|6
|
|t:|1779661288
|move|p2a: Kingambit|Sucker Punch||[still]
|-fail|p2a: Kingambit
|move|p1a: Darkrai|Thunder Wave|p2a: Kingambit
|-status|p2a: Kingambit|par
|
|upkeep
|turn|7
|
|t:|1779661298
|switch|p1a: Landorus|Landorus-Therian, M|100/100
|-ability|p1a: Landorus|Intimidate|boost
|-unboost|p2a: Kingambit|atk|1
|move|p2a: Kingambit|Swords Dance|p2a: Kingambit
|-boost|p2a: Kingambit|atk|2
|
|upkeep
|turn|8
|
|t:|1779661323
|-end|p2a: Kingambit|fallen1|[silent]
|switch|p2a: Zapdos|Zapdos|100/100
|move|p1a: Landorus|Calm Mind|p1a: Landorus
|-boost|p1a: Landorus|spa|1
|-boost|p1a: Landorus|spd|1
|
|upkeep
|turn|9
|
|t:|1779661338
|move|p1a: Landorus|Sludge Bomb|p2a: Zapdos
|-damage|p2a: Zapdos|53/100
|-damage|p1a: Landorus|90/100|[from] item: Life Orb
|move|p2a: Zapdos|Thunder Wave|p1a: Landorus
|-immune|p1a: Landorus
|
|upkeep
|turn|10
|
|t:|1779661347
|move|p1a: Landorus|Sludge Bomb|p2a: Zapdos
|-damage|p2a: Zapdos|4/100
|-damage|p1a: Landorus|80/100|[from] item: Life Orb
|move|p2a: Zapdos|Hurricane|p1a: Landorus
|-damage|p1a: Landorus|43/100
|
|upkeep
|turn|11
|
|t:|1779661367
|switch|p2a: Meowscarada|Meowscarada, F|100/100
|move|p1a: Landorus|Sludge Bomb|p2a: Meowscarada
|-supereffective|p2a: Meowscarada
|-damage|p2a: Meowscarada|0 fnt
|faint|p2a: Meowscarada
|-damage|p1a: Landorus|33/100|[from] item: Life Orb
|
|upkeep
|
|t:|1779661380
|switch|p2a: Volcanion|Volcanion|27/100
|turn|12
|
|t:|1779661388
|move|p1a: Landorus|Earth Power|p2a: Volcanion
|-supereffective|p2a: Volcanion
|-damage|p2a: Volcanion|0 fnt
|faint|p2a: Volcanion
|-damage|p1a: Landorus|23/100|[from] item: Life Orb
|
|upkeep
|
|t:|1779661399
|switch|p2a: Kingambit|Kingambit, F|100/100 par
|-activate|p2a: Kingambit|ability: Supreme Overlord
|-start|p2a: Kingambit|fallen3|[silent]
|turn|13
|
|t:|1779661419
|cant|p2a: Kingambit|par
|move|p1a: Landorus|Focus Blast|p2a: Kingambit
|-supereffective|p2a: Kingambit
|-damage|p2a: Kingambit|0 fnt
|faint|p2a: Kingambit
|-end|p2a: Kingambit|fallen3|[silent]
|-damage|p1a: Landorus|13/100|[from] item: Life Orb
|
|upkeep
|
|t:|1779661433
|switch|p2a: Hatterene|Hatterene, F|100/100
|turn|14
|
|t:|1779661454
|move|p1a: Landorus|Sludge Bomb|p2a: Hatterene
|-supereffective|p2a: Hatterene
|-damage|p2a: Hatterene|0 fnt
|faint|p2a: Hatterene
|-damage|p1a: Landorus|3/100|[from] item: Life Orb
|
|upkeep
|
|t:|1779661460
|switch|p2a: Zapdos|Zapdos|4/100
|turn|15
|
|t:|1779661468
|-terastallize|p1a: Landorus|Fighting
|move|p1a: Landorus|Focus Blast|p2a: Zapdos
|-resisted|p2a: Zapdos
|-damage|p2a: Zapdos|0 fnt
|faint|p2a: Zapdos
|-damage|p1a: Landorus|0 fnt|[from] item: Life Orb
|faint|p1a: Landorus
|
|win|1dbqp Drraakkee
|raw|1dbqp Drraakkee's rating: 1141 &rarr; <strong>1170</strong><br />(+29 for winning)
|raw|NASTYGRINGO's rating: 1202 &rarr; <strong>1173</strong><br />(-29 for losing)
|c|☆NASTYGRINGO|gg
|l|☆NASTYGRINGO
|player|p2|
