|j|☆ghkliufxcbnkhgdccc
|j|☆Fear covraa
|t:|1779599547
|gametype|singles
|player|p1|ghkliufxcbnkhgdccc|rosa|1288
|player|p2|Fear covraa|waiter-gen4|1308
|gen|9
|tier|[Gen 9] OU
|rated|
|rule|HP Percentage Mod: HP is shown in percentages
|rule|Endless Battle Clause: Forcing endless battles is banned
|rule|Species Clause: Limit one of each Pokémon
|rule|OHKO Clause: OHKO moves are banned
|rule|Evasion Items Clause: Evasion items are banned
|rule|Evasion Moves Clause: Evasion moves are banned
|rule|Evasion Abilities Clause: Evasion abilities are banned
|rule|Sleep Moves Clause: Sleep-inducing moves are banned
|clearpoke
|poke|p1|Tyranitar, M|
|poke|p1|Zapdos|
|poke|p1|Weezing-Galar, F|
|poke|p1|Kyurem|
|poke|p1|Ogerpon-Wellspring, F|
|poke|p1|Dragonite, F|
|poke|p2|Ceruledge, M|
|poke|p2|Thundurus, M|
|poke|p2|Polteageist-Antique|
|poke|p2|Glimmora, M|
|poke|p2|Darkrai|
|poke|p2|Zamazenta-*|
|teampreview
|inactive|Battle timer is ON: inactive players will automatically lose when time's up. (requested by Fear covraa)
|inactive|ghkliufxcbnkhgdccc also wants the timer to be on.
|
|t:|1779599552
|teamsize|p1|6
|teamsize|p2|6
|start
|switch|p1a: Dragonite|Dragonite, F|100/100
|switch|p2a: Glimmora|Glimmora, M|100/100
|turn|1
|
|t:|1779599558
|move|p2a: Glimmora|Stealth Rock|p1a: Dragonite
|-sidestart|p1: ghkliufxcbnkhgdccc|move: Stealth Rock
|move|p1a: Dragonite|Dragon Dance|p1a: Dragonite
|-boost|p1a: Dragonite|atk|1
|-boost|p1a: Dragonite|spe|1
|
|upkeep
|turn|2
|
|t:|1779599560
|move|p2a: Glimmora|Mortal Spin|p1a: Dragonite
|-damage|p1a: Dragonite|97/100
|-status|p1a: Dragonite|psn
|move|p1a: Dragonite|Earthquake|p2a: Glimmora
|-supereffective|p2a: Glimmora
|-enditem|p2a: Glimmora|Focus Sash
|-damage|p2a: Glimmora|1/100
|-activate|p2a: Glimmora|ability: Toxic Debris
|-sidestart|p1: ghkliufxcbnkhgdccc|move: Toxic Spikes
|
|-damage|p1a: Dragonite|85/100 psn|[from] psn
|upkeep
|turn|3
|
|t:|1779599567
|move|p2a: Glimmora|Memento|p1a: Dragonite
|-unboost|p1a: Dragonite|atk|2
|-unboost|p1a: Dragonite|spa|2
|faint|p2a: Glimmora
|move|p1a: Dragonite|Dragon Dance|p1a: Dragonite
|-boost|p1a: Dragonite|atk|1
|-boost|p1a: Dragonite|spe|1
|
|-damage|p1a: Dragonite|72/100 psn|[from] psn
|upkeep
|
|t:|1779599579
|switch|p2a: Darkrai|Darkrai|100/100
|turn|4
|
|t:|1779599581
|move|p1a: Dragonite|Extreme Speed|p2a: Darkrai
|-damage|p2a: Darkrai|60/100
|move|p2a: Darkrai|Ice Beam|p1a: Dragonite
|-supereffective|p1a: Dragonite
|-damage|p1a: Dragonite|0 fnt
|faint|p1a: Dragonite
|
|upkeep
|
|t:|1779599586
|switch|p1a: Weezing|Weezing-Galar, F|100/100
|-ability|p1a: Weezing|Neutralizing Gas
|-damage|p1a: Weezing|88/100|[from] Stealth Rock
|-sideend|p1: ghkliufxcbnkhgdccc|move: Toxic Spikes|[of] p1a: Weezing
|turn|5
|
|t:|1779599592
|move|p2a: Darkrai|Nasty Plot|p2a: Darkrai
|-boost|p2a: Darkrai|spa|2
|move|p1a: Weezing|Defog|p2a: Darkrai
|-unboost|p2a: Darkrai|evasion|1
|-sideend|p1: ghkliufxcbnkhgdccc|Stealth Rock|[from] move: Defog|[of] p1a: Weezing
|
|-heal|p1a: Weezing|94/100|[from] item: Black Sludge
|upkeep
|turn|6
|
|t:|1779599594
|move|p2a: Darkrai|Sludge Bomb|p1a: Weezing
|-damage|p1a: Weezing|0 fnt
|faint|p1a: Weezing
|-end|p1a: Weezing|ability: Neutralizing Gas
|
|upkeep
|
|t:|1779599598
|switch|p1a: Kyurem|Kyurem|100/100
|-ability|p1a: Kyurem|Pressure
|turn|7
|
|t:|1779599602
|move|p1a: Kyurem|Draco Meteor|p2a: Darkrai
|-damage|p2a: Darkrai|0 fnt
|-unboost|p1a: Kyurem|spa|2
|faint|p2a: Darkrai
|
|upkeep
|
|t:|1779599606
|switch|p2a: Tea|Polteageist-Antique|100/100
|turn|8
|
|t:|1779599608
|switch|p1a: Tyranitar|Tyranitar, M|100/100
|-weather|Sandstorm|[from] ability: Sand Stream|[of] p1a: Tyranitar
|move|p2a: Tea|Shell Smash|p2a: Tea
|-unboost|p2a: Tea|def|1
|-unboost|p2a: Tea|spd|1
|-boost|p2a: Tea|atk|2
|-boost|p2a: Tea|spa|2
|-boost|p2a: Tea|spe|2
|
|-weather|Sandstorm|[upkeep]
|-damage|p2a: Tea|94/100|[from] Sandstorm
|upkeep
|turn|9
|
|t:|1779599612
|move|p2a: Tea|Shadow Ball|p1a: Tyranitar
|-resisted|p1a: Tyranitar
|-damage|p1a: Tyranitar|85/100
|-unboost|p1a: Tyranitar|spd|1
|move|p1a: Tyranitar|Knock Off|p2a: Tea
|-supereffective|p2a: Tea
|-damage|p2a: Tea|0 fnt
|-enditem|p2a: Tea|Focus Sash|[from] move: Knock Off|[of] p1a: Tyranitar
|faint|p2a: Tea
|
|-weather|Sandstorm|[upkeep]
|upkeep
|
|t:|1779599618
|switch|p2a: Zamazenta|Zamazenta|100/100
|-ability|p2a: Zamazenta|Dauntless Shield|boost
|-boost|p2a: Zamazenta|def|1
|turn|10
|
|t:|1779599621
|switch|p1a: Zapdos|Zapdos|100/100
|move|p2a: Zamazenta|Iron Defense|p2a: Zamazenta
|-boost|p2a: Zamazenta|def|2
|
|-weather|Sandstorm|[upkeep]
|-damage|p2a: Zamazenta|94/100|[from] Sandstorm
|-damage|p1a: Zapdos|94/100|[from] Sandstorm
|-heal|p2a: Zamazenta|100/100|[from] item: Leftovers
|upkeep
|turn|11
|
|t:|1779599627
|-terastallize|p2a: Zamazenta|Water
|move|p2a: Zamazenta|Iron Defense|p2a: Zamazenta
|-boost|p2a: Zamazenta|def|2
|move|p1a: Zapdos|Hurricane|p2a: Zamazenta|[miss]
|-miss|p1a: Zapdos|p2a: Zamazenta
|
|-weather|Sandstorm|[upkeep]
|-damage|p2a: Zamazenta|94/100|[from] Sandstorm
|-damage|p1a: Zapdos|88/100|[from] Sandstorm
|-heal|p2a: Zamazenta|100/100|[from] item: Leftovers
|upkeep
|turn|12
|
|t:|1779599630
|move|p2a: Zamazenta|Body Press|p1a: Zapdos
|-resisted|p1a: Zapdos
|-damage|p1a: Zapdos|21/100
|move|p1a: Zapdos|Volt Switch|p2a: Zamazenta
|-supereffective|p2a: Zamazenta
|-damage|p2a: Zamazenta|37/100
|
|t:|1779599633
|switch|p1a: Kyurem|Kyurem|100/100|[from] Volt Switch
|-ability|p1a: Kyurem|Pressure
|
|-weather|none
|-heal|p2a: Zamazenta|43/100|[from] item: Leftovers
|upkeep
|turn|13
|
|t:|1779599637
|move|p1a: Kyurem|Freeze-Dry|p2a: Zamazenta
|-supereffective|p2a: Zamazenta
|-damage|p2a: Zamazenta|0 fnt
|faint|p2a: Zamazenta
|
|upkeep
|
|t:|1779599641
|switch|p2a: Ceruledge|Ceruledge, M|100/100
|turn|14
|
|t:|1779599645
|switch|p1a: Tyranitar|Tyranitar, M|85/100
|-weather|Sandstorm|[from] ability: Sand Stream|[of] p1a: Tyranitar
|move|p2a: Ceruledge|Swords Dance|p2a: Ceruledge
|-boost|p2a: Ceruledge|atk|2
|
|-weather|Sandstorm|[upkeep]
|-damage|p2a: Ceruledge|94/100|[from] Sandstorm
|upkeep
|turn|15
|
|t:|1779599648
|switch|p1a: Zapdos|Zapdos|21/100
|move|p2a: Ceruledge|Bitter Blade|p1a: Zapdos
|-damage|p1a: Zapdos|0 fnt
|-heal|p2a: Ceruledge|100/100|[from] drain|[of] p1a: Zapdos
|faint|p1a: Zapdos
|
|-weather|Sandstorm|[upkeep]
|-damage|p2a: Ceruledge|94/100|[from] Sandstorm
|upkeep
|
|t:|1779599650
|switch|p1a: Ogerpon|Ogerpon-Wellspring, F|100/100
|turn|16
|
|t:|1779599653
|move|p1a: Ogerpon|Ivy Cudgel|p2a: Ceruledge|[anim] Ivy Cudgel Water
|-supereffective|p2a: Ceruledge
|-damage|p2a: Ceruledge|0 fnt
|faint|p2a: Ceruledge
|
|-weather|Sandstorm|[upkeep]
|-damage|p1a: Ogerpon|95/100|[from] Sandstorm
|upkeep
|
|t:|1779599655
|switch|p2a: Thundurus|Thundurus, M|100/100
|turn|17
|
|t:|1779599657
|move|p1a: Ogerpon|Ivy Cudgel|p2a: Thundurus|[anim] Ivy Cudgel Water
|-damage|p2a: Thundurus|9/100
|move|p2a: Thundurus|Agility|p2a: Thundurus
|-boost|p2a: Thundurus|spe|2
|
|-weather|Sandstorm|[upkeep]
|-damage|p2a: Thundurus|3/100|[from] Sandstorm
|-damage|p1a: Ogerpon|89/100|[from] Sandstorm
|upkeep
|turn|18
|
|t:|1779599661
|move|p2a: Thundurus|Swagger|p1a: Ogerpon
|-boost|p1a: Ogerpon|atk|2
|-start|p1a: Ogerpon|confusion
|-enditem|p2a: Thundurus|Mirror Herb
|-boost|p2a: Thundurus|atk|2|[from] item: Mirror Herb
|-activate|p1a: Ogerpon|confusion
|-damage|p1a: Ogerpon|55/100|[from] confusion
|
|-weather|none
|upkeep
|turn|19
|
|t:|1779599674
|switch|p1a: Tyranitar|Tyranitar, M|85/100
|-weather|Sandstorm|[from] ability: Sand Stream|[of] p1a: Tyranitar
|move|p2a: Thundurus|Supercell Slam|p1a: Tyranitar
|-crit|p1a: Tyranitar
|-damage|p1a: Tyranitar|0 fnt
|faint|p1a: Tyranitar
|
|-weather|Sandstorm|[upkeep]
|-damage|p2a: Thundurus|0 fnt|[from] Sandstorm
|faint|p2a: Thundurus
|
|win|ghkliufxcbnkhgdccc
|raw|ghkliufxcbnkhgdccc's rating: 1288 &rarr; <strong>1314</strong><br />(+26 for winning)
|raw|Fear covraa's rating: 1308 &rarr; <strong>1287</strong><br />(-21 for losing)
|l|☆Fear covraa
|player|p2|
