|j|☆DomecQbiy
|j|☆ssthejonkkkler
|t:|1779635700
|gametype|singles
|player|p1|DomecQbiy|265|1135
|player|p2|ssthejonkkkler|linebacker|1104
|gen|9
|tier|[Gen 9] OU
|rated|
|rule|HP Percentage Mod: HP is shown in percentages
|rule|Endless Battle Clause: Forcing endless battles is banned
|rule|Species Clause: Limit one of each Pokémon
|rule|OHKO Clause: OHKO moves are banned
|rule|Evasion Items Clause: Evasion items are banned
|rule|Evasion Moves Clause: Evasion moves are banned
|rule|Evasion Abilities Clause: Evasion abilities are banned
|rule|Sleep Moves Clause: Sleep-inducing moves are banned
|clearpoke
|poke|p1|Corviknight, F|
|poke|p1|Heatran, M|
|poke|p1|Garchomp, M|
|poke|p1|Gengar, M|
|poke|p1|Raikou|
|poke|p1|Tropius, M|
|poke|p2|Torkoal, M|
|poke|p2|Walking Wake|
|poke|p2|Ursaluna, F|
|poke|p2|Landorus-Therian, M|
|poke|p2|Alomomola, M|
|poke|p2|Deoxys-Speed|
|teampreview
|inactive|Battle timer is ON: inactive players will automatically lose when time's up. (requested by ssthejonkkkler)
|
|t:|1779635709
|teamsize|p1|6
|teamsize|p2|6
|start
|switch|p1a: Garchomp|Garchomp, M|100/100
|switch|p2a: Torkoal|Torkoal, M|100/100
|-weather|SunnyDay|[from] ability: Drought|[of] p2a: Torkoal
|-item|p2a: Torkoal|Air Balloon
|turn|1
|
|t:|1779635723
|move|p1a: Garchomp|Stone Edge|p2a: Torkoal|[miss]
|-miss|p1a: Garchomp|p2a: Torkoal
|move|p2a: Torkoal|Stealth Rock|p1a: Garchomp
|-sidestart|p1: DomecQbiy|move: Stealth Rock
|
|-weather|SunnyDay|[upkeep]
|upkeep
|turn|2
|
|t:|1779635739
|switch|p2a: Alomomola|Alomomola, M|100/100
|move|p1a: Garchomp|Stone Edge|p2a: Alomomola
|-damage|p2a: Alomomola|78/100
|
|-weather|SunnyDay|[upkeep]
|-heal|p2a: Alomomola|85/100|[from] item: Leftovers
|upkeep
|turn|3
|
|t:|1779635755
|move|p1a: Garchomp|Earthquake|p2a: Alomomola
|-damage|p2a: Alomomola|50/100
|move|p2a: Alomomola|Wish|p2a: Alomomola
|
|-weather|SunnyDay|[upkeep]
|-heal|p2a: Alomomola|56/100|[from] item: Leftovers
|upkeep
|turn|4
|
|t:|1779635763
|switch|p1a: Corviknight|Corviknight, F, shiny|100/100
|-damage|p1a: Corviknight|88/100|[from] Stealth Rock
|-ability|p1a: Corviknight|Pressure
|move|p2a: Alomomola|Flip Turn|p1a: Corviknight
|-damage|p1a: Corviknight|83/100
|-damage|p2a: Alomomola|39/100|[from] item: Rocky Helmet|[of] p1a: Corviknight
|
|t:|1779635782
|switch|p2a: Walking Wake|Walking Wake|100/100|[from] Flip Turn
|-activate|p2a: Walking Wake|ability: Protosynthesis
|-start|p2a: Walking Wake|protosynthesisspe
|
|-weather|SunnyDay|[upkeep]
|upkeep
|turn|5
|
|t:|1779635795
|move|p2a: Walking Wake|Flamethrower|p1a: Corviknight
|-supereffective|p1a: Corviknight
|-damage|p1a: Corviknight|0 fnt
|faint|p1a: Corviknight
|
|-weather|none
|-end|p2a: Walking Wake|Protosynthesis
|upkeep
|
|t:|1779635804
|switch|p1a: Raikou|Raikou|100/100
|-damage|p1a: Raikou|88/100|[from] Stealth Rock
|-item|p1a: Raikou|Air Balloon
|turn|6
|
|t:|1779635814
|-end|p2a: Walking Wake|Protosynthesis|[silent]
|switch|p2a: Torkoal|Torkoal, M|100/100
|-weather|SunnyDay|[from] ability: Drought|[of] p2a: Torkoal
|-item|p2a: Torkoal|Air Balloon
|move|p1a: Raikou|Scald|p2a: Torkoal
|-supereffective|p2a: Torkoal
|-damage|p2a: Torkoal|66/100
|-enditem|p2a: Torkoal|Air Balloon
|
|-weather|SunnyDay|[upkeep]
|upkeep
|turn|7
|
|t:|1779635829
|move|p1a: Raikou|Scald|p2a: Torkoal
|-supereffective|p2a: Torkoal
|-damage|p2a: Torkoal|26/100
|move|p2a: Torkoal|Body Press|p1a: Raikou
|-damage|p1a: Raikou|42/100
|-enditem|p1a: Raikou|Air Balloon
|
|-weather|SunnyDay|[upkeep]
|upkeep
|turn|8
|
|t:|1779635841
|switch|p2a: Alomomola|Alomomola, M|73/100
|move|p1a: Raikou|Scald|p2a: Alomomola
|-resisted|p2a: Alomomola
|-damage|p2a: Alomomola|68/100
|-status|p2a: Alomomola|brn
|
|-weather|SunnyDay|[upkeep]
|-heal|p2a: Alomomola|74/100 brn|[from] item: Leftovers
|-damage|p2a: Alomomola|68/100 brn|[from] brn
|upkeep
|turn|9
|
|t:|1779635854
|move|p1a: Raikou|Discharge|p2a: Alomomola
|-supereffective|p2a: Alomomola
|-damage|p2a: Alomomola|6/100 brn
|move|p2a: Alomomola|Wish|p2a: Alomomola
|
|-weather|SunnyDay|[upkeep]
|-heal|p2a: Alomomola|13/100 brn|[from] item: Leftovers
|-damage|p2a: Alomomola|6/100 brn|[from] brn
|upkeep
|turn|10
|
|t:|1779635866
|switch|p2a: Walking Wake|Walking Wake|100/100
|-activate|p2a: Walking Wake|ability: Protosynthesis
|-start|p2a: Walking Wake|protosynthesisspe
|move|p1a: Raikou|Extreme Speed|p2a: Walking Wake
|-damage|p2a: Walking Wake|85/100
|
|-weather|none
|-end|p2a: Walking Wake|Protosynthesis
|-heal|p2a: Walking Wake|100/100|[from] move: Wish|[wisher] Alomomola
|upkeep
|turn|11
|
|t:|1779635884
|-terastallize|p2a: Walking Wake|Water
|move|p2a: Walking Wake|Hydro Steam|p1a: Raikou
|-damage|p1a: Raikou|0 fnt
|faint|p1a: Raikou
|
|upkeep
|
|t:|1779635900
|switch|p1a: Tropius|Tropius, M, shiny|100/100
|-damage|p1a: Tropius|75/100|[from] Stealth Rock
|turn|12
|
|t:|1779635907
|move|p2a: Walking Wake|Hydro Steam|p1a: Tropius
|-resisted|p1a: Tropius
|-damage|p1a: Tropius|50/100
|-enditem|p1a: Tropius|Sitrus Berry|[eat]
|-heal|p1a: Tropius|75/100|[from] item: Sitrus Berry
|move|p1a: Tropius|Leech Seed|p2a: Walking Wake
|-start|p2a: Walking Wake|move: Leech Seed
|
|-damage|p2a: Walking Wake|88/100|[from] Leech Seed|[of] p1a: Tropius
|-heal|p1a: Tropius|85/100|[silent]
|-item|p1a: Tropius|Sitrus Berry|[from] ability: Harvest
|upkeep
|turn|13
|
|t:|1779635921
|-end|p2a: Walking Wake|Protosynthesis|[silent]
|switch|p2a: Torkoal|Torkoal, M|26/100
|-weather|SunnyDay|[from] ability: Drought|[of] p2a: Torkoal
|move|p1a: Tropius|Protect||[still]
|-fail|p1a: Tropius
|
|-weather|SunnyDay|[upkeep]
|upkeep
|turn|14
|
|t:|1779635933
|switch|p2a: Landorus|Landorus-Therian, M|100/100
|-ability|p2a: Landorus|Intimidate|boost
|-unboost|p1a: Tropius|atk|1
|-terastallize|p1a: Tropius|Normal
|move|p1a: Tropius|Leech Seed|p2a: Landorus
|-start|p2a: Landorus|move: Leech Seed
|
|-weather|SunnyDay|[upkeep]
|-damage|p2a: Landorus|88/100|[from] Leech Seed|[of] p1a: Tropius
|-heal|p1a: Tropius|97/100|[silent]
|upkeep
|turn|15
|
|t:|1779635958
|move|p1a: Tropius|Protect|p1a: Tropius
|-singleturn|p1a: Tropius|Protect
|move|p2a: Landorus|U-turn|p1a: Tropius
|-activate|p1a: Tropius|move: Protect
|
|-weather|SunnyDay|[upkeep]
|-damage|p2a: Landorus|76/100|[from] Leech Seed|[of] p1a: Tropius
|-heal|p1a: Tropius|100/100|[silent]
|upkeep
|turn|16
|inactive|DomecQbiy has 120 seconds left.
|
|t:|1779635974
|move|p2a: Landorus|Taunt|p1a: Tropius
|-start|p1a: Tropius|move: Taunt
|cant|p1a: Tropius|move: Taunt|Substitute
|
|-weather|SunnyDay|[upkeep]
|-damage|p2a: Landorus|64/100|[from] Leech Seed|[of] p1a: Tropius
|upkeep
|turn|17
|inactive|DomecQbiy has 120 seconds left.
|
|t:|1779635991
|switch|p2a: Deoxys|Deoxys-Speed|100/100
|-ability|p2a: Deoxys|Pressure
|switch|p1a: Gengar|Gengar, M|100/100
|-damage|p1a: Gengar|88/100|[from] Stealth Rock
|
|-weather|none
|upkeep
|turn|18
|inactive|DomecQbiy has 120 seconds left.
|
|t:|1779636018
|switch|p1a: Heatran|Heatran, M|100/100
|-damage|p1a: Heatran|88/100|[from] Stealth Rock
|move|p2a: Deoxys|Nasty Plot|p2a: Deoxys
|-boost|p2a: Deoxys|spa|2
|
|upkeep
|turn|19
|
|t:|1779636030
|move|p2a: Deoxys|Thunderbolt|p1a: Heatran
|-damage|p1a: Heatran|34/100
|move|p1a: Heatran|Dark Pulse|p2a: Deoxys
|-supereffective|p2a: Deoxys
|-damage|p2a: Deoxys|12/100
|
|upkeep
|turn|20
|
|t:|1779636038
|move|p2a: Deoxys|Thunderbolt|p1a: Heatran
|-damage|p1a: Heatran|0 fnt
|faint|p1a: Heatran
|
|upkeep
|
|t:|1779636045
|switch|p1a: Gengar|Gengar, M|88/100
|-damage|p1a: Gengar|76/100|[from] Stealth Rock
|turn|21
|
|t:|1779636051
|move|p2a: Deoxys|Thunderbolt|p1a: Gengar
|-damage|p1a: Gengar|0 fnt
|faint|p1a: Gengar
|
|upkeep
|
|t:|1779636062
|switch|p1a: Tropius|Tropius, M, shiny, tera:Normal|100/100
|-damage|p1a: Tropius|88/100|[from] Stealth Rock
|turn|22
|
|t:|1779636068
|move|p2a: Deoxys|Psycho Boost|p1a: Tropius
|-damage|p1a: Tropius|2/100
|-unboost|p2a: Deoxys|spa|2
|-enditem|p1a: Tropius|Sitrus Berry|[eat]
|-heal|p1a: Tropius|27/100|[from] item: Sitrus Berry
|move|p1a: Tropius|Leech Seed|p2a: Deoxys
|-start|p2a: Deoxys|move: Leech Seed
|
|-damage|p2a: Deoxys|0 fnt|[from] Leech Seed|[of] p1a: Tropius
|-heal|p1a: Tropius|34/100|[silent]
|faint|p2a: Deoxys
|-item|p1a: Tropius|Sitrus Berry|[from] ability: Harvest
|upkeep
|-enditem|p1a: Tropius|Sitrus Berry|[eat]
|-heal|p1a: Tropius|59/100|[from] item: Sitrus Berry
|
|t:|1779636088
|switch|p2a: Torkoal|Torkoal, M|26/100
|-weather|SunnyDay|[from] ability: Drought|[of] p2a: Torkoal
|turn|23
|inactive|DomecQbiy has 120 seconds left.
|
|t:|1779636098
|switch|p2a: Walking Wake|Walking Wake, tera:Water|88/100
|-activate|p2a: Walking Wake|ability: Protosynthesis
|-start|p2a: Walking Wake|protosynthesisspe
|move|p1a: Tropius|Protect||[still]
|-fail|p1a: Tropius
|
|-weather|SunnyDay|[upkeep]
|-item|p1a: Tropius|Sitrus Berry|[from] ability: Harvest
|upkeep
|turn|24
|inactive|DomecQbiy has 120 seconds left.
|
|t:|1779636109
|move|p2a: Walking Wake|Hydro Steam|p1a: Tropius
|-damage|p1a: Tropius|0 fnt
|faint|p1a: Tropius
|
|-weather|SunnyDay|[upkeep]
|upkeep
|inactive|DomecQbiy has 120 seconds left.
|
|t:|1779636115
|switch|p1a: Garchomp|Garchomp, M|100/100
|-damage|p1a: Garchomp|94/100|[from] Stealth Rock
|turn|25
|
|t:|1779636120
|move|p2a: Walking Wake|Hydro Steam|p1a: Garchomp
|-damage|p1a: Garchomp|0 fnt
|faint|p1a: Garchomp
|
|win|ssthejonkkkler
|raw|DomecQbiy's rating: 1135 &rarr; <strong>1108</strong><br />(-27 for losing)
|raw|ssthejonkkkler's rating: 1104 &rarr; <strong>1131</strong><br />(+27 for winning)
