|j|☆Sae No Kami
|j|☆Rott0909
|t:|1779714129
|gametype|singles
|player|p1|Sae No Kami|ghetsis-gen5bw|1106
|player|p2|Rott0909|102|1113
|gen|9
|tier|[Gen 9] OU
|rated|
|rule|HP Percentage Mod: HP is shown in percentages
|rule|Endless Battle Clause: Forcing endless battles is banned
|rule|Species Clause: Limit one of each Pokémon
|rule|OHKO Clause: OHKO moves are banned
|rule|Evasion Items Clause: Evasion items are banned
|rule|Evasion Moves Clause: Evasion moves are banned
|rule|Evasion Abilities Clause: Evasion abilities are banned
|rule|Sleep Moves Clause: Sleep-inducing moves are banned
|clearpoke
|poke|p1|Trevenant, M|
|poke|p1|Shellos-East, M|
|poke|p1|Gliscor, M|
|poke|p1|Blissey, F|
|poke|p1|Zapdos|
|poke|p1|Clodsire, M|
|poke|p2|Hatterene, F|
|poke|p2|Samurott-Hisui, M|
|poke|p2|Zapdos|
|poke|p2|Great Tusk|
|poke|p2|Dondozo, F|
|poke|p2|Incineroar, F|
|teampreview
|inactive|Battle timer is ON: inactive players will automatically lose when time's up. (requested by Sae No Kami)
|
|t:|1779714145
|teamsize|p1|6
|teamsize|p2|6
|start
|switch|p1a: Trevenant|Trevenant, M|100/100
|switch|p2a: Incineroar|Incineroar, F|100/100
|-ability|p2a: Incineroar|Intimidate|boost
|-unboost|p1a: Trevenant|atk|1
|turn|1
|
|t:|1779714162
|switch|p1a: Clodsire|Clodsire, M, shiny|100/100
|move|p2a: Incineroar|Will-O-Wisp|p1a: Clodsire
|-status|p1a: Clodsire|brn
|
|-damage|p1a: Clodsire|94/100 brn|[from] brn
|upkeep
|turn|2
|
|t:|1779714178
|move|p2a: Incineroar|Parting Shot|p1a: Clodsire
|-unboost|p1a: Clodsire|atk|1
|-unboost|p1a: Clodsire|spa|1
|
|t:|1779714181
|switch|p2a: Hatterene|Hatterene, F|100/100|[from] Parting Shot
|move|p1a: Clodsire|Toxic|p2a: Hatterene
|move|p2a: Hatterene|Toxic||[from] ability: Magic Bounce|[still]
|-fail|p2a: Hatterene
|
|-heal|p1a: Clodsire|100/100 brn|[from] item: Black Sludge
|-damage|p1a: Clodsire|94/100 brn|[from] brn
|upkeep
|turn|3
|
|t:|1779714194
|move|p2a: Hatterene|Expanding Force|p1a: Clodsire
|-supereffective|p1a: Clodsire
|-damage|p1a: Clodsire|30/100 brn
|move|p1a: Clodsire|Gunk Shot|p2a: Hatterene
|-supereffective|p2a: Hatterene
|-damage|p2a: Hatterene|74/100
|
|-heal|p2a: Hatterene|80/100|[from] item: Leftovers
|-heal|p1a: Clodsire|37/100 brn|[from] item: Black Sludge
|-damage|p1a: Clodsire|30/100 brn|[from] brn
|upkeep
|turn|4
|
|t:|1779714207
|move|p2a: Hatterene|Expanding Force|p1a: Clodsire
|-supereffective|p1a: Clodsire
|-damage|p1a: Clodsire|0 fnt
|faint|p1a: Clodsire
|
|-heal|p2a: Hatterene|86/100|[from] item: Leftovers
|upkeep
|
|t:|1779714213
|switch|p1a: Shellos|Shellos-East, M|100/100
|turn|5
|
|t:|1779714231
|move|p2a: Hatterene|Expanding Force|p1a: Shellos
|-damage|p1a: Shellos|34/100
|move|p1a: Shellos|Mirror Coat|p2a: Hatterene
|-damage|p2a: Hatterene|0 fnt
|faint|p2a: Hatterene
|
|upkeep
|
|t:|1779714239
|switch|p2a: Samurott|Samurott-Hisui, M|100/100
|turn|6
|
|t:|1779714243
|move|p2a: Samurott|Ceaseless Edge|p1a: Shellos
|-damage|p1a: Shellos|0 fnt
|-sidestart|p1: Sae No Kami|Spikes
|faint|p1a: Shellos
|
|upkeep
|
|t:|1779714248
|switch|p1a: Zapdos|Zapdos|100/100
|turn|7
|
|t:|1779714256
|move|p1a: Zapdos|Hurricane|p2a: Samurott|[miss]
|-miss|p1a: Zapdos|p2a: Samurott
|move|p2a: Samurott|Ceaseless Edge|p1a: Zapdos
|-crit|p1a: Zapdos
|-damage|p1a: Zapdos|0 fnt
|-status|p2a: Samurott|par|[from] ability: Static|[of] p1a: Zapdos
|-sidestart|p1: Sae No Kami|Spikes
|faint|p1a: Zapdos
|
|upkeep
|
|t:|1779714265
|switch|p1a: Gliscor|Gliscor, M|100/100
|turn|8
|
|t:|1779714271
|switch|p2a: Incineroar|Incineroar, F|100/100
|-ability|p2a: Incineroar|Intimidate|boost
|-unboost|p1a: Gliscor|atk|1
|move|p1a: Gliscor|Substitute|p1a: Gliscor
|-start|p1a: Gliscor|Substitute
|-damage|p1a: Gliscor|76/100
|
|-status|p1a: Gliscor|tox|[from] item: Toxic Orb
|upkeep
|turn|9
|
|t:|1779714286
|move|p1a: Gliscor|Earthquake|p2a: Incineroar
|-supereffective|p2a: Incineroar
|-damage|p2a: Incineroar|71/100
|move|p2a: Incineroar|Parting Shot|p1a: Gliscor
|-unboost|p1a: Gliscor|atk|1
|-unboost|p1a: Gliscor|spa|1
|
|t:|1779714301
|switch|p2a: Great Tusk|Great Tusk|100/100|[from] Parting Shot
|-enditem|p2a: Great Tusk|Booster Energy
|-activate|p2a: Great Tusk|ability: Protosynthesis|[fromitem]
|-start|p2a: Great Tusk|protosynthesisatk
|
|-heal|p1a: Gliscor|88/100 tox|[from] ability: Poison Heal
|upkeep
|turn|10
|
|t:|1779714311
|move|p1a: Gliscor|Toxic|p2a: Great Tusk
|-status|p2a: Great Tusk|tox
|move|p2a: Great Tusk|Ice Spinner|p1a: Gliscor
|-supereffective|p1a: Gliscor
|-end|p1a: Gliscor|Substitute
|
|-heal|p1a: Gliscor|100/100 tox|[from] ability: Poison Heal
|-damage|p2a: Great Tusk|94/100 tox|[from] psn
|upkeep
|turn|11
|
|t:|1779714321
|move|p1a: Gliscor|Substitute|p1a: Gliscor
|-start|p1a: Gliscor|Substitute
|-damage|p1a: Gliscor|76/100 tox
|move|p2a: Great Tusk|Ice Spinner|p1a: Gliscor
|-supereffective|p1a: Gliscor
|-end|p1a: Gliscor|Substitute
|
|-heal|p1a: Gliscor|88/100 tox|[from] ability: Poison Heal
|-damage|p2a: Great Tusk|82/100 tox|[from] psn
|upkeep
|turn|12
|
|t:|1779714334
|move|p1a: Gliscor|Protect|p1a: Gliscor
|-singleturn|p1a: Gliscor|Protect
|move|p2a: Great Tusk|Rapid Spin|p1a: Gliscor
|-activate|p1a: Gliscor|move: Protect
|
|-heal|p1a: Gliscor|100/100 tox|[from] ability: Poison Heal
|-damage|p2a: Great Tusk|63/100 tox|[from] psn
|upkeep
|turn|13
|
|t:|1779714348
|-end|p2a: Great Tusk|Protosynthesis|[silent]
|switch|p2a: Samurott|Samurott-Hisui, M|100/100 par
|move|p1a: Gliscor|Substitute|p1a: Gliscor
|-start|p1a: Gliscor|Substitute
|-damage|p1a: Gliscor|76/100 tox
|
|-heal|p1a: Gliscor|88/100 tox|[from] ability: Poison Heal
|upkeep
|turn|14
|
|t:|1779714364
|switch|p1a: Blissey|Blissey, F, shiny|100/100
|-damage|p1a: Blissey|84/100|[from] Spikes
|cant|p2a: Samurott|par
|
|-heal|p1a: Blissey|90/100|[from] item: Leftovers
|upkeep
|turn|15
|
|t:|1779714373
|move|p2a: Samurott|Aqua Cutter|p1a: Blissey
|-damage|p1a: Blissey|0 fnt
|faint|p1a: Blissey
|
|upkeep
|-message|Sae No Kami forfeited.
|
|win|Rott0909
|raw|Sae No Kami's rating: 1106 &rarr; <strong>1082</strong><br />(-24 for losing)
|raw|Rott0909's rating: 1113 &rarr; <strong>1137</strong><br />(+24 for winning)
|l|☆Sae No Kami
|player|p1|
|l|☆Rott0909
|player|p2|
