|j|☆claudechamp
|j|☆M0nk13
|t:|1779577197
|gametype|singles
|player|p1|claudechamp|101|1262
|player|p2|M0nk13|argenta|1254
|gen|9
|tier|[Gen 9] OU
|rated|
|rule|HP Percentage Mod: HP is shown in percentages
|rule|Endless Battle Clause: Forcing endless battles is banned
|rule|Species Clause: Limit one of each Pokémon
|rule|OHKO Clause: OHKO moves are banned
|rule|Evasion Items Clause: Evasion items are banned
|rule|Evasion Moves Clause: Evasion moves are banned
|rule|Evasion Abilities Clause: Evasion abilities are banned
|rule|Sleep Moves Clause: Sleep-inducing moves are banned
|clearpoke
|poke|p1|Gliscor, F|
|poke|p1|Ogerpon, F|
|poke|p1|Walking Wake|
|poke|p1|Blissey, F|
|poke|p1|Corviknight, F|
|poke|p1|Pecharunt|
|poke|p2|Iron Valiant|
|poke|p2|Glimmora, M|
|poke|p2|Kingambit, M|
|poke|p2|Raging Bolt|
|poke|p2|Great Tusk|
|poke|p2|Kyurem|
|teampreview
|c|☆claudechamp|hf
|inactive|Battle timer is ON: inactive players will automatically lose when time's up. (requested by claudechamp)
|
|t:|1779577205
|teamsize|p1|6
|teamsize|p2|6
|start
|switch|p1a: Gliscor|Gliscor, F|100/100
|switch|p2a: Glimmora|Glimmora, M|100/100
|turn|1
|
|t:|1779577220
|move|p2a: Glimmora|Stealth Rock|p1a: Gliscor
|-sidestart|p1: claudechamp|move: Stealth Rock
|move|p1a: Gliscor|Spikes|p2a: Glimmora
|-sidestart|p2: M0nk13|Spikes
|
|-status|p1a: Gliscor|tox|[from] item: Toxic Orb
|upkeep
|turn|2
|
|t:|1779577224
|move|p2a: Glimmora|Power Gem|p1a: Gliscor
|-damage|p1a: Gliscor|62/100 tox
|move|p1a: Gliscor|Earthquake|p2a: Glimmora
|-supereffective|p2a: Glimmora
|-enditem|p2a: Glimmora|Focus Sash
|-damage|p2a: Glimmora|1/100
|-activate|p2a: Glimmora|ability: Toxic Debris
|-sidestart|p1: claudechamp|move: Toxic Spikes
|
|-heal|p1a: Gliscor|75/100 tox|[from] ability: Poison Heal
|upkeep
|turn|3
|
|t:|1779577229
|move|p2a: Glimmora|Power Gem|p1a: Gliscor
|-damage|p1a: Gliscor|41/100 tox
|move|p1a: Gliscor|Earthquake|p2a: Glimmora
|-supereffective|p2a: Glimmora
|-damage|p2a: Glimmora|0 fnt
|-activate|p2a: Glimmora|ability: Toxic Debris
|-sidestart|p1: claudechamp|move: Toxic Spikes
|faint|p2a: Glimmora
|
|-heal|p1a: Gliscor|54/100 tox|[from] ability: Poison Heal
|upkeep
|
|t:|1779577242
|switch|p2a: Great Tusk|Great Tusk|100/100
|-damage|p2a: Great Tusk|88/100|[from] Spikes
|-enditem|p2a: Great Tusk|Booster Energy
|-activate|p2a: Great Tusk|ability: Protosynthesis|[fromitem]
|-start|p2a: Great Tusk|protosynthesisspe
|turn|4
|
|t:|1779577249
|move|p2a: Great Tusk|Ice Spinner|p1a: Gliscor
|-supereffective|p1a: Gliscor
|-damage|p1a: Gliscor|0 fnt
|faint|p1a: Gliscor
|
|upkeep
|
|t:|1779577261
|switch|p1a: Walking Wake|Walking Wake|100/100
|turn|5
|inactive|M0nk13 has 120 seconds left.
|
|t:|1779577296
|-end|p2a: Great Tusk|Protosynthesis|[silent]
|switch|p2a: Kyurem|Kyurem|100/100
|-damage|p2a: Kyurem|88/100|[from] Spikes
|-ability|p2a: Kyurem|Pressure
|move|p1a: Walking Wake|Surf|p2a: Kyurem
|-resisted|p2a: Kyurem
|-damage|p2a: Kyurem|66/100
|
|upkeep
|turn|6
|
|t:|1779577301
|switch|p2a: Iron Valiant|Iron Valiant|100/100
|-damage|p2a: Iron Valiant|88/100|[from] Spikes
|-enditem|p2a: Iron Valiant|Booster Energy
|-activate|p2a: Iron Valiant|ability: Quark Drive|[fromitem]
|-start|p2a: Iron Valiant|quarkdrivespe
|move|p1a: Walking Wake|Draco Meteor|p2a: Iron Valiant
|-immune|p2a: Iron Valiant
|
|upkeep
|turn|7
|
|t:|1779577306
|-terastallize|p1a: Walking Wake|Water
|move|p2a: Iron Valiant|Encore|p1a: Walking Wake
|-start|p1a: Walking Wake|Encore
|move|p1a: Walking Wake|Draco Meteor|p2a: Iron Valiant
|-immune|p2a: Iron Valiant
|
|upkeep
|turn|8
|
|t:|1779577313
|-end|p1a: Walking Wake|Protosynthesis|[silent]
|switch|p1a: Pecharunt|Pecharunt|100/100
|-sideend|p1: claudechamp|move: Toxic Spikes|[of] p1a: Pecharunt
|move|p2a: Iron Valiant|Calm Mind|p2a: Iron Valiant
|-boost|p2a: Iron Valiant|spa|1
|-boost|p2a: Iron Valiant|spd|1
|
|upkeep
|turn|9
|
|t:|1779577326
|-terastallize|p2a: Iron Valiant|Ghost
|move|p2a: Iron Valiant|Shadow Ball|p1a: Pecharunt
|-supereffective|p1a: Pecharunt
|-damage|p1a: Pecharunt|0 fnt
|faint|p1a: Pecharunt
|
|upkeep
|
|t:|1779577329
|switch|p1a: Ogerpon|Ogerpon, F|100/100
|turn|10
|
|t:|1779577332
|move|p2a: Iron Valiant|Moonblast|p1a: Ogerpon
|-damage|p1a: Ogerpon|22/100
|move|p1a: Ogerpon|Ivy Cudgel|p2a: Iron Valiant
|-crit|p2a: Iron Valiant
|-damage|p2a: Iron Valiant|0 fnt
|faint|p2a: Iron Valiant
|-end|p2a: Iron Valiant|Quark Drive|[silent]
|
|upkeep
|inactive|M0nk13 has 120 seconds left.
|
|t:|1779577364
|switch|p2a: Kingambit|Kingambit, M|100/100
|-damage|p2a: Kingambit|88/100|[from] Spikes
|-activate|p2a: Kingambit|ability: Supreme Overlord
|-start|p2a: Kingambit|fallen2|[silent]
|turn|11
|
|t:|1779577370
|move|p2a: Kingambit|Sucker Punch|p1a: Ogerpon
|-crit|p1a: Ogerpon
|-damage|p1a: Ogerpon|0 fnt
|faint|p1a: Ogerpon
|
|-heal|p2a: Kingambit|94/100|[from] item: Leftovers
|upkeep
|
|t:|1779577373
|switch|p1a: Corviknight|Corviknight, F|100/100
|-ability|p1a: Corviknight|Pressure
|turn|12
|
|t:|1779577378
|-end|p2a: Kingambit|fallen2|[silent]
|switch|p2a: Raging Bolt|Raging Bolt|100/100
|-damage|p2a: Raging Bolt|88/100|[from] Spikes
|-enditem|p2a: Raging Bolt|Booster Energy
|-activate|p2a: Raging Bolt|ability: Protosynthesis|[fromitem]
|-start|p2a: Raging Bolt|protosynthesisspa
|move|p1a: Corviknight|Body Press|p2a: Raging Bolt
|-damage|p2a: Raging Bolt|64/100
|
|upkeep
|turn|13
|
|t:|1779577390
|switch|p1a: Blissey|Blissey, F|100/100
|move|p2a: Raging Bolt|Calm Mind|p2a: Raging Bolt
|-boost|p2a: Raging Bolt|spa|1
|-boost|p2a: Raging Bolt|spd|1
|
|upkeep
|turn|14
|
|t:|1779577396
|move|p2a: Raging Bolt|Thunderbolt|p1a: Blissey
|-damage|p1a: Blissey|68/100
|move|p1a: Blissey|Seismic Toss|p2a: Raging Bolt
|-damage|p2a: Raging Bolt|39/100
|
|upkeep
|turn|15
|
|t:|1779577401
|move|p2a: Raging Bolt|Calm Mind|p2a: Raging Bolt
|-boost|p2a: Raging Bolt|spa|1
|-boost|p2a: Raging Bolt|spd|1
|move|p1a: Blissey|Seismic Toss|p2a: Raging Bolt
|-damage|p2a: Raging Bolt|13/100
|
|upkeep
|turn|16
|
|t:|1779577404
|move|p2a: Raging Bolt|Thunderbolt|p1a: Blissey
|-damage|p1a: Blissey|25/100
|move|p1a: Blissey|Seismic Toss|p2a: Raging Bolt
|-damage|p2a: Raging Bolt|0 fnt
|faint|p2a: Raging Bolt
|-end|p2a: Raging Bolt|Protosynthesis|[silent]
|
|upkeep
|
|t:|1779577429
|switch|p2a: Kingambit|Kingambit, M|94/100
|-damage|p2a: Kingambit|82/100|[from] Spikes
|-activate|p2a: Kingambit|ability: Supreme Overlord
|-start|p2a: Kingambit|fallen3|[silent]
|turn|17
|
|t:|1779577431
|switch|p1a: Corviknight|Corviknight, F|100/100
|-ability|p1a: Corviknight|Pressure
|move|p2a: Kingambit|Kowtow Cleave|p1a: Corviknight
|-damage|p1a: Corviknight|56/100
|
|-heal|p2a: Kingambit|88/100|[from] item: Leftovers
|upkeep
|turn|18
|
|t:|1779577440
|-end|p2a: Kingambit|fallen3|[silent]
|switch|p2a: Great Tusk|Great Tusk|88/100
|-damage|p2a: Great Tusk|76/100|[from] Spikes
|move|p1a: Corviknight|Body Press|p2a: Great Tusk
|-damage|p2a: Great Tusk|58/100
|
|upkeep
|turn|19
|
|t:|1779577444
|move|p2a: Great Tusk|Bulk Up|p2a: Great Tusk
|-boost|p2a: Great Tusk|atk|1
|-boost|p2a: Great Tusk|def|1
|move|p1a: Corviknight|Roost|p1a: Corviknight
|-heal|p1a: Corviknight|100/100
|-singleturn|p1a: Corviknight|move: Roost
|
|upkeep
|turn|20
|
|t:|1779577453
|move|p2a: Great Tusk|Rapid Spin|p1a: Corviknight
|-resisted|p1a: Corviknight
|-damage|p1a: Corviknight|94/100
|-boost|p2a: Great Tusk|spe|1
|-sideend|p2: M0nk13|Spikes|[from] move: Rapid Spin|[of] p2a: Great Tusk
|move|p1a: Corviknight|U-turn|p2a: Great Tusk
|-resisted|p2a: Great Tusk
|-damage|p2a: Great Tusk|55/100
|
|t:|1779577456
|switch|p1a: Walking Wake|Walking Wake, tera:Water|100/100|[from] U-turn
|
|upkeep
|turn|21
|
|t:|1779577464
|move|p2a: Great Tusk|Headlong Rush|p1a: Walking Wake
|-damage|p1a: Walking Wake|22/100
|-unboost|p2a: Great Tusk|def|1
|-unboost|p2a: Great Tusk|spd|1
|move|p1a: Walking Wake|Surf|p2a: Great Tusk
|-supereffective|p2a: Great Tusk
|-crit|p2a: Great Tusk
|-damage|p2a: Great Tusk|0 fnt
|faint|p2a: Great Tusk
|-end|p2a: Great Tusk|Protosynthesis|[silent]
|
|upkeep
|
|t:|1779577474
|switch|p2a: Kingambit|Kingambit, M|88/100
|-activate|p2a: Kingambit|ability: Supreme Overlord
|-start|p2a: Kingambit|fallen4|[silent]
|turn|22
|
|t:|1779577480
|move|p2a: Kingambit|Sucker Punch|p1a: Walking Wake
|-damage|p1a: Walking Wake|0 fnt
|faint|p1a: Walking Wake
|-end|p1a: Walking Wake|Protosynthesis|[silent]
|
|-heal|p2a: Kingambit|94/100|[from] item: Leftovers
|upkeep
|
|t:|1779577485
|switch|p1a: Corviknight|Corviknight, F|94/100
|-ability|p1a: Corviknight|Pressure
|turn|23
|
|t:|1779577507
|move|p1a: Corviknight|Body Press|p2a: Kingambit
|-supereffective|p2a: Kingambit
|-damage|p2a: Kingambit|0 fnt
|faint|p2a: Kingambit
|-end|p2a: Kingambit|fallen4|[silent]
|
|upkeep
|
|t:|1779577509
|switch|p2a: Kyurem|Kyurem|66/100
|-ability|p2a: Kyurem|Pressure
|turn|24
|
|t:|1779577513
|move|p2a: Kyurem|Icicle Spear|p1a: Corviknight
|-damage|p1a: Corviknight|84/100
|-damage|p1a: Corviknight|74/100
|-hitcount|p1a: Corviknight|2
|move|p1a: Corviknight|Body Press|p2a: Kyurem
|-supereffective|p2a: Kyurem
|-damage|p2a: Kyurem|11/100
|
|upkeep
|turn|25
|
|t:|1779577520
|move|p2a: Kyurem|Icicle Spear|p1a: Corviknight
|-damage|p1a: Corviknight|64/100
|-damage|p1a: Corviknight|54/100
|-damage|p1a: Corviknight|44/100
|-hitcount|p1a: Corviknight|3
|move|p1a: Corviknight|U-turn|p2a: Kyurem
|-damage|p2a: Kyurem|0 fnt
|faint|p2a: Kyurem
|
|win|claudechamp
|raw|claudechamp's rating: 1236 &rarr; <strong>1262</strong><br />(+26 for winning)
|raw|M0nk13's rating: 1254 &rarr; <strong>1228</strong><br />(-26 for losing)
|c|☆claudechamp|gg
|l|☆M0nk13
|player|p2|
