|j|☆supmydudetest1
|j|☆alxiz⏣⏑⏣
|t:|1779598110
|gametype|singles
|player|p1|supmydudetest1|1|1535
|player|p2|alxiz⏣⏑⏣|miku-water|1536
|gen|9
|tier|[Gen 9] OU
|rated|
|rule|HP Percentage Mod: HP is shown in percentages
|rule|Endless Battle Clause: Forcing endless battles is banned
|rule|Species Clause: Limit one of each Pokémon
|rule|OHKO Clause: OHKO moves are banned
|rule|Evasion Items Clause: Evasion items are banned
|rule|Evasion Moves Clause: Evasion moves are banned
|rule|Evasion Abilities Clause: Evasion abilities are banned
|rule|Sleep Moves Clause: Sleep-inducing moves are banned
|clearpoke
|poke|p1|Ogerpon-Wellspring, F|
|poke|p1|Raging Bolt|
|poke|p1|Cinderace, M|
|poke|p1|Corviknight, F|
|poke|p1|Ting-Lu|
|poke|p1|Gengar, M|
|poke|p2|Kyurem|
|poke|p2|Volcanion|
|poke|p2|Zapdos|
|poke|p2|Hoopa-Unbound|
|poke|p2|Zamazenta-*|
|poke|p2|Iron Treads|
|teampreview
|inactive|Battle timer is ON: inactive players will automatically lose when time's up. (requested by supmydudetest1)
|inactive|alxiz⏣⏑⏣ also wants the timer to be on.
|j| gatopingon
|
|t:|1779598139
|teamsize|p1|6
|teamsize|p2|6
|start
|switch|p1a: Cinderace|Cinderace, M|100/100
|switch|p2a: Kyurem|Kyurem, shiny|100/100
|-ability|p2a: Kyurem|Pressure
|turn|1
|
|t:|1779598147
|move|p1a: Cinderace|Low Kick|p2a: Kyurem
|-start|p1a: Cinderace|typechange|Fighting|[from] ability: Libero
|-supereffective|p2a: Kyurem
|-damage|p2a: Kyurem|0 fnt
|faint|p2a: Kyurem
|
|upkeep
|
|t:|1779598152
|switch|p2a: Zapdos|Zapdos|100/100
|turn|2
|
|t:|1779598159
|switch|p1a: Ting-Lu|Ting-Lu|100/100
|-ability|p1a: Ting-Lu|Vessel of Ruin
|switch|p2a: Zamazenta|Zamazenta|100/100
|-ability|p2a: Zamazenta|Dauntless Shield|boost
|-boost|p2a: Zamazenta|def|1
|
|upkeep
|turn|3
|
|t:|1779598168
|switch|p1a: Gengar|Gengar, M|100/100
|move|p2a: Zamazenta|Crunch|p1a: Gengar
|-supereffective|p1a: Gengar
|-damage|p1a: Gengar|0 fnt
|-start|p2a: Zamazenta|Disable|Crunch|[from] ability: Cursed Body|[of] p1a: Gengar
|faint|p1a: Gengar
|-damage|p2a: Zamazenta|91/100|[from] item: Life Orb
|
|upkeep
|
|t:|1779598178
|switch|p1a: Raging Bolt|Raging Bolt|100/100
|-enditem|p1a: Raging Bolt|Booster Energy
|-activate|p1a: Raging Bolt|ability: Protosynthesis|[fromitem]
|-start|p1a: Raging Bolt|protosynthesisspa
|turn|4
|
|t:|1779598187
|move|p2a: Zamazenta|Ice Fang|p1a: Raging Bolt
|-supereffective|p1a: Raging Bolt
|-damage|p1a: Raging Bolt|39/100
|-damage|p2a: Zamazenta|81/100|[from] item: Life Orb
|cant|p1a: Raging Bolt|flinch
|
|upkeep
|turn|5
|
|t:|1779598196
|-terastallize|p1a: Raging Bolt|Fairy
|move|p2a: Zamazenta|Ice Fang|p1a: Raging Bolt
|-damage|p1a: Raging Bolt|10/100
|-damage|p2a: Zamazenta|71/100|[from] item: Life Orb
|move|p1a: Raging Bolt|Dragon Pulse|p2a: Zamazenta
|-damage|p2a: Zamazenta|15/100
|
|upkeep
|turn|6
|
|t:|1779598207
|switch|p2a: Iron Treads|Iron Treads|100/100
|move|p1a: Raging Bolt|Thunderclap||[still]
|-fail|p1a: Raging Bolt
|
|upkeep
|turn|7
|
|t:|1779598213
|move|p2a: Iron Treads|Stealth Rock|p1a: Raging Bolt
|-sidestart|p1: supmydudetest1|move: Stealth Rock
|move|p1a: Raging Bolt|Dragon Pulse|p2a: Iron Treads
|-resisted|p2a: Iron Treads
|-damage|p2a: Iron Treads|52/100
|
|-heal|p2a: Iron Treads|58/100|[from] item: Leftovers
|upkeep
|turn|8
|
|t:|1779598222
|-end|p1a: Raging Bolt|Protosynthesis|[silent]
|switch|p1a: Corviknight|Corviknight, F|100/100
|-damage|p1a: Corviknight|88/100|[from] Stealth Rock
|move|p2a: Iron Treads|Earthquake|p1a: Corviknight
|-immune|p1a: Corviknight
|
|-heal|p2a: Iron Treads|64/100|[from] item: Leftovers
|-heal|p1a: Corviknight|94/100|[from] item: Leftovers
|upkeep
|turn|9
|
|t:|1779598233
|move|p2a: Iron Treads|Knock Off|p1a: Corviknight
|-damage|p1a: Corviknight|77/100
|-enditem|p1a: Corviknight|Leftovers|[from] move: Knock Off|[of] p2a: Iron Treads
|move|p1a: Corviknight|Defog|p2a: Iron Treads
|-unboost|p2a: Iron Treads|evasion|1
|-sideend|p1: supmydudetest1|Stealth Rock|[from] move: Defog|[of] p1a: Corviknight
|
|-heal|p2a: Iron Treads|70/100|[from] item: Leftovers
|upkeep
|turn|10
|
|t:|1779598243
|switch|p1a: Ogerpon|Ogerpon-Wellspring, F|100/100
|move|p2a: Iron Treads|Stealth Rock|p1a: Ogerpon
|-sidestart|p1: supmydudetest1|move: Stealth Rock
|
|-heal|p2a: Iron Treads|77/100|[from] item: Leftovers
|upkeep
|turn|11
|
|t:|1779598250
|-end|p2a: Iron Treads|Quark Drive|[silent]
|switch|p2a: Volcanion|Volcanion|100/100
|move|p1a: Ogerpon|Power Whip|p2a: Volcanion
|-damage|p2a: Volcanion|41/100
|
|upkeep
|turn|12
|
|t:|1779598258
|move|p1a: Ogerpon|Power Whip|p2a: Volcanion
|-damage|p2a: Volcanion|0 fnt
|faint|p2a: Volcanion
|
|upkeep
|
|t:|1779598262
|switch|p2a: Zamazenta|Zamazenta|15/100
|turn|13
|
|t:|1779598267
|switch|p1a: Raging Bolt|Raging Bolt, tera:Fairy|10/100
|-damage|p1a: Raging Bolt|0 fnt|[from] Stealth Rock
|faint|p1a: Raging Bolt
|-end|p1a: Raging Bolt|Protosynthesis|[silent]
|move|p2a: Zamazenta|Close Combat|p1: Raging Bolt|[notarget]
|-fail|p2a: Zamazenta
|
|upkeep
|
|t:|1779598276
|switch|p1a: Corviknight|Corviknight, F|77/100
|-damage|p1a: Corviknight|64/100|[from] Stealth Rock
|turn|14
|
|t:|1779598281
|switch|p2a: Zapdos|Zapdos|100/100
|move|p1a: Corviknight|Roost|p1a: Corviknight
|-heal|p1a: Corviknight|100/100
|-singleturn|p1a: Corviknight|move: Roost
|
|upkeep
|turn|15
|
|t:|1779598289
|switch|p1a: Ting-Lu|Ting-Lu|100/100
|-damage|p1a: Ting-Lu|94/100|[from] Stealth Rock
|-ability|p1a: Ting-Lu|Vessel of Ruin
|move|p2a: Zapdos|Volt Switch|p1a: Ting-Lu
|-immune|p1a: Ting-Lu
|
|-heal|p1a: Ting-Lu|100/100|[from] item: Leftovers
|upkeep
|turn|16
|
|t:|1779598300
|switch|p2a: Zamazenta|Zamazenta|15/100
|move|p1a: Ting-Lu|Stealth Rock|p2a: Zamazenta
|-sidestart|p2: alxiz⏣⏑⏣|move: Stealth Rock
|
|upkeep
|turn|17
|
|t:|1779598306
|switch|p1a: Corviknight|Corviknight, F|100/100
|-damage|p1a: Corviknight|88/100|[from] Stealth Rock
|move|p2a: Zamazenta|Close Combat|p1a: Corviknight
|-damage|p1a: Corviknight|38/100
|-unboost|p2a: Zamazenta|def|1
|-unboost|p2a: Zamazenta|spd|1
|-damage|p2a: Zamazenta|5/100|[from] item: Life Orb
|
|upkeep
|turn|18
|
|t:|1779598317
|move|p2a: Zamazenta|Close Combat|p1a: Corviknight
|-damage|p1a: Corviknight|0 fnt
|-unboost|p2a: Zamazenta|def|1
|-unboost|p2a: Zamazenta|spd|1
|faint|p1a: Corviknight
|-damage|p2a: Zamazenta|0 fnt|[from] item: Life Orb
|faint|p2a: Zamazenta
|
|upkeep
|
|t:|1779598326
|switch|p2a: Zapdos|Zapdos|100/100
|switch|p1a: Ogerpon|Ogerpon-Wellspring, F|100/100
|-damage|p1a: Ogerpon|88/100|[from] Stealth Rock
|turn|19
|
|t:|1779598333
|move|p1a: Ogerpon|Ivy Cudgel|p2a: Zapdos|[anim] Ivy Cudgel Water
|-damage|p2a: Zapdos|59/100
|move|p2a: Zapdos|Roost|p2a: Zapdos
|-heal|p2a: Zapdos|100/100
|-singleturn|p2a: Zapdos|move: Roost
|
|upkeep
|turn|20
|
|t:|1779598340
|move|p1a: Ogerpon|Ivy Cudgel|p2a: Zapdos|[anim] Ivy Cudgel Water
|-crit|p2a: Zapdos
|-damage|p2a: Zapdos|35/100
|move|p2a: Zapdos|Hurricane|p1a: Ogerpon
|-supereffective|p1a: Ogerpon
|-damage|p1a: Ogerpon|0 fnt
|faint|p1a: Ogerpon
|
|upkeep
|
|t:|1779598349
|switch|p1a: Cinderace|Cinderace, M|100/100
|-damage|p1a: Cinderace|76/100|[from] Stealth Rock
|turn|21
|c|☆alxiz⏣⏑⏣|that crit was bad
|
|t:|1779598354
|move|p1a: Cinderace|Pyro Ball|p2a: Zapdos
|-damage|p2a: Zapdos|0 fnt
|faint|p2a: Zapdos
|
|upkeep
|
|t:|1779598359
|switch|p2a: Iron Treads|Iron Treads|77/100
|-damage|p2a: Iron Treads|73/100|[from] Stealth Rock
|turn|22
|
|t:|1779598363
|-terastallize|p2a: Iron Treads|Ghost
|move|p1a: Cinderace|Pyro Ball|p2a: Iron Treads
|-damage|p2a: Iron Treads|0 fnt
|faint|p2a: Iron Treads
|-end|p2a: Iron Treads|Quark Drive|[silent]
|
|upkeep
|
|t:|1779598365
|switch|p2a: Hoopa|Hoopa-Unbound|100/100
|-damage|p2a: Hoopa|88/100|[from] Stealth Rock
|turn|23
|
|t:|1779598373
|move|p1a: Cinderace|Pyro Ball|p2a: Hoopa|[miss]
|-miss|p1a: Cinderace|p2a: Hoopa
|move|p2a: Hoopa|Knock Off|p1a: Cinderace
|-damage|p1a: Cinderace|0 fnt
|-enditem|p1a: Cinderace|Choice Band|[from] move: Knock Off|[of] p2a: Hoopa
|faint|p1a: Cinderace
|
|upkeep
|
|t:|1779598381
|switch|p1a: Ting-Lu|Ting-Lu|100/100
|-damage|p1a: Ting-Lu|94/100|[from] Stealth Rock
|-ability|p1a: Ting-Lu|Vessel of Ruin
|turn|24
|
|t:|1779598386
|move|p2a: Hoopa|Drain Punch|p1a: Ting-Lu
|-supereffective|p1a: Ting-Lu
|-damage|p1a: Ting-Lu|65/100
|-heal|p2a: Hoopa|100/100|[from] drain|[of] p1a: Ting-Lu
|move|p1a: Ting-Lu|Earthquake|p2a: Hoopa
|-damage|p2a: Hoopa|48/100
|
|-heal|p1a: Ting-Lu|71/100|[from] item: Leftovers
|upkeep
|turn|25
|
|t:|1779598396
|move|p2a: Hoopa|Drain Punch|p1a: Ting-Lu
|-supereffective|p1a: Ting-Lu
|-damage|p1a: Ting-Lu|38/100
|-heal|p2a: Hoopa|71/100|[from] drain|[of] p1a: Ting-Lu
|move|p1a: Ting-Lu|Earthquake|p2a: Hoopa
|-damage|p2a: Hoopa|22/100
|
|-heal|p1a: Ting-Lu|44/100|[from] item: Leftovers
|upkeep
|turn|26
|
|t:|1779598406
|move|p2a: Hoopa|Drain Punch|p1a: Ting-Lu
|-supereffective|p1a: Ting-Lu
|-damage|p1a: Ting-Lu|12/100
|-heal|p2a: Hoopa|45/100|[from] drain|[of] p1a: Ting-Lu
|move|p1a: Ting-Lu|Earthquake|p2a: Hoopa
|-damage|p2a: Hoopa|0 fnt
|faint|p2a: Hoopa
|
|win|supmydudetest1
|raw|supmydudetest1's rating: 1535 &rarr; <strong>1555</strong><br />(+20 for winning)
|raw|alxiz⏣⏑⏣'s rating: 1536 &rarr; <strong>1516</strong><br />(-20 for losing)
|l|☆supmydudetest1
|player|p1|
