|j|☆GoGlennCoco95
|j|☆Hduxnwhc
|t:|1779643122
|gametype|singles
|player|p1|GoGlennCoco95|riley|1116
|player|p2|Hduxnwhc|102|1117
|gen|9
|tier|[Gen 9] OU
|rated|
|rule|HP Percentage Mod: HP is shown in percentages
|rule|Endless Battle Clause: Forcing endless battles is banned
|rule|Species Clause: Limit one of each Pokémon
|rule|OHKO Clause: OHKO moves are banned
|rule|Evasion Items Clause: Evasion items are banned
|rule|Evasion Moves Clause: Evasion moves are banned
|rule|Evasion Abilities Clause: Evasion abilities are banned
|rule|Sleep Moves Clause: Sleep-inducing moves are banned
|clearpoke
|poke|p1|Hitmonchan, M|
|poke|p1|Ursaluna, F|
|poke|p1|Kingdra, M|
|poke|p1|Drifblim, F|
|poke|p1|Hatterene, F|
|poke|p1|Quaquaval, F|
|poke|p2|Glimmora, F|
|poke|p2|Ogerpon-Wellspring, F|
|poke|p2|Cinderace, M|
|poke|p2|Landorus-Therian, M|
|poke|p2|Iron Valiant|
|poke|p2|Gliscor, M|
|teampreview
|inactive|Battle timer is ON: inactive players will automatically lose when time's up. (requested by Hduxnwhc)
|
|t:|1779643128
|teamsize|p1|6
|teamsize|p2|6
|start
|switch|p1a: Quaquaval|Quaquaval, F|100/100
|switch|p2a: Glimmora|Glimmora, F|100/100
|turn|1
|
|t:|1779643135
|switch|p1a: Hatterene|Hatterene, F|100/100
|move|p2a: Glimmora|Stealth Rock|p1a: Hatterene
|move|p1a: Hatterene|Stealth Rock|p2a: Glimmora|[from] ability: Magic Bounce
|-sidestart|p2: Hduxnwhc|move: Stealth Rock
|
|upkeep
|turn|2
|
|t:|1779643145
|move|p2a: Glimmora|Meteor Beam||[still]
|-prepare|p2a: Glimmora|Meteor Beam
|-boost|p2a: Glimmora|spa|1
|-enditem|p2a: Glimmora|Power Herb
|-anim|p2a: Glimmora|Meteor Beam|p1a: Hatterene
|-damage|p1a: Hatterene|0 fnt
|faint|p1a: Hatterene
|
|upkeep
|
|t:|1779643153
|switch|p1a: Kingdra|Kingdra, M|100/100
|turn|3
|
|t:|1779643159
|move|p2a: Glimmora|Stealth Rock|p1a: Kingdra
|-sidestart|p1: GoGlennCoco95|move: Stealth Rock
|move|p1a: Kingdra|Icy Wind|p2a: Glimmora
|-damage|p2a: Glimmora|82/100
|-unboost|p2a: Glimmora|spe|1
|
|upkeep
|turn|4
|
|t:|1779643166
|move|p1a: Kingdra|Scald|p2a: Glimmora
|-supereffective|p2a: Glimmora
|-damage|p2a: Glimmora|0 fnt
|faint|p2a: Glimmora
|
|upkeep
|
|t:|1779643179
|switch|p2a: Iron Valiant|Iron Valiant|100/100
|-damage|p2a: Iron Valiant|94/100|[from] Stealth Rock
|turn|5
|
|t:|1779643186
|move|p2a: Iron Valiant|Spirit Break|p1a: Kingdra
|-supereffective|p1a: Kingdra
|-damage|p1a: Kingdra|0 fnt
|faint|p1a: Kingdra
|
|upkeep
|
|t:|1779643194
|switch|p1a: Ursaluna|Ursaluna, F|100/100
|-damage|p1a: Ursaluna|94/100|[from] Stealth Rock
|turn|6
|
|t:|1779643199
|-end|p2a: Iron Valiant|Quark Drive|[silent]
|switch|p2a: Landorus|Landorus-Therian, M|100/100
|-damage|p2a: Landorus|88/100|[from] Stealth Rock
|-ability|p2a: Landorus|Intimidate|boost
|-unboost|p1a: Ursaluna|atk|1
|move|p1a: Ursaluna|Play Rough|p2a: Landorus
|-damage|p2a: Landorus|63/100
|
|upkeep
|turn|7
|
|t:|1779643208
|move|p2a: Landorus|Earthquake|p1a: Ursaluna
|-damage|p1a: Ursaluna|37/100
|move|p1a: Ursaluna|Ice Punch|p2a: Landorus
|-supereffective|p2a: Landorus
|-damage|p2a: Landorus|0 fnt
|faint|p2a: Landorus
|
|upkeep
|
|t:|1779643217
|switch|p2a: Ogerpon|Ogerpon-Wellspring, F|100/100
|-damage|p2a: Ogerpon|88/100|[from] Stealth Rock
|turn|8
|
|t:|1779643225
|move|p2a: Ogerpon|Ivy Cudgel|p1a: Ursaluna|[anim] Ivy Cudgel Water
|-supereffective|p1a: Ursaluna
|-damage|p1a: Ursaluna|0 fnt
|faint|p1a: Ursaluna
|
|upkeep
|
|t:|1779643232
|switch|p1a: Drifblim|Drifblim, F|100/100
|-damage|p1a: Drifblim|76/100|[from] Stealth Rock
|turn|9
|
|t:|1779643236
|move|p2a: Ogerpon|Knock Off|p1a: Drifblim
|-supereffective|p1a: Drifblim
|-damage|p1a: Drifblim|0 fnt
|-enditem|p1a: Drifblim|Flame Orb|[from] move: Knock Off|[of] p2a: Ogerpon
|faint|p1a: Drifblim
|
|upkeep
|
|t:|1779643243
|switch|p1a: Hitmonchan|Hitmonchan, M|100/100
|-damage|p1a: Hitmonchan|94/100|[from] Stealth Rock
|turn|10
|
|t:|1779643248
|-terastallize|p2a: Ogerpon|Water
|detailschange|p2a: Ogerpon|Ogerpon-Wellspring-Tera, F, tera:Water
|-ability|p2a: Ogerpon|Embody Aspect (Wellspring)|boost
|-boost|p2a: Ogerpon|spd|1
|move|p2a: Ogerpon|Ivy Cudgel|p1a: Hitmonchan|[anim] Ivy Cudgel Water
|-damage|p1a: Hitmonchan|0 fnt
|faint|p1a: Hitmonchan
|
|upkeep
|-message|GoGlennCoco95 forfeited.
|
|win|Hduxnwhc
|raw|GoGlennCoco95's rating: 1116 &rarr; <strong>1091</strong><br />(-25 for losing)
|raw|Hduxnwhc's rating: 1117 &rarr; <strong>1142</strong><br />(+25 for winning)
|l|☆GoGlennCoco95
|player|p1|
|l|☆Hduxnwhc
|player|p2|
