|j|☆FINAL RAMEN
|j|☆celestial nolonolo
|t:|1779611581
|gametype|singles
|player|p1|FINAL RAMEN|hiker-gen4|1509
|player|p2|celestial nolonolo|ghetsis-gen5bw|1539
|gen|9
|tier|[Gen 9] OU
|rated|
|rule|HP Percentage Mod: HP is shown in percentages
|rule|Endless Battle Clause: Forcing endless battles is banned
|rule|Species Clause: Limit one of each Pokémon
|rule|OHKO Clause: OHKO moves are banned
|rule|Evasion Items Clause: Evasion items are banned
|rule|Evasion Moves Clause: Evasion moves are banned
|rule|Evasion Abilities Clause: Evasion abilities are banned
|rule|Sleep Moves Clause: Sleep-inducing moves are banned
|clearpoke
|poke|p1|Deoxys-Speed|
|poke|p1|Kyurem|
|poke|p1|Iron Valiant|
|poke|p1|Gholdengo|
|poke|p1|Great Tusk|
|poke|p1|Moltres-Galar|
|poke|p2|Gliscor, F|
|poke|p2|Gholdengo|
|poke|p2|Dragonite, F|
|poke|p2|Ting-Lu|
|poke|p2|Darkrai|
|poke|p2|Zamazenta-*|
|teampreview
|j| Concept Everything
|
|t:|1779611595
|teamsize|p1|6
|teamsize|p2|6
|start
|switch|p1a: Deoxys|Deoxys-Speed|100/100
|switch|p2a: Gholdengo|Gholdengo|100/100
|-ability|p1a: Deoxys|Pressure
|turn|1
|
|t:|1779611613
|move|p1a: Deoxys|Knock Off|p2a: Gholdengo
|-supereffective|p2a: Gholdengo
|-damage|p2a: Gholdengo|54/100
|-enditem|p2a: Gholdengo|Choice Scarf|[from] move: Knock Off|[of] p1a: Deoxys
|move|p2a: Gholdengo|Trick|p1a: Deoxys
|-activate|p2a: Gholdengo|move: Trick|[of] p1a: Deoxys
|-enditem|p1a: Deoxys|Focus Sash|[silent]|[from] move: Trick
|-item|p2a: Gholdengo|Focus Sash|[from] move: Trick
|
|upkeep
|turn|2
|inactive|Battle timer is ON: inactive players will automatically lose when time's up. (requested by FINAL RAMEN)
|
|t:|1779611623
|move|p1a: Deoxys|Stealth Rock|p2a: Gholdengo
|-sidestart|p2: celestial nolonolo|move: Stealth Rock
|move|p2a: Gholdengo|Recover|p2a: Gholdengo
|-heal|p2a: Gholdengo|100/100
|
|upkeep
|turn|3
|
|t:|1779611631
|switch|p2a: Ting-Lu|Ting-Lu|100/100
|-damage|p2a: Ting-Lu|94/100|[from] Stealth Rock
|-ability|p2a: Ting-Lu|Vessel of Ruin
|move|p1a: Deoxys|Knock Off|p2a: Ting-Lu
|-resisted|p2a: Ting-Lu
|-damage|p2a: Ting-Lu|88/100
|-enditem|p2a: Ting-Lu|Leftovers|[from] move: Knock Off|[of] p1a: Deoxys
|
|upkeep
|turn|4
|inactive|FINAL RAMEN has 120 seconds left.
|
|t:|1779611665
|move|p1a: Deoxys|Taunt|p2a: Ting-Lu
|-start|p2a: Ting-Lu|move: Taunt
|cant|p2a: Ting-Lu|move: Taunt|Stealth Rock
|
|upkeep
|turn|5
|
|t:|1779611670
|move|p1a: Deoxys|Spikes|p2a: Ting-Lu
|-sidestart|p2: celestial nolonolo|Spikes
|move|p2a: Ting-Lu|Ruination|p1a: Deoxys
|-damage|p1a: Deoxys|51/100
|
|upkeep
|turn|6
|j| NoirSoumission
|inactive|FINAL RAMEN has 120 seconds left.
|
|t:|1779611697
|move|p1a: Deoxys|Spikes|p2a: Ting-Lu
|-sidestart|p2: celestial nolonolo|Spikes
|move|p2a: Ting-Lu|Earthquake|p1a: Deoxys
|-damage|p1a: Deoxys|6/100
|
|-end|p2a: Ting-Lu|move: Taunt
|upkeep
|turn|7
|
|t:|1779611704
|move|p1a: Deoxys|Taunt|p2a: Ting-Lu
|-start|p2a: Ting-Lu|move: Taunt
|move|p2a: Ting-Lu|Earthquake|p1a: Deoxys
|-damage|p1a: Deoxys|0 fnt
|faint|p1a: Deoxys
|
|upkeep
|
|t:|1779611712
|switch|p1a: Iron Valiant|Iron Valiant|100/100
|turn|8
|
|t:|1779611718
|switch|p2a: Gholdengo|Gholdengo|100/100
|-damage|p2a: Gholdengo|94/100|[from] Stealth Rock
|-damage|p2a: Gholdengo|78/100|[from] Spikes
|move|p1a: Iron Valiant|Close Combat|p2a: Gholdengo
|-immune|p2a: Gholdengo
|
|upkeep
|turn|9
|
|t:|1779611725
|-end|p1a: Iron Valiant|Quark Drive|[silent]
|switch|p1a: Great Tusk|Great Tusk|100/100
|move|p2a: Gholdengo|Make It Rain|p1a: Great Tusk
|-damage|p1a: Great Tusk|0 fnt
|-unboost|p2a: Gholdengo|spa|1
|faint|p1a: Great Tusk
|-end|p1a: Great Tusk|Protosynthesis|[silent]
|
|upkeep
|
|t:|1779611731
|switch|p1a: Moltres|Moltres-Galar|100/100
|turn|10
|
|t:|1779611740
|switch|p2a: Ting-Lu|Ting-Lu|88/100
|-damage|p2a: Ting-Lu|82/100|[from] Stealth Rock
|-damage|p2a: Ting-Lu|65/100|[from] Spikes
|-ability|p2a: Ting-Lu|Vessel of Ruin
|move|p1a: Moltres|Agility|p1a: Moltres
|-boost|p1a: Moltres|spe|2
|
|upkeep
|turn|11
|
|t:|1779611744
|move|p1a: Moltres|Air Slash|p2a: Ting-Lu
|-damage|p2a: Ting-Lu|52/100
|move|p2a: Ting-Lu|Whirlwind|p1a: Moltres
|drag|p1a: Iron Valiant|Iron Valiant|100/100
|
|upkeep
|turn|12
|
|t:|1779611747
|switch|p2a: Gholdengo|Gholdengo|78/100
|-damage|p2a: Gholdengo|72/100|[from] Stealth Rock
|-damage|p2a: Gholdengo|55/100|[from] Spikes
|move|p1a: Iron Valiant|Spirit Break|p2a: Gholdengo
|-resisted|p2a: Gholdengo
|-damage|p2a: Gholdengo|23/100
|-unboost|p2a: Gholdengo|spa|1
|
|upkeep
|turn|13
|
|t:|1779611750
|move|p1a: Iron Valiant|Spirit Break|p2a: Gholdengo
|-resisted|p2a: Gholdengo
|-damage|p2a: Gholdengo|0 fnt
|faint|p2a: Gholdengo
|
|upkeep
|
|t:|1779611757
|switch|p2a: Gliscor|Gliscor, F|100/100
|-damage|p2a: Gliscor|88/100|[from] Stealth Rock
|turn|14
|
|t:|1779611767
|move|p2a: Gliscor|Protect|p2a: Gliscor
|-singleturn|p2a: Gliscor|Protect
|move|p1a: Iron Valiant|Spirit Break|p2a: Gliscor
|-activate|p2a: Gliscor|move: Protect
|
|-status|p2a: Gliscor|tox|[from] item: Toxic Orb
|upkeep
|turn|15
|
|t:|1779611777
|move|p1a: Iron Valiant|Spirit Break|p2a: Gliscor
|-damage|p2a: Gliscor|53/100 tox
|-unboost|p2a: Gliscor|spa|1
|move|p2a: Gliscor|Toxic|p1a: Iron Valiant
|-status|p1a: Iron Valiant|tox
|
|-damage|p1a: Iron Valiant|94/100 tox|[from] psn
|-heal|p2a: Gliscor|65/100 tox|[from] ability: Poison Heal
|upkeep
|turn|16
|
|t:|1779611785
|-end|p1a: Iron Valiant|Quark Drive|[silent]
|switch|p1a: Kyurem|Kyurem|100/100
|-ability|p1a: Kyurem|Pressure
|move|p2a: Gliscor|Protect||[still]
|-fail|p2a: Gliscor
|
|-heal|p2a: Gliscor|78/100 tox|[from] ability: Poison Heal
|upkeep
|turn|17
|
|t:|1779611790
|move|p2a: Gliscor|Protect|p2a: Gliscor
|-singleturn|p2a: Gliscor|Protect
|move|p1a: Kyurem|Ice Beam|p2a: Gliscor
|-activate|p2a: Gliscor|move: Protect
|
|-heal|p2a: Gliscor|90/100 tox|[from] ability: Poison Heal
|upkeep
|turn|18
|
|t:|1779611802
|switch|p2a: Ting-Lu|Ting-Lu|52/100
|-damage|p2a: Ting-Lu|45/100|[from] Stealth Rock
|-damage|p2a: Ting-Lu|29/100|[from] Spikes
|-ability|p2a: Ting-Lu|Vessel of Ruin
|move|p1a: Kyurem|Ice Beam|p2a: Ting-Lu
|-supereffective|p2a: Ting-Lu
|-damage|p2a: Ting-Lu|0 fnt
|faint|p2a: Ting-Lu
|
|upkeep
|
|t:|1779611807
|switch|p2a: Zamazenta|Zamazenta|100/100
|-ability|p2a: Zamazenta|Dauntless Shield|boost
|-boost|p2a: Zamazenta|def|1
|turn|19
|
|t:|1779611815
|switch|p1a: Gholdengo|Gholdengo|100/100
|move|p2a: Zamazenta|Crunch|p1a: Gholdengo
|-supereffective|p1a: Gholdengo
|-damage|p1a: Gholdengo|38/100
|
|upkeep
|turn|20
|
|t:|1779611819
|move|p1a: Gholdengo|Dazzling Gleam|p2a: Zamazenta
|-supereffective|p2a: Zamazenta
|-damage|p2a: Zamazenta|52/100
|move|p2a: Zamazenta|Crunch|p1a: Gholdengo
|-supereffective|p1a: Gholdengo
|-damage|p1a: Gholdengo|0 fnt
|faint|p1a: Gholdengo
|
|upkeep
|
|t:|1779611823
|switch|p1a: Moltres|Moltres-Galar|100/100
|turn|21
|
|t:|1779611829
|move|p2a: Zamazenta|Close Combat|p1a: Moltres
|-damage|p1a: Moltres|37/100
|-unboost|p2a: Zamazenta|def|1
|-unboost|p2a: Zamazenta|spd|1
|-ability|p1a: Moltres|Berserk|boost
|-boost|p1a: Moltres|spa|1
|-enditem|p1a: Moltres|Sitrus Berry|[eat]
|-heal|p1a: Moltres|62/100|[from] item: Sitrus Berry
|move|p1a: Moltres|Agility|p1a: Moltres
|-boost|p1a: Moltres|spe|2
|
|upkeep
|turn|22
|
|t:|1779611838
|move|p1a: Moltres|Air Slash|p2a: Zamazenta
|-supereffective|p2a: Zamazenta
|-damage|p2a: Zamazenta|0 fnt
|faint|p2a: Zamazenta
|
|upkeep
|
|t:|1779611848
|switch|p2a: Dragonite|Dragonite, F|100/100
|turn|23
|
|t:|1779611856
|move|p1a: Moltres|Fiery Wrath|p2a: Dragonite
|-damage|p2a: Dragonite|72/100
|move|p2a: Dragonite|Dragon Dance|p2a: Dragonite
|-boost|p2a: Dragonite|atk|1
|-boost|p2a: Dragonite|spe|1
|
|upkeep
|turn|24
|
|t:|1779611869
|-terastallize|p2a: Dragonite|Normal
|move|p2a: Dragonite|Extreme Speed|p1a: Moltres
|-crit|p1a: Moltres
|-damage|p1a: Moltres|0 fnt
|faint|p1a: Moltres
|
|upkeep
|
|t:|1779611874
|switch|p1a: Iron Valiant|Iron Valiant|94/100 tox
|turn|25
|
|t:|1779611879
|switch|p2a: Gliscor|Gliscor, F|90/100 tox
|-damage|p2a: Gliscor|78/100 tox|[from] Stealth Rock
|-terastallize|p1a: Iron Valiant|Ghost
|move|p1a: Iron Valiant|Close Combat|p2a: Gliscor
|-resisted|p2a: Gliscor
|-damage|p2a: Gliscor|51/100 tox
|-unboost|p1a: Iron Valiant|def|1
|-unboost|p1a: Iron Valiant|spd|1
|
|-damage|p1a: Iron Valiant|88/100 tox|[from] psn
|-heal|p2a: Gliscor|63/100 tox|[from] ability: Poison Heal
|upkeep
|turn|26
|j| darkrat18
|
|t:|1779611888
|move|p2a: Gliscor|Protect|p2a: Gliscor
|-singleturn|p2a: Gliscor|Protect
|move|p1a: Iron Valiant|Close Combat|p2a: Gliscor
|-activate|p2a: Gliscor|move: Protect
|
|-damage|p1a: Iron Valiant|76/100 tox|[from] psn
|-heal|p2a: Gliscor|76/100 tox|[from] ability: Poison Heal
|upkeep
|turn|27
|
|t:|1779611897
|-end|p1a: Iron Valiant|Quark Drive|[silent]
|switch|p1a: Kyurem|Kyurem|100/100
|-ability|p1a: Kyurem|Pressure
|move|p2a: Gliscor|Spikes|p1a: Kyurem
|-sidestart|p1: FINAL RAMEN|Spikes
|
|-heal|p2a: Gliscor|88/100 tox|[from] ability: Poison Heal
|upkeep
|turn|28
|j| heatraniac
|
|t:|1779611915
|move|p2a: Gliscor|Protect|p2a: Gliscor
|-singleturn|p2a: Gliscor|Protect
|move|p1a: Kyurem|Ice Beam|p2a: Gliscor
|-activate|p2a: Gliscor|move: Protect
|
|-heal|p2a: Gliscor|100/100 tox|[from] ability: Poison Heal
|upkeep
|turn|29
|
|t:|1779611921
|switch|p2a: Darkrai|Darkrai|100/100
|move|p1a: Kyurem|Ice Beam|p2a: Darkrai
|-damage|p2a: Darkrai|0 fnt
|faint|p2a: Darkrai
|
|upkeep
|l| heatraniac
|
|t:|1779611927
|switch|p2a: Dragonite|Dragonite, F, tera:Normal|72/100
|turn|30
|
|t:|1779611933
|move|p2a: Dragonite|Extreme Speed|p1a: Kyurem
|-damage|p1a: Kyurem|58/100
|move|p1a: Kyurem|Ice Beam|p2a: Dragonite
|-damage|p2a: Dragonite|4/100
|
|upkeep
|turn|31
|
|t:|1779611938
|move|p2a: Dragonite|Extreme Speed|p1a: Kyurem
|-damage|p1a: Kyurem|12/100
|move|p1a: Kyurem|Ice Beam|p2a: Dragonite
|-damage|p2a: Dragonite|0 fnt
|faint|p2a: Dragonite
|
|upkeep
|
|t:|1779611939
|switch|p2a: Gliscor|Gliscor, F|100/100 tox
|-damage|p2a: Gliscor|88/100 tox|[from] Stealth Rock
|turn|32
|
|t:|1779611941
|move|p1a: Kyurem|Ice Beam|p2a: Gliscor
|-supereffective|p2a: Gliscor
|-damage|p2a: Gliscor|0 fnt
|faint|p2a: Gliscor
|
|win|FINAL RAMEN
|raw|FINAL RAMEN's rating: 1483 &rarr; <strong>1506</strong><br />(+23 for winning)
|raw|celestial nolonolo's rating: 1539 &rarr; <strong>1516</strong><br />(-23 for losing)
|l|☆celestial nolonolo
|player|p2|
|l|☆FINAL RAMEN
|player|p1|
