|j|☆meta fodder
|j|☆Grey_Flame
|t:|1779567071
|gametype|singles
|player|p1|meta fodder|workerice|1541
|player|p2|Grey_Flame|gamer-gen3|1537
|gen|9
|tier|[Gen 9] OU
|rated|
|rule|HP Percentage Mod: HP is shown in percentages
|rule|Endless Battle Clause: Forcing endless battles is banned
|rule|Species Clause: Limit one of each Pokémon
|rule|OHKO Clause: OHKO moves are banned
|rule|Evasion Items Clause: Evasion items are banned
|rule|Evasion Moves Clause: Evasion moves are banned
|rule|Evasion Abilities Clause: Evasion abilities are banned
|rule|Sleep Moves Clause: Sleep-inducing moves are banned
|clearpoke
|poke|p1|Ninetales-Alola, F|
|poke|p1|Blaziken, F|
|poke|p1|Glimmora, F|
|poke|p1|Iron Valiant|
|poke|p1|Zamazenta-*|
|poke|p1|Dragonite, M|
|poke|p2|Umbreon, M|
|poke|p2|Volcanion|
|poke|p2|Chesnaught, M|
|poke|p2|Iron Treads|
|poke|p2|Dragalge, M|
|poke|p2|Latios, M|
|teampreview
|inactive|Battle timer is ON: inactive players will automatically lose when time's up. (requested by meta fodder)
|c|☆Grey_Flame|gl hf
|
|t:|1779567077
|teamsize|p1|6
|teamsize|p2|6
|start
|switch|p1a: Glimmora|Glimmora, F|100/100
|switch|p2a: AutobotsRollOut|Iron Treads|100/100
|turn|1
|
|t:|1779567092
|switch|p1a: Zamazenta|Zamazenta|100/100
|-ability|p1a: Zamazenta|Dauntless Shield|boost
|-boost|p1a: Zamazenta|def|1
|move|p2a: AutobotsRollOut|Iron Head|p1a: Zamazenta
|-damage|p1a: Zamazenta|83/100
|
|-heal|p1a: Zamazenta|90/100|[from] item: Leftovers
|upkeep
|turn|2
|
|t:|1779567102
|-end|p2a: AutobotsRollOut|Quark Drive|[silent]
|switch|p2a: Thornhill|Chesnaught, M|100/100
|move|p1a: Zamazenta|Substitute|p1a: Zamazenta
|-start|p1a: Zamazenta|Substitute
|-damage|p1a: Zamazenta|65/100
|
|-heal|p1a: Zamazenta|71/100|[from] item: Leftovers
|upkeep
|turn|3
|
|t:|1779567109
|move|p1a: Zamazenta|Iron Defense|p1a: Zamazenta
|-boost|p1a: Zamazenta|def|2
|move|p2a: Thornhill|Iron Defense|p2a: Thornhill
|-boost|p2a: Thornhill|def|2
|
|-heal|p1a: Zamazenta|77/100|[from] item: Leftovers
|upkeep
|turn|4
|
|t:|1779567112
|move|p1a: Zamazenta|Iron Defense|p1a: Zamazenta
|-boost|p1a: Zamazenta|def|2
|move|p2a: Thornhill|Body Press|p1a: Zamazenta
|-activate|p1a: Zamazenta|move: Substitute|[damage]
|
|-heal|p1a: Zamazenta|83/100|[from] item: Leftovers
|upkeep
|turn|5
|
|t:|1779567115
|move|p1a: Zamazenta|Iron Defense|p1a: Zamazenta
|-boost|p1a: Zamazenta|def|1
|move|p2a: Thornhill|Iron Defense|p2a: Thornhill
|-boost|p2a: Thornhill|def|2
|
|-heal|p1a: Zamazenta|89/100|[from] item: Leftovers
|upkeep
|turn|6
|
|t:|1779567118
|move|p1a: Zamazenta|Body Press|p2a: Thornhill
|-damage|p2a: Thornhill|73/100
|-damage|p1a: Zamazenta|73/100|[from] item: Rocky Helmet|[of] p2a: Thornhill
|move|p2a: Thornhill|Body Press|p1a: Zamazenta
|-end|p1a: Zamazenta|Substitute
|
|-heal|p1a: Zamazenta|79/100|[from] item: Leftovers
|upkeep
|turn|7
|
|t:|1779567126
|move|p1a: Zamazenta|Substitute|p1a: Zamazenta
|-start|p1a: Zamazenta|Substitute
|-damage|p1a: Zamazenta|54/100
|move|p2a: Thornhill|Iron Defense|p2a: Thornhill
|-boost|p2a: Thornhill|def|2
|
|-heal|p1a: Zamazenta|60/100|[from] item: Leftovers
|upkeep
|turn|8
|
|t:|1779567131
|move|p1a: Zamazenta|Body Press|p2a: Thornhill
|-damage|p2a: Thornhill|53/100
|-damage|p1a: Zamazenta|44/100|[from] item: Rocky Helmet|[of] p2a: Thornhill
|move|p2a: Thornhill|Body Press|p1a: Zamazenta
|-end|p1a: Zamazenta|Substitute
|
|-heal|p1a: Zamazenta|50/100|[from] item: Leftovers
|upkeep
|turn|9
|
|t:|1779567137
|move|p1a: Zamazenta|Body Press|p2a: Thornhill
|-damage|p2a: Thornhill|34/100
|-damage|p1a: Zamazenta|33/100|[from] item: Rocky Helmet|[of] p2a: Thornhill
|move|p2a: Thornhill|Synthesis|p2a: Thornhill
|-heal|p2a: Thornhill|84/100
|
|-heal|p1a: Zamazenta|40/100|[from] item: Leftovers
|upkeep
|turn|10
|
|t:|1779567149
|move|p1a: Zamazenta|Substitute|p1a: Zamazenta
|-start|p1a: Zamazenta|Substitute
|-damage|p1a: Zamazenta|15/100
|move|p2a: Thornhill|Body Press|p1a: Zamazenta
|-end|p1a: Zamazenta|Substitute
|
|-heal|p1a: Zamazenta|21/100|[from] item: Leftovers
|upkeep
|turn|11
|
|t:|1779567151
|move|p1a: Zamazenta|Body Press|p2a: Thornhill
|-damage|p2a: Thornhill|65/100
|-damage|p1a: Zamazenta|4/100|[from] item: Rocky Helmet|[of] p2a: Thornhill
|move|p2a: Thornhill|Synthesis|p2a: Thornhill
|-heal|p2a: Thornhill|100/100
|
|-heal|p1a: Zamazenta|11/100|[from] item: Leftovers
|upkeep
|turn|12
|
|t:|1779567153
|move|p1a: Zamazenta|Body Press|p2a: Thornhill
|-damage|p2a: Thornhill|81/100
|-damage|p1a: Zamazenta|0 fnt|[from] item: Rocky Helmet|[of] p2a: Thornhill
|faint|p1a: Zamazenta
|move|p2a: Thornhill|Body Press|p1: Zamazenta|[notarget]
|-fail|p2a: Thornhill
|
|upkeep
|
|t:|1779567155
|switch|p1a: Ninetales|Ninetales-Alola, F|100/100
|-weather|Snowscape|[from] ability: Snow Warning|[of] p1a: Ninetales
|turn|13
|
|t:|1779567177
|move|p1a: Ninetales|Aurora Veil|p1a: Ninetales
|-sidestart|p1: meta fodder|move: Aurora Veil
|move|p2a: Thornhill|Spikes|p1a: Ninetales
|-sidestart|p1: meta fodder|Spikes
|
|-weather|Snowscape|[upkeep]
|upkeep
|turn|14
|
|t:|1779567192
|switch|p2a: Mr. Midnight|Umbreon, M, shiny|100/100
|move|p1a: Ninetales|Moonblast|p2a: Mr. Midnight
|-supereffective|p2a: Mr. Midnight
|-damage|p2a: Mr. Midnight|54/100
|-unboost|p2a: Mr. Midnight|spa|1
|
|-weather|Snowscape|[upkeep]
|-heal|p2a: Mr. Midnight|60/100|[from] item: Leftovers
|upkeep
|turn|15
|
|t:|1779567206
|move|p1a: Ninetales|Moonblast|p2a: Mr. Midnight
|-supereffective|p2a: Mr. Midnight
|-crit|p2a: Mr. Midnight
|-damage|p2a: Mr. Midnight|0 fnt
|faint|p2a: Mr. Midnight
|
|-weather|Snowscape|[upkeep]
|upkeep
|inactive|Grey_Flame has 120 seconds left.
|l|☆Grey_Flame
|inactive|Grey_Flame disconnected and has a minute to reconnect!
|player|p2|
|j|☆Grey_Flame
|inactive|Grey_Flame reconnected and has 95 seconds left.
|player|p2|Grey_Flame|gamer-gen3|
|
|t:|1779567266
|switch|p2a: Leon Heart|Volcanion|100/100
|turn|16
|
|t:|1779567286
|switch|p1a: Dragonite|Dragonite, M|100/100
|move|p2a: Leon Heart|Steam Eruption|p1a: Dragonite
|-resisted|p1a: Dragonite
|-damage|p1a: Dragonite|88/100
|
|-weather|Snowscape|[upkeep]
|upkeep
|turn|17
|l|☆Grey_Flame
|inactive|Grey_Flame disconnected and has a minute to reconnect!
|player|p2|
|j|☆Grey_Flame
|inactive|Grey_Flame reconnected and has 105 seconds left.
|player|p2|Grey_Flame|gamer-gen3|
|inactive|meta fodder has 120 seconds left.
|
|t:|1779567324
|move|p1a: Dragonite|Dragon Dance|p1a: Dragonite
|-boost|p1a: Dragonite|atk|1
|-boost|p1a: Dragonite|spe|1
|move|p2a: Leon Heart|Steam Eruption|p1a: Dragonite
|-resisted|p1a: Dragonite
|-damage|p1a: Dragonite|63/100
|
|-weather|none
|upkeep
|turn|18
|
|t:|1779567334
|switch|p2a: Thornhill|Chesnaught, M|81/100
|-terastallize|p1a: Dragonite|Dragon
|move|p1a: Dragonite|Outrage|p2a: Thornhill
|-damage|p2a: Thornhill|0 fnt
|-damage|p1a: Dragonite|47/100|[from] item: Rocky Helmet|[of] p2a: Thornhill
|faint|p2a: Thornhill
|
|upkeep
|inactive|Grey_Flame has 90 seconds left.
|
|t:|1779567356
|switch|p2a: AutobotsRollOut|Iron Treads|100/100
|turn|19
|inactive|Grey_Flame has 90 seconds left.
|
|t:|1779567367
|move|p2a: AutobotsRollOut|Iron Head|p1a: Dragonite
|-damage|p1a: Dragonite|25/100
|move|p1a: Dragonite|Outrage|p2a: AutobotsRollOut|[from] lockedmove
|-resisted|p2a: AutobotsRollOut
|-damage|p2a: AutobotsRollOut|39/100
|-start|p1a: Dragonite|confusion|[fatigue]
|
|upkeep
|turn|20
|
|t:|1779567373
|move|p2a: AutobotsRollOut|Iron Head|p1a: Dragonite
|-damage|p1a: Dragonite|3/100
|-activate|p1a: Dragonite|confusion
|-damage|p1a: Dragonite|0 fnt|[from] confusion
|faint|p1a: Dragonite
|
|-sideend|p1: meta fodder|move: Aurora Veil
|upkeep
|
|t:|1779567378
|switch|p1a: Blaziken|Blaziken, F|100/100
|-damage|p1a: Blaziken|88/100|[from] Spikes
|turn|21
|c|☆meta fodder|bru
|inactive|Grey_Flame has 90 seconds left.
|
|t:|1779567420
|-end|p2a: AutobotsRollOut|Quark Drive|[silent]
|switch|p2a: Zoomies|Latios, M|100/100
|move|p1a: Blaziken|Focus Energy|p1a: Blaziken
|-start|p1a: Blaziken|move: Focus Energy
|
|-ability|p1a: Blaziken|Speed Boost|boost
|-boost|p1a: Blaziken|spe|1
|upkeep
|turn|22
|
|t:|1779567428
|move|p1a: Blaziken|Protect|p1a: Blaziken
|-singleturn|p1a: Blaziken|Protect
|move|p2a: Zoomies|Luster Purge|p1a: Blaziken
|-activate|p1a: Blaziken|move: Protect
|
|-ability|p1a: Blaziken|Speed Boost|boost
|-boost|p1a: Blaziken|spe|1
|upkeep
|turn|23
|
|t:|1779567433
|move|p1a: Blaziken|Overheat|p2a: Zoomies
|-resisted|p2a: Zoomies
|-crit|p2a: Zoomies
|-damage|p2a: Zoomies|53/100
|-unboost|p1a: Blaziken|spa|2
|move|p2a: Zoomies|Luster Purge|p1a: Blaziken
|-supereffective|p1a: Blaziken
|-damage|p1a: Blaziken|0 fnt
|faint|p1a: Blaziken
|
|upkeep
|
|t:|1779567436
|switch|p1a: Ninetales|Ninetales-Alola, F|100/100
|-damage|p1a: Ninetales|88/100|[from] Spikes
|-weather|Snowscape|[from] ability: Snow Warning|[of] p1a: Ninetales
|turn|24
|inactive|Grey_Flame has 90 seconds left.
|l|☆Grey_Flame
|inactive|Grey_Flame disconnected and has a minute to reconnect!
|player|p2|
|j|☆Grey_Flame
|inactive|Grey_Flame reconnected and has 65 seconds left.
|player|p2|Grey_Flame|gamer-gen3|
|inactive|Grey_Flame has 60 seconds left.
|
|t:|1779567482
|move|p2a: Zoomies|Luster Purge|p1a: Ninetales
|-damage|p1a: Ninetales|19/100
|move|p1a: Ninetales|Aurora Veil|p1a: Ninetales
|-sidestart|p1: meta fodder|move: Aurora Veil
|
|-weather|Snowscape|[upkeep]
|upkeep
|turn|25
|
|t:|1779567492
|move|p2a: Zoomies|Luster Purge|p1a: Ninetales
|-damage|p1a: Ninetales|0 fnt
|faint|p1a: Ninetales
|
|-weather|Snowscape|[upkeep]
|upkeep
|
|t:|1779567495
|switch|p1a: Iron Valiant|Iron Valiant|100/100
|-damage|p1a: Iron Valiant|88/100|[from] Spikes
|-enditem|p1a: Iron Valiant|Booster Energy
|-activate|p1a: Iron Valiant|ability: Quark Drive|[fromitem]
|-start|p1a: Iron Valiant|quarkdrivespe
|turn|26
|
|t:|1779567502
|move|p1a: Iron Valiant|Calm Mind|p1a: Iron Valiant
|-boost|p1a: Iron Valiant|spa|1
|-boost|p1a: Iron Valiant|spd|1
|move|p2a: Zoomies|Luster Purge|p1a: Iron Valiant
|-supereffective|p1a: Iron Valiant
|-damage|p1a: Iron Valiant|20/100
|
|-weather|Snowscape|[upkeep]
|upkeep
|turn|27
|
|t:|1779567521
|switch|p2a: Leon Heart|Volcanion|100/100
|move|p1a: Iron Valiant|Shadow Ball|p2a: Leon Heart
|-damage|p2a: Leon Heart|59/100
|
|-weather|Snowscape|[upkeep]
|upkeep
|turn|28
|
|t:|1779567526
|move|p1a: Iron Valiant|Shadow Ball|p2a: Leon Heart
|-damage|p2a: Leon Heart|15/100
|move|p2a: Leon Heart|Steam Eruption|p1a: Iron Valiant
|-damage|p1a: Iron Valiant|0 fnt
|faint|p1a: Iron Valiant
|-end|p1a: Iron Valiant|Quark Drive|[silent]
|
|-weather|none
|upkeep
|
|t:|1779567529
|switch|p1a: Glimmora|Glimmora, F|100/100
|-damage|p1a: Glimmora|88/100|[from] Spikes
|turn|29
|
|t:|1779567532
|move|p1a: Glimmora|Sludge Wave|p2a: Leon Heart
|-damage|p2a: Leon Heart|0 fnt
|faint|p2a: Leon Heart
|
|upkeep
|
|t:|1779567534
|switch|p2a: AutobotsRollOut|Iron Treads|39/100
|turn|30
|
|t:|1779567537
|move|p2a: AutobotsRollOut|Earthquake|p1a: Glimmora
|-supereffective|p1a: Glimmora
|-damage|p1a: Glimmora|0 fnt
|-activate|p1a: Glimmora|ability: Toxic Debris
|-sidestart|p2: Grey_Flame|move: Toxic Spikes
|faint|p1a: Glimmora
|
|win|Grey_Flame
|raw|meta fodder's rating: 1541 &rarr; <strong>1521</strong><br />(-20 for losing)
|raw|Grey_Flame's rating: 1537 &rarr; <strong>1557</strong><br />(+20 for winning)
|l|☆meta fodder
|player|p1|
|c|☆Grey_Flame|gg
|l|☆Grey_Flame
|player|p2|
