|j|☆noob1877
|j|☆slitherwing ily ><
|t:|1779660865
|gametype|singles
|player|p1|noob1877|169|1737
|player|p2|slitherwing ily ><|iono-masters|1735
|gen|9
|tier|[Gen 9] OU
|rated|
|rule|HP Percentage Mod: HP is shown in percentages
|rule|Endless Battle Clause: Forcing endless battles is banned
|rule|Species Clause: Limit one of each Pokémon
|rule|OHKO Clause: OHKO moves are banned
|rule|Evasion Items Clause: Evasion items are banned
|rule|Evasion Moves Clause: Evasion moves are banned
|rule|Evasion Abilities Clause: Evasion abilities are banned
|rule|Sleep Moves Clause: Sleep-inducing moves are banned
|clearpoke
|poke|p1|Weezing-Galar, M|
|poke|p1|Samurott-Hisui, F|
|poke|p1|Dragonite, F|
|poke|p1|Iron Crown|
|poke|p1|Dragapult, F|
|poke|p1|Landorus-Therian, M|
|poke|p2|Kyurem|
|poke|p2|Cinderace, M|
|poke|p2|Gholdengo|
|poke|p2|Primarina, M|
|poke|p2|Dragonite, F|
|poke|p2|Great Tusk|
|teampreview
|j| NoirSoumission
|
|t:|1779660876
|teamsize|p1|6
|teamsize|p2|6
|start
|switch|p1a: Weezing|Weezing-Galar, M|100/100
|switch|p2a: A|Cinderace, M|100/100
|-ability|p1a: Weezing|Neutralizing Gas
|turn|1
|inactive|Battle timer is ON: inactive players will automatically lose when time's up. (requested by slitherwing ily ><)
|j| nesnot
|
|t:|1779660880
|move|p2a: A|Pyro Ball|p1a: Weezing
|-damage|p1a: Weezing|45/100
|move|p1a: Weezing|Strange Steam|p2a: A
|-resisted|p2a: A
|-damage|p2a: A|83/100
|
|upkeep
|turn|2
|
|t:|1779660884
|-end|p1a: Weezing|ability: Neutralizing Gas
|switch|p1a: Landorus|Landorus-Therian, M|100/100
|-ability|p1a: Landorus|Intimidate|boost
|-unboost|p2a: A|atk|1
|move|p2a: A|Pyro Ball|p1a: Landorus
|-crit|p1a: Landorus
|-damage|p1a: Landorus|0 fnt
|faint|p1a: Landorus
|
|upkeep
|
|t:|1779660889
|switch|p1a: Samurott|Samurott-Hisui, F|100/100
|turn|3
|
|t:|1779660891
|switch|p2a: Nah I'd Spin|Great Tusk|100/100
|move|p1a: Samurott|Ceaseless Edge|p2a: Nah I'd Spin
|-resisted|p2a: Nah I'd Spin
|-damage|p2a: Nah I'd Spin|86/100
|-damage|p1a: Samurott|84/100|[from] item: Rocky Helmet|[of] p2a: Nah I'd Spin
|-sidestart|p2: slitherwing ily ><|Spikes
|
|upkeep
|turn|4
|
|t:|1779660898
|switch|p1a: Dragapult|Dragapult, F|100/100
|move|p2a: Nah I'd Spin|Rapid Spin|p1a: Dragapult
|-immune|p1a: Dragapult
|
|upkeep
|turn|5
|
|t:|1779660905
|move|p1a: Dragapult|Shadow Ball|p2a: Nah I'd Spin
|-damage|p2a: Nah I'd Spin|12/100
|move|p2a: Nah I'd Spin|Stealth Rock|p1a: Dragapult
|-sidestart|p1: noob1877|move: Stealth Rock
|
|upkeep
|turn|6
|
|t:|1779660910
|-end|p2a: Nah I'd Spin|Protosynthesis|[silent]
|switch|p2a: Primarina|Primarina, M|100/100
|-damage|p2a: Primarina|88/100|[from] Spikes
|move|p1a: Dragapult|Shadow Ball|p2a: Primarina
|-damage|p2a: Primarina|57/100
|
|upkeep
|turn|7
|inactive|noob1877 has 120 seconds left.
|l| nesnot
|
|t:|1779660967
|-terastallize|p1a: Dragapult|Ghost
|move|p1a: Dragapult|Shadow Ball|p2a: Primarina
|-damage|p2a: Primarina|15/100
|-unboost|p2a: Primarina|spd|1
|move|p2a: Primarina|Moonblast|p1a: Dragapult
|-damage|p1a: Dragapult|27/100
|
|upkeep
|turn|8
|
|t:|1779660978
|move|p1a: Dragapult|Shadow Ball|p2a: Primarina
|-damage|p2a: Primarina|0 fnt
|faint|p2a: Primarina
|
|upkeep
|
|t:|1779660989
|switch|p2a: Jane Juliet|Gholdengo|100/100
|-damage|p2a: Jane Juliet|88/100|[from] Spikes
|turn|9
|
|t:|1779660992
|switch|p1a: Samurott|Samurott-Hisui, F|84/100
|-damage|p1a: Samurott|72/100|[from] Stealth Rock
|move|p2a: Jane Juliet|Shadow Ball|p1a: Samurott
|-resisted|p1a: Samurott
|-damage|p1a: Samurott|55/100
|
|upkeep
|turn|10
|
|t:|1779660995
|switch|p2a: Nah I'd Spin|Great Tusk|12/100
|-damage|p2a: Nah I'd Spin|0 fnt|[from] Spikes
|faint|p2a: Nah I'd Spin
|-end|p2a: Nah I'd Spin|Protosynthesis|[silent]
|move|p1a: Samurott|Ceaseless Edge|p2: Nah I'd Spin|[notarget]
|-fail|p1a: Samurott
|
|upkeep
|
|t:|1779660998
|switch|p2a: A|Cinderace, M|83/100
|-damage|p2a: A|70/100|[from] Spikes
|turn|11
|
|t:|1779661003
|switch|p1a: Weezing|Weezing-Galar, M|45/100
|-ability|p1a: Weezing|Neutralizing Gas
|-damage|p1a: Weezing|33/100|[from] Stealth Rock
|move|p2a: A|U-turn|p1a: Weezing
|-resisted|p1a: Weezing
|-damage|p1a: Weezing|27/100
|
|t:|1779661005
|switch|p2a: Refrigerator|Kyurem|100/100|[from] U-turn
|-damage|p2a: Refrigerator|88/100|[from] Spikes
|
|upkeep
|turn|12
|
|t:|1779661009
|-end|p1a: Weezing|ability: Neutralizing Gas
|-ability|p2a: Refrigerator|Pressure
|switch|p1a: Iron Crown|Iron Crown|100/100
|-damage|p1a: Iron Crown|94/100|[from] Stealth Rock
|-enditem|p1a: Iron Crown|Booster Energy
|-activate|p1a: Iron Crown|ability: Quark Drive|[fromitem]
|-start|p1a: Iron Crown|quarkdrivespe
|move|p2a: Refrigerator|Ice Beam|p1a: Iron Crown
|-resisted|p1a: Iron Crown
|-damage|p1a: Iron Crown|70/100
|
|upkeep
|turn|13
|
|t:|1779661017
|move|p1a: Iron Crown|Calm Mind|p1a: Iron Crown
|-boost|p1a: Iron Crown|spa|1
|-boost|p1a: Iron Crown|spd|1
|move|p2a: Refrigerator|Earth Power|p1a: Iron Crown
|-supereffective|p1a: Iron Crown
|-damage|p1a: Iron Crown|25/100
|-unboost|p1a: Iron Crown|spd|1
|
|upkeep
|turn|14
|
|t:|1779661020
|move|p1a: Iron Crown|Tachyon Cutter|p2a: Refrigerator
|-supereffective|p2a: Refrigerator
|-damage|p2a: Refrigerator|45/100
|-supereffective|p2a: Refrigerator
|-damage|p2a: Refrigerator|1/100
|-hitcount|p2a: Refrigerator|2
|move|p2a: Refrigerator|Earth Power|p1a: Iron Crown
|-supereffective|p1a: Iron Crown
|-damage|p1a: Iron Crown|0 fnt
|faint|p1a: Iron Crown
|-end|p1a: Iron Crown|Quark Drive|[silent]
|
|upkeep
|inactive|noob1877 has 120 seconds left.
|
|t:|1779661053
|switch|p1a: Samurott|Samurott-Hisui, F|55/100
|-damage|p1a: Samurott|43/100|[from] Stealth Rock
|turn|15
|j| broflopieopp
|
|t:|1779661063
|move|p1a: Samurott|Sucker Punch|p2a: Refrigerator
|-damage|p2a: Refrigerator|0 fnt
|faint|p2a: Refrigerator
|
|upkeep
|
|t:|1779661072
|switch|p2a: A|Cinderace, M|70/100
|-damage|p2a: A|58/100|[from] Spikes
|turn|16
|
|t:|1779661098
|switch|p1a: Weezing|Weezing-Galar, M|27/100
|-ability|p1a: Weezing|Neutralizing Gas
|-damage|p1a: Weezing|15/100|[from] Stealth Rock
|move|p2a: A|U-turn|p1a: Weezing
|-resisted|p1a: Weezing
|-crit|p1a: Weezing
|-damage|p1a: Weezing|6/100
|
|t:|1779661115
|switch|p2a: Saber|Dragonite, F|100/100|[from] U-turn
|
|upkeep
|turn|17
|-enditem|p1a: Weezing|Custap Berry|[eat]
|-activate|p1a: Weezing|item: Custap Berry|[consumed]
|
|t:|1779661121
|move|p1a: Weezing|Will-O-Wisp|p2a: Saber
|-status|p2a: Saber|brn
|move|p2a: Saber|Earthquake|p1a: Weezing
|-supereffective|p1a: Weezing
|-damage|p1a: Weezing|0 fnt
|faint|p1a: Weezing
|-end|p1a: Weezing|ability: Neutralizing Gas
|
|-damage|p2a: Saber|94/100 brn|[from] brn
|upkeep
|c|☆slitherwing ily ><|gg
|
|t:|1779661138
|switch|p1a: Dragonite|Dragonite, F|100/100
|-damage|p1a: Dragonite|76/100|[from] Stealth Rock
|turn|18
|
|t:|1779661145
|move|p1a: Dragonite|Dragon Dance|p1a: Dragonite
|-boost|p1a: Dragonite|atk|1
|-boost|p1a: Dragonite|spe|1
|move|p2a: Saber|Dragon Dance|p2a: Saber
|-boost|p2a: Saber|atk|1
|-boost|p2a: Saber|spe|1
|
|-damage|p2a: Saber|88/100 brn|[from] brn
|upkeep
|turn|19
|
|t:|1779661157
|-terastallize|p2a: Saber|Normal
|move|p2a: Saber|Extreme Speed|p1a: Dragonite
|-damage|p1a: Dragonite|39/100
|move|p1a: Dragonite|Scale Shot|p2a: Saber
|-damage|p2a: Saber|62/100 brn
|-damage|p2a: Saber|35/100 brn
|-damage|p2a: Saber|11/100 brn
|-damage|p2a: Saber|0 fnt
|faint|p2a: Saber
|-hitcount|p2: Saber|4
|-unboost|p1a: Dragonite|def|1
|-boost|p1a: Dragonite|spe|1
|
|upkeep
|
|t:|1779661163
|switch|p2a: Jane Juliet|Gholdengo|88/100
|-damage|p2a: Jane Juliet|76/100|[from] Spikes
|turn|20
|
|t:|1779661165
|move|p1a: Dragonite|Fire Punch|p2a: Jane Juliet
|-supereffective|p2a: Jane Juliet
|-damage|p2a: Jane Juliet|0 fnt
|faint|p2a: Jane Juliet
|
|upkeep
|-message|slitherwing ily >< forfeited.
|
|win|noob1877
|raw|noob1877's rating: 1737 &rarr; <strong>1757</strong><br />(+20 for winning)
|raw|slitherwing ily &gt;&lt;'s rating: 1735 &rarr; <strong>1715</strong><br />(-20 for losing)
|l|☆slitherwing ily ><
|player|p2|
|l|☆noob1877
|player|p1|
