|j|☆owl_with_scarf
|j|☆Blackjaw67
|t:|1779603247
|gametype|singles
|player|p1|owl_with_scarf|#owlwithscarf|1529
|player|p2|Blackjaw67|102|1507
|gen|9
|tier|[Gen 9] OU
|rated|
|rule|HP Percentage Mod: HP is shown in percentages
|rule|Endless Battle Clause: Forcing endless battles is banned
|rule|Species Clause: Limit one of each Pokémon
|rule|OHKO Clause: OHKO moves are banned
|rule|Evasion Items Clause: Evasion items are banned
|rule|Evasion Moves Clause: Evasion moves are banned
|rule|Evasion Abilities Clause: Evasion abilities are banned
|rule|Sleep Moves Clause: Sleep-inducing moves are banned
|clearpoke
|poke|p1|Mandibuzz, F|
|poke|p1|Tyranitar, M|
|poke|p1|Glimmora, F|
|poke|p1|Ogerpon, F|
|poke|p1|Gliscor, F|
|poke|p1|Sinistcha|
|poke|p2|Gliscor, F|
|poke|p2|Gholdengo|
|poke|p2|Dragonite, M|
|poke|p2|Ting-Lu|
|poke|p2|Darkrai|
|poke|p2|Zamazenta-*|
|teampreview
|inactive|Battle timer is ON: inactive players will automatically lose when time's up. (requested by owl_with_scarf)
|
|t:|1779603267
|teamsize|p1|6
|teamsize|p2|6
|start
|switch|p1a: Glimmora|Glimmora, F|100/100
|switch|p2a: Gliscor|Gliscor, F|100/100
|turn|1
|
|t:|1779603275
|move|p1a: Glimmora|Stealth Rock|p2a: Gliscor
|-sidestart|p2: Blackjaw67|move: Stealth Rock
|move|p2a: Gliscor|Spikes|p1a: Glimmora
|-sidestart|p1: owl_with_scarf|Spikes
|
|-status|p2a: Gliscor|tox|[from] item: Toxic Orb
|upkeep
|turn|2
|
|t:|1779603286
|switch|p1a: Gliscor|Gliscor, F|100/100
|move|p2a: Gliscor|Earthquake|p1a: Gliscor
|-immune|p1a: Gliscor
|
|-status|p1a: Gliscor|tox|[from] item: Toxic Orb
|upkeep
|turn|3
|
|t:|1779603293
|move|p1a: Gliscor|Swords Dance|p1a: Gliscor
|-boost|p1a: Gliscor|atk|2
|move|p2a: Gliscor|Spikes|p1a: Gliscor
|-sidestart|p1: owl_with_scarf|Spikes
|
|upkeep
|turn|4
|
|t:|1779603309
|switch|p2a: Gholdengo|Gholdengo|100/100
|-damage|p2a: Gholdengo|94/100|[from] Stealth Rock
|move|p1a: Gliscor|Facade|p2a: Gholdengo
|-immune|p2a: Gholdengo
|
|upkeep
|turn|5
|
|t:|1779603324
|move|p2a: Gholdengo|Trick|p1a: Gliscor
|-activate|p2a: Gholdengo|move: Trick|[of] p1a: Gliscor
|-item|p1a: Gliscor|Choice Scarf|[from] move: Trick
|-item|p2a: Gholdengo|Toxic Orb|[from] move: Trick
|move|p1a: Gliscor|Earthquake|p2a: Gholdengo
|-supereffective|p2a: Gholdengo
|-damage|p2a: Gholdengo|0 fnt
|faint|p2a: Gholdengo
|
|upkeep
|
|t:|1779603341
|switch|p2a: Gliscor|Gliscor, F|100/100 tox
|-damage|p2a: Gliscor|88/100 tox|[from] Stealth Rock
|turn|6
|
|t:|1779603352
|switch|p1a: Mandibuzz|Mandibuzz, F|100/100
|move|p2a: Gliscor|Earthquake|p1a: Mandibuzz
|-immune|p1a: Mandibuzz
|
|-heal|p2a: Gliscor|100/100 tox|[from] ability: Poison Heal
|upkeep
|turn|7
|
|t:|1779603360
|move|p2a: Gliscor|Toxic|p1a: Mandibuzz
|-status|p1a: Mandibuzz|tox
|move|p1a: Mandibuzz|Foul Play|p2a: Gliscor
|-damage|p2a: Gliscor|83/100 tox
|
|-heal|p2a: Gliscor|95/100 tox|[from] ability: Poison Heal
|-damage|p1a: Mandibuzz|94/100 tox|[from] psn
|upkeep
|turn|8
|
|t:|1779603368
|switch|p1a: Tyranitar|Tyranitar, M|100/100
|-damage|p1a: Tyranitar|84/100|[from] Spikes
|-weather|Sandstorm|[from] ability: Sand Stream|[of] p1a: Tyranitar
|move|p2a: Gliscor|Spikes|p1a: Tyranitar
|-sidestart|p1: owl_with_scarf|Spikes
|
|-weather|Sandstorm|[upkeep]
|-heal|p2a: Gliscor|100/100 tox|[from] ability: Poison Heal
|upkeep
|turn|9
|
|t:|1779603389
|move|p2a: Gliscor|Protect|p2a: Gliscor
|-singleturn|p2a: Gliscor|Protect
|move|p1a: Tyranitar|Ice Beam|p2a: Gliscor
|-activate|p2a: Gliscor|move: Protect
|
|-weather|Sandstorm|[upkeep]
|upkeep
|turn|10
|
|t:|1779603398
|switch|p2a: Ting-Lu|Ting-Lu|100/100
|-damage|p2a: Ting-Lu|94/100|[from] Stealth Rock
|-ability|p2a: Ting-Lu|Vessel of Ruin
|move|p1a: Tyranitar|Ice Beam|p2a: Ting-Lu
|-supereffective|p2a: Ting-Lu
|-damage|p2a: Ting-Lu|79/100
|
|-weather|Sandstorm|[upkeep]
|-heal|p2a: Ting-Lu|85/100|[from] item: Leftovers
|upkeep
|turn|11
|
|t:|1779603419
|move|p1a: Tyranitar|Knock Off|p2a: Ting-Lu
|-resisted|p2a: Ting-Lu
|-damage|p2a: Ting-Lu|72/100
|-enditem|p2a: Ting-Lu|Leftovers|[from] move: Knock Off|[of] p1a: Tyranitar
|move|p2a: Ting-Lu|Whirlwind|p1a: Tyranitar
|drag|p1a: Gliscor|Gliscor, F|100/100 tox
|
|-weather|Sandstorm|[upkeep]
|upkeep
|turn|12
|
|t:|1779603432
|move|p1a: Gliscor|Facade|p2a: Ting-Lu
|-damage|p2a: Ting-Lu|52/100
|move|p2a: Ting-Lu|Stealth Rock|p1a: Gliscor
|-sidestart|p1: owl_with_scarf|move: Stealth Rock
|
|-weather|none
|upkeep
|turn|13
|j| Narwhale37
|
|t:|1779603446
|move|p1a: Gliscor|Facade|p2a: Ting-Lu
|-damage|p2a: Ting-Lu|31/100
|move|p2a: Ting-Lu|Ruination|p1a: Gliscor
|-damage|p1a: Gliscor|51/100 tox
|
|-heal|p1a: Gliscor|63/100 tox|[from] ability: Poison Heal
|upkeep
|turn|14
|
|t:|1779603467
|move|p1a: Gliscor|Facade|p2a: Ting-Lu
|-damage|p2a: Ting-Lu|8/100
|move|p2a: Ting-Lu|Whirlwind|p1a: Gliscor
|drag|p1a: Mandibuzz|Mandibuzz, F|94/100 tox
|
|-damage|p1a: Mandibuzz|88/100 tox|[from] psn
|upkeep
|turn|15
|inactive|Blackjaw67 has 120 seconds left.
|
|t:|1779603491
|move|p1a: Mandibuzz|Defog|p2a: Ting-Lu
|-unboost|p2a: Ting-Lu|evasion|1
|-sideend|p2: Blackjaw67|Stealth Rock|[from] move: Defog|[of] p1a: Mandibuzz
|-sideend|p1: owl_with_scarf|Spikes|[from] move: Defog|[of] p1a: Mandibuzz
|-sideend|p1: owl_with_scarf|Stealth Rock|[from] move: Defog|[of] p1a: Mandibuzz
|move|p2a: Ting-Lu|Stealth Rock|p1a: Mandibuzz
|-sidestart|p1: owl_with_scarf|move: Stealth Rock
|
|-damage|p1a: Mandibuzz|76/100 tox|[from] psn
|upkeep
|turn|16
|inactive|Blackjaw67 has 120 seconds left.
|
|t:|1779603502
|switch|p1a: Glimmora|Glimmora, F|100/100
|-damage|p1a: Glimmora|88/100|[from] Stealth Rock
|move|p2a: Ting-Lu|Stealth Rock||[still]
|-fail|p2a: Ting-Lu
|
|-heal|p1a: Glimmora|94/100|[from] item: Leftovers
|upkeep
|turn|17
|inactive|Blackjaw67 has 120 seconds left.
|
|t:|1779603522
|switch|p2a: Gliscor|Gliscor, F|100/100 tox
|move|p1a: Glimmora|Mortal Spin|p2a: Gliscor
|-resisted|p2a: Gliscor
|-crit|p2a: Gliscor
|-damage|p2a: Gliscor|98/100 tox
|-sideend|p1: owl_with_scarf|Stealth Rock|[from] move: Mortal Spin|[of] p1a: Glimmora
|
|-heal|p1a: Glimmora|100/100|[from] item: Leftovers
|-heal|p2a: Gliscor|100/100 tox|[from] ability: Poison Heal
|upkeep
|turn|18
|
|t:|1779603544
|switch|p1a: Tyranitar|Tyranitar, M|84/100
|-weather|Sandstorm|[from] ability: Sand Stream|[of] p1a: Tyranitar
|move|p2a: Gliscor|Earthquake|p1a: Tyranitar
|-supereffective|p1a: Tyranitar
|-damage|p1a: Tyranitar|33/100
|
|-weather|Sandstorm|[upkeep]
|upkeep
|turn|19
|
|t:|1779603567
|move|p2a: Gliscor|Earthquake|p1a: Tyranitar
|-supereffective|p1a: Tyranitar
|-damage|p1a: Tyranitar|0 fnt
|faint|p1a: Tyranitar
|
|-weather|Sandstorm|[upkeep]
|upkeep
|
|t:|1779603581
|switch|p1a: Sinistcha|Sinistcha|100/100
|turn|20
|
|t:|1779603591
|switch|p1a: Gliscor|Gliscor, F|63/100 tox
|move|p2a: Gliscor|Toxic|p1a: Gliscor
|-fail|p1a: Gliscor|tox
|
|-weather|Sandstorm|[upkeep]
|-heal|p1a: Gliscor|75/100 tox|[from] ability: Poison Heal
|upkeep
|turn|21
|
|t:|1779603598
|move|p1a: Gliscor|Facade|p2a: Gliscor
|-damage|p2a: Gliscor|78/100 tox
|move|p2a: Gliscor|Spikes|p1a: Gliscor
|-sidestart|p1: owl_with_scarf|Spikes
|
|-weather|Sandstorm|[upkeep]
|-heal|p1a: Gliscor|88/100 tox|[from] ability: Poison Heal
|-heal|p2a: Gliscor|91/100 tox|[from] ability: Poison Heal
|upkeep
|turn|22
|
|t:|1779603613
|switch|p1a: Ogerpon|Ogerpon, F|100/100
|move|p2a: Gliscor|Spikes|p1a: Ogerpon
|-sidestart|p1: owl_with_scarf|Spikes
|
|-weather|none
|-heal|p2a: Gliscor|100/100 tox|[from] ability: Poison Heal
|upkeep
|turn|23
|
|t:|1779603641
|move|p1a: Ogerpon|Encore|p2a: Gliscor
|-start|p2a: Gliscor|Encore
|move|p2a: Gliscor|Spikes|p1a: Ogerpon
|-sidestart|p1: owl_with_scarf|Spikes
|
|upkeep
|turn|24
|inactive|Blackjaw67 has 90 seconds left.
|
|t:|1779603677
|switch|p2a: Zamazenta|Zamazenta|100/100
|-ability|p2a: Zamazenta|Dauntless Shield|boost
|-boost|p2a: Zamazenta|def|1
|move|p1a: Ogerpon|Swords Dance|p1a: Ogerpon
|-boost|p1a: Ogerpon|atk|2
|
|upkeep
|turn|25
|
|t:|1779603690
|switch|p1a: Sinistcha|Sinistcha|100/100
|move|p2a: Zamazenta|Ice Fang|p1a: Sinistcha
|-supereffective|p1a: Sinistcha
|-damage|p1a: Sinistcha|71/100
|
|upkeep
|turn|26
|
|t:|1779603700
|switch|p2a: Gliscor|Gliscor, F|100/100 tox
|move|p1a: Sinistcha|Matcha Gotcha|p2a: Gliscor
|-damage|p2a: Gliscor|59/100 tox
|-heal|p1a: Sinistcha|92/100|[from] drain|[of] p2a: Gliscor
|
|-heal|p2a: Gliscor|72/100 tox|[from] ability: Poison Heal
|upkeep
|turn|27
|inactive|Blackjaw67 has 90 seconds left.
|
|t:|1779603712
|switch|p1a: Gliscor|Gliscor, F|88/100 tox
|move|p2a: Gliscor|Earthquake|p1a: Gliscor
|-immune|p1a: Gliscor
|
|-heal|p1a: Gliscor|99/100 tox|[from] ability: Poison Heal
|-heal|p2a: Gliscor|84/100 tox|[from] ability: Poison Heal
|upkeep
|turn|28
|inactive|Blackjaw67 has 90 seconds left.
|
|t:|1779603724
|move|p1a: Gliscor|Facade|p2a: Gliscor
|-damage|p2a: Gliscor|61/100 tox
|move|p2a: Gliscor|Toxic|p1a: Gliscor
|-fail|p1a: Gliscor|tox
|
|-heal|p1a: Gliscor|100/100 tox|[from] ability: Poison Heal
|-heal|p2a: Gliscor|74/100 tox|[from] ability: Poison Heal
|upkeep
|turn|29
|inactive|Blackjaw67 has 90 seconds left.
|
|t:|1779603738
|move|p1a: Gliscor|Facade|p2a: Gliscor
|-damage|p2a: Gliscor|49/100 tox
|move|p2a: Gliscor|Toxic|p1a: Gliscor
|-fail|p1a: Gliscor|tox
|
|-heal|p2a: Gliscor|61/100 tox|[from] ability: Poison Heal
|upkeep
|turn|30
|
|t:|1779603745
|move|p2a: Gliscor|Protect|p2a: Gliscor
|-singleturn|p2a: Gliscor|Protect
|move|p1a: Gliscor|Facade|p2a: Gliscor
|-activate|p2a: Gliscor|move: Protect
|
|-heal|p2a: Gliscor|74/100 tox|[from] ability: Poison Heal
|upkeep
|turn|31
|inactive|Blackjaw67 has 90 seconds left.
|
|t:|1779603770
|switch|p2a: Ting-Lu|Ting-Lu|8/100
|-ability|p2a: Ting-Lu|Vessel of Ruin
|move|p1a: Gliscor|Facade|p2a: Ting-Lu
|-damage|p2a: Ting-Lu|0 fnt
|faint|p2a: Ting-Lu
|
|upkeep
|
|t:|1779603777
|switch|p2a: Darkrai|Darkrai, shiny|100/100
|turn|32
|inactive|Blackjaw67 has 90 seconds left.
|
|t:|1779603783
|move|p1a: Gliscor|Facade|p2a: Darkrai
|-damage|p2a: Darkrai|52/100
|move|p2a: Darkrai|Ice Beam|p1a: Gliscor
|-supereffective|p1a: Gliscor
|-damage|p1a: Gliscor|0 fnt
|faint|p1a: Gliscor
|
|upkeep
|
|t:|1779603786
|switch|p1a: Glimmora|Glimmora, F|100/100
|-damage|p1a: Glimmora|76/100|[from] Spikes
|turn|33
|
|t:|1779603795
|switch|p2a: Gliscor|Gliscor, F|74/100 tox
|move|p1a: Glimmora|Mortal Spin|p2a: Gliscor
|-resisted|p2a: Gliscor
|-damage|p2a: Gliscor|72/100 tox
|-sideend|p1: owl_with_scarf|Spikes|[from] move: Mortal Spin|[of] p1a: Glimmora
|
|-heal|p1a: Glimmora|82/100|[from] item: Leftovers
|-heal|p2a: Gliscor|85/100 tox|[from] ability: Poison Heal
|upkeep
|turn|34
|
|t:|1779603818
|switch|p1a: Ogerpon|Ogerpon, F|100/100
|move|p2a: Gliscor|Toxic|p1a: Ogerpon
|-status|p1a: Ogerpon|tox
|
|-damage|p1a: Ogerpon|95/100 tox|[from] psn
|-heal|p2a: Gliscor|97/100 tox|[from] ability: Poison Heal
|upkeep
|turn|35
|inactive|Blackjaw67 has 90 seconds left.
|
|t:|1779603836
|move|p1a: Ogerpon|Ivy Cudgel|p2a: Gliscor
|-damage|p2a: Gliscor|64/100 tox
|move|p2a: Gliscor|Spikes|p1a: Ogerpon
|-sidestart|p1: owl_with_scarf|Spikes
|
|-damage|p1a: Ogerpon|83/100 tox|[from] psn
|-heal|p2a: Gliscor|77/100 tox|[from] ability: Poison Heal
|upkeep
|turn|36
|inactive|Blackjaw67 has 90 seconds left.
|
|t:|1779603849
|move|p1a: Ogerpon|Ivy Cudgel|p2a: Gliscor
|-damage|p2a: Gliscor|47/100 tox
|move|p2a: Gliscor|Spikes|p1a: Ogerpon
|-sidestart|p1: owl_with_scarf|Spikes
|
|-damage|p1a: Ogerpon|65/100 tox|[from] psn
|-heal|p2a: Gliscor|60/100 tox|[from] ability: Poison Heal
|upkeep
|turn|37
|inactive|Blackjaw67 has 90 seconds left.
|
|t:|1779603872
|move|p1a: Ogerpon|Swords Dance|p1a: Ogerpon
|-boost|p1a: Ogerpon|atk|2
|move|p2a: Gliscor|Spikes|p1a: Ogerpon
|-sidestart|p1: owl_with_scarf|Spikes
|
|-damage|p1a: Ogerpon|41/100 tox|[from] psn
|-heal|p2a: Gliscor|72/100 tox|[from] ability: Poison Heal
|upkeep
|turn|38
|
|t:|1779603897
|move|p2a: Gliscor|Protect|p2a: Gliscor
|-singleturn|p2a: Gliscor|Protect
|move|p1a: Ogerpon|Ivy Cudgel|p2a: Gliscor
|-activate|p2a: Gliscor|move: Protect
|
|-damage|p1a: Ogerpon|11/100 tox|[from] psn
|-heal|p2a: Gliscor|85/100 tox|[from] ability: Poison Heal
|upkeep
|turn|39
|inactive|Blackjaw67 has 90 seconds left.
|
|t:|1779603913
|switch|p2a: Zamazenta|Zamazenta|100/100
|move|p1a: Ogerpon|Knock Off|p2a: Zamazenta
|-resisted|p2a: Zamazenta
|-damage|p2a: Zamazenta|69/100
|-enditem|p2a: Zamazenta|Heavy-Duty Boots|[from] move: Knock Off|[of] p1a: Ogerpon
|
|-damage|p1a: Ogerpon|0 fnt|[from] psn
|faint|p1a: Ogerpon
|upkeep
|
|t:|1779603932
|switch|p1a: Glimmora|Glimmora, F|82/100
|-damage|p1a: Glimmora|57/100|[from] Spikes
|turn|40
|
|t:|1779603936
|move|p2a: Zamazenta|Heavy Slam|p1a: Glimmora
|-supereffective|p1a: Glimmora
|-damage|p1a: Glimmora|0 fnt
|-activate|p1a: Glimmora|ability: Toxic Debris
|-sidestart|p2: Blackjaw67|move: Toxic Spikes
|faint|p1a: Glimmora
|
|upkeep
|
|t:|1779603942
|switch|p1a: Sinistcha|Sinistcha|92/100
|turn|41
|
|t:|1779603948
|switch|p2a: Gliscor|Gliscor, F|85/100 tox
|move|p1a: Sinistcha|Calm Mind|p1a: Sinistcha
|-boost|p1a: Sinistcha|spa|1
|-boost|p1a: Sinistcha|spd|1
|
|-heal|p2a: Gliscor|97/100 tox|[from] ability: Poison Heal
|upkeep
|turn|42
|
|t:|1779603958
|-terastallize|p1a: Sinistcha|Steel
|move|p2a: Gliscor|Earthquake|p1a: Sinistcha
|-supereffective|p1a: Sinistcha
|-damage|p1a: Sinistcha|38/100
|move|p1a: Sinistcha|Calm Mind|p1a: Sinistcha
|-boost|p1a: Sinistcha|spa|1
|-boost|p1a: Sinistcha|spd|1
|
|-heal|p2a: Gliscor|100/100 tox|[from] ability: Poison Heal
|upkeep
|turn|43
|
|t:|1779603970
|move|p2a: Gliscor|Earthquake|p1a: Sinistcha
|-supereffective|p1a: Sinistcha
|-damage|p1a: Sinistcha|0 fnt
|faint|p1a: Sinistcha
|
|upkeep
|-message|owl_with_scarf forfeited.
|
|win|Blackjaw67
|raw|owl_with_scarf's rating: 1531 &rarr; <strong>1510</strong><br />(-21 for losing)
|raw|Blackjaw67's rating: 1507 &rarr; <strong>1528</strong><br />(+21 for winning)
|l|☆owl_with_scarf
|player|p1|
|l| Narwhale37
