|j|☆raptors in 6
|j|☆Chotongus
|t:|1779636320
|gametype|singles
|player|p1|raptors in 6|psychic-gen4|1279
|player|p2|Chotongus|gardenia|1223
|gen|9
|tier|[Gen 9] OU
|rated|
|rule|HP Percentage Mod: HP is shown in percentages
|rule|Endless Battle Clause: Forcing endless battles is banned
|rule|Species Clause: Limit one of each Pokémon
|rule|OHKO Clause: OHKO moves are banned
|rule|Evasion Items Clause: Evasion items are banned
|rule|Evasion Moves Clause: Evasion moves are banned
|rule|Evasion Abilities Clause: Evasion abilities are banned
|rule|Sleep Moves Clause: Sleep-inducing moves are banned
|clearpoke
|poke|p1|Cramorant, F|
|poke|p1|Gallade, M|
|poke|p1|Kingambit, F|
|poke|p1|Iron Moth|
|poke|p1|Enamorus, F|
|poke|p1|Ogerpon-Cornerstone, F|
|poke|p2|Darkrai|
|poke|p2|Sylveon, M|
|poke|p2|Slowking, M|
|poke|p2|Meowscarada, F|
|poke|p2|Garchomp, F|
|poke|p2|Scizor, M|
|teampreview
|
|t:|1779636327
|teamsize|p1|6
|teamsize|p2|6
|start
|switch|p1a: Ogerpon|Ogerpon-Cornerstone, F|100/100
|switch|p2a: Garchomp|Garchomp, F|100/100
|turn|1
|
|t:|1779636333
|move|p1a: Ogerpon|Power Whip|p2a: Garchomp
|-damage|p2a: Garchomp|58/100
|-damage|p1a: Ogerpon|88/100|[from] ability: Rough Skin|[of] p2a: Garchomp
|-damage|p1a: Ogerpon|72/100|[from] item: Rocky Helmet|[of] p2a: Garchomp
|move|p2a: Garchomp|Stealth Rock|p1a: Ogerpon
|-sidestart|p1: raptors in 6|move: Stealth Rock
|
|upkeep
|turn|2
|
|t:|1779636350
|switch|p2a: Scizor|Scizor, M|100/100
|move|p1a: Ogerpon|Power Whip|p2a: Scizor|[miss]
|-miss|p1a: Ogerpon|p2a: Scizor
|
|upkeep
|turn|3
|
|t:|1779636355
|move|p1a: Ogerpon|Ivy Cudgel|p2a: Scizor|[anim] Ivy Cudgel Rock
|-damage|p2a: Scizor|28/100
|move|p2a: Scizor|U-turn|p1a: Ogerpon
|-supereffective|p1a: Ogerpon
|-damage|p1a: Ogerpon|0 fnt
|faint|p1a: Ogerpon
|
|t:|1779636362
|switch|p2a: Darkrai|Darkrai|100/100|[from] U-turn
|
|upkeep
|
|t:|1779636371
|switch|p1a: Cramorant|Cramorant, F, shiny|100/100
|-damage|p1a: Cramorant|76/100|[from] Stealth Rock
|turn|4
|
|t:|1779636377
|move|p2a: Darkrai|Dark Pulse|p1a: Cramorant
|-damage|p1a: Cramorant|20/100
|cant|p1a: Cramorant|flinch
|
|upkeep
|turn|5
|
|t:|1779636382
|move|p2a: Darkrai|Dark Pulse|p1a: Cramorant
|-damage|p1a: Cramorant|0 fnt
|faint|p1a: Cramorant
|
|upkeep
|
|t:|1779636385
|switch|p1a: Gallade|Gallade, M|100/100
|-damage|p1a: Gallade|94/100|[from] Stealth Rock
|turn|6
|
|t:|1779636394
|switch|p2a: Garchomp|Garchomp, F|58/100
|move|p1a: Gallade|Sacred Sword|p2a: Garchomp
|-damage|p2a: Garchomp|15/100
|-damage|p1a: Gallade|82/100|[from] ability: Rough Skin|[of] p2a: Garchomp
|-damage|p1a: Gallade|65/100|[from] item: Rocky Helmet|[of] p2a: Garchomp
|
|upkeep
|turn|7
|
|t:|1779636400
|move|p1a: Gallade|Psycho Cut|p2a: Garchomp
|-crit|p2a: Garchomp
|-damage|p2a: Garchomp|0 fnt
|faint|p2a: Garchomp
|
|upkeep
|
|t:|1779636403
|switch|p2a: Sylveon|Sylveon, M|100/100
|turn|8
|
|t:|1779636409
|switch|p1a: Kingambit|Kingambit, F|100/100
|-damage|p1a: Kingambit|94/100|[from] Stealth Rock
|-activate|p1a: Kingambit|ability: Supreme Overlord
|-start|p1a: Kingambit|fallen2|[silent]
|move|p2a: Sylveon|Hyper Voice|p1a: Kingambit
|-damage|p1a: Kingambit|45/100
|
|upkeep
|turn|9
|
|t:|1779636413
|-terastallize|p2a: Sylveon|Steel
|move|p1a: Kingambit|Iron Head|p2a: Sylveon
|-resisted|p2a: Sylveon
|-damage|p2a: Sylveon|72/100
|-damage|p1a: Kingambit|35/100|[from] item: Life Orb
|move|p2a: Sylveon|Hyper Voice|p1a: Kingambit
|-damage|p1a: Kingambit|0 fnt
|faint|p1a: Kingambit
|-end|p1a: Kingambit|fallen2|[silent]
|
|-heal|p2a: Sylveon|78/100|[from] item: Leftovers
|upkeep
|
|t:|1779636419
|switch|p1a: Enamorus|Enamorus, F|100/100
|-damage|p1a: Enamorus|76/100|[from] Stealth Rock
|turn|10
|
|t:|1779636423
|switch|p2a: Slowking|Slowking, M|100/100
|move|p1a: Enamorus|Superpower|p2a: Slowking
|-resisted|p2a: Slowking
|-damage|p2a: Slowking|87/100
|-boost|p1a: Enamorus|atk|1
|-boost|p1a: Enamorus|def|1
|
|upkeep
|turn|11
|
|t:|1779636430
|move|p1a: Enamorus|Superpower|p2a: Slowking
|-resisted|p2a: Slowking
|-damage|p2a: Slowking|67/100
|-boost|p1a: Enamorus|atk|1
|-boost|p1a: Enamorus|def|1
|move|p2a: Slowking|Ice Beam|p1a: Enamorus
|-supereffective|p1a: Enamorus
|-damage|p1a: Enamorus|13/100
|
|upkeep
|turn|12
|
|t:|1779636433
|move|p1a: Enamorus|Moonblast|p2a: Slowking
|-crit|p2a: Slowking
|-damage|p2a: Slowking|17/100
|move|p2a: Slowking|Ice Beam|p1a: Enamorus
|-supereffective|p1a: Enamorus
|-damage|p1a: Enamorus|0 fnt
|faint|p1a: Enamorus
|
|upkeep
|
|t:|1779636437
|switch|p1a: Gallade|Gallade, M|65/100
|-damage|p1a: Gallade|59/100|[from] Stealth Rock
|turn|13
|
|t:|1779636443
|switch|p2a: Sylveon|Sylveon, M, tera:Steel|78/100
|move|p1a: Gallade|Sacred Sword|p2a: Sylveon
|-supereffective|p2a: Sylveon
|-damage|p2a: Sylveon|0 fnt
|faint|p2a: Sylveon
|
|upkeep
|
|t:|1779636450
|switch|p2a: Meowscarada|Meowscarada, F|100/100
|turn|14
|
|t:|1779636454
|move|p2a: Meowscarada|Knock Off|p1a: Gallade
|-start|p2a: Meowscarada|typechange|Dark|[from] ability: Protean
|-damage|p1a: Gallade|0 fnt
|-enditem|p1a: Gallade|Focus Sash|[from] move: Knock Off|[of] p2a: Meowscarada
|faint|p1a: Gallade
|
|upkeep
|
|t:|1779636457
|switch|p1a: Iron Moth|Iron Moth|100/100
|-damage|p1a: Iron Moth|76/100|[from] Stealth Rock
|-enditem|p1a: Iron Moth|Booster Energy
|-activate|p1a: Iron Moth|ability: Quark Drive|[fromitem]
|-start|p1a: Iron Moth|quarkdrivespe
|turn|15
|
|t:|1779636465
|move|p1a: Iron Moth|Dazzling Gleam|p2a: Meowscarada
|-supereffective|p2a: Meowscarada
|-damage|p2a: Meowscarada|10/100
|move|p2a: Meowscarada|Knock Off|p1a: Iron Moth
|-damage|p1a: Iron Moth|0 fnt
|faint|p1a: Iron Moth
|-end|p1a: Iron Moth|Quark Drive|[silent]
|
|win|Chotongus
|raw|raptors in 6's rating: 1279 &rarr; <strong>1250</strong><br />(-29 for losing)
|raw|Chotongus's rating: 1223 &rarr; <strong>1252</strong><br />(+29 for winning)
|l|☆raptors in 6
|player|p1|
|l|☆Chotongus
|player|p2|
