|j|☆mitob1
|j|☆lkhfhkjg
|t:|1779627855
|gametype|singles
|player|p1|mitob1|hugh|1121
|player|p2|lkhfhkjg|169|1084
|gen|9
|tier|[Gen 9] OU
|rated|
|rule|HP Percentage Mod: HP is shown in percentages
|rule|Endless Battle Clause: Forcing endless battles is banned
|rule|Species Clause: Limit one of each Pokémon
|rule|OHKO Clause: OHKO moves are banned
|rule|Evasion Items Clause: Evasion items are banned
|rule|Evasion Moves Clause: Evasion moves are banned
|rule|Evasion Abilities Clause: Evasion abilities are banned
|rule|Sleep Moves Clause: Sleep-inducing moves are banned
|clearpoke
|poke|p1|Sandslash-Alola, M|
|poke|p1|Ninetales-Alola, F|
|poke|p1|Slowking-Galar, M|
|poke|p1|Corviknight, F|
|poke|p1|Ceruledge, M|
|poke|p1|Rillaboom, F|
|poke|p2|Landorus-Therian, M|
|poke|p2|Iron Valiant|
|poke|p2|Dragonite, M|
|poke|p2|Kyurem|
|poke|p2|Fezandipiti, M|
|poke|p2|Kingambit, M|
|teampreview
|inactive|Battle timer is ON: inactive players will automatically lose when time's up. (requested by mitob1)
|
|t:|1779627900
|teamsize|p1|6
|teamsize|p2|6
|start
|switch|p1a: Ceruledge|Ceruledge, M|100/100
|switch|p2a: Iron Valiant|Iron Valiant|100/100
|-enditem|p2a: Iron Valiant|Booster Energy
|-activate|p2a: Iron Valiant|ability: Quark Drive|[fromitem]
|-start|p2a: Iron Valiant|quarkdrivespe
|turn|1
|
|t:|1779627918
|-end|p2a: Iron Valiant|Quark Drive|[silent]
|switch|p2a: Landorus|Landorus-Therian, M|100/100
|-ability|p2a: Landorus|Intimidate|boost
|-unboost|p1a: Ceruledge|atk|1
|move|p1a: Ceruledge|Bitter Blade|p2a: Landorus
|-damage|p2a: Landorus|69/100
|-damage|p1a: Ceruledge|84/100|[from] item: Rocky Helmet|[of] p2a: Landorus
|
|upkeep
|turn|2
|
|t:|1779627930
|switch|p1a: Ninetales|Ninetales-Alola, F|100/100
|-weather|Snowscape|[from] ability: Snow Warning|[of] p1a: Ninetales
|move|p2a: Landorus|Stealth Rock|p1a: Ninetales
|-sidestart|p1: mitob1|move: Stealth Rock
|
|-weather|Snowscape|[upkeep]
|upkeep
|turn|3
|
|t:|1779627941
|switch|p2a: Kyurem|Kyurem|100/100
|-ability|p2a: Kyurem|Pressure
|move|p1a: Ninetales|Blizzard|p2a: Kyurem
|-damage|p2a: Kyurem|68/100
|
|-weather|Snowscape|[upkeep]
|upkeep
|turn|4
|
|t:|1779627951
|move|p1a: Ninetales|Moonblast|p2a: Kyurem
|-supereffective|p2a: Kyurem
|-damage|p2a: Kyurem|9/100
|move|p2a: Kyurem|Dragon Dance|p2a: Kyurem
|-boost|p2a: Kyurem|atk|1
|-boost|p2a: Kyurem|spe|1
|
|-weather|Snowscape|[upkeep]
|upkeep
|turn|5
|
|t:|1779627959
|move|p2a: Kyurem|Icicle Spear|p1a: Ninetales
|-resisted|p1a: Ninetales
|-damage|p1a: Ninetales|90/100
|-resisted|p1a: Ninetales
|-damage|p1a: Ninetales|80/100
|-resisted|p1a: Ninetales
|-damage|p1a: Ninetales|71/100
|-hitcount|p1a: Ninetales|3
|move|p1a: Ninetales|Moonblast|p2a: Kyurem
|-supereffective|p2a: Kyurem
|-damage|p2a: Kyurem|0 fnt
|faint|p2a: Kyurem
|
|-weather|Snowscape|[upkeep]
|upkeep
|
|t:|1779627983
|switch|p2a: Neapolitan|Fezandipiti, M|100/100
|turn|6
|
|t:|1779627989
|switch|p1a: Corviknight|Corviknight, F|100/100
|-damage|p1a: Corviknight|88/100|[from] Stealth Rock
|move|p2a: Neapolitan|Swords Dance|p2a: Neapolitan
|-boost|p2a: Neapolitan|atk|2
|
|-weather|none
|upkeep
|turn|7
|
|t:|1779627996
|-terastallize|p2a: Neapolitan|Dark
|move|p2a: Neapolitan|Beat Up|p1a: Corviknight
|-damage|p1a: Corviknight|74/100
|-damage|p1a: Corviknight|54/100
|-damage|p1a: Corviknight|37/100
|-damage|p1a: Corviknight|15/100
|-damage|p1a: Corviknight|0 fnt
|faint|p1a: Corviknight
|-hitcount|p1: Corviknight|5
|-damage|p2a: Neapolitan|91/100|[from] item: Life Orb
|
|upkeep
|
|t:|1779628008
|switch|p1a: Rillaboom|Rillaboom, F|100/100
|-damage|p1a: Rillaboom|88/100|[from] Stealth Rock
|-fieldstart|move: Grassy Terrain|[from] ability: Grassy Surge|[of] p1a: Rillaboom
|turn|8
|
|t:|1779628014
|move|p1a: Rillaboom|Fake Out|p2a: Neapolitan
|-damage|p2a: Neapolitan|71/100
|cant|p2a: Neapolitan|flinch
|
|-heal|p2a: Neapolitan|77/100|[from] Grassy Terrain
|-heal|p1a: Rillaboom|94/100|[from] Grassy Terrain
|upkeep
|turn|9
|
|t:|1779628024
|-terastallize|p1a: Rillaboom|Grass
|move|p1a: Rillaboom|Grassy Glide|p2a: Neapolitan
|-damage|p2a: Neapolitan|6/100
|move|p2a: Neapolitan|Gunk Shot|p1a: Rillaboom
|-supereffective|p1a: Rillaboom
|-damage|p1a: Rillaboom|0 fnt
|faint|p1a: Rillaboom
|-damage|p2a: Neapolitan|0 fnt|[from] item: Life Orb
|faint|p2a: Neapolitan
|
|upkeep
|
|t:|1779628039
|switch|p2a: Iron Valiant|Iron Valiant|100/100
|switch|p1a: Slowking|Slowking-Galar, M|100/100
|-damage|p1a: Slowking|88/100|[from] Stealth Rock
|turn|10
|
|t:|1779628052
|-end|p2a: Iron Valiant|Quark Drive|[silent]
|switch|p2a: Landorus|Landorus-Therian, M|69/100
|-ability|p2a: Landorus|Intimidate|boost
|-unboost|p1a: Slowking|atk|1
|move|p1a: Slowking|Sludge Bomb|p2a: Landorus
|-resisted|p2a: Landorus
|-damage|p2a: Landorus|50/100
|-status|p2a: Landorus|psn
|
|-heal|p1a: Slowking|94/100|[from] Grassy Terrain
|-heal|p1a: Slowking|99/100|[from] item: Black Sludge
|-damage|p2a: Landorus|38/100 psn|[from] psn
|upkeep
|turn|11
|
|t:|1779628066
|switch|p1a: Ninetales|Ninetales-Alola, F|71/100
|-weather|Snowscape|[from] ability: Snow Warning|[of] p1a: Ninetales
|move|p2a: Landorus|Earth Power|p1a: Ninetales
|-damage|p1a: Ninetales|40/100
|
|-weather|Snowscape|[upkeep]
|-heal|p1a: Ninetales|46/100|[from] Grassy Terrain
|-damage|p2a: Landorus|26/100 psn|[from] psn
|upkeep
|turn|12
|
|t:|1779628092
|switch|p2a: Gambit|Kingambit, M|100/100
|-activate|p2a: Gambit|ability: Supreme Overlord
|-start|p2a: Gambit|fallen2|[silent]
|move|p1a: Ninetales|Moonblast|p2a: Gambit
|-damage|p2a: Gambit|66/100
|
|-weather|Snowscape|[upkeep]
|-heal|p1a: Ninetales|53/100|[from] Grassy Terrain
|-heal|p2a: Gambit|72/100|[from] Grassy Terrain
|-fieldend|move: Grassy Terrain
|upkeep
|turn|13
|
|t:|1779628106
|move|p1a: Ninetales|Moonblast|p2a: Gambit
|-damage|p2a: Gambit|42/100
|move|p2a: Gambit|Iron Head|p1a: Ninetales
|-supereffective|p1a: Ninetales
|-damage|p1a: Ninetales|0 fnt
|faint|p1a: Ninetales
|
|-weather|Snowscape|[upkeep]
|upkeep
|
|t:|1779628115
|switch|p1a: Sandslash|Sandslash-Alola, M|100/100
|-damage|p1a: Sandslash|88/100|[from] Stealth Rock
|turn|14
|
|t:|1779628125
|move|p1a: Sandslash|Brick Break|p2a: Gambit
|-supereffective|p2a: Gambit
|-damage|p2a: Gambit|0 fnt
|faint|p2a: Gambit
|-end|p2a: Gambit|fallen2|[silent]
|-damage|p1a: Sandslash|78/100|[from] item: Life Orb
|
|-weather|Snowscape|[upkeep]
|upkeep
|
|t:|1779628130
|switch|p2a: Landorus|Landorus-Therian, M|26/100 psn
|-ability|p2a: Landorus|Intimidate|boost
|-unboost|p1a: Sandslash|atk|1
|turn|15
|
|t:|1779628137
|move|p1a: Sandslash|Brick Break|p2a: Landorus
|-resisted|p2a: Landorus
|-damage|p2a: Landorus|15/100 psn
|-damage|p1a: Sandslash|62/100|[from] item: Rocky Helmet|[of] p2a: Landorus
|-damage|p1a: Sandslash|52/100|[from] item: Life Orb
|move|p2a: Landorus|Earth Power|p1a: Sandslash
|-supereffective|p1a: Sandslash
|-damage|p1a: Sandslash|0 fnt
|faint|p1a: Sandslash
|
|-weather|none
|-damage|p2a: Landorus|3/100 psn|[from] psn
|upkeep
|
|t:|1779628149
|switch|p1a: Ceruledge|Ceruledge, M|84/100
|-damage|p1a: Ceruledge|59/100|[from] Stealth Rock
|turn|16
|
|t:|1779628154
|move|p1a: Ceruledge|Shadow Sneak|p2a: Landorus
|-damage|p2a: Landorus|0 fnt
|-damage|p1a: Ceruledge|43/100|[from] item: Rocky Helmet|[of] p2a: Landorus
|faint|p2a: Landorus
|
|upkeep
|
|t:|1779628159
|switch|p2a: Gut instinct|Dragonite, M|100/100
|turn|17
|
|t:|1779628162
|move|p1a: Ceruledge|Poltergeist|p2a: Gut instinct|[miss]
|-miss|p1a: Ceruledge|p2a: Gut instinct
|move|p2a: Gut instinct|Dragon Dance|p2a: Gut instinct
|-boost|p2a: Gut instinct|atk|1
|-boost|p2a: Gut instinct|spe|1
|
|upkeep
|turn|18
|
|t:|1779628169
|move|p2a: Gut instinct|Earthquake|p1a: Ceruledge
|-supereffective|p1a: Ceruledge
|-damage|p1a: Ceruledge|0 fnt
|faint|p1a: Ceruledge
|
|upkeep
|
|t:|1779628173
|switch|p1a: Slowking|Slowking-Galar, M|100/100
|-damage|p1a: Slowking|88/100|[from] Stealth Rock
|turn|19
|
|t:|1779628186
|move|p2a: Gut instinct|Earthquake|p1a: Slowking
|-supereffective|p1a: Slowking
|-damage|p1a: Slowking|0 fnt
|faint|p1a: Slowking
|
|win|lkhfhkjg
|raw|mitob1's rating: 1121 &rarr; <strong>1093</strong><br />(-28 for losing)
|raw|lkhfhkjg's rating: 1084 &rarr; <strong>1114</strong><br />(+30 for winning)
|l|☆lkhfhkjg
|player|p2|
