|j|☆rickyflames1
|j|☆guiwqzz
|t:|1779682040
|gametype|singles
|player|p1|rickyflames1|2|1273
|player|p2|guiwqzz|scientist-gen4|1322
|gen|9
|tier|[Gen 9] OU
|rated|
|rule|HP Percentage Mod: HP is shown in percentages
|rule|Endless Battle Clause: Forcing endless battles is banned
|rule|Species Clause: Limit one of each Pokémon
|rule|OHKO Clause: OHKO moves are banned
|rule|Evasion Items Clause: Evasion items are banned
|rule|Evasion Moves Clause: Evasion moves are banned
|rule|Evasion Abilities Clause: Evasion abilities are banned
|rule|Sleep Moves Clause: Sleep-inducing moves are banned
|clearpoke
|poke|p1|Chansey, F|
|poke|p1|Gliscor, F|
|poke|p1|Mandibuzz, F|
|poke|p1|Deoxys-Defense|
|poke|p1|Landorus-Therian, M|
|poke|p1|Ting-Lu|
|poke|p2|Torkoal, F|
|poke|p2|Walking Wake|
|poke|p2|Clefable, M|
|poke|p2|Venusaur, M|
|poke|p2|Great Tusk|
|poke|p2|Heatran, M|
|teampreview
|inactive|Battle timer is ON: inactive players will automatically lose when time's up. (requested by guiwqzz)
|
|t:|1779682064
|teamsize|p1|6
|teamsize|p2|6
|start
|switch|p1a: Landorus|Landorus-Therian, M, shiny|100/100
|switch|p2a: Torkoal|Torkoal, F|100/100
|-ability|p1a: Landorus|Intimidate|boost
|-unboost|p2a: Torkoal|atk|1
|-weather|SunnyDay|[from] ability: Drought|[of] p2a: Torkoal
|turn|1
|
|t:|1779682075
|switch|p2a: Walking Wake|Walking Wake|100/100
|-activate|p2a: Walking Wake|ability: Protosynthesis
|-start|p2a: Walking Wake|protosynthesisspe
|move|p1a: Landorus|Earthquake|p2a: Walking Wake
|-damage|p2a: Walking Wake|33/100
|
|-weather|SunnyDay|[upkeep]
|upkeep
|turn|2
|
|t:|1779682086
|switch|p1a: Chansey|Chansey, F, shiny|100/100
|move|p2a: Walking Wake|Hydro Steam|p1a: Chansey
|-damage|p1a: Chansey|82/100
|
|-weather|SunnyDay|[upkeep]
|upkeep
|turn|3
|
|t:|1779682094
|-end|p2a: Walking Wake|Protosynthesis|[silent]
|switch|p2a: Great Tusk|Great Tusk|100/100
|-activate|p2a: Great Tusk|ability: Protosynthesis
|-start|p2a: Great Tusk|protosynthesisatk
|move|p1a: Chansey|Stealth Rock|p2a: Great Tusk
|-sidestart|p2: guiwqzz|move: Stealth Rock
|
|-weather|SunnyDay|[upkeep]
|upkeep
|turn|4
|
|t:|1779682104
|switch|p1a: Landorus|Landorus-Therian, M, shiny|100/100
|-ability|p1a: Landorus|Intimidate|boost
|-unboost|p2a: Great Tusk|atk|1
|move|p2a: Great Tusk|Ice Spinner|p1a: Landorus
|-supereffective|p1a: Landorus
|-damage|p1a: Landorus|0 fnt
|faint|p1a: Landorus
|
|-weather|SunnyDay|[upkeep]
|upkeep
|
|t:|1779682116
|switch|p1a: Mandibuzz|Mandibuzz, F, shiny|100/100
|turn|5
|
|t:|1779682119
|move|p2a: Great Tusk|Rapid Spin|p1a: Mandibuzz
|-crit|p1a: Mandibuzz
|-damage|p1a: Mandibuzz|80/100
|-boost|p2a: Great Tusk|spe|1
|-damage|p2a: Great Tusk|84/100|[from] item: Rocky Helmet|[of] p1a: Mandibuzz
|-sideend|p2: guiwqzz|Stealth Rock|[from] move: Rapid Spin|[of] p2a: Great Tusk
|move|p1a: Mandibuzz|Toxic|p2a: Great Tusk
|-status|p2a: Great Tusk|tox
|
|-weather|SunnyDay|[upkeep]
|-damage|p2a: Great Tusk|78/100 tox|[from] psn
|upkeep
|turn|6
|
|t:|1779682135
|move|p2a: Great Tusk|Ice Spinner|p1a: Mandibuzz
|-supereffective|p1a: Mandibuzz
|-damage|p1a: Mandibuzz|54/100
|-damage|p2a: Great Tusk|61/100 tox|[from] item: Rocky Helmet|[of] p1a: Mandibuzz
|move|p1a: Mandibuzz|Toxic|p2a: Great Tusk
|-fail|p2a: Great Tusk|tox
|
|-weather|SunnyDay|[upkeep]
|-damage|p2a: Great Tusk|49/100 tox|[from] psn
|upkeep
|turn|7
|
|t:|1779682149
|-end|p2a: Great Tusk|Protosynthesis|[silent]
|switch|p2a: Clefable|Clefable, M|100/100
|move|p1a: Mandibuzz|Roost|p1a: Mandibuzz
|-heal|p1a: Mandibuzz|100/100
|-singleturn|p1a: Mandibuzz|move: Roost
|
|-weather|SunnyDay|[upkeep]
|upkeep
|turn|8
|
|t:|1779682160
|switch|p1a: Ting-Lu|Ting-Lu, shiny|100/100
|-ability|p1a: Ting-Lu|Vessel of Ruin
|move|p2a: Clefable|Calm Mind|p2a: Clefable
|-boost|p2a: Clefable|spa|1
|-boost|p2a: Clefable|spd|1
|
|-weather|none
|upkeep
|turn|9
|
|t:|1779682170
|move|p2a: Clefable|Calm Mind|p2a: Clefable
|-boost|p2a: Clefable|spa|1
|-boost|p2a: Clefable|spd|1
|move|p1a: Ting-Lu|Whirlwind|p2a: Clefable
|drag|p2a: Heatran|Heatran, M|100/100
|
|upkeep
|turn|10
|
|t:|1779682178
|switch|p2a: Clefable|Clefable, M|100/100
|move|p1a: Ting-Lu|Earthquake|p2a: Clefable
|-damage|p2a: Clefable|73/100
|
|-heal|p2a: Clefable|79/100|[from] item: Leftovers
|upkeep
|turn|11
|
|t:|1779682187
|move|p2a: Clefable|Moonblast|p1a: Ting-Lu
|-supereffective|p1a: Ting-Lu
|-damage|p1a: Ting-Lu|64/100
|move|p1a: Ting-Lu|Ruination|p2a: Clefable|[miss]
|-miss|p1a: Ting-Lu|p2a: Clefable
|
|-heal|p2a: Clefable|85/100|[from] item: Leftovers
|-heal|p1a: Ting-Lu|70/100|[from] item: Leftovers
|upkeep
|turn|12
|
|t:|1779682202
|move|p2a: Clefable|Moonblast|p1a: Ting-Lu
|-supereffective|p1a: Ting-Lu
|-damage|p1a: Ting-Lu|31/100
|move|p1a: Ting-Lu|Whirlwind|p2a: Clefable
|drag|p2a: Walking Wake|Walking Wake|33/100
|
|-heal|p1a: Ting-Lu|37/100|[from] item: Leftovers
|upkeep
|turn|13
|
|t:|1779682213
|-end|p2a: Walking Wake|Protosynthesis|[silent]
|switch|p2a: Torkoal|Torkoal, F|100/100
|-weather|SunnyDay|[from] ability: Drought|[of] p2a: Torkoal
|switch|p1a: Chansey|Chansey, F, shiny|82/100
|
|-weather|SunnyDay|[upkeep]
|upkeep
|turn|14
|
|t:|1779682223
|move|p1a: Chansey|Stealth Rock|p2a: Torkoal
|-sidestart|p2: guiwqzz|move: Stealth Rock
|move|p2a: Torkoal|Will-O-Wisp|p1a: Chansey
|-status|p1a: Chansey|brn
|
|-weather|SunnyDay|[upkeep]
|-damage|p1a: Chansey|75/100 brn|[from] brn
|upkeep
|turn|15
|
|t:|1779682235
|move|p1a: Chansey|Seismic Toss|p2a: Torkoal
|-damage|p2a: Torkoal|71/100
|move|p2a: Torkoal|Will-O-Wisp|p1a: Chansey|[miss]
|-miss|p2a: Torkoal|p1a: Chansey
|
|-weather|SunnyDay|[upkeep]
|-damage|p1a: Chansey|69/100 brn|[from] brn
|upkeep
|turn|16
|
|t:|1779682244
|move|p1a: Chansey|Seismic Toss|p2a: Torkoal
|-damage|p2a: Torkoal|42/100
|move|p2a: Torkoal|Rapid Spin|p1a: Chansey
|-damage|p1a: Chansey|54/100 brn
|-boost|p2a: Torkoal|spe|1
|-sideend|p2: guiwqzz|Stealth Rock|[from] move: Rapid Spin|[of] p2a: Torkoal
|
|-weather|SunnyDay|[upkeep]
|-damage|p1a: Chansey|48/100 brn|[from] brn
|upkeep
|turn|17
|
|t:|1779682256
|switch|p2a: Venusaur|Venusaur, M|100/100
|move|p1a: Chansey|Seismic Toss|p2a: Venusaur
|-damage|p2a: Venusaur|67/100
|
|-weather|SunnyDay|[upkeep]
|-damage|p1a: Chansey|42/100 brn|[from] brn
|upkeep
|turn|18
|
|t:|1779682267
|move|p2a: Venusaur|Growth|p2a: Venusaur
|-boost|p2a: Venusaur|atk|2
|-boost|p2a: Venusaur|spa|2
|move|p1a: Chansey|Soft-Boiled|p1a: Chansey
|-heal|p1a: Chansey|92/100 brn
|
|-weather|SunnyDay|[upkeep]
|-damage|p1a: Chansey|86/100 brn|[from] brn
|upkeep
|turn|19
|
|t:|1779682278
|move|p2a: Venusaur|Growth|p2a: Venusaur
|-boost|p2a: Venusaur|atk|2
|-boost|p2a: Venusaur|spa|2
|move|p1a: Chansey|Seismic Toss|p2a: Venusaur
|-damage|p2a: Venusaur|34/100
|
|-weather|SunnyDay|[upkeep]
|-damage|p1a: Chansey|79/100 brn|[from] brn
|upkeep
|turn|20
|
|t:|1779682292
|move|p2a: Venusaur|Giga Drain|p1a: Chansey
|-damage|p1a: Chansey|52/100 brn
|-heal|p2a: Venusaur|67/100|[from] drain|[of] p1a: Chansey
|-damage|p2a: Venusaur|57/100|[from] item: Life Orb
|move|p1a: Chansey|Seismic Toss|p2a: Venusaur
|-damage|p2a: Venusaur|23/100
|
|-weather|none
|-damage|p1a: Chansey|46/100 brn|[from] brn
|upkeep
|turn|21
|
|t:|1779682303
|move|p2a: Venusaur|Giga Drain|p1a: Chansey
|-damage|p1a: Chansey|14/100 brn
|-heal|p2a: Venusaur|60/100|[from] drain|[of] p1a: Chansey
|-damage|p2a: Venusaur|50/100|[from] item: Life Orb
|move|p1a: Chansey|Seismic Toss|p2a: Venusaur
|-damage|p2a: Venusaur|17/100
|
|-damage|p1a: Chansey|8/100 brn|[from] brn
|upkeep
|turn|22
|
|t:|1779682325
|move|p2a: Venusaur|Giga Drain|p1a: Chansey
|-damage|p1a: Chansey|0 fnt
|-heal|p2a: Venusaur|26/100|[from] drain|[of] p1a: Chansey
|faint|p1a: Chansey
|-damage|p2a: Venusaur|16/100|[from] item: Life Orb
|
|upkeep
|
|t:|1779682333
|switch|p1a: Ting-Lu|Ting-Lu, shiny|37/100
|-ability|p1a: Ting-Lu|Vessel of Ruin
|turn|23
|
|t:|1779682349
|move|p2a: Venusaur|Giga Drain|p1a: Ting-Lu
|-supereffective|p1a: Ting-Lu
|-damage|p1a: Ting-Lu|0 fnt
|-heal|p2a: Venusaur|47/100|[from] drain|[of] p1a: Ting-Lu
|faint|p1a: Ting-Lu
|-damage|p2a: Venusaur|37/100|[from] item: Life Orb
|
|upkeep
|
|t:|1779682359
|switch|p1a: Gliscor|Gliscor, F, shiny|100/100
|turn|24
|inactive|guiwqzz has 120 seconds left.
|
|t:|1779682387
|-terastallize|p1a: Gliscor|Normal
|move|p1a: Gliscor|Earthquake|p2a: Venusaur
|-damage|p2a: Venusaur|0 fnt
|faint|p2a: Venusaur
|
|-status|p1a: Gliscor|tox|[from] item: Toxic Orb
|upkeep
|inactive|guiwqzz has 120 seconds left.
|
|t:|1779682401
|switch|p2a: Walking Wake|Walking Wake|33/100
|turn|25
|
|t:|1779682416
|move|p2a: Walking Wake|Hydro Steam|p1a: Gliscor
|-damage|p1a: Gliscor|18/100 tox
|move|p1a: Gliscor|Facade|p2a: Walking Wake
|-damage|p2a: Walking Wake|0 fnt
|faint|p2a: Walking Wake
|-end|p2a: Walking Wake|Protosynthesis|[silent]
|
|-heal|p1a: Gliscor|30/100 tox|[from] ability: Poison Heal
|upkeep
|
|t:|1779682422
|switch|p2a: Great Tusk|Great Tusk|49/100 tox
|turn|26
|
|t:|1779682439
|switch|p1a: Mandibuzz|Mandibuzz, F, shiny|100/100
|move|p2a: Great Tusk|Headlong Rush|p1a: Mandibuzz
|-immune|p1a: Mandibuzz
|
|-damage|p2a: Great Tusk|43/100 tox|[from] psn
|upkeep
|turn|27
|
|t:|1779682458
|move|p2a: Great Tusk|Stealth Rock|p1a: Mandibuzz
|-sidestart|p1: rickyflames1|move: Stealth Rock
|move|p1a: Mandibuzz|Toxic|p2a: Great Tusk
|-fail|p2a: Great Tusk|tox
|
|-damage|p2a: Great Tusk|30/100 tox|[from] psn
|upkeep
|turn|28
|
|t:|1779682476
|-end|p2a: Great Tusk|Protosynthesis|[silent]
|switch|p2a: Clefable|Clefable, M|85/100
|move|p1a: Mandibuzz|Defog|p2a: Clefable
|-unboost|p2a: Clefable|evasion|1
|-sideend|p1: rickyflames1|Stealth Rock|[from] move: Defog|[of] p1a: Mandibuzz
|
|-heal|p2a: Clefable|91/100|[from] item: Leftovers
|upkeep
|turn|29
|
|t:|1779682486
|switch|p1a: Gliscor|Gliscor, F, shiny, tera:Normal|30/100 tox
|move|p2a: Clefable|Calm Mind|p2a: Clefable
|-boost|p2a: Clefable|spa|1
|-boost|p2a: Clefable|spd|1
|
|-heal|p2a: Clefable|97/100|[from] item: Leftovers
|-heal|p1a: Gliscor|42/100 tox|[from] ability: Poison Heal
|upkeep
|turn|30
|
|t:|1779682500
|move|p1a: Gliscor|Facade|p2a: Clefable
|-crit|p2a: Clefable
|-damage|p2a: Clefable|26/100
|move|p2a: Clefable|Moonblast|p1a: Gliscor
|-damage|p1a: Gliscor|0 fnt
|faint|p1a: Gliscor
|
|-heal|p2a: Clefable|32/100|[from] item: Leftovers
|upkeep
|inactive|rickyflames1 has 120 seconds left.
|
|t:|1779682511
|switch|p1a: Deoxys|Deoxys-Defense, shiny|100/100
|-ability|p1a: Deoxys|Pressure
|turn|31
|
|t:|1779682516
|move|p1a: Deoxys|Cosmic Power|p1a: Deoxys
|-boost|p1a: Deoxys|def|1
|-boost|p1a: Deoxys|spd|1
|move|p2a: Clefable|Moonlight|p2a: Clefable
|-heal|p2a: Clefable|82/100
|
|-heal|p2a: Clefable|88/100|[from] item: Leftovers
|upkeep
|turn|32
|
|t:|1779682527
|move|p1a: Deoxys|Cosmic Power|p1a: Deoxys
|-boost|p1a: Deoxys|def|1
|-boost|p1a: Deoxys|spd|1
|move|p2a: Clefable|Calm Mind|p2a: Clefable
|-boost|p2a: Clefable|spa|1
|-boost|p2a: Clefable|spd|1
|
|-heal|p2a: Clefable|94/100|[from] item: Leftovers
|upkeep
|turn|33
|
|t:|1779682537
|move|p1a: Deoxys|Cosmic Power|p1a: Deoxys
|-boost|p1a: Deoxys|def|1
|-boost|p1a: Deoxys|spd|1
|move|p2a: Clefable|Calm Mind|p2a: Clefable
|-boost|p2a: Clefable|spa|1
|-boost|p2a: Clefable|spd|1
|
|-heal|p2a: Clefable|99/100|[from] item: Leftovers
|upkeep
|turn|34
|
|t:|1779682547
|move|p1a: Deoxys|Cosmic Power|p1a: Deoxys
|-boost|p1a: Deoxys|def|1
|-boost|p1a: Deoxys|spd|1
|move|p2a: Clefable|Calm Mind|p2a: Clefable
|-boost|p2a: Clefable|spa|1
|-boost|p2a: Clefable|spd|1
|
|-heal|p2a: Clefable|100/100|[from] item: Leftovers
|upkeep
|turn|35
|
|t:|1779682558
|move|p1a: Deoxys|Cosmic Power|p1a: Deoxys
|-boost|p1a: Deoxys|def|1
|-boost|p1a: Deoxys|spd|1
|move|p2a: Clefable|Calm Mind|p2a: Clefable
|-boost|p2a: Clefable|spa|1
|-boost|p2a: Clefable|spd|1
|
|upkeep
|turn|36
|
|t:|1779682567
|move|p1a: Deoxys|Cosmic Power|p1a: Deoxys
|-boost|p1a: Deoxys|def|1
|-boost|p1a: Deoxys|spd|1
|move|p2a: Clefable|Calm Mind|p2a: Clefable
|-boost|p2a: Clefable|spa|1
|-boost|p2a: Clefable|spd|1
|
|upkeep
|turn|37
|
|t:|1779682582
|move|p1a: Deoxys|Stored Power|p2a: Clefable
|-damage|p2a: Clefable|85/100
|move|p2a: Clefable|Moonblast|p1a: Deoxys
|-damage|p1a: Deoxys|76/100
|-unboost|p1a: Deoxys|spa|1
|
|-heal|p2a: Clefable|91/100|[from] item: Leftovers
|upkeep
|turn|38
|
|t:|1779682592
|move|p1a: Deoxys|Drain Punch|p2a: Clefable
|-resisted|p2a: Clefable
|-damage|p2a: Clefable|85/100
|-heal|p1a: Deoxys|80/100|[from] drain|[of] p2a: Clefable
|move|p2a: Clefable|Moonblast|p1a: Deoxys
|-damage|p1a: Deoxys|56/100
|-unboost|p1a: Deoxys|spa|1
|
|-heal|p2a: Clefable|91/100|[from] item: Leftovers
|upkeep
|turn|39
|
|t:|1779682606
|move|p1a: Deoxys|Drain Punch|p2a: Clefable
|-resisted|p2a: Clefable
|-damage|p2a: Clefable|86/100
|-heal|p1a: Deoxys|59/100|[from] drain|[of] p2a: Clefable
|move|p2a: Clefable|Moonblast|p1a: Deoxys
|-damage|p1a: Deoxys|36/100
|-unboost|p1a: Deoxys|spa|1
|
|-heal|p2a: Clefable|92/100|[from] item: Leftovers
|upkeep
|turn|40
|
|t:|1779682618
|move|p1a: Deoxys|Recover|p1a: Deoxys
|-heal|p1a: Deoxys|86/100
|move|p2a: Clefable|Moonblast|p1a: Deoxys
|-damage|p1a: Deoxys|62/100
|
|-heal|p2a: Clefable|98/100|[from] item: Leftovers
|upkeep
|turn|41
|
|t:|1779682645
|move|p1a: Deoxys|Drain Punch|p2a: Clefable
|-resisted|p2a: Clefable
|-damage|p2a: Clefable|92/100
|-heal|p1a: Deoxys|65/100|[from] drain|[of] p2a: Clefable
|move|p2a: Clefable|Moonblast|p1a: Deoxys
|-damage|p1a: Deoxys|42/100
|-unboost|p1a: Deoxys|spa|1
|
|-heal|p2a: Clefable|98/100|[from] item: Leftovers
|upkeep
|turn|42
|
|t:|1779682661
|move|p1a: Deoxys|Recover|p1a: Deoxys
|-heal|p1a: Deoxys|92/100
|move|p2a: Clefable|Moonblast|p1a: Deoxys
|-damage|p1a: Deoxys|71/100
|-unboost|p1a: Deoxys|spa|1
|
|-heal|p2a: Clefable|100/100|[from] item: Leftovers
|upkeep
|turn|43
|inactive|guiwqzz has 120 seconds left.
|
|t:|1779682687
|move|p1a: Deoxys|Stored Power|p2a: Clefable
|-damage|p2a: Clefable|96/100
|move|p2a: Clefable|Moonblast|p1a: Deoxys
|-damage|p1a: Deoxys|46/100
|
|-heal|p2a: Clefable|100/100|[from] item: Leftovers
|upkeep
|turn|44
|
|t:|1779682712
|move|p1a: Deoxys|Recover|p1a: Deoxys
|-heal|p1a: Deoxys|96/100
|move|p2a: Clefable|Moonblast|p1a: Deoxys
|-damage|p1a: Deoxys|72/100
|
|upkeep
|turn|45
|inactive|guiwqzz has 120 seconds left.
|
|t:|1779682737
|move|p1a: Deoxys|Drain Punch|p2a: Clefable
|-resisted|p2a: Clefable
|-crit|p2a: Clefable
|-damage|p2a: Clefable|92/100
|-heal|p1a: Deoxys|78/100|[from] drain|[of] p2a: Clefable
|move|p2a: Clefable|Moonblast|p1a: Deoxys
|-damage|p1a: Deoxys|52/100
|
|-heal|p2a: Clefable|98/100|[from] item: Leftovers
|upkeep
|turn|46
|
|t:|1779682750
|move|p1a: Deoxys|Drain Punch|p2a: Clefable
|-resisted|p2a: Clefable
|-damage|p2a: Clefable|93/100
|-heal|p1a: Deoxys|56/100|[from] drain|[of] p2a: Clefable
|move|p2a: Clefable|Moonblast|p1a: Deoxys
|-damage|p1a: Deoxys|33/100
|-unboost|p1a: Deoxys|spa|1
|
|-heal|p2a: Clefable|99/100|[from] item: Leftovers
|upkeep
|turn|47
|
|t:|1779682762
|move|p1a: Deoxys|Recover|p1a: Deoxys
|-heal|p1a: Deoxys|83/100
|move|p2a: Clefable|Moonblast|p1a: Deoxys
|-damage|p1a: Deoxys|59/100
|
|-heal|p2a: Clefable|100/100|[from] item: Leftovers
|upkeep
|turn|48
|inactive|guiwqzz has 120 seconds left.
|
|t:|1779682804
|-terastallize|p2a: Clefable|Fire
|move|p1a: Deoxys|Recover|p1a: Deoxys
|-heal|p1a: Deoxys|100/100
|move|p2a: Clefable|Flamethrower|p1a: Deoxys
|-damage|p1a: Deoxys|79/100
|
|upkeep
|turn|49
|
|t:|1779682816
|move|p1a: Deoxys|Stored Power|p2a: Clefable
|-crit|p2a: Clefable
|-damage|p2a: Clefable|14/100
|move|p2a: Clefable|Flamethrower|p1a: Deoxys
|-damage|p1a: Deoxys|58/100
|
|-heal|p2a: Clefable|20/100|[from] item: Leftovers
|upkeep
|turn|50
|inactive|guiwqzz has 120 seconds left.
|
|t:|1779682829
|move|p1a: Deoxys|Stored Power|p2a: Clefable
|-damage|p2a: Clefable|16/100
|move|p2a: Clefable|Moonlight|p2a: Clefable
|-heal|p2a: Clefable|66/100
|
|-heal|p2a: Clefable|72/100|[from] item: Leftovers
|upkeep
|turn|51
|inactive|guiwqzz has 120 seconds left.
|
|t:|1779682841
|move|p1a: Deoxys|Stored Power|p2a: Clefable
|-damage|p2a: Clefable|68/100
|move|p2a: Clefable|Moonlight|p2a: Clefable
|-heal|p2a: Clefable|100/100
|
|upkeep
|turn|52
|
|t:|1779682850
|move|p1a: Deoxys|Drain Punch|p2a: Clefable
|-damage|p2a: Clefable|89/100
|-heal|p1a: Deoxys|66/100|[from] drain|[of] p2a: Clefable
|move|p2a: Clefable|Moonlight|p2a: Clefable
|-heal|p2a: Clefable|100/100
|
|upkeep
|turn|53
|
|t:|1779682861
|move|p1a: Deoxys|Drain Punch|p2a: Clefable
|-damage|p2a: Clefable|90/100
|-heal|p1a: Deoxys|74/100|[from] drain|[of] p2a: Clefable
|move|p2a: Clefable|Flamethrower|p1a: Deoxys
|-damage|p1a: Deoxys|53/100
|
|-heal|p2a: Clefable|96/100|[from] item: Leftovers
|upkeep
|turn|54
|
|t:|1779682872
|move|p1a: Deoxys|Drain Punch|p2a: Clefable
|-damage|p2a: Clefable|85/100
|-heal|p1a: Deoxys|60/100|[from] drain|[of] p2a: Clefable
|move|p2a: Clefable|Flamethrower|p1a: Deoxys
|-damage|p1a: Deoxys|37/100
|
|-heal|p2a: Clefable|91/100|[from] item: Leftovers
|upkeep
|turn|55
|
|t:|1779682883
|move|p1a: Deoxys|Recover|p1a: Deoxys
|-heal|p1a: Deoxys|87/100
|move|p2a: Clefable|Flamethrower|p1a: Deoxys
|-damage|p1a: Deoxys|65/100
|
|-heal|p2a: Clefable|97/100|[from] item: Leftovers
|upkeep
|turn|56
|
|t:|1779682901
|move|p1a: Deoxys|Drain Punch|p2a: Clefable
|-damage|p2a: Clefable|87/100
|-heal|p1a: Deoxys|73/100|[from] drain|[of] p2a: Clefable
|move|p2a: Clefable|Flamethrower|p1a: Deoxys
|-damage|p1a: Deoxys|52/100
|
|-heal|p2a: Clefable|93/100|[from] item: Leftovers
|upkeep
|turn|57
|
|t:|1779682913
|move|p1a: Deoxys|Drain Punch|p2a: Clefable
|-damage|p2a: Clefable|81/100
|-heal|p1a: Deoxys|60/100|[from] drain|[of] p2a: Clefable
|move|p2a: Clefable|Calm Mind|p2a: Clefable
|-boost|p2a: Clefable|spa|0
|-boost|p2a: Clefable|spd|0
|
|-heal|p2a: Clefable|87/100|[from] item: Leftovers
|upkeep
|turn|58
|
|t:|1779682938
|move|p1a: Deoxys|Drain Punch|p2a: Clefable
|-damage|p2a: Clefable|76/100
|-heal|p1a: Deoxys|67/100|[from] drain|[of] p2a: Clefable
|move|p2a: Clefable|Flamethrower|p1a: Deoxys
|-damage|p1a: Deoxys|46/100
|
|-heal|p2a: Clefable|82/100|[from] item: Leftovers
|upkeep
|turn|59
|
|t:|1779682954
|move|p1a: Deoxys|Drain Punch|p2a: Clefable
|-damage|p2a: Clefable|71/100
|-heal|p1a: Deoxys|54/100|[from] drain|[of] p2a: Clefable
|move|p2a: Clefable|Flamethrower|p1a: Deoxys
|-damage|p1a: Deoxys|31/100
|-status|p1a: Deoxys|brn
|
|-heal|p2a: Clefable|77/100|[from] item: Leftovers
|-damage|p1a: Deoxys|25/100 brn|[from] brn
|upkeep
|turn|60
|
|t:|1779682968
|move|p1a: Deoxys|Recover|p1a: Deoxys
|-heal|p1a: Deoxys|75/100 brn
|move|p2a: Clefable|Calm Mind|p2a: Clefable
|-boost|p2a: Clefable|spa|0
|-boost|p2a: Clefable|spd|0
|
|-heal|p2a: Clefable|83/100|[from] item: Leftovers
|-damage|p1a: Deoxys|69/100 brn|[from] brn
|upkeep
|turn|61
|
|t:|1779682980
|move|p1a: Deoxys|Stored Power|p2a: Clefable
|-damage|p2a: Clefable|79/100
|move|p2a: Clefable|Calm Mind|p2a: Clefable
|-boost|p2a: Clefable|spa|0
|-boost|p2a: Clefable|spd|0
|
|-heal|p2a: Clefable|85/100|[from] item: Leftovers
|-damage|p1a: Deoxys|63/100 brn|[from] brn
|upkeep
|turn|62
|
|t:|1779682994
|move|p1a: Deoxys|Cosmic Power|p1a: Deoxys
|-boost|p1a: Deoxys|def|0
|-boost|p1a: Deoxys|spd|0
|move|p2a: Clefable|Calm Mind|p2a: Clefable
|-boost|p2a: Clefable|spa|0
|-boost|p2a: Clefable|spd|0
|
|-heal|p2a: Clefable|91/100|[from] item: Leftovers
|-damage|p1a: Deoxys|57/100 brn|[from] brn
|upkeep
|turn|63
|
|t:|1779683005
|move|p1a: Deoxys|Drain Punch|p2a: Clefable
|-damage|p2a: Clefable|86/100
|-heal|p1a: Deoxys|61/100 brn|[from] drain|[of] p2a: Clefable
|move|p2a: Clefable|Calm Mind|p2a: Clefable
|-boost|p2a: Clefable|spa|0
|-boost|p2a: Clefable|spd|0
|
|-heal|p2a: Clefable|92/100|[from] item: Leftovers
|-damage|p1a: Deoxys|55/100 brn|[from] brn
|upkeep
|turn|64
|inactive|guiwqzz has 120 seconds left.
|
|t:|1779683047
|move|p1a: Deoxys|Drain Punch|p2a: Clefable
|-damage|p2a: Clefable|86/100
|-heal|p1a: Deoxys|59/100 brn|[from] drain|[of] p2a: Clefable
|move|p2a: Clefable|Flamethrower|p1a: Deoxys
|-damage|p1a: Deoxys|38/100 brn
|
|-heal|p2a: Clefable|92/100|[from] item: Leftovers
|-damage|p1a: Deoxys|32/100 brn|[from] brn
|upkeep
|turn|65
|c|☆rickyflames1|Whats the set an that
|inactive|rickyflames1 has 120 seconds left.
|
|t:|1779683077
|move|p1a: Deoxys|Recover|p1a: Deoxys
|-heal|p1a: Deoxys|82/100 brn
|move|p2a: Clefable|Calm Mind|p2a: Clefable
|-boost|p2a: Clefable|spa|0
|-boost|p2a: Clefable|spd|0
|
|-heal|p2a: Clefable|98/100|[from] item: Leftovers
|-damage|p1a: Deoxys|76/100 brn|[from] brn
|upkeep
|turn|66
|inactive|rickyflames1 has 120 seconds left.
|c|☆guiwqzz|gg easy game
|c|☆guiwqzz|bro
|
|t:|1779683104
|move|p1a: Deoxys|Drain Punch|p2a: Clefable
|-damage|p2a: Clefable|93/100
|-heal|p1a: Deoxys|80/100 brn|[from] drain|[of] p2a: Clefable
|move|p2a: Clefable|Flamethrower|p1a: Deoxys
|-damage|p1a: Deoxys|60/100 brn
|
|-heal|p2a: Clefable|99/100|[from] item: Leftovers
|-damage|p1a: Deoxys|54/100 brn|[from] brn
|upkeep
|turn|67
|inactive|guiwqzz has 120 seconds left.
|l|☆guiwqzz
|inactive|guiwqzz disconnected and has a minute to reconnect!
|player|p2|
|j|☆guiwqzz
|inactive|guiwqzz reconnected and has 110 seconds left.
|player|p2|guiwqzz|scientist-gen4|
|inactive|guiwqzz has 90 seconds left.
|
|t:|1779683166
|move|p1a: Deoxys|Drain Punch|p2a: Clefable
|-damage|p2a: Clefable|93/100
|-heal|p1a: Deoxys|58/100 brn|[from] drain|[of] p2a: Clefable
|move|p2a: Clefable|Flamethrower|p1a: Deoxys
|-damage|p1a: Deoxys|36/100 brn
|
|-heal|p2a: Clefable|99/100|[from] item: Leftovers
|-damage|p1a: Deoxys|30/100 brn|[from] brn
|upkeep
|turn|68
|inactive|rickyflames1 has 90 seconds left.
|-message|rickyflames1 forfeited.
|
|win|guiwqzz
|raw|rickyflames1's rating: 1273 &rarr; <strong>1252</strong><br />(-21 for losing)
|raw|guiwqzz's rating: 1322 &rarr; <strong>1339</strong><br />(+17 for winning)
|l|☆rickyflames1
|player|p1|
|l|☆guiwqzz
|player|p2|
