|j|☆temporarylight
|j|☆Surged Up diva
|t:|1779663324
|gametype|singles
|player|p1|temporarylight|266|1723
|player|p2|Surged Up diva|2|1563
|gen|9
|tier|[Gen 9] OU
|rated|
|rule|HP Percentage Mod: HP is shown in percentages
|rule|Endless Battle Clause: Forcing endless battles is banned
|rule|Species Clause: Limit one of each Pokémon
|rule|OHKO Clause: OHKO moves are banned
|rule|Evasion Items Clause: Evasion items are banned
|rule|Evasion Moves Clause: Evasion moves are banned
|rule|Evasion Abilities Clause: Evasion abilities are banned
|rule|Sleep Moves Clause: Sleep-inducing moves are banned
|clearpoke
|poke|p1|Bellibolt, F|
|poke|p1|Slowking-Galar, F|
|poke|p1|Great Tusk|
|poke|p1|Kyurem|
|poke|p1|Mandibuzz, F|
|poke|p1|Cinderace, F|
|poke|p2|Gliscor, F|
|poke|p2|Gholdengo|
|poke|p2|Ting-Lu|
|poke|p2|Darkrai|
|poke|p2|Cinderace, F|
|poke|p2|Enamorus-Therian, F|
|teampreview
|
|t:|1779663344
|teamsize|p1|6
|teamsize|p2|6
|start
|switch|p1a: Cinderace|Cinderace, F|100/100
|switch|p2a: Darkrai|Darkrai|100/100
|turn|1
|
|t:|1779663359
|move|p2a: Darkrai|Knock Off|p1a: Cinderace
|-damage|p1a: Cinderace|69/100
|-enditem|p1a: Cinderace|Heavy-Duty Boots|[from] move: Knock Off|[of] p2a: Darkrai
|move|p1a: Cinderace|U-turn|p2a: Darkrai
|-supereffective|p2a: Darkrai
|-damage|p2a: Darkrai|54/100
|
|t:|1779663363
|switch|p1a: Bellibolt|Bellibolt, F|100/100|[from] U-turn
|
|upkeep
|turn|2
|
|t:|1779663372
|switch|p2a: Gliscor|Gliscor, F|100/100
|move|p1a: Bellibolt|Toxic|p2a: Gliscor
|-status|p2a: Gliscor|tox
|
|upkeep
|turn|3
|
|t:|1779663378
|move|p2a: Gliscor|Knock Off|p1a: Bellibolt
|-damage|p1a: Bellibolt|83/100
|-start|p1a: Bellibolt|Charge|Knock Off|[from] ability: Electromorphosis
|-enditem|p1a: Bellibolt|Heavy-Duty Boots|[from] move: Knock Off|[of] p2a: Gliscor
|move|p1a: Bellibolt|Soak|p2a: Gliscor
|-start|p2a: Gliscor|typechange|Water
|
|upkeep
|turn|4
|
|t:|1779663392
|switch|p2a: Gholdengo|Gholdengo|100/100
|-item|p2a: Gholdengo|Air Balloon
|move|p1a: Bellibolt|Discharge|p2a: Gholdengo
|-damage|p2a: Gholdengo|49/100
|-enditem|p2a: Gholdengo|Air Balloon
|-end|p1a: Bellibolt|Charge|[silent]
|
|upkeep
|turn|5
|
|t:|1779663401
|move|p2a: Gholdengo|Recover|p2a: Gholdengo
|-heal|p2a: Gholdengo|99/100
|move|p1a: Bellibolt|Slack Off|p1a: Bellibolt
|-heal|p1a: Bellibolt|100/100
|
|upkeep
|turn|6
|
|t:|1779663412
|switch|p2a: Ting-Lu|Ting-Lu|100/100
|-ability|p2a: Ting-Lu|Vessel of Ruin
|move|p1a: Bellibolt|Discharge|p2a: Ting-Lu
|-immune|p2a: Ting-Lu
|
|upkeep
|turn|7
|
|t:|1779663420
|move|p2a: Ting-Lu|Stealth Rock|p1a: Bellibolt
|-sidestart|p1: temporarylight|move: Stealth Rock
|move|p1a: Bellibolt|Toxic|p2a: Ting-Lu
|-status|p2a: Ting-Lu|tox
|
|-damage|p2a: Ting-Lu|94/100 tox|[from] psn
|upkeep
|turn|8
|
|t:|1779663431
|switch|p1a: Great Tusk|Great Tusk|100/100
|-damage|p1a: Great Tusk|98/100|[from] Stealth Rock
|move|p2a: Ting-Lu|Ruination|p1a: Great Tusk
|-damage|p1a: Great Tusk|49/100
|
|-heal|p2a: Ting-Lu|100/100 tox|[from] item: Leftovers
|-damage|p2a: Ting-Lu|88/100 tox|[from] psn
|upkeep
|turn|9
|
|t:|1779663444
|switch|p2a: Gholdengo|Gholdengo|99/100
|move|p1a: Great Tusk|Rapid Spin|p2a: Gholdengo
|-immune|p2a: Gholdengo
|
|upkeep
|turn|10
|
|t:|1779663449
|switch|p2a: Gliscor|Gliscor, F|100/100 tox
|move|p1a: Great Tusk|Headlong Rush|p2a: Gliscor
|-immune|p2a: Gliscor
|
|upkeep
|turn|11
|
|t:|1779663456
|move|p1a: Great Tusk|Rapid Spin|p2a: Gliscor
|-damage|p2a: Gliscor|87/100 tox
|-boost|p1a: Great Tusk|spe|1
|-sideend|p1: temporarylight|Stealth Rock|[from] move: Rapid Spin|[of] p1a: Great Tusk
|move|p2a: Gliscor|Swords Dance|p2a: Gliscor
|-boost|p2a: Gliscor|atk|2
|
|-heal|p2a: Gliscor|99/100 tox|[from] ability: Poison Heal
|upkeep
|turn|12
|
|t:|1779663468
|move|p1a: Great Tusk|Ice Spinner|p2a: Gliscor
|-supereffective|p2a: Gliscor
|-damage|p2a: Gliscor|15/100 tox
|move|p2a: Gliscor|Facade|p1a: Great Tusk
|-crit|p1a: Great Tusk
|-damage|p1a: Great Tusk|0 fnt
|-damage|p2a: Gliscor|0 fnt|[from] item: Rocky Helmet|[of] p1a: Great Tusk
|faint|p1a: Great Tusk
|-end|p1a: Great Tusk|Protosynthesis|[silent]
|faint|p2a: Gliscor
|
|upkeep
|
|t:|1779663485
|switch|p1a: Kyurem|Kyurem|100/100
|switch|p2a: Darkrai|Darkrai|54/100
|-ability|p1a: Kyurem|Pressure
|turn|13
|
|t:|1779663494
|switch|p2a: Gholdengo|Gholdengo|99/100
|move|p1a: Kyurem|Freeze-Dry|p2a: Gholdengo
|-resisted|p2a: Gholdengo
|-damage|p2a: Gholdengo|72/100
|
|upkeep
|turn|14
|
|t:|1779663501
|switch|p1a: Bellibolt|Bellibolt, F|100/100
|move|p2a: Gholdengo|Thunder Wave|p1a: Bellibolt
|-immune|p1a: Bellibolt
|
|upkeep
|turn|15
|
|t:|1779663507
|switch|p2a: Ting-Lu|Ting-Lu|88/100 tox
|-ability|p2a: Ting-Lu|Vessel of Ruin
|move|p1a: Bellibolt|Soak|p2a: Ting-Lu
|-start|p2a: Ting-Lu|typechange|Water
|
|-heal|p2a: Ting-Lu|94/100 tox|[from] item: Leftovers
|-damage|p2a: Ting-Lu|88/100 tox|[from] psn
|upkeep
|turn|16
|
|t:|1779663515
|move|p1a: Bellibolt|Discharge|p2a: Ting-Lu
|-supereffective|p2a: Ting-Lu
|-damage|p2a: Ting-Lu|62/100 tox
|move|p2a: Ting-Lu|Earthquake|p1a: Bellibolt
|-supereffective|p1a: Bellibolt
|-damage|p1a: Bellibolt|55/100
|-start|p1a: Bellibolt|Charge|Earthquake|[from] ability: Electromorphosis
|
|-heal|p2a: Ting-Lu|68/100 tox|[from] item: Leftovers
|-damage|p2a: Ting-Lu|56/100 tox|[from] psn
|upkeep
|turn|17
|
|t:|1779663527
|move|p2a: Ting-Lu|Stealth Rock|p1a: Bellibolt
|-sidestart|p1: temporarylight|move: Stealth Rock
|move|p1a: Bellibolt|Discharge|p2a: Ting-Lu
|-supereffective|p2a: Ting-Lu
|-damage|p2a: Ting-Lu|6/100 tox
|-end|p1a: Bellibolt|Charge|[silent]
|
|-heal|p2a: Ting-Lu|12/100 tox|[from] item: Leftovers
|-damage|p2a: Ting-Lu|0 fnt|[from] psn
|faint|p2a: Ting-Lu
|upkeep
|
|t:|1779663534
|switch|p2a: Enamorus|Enamorus-Therian, F|100/100
|turn|18
|
|t:|1779663545
|switch|p1a: Slowking|Slowking-Galar, F|100/100
|-damage|p1a: Slowking|88/100|[from] Stealth Rock
|move|p2a: Enamorus|Earth Power|p1a: Slowking
|-supereffective|p1a: Slowking
|-damage|p1a: Slowking|45/100
|
|upkeep
|turn|19
|
|t:|1779663554
|-terastallize|p2a: Enamorus|Ground
|move|p2a: Enamorus|Earth Power|p1a: Slowking
|-supereffective|p1a: Slowking
|-damage|p1a: Slowking|0 fnt
|faint|p1a: Slowking
|
|upkeep
|
|t:|1779663558
|switch|p1a: Kyurem|Kyurem|100/100
|-damage|p1a: Kyurem|76/100|[from] Stealth Rock
|-ability|p1a: Kyurem|Pressure
|turn|20
|
|t:|1779663582
|switch|p2a: Gholdengo|Gholdengo|72/100
|move|p1a: Kyurem|Draco Meteor|p2a: Gholdengo
|-resisted|p2a: Gholdengo
|-damage|p2a: Gholdengo|25/100
|-unboost|p1a: Kyurem|spa|2
|
|upkeep
|turn|21
|
|t:|1779663592
|switch|p1a: Cinderace|Cinderace, F|69/100
|-damage|p1a: Cinderace|44/100|[from] Stealth Rock
|switch|p2a: Enamorus|Enamorus-Therian, F, tera:Ground|100/100
|
|upkeep
|turn|22
|
|t:|1779663599
|move|p1a: Cinderace|Court Change|p1a: Cinderace
|-swapsideconditions
|-activate|p1a: Cinderace|move: Court Change
|move|p2a: Enamorus|Earth Power|p1a: Cinderace
|-supereffective|p1a: Cinderace
|-damage|p1a: Cinderace|0 fnt
|faint|p1a: Cinderace
|
|upkeep
|
|t:|1779663603
|switch|p1a: Kyurem|Kyurem|76/100
|-ability|p1a: Kyurem|Pressure
|turn|23
|
|t:|1779663613
|switch|p2a: Gholdengo|Gholdengo|25/100
|-damage|p2a: Gholdengo|19/100|[from] Stealth Rock
|move|p1a: Kyurem|Freeze-Dry|p2a: Gholdengo
|-resisted|p2a: Gholdengo
|-damage|p2a: Gholdengo|0 fnt
|faint|p2a: Gholdengo
|
|upkeep
|
|t:|1779663625
|switch|p2a: Cinderace|Cinderace, F|100/100
|turn|24
|
|t:|1779663634
|switch|p1a: Mandibuzz|Mandibuzz, F|100/100
|move|p2a: Cinderace|Pyro Ball|p1a: Mandibuzz
|-damage|p1a: Mandibuzz|71/100
|
|upkeep
|turn|25
|
|t:|1779663643
|move|p2a: Cinderace|Court Change|p2a: Cinderace
|-swapsideconditions
|-activate|p2a: Cinderace|move: Court Change
|move|p1a: Mandibuzz|Toxic|p2a: Cinderace
|-status|p2a: Cinderace|tox
|
|-damage|p2a: Cinderace|94/100 tox|[from] psn
|upkeep
|turn|26
|
|t:|1779663649
|move|p2a: Cinderace|Will-O-Wisp|p1a: Mandibuzz|[miss]
|-miss|p2a: Cinderace|p1a: Mandibuzz
|move|p1a: Mandibuzz|U-turn|p2a: Cinderace
|-resisted|p2a: Cinderace
|-damage|p2a: Cinderace|89/100 tox
|
|t:|1779663653
|switch|p1a: Bellibolt|Bellibolt, F|55/100|[from] U-turn
|-damage|p1a: Bellibolt|43/100|[from] Stealth Rock
|
|-damage|p2a: Cinderace|76/100 tox|[from] psn
|upkeep
|turn|27
|
|t:|1779663660
|move|p2a: Cinderace|U-turn|p1a: Bellibolt
|-damage|p1a: Bellibolt|27/100
|-start|p1a: Bellibolt|Charge|U-turn|[from] ability: Electromorphosis
|
|t:|1779663663
|switch|p2a: Enamorus|Enamorus-Therian, F, tera:Ground|100/100|[from] U-turn
|move|p1a: Bellibolt|Slack Off|p1a: Bellibolt
|-heal|p1a: Bellibolt|77/100
|
|upkeep
|turn|28
|
|t:|1779663672
|-terastallize|p1a: Bellibolt|Fairy
|move|p2a: Enamorus|Earth Power|p1a: Bellibolt
|-damage|p1a: Bellibolt|41/100
|-start|p1a: Bellibolt|Charge|Earth Power|[from] ability: Electromorphosis
|move|p1a: Bellibolt|Slack Off|p1a: Bellibolt
|-heal|p1a: Bellibolt|91/100
|
|upkeep
|turn|29
|
|t:|1779663696
|move|p2a: Enamorus|Calm Mind|p2a: Enamorus
|-boost|p2a: Enamorus|spa|1
|-boost|p2a: Enamorus|spd|1
|move|p1a: Bellibolt|Discharge|p2a: Enamorus
|-immune|p2a: Enamorus
|-end|p1a: Bellibolt|Charge|[silent]
|
|upkeep
|turn|30
|
|t:|1779663706
|move|p2a: Enamorus|Calm Mind|p2a: Enamorus
|-boost|p2a: Enamorus|spa|1
|-boost|p2a: Enamorus|spd|1
|move|p1a: Bellibolt|Toxic|p2a: Enamorus
|-status|p2a: Enamorus|tox
|
|-damage|p2a: Enamorus|95/100 tox|[from] psn
|upkeep
|turn|31
|
|t:|1779663714
|switch|p1a: Mandibuzz|Mandibuzz, F|71/100
|move|p2a: Enamorus|Moonblast|p1a: Mandibuzz
|-supereffective|p1a: Mandibuzz
|-damage|p1a: Mandibuzz|0 fnt
|faint|p1a: Mandibuzz
|
|-heal|p2a: Enamorus|100/100 tox|[from] item: Leftovers
|-damage|p2a: Enamorus|89/100 tox|[from] psn
|upkeep
|
|t:|1779663718
|switch|p1a: Kyurem|Kyurem|76/100
|-damage|p1a: Kyurem|51/100|[from] Stealth Rock
|-ability|p1a: Kyurem|Pressure
|turn|32
|
|t:|1779663723
|move|p1a: Kyurem|Blizzard|p2a: Enamorus|[miss]
|-miss|p1a: Kyurem|p2a: Enamorus
|move|p2a: Enamorus|Moonblast|p1a: Kyurem
|-supereffective|p1a: Kyurem
|-damage|p1a: Kyurem|0 fnt
|faint|p1a: Kyurem
|
|-heal|p2a: Enamorus|95/100 tox|[from] item: Leftovers
|-damage|p2a: Enamorus|77/100 tox|[from] psn
|upkeep
|
|t:|1779663725
|switch|p1a: Bellibolt|Bellibolt, F, tera:Fairy|91/100
|-damage|p1a: Bellibolt|78/100|[from] Stealth Rock
|turn|33
|
|t:|1779663732
|move|p2a: Enamorus|Moonblast|p1a: Bellibolt
|-damage|p1a: Bellibolt|4/100
|-start|p1a: Bellibolt|Charge|Moonblast|[from] ability: Electromorphosis
|move|p1a: Bellibolt|Slack Off|p1a: Bellibolt
|-heal|p1a: Bellibolt|54/100
|
|-heal|p2a: Enamorus|83/100 tox|[from] item: Leftovers
|-damage|p2a: Enamorus|59/100 tox|[from] psn
|upkeep
|turn|34
|-message|temporarylight forfeited.
|
|win|Surged Up diva
|raw|temporarylight's rating: 1723 &rarr; <strong>1694</strong><br />(-29 for losing)
|raw|Surged Up diva's rating: 1563 &rarr; <strong>1592</strong><br />(+29 for winning)
|l|☆temporarylight
|player|p1|
|l|☆Surged Up diva
|player|p2|
