|j|☆immaterial-light
|j|☆abhii.g
|t:|1779668617
|gametype|singles
|player|p1|immaterial-light|101|1481
|player|p2|abhii.g|benga|1499
|gen|9
|tier|[Gen 9] OU
|rated|
|rule|HP Percentage Mod: HP is shown in percentages
|rule|Endless Battle Clause: Forcing endless battles is banned
|rule|Species Clause: Limit one of each Pokémon
|rule|OHKO Clause: OHKO moves are banned
|rule|Evasion Items Clause: Evasion items are banned
|rule|Evasion Moves Clause: Evasion moves are banned
|rule|Evasion Abilities Clause: Evasion abilities are banned
|rule|Sleep Moves Clause: Sleep-inducing moves are banned
|clearpoke
|poke|p1|Cresselia, F|
|poke|p1|Hatterene, F|
|poke|p1|Iron Hands|
|poke|p1|Ursaluna, F|
|poke|p1|Torkoal, F|
|poke|p1|Porygon2|
|poke|p2|Raging Bolt|
|poke|p2|Alomomola, M|
|poke|p2|Hatterene, F|
|poke|p2|Lokix, M|
|poke|p2|Great Tusk|
|poke|p2|Heatran, M|
|teampreview
|inactive|Battle timer is ON: inactive players will automatically lose when time's up. (requested by immaterial-light)
|
|t:|1779668627
|teamsize|p1|6
|teamsize|p2|6
|start
|switch|p1a: Porygon2|Porygon2|100/100
|switch|p2a: U dropping neck?|Raging Bolt|100/100
|-ability|p1a: Porygon2|Download|boost
|-boost|p1a: Porygon2|spa|1
|turn|1
|
|t:|1779668632
|move|p2a: U dropping neck?|Volt Switch|p1a: Porygon2
|-damage|p1a: Porygon2|74/100
|
|t:|1779668635
|-end|p2a: U dropping neck?|Protosynthesis|[silent]
|switch|p2a: Gyatterene|Hatterene, F, shiny|100/100|[from] Volt Switch
|move|p1a: Porygon2|Trick Room|p1a: Porygon2
|-fieldstart|move: Trick Room|[of] p1a: Porygon2
|
|upkeep
|turn|2
|
|t:|1779668646
|move|p2a: Gyatterene|Future Sight|p1a: Porygon2
|-start|p2a: Gyatterene|move: Future Sight
|move|p1a: Porygon2|Hyper Beam|p2a: Gyatterene
|-damage|p2a: Gyatterene|40/100
|-mustrecharge|p1a: Porygon2
|
|upkeep
|turn|3
|
|t:|1779668650
|move|p2a: Gyatterene|Draining Kiss|p1a: Porygon2
|-crit|p1a: Porygon2
|-damage|p1a: Porygon2|50/100
|-heal|p2a: Gyatterene|61/100|[from] drain|[of] p1a: Porygon2
|cant|p1a: Porygon2|recharge
|
|upkeep
|turn|4
|
|t:|1779668660
|switch|p1a: Cresselia|Cresselia, F|100/100
|move|p2a: Gyatterene|Psychic Noise|p1a: Cresselia
|-resisted|p1a: Cresselia
|-damage|p1a: Cresselia|90/100
|-start|p1a: Cresselia|move: Heal Block
|-enditem|p1a: Cresselia|Mental Herb
|-end|p1a: Cresselia|move: Heal Block
|
|-end|p1a: Cresselia|move: Future Sight
|-resisted|p1a: Cresselia
|-damage|p1a: Cresselia|73/100
|upkeep
|turn|5
|
|t:|1779668665
|move|p2a: Gyatterene|Draining Kiss|p1a: Cresselia
|-damage|p1a: Cresselia|59/100
|-heal|p2a: Gyatterene|77/100|[from] drain|[of] p1a: Cresselia
|move|p1a: Cresselia|Moonlight|p1a: Cresselia
|-heal|p1a: Cresselia|100/100
|
|-fieldend|move: Trick Room
|upkeep
|turn|6
|
|t:|1779668671
|move|p2a: Gyatterene|Future Sight|p1a: Cresselia
|-start|p2a: Gyatterene|move: Future Sight
|move|p1a: Cresselia|Trick Room|p1a: Cresselia
|-fieldstart|move: Trick Room|[of] p1a: Cresselia
|
|upkeep
|turn|7
|
|t:|1779668683
|switch|p1a: Ursaluna|Ursaluna, F|100/100
|move|p2a: Gyatterene|Draining Kiss|p1a: Ursaluna
|-damage|p1a: Ursaluna|80/100
|-heal|p2a: Gyatterene|99/100|[from] drain|[of] p1a: Ursaluna
|
|-status|p1a: Ursaluna|brn|[from] item: Flame Orb
|upkeep
|turn|8
|
|t:|1779668691
|switch|p1a: Cresselia|Cresselia, F|100/100
|switch|p2a: Manfred|Great Tusk|100/100
|
|-end|p1a: Cresselia|move: Future Sight
|-resisted|p1a: Cresselia
|-damage|p1a: Cresselia|83/100
|upkeep
|turn|9
|
|t:|1779668699
|switch|p1a: Hatterene|Hatterene, F|100/100
|-end|p2a: Manfred|Protosynthesis|[silent]
|switch|p2a: Heatran|Heatran, M|100/100
|
|upkeep
|turn|10
|
|t:|1779668707
|switch|p1a: Cresselia|Cresselia, F|83/100
|move|p2a: Heatran|Magma Storm|p1a: Cresselia
|-damage|p1a: Cresselia|55/100
|-activate|p1a: Cresselia|move: Magma Storm|[of] p2a: Heatran
|
|-damage|p1a: Cresselia|42/100|[from] move: Magma Storm|[partiallytrapped]
|-fieldend|move: Trick Room
|upkeep
|turn|11
|
|t:|1779668713
|move|p2a: Heatran|Taunt|p1a: Cresselia
|-start|p1a: Cresselia|move: Taunt
|cant|p1a: Cresselia|move: Taunt|Trick Room
|
|-damage|p1a: Cresselia|30/100|[from] move: Magma Storm|[partiallytrapped]
|upkeep
|turn|12
|
|t:|1779668717
|move|p2a: Heatran|Stealth Rock|p1a: Cresselia
|-sidestart|p1: immaterial-light|move: Stealth Rock
|move|p1a: Cresselia|Ice Beam|p2a: Heatran
|-resisted|p2a: Heatran
|-damage|p2a: Heatran|97/100
|
|-heal|p2a: Heatran|100/100|[from] item: Leftovers
|-damage|p1a: Cresselia|18/100|[from] move: Magma Storm|[partiallytrapped]
|upkeep
|turn|13
|-message|immaterial-light forfeited.
|
|win|abhii.g
|raw|immaterial-light's rating: 1481 &rarr; <strong>1462</strong><br />(-19 for losing)
|raw|abhii.g's rating: 1499 &rarr; <strong>1518</strong><br />(+19 for winning)
|l|☆immaterial-light
|player|p1|
